|j|☆KurisuChestnutLab
|j|☆kadu99
|t:|1781159220
|gametype|singles
|player|p1|KurisuChestnutLab|may-contest|1583
|player|p2|kadu99|policeman-gen4|1630
|gen|9
|tier|[Gen 9] OU
|rated|
|rule|HP Percentage Mod: HP is shown in percentages
|rule|Endless Battle Clause: Forcing endless battles is banned
|rule|Species Clause: Limit one of each Pokémon
|rule|OHKO Clause: OHKO moves are banned
|rule|Evasion Items Clause: Evasion items are banned
|rule|Evasion Moves Clause: Evasion moves are banned
|rule|Evasion Abilities Clause: Evasion abilities are banned
|rule|Sleep Moves Clause: Sleep-inducing moves are banned
|clearpoke
|poke|p1|Primarina, F|
|poke|p1|Hippowdon, F|
|poke|p1|Skarmory, F|
|poke|p1|Zapdos|
|poke|p1|Dragonite, M|
|poke|p1|Slowking, M|
|poke|p2|Iron Valiant|
|poke|p2|Ogerpon-Wellspring, F|
|poke|p2|Ting-Lu|
|poke|p2|Pecharunt|
|poke|p2|Cinderace, M|
|poke|p2|Dragonite, M|
|teampreview
|inactive|Battle timer is ON: inactive players will automatically lose when time's up. (requested by KurisuChestnutLab)
|
|t:|1781159244
|teamsize|p1|6
|teamsize|p2|6
|start
|switch|p1a: Hippowdon|Hippowdon, F|100/100
|switch|p2a: Ronaldinho|Cinderace, M|100/100
|-weather|Sandstorm|[from] ability: Sand Stream|[of] p1a: Hippowdon
|turn|1
|
|t:|1781159248
|move|p2a: Ronaldinho|U-turn|p1a: Hippowdon
|-start|p2a: Ronaldinho|typechange|Bug|[from] ability: Libero
|-damage|p1a: Hippowdon|83/100
|
|t:|1781159254
|switch|p2a: Ludicolo Fan|Ogerpon-Wellspring, F|100/100|[from] U-turn
|move|p1a: Hippowdon|Stealth Rock|p2a: Ludicolo Fan
|-sidestart|p2: kadu99|move: Stealth Rock
|
|-weather|Sandstorm|[upkeep]
|-damage|p2a: Ludicolo Fan|95/100|[from] Sandstorm
|-heal|p1a: Hippowdon|89/100|[from] item: Leftovers
|upkeep
|turn|2
|
|t:|1781159258
|switch|p1a: Skarmory|Skarmory, F|100/100
|move|p2a: Ludicolo Fan|Swords Dance|p2a: Ludicolo Fan
|-boost|p2a: Ludicolo Fan|atk|2
|
|-weather|Sandstorm|[upkeep]
|-damage|p2a: Ludicolo Fan|89/100|[from] Sandstorm
|upkeep
|turn|3
|
|t:|1781159270
|move|p2a: Ludicolo Fan|Ivy Cudgel|p1a: Skarmory|[anim] Ivy Cudgel Water
|-damage|p1a: Skarmory|37/100
|move|p1a: Skarmory|Body Press|p2a: Ludicolo Fan
|-damage|p2a: Ludicolo Fan|46/100
|
|-weather|Sandstorm|[upkeep]
|-damage|p2a: Ludicolo Fan|40/100|[from] Sandstorm
|-heal|p1a: Skarmory|43/100|[from] item: Leftovers
|upkeep
|turn|4
|
|t:|1781159275
|switch|p1a: Dragonite|Dragonite, M|100/100
|move|p2a: Ludicolo Fan|Ivy Cudgel|p1a: Dragonite|[anim] Ivy Cudgel Water
|-resisted|p1a: Dragonite
|-damage|p1a: Dragonite|67/100
|
|-weather|Sandstorm|[upkeep]
|-damage|p2a: Ludicolo Fan|34/100|[from] Sandstorm
|-damage|p1a: Dragonite|61/100|[from] Sandstorm
|upkeep
|turn|5
|
|t:|1781159280
|switch|p2a: Cherrypop|Pecharunt|100/100
|move|p1a: Dragonite|Extreme Speed|p2a: Cherrypop
|-immune|p2a: Cherrypop
|
|-weather|none
|upkeep
|turn|6
|
|t:|1781159284
|switch|p1a: Skarmory|Skarmory, F|43/100
|move|p2a: Cherrypop|Nasty Plot|p2a: Cherrypop
|-boost|p2a: Cherrypop|spa|2
|
|-heal|p1a: Skarmory|49/100|[from] item: Leftovers
|upkeep
|turn|7
|
|t:|1781159287
|move|p2a: Cherrypop|Shadow Ball|p1a: Skarmory
|-damage|p1a: Skarmory|0 fnt
|faint|p1a: Skarmory
|
|upkeep
|
|t:|1781159291
|switch|p1a: Primarina|Primarina, F|100/100
|turn|8
|
|t:|1781159303
|-terastallize|p1a: Primarina|Poison
|move|p2a: Cherrypop|Malignant Chain|p1a: Primarina
|-resisted|p1a: Primarina
|-damage|p1a: Primarina|77/100
|move|p1a: Primarina|Psychic|p2a: Cherrypop
|-supereffective|p2a: Cherrypop
|-damage|p2a: Cherrypop|22/100
|
|upkeep
|turn|9
|
|t:|1781159309
|switch|p2a: LooTing|Ting-Lu|100/100
|-damage|p2a: LooTing|94/100|[from] Stealth Rock
|-ability|p2a: LooTing|Vessel of Ruin
|move|p1a: Primarina|Moonblast|p2a: LooTing
|-supereffective|p2a: LooTing
|-damage|p2a: LooTing|51/100
|
|-heal|p2a: LooTing|57/100|[from] item: Leftovers
|upkeep
|turn|10
|
|t:|1781159314
|switch|p1a: Dragonite|Dragonite, M|61/100
|move|p2a: LooTing|Earthquake|p1a: Dragonite
|-immune|p1a: Dragonite
|
|-heal|p2a: LooTing|64/100|[from] item: Leftovers
|upkeep
|turn|11
|
|t:|1781159325
|move|p1a: Dragonite|Roost|p1a: Dragonite
|-heal|p1a: Dragonite|100/100
|-singleturn|p1a: Dragonite|move: Roost
|move|p2a: LooTing|Stealth Rock|p1a: Dragonite
|-sidestart|p1: KurisuChestnutLab|move: Stealth Rock
|
|-heal|p2a: LooTing|70/100|[from] item: Leftovers
|upkeep
|turn|12
|
|t:|1781159329
|move|p1a: Dragonite|Earthquake|p2a: LooTing
|-crit|p2a: LooTing
|-damage|p2a: LooTing|40/100
|move|p2a: LooTing|Ruination|p1a: Dragonite
|-damage|p1a: Dragonite|51/100
|
|-heal|p2a: LooTing|47/100|[from] item: Leftovers
|upkeep
|turn|13
|
|t:|1781159334
|move|p1a: Dragonite|Roost|p1a: Dragonite
|-heal|p1a: Dragonite|100/100
|-singleturn|p1a: Dragonite|move: Roost
|move|p2a: LooTing|Whirlwind|p1a: Dragonite
|drag|p1a: Hippowdon|Hippowdon, F|89/100
|-damage|p1a: Hippowdon|83/100|[from] Stealth Rock
|-weather|Sandstorm|[from] ability: Sand Stream|[of] p1a: Hippowdon
|
|-weather|Sandstorm|[upkeep]
|-heal|p1a: Hippowdon|89/100|[from] item: Leftovers
|-heal|p2a: LooTing|53/100|[from] item: Leftovers
|upkeep
|turn|14
|
|t:|1781159341
|move|p1a: Hippowdon|Earthquake|p2a: LooTing
|-damage|p2a: LooTing|31/100
|move|p2a: LooTing|Ruination|p1a: Hippowdon
|-damage|p1a: Hippowdon|45/100
|
|-weather|Sandstorm|[upkeep]
|-heal|p1a: Hippowdon|51/100|[from] item: Leftovers
|-heal|p2a: LooTing|37/100|[from] item: Leftovers
|upkeep
|turn|15
|
|t:|1781159347
|switch|p2a: Ludicolo Fan|Ogerpon-Wellspring, F|34/100
|-damage|p2a: Ludicolo Fan|21/100|[from] Stealth Rock
|move|p1a: Hippowdon|Slack Off|p1a: Hippowdon
|-heal|p1a: Hippowdon|100/100
|
|-weather|Sandstorm|[upkeep]
|-damage|p2a: Ludicolo Fan|15/100|[from] Sandstorm
|upkeep
|turn|16
|
|t:|1781159360
|switch|p1a: Dragonite|Dragonite, M|100/100
|move|p2a: Ludicolo Fan|Ivy Cudgel|p1a: Dragonite|[anim] Ivy Cudgel Water
|-resisted|p1a: Dragonite
|-damage|p1a: Dragonite|83/100
|
|-weather|Sandstorm|[upkeep]
|-damage|p2a: Ludicolo Fan|9/100|[from] Sandstorm
|-damage|p1a: Dragonite|77/100|[from] Sandstorm
|upkeep
|turn|17
|
|t:|1781159366
|switch|p2a: s26 ultra 5g 512gb|Dragonite, M|100/100
|move|p1a: Dragonite|Roost|p1a: Dragonite
|-heal|p1a: Dragonite|100/100
|-singleturn|p1a: Dragonite|move: Roost
|
|-weather|none
|upkeep
|turn|18
|
|t:|1781159370
|switch|p1a: Hippowdon|Hippowdon, F|100/100
|-damage|p1a: Hippowdon|94/100|[from] Stealth Rock
|-weather|Sandstorm|[from] ability: Sand Stream|[of] p1a: Hippowdon
|move|p2a: s26 ultra 5g 512gb|Dragon Tail|p1a: Hippowdon
|-damage|p1a: Hippowdon|78/100
|drag|p1a: Slowking|Slowking, M|100/100
|
|-weather|Sandstorm|[upkeep]
|-damage|p2a: s26 ultra 5g 512gb|94/100|[from] Sandstorm
|-damage|p1a: Slowking|94/100|[from] Sandstorm
|upkeep
|turn|19
|
|t:|1781159381
|switch|p2a: LooTing|Ting-Lu|37/100
|-damage|p2a: LooTing|31/100|[from] Stealth Rock
|-ability|p2a: LooTing|Vessel of Ruin
|move|p1a: Slowking|Future Sight|p2a: LooTing
|-start|p1a: Slowking|move: Future Sight
|
|-weather|Sandstorm|[upkeep]
|-damage|p1a: Slowking|88/100|[from] Sandstorm
|-heal|p2a: LooTing|37/100|[from] item: Leftovers
|upkeep
|turn|20
|
|t:|1781159387
|move|p2a: LooTing|Ruination|p1a: Slowking
|-damage|p1a: Slowking|44/100
|-prepare|p1a: Slowking|Chilly Reception|[premajor]
|move|p1a: Slowking|Chilly Reception|p1a: Slowking
|-weather|Snowscape
|
|t:|1781159391
|switch|p1a: Hippowdon|Hippowdon, F|78/100|[from] Chilly Reception
|-damage|p1a: Hippowdon|71/100|[from] Stealth Rock
|-weather|Sandstorm|[from] ability: Sand Stream|[of] p1a: Hippowdon
|
|-weather|Sandstorm|[upkeep]
|-heal|p1a: Hippowdon|78/100|[from] item: Leftovers
|-heal|p2a: LooTing|43/100|[from] item: Leftovers
|upkeep
|turn|21
|
|t:|1781159397
|move|p2a: LooTing|Ruination|p1a: Hippowdon
|-damage|p1a: Hippowdon|39/100
|move|p1a: Hippowdon|Whirlwind|p2a: LooTing
|drag|p2a: s26 ultra 5g 512gb|Dragonite, M|94/100
|
|-weather|Sandstorm|[upkeep]
|-damage|p2a: s26 ultra 5g 512gb|88/100|[from] Sandstorm
|-end|p2a: s26 ultra 5g 512gb|move: Future Sight
|-damage|p2a: s26 ultra 5g 512gb|50/100
|-heal|p1a: Hippowdon|45/100|[from] item: Leftovers
|upkeep
|turn|22
|
|t:|1781159403
|move|p2a: s26 ultra 5g 512gb|Roost|p2a: s26 ultra 5g 512gb
|-heal|p2a: s26 ultra 5g 512gb|100/100
|-singleturn|p2a: s26 ultra 5g 512gb|move: Roost
|move|p1a: Hippowdon|Slack Off|p1a: Hippowdon
|-heal|p1a: Hippowdon|95/100
|
|-weather|Sandstorm|[upkeep]
|-damage|p2a: s26 ultra 5g 512gb|94/100|[from] Sandstorm
|-heal|p1a: Hippowdon|100/100|[from] item: Leftovers
|upkeep
|turn|23
|
|t:|1781159408
|switch|p1a: Slowking|Slowking, M|78/100
|move|p2a: s26 ultra 5g 512gb|Earthquake|p1a: Slowking
|-damage|p1a: Slowking|40/100
|
|-weather|Sandstorm|[upkeep]
|-damage|p2a: s26 ultra 5g 512gb|88/100|[from] Sandstorm
|-damage|p1a: Slowking|33/100|[from] Sandstorm
|upkeep
|turn|24
|
|t:|1781159413
|switch|p1a: Zapdos|Zapdos|100/100
|move|p2a: s26 ultra 5g 512gb|Dragon Tail|p1a: Zapdos
|-damage|p1a: Zapdos|75/100
|drag|p1a: Slowking|Slowking, M|67/100
|
|-weather|none
|upkeep
|turn|25
|
|t:|1781159418
|switch|p2a: Ludicolo Fan|Ogerpon-Wellspring, F|9/100
|-damage|p2a: Ludicolo Fan|0 fnt|[from] Stealth Rock
|faint|p2a: Ludicolo Fan
|move|p1a: Slowking|Slack Off|p1a: Slowking
|-heal|p1a: Slowking|100/100
|
|upkeep
|
|t:|1781159435
|switch|p2a: Cherrypop|Pecharunt|22/100
|turn|26
|
|t:|1781159439
|move|p2a: Cherrypop|Recover|p2a: Cherrypop
|-heal|p2a: Cherrypop|72/100
|-prepare|p1a: Slowking|Chilly Reception|[premajor]
|move|p1a: Slowking|Chilly Reception|p1a: Slowking
|-weather|Snowscape
|
|t:|1781159441
|switch|p1a: Primarina|Primarina, F, tera:Poison|77/100|[from] Chilly Reception
|-damage|p1a: Primarina|65/100|[from] Stealth Rock
|
|-weather|Snowscape|[upkeep]
|upkeep
|turn|27
|
|t:|1781159451
|switch|p2a: LooTing|Ting-Lu|43/100
|-damage|p2a: LooTing|37/100|[from] Stealth Rock
|-ability|p2a: LooTing|Vessel of Ruin
|move|p1a: Primarina|Moonblast|p2a: LooTing
|-supereffective|p2a: LooTing
|-crit|p2a: LooTing
|-damage|p2a: LooTing|0 fnt
|faint|p2a: LooTing
|
|-weather|Snowscape|[upkeep]
|upkeep
|
|t:|1781159462
|switch|p2a: Ronaldinho|Cinderace, M|100/100
|turn|28
|
|t:|1781159467
|switch|p1a: Hippowdon|Hippowdon, F|100/100
|-damage|p1a: Hippowdon|94/100|[from] Stealth Rock
|-weather|Sandstorm|[from] ability: Sand Stream|[of] p1a: Hippowdon
|move|p2a: Ronaldinho|U-turn|p1a: Hippowdon
|-start|p2a: Ronaldinho|typechange|Bug|[from] ability: Libero
|-damage|p1a: Hippowdon|75/100
|
|t:|1781159472
|switch|p2a: Cherrypop|Pecharunt|72/100|[from] U-turn
|
|-weather|Sandstorm|[upkeep]
|-damage|p2a: Cherrypop|66/100|[from] Sandstorm
|-heal|p1a: Hippowdon|82/100|[from] item: Leftovers
|upkeep
|turn|29
|
|t:|1781159482
|-terastallize|p2a: Cherrypop|Ghost
|move|p2a: Cherrypop|Nasty Plot|p2a: Cherrypop
|-boost|p2a: Cherrypop|spa|2
|move|p1a: Hippowdon|Whirlwind|p2a: Cherrypop
|drag|p2a: SwordArtOnline|Iron Valiant|100/100
|-damage|p2a: SwordArtOnline|94/100|[from] Stealth Rock
|
|-weather|Sandstorm|[upkeep]
|-damage|p2a: SwordArtOnline|88/100|[from] Sandstorm
|-heal|p1a: Hippowdon|88/100|[from] item: Leftovers
|upkeep
|turn|30
|
|t:|1781159486
|move|p2a: SwordArtOnline|Moonblast|p1a: Hippowdon
|-damage|p1a: Hippowdon|34/100
|move|p1a: Hippowdon|Slack Off|p1a: Hippowdon
|-heal|p1a: Hippowdon|84/100
|
|-weather|Sandstorm|[upkeep]
|-damage|p2a: SwordArtOnline|82/100|[from] Sandstorm
|-heal|p1a: Hippowdon|90/100|[from] item: Leftovers
|upkeep
|turn|31
|
|t:|1781159491
|switch|p1a: Slowking|Slowking, M|100/100
|move|p2a: SwordArtOnline|Moonblast|p1a: Slowking
|-damage|p1a: Slowking|75/100
|
|-weather|Sandstorm|[upkeep]
|-damage|p2a: SwordArtOnline|76/100|[from] Sandstorm
|-damage|p1a: Slowking|69/100|[from] Sandstorm
|upkeep
|turn|32
|
|t:|1781159500
|-end|p2a: SwordArtOnline|Quark Drive|[silent]
|switch|p2a: Cherrypop|Pecharunt, tera:Ghost|66/100
|switch|p1a: Zapdos|Zapdos|75/100
|
|-weather|none
|upkeep
|turn|33
|
|t:|1781159504
|move|p2a: Cherrypop|Recover|p2a: Cherrypop
|-heal|p2a: Cherrypop|100/100
|move|p1a: Zapdos|Volt Switch|p2a: Cherrypop
|-damage|p2a: Cherrypop|65/100
|
|t:|1781159507
|switch|p1a: Primarina|Primarina, F, tera:Poison|65/100|[from] Volt Switch
|-damage|p1a: Primarina|53/100|[from] Stealth Rock
|
|upkeep
|turn|34
|
|t:|1781159515
|move|p2a: Cherrypop|Shadow Ball|p1a: Primarina
|-damage|p1a: Primarina|29/100
|move|p1a: Primarina|Surf|p2a: Cherrypop
|-damage|p2a: Cherrypop|0 fnt
|faint|p2a: Cherrypop
|
|upkeep
|
|t:|1781159522
|switch|p2a: Ronaldinho|Cinderace, M|100/100
|turn|35
|
|t:|1781159526
|switch|p1a: Hippowdon|Hippowdon, F|90/100
|-damage|p1a: Hippowdon|84/100|[from] Stealth Rock
|-weather|Sandstorm|[from] ability: Sand Stream|[of] p1a: Hippowdon
|move|p2a: Ronaldinho|U-turn|p1a: Hippowdon
|-start|p2a: Ronaldinho|typechange|Bug|[from] ability: Libero
|-damage|p1a: Hippowdon|65/100
|
|t:|1781159530
|switch|p2a: SwordArtOnline|Iron Valiant|76/100|[from] U-turn
|-damage|p2a: SwordArtOnline|69/100|[from] Stealth Rock
|
|-weather|Sandstorm|[upkeep]
|-damage|p2a: SwordArtOnline|63/100|[from] Sandstorm
|-heal|p1a: Hippowdon|71/100|[from] item: Leftovers
|upkeep
|turn|36
|
|t:|1781159534
|move|p2a: SwordArtOnline|Moonblast|p1a: Hippowdon
|-damage|p1a: Hippowdon|25/100
|move|p1a: Hippowdon|Slack Off|p1a: Hippowdon
|-heal|p1a: Hippowdon|75/100
|
|-weather|Sandstorm|[upkeep]
|-damage|p2a: SwordArtOnline|57/100|[from] Sandstorm
|-heal|p1a: Hippowdon|81/100|[from] item: Leftovers
|upkeep
|turn|37
|
|t:|1781159538
|move|p2a: SwordArtOnline|Moonblast|p1a: Hippowdon
|-damage|p1a: Hippowdon|35/100
|move|p1a: Hippowdon|Slack Off|p1a: Hippowdon
|-heal|p1a: Hippowdon|85/100
|
|-weather|Sandstorm|[upkeep]
|-damage|p2a: SwordArtOnline|51/100|[from] Sandstorm
|-heal|p1a: Hippowdon|91/100|[from] item: Leftovers
|upkeep
|turn|38
|
|t:|1781159546
|move|p2a: SwordArtOnline|Moonblast|p1a: Hippowdon
|-damage|p1a: Hippowdon|45/100
|-unboost|p1a: Hippowdon|spa|1
|move|p1a: Hippowdon|Earthquake|p2a: SwordArtOnline
|-damage|p2a: SwordArtOnline|2/100
|
|-weather|Sandstorm|[upkeep]
|-damage|p2a: SwordArtOnline|0 fnt|[from] Sandstorm
|faint|p2a: SwordArtOnline
|-end|p2a: SwordArtOnline|Quark Drive|[silent]
|-heal|p1a: Hippowdon|51/100|[from] item: Leftovers
|upkeep
|
|t:|1781159553
|switch|p2a: Ronaldinho|Cinderace, M|100/100
|turn|39
|
|t:|1781159557
|move|p2a: Ronaldinho|Pyro Ball|p1a: Hippowdon
|-damage|p1a: Hippowdon|19/100
|move|p1a: Hippowdon|Slack Off|p1a: Hippowdon
|-heal|p1a: Hippowdon|69/100
|
|-weather|none
|-heal|p1a: Hippowdon|75/100|[from] item: Leftovers
|upkeep
|turn|40
|
|t:|1781159562
|move|p2a: Ronaldinho|Low Kick|p1a: Hippowdon
|-start|p2a: Ronaldinho|typechange|Fighting|[from] ability: Libero
|-damage|p1a: Hippowdon|45/100
|move|p1a: Hippowdon|Slack Off|p1a: Hippowdon
|-heal|p1a: Hippowdon|95/100
|
|-heal|p1a: Hippowdon|100/100|[from] item: Leftovers
|upkeep
|turn|41
|
|t:|1781159569
|switch|p1a: Zapdos|Zapdos|75/100
|move|p2a: Ronaldinho|Pyro Ball|p1a: Zapdos
|-damage|p1a: Zapdos|46/100
|
|upkeep
|turn|42
|
|t:|1781159575
|move|p2a: Ronaldinho|Pyro Ball|p1a: Zapdos
|-damage|p1a: Zapdos|17/100
|move|p1a: Zapdos|Hurricane|p2a: Ronaldinho
|-supereffective|p2a: Ronaldinho
|-damage|p2a: Ronaldinho|0 fnt
|faint|p2a: Ronaldinho
|
|upkeep
|
|t:|1781159577
|switch|p2a: s26 ultra 5g 512gb|Dragonite, M|88/100
|turn|43
|
|t:|1781159582
|switch|p1a: Slowking|Slowking, M|100/100
|move|p2a: s26 ultra 5g 512gb|Extreme Speed|p1a: Slowking
|-damage|p1a: Slowking|69/100
|
|upkeep
|turn|44
|
|t:|1781159587
|move|p2a: s26 ultra 5g 512gb|Earthquake|p1a: Slowking
|-damage|p1a: Slowking|26/100
|move|p1a: Slowking|Slack Off|p1a: Slowking
|-heal|p1a: Slowking|76/100
|
|upkeep
|turn|45
|
|t:|1781159594
|move|p2a: s26 ultra 5g 512gb|Earthquake|p1a: Slowking
|-damage|p1a: Slowking|35/100
|move|p1a: Slowking|Scald|p2a: s26 ultra 5g 512gb
|-resisted|p2a: s26 ultra 5g 512gb
|-damage|p2a: s26 ultra 5g 512gb|76/100
|
|upkeep
|turn|46
|
|t:|1781159601
|switch|p1a: Hippowdon|Hippowdon, F|100/100
|-damage|p1a: Hippowdon|94/100|[from] Stealth Rock
|-weather|Sandstorm|[from] ability: Sand Stream|[of] p1a: Hippowdon
|move|p2a: s26 ultra 5g 512gb|Earthquake|p1a: Hippowdon
|-damage|p1a: Hippowdon|73/100
|
|-weather|Sandstorm|[upkeep]
|-damage|p2a: s26 ultra 5g 512gb|70/100|[from] Sandstorm
|-heal|p1a: Hippowdon|79/100|[from] item: Leftovers
|upkeep
|turn|47
|
|t:|1781159604
|move|p2a: s26 ultra 5g 512gb|Roost|p2a: s26 ultra 5g 512gb
|-heal|p2a: s26 ultra 5g 512gb|100/100
|-singleturn|p2a: s26 ultra 5g 512gb|move: Roost
|move|p1a: Hippowdon|Slack Off|p1a: Hippowdon
|-heal|p1a: Hippowdon|100/100
|
|-weather|Sandstorm|[upkeep]
|-damage|p2a: s26 ultra 5g 512gb|94/100|[from] Sandstorm
|upkeep
|turn|48
|
|t:|1781159609
|switch|p1a: Zapdos|Zapdos|17/100
|move|p2a: s26 ultra 5g 512gb|Dragon Tail|p1a: Zapdos
|-damage|p1a: Zapdos|0 fnt
|faint|p1a: Zapdos
|
|-weather|Sandstorm|[upkeep]
|-damage|p2a: s26 ultra 5g 512gb|88/100|[from] Sandstorm
|upkeep
|
|t:|1781159613
|switch|p1a: Slowking|Slowking, M|69/100
|turn|49
|
|t:|1781159615
|move|p2a: s26 ultra 5g 512gb|Earthquake|p1a: Slowking
|-damage|p1a: Slowking|29/100
|move|p1a: Slowking|Slack Off|p1a: Slowking
|-heal|p1a: Slowking|79/100
|
|-weather|Sandstorm|[upkeep]
|-damage|p2a: s26 ultra 5g 512gb|82/100|[from] Sandstorm
|-damage|p1a: Slowking|73/100|[from] Sandstorm
|upkeep
|turn|50
|
|t:|1781159621
|move|p1a: Slowking|Scald|p2a: s26 ultra 5g 512gb
|-resisted|p2a: s26 ultra 5g 512gb
|-damage|p2a: s26 ultra 5g 512gb|69/100
|move|p2a: s26 ultra 5g 512gb|Dragon Tail|p1a: Slowking
|-damage|p1a: Slowking|38/100
|drag|p1a: Primarina|Primarina, F, tera:Poison|29/100
|-damage|p1a: Primarina|17/100|[from] Stealth Rock
|
|-weather|none
|upkeep
|turn|51
|
|t:|1781159628
|move|p2a: s26 ultra 5g 512gb|Extreme Speed|p1a: Primarina
|-damage|p1a: Primarina|0 fnt
|faint|p1a: Primarina
|
|upkeep
|
|t:|1781159633
|switch|p1a: Slowking|Slowking, M|71/100
|turn|52
|
|t:|1781159640
|move|p2a: s26 ultra 5g 512gb|Earthquake|p1a: Slowking
|-damage|p1a: Slowking|30/100
|move|p1a: Slowking|Slack Off|p1a: Slowking
|-heal|p1a: Slowking|80/100
|
|upkeep
|turn|53
|
|t:|1781159644
|move|p2a: s26 ultra 5g 512gb|Earthquake|p1a: Slowking
|-damage|p1a: Slowking|40/100
|move|p1a: Slowking|Scald|p2a: s26 ultra 5g 512gb
|-resisted|p2a: s26 ultra 5g 512gb
|-damage|p2a: s26 ultra 5g 512gb|57/100
|
|upkeep
|turn|54
|
|t:|1781159650
|switch|p1a: Dragonite|Dragonite, M|100/100
|move|p2a: s26 ultra 5g 512gb|Dragon Tail|p1a: Dragonite
|-supereffective|p1a: Dragonite
|-damage|p1a: Dragonite|63/100
|drag|p1a: Hippowdon|Hippowdon, F|100/100
|-damage|p1a: Hippowdon|94/100|[from] Stealth Rock
|-weather|Sandstorm|[from] ability: Sand Stream|[of] p1a: Hippowdon
|
|-weather|Sandstorm|[upkeep]
|-damage|p2a: s26 ultra 5g 512gb|50/100|[from] Sandstorm
|-heal|p1a: Hippowdon|100/100|[from] item: Leftovers
|upkeep
|turn|55
|
|t:|1781159654
|switch|p1a: Slowking|Slowking, M|73/100
|move|p2a: s26 ultra 5g 512gb|Roost|p2a: s26 ultra 5g 512gb
|-heal|p2a: s26 ultra 5g 512gb|100/100
|-singleturn|p2a: s26 ultra 5g 512gb|move: Roost
|
|-weather|Sandstorm|[upkeep]
|-damage|p2a: s26 ultra 5g 512gb|94/100|[from] Sandstorm
|-damage|p1a: Slowking|67/100|[from] Sandstorm
|upkeep
|turn|56
|
|t:|1781159657
|move|p2a: s26 ultra 5g 512gb|Earthquake|p1a: Slowking
|-damage|p1a: Slowking|24/100
|move|p1a: Slowking|Slack Off|p1a: Slowking
|-heal|p1a: Slowking|74/100
|
|-weather|Sandstorm|[upkeep]
|-damage|p2a: s26 ultra 5g 512gb|88/100|[from] Sandstorm
|-damage|p1a: Slowking|68/100|[from] Sandstorm
|upkeep
|turn|57
|
|t:|1781159661
|move|p2a: s26 ultra 5g 512gb|Earthquake|p1a: Slowking
|-damage|p1a: Slowking|26/100
|move|p1a: Slowking|Slack Off|p1a: Slowking
|-heal|p1a: Slowking|76/100
|
|-weather|Sandstorm|[upkeep]
|-damage|p2a: s26 ultra 5g 512gb|82/100|[from] Sandstorm
|-damage|p1a: Slowking|70/100|[from] Sandstorm
|upkeep
|turn|58
|
|t:|1781159666
|move|p1a: Slowking|Slack Off|p1a: Slowking
|-heal|p1a: Slowking|100/100
|move|p2a: s26 ultra 5g 512gb|Dragon Tail|p1a: Slowking
|-damage|p1a: Slowking|65/100
|drag|p1a: Hippowdon|Hippowdon, F|100/100
|-damage|p1a: Hippowdon|94/100|[from] Stealth Rock
|
|-weather|none
|-heal|p1a: Hippowdon|100/100|[from] item: Leftovers
|upkeep
|turn|59
|
|t:|1781159676
|switch|p1a: Slowking|Slowking, M|98/100
|move|p2a: s26 ultra 5g 512gb|Dragon Tail|p1a: Slowking
|-damage|p1a: Slowking|62/100
|drag|p1a: Hippowdon|Hippowdon, F|100/100
|-damage|p1a: Hippowdon|94/100|[from] Stealth Rock
|-weather|Sandstorm|[from] ability: Sand Stream|[of] p1a: Hippowdon
|
|-weather|Sandstorm|[upkeep]
|-damage|p2a: s26 ultra 5g 512gb|76/100|[from] Sandstorm
|-heal|p1a: Hippowdon|100/100|[from] item: Leftovers
|upkeep
|turn|60
|
|t:|1781159683
|switch|p1a: Slowking|Slowking, M|95/100
|move|p2a: s26 ultra 5g 512gb|Earthquake|p1a: Slowking
|-damage|p1a: Slowking|52/100
|
|-weather|Sandstorm|[upkeep]
|-damage|p2a: s26 ultra 5g 512gb|69/100|[from] Sandstorm
|-damage|p1a: Slowking|45/100|[from] Sandstorm
|upkeep
|turn|61
|
|t:|1781159686
|move|p2a: s26 ultra 5g 512gb|Earthquake|p1a: Slowking
|-damage|p1a: Slowking|3/100
|move|p1a: Slowking|Slack Off|p1a: Slowking
|-heal|p1a: Slowking|53/100
|
|-weather|Sandstorm|[upkeep]
|-damage|p2a: s26 ultra 5g 512gb|63/100|[from] Sandstorm
|-damage|p1a: Slowking|47/100|[from] Sandstorm
|upkeep
|turn|62
|
|t:|1781159693
|move|p1a: Slowking|Scald|p2a: s26 ultra 5g 512gb
|-resisted|p2a: s26 ultra 5g 512gb
|-damage|p2a: s26 ultra 5g 512gb|50/100
|move|p2a: s26 ultra 5g 512gb|Dragon Tail|p1a: Slowking
|-damage|p1a: Slowking|10/100
|drag|p1a: Dragonite|Dragonite, M|63/100
|
|-weather|Sandstorm|[upkeep]
|-damage|p1a: Dragonite|57/100|[from] Sandstorm
|-damage|p2a: s26 ultra 5g 512gb|44/100|[from] Sandstorm
|upkeep
|turn|63
|
|t:|1781159697
|move|p1a: Dragonite|Extreme Speed|p2a: s26 ultra 5g 512gb
|-crit|p2a: s26 ultra 5g 512gb
|-damage|p2a: s26 ultra 5g 512gb|0 fnt
|faint|p2a: s26 ultra 5g 512gb
|
|win|KurisuChestnutLab
|raw|KurisuChestnutLab's rating: 1556 &rarr; <strong>1580</strong><br />(+24 for winning)
|raw|kadu99's rating: 1630 &rarr; <strong>1606</strong><br />(-24 for losing)
|l|☆KurisuChestnutLab
|player|p1|
|l|☆kadu99
|player|p2|
