|j|☆StarDio
|j|‽Ryan's World
|t:|1781504318
|gametype|singles
|player|p1|StarDio|265|1648
|player|p2|Ryan's World|170|1657
|gen|9
|tier|[Gen 9] OU
|rated|
|rule|HP Percentage Mod: HP is shown in percentages
|rule|Endless Battle Clause: Forcing endless battles is banned
|rule|Species Clause: Limit one of each Pokémon
|rule|OHKO Clause: OHKO moves are banned
|rule|Evasion Items Clause: Evasion items are banned
|rule|Evasion Moves Clause: Evasion moves are banned
|rule|Evasion Abilities Clause: Evasion abilities are banned
|rule|Sleep Moves Clause: Sleep-inducing moves are banned
|clearpoke
|poke|p1|Hoopa-Unbound|
|poke|p1|Pecharunt|
|poke|p1|Landorus-Therian, M|
|poke|p1|Cinderace, M|
|poke|p1|Alomomola, M|
|poke|p1|Iron Valiant|
|poke|p2|Ceruledge, F|
|poke|p2|Deoxys-Speed|
|poke|p2|Slowking-Galar, F|
|poke|p2|Grimmsnarl, M|
|poke|p2|Kyurem|
|poke|p2|Great Tusk|
|teampreview
|inactive|Battle timer is ON: inactive players will automatically lose when time's up. (requested by StarDio)
|
|t:|1781504326
|teamsize|p1|6
|teamsize|p2|6
|start
|switch|p1a: Liberacy|Cinderace, M, shiny|100/100
|switch|p2a: Grimmsnarl|Grimmsnarl, M|100/100
|turn|1
|
|t:|1781504333
|switch|p1a: Overseer|Pecharunt|100/100
|move|p2a: Grimmsnarl|Reflect|p2a: Grimmsnarl
|-sidestart|p2: Ryan's World|Reflect
|
|upkeep
|turn|2
|
|t:|1781504336
|move|p2a: Grimmsnarl|Light Screen|p2a: Grimmsnarl
|-sidestart|p2: Ryan's World|move: Light Screen
|move|p1a: Overseer|Malignant Chain|p2a: Grimmsnarl
|-supereffective|p2a: Grimmsnarl
|-damage|p2a: Grimmsnarl|75/100
|-status|p2a: Grimmsnarl|tox
|-start|p2a: Grimmsnarl|confusion|[from] ability: Poison Puppeteer|[of] p1a: Overseer
|
|-damage|p2a: Grimmsnarl|69/100 tox|[from] psn
|upkeep
|turn|3
|
|t:|1781504339
|switch|p2a: Slowking|Slowking-Galar, F|100/100
|move|p1a: Overseer|Parting Shot|p2a: Slowking
|-unboost|p2a: Slowking|atk|1
|-unboost|p2a: Slowking|spa|1
|
|t:|1781504344
|switch|p1a: Liberacy|Cinderace, M, shiny|100/100|[from] Parting Shot
|
|upkeep
|turn|4
|
|t:|1781504349
|move|p1a: Liberacy|Court Change|p1a: Liberacy
|-start|p1a: Liberacy|typechange|Normal|[from] ability: Libero
|-swapsideconditions
|-activate|p1a: Liberacy|move: Court Change
|move|p2a: Slowking|Nasty Plot|p2a: Slowking
|-boost|p2a: Slowking|spa|2
|
|upkeep
|turn|5
|
|t:|1781504354
|move|p1a: Liberacy|U-turn|p2a: Slowking
|-damage|p2a: Slowking|71/100
|
|t:|1781504355
|switch|p1a: Khaos|Hoopa-Unbound|100/100|[from] U-turn
|move|p2a: Slowking|Sludge Bomb|p1a: Khaos
|-damage|p1a: Khaos|68/100
|-damage|p2a: Slowking|61/100|[from] item: Life Orb
|
|upkeep
|turn|6
|
|t:|1781504362
|switch|p2a: Grimmsnarl|Grimmsnarl, M|69/100 tox
|move|p1a: Khaos|Hyperspace Fury|p2a: Grimmsnarl
|-resisted|p2a: Grimmsnarl
|-damage|p2a: Grimmsnarl|40/100 tox
|-unboost|p1a: Khaos|def|1
|
|-damage|p2a: Grimmsnarl|34/100 tox|[from] psn
|upkeep
|turn|7
|
|t:|1781504380
|move|p2a: Grimmsnarl|Reflect|p2a: Grimmsnarl
|-sidestart|p2: Ryan's World|Reflect
|move|p1a: Khaos|Hyperspace Fury|p2a: Grimmsnarl
|-resisted|p2a: Grimmsnarl
|-damage|p2a: Grimmsnarl|20/100 tox
|-unboost|p1a: Khaos|def|1
|
|-damage|p2a: Grimmsnarl|8/100 tox|[from] psn
|upkeep
|turn|8
|
|t:|1781504385
|switch|p1a: Liberacy|Cinderace, M, shiny|100/100
|move|p2a: Grimmsnarl|Light Screen|p2a: Grimmsnarl
|-sidestart|p2: Ryan's World|move: Light Screen
|
|-damage|p2a: Grimmsnarl|0 fnt|[from] psn
|faint|p2a: Grimmsnarl
|-sideend|p1: StarDio|Reflect
|upkeep
|
|t:|1781504391
|switch|p2a: Deoxys|Deoxys-Speed|100/100
|-ability|p2a: Deoxys|Pressure
|turn|9
|
|t:|1781504396
|move|p2a: Deoxys|Taunt|p1a: Liberacy
|-start|p1a: Liberacy|move: Taunt
|move|p1a: Liberacy|Pyro Ball|p2a: Deoxys
|-crit|p2a: Deoxys
|-damage|p2a: Deoxys|7/100
|
|-sideend|p1: StarDio|move: Light Screen
|upkeep
|turn|10
|
|t:|1781504403
|move|p1a: Liberacy|Sucker Punch||[still]
|-fail|p1a: Liberacy
|move|p2a: Deoxys|Recover|p2a: Deoxys
|-heal|p2a: Deoxys|57/100
|
|upkeep
|turn|11
|
|t:|1781504407
|move|p2a: Deoxys|Cosmic Power|p2a: Deoxys
|-boost|p2a: Deoxys|def|1
|-boost|p2a: Deoxys|spd|1
|move|p1a: Liberacy|Pyro Ball|p2a: Deoxys
|-damage|p2a: Deoxys|39/100
|-status|p2a: Deoxys|brn
|
|-damage|p2a: Deoxys|34/100 brn|[from] brn
|-end|p1a: Liberacy|move: Taunt
|upkeep
|turn|12
|
|t:|1781504410
|move|p2a: Deoxys|Recover|p2a: Deoxys
|-heal|p2a: Deoxys|84/100 brn
|move|p1a: Liberacy|U-turn|p2a: Deoxys
|-start|p1a: Liberacy|typechange|Bug|[from] ability: Libero
|-supereffective|p2a: Deoxys
|-damage|p2a: Deoxys|61/100 brn
|-enditem|p2a: Deoxys|Weakness Policy
|-boost|p2a: Deoxys|atk|2|[from] item: Weakness Policy
|-boost|p2a: Deoxys|spa|2|[from] item: Weakness Policy
|
|t:|1781504415
|switch|p1a: Khaos|Hoopa-Unbound|68/100|[from] U-turn
|
|-damage|p2a: Deoxys|55/100 brn|[from] brn
|upkeep
|turn|13
|
|t:|1781504419
|move|p2a: Deoxys|Recover|p2a: Deoxys
|-heal|p2a: Deoxys|100/100 brn
|move|p1a: Khaos|Hyperspace Fury|p2a: Deoxys
|-supereffective|p2a: Deoxys
|-damage|p2a: Deoxys|35/100 brn
|-unboost|p1a: Khaos|def|1
|
|-damage|p2a: Deoxys|29/100 brn|[from] brn
|upkeep
|turn|14
|
|t:|1781504428
|switch|p2a: Great Tusk|Great Tusk|100/100
|-enditem|p2a: Great Tusk|Booster Energy
|-activate|p2a: Great Tusk|ability: Protosynthesis|[fromitem]
|-start|p2a: Great Tusk|protosynthesisatk
|move|p1a: Khaos|Hyperspace Fury|p2a: Great Tusk
|-resisted|p2a: Great Tusk
|-damage|p2a: Great Tusk|82/100
|-unboost|p1a: Khaos|def|1
|
|-sideend|p2: Ryan's World|Reflect
|upkeep
|turn|15
|
|t:|1781504438
|switch|p1a: Calamity|Iron Valiant, shiny|100/100
|move|p2a: Great Tusk|Ice Spinner|p1a: Calamity
|-damage|p1a: Calamity|53/100
|
|-sideend|p2: Ryan's World|move: Light Screen
|upkeep
|turn|16
|
|t:|1781504442
|-end|p2a: Great Tusk|Protosynthesis|[silent]
|switch|p2a: Slowking|Slowking-Galar, F|95/100
|move|p1a: Calamity|Moonblast|p2a: Slowking
|-resisted|p2a: Slowking
|-damage|p2a: Slowking|64/100
|
|upkeep
|turn|17
|
|t:|1781504446
|-end|p1a: Calamity|Quark Drive|[silent]
|switch|p1a: Khaos|Hoopa-Unbound|68/100
|move|p2a: Slowking|Sludge Bomb|p1a: Khaos
|-damage|p1a: Khaos|19/100
|-damage|p2a: Slowking|54/100|[from] item: Life Orb
|
|upkeep
|turn|18
|
|t:|1781504450
|switch|p2a: Deoxys|Deoxys-Speed|29/100 brn
|-ability|p2a: Deoxys|Pressure
|move|p1a: Khaos|Zen Headbutt|p2a: Deoxys
|-resisted|p2a: Deoxys
|-damage|p2a: Deoxys|0 fnt
|faint|p2a: Deoxys
|
|upkeep
|
|t:|1781504459
|switch|p2a: Ceruledge|Ceruledge, F|100/100
|turn|19
|
|t:|1781504463
|move|p2a: Ceruledge|Swords Dance|p2a: Ceruledge
|-boost|p2a: Ceruledge|atk|2
|move|p1a: Khaos|Zen Headbutt|p2a: Ceruledge
|-damage|p2a: Ceruledge|0 fnt
|faint|p2a: Ceruledge
|
|upkeep
|
|t:|1781504471
|switch|p2a: Great Tusk|Great Tusk|82/100
|turn|20
|
|t:|1781504476
|switch|p1a: Enten|Landorus-Therian, M, shiny|100/100
|-ability|p1a: Enten|Intimidate|boost
|-unboost|p2a: Great Tusk|atk|1
|move|p2a: Great Tusk|Ice Spinner|p1a: Enten
|-supereffective|p1a: Enten
|-damage|p1a: Enten|13/100
|
|upkeep
|turn|21
|
|t:|1781504481
|move|p1a: Enten|U-turn|p2a: Great Tusk
|-resisted|p2a: Great Tusk
|-damage|p2a: Great Tusk|72/100
|
|t:|1781504483
|switch|p1a: Overseer|Pecharunt|100/100|[from] U-turn
|move|p2a: Great Tusk|Ice Spinner|p1a: Overseer
|-damage|p1a: Overseer|92/100
|
|upkeep
|turn|22
|
|t:|1781504486
|move|p2a: Great Tusk|Headlong Rush|p1a: Overseer
|-supereffective|p1a: Overseer
|-damage|p1a: Overseer|54/100
|-unboost|p2a: Great Tusk|def|1
|-unboost|p2a: Great Tusk|spd|1
|move|p1a: Overseer|Parting Shot|p2a: Great Tusk
|-unboost|p2a: Great Tusk|atk|1
|-unboost|p2a: Great Tusk|spa|1
|
|t:|1781504488
|switch|p1a: Calamity|Iron Valiant, shiny|53/100|[from] Parting Shot
|
|upkeep
|turn|23
|
|t:|1781504490
|move|p1a: Calamity|Shadow Ball|p2a: Great Tusk
|-damage|p2a: Great Tusk|0 fnt
|faint|p2a: Great Tusk
|-end|p2a: Great Tusk|Protosynthesis|[silent]
|
|upkeep
|
|t:|1781504496
|switch|p2a: Slowking|Slowking-Galar, F|88/100
|turn|24
|
|t:|1781504500
|-end|p1a: Calamity|Quark Drive|[silent]
|switch|p1a: Pisces|Alomomola, M, shiny|100/100
|move|p2a: Slowking|Sludge Bomb|p1a: Pisces
|-damage|p1a: Pisces|71/100
|-damage|p2a: Slowking|78/100|[from] item: Life Orb
|
|upkeep
|turn|25
|
|t:|1781504507
|move|p2a: Slowking|Sludge Bomb|p1a: Pisces
|-damage|p1a: Pisces|42/100
|-damage|p2a: Slowking|68/100|[from] item: Life Orb
|move|p1a: Pisces|Body Slam|p2a: Slowking
|-damage|p2a: Slowking|50/100
|
|upkeep
|turn|26
|
|t:|1781504515
|move|p2a: Slowking|Sludge Bomb|p1a: Pisces
|-damage|p1a: Pisces|13/100
|-damage|p2a: Slowking|40/100|[from] item: Life Orb
|move|p1a: Pisces|Flip Turn|p2a: Slowking
|-damage|p2a: Slowking|22/100
|
|t:|1781504519
|switch|p1a: Enten|Landorus-Therian, M, shiny|13/100|[from] Flip Turn
|-ability|p1a: Enten|Intimidate|boost
|-unboost|p2a: Slowking|atk|1
|
|upkeep
|turn|27
|
|t:|1781504521
|move|p1a: Enten|U-turn|p2a: Slowking
|-damage|p2a: Slowking|0 fnt
|faint|p2a: Slowking
|
|t:|1781504527
|switch|p1a: Calamity|Iron Valiant, shiny|53/100|[from] U-turn
|
|upkeep
|
|t:|1781504529
|switch|p2a: Kyurem|Kyurem|100/100
|-ability|p2a: Kyurem|Pressure
|turn|28
|
|t:|1781504534
|-terastallize|p2a: Kyurem|Ground
|move|p1a: Calamity|Moonblast|p2a: Kyurem
|-damage|p2a: Kyurem|20/100
|-unboost|p2a: Kyurem|spa|1
|move|p2a: Kyurem|Dragon Dance|p2a: Kyurem
|-boost|p2a: Kyurem|atk|1
|-boost|p2a: Kyurem|spe|1
|
|upkeep
|turn|29
|
|t:|1781504540
|move|p2a: Kyurem|Icicle Spear|p1a: Calamity
|-damage|p1a: Calamity|27/100
|-damage|p1a: Calamity|4/100
|-damage|p1a: Calamity|0 fnt
|faint|p1a: Calamity
|-end|p1a: Calamity|Quark Drive|[silent]
|-hitcount|p1: Calamity|3
|
|upkeep
|
|t:|1781504544
|switch|p1a: Enten|Landorus-Therian, M, shiny|13/100
|-ability|p1a: Enten|Intimidate|boost
|-unboost|p2a: Kyurem|atk|1
|turn|30
|
|t:|1781504546
|move|p2a: Kyurem|Icicle Spear|p1a: Enten
|-supereffective|p1a: Enten
|-damage|p1a: Enten|0 fnt
|faint|p1a: Enten
|-hitcount|p1: Enten|1
|
|upkeep
|
|t:|1781504549
|switch|p1a: Pisces|Alomomola, M, shiny|46/100
|turn|31
|-message|Ryan's World forfeited.
|
|win|StarDio
|raw|StarDio's rating: 1648 &rarr; <strong>1669</strong><br />(+21 for winning)
|raw|Ryan&apos;s World's rating: 1657 &rarr; <strong>1636</strong><br />(-21 for losing)
|l|‽Ryan's World
|player|p2|
|j|‽Ryan's World
|player|p2|Ryan's World|170|
|l|‽Ryan's World
|player|p2|
