|j|☆rrbrru
|j|☆PepsiEnby
|t:|1781517347
|gametype|singles
|player|p1|rrbrru|1|1603
|player|p2|PepsiEnby|harlequin|1781
|gen|9
|tier|[Gen 9] OU
|rated|
|rule|HP Percentage Mod: HP is shown in percentages
|rule|Endless Battle Clause: Forcing endless battles is banned
|rule|Species Clause: Limit one of each Pokémon
|rule|OHKO Clause: OHKO moves are banned
|rule|Evasion Items Clause: Evasion items are banned
|rule|Evasion Moves Clause: Evasion moves are banned
|rule|Evasion Abilities Clause: Evasion abilities are banned
|rule|Sleep Moves Clause: Sleep-inducing moves are banned
|clearpoke
|poke|p1|Tyranitar, F|
|poke|p1|Excadrill, F|
|poke|p1|Hydrapple, F|
|poke|p1|Tornadus-Therian, M|
|poke|p1|Alomomola, F|
|poke|p1|Houndstone, M|
|poke|p2|Alomomola, F|
|poke|p2|Slowking-Galar, F|
|poke|p2|Cinderace, F|
|poke|p2|Glaceon, F|
|poke|p2|Ting-Lu|
|poke|p2|Salamence, M|
|teampreview
|
|t:|1781517362
|teamsize|p1|6
|teamsize|p2|6
|start
|switch|p1a: Crocodile|Tyranitar, F|100/100
|switch|p2a: Alomomola|Alomomola, F|100/100
|-weather|Sandstorm|[from] ability: Sand Stream|[of] p1a: Crocodile
|turn|1
|
|t:|1781517366
|move|p2a: Alomomola|Liquidation|p1a: Crocodile
|-supereffective|p1a: Crocodile
|-damage|p1a: Crocodile|49/100
|move|p1a: Crocodile|Knock Off|p2a: Alomomola
|-damage|p2a: Alomomola|61/100
|-enditem|p2a: Alomomola|Assault Vest|[from] move: Knock Off|[of] p1a: Crocodile
|
|-weather|Sandstorm|[upkeep]
|-damage|p2a: Alomomola|55/100|[from] Sandstorm
|-heal|p1a: Crocodile|56/100|[from] item: Leftovers
|upkeep
|turn|2
|
|t:|1781517371
|switch|p1a: Queen|Hydrapple, F|100/100
|move|p2a: Alomomola|Flip Turn|p1a: Queen
|-resisted|p1a: Queen
|-damage|p1a: Queen|96/100
|
|t:|1781517376
|switch|p2a: Slowking|Slowking-Galar, F, shiny|100/100|[from] Flip Turn
|
|-weather|Sandstorm|[upkeep]
|-damage|p1a: Queen|90/100|[from] Sandstorm
|-damage|p2a: Slowking|94/100|[from] Sandstorm
|-heal|p2a: Slowking|100/100|[from] item: Black Sludge
|upkeep
|turn|3
|
|t:|1781517379
|move|p1a: Queen|Draco Meteor|p2a: Slowking
|-damage|p2a: Slowking|50/100
|-unboost|p1a: Queen|spa|2
|-enditem|p1a: Queen|Eject Pack
|inactive|Battle timer is ON: inactive players will automatically lose when time's up. (requested by PepsiEnby)
|
|t:|1781517383
|switch|p1a: Ryuma|Houndstone, M|100/100
|move|p2a: Slowking|Trick|p1a: Ryuma
|-activate|p2a: Slowking|move: Trick|[of] p1a: Ryuma
|-item|p1a: Ryuma|Black Sludge|[from] move: Trick
|-item|p2a: Slowking|Choice Band|[from] move: Trick
|
|-weather|Sandstorm|[upkeep]
|-damage|p2a: Slowking|44/100|[from] Sandstorm
|-damage|p1a: Ryuma|88/100|[from] item: Black Sludge
|upkeep
|turn|4
|
|t:|1781517390
|switch|p2a: Alomomola|Alomomola, F|89/100
|move|p1a: Ryuma|Will-O-Wisp|p2a: Alomomola
|-status|p2a: Alomomola|brn
|
|-weather|Sandstorm|[upkeep]
|-damage|p2a: Alomomola|82/100 brn|[from] Sandstorm
|-damage|p1a: Ryuma|76/100|[from] item: Black Sludge
|-damage|p2a: Alomomola|76/100 brn|[from] brn
|upkeep
|turn|5
|
|t:|1781517394
|move|p1a: Ryuma|Trick|p2a: Alomomola
|-activate|p1a: Ryuma|move: Trick|[of] p2a: Alomomola
|-item|p2a: Alomomola|Black Sludge|[from] move: Trick
|-enditem|p1a: Ryuma|Black Sludge|[silent]|[from] move: Trick
|move|p2a: Alomomola|Flip Turn|p1a: Ryuma
|-damage|p1a: Ryuma|62/100
|
|t:|1781517409
|switch|p2a: Cinderace|Cinderace, F|100/100|[from] Flip Turn
|
|-weather|none
|upkeep
|turn|6
|
|t:|1781517418
|switch|p1a: Big Mom|Alomomola, F|100/100
|move|p2a: Cinderace|U-turn|p1a: Big Mom
|-damage|p1a: Big Mom|90/100
|
|t:|1781517421
|switch|p2a: Slowking|Slowking-Galar, F, shiny|77/100|[from] U-turn
|
|upkeep
|turn|7
|
|t:|1781517425
|move|p1a: Big Mom|Flip Turn|p2a: Slowking
|-damage|p2a: Slowking|66/100
|
|t:|1781517428
|switch|p1a: Ryuma|Houndstone, M|62/100|[from] Flip Turn
|-prepare|p2a: Slowking|Chilly Reception|[premajor]
|move|p2a: Slowking|Chilly Reception|p2a: Slowking
|-weather|Snowscape
|
|t:|1781517430
|switch|p2a: Glaceon|Glaceon, F, shiny|100/100|[from] Chilly Reception
|
|-weather|Snowscape|[upkeep]
|upkeep
|turn|8
|
|t:|1781517435
|switch|p1a: Crocodile|Tyranitar, F|56/100
|-weather|Sandstorm|[from] ability: Sand Stream|[of] p1a: Crocodile
|move|p2a: Glaceon|Blizzard|p1a: Crocodile|[miss]
|-miss|p2a: Glaceon|p1a: Crocodile
|
|-weather|Sandstorm|[upkeep]
|-damage|p2a: Glaceon|95/100|[from] Sandstorm
|-heal|p1a: Crocodile|62/100|[from] item: Leftovers
|upkeep
|turn|9
|
|t:|1781517443
|switch|p2a: Ting-Lu|Ting-Lu, shiny|100/100
|-ability|p2a: Ting-Lu|Vessel of Ruin
|move|p1a: Crocodile|Knock Off|p2a: Ting-Lu
|-resisted|p2a: Ting-Lu
|-damage|p2a: Ting-Lu|88/100
|-enditem|p2a: Ting-Lu|Choice Band|[from] move: Knock Off|[of] p1a: Crocodile
|
|-weather|Sandstorm|[upkeep]
|-heal|p1a: Crocodile|68/100|[from] item: Leftovers
|upkeep
|turn|10
|
|t:|1781517449
|switch|p1a: Queen|Hydrapple, F|100/100
|move|p2a: Ting-Lu|Heavy Slam|p1a: Queen
|-damage|p1a: Queen|73/100
|
|-weather|Sandstorm|[upkeep]
|-damage|p1a: Queen|67/100|[from] Sandstorm
|upkeep
|turn|11
|
|t:|1781517455
|switch|p2a: Slowking|Slowking-Galar, F, shiny|99/100
|move|p1a: Queen|Nasty Plot|p1a: Queen
|-boost|p1a: Queen|spa|2
|
|-weather|Sandstorm|[upkeep]
|-damage|p1a: Queen|61/100|[from] Sandstorm
|-damage|p2a: Slowking|93/100|[from] Sandstorm
|upkeep
|turn|12
|
|t:|1781517481
|-terastallize|p2a: Slowking|Fairy
|move|p1a: Queen|Earth Power|p2a: Slowking
|-damage|p2a: Slowking|40/100
|move|p2a: Slowking|Ice Beam|p1a: Queen
|-supereffective|p1a: Queen
|-damage|p1a: Queen|0 fnt
|faint|p1a: Queen
|
|-weather|none
|upkeep
|
|t:|1781517486
|switch|p1a: Mr. 1|Excadrill, F|100/100
|turn|13
|
|t:|1781517489
|switch|p2a: Salamence|Salamence, M|100/100
|-ability|p2a: Salamence|Intimidate|boost
|-unboost|p1a: Mr. 1|atk|1
|move|p1a: Mr. 1|Rapid Spin|p2a: Salamence
|-damage|p2a: Salamence|89/100
|-boost|p1a: Mr. 1|spe|1
|
|upkeep
|turn|14
|
|t:|1781517494
|switch|p2a: Alomomola|Alomomola, F|100/100 brn
|move|p1a: Mr. 1|Substitute|p1a: Mr. 1
|-start|p1a: Mr. 1|Substitute
|-damage|p1a: Mr. 1|76/100
|
|-heal|p1a: Mr. 1|82/100|[from] item: Leftovers
|-damage|p2a: Alomomola|88/100 brn|[from] item: Black Sludge
|-damage|p2a: Alomomola|82/100 brn|[from] brn
|upkeep
|turn|15
|
|t:|1781517497
|move|p1a: Mr. 1|Earthquake|p2a: Alomomola
|-damage|p2a: Alomomola|51/100 brn
|move|p2a: Alomomola|Flip Turn|p1a: Mr. 1
|-supereffective|p1a: Mr. 1
|-crit|p1a: Mr. 1
|-end|p1a: Mr. 1|Substitute
|
|t:|1781517504
|switch|p2a: Ting-Lu|Ting-Lu, shiny|88/100|[from] Flip Turn
|-ability|p2a: Ting-Lu|Vessel of Ruin
|
|-heal|p1a: Mr. 1|88/100|[from] item: Leftovers
|upkeep
|turn|16
|
|t:|1781517509
|switch|p1a: Ryuma|Houndstone, M|62/100
|move|p2a: Ting-Lu|Earthquake|p1a: Ryuma
|-damage|p1a: Ryuma|4/100
|
|upkeep
|turn|17
|
|t:|1781517517
|switch|p2a: Alomomola|Alomomola, F|84/100 brn
|move|p1a: Ryuma|Destiny Bond|p1a: Ryuma
|-singlemove|p1a: Ryuma|Destiny Bond
|
|-damage|p2a: Alomomola|72/100 brn|[from] item: Black Sludge
|-damage|p2a: Alomomola|66/100 brn|[from] brn
|upkeep
|turn|18
|
|t:|1781517522
|switch|p1a: Crocodile|Tyranitar, F|68/100
|-weather|Sandstorm|[from] ability: Sand Stream|[of] p1a: Crocodile
|move|p2a: Alomomola|Flip Turn|p1a: Crocodile
|-supereffective|p1a: Crocodile
|-damage|p1a: Crocodile|50/100
|
|t:|1781517526
|switch|p2a: Ting-Lu|Ting-Lu, shiny|88/100|[from] Flip Turn
|-ability|p2a: Ting-Lu|Vessel of Ruin
|
|-weather|Sandstorm|[upkeep]
|-heal|p1a: Crocodile|56/100|[from] item: Leftovers
|upkeep
|turn|19
|
|t:|1781517531
|switch|p1a: Marco|Tornadus-Therian, M|100/100
|move|p2a: Ting-Lu|Heavy Slam|p1a: Marco
|-damage|p1a: Marco|53/100
|
|-weather|Sandstorm|[upkeep]
|-damage|p1a: Marco|46/100|[from] Sandstorm
|upkeep
|turn|20
|
|t:|1781517539
|switch|p2a: Alomomola|Alomomola, F|99/100 brn
|move|p1a: Marco|U-turn|p2a: Alomomola
|-damage|p2a: Alomomola|86/100 brn
|
|t:|1781517545
|switch|p1a: Ryuma|Houndstone, M|4/100|[from] U-turn
|
|-weather|Sandstorm|[upkeep]
|-damage|p2a: Alomomola|80/100 brn|[from] Sandstorm
|-damage|p2a: Alomomola|68/100 brn|[from] item: Black Sludge
|-damage|p2a: Alomomola|62/100 brn|[from] brn
|upkeep
|turn|21
|
|t:|1781517547
|move|p1a: Ryuma|Destiny Bond|p1a: Ryuma
|-singlemove|p1a: Ryuma|Destiny Bond
|move|p2a: Alomomola|Flip Turn|p1a: Ryuma
|-damage|p1a: Ryuma|0 fnt
|faint|p1a: Ryuma
|-activate|p1a: Ryuma|move: Destiny Bond
|faint|p2a: Alomomola
|
|-weather|Sandstorm|[upkeep]
|upkeep
|
|t:|1781517555
|switch|p1a: Marco|Tornadus-Therian, M|80/100
|switch|p2a: Slowking|Slowking-Galar, F, shiny, tera:Fairy|73/100
|turn|22
|
|t:|1781517566
|move|p1a: Marco|Bleakwind Storm|p2a: Slowking
|-damage|p2a: Slowking|44/100
|-prepare|p2a: Slowking|Chilly Reception|[premajor]
|move|p2a: Slowking|Chilly Reception|p2a: Slowking
|-weather|Snowscape
|
|t:|1781517568
|switch|p2a: Glaceon|Glaceon, F, shiny|95/100|[from] Chilly Reception
|
|-weather|Snowscape|[upkeep]
|-heal|p2a: Glaceon|100/100|[from] ability: Ice Body
|upkeep
|turn|23
|
|t:|1781517574
|switch|p1a: Crocodile|Tyranitar, F|56/100
|-weather|Sandstorm|[from] ability: Sand Stream|[of] p1a: Crocodile
|move|p2a: Glaceon|Blizzard|p1a: Crocodile
|-damage|p1a: Crocodile|27/100
|
|-weather|Sandstorm|[upkeep]
|-damage|p2a: Glaceon|95/100|[from] Sandstorm
|-heal|p1a: Crocodile|33/100|[from] item: Leftovers
|upkeep
|turn|24
|
|t:|1781517581
|move|p2a: Glaceon|Mud Shot|p1a: Crocodile
|-supereffective|p1a: Crocodile
|-damage|p1a: Crocodile|12/100
|-unboost|p1a: Crocodile|spe|1
|move|p1a: Crocodile|Low Kick|p2a: Glaceon
|-supereffective|p2a: Glaceon
|-damage|p2a: Glaceon|58/100
|
|-weather|Sandstorm|[upkeep]
|-damage|p2a: Glaceon|52/100|[from] Sandstorm
|-heal|p1a: Crocodile|18/100|[from] item: Leftovers
|upkeep
|turn|25
|
|t:|1781517589
|switch|p1a: Big Mom|Alomomola, F|100/100
|move|p2a: Glaceon|Mud Shot|p1a: Big Mom
|-damage|p1a: Big Mom|81/100
|-unboost|p1a: Big Mom|spe|1
|
|-weather|Sandstorm|[upkeep]
|-damage|p2a: Glaceon|46/100|[from] Sandstorm
|-damage|p1a: Big Mom|75/100|[from] Sandstorm
|upkeep
|turn|26
|
|t:|1781517598
|switch|p2a: Slowking|Slowking-Galar, F, shiny, tera:Fairy|77/100
|move|p1a: Big Mom|Flip Turn|p2a: Slowking
|-damage|p2a: Slowking|65/100
|
|t:|1781517604
|switch|p1a: Mr. 1|Excadrill, F|88/100|[from] Flip Turn
|
|-weather|Sandstorm|[upkeep]
|-damage|p2a: Slowking|59/100|[from] Sandstorm
|-heal|p1a: Mr. 1|94/100|[from] item: Leftovers
|upkeep
|turn|27
|
|t:|1781517608
|switch|p2a: Salamence|Salamence, M|89/100
|-ability|p2a: Salamence|Intimidate|boost
|-unboost|p1a: Mr. 1|atk|1
|move|p1a: Mr. 1|Substitute|p1a: Mr. 1
|-start|p1a: Mr. 1|Substitute
|-damage|p1a: Mr. 1|69/100
|
|-weather|none
|-heal|p1a: Mr. 1|75/100|[from] item: Leftovers
|upkeep
|turn|28
|
|t:|1781517612
|move|p1a: Mr. 1|Rock Slide|p2a: Salamence
|-supereffective|p2a: Salamence
|-damage|p2a: Salamence|56/100
|move|p2a: Salamence|Earthquake|p1a: Mr. 1
|-supereffective|p1a: Mr. 1
|-end|p1a: Mr. 1|Substitute
|
|-heal|p1a: Mr. 1|81/100|[from] item: Leftovers
|upkeep
|turn|29
|
|t:|1781517622
|switch|p1a: Marco|Tornadus-Therian, M|100/100
|switch|p2a: Slowking|Slowking-Galar, F, shiny, tera:Fairy|92/100
|
|upkeep
|turn|30
|
|t:|1781517626
|move|p1a: Marco|U-turn|p2a: Slowking
|-resisted|p2a: Slowking
|-crit|p2a: Slowking
|-damage|p2a: Slowking|85/100
|
|t:|1781517627
|switch|p1a: Big Mom|Alomomola, F|100/100|[from] U-turn
|-prepare|p2a: Slowking|Chilly Reception|[premajor]
|move|p2a: Slowking|Chilly Reception|p2a: Slowking
|-weather|Snowscape
|
|t:|1781517633
|switch|p2a: Glaceon|Glaceon, F, shiny|46/100|[from] Chilly Reception
|
|-weather|Snowscape|[upkeep]
|-heal|p2a: Glaceon|52/100|[from] ability: Ice Body
|upkeep
|turn|31
|
|t:|1781517639
|move|p2a: Glaceon|Copycat|p2a: Glaceon
|move|p2a: Glaceon|Chilly Reception|p2a: Glaceon|[from] move: Copycat
|
|t:|1781517642
|switch|p2a: Slowking|Slowking-Galar, F, shiny, tera:Fairy|100/100|[from] Chilly Reception
|move|p1a: Big Mom|Flip Turn|p2a: Slowking
|-damage|p2a: Slowking|89/100
|
|t:|1781517649
|switch|p1a: Crocodile|Tyranitar, F|18/100|[from] Flip Turn
|-weather|Sandstorm|[from] ability: Sand Stream|[of] p1a: Crocodile
|
|-weather|Sandstorm|[upkeep]
|-damage|p2a: Slowking|83/100|[from] Sandstorm
|-heal|p1a: Crocodile|25/100|[from] item: Leftovers
|upkeep
|turn|32
|
|t:|1781517654
|move|p1a: Crocodile|Stealth Rock|p2a: Slowking
|-sidestart|p2: PepsiEnby|move: Stealth Rock
|move|p2a: Slowking|Toxic|p1a: Crocodile
|-status|p1a: Crocodile|tox
|
|-weather|Sandstorm|[upkeep]
|-damage|p2a: Slowking|77/100|[from] Sandstorm
|-heal|p1a: Crocodile|31/100 tox|[from] item: Leftovers
|-damage|p1a: Crocodile|25/100 tox|[from] psn
|upkeep
|turn|33
|
|t:|1781517667
|switch|p1a: Mr. 1|Excadrill, F|81/100
|move|p2a: Slowking|Toxic|p1a: Mr. 1
|-immune|p1a: Mr. 1
|
|-weather|Sandstorm|[upkeep]
|-damage|p2a: Slowking|71/100|[from] Sandstorm
|-heal|p1a: Mr. 1|87/100|[from] item: Leftovers
|upkeep
|turn|34
|
|t:|1781517672
|switch|p2a: Salamence|Salamence, M|56/100
|-ability|p2a: Salamence|Intimidate|boost
|-unboost|p1a: Mr. 1|atk|1
|move|p1a: Mr. 1|Rock Slide|p2a: Salamence
|-supereffective|p2a: Salamence
|-damage|p2a: Salamence|27/100
|
|-weather|Sandstorm|[upkeep]
|-damage|p2a: Salamence|21/100|[from] Sandstorm
|-heal|p1a: Mr. 1|93/100|[from] item: Leftovers
|upkeep
|turn|35
|
|t:|1781517676
|switch|p2a: Slowking|Slowking-Galar, F, shiny, tera:Fairy|100/100
|-damage|p2a: Slowking|88/100|[from] Stealth Rock
|move|p1a: Mr. 1|Rock Slide|p2a: Slowking
|-damage|p2a: Slowking|75/100
|
|-weather|none
|-heal|p1a: Mr. 1|99/100|[from] item: Leftovers
|upkeep
|turn|36
|
|t:|1781517680
|switch|p1a: Big Mom|Alomomola, F|100/100
|-prepare|p2a: Slowking|Chilly Reception|[premajor]
|move|p2a: Slowking|Chilly Reception|p2a: Slowking
|-weather|Snowscape
|
|t:|1781517683
|switch|p2a: Cinderace|Cinderace, F|100/100|[from] Chilly Reception
|
|-weather|Snowscape|[upkeep]
|upkeep
|turn|37
|
|t:|1781517690
|move|p2a: Cinderace|Court Change|p2a: Cinderace
|-swapsideconditions
|-activate|p2a: Cinderace|move: Court Change
|move|p1a: Big Mom|Wish|p1a: Big Mom
|
|-weather|Snowscape|[upkeep]
|upkeep
|turn|38
|
|t:|1781517700
|move|p2a: Cinderace|Will-O-Wisp|p1a: Big Mom
|-status|p1a: Big Mom|brn
|move|p1a: Big Mom|Flip Turn|p2a: Cinderace
|-supereffective|p2a: Cinderace
|-damage|p2a: Cinderace|79/100
|
|t:|1781517704
|switch|p1a: Crocodile|Tyranitar, F|25/100 tox|[from] Flip Turn
|-damage|p1a: Crocodile|12/100 tox|[from] Stealth Rock
|-weather|Sandstorm|[from] ability: Sand Stream|[of] p1a: Crocodile
|
|-weather|Sandstorm|[upkeep]
|-damage|p2a: Cinderace|73/100|[from] Sandstorm
|-heal|p1a: Crocodile|71/100 tox|[from] move: Wish|[wisher] Big Mom
|-heal|p1a: Crocodile|77/100 tox|[from] item: Leftovers
|-damage|p1a: Crocodile|71/100 tox|[from] psn
|upkeep
|turn|39
|
|t:|1781517708
|switch|p1a: Marco|Tornadus-Therian, M|100/100
|move|p2a: Cinderace|Court Change|p2a: Cinderace
|-swapsideconditions
|-activate|p2a: Cinderace|move: Court Change
|
|-weather|Sandstorm|[upkeep]
|-damage|p1a: Marco|94/100|[from] Sandstorm
|-damage|p2a: Cinderace|67/100|[from] Sandstorm
|upkeep
|turn|40
|
|t:|1781517717
|move|p1a: Marco|Bleakwind Storm|p2a: Cinderace
|-damage|p2a: Cinderace|20/100
|-unboost|p2a: Cinderace|spe|1
|move|p2a: Cinderace|Court Change|p2a: Cinderace
|-swapsideconditions
|-activate|p2a: Cinderace|move: Court Change
|
|-weather|Sandstorm|[upkeep]
|-damage|p1a: Marco|88/100|[from] Sandstorm
|-damage|p2a: Cinderace|14/100|[from] Sandstorm
|upkeep
|turn|41
|
|t:|1781517721
|switch|p2a: Slowking|Slowking-Galar, F, shiny, tera:Fairy|100/100
|move|p1a: Marco|Knock Off|p2a: Slowking
|-resisted|p2a: Slowking
|-damage|p2a: Slowking|94/100
|-enditem|p2a: Slowking|Choice Band|[from] move: Knock Off|[of] p1a: Marco
|
|-weather|Sandstorm|[upkeep]
|-damage|p1a: Marco|82/100|[from] Sandstorm
|-damage|p2a: Slowking|88/100|[from] Sandstorm
|upkeep
|turn|42
|
|t:|1781517729
|move|p1a: Marco|U-turn|p2a: Slowking
|-resisted|p2a: Slowking
|-damage|p2a: Slowking|82/100
|
|t:|1781517732
|switch|p1a: Mr. 1|Excadrill, F|99/100|[from] U-turn
|-damage|p1a: Mr. 1|96/100|[from] Stealth Rock
|move|p2a: Slowking|Trick|p1a: Mr. 1
|-activate|p2a: Slowking|move: Trick|[of] p1a: Mr. 1
|-enditem|p1a: Mr. 1|Leftovers|[silent]|[from] move: Trick
|-item|p2a: Slowking|Leftovers|[from] move: Trick
|
|-weather|none
|-heal|p2a: Slowking|88/100|[from] item: Leftovers
|upkeep
|turn|43
|
|t:|1781517738
|move|p1a: Mr. 1|Substitute|p1a: Mr. 1
|-start|p1a: Mr. 1|Substitute
|-damage|p1a: Mr. 1|71/100
|move|p2a: Slowking|Ice Beam|p1a: Mr. 1
|-end|p1a: Mr. 1|Substitute
|
|-heal|p2a: Slowking|94/100|[from] item: Leftovers
|upkeep
|turn|44
|
|t:|1781517742
|move|p1a: Mr. 1|Earthquake|p2a: Slowking
|-damage|p2a: Slowking|53/100
|-prepare|p2a: Slowking|Chilly Reception|[premajor]
|move|p2a: Slowking|Chilly Reception|p2a: Slowking
|-weather|Snowscape
|
|t:|1781517745
|switch|p2a: Glaceon|Glaceon, F, shiny|52/100|[from] Chilly Reception
|
|-weather|Snowscape|[upkeep]
|-heal|p2a: Glaceon|58/100|[from] ability: Ice Body
|upkeep
|turn|45
|
|t:|1781517759
|switch|p1a: Crocodile|Tyranitar, F|71/100 tox
|-damage|p1a: Crocodile|58/100 tox|[from] Stealth Rock
|-weather|Sandstorm|[from] ability: Sand Stream|[of] p1a: Crocodile
|switch|p2a: Salamence|Salamence, M|21/100
|-ability|p2a: Salamence|Intimidate|boost
|-unboost|p1a: Crocodile|atk|1
|
|-weather|Sandstorm|[upkeep]
|-damage|p2a: Salamence|15/100|[from] Sandstorm
|-heal|p1a: Crocodile|65/100 tox|[from] item: Leftovers
|-damage|p1a: Crocodile|58/100 tox|[from] psn
|upkeep
|turn|46
|
|t:|1781517774
|switch|p1a: Marco|Tornadus-Therian, M|100/100
|move|p2a: Salamence|Roost|p2a: Salamence
|-heal|p2a: Salamence|65/100
|-singleturn|p2a: Salamence|move: Roost
|
|-weather|Sandstorm|[upkeep]
|-damage|p1a: Marco|94/100|[from] Sandstorm
|-damage|p2a: Salamence|59/100|[from] Sandstorm
|upkeep
|turn|47
|
|t:|1781517777
|switch|p2a: Slowking|Slowking-Galar, F, shiny, tera:Fairy|87/100
|move|p1a: Marco|Bleakwind Storm|p2a: Slowking
|-damage|p2a: Slowking|55/100
|
|-weather|Sandstorm|[upkeep]
|-damage|p1a: Marco|88/100|[from] Sandstorm
|-damage|p2a: Slowking|48/100|[from] Sandstorm
|-heal|p2a: Slowking|55/100|[from] item: Leftovers
|upkeep
|turn|48
|
|t:|1781517785
|move|p1a: Marco|Bleakwind Storm|p2a: Slowking
|-damage|p2a: Slowking|23/100
|-prepare|p2a: Slowking|Chilly Reception|[premajor]
|move|p2a: Slowking|Chilly Reception|p2a: Slowking
|-weather|Snowscape
|
|t:|1781517793
|switch|p2a: Glaceon|Glaceon, F, shiny|58/100|[from] Chilly Reception
|
|-weather|Snowscape|[upkeep]
|-heal|p2a: Glaceon|64/100|[from] ability: Ice Body
|upkeep
|turn|49
|
|t:|1781517800
|move|p1a: Marco|Heat Wave|p2a: Glaceon
|-supereffective|p2a: Glaceon
|-damage|p2a: Glaceon|14/100
|move|p2a: Glaceon|Blizzard|p1a: Marco
|-supereffective|p1a: Marco
|-damage|p1a: Marco|0 fnt
|faint|p1a: Marco
|
|-weather|Snowscape|[upkeep]
|-heal|p2a: Glaceon|20/100|[from] ability: Ice Body
|upkeep
|
|t:|1781517808
|switch|p1a: Crocodile|Tyranitar, F|58/100 tox
|-damage|p1a: Crocodile|46/100 tox|[from] Stealth Rock
|-weather|Sandstorm|[from] ability: Sand Stream|[of] p1a: Crocodile
|turn|50
|
|t:|1781517814
|switch|p2a: Salamence|Salamence, M|59/100
|-ability|p2a: Salamence|Intimidate|boost
|-unboost|p1a: Crocodile|atk|1
|move|p1a: Crocodile|Stealth Rock|p2a: Salamence
|-sidestart|p2: PepsiEnby|move: Stealth Rock
|
|-weather|Sandstorm|[upkeep]
|-damage|p2a: Salamence|53/100|[from] Sandstorm
|-heal|p1a: Crocodile|52/100 tox|[from] item: Leftovers
|-damage|p1a: Crocodile|46/100 tox|[from] psn
|upkeep
|turn|51
|
|t:|1781517817
|move|p2a: Salamence|Roost|p2a: Salamence
|-heal|p2a: Salamence|100/100
|-singleturn|p2a: Salamence|move: Roost
|move|p1a: Crocodile|Ice Beam|p2a: Salamence
|-supereffective|p2a: Salamence
|-damage|p2a: Salamence|59/100
|
|-weather|Sandstorm|[upkeep]
|-damage|p2a: Salamence|53/100|[from] Sandstorm
|-heal|p1a: Crocodile|52/100 tox|[from] item: Leftovers
|-damage|p1a: Crocodile|40/100 tox|[from] psn
|upkeep
|turn|52
|
|t:|1781517823
|switch|p1a: Big Mom|Alomomola, F|100/100 brn
|move|p2a: Salamence|Roost|p2a: Salamence
|-heal|p2a: Salamence|100/100
|-singleturn|p2a: Salamence|move: Roost
|
|-weather|Sandstorm|[upkeep]
|-damage|p2a: Salamence|94/100|[from] Sandstorm
|-damage|p1a: Big Mom|94/100 brn|[from] Sandstorm
|-damage|p1a: Big Mom|88/100 brn|[from] brn
|upkeep
|turn|53
|
|t:|1781517831
|move|p2a: Salamence|Dragon Dance|p2a: Salamence
|-boost|p2a: Salamence|atk|1
|-boost|p2a: Salamence|spe|1
|move|p1a: Big Mom|Wish|p1a: Big Mom
|
|-weather|Sandstorm|[upkeep]
|-damage|p2a: Salamence|88/100|[from] Sandstorm
|-damage|p1a: Big Mom|82/100 brn|[from] Sandstorm
|-damage|p1a: Big Mom|76/100 brn|[from] brn
|upkeep
|turn|54
|
|t:|1781517835
|move|p2a: Salamence|Dragon Dance|p2a: Salamence
|-boost|p2a: Salamence|atk|1
|-boost|p2a: Salamence|spe|1
|move|p1a: Big Mom|Flip Turn|p2a: Salamence
|-resisted|p2a: Salamence
|-damage|p2a: Salamence|85/100
|
|t:|1781517837
|switch|p1a: Crocodile|Tyranitar, F|40/100 tox|[from] Flip Turn
|-damage|p1a: Crocodile|27/100 tox|[from] Stealth Rock
|
|-weather|none
|-heal|p1a: Crocodile|86/100 tox|[from] move: Wish|[wisher] Big Mom
|-heal|p1a: Crocodile|92/100 tox|[from] item: Leftovers
|-damage|p1a: Crocodile|86/100 tox|[from] psn
|upkeep
|turn|55
|
|t:|1781517841
|-terastallize|p1a: Crocodile|Flying
|move|p2a: Salamence|Earthquake|p1a: Crocodile
|-immune|p1a: Crocodile
|move|p1a: Crocodile|Ice Beam|p2a: Salamence
|-supereffective|p2a: Salamence
|-damage|p2a: Salamence|0 fnt
|faint|p2a: Salamence
|
|-heal|p1a: Crocodile|92/100 tox|[from] item: Leftovers
|-damage|p1a: Crocodile|80/100 tox|[from] psn
|upkeep
|
|t:|1781517849
|switch|p2a: Slowking|Slowking-Galar, F, shiny, tera:Fairy|56/100
|-damage|p2a: Slowking|44/100|[from] Stealth Rock
|turn|56
|
|t:|1781517854
|switch|p1a: Big Mom|Alomomola, F|100/100 brn
|-prepare|p2a: Slowking|Chilly Reception|[premajor]
|move|p2a: Slowking|Chilly Reception|p2a: Slowking
|-weather|Snowscape
|
|t:|1781517857
|switch|p2a: Glaceon|Glaceon, F, shiny|20/100|[from] Chilly Reception
|
|-weather|Snowscape|[upkeep]
|-heal|p2a: Glaceon|26/100|[from] ability: Ice Body
|-damage|p1a: Big Mom|94/100 brn|[from] brn
|upkeep
|turn|57
|
|t:|1781517861
|switch|p1a: Crocodile|Tyranitar, F, tera:Flying|80/100 tox
|-damage|p1a: Crocodile|55/100 tox|[from] Stealth Rock
|-weather|Sandstorm|[from] ability: Sand Stream|[of] p1a: Crocodile
|move|p2a: Glaceon|Freeze-Dry|p1a: Crocodile
|-supereffective|p1a: Crocodile
|-damage|p1a: Crocodile|0 fnt
|faint|p1a: Crocodile
|
|-weather|Sandstorm|[upkeep]
|-damage|p2a: Glaceon|20/100|[from] Sandstorm
|upkeep
|
|t:|1781517864
|switch|p1a: Mr. 1|Excadrill, F|71/100
|-damage|p1a: Mr. 1|68/100|[from] Stealth Rock
|turn|58
|
|t:|1781517885
|switch|p2a: Cinderace|Cinderace, F|14/100
|move|p1a: Mr. 1|Earthquake|p2a: Cinderace
|-supereffective|p2a: Cinderace
|-damage|p2a: Cinderace|0 fnt
|faint|p2a: Cinderace
|
|-weather|Sandstorm|[upkeep]
|upkeep
|
|t:|1781517898
|switch|p2a: Ting-Lu|Ting-Lu, shiny|88/100
|-damage|p2a: Ting-Lu|82/100|[from] Stealth Rock
|-ability|p2a: Ting-Lu|Vessel of Ruin
|turn|59
|
|t:|1781517905
|switch|p1a: Big Mom|Alomomola, F|100/100 brn
|move|p2a: Ting-Lu|Earthquake|p1a: Big Mom
|-damage|p1a: Big Mom|72/100 brn
|
|-weather|Sandstorm|[upkeep]
|-damage|p1a: Big Mom|66/100 brn|[from] Sandstorm
|-damage|p1a: Big Mom|60/100 brn|[from] brn
|upkeep
|turn|60
|
|t:|1781517908
|move|p2a: Ting-Lu|Earthquake|p1a: Big Mom
|-damage|p1a: Big Mom|28/100 brn
|move|p1a: Big Mom|Wish|p1a: Big Mom
|
|-weather|Sandstorm|[upkeep]
|-damage|p1a: Big Mom|22/100 brn|[from] Sandstorm
|-damage|p1a: Big Mom|16/100 brn|[from] brn
|upkeep
|turn|61
|
|t:|1781517913
|move|p1a: Big Mom|Protect|p1a: Big Mom
|-singleturn|p1a: Big Mom|Protect
|move|p2a: Ting-Lu|Earthquake|p1a: Big Mom
|-activate|p1a: Big Mom|move: Protect
|
|-weather|none
|-heal|p1a: Big Mom|65/100 brn|[from] move: Wish|[wisher] Big Mom
|-damage|p1a: Big Mom|59/100 brn|[from] brn
|upkeep
|turn|62
|
|t:|1781517915
|move|p2a: Ting-Lu|Earthquake|p1a: Big Mom
|-damage|p1a: Big Mom|27/100 brn
|move|p1a: Big Mom|Wish|p1a: Big Mom
|
|-damage|p1a: Big Mom|21/100 brn|[from] brn
|upkeep
|turn|63
|
|t:|1781517919
|move|p1a: Big Mom|Protect|p1a: Big Mom
|-singleturn|p1a: Big Mom|Protect
|move|p2a: Ting-Lu|Earthquake|p1a: Big Mom
|-activate|p1a: Big Mom|move: Protect
|
|-heal|p1a: Big Mom|71/100 brn|[from] move: Wish|[wisher] Big Mom
|-damage|p1a: Big Mom|65/100 brn|[from] brn
|upkeep
|turn|64
|
|t:|1781517924
|move|p2a: Ting-Lu|Earthquake|p1a: Big Mom
|-damage|p1a: Big Mom|33/100 brn
|move|p1a: Big Mom|Wish|p1a: Big Mom
|
|-damage|p1a: Big Mom|27/100 brn|[from] brn
|upkeep
|turn|65
|
|t:|1781517927
|switch|p2a: Slowking|Slowking-Galar, F, shiny, tera:Fairy|77/100
|-damage|p2a: Slowking|65/100|[from] Stealth Rock
|move|p1a: Big Mom|Protect||[still]
|-fail|p1a: Big Mom
|
|-heal|p1a: Big Mom|76/100 brn|[from] move: Wish|[wisher] Big Mom
|-heal|p2a: Slowking|71/100|[from] item: Leftovers
|-damage|p1a: Big Mom|70/100 brn|[from] brn
|upkeep
|turn|66
|
|t:|1781517934
|move|p1a: Big Mom|Wish|p1a: Big Mom
|-prepare|p2a: Slowking|Chilly Reception|[premajor]
|move|p2a: Slowking|Chilly Reception|p2a: Slowking
|-weather|Snowscape
|
|t:|1781517935
|switch|p2a: Glaceon|Glaceon, F, shiny|20/100|[from] Chilly Reception
|
|-weather|Snowscape|[upkeep]
|-heal|p2a: Glaceon|26/100|[from] ability: Ice Body
|-damage|p1a: Big Mom|64/100 brn|[from] brn
|upkeep
|turn|67
|
|t:|1781517941
|move|p2a: Glaceon|Freeze-Dry|p1a: Big Mom
|-supereffective|p1a: Big Mom
|-damage|p1a: Big Mom|0 fnt
|faint|p1a: Big Mom
|
|-weather|Snowscape|[upkeep]
|-heal|p2a: Glaceon|32/100|[from] ability: Ice Body
|upkeep
|
|t:|1781517945
|switch|p1a: Mr. 1|Excadrill, F|68/100
|-damage|p1a: Mr. 1|65/100|[from] Stealth Rock
|turn|68
|
|t:|1781517949
|move|p1a: Mr. 1|Rock Slide|p2a: Glaceon
|-supereffective|p2a: Glaceon
|-damage|p2a: Glaceon|0 fnt
|faint|p2a: Glaceon
|
|-weather|Snowscape|[upkeep]
|upkeep
|
|t:|1781517951
|switch|p2a: Ting-Lu|Ting-Lu, shiny|82/100
|-damage|p2a: Ting-Lu|76/100|[from] Stealth Rock
|-ability|p2a: Ting-Lu|Vessel of Ruin
|turn|69
|
|t:|1781517954
|move|p1a: Mr. 1|Substitute|p1a: Mr. 1
|-start|p1a: Mr. 1|Substitute
|-damage|p1a: Mr. 1|40/100
|move|p2a: Ting-Lu|Earthquake|p1a: Mr. 1
|-supereffective|p1a: Mr. 1
|-crit|p1a: Mr. 1
|-end|p1a: Mr. 1|Substitute
|
|-weather|Snowscape|[upkeep]
|upkeep
|turn|70
|
|t:|1781517959
|move|p1a: Mr. 1|Earthquake|p2a: Ting-Lu
|-damage|p2a: Ting-Lu|45/100
|move|p2a: Ting-Lu|Earthquake|p1a: Mr. 1
|-supereffective|p1a: Mr. 1
|-damage|p1a: Mr. 1|0 fnt
|faint|p1a: Mr. 1
|
|win|PepsiEnby
|raw|rrbrru's rating: 1603 &rarr; <strong>1592</strong><br />(-11 for losing)
|raw|PepsiEnby's rating: 1781 &rarr; <strong>1792</strong><br />(+11 for winning)
|l|☆PepsiEnby
|player|p2|
