|j|☆Roseofrosarade
|j|☆altyWIN
|t:|1781410026
|gametype|singles
|player|p1|Roseofrosarade|266|1692
|player|p2|altyWIN|backpacker|1635
|gen|9
|tier|[Gen 9] OU
|rated|
|rule|HP Percentage Mod: HP is shown in percentages
|rule|Endless Battle Clause: Forcing endless battles is banned
|rule|Species Clause: Limit one of each Pokémon
|rule|OHKO Clause: OHKO moves are banned
|rule|Evasion Items Clause: Evasion items are banned
|rule|Evasion Moves Clause: Evasion moves are banned
|rule|Evasion Abilities Clause: Evasion abilities are banned
|rule|Sleep Moves Clause: Sleep-inducing moves are banned
|clearpoke
|poke|p1|Umbreon, F|
|poke|p1|Sinistcha|
|poke|p1|Iron Treads|
|poke|p1|Slowking, F|
|poke|p1|Tornadus-Therian, M|
|poke|p1|Zamazenta-*|
|poke|p2|Excadrill, M|
|poke|p2|Tyranitar, M|
|poke|p2|Hydrapple, M|
|poke|p2|Alomomola, L99, M|
|poke|p2|Hatterene, F|
|poke|p2|Zapdos|
|teampreview
|
|t:|1781410039
|teamsize|p1|6
|teamsize|p2|6
|start
|switch|p1a: Tornadus|Tornadus-Therian, M|100/100
|switch|p2a: FreeCaneMerchant|Zapdos|100/100
|turn|1
|inactive|Battle timer is ON: inactive players will automatically lose when time's up. (requested by altyWIN)
|j| choispecs ironmoth
|inactive|altyWIN has 120 seconds left.
|
|t:|1781410071
|switch|p1a: Iron Treads|Iron Treads|100/100
|move|p2a: FreeCaneMerchant|Hurricane|p1a: Iron Treads
|-resisted|p1a: Iron Treads
|-damage|p1a: Iron Treads|60/100
|
|-heal|p1a: Iron Treads|66/100|[from] item: Leftovers
|upkeep
|turn|2
|
|t:|1781410084
|switch|p2a: Kim K|Hatterene, F|100/100
|move|p1a: Iron Treads|Knock Off|p2a: Kim K
|-damage|p2a: Kim K|73/100
|-enditem|p2a: Kim K|Assault Vest|[from] move: Knock Off|[of] p1a: Iron Treads
|
|-heal|p1a: Iron Treads|72/100|[from] item: Leftovers
|upkeep
|turn|3
|
|t:|1781410098
|move|p1a: Iron Treads|Earthquake|p2a: Kim K
|-damage|p2a: Kim K|30/100
|move|p2a: Kim K|Mystical Fire|p1a: Iron Treads
|-supereffective|p1a: Iron Treads
|-damage|p1a: Iron Treads|26/100
|-unboost|p1a: Iron Treads|spa|1
|
|-heal|p1a: Iron Treads|32/100|[from] item: Leftovers
|upkeep
|turn|4
|
|t:|1781410104
|switch|p2a: FreeCaneMerchant|Zapdos|100/100
|move|p1a: Iron Treads|Earthquake|p2a: FreeCaneMerchant
|-immune|p2a: FreeCaneMerchant
|
|-heal|p1a: Iron Treads|38/100|[from] item: Leftovers
|upkeep
|turn|5
|
|t:|1781410111
|-end|p1a: Iron Treads|Quark Drive|[silent]
|switch|p1a: Slowking|Slowking, F|100/100
|move|p2a: FreeCaneMerchant|Hurricane|p1a: Slowking
|-damage|p1a: Slowking|66/100
|
|upkeep
|turn|6
|inactive|altyWIN has 120 seconds left.
|
|t:|1781410143
|switch|p2a: Cardi B|Alomomola, L99, M|100/100
|move|p1a: Slowking|Scald|p2a: Cardi B
|-resisted|p2a: Cardi B
|-damage|p2a: Cardi B|83/100
|
|upkeep
|turn|7
|j| jsnsddk
|inactive|altyWIN has 120 seconds left.
|
|t:|1781410166
|switch|p1a: Umbreon|Umbreon, F|100/100
|move|p2a: Cardi B|Wish|p2a: Cardi B
|
|upkeep
|turn|8
|
|t:|1781410174
|switch|p2a: Kim K|Hatterene, F|30/100
|move|p1a: Umbreon|Toxic|p2a: Kim K
|move|p2a: Kim K|Toxic|p1a: Umbreon|[from] ability: Magic Bounce
|-status|p1a: Umbreon|tox
|
|-heal|p2a: Kim K|100/100|[from] move: Wish|[wisher] Cardi B
|-damage|p1a: Umbreon|94/100 tox|[from] psn
|upkeep
|turn|9
|inactive|altyWIN has 120 seconds left.
|
|t:|1781410190
|switch|p1a: Slowking|Slowking, F|99/100
|move|p2a: Kim K|Draining Kiss|p1a: Slowking
|-damage|p1a: Slowking|90/100
|
|upkeep
|turn|10
|inactive|altyWIN has 120 seconds left.
|
|t:|1781410208
|move|p1a: Slowking|Scald|p2a: Kim K
|-damage|p2a: Kim K|75/100
|move|p2a: Kim K|Nuzzle|p1a: Slowking
|-supereffective|p1a: Slowking
|-damage|p1a: Slowking|82/100
|-status|p1a: Slowking|par
|
|upkeep
|turn|11
|l| jsnsddk
|inactive|altyWIN has 120 seconds left.
|
|t:|1781410219
|switch|p2a: Hydrippy|Hydrapple, M|100/100
|move|p1a: Slowking|Scald|p2a: Hydrippy
|-resisted|p2a: Hydrippy
|-damage|p2a: Hydrippy|94/100
|
|upkeep
|turn|12
|inactive|altyWIN has 120 seconds left.
|
|t:|1781410225
|switch|p1a: Tornadus|Tornadus-Therian, M|100/100
|move|p2a: Hydrippy|Nasty Plot|p2a: Hydrippy
|-boost|p2a: Hydrippy|spa|2
|
|upkeep
|turn|13
|inactive|altyWIN has 120 seconds left.
|
|t:|1781410251
|-terastallize|p1a: Tornadus|Steel
|-terastallize|p2a: Hydrippy|Poison
|move|p1a: Tornadus|Bleakwind Storm|p2a: Hydrippy|[miss]
|-miss|p1a: Tornadus|p2a: Hydrippy
|move|p2a: Hydrippy|Fickle Beam|p1a: Tornadus|[anim] Fickle Beam All Out
|-activate|p2a: Hydrippy|move: Fickle Beam
|-resisted|p1a: Tornadus
|-damage|p1a: Tornadus|19/100
|
|upkeep
|turn|14
|j| jsnsddk
|
|t:|1781410266
|move|p1a: Tornadus|Bleakwind Storm|p2a: Hydrippy|[miss]
|-miss|p1a: Tornadus|p2a: Hydrippy
|move|p2a: Hydrippy|Giga Drain|p1a: Tornadus
|-resisted|p1a: Tornadus
|-damage|p1a: Tornadus|0 fnt
|-heal|p2a: Hydrippy|100/100|[from] drain|[of] p1a: Tornadus
|faint|p1a: Tornadus
|
|upkeep
|-message|Roseofrosarade forfeited.
|
|win|altyWIN
|raw|Roseofrosarade's rating: 1692 &rarr; <strong>1669</strong><br />(-23 for losing)
|raw|altyWIN's rating: 1635 &rarr; <strong>1658</strong><br />(+23 for winning)
|l|☆Roseofrosarade
|player|p1|
|l|☆altyWIN
|player|p2|
