|badge|p1|silver|gen9ou|30-9
|uhtml|medal-msg|<div class="broadcast-blue">Curious what those medals under the avatar are? PS now has Ladder Seasons! For more information, check out the <a href="https://www.smogon.com/forums/threads/3740067/">thread on Smogon.</a></div>
|j|☆AnonymousJon
|j|☆KnightKnaveSpy
|t:|1781156531
|gametype|singles
|player|p1|AnonymousJon|workerice|1910
|player|p2|KnightKnaveSpy|101|1638
|gen|9
|tier|[Gen 9] OU
|rated|
|rule|HP Percentage Mod: HP is shown in percentages
|rule|Endless Battle Clause: Forcing endless battles is banned
|rule|Species Clause: Limit one of each Pokémon
|rule|OHKO Clause: OHKO moves are banned
|rule|Evasion Items Clause: Evasion items are banned
|rule|Evasion Moves Clause: Evasion moves are banned
|rule|Evasion Abilities Clause: Evasion abilities are banned
|rule|Sleep Moves Clause: Sleep-inducing moves are banned
|clearpoke
|poke|p1|Great Tusk|
|poke|p1|Ogerpon-Cornerstone, F|
|poke|p1|Rillaboom, F|
|poke|p1|Tyranitar, F|
|poke|p1|Corviknight, M|
|poke|p1|Dragapult, M|
|poke|p2|Samurott-Hisui, F|
|poke|p2|Blaziken, M|
|poke|p2|Kingambit, F|
|poke|p2|Raging Bolt|
|poke|p2|Ogerpon-Wellspring, F|
|poke|p2|Greninja-*, M|
|teampreview
|inactive|Battle timer is ON: inactive players will automatically lose when time's up. (requested by AnonymousJon)
|
|t:|1781156544
|teamsize|p1|6
|teamsize|p2|6
|start
|switch|p1a: Rillaboom|Rillaboom, F|100/100
|switch|p2a: Samurott|Samurott-Hisui, F|100/100
|-fieldstart|move: Grassy Terrain|[from] ability: Grassy Surge|[of] p1a: Rillaboom
|turn|1
|
|t:|1781156547
|move|p2a: Samurott|Ceaseless Edge|p1a: Rillaboom
|-damage|p1a: Rillaboom|55/100
|-sidestart|p1: AnonymousJon|Spikes
|move|p1a: Rillaboom|U-turn|p2a: Samurott
|-supereffective|p2a: Samurott
|-damage|p2a: Samurott|8/100
|
|t:|1781156551
|switch|p1a: Corviknight|Corviknight, M|100/100|[from] U-turn
|-ability|p1a: Corviknight|Pressure
|
|-heal|p2a: Samurott|14/100|[from] Grassy Terrain
|upkeep
|turn|2
|
|t:|1781156555
|switch|p2a: Raging Bolt|Raging Bolt|100/100
|-item|p2a: Raging Bolt|Air Balloon
|move|p1a: Corviknight|U-turn|p2a: Raging Bolt
|-damage|p2a: Raging Bolt|89/100
|-enditem|p2a: Raging Bolt|Air Balloon
|
|t:|1781156556
|switch|p1a: Great Tusk|Great Tusk|100/100|[from] U-turn
|-damage|p1a: Great Tusk|88/100|[from] Spikes
|
|-heal|p1a: Great Tusk|94/100|[from] Grassy Terrain
|-heal|p2a: Raging Bolt|95/100|[from] Grassy Terrain
|upkeep
|turn|3
|
|t:|1781156559
|move|p1a: Great Tusk|Rapid Spin|p2a: Raging Bolt
|-damage|p2a: Raging Bolt|81/100
|-boost|p1a: Great Tusk|spe|1
|-sideend|p1: AnonymousJon|Spikes|[from] move: Rapid Spin|[of] p1a: Great Tusk
|move|p2a: Raging Bolt|Draco Meteor|p1a: Great Tusk
|-damage|p1a: Great Tusk|45/100
|-unboost|p2a: Raging Bolt|spa|2
|
|-heal|p1a: Great Tusk|52/100|[from] Grassy Terrain
|-heal|p2a: Raging Bolt|87/100|[from] Grassy Terrain
|upkeep
|turn|4
|
|t:|1781156564
|-end|p2a: Raging Bolt|Protosynthesis|[silent]
|switch|p2a: Ogerpon|Ogerpon-Wellspring, F|100/100
|move|p1a: Great Tusk|Headlong Rush|p2a: Ogerpon
|-resisted|p2a: Ogerpon
|-damage|p2a: Ogerpon|65/100
|-unboost|p1a: Great Tusk|def|1
|-unboost|p1a: Great Tusk|spd|1
|
|-heal|p1a: Great Tusk|58/100|[from] Grassy Terrain
|-heal|p2a: Ogerpon|71/100|[from] Grassy Terrain
|upkeep
|turn|5
|
|t:|1781156568
|-end|p1a: Great Tusk|Protosynthesis|[silent]
|switch|p1a: Dragapult|Dragapult, M|100/100
|move|p2a: Ogerpon|Swords Dance|p2a: Ogerpon
|-boost|p2a: Ogerpon|atk|2
|
|-heal|p2a: Ogerpon|77/100|[from] Grassy Terrain
|-fieldend|move: Grassy Terrain
|upkeep
|turn|6
|
|t:|1781156571
|switch|p2a: Samurott|Samurott-Hisui, F|14/100
|move|p1a: Dragapult|Will-O-Wisp|p2a: Samurott
|-status|p2a: Samurott|brn
|
|-damage|p2a: Samurott|8/100 brn|[from] brn
|upkeep
|turn|7
|
|t:|1781156576
|move|p2a: Samurott|Sucker Punch|p1a: Dragapult
|-supereffective|p1a: Dragapult
|-damage|p1a: Dragapult|53/100
|move|p1a: Dragapult|Dragon Darts|p2a: Samurott
|-damage|p2a: Samurott|0 fnt
|faint|p2a: Samurott
|
|-heal|p1a: Dragapult|59/100|[from] item: Leftovers
|upkeep
|
|t:|1781156580
|switch|p2a: Kingambit|Kingambit, F|100/100
|-activate|p2a: Kingambit|ability: Supreme Overlord
|-start|p2a: Kingambit|fallen1|[silent]
|turn|8
|
|t:|1781156585
|move|p1a: Dragapult|Will-O-Wisp|p2a: Kingambit|[miss]
|-miss|p1a: Dragapult|p2a: Kingambit
|move|p2a: Kingambit|Iron Head|p1a: Dragapult
|-damage|p1a: Dragapult|0 fnt
|faint|p1a: Dragapult
|
|upkeep
|
|t:|1781156598
|switch|p1a: Ogerpon|Ogerpon-Cornerstone, F|100/100
|turn|9
|
|t:|1781156603
|-terastallize|p2a: Kingambit|Ghost
|move|p1a: Ogerpon|Low Kick|p2a: Kingambit
|-immune|p2a: Kingambit
|move|p2a: Kingambit|Iron Head|p1a: Ogerpon
|-supereffective|p1a: Ogerpon
|-ability|p1a: Ogerpon|Sturdy
|-damage|p1a: Ogerpon|1/100
|
|upkeep
|turn|10
|
|t:|1781156615
|switch|p1a: Tyranitar|Tyranitar, F|100/100
|-weather|Sandstorm|[from] ability: Sand Stream|[of] p1a: Tyranitar
|move|p2a: Kingambit|Sucker Punch||[still]
|-fail|p2a: Kingambit
|
|-weather|Sandstorm|[upkeep]
|-damage|p2a: Kingambit|94/100|[from] Sandstorm
|upkeep
|turn|11
|
|t:|1781156619
|switch|p1a: Corviknight|Corviknight, M|100/100
|-ability|p1a: Corviknight|Pressure
|-end|p2a: Kingambit|fallen1|[silent]
|switch|p2a: Blaziken|Blaziken, M|100/100
|
|-weather|Sandstorm|[upkeep]
|-damage|p2a: Blaziken|95/100|[from] Sandstorm
|-heal|p2a: Blaziken|100/100|[from] item: Leftovers
|upkeep
|turn|12
|
|t:|1781156624
|switch|p2a: Raging Bolt|Raging Bolt|87/100
|-terastallize|p1a: Corviknight|Dragon
|move|p1a: Corviknight|Brave Bird|p2a: Raging Bolt
|-resisted|p2a: Raging Bolt
|-damage|p2a: Raging Bolt|73/100
|-damage|p1a: Corviknight|95/100|[from] Recoil
|
|-weather|Sandstorm|[upkeep]
|-damage|p2a: Raging Bolt|66/100|[from] Sandstorm
|-damage|p1a: Corviknight|89/100|[from] Sandstorm
|upkeep
|turn|13
|
|t:|1781156628
|switch|p1a: Tyranitar|Tyranitar, F|100/100
|move|p2a: Raging Bolt|Draco Meteor|p1a: Tyranitar
|-damage|p1a: Tyranitar|67/100
|-unboost|p2a: Raging Bolt|spa|2
|
|-weather|Sandstorm|[upkeep]
|-damage|p2a: Raging Bolt|60/100|[from] Sandstorm
|-heal|p1a: Tyranitar|73/100|[from] item: Leftovers
|upkeep
|turn|14
|
|t:|1781156632
|move|p2a: Raging Bolt|Volt Switch|p1a: Tyranitar
|-damage|p1a: Tyranitar|64/100
|j| jujuboy420
|
|t:|1781156635
|-end|p2a: Raging Bolt|Protosynthesis|[silent]
|switch|p2a: Greninja|Greninja, M|100/100|[from] Volt Switch
|move|p1a: Tyranitar|Stealth Rock|p2a: Greninja
|-sidestart|p2: KnightKnaveSpy|move: Stealth Rock
|
|-weather|none
|-heal|p1a: Tyranitar|70/100|[from] item: Leftovers
|upkeep
|turn|15
|
|t:|1781156639
|switch|p1a: Ogerpon|Ogerpon-Cornerstone, F|1/100
|move|p2a: Greninja|Hydro Pump|p1a: Ogerpon|[miss]
|-start|p2a: Greninja|typechange|Water|[from] ability: Protean
|-miss|p2a: Greninja|p1a: Ogerpon
|
|upkeep
|turn|16
|
|t:|1781156645
|move|p2a: Greninja|Dark Pulse|p1a: Ogerpon
|-crit|p1a: Ogerpon
|-damage|p1a: Ogerpon|0 fnt
|faint|p1a: Ogerpon
|
|upkeep
|
|t:|1781156648
|switch|p1a: Rillaboom|Rillaboom, F|55/100
|-fieldstart|move: Grassy Terrain|[from] ability: Grassy Surge|[of] p1a: Rillaboom
|turn|17
|
|t:|1781156650
|switch|p2a: Blaziken|Blaziken, M|100/100
|-damage|p2a: Blaziken|88/100|[from] Stealth Rock
|move|p1a: Rillaboom|Grassy Glide|p2a: Blaziken
|-resisted|p2a: Blaziken
|-damage|p2a: Blaziken|43/100
|
|-heal|p1a: Rillaboom|61/100|[from] Grassy Terrain
|-heal|p2a: Blaziken|49/100|[from] Grassy Terrain
|-heal|p2a: Blaziken|55/100|[from] item: Leftovers
|upkeep
|turn|18
|
|t:|1781156655
|switch|p1a: Corviknight|Corviknight, M, tera:Dragon|89/100
|-ability|p1a: Corviknight|Pressure
|move|p2a: Blaziken|Close Combat|p1a: Corviknight
|-damage|p1a: Corviknight|49/100
|-unboost|p2a: Blaziken|def|1
|-unboost|p2a: Blaziken|spd|1
|-damage|p2a: Blaziken|38/100|[from] item: Rocky Helmet|[of] p1a: Corviknight
|
|-heal|p2a: Blaziken|44/100|[from] Grassy Terrain
|-heal|p2a: Blaziken|50/100|[from] item: Leftovers
|-heal|p1a: Corviknight|55/100|[from] Grassy Terrain
|-ability|p2a: Blaziken|Speed Boost|boost
|-boost|p2a: Blaziken|spe|1
|upkeep
|turn|19
|
|t:|1781156659
|move|p2a: Blaziken|Detect|p2a: Blaziken
|-singleturn|p2a: Blaziken|Protect
|move|p1a: Corviknight|Roost|p1a: Corviknight
|-heal|p1a: Corviknight|100/100
|
|-heal|p2a: Blaziken|56/100|[from] Grassy Terrain
|-heal|p2a: Blaziken|62/100|[from] item: Leftovers
|-ability|p2a: Blaziken|Speed Boost|boost
|-boost|p2a: Blaziken|spe|1
|upkeep
|turn|20
|
|t:|1781156662
|switch|p2a: Raging Bolt|Raging Bolt|60/100
|-damage|p2a: Raging Bolt|48/100|[from] Stealth Rock
|move|p1a: Corviknight|Brave Bird|p2a: Raging Bolt
|-resisted|p2a: Raging Bolt
|-damage|p2a: Raging Bolt|32/100
|-damage|p1a: Corviknight|94/100|[from] Recoil
|
|-heal|p2a: Raging Bolt|38/100|[from] Grassy Terrain
|-heal|p1a: Corviknight|100/100|[from] Grassy Terrain
|upkeep
|turn|21
|
|t:|1781156666
|switch|p1a: Great Tusk|Great Tusk|58/100
|move|p2a: Raging Bolt|Volt Switch|p1a: Great Tusk
|-immune|p1a: Great Tusk
|
|-heal|p1a: Great Tusk|64/100|[from] Grassy Terrain
|-heal|p2a: Raging Bolt|44/100|[from] Grassy Terrain
|-fieldend|move: Grassy Terrain
|upkeep
|turn|22
|
|t:|1781156674
|-end|p2a: Raging Bolt|Protosynthesis|[silent]
|switch|p2a: Ogerpon|Ogerpon-Wellspring, F|77/100
|-damage|p2a: Ogerpon|65/100|[from] Stealth Rock
|move|p1a: Great Tusk|Headlong Rush|p2a: Ogerpon
|-resisted|p2a: Ogerpon
|-damage|p2a: Ogerpon|27/100
|-unboost|p1a: Great Tusk|def|1
|-unboost|p1a: Great Tusk|spd|1
|
|upkeep
|turn|23
|
|t:|1781156677
|-end|p1a: Great Tusk|Protosynthesis|[silent]
|switch|p1a: Corviknight|Corviknight, M, tera:Dragon|100/100
|-ability|p1a: Corviknight|Pressure
|move|p2a: Ogerpon|Ivy Cudgel|p1a: Corviknight|[anim] Ivy Cudgel Water
|-resisted|p1a: Corviknight
|-damage|p1a: Corviknight|82/100
|
|upkeep
|turn|24
|
|t:|1781156682
|switch|p2a: Raging Bolt|Raging Bolt|44/100
|-damage|p2a: Raging Bolt|32/100|[from] Stealth Rock
|move|p1a: Corviknight|U-turn|p2a: Raging Bolt
|-damage|p2a: Raging Bolt|21/100
|
|t:|1781156686
|switch|p1a: Great Tusk|Great Tusk|64/100|[from] U-turn
|
|upkeep
|turn|25
|
|t:|1781156691
|-end|p2a: Raging Bolt|Protosynthesis|[silent]
|switch|p2a: Ogerpon|Ogerpon-Wellspring, F|27/100
|-damage|p2a: Ogerpon|15/100|[from] Stealth Rock
|move|p1a: Great Tusk|Rapid Spin|p2a: Ogerpon
|-damage|p2a: Ogerpon|0 fnt
|-boost|p1a: Great Tusk|spe|1
|faint|p2a: Ogerpon
|
|upkeep
|
|t:|1781156695
|switch|p2a: Greninja|Greninja, M|100/100
|turn|26
|
|t:|1781156700
|-end|p1a: Great Tusk|Protosynthesis|[silent]
|switch|p1a: Tyranitar|Tyranitar, F|70/100
|-weather|Sandstorm|[from] ability: Sand Stream|[of] p1a: Tyranitar
|move|p2a: Greninja|Hydro Pump|p1a: Tyranitar
|-start|p2a: Greninja|typechange|Water|[from] ability: Protean
|-supereffective|p1a: Tyranitar
|-damage|p1a: Tyranitar|31/100
|
|-weather|Sandstorm|[upkeep]
|-damage|p2a: Greninja|95/100|[from] Sandstorm
|-heal|p1a: Tyranitar|38/100|[from] item: Leftovers
|upkeep
|turn|27
|
|t:|1781156711
|move|p2a: Greninja|Hydro Pump|p1a: Tyranitar
|-supereffective|p1a: Tyranitar
|-damage|p1a: Tyranitar|0 fnt
|faint|p1a: Tyranitar
|
|-weather|Sandstorm|[upkeep]
|-damage|p2a: Greninja|89/100|[from] Sandstorm
|upkeep
|
|t:|1781156713
|switch|p1a: Rillaboom|Rillaboom, F|61/100
|-fieldstart|move: Grassy Terrain|[from] ability: Grassy Surge|[of] p1a: Rillaboom
|turn|28
|
|t:|1781156717
|switch|p2a: Raging Bolt|Raging Bolt|21/100
|-damage|p2a: Raging Bolt|9/100|[from] Stealth Rock
|move|p1a: Rillaboom|Grassy Glide|p2a: Raging Bolt
|-resisted|p2a: Raging Bolt
|-damage|p2a: Raging Bolt|0 fnt
|faint|p2a: Raging Bolt
|-end|p2a: Raging Bolt|Protosynthesis|[silent]
|
|-weather|Sandstorm|[upkeep]
|-damage|p1a: Rillaboom|55/100|[from] Sandstorm
|-heal|p1a: Rillaboom|61/100|[from] Grassy Terrain
|upkeep
|
|t:|1781156721
|switch|p2a: Blaziken|Blaziken, M|62/100
|-damage|p2a: Blaziken|50/100|[from] Stealth Rock
|turn|29
|
|t:|1781156723
|move|p1a: Rillaboom|Grassy Glide|p2a: Blaziken
|-resisted|p2a: Blaziken
|-damage|p2a: Blaziken|5/100
|move|p2a: Blaziken|Swords Dance|p2a: Blaziken
|-boost|p2a: Blaziken|atk|2
|
|-weather|Sandstorm|[upkeep]
|-damage|p1a: Rillaboom|55/100|[from] Sandstorm
|-damage|p2a: Blaziken|0 fnt|[from] Sandstorm
|faint|p2a: Blaziken
|-heal|p1a: Rillaboom|61/100|[from] Grassy Terrain
|upkeep
|-message|KnightKnaveSpy forfeited.
|
|win|AnonymousJon
|raw|AnonymousJon's rating: 1926 &rarr; <strong>1932</strong><br />(+6 for winning)
|raw|KnightKnaveSpy's rating: 1638 &rarr; <strong>1632</strong><br />(-6 for losing)
|l|☆KnightKnaveSpy
|player|p2|
|l|☆AnonymousJon
|player|p1|
|l| jujuboy420
