|j|☆plsbringregi
|j|☆GavilarKholin
|t:|1781098370
|gametype|singles
|player|p1|plsbringregi|265|1649
|player|p2|GavilarKholin|fantina|1669
|gen|9
|tier|[Gen 9] OU
|rated|
|rule|HP Percentage Mod: HP is shown in percentages
|rule|Endless Battle Clause: Forcing endless battles is banned
|rule|Species Clause: Limit one of each Pokémon
|rule|OHKO Clause: OHKO moves are banned
|rule|Evasion Items Clause: Evasion items are banned
|rule|Evasion Moves Clause: Evasion moves are banned
|rule|Evasion Abilities Clause: Evasion abilities are banned
|rule|Sleep Moves Clause: Sleep-inducing moves are banned
|clearpoke
|poke|p1|Walking Wake|
|poke|p1|Glimmora, F|
|poke|p1|Gliscor, M|
|poke|p1|Gholdengo|
|poke|p1|Moltres|
|poke|p1|Iron Valiant|
|poke|p2|Alomomola, F|
|poke|p2|Iron Crown|
|poke|p2|Zamazenta-*|
|poke|p2|Pecharunt|
|poke|p2|Gliscor, M|
|poke|p2|Weavile, M|
|teampreview
|
|t:|1781098381
|teamsize|p1|6
|teamsize|p2|6
|start
|switch|p1a: Gholdengo|Gholdengo|100/100
|switch|p2a: Iron Crown|Iron Crown|100/100
|turn|1
|
|t:|1781098385
|-end|p2a: Iron Crown|Quark Drive|[silent]
|switch|p2a: Alomomola|Alomomola, F|100/100
|move|p1a: Gholdengo|Shadow Ball|p2a: Alomomola
|-damage|p2a: Alomomola|72/100
|
|upkeep
|turn|2
|
|t:|1781098390
|switch|p1a: Gliscor|Gliscor, M|100/100
|move|p2a: Alomomola|Flip Turn|p1a: Gliscor
|-supereffective|p1a: Gliscor
|-damage|p1a: Gliscor|77/100
|
|t:|1781098393
|switch|p2a: Weavile|Weavile, M|100/100|[from] Flip Turn
|-ability|p2a: Weavile|Pressure
|
|-status|p1a: Gliscor|tox|[from] item: Toxic Orb
|upkeep
|turn|3
|
|t:|1781098397
|move|p1a: Gliscor|Protect|p1a: Gliscor
|-singleturn|p1a: Gliscor|Protect
|move|p2a: Weavile|Swords Dance|p2a: Weavile
|-boost|p2a: Weavile|atk|2
|
|-heal|p1a: Gliscor|89/100 tox|[from] ability: Poison Heal
|upkeep
|turn|4
|
|t:|1781098406
|switch|p1a: Glimmora|Glimmora, F|100/100
|move|p2a: Weavile|Swords Dance|p2a: Weavile
|-boost|p2a: Weavile|atk|2
|
|upkeep
|turn|5
|
|t:|1781098411
|move|p2a: Weavile|Triple Axel|p1a: Glimmora
|-damage|p1a: Glimmora|61/100
|-activate|p1a: Glimmora|ability: Toxic Debris
|-sidestart|p2: GavilarKholin|move: Toxic Spikes
|-damage|p1a: Glimmora|0 fnt
|-activate|p1a: Glimmora|ability: Toxic Debris
|-sidestart|p2: GavilarKholin|move: Toxic Spikes
|faint|p1a: Glimmora
|-hitcount|p1: Glimmora|2
|
|upkeep
|
|t:|1781098414
|switch|p1a: Gholdengo|Gholdengo|100/100
|turn|6
|
|t:|1781098420
|switch|p2a: Alomomola|Alomomola, F|100/100
|move|p1a: Gholdengo|Make It Rain|p2a: Alomomola
|-resisted|p2a: Alomomola
|-damage|p2a: Alomomola|76/100
|-unboost|p1a: Gholdengo|spa|1
|
|upkeep
|turn|7
|
|t:|1781098429
|switch|p1a: Walking Wake|Walking Wake|100/100
|move|p2a: Alomomola|Flip Turn|p1a: Walking Wake
|-resisted|p1a: Walking Wake
|-damage|p1a: Walking Wake|96/100
|
|t:|1781098433
|switch|p2a: Iron Crown|Iron Crown|100/100|[from] Flip Turn
|
|upkeep
|turn|8
|
|t:|1781098438
|move|p1a: Walking Wake|Knock Off|p2a: Iron Crown
|-supereffective|p2a: Iron Crown
|-damage|p2a: Iron Crown|67/100
|-enditem|p2a: Iron Crown|Choice Specs|[from] move: Knock Off|[of] p1a: Walking Wake
|move|p2a: Iron Crown|Psyshock|p1a: Walking Wake
|-damage|p1a: Walking Wake|51/100
|
|upkeep
|turn|9
|j| newhere1310
|
|t:|1781098444
|move|p1a: Walking Wake|Flip Turn|p2a: Iron Crown
|-crit|p2a: Iron Crown
|-damage|p2a: Iron Crown|40/100
|
|t:|1781098447
|-end|p1a: Walking Wake|Protosynthesis|[silent]
|switch|p1a: Gholdengo|Gholdengo|100/100|[from] Flip Turn
|move|p2a: Iron Crown|Volt Switch|p1a: Gholdengo
|-damage|p1a: Gholdengo|74/100
|
|t:|1781098451
|-end|p2a: Iron Crown|Quark Drive|[silent]
|switch|p2a: Gliscor|Gliscor, M|100/100|[from] Volt Switch
|
|-status|p2a: Gliscor|tox|[from] item: Toxic Orb
|upkeep
|turn|10
|
|t:|1781098456
|switch|p1a: Gliscor|Gliscor, M|89/100 tox
|move|p2a: Gliscor|Earthquake|p1a: Gliscor
|-immune|p1a: Gliscor
|
|-heal|p1a: Gliscor|100/100 tox|[from] ability: Poison Heal
|upkeep
|turn|11
|
|t:|1781098462
|switch|p1a: Walking Wake|Walking Wake|51/100
|move|p2a: Gliscor|Spikes|p1a: Walking Wake
|-sidestart|p1: plsbringregi|Spikes
|
|upkeep
|turn|12
|
|t:|1781098467
|move|p2a: Gliscor|Protect|p2a: Gliscor
|-singleturn|p2a: Gliscor|Protect
|move|p1a: Walking Wake|Surf|p2a: Gliscor
|-activate|p2a: Gliscor|move: Protect
|
|upkeep
|turn|13
|
|t:|1781098485
|switch|p2a: Zamazenta|Zamazenta|100/100
|-ability|p2a: Zamazenta|Dauntless Shield|boost
|-boost|p2a: Zamazenta|def|1
|move|p1a: Walking Wake|Surf|p2a: Zamazenta
|-damage|p2a: Zamazenta|55/100
|
|upkeep
|turn|14
|
|t:|1781098490
|switch|p2a: Gliscor|Gliscor, M|100/100 tox
|-end|p1a: Walking Wake|Protosynthesis|[silent]
|switch|p1a: Gliscor|Gliscor, M|100/100 tox
|
|upkeep
|turn|15
|
|t:|1781098496
|move|p2a: Gliscor|Spikes|p1a: Gliscor
|-sidestart|p1: plsbringregi|Spikes
|move|p1a: Gliscor|Spikes|p2a: Gliscor
|-sidestart|p2: GavilarKholin|Spikes
|
|upkeep
|turn|16
|j| ihateclodsire
|l| ihateclodsire
|
|t:|1781098506
|switch|p1a: Walking Wake|Walking Wake|51/100
|move|p2a: Gliscor|Spikes|p1a: Walking Wake
|-sidestart|p1: plsbringregi|Spikes
|
|upkeep
|turn|17
|
|t:|1781098510
|-terastallize|p2a: Gliscor|Dragon
|move|p1a: Walking Wake|Surf|p2a: Gliscor
|-resisted|p2a: Gliscor
|-damage|p2a: Gliscor|78/100 tox
|move|p2a: Gliscor|Earthquake|p1a: Walking Wake
|-damage|p1a: Walking Wake|12/100
|
|-heal|p2a: Gliscor|91/100 tox|[from] ability: Poison Heal
|upkeep
|turn|18
|
|t:|1781098520
|move|p2a: Gliscor|Protect|p2a: Gliscor
|-singleturn|p2a: Gliscor|Protect
|move|p1a: Walking Wake|Knock Off|p2a: Gliscor
|-activate|p2a: Gliscor|move: Protect
|
|-heal|p2a: Gliscor|100/100 tox|[from] ability: Poison Heal
|upkeep
|turn|19
|
|t:|1781098525
|switch|p2a: Alomomola|Alomomola, F|100/100
|move|p1a: Walking Wake|Draco Meteor|p2a: Alomomola
|-damage|p2a: Alomomola|48/100
|-unboost|p1a: Walking Wake|spa|2
|
|upkeep
|turn|20
|
|t:|1781098530
|switch|p2a: Gliscor|Gliscor, M, tera:Dragon|100/100 tox
|-damage|p2a: Gliscor|88/100 tox|[from] Spikes
|move|p1a: Walking Wake|Knock Off|p2a: Gliscor
|-damage|p2a: Gliscor|75/100 tox
|-enditem|p2a: Gliscor|Toxic Orb|[from] move: Knock Off|[of] p1a: Walking Wake
|
|-heal|p2a: Gliscor|87/100 tox|[from] ability: Poison Heal
|upkeep
|turn|21
|
|t:|1781098535
|move|p1a: Walking Wake|Flip Turn|p2a: Gliscor
|-resisted|p2a: Gliscor
|-damage|p2a: Gliscor|81/100 tox
|
|t:|1781098548
|-end|p1a: Walking Wake|Protosynthesis|[silent]
|switch|p1a: Gliscor|Gliscor, M|100/100 tox|[from] Flip Turn
|move|p2a: Gliscor|Earthquake|p1a: Gliscor
|-immune|p1a: Gliscor
|
|-heal|p2a: Gliscor|93/100 tox|[from] ability: Poison Heal
|upkeep
|turn|22
|
|t:|1781098550
|switch|p2a: Weavile|Weavile, M|100/100
|-ability|p2a: Weavile|Pressure
|move|p1a: Gliscor|Earthquake|p2a: Weavile
|-damage|p2a: Weavile|49/100
|
|upkeep
|turn|23
|
|t:|1781098559
|-terastallize|p1a: Gliscor|Water
|move|p2a: Weavile|Triple Axel|p1a: Gliscor|[miss]
|-miss|p2a: Weavile|p1a: Gliscor
|move|p1a: Gliscor|Earthquake|p2a: Weavile
|-damage|p2a: Weavile|0 fnt
|faint|p2a: Weavile
|
|upkeep
|
|t:|1781098573
|switch|p2a: Iron Crown|Iron Crown|40/100
|-damage|p2a: Iron Crown|27/100|[from] Spikes
|turn|24
|
|t:|1781098577
|move|p2a: Iron Crown|Volt Switch|p1a: Gliscor
|-supereffective|p1a: Gliscor
|-damage|p1a: Gliscor|60/100 tox
|
|t:|1781098581
|-end|p2a: Iron Crown|Quark Drive|[silent]
|switch|p2a: Gliscor|Gliscor, M, tera:Dragon|93/100 tox|[from] Volt Switch
|-damage|p2a: Gliscor|81/100 tox|[from] Spikes
|move|p1a: Gliscor|Toxic|p2a: Gliscor
|-fail|p2a: Gliscor|tox
|
|-heal|p2a: Gliscor|93/100 tox|[from] ability: Poison Heal
|-heal|p1a: Gliscor|73/100 tox|[from] ability: Poison Heal
|upkeep
|turn|25
|
|t:|1781098591
|switch|p2a: Pecharunt|Pecharunt|100/100
|-sideend|p2: GavilarKholin|move: Toxic Spikes|[of] p2a: Pecharunt
|move|p1a: Gliscor|Spikes|p2a: Pecharunt
|-sidestart|p2: GavilarKholin|Spikes
|
|-heal|p1a: Gliscor|85/100 tox|[from] ability: Poison Heal
|upkeep
|turn|26
|
|t:|1781098601
|move|p2a: Pecharunt|Parting Shot|p1a: Gliscor
|-unboost|p1a: Gliscor|atk|1
|-unboost|p1a: Gliscor|spa|1
|
|t:|1781098603
|switch|p2a: Gliscor|Gliscor, M, tera:Dragon|93/100 tox|[from] Parting Shot
|-damage|p2a: Gliscor|77/100 tox|[from] Spikes
|move|p1a: Gliscor|Earthquake|p2a: Gliscor
|-damage|p2a: Gliscor|60/100 tox
|
|-heal|p2a: Gliscor|72/100 tox|[from] ability: Poison Heal
|-heal|p1a: Gliscor|98/100 tox|[from] ability: Poison Heal
|upkeep
|turn|27
|
|t:|1781098610
|switch|p1a: Moltres|Moltres|100/100
|move|p2a: Gliscor|Earthquake|p1a: Moltres
|-immune|p1a: Moltres
|
|-heal|p2a: Gliscor|85/100 tox|[from] ability: Poison Heal
|upkeep
|turn|28
|
|t:|1781098614
|move|p2a: Gliscor|Toxic|p1a: Moltres
|-status|p1a: Moltres|tox
|move|p1a: Moltres|U-turn|p2a: Gliscor
|-damage|p2a: Gliscor|74/100 tox
|
|t:|1781098616
|switch|p1a: Walking Wake|Walking Wake|12/100|[from] U-turn
|
|-heal|p2a: Gliscor|86/100 tox|[from] ability: Poison Heal
|upkeep
|turn|29
|
|t:|1781098619
|move|p2a: Gliscor|Protect|p2a: Gliscor
|-singleturn|p2a: Gliscor|Protect
|move|p1a: Walking Wake|Draco Meteor|p2a: Gliscor
|-activate|p2a: Gliscor|move: Protect
|
|-heal|p2a: Gliscor|99/100 tox|[from] ability: Poison Heal
|upkeep
|turn|30
|
|t:|1781098623
|switch|p2a: Alomomola|Alomomola, F|82/100
|move|p1a: Walking Wake|Draco Meteor|p2a: Alomomola
|-damage|p2a: Alomomola|29/100
|-unboost|p1a: Walking Wake|spa|2
|
|upkeep
|turn|31
|
|t:|1781098627
|move|p2a: Alomomola|Protect|p2a: Alomomola
|-singleturn|p2a: Alomomola|Protect
|move|p1a: Walking Wake|Flip Turn|p2a: Alomomola
|-activate|p2a: Alomomola|move: Protect
|
|upkeep
|turn|32
|
|t:|1781098634
|move|p1a: Walking Wake|Flip Turn|p2a: Alomomola
|-resisted|p2a: Alomomola
|-damage|p2a: Alomomola|24/100
|
|t:|1781098638
|-end|p1a: Walking Wake|Protosynthesis|[silent]
|switch|p1a: Gliscor|Gliscor, M, tera:Water|98/100 tox|[from] Flip Turn
|-damage|p1a: Gliscor|73/100 tox|[from] Spikes
|move|p2a: Alomomola|Wish|p2a: Alomomola
|
|-heal|p1a: Gliscor|85/100 tox|[from] ability: Poison Heal
|upkeep
|turn|33
|
|t:|1781098645
|move|p2a: Alomomola|Protect|p2a: Alomomola
|-singleturn|p2a: Alomomola|Protect
|move|p1a: Gliscor|Earthquake|p2a: Alomomola
|-activate|p2a: Alomomola|move: Protect
|
|-heal|p2a: Alomomola|74/100|[from] move: Wish|[wisher] Alomomola
|-heal|p1a: Gliscor|98/100 tox|[from] ability: Poison Heal
|upkeep
|turn|34
|
|t:|1781098648
|switch|p2a: Gliscor|Gliscor, M, tera:Dragon|99/100 tox
|-damage|p2a: Gliscor|82/100 tox|[from] Spikes
|move|p1a: Gliscor|Earthquake|p2a: Gliscor
|-damage|p2a: Gliscor|54/100 tox
|
|-heal|p2a: Gliscor|67/100 tox|[from] ability: Poison Heal
|-heal|p1a: Gliscor|100/100 tox|[from] ability: Poison Heal
|upkeep
|turn|35
|
|t:|1781098652
|switch|p2a: Pecharunt|Pecharunt|100/100
|switch|p1a: Moltres|Moltres|100/100 tox
|
|-damage|p1a: Moltres|94/100 tox|[from] psn
|upkeep
|turn|36
|
|t:|1781098659
|move|p2a: Pecharunt|Parting Shot|p1a: Moltres
|-unboost|p1a: Moltres|atk|1
|-unboost|p1a: Moltres|spa|1
|
|t:|1781098661
|switch|p2a: Gliscor|Gliscor, M, tera:Dragon|67/100 tox|[from] Parting Shot
|-damage|p2a: Gliscor|50/100 tox|[from] Spikes
|move|p1a: Moltres|U-turn|p2a: Gliscor
|-damage|p2a: Gliscor|43/100 tox
|
|t:|1781098665
|switch|p1a: Walking Wake|Walking Wake|12/100|[from] U-turn
|
|-heal|p2a: Gliscor|55/100 tox|[from] ability: Poison Heal
|upkeep
|turn|37
|
|t:|1781098669
|move|p1a: Walking Wake|Surf|p2a: Gliscor
|-resisted|p2a: Gliscor
|-damage|p2a: Gliscor|36/100 tox
|move|p2a: Gliscor|Earthquake|p1a: Walking Wake
|-damage|p1a: Walking Wake|0 fnt
|faint|p1a: Walking Wake
|-end|p1a: Walking Wake|Protosynthesis|[silent]
|
|-heal|p2a: Gliscor|48/100 tox|[from] ability: Poison Heal
|upkeep
|
|t:|1781098684
|switch|p1a: Gliscor|Gliscor, M, tera:Water|100/100 tox
|-damage|p1a: Gliscor|75/100 tox|[from] Spikes
|turn|38
|
|t:|1781098688
|move|p2a: Gliscor|Protect|p2a: Gliscor
|-singleturn|p2a: Gliscor|Protect
|move|p1a: Gliscor|Earthquake|p2a: Gliscor
|-activate|p2a: Gliscor|move: Protect
|
|-heal|p2a: Gliscor|61/100 tox|[from] ability: Poison Heal
|-heal|p1a: Gliscor|88/100 tox|[from] ability: Poison Heal
|upkeep
|turn|39
|
|t:|1781098690
|switch|p2a: Alomomola|Alomomola, F|100/100
|move|p1a: Gliscor|Earthquake|p2a: Alomomola
|-damage|p2a: Alomomola|77/100
|
|-heal|p1a: Gliscor|100/100 tox|[from] ability: Poison Heal
|upkeep
|turn|40
|
|t:|1781098693
|switch|p2a: Gliscor|Gliscor, M, tera:Dragon|61/100 tox
|-damage|p2a: Gliscor|44/100 tox|[from] Spikes
|move|p1a: Gliscor|Earthquake|p2a: Gliscor
|-damage|p2a: Gliscor|17/100 tox
|
|-heal|p2a: Gliscor|29/100 tox|[from] ability: Poison Heal
|upkeep
|turn|41
|
|t:|1781098696
|switch|p1a: Gholdengo|Gholdengo|74/100
|-damage|p1a: Gholdengo|50/100|[from] Spikes
|move|p2a: Gliscor|Protect||[still]
|-fail|p2a: Gliscor
|
|-heal|p2a: Gliscor|42/100 tox|[from] ability: Poison Heal
|upkeep
|turn|42
|
|t:|1781098700
|move|p2a: Gliscor|Protect|p2a: Gliscor
|-singleturn|p2a: Gliscor|Protect
|move|p1a: Gholdengo|Shadow Ball|p2a: Gliscor
|-activate|p2a: Gliscor|move: Protect
|
|-heal|p2a: Gliscor|54/100 tox|[from] ability: Poison Heal
|upkeep
|turn|43
|
|t:|1781098705
|move|p1a: Gholdengo|Shadow Ball|p2a: Gliscor
|-damage|p2a: Gliscor|13/100 tox
|move|p2a: Gliscor|Earthquake|p1a: Gholdengo
|-supereffective|p1a: Gholdengo
|-damage|p1a: Gholdengo|0 fnt
|faint|p1a: Gholdengo
|
|-heal|p2a: Gliscor|26/100 tox|[from] ability: Poison Heal
|upkeep
|
|t:|1781098707
|switch|p1a: Iron Valiant|Iron Valiant|100/100
|-damage|p1a: Iron Valiant|76/100|[from] Spikes
|-enditem|p1a: Iron Valiant|Booster Energy
|-activate|p1a: Iron Valiant|ability: Quark Drive|[fromitem]
|-start|p1a: Iron Valiant|quarkdrivespe
|turn|44
|
|t:|1781098713
|switch|p2a: Pecharunt|Pecharunt|100/100
|move|p1a: Iron Valiant|Moonblast|p2a: Pecharunt
|-resisted|p2a: Pecharunt
|-damage|p2a: Pecharunt|75/100
|-unboost|p2a: Pecharunt|spa|1
|
|upkeep
|turn|45
|j| choispecs ironmoth
|
|t:|1781098722
|-end|p1a: Iron Valiant|Quark Drive|[silent]
|switch|p1a: Gliscor|Gliscor, M, tera:Water|100/100 tox
|-damage|p1a: Gliscor|75/100 tox|[from] Spikes
|move|p2a: Pecharunt|Malignant Chain|p1a: Gliscor
|-damage|p1a: Gliscor|58/100 tox
|
|-heal|p1a: Gliscor|70/100 tox|[from] ability: Poison Heal
|upkeep
|turn|46
|
|t:|1781098729
|switch|p1a: Moltres|Moltres|94/100 tox
|move|p2a: Pecharunt|Parting Shot|p1a: Moltres
|-unboost|p1a: Moltres|atk|1
|-unboost|p1a: Moltres|spa|1
|
|t:|1781098732
|switch|p2a: Alomomola|Alomomola, F|100/100|[from] Parting Shot
|
|-damage|p1a: Moltres|88/100 tox|[from] psn
|upkeep
|turn|47
|
|t:|1781098736
|move|p1a: Moltres|U-turn|p2a: Alomomola
|-damage|p2a: Alomomola|93/100
|
|t:|1781098737
|switch|p1a: Gliscor|Gliscor, M, tera:Water|70/100 tox|[from] U-turn
|-damage|p1a: Gliscor|45/100 tox|[from] Spikes
|move|p2a: Alomomola|Wish|p2a: Alomomola
|
|-heal|p1a: Gliscor|58/100 tox|[from] ability: Poison Heal
|upkeep
|turn|48
|
|t:|1781098743
|switch|p2a: Gliscor|Gliscor, M, tera:Dragon|26/100 tox
|-damage|p2a: Gliscor|9/100 tox|[from] Spikes
|move|p1a: Gliscor|Earthquake|p2a: Gliscor
|-damage|p2a: Gliscor|0 fnt
|faint|p2a: Gliscor
|
|-heal|p1a: Gliscor|70/100 tox|[from] ability: Poison Heal
|upkeep
|
|t:|1781098752
|switch|p2a: Pecharunt|Pecharunt|75/100
|turn|49
|
|t:|1781098755
|move|p2a: Pecharunt|Foul Play|p1a: Gliscor
|-damage|p1a: Gliscor|52/100 tox
|move|p1a: Gliscor|Earthquake|p2a: Pecharunt
|-supereffective|p2a: Pecharunt
|-damage|p2a: Pecharunt|43/100
|
|-heal|p1a: Gliscor|65/100 tox|[from] ability: Poison Heal
|upkeep
|turn|50
|
|t:|1781098764
|move|p2a: Pecharunt|Recover|p2a: Pecharunt
|-heal|p2a: Pecharunt|93/100
|move|p1a: Gliscor|Spikes|p2a: Pecharunt
|-sidestart|p2: GavilarKholin|Spikes
|
|-heal|p1a: Gliscor|77/100 tox|[from] ability: Poison Heal
|upkeep
|turn|51
|
|t:|1781098768
|move|p1a: Gliscor|Protect|p1a: Gliscor
|-singleturn|p1a: Gliscor|Protect
|move|p2a: Pecharunt|Parting Shot|p1a: Gliscor
|-activate|p1a: Gliscor|move: Protect
|
|-heal|p1a: Gliscor|90/100 tox|[from] ability: Poison Heal
|upkeep
|turn|52
|
|t:|1781098775
|move|p2a: Pecharunt|Parting Shot|p1a: Gliscor
|-unboost|p1a: Gliscor|atk|1
|-unboost|p1a: Gliscor|spa|1
|
|t:|1781098777
|switch|p2a: Alomomola|Alomomola, F|100/100|[from] Parting Shot
|move|p1a: Gliscor|Toxic|p2a: Alomomola
|-status|p2a: Alomomola|tox
|
|-heal|p1a: Gliscor|100/100 tox|[from] ability: Poison Heal
|-damage|p2a: Alomomola|94/100 tox|[from] psn
|upkeep
|turn|53
|
|t:|1781098786
|move|p1a: Gliscor|Protect|p1a: Gliscor
|-singleturn|p1a: Gliscor|Protect
|move|p2a: Alomomola|Flip Turn|p1a: Gliscor
|-activate|p1a: Gliscor|move: Protect
|
|-damage|p2a: Alomomola|82/100 tox|[from] psn
|upkeep
|turn|54
|
|t:|1781098791
|move|p1a: Gliscor|Spikes||[still]
|-fail|p1a: Gliscor
|move|p2a: Alomomola|Flip Turn|p1a: Gliscor
|-resisted|p1a: Gliscor
|-damage|p1a: Gliscor|94/100 tox
|
|t:|1781098794
|switch|p2a: Pecharunt|Pecharunt|93/100|[from] Flip Turn
|
|-heal|p1a: Gliscor|100/100 tox|[from] ability: Poison Heal
|upkeep
|turn|55
|
|t:|1781098799
|switch|p2a: Alomomola|Alomomola, F|100/100 tox
|move|p1a: Gliscor|Spikes||[still]
|-fail|p1a: Gliscor
|
|-damage|p2a: Alomomola|94/100 tox|[from] psn
|upkeep
|turn|56
|
|t:|1781098803
|switch|p2a: Pecharunt|Pecharunt|93/100
|move|p1a: Gliscor|Spikes||[still]
|-fail|p1a: Gliscor
|
|upkeep
|turn|57
|
|t:|1781098807
|move|p2a: Pecharunt|Parting Shot|p1a: Gliscor
|-unboost|p1a: Gliscor|atk|1
|-unboost|p1a: Gliscor|spa|1
|
|t:|1781098808
|switch|p2a: Alomomola|Alomomola, F|100/100 tox|[from] Parting Shot
|move|p1a: Gliscor|Spikes||[still]
|-fail|p1a: Gliscor
|
|-damage|p2a: Alomomola|94/100 tox|[from] psn
|upkeep
|turn|58
|
|t:|1781098815
|switch|p1a: Moltres|Moltres|88/100 tox
|switch|p2a: Pecharunt|Pecharunt|93/100
|
|-damage|p1a: Moltres|82/100 tox|[from] psn
|upkeep
|turn|59
|
|t:|1781098819
|switch|p2a: Alomomola|Alomomola, F|100/100 tox
|switch|p1a: Gliscor|Gliscor, M, tera:Water|100/100 tox
|-damage|p1a: Gliscor|75/100 tox|[from] Spikes
|
|-heal|p1a: Gliscor|88/100 tox|[from] ability: Poison Heal
|-damage|p2a: Alomomola|94/100 tox|[from] psn
|upkeep
|turn|60
|
|t:|1781098821
|switch|p1a: Moltres|Moltres|82/100 tox
|switch|p2a: Pecharunt|Pecharunt|93/100
|
|-damage|p1a: Moltres|76/100 tox|[from] psn
|upkeep
|turn|61
|
|t:|1781098824
|switch|p2a: Alomomola|Alomomola, F|100/100 tox
|switch|p1a: Gliscor|Gliscor, M, tera:Water|88/100 tox
|-damage|p1a: Gliscor|63/100 tox|[from] Spikes
|
|-heal|p1a: Gliscor|75/100 tox|[from] ability: Poison Heal
|-damage|p2a: Alomomola|94/100 tox|[from] psn
|upkeep
|turn|62
|
|t:|1781098842
|move|p1a: Gliscor|Spikes||[still]
|-fail|p1a: Gliscor
|move|p2a: Alomomola|Flip Turn|p1a: Gliscor
|-resisted|p1a: Gliscor
|-damage|p1a: Gliscor|70/100 tox
|
|t:|1781098844
|switch|p2a: Pecharunt|Pecharunt|93/100|[from] Flip Turn
|
|-heal|p1a: Gliscor|82/100 tox|[from] ability: Poison Heal
|upkeep
|turn|63
|
|t:|1781098850
|move|p2a: Pecharunt|Parting Shot|p1a: Gliscor
|-unboost|p1a: Gliscor|atk|1
|-unboost|p1a: Gliscor|spa|1
|
|t:|1781098851
|switch|p2a: Alomomola|Alomomola, F|100/100 tox|[from] Parting Shot
|move|p1a: Gliscor|Spikes||[still]
|-fail|p1a: Gliscor
|
|-heal|p1a: Gliscor|95/100 tox|[from] ability: Poison Heal
|-damage|p2a: Alomomola|94/100 tox|[from] psn
|upkeep
|turn|64
|
|t:|1781098856
|move|p1a: Gliscor|Spikes||[still]
|-fail|p1a: Gliscor
|move|p2a: Alomomola|Flip Turn|p1a: Gliscor
|-resisted|p1a: Gliscor
|-damage|p1a: Gliscor|89/100 tox
|
|t:|1781098858
|switch|p2a: Pecharunt|Pecharunt|93/100|[from] Flip Turn
|
|-heal|p1a: Gliscor|100/100 tox|[from] ability: Poison Heal
|upkeep
|turn|65
|
|t:|1781098861
|switch|p2a: Alomomola|Alomomola, F|100/100 tox
|move|p1a: Gliscor|Spikes||[still]
|-fail|p1a: Gliscor
|
|-damage|p2a: Alomomola|94/100 tox|[from] psn
|upkeep
|turn|66
|
|t:|1781098870
|switch|p2a: Pecharunt|Pecharunt|93/100
|move|p1a: Gliscor|Spikes||[still]
|-fail|p1a: Gliscor
|
|upkeep
|turn|67
|
|t:|1781098878
|switch|p2a: Alomomola|Alomomola, F|100/100 tox
|switch|p1a: Moltres|Moltres|76/100 tox
|
|-damage|p1a: Moltres|70/100 tox|[from] psn
|-damage|p2a: Alomomola|94/100 tox|[from] psn
|upkeep
|turn|68
|
|t:|1781098883
|move|p2a: Alomomola|Flip Turn|p1a: Moltres
|-supereffective|p1a: Moltres
|-damage|p1a: Moltres|48/100 tox
|
|t:|1781098885
|switch|p2a: Pecharunt|Pecharunt|93/100|[from] Flip Turn
|move|p1a: Moltres|Roar|p2a: Pecharunt
|drag|p2a: Iron Crown|Iron Crown|27/100
|-damage|p2a: Iron Crown|2/100|[from] Spikes
|
|-damage|p1a: Moltres|36/100 tox|[from] psn
|upkeep
|turn|69
|
|t:|1781098890
|switch|p1a: Gliscor|Gliscor, M, tera:Water|100/100 tox
|-damage|p1a: Gliscor|75/100 tox|[from] Spikes
|move|p2a: Iron Crown|Volt Switch|p1a: Gliscor
|-supereffective|p1a: Gliscor
|-damage|p1a: Gliscor|36/100 tox
|
|t:|1781098893
|-end|p2a: Iron Crown|Quark Drive|[silent]
|switch|p2a: Zamazenta|Zamazenta|55/100|[from] Volt Switch
|
|-heal|p1a: Gliscor|48/100 tox|[from] ability: Poison Heal
|upkeep
|turn|70
|
|t:|1781098897
|move|p1a: Gliscor|Protect|p1a: Gliscor
|-singleturn|p1a: Gliscor|Protect
|move|p2a: Zamazenta|Close Combat|p1a: Gliscor
|-activate|p1a: Gliscor|move: Protect
|
|-heal|p1a: Gliscor|61/100 tox|[from] ability: Poison Heal
|upkeep
|turn|71
|
|t:|1781098901
|move|p2a: Zamazenta|Stone Edge|p1a: Gliscor|[miss]
|-miss|p2a: Zamazenta|p1a: Gliscor
|move|p1a: Gliscor|Toxic|p2a: Zamazenta
|-status|p2a: Zamazenta|tox
|
|-damage|p2a: Zamazenta|49/100 tox|[from] psn
|-heal|p1a: Gliscor|73/100 tox|[from] ability: Poison Heal
|upkeep
|turn|72
|
|t:|1781098906
|switch|p2a: Alomomola|Alomomola, F|100/100 tox
|move|p1a: Gliscor|Protect||[still]
|-fail|p1a: Gliscor
|
|-heal|p1a: Gliscor|86/100 tox|[from] ability: Poison Heal
|-damage|p2a: Alomomola|94/100 tox|[from] psn
|upkeep
|turn|73
|
|t:|1781098914
|move|p1a: Gliscor|Spikes||[still]
|-fail|p1a: Gliscor
|move|p2a: Alomomola|Wish|p2a: Alomomola
|
|-heal|p1a: Gliscor|98/100 tox|[from] ability: Poison Heal
|-damage|p2a: Alomomola|82/100 tox|[from] psn
|upkeep
|turn|74
|
|t:|1781098919
|move|p1a: Gliscor|Earthquake|p2a: Alomomola
|-damage|p2a: Alomomola|56/100 tox
|move|p2a: Alomomola|Flip Turn|p1a: Gliscor
|-resisted|p1a: Gliscor
|-damage|p1a: Gliscor|92/100 tox
|
|t:|1781098921
|switch|p2a: Zamazenta|Zamazenta|49/100 tox|[from] Flip Turn
|
|-heal|p2a: Zamazenta|100/100 tox|[from] move: Wish|[wisher] Alomomola
|-damage|p2a: Zamazenta|94/100 tox|[from] psn
|-heal|p1a: Gliscor|100/100 tox|[from] ability: Poison Heal
|upkeep
|turn|75
|
|t:|1781098931
|switch|p2a: Alomomola|Alomomola, F|89/100 tox
|move|p1a: Gliscor|Protect||[still]
|-fail|p1a: Gliscor
|
|-damage|p2a: Alomomola|83/100 tox|[from] psn
|upkeep
|turn|76
|
|t:|1781098934
|switch|p1a: Moltres|Moltres|36/100 tox
|move|p2a: Alomomola|Flip Turn|p1a: Moltres
|-supereffective|p1a: Moltres
|-damage|p1a: Moltres|14/100 tox
|
|t:|1781098936
|switch|p2a: Zamazenta|Zamazenta|94/100 tox|[from] Flip Turn
|
|-damage|p2a: Zamazenta|88/100 tox|[from] psn
|-damage|p1a: Moltres|8/100 tox|[from] psn
|upkeep
|turn|77
|
|t:|1781098940
|move|p2a: Zamazenta|Close Combat|p1a: Moltres
|-resisted|p1a: Moltres
|-damage|p1a: Moltres|0 fnt
|-unboost|p2a: Zamazenta|def|1
|-unboost|p2a: Zamazenta|spd|1
|faint|p1a: Moltres
|
|-damage|p2a: Zamazenta|76/100 tox|[from] psn
|upkeep
|
|t:|1781098942
|switch|p1a: Gliscor|Gliscor, M, tera:Water|100/100 tox
|-damage|p1a: Gliscor|75/100 tox|[from] Spikes
|turn|78
|
|t:|1781098947
|switch|p2a: Alomomola|Alomomola, F|100/100 tox
|switch|p1a: Iron Valiant|Iron Valiant|76/100
|-damage|p1a: Iron Valiant|51/100|[from] Spikes
|
|-damage|p2a: Alomomola|94/100 tox|[from] psn
|upkeep
|turn|79
|
|t:|1781098950
|move|p1a: Iron Valiant|Moonblast|p2a: Alomomola
|-damage|p2a: Alomomola|63/100 tox
|move|p2a: Alomomola|Flip Turn|p1a: Iron Valiant
|-damage|p1a: Iron Valiant|29/100
|
|t:|1781098954
|switch|p2a: Pecharunt|Pecharunt|93/100|[from] Flip Turn
|
|upkeep
|turn|80
|
|t:|1781098956
|move|p1a: Iron Valiant|Knock Off|p2a: Pecharunt
|-supereffective|p2a: Pecharunt
|-damage|p2a: Pecharunt|65/100
|-enditem|p2a: Pecharunt|Heavy-Duty Boots|[from] move: Knock Off|[of] p1a: Iron Valiant
|move|p2a: Pecharunt|Parting Shot|p1a: Iron Valiant
|-unboost|p1a: Iron Valiant|atk|1
|-unboost|p1a: Iron Valiant|spa|1
|
|t:|1781098958
|switch|p2a: Alomomola|Alomomola, F|96/100 tox|[from] Parting Shot
|
|-damage|p2a: Alomomola|90/100 tox|[from] psn
|upkeep
|turn|81
|
|t:|1781098964
|move|p1a: Iron Valiant|Knock Off|p2a: Alomomola
|-damage|p2a: Alomomola|76/100 tox
|-enditem|p2a: Alomomola|Heavy-Duty Boots|[from] move: Knock Off|[of] p1a: Iron Valiant
|move|p2a: Alomomola|Flip Turn|p1a: Iron Valiant
|-damage|p1a: Iron Valiant|9/100
|
|t:|1781098966
|switch|p2a: Zamazenta|Zamazenta|76/100 tox|[from] Flip Turn
|
|-damage|p2a: Zamazenta|70/100 tox|[from] psn
|upkeep
|turn|82
|
|t:|1781098971
|move|p2a: Zamazenta|Close Combat|p1a: Iron Valiant
|-resisted|p1a: Iron Valiant
|-damage|p1a: Iron Valiant|0 fnt
|-unboost|p2a: Zamazenta|def|1
|-unboost|p2a: Zamazenta|spd|1
|faint|p1a: Iron Valiant
|-end|p1a: Iron Valiant|Quark Drive|[silent]
|
|-damage|p2a: Zamazenta|57/100 tox|[from] psn
|upkeep
|
|t:|1781098973
|switch|p1a: Gliscor|Gliscor, M, tera:Water|75/100 tox
|-damage|p1a: Gliscor|50/100 tox|[from] Spikes
|turn|83
|
|t:|1781098978
|switch|p2a: Alomomola|Alomomola, F|100/100 tox
|-damage|p2a: Alomomola|76/100 tox|[from] Spikes
|move|p1a: Gliscor|Protect||[still]
|-fail|p1a: Gliscor
|
|-heal|p1a: Gliscor|63/100 tox|[from] ability: Poison Heal
|-damage|p2a: Alomomola|69/100 tox|[from] psn
|upkeep
|turn|84
|
|t:|1781098983
|switch|p2a: Zamazenta|Zamazenta|57/100 tox
|move|p1a: Gliscor|Protect||[still]
|-fail|p1a: Gliscor
|
|-damage|p2a: Zamazenta|51/100 tox|[from] psn
|-heal|p1a: Gliscor|75/100 tox|[from] ability: Poison Heal
|upkeep
|turn|85
|
|t:|1781098991
|switch|p2a: Alomomola|Alomomola, F|100/100 tox
|-damage|p2a: Alomomola|76/100 tox|[from] Spikes
|move|p1a: Gliscor|Spikes||[still]
|-fail|p1a: Gliscor
|
|-heal|p1a: Gliscor|88/100 tox|[from] ability: Poison Heal
|-damage|p2a: Alomomola|69/100 tox|[from] psn
|upkeep
|turn|86
|
|t:|1781098998
|switch|p2a: Zamazenta|Zamazenta|51/100 tox
|move|p1a: Gliscor|Spikes||[still]
|-fail|p1a: Gliscor
|
|-damage|p2a: Zamazenta|45/100 tox|[from] psn
|-heal|p1a: Gliscor|100/100 tox|[from] ability: Poison Heal
|upkeep
|turn|87
|
|t:|1781099005
|switch|p2a: Alomomola|Alomomola, F|100/100 tox
|-damage|p2a: Alomomola|76/100 tox|[from] Spikes
|move|p1a: Gliscor|Earthquake|p2a: Alomomola
|-damage|p2a: Alomomola|50/100 tox
|
|-damage|p2a: Alomomola|44/100 tox|[from] psn
|upkeep
|turn|88
|
|t:|1781099015
|move|p1a: Gliscor|Earthquake|p2a: Alomomola
|-damage|p2a: Alomomola|21/100 tox
|move|p2a: Alomomola|Wish|p2a: Alomomola
|
|-damage|p2a: Alomomola|9/100 tox|[from] psn
|upkeep
|turn|89
|
|t:|1781099025
|move|p2a: Alomomola|Protect|p2a: Alomomola
|-singleturn|p2a: Alomomola|Protect
|move|p1a: Gliscor|Spikes||[still]
|-fail|p1a: Gliscor
|
|-heal|p2a: Alomomola|59/100 tox|[from] move: Wish|[wisher] Alomomola
|-damage|p2a: Alomomola|40/100 tox|[from] psn
|upkeep
|turn|90
|
|t:|1781099033
|switch|p2a: Iron Crown|Iron Crown|2/100
|-damage|p2a: Iron Crown|0 fnt|[from] Spikes
|faint|p2a: Iron Crown
|-end|p2a: Iron Crown|Quark Drive|[silent]
|move|p1a: Gliscor|Earthquake|p2: Iron Crown|[notarget]
|-fail|p1a: Gliscor
|
|upkeep
|
|t:|1781099036
|switch|p2a: Alomomola|Alomomola, F|73/100 tox
|-damage|p2a: Alomomola|48/100 tox|[from] Spikes
|turn|91
|
|t:|1781099045
|move|p1a: Gliscor|Spikes||[still]
|-fail|p1a: Gliscor
|move|p2a: Alomomola|Flip Turn|p1a: Gliscor
|-resisted|p1a: Gliscor
|-damage|p1a: Gliscor|95/100 tox
|
|t:|1781099048
|switch|p2a: Zamazenta|Zamazenta|45/100 tox|[from] Flip Turn
|
|-damage|p2a: Zamazenta|39/100 tox|[from] psn
|-heal|p1a: Gliscor|100/100 tox|[from] ability: Poison Heal
|upkeep
|turn|92
|j| Puyu paz
|
|t:|1781099052
|switch|p2a: Alomomola|Alomomola, F|82/100 tox
|-damage|p2a: Alomomola|57/100 tox|[from] Spikes
|move|p1a: Gliscor|Spikes||[still]
|-fail|p1a: Gliscor
|
|-damage|p2a: Alomomola|51/100 tox|[from] psn
|upkeep
|turn|93
|
|t:|1781099055
|move|p1a: Gliscor|Spikes||[still]
|-fail|p1a: Gliscor
|move|p2a: Alomomola|Flip Turn|p1a: Gliscor
|-resisted|p1a: Gliscor
|-damage|p1a: Gliscor|94/100 tox
|
|t:|1781099056
|switch|p2a: Zamazenta|Zamazenta|39/100 tox|[from] Flip Turn
|
|-damage|p2a: Zamazenta|33/100 tox|[from] psn
|-heal|p1a: Gliscor|100/100 tox|[from] ability: Poison Heal
|upkeep
|turn|94
|
|t:|1781099060
|switch|p2a: Alomomola|Alomomola, F|84/100 tox
|-damage|p2a: Alomomola|59/100 tox|[from] Spikes
|move|p1a: Gliscor|Spikes||[still]
|-fail|p1a: Gliscor
|
|-damage|p2a: Alomomola|53/100 tox|[from] psn
|upkeep
|turn|95
|
|t:|1781099064
|move|p1a: Gliscor|Spikes||[still]
|-fail|p1a: Gliscor
|move|p2a: Alomomola|Wish|p2a: Alomomola
|
|-damage|p2a: Alomomola|41/100 tox|[from] psn
|upkeep
|turn|96
|
|t:|1781099065
|switch|p2a: Zamazenta|Zamazenta|33/100 tox
|move|p1a: Gliscor|Spikes||[still]
|-fail|p1a: Gliscor
|
|-heal|p2a: Zamazenta|100/100 tox|[from] move: Wish|[wisher] Alomomola
|-damage|p2a: Zamazenta|94/100 tox|[from] psn
|upkeep
|turn|97
|
|t:|1781099067
|switch|p2a: Alomomola|Alomomola, F|74/100 tox
|-damage|p2a: Alomomola|49/100 tox|[from] Spikes
|move|p1a: Gliscor|Spikes||[still]
|-fail|p1a: Gliscor
|
|-damage|p2a: Alomomola|43/100 tox|[from] psn
|upkeep
|turn|98
|
|t:|1781099069
|switch|p2a: Zamazenta|Zamazenta|94/100 tox
|move|p1a: Gliscor|Spikes||[still]
|-fail|p1a: Gliscor
|
|-damage|p2a: Zamazenta|88/100 tox|[from] psn
|upkeep
|turn|99
|
|t:|1781099073
|switch|p2a: Alomomola|Alomomola, F|76/100 tox
|-damage|p2a: Alomomola|51/100 tox|[from] Spikes
|move|p1a: Gliscor|Spikes||[still]
|-fail|p1a: Gliscor
|
|-damage|p2a: Alomomola|45/100 tox|[from] psn
|upkeep
|turn|100
|
|t:|1781099074
|switch|p2a: Zamazenta|Zamazenta|88/100 tox
|move|p1a: Gliscor|Spikes||[still]
|-fail|p1a: Gliscor
|
|-damage|p2a: Zamazenta|82/100 tox|[from] psn
|upkeep
|turn|101
|
|t:|1781099084
|switch|p2a: Alomomola|Alomomola, F|78/100 tox
|-damage|p2a: Alomomola|53/100 tox|[from] Spikes
|move|p1a: Gliscor|Spikes||[still]
|-fail|p1a: Gliscor
|
|-damage|p2a: Alomomola|47/100 tox|[from] psn
|upkeep
|turn|102
|
|t:|1781099087
|switch|p2a: Zamazenta|Zamazenta|82/100 tox
|move|p1a: Gliscor|Spikes||[still]
|-fail|p1a: Gliscor
|
|-damage|p2a: Zamazenta|76/100 tox|[from] psn
|upkeep
|turn|103
|
|t:|1781099088
|switch|p2a: Alomomola|Alomomola, F|81/100 tox
|-damage|p2a: Alomomola|56/100 tox|[from] Spikes
|move|p1a: Gliscor|Spikes||[still]
|-fail|p1a: Gliscor
|
|-damage|p2a: Alomomola|50/100 tox|[from] psn
|upkeep
|turn|104
|
|t:|1781099089
|switch|p2a: Zamazenta|Zamazenta|76/100 tox
|move|p1a: Gliscor|Spikes||[still]
|-fail|p1a: Gliscor
|
|-damage|p2a: Zamazenta|70/100 tox|[from] psn
|upkeep
|turn|105
|
|t:|1781099091
|switch|p2a: Alomomola|Alomomola, F|83/100 tox
|-damage|p2a: Alomomola|58/100 tox|[from] Spikes
|move|p1a: Gliscor|Spikes||[still]
|-fail|p1a: Gliscor
|
|-damage|p2a: Alomomola|52/100 tox|[from] psn
|upkeep
|turn|106
|j| isaac_gam3r
|
|t:|1781099091
|switch|p2a: Zamazenta|Zamazenta|70/100 tox
|move|p1a: Gliscor|Spikes||[still]
|-fail|p1a: Gliscor
|
|-damage|p2a: Zamazenta|64/100 tox|[from] psn
|upkeep
|turn|107
|
|t:|1781099093
|switch|p2a: Alomomola|Alomomola, F|85/100 tox
|-damage|p2a: Alomomola|60/100 tox|[from] Spikes
|move|p1a: Gliscor|Toxic|p2a: Alomomola
|-fail|p2a: Alomomola|tox
|
|-damage|p2a: Alomomola|54/100 tox|[from] psn
|upkeep
|turn|108
|
|t:|1781099094
|switch|p2a: Zamazenta|Zamazenta|64/100 tox
|move|p1a: Gliscor|Toxic|p2a: Zamazenta
|-fail|p2a: Zamazenta|tox
|
|-damage|p2a: Zamazenta|57/100 tox|[from] psn
|upkeep
|turn|109
|
|t:|1781099095
|switch|p2a: Alomomola|Alomomola, F|87/100 tox
|-damage|p2a: Alomomola|62/100 tox|[from] Spikes
|move|p1a: Gliscor|Toxic|p2a: Alomomola
|-fail|p2a: Alomomola|tox
|
|-damage|p2a: Alomomola|56/100 tox|[from] psn
|upkeep
|turn|110
|
|t:|1781099096
|switch|p2a: Zamazenta|Zamazenta|57/100 tox
|move|p1a: Gliscor|Toxic|p2a: Zamazenta
|-fail|p2a: Zamazenta|tox
|
|-damage|p2a: Zamazenta|51/100 tox|[from] psn
|upkeep
|turn|111
|
|t:|1781099097
|switch|p2a: Alomomola|Alomomola, F|90/100 tox
|-damage|p2a: Alomomola|65/100 tox|[from] Spikes
|move|p1a: Gliscor|Toxic|p2a: Alomomola
|-fail|p2a: Alomomola|tox
|
|-damage|p2a: Alomomola|59/100 tox|[from] psn
|upkeep
|turn|112
|
|t:|1781099097
|switch|p2a: Zamazenta|Zamazenta|51/100 tox
|move|p1a: Gliscor|Toxic|p2a: Zamazenta
|-fail|p2a: Zamazenta|tox
|
|-damage|p2a: Zamazenta|45/100 tox|[from] psn
|upkeep
|turn|113
|
|t:|1781099098
|switch|p2a: Alomomola|Alomomola, F|92/100 tox
|-damage|p2a: Alomomola|67/100 tox|[from] Spikes
|move|p1a: Gliscor|Toxic|p2a: Alomomola
|-fail|p2a: Alomomola|tox
|
|-damage|p2a: Alomomola|61/100 tox|[from] psn
|upkeep
|turn|114
|
|t:|1781099100
|switch|p2a: Zamazenta|Zamazenta|45/100 tox
|move|p1a: Gliscor|Toxic|p2a: Zamazenta
|-fail|p2a: Zamazenta|tox
|
|-damage|p2a: Zamazenta|39/100 tox|[from] psn
|upkeep
|turn|115
|
|t:|1781099101
|switch|p2a: Alomomola|Alomomola, F|94/100 tox
|-damage|p2a: Alomomola|69/100 tox|[from] Spikes
|move|p1a: Gliscor|Toxic|p2a: Alomomola
|-fail|p2a: Alomomola|tox
|
|-damage|p2a: Alomomola|63/100 tox|[from] psn
|upkeep
|turn|116
|
|t:|1781099102
|switch|p2a: Zamazenta|Zamazenta|39/100 tox
|move|p1a: Gliscor|Toxic|p2a: Zamazenta
|-fail|p2a: Zamazenta|tox
|
|-damage|p2a: Zamazenta|33/100 tox|[from] psn
|upkeep
|turn|117
|
|t:|1781099102
|switch|p2a: Alomomola|Alomomola, F|96/100 tox
|-damage|p2a: Alomomola|71/100 tox|[from] Spikes
|move|p1a: Gliscor|Toxic|p2a: Alomomola
|-fail|p2a: Alomomola|tox
|
|-damage|p2a: Alomomola|65/100 tox|[from] psn
|upkeep
|turn|118
|
|t:|1781099103
|switch|p2a: Zamazenta|Zamazenta|33/100 tox
|move|p1a: Gliscor|Toxic|p2a: Zamazenta
|-fail|p2a: Zamazenta|tox
|
|-damage|p2a: Zamazenta|27/100 tox|[from] psn
|upkeep
|turn|119
|
|t:|1781099105
|switch|p2a: Alomomola|Alomomola, F|99/100 tox
|-damage|p2a: Alomomola|74/100 tox|[from] Spikes
|move|p1a: Gliscor|Toxic|p2a: Alomomola
|-fail|p2a: Alomomola|tox
|
|-damage|p2a: Alomomola|68/100 tox|[from] psn
|upkeep
|turn|120
|
|t:|1781099107
|move|p1a: Gliscor|Protect|p1a: Gliscor
|-singleturn|p1a: Gliscor|Protect
|move|p2a: Alomomola|Wish|p2a: Alomomola
|
|-damage|p2a: Alomomola|55/100 tox|[from] psn
|upkeep
|turn|121
|
|t:|1781099109
|switch|p2a: Zamazenta|Zamazenta|27/100 tox
|move|p1a: Gliscor|Protect||[still]
|-fail|p1a: Gliscor
|
|-heal|p2a: Zamazenta|100/100 tox|[from] move: Wish|[wisher] Alomomola
|-damage|p2a: Zamazenta|94/100 tox|[from] psn
|upkeep
|turn|122
|
|t:|1781099110
|switch|p2a: Alomomola|Alomomola, F|89/100 tox
|-damage|p2a: Alomomola|64/100 tox|[from] Spikes
|move|p1a: Gliscor|Protect||[still]
|-fail|p1a: Gliscor
|
|-damage|p2a: Alomomola|57/100 tox|[from] psn
|upkeep
|turn|123
|
|t:|1781099112
|switch|p2a: Zamazenta|Zamazenta|94/100 tox
|move|p1a: Gliscor|Protect||[still]
|-fail|p1a: Gliscor
|
|-damage|p2a: Zamazenta|88/100 tox|[from] psn
|upkeep
|turn|124
|
|t:|1781099113
|switch|p2a: Alomomola|Alomomola, F|91/100 tox
|-damage|p2a: Alomomola|66/100 tox|[from] Spikes
|move|p1a: Gliscor|Protect||[still]
|-fail|p1a: Gliscor
|
|-damage|p2a: Alomomola|60/100 tox|[from] psn
|upkeep
|turn|125
|
|t:|1781099115
|switch|p2a: Zamazenta|Zamazenta|88/100 tox
|move|p1a: Gliscor|Protect||[still]
|-fail|p1a: Gliscor
|
|-damage|p2a: Zamazenta|82/100 tox|[from] psn
|upkeep
|turn|126
|
|t:|1781099116
|switch|p2a: Alomomola|Alomomola, F|93/100 tox
|-damage|p2a: Alomomola|68/100 tox|[from] Spikes
|move|p1a: Gliscor|Protect||[still]
|-fail|p1a: Gliscor
|
|-damage|p2a: Alomomola|62/100 tox|[from] psn
|upkeep
|turn|127
|
|t:|1781099117
|switch|p2a: Zamazenta|Zamazenta|82/100 tox
|move|p1a: Gliscor|Protect||[still]
|-fail|p1a: Gliscor
|
|-damage|p2a: Zamazenta|76/100 tox|[from] psn
|upkeep
|turn|128
|
|t:|1781099118
|switch|p2a: Alomomola|Alomomola, F|95/100 tox
|-damage|p2a: Alomomola|70/100 tox|[from] Spikes
|-activate|p1a: Gliscor|move: Struggle
|move|p1a: Gliscor|Struggle|p2a: Alomomola
|-damage|p2a: Alomomola|62/100 tox
|-damage|p1a: Gliscor|75/100 tox|[from] recoil
|
|-heal|p1a: Gliscor|88/100 tox|[from] ability: Poison Heal
|-damage|p2a: Alomomola|56/100 tox|[from] psn
|upkeep
|turn|129
|l| newhere1310
|
|t:|1781099123
|switch|p2a: Zamazenta|Zamazenta|76/100 tox
|-activate|p1a: Gliscor|move: Struggle
|move|p1a: Gliscor|Struggle|p2a: Zamazenta
|-damage|p2a: Zamazenta|65/100 tox
|-damage|p1a: Gliscor|63/100 tox|[from] recoil
|
|-damage|p2a: Zamazenta|59/100 tox|[from] psn
|-heal|p1a: Gliscor|75/100 tox|[from] ability: Poison Heal
|upkeep
|turn|130
|inactive|Battle timer is ON: inactive players will automatically lose when time's up. (requested by GavilarKholin)
|
|t:|1781099149
|move|p2a: Zamazenta|Close Combat|p1a: Gliscor
|-damage|p1a: Gliscor|32/100 tox
|-unboost|p2a: Zamazenta|def|1
|-unboost|p2a: Zamazenta|spd|1
|-activate|p1a: Gliscor|move: Struggle
|move|p1a: Gliscor|Struggle|p2a: Zamazenta
|-crit|p2a: Zamazenta
|-damage|p2a: Zamazenta|35/100 tox
|-damage|p1a: Gliscor|7/100 tox|[from] recoil
|
|-damage|p2a: Zamazenta|23/100 tox|[from] psn
|-heal|p1a: Gliscor|20/100 tox|[from] ability: Poison Heal
|upkeep
|turn|131
|
|t:|1781099151
|move|p2a: Zamazenta|Close Combat|p1a: Gliscor
|-damage|p1a: Gliscor|0 fnt
|-unboost|p2a: Zamazenta|def|1
|-unboost|p2a: Zamazenta|spd|1
|faint|p1a: Gliscor
|
|win|GavilarKholin
|raw|plsbringregi's rating: 1649 &rarr; <strong>1630</strong><br />(-19 for losing)
|raw|GavilarKholin's rating: 1669 &rarr; <strong>1688</strong><br />(+19 for winning)
|l|☆GavilarKholin
|player|p2|
|l|☆plsbringregi
|player|p1|
|l| Puyu paz
|l| isaac_gam3r
