|j|☆BlackStar150520
|j|☆pivotslophaxmaxxer
|t:|1781547055
|gametype|singles
|player|p1|BlackStar150520|unknown|1727
|player|p2|pivotslophaxmaxxer|thorton|1671
|gen|9
|tier|[Gen 9] OU
|rated|
|rule|HP Percentage Mod: HP is shown in percentages
|rule|Endless Battle Clause: Forcing endless battles is banned
|rule|Species Clause: Limit one of each Pokémon
|rule|OHKO Clause: OHKO moves are banned
|rule|Evasion Items Clause: Evasion items are banned
|rule|Evasion Moves Clause: Evasion moves are banned
|rule|Evasion Abilities Clause: Evasion abilities are banned
|rule|Sleep Moves Clause: Sleep-inducing moves are banned
|clearpoke
|poke|p1|Raging Bolt|
|poke|p1|Kingambit, M|
|poke|p1|Iron Moth|
|poke|p1|Ogerpon-Wellspring, F|
|poke|p1|Scizor, F|
|poke|p1|Great Tusk|
|poke|p2|Ninetales-Alola, F|
|poke|p2|Tyranitar, F|
|poke|p2|Ogerpon-Wellspring, F|
|poke|p2|Hatterene, F|
|poke|p2|Gliscor, F|
|poke|p2|Iron Crown|
|teampreview
|inactive|Battle timer is ON: inactive players will automatically lose when time's up. (requested by BlackStar150520)
|inactive|BlackStar150520 has 120 seconds left.
|inactive|pivotslophaxmaxxer has 120 seconds left.
|
|t:|1781547087
|teamsize|p1|6
|teamsize|p2|6
|start
|switch|p1a: 🎭|Ogerpon-Wellspring, F|100/100
|switch|p2a: Iron Crown|Iron Crown|100/100
|-enditem|p2a: Iron Crown|Booster Energy
|-activate|p2a: Iron Crown|ability: Quark Drive|[fromitem]
|-start|p2a: Iron Crown|quarkdrivespe
|turn|1
|inactive|BlackStar150520 has 120 seconds left.
|inactive|BlackStar150520 has 90 seconds left.
|
|t:|1781547169
|move|p2a: Iron Crown|Calm Mind|p2a: Iron Crown
|-boost|p2a: Iron Crown|spa|1
|-boost|p2a: Iron Crown|spd|1
|move|p1a: 🎭|Encore|p2a: Iron Crown
|-start|p2a: Iron Crown|Encore
|
|upkeep
|turn|2
|
|t:|1781547176
|-end|p2a: Iron Crown|Quark Drive|[silent]
|switch|p2a: Ninetales|Ninetales-Alola, F|100/100
|-weather|Snowscape|[from] ability: Snow Warning|[of] p2a: Ninetales
|move|p1a: 🎭|Knock Off|p2a: Ninetales
|-resisted|p2a: Ninetales
|-damage|p2a: Ninetales|86/100
|-enditem|p2a: Ninetales|Light Clay|[from] move: Knock Off|[of] p1a: 🎭
|
|-weather|Snowscape|[upkeep]
|upkeep
|turn|3
|j| DA COME UP
|j| himmel90
|inactive|BlackStar150520 has 60 seconds left.
|l| DA COME UP
|l| himmel90
|
|t:|1781547223
|switch|p1a: Red Lightning|Scizor, F|100/100
|move|p2a: Ninetales|Aurora Veil|p2a: Ninetales
|-sidestart|p2: pivotslophaxmaxxer|move: Aurora Veil
|
|-weather|Snowscape|[upkeep]
|upkeep
|turn|4
|
|t:|1781547229
|switch|p2a: Ogerpon|Ogerpon-Wellspring, F|100/100
|move|p1a: Red Lightning|Knock Off|p2a: Ogerpon
|-damage|p2a: Ogerpon|76/100
|
|-weather|Snowscape|[upkeep]
|upkeep
|turn|5
|
|t:|1781547233
|switch|p1a: 🎭|Ogerpon-Wellspring, F|100/100
|move|p2a: Ogerpon|Swords Dance|p2a: Ogerpon
|-boost|p2a: Ogerpon|atk|2
|
|-weather|Snowscape|[upkeep]
|upkeep
|turn|6
|
|t:|1781547236
|move|p2a: Ogerpon|Horn Leech|p1a: 🎭
|-damage|p1a: 🎭|0 fnt
|-heal|p2a: Ogerpon|100/100|[from] drain|[of] p1a: 🎭
|faint|p1a: 🎭
|
|-weather|none
|upkeep
|
|t:|1781547247
|switch|p1a: ⚡️|Raging Bolt|100/100
|turn|7
|j| DA COME UP
|
|t:|1781547250
|move|p2a: Ogerpon|Play Rough|p1a: ⚡️
|-supereffective|p1a: ⚡️
|-damage|p1a: ⚡️|0 fnt
|faint|p1a: ⚡️
|-end|p1a: ⚡️|Protosynthesis|[silent]
|
|-sideend|p2: pivotslophaxmaxxer|move: Aurora Veil
|upkeep
|
|t:|1781547255
|switch|p1a: Red Lightning|Scizor, F|100/100
|turn|8
|
|t:|1781547259
|move|p1a: Red Lightning|Bullet Punch|p2a: Ogerpon
|-resisted|p2a: Ogerpon
|-damage|p2a: Ogerpon|70/100
|move|p2a: Ogerpon|Ivy Cudgel|p1a: Red Lightning|[anim] Ivy Cudgel Water
|-damage|p1a: Red Lightning|0 fnt
|faint|p1a: Red Lightning
|
|upkeep
|
|t:|1781547263
|switch|p1a: Robo Rona|Iron Moth|100/100
|-enditem|p1a: Robo Rona|Booster Energy
|-activate|p1a: Robo Rona|ability: Quark Drive|[fromitem]
|-start|p1a: Robo Rona|quarkdrivespe
|turn|9
|
|t:|1781547271
|-terastallize|p2a: Ogerpon|Water
|detailschange|p2a: Ogerpon|Ogerpon-Wellspring-Tera, F, tera:Water
|-ability|p2a: Ogerpon|Embody Aspect (Wellspring)|boost
|-boost|p2a: Ogerpon|spd|1
|move|p1a: Robo Rona|Sludge Wave|p2a: Ogerpon
|-damage|p2a: Ogerpon|34/100
|move|p2a: Ogerpon|Ivy Cudgel|p1a: Robo Rona|[anim] Ivy Cudgel Water
|-supereffective|p1a: Robo Rona
|-damage|p1a: Robo Rona|0 fnt
|faint|p1a: Robo Rona
|-end|p1a: Robo Rona|Quark Drive|[silent]
|
|upkeep
|
|t:|1781547274
|switch|p1a: Aizen🗡️|Kingambit, M, shiny|100/100
|-activate|p1a: Aizen🗡️|ability: Supreme Overlord
|-start|p1a: Aizen🗡️|fallen4|[silent]
|turn|10
|
|t:|1781547277
|move|p1a: Aizen🗡️|Sucker Punch|p2a: Ogerpon
|-damage|p2a: Ogerpon|0 fnt
|faint|p2a: Ogerpon
|detailschange|p2: Ogerpon|Ogerpon-Wellspring, F|[silent]
|
|upkeep
|
|t:|1781547279
|switch|p2a: Ninetales|Ninetales-Alola, F|86/100
|-weather|Snowscape|[from] ability: Snow Warning|[of] p2a: Ninetales
|turn|11
|
|t:|1781547283
|-end|p1a: Aizen🗡️|fallen4|[silent]
|switch|p1a: Mega Donphan|Great Tusk|100/100
|move|p2a: Ninetales|Encore||[still]
|-fail|p2a: Ninetales
|
|-weather|Snowscape|[upkeep]
|upkeep
|turn|12
|
|t:|1781547286
|move|p2a: Ninetales|Aurora Veil|p2a: Ninetales
|-sidestart|p2: pivotslophaxmaxxer|move: Aurora Veil
|move|p1a: Mega Donphan|Stealth Rock|p2a: Ninetales
|-sidestart|p2: pivotslophaxmaxxer|move: Stealth Rock
|
|-weather|Snowscape|[upkeep]
|upkeep
|turn|13
|
|t:|1781547289
|-end|p1a: Mega Donphan|Protosynthesis|[silent]
|switch|p1a: Aizen🗡️|Kingambit, M, shiny|100/100
|-activate|p1a: Aizen🗡️|ability: Supreme Overlord
|-start|p1a: Aizen🗡️|fallen4|[silent]
|move|p2a: Ninetales|Moonblast|p1a: Aizen🗡️
|-damage|p1a: Aizen🗡️|70/100
|
|-weather|Snowscape|[upkeep]
|-heal|p1a: Aizen🗡️|76/100|[from] item: Leftovers
|upkeep
|turn|14
|
|t:|1781547294
|switch|p2a: Gliscor|Gliscor, F|100/100
|-damage|p2a: Gliscor|88/100|[from] Stealth Rock
|move|p1a: Aizen🗡️|Iron Head|p2a: Gliscor
|-damage|p2a: Gliscor|60/100
|
|-weather|Snowscape|[upkeep]
|-heal|p1a: Aizen🗡️|82/100|[from] item: Leftovers
|-status|p2a: Gliscor|tox|[from] item: Toxic Orb
|upkeep
|turn|15
|
|t:|1781547297
|-end|p1a: Aizen🗡️|fallen4|[silent]
|switch|p1a: Mega Donphan|Great Tusk|100/100
|move|p2a: Gliscor|Earthquake|p1a: Mega Donphan
|-damage|p1a: Mega Donphan|78/100
|
|-weather|none
|-heal|p2a: Gliscor|73/100 tox|[from] ability: Poison Heal
|upkeep
|turn|16
|
|t:|1781547301
|switch|p2a: Ninetales|Ninetales-Alola, F|86/100
|-damage|p2a: Ninetales|61/100|[from] Stealth Rock
|-weather|Snowscape|[from] ability: Snow Warning|[of] p2a: Ninetales
|move|p1a: Mega Donphan|Rapid Spin|p2a: Ninetales
|-damage|p2a: Ninetales|54/100
|-boost|p1a: Mega Donphan|spe|1
|
|-weather|Snowscape|[upkeep]
|-sideend|p2: pivotslophaxmaxxer|move: Aurora Veil
|upkeep
|turn|17
|
|t:|1781547305
|move|p1a: Mega Donphan|Headlong Rush|p2a: Ninetales
|-damage|p2a: Ninetales|2/100
|-unboost|p1a: Mega Donphan|def|1
|-unboost|p1a: Mega Donphan|spd|1
|move|p2a: Ninetales|Moonblast|p1a: Mega Donphan
|-supereffective|p1a: Mega Donphan
|-damage|p1a: Mega Donphan|0 fnt
|faint|p1a: Mega Donphan
|-end|p1a: Mega Donphan|Protosynthesis|[silent]
|
|-weather|Snowscape|[upkeep]
|upkeep
|
|t:|1781547308
|switch|p1a: Aizen🗡️|Kingambit, M, shiny|82/100
|-activate|p1a: Aizen🗡️|ability: Supreme Overlord
|-start|p1a: Aizen🗡️|fallen5|[silent]
|turn|18
|
|t:|1781547312
|move|p2a: Ninetales|Aurora Veil|p2a: Ninetales
|-sidestart|p2: pivotslophaxmaxxer|move: Aurora Veil
|move|p1a: Aizen🗡️|Iron Head|p2a: Ninetales
|-supereffective|p2a: Ninetales
|-damage|p2a: Ninetales|0 fnt
|faint|p2a: Ninetales
|
|-weather|Snowscape|[upkeep]
|-heal|p1a: Aizen🗡️|88/100|[from] item: Leftovers
|upkeep
|
|t:|1781547331
|switch|p2a: Tyranitar|Tyranitar, F|100/100
|-damage|p2a: Tyranitar|88/100|[from] Stealth Rock
|-weather|Sandstorm|[from] ability: Sand Stream|[of] p2a: Tyranitar
|turn|19
|
|t:|1781547335
|move|p2a: Tyranitar|Dragon Dance|p2a: Tyranitar
|-boost|p2a: Tyranitar|atk|1
|-boost|p2a: Tyranitar|spe|1
|move|p1a: Aizen🗡️|Low Kick|p2a: Tyranitar
|-supereffective|p2a: Tyranitar
|-damage|p2a: Tyranitar|0 fnt
|faint|p2a: Tyranitar
|
|-weather|Sandstorm|[upkeep]
|-heal|p1a: Aizen🗡️|94/100|[from] item: Leftovers
|upkeep
|
|t:|1781547342
|switch|p2a: Gliscor|Gliscor, F|73/100 tox
|-damage|p2a: Gliscor|60/100 tox|[from] Stealth Rock
|turn|20
|
|t:|1781547350
|move|p2a: Gliscor|Earthquake|p1a: Aizen🗡️
|-supereffective|p1a: Aizen🗡️
|-damage|p1a: Aizen🗡️|40/100
|move|p1a: Aizen🗡️|Swords Dance|p1a: Aizen🗡️
|-boost|p1a: Aizen🗡️|atk|2
|
|-weather|Sandstorm|[upkeep]
|-heal|p1a: Aizen🗡️|46/100|[from] item: Leftovers
|-heal|p2a: Gliscor|73/100 tox|[from] ability: Poison Heal
|upkeep
|turn|21
|
|t:|1781547372
|-terastallize|p1a: Aizen🗡️|Ghost
|move|p2a: Gliscor|Earthquake|p1a: Aizen🗡️
|-damage|p1a: Aizen🗡️|19/100
|move|p1a: Aizen🗡️|Swords Dance|p1a: Aizen🗡️
|-boost|p1a: Aizen🗡️|atk|2
|
|-weather|Sandstorm|[upkeep]
|-damage|p1a: Aizen🗡️|13/100|[from] Sandstorm
|-heal|p1a: Aizen🗡️|19/100|[from] item: Leftovers
|-heal|p2a: Gliscor|85/100 tox|[from] ability: Poison Heal
|upkeep
|turn|22
|
|t:|1781547379
|move|p1a: Aizen🗡️|Sucker Punch|p2a: Gliscor
|-damage|p2a: Gliscor|16/100 tox
|move|p2a: Gliscor|Earthquake|p1a: Aizen🗡️
|-damage|p1a: Aizen🗡️|0 fnt
|faint|p1a: Aizen🗡️
|-end|p1a: Aizen🗡️|fallen5|[silent]
|
|win|pivotslophaxmaxxer
|raw|BlackStar150520's rating: 1727 &rarr; <strong>1704</strong><br />(-23 for losing)
|raw|pivotslophaxmaxxer's rating: 1671 &rarr; <strong>1694</strong><br />(+23 for winning)
|l|☆BlackStar150520
|player|p1|
|l|☆pivotslophaxmaxxer
|player|p2|
