|j|☆Luisowbro
|j|☆suaiaj
|t:|1781438714
|gametype|singles
|player|p1|Luisowbro|ingo|1594
|player|p2|suaiaj|juan|1710
|gen|9
|tier|[Gen 9] OU
|rated|
|rule|HP Percentage Mod: HP is shown in percentages
|rule|Endless Battle Clause: Forcing endless battles is banned
|rule|Species Clause: Limit one of each Pokémon
|rule|OHKO Clause: OHKO moves are banned
|rule|Evasion Items Clause: Evasion items are banned
|rule|Evasion Moves Clause: Evasion moves are banned
|rule|Evasion Abilities Clause: Evasion abilities are banned
|rule|Sleep Moves Clause: Sleep-inducing moves are banned
|clearpoke
|poke|p1|Moltres-Galar|
|poke|p1|Haxorus, M|
|poke|p1|Thundurus-Therian, M|
|poke|p1|Scizor, M|
|poke|p1|Volcanion|
|poke|p1|Ninetales-Alola, F|
|poke|p2|Flygon, M|
|poke|p2|Gholdengo|
|poke|p2|Ogerpon-Wellspring, F|
|poke|p2|Zapdos|
|poke|p2|Tyranitar, F|
|poke|p2|Great Tusk|
|teampreview
|
|t:|1781438754
|teamsize|p1|6
|teamsize|p2|6
|start
|switch|p1a: Scizor|Scizor, M|100/100
|switch|p2a: Tyranitar|Tyranitar, F|100/100
|-weather|Sandstorm|[from] ability: Sand Stream|[of] p2a: Tyranitar
|turn|1
|l|☆suaiaj
|player|p2|
|j|☆suaiaj
|player|p2|suaiaj|juan|
|inactive|Battle timer is ON: inactive players will automatically lose when time's up. (requested by Luisowbro)
|n|☆suaiaj|suaiaj
|
|t:|1781438790
|switch|p2a: Zapdos|Zapdos|100/100
|move|p1a: Scizor|U-turn|p2a: Zapdos
|-resisted|p2a: Zapdos
|-damage|p2a: Zapdos|80/100
|inactive|Luisowbro has 120 seconds left.
|
|t:|1781438828
|switch|p1a: Ninetales|Ninetales-Alola, F, shiny|100/100|[from] U-turn
|-weather|Snowscape|[from] ability: Snow Warning|[of] p1a: Ninetales
|
|-weather|Snowscape|[upkeep]
|upkeep
|turn|2
|
|t:|1781438834
|switch|p1a: Haxorus|Haxorus, M, shiny|100/100
|-ability|p1a: Haxorus|Mold Breaker
|switch|p2a: Tyranitar|Tyranitar, F|100/100
|-weather|Sandstorm|[from] ability: Sand Stream|[of] p2a: Tyranitar
|
|-weather|Sandstorm|[upkeep]
|-damage|p1a: Haxorus|94/100|[from] Sandstorm
|upkeep
|turn|3
|
|t:|1781438844
|switch|p2a: Zapdos|Zapdos|80/100
|move|p1a: Haxorus|Close Combat|p2a: Zapdos
|-resisted|p2a: Zapdos
|-damage|p2a: Zapdos|65/100
|-unboost|p1a: Haxorus|def|1
|-unboost|p1a: Haxorus|spd|1
|
|-weather|Sandstorm|[upkeep]
|-damage|p1a: Haxorus|88/100|[from] Sandstorm
|-damage|p2a: Zapdos|58/100|[from] Sandstorm
|upkeep
|turn|4
|
|t:|1781438855
|move|p1a: Haxorus|Scale Shot|p2a: Zapdos
|-damage|p2a: Zapdos|48/100
|-damage|p2a: Zapdos|37/100
|-damage|p2a: Zapdos|27/100
|-damage|p2a: Zapdos|17/100
|-hitcount|p2a: Zapdos|4
|-unboost|p1a: Haxorus|def|1
|-boost|p1a: Haxorus|spe|1
|move|p2a: Zapdos|Roost|p2a: Zapdos
|-heal|p2a: Zapdos|67/100
|-singleturn|p2a: Zapdos|move: Roost
|
|-weather|Sandstorm|[upkeep]
|-damage|p1a: Haxorus|82/100|[from] Sandstorm
|-damage|p2a: Zapdos|61/100|[from] Sandstorm
|upkeep
|turn|5
|
|t:|1781438869
|-terastallize|p1a: Haxorus|Dragon
|move|p1a: Haxorus|Scale Shot|p2a: Zapdos|[miss]
|-miss|p1a: Haxorus|p2a: Zapdos
|move|p2a: Zapdos|Hurricane|p1a: Haxorus
|-damage|p1a: Haxorus|0 fnt
|faint|p1a: Haxorus
|
|-weather|Sandstorm|[upkeep]
|-damage|p2a: Zapdos|54/100|[from] Sandstorm
|upkeep
|inactive|Luisowbro has 120 seconds left.
|l|☆suaiaj
|inactive|suaiaj disconnected and has a minute to reconnect!
|player|p2|
|
|t:|1781438900
|switch|p1a: Thundurus|Thundurus-Therian, M, shiny|100/100
|turn|6
|j|☆suaiaj
|inactive|suaiaj reconnected and has 140 seconds left.
|player|p2|suaiaj|juan|
|
|t:|1781438925
|switch|p2a: Tyranitar|Tyranitar, F|100/100
|move|p1a: Thundurus|Psychic|p2a: Tyranitar
|-immune|p2a: Tyranitar
|
|-weather|none
|upkeep
|turn|7
|inactive|Luisowbro has 120 seconds left.
|
|t:|1781438947
|switch|p1a: Scizor|Scizor, M|100/100
|move|p2a: Tyranitar|Stealth Rock|p1a: Scizor
|-sidestart|p1: Luisowbro|move: Stealth Rock
|
|upkeep
|turn|8
|inactive|Luisowbro has 120 seconds left.
|
|t:|1781438952
|switch|p2a: Zapdos|Zapdos|54/100
|move|p1a: Scizor|Defog|p2a: Zapdos
|-unboost|p2a: Zapdos|evasion|1
|-sideend|p1: Luisowbro|Stealth Rock|[from] move: Defog|[of] p1a: Scizor
|
|upkeep
|turn|9
|
|t:|1781438962
|switch|p1a: Volcanion|Volcanion|100/100
|move|p2a: Zapdos|Roost|p2a: Zapdos
|-heal|p2a: Zapdos|100/100
|-singleturn|p2a: Zapdos|move: Roost
|
|upkeep
|turn|10
|
|t:|1781438969
|move|p2a: Zapdos|Volt Switch|p1a: Volcanion
|-supereffective|p1a: Volcanion
|-damage|p1a: Volcanion|60/100
|
|t:|1781438972
|switch|p2a: Tyranitar|Tyranitar, F|100/100|[from] Volt Switch
|-weather|Sandstorm|[from] ability: Sand Stream|[of] p2a: Tyranitar
|move|p1a: Volcanion|Steam Eruption|p2a: Tyranitar|[miss]
|-miss|p1a: Volcanion|p2a: Tyranitar
|
|-weather|Sandstorm|[upkeep]
|-damage|p1a: Volcanion|54/100|[from] Sandstorm
|upkeep
|turn|11
|
|t:|1781438982
|move|p1a: Volcanion|Steam Eruption|p2a: Tyranitar
|-supereffective|p2a: Tyranitar
|-damage|p2a: Tyranitar|51/100
|-status|p2a: Tyranitar|brn
|move|p2a: Tyranitar|Knock Off|p1a: Volcanion
|-damage|p1a: Volcanion|36/100
|-enditem|p1a: Volcanion|Assault Vest|[from] move: Knock Off|[of] p2a: Tyranitar
|
|-weather|Sandstorm|[upkeep]
|-damage|p1a: Volcanion|30/100|[from] Sandstorm
|-heal|p2a: Tyranitar|57/100 brn|[from] item: Leftovers
|-damage|p2a: Tyranitar|51/100 brn|[from] brn
|upkeep
|turn|12
|
|t:|1781438994
|move|p1a: Volcanion|Earth Power|p2a: Tyranitar
|-supereffective|p2a: Tyranitar
|-damage|p2a: Tyranitar|23/100 brn
|move|p2a: Tyranitar|Stealth Rock|p1a: Volcanion
|-sidestart|p1: Luisowbro|move: Stealth Rock
|
|-weather|Sandstorm|[upkeep]
|-damage|p1a: Volcanion|24/100|[from] Sandstorm
|-heal|p2a: Tyranitar|29/100 brn|[from] item: Leftovers
|-damage|p2a: Tyranitar|23/100 brn|[from] brn
|upkeep
|turn|13
|
|t:|1781439003
|move|p1a: Volcanion|Steam Eruption|p2a: Tyranitar
|-supereffective|p2a: Tyranitar
|-damage|p2a: Tyranitar|0 fnt
|faint|p2a: Tyranitar
|
|-weather|Sandstorm|[upkeep]
|-damage|p1a: Volcanion|18/100|[from] Sandstorm
|upkeep
|
|t:|1781439008
|switch|p2a: Flygon|Flygon, M, shiny|100/100
|turn|14
|
|t:|1781439013
|move|p2a: Flygon|Boomburst|p1a: Volcanion
|-damage|p1a: Volcanion|0 fnt
|faint|p1a: Volcanion
|-enditem|p2a: Flygon|Throat Spray
|-boost|p2a: Flygon|spa|1|[from] item: Throat Spray
|
|-weather|none
|upkeep
|
|t:|1781439027
|switch|p1a: Ninetales|Ninetales-Alola, F, shiny|100/100
|-damage|p1a: Ninetales|76/100|[from] Stealth Rock
|-weather|Snowscape|[from] ability: Snow Warning|[of] p1a: Ninetales
|turn|15
|
|t:|1781439032
|switch|p2a: Gholdengo|Gholdengo|100/100
|move|p1a: Ninetales|Aurora Veil|p1a: Ninetales
|-sidestart|p1: Luisowbro|move: Aurora Veil
|
|-weather|Snowscape|[upkeep]
|upkeep
|turn|16
|
|t:|1781439039
|switch|p1a: Scizor|Scizor, M|100/100
|-damage|p1a: Scizor|88/100|[from] Stealth Rock
|move|p2a: Gholdengo|Make It Rain|p1a: Scizor
|-resisted|p1a: Scizor
|-damage|p1a: Scizor|70/100
|-unboost|p2a: Gholdengo|spa|1
|
|-weather|Snowscape|[upkeep]
|upkeep
|turn|17
|
|t:|1781439049
|switch|p2a: Zapdos|Zapdos|100/100
|move|p1a: Scizor|Knock Off|p2a: Zapdos
|-crit|p2a: Zapdos
|-damage|p2a: Zapdos|46/100
|-enditem|p2a: Zapdos|Heavy-Duty Boots|[from] move: Knock Off|[of] p1a: Scizor
|
|-weather|Snowscape|[upkeep]
|upkeep
|turn|18
|
|t:|1781439058
|switch|p1a: Thundurus|Thundurus-Therian, M, shiny|100/100
|-damage|p1a: Thundurus|76/100|[from] Stealth Rock
|move|p2a: Zapdos|Roost|p2a: Zapdos
|-heal|p2a: Zapdos|96/100
|-singleturn|p2a: Zapdos|move: Roost
|
|-weather|Snowscape|[upkeep]
|upkeep
|turn|19
|
|t:|1781439066
|move|p1a: Thundurus|Volt Switch|p2a: Zapdos
|-damage|p2a: Zapdos|51/100
|
|t:|1781439069
|switch|p1a: Moltres|Moltres-Galar, shiny|100/100|[from] Volt Switch
|-damage|p1a: Moltres|75/100|[from] Stealth Rock
|move|p2a: Zapdos|Volt Switch|p1a: Moltres
|-supereffective|p1a: Moltres
|-damage|p1a: Moltres|56/100
|j| dante1310
|
|t:|1781439083
|switch|p2a: Ogerpon|Ogerpon-Wellspring, F|100/100|[from] Volt Switch
|
|-weather|none
|upkeep
|turn|20
|
|t:|1781439088
|move|p2a: Ogerpon|Ivy Cudgel|p1a: Moltres|[anim] Ivy Cudgel Water
|-damage|p1a: Moltres|29/100
|-ability|p1a: Moltres|Berserk|boost
|-boost|p1a: Moltres|spa|1
|-enditem|p1a: Moltres|Sitrus Berry|[eat]
|-heal|p1a: Moltres|54/100|[from] item: Sitrus Berry
|move|p1a: Moltres|Air Slash|p2a: Ogerpon
|-supereffective|p2a: Ogerpon
|-damage|p2a: Ogerpon|1/100
|
|upkeep
|turn|21
|
|t:|1781439117
|move|p2a: Ogerpon|Spikes|p1a: Moltres
|-sidestart|p1: Luisowbro|Spikes
|move|p1a: Moltres|Agility|p1a: Moltres
|-boost|p1a: Moltres|spe|2
|
|upkeep
|turn|22
|
|t:|1781439126
|move|p1a: Moltres|Nasty Plot|p1a: Moltres
|-boost|p1a: Moltres|spa|2
|move|p2a: Ogerpon|Encore|p1a: Moltres
|-start|p1a: Moltres|Encore
|
|-sideend|p1: Luisowbro|move: Aurora Veil
|upkeep
|turn|23
|
|t:|1781439139
|switch|p1a: Thundurus|Thundurus-Therian, M, shiny|76/100
|-damage|p1a: Thundurus|51/100|[from] Stealth Rock
|move|p2a: Ogerpon|Ivy Cudgel|p1a: Thundurus|[anim] Ivy Cudgel Water
|-damage|p1a: Thundurus|0 fnt
|faint|p1a: Thundurus
|
|upkeep
|
|t:|1781439148
|switch|p1a: Scizor|Scizor, M|70/100
|-damage|p1a: Scizor|58/100|[from] Stealth Rock
|-damage|p1a: Scizor|45/100|[from] Spikes
|turn|24
|
|t:|1781439154
|move|p2a: Ogerpon|Ivy Cudgel|p1a: Scizor|[anim] Ivy Cudgel Water
|-damage|p1a: Scizor|0 fnt
|faint|p1a: Scizor
|
|upkeep
|
|t:|1781439159
|switch|p1a: Ninetales|Ninetales-Alola, F, shiny|76/100
|-damage|p1a: Ninetales|51/100|[from] Stealth Rock
|-damage|p1a: Ninetales|38/100|[from] Spikes
|-weather|Snowscape|[from] ability: Snow Warning|[of] p1a: Ninetales
|turn|25
|
|t:|1781439165
|-terastallize|p2a: Ogerpon|Water
|detailschange|p2a: Ogerpon|Ogerpon-Wellspring-Tera, F, tera:Water
|-ability|p2a: Ogerpon|Embody Aspect (Wellspring)|boost
|-boost|p2a: Ogerpon|spd|1
|move|p2a: Ogerpon|Ivy Cudgel|p1a: Ninetales|[anim] Ivy Cudgel Water
|-damage|p1a: Ninetales|0 fnt
|faint|p1a: Ninetales
|
|-weather|Snowscape|[upkeep]
|upkeep
|
|t:|1781439173
|switch|p1a: Moltres|Moltres-Galar, shiny|54/100
|-damage|p1a: Moltres|29/100|[from] Stealth Rock
|turn|26
|
|t:|1781439176
|move|p2a: Ogerpon|Ivy Cudgel|p1a: Moltres|[anim] Ivy Cudgel Water
|-damage|p1a: Moltres|0 fnt
|faint|p1a: Moltres
|
|win|suaiaj
|raw|Luisowbro's rating: 1594 &rarr; <strong>1580</strong><br />(-14 for losing)
|raw|suaiaj's rating: 1710 &rarr; <strong>1724</strong><br />(+14 for winning)
|l| dante1310
|l|☆Luisowbro
|player|p1|
|l|☆suaiaj
|player|p2|
