|j|☆Mr.X&Y97
|j|☆SlimyTime
|t:|1781140950
|gametype|singles
|player|p1|Mr.X&Y97|ingo|1598
|player|p2|SlimyTime|ltsurge|1565
|gen|9
|tier|[Gen 9] OU
|rated|
|rule|HP Percentage Mod: HP is shown in percentages
|rule|Endless Battle Clause: Forcing endless battles is banned
|rule|Species Clause: Limit one of each Pokémon
|rule|OHKO Clause: OHKO moves are banned
|rule|Evasion Items Clause: Evasion items are banned
|rule|Evasion Moves Clause: Evasion moves are banned
|rule|Evasion Abilities Clause: Evasion abilities are banned
|rule|Sleep Moves Clause: Sleep-inducing moves are banned
|clearpoke
|poke|p1|Indeedee, M|
|poke|p1|Armarouge, M|
|poke|p1|Hatterene, F|
|poke|p1|Hawlucha, F|
|poke|p1|Maushold|
|poke|p1|Polteageist|
|poke|p2|Ursaluna, F|
|poke|p2|Rillaboom, F|
|poke|p2|Heatran, M|
|poke|p2|Alomomola, M|
|poke|p2|Corviknight, M|
|poke|p2|Iron Valiant|
|teampreview
|inactive|Battle timer is ON: inactive players will automatically lose when time's up. (requested by Mr.X&Y97)
|j| jaeminds
|
|t:|1781140959
|teamsize|p1|6
|teamsize|p2|6
|start
|switch|p1a: Maushold|Maushold|100/100
|switch|p2a: Heatran|Heatran, M|100/100
|turn|1
|
|t:|1781140964
|switch|p1a: Hatterene|Hatterene, F|100/100
|switch|p2a: Corviknight|Corviknight, M|100/100
|-ability|p2a: Corviknight|Pressure
|
|upkeep
|turn|2
|
|t:|1781140966
|move|p2a: Corviknight|U-turn|p1a: Hatterene
|-crit|p1a: Hatterene
|-damage|p1a: Hatterene|84/100
|-enditem|p1a: Hatterene|Eject Button
|
|t:|1781140970
|switch|p1a: Indeedee|Indeedee, M|100/100
|-fieldstart|move: Psychic Terrain|[from] ability: Psychic Surge|[of] p1a: Indeedee
|
|upkeep
|turn|3
|
|t:|1781140985
|switch|p1a: Armarouge|Armarouge, M|100/100
|switch|p2a: Heatran|Heatran, M|100/100
|
|upkeep
|turn|4
|
|t:|1781141011
|switch|p2a: Alomomola|Alomomola, M|100/100
|move|p1a: Armarouge|Aura Sphere|p2a: Alomomola
|-damage|p2a: Alomomola|65/100
|
|upkeep
|turn|5
|
|t:|1781141013
|move|p2a: Alomomola|Protect|p2a: Alomomola
|-singleturn|p2a: Alomomola|Protect
|move|p1a: Armarouge|Expanding Force|p2a: Alomomola
|-activate|p2a: Alomomola|move: Protect
|
|upkeep
|turn|6
|
|t:|1781141018
|switch|p2a: Heatran|Heatran, M|100/100
|move|p1a: Armarouge|Armor Cannon|p2a: Heatran
|-start|p2a: Heatran|ability: Flash Fire
|
|upkeep
|turn|7
|
|t:|1781141030
|move|p1a: Armarouge|Aura Sphere|p2a: Heatran
|-supereffective|p2a: Heatran
|-damage|p2a: Heatran|62/100
|move|p2a: Heatran|Stealth Rock|p1a: Armarouge
|-sidestart|p1: Mr.X&Y97|move: Stealth Rock
|
|-heal|p2a: Heatran|68/100|[from] item: Leftovers
|upkeep
|turn|8
|
|t:|1781141035
|move|p1a: Armarouge|Aura Sphere|p2a: Heatran
|-supereffective|p2a: Heatran
|-damage|p2a: Heatran|32/100
|move|p2a: Heatran|Earth Power|p1a: Armarouge
|-supereffective|p1a: Armarouge
|-damage|p1a: Armarouge|32/100
|-enditem|p1a: Armarouge|Weakness Policy
|-boost|p1a: Armarouge|atk|2|[from] item: Weakness Policy
|-boost|p1a: Armarouge|spa|2|[from] item: Weakness Policy
|
|-heal|p2a: Heatran|38/100|[from] item: Leftovers
|upkeep
|turn|9
|
|t:|1781141041
|move|p1a: Armarouge|Expanding Force|p2a: Heatran
|-resisted|p2a: Heatran
|-damage|p2a: Heatran|0 fnt
|faint|p2a: Heatran
|
|-fieldend|move: Psychic Terrain
|upkeep
|
|t:|1781141043
|switch|p2a: Iron Valiant|Iron Valiant|100/100
|turn|10
|
|t:|1781141048
|move|p1a: Armarouge|Endure|p1a: Armarouge
|-singleturn|p1a: Armarouge|move: Endure
|move|p2a: Iron Valiant|Moonblast|p1a: Armarouge
|-resisted|p1a: Armarouge
|-activate|p1a: Armarouge|move: Endure
|-damage|p1a: Armarouge|1/100
|
|upkeep
|turn|11
|
|t:|1781141053
|move|p2a: Iron Valiant|Moonblast|p1a: Armarouge
|-resisted|p1a: Armarouge
|-damage|p1a: Armarouge|0 fnt
|faint|p1a: Armarouge
|
|upkeep
|
|t:|1781141061
|switch|p1a: Hatterene|Hatterene, F|84/100
|-damage|p1a: Hatterene|72/100|[from] Stealth Rock
|turn|12
|
|t:|1781141071
|-end|p2a: Iron Valiant|Quark Drive|[silent]
|switch|p2a: Alomomola|Alomomola, M|99/100
|move|p1a: Hatterene|Draining Kiss|p2a: Alomomola
|-damage|p2a: Alomomola|74/100
|-heal|p1a: Hatterene|100/100|[from] drain|[of] p2a: Alomomola
|
|upkeep
|turn|13
|
|t:|1781141076
|move|p2a: Alomomola|Flip Turn|p1a: Hatterene
|-damage|p1a: Hatterene|86/100
|
|t:|1781141078
|switch|p2a: Rillaboom|Rillaboom, F|100/100|[from] Flip Turn
|-fieldstart|move: Grassy Terrain|[from] ability: Grassy Surge|[of] p2a: Rillaboom
|move|p1a: Hatterene|Nuzzle|p2a: Rillaboom
|-resisted|p2a: Rillaboom
|-damage|p2a: Rillaboom|98/100
|-status|p2a: Rillaboom|par
|
|-heal|p2a: Rillaboom|100/100 par|[from] Grassy Terrain
|-heal|p1a: Hatterene|92/100|[from] Grassy Terrain
|upkeep
|turn|14
|
|t:|1781141082
|move|p2a: Rillaboom|Wood Hammer|p1a: Hatterene
|-crit|p1a: Hatterene
|-damage|p1a: Hatterene|0 fnt
|faint|p1a: Hatterene
|-damage|p2a: Rillaboom|72/100 par|[from] Recoil
|
|-heal|p2a: Rillaboom|79/100 par|[from] Grassy Terrain
|upkeep
|
|t:|1781141088
|switch|p1a: Indeedee|Indeedee, M|100/100
|-damage|p1a: Indeedee|88/100|[from] Stealth Rock
|-fieldstart|move: Psychic Terrain|[from] ability: Psychic Surge|[of] p1a: Indeedee
|turn|15
|
|t:|1781141096
|switch|p2a: Alomomola|Alomomola, M|100/100
|move|p1a: Indeedee|Expanding Force|p2a: Alomomola
|-damage|p2a: Alomomola|39/100
|
|upkeep
|turn|16
|
|t:|1781141105
|move|p2a: Alomomola|Protect|p2a: Alomomola
|-singleturn|p2a: Alomomola|Protect
|move|p1a: Indeedee|Expanding Force|p2a: Alomomola
|-activate|p2a: Alomomola|move: Protect
|
|upkeep
|turn|17
|
|t:|1781141113
|switch|p2a: Corviknight|Corviknight, M|100/100
|-ability|p2a: Corviknight|Pressure
|move|p1a: Indeedee|Expanding Force|p2a: Corviknight
|-resisted|p2a: Corviknight
|-damage|p2a: Corviknight|74/100
|
|upkeep
|turn|18
|
|t:|1781141123
|switch|p1a: Maushold|Maushold|100/100
|-damage|p1a: Maushold|88/100|[from] Stealth Rock
|move|p2a: Corviknight|U-turn|p1a: Maushold
|-damage|p1a: Maushold|64/100
|
|t:|1781141125
|switch|p2a: Rillaboom|Rillaboom, F|79/100 par|[from] U-turn
|-fieldstart|move: Grassy Terrain|[from] ability: Grassy Surge|[of] p2a: Rillaboom
|
|-heal|p1a: Maushold|70/100|[from] Grassy Terrain
|-heal|p2a: Rillaboom|85/100 par|[from] Grassy Terrain
|upkeep
|turn|19
|
|t:|1781141129
|cant|p2a: Rillaboom|par
|move|p1a: Maushold|Tidy Up|p1a: Maushold
|-sideend|p1: Mr.X&Y97|Stealth Rock
|-activate|p1a: Maushold|move: Tidy Up
|-boost|p1a: Maushold|atk|1
|-boost|p1a: Maushold|spe|1
|
|-heal|p1a: Maushold|77/100|[from] Grassy Terrain
|-heal|p2a: Rillaboom|91/100 par|[from] Grassy Terrain
|upkeep
|turn|20
|
|t:|1781141132
|move|p2a: Rillaboom|Grassy Glide|p1a: Maushold
|-damage|p1a: Maushold|0 fnt
|faint|p1a: Maushold
|
|-heal|p2a: Rillaboom|97/100 par|[from] Grassy Terrain
|upkeep
|
|t:|1781141146
|switch|p1a: Indeedee|Indeedee, M|88/100
|-fieldstart|move: Psychic Terrain|[from] ability: Psychic Surge|[of] p1a: Indeedee
|turn|21
|
|t:|1781141154
|switch|p1a: Polteageist|Polteageist|100/100
|switch|p2a: Corviknight|Corviknight, M|74/100
|-ability|p2a: Corviknight|Pressure
|
|upkeep
|turn|22
|
|t:|1781141159
|move|p1a: Polteageist|Shell Smash|p1a: Polteageist
|-unboost|p1a: Polteageist|def|1
|-unboost|p1a: Polteageist|spd|1
|-boost|p1a: Polteageist|atk|2
|-boost|p1a: Polteageist|spa|2
|-boost|p1a: Polteageist|spe|2
|move|p2a: Corviknight|U-turn|p1a: Polteageist
|-resisted|p1a: Polteageist
|-damage|p1a: Polteageist|81/100
|-ability|p1a: Polteageist|Weak Armor|boost
|-unboost|p1a: Polteageist|def|1
|-boost|p1a: Polteageist|spe|2
|
|t:|1781141162
|switch|p2a: Rillaboom|Rillaboom, F|97/100 par|[from] U-turn
|-fieldstart|move: Grassy Terrain|[from] ability: Grassy Surge|[of] p2a: Rillaboom
|
|-heal|p1a: Polteageist|87/100|[from] Grassy Terrain
|-heal|p2a: Rillaboom|100/100 par|[from] Grassy Terrain
|upkeep
|turn|23
|
|t:|1781141165
|move|p2a: Rillaboom|Grassy Glide|p1a: Polteageist
|-damage|p1a: Polteageist|0 fnt
|faint|p1a: Polteageist
|
|upkeep
|
|t:|1781141167
|switch|p1a: Indeedee|Indeedee, M|88/100
|-fieldstart|move: Psychic Terrain|[from] ability: Psychic Surge|[of] p1a: Indeedee
|turn|24
|
|t:|1781141172
|switch|p1a: Hawlucha|Hawlucha, F|100/100
|-enditem|p1a: Hawlucha|Psychic Seed
|-boost|p1a: Hawlucha|spd|1|[from] item: Psychic Seed
|switch|p2a: Alomomola|Alomomola, M|72/100
|
|upkeep
|turn|25
|
|t:|1781141179
|move|p1a: Hawlucha|Swords Dance|p1a: Hawlucha
|-boost|p1a: Hawlucha|atk|2
|move|p2a: Alomomola|Scald|p1a: Hawlucha
|-damage|p1a: Hawlucha|87/100
|
|upkeep
|turn|26
|
|t:|1781141182
|move|p1a: Hawlucha|Acrobatics|p2a: Alomomola
|-damage|p2a: Alomomola|21/100
|move|p2a: Alomomola|Scald|p1a: Hawlucha
|-damage|p1a: Hawlucha|75/100
|-status|p1a: Hawlucha|brn
|
|-damage|p1a: Hawlucha|69/100 brn|[from] brn
|upkeep
|turn|27
|
|t:|1781141191
|switch|p2a: Corviknight|Corviknight, M|74/100
|-ability|p2a: Corviknight|Pressure
|move|p1a: Hawlucha|Swords Dance|p1a: Hawlucha
|-boost|p1a: Hawlucha|atk|2
|
|-damage|p1a: Hawlucha|63/100 brn|[from] brn
|upkeep
|turn|28
|
|t:|1781141194
|move|p1a: Hawlucha|Close Combat|p2a: Corviknight
|-crit|p2a: Corviknight
|-damage|p2a: Corviknight|0 fnt
|-unboost|p1a: Hawlucha|def|1
|-unboost|p1a: Hawlucha|spd|1
|-damage|p1a: Hawlucha|46/100 brn|[from] item: Rocky Helmet|[of] p2a: Corviknight
|faint|p2a: Corviknight
|
|-damage|p1a: Hawlucha|40/100 brn|[from] brn
|upkeep
|
|t:|1781141197
|switch|p2a: Rillaboom|Rillaboom, F|100/100 par
|-fieldstart|move: Grassy Terrain|[from] ability: Grassy Surge|[of] p2a: Rillaboom
|turn|29
|
|t:|1781141201
|cant|p2a: Rillaboom|par
|move|p1a: Hawlucha|Acrobatics|p2a: Rillaboom
|-supereffective|p2a: Rillaboom
|-damage|p2a: Rillaboom|0 fnt
|faint|p2a: Rillaboom
|
|-damage|p1a: Hawlucha|34/100 brn|[from] brn
|upkeep
|
|t:|1781141205
|switch|p2a: Alomomola|Alomomola, M|54/100
|turn|30
|
|t:|1781141210
|move|p1a: Hawlucha|Acrobatics|p2a: Alomomola
|-damage|p2a: Alomomola|17/100
|move|p2a: Alomomola|Flip Turn|p1a: Hawlucha
|-damage|p1a: Hawlucha|5/100 brn
|
|t:|1781141213
|switch|p2a: Ursaluna|Ursaluna, F|100/100|[from] Flip Turn
|
|-damage|p1a: Hawlucha|0 fnt|[from] brn
|faint|p1a: Hawlucha
|upkeep
|
|t:|1781141216
|switch|p1a: Indeedee|Indeedee, M|88/100
|-fieldstart|move: Psychic Terrain|[from] ability: Psychic Surge|[of] p1a: Indeedee
|turn|31
|
|t:|1781141219
|move|p1a: Indeedee|Expanding Force|p2a: Ursaluna
|-damage|p2a: Ursaluna|65/100
|move|p2a: Ursaluna|Body Slam|p1a: Indeedee
|-damage|p1a: Indeedee|27/100
|-status|p1a: Indeedee|par
|
|-heal|p2a: Ursaluna|72/100|[from] item: Leftovers
|upkeep
|turn|32
|
|t:|1781141222
|cant|p1a: Indeedee|par
|move|p2a: Ursaluna|Body Slam|p1a: Indeedee
|-crit|p1a: Indeedee
|-damage|p1a: Indeedee|0 fnt
|faint|p1a: Indeedee
|
|win|SlimyTime
|raw|Mr.X&amp;Y97's rating: 1598 &rarr; <strong>1576</strong><br />(-22 for losing)
|raw|SlimyTime's rating: 1565 &rarr; <strong>1587</strong><br />(+22 for winning)
|l|☆Mr.X&Y97
|player|p1|
|l|☆SlimyTime
|player|p2|
|l| jaeminds
