|badge|p1|bronze|gen9ubers|100-9
|uhtml|medal-msg|<div class="broadcast-blue">Curious what those medals under the avatar are? PS now has Ladder Seasons! For more information, check out the <a href="https://www.smogon.com/forums/threads/3740067/">thread on Smogon.</a></div>
|j|☆itztrip
|j|☆msean3
|t:|1781122520
|gametype|singles
|player|p1|itztrip|proton|1687
|player|p2|msean3|170|1713
|gen|9
|tier|[Gen 9] OU
|rated|
|rule|HP Percentage Mod: HP is shown in percentages
|rule|Endless Battle Clause: Forcing endless battles is banned
|rule|Species Clause: Limit one of each Pokémon
|rule|OHKO Clause: OHKO moves are banned
|rule|Evasion Items Clause: Evasion items are banned
|rule|Evasion Moves Clause: Evasion moves are banned
|rule|Evasion Abilities Clause: Evasion abilities are banned
|rule|Sleep Moves Clause: Sleep-inducing moves are banned
|clearpoke
|poke|p1|Kingambit, M|
|poke|p1|Deoxys-Speed|
|poke|p1|Great Tusk|
|poke|p1|Dragonite, M|
|poke|p1|Iron Moth|
|poke|p1|Primarina, M|
|poke|p2|Darkrai|
|poke|p2|Alomomola, M|
|poke|p2|Corviknight, F|
|poke|p2|Weezing-Galar, M|
|poke|p2|Garchomp, M|
|poke|p2|Ogerpon, F|
|teampreview
|inactive|Battle timer is ON: inactive players will automatically lose when time's up. (requested by itztrip)
|
|t:|1781122532
|teamsize|p1|6
|teamsize|p2|6
|start
|switch|p1a: Primarina|Primarina, M|100/100
|switch|p2a: Darkrai|Darkrai|100/100
|turn|1
|
|t:|1781122536
|switch|p2a: Alomomola|Alomomola, M|100/100
|move|p1a: Primarina|Moonblast|p2a: Alomomola
|-damage|p2a: Alomomola|75/100
|-unboost|p2a: Alomomola|spa|1
|
|upkeep
|turn|2
|
|t:|1781122538
|move|p1a: Primarina|Whirlpool|p2a: Alomomola
|-resisted|p2a: Alomomola
|-damage|p2a: Alomomola|71/100
|-activate|p2a: Alomomola|move: Whirlpool|[of] p1a: Primarina
|move|p2a: Alomomola|Flip Turn|p1a: Primarina
|-resisted|p1a: Primarina
|-damage|p1a: Primarina|90/100
|
|t:|1781122541
|switch|p2a: Ogerpon|Ogerpon, F|100/100|[from] Flip Turn
|
|upkeep
|turn|3
|
|t:|1781122545
|switch|p1a: Iron Moth|Iron Moth|100/100
|-enditem|p1a: Iron Moth|Booster Energy
|-activate|p1a: Iron Moth|ability: Quark Drive|[fromitem]
|-start|p1a: Iron Moth|quarkdrivespe
|move|p2a: Ogerpon|Knock Off|p1a: Iron Moth
|-damage|p1a: Iron Moth|71/100
|
|upkeep
|turn|4
|
|t:|1781122550
|switch|p2a: Alomomola|Alomomola, M|100/100
|move|p1a: Iron Moth|Substitute|p1a: Iron Moth
|-start|p1a: Iron Moth|Substitute
|-damage|p1a: Iron Moth|46/100
|
|upkeep
|turn|5
|
|t:|1781122553
|move|p2a: Alomomola|Aqua Jet|p1a: Iron Moth
|-supereffective|p1a: Iron Moth
|-end|p1a: Iron Moth|Substitute
|move|p1a: Iron Moth|Toxic Spikes|p2a: Alomomola
|-sidestart|p2: msean3|move: Toxic Spikes
|
|upkeep
|turn|6
|
|t:|1781122556
|move|p1a: Iron Moth|Sludge Wave|p2a: Alomomola
|-damage|p2a: Alomomola|77/100
|move|p2a: Alomomola|Flip Turn|p1a: Iron Moth
|-supereffective|p1a: Iron Moth
|-damage|p1a: Iron Moth|0 fnt
|faint|p1a: Iron Moth
|-end|p1a: Iron Moth|Quark Drive|[silent]
|
|t:|1781122559
|switch|p2a: Weezing|Weezing-Galar, M|100/100|[from] Flip Turn
|-ability|p2a: Weezing|Neutralizing Gas
|-sideend|p2: msean3|move: Toxic Spikes|[of] p2a: Weezing
|
|upkeep
|
|t:|1781122561
|switch|p1a: Deoxys|Deoxys-Speed|100/100
|turn|7
|
|t:|1781122564
|-end|p2a: Weezing|ability: Neutralizing Gas
|-ability|p1a: Deoxys|Pressure
|switch|p2a: Alomomola|Alomomola, M|100/100
|move|p1a: Deoxys|Nasty Plot|p1a: Deoxys
|-boost|p1a: Deoxys|spa|2
|
|upkeep
|turn|8
|
|t:|1781122570
|move|p1a: Deoxys|Psycho Boost|p2a: Alomomola
|-damage|p2a: Alomomola|24/100
|-unboost|p1a: Deoxys|spa|2
|-damage|p1a: Deoxys|91/100|[from] item: Life Orb
|move|p2a: Alomomola|Flip Turn|p1a: Deoxys
|-crit|p1a: Deoxys
|-damage|p1a: Deoxys|55/100
|
|t:|1781122572
|switch|p2a: Corviknight|Corviknight, F|100/100|[from] Flip Turn
|-ability|p2a: Corviknight|Pressure
|
|upkeep
|turn|9
|
|t:|1781122576
|move|p1a: Deoxys|Nasty Plot|p1a: Deoxys
|-boost|p1a: Deoxys|spa|2
|move|p2a: Corviknight|Brave Bird|p1a: Deoxys
|-damage|p1a: Deoxys|0 fnt
|faint|p1a: Deoxys
|-damage|p2a: Corviknight|89/100|[from] Recoil
|
|-heal|p2a: Corviknight|95/100|[from] item: Leftovers
|upkeep
|
|t:|1781122579
|switch|p1a: Primarina|Primarina, M|90/100
|turn|10
|
|t:|1781122584
|move|p1a: Primarina|Surf|p2a: Corviknight
|-crit|p2a: Corviknight
|-damage|p2a: Corviknight|42/100
|move|p2a: Corviknight|U-turn|p1a: Primarina
|-resisted|p1a: Primarina
|-crit|p1a: Primarina
|-damage|p1a: Primarina|75/100
|
|t:|1781122588
|switch|p2a: Ogerpon|Ogerpon, F|100/100|[from] U-turn
|
|upkeep
|turn|11
|
|t:|1781122590
|move|p2a: Ogerpon|Ivy Cudgel|p1a: Primarina
|-supereffective|p1a: Primarina
|-crit|p1a: Primarina
|-damage|p1a: Primarina|0 fnt
|faint|p1a: Primarina
|
|upkeep
|
|t:|1781122593
|switch|p1a: Dragonite|Dragonite, M|100/100
|turn|12
|
|t:|1781122597
|move|p2a: Ogerpon|Knock Off|p1a: Dragonite
|-damage|p1a: Dragonite|83/100
|-enditem|p1a: Dragonite|Choice Band|[from] move: Knock Off|[of] p2a: Ogerpon
|move|p1a: Dragonite|Outrage|p2a: Ogerpon
|-damage|p2a: Ogerpon|1/100
|
|upkeep
|turn|13
|
|t:|1781122601
|switch|p2a: Weezing|Weezing-Galar, M|100/100
|-ability|p2a: Weezing|Neutralizing Gas
|move|p1a: Dragonite|Outrage|p2a: Weezing|[from] lockedmove
|-immune|p2a: Weezing
|
|upkeep
|turn|14
|
|t:|1781122604
|move|p1a: Dragonite|Fire Punch|p2a: Weezing
|-damage|p2a: Weezing|80/100
|move|p2a: Weezing|Will-O-Wisp|p1a: Dragonite
|-status|p1a: Dragonite|brn
|
|-heal|p2a: Weezing|86/100|[from] item: Leftovers
|-damage|p1a: Dragonite|77/100 brn|[from] brn
|upkeep
|turn|15
|
|t:|1781122606
|move|p1a: Dragonite|Fire Punch|p2a: Weezing
|-damage|p2a: Weezing|76/100
|move|p2a: Weezing|Sludge Bomb|p1a: Dragonite
|-damage|p1a: Dragonite|47/100 brn
|
|-heal|p2a: Weezing|82/100|[from] item: Leftovers
|-damage|p1a: Dragonite|41/100 brn|[from] brn
|upkeep
|turn|16
|
|t:|1781122609
|move|p1a: Dragonite|Fire Punch|p2a: Weezing
|-damage|p2a: Weezing|71/100
|move|p2a: Weezing|Sludge Bomb|p1a: Dragonite
|-damage|p1a: Dragonite|12/100 brn
|
|-heal|p2a: Weezing|77/100|[from] item: Leftovers
|-damage|p1a: Dragonite|6/100 brn|[from] brn
|upkeep
|turn|17
|
|t:|1781122613
|move|p1a: Dragonite|Fire Punch|p2a: Weezing
|-damage|p2a: Weezing|67/100
|move|p2a: Weezing|Sludge Bomb|p1a: Dragonite
|-damage|p1a: Dragonite|0 fnt
|faint|p1a: Dragonite
|
|-heal|p2a: Weezing|73/100|[from] item: Leftovers
|upkeep
|
|t:|1781122614
|switch|p1a: Kingambit|Kingambit, M|100/100
|turn|18
|
|t:|1781122618
|move|p1a: Kingambit|Iron Head|p2a: Weezing
|-supereffective|p2a: Weezing
|-damage|p2a: Weezing|11/100
|move|p2a: Weezing|Will-O-Wisp|p1a: Kingambit
|-status|p1a: Kingambit|brn
|
|-heal|p2a: Weezing|17/100|[from] item: Leftovers
|-damage|p1a: Kingambit|94/100 brn|[from] brn
|upkeep
|turn|19
|
|t:|1781122622
|-end|p2a: Weezing|ability: Neutralizing Gas
|-activate|p1a: Kingambit|ability: Supreme Overlord
|-start|p1a: Kingambit|fallen4|[silent]
|switch|p2a: Garchomp|Garchomp, M|100/100
|move|p1a: Kingambit|Iron Head|p2a: Garchomp
|-damage|p2a: Garchomp|79/100
|-damage|p1a: Kingambit|82/100 brn|[from] ability: Rough Skin|[of] p2a: Garchomp
|-damage|p1a: Kingambit|66/100 brn|[from] item: Rocky Helmet|[of] p2a: Garchomp
|
|-heal|p1a: Kingambit|72/100 brn|[from] item: Leftovers
|-damage|p1a: Kingambit|66/100 brn|[from] brn
|upkeep
|turn|20
|
|t:|1781122630
|move|p1a: Kingambit|Sucker Punch||[still]
|-fail|p1a: Kingambit
|move|p2a: Garchomp|Spikes|p1a: Kingambit
|-sidestart|p1: itztrip|Spikes
|
|-heal|p1a: Kingambit|72/100 brn|[from] item: Leftovers
|-damage|p1a: Kingambit|66/100 brn|[from] brn
|upkeep
|turn|21
|
|t:|1781122632
|move|p1a: Kingambit|Sucker Punch||[still]
|-fail|p1a: Kingambit
|move|p2a: Garchomp|Spikes|p1a: Kingambit
|-sidestart|p1: itztrip|Spikes
|
|-heal|p1a: Kingambit|72/100 brn|[from] item: Leftovers
|-damage|p1a: Kingambit|66/100 brn|[from] brn
|upkeep
|turn|22
|
|t:|1781122634
|move|p1a: Kingambit|Sucker Punch||[still]
|-fail|p1a: Kingambit
|move|p2a: Garchomp|Spikes|p1a: Kingambit
|-sidestart|p1: itztrip|Spikes
|
|-heal|p1a: Kingambit|72/100 brn|[from] item: Leftovers
|-damage|p1a: Kingambit|66/100 brn|[from] brn
|upkeep
|turn|23
|
|t:|1781122636
|move|p1a: Kingambit|Sucker Punch||[still]
|-fail|p1a: Kingambit
|move|p2a: Garchomp|Stealth Rock|p1a: Kingambit
|-sidestart|p1: itztrip|move: Stealth Rock
|
|-heal|p1a: Kingambit|72/100 brn|[from] item: Leftovers
|-damage|p1a: Kingambit|66/100 brn|[from] brn
|upkeep
|turn|24
|
|t:|1781122656
|switch|p2a: Weezing|Weezing-Galar, M|17/100
|-ability|p2a: Weezing|Neutralizing Gas
|move|p1a: Kingambit|Swords Dance|p1a: Kingambit
|-boost|p1a: Kingambit|atk|2
|
|-heal|p1a: Kingambit|72/100 brn|[from] item: Leftovers
|-heal|p2a: Weezing|23/100|[from] item: Leftovers
|-damage|p1a: Kingambit|66/100 brn|[from] brn
|upkeep
|turn|25
|
|t:|1781122660
|move|p1a: Kingambit|Iron Head|p2a: Weezing
|-supereffective|p2a: Weezing
|-damage|p2a: Weezing|0 fnt
|faint|p2a: Weezing
|-end|p2a: Weezing|ability: Neutralizing Gas
|-activate|p1a: Kingambit|ability: Supreme Overlord
|-start|p1a: Kingambit|fallen4|[silent]
|
|-heal|p1a: Kingambit|72/100 brn|[from] item: Leftovers
|-damage|p1a: Kingambit|66/100 brn|[from] brn
|upkeep
|
|t:|1781122667
|switch|p2a: Garchomp|Garchomp, M|79/100
|turn|26
|
|t:|1781122670
|move|p1a: Kingambit|Sucker Punch|p2a: Garchomp
|-damage|p2a: Garchomp|41/100
|-damage|p1a: Kingambit|53/100 brn|[from] ability: Rough Skin|[of] p2a: Garchomp
|-damage|p1a: Kingambit|37/100 brn|[from] item: Rocky Helmet|[of] p2a: Garchomp
|move|p2a: Garchomp|Earthquake|p1a: Kingambit
|-supereffective|p1a: Kingambit
|-damage|p1a: Kingambit|0 fnt
|faint|p1a: Kingambit
|-end|p1a: Kingambit|fallen4|[silent]
|
|upkeep
|
|t:|1781122672
|switch|p1a: Great Tusk|Great Tusk|100/100
|-damage|p1a: Great Tusk|76/100|[from] Spikes
|-damage|p1a: Great Tusk|73/100|[from] Stealth Rock
|-enditem|p1a: Great Tusk|Booster Energy
|-activate|p1a: Great Tusk|ability: Protosynthesis|[fromitem]
|-start|p1a: Great Tusk|protosynthesisatk
|turn|27
|
|t:|1781122679
|-terastallize|p2a: Garchomp|Ghost
|move|p1a: Great Tusk|Ice Spinner|p2a: Garchomp
|-damage|p2a: Garchomp|15/100
|-damage|p1a: Great Tusk|60/100|[from] ability: Rough Skin|[of] p2a: Garchomp
|-damage|p1a: Great Tusk|44/100|[from] item: Rocky Helmet|[of] p2a: Garchomp
|move|p2a: Garchomp|Earthquake|p1a: Great Tusk
|-damage|p1a: Great Tusk|14/100
|
|upkeep
|turn|28
|
|t:|1781122681
|move|p1a: Great Tusk|Ice Spinner|p2a: Garchomp
|-damage|p2a: Garchomp|0 fnt
|-damage|p1a: Great Tusk|1/100|[from] ability: Rough Skin|[of] p2a: Garchomp
|-damage|p1a: Great Tusk|0 fnt|[from] item: Rocky Helmet|[of] p2a: Garchomp
|faint|p2a: Garchomp
|faint|p1a: Great Tusk
|-end|p1a: Great Tusk|Protosynthesis|[silent]
|
|win|msean3
|raw|itztrip's rating: 1687 &rarr; <strong>1668</strong><br />(-19 for losing)
|raw|msean3's rating: 1713 &rarr; <strong>1732</strong><br />(+19 for winning)
|l|☆itztrip
|player|p1|
|c|☆msean3|gg
|l|☆msean3
|player|p2|
