|j|☆fregene97
|j|☆Decease·Perdition
|t:|1781546134
|gametype|singles
|player|p1|fregene97|102|1483
|player|p2|Decease·Perdition|waitress|1524
|gen|9
|tier|[Gen 9] OU
|rated|
|rule|HP Percentage Mod: HP is shown in percentages
|rule|Endless Battle Clause: Forcing endless battles is banned
|rule|Species Clause: Limit one of each Pokémon
|rule|OHKO Clause: OHKO moves are banned
|rule|Evasion Items Clause: Evasion items are banned
|rule|Evasion Moves Clause: Evasion moves are banned
|rule|Evasion Abilities Clause: Evasion abilities are banned
|rule|Sleep Moves Clause: Sleep-inducing moves are banned
|clearpoke
|poke|p1|Dragonite, F|
|poke|p1|Iron Valiant|
|poke|p1|Manaphy|
|poke|p1|Garchomp, F|
|poke|p1|Kommo-o, F|
|poke|p1|Kingambit, M|
|poke|p2|Gardevoir, F|
|poke|p2|Great Tusk|
|poke|p2|Gholdengo|
|poke|p2|Corviknight, M|
|poke|p2|Dragapult, M|
|poke|p2|Toxapex, F|
|teampreview
|
|t:|1781546147
|teamsize|p1|6
|teamsize|p2|6
|start
|switch|p1a: Manaphy|Manaphy|100/100
|switch|p2a: Gardevoir|Gardevoir, F, shiny|100/100
|-ability|p2a: Gardevoir|Hydration|Trace|[from] ability: Trace|[of] p1a: Manaphy
|turn|1
|inactive|Battle timer is ON: inactive players will automatically lose when time's up. (requested by fregene97)
|
|t:|1781546162
|switch|p2a: Toxapex|Toxapex, F|100/100
|move|p1a: Manaphy|Tail Glow|p1a: Manaphy
|-boost|p1a: Manaphy|spa|3
|
|upkeep
|turn|2
|
|t:|1781546171
|move|p1a: Manaphy|Psychic|p2a: Toxapex
|-supereffective|p2a: Toxapex
|-damage|p2a: Toxapex|2/100
|move|p2a: Toxapex|Haze|p2a: Toxapex
|-clearallboost
|
|upkeep
|turn|3
|
|t:|1781546180
|switch|p2a: Dragapult|Dragapult, M|100/100
|move|p1a: Manaphy|Tail Glow|p1a: Manaphy
|-boost|p1a: Manaphy|spa|3
|
|upkeep
|turn|4
|
|t:|1781546188
|-terastallize|p2a: Dragapult|Dragon
|move|p2a: Dragapult|Draco Meteor|p1a: Manaphy
|-damage|p1a: Manaphy|0 fnt
|-unboost|p2a: Dragapult|spa|2
|faint|p1a: Manaphy
|
|upkeep
|
|t:|1781546193
|switch|p1a: Dragonite|Dragonite, F|100/100
|turn|5
|
|t:|1781546201
|switch|p2a: Great Tusk|Great Tusk|100/100
|move|p1a: Dragonite|Dragon Dance|p1a: Dragonite
|-boost|p1a: Dragonite|atk|1
|-boost|p1a: Dragonite|spe|1
|
|upkeep
|turn|6
|
|t:|1781546208
|move|p1a: Dragonite|Dragon Dance|p1a: Dragonite
|-boost|p1a: Dragonite|atk|1
|-boost|p1a: Dragonite|spe|1
|move|p2a: Great Tusk|Knock Off|p1a: Dragonite
|-damage|p1a: Dragonite|85/100
|-enditem|p1a: Dragonite|Weakness Policy|[from] move: Knock Off|[of] p2a: Great Tusk
|
|upkeep
|turn|7
|
|t:|1781546216
|-terastallize|p1a: Dragonite|Dragon
|move|p1a: Dragonite|Scale Shot|p2a: Great Tusk
|-damage|p2a: Great Tusk|81/100
|-damage|p2a: Great Tusk|64/100
|-damage|p2a: Great Tusk|46/100
|-damage|p2a: Great Tusk|28/100
|-hitcount|p2a: Great Tusk|4
|-unboost|p1a: Dragonite|def|1
|-boost|p1a: Dragonite|spe|1
|move|p2a: Great Tusk|Ice Spinner|p1a: Dragonite
|-supereffective|p1a: Dragonite
|-damage|p1a: Dragonite|10/100
|
|-heal|p2a: Great Tusk|34/100|[from] item: Leftovers
|upkeep
|turn|8
|
|t:|1781546233
|-end|p2a: Great Tusk|Protosynthesis|[silent]
|switch|p2a: Gardevoir|Gardevoir, F, shiny|100/100
|-ability|p2a: Gardevoir|Multiscale|Trace|[from] ability: Trace|[of] p1a: Dragonite
|move|p1a: Dragonite|Scale Shot|p2a: Gardevoir
|-immune|p2a: Gardevoir
|
|upkeep
|turn|9
|
|t:|1781546257
|move|p1a: Dragonite|Extreme Speed|p2a: Gardevoir
|-crit|p2a: Gardevoir
|-damage|p2a: Gardevoir|22/100
|move|p2a: Gardevoir|Moonblast|p1a: Dragonite
|-supereffective|p1a: Dragonite
|-damage|p1a: Dragonite|0 fnt
|faint|p1a: Dragonite
|
|upkeep
|
|t:|1781546261
|switch|p1a: Garchomp|Garchomp, F|100/100
|turn|10
|l|☆fregene97
|inactive|fregene97 disconnected and has a minute to reconnect!
|player|p1|
|j|☆fregene97
|inactive|fregene97 reconnected.
|player|p1|fregene97|102|
|
|t:|1781546285
|switch|p2a: Dragapult|Dragapult, M, tera:Dragon|100/100
|move|p1a: Garchomp|Earthquake|p2a: Dragapult
|-damage|p2a: Dragapult|31/100
|
|upkeep
|turn|11
|
|t:|1781546293
|switch|p1a: Iron Valiant|Iron Valiant|100/100
|-enditem|p1a: Iron Valiant|Booster Energy
|-activate|p1a: Iron Valiant|ability: Quark Drive|[fromitem]
|-start|p1a: Iron Valiant|quarkdrivespe
|move|p2a: Dragapult|Draco Meteor|p1a: Iron Valiant
|-immune|p1a: Iron Valiant
|
|upkeep
|turn|12
|
|t:|1781546302
|switch|p2a: Toxapex|Toxapex, F|35/100
|move|p1a: Iron Valiant|Calm Mind|p1a: Iron Valiant
|-boost|p1a: Iron Valiant|spa|1
|-boost|p1a: Iron Valiant|spd|1
|
|upkeep
|turn|13
|
|t:|1781546309
|move|p1a: Iron Valiant|Thunderbolt|p2a: Toxapex
|-supereffective|p2a: Toxapex
|-damage|p2a: Toxapex|0 fnt
|faint|p2a: Toxapex
|
|upkeep
|
|t:|1781546323
|switch|p2a: Gholdengo|Gholdengo|100/100
|turn|14
|inactive|fregene97 has 120 seconds left.
|c|☆Decease·Perdition|…
|inactive|fregene97 has 90 seconds left.
|
|t:|1781546393
|move|p1a: Iron Valiant|Shadow Ball|p2a: Gholdengo
|-supereffective|p2a: Gholdengo
|-damage|p2a: Gholdengo|6/100
|move|p2a: Gholdengo|Make It Rain|p1a: Iron Valiant
|-supereffective|p1a: Iron Valiant
|-damage|p1a: Iron Valiant|0 fnt
|-unboost|p2a: Gholdengo|spa|1
|faint|p1a: Iron Valiant
|-end|p1a: Iron Valiant|Quark Drive|[silent]
|
|upkeep
|
|t:|1781546400
|switch|p1a: Kommo-o|Kommo-o, F|100/100
|turn|15
|
|t:|1781546413
|switch|p2a: Corviknight|Corviknight, M|100/100
|move|p1a: Kommo-o|Clangorous Soul|p1a: Kommo-o
|-boost|p1a: Kommo-o|atk|1
|-boost|p1a: Kommo-o|def|1
|-boost|p1a: Kommo-o|spa|1
|-boost|p1a: Kommo-o|spd|1
|-boost|p1a: Kommo-o|spe|1
|-damage|p1a: Kommo-o|68/100
|-enditem|p1a: Kommo-o|Throat Spray
|-boost|p1a: Kommo-o|spa|1|[from] item: Throat Spray
|
|upkeep
|turn|16
|inactive|fregene97 has 90 seconds left.
|
|t:|1781546429
|move|p1a: Kommo-o|Flamethrower|p2a: Corviknight
|-supereffective|p2a: Corviknight
|-damage|p2a: Corviknight|0 fnt
|faint|p2a: Corviknight
|
|upkeep
|
|t:|1781546437
|switch|p2a: Gardevoir|Gardevoir, F, shiny|22/100
|-ability|p2a: Gardevoir|Bulletproof|Trace|[from] ability: Trace|[of] p1a: Kommo-o
|turn|17
|
|t:|1781546444
|move|p1a: Kommo-o|Flamethrower|p2a: Gardevoir
|-damage|p2a: Gardevoir|0 fnt
|faint|p2a: Gardevoir
|
|upkeep
|-message|Decease·Perdition forfeited.
|
|win|fregene97
|raw|fregene97's rating: 1483 &rarr; <strong>1505</strong><br />(+22 for winning)
|raw|Decease·Perdition's rating: 1524 &rarr; <strong>1502</strong><br />(-22 for losing)
|l|☆Decease·Perdition
|player|p2|
|l|☆fregene97
|player|p1|
