|j|☆n5v
|j|☆dnites
|t:|1781046479
|gametype|singles
|player|p1|n5v|leon-masters|1691
|player|p2|dnites|169|1636
|gen|9
|tier|[Gen 9] OU
|rated|
|rule|HP Percentage Mod: HP is shown in percentages
|rule|Endless Battle Clause: Forcing endless battles is banned
|rule|Species Clause: Limit one of each Pokémon
|rule|OHKO Clause: OHKO moves are banned
|rule|Evasion Items Clause: Evasion items are banned
|rule|Evasion Moves Clause: Evasion moves are banned
|rule|Evasion Abilities Clause: Evasion abilities are banned
|rule|Sleep Moves Clause: Sleep-inducing moves are banned
|clearpoke
|poke|p1|Raging Bolt|
|poke|p1|Iron Crown|
|poke|p1|Rillaboom, M|
|poke|p1|Enamorus, F|
|poke|p1|Great Tusk|
|poke|p1|Kingambit, F|
|poke|p2|Rillaboom, M|
|poke|p2|Latias, F|
|poke|p2|Hawlucha, F|
|poke|p2|Heatran, M|
|poke|p2|Alomomola, F|
|poke|p2|Grimmsnarl, M|
|teampreview
|c|☆n5v|glhf
|inactive|Battle timer is ON: inactive players will automatically lose when time's up. (requested by n5v)
|
|t:|1781046495
|teamsize|p1|6
|teamsize|p2|6
|start
|switch|p1a: goobing bolt|Raging Bolt|100/100
|switch|p2a: Rillaboom|Rillaboom, M|100/100
|-fieldstart|move: Grassy Terrain|[from] ability: Grassy Surge|[of] p2a: Rillaboom
|turn|1
|
|t:|1781046498
|move|p1a: goobing bolt|Draco Meteor|p2a: Rillaboom
|-damage|p2a: Rillaboom|0 fnt
|-unboost|p1a: goobing bolt|spa|2
|faint|p2a: Rillaboom
|
|upkeep
|
|t:|1781046509
|switch|p2a: Heatran|Heatran, M|100/100
|turn|2
|
|t:|1781046515
|-end|p1a: goobing bolt|Protosynthesis|[silent]
|switch|p1a: cheap tusk|Great Tusk, shiny|100/100
|move|p2a: Heatran|Lava Plume|p1a: cheap tusk
|-damage|p1a: cheap tusk|68/100
|
|-heal|p1a: cheap tusk|74/100|[from] Grassy Terrain
|upkeep
|turn|3
|
|t:|1781046525
|switch|p2a: Hawlucha|Hawlucha, F|100/100
|-enditem|p2a: Hawlucha|Grassy Seed
|-boost|p2a: Hawlucha|def|1|[from] item: Grassy Seed
|move|p1a: cheap tusk|Headlong Rush|p2a: Hawlucha
|-immune|p2a: Hawlucha
|
|-heal|p1a: cheap tusk|80/100|[from] Grassy Terrain
|upkeep
|turn|4
|
|t:|1781046535
|move|p2a: Hawlucha|Swords Dance|p2a: Hawlucha
|-boost|p2a: Hawlucha|atk|2
|move|p1a: cheap tusk|Ice Spinner|p2a: Hawlucha
|-supereffective|p2a: Hawlucha
|-damage|p2a: Hawlucha|59/100
|-fieldend|move: Grassy Terrain
|
|upkeep
|turn|5
|inactive|n5v has 120 seconds left.
|
|t:|1781046568
|move|p2a: Hawlucha|Acrobatics|p1a: cheap tusk
|-supereffective|p1a: cheap tusk
|-crit|p1a: cheap tusk
|-damage|p1a: cheap tusk|0 fnt
|faint|p1a: cheap tusk
|-end|p1a: cheap tusk|Protosynthesis|[silent]
|
|upkeep
|
|t:|1781046571
|switch|p1a: goobing bolt|Raging Bolt|100/100
|turn|6
|
|t:|1781046591
|move|p2a: Hawlucha|Drain Punch|p1a: goobing bolt
|-damage|p1a: goobing bolt|34/100
|-heal|p2a: Hawlucha|97/100|[from] drain|[of] p1a: goobing bolt
|move|p1a: goobing bolt|Volt Switch|p2a: Hawlucha
|-supereffective|p2a: Hawlucha
|-damage|p2a: Hawlucha|0 fnt
|faint|p2a: Hawlucha
|
|t:|1781046607
|-end|p1a: goobing bolt|Protosynthesis|[silent]
|switch|p1a: le-tachyon|Iron Crown|100/100|[from] Volt Switch
|
|upkeep
|
|t:|1781046616
|switch|p2a: Heatran|Heatran, M|100/100
|turn|7
|
|t:|1781046620
|move|p1a: le-tachyon|Focus Blast|p2a: Heatran|[miss]
|-miss|p1a: le-tachyon|p2a: Heatran
|move|p2a: Heatran|Magma Storm|p1a: le-tachyon|[miss]
|-miss|p2a: Heatran|p1a: le-tachyon
|
|upkeep
|turn|8
|
|t:|1781046624
|move|p1a: le-tachyon|Focus Blast|p2a: Heatran|[miss]
|-miss|p1a: le-tachyon|p2a: Heatran
|move|p2a: Heatran|Magma Storm|p1a: le-tachyon
|-supereffective|p1a: le-tachyon
|-damage|p1a: le-tachyon|51/100
|-activate|p1a: le-tachyon|move: Magma Storm|[of] p2a: Heatran
|
|-damage|p1a: le-tachyon|39/100|[from] move: Magma Storm|[partiallytrapped]
|upkeep
|turn|9
|
|t:|1781046628
|move|p1a: le-tachyon|Focus Blast|p2a: Heatran
|-supereffective|p2a: Heatran
|-damage|p2a: Heatran|63/100
|-unboost|p2a: Heatran|spd|1
|move|p2a: Heatran|Lava Plume|p1a: le-tachyon
|-supereffective|p1a: le-tachyon
|-damage|p1a: le-tachyon|0 fnt
|faint|p1a: le-tachyon
|-end|p1a: le-tachyon|Quark Drive|[silent]
|
|upkeep
|
|t:|1781046632
|switch|p1a: goobing bolt|Raging Bolt|34/100
|turn|10
|
|t:|1781046644
|switch|p2a: Grimmsnarl|Grimmsnarl, M|100/100
|move|p1a: goobing bolt|Thunderbolt|p2a: Grimmsnarl
|-damage|p2a: Grimmsnarl|13/100
|
|upkeep
|turn|11
|
|t:|1781046651
|-end|p1a: goobing bolt|Protosynthesis|[silent]
|switch|p1a: diddy kong|Rillaboom, M, shiny|100/100
|-fieldstart|move: Grassy Terrain|[from] ability: Grassy Surge|[of] p1a: diddy kong
|move|p2a: Grimmsnarl|Sucker Punch||[still]
|-fail|p2a: Grimmsnarl
|
|-heal|p2a: Grimmsnarl|19/100|[from] Grassy Terrain
|upkeep
|turn|12
|
|t:|1781046656
|switch|p2a: Heatran|Heatran, M|63/100
|move|p1a: diddy kong|U-turn|p2a: Heatran
|-resisted|p2a: Heatran
|-damage|p2a: Heatran|59/100
|
|t:|1781046658
|switch|p1a: goobing bolt|Raging Bolt|34/100|[from] U-turn
|
|-heal|p1a: goobing bolt|40/100|[from] Grassy Terrain
|-heal|p2a: Heatran|66/100|[from] Grassy Terrain
|upkeep
|turn|13
|
|t:|1781046669
|move|p1a: goobing bolt|Volt Switch|p2a: Heatran
|-damage|p2a: Heatran|30/100
|
|t:|1781046671
|-end|p1a: goobing bolt|Protosynthesis|[silent]
|switch|p1a: gay alladin|Enamorus, F|100/100|[from] Volt Switch
|move|p2a: Heatran|Magma Storm|p1a: gay alladin
|-damage|p1a: gay alladin|35/100
|-activate|p1a: gay alladin|move: Magma Storm|[of] p2a: Heatran
|
|-heal|p2a: Heatran|36/100|[from] Grassy Terrain
|-damage|p1a: gay alladin|23/100|[from] move: Magma Storm|[partiallytrapped]
|upkeep
|turn|14
|
|t:|1781046686
|switch|p2a: Grimmsnarl|Grimmsnarl, M|19/100
|move|p1a: gay alladin|Earth Power|p2a: Grimmsnarl
|-damage|p2a: Grimmsnarl|0 fnt
|faint|p2a: Grimmsnarl
|
|-end|p1a: gay alladin|Magma Storm|[partiallytrapped]|[silent]
|upkeep
|
|t:|1781046695
|switch|p2a: Latias|Latias, F|100/100
|-enditem|p2a: Latias|Grassy Seed
|-boost|p2a: Latias|def|1|[from] item: Grassy Seed
|turn|15
|
|t:|1781046699
|switch|p1a: diddy kong|Rillaboom, M, shiny|100/100
|-terastallize|p2a: Latias|Poison
|move|p2a: Latias|Calm Mind|p2a: Latias
|-boost|p2a: Latias|spa|1
|-boost|p2a: Latias|spd|1
|
|-fieldend|move: Grassy Terrain
|upkeep
|turn|16
|
|t:|1781046713
|move|p2a: Latias|Calm Mind|p2a: Latias
|-boost|p2a: Latias|spa|1
|-boost|p2a: Latias|spd|1
|move|p1a: diddy kong|U-turn|p2a: Latias
|-resisted|p2a: Latias
|-damage|p2a: Latias|94/100
|
|t:|1781046723
|switch|p1a: neededaghostresist|Kingambit, F, shiny|100/100|[from] U-turn
|-activate|p1a: neededaghostresist|ability: Supreme Overlord
|-start|p1a: neededaghostresist|fallen2|[silent]
|
|upkeep
|turn|17
|
|t:|1781046731
|-terastallize|p1a: neededaghostresist|Flying
|move|p2a: Latias|Aura Sphere|p1a: neededaghostresist
|-resisted|p1a: neededaghostresist
|-damage|p1a: neededaghostresist|79/100
|move|p1a: neededaghostresist|Swords Dance|p1a: neededaghostresist
|-boost|p1a: neededaghostresist|atk|2
|
|-heal|p1a: neededaghostresist|85/100|[from] item: Leftovers
|upkeep
|turn|18
|
|t:|1781046738
|move|p2a: Latias|Stored Power|p1a: neededaghostresist
|-damage|p1a: neededaghostresist|0 fnt
|faint|p1a: neededaghostresist
|-end|p1a: neededaghostresist|fallen2|[silent]
|
|upkeep
|c|☆n5v|gg
|
|t:|1781046751
|switch|p1a: gay alladin|Enamorus, F|23/100
|turn|19
|c|☆dnites|Gg
|
|t:|1781046757
|move|p1a: gay alladin|Healing Wish|p1a: gay alladin
|faint|p1a: gay alladin
|move|p2a: Latias|Stored Power|p1: gay alladin|[notarget]
|-fail|p2a: Latias
|
|upkeep
|
|t:|1781046758
|switch|p1a: goobing bolt|Raging Bolt|40/100
|-heal|p1a: goobing bolt|100/100|[from] move: Healing Wish
|turn|20
|
|t:|1781046762
|move|p2a: Latias|Calm Mind|p2a: Latias
|-boost|p2a: Latias|spa|1
|-boost|p2a: Latias|spd|1
|move|p1a: goobing bolt|Draco Meteor|p2a: Latias
|-damage|p2a: Latias|61/100
|-unboost|p1a: goobing bolt|spa|2
|
|upkeep
|turn|21
|
|t:|1781046766
|move|p2a: Latias|Recover|p2a: Latias
|-heal|p2a: Latias|100/100
|move|p1a: goobing bolt|Draco Meteor|p2a: Latias
|-damage|p2a: Latias|82/100
|-unboost|p1a: goobing bolt|spa|2
|
|upkeep
|turn|22
|-message|n5v forfeited.
|
|win|dnites
|raw|n5v's rating: 1691 &rarr; <strong>1668</strong><br />(-23 for losing)
|raw|dnites's rating: 1636 &rarr; <strong>1659</strong><br />(+23 for winning)
|l|☆dnites
|player|p2|
|l|☆n5v
|player|p1|
