|j|☆EleaRosea
|j|☆Davy12345
|t:|1781433324
|gametype|singles
|player|p1|EleaRosea|harmony|1611
|player|p2|Davy12345|drayden|1570
|gen|9
|tier|[Gen 9] OU
|rated|
|rule|HP Percentage Mod: HP is shown in percentages
|rule|Endless Battle Clause: Forcing endless battles is banned
|rule|Species Clause: Limit one of each Pokémon
|rule|OHKO Clause: OHKO moves are banned
|rule|Evasion Items Clause: Evasion items are banned
|rule|Evasion Moves Clause: Evasion moves are banned
|rule|Evasion Abilities Clause: Evasion abilities are banned
|rule|Sleep Moves Clause: Sleep-inducing moves are banned
|clearpoke
|poke|p1|Ogerpon, F|
|poke|p1|Great Tusk|
|poke|p1|Alomomola, F|
|poke|p1|Rillaboom, F|
|poke|p1|Primarina, F|
|poke|p1|Heatran, F|
|poke|p2|Sandy Shocks|
|poke|p2|Ogerpon, F|
|poke|p2|Latios, M|
|poke|p2|Scizor, M|
|poke|p2|Manaphy|
|poke|p2|Iron Jugulis|
|teampreview
|inactive|Battle timer is ON: inactive players will automatically lose when time's up. (requested by EleaRosea)
|inactive|Davy12345 also wants the timer to be on.
|
|t:|1781433350
|teamsize|p1|6
|teamsize|p2|6
|start
|switch|p1a: Ogerpon|Ogerpon, F|100/100
|switch|p2a: Sandy Shocks|Sandy Shocks|100/100
|-enditem|p2a: Sandy Shocks|Booster Energy
|-activate|p2a: Sandy Shocks|ability: Protosynthesis|[fromitem]
|-start|p2a: Sandy Shocks|protosynthesisspe
|turn|1
|
|t:|1781433360
|-terastallize|p1a: Ogerpon|Grass
|detailschange|p1a: Ogerpon|Ogerpon-Teal-Tera, F, tera:Grass
|-ability|p1a: Ogerpon|Embody Aspect (Teal)|boost
|-boost|p1a: Ogerpon|spe|1
|move|p1a: Ogerpon|Ivy Cudgel|p2a: Sandy Shocks
|-supereffective|p2a: Sandy Shocks
|-damage|p2a: Sandy Shocks|0 fnt
|faint|p2a: Sandy Shocks
|-end|p2a: Sandy Shocks|Protosynthesis|[silent]
|
|upkeep
|
|t:|1781433368
|switch|p2a: Latios|Latios, M|100/100
|turn|2
|
|t:|1781433371
|switch|p1a: Primarina|Primarina, F|100/100
|move|p2a: Latios|Agility|p2a: Latios
|-boost|p2a: Latios|spe|2
|
|upkeep
|turn|3
|
|t:|1781433375
|move|p2a: Latios|Calm Mind|p2a: Latios
|-boost|p2a: Latios|spa|1
|-boost|p2a: Latios|spd|1
|move|p1a: Primarina|Moonblast|p2a: Latios
|-supereffective|p2a: Latios
|-damage|p2a: Latios|40/100
|-unboost|p2a: Latios|spa|1
|-enditem|p2a: Latios|Weakness Policy
|-boost|p2a: Latios|atk|2|[from] item: Weakness Policy
|-boost|p2a: Latios|spa|2|[from] item: Weakness Policy
|
|upkeep
|turn|4
|
|t:|1781433381
|move|p2a: Latios|Stored Power|p1a: Primarina
|-damage|p1a: Primarina|17/100
|move|p1a: Primarina|Moonblast|p2a: Latios
|-supereffective|p2a: Latios
|-damage|p2a: Latios|0 fnt
|faint|p2a: Latios
|
|upkeep
|c|☆EleaRosea|#PrimaSweep
|
|t:|1781433390
|switch|p2a: Scizor|Scizor, M|100/100
|turn|5
|
|t:|1781433396
|switch|p1a: Alomomola|Alomomola, F|100/100
|move|p2a: Scizor|Swords Dance|p2a: Scizor
|-boost|p2a: Scizor|atk|2
|
|upkeep
|turn|6
|
|t:|1781433400
|move|p2a: Scizor|Swords Dance|p2a: Scizor
|-boost|p2a: Scizor|atk|2
|move|p1a: Alomomola|Scald|p2a: Scizor
|-damage|p2a: Scizor|84/100
|
|upkeep
|turn|7
|
|t:|1781433409
|move|p2a: Scizor|Close Combat|p1a: Alomomola
|-damage|p1a: Alomomola|30/100
|-unboost|p2a: Scizor|def|1
|-unboost|p2a: Scizor|spd|1
|move|p1a: Alomomola|Scald|p2a: Scizor
|-damage|p2a: Scizor|59/100
|
|upkeep
|turn|8
|
|t:|1781433427
|move|p2a: Scizor|Knock Off|p1a: Alomomola
|-damage|p1a: Alomomola|0 fnt
|-enditem|p1a: Alomomola|Heavy-Duty Boots|[from] move: Knock Off|[of] p2a: Scizor
|faint|p1a: Alomomola
|
|upkeep
|
|t:|1781433429
|switch|p1a: Great Tusk|Great Tusk|100/100
|turn|9
|
|t:|1781433434
|move|p2a: Scizor|Bullet Punch|p1a: Great Tusk
|-damage|p1a: Great Tusk|22/100
|move|p1a: Great Tusk|Close Combat|p2a: Scizor
|-damage|p2a: Scizor|0 fnt
|-unboost|p1a: Great Tusk|def|1
|-unboost|p1a: Great Tusk|spd|1
|faint|p2a: Scizor
|
|upkeep
|
|t:|1781433441
|switch|p2a: Manaphy|Manaphy|100/100
|turn|10
|
|t:|1781433446
|-end|p1a: Great Tusk|Protosynthesis|[silent]
|switch|p1a: Rillaboom|Rillaboom, F|100/100
|-fieldstart|move: Grassy Terrain|[from] ability: Grassy Surge|[of] p1a: Rillaboom
|move|p2a: Manaphy|Ice Beam|p1a: Rillaboom
|-supereffective|p1a: Rillaboom
|-damage|p1a: Rillaboom|42/100
|
|-heal|p1a: Rillaboom|48/100|[from] Grassy Terrain
|upkeep
|turn|11
|
|t:|1781433452
|-terastallize|p2a: Manaphy|Grass
|move|p1a: Rillaboom|Grassy Glide|p2a: Manaphy
|-resisted|p2a: Manaphy
|-damage|p2a: Manaphy|82/100
|move|p2a: Manaphy|Ice Beam|p1a: Rillaboom
|-supereffective|p1a: Rillaboom
|-damage|p1a: Rillaboom|0 fnt
|faint|p1a: Rillaboom
|
|-heal|p2a: Manaphy|88/100|[from] Grassy Terrain
|upkeep
|
|t:|1781433465
|switch|p1a: Ogerpon|Ogerpon-Teal-Tera, F, tera:Grass|100/100
|-ability|p1a: Ogerpon|Embody Aspect (Teal)|boost
|-boost|p1a: Ogerpon|spe|1
|turn|12
|
|t:|1781433468
|move|p1a: Ogerpon|U-turn|p2a: Manaphy
|-supereffective|p2a: Manaphy
|-damage|p2a: Manaphy|18/100
|-enditem|p2a: Manaphy|Sitrus Berry|[eat]
|-heal|p2a: Manaphy|43/100|[from] item: Sitrus Berry
|
|t:|1781433470
|switch|p1a: Primarina|Primarina, F|17/100|[from] U-turn
|move|p2a: Manaphy|Ice Beam|p1a: Primarina
|-resisted|p1a: Primarina
|-damage|p1a: Primarina|10/100
|
|-heal|p2a: Manaphy|49/100|[from] Grassy Terrain
|-heal|p1a: Primarina|16/100|[from] Grassy Terrain
|upkeep
|turn|13
|
|t:|1781433475
|move|p2a: Manaphy|Energy Ball|p1a: Primarina
|-supereffective|p1a: Primarina
|-damage|p1a: Primarina|0 fnt
|faint|p1a: Primarina
|
|-heal|p2a: Manaphy|55/100|[from] Grassy Terrain
|upkeep
|
|t:|1781433478
|switch|p1a: Ogerpon|Ogerpon-Teal-Tera, F, tera:Grass|100/100
|-ability|p1a: Ogerpon|Embody Aspect (Teal)|boost
|-boost|p1a: Ogerpon|spe|1
|turn|14
|
|t:|1781433482
|move|p1a: Ogerpon|U-turn|p2a: Manaphy
|-supereffective|p2a: Manaphy
|-damage|p2a: Manaphy|0 fnt
|faint|p2a: Manaphy
|
|t:|1781433489
|switch|p1a: Heatran|Heatran, F|100/100|[from] U-turn
|
|upkeep
|
|t:|1781433491
|switch|p2a: Iron Jugulis|Iron Jugulis|100/100
|-enditem|p2a: Iron Jugulis|Booster Energy
|-activate|p2a: Iron Jugulis|ability: Quark Drive|[fromitem]
|-start|p2a: Iron Jugulis|quarkdrivespe
|turn|15
|
|t:|1781433499
|move|p2a: Iron Jugulis|Earth Power|p1a: Heatran
|-supereffective|p1a: Heatran
|-damage|p1a: Heatran|28/100
|move|p1a: Heatran|Magma Storm|p2a: Iron Jugulis
|-damage|p2a: Iron Jugulis|42/100
|-activate|p2a: Iron Jugulis|move: Magma Storm|[of] p1a: Heatran
|
|-heal|p1a: Heatran|34/100|[from] Grassy Terrain
|-heal|p1a: Heatran|40/100|[from] item: Leftovers
|-damage|p2a: Iron Jugulis|30/100|[from] move: Magma Storm|[partiallytrapped]
|upkeep
|turn|16
|
|t:|1781433511
|move|p2a: Iron Jugulis|Earth Power|p1a: Heatran
|-supereffective|p1a: Heatran
|-damage|p1a: Heatran|0 fnt
|faint|p1a: Heatran
|
|-end|p2a: Iron Jugulis|Magma Storm|[partiallytrapped]|[silent]
|upkeep
|
|t:|1781433517
|switch|p1a: Ogerpon|Ogerpon-Teal-Tera, F, tera:Grass|100/100
|-ability|p1a: Ogerpon|Embody Aspect (Teal)|boost
|-boost|p1a: Ogerpon|spe|1
|turn|17
|
|t:|1781433525
|move|p1a: Ogerpon|U-turn|p2a: Iron Jugulis
|-damage|p2a: Iron Jugulis|0 fnt
|faint|p2a: Iron Jugulis
|-end|p2a: Iron Jugulis|Quark Drive|[silent]
|
|t:|1781433527
|switch|p1a: Great Tusk|Great Tusk|22/100|[from] U-turn
|
|-heal|p1a: Great Tusk|28/100|[from] Grassy Terrain
|-fieldend|move: Grassy Terrain
|upkeep
|
|t:|1781433528
|switch|p2a: Ogerpon|Ogerpon, F|100/100
|turn|18
|
|t:|1781433531
|move|p2a: Ogerpon|Ivy Cudgel|p1a: Great Tusk
|-supereffective|p1a: Great Tusk
|-damage|p1a: Great Tusk|0 fnt
|faint|p1a: Great Tusk
|-end|p1a: Great Tusk|Protosynthesis|[silent]
|
|upkeep
|
|t:|1781433533
|switch|p1a: Ogerpon|Ogerpon-Teal-Tera, F, tera:Grass|100/100
|-ability|p1a: Ogerpon|Embody Aspect (Teal)|boost
|-boost|p1a: Ogerpon|spe|1
|-enditem|p2a: Ogerpon|Mirror Herb
|-boost|p2a: Ogerpon|spe|1|[from] item: Mirror Herb
|turn|19
|c|☆EleaRosea|mirror herb??
|
|t:|1781433546
|move|p2a: Ogerpon|Swords Dance|p2a: Ogerpon
|-boost|p2a: Ogerpon|atk|2
|move|p1a: Ogerpon|U-turn|p2a: Ogerpon
|-supereffective|p2a: Ogerpon
|-damage|p2a: Ogerpon|6/100
|
|upkeep
|turn|20
|
|t:|1781433553
|move|p2a: Ogerpon|Ivy Cudgel|p1a: Ogerpon
|-resisted|p1a: Ogerpon
|-damage|p1a: Ogerpon|35/100
|move|p1a: Ogerpon|U-turn|p2a: Ogerpon
|-supereffective|p2a: Ogerpon
|-damage|p2a: Ogerpon|0 fnt
|faint|p2a: Ogerpon
|
|win|EleaRosea
|raw|EleaRosea's rating: 1611 &rarr; <strong>1629</strong><br />(+18 for winning)
|raw|Davy12345's rating: 1570 &rarr; <strong>1552</strong><br />(-18 for losing)
|c|☆EleaRosea|shamone !
|l|☆Davy12345
|player|p2|
|l|☆EleaRosea
|player|p1|
