|j|☆biryanilover
|j|☆LowEL0God
|t:|1781247503
|gametype|singles
|player|p1|biryanilover|2|1549
|player|p2|LowEL0God|265|1637
|gen|9
|tier|[Gen 9] OU
|rated|
|rule|HP Percentage Mod: HP is shown in percentages
|rule|Endless Battle Clause: Forcing endless battles is banned
|rule|Species Clause: Limit one of each Pokémon
|rule|OHKO Clause: OHKO moves are banned
|rule|Evasion Items Clause: Evasion items are banned
|rule|Evasion Moves Clause: Evasion moves are banned
|rule|Evasion Abilities Clause: Evasion abilities are banned
|rule|Sleep Moves Clause: Sleep-inducing moves are banned
|clearpoke
|poke|p1|Rillaboom, F|
|poke|p1|Heatran, F|
|poke|p1|Walking Wake|
|poke|p1|Landorus-Therian, M|
|poke|p1|Zamazenta-*|
|poke|p1|Weezing-Galar, F|
|poke|p2|Pelipper, F|
|poke|p2|Raging Bolt|
|poke|p2|Overqwil, F|
|poke|p2|Barraskewda, F|
|poke|p2|Iron Treads|
|poke|p2|Kingambit, M|
|teampreview
|inactive|Battle timer is ON: inactive players will automatically lose when time's up. (requested by biryanilover)
|c|☆LowEL0God|hf
|inactive|LowEL0God also wants the timer to be on.
|
|t:|1781247506
|teamsize|p1|6
|teamsize|p2|6
|start
|switch|p1a: Walking Wake|Walking Wake|100/100
|switch|p2a: Pelipper|Pelipper, F|100/100
|-weather|RainDance|[from] ability: Drizzle|[of] p2a: Pelipper
|turn|1
|
|t:|1781247509
|move|p1a: Walking Wake|Scald|p2a: Pelipper
|-resisted|p2a: Pelipper
|-damage|p2a: Pelipper|57/100
|move|p2a: Pelipper|Hurricane|p1a: Walking Wake
|-damage|p1a: Walking Wake|56/100
|
|-weather|RainDance|[upkeep]
|-heal|p1a: Walking Wake|62/100|[from] item: Leftovers
|upkeep
|turn|2
|
|t:|1781247512
|move|p1a: Walking Wake|Dragon Pulse|p2a: Pelipper
|-damage|p2a: Pelipper|0 fnt
|faint|p2a: Pelipper
|
|-weather|RainDance|[upkeep]
|-heal|p1a: Walking Wake|68/100|[from] item: Leftovers
|upkeep
|
|t:|1781247513
|switch|p2a: Raging Bolt|Raging Bolt|100/100
|-enditem|p2a: Raging Bolt|Booster Energy
|-activate|p2a: Raging Bolt|ability: Protosynthesis|[fromitem]
|-start|p2a: Raging Bolt|protosynthesisspa
|turn|3
|
|t:|1781247516
|move|p1a: Walking Wake|Substitute|p1a: Walking Wake
|-start|p1a: Walking Wake|Substitute
|-damage|p1a: Walking Wake|44/100
|move|p2a: Raging Bolt|Thunder|p1a: Walking Wake
|-end|p1a: Walking Wake|Substitute
|
|-weather|RainDance|[upkeep]
|-heal|p1a: Walking Wake|50/100|[from] item: Leftovers
|upkeep
|turn|4
|
|t:|1781247520
|move|p1a: Walking Wake|Substitute|p1a: Walking Wake
|-start|p1a: Walking Wake|Substitute
|-damage|p1a: Walking Wake|25/100
|move|p2a: Raging Bolt|Thunder|p1a: Walking Wake
|-end|p1a: Walking Wake|Substitute
|
|-weather|RainDance|[upkeep]
|-heal|p1a: Walking Wake|31/100|[from] item: Leftovers
|upkeep
|turn|5
|
|t:|1781247523
|move|p1a: Walking Wake|Substitute|p1a: Walking Wake
|-start|p1a: Walking Wake|Substitute
|-damage|p1a: Walking Wake|6/100
|move|p2a: Raging Bolt|Thunder|p1a: Walking Wake
|-end|p1a: Walking Wake|Substitute
|
|-weather|RainDance|[upkeep]
|-heal|p1a: Walking Wake|13/100|[from] item: Leftovers
|upkeep
|turn|6
|
|t:|1781247526
|move|p2a: Raging Bolt|Thunderclap||[still]
|-fail|p2a: Raging Bolt
|move|p1a: Walking Wake|Substitute|p1a: Walking Wake
|-fail|p1a: Walking Wake|move: Substitute|[weak]
|
|-weather|RainDance|[upkeep]
|-heal|p1a: Walking Wake|19/100|[from] item: Leftovers
|upkeep
|turn|7
|
|t:|1781247528
|move|p2a: Raging Bolt|Thunderclap|p1a: Walking Wake
|-damage|p1a: Walking Wake|0 fnt
|faint|p1a: Walking Wake
|-end|p1a: Walking Wake|Protosynthesis|[silent]
|
|-weather|RainDance|[upkeep]
|upkeep
|
|t:|1781247531
|switch|p1a: Landorus|Landorus-Therian, M|100/100
|-ability|p1a: Landorus|Intimidate|boost
|-unboost|p2a: Raging Bolt|atk|1
|turn|8
|
|t:|1781247532
|move|p1a: Landorus|Earth Power|p2a: Raging Bolt
|-supereffective|p2a: Raging Bolt
|-crit|p2a: Raging Bolt
|-damage|p2a: Raging Bolt|14/100
|move|p2a: Raging Bolt|Weather Ball|p1a: Landorus
|-supereffective|p1a: Landorus
|-damage|p1a: Landorus|0 fnt
|faint|p1a: Landorus
|
|-weather|none
|upkeep
|
|t:|1781247540
|switch|p1a: Rillaboom|Rillaboom, F|100/100
|-fieldstart|move: Grassy Terrain|[from] ability: Grassy Surge|[of] p1a: Rillaboom
|turn|9
|
|t:|1781247545
|move|p1a: Rillaboom|Wood Hammer|p2a: Raging Bolt
|-resisted|p2a: Raging Bolt
|-damage|p2a: Raging Bolt|0 fnt
|faint|p2a: Raging Bolt
|-end|p2a: Raging Bolt|Protosynthesis|[silent]
|-damage|p1a: Rillaboom|95/100|[from] Recoil
|
|-heal|p1a: Rillaboom|100/100|[from] Grassy Terrain
|upkeep
|
|t:|1781247547
|switch|p2a: Overqwil|Overqwil, F|100/100
|turn|10
|
|t:|1781247550
|move|p1a: Rillaboom|Wood Hammer|p2a: Overqwil
|-resisted|p2a: Overqwil
|-damage|p2a: Overqwil|51/100
|-damage|p1a: Rillaboom|86/100|[from] Recoil
|move|p2a: Overqwil|Gunk Shot|p1a: Rillaboom
|-supereffective|p1a: Rillaboom
|-damage|p1a: Rillaboom|0 fnt
|faint|p1a: Rillaboom
|-damage|p2a: Overqwil|42/100|[from] item: Life Orb
|
|-heal|p2a: Overqwil|48/100|[from] Grassy Terrain
|upkeep
|
|t:|1781247553
|switch|p1a: Zamazenta|Zamazenta|100/100
|-ability|p1a: Zamazenta|Dauntless Shield|boost
|-boost|p1a: Zamazenta|def|1
|turn|11
|
|t:|1781247555
|move|p1a: Zamazenta|Close Combat|p2a: Overqwil
|-damage|p2a: Overqwil|0 fnt
|-unboost|p1a: Zamazenta|def|1
|-unboost|p1a: Zamazenta|spd|1
|faint|p2a: Overqwil
|-damage|p1a: Zamazenta|91/100|[from] item: Life Orb
|
|-heal|p1a: Zamazenta|97/100|[from] Grassy Terrain
|upkeep
|
|t:|1781247556
|switch|p2a: Iron Treads|Iron Treads|100/100
|-enditem|p2a: Iron Treads|Booster Energy
|-activate|p2a: Iron Treads|ability: Quark Drive|[fromitem]
|-start|p2a: Iron Treads|quarkdrivespe
|turn|12
|
|t:|1781247559
|move|p2a: Iron Treads|Steel Beam|p1a: Zamazenta|[miss]
|-miss|p2a: Iron Treads|p1a: Zamazenta
|-damage|p2a: Iron Treads|50/100|[from] steelbeam
|move|p1a: Zamazenta|Close Combat|p2a: Iron Treads
|-supereffective|p2a: Iron Treads
|-damage|p2a: Iron Treads|0 fnt
|-unboost|p1a: Zamazenta|def|1
|-unboost|p1a: Zamazenta|spd|1
|faint|p2a: Iron Treads
|-end|p2a: Iron Treads|Quark Drive|[silent]
|-damage|p1a: Zamazenta|87/100|[from] item: Life Orb
|
|-heal|p1a: Zamazenta|93/100|[from] Grassy Terrain
|upkeep
|
|t:|1781247560
|switch|p2a: Barraskewda|Barraskewda, F|100/100
|turn|13
|c|☆biryanilover|mb
|
|t:|1781247565
|switch|p1a: Heatran|Heatran, F|100/100
|-terastallize|p2a: Barraskewda|Water
|move|p2a: Barraskewda|Flip Turn|p1a: Heatran
|-supereffective|p1a: Heatran
|-damage|p1a: Heatran|0 fnt
|faint|p1a: Heatran
|
|t:|1781247566
|switch|p2a: Kingambit|Kingambit, M|100/100|[from] Flip Turn
|-activate|p2a: Kingambit|ability: Supreme Overlord
|-start|p2a: Kingambit|fallen4|[silent]
|
|upkeep
|
|t:|1781247571
|switch|p1a: Zamazenta|Zamazenta|93/100
|turn|14
|
|t:|1781247574
|move|p2a: Kingambit|Sucker Punch|p1a: Zamazenta
|-resisted|p1a: Zamazenta
|-damage|p1a: Zamazenta|67/100
|move|p1a: Zamazenta|Close Combat|p2a: Kingambit
|-supereffective|p2a: Kingambit
|-damage|p2a: Kingambit|0 fnt
|-unboost|p1a: Zamazenta|def|1
|-unboost|p1a: Zamazenta|spd|1
|faint|p2a: Kingambit
|-end|p2a: Kingambit|fallen4|[silent]
|-damage|p1a: Zamazenta|57/100|[from] item: Life Orb
|
|-heal|p1a: Zamazenta|64/100|[from] Grassy Terrain
|upkeep
|
|t:|1781247576
|switch|p2a: Barraskewda|Barraskewda, F, tera:Water|100/100
|turn|15
|
|t:|1781247580
|switch|p1a: Weezing|Weezing-Galar, F|100/100
|-ability|p1a: Weezing|Neutralizing Gas
|move|p2a: Barraskewda|Aqua Jet|p1a: Weezing
|-damage|p1a: Weezing|69/100
|
|-heal|p1a: Weezing|75/100|[from] Grassy Terrain
|upkeep
|turn|16
|
|t:|1781247584
|-terastallize|p1a: Weezing|Grass
|move|p2a: Barraskewda|Aqua Jet|p1a: Weezing
|-resisted|p1a: Weezing
|-damage|p1a: Weezing|61/100
|move|p1a: Weezing|Will-O-Wisp|p2a: Barraskewda|[miss]
|-miss|p1a: Weezing|p2a: Barraskewda
|
|-heal|p1a: Weezing|67/100|[from] Grassy Terrain
|-fieldend|move: Grassy Terrain
|upkeep
|turn|17
|
|t:|1781247590
|move|p2a: Barraskewda|Aqua Jet|p1a: Weezing
|-resisted|p1a: Weezing
|-damage|p1a: Weezing|53/100
|move|p1a: Weezing|Will-O-Wisp|p2a: Barraskewda
|-status|p2a: Barraskewda|brn
|
|-damage|p2a: Barraskewda|94/100 brn|[from] brn
|upkeep
|turn|18
|
|t:|1781247594
|move|p2a: Barraskewda|Aqua Jet|p1a: Weezing
|-resisted|p1a: Weezing
|-damage|p1a: Weezing|47/100
|move|p1a: Weezing|Pain Split|p2a: Barraskewda
|-sethp|p2a: Barraskewda|77/100 brn|[from] move: Pain Split|[silent]
|-sethp|p1a: Weezing|61/100|[from] move: Pain Split
|
|-damage|p2a: Barraskewda|71/100 brn|[from] brn
|upkeep
|turn|19
|
|t:|1781247597
|move|p2a: Barraskewda|Aqua Jet|p1a: Weezing
|-resisted|p1a: Weezing
|-damage|p1a: Weezing|53/100
|move|p1a: Weezing|Strange Steam|p2a: Barraskewda
|-damage|p2a: Barraskewda|14/100 brn
|
|-damage|p2a: Barraskewda|8/100 brn|[from] brn
|upkeep
|turn|20
|
|t:|1781247599
|move|p2a: Barraskewda|Aqua Jet|p1a: Weezing
|-resisted|p1a: Weezing
|-damage|p1a: Weezing|45/100
|move|p1a: Weezing|Strange Steam|p2a: Barraskewda
|-damage|p2a: Barraskewda|0 fnt
|faint|p2a: Barraskewda
|
|win|biryanilover
|raw|biryanilover's rating: 1549 &rarr; <strong>1574</strong><br />(+25 for winning)
|raw|LowEL0God's rating: 1637 &rarr; <strong>1612</strong><br />(-25 for losing)
|c|☆biryanilover|gg
|c|☆LowEL0God|gg
|l|☆LowEL0God
|player|p2|
|l|☆biryanilover
|player|p1|
