|j|☆rekjllj
|j|☆newgensbetter
|t:|1781323365
|gametype|singles
|player|p1|rekjllj|169|1692
|player|p2|newgensbetter|unknownf|1767
|gen|9
|tier|[Gen 9] OU
|rated|
|rule|HP Percentage Mod: HP is shown in percentages
|rule|Endless Battle Clause: Forcing endless battles is banned
|rule|Species Clause: Limit one of each Pokémon
|rule|OHKO Clause: OHKO moves are banned
|rule|Evasion Items Clause: Evasion items are banned
|rule|Evasion Moves Clause: Evasion moves are banned
|rule|Evasion Abilities Clause: Evasion abilities are banned
|rule|Sleep Moves Clause: Sleep-inducing moves are banned
|clearpoke
|poke|p1|Iron Moth|
|poke|p1|Gliscor, M|
|poke|p1|Hatterene, F|
|poke|p1|Ogerpon-Wellspring, F|
|poke|p1|Raging Bolt|
|poke|p1|Zamazenta-*|
|poke|p2|Gholdengo|
|poke|p2|Dragonite, M|
|poke|p2|Raging Bolt|
|poke|p2|Great Tusk|
|poke|p2|Iron Valiant|
|poke|p2|Ting-Lu|
|teampreview
|c|☆rekjllj|hf
|inactive|Battle timer is ON: inactive players will automatically lose when time's up. (requested by rekjllj)
|c|☆newgensbetter|hf
|inactive|newgensbetter has 120 seconds left.
|
|t:|1781323408
|teamsize|p1|6
|teamsize|p2|6
|start
|switch|p1a: Zamazenta|Zamazenta|100/100
|switch|p2a: Great Neck|Raging Bolt|100/100
|-ability|p1a: Zamazenta|Dauntless Shield|boost
|-boost|p1a: Zamazenta|def|1
|turn|1
|inactive|newgensbetter has 120 seconds left.
|
|t:|1781323454
|-end|p2a: Great Neck|Protosynthesis|[silent]
|switch|p2a: Great Tusk|Great Tusk|100/100
|move|p1a: Zamazenta|Light Screen|p1a: Zamazenta
|-sidestart|p1: rekjllj|move: Light Screen
|
|upkeep
|turn|2
|
|t:|1781323460
|move|p1a: Zamazenta|Ice Fang|p2a: Great Tusk
|-supereffective|p2a: Great Tusk
|-damage|p2a: Great Tusk|81/100
|-damage|p1a: Zamazenta|84/100|[from] item: Rocky Helmet|[of] p2a: Great Tusk
|cant|p2a: Great Tusk|flinch
|
|upkeep
|turn|3
|
|t:|1781323466
|move|p1a: Zamazenta|Reflect|p1a: Zamazenta
|-sidestart|p1: rekjllj|Reflect
|move|p2a: Great Tusk|Rapid Spin|p1a: Zamazenta
|-damage|p1a: Zamazenta|80/100
|-boost|p2a: Great Tusk|spe|1
|
|upkeep
|turn|4
|
|t:|1781323472
|switch|p1a: Ogerpon|Ogerpon-Wellspring, F|100/100
|move|p2a: Great Tusk|Rapid Spin|p1a: Ogerpon
|-damage|p1a: Ogerpon|92/100
|-boost|p2a: Great Tusk|spe|1
|
|upkeep
|turn|5
|
|t:|1781323478
|-end|p2a: Great Tusk|Protosynthesis|[silent]
|switch|p2a: Iron Valiant|Iron Valiant|100/100
|-enditem|p2a: Iron Valiant|Booster Energy
|-activate|p2a: Iron Valiant|ability: Quark Drive|[fromitem]
|-start|p2a: Iron Valiant|quarkdrivespe
|move|p1a: Ogerpon|Swords Dance|p1a: Ogerpon
|-boost|p1a: Ogerpon|atk|2
|
|upkeep
|turn|6
|
|t:|1781323483
|move|p2a: Iron Valiant|Encore|p1a: Ogerpon
|-start|p1a: Ogerpon|Encore
|move|p1a: Ogerpon|Swords Dance|p1a: Ogerpon
|-boost|p1a: Ogerpon|atk|2
|
|upkeep
|turn|7
|
|t:|1781323489
|switch|p1a: Gliscor|Gliscor, M|100/100
|move|p2a: Iron Valiant|Shadow Ball|p1a: Gliscor
|-damage|p1a: Gliscor|83/100
|-unboost|p1a: Gliscor|spd|1
|
|-status|p1a: Gliscor|tox|[from] item: Toxic Orb
|upkeep
|turn|8
|
|t:|1781323496
|-end|p2a: Iron Valiant|Quark Drive|[silent]
|switch|p2a: Ting-Lu|Ting-Lu|100/100
|-ability|p2a: Ting-Lu|Vessel of Ruin
|switch|p1a: Iron Moth|Iron Moth|100/100
|-enditem|p1a: Iron Moth|Booster Energy
|-activate|p1a: Iron Moth|ability: Quark Drive|[fromitem]
|-start|p1a: Iron Moth|quarkdrivespe
|
|-sideend|p1: rekjllj|move: Light Screen
|upkeep
|turn|9
|
|t:|1781323501
|-end|p1a: Iron Moth|Quark Drive|[silent]
|switch|p1a: Hatterene|Hatterene, F|100/100
|move|p2a: Ting-Lu|Earthquake|p1a: Hatterene
|-crit|p1a: Hatterene
|-damage|p1a: Hatterene|55/100
|
|-heal|p1a: Hatterene|61/100|[from] item: Leftovers
|upkeep
|turn|10
|
|t:|1781323508
|switch|p2a: Gholdengo|Gholdengo|100/100
|move|p1a: Hatterene|Draining Kiss|p2a: Gholdengo
|-resisted|p2a: Gholdengo
|-damage|p2a: Gholdengo|87/100
|-heal|p1a: Hatterene|71/100|[from] drain|[of] p2a: Gholdengo
|
|-heal|p1a: Hatterene|77/100|[from] item: Leftovers
|-sideend|p1: rekjllj|Reflect
|upkeep
|turn|11
|
|t:|1781323523
|switch|p1a: Iron Moth|Iron Moth|100/100
|move|p2a: Gholdengo|Shadow Ball|p1a: Iron Moth
|-damage|p1a: Iron Moth|37/100
|
|upkeep
|turn|12
|
|t:|1781323529
|switch|p2a: Ting-Lu|Ting-Lu|100/100
|-ability|p2a: Ting-Lu|Vessel of Ruin
|move|p1a: Iron Moth|Fiery Dance|p2a: Ting-Lu
|-damage|p2a: Ting-Lu|83/100
|
|-heal|p2a: Ting-Lu|89/100|[from] item: Leftovers
|upkeep
|turn|13
|
|t:|1781323535
|move|p1a: Iron Moth|Toxic Spikes|p2a: Ting-Lu
|-sidestart|p2: newgensbetter|move: Toxic Spikes
|move|p2a: Ting-Lu|Earthquake|p1a: Iron Moth
|-supereffective|p1a: Iron Moth
|-damage|p1a: Iron Moth|0 fnt
|faint|p1a: Iron Moth
|-end|p1a: Iron Moth|Quark Drive|[silent]
|
|-heal|p2a: Ting-Lu|95/100|[from] item: Leftovers
|upkeep
|
|t:|1781323541
|switch|p1a: Ogerpon|Ogerpon-Wellspring, F|92/100
|turn|14
|
|t:|1781323547
|switch|p2a: Great Neck|Raging Bolt|100/100
|-status|p2a: Great Neck|psn
|move|p1a: Ogerpon|Ivy Cudgel|p2a: Great Neck|[anim] Ivy Cudgel Water
|-resisted|p2a: Great Neck
|-damage|p2a: Great Neck|73/100 psn
|
|-damage|p2a: Great Neck|61/100 psn|[from] psn
|upkeep
|turn|15
|
|t:|1781323553
|switch|p1a: Hatterene|Hatterene, F|77/100
|move|p2a: Great Neck|Draco Meteor|p1a: Hatterene
|-immune|p1a: Hatterene
|
|-heal|p1a: Hatterene|83/100|[from] item: Leftovers
|-damage|p2a: Great Neck|49/100 psn|[from] psn
|upkeep
|turn|16
|
|t:|1781323559
|-end|p2a: Great Neck|Protosynthesis|[silent]
|switch|p2a: Gholdengo|Gholdengo|87/100
|move|p1a: Hatterene|Mystical Fire|p2a: Gholdengo
|-supereffective|p2a: Gholdengo
|-damage|p2a: Gholdengo|32/100
|-unboost|p2a: Gholdengo|spa|1
|
|-heal|p1a: Hatterene|89/100|[from] item: Leftovers
|upkeep
|turn|17
|
|t:|1781323568
|switch|p1a: Zamazenta|Zamazenta|80/100
|move|p2a: Gholdengo|Shadow Ball|p1a: Zamazenta
|-damage|p1a: Zamazenta|41/100
|
|upkeep
|turn|18
|
|t:|1781323575
|switch|p2a: Great Tusk|Great Tusk|81/100
|-status|p2a: Great Tusk|psn
|move|p1a: Zamazenta|Light Screen|p1a: Zamazenta
|-sidestart|p1: rekjllj|move: Light Screen
|
|-damage|p2a: Great Tusk|68/100 psn|[from] psn
|upkeep
|turn|19
|
|t:|1781323581
|switch|p1a: Hatterene|Hatterene, F|89/100
|move|p2a: Great Tusk|Rapid Spin|p1a: Hatterene
|-damage|p1a: Hatterene|77/100
|-boost|p2a: Great Tusk|spe|1
|-sideend|p2: newgensbetter|Toxic Spikes|[from] move: Rapid Spin|[of] p2a: Great Tusk
|
|-heal|p1a: Hatterene|83/100|[from] item: Leftovers
|-damage|p2a: Great Tusk|56/100 psn|[from] psn
|upkeep
|turn|20
|
|t:|1781323593
|-end|p2a: Great Tusk|Protosynthesis|[silent]
|switch|p2a: Ting-Lu|Ting-Lu|95/100
|-ability|p2a: Ting-Lu|Vessel of Ruin
|move|p1a: Hatterene|Draining Kiss|p2a: Ting-Lu
|-supereffective|p2a: Ting-Lu
|-damage|p2a: Ting-Lu|73/100
|-heal|p1a: Hatterene|100/100|[from] drain|[of] p2a: Ting-Lu
|
|-heal|p2a: Ting-Lu|79/100|[from] item: Leftovers
|upkeep
|turn|21
|
|t:|1781323599
|move|p2a: Ting-Lu|Ruination|p1a: Hatterene
|-damage|p1a: Hatterene|51/100
|move|p1a: Hatterene|Calm Mind|p1a: Hatterene
|-boost|p1a: Hatterene|spa|1
|-boost|p1a: Hatterene|spd|1
|
|-heal|p2a: Ting-Lu|85/100|[from] item: Leftovers
|-heal|p1a: Hatterene|57/100|[from] item: Leftovers
|upkeep
|turn|22
|
|t:|1781323623
|move|p2a: Ting-Lu|Ruination|p1a: Hatterene
|-damage|p1a: Hatterene|29/100
|move|p1a: Hatterene|Draining Kiss|p2a: Ting-Lu
|-supereffective|p2a: Ting-Lu
|-damage|p2a: Ting-Lu|53/100
|-heal|p1a: Hatterene|67/100|[from] drain|[of] p2a: Ting-Lu
|
|-heal|p2a: Ting-Lu|59/100|[from] item: Leftovers
|-heal|p1a: Hatterene|73/100|[from] item: Leftovers
|upkeep
|turn|23
|
|t:|1781323629
|move|p2a: Ting-Lu|Earthquake|p1a: Hatterene
|-damage|p1a: Hatterene|41/100
|move|p1a: Hatterene|Draining Kiss|p2a: Ting-Lu
|-supereffective|p2a: Ting-Lu
|-damage|p2a: Ting-Lu|25/100
|-heal|p1a: Hatterene|83/100|[from] drain|[of] p2a: Ting-Lu
|
|-heal|p2a: Ting-Lu|31/100|[from] item: Leftovers
|-heal|p1a: Hatterene|89/100|[from] item: Leftovers
|upkeep
|turn|24
|
|t:|1781323652
|move|p2a: Ting-Lu|Ruination|p1a: Hatterene
|-damage|p1a: Hatterene|45/100
|move|p1a: Hatterene|Draining Kiss|p2a: Ting-Lu
|-supereffective|p2a: Ting-Lu
|-damage|p2a: Ting-Lu|0 fnt
|-heal|p1a: Hatterene|82/100|[from] drain|[of] p2a: Ting-Lu
|faint|p2a: Ting-Lu
|
|-heal|p1a: Hatterene|88/100|[from] item: Leftovers
|upkeep
|
|t:|1781323659
|switch|p2a: Great Neck|Raging Bolt|49/100 psn
|turn|25
|
|t:|1781323664
|move|p2a: Great Neck|Thunderbolt|p1a: Hatterene
|-damage|p1a: Hatterene|64/100
|move|p1a: Hatterene|Calm Mind|p1a: Hatterene
|-boost|p1a: Hatterene|spa|1
|-boost|p1a: Hatterene|spd|1
|
|-heal|p1a: Hatterene|70/100|[from] item: Leftovers
|-damage|p2a: Great Neck|36/100 psn|[from] psn
|-sideend|p1: rekjllj|move: Light Screen
|upkeep
|turn|26
|
|t:|1781323671
|move|p2a: Great Neck|Thunderbolt|p1a: Hatterene
|-damage|p1a: Hatterene|29/100
|move|p1a: Hatterene|Draining Kiss|p2a: Great Neck
|-supereffective|p2a: Great Neck
|-damage|p2a: Great Neck|0 fnt
|-heal|p1a: Hatterene|65/100|[from] drain|[of] p2a: Great Neck
|faint|p2a: Great Neck
|-end|p2a: Great Neck|Protosynthesis|[silent]
|
|-heal|p1a: Hatterene|71/100|[from] item: Leftovers
|upkeep
|
|t:|1781323688
|switch|p2a: Gholdengo|Gholdengo|32/100
|turn|27
|
|t:|1781323693
|-terastallize|p1a: Hatterene|Water
|move|p2a: Gholdengo|Thunderbolt|p1a: Hatterene
|-supereffective|p1a: Hatterene
|-damage|p1a: Hatterene|22/100
|move|p1a: Hatterene|Draining Kiss|p2a: Gholdengo
|-resisted|p2a: Gholdengo
|-damage|p2a: Gholdengo|6/100
|-heal|p1a: Hatterene|41/100|[from] drain|[of] p2a: Gholdengo
|
|-heal|p1a: Hatterene|47/100|[from] item: Leftovers
|upkeep
|turn|28
|
|t:|1781323699
|switch|p1a: Gliscor|Gliscor, M|83/100 tox
|move|p2a: Gholdengo|Thunderbolt|p1a: Gliscor
|-immune|p1a: Gliscor
|
|-heal|p1a: Gliscor|96/100 tox|[from] ability: Poison Heal
|upkeep
|turn|29
|
|t:|1781323707
|switch|p2a: Great Tusk|Great Tusk|56/100 psn
|move|p1a: Gliscor|Facade|p2a: Great Tusk
|-damage|p2a: Great Tusk|35/100 psn
|-damage|p1a: Gliscor|79/100 tox|[from] item: Rocky Helmet|[of] p2a: Great Tusk
|
|-heal|p1a: Gliscor|92/100 tox|[from] ability: Poison Heal
|-damage|p2a: Great Tusk|23/100 psn|[from] psn
|upkeep
|turn|30
|
|t:|1781323716
|switch|p1a: Zamazenta|Zamazenta|41/100
|move|p2a: Great Tusk|Rapid Spin|p1a: Zamazenta
|-damage|p1a: Zamazenta|30/100
|-boost|p2a: Great Tusk|spe|1
|
|-damage|p2a: Great Tusk|10/100 psn|[from] psn
|upkeep
|turn|31
|
|t:|1781323721
|move|p1a: Zamazenta|Reflect|p1a: Zamazenta
|-sidestart|p1: rekjllj|Reflect
|move|p2a: Great Tusk|Close Combat|p1a: Zamazenta
|-damage|p1a: Zamazenta|9/100
|-unboost|p2a: Great Tusk|def|1
|-unboost|p2a: Great Tusk|spd|1
|
|-damage|p2a: Great Tusk|0 fnt|[from] psn
|faint|p2a: Great Tusk
|-end|p2a: Great Tusk|Protosynthesis|[silent]
|upkeep
|
|t:|1781323743
|switch|p2a: Iron Valiant|Iron Valiant|100/100
|turn|32
|
|t:|1781323750
|move|p1a: Zamazenta|Ice Fang|p2a: Iron Valiant
|-crit|p2a: Iron Valiant
|-damage|p2a: Iron Valiant|68/100
|move|p2a: Iron Valiant|Calm Mind|p2a: Iron Valiant
|-boost|p2a: Iron Valiant|spa|1
|-boost|p2a: Iron Valiant|spd|1
|
|upkeep
|turn|33
|
|t:|1781323754
|move|p1a: Zamazenta|Ice Fang|p2a: Iron Valiant
|-damage|p2a: Iron Valiant|45/100
|move|p2a: Iron Valiant|Calm Mind|p2a: Iron Valiant
|-boost|p2a: Iron Valiant|spa|1
|-boost|p2a: Iron Valiant|spd|1
|
|upkeep
|turn|34
|
|t:|1781323758
|move|p1a: Zamazenta|Light Screen|p1a: Zamazenta
|-sidestart|p1: rekjllj|move: Light Screen
|move|p2a: Iron Valiant|Moonblast|p1a: Zamazenta
|-supereffective|p1a: Zamazenta
|-damage|p1a: Zamazenta|0 fnt
|faint|p1a: Zamazenta
|
|upkeep
|
|t:|1781323762
|switch|p1a: Raging Bolt|Raging Bolt|100/100
|-enditem|p1a: Raging Bolt|Booster Energy
|-activate|p1a: Raging Bolt|ability: Protosynthesis|[fromitem]
|-start|p1a: Raging Bolt|protosynthesisspa
|turn|35
|
|t:|1781323767
|-end|p2a: Iron Valiant|Quark Drive|[silent]
|switch|p2a: Gholdengo|Gholdengo|6/100
|move|p1a: Raging Bolt|Thunderbolt|p2a: Gholdengo
|-damage|p2a: Gholdengo|0 fnt
|faint|p2a: Gholdengo
|
|upkeep
|
|t:|1781323769
|switch|p2a: Dragonite|Dragonite, M|100/100
|turn|36
|
|t:|1781323774
|move|p2a: Dragonite|Dragon Dance|p2a: Dragonite
|-boost|p2a: Dragonite|atk|1
|-boost|p2a: Dragonite|spe|1
|move|p1a: Raging Bolt|Thunderbolt|p2a: Dragonite
|-damage|p2a: Dragonite|62/100
|-status|p2a: Dragonite|par
|
|upkeep
|turn|37
|
|t:|1781323781
|move|p1a: Raging Bolt|Thunderbolt|p2a: Dragonite
|-damage|p2a: Dragonite|0 fnt
|faint|p2a: Dragonite
|
|upkeep
|
|t:|1781323784
|switch|p2a: Iron Valiant|Iron Valiant|45/100
|turn|38
|
|t:|1781323787
|move|p2a: Iron Valiant|Moonblast|p1a: Raging Bolt
|-supereffective|p1a: Raging Bolt
|-damage|p1a: Raging Bolt|58/100
|move|p1a: Raging Bolt|Thunderbolt|p2a: Iron Valiant
|-damage|p2a: Iron Valiant|0 fnt
|faint|p2a: Iron Valiant
|-end|p2a: Iron Valiant|Quark Drive|[silent]
|
|win|rekjllj
|raw|rekjllj's rating: 1692 &rarr; <strong>1715</strong><br />(+23 for winning)
|raw|newgensbetter's rating: 1747 &rarr; <strong>1724</strong><br />(-23 for losing)
|c|☆rekjllj|gg
|l|☆rekjllj
|player|p1|
|l|☆newgensbetter
|player|p2|
