|j|☆ur doggo
|j|‽RadiantSol
|t:|1781351980
|gametype|singles
|player|p1|ur doggo|169|1593
|player|p2|RadiantSol|flint|1560
|gen|9
|tier|[Gen 9] OU
|rated|
|rule|HP Percentage Mod: HP is shown in percentages
|rule|Endless Battle Clause: Forcing endless battles is banned
|rule|Species Clause: Limit one of each Pokémon
|rule|OHKO Clause: OHKO moves are banned
|rule|Evasion Items Clause: Evasion items are banned
|rule|Evasion Moves Clause: Evasion moves are banned
|rule|Evasion Abilities Clause: Evasion abilities are banned
|rule|Sleep Moves Clause: Sleep-inducing moves are banned
|clearpoke
|poke|p1|Latios, M|
|poke|p1|Darkrai|
|poke|p1|Ting-Lu|
|poke|p1|Corviknight, F|
|poke|p1|Dragonite, M|
|poke|p1|Clefable, M|
|poke|p2|Espeon, F|
|poke|p2|Talonflame, F|
|poke|p2|Lapras, F|
|poke|p2|Ninetales-Alola, F|
|poke|p2|Muk-Alola, F|
|poke|p2|Quagsire, F|
|teampreview
|inactive|Battle timer is ON: inactive players will automatically lose when time's up. (requested by RadiantSol)
|
|t:|1781352003
|teamsize|p1|6
|teamsize|p2|6
|start
|switch|p1a: Clefable|Clefable, M|100/100
|switch|p2a: Muk|Muk-Alola, F, shiny|100/100
|turn|1
|
|t:|1781352011
|switch|p1a: Corviknight|Corviknight, F|100/100
|-ability|p1a: Corviknight|Pressure
|move|p2a: Muk|Knock Off|p1a: Corviknight
|-damage|p1a: Corviknight|71/100
|-enditem|p1a: Corviknight|Leftovers|[from] move: Knock Off|[of] p2a: Muk
|
|upkeep
|turn|2
|
|t:|1781352021
|move|p1a: Corviknight|Brave Bird|p2a: Muk
|-damage|p2a: Muk|64/100
|-damage|p1a: Corviknight|59/100|[from] Recoil
|move|p2a: Muk|Knock Off|p1a: Corviknight
|-damage|p1a: Corviknight|40/100
|
|-heal|p2a: Muk|70/100|[from] item: Black Sludge
|upkeep
|turn|3
|
|t:|1781352028
|switch|p2a: Ninetales|Ninetales-Alola, F, shiny|100/100
|-weather|Snowscape|[from] ability: Snow Warning|[of] p2a: Ninetales
|move|p1a: Corviknight|Roost|p1a: Corviknight
|-heal|p1a: Corviknight|90/100
|-singleturn|p1a: Corviknight|move: Roost
|
|-weather|Snowscape|[upkeep]
|upkeep
|turn|4
|
|t:|1781352033
|switch|p1a: Clefable|Clefable, M|100/100
|move|p2a: Ninetales|Encore||[still]
|-fail|p2a: Ninetales
|
|-weather|Snowscape|[upkeep]
|upkeep
|turn|5
|
|t:|1781352038
|move|p2a: Ninetales|Protect|p2a: Ninetales
|-singleturn|p2a: Ninetales|Protect
|move|p1a: Clefable|Knock Off|p2a: Ninetales
|-activate|p2a: Ninetales|move: Protect
|
|-weather|Snowscape|[upkeep]
|upkeep
|turn|6
|
|t:|1781352055
|switch|p2a: Talonflame|Talonflame, F|100/100
|move|p1a: Clefable|Knock Off|p2a: Talonflame
|-damage|p2a: Talonflame|85/100
|-enditem|p2a: Talonflame|Heavy-Duty Boots|[from] move: Knock Off|[of] p1a: Clefable
|
|-weather|Snowscape|[upkeep]
|upkeep
|turn|7
|
|t:|1781352061
|move|p2a: Talonflame|Flamethrower|p1a: Clefable
|-damage|p1a: Clefable|77/100
|move|p1a: Clefable|Stealth Rock|p2a: Talonflame
|-sidestart|p2: RadiantSol|move: Stealth Rock
|
|-weather|none
|upkeep
|turn|8
|
|t:|1781352075
|move|p2a: Talonflame|Defog|p1a: Clefable
|-unboost|p1a: Clefable|evasion|1
|-sideend|p2: RadiantSol|Stealth Rock|[from] move: Defog|[of] p2a: Talonflame
|move|p1a: Clefable|Moonblast|p2a: Talonflame
|-resisted|p2a: Talonflame
|-damage|p2a: Talonflame|62/100
|-unboost|p2a: Talonflame|spa|1
|
|upkeep
|turn|9
|
|t:|1781352080
|move|p2a: Talonflame|Flamethrower|p1a: Clefable
|-damage|p1a: Clefable|62/100
|-status|p1a: Clefable|brn
|move|p1a: Clefable|Stealth Rock|p2a: Talonflame
|-sidestart|p2: RadiantSol|move: Stealth Rock
|
|upkeep
|turn|10
|
|t:|1781352087
|switch|p1a: Latios|Latios, M|100/100
|move|p2a: Talonflame|Defog|p1a: Latios
|-unboost|p1a: Latios|evasion|1
|-sideend|p2: RadiantSol|Stealth Rock|[from] move: Defog|[of] p2a: Talonflame
|
|upkeep
|turn|11
|
|t:|1781352099
|switch|p2a: Muk|Muk-Alola, F, shiny|70/100
|move|p1a: Latios|Aura Sphere|p2a: Muk
|-damage|p2a: Muk|54/100
|
|-heal|p2a: Muk|60/100|[from] item: Black Sludge
|upkeep
|turn|12
|
|t:|1781352106
|switch|p1a: Corviknight|Corviknight, F|90/100
|-ability|p1a: Corviknight|Pressure
|move|p2a: Muk|Knock Off|p1a: Corviknight
|-damage|p1a: Corviknight|69/100
|
|-heal|p2a: Muk|66/100|[from] item: Black Sludge
|upkeep
|turn|13
|
|t:|1781352122
|switch|p2a: Quagsire|Quagsire, F, shiny|100/100
|move|p1a: Corviknight|Brave Bird|p2a: Quagsire
|-damage|p2a: Quagsire|76/100
|-damage|p1a: Corviknight|52/100|[from] item: Rocky Helmet|[of] p2a: Quagsire
|-damage|p1a: Corviknight|44/100|[from] Recoil
|
|upkeep
|turn|14
|
|t:|1781352127
|move|p1a: Corviknight|Roost|p1a: Corviknight
|-heal|p1a: Corviknight|94/100
|-singleturn|p1a: Corviknight|move: Roost
|move|p2a: Quagsire|Toxic Spikes|p1a: Corviknight
|-sidestart|p1: ur doggo|move: Toxic Spikes
|
|upkeep
|turn|15
|
|t:|1781352131
|switch|p1a: Clefable|Clefable, M|62/100 brn
|move|p2a: Quagsire|Toxic Spikes|p1a: Clefable
|-sidestart|p1: ur doggo|move: Toxic Spikes
|
|upkeep
|turn|16
|
|t:|1781352140
|switch|p2a: Espeon|Espeon, F, shiny|100/100
|move|p1a: Clefable|Knock Off|p2a: Espeon
|-supereffective|p2a: Espeon
|-damage|p2a: Espeon|75/100
|-enditem|p2a: Espeon|Covert Cloak|[from] move: Knock Off|[of] p1a: Clefable
|
|upkeep
|turn|17
|
|t:|1781352147
|move|p2a: Espeon|Psyshock|p1a: Clefable
|-damage|p1a: Clefable|35/100 brn
|move|p1a: Clefable|Moonblast|p2a: Espeon
|-damage|p2a: Espeon|39/100
|
|upkeep
|turn|18
|
|t:|1781352153
|move|p2a: Espeon|Calm Mind|p2a: Espeon
|-boost|p2a: Espeon|spa|1
|-boost|p2a: Espeon|spd|1
|move|p1a: Clefable|Moonlight|p1a: Clefable
|-heal|p1a: Clefable|85/100 brn
|
|upkeep
|turn|19
|
|t:|1781352159
|switch|p1a: Ting-Lu|Ting-Lu|100/100
|-status|p1a: Ting-Lu|tox
|-ability|p1a: Ting-Lu|Vessel of Ruin
|move|p2a: Espeon|Psyshock|p1a: Ting-Lu
|-immune|p1a: Ting-Lu
|
|-damage|p1a: Ting-Lu|94/100 tox|[from] psn
|upkeep
|turn|20
|
|t:|1781352189
|switch|p2a: Talonflame|Talonflame, F|62/100
|move|p1a: Ting-Lu|Earthquake|p2a: Talonflame
|-immune|p2a: Talonflame
|
|-heal|p1a: Ting-Lu|100/100 tox|[from] item: Leftovers
|-damage|p1a: Ting-Lu|88/100 tox|[from] psn
|upkeep
|turn|21
|
|t:|1781352195
|move|p2a: Talonflame|Roost|p2a: Talonflame
|-heal|p2a: Talonflame|100/100
|-singleturn|p2a: Talonflame|move: Roost
|move|p1a: Ting-Lu|Spikes|p2a: Talonflame
|-sidestart|p2: RadiantSol|Spikes
|
|-heal|p1a: Ting-Lu|94/100 tox|[from] item: Leftovers
|-damage|p1a: Ting-Lu|76/100 tox|[from] psn
|upkeep
|turn|22
|
|t:|1781352205
|switch|p2a: Ninetales|Ninetales-Alola, F, shiny|100/100
|-damage|p2a: Ninetales|88/100|[from] Spikes
|-weather|Snowscape|[from] ability: Snow Warning|[of] p2a: Ninetales
|move|p1a: Ting-Lu|Ruination|p2a: Ninetales
|-damage|p2a: Ninetales|44/100
|
|-weather|Snowscape|[upkeep]
|-heal|p1a: Ting-Lu|82/100 tox|[from] item: Leftovers
|-damage|p1a: Ting-Lu|57/100 tox|[from] psn
|upkeep
|turn|23
|
|t:|1781352212
|switch|p1a: Clefable|Clefable, M|85/100 brn
|move|p2a: Ninetales|Encore||[still]
|-fail|p2a: Ninetales
|
|-weather|Snowscape|[upkeep]
|upkeep
|turn|24
|
|t:|1781352224
|move|p2a: Ninetales|Aurora Veil|p2a: Ninetales
|-sidestart|p2: RadiantSol|move: Aurora Veil
|move|p1a: Clefable|Stealth Rock|p2a: Ninetales
|-sidestart|p2: RadiantSol|move: Stealth Rock
|
|-weather|Snowscape|[upkeep]
|upkeep
|turn|25
|
|t:|1781352229
|switch|p2a: Talonflame|Talonflame, F|100/100
|-damage|p2a: Talonflame|50/100|[from] Stealth Rock
|switch|p1a: Corviknight|Corviknight, F|94/100
|-ability|p1a: Corviknight|Pressure
|
|-weather|Snowscape|[upkeep]
|upkeep
|turn|26
|
|t:|1781352233
|switch|p1a: Clefable|Clefable, M|85/100 brn
|move|p2a: Talonflame|Defog|p1a: Clefable
|-unboost|p1a: Clefable|evasion|1
|-sideend|p1: ur doggo|Toxic Spikes|[from] move: Defog|[of] p2a: Talonflame
|-sideend|p2: RadiantSol|Spikes|[from] move: Defog|[of] p2a: Talonflame
|-sideend|p2: RadiantSol|Stealth Rock|[from] move: Defog|[of] p2a: Talonflame
|
|-weather|none
|upkeep
|turn|27
|
|t:|1781352239
|switch|p2a: Espeon|Espeon, F, shiny|39/100
|move|p1a: Clefable|Knock Off|p2a: Espeon
|-supereffective|p2a: Espeon
|-damage|p2a: Espeon|29/100
|
|upkeep
|turn|28
|
|t:|1781352245
|move|p2a: Espeon|Calm Mind|p2a: Espeon
|-boost|p2a: Espeon|spa|1
|-boost|p2a: Espeon|spd|1
|move|p1a: Clefable|Moonblast|p2a: Espeon
|-damage|p2a: Espeon|17/100
|
|upkeep
|turn|29
|
|t:|1781352250
|switch|p1a: Ting-Lu|Ting-Lu|57/100 tox
|-ability|p1a: Ting-Lu|Vessel of Ruin
|-terastallize|p2a: Espeon|Fairy
|move|p2a: Espeon|Draining Kiss|p1a: Ting-Lu
|-supereffective|p1a: Ting-Lu
|-damage|p1a: Ting-Lu|21/100 tox
|-heal|p2a: Espeon|64/100|[from] drain|[of] p1a: Ting-Lu
|
|-heal|p1a: Ting-Lu|27/100 tox|[from] item: Leftovers
|-damage|p1a: Ting-Lu|21/100 tox|[from] psn
|upkeep
|turn|30
|
|t:|1781352256
|move|p2a: Espeon|Draining Kiss|p1a: Ting-Lu
|-supereffective|p1a: Ting-Lu
|-damage|p1a: Ting-Lu|0 fnt
|-heal|p2a: Espeon|90/100|[from] drain|[of] p1a: Ting-Lu
|faint|p1a: Ting-Lu
|
|upkeep
|
|t:|1781352259
|switch|p1a: Corviknight|Corviknight, F|94/100
|-ability|p1a: Corviknight|Pressure
|turn|31
|
|t:|1781352267
|move|p2a: Espeon|Shadow Ball|p1a: Corviknight
|-damage|p1a: Corviknight|69/100
|move|p1a: Corviknight|Brave Bird|p2a: Espeon
|-damage|p2a: Espeon|61/100
|-damage|p1a: Corviknight|62/100|[from] Recoil
|
|-sideend|p2: RadiantSol|move: Aurora Veil
|upkeep
|turn|32
|j| samurajen
|
|t:|1781352274
|switch|p2a: Quagsire|Quagsire, F, shiny|76/100
|move|p1a: Corviknight|Brave Bird|p2a: Quagsire
|-damage|p2a: Quagsire|52/100
|-damage|p1a: Corviknight|45/100|[from] item: Rocky Helmet|[of] p2a: Quagsire
|-damage|p1a: Corviknight|37/100|[from] Recoil
|
|upkeep
|turn|33
|
|t:|1781352280
|move|p1a: Corviknight|Roost|p1a: Corviknight
|-heal|p1a: Corviknight|87/100
|-singleturn|p1a: Corviknight|move: Roost
|move|p2a: Quagsire|Recover|p2a: Quagsire
|-heal|p2a: Quagsire|100/100
|
|upkeep
|turn|34
|c| samurajen|lapras and espeon,so cute
|c|☆ur doggo|indeed
|
|t:|1781352295
|switch|p1a: Clefable|Clefable, M|85/100 brn
|move|p2a: Quagsire|Toxic Spikes|p1a: Clefable
|-sidestart|p1: ur doggo|move: Toxic Spikes
|
|upkeep
|turn|35
|
|t:|1781352311
|switch|p2a: Ninetales|Ninetales-Alola, F, shiny|44/100
|-weather|Snowscape|[from] ability: Snow Warning|[of] p2a: Ninetales
|move|p1a: Clefable|Moonblast|p2a: Ninetales
|-damage|p2a: Ninetales|13/100
|
|-weather|Snowscape|[upkeep]
|upkeep
|turn|36
|
|t:|1781352319
|move|p2a: Ninetales|Aurora Veil|p2a: Ninetales
|-sidestart|p2: RadiantSol|move: Aurora Veil
|move|p1a: Clefable|Moonblast|p2a: Ninetales
|-damage|p2a: Ninetales|0 fnt
|faint|p2a: Ninetales
|
|-weather|Snowscape|[upkeep]
|upkeep
|
|t:|1781352321
|switch|p2a: Lapras|Lapras, F|100/100
|turn|37
|
|t:|1781352329
|move|p2a: Lapras|Dragon Dance|p2a: Lapras
|-boost|p2a: Lapras|atk|1
|-boost|p2a: Lapras|spe|1
|move|p1a: Clefable|Stealth Rock|p2a: Lapras
|-sidestart|p2: RadiantSol|move: Stealth Rock
|
|-weather|Snowscape|[upkeep]
|upkeep
|turn|38
|
|t:|1781352337
|switch|p1a: Corviknight|Corviknight, F|87/100
|-ability|p1a: Corviknight|Pressure
|move|p2a: Lapras|Dragon Dance|p2a: Lapras
|-boost|p2a: Lapras|atk|1
|-boost|p2a: Lapras|spe|1
|
|-weather|Snowscape|[upkeep]
|upkeep
|turn|39
|
|t:|1781352344
|move|p2a: Lapras|Liquidation|p1a: Corviknight
|-damage|p1a: Corviknight|40/100
|move|p1a: Corviknight|Bulk Up|p1a: Corviknight
|-boost|p1a: Corviknight|atk|1
|-boost|p1a: Corviknight|def|1
|
|-weather|none
|upkeep
|turn|40
|
|t:|1781352347
|move|p2a: Lapras|Liquidation|p1a: Corviknight
|-damage|p1a: Corviknight|6/100
|move|p1a: Corviknight|Roost|p1a: Corviknight
|-heal|p1a: Corviknight|56/100
|-singleturn|p1a: Corviknight|move: Roost
|
|upkeep
|turn|41
|
|t:|1781352349
|move|p2a: Lapras|Liquidation|p1a: Corviknight
|-damage|p1a: Corviknight|25/100
|move|p1a: Corviknight|Roost|p1a: Corviknight
|-heal|p1a: Corviknight|75/100
|-singleturn|p1a: Corviknight|move: Roost
|
|upkeep
|turn|42
|
|t:|1781352364
|move|p2a: Lapras|Liquidation|p1a: Corviknight
|-damage|p1a: Corviknight|42/100
|-unboost|p1a: Corviknight|def|1
|move|p1a: Corviknight|Bulk Up|p1a: Corviknight
|-boost|p1a: Corviknight|atk|1
|-boost|p1a: Corviknight|def|1
|
|upkeep
|turn|43
|
|t:|1781352366
|move|p2a: Lapras|Liquidation|p1a: Corviknight
|-damage|p1a: Corviknight|6/100
|move|p1a: Corviknight|Roost|p1a: Corviknight
|-heal|p1a: Corviknight|56/100
|-singleturn|p1a: Corviknight|move: Roost
|
|-sideend|p2: RadiantSol|move: Aurora Veil
|upkeep
|turn|44
|
|t:|1781352370
|move|p2a: Lapras|Liquidation|p1a: Corviknight
|-damage|p1a: Corviknight|22/100
|-unboost|p1a: Corviknight|def|1
|move|p1a: Corviknight|Roost|p1a: Corviknight
|-heal|p1a: Corviknight|72/100
|-singleturn|p1a: Corviknight|move: Roost
|
|upkeep
|turn|45
|
|t:|1781352390
|move|p2a: Lapras|Liquidation|p1a: Corviknight
|-damage|p1a: Corviknight|21/100
|-unboost|p1a: Corviknight|def|1
|move|p1a: Corviknight|Roost|p1a: Corviknight
|-heal|p1a: Corviknight|71/100
|-singleturn|p1a: Corviknight|move: Roost
|
|upkeep
|turn|46
|
|t:|1781352393
|switch|p1a: Dragonite|Dragonite, M|100/100
|move|p2a: Lapras|Liquidation|p1a: Dragonite
|-resisted|p1a: Dragonite
|-damage|p1a: Dragonite|83/100
|
|upkeep
|turn|47
|
|t:|1781352397
|switch|p1a: Corviknight|Corviknight, F|71/100
|-ability|p1a: Corviknight|Pressure
|move|p2a: Lapras|Freeze-Dry|p1a: Corviknight
|-damage|p1a: Corviknight|56/100
|
|upkeep
|turn|48
|
|t:|1781352401
|move|p2a: Lapras|Liquidation|p1a: Corviknight
|-damage|p1a: Corviknight|9/100
|move|p1a: Corviknight|Brave Bird|p2a: Lapras
|-damage|p2a: Lapras|66/100
|-damage|p1a: Corviknight|0 fnt|[from] Recoil
|faint|p1a: Corviknight
|
|upkeep
|
|t:|1781352414
|switch|p1a: Clefable|Clefable, M|85/100 brn
|turn|49
|
|t:|1781352417
|move|p2a: Lapras|Earthquake|p1a: Clefable
|-damage|p1a: Clefable|49/100 brn
|move|p1a: Clefable|Moonblast|p2a: Lapras
|-damage|p2a: Lapras|32/100
|
|upkeep
|turn|50
|
|t:|1781352423
|move|p2a: Lapras|Earthquake|p1a: Clefable
|-damage|p1a: Clefable|11/100 brn
|move|p1a: Clefable|Moonblast|p2a: Lapras
|-damage|p2a: Lapras|1/100
|
|upkeep
|turn|51
|
|t:|1781352426
|switch|p1a: Dragonite|Dragonite, M|83/100
|move|p2a: Lapras|Earthquake|p1a: Dragonite
|-immune|p1a: Dragonite
|
|upkeep
|turn|52
|
|t:|1781352428
|move|p1a: Dragonite|Extreme Speed|p2a: Lapras
|-damage|p2a: Lapras|0 fnt
|faint|p2a: Lapras
|
|upkeep
|
|t:|1781352447
|switch|p2a: Quagsire|Quagsire, F, shiny|100/100
|-damage|p2a: Quagsire|94/100|[from] Stealth Rock
|turn|53
|
|t:|1781352473
|switch|p1a: Clefable|Clefable, M|11/100 brn
|move|p2a: Quagsire|Liquidation|p1a: Clefable
|-damage|p1a: Clefable|0 fnt
|-damage|p2a: Quagsire|78/100|[from] item: Rocky Helmet|[of] p1a: Clefable
|faint|p1a: Clefable
|
|upkeep
|inactive|ur doggo has 120 seconds left.
|
|t:|1781352496
|switch|p1a: Darkrai|Darkrai|100/100
|turn|54
|
|t:|1781352504
|switch|p2a: Talonflame|Talonflame, F|50/100
|-damage|p2a: Talonflame|0 fnt|[from] Stealth Rock
|faint|p2a: Talonflame
|move|p1a: Darkrai|Will-O-Wisp|p2: Talonflame|[notarget]
|-fail|p1a: Darkrai
|
|upkeep
|
|t:|1781352515
|switch|p2a: Muk|Muk-Alola, F, shiny|66/100
|-damage|p2a: Muk|54/100|[from] Stealth Rock
|turn|55
|
|t:|1781352518
|switch|p2a: Espeon|Espeon, F, shiny, tera:Fairy|61/100
|-damage|p2a: Espeon|49/100|[from] Stealth Rock
|move|p1a: Darkrai|Will-O-Wisp|p2a: Espeon
|move|p2a: Espeon|Will-O-Wisp|p1a: Darkrai|[from] ability: Magic Bounce
|-status|p1a: Darkrai|brn
|
|-damage|p1a: Darkrai|94/100 brn|[from] brn
|upkeep
|turn|56
|
|t:|1781352533
|switch|p1a: Dragonite|Dragonite, M|83/100
|move|p2a: Espeon|Draining Kiss|p1a: Dragonite
|-supereffective|p1a: Dragonite
|-damage|p1a: Dragonite|22/100
|-heal|p2a: Espeon|99/100|[from] drain|[of] p1a: Dragonite
|
|upkeep
|turn|57
|
|t:|1781352543
|move|p1a: Dragonite|Extreme Speed|p2a: Espeon
|-damage|p2a: Espeon|42/100
|move|p2a: Espeon|Draining Kiss|p1a: Dragonite
|-supereffective|p1a: Dragonite
|-damage|p1a: Dragonite|0 fnt
|-heal|p2a: Espeon|59/100|[from] drain|[of] p1a: Dragonite
|faint|p1a: Dragonite
|
|upkeep
|inactive|ur doggo has 120 seconds left.
|
|t:|1781352569
|switch|p1a: Latios|Latios, M|100/100
|turn|58
|inactive|ur doggo has 120 seconds left.
|
|t:|1781352575
|switch|p2a: Muk|Muk-Alola, F, shiny|54/100
|-damage|p2a: Muk|42/100|[from] Stealth Rock
|-terastallize|p1a: Latios|Electric
|move|p1a: Latios|Calm Mind|p1a: Latios
|-boost|p1a: Latios|spa|1
|-boost|p1a: Latios|spd|1
|
|-heal|p2a: Muk|48/100|[from] item: Black Sludge
|upkeep
|turn|59
|
|t:|1781352581
|switch|p1a: Darkrai|Darkrai|94/100 brn
|move|p2a: Muk|Haze|p2a: Muk
|-clearallboost
|
|-heal|p2a: Muk|54/100|[from] item: Black Sludge
|-damage|p1a: Darkrai|88/100 brn|[from] brn
|upkeep
|turn|60
|
|t:|1781352589
|move|p2a: Muk|Protect|p2a: Muk
|-singleturn|p2a: Muk|Protect
|move|p1a: Darkrai|Knock Off|p2a: Muk
|-activate|p2a: Muk|move: Protect
|
|-heal|p2a: Muk|60/100|[from] item: Black Sludge
|-damage|p1a: Darkrai|82/100 brn|[from] brn
|upkeep
|turn|61
|
|t:|1781352596
|switch|p2a: Quagsire|Quagsire, F, shiny|78/100
|-damage|p2a: Quagsire|72/100|[from] Stealth Rock
|move|p1a: Darkrai|Ice Beam|p2a: Quagsire
|-damage|p2a: Quagsire|33/100
|
|-damage|p1a: Darkrai|76/100 brn|[from] brn
|upkeep
|turn|62
|
|t:|1781352607
|move|p1a: Darkrai|Ice Beam|p2a: Quagsire
|-damage|p2a: Quagsire|0 fnt
|faint|p2a: Quagsire
|
|-damage|p1a: Darkrai|70/100 brn|[from] brn
|upkeep
|
|t:|1781352613
|switch|p2a: Espeon|Espeon, F, shiny, tera:Fairy|59/100
|-damage|p2a: Espeon|46/100|[from] Stealth Rock
|turn|63
|
|t:|1781352625
|switch|p1a: Latios|Latios, M, tera:Electric|100/100
|move|p2a: Espeon|Draining Kiss|p1a: Latios
|-damage|p1a: Latios|72/100
|-heal|p2a: Espeon|68/100|[from] drain|[of] p1a: Latios
|
|upkeep
|turn|64
|
|t:|1781352643
|switch|p2a: Muk|Muk-Alola, F, shiny|60/100
|-damage|p2a: Muk|47/100|[from] Stealth Rock
|switch|p1a: Darkrai|Darkrai|70/100 brn
|
|-heal|p2a: Muk|53/100|[from] item: Black Sludge
|-damage|p1a: Darkrai|64/100 brn|[from] brn
|upkeep
|turn|65
|
|t:|1781352652
|move|p2a: Muk|Protect|p2a: Muk
|-singleturn|p2a: Muk|Protect
|move|p1a: Darkrai|Ice Beam|p2a: Muk
|-activate|p2a: Muk|move: Protect
|
|-heal|p2a: Muk|59/100|[from] item: Black Sludge
|-damage|p1a: Darkrai|58/100 brn|[from] brn
|upkeep
|turn|66
|
|t:|1781352662
|move|p1a: Darkrai|Will-O-Wisp|p2a: Muk
|-status|p2a: Muk|brn
|move|p2a: Muk|Knock Off|p1a: Darkrai
|-resisted|p1a: Darkrai
|-damage|p1a: Darkrai|46/100 brn
|-enditem|p1a: Darkrai|Heavy-Duty Boots|[from] move: Knock Off|[of] p2a: Muk
|
|-heal|p2a: Muk|65/100 brn|[from] item: Black Sludge
|-damage|p1a: Darkrai|40/100 brn|[from] brn
|-damage|p2a: Muk|59/100 brn|[from] brn
|upkeep
|turn|67
|
|t:|1781352667
|move|p2a: Muk|Protect|p2a: Muk
|-singleturn|p2a: Muk|Protect
|move|p1a: Darkrai|Knock Off|p2a: Muk
|-activate|p2a: Muk|move: Protect
|
|-heal|p2a: Muk|65/100 brn|[from] item: Black Sludge
|-damage|p1a: Darkrai|34/100 brn|[from] brn
|-damage|p2a: Muk|59/100 brn|[from] brn
|upkeep
|turn|68
|
|t:|1781352672
|move|p1a: Darkrai|Ice Beam|p2a: Muk
|-damage|p2a: Muk|41/100 brn
|move|p2a: Muk|Knock Off|p1a: Darkrai
|-resisted|p1a: Darkrai
|-damage|p1a: Darkrai|25/100 brn
|
|-heal|p2a: Muk|47/100 brn|[from] item: Black Sludge
|-damage|p1a: Darkrai|19/100 brn|[from] brn
|-damage|p2a: Muk|41/100 brn|[from] brn
|upkeep
|turn|69
|
|t:|1781352675
|move|p2a: Muk|Protect|p2a: Muk
|-singleturn|p2a: Muk|Protect
|move|p1a: Darkrai|Knock Off|p2a: Muk
|-activate|p2a: Muk|move: Protect
|
|-heal|p2a: Muk|47/100 brn|[from] item: Black Sludge
|-damage|p1a: Darkrai|13/100 brn|[from] brn
|-damage|p2a: Muk|41/100 brn|[from] brn
|upkeep
|turn|70
|
|t:|1781352685
|move|p1a: Darkrai|Knock Off|p2a: Muk
|-resisted|p2a: Muk
|-damage|p2a: Muk|33/100 brn
|-enditem|p2a: Muk|Black Sludge|[from] move: Knock Off|[of] p1a: Darkrai
|move|p2a: Muk|Knock Off|p1a: Darkrai
|-resisted|p1a: Darkrai
|-damage|p1a: Darkrai|5/100 brn
|
|-damage|p1a: Darkrai|0 fnt|[from] brn
|faint|p1a: Darkrai
|-damage|p2a: Muk|27/100 brn|[from] brn
|upkeep
|
|t:|1781352687
|switch|p1a: Latios|Latios, M, tera:Electric|72/100
|turn|71
|
|t:|1781352694
|move|p1a: Latios|Aura Sphere|p2a: Muk
|-damage|p2a: Muk|10/100 brn
|move|p2a: Muk|Knock Off|p1a: Latios
|-damage|p1a: Latios|49/100
|-enditem|p1a: Latios|Covert Cloak|[from] move: Knock Off|[of] p2a: Muk
|
|-damage|p2a: Muk|4/100 brn|[from] brn
|upkeep
|turn|72
|
|t:|1781352701
|move|p2a: Muk|Shadow Sneak|p1a: Latios
|-damage|p1a: Latios|42/100
|move|p1a: Latios|Recover|p1a: Latios
|-heal|p1a: Latios|92/100
|
|-damage|p2a: Muk|0 fnt|[from] brn
|faint|p2a: Muk
|upkeep
|
|t:|1781352704
|switch|p2a: Espeon|Espeon, F, shiny, tera:Fairy|68/100
|-damage|p2a: Espeon|56/100|[from] Stealth Rock
|turn|73
|
|t:|1781352712
|move|p2a: Espeon|Calm Mind|p2a: Espeon
|-boost|p2a: Espeon|spa|1
|-boost|p2a: Espeon|spd|1
|move|p1a: Latios|Psychic Noise|p2a: Espeon
|-damage|p2a: Espeon|27/100
|-start|p2a: Espeon|move: Heal Block
|
|upkeep
|turn|74
|
|t:|1781352720
|move|p2a: Espeon|Psyshock|p1a: Latios
|-damage|p1a: Latios|11/100
|move|p1a: Latios|Psychic Noise|p2a: Espeon
|-damage|p2a: Espeon|0 fnt
|faint|p2a: Espeon
|
|win|ur doggo
|raw|ur doggo's rating: 1593 &rarr; <strong>1611</strong><br />(+18 for winning)
|raw|RadiantSol's rating: 1560 &rarr; <strong>1542</strong><br />(-18 for losing)
|l|‽RadiantSol
|player|p2|
|c|☆ur doggo|gg
|l|☆ur doggo
|player|p1|
