|j|☆Yellowishnesses
|j|‽Cte plays
|t:|1781333167
|gametype|singles
|player|p1|Yellowishnesses|evelyn|1548
|player|p2|Cte plays|brendan|1550
|gen|9
|tier|[Gen 9] OU
|rated|
|rule|HP Percentage Mod: HP is shown in percentages
|rule|Endless Battle Clause: Forcing endless battles is banned
|rule|Species Clause: Limit one of each Pokémon
|rule|OHKO Clause: OHKO moves are banned
|rule|Evasion Items Clause: Evasion items are banned
|rule|Evasion Moves Clause: Evasion moves are banned
|rule|Evasion Abilities Clause: Evasion abilities are banned
|rule|Sleep Moves Clause: Sleep-inducing moves are banned
|clearpoke
|poke|p1|Blissey, F|
|poke|p1|Ogerpon-Wellspring, F|
|poke|p1|Alomomola, F|
|poke|p1|Lokix, M|
|poke|p1|Weezing-Galar, M|
|poke|p1|Cinderace, F|
|poke|p2|Scizor, M|
|poke|p2|Kyurem|
|poke|p2|Cinderace, M|
|poke|p2|Primarina, M|
|poke|p2|Zapdos|
|poke|p2|Iron Valiant|
|teampreview
|inactive|Battle timer is ON: inactive players will automatically lose when time's up. (requested by Cte plays)
|
|t:|1781333189
|teamsize|p1|6
|teamsize|p2|6
|start
|switch|p1a: Weezing|Weezing-Galar, M|100/100
|switch|p2a: Zapdos|Zapdos, shiny|100/100
|-ability|p1a: Weezing|Neutralizing Gas
|turn|1
|
|t:|1781333200
|move|p2a: Zapdos|Volt Switch|p1a: Weezing
|-damage|p1a: Weezing|61/100
|
|t:|1781333207
|switch|p2a: Primarina|Primarina, M, shiny|100/100|[from] Volt Switch
|move|p1a: Weezing|Will-O-Wisp|p2a: Primarina
|-status|p2a: Primarina|brn
|
|-heal|p1a: Weezing|67/100|[from] item: Leftovers
|-damage|p2a: Primarina|94/100 brn|[from] brn
|upkeep
|turn|2
|l|‽Cte plays
|inactive|Cte plays disconnected and has a minute to reconnect!
|player|p2|
|inactive|Cte plays has 30 seconds to reconnect!
|j|‽Cte plays
|inactive|Cte plays reconnected and has 110 seconds left.
|player|p2|Cte plays|brendan|
|n|‽Cte plays|cteplays
|
|t:|1781333255
|-end|p1a: Weezing|ability: Neutralizing Gas
|switch|p1a: Blissey|Blissey, F|100/100
|move|p2a: Primarina|Flip Turn|p1a: Blissey
|-damage|p1a: Blissey|93/100
|
|t:|1781333268
|switch|p2a: Kyurem|Kyurem, shiny|100/100|[from] Flip Turn
|-ability|p2a: Kyurem|Pressure
|
|upkeep
|turn|3
|
|t:|1781333276
|move|p2a: Kyurem|Freeze-Dry|p1a: Blissey
|-damage|p1a: Blissey|84/100
|move|p1a: Blissey|Thunder Wave|p2a: Kyurem
|-status|p2a: Kyurem|par
|
|upkeep
|turn|4
|
|t:|1781333284
|move|p2a: Kyurem|Freeze-Dry|p1a: Blissey
|-damage|p1a: Blissey|74/100
|move|p1a: Blissey|Seismic Toss|p2a: Kyurem
|-damage|p2a: Kyurem|75/100 par
|
|upkeep
|turn|5
|
|t:|1781333292
|cant|p2a: Kyurem|par
|move|p1a: Blissey|Thunder Wave|p2a: Kyurem
|-fail|p2a: Kyurem|par
|
|upkeep
|turn|6
|inactive|Cte plays has 120 seconds left.
|
|t:|1781333299
|move|p2a: Kyurem|Scale Shot|p1a: Blissey
|-damage|p1a: Blissey|60/100
|-damage|p1a: Blissey|45/100
|-damage|p1a: Blissey|33/100
|-damage|p1a: Blissey|18/100
|-hitcount|p1a: Blissey|4
|-unboost|p2a: Kyurem|def|1
|-boost|p2a: Kyurem|spe|1
|move|p1a: Blissey|Seismic Toss|p2a: Kyurem
|-damage|p2a: Kyurem|49/100 par
|
|upkeep
|turn|7
|inactive|Cte plays has 120 seconds left.
|
|t:|1781333314
|switch|p1a: Cinderace|Cinderace, F|100/100
|move|p2a: Kyurem|Icicle Spear|p1a: Cinderace
|-resisted|p1a: Cinderace
|-damage|p1a: Cinderace|92/100
|-resisted|p1a: Cinderace
|-damage|p1a: Cinderace|82/100
|-resisted|p1a: Cinderace
|-damage|p1a: Cinderace|73/100
|-resisted|p1a: Cinderace
|-damage|p1a: Cinderace|63/100
|-resisted|p1a: Cinderace
|-damage|p1a: Cinderace|53/100
|-hitcount|p1a: Cinderace|5
|
|upkeep
|turn|8
|inactive|Cte plays has 120 seconds left.
|
|t:|1781333335
|move|p1a: Cinderace|U-turn|p2a: Kyurem
|-start|p1a: Cinderace|typechange|Bug|[from] ability: Libero
|-damage|p2a: Kyurem|1/100 par
|
|t:|1781333347
|switch|p1a: Weezing|Weezing-Galar, M|67/100|[from] U-turn
|-ability|p1a: Weezing|Neutralizing Gas
|cant|p2a: Kyurem|par
|
|-heal|p1a: Weezing|73/100|[from] item: Leftovers
|upkeep
|turn|9
|inactive|Cte plays has 120 seconds left.
|
|t:|1781333361
|move|p2a: Kyurem|Icicle Spear|p1a: Weezing
|-damage|p1a: Weezing|62/100
|-damage|p1a: Weezing|51/100
|-damage|p1a: Weezing|40/100
|-damage|p1a: Weezing|30/100
|-damage|p1a: Weezing|19/100
|-hitcount|p1a: Weezing|5
|move|p1a: Weezing|Clear Smog|p2a: Kyurem
|-damage|p2a: Kyurem|0 fnt
|-clearboost|p2a: Kyurem
|faint|p2a: Kyurem
|
|-heal|p1a: Weezing|25/100|[from] item: Leftovers
|upkeep
|
|t:|1781333379
|switch|p2a: Zapdos|Zapdos, shiny|100/100
|turn|10
|
|t:|1781333390
|move|p2a: Zapdos|Volt Switch|p1a: Weezing
|-damage|p1a: Weezing|0 fnt
|faint|p1a: Weezing
|-end|p1a: Weezing|ability: Neutralizing Gas
|j| testingrainteam1
|
|t:|1781333400
|switch|p2a: Cinderace|Cinderace, M, shiny|100/100|[from] Volt Switch
|
|upkeep
|inactive|Yellowishnesses has 120 seconds left.
|l| testingrainteam1
|
|t:|1781333431
|switch|p1a: Ogerpon|Ogerpon-Wellspring, F|100/100
|turn|11
|
|t:|1781333438
|switch|p1a: Alomomola|Alomomola, F|100/100
|move|p2a: Cinderace|U-turn|p1a: Alomomola
|-damage|p1a: Alomomola|88/100
|-damage|p2a: Cinderace|84/100|[from] item: Rocky Helmet|[of] p1a: Alomomola
|j| testingrainteam1
|
|t:|1781333446
|switch|p2a: Zapdos|Zapdos, shiny|100/100|[from] U-turn
|
|upkeep
|turn|12
|
|t:|1781333455
|move|p2a: Zapdos|Volt Switch|p1a: Alomomola
|-supereffective|p1a: Alomomola
|-damage|p1a: Alomomola|0 fnt
|faint|p1a: Alomomola
|
|t:|1781333464
|switch|p2a: Cinderace|Cinderace, M, shiny|84/100|[from] Volt Switch
|
|upkeep
|
|t:|1781333469
|switch|p1a: Lokix|Lokix, M|100/100
|turn|13
|
|t:|1781333489
|switch|p2a: Primarina|Primarina, M, shiny|94/100 brn
|-terastallize|p1a: Lokix|Bug
|move|p1a: Lokix|First Impression|p2a: Primarina
|-resisted|p2a: Primarina
|-damage|p2a: Primarina|0 fnt
|faint|p2a: Primarina
|
|upkeep
|inactive|Cte plays has 120 seconds left.
|
|t:|1781333505
|switch|p2a: Cinderace|Cinderace, M, shiny|84/100
|turn|14
|
|t:|1781333514
|switch|p1a: Blissey|Blissey, F|18/100
|move|p2a: Cinderace|Pyro Ball|p1a: Blissey
|-damage|p1a: Blissey|0 fnt
|faint|p1a: Blissey
|
|upkeep
|
|t:|1781333520
|switch|p1a: Lokix|Lokix, M, tera:Bug|100/100
|turn|15
|
|t:|1781333527
|switch|p2a: Zapdos|Zapdos, shiny|100/100
|move|p1a: Lokix|First Impression|p2a: Zapdos
|-resisted|p2a: Zapdos
|-damage|p2a: Zapdos|20/100
|
|upkeep
|turn|16
|
|t:|1781333538
|switch|p1a: Cinderace|Cinderace, F|53/100
|move|p2a: Zapdos|Volt Switch|p1a: Cinderace
|-damage|p1a: Cinderace|0 fnt
|faint|p1a: Cinderace
|
|t:|1781333546
|switch|p2a: Cinderace|Cinderace, M, shiny|84/100|[from] Volt Switch
|
|upkeep
|
|t:|1781333554
|switch|p1a: Lokix|Lokix, M, tera:Bug|100/100
|turn|17
|
|t:|1781333563
|switch|p2a: Zapdos|Zapdos, shiny|20/100
|move|p1a: Lokix|U-turn|p2a: Zapdos
|-resisted|p2a: Zapdos
|-damage|p2a: Zapdos|0 fnt
|faint|p2a: Zapdos
|
|t:|1781333565
|switch|p1a: Ogerpon|Ogerpon-Wellspring, F|100/100|[from] U-turn
|
|upkeep
|
|t:|1781333580
|switch|p2a: Cinderace|Cinderace, M, shiny|84/100
|turn|18
|
|t:|1781333586
|-terastallize|p2a: Cinderace|Bug
|move|p2a: Cinderace|U-turn|p1a: Ogerpon
|-supereffective|p1a: Ogerpon
|-damage|p1a: Ogerpon|17/100
|
|t:|1781333592
|switch|p2a: Scizor|Scizor, M, shiny|100/100|[from] U-turn
|move|p1a: Ogerpon|Trailblaze|p2a: Scizor
|-resisted|p2a: Scizor
|-damage|p2a: Scizor|92/100
|-boost|p1a: Ogerpon|spe|1
|
|upkeep
|turn|19
|
|t:|1781333602
|switch|p1a: Lokix|Lokix, M, tera:Bug|100/100
|move|p2a: Scizor|Bullet Punch|p1a: Lokix
|-damage|p1a: Lokix|52/100
|
|upkeep
|turn|20
|
|t:|1781333610
|move|p2a: Scizor|Bullet Punch|p1a: Lokix
|-damage|p1a: Lokix|0 fnt
|faint|p1a: Lokix
|
|upkeep
|
|t:|1781333612
|switch|p1a: Ogerpon|Ogerpon-Wellspring, F|17/100
|turn|21
|
|t:|1781333618
|move|p2a: Scizor|Bullet Punch|p1a: Ogerpon
|-resisted|p1a: Ogerpon
|-damage|p1a: Ogerpon|0 fnt
|faint|p1a: Ogerpon
|
|win|Cte plays
|raw|Yellowishnesses's rating: 1548 &rarr; <strong>1528</strong><br />(-20 for losing)
|raw|Cte plays's rating: 1550 &rarr; <strong>1570</strong><br />(+20 for winning)
|l|☆Yellowishnesses
|player|p1|
|l| testingrainteam1
