|j|☆LoseToRU?
|j|☆ohlookarock3
|t:|1781325198
|gametype|singles
|player|p1|LoseToRU?|giovanni-gen1|1572
|player|p2|ohlookarock3|geeta|1580
|gen|9
|tier|[Gen 9] OU
|rated|
|rule|HP Percentage Mod: HP is shown in percentages
|rule|Endless Battle Clause: Forcing endless battles is banned
|rule|Species Clause: Limit one of each Pokémon
|rule|OHKO Clause: OHKO moves are banned
|rule|Evasion Items Clause: Evasion items are banned
|rule|Evasion Moves Clause: Evasion moves are banned
|rule|Evasion Abilities Clause: Evasion abilities are banned
|rule|Sleep Moves Clause: Sleep-inducing moves are banned
|clearpoke
|poke|p1|Iron Jugulis|
|poke|p1|Thundurus, M|
|poke|p1|Azumarill, M|
|poke|p1|Zamazenta-*|
|poke|p1|Cloyster, F|
|poke|p1|Iron Valiant|
|poke|p2|Araquanid, F|
|poke|p2|Dragonite, F|
|poke|p2|Gholdengo|
|poke|p2|Iron Moth|
|poke|p2|Iron Valiant|
|poke|p2|Iron Treads|
|teampreview
|inactive|Battle timer is ON: inactive players will automatically lose when time's up. (requested by ohlookarock3)
|
|t:|1781325225
|teamsize|p1|6
|teamsize|p2|6
|start
|switch|p1a: Iron Valiant|Iron Valiant|100/100
|switch|p2a: Yumame|Araquanid, F, shiny|100/100
|-enditem|p1a: Iron Valiant|Booster Energy
|-activate|p1a: Iron Valiant|ability: Quark Drive|[fromitem]
|-start|p1a: Iron Valiant|quarkdrivespe
|turn|1
|
|t:|1781325230
|move|p1a: Iron Valiant|Taunt|p2a: Yumame
|-start|p2a: Yumame|move: Taunt
|-enditem|p2a: Yumame|Mental Herb
|-end|p2a: Yumame|move: Taunt
|move|p2a: Yumame|Sticky Web|p1a: Iron Valiant
|-sidestart|p1: LoseToRU?|move: Sticky Web
|
|upkeep
|turn|2
|
|t:|1781325234
|move|p1a: Iron Valiant|Moonblast|p2a: Yumame
|-damage|p2a: Yumame|66/100
|move|p2a: Yumame|Liquidation|p1a: Iron Valiant
|-damage|p1a: Iron Valiant|43/100
|-unboost|p1a: Iron Valiant|def|1
|
|upkeep
|turn|3
|
|t:|1781325238
|move|p1a: Iron Valiant|Destiny Bond|p1a: Iron Valiant
|-singlemove|p1a: Iron Valiant|Destiny Bond
|move|p2a: Yumame|Liquidation|p1a: Iron Valiant
|-damage|p1a: Iron Valiant|0 fnt
|faint|p1a: Iron Valiant
|-activate|p1a: Iron Valiant|move: Destiny Bond
|-end|p1a: Iron Valiant|Quark Drive|[silent]
|faint|p2a: Yumame
|
|upkeep
|
|t:|1781325244
|switch|p1a: Iron Jugulis|Iron Jugulis|100/100
|switch|p2a: Sumireko|Iron Moth|100/100
|-enditem|p1a: Iron Jugulis|Booster Energy
|-activate|p1a: Iron Jugulis|ability: Quark Drive|[fromitem]
|-start|p1a: Iron Jugulis|quarkdrivespe
|-enditem|p2a: Sumireko|Booster Energy
|-activate|p2a: Sumireko|ability: Quark Drive|[fromitem]
|-start|p2a: Sumireko|quarkdrivespa
|turn|4
|
|t:|1781325250
|move|p1a: Iron Jugulis|Earth Power|p2a: Sumireko
|-supereffective|p2a: Sumireko
|-damage|p2a: Sumireko|0 fnt
|faint|p2a: Sumireko
|-end|p2a: Sumireko|Quark Drive|[silent]
|
|upkeep
|
|t:|1781325253
|switch|p2a: Chimata|Gholdengo|100/100
|-item|p2a: Chimata|Air Balloon
|turn|5
|
|t:|1781325259
|move|p1a: Iron Jugulis|Dark Pulse|p2a: Chimata
|-supereffective|p2a: Chimata
|-damage|p2a: Chimata|7/100
|-enditem|p2a: Chimata|Air Balloon
|move|p2a: Chimata|Dazzling Gleam|p1a: Iron Jugulis
|-supereffective|p1a: Iron Jugulis
|-damage|p1a: Iron Jugulis|27/100
|
|upkeep
|turn|6
|
|t:|1781325268
|move|p1a: Iron Jugulis|Earth Power|p2a: Chimata
|-supereffective|p2a: Chimata
|-damage|p2a: Chimata|0 fnt
|faint|p2a: Chimata
|
|upkeep
|
|t:|1781325275
|switch|p2a: Patchouli|Iron Valiant|100/100
|-enditem|p2a: Patchouli|Booster Energy
|-activate|p2a: Patchouli|ability: Quark Drive|[fromitem]
|-start|p2a: Patchouli|quarkdrivespa
|turn|7
|c|☆LoseToRU?|short work tbh
|
|t:|1781325287
|move|p2a: Patchouli|Vacuum Wave|p1a: Iron Jugulis
|-damage|p1a: Iron Jugulis|0 fnt
|faint|p1a: Iron Jugulis
|-end|p1a: Iron Jugulis|Quark Drive|[silent]
|
|upkeep
|c|☆ohlookarock3|yeah, it was
|c|☆LoseToRU?|I knew you had wave lmao
|c|☆LoseToRU?|every webs is the same
|inactive|LoseToRU? has 120 seconds left.
|c|☆ohlookarock3|Congrats! You know what archetypes are :)
|c|☆LoseToRU?|esp the bad ones !
|inactive|LoseToRU? has 90 seconds left.
|
|t:|1781325366
|switch|p1a: Azumarill|Azumarill, M, shiny|100/100
|-activate|p1a: Azumarill|move: Sticky Web
|-unboost|p1a: Azumarill|spe|1
|turn|8
|inactive|ohlookarock3 has 120 seconds left.
|c|☆LoseToRU?|speed running fr
|c|☆LoseToRU?|let's wrap this up in 4 more turns
|inactive|ohlookarock3 has 90 seconds left.
|
|t:|1781325437
|-terastallize|p2a: Patchouli|Ghost
|move|p2a: Patchouli|Moonblast|p1a: Azumarill
|-damage|p1a: Azumarill|47/100
|move|p1a: Azumarill|Play Rough|p2a: Patchouli
|-damage|p2a: Patchouli|31/100
|
|upkeep
|turn|9
|inactive|LoseToRU? has 90 seconds left.
|
|t:|1781325448
|-end|p2a: Patchouli|Quark Drive|[silent]
|switch|p2a: Tenshi|Iron Treads|100/100
|-enditem|p2a: Tenshi|Booster Energy
|-activate|p2a: Tenshi|ability: Quark Drive|[fromitem]
|-start|p2a: Tenshi|quarkdriveatk
|move|p1a: Azumarill|Aqua Jet|p2a: Tenshi
|-supereffective|p2a: Tenshi
|-damage|p2a: Tenshi|54/100
|
|upkeep
|turn|10
|
|t:|1781325453
|move|p1a: Azumarill|Aqua Jet|p2a: Tenshi
|-supereffective|p2a: Tenshi
|-damage|p2a: Tenshi|5/100
|move|p2a: Tenshi|Earthquake|p1a: Azumarill
|-damage|p1a: Azumarill|0 fnt
|faint|p1a: Azumarill
|
|upkeep
|
|t:|1781325463
|switch|p1a: Cloyster|Cloyster, F|100/100
|-activate|p1a: Cloyster|move: Sticky Web
|-unboost|p1a: Cloyster|spe|1
|turn|11
|inactive|LoseToRU? has 90 seconds left.
|
|t:|1781325490
|move|p1a: Cloyster|Ice Shard|p2a: Tenshi
|-damage|p2a: Tenshi|0 fnt
|faint|p2a: Tenshi
|-end|p2a: Tenshi|Quark Drive|[silent]
|
|upkeep
|inactive|ohlookarock3 has 90 seconds left.
|
|t:|1781325507
|switch|p2a: Patchouli|Iron Valiant, tera:Ghost|31/100
|turn|12
|inactive|ohlookarock3 has 90 seconds left.
|inactive|LoseToRU? has 90 seconds left.
|
|t:|1781325533
|switch|p1a: Thundurus|Thundurus, M|100/100
|move|p2a: Patchouli|Moonblast|p1a: Thundurus
|-crit|p1a: Thundurus
|-enditem|p1a: Thundurus|Focus Sash
|-damage|p1a: Thundurus|1/100
|
|upkeep
|turn|13
|
|t:|1781325539
|move|p1a: Thundurus|Thunder Wave|p2a: Patchouli
|-status|p2a: Patchouli|par
|cant|p2a: Patchouli|par
|
|upkeep
|turn|14
|
|t:|1781325543
|cant|p2a: Patchouli|par
|move|p1a: Thundurus|Thunderbolt|p2a: Patchouli
|-damage|p2a: Patchouli|0 fnt
|faint|p2a: Patchouli
|-end|p2a: Patchouli|Quark Drive|[silent]
|
|upkeep
|
|t:|1781325546
|switch|p2a: Byakuren|Dragonite, F|100/100
|turn|15
|
|t:|1781325550
|move|p1a: Thundurus|Thunder Wave|p2a: Byakuren
|-status|p2a: Byakuren|par
|cant|p2a: Byakuren|par
|
|upkeep
|turn|16
|
|t:|1781325553
|move|p1a: Thundurus|Thunderbolt|p2a: Byakuren
|-damage|p2a: Byakuren|75/100 par
|move|p2a: Byakuren|Dragon Dance|p2a: Byakuren
|-boost|p2a: Byakuren|atk|1
|-boost|p2a: Byakuren|spe|1
|
|upkeep
|turn|17
|
|t:|1781325565
|move|p1a: Thundurus|Thunderbolt|p2a: Byakuren
|-damage|p2a: Byakuren|31/100 par
|move|p2a: Byakuren|Dragon Dance|p2a: Byakuren
|-boost|p2a: Byakuren|atk|1
|-boost|p2a: Byakuren|spe|1
|
|upkeep
|turn|18
|
|t:|1781325569
|move|p2a: Byakuren|Extreme Speed|p1a: Thundurus
|-damage|p1a: Thundurus|0 fnt
|faint|p1a: Thundurus
|
|upkeep
|
|t:|1781325573
|switch|p1a: Cloyster|Cloyster, F|100/100
|-activate|p1a: Cloyster|move: Sticky Web
|-unboost|p1a: Cloyster|spe|1
|turn|19
|c|☆LoseToRU?|gg
|
|t:|1781325579
|cant|p2a: Byakuren|par
|move|p1a: Cloyster|Icicle Spear|p2a: Byakuren
|-supereffective|p2a: Byakuren
|-damage|p2a: Byakuren|0 fnt
|faint|p2a: Byakuren
|-hitcount|p2: Byakuren|1
|
|win|LoseToRU?
|raw|LoseToRU?'s rating: 1572 &rarr; <strong>1592</strong><br />(+20 for winning)
|raw|ohlookarock3's rating: 1580 &rarr; <strong>1560</strong><br />(-20 for losing)
|c|☆ohlookarock3|gg wp!
|l|☆ohlookarock3
|player|p2|
|l|☆LoseToRU?
|player|p1|
