|j|☆kennojex
|j|‽lt_alt1
|t:|1781137522
|gametype|singles
|player|p1|kennojex|lucas|1631
|player|p2|lt_alt1|102|1666
|gen|9
|tier|[Gen 9] OU
|rated|
|rule|HP Percentage Mod: HP is shown in percentages
|rule|Endless Battle Clause: Forcing endless battles is banned
|rule|Species Clause: Limit one of each Pokémon
|rule|OHKO Clause: OHKO moves are banned
|rule|Evasion Items Clause: Evasion items are banned
|rule|Evasion Moves Clause: Evasion moves are banned
|rule|Evasion Abilities Clause: Evasion abilities are banned
|rule|Sleep Moves Clause: Sleep-inducing moves are banned
|clearpoke
|poke|p1|Grimmsnarl, M|
|poke|p1|Garganacl, F|
|poke|p1|Manaphy|
|poke|p1|Latias, F|
|poke|p1|Incineroar, M|
|poke|p1|Gliscor, M|
|poke|p2|Kyurem|
|poke|p2|Raging Bolt|
|poke|p2|Hatterene, F|
|poke|p2|Slowking-Galar, F|
|poke|p2|Ting-Lu|
|poke|p2|Corviknight, F|
|teampreview
|
|t:|1781137558
|teamsize|p1|6
|teamsize|p2|6
|start
|switch|p1a: Grimmsnarl|Grimmsnarl, M|100/100
|switch|p2a: Slowking|Slowking-Galar, F|100/100
|turn|1
|
|t:|1781137564
|move|p1a: Grimmsnarl|Parting Shot|p2a: Slowking
|-unboost|p2a: Slowking|atk|1
|-unboost|p2a: Slowking|spa|1
|
|t:|1781137567
|switch|p1a: Gliscor|Gliscor, M|100/100|[from] Parting Shot
|move|p2a: Slowking|Sludge Bomb|p1a: Gliscor
|-resisted|p1a: Gliscor
|-damage|p1a: Gliscor|84/100
|-status|p1a: Gliscor|psn
|
|-heal|p1a: Gliscor|96/100 psn|[from] ability: Poison Heal
|upkeep
|turn|2
|
|t:|1781137571
|switch|p1a: Grimmsnarl|Grimmsnarl, M|100/100
|move|p2a: Slowking|Future Sight|p1a: Grimmsnarl
|-start|p2a: Slowking|move: Future Sight
|
|upkeep
|turn|3
|
|t:|1781137581
|move|p1a: Grimmsnarl|Parting Shot|p2a: Slowking
|-unboost|p2a: Slowking|atk|1
|-unboost|p2a: Slowking|spa|1
|
|t:|1781137584
|switch|p1a: Garganacl|Garganacl, F|100/100|[from] Parting Shot
|move|p2a: Slowking|Sludge Bomb|p1a: Garganacl
|-resisted|p1a: Garganacl
|-damage|p1a: Garganacl|95/100
|
|-heal|p1a: Garganacl|100/100|[from] item: Leftovers
|upkeep
|turn|4
|
|t:|1781137588
|move|p1a: Garganacl|Iron Defense|p1a: Garganacl
|-boost|p1a: Garganacl|def|2
|-prepare|p2a: Slowking|Chilly Reception|[premajor]
|move|p2a: Slowking|Chilly Reception|p2a: Slowking
|-weather|Snowscape
|j| Puyu paz
|
|t:|1781137596
|switch|p2a: Raging Bolt|Raging Bolt|100/100|[from] Chilly Reception
|
|-weather|Snowscape|[upkeep]
|-end|p1a: Garganacl|move: Future Sight
|-damage|p1a: Garganacl|72/100
|-heal|p1a: Garganacl|78/100|[from] item: Leftovers
|upkeep
|turn|5
|
|t:|1781137603
|move|p2a: Raging Bolt|Volt Switch|p1a: Garganacl
|-damage|p1a: Garganacl|50/100
|
|t:|1781137606
|-end|p2a: Raging Bolt|Protosynthesis|[silent]
|switch|p2a: Slowking|Slowking-Galar, F|100/100|[from] Volt Switch
|move|p1a: Garganacl|Salt Cure|p2a: Slowking
|-damage|p2a: Slowking|88/100
|-start|p2a: Slowking|Salt Cure
|
|-weather|Snowscape|[upkeep]
|-heal|p1a: Garganacl|56/100|[from] item: Leftovers
|-damage|p2a: Slowking|76/100|[from] Salt Cure
|upkeep
|turn|6
|
|t:|1781137610
|move|p1a: Garganacl|Recover|p1a: Garganacl
|-heal|p1a: Garganacl|100/100
|move|p2a: Slowking|Future Sight|p1a: Garganacl
|-start|p2a: Slowking|move: Future Sight
|
|-weather|Snowscape|[upkeep]
|-damage|p2a: Slowking|63/100|[from] Salt Cure
|upkeep
|turn|7
|
|t:|1781137614
|move|p1a: Garganacl|Iron Defense|p1a: Garganacl
|-boost|p1a: Garganacl|def|2
|-prepare|p2a: Slowking|Chilly Reception|[premajor]
|move|p2a: Slowking|Chilly Reception|p2a: Slowking
|
|t:|1781137616
|switch|p2a: Raging Bolt|Raging Bolt|100/100|[from] Chilly Reception
|
|-weather|Snowscape|[upkeep]
|upkeep
|turn|8
|
|t:|1781137619
|move|p2a: Raging Bolt|Volt Switch|p1a: Garganacl
|-damage|p1a: Garganacl|76/100
|
|t:|1781137621
|-end|p2a: Raging Bolt|Protosynthesis|[silent]
|switch|p2a: Slowking|Slowking-Galar, F|97/100|[from] Volt Switch
|move|p1a: Garganacl|Recover|p1a: Garganacl
|-heal|p1a: Garganacl|100/100
|
|-weather|none
|-end|p1a: Garganacl|move: Future Sight
|-damage|p1a: Garganacl|71/100
|-heal|p1a: Garganacl|77/100|[from] item: Leftovers
|upkeep
|turn|9
|
|t:|1781137624
|move|p1a: Garganacl|Salt Cure|p2a: Slowking
|-damage|p2a: Slowking|84/100
|-start|p2a: Slowking|Salt Cure
|move|p2a: Slowking|Future Sight|p1a: Garganacl
|-start|p2a: Slowking|move: Future Sight
|
|-heal|p1a: Garganacl|83/100|[from] item: Leftovers
|-damage|p2a: Slowking|72/100|[from] Salt Cure
|upkeep
|turn|10
|
|t:|1781137630
|move|p1a: Garganacl|Body Press|p2a: Slowking
|-resisted|p2a: Slowking
|-damage|p2a: Slowking|57/100
|-prepare|p2a: Slowking|Chilly Reception|[premajor]
|move|p2a: Slowking|Chilly Reception|p2a: Slowking
|-weather|Snowscape
|
|t:|1781137632
|switch|p2a: Raging Bolt|Raging Bolt|100/100|[from] Chilly Reception
|
|-weather|Snowscape|[upkeep]
|-heal|p1a: Garganacl|89/100|[from] item: Leftovers
|upkeep
|turn|11
|
|t:|1781137636
|move|p2a: Raging Bolt|Volt Switch|p1a: Garganacl
|-damage|p1a: Garganacl|62/100
|
|t:|1781137639
|-end|p2a: Raging Bolt|Protosynthesis|[silent]
|switch|p2a: Slowking|Slowking-Galar, F|91/100|[from] Volt Switch
|move|p1a: Garganacl|Recover|p1a: Garganacl
|-heal|p1a: Garganacl|100/100
|
|-weather|Snowscape|[upkeep]
|-end|p1a: Garganacl|move: Future Sight
|-damage|p1a: Garganacl|70/100
|-heal|p1a: Garganacl|76/100|[from] item: Leftovers
|upkeep
|turn|12
|
|t:|1781137642
|move|p1a: Garganacl|Iron Defense|p1a: Garganacl
|-boost|p1a: Garganacl|def|2
|move|p2a: Slowking|Future Sight|p1a: Garganacl
|-start|p2a: Slowking|move: Future Sight
|
|-weather|Snowscape|[upkeep]
|-heal|p1a: Garganacl|82/100|[from] item: Leftovers
|upkeep
|turn|13
|
|t:|1781137646
|move|p1a: Garganacl|Salt Cure|p2a: Slowking
|-damage|p2a: Slowking|80/100
|-start|p2a: Slowking|Salt Cure
|-prepare|p2a: Slowking|Chilly Reception|[premajor]
|move|p2a: Slowking|Chilly Reception|p2a: Slowking
|
|t:|1781137648
|switch|p2a: Raging Bolt|Raging Bolt|100/100|[from] Chilly Reception
|
|-weather|Snowscape|[upkeep]
|-heal|p1a: Garganacl|89/100|[from] item: Leftovers
|upkeep
|turn|14
|
|t:|1781137654
|move|p2a: Raging Bolt|Volt Switch|p1a: Garganacl
|-damage|p1a: Garganacl|60/100
|
|t:|1781137657
|-end|p2a: Raging Bolt|Protosynthesis|[silent]
|switch|p2a: Slowking|Slowking-Galar, F|100/100|[from] Volt Switch
|move|p1a: Garganacl|Salt Cure|p2a: Slowking
|-damage|p2a: Slowking|88/100
|-start|p2a: Slowking|Salt Cure
|
|-weather|none
|-end|p1a: Garganacl|move: Future Sight
|-damage|p1a: Garganacl|28/100
|-heal|p1a: Garganacl|34/100|[from] item: Leftovers
|-damage|p2a: Slowking|76/100|[from] Salt Cure
|upkeep
|turn|15
|
|t:|1781137666
|move|p1a: Garganacl|Body Press|p2a: Slowking
|-resisted|p2a: Slowking
|-damage|p2a: Slowking|56/100
|move|p2a: Slowking|Future Sight|p1a: Garganacl
|-start|p2a: Slowking|move: Future Sight
|
|-heal|p1a: Garganacl|41/100|[from] item: Leftovers
|-damage|p2a: Slowking|44/100|[from] Salt Cure
|upkeep
|turn|16
|
|t:|1781137671
|move|p1a: Garganacl|Body Press|p2a: Slowking
|-resisted|p2a: Slowking
|-damage|p2a: Slowking|22/100
|-prepare|p2a: Slowking|Chilly Reception|[premajor]
|move|p2a: Slowking|Chilly Reception|p2a: Slowking
|-weather|Snowscape
|
|t:|1781137675
|switch|p2a: Kyurem|Kyurem|100/100|[from] Chilly Reception
|-ability|p2a: Kyurem|Pressure
|
|-weather|Snowscape|[upkeep]
|-heal|p1a: Garganacl|47/100|[from] item: Leftovers
|upkeep
|turn|17
|
|t:|1781137685
|switch|p1a: Grimmsnarl|Grimmsnarl, M|100/100
|move|p2a: Kyurem|Blizzard|p1a: Grimmsnarl
|-damage|p1a: Grimmsnarl|39/100
|
|-weather|Snowscape|[upkeep]
|-end|p1a: Grimmsnarl|move: Future Sight
|-immune|p1a: Grimmsnarl
|upkeep
|turn|18
|
|t:|1781137691
|switch|p2a: Slowking|Slowking-Galar, F|56/100
|move|p1a: Grimmsnarl|Parting Shot|p2a: Slowking
|-unboost|p2a: Slowking|atk|1
|-unboost|p2a: Slowking|spa|1
|
|t:|1781137694
|switch|p1a: Incineroar|Incineroar, M|100/100|[from] Parting Shot
|-ability|p1a: Incineroar|Intimidate|boost
|-unboost|p2a: Slowking|atk|1
|
|-weather|Snowscape|[upkeep]
|upkeep
|turn|19
|
|t:|1781137701
|switch|p2a: Ting-Lu|Ting-Lu|100/100
|-ability|p2a: Ting-Lu|Vessel of Ruin
|move|p1a: Incineroar|Bulk Up|p1a: Incineroar
|-boost|p1a: Incineroar|atk|1
|-boost|p1a: Incineroar|def|1
|
|-weather|Snowscape|[upkeep]
|upkeep
|turn|20
|
|t:|1781137706
|move|p1a: Incineroar|Bulk Up|p1a: Incineroar
|-boost|p1a: Incineroar|atk|1
|-boost|p1a: Incineroar|def|1
|move|p2a: Ting-Lu|Ruination|p1a: Incineroar
|-damage|p1a: Incineroar|50/100
|
|-weather|none
|upkeep
|turn|21
|
|t:|1781137712
|move|p1a: Incineroar|Bulk Up|p1a: Incineroar
|-boost|p1a: Incineroar|atk|1
|-boost|p1a: Incineroar|def|1
|move|p2a: Ting-Lu|Whirlwind|p1a: Incineroar
|drag|p1a: Latias|Latias, F|100/100
|
|upkeep
|turn|22
|
|t:|1781137719
|switch|p1a: Garganacl|Garganacl, F|47/100
|move|p2a: Ting-Lu|Stealth Rock|p1a: Garganacl
|-sidestart|p1: kennojex|move: Stealth Rock
|
|-heal|p1a: Garganacl|53/100|[from] item: Leftovers
|upkeep
|turn|23
|
|t:|1781137723
|move|p2a: Ting-Lu|Earthquake|p1a: Garganacl
|-supereffective|p1a: Garganacl
|-damage|p1a: Garganacl|0 fnt
|faint|p1a: Garganacl
|
|upkeep
|
|t:|1781137733
|switch|p1a: Incineroar|Incineroar, M|50/100
|-damage|p1a: Incineroar|25/100|[from] Stealth Rock
|-ability|p1a: Incineroar|Intimidate|boost
|-unboost|p2a: Ting-Lu|atk|1
|turn|24
|
|t:|1781137741
|move|p1a: Incineroar|Reversal|p2a: Ting-Lu
|-supereffective|p2a: Ting-Lu
|-damage|p2a: Ting-Lu|78/100
|move|p2a: Ting-Lu|Earthquake|p1a: Incineroar
|-supereffective|p1a: Incineroar
|-damage|p1a: Incineroar|0 fnt
|faint|p1a: Incineroar
|
|-heal|p2a: Ting-Lu|84/100|[from] item: Leftovers
|upkeep
|
|t:|1781137746
|switch|p1a: Gliscor|Gliscor, M|96/100 psn
|-damage|p1a: Gliscor|84/100 psn|[from] Stealth Rock
|turn|25
|
|t:|1781137751
|move|p1a: Gliscor|Swords Dance|p1a: Gliscor
|-boost|p1a: Gliscor|atk|2
|move|p2a: Ting-Lu|Ruination|p1a: Gliscor
|-damage|p1a: Gliscor|42/100 psn
|
|-heal|p2a: Ting-Lu|90/100|[from] item: Leftovers
|-heal|p1a: Gliscor|55/100 psn|[from] ability: Poison Heal
|upkeep
|turn|26
|
|t:|1781137756
|move|p1a: Gliscor|Facade|p2a: Ting-Lu
|-damage|p2a: Ting-Lu|54/100
|move|p2a: Ting-Lu|Whirlwind|p1a: Gliscor
|drag|p1a: Manaphy|Manaphy|100/100
|-damage|p1a: Manaphy|88/100|[from] Stealth Rock
|
|-heal|p1a: Manaphy|94/100|[from] item: Leftovers
|-heal|p2a: Ting-Lu|61/100|[from] item: Leftovers
|upkeep
|turn|27
|
|t:|1781137761
|move|p1a: Manaphy|Scald|p2a: Ting-Lu
|-supereffective|p2a: Ting-Lu
|-damage|p2a: Ting-Lu|33/100
|move|p2a: Ting-Lu|Whirlwind|p1a: Manaphy
|drag|p1a: Latias|Latias, F|100/100
|-damage|p1a: Latias|88/100|[from] Stealth Rock
|
|-heal|p2a: Ting-Lu|40/100|[from] item: Leftovers
|upkeep
|turn|28
|
|t:|1781137767
|move|p1a: Latias|Calm Mind|p1a: Latias
|-boost|p1a: Latias|spa|1
|-boost|p1a: Latias|spd|1
|move|p2a: Ting-Lu|Ruination|p1a: Latias
|-damage|p1a: Latias|44/100
|
|-heal|p2a: Ting-Lu|46/100|[from] item: Leftovers
|upkeep
|turn|29
|
|t:|1781137770
|move|p1a: Latias|Draining Kiss|p2a: Ting-Lu
|-supereffective|p2a: Ting-Lu
|-damage|p2a: Ting-Lu|30/100
|-heal|p1a: Latias|61/100|[from] drain|[of] p2a: Ting-Lu
|move|p2a: Ting-Lu|Whirlwind|p1a: Latias
|drag|p1a: Gliscor|Gliscor, M|55/100 psn
|-damage|p1a: Gliscor|42/100 psn|[from] Stealth Rock
|
|-heal|p2a: Ting-Lu|36/100|[from] item: Leftovers
|-heal|p1a: Gliscor|55/100 psn|[from] ability: Poison Heal
|upkeep
|turn|30
|
|t:|1781137775
|move|p1a: Gliscor|Earthquake|p2a: Ting-Lu
|-crit|p2a: Ting-Lu
|-damage|p2a: Ting-Lu|5/100
|move|p2a: Ting-Lu|Whirlwind|p1a: Gliscor
|drag|p1a: Grimmsnarl|Grimmsnarl, M|39/100
|-damage|p1a: Grimmsnarl|27/100|[from] Stealth Rock
|
|-heal|p2a: Ting-Lu|11/100|[from] item: Leftovers
|upkeep
|turn|31
|
|t:|1781137779
|move|p1a: Grimmsnarl|Spirit Break|p2a: Ting-Lu
|-supereffective|p2a: Ting-Lu
|-damage|p2a: Ting-Lu|0 fnt
|faint|p2a: Ting-Lu
|
|upkeep
|
|t:|1781137788
|switch|p2a: Hatterene|Hatterene, F|100/100
|turn|32
|
|t:|1781137794
|move|p1a: Grimmsnarl|Light Screen|p1a: Grimmsnarl
|-sidestart|p1: kennojex|move: Light Screen
|move|p2a: Hatterene|Dazzling Gleam|p1a: Grimmsnarl
|-supereffective|p1a: Grimmsnarl
|-damage|p1a: Grimmsnarl|2/100
|
|upkeep
|turn|33
|
|t:|1781137800
|move|p1a: Grimmsnarl|Reflect|p1a: Grimmsnarl
|-sidestart|p1: kennojex|Reflect
|move|p2a: Hatterene|Dazzling Gleam|p1a: Grimmsnarl
|-supereffective|p1a: Grimmsnarl
|-damage|p1a: Grimmsnarl|0 fnt
|faint|p1a: Grimmsnarl
|
|upkeep
|
|t:|1781137807
|switch|p1a: Manaphy|Manaphy|94/100
|-damage|p1a: Manaphy|82/100|[from] Stealth Rock
|turn|34
|
|t:|1781137810
|move|p1a: Manaphy|Take Heart|p1a: Manaphy
|-boost|p1a: Manaphy|spa|1
|-boost|p1a: Manaphy|spd|1
|move|p2a: Hatterene|Nuzzle|p1a: Manaphy
|-supereffective|p1a: Manaphy
|-damage|p1a: Manaphy|79/100
|-status|p1a: Manaphy|par
|
|-heal|p1a: Manaphy|85/100 par|[from] item: Leftovers
|upkeep
|turn|35
|
|t:|1781137821
|switch|p2a: Corviknight|Corviknight, F|100/100
|-ability|p2a: Corviknight|Pressure
|move|p1a: Manaphy|Take Heart|p1a: Manaphy
|-boost|p1a: Manaphy|spa|1
|-boost|p1a: Manaphy|spd|1
|-curestatus|p1a: Manaphy|par|[msg]
|
|-heal|p1a: Manaphy|91/100|[from] item: Leftovers
|upkeep
|turn|36
|
|t:|1781137827
|move|p1a: Manaphy|Acid Armor|p1a: Manaphy
|-boost|p1a: Manaphy|def|2
|move|p2a: Corviknight|Defog|p1a: Manaphy
|-unboost|p1a: Manaphy|evasion|1
|-sideend|p1: kennojex|Reflect
|-sideend|p1: kennojex|move: Light Screen
|-sideend|p1: kennojex|Stealth Rock|[from] move: Defog|[of] p2a: Corviknight
|
|-heal|p1a: Manaphy|97/100|[from] item: Leftovers
|upkeep
|turn|37
|
|t:|1781137833
|switch|p2a: Raging Bolt|Raging Bolt|100/100
|move|p1a: Manaphy|Take Heart|p1a: Manaphy
|-boost|p1a: Manaphy|spa|1
|-boost|p1a: Manaphy|spd|1
|
|-heal|p1a: Manaphy|100/100|[from] item: Leftovers
|upkeep
|turn|38
|
|t:|1781137836
|move|p1a: Manaphy|Stored Power|p2a: Raging Bolt
|-damage|p2a: Raging Bolt|46/100
|move|p2a: Raging Bolt|Thunderbolt|p1a: Manaphy
|-supereffective|p1a: Manaphy
|-damage|p1a: Manaphy|62/100
|
|-heal|p1a: Manaphy|68/100|[from] item: Leftovers
|upkeep
|turn|39
|
|t:|1781137839
|move|p1a: Manaphy|Stored Power|p2a: Raging Bolt
|-damage|p2a: Raging Bolt|0 fnt
|faint|p2a: Raging Bolt
|-end|p2a: Raging Bolt|Protosynthesis|[silent]
|
|-heal|p1a: Manaphy|74/100|[from] item: Leftovers
|upkeep
|
|t:|1781137843
|switch|p2a: Hatterene|Hatterene, F|100/100
|turn|40
|
|t:|1781137847
|move|p1a: Manaphy|Scald|p2a: Hatterene
|-damage|p2a: Hatterene|42/100
|move|p2a: Hatterene|Nuzzle|p1a: Manaphy
|-supereffective|p1a: Manaphy
|-damage|p1a: Manaphy|72/100
|-status|p1a: Manaphy|par
|
|-heal|p1a: Manaphy|78/100 par|[from] item: Leftovers
|-heal|p2a: Hatterene|48/100|[from] item: Leftovers
|upkeep
|turn|41
|
|t:|1781137854
|cant|p1a: Manaphy|par
|move|p2a: Hatterene|Pain Split|p1a: Manaphy
|-sethp|p1a: Manaphy|58/100 par|[from] move: Pain Split|[silent]
|-sethp|p2a: Hatterene|72/100|[from] move: Pain Split
|
|-heal|p1a: Manaphy|64/100 par|[from] item: Leftovers
|-heal|p2a: Hatterene|78/100|[from] item: Leftovers
|upkeep
|turn|42
|
|t:|1781137862
|move|p1a: Manaphy|Take Heart|p1a: Manaphy
|-boost|p1a: Manaphy|spa|1
|-boost|p1a: Manaphy|spd|1
|-curestatus|p1a: Manaphy|par|[msg]
|move|p2a: Hatterene|Nuzzle|p1a: Manaphy
|-supereffective|p1a: Manaphy
|-damage|p1a: Manaphy|62/100
|-status|p1a: Manaphy|par
|
|-heal|p1a: Manaphy|68/100 par|[from] item: Leftovers
|-heal|p2a: Hatterene|84/100|[from] item: Leftovers
|upkeep
|turn|43
|
|t:|1781137868
|move|p1a: Manaphy|Take Heart|p1a: Manaphy
|-boost|p1a: Manaphy|spa|1
|-boost|p1a: Manaphy|spd|1
|-curestatus|p1a: Manaphy|par|[msg]
|move|p2a: Hatterene|Psyshock|p1a: Manaphy
|-damage|p1a: Manaphy|55/100
|
|-heal|p1a: Manaphy|61/100|[from] item: Leftovers
|-heal|p2a: Hatterene|90/100|[from] item: Leftovers
|upkeep
|turn|44
|
|t:|1781137874
|move|p1a: Manaphy|Scald|p2a: Hatterene
|-damage|p2a: Hatterene|3/100
|move|p2a: Hatterene|Nuzzle|p1a: Manaphy
|-supereffective|p1a: Manaphy
|-damage|p1a: Manaphy|58/100
|-status|p1a: Manaphy|par
|
|-heal|p1a: Manaphy|64/100 par|[from] item: Leftovers
|-heal|p2a: Hatterene|9/100|[from] item: Leftovers
|upkeep
|turn|45
|
|t:|1781137878
|cant|p1a: Manaphy|par
|move|p2a: Hatterene|Nuzzle|p1a: Manaphy
|-supereffective|p1a: Manaphy
|-damage|p1a: Manaphy|62/100 par
|
|-heal|p1a: Manaphy|68/100 par|[from] item: Leftovers
|-heal|p2a: Hatterene|15/100|[from] item: Leftovers
|upkeep
|turn|46
|
|t:|1781137880
|move|p1a: Manaphy|Take Heart|p1a: Manaphy
|-boost|p1a: Manaphy|spa|1
|-boost|p1a: Manaphy|spd|1
|-curestatus|p1a: Manaphy|par|[msg]
|move|p2a: Hatterene|Nuzzle|p1a: Manaphy
|-supereffective|p1a: Manaphy
|-damage|p1a: Manaphy|65/100
|-status|p1a: Manaphy|par
|
|-heal|p1a: Manaphy|71/100 par|[from] item: Leftovers
|-heal|p2a: Hatterene|21/100|[from] item: Leftovers
|upkeep
|turn|47
|
|t:|1781137884
|move|p1a: Manaphy|Scald|p2a: Hatterene
|-damage|p2a: Hatterene|0 fnt
|faint|p2a: Hatterene
|
|-heal|p1a: Manaphy|78/100 par|[from] item: Leftovers
|upkeep
|
|t:|1781137888
|switch|p2a: Kyurem|Kyurem|100/100
|-ability|p2a: Kyurem|Pressure
|turn|48
|
|t:|1781137894
|-terastallize|p1a: Manaphy|Poison
|move|p2a: Kyurem|Freeze-Dry|p1a: Manaphy
|-damage|p1a: Manaphy|64/100 par
|cant|p1a: Manaphy|par
|
|-heal|p1a: Manaphy|70/100 par|[from] item: Leftovers
|upkeep
|turn|49
|
|t:|1781137903
|move|p2a: Kyurem|Freeze-Dry|p1a: Manaphy
|-damage|p1a: Manaphy|57/100 par
|move|p1a: Manaphy|Stored Power|p2a: Kyurem
|-damage|p2a: Kyurem|0 fnt
|faint|p2a: Kyurem
|
|-heal|p1a: Manaphy|63/100 par|[from] item: Leftovers
|upkeep
|-message|lt_alt1 forfeited.
|
|win|kennojex
|raw|kennojex's rating: 1631 &rarr; <strong>1653</strong><br />(+22 for winning)
|raw|lt_alt1's rating: 1666 &rarr; <strong>1644</strong><br />(-22 for losing)
|l|‽lt_alt1
|player|p2|
|l|☆kennojex
|player|p1|
|l| Puyu paz
