|j|☆bahnmiking
|j|☆Thederpa1
|t:|1781514826
|gametype|singles
|player|p1|bahnmiking|266|1565
|player|p2|Thederpa1|swimmer-gen4dp|1577
|gen|9
|tier|[Gen 9] OU
|rated|
|rule|HP Percentage Mod: HP is shown in percentages
|rule|Endless Battle Clause: Forcing endless battles is banned
|rule|Species Clause: Limit one of each Pokémon
|rule|OHKO Clause: OHKO moves are banned
|rule|Evasion Items Clause: Evasion items are banned
|rule|Evasion Moves Clause: Evasion moves are banned
|rule|Evasion Abilities Clause: Evasion abilities are banned
|rule|Sleep Moves Clause: Sleep-inducing moves are banned
|clearpoke
|poke|p1|Clodsire, F|
|poke|p1|Toxapex, F|
|poke|p1|Corviknight, F|
|poke|p1|Dondozo, M|
|poke|p1|Clefable, M|
|poke|p1|Gliscor, F|
|poke|p2|Pecharunt|
|poke|p2|Zapdos|
|poke|p2|Tyranitar, M|
|poke|p2|Excadrill, M|
|poke|p2|Volcanion|
|poke|p2|Hydrapple, M|
|teampreview
|
|t:|1781514833
|teamsize|p1|6
|teamsize|p2|6
|start
|switch|p1a: nothing new there|Gliscor, F|100/100
|switch|p2a: Tyranitar|Tyranitar, M|100/100
|-weather|Sandstorm|[from] ability: Sand Stream|[of] p2a: Tyranitar
|turn|1
|
|t:|1781514843
|move|p1a: nothing new there|Substitute|p1a: nothing new there
|-start|p1a: nothing new there|Substitute
|-damage|p1a: nothing new there|75/100
|move|p2a: Tyranitar|Knock Off|p1a: nothing new there
|-end|p1a: nothing new there|Substitute
|
|-weather|Sandstorm|[upkeep]
|-status|p1a: nothing new there|tox|[from] item: Toxic Orb
|upkeep
|turn|2
|
|t:|1781514850
|move|p1a: nothing new there|Protect|p1a: nothing new there
|-singleturn|p1a: nothing new there|Protect
|move|p2a: Tyranitar|Ice Beam|p1a: nothing new there
|-activate|p1a: nothing new there|move: Protect
|
|-weather|Sandstorm|[upkeep]
|-heal|p1a: nothing new there|88/100 tox|[from] ability: Poison Heal
|upkeep
|turn|3
|
|t:|1781514856
|switch|p1a: love this for you|Clefable, M|100/100
|move|p2a: Tyranitar|Ice Beam|p1a: love this for you
|-damage|p1a: love this for you|80/100
|
|-weather|Sandstorm|[upkeep]
|upkeep
|turn|4
|
|t:|1781514863
|switch|p2a: Zapdos|Zapdos|100/100
|move|p1a: love this for you|Stealth Rock|p2a: Zapdos
|-sidestart|p2: Thederpa1|move: Stealth Rock
|
|-weather|Sandstorm|[upkeep]
|-damage|p2a: Zapdos|94/100|[from] Sandstorm
|upkeep
|turn|5
|
|t:|1781514871
|move|p2a: Zapdos|Thunder Wave|p1a: love this for you
|-status|p1a: love this for you|par
|move|p1a: love this for you|Knock Off|p2a: Zapdos
|-damage|p2a: Zapdos|82/100
|-enditem|p2a: Zapdos|Heavy-Duty Boots|[from] move: Knock Off|[of] p1a: love this for you
|
|-weather|none
|upkeep
|turn|6
|
|t:|1781514879
|switch|p1a: did you calc that?|Clodsire, F|100/100
|move|p2a: Zapdos|Volt Switch|p1a: did you calc that?
|-immune|p1a: did you calc that?
|
|upkeep
|turn|7
|
|t:|1781514886
|switch|p2a: Excadrill|Excadrill, M|100/100
|-damage|p2a: Excadrill|97/100|[from] Stealth Rock
|move|p1a: did you calc that?|Earthquake|p2a: Excadrill
|-supereffective|p2a: Excadrill
|-damage|p2a: Excadrill|19/100
|
|upkeep
|turn|8
|
|t:|1781514908
|switch|p1a: nothing new there|Gliscor, F|88/100 tox
|move|p2a: Excadrill|Rapid Spin|p1a: nothing new there
|-damage|p1a: nothing new there|69/100 tox
|-boost|p2a: Excadrill|spe|1
|-sideend|p2: Thederpa1|Stealth Rock|[from] move: Rapid Spin|[of] p2a: Excadrill
|-damage|p2a: Excadrill|9/100|[from] item: Life Orb
|
|-heal|p1a: nothing new there|81/100 tox|[from] ability: Poison Heal
|upkeep
|turn|9
|
|t:|1781514940
|move|p2a: Excadrill|Iron Head|p1a: nothing new there
|-damage|p1a: nothing new there|34/100 tox
|-damage|p2a: Excadrill|0 fnt|[from] item: Life Orb
|faint|p2a: Excadrill
|cant|p1a: nothing new there|flinch
|
|-heal|p1a: nothing new there|47/100 tox|[from] ability: Poison Heal
|upkeep
|
|t:|1781514954
|switch|p2a: Tyranitar|Tyranitar, M|100/100
|-weather|Sandstorm|[from] ability: Sand Stream|[of] p2a: Tyranitar
|turn|10
|
|t:|1781514956
|move|p1a: nothing new there|Protect|p1a: nothing new there
|-singleturn|p1a: nothing new there|Protect
|move|p2a: Tyranitar|Stealth Rock|p1a: nothing new there
|-sidestart|p1: bahnmiking|move: Stealth Rock
|
|-weather|Sandstorm|[upkeep]
|-heal|p1a: nothing new there|59/100 tox|[from] ability: Poison Heal
|upkeep
|turn|11
|
|t:|1781514969
|switch|p1a: per my last turn|Corviknight, F|100/100
|-damage|p1a: per my last turn|88/100|[from] Stealth Rock
|-ability|p1a: per my last turn|Pressure
|move|p2a: Tyranitar|Knock Off|p1a: per my last turn
|-damage|p1a: per my last turn|46/100
|-enditem|p1a: per my last turn|Leftovers|[from] move: Knock Off|[of] p2a: Tyranitar
|
|-weather|Sandstorm|[upkeep]
|upkeep
|turn|12
|
|t:|1781514985
|move|p1a: per my last turn|Defog|p2a: Tyranitar
|-unboost|p2a: Tyranitar|evasion|1
|-sideend|p1: bahnmiking|Stealth Rock|[from] move: Defog|[of] p1a: per my last turn
|move|p2a: Tyranitar|Low Kick|p1a: per my last turn
|-damage|p1a: per my last turn|20/100
|
|-weather|Sandstorm|[upkeep]
|upkeep
|turn|13
|
|t:|1781515000
|switch|p1a: love this for you|Clefable, M|80/100 par
|move|p2a: Tyranitar|Low Kick|p1a: love this for you
|-resisted|p1a: love this for you
|-damage|p1a: love this for you|72/100 par
|
|-weather|Sandstorm|[upkeep]
|upkeep
|turn|14
|
|t:|1781515007
|move|p2a: Tyranitar|Stealth Rock|p1a: love this for you
|-sidestart|p1: bahnmiking|move: Stealth Rock
|move|p1a: love this for you|Stealth Rock|p2a: Tyranitar
|-sidestart|p2: Thederpa1|move: Stealth Rock
|
|-weather|none
|upkeep
|turn|15
|
|t:|1781515013
|move|p2a: Tyranitar|Knock Off|p1a: love this for you
|-resisted|p1a: love this for you
|-damage|p1a: love this for you|51/100 par
|-enditem|p1a: love this for you|Sticky Barb|[from] move: Knock Off|[of] p2a: Tyranitar
|move|p1a: love this for you|Moonblast|p2a: Tyranitar
|-supereffective|p2a: Tyranitar
|-damage|p2a: Tyranitar|55/100
|
|-heal|p2a: Tyranitar|62/100|[from] item: Leftovers
|upkeep
|turn|16
|
|t:|1781515024
|switch|p2a: Volcanion|Volcanion|100/100
|move|p1a: love this for you|Moonlight|p1a: love this for you
|-heal|p1a: love this for you|100/100 par
|
|upkeep
|turn|17
|
|t:|1781515035
|move|p2a: Volcanion|Flamethrower|p1a: love this for you
|-damage|p1a: love this for you|48/100 par
|move|p1a: love this for you|Knock Off|p2a: Volcanion
|-damage|p2a: Volcanion|89/100
|-enditem|p2a: Volcanion|Heavy-Duty Boots|[from] move: Knock Off|[of] p1a: love this for you
|
|upkeep
|turn|18
|
|t:|1781515046
|switch|p1a: take your time|Toxapex, F|100/100
|-damage|p1a: take your time|88/100|[from] Stealth Rock
|move|p2a: Volcanion|Flamethrower|p1a: take your time
|-resisted|p1a: take your time
|-damage|p1a: take your time|67/100
|-status|p1a: take your time|brn
|
|-heal|p1a: take your time|73/100 brn|[from] item: Leftovers
|-damage|p1a: take your time|67/100 brn|[from] brn
|upkeep
|turn|19
|
|t:|1781515054
|switch|p1a: nothing new there|Gliscor, F|59/100 tox
|-damage|p1a: nothing new there|47/100 tox|[from] Stealth Rock
|move|p2a: Volcanion|Steam Eruption|p1a: nothing new there
|-supereffective|p1a: nothing new there
|-damage|p1a: nothing new there|0 fnt
|faint|p1a: nothing new there
|
|upkeep
|
|t:|1781515066
|switch|p1a: did you calc that?|Clodsire, F|100/100
|turn|20
|
|t:|1781515087
|switch|p2a: Pecharunt|Pecharunt|100/100
|-terastallize|p1a: did you calc that?|Steel
|move|p1a: did you calc that?|Spikes|p2a: Pecharunt
|-sidestart|p2: Thederpa1|Spikes
|
|upkeep
|turn|21
|
|t:|1781515094
|move|p2a: Pecharunt|Parting Shot|p1a: did you calc that?
|-unboost|p1a: did you calc that?|atk|1
|-unboost|p1a: did you calc that?|spa|1
|
|t:|1781515096
|switch|p2a: Volcanion|Volcanion|89/100|[from] Parting Shot
|-damage|p2a: Volcanion|65/100|[from] Stealth Rock
|-damage|p2a: Volcanion|52/100|[from] Spikes
|move|p1a: did you calc that?|Earthquake|p2a: Volcanion
|-supereffective|p2a: Volcanion
|-damage|p2a: Volcanion|24/100
|
|upkeep
|turn|22
|
|t:|1781515103
|move|p2a: Volcanion|Flamethrower|p1a: did you calc that?
|-supereffective|p1a: did you calc that?
|-damage|p1a: did you calc that?|45/100
|move|p1a: did you calc that?|Earthquake|p2a: Volcanion
|-supereffective|p2a: Volcanion
|-damage|p2a: Volcanion|0 fnt
|faint|p2a: Volcanion
|
|upkeep
|
|t:|1781515113
|switch|p2a: Tyranitar|Tyranitar, M|62/100
|-damage|p2a: Tyranitar|49/100|[from] Stealth Rock
|-damage|p2a: Tyranitar|37/100|[from] Spikes
|-weather|Sandstorm|[from] ability: Sand Stream|[of] p2a: Tyranitar
|turn|23
|
|t:|1781515119
|switch|p1a: love this for you|Clefable, M|48/100 par
|move|p2a: Tyranitar|Knock Off|p1a: love this for you
|-resisted|p1a: love this for you
|-crit|p1a: love this for you
|-damage|p1a: love this for you|27/100 par
|
|-weather|Sandstorm|[upkeep]
|-heal|p2a: Tyranitar|43/100|[from] item: Leftovers
|upkeep
|turn|24
|
|t:|1781515125
|move|p2a: Tyranitar|Ice Beam|p1a: love this for you
|-damage|p1a: love this for you|8/100 par
|move|p1a: love this for you|Moonlight|p1a: love this for you
|-heal|p1a: love this for you|33/100 par
|
|-weather|Sandstorm|[upkeep]
|-heal|p2a: Tyranitar|49/100|[from] item: Leftovers
|upkeep
|turn|25
|
|t:|1781515134
|switch|p1a: take your time|Toxapex, F|99/100 brn
|-damage|p1a: take your time|88/100 brn|[from] Stealth Rock
|move|p2a: Tyranitar|Ice Beam|p1a: take your time
|-resisted|p1a: take your time
|-damage|p1a: take your time|80/100 brn
|
|-weather|Sandstorm|[upkeep]
|-damage|p1a: take your time|74/100 brn|[from] Sandstorm
|-heal|p2a: Tyranitar|55/100|[from] item: Leftovers
|-heal|p1a: take your time|80/100 brn|[from] item: Leftovers
|-damage|p1a: take your time|74/100 brn|[from] brn
|upkeep
|turn|26
|
|t:|1781515140
|move|p2a: Tyranitar|Knock Off|p1a: take your time
|-damage|p1a: take your time|41/100 brn
|-enditem|p1a: take your time|Leftovers|[from] move: Knock Off|[of] p2a: Tyranitar
|move|p1a: take your time|Infestation|p2a: Tyranitar
|-supereffective|p2a: Tyranitar
|-damage|p2a: Tyranitar|52/100
|-activate|p2a: Tyranitar|move: Infestation|[of] p1a: take your time
|
|-weather|Sandstorm|[upkeep]
|-damage|p1a: take your time|35/100 brn|[from] Sandstorm
|-heal|p2a: Tyranitar|59/100|[from] item: Leftovers
|-damage|p1a: take your time|28/100 brn|[from] brn
|-damage|p2a: Tyranitar|46/100|[from] move: Infestation|[partiallytrapped]
|upkeep
|turn|27
|
|t:|1781515153
|move|p2a: Tyranitar|Ice Beam|p1a: take your time
|-resisted|p1a: take your time
|-damage|p1a: take your time|20/100 brn
|move|p1a: take your time|Recover|p1a: take your time
|-heal|p1a: take your time|70/100 brn
|
|-weather|none
|-heal|p2a: Tyranitar|52/100|[from] item: Leftovers
|-damage|p1a: take your time|64/100 brn|[from] brn
|-damage|p2a: Tyranitar|40/100|[from] move: Infestation|[partiallytrapped]
|upkeep
|turn|28
|
|t:|1781515159
|move|p1a: take your time|Baneful Bunker|p1a: take your time
|-singleturn|p1a: take your time|move: Protect
|move|p2a: Tyranitar|Knock Off|p1a: take your time
|-activate|p1a: take your time|move: Protect
|-status|p2a: Tyranitar|psn
|
|-heal|p2a: Tyranitar|46/100 psn|[from] item: Leftovers
|-damage|p2a: Tyranitar|34/100 psn|[from] psn
|-damage|p1a: take your time|57/100 brn|[from] brn
|-damage|p2a: Tyranitar|22/100 psn|[from] move: Infestation|[partiallytrapped]
|upkeep
|turn|29
|
|t:|1781515164
|move|p2a: Tyranitar|Knock Off|p1a: take your time
|-damage|p1a: take your time|35/100 brn
|move|p1a: take your time|Recover|p1a: take your time
|-heal|p1a: take your time|85/100 brn
|
|-heal|p2a: Tyranitar|28/100 psn|[from] item: Leftovers
|-damage|p2a: Tyranitar|15/100 psn|[from] psn
|-damage|p1a: take your time|79/100 brn|[from] brn
|-damage|p2a: Tyranitar|3/100 psn|[from] move: Infestation|[partiallytrapped]
|upkeep
|turn|30
|
|t:|1781515167
|move|p2a: Tyranitar|Stealth Rock||[still]
|-fail|p2a: Tyranitar
|move|p1a: take your time|Recover|p1a: take your time
|-heal|p1a: take your time|100/100 brn
|
|-heal|p2a: Tyranitar|9/100 psn|[from] item: Leftovers
|-damage|p2a: Tyranitar|0 fnt|[from] psn
|faint|p2a: Tyranitar
|-damage|p1a: take your time|94/100 brn|[from] brn
|upkeep
|
|t:|1781515172
|switch|p2a: Zapdos|Zapdos|82/100
|-damage|p2a: Zapdos|57/100|[from] Stealth Rock
|turn|31
|
|t:|1781515182
|switch|p1a: keep trying|Dondozo, M|100/100
|-damage|p1a: keep trying|88/100|[from] Stealth Rock
|move|p2a: Zapdos|Roost|p2a: Zapdos
|-heal|p2a: Zapdos|100/100
|-singleturn|p2a: Zapdos|move: Roost
|
|-heal|p1a: keep trying|94/100|[from] item: Leftovers
|upkeep
|turn|32
|
|t:|1781515185
|move|p2a: Zapdos|Volt Switch|p1a: keep trying
|-supereffective|p1a: keep trying
|-damage|p1a: keep trying|31/100
|
|t:|1781515188
|switch|p2a: Hydrapple|Hydrapple, M|100/100|[from] Volt Switch
|-damage|p2a: Hydrapple|88/100|[from] Stealth Rock
|-damage|p2a: Hydrapple|76/100|[from] Spikes
|move|p1a: keep trying|Crunch|p2a: Hydrapple
|-damage|p2a: Hydrapple|62/100
|
|-heal|p1a: keep trying|37/100|[from] item: Leftovers
|upkeep
|turn|33
|
|t:|1781515192
|move|p2a: Hydrapple|Leaf Storm|p1a: keep trying
|-supereffective|p1a: keep trying
|-damage|p1a: keep trying|0 fnt
|-unboost|p2a: Hydrapple|spa|2
|faint|p1a: keep trying
|
|upkeep
|
|t:|1781515196
|switch|p1a: per my last turn|Corviknight, F|20/100
|-damage|p1a: per my last turn|7/100|[from] Stealth Rock
|-ability|p1a: per my last turn|Pressure
|turn|34
|
|t:|1781515202
|switch|p2a: Zapdos|Zapdos|100/100
|-damage|p2a: Zapdos|76/100|[from] Stealth Rock
|move|p1a: per my last turn|Roost|p1a: per my last turn
|-heal|p1a: per my last turn|57/100
|-singleturn|p1a: per my last turn|move: Roost
|
|upkeep
|turn|35
|
|t:|1781515207
|move|p1a: per my last turn|Protect|p1a: per my last turn
|-singleturn|p1a: per my last turn|Protect
|move|p2a: Zapdos|Heat Wave|p1a: per my last turn
|-activate|p1a: per my last turn|move: Protect
|
|upkeep
|turn|36
|
|t:|1781515213
|switch|p1a: love this for you|Clefable, M|33/100 par
|move|p2a: Zapdos|Heat Wave|p1a: love this for you
|-damage|p1a: love this for you|8/100 par
|
|upkeep
|turn|37
|
|t:|1781515222
|move|p2a: Zapdos|Heat Wave|p1a: love this for you
|-damage|p1a: love this for you|0 fnt
|faint|p1a: love this for you
|
|upkeep
|
|t:|1781515223
|switch|p1a: did you calc that?|Clodsire, F, tera:Steel|45/100
|turn|38
|
|t:|1781515228
|move|p2a: Zapdos|Heat Wave|p1a: did you calc that?
|-supereffective|p1a: did you calc that?
|-damage|p1a: did you calc that?|17/100
|move|p1a: did you calc that?|Recover|p1a: did you calc that?
|-heal|p1a: did you calc that?|67/100
|
|upkeep
|turn|39
|
|t:|1781515235
|move|p2a: Zapdos|Thunder Wave|p1a: did you calc that?
|-status|p1a: did you calc that?|par
|move|p1a: did you calc that?|Recover|p1a: did you calc that?
|-heal|p1a: did you calc that?|100/100 par
|
|upkeep
|turn|40
|
|t:|1781515242
|move|p2a: Zapdos|Volt Switch|p1a: did you calc that?
|-damage|p1a: did you calc that?|85/100 par
|
|t:|1781515245
|switch|p2a: Pecharunt|Pecharunt|100/100|[from] Volt Switch
|move|p1a: did you calc that?|Poison Jab|p2a: Pecharunt
|-resisted|p2a: Pecharunt
|-damage|p2a: Pecharunt|97/100
|
|upkeep
|turn|41
|
|t:|1781515248
|move|p2a: Pecharunt|Parting Shot|p1a: did you calc that?
|-unboost|p1a: did you calc that?|atk|1
|-unboost|p1a: did you calc that?|spa|1
|
|t:|1781515253
|switch|p2a: Zapdos|Zapdos|76/100|[from] Parting Shot
|-damage|p2a: Zapdos|51/100|[from] Stealth Rock
|move|p1a: did you calc that?|Earthquake|p2a: Zapdos
|-immune|p2a: Zapdos
|
|upkeep
|turn|42
|
|t:|1781515259
|move|p2a: Zapdos|Heat Wave|p1a: did you calc that?
|-supereffective|p1a: did you calc that?
|-damage|p1a: did you calc that?|53/100 par
|move|p1a: did you calc that?|Poison Jab|p2a: Zapdos
|-damage|p2a: Zapdos|40/100
|
|upkeep
|turn|43
|
|t:|1781515266
|move|p2a: Zapdos|Heat Wave|p1a: did you calc that?
|-supereffective|p1a: did you calc that?
|-damage|p1a: did you calc that?|23/100 par
|cant|p1a: did you calc that?|par
|
|upkeep
|turn|44
|c|☆bahnmiking|You've gotten so f****** lucky every step of the way
|
|t:|1781515281
|switch|p1a: take your time|Toxapex, F|100/100 brn
|-damage|p1a: take your time|88/100 brn|[from] Stealth Rock
|move|p2a: Zapdos|Heat Wave|p1a: take your time
|-resisted|p1a: take your time
|-damage|p1a: take your time|77/100 brn
|
|-damage|p1a: take your time|71/100 brn|[from] brn
|upkeep
|turn|45
|
|t:|1781515290
|move|p2a: Zapdos|Roost|p2a: Zapdos
|-heal|p2a: Zapdos|91/100
|-singleturn|p2a: Zapdos|move: Roost
|move|p1a: take your time|Recover|p1a: take your time
|-heal|p1a: take your time|100/100 brn
|
|-damage|p1a: take your time|94/100 brn|[from] brn
|upkeep
|turn|46
|
|t:|1781515297
|move|p2a: Zapdos|Volt Switch|p1a: take your time
|-supereffective|p1a: take your time
|-damage|p1a: take your time|42/100 brn
|
|t:|1781515300
|switch|p2a: Hydrapple|Hydrapple, M|95/100|[from] Volt Switch
|-damage|p2a: Hydrapple|83/100|[from] Stealth Rock
|-damage|p2a: Hydrapple|70/100|[from] Spikes
|move|p1a: take your time|Poison Jab|p2a: Hydrapple
|-supereffective|p2a: Hydrapple
|-crit|p2a: Hydrapple
|-damage|p2a: Hydrapple|47/100
|-status|p2a: Hydrapple|psn
|
|-damage|p2a: Hydrapple|35/100 psn|[from] psn
|-damage|p1a: take your time|36/100 brn|[from] brn
|upkeep
|turn|47
|
|t:|1781515316
|switch|p1a: per my last turn|Corviknight, F|57/100
|-damage|p1a: per my last turn|45/100|[from] Stealth Rock
|-ability|p1a: per my last turn|Pressure
|move|p2a: Hydrapple|Fickle Beam|p1a: per my last turn
|-resisted|p1a: per my last turn
|-damage|p1a: per my last turn|24/100
|
|-damage|p2a: Hydrapple|23/100 psn|[from] psn
|upkeep
|turn|48
|
|t:|1781515326
|switch|p2a: Zapdos|Zapdos|91/100
|-damage|p2a: Zapdos|66/100|[from] Stealth Rock
|move|p1a: per my last turn|Roost|p1a: per my last turn
|-heal|p1a: per my last turn|74/100
|-singleturn|p1a: per my last turn|move: Roost
|
|upkeep
|turn|49
|
|t:|1781515331
|move|p2a: Zapdos|Thunder Wave|p1a: per my last turn
|-status|p1a: per my last turn|par
|cant|p1a: per my last turn|par
|
|upkeep
|turn|50
|
|t:|1781515338
|move|p1a: per my last turn|Protect|p1a: per my last turn
|-singleturn|p1a: per my last turn|Protect
|move|p2a: Zapdos|Heat Wave|p1a: per my last turn
|-activate|p1a: per my last turn|move: Protect
|
|upkeep
|turn|51
|
|t:|1781515345
|move|p2a: Zapdos|Volt Switch|p1a: per my last turn
|-supereffective|p1a: per my last turn
|-damage|p1a: per my last turn|34/100 par
|
|t:|1781515349
|switch|p2a: Pecharunt|Pecharunt|97/100|[from] Volt Switch
|move|p1a: per my last turn|Roost|p1a: per my last turn
|-heal|p1a: per my last turn|84/100 par
|-singleturn|p1a: per my last turn|move: Roost
|
|upkeep
|turn|52
|
|t:|1781515362
|move|p2a: Pecharunt|Shadow Ball|p1a: per my last turn
|-damage|p1a: per my last turn|62/100 par
|move|p1a: per my last turn|Defog|p2a: Pecharunt
|-unboost|p2a: Pecharunt|evasion|1
|-sideend|p2: Thederpa1|Spikes|[from] move: Defog|[of] p1a: per my last turn
|-sideend|p2: Thederpa1|Stealth Rock|[from] move: Defog|[of] p1a: per my last turn
|-sideend|p1: bahnmiking|Stealth Rock|[from] move: Defog|[of] p1a: per my last turn
|
|upkeep
|turn|53
|c|☆Thederpa1|Im just trying to beat stall with stall
|
|t:|1781515382
|move|p2a: Pecharunt|Shadow Ball|p1a: per my last turn
|-damage|p1a: per my last turn|41/100 par
|move|p1a: per my last turn|Roost|p1a: per my last turn
|-heal|p1a: per my last turn|91/100 par
|-singleturn|p1a: per my last turn|move: Roost
|
|upkeep
|turn|54
|
|t:|1781515390
|switch|p1a: take your time|Toxapex, F|69/100 brn
|move|p2a: Pecharunt|Parting Shot|p1a: take your time
|-unboost|p1a: take your time|atk|1
|-unboost|p1a: take your time|spa|1
|
|t:|1781515392
|switch|p2a: Zapdos|Zapdos|66/100|[from] Parting Shot
|
|-damage|p1a: take your time|63/100 brn|[from] brn
|upkeep
|turn|55
|
|t:|1781515400
|move|p2a: Zapdos|Volt Switch|p1a: take your time
|-supereffective|p1a: take your time
|-damage|p1a: take your time|9/100 brn
|
|t:|1781515404
|switch|p2a: Pecharunt|Pecharunt|97/100|[from] Volt Switch
|move|p1a: take your time|Recover|p1a: take your time
|-heal|p1a: take your time|59/100 brn
|
|-damage|p1a: take your time|53/100 brn|[from] brn
|upkeep
|turn|56
|
|t:|1781515417
|switch|p1a: did you calc that?|Clodsire, F, tera:Steel|23/100 par
|move|p2a: Pecharunt|Shadow Ball|p1a: did you calc that?
|-damage|p1a: did you calc that?|6/100 par
|
|upkeep
|turn|57
|-message|bahnmiking forfeited.
|
|win|Thederpa1
|raw|bahnmiking's rating: 1565 &rarr; <strong>1546</strong><br />(-19 for losing)
|raw|Thederpa1's rating: 1577 &rarr; <strong>1596</strong><br />(+19 for winning)
|l|☆bahnmiking
|player|p1|
|l|☆Thederpa1
|player|p2|
