|j|☆Jsparxs
|j|☆Mysterious Soop
|t:|1781098190
|gametype|singles
|player|p1|Jsparxs|2|1595
|player|p2|Mysterious Soop|102|1569
|gen|9
|tier|[Gen 9] OU
|rated|
|rule|HP Percentage Mod: HP is shown in percentages
|rule|Endless Battle Clause: Forcing endless battles is banned
|rule|Species Clause: Limit one of each Pokémon
|rule|OHKO Clause: OHKO moves are banned
|rule|Evasion Items Clause: Evasion items are banned
|rule|Evasion Moves Clause: Evasion moves are banned
|rule|Evasion Abilities Clause: Evasion abilities are banned
|rule|Sleep Moves Clause: Sleep-inducing moves are banned
|clearpoke
|poke|p1|Great Tusk|
|poke|p1|Zamazenta-*|
|poke|p1|Iron Valiant|
|poke|p1|Gallade, M|
|poke|p1|Kommo-o, F|
|poke|p1|Okidogi, M|
|poke|p2|Excadrill, F|
|poke|p2|Tyranitar, M|
|poke|p2|Hydrapple, M|
|poke|p2|Gholdengo|
|poke|p2|Alomomola, M|
|poke|p2|Hatterene, F|
|teampreview
|c|☆Jsparxs|glhf
|
|t:|1781098236
|teamsize|p1|6
|teamsize|p2|6
|start
|switch|p1a: Okidogi|Okidogi, M|100/100
|switch|p2a: Tyranitar|Tyranitar, M|100/100
|-weather|Sandstorm|[from] ability: Sand Stream|[of] p2a: Tyranitar
|turn|1
|c|☆Mysterious Soop|u2
|
|t:|1781098253
|switch|p2a: Gholdengo|Gholdengo|100/100
|move|p1a: Okidogi|Crunch|p2a: Gholdengo
|-supereffective|p2a: Gholdengo
|-damage|p2a: Gholdengo|15/100
|
|-weather|Sandstorm|[upkeep]
|-damage|p1a: Okidogi|94/100|[from] Sandstorm
|upkeep
|turn|2
|
|t:|1781098263
|switch|p2a: Alomomola|Alomomola, M|100/100
|-terastallize|p1a: Okidogi|Water
|move|p1a: Okidogi|Crunch|p2a: Alomomola
|-damage|p2a: Alomomola|85/100
|-damage|p1a: Okidogi|78/100|[from] item: Rocky Helmet|[of] p2a: Alomomola
|
|-weather|Sandstorm|[upkeep]
|-damage|p1a: Okidogi|72/100|[from] Sandstorm
|-damage|p2a: Alomomola|79/100|[from] Sandstorm
|upkeep
|turn|3
|
|t:|1781098275
|move|p1a: Okidogi|Gunk Shot|p2a: Alomomola
|-damage|p2a: Alomomola|40/100
|move|p2a: Alomomola|Flip Turn|p1a: Okidogi
|-resisted|p1a: Okidogi
|-damage|p1a: Okidogi|65/100
|
|t:|1781098280
|switch|p2a: Excadrill|Excadrill, F|100/100|[from] Flip Turn
|
|-weather|Sandstorm|[upkeep]
|-damage|p1a: Okidogi|59/100|[from] Sandstorm
|upkeep
|turn|4
|
|t:|1781098286
|switch|p2a: Gholdengo|Gholdengo|15/100
|move|p1a: Okidogi|Drain Punch|p2a: Gholdengo
|-immune|p2a: Gholdengo
|
|-weather|Sandstorm|[upkeep]
|-damage|p1a: Okidogi|52/100|[from] Sandstorm
|upkeep
|turn|5
|
|t:|1781098295
|switch|p2a: Alomomola|Alomomola, M|73/100
|move|p1a: Okidogi|Crunch|p2a: Alomomola
|-damage|p2a: Alomomola|57/100
|-damage|p1a: Okidogi|36/100|[from] item: Rocky Helmet|[of] p2a: Alomomola
|-status|p2a: Alomomola|tox|[from] ability: Toxic Chain|[of] p1a: Okidogi
|
|-weather|none
|-damage|p2a: Alomomola|51/100 tox|[from] psn
|upkeep
|turn|6
|
|t:|1781098303
|move|p1a: Okidogi|Drain Punch|p2a: Alomomola
|-damage|p2a: Alomomola|27/100 tox
|-heal|p1a: Okidogi|53/100|[from] drain|[of] p2a: Alomomola
|-damage|p1a: Okidogi|37/100|[from] item: Rocky Helmet|[of] p2a: Alomomola
|move|p2a: Alomomola|Flip Turn|p1a: Okidogi
|-resisted|p1a: Okidogi
|-damage|p1a: Okidogi|30/100
|
|t:|1781098310
|switch|p2a: Gholdengo|Gholdengo|15/100|[from] Flip Turn
|
|upkeep
|turn|7
|
|t:|1781098324
|switch|p1a: Zamazenta|Zamazenta|100/100
|-ability|p1a: Zamazenta|Dauntless Shield|boost
|-boost|p1a: Zamazenta|def|1
|move|p2a: Gholdengo|Shadow Ball|p1a: Zamazenta
|-damage|p1a: Zamazenta|58/100
|-unboost|p1a: Zamazenta|spd|1
|
|-heal|p1a: Zamazenta|64/100|[from] item: Leftovers
|upkeep
|turn|8
|
|t:|1781098354
|switch|p2a: Alomomola|Alomomola, M|60/100 tox
|move|p1a: Zamazenta|Crunch|p2a: Alomomola
|-damage|p2a: Alomomola|47/100 tox
|-damage|p1a: Zamazenta|47/100|[from] item: Rocky Helmet|[of] p2a: Alomomola
|
|-heal|p1a: Zamazenta|53/100|[from] item: Leftovers
|-damage|p2a: Alomomola|41/100 tox|[from] psn
|upkeep
|turn|9
|
|t:|1781098358
|move|p1a: Zamazenta|Body Press|p2a: Alomomola
|-damage|p2a: Alomomola|8/100 tox
|-damage|p1a: Zamazenta|37/100|[from] item: Rocky Helmet|[of] p2a: Alomomola
|move|p2a: Alomomola|Flip Turn|p1a: Zamazenta
|-damage|p1a: Zamazenta|28/100
|
|t:|1781098367
|switch|p2a: Gholdengo|Gholdengo|15/100|[from] Flip Turn
|
|-heal|p1a: Zamazenta|34/100|[from] item: Leftovers
|upkeep
|turn|10
|
|t:|1781098379
|move|p2a: Gholdengo|Dazzling Gleam|p1a: Zamazenta
|-supereffective|p1a: Zamazenta
|-damage|p1a: Zamazenta|0 fnt
|faint|p1a: Zamazenta
|
|upkeep
|
|t:|1781098410
|switch|p1a: Iron Valiant|Iron Valiant|100/100
|-enditem|p1a: Iron Valiant|Booster Energy
|-activate|p1a: Iron Valiant|ability: Quark Drive|[fromitem]
|-start|p1a: Iron Valiant|quarkdrivespe
|turn|11
|
|t:|1781098421
|switch|p2a: Hatterene|Hatterene, F|100/100
|move|p1a: Iron Valiant|Moonblast|p2a: Hatterene
|-damage|p2a: Hatterene|75/100
|
|upkeep
|turn|12
|
|t:|1781098433
|move|p1a: Iron Valiant|Thunderbolt|p2a: Hatterene
|-damage|p2a: Hatterene|60/100
|move|p2a: Hatterene|Draining Kiss|p1a: Iron Valiant
|-supereffective|p1a: Iron Valiant
|-damage|p1a: Iron Valiant|25/100
|-heal|p2a: Hatterene|100/100|[from] drain|[of] p1a: Iron Valiant
|
|upkeep
|turn|13
|
|t:|1781098438
|move|p1a: Iron Valiant|Destiny Bond|p1a: Iron Valiant
|-singlemove|p1a: Iron Valiant|Destiny Bond
|move|p2a: Hatterene|Draining Kiss|p1a: Iron Valiant
|-supereffective|p1a: Iron Valiant
|-damage|p1a: Iron Valiant|0 fnt
|faint|p1a: Iron Valiant
|-activate|p1a: Iron Valiant|move: Destiny Bond
|-end|p1a: Iron Valiant|Quark Drive|[silent]
|faint|p2a: Hatterene
|
|upkeep
|
|t:|1781098448
|switch|p1a: Gallade|Gallade, M|100/100
|switch|p2a: Tyranitar|Tyranitar, M|100/100
|-weather|Sandstorm|[from] ability: Sand Stream|[of] p2a: Tyranitar
|turn|14
|
|t:|1781098454
|switch|p2a: Alomomola|Alomomola, M|41/100 tox
|move|p1a: Gallade|Sacred Sword|p2a: Alomomola
|-damage|p2a: Alomomola|0 fnt
|-damage|p1a: Gallade|84/100|[from] item: Rocky Helmet|[of] p2a: Alomomola
|faint|p2a: Alomomola
|
|-weather|Sandstorm|[upkeep]
|-damage|p1a: Gallade|78/100|[from] Sandstorm
|upkeep
|
|t:|1781098464
|switch|p2a: Excadrill|Excadrill, F|100/100
|turn|15
|
|t:|1781098467
|move|p2a: Excadrill|Earthquake|p1a: Gallade
|-damage|p1a: Gallade|0 fnt
|faint|p1a: Gallade
|
|-weather|Sandstorm|[upkeep]
|upkeep
|
|t:|1781098479
|switch|p1a: Great Tusk|Great Tusk|100/100
|-enditem|p1a: Great Tusk|Booster Energy
|-activate|p1a: Great Tusk|ability: Protosynthesis|[fromitem]
|-start|p1a: Great Tusk|protosynthesisatk
|turn|16
|
|t:|1781098490
|move|p2a: Excadrill|Earthquake|p1a: Great Tusk
|-damage|p1a: Great Tusk|61/100
|move|p1a: Great Tusk|Headlong Rush|p2a: Excadrill
|-supereffective|p2a: Excadrill
|-damage|p2a: Excadrill|0 fnt
|-unboost|p1a: Great Tusk|def|1
|-unboost|p1a: Great Tusk|spd|1
|faint|p2a: Excadrill
|
|-weather|Sandstorm|[upkeep]
|upkeep
|
|t:|1781098497
|switch|p2a: Gholdengo|Gholdengo|15/100
|turn|17
|
|t:|1781098506
|move|p2a: Gholdengo|Dazzling Gleam|p1a: Great Tusk
|-supereffective|p1a: Great Tusk
|-damage|p1a: Great Tusk|0 fnt
|faint|p1a: Great Tusk
|-end|p1a: Great Tusk|Protosynthesis|[silent]
|
|-weather|Sandstorm|[upkeep]
|upkeep
|
|t:|1781098509
|switch|p1a: Kommo-o|Kommo-o, F|100/100
|turn|18
|
|t:|1781098518
|-terastallize|p2a: Gholdengo|Fairy
|move|p2a: Gholdengo|Dazzling Gleam|p1a: Kommo-o
|-supereffective|p1a: Kommo-o
|-crit|p1a: Kommo-o
|-damage|p1a: Kommo-o|0 fnt
|faint|p1a: Kommo-o
|
|-weather|none
|upkeep
|
|t:|1781098524
|switch|p1a: Okidogi|Okidogi, M, tera:Water|30/100
|turn|19
|
|t:|1781098528
|move|p2a: Gholdengo|Dazzling Gleam|p1a: Okidogi
|-damage|p1a: Okidogi|0 fnt
|faint|p1a: Okidogi
|
|win|Mysterious Soop
|raw|Jsparxs's rating: 1595 &rarr; <strong>1574</strong><br />(-21 for losing)
|raw|Mysterious Soop's rating: 1569 &rarr; <strong>1590</strong><br />(+21 for winning)
|c|☆Jsparxs|gg
|c|☆Mysterious Soop|ggs
|c|☆Mysterious Soop|no fairy resist?
|c|☆Jsparxs|Well
|c|☆Jsparxs|gallade is 550 spdef
|c|☆Mysterious Soop|av?
|c|☆Jsparxs|Yep
|c|☆Mysterious Soop|dang
|c|☆Jsparxs|also tera fire on kommo
|c|☆Jsparxs|but I biffed it
|c|☆Mysterious Soop|still, I would consider adding a steel type just in case
|c|☆Mysterious Soop|ggs tho
|c|☆Jsparxs|lol like what
|c|☆Mysterious Soop|idk
|c|☆Jsparxs|I have very little room with my restrictions
|c|☆Mysterious Soop|OH
|c|☆Mysterious Soop|I just realized it's mono fighting
|c|☆Mysterious Soop|i'm dumb
|c|☆Jsparxs|It happens
|c|☆Mysterious Soop|yeah it might be rough
|c|☆Mysterious Soop|maybe chesnaught?
|c|☆Jsparxs|Usually I’m fine tbh
|c|☆Mysterious Soop|does bulletproof block moonblast?
|c|☆Jsparxs|no, or I’d run it on kommo
|c|☆Mysterious Soop|oh it does not
|c|☆Mysterious Soop|unfort
|c|☆Mysterious Soop|oh well
|c|☆Mysterious Soop|ig gallade will do
|c|☆Mysterious Soop|ggs
