|j|☆overheat xyz
|j|☆rekjllj
|t:|1781271262
|gametype|singles
|player|p1|overheat xyz|265|1667
|player|p2|rekjllj|169|1662
|gen|9
|tier|[Gen 9] OU
|rated|
|rule|HP Percentage Mod: HP is shown in percentages
|rule|Endless Battle Clause: Forcing endless battles is banned
|rule|Species Clause: Limit one of each Pokémon
|rule|OHKO Clause: OHKO moves are banned
|rule|Evasion Items Clause: Evasion items are banned
|rule|Evasion Moves Clause: Evasion moves are banned
|rule|Evasion Abilities Clause: Evasion abilities are banned
|rule|Sleep Moves Clause: Sleep-inducing moves are banned
|clearpoke
|poke|p1|Dragapult, F|
|poke|p1|Samurott-Hisui, F|
|poke|p1|Rillaboom, F|
|poke|p1|Slowking-Galar, M|
|poke|p1|Kingambit, F|
|poke|p1|Corviknight, F|
|poke|p2|Iron Moth|
|poke|p2|Gliscor, M|
|poke|p2|Hatterene, F|
|poke|p2|Ogerpon-Wellspring, F|
|poke|p2|Raging Bolt|
|poke|p2|Zamazenta-*|
|teampreview
|
|t:|1781271271
|teamsize|p1|6
|teamsize|p2|6
|start
|switch|p1a: Rillaboom|Rillaboom, F|100/100
|switch|p2a: Zamazenta|Zamazenta|100/100
|-ability|p2a: Zamazenta|Dauntless Shield|boost
|-boost|p2a: Zamazenta|def|1
|-fieldstart|move: Grassy Terrain|[from] ability: Grassy Surge|[of] p1a: Rillaboom
|turn|1
|inactive|Battle timer is ON: inactive players will automatically lose when time's up. (requested by overheat xyz)
|c|☆rekjllj|hf
|inactive|rekjllj also wants the timer to be on.
|
|t:|1781271283
|switch|p1a: Slowking|Slowking-Galar, M|100/100
|move|p2a: Zamazenta|Ice Fang|p1a: Slowking
|-damage|p1a: Slowking|83/100
|
|-heal|p1a: Slowking|89/100|[from] Grassy Terrain
|upkeep
|turn|2
|
|t:|1781271291
|move|p2a: Zamazenta|Light Screen|p2a: Zamazenta
|-sidestart|p2: rekjllj|move: Light Screen
|move|p1a: Slowking|Future Sight|p2a: Zamazenta
|-start|p1a: Slowking|move: Future Sight
|
|-heal|p1a: Slowking|95/100|[from] Grassy Terrain
|upkeep
|turn|3
|
|t:|1781271296
|move|p2a: Zamazenta|Reflect|p2a: Zamazenta
|-sidestart|p2: rekjllj|Reflect
|move|p1a: Slowking|Psychic Noise|p2a: Zamazenta
|-supereffective|p2a: Zamazenta
|-damage|p2a: Zamazenta|71/100
|-start|p2a: Zamazenta|move: Heal Block
|
|-heal|p1a: Slowking|100/100|[from] Grassy Terrain
|upkeep
|turn|4
|
|t:|1781271303
|switch|p2a: Gliscor|Gliscor, M|100/100
|move|p1a: Slowking|Psychic Noise|p2a: Gliscor
|-damage|p2a: Gliscor|76/100
|-start|p2a: Gliscor|move: Heal Block
|
|-end|p2a: Gliscor|move: Future Sight
|-damage|p2a: Gliscor|36/100
|-status|p2a: Gliscor|tox|[from] item: Toxic Orb
|upkeep
|turn|5
|
|t:|1781271313
|move|p2a: Gliscor|Swords Dance|p2a: Gliscor
|-boost|p2a: Gliscor|atk|2
|move|p1a: Slowking|Future Sight|p2a: Gliscor
|-start|p1a: Slowking|move: Future Sight
|
|-end|p2a: Gliscor|move: Heal Block
|-fieldend|move: Grassy Terrain
|upkeep
|turn|6
|
|t:|1781271318
|switch|p2a: Raging Bolt|Raging Bolt|100/100
|-enditem|p2a: Raging Bolt|Booster Energy
|-activate|p2a: Raging Bolt|ability: Protosynthesis|[fromitem]
|-start|p2a: Raging Bolt|protosynthesisspa
|switch|p1a: Corviknight|Corviknight, F|100/100
|-ability|p1a: Corviknight|Pressure
|
|upkeep
|turn|7
|
|t:|1781271327
|switch|p1a: Slowking|Slowking-Galar, M|100/100
|move|p2a: Raging Bolt|Calm Mind|p2a: Raging Bolt
|-boost|p2a: Raging Bolt|spa|1
|-boost|p2a: Raging Bolt|spd|1
|
|-end|p2a: Raging Bolt|move: Future Sight
|-damage|p2a: Raging Bolt|82/100
|upkeep
|turn|8
|
|t:|1781271333
|move|p2a: Raging Bolt|Thunderbolt|p1a: Slowking
|-damage|p1a: Slowking|47/100
|move|p1a: Slowking|Sludge Bomb|p2a: Raging Bolt
|-damage|p2a: Raging Bolt|66/100
|
|upkeep
|turn|9
|
|t:|1781271353
|switch|p1a: Dragapult|Dragapult, F|100/100
|move|p2a: Raging Bolt|Thunderbolt|p1a: Dragapult
|-resisted|p1a: Dragapult
|-damage|p1a: Dragapult|35/100
|
|-sideend|p2: rekjllj|move: Light Screen
|upkeep
|turn|10
|
|t:|1781271366
|switch|p1a: Rillaboom|Rillaboom, F|100/100
|-fieldstart|move: Grassy Terrain|[from] ability: Grassy Surge|[of] p1a: Rillaboom
|move|p2a: Raging Bolt|Thunderclap||[still]
|-fail|p2a: Raging Bolt
|
|-heal|p2a: Raging Bolt|73/100|[from] Grassy Terrain
|-sideend|p2: rekjllj|Reflect
|upkeep
|turn|11
|
|t:|1781271372
|-terastallize|p1a: Rillaboom|Grass
|move|p1a: Rillaboom|Wood Hammer|p2a: Raging Bolt
|-resisted|p2a: Raging Bolt
|-damage|p2a: Raging Bolt|0 fnt
|faint|p2a: Raging Bolt
|-end|p2a: Raging Bolt|Protosynthesis|[silent]
|-damage|p1a: Rillaboom|73/100|[from] Recoil
|
|-heal|p1a: Rillaboom|79/100|[from] Grassy Terrain
|upkeep
|
|t:|1781271379
|switch|p2a: Iron Moth|Iron Moth|100/100
|-enditem|p2a: Iron Moth|Booster Energy
|-activate|p2a: Iron Moth|ability: Quark Drive|[fromitem]
|-start|p2a: Iron Moth|quarkdrivespe
|turn|12
|
|t:|1781271385
|switch|p1a: Slowking|Slowking-Galar, M|80/100
|move|p2a: Iron Moth|Fiery Dance|p1a: Slowking
|-damage|p1a: Slowking|61/100
|
|-heal|p1a: Slowking|67/100|[from] Grassy Terrain
|upkeep
|turn|13
|
|t:|1781271406
|-end|p2a: Iron Moth|Quark Drive|[silent]
|switch|p2a: Ogerpon|Ogerpon-Wellspring, F|100/100
|move|p1a: Slowking|Psychic Noise|p2a: Ogerpon
|-damage|p2a: Ogerpon|58/100
|-start|p2a: Ogerpon|move: Heal Block
|
|-heal|p1a: Slowking|73/100|[from] Grassy Terrain
|upkeep
|turn|14
|
|t:|1781271413
|switch|p1a: Corviknight|Corviknight, F|100/100
|-ability|p1a: Corviknight|Pressure
|move|p2a: Ogerpon|Ivy Cudgel|p1a: Corviknight|[anim] Ivy Cudgel Water
|-damage|p1a: Corviknight|59/100
|
|-end|p2a: Ogerpon|move: Heal Block
|-fieldend|move: Grassy Terrain
|upkeep
|turn|15
|
|t:|1781271421
|switch|p2a: Zamazenta|Zamazenta|71/100
|move|p1a: Corviknight|Roost|p1a: Corviknight
|-heal|p1a: Corviknight|100/100
|-singleturn|p1a: Corviknight|move: Roost
|
|upkeep
|turn|16
|
|t:|1781271427
|switch|p1a: Slowking|Slowking-Galar, M|100/100
|move|p2a: Zamazenta|Reflect|p2a: Zamazenta
|-sidestart|p2: rekjllj|Reflect
|
|upkeep
|turn|17
|
|t:|1781271440
|move|p2a: Zamazenta|Light Screen|p2a: Zamazenta
|-sidestart|p2: rekjllj|move: Light Screen
|move|p1a: Slowking|Psychic Noise|p2a: Zamazenta
|-supereffective|p2a: Zamazenta
|-damage|p2a: Zamazenta|41/100
|-start|p2a: Zamazenta|move: Heal Block
|
|upkeep
|turn|18
|
|t:|1781271445
|switch|p2a: Gliscor|Gliscor, M|36/100 tox
|move|p1a: Slowking|Future Sight|p2a: Gliscor
|-start|p1a: Slowking|move: Future Sight
|
|-heal|p2a: Gliscor|48/100 tox|[from] ability: Poison Heal
|upkeep
|turn|19
|
|t:|1781271449
|move|p2a: Gliscor|Earthquake|p1a: Slowking
|-supereffective|p1a: Slowking
|-damage|p1a: Slowking|6/100
|move|p1a: Slowking|Psychic Noise|p2a: Gliscor
|-damage|p2a: Gliscor|23/100 tox
|-start|p2a: Gliscor|move: Heal Block
|
|upkeep
|turn|20
|
|t:|1781271456
|switch|p2a: Hatterene|Hatterene, F|100/100
|move|p1a: Slowking|Sludge Bomb|p2a: Hatterene
|-supereffective|p2a: Hatterene
|-damage|p2a: Hatterene|59/100
|-status|p2a: Hatterene|psn
|
|-end|p2a: Hatterene|move: Future Sight
|-resisted|p2a: Hatterene
|-damage|p2a: Hatterene|44/100 psn
|-heal|p2a: Hatterene|50/100 psn|[from] item: Leftovers
|-damage|p2a: Hatterene|38/100 psn|[from] psn
|upkeep
|turn|21
|
|t:|1781271475
|switch|p1a: Kingambit|Kingambit, F|100/100
|switch|p2a: Iron Moth|Iron Moth|100/100
|
|upkeep
|turn|22
|
|t:|1781271492
|-end|p1a: Kingambit|fallenundefined|[silent]
|switch|p1a: Dragapult|Dragapult, F|35/100
|move|p2a: Iron Moth|Fiery Dance|p1a: Dragapult
|-resisted|p1a: Dragapult
|-damage|p1a: Dragapult|7/100
|-boost|p2a: Iron Moth|spa|1
|
|upkeep
|turn|23
|
|t:|1781271504
|move|p1a: Dragapult|Draco Meteor|p2a: Iron Moth
|-damage|p2a: Iron Moth|19/100
|-unboost|p1a: Dragapult|spa|2
|move|p2a: Iron Moth|Fiery Dance|p1a: Dragapult
|-resisted|p1a: Dragapult
|-damage|p1a: Dragapult|0 fnt
|faint|p1a: Dragapult
|
|-sideend|p2: rekjllj|Reflect
|upkeep
|
|t:|1781271508
|switch|p1a: Samurott|Samurott-Hisui, F|100/100
|turn|24
|
|t:|1781271514
|-end|p2a: Iron Moth|Quark Drive|[silent]
|switch|p2a: Zamazenta|Zamazenta|41/100
|move|p1a: Samurott|Ceaseless Edge|p2a: Zamazenta
|-resisted|p2a: Zamazenta
|-damage|p2a: Zamazenta|22/100
|-sidestart|p2: rekjllj|Spikes
|
|-sideend|p2: rekjllj|move: Light Screen
|upkeep
|turn|25
|
|t:|1781271530
|switch|p1a: Slowking|Slowking-Galar, M|39/100
|move|p2a: Zamazenta|Reflect|p2a: Zamazenta
|-sidestart|p2: rekjllj|Reflect
|
|upkeep
|turn|26
|
|t:|1781271540
|move|p2a: Zamazenta|Ice Fang|p1a: Slowking
|-damage|p1a: Slowking|22/100
|move|p1a: Slowking|Future Sight|p2a: Zamazenta
|-start|p1a: Slowking|move: Future Sight
|
|upkeep
|turn|27
|
|t:|1781271548
|switch|p1a: Samurott|Samurott-Hisui, F|100/100
|move|p2a: Zamazenta|Ice Fang|p1a: Samurott
|-resisted|p1a: Samurott
|-damage|p1a: Samurott|88/100
|
|upkeep
|turn|28
|
|t:|1781271555
|move|p1a: Samurott|Ceaseless Edge|p2a: Zamazenta|[miss]
|-miss|p1a: Samurott|p2a: Zamazenta
|move|p2a: Zamazenta|Ice Fang|p1a: Samurott
|-resisted|p1a: Samurott
|-damage|p1a: Samurott|77/100
|
|-end|p2a: Zamazenta|move: Future Sight
|-supereffective|p2a: Zamazenta
|-damage|p2a: Zamazenta|0 fnt
|faint|p2a: Zamazenta
|upkeep
|
|t:|1781271561
|switch|p2a: Hatterene|Hatterene, F|38/100 psn
|-damage|p2a: Hatterene|25/100 psn|[from] Spikes
|turn|29
|
|t:|1781271570
|switch|p1a: Slowking|Slowking-Galar, M|55/100
|switch|p2a: Gliscor|Gliscor, M|23/100 tox
|
|-heal|p2a: Gliscor|35/100 tox|[from] ability: Poison Heal
|upkeep
|turn|30
|
|t:|1781271581
|switch|p1a: Rillaboom|Rillaboom, F, tera:Grass|79/100
|-fieldstart|move: Grassy Terrain|[from] ability: Grassy Surge|[of] p1a: Rillaboom
|move|p2a: Gliscor|Facade|p1a: Rillaboom
|-damage|p1a: Rillaboom|37/100
|
|-heal|p1a: Rillaboom|43/100|[from] Grassy Terrain
|-heal|p2a: Gliscor|48/100 tox|[from] ability: Poison Heal
|upkeep
|turn|31
|
|t:|1781271587
|switch|p2a: Hatterene|Hatterene, F|25/100 psn
|-damage|p2a: Hatterene|13/100 psn|[from] Spikes
|move|p1a: Rillaboom|Wood Hammer|p2a: Hatterene
|-damage|p2a: Hatterene|0 fnt
|faint|p2a: Hatterene
|-damage|p1a: Rillaboom|40/100|[from] Recoil
|
|-heal|p1a: Rillaboom|46/100|[from] Grassy Terrain
|upkeep
|
|t:|1781271594
|switch|p2a: Iron Moth|Iron Moth|19/100
|-damage|p2a: Iron Moth|6/100|[from] Spikes
|turn|32
|
|t:|1781271599
|-end|p2a: Iron Moth|Quark Drive|[silent]
|switch|p2a: Gliscor|Gliscor, M|48/100 tox
|switch|p1a: Slowking|Slowking-Galar, M|89/100
|
|-heal|p1a: Slowking|95/100|[from] Grassy Terrain
|-heal|p2a: Gliscor|60/100 tox|[from] ability: Poison Heal
|-sideend|p2: rekjllj|Reflect
|upkeep
|turn|33
|
|t:|1781271604
|switch|p2a: Ogerpon|Ogerpon-Wellspring, F|58/100
|-damage|p2a: Ogerpon|45/100|[from] Spikes
|move|p1a: Slowking|Future Sight|p2a: Ogerpon
|-start|p1a: Slowking|move: Future Sight
|
|-heal|p2a: Ogerpon|51/100|[from] Grassy Terrain
|-heal|p1a: Slowking|100/100|[from] Grassy Terrain
|upkeep
|turn|34
|
|t:|1781271615
|switch|p1a: Kingambit|Kingambit, F|100/100
|-activate|p1a: Kingambit|ability: Supreme Overlord
|-start|p1a: Kingambit|fallen1|[silent]
|move|p2a: Ogerpon|Encore||[still]
|-fail|p2a: Ogerpon
|
|-heal|p2a: Ogerpon|57/100|[from] Grassy Terrain
|-fieldend|move: Grassy Terrain
|upkeep
|turn|35
|
|t:|1781271626
|-terastallize|p2a: Ogerpon|Water
|detailschange|p2a: Ogerpon|Ogerpon-Wellspring-Tera, F, tera:Water
|-ability|p2a: Ogerpon|Embody Aspect (Wellspring)|boost
|-boost|p2a: Ogerpon|spd|1
|move|p2a: Ogerpon|Ivy Cudgel|p1a: Kingambit|[anim] Ivy Cudgel Water
|-damage|p1a: Kingambit|35/100
|move|p1a: Kingambit|Kowtow Cleave|p2a: Ogerpon
|-damage|p2a: Ogerpon|0 fnt
|faint|p2a: Ogerpon
|detailschange|p2: Ogerpon|Ogerpon-Wellspring, F|[silent]
|
|-hint|Future Sight did not hit because the target is fainted.
|-heal|p1a: Kingambit|41/100|[from] item: Leftovers
|upkeep
|
|t:|1781271633
|switch|p2a: Gliscor|Gliscor, M|60/100 tox
|turn|36
|
|t:|1781271642
|-end|p1a: Kingambit|fallen1|[silent]
|switch|p1a: Samurott|Samurott-Hisui, F|77/100
|move|p2a: Gliscor|Agility|p2a: Gliscor
|-boost|p2a: Gliscor|spe|2
|
|-heal|p2a: Gliscor|72/100 tox|[from] ability: Poison Heal
|upkeep
|turn|37
|
|t:|1781271648
|switch|p1a: Corviknight|Corviknight, F|100/100
|-ability|p1a: Corviknight|Pressure
|move|p2a: Gliscor|Swords Dance|p2a: Gliscor
|-boost|p2a: Gliscor|atk|2
|
|-heal|p2a: Gliscor|84/100 tox|[from] ability: Poison Heal
|upkeep
|turn|38
|
|t:|1781271654
|move|p2a: Gliscor|Swords Dance|p2a: Gliscor
|-boost|p2a: Gliscor|atk|2
|move|p1a: Corviknight|Iron Defense|p1a: Corviknight
|-boost|p1a: Corviknight|def|2
|
|-heal|p2a: Gliscor|97/100 tox|[from] ability: Poison Heal
|upkeep
|turn|39
|j| qklingying
|
|t:|1781271659
|move|p2a: Gliscor|Agility|p2a: Gliscor
|-boost|p2a: Gliscor|spe|2
|move|p1a: Corviknight|Iron Defense|p1a: Corviknight
|-boost|p1a: Corviknight|def|2
|
|-heal|p2a: Gliscor|100/100 tox|[from] ability: Poison Heal
|upkeep
|turn|40
|
|t:|1781271665
|move|p2a: Gliscor|Swords Dance|p2a: Gliscor
|-boost|p2a: Gliscor|atk|2
|move|p1a: Corviknight|Iron Defense|p1a: Corviknight
|-boost|p1a: Corviknight|def|2
|
|upkeep
|turn|41
|
|t:|1781271671
|move|p2a: Gliscor|Earthquake|p1a: Corviknight
|-immune|p1a: Corviknight
|move|p1a: Corviknight|Body Press|p2a: Gliscor
|-resisted|p2a: Gliscor
|-damage|p2a: Gliscor|57/100 tox
|
|-heal|p2a: Gliscor|69/100 tox|[from] ability: Poison Heal
|upkeep
|turn|42
|
|t:|1781271675
|move|p2a: Gliscor|Agility|p2a: Gliscor
|-boost|p2a: Gliscor|spe|2
|move|p1a: Corviknight|Body Press|p2a: Gliscor
|-resisted|p2a: Gliscor
|-damage|p2a: Gliscor|28/100 tox
|
|-heal|p2a: Gliscor|41/100 tox|[from] ability: Poison Heal
|upkeep
|turn|43
|
|t:|1781271679
|switch|p2a: Iron Moth|Iron Moth|6/100
|-damage|p2a: Iron Moth|0 fnt|[from] Spikes
|faint|p2a: Iron Moth
|-end|p2a: Iron Moth|Quark Drive|[silent]
|move|p1a: Corviknight|Body Press|p2: Iron Moth|[notarget]
|-fail|p1a: Corviknight
|
|upkeep
|
|t:|1781271683
|switch|p2a: Gliscor|Gliscor, M|41/100 tox
|turn|44
|
|t:|1781271687
|move|p2a: Gliscor|Agility|p2a: Gliscor
|-boost|p2a: Gliscor|spe|2
|move|p1a: Corviknight|Body Press|p2a: Gliscor
|-resisted|p2a: Gliscor
|-damage|p2a: Gliscor|0 fnt
|faint|p2a: Gliscor
|
|win|overheat xyz
|raw|overheat xyz's rating: 1667 &rarr; <strong>1687</strong><br />(+20 for winning)
|raw|rekjllj's rating: 1662 &rarr; <strong>1642</strong><br />(-20 for losing)
|c|☆rekjllj|gg
