|j|☆Floundso
|j|☆Migstaper
|t:|1781003543
|gametype|singles
|player|p1|Floundso|giovanni|1675
|player|p2|Migstaper|ltsurge|1718
|gen|9
|tier|[Gen 9] OU
|rated|
|rule|HP Percentage Mod: HP is shown in percentages
|rule|Endless Battle Clause: Forcing endless battles is banned
|rule|Species Clause: Limit one of each Pokémon
|rule|OHKO Clause: OHKO moves are banned
|rule|Evasion Items Clause: Evasion items are banned
|rule|Evasion Moves Clause: Evasion moves are banned
|rule|Evasion Abilities Clause: Evasion abilities are banned
|rule|Sleep Moves Clause: Sleep-inducing moves are banned
|clearpoke
|poke|p1|Kyurem|
|poke|p1|Kingambit, M|
|poke|p1|Great Tusk|
|poke|p1|Cinderace, M|
|poke|p1|Slowking-Galar, M|
|poke|p1|Enamorus-Therian, F|
|poke|p2|Darkrai|
|poke|p2|Enamorus, F|
|poke|p2|Dragapult, M|
|poke|p2|Dragonite, M|
|poke|p2|Great Tusk|
|poke|p2|Kingambit, M|
|teampreview
|
|t:|1781003555
|teamsize|p1|6
|teamsize|p2|6
|start
|switch|p1a: Kyurem|Kyurem, shiny|100/100
|switch|p2a: Read Psalm 30|Dragapult, M, shiny|100/100
|-ability|p1a: Kyurem|Pressure
|turn|1
|inactive|Battle timer is ON: inactive players will automatically lose when time's up. (requested by Migstaper)
|j| gidhavwkfvihtr
|inactive|Floundso has 120 seconds left.
|
|t:|1781003592
|switch|p1a: Slowking|Slowking-Galar, M, shiny|100/100
|move|p2a: Read Psalm 30|Dragon Darts|p1a: Slowking
|-damage|p1a: Slowking|63/100
|-anim|p2a: Read Psalm 30|Dragon Darts|p1a: Slowking
|-damage|p1a: Slowking|24/100
|-damage|p2a: Read Psalm 30|91/100|[from] item: Life Orb
|
|upkeep
|turn|2
|
|t:|1781003602
|switch|p1a: Enamorus|Enamorus-Therian, F|100/100
|move|p2a: Read Psalm 30|Phantom Force||[still]
|-prepare|p2a: Read Psalm 30|Phantom Force
|
|upkeep
|turn|3
|
|t:|1781003607
|move|p2a: Read Psalm 30|Phantom Force|p1a: Enamorus|[from] lockedmove
|-damage|p1a: Enamorus|55/100
|-damage|p2a: Read Psalm 30|81/100|[from] item: Life Orb
|move|p1a: Enamorus|Draining Kiss|p2a: Read Psalm 30
|-supereffective|p2a: Read Psalm 30
|-damage|p2a: Read Psalm 30|22/100
|-heal|p1a: Enamorus|95/100|[from] drain|[of] p2a: Read Psalm 30
|
|-heal|p1a: Enamorus|100/100|[from] item: Leftovers
|upkeep
|turn|4
|l| gidhavwkfvihtr
|
|t:|1781003619
|switch|p2a: No condemnation|Kingambit, M, shiny|100/100
|move|p1a: Enamorus|Draining Kiss|p2a: No condemnation
|-damage|p2a: No condemnation|86/100
|
|upkeep
|turn|5
|
|t:|1781003627
|switch|p1a: Cinderace|Cinderace, M, shiny|100/100
|move|p2a: No condemnation|Iron Head|p1a: Cinderace
|-resisted|p1a: Cinderace
|-damage|p1a: Cinderace|68/100
|
|upkeep
|turn|6
|
|t:|1781003644
|-end|p2a: No condemnation|fallenundefined|[silent]
|switch|p2a: Old Testament|Darkrai, shiny|100/100
|move|p1a: Cinderace|U-turn|p2a: Old Testament
|-start|p1a: Cinderace|typechange|Bug|[from] ability: Libero
|-supereffective|p2a: Old Testament
|-damage|p2a: Old Testament|14/100
|
|t:|1781003655
|switch|p1a: Great Tusk|Great Tusk, shiny|100/100|[from] U-turn
|
|upkeep
|turn|7
|
|t:|1781003660
|-end|p1a: Great Tusk|Protosynthesis|[silent]
|switch|p1a: Cinderace|Cinderace, M, shiny|68/100
|move|p2a: Old Testament|Ice Beam|p1a: Cinderace
|-resisted|p1a: Cinderace
|-damage|p1a: Cinderace|43/100
|
|upkeep
|turn|8
|
|t:|1781003668
|move|p1a: Cinderace|Sucker Punch|p2a: Old Testament
|-start|p1a: Cinderace|typechange|Dark|[from] ability: Libero
|-resisted|p2a: Old Testament
|-damage|p2a: Old Testament|0 fnt
|faint|p2a: Old Testament
|
|upkeep
|
|t:|1781003680
|switch|p2a: Read Psalm 30|Dragapult, M, shiny|22/100
|turn|9
|
|t:|1781003683
|move|p1a: Cinderace|Sucker Punch||[still]
|-fail|p1a: Cinderace
|move|p2a: Read Psalm 30|Dragon Dance|p2a: Read Psalm 30
|-boost|p2a: Read Psalm 30|atk|1
|-boost|p2a: Read Psalm 30|spe|1
|
|upkeep
|turn|10
|
|t:|1781003691
|move|p1a: Cinderace|Sucker Punch||[still]
|-fail|p1a: Cinderace
|move|p2a: Read Psalm 30|Dragon Dance|p2a: Read Psalm 30
|-boost|p2a: Read Psalm 30|atk|1
|-boost|p2a: Read Psalm 30|spe|1
|
|upkeep
|turn|11
|j| gidhavwkfvihtr
|
|t:|1781003698
|move|p2a: Read Psalm 30|Dragon Darts|p1a: Cinderace
|-damage|p1a: Cinderace|0 fnt
|faint|p1a: Cinderace
|-damage|p2a: Read Psalm 30|12/100|[from] item: Life Orb
|
|upkeep
|
|t:|1781003702
|switch|p1a: Kingambit|Kingambit, M, shiny|100/100
|-activate|p1a: Kingambit|ability: Supreme Overlord
|-start|p1a: Kingambit|fallen1|[silent]
|-item|p1a: Kingambit|Air Balloon
|turn|12
|
|t:|1781003713
|move|p2a: Read Psalm 30|Dragon Darts|p1a: Kingambit
|-resisted|p1a: Kingambit
|-damage|p1a: Kingambit|70/100
|-enditem|p1a: Kingambit|Air Balloon
|-anim|p2a: Read Psalm 30|Dragon Darts|p1a: Kingambit
|-resisted|p1a: Kingambit
|-damage|p1a: Kingambit|42/100
|-damage|p2a: Read Psalm 30|2/100|[from] item: Life Orb
|move|p1a: Kingambit|Iron Head|p2a: Read Psalm 30
|-damage|p2a: Read Psalm 30|0 fnt
|faint|p2a: Read Psalm 30
|
|upkeep
|
|t:|1781003732
|switch|p2a: ROMANS 10:9|Great Tusk, shiny|100/100
|-enditem|p2a: ROMANS 10:9|Booster Energy
|-activate|p2a: ROMANS 10:9|ability: Protosynthesis|[fromitem]
|-start|p2a: ROMANS 10:9|protosynthesisatk
|turn|13
|
|t:|1781003738
|-end|p1a: Kingambit|fallen1|[silent]
|switch|p1a: Enamorus|Enamorus-Therian, F|100/100
|move|p2a: ROMANS 10:9|Rapid Spin|p1a: Enamorus
|-damage|p1a: Enamorus|87/100
|-boost|p2a: ROMANS 10:9|spe|1
|
|-heal|p1a: Enamorus|93/100|[from] item: Leftovers
|upkeep
|turn|14
|
|t:|1781003755
|-end|p2a: ROMANS 10:9|Protosynthesis|[silent]
|switch|p2a: No condemnation|Kingambit, M, shiny|86/100
|-activate|p2a: No condemnation|ability: Supreme Overlord
|-start|p2a: No condemnation|fallen2|[silent]
|move|p1a: Enamorus|Iron Defense|p1a: Enamorus
|-boost|p1a: Enamorus|def|2
|
|-heal|p1a: Enamorus|99/100|[from] item: Leftovers
|upkeep
|turn|15
|
|t:|1781003765
|-terastallize|p1a: Enamorus|Poison
|move|p2a: No condemnation|Iron Head|p1a: Enamorus
|-damage|p1a: Enamorus|80/100
|cant|p1a: Enamorus|flinch
|
|-heal|p1a: Enamorus|86/100|[from] item: Leftovers
|upkeep
|turn|16
|
|t:|1781003776
|move|p2a: No condemnation|Kowtow Cleave|p1a: Enamorus
|-damage|p1a: Enamorus|67/100
|move|p1a: Enamorus|Iron Defense|p1a: Enamorus
|-boost|p1a: Enamorus|def|2
|
|-heal|p1a: Enamorus|73/100|[from] item: Leftovers
|upkeep
|turn|17
|
|t:|1781003785
|-end|p2a: No condemnation|fallen2|[silent]
|switch|p2a: Read the Bible|Enamorus, F, shiny|100/100
|move|p1a: Enamorus|Calm Mind|p1a: Enamorus
|-boost|p1a: Enamorus|spa|1
|-boost|p1a: Enamorus|spd|1
|
|-heal|p1a: Enamorus|79/100|[from] item: Leftovers
|upkeep
|turn|18
|
|t:|1781003794
|move|p2a: Read the Bible|Earth Power|p1a: Enamorus
|-supereffective|p1a: Enamorus
|-damage|p1a: Enamorus|22/100
|-damage|p2a: Read the Bible|91/100|[from] item: Life Orb
|move|p1a: Enamorus|Draining Kiss|p2a: Read the Bible
|-damage|p2a: Read the Bible|42/100
|-heal|p1a: Enamorus|52/100|[from] drain|[of] p2a: Read the Bible
|
|-heal|p1a: Enamorus|58/100|[from] item: Leftovers
|upkeep
|turn|19
|
|t:|1781003805
|move|p2a: Read the Bible|Earth Power|p1a: Enamorus
|-supereffective|p1a: Enamorus
|-damage|p1a: Enamorus|0 fnt
|faint|p1a: Enamorus
|-damage|p2a: Read the Bible|32/100|[from] item: Life Orb
|
|upkeep
|l| gidhavwkfvihtr
|
|t:|1781003809
|switch|p1a: Great Tusk|Great Tusk, shiny|100/100
|turn|20
|
|t:|1781003819
|move|p1a: Great Tusk|Ice Spinner|p2a: Read the Bible
|-supereffective|p2a: Read the Bible
|-damage|p2a: Read the Bible|0 fnt
|faint|p2a: Read the Bible
|
|upkeep
|
|t:|1781003824
|switch|p2a: No condemnation|Kingambit, M, shiny|86/100
|-activate|p2a: No condemnation|ability: Supreme Overlord
|-start|p2a: No condemnation|fallen3|[silent]
|turn|21
|
|t:|1781003828
|-end|p1a: Great Tusk|Protosynthesis|[silent]
|switch|p1a: Kingambit|Kingambit, M, shiny|42/100
|-activate|p1a: Kingambit|ability: Supreme Overlord
|-start|p1a: Kingambit|fallen2|[silent]
|move|p2a: No condemnation|Brick Break|p1a: Kingambit
|-supereffective|p1a: Kingambit
|-damage|p1a: Kingambit|0 fnt
|faint|p1a: Kingambit
|-end|p1a: Kingambit|fallen2|[silent]
|
|upkeep
|
|t:|1781003833
|switch|p1a: Great Tusk|Great Tusk, shiny|100/100
|turn|22
|inactive|Migstaper has 120 seconds left.
|
|t:|1781003863
|-end|p2a: No condemnation|fallen3|[silent]
|switch|p2a: ROMANS 10:9|Great Tusk, shiny|100/100
|move|p1a: Great Tusk|Close Combat|p2a: ROMANS 10:9
|-damage|p2a: ROMANS 10:9|51/100
|-unboost|p1a: Great Tusk|def|1
|-unboost|p1a: Great Tusk|spd|1
|
|upkeep
|turn|23
|inactive|Migstaper has 120 seconds left.
|
|t:|1781003877
|move|p1a: Great Tusk|Close Combat|p2a: ROMANS 10:9
|-damage|p2a: ROMANS 10:9|4/100
|-unboost|p1a: Great Tusk|def|1
|-unboost|p1a: Great Tusk|spd|1
|move|p2a: ROMANS 10:9|Headlong Rush|p1a: Great Tusk
|-damage|p1a: Great Tusk|7/100
|-unboost|p2a: ROMANS 10:9|def|1
|-unboost|p2a: ROMANS 10:9|spd|1
|
|upkeep
|turn|24
|inactive|Migstaper has 120 seconds left.
|
|t:|1781003889
|move|p1a: Great Tusk|Close Combat|p2a: ROMANS 10:9
|-damage|p2a: ROMANS 10:9|0 fnt
|-unboost|p1a: Great Tusk|def|1
|-unboost|p1a: Great Tusk|spd|1
|faint|p2a: ROMANS 10:9
|-end|p2a: ROMANS 10:9|Protosynthesis|[silent]
|
|upkeep
|inactive|Migstaper has 120 seconds left.
|
|t:|1781003896
|switch|p2a: Paul|Dragonite, M, shiny|100/100
|turn|25
|
|t:|1781003902
|-end|p1a: Great Tusk|Protosynthesis|[silent]
|switch|p1a: Kyurem|Kyurem, shiny|100/100
|-ability|p1a: Kyurem|Pressure
|move|p2a: Paul|Extreme Speed|p1a: Kyurem
|-damage|p1a: Kyurem|83/100
|
|upkeep
|turn|26
|
|t:|1781003914
|switch|p2a: No condemnation|Kingambit, M, shiny|86/100
|-activate|p2a: No condemnation|ability: Supreme Overlord
|-start|p2a: No condemnation|fallen4|[silent]
|move|p1a: Kyurem|Ice Beam|p2a: No condemnation
|-resisted|p2a: No condemnation
|-damage|p2a: No condemnation|75/100
|
|upkeep
|turn|27
|j| Lava Run
|
|t:|1781003922
|move|p1a: Kyurem|Body Press|p2a: No condemnation
|-supereffective|p2a: No condemnation
|-damage|p2a: No condemnation|10/100
|move|p2a: No condemnation|Iron Head|p1a: Kyurem
|-supereffective|p1a: Kyurem
|-damage|p1a: Kyurem|2/100
|
|upkeep
|turn|28
|
|t:|1781003932
|switch|p1a: Slowking|Slowking-Galar, M, shiny|58/100
|move|p2a: No condemnation|Sucker Punch||[still]
|-fail|p2a: No condemnation
|
|upkeep
|turn|29
|
|t:|1781003939
|move|p2a: No condemnation|Kowtow Cleave|p1a: Slowking
|-supereffective|p1a: Slowking
|-damage|p1a: Slowking|0 fnt
|faint|p1a: Slowking
|
|upkeep
|
|t:|1781003942
|switch|p1a: Kyurem|Kyurem, shiny|2/100
|-ability|p1a: Kyurem|Pressure
|turn|30
|-message|Floundso forfeited.
|
|win|Migstaper
|raw|Floundso's rating: 1675 &rarr; <strong>1657</strong><br />(-18 for losing)
|raw|Migstaper's rating: 1718 &rarr; <strong>1736</strong><br />(+18 for winning)
|l|☆Floundso
|player|p1|
|l| Lava Run
|l|☆Migstaper
|player|p2|
|j| gidhavwkfvihtr
|l| gidhavwkfvihtr
