|j|☆overheat xyz
|j|☆healorant
|t:|1781438873
|gametype|singles
|player|p1|overheat xyz|169|1681
|player|p2|healorant|alder|1727
|gen|9
|tier|[Gen 9] OU
|rated|
|rule|HP Percentage Mod: HP is shown in percentages
|rule|Endless Battle Clause: Forcing endless battles is banned
|rule|Species Clause: Limit one of each Pokémon
|rule|OHKO Clause: OHKO moves are banned
|rule|Evasion Items Clause: Evasion items are banned
|rule|Evasion Moves Clause: Evasion moves are banned
|rule|Evasion Abilities Clause: Evasion abilities are banned
|rule|Sleep Moves Clause: Sleep-inducing moves are banned
|clearpoke
|poke|p1|Tyranitar, F|
|poke|p1|Excadrill, F|
|poke|p1|Skarmory, M|
|poke|p1|Dragapult, M|
|poke|p1|Garganacl, F|
|poke|p1|Primarina, F|
|poke|p2|Heatran, F|
|poke|p2|Zamazenta-*|
|poke|p2|Dragonite, F|
|poke|p2|Clefable, F|
|poke|p2|Gliscor, M|
|poke|p2|Zarude|
|teampreview
|j| JakobPetersonV
|
|t:|1781438887
|teamsize|p1|6
|teamsize|p2|6
|start
|switch|p1a: Primarina|Primarina, F|100/100
|switch|p2a: Zarude|Zarude|100/100
|turn|1
|inactive|Battle timer is ON: inactive players will automatically lose when time's up. (requested by healorant)
|
|t:|1781438900
|switch|p1a: Skarmory|Skarmory, M|100/100
|move|p2a: Zarude|Knock Off|p1a: Skarmory
|-damage|p1a: Skarmory|72/100
|-damage|p2a: Zarude|84/100|[from] item: Rocky Helmet|[of] p1a: Skarmory
|-enditem|p1a: Skarmory|Rocky Helmet|[from] move: Knock Off|[of] p2a: Zarude
|
|upkeep
|turn|2
|inactive|overheat xyz has 120 seconds left.
|
|t:|1781438951
|switch|p2a: Gliscor|Gliscor, M|100/100
|move|p1a: Skarmory|Spikes|p2a: Gliscor
|-sidestart|p2: healorant|Spikes
|
|-status|p2a: Gliscor|tox|[from] item: Toxic Orb
|upkeep
|turn|3
|l|☆overheat xyz
|inactive|overheat xyz disconnected and has a minute to reconnect!
|player|p1|
|inactive|overheat xyz has 30 seconds to reconnect!
|inactive|overheat xyz has 20 seconds to reconnect!
|j|☆overheat xyz
|inactive|overheat xyz reconnected and has 55 seconds left.
|player|p1|overheat xyz|169|
|
|t:|1781439013
|move|p2a: Gliscor|Toxic Spikes|p1a: Skarmory
|-sidestart|p1: overheat xyz|move: Toxic Spikes
|move|p1a: Skarmory|Spikes|p2a: Gliscor
|-sidestart|p2: healorant|Spikes
|
|upkeep
|turn|4
|
|t:|1781439021
|switch|p2a: Heatran|Heatran, F|100/100
|-damage|p2a: Heatran|84/100|[from] Spikes
|move|p1a: Skarmory|Spikes|p2a: Heatran
|-sidestart|p2: healorant|Spikes
|
|-heal|p2a: Heatran|90/100|[from] item: Leftovers
|upkeep
|turn|5
|
|t:|1781439025
|switch|p1a: Garganacl|Garganacl, F|100/100
|move|p2a: Heatran|Substitute|p2a: Heatran
|-start|p2a: Heatran|Substitute
|-damage|p2a: Heatran|65/100
|
|-heal|p2a: Heatran|71/100|[from] item: Leftovers
|upkeep
|turn|6
|
|t:|1781439030
|move|p2a: Heatran|Earth Power|p1a: Garganacl
|-supereffective|p1a: Garganacl
|-damage|p1a: Garganacl|54/100
|move|p1a: Garganacl|Salt Cure|p2a: Heatran
|-activate|p2a: Heatran|move: Substitute|[damage]
|
|-heal|p2a: Heatran|77/100|[from] item: Leftovers
|-heal|p1a: Garganacl|60/100|[from] item: Leftovers
|upkeep
|turn|7
|
|t:|1781439039
|move|p1a: Garganacl|Protect|p1a: Garganacl
|-singleturn|p1a: Garganacl|Protect
|move|p2a: Heatran|Earth Power|p1a: Garganacl
|-activate|p1a: Garganacl|move: Protect
|
|-heal|p2a: Heatran|83/100|[from] item: Leftovers
|-heal|p1a: Garganacl|66/100|[from] item: Leftovers
|upkeep
|turn|8
|inactive|overheat xyz has 90 seconds left.
|
|t:|1781439045
|move|p2a: Heatran|Flamethrower|p1a: Garganacl
|-resisted|p1a: Garganacl
|-damage|p1a: Garganacl|51/100
|move|p1a: Garganacl|Recover|p1a: Garganacl
|-heal|p1a: Garganacl|100/100
|
|-heal|p2a: Heatran|89/100|[from] item: Leftovers
|upkeep
|turn|9
|
|t:|1781439051
|move|p2a: Heatran|Earth Power|p1a: Garganacl
|-supereffective|p1a: Garganacl
|-damage|p1a: Garganacl|59/100
|-unboost|p1a: Garganacl|spd|1
|move|p1a: Garganacl|Salt Cure|p2a: Heatran
|-end|p2a: Heatran|Substitute
|
|-heal|p2a: Heatran|95/100|[from] item: Leftovers
|-heal|p1a: Garganacl|65/100|[from] item: Leftovers
|upkeep
|turn|10
|j| Fistiano Analdo
|
|t:|1781439064
|move|p2a: Heatran|Substitute|p2a: Heatran
|-start|p2a: Heatran|Substitute
|-damage|p2a: Heatran|70/100
|move|p1a: Garganacl|Recover|p1a: Garganacl
|-heal|p1a: Garganacl|100/100
|
|-heal|p2a: Heatran|76/100|[from] item: Leftovers
|upkeep
|turn|11
|
|t:|1781439074
|move|p1a: Garganacl|Protect|p1a: Garganacl
|-singleturn|p1a: Garganacl|Protect
|move|p2a: Heatran|Flamethrower|p1a: Garganacl
|-activate|p1a: Garganacl|move: Protect
|
|-heal|p2a: Heatran|82/100|[from] item: Leftovers
|upkeep
|turn|12
|
|t:|1781439083
|move|p2a: Heatran|Earth Power|p1a: Garganacl
|-supereffective|p1a: Garganacl
|-crit|p1a: Garganacl
|-damage|p1a: Garganacl|0 fnt
|faint|p1a: Garganacl
|
|-heal|p2a: Heatran|88/100|[from] item: Leftovers
|upkeep
|
|t:|1781439093
|switch|p1a: Dragapult|Dragapult, M|100/100
|-status|p1a: Dragapult|psn
|turn|13
|
|t:|1781439100
|move|p2a: Heatran|Protect|p2a: Heatran
|-singleturn|p2a: Heatran|Protect
|move|p1a: Dragapult|Shadow Ball|p2a: Heatran
|-activate|p2a: Heatran|move: Protect
|
|-heal|p2a: Heatran|94/100|[from] item: Leftovers
|-damage|p1a: Dragapult|88/100 psn|[from] psn
|upkeep
|turn|14
|
|t:|1781439107
|move|p1a: Dragapult|Shadow Ball|p2a: Heatran
|-damage|p2a: Heatran|46/100
|move|p2a: Heatran|Earth Power|p1a: Dragapult
|-damage|p1a: Dragapult|39/100 psn
|
|-heal|p2a: Heatran|52/100|[from] item: Leftovers
|-damage|p1a: Dragapult|26/100 psn|[from] psn
|upkeep
|turn|15
|inactive|overheat xyz has 120 seconds left.
|
|t:|1781439115
|move|p2a: Heatran|Protect|p2a: Heatran
|-singleturn|p2a: Heatran|Protect
|move|p1a: Dragapult|Shadow Ball|p2a: Heatran
|-activate|p2a: Heatran|move: Protect
|
|-heal|p2a: Heatran|58/100|[from] item: Leftovers
|-damage|p1a: Dragapult|14/100 psn|[from] psn
|upkeep
|turn|16
|
|t:|1781439124
|-terastallize|p1a: Dragapult|Ghost
|move|p1a: Dragapult|Shadow Ball|p2a: Heatran
|-crit|p2a: Heatran
|-damage|p2a: Heatran|0 fnt
|faint|p2a: Heatran
|
|-damage|p1a: Dragapult|2/100 psn|[from] psn
|upkeep
|
|t:|1781439144
|switch|p2a: Gliscor|Gliscor, M|100/100 tox
|turn|17
|
|t:|1781439152
|switch|p1a: Skarmory|Skarmory, M|72/100
|move|p2a: Gliscor|Protect||[still]
|-fail|p2a: Gliscor
|
|upkeep
|turn|18
|
|t:|1781439158
|switch|p2a: Clefable|Clefable, F|100/100
|move|p1a: Skarmory|Roost|p1a: Skarmory
|-heal|p1a: Skarmory|100/100
|-singleturn|p1a: Skarmory|move: Roost
|
|upkeep
|turn|19
|
|t:|1781439166
|move|p2a: Clefable|Stealth Rock|p1a: Skarmory
|-sidestart|p1: overheat xyz|move: Stealth Rock
|move|p1a: Skarmory|Whirlwind|p2a: Clefable
|drag|p2a: Zamazenta|Zamazenta|100/100
|-ability|p2a: Zamazenta|Dauntless Shield|boost
|-boost|p2a: Zamazenta|def|1
|
|upkeep
|turn|20
|
|t:|1781439176
|switch|p2a: Clefable|Clefable, F|100/100
|move|p1a: Skarmory|Brave Bird|p2a: Clefable
|-damage|p2a: Clefable|73/100
|-damage|p1a: Skarmory|84/100|[from] item: Rocky Helmet|[of] p2a: Clefable
|-damage|p1a: Skarmory|73/100|[from] Recoil
|
|upkeep
|turn|21
|
|t:|1781439186
|move|p1a: Skarmory|Roost|p1a: Skarmory
|-heal|p1a: Skarmory|100/100
|-singleturn|p1a: Skarmory|move: Roost
|move|p2a: Clefable|Flamethrower|p1a: Skarmory
|-supereffective|p1a: Skarmory
|-damage|p1a: Skarmory|46/100
|
|upkeep
|turn|22
|
|t:|1781439191
|move|p1a: Skarmory|Roost|p1a: Skarmory
|-heal|p1a: Skarmory|96/100
|-singleturn|p1a: Skarmory|move: Roost
|move|p2a: Clefable|Moonlight|p2a: Clefable
|-heal|p2a: Clefable|100/100
|
|upkeep
|turn|23
|
|t:|1781439198
|switch|p1a: Tyranitar|Tyranitar, F|100/100
|-status|p1a: Tyranitar|psn
|-damage|p1a: Tyranitar|88/100 psn|[from] Stealth Rock
|-weather|Sandstorm|[from] ability: Sand Stream|[of] p1a: Tyranitar
|move|p2a: Clefable|Flamethrower|p1a: Tyranitar
|-resisted|p1a: Tyranitar
|-damage|p1a: Tyranitar|81/100 psn
|
|-weather|Sandstorm|[upkeep]
|-damage|p1a: Tyranitar|69/100 psn|[from] psn
|upkeep
|turn|24
|
|t:|1781439207
|switch|p2a: Gliscor|Gliscor, M|100/100 tox
|move|p1a: Tyranitar|Stone Edge|p2a: Gliscor
|-damage|p2a: Gliscor|30/100 tox
|
|-weather|Sandstorm|[upkeep]
|-heal|p2a: Gliscor|42/100 tox|[from] ability: Poison Heal
|-damage|p1a: Tyranitar|57/100 psn|[from] psn
|upkeep
|turn|25
|j| dante1310
|
|t:|1781439223
|move|p2a: Gliscor|Earthquake|p1a: Tyranitar
|-supereffective|p1a: Tyranitar
|-damage|p1a: Tyranitar|0 fnt
|faint|p1a: Tyranitar
|
|-weather|Sandstorm|[upkeep]
|-heal|p2a: Gliscor|55/100 tox|[from] ability: Poison Heal
|upkeep
|
|t:|1781439230
|switch|p1a: Excadrill|Excadrill, F|100/100
|-damage|p1a: Excadrill|97/100|[from] Stealth Rock
|turn|26
|
|t:|1781439238
|move|p1a: Excadrill|Rapid Spin|p2a: Gliscor
|-damage|p2a: Gliscor|34/100 tox
|-boost|p1a: Excadrill|spe|1
|-sideend|p1: overheat xyz|Toxic Spikes|[from] move: Rapid Spin|[of] p1a: Excadrill
|-sideend|p1: overheat xyz|Stealth Rock|[from] move: Rapid Spin|[of] p1a: Excadrill
|-damage|p1a: Excadrill|87/100|[from] item: Life Orb
|move|p2a: Gliscor|Earthquake|p1a: Excadrill
|-supereffective|p1a: Excadrill
|-damage|p1a: Excadrill|0 fnt
|faint|p1a: Excadrill
|
|-weather|Sandstorm|[upkeep]
|-heal|p2a: Gliscor|46/100 tox|[from] ability: Poison Heal
|upkeep
|
|t:|1781439245
|switch|p1a: Primarina|Primarina, F|100/100
|turn|27
|
|t:|1781439253
|move|p2a: Gliscor|Earthquake|p1a: Primarina
|-damage|p1a: Primarina|60/100
|move|p1a: Primarina|Surf|p2a: Gliscor
|-supereffective|p2a: Gliscor
|-damage|p2a: Gliscor|0 fnt
|faint|p2a: Gliscor
|
|-weather|none
|upkeep
|
|t:|1781439258
|switch|p2a: Zarude|Zarude|84/100
|turn|28
|
|t:|1781439264
|switch|p1a: Skarmory|Skarmory, M|96/100
|move|p2a: Zarude|Power Whip|p1a: Skarmory
|-resisted|p1a: Skarmory
|-damage|p1a: Skarmory|87/100
|
|upkeep
|turn|29
|
|t:|1781439276
|switch|p2a: Clefable|Clefable, F|100/100
|switch|p1a: Primarina|Primarina, F|60/100
|
|upkeep
|turn|30
|
|t:|1781439284
|move|p1a: Primarina|Moonblast|p2a: Clefable
|-crit|p2a: Clefable
|-damage|p2a: Clefable|27/100
|move|p2a: Clefable|Moonblast|p1a: Primarina
|-damage|p1a: Primarina|41/100
|
|upkeep
|turn|31
|
|t:|1781439299
|move|p2a: Clefable|Moonblast|p1a: Primarina
|-damage|p1a: Primarina|23/100
|move|p1a: Primarina|Moonblast|p2a: Clefable
|-damage|p2a: Clefable|0 fnt
|faint|p2a: Clefable
|
|upkeep
|
|t:|1781439306
|switch|p2a: Dragonite|Dragonite, F|100/100
|turn|32
|
|t:|1781439321
|switch|p1a: Skarmory|Skarmory, M|87/100
|move|p2a: Dragonite|Earthquake|p1a: Skarmory
|-immune|p1a: Skarmory
|
|upkeep
|turn|33
|
|t:|1781439343
|move|p2a: Dragonite|Dragon Dance|p2a: Dragonite
|-boost|p2a: Dragonite|atk|1
|-boost|p2a: Dragonite|spe|1
|move|p1a: Skarmory|Whirlwind|p2a: Dragonite
|drag|p2a: Zarude|Zarude|84/100
|
|upkeep
|turn|34
|
|t:|1781439358
|-terastallize|p2a: Zarude|Poison
|move|p2a: Zarude|Swords Dance|p2a: Zarude
|-boost|p2a: Zarude|atk|2
|move|p1a: Skarmory|Brave Bird|p2a: Zarude
|-damage|p2a: Zarude|50/100
|-damage|p1a: Skarmory|76/100|[from] Recoil
|
|upkeep
|turn|35
|inactive|overheat xyz has 120 seconds left.
|
|t:|1781439388
|switch|p1a: Primarina|Primarina, F|23/100
|move|p2a: Zarude|Knock Off|p1a: Primarina
|-resisted|p1a: Primarina
|-crit|p1a: Primarina
|-damage|p1a: Primarina|0 fnt
|-enditem|p1a: Primarina|Assault Vest|[from] move: Knock Off|[of] p2a: Zarude
|faint|p1a: Primarina
|
|upkeep
|inactive|overheat xyz has 120 seconds left.
|
|t:|1781439396
|switch|p1a: Dragapult|Dragapult, M, tera:Ghost|2/100 psn
|turn|36
|
|t:|1781439404
|switch|p2a: Dragonite|Dragonite, F|100/100
|move|p1a: Dragapult|Shadow Ball|p2a: Dragonite
|-damage|p2a: Dragonite|62/100
|
|-damage|p1a: Dragapult|0 fnt|[from] psn
|faint|p1a: Dragapult
|upkeep
|c|☆healorant|gg
|inactive|overheat xyz has 120 seconds left.
|
|t:|1781439416
|switch|p1a: Skarmory|Skarmory, M|76/100
|turn|37
|
|t:|1781439425
|move|p2a: Dragonite|Roost|p2a: Dragonite
|-heal|p2a: Dragonite|100/100
|-singleturn|p2a: Dragonite|move: Roost
|move|p1a: Skarmory|Brave Bird|p2a: Dragonite
|-damage|p2a: Dragonite|83/100
|-damage|p1a: Skarmory|70/100|[from] Recoil
|
|upkeep
|turn|38
|
|t:|1781439439
|move|p2a: Dragonite|Dragon Dance|p2a: Dragonite
|-boost|p2a: Dragonite|atk|1
|-boost|p2a: Dragonite|spe|1
|move|p1a: Skarmory|Roost|p1a: Skarmory
|-heal|p1a: Skarmory|100/100
|-singleturn|p1a: Skarmory|move: Roost
|
|upkeep
|turn|39
|inactive|overheat xyz has 120 seconds left.
|
|t:|1781439460
|move|p2a: Dragonite|Dragon Dance|p2a: Dragonite
|-boost|p2a: Dragonite|atk|1
|-boost|p2a: Dragonite|spe|1
|move|p1a: Skarmory|Whirlwind|p2a: Dragonite
|drag|p2a: Zamazenta|Zamazenta|100/100
|
|upkeep
|turn|40
|inactive|overheat xyz has 120 seconds left.
|
|t:|1781439485
|switch|p2a: Dragonite|Dragonite, F|83/100
|move|p1a: Skarmory|Brave Bird|p2a: Dragonite
|-damage|p2a: Dragonite|43/100
|-damage|p1a: Skarmory|88/100|[from] Recoil
|
|upkeep
|turn|41
|j| Schlafparalyse
|
|t:|1781439495
|move|p2a: Dragonite|Roost|p2a: Dragonite
|-heal|p2a: Dragonite|93/100
|-singleturn|p2a: Dragonite|move: Roost
|move|p1a: Skarmory|Brave Bird|p2a: Dragonite
|-damage|p2a: Dragonite|54/100
|-damage|p1a: Skarmory|75/100|[from] Recoil
|
|upkeep
|turn|42
|
|t:|1781439501
|move|p2a: Dragonite|Roost|p2a: Dragonite
|-heal|p2a: Dragonite|100/100
|-singleturn|p2a: Dragonite|move: Roost
|move|p1a: Skarmory|Brave Bird|p2a: Dragonite
|-damage|p2a: Dragonite|82/100
|-damage|p1a: Skarmory|69/100|[from] Recoil
|
|upkeep
|turn|43
|l|☆overheat xyz
|inactive|overheat xyz disconnected and has a minute to reconnect!
|player|p1|
|j|☆overheat xyz
|inactive|overheat xyz reconnected and has 95 seconds left.
|player|p1|overheat xyz|169|
|inactive|overheat xyz has 90 seconds left.
|
|t:|1781439538
|move|p2a: Dragonite|Dragon Dance|p2a: Dragonite
|-boost|p2a: Dragonite|atk|1
|-boost|p2a: Dragonite|spe|1
|move|p1a: Skarmory|Brave Bird|p2a: Dragonite
|-damage|p2a: Dragonite|44/100
|-damage|p1a: Skarmory|57/100|[from] Recoil
|
|upkeep
|turn|44
|
|t:|1781439542
|move|p2a: Dragonite|Extreme Speed|p1a: Skarmory
|-resisted|p1a: Skarmory
|-crit|p1a: Skarmory
|-damage|p1a: Skarmory|35/100
|move|p1a: Skarmory|Roost|p1a: Skarmory
|-heal|p1a: Skarmory|85/100
|-singleturn|p1a: Skarmory|move: Roost
|
|upkeep
|turn|45
|
|t:|1781439549
|move|p2a: Dragonite|Roost|p2a: Dragonite
|-heal|p2a: Dragonite|95/100
|-singleturn|p2a: Dragonite|move: Roost
|move|p1a: Skarmory|Brave Bird|p2a: Dragonite
|-damage|p2a: Dragonite|59/100
|-damage|p1a: Skarmory|73/100|[from] Recoil
|
|upkeep
|turn|46
|
|t:|1781439553
|move|p2a: Dragonite|Extreme Speed|p1a: Skarmory
|-resisted|p1a: Skarmory
|-damage|p1a: Skarmory|59/100
|move|p1a: Skarmory|Brave Bird|p2a: Dragonite
|-damage|p2a: Dragonite|23/100
|-damage|p1a: Skarmory|48/100|[from] Recoil
|
|upkeep
|turn|47
|
|t:|1781439563
|move|p2a: Dragonite|Roost|p2a: Dragonite
|-heal|p2a: Dragonite|73/100
|-singleturn|p2a: Dragonite|move: Roost
|move|p1a: Skarmory|Brave Bird|p2a: Dragonite
|-damage|p2a: Dragonite|35/100
|-damage|p1a: Skarmory|35/100|[from] Recoil
|
|upkeep
|turn|48
|
|t:|1781439575
|move|p2a: Dragonite|Dragon Dance|p2a: Dragonite
|-boost|p2a: Dragonite|atk|1
|-boost|p2a: Dragonite|spe|1
|move|p1a: Skarmory|Roost|p1a: Skarmory
|-heal|p1a: Skarmory|85/100
|-singleturn|p1a: Skarmory|move: Roost
|
|upkeep
|turn|49
|
|t:|1781439584
|move|p2a: Dragonite|Roost|p2a: Dragonite
|-heal|p2a: Dragonite|85/100
|-singleturn|p2a: Dragonite|move: Roost
|move|p1a: Skarmory|Whirlwind|p2a: Dragonite
|drag|p2a: Zamazenta|Zamazenta|100/100
|
|upkeep
|turn|50
|inactive|overheat xyz has 120 seconds left.
|
|t:|1781439592
|switch|p2a: Dragonite|Dragonite, F|85/100
|move|p1a: Skarmory|Brave Bird|p2a: Dragonite
|-damage|p2a: Dragonite|46/100
|-damage|p1a: Skarmory|73/100|[from] Recoil
|
|upkeep
|turn|51
|
|t:|1781439598
|move|p2a: Dragonite|Extreme Speed|p1a: Skarmory
|-resisted|p1a: Skarmory
|-damage|p1a: Skarmory|63/100
|move|p1a: Skarmory|Brave Bird|p2a: Dragonite
|-damage|p2a: Dragonite|7/100
|-damage|p1a: Skarmory|50/100|[from] Recoil
|
|upkeep
|turn|52
|
|t:|1781439604
|move|p2a: Dragonite|Roost|p2a: Dragonite
|-heal|p2a: Dragonite|57/100
|-singleturn|p2a: Dragonite|move: Roost
|move|p1a: Skarmory|Roost|p1a: Skarmory
|-heal|p1a: Skarmory|100/100
|-singleturn|p1a: Skarmory|move: Roost
|
|upkeep
|turn|53
|
|t:|1781439609
|move|p2a: Dragonite|Extreme Speed|p1a: Skarmory
|-resisted|p1a: Skarmory
|-damage|p1a: Skarmory|92/100
|move|p1a: Skarmory|Brave Bird|p2a: Dragonite
|-damage|p2a: Dragonite|20/100
|-damage|p1a: Skarmory|80/100|[from] Recoil
|
|upkeep
|turn|54
|
|t:|1781439619
|move|p2a: Dragonite|Roost|p2a: Dragonite
|-heal|p2a: Dragonite|70/100
|-singleturn|p2a: Dragonite|move: Roost
|move|p1a: Skarmory|Brave Bird|p2a: Dragonite
|-damage|p2a: Dragonite|35/100
|-damage|p1a: Skarmory|68/100|[from] Recoil
|
|upkeep
|turn|55
|
|t:|1781439627
|move|p2a: Dragonite|Extreme Speed|p1a: Skarmory
|-resisted|p1a: Skarmory
|-damage|p1a: Skarmory|60/100
|move|p1a: Skarmory|Brave Bird|p2a: Dragonite
|-damage|p2a: Dragonite|0 fnt
|faint|p2a: Dragonite
|-damage|p1a: Skarmory|49/100|[from] Recoil
|
|upkeep
|
|t:|1781439631
|switch|p2a: Zarude|Zarude, tera:Poison|50/100
|turn|56
|
|t:|1781439640
|move|p2a: Zarude|Synthesis|p2a: Zarude
|-heal|p2a: Zarude|99/100
|move|p1a: Skarmory|Whirlwind|p2a: Zarude
|drag|p2a: Zamazenta|Zamazenta|100/100
|
|upkeep
|turn|57
|-message|overheat xyz forfeited.
|
|win|healorant
|raw|overheat xyz's rating: 1681 &rarr; <strong>1664</strong><br />(-17 for losing)
|raw|healorant's rating: 1727 &rarr; <strong>1744</strong><br />(+17 for winning)
|l|☆overheat xyz
|player|p1|
|l|☆healorant
|player|p2|
|l| Fistiano Analdo
|l| JakobPetersonV
|l| dante1310
