|j|☆cachowcapow
|j|☆InfinityPokeRang3r
|t:|1781030323
|gametype|singles
|player|p1|cachowcapow|102|1565
|player|p2|InfinityPokeRang3r|ingo|1570
|gen|9
|tier|[Gen 9] OU
|rated|
|rule|HP Percentage Mod: HP is shown in percentages
|rule|Endless Battle Clause: Forcing endless battles is banned
|rule|Species Clause: Limit one of each Pokémon
|rule|OHKO Clause: OHKO moves are banned
|rule|Evasion Items Clause: Evasion items are banned
|rule|Evasion Moves Clause: Evasion moves are banned
|rule|Evasion Abilities Clause: Evasion abilities are banned
|rule|Sleep Moves Clause: Sleep-inducing moves are banned
|clearpoke
|poke|p1|Alomomola, M|
|poke|p1|Gardevoir, M|
|poke|p1|Scizor, M|
|poke|p1|Slither Wing|
|poke|p1|Mew|
|poke|p1|Meowscarada, F|
|poke|p2|Glimmora, M|
|poke|p2|Zapdos-Galar|
|poke|p2|Kyurem|
|poke|p2|Araquanid, F|
|poke|p2|Iron Treads|
|poke|p2|Sinistcha-Masterpiece|
|teampreview
|
|t:|1781030333
|teamsize|p1|6
|teamsize|p2|6
|start
|switch|p1a: Mew|Mew, shiny|100/100
|switch|p2a: Araquanid|Araquanid, F|100/100
|turn|1
|
|t:|1781030336
|move|p1a: Mew|Agility|p1a: Mew
|-boost|p1a: Mew|spe|2
|move|p2a: Araquanid|Liquidation|p1a: Mew
|-damage|p1a: Mew|64/100
|
|upkeep
|turn|2
|-activate|p2a: Araquanid|item: Quick Claw
|
|t:|1781030343
|move|p2a: Araquanid|Leech Life|p1a: Mew
|-supereffective|p1a: Mew
|-damage|p1a: Mew|26/100
|-enditem|p1a: Mew|Weakness Policy
|-boost|p1a: Mew|atk|2|[from] item: Weakness Policy
|-boost|p1a: Mew|spa|2|[from] item: Weakness Policy
|move|p1a: Mew|Calm Mind|p1a: Mew
|-boost|p1a: Mew|spa|1
|-boost|p1a: Mew|spd|1
|
|upkeep
|turn|3
|
|t:|1781030352
|move|p1a: Mew|Stored Power|p2a: Araquanid
|-damage|p2a: Araquanid|0 fnt
|faint|p2a: Araquanid
|
|upkeep
|
|t:|1781030359
|switch|p2a: Glimmora|Glimmora, M|100/100
|turn|4
|
|t:|1781030363
|move|p1a: Mew|Stored Power|p2a: Glimmora
|-supereffective|p2a: Glimmora
|-enditem|p2a: Glimmora|Focus Sash
|-damage|p2a: Glimmora|1/100
|move|p2a: Glimmora|Mortal Spin|p1a: Mew
|-damage|p1a: Mew|22/100
|-status|p1a: Mew|psn
|-activate|p1a: Mew|ability: Synchronize
|-immune|p2a: Glimmora
|
|-damage|p1a: Mew|10/100 psn|[from] psn
|upkeep
|turn|5
|
|t:|1781030375
|move|p1a: Mew|Stored Power|p2a: Glimmora
|-supereffective|p2a: Glimmora
|-damage|p2a: Glimmora|0 fnt
|faint|p2a: Glimmora
|
|-damage|p1a: Mew|0 fnt|[from] psn
|faint|p1a: Mew
|upkeep
|
|t:|1781030382
|switch|p2a: Zapdos|Zapdos-Galar|100/100
|switch|p1a: Alomomola|Alomomola, M|100/100
|turn|6
|
|t:|1781030385
|move|p2a: Zapdos|U-turn|p1a: Alomomola
|-damage|p1a: Alomomola|74/100
|
|t:|1781030388
|switch|p2a: Sinistcha|Sinistcha-Masterpiece|100/100|[from] U-turn
|move|p1a: Alomomola|Flip Turn|p2a: Sinistcha
|-resisted|p2a: Sinistcha
|-damage|p2a: Sinistcha|84/100
|
|t:|1781030404
|switch|p1a: Gardevoir|Gardevoir, M, shiny|100/100|[from] Flip Turn
|-ability|p1a: Gardevoir|Heatproof|Trace|[from] ability: Trace|[of] p2a: Sinistcha
|
|upkeep
|turn|7
|
|t:|1781030413
|switch|p2a: Iron Treads|Iron Treads|100/100
|move|p1a: Gardevoir|Shadow Ball|p2a: Iron Treads
|-damage|p2a: Iron Treads|56/100
|-unboost|p2a: Iron Treads|spd|1
|
|upkeep
|turn|8
|
|t:|1781030425
|move|p2a: Iron Treads|Earthquake|p1a: Gardevoir
|-damage|p1a: Gardevoir|3/100
|move|p1a: Gardevoir|Shadow Ball|p2a: Iron Treads
|-damage|p2a: Iron Treads|0 fnt
|faint|p2a: Iron Treads
|-end|p2a: Iron Treads|Quark Drive|[silent]
|
|upkeep
|
|t:|1781030430
|switch|p2a: Zapdos|Zapdos-Galar|100/100
|turn|9
|
|t:|1781030433
|switch|p1a: Slither Wing|Slither Wing|100/100
|move|p2a: Zapdos|U-turn|p1a: Slither Wing
|-resisted|p1a: Slither Wing
|-damage|p1a: Slither Wing|88/100
|-damage|p2a: Zapdos|84/100|[from] item: Rocky Helmet|[of] p1a: Slither Wing
|
|t:|1781030442
|switch|p2a: Kyurem|Kyurem|100/100|[from] U-turn
|-ability|p2a: Kyurem|Pressure
|
|upkeep
|turn|10
|
|t:|1781030445
|move|p2a: Kyurem|Draco Meteor|p1a: Slither Wing
|-damage|p1a: Slither Wing|0 fnt
|-unboost|p2a: Kyurem|spa|2
|faint|p1a: Slither Wing
|-end|p1a: Slither Wing|Protosynthesis|[silent]
|
|upkeep
|
|t:|1781030448
|switch|p1a: Gardevoir|Gardevoir, M, shiny|3/100
|-ability|p1a: Gardevoir|Pressure|Trace|[from] ability: Trace|[of] p2a: Kyurem
|-ability|p1a: Gardevoir|Pressure
|turn|11
|
|t:|1781030453
|switch|p2a: Sinistcha|Sinistcha-Masterpiece|84/100
|move|p1a: Gardevoir|Moonblast|p2a: Sinistcha
|-crit|p2a: Sinistcha
|-damage|p2a: Sinistcha|0 fnt
|faint|p2a: Sinistcha
|
|upkeep
|
|t:|1781030459
|switch|p2a: Zapdos|Zapdos-Galar|84/100
|turn|12
|
|t:|1781030462
|move|p2a: Zapdos|U-turn|p1a: Gardevoir
|-damage|p1a: Gardevoir|0 fnt
|faint|p1a: Gardevoir
|
|t:|1781030466
|switch|p2a: Kyurem|Kyurem|100/100|[from] U-turn
|-ability|p2a: Kyurem|Pressure
|
|upkeep
|j| SUNNNNNNNNN
|
|t:|1781030478
|switch|p1a: Scizor|Scizor, M|100/100
|turn|13
|
|t:|1781030485
|-terastallize|p2a: Kyurem|Ground
|move|p2a: Kyurem|Earth Power|p1a: Scizor
|-damage|p1a: Scizor|38/100
|move|p1a: Scizor|Swords Dance|p1a: Scizor
|-boost|p1a: Scizor|atk|2
|
|upkeep
|turn|14
|
|t:|1781030496
|move|p1a: Scizor|Bullet Punch|p2a: Kyurem
|-damage|p2a: Kyurem|52/100
|move|p2a: Kyurem|Earth Power|p1a: Scizor
|-damage|p1a: Scizor|0 fnt
|faint|p1a: Scizor
|
|upkeep
|
|t:|1781030502
|switch|p1a: Meowscarada|Meowscarada, F|100/100
|turn|15
|
|t:|1781030508
|move|p1a: Meowscarada|Grass Knot|p2a: Kyurem
|-start|p1a: Meowscarada|typechange|Grass|[from] ability: Protean
|-supereffective|p2a: Kyurem
|-crit|p2a: Kyurem
|-damage|p2a: Kyurem|0 fnt
|faint|p2a: Kyurem
|
|upkeep
|
|t:|1781030512
|switch|p2a: Zapdos|Zapdos-Galar|84/100
|turn|16
|
|t:|1781030516
|move|p1a: Meowscarada|Grass Knot|p2a: Zapdos
|-resisted|p2a: Zapdos
|-damage|p2a: Zapdos|59/100
|move|p2a: Zapdos|Thunderous Kick|p1a: Meowscarada
|-damage|p1a: Meowscarada|0 fnt
|faint|p1a: Meowscarada
|
|upkeep
|
|t:|1781030519
|switch|p1a: Alomomola|Alomomola, M|100/100
|turn|17
|
|t:|1781030531
|-terastallize|p1a: Alomomola|Water
|move|p2a: Zapdos|Thunderous Kick|p1a: Alomomola
|-damage|p1a: Alomomola|52/100
|-unboost|p1a: Alomomola|def|1
|move|p1a: Alomomola|Liquidation|p2a: Zapdos
|-damage|p2a: Zapdos|0 fnt
|faint|p2a: Zapdos
|
|win|cachowcapow
|raw|cachowcapow's rating: 1565 &rarr; <strong>1585</strong><br />(+20 for winning)
|raw|InfinityPokeRang3r's rating: 1570 &rarr; <strong>1550</strong><br />(-20 for losing)
|l|☆cachowcapow
|player|p1|
|l|☆InfinityPokeRang3r
|player|p2|
