|j|☆JacquesDeAlderberg
|j|☆Migstaper
|t:|1781003045
|gametype|singles
|player|p1|JacquesDeAlderberg|169|1732
|player|p2|Migstaper|ltsurge|1696
|gen|9
|tier|[Gen 9] OU
|rated|
|rule|HP Percentage Mod: HP is shown in percentages
|rule|Endless Battle Clause: Forcing endless battles is banned
|rule|Species Clause: Limit one of each Pokémon
|rule|OHKO Clause: OHKO moves are banned
|rule|Evasion Items Clause: Evasion items are banned
|rule|Evasion Moves Clause: Evasion moves are banned
|rule|Evasion Abilities Clause: Evasion abilities are banned
|rule|Sleep Moves Clause: Sleep-inducing moves are banned
|clearpoke
|poke|p1|Clodsire, F|
|poke|p1|Conkeldurr, M|
|poke|p1|Zapdos|
|poke|p1|Ceruledge, F|
|poke|p1|Skarmory, F|
|poke|p1|Sinistcha|
|poke|p2|Darkrai|
|poke|p2|Enamorus, F|
|poke|p2|Dragapult, M|
|poke|p2|Dragonite, M|
|poke|p2|Great Tusk|
|poke|p2|Kingambit, M|
|teampreview
|inactive|Battle timer is ON: inactive players will automatically lose when time's up. (requested by JacquesDeAlderberg)
|
|t:|1781003062
|teamsize|p1|6
|teamsize|p2|6
|start
|switch|p1a: Conkeldurr|Conkeldurr, M|100/100
|switch|p2a: Read Psalm 30|Dragapult, M, shiny|100/100
|turn|1
|
|t:|1781003071
|move|p2a: Read Psalm 30|Dragon Dance|p2a: Read Psalm 30
|-boost|p2a: Read Psalm 30|atk|1
|-boost|p2a: Read Psalm 30|spe|1
|move|p1a: Conkeldurr|Knock Off|p2a: Read Psalm 30
|-supereffective|p2a: Read Psalm 30
|-damage|p2a: Read Psalm 30|17/100
|-enditem|p2a: Read Psalm 30|Life Orb|[from] move: Knock Off|[of] p1a: Conkeldurr
|
|upkeep
|turn|2
|j| Blind Alchemist亞
|
|t:|1781003095
|switch|p1a: Skarmory|Skarmory, F|100/100
|move|p2a: Read Psalm 30|Dragon Darts|p1a: Skarmory
|-resisted|p1a: Skarmory
|-damage|p1a: Skarmory|87/100
|-anim|p2a: Read Psalm 30|Dragon Darts|p1a: Skarmory
|-resisted|p1a: Skarmory
|-damage|p1a: Skarmory|73/100
|
|-heal|p1a: Skarmory|79/100|[from] item: Leftovers
|upkeep
|turn|3
|
|t:|1781003105
|move|p2a: Read Psalm 30|Flamethrower|p1a: Skarmory
|-supereffective|p1a: Skarmory
|-damage|p1a: Skarmory|40/100
|move|p1a: Skarmory|Whirlwind|p2a: Read Psalm 30
|drag|p2a: ROMANS 10:9|Great Tusk, shiny|100/100
|-enditem|p2a: ROMANS 10:9|Booster Energy
|-activate|p2a: ROMANS 10:9|ability: Protosynthesis|[fromitem]
|-start|p2a: ROMANS 10:9|protosynthesisatk
|
|-heal|p1a: Skarmory|46/100|[from] item: Leftovers
|upkeep
|turn|4
|
|t:|1781003117
|move|p2a: ROMANS 10:9|Close Combat|p1a: Skarmory
|-damage|p1a: Skarmory|0 fnt
|-unboost|p2a: ROMANS 10:9|def|1
|-unboost|p2a: ROMANS 10:9|spd|1
|faint|p1a: Skarmory
|
|upkeep
|
|t:|1781003120
|switch|p1a: Zapdos|Zapdos|100/100
|-ability|p1a: Zapdos|Pressure
|turn|5
|
|t:|1781003127
|-end|p2a: ROMANS 10:9|Protosynthesis|[silent]
|switch|p2a: No condemnation|Kingambit, M, shiny|100/100
|move|p1a: Zapdos|Hurricane|p2a: No condemnation|[miss]
|-miss|p1a: Zapdos|p2a: No condemnation
|
|upkeep
|turn|6
|
|t:|1781003138
|move|p1a: Zapdos|Heat Wave|p2a: No condemnation|[miss]
|-miss|p1a: Zapdos|p2a: No condemnation
|move|p2a: No condemnation|Kowtow Cleave|p1a: Zapdos
|-damage|p1a: Zapdos|45/100
|
|upkeep
|turn|7
|
|t:|1781003146
|move|p1a: Zapdos|Roost|p1a: Zapdos
|-heal|p1a: Zapdos|95/100
|-singleturn|p1a: Zapdos|move: Roost
|move|p2a: No condemnation|Kowtow Cleave|p1a: Zapdos
|-damage|p1a: Zapdos|31/100
|
|upkeep
|turn|8
|
|t:|1781003159
|move|p1a: Zapdos|Volt Switch|p2a: No condemnation
|-damage|p2a: No condemnation|78/100
|
|t:|1781003161
|switch|p1a: Conkeldurr|Conkeldurr, M|100/100|[from] Volt Switch
|move|p2a: No condemnation|Kowtow Cleave|p1a: Conkeldurr
|-resisted|p1a: Conkeldurr
|-damage|p1a: Conkeldurr|82/100
|
|upkeep
|turn|9
|
|t:|1781003171
|-end|p2a: No condemnation|fallenundefined|[silent]
|switch|p2a: Read the Bible|Enamorus, F, shiny|100/100
|move|p1a: Conkeldurr|Mach Punch|p2a: Read the Bible
|-resisted|p2a: Read the Bible
|-damage|p2a: Read the Bible|93/100
|
|upkeep
|turn|10
|
|t:|1781003181
|switch|p1a: Clodsire|Clodsire, F|100/100
|move|p2a: Read the Bible|Earth Power|p1a: Clodsire
|-supereffective|p1a: Clodsire
|-damage|p1a: Clodsire|46/100
|-damage|p2a: Read the Bible|83/100|[from] item: Life Orb
|
|-heal|p1a: Clodsire|52/100|[from] item: Leftovers
|upkeep
|turn|11
|
|t:|1781003191
|move|p2a: Read the Bible|Earth Power|p1a: Clodsire
|-supereffective|p1a: Clodsire
|-damage|p1a: Clodsire|0 fnt
|faint|p1a: Clodsire
|-damage|p2a: Read the Bible|73/100|[from] item: Life Orb
|
|upkeep
|
|t:|1781003197
|switch|p1a: Ceruledge|Ceruledge, F|100/100
|turn|12
|
|t:|1781003205
|-terastallize|p1a: Ceruledge|Bug
|move|p2a: Read the Bible|Moonblast|p1a: Ceruledge
|-damage|p1a: Ceruledge|55/100
|-unboost|p1a: Ceruledge|spa|1
|-damage|p2a: Read the Bible|63/100|[from] item: Life Orb
|move|p1a: Ceruledge|Bitter Blade|p2a: Read the Bible
|-damage|p2a: Read the Bible|0 fnt
|-heal|p1a: Ceruledge|81/100|[from] drain|[of] p2a: Read the Bible
|faint|p2a: Read the Bible
|
|upkeep
|
|t:|1781003234
|switch|p2a: No condemnation|Kingambit, M, shiny|78/100
|-activate|p2a: No condemnation|ability: Supreme Overlord
|-start|p2a: No condemnation|fallen1|[silent]
|turn|13
|
|t:|1781003241
|move|p1a: Ceruledge|Bulk Up|p1a: Ceruledge
|-boost|p1a: Ceruledge|atk|1
|-boost|p1a: Ceruledge|def|1
|move|p2a: No condemnation|Kowtow Cleave|p1a: Ceruledge
|-damage|p1a: Ceruledge|36/100
|
|upkeep
|turn|14
|
|t:|1781003249
|move|p1a: Ceruledge|Bulk Up|p1a: Ceruledge
|-boost|p1a: Ceruledge|atk|1
|-boost|p1a: Ceruledge|def|1
|move|p2a: No condemnation|Kowtow Cleave|p1a: Ceruledge
|-damage|p1a: Ceruledge|2/100
|
|upkeep
|turn|15
|
|t:|1781003260
|move|p2a: No condemnation|Sucker Punch|p1a: Ceruledge
|-damage|p1a: Ceruledge|0 fnt
|faint|p1a: Ceruledge
|
|upkeep
|
|t:|1781003262
|switch|p1a: Zapdos|Zapdos|31/100
|-ability|p1a: Zapdos|Pressure
|turn|16
|
|t:|1781003268
|move|p1a: Zapdos|Heat Wave|p2a: No condemnation
|-supereffective|p2a: No condemnation
|-damage|p2a: No condemnation|37/100
|move|p2a: No condemnation|Kowtow Cleave|p1a: Zapdos
|-damage|p1a: Zapdos|0 fnt
|faint|p1a: Zapdos
|
|upkeep
|
|t:|1781003272
|switch|p1a: Conkeldurr|Conkeldurr, M|82/100
|turn|17
|
|t:|1781003292
|move|p2a: No condemnation|Iron Head|p1a: Conkeldurr
|-damage|p1a: Conkeldurr|41/100
|move|p1a: Conkeldurr|Knock Off|p2a: No condemnation
|-resisted|p2a: No condemnation
|-damage|p2a: No condemnation|25/100
|-enditem|p2a: No condemnation|Assault Vest|[from] move: Knock Off|[of] p1a: Conkeldurr
|
|upkeep
|turn|18
|
|t:|1781003303
|move|p1a: Conkeldurr|Mach Punch|p2a: No condemnation
|-supereffective|p2a: No condemnation
|-damage|p2a: No condemnation|0 fnt
|faint|p2a: No condemnation
|-end|p2a: No condemnation|fallen1|[silent]
|
|upkeep
|
|t:|1781003309
|switch|p2a: Read Psalm 30|Dragapult, M, shiny|17/100
|turn|19
|
|t:|1781003315
|switch|p1a: Sinistcha|Sinistcha|100/100
|move|p2a: Read Psalm 30|Dragon Darts|p1a: Sinistcha
|-damage|p1a: Sinistcha|81/100
|-anim|p2a: Read Psalm 30|Dragon Darts|p1a: Sinistcha
|-damage|p1a: Sinistcha|62/100
|
|upkeep
|turn|20
|
|t:|1781003325
|move|p2a: Read Psalm 30|Phantom Force||[still]
|-prepare|p2a: Read Psalm 30|Phantom Force
|move|p1a: Sinistcha|Strength Sap|p2a: Read Psalm 30|[miss]
|-miss|p1a: Sinistcha|p2a: Read Psalm 30
|
|upkeep
|turn|21
|
|t:|1781003330
|move|p2a: Read Psalm 30|Phantom Force|p1a: Sinistcha|[from] lockedmove
|-supereffective|p1a: Sinistcha
|-damage|p1a: Sinistcha|0 fnt
|faint|p1a: Sinistcha
|
|upkeep
|-message|JacquesDeAlderberg forfeited.
|
|win|Migstaper
|raw|JacquesDeAlderberg's rating: 1732 &rarr; <strong>1710</strong><br />(-22 for losing)
|raw|Migstaper's rating: 1696 &rarr; <strong>1718</strong><br />(+22 for winning)
|l|☆JacquesDeAlderberg
|player|p1|
|l| Blind Alchemist亞
|l|☆Migstaper
|player|p2|
