|j|☆kshuaib734
|j|☆jus4funsies
|t:|1781309713
|gametype|singles
|player|p1|kshuaib734|steven|1672
|player|p2|jus4funsies|teamrocket|1618
|gen|9
|tier|[Gen 9] OU
|rated|
|rule|HP Percentage Mod: HP is shown in percentages
|rule|Endless Battle Clause: Forcing endless battles is banned
|rule|Species Clause: Limit one of each Pokémon
|rule|OHKO Clause: OHKO moves are banned
|rule|Evasion Items Clause: Evasion items are banned
|rule|Evasion Moves Clause: Evasion moves are banned
|rule|Evasion Abilities Clause: Evasion abilities are banned
|rule|Sleep Moves Clause: Sleep-inducing moves are banned
|clearpoke
|poke|p1|Tyranitar, M|
|poke|p1|Dragapult, M|
|poke|p1|Pelipper, F|
|poke|p1|Quaquaval, M|
|poke|p1|Kingdra, F|
|poke|p1|Excadrill, M|
|poke|p2|Samurott-Hisui, F|
|poke|p2|Gholdengo|
|poke|p2|Great Tusk|
|poke|p2|Dragonite, M|
|poke|p2|Raging Bolt|
|poke|p2|Kingambit, M|
|teampreview
|inactive|Battle timer is ON: inactive players will automatically lose when time's up. (requested by kshuaib734)
|
|t:|1781309719
|teamsize|p1|6
|teamsize|p2|6
|start
|switch|p1a: Tyrant's Downpour|Pelipper, F|100/100
|switch|p2a: Shamiqua|Samurott-Hisui, F|100/100
|-weather|RainDance|[from] ability: Drizzle|[of] p1a: Tyrant's Downpour
|turn|1
|
|t:|1781309732
|move|p2a: Shamiqua|Ceaseless Edge|p1a: Tyrant's Downpour
|-damage|p1a: Tyrant's Downpour|65/100
|-sidestart|p1: kshuaib734|Spikes
|move|p1a: Tyrant's Downpour|U-turn|p2a: Shamiqua
|-supereffective|p2a: Shamiqua
|-damage|p2a: Shamiqua|78/100
|
|t:|1781309741
|switch|p1a: Tyrant's Endgame|Quaquaval, M|100/100|[from] U-turn
|-damage|p1a: Tyrant's Endgame|88/100|[from] Spikes
|
|-weather|RainDance|[upkeep]
|upkeep
|turn|2
|inactive|jus4funsies has 120 seconds left.
|
|t:|1781309776
|switch|p2a: DragoniGG|Dragonite, M|100/100
|move|p1a: Tyrant's Endgame|Aqua Step|p2a: DragoniGG
|-resisted|p2a: DragoniGG
|-damage|p2a: DragoniGG|79/100
|-boost|p1a: Tyrant's Endgame|spe|1
|
|-weather|RainDance|[upkeep]
|upkeep
|turn|3
|
|t:|1781309784
|move|p1a: Tyrant's Endgame|Aqua Step|p2a: DragoniGG
|-resisted|p2a: DragoniGG
|-damage|p2a: DragoniGG|38/100
|-boost|p1a: Tyrant's Endgame|spe|1
|move|p2a: DragoniGG|Earthquake|p1a: Tyrant's Endgame
|-damage|p1a: Tyrant's Endgame|37/100
|
|-weather|RainDance|[upkeep]
|upkeep
|turn|4
|
|t:|1781309791
|move|p2a: DragoniGG|Extreme Speed|p1a: Tyrant's Endgame
|-damage|p1a: Tyrant's Endgame|0 fnt
|faint|p1a: Tyrant's Endgame
|
|-weather|RainDance|[upkeep]
|upkeep
|
|t:|1781309798
|switch|p1a: Tyrant's Enforcer|Dragapult, M|100/100
|-damage|p1a: Tyrant's Enforcer|88/100|[from] Spikes
|turn|5
|
|t:|1781309802
|switch|p2a: WE WUZ|Kingambit, M, shiny|100/100
|move|p1a: Tyrant's Enforcer|Thunder|p2a: WE WUZ
|-damage|p2a: WE WUZ|50/100
|-damage|p1a: Tyrant's Enforcer|78/100|[from] item: Life Orb
|
|-weather|RainDance|[upkeep]
|upkeep
|turn|6
|
|t:|1781309809
|move|p2a: WE WUZ|Sucker Punch||[still]
|-fail|p2a: WE WUZ
|move|p1a: Tyrant's Enforcer|Curse|p2a: WE WUZ
|-start|p2a: WE WUZ|Curse|[of] p1a: Tyrant's Enforcer
|-damage|p1a: Tyrant's Enforcer|29/100
|
|-weather|RainDance|[upkeep]
|-damage|p2a: WE WUZ|25/100|[from] Curse
|upkeep
|turn|7
|
|t:|1781309819
|move|p1a: Tyrant's Enforcer|Surf|p2a: WE WUZ
|-damage|p2a: WE WUZ|0 fnt
|faint|p2a: WE WUZ
|-end|p2a: WE WUZ|fallenundefined|[silent]
|-damage|p1a: Tyrant's Enforcer|19/100|[from] item: Life Orb
|
|-weather|RainDance|[upkeep]
|upkeep
|
|t:|1781309822
|switch|p2a: Shamiqua|Samurott-Hisui, F|78/100
|turn|8
|
|t:|1781309826
|move|p1a: Tyrant's Enforcer|Curse|p2a: Shamiqua
|-start|p2a: Shamiqua|Curse|[of] p1a: Tyrant's Enforcer
|-damage|p1a: Tyrant's Enforcer|0 fnt
|faint|p1a: Tyrant's Enforcer
|move|p2a: Shamiqua|Ceaseless Edge|p1: Tyrant's Enforcer|[notarget]
|-fail|p2a: Shamiqua
|
|-weather|none
|-damage|p2a: Shamiqua|53/100|[from] Curse
|upkeep
|
|t:|1781309846
|switch|p1a: Tyrant's Downpour|Pelipper, F|65/100
|-weather|RainDance|[from] ability: Drizzle|[of] p1a: Tyrant's Downpour
|turn|9
|j| disaster dyke
|
|t:|1781309856
|move|p2a: Shamiqua|Ceaseless Edge|p1a: Tyrant's Downpour
|-damage|p1a: Tyrant's Downpour|34/100
|-sidestart|p1: kshuaib734|Spikes
|move|p1a: Tyrant's Downpour|Hurricane|p2a: Shamiqua
|-damage|p2a: Shamiqua|0 fnt
|faint|p2a: Shamiqua
|
|-weather|RainDance|[upkeep]
|upkeep
|
|t:|1781309866
|switch|p2a: Cinna-Mon|Gholdengo|100/100
|-item|p2a: Cinna-Mon|Air Balloon
|turn|10
|
|t:|1781309874
|move|p2a: Cinna-Mon|Shadow Ball|p1a: Tyrant's Downpour
|-damage|p1a: Tyrant's Downpour|0 fnt
|faint|p1a: Tyrant's Downpour
|
|-weather|RainDance|[upkeep]
|upkeep
|
|t:|1781309879
|switch|p1a: Tyrant's Vengeance|Kingdra, F|100/100
|-damage|p1a: Tyrant's Vengeance|84/100|[from] Spikes
|turn|11
|
|t:|1781309888
|switch|p2a: DragoniGG|Dragonite, M|38/100
|move|p1a: Tyrant's Vengeance|Weather Ball|p2a: DragoniGG
|-resisted|p2a: DragoniGG
|-damage|p2a: DragoniGG|0 fnt
|faint|p2a: DragoniGG
|
|-weather|RainDance|[upkeep]
|upkeep
|
|t:|1781309893
|switch|p2a: Daddy long neck|Raging Bolt|100/100
|-enditem|p2a: Daddy long neck|Booster Energy
|-activate|p2a: Daddy long neck|ability: Protosynthesis|[fromitem]
|-start|p2a: Daddy long neck|protosynthesisspa
|turn|12
|
|t:|1781309904
|-terastallize|p2a: Daddy long neck|Fairy
|move|p1a: Tyrant's Vengeance|Weather Ball|p2a: Daddy long neck
|-damage|p2a: Daddy long neck|17/100
|move|p2a: Daddy long neck|Dragon Pulse|p1a: Tyrant's Vengeance
|-supereffective|p1a: Tyrant's Vengeance
|-damage|p1a: Tyrant's Vengeance|0 fnt
|faint|p1a: Tyrant's Vengeance
|
|-weather|RainDance|[upkeep]
|upkeep
|
|t:|1781309916
|switch|p1a: Tyrant's Legacy|Excadrill, M|100/100
|-damage|p1a: Tyrant's Legacy|84/100|[from] Spikes
|turn|13
|
|t:|1781309920
|move|p1a: Tyrant's Legacy|Rapid Spin|p2a: Daddy long neck
|-damage|p2a: Daddy long neck|0 fnt
|-boost|p1a: Tyrant's Legacy|spe|1
|-sideend|p1: kshuaib734|Spikes|[from] move: Rapid Spin|[of] p1a: Tyrant's Legacy
|faint|p2a: Daddy long neck
|-end|p2a: Daddy long neck|Protosynthesis|[silent]
|-damage|p1a: Tyrant's Legacy|74/100|[from] item: Life Orb
|
|-weather|RainDance|[upkeep]
|upkeep
|
|t:|1781309923
|switch|p2a: Tyrone|Great Tusk|100/100
|turn|14
|
|t:|1781309930
|move|p1a: Tyrant's Legacy|Iron Head|p2a: Tyrone
|-damage|p2a: Tyrone|59/100
|-damage|p1a: Tyrant's Legacy|64/100|[from] item: Life Orb
|cant|p2a: Tyrone|flinch
|
|-weather|RainDance|[upkeep]
|upkeep
|turn|15
|
|t:|1781309936
|move|p1a: Tyrant's Legacy|Earthquake|p2a: Tyrone
|-damage|p2a: Tyrone|5/100
|-damage|p1a: Tyrant's Legacy|54/100|[from] item: Life Orb
|move|p2a: Tyrone|Headlong Rush|p1a: Tyrant's Legacy
|-supereffective|p1a: Tyrant's Legacy
|-damage|p1a: Tyrant's Legacy|0 fnt
|-unboost|p2a: Tyrone|def|1
|-unboost|p2a: Tyrone|spd|1
|faint|p1a: Tyrant's Legacy
|
|-weather|RainDance|[upkeep]
|upkeep
|
|t:|1781309946
|switch|p1a: King Tyrant|Tyranitar, M|100/100
|-weather|Sandstorm|[from] ability: Sand Stream|[of] p1a: King Tyrant
|turn|16
|c|☆jus4funsies|tyrant die
|
|t:|1781309957
|-terastallize|p1a: King Tyrant|Ghost
|move|p2a: Tyrone|Headlong Rush|p1a: King Tyrant
|-damage|p1a: King Tyrant|56/100
|-unboost|p2a: Tyrone|def|1
|-unboost|p2a: Tyrone|spd|1
|move|p1a: King Tyrant|Knock Off|p2a: Tyrone
|-resisted|p2a: Tyrone
|-damage|p2a: Tyrone|0 fnt
|-enditem|p2a: Tyrone|Heavy-Duty Boots|[from] move: Knock Off|[of] p1a: King Tyrant
|faint|p2a: Tyrone
|-end|p2a: Tyrone|Protosynthesis|[silent]
|
|-weather|Sandstorm|[upkeep]
|-damage|p1a: King Tyrant|50/100|[from] Sandstorm
|upkeep
|
|t:|1781309962
|switch|p2a: Cinna-Mon|Gholdengo|100/100
|-item|p2a: Cinna-Mon|Air Balloon
|turn|17
|
|t:|1781309972
|move|p2a: Cinna-Mon|Shadow Ball|p1a: King Tyrant
|-supereffective|p1a: King Tyrant
|-damage|p1a: King Tyrant|0 fnt
|faint|p1a: King Tyrant
|
|win|jus4funsies
|raw|kshuaib734's rating: 1672 &rarr; <strong>1649</strong><br />(-23 for losing)
|raw|jus4funsies's rating: 1618 &rarr; <strong>1641</strong><br />(+23 for winning)
|l|☆kshuaib734
|player|p1|
