|j|☆llachiee
|j|☆FP.//06
|t:|1781081068
|gametype|singles
|player|p1|llachiee|169|1627
|player|p2|FP.//06|hilda-masters3|1590
|gen|9
|tier|[Gen 9] OU
|rated|
|rule|HP Percentage Mod: HP is shown in percentages
|rule|Endless Battle Clause: Forcing endless battles is banned
|rule|Species Clause: Limit one of each Pokémon
|rule|OHKO Clause: OHKO moves are banned
|rule|Evasion Items Clause: Evasion items are banned
|rule|Evasion Moves Clause: Evasion moves are banned
|rule|Evasion Abilities Clause: Evasion abilities are banned
|rule|Sleep Moves Clause: Sleep-inducing moves are banned
|clearpoke
|poke|p1|Gliscor, F|
|poke|p1|Blissey, F|
|poke|p1|Clefable, F|
|poke|p1|Toxapex, F|
|poke|p1|Dondozo, F|
|poke|p1|Corviknight, F|
|poke|p2|Ogerpon, F|
|poke|p2|Samurott-Hisui, M|
|poke|p2|Blissey, F|
|poke|p2|Gliscor, F|
|poke|p2|Skarmory, F|
|poke|p2|Pecharunt|
|teampreview
|inactive|Battle timer is ON: inactive players will automatically lose when time's up. (requested by FP.//06)
|inactive|FP.//06 has 120 seconds left.
|inactive|FP.//06 has 90 seconds left.
|
|t:|1781081136
|teamsize|p1|6
|teamsize|p2|6
|start
|switch|p1a: Adder|Gliscor, F|100/100
|switch|p2a: Samurott|Samurott-Hisui, M|100/100
|turn|1
|
|t:|1781081142
|move|p1a: Adder|Protect|p1a: Adder
|-singleturn|p1a: Adder|Protect
|move|p2a: Samurott|Razor Shell|p1a: Adder
|-activate|p1a: Adder|move: Protect
|
|-status|p1a: Adder|tox|[from] item: Toxic Orb
|upkeep
|turn|2
|
|t:|1781081146
|-terastallize|p1a: Adder|Ghost
|move|p2a: Samurott|Encore|p1a: Adder
|-start|p1a: Adder|Encore
|move|p1a: Adder|Protect||[still]
|-fail|p1a: Adder
|
|upkeep
|turn|3
|
|t:|1781081151
|switch|p1a: Nell|Clefable, F|100/100
|move|p2a: Samurott|Ceaseless Edge|p1a: Nell
|-resisted|p1a: Nell
|-damage|p1a: Nell|85/100
|-sidestart|p1: llachiee|Spikes
|
|upkeep
|turn|4
|
|t:|1781081155
|move|p2a: Samurott|Knock Off|p1a: Nell
|-resisted|p1a: Nell
|-damage|p1a: Nell|68/100
|-enditem|p1a: Nell|Sticky Barb|[from] move: Knock Off|[of] p2a: Samurott
|move|p1a: Nell|Moonblast|p2a: Samurott
|-supereffective|p2a: Samurott
|-damage|p2a: Samurott|8/100
|
|upkeep
|turn|5
|
|t:|1781081162
|switch|p2a: Gliscor|Gliscor, F|100/100
|move|p1a: Nell|Stealth Rock|p2a: Gliscor
|-sidestart|p2: FP.//06|move: Stealth Rock
|
|-status|p2a: Gliscor|tox|[from] item: Toxic Orb
|upkeep
|turn|6
|
|t:|1781081166
|switch|p1a: Adder|Gliscor, F, tera:Ghost|100/100 tox
|-damage|p1a: Adder|88/100 tox|[from] Spikes
|move|p2a: Gliscor|Earthquake|p1a: Adder
|-crit|p1a: Adder
|-damage|p1a: Adder|56/100 tox
|
|-heal|p1a: Adder|68/100 tox|[from] ability: Poison Heal
|upkeep
|turn|7
|
|t:|1781081168
|move|p2a: Gliscor|Earthquake|p1a: Adder
|-damage|p1a: Adder|50/100 tox
|move|p1a: Adder|Spikes|p2a: Gliscor
|-sidestart|p2: FP.//06|Spikes
|
|-heal|p1a: Adder|62/100 tox|[from] ability: Poison Heal
|upkeep
|turn|8
|
|t:|1781081175
|move|p1a: Adder|Protect|p1a: Adder
|-singleturn|p1a: Adder|Protect
|move|p2a: Gliscor|Earthquake|p1a: Adder
|-activate|p1a: Adder|move: Protect
|
|-heal|p1a: Adder|75/100 tox|[from] ability: Poison Heal
|upkeep
|turn|9
|
|t:|1781081179
|switch|p2a: Skarmory|Skarmory, F|100/100
|-damage|p2a: Skarmory|88/100|[from] Stealth Rock
|move|p1a: Adder|Spikes|p2a: Skarmory
|-sidestart|p2: FP.//06|Spikes
|
|-heal|p1a: Adder|87/100 tox|[from] ability: Poison Heal
|upkeep
|turn|10
|
|t:|1781081184
|move|p1a: Adder|Protect|p1a: Adder
|-singleturn|p1a: Adder|Protect
|move|p2a: Skarmory|Stealth Rock|p1a: Adder
|-sidestart|p1: llachiee|move: Stealth Rock
|
|-heal|p1a: Adder|99/100 tox|[from] ability: Poison Heal
|upkeep
|turn|11
|
|t:|1781081187
|switch|p2a: Gliscor|Gliscor, F|100/100 tox
|-damage|p2a: Gliscor|88/100 tox|[from] Stealth Rock
|move|p1a: Adder|Knock Off|p2a: Gliscor
|-damage|p2a: Gliscor|73/100 tox
|-enditem|p2a: Gliscor|Toxic Orb|[from] move: Knock Off|[of] p1a: Adder
|
|-heal|p2a: Gliscor|85/100 tox|[from] ability: Poison Heal
|-heal|p1a: Adder|100/100 tox|[from] ability: Poison Heal
|upkeep
|turn|12
|
|t:|1781081191
|move|p2a: Gliscor|Earthquake|p1a: Adder
|-damage|p1a: Adder|82/100 tox
|move|p1a: Adder|Spikes|p2a: Gliscor
|-sidestart|p2: FP.//06|Spikes
|
|-heal|p2a: Gliscor|98/100 tox|[from] ability: Poison Heal
|-heal|p1a: Adder|95/100 tox|[from] ability: Poison Heal
|upkeep
|turn|13
|
|t:|1781081194
|move|p1a: Adder|Protect|p1a: Adder
|-singleturn|p1a: Adder|Protect
|move|p2a: Gliscor|U-turn|p1a: Adder
|-activate|p1a: Adder|move: Protect
|
|-heal|p2a: Gliscor|100/100 tox|[from] ability: Poison Heal
|-heal|p1a: Adder|100/100 tox|[from] ability: Poison Heal
|upkeep
|turn|14
|
|t:|1781081199
|move|p2a: Gliscor|Earthquake|p1a: Adder
|-damage|p1a: Adder|81/100 tox
|move|p1a: Adder|Knock Off|p2a: Gliscor
|-damage|p2a: Gliscor|89/100 tox
|
|-heal|p2a: Gliscor|100/100 tox|[from] ability: Poison Heal
|-heal|p1a: Adder|93/100 tox|[from] ability: Poison Heal
|upkeep
|turn|15
|
|t:|1781081204
|move|p2a: Gliscor|U-turn|p1a: Adder
|-resisted|p1a: Adder
|-damage|p1a: Adder|89/100 tox
|
|t:|1781081212
|switch|p2a: Skarmory|Skarmory, F|88/100|[from] U-turn
|-damage|p2a: Skarmory|76/100|[from] Stealth Rock
|move|p1a: Adder|Knock Off|p2a: Skarmory
|-crit|p2a: Skarmory
|-damage|p2a: Skarmory|55/100
|-damage|p1a: Adder|73/100 tox|[from] item: Rocky Helmet|[of] p2a: Skarmory
|-enditem|p2a: Skarmory|Rocky Helmet|[from] move: Knock Off|[of] p1a: Adder
|
|-heal|p1a: Adder|85/100 tox|[from] ability: Poison Heal
|upkeep
|turn|16
|
|t:|1781081219
|move|p1a: Adder|Protect|p1a: Adder
|-singleturn|p1a: Adder|Protect
|move|p2a: Skarmory|Roost|p2a: Skarmory
|-heal|p2a: Skarmory|100/100
|-singleturn|p2a: Skarmory|move: Roost
|
|-heal|p1a: Adder|98/100 tox|[from] ability: Poison Heal
|upkeep
|turn|17
|
|t:|1781081222
|switch|p1a: Sturm|Corviknight, F, shiny|100/100
|-damage|p1a: Sturm|88/100|[from] Stealth Rock
|-ability|p1a: Sturm|Pressure
|move|p2a: Skarmory|Whirlwind|p1a: Sturm
|drag|p1a: Jugger|Dondozo, F, shiny|100/100
|
|upkeep
|turn|18
|
|t:|1781081229
|switch|p2a: Pecharunt|Pecharunt|100/100
|switch|p1a: Adder|Gliscor, F, tera:Ghost|98/100 tox
|-damage|p1a: Adder|85/100 tox|[from] Spikes
|-damage|p1a: Adder|73/100 tox|[from] Stealth Rock
|
|-heal|p1a: Adder|85/100 tox|[from] ability: Poison Heal
|upkeep
|turn|19
|
|t:|1781081239
|switch|p1a: Flesh Tutu|Blissey, F|100/100
|switch|p2a: Skarmory|Skarmory, F|100/100
|-damage|p2a: Skarmory|88/100|[from] Stealth Rock
|
|upkeep
|turn|20
|
|t:|1781081243
|switch|p1a: Adder|Gliscor, F, tera:Ghost|85/100 tox
|-damage|p1a: Adder|73/100 tox|[from] Spikes
|-damage|p1a: Adder|60/100 tox|[from] Stealth Rock
|move|p2a: Skarmory|Whirlwind|p1a: Adder
|drag|p1a: Lash|Toxapex, F, shiny|100/100
|
|upkeep
|turn|21
|
|t:|1781081246
|move|p1a: Lash|Infestation|p2a: Skarmory
|-resisted|p2a: Skarmory
|-damage|p2a: Skarmory|87/100
|-activate|p2a: Skarmory|move: Infestation|[of] p1a: Lash
|move|p2a: Skarmory|Whirlwind|p1a: Lash
|drag|p1a: Flesh Tutu|Blissey, F|100/100
|
|-end|p2a: Skarmory|Infestation|[partiallytrapped]|[silent]
|upkeep
|turn|22
|
|t:|1781081250
|switch|p1a: Lash|Toxapex, F, shiny|100/100
|move|p2a: Skarmory|Body Press|p1a: Lash
|-resisted|p1a: Lash
|-damage|p1a: Lash|88/100
|
|upkeep
|turn|23
|
|t:|1781081253
|move|p1a: Lash|Infestation|p2a: Skarmory
|-resisted|p2a: Skarmory
|-damage|p2a: Skarmory|86/100
|-activate|p2a: Skarmory|move: Infestation|[of] p1a: Lash
|move|p2a: Skarmory|Whirlwind|p1a: Lash
|drag|p1a: Jugger|Dondozo, F, shiny|100/100
|
|-end|p2a: Skarmory|Infestation|[partiallytrapped]|[silent]
|upkeep
|turn|24
|
|t:|1781081259
|switch|p1a: Sturm|Corviknight, F, shiny|88/100
|-damage|p1a: Sturm|76/100|[from] Stealth Rock
|-ability|p1a: Sturm|Pressure
|move|p2a: Skarmory|Whirlwind|p1a: Sturm
|drag|p1a: Jugger|Dondozo, F, shiny|100/100
|
|upkeep
|turn|25
|
|t:|1781081263
|switch|p1a: Lash|Toxapex, F, shiny|100/100
|move|p2a: Skarmory|Whirlwind|p1a: Lash
|drag|p1a: Flesh Tutu|Blissey, F|100/100
|
|upkeep
|turn|26
|
|t:|1781081267
|switch|p2a: Samurott|Samurott-Hisui, M|8/100
|switch|p1a: Adder|Gliscor, F, tera:Ghost|60/100 tox
|-damage|p1a: Adder|48/100 tox|[from] Spikes
|-damage|p1a: Adder|35/100 tox|[from] Stealth Rock
|
|-heal|p1a: Adder|48/100 tox|[from] ability: Poison Heal
|upkeep
|turn|27
|
|t:|1781081270
|move|p1a: Adder|Protect|p1a: Adder
|-singleturn|p1a: Adder|Protect
|move|p2a: Samurott|Ceaseless Edge|p1a: Adder
|-activate|p1a: Adder|move: Protect
|
|-heal|p1a: Adder|60/100 tox|[from] ability: Poison Heal
|upkeep
|turn|28
|
|t:|1781081284
|switch|p1a: Nell|Clefable, F|68/100
|move|p2a: Samurott|Knock Off|p1a: Nell
|-resisted|p1a: Nell
|-damage|p1a: Nell|56/100
|
|upkeep
|turn|29
|
|t:|1781081291
|switch|p2a: Gliscor|Gliscor, F|100/100 tox
|-damage|p2a: Gliscor|88/100 tox|[from] Stealth Rock
|move|p1a: Nell|Moonlight|p1a: Nell
|-heal|p1a: Nell|100/100
|
|-heal|p2a: Gliscor|100/100 tox|[from] ability: Poison Heal
|upkeep
|turn|30
|
|t:|1781081295
|move|p2a: Gliscor|Earthquake|p1a: Nell
|-damage|p1a: Nell|74/100
|move|p1a: Nell|Moonblast|p2a: Gliscor
|-damage|p2a: Gliscor|72/100 tox
|
|-heal|p2a: Gliscor|85/100 tox|[from] ability: Poison Heal
|upkeep
|turn|31
|
|t:|1781081300
|move|p2a: Gliscor|U-turn|p1a: Nell
|-resisted|p1a: Nell
|-damage|p1a: Nell|68/100
|
|t:|1781081303
|switch|p2a: Pecharunt|Pecharunt|100/100|[from] U-turn
|move|p1a: Nell|Moonblast|p2a: Pecharunt
|-resisted|p2a: Pecharunt
|-damage|p2a: Pecharunt|86/100
|
|upkeep
|turn|32
|
|t:|1781081311
|switch|p1a: Flesh Tutu|Blissey, F|100/100
|move|p2a: Pecharunt|Toxic|p1a: Flesh Tutu
|-status|p1a: Flesh Tutu|tox
|-start|p1a: Flesh Tutu|confusion|[from] ability: Poison Puppeteer|[of] p2a: Pecharunt
|
|-damage|p1a: Flesh Tutu|94/100 tox|[from] psn
|upkeep
|turn|33
|
|t:|1781081317
|move|p2a: Pecharunt|Parting Shot|p1a: Flesh Tutu
|-unboost|p1a: Flesh Tutu|atk|1
|-unboost|p1a: Flesh Tutu|spa|1
|
|t:|1781081319
|switch|p2a: Samurott|Samurott-Hisui, M|8/100|[from] Parting Shot
|-activate|p1a: Flesh Tutu|confusion
|-damage|p1a: Flesh Tutu|94/100 tox|[from] confusion
|
|-damage|p1a: Flesh Tutu|81/100 tox|[from] psn
|upkeep
|turn|34
|c|☆llachiee|k
|
|t:|1781081327
|-curestatus|p1a: Flesh Tutu|tox|[from] ability: Natural Cure|[silent]
|switch|p1a: Nell|Clefable, F|68/100
|move|p2a: Samurott|Razor Shell|p1a: Nell
|-damage|p1a: Nell|26/100
|-unboost|p1a: Nell|def|1
|
|upkeep
|turn|35
|
|t:|1781081337
|move|p2a: Samurott|Ceaseless Edge|p1a: Nell|[miss]
|-miss|p2a: Samurott|p1a: Nell
|move|p1a: Nell|Moonblast|p2a: Samurott
|-supereffective|p2a: Samurott
|-damage|p2a: Samurott|0 fnt
|faint|p2a: Samurott
|
|upkeep
|-message|FP.//06 forfeited.
|
|win|llachiee
|raw|llachiee's rating: 1627 &rarr; <strong>1645</strong><br />(+18 for winning)
|raw|FP.&#x2f;&#x2f;06's rating: 1590 &rarr; <strong>1572</strong><br />(-18 for losing)
|l|☆FP.//06
|player|p2|
|l|☆llachiee
|player|p1|
