|j|☆Belike
|j|☆LowEL0God
|t:|1781505524
|gametype|singles
|player|p1|Belike|rocketgrunt|1604
|player|p2|LowEL0God|265|1512
|gen|9
|tier|[Gen 9] OU
|rated|
|rule|HP Percentage Mod: HP is shown in percentages
|rule|Endless Battle Clause: Forcing endless battles is banned
|rule|Species Clause: Limit one of each Pokémon
|rule|OHKO Clause: OHKO moves are banned
|rule|Evasion Items Clause: Evasion items are banned
|rule|Evasion Moves Clause: Evasion moves are banned
|rule|Evasion Abilities Clause: Evasion abilities are banned
|rule|Sleep Moves Clause: Sleep-inducing moves are banned
|clearpoke
|poke|p1|Zapdos-Galar|
|poke|p1|Iron Treads|
|poke|p1|Vaporeon, M|
|poke|p1|Cinderace, M|
|poke|p1|Iron Valiant|
|poke|p1|Serperior, F|
|poke|p2|Pelipper, F|
|poke|p2|Raging Bolt|
|poke|p2|Overqwil, F|
|poke|p2|Barraskewda, M|
|poke|p2|Iron Treads|
|poke|p2|Kingambit, M|
|teampreview
|inactive|Battle timer is ON: inactive players will automatically lose when time's up. (requested by Belike)
|c|☆LowEL0God|hf
|inactive|LowEL0God also wants the timer to be on.
|l|☆Belike
|inactive|Belike disconnected and has a minute to reconnect!
|player|p1|
|j|☆Belike
|inactive|Belike reconnected and has 145 seconds left.
|player|p1|Belike|rocketgrunt|
|
|t:|1781505548
|teamsize|p1|6
|teamsize|p2|6
|start
|switch|p1a: Vaporeon|Vaporeon, M|100/100
|switch|p2a: Kingambit|Kingambit, M|100/100
|turn|1
|
|t:|1781505550
|move|p1a: Vaporeon|Scald|p2a: Kingambit
|-damage|p2a: Kingambit|69/100
|move|p2a: Kingambit|Swords Dance|p2a: Kingambit
|-boost|p2a: Kingambit|atk|2
|
|-heal|p2a: Kingambit|75/100|[from] item: Leftovers
|upkeep
|turn|2
|
|t:|1781505555
|move|p1a: Vaporeon|Wish|p1a: Vaporeon
|move|p2a: Kingambit|Kowtow Cleave|p1a: Vaporeon
|-damage|p1a: Vaporeon|31/100
|
|-heal|p1a: Vaporeon|37/100|[from] item: Leftovers
|-heal|p2a: Kingambit|82/100|[from] item: Leftovers
|upkeep
|turn|3
|
|t:|1781505558
|move|p1a: Vaporeon|Scald|p2a: Kingambit
|-damage|p2a: Kingambit|52/100
|move|p2a: Kingambit|Kowtow Cleave|p1a: Vaporeon
|-damage|p1a: Vaporeon|0 fnt
|faint|p1a: Vaporeon
|
|-heal|p2a: Kingambit|58/100|[from] item: Leftovers
|upkeep
|
|t:|1781505564
|switch|p1a: Iron Treads|Iron Treads|100/100
|turn|4
|
|t:|1781505565
|-terastallize|p2a: Kingambit|Dark
|move|p1a: Iron Treads|Earthquake|p2a: Kingambit
|-damage|p2a: Kingambit|21/100
|move|p2a: Kingambit|Kowtow Cleave|p1a: Iron Treads
|-damage|p1a: Iron Treads|6/100
|
|-heal|p1a: Iron Treads|12/100|[from] item: Leftovers
|-heal|p2a: Kingambit|27/100|[from] item: Leftovers
|upkeep
|turn|5
|
|t:|1781505570
|move|p2a: Kingambit|Sucker Punch||[still]
|-fail|p2a: Kingambit
|move|p1a: Iron Treads|Stealth Rock|p2a: Kingambit
|-sidestart|p2: LowEL0God|move: Stealth Rock
|
|-heal|p1a: Iron Treads|18/100|[from] item: Leftovers
|-heal|p2a: Kingambit|33/100|[from] item: Leftovers
|upkeep
|turn|6
|
|t:|1781505572
|move|p2a: Kingambit|Sucker Punch|p1a: Iron Treads
|-damage|p1a: Iron Treads|0 fnt
|faint|p1a: Iron Treads
|-end|p1a: Iron Treads|Quark Drive|[silent]
|
|-heal|p2a: Kingambit|39/100|[from] item: Leftovers
|upkeep
|
|t:|1781505576
|switch|p1a: Iron Valiant|Iron Valiant|100/100
|-enditem|p1a: Iron Valiant|Booster Energy
|-activate|p1a: Iron Valiant|ability: Quark Drive|[fromitem]
|-start|p1a: Iron Valiant|quarkdrivespe
|turn|7
|
|t:|1781505577
|move|p2a: Kingambit|Sucker Punch||[still]
|-fail|p2a: Kingambit
|move|p1a: Iron Valiant|Encore|p2a: Kingambit
|-start|p2a: Kingambit|Encore
|
|-heal|p2a: Kingambit|46/100|[from] item: Leftovers
|upkeep
|turn|8
|
|t:|1781505580
|-end|p2a: Kingambit|fallenundefined|[silent]
|switch|p2a: Iron Treads|Iron Treads|100/100
|-damage|p2a: Iron Treads|97/100|[from] Stealth Rock
|-enditem|p2a: Iron Treads|Booster Energy
|-activate|p2a: Iron Treads|ability: Quark Drive|[fromitem]
|-start|p2a: Iron Treads|quarkdrivespe
|move|p1a: Iron Valiant|Calm Mind|p1a: Iron Valiant
|-boost|p1a: Iron Valiant|spa|1
|-boost|p1a: Iron Valiant|spd|1
|
|upkeep
|turn|9
|
|t:|1781505583
|-end|p1a: Iron Valiant|Quark Drive|[silent]
|switch|p1a: Zapdos|Zapdos-Galar|100/100
|move|p2a: Iron Treads|Rapid Spin|p1a: Zapdos
|-damage|p1a: Zapdos|88/100
|-boost|p2a: Iron Treads|spe|1
|-sideend|p2: LowEL0God|Stealth Rock|[from] move: Rapid Spin|[of] p2a: Iron Treads
|
|upkeep
|turn|10
|
|t:|1781505585
|-end|p2a: Iron Treads|Quark Drive|[silent]
|switch|p2a: Pelipper|Pelipper, F|100/100
|-weather|RainDance|[from] ability: Drizzle|[of] p2a: Pelipper
|move|p1a: Zapdos|Thunderous Kick|p2a: Pelipper
|-resisted|p2a: Pelipper
|-damage|p2a: Pelipper|82/100
|-unboost|p2a: Pelipper|def|1
|
|-weather|RainDance|[upkeep]
|upkeep
|turn|11
|
|t:|1781505587
|move|p1a: Zapdos|Knock Off|p2a: Pelipper
|-damage|p2a: Pelipper|44/100
|-enditem|p2a: Pelipper|Damp Rock|[from] move: Knock Off|[of] p1a: Zapdos
|move|p2a: Pelipper|Hurricane|p1a: Zapdos
|-supereffective|p1a: Zapdos
|-damage|p1a: Zapdos|6/100
|-start|p1a: Zapdos|confusion
|
|-weather|RainDance|[upkeep]
|upkeep
|turn|12
|
|t:|1781505589
|-activate|p1a: Zapdos|confusion
|move|p1a: Zapdos|Brave Bird|p2a: Pelipper
|-damage|p2a: Pelipper|0 fnt
|faint|p2a: Pelipper
|-damage|p1a: Zapdos|0 fnt|[from] Recoil
|faint|p1a: Zapdos
|
|-weather|RainDance|[upkeep]
|upkeep
|
|t:|1781505593
|switch|p1a: Serperior|Serperior, F|100/100
|switch|p2a: Overqwil|Overqwil, F|100/100
|turn|13
|
|t:|1781505595
|move|p2a: Overqwil|Gunk Shot|p1a: Serperior
|-supereffective|p1a: Serperior
|-damage|p1a: Serperior|0 fnt
|faint|p1a: Serperior
|-damage|p2a: Overqwil|91/100|[from] item: Life Orb
|
|-weather|RainDance|[upkeep]
|upkeep
|
|t:|1781505597
|switch|p1a: Cinderace|Cinderace, M|100/100
|turn|14
|
|t:|1781505599
|move|p2a: Overqwil|Liquidation|p1a: Cinderace
|-supereffective|p1a: Cinderace
|-damage|p1a: Cinderace|0 fnt
|faint|p1a: Cinderace
|-damage|p2a: Overqwil|81/100|[from] item: Life Orb
|
|-weather|RainDance|[upkeep]
|upkeep
|
|t:|1781505601
|switch|p1a: Iron Valiant|Iron Valiant|100/100
|turn|15
|
|t:|1781505604
|-terastallize|p1a: Iron Valiant|Electric
|move|p2a: Overqwil|Liquidation|p1a: Iron Valiant
|-damage|p1a: Iron Valiant|19/100
|-damage|p2a: Overqwil|71/100|[from] item: Life Orb
|move|p1a: Iron Valiant|Thunderbolt|p2a: Overqwil
|-damage|p2a: Overqwil|8/100
|
|-weather|RainDance|[upkeep]
|upkeep
|turn|16
|
|t:|1781505609
|move|p2a: Overqwil|Liquidation|p1a: Iron Valiant
|-damage|p1a: Iron Valiant|0 fnt
|faint|p1a: Iron Valiant
|-end|p1a: Iron Valiant|Quark Drive|[silent]
|-damage|p2a: Overqwil|0 fnt|[from] item: Life Orb
|faint|p2a: Overqwil
|
|win|LowEL0God
|raw|Belike's rating: 1604 &rarr; <strong>1579</strong><br />(-25 for losing)
|raw|LowEL0God's rating: 1512 &rarr; <strong>1537</strong><br />(+25 for winning)
|l|☆Belike
|player|p1|
|c|☆LowEL0God|gg
|l|☆LowEL0God
|player|p2|
