|j|☆KurisuChestnutOU
|j|☆Glinpo
|t:|1781169575
|gametype|singles
|player|p1|KurisuChestnutOU|may-contest|1562
|player|p2|Glinpo|brock|1576
|gen|9
|tier|[Gen 9] OU
|rated|
|rule|HP Percentage Mod: HP is shown in percentages
|rule|Endless Battle Clause: Forcing endless battles is banned
|rule|Species Clause: Limit one of each Pokémon
|rule|OHKO Clause: OHKO moves are banned
|rule|Evasion Items Clause: Evasion items are banned
|rule|Evasion Moves Clause: Evasion moves are banned
|rule|Evasion Abilities Clause: Evasion abilities are banned
|rule|Sleep Moves Clause: Sleep-inducing moves are banned
|clearpoke
|poke|p1|Zamazenta-*|
|poke|p1|Zapdos|
|poke|p1|Garganacl, F|
|poke|p1|Clefable, M|
|poke|p1|Samurott-Hisui, F|
|poke|p1|Gholdengo|
|poke|p2|Pelipper, M|
|poke|p2|Raging Bolt|
|poke|p2|Overqwil, M|
|poke|p2|Barraskewda, M|
|poke|p2|Iron Treads|
|poke|p2|Kingambit, F|
|teampreview
|inactive|Battle timer is ON: inactive players will automatically lose when time's up. (requested by Glinpo)
|
|t:|1781169579
|teamsize|p1|6
|teamsize|p2|6
|start
|switch|p1a: Garganacl|Garganacl, F|100/100
|switch|p2a: Iron Dreads|Iron Treads|100/100
|-enditem|p2a: Iron Dreads|Booster Energy
|-activate|p2a: Iron Dreads|ability: Quark Drive|[fromitem]
|-start|p2a: Iron Dreads|quarkdrivespe
|turn|1
|inactive|KurisuChestnutOU also wants the timer to be on.
|
|t:|1781169587
|switch|p1a: Zamazenta|Zamazenta|100/100
|-ability|p1a: Zamazenta|Dauntless Shield|boost
|-boost|p1a: Zamazenta|def|1
|move|p2a: Iron Dreads|Steel Beam|p1a: Zamazenta
|-damage|p1a: Zamazenta|60/100
|-damage|p2a: Iron Dreads|50/100|[from] steelbeam
|
|-heal|p1a: Zamazenta|66/100|[from] item: Leftovers
|upkeep
|turn|2
|
|t:|1781169593
|move|p2a: Iron Dreads|Stealth Rock|p1a: Zamazenta
|-sidestart|p1: KurisuChestnutOU|move: Stealth Rock
|move|p1a: Zamazenta|Body Press|p2a: Iron Dreads
|-supereffective|p2a: Iron Dreads
|-crit|p2a: Iron Dreads
|-damage|p2a: Iron Dreads|0 fnt
|faint|p2a: Iron Dreads
|-end|p2a: Iron Dreads|Quark Drive|[silent]
|
|-heal|p1a: Zamazenta|72/100|[from] item: Leftovers
|upkeep
|
|t:|1781169596
|switch|p2a: Brianstorm|Pelipper, M, shiny|100/100
|-weather|RainDance|[from] ability: Drizzle|[of] p2a: Brianstorm
|turn|3
|
|t:|1781169602
|move|p1a: Zamazenta|Body Press|p2a: Brianstorm
|-resisted|p2a: Brianstorm
|-damage|p2a: Brianstorm|84/100
|move|p2a: Brianstorm|Hurricane|p1a: Zamazenta
|-supereffective|p1a: Zamazenta
|-damage|p1a: Zamazenta|12/100
|
|-weather|RainDance|[upkeep]
|-heal|p1a: Zamazenta|18/100|[from] item: Leftovers
|upkeep
|turn|4
|
|t:|1781169607
|move|p1a: Zamazenta|Crunch|p2a: Brianstorm
|-damage|p2a: Brianstorm|69/100
|move|p2a: Brianstorm|Hurricane|p1a: Zamazenta
|-supereffective|p1a: Zamazenta
|-damage|p1a: Zamazenta|0 fnt
|faint|p1a: Zamazenta
|
|-weather|RainDance|[upkeep]
|upkeep
|
|t:|1781169611
|switch|p1a: Garganacl|Garganacl, F|100/100
|-damage|p1a: Garganacl|88/100|[from] Stealth Rock
|turn|5
|
|t:|1781169617
|move|p2a: Brianstorm|U-turn|p1a: Garganacl
|-damage|p1a: Garganacl|82/100
|
|t:|1781169620
|switch|p2a: 3 Cheers 4 SR|Overqwil, M, shiny|100/100|[from] U-turn
|move|p1a: Garganacl|Stealth Rock|p2a: 3 Cheers 4 SR
|-sidestart|p2: Glinpo|move: Stealth Rock
|
|-weather|RainDance|[upkeep]
|-heal|p1a: Garganacl|89/100|[from] item: Leftovers
|upkeep
|turn|6
|
|t:|1781169623
|-terastallize|p1a: Garganacl|Water
|move|p2a: 3 Cheers 4 SR|Liquidation|p1a: Garganacl
|-resisted|p1a: Garganacl
|-damage|p1a: Garganacl|69/100
|-damage|p2a: 3 Cheers 4 SR|91/100|[from] item: Life Orb
|move|p1a: Garganacl|Salt Cure|p2a: 3 Cheers 4 SR
|-damage|p2a: 3 Cheers 4 SR|74/100
|-start|p2a: 3 Cheers 4 SR|Salt Cure
|
|-weather|RainDance|[upkeep]
|-heal|p1a: Garganacl|75/100|[from] item: Leftovers
|-damage|p2a: 3 Cheers 4 SR|62/100|[from] Salt Cure
|upkeep
|turn|7
|
|t:|1781169631
|move|p2a: 3 Cheers 4 SR|Swords Dance|p2a: 3 Cheers 4 SR
|-boost|p2a: 3 Cheers 4 SR|atk|2
|move|p1a: Garganacl|Salt Cure|p2a: 3 Cheers 4 SR
|-damage|p2a: 3 Cheers 4 SR|47/100
|
|-weather|RainDance|[upkeep]
|-heal|p1a: Garganacl|81/100|[from] item: Leftovers
|-damage|p2a: 3 Cheers 4 SR|35/100|[from] Salt Cure
|upkeep
|turn|8
|
|t:|1781169636
|switch|p1a: Gholdengo|Gholdengo|100/100
|-damage|p1a: Gholdengo|94/100|[from] Stealth Rock
|move|p2a: 3 Cheers 4 SR|Gunk Shot|p1a: Gholdengo
|-immune|p1a: Gholdengo
|
|-weather|RainDance|[upkeep]
|-damage|p2a: 3 Cheers 4 SR|23/100|[from] Salt Cure
|upkeep
|turn|9
|
|t:|1781169642
|switch|p1a: Clefable|Clefable, M|100/100
|move|p2a: 3 Cheers 4 SR|Crunch|p1a: Clefable
|-resisted|p1a: Clefable
|-damage|p1a: Clefable|81/100
|-damage|p2a: 3 Cheers 4 SR|13/100|[from] item: Life Orb
|
|-weather|RainDance|[upkeep]
|-damage|p2a: 3 Cheers 4 SR|0 fnt|[from] Salt Cure
|faint|p2a: 3 Cheers 4 SR
|upkeep
|
|t:|1781169649
|switch|p2a: SIN MIEDO|Kingambit, F, shiny|100/100
|-damage|p2a: SIN MIEDO|94/100|[from] Stealth Rock
|-activate|p2a: SIN MIEDO|ability: Supreme Overlord
|-start|p2a: SIN MIEDO|fallen2|[silent]
|turn|10
|
|t:|1781169653
|move|p1a: Clefable|Moonblast|p2a: SIN MIEDO
|-damage|p2a: SIN MIEDO|62/100
|move|p2a: SIN MIEDO|Swords Dance|p2a: SIN MIEDO
|-boost|p2a: SIN MIEDO|atk|2
|
|-weather|none
|-heal|p2a: SIN MIEDO|68/100|[from] item: Leftovers
|upkeep
|turn|11
|
|t:|1781169659
|move|p1a: Clefable|Moonblast|p2a: SIN MIEDO
|-damage|p2a: SIN MIEDO|36/100
|move|p2a: SIN MIEDO|Swords Dance|p2a: SIN MIEDO
|-boost|p2a: SIN MIEDO|atk|2
|
|-heal|p2a: SIN MIEDO|43/100|[from] item: Leftovers
|upkeep
|turn|12
|
|t:|1781169667
|move|p1a: Clefable|Moonblast|p2a: SIN MIEDO
|-crit|p2a: SIN MIEDO
|-damage|p2a: SIN MIEDO|0 fnt
|faint|p2a: SIN MIEDO
|-end|p2a: SIN MIEDO|fallen2|[silent]
|
|upkeep
|
|t:|1781169676
|switch|p2a: Brianstorm|Pelipper, M, shiny|69/100
|-damage|p2a: Brianstorm|44/100|[from] Stealth Rock
|-weather|RainDance|[from] ability: Drizzle|[of] p2a: Brianstorm
|turn|13
|
|t:|1781169679
|move|p1a: Clefable|Thunder Wave|p2a: Brianstorm
|-status|p2a: Brianstorm|par
|move|p2a: Brianstorm|U-turn|p1a: Clefable
|-resisted|p1a: Clefable
|-damage|p1a: Clefable|77/100
|
|t:|1781169683
|switch|p2a: Kuma II|Barraskewda, M, shiny|100/100|[from] U-turn
|-damage|p2a: Kuma II|88/100|[from] Stealth Rock
|
|-weather|RainDance|[upkeep]
|upkeep
|turn|14
|
|t:|1781169687
|switch|p1a: Samurott|Samurott-Hisui, F|100/100
|-damage|p1a: Samurott|88/100|[from] Stealth Rock
|-terastallize|p2a: Kuma II|Water
|move|p2a: Kuma II|Liquidation|p1a: Samurott
|-resisted|p1a: Samurott
|-damage|p1a: Samurott|6/100
|
|-weather|RainDance|[upkeep]
|upkeep
|turn|15
|
|t:|1781169690
|move|p1a: Samurott|Sucker Punch|p2a: Kuma II
|-damage|p2a: Kuma II|25/100
|move|p2a: Kuma II|Liquidation|p1a: Samurott
|-resisted|p1a: Samurott
|-damage|p1a: Samurott|0 fnt
|faint|p1a: Samurott
|
|-weather|RainDance|[upkeep]
|upkeep
|
|t:|1781169694
|switch|p1a: Garganacl|Garganacl, F, tera:Water|81/100
|-damage|p1a: Garganacl|69/100|[from] Stealth Rock
|turn|16
|
|t:|1781169701
|switch|p2a: Ride The Lightning|Raging Bolt|100/100
|-damage|p2a: Ride The Lightning|88/100|[from] Stealth Rock
|-enditem|p2a: Ride The Lightning|Booster Energy
|-activate|p2a: Ride The Lightning|ability: Protosynthesis|[fromitem]
|-start|p2a: Ride The Lightning|protosynthesisspa
|move|p1a: Garganacl|Recover|p1a: Garganacl
|-heal|p1a: Garganacl|100/100
|
|-weather|RainDance|[upkeep]
|upkeep
|turn|17
|
|t:|1781169705
|move|p2a: Ride The Lightning|Thunder|p1a: Garganacl
|-supereffective|p1a: Garganacl
|-damage|p1a: Garganacl|0 fnt
|faint|p1a: Garganacl
|
|-weather|RainDance|[upkeep]
|upkeep
|
|t:|1781169713
|switch|p1a: Zapdos|Zapdos|100/100
|turn|18
|
|t:|1781169721
|move|p1a: Zapdos|Hurricane|p2a: Ride The Lightning
|-resisted|p2a: Ride The Lightning
|-damage|p2a: Ride The Lightning|68/100
|move|p2a: Ride The Lightning|Thunder|p1a: Zapdos
|-damage|p1a: Zapdos|24/100
|
|-weather|RainDance|[upkeep]
|upkeep
|turn|19
|
|t:|1781169725
|move|p2a: Ride The Lightning|Thunderclap|p1a: Zapdos
|-damage|p1a: Zapdos|0 fnt
|faint|p1a: Zapdos
|
|-weather|RainDance|[upkeep]
|upkeep
|
|t:|1781169729
|switch|p1a: Clefable|Clefable, M|77/100
|turn|20
|
|t:|1781169732
|move|p2a: Ride The Lightning|Thunder|p1a: Clefable
|-damage|p1a: Clefable|0 fnt
|faint|p1a: Clefable
|
|-weather|none
|upkeep
|
|t:|1781169736
|switch|p1a: Gholdengo|Gholdengo|94/100
|-damage|p1a: Gholdengo|88/100|[from] Stealth Rock
|turn|21
|
|t:|1781169741
|move|p2a: Ride The Lightning|Thunderclap||[still]
|-fail|p2a: Ride The Lightning
|move|p1a: Gholdengo|Trick|p2a: Ride The Lightning
|-activate|p1a: Gholdengo|move: Trick|[of] p2a: Ride The Lightning
|-item|p2a: Ride The Lightning|Choice Scarf|[from] move: Trick
|-enditem|p1a: Gholdengo|Choice Scarf|[silent]|[from] move: Trick
|
|upkeep
|turn|22
|
|t:|1781169748
|move|p2a: Ride The Lightning|Thunder|p1a: Gholdengo
|-crit|p1a: Gholdengo
|-damage|p1a: Gholdengo|0 fnt
|faint|p1a: Gholdengo
|
|win|Glinpo
|raw|KurisuChestnutOU's rating: 1576 &rarr; <strong>1556</strong><br />(-20 for losing)
|raw|Glinpo's rating: 1576 &rarr; <strong>1596</strong><br />(+20 for winning)
|l|☆KurisuChestnutOU
|player|p1|
|l|☆Glinpo
|player|p2|
