|j|☆rekjllj
|j|☆sethypooh
|t:|1781307283
|gametype|singles
|player|p1|rekjllj|169|1522
|player|p2|sethypooh|pokemaniac|1482
|gen|9
|tier|[Gen 9] OU
|rated|
|rule|HP Percentage Mod: HP is shown in percentages
|rule|Endless Battle Clause: Forcing endless battles is banned
|rule|Species Clause: Limit one of each Pokémon
|rule|OHKO Clause: OHKO moves are banned
|rule|Evasion Items Clause: Evasion items are banned
|rule|Evasion Moves Clause: Evasion moves are banned
|rule|Evasion Abilities Clause: Evasion abilities are banned
|rule|Sleep Moves Clause: Sleep-inducing moves are banned
|clearpoke
|poke|p1|Walking Wake|
|poke|p1|Great Tusk|
|poke|p1|Ninetales, F|
|poke|p1|Cresselia, F|
|poke|p1|Zarude|
|poke|p1|Ceruledge, M|
|poke|p2|Raging Bolt|
|poke|p2|Ribombee, F|
|poke|p2|Gholdengo|
|poke|p2|Great Tusk|
|poke|p2|Ogerpon-Cornerstone, F|
|poke|p2|Ceruledge, F|
|teampreview
|inactive|Battle timer is ON: inactive players will automatically lose when time's up. (requested by sethypooh)
|c|☆rekjllj|hf
|inactive|rekjllj also wants the timer to be on.
|
|t:|1781307292
|teamsize|p1|6
|teamsize|p2|6
|start
|switch|p1a: Ceruledge|Ceruledge, M|100/100
|switch|p2a: Ogerpon|Ogerpon-Cornerstone, F|100/100
|turn|1
|
|t:|1781307298
|move|p2a: Ogerpon|Knock Off|p1a: Ceruledge
|-supereffective|p1a: Ceruledge
|-enditem|p1a: Ceruledge|Focus Sash
|-damage|p1a: Ceruledge|1/100
|-ability|p1a: Ceruledge|Weak Armor|boost
|-unboost|p1a: Ceruledge|def|1
|-boost|p1a: Ceruledge|spe|2
|move|p1a: Ceruledge|Bitter Blade|p2a: Ogerpon
|-damage|p2a: Ogerpon|38/100
|-heal|p1a: Ceruledge|33/100|[from] drain|[of] p2a: Ogerpon
|
|upkeep
|turn|2
|c|☆sethypooh|you too
|
|t:|1781307304
|move|p1a: Ceruledge|Poltergeist|p2a: Ogerpon
|-activate|p2a: Ogerpon|move: Poltergeist|Cornerstone Mask
|-damage|p2a: Ogerpon|0 fnt
|faint|p2a: Ogerpon
|
|upkeep
|
|t:|1781307309
|switch|p2a: Ceruledge|Ceruledge, F, shiny|100/100
|turn|3
|
|t:|1781307315
|switch|p1a: Walking Wake|Walking Wake|100/100
|move|p2a: Ceruledge|Shadow Sneak|p1a: Walking Wake
|-damage|p1a: Walking Wake|77/100
|
|upkeep
|turn|4
|
|t:|1781307321
|move|p1a: Walking Wake|Hydro Steam|p2a: Ceruledge
|-supereffective|p2a: Ceruledge
|-damage|p2a: Ceruledge|5/100
|move|p2a: Ceruledge|Poltergeist|p1a: Walking Wake
|-activate|p1a: Walking Wake|move: Poltergeist|Wise Glasses
|-damage|p1a: Walking Wake|7/100
|
|upkeep
|turn|5
|
|t:|1781307328
|move|p2a: Ceruledge|Shadow Sneak|p1a: Walking Wake
|-damage|p1a: Walking Wake|0 fnt
|faint|p1a: Walking Wake
|-end|p1a: Walking Wake|Protosynthesis|[silent]
|
|upkeep
|
|t:|1781307334
|switch|p1a: Zarude|Zarude|100/100
|turn|6
|
|t:|1781307340
|move|p2a: Ceruledge|Shadow Sneak|p1a: Zarude
|-resisted|p1a: Zarude
|-damage|p1a: Zarude|90/100
|move|p1a: Zarude|Knock Off|p2a: Ceruledge
|-supereffective|p2a: Ceruledge
|-damage|p2a: Ceruledge|0 fnt
|-enditem|p2a: Ceruledge|Focus Sash|[from] move: Knock Off|[of] p1a: Zarude
|faint|p2a: Ceruledge
|
|-heal|p1a: Zarude|96/100|[from] item: Leftovers
|upkeep
|
|t:|1781307346
|switch|p2a: Ribombee|Ribombee, F, shiny|100/100
|turn|7
|
|t:|1781307352
|-terastallize|p1a: Zarude|Poison
|move|p2a: Ribombee|Moonblast|p1a: Zarude
|-resisted|p1a: Zarude
|-damage|p1a: Zarude|78/100
|-unboost|p1a: Zarude|spa|1
|move|p1a: Zarude|Swords Dance|p1a: Zarude
|-boost|p1a: Zarude|atk|2
|
|-heal|p1a: Zarude|84/100|[from] item: Leftovers
|upkeep
|turn|8
|
|t:|1781307359
|move|p2a: Ribombee|Psychic|p1a: Zarude
|-supereffective|p1a: Zarude
|-damage|p1a: Zarude|38/100
|move|p1a: Zarude|Knock Off|p2a: Ribombee
|-resisted|p2a: Ribombee
|-damage|p2a: Ribombee|10/100
|-enditem|p2a: Ribombee|Focus Sash|[from] move: Knock Off|[of] p1a: Zarude
|
|-heal|p1a: Zarude|44/100|[from] item: Leftovers
|upkeep
|turn|9
|
|t:|1781307366
|switch|p1a: Ceruledge|Ceruledge, M|33/100
|move|p2a: Ribombee|Psychic|p1a: Ceruledge
|-damage|p1a: Ceruledge|4/100
|
|upkeep
|turn|10
|
|t:|1781307372
|move|p2a: Ribombee|Psychic|p1a: Ceruledge
|-damage|p1a: Ceruledge|0 fnt
|faint|p1a: Ceruledge
|
|upkeep
|
|t:|1781307378
|switch|p1a: Great Tusk|Great Tusk|100/100
|turn|11
|
|t:|1781307384
|move|p2a: Ribombee|Moonblast|p1a: Great Tusk
|-supereffective|p1a: Great Tusk
|-damage|p1a: Great Tusk|20/100
|-unboost|p1a: Great Tusk|spa|1
|move|p1a: Great Tusk|Rapid Spin|p2a: Ribombee
|-damage|p2a: Ribombee|0 fnt
|-boost|p1a: Great Tusk|spe|1
|faint|p2a: Ribombee
|
|upkeep
|
|t:|1781307390
|switch|p2a: Gholdengo|Gholdengo, shiny|100/100
|-item|p2a: Gholdengo|Air Balloon
|turn|12
|
|t:|1781307397
|move|p1a: Great Tusk|Ice Spinner|p2a: Gholdengo
|-resisted|p2a: Gholdengo
|-damage|p2a: Gholdengo|84/100
|-enditem|p2a: Gholdengo|Air Balloon
|move|p2a: Gholdengo|Dazzling Gleam|p1a: Great Tusk
|-supereffective|p1a: Great Tusk
|-damage|p1a: Great Tusk|0 fnt
|faint|p1a: Great Tusk
|-end|p1a: Great Tusk|Protosynthesis|[silent]
|
|upkeep
|
|t:|1781307403
|switch|p1a: Zarude|Zarude, tera:Poison|44/100
|turn|13
|
|t:|1781307409
|switch|p2a: Great Tusk|Great Tusk, shiny|100/100
|-enditem|p2a: Great Tusk|Booster Energy
|-activate|p2a: Great Tusk|ability: Protosynthesis|[fromitem]
|-start|p2a: Great Tusk|protosynthesisatk
|move|p1a: Zarude|Synthesis|p1a: Zarude
|-heal|p1a: Zarude|94/100
|
|-heal|p1a: Zarude|99/100|[from] item: Leftovers
|upkeep
|turn|14
|
|t:|1781307415
|switch|p1a: Cresselia|Cresselia, F|100/100
|move|p2a: Great Tusk|Headlong Rush|p1a: Cresselia
|-immune|p1a: Cresselia|[from] ability: Levitate
|
|upkeep
|turn|15
|
|t:|1781307434
|-end|p2a: Great Tusk|Protosynthesis|[silent]
|switch|p2a: Gholdengo|Gholdengo, shiny|84/100
|move|p1a: Cresselia|Psychic|p2a: Gholdengo
|-resisted|p2a: Gholdengo
|-damage|p2a: Gholdengo|71/100
|
|upkeep
|turn|16
|
|t:|1781307445
|switch|p1a: Zarude|Zarude, tera:Poison|99/100
|move|p2a: Gholdengo|Shadow Ball|p1a: Zarude
|-damage|p1a: Zarude|53/100
|
|-heal|p1a: Zarude|60/100|[from] item: Leftovers
|upkeep
|turn|17
|
|t:|1781307451
|switch|p2a: Great Tusk|Great Tusk, shiny|100/100
|move|p1a: Zarude|Synthesis|p1a: Zarude
|-heal|p1a: Zarude|100/100
|
|upkeep
|turn|18
|
|t:|1781307457
|switch|p1a: Cresselia|Cresselia, F|100/100
|move|p2a: Great Tusk|Ice Spinner|p1a: Cresselia
|-damage|p1a: Cresselia|85/100
|-enditem|p1a: Cresselia|Eject Button
|
|t:|1781307463
|switch|p1a: Zarude|Zarude, tera:Poison|100/100
|
|upkeep
|turn|19
|
|t:|1781307469
|switch|p1a: Cresselia|Cresselia, F|85/100
|move|p2a: Great Tusk|Headlong Rush|p1a: Cresselia
|-immune|p1a: Cresselia|[from] ability: Levitate
|
|upkeep
|turn|20
|
|t:|1781307475
|-end|p2a: Great Tusk|Protosynthesis|[silent]
|switch|p2a: Gholdengo|Gholdengo, shiny|71/100
|move|p1a: Cresselia|Psychic|p2a: Gholdengo
|-resisted|p2a: Gholdengo
|-damage|p2a: Gholdengo|57/100
|
|upkeep
|turn|21
|
|t:|1781307481
|switch|p1a: Zarude|Zarude, tera:Poison|100/100
|move|p2a: Gholdengo|Psyshock|p1a: Zarude
|-supereffective|p1a: Zarude
|-damage|p1a: Zarude|43/100
|
|-heal|p1a: Zarude|49/100|[from] item: Leftovers
|upkeep
|turn|22
|
|t:|1781307487
|-terastallize|p2a: Gholdengo|Fairy
|move|p1a: Zarude|Synthesis|p1a: Zarude
|-heal|p1a: Zarude|99/100
|move|p2a: Gholdengo|Psyshock|p1a: Zarude
|-supereffective|p1a: Zarude
|-damage|p1a: Zarude|42/100
|
|-heal|p1a: Zarude|48/100|[from] item: Leftovers
|upkeep
|turn|23
|
|t:|1781307490
|move|p1a: Zarude|Power Whip|p2a: Gholdengo|[miss]
|-miss|p1a: Zarude|p2a: Gholdengo
|move|p2a: Gholdengo|Psyshock|p1a: Zarude
|-supereffective|p1a: Zarude
|-damage|p1a: Zarude|0 fnt
|faint|p1a: Zarude
|
|upkeep
|
|t:|1781307494
|switch|p1a: Ninetales|Ninetales, F|100/100
|-weather|SunnyDay|[from] ability: Drought|[of] p1a: Ninetales
|turn|24
|
|t:|1781307513
|switch|p2a: Raging Bolt|Raging Bolt|100/100
|-activate|p2a: Raging Bolt|ability: Protosynthesis
|-start|p2a: Raging Bolt|protosynthesisspa
|move|p1a: Ninetales|Overheat|p2a: Raging Bolt
|-resisted|p2a: Raging Bolt
|-damage|p2a: Raging Bolt|68/100
|-unboost|p1a: Ninetales|spa|2
|
|-weather|SunnyDay|[upkeep]
|upkeep
|turn|25
|
|t:|1781307519
|move|p1a: Ninetales|Will-O-Wisp|p2a: Raging Bolt|[miss]
|-miss|p1a: Ninetales|p2a: Raging Bolt
|move|p2a: Raging Bolt|Thunderbolt|p1a: Ninetales
|-damage|p1a: Ninetales|34/100
|
|-weather|SunnyDay|[upkeep]
|upkeep
|turn|26
|
|t:|1781307525
|move|p1a: Ninetales|Encore|p2a: Raging Bolt
|-start|p2a: Raging Bolt|Encore
|move|p2a: Raging Bolt|Thunderbolt|p1a: Ninetales
|-damage|p1a: Ninetales|0 fnt
|faint|p1a: Ninetales
|
|-weather|SunnyDay|[upkeep]
|upkeep
|
|t:|1781307530
|switch|p1a: Cresselia|Cresselia, F|85/100
|turn|27
|
|t:|1781307536
|move|p2a: Raging Bolt|Thunderbolt|p1a: Cresselia
|-damage|p1a: Cresselia|43/100
|-status|p1a: Cresselia|par
|move|p1a: Cresselia|Psychic|p2a: Raging Bolt
|-damage|p2a: Raging Bolt|44/100
|
|-weather|SunnyDay|[upkeep]
|upkeep
|turn|28
|
|t:|1781307542
|move|p2a: Raging Bolt|Thunderbolt|p1a: Cresselia
|-damage|p1a: Cresselia|4/100 par
|move|p1a: Cresselia|Moonlight|p1a: Cresselia
|-heal|p1a: Cresselia|70/100 par
|
|-weather|SunnyDay|[upkeep]
|-end|p2a: Raging Bolt|Encore
|upkeep
|turn|29
|
|t:|1781307547
|move|p2a: Raging Bolt|Calm Mind|p2a: Raging Bolt
|-boost|p2a: Raging Bolt|spa|1
|-boost|p2a: Raging Bolt|spd|1
|move|p1a: Cresselia|Moonlight|p1a: Cresselia
|-heal|p1a: Cresselia|100/100 par
|
|-weather|SunnyDay|[upkeep]
|upkeep
|turn|30
|
|t:|1781307553
|move|p2a: Raging Bolt|Calm Mind|p2a: Raging Bolt
|-boost|p2a: Raging Bolt|spa|1
|-boost|p2a: Raging Bolt|spd|1
|move|p1a: Cresselia|Moonlight|p1a: Cresselia
|-fail|p1a: Cresselia|heal
|
|-weather|SunnyDay|[upkeep]
|upkeep
|turn|31
|
|t:|1781307558
|move|p2a: Raging Bolt|Thunderbolt|p1a: Cresselia
|-damage|p1a: Cresselia|28/100 par
|move|p1a: Cresselia|Moonlight|p1a: Cresselia
|-heal|p1a: Cresselia|95/100 par
|
|-weather|none
|-end|p2a: Raging Bolt|Protosynthesis
|upkeep
|-enditem|p2a: Raging Bolt|Booster Energy
|-activate|p2a: Raging Bolt|ability: Protosynthesis|[fromitem]
|-start|p2a: Raging Bolt|protosynthesisspa
|turn|32
|
|t:|1781307563
|move|p2a: Raging Bolt|Calm Mind|p2a: Raging Bolt
|-boost|p2a: Raging Bolt|spa|1
|-boost|p2a: Raging Bolt|spd|1
|cant|p1a: Cresselia|par
|
|upkeep
|turn|33
|
|t:|1781307569
|move|p2a: Raging Bolt|Thunderbolt|p1a: Cresselia
|-damage|p1a: Cresselia|0 fnt
|faint|p1a: Cresselia
|
|win|sethypooh
|raw|rekjllj's rating: 1522 &rarr; <strong>1500</strong><br />(-22 for losing)
|raw|sethypooh's rating: 1482 &rarr; <strong>1504</strong><br />(+22 for winning)
|c|☆rekjllj|gg
