|j|☆COLFOFLOW
|j|‽yesterdaymister
|t:|1780931113
|gametype|singles
|player|p1|COLFOFLOW|volkner|1678
|player|p2|yesterdaymister|striker|1718
|gen|9
|tier|[Gen 9] OU
|rated|
|rule|HP Percentage Mod: HP is shown in percentages
|rule|Endless Battle Clause: Forcing endless battles is banned
|rule|Species Clause: Limit one of each Pokémon
|rule|OHKO Clause: OHKO moves are banned
|rule|Evasion Items Clause: Evasion items are banned
|rule|Evasion Moves Clause: Evasion moves are banned
|rule|Evasion Abilities Clause: Evasion abilities are banned
|rule|Sleep Moves Clause: Sleep-inducing moves are banned
|clearpoke
|poke|p1|Darkrai|
|poke|p1|Clodsire, F|
|poke|p1|Suicune|
|poke|p1|Lokix, M|
|poke|p1|Pecharunt|
|poke|p1|Corviknight, M|
|poke|p2|Ninetales, F|
|poke|p2|Ceruledge, M|
|poke|p2|Venusaur, F|
|poke|p2|Hatterene, F|
|poke|p2|Great Tusk|
|poke|p2|Walking Wake|
|teampreview
|inactive|Battle timer is ON: inactive players will automatically lose when time's up. (requested by yesterdaymister)
|
|t:|1780931131
|teamsize|p1|6
|teamsize|p2|6
|start
|switch|p1a: Darkrai|Darkrai|100/100
|switch|p2a: Ninetales|Ninetales, F|100/100
|-weather|SunnyDay|[from] ability: Drought|[of] p2a: Ninetales
|turn|1
|
|t:|1780931138
|switch|p2a: Hatterene|Hatterene, F|100/100
|move|p1a: Darkrai|Dark Pulse|p2a: Hatterene
|-damage|p2a: Hatterene|42/100
|-enditem|p2a: Hatterene|Eject Button
|
|t:|1780931156
|switch|p2a: Walking Wake|Walking Wake|100/100
|-activate|p2a: Walking Wake|ability: Protosynthesis
|-start|p2a: Walking Wake|protosynthesisspa
|
|-weather|SunnyDay|[upkeep]
|upkeep
|turn|2
|j| karlheinzIX
|
|t:|1780931160
|switch|p1a: Clodsire|Clodsire, F|100/100
|move|p2a: Walking Wake|Hydro Steam|p1a: Clodsire
|-immune|p1a: Clodsire|[from] ability: Water Absorb
|
|-weather|SunnyDay|[upkeep]
|upkeep
|turn|3
|
|t:|1780931167
|-end|p2a: Walking Wake|Protosynthesis|[silent]
|switch|p2a: Hatterene|Hatterene, F|42/100
|move|p1a: Clodsire|Toxic|p2a: Hatterene
|move|p2a: Hatterene|Toxic|p1a: Clodsire|[from] ability: Magic Bounce
|-immune|p1a: Clodsire
|
|-weather|SunnyDay|[upkeep]
|upkeep
|turn|4
|l| karlheinzIX
|
|t:|1780931176
|switch|p1a: Suicune|Suicune|100/100
|-ability|p1a: Suicune|Pressure
|move|p2a: Hatterene|Psychic Noise|p1a: Suicune
|-crit|p1a: Suicune
|-damage|p1a: Suicune|62/100
|-start|p1a: Suicune|move: Heal Block
|
|-weather|SunnyDay|[upkeep]
|upkeep
|turn|5
|
|t:|1780931179
|move|p1a: Suicune|Scald|p2a: Hatterene
|-damage|p2a: Hatterene|30/100
|move|p2a: Hatterene|Nuzzle|p1a: Suicune
|-supereffective|p1a: Suicune
|-damage|p1a: Suicune|57/100
|-status|p1a: Suicune|par
|
|-weather|SunnyDay|[upkeep]
|-end|p1a: Suicune|move: Heal Block
|upkeep
|turn|6
|
|t:|1780931183
|move|p1a: Suicune|Rest|p1a: Suicune
|-status|p1a: Suicune|slp|[from] move: Rest
|-heal|p1a: Suicune|100/100 slp|[silent]
|move|p2a: Hatterene|Psychic Noise|p1a: Suicune
|-damage|p1a: Suicune|77/100 slp
|-start|p1a: Suicune|move: Heal Block
|
|-weather|SunnyDay|[upkeep]
|upkeep
|turn|7
|
|t:|1780931187
|cant|p1a: Suicune|slp
|move|p1a: Suicune|Sleep Talk|p1a: Suicune
|move|p1a: Suicune|Scald|p2a: Hatterene|[from] move: Sleep Talk
|-damage|p2a: Hatterene|19/100
|move|p2a: Hatterene|Psychic Noise|p1a: Suicune
|-damage|p1a: Suicune|51/100 slp
|
|-weather|SunnyDay|[upkeep]
|-end|p1a: Suicune|move: Heal Block
|upkeep
|turn|8
|
|t:|1780931194
|cant|p1a: Suicune|slp
|move|p1a: Suicune|Sleep Talk|p1a: Suicune
|move|p1a: Suicune|Scald|p2a: Hatterene|[from] move: Sleep Talk
|-damage|p2a: Hatterene|8/100
|-status|p2a: Hatterene|brn
|move|p2a: Hatterene|Psychic Noise|p1a: Suicune
|-damage|p1a: Suicune|24/100 slp
|-start|p1a: Suicune|move: Heal Block
|
|-weather|none
|-damage|p2a: Hatterene|2/100 brn|[from] brn
|upkeep
|turn|9
|
|t:|1780931202
|-curestatus|p1a: Suicune|slp|[msg]
|move|p1a: Suicune|Scald|p2a: Hatterene
|-damage|p2a: Hatterene|0 fnt
|faint|p2a: Hatterene
|
|-end|p1a: Suicune|move: Heal Block
|upkeep
|
|t:|1780931213
|switch|p2a: Walking Wake|Walking Wake|100/100
|turn|10
|
|t:|1780931217
|switch|p1a: Clodsire|Clodsire, F|100/100
|move|p2a: Walking Wake|Dragon Pulse|p1a: Clodsire
|-damage|p1a: Clodsire|65/100
|
|-heal|p1a: Clodsire|72/100|[from] item: Black Sludge
|upkeep
|turn|11
|
|t:|1780931221
|-end|p2a: Walking Wake|Protosynthesis|[silent]
|switch|p2a: Great Tusk|Great Tusk|100/100
|move|p1a: Clodsire|Recover|p1a: Clodsire
|-heal|p1a: Clodsire|100/100
|
|upkeep
|turn|12
|
|t:|1780931224
|switch|p1a: Corviknight|Corviknight, M|100/100
|-ability|p1a: Corviknight|Pressure
|move|p2a: Great Tusk|Stealth Rock|p1a: Corviknight
|-sidestart|p1: COLFOFLOW|move: Stealth Rock
|
|upkeep
|turn|13
|
|t:|1780931226
|-end|p2a: Great Tusk|Protosynthesis|[silent]
|switch|p2a: Ninetales|Ninetales, F|100/100
|-weather|SunnyDay|[from] ability: Drought|[of] p2a: Ninetales
|move|p1a: Corviknight|Defog|p2a: Ninetales
|-unboost|p2a: Ninetales|evasion|1
|-sideend|p1: COLFOFLOW|Stealth Rock|[from] move: Defog|[of] p1a: Corviknight
|
|-weather|SunnyDay|[upkeep]
|upkeep
|turn|14
|
|t:|1780931233
|switch|p2a: Walking Wake|Walking Wake|100/100
|-activate|p2a: Walking Wake|ability: Protosynthesis
|-start|p2a: Walking Wake|protosynthesisspa
|switch|p1a: Clodsire|Clodsire, F|100/100
|
|-weather|SunnyDay|[upkeep]
|upkeep
|turn|15
|
|t:|1780931238
|move|p2a: Walking Wake|Draco Meteor|p1a: Clodsire
|-damage|p1a: Clodsire|31/100
|-unboost|p2a: Walking Wake|spa|2
|move|p1a: Clodsire|Stealth Rock|p2a: Walking Wake
|-sidestart|p2: yesterdaymister|move: Stealth Rock
|
|-weather|SunnyDay|[upkeep]
|-heal|p1a: Clodsire|37/100|[from] item: Black Sludge
|upkeep
|turn|16
|
|t:|1780931241
|move|p2a: Walking Wake|Draco Meteor|p1a: Clodsire
|-damage|p1a: Clodsire|0 fnt
|-unboost|p2a: Walking Wake|spa|2
|faint|p1a: Clodsire
|
|-weather|SunnyDay|[upkeep]
|upkeep
|
|t:|1780931247
|switch|p1a: Darkrai|Darkrai|100/100
|turn|17
|
|t:|1780931254
|-end|p2a: Walking Wake|Protosynthesis|[silent]
|switch|p2a: Great Tusk|Great Tusk|100/100
|-damage|p2a: Great Tusk|98/100|[from] Stealth Rock
|-activate|p2a: Great Tusk|ability: Protosynthesis
|-start|p2a: Great Tusk|protosynthesisspe
|move|p1a: Darkrai|Ice Beam|p2a: Great Tusk
|-supereffective|p2a: Great Tusk
|-crit|p2a: Great Tusk
|-damage|p2a: Great Tusk|0 fnt
|faint|p2a: Great Tusk
|-end|p2a: Great Tusk|Protosynthesis|[silent]
|
|-weather|SunnyDay|[upkeep]
|upkeep
|
|t:|1780931264
|switch|p2a: Walking Wake|Walking Wake|100/100
|-damage|p2a: Walking Wake|88/100|[from] Stealth Rock
|-activate|p2a: Walking Wake|ability: Protosynthesis
|-start|p2a: Walking Wake|protosynthesisspa
|turn|18
|inactive|COLFOFLOW has 120 seconds left.
|
|t:|1780931301
|switch|p1a: Suicune|Suicune|24/100
|-ability|p1a: Suicune|Pressure
|move|p2a: Walking Wake|Hydro Steam|p1a: Suicune
|-resisted|p1a: Suicune
|-damage|p1a: Suicune|0 fnt
|faint|p1a: Suicune
|
|-weather|SunnyDay|[upkeep]
|upkeep
|
|t:|1780931308
|switch|p1a: Lokix|Lokix, M|100/100
|turn|19
|
|t:|1780931312
|-terastallize|p1a: Lokix|Bug
|move|p1a: Lokix|First Impression|p2a: Walking Wake
|-damage|p2a: Walking Wake|0 fnt
|faint|p2a: Walking Wake
|-end|p2a: Walking Wake|Protosynthesis|[silent]
|
|-weather|SunnyDay|[upkeep]
|upkeep
|
|t:|1780931317
|switch|p2a: Ceruledge|Ceruledge, M|100/100
|-damage|p2a: Ceruledge|76/100|[from] Stealth Rock
|turn|20
|
|t:|1780931325
|switch|p1a: Pecharunt|Pecharunt|100/100
|move|p2a: Ceruledge|Swords Dance|p2a: Ceruledge
|-boost|p2a: Ceruledge|atk|2
|
|-weather|none
|upkeep
|turn|21
|
|t:|1780931330
|move|p2a: Ceruledge|Poltergeist|p1a: Pecharunt
|-activate|p1a: Pecharunt|move: Poltergeist|Leftovers
|-supereffective|p1a: Pecharunt
|-damage|p1a: Pecharunt|0 fnt
|faint|p1a: Pecharunt
|
|upkeep
|
|t:|1780931333
|switch|p1a: Darkrai|Darkrai|100/100
|turn|22
|
|t:|1780931336
|-terastallize|p2a: Ceruledge|Fairy
|move|p1a: Darkrai|Dark Pulse|p2a: Ceruledge
|-resisted|p2a: Ceruledge
|-damage|p2a: Ceruledge|40/100
|cant|p2a: Ceruledge|flinch
|
|upkeep
|turn|23
|
|t:|1780931341
|switch|p1a: Corviknight|Corviknight, M|100/100
|-ability|p1a: Corviknight|Pressure
|move|p2a: Ceruledge|Bitter Blade|p1a: Corviknight
|-supereffective|p1a: Corviknight
|-damage|p1a: Corviknight|0 fnt
|-heal|p2a: Ceruledge|100/100|[from] drain|[of] p1a: Corviknight
|-damage|p2a: Ceruledge|84/100|[from] item: Rocky Helmet|[of] p1a: Corviknight
|faint|p1a: Corviknight
|
|upkeep
|
|t:|1780931343
|switch|p1a: Darkrai|Darkrai|100/100
|turn|24
|
|t:|1780931345
|move|p1a: Darkrai|Sludge Bomb|p2a: Ceruledge
|-supereffective|p2a: Ceruledge
|-damage|p2a: Ceruledge|0 fnt
|faint|p2a: Ceruledge
|
|upkeep
|
|t:|1780931348
|switch|p2a: Ninetales|Ninetales, F|100/100
|-damage|p2a: Ninetales|76/100|[from] Stealth Rock
|-weather|SunnyDay|[from] ability: Drought|[of] p2a: Ninetales
|turn|25
|
|t:|1780931352
|move|p1a: Darkrai|Sludge Bomb|p2a: Ninetales
|-damage|p2a: Ninetales|27/100
|move|p2a: Ninetales|Flamethrower|p1a: Darkrai
|-damage|p1a: Darkrai|45/100
|
|-weather|SunnyDay|[upkeep]
|upkeep
|turn|26
|
|t:|1780931355
|move|p1a: Darkrai|Sludge Bomb|p2a: Ninetales
|-damage|p2a: Ninetales|0 fnt
|faint|p2a: Ninetales
|
|-weather|SunnyDay|[upkeep]
|upkeep
|
|t:|1780931357
|switch|p2a: Venusaur|Venusaur, F|100/100
|-damage|p2a: Venusaur|88/100|[from] Stealth Rock
|turn|27
|
|t:|1780931359
|move|p2a: Venusaur|Giga Drain|p1a: Darkrai
|-damage|p1a: Darkrai|0 fnt
|-heal|p2a: Venusaur|100/100|[from] drain|[of] p1a: Darkrai
|faint|p1a: Darkrai
|-damage|p2a: Venusaur|91/100|[from] item: Life Orb
|
|-weather|SunnyDay|[upkeep]
|upkeep
|
|t:|1780931361
|switch|p1a: Lokix|Lokix, M, tera:Bug|100/100
|turn|28
|
|t:|1780931364
|move|p1a: Lokix|First Impression|p2a: Venusaur
|-damage|p2a: Venusaur|0 fnt
|faint|p2a: Venusaur
|
|win|COLFOFLOW
|raw|COLFOFLOW's rating: 1678 &rarr; <strong>1700</strong><br />(+22 for winning)
|raw|yesterdaymister's rating: 1718 &rarr; <strong>1696</strong><br />(-22 for losing)
|l|☆COLFOFLOW
|player|p1|
|l|‽yesterdaymister
|player|p2|
