|j|☆Kloakris
|j|☆yangtao
|t:|1780913203
|gametype|singles
|player|p1|Kloakris|blaine|1628
|player|p2|yangtao|reporter|1553
|gen|9
|tier|[Gen 9] OU
|rated|
|rule|HP Percentage Mod: HP is shown in percentages
|rule|Endless Battle Clause: Forcing endless battles is banned
|rule|Species Clause: Limit one of each Pokémon
|rule|OHKO Clause: OHKO moves are banned
|rule|Evasion Items Clause: Evasion items are banned
|rule|Evasion Moves Clause: Evasion moves are banned
|rule|Evasion Abilities Clause: Evasion abilities are banned
|rule|Sleep Moves Clause: Sleep-inducing moves are banned
|clearpoke
|poke|p1|Ribombee, F|
|poke|p1|Gholdengo|
|poke|p1|Great Tusk|
|poke|p1|Raging Bolt|
|poke|p1|Ogerpon-Cornerstone, F|
|poke|p1|Ceruledge, M|
|poke|p2|Hydreigon, M|
|poke|p2|Ogerpon-Wellspring, F|
|poke|p2|Fezandipiti, M|
|poke|p2|Gliscor, M|
|poke|p2|Scizor, F|
|poke|p2|Iron Moth|
|teampreview
|inactive|Battle timer is ON: inactive players will automatically lose when time's up. (requested by yangtao)
|
|t:|1780913218
|teamsize|p1|6
|teamsize|p2|6
|start
|switch|p1a: NEW DROP|Ribombee, F, shiny|100/100
|switch|p2a: Iron Moth|Iron Moth|100/100
|turn|1
|
|t:|1780913223
|move|p1a: NEW DROP|Sticky Web|p2a: Iron Moth
|-sidestart|p2: yangtao|move: Sticky Web
|move|p2a: Iron Moth|Fiery Dance|p1a: NEW DROP
|-supereffective|p1a: NEW DROP
|-enditem|p1a: NEW DROP|Focus Sash
|-damage|p1a: NEW DROP|1/100
|-boost|p2a: Iron Moth|spa|1
|
|upkeep
|turn|2
|
|t:|1780913236
|-end|p2a: Iron Moth|Quark Drive|[silent]
|switch|p2a: Fezandipiti|Fezandipiti, M|100/100
|move|p1a: NEW DROP|Psychic Noise|p2a: Fezandipiti
|-supereffective|p2a: Fezandipiti
|-damage|p2a: Fezandipiti|71/100
|-start|p2a: Fezandipiti|move: Heal Block
|
|upkeep
|turn|3
|
|t:|1780913245
|move|p1a: NEW DROP|Psychic Noise|p2a: Fezandipiti
|-supereffective|p2a: Fezandipiti
|-damage|p2a: Fezandipiti|45/100
|move|p2a: Fezandipiti|Moonblast|p1a: NEW DROP
|-damage|p1a: NEW DROP|0 fnt
|faint|p1a: NEW DROP
|
|-end|p2a: Fezandipiti|move: Heal Block
|upkeep
|inactive|Kloakris has 120 seconds left.
|inactive|Kloakris has 90 seconds left.
|
|t:|1780913324
|switch|p1a: BROTHER STONE|Ogerpon-Cornerstone, F|100/100
|turn|4
|
|t:|1780913332
|switch|p2a: Gliscor|Gliscor, M|100/100
|move|p1a: BROTHER STONE|Ivy Cudgel|p2a: Gliscor|[anim] Ivy Cudgel Rock
|-damage|p2a: Gliscor|60/100
|
|-status|p2a: Gliscor|tox|[from] item: Toxic Orb
|upkeep
|turn|5
|inactive|Kloakris has 90 seconds left.
|
|t:|1780913344
|move|p1a: BROTHER STONE|Taunt|p2a: Gliscor
|-start|p2a: Gliscor|move: Taunt
|cant|p2a: Gliscor|move: Taunt|Stealth Rock
|
|-heal|p2a: Gliscor|72/100 tox|[from] ability: Poison Heal
|upkeep
|turn|6
|
|t:|1780913348
|move|p1a: BROTHER STONE|Ivy Cudgel|p2a: Gliscor|[anim] Ivy Cudgel Rock
|-crit|p2a: Gliscor
|-damage|p2a: Gliscor|11/100 tox
|move|p2a: Gliscor|Earthquake|p1a: BROTHER STONE
|-damage|p1a: BROTHER STONE|54/100
|
|-heal|p2a: Gliscor|23/100 tox|[from] ability: Poison Heal
|upkeep
|turn|7
|
|t:|1780913355
|switch|p2a: Scizor|Scizor, F|100/100
|-activate|p2a: Scizor|move: Sticky Web
|-unboost|p2a: Scizor|spe|1
|move|p1a: BROTHER STONE|Ivy Cudgel|p2a: Scizor|[anim] Ivy Cudgel Rock
|-damage|p2a: Scizor|36/100
|
|upkeep
|turn|8
|
|t:|1780913357
|move|p1a: BROTHER STONE|Ivy Cudgel|p2a: Scizor|[anim] Ivy Cudgel Rock
|-damage|p2a: Scizor|0 fnt
|faint|p2a: Scizor
|
|upkeep
|
|t:|1780913363
|switch|p2a: Iron Moth|Iron Moth|100/100
|turn|9
|
|t:|1780913367
|move|p2a: Iron Moth|Sludge Wave|p1a: BROTHER STONE
|-damage|p1a: BROTHER STONE|0 fnt
|faint|p1a: BROTHER STONE
|
|upkeep
|inactive|Kloakris has 120 seconds left.
|
|t:|1780913384
|switch|p1a: BANDIT|Great Tusk, shiny|100/100
|-enditem|p1a: BANDIT|Booster Energy
|-activate|p1a: BANDIT|ability: Protosynthesis|[fromitem]
|-start|p1a: BANDIT|protosynthesisatk
|turn|10
|
|t:|1780913388
|-terastallize|p2a: Iron Moth|Grass
|move|p2a: Iron Moth|Energy Ball|p1a: BANDIT
|-supereffective|p1a: BANDIT
|-damage|p1a: BANDIT|0 fnt
|faint|p1a: BANDIT
|-end|p1a: BANDIT|Protosynthesis|[silent]
|
|upkeep
|
|t:|1780913395
|switch|p1a: TORE UP|Ceruledge, M, shiny|100/100
|turn|11
|
|t:|1780913402
|-end|p2a: Iron Moth|Quark Drive|[silent]
|switch|p2a: Hydreigon|Hydreigon, M|100/100
|move|p1a: TORE UP|Bitter Blade|p2a: Hydreigon
|-resisted|p2a: Hydreigon
|-damage|p2a: Hydreigon|71/100
|
|-heal|p2a: Hydreigon|77/100|[from] item: Leftovers
|upkeep
|turn|12
|
|t:|1780913423
|move|p2a: Hydreigon|Substitute|p2a: Hydreigon
|-start|p2a: Hydreigon|Substitute
|-damage|p2a: Hydreigon|53/100
|move|p1a: TORE UP|Close Combat|p2a: Hydreigon
|-supereffective|p2a: Hydreigon
|-end|p2a: Hydreigon|Substitute
|-unboost|p1a: TORE UP|def|1
|-unboost|p1a: TORE UP|spd|1
|
|-heal|p2a: Hydreigon|59/100|[from] item: Leftovers
|upkeep
|turn|13
|
|t:|1780913432
|move|p2a: Hydreigon|Dark Pulse|p1a: TORE UP
|-supereffective|p1a: TORE UP
|-enditem|p1a: TORE UP|Focus Sash
|-damage|p1a: TORE UP|1/100
|cant|p1a: TORE UP|flinch
|
|-heal|p2a: Hydreigon|65/100|[from] item: Leftovers
|upkeep
|turn|14
|
|t:|1780913438
|move|p2a: Hydreigon|Dark Pulse|p1a: TORE UP
|-supereffective|p1a: TORE UP
|-damage|p1a: TORE UP|0 fnt
|faint|p1a: TORE UP
|
|-heal|p2a: Hydreigon|71/100|[from] item: Leftovers
|upkeep
|c|☆Kloakris|..
|
|t:|1780913449
|switch|p1a: GREAT NECK|Raging Bolt|100/100
|-enditem|p1a: GREAT NECK|Booster Energy
|-activate|p1a: GREAT NECK|ability: Protosynthesis|[fromitem]
|-start|p1a: GREAT NECK|protosynthesisspa
|turn|15
|
|t:|1780913456
|-terastallize|p1a: GREAT NECK|Bug
|move|p2a: Hydreigon|Dark Pulse|p1a: GREAT NECK
|-crit|p1a: GREAT NECK
|-damage|p1a: GREAT NECK|42/100
|move|p1a: GREAT NECK|Dragon Pulse|p2a: Hydreigon
|-supereffective|p2a: Hydreigon
|-crit|p2a: Hydreigon
|-damage|p2a: Hydreigon|0 fnt
|faint|p2a: Hydreigon
|
|upkeep
|
|t:|1780913465
|switch|p2a: Iron Moth|Iron Moth, tera:Grass|100/100
|turn|16
|
|t:|1780913479
|move|p2a: Iron Moth|Fiery Dance|p1a: GREAT NECK
|-supereffective|p1a: GREAT NECK
|-damage|p1a: GREAT NECK|0 fnt
|-boost|p2a: Iron Moth|spa|1
|faint|p1a: GREAT NECK
|-end|p1a: GREAT NECK|Protosynthesis|[silent]
|
|upkeep
|
|t:|1780913481
|switch|p1a: KRYPTONITE|Gholdengo, shiny|100/100
|-item|p1a: KRYPTONITE|Air Balloon
|turn|17
|
|t:|1780913485
|move|p2a: Iron Moth|Fiery Dance|p1a: KRYPTONITE
|-supereffective|p1a: KRYPTONITE
|-damage|p1a: KRYPTONITE|0 fnt
|-enditem|p1a: KRYPTONITE|Air Balloon
|faint|p1a: KRYPTONITE
|
|win|yangtao
|raw|Kloakris's rating: 1628 &rarr; <strong>1604</strong><br />(-24 for losing)
|raw|yangtao's rating: 1553 &rarr; <strong>1577</strong><br />(+24 for winning)
|l|☆Kloakris
|player|p1|
|l|☆yangtao
|player|p2|
