|badge|p2|bronze|gen9ou|100-9
|uhtml|medal-msg|<div class="broadcast-blue">Curious what those medals under the avatar are? PS now has Ladder Seasons! For more information, check out the <a href="https://www.smogon.com/forums/threads/3740067/">thread on Smogon.</a></div>
|j|☆temporarylight
|j|☆Auburn Hills
|t:|1781372499
|gametype|singles
|player|p1|temporarylight|jogger|1768
|player|p2|Auburn Hills|alder|1811
|gen|9
|tier|[Gen 9] OU
|rated|
|rule|HP Percentage Mod: HP is shown in percentages
|rule|Endless Battle Clause: Forcing endless battles is banned
|rule|Species Clause: Limit one of each Pokémon
|rule|OHKO Clause: OHKO moves are banned
|rule|Evasion Items Clause: Evasion items are banned
|rule|Evasion Moves Clause: Evasion moves are banned
|rule|Evasion Abilities Clause: Evasion abilities are banned
|rule|Sleep Moves Clause: Sleep-inducing moves are banned
|clearpoke
|poke|p1|Heatran, M|
|poke|p1|Ogerpon-Wellspring, F|
|poke|p1|Great Tusk|
|poke|p1|Scizor, F|
|poke|p1|Cresselia, F|
|poke|p1|Dragapult, M|
|poke|p2|Iron Moth|
|poke|p2|Umbreon, F|
|poke|p2|Garchomp, F|
|poke|p2|Glimmora, F|
|poke|p2|Gholdengo|
|poke|p2|Dragonite, F|
|teampreview
|inactive|Battle timer is ON: inactive players will automatically lose when time's up. (requested by temporarylight)
|j| akabrithan
|
|t:|1781372525
|teamsize|p1|6
|teamsize|p2|6
|start
|switch|p1a: Ogerpon|Ogerpon-Wellspring, F|100/100
|switch|p2a: Glimmora|Glimmora, F|100/100
|turn|1
|
|t:|1781372529
|move|p1a: Ogerpon|Ivy Cudgel|p2a: Glimmora|[anim] Ivy Cudgel Water
|-supereffective|p2a: Glimmora
|-enditem|p2a: Glimmora|Focus Sash
|-damage|p2a: Glimmora|1/100
|-activate|p2a: Glimmora|ability: Toxic Debris
|-sidestart|p1: temporarylight|move: Toxic Spikes
|move|p2a: Glimmora|Sludge Wave|p1a: Ogerpon
|-supereffective|p1a: Ogerpon
|-damage|p1a: Ogerpon|0 fnt
|faint|p1a: Ogerpon
|
|upkeep
|
|t:|1781372534
|switch|p1a: Dragapult|Dragapult, M|100/100
|turn|2
|
|t:|1781372546
|switch|p2a: Alvvays|Umbreon, F|100/100
|move|p1a: Dragapult|Hex|p2a: Alvvays
|-resisted|p2a: Alvvays
|-damage|p2a: Alvvays|94/100
|
|-heal|p2a: Alvvays|99/100|[from] item: Leftovers
|upkeep
|turn|3
|
|t:|1781372551
|move|p1a: Dragapult|U-turn|p2a: Alvvays
|-supereffective|p2a: Alvvays
|-damage|p2a: Alvvays|69/100
|
|t:|1781372552
|switch|p1a: Great Tusk|Great Tusk|100/100|[from] U-turn
|-status|p1a: Great Tusk|psn
|-enditem|p1a: Great Tusk|Booster Energy
|-activate|p1a: Great Tusk|ability: Protosynthesis|[fromitem]
|-start|p1a: Great Tusk|protosynthesisatk
|move|p2a: Alvvays|Foul Play|p1a: Great Tusk
|-resisted|p1a: Great Tusk
|-damage|p1a: Great Tusk|84/100 psn
|
|-heal|p2a: Alvvays|75/100|[from] item: Leftovers
|-damage|p1a: Great Tusk|71/100 psn|[from] psn
|upkeep
|turn|4
|
|t:|1781372556
|switch|p2a: Glimmora|Glimmora, F|1/100
|move|p1a: Great Tusk|Rapid Spin|p2a: Glimmora
|-resisted|p2a: Glimmora
|-damage|p2a: Glimmora|0 fnt
|-boost|p1a: Great Tusk|spe|1
|-activate|p2a: Glimmora|ability: Toxic Debris
|-sidestart|p1: temporarylight|move: Toxic Spikes
|-sideend|p1: temporarylight|Toxic Spikes|[from] move: Rapid Spin|[of] p1a: Great Tusk
|faint|p2a: Glimmora
|
|-damage|p1a: Great Tusk|59/100 psn|[from] psn
|upkeep
|
|t:|1781372566
|switch|p2a: Elucid|Dragonite, F|100/100
|turn|5
|
|t:|1781372574
|move|p1a: Great Tusk|Ice Spinner|p2a: Elucid
|-supereffective|p2a: Elucid
|-damage|p2a: Elucid|12/100
|move|p2a: Elucid|Ice Spinner|p1a: Great Tusk
|-supereffective|p1a: Great Tusk
|-damage|p1a: Great Tusk|20/100 psn
|
|-damage|p1a: Great Tusk|7/100 psn|[from] psn
|upkeep
|turn|6
|
|t:|1781372578
|-end|p1a: Great Tusk|Protosynthesis|[silent]
|switch|p1a: Dragapult|Dragapult, M|100/100
|move|p2a: Elucid|Extreme Speed|p1a: Dragapult
|-immune|p1a: Dragapult
|
|upkeep
|turn|7
|
|t:|1781372583
|switch|p2a: Alvvays|Umbreon, F|75/100
|move|p1a: Dragapult|Dragon Darts|p2a: Alvvays
|-damage|p2a: Alvvays|61/100
|-anim|p1a: Dragapult|Dragon Darts|p2a: Alvvays
|-damage|p2a: Alvvays|45/100
|
|-heal|p2a: Alvvays|51/100|[from] item: Leftovers
|upkeep
|turn|8
|
|t:|1781372586
|move|p1a: Dragapult|Will-O-Wisp|p2a: Alvvays
|-status|p2a: Alvvays|brn
|move|p2a: Alvvays|Wish|p2a: Alvvays
|
|-heal|p2a: Alvvays|57/100 brn|[from] item: Leftovers
|-damage|p2a: Alvvays|51/100 brn|[from] brn
|upkeep
|turn|9
|
|t:|1781372592
|move|p1a: Dragapult|Dragon Darts|p2a: Alvvays
|-damage|p2a: Alvvays|33/100 brn
|-anim|p1a: Dragapult|Dragon Darts|p2a: Alvvays
|-damage|p2a: Alvvays|15/100 brn
|move|p2a: Alvvays|Thunder Wave|p1a: Dragapult
|-status|p1a: Dragapult|par
|
|-heal|p2a: Alvvays|65/100 brn|[from] move: Wish|[wisher] Alvvays
|-heal|p2a: Alvvays|71/100 brn|[from] item: Leftovers
|-damage|p2a: Alvvays|65/100 brn|[from] brn
|upkeep
|turn|10
|
|t:|1781372595
|cant|p1a: Dragapult|par
|move|p2a: Alvvays|Wish|p2a: Alvvays
|
|-heal|p2a: Alvvays|71/100 brn|[from] item: Leftovers
|-damage|p2a: Alvvays|65/100 brn|[from] brn
|upkeep
|turn|11
|c| akabrithan|HOLY
|
|t:|1781372606
|cant|p1a: Dragapult|par
|move|p2a: Alvvays|Foul Play|p1a: Dragapult
|-supereffective|p1a: Dragapult
|-damage|p1a: Dragapult|48/100 par
|
|-heal|p2a: Alvvays|100/100 brn|[from] move: Wish|[wisher] Alvvays
|-damage|p2a: Alvvays|94/100 brn|[from] brn
|upkeep
|turn|12
|
|t:|1781372624
|move|p1a: Dragapult|U-turn|p2a: Alvvays
|-supereffective|p2a: Alvvays
|-damage|p2a: Alvvays|64/100 brn
|
|t:|1781372633
|switch|p1a: Cresselia|Cresselia, F|100/100|[from] U-turn
|move|p2a: Alvvays|Wish|p2a: Alvvays
|
|-heal|p2a: Alvvays|70/100 brn|[from] item: Leftovers
|-damage|p2a: Alvvays|64/100 brn|[from] brn
|upkeep
|turn|13
|
|t:|1781372636
|move|p1a: Cresselia|Moonblast|p2a: Alvvays
|-supereffective|p2a: Alvvays
|-crit|p2a: Alvvays
|-damage|p2a: Alvvays|29/100 brn
|move|p2a: Alvvays|Thunder Wave|p1a: Cresselia
|-status|p1a: Cresselia|par
|
|-heal|p2a: Alvvays|79/100 brn|[from] move: Wish|[wisher] Alvvays
|-heal|p2a: Alvvays|85/100 brn|[from] item: Leftovers
|-damage|p2a: Alvvays|79/100 brn|[from] brn
|upkeep
|turn|14
|
|t:|1781372641
|switch|p2a: Smino|Gholdengo|100/100
|move|p1a: Cresselia|Calm Mind|p1a: Cresselia
|-boost|p1a: Cresselia|spa|1
|-boost|p1a: Cresselia|spd|1
|
|upkeep
|turn|15
|
|t:|1781372645
|switch|p1a: Great Tusk|Great Tusk|7/100 psn
|move|p2a: Smino|Trick|p1a: Great Tusk
|-activate|p2a: Smino|move: Trick|[of] p1a: Great Tusk
|-item|p1a: Great Tusk|Choice Scarf|[from] move: Trick
|-enditem|p2a: Smino|Choice Scarf|[silent]|[from] move: Trick
|
|-damage|p1a: Great Tusk|0 fnt|[from] psn
|faint|p1a: Great Tusk
|-end|p1a: Great Tusk|Protosynthesis|[silent]
|upkeep
|
|t:|1781372650
|switch|p1a: Heatran|Heatran, M|100/100
|-item|p1a: Heatran|Air Balloon
|turn|16
|
|t:|1781372664
|switch|p2a: Alvvays|Umbreon, F|79/100 brn
|move|p1a: Heatran|Stealth Rock|p2a: Alvvays
|-sidestart|p2: Auburn Hills|move: Stealth Rock
|
|-heal|p2a: Alvvays|85/100 brn|[from] item: Leftovers
|-damage|p2a: Alvvays|79/100 brn|[from] brn
|upkeep
|turn|17
|
|t:|1781372666
|switch|p1a: Cresselia|Cresselia, F|100/100 par
|move|p2a: Alvvays|Thunder Wave|p1a: Cresselia
|-fail|p1a: Cresselia|par
|
|-heal|p2a: Alvvays|85/100 brn|[from] item: Leftovers
|-damage|p2a: Alvvays|79/100 brn|[from] brn
|upkeep
|turn|18
|
|t:|1781372669
|move|p2a: Alvvays|Wish|p2a: Alvvays
|move|p1a: Cresselia|Lunar Blessing|p1a: Cresselia
|-curestatus|p1a: Cresselia|par|[msg]
|
|-heal|p2a: Alvvays|85/100 brn|[from] item: Leftovers
|-damage|p2a: Alvvays|79/100 brn|[from] brn
|upkeep
|turn|19
|
|t:|1781372671
|move|p1a: Cresselia|Calm Mind|p1a: Cresselia
|-boost|p1a: Cresselia|spa|1
|-boost|p1a: Cresselia|spd|1
|move|p2a: Alvvays|Thunder Wave|p1a: Cresselia
|-status|p1a: Cresselia|par
|
|-heal|p2a: Alvvays|100/100 brn|[from] move: Wish|[wisher] Alvvays
|-damage|p2a: Alvvays|94/100 brn|[from] brn
|upkeep
|turn|20
|
|t:|1781372676
|switch|p2a: Smino|Gholdengo|100/100
|-damage|p2a: Smino|94/100|[from] Stealth Rock
|move|p1a: Cresselia|Calm Mind|p1a: Cresselia
|-boost|p1a: Cresselia|spa|1
|-boost|p1a: Cresselia|spd|1
|
|upkeep
|turn|21
|
|t:|1781372680
|move|p2a: Smino|Shadow Ball|p1a: Cresselia
|-supereffective|p1a: Cresselia
|-damage|p1a: Cresselia|70/100 par
|-unboost|p1a: Cresselia|spd|1
|move|p1a: Cresselia|Lunar Blessing|p1a: Cresselia
|-heal|p1a: Cresselia|95/100 par
|-curestatus|p1a: Cresselia|par|[msg]
|
|-heal|p1a: Cresselia|100/100|[from] item: Leftovers
|upkeep
|turn|22
|
|t:|1781372684
|move|p2a: Smino|Shadow Ball|p1a: Cresselia
|-supereffective|p1a: Cresselia
|-damage|p1a: Cresselia|62/100
|move|p1a: Cresselia|Calm Mind|p1a: Cresselia
|-boost|p1a: Cresselia|spa|1
|-boost|p1a: Cresselia|spd|1
|
|-heal|p1a: Cresselia|68/100|[from] item: Leftovers
|upkeep
|turn|23
|
|t:|1781372696
|-terastallize|p1a: Cresselia|Fairy
|move|p2a: Smino|Trick|p1a: Cresselia
|-activate|p2a: Smino|move: Trick|[of] p1a: Cresselia
|-enditem|p1a: Cresselia|Leftovers|[silent]|[from] move: Trick
|-item|p2a: Smino|Leftovers|[from] move: Trick
|move|p1a: Cresselia|Calm Mind|p1a: Cresselia
|-boost|p1a: Cresselia|spa|1
|-boost|p1a: Cresselia|spd|1
|
|-heal|p2a: Smino|100/100|[from] item: Leftovers
|upkeep
|turn|24
|
|t:|1781372703
|move|p2a: Smino|Make It Rain|p1a: Cresselia
|-supereffective|p1a: Cresselia
|-damage|p1a: Cresselia|32/100
|-unboost|p2a: Smino|spa|1
|move|p1a: Cresselia|Lunar Blessing|p1a: Cresselia
|-heal|p1a: Cresselia|57/100
|
|upkeep
|turn|25
|
|t:|1781372709
|switch|p2a: Rat Tally|Garchomp, F|100/100
|-damage|p2a: Rat Tally|94/100|[from] Stealth Rock
|move|p1a: Cresselia|Lunar Blessing|p1a: Cresselia
|-heal|p1a: Cresselia|82/100
|
|upkeep
|turn|26
|
|t:|1781372712
|-terastallize|p2a: Rat Tally|Poison
|move|p2a: Rat Tally|Poison Jab|p1a: Cresselia
|-supereffective|p1a: Cresselia
|-damage|p1a: Cresselia|23/100
|move|p1a: Cresselia|Moonblast|p2a: Rat Tally
|-resisted|p2a: Rat Tally
|-damage|p2a: Rat Tally|40/100
|
|upkeep
|turn|27
|
|t:|1781372727
|switch|p1a: Scizor|Scizor, F|100/100
|move|p2a: Rat Tally|Poison Jab|p1a: Scizor
|-immune|p1a: Scizor
|
|upkeep
|turn|28
|inactive|temporarylight has 120 seconds left.
|
|t:|1781372765
|switch|p2a: Alvvays|Umbreon, F|94/100 brn
|-damage|p2a: Alvvays|82/100 brn|[from] Stealth Rock
|move|p1a: Scizor|Swords Dance|p1a: Scizor
|-boost|p1a: Scizor|atk|2
|
|-heal|p2a: Alvvays|88/100 brn|[from] item: Leftovers
|-damage|p2a: Alvvays|82/100 brn|[from] brn
|upkeep
|turn|29
|inactive|temporarylight has 120 seconds left.
|
|t:|1781372775
|move|p1a: Scizor|Close Combat|p2a: Alvvays
|-supereffective|p2a: Alvvays
|-damage|p2a: Alvvays|0 fnt
|-unboost|p1a: Scizor|def|1
|-unboost|p1a: Scizor|spd|1
|faint|p2a: Alvvays
|
|upkeep
|
|t:|1781372778
|switch|p2a: Carly Rae|Iron Moth|100/100
|-damage|p2a: Carly Rae|76/100|[from] Stealth Rock
|-enditem|p2a: Carly Rae|Booster Energy
|-activate|p2a: Carly Rae|ability: Quark Drive|[fromitem]
|-start|p2a: Carly Rae|quarkdrivespe
|turn|30
|inactive|temporarylight has 120 seconds left.
|
|t:|1781372796
|switch|p1a: Cresselia|Cresselia, F, tera:Fairy|23/100
|move|p2a: Carly Rae|Fiery Dance|p1a: Cresselia
|-damage|p1a: Cresselia|0 fnt
|faint|p1a: Cresselia
|
|upkeep
|
|t:|1781372798
|switch|p1a: Heatran|Heatran, M|100/100
|-item|p1a: Heatran|Air Balloon
|turn|31
|
|t:|1781372803
|-end|p2a: Carly Rae|Quark Drive|[silent]
|switch|p2a: Elucid|Dragonite, F|12/100
|move|p1a: Heatran|Earth Power|p2a: Elucid
|-immune|p2a: Elucid
|
|upkeep
|turn|32
|
|t:|1781372807
|switch|p1a: Scizor|Scizor, F|100/100
|move|p2a: Elucid|Extreme Speed|p1a: Scizor
|-resisted|p1a: Scizor
|-damage|p1a: Scizor|82/100
|
|upkeep
|turn|33
|
|t:|1781372811
|move|p1a: Scizor|Bullet Punch|p2a: Elucid
|-damage|p2a: Elucid|0 fnt
|faint|p2a: Elucid
|
|upkeep
|
|t:|1781372813
|switch|p2a: Carly Rae|Iron Moth|76/100
|-damage|p2a: Carly Rae|51/100|[from] Stealth Rock
|turn|34
|
|t:|1781372816
|switch|p1a: Dragapult|Dragapult, M|48/100 par
|move|p2a: Carly Rae|Discharge|p1a: Dragapult
|-resisted|p1a: Dragapult
|-damage|p1a: Dragapult|29/100 par
|
|upkeep
|turn|35
|
|t:|1781372819
|move|p2a: Carly Rae|Dazzling Gleam|p1a: Dragapult
|-supereffective|p1a: Dragapult
|-damage|p1a: Dragapult|0 fnt
|faint|p1a: Dragapult
|
|upkeep
|
|t:|1781372821
|switch|p1a: Heatran|Heatran, M|100/100
|-item|p1a: Heatran|Air Balloon
|turn|36
|
|t:|1781372827
|move|p2a: Carly Rae|Discharge|p1a: Heatran
|-damage|p1a: Heatran|83/100
|-status|p1a: Heatran|par
|-enditem|p1a: Heatran|Air Balloon
|move|p1a: Heatran|Earth Power|p2a: Carly Rae
|-supereffective|p2a: Carly Rae
|-crit|p2a: Carly Rae
|-damage|p2a: Carly Rae|0 fnt
|faint|p2a: Carly Rae
|-end|p2a: Carly Rae|Quark Drive|[silent]
|
|upkeep
|
|t:|1781372832
|switch|p2a: Rat Tally|Garchomp, F, tera:Poison|40/100
|-damage|p2a: Rat Tally|28/100|[from] Stealth Rock
|turn|37
|
|t:|1781372834
|move|p2a: Rat Tally|Earthquake|p1a: Heatran
|-supereffective|p1a: Heatran
|-damage|p1a: Heatran|0 fnt
|faint|p1a: Heatran
|
|upkeep
|
|t:|1781372857
|switch|p1a: Scizor|Scizor, F|82/100
|turn|38
|
|t:|1781372860
|move|p1a: Scizor|Bullet Punch|p2a: Rat Tally
|-damage|p2a: Rat Tally|0 fnt
|-damage|p1a: Scizor|70/100|[from] ability: Rough Skin|[of] p2a: Rat Tally
|faint|p2a: Rat Tally
|
|upkeep
|
|t:|1781372862
|switch|p2a: Smino|Gholdengo|100/100
|-damage|p2a: Smino|94/100|[from] Stealth Rock
|turn|39
|
|t:|1781372867
|move|p2a: Smino|Shadow Ball|p1a: Scizor
|-damage|p1a: Scizor|9/100
|-unboost|p1a: Scizor|spd|1
|move|p1a: Scizor|Knock Off|p2a: Smino
|-supereffective|p2a: Smino
|-damage|p2a: Smino|16/100
|-enditem|p2a: Smino|Leftovers|[from] move: Knock Off|[of] p1a: Scizor
|
|upkeep
|turn|40
|
|t:|1781372871
|move|p1a: Scizor|Bullet Punch|p2a: Smino
|-resisted|p2a: Smino
|-crit|p2a: Smino
|-damage|p2a: Smino|0 fnt
|faint|p2a: Smino
|
|win|temporarylight
|raw|temporarylight's rating: 1768 &rarr; <strong>1790</strong><br />(+22 for winning)
|raw|Auburn Hills's rating: 1811 &rarr; <strong>1789</strong><br />(-22 for losing)
|l|☆Auburn Hills
|player|p2|
|l|☆temporarylight
|player|p1|
