|j|☆runningdan
|j|☆IRON VALIANT
|t:|1781498444
|gametype|singles
|player|p1|runningdan|170|1550
|player|p2|IRON VALIANT|miku-water|1512
|gen|9
|tier|[Gen 9] OU
|rated|
|rule|HP Percentage Mod: HP is shown in percentages
|rule|Endless Battle Clause: Forcing endless battles is banned
|rule|Species Clause: Limit one of each Pokémon
|rule|OHKO Clause: OHKO moves are banned
|rule|Evasion Items Clause: Evasion items are banned
|rule|Evasion Moves Clause: Evasion moves are banned
|rule|Evasion Abilities Clause: Evasion abilities are banned
|rule|Sleep Moves Clause: Sleep-inducing moves are banned
|clearpoke
|poke|p1|Great Tusk|
|poke|p1|Ninetales-Alola, M|
|poke|p1|Darkrai|
|poke|p1|Slowking-Galar, M|
|poke|p1|Dragapult, F|
|poke|p1|Gliscor, F|
|poke|p2|Rabsca, M|
|poke|p2|Landorus-Therian, M|
|poke|p2|Excadrill, M|
|poke|p2|Darkrai|
|poke|p2|Tyranitar, M|
|poke|p2|Zapdos|
|teampreview
|inactive|Battle timer is ON: inactive players will automatically lose when time's up. (requested by runningdan)
|
|t:|1781498465
|teamsize|p1|6
|teamsize|p2|6
|start
|switch|p1a: Darkrai|Darkrai|100/100
|switch|p2a: Tyranitar|Tyranitar, M|100/100
|-weather|Sandstorm|[from] ability: Sand Stream|[of] p2a: Tyranitar
|turn|1
|
|t:|1781498474
|move|p1a: Darkrai|Focus Blast|p2a: Tyranitar|[miss]
|-miss|p1a: Darkrai|p2a: Tyranitar
|move|p2a: Tyranitar|Low Kick|p1a: Darkrai
|-supereffective|p1a: Darkrai
|-damage|p1a: Darkrai|34/100
|
|-weather|Sandstorm|[upkeep]
|-damage|p1a: Darkrai|28/100|[from] Sandstorm
|-heal|p1a: Darkrai|34/100|[from] item: Leftovers
|upkeep
|turn|2
|
|t:|1781498479
|move|p1a: Darkrai|Focus Blast|p2a: Tyranitar
|-supereffective|p2a: Tyranitar
|-damage|p2a: Tyranitar|23/100
|move|p2a: Tyranitar|Low Kick|p1a: Darkrai
|-supereffective|p1a: Darkrai
|-damage|p1a: Darkrai|0 fnt
|faint|p1a: Darkrai
|
|-weather|Sandstorm|[upkeep]
|upkeep
|
|t:|1781498485
|switch|p1a: Ninetales|Ninetales-Alola, M|100/100
|-weather|Snowscape|[from] ability: Snow Warning|[of] p1a: Ninetales
|turn|3
|
|t:|1781498491
|move|p1a: Ninetales|Aurora Veil|p1a: Ninetales
|-sidestart|p1: runningdan|move: Aurora Veil
|move|p2a: Tyranitar|Stealth Rock|p1a: Ninetales
|-sidestart|p1: runningdan|move: Stealth Rock
|
|-weather|Snowscape|[upkeep]
|upkeep
|turn|4
|
|t:|1781498504
|switch|p1a: Great Tusk|Great Tusk|100/100
|-damage|p1a: Great Tusk|98/100|[from] Stealth Rock
|switch|p2a: Rabsca|Rabsca, M, shiny|100/100
|
|-weather|Snowscape|[upkeep]
|-heal|p1a: Great Tusk|100/100|[from] item: Leftovers
|upkeep
|turn|5
|
|t:|1781498509
|-end|p1a: Great Tusk|Protosynthesis|[silent]
|switch|p1a: Dragapult|Dragapult, F|100/100
|-damage|p1a: Dragapult|88/100|[from] Stealth Rock
|move|p2a: Rabsca|Psychic Noise|p1a: Dragapult
|-crit|p1a: Dragapult
|-damage|p1a: Dragapult|16/100
|-start|p1a: Dragapult|move: Heal Block
|
|-weather|Snowscape|[upkeep]
|upkeep
|turn|6
|inactive|runningdan has 120 seconds left.
|c|☆runningdan|oh yeah thats fucking enough for the night
|
|t:|1781498551
|switch|p2a: Tyranitar|Tyranitar, M|23/100
|-weather|Sandstorm|[from] ability: Sand Stream|[of] p2a: Tyranitar
|move|p1a: Dragapult|Shadow Ball|p2a: Tyranitar
|-resisted|p2a: Tyranitar
|-damage|p2a: Tyranitar|12/100
|
|-weather|Sandstorm|[upkeep]
|-damage|p1a: Dragapult|10/100|[from] Sandstorm
|-end|p1a: Dragapult|move: Heal Block
|upkeep
|turn|7
|
|t:|1781498560
|switch|p2a: Darkrai|Darkrai|100/100
|move|p1a: Dragapult|Shadow Ball|p2a: Darkrai
|-resisted|p2a: Darkrai
|-damage|p2a: Darkrai|67/100
|
|-weather|Sandstorm|[upkeep]
|-damage|p1a: Dragapult|4/100|[from] Sandstorm
|-damage|p2a: Darkrai|61/100|[from] Sandstorm
|upkeep
|turn|8
|inactive|runningdan has 120 seconds left.
|
|t:|1781498575
|switch|p1a: Slowking|Slowking-Galar, M|100/100
|-damage|p1a: Slowking|88/100|[from] Stealth Rock
|move|p2a: Darkrai|Ice Beam|p1a: Slowking
|-damage|p1a: Slowking|77/100
|
|-weather|Sandstorm|[upkeep]
|-damage|p2a: Darkrai|55/100|[from] Sandstorm
|-damage|p1a: Slowking|71/100|[from] Sandstorm
|-heal|p1a: Slowking|77/100|[from] item: Leftovers
|upkeep
|turn|9
|inactive|runningdan has 120 seconds left.
|
|t:|1781498584
|move|p2a: Darkrai|Dark Pulse|p1a: Slowking
|-supereffective|p1a: Slowking
|-damage|p1a: Slowking|45/100
|cant|p1a: Slowking|flinch
|
|-weather|Sandstorm|[upkeep]
|-damage|p2a: Darkrai|49/100|[from] Sandstorm
|-damage|p1a: Slowking|38/100|[from] Sandstorm
|-heal|p1a: Slowking|45/100|[from] item: Leftovers
|upkeep
|turn|10
|
|t:|1781498594
|move|p2a: Darkrai|Dark Pulse|p1a: Slowking
|-supereffective|p1a: Slowking
|-damage|p1a: Slowking|10/100
|move|p1a: Slowking|Sludge Bomb|p2a: Darkrai
|-damage|p2a: Darkrai|0 fnt
|faint|p2a: Darkrai
|
|-weather|Sandstorm|[upkeep]
|-damage|p1a: Slowking|4/100|[from] Sandstorm
|-heal|p1a: Slowking|10/100|[from] item: Leftovers
|-sideend|p1: runningdan|move: Aurora Veil
|upkeep
|
|t:|1781498599
|switch|p2a: Excadrill|Excadrill, M|100/100
|turn|11
|
|t:|1781498606
|switch|p1a: Great Tusk|Great Tusk|100/100
|-damage|p1a: Great Tusk|98/100|[from] Stealth Rock
|move|p2a: Excadrill|Rapid Spin|p1a: Great Tusk
|-damage|p1a: Great Tusk|88/100
|-boost|p2a: Excadrill|spe|1
|
|-weather|Sandstorm|[upkeep]
|-heal|p1a: Great Tusk|94/100|[from] item: Leftovers
|upkeep
|turn|12
|
|t:|1781498627
|switch|p2a: Landorus|Landorus-Therian, M|100/100
|-ability|p2a: Landorus|Intimidate|boost
|-unboost|p1a: Great Tusk|atk|1
|move|p1a: Great Tusk|Rapid Spin|p2a: Landorus
|-damage|p2a: Landorus|90/100
|-boost|p1a: Great Tusk|spe|1
|-damage|p1a: Great Tusk|77/100|[from] item: Rocky Helmet|[of] p2a: Landorus
|-sideend|p1: runningdan|Stealth Rock|[from] move: Rapid Spin|[of] p1a: Great Tusk
|
|-weather|Sandstorm|[upkeep]
|-heal|p1a: Great Tusk|83/100|[from] item: Leftovers
|upkeep
|turn|13
|
|t:|1781498635
|move|p1a: Great Tusk|Bulk Up|p1a: Great Tusk
|-boost|p1a: Great Tusk|atk|1
|-boost|p1a: Great Tusk|def|1
|move|p2a: Landorus|Grass Knot|p1a: Great Tusk
|-supereffective|p1a: Great Tusk
|-damage|p1a: Great Tusk|5/100
|
|-weather|none
|-heal|p1a: Great Tusk|11/100|[from] item: Leftovers
|upkeep
|turn|14
|
|t:|1781498645
|move|p1a: Great Tusk|Ice Spinner|p2a: Landorus
|-supereffective|p2a: Landorus
|-damage|p2a: Landorus|0 fnt
|-damage|p1a: Great Tusk|0 fnt|[from] item: Rocky Helmet|[of] p2a: Landorus
|faint|p2a: Landorus
|faint|p1a: Great Tusk
|-end|p1a: Great Tusk|Protosynthesis|[silent]
|
|upkeep
|
|t:|1781498653
|switch|p2a: Tyranitar|Tyranitar, M|12/100
|switch|p1a: Dragapult|Dragapult, F|4/100
|-weather|Sandstorm|[from] ability: Sand Stream|[of] p2a: Tyranitar
|turn|15
|
|t:|1781498657
|switch|p2a: Zapdos|Zapdos|100/100
|move|p1a: Dragapult|U-turn|p2a: Zapdos
|-resisted|p2a: Zapdos
|-damage|p2a: Zapdos|93/100
|-status|p1a: Dragapult|par|[from] ability: Static|[of] p2a: Zapdos
|
|t:|1781498666
|switch|p1a: Ninetales|Ninetales-Alola, M|100/100|[from] U-turn
|-weather|Snowscape|[from] ability: Snow Warning|[of] p1a: Ninetales
|
|-weather|Snowscape|[upkeep]
|upkeep
|turn|16
|
|t:|1781498672
|switch|p2a: Tyranitar|Tyranitar, M|12/100
|-weather|Sandstorm|[from] ability: Sand Stream|[of] p2a: Tyranitar
|move|p1a: Ninetales|Freeze-Dry|p2a: Tyranitar
|-damage|p2a: Tyranitar|4/100
|
|-weather|Sandstorm|[upkeep]
|-damage|p1a: Ninetales|94/100|[from] Sandstorm
|upkeep
|turn|17
|
|t:|1781498677
|move|p1a: Ninetales|Freeze-Dry|p2a: Tyranitar
|-crit|p2a: Tyranitar
|-damage|p2a: Tyranitar|0 fnt
|faint|p2a: Tyranitar
|
|-weather|Sandstorm|[upkeep]
|-damage|p1a: Ninetales|88/100|[from] Sandstorm
|upkeep
|
|t:|1781498679
|switch|p2a: Excadrill|Excadrill, M|100/100
|turn|18
|
|t:|1781498683
|switch|p1a: Gliscor|Gliscor, F|100/100
|move|p2a: Excadrill|Swords Dance|p2a: Excadrill
|-boost|p2a: Excadrill|atk|2
|
|-weather|Sandstorm|[upkeep]
|-status|p1a: Gliscor|tox|[from] item: Toxic Orb
|upkeep
|turn|19
|
|t:|1781498705
|switch|p1a: Ninetales|Ninetales-Alola, M|88/100
|-weather|Snowscape|[from] ability: Snow Warning|[of] p1a: Ninetales
|-terastallize|p2a: Excadrill|Grass
|move|p2a: Excadrill|Rapid Spin|p1a: Ninetales
|-damage|p1a: Ninetales|56/100
|-boost|p2a: Excadrill|spe|1
|
|-weather|Snowscape|[upkeep]
|upkeep
|turn|20
|
|t:|1781498722
|switch|p1a: Gliscor|Gliscor, F|100/100 tox
|move|p2a: Excadrill|Iron Head|p1a: Gliscor
|-damage|p1a: Gliscor|41/100 tox
|
|-weather|Snowscape|[upkeep]
|-heal|p1a: Gliscor|54/100 tox|[from] ability: Poison Heal
|upkeep
|turn|21
|
|t:|1781498727
|-terastallize|p1a: Gliscor|Water
|move|p2a: Excadrill|Iron Head|p1a: Gliscor
|-resisted|p1a: Gliscor
|-damage|p1a: Gliscor|27/100 tox
|move|p1a: Gliscor|Toxic|p2a: Excadrill
|-status|p2a: Excadrill|tox
|
|-weather|Snowscape|[upkeep]
|-damage|p2a: Excadrill|94/100 tox|[from] psn
|-heal|p1a: Gliscor|39/100 tox|[from] ability: Poison Heal
|upkeep
|turn|22
|
|t:|1781498737
|move|p1a: Gliscor|Protect|p1a: Gliscor
|-singleturn|p1a: Gliscor|Protect
|move|p2a: Excadrill|Earthquake|p1a: Gliscor
|-activate|p1a: Gliscor|move: Protect
|
|-weather|Snowscape|[upkeep]
|-damage|p2a: Excadrill|82/100 tox|[from] psn
|-heal|p1a: Gliscor|52/100 tox|[from] ability: Poison Heal
|upkeep
|turn|23
|
|t:|1781498748
|switch|p1a: Dragapult|Dragapult, F|4/100 par
|move|p2a: Excadrill|Earthquake|p1a: Dragapult
|-damage|p1a: Dragapult|0 fnt
|faint|p1a: Dragapult
|
|-weather|none
|-damage|p2a: Excadrill|64/100 tox|[from] psn
|upkeep
|-message|runningdan forfeited.
|
|win|IRON VALIANT
|raw|runningdan's rating: 1550 &rarr; <strong>1528</strong><br />(-22 for losing)
|raw|IRON VALIANT's rating: 1512 &rarr; <strong>1534</strong><br />(+22 for winning)
|l|☆runningdan
|player|p1|
|l|☆IRON VALIANT
|player|p2|
