|j|☆Davy12345
|j|☆bahnmiking
|t:|1781432863
|gametype|singles
|player|p1|Davy12345|drayden|1574
|player|p2|bahnmiking|bianca|1573
|gen|9
|tier|[Gen 9] OU
|rated|
|rule|HP Percentage Mod: HP is shown in percentages
|rule|Endless Battle Clause: Forcing endless battles is banned
|rule|Species Clause: Limit one of each Pokémon
|rule|OHKO Clause: OHKO moves are banned
|rule|Evasion Items Clause: Evasion items are banned
|rule|Evasion Moves Clause: Evasion moves are banned
|rule|Evasion Abilities Clause: Evasion abilities are banned
|rule|Sleep Moves Clause: Sleep-inducing moves are banned
|clearpoke
|poke|p1|Garchomp, F|
|poke|p1|Samurott-Hisui, F|
|poke|p1|Iron Valiant|
|poke|p1|Slowking-Galar, F|
|poke|p1|Kyurem|
|poke|p1|Corviknight, F|
|poke|p2|Clodsire, F|
|poke|p2|Toxapex, M|
|poke|p2|Corviknight, F|
|poke|p2|Dondozo, F|
|poke|p2|Clefable, F|
|poke|p2|Gliscor, M|
|teampreview
|inactive|Battle timer is ON: inactive players will automatically lose when time's up. (requested by Davy12345)
|
|t:|1781432876
|teamsize|p1|6
|teamsize|p2|6
|start
|switch|p1a: Samurott|Samurott-Hisui, F|100/100
|switch|p2a: love this for you|Clefable, F|100/100
|turn|1
|
|t:|1781432882
|move|p1a: Samurott|Ceaseless Edge|p2a: love this for you
|-resisted|p2a: love this for you
|-damage|p2a: love this for you|85/100
|-sidestart|p2: bahnmiking|Spikes
|move|p2a: love this for you|Stealth Rock|p1a: Samurott
|-sidestart|p1: Davy12345|move: Stealth Rock
|
|upkeep
|turn|2
|
|t:|1781432890
|switch|p1a: Slowking|Slowking-Galar, F|100/100
|move|p2a: love this for you|Knock Off|p1a: Slowking
|-supereffective|p1a: Slowking
|-damage|p1a: Slowking|70/100
|-enditem|p1a: Slowking|Heavy-Duty Boots|[from] move: Knock Off|[of] p2a: love this for you
|
|upkeep
|turn|3
|
|t:|1781432897
|switch|p2a: did you calc that?|Clodsire, F|100/100
|-prepare|p1a: Slowking|Chilly Reception|[premajor]
|move|p1a: Slowking|Chilly Reception|p1a: Slowking
|-weather|Snowscape
|
|t:|1781432900
|switch|p1a: Garchomp|Garchomp, F|100/100|[from] Chilly Reception
|-damage|p1a: Garchomp|94/100|[from] Stealth Rock
|
|-weather|Snowscape|[upkeep]
|upkeep
|turn|4
|
|t:|1781432905
|switch|p2a: nothing new there|Gliscor, M|100/100
|move|p1a: Garchomp|Stealth Rock|p2a: nothing new there
|-sidestart|p2: bahnmiking|move: Stealth Rock
|
|-weather|Snowscape|[upkeep]
|-status|p2a: nothing new there|tox|[from] item: Toxic Orb
|upkeep
|turn|5
|
|t:|1781432916
|switch|p1a: Corviknight|Corviknight, F|100/100
|-damage|p1a: Corviknight|88/100|[from] Stealth Rock
|-ability|p1a: Corviknight|Pressure
|move|p2a: nothing new there|Substitute|p2a: nothing new there
|-start|p2a: nothing new there|Substitute
|-damage|p2a: nothing new there|75/100 tox
|
|-weather|Snowscape|[upkeep]
|-heal|p2a: nothing new there|88/100 tox|[from] ability: Poison Heal
|upkeep
|turn|6
|
|t:|1781432922
|move|p2a: nothing new there|Knock Off|p1a: Corviknight
|-damage|p1a: Corviknight|76/100
|-damage|p2a: nothing new there|72/100 tox|[from] item: Rocky Helmet|[of] p1a: Corviknight
|-enditem|p1a: Corviknight|Rocky Helmet|[from] move: Knock Off|[of] p2a: nothing new there
|move|p1a: Corviknight|Iron Defense|p1a: Corviknight
|-boost|p1a: Corviknight|def|2
|
|-weather|Snowscape|[upkeep]
|-heal|p2a: nothing new there|84/100 tox|[from] ability: Poison Heal
|upkeep
|turn|7
|
|t:|1781432933
|move|p2a: nothing new there|Protect|p2a: nothing new there
|-singleturn|p2a: nothing new there|Protect
|move|p1a: Corviknight|Body Press|p2a: nothing new there
|-activate|p2a: nothing new there|move: Protect
|
|-weather|none
|-heal|p2a: nothing new there|97/100 tox|[from] ability: Poison Heal
|upkeep
|turn|8
|
|t:|1781432948
|switch|p2a: did you calc that?|Clodsire, F|100/100
|move|p1a: Corviknight|Defog|p2a: did you calc that?
|-unboost|p2a: did you calc that?|evasion|1
|-sideend|p2: bahnmiking|Spikes|[from] move: Defog|[of] p1a: Corviknight
|-sideend|p2: bahnmiking|Stealth Rock|[from] move: Defog|[of] p1a: Corviknight
|-sideend|p1: Davy12345|Stealth Rock|[from] move: Defog|[of] p1a: Corviknight
|
|upkeep
|turn|9
|
|t:|1781432955
|switch|p1a: Samurott|Samurott-Hisui, F|100/100
|move|p2a: did you calc that?|Spikes|p1a: Samurott
|-sidestart|p1: Davy12345|Spikes
|
|upkeep
|turn|10
|
|t:|1781432962
|switch|p2a: take your time|Toxapex, M|100/100
|move|p1a: Samurott|Ceaseless Edge|p2a: take your time
|-damage|p2a: take your time|74/100
|-sidestart|p2: bahnmiking|Spikes
|
|-heal|p2a: take your time|80/100|[from] item: Leftovers
|upkeep
|turn|11
|
|t:|1781432967
|move|p1a: Samurott|Knock Off|p2a: take your time
|-damage|p2a: take your time|54/100
|-enditem|p2a: take your time|Leftovers|[from] move: Knock Off|[of] p1a: Samurott
|move|p2a: take your time|Infestation|p1a: Samurott
|-supereffective|p1a: Samurott
|-damage|p1a: Samurott|97/100
|-activate|p1a: Samurott|move: Infestation|[of] p2a: take your time
|
|-damage|p1a: Samurott|84/100|[from] move: Infestation|[partiallytrapped]
|upkeep
|turn|12
|
|t:|1781432973
|move|p2a: take your time|Baneful Bunker|p2a: take your time
|-singleturn|p2a: take your time|move: Protect
|move|p1a: Samurott|Ceaseless Edge|p2a: take your time
|-activate|p2a: take your time|move: Protect
|-status|p1a: Samurott|psn
|
|-damage|p1a: Samurott|72/100 psn|[from] psn
|-damage|p1a: Samurott|59/100 psn|[from] move: Infestation|[partiallytrapped]
|upkeep
|turn|13
|
|t:|1781432978
|move|p1a: Samurott|Ceaseless Edge|p2a: take your time
|-damage|p2a: take your time|30/100
|-sidestart|p2: bahnmiking|Spikes
|move|p2a: take your time|Recover|p2a: take your time
|-heal|p2a: take your time|80/100
|
|-damage|p1a: Samurott|47/100 psn|[from] psn
|-damage|p1a: Samurott|34/100 psn|[from] move: Infestation|[partiallytrapped]
|upkeep
|turn|14
|
|t:|1781432985
|move|p1a: Samurott|Ceaseless Edge|p2a: take your time
|-damage|p2a: take your time|54/100
|-sidestart|p2: bahnmiking|Spikes
|move|p2a: take your time|Recover|p2a: take your time
|-heal|p2a: take your time|100/100
|
|-damage|p1a: Samurott|22/100 psn|[from] psn
|-damage|p1a: Samurott|9/100 psn|[from] move: Infestation|[partiallytrapped]
|upkeep
|turn|15
|
|t:|1781432989
|move|p2a: take your time|Baneful Bunker|p2a: take your time
|-singleturn|p2a: take your time|move: Protect
|move|p1a: Samurott|Ceaseless Edge|p2a: take your time
|-activate|p2a: take your time|move: Protect
|
|-damage|p1a: Samurott|0 fnt|[from] psn
|faint|p1a: Samurott
|upkeep
|
|t:|1781432998
|switch|p1a: Garchomp|Garchomp, F|94/100
|-damage|p1a: Garchomp|82/100|[from] Spikes
|turn|16
|
|t:|1781433005
|switch|p2a: per my last turn|Corviknight, F|100/100
|-ability|p2a: per my last turn|Pressure
|move|p1a: Garchomp|Stealth Rock|p2a: per my last turn
|-sidestart|p2: bahnmiking|move: Stealth Rock
|
|upkeep
|turn|17
|
|t:|1781433011
|switch|p1a: Iron Valiant|Iron Valiant|100/100
|-damage|p1a: Iron Valiant|88/100|[from] Spikes
|-enditem|p1a: Iron Valiant|Booster Energy
|-activate|p1a: Iron Valiant|ability: Quark Drive|[fromitem]
|-start|p1a: Iron Valiant|quarkdrivespe
|move|p2a: per my last turn|Defog|p1a: Iron Valiant
|-unboost|p1a: Iron Valiant|evasion|1
|-sideend|p1: Davy12345|Spikes|[from] move: Defog|[of] p2a: per my last turn
|-sideend|p2: bahnmiking|Spikes|[from] move: Defog|[of] p2a: per my last turn
|-sideend|p2: bahnmiking|Stealth Rock|[from] move: Defog|[of] p2a: per my last turn
|
|upkeep
|turn|18
|
|t:|1781433017
|move|p1a: Iron Valiant|Moonblast|p2a: per my last turn
|-resisted|p2a: per my last turn
|-damage|p2a: per my last turn|84/100
|-unboost|p2a: per my last turn|spa|1
|move|p2a: per my last turn|Brave Bird|p1a: Iron Valiant
|-supereffective|p1a: Iron Valiant
|-damage|p1a: Iron Valiant|0 fnt
|faint|p1a: Iron Valiant
|-end|p1a: Iron Valiant|Quark Drive|[silent]
|-damage|p2a: per my last turn|63/100|[from] Recoil
|
|-heal|p2a: per my last turn|69/100|[from] item: Leftovers
|upkeep
|-message|Davy12345 forfeited.
|
|win|bahnmiking
|raw|Davy12345's rating: 1574 &rarr; <strong>1554</strong><br />(-20 for losing)
|raw|bahnmiking's rating: 1573 &rarr; <strong>1593</strong><br />(+20 for winning)
|l|☆Davy12345
|player|p1|
