|j|☆lesbiancleric
|j|☆Sanskiller55
|t:|1781200720
|gametype|singles
|player|p1|lesbiancleric|plasmagruntf|1574
|player|p2|Sanskiller55|acerola-masters|1605
|gen|9
|tier|[Gen 9] OU
|rated|
|rule|HP Percentage Mod: HP is shown in percentages
|rule|Endless Battle Clause: Forcing endless battles is banned
|rule|Species Clause: Limit one of each Pokémon
|rule|OHKO Clause: OHKO moves are banned
|rule|Evasion Items Clause: Evasion items are banned
|rule|Evasion Moves Clause: Evasion moves are banned
|rule|Evasion Abilities Clause: Evasion abilities are banned
|rule|Sleep Moves Clause: Sleep-inducing moves are banned
|clearpoke
|poke|p1|Tinkaton, F|
|poke|p1|Ogerpon, F|
|poke|p1|Great Tusk|
|poke|p1|Pecharunt|
|poke|p1|Alomomola, M|
|poke|p1|Hydreigon, M|
|poke|p2|Chesnaught, M|
|poke|p2|Clodsire, M|
|poke|p2|Kyurem|
|poke|p2|Great Tusk|
|poke|p2|Ogerpon-Wellspring, F|
|poke|p2|Pecharunt|
|teampreview
|inactive|Battle timer is ON: inactive players will automatically lose when time's up. (requested by Sanskiller55)
|inactive|lesbiancleric also wants the timer to be on.
|
|t:|1781200742
|teamsize|p1|6
|teamsize|p2|6
|start
|switch|p1a: Smile.exe|Tinkaton, F, shiny|100/100
|switch|p2a: Hungry Dragon|Kyurem|100/100
|-ability|p2a: Hungry Dragon|Pressure
|-item|p1a: Smile.exe|Air Balloon
|turn|1
|
|t:|1781200756
|switch|p2a: Girlboss|Ogerpon-Wellspring, F|100/100
|move|p1a: Smile.exe|Gigaton Hammer|p2a: Girlboss
|-resisted|p2a: Girlboss
|-damage|p2a: Girlboss|65/100
|
|upkeep
|turn|2
|
|t:|1781200759
|switch|p1a: Overseer|Pecharunt|100/100
|move|p2a: Girlboss|Ivy Cudgel|p1a: Overseer|[anim] Ivy Cudgel Water
|-damage|p1a: Overseer|73/100
|
|upkeep
|turn|3
|
|t:|1781200762
|move|p2a: Girlboss|U-turn|p1a: Overseer
|-resisted|p1a: Overseer
|-damage|p1a: Overseer|70/100
|-damage|p2a: Girlboss|48/100|[from] item: Rocky Helmet|[of] p1a: Overseer
|
|t:|1781200766
|switch|p2a: Gus|Clodsire, M, shiny|100/100|[from] U-turn
|move|p1a: Overseer|Parting Shot|p2a: Gus
|-unboost|p2a: Gus|atk|1
|-unboost|p2a: Gus|spa|1
|
|t:|1781200775
|switch|p1a: Behemoth|Great Tusk, shiny|100/100|[from] Parting Shot
|
|upkeep
|turn|4
|
|t:|1781200779
|switch|p2a: The Paladin|Chesnaught, M|100/100
|move|p1a: Behemoth|Headlong Rush|p2a: The Paladin
|-resisted|p2a: The Paladin
|-damage|p2a: The Paladin|78/100
|-unboost|p1a: Behemoth|def|1
|-unboost|p1a: Behemoth|spd|1
|-damage|p1a: Behemoth|84/100|[from] item: Rocky Helmet|[of] p2a: The Paladin
|
|upkeep
|turn|5
|
|t:|1781200782
|-end|p1a: Behemoth|Protosynthesis|[silent]
|switch|p1a: Overseer|Pecharunt|70/100
|move|p2a: The Paladin|Knock Off|p1a: Overseer
|-supereffective|p1a: Overseer
|-damage|p1a: Overseer|45/100
|-damage|p2a: The Paladin|62/100|[from] item: Rocky Helmet|[of] p1a: Overseer
|-enditem|p1a: Overseer|Rocky Helmet|[from] move: Knock Off|[of] p2a: The Paladin
|
|upkeep
|turn|6
|
|t:|1781200786
|switch|p2a: Hungry Dragon|Kyurem|100/100
|-ability|p2a: Hungry Dragon|Pressure
|move|p1a: Overseer|Recover|p1a: Overseer
|-heal|p1a: Overseer|95/100
|
|upkeep
|turn|7
|
|t:|1781200790
|switch|p1a: Pisces|Alomomola, M, shiny|100/100
|move|p2a: Hungry Dragon|Ice Beam|p1a: Pisces
|-resisted|p1a: Pisces
|-damage|p1a: Pisces|83/100
|
|upkeep
|turn|8
|
|t:|1781200796
|switch|p2a: Girlboss|Ogerpon-Wellspring, F|48/100
|switch|p1a: Anonymous|Ogerpon, F|100/100
|
|upkeep
|turn|9
|
|t:|1781200801
|move|p2a: Girlboss|U-turn|p1a: Anonymous
|-supereffective|p1a: Anonymous
|-damage|p1a: Anonymous|37/100
|
|t:|1781200803
|switch|p2a: Misinformation|Pecharunt|100/100|[from] U-turn
|move|p1a: Anonymous|U-turn|p2a: Misinformation
|-resisted|p2a: Misinformation
|-damage|p2a: Misinformation|96/100
|
|t:|1781200807
|switch|p1a: Hybrid|Hydreigon, M, shiny|100/100|[from] U-turn
|
|-heal|p2a: Misinformation|100/100|[from] item: Leftovers
|upkeep
|turn|10
|
|t:|1781200812
|switch|p2a: Gus|Clodsire, M, shiny|100/100
|move|p1a: Hybrid|Dark Pulse|p2a: Gus
|-damage|p2a: Gus|63/100
|
|-heal|p2a: Gus|70/100|[from] item: Leftovers
|upkeep
|turn|11
|
|t:|1781200818
|switch|p1a: Smile.exe|Tinkaton, F, shiny|100/100
|-item|p1a: Smile.exe|Air Balloon
|move|p2a: Gus|Toxic|p1a: Smile.exe
|-immune|p1a: Smile.exe
|
|-heal|p2a: Gus|76/100|[from] item: Leftovers
|upkeep
|turn|12
|
|t:|1781200824
|switch|p2a: Girlboss|Ogerpon-Wellspring, F|48/100
|move|p1a: Smile.exe|Encore||[still]
|-fail|p1a: Smile.exe
|
|upkeep
|turn|13
|
|t:|1781200829
|switch|p1a: Overseer|Pecharunt|95/100
|move|p2a: Girlboss|Ivy Cudgel|p1a: Overseer|[anim] Ivy Cudgel Water
|-damage|p1a: Overseer|70/100
|
|upkeep
|turn|14
|
|t:|1781200832
|move|p2a: Girlboss|U-turn|p1a: Overseer
|-resisted|p1a: Overseer
|-damage|p1a: Overseer|67/100
|
|t:|1781200834
|switch|p2a: Gus|Clodsire, M, shiny|76/100|[from] U-turn
|move|p1a: Overseer|Parting Shot|p2a: Gus
|-unboost|p2a: Gus|atk|1
|-unboost|p2a: Gus|spa|1
|
|t:|1781200839
|switch|p1a: Anonymous|Ogerpon, F|37/100|[from] Parting Shot
|
|-heal|p2a: Gus|82/100|[from] item: Leftovers
|upkeep
|turn|15
|
|t:|1781200844
|-terastallize|p1a: Anonymous|Grass
|detailschange|p1a: Anonymous|Ogerpon-Teal-Tera, F, tera:Grass
|-ability|p1a: Anonymous|Embody Aspect (Teal)|boost
|-boost|p1a: Anonymous|spe|1
|move|p1a: Anonymous|Ivy Cudgel|p2a: Gus
|-crit|p2a: Gus
|-damage|p2a: Gus|0 fnt
|faint|p2a: Gus
|
|upkeep
|
|t:|1781200847
|switch|p2a: The Paladin|Chesnaught, M|62/100
|turn|16
|
|t:|1781200851
|switch|p1a: Overseer|Pecharunt|67/100
|move|p2a: The Paladin|Body Press|p1a: Overseer
|-immune|p1a: Overseer
|
|upkeep
|turn|17
|
|t:|1781200855
|switch|p2a: Misinformation|Pecharunt|100/100
|move|p1a: Overseer|Shadow Ball|p2a: Misinformation
|-supereffective|p2a: Misinformation
|-damage|p2a: Misinformation|54/100
|-unboost|p2a: Misinformation|spd|1
|
|-heal|p2a: Misinformation|60/100|[from] item: Leftovers
|upkeep
|turn|18
|
|t:|1781200862
|move|p2a: Misinformation|Shadow Ball|p1a: Overseer
|-supereffective|p1a: Overseer
|-damage|p1a: Overseer|9/100
|move|p1a: Overseer|Parting Shot|p2a: Misinformation
|-unboost|p2a: Misinformation|atk|1
|-unboost|p2a: Misinformation|spa|1
|
|t:|1781200865
|switch|p1a: Hybrid|Hydreigon, M, shiny|100/100|[from] Parting Shot
|
|-heal|p2a: Misinformation|66/100|[from] item: Leftovers
|upkeep
|turn|19
|
|t:|1781200872
|switch|p2a: The Paladin|Chesnaught, M|62/100
|move|p1a: Hybrid|Dark Pulse|p2a: The Paladin
|-resisted|p2a: The Paladin
|-damage|p2a: The Paladin|30/100
|
|upkeep
|turn|20
|
|t:|1781200876
|move|p1a: Hybrid|Dark Pulse|p2a: The Paladin
|-resisted|p2a: The Paladin
|-damage|p2a: The Paladin|2/100
|cant|p2a: The Paladin|flinch
|
|upkeep
|turn|21
|
|t:|1781200879
|move|p1a: Hybrid|Dark Pulse|p2a: The Paladin
|-resisted|p2a: The Paladin
|-damage|p2a: The Paladin|0 fnt
|faint|p2a: The Paladin
|
|upkeep
|
|t:|1781200882
|switch|p2a: Hungry Dragon|Kyurem|100/100
|-ability|p2a: Hungry Dragon|Pressure
|turn|22
|
|t:|1781200887
|switch|p1a: Overseer|Pecharunt|9/100
|move|p2a: Hungry Dragon|Freeze-Dry|p1a: Overseer
|-damage|p1a: Overseer|0 fnt
|faint|p1a: Overseer
|
|upkeep
|
|t:|1781200891
|switch|p1a: Smile.exe|Tinkaton, F, shiny|100/100
|-item|p1a: Smile.exe|Air Balloon
|turn|23
|
|t:|1781200896
|switch|p2a: Misinformation|Pecharunt|66/100
|move|p1a: Smile.exe|Gigaton Hammer|p2a: Misinformation
|-damage|p2a: Misinformation|32/100
|
|-heal|p2a: Misinformation|38/100|[from] item: Leftovers
|upkeep
|turn|24
|
|t:|1781200902
|switch|p1a: Pisces|Alomomola, M, shiny|100/100
|move|p2a: Misinformation|Recover|p2a: Misinformation
|-heal|p2a: Misinformation|88/100
|
|-heal|p2a: Misinformation|94/100|[from] item: Leftovers
|upkeep
|turn|25
|
|t:|1781200905
|move|p2a: Misinformation|Malignant Chain|p1a: Pisces
|-damage|p1a: Pisces|84/100
|-status|p1a: Pisces|tox
|-start|p1a: Pisces|confusion|[from] ability: Poison Puppeteer|[of] p2a: Misinformation
|-activate|p1a: Pisces|confusion
|move|p1a: Pisces|Mirror Coat|p2a: Misinformation
|-damage|p2a: Misinformation|49/100
|
|-heal|p2a: Misinformation|55/100|[from] item: Leftovers
|-damage|p1a: Pisces|78/100 tox|[from] psn
|upkeep
|turn|26
|
|t:|1781200916
|move|p2a: Misinformation|Recover|p2a: Misinformation
|-heal|p2a: Misinformation|100/100
|-activate|p1a: Pisces|confusion
|move|p1a: Pisces|Flip Turn|p2a: Misinformation
|-damage|p2a: Misinformation|92/100
|
|t:|1781200919
|switch|p1a: Hybrid|Hydreigon, M, shiny|100/100|[from] Flip Turn
|
|-heal|p2a: Misinformation|98/100|[from] item: Leftovers
|upkeep
|turn|27
|
|t:|1781200924
|switch|p2a: Girlboss|Ogerpon-Wellspring, F|48/100
|move|p1a: Hybrid|Dark Pulse|p2a: Girlboss
|-damage|p2a: Girlboss|0 fnt
|faint|p2a: Girlboss
|
|upkeep
|
|t:|1781200926
|switch|p2a: Hungry Dragon|Kyurem|100/100
|-ability|p2a: Hungry Dragon|Pressure
|turn|28
|
|t:|1781200930
|switch|p1a: Smile.exe|Tinkaton, F, shiny|100/100
|-item|p1a: Smile.exe|Air Balloon
|move|p2a: Hungry Dragon|Freeze-Dry|p1a: Smile.exe
|-resisted|p1a: Smile.exe
|-damage|p1a: Smile.exe|71/100
|-enditem|p1a: Smile.exe|Air Balloon
|
|upkeep
|turn|29
|
|t:|1781200934
|switch|p2a: Misinformation|Pecharunt|98/100
|move|p1a: Smile.exe|Stealth Rock|p2a: Misinformation
|-sidestart|p2: Sanskiller55|move: Stealth Rock
|
|-heal|p2a: Misinformation|100/100|[from] item: Leftovers
|upkeep
|turn|30
|
|t:|1781200939
|move|p1a: Smile.exe|Ice Hammer|p2a: Misinformation
|-damage|p2a: Misinformation|88/100
|-unboost|p1a: Smile.exe|spe|1
|move|p2a: Misinformation|Parting Shot|p1a: Smile.exe
|-unboost|p1a: Smile.exe|atk|1
|-unboost|p1a: Smile.exe|spa|1
|
|t:|1781200941
|switch|p2a: Coat of the Right|Great Tusk|100/100|[from] Parting Shot
|-damage|p2a: Coat of the Right|98/100|[from] Stealth Rock
|-enditem|p2a: Coat of the Right|Booster Energy
|-activate|p2a: Coat of the Right|ability: Protosynthesis|[fromitem]
|-start|p2a: Coat of the Right|protosynthesisspe
|
|upkeep
|turn|31
|
|t:|1781200948
|move|p2a: Coat of the Right|Rapid Spin|p1a: Smile.exe
|-resisted|p1a: Smile.exe
|-damage|p1a: Smile.exe|62/100
|-boost|p2a: Coat of the Right|spe|1
|-sideend|p2: Sanskiller55|Stealth Rock|[from] move: Rapid Spin|[of] p2a: Coat of the Right
|move|p1a: Smile.exe|Encore|p2a: Coat of the Right
|-start|p2a: Coat of the Right|Encore
|
|upkeep
|turn|32
|
|t:|1781200953
|switch|p1a: Hybrid|Hydreigon, M, shiny|100/100
|move|p2a: Coat of the Right|Rapid Spin|p1a: Hybrid
|-damage|p1a: Hybrid|85/100
|-boost|p2a: Coat of the Right|spe|1
|
|upkeep
|turn|33
|
|t:|1781200961
|-end|p2a: Coat of the Right|Protosynthesis|[silent]
|switch|p2a: Misinformation|Pecharunt|88/100
|move|p1a: Hybrid|Draco Meteor|p2a: Misinformation
|-damage|p2a: Misinformation|3/100
|-unboost|p1a: Hybrid|spa|2
|
|-heal|p2a: Misinformation|9/100|[from] item: Leftovers
|upkeep
|turn|34
|
|t:|1781200964
|move|p1a: Hybrid|Draco Meteor|p2a: Misinformation|[miss]
|-miss|p1a: Hybrid|p2a: Misinformation
|move|p2a: Misinformation|Malignant Chain|p1a: Hybrid
|-damage|p1a: Hybrid|43/100
|-status|p1a: Hybrid|tox
|-start|p1a: Hybrid|confusion|[from] ability: Poison Puppeteer|[of] p2a: Misinformation
|
|-heal|p2a: Misinformation|15/100|[from] item: Leftovers
|-damage|p1a: Hybrid|37/100 tox|[from] psn
|upkeep
|turn|35
|
|t:|1781200968
|-activate|p1a: Hybrid|confusion
|-damage|p1a: Hybrid|28/100 tox|[from] confusion
|move|p2a: Misinformation|Recover|p2a: Misinformation
|-heal|p2a: Misinformation|65/100
|
|-heal|p2a: Misinformation|71/100|[from] item: Leftovers
|-damage|p1a: Hybrid|16/100 tox|[from] psn
|upkeep
|turn|36
|c|☆lesbiancleric|.....
|
|t:|1781200974
|switch|p1a: Smile.exe|Tinkaton, F, shiny|62/100
|move|p2a: Misinformation|Recover|p2a: Misinformation
|-heal|p2a: Misinformation|100/100
|
|upkeep
|turn|37
|c|☆Sanskiller55|Sorry
|
|t:|1781200981
|move|p1a: Smile.exe|Stealth Rock|p2a: Misinformation
|-sidestart|p2: Sanskiller55|move: Stealth Rock
|move|p2a: Misinformation|Parting Shot|p1a: Smile.exe
|-unboost|p1a: Smile.exe|atk|1
|-unboost|p1a: Smile.exe|spa|1
|
|t:|1781200983
|switch|p2a: Coat of the Right|Great Tusk|98/100|[from] Parting Shot
|-damage|p2a: Coat of the Right|95/100|[from] Stealth Rock
|
|upkeep
|turn|38
|
|t:|1781200985
|move|p1a: Smile.exe|Encore||[still]
|-fail|p1a: Smile.exe
|move|p2a: Coat of the Right|Rapid Spin|p1a: Smile.exe
|-resisted|p1a: Smile.exe
|-damage|p1a: Smile.exe|52/100
|-boost|p2a: Coat of the Right|spe|1
|-sideend|p2: Sanskiller55|Stealth Rock|[from] move: Rapid Spin|[of] p2a: Coat of the Right
|
|upkeep
|turn|39
|
|t:|1781200988
|move|p2a: Coat of the Right|Earthquake|p1a: Smile.exe
|-supereffective|p1a: Smile.exe
|-damage|p1a: Smile.exe|0 fnt
|faint|p1a: Smile.exe
|
|upkeep
|
|t:|1781200990
|switch|p1a: Anonymous|Ogerpon-Teal-Tera, F, tera:Grass|37/100
|-ability|p1a: Anonymous|Embody Aspect (Teal)|boost
|-boost|p1a: Anonymous|spe|1
|turn|40
|
|t:|1781200993
|-end|p2a: Coat of the Right|Protosynthesis|[silent]
|switch|p2a: Misinformation|Pecharunt|100/100
|move|p1a: Anonymous|Ivy Cudgel|p2a: Misinformation
|-resisted|p2a: Misinformation
|-damage|p2a: Misinformation|73/100
|
|-heal|p2a: Misinformation|79/100|[from] item: Leftovers
|upkeep
|turn|41
|
|t:|1781200996
|switch|p1a: Pisces|Alomomola, M, shiny|100/100 tox
|move|p2a: Misinformation|Malignant Chain|p1a: Pisces
|-damage|p1a: Pisces|85/100 tox
|
|-heal|p2a: Misinformation|85/100|[from] item: Leftovers
|-damage|p1a: Pisces|78/100 tox|[from] psn
|upkeep
|turn|42
|
|t:|1781200998
|move|p2a: Misinformation|Parting Shot|p1a: Pisces
|-unboost|p1a: Pisces|atk|1
|-unboost|p1a: Pisces|spa|1
|
|t:|1781201000
|switch|p2a: Hungry Dragon|Kyurem|100/100|[from] Parting Shot
|-ability|p2a: Hungry Dragon|Pressure
|move|p1a: Pisces|Flip Turn|p2a: Hungry Dragon
|-resisted|p2a: Hungry Dragon
|-crit|p2a: Hungry Dragon
|-damage|p2a: Hungry Dragon|88/100
|
|t:|1781201002
|switch|p1a: Hybrid|Hydreigon, M, shiny|16/100 tox|[from] Flip Turn
|
|-damage|p1a: Hybrid|10/100 tox|[from] psn
|upkeep
|turn|43
|
|t:|1781201006
|move|p1a: Hybrid|Draco Meteor|p2a: Hungry Dragon|[miss]
|-miss|p1a: Hybrid|p2a: Hungry Dragon
|move|p2a: Hungry Dragon|Freeze-Dry|p1a: Hybrid
|-supereffective|p1a: Hybrid
|-damage|p1a: Hybrid|0 fnt
|faint|p1a: Hybrid
|
|upkeep
|c|☆lesbiancleric|good game.
|-message|lesbiancleric forfeited.
|
|win|Sanskiller55
|raw|lesbiancleric's rating: 1574 &rarr; <strong>1556</strong><br />(-18 for losing)
|raw|Sanskiller55's rating: 1605 &rarr; <strong>1623</strong><br />(+18 for winning)
|l|☆lesbiancleric
|player|p1|
|c|☆Sanskiller55|Yeah
|l|☆Sanskiller55
|player|p2|
