|badge|p1|silver|gen9ou|30-9
|uhtml|medal-msg|<div class="broadcast-blue">Curious what those medals under the avatar are? PS now has Ladder Seasons! For more information, check out the <a href="https://www.smogon.com/forums/threads/3740067/">thread on Smogon.</a></div>
|j|☆HO Only Bitch
|j|☆YT-Cyber-DJ
|t:|1781478072
|gametype|singles
|player|p1|HO Only Bitch|giovanni|1899
|player|p2|YT-Cyber-DJ|gambler|1762
|gen|9
|tier|[Gen 9] OU
|rated|
|rule|HP Percentage Mod: HP is shown in percentages
|rule|Endless Battle Clause: Forcing endless battles is banned
|rule|Species Clause: Limit one of each Pokémon
|rule|OHKO Clause: OHKO moves are banned
|rule|Evasion Items Clause: Evasion items are banned
|rule|Evasion Moves Clause: Evasion moves are banned
|rule|Evasion Abilities Clause: Evasion abilities are banned
|rule|Sleep Moves Clause: Sleep-inducing moves are banned
|clearpoke
|poke|p1|Clodsire, M|
|poke|p1|Toxapex, M|
|poke|p1|Corviknight, M|
|poke|p1|Clefable, F|
|poke|p1|Gliscor, F|
|poke|p1|Quagsire, M|
|poke|p2|Iron Treads|
|poke|p2|Dragonite, F|
|poke|p2|Iron Valiant|
|poke|p2|Samurott-Hisui, F|
|poke|p2|Gholdengo|
|poke|p2|Latios, M|
|teampreview
|inactive|Battle timer is ON: inactive players will automatically lose when time's up. (requested by YT-Cyber-DJ)
|inactive|YT-Cyber-DJ has 120 seconds left.
|inactive|YT-Cyber-DJ has 90 seconds left.
|
|t:|1781478135
|teamsize|p1|6
|teamsize|p2|6
|start
|switch|p1a: nothing new there|Gliscor, F|100/100
|switch|p2a: Edge of My Seat|Samurott-Hisui, F|100/100
|turn|1
|j| Xaldyn&Rhapsodie
|
|t:|1781478144
|move|p1a: nothing new there|Protect|p1a: nothing new there
|-singleturn|p1a: nothing new there|Protect
|move|p2a: Edge of My Seat|Knock Off|p1a: nothing new there
|-activate|p1a: nothing new there|move: Protect
|
|-status|p1a: nothing new there|tox|[from] item: Toxic Orb
|upkeep
|turn|2
|j| gilbongoobs
|
|t:|1781478152
|move|p1a: nothing new there|Toxic|p2a: Edge of My Seat
|-status|p2a: Edge of My Seat|tox
|move|p2a: Edge of My Seat|Razor Shell|p1a: nothing new there
|-supereffective|p1a: nothing new there
|-damage|p1a: nothing new there|25/100 tox
|-unboost|p1a: nothing new there|def|1
|
|-heal|p1a: nothing new there|38/100 tox|[from] ability: Poison Heal
|-damage|p2a: Edge of My Seat|94/100 tox|[from] psn
|upkeep
|turn|3
|
|t:|1781478180
|move|p1a: nothing new there|Protect|p1a: nothing new there
|-singleturn|p1a: nothing new there|Protect
|move|p2a: Edge of My Seat|Ceaseless Edge|p1a: nothing new there
|-activate|p1a: nothing new there|move: Protect
|
|-heal|p1a: nothing new there|50/100 tox|[from] ability: Poison Heal
|-damage|p2a: Edge of My Seat|82/100 tox|[from] psn
|upkeep
|turn|4
|j| Ctannn
|
|t:|1781478197
|move|p1a: nothing new there|Substitute|p1a: nothing new there
|-start|p1a: nothing new there|Substitute
|-damage|p1a: nothing new there|25/100 tox
|move|p2a: Edge of My Seat|Ceaseless Edge|p1a: nothing new there
|-end|p1a: nothing new there|Substitute
|-sidestart|p1: HO Only Bitch|Spikes
|
|-heal|p1a: nothing new there|38/100 tox|[from] ability: Poison Heal
|-damage|p2a: Edge of My Seat|64/100 tox|[from] psn
|upkeep
|turn|5
|
|t:|1781478207
|switch|p2a: Latinos|Latios, M|100/100
|move|p1a: nothing new there|Substitute|p1a: nothing new there
|-start|p1a: nothing new there|Substitute
|-damage|p1a: nothing new there|13/100 tox
|
|-heal|p1a: nothing new there|25/100 tox|[from] ability: Poison Heal
|upkeep
|turn|6
|
|t:|1781478216
|-terastallize|p2a: Latinos|Steel
|move|p1a: nothing new there|Protect|p1a: nothing new there
|-singleturn|p1a: nothing new there|Protect
|move|p2a: Latinos|Calm Mind|p2a: Latinos
|-boost|p2a: Latinos|spa|1
|-boost|p2a: Latinos|spd|1
|
|-heal|p1a: nothing new there|38/100 tox|[from] ability: Poison Heal
|upkeep
|turn|7
|j| rexa2
|inactive|HO Only Bitch has 120 seconds left.
|
|t:|1781478249
|move|p2a: Latinos|Psychic Noise|p1a: nothing new there
|-damage|p1a: nothing new there|0 fnt
|faint|p1a: nothing new there
|
|upkeep
|inactive|HO Only Bitch has 120 seconds left.
|l| rexa2
|l| gilbongoobs
|-message|HO Only Bitch forfeited.
|
|win|YT-Cyber-DJ
|raw|HO Only Bitch's rating: 1899 &rarr; <strong>1870</strong><br />(-29 for losing)
|raw|YT-Cyber-DJ's rating: 1733 &rarr; <strong>1762</strong><br />(+29 for winning)
|j| rexa2
|l|☆HO Only Bitch
|player|p1|
|l| rexa2
|l|☆YT-Cyber-DJ
|player|p2|
|l| Ctannn
|l| Xaldyn&Rhapsodie
