|j|☆MVA Bjirtos
|j|☆KurisuChestnutOU
|t:|1781155811
|gametype|singles
|player|p1|MVA Bjirtos|riley|1509
|player|p2|KurisuChestnutOU|may-contest|1550
|gen|9
|tier|[Gen 9] OU
|rated|
|rule|HP Percentage Mod: HP is shown in percentages
|rule|Endless Battle Clause: Forcing endless battles is banned
|rule|Species Clause: Limit one of each Pokémon
|rule|OHKO Clause: OHKO moves are banned
|rule|Evasion Items Clause: Evasion items are banned
|rule|Evasion Moves Clause: Evasion moves are banned
|rule|Evasion Abilities Clause: Evasion abilities are banned
|rule|Sleep Moves Clause: Sleep-inducing moves are banned
|clearpoke
|poke|p1|Ninetales-Alola, F|
|poke|p1|Iron Moth|
|poke|p1|Alomomola, F|
|poke|p1|Darkrai|
|poke|p1|Polteageist|
|poke|p1|Haxorus, M|
|poke|p2|Kingambit, F|
|poke|p2|Kommo-o, F|
|poke|p2|Iron Valiant|
|poke|p2|Kyurem|
|poke|p2|Iron Treads|
|poke|p2|Iron Crown|
|teampreview
|inactive|Battle timer is ON: inactive players will automatically lose when time's up. (requested by MVA Bjirtos)
|inactive|KurisuChestnutOU also wants the timer to be on.
|
|t:|1781155820
|teamsize|p1|6
|teamsize|p2|6
|start
|switch|p1a: Sorrow|Iron Moth|100/100
|switch|p2a: Iron Crown|Iron Crown|100/100
|-enditem|p1a: Sorrow|Booster Energy
|-activate|p1a: Sorrow|ability: Quark Drive|[fromitem]
|-start|p1a: Sorrow|quarkdrivespe
|-enditem|p2a: Iron Crown|Booster Energy
|-activate|p2a: Iron Crown|ability: Quark Drive|[fromitem]
|-start|p2a: Iron Crown|quarkdrivespe
|turn|1
|
|t:|1781155830
|-terastallize|p1a: Sorrow|Grass
|-terastallize|p2a: Iron Crown|Fighting
|move|p1a: Sorrow|Fiery Dance|p2a: Iron Crown
|-damage|p2a: Iron Crown|65/100
|-boost|p1a: Sorrow|spa|1
|move|p2a: Iron Crown|Calm Mind|p2a: Iron Crown
|-boost|p2a: Iron Crown|spa|1
|-boost|p2a: Iron Crown|spd|1
|
|upkeep
|turn|2
|
|t:|1781155844
|move|p1a: Sorrow|Fiery Dance|p2a: Iron Crown
|-damage|p2a: Iron Crown|25/100
|move|p2a: Iron Crown|Tachyon Cutter|p1a: Sorrow
|-damage|p1a: Sorrow|65/100
|-damage|p1a: Sorrow|29/100
|-hitcount|p1a: Sorrow|2
|
|upkeep
|turn|3
|
|t:|1781155852
|move|p1a: Sorrow|Fiery Dance|p2a: Iron Crown
|-crit|p2a: Iron Crown
|-damage|p2a: Iron Crown|0 fnt
|faint|p2a: Iron Crown
|-end|p2a: Iron Crown|Quark Drive|[silent]
|
|upkeep
|
|t:|1781155856
|switch|p2a: Kingambit|Kingambit, F|100/100
|-activate|p2a: Kingambit|ability: Supreme Overlord
|-start|p2a: Kingambit|fallen1|[silent]
|turn|4
|
|t:|1781155861
|-end|p2a: Kingambit|fallen1|[silent]
|switch|p2a: Kommo-o|Kommo-o, F|100/100
|move|p1a: Sorrow|Morning Sun|p1a: Sorrow
|-heal|p1a: Sorrow|79/100
|
|upkeep
|turn|5
|
|t:|1781155867
|move|p1a: Sorrow|Sludge Wave|p2a: Kommo-o
|-damage|p2a: Kommo-o|39/100
|move|p2a: Kommo-o|Clangorous Soul|p2a: Kommo-o
|-boost|p2a: Kommo-o|atk|1
|-boost|p2a: Kommo-o|def|1
|-boost|p2a: Kommo-o|spa|1
|-boost|p2a: Kommo-o|spd|1
|-boost|p2a: Kommo-o|spe|1
|-damage|p2a: Kommo-o|6/100
|
|-heal|p2a: Kommo-o|12/100|[from] item: Leftovers
|upkeep
|turn|6
|
|t:|1781155871
|move|p1a: Sorrow|Fiery Dance|p2a: Kommo-o
|-resisted|p2a: Kommo-o
|-damage|p2a: Kommo-o|0 fnt
|-boost|p1a: Sorrow|spa|1
|faint|p2a: Kommo-o
|
|upkeep
|
|t:|1781155876
|switch|p2a: Kingambit|Kingambit, F|100/100
|-activate|p2a: Kingambit|ability: Supreme Overlord
|-start|p2a: Kingambit|fallen2|[silent]
|turn|7
|
|t:|1781155882
|move|p2a: Kingambit|Sucker Punch|p1a: Sorrow
|-damage|p1a: Sorrow|1/100
|move|p1a: Sorrow|Fiery Dance|p2a: Kingambit
|-supereffective|p2a: Kingambit
|-damage|p2a: Kingambit|0 fnt
|-boost|p1a: Sorrow|spa|1
|faint|p2a: Kingambit
|-end|p2a: Kingambit|fallen2|[silent]
|
|upkeep
|
|t:|1781155885
|switch|p2a: Iron Valiant|Iron Valiant|100/100
|-enditem|p2a: Iron Valiant|Booster Energy
|-activate|p2a: Iron Valiant|ability: Quark Drive|[fromitem]
|-start|p2a: Iron Valiant|quarkdrivespe
|turn|8
|
|t:|1781155892
|move|p2a: Iron Valiant|Moonblast|p1a: Sorrow
|-damage|p1a: Sorrow|0 fnt
|faint|p1a: Sorrow
|-end|p1a: Sorrow|Quark Drive|[silent]
|
|upkeep
|
|t:|1781155901
|switch|p1a: Teardrop|Ninetales-Alola, F|100/100
|-weather|Snowscape|[from] ability: Snow Warning|[of] p1a: Teardrop
|turn|9
|
|t:|1781155907
|move|p2a: Iron Valiant|Moonblast|p1a: Teardrop
|-damage|p1a: Teardrop|49/100
|move|p1a: Teardrop|Moonblast|p2a: Iron Valiant
|-supereffective|p2a: Iron Valiant
|-damage|p2a: Iron Valiant|0 fnt
|faint|p2a: Iron Valiant
|-end|p2a: Iron Valiant|Quark Drive|[silent]
|
|-weather|Snowscape|[upkeep]
|upkeep
|
|t:|1781155914
|switch|p2a: Iron Treads|Iron Treads|100/100
|-enditem|p2a: Iron Treads|Booster Energy
|-activate|p2a: Iron Treads|ability: Quark Drive|[fromitem]
|-start|p2a: Iron Treads|quarkdrivespe
|turn|10
|
|t:|1781155918
|move|p2a: Iron Treads|Earthquake|p1a: Teardrop
|-damage|p1a: Teardrop|18/100
|move|p1a: Teardrop|Aurora Veil|p1a: Teardrop
|-sidestart|p1: MVA Bjirtos|move: Aurora Veil
|
|-weather|Snowscape|[upkeep]
|upkeep
|turn|11
|
|t:|1781155922
|move|p2a: Iron Treads|Earthquake|p1a: Teardrop
|-damage|p1a: Teardrop|2/100
|move|p1a: Teardrop|Encore|p2a: Iron Treads
|-start|p2a: Iron Treads|Encore
|
|-weather|Snowscape|[upkeep]
|upkeep
|turn|12
|
|t:|1781155927
|-end|p2a: Iron Treads|Quark Drive|[silent]
|switch|p2a: Kyurem|Kyurem|100/100
|-ability|p2a: Kyurem|Pressure
|move|p1a: Teardrop|Moonblast|p2a: Kyurem
|-supereffective|p2a: Kyurem
|-damage|p2a: Kyurem|42/100
|
|-weather|Snowscape|[upkeep]
|upkeep
|turn|13
|
|t:|1781155935
|move|p1a: Teardrop|Moonblast|p2a: Kyurem
|-supereffective|p2a: Kyurem
|-damage|p2a: Kyurem|0 fnt
|faint|p2a: Kyurem
|
|-weather|none
|upkeep
|
|t:|1781155940
|switch|p2a: Iron Treads|Iron Treads|100/100
|turn|14
|
|t:|1781155945
|switch|p1a: Aezor|Haxorus, M, shiny|100/100
|-ability|p1a: Aezor|Mold Breaker
|move|p2a: Iron Treads|Earthquake|p1a: Aezor
|-damage|p1a: Aezor|78/100
|
|upkeep
|turn|15
|
|t:|1781155953
|move|p2a: Iron Treads|Earthquake|p1a: Aezor
|-damage|p1a: Aezor|56/100
|move|p1a: Aezor|Earthquake|p2a: Iron Treads
|-supereffective|p2a: Iron Treads
|-damage|p2a: Iron Treads|24/100
|-damage|p1a: Aezor|46/100|[from] item: Life Orb
|
|upkeep
|turn|16
|
|t:|1781155958
|move|p2a: Iron Treads|Earthquake|p1a: Aezor
|-damage|p1a: Aezor|24/100
|move|p1a: Aezor|Earthquake|p2a: Iron Treads
|-supereffective|p2a: Iron Treads
|-damage|p2a: Iron Treads|0 fnt
|faint|p2a: Iron Treads
|-end|p2a: Iron Treads|Quark Drive|[silent]
|-damage|p1a: Aezor|14/100|[from] item: Life Orb
|
|win|MVA Bjirtos
|raw|MVA Bjirtos's rating: 1509 &rarr; <strong>1531</strong><br />(+22 for winning)
|raw|KurisuChestnutOU's rating: 1550 &rarr; <strong>1528</strong><br />(-22 for losing)
|l|☆KurisuChestnutOU
|player|p2|
|l|☆MVA Bjirtos
|player|p1|
