|j|☆funnygames(1997)
|j|☆Vernita
|t:|1781547356
|gametype|singles
|player|p1|funnygames(1997)|170|1637
|player|p2|Vernita|169|1640
|gen|9
|tier|[Gen 9] OU
|rated|
|rule|HP Percentage Mod: HP is shown in percentages
|rule|Endless Battle Clause: Forcing endless battles is banned
|rule|Species Clause: Limit one of each Pokémon
|rule|OHKO Clause: OHKO moves are banned
|rule|Evasion Items Clause: Evasion items are banned
|rule|Evasion Moves Clause: Evasion moves are banned
|rule|Evasion Abilities Clause: Evasion abilities are banned
|rule|Sleep Moves Clause: Sleep-inducing moves are banned
|clearpoke
|poke|p1|Arcanine-Hisui, F|
|poke|p1|Darkrai|
|poke|p1|Great Tusk|
|poke|p1|Hatterene, F|
|poke|p1|Ogerpon-Wellspring, F|
|poke|p1|Zapdos|
|poke|p2|Tornadus-Therian, M|
|poke|p2|Alomomola, M|
|poke|p2|Hatterene, F|
|poke|p2|Kyurem|
|poke|p2|Tinkaton, F|
|poke|p2|Great Tusk|
|teampreview
|inactive|Battle timer is ON: inactive players will automatically lose when time's up. (requested by funnygames(1997))
|
|t:|1781547386
|teamsize|p1|6
|teamsize|p2|6
|start
|switch|p1a: Hatterene|Hatterene, F|100/100
|switch|p2a: Alomomola|Alomomola, M|100/100
|turn|1
|
|t:|1781547396
|move|p2a: Alomomola|Flip Turn|p1a: Hatterene
|-damage|p1a: Hatterene|83/100
|
|t:|1781547399
|switch|p2a: Tinkaton|Tinkaton, F|100/100|[from] Flip Turn
|-item|p2a: Tinkaton|Air Balloon
|move|p1a: Hatterene|Nuzzle|p2a: Tinkaton
|-damage|p2a: Tinkaton|96/100
|-status|p2a: Tinkaton|par
|-enditem|p2a: Tinkaton|Air Balloon
|-enditem|p1a: Hatterene|Assault Vest|[silent]|[from] ability: Pickpocket|[of] p1a: Hatterene
|-item|p2a: Tinkaton|Assault Vest|[from] ability: Pickpocket|[of] p1a: Hatterene
|
|upkeep
|turn|2
|
|t:|1781547414
|switch|p1a: Great Tusk|Great Tusk|100/100
|cant|p2a: Tinkaton|par
|
|upkeep
|turn|3
|
|t:|1781547419
|switch|p2a: Hatterene|Hatterene, F|100/100
|move|p1a: Great Tusk|Headlong Rush|p2a: Hatterene
|-damage|p2a: Hatterene|50/100
|-unboost|p1a: Great Tusk|def|1
|-unboost|p1a: Great Tusk|spd|1
|-damage|p1a: Great Tusk|84/100|[from] item: Rocky Helmet|[of] p2a: Hatterene
|
|upkeep
|turn|4
|
|t:|1781547432
|-end|p1a: Great Tusk|Protosynthesis|[silent]
|switch|p1a: Zapdos|Zapdos|100/100
|switch|p2a: Tornadus|Tornadus-Therian, M|100/100
|
|upkeep
|turn|5
|
|t:|1781547438
|switch|p2a: Kyurem|Kyurem|100/100
|-ability|p2a: Kyurem|Pressure
|move|p1a: Zapdos|Volt Switch|p2a: Kyurem
|-resisted|p2a: Kyurem
|-damage|p2a: Kyurem|92/100
|
|t:|1781547440
|switch|p1a: Hatterene|Hatterene, F|83/100|[from] Volt Switch
|
|upkeep
|turn|6
|
|t:|1781547451
|move|p2a: Kyurem|Freeze-Dry|p1a: Hatterene
|-damage|p1a: Hatterene|45/100
|move|p1a: Hatterene|Draining Kiss|p2a: Kyurem
|-supereffective|p2a: Kyurem
|-damage|p2a: Kyurem|54/100
|-heal|p1a: Hatterene|80/100|[from] drain|[of] p2a: Kyurem
|
|upkeep
|turn|7
|
|t:|1781547458
|switch|p2a: Tinkaton|Tinkaton, F|96/100 par
|move|p1a: Hatterene|Mystical Fire|p2a: Tinkaton
|-supereffective|p2a: Tinkaton
|-damage|p2a: Tinkaton|63/100 par
|-unboost|p2a: Tinkaton|spa|1
|
|upkeep
|turn|8
|
|t:|1781547462
|switch|p1a: Great Tusk|Great Tusk|84/100
|move|p2a: Tinkaton|Gigaton Hammer|p1a: Great Tusk
|-damage|p1a: Great Tusk|50/100
|
|upkeep
|turn|9
|
|t:|1781547466
|switch|p2a: Tornadus|Tornadus-Therian, M|100/100
|move|p1a: Great Tusk|Headlong Rush|p2a: Tornadus
|-immune|p2a: Tornadus
|
|upkeep
|turn|10
|
|t:|1781547469
|-end|p1a: Great Tusk|Protosynthesis|[silent]
|switch|p1a: Zapdos|Zapdos|100/100
|move|p2a: Tornadus|Bleakwind Storm|p1a: Zapdos
|-resisted|p1a: Zapdos
|-damage|p1a: Zapdos|83/100
|-unboost|p1a: Zapdos|spe|1
|
|upkeep
|turn|11
|
|t:|1781547477
|switch|p2a: Great Tusk|Great Tusk|100/100
|move|p1a: Zapdos|Volt Switch|p2a: Great Tusk
|-immune|p2a: Great Tusk
|
|upkeep
|turn|12
|
|t:|1781547480
|move|p2a: Great Tusk|Knock Off|p1a: Zapdos
|-damage|p1a: Zapdos|62/100
|-enditem|p1a: Zapdos|Heavy-Duty Boots|[from] move: Knock Off|[of] p2a: Great Tusk
|move|p1a: Zapdos|Hurricane|p2a: Great Tusk|[miss]
|-miss|p1a: Zapdos|p2a: Great Tusk
|
|upkeep
|turn|13
|
|t:|1781547485
|move|p2a: Great Tusk|Ice Spinner|p1a: Zapdos
|-supereffective|p1a: Zapdos
|-damage|p1a: Zapdos|28/100
|-status|p2a: Great Tusk|par|[from] ability: Static|[of] p1a: Zapdos
|move|p1a: Zapdos|Hurricane|p2a: Great Tusk|[miss]
|-miss|p1a: Zapdos|p2a: Great Tusk
|
|upkeep
|turn|14
|
|t:|1781547488
|move|p1a: Zapdos|Roost|p1a: Zapdos
|-heal|p1a: Zapdos|78/100
|-singleturn|p1a: Zapdos|move: Roost
|move|p2a: Great Tusk|Ice Spinner|p1a: Zapdos
|-damage|p1a: Zapdos|61/100
|
|upkeep
|turn|15
|
|t:|1781547493
|move|p1a: Zapdos|Hurricane|p2a: Great Tusk
|-supereffective|p2a: Great Tusk
|-damage|p2a: Great Tusk|52/100 par
|-start|p2a: Great Tusk|confusion
|-activate|p2a: Great Tusk|confusion
|-damage|p2a: Great Tusk|45/100 par|[from] confusion
|
|upkeep
|turn|16
|
|t:|1781547506
|-end|p2a: Great Tusk|Protosynthesis|[silent]
|switch|p2a: Kyurem|Kyurem|54/100
|-ability|p2a: Kyurem|Pressure
|move|p1a: Zapdos|Roost|p1a: Zapdos
|-heal|p1a: Zapdos|100/100
|-singleturn|p1a: Zapdos|move: Roost
|
|upkeep
|turn|17
|
|t:|1781547516
|switch|p1a: Hatterene|Hatterene, F|80/100
|move|p2a: Kyurem|Freeze-Dry|p1a: Hatterene
|-damage|p1a: Hatterene|45/100
|
|upkeep
|turn|18
|
|t:|1781547521
|switch|p2a: Alomomola|Alomomola, M|100/100
|move|p1a: Hatterene|Draining Kiss|p2a: Alomomola
|-damage|p2a: Alomomola|71/100
|-heal|p1a: Hatterene|83/100|[from] drain|[of] p2a: Alomomola
|-damage|p1a: Hatterene|66/100|[from] item: Rocky Helmet|[of] p2a: Alomomola
|
|upkeep
|turn|19
|
|t:|1781547530
|move|p2a: Alomomola|Flip Turn|p1a: Hatterene
|-damage|p1a: Hatterene|49/100
|
|t:|1781547533
|switch|p2a: Tinkaton|Tinkaton, F|63/100 par|[from] Flip Turn
|move|p1a: Hatterene|Draining Kiss|p2a: Tinkaton
|-resisted|p2a: Tinkaton
|-damage|p2a: Tinkaton|55/100 par
|-heal|p1a: Hatterene|56/100|[from] drain|[of] p2a: Tinkaton
|
|upkeep
|turn|20
|
|t:|1781547539
|switch|p1a: Great Tusk|Great Tusk|50/100
|move|p2a: Tinkaton|Gigaton Hammer|p1a: Great Tusk
|-damage|p1a: Great Tusk|18/100
|
|upkeep
|turn|21
|
|t:|1781547548
|switch|p2a: Alomomola|Alomomola, M|100/100
|move|p1a: Great Tusk|Rapid Spin|p2a: Alomomola
|-damage|p2a: Alomomola|90/100
|-boost|p1a: Great Tusk|spe|1
|-damage|p1a: Great Tusk|2/100|[from] item: Rocky Helmet|[of] p2a: Alomomola
|
|upkeep
|turn|22
|
|t:|1781547553
|switch|p2a: Hatterene|Hatterene, F|50/100
|move|p1a: Great Tusk|Stealth Rock|p2a: Hatterene
|move|p2a: Hatterene|Stealth Rock|p1a: Great Tusk|[from] ability: Magic Bounce
|-sidestart|p1: funnygames(1997)|move: Stealth Rock
|
|upkeep
|turn|23
|
|t:|1781547561
|move|p1a: Great Tusk|Rapid Spin|p2a: Hatterene
|-damage|p2a: Hatterene|36/100
|-boost|p1a: Great Tusk|spe|1
|-damage|p1a: Great Tusk|0 fnt|[from] item: Rocky Helmet|[of] p2a: Hatterene
|faint|p1a: Great Tusk
|-end|p1a: Great Tusk|Protosynthesis|[silent]
|move|p2a: Hatterene|Draining Kiss|p1: Great Tusk|[notarget]
|-fail|p2a: Hatterene
|
|upkeep
|
|t:|1781547570
|switch|p1a: Ogerpon|Ogerpon-Wellspring, F|100/100
|-damage|p1a: Ogerpon|88/100|[from] Stealth Rock
|turn|24
|
|t:|1781547575
|switch|p2a: Tornadus|Tornadus-Therian, M|100/100
|move|p1a: Ogerpon|Ivy Cudgel|p2a: Tornadus|[anim] Ivy Cudgel Water
|-damage|p2a: Tornadus|28/100
|
|upkeep
|turn|25
|
|t:|1781547583
|-terastallize|p1a: Ogerpon|Water
|detailschange|p1a: Ogerpon|Ogerpon-Wellspring-Tera, F, tera:Water
|-ability|p1a: Ogerpon|Embody Aspect (Wellspring)|boost
|-boost|p1a: Ogerpon|spd|1
|move|p2a: Tornadus|U-turn|p1a: Ogerpon
|-damage|p1a: Ogerpon|69/100
|
|t:|1781547591
|switch|p2a: Hatterene|Hatterene, F|36/100|[from] U-turn
|move|p1a: Ogerpon|Ivy Cudgel|p2a: Hatterene|[anim] Ivy Cudgel Water
|-damage|p2a: Hatterene|0 fnt
|faint|p2a: Hatterene
|
|upkeep
|
|t:|1781547593
|switch|p2a: Alomomola|Alomomola, M|100/100
|turn|26
|
|t:|1781547602
|-terastallize|p2a: Alomomola|Poison
|move|p1a: Ogerpon|Horn Leech|p2a: Alomomola
|-resisted|p2a: Alomomola
|-damage|p2a: Alomomola|88/100
|-heal|p1a: Ogerpon|81/100|[from] drain|[of] p2a: Alomomola
|-damage|p1a: Ogerpon|64/100|[from] item: Rocky Helmet|[of] p2a: Alomomola
|move|p2a: Alomomola|Wish|p2a: Alomomola
|
|upkeep
|turn|27
|
|t:|1781547606
|move|p1a: Ogerpon|Encore|p2a: Alomomola
|-start|p2a: Alomomola|Encore
|move|p2a: Alomomola|Wish||[still]
|-fail|p2a: Alomomola
|
|-heal|p2a: Alomomola|100/100|[from] move: Wish|[wisher] Alomomola
|upkeep
|turn|28
|
|t:|1781547609
|move|p1a: Ogerpon|Swords Dance|p1a: Ogerpon
|-boost|p1a: Ogerpon|atk|2
|move|p2a: Alomomola|Wish|p2a: Alomomola
|
|upkeep
|turn|29
|
|t:|1781547616
|switch|p2a: Kyurem|Kyurem|54/100
|-ability|p2a: Kyurem|Pressure
|move|p1a: Ogerpon|Swords Dance|p1a: Ogerpon
|-boost|p1a: Ogerpon|atk|2
|
|-heal|p2a: Kyurem|100/100|[from] move: Wish|[wisher] Alomomola
|upkeep
|turn|30
|
|t:|1781547621
|move|p1a: Ogerpon|Ivy Cudgel|p2a: Kyurem|[anim] Ivy Cudgel Water
|-resisted|p2a: Kyurem
|-crit|p2a: Kyurem
|-damage|p2a: Kyurem|0 fnt
|faint|p2a: Kyurem
|
|upkeep
|
|t:|1781547632
|switch|p2a: Tornadus|Tornadus-Therian, M|61/100
|turn|31
|
|t:|1781547641
|move|p2a: Tornadus|Bleakwind Storm|p1a: Ogerpon
|-damage|p1a: Ogerpon|34/100
|move|p1a: Ogerpon|Ivy Cudgel|p2a: Tornadus|[anim] Ivy Cudgel Water
|-damage|p2a: Tornadus|0 fnt
|faint|p2a: Tornadus
|
|upkeep
|
|t:|1781547645
|switch|p2a: Tinkaton|Tinkaton, F|55/100 par
|turn|32
|
|t:|1781547647
|move|p1a: Ogerpon|Ivy Cudgel|p2a: Tinkaton|[anim] Ivy Cudgel Water
|-damage|p2a: Tinkaton|0 fnt
|faint|p2a: Tinkaton
|
|upkeep
|
|t:|1781547650
|switch|p2a: Alomomola|Alomomola, M, tera:Poison|100/100
|turn|33
|
|t:|1781547652
|move|p1a: Ogerpon|Ivy Cudgel|p2a: Alomomola|[anim] Ivy Cudgel Water
|-damage|p2a: Alomomola|0 fnt
|faint|p2a: Alomomola
|
|upkeep
|
|t:|1781547655
|switch|p2a: Great Tusk|Great Tusk|45/100 par
|turn|34
|
|t:|1781547656
|move|p1a: Ogerpon|Horn Leech|p2a: Great Tusk
|-supereffective|p2a: Great Tusk
|-damage|p2a: Great Tusk|0 fnt
|-heal|p1a: Ogerpon|66/100|[from] drain|[of] p2a: Great Tusk
|faint|p2a: Great Tusk
|-end|p2a: Great Tusk|Protosynthesis|[silent]
|
|win|funnygames(1997)
|raw|funnygames(1997)'s rating: 1637 &rarr; <strong>1657</strong><br />(+20 for winning)
|raw|Vernita's rating: 1640 &rarr; <strong>1620</strong><br />(-20 for losing)
|l|☆funnygames(1997)
|player|p1|
|l|☆Vernita
|player|p2|
