|j|☆manabi.portoviejo
|j|☆Steez Ibanez
|t:|1781097537
|gametype|singles
|player|p1|manabi.portoviejo|1|1719
|player|p2|Steez Ibanez|willow-casual|1799
|gen|9
|tier|[Gen 9] OU
|rated|
|rule|HP Percentage Mod: HP is shown in percentages
|rule|Endless Battle Clause: Forcing endless battles is banned
|rule|Species Clause: Limit one of each Pokémon
|rule|OHKO Clause: OHKO moves are banned
|rule|Evasion Items Clause: Evasion items are banned
|rule|Evasion Moves Clause: Evasion moves are banned
|rule|Evasion Abilities Clause: Evasion abilities are banned
|rule|Sleep Moves Clause: Sleep-inducing moves are banned
|clearpoke
|poke|p1|Hoopa-Unbound|
|poke|p1|Hawlucha, F|
|poke|p1|Hatterene, F|
|poke|p1|Iron Crown|
|poke|p1|Indeedee-F, F|
|poke|p1|Cloyster, M|
|poke|p2|Garganacl, M|
|poke|p2|Landorus-Therian, M|
|poke|p2|Weezing-Galar, M|
|poke|p2|Dragapult, M|
|poke|p2|Hoopa-Unbound|
|poke|p2|Scizor, M|
|teampreview
|inactive|Battle timer is ON: inactive players will automatically lose when time's up. (requested by manabi.portoviejo)
|j| nesnot
|
|t:|1781097547
|teamsize|p1|6
|teamsize|p2|6
|start
|switch|p1a: Indeedee|Indeedee-F, F|100/100
|switch|p2a: Dragapult|Dragapult, M|100/100
|-fieldstart|move: Psychic Terrain|[from] ability: Psychic Surge|[of] p1a: Indeedee
|turn|1
|inactive|Steez Ibanez has 120 seconds left.
|
|t:|1781097606
|switch|p1a: Hatterene|Hatterene, F|100/100
|move|p2a: Dragapult|U-turn|p1a: Hatterene
|-damage|p1a: Hatterene|82/100
|-enditem|p1a: Hatterene|Eject Button
|
|t:|1781097619
|switch|p1a: Iron Crown|Iron Crown|100/100
|-enditem|p1a: Iron Crown|Booster Energy
|-activate|p1a: Iron Crown|ability: Quark Drive|[fromitem]
|-start|p1a: Iron Crown|quarkdrivespa
|
|upkeep
|turn|2
|j| isaac_gam3r
|
|t:|1781097627
|move|p2a: Dragapult|U-turn|p1a: Iron Crown
|-damage|p1a: Iron Crown|84/100
|
|t:|1781097630
|switch|p2a: Scizor|Scizor, M|100/100|[from] U-turn
|move|p1a: Iron Crown|Agility|p1a: Iron Crown
|-boost|p1a: Iron Crown|spe|2
|
|upkeep
|turn|3
|
|t:|1781097638
|move|p1a: Iron Crown|Expanding Force|p2a: Scizor
|-resisted|p2a: Scizor
|-damage|p2a: Scizor|23/100
|move|p2a: Scizor|U-turn|p1a: Iron Crown
|-damage|p1a: Iron Crown|33/100
|inactive|Steez Ibanez has 120 seconds left.
|
|t:|1781097646
|switch|p2a: Garganacl|Garganacl, M|100/100|[from] U-turn
|
|upkeep
|turn|4
|
|t:|1781097651
|-terastallize|p2a: Garganacl|Water
|move|p1a: Iron Crown|Expanding Force|p2a: Garganacl
|-damage|p2a: Garganacl|23/100
|move|p2a: Garganacl|Salt Cure|p1a: Iron Crown
|-resisted|p1a: Iron Crown
|-damage|p1a: Iron Crown|28/100
|-start|p1a: Iron Crown|Salt Cure
|
|-heal|p2a: Garganacl|29/100|[from] item: Leftovers
|-damage|p1a: Iron Crown|3/100|[from] Salt Cure
|upkeep
|turn|5
|j| choispecs ironmoth
|
|t:|1781097664
|-end|p1a: Iron Crown|Quark Drive|[silent]
|switch|p1a: Hatterene|Hatterene, F|82/100
|move|p2a: Garganacl|Protect||[still]
|-fail|p2a: Garganacl
|
|-heal|p2a: Garganacl|35/100|[from] item: Leftovers
|upkeep
|turn|6
|j| baibaiats
|j| RaynningOutside
|
|t:|1781097678
|move|p2a: Garganacl|Protect|p2a: Garganacl
|-singleturn|p2a: Garganacl|Protect
|move|p1a: Hatterene|Expanding Force|p2a: Garganacl
|-activate|p2a: Garganacl|move: Protect
|
|-heal|p2a: Garganacl|42/100|[from] item: Leftovers
|upkeep
|turn|7
|
|t:|1781097684
|move|p2a: Garganacl|Salt Cure|p1a: Hatterene
|-damage|p1a: Hatterene|66/100
|-start|p1a: Hatterene|Salt Cure
|move|p1a: Hatterene|Trick Room|p1a: Hatterene
|-fieldstart|move: Trick Room|[of] p1a: Hatterene
|
|-heal|p2a: Garganacl|48/100|[from] item: Leftovers
|-damage|p1a: Hatterene|53/100|[from] Salt Cure
|upkeep
|turn|8
|
|t:|1781097692
|switch|p1a: Hoopa|Hoopa-Unbound|100/100
|move|p2a: Garganacl|Protect||[still]
|-fail|p2a: Garganacl
|
|-heal|p2a: Garganacl|54/100|[from] item: Leftovers
|-fieldend|move: Psychic Terrain
|upkeep
|turn|9
|
|t:|1781097695
|move|p2a: Garganacl|Stealth Rock|p1a: Hoopa
|-sidestart|p1: manabi.portoviejo|move: Stealth Rock
|move|p1a: Hoopa|Hyperspace Fury|p2a: Garganacl
|-damage|p2a: Garganacl|15/100
|-unboost|p1a: Hoopa|def|1
|
|-heal|p2a: Garganacl|21/100|[from] item: Leftovers
|upkeep
|turn|10
|
|t:|1781097709
|move|p2a: Garganacl|Recover|p2a: Garganacl
|-heal|p2a: Garganacl|71/100
|move|p1a: Hoopa|Expanding Force|p2a: Garganacl
|-damage|p2a: Garganacl|39/100
|
|-heal|p2a: Garganacl|45/100|[from] item: Leftovers
|upkeep
|turn|11
|
|t:|1781097717
|move|p2a: Garganacl|Recover|p2a: Garganacl
|-heal|p2a: Garganacl|95/100
|move|p1a: Hoopa|Hyperspace Fury|p2a: Garganacl
|-damage|p2a: Garganacl|56/100
|-unboost|p1a: Hoopa|def|1
|
|-heal|p2a: Garganacl|63/100|[from] item: Leftovers
|-fieldend|move: Trick Room
|upkeep
|turn|12
|l| baibaiats
|
|t:|1781097721
|switch|p1a: Indeedee|Indeedee-F, F|100/100
|-damage|p1a: Indeedee|88/100|[from] Stealth Rock
|-fieldstart|move: Psychic Terrain|[from] ability: Psychic Surge|[of] p1a: Indeedee
|move|p2a: Garganacl|Salt Cure|p1a: Indeedee
|-damage|p1a: Indeedee|70/100
|-start|p1a: Indeedee|Salt Cure
|
|-heal|p2a: Garganacl|69/100|[from] item: Leftovers
|-damage|p1a: Indeedee|57/100|[from] Salt Cure
|upkeep
|turn|13
|inactive|manabi.portoviejo has 120 seconds left.
|
|t:|1781097752
|move|p1a: Indeedee|Healing Wish|p1a: Indeedee
|faint|p1a: Indeedee
|move|p2a: Garganacl|Salt Cure|p1: Indeedee|[notarget]
|-fail|p2a: Garganacl
|
|-heal|p2a: Garganacl|75/100|[from] item: Leftovers
|upkeep
|
|t:|1781097754
|switch|p1a: Hawlucha|Hawlucha, F|100/100
|-damage|p1a: Hawlucha|88/100|[from] Stealth Rock
|-enditem|p1a: Hawlucha|Psychic Seed
|-boost|p1a: Hawlucha|spd|1|[from] item: Psychic Seed
|turn|14
|
|t:|1781097769
|move|p1a: Hawlucha|Taunt|p2a: Garganacl
|-start|p2a: Garganacl|move: Taunt
|move|p2a: Garganacl|Salt Cure|p1a: Hawlucha
|-damage|p1a: Hawlucha|71/100
|-start|p1a: Hawlucha|Salt Cure
|
|-heal|p2a: Garganacl|81/100|[from] item: Leftovers
|-damage|p1a: Hawlucha|59/100|[from] Salt Cure
|upkeep
|turn|15
|
|t:|1781097774
|switch|p2a: Landorus|Landorus-Therian, M|100/100
|-ability|p2a: Landorus|Intimidate|boost
|-unboost|p1a: Hawlucha|atk|1
|move|p1a: Hawlucha|Swords Dance|p1a: Hawlucha
|-boost|p1a: Hawlucha|atk|2
|
|-damage|p1a: Hawlucha|46/100|[from] Salt Cure
|upkeep
|turn|16
|
|t:|1781097779
|move|p1a: Hawlucha|Acrobatics|p2a: Landorus
|-damage|p2a: Landorus|9/100
|move|p2a: Landorus|U-turn|p1a: Hawlucha
|-resisted|p1a: Hawlucha
|-damage|p1a: Hawlucha|39/100
|
|t:|1781097781
|switch|p2a: Garganacl|Garganacl, M, tera:Water|81/100|[from] U-turn
|
|-heal|p2a: Garganacl|87/100|[from] item: Leftovers
|-damage|p1a: Hawlucha|26/100|[from] Salt Cure
|upkeep
|turn|17
|
|t:|1781097786
|move|p1a: Hawlucha|Drain Punch|p2a: Garganacl
|-damage|p2a: Garganacl|55/100
|-heal|p1a: Hawlucha|44/100|[from] drain|[of] p2a: Garganacl
|move|p2a: Garganacl|Salt Cure|p1a: Hawlucha
|-damage|p1a: Hawlucha|29/100
|
|-heal|p2a: Garganacl|61/100|[from] item: Leftovers
|-damage|p1a: Hawlucha|16/100|[from] Salt Cure
|upkeep
|turn|18
|
|t:|1781097790
|move|p1a: Hawlucha|Acrobatics|p2a: Garganacl
|-damage|p2a: Garganacl|12/100
|move|p2a: Garganacl|Recover|p2a: Garganacl
|-heal|p2a: Garganacl|62/100
|
|-heal|p2a: Garganacl|68/100|[from] item: Leftovers
|-damage|p1a: Hawlucha|4/100|[from] Salt Cure
|upkeep
|turn|19
|
|t:|1781097796
|move|p2a: Garganacl|Protect|p2a: Garganacl
|-singleturn|p2a: Garganacl|Protect
|move|p1a: Hawlucha|Acrobatics|p2a: Garganacl
|-activate|p2a: Garganacl|move: Protect
|
|-heal|p2a: Garganacl|74/100|[from] item: Leftovers
|-damage|p1a: Hawlucha|0 fnt|[from] Salt Cure
|faint|p1a: Hawlucha
|-fieldend|move: Psychic Terrain
|upkeep
|-message|manabi.portoviejo forfeited.
|
|win|Steez Ibanez
|raw|manabi.portoviejo's rating: 1719 &rarr; <strong>1702</strong><br />(-17 for losing)
|raw|Steez Ibanez's rating: 1774 &rarr; <strong>1791</strong><br />(+17 for winning)
|l|☆manabi.portoviejo
|player|p1|
|l|☆Steez Ibanez
|player|p2|
|l| isaac_gam3r
|l| nesnot
|l| RaynningOutside
