|j|☆rekjllj
|j|☆c u soon boi
|t:|1781274112
|gametype|singles
|player|p1|rekjllj|169|1668
|player|p2|c u soon boi|101|1719
|gen|9
|tier|[Gen 9] OU
|rated|
|rule|HP Percentage Mod: HP is shown in percentages
|rule|Endless Battle Clause: Forcing endless battles is banned
|rule|Species Clause: Limit one of each Pokémon
|rule|OHKO Clause: OHKO moves are banned
|rule|Evasion Items Clause: Evasion items are banned
|rule|Evasion Moves Clause: Evasion moves are banned
|rule|Evasion Abilities Clause: Evasion abilities are banned
|rule|Sleep Moves Clause: Sleep-inducing moves are banned
|clearpoke
|poke|p1|Kingambit, M|
|poke|p1|Kommo-o, M|
|poke|p1|Iron Valiant|
|poke|p1|Kyurem|
|poke|p1|Iron Treads|
|poke|p1|Iron Crown|
|poke|p2|Rillaboom, M|
|poke|p2|Magnezone|
|poke|p2|Primarina, M|
|poke|p2|Iron Moth|
|poke|p2|Oricorio-Sensu, M|
|poke|p2|Great Tusk|
|teampreview
|
|t:|1781274120
|teamsize|p1|6
|teamsize|p2|6
|start
|switch|p1a: Kyurem|Kyurem|100/100
|switch|p2a: Iron Moth|Iron Moth|100/100
|-ability|p1a: Kyurem|Pressure
|turn|1
|c|☆rekjllj|hf
|inactive|Battle timer is ON: inactive players will automatically lose when time's up. (requested by rekjllj)
|
|t:|1781274132
|-end|p2a: Iron Moth|Quark Drive|[silent]
|switch|p2a: Primarina|Primarina, M|100/100
|move|p1a: Kyurem|Earth Power|p2a: Primarina
|-damage|p2a: Primarina|85/100
|
|upkeep
|turn|2
|
|t:|1781274140
|switch|p1a: Iron Crown|Iron Crown|100/100
|-enditem|p1a: Iron Crown|Booster Energy
|-activate|p1a: Iron Crown|ability: Quark Drive|[fromitem]
|-start|p1a: Iron Crown|quarkdrivespe
|move|p2a: Primarina|Flip Turn|p1a: Iron Crown
|-damage|p1a: Iron Crown|87/100
|
|t:|1781274162
|switch|p2a: Oricorio|Oricorio-Sensu, M|100/100|[from] Flip Turn
|
|upkeep
|turn|3
|
|t:|1781274168
|move|p1a: Iron Crown|Calm Mind|p1a: Iron Crown
|-boost|p1a: Iron Crown|spa|1
|-boost|p1a: Iron Crown|spd|1
|move|p2a: Oricorio|Revelation Dance|p1a: Iron Crown
|-supereffective|p1a: Iron Crown
|-damage|p1a: Iron Crown|52/100
|
|upkeep
|turn|4
|
|t:|1781274177
|move|p1a: Iron Crown|Tachyon Cutter|p2a: Oricorio
|-damage|p2a: Oricorio|59/100
|-damage|p2a: Oricorio|9/100
|-hitcount|p2a: Oricorio|2
|move|p2a: Oricorio|Revelation Dance|p1a: Iron Crown
|-supereffective|p1a: Iron Crown
|-damage|p1a: Iron Crown|13/100
|
|upkeep
|turn|5
|
|t:|1781274187
|move|p1a: Iron Crown|Tachyon Cutter|p2a: Oricorio
|-damage|p2a: Oricorio|0 fnt
|faint|p2a: Oricorio
|-hitcount|p2: Oricorio|1
|
|upkeep
|
|t:|1781274193
|switch|p2a: Rillaboom|Rillaboom, M|100/100
|turn|6
|
|t:|1781274198
|move|p1a: Iron Crown|Tachyon Cutter|p2a: Rillaboom
|-damage|p2a: Rillaboom|56/100
|-damage|p2a: Rillaboom|14/100
|-hitcount|p2a: Rillaboom|2
|move|p2a: Rillaboom|U-turn|p1a: Iron Crown
|-damage|p1a: Iron Crown|0 fnt
|faint|p1a: Iron Crown
|-end|p1a: Iron Crown|Quark Drive|[silent]
|
|t:|1781274220
|switch|p2a: Primarina|Primarina, M|85/100|[from] U-turn
|
|upkeep
|
|t:|1781274226
|switch|p1a: Kingambit|Kingambit, M|100/100
|-activate|p1a: Kingambit|ability: Supreme Overlord
|-start|p1a: Kingambit|fallen1|[silent]
|turn|7
|
|t:|1781274233
|switch|p2a: Great Tusk|Great Tusk|100/100
|move|p1a: Kingambit|Iron Head|p2a: Great Tusk
|-crit|p2a: Great Tusk
|-damage|p2a: Great Tusk|66/100
|
|upkeep
|turn|8
|
|t:|1781274241
|-end|p1a: Kingambit|fallen1|[silent]
|switch|p1a: Kyurem|Kyurem|100/100
|-ability|p1a: Kyurem|Pressure
|move|p2a: Great Tusk|Stealth Rock|p1a: Kyurem
|-sidestart|p1: rekjllj|move: Stealth Rock
|
|upkeep
|turn|9
|
|t:|1781274249
|-end|p2a: Great Tusk|Protosynthesis|[silent]
|switch|p2a: Rillaboom|Rillaboom, M|14/100
|move|p1a: Kyurem|Icicle Spear|p2a: Rillaboom
|-supereffective|p2a: Rillaboom
|-damage|p2a: Rillaboom|0 fnt
|faint|p2a: Rillaboom
|-hitcount|p2: Rillaboom|1
|
|upkeep
|
|t:|1781274257
|switch|p2a: Primarina|Primarina, M|85/100
|turn|10
|
|t:|1781274263
|move|p1a: Kyurem|Icicle Spear|p2a: Primarina
|-resisted|p2a: Primarina
|-damage|p2a: Primarina|77/100
|-resisted|p2a: Primarina
|-damage|p2a: Primarina|69/100
|-resisted|p2a: Primarina
|-damage|p2a: Primarina|61/100
|-resisted|p2a: Primarina
|-damage|p2a: Primarina|54/100
|-resisted|p2a: Primarina
|-damage|p2a: Primarina|46/100
|-hitcount|p2a: Primarina|5
|move|p2a: Primarina|Moonblast|p1a: Kyurem
|-supereffective|p1a: Kyurem
|-damage|p1a: Kyurem|0 fnt
|faint|p1a: Kyurem
|
|upkeep
|
|t:|1781274269
|switch|p1a: Kingambit|Kingambit, M|100/100
|-damage|p1a: Kingambit|94/100|[from] Stealth Rock
|-activate|p1a: Kingambit|ability: Supreme Overlord
|-start|p1a: Kingambit|fallen2|[silent]
|turn|11
|j| grandma lee
|
|t:|1781274282
|switch|p2a: Great Tusk|Great Tusk|66/100
|move|p1a: Kingambit|Swords Dance|p1a: Kingambit
|-boost|p1a: Kingambit|atk|2
|
|-heal|p1a: Kingambit|100/100|[from] item: Leftovers
|upkeep
|turn|12
|
|t:|1781274290
|-terastallize|p1a: Kingambit|Ghost
|move|p2a: Great Tusk|Headlong Rush|p1a: Kingambit
|-damage|p1a: Kingambit|52/100
|-unboost|p2a: Great Tusk|def|1
|-unboost|p2a: Great Tusk|spd|1
|move|p1a: Kingambit|Swords Dance|p1a: Kingambit
|-boost|p1a: Kingambit|atk|2
|
|-heal|p1a: Kingambit|58/100|[from] item: Leftovers
|upkeep
|turn|13
|
|t:|1781274310
|move|p2a: Great Tusk|Headlong Rush|p1a: Kingambit
|-crit|p1a: Kingambit
|-damage|p1a: Kingambit|0 fnt
|-unboost|p2a: Great Tusk|def|1
|-unboost|p2a: Great Tusk|spd|1
|faint|p1a: Kingambit
|-end|p1a: Kingambit|fallen2|[silent]
|
|upkeep
|
|t:|1781274316
|switch|p1a: Iron Treads|Iron Treads|100/100
|-damage|p1a: Iron Treads|98/100|[from] Stealth Rock
|-enditem|p1a: Iron Treads|Booster Energy
|-activate|p1a: Iron Treads|ability: Quark Drive|[fromitem]
|-start|p1a: Iron Treads|quarkdrivespe
|turn|14
|
|t:|1781274324
|move|p1a: Iron Treads|Earthquake|p2a: Great Tusk
|-damage|p2a: Great Tusk|28/100
|move|p2a: Great Tusk|Headlong Rush|p1a: Iron Treads
|-supereffective|p1a: Iron Treads
|-damage|p1a: Iron Treads|17/100
|-unboost|p2a: Great Tusk|def|1
|-unboost|p2a: Great Tusk|spd|1
|
|upkeep
|turn|15
|
|t:|1781274335
|move|p1a: Iron Treads|Earthquake|p2a: Great Tusk
|-crit|p2a: Great Tusk
|-damage|p2a: Great Tusk|0 fnt
|faint|p2a: Great Tusk
|-end|p2a: Great Tusk|Protosynthesis|[silent]
|
|upkeep
|
|t:|1781274341
|switch|p2a: Magnezone|Magnezone|100/100
|-item|p2a: Magnezone|Air Balloon
|turn|16
|
|t:|1781274360
|move|p1a: Iron Treads|Endeavor|p2a: Magnezone
|-damage|p2a: Magnezone|23/100
|-enditem|p2a: Magnezone|Air Balloon
|move|p2a: Magnezone|Body Press|p1a: Iron Treads
|-supereffective|p1a: Iron Treads
|-damage|p1a: Iron Treads|0 fnt
|faint|p1a: Iron Treads
|-end|p1a: Iron Treads|Quark Drive|[silent]
|
|upkeep
|
|t:|1781274369
|switch|p1a: Kommo-o|Kommo-o, M|100/100
|-damage|p1a: Kommo-o|94/100|[from] Stealth Rock
|turn|17
|
|t:|1781274375
|switch|p2a: Primarina|Primarina, M|46/100
|move|p1a: Kommo-o|Substitute|p1a: Kommo-o
|-start|p1a: Kommo-o|Substitute
|-damage|p1a: Kommo-o|69/100
|
|-heal|p1a: Kommo-o|75/100|[from] item: Leftovers
|upkeep
|turn|18
|
|t:|1781274386
|move|p1a: Kommo-o|Shadow Claw|p2a: Primarina
|-damage|p2a: Primarina|25/100
|move|p2a: Primarina|Draining Kiss|p1a: Kommo-o
|-supereffective|p1a: Kommo-o
|-end|p1a: Kommo-o|Substitute
|-heal|p2a: Primarina|43/100|[from] drain|[of] p1a: Kommo-o
|
|-heal|p1a: Kommo-o|82/100|[from] item: Leftovers
|upkeep
|turn|19
|
|t:|1781274397
|move|p1a: Kommo-o|Substitute|p1a: Kommo-o
|-start|p1a: Kommo-o|Substitute
|-damage|p1a: Kommo-o|57/100
|move|p2a: Primarina|Draining Kiss|p1a: Kommo-o
|-supereffective|p1a: Kommo-o
|-end|p1a: Kommo-o|Substitute
|-heal|p2a: Primarina|61/100|[from] drain|[of] p1a: Kommo-o
|
|-heal|p1a: Kommo-o|63/100|[from] item: Leftovers
|upkeep
|turn|20
|
|t:|1781274406
|move|p1a: Kommo-o|Substitute|p1a: Kommo-o
|-start|p1a: Kommo-o|Substitute
|-damage|p1a: Kommo-o|38/100
|move|p2a: Primarina|Draining Kiss|p1a: Kommo-o
|-supereffective|p1a: Kommo-o
|-end|p1a: Kommo-o|Substitute
|-heal|p2a: Primarina|80/100|[from] drain|[of] p1a: Kommo-o
|
|-heal|p1a: Kommo-o|44/100|[from] item: Leftovers
|upkeep
|turn|21
|
|t:|1781274416
|switch|p1a: Iron Valiant|Iron Valiant|100/100
|-damage|p1a: Iron Valiant|94/100|[from] Stealth Rock
|-enditem|p1a: Iron Valiant|Booster Energy
|-activate|p1a: Iron Valiant|ability: Quark Drive|[fromitem]
|-start|p1a: Iron Valiant|quarkdrivespe
|move|p2a: Primarina|Draining Kiss|p1a: Iron Valiant
|-supereffective|p1a: Iron Valiant
|-damage|p1a: Iron Valiant|0 fnt
|-heal|p2a: Primarina|100/100|[from] drain|[of] p1a: Iron Valiant
|faint|p1a: Iron Valiant
|-end|p1a: Iron Valiant|Quark Drive|[silent]
|
|upkeep
|
|t:|1781274420
|switch|p1a: Kommo-o|Kommo-o, M|44/100
|-damage|p1a: Kommo-o|38/100|[from] Stealth Rock
|turn|22
|
|t:|1781274432
|move|p1a: Kommo-o|Substitute|p1a: Kommo-o
|-start|p1a: Kommo-o|Substitute
|-damage|p1a: Kommo-o|13/100
|move|p2a: Primarina|Draining Kiss|p1a: Kommo-o
|-supereffective|p1a: Kommo-o
|-end|p1a: Kommo-o|Substitute
|
|-heal|p1a: Kommo-o|19/100|[from] item: Leftovers
|upkeep
|turn|23
|
|t:|1781274441
|-terastallize|p2a: Primarina|Water
|move|p1a: Kommo-o|Substitute|p1a: Kommo-o
|-fail|p1a: Kommo-o|move: Substitute|[weak]
|move|p2a: Primarina|Moonblast|p1a: Kommo-o
|-supereffective|p1a: Kommo-o
|-damage|p1a: Kommo-o|0 fnt
|faint|p1a: Kommo-o
|
|win|c u soon boi
|raw|rekjllj's rating: 1668 &rarr; <strong>1651</strong><br />(-17 for losing)
|raw|c u soon boi's rating: 1719 &rarr; <strong>1736</strong><br />(+17 for winning)
|c|☆rekjllj|gg
|l|☆rekjllj
|player|p1|
|l|☆c u soon boi
|player|p2|
|l| grandma lee
