|j|☆Pig Perfect
|j|☆lolcano46
|t:|1781584875
|gametype|singles
|player|p1|Pig Perfect|workerice|1626
|player|p2|lolcano46|fisherman-gen4|1565
|gen|9
|tier|[Gen 9] OU
|rated|
|rule|HP Percentage Mod: HP is shown in percentages
|rule|Endless Battle Clause: Forcing endless battles is banned
|rule|Species Clause: Limit one of each Pokémon
|rule|OHKO Clause: OHKO moves are banned
|rule|Evasion Items Clause: Evasion items are banned
|rule|Evasion Moves Clause: Evasion moves are banned
|rule|Evasion Abilities Clause: Evasion abilities are banned
|rule|Sleep Moves Clause: Sleep-inducing moves are banned
|clearpoke
|poke|p1|Great Tusk|
|poke|p1|Hatterene, F|
|poke|p1|Heatran, M|
|poke|p1|Ninetales, M|
|poke|p1|Slither Wing|
|poke|p1|Walking Wake|
|poke|p2|Azelf|
|poke|p2|Ogerpon-Wellspring, F|
|poke|p2|Scizor, M|
|poke|p2|Gengar, M|
|poke|p2|Raging Bolt|
|poke|p2|Cinderace, M|
|teampreview
|inactive|Battle timer is ON: inactive players will automatically lose when time's up. (requested by lolcano46)
|
|t:|1781584883
|teamsize|p1|6
|teamsize|p2|6
|start
|switch|p1a: Trash Man|Great Tusk|100/100
|switch|p2a: Gengar|Gengar, M|100/100
|turn|1
|j| pls game
|
|t:|1781584892
|move|p2a: Gengar|Shadow Ball|p1a: Trash Man
|-damage|p1a: Trash Man|70/100
|move|p1a: Trash Man|Knock Off|p2a: Gengar
|-supereffective|p2a: Gengar
|-damage|p2a: Gengar|0 fnt
|-enditem|p2a: Gengar|Choice Scarf|[from] move: Knock Off|[of] p1a: Trash Man
|faint|p2a: Gengar
|
|upkeep
|
|t:|1781584897
|switch|p2a: Azelf|Azelf|100/100
|turn|2
|
|t:|1781584904
|-end|p1a: Trash Man|Protosynthesis|[silent]
|switch|p1a: Witches Wish|Hatterene, F|100/100
|move|p2a: Azelf|Mystical Power|p1a: Witches Wish
|-resisted|p1a: Witches Wish
|-damage|p1a: Witches Wish|82/100
|-boost|p2a: Azelf|spa|1
|-enditem|p1a: Witches Wish|Eject Button
|
|t:|1781584907
|switch|p1a: Touch Me I’m Sick|Slither Wing|100/100
|
|upkeep
|turn|3
|
|t:|1781584914
|-end|p1a: Touch Me I’m Sick|Protosynthesis|[silent]
|switch|p1a: Look Both Ways|Ninetales, M|100/100
|-weather|SunnyDay|[from] ability: Drought|[of] p1a: Look Both Ways
|-terastallize|p2a: Azelf|Fairy
|move|p2a: Azelf|Dazzling Gleam|p1a: Look Both Ways
|-resisted|p1a: Look Both Ways
|-damage|p1a: Look Both Ways|73/100
|
|-weather|SunnyDay|[upkeep]
|upkeep
|turn|4
|
|t:|1781584928
|switch|p1a: Witches Wish|Hatterene, F|82/100
|move|p2a: Azelf|Mystical Power|p1a: Witches Wish
|-resisted|p1a: Witches Wish
|-damage|p1a: Witches Wish|55/100
|-boost|p2a: Azelf|spa|1
|
|-weather|SunnyDay|[upkeep]
|upkeep
|turn|5
|
|t:|1781584943
|move|p2a: Azelf|Dazzling Gleam|p1a: Witches Wish
|-damage|p1a: Witches Wish|0 fnt
|faint|p1a: Witches Wish
|
|-weather|SunnyDay|[upkeep]
|upkeep
|
|t:|1781584949
|switch|p1a: Tyranna Seesaur|Walking Wake|100/100
|-activate|p1a: Tyranna Seesaur|ability: Protosynthesis
|-start|p1a: Tyranna Seesaur|protosynthesisspe
|turn|6
|
|t:|1781584954
|switch|p2a: Ogerpon|Ogerpon-Wellspring, F|100/100
|move|p1a: Tyranna Seesaur|Hydro Steam|p2a: Ogerpon
|-immune|p2a: Ogerpon|[from] ability: Water Absorb
|
|-weather|SunnyDay|[upkeep]
|upkeep
|turn|7
|
|t:|1781584959
|-end|p1a: Tyranna Seesaur|Protosynthesis|[silent]
|switch|p1a: Touch Me I’m Sick|Slither Wing|100/100
|-activate|p1a: Touch Me I’m Sick|ability: Protosynthesis
|-start|p1a: Touch Me I’m Sick|protosynthesisatk
|move|p2a: Ogerpon|Play Rough|p1a: Touch Me I’m Sick
|-supereffective|p1a: Touch Me I’m Sick
|-damage|p1a: Touch Me I’m Sick|44/100
|-damage|p2a: Ogerpon|84/100|[from] item: Rocky Helmet|[of] p1a: Touch Me I’m Sick
|
|-weather|SunnyDay|[upkeep]
|upkeep
|turn|8
|
|t:|1781584964
|switch|p2a: Azelf|Azelf, tera:Fairy|100/100
|move|p1a: Touch Me I’m Sick|First Impression|p2a: Azelf
|-resisted|p2a: Azelf
|-damage|p2a: Azelf|55/100
|
|-weather|SunnyDay|[upkeep]
|upkeep
|turn|9
|
|t:|1781584971
|-end|p1a: Touch Me I’m Sick|Protosynthesis|[silent]
|switch|p1a: Gimme Shelter|Heatran, M|100/100
|-item|p1a: Gimme Shelter|Air Balloon
|move|p2a: Azelf|Mystical Power|p1a: Gimme Shelter
|-resisted|p1a: Gimme Shelter
|-damage|p1a: Gimme Shelter|81/100
|-boost|p2a: Azelf|spa|1
|-enditem|p1a: Gimme Shelter|Air Balloon
|
|-weather|SunnyDay|[upkeep]
|upkeep
|turn|10
|
|t:|1781584975
|move|p2a: Azelf|Thunderbolt|p1a: Gimme Shelter
|-damage|p1a: Gimme Shelter|39/100
|move|p1a: Gimme Shelter|Magma Storm|p2a: Azelf|[miss]
|-miss|p1a: Gimme Shelter|p2a: Azelf
|
|-weather|none
|upkeep
|turn|11
|
|t:|1781584980
|switch|p1a: Look Both Ways|Ninetales, M|73/100
|-weather|SunnyDay|[from] ability: Drought|[of] p1a: Look Both Ways
|move|p2a: Azelf|Thunderbolt|p1a: Look Both Ways
|-damage|p1a: Look Both Ways|27/100
|
|-weather|SunnyDay|[upkeep]
|upkeep
|turn|12
|
|t:|1781584987
|switch|p1a: Gimme Shelter|Heatran, M|39/100
|move|p2a: Azelf|Mystical Power|p1a: Gimme Shelter
|-resisted|p1a: Gimme Shelter
|-damage|p1a: Gimme Shelter|14/100
|-boost|p2a: Azelf|spa|1
|
|-weather|SunnyDay|[upkeep]
|upkeep
|turn|13
|
|t:|1781584989
|move|p2a: Azelf|Thunderbolt|p1a: Gimme Shelter
|-damage|p1a: Gimme Shelter|0 fnt
|faint|p1a: Gimme Shelter
|
|-weather|SunnyDay|[upkeep]
|upkeep
|
|t:|1781584998
|switch|p1a: Touch Me I’m Sick|Slither Wing|44/100
|-activate|p1a: Touch Me I’m Sick|ability: Protosynthesis
|-start|p1a: Touch Me I’m Sick|protosynthesisatk
|turn|14
|
|t:|1781585001
|move|p1a: Touch Me I’m Sick|First Impression|p2a: Azelf
|-resisted|p2a: Azelf
|-damage|p2a: Azelf|15/100
|move|p2a: Azelf|Flamethrower|p1a: Touch Me I’m Sick
|-supereffective|p1a: Touch Me I’m Sick
|-damage|p1a: Touch Me I’m Sick|0 fnt
|faint|p1a: Touch Me I’m Sick
|-end|p1a: Touch Me I’m Sick|Protosynthesis|[silent]
|
|-weather|SunnyDay|[upkeep]
|upkeep
|
|t:|1781585005
|switch|p1a: Tyranna Seesaur|Walking Wake|100/100
|-activate|p1a: Tyranna Seesaur|ability: Protosynthesis
|-start|p1a: Tyranna Seesaur|protosynthesisspe
|turn|15
|
|t:|1781585012
|move|p1a: Tyranna Seesaur|Flip Turn|p2a: Azelf
|-damage|p2a: Azelf|2/100
|
|t:|1781585017
|-end|p1a: Tyranna Seesaur|Protosynthesis|[silent]
|switch|p1a: Look Both Ways|Ninetales, M|27/100|[from] Flip Turn
|move|p2a: Azelf|Dazzling Gleam|p1a: Look Both Ways
|-resisted|p1a: Look Both Ways
|-damage|p1a: Look Both Ways|0 fnt
|faint|p1a: Look Both Ways
|
|-weather|SunnyDay|[upkeep]
|upkeep
|
|t:|1781585019
|switch|p1a: Tyranna Seesaur|Walking Wake|100/100
|-activate|p1a: Tyranna Seesaur|ability: Protosynthesis
|-start|p1a: Tyranna Seesaur|protosynthesisspe
|turn|16
|
|t:|1781585023
|switch|p2a: Ogerpon|Ogerpon-Wellspring, F|84/100
|move|p1a: Tyranna Seesaur|Flip Turn|p2a: Ogerpon
|-heal|p2a: Ogerpon|100/100|[from] ability: Water Absorb|[of] p1a: Tyranna Seesaur
|
|-weather|SunnyDay|[upkeep]
|upkeep
|turn|17
|l| pls game
|
|t:|1781585026
|-end|p1a: Tyranna Seesaur|Protosynthesis|[silent]
|switch|p1a: Trash Man|Great Tusk|70/100
|-activate|p1a: Trash Man|ability: Protosynthesis
|-start|p1a: Trash Man|protosynthesisatk
|move|p2a: Ogerpon|Horn Leech|p1a: Trash Man
|-supereffective|p1a: Trash Man
|-damage|p1a: Trash Man|1/100
|
|-weather|SunnyDay|[upkeep]
|upkeep
|turn|18
|j| pls game
|l| pls game
|
|t:|1781585032
|-end|p1a: Trash Man|Protosynthesis|[silent]
|switch|p1a: Tyranna Seesaur|Walking Wake|100/100
|-activate|p1a: Tyranna Seesaur|ability: Protosynthesis
|-start|p1a: Tyranna Seesaur|protosynthesisspe
|move|p2a: Ogerpon|Ivy Cudgel|p1a: Tyranna Seesaur|[anim] Ivy Cudgel Water
|-resisted|p1a: Tyranna Seesaur
|-damage|p1a: Tyranna Seesaur|92/100
|
|-weather|none
|-end|p1a: Tyranna Seesaur|Protosynthesis
|upkeep
|turn|19
|
|t:|1781585040
|-terastallize|p1a: Tyranna Seesaur|Stellar
|move|p2a: Ogerpon|Play Rough|p1a: Tyranna Seesaur
|-supereffective|p1a: Tyranna Seesaur
|-damage|p1a: Tyranna Seesaur|18/100
|move|p1a: Tyranna Seesaur|Dragon Pulse|p2a: Ogerpon
|-damage|p2a: Ogerpon|4/100
|
|upkeep
|turn|20
|-message|Pig Perfect forfeited.
|
|win|lolcano46
|raw|Pig Perfect's rating: 1626 &rarr; <strong>1603</strong><br />(-23 for losing)
|raw|lolcano46's rating: 1565 &rarr; <strong>1588</strong><br />(+23 for winning)
|l|☆Pig Perfect
|player|p1|
|l|☆lolcano46
|player|p2|
