|j|☆samohi0
|j|☆remove sun teams
|t:|1781212019
|gametype|singles
|player|p1|samohi0|hoopster|1687
|player|p2|remove sun teams|miku-psychic|1764
|gen|9
|tier|[Gen 9] OU
|rated|
|rule|HP Percentage Mod: HP is shown in percentages
|rule|Endless Battle Clause: Forcing endless battles is banned
|rule|Species Clause: Limit one of each Pokémon
|rule|OHKO Clause: OHKO moves are banned
|rule|Evasion Items Clause: Evasion items are banned
|rule|Evasion Moves Clause: Evasion moves are banned
|rule|Evasion Abilities Clause: Evasion abilities are banned
|rule|Sleep Moves Clause: Sleep-inducing moves are banned
|clearpoke
|poke|p1|Dragapult, M|
|poke|p1|Lokix, F|
|poke|p1|Alomomola, M|
|poke|p1|Great Tusk|
|poke|p1|Enamorus, F|
|poke|p1|Iron Crown|
|poke|p2|Hoopa-Unbound|
|poke|p2|Pecharunt|
|poke|p2|Landorus-Therian, M|
|poke|p2|Cinderace, M|
|poke|p2|Alomomola, M|
|poke|p2|Iron Valiant|
|teampreview
|c|☆remove sun teams|hf
|
|t:|1781212024
|teamsize|p1|6
|teamsize|p2|6
|start
|switch|p1a: Lokix|Lokix, F|100/100
|switch|p2a: Pisces|Alomomola, M, shiny|100/100
|turn|1
|inactive|Battle timer is ON: inactive players will automatically lose when time's up. (requested by remove sun teams)
|
|t:|1781212027
|move|p1a: Lokix|Knock Off|p2a: Pisces
|-damage|p2a: Pisces|52/100
|-enditem|p2a: Pisces|Assault Vest|[from] move: Knock Off|[of] p1a: Lokix
|move|p2a: Pisces|Flip Turn|p1a: Lokix
|-damage|p1a: Lokix|78/100
|
|t:|1781212031
|switch|p2a: Calamity|Iron Valiant, shiny|100/100|[from] Flip Turn
|
|upkeep
|turn|2
|
|t:|1781212034
|switch|p1a: Alomomola|Alomomola, M|100/100
|move|p2a: Calamity|Shadow Ball|p1a: Alomomola
|-damage|p1a: Alomomola|80/100
|-unboost|p1a: Alomomola|spd|1
|
|upkeep
|turn|3
|
|t:|1781212039
|-end|p2a: Calamity|Quark Drive|[silent]
|switch|p2a: Pisces|Alomomola, M, shiny|86/100
|move|p1a: Alomomola|Flip Turn|p2a: Pisces
|-resisted|p2a: Pisces
|-damage|p2a: Pisces|79/100
|
|t:|1781212042
|switch|p1a: Iron Crown|Iron Crown|100/100|[from] Flip Turn
|
|upkeep
|turn|4
|
|t:|1781212045
|move|p1a: Iron Crown|Volt Switch|p2a: Pisces
|-supereffective|p2a: Pisces
|-damage|p2a: Pisces|28/100
|
|t:|1781212047
|-end|p1a: Iron Crown|Quark Drive|[silent]
|switch|p1a: Lokix|Lokix, F|78/100|[from] Volt Switch
|move|p2a: Pisces|Flip Turn|p1a: Lokix
|-damage|p1a: Lokix|55/100
|
|t:|1781212050
|switch|p2a: Calamity|Iron Valiant, shiny|100/100|[from] Flip Turn
|
|upkeep
|turn|5
|
|t:|1781212053
|move|p2a: Calamity|Thunderbolt|p1a: Lokix
|-damage|p1a: Lokix|0 fnt
|faint|p1a: Lokix
|
|upkeep
|
|t:|1781212058
|switch|p1a: Iron Crown|Iron Crown|100/100
|turn|6
|j| dilf huntr
|
|t:|1781212060
|-end|p2a: Calamity|Quark Drive|[silent]
|switch|p2a: Pisces|Alomomola, M, shiny|62/100
|move|p1a: Iron Crown|Tachyon Cutter|p2a: Pisces
|-resisted|p2a: Pisces
|-damage|p2a: Pisces|47/100
|-resisted|p2a: Pisces
|-damage|p2a: Pisces|32/100
|-hitcount|p2a: Pisces|2
|
|upkeep
|turn|7
|
|t:|1781212064
|move|p1a: Iron Crown|Tachyon Cutter|p2a: Pisces
|-resisted|p2a: Pisces
|-damage|p2a: Pisces|16/100
|-resisted|p2a: Pisces
|-damage|p2a: Pisces|2/100
|-hitcount|p2a: Pisces|2
|move|p2a: Pisces|Flip Turn|p1a: Iron Crown
|-damage|p1a: Iron Crown|82/100
|
|t:|1781212066
|switch|p2a: Liberacy|Cinderace, M, shiny|100/100|[from] Flip Turn
|
|upkeep
|turn|8
|
|t:|1781212069
|-end|p1a: Iron Crown|Quark Drive|[silent]
|switch|p1a: Alomomola|Alomomola, M|100/100
|move|p2a: Liberacy|U-turn|p1a: Alomomola
|-start|p2a: Liberacy|typechange|Bug|[from] ability: Libero
|-damage|p1a: Alomomola|78/100
|
|t:|1781212072
|switch|p2a: Khaos|Hoopa-Unbound|100/100|[from] U-turn
|
|upkeep
|turn|9
|
|t:|1781212075
|move|p2a: Khaos|Zen Headbutt|p1a: Alomomola|[miss]
|-miss|p2a: Khaos|p1a: Alomomola
|move|p1a: Alomomola|Flip Turn|p2a: Khaos
|-crit|p2a: Khaos
|-damage|p2a: Khaos|60/100
|
|t:|1781212077
|switch|p1a: Dragapult|Dragapult, M|100/100|[from] Flip Turn
|
|upkeep
|turn|10
|
|t:|1781212080
|switch|p2a: Enten|Landorus-Therian, M, shiny|100/100
|-ability|p2a: Enten|Intimidate|boost
|-fail|p1a: Dragapult|unboost|[from] ability: Clear Body|[of] p1a: Dragapult
|move|p1a: Dragapult|U-turn|p2a: Enten
|-resisted|p2a: Enten
|-damage|p2a: Enten|81/100
|
|t:|1781212085
|switch|p1a: Iron Crown|Iron Crown|82/100|[from] U-turn
|
|upkeep
|turn|11
|
|t:|1781212087
|-end|p1a: Iron Crown|Quark Drive|[silent]
|switch|p1a: Enamorus|Enamorus, F|100/100
|move|p2a: Enten|Earthquake|p1a: Enamorus
|-immune|p1a: Enamorus
|
|upkeep
|turn|12
|
|t:|1781212092
|switch|p1a: Iron Crown|Iron Crown|82/100
|switch|p2a: Pisces|Alomomola, M, shiny|35/100
|
|upkeep
|turn|13
|
|t:|1781212099
|move|p1a: Iron Crown|Volt Switch|p2a: Pisces
|-supereffective|p2a: Pisces
|-damage|p2a: Pisces|0 fnt
|faint|p2a: Pisces
|
|t:|1781212107
|-end|p1a: Iron Crown|Quark Drive|[silent]
|switch|p1a: Enamorus|Enamorus, F|100/100|[from] Volt Switch
|
|upkeep
|
|t:|1781212110
|switch|p2a: Overseer|Pecharunt|100/100
|turn|14
|
|t:|1781212113
|move|p1a: Enamorus|Earth Power|p2a: Overseer
|-supereffective|p2a: Overseer
|-crit|p2a: Overseer
|-damage|p2a: Overseer|2/100
|move|p2a: Overseer|Malignant Chain|p1a: Enamorus
|-supereffective|p1a: Enamorus
|-damage|p1a: Enamorus|17/100
|-status|p1a: Enamorus|tox
|-start|p1a: Enamorus|confusion|[from] ability: Poison Puppeteer|[of] p2a: Overseer
|
|-damage|p1a: Enamorus|11/100 tox|[from] psn
|upkeep
|turn|15
|
|t:|1781212119
|switch|p2a: Enten|Landorus-Therian, M, shiny|81/100
|-ability|p2a: Enten|Intimidate|boost
|-boost|p1a: Enamorus|atk|1
|-activate|p1a: Enamorus|confusion
|move|p1a: Enamorus|Earth Power|p2a: Enten
|-immune|p2a: Enten
|
|-damage|p1a: Enamorus|0 fnt|[from] psn
|faint|p1a: Enamorus
|upkeep
|
|t:|1781212121
|switch|p1a: Dragapult|Dragapult, M|100/100
|turn|16
|
|t:|1781212124
|-terastallize|p2a: Enten|Ground
|move|p2a: Enten|Earthquake|p1a: Dragapult
|-damage|p1a: Dragapult|0 fnt
|faint|p1a: Dragapult
|
|upkeep
|
|t:|1781212128
|switch|p1a: Great Tusk|Great Tusk|100/100
|turn|17
|
|t:|1781212135
|move|p2a: Enten|Earthquake|p1a: Great Tusk
|-crit|p1a: Great Tusk
|-damage|p1a: Great Tusk|24/100
|move|p1a: Great Tusk|Headlong Rush|p2a: Enten
|-damage|p2a: Enten|11/100
|-unboost|p1a: Great Tusk|def|1
|-unboost|p1a: Great Tusk|spd|1
|
|upkeep
|turn|18
|
|t:|1781212139
|move|p2a: Enten|Earthquake|p1a: Great Tusk
|-damage|p1a: Great Tusk|0 fnt
|faint|p1a: Great Tusk
|-end|p1a: Great Tusk|Protosynthesis|[silent]
|
|upkeep
|
|t:|1781212141
|switch|p1a: Alomomola|Alomomola, M|100/100
|turn|19
|
|t:|1781212144
|move|p2a: Enten|Earthquake|p1a: Alomomola
|-damage|p1a: Alomomola|50/100
|move|p1a: Alomomola|Flip Turn|p2a: Enten
|-supereffective|p2a: Enten
|-damage|p2a: Enten|0 fnt
|faint|p2a: Enten
|
|t:|1781212146
|switch|p1a: Iron Crown|Iron Crown|82/100|[from] Flip Turn
|
|upkeep
|
|t:|1781212149
|switch|p2a: Liberacy|Cinderace, M, shiny|100/100
|turn|20
|
|t:|1781212152
|-end|p1a: Iron Crown|Quark Drive|[silent]
|switch|p1a: Alomomola|Alomomola, M|83/100
|move|p2a: Liberacy|Pyro Ball|p1a: Alomomola
|-resisted|p1a: Alomomola
|-damage|p1a: Alomomola|65/100
|
|upkeep
|turn|21
|
|t:|1781212155
|move|p2a: Liberacy|U-turn|p1a: Alomomola
|-start|p2a: Liberacy|typechange|Bug|[from] ability: Libero
|-damage|p1a: Alomomola|40/100
|
|t:|1781212158
|switch|p2a: Overseer|Pecharunt|2/100|[from] U-turn
|move|p1a: Alomomola|Flip Turn|p2a: Overseer
|-damage|p2a: Overseer|0 fnt
|faint|p2a: Overseer
|
|t:|1781212162
|switch|p1a: Iron Crown|Iron Crown|82/100|[from] Flip Turn
|
|upkeep
|j| Puyu paz
|
|t:|1781212164
|switch|p2a: Liberacy|Cinderace, M, shiny|100/100
|turn|22
|
|t:|1781212167
|-end|p1a: Iron Crown|Quark Drive|[silent]
|switch|p1a: Alomomola|Alomomola, M|74/100
|move|p2a: Liberacy|Pyro Ball|p1a: Alomomola
|-resisted|p1a: Alomomola
|-crit|p1a: Alomomola
|-damage|p1a: Alomomola|47/100
|
|upkeep
|turn|23
|
|t:|1781212170
|move|p2a: Liberacy|Pyro Ball|p1a: Alomomola
|-resisted|p1a: Alomomola
|-damage|p1a: Alomomola|29/100
|move|p1a: Alomomola|Flip Turn|p2a: Liberacy
|-supereffective|p2a: Liberacy
|-damage|p2a: Liberacy|51/100
|
|t:|1781212172
|switch|p1a: Iron Crown|Iron Crown|82/100|[from] Flip Turn
|
|upkeep
|turn|24
|
|t:|1781212175
|-end|p1a: Iron Crown|Quark Drive|[silent]
|switch|p1a: Alomomola|Alomomola, M|62/100
|move|p2a: Liberacy|Pyro Ball|p1a: Alomomola|[miss]
|-miss|p2a: Liberacy|p1a: Alomomola
|
|upkeep
|turn|25
|
|t:|1781212180
|move|p2a: Liberacy|Sucker Punch|p1a: Alomomola
|-start|p2a: Liberacy|typechange|Dark|[from] ability: Libero
|-damage|p1a: Alomomola|39/100
|move|p1a: Alomomola|Flip Turn|p2a: Liberacy
|-damage|p2a: Liberacy|25/100
|
|t:|1781212184
|switch|p1a: Iron Crown|Iron Crown|82/100|[from] Flip Turn
|
|upkeep
|turn|26
|
|t:|1781212186
|-end|p1a: Iron Crown|Quark Drive|[silent]
|switch|p1a: Alomomola|Alomomola, M|72/100
|move|p2a: Liberacy|U-turn|p1a: Alomomola
|-damage|p1a: Alomomola|57/100
|
|t:|1781212189
|switch|p2a: Khaos|Hoopa-Unbound|60/100|[from] U-turn
|
|upkeep
|turn|27
|
|t:|1781212191
|move|p2a: Khaos|Knock Off|p1a: Alomomola
|-damage|p1a: Alomomola|0 fnt
|-enditem|p1a: Alomomola|Assault Vest|[from] move: Knock Off|[of] p2a: Khaos
|faint|p1a: Alomomola
|
|upkeep
|
|t:|1781212193
|switch|p1a: Iron Crown|Iron Crown|82/100
|turn|28
|
|t:|1781212198
|-terastallize|p1a: Iron Crown|Steel
|move|p1a: Iron Crown|Tachyon Cutter|p2a: Khaos
|-damage|p2a: Khaos|14/100
|-damage|p2a: Khaos|0 fnt
|faint|p2a: Khaos
|-hitcount|p2: Khaos|2
|
|upkeep
|
|t:|1781212200
|switch|p2a: Liberacy|Cinderace, M, shiny|25/100
|turn|29
|
|t:|1781212203
|move|p2a: Liberacy|Sucker Punch|p1a: Iron Crown
|-start|p2a: Liberacy|typechange|Dark|[from] ability: Libero
|-damage|p1a: Iron Crown|43/100
|move|p1a: Iron Crown|Tachyon Cutter|p2a: Liberacy
|-damage|p2a: Liberacy|0 fnt
|faint|p2a: Liberacy
|-hitcount|p2: Liberacy|1
|
|upkeep
|
|t:|1781212205
|switch|p2a: Calamity|Iron Valiant, shiny|100/100
|turn|30
|
|t:|1781212207
|move|p2a: Calamity|Vacuum Wave|p1a: Iron Crown
|-supereffective|p1a: Iron Crown
|-damage|p1a: Iron Crown|0 fnt
|faint|p1a: Iron Crown
|-end|p1a: Iron Crown|Quark Drive|[silent]
|
|win|remove sun teams
|raw|samohi0's rating: 1687 &rarr; <strong>1671</strong><br />(-16 for losing)
|raw|remove sun teams's rating: 1764 &rarr; <strong>1780</strong><br />(+16 for winning)
|c|☆remove sun teams|gg
|l|☆samohi0
|player|p1|
|l| Puyu paz
|n|☆remove sun teams|removesunteams
