|j|☆sylvr7070
|j|☆rizz of reko
|t:|1781030438
|gametype|singles
|player|p1|sylvr7070|fairytalegirl|1569
|player|p2|rizz of reko|cheren-gen5bw2|1524
|gen|9
|tier|[Gen 9] OU
|rated|
|rule|HP Percentage Mod: HP is shown in percentages
|rule|Endless Battle Clause: Forcing endless battles is banned
|rule|Species Clause: Limit one of each Pokémon
|rule|OHKO Clause: OHKO moves are banned
|rule|Evasion Items Clause: Evasion items are banned
|rule|Evasion Moves Clause: Evasion moves are banned
|rule|Evasion Abilities Clause: Evasion abilities are banned
|rule|Sleep Moves Clause: Sleep-inducing moves are banned
|clearpoke
|poke|p1|Hoopa-Unbound|
|poke|p1|Zamazenta-*|
|poke|p1|Iron Treads|
|poke|p1|Pecharunt|
|poke|p1|Primarina, M|
|poke|p1|Dragonite, F|
|poke|p2|Great Tusk|
|poke|p2|Dragonite, M|
|poke|p2|Darkrai|
|poke|p2|Pecharunt|
|poke|p2|Tornadus-Therian, M|
|poke|p2|Cinderace, M|
|teampreview
|inactive|Battle timer is ON: inactive players will automatically lose when time's up. (requested by sylvr7070)
|
|t:|1781030455
|teamsize|p1|6
|teamsize|p2|6
|start
|switch|p1a: blonde... scary|Primarina, M, shiny|100/100
|switch|p2a: Darkrai|Darkrai, shiny|100/100
|turn|1
|
|t:|1781030475
|-terastallize|p2a: Darkrai|Poison
|move|p2a: Darkrai|Sludge Bomb|p1a: blonde... scary
|-supereffective|p1a: blonde... scary
|-damage|p1a: blonde... scary|48/100
|move|p1a: blonde... scary|Moonblast|p2a: Darkrai
|-resisted|p2a: Darkrai
|-damage|p2a: Darkrai|68/100
|-unboost|p2a: Darkrai|spa|1
|
|upkeep
|turn|2
|
|t:|1781030484
|switch|p2a: Tornadus|Tornadus-Therian, M|100/100
|switch|p1a: spinpig|Iron Treads|100/100
|
|upkeep
|turn|3
|
|t:|1781030492
|move|p2a: Tornadus|Heat Wave|p1a: spinpig
|-supereffective|p1a: spinpig
|-damage|p1a: spinpig|13/100
|move|p1a: spinpig|Stealth Rock|p2a: Tornadus
|-sidestart|p2: rizz of reko|move: Stealth Rock
|
|-heal|p1a: spinpig|20/100|[from] item: Leftovers
|upkeep
|turn|4
|
|t:|1781030497
|-end|p1a: spinpig|Quark Drive|[silent]
|switch|p1a: blonde... scary|Primarina, M, shiny|48/100
|move|p2a: Tornadus|Nasty Plot|p2a: Tornadus
|-boost|p2a: Tornadus|spa|2
|
|upkeep
|turn|5
|inactive|rizz of reko has 120 seconds left.
|
|t:|1781030530
|move|p2a: Tornadus|Sludge Wave|p1a: blonde... scary
|-supereffective|p1a: blonde... scary
|-damage|p1a: blonde... scary|0 fnt
|faint|p1a: blonde... scary
|
|upkeep
|
|t:|1781030539
|switch|p1a: Hoopa-Band|Hoopa-Unbound|100/100
|turn|6
|
|t:|1781030545
|move|p2a: Tornadus|Bleakwind Storm|p1a: Hoopa-Band
|-damage|p1a: Hoopa-Band|15/100
|-unboost|p1a: Hoopa-Band|spe|1
|move|p1a: Hoopa-Band|Psychic|p2a: Tornadus
|-damage|p2a: Tornadus|0 fnt
|faint|p2a: Tornadus
|
|upkeep
|inactive|rizz of reko has 120 seconds left.
|
|t:|1781030580
|switch|p2a: Great Tusk|Great Tusk, shiny|100/100
|-damage|p2a: Great Tusk|97/100|[from] Stealth Rock
|-enditem|p2a: Great Tusk|Booster Energy
|-activate|p2a: Great Tusk|ability: Protosynthesis|[fromitem]
|-start|p2a: Great Tusk|protosynthesisatk
|turn|7
|
|t:|1781030586
|switch|p1a: hateberry|Pecharunt|100/100
|move|p2a: Great Tusk|Rapid Spin|p1a: hateberry
|-immune|p1a: hateberry
|
|upkeep
|turn|8
|
|t:|1781030592
|move|p1a: hateberry|Parting Shot|p2a: Great Tusk
|-unboost|p2a: Great Tusk|atk|1
|-unboost|p2a: Great Tusk|spa|1
|
|t:|1781030596
|switch|p1a: spinpig|Iron Treads|20/100|[from] Parting Shot
|move|p2a: Great Tusk|Headlong Rush|p1a: spinpig
|-supereffective|p1a: spinpig
|-damage|p1a: spinpig|0 fnt
|-unboost|p2a: Great Tusk|def|1
|-unboost|p2a: Great Tusk|spd|1
|faint|p1a: spinpig
|-end|p1a: spinpig|Quark Drive|[silent]
|
|upkeep
|
|t:|1781030604
|switch|p1a: hateberry|Pecharunt|100/100
|turn|9
|inactive|rizz of reko has 120 seconds left.
|
|t:|1781030620
|-end|p2a: Great Tusk|Protosynthesis|[silent]
|switch|p2a: Cinderace|Cinderace, M, shiny|100/100
|move|p1a: hateberry|Shadow Ball|p2a: Cinderace
|-damage|p2a: Cinderace|67/100
|
|upkeep
|turn|10
|
|t:|1781030629
|move|p2a: Cinderace|Court Change|p2a: Cinderace
|-start|p2a: Cinderace|typechange|Normal|[from] ability: Libero
|-swapsideconditions
|-activate|p2a: Cinderace|move: Court Change
|move|p1a: hateberry|Malignant Chain|p2a: Cinderace
|-damage|p2a: Cinderace|29/100
|-status|p2a: Cinderace|tox
|-start|p2a: Cinderace|confusion|[from] ability: Poison Puppeteer|[of] p1a: hateberry
|
|-damage|p2a: Cinderace|23/100 tox|[from] psn
|upkeep
|turn|11
|
|t:|1781030639
|switch|p2a: Darkrai|Darkrai, shiny, tera:Poison|68/100
|switch|p1a: Hoopa-Band|Hoopa-Unbound|15/100
|-damage|p1a: Hoopa-Band|3/100|[from] Stealth Rock
|
|upkeep
|turn|12
|inactive|rizz of reko has 120 seconds left.
|
|t:|1781030656
|move|p2a: Darkrai|Dark Pulse|p1a: Hoopa-Band
|-damage|p1a: Hoopa-Band|0 fnt
|faint|p1a: Hoopa-Band
|
|upkeep
|
|t:|1781030662
|switch|p1a: dory go nighty|Dragonite, F|100/100
|turn|13
|
|t:|1781030668
|move|p2a: Darkrai|Dark Pulse|p1a: dory go nighty
|-damage|p1a: dory go nighty|79/100
|move|p1a: dory go nighty|Dragon Dance|p1a: dory go nighty
|-boost|p1a: dory go nighty|atk|1
|-boost|p1a: dory go nighty|spe|1
|
|upkeep
|turn|14
|
|t:|1781030677
|move|p2a: Darkrai|Dark Pulse|p1a: dory go nighty
|-damage|p1a: dory go nighty|33/100
|move|p1a: dory go nighty|Earthquake|p2a: Darkrai
|-supereffective|p2a: Darkrai
|-damage|p2a: Darkrai|0 fnt
|faint|p2a: Darkrai
|
|upkeep
|inactive|rizz of reko has 120 seconds left.
|
|t:|1781030700
|switch|p2a: Dragonite|Dragonite, M, shiny|100/100
|turn|15
|
|t:|1781030707
|move|p2a: Dragonite|Extreme Speed|p1a: dory go nighty
|-damage|p1a: dory go nighty|0 fnt
|faint|p1a: dory go nighty
|
|upkeep
|
|t:|1781030712
|switch|p1a: hateberry|Pecharunt|100/100
|turn|16
|inactive|rizz of reko has 120 seconds left.
|
|t:|1781030734
|switch|p2a: Cinderace|Cinderace, M, shiny|23/100 tox
|move|p1a: hateberry|Malignant Chain|p2a: Cinderace
|-damage|p2a: Cinderace|0 fnt
|faint|p2a: Cinderace
|
|upkeep
|inactive|rizz of reko has 120 seconds left.
|
|t:|1781030741
|switch|p2a: Great Tusk|Great Tusk, shiny|97/100
|turn|17
|
|t:|1781030748
|move|p1a: hateberry|Malignant Chain|p2a: Great Tusk
|-resisted|p2a: Great Tusk
|-damage|p2a: Great Tusk|80/100
|-status|p2a: Great Tusk|tox
|-start|p2a: Great Tusk|confusion|[from] ability: Poison Puppeteer|[of] p1a: hateberry
|-activate|p2a: Great Tusk|confusion
|-damage|p2a: Great Tusk|69/100 tox|[from] confusion
|
|-damage|p2a: Great Tusk|63/100 tox|[from] psn
|upkeep
|turn|18
|
|t:|1781030764
|move|p1a: hateberry|Parting Shot|p2a: Great Tusk
|-unboost|p2a: Great Tusk|atk|1
|-unboost|p2a: Great Tusk|spa|1
|
|t:|1781030766
|switch|p1a: indolence|Zamazenta|100/100|[from] Parting Shot
|-damage|p1a: indolence|94/100|[from] Stealth Rock
|-ability|p1a: indolence|Dauntless Shield|boost
|-boost|p1a: indolence|def|1
|-activate|p2a: Great Tusk|confusion
|move|p2a: Great Tusk|Headlong Rush|p1a: indolence
|-damage|p1a: indolence|72/100
|-unboost|p2a: Great Tusk|def|1
|-unboost|p2a: Great Tusk|spd|1
|
|-heal|p1a: indolence|79/100|[from] item: Leftovers
|-damage|p2a: Great Tusk|51/100 tox|[from] psn
|upkeep
|turn|19
|
|t:|1781030773
|-end|p2a: Great Tusk|Protosynthesis|[silent]
|switch|p2a: Pecharunt|Pecharunt|100/100
|move|p1a: indolence|Crunch|p2a: Pecharunt
|-supereffective|p2a: Pecharunt
|-damage|p2a: Pecharunt|78/100
|
|-heal|p1a: indolence|85/100|[from] item: Leftovers
|upkeep
|turn|20
|
|t:|1781030782
|switch|p1a: hateberry|Pecharunt|100/100
|move|p2a: Pecharunt|Malignant Chain|p1a: hateberry
|-resisted|p1a: hateberry
|-damage|p1a: hateberry|91/100
|
|upkeep
|turn|21
|
|t:|1781030795
|switch|p2a: Dragonite|Dragonite, M, shiny|100/100
|move|p1a: hateberry|Shadow Ball|p2a: Dragonite
|-damage|p2a: Dragonite|89/100
|
|-heal|p2a: Dragonite|95/100|[from] item: Leftovers
|upkeep
|turn|22
|
|t:|1781030808
|move|p1a: hateberry|Malignant Chain|p2a: Dragonite
|-damage|p2a: Dragonite|66/100
|-status|p2a: Dragonite|tox
|-start|p2a: Dragonite|confusion|[from] ability: Poison Puppeteer|[of] p1a: hateberry
|-activate|p2a: Dragonite|confusion
|-damage|p2a: Dragonite|52/100 tox|[from] confusion
|
|-heal|p2a: Dragonite|59/100 tox|[from] item: Leftovers
|-damage|p2a: Dragonite|52/100 tox|[from] psn
|upkeep
|turn|23
|inactive|rizz of reko has 120 seconds left.
|c|☆rizz of reko|What the fu ck
|
|t:|1781030856
|switch|p2a: Great Tusk|Great Tusk, shiny|51/100 tox
|move|p1a: hateberry|Shadow Ball|p2a: Great Tusk
|-damage|p2a: Great Tusk|21/100 tox
|
|-damage|p2a: Great Tusk|15/100 tox|[from] psn
|upkeep
|turn|24
|
|t:|1781030865
|move|p1a: hateberry|Shadow Ball|p2a: Great Tusk
|-damage|p2a: Great Tusk|0 fnt
|faint|p2a: Great Tusk
|-end|p2a: Great Tusk|Protosynthesis|[silent]
|
|upkeep
|
|t:|1781030872
|switch|p2a: Pecharunt|Pecharunt|78/100
|turn|25
|
|t:|1781030877
|-terastallize|p1a: hateberry|Dark
|move|p1a: hateberry|Shadow Ball|p2a: Pecharunt
|-supereffective|p2a: Pecharunt
|-crit|p2a: Pecharunt
|-damage|p2a: Pecharunt|6/100
|move|p2a: Pecharunt|Shadow Ball|p1a: hateberry
|-resisted|p1a: hateberry
|-damage|p1a: hateberry|74/100
|
|upkeep
|turn|26
|inactive|rizz of reko has 120 seconds left.
|c|☆sylvr7070|my pech is the best
|l|☆rizz of reko
|inactive|rizz of reko disconnected and has a minute to reconnect!
|player|p2|
|inactive|rizz of reko has 30 seconds to reconnect!
|inactive|rizz of reko has 20 seconds to reconnect!
|inactive|rizz of reko has 15 seconds to reconnect!
|inactive|rizz of reko has 10 seconds to reconnect!
|inactive|rizz of reko has 5 seconds to reconnect!
|-message|rizz of reko lost due to inactivity.
|
|win|sylvr7070
|raw|sylvr7070's rating: 1569 &rarr; <strong>1586</strong><br />(+17 for winning)
|raw|rizz of reko's rating: 1524 &rarr; <strong>1507</strong><br />(-17 for losing)
