|j|☆LowEL0God
|j|☆Mysterious Soop
|t:|1781446313
|gametype|singles
|player|p1|LowEL0God|265|1599
|player|p2|Mysterious Soop|266|1635
|gen|9
|tier|[Gen 9] OU
|rated|
|rule|HP Percentage Mod: HP is shown in percentages
|rule|Endless Battle Clause: Forcing endless battles is banned
|rule|Species Clause: Limit one of each Pokémon
|rule|OHKO Clause: OHKO moves are banned
|rule|Evasion Items Clause: Evasion items are banned
|rule|Evasion Moves Clause: Evasion moves are banned
|rule|Evasion Abilities Clause: Evasion abilities are banned
|rule|Sleep Moves Clause: Sleep-inducing moves are banned
|clearpoke
|poke|p1|Pelipper, F|
|poke|p1|Raging Bolt|
|poke|p1|Overqwil, M|
|poke|p1|Barraskewda, F|
|poke|p1|Iron Treads|
|poke|p1|Kingambit, F|
|poke|p2|Excadrill, F|
|poke|p2|Tyranitar, F|
|poke|p2|Hydrapple, M|
|poke|p2|Gholdengo|
|poke|p2|Alomomola, F|
|poke|p2|Hatterene, F|
|teampreview
|c|☆LowEL0God|hf
|inactive|Battle timer is ON: inactive players will automatically lose when time's up. (requested by LowEL0God)
|inactive|Mysterious Soop has 120 seconds left.
|
|t:|1781446347
|teamsize|p1|6
|teamsize|p2|6
|start
|switch|p1a: Kingambit|Kingambit, F|100/100
|switch|p2a: Tyranitar|Tyranitar, F|100/100
|-weather|Sandstorm|[from] ability: Sand Stream|[of] p2a: Tyranitar
|turn|1
|c|☆Mysterious Soop|u2
|
|t:|1781446352
|switch|p2a: Hydrapple|Hydrapple, M|100/100
|move|p1a: Kingambit|Iron Head|p2a: Hydrapple
|-damage|p2a: Hydrapple|63/100
|
|-weather|Sandstorm|[upkeep]
|-damage|p2a: Hydrapple|57/100|[from] Sandstorm
|upkeep
|turn|2
|
|t:|1781446360
|move|p1a: Kingambit|Swords Dance|p1a: Kingambit
|-boost|p1a: Kingambit|atk|2
|move|p2a: Hydrapple|Earth Power|p1a: Kingambit
|-supereffective|p1a: Kingambit
|-damage|p1a: Kingambit|8/100
|
|-weather|Sandstorm|[upkeep]
|-damage|p2a: Hydrapple|50/100|[from] Sandstorm
|-heal|p1a: Kingambit|14/100|[from] item: Leftovers
|upkeep
|turn|3
|
|t:|1781446367
|switch|p2a: Alomomola|Alomomola, F|100/100
|move|p1a: Kingambit|Kowtow Cleave|p2a: Alomomola
|-damage|p2a: Alomomola|49/100
|-damage|p1a: Kingambit|0 fnt|[from] item: Rocky Helmet|[of] p2a: Alomomola
|faint|p1a: Kingambit
|-end|p1a: Kingambit|fallenundefined|[silent]
|
|-weather|Sandstorm|[upkeep]
|-damage|p2a: Alomomola|43/100|[from] Sandstorm
|upkeep
|
|t:|1781446370
|switch|p1a: Overqwil|Overqwil, M|100/100
|turn|4
|
|t:|1781446379
|move|p1a: Overqwil|Swords Dance|p1a: Overqwil
|-boost|p1a: Overqwil|atk|2
|move|p2a: Alomomola|Flip Turn|p1a: Overqwil
|-damage|p1a: Overqwil|83/100
|
|t:|1781446382
|switch|p2a: Excadrill|Excadrill, F|100/100|[from] Flip Turn
|
|-weather|Sandstorm|[upkeep]
|-damage|p1a: Overqwil|77/100|[from] Sandstorm
|upkeep
|turn|5
|
|t:|1781446387
|switch|p2a: Alomomola|Alomomola, F|77/100
|-terastallize|p1a: Overqwil|Water
|move|p1a: Overqwil|Crunch|p2a: Alomomola
|-damage|p2a: Alomomola|21/100
|-damage|p1a: Overqwil|60/100|[from] item: Rocky Helmet|[of] p2a: Alomomola
|-damage|p1a: Overqwil|50/100|[from] item: Life Orb
|
|-weather|none
|upkeep
|turn|6
|
|t:|1781446397
|switch|p2a: Hydrapple|Hydrapple, M|84/100
|move|p1a: Overqwil|Crunch|p2a: Hydrapple
|-damage|p2a: Hydrapple|0 fnt
|faint|p2a: Hydrapple
|-damage|p1a: Overqwil|40/100|[from] item: Life Orb
|
|upkeep
|
|t:|1781446417
|switch|p2a: Gholdengo|Gholdengo|100/100
|turn|7
|
|t:|1781446425
|move|p2a: Gholdengo|Shadow Ball|p1a: Overqwil
|-damage|p1a: Overqwil|0 fnt
|faint|p1a: Overqwil
|
|upkeep
|
|t:|1781446426
|switch|p1a: Raging Bolt|Raging Bolt|100/100
|-enditem|p1a: Raging Bolt|Booster Energy
|-activate|p1a: Raging Bolt|ability: Protosynthesis|[fromitem]
|-start|p1a: Raging Bolt|protosynthesisspa
|turn|8
|
|t:|1781446432
|switch|p2a: Excadrill|Excadrill, F|100/100
|move|p1a: Raging Bolt|Thunder|p2a: Excadrill
|-immune|p2a: Excadrill
|
|upkeep
|turn|9
|
|t:|1781446457
|switch|p2a: Hatterene|Hatterene, F|100/100
|-end|p1a: Raging Bolt|Protosynthesis|[silent]
|switch|p1a: Pelipper|Pelipper, F|100/100
|-weather|RainDance|[from] ability: Drizzle|[of] p1a: Pelipper
|
|-weather|RainDance|[upkeep]
|upkeep
|turn|10
|
|t:|1781446468
|move|p1a: Pelipper|Weather Ball|p2a: Hatterene
|-damage|p2a: Hatterene|76/100
|move|p2a: Hatterene|Nuzzle|p1a: Pelipper
|-supereffective|p1a: Pelipper
|-damage|p1a: Pelipper|88/100
|-status|p1a: Pelipper|par
|
|-weather|RainDance|[upkeep]
|upkeep
|turn|11
|
|t:|1781446476
|switch|p1a: Barraskewda|Barraskewda, F|100/100
|move|p2a: Hatterene|Draining Kiss|p1a: Barraskewda
|-damage|p1a: Barraskewda|46/100
|-heal|p2a: Hatterene|100/100|[from] drain|[of] p1a: Barraskewda
|
|-weather|RainDance|[upkeep]
|upkeep
|turn|12
|
|t:|1781446482
|switch|p2a: Alomomola|Alomomola, F|54/100
|move|p1a: Barraskewda|Liquidation|p2a: Alomomola
|-resisted|p2a: Alomomola
|-damage|p2a: Alomomola|27/100
|-damage|p1a: Barraskewda|29/100|[from] item: Rocky Helmet|[of] p2a: Alomomola
|
|-weather|RainDance|[upkeep]
|upkeep
|turn|13
|
|t:|1781446491
|move|p2a: Alomomola|Protect|p2a: Alomomola
|-singleturn|p2a: Alomomola|Protect
|move|p1a: Barraskewda|Liquidation|p2a: Alomomola
|-activate|p2a: Alomomola|move: Protect
|
|-weather|RainDance|[upkeep]
|upkeep
|turn|14
|inactive|Mysterious Soop has 120 seconds left.
|
|t:|1781446532
|switch|p2a: Excadrill|Excadrill, F|100/100
|move|p1a: Barraskewda|Liquidation|p2a: Excadrill
|-supereffective|p2a: Excadrill
|-damage|p2a: Excadrill|0 fnt
|faint|p2a: Excadrill
|
|-weather|RainDance|[upkeep]
|upkeep
|
|t:|1781446537
|switch|p2a: Alomomola|Alomomola, F|61/100
|turn|15
|
|t:|1781446541
|move|p1a: Barraskewda|Liquidation|p2a: Alomomola
|-resisted|p2a: Alomomola
|-damage|p2a: Alomomola|33/100
|-damage|p1a: Barraskewda|12/100|[from] item: Rocky Helmet|[of] p2a: Alomomola
|move|p2a: Alomomola|Wish|p2a: Alomomola
|
|-weather|RainDance|[upkeep]
|upkeep
|turn|16
|
|t:|1781446544
|move|p2a: Alomomola|Protect|p2a: Alomomola
|-singleturn|p2a: Alomomola|Protect
|move|p1a: Barraskewda|Liquidation|p2a: Alomomola
|-activate|p2a: Alomomola|move: Protect
|
|-weather|none
|-heal|p2a: Alomomola|83/100|[from] move: Wish|[wisher] Alomomola
|upkeep
|turn|17
|
|t:|1781446548
|switch|p1a: Raging Bolt|Raging Bolt|100/100
|move|p2a: Alomomola|Flip Turn|p1a: Raging Bolt
|-resisted|p1a: Raging Bolt
|-damage|p1a: Raging Bolt|93/100
|
|t:|1781446560
|switch|p2a: Tyranitar|Tyranitar, F|100/100|[from] Flip Turn
|-weather|Sandstorm|[from] ability: Sand Stream|[of] p2a: Tyranitar
|
|-weather|Sandstorm|[upkeep]
|-damage|p1a: Raging Bolt|87/100|[from] Sandstorm
|upkeep
|turn|18
|
|t:|1781446573
|move|p1a: Raging Bolt|Thunder|p2a: Tyranitar
|-damage|p2a: Tyranitar|64/100
|move|p2a: Tyranitar|Earthquake|p1a: Raging Bolt
|-supereffective|p1a: Raging Bolt
|-damage|p1a: Raging Bolt|0 fnt
|faint|p1a: Raging Bolt
|-end|p1a: Raging Bolt|Protosynthesis|[silent]
|
|-weather|Sandstorm|[upkeep]
|upkeep
|
|t:|1781446575
|switch|p1a: Pelipper|Pelipper, F|88/100 par
|-weather|RainDance|[from] ability: Drizzle|[of] p1a: Pelipper
|turn|19
|
|t:|1781446582
|switch|p2a: Alomomola|Alomomola, F|100/100
|move|p1a: Pelipper|Weather Ball|p2a: Alomomola
|-resisted|p2a: Alomomola
|-damage|p2a: Alomomola|69/100
|
|-weather|RainDance|[upkeep]
|upkeep
|turn|20
|
|t:|1781446588
|switch|p2a: Hatterene|Hatterene, F|100/100
|move|p1a: Pelipper|Hurricane|p2a: Hatterene
|-damage|p2a: Hatterene|81/100
|
|-weather|RainDance|[upkeep]
|upkeep
|turn|21
|
|t:|1781446596
|move|p2a: Hatterene|Mystical Fire|p1a: Pelipper
|-resisted|p1a: Pelipper
|-damage|p1a: Pelipper|80/100 par
|-unboost|p1a: Pelipper|spa|1
|move|p1a: Pelipper|U-turn|p2a: Hatterene
|-damage|p2a: Hatterene|71/100
|
|t:|1781446597
|switch|p1a: Barraskewda|Barraskewda, F|12/100|[from] U-turn
|
|-weather|RainDance|[upkeep]
|upkeep
|turn|22
|
|t:|1781446602
|switch|p1a: Pelipper|Pelipper, F|80/100 par
|switch|p2a: Alomomola|Alomomola, F|100/100
|
|-weather|RainDance|[upkeep]
|upkeep
|turn|23
|
|t:|1781446609
|switch|p2a: Tyranitar|Tyranitar, F|64/100
|-weather|Sandstorm|[from] ability: Sand Stream|[of] p2a: Tyranitar
|move|p1a: Pelipper|Hurricane|p2a: Tyranitar
|-resisted|p2a: Tyranitar
|-damage|p2a: Tyranitar|53/100
|
|-weather|Sandstorm|[upkeep]
|-damage|p1a: Pelipper|74/100 par|[from] Sandstorm
|upkeep
|turn|24
|
|t:|1781446621
|move|p2a: Tyranitar|Knock Off|p1a: Pelipper
|-damage|p1a: Pelipper|5/100 par
|-enditem|p1a: Pelipper|Damp Rock|[from] move: Knock Off|[of] p2a: Tyranitar
|cant|p1a: Pelipper|par
|
|-weather|Sandstorm|[upkeep]
|-damage|p1a: Pelipper|0 fnt|[from] Sandstorm
|faint|p1a: Pelipper
|upkeep
|
|t:|1781446622
|switch|p1a: Barraskewda|Barraskewda, F|12/100
|turn|25
|
|t:|1781446628
|switch|p1a: Iron Treads|Iron Treads|100/100
|-enditem|p1a: Iron Treads|Booster Energy
|-activate|p1a: Iron Treads|ability: Quark Drive|[fromitem]
|-start|p1a: Iron Treads|quarkdrivespe
|switch|p2a: Alomomola|Alomomola, F|100/100
|
|-weather|Sandstorm|[upkeep]
|-damage|p2a: Alomomola|94/100|[from] Sandstorm
|upkeep
|turn|26
|
|t:|1781446632
|move|p1a: Iron Treads|Stealth Rock|p2a: Alomomola
|-sidestart|p2: Mysterious Soop|move: Stealth Rock
|move|p2a: Alomomola|Flip Turn|p1a: Iron Treads
|-supereffective|p1a: Iron Treads
|-crit|p1a: Iron Treads
|-damage|p1a: Iron Treads|59/100
|
|t:|1781446643
|switch|p2a: Gholdengo|Gholdengo|100/100|[from] Flip Turn
|-damage|p2a: Gholdengo|94/100|[from] Stealth Rock
|
|-weather|Sandstorm|[upkeep]
|upkeep
|turn|27
|
|t:|1781446645
|switch|p2a: Alomomola|Alomomola, F|100/100
|-damage|p2a: Alomomola|88/100|[from] Stealth Rock
|move|p1a: Iron Treads|Steel Beam|p2a: Alomomola
|-resisted|p2a: Alomomola
|-damage|p2a: Alomomola|56/100
|-damage|p1a: Iron Treads|9/100|[from] steelbeam
|
|-weather|none
|upkeep
|turn|28
|
|t:|1781446652
|move|p2a: Alomomola|Protect|p2a: Alomomola
|-singleturn|p2a: Alomomola|Protect
|move|p1a: Iron Treads|Earth Power|p2a: Alomomola
|-activate|p2a: Alomomola|move: Protect
|
|upkeep
|turn|29
|
|t:|1781446660
|move|p1a: Iron Treads|Earth Power|p2a: Alomomola
|-damage|p2a: Alomomola|16/100
|move|p2a: Alomomola|Flip Turn|p1a: Iron Treads
|-supereffective|p1a: Iron Treads
|-damage|p1a: Iron Treads|0 fnt
|faint|p1a: Iron Treads
|-end|p1a: Iron Treads|Quark Drive|[silent]
|
|t:|1781446666
|switch|p2a: Gholdengo|Gholdengo|94/100|[from] Flip Turn
|-damage|p2a: Gholdengo|88/100|[from] Stealth Rock
|
|upkeep
|
|t:|1781446666
|switch|p1a: Barraskewda|Barraskewda, F|12/100
|turn|30
|c|☆Mysterious Soop|ggs
|
|t:|1781446673
|move|p1a: Barraskewda|Aqua Jet|p2a: Gholdengo
|-damage|p2a: Gholdengo|48/100
|move|p2a: Gholdengo|Make It Rain|p1a: Barraskewda
|-resisted|p1a: Barraskewda
|-damage|p1a: Barraskewda|0 fnt
|-unboost|p2a: Gholdengo|spa|1
|faint|p1a: Barraskewda
|
|win|Mysterious Soop
|raw|LowEL0God's rating: 1599 &rarr; <strong>1581</strong><br />(-18 for losing)
|raw|Mysterious Soop's rating: 1635 &rarr; <strong>1653</strong><br />(+18 for winning)
|c|☆LowEL0God|gg
|l|☆LowEL0God
|player|p1|
