|j|☆m5322
|j|☆LowEL0God
|t:|1781246942
|gametype|singles
|player|p1|m5322|1|1530
|player|p2|LowEL0God|265|1586
|gen|9
|tier|[Gen 9] OU
|rated|
|rule|HP Percentage Mod: HP is shown in percentages
|rule|Endless Battle Clause: Forcing endless battles is banned
|rule|Species Clause: Limit one of each Pokémon
|rule|OHKO Clause: OHKO moves are banned
|rule|Evasion Items Clause: Evasion items are banned
|rule|Evasion Moves Clause: Evasion moves are banned
|rule|Evasion Abilities Clause: Evasion abilities are banned
|rule|Sleep Moves Clause: Sleep-inducing moves are banned
|clearpoke
|poke|p1|Deoxys-Speed|
|poke|p1|Ceruledge, M|
|poke|p1|Zamazenta-*|
|poke|p1|Ogerpon-Wellspring, F|
|poke|p1|Glimmora, F|
|poke|p1|Moltres-Galar|
|poke|p2|Pelipper, F|
|poke|p2|Raging Bolt|
|poke|p2|Overqwil, F|
|poke|p2|Barraskewda, M|
|poke|p2|Iron Treads|
|poke|p2|Kingambit, F|
|teampreview
|c|☆LowEL0God|hf
|inactive|Battle timer is ON: inactive players will automatically lose when time's up. (requested by LowEL0God)
|
|t:|1781246947
|teamsize|p1|6
|teamsize|p2|6
|start
|switch|p1a: Glimmora|Glimmora, F|100/100
|switch|p2a: Raging Bolt|Raging Bolt|100/100
|-enditem|p2a: Raging Bolt|Booster Energy
|-activate|p2a: Raging Bolt|ability: Protosynthesis|[fromitem]
|-start|p2a: Raging Bolt|protosynthesisspa
|turn|1
|
|t:|1781246958
|move|p1a: Glimmora|Stealth Rock|p2a: Raging Bolt
|-sidestart|p2: LowEL0God|move: Stealth Rock
|move|p2a: Raging Bolt|Thunder|p1a: Glimmora|[miss]
|-miss|p2a: Raging Bolt|p1a: Glimmora
|
|upkeep
|turn|2
|
|t:|1781246966
|move|p1a: Glimmora|Earth Power|p2a: Raging Bolt
|-supereffective|p2a: Raging Bolt
|-damage|p2a: Raging Bolt|44/100
|move|p2a: Raging Bolt|Thunder|p1a: Glimmora
|-damage|p1a: Glimmora|0 fnt
|faint|p1a: Glimmora
|
|upkeep
|
|t:|1781246973
|switch|p1a: Deoxys|Deoxys-Speed|100/100
|-ability|p1a: Deoxys|Pressure
|turn|3
|
|t:|1781246974
|move|p1a: Deoxys|Light Screen|p1a: Deoxys
|-sidestart|p1: m5322|move: Light Screen
|move|p2a: Raging Bolt|Thunder|p1a: Deoxys
|-damage|p1a: Deoxys|47/100
|
|upkeep
|turn|4
|
|t:|1781246978
|move|p1a: Deoxys|Reflect|p1a: Deoxys
|-sidestart|p1: m5322|Reflect
|move|p2a: Raging Bolt|Thunder|p1a: Deoxys
|-damage|p1a: Deoxys|0 fnt
|faint|p1a: Deoxys
|
|upkeep
|
|t:|1781246986
|switch|p1a: Zamazenta|Zamazenta|100/100
|-ability|p1a: Zamazenta|Dauntless Shield|boost
|-boost|p1a: Zamazenta|def|1
|turn|5
|
|t:|1781246989
|-terastallize|p1a: Zamazenta|Electric
|move|p2a: Raging Bolt|Thunderclap||[still]
|-fail|p2a: Raging Bolt
|move|p1a: Zamazenta|Substitute|p1a: Zamazenta
|-start|p1a: Zamazenta|Substitute
|-damage|p1a: Zamazenta|76/100
|
|-heal|p1a: Zamazenta|82/100|[from] item: Leftovers
|upkeep
|turn|6
|
|t:|1781246995
|-end|p2a: Raging Bolt|Protosynthesis|[silent]
|switch|p2a: Pelipper|Pelipper, F|100/100
|-damage|p2a: Pelipper|76/100|[from] Stealth Rock
|-weather|RainDance|[from] ability: Drizzle|[of] p2a: Pelipper
|move|p1a: Zamazenta|Body Press|p2a: Pelipper
|-resisted|p2a: Pelipper
|-damage|p2a: Pelipper|54/100
|
|-weather|RainDance|[upkeep]
|-heal|p1a: Zamazenta|88/100|[from] item: Leftovers
|upkeep
|turn|7
|
|t:|1781246999
|move|p1a: Zamazenta|Iron Defense|p1a: Zamazenta
|-boost|p1a: Zamazenta|def|2
|move|p2a: Pelipper|Roost|p2a: Pelipper
|-heal|p2a: Pelipper|100/100
|-singleturn|p2a: Pelipper|move: Roost
|
|-weather|RainDance|[upkeep]
|-heal|p1a: Zamazenta|94/100|[from] item: Leftovers
|upkeep
|turn|8
|
|t:|1781247002
|move|p1a: Zamazenta|Body Press|p2a: Pelipper
|-resisted|p2a: Pelipper
|-damage|p2a: Pelipper|66/100
|move|p2a: Pelipper|Weather Ball|p1a: Zamazenta
|-activate|p1a: Zamazenta|move: Substitute|[damage]
|
|-weather|RainDance|[upkeep]
|-heal|p1a: Zamazenta|99/100|[from] item: Leftovers
|upkeep
|turn|9
|
|t:|1781247008
|move|p1a: Zamazenta|Iron Defense|p1a: Zamazenta
|-boost|p1a: Zamazenta|def|2
|move|p2a: Pelipper|Roost|p2a: Pelipper
|-heal|p2a: Pelipper|100/100
|-singleturn|p2a: Pelipper|move: Roost
|
|-weather|RainDance|[upkeep]
|-heal|p1a: Zamazenta|100/100|[from] item: Leftovers
|upkeep
|turn|10
|
|t:|1781247011
|move|p1a: Zamazenta|Body Press|p2a: Pelipper
|-resisted|p2a: Pelipper
|-damage|p2a: Pelipper|50/100
|move|p2a: Pelipper|Roost|p2a: Pelipper
|-heal|p2a: Pelipper|99/100
|-singleturn|p2a: Pelipper|move: Roost
|
|-weather|RainDance|[upkeep]
|-sideend|p1: m5322|move: Light Screen
|upkeep
|turn|11
|
|t:|1781247014
|move|p1a: Zamazenta|Body Press|p2a: Pelipper
|-resisted|p2a: Pelipper
|-damage|p2a: Pelipper|48/100
|move|p2a: Pelipper|Roost|p2a: Pelipper
|-heal|p2a: Pelipper|98/100
|-singleturn|p2a: Pelipper|move: Roost
|
|-weather|RainDance|[upkeep]
|-sideend|p1: m5322|Reflect
|upkeep
|turn|12
|
|t:|1781247017
|move|p1a: Zamazenta|Body Press|p2a: Pelipper
|-resisted|p2a: Pelipper
|-damage|p2a: Pelipper|49/100
|move|p2a: Pelipper|Weather Ball|p1a: Zamazenta
|-end|p1a: Zamazenta|Substitute
|
|-weather|RainDance|[upkeep]
|upkeep
|turn|13
|
|t:|1781247024
|move|p1a: Zamazenta|Substitute|p1a: Zamazenta
|-start|p1a: Zamazenta|Substitute
|-damage|p1a: Zamazenta|76/100
|move|p2a: Pelipper|Roost|p2a: Pelipper
|-heal|p2a: Pelipper|99/100
|-singleturn|p2a: Pelipper|move: Roost
|
|-weather|none
|-heal|p1a: Zamazenta|82/100|[from] item: Leftovers
|upkeep
|turn|14
|
|t:|1781247028
|move|p1a: Zamazenta|Heavy Slam|p2a: Pelipper
|-resisted|p2a: Pelipper
|-damage|p2a: Pelipper|87/100
|move|p2a: Pelipper|Roost|p2a: Pelipper
|-heal|p2a: Pelipper|100/100
|-singleturn|p2a: Pelipper|move: Roost
|
|-heal|p1a: Zamazenta|88/100|[from] item: Leftovers
|upkeep
|turn|15
|
|t:|1781247030
|move|p1a: Zamazenta|Heavy Slam|p2a: Pelipper
|-resisted|p2a: Pelipper
|-damage|p2a: Pelipper|89/100
|move|p2a: Pelipper|Roost|p2a: Pelipper
|-heal|p2a: Pelipper|100/100
|-singleturn|p2a: Pelipper|move: Roost
|
|-heal|p1a: Zamazenta|94/100|[from] item: Leftovers
|upkeep
|turn|16
|
|t:|1781247033
|move|p1a: Zamazenta|Heavy Slam|p2a: Pelipper
|-resisted|p2a: Pelipper
|-damage|p2a: Pelipper|88/100
|move|p2a: Pelipper|Roost|p2a: Pelipper
|-heal|p2a: Pelipper|100/100
|-singleturn|p2a: Pelipper|move: Roost
|
|-heal|p1a: Zamazenta|99/100|[from] item: Leftovers
|upkeep
|turn|17
|
|t:|1781247036
|move|p1a: Zamazenta|Body Press|p2a: Pelipper
|-resisted|p2a: Pelipper
|-damage|p2a: Pelipper|50/100
|move|p2a: Pelipper|U-turn|p1a: Zamazenta
|-activate|p1a: Zamazenta|move: Substitute|[damage]
|
|t:|1781247036
|switch|p2a: Iron Treads|Iron Treads|100/100|[from] U-turn
|-damage|p2a: Iron Treads|97/100|[from] Stealth Rock
|-enditem|p2a: Iron Treads|Booster Energy
|-activate|p2a: Iron Treads|ability: Quark Drive|[fromitem]
|-start|p2a: Iron Treads|quarkdrivespe
|
|-heal|p1a: Zamazenta|100/100|[from] item: Leftovers
|upkeep
|turn|18
|
|t:|1781247039
|-terastallize|p2a: Iron Treads|Ghost
|move|p2a: Iron Treads|Rapid Spin|p1a: Zamazenta
|-activate|p1a: Zamazenta|move: Substitute|[damage]
|-sideend|p2: LowEL0God|Stealth Rock|[from] move: Rapid Spin|[of] p2a: Iron Treads
|-boost|p2a: Iron Treads|spe|1
|move|p1a: Zamazenta|Body Press|p2a: Iron Treads
|-immune|p2a: Iron Treads
|
|upkeep
|turn|19
|
|t:|1781247044
|move|p2a: Iron Treads|Stealth Rock|p1a: Zamazenta
|-sidestart|p1: m5322|move: Stealth Rock
|move|p1a: Zamazenta|Heavy Slam|p2a: Iron Treads
|-damage|p2a: Iron Treads|87/100
|
|upkeep
|turn|20
|
|t:|1781247046
|move|p2a: Iron Treads|Earth Power|p1a: Zamazenta
|-supereffective|p1a: Zamazenta
|-end|p1a: Zamazenta|Substitute
|move|p1a: Zamazenta|Heavy Slam|p2a: Iron Treads
|-damage|p2a: Iron Treads|78/100
|
|upkeep
|turn|21
|
|t:|1781247055
|switch|p1a: Ogerpon|Ogerpon-Wellspring, F|100/100
|-damage|p1a: Ogerpon|88/100|[from] Stealth Rock
|move|p2a: Iron Treads|Earth Power|p1a: Ogerpon
|-resisted|p1a: Ogerpon
|-damage|p1a: Ogerpon|68/100
|
|upkeep
|turn|22
|
|t:|1781247058
|-end|p2a: Iron Treads|Quark Drive|[silent]
|switch|p2a: Kingambit|Kingambit, F|100/100
|move|p1a: Ogerpon|Horn Leech|p2a: Kingambit
|-resisted|p2a: Kingambit
|-damage|p2a: Kingambit|83/100
|-heal|p1a: Ogerpon|80/100|[from] drain|[of] p2a: Kingambit
|
|-heal|p2a: Kingambit|89/100|[from] item: Leftovers
|upkeep
|turn|23
|
|t:|1781247065
|move|p1a: Ogerpon|Ivy Cudgel|p2a: Kingambit|[anim] Ivy Cudgel Water
|-damage|p2a: Kingambit|45/100
|move|p2a: Kingambit|Kowtow Cleave|p1a: Ogerpon
|-damage|p1a: Ogerpon|14/100
|
|-heal|p2a: Kingambit|52/100|[from] item: Leftovers
|upkeep
|turn|24
|
|t:|1781247073
|move|p1a: Ogerpon|Swords Dance|p1a: Ogerpon
|-boost|p1a: Ogerpon|atk|2
|move|p2a: Kingambit|Kowtow Cleave|p1a: Ogerpon
|-damage|p1a: Ogerpon|0 fnt
|faint|p1a: Ogerpon
|
|-heal|p2a: Kingambit|58/100|[from] item: Leftovers
|upkeep
|
|t:|1781247079
|switch|p1a: Zamazenta|Zamazenta, tera:Electric|100/100
|-damage|p1a: Zamazenta|88/100|[from] Stealth Rock
|turn|25
|
|t:|1781247087
|switch|p1a: Moltres|Moltres-Galar|100/100
|-damage|p1a: Moltres|75/100|[from] Stealth Rock
|-end|p2a: Kingambit|fallenundefined|[silent]
|switch|p2a: Iron Treads|Iron Treads, tera:Ghost|78/100
|
|upkeep
|turn|26
|
|t:|1781247092
|-end|p2a: Iron Treads|Quark Drive|[silent]
|switch|p2a: Kingambit|Kingambit, F|58/100
|move|p1a: Moltres|Agility|p1a: Moltres
|-boost|p1a: Moltres|spe|2
|
|-heal|p2a: Kingambit|64/100|[from] item: Leftovers
|upkeep
|turn|27
|
|t:|1781247096
|move|p1a: Moltres|Fiery Wrath|p2a: Kingambit
|-resisted|p2a: Kingambit
|-damage|p2a: Kingambit|42/100
|move|p2a: Kingambit|Iron Head|p1a: Moltres
|-damage|p1a: Moltres|25/100
|-ability|p1a: Moltres|Berserk|boost
|-boost|p1a: Moltres|spa|1
|-enditem|p1a: Moltres|Sitrus Berry|[eat]
|-heal|p1a: Moltres|50/100|[from] item: Sitrus Berry
|
|-heal|p2a: Kingambit|48/100|[from] item: Leftovers
|upkeep
|turn|28
|
|t:|1781247099
|move|p1a: Moltres|Fiery Wrath|p2a: Kingambit
|-resisted|p2a: Kingambit
|-damage|p2a: Kingambit|18/100
|move|p2a: Kingambit|Iron Head|p1a: Moltres
|-damage|p1a: Moltres|0 fnt
|faint|p1a: Moltres
|
|-heal|p2a: Kingambit|24/100|[from] item: Leftovers
|upkeep
|
|t:|1781247102
|switch|p1a: Zamazenta|Zamazenta, tera:Electric|88/100
|-damage|p1a: Zamazenta|76/100|[from] Stealth Rock
|turn|29
|
|t:|1781247105
|-end|p2a: Kingambit|fallenundefined|[silent]
|switch|p2a: Iron Treads|Iron Treads, tera:Ghost|78/100
|move|p1a: Zamazenta|Heavy Slam|p2a: Iron Treads
|-damage|p2a: Iron Treads|67/100
|
|-heal|p1a: Zamazenta|82/100|[from] item: Leftovers
|upkeep
|turn|30
|
|t:|1781247108
|move|p1a: Zamazenta|Heavy Slam|p2a: Iron Treads
|-damage|p2a: Iron Treads|58/100
|move|p2a: Iron Treads|Earth Power|p1a: Zamazenta
|-supereffective|p1a: Zamazenta
|-damage|p1a: Zamazenta|21/100
|
|-heal|p1a: Zamazenta|27/100|[from] item: Leftovers
|upkeep
|turn|31
|
|t:|1781247114
|move|p1a: Zamazenta|Body Press|p2a: Iron Treads
|-immune|p2a: Iron Treads
|move|p2a: Iron Treads|Earth Power|p1a: Zamazenta
|-supereffective|p1a: Zamazenta
|-damage|p1a: Zamazenta|0 fnt
|faint|p1a: Zamazenta
|
|upkeep
|
|t:|1781247116
|switch|p1a: Ceruledge|Ceruledge, M|100/100
|-damage|p1a: Ceruledge|76/100|[from] Stealth Rock
|turn|32
|
|t:|1781247118
|move|p2a: Iron Treads|Earth Power|p1a: Ceruledge
|-supereffective|p1a: Ceruledge
|-damage|p1a: Ceruledge|0 fnt
|faint|p1a: Ceruledge
|
|win|LowEL0God
|raw|m5322's rating: 1530 &rarr; <strong>1513</strong><br />(-17 for losing)
|raw|LowEL0God's rating: 1586 &rarr; <strong>1603</strong><br />(+17 for winning)
|c|☆LowEL0God|gg
|l|☆LowEL0God
|player|p2|
