|j|☆biryanilover
|j|☆my2005
|t:|1781242778
|gametype|singles
|player|p1|biryanilover|2|1538
|player|p2|my2005|170|1624
|gen|9
|tier|[Gen 9] OU
|rated|
|rule|HP Percentage Mod: HP is shown in percentages
|rule|Endless Battle Clause: Forcing endless battles is banned
|rule|Species Clause: Limit one of each Pokémon
|rule|OHKO Clause: OHKO moves are banned
|rule|Evasion Items Clause: Evasion items are banned
|rule|Evasion Moves Clause: Evasion moves are banned
|rule|Evasion Abilities Clause: Evasion abilities are banned
|rule|Sleep Moves Clause: Sleep-inducing moves are banned
|clearpoke
|poke|p1|Rillaboom, M|
|poke|p1|Heatran, M|
|poke|p1|Walking Wake|
|poke|p1|Landorus-Therian, M|
|poke|p1|Zamazenta-*|
|poke|p1|Weezing-Galar, M|
|poke|p2|Slowking-Galar, M|
|poke|p2|Whimsicott, M|
|poke|p2|Kyurem|
|poke|p2|Cinderace, M|
|poke|p2|Great Tusk|
|poke|p2|Alomomola, M|
|teampreview
|inactive|Battle timer is ON: inactive players will automatically lose when time's up. (requested by biryanilover)
|
|t:|1781242792
|teamsize|p1|6
|teamsize|p2|6
|start
|switch|p1a: Walking Wake|Walking Wake|100/100
|switch|p2a: Kyurem|Kyurem|100/100
|-ability|p2a: Kyurem|Pressure
|turn|1
|
|t:|1781242795
|move|p2a: Kyurem|Protect|p2a: Kyurem
|-singleturn|p2a: Kyurem|Protect
|move|p1a: Walking Wake|Dragon Pulse|p2a: Kyurem
|-activate|p2a: Kyurem|move: Protect
|
|upkeep
|turn|2
|
|t:|1781242800
|switch|p2a: Whimsicott|Whimsicott, M|100/100
|move|p1a: Walking Wake|Substitute|p1a: Walking Wake
|-start|p1a: Walking Wake|Substitute
|-damage|p1a: Walking Wake|76/100
|
|-heal|p1a: Walking Wake|82/100|[from] item: Leftovers
|upkeep
|turn|3
|
|t:|1781242804
|-end|p1a: Walking Wake|Protosynthesis|[silent]
|switch|p1a: Heatran|Heatran, M|100/100
|move|p2a: Whimsicott|Encore||[still]
|-fail|p2a: Whimsicott
|
|upkeep
|turn|4
|
|t:|1781242807
|switch|p2a: Alomomola|Alomomola, M|100/100
|move|p1a: Heatran|Magma Storm|p2a: Alomomola|[miss]
|-miss|p1a: Heatran|p2a: Alomomola
|
|upkeep
|turn|5
|
|t:|1781242811
|move|p1a: Heatran|Stealth Rock|p2a: Alomomola
|-sidestart|p2: my2005|move: Stealth Rock
|move|p2a: Alomomola|Flip Turn|p1a: Heatran
|-supereffective|p1a: Heatran
|-damage|p1a: Heatran|73/100
|
|t:|1781242815
|switch|p2a: Kyurem|Kyurem|100/100|[from] Flip Turn
|-damage|p2a: Kyurem|76/100|[from] Stealth Rock
|-ability|p2a: Kyurem|Pressure
|
|-heal|p2a: Kyurem|82/100|[from] item: Leftovers
|-heal|p1a: Heatran|79/100|[from] item: Leftovers
|upkeep
|turn|6
|
|t:|1781242819
|move|p2a: Kyurem|Substitute|p2a: Kyurem
|-start|p2a: Kyurem|Substitute
|-damage|p2a: Kyurem|57/100
|move|p1a: Heatran|Magma Storm|p2a: Kyurem
|-end|p2a: Kyurem|Substitute
|
|-heal|p2a: Kyurem|63/100|[from] item: Leftovers
|-heal|p1a: Heatran|85/100|[from] item: Leftovers
|upkeep
|turn|7
|
|t:|1781242825
|switch|p1a: Walking Wake|Walking Wake|82/100
|move|p2a: Kyurem|Protect||[still]
|-fail|p2a: Kyurem
|
|-heal|p1a: Walking Wake|88/100|[from] item: Leftovers
|-heal|p2a: Kyurem|69/100|[from] item: Leftovers
|upkeep
|turn|8
|
|t:|1781242829
|move|p2a: Kyurem|Protect|p2a: Kyurem
|-singleturn|p2a: Kyurem|Protect
|move|p1a: Walking Wake|Dragon Pulse|p2a: Kyurem
|-activate|p2a: Kyurem|move: Protect
|
|-heal|p1a: Walking Wake|94/100|[from] item: Leftovers
|-heal|p2a: Kyurem|75/100|[from] item: Leftovers
|upkeep
|turn|9
|j| HITMAN9191
|
|t:|1781242837
|switch|p2a: Slowking|Slowking-Galar, M|100/100
|-damage|p2a: Slowking|88/100|[from] Stealth Rock
|move|p1a: Walking Wake|Knock Off|p2a: Slowking
|-supereffective|p2a: Slowking
|-damage|p2a: Slowking|58/100
|-enditem|p2a: Slowking|Assault Vest|[from] move: Knock Off|[of] p1a: Walking Wake
|
|-heal|p1a: Walking Wake|100/100|[from] item: Leftovers
|upkeep
|turn|10
|
|t:|1781242845
|move|p1a: Walking Wake|Substitute|p1a: Walking Wake
|-start|p1a: Walking Wake|Substitute
|-damage|p1a: Walking Wake|76/100
|move|p2a: Slowking|Psychic Noise|p1a: Walking Wake
|-damage|p1a: Walking Wake|31/100
|-start|p1a: Walking Wake|move: Heal Block
|
|upkeep
|turn|11
|
|t:|1781242860
|-end|p1a: Walking Wake|Protosynthesis|[silent]
|switch|p1a: Heatran|Heatran, M|85/100
|switch|p2a: Alomomola|Alomomola, M|100/100
|-damage|p2a: Alomomola|88/100|[from] Stealth Rock
|
|-heal|p1a: Heatran|91/100|[from] item: Leftovers
|upkeep
|turn|12
|
|t:|1781242867
|move|p1a: Heatran|Taunt|p2a: Alomomola
|-start|p2a: Alomomola|move: Taunt
|move|p2a: Alomomola|Flip Turn|p1a: Heatran
|-supereffective|p1a: Heatran
|-damage|p1a: Heatran|62/100
|l| HITMAN9191
|
|t:|1781242876
|switch|p2a: Great Tusk|Great Tusk|100/100|[from] Flip Turn
|-damage|p2a: Great Tusk|97/100|[from] Stealth Rock
|-enditem|p2a: Great Tusk|Booster Energy
|-activate|p2a: Great Tusk|ability: Protosynthesis|[fromitem]
|-start|p2a: Great Tusk|protosynthesisspe
|
|-heal|p1a: Heatran|68/100|[from] item: Leftovers
|upkeep
|turn|13
|
|t:|1781242878
|move|p2a: Great Tusk|Rapid Spin|p1a: Heatran
|-resisted|p1a: Heatran
|-damage|p1a: Heatran|62/100
|-boost|p2a: Great Tusk|spe|1
|-sideend|p2: my2005|Stealth Rock|[from] move: Rapid Spin|[of] p2a: Great Tusk
|move|p1a: Heatran|Magma Storm|p2a: Great Tusk
|-damage|p2a: Great Tusk|41/100
|-activate|p2a: Great Tusk|move: Magma Storm|[of] p1a: Heatran
|
|-heal|p1a: Heatran|68/100|[from] item: Leftovers
|-damage|p2a: Great Tusk|28/100|[from] move: Magma Storm|[partiallytrapped]
|upkeep
|turn|14
|
|t:|1781242885
|switch|p1a: Landorus|Landorus-Therian, M|100/100
|-ability|p1a: Landorus|Intimidate|boost
|-unboost|p2a: Great Tusk|atk|1
|move|p2a: Great Tusk|Ice Spinner|p1a: Landorus
|-supereffective|p1a: Landorus
|-damage|p1a: Landorus|41/100
|-damage|p2a: Great Tusk|12/100|[from] item: Rocky Helmet|[of] p1a: Landorus
|
|-end|p2a: Great Tusk|Magma Storm|[partiallytrapped]|[silent]
|upkeep
|turn|15
|
|t:|1781242894
|move|p2a: Great Tusk|Ice Spinner|p1a: Landorus
|-supereffective|p1a: Landorus
|-damage|p1a: Landorus|0 fnt
|-damage|p2a: Great Tusk|0 fnt|[from] item: Rocky Helmet|[of] p1a: Landorus
|faint|p1a: Landorus
|faint|p2a: Great Tusk
|-end|p2a: Great Tusk|Protosynthesis|[silent]
|
|upkeep
|
|t:|1781242899
|switch|p1a: Walking Wake|Walking Wake|31/100
|switch|p2a: Kyurem|Kyurem|75/100
|-ability|p2a: Kyurem|Pressure
|turn|16
|
|t:|1781242905
|switch|p2a: Slowking|Slowking-Galar, M|91/100
|move|p1a: Walking Wake|Substitute|p1a: Walking Wake
|-start|p1a: Walking Wake|Substitute
|-damage|p1a: Walking Wake|6/100
|
|-heal|p1a: Walking Wake|13/100|[from] item: Leftovers
|upkeep
|turn|17
|
|t:|1781242909
|-end|p1a: Walking Wake|Protosynthesis|[silent]
|switch|p1a: Heatran|Heatran, M|68/100
|switch|p2a: Alomomola|Alomomola, M|100/100
|
|-heal|p1a: Heatran|75/100|[from] item: Leftovers
|upkeep
|turn|18
|
|t:|1781242913
|move|p1a: Heatran|Stealth Rock|p2a: Alomomola
|-sidestart|p2: my2005|move: Stealth Rock
|move|p2a: Alomomola|Flip Turn|p1a: Heatran
|-supereffective|p1a: Heatran
|-damage|p1a: Heatran|45/100
|
|t:|1781242919
|switch|p2a: Kyurem|Kyurem|75/100|[from] Flip Turn
|-damage|p2a: Kyurem|50/100|[from] Stealth Rock
|-ability|p2a: Kyurem|Pressure
|
|-heal|p2a: Kyurem|56/100|[from] item: Leftovers
|-heal|p1a: Heatran|51/100|[from] item: Leftovers
|upkeep
|turn|19
|
|t:|1781242922
|move|p2a: Kyurem|Earth Power|p1a: Heatran
|-supereffective|p1a: Heatran
|-damage|p1a: Heatran|0 fnt
|faint|p1a: Heatran
|
|-heal|p2a: Kyurem|62/100|[from] item: Leftovers
|upkeep
|
|t:|1781242925
|switch|p1a: Walking Wake|Walking Wake|13/100
|turn|20
|
|t:|1781242932
|switch|p2a: Slowking|Slowking-Galar, M|100/100
|-damage|p2a: Slowking|88/100|[from] Stealth Rock
|move|p1a: Walking Wake|Dragon Pulse|p2a: Slowking
|-damage|p2a: Slowking|55/100
|
|-heal|p1a: Walking Wake|19/100|[from] item: Leftovers
|upkeep
|turn|21
|
|t:|1781242936
|move|p1a: Walking Wake|Scald|p2a: Slowking
|-damage|p2a: Slowking|18/100
|move|p2a: Slowking|Psychic Noise|p1a: Walking Wake
|-damage|p1a: Walking Wake|0 fnt
|faint|p1a: Walking Wake
|-end|p1a: Walking Wake|Protosynthesis|[silent]
|
|upkeep
|
|t:|1781242940
|switch|p1a: Zamazenta|Zamazenta|100/100
|-ability|p1a: Zamazenta|Dauntless Shield|boost
|-boost|p1a: Zamazenta|def|1
|turn|22
|
|t:|1781242943
|switch|p2a: Whimsicott|Whimsicott, M|100/100
|-damage|p2a: Whimsicott|88/100|[from] Stealth Rock
|move|p1a: Zamazenta|Close Combat|p2a: Whimsicott
|-resisted|p2a: Whimsicott
|-damage|p2a: Whimsicott|58/100
|-unboost|p1a: Zamazenta|def|1
|-unboost|p1a: Zamazenta|spd|1
|-damage|p1a: Zamazenta|91/100|[from] item: Life Orb
|
|-heal|p2a: Whimsicott|64/100|[from] item: Leftovers
|upkeep
|turn|23
|
|t:|1781242946
|move|p2a: Whimsicott|Encore|p1a: Zamazenta
|-start|p1a: Zamazenta|Encore
|move|p1a: Zamazenta|Close Combat|p2a: Whimsicott
|-resisted|p2a: Whimsicott
|-damage|p2a: Whimsicott|32/100
|-unboost|p1a: Zamazenta|def|1
|-unboost|p1a: Zamazenta|spd|1
|-damage|p1a: Zamazenta|81/100|[from] item: Life Orb
|
|-heal|p2a: Whimsicott|38/100|[from] item: Leftovers
|upkeep
|turn|24
|
|t:|1781242955
|switch|p1a: Weezing|Weezing-Galar, M|100/100
|-ability|p1a: Weezing|Neutralizing Gas
|switch|p2a: Alomomola|Alomomola, M|100/100
|-damage|p2a: Alomomola|88/100|[from] Stealth Rock
|
|upkeep
|turn|25
|
|t:|1781242961
|move|p1a: Weezing|Will-O-Wisp|p2a: Alomomola
|-status|p2a: Alomomola|brn
|move|p2a: Alomomola|Flip Turn|p1a: Weezing
|-damage|p1a: Weezing|95/100
|
|t:|1781242969
|switch|p2a: Slowking|Slowking-Galar, M|51/100|[from] Flip Turn
|-damage|p2a: Slowking|39/100|[from] Stealth Rock
|
|upkeep
|turn|26
|
|t:|1781242974
|switch|p2a: Alomomola|Alomomola, M|88/100 brn
|-damage|p2a: Alomomola|76/100 brn|[from] Stealth Rock
|move|p1a: Weezing|Will-O-Wisp|p2a: Alomomola|[miss]
|-miss|p1a: Weezing|p2a: Alomomola
|
|-damage|p2a: Alomomola|70/100 brn|[from] brn
|upkeep
|turn|27
|
|t:|1781242978
|move|p1a: Weezing|Strange Steam|p2a: Alomomola
|-damage|p2a: Alomomola|39/100 brn
|move|p2a: Alomomola|Wish|p2a: Alomomola
|
|-damage|p2a: Alomomola|32/100 brn|[from] brn
|upkeep
|turn|28
|
|t:|1781242982
|switch|p2a: Slowking|Slowking-Galar, M|39/100
|-damage|p2a: Slowking|26/100|[from] Stealth Rock
|move|p1a: Weezing|Strange Steam|p2a: Slowking
|-resisted|p2a: Slowking
|-damage|p2a: Slowking|15/100
|
|-heal|p2a: Slowking|87/100|[from] move: Wish|[wisher] Alomomola
|upkeep
|turn|29
|
|t:|1781242985
|move|p1a: Weezing|Will-O-Wisp|p2a: Slowking
|-status|p2a: Slowking|brn
|move|p2a: Slowking|Psychic Noise|p1a: Weezing
|-supereffective|p1a: Weezing
|-damage|p1a: Weezing|0 fnt
|faint|p1a: Weezing
|-end|p1a: Weezing|ability: Neutralizing Gas
|
|-damage|p2a: Slowking|80/100 brn|[from] brn
|upkeep
|
|t:|1781242988
|switch|p1a: Zamazenta|Zamazenta|81/100
|turn|30
|
|t:|1781242992
|-terastallize|p2a: Slowking|Bug
|move|p1a: Zamazenta|Crunch|p2a: Slowking
|-damage|p2a: Slowking|49/100 brn
|-unboost|p2a: Slowking|def|1
|-damage|p1a: Zamazenta|71/100|[from] item: Life Orb
|move|p2a: Slowking|Psychic Noise|p1a: Zamazenta
|-supereffective|p1a: Zamazenta
|-damage|p1a: Zamazenta|0 fnt
|faint|p1a: Zamazenta
|
|-damage|p2a: Slowking|43/100 brn|[from] brn
|upkeep
|
|t:|1781242995
|switch|p1a: Rillaboom|Rillaboom, M|100/100
|-fieldstart|move: Grassy Terrain|[from] ability: Grassy Surge|[of] p1a: Rillaboom
|turn|31
|
|t:|1781243001
|switch|p2a: Alomomola|Alomomola, M|32/100 brn
|-damage|p2a: Alomomola|20/100 brn|[from] Stealth Rock
|move|p1a: Rillaboom|Swords Dance|p1a: Rillaboom
|-boost|p1a: Rillaboom|atk|2
|
|-heal|p2a: Alomomola|26/100 brn|[from] Grassy Terrain
|-damage|p2a: Alomomola|20/100 brn|[from] brn
|upkeep
|turn|32
|
|t:|1781243004
|move|p2a: Alomomola|Protect|p2a: Alomomola
|-singleturn|p2a: Alomomola|Protect
|move|p1a: Rillaboom|Swords Dance|p1a: Rillaboom
|-boost|p1a: Rillaboom|atk|2
|
|-heal|p2a: Alomomola|26/100 brn|[from] Grassy Terrain
|-damage|p2a: Alomomola|20/100 brn|[from] brn
|upkeep
|turn|33
|
|t:|1781243009
|-terastallize|p1a: Rillaboom|Grass
|move|p1a: Rillaboom|Grassy Glide|p2a: Alomomola
|-supereffective|p2a: Alomomola
|-damage|p2a: Alomomola|0 fnt
|-damage|p1a: Rillaboom|84/100|[from] item: Rocky Helmet|[of] p2a: Alomomola
|faint|p2a: Alomomola
|
|-heal|p1a: Rillaboom|90/100|[from] Grassy Terrain
|upkeep
|
|t:|1781243013
|switch|p2a: Kyurem|Kyurem|62/100
|-damage|p2a: Kyurem|37/100|[from] Stealth Rock
|-ability|p2a: Kyurem|Pressure
|turn|34
|
|t:|1781243017
|move|p2a: Kyurem|Protect|p2a: Kyurem
|-singleturn|p2a: Kyurem|Protect
|move|p1a: Rillaboom|Swords Dance|p1a: Rillaboom
|-boost|p1a: Rillaboom|atk|2
|
|-heal|p2a: Kyurem|43/100|[from] Grassy Terrain
|-heal|p2a: Kyurem|49/100|[from] item: Leftovers
|-heal|p1a: Rillaboom|96/100|[from] Grassy Terrain
|upkeep
|turn|35
|
|t:|1781243022
|move|p2a: Kyurem|Protect||[still]
|-fail|p2a: Kyurem
|move|p1a: Rillaboom|Grassy Glide|p2a: Kyurem
|-resisted|p2a: Kyurem
|-damage|p2a: Kyurem|0 fnt
|faint|p2a: Kyurem
|
|-heal|p1a: Rillaboom|100/100|[from] Grassy Terrain
|upkeep
|
|t:|1781243026
|switch|p2a: Whimsicott|Whimsicott, M|38/100
|-damage|p2a: Whimsicott|26/100|[from] Stealth Rock
|turn|36
|
|t:|1781243032
|move|p1a: Rillaboom|Grassy Glide|p2a: Whimsicott
|-resisted|p2a: Whimsicott
|-damage|p2a: Whimsicott|0 fnt
|faint|p2a: Whimsicott
|
|upkeep
|-message|my2005 forfeited.
|
|win|biryanilover
|raw|biryanilover's rating: 1538 &rarr; <strong>1563</strong><br />(+25 for winning)
|raw|my2005's rating: 1624 &rarr; <strong>1599</strong><br />(-25 for losing)
|l|☆my2005
|player|p2|
|j| HITMAN9191
|l| HITMAN9191
