|badge|p2|bronze|gen9ou|100-9
|uhtml|medal-msg|<div class="broadcast-blue">Curious what those medals under the avatar are? PS now has Ladder Seasons! For more information, check out the <a href="https://www.smogon.com/forums/threads/3740067/">thread on Smogon.</a></div>
|j|☆hyp4roffender
|j|‽lt_alt1
|t:|1780982600
|gametype|singles
|player|p1|hyp4roffender|266|1641
|player|p2|lt_alt1|170|1857
|gen|9
|tier|[Gen 9] OU
|rated|
|rule|HP Percentage Mod: HP is shown in percentages
|rule|Endless Battle Clause: Forcing endless battles is banned
|rule|Species Clause: Limit one of each Pokémon
|rule|OHKO Clause: OHKO moves are banned
|rule|Evasion Items Clause: Evasion items are banned
|rule|Evasion Moves Clause: Evasion moves are banned
|rule|Evasion Abilities Clause: Evasion abilities are banned
|rule|Sleep Moves Clause: Sleep-inducing moves are banned
|clearpoke
|poke|p1|Dragapult, F|
|poke|p1|Gliscor, F|
|poke|p1|Ogerpon-Wellspring, F|
|poke|p1|Iron Crown|
|poke|p1|Ting-Lu|
|poke|p1|Kingambit, M|
|poke|p2|Darkrai|
|poke|p2|Slowking-Galar, M|
|poke|p2|Gholdengo|
|poke|p2|Iron Treads|
|poke|p2|Raging Bolt|
|poke|p2|Gliscor, F|
|teampreview
|j| euphoricpoptarts
|j| Ninkvhdin
|
|t:|1780982628
|teamsize|p1|6
|teamsize|p2|6
|start
|switch|p1a: Ogerpon|Ogerpon-Wellspring, F|100/100
|switch|p2a: Slowking|Slowking-Galar, M|100/100
|turn|1
|
|t:|1780982638
|move|p1a: Ogerpon|Knock Off|p2a: Slowking
|-supereffective|p2a: Slowking
|-damage|p2a: Slowking|30/100
|-enditem|p2a: Slowking|Leftovers|[from] move: Knock Off|[of] p1a: Ogerpon
|move|p2a: Slowking|Future Sight|p1a: Ogerpon
|-start|p2a: Slowking|move: Future Sight
|
|upkeep
|turn|2
|
|t:|1780982657
|-terastallize|p2a: Slowking|Water
|move|p1a: Ogerpon|U-turn|p2a: Slowking
|-damage|p2a: Slowking|6/100
|
|t:|1780982667
|switch|p1a: Gliscor|Gliscor, F|100/100|[from] U-turn
|move|p2a: Slowking|Thunder Wave|p1a: Gliscor
|-immune|p1a: Gliscor
|
|-status|p1a: Gliscor|tox|[from] item: Toxic Orb
|upkeep
|turn|3
|
|t:|1780982698
|switch|p2a: Iron Treads|Iron Treads|100/100
|move|p1a: Gliscor|Protect||[still]
|-fail|p1a: Gliscor
|
|-end|p1a: Gliscor|move: Future Sight
|-damage|p1a: Gliscor|60/100 tox
|-heal|p1a: Gliscor|72/100 tox|[from] ability: Poison Heal
|upkeep
|turn|4
|inactive|Battle timer is ON: inactive players will automatically lose when time's up. (requested by hyp4roffender)
|
|t:|1780982715
|-end|p2a: Iron Treads|Quark Drive|[silent]
|switch|p2a: Slowking|Slowking-Galar, M, tera:Water|39/100
|switch|p1a: Ogerpon|Ogerpon-Wellspring, F|100/100
|
|upkeep
|turn|5
|
|t:|1780982723
|switch|p2a: Gliscor|Gliscor, F|100/100
|move|p1a: Ogerpon|U-turn|p2a: Gliscor
|-resisted|p2a: Gliscor
|-damage|p2a: Gliscor|89/100
|
|t:|1780982725
|switch|p1a: Gliscor|Gliscor, F|72/100 tox|[from] U-turn
|
|-heal|p1a: Gliscor|85/100 tox|[from] ability: Poison Heal
|-status|p2a: Gliscor|tox|[from] item: Toxic Orb
|upkeep
|turn|6
|
|t:|1780982729
|move|p1a: Gliscor|Toxic Spikes|p2a: Gliscor
|-sidestart|p2: lt_alt1|move: Toxic Spikes
|move|p2a: Gliscor|Spikes|p1a: Gliscor
|-sidestart|p1: hyp4roffender|Spikes
|
|-heal|p1a: Gliscor|97/100 tox|[from] ability: Poison Heal
|-heal|p2a: Gliscor|100/100 tox|[from] ability: Poison Heal
|upkeep
|turn|7
|
|t:|1780982732
|move|p1a: Gliscor|Toxic Spikes|p2a: Gliscor
|-sidestart|p2: lt_alt1|move: Toxic Spikes
|move|p2a: Gliscor|Spikes|p1a: Gliscor
|-sidestart|p1: hyp4roffender|Spikes
|
|-heal|p1a: Gliscor|100/100 tox|[from] ability: Poison Heal
|upkeep
|turn|8
|
|t:|1780982740
|switch|p1a: Kingambit|Kingambit, M|100/100
|-item|p1a: Kingambit|Air Balloon
|move|p2a: Gliscor|Toxic|p1a: Kingambit
|-immune|p1a: Kingambit
|
|upkeep
|turn|9
|
|t:|1780982752
|move|p2a: Gliscor|Knock Off|p1a: Kingambit
|-resisted|p1a: Kingambit
|-damage|p1a: Kingambit|92/100
|-enditem|p1a: Kingambit|Air Balloon
|move|p1a: Kingambit|Swords Dance|p1a: Kingambit
|-boost|p1a: Kingambit|atk|2
|
|upkeep
|turn|10
|inactive|lt_alt1 has 120 seconds left.
|
|t:|1780982788
|move|p2a: Gliscor|Spikes|p1a: Kingambit
|-sidestart|p1: hyp4roffender|Spikes
|move|p1a: Kingambit|Kowtow Cleave|p2a: Gliscor
|-damage|p2a: Gliscor|32/100 tox
|
|-heal|p2a: Gliscor|44/100 tox|[from] ability: Poison Heal
|upkeep
|turn|11
|inactive|lt_alt1 has 120 seconds left.
|
|t:|1780982799
|move|p1a: Kingambit|Sucker Punch|p2a: Gliscor
|-damage|p2a: Gliscor|0 fnt
|faint|p2a: Gliscor
|
|upkeep
|
|t:|1780982801
|switch|p2a: Iron Treads|Iron Treads|100/100
|turn|12
|
|t:|1780982805
|move|p2a: Iron Treads|Rapid Spin|p1a: Kingambit
|-resisted|p1a: Kingambit
|-damage|p1a: Kingambit|86/100
|-boost|p2a: Iron Treads|spe|1
|-sideend|p2: lt_alt1|Toxic Spikes|[from] move: Rapid Spin|[of] p2a: Iron Treads
|move|p1a: Kingambit|Low Kick|p2a: Iron Treads
|-supereffective|p2a: Iron Treads
|-damage|p2a: Iron Treads|0 fnt
|faint|p2a: Iron Treads
|-end|p2a: Iron Treads|Quark Drive|[silent]
|
|upkeep
|
|t:|1780982807
|switch|p2a: Darkrai|Darkrai|100/100
|turn|13
|
|t:|1780982815
|move|p2a: Darkrai|Nasty Plot|p2a: Darkrai
|-boost|p2a: Darkrai|spa|2
|move|p1a: Kingambit|Low Kick|p2a: Darkrai
|-supereffective|p2a: Darkrai
|-damage|p2a: Darkrai|0 fnt
|faint|p2a: Darkrai
|
|upkeep
|-message|lt_alt1 forfeited.
|
|win|hyp4roffender
|raw|hyp4roffender's rating: 1641 &rarr; <strong>1672</strong><br />(+31 for winning)
|raw|lt_alt1's rating: 1857 &rarr; <strong>1826</strong><br />(-31 for losing)
|l|‽lt_alt1
|player|p2|
|l| euphoricpoptarts
|l|☆hyp4roffender
|player|p1|
|l| Ninkvhdin
