|j|☆talveznao
|j|☆Ryan's World
|t:|1781469565
|gametype|singles
|player|p1|talveznao|evelyn|1607
|player|p2|Ryan's World|102|1611
|gen|9
|tier|[Gen 9] OU
|rated|
|rule|HP Percentage Mod: HP is shown in percentages
|rule|Endless Battle Clause: Forcing endless battles is banned
|rule|Species Clause: Limit one of each Pokémon
|rule|OHKO Clause: OHKO moves are banned
|rule|Evasion Items Clause: Evasion items are banned
|rule|Evasion Moves Clause: Evasion moves are banned
|rule|Evasion Abilities Clause: Evasion abilities are banned
|rule|Sleep Moves Clause: Sleep-inducing moves are banned
|clearpoke
|poke|p1|Ogerpon-Wellspring, F|
|poke|p1|Kingambit, M|
|poke|p1|Glimmora, F|
|poke|p1|Iron Valiant|
|poke|p1|Deoxys-Speed|
|poke|p1|Great Tusk|
|poke|p2|Ceruledge, F|
|poke|p2|Deoxys-Speed|
|poke|p2|Slowking-Galar, M|
|poke|p2|Grimmsnarl, M|
|poke|p2|Kyurem|
|poke|p2|Great Tusk|
|teampreview
|j| UmbrusHD
|inactive|Battle timer is ON: inactive players will automatically lose when time's up. (requested by Ryan's World)
|inactive|talveznao also wants the timer to be on.
|
|t:|1781469580
|teamsize|p1|6
|teamsize|p2|6
|start
|switch|p1a: Glimmora|Glimmora, F|100/100
|switch|p2a: Kyurem|Kyurem|100/100
|-ability|p2a: Kyurem|Pressure
|turn|1
|
|t:|1781469608
|move|p2a: Kyurem|Earth Power|p1a: Glimmora
|-supereffective|p1a: Glimmora
|-damage|p1a: Glimmora|0 fnt
|faint|p1a: Glimmora
|
|upkeep
|
|t:|1781469614
|switch|p1a: Iron Valiant|Iron Valiant|100/100
|-enditem|p1a: Iron Valiant|Booster Energy
|-activate|p1a: Iron Valiant|ability: Quark Drive|[fromitem]
|-start|p1a: Iron Valiant|quarkdrivespe
|turn|2
|
|t:|1781469630
|switch|p2a: Slowking|Slowking-Galar, M|100/100
|move|p1a: Iron Valiant|Knock Off|p2a: Slowking
|-supereffective|p2a: Slowking
|-damage|p2a: Slowking|28/100
|-enditem|p2a: Slowking|Life Orb|[from] move: Knock Off|[of] p1a: Iron Valiant
|
|upkeep
|turn|3
|inactive|talveznao has 120 seconds left.
|
|t:|1781469661
|move|p1a: Iron Valiant|Knock Off|p2a: Slowking
|-supereffective|p2a: Slowking
|-damage|p2a: Slowking|0 fnt
|faint|p2a: Slowking
|
|upkeep
|
|t:|1781469665
|switch|p2a: Grimmsnarl|Grimmsnarl, M|100/100
|turn|4
|inactive|talveznao has 120 seconds left.
|
|t:|1781469677
|move|p2a: Grimmsnarl|Light Screen|p2a: Grimmsnarl
|-sidestart|p2: Ryan's World|move: Light Screen
|move|p1a: Iron Valiant|Moonblast|p2a: Grimmsnarl
|-supereffective|p2a: Grimmsnarl
|-damage|p2a: Grimmsnarl|66/100
|
|upkeep
|turn|5
|
|t:|1781469681
|move|p2a: Grimmsnarl|Reflect|p2a: Grimmsnarl
|-sidestart|p2: Ryan's World|Reflect
|move|p1a: Iron Valiant|Encore|p2a: Grimmsnarl
|-start|p2a: Grimmsnarl|Encore
|
|upkeep
|turn|6
|
|t:|1781469687
|switch|p2a: Ceruledge|Ceruledge, F|100/100
|move|p1a: Iron Valiant|Moonblast|p2a: Ceruledge
|-resisted|p2a: Ceruledge
|-damage|p2a: Ceruledge|87/100
|
|upkeep
|turn|7
|
|t:|1781469693
|move|p1a: Iron Valiant|Moonblast|p2a: Ceruledge
|-resisted|p2a: Ceruledge
|-damage|p2a: Ceruledge|74/100
|-unboost|p2a: Ceruledge|spa|1
|move|p2a: Ceruledge|Bitter Blade|p1a: Iron Valiant
|-damage|p1a: Iron Valiant|23/100
|-heal|p2a: Ceruledge|100/100|[from] drain|[of] p1a: Iron Valiant
|-damage|p2a: Ceruledge|91/100|[from] item: Life Orb
|
|upkeep
|turn|8
|inactive|talveznao has 120 seconds left.
|
|t:|1781469726
|move|p1a: Iron Valiant|Knock Off|p2a: Ceruledge
|-supereffective|p2a: Ceruledge
|-damage|p2a: Ceruledge|48/100
|-ability|p2a: Ceruledge|Weak Armor|boost
|-unboost|p2a: Ceruledge|def|1
|-boost|p2a: Ceruledge|spe|2
|-enditem|p2a: Ceruledge|Life Orb|[from] move: Knock Off|[of] p1a: Iron Valiant
|move|p2a: Ceruledge|Swords Dance|p2a: Ceruledge
|-boost|p2a: Ceruledge|atk|2
|
|upkeep
|turn|9
|
|t:|1781469732
|move|p2a: Ceruledge|Bitter Blade|p1a: Iron Valiant
|-damage|p1a: Iron Valiant|0 fnt
|-heal|p2a: Ceruledge|60/100|[from] drain|[of] p1a: Iron Valiant
|faint|p1a: Iron Valiant
|-end|p1a: Iron Valiant|Quark Drive|[silent]
|
|upkeep
|
|t:|1781469736
|switch|p1a: Kingambit|Kingambit, M|100/100
|-activate|p1a: Kingambit|ability: Supreme Overlord
|-start|p1a: Kingambit|fallen2|[silent]
|-item|p1a: Kingambit|Air Balloon
|turn|10
|
|t:|1781469742
|-terastallize|p2a: Ceruledge|Fighting
|move|p1a: Kingambit|Sucker Punch|p2a: Ceruledge
|-resisted|p2a: Ceruledge
|-damage|p2a: Ceruledge|33/100
|-ability|p2a: Ceruledge|Weak Armor|boost
|-unboost|p2a: Ceruledge|def|1
|-boost|p2a: Ceruledge|spe|2
|move|p2a: Ceruledge|Bitter Blade|p1a: Kingambit
|-supereffective|p1a: Kingambit
|-damage|p1a: Kingambit|0 fnt
|-heal|p2a: Ceruledge|100/100|[from] drain|[of] p1a: Kingambit
|-enditem|p1a: Kingambit|Air Balloon
|faint|p1a: Kingambit
|-end|p1a: Kingambit|fallen2|[silent]
|
|upkeep
|
|t:|1781469750
|switch|p1a: Great Tusk|Great Tusk|100/100
|-enditem|p1a: Great Tusk|Booster Energy
|-activate|p1a: Great Tusk|ability: Protosynthesis|[fromitem]
|-start|p1a: Great Tusk|protosynthesisspe
|turn|11
|j| iraniantech
|
|t:|1781469755
|move|p2a: Ceruledge|Bitter Blade|p1a: Great Tusk
|-damage|p1a: Great Tusk|46/100
|move|p1a: Great Tusk|Headlong Rush|p2a: Ceruledge
|-damage|p2a: Ceruledge|28/100
|-unboost|p1a: Great Tusk|def|1
|-unboost|p1a: Great Tusk|spd|1
|-ability|p2a: Ceruledge|Weak Armor|boost
|-unboost|p2a: Ceruledge|def|1
|-boost|p2a: Ceruledge|spe|2
|
|-sideend|p2: Ryan's World|move: Light Screen
|upkeep
|turn|12
|j| rajeshie
|-message|talveznao forfeited.
|
|win|Ryan's World
|raw|talveznao's rating: 1607 &rarr; <strong>1587</strong><br />(-20 for losing)
|raw|Ryan&apos;s World's rating: 1611 &rarr; <strong>1631</strong><br />(+20 for winning)
|l|‽Ryan's World
|player|p2|
|l| UmbrusHD
