|j|☆Tactical_foul
|j|‽rank 1 greninja
|t:|1781528072
|gametype|singles
|player|p1|Tactical_foul|266|1520
|player|p2|rank 1 greninja|266|1561
|gen|9
|tier|[Gen 9] OU
|rated|
|rule|HP Percentage Mod: HP is shown in percentages
|rule|Endless Battle Clause: Forcing endless battles is banned
|rule|Species Clause: Limit one of each Pokémon
|rule|OHKO Clause: OHKO moves are banned
|rule|Evasion Items Clause: Evasion items are banned
|rule|Evasion Moves Clause: Evasion moves are banned
|rule|Evasion Abilities Clause: Evasion abilities are banned
|rule|Sleep Moves Clause: Sleep-inducing moves are banned
|clearpoke
|poke|p1|Iron Valiant|
|poke|p1|Excadrill, M|
|poke|p1|Tyranitar, M|
|poke|p1|Tornadus-Therian, M|
|poke|p1|Ogerpon-Cornerstone, F|
|poke|p1|Toxapex, M|
|poke|p2|Pelipper, F|
|poke|p2|Tornadus-Therian, M|
|poke|p2|Barraskewda, F|
|poke|p2|Iron Treads|
|poke|p2|Raging Bolt|
|poke|p2|Moltres|
|teampreview
|inactive|Battle timer is ON: inactive players will automatically lose when time's up. (requested by rank 1 greninja)
|n|‽rank 1 greninja|rank1greninja
|n|‽rank 1 greninja|rank1greninja
|
|t:|1781528091
|teamsize|p1|6
|teamsize|p2|6
|start
|switch|p1a: Ogerpon|Ogerpon-Cornerstone, F|100/100
|switch|p2a: Iron Treads|Iron Treads|100/100
|turn|1
|
|t:|1781528102
|move|p1a: Ogerpon|Power Whip|p2a: Iron Treads
|-damage|p2a: Iron Treads|45/100
|move|p2a: Iron Treads|Volt Switch|p1a: Ogerpon
|-resisted|p1a: Ogerpon
|-damage|p1a: Ogerpon|94/100
|
|t:|1781528110
|-end|p2a: Iron Treads|Quark Drive|[silent]
|switch|p2a: Barraskewda|Barraskewda, F|100/100|[from] Volt Switch
|
|upkeep
|turn|2
|
|t:|1781528119
|switch|p1a: Toxapex|Toxapex, M, shiny|100/100
|move|p2a: Barraskewda|Flip Turn|p1a: Toxapex
|-resisted|p1a: Toxapex
|-damage|p1a: Toxapex|84/100
|-enditem|p1a: Toxapex|Eject Button
|
|t:|1781528134
|switch|p1a: Tyranitar|Tyranitar, M, shiny|100/100
|-weather|Sandstorm|[from] ability: Sand Stream|[of] p1a: Tyranitar
|
|-weather|Sandstorm|[upkeep]
|-damage|p2a: Barraskewda|94/100|[from] Sandstorm
|upkeep
|turn|3
|
|t:|1781528145
|switch|p1a: Toxapex|Toxapex, M, shiny|100/100
|move|p2a: Barraskewda|Flip Turn|p1a: Toxapex
|-resisted|p1a: Toxapex
|-damage|p1a: Toxapex|84/100
|
|t:|1781528148
|switch|p2a: Pelipper|Pelipper, F|100/100|[from] Flip Turn
|-weather|RainDance|[from] ability: Drizzle|[of] p2a: Pelipper
|
|-weather|RainDance|[upkeep]
|upkeep
|turn|4
|
|t:|1781528159
|move|p2a: Pelipper|U-turn|p1a: Toxapex
|-resisted|p1a: Toxapex
|-damage|p1a: Toxapex|81/100
|
|t:|1781528163
|switch|p2a: Iron Treads|Iron Treads|45/100|[from] U-turn
|move|p1a: Toxapex|Toxic|p2a: Iron Treads
|-immune|p2a: Iron Treads
|
|-weather|RainDance|[upkeep]
|upkeep
|turn|5
|
|t:|1781528170
|switch|p1a: Tornadus|Tornadus-Therian, M, shiny|100/100
|move|p2a: Iron Treads|Volt Switch|p1a: Tornadus
|-supereffective|p1a: Tornadus
|-damage|p1a: Tornadus|70/100
|
|t:|1781528189
|-end|p2a: Iron Treads|Quark Drive|[silent]
|switch|p2a: Raging Bolt|Raging Bolt|100/100|[from] Volt Switch
|
|-weather|RainDance|[upkeep]
|upkeep
|turn|6
|
|t:|1781528201
|switch|p1a: Tyranitar|Tyranitar, M, shiny|100/100
|-weather|Sandstorm|[from] ability: Sand Stream|[of] p1a: Tyranitar
|move|p2a: Raging Bolt|Draco Meteor|p1a: Tyranitar
|-damage|p1a: Tyranitar|55/100
|-unboost|p2a: Raging Bolt|spa|2
|
|-weather|Sandstorm|[upkeep]
|-damage|p2a: Raging Bolt|94/100|[from] Sandstorm
|upkeep
|turn|7
|
|t:|1781528212
|move|p2a: Raging Bolt|Volt Switch|p1a: Tyranitar
|-damage|p1a: Tyranitar|42/100
|
|t:|1781528216
|-end|p2a: Raging Bolt|Protosynthesis|[silent]
|switch|p2a: Iron Treads|Iron Treads|45/100|[from] Volt Switch
|move|p1a: Tyranitar|Stealth Rock|p2a: Iron Treads
|-sidestart|p2: rank 1 greninja|move: Stealth Rock
|
|-weather|Sandstorm|[upkeep]
|upkeep
|turn|8
|
|t:|1781528229
|switch|p1a: Tornadus|Tornadus-Therian, M, shiny|100/100
|move|p2a: Iron Treads|Rapid Spin|p1a: Tornadus
|-damage|p1a: Tornadus|82/100
|-boost|p2a: Iron Treads|spe|1
|-sideend|p2: rank 1 greninja|Stealth Rock|[from] move: Rapid Spin|[of] p2a: Iron Treads
|
|-weather|Sandstorm|[upkeep]
|-damage|p1a: Tornadus|76/100|[from] Sandstorm
|upkeep
|turn|9
|
|t:|1781528241
|move|p1a: Tornadus|Heat Wave|p2a: Iron Treads
|-supereffective|p2a: Iron Treads
|-damage|p2a: Iron Treads|0 fnt
|faint|p2a: Iron Treads
|-end|p2a: Iron Treads|Quark Drive|[silent]
|
|-weather|Sandstorm|[upkeep]
|-damage|p1a: Tornadus|70/100|[from] Sandstorm
|upkeep
|
|t:|1781528245
|switch|p2a: Pelipper|Pelipper, F|100/100
|-weather|RainDance|[from] ability: Drizzle|[of] p2a: Pelipper
|turn|10
|
|t:|1781528254
|switch|p1a: Toxapex|Toxapex, M, shiny|100/100
|move|p2a: Pelipper|U-turn|p1a: Toxapex
|-resisted|p1a: Toxapex
|-damage|p1a: Toxapex|97/100
|
|t:|1781528266
|switch|p2a: Tornadus|Tornadus-Therian, M|100/100|[from] U-turn
|
|-weather|RainDance|[upkeep]
|upkeep
|turn|11
|
|t:|1781528278
|-terastallize|p2a: Tornadus|Steel
|move|p2a: Tornadus|Nasty Plot|p2a: Tornadus
|-boost|p2a: Tornadus|spa|2
|move|p1a: Toxapex|Toxic|p2a: Tornadus
|-immune|p2a: Tornadus
|
|-weather|RainDance|[upkeep]
|upkeep
|turn|12
|
|t:|1781528281
|move|p2a: Tornadus|Hurricane|p1a: Toxapex
|-damage|p1a: Toxapex|0 fnt
|faint|p1a: Toxapex
|-damage|p2a: Tornadus|91/100|[from] item: Life Orb
|
|-weather|RainDance|[upkeep]
|upkeep
|
|t:|1781528302
|switch|p1a: Tyranitar|Tyranitar, M, shiny|42/100
|-weather|Sandstorm|[from] ability: Sand Stream|[of] p1a: Tyranitar
|turn|13
|
|t:|1781528314
|switch|p1a: Excadrill|Excadrill, M, shiny|100/100
|move|p2a: Tornadus|Hurricane|p1a: Excadrill
|-resisted|p1a: Excadrill
|-damage|p1a: Excadrill|14/100
|-damage|p2a: Tornadus|81/100|[from] item: Life Orb
|
|-weather|Sandstorm|[upkeep]
|-heal|p1a: Excadrill|20/100|[from] item: Leftovers
|upkeep
|turn|14
|
|t:|1781528325
|switch|p2a: Pelipper|Pelipper, F|100/100
|-weather|RainDance|[from] ability: Drizzle|[of] p2a: Pelipper
|move|p1a: Excadrill|Earthquake|p2a: Pelipper
|-immune|p2a: Pelipper
|
|-weather|RainDance|[upkeep]
|-heal|p1a: Excadrill|27/100|[from] item: Leftovers
|upkeep
|turn|15
|
|t:|1781528337
|switch|p1a: Tyranitar|Tyranitar, M, shiny|42/100
|-weather|Sandstorm|[from] ability: Sand Stream|[of] p1a: Tyranitar
|move|p2a: Pelipper|U-turn|p1a: Tyranitar
|-supereffective|p1a: Tyranitar
|-damage|p1a: Tyranitar|26/100
|
|t:|1781528342
|switch|p2a: Barraskewda|Barraskewda, F|94/100|[from] U-turn
|
|-weather|Sandstorm|[upkeep]
|-damage|p2a: Barraskewda|88/100|[from] Sandstorm
|upkeep
|turn|16
|
|t:|1781528368
|switch|p1a: Iron Valiant|Iron Valiant, shiny|100/100
|move|p2a: Barraskewda|Flip Turn|p1a: Iron Valiant
|-crit|p1a: Iron Valiant
|-damage|p1a: Iron Valiant|6/100
|
|t:|1781528373
|switch|p2a: Pelipper|Pelipper, F|100/100|[from] Flip Turn
|-weather|RainDance|[from] ability: Drizzle|[of] p2a: Pelipper
|
|-weather|RainDance|[upkeep]
|upkeep
|turn|17
|
|t:|1781528383
|switch|p2a: Moltres|Moltres|100/100
|move|p1a: Iron Valiant|Thunderbolt|p2a: Moltres
|-supereffective|p2a: Moltres
|-damage|p2a: Moltres|0 fnt
|faint|p2a: Moltres
|
|-weather|RainDance|[upkeep]
|upkeep
|
|t:|1781528391
|switch|p2a: Raging Bolt|Raging Bolt|94/100
|turn|18
|
|t:|1781528397
|-end|p1a: Iron Valiant|Quark Drive|[silent]
|switch|p1a: Ogerpon|Ogerpon-Cornerstone, F|94/100
|move|p2a: Raging Bolt|Weather Ball|p1a: Ogerpon
|-damage|p1a: Ogerpon|25/100
|
|-weather|RainDance|[upkeep]
|upkeep
|turn|19
|
|t:|1781528409
|move|p1a: Ogerpon|Ivy Cudgel|p2a: Raging Bolt|[anim] Ivy Cudgel Rock
|-damage|p2a: Raging Bolt|41/100
|move|p2a: Raging Bolt|Weather Ball|p1a: Ogerpon
|-damage|p1a: Ogerpon|0 fnt
|faint|p1a: Ogerpon
|
|-weather|RainDance|[upkeep]
|upkeep
|
|t:|1781528424
|switch|p1a: Excadrill|Excadrill, M, shiny|27/100
|turn|20
|
|t:|1781528432
|-end|p2a: Raging Bolt|Protosynthesis|[silent]
|switch|p2a: Tornadus|Tornadus-Therian, M, tera:Steel|100/100
|move|p1a: Excadrill|Rock Slide|p2a: Tornadus
|-resisted|p2a: Tornadus
|-damage|p2a: Tornadus|79/100
|
|-weather|RainDance|[upkeep]
|-heal|p1a: Excadrill|33/100|[from] item: Leftovers
|upkeep
|turn|21
|
|t:|1781528442
|switch|p1a: Iron Valiant|Iron Valiant, shiny|6/100
|move|p2a: Tornadus|Weather Ball|p1a: Iron Valiant
|-damage|p1a: Iron Valiant|0 fnt
|faint|p1a: Iron Valiant
|-end|p1a: Iron Valiant|Quark Drive|[silent]
|-damage|p2a: Tornadus|70/100|[from] item: Life Orb
|
|-weather|RainDance|[upkeep]
|upkeep
|
|t:|1781528454
|switch|p1a: Tornadus|Tornadus-Therian, M, shiny|100/100
|turn|22
|
|t:|1781528463
|move|p1a: Tornadus|Bleakwind Storm|p2a: Tornadus
|-resisted|p2a: Tornadus
|-crit|p2a: Tornadus
|-damage|p2a: Tornadus|9/100
|move|p2a: Tornadus|Nasty Plot|p2a: Tornadus
|-boost|p2a: Tornadus|spa|2
|
|-weather|RainDance|[upkeep]
|upkeep
|turn|23
|
|t:|1781528471
|move|p2a: Tornadus|Hurricane|p1a: Tornadus
|-damage|p1a: Tornadus|0 fnt
|faint|p1a: Tornadus
|-damage|p2a: Tornadus|0 fnt|[from] item: Life Orb
|faint|p2a: Tornadus
|
|-weather|none
|upkeep
|
|t:|1781528479
|switch|p1a: Tyranitar|Tyranitar, M, shiny|26/100
|switch|p2a: Barraskewda|Barraskewda, F|88/100
|-weather|Sandstorm|[from] ability: Sand Stream|[of] p1a: Tyranitar
|turn|24
|
|t:|1781528485
|move|p2a: Barraskewda|Flip Turn|p1a: Tyranitar
|-supereffective|p1a: Tyranitar
|-damage|p1a: Tyranitar|0 fnt
|faint|p1a: Tyranitar
|
|t:|1781528487
|switch|p2a: Pelipper|Pelipper, F|100/100|[from] Flip Turn
|-weather|RainDance|[from] ability: Drizzle|[of] p2a: Pelipper
|
|-weather|RainDance|[upkeep]
|upkeep
|
|t:|1781528496
|switch|p1a: Excadrill|Excadrill, M, shiny|33/100
|turn|25
|
|t:|1781528501
|move|p1a: Excadrill|Rock Slide|p2a: Pelipper|[miss]
|-miss|p1a: Excadrill|p2a: Pelipper
|move|p2a: Pelipper|U-turn|p1a: Excadrill
|-resisted|p1a: Excadrill
|-damage|p1a: Excadrill|26/100
|
|t:|1781528503
|switch|p2a: Barraskewda|Barraskewda, F|88/100|[from] U-turn
|
|-weather|RainDance|[upkeep]
|-heal|p1a: Excadrill|32/100|[from] item: Leftovers
|upkeep
|turn|26
|l|☆Tactical_foul
|inactive|Tactical_foul disconnected and has a minute to reconnect!
|player|p1|
|inactive|Tactical_foul has 30 seconds to reconnect!
|inactive|Tactical_foul has 20 seconds to reconnect!
|inactive|Tactical_foul has 15 seconds to reconnect!
|inactive|Tactical_foul has 10 seconds to reconnect!
|inactive|Tactical_foul has 5 seconds to reconnect!
|-message|Tactical_foul lost due to inactivity.
|
|win|rank 1 greninja
|raw|Tactical_foul's rating: 1520 &rarr; <strong>1502</strong><br />(-18 for losing)
|raw|rank 1 greninja's rating: 1561 &rarr; <strong>1579</strong><br />(+18 for winning)
