|j|☆RunicImpulse
|j|☆Slashutu
|t:|1780968892
|gametype|singles
|player|p1|RunicImpulse|psychic-gen4|1542
|player|p2|Slashutu|101|1643
|gen|9
|tier|[Gen 9] OU
|rated|
|rule|HP Percentage Mod: HP is shown in percentages
|rule|Endless Battle Clause: Forcing endless battles is banned
|rule|Species Clause: Limit one of each Pokémon
|rule|OHKO Clause: OHKO moves are banned
|rule|Evasion Items Clause: Evasion items are banned
|rule|Evasion Moves Clause: Evasion moves are banned
|rule|Evasion Abilities Clause: Evasion abilities are banned
|rule|Sleep Moves Clause: Sleep-inducing moves are banned
|clearpoke
|poke|p1|Chandelure, F|
|poke|p1|Scizor, M|
|poke|p1|Tornadus-Therian, M|
|poke|p1|Alomomola, F|
|poke|p1|Iron Treads|
|poke|p1|Iron Valiant|
|poke|p2|Ting-Lu|
|poke|p2|Gliscor, F|
|poke|p2|Sinistcha-Masterpiece|
|poke|p2|Keldeo|
|poke|p2|Tinkaton, F|
|poke|p2|Dragonite, M|
|teampreview
|inactive|Battle timer is ON: inactive players will automatically lose when time's up. (requested by RunicImpulse)
|
|t:|1780968918
|teamsize|p1|6
|teamsize|p2|6
|start
|switch|p1a: Tornadus|Tornadus-Therian, M|100/100
|switch|p2a: Tinkki Minaj|Tinkaton, F|100/100
|-ability|p2a: Tinkki Minaj|Mold Breaker
|-item|p2a: Tinkki Minaj|Air Balloon
|turn|1
|
|t:|1780968922
|move|p1a: Tornadus|U-turn|p2a: Tinkki Minaj
|-resisted|p2a: Tinkki Minaj
|-damage|p2a: Tinkki Minaj|97/100
|-enditem|p2a: Tinkki Minaj|Air Balloon
|
|t:|1780968928
|switch|p1a: Iron Treads|Iron Treads|100/100|[from] U-turn
|move|p2a: Tinkki Minaj|Thunder Wave|p1a: Iron Treads
|-immune|p1a: Iron Treads
|
|upkeep
|turn|2
|
|t:|1780968932
|move|p1a: Iron Treads|Stealth Rock|p2a: Tinkki Minaj
|-sidestart|p2: Slashutu|move: Stealth Rock
|move|p2a: Tinkki Minaj|Stealth Rock|p1a: Iron Treads
|-sidestart|p1: RunicImpulse|move: Stealth Rock
|
|upkeep
|turn|3
|
|t:|1780968935
|switch|p2a: Tchavis Scott|Sinistcha-Masterpiece|100/100
|move|p1a: Iron Treads|Earthquake|p2a: Tchavis Scott
|-resisted|p2a: Tchavis Scott
|-damage|p2a: Tchavis Scott|87/100
|
|upkeep
|turn|4
|
|t:|1780968955
|-end|p1a: Iron Treads|Quark Drive|[silent]
|switch|p1a: Tornadus|Tornadus-Therian, M|100/100
|-damage|p1a: Tornadus|76/100|[from] Stealth Rock
|move|p2a: Tchavis Scott|Matcha Gotcha|p1a: Tornadus|[miss]
|-miss|p2a: Tchavis Scott|p1a: Tornadus
|
|upkeep
|turn|5
|
|t:|1780968965
|switch|p2a: Jarhead|Ting-Lu|100/100
|-damage|p2a: Jarhead|94/100|[from] Stealth Rock
|-ability|p2a: Jarhead|Vessel of Ruin
|move|p1a: Tornadus|Knock Off|p2a: Jarhead
|-resisted|p2a: Jarhead
|-damage|p2a: Jarhead|89/100
|-enditem|p2a: Jarhead|Leftovers|[from] move: Knock Off|[of] p1a: Tornadus
|
|upkeep
|turn|6
|
|t:|1780968973
|move|p1a: Tornadus|U-turn|p2a: Jarhead
|-supereffective|p2a: Jarhead
|-damage|p2a: Jarhead|73/100
|
|t:|1780968979
|switch|p1a: Iron Treads|Iron Treads|100/100|[from] U-turn
|-damage|p1a: Iron Treads|97/100|[from] Stealth Rock
|move|p2a: Jarhead|Spikes|p1a: Iron Treads
|-sidestart|p1: RunicImpulse|Spikes
|
|-heal|p1a: Iron Treads|100/100|[from] item: Leftovers
|upkeep
|turn|7
|
|t:|1780968982
|switch|p2a: Tchavis Scott|Sinistcha-Masterpiece|87/100
|move|p1a: Iron Treads|Rapid Spin|p2a: Tchavis Scott
|-immune|p2a: Tchavis Scott
|
|upkeep
|turn|8
|
|t:|1780968988
|-end|p1a: Iron Treads|Quark Drive|[silent]
|switch|p1a: Tornadus|Tornadus-Therian, M|100/100
|-damage|p1a: Tornadus|76/100|[from] Stealth Rock
|move|p2a: Tchavis Scott|Matcha Gotcha|p1a: Tornadus
|-resisted|p1a: Tornadus
|-damage|p1a: Tornadus|65/100
|-heal|p2a: Tchavis Scott|93/100|[from] drain|[of] p1a: Tornadus
|-status|p1a: Tornadus|brn
|
|-damage|p1a: Tornadus|59/100 brn|[from] brn
|upkeep
|turn|9
|
|t:|1780968999
|switch|p2a: Jarhead|Ting-Lu|73/100
|-damage|p2a: Jarhead|67/100|[from] Stealth Rock
|-ability|p2a: Jarhead|Vessel of Ruin
|move|p1a: Tornadus|Bleakwind Storm|p2a: Jarhead
|-damage|p2a: Jarhead|51/100
|
|-damage|p1a: Tornadus|53/100 brn|[from] brn
|upkeep
|turn|10
|
|t:|1780969008
|move|p1a: Tornadus|U-turn|p2a: Jarhead
|-supereffective|p2a: Jarhead
|-damage|p2a: Jarhead|42/100
|
|t:|1780969011
|switch|p1a: Alomomola|Alomomola, F|100/100|[from] U-turn
|-damage|p1a: Alomomola|88/100|[from] Stealth Rock
|-damage|p1a: Alomomola|76/100|[from] Spikes
|move|p2a: Jarhead|Spikes|p1a: Alomomola
|-sidestart|p1: RunicImpulse|Spikes
|
|upkeep
|turn|11
|
|t:|1780969017
|switch|p2a: Dance Armstrong|Gliscor, F|100/100
|-damage|p2a: Dance Armstrong|88/100|[from] Stealth Rock
|move|p1a: Alomomola|Flip Turn|p2a: Dance Armstrong
|-supereffective|p2a: Dance Armstrong
|-damage|p2a: Dance Armstrong|61/100
|
|t:|1780969040
|switch|p1a: Iron Treads|Iron Treads|100/100|[from] Flip Turn
|-damage|p1a: Iron Treads|97/100|[from] Stealth Rock
|-damage|p1a: Iron Treads|81/100|[from] Spikes
|
|-heal|p1a: Iron Treads|87/100|[from] item: Leftovers
|-status|p2a: Dance Armstrong|tox|[from] item: Toxic Orb
|upkeep
|turn|12
|
|t:|1780969044
|move|p2a: Dance Armstrong|Protect|p2a: Dance Armstrong
|-singleturn|p2a: Dance Armstrong|Protect
|move|p1a: Iron Treads|Ice Spinner|p2a: Dance Armstrong
|-activate|p2a: Dance Armstrong|move: Protect
|
|-heal|p1a: Iron Treads|93/100|[from] item: Leftovers
|-heal|p2a: Dance Armstrong|73/100 tox|[from] ability: Poison Heal
|upkeep
|turn|13
|
|t:|1780969050
|switch|p2a: Tchavis Scott|Sinistcha-Masterpiece|93/100
|move|p1a: Iron Treads|Ice Spinner|p2a: Tchavis Scott
|-supereffective|p2a: Tchavis Scott
|-damage|p2a: Tchavis Scott|62/100
|
|-heal|p1a: Iron Treads|99/100|[from] item: Leftovers
|upkeep
|turn|14
|
|t:|1780969060
|-end|p1a: Iron Treads|Quark Drive|[silent]
|switch|p1a: Tornadus|Tornadus-Therian, M|86/100 brn
|-damage|p1a: Tornadus|61/100 brn|[from] Stealth Rock
|move|p2a: Tchavis Scott|Strength Sap|p1a: Tornadus
|-unboost|p1a: Tornadus|atk|1
|-heal|p2a: Tchavis Scott|100/100
|
|-damage|p1a: Tornadus|55/100 brn|[from] brn
|upkeep
|turn|15
|
|t:|1780969067
|switch|p2a: Tinkki Minaj|Tinkaton, F|97/100
|-damage|p2a: Tinkki Minaj|91/100|[from] Stealth Rock
|-ability|p2a: Tinkki Minaj|Mold Breaker
|move|p1a: Tornadus|U-turn|p2a: Tinkki Minaj
|-resisted|p2a: Tinkki Minaj
|-damage|p2a: Tinkki Minaj|90/100
|
|t:|1780969082
|switch|p1a: Chandelure|Chandelure, F|100/100|[from] U-turn
|-damage|p1a: Chandelure|76/100|[from] Stealth Rock
|-damage|p1a: Chandelure|59/100|[from] Spikes
|
|upkeep
|turn|16
|
|t:|1780969091
|switch|p2a: Jarhead|Ting-Lu|42/100
|-damage|p2a: Jarhead|36/100|[from] Stealth Rock
|-ability|p2a: Jarhead|Vessel of Ruin
|move|p1a: Chandelure|Overheat|p2a: Jarhead
|-damage|p2a: Jarhead|0 fnt
|-unboost|p1a: Chandelure|spa|2
|faint|p2a: Jarhead
|
|upkeep
|
|t:|1780969101
|switch|p2a: Dance Armstrong|Gliscor, F|73/100 tox
|-damage|p2a: Dance Armstrong|61/100 tox|[from] Stealth Rock
|turn|17
|
|t:|1780969108
|switch|p1a: Alomomola|Alomomola, F|100/100
|-damage|p1a: Alomomola|88/100|[from] Stealth Rock
|-damage|p1a: Alomomola|71/100|[from] Spikes
|move|p2a: Dance Armstrong|Knock Off|p1a: Alomomola
|-damage|p1a: Alomomola|57/100
|-damage|p2a: Dance Armstrong|44/100 tox|[from] item: Rocky Helmet|[of] p1a: Alomomola
|-enditem|p1a: Alomomola|Rocky Helmet|[from] move: Knock Off|[of] p2a: Dance Armstrong
|
|-heal|p2a: Dance Armstrong|57/100 tox|[from] ability: Poison Heal
|upkeep
|turn|18
|
|t:|1780969118
|move|p2a: Dance Armstrong|Swords Dance|p2a: Dance Armstrong
|-boost|p2a: Dance Armstrong|atk|2
|move|p1a: Alomomola|Wish|p1a: Alomomola
|
|-heal|p2a: Dance Armstrong|69/100 tox|[from] ability: Poison Heal
|upkeep
|turn|19
|
|t:|1780969124
|-terastallize|p2a: Dance Armstrong|Normal
|move|p2a: Dance Armstrong|Facade|p1a: Alomomola
|-damage|p1a: Alomomola|0 fnt
|faint|p1a: Alomomola
|
|-heal|p2a: Dance Armstrong|82/100 tox|[from] ability: Poison Heal
|upkeep
|
|t:|1780969151
|switch|p1a: Iron Valiant|Iron Valiant|100/100
|-damage|p1a: Iron Valiant|94/100|[from] Stealth Rock
|-damage|p1a: Iron Valiant|78/100|[from] Spikes
|turn|20
|
|t:|1780969176
|switch|p2a: Tinkki Minaj|Tinkaton, F|90/100
|-damage|p2a: Tinkki Minaj|83/100|[from] Stealth Rock
|-ability|p2a: Tinkki Minaj|Mold Breaker
|-terastallize|p1a: Iron Valiant|Fairy
|move|p1a: Iron Valiant|Moonblast|p2a: Tinkki Minaj
|-resisted|p2a: Tinkki Minaj
|-damage|p2a: Tinkki Minaj|39/100
|
|upkeep
|turn|21
|
|t:|1780969186
|move|p1a: Iron Valiant|Moonblast|p2a: Tinkki Minaj
|-resisted|p2a: Tinkki Minaj
|-damage|p2a: Tinkki Minaj|0 fnt
|faint|p2a: Tinkki Minaj
|
|upkeep
|inactive|Slashutu has 120 seconds left.
|
|t:|1780969202
|switch|p2a: Secret Service|Dragonite, M|100/100
|turn|22
|
|t:|1780969208
|move|p1a: Iron Valiant|Moonblast|p2a: Secret Service
|-supereffective|p2a: Secret Service
|-damage|p2a: Secret Service|15/100
|move|p2a: Secret Service|Earthquake|p1a: Iron Valiant
|-damage|p1a: Iron Valiant|25/100
|
|upkeep
|turn|23
|
|t:|1780969214
|move|p2a: Secret Service|Extreme Speed|p1a: Iron Valiant
|-damage|p1a: Iron Valiant|0 fnt
|faint|p1a: Iron Valiant
|-end|p1a: Iron Valiant|Quark Drive|[silent]
|
|upkeep
|
|t:|1780969224
|switch|p1a: Iron Treads|Iron Treads|99/100
|-damage|p1a: Iron Treads|96/100|[from] Stealth Rock
|-damage|p1a: Iron Treads|79/100|[from] Spikes
|turn|24
|
|t:|1780969248
|switch|p2a: Tchavis Scott|Sinistcha-Masterpiece|100/100
|move|p1a: Iron Treads|Rapid Spin|p2a: Tchavis Scott
|-immune|p2a: Tchavis Scott
|
|-heal|p1a: Iron Treads|85/100|[from] item: Leftovers
|upkeep
|turn|25
|
|t:|1780969254
|move|p1a: Iron Treads|Ice Spinner|p2a: Tchavis Scott
|-supereffective|p2a: Tchavis Scott
|-damage|p2a: Tchavis Scott|73/100
|move|p2a: Tchavis Scott|Shadow Ball|p1a: Iron Treads
|-damage|p1a: Iron Treads|50/100
|
|-heal|p1a: Iron Treads|56/100|[from] item: Leftovers
|upkeep
|turn|26
|
|t:|1780969259
|-end|p1a: Iron Treads|Quark Drive|[silent]
|switch|p1a: Chandelure|Chandelure, F|59/100
|-damage|p1a: Chandelure|34/100|[from] Stealth Rock
|-damage|p1a: Chandelure|18/100|[from] Spikes
|move|p2a: Tchavis Scott|Strength Sap|p1a: Chandelure
|-unboost|p1a: Chandelure|atk|1
|-heal|p2a: Tchavis Scott|100/100
|
|upkeep
|turn|27
|
|t:|1780969270
|switch|p2a: Secret Service|Dragonite, M|15/100
|move|p1a: Chandelure|Overheat|p2a: Secret Service
|-resisted|p2a: Secret Service
|-damage|p2a: Secret Service|0 fnt
|-unboost|p1a: Chandelure|spa|2
|faint|p2a: Secret Service
|
|upkeep
|
|t:|1780969280
|switch|p2a: My Little Pwny|Keldeo|100/100
|turn|28
|
|t:|1780969286
|move|p2a: My Little Pwny|Flip Turn|p1a: Chandelure
|-supereffective|p1a: Chandelure
|-damage|p1a: Chandelure|0 fnt
|faint|p1a: Chandelure
|
|t:|1780969289
|switch|p2a: Dance Armstrong|Gliscor, F, tera:Normal|82/100 tox|[from] Flip Turn
|-damage|p2a: Dance Armstrong|69/100 tox|[from] Stealth Rock
|
|-heal|p2a: Dance Armstrong|82/100 tox|[from] ability: Poison Heal
|upkeep
|
|t:|1780969298
|switch|p1a: Scizor|Scizor, M|100/100
|-damage|p1a: Scizor|88/100|[from] Stealth Rock
|-damage|p1a: Scizor|72/100|[from] Spikes
|turn|29
|
|t:|1780969313
|switch|p2a: My Little Pwny|Keldeo|100/100
|move|p1a: Scizor|Close Combat|p2a: My Little Pwny
|-damage|p2a: My Little Pwny|20/100
|-unboost|p1a: Scizor|def|1
|-unboost|p1a: Scizor|spd|1
|
|upkeep
|turn|30
|
|t:|1780969318
|switch|p1a: Tornadus|Tornadus-Therian, M|88/100 brn
|-damage|p1a: Tornadus|63/100 brn|[from] Stealth Rock
|move|p2a: My Little Pwny|Vacuum Wave|p1a: Tornadus
|-resisted|p1a: Tornadus
|-damage|p1a: Tornadus|56/100 brn
|
|-damage|p1a: Tornadus|50/100 brn|[from] brn
|upkeep
|turn|31
|
|t:|1780969327
|move|p1a: Tornadus|Bleakwind Storm|p2a: My Little Pwny
|-supereffective|p2a: My Little Pwny
|-damage|p2a: My Little Pwny|0 fnt
|faint|p2a: My Little Pwny
|
|-damage|p1a: Tornadus|44/100 brn|[from] brn
|upkeep
|
|t:|1780969330
|switch|p2a: Dance Armstrong|Gliscor, F, tera:Normal|82/100 tox
|-damage|p2a: Dance Armstrong|69/100 tox|[from] Stealth Rock
|turn|32
|
|t:|1780969339
|switch|p1a: Scizor|Scizor, M|72/100
|-damage|p1a: Scizor|60/100|[from] Stealth Rock
|-damage|p1a: Scizor|43/100|[from] Spikes
|move|p2a: Dance Armstrong|Facade|p1a: Scizor
|-resisted|p1a: Scizor
|-damage|p1a: Scizor|19/100
|
|-heal|p2a: Dance Armstrong|82/100 tox|[from] ability: Poison Heal
|upkeep
|turn|33
|
|t:|1780969349
|move|p2a: Dance Armstrong|Protect|p2a: Dance Armstrong
|-singleturn|p2a: Dance Armstrong|Protect
|move|p1a: Scizor|Knock Off|p2a: Dance Armstrong
|-activate|p2a: Dance Armstrong|move: Protect
|
|-heal|p2a: Dance Armstrong|94/100 tox|[from] ability: Poison Heal
|upkeep
|turn|34
|-message|RunicImpulse forfeited.
|
|win|Slashutu
|raw|RunicImpulse's rating: 1542 &rarr; <strong>1528</strong><br />(-14 for losing)
|raw|Slashutu's rating: 1643 &rarr; <strong>1657</strong><br />(+14 for winning)
|l|☆RunicImpulse
|player|p1|
|l|☆Slashutu
|player|p2|
