|j|☆KurisuChestnutLab
|j|☆gintamaxxoo
|t:|1781113678
|gametype|singles
|player|p1|KurisuChestnutLab|may-contest|1600
|player|p2|gintamaxxoo|cyclist-gen4|1586
|gen|9
|tier|[Gen 9] OU
|rated|
|rule|HP Percentage Mod: HP is shown in percentages
|rule|Endless Battle Clause: Forcing endless battles is banned
|rule|Species Clause: Limit one of each Pokémon
|rule|OHKO Clause: OHKO moves are banned
|rule|Evasion Items Clause: Evasion items are banned
|rule|Evasion Moves Clause: Evasion moves are banned
|rule|Evasion Abilities Clause: Evasion abilities are banned
|rule|Sleep Moves Clause: Sleep-inducing moves are banned
|clearpoke
|poke|p1|Primarina, F|
|poke|p1|Hippowdon, M|
|poke|p1|Skarmory, F|
|poke|p1|Zapdos|
|poke|p1|Dragonite, F|
|poke|p1|Slowking, M|
|poke|p2|Ting-Lu|
|poke|p2|Gliscor, F|
|poke|p2|Sinistcha-Masterpiece|
|poke|p2|Keldeo|
|poke|p2|Tinkaton, F|
|poke|p2|Dragonite, M|
|teampreview
|inactive|Battle timer is ON: inactive players will automatically lose when time's up. (requested by gintamaxxoo)
|inactive|KurisuChestnutLab also wants the timer to be on.
|
|t:|1781113701
|teamsize|p1|6
|teamsize|p2|6
|start
|switch|p1a: Dragonite|Dragonite, F|100/100
|switch|p2a: Tinkki Minaj|Tinkaton, F|100/100
|-ability|p2a: Tinkki Minaj|Mold Breaker
|-item|p2a: Tinkki Minaj|Air Balloon
|turn|1
|
|t:|1781113706
|move|p1a: Dragonite|Extreme Speed|p2a: Tinkki Minaj
|-resisted|p2a: Tinkki Minaj
|-damage|p2a: Tinkki Minaj|84/100
|-enditem|p2a: Tinkki Minaj|Air Balloon
|move|p2a: Tinkki Minaj|Stealth Rock|p1a: Dragonite
|-sidestart|p1: KurisuChestnutLab|move: Stealth Rock
|
|upkeep
|turn|2
|
|t:|1781113720
|move|p2a: Tinkki Minaj|Gigaton Hammer|p1a: Dragonite
|-damage|p1a: Dragonite|56/100
|move|p1a: Dragonite|Dragon Dance|p1a: Dragonite
|-boost|p1a: Dragonite|atk|1
|-boost|p1a: Dragonite|spe|1
|
|upkeep
|turn|3
|
|t:|1781113727
|switch|p2a: Tchavis Scott|Sinistcha-Masterpiece|100/100
|move|p1a: Dragonite|Roost|p1a: Dragonite
|-heal|p1a: Dragonite|100/100
|-singleturn|p1a: Dragonite|move: Roost
|
|upkeep
|turn|4
|
|t:|1781113733
|-terastallize|p1a: Dragonite|Normal
|move|p1a: Dragonite|Dragon Dance|p1a: Dragonite
|-boost|p1a: Dragonite|atk|1
|-boost|p1a: Dragonite|spe|1
|move|p2a: Tchavis Scott|Matcha Gotcha|p1a: Dragonite
|-damage|p1a: Dragonite|83/100
|
|upkeep
|turn|5
|
|t:|1781113742
|move|p1a: Dragonite|Dragon Dance|p1a: Dragonite
|-boost|p1a: Dragonite|atk|1
|-boost|p1a: Dragonite|spe|1
|move|p2a: Tchavis Scott|Strength Sap|p1a: Dragonite
|-unboost|p1a: Dragonite|atk|1
|
|upkeep
|turn|6
|
|t:|1781113745
|move|p1a: Dragonite|Dragon Dance|p1a: Dragonite
|-boost|p1a: Dragonite|atk|1
|-boost|p1a: Dragonite|spe|1
|move|p2a: Tchavis Scott|Matcha Gotcha|p1a: Dragonite
|-damage|p1a: Dragonite|48/100
|-status|p1a: Dragonite|brn
|
|-damage|p1a: Dragonite|41/100 brn|[from] brn
|upkeep
|turn|7
|
|t:|1781113752
|move|p1a: Dragonite|Roost|p1a: Dragonite
|-heal|p1a: Dragonite|92/100 brn
|move|p2a: Tchavis Scott|Strength Sap|p1a: Dragonite
|-unboost|p1a: Dragonite|atk|1
|
|-damage|p1a: Dragonite|85/100 brn|[from] brn
|upkeep
|turn|8
|
|t:|1781113755
|move|p1a: Dragonite|Dragon Dance|p1a: Dragonite
|-boost|p1a: Dragonite|atk|1
|-boost|p1a: Dragonite|spe|1
|move|p2a: Tchavis Scott|Calm Mind|p2a: Tchavis Scott
|-boost|p2a: Tchavis Scott|spa|1
|-boost|p2a: Tchavis Scott|spd|1
|
|-damage|p1a: Dragonite|79/100 brn|[from] brn
|upkeep
|turn|9
|
|t:|1781113759
|move|p1a: Dragonite|Roost|p1a: Dragonite
|-heal|p1a: Dragonite|100/100 brn
|move|p2a: Tchavis Scott|Matcha Gotcha|p1a: Dragonite
|-damage|p1a: Dragonite|74/100 brn
|
|-damage|p1a: Dragonite|68/100 brn|[from] brn
|upkeep
|turn|10
|
|t:|1781113764
|move|p1a: Dragonite|Roost|p1a: Dragonite
|-heal|p1a: Dragonite|100/100 brn
|move|p2a: Tchavis Scott|Matcha Gotcha|p1a: Dragonite
|-damage|p1a: Dragonite|73/100 brn
|
|-damage|p1a: Dragonite|67/100 brn|[from] brn
|upkeep
|turn|11
|
|t:|1781113770
|move|p1a: Dragonite|Roost|p1a: Dragonite
|-heal|p1a: Dragonite|100/100 brn
|move|p2a: Tchavis Scott|Matcha Gotcha|p1a: Dragonite
|-damage|p1a: Dragonite|74/100 brn
|
|-damage|p1a: Dragonite|67/100 brn|[from] brn
|upkeep
|turn|12
|
|t:|1781113776
|move|p1a: Dragonite|Earthquake|p2a: Tchavis Scott
|-resisted|p2a: Tchavis Scott
|-damage|p2a: Tchavis Scott|83/100
|move|p2a: Tchavis Scott|Matcha Gotcha|p1a: Dragonite
|-damage|p1a: Dragonite|14/100 brn
|-heal|p2a: Tchavis Scott|100/100|[from] drain|[of] p1a: Dragonite
|
|-damage|p1a: Dragonite|7/100 brn|[from] brn
|upkeep
|turn|13
|
|t:|1781113783
|move|p1a: Dragonite|Roost|p1a: Dragonite
|-heal|p1a: Dragonite|57/100 brn
|move|p2a: Tchavis Scott|Shadow Ball|p1a: Dragonite
|-immune|p1a: Dragonite
|
|-damage|p1a: Dragonite|51/100 brn|[from] brn
|upkeep
|turn|14
|
|t:|1781113790
|move|p1a: Dragonite|Roost|p1a: Dragonite
|-heal|p1a: Dragonite|100/100 brn
|move|p2a: Tchavis Scott|Matcha Gotcha|p1a: Dragonite
|-damage|p1a: Dragonite|75/100 brn
|
|-damage|p1a: Dragonite|69/100 brn|[from] brn
|upkeep
|turn|15
|
|t:|1781113798
|switch|p1a: Zapdos|Zapdos|100/100
|move|p2a: Tchavis Scott|Matcha Gotcha|p1a: Zapdos|[miss]
|-miss|p2a: Tchavis Scott|p1a: Zapdos
|
|upkeep
|turn|16
|
|t:|1781113804
|switch|p2a: Jarhead|Ting-Lu|100/100
|-ability|p2a: Jarhead|Vessel of Ruin
|move|p1a: Zapdos|Hurricane|p2a: Jarhead
|-damage|p2a: Jarhead|80/100
|
|-heal|p2a: Jarhead|87/100|[from] item: Leftovers
|upkeep
|turn|17
|
|t:|1781113810
|switch|p1a: Hippowdon|Hippowdon, M|100/100
|-damage|p1a: Hippowdon|94/100|[from] Stealth Rock
|-weather|Sandstorm|[from] ability: Sand Stream|[of] p1a: Hippowdon
|move|p2a: Jarhead|Spikes|p1a: Hippowdon
|-sidestart|p1: KurisuChestnutLab|Spikes
|
|-weather|Sandstorm|[upkeep]
|-heal|p1a: Hippowdon|100/100|[from] item: Leftovers
|-heal|p2a: Jarhead|93/100|[from] item: Leftovers
|upkeep
|turn|18
|
|t:|1781113816
|move|p1a: Hippowdon|Stealth Rock|p2a: Jarhead
|-sidestart|p2: gintamaxxoo|move: Stealth Rock
|move|p2a: Jarhead|Spikes|p1a: Hippowdon
|-sidestart|p1: KurisuChestnutLab|Spikes
|
|-weather|Sandstorm|[upkeep]
|-heal|p2a: Jarhead|99/100|[from] item: Leftovers
|upkeep
|turn|19
|
|t:|1781113821
|switch|p1a: Skarmory|Skarmory, F|100/100
|-damage|p1a: Skarmory|88/100|[from] Stealth Rock
|move|p2a: Jarhead|Spikes|p1a: Skarmory
|-sidestart|p1: KurisuChestnutLab|Spikes
|
|-weather|Sandstorm|[upkeep]
|-heal|p1a: Skarmory|94/100|[from] item: Leftovers
|-heal|p2a: Jarhead|100/100|[from] item: Leftovers
|upkeep
|turn|20
|
|t:|1781113826
|move|p1a: Skarmory|Spikes|p2a: Jarhead
|-sidestart|p2: gintamaxxoo|Spikes
|move|p2a: Jarhead|Whirlwind|p1a: Skarmory
|drag|p1a: Slowking|Slowking, M|100/100
|
|-weather|Sandstorm|[upkeep]
|-damage|p1a: Slowking|94/100|[from] Sandstorm
|upkeep
|turn|21
|
|t:|1781113831
|move|p2a: Jarhead|Ruination|p1a: Slowking|[miss]
|-miss|p2a: Jarhead|p1a: Slowking
|move|p1a: Slowking|Scald|p2a: Jarhead
|-supereffective|p2a: Jarhead
|-damage|p2a: Jarhead|75/100
|-status|p2a: Jarhead|brn
|
|-weather|none
|-heal|p2a: Jarhead|81/100 brn|[from] item: Leftovers
|-damage|p2a: Jarhead|75/100 brn|[from] brn
|upkeep
|turn|22
|
|t:|1781113835
|move|p2a: Jarhead|Ruination|p1a: Slowking|[miss]
|-miss|p2a: Jarhead|p1a: Slowking
|move|p1a: Slowking|Scald|p2a: Jarhead
|-supereffective|p2a: Jarhead
|-damage|p2a: Jarhead|51/100 brn
|
|-heal|p2a: Jarhead|57/100 brn|[from] item: Leftovers
|-damage|p2a: Jarhead|51/100 brn|[from] brn
|upkeep
|turn|23
|
|t:|1781113839
|move|p2a: Jarhead|Ruination|p1a: Slowking|[miss]
|-miss|p2a: Jarhead|p1a: Slowking
|move|p1a: Slowking|Scald|p2a: Jarhead
|-supereffective|p2a: Jarhead
|-damage|p2a: Jarhead|27/100 brn
|
|-heal|p2a: Jarhead|34/100 brn|[from] item: Leftovers
|-damage|p2a: Jarhead|27/100 brn|[from] brn
|upkeep
|turn|24
|
|t:|1781113843
|switch|p2a: Tchavis Scott|Sinistcha-Masterpiece|100/100
|switch|p1a: Zapdos|Zapdos|100/100
|
|upkeep
|turn|25
|
|t:|1781113848
|switch|p2a: Jarhead|Ting-Lu|27/100 brn
|-damage|p2a: Jarhead|21/100 brn|[from] Stealth Rock
|-damage|p2a: Jarhead|9/100 brn|[from] Spikes
|-ability|p2a: Jarhead|Vessel of Ruin
|move|p1a: Zapdos|Hurricane|p2a: Jarhead|[miss]
|-miss|p1a: Zapdos|p2a: Jarhead
|
|-heal|p2a: Jarhead|15/100 brn|[from] item: Leftovers
|-damage|p2a: Jarhead|9/100 brn|[from] brn
|upkeep
|turn|26
|
|t:|1781113852
|move|p1a: Zapdos|Heat Wave|p2a: Jarhead
|-damage|p2a: Jarhead|0 fnt
|faint|p2a: Jarhead
|
|upkeep
|
|t:|1781113861
|switch|p2a: Dance Armstrong|Gliscor, F|100/100
|-damage|p2a: Dance Armstrong|88/100|[from] Stealth Rock
|turn|27
|
|t:|1781113868
|move|p2a: Dance Armstrong|Swords Dance|p2a: Dance Armstrong
|-boost|p2a: Dance Armstrong|atk|2
|move|p1a: Zapdos|Hurricane|p2a: Dance Armstrong
|-damage|p2a: Dance Armstrong|36/100
|-start|p2a: Dance Armstrong|confusion
|
|-status|p2a: Dance Armstrong|tox|[from] item: Toxic Orb
|upkeep
|turn|28
|
|t:|1781113873
|-activate|p2a: Dance Armstrong|confusion
|move|p2a: Dance Armstrong|Protect|p2a: Dance Armstrong
|-singleturn|p2a: Dance Armstrong|Protect
|move|p1a: Zapdos|Hurricane|p2a: Dance Armstrong
|-activate|p2a: Dance Armstrong|move: Protect
|
|-heal|p2a: Dance Armstrong|48/100 tox|[from] ability: Poison Heal
|upkeep
|turn|29
|
|t:|1781113881
|-activate|p2a: Dance Armstrong|confusion
|-damage|p2a: Dance Armstrong|33/100 tox|[from] confusion
|move|p1a: Zapdos|Hurricane|p2a: Dance Armstrong|[miss]
|-miss|p1a: Zapdos|p2a: Dance Armstrong
|
|-heal|p2a: Dance Armstrong|46/100 tox|[from] ability: Poison Heal
|upkeep
|turn|30
|
|t:|1781113887
|-activate|p2a: Dance Armstrong|confusion
|move|p2a: Dance Armstrong|Protect|p2a: Dance Armstrong
|-singleturn|p2a: Dance Armstrong|Protect
|move|p1a: Zapdos|Hurricane|p2a: Dance Armstrong
|-activate|p2a: Dance Armstrong|move: Protect
|
|-heal|p2a: Dance Armstrong|58/100 tox|[from] ability: Poison Heal
|upkeep
|turn|31
|
|t:|1781113892
|-end|p2a: Dance Armstrong|confusion
|move|p2a: Dance Armstrong|Facade|p1a: Zapdos
|-damage|p1a: Zapdos|57/100
|move|p1a: Zapdos|Hurricane|p2a: Dance Armstrong|[miss]
|-miss|p1a: Zapdos|p2a: Dance Armstrong
|
|-heal|p2a: Dance Armstrong|71/100 tox|[from] ability: Poison Heal
|upkeep
|turn|32
|
|t:|1781113899
|move|p2a: Dance Armstrong|Knock Off|p1a: Zapdos
|-damage|p1a: Zapdos|27/100
|-enditem|p1a: Zapdos|Heavy-Duty Boots|[from] move: Knock Off|[of] p2a: Dance Armstrong
|move|p1a: Zapdos|Roost|p1a: Zapdos
|-heal|p1a: Zapdos|78/100
|-singleturn|p1a: Zapdos|move: Roost
|
|-heal|p2a: Dance Armstrong|83/100 tox|[from] ability: Poison Heal
|upkeep
|turn|33
|
|t:|1781113906
|move|p2a: Dance Armstrong|Swords Dance|p2a: Dance Armstrong
|-boost|p2a: Dance Armstrong|atk|2
|move|p1a: Zapdos|Roost|p1a: Zapdos
|-heal|p1a: Zapdos|100/100
|-singleturn|p1a: Zapdos|move: Roost
|
|-heal|p2a: Dance Armstrong|96/100 tox|[from] ability: Poison Heal
|upkeep
|turn|34
|
|t:|1781113912
|switch|p1a: Skarmory|Skarmory, F|94/100
|-damage|p1a: Skarmory|82/100|[from] Stealth Rock
|move|p2a: Dance Armstrong|Facade|p1a: Skarmory
|-resisted|p1a: Skarmory
|-damage|p1a: Skarmory|55/100
|
|-heal|p1a: Skarmory|61/100|[from] item: Leftovers
|-heal|p2a: Dance Armstrong|100/100 tox|[from] ability: Poison Heal
|upkeep
|turn|35
|
|t:|1781113919
|move|p2a: Dance Armstrong|Swords Dance|p2a: Dance Armstrong
|-boost|p2a: Dance Armstrong|atk|2
|move|p1a: Skarmory|Roost|p1a: Skarmory
|-heal|p1a: Skarmory|100/100
|-singleturn|p1a: Skarmory|move: Roost
|
|upkeep
|turn|36
|
|t:|1781113923
|move|p2a: Dance Armstrong|Knock Off|p1a: Skarmory
|-damage|p1a: Skarmory|46/100
|-enditem|p1a: Skarmory|Leftovers|[from] move: Knock Off|[of] p2a: Dance Armstrong
|move|p1a: Skarmory|Spikes|p2a: Dance Armstrong
|-sidestart|p2: gintamaxxoo|Spikes
|
|upkeep
|turn|37
|
|t:|1781113927
|move|p2a: Dance Armstrong|Knock Off|p1a: Skarmory
|-crit|p1a: Skarmory
|-damage|p1a: Skarmory|0 fnt
|faint|p1a: Skarmory
|
|upkeep
|
|t:|1781113930
|switch|p1a: Dragonite|Dragonite, F, tera:Normal|69/100 brn
|turn|38
|
|t:|1781113936
|move|p2a: Dance Armstrong|Knock Off|p1a: Dragonite
|-damage|p1a: Dragonite|0 fnt
|-enditem|p1a: Dragonite|Heavy-Duty Boots|[from] move: Knock Off|[of] p2a: Dance Armstrong
|faint|p1a: Dragonite
|
|upkeep
|
|t:|1781113939
|switch|p1a: Primarina|Primarina, F|100/100
|-damage|p1a: Primarina|88/100|[from] Stealth Rock
|-damage|p1a: Primarina|63/100|[from] Spikes
|turn|39
|
|t:|1781113944
|-terastallize|p2a: Dance Armstrong|Normal
|move|p2a: Dance Armstrong|Facade|p1a: Primarina
|-damage|p1a: Primarina|0 fnt
|faint|p1a: Primarina
|
|upkeep
|
|t:|1781113949
|switch|p1a: Slowking|Slowking, M|100/100
|turn|40
|
|t:|1781113955
|move|p2a: Dance Armstrong|Facade|p1a: Slowking
|-damage|p1a: Slowking|0 fnt
|faint|p1a: Slowking
|
|upkeep
|
|t:|1781113960
|switch|p1a: Zapdos|Zapdos|100/100
|-damage|p1a: Zapdos|76/100|[from] Stealth Rock
|turn|41
|
|t:|1781113963
|move|p2a: Dance Armstrong|Facade|p1a: Zapdos
|-damage|p1a: Zapdos|0 fnt
|faint|p1a: Zapdos
|
|upkeep
|
|t:|1781113966
|switch|p1a: Hippowdon|Hippowdon, M|100/100
|-damage|p1a: Hippowdon|94/100|[from] Stealth Rock
|-damage|p1a: Hippowdon|69/100|[from] Spikes
|-weather|Sandstorm|[from] ability: Sand Stream|[of] p1a: Hippowdon
|turn|42
|
|t:|1781113973
|move|p2a: Dance Armstrong|Facade|p1a: Hippowdon
|-damage|p1a: Hippowdon|0 fnt
|faint|p1a: Hippowdon
|
|win|gintamaxxoo
|raw|KurisuChestnutLab's rating: 1600 &rarr; <strong>1579</strong><br />(-21 for losing)
|raw|gintamaxxoo's rating: 1586 &rarr; <strong>1607</strong><br />(+21 for winning)
|l|☆gintamaxxoo
|player|p2|
