|j|☆LowEL0God
|j|☆samohi0
|t:|1781419393
|gametype|singles
|player|p1|LowEL0God|265|1659
|player|p2|samohi0|170|1621
|gen|9
|tier|[Gen 9] OU
|rated|
|rule|HP Percentage Mod: HP is shown in percentages
|rule|Endless Battle Clause: Forcing endless battles is banned
|rule|Species Clause: Limit one of each Pokémon
|rule|OHKO Clause: OHKO moves are banned
|rule|Evasion Items Clause: Evasion items are banned
|rule|Evasion Moves Clause: Evasion moves are banned
|rule|Evasion Abilities Clause: Evasion abilities are banned
|rule|Sleep Moves Clause: Sleep-inducing moves are banned
|clearpoke
|poke|p1|Pelipper, M|
|poke|p1|Raging Bolt|
|poke|p1|Overqwil, M|
|poke|p1|Barraskewda, M|
|poke|p1|Iron Treads|
|poke|p1|Kingambit, F|
|poke|p2|Lokix, F|
|poke|p2|Iron Valiant|
|poke|p2|Alomomola, L99, F|
|poke|p2|Mandibuzz, F|
|poke|p2|Great Tusk|
|poke|p2|Gholdengo|
|teampreview
|c|☆LowEL0God|hf
|inactive|Battle timer is ON: inactive players will automatically lose when time's up. (requested by LowEL0God)
|
|t:|1781419398
|teamsize|p1|6
|teamsize|p2|6
|start
|switch|p1a: Pelipper|Pelipper, M|100/100
|switch|p2a: Shining Agito|Lokix, F, shiny|100/100
|-weather|RainDance|[from] ability: Drizzle|[of] p1a: Pelipper
|turn|1
|
|t:|1781419400
|move|p2a: Shining Agito|U-turn|p1a: Pelipper
|-resisted|p1a: Pelipper
|-crit|p1a: Pelipper
|-damage|p1a: Pelipper|46/100
|
|t:|1781419402
|switch|p2a: Tetsuya Sawaki|Alomomola, L99, F|100/100|[from] U-turn
|move|p1a: Pelipper|Weather Ball|p2a: Tetsuya Sawaki
|-resisted|p2a: Tetsuya Sawaki
|-damage|p2a: Tetsuya Sawaki|87/100
|
|-weather|RainDance|[upkeep]
|upkeep
|turn|2
|
|t:|1781419404
|move|p1a: Pelipper|Roost|p1a: Pelipper
|-heal|p1a: Pelipper|96/100
|-singleturn|p1a: Pelipper|move: Roost
|move|p2a: Tetsuya Sawaki|Flip Turn|p1a: Pelipper
|-resisted|p1a: Pelipper
|-damage|p1a: Pelipper|88/100
|
|t:|1781419408
|switch|p2a: G3-X|Iron Valiant, shiny|100/100|[from] Flip Turn
|
|-weather|RainDance|[upkeep]
|upkeep
|turn|3
|
|t:|1781419409
|switch|p1a: Iron Treads|Iron Treads|100/100
|-enditem|p1a: Iron Treads|Booster Energy
|-activate|p1a: Iron Treads|ability: Quark Drive|[fromitem]
|-start|p1a: Iron Treads|quarkdrivespe
|move|p2a: G3-X|Moonblast|p1a: Iron Treads
|-resisted|p1a: Iron Treads
|-damage|p1a: Iron Treads|47/100
|-unboost|p1a: Iron Treads|spa|1
|
|-weather|RainDance|[upkeep]
|upkeep
|turn|4
|
|t:|1781419415
|move|p1a: Iron Treads|Stealth Rock|p2a: G3-X
|-sidestart|p2: samohi0|move: Stealth Rock
|move|p2a: G3-X|Moonblast|p1a: Iron Treads
|-resisted|p1a: Iron Treads
|-damage|p1a: Iron Treads|0 fnt
|faint|p1a: Iron Treads
|-end|p1a: Iron Treads|Quark Drive|[silent]
|
|-weather|RainDance|[upkeep]
|upkeep
|
|t:|1781419415
|switch|p1a: Barraskewda|Barraskewda, M|100/100
|turn|5
|j| rexa2
|
|t:|1781419417
|-end|p2a: G3-X|Quark Drive|[silent]
|switch|p2a: Tetsuya Sawaki|Alomomola, L99, F|100/100
|-damage|p2a: Tetsuya Sawaki|88/100|[from] Stealth Rock
|move|p1a: Barraskewda|Liquidation|p2a: Tetsuya Sawaki
|-resisted|p2a: Tetsuya Sawaki
|-damage|p2a: Tetsuya Sawaki|53/100
|-unboost|p2a: Tetsuya Sawaki|def|1
|
|-weather|RainDance|[upkeep]
|upkeep
|turn|6
|
|t:|1781419424
|-terastallize|p1a: Barraskewda|Water
|move|p1a: Barraskewda|Liquidation|p2a: Tetsuya Sawaki
|-resisted|p2a: Tetsuya Sawaki
|-damage|p2a: Tetsuya Sawaki|0 fnt
|faint|p2a: Tetsuya Sawaki
|
|-weather|RainDance|[upkeep]
|upkeep
|
|t:|1781419425
|switch|p2a: Overlord|Mandibuzz, F|100/100
|turn|7
|
|t:|1781419428
|move|p1a: Barraskewda|Liquidation|p2a: Overlord
|-damage|p2a: Overlord|22/100
|-unboost|p2a: Overlord|def|1
|move|p2a: Overlord|Foul Play|p1a: Barraskewda
|-damage|p1a: Barraskewda|0 fnt
|faint|p1a: Barraskewda
|
|-weather|RainDance|[upkeep]
|upkeep
|
|t:|1781419430
|switch|p1a: Kingambit|Kingambit, F|100/100
|-activate|p1a: Kingambit|ability: Supreme Overlord
|-start|p1a: Kingambit|fallen2|[silent]
|turn|8
|
|t:|1781419433
|move|p2a: Overlord|Defog|p1a: Kingambit
|-unboost|p1a: Kingambit|evasion|1
|-sideend|p2: samohi0|Stealth Rock|[from] move: Defog|[of] p2a: Overlord
|move|p1a: Kingambit|Iron Head|p2a: Overlord
|-damage|p2a: Overlord|0 fnt
|faint|p2a: Overlord
|
|-weather|none
|upkeep
|
|t:|1781419439
|switch|p2a: Gills Exceed|Great Tusk|100/100
|turn|9
|
|t:|1781419441
|move|p2a: Gills Exceed|Stealth Rock|p1a: Kingambit
|-sidestart|p1: LowEL0God|move: Stealth Rock
|move|p1a: Kingambit|Iron Head|p2a: Gills Exceed
|-damage|p2a: Gills Exceed|57/100
|
|upkeep
|turn|10
|
|t:|1781419442
|-end|p1a: Kingambit|fallen2|[silent]
|switch|p1a: Pelipper|Pelipper, M|88/100
|-damage|p1a: Pelipper|63/100|[from] Stealth Rock
|-weather|RainDance|[from] ability: Drizzle|[of] p1a: Pelipper
|move|p2a: Gills Exceed|Headlong Rush|p1a: Pelipper
|-immune|p1a: Pelipper
|
|-weather|RainDance|[upkeep]
|upkeep
|turn|11
|
|t:|1781419446
|-end|p2a: Gills Exceed|Protosynthesis|[silent]
|switch|p2a: MACHINE TORNADER|Gholdengo|100/100
|move|p1a: Pelipper|Hurricane|p2a: MACHINE TORNADER
|-resisted|p2a: MACHINE TORNADER
|-damage|p2a: MACHINE TORNADER|79/100
|
|-weather|RainDance|[upkeep]
|upkeep
|turn|12
|
|t:|1781419451
|move|p2a: MACHINE TORNADER|Shadow Ball|p1a: Pelipper
|-damage|p1a: Pelipper|0 fnt
|faint|p1a: Pelipper
|
|-weather|RainDance|[upkeep]
|upkeep
|
|t:|1781419452
|switch|p1a: Raging Bolt|Raging Bolt|100/100
|-damage|p1a: Raging Bolt|88/100|[from] Stealth Rock
|-enditem|p1a: Raging Bolt|Booster Energy
|-activate|p1a: Raging Bolt|ability: Protosynthesis|[fromitem]
|-start|p1a: Raging Bolt|protosynthesisspa
|turn|13
|
|t:|1781419454
|move|p2a: MACHINE TORNADER|Shadow Ball|p1a: Raging Bolt
|-damage|p1a: Raging Bolt|53/100
|-unboost|p1a: Raging Bolt|spd|1
|move|p1a: Raging Bolt|Weather Ball|p2a: MACHINE TORNADER
|-damage|p2a: MACHINE TORNADER|0 fnt
|faint|p2a: MACHINE TORNADER
|
|-weather|RainDance|[upkeep]
|upkeep
|
|t:|1781419457
|switch|p2a: Gills Exceed|Great Tusk|57/100
|turn|14
|
|t:|1781419460
|move|p2a: Gills Exceed|Headlong Rush|p1a: Raging Bolt
|-supereffective|p1a: Raging Bolt
|-crit|p1a: Raging Bolt
|-damage|p1a: Raging Bolt|0 fnt
|-unboost|p2a: Gills Exceed|def|1
|-unboost|p2a: Gills Exceed|spd|1
|faint|p1a: Raging Bolt
|-end|p1a: Raging Bolt|Protosynthesis|[silent]
|
|-weather|RainDance|[upkeep]
|upkeep
|
|t:|1781419461
|switch|p1a: Overqwil|Overqwil, M|100/100
|-damage|p1a: Overqwil|88/100|[from] Stealth Rock
|turn|15
|
|t:|1781419474
|-end|p2a: Gills Exceed|Protosynthesis|[silent]
|switch|p2a: G3-X|Iron Valiant, shiny|100/100
|move|p1a: Overqwil|Liquidation|p2a: G3-X
|-damage|p2a: G3-X|20/100
|-damage|p1a: Overqwil|78/100|[from] item: Life Orb
|
|-weather|RainDance|[upkeep]
|upkeep
|turn|16
|
|t:|1781419478
|move|p1a: Overqwil|Liquidation|p2a: G3-X
|-damage|p2a: G3-X|0 fnt
|faint|p2a: G3-X
|-end|p2a: G3-X|Quark Drive|[silent]
|-damage|p1a: Overqwil|69/100|[from] item: Life Orb
|
|-weather|RainDance|[upkeep]
|upkeep
|l| rexa2
|
|t:|1781419483
|switch|p2a: Shining Agito|Lokix, F, shiny|100/100
|turn|17
|
|t:|1781419490
|switch|p1a: Kingambit|Kingambit, F|100/100
|-damage|p1a: Kingambit|94/100|[from] Stealth Rock
|-activate|p1a: Kingambit|ability: Supreme Overlord
|-start|p1a: Kingambit|fallen4|[silent]
|move|p2a: Shining Agito|First Impression|p1a: Kingambit
|-damage|p1a: Kingambit|43/100
|
|-weather|none
|-heal|p1a: Kingambit|50/100|[from] item: Leftovers
|upkeep
|turn|18
|
|t:|1781419492
|switch|p2a: Gills Exceed|Great Tusk|57/100
|move|p1a: Kingambit|Iron Head|p2a: Gills Exceed
|-damage|p2a: Gills Exceed|7/100
|
|-heal|p1a: Kingambit|56/100|[from] item: Leftovers
|upkeep
|turn|19
|
|t:|1781419495
|-end|p2a: Gills Exceed|Protosynthesis|[silent]
|switch|p2a: Shining Agito|Lokix, F, shiny|100/100
|move|p1a: Kingambit|Sucker Punch||[still]
|-fail|p1a: Kingambit
|
|-heal|p1a: Kingambit|62/100|[from] item: Leftovers
|upkeep
|turn|20
|
|t:|1781419500
|-terastallize|p2a: Shining Agito|Bug
|move|p2a: Shining Agito|First Impression|p1a: Kingambit
|-damage|p1a: Kingambit|4/100
|move|p1a: Kingambit|Kowtow Cleave|p2a: Shining Agito
|-damage|p2a: Shining Agito|6/100
|
|-heal|p1a: Kingambit|10/100|[from] item: Leftovers
|upkeep
|turn|21
|
|t:|1781419505
|switch|p2a: Gills Exceed|Great Tusk|7/100
|move|p1a: Kingambit|Iron Head|p2a: Gills Exceed
|-damage|p2a: Gills Exceed|0 fnt
|faint|p2a: Gills Exceed
|-end|p2a: Gills Exceed|Protosynthesis|[silent]
|
|-heal|p1a: Kingambit|16/100|[from] item: Leftovers
|upkeep
|
|t:|1781419507
|switch|p2a: Shining Agito|Lokix, F, shiny, tera:Bug|6/100
|turn|22
|
|t:|1781419510
|-end|p1a: Kingambit|fallen4|[silent]
|switch|p1a: Overqwil|Overqwil, M|69/100
|-damage|p1a: Overqwil|56/100|[from] Stealth Rock
|move|p2a: Shining Agito|Leech Life|p1a: Overqwil
|-damage|p1a: Overqwil|0 fnt
|-heal|p2a: Shining Agito|37/100|[from] drain|[of] p1a: Overqwil
|faint|p1a: Overqwil
|
|upkeep
|
|t:|1781419511
|switch|p1a: Kingambit|Kingambit, F|16/100
|-damage|p1a: Kingambit|10/100|[from] Stealth Rock
|-activate|p1a: Kingambit|ability: Supreme Overlord
|-start|p1a: Kingambit|fallen5|[silent]
|turn|23
|
|t:|1781419513
|move|p1a: Kingambit|Sucker Punch|p2a: Shining Agito
|-damage|p2a: Shining Agito|0 fnt
|faint|p2a: Shining Agito
|
|win|LowEL0God
|raw|LowEL0God's rating: 1659 &rarr; <strong>1677</strong><br />(+18 for winning)
|raw|samohi0's rating: 1621 &rarr; <strong>1603</strong><br />(-18 for losing)
|l|☆samohi0
|player|p2|
|c|☆LowEL0God|gg
|l|☆LowEL0God
|player|p1|
