|badge|p2|bronze|gen9ou|100-9
|uhtml|medal-msg|<div class="broadcast-blue">Curious what those medals under the avatar are? PS now has Ladder Seasons! For more information, check out the <a href="https://www.smogon.com/forums/threads/3740067/">thread on Smogon.</a></div>
|j|☆Nat889
|j|☆Johnny tots
|t:|1781111339
|gametype|singles
|player|p1|Nat889|miku-ghost|1614
|player|p2|Johnny tots|1|1807
|gen|9
|tier|[Gen 9] OU
|rated|
|rule|HP Percentage Mod: HP is shown in percentages
|rule|Endless Battle Clause: Forcing endless battles is banned
|rule|Species Clause: Limit one of each Pokémon
|rule|OHKO Clause: OHKO moves are banned
|rule|Evasion Items Clause: Evasion items are banned
|rule|Evasion Moves Clause: Evasion moves are banned
|rule|Evasion Abilities Clause: Evasion abilities are banned
|rule|Sleep Moves Clause: Sleep-inducing moves are banned
|clearpoke
|poke|p1|Lokix, F|
|poke|p1|Iron Valiant|
|poke|p1|Alomomola, L99, F|
|poke|p1|Mandibuzz, F|
|poke|p1|Great Tusk|
|poke|p1|Gholdengo|
|poke|p2|Rillaboom, F|
|poke|p2|Klefki, M|
|poke|p2|Manaphy|
|poke|p2|Ogerpon-Wellspring, F|
|poke|p2|Dragapult, F|
|poke|p2|Clefable, F|
|teampreview
|inactive|Battle timer is ON: inactive players will automatically lose when time's up. (requested by Johnny tots)
|
|t:|1781111356
|teamsize|p1|6
|teamsize|p2|6
|start
|switch|p1a: Shining Agito|Lokix, F, shiny|100/100
|switch|p2a: Klefki|Klefki, M|100/100
|turn|1
|l|☆Johnny tots
|inactive|Johnny tots disconnected and has a minute to reconnect!
|player|p2|
|j|☆Johnny tots
|inactive|Johnny tots reconnected and has 145 seconds left.
|player|p2|Johnny tots|1|
|
|t:|1781111366
|move|p2a: Klefki|Reflect|p2a: Klefki
|-sidestart|p2: Johnny tots|Reflect
|move|p1a: Shining Agito|Knock Off|p2a: Klefki
|-resisted|p2a: Klefki
|-damage|p2a: Klefki|71/100
|-enditem|p2a: Klefki|Light Clay|[from] move: Knock Off|[of] p1a: Shining Agito
|
|upkeep
|turn|2
|
|t:|1781111376
|switch|p1a: Gills Exceed|Great Tusk|100/100
|move|p2a: Klefki|Light Screen|p2a: Klefki
|-sidestart|p2: Johnny tots|move: Light Screen
|
|upkeep
|turn|3
|
|t:|1781111383
|switch|p2a: Rillaboom|Rillaboom, F|100/100
|-fieldstart|move: Grassy Terrain|[from] ability: Grassy Surge|[of] p2a: Rillaboom
|move|p1a: Gills Exceed|Stealth Rock|p2a: Rillaboom
|-sidestart|p2: Johnny tots|move: Stealth Rock
|
|upkeep
|turn|4
|
|t:|1781111393
|-end|p1a: Gills Exceed|Protosynthesis|[silent]
|switch|p1a: Overlord|Mandibuzz, F|100/100
|move|p2a: Rillaboom|Knock Off|p1a: Overlord
|-resisted|p1a: Overlord
|-damage|p1a: Overlord|91/100
|-enditem|p1a: Overlord|Heavy-Duty Boots|[from] move: Knock Off|[of] p2a: Rillaboom
|
|upkeep
|turn|5
|
|t:|1781111402
|move|p2a: Rillaboom|Bulk Up|p2a: Rillaboom
|-boost|p2a: Rillaboom|atk|1
|-boost|p2a: Rillaboom|def|1
|move|p1a: Overlord|Foul Play|p2a: Rillaboom
|-damage|p2a: Rillaboom|73/100
|
|-heal|p2a: Rillaboom|79/100|[from] Grassy Terrain
|upkeep
|turn|6
|
|t:|1781111415
|move|p2a: Rillaboom|Knock Off|p1a: Overlord
|-resisted|p1a: Overlord
|-damage|p1a: Overlord|81/100
|move|p1a: Overlord|Foul Play|p2a: Rillaboom
|-damage|p2a: Rillaboom|52/100
|
|-heal|p2a: Rillaboom|58/100|[from] Grassy Terrain
|-sideend|p2: Johnny tots|move: Light Screen
|upkeep
|turn|7
|
|t:|1781111423
|switch|p2a: Klefki|Klefki, M|71/100
|-damage|p2a: Klefki|65/100|[from] Stealth Rock
|move|p1a: Overlord|Foul Play|p2a: Klefki
|-resisted|p2a: Klefki
|-damage|p2a: Klefki|60/100
|
|-heal|p2a: Klefki|66/100|[from] Grassy Terrain
|upkeep
|turn|8
|
|t:|1781111431
|switch|p1a: Gills Exceed|Great Tusk|100/100
|move|p2a: Klefki|Spikes|p1a: Gills Exceed
|-sidestart|p1: Nat889|Spikes
|
|-heal|p2a: Klefki|72/100|[from] Grassy Terrain
|-sideend|p2: Johnny tots|Reflect
|upkeep
|turn|9
|
|t:|1781111438
|move|p2a: Klefki|Reflect|p2a: Klefki
|-sidestart|p2: Johnny tots|Reflect
|move|p1a: Gills Exceed|Ice Spinner|p2a: Klefki
|-resisted|p2a: Klefki
|-damage|p2a: Klefki|66/100
|-fieldend|move: Grassy Terrain
|
|upkeep
|turn|10
|
|t:|1781111446
|switch|p2a: Cutmylifein2|Dragapult, F|100/100
|-damage|p2a: Cutmylifein2|88/100|[from] Stealth Rock
|move|p1a: Gills Exceed|Headlong Rush|p2a: Cutmylifein2
|-damage|p2a: Cutmylifein2|53/100
|-unboost|p1a: Gills Exceed|def|1
|-unboost|p1a: Gills Exceed|spd|1
|
|-heal|p2a: Cutmylifein2|59/100|[from] item: Leftovers
|upkeep
|turn|11
|
|t:|1781111459
|-end|p1a: Gills Exceed|Protosynthesis|[silent]
|switch|p1a: Tetsuya Sawaki|Alomomola, L99, F|100/100
|-damage|p1a: Tetsuya Sawaki|88/100|[from] Spikes
|move|p2a: Cutmylifein2|Dragon Dance|p2a: Cutmylifein2
|-boost|p2a: Cutmylifein2|atk|1
|-boost|p2a: Cutmylifein2|spe|1
|
|-heal|p2a: Cutmylifein2|65/100|[from] item: Leftovers
|upkeep
|turn|12
|
|t:|1781111470
|move|p2a: Cutmylifein2|Substitute|p2a: Cutmylifein2
|-start|p2a: Cutmylifein2|Substitute
|-damage|p2a: Cutmylifein2|40/100
|move|p1a: Tetsuya Sawaki|Flip Turn|p2a: Cutmylifein2
|-resisted|p2a: Cutmylifein2
|-activate|p2a: Cutmylifein2|move: Substitute|[damage]
|
|t:|1781111477
|switch|p1a: Overlord|Mandibuzz, F|81/100|[from] Flip Turn
|
|-heal|p2a: Cutmylifein2|47/100|[from] item: Leftovers
|upkeep
|turn|13
|
|t:|1781111488
|-terastallize|p1a: Overlord|Fairy
|move|p2a: Cutmylifein2|Dragon Darts|p1a: Overlord
|-immune|p1a: Overlord
|move|p1a: Overlord|Foul Play|p2a: Cutmylifein2
|-supereffective|p2a: Cutmylifein2
|-end|p2a: Cutmylifein2|Substitute
|
|-heal|p2a: Cutmylifein2|53/100|[from] item: Leftovers
|-sideend|p2: Johnny tots|Reflect
|upkeep
|turn|14
|
|t:|1781111498
|switch|p2a: Klefki|Klefki, M|66/100
|-damage|p2a: Klefki|60/100|[from] Stealth Rock
|move|p1a: Overlord|U-turn|p2a: Klefki
|-resisted|p2a: Klefki
|-damage|p2a: Klefki|58/100
|
|t:|1781111515
|switch|p1a: Gills Exceed|Great Tusk|100/100|[from] U-turn
|
|upkeep
|turn|15
|
|t:|1781111520
|move|p2a: Klefki|Reflect|p2a: Klefki
|-sidestart|p2: Johnny tots|Reflect
|move|p1a: Gills Exceed|Headlong Rush|p2a: Klefki
|-supereffective|p2a: Klefki
|-damage|p2a: Klefki|9/100
|-unboost|p1a: Gills Exceed|def|1
|-unboost|p1a: Gills Exceed|spd|1
|
|upkeep
|turn|16
|
|t:|1781111526
|switch|p2a: Ogerpon|Ogerpon-Wellspring, F|100/100
|-damage|p2a: Ogerpon|88/100|[from] Stealth Rock
|move|p1a: Gills Exceed|Headlong Rush|p2a: Ogerpon
|-resisted|p2a: Ogerpon
|-damage|p2a: Ogerpon|66/100
|-unboost|p1a: Gills Exceed|def|1
|-unboost|p1a: Gills Exceed|spd|1
|
|upkeep
|turn|17
|
|t:|1781111542
|-end|p1a: Gills Exceed|Protosynthesis|[silent]
|switch|p1a: G3-X|Iron Valiant, shiny|100/100
|-damage|p1a: G3-X|88/100|[from] Spikes
|move|p2a: Ogerpon|Swords Dance|p2a: Ogerpon
|-boost|p2a: Ogerpon|atk|2
|
|upkeep
|turn|18
|
|t:|1781111549
|move|p1a: G3-X|Moonblast|p2a: Ogerpon
|-crit|p2a: Ogerpon
|-damage|p2a: Ogerpon|0 fnt
|faint|p2a: Ogerpon
|
|upkeep
|
|t:|1781111558
|switch|p2a: Klefki|Klefki, M|9/100
|-damage|p2a: Klefki|3/100|[from] Stealth Rock
|turn|19
|
|t:|1781111565
|-end|p1a: G3-X|Quark Drive|[silent]
|switch|p1a: Gills Exceed|Great Tusk|100/100
|move|p2a: Klefki|Thunder Wave|p1a: Gills Exceed
|-immune|p1a: Gills Exceed
|
|-sideend|p2: Johnny tots|Reflect
|upkeep
|turn|20
|
|t:|1781111573
|move|p2a: Klefki|Reflect|p2a: Klefki
|-sidestart|p2: Johnny tots|Reflect
|move|p1a: Gills Exceed|Rapid Spin|p2a: Klefki
|-resisted|p2a: Klefki
|-damage|p2a: Klefki|0 fnt
|-boost|p1a: Gills Exceed|spe|1
|-sideend|p1: Nat889|Spikes|[from] move: Rapid Spin|[of] p1a: Gills Exceed
|faint|p2a: Klefki
|
|upkeep
|
|t:|1781111575
|switch|p2a: Clefable|Clefable, F|100/100
|turn|21
|
|t:|1781111586
|-end|p1a: Gills Exceed|Protosynthesis|[silent]
|switch|p1a: MACHINE TORNADER|Gholdengo|100/100
|move|p2a: Clefable|Calm Mind|p2a: Clefable
|-boost|p2a: Clefable|spa|1
|-boost|p2a: Clefable|spd|1
|
|upkeep
|turn|22
|
|t:|1781111592
|move|p1a: MACHINE TORNADER|Trick|p2a: Clefable
|-activate|p1a: MACHINE TORNADER|move: Trick|[of] p2a: Clefable
|-item|p2a: Clefable|Choice Scarf|[from] move: Trick
|-item|p1a: MACHINE TORNADER|Leftovers|[from] move: Trick
|move|p2a: Clefable|Fire Blast|p1a: MACHINE TORNADER
|-supereffective|p1a: MACHINE TORNADER
|-damage|p1a: MACHINE TORNADER|0 fnt
|faint|p1a: MACHINE TORNADER
|
|upkeep
|
|t:|1781111606
|switch|p1a: Tetsuya Sawaki|Alomomola, L99, F|100/100
|turn|23
|
|t:|1781111611
|switch|p2a: Rillaboom|Rillaboom, F|58/100
|-damage|p2a: Rillaboom|46/100|[from] Stealth Rock
|-fieldstart|move: Grassy Terrain|[from] ability: Grassy Surge|[of] p2a: Rillaboom
|move|p1a: Tetsuya Sawaki|Scald|p2a: Rillaboom
|-resisted|p2a: Rillaboom
|-damage|p2a: Rillaboom|38/100
|
|-heal|p2a: Rillaboom|44/100|[from] Grassy Terrain
|upkeep
|turn|24
|
|t:|1781111629
|move|p2a: Rillaboom|Bulk Up|p2a: Rillaboom
|-boost|p2a: Rillaboom|atk|1
|-boost|p2a: Rillaboom|def|1
|move|p1a: Tetsuya Sawaki|Scald|p2a: Rillaboom
|-resisted|p2a: Rillaboom
|-damage|p2a: Rillaboom|35/100
|
|-heal|p2a: Rillaboom|41/100|[from] Grassy Terrain
|-sideend|p2: Johnny tots|Reflect
|upkeep
|turn|25
|
|t:|1781111637
|move|p2a: Rillaboom|Grassy Glide|p1a: Tetsuya Sawaki
|-supereffective|p1a: Tetsuya Sawaki
|-damage|p1a: Tetsuya Sawaki|13/100
|move|p1a: Tetsuya Sawaki|Scald|p2a: Rillaboom
|-resisted|p2a: Rillaboom
|-damage|p2a: Rillaboom|34/100
|
|-heal|p2a: Rillaboom|40/100|[from] Grassy Terrain
|-heal|p1a: Tetsuya Sawaki|20/100|[from] Grassy Terrain
|upkeep
|turn|26
|
|t:|1781111646
|move|p2a: Rillaboom|Bulk Up|p2a: Rillaboom
|-boost|p2a: Rillaboom|atk|1
|-boost|p2a: Rillaboom|def|1
|move|p1a: Tetsuya Sawaki|Scald|p2a: Rillaboom
|-resisted|p2a: Rillaboom
|-damage|p2a: Rillaboom|32/100
|
|-heal|p2a: Rillaboom|39/100|[from] Grassy Terrain
|-heal|p1a: Tetsuya Sawaki|26/100|[from] Grassy Terrain
|upkeep
|turn|27
|
|t:|1781111654
|move|p2a: Rillaboom|Grassy Glide|p1a: Tetsuya Sawaki
|-supereffective|p1a: Tetsuya Sawaki
|-damage|p1a: Tetsuya Sawaki|0 fnt
|faint|p1a: Tetsuya Sawaki
|
|-heal|p2a: Rillaboom|45/100|[from] Grassy Terrain
|upkeep
|
|t:|1781111661
|switch|p1a: Shining Agito|Lokix, F, shiny|100/100
|turn|28
|
|t:|1781111666
|move|p1a: Shining Agito|First Impression|p2a: Rillaboom
|-supereffective|p2a: Rillaboom
|-damage|p2a: Rillaboom|0 fnt
|faint|p2a: Rillaboom
|
|upkeep
|
|t:|1781111684
|switch|p2a: Clefable|Clefable, F|100/100
|turn|29
|
|t:|1781111691
|switch|p1a: Overlord|Mandibuzz, F, tera:Fairy|81/100
|move|p2a: Clefable|Calm Mind|p2a: Clefable
|-boost|p2a: Clefable|spa|1
|-boost|p2a: Clefable|spd|1
|
|-heal|p1a: Overlord|87/100|[from] Grassy Terrain
|upkeep
|turn|30
|
|t:|1781111700
|switch|p2a: Cutmylifein2|Dragapult, F|53/100
|-damage|p2a: Cutmylifein2|40/100|[from] Stealth Rock
|move|p1a: Overlord|Foul Play|p2a: Cutmylifein2
|-supereffective|p2a: Cutmylifein2
|-damage|p2a: Cutmylifein2|0 fnt
|faint|p2a: Cutmylifein2
|
|-heal|p1a: Overlord|93/100|[from] Grassy Terrain
|-fieldend|move: Grassy Terrain
|upkeep
|
|t:|1781111706
|switch|p2a: Clefable|Clefable, F|100/100
|turn|31
|
|t:|1781111711
|move|p2a: Clefable|Moonblast|p1a: Overlord
|-damage|p1a: Overlord|59/100
|move|p1a: Overlord|Foul Play|p2a: Clefable
|-resisted|p2a: Clefable
|-damage|p2a: Clefable|92/100
|
|upkeep
|turn|32
|
|t:|1781111720
|move|p2a: Clefable|Moonblast|p1a: Overlord
|-damage|p1a: Overlord|25/100
|-unboost|p1a: Overlord|spa|1
|move|p1a: Overlord|Roost|p1a: Overlord
|-heal|p1a: Overlord|75/100
|
|upkeep
|turn|33
|
|t:|1781111728
|move|p2a: Clefable|Moonblast|p1a: Overlord
|-damage|p1a: Overlord|44/100
|move|p1a: Overlord|Roost|p1a: Overlord
|-heal|p1a: Overlord|94/100
|
|upkeep
|turn|34
|
|t:|1781111738
|move|p2a: Clefable|Moonblast|p1a: Overlord
|-damage|p1a: Overlord|60/100
|move|p1a: Overlord|Foul Play|p2a: Clefable
|-resisted|p2a: Clefable
|-damage|p2a: Clefable|84/100
|
|upkeep
|turn|35
|
|t:|1781111745
|switch|p2a: Manaphy|Manaphy|100/100
|-damage|p2a: Manaphy|88/100|[from] Stealth Rock
|move|p1a: Overlord|Roost|p1a: Overlord
|-heal|p1a: Overlord|100/100
|
|-heal|p2a: Manaphy|94/100|[from] item: Leftovers
|upkeep
|turn|36
|
|t:|1781111757
|move|p2a: Manaphy|Take Heart|p2a: Manaphy
|-boost|p2a: Manaphy|spa|1
|-boost|p2a: Manaphy|spd|1
|move|p1a: Overlord|U-turn|p2a: Manaphy
|-damage|p2a: Manaphy|85/100
|
|t:|1781111769
|switch|p1a: G3-X|Iron Valiant, shiny|88/100|[from] U-turn
|
|-heal|p2a: Manaphy|91/100|[from] item: Leftovers
|upkeep
|turn|37
|
|t:|1781111774
|move|p1a: G3-X|Thunderbolt|p2a: Manaphy
|-supereffective|p2a: Manaphy
|-damage|p2a: Manaphy|37/100
|move|p2a: Manaphy|Scald|p1a: G3-X
|-damage|p1a: G3-X|0 fnt
|faint|p1a: G3-X
|-end|p1a: G3-X|Quark Drive|[silent]
|
|-heal|p2a: Manaphy|43/100|[from] item: Leftovers
|upkeep
|
|t:|1781111785
|switch|p1a: Shining Agito|Lokix, F, shiny|100/100
|turn|38
|
|t:|1781111788
|switch|p2a: Clefable|Clefable, F|84/100
|move|p1a: Shining Agito|First Impression|p2a: Clefable
|-resisted|p2a: Clefable
|-damage|p2a: Clefable|16/100
|
|upkeep
|turn|39
|
|t:|1781111796
|switch|p1a: Overlord|Mandibuzz, F, tera:Fairy|100/100
|switch|p2a: Manaphy|Manaphy|43/100
|-damage|p2a: Manaphy|30/100|[from] Stealth Rock
|
|-heal|p2a: Manaphy|36/100|[from] item: Leftovers
|upkeep
|turn|40
|
|t:|1781111804
|move|p2a: Manaphy|Acid Armor|p2a: Manaphy
|-boost|p2a: Manaphy|def|2
|move|p1a: Overlord|Foul Play|p2a: Manaphy
|-damage|p2a: Manaphy|25/100
|
|-heal|p2a: Manaphy|31/100|[from] item: Leftovers
|upkeep
|turn|41
|
|t:|1781111811
|move|p2a: Manaphy|Acid Armor|p2a: Manaphy
|-boost|p2a: Manaphy|def|2
|move|p1a: Overlord|U-turn|p2a: Manaphy
|-damage|p2a: Manaphy|28/100
|
|t:|1781111824
|switch|p1a: Shining Agito|Lokix, F, shiny|100/100|[from] U-turn
|
|-heal|p2a: Manaphy|34/100|[from] item: Leftovers
|upkeep
|turn|42
|
|t:|1781111829
|move|p1a: Shining Agito|Knock Off|p2a: Manaphy
|-damage|p2a: Manaphy|13/100
|-enditem|p2a: Manaphy|Leftovers|[from] move: Knock Off|[of] p1a: Shining Agito
|move|p2a: Manaphy|Scald|p1a: Shining Agito
|-damage|p1a: Shining Agito|26/100
|
|upkeep
|turn|43
|
|t:|1781111837
|switch|p1a: Overlord|Mandibuzz, F, tera:Fairy|100/100
|move|p2a: Manaphy|Scald|p1a: Overlord
|-damage|p1a: Overlord|67/100
|-status|p1a: Overlord|brn
|
|-damage|p1a: Overlord|61/100 brn|[from] brn
|upkeep
|turn|44
|
|t:|1781111846
|move|p2a: Manaphy|Scald|p1a: Overlord
|-damage|p1a: Overlord|26/100 brn
|move|p1a: Overlord|U-turn|p2a: Manaphy
|-damage|p2a: Manaphy|11/100
|
|t:|1781111851
|switch|p1a: Shining Agito|Lokix, F, shiny|26/100|[from] U-turn
|
|upkeep
|turn|45
|
|t:|1781111856
|move|p1a: Shining Agito|First Impression|p2a: Manaphy
|-damage|p2a: Manaphy|0 fnt
|faint|p2a: Manaphy
|
|upkeep
|
|t:|1781111858
|switch|p2a: Clefable|Clefable, F|16/100
|turn|46
|-message|Johnny tots forfeited.
|
|win|Nat889
|raw|Nat889's rating: 1614 &rarr; <strong>1644</strong><br />(+30 for winning)
|raw|Johnny tots's rating: 1807 &rarr; <strong>1777</strong><br />(-30 for losing)
|l|☆Johnny tots
|player|p2|
|c|☆Nat889|gg
|l|☆Nat889
|player|p1|
