|j|☆adil
|j|☆bigguy916
|t:|1781489014
|gametype|singles
|player|p1|adil|102|1664
|player|p2|bigguy916|unknownf|1572
|gen|9
|tier|[Gen 9] OU
|rated|
|rule|HP Percentage Mod: HP is shown in percentages
|rule|Endless Battle Clause: Forcing endless battles is banned
|rule|Species Clause: Limit one of each Pokémon
|rule|OHKO Clause: OHKO moves are banned
|rule|Evasion Items Clause: Evasion items are banned
|rule|Evasion Moves Clause: Evasion moves are banned
|rule|Evasion Abilities Clause: Evasion abilities are banned
|rule|Sleep Moves Clause: Sleep-inducing moves are banned
|clearpoke
|poke|p1|Kyurem|
|poke|p1|Corviknight, F|
|poke|p1|Ting-Lu|
|poke|p1|Slowking-Galar, F|
|poke|p1|Dragonite, F|
|poke|p1|Cinderace, F|
|poke|p2|Torterra, M|
|poke|p2|Glimmora, F|
|poke|p2|Iron Moth|
|poke|p2|Dragonite, M|
|poke|p2|Kingambit, M|
|poke|p2|Walking Wake|
|teampreview
|inactive|Battle timer is ON: inactive players will automatically lose when time's up. (requested by bigguy916)
|
|t:|1781489039
|teamsize|p1|6
|teamsize|p2|6
|start
|switch|p1a: Kyurem|Kyurem|100/100
|switch|p2a: Ber|Glimmora, F|100/100
|-ability|p1a: Kyurem|Pressure
|turn|1
|
|t:|1781489046
|move|p1a: Kyurem|Substitute|p1a: Kyurem
|-start|p1a: Kyurem|Substitute
|-damage|p1a: Kyurem|75/100
|move|p2a: Ber|Earth Power|p1a: Kyurem
|-end|p1a: Kyurem|Substitute
|
|-heal|p1a: Kyurem|82/100|[from] item: Leftovers
|upkeep
|turn|2
|
|t:|1781489051
|move|p1a: Kyurem|Earth Power|p2a: Ber
|-supereffective|p2a: Ber
|-enditem|p2a: Ber|Focus Sash
|-damage|p2a: Ber|1/100
|move|p2a: Ber|Mortal Spin|p1a: Kyurem
|-damage|p1a: Kyurem|76/100
|-status|p1a: Kyurem|psn
|
|-heal|p1a: Kyurem|82/100 psn|[from] item: Leftovers
|-damage|p1a: Kyurem|70/100 psn|[from] psn
|upkeep
|turn|3
|
|t:|1781489065
|switch|p2a: Kingambit|Kingambit, M|100/100
|move|p1a: Kyurem|Freeze-Dry|p2a: Kingambit
|-resisted|p2a: Kingambit
|-damage|p2a: Kingambit|79/100
|-status|p2a: Kingambit|frz
|-enditem|p2a: Kingambit|Lum Berry|[eat]
|-curestatus|p2a: Kingambit|frz|[msg]
|
|-heal|p1a: Kyurem|76/100 psn|[from] item: Leftovers
|-damage|p1a: Kyurem|64/100 psn|[from] psn
|upkeep
|turn|4
|
|t:|1781489083
|-end|p2a: Kingambit|fallenundefined|[silent]
|switch|p2a: Ber|Glimmora, F|1/100
|-terastallize|p1a: Kyurem|Ground
|move|p1a: Kyurem|Earth Power|p2a: Ber
|-supereffective|p2a: Ber
|-damage|p2a: Ber|0 fnt
|faint|p2a: Ber
|
|-heal|p1a: Kyurem|70/100 psn|[from] item: Leftovers
|-damage|p1a: Kyurem|58/100 psn|[from] psn
|upkeep
|
|t:|1781489095
|switch|p2a: Be|Iron Moth|100/100
|-enditem|p2a: Be|Booster Energy
|-activate|p2a: Be|ability: Quark Drive|[fromitem]
|-start|p2a: Be|quarkdrivespa
|turn|5
|
|t:|1781489101
|switch|p1a: Slowking|Slowking-Galar, F|100/100
|move|p2a: Be|Flamethrower|p1a: Slowking
|-damage|p1a: Slowking|57/100
|
|upkeep
|turn|6
|
|t:|1781489116
|move|p2a: Be|Flamethrower|p1a: Slowking
|-damage|p1a: Slowking|16/100
|-status|p1a: Slowking|brn
|-prepare|p1a: Slowking|Chilly Reception|[premajor]
|move|p1a: Slowking|Chilly Reception|p1a: Slowking
|-weather|Snowscape
|
|t:|1781489124
|switch|p1a: Ting-Lu|Ting-Lu|100/100|[from] Chilly Reception
|-ability|p1a: Ting-Lu|Vessel of Ruin
|
|-weather|Snowscape|[upkeep]
|upkeep
|turn|7
|
|t:|1781489134
|-end|p2a: Be|Quark Drive|[silent]
|switch|p2a: Torterra|Torterra, M|100/100
|move|p1a: Ting-Lu|Stealth Rock|p2a: Torterra
|-sidestart|p2: bigguy916|move: Stealth Rock
|
|-weather|Snowscape|[upkeep]
|upkeep
|turn|8
|
|t:|1781489137
|move|p2a: Torterra|Bullet Seed|p1a: Ting-Lu
|-supereffective|p1a: Ting-Lu
|-crit|p1a: Ting-Lu
|-damage|p1a: Ting-Lu|78/100
|-supereffective|p1a: Ting-Lu
|-damage|p1a: Ting-Lu|64/100
|-supereffective|p1a: Ting-Lu
|-crit|p1a: Ting-Lu
|-damage|p1a: Ting-Lu|42/100
|-supereffective|p1a: Ting-Lu
|-damage|p1a: Ting-Lu|28/100
|-supereffective|p1a: Ting-Lu
|-damage|p1a: Ting-Lu|13/100
|-hitcount|p1a: Ting-Lu|5
|move|p1a: Ting-Lu|Whirlwind|p2a: Torterra
|drag|p2a: Walking Wake|Walking Wake|100/100
|-damage|p2a: Walking Wake|88/100|[from] Stealth Rock
|-enditem|p2a: Walking Wake|Booster Energy
|-activate|p2a: Walking Wake|ability: Protosynthesis|[fromitem]
|-start|p2a: Walking Wake|protosynthesisspa
|
|-weather|Snowscape|[upkeep]
|-heal|p1a: Ting-Lu|19/100|[from] item: Leftovers
|upkeep
|turn|9
|
|t:|1781489154
|move|p2a: Walking Wake|Surf|p1a: Ting-Lu
|-supereffective|p1a: Ting-Lu
|-damage|p1a: Ting-Lu|0 fnt
|faint|p1a: Ting-Lu
|
|-weather|Snowscape|[upkeep]
|upkeep
|
|t:|1781489163
|switch|p1a: Cinderace|Cinderace, F|100/100
|turn|10
|
|t:|1781489168
|move|p1a: Cinderace|U-turn|p2a: Walking Wake
|-damage|p2a: Walking Wake|67/100
|
|t:|1781489171
|switch|p1a: Slowking|Slowking-Galar, F|49/100 brn|[from] U-turn
|move|p2a: Walking Wake|Agility|p2a: Walking Wake
|-boost|p2a: Walking Wake|spe|2
|
|-weather|none
|-damage|p1a: Slowking|43/100 brn|[from] brn
|upkeep
|turn|11
|
|t:|1781489178
|move|p2a: Walking Wake|Substitute|p2a: Walking Wake
|-start|p2a: Walking Wake|Substitute
|-damage|p2a: Walking Wake|42/100
|-prepare|p1a: Slowking|Chilly Reception|[premajor]
|move|p1a: Slowking|Chilly Reception|p1a: Slowking
|-weather|Snowscape
|
|t:|1781489180
|switch|p1a: Dragonite|Dragonite, F|100/100|[from] Chilly Reception
|
|-weather|Snowscape|[upkeep]
|upkeep
|turn|12
|
|t:|1781489186
|move|p1a: Dragonite|Extreme Speed|p2a: Walking Wake
|-end|p2a: Walking Wake|Substitute
|move|p2a: Walking Wake|Dragon Pulse|p1a: Dragonite
|-supereffective|p1a: Dragonite
|-damage|p1a: Dragonite|34/100
|
|-weather|Snowscape|[upkeep]
|upkeep
|turn|13
|
|t:|1781489191
|move|p1a: Dragonite|Extreme Speed|p2a: Walking Wake
|-damage|p2a: Walking Wake|5/100
|move|p2a: Walking Wake|Dragon Pulse|p1a: Dragonite
|-supereffective|p1a: Dragonite
|-damage|p1a: Dragonite|0 fnt
|faint|p1a: Dragonite
|
|-weather|Snowscape|[upkeep]
|upkeep
|
|t:|1781489195
|switch|p1a: Slowking|Slowking-Galar, F|77/100 brn
|turn|14
|
|t:|1781489200
|move|p2a: Walking Wake|Surf|p1a: Slowking
|-damage|p1a: Slowking|36/100 brn
|move|p1a: Slowking|Psychic Noise|p2a: Walking Wake
|-damage|p2a: Walking Wake|0 fnt
|faint|p2a: Walking Wake
|-end|p2a: Walking Wake|Protosynthesis|[silent]
|
|-weather|Snowscape|[upkeep]
|-damage|p1a: Slowking|30/100 brn|[from] brn
|upkeep
|
|t:|1781489209
|switch|p2a: Be|Iron Moth|100/100
|-damage|p2a: Be|76/100|[from] Stealth Rock
|turn|15
|
|t:|1781489212
|switch|p1a: Cinderace|Cinderace, F|100/100
|move|p2a: Be|Flamethrower|p1a: Cinderace
|-resisted|p1a: Cinderace
|-damage|p1a: Cinderace|66/100
|
|-weather|none
|upkeep
|turn|16
|
|t:|1781489220
|move|p1a: Cinderace|Pyro Ball|p2a: Be
|-resisted|p2a: Be
|-damage|p2a: Be|33/100
|move|p2a: Be|Flamethrower|p1a: Cinderace
|-resisted|p1a: Cinderace
|-damage|p1a: Cinderace|34/100
|
|upkeep
|turn|17
|
|t:|1781489241
|move|p1a: Cinderace|Pyro Ball|p2a: Be
|-resisted|p2a: Be
|-damage|p2a: Be|0 fnt
|faint|p2a: Be
|-end|p2a: Be|Quark Drive|[silent]
|
|upkeep
|
|t:|1781489258
|switch|p2a: Dragonite|Dragonite, M|100/100
|turn|18
|inactive|adil has 120 seconds left.
|
|t:|1781489301
|switch|p1a: Corviknight|Corviknight, F|100/100
|-ability|p1a: Corviknight|Pressure
|move|p2a: Dragonite|Extreme Speed|p1a: Corviknight
|-resisted|p1a: Corviknight
|-damage|p1a: Corviknight|92/100
|
|-heal|p1a: Corviknight|98/100|[from] item: Leftovers
|upkeep
|turn|19
|
|t:|1781489306
|move|p2a: Dragonite|Dragon Dance|p2a: Dragonite
|-boost|p2a: Dragonite|atk|1
|-boost|p2a: Dragonite|spe|1
|move|p1a: Corviknight|Brave Bird|p2a: Dragonite
|-crit|p2a: Dragonite
|-damage|p2a: Dragonite|70/100
|-damage|p1a: Corviknight|90/100|[from] Recoil
|
|-heal|p1a: Corviknight|96/100|[from] item: Leftovers
|upkeep
|turn|20
|
|t:|1781489310
|move|p2a: Dragonite|Dragon Dance|p2a: Dragonite
|-boost|p2a: Dragonite|atk|1
|-boost|p2a: Dragonite|spe|1
|move|p1a: Corviknight|Brave Bird|p2a: Dragonite
|-damage|p2a: Dragonite|28/100
|-damage|p1a: Corviknight|84/100|[from] Recoil
|
|-heal|p1a: Corviknight|90/100|[from] item: Leftovers
|upkeep
|turn|21
|
|t:|1781489313
|-terastallize|p2a: Dragonite|Fire
|move|p2a: Dragonite|Fire Punch|p1a: Corviknight
|-supereffective|p1a: Corviknight
|-damage|p1a: Corviknight|0 fnt
|faint|p1a: Corviknight
|
|upkeep
|
|t:|1781489318
|switch|p1a: Kyurem|Kyurem, tera:Ground|58/100 psn
|-ability|p1a: Kyurem|Pressure
|turn|22
|
|t:|1781489324
|move|p2a: Dragonite|Fire Punch|p1a: Kyurem
|-damage|p1a: Kyurem|0 fnt
|faint|p1a: Kyurem
|
|upkeep
|l|☆adil
|inactive|adil disconnected and has a minute to reconnect!
|player|p1|
|inactive|adil has 30 seconds to reconnect!
|inactive|adil has 20 seconds to reconnect!
|inactive|adil has 15 seconds to reconnect!
|inactive|adil has 10 seconds to reconnect!
|inactive|adil has 5 seconds to reconnect!
|-message|adil lost due to inactivity.
|
|win|bigguy916
|raw|adil's rating: 1664 &rarr; <strong>1639</strong><br />(-25 for losing)
|raw|bigguy916's rating: 1572 &rarr; <strong>1597</strong><br />(+25 for winning)
