|j|☆juli<33
|j|☆OUZQ Crocodile
|t:|1781261018
|gametype|singles
|player|p1|juli<33|irida|1690
|player|p2|OUZQ Crocodile|266|1659
|gen|9
|tier|[Gen 9] OU
|rated|
|rule|HP Percentage Mod: HP is shown in percentages
|rule|Endless Battle Clause: Forcing endless battles is banned
|rule|Species Clause: Limit one of each Pokémon
|rule|OHKO Clause: OHKO moves are banned
|rule|Evasion Items Clause: Evasion items are banned
|rule|Evasion Moves Clause: Evasion moves are banned
|rule|Evasion Abilities Clause: Evasion abilities are banned
|rule|Sleep Moves Clause: Sleep-inducing moves are banned
|clearpoke
|poke|p1|Great Tusk|
|poke|p1|Slowking-Galar, M|
|poke|p1|Corviknight, F|
|poke|p1|Clefable, F|
|poke|p1|Samurott-Hisui, F|
|poke|p1|Dragapult, F|
|poke|p2|Houndstone, M|
|poke|p2|Tyranitar, F|
|poke|p2|Excadrill, M|
|poke|p2|Keldeo|
|poke|p2|Sinistcha|
|poke|p2|Moltres|
|teampreview
|inactive|Battle timer is ON: inactive players will automatically lose when time's up. (requested by juli<33)
|
|t:|1781261026
|teamsize|p1|6
|teamsize|p2|6
|start
|switch|p1a: Loxodonta|Great Tusk|100/100
|switch|p2a: Tyranitar|Tyranitar, F|100/100
|-weather|Sandstorm|[from] ability: Sand Stream|[of] p2a: Tyranitar
|turn|1
|
|t:|1781261031
|-end|p1a: Loxodonta|Protosynthesis|[silent]
|switch|p1a: Alchemist|Slowking-Galar, M|100/100
|switch|p2a: Moltres|Moltres|100/100
|
|-weather|Sandstorm|[upkeep]
|-damage|p2a: Moltres|94/100|[from] Sandstorm
|-damage|p1a: Alchemist|94/100|[from] Sandstorm
|upkeep
|turn|2
|
|t:|1781261038
|move|p2a: Moltres|U-turn|p1a: Alchemist
|-damage|p1a: Alchemist|80/100
|j| Mega Delibird X
|
|t:|1781261044
|switch|p2a: Keldeo|Keldeo|100/100|[from] U-turn
|move|p1a: Alchemist|Flamethrower|p2a: Keldeo
|-resisted|p2a: Keldeo
|-damage|p2a: Keldeo|85/100
|
|-weather|Sandstorm|[upkeep]
|-damage|p2a: Keldeo|79/100|[from] Sandstorm
|-damage|p1a: Alchemist|74/100|[from] Sandstorm
|upkeep
|turn|3
|
|t:|1781261049
|move|p2a: Keldeo|Flip Turn|p1a: Alchemist
|-damage|p1a: Alchemist|59/100
|
|t:|1781261052
|switch|p2a: Houndstone|Houndstone, M|100/100|[from] Flip Turn
|move|p1a: Alchemist|Psyshock|p2a: Houndstone
|-damage|p2a: Houndstone|53/100
|
|-weather|Sandstorm|[upkeep]
|-damage|p1a: Alchemist|53/100|[from] Sandstorm
|upkeep
|turn|4
|
|t:|1781261062
|switch|p1a: Voyageur|Corviknight, F|100/100
|-ability|p1a: Voyageur|Pressure
|move|p2a: Houndstone|Poltergeist|p1a: Voyageur
|-activate|p1a: Voyageur|move: Poltergeist|Rocky Helmet
|-damage|p1a: Voyageur|54/100
|
|-weather|Sandstorm|[upkeep]
|upkeep
|turn|5
|
|t:|1781261070
|-terastallize|p2a: Houndstone|Ghost
|move|p2a: Houndstone|Poltergeist|p1a: Voyageur
|-activate|p1a: Voyageur|move: Poltergeist|Rocky Helmet
|-damage|p1a: Voyageur|0 fnt
|faint|p1a: Voyageur
|
|-weather|none
|upkeep
|
|t:|1781261074
|switch|p1a: Jack|Samurott-Hisui, F, shiny|100/100
|turn|6
|
|t:|1781261077
|switch|p2a: Keldeo|Keldeo|79/100
|move|p1a: Jack|Ceaseless Edge|p2a: Keldeo
|-resisted|p2a: Keldeo
|-damage|p2a: Keldeo|55/100
|-damage|p1a: Jack|84/100|[from] item: Rocky Helmet|[of] p2a: Keldeo
|-ability|p2a: Keldeo|Justified|boost
|-boost|p2a: Keldeo|atk|1
|-sidestart|p2: OUZQ Crocodile|Spikes
|
|upkeep
|turn|7
|
|t:|1781261082
|switch|p1a: Alchemist|Slowking-Galar, M|86/100
|move|p2a: Keldeo|Flip Turn|p1a: Alchemist
|-damage|p1a: Alchemist|65/100
|
|t:|1781261085
|switch|p2a: Houndstone|Houndstone, M, tera:Ghost|53/100|[from] Flip Turn
|-damage|p2a: Houndstone|41/100|[from] Spikes
|
|upkeep
|turn|8
|
|t:|1781261088
|switch|p1a: Jack|Samurott-Hisui, F, shiny|84/100
|move|p2a: Houndstone|Poltergeist|p1a: Jack
|-activate|p1a: Jack|move: Poltergeist|Heavy-Duty Boots
|-resisted|p1a: Jack
|-damage|p1a: Jack|26/100
|
|upkeep
|turn|9
|
|t:|1781261095
|switch|p2a: Keldeo|Keldeo|55/100
|-damage|p2a: Keldeo|43/100|[from] Spikes
|move|p1a: Jack|Ceaseless Edge|p2a: Keldeo
|-resisted|p2a: Keldeo
|-damage|p2a: Keldeo|18/100
|-damage|p1a: Jack|9/100|[from] item: Rocky Helmet|[of] p2a: Keldeo
|-ability|p2a: Keldeo|Justified|boost
|-boost|p2a: Keldeo|atk|1
|-sidestart|p2: OUZQ Crocodile|Spikes
|
|upkeep
|turn|10
|
|t:|1781261099
|move|p2a: Keldeo|Pain Split|p1a: Jack
|-sethp|p1a: Jack|12/100|[from] move: Pain Split|[silent]
|-sethp|p2a: Keldeo|14/100|[from] move: Pain Split
|move|p1a: Jack|Ceaseless Edge|p2a: Keldeo
|-resisted|p2a: Keldeo
|-damage|p2a: Keldeo|0 fnt
|-damage|p1a: Jack|0 fnt|[from] item: Rocky Helmet|[of] p2a: Keldeo
|faint|p2a: Keldeo
|faint|p1a: Jack
|
|upkeep
|
|t:|1781261107
|switch|p2a: Tyranitar|Tyranitar, F|100/100
|switch|p1a: P!nk|Clefable, F|100/100
|-weather|Sandstorm|[from] ability: Sand Stream|[of] p2a: Tyranitar
|turn|11
|
|t:|1781261110
|switch|p2a: Excadrill|Excadrill, M|100/100
|-item|p2a: Excadrill|Air Balloon
|move|p1a: P!nk|Knock Off|p2a: Excadrill
|-damage|p2a: Excadrill|80/100
|-enditem|p2a: Excadrill|Air Balloon
|
|-weather|Sandstorm|[upkeep]
|upkeep
|turn|12
|
|t:|1781261120
|switch|p1a: Bull's-eye|Dragapult, F, shiny|100/100
|move|p2a: Excadrill|Rapid Spin|p1a: Bull's-eye
|-immune|p1a: Bull's-eye
|
|-weather|Sandstorm|[upkeep]
|-damage|p1a: Bull's-eye|95/100|[from] Sandstorm
|upkeep
|turn|13
|
|t:|1781261135
|switch|p1a: Loxodonta|Great Tusk|100/100
|move|p2a: Excadrill|Earthquake|p1a: Loxodonta
|-damage|p1a: Loxodonta|56/100
|
|-weather|Sandstorm|[upkeep]
|-heal|p1a: Loxodonta|62/100|[from] item: Leftovers
|upkeep
|turn|14
|
|t:|1781261140
|move|p2a: Excadrill|Rapid Spin|p1a: Loxodonta
|-crit|p1a: Loxodonta
|-damage|p1a: Loxodonta|42/100
|-boost|p2a: Excadrill|spe|1
|-sideend|p2: OUZQ Crocodile|Spikes|[from] move: Rapid Spin|[of] p2a: Excadrill
|move|p1a: Loxodonta|Headlong Rush|p2a: Excadrill
|-supereffective|p2a: Excadrill
|-damage|p2a: Excadrill|0 fnt
|-unboost|p1a: Loxodonta|def|1
|-unboost|p1a: Loxodonta|spd|1
|faint|p2a: Excadrill
|
|-weather|Sandstorm|[upkeep]
|-heal|p1a: Loxodonta|48/100|[from] item: Leftovers
|upkeep
|
|t:|1781261142
|switch|p2a: Houndstone|Houndstone, M, tera:Ghost|41/100
|turn|15
|
|t:|1781261150
|-end|p1a: Loxodonta|Protosynthesis|[silent]
|switch|p1a: P!nk|Clefable, F|100/100
|move|p2a: Houndstone|Poltergeist|p1a: P!nk
|-activate|p1a: P!nk|move: Poltergeist|Leftovers
|-damage|p1a: P!nk|26/100
|
|-weather|none
|-heal|p1a: P!nk|32/100|[from] item: Leftovers
|upkeep
|turn|16
|
|t:|1781261158
|move|p2a: Houndstone|Poltergeist|p1a: P!nk|[miss]
|-miss|p2a: Houndstone|p1a: P!nk
|move|p1a: P!nk|Stealth Rock|p2a: Houndstone
|-sidestart|p2: OUZQ Crocodile|move: Stealth Rock
|
|-heal|p1a: P!nk|39/100|[from] item: Leftovers
|upkeep
|turn|17
|
|t:|1781261161
|move|p2a: Houndstone|Poltergeist|p1a: P!nk
|-activate|p1a: P!nk|move: Poltergeist|Leftovers
|-damage|p1a: P!nk|0 fnt
|faint|p1a: P!nk
|
|upkeep
|l| Mega Delibird X
|
|t:|1781261163
|switch|p1a: Loxodonta|Great Tusk|48/100
|turn|18
|
|t:|1781261173
|-end|p1a: Loxodonta|Protosynthesis|[silent]
|switch|p1a: Bull's-eye|Dragapult, F, shiny|95/100
|switch|p2a: Moltres|Moltres|94/100
|
|upkeep
|turn|19
|
|t:|1781261178
|move|p1a: Bull's-eye|U-turn|p2a: Moltres
|-resisted|p2a: Moltres
|-damage|p2a: Moltres|91/100
|
|t:|1781261179
|switch|p1a: Alchemist|Slowking-Galar, M|98/100|[from] U-turn
|move|p2a: Moltres|Roost|p2a: Moltres
|-heal|p2a: Moltres|100/100
|-singleturn|p2a: Moltres|move: Roost
|
|upkeep
|turn|20
|
|t:|1781261184
|move|p2a: Moltres|U-turn|p1a: Alchemist
|-damage|p1a: Alchemist|84/100
|
|t:|1781261187
|switch|p2a: Tyranitar|Tyranitar, F|100/100|[from] U-turn
|-weather|Sandstorm|[from] ability: Sand Stream|[of] p2a: Tyranitar
|move|p1a: Alchemist|Sludge Bomb|p2a: Tyranitar
|-resisted|p2a: Tyranitar
|-damage|p2a: Tyranitar|86/100
|-status|p2a: Tyranitar|psn
|
|-weather|Sandstorm|[upkeep]
|-damage|p1a: Alchemist|78/100|[from] Sandstorm
|-damage|p2a: Tyranitar|73/100 psn|[from] psn
|upkeep
|turn|21
|
|t:|1781261203
|-terastallize|p1a: Alchemist|Water
|move|p2a: Tyranitar|Knock Off|p1a: Alchemist
|-damage|p1a: Alchemist|20/100
|-enditem|p1a: Alchemist|Assault Vest|[from] move: Knock Off|[of] p2a: Tyranitar
|move|p1a: Alchemist|Ice Beam|p2a: Tyranitar
|-damage|p2a: Tyranitar|54/100 psn
|
|-weather|Sandstorm|[upkeep]
|-damage|p1a: Alchemist|14/100|[from] Sandstorm
|-damage|p2a: Tyranitar|42/100 psn|[from] psn
|upkeep
|turn|22
|
|t:|1781261216
|move|p2a: Tyranitar|Knock Off|p1a: Alchemist
|-damage|p1a: Alchemist|0 fnt
|faint|p1a: Alchemist
|
|-weather|Sandstorm|[upkeep]
|-damage|p2a: Tyranitar|30/100 psn|[from] psn
|upkeep
|
|t:|1781261218
|switch|p1a: Bull's-eye|Dragapult, F, shiny|95/100
|turn|23
|
|t:|1781261225
|move|p1a: Bull's-eye|U-turn|p2a: Tyranitar
|-supereffective|p2a: Tyranitar
|-damage|p2a: Tyranitar|0 fnt
|faint|p2a: Tyranitar
|
|t:|1781261227
|switch|p1a: Loxodonta|Great Tusk|48/100|[from] U-turn
|
|-weather|Sandstorm|[upkeep]
|-heal|p1a: Loxodonta|55/100|[from] item: Leftovers
|upkeep
|
|t:|1781261230
|switch|p2a: Houndstone|Houndstone, M, tera:Ghost|41/100
|-damage|p2a: Houndstone|28/100|[from] Stealth Rock
|turn|24
|
|t:|1781261235
|move|p2a: Houndstone|Play Rough|p1a: Loxodonta
|-supereffective|p1a: Loxodonta
|-damage|p1a: Loxodonta|0 fnt
|faint|p1a: Loxodonta
|-end|p1a: Loxodonta|Protosynthesis|[silent]
|
|-weather|none
|upkeep
|
|t:|1781261237
|switch|p1a: Bull's-eye|Dragapult, F, shiny|95/100
|turn|25
|
|t:|1781261239
|move|p1a: Bull's-eye|Shadow Ball|p2a: Houndstone
|-supereffective|p2a: Houndstone
|-damage|p2a: Houndstone|0 fnt
|faint|p2a: Houndstone
|
|upkeep
|
|t:|1781261243
|switch|p2a: Moltres|Moltres|100/100
|turn|26
|
|t:|1781261247
|move|p1a: Bull's-eye|Shadow Ball|p2a: Moltres
|-damage|p2a: Moltres|62/100
|move|p2a: Moltres|Flamethrower|p1a: Bull's-eye
|-resisted|p1a: Bull's-eye
|-damage|p1a: Bull's-eye|68/100
|
|upkeep
|turn|27
|
|t:|1781261253
|move|p1a: Bull's-eye|Shadow Ball|p2a: Moltres
|-damage|p2a: Moltres|25/100
|-unboost|p2a: Moltres|spd|1
|move|p2a: Moltres|Roost|p2a: Moltres
|-heal|p2a: Moltres|75/100
|-singleturn|p2a: Moltres|move: Roost
|
|upkeep
|turn|28
|
|t:|1781261259
|switch|p2a: Sinistcha|Sinistcha|100/100
|move|p1a: Bull's-eye|Shadow Ball|p2a: Sinistcha
|-supereffective|p2a: Sinistcha
|-damage|p2a: Sinistcha|0 fnt
|faint|p2a: Sinistcha
|
|upkeep
|
|t:|1781261267
|switch|p2a: Moltres|Moltres|75/100
|turn|29
|
|t:|1781261275
|move|p1a: Bull's-eye|Shadow Ball|p2a: Moltres
|-damage|p2a: Moltres|36/100
|move|p2a: Moltres|Roost|p2a: Moltres
|-heal|p2a: Moltres|86/100
|-singleturn|p2a: Moltres|move: Roost
|
|upkeep
|turn|30
|
|t:|1781261279
|move|p1a: Bull's-eye|Shadow Ball|p2a: Moltres
|-damage|p2a: Moltres|46/100
|move|p2a: Moltres|Flamethrower|p1a: Bull's-eye
|-resisted|p1a: Bull's-eye
|-damage|p1a: Bull's-eye|42/100
|
|upkeep
|turn|31
|
|t:|1781261283
|move|p1a: Bull's-eye|Shadow Ball|p2a: Moltres
|-damage|p2a: Moltres|10/100
|-unboost|p2a: Moltres|spd|1
|move|p2a: Moltres|Roost|p2a: Moltres
|-heal|p2a: Moltres|61/100
|-singleturn|p2a: Moltres|move: Roost
|
|upkeep
|turn|32
|
|t:|1781261286
|move|p1a: Bull's-eye|Shadow Ball|p2a: Moltres
|-damage|p2a: Moltres|6/100
|move|p2a: Moltres|Flamethrower|p1a: Bull's-eye
|-resisted|p1a: Bull's-eye
|-damage|p1a: Bull's-eye|15/100
|
|upkeep
|turn|33
|
|t:|1781261289
|move|p1a: Bull's-eye|Shadow Ball|p2a: Moltres
|-damage|p2a: Moltres|0 fnt
|faint|p2a: Moltres
|
|win|juli<33
|raw|juli&lt;33's rating: 1690 &rarr; <strong>1708</strong><br />(+18 for winning)
|raw|OUZQ Crocodile's rating: 1659 &rarr; <strong>1641</strong><br />(-18 for losing)
|l|☆OUZQ Crocodile
|player|p2|
|l|☆juli<33
|player|p1|
