|j|☆specs freeze-dry
|j|☆Rin1604
|t:|1781239687
|gametype|singles
|player|p1|specs freeze-dry|drake-gen3|1560
|player|p2|Rin1604|miku-ghost|1537
|gen|9
|tier|[Gen 9] OU
|rated|
|rule|HP Percentage Mod: HP is shown in percentages
|rule|Endless Battle Clause: Forcing endless battles is banned
|rule|Species Clause: Limit one of each Pokémon
|rule|OHKO Clause: OHKO moves are banned
|rule|Evasion Items Clause: Evasion items are banned
|rule|Evasion Moves Clause: Evasion moves are banned
|rule|Evasion Abilities Clause: Evasion abilities are banned
|rule|Sleep Moves Clause: Sleep-inducing moves are banned
|clearpoke
|poke|p1|Mamoswine, M|
|poke|p1|Iron Treads|
|poke|p1|Zapdos|
|poke|p1|Dragonite, M|
|poke|p1|Ogerpon-Wellspring, F|
|poke|p1|Pecharunt|
|poke|p2|Pelipper, L99, F|
|poke|p2|Barraskewda, F|
|poke|p2|Raging Bolt|
|poke|p2|Golduck, M|
|poke|p2|Pawmot, F|
|poke|p2|Tentacruel, F|
|teampreview
|
|t:|1781239704
|teamsize|p1|6
|teamsize|p2|6
|start
|switch|p1a: Zapdos|Zapdos|100/100
|switch|p2a: Ghoti carrier|Pelipper, L99, F|100/100
|-weather|RainDance|[from] ability: Drizzle|[of] p2a: Ghoti carrier
|turn|1
|
|t:|1781239710
|switch|p2a: Really want eject|Pawmot, F|100/100
|move|p1a: Zapdos|Hurricane|p2a: Really want eject
|-damage|p2a: Really want eject|25/100
|
|-weather|RainDance|[upkeep]
|upkeep
|turn|2
|
|t:|1781239715
|switch|p2a: Spaghetti Too|Tentacruel, F|100/100
|move|p1a: Zapdos|Hurricane|p2a: Spaghetti Too
|-damage|p2a: Spaghetti Too|82/100
|
|-weather|RainDance|[upkeep]
|-heal|p2a: Spaghetti Too|88/100|[from] ability: Rain Dish
|upkeep
|turn|3
|
|t:|1781239725
|move|p1a: Zapdos|Thunder Wave|p2a: Spaghetti Too
|-status|p2a: Spaghetti Too|par
|move|p2a: Spaghetti Too|Mirror Coat||[still]
|-fail|p2a: Spaghetti Too
|
|-weather|RainDance|[upkeep]
|-heal|p2a: Spaghetti Too|94/100 par|[from] ability: Rain Dish
|upkeep
|turn|4
|
|t:|1781239736
|switch|p1a: Pecharunt|Pecharunt|100/100
|move|p2a: Spaghetti Too|Flip Turn|p1a: Pecharunt
|-damage|p1a: Pecharunt|87/100
|
|t:|1781239746
|switch|p2a: Seaking Duck|Golduck, M|100/100|[from] Flip Turn
|
|-weather|RainDance|[upkeep]
|upkeep
|turn|5
|
|t:|1781239751
|move|p2a: Seaking Duck|Nasty Plot|p2a: Seaking Duck
|-boost|p2a: Seaking Duck|spa|2
|move|p1a: Pecharunt|Parting Shot|p2a: Seaking Duck
|-unboost|p2a: Seaking Duck|atk|1
|-unboost|p2a: Seaking Duck|spa|1
|
|t:|1781239757
|switch|p1a: Dragonite|Dragonite, M, shiny|100/100|[from] Parting Shot
|
|-weather|RainDance|[upkeep]
|upkeep
|turn|6
|
|t:|1781239762
|-terastallize|p1a: Dragonite|Normal
|move|p1a: Dragonite|Extreme Speed|p2a: Seaking Duck
|-damage|p2a: Seaking Duck|24/100
|move|p2a: Seaking Duck|Ice Beam|p1a: Dragonite
|-damage|p1a: Dragonite|70/100
|-damage|p2a: Seaking Duck|14/100|[from] item: Life Orb
|
|-weather|RainDance|[upkeep]
|upkeep
|turn|7
|
|t:|1781239775
|-terastallize|p2a: Seaking Duck|Ghost
|move|p1a: Dragonite|Extreme Speed|p2a: Seaking Duck
|-immune|p2a: Seaking Duck
|move|p2a: Seaking Duck|Vacuum Wave|p1a: Dragonite
|-supereffective|p1a: Dragonite
|-damage|p1a: Dragonite|21/100
|-damage|p2a: Seaking Duck|4/100|[from] item: Life Orb
|
|-weather|RainDance|[upkeep]
|upkeep
|turn|8
|
|t:|1781239791
|switch|p1a: Ogerpon|Ogerpon-Wellspring, F|100/100
|move|p2a: Seaking Duck|Hydro Pump|p1a: Ogerpon
|-immune|p1a: Ogerpon|[from] ability: Water Absorb
|
|-weather|none
|upkeep
|turn|9
|
|t:|1781239796
|move|p1a: Ogerpon|Ivy Cudgel|p2a: Seaking Duck|[anim] Ivy Cudgel Water
|-damage|p2a: Seaking Duck|0 fnt
|faint|p2a: Seaking Duck
|
|upkeep
|
|t:|1781239800
|switch|p2a: Ghoti carrier|Pelipper, L99, F|100/100
|-weather|RainDance|[from] ability: Drizzle|[of] p2a: Ghoti carrier
|turn|10
|
|t:|1781239804
|switch|p1a: Zapdos|Zapdos|100/100
|move|p2a: Ghoti carrier|Hurricane|p1a: Zapdos
|-resisted|p1a: Zapdos
|-damage|p1a: Zapdos|84/100
|-start|p1a: Zapdos|confusion
|
|-weather|RainDance|[upkeep]
|upkeep
|turn|11
|
|t:|1781239810
|switch|p2a: Spaghetti Too|Tentacruel, F|94/100 par
|-activate|p1a: Zapdos|confusion
|move|p1a: Zapdos|Hurricane|p2a: Spaghetti Too
|-damage|p2a: Spaghetti Too|77/100 par
|-start|p2a: Spaghetti Too|confusion
|
|-weather|RainDance|[upkeep]
|-heal|p2a: Spaghetti Too|83/100 par|[from] ability: Rain Dish
|upkeep
|turn|12
|
|t:|1781239814
|-end|p1a: Zapdos|confusion
|move|p1a: Zapdos|Volt Switch|p2a: Spaghetti Too
|-supereffective|p2a: Spaghetti Too
|-damage|p2a: Spaghetti Too|61/100 par
|
|t:|1781239818
|switch|p1a: Pecharunt|Pecharunt|87/100|[from] Volt Switch
|-activate|p2a: Spaghetti Too|confusion
|cant|p2a: Spaghetti Too|par
|
|-weather|RainDance|[upkeep]
|-heal|p2a: Spaghetti Too|67/100 par|[from] ability: Rain Dish
|upkeep
|turn|13
|
|t:|1781239827
|move|p1a: Pecharunt|Parting Shot|p2a: Spaghetti Too
|-unboost|p2a: Spaghetti Too|atk|1
|-unboost|p2a: Spaghetti Too|spa|1
|
|t:|1781239831
|switch|p1a: Dragonite|Dragonite, M, shiny, tera:Normal|21/100|[from] Parting Shot
|-end|p2a: Spaghetti Too|confusion
|cant|p2a: Spaghetti Too|par
|
|-weather|RainDance|[upkeep]
|-heal|p2a: Spaghetti Too|73/100 par|[from] ability: Rain Dish
|upkeep
|turn|14
|
|t:|1781239836
|move|p1a: Dragonite|Roost|p1a: Dragonite
|-heal|p1a: Dragonite|71/100
|move|p2a: Spaghetti Too|Poison Jab|p1a: Dragonite
|-damage|p1a: Dragonite|56/100
|
|-weather|RainDance|[upkeep]
|-heal|p2a: Spaghetti Too|79/100 par|[from] ability: Rain Dish
|upkeep
|turn|15
|
|t:|1781239844
|switch|p2a: Really want eject|Pawmot, F|25/100
|move|p1a: Dragonite|Roost|p1a: Dragonite
|-heal|p1a: Dragonite|100/100
|
|-weather|RainDance|[upkeep]
|upkeep
|turn|16
|
|t:|1781239847
|move|p1a: Dragonite|Extreme Speed|p2a: Really want eject
|-damage|p2a: Really want eject|0 fnt
|faint|p2a: Really want eject
|
|-weather|RainDance|[upkeep]
|upkeep
|
|t:|1781239851
|switch|p2a: ExSkewda Me|Barraskewda, F|100/100
|turn|17
|
|t:|1781239855
|move|p2a: ExSkewda Me|Close Combat|p1a: Dragonite
|-supereffective|p1a: Dragonite
|-damage|p1a: Dragonite|51/100
|-unboost|p2a: ExSkewda Me|def|1
|-unboost|p2a: ExSkewda Me|spd|1
|move|p1a: Dragonite|Dragon Dance|p1a: Dragonite
|-boost|p1a: Dragonite|atk|1
|-boost|p1a: Dragonite|spe|1
|
|-weather|none
|upkeep
|turn|18
|
|t:|1781239862
|switch|p2a: Ghoti carrier|Pelipper, L99, F|100/100
|-weather|RainDance|[from] ability: Drizzle|[of] p2a: Ghoti carrier
|move|p1a: Dragonite|Extreme Speed|p2a: Ghoti carrier
|-damage|p2a: Ghoti carrier|39/100
|
|-weather|RainDance|[upkeep]
|upkeep
|turn|19
|
|t:|1781239866
|move|p1a: Dragonite|Extreme Speed|p2a: Ghoti carrier
|-damage|p2a: Ghoti carrier|0 fnt
|faint|p2a: Ghoti carrier
|
|-weather|RainDance|[upkeep]
|upkeep
|
|t:|1781239869
|switch|p2a: ExSkewda Me|Barraskewda, F|100/100
|turn|20
|
|t:|1781239871
|move|p1a: Dragonite|Extreme Speed|p2a: ExSkewda Me
|-damage|p2a: ExSkewda Me|0 fnt
|faint|p2a: ExSkewda Me
|
|-weather|RainDance|[upkeep]
|upkeep
|-message|Rin1604 forfeited.
|
|win|specs freeze-dry
|raw|specs freeze-dry's rating: 1560 &rarr; <strong>1579</strong><br />(+19 for winning)
|raw|Rin1604's rating: 1537 &rarr; <strong>1518</strong><br />(-19 for losing)
|l|☆specs freeze-dry
|player|p1|
|l|☆Rin1604
|player|p2|
