|badge|p2|silver|gen9ou|30-9
|uhtml|medal-msg|<div class="broadcast-blue">Curious what those medals under the avatar are? PS now has Ladder Seasons! For more information, check out the <a href="https://www.smogon.com/forums/threads/3740067/">thread on Smogon.</a></div>
|j|☆imperimento
|j|☆mothily ><
|t:|1781009062
|gametype|singles
|player|p1|imperimento|102|1761
|player|p2|mothily ><|iono-masters|1941
|gen|9
|tier|[Gen 9] OU
|rated|
|rule|HP Percentage Mod: HP is shown in percentages
|rule|Endless Battle Clause: Forcing endless battles is banned
|rule|Species Clause: Limit one of each Pokémon
|rule|OHKO Clause: OHKO moves are banned
|rule|Evasion Items Clause: Evasion items are banned
|rule|Evasion Moves Clause: Evasion moves are banned
|rule|Evasion Abilities Clause: Evasion abilities are banned
|rule|Sleep Moves Clause: Sleep-inducing moves are banned
|clearpoke
|poke|p1|Moltres|
|poke|p1|Samurott-Hisui, F|
|poke|p1|Gholdengo|
|poke|p1|Pecharunt|
|poke|p1|Walking Wake|
|poke|p1|Ting-Lu|
|poke|p2|Slither Wing|
|poke|p2|Ninetales, F|
|poke|p2|Ceruledge, M|
|poke|p2|Great Tusk|
|poke|p2|Walking Wake|
|poke|p2|Venusaur, M|
|teampreview
|c|☆mothily ><|hf
|c|☆imperimento|u2
|
|t:|1781009086
|teamsize|p1|6
|teamsize|p2|6
|start
|switch|p1a: Samurott|Samurott-Hisui, F|100/100
|switch|p2a: naruto|Ninetales, F|100/100
|-weather|SunnyDay|[from] ability: Drought|[of] p2a: naruto
|turn|1
|
|t:|1781009095
|switch|p2a: Nah I'd Spin|Great Tusk|100/100
|-activate|p2a: Nah I'd Spin|ability: Protosynthesis
|-start|p2a: Nah I'd Spin|protosynthesisspe
|move|p1a: Samurott|Ceaseless Edge|p2a: Nah I'd Spin
|-resisted|p2a: Nah I'd Spin
|-damage|p2a: Nah I'd Spin|86/100
|-damage|p1a: Samurott|84/100|[from] item: Rocky Helmet|[of] p2a: Nah I'd Spin
|-sidestart|p2: mothily ><|Spikes
|
|-weather|SunnyDay|[upkeep]
|upkeep
|turn|2
|
|t:|1781009110
|move|p2a: Nah I'd Spin|Stealth Rock|p1a: Samurott
|-sidestart|p1: imperimento|move: Stealth Rock
|move|p1a: Samurott|Ceaseless Edge|p2a: Nah I'd Spin
|-resisted|p2a: Nah I'd Spin
|-damage|p2a: Nah I'd Spin|72/100
|-damage|p1a: Samurott|67/100|[from] item: Rocky Helmet|[of] p2a: Nah I'd Spin
|-sidestart|p2: mothily ><|Spikes
|
|-weather|SunnyDay|[upkeep]
|upkeep
|turn|3
|
|t:|1781009125
|switch|p1a: Pecharunt|Pecharunt|100/100
|move|p2a: Nah I'd Spin|Earthquake|p1a: Pecharunt
|-supereffective|p1a: Pecharunt
|-damage|p1a: Pecharunt|48/100
|
|-weather|SunnyDay|[upkeep]
|upkeep
|turn|4
|
|t:|1781009159
|-end|p2a: Nah I'd Spin|Protosynthesis|[silent]
|switch|p2a: Flowey|Venusaur, M|100/100
|-damage|p2a: Flowey|84/100|[from] Spikes
|switch|p1a: Moltres|Moltres|100/100
|
|-weather|SunnyDay|[upkeep]
|upkeep
|turn|5
|
|t:|1781009178
|switch|p2a: Walkenheimer|Walking Wake|100/100
|-damage|p2a: Walkenheimer|84/100|[from] Spikes
|-activate|p2a: Walkenheimer|ability: Protosynthesis
|-start|p2a: Walkenheimer|protosynthesisspe
|move|p1a: Moltres|U-turn|p2a: Walkenheimer
|-damage|p2a: Walkenheimer|71/100
|
|t:|1781009205
|switch|p1a: Samurott|Samurott-Hisui, F|67/100|[from] U-turn
|-damage|p1a: Samurott|55/100|[from] Stealth Rock
|
|-weather|SunnyDay|[upkeep]
|upkeep
|turn|6
|inactive|Battle timer is ON: inactive players will automatically lose when time's up. (requested by mothily ><)
|
|t:|1781009220
|move|p2a: Walkenheimer|Flip Turn|p1a: Samurott
|-resisted|p1a: Samurott
|-damage|p1a: Samurott|50/100
|
|t:|1781009224
|-end|p2a: Walkenheimer|Protosynthesis|[silent]
|switch|p2a: Nah I'd Spin|Great Tusk|72/100|[from] Flip Turn
|-damage|p2a: Nah I'd Spin|56/100|[from] Spikes
|-activate|p2a: Nah I'd Spin|ability: Protosynthesis
|-start|p2a: Nah I'd Spin|protosynthesisspe
|move|p1a: Samurott|Ceaseless Edge|p2a: Nah I'd Spin
|-resisted|p2a: Nah I'd Spin
|-damage|p2a: Nah I'd Spin|42/100
|-damage|p1a: Samurott|33/100|[from] item: Rocky Helmet|[of] p2a: Nah I'd Spin
|-sidestart|p2: mothily ><|Spikes
|
|-weather|SunnyDay|[upkeep]
|upkeep
|turn|7
|
|t:|1781009240
|switch|p1a: Pecharunt|Pecharunt|48/100
|move|p2a: Nah I'd Spin|Earthquake|p1a: Pecharunt
|-supereffective|p1a: Pecharunt
|-damage|p1a: Pecharunt|0 fnt
|faint|p1a: Pecharunt
|
|-weather|SunnyDay|[upkeep]
|upkeep
|
|t:|1781009246
|switch|p1a: Walking Wake|Walking Wake|100/100
|-activate|p1a: Walking Wake|ability: Protosynthesis
|-start|p1a: Walking Wake|protosynthesisspe
|turn|8
|j| Agathina
|
|t:|1781009265
|move|p1a: Walking Wake|Surf|p2a: Nah I'd Spin
|-supereffective|p2a: Nah I'd Spin
|-damage|p2a: Nah I'd Spin|0 fnt
|faint|p2a: Nah I'd Spin
|-end|p2a: Nah I'd Spin|Protosynthesis|[silent]
|
|-weather|none
|-end|p1a: Walking Wake|Protosynthesis
|upkeep
|
|t:|1781009267
|switch|p2a: OMG ILY|Slither Wing|100/100
|-damage|p2a: OMG ILY|76/100|[from] Spikes
|turn|9
|
|t:|1781009280
|-end|p1a: Walking Wake|Protosynthesis|[silent]
|switch|p1a: Moltres|Moltres|100/100
|move|p2a: OMG ILY|U-turn|p1a: Moltres
|-resisted|p1a: Moltres
|-damage|p1a: Moltres|94/100
|
|t:|1781009282
|-end|p2a: OMG ILY|Protosynthesis|[silent]
|switch|p2a: Walkenheimer|Walking Wake|71/100|[from] U-turn
|-damage|p2a: Walkenheimer|47/100|[from] Spikes
|
|upkeep
|turn|10
|
|t:|1781009310
|switch|p1a: Ting-Lu|Ting-Lu|100/100
|-damage|p1a: Ting-Lu|94/100|[from] Stealth Rock
|-ability|p1a: Ting-Lu|Vessel of Ruin
|move|p2a: Walkenheimer|Flip Turn|p1a: Ting-Lu
|-supereffective|p1a: Ting-Lu
|-damage|p1a: Ting-Lu|72/100
|
|t:|1781009314
|-end|p2a: Walkenheimer|Protosynthesis|[silent]
|switch|p2a: OMG ILY|Slither Wing|76/100|[from] Flip Turn
|-damage|p2a: OMG ILY|51/100|[from] Spikes
|
|-heal|p1a: Ting-Lu|78/100|[from] item: Leftovers
|upkeep
|turn|11
|inactive|imperimento has 120 seconds left.
|
|t:|1781009335
|switch|p1a: Moltres|Moltres|94/100
|move|p2a: OMG ILY|U-turn|p1a: Moltres
|-resisted|p1a: Moltres
|-damage|p1a: Moltres|86/100
|-status|p2a: OMG ILY|brn|[from] ability: Flame Body|[of] p1a: Moltres
|
|t:|1781009339
|-end|p2a: OMG ILY|Protosynthesis|[silent]
|switch|p2a: naruto|Ninetales, F|100/100|[from] U-turn
|-damage|p2a: naruto|76/100|[from] Spikes
|-weather|SunnyDay|[from] ability: Drought|[of] p2a: naruto
|
|-weather|SunnyDay|[upkeep]
|upkeep
|turn|12
|
|t:|1781009352
|move|p2a: naruto|Healing Wish|p2a: naruto
|faint|p2a: naruto
|move|p1a: Moltres|U-turn|p2: naruto|[notarget]
|-fail|p1a: Moltres
|
|-weather|SunnyDay|[upkeep]
|upkeep
|
|t:|1781009354
|switch|p2a: Red judas|Ceruledge, M|100/100
|-item|p2a: Red judas|Air Balloon
|turn|13
|
|t:|1781009369
|move|p2a: Red judas|Poltergeist|p1a: Moltres
|-activate|p1a: Moltres|move: Poltergeist|Heavy-Duty Boots
|-damage|p1a: Moltres|42/100
|move|p1a: Moltres|Roar|p2a: Red judas
|drag|p2a: Walkenheimer|Walking Wake|47/100
|-heal|p2a: Walkenheimer|100/100|[from] move: Healing Wish
|-damage|p2a: Walkenheimer|76/100|[from] Spikes
|-activate|p2a: Walkenheimer|ability: Protosynthesis
|-start|p2a: Walkenheimer|protosynthesisspe
|
|-weather|SunnyDay|[upkeep]
|upkeep
|turn|14
|
|t:|1781009381
|switch|p1a: Samurott|Samurott-Hisui, F|33/100
|-damage|p1a: Samurott|21/100|[from] Stealth Rock
|move|p2a: Walkenheimer|Hydro Steam|p1a: Samurott
|-resisted|p1a: Samurott
|-damage|p1a: Samurott|0 fnt
|faint|p1a: Samurott
|
|-weather|SunnyDay|[upkeep]
|upkeep
|
|t:|1781009388
|switch|p1a: Walking Wake|Walking Wake|100/100
|-activate|p1a: Walking Wake|ability: Protosynthesis
|-start|p1a: Walking Wake|protosynthesisspe
|turn|15
|
|t:|1781009400
|move|p2a: Walkenheimer|Draco Meteor|p1a: Walking Wake
|-supereffective|p1a: Walking Wake
|-damage|p1a: Walking Wake|0 fnt
|-unboost|p2a: Walkenheimer|spa|2
|faint|p1a: Walking Wake
|-end|p1a: Walking Wake|Protosynthesis|[silent]
|
|-weather|SunnyDay|[upkeep]
|upkeep
|
|t:|1781009405
|switch|p1a: Gholdengo|Gholdengo|100/100
|-damage|p1a: Gholdengo|94/100|[from] Stealth Rock
|turn|16
|
|t:|1781009418
|move|p2a: Walkenheimer|Weather Ball|p1a: Gholdengo
|-supereffective|p1a: Gholdengo
|-damage|p1a: Gholdengo|39/100
|move|p1a: Gholdengo|Shadow Ball|p2a: Walkenheimer
|-damage|p2a: Walkenheimer|27/100
|
|-weather|SunnyDay|[upkeep]
|upkeep
|turn|17
|
|t:|1781009430
|switch|p1a: Ting-Lu|Ting-Lu|78/100
|-damage|p1a: Ting-Lu|72/100|[from] Stealth Rock
|-ability|p1a: Ting-Lu|Vessel of Ruin
|move|p2a: Walkenheimer|Weather Ball|p1a: Ting-Lu
|-damage|p1a: Ting-Lu|62/100
|
|-weather|SunnyDay|[upkeep]
|-heal|p1a: Ting-Lu|68/100|[from] item: Leftovers
|upkeep
|turn|18
|inactive|imperimento has 120 seconds left.
|
|t:|1781009471
|move|p2a: Walkenheimer|Flip Turn|p1a: Ting-Lu
|-supereffective|p1a: Ting-Lu
|-damage|p1a: Ting-Lu|57/100
|
|t:|1781009476
|-end|p2a: Walkenheimer|Protosynthesis|[silent]
|switch|p2a: OMG ILY|Slither Wing|51/100 brn|[from] Flip Turn
|-damage|p2a: OMG ILY|26/100 brn|[from] Spikes
|-activate|p2a: OMG ILY|ability: Protosynthesis
|-start|p2a: OMG ILY|protosynthesisatk
|move|p1a: Ting-Lu|Earthquake|p2a: OMG ILY
|-resisted|p2a: OMG ILY
|-damage|p2a: OMG ILY|7/100 brn
|
|-weather|none
|-end|p2a: OMG ILY|Protosynthesis
|-heal|p1a: Ting-Lu|63/100|[from] item: Leftovers
|-damage|p2a: OMG ILY|0 fnt|[from] brn
|faint|p2a: OMG ILY
|-end|p2a: OMG ILY|Protosynthesis|[silent]
|upkeep
|
|t:|1781009505
|switch|p2a: Walkenheimer|Walking Wake|27/100
|-damage|p2a: Walkenheimer|2/100|[from] Spikes
|turn|19
|
|t:|1781009526
|move|p2a: Walkenheimer|Hydro Steam|p1a: Ting-Lu
|-supereffective|p1a: Ting-Lu
|-damage|p1a: Ting-Lu|21/100
|move|p1a: Ting-Lu|Whirlwind|p2a: Walkenheimer
|-end|p2a: Walkenheimer|Protosynthesis|[silent]
|drag|p2a: Flowey|Venusaur, M|84/100
|-damage|p2a: Flowey|59/100|[from] Spikes
|
|-heal|p1a: Ting-Lu|28/100|[from] item: Leftovers
|upkeep
|turn|20
|inactive|imperimento has 90 seconds left.
|inactive|imperimento has 60 seconds left.
|
|t:|1781009586
|switch|p2a: Walkenheimer|Walking Wake|2/100
|-damage|p2a: Walkenheimer|0 fnt|[from] Spikes
|faint|p2a: Walkenheimer
|-end|p2a: Walkenheimer|Protosynthesis|[silent]
|move|p1a: Ting-Lu|Earthquake|p2: Walkenheimer|[notarget]
|-fail|p1a: Ting-Lu
|
|-heal|p1a: Ting-Lu|34/100|[from] item: Leftovers
|upkeep
|
|t:|1781009589
|switch|p2a: Flowey|Venusaur, M|59/100
|-damage|p2a: Flowey|35/100|[from] Spikes
|turn|21
|inactive|imperimento has 60 seconds left.
|
|t:|1781009626
|switch|p1a: Moltres|Moltres|42/100
|move|p2a: Flowey|Weather Ball|p1a: Moltres
|-damage|p1a: Moltres|23/100
|-damage|p2a: Flowey|25/100|[from] item: Life Orb
|
|upkeep
|turn|22
|
|t:|1781009637
|move|p2a: Flowey|Weather Ball|p1a: Moltres
|-damage|p1a: Moltres|4/100
|-damage|p2a: Flowey|15/100|[from] item: Life Orb
|move|p1a: Moltres|Roost|p1a: Moltres
|-heal|p1a: Moltres|54/100
|-singleturn|p1a: Moltres|move: Roost
|
|upkeep
|turn|23
|
|t:|1781009650
|move|p2a: Flowey|Growth|p2a: Flowey
|-boost|p2a: Flowey|atk|1
|-boost|p2a: Flowey|spa|1
|move|p1a: Moltres|U-turn|p2a: Flowey
|-damage|p2a: Flowey|0 fnt
|faint|p2a: Flowey
|
|t:|1781009659
|switch|p1a: Gholdengo|Gholdengo|39/100|[from] U-turn
|-damage|p1a: Gholdengo|33/100|[from] Stealth Rock
|
|upkeep
|
|t:|1781009661
|switch|p2a: Red judas|Ceruledge, M|100/100
|-item|p2a: Red judas|Air Balloon
|turn|24
|
|t:|1781009679
|-terastallize|p1a: Gholdengo|Steel
|move|p2a: Red judas|Shadow Sneak|p1a: Gholdengo
|-damage|p1a: Gholdengo|9/100
|move|p1a: Gholdengo|Trick|p2a: Red judas
|-activate|p1a: Gholdengo|move: Trick|[of] p2a: Red judas
|-item|p2a: Red judas|Choice Scarf|[from] move: Trick
|-item|p1a: Gholdengo|Air Balloon
|-item|p1a: Gholdengo|Air Balloon|[from] move: Trick
|
|upkeep
|turn|25
|inactive|imperimento has 30 seconds left.
|
|t:|1781009697
|move|p2a: Red judas|Poltergeist|p1a: Gholdengo
|-activate|p1a: Gholdengo|move: Poltergeist|Air Balloon
|-damage|p1a: Gholdengo|0 fnt
|-enditem|p1a: Gholdengo|Air Balloon
|faint|p1a: Gholdengo
|
|upkeep
|inactive|imperimento has 30 seconds left.
|
|t:|1781009710
|switch|p1a: Ting-Lu|Ting-Lu|34/100
|-damage|p1a: Ting-Lu|28/100|[from] Stealth Rock
|-ability|p1a: Ting-Lu|Vessel of Ruin
|turn|26
|inactive|imperimento has 30 seconds left.
|
|t:|1781009717
|move|p2a: Red judas|Poltergeist|p1a: Ting-Lu
|-activate|p1a: Ting-Lu|move: Poltergeist|Leftovers
|-resisted|p1a: Ting-Lu
|-damage|p1a: Ting-Lu|9/100
|move|p1a: Ting-Lu|Earthquake|p2a: Red judas
|-supereffective|p2a: Red judas
|-crit|p2a: Red judas
|-damage|p2a: Red judas|0 fnt
|faint|p2a: Red judas
|
|win|imperimento
|raw|imperimento's rating: 1761 &rarr; <strong>1791</strong><br />(+30 for winning)
|raw|mothily &gt;&lt;'s rating: 1941 &rarr; <strong>1911</strong><br />(-30 for losing)
|c|☆imperimento|gg
|c|☆mothily ><|gg
|l|☆mothily ><
|player|p2|
