|j|☆rekjllj
|j|☆tauros3
|t:|1781311704
|gametype|singles
|player|p1|rekjllj|169|1573
|player|p2|tauros3|swimmer-gen4dp|1561
|gen|9
|tier|[Gen 9] OU
|rated|
|rule|HP Percentage Mod: HP is shown in percentages
|rule|Endless Battle Clause: Forcing endless battles is banned
|rule|Species Clause: Limit one of each Pokémon
|rule|OHKO Clause: OHKO moves are banned
|rule|Evasion Items Clause: Evasion items are banned
|rule|Evasion Moves Clause: Evasion moves are banned
|rule|Evasion Abilities Clause: Evasion abilities are banned
|rule|Sleep Moves Clause: Sleep-inducing moves are banned
|clearpoke
|poke|p1|Walking Wake|
|poke|p1|Great Tusk|
|poke|p1|Ninetales, M|
|poke|p1|Cresselia, F|
|poke|p1|Zarude|
|poke|p1|Ceruledge, F|
|poke|p2|Ninetales-Alola, M|
|poke|p2|Kyurem|
|poke|p2|Moltres-Galar|
|poke|p2|Ursaluna, M|
|poke|p2|Diancie|
|poke|p2|Hatterene, F|
|teampreview
|inactive|Battle timer is ON: inactive players will automatically lose when time's up. (requested by tauros3)
|c|☆rekjllj|hf
|inactive|rekjllj also wants the timer to be on.
|
|t:|1781311718
|teamsize|p1|6
|teamsize|p2|6
|start
|switch|p1a: Ceruledge|Ceruledge, F|100/100
|switch|p2a: Pink Triangle|Hatterene, F|100/100
|turn|1
|
|t:|1781311726
|move|p1a: Ceruledge|Swords Dance|p1a: Ceruledge
|-boost|p1a: Ceruledge|atk|2
|move|p2a: Pink Triangle|Trick Room|p2a: Pink Triangle
|-fieldstart|move: Trick Room|[of] p2a: Pink Triangle
|
|upkeep
|turn|2
|
|t:|1781311732
|move|p2a: Pink Triangle|Psychic Noise|p1a: Ceruledge
|-damage|p1a: Ceruledge|44/100
|-start|p1a: Ceruledge|move: Heal Block
|move|p1a: Ceruledge|Poltergeist|p2a: Pink Triangle
|-activate|p2a: Pink Triangle|move: Poltergeist|Focus Sash
|-supereffective|p2a: Pink Triangle
|-enditem|p2a: Pink Triangle|Focus Sash
|-damage|p2a: Pink Triangle|1/100
|
|upkeep
|turn|3
|
|t:|1781311739
|switch|p2a: El Scorcho|Ursaluna, M|100/100
|switch|p1a: Cresselia|Cresselia, F|100/100
|
|-status|p2a: El Scorcho|brn|[from] item: Flame Orb
|upkeep
|turn|4
|j| ketbreezy
|
|t:|1781311745
|move|p2a: El Scorcho|Swords Dance|p2a: El Scorcho
|-boost|p2a: El Scorcho|atk|2
|move|p1a: Cresselia|Psychic|p2a: El Scorcho
|-crit|p2a: El Scorcho
|-damage|p2a: El Scorcho|70/100 brn
|
|-damage|p2a: El Scorcho|64/100 brn|[from] brn
|upkeep
|turn|5
|
|t:|1781311760
|switch|p1a: Ceruledge|Ceruledge, F|44/100
|move|p2a: El Scorcho|Facade|p1a: Ceruledge
|-immune|p1a: Ceruledge
|
|-damage|p2a: El Scorcho|58/100 brn|[from] brn
|-fieldend|move: Trick Room
|upkeep
|turn|6
|
|t:|1781311766
|move|p1a: Ceruledge|Close Combat|p2a: El Scorcho
|-supereffective|p2a: El Scorcho
|-damage|p2a: El Scorcho|1/100 brn
|-unboost|p1a: Ceruledge|def|1
|-unboost|p1a: Ceruledge|spd|1
|move|p2a: El Scorcho|Headlong Rush|p1a: Ceruledge
|-supereffective|p1a: Ceruledge
|-damage|p1a: Ceruledge|0 fnt
|-unboost|p2a: El Scorcho|def|1
|-unboost|p2a: El Scorcho|spd|1
|faint|p1a: Ceruledge
|
|-damage|p2a: El Scorcho|0 fnt|[from] brn
|faint|p2a: El Scorcho
|upkeep
|
|t:|1781311778
|switch|p1a: Great Tusk|Great Tusk|100/100
|switch|p2a: No Other One|Diancie|100/100
|turn|7
|
|t:|1781311783
|switch|p2a: Pink Triangle|Hatterene, F|1/100
|move|p1a: Great Tusk|Headlong Rush|p2a: Pink Triangle
|-damage|p2a: Pink Triangle|0 fnt
|-unboost|p1a: Great Tusk|def|1
|-unboost|p1a: Great Tusk|spd|1
|faint|p2a: Pink Triangle
|
|upkeep
|
|t:|1781311787
|switch|p2a: The Good Life|Ninetales-Alola, M|100/100
|-weather|Snowscape|[from] ability: Snow Warning|[of] p2a: The Good Life
|turn|8
|
|t:|1781311793
|-end|p1a: Great Tusk|Protosynthesis|[silent]
|switch|p1a: Ninetales|Ninetales, M|100/100
|-weather|SunnyDay|[from] ability: Drought|[of] p1a: Ninetales
|move|p2a: The Good Life|Snowscape|p2a: The Good Life
|-weather|Snowscape
|
|-weather|Snowscape|[upkeep]
|upkeep
|turn|9
|
|t:|1781311798
|move|p2a: The Good Life|Aurora Veil|p2a: The Good Life
|-sidestart|p2: tauros3|move: Aurora Veil
|move|p1a: Ninetales|Overheat|p2a: The Good Life
|-supereffective|p2a: The Good Life
|-damage|p2a: The Good Life|57/100
|-unboost|p1a: Ninetales|spa|2
|
|-weather|Snowscape|[upkeep]
|upkeep
|turn|10
|
|t:|1781311804
|switch|p2a: No Other One|Diancie|100/100
|switch|p1a: Cresselia|Cresselia, F|100/100
|
|-weather|Snowscape|[upkeep]
|upkeep
|turn|11
|
|t:|1781311811
|move|p1a: Cresselia|Thunder Wave|p2a: No Other One
|-status|p2a: No Other One|par
|move|p2a: No Other One|Trick Room|p2a: No Other One
|-fieldstart|move: Trick Room|[of] p2a: No Other One
|
|-weather|Snowscape|[upkeep]
|upkeep
|turn|12
|
|t:|1781311817
|cant|p2a: No Other One|par
|move|p1a: Cresselia|Psychic|p2a: No Other One
|-damage|p2a: No Other One|90/100 par
|
|-weather|none
|upkeep
|turn|13
|
|t:|1781311823
|move|p2a: No Other One|Meteor Beam||[still]
|-prepare|p2a: No Other One|Meteor Beam
|-boost|p2a: No Other One|spa|1
|-enditem|p2a: No Other One|Power Herb
|-anim|p2a: No Other One|Meteor Beam|p1a: Cresselia
|-damage|p1a: Cresselia|48/100
|-enditem|p1a: Cresselia|Eject Button
|
|t:|1781311829
|switch|p1a: Great Tusk|Great Tusk|100/100
|
|upkeep
|turn|14
|
|t:|1781311835
|-end|p1a: Great Tusk|Protosynthesis|[silent]
|switch|p1a: Cresselia|Cresselia, F|48/100
|cant|p2a: No Other One|par
|
|upkeep
|turn|15
|
|t:|1781311841
|cant|p2a: No Other One|par
|move|p1a: Cresselia|Moonlight|p1a: Cresselia
|-heal|p1a: Cresselia|98/100
|
|-fieldend|move: Trick Room
|upkeep
|turn|16
|
|t:|1781311846
|move|p1a: Cresselia|Psychic|p2a: No Other One
|-damage|p2a: No Other One|81/100 par
|move|p2a: No Other One|Trick Room|p2a: No Other One
|-fieldstart|move: Trick Room|[of] p2a: No Other One
|
|-sideend|p2: tauros3|move: Aurora Veil
|upkeep
|turn|17
|
|t:|1781311852
|move|p2a: No Other One|Meteor Beam||[still]
|-prepare|p2a: No Other One|Meteor Beam
|-boost|p2a: No Other One|spa|1
|move|p1a: Cresselia|Psychic|p2a: No Other One
|-damage|p2a: No Other One|62/100 par
|
|upkeep
|turn|18
|
|t:|1781311858
|switch|p1a: Great Tusk|Great Tusk|100/100
|cant|p2a: No Other One|par
|
|upkeep
|turn|19
|
|t:|1781311864
|move|p2a: No Other One|Moonblast|p1a: Great Tusk
|-supereffective|p1a: Great Tusk
|-damage|p1a: Great Tusk|0 fnt
|faint|p1a: Great Tusk
|-end|p1a: Great Tusk|Protosynthesis|[silent]
|
|upkeep
|
|t:|1781311868
|switch|p1a: Cresselia|Cresselia, F|98/100
|turn|20
|
|t:|1781311871
|move|p2a: No Other One|Moonblast|p1a: Cresselia
|-damage|p1a: Cresselia|49/100
|move|p1a: Cresselia|Psychic|p2a: No Other One
|-damage|p2a: No Other One|41/100 par
|
|-fieldend|move: Trick Room
|upkeep
|turn|21
|
|t:|1781311875
|move|p1a: Cresselia|Psychic|p2a: No Other One
|-damage|p2a: No Other One|21/100 par
|move|p2a: No Other One|Trick Room|p2a: No Other One
|-fieldstart|move: Trick Room|[of] p2a: No Other One
|
|upkeep
|turn|22
|
|t:|1781311880
|move|p2a: No Other One|Moonblast|p1a: Cresselia
|-damage|p1a: Cresselia|1/100
|move|p1a: Cresselia|Moonlight|p1a: Cresselia
|-heal|p1a: Cresselia|51/100
|
|upkeep
|turn|23
|
|t:|1781311884
|move|p2a: No Other One|Moonblast|p1a: Cresselia
|-damage|p1a: Cresselia|0 fnt
|faint|p1a: Cresselia
|
|upkeep
|
|t:|1781311887
|switch|p1a: Walking Wake|Walking Wake|100/100
|turn|24
|
|t:|1781311891
|cant|p2a: No Other One|par
|move|p1a: Walking Wake|Hydro Steam|p2a: No Other One
|-supereffective|p2a: No Other One
|-damage|p2a: No Other One|0 fnt
|faint|p2a: No Other One
|
|upkeep
|
|t:|1781311898
|switch|p2a: Getchoo|Kyurem|100/100
|-ability|p2a: Getchoo|Pressure
|turn|25
|
|t:|1781311905
|-terastallize|p1a: Walking Wake|Fairy
|move|p2a: Getchoo|Dragon Dance|p2a: Getchoo
|-boost|p2a: Getchoo|atk|1
|-boost|p2a: Getchoo|spe|1
|move|p1a: Walking Wake|Draco Meteor|p2a: Getchoo
|-supereffective|p2a: Getchoo
|-damage|p2a: Getchoo|0 fnt
|-unboost|p1a: Walking Wake|spa|2
|faint|p2a: Getchoo
|
|-fieldend|move: Trick Room
|upkeep
|
|t:|1781311912
|switch|p2a: The Good Life|Ninetales-Alola, M|57/100
|-weather|Snowscape|[from] ability: Snow Warning|[of] p2a: The Good Life
|turn|26
|
|t:|1781311919
|-end|p1a: Walking Wake|Protosynthesis|[silent]
|switch|p1a: Ninetales|Ninetales, M|100/100
|-weather|SunnyDay|[from] ability: Drought|[of] p1a: Ninetales
|move|p2a: The Good Life|Snowscape|p2a: The Good Life
|-weather|Snowscape
|
|-weather|Snowscape|[upkeep]
|upkeep
|turn|27
|
|t:|1781311924
|move|p2a: The Good Life|Aurora Veil|p2a: The Good Life
|-sidestart|p2: tauros3|move: Aurora Veil
|move|p1a: Ninetales|Overheat|p2a: The Good Life
|-supereffective|p2a: The Good Life
|-damage|p2a: The Good Life|17/100
|-unboost|p1a: Ninetales|spa|2
|
|-weather|Snowscape|[upkeep]
|upkeep
|turn|28
|
|t:|1781311933
|switch|p2a: Butterfly|Moltres-Galar|100/100
|switch|p1a: Walking Wake|Walking Wake, tera:Fairy|100/100
|
|-weather|Snowscape|[upkeep]
|upkeep
|turn|29
|
|t:|1781311939
|-end|p1a: Walking Wake|Protosynthesis|[silent]
|switch|p1a: Ninetales|Ninetales, M|100/100
|-weather|SunnyDay|[from] ability: Drought|[of] p1a: Ninetales
|move|p2a: Butterfly|Agility|p2a: Butterfly
|-boost|p2a: Butterfly|spe|2
|
|-weather|SunnyDay|[upkeep]
|upkeep
|turn|30
|
|t:|1781311946
|move|p2a: Butterfly|Air Slash|p1a: Ninetales
|-damage|p1a: Ninetales|64/100
|move|p1a: Ninetales|Encore|p2a: Butterfly
|-start|p2a: Butterfly|Encore
|
|-weather|SunnyDay|[upkeep]
|upkeep
|turn|31
|
|t:|1781311952
|switch|p1a: Walking Wake|Walking Wake, tera:Fairy|100/100
|-activate|p1a: Walking Wake|ability: Protosynthesis
|-start|p1a: Walking Wake|protosynthesisspe
|move|p2a: Butterfly|Air Slash|p1a: Walking Wake
|-damage|p1a: Walking Wake|58/100
|
|-weather|SunnyDay|[upkeep]
|upkeep
|turn|32
|
|t:|1781311958
|move|p2a: Butterfly|Air Slash|p1a: Walking Wake
|-damage|p1a: Walking Wake|17/100
|move|p1a: Walking Wake|Dragon Tail|p2a: Butterfly
|-damage|p2a: Butterfly|91/100
|drag|p2a: The Good Life|Ninetales-Alola, M|17/100
|-weather|Snowscape|[from] ability: Snow Warning|[of] p2a: The Good Life
|-end|p1a: Walking Wake|Protosynthesis
|
|-weather|Snowscape|[upkeep]
|upkeep
|turn|33
|
|t:|1781311966
|-end|p1a: Walking Wake|Protosynthesis|[silent]
|switch|p1a: Ninetales|Ninetales, M|64/100
|-weather|SunnyDay|[from] ability: Drought|[of] p1a: Ninetales
|move|p2a: The Good Life|Freeze-Dry|p1a: Ninetales
|-resisted|p1a: Ninetales
|-damage|p1a: Ninetales|54/100
|
|-weather|SunnyDay|[upkeep]
|upkeep
|turn|34
|
|t:|1781311970
|switch|p2a: Butterfly|Moltres-Galar|91/100
|move|p1a: Ninetales|Healing Wish|p1a: Ninetales
|faint|p1a: Ninetales
|
|-weather|SunnyDay|[upkeep]
|-sideend|p2: tauros3|move: Aurora Veil
|upkeep
|
|t:|1781311975
|switch|p1a: Walking Wake|Walking Wake, tera:Fairy|17/100
|-heal|p1a: Walking Wake|100/100|[from] move: Healing Wish
|-activate|p1a: Walking Wake|ability: Protosynthesis
|-start|p1a: Walking Wake|protosynthesisspe
|turn|35
|
|t:|1781311981
|switch|p2a: The Good Life|Ninetales-Alola, M|17/100
|-weather|Snowscape|[from] ability: Snow Warning|[of] p2a: The Good Life
|-end|p1a: Walking Wake|Protosynthesis
|move|p1a: Walking Wake|Hydro Steam|p2a: The Good Life
|-damage|p2a: The Good Life|0 fnt
|faint|p2a: The Good Life
|
|-weather|Snowscape|[upkeep]
|upkeep
|
|t:|1781311983
|switch|p2a: Butterfly|Moltres-Galar|91/100
|turn|36
|
|t:|1781311989
|move|p1a: Walking Wake|Hydro Steam|p2a: Butterfly
|-damage|p2a: Butterfly|55/100
|move|p2a: Butterfly|Agility|p2a: Butterfly
|-boost|p2a: Butterfly|spe|2
|
|-weather|Snowscape|[upkeep]
|upkeep
|turn|37
|
|t:|1781311994
|move|p2a: Butterfly|Nasty Plot|p2a: Butterfly
|-boost|p2a: Butterfly|spa|2
|move|p1a: Walking Wake|Draco Meteor|p2a: Butterfly|[miss]
|-miss|p1a: Walking Wake|p2a: Butterfly
|
|-weather|Snowscape|[upkeep]
|upkeep
|turn|38
|
|t:|1781311999
|move|p2a: Butterfly|Air Slash|p1a: Walking Wake
|-damage|p1a: Walking Wake|17/100
|cant|p1a: Walking Wake|flinch
|
|-weather|Snowscape|[upkeep]
|upkeep
|turn|39
|
|t:|1781312002
|move|p2a: Butterfly|Air Slash|p1a: Walking Wake
|-damage|p1a: Walking Wake|0 fnt
|faint|p1a: Walking Wake
|-end|p1a: Walking Wake|Protosynthesis|[silent]
|
|-weather|none
|upkeep
|
|t:|1781312006
|switch|p1a: Zarude|Zarude|100/100
|turn|40
|
|t:|1781312009
|move|p2a: Butterfly|Air Slash|p1a: Zarude
|-supereffective|p1a: Zarude
|-crit|p1a: Zarude
|-damage|p1a: Zarude|0 fnt
|faint|p1a: Zarude
|
|win|tauros3
|raw|rekjllj's rating: 1573 &rarr; <strong>1552</strong><br />(-21 for losing)
|raw|tauros3's rating: 1561 &rarr; <strong>1582</strong><br />(+21 for winning)
|c|☆rekjllj|gg
