|j|☆ashiceclaw
|j|☆The real kurt tay
|t:|1781068794
|gametype|singles
|player|p1|ashiceclaw|alder|1649
|player|p2|The real kurt tay|265|1702
|gen|9
|tier|[Gen 9] OU
|rated|
|rule|HP Percentage Mod: HP is shown in percentages
|rule|Endless Battle Clause: Forcing endless battles is banned
|rule|Species Clause: Limit one of each Pokémon
|rule|OHKO Clause: OHKO moves are banned
|rule|Evasion Items Clause: Evasion items are banned
|rule|Evasion Moves Clause: Evasion moves are banned
|rule|Evasion Abilities Clause: Evasion abilities are banned
|rule|Sleep Moves Clause: Sleep-inducing moves are banned
|clearpoke
|poke|p1|Araquanid, F|
|poke|p1|Great Tusk|
|poke|p1|Gholdengo|
|poke|p1|Iron Moth|
|poke|p1|Ogerpon-Cornerstone, F|
|poke|p1|Raging Bolt|
|poke|p2|Gholdengo|
|poke|p2|Landorus-Therian, M|
|poke|p2|Kingambit, M|
|poke|p2|Cinderace, M|
|poke|p2|Kyurem|
|poke|p2|Iron Valiant|
|teampreview
|
|t:|1781068809
|teamsize|p1|6
|teamsize|p2|6
|start
|switch|p1a: Ogerpon|Ogerpon-Cornerstone, F|100/100
|switch|p2a: Kyurem|Kyurem|100/100
|-ability|p2a: Kyurem|Pressure
|turn|1
|
|t:|1781068818
|switch|p2a: Gholdengo|Gholdengo|100/100
|move|p1a: Ogerpon|Ivy Cudgel|p2a: Gholdengo|[anim] Ivy Cudgel Rock
|-resisted|p2a: Gholdengo
|-damage|p2a: Gholdengo|68/100
|
|upkeep
|turn|2
|
|t:|1781068831
|switch|p1a: SpooderBae|Araquanid, F, shiny|100/100
|move|p2a: Gholdengo|Shadow Ball|p1a: SpooderBae
|-damage|p1a: SpooderBae|68/100
|
|upkeep
|turn|3
|
|t:|1781068840
|switch|p2a: Kyurem|Kyurem|100/100
|-ability|p2a: Kyurem|Pressure
|move|p1a: SpooderBae|Sticky Web|p2a: Kyurem
|-sidestart|p2: The real kurt tay|move: Sticky Web
|
|upkeep
|turn|4
|
|t:|1781068850
|switch|p1a: Iron Moth|Iron Moth|100/100
|move|p2a: Kyurem|Freeze-Dry|p1a: Iron Moth
|-resisted|p1a: Iron Moth
|-damage|p1a: Iron Moth|80/100
|
|upkeep
|turn|5
|
|t:|1781068853
|move|p1a: Iron Moth|Meteor Beam||[still]
|-prepare|p1a: Iron Moth|Meteor Beam
|-boost|p1a: Iron Moth|spa|1
|-enditem|p1a: Iron Moth|Power Herb
|-anim|p1a: Iron Moth|Meteor Beam|p2a: Kyurem
|-supereffective|p2a: Kyurem
|-damage|p2a: Kyurem|29/100
|move|p2a: Kyurem|Earth Power|p1a: Iron Moth
|-supereffective|p1a: Iron Moth
|-damage|p1a: Iron Moth|0 fnt
|faint|p1a: Iron Moth
|-end|p1a: Iron Moth|Quark Drive|[silent]
|
|upkeep
|
|t:|1781068881
|switch|p1a: Gholdengo|Gholdengo|100/100
|turn|6
|
|t:|1781068886
|move|p1a: Gholdengo|Shadow Ball|p2a: Kyurem
|-damage|p2a: Kyurem|8/100
|move|p2a: Kyurem|Earth Power|p1a: Gholdengo
|-supereffective|p1a: Gholdengo
|-damage|p1a: Gholdengo|19/100
|
|upkeep
|turn|7
|
|t:|1781068897
|move|p1a: Gholdengo|Shadow Ball|p2a: Kyurem
|-damage|p2a: Kyurem|0 fnt
|faint|p2a: Kyurem
|
|upkeep
|
|t:|1781068899
|switch|p2a: Cinderace|Cinderace, M|100/100
|turn|8
|
|t:|1781068904
|move|p1a: Gholdengo|Shadow Ball|p2a: Cinderace
|-damage|p2a: Cinderace|35/100
|move|p2a: Cinderace|Court Change|p2a: Cinderace
|-start|p2a: Cinderace|typechange|Normal|[from] ability: Libero
|-swapsideconditions
|-activate|p2a: Cinderace|move: Court Change
|
|upkeep
|turn|9
|
|t:|1781068918
|switch|p1a: Great Tusk|Great Tusk|100/100
|-activate|p1a: Great Tusk|move: Sticky Web
|-unboost|p1a: Great Tusk|spe|1
|move|p2a: Cinderace|U-turn|p1a: Great Tusk
|-resisted|p1a: Great Tusk
|-damage|p1a: Great Tusk|93/100
|
|t:|1781068928
|switch|p2a: Landorus|Landorus-Therian, M|100/100|[from] U-turn
|-ability|p2a: Landorus|Intimidate|boost
|-unboost|p1a: Great Tusk|atk|1
|
|upkeep
|turn|10
|
|t:|1781068934
|move|p2a: Landorus|U-turn|p1a: Great Tusk
|-resisted|p1a: Great Tusk
|-damage|p1a: Great Tusk|85/100
|
|t:|1781068936
|switch|p2a: Gholdengo|Gholdengo|68/100|[from] U-turn
|move|p1a: Great Tusk|Rapid Spin|p2a: Gholdengo
|-immune|p2a: Gholdengo
|
|upkeep
|turn|11
|
|t:|1781068942
|move|p2a: Gholdengo|Make It Rain|p1a: Great Tusk
|-damage|p1a: Great Tusk|30/100
|-unboost|p2a: Gholdengo|spa|1
|move|p1a: Great Tusk|Headlong Rush|p2a: Gholdengo
|-supereffective|p2a: Gholdengo
|-damage|p2a: Gholdengo|0 fnt
|-unboost|p1a: Great Tusk|def|1
|-unboost|p1a: Great Tusk|spd|1
|faint|p2a: Gholdengo
|
|upkeep
|
|t:|1781068953
|switch|p2a: Iron Valiant|Iron Valiant|100/100
|-enditem|p2a: Iron Valiant|Booster Energy
|-activate|p2a: Iron Valiant|ability: Quark Drive|[fromitem]
|-start|p2a: Iron Valiant|quarkdrivespe
|turn|12
|
|t:|1781068958
|-terastallize|p2a: Iron Valiant|Ghost
|move|p2a: Iron Valiant|Calm Mind|p2a: Iron Valiant
|-boost|p2a: Iron Valiant|spa|1
|-boost|p2a: Iron Valiant|spd|1
|move|p1a: Great Tusk|Headlong Rush|p2a: Iron Valiant
|-damage|p2a: Iron Valiant|40/100
|-unboost|p1a: Great Tusk|def|1
|-unboost|p1a: Great Tusk|spd|1
|
|upkeep
|turn|13
|
|t:|1781068967
|move|p2a: Iron Valiant|Moonblast|p1a: Great Tusk
|-supereffective|p1a: Great Tusk
|-damage|p1a: Great Tusk|0 fnt
|faint|p1a: Great Tusk
|-end|p1a: Great Tusk|Protosynthesis|[silent]
|
|upkeep
|
|t:|1781068975
|switch|p1a: SpooderBae|Araquanid, F, shiny|68/100
|-activate|p1a: SpooderBae|move: Sticky Web
|-unboost|p1a: SpooderBae|spe|1
|turn|14
|
|t:|1781068979
|move|p2a: Iron Valiant|Moonblast|p1a: SpooderBae
|-damage|p1a: SpooderBae|11/100
|move|p1a: SpooderBae|Liquidation|p2a: Iron Valiant
|-damage|p2a: Iron Valiant|0 fnt
|faint|p2a: Iron Valiant
|-end|p2a: Iron Valiant|Quark Drive|[silent]
|
|upkeep
|
|t:|1781068994
|switch|p2a: Kingambit|Kingambit, M|100/100
|-activate|p2a: Kingambit|ability: Supreme Overlord
|-start|p2a: Kingambit|fallen3|[silent]
|-item|p2a: Kingambit|Air Balloon
|turn|15
|-enditem|p1a: SpooderBae|Custap Berry|[eat]
|-activate|p1a: SpooderBae|item: Custap Berry|[consumed]
|
|t:|1781068998
|move|p1a: SpooderBae|Endeavor|p2a: Kingambit
|-damage|p2a: Kingambit|10/100
|-enditem|p2a: Kingambit|Air Balloon
|move|p2a: Kingambit|Kowtow Cleave|p1a: SpooderBae
|-damage|p1a: SpooderBae|0 fnt
|faint|p1a: SpooderBae
|
|upkeep
|
|t:|1781069011
|switch|p1a: Raging Bolt|Raging Bolt|100/100
|-activate|p1a: Raging Bolt|move: Sticky Web
|-unboost|p1a: Raging Bolt|spe|1
|-enditem|p1a: Raging Bolt|Booster Energy
|-activate|p1a: Raging Bolt|ability: Protosynthesis|[fromitem]
|-start|p1a: Raging Bolt|protosynthesisspa
|turn|16
|
|t:|1781069014
|move|p1a: Raging Bolt|Dragon Pulse|p2a: Kingambit
|-resisted|p2a: Kingambit
|-damage|p2a: Kingambit|0 fnt
|faint|p2a: Kingambit
|-end|p2a: Kingambit|fallen3|[silent]
|
|upkeep
|
|t:|1781069019
|switch|p2a: Landorus|Landorus-Therian, M|100/100
|-ability|p2a: Landorus|Intimidate|boost
|-unboost|p1a: Raging Bolt|atk|1
|turn|17
|
|t:|1781069025
|-terastallize|p1a: Raging Bolt|Fairy
|move|p2a: Landorus|Stealth Rock|p1a: Raging Bolt
|-sidestart|p1: ashiceclaw|move: Stealth Rock
|move|p1a: Raging Bolt|Dragon Pulse|p2a: Landorus
|-damage|p2a: Landorus|28/100
|
|upkeep
|turn|18
|
|t:|1781069031
|move|p2a: Landorus|Earthquake|p1a: Raging Bolt
|-damage|p1a: Raging Bolt|57/100
|move|p1a: Raging Bolt|Dragon Pulse|p2a: Landorus
|-damage|p2a: Landorus|0 fnt
|faint|p2a: Landorus
|
|upkeep
|-message|The real kurt tay forfeited.
|
|win|ashiceclaw
|raw|ashiceclaw's rating: 1649 &rarr; <strong>1672</strong><br />(+23 for winning)
|raw|The real kurt tay's rating: 1702 &rarr; <strong>1679</strong><br />(-23 for losing)
|l|☆The real kurt tay
|player|p2|
|l|☆ashiceclaw
|player|p1|
