|j|☆KurisuChestnutLab
|j|‽LT_Alt1
|t:|1781161757
|gametype|singles
|player|p1|KurisuChestnutLab|may-contest|1600
|player|p2|LT_Alt1|266|1753
|gen|9
|tier|[Gen 9] OU
|rated|
|rule|HP Percentage Mod: HP is shown in percentages
|rule|Endless Battle Clause: Forcing endless battles is banned
|rule|Species Clause: Limit one of each Pokémon
|rule|OHKO Clause: OHKO moves are banned
|rule|Evasion Items Clause: Evasion items are banned
|rule|Evasion Moves Clause: Evasion moves are banned
|rule|Evasion Abilities Clause: Evasion abilities are banned
|rule|Sleep Moves Clause: Sleep-inducing moves are banned
|clearpoke
|poke|p1|Primarina, M|
|poke|p1|Hippowdon, F|
|poke|p1|Skarmory, M|
|poke|p1|Zapdos|
|poke|p1|Dragonite, M|
|poke|p1|Slowking, F|
|poke|p2|Kyurem|
|poke|p2|Raging Bolt|
|poke|p2|Hatterene, F|
|poke|p2|Slowking-Galar, M|
|poke|p2|Ting-Lu|
|poke|p2|Corviknight, F|
|teampreview
|inactive|Battle timer is ON: inactive players will automatically lose when time's up. (requested by KurisuChestnutLab)
|
|t:|1781161778
|teamsize|p1|6
|teamsize|p2|6
|start
|switch|p1a: Primarina|Primarina, M|100/100
|switch|p2a: Raging Bolt|Raging Bolt|100/100
|turn|1
|
|t:|1781161785
|move|p2a: Raging Bolt|Volt Switch|p1a: Primarina
|-supereffective|p1a: Primarina
|-damage|p1a: Primarina|59/100
|
|t:|1781161789
|-end|p2a: Raging Bolt|Protosynthesis|[silent]
|switch|p2a: Slowking|Slowking-Galar, M|100/100|[from] Volt Switch
|move|p1a: Primarina|Moonblast|p2a: Slowking
|-resisted|p2a: Slowking
|-damage|p2a: Slowking|83/100
|
|upkeep
|turn|2
|
|t:|1781161793
|switch|p1a: Hippowdon|Hippowdon, F|100/100
|-weather|Sandstorm|[from] ability: Sand Stream|[of] p1a: Hippowdon
|move|p2a: Slowking|Future Sight|p1a: Hippowdon
|-start|p2a: Slowking|move: Future Sight
|
|-weather|Sandstorm|[upkeep]
|-damage|p2a: Slowking|77/100|[from] Sandstorm
|upkeep
|turn|3
|
|t:|1781161799
|switch|p2a: Hatterene|Hatterene, F|100/100
|move|p1a: Hippowdon|Earthquake|p2a: Hatterene
|-damage|p2a: Hatterene|64/100
|
|-weather|Sandstorm|[upkeep]
|-damage|p2a: Hatterene|58/100|[from] Sandstorm
|-heal|p2a: Hatterene|64/100|[from] item: Leftovers
|upkeep
|turn|4
|
|t:|1781161808
|switch|p1a: Slowking|Slowking, F|100/100
|move|p2a: Hatterene|Pain Split|p1a: Slowking
|-sethp|p1a: Slowking|73/100|[from] move: Pain Split|[silent]
|-sethp|p2a: Hatterene|100/100|[from] move: Pain Split
|
|-weather|Sandstorm|[upkeep]
|-damage|p1a: Slowking|67/100|[from] Sandstorm
|-damage|p2a: Hatterene|95/100|[from] Sandstorm
|-end|p1a: Slowking|move: Future Sight
|-resisted|p1a: Slowking
|-damage|p1a: Slowking|54/100
|-heal|p2a: Hatterene|100/100|[from] item: Leftovers
|upkeep
|turn|5
|
|t:|1781161816
|switch|p1a: Primarina|Primarina, M|59/100
|switch|p2a: Slowking|Slowking-Galar, M|100/100
|
|-weather|Sandstorm|[upkeep]
|-damage|p1a: Primarina|53/100|[from] Sandstorm
|-damage|p2a: Slowking|94/100|[from] Sandstorm
|upkeep
|turn|6
|
|t:|1781161823
|move|p1a: Primarina|Flip Turn|p2a: Slowking
|-damage|p2a: Slowking|84/100
|
|t:|1781161827
|switch|p1a: Hippowdon|Hippowdon, F|100/100|[from] Flip Turn
|move|p2a: Slowking|Sludge Bomb|p1a: Hippowdon
|-resisted|p1a: Hippowdon
|-damage|p1a: Hippowdon|81/100
|
|-weather|none
|-heal|p1a: Hippowdon|87/100|[from] item: Leftovers
|upkeep
|turn|7
|
|t:|1781161835
|switch|p2a: Corviknight|Corviknight, F|100/100
|-ability|p2a: Corviknight|Pressure
|move|p1a: Hippowdon|Earthquake|p2a: Corviknight
|-immune|p2a: Corviknight
|
|-heal|p1a: Hippowdon|94/100|[from] item: Leftovers
|upkeep
|turn|8
|
|t:|1781161840
|switch|p2a: Hatterene|Hatterene, F|100/100
|move|p1a: Hippowdon|Whirlwind|p2a: Hatterene
|move|p2a: Hatterene|Whirlwind|p1a: Hippowdon|[from] ability: Magic Bounce
|drag|p1a: Skarmory|Skarmory, M|100/100
|
|upkeep
|turn|9
|
|t:|1781161850
|switch|p1a: Primarina|Primarina, M|53/100
|move|p2a: Hatterene|Dazzling Gleam|p1a: Primarina
|-damage|p1a: Primarina|34/100
|
|upkeep
|turn|10
|
|t:|1781161855
|move|p1a: Primarina|Surf|p2a: Hatterene
|-damage|p2a: Hatterene|35/100
|move|p2a: Hatterene|Psyshock|p1a: Primarina
|-damage|p1a: Primarina|0 fnt
|faint|p1a: Primarina
|
|-heal|p2a: Hatterene|41/100|[from] item: Leftovers
|upkeep
|
|t:|1781161860
|switch|p1a: Dragonite|Dragonite, M|100/100
|turn|11
|
|t:|1781161875
|-terastallize|p1a: Dragonite|Normal
|move|p1a: Dragonite|Extreme Speed|p2a: Hatterene
|-damage|p2a: Hatterene|0 fnt
|faint|p2a: Hatterene
|
|upkeep
|
|t:|1781161885
|switch|p2a: Corviknight|Corviknight, F|100/100
|-ability|p2a: Corviknight|Pressure
|turn|12
|
|t:|1781161890
|move|p1a: Dragonite|Dragon Dance|p1a: Dragonite
|-boost|p1a: Dragonite|atk|1
|-boost|p1a: Dragonite|spe|1
|move|p2a: Corviknight|Iron Defense|p2a: Corviknight
|-boost|p2a: Corviknight|def|2
|
|upkeep
|turn|13
|
|t:|1781161895
|switch|p2a: Kyurem|Kyurem|100/100
|-ability|p2a: Kyurem|Pressure
|move|p1a: Dragonite|Dragon Dance|p1a: Dragonite
|-boost|p1a: Dragonite|atk|1
|-boost|p1a: Dragonite|spe|1
|
|upkeep
|turn|14
|
|t:|1781161905
|switch|p2a: Corviknight|Corviknight, F|100/100
|-ability|p2a: Corviknight|Pressure
|move|p1a: Dragonite|Dragon Dance|p1a: Dragonite
|-boost|p1a: Dragonite|atk|1
|-boost|p1a: Dragonite|spe|1
|
|upkeep
|turn|15
|
|t:|1781161914
|move|p1a: Dragonite|Extreme Speed|p2a: Corviknight
|-resisted|p2a: Corviknight
|-damage|p2a: Corviknight|60/100
|-damage|p1a: Dragonite|84/100|[from] item: Rocky Helmet|[of] p2a: Corviknight
|move|p2a: Corviknight|Iron Defense|p2a: Corviknight
|-boost|p2a: Corviknight|def|2
|
|upkeep
|turn|16
|
|t:|1781161918
|move|p1a: Dragonite|Dragon Dance|p1a: Dragonite
|-boost|p1a: Dragonite|atk|1
|-boost|p1a: Dragonite|spe|1
|move|p2a: Corviknight|Roost|p2a: Corviknight
|-heal|p2a: Corviknight|100/100
|-singleturn|p2a: Corviknight|move: Roost
|
|upkeep
|turn|17
|
|t:|1781161925
|move|p1a: Dragonite|Roost|p1a: Dragonite
|-heal|p1a: Dragonite|100/100
|move|p2a: Corviknight|Body Press|p1a: Dragonite
|-supereffective|p1a: Dragonite
|-damage|p1a: Dragonite|47/100
|
|upkeep
|turn|18
|
|t:|1781161929
|switch|p1a: Hippowdon|Hippowdon, F|94/100
|-weather|Sandstorm|[from] ability: Sand Stream|[of] p1a: Hippowdon
|move|p2a: Corviknight|Body Press|p1a: Hippowdon
|-damage|p1a: Hippowdon|70/100
|
|-weather|Sandstorm|[upkeep]
|-heal|p1a: Hippowdon|76/100|[from] item: Leftovers
|upkeep
|turn|19
|
|t:|1781161934
|move|p2a: Corviknight|Iron Defense|p2a: Corviknight
|-boost|p2a: Corviknight|def|2
|move|p1a: Hippowdon|Stealth Rock|p2a: Corviknight
|-sidestart|p2: LT_Alt1|move: Stealth Rock
|
|-weather|Sandstorm|[upkeep]
|-heal|p1a: Hippowdon|83/100|[from] item: Leftovers
|upkeep
|turn|20
|
|t:|1781161939
|move|p2a: Corviknight|Defog|p1a: Hippowdon
|-unboost|p1a: Hippowdon|evasion|1
|-sideend|p2: LT_Alt1|Stealth Rock|[from] move: Defog|[of] p2a: Corviknight
|move|p1a: Hippowdon|Slack Off|p1a: Hippowdon
|-heal|p1a: Hippowdon|100/100
|
|-weather|Sandstorm|[upkeep]
|upkeep
|turn|21
|
|t:|1781161948
|move|p2a: Corviknight|Iron Defense|p2a: Corviknight
|-boost|p2a: Corviknight|def|2
|move|p1a: Hippowdon|Whirlwind|p2a: Corviknight
|drag|p2a: Slowking|Slowking-Galar, M|100/100
|
|-weather|Sandstorm|[upkeep]
|-damage|p2a: Slowking|94/100|[from] Sandstorm
|upkeep
|turn|22
|
|t:|1781161952
|switch|p2a: Corviknight|Corviknight, F|100/100
|-ability|p2a: Corviknight|Pressure
|move|p1a: Hippowdon|Stealth Rock|p2a: Corviknight
|-sidestart|p2: LT_Alt1|move: Stealth Rock
|
|-weather|none
|upkeep
|turn|23
|
|t:|1781161958
|move|p2a: Corviknight|Defog|p1a: Hippowdon
|-unboost|p1a: Hippowdon|evasion|1
|-sideend|p2: LT_Alt1|Stealth Rock|[from] move: Defog|[of] p2a: Corviknight
|move|p1a: Hippowdon|Stealth Rock|p2a: Corviknight
|-sidestart|p2: LT_Alt1|move: Stealth Rock
|
|upkeep
|turn|24
|
|t:|1781161963
|move|p2a: Corviknight|Defog|p1a: Hippowdon
|-unboost|p1a: Hippowdon|evasion|1
|-sideend|p2: LT_Alt1|Stealth Rock|[from] move: Defog|[of] p2a: Corviknight
|move|p1a: Hippowdon|Stealth Rock|p2a: Corviknight
|-sidestart|p2: LT_Alt1|move: Stealth Rock
|
|upkeep
|turn|25
|
|t:|1781161971
|move|p2a: Corviknight|Defog|p1a: Hippowdon
|-unboost|p1a: Hippowdon|evasion|1
|-sideend|p2: LT_Alt1|Stealth Rock|[from] move: Defog|[of] p2a: Corviknight
|move|p1a: Hippowdon|Stealth Rock|p2a: Corviknight
|-sidestart|p2: LT_Alt1|move: Stealth Rock
|
|upkeep
|turn|26
|
|t:|1781161975
|move|p2a: Corviknight|Defog|p1a: Hippowdon
|-unboost|p1a: Hippowdon|evasion|1
|-sideend|p2: LT_Alt1|Stealth Rock|[from] move: Defog|[of] p2a: Corviknight
|move|p1a: Hippowdon|Stealth Rock|p2a: Corviknight
|-sidestart|p2: LT_Alt1|move: Stealth Rock
|
|upkeep
|turn|27
|
|t:|1781161985
|move|p2a: Corviknight|Defog|p1a: Hippowdon
|-unboost|p1a: Hippowdon|evasion|1
|-sideend|p2: LT_Alt1|Stealth Rock|[from] move: Defog|[of] p2a: Corviknight
|move|p1a: Hippowdon|Stealth Rock|p2a: Corviknight
|-sidestart|p2: LT_Alt1|move: Stealth Rock
|
|upkeep
|turn|28
|
|t:|1781161993
|move|p2a: Corviknight|Defog|p1a: Hippowdon
|-unboost|p1a: Hippowdon|evasion|0
|-sideend|p2: LT_Alt1|Stealth Rock|[from] move: Defog|[of] p2a: Corviknight
|move|p1a: Hippowdon|Stealth Rock|p2a: Corviknight
|-sidestart|p2: LT_Alt1|move: Stealth Rock
|
|upkeep
|turn|29
|
|t:|1781161998
|move|p2a: Corviknight|Defog|p1a: Hippowdon
|-unboost|p1a: Hippowdon|evasion|0
|-sideend|p2: LT_Alt1|Stealth Rock|[from] move: Defog|[of] p2a: Corviknight
|move|p1a: Hippowdon|Stealth Rock|p2a: Corviknight
|-sidestart|p2: LT_Alt1|move: Stealth Rock
|
|upkeep
|turn|30
|
|t:|1781162005
|move|p2a: Corviknight|Defog|p1a: Hippowdon
|-unboost|p1a: Hippowdon|evasion|0
|-sideend|p2: LT_Alt1|Stealth Rock|[from] move: Defog|[of] p2a: Corviknight
|move|p1a: Hippowdon|Stealth Rock|p2a: Corviknight
|-sidestart|p2: LT_Alt1|move: Stealth Rock
|
|upkeep
|turn|31
|
|t:|1781162010
|move|p2a: Corviknight|Defog|p1a: Hippowdon
|-unboost|p1a: Hippowdon|evasion|0
|-sideend|p2: LT_Alt1|Stealth Rock|[from] move: Defog|[of] p2a: Corviknight
|move|p1a: Hippowdon|Stealth Rock|p2a: Corviknight
|-sidestart|p2: LT_Alt1|move: Stealth Rock
|
|upkeep
|turn|32
|
|t:|1781162014
|move|p2a: Corviknight|Defog|p1a: Hippowdon
|-unboost|p1a: Hippowdon|evasion|0
|-sideend|p2: LT_Alt1|Stealth Rock|[from] move: Defog|[of] p2a: Corviknight
|move|p1a: Hippowdon|Stealth Rock|p2a: Corviknight
|-sidestart|p2: LT_Alt1|move: Stealth Rock
|
|upkeep
|turn|33
|
|t:|1781162021
|move|p2a: Corviknight|Defog|p1a: Hippowdon
|-unboost|p1a: Hippowdon|evasion|0
|-sideend|p2: LT_Alt1|Stealth Rock|[from] move: Defog|[of] p2a: Corviknight
|move|p1a: Hippowdon|Stealth Rock|p2a: Corviknight
|-sidestart|p2: LT_Alt1|move: Stealth Rock
|
|upkeep
|turn|34
|
|t:|1781162027
|move|p2a: Corviknight|Defog|p1a: Hippowdon
|-unboost|p1a: Hippowdon|evasion|0
|-sideend|p2: LT_Alt1|Stealth Rock|[from] move: Defog|[of] p2a: Corviknight
|move|p1a: Hippowdon|Stealth Rock|p2a: Corviknight
|-sidestart|p2: LT_Alt1|move: Stealth Rock
|
|upkeep
|turn|35
|
|t:|1781162031
|move|p2a: Corviknight|Defog|p1a: Hippowdon
|-unboost|p1a: Hippowdon|evasion|0
|-sideend|p2: LT_Alt1|Stealth Rock|[from] move: Defog|[of] p2a: Corviknight
|move|p1a: Hippowdon|Stealth Rock|p2a: Corviknight
|-sidestart|p2: LT_Alt1|move: Stealth Rock
|
|upkeep
|turn|36
|j| caffineoverdosed
|
|t:|1781162036
|switch|p1a: Dragonite|Dragonite, M, tera:Normal|47/100
|move|p2a: Corviknight|Defog|p1a: Dragonite
|-unboost|p1a: Dragonite|evasion|1
|-sideend|p2: LT_Alt1|Stealth Rock|[from] move: Defog|[of] p2a: Corviknight
|
|upkeep
|turn|37
|
|t:|1781162043
|move|p1a: Dragonite|Roost|p1a: Dragonite
|-heal|p1a: Dragonite|97/100
|move|p2a: Corviknight|Iron Defense|p2a: Corviknight
|-boost|p2a: Corviknight|def|2
|
|upkeep
|turn|38
|l| caffineoverdosed
|
|t:|1781162050
|switch|p1a: Slowking|Slowking, F|87/100
|switch|p2a: Ting-Lu|Ting-Lu|100/100
|-ability|p2a: Ting-Lu|Vessel of Ruin
|
|upkeep
|turn|39
|
|t:|1781162055
|switch|p2a: Slowking|Slowking-Galar, M|100/100
|move|p1a: Slowking|Scald|p2a: Slowking
|-damage|p2a: Slowking|83/100
|
|upkeep
|turn|40
|
|t:|1781162066
|switch|p1a: Skarmory|Skarmory, M|100/100
|move|p2a: Slowking|Sludge Bomb|p1a: Skarmory
|-immune|p1a: Skarmory
|
|upkeep
|turn|41
|
|t:|1781162071
|move|p1a: Skarmory|Spikes|p2a: Slowking
|-sidestart|p2: LT_Alt1|Spikes
|move|p2a: Slowking|Flamethrower|p1a: Skarmory
|-supereffective|p1a: Skarmory
|-damage|p1a: Skarmory|44/100
|
|-heal|p1a: Skarmory|50/100|[from] item: Leftovers
|upkeep
|turn|42
|
|t:|1781162077
|switch|p1a: Dragonite|Dragonite, M, tera:Normal|97/100
|move|p2a: Slowking|Flamethrower|p1a: Dragonite
|-damage|p1a: Dragonite|72/100
|
|upkeep
|turn|43
|
|t:|1781162083
|move|p1a: Dragonite|Roost|p1a: Dragonite
|-heal|p1a: Dragonite|100/100
|move|p2a: Slowking|Sludge Bomb|p1a: Dragonite
|-damage|p1a: Dragonite|81/100
|
|upkeep
|turn|44
|
|t:|1781162087
|move|p1a: Dragonite|Roost|p1a: Dragonite
|-heal|p1a: Dragonite|100/100
|move|p2a: Slowking|Sludge Bomb|p1a: Dragonite
|-damage|p1a: Dragonite|84/100
|-status|p1a: Dragonite|psn
|
|-damage|p1a: Dragonite|72/100 psn|[from] psn
|upkeep
|turn|45
|
|t:|1781162091
|switch|p2a: Corviknight|Corviknight, F|100/100
|-ability|p2a: Corviknight|Pressure
|move|p1a: Dragonite|Extreme Speed|p2a: Corviknight
|-resisted|p2a: Corviknight
|-damage|p2a: Corviknight|85/100
|-damage|p1a: Dragonite|55/100 psn|[from] item: Rocky Helmet|[of] p2a: Corviknight
|
|-damage|p1a: Dragonite|43/100 psn|[from] psn
|upkeep
|turn|46
|
|t:|1781162095
|move|p1a: Dragonite|Roost|p1a: Dragonite
|-heal|p1a: Dragonite|93/100 psn
|move|p2a: Corviknight|Defog|p1a: Dragonite
|-unboost|p1a: Dragonite|evasion|1
|-sideend|p2: LT_Alt1|Spikes|[from] move: Defog|[of] p2a: Corviknight
|
|-damage|p1a: Dragonite|81/100 psn|[from] psn
|upkeep
|turn|47
|
|t:|1781162103
|switch|p2a: Slowking|Slowking-Galar, M|100/100
|move|p1a: Dragonite|Extreme Speed|p2a: Slowking
|-damage|p2a: Slowking|62/100
|
|-damage|p1a: Dragonite|68/100 psn|[from] psn
|upkeep
|turn|48
|
|t:|1781162110
|switch|p2a: Corviknight|Corviknight, F|85/100
|-ability|p2a: Corviknight|Pressure
|move|p1a: Dragonite|Earthquake|p2a: Corviknight
|-immune|p2a: Corviknight
|
|-damage|p1a: Dragonite|56/100 psn|[from] psn
|upkeep
|turn|49
|
|t:|1781162116
|move|p1a: Dragonite|Roost|p1a: Dragonite
|-heal|p1a: Dragonite|100/100 psn
|move|p2a: Corviknight|Body Press|p1a: Dragonite
|-supereffective|p1a: Dragonite
|-damage|p1a: Dragonite|75/100 psn
|
|-damage|p1a: Dragonite|63/100 psn|[from] psn
|upkeep
|turn|50
|
|t:|1781162123
|switch|p2a: Slowking|Slowking-Galar, M|96/100
|move|p1a: Dragonite|Roost|p1a: Dragonite
|-heal|p1a: Dragonite|100/100 psn
|
|-damage|p1a: Dragonite|88/100 psn|[from] psn
|upkeep
|turn|51
|
|t:|1781162126
|switch|p1a: Hippowdon|Hippowdon, F|100/100
|-weather|Sandstorm|[from] ability: Sand Stream|[of] p1a: Hippowdon
|switch|p2a: Corviknight|Corviknight, F|85/100
|-ability|p2a: Corviknight|Pressure
|
|-weather|Sandstorm|[upkeep]
|upkeep
|turn|52
|
|t:|1781162130
|move|p2a: Corviknight|Iron Defense|p2a: Corviknight
|-boost|p2a: Corviknight|def|2
|move|p1a: Hippowdon|Stealth Rock|p2a: Corviknight
|-sidestart|p2: LT_Alt1|move: Stealth Rock
|
|-weather|Sandstorm|[upkeep]
|upkeep
|turn|53
|
|t:|1781162133
|switch|p1a: Skarmory|Skarmory, M|50/100
|move|p2a: Corviknight|Defog|p1a: Skarmory
|-unboost|p1a: Skarmory|evasion|1
|-sideend|p2: LT_Alt1|Stealth Rock|[from] move: Defog|[of] p2a: Corviknight
|
|-weather|Sandstorm|[upkeep]
|-heal|p1a: Skarmory|56/100|[from] item: Leftovers
|upkeep
|turn|54
|
|t:|1781162143
|move|p2a: Corviknight|Body Press|p1a: Skarmory
|-damage|p1a: Skarmory|27/100
|move|p1a: Skarmory|Roost|p1a: Skarmory
|-heal|p1a: Skarmory|77/100
|-singleturn|p1a: Skarmory|move: Roost
|
|-weather|Sandstorm|[upkeep]
|-heal|p1a: Skarmory|83/100|[from] item: Leftovers
|upkeep
|turn|55
|
|t:|1781162156
|switch|p2a: Slowking|Slowking-Galar, M|100/100
|move|p1a: Skarmory|Spikes|p2a: Slowking
|-sidestart|p2: LT_Alt1|Spikes
|
|-weather|none
|-heal|p1a: Skarmory|89/100|[from] item: Leftovers
|upkeep
|turn|56
|
|t:|1781162163
|switch|p1a: Hippowdon|Hippowdon, F|100/100
|-weather|Sandstorm|[from] ability: Sand Stream|[of] p1a: Hippowdon
|move|p2a: Slowking|Sludge Bomb|p1a: Hippowdon
|-resisted|p1a: Hippowdon
|-damage|p1a: Hippowdon|82/100
|-status|p1a: Hippowdon|psn
|
|-weather|Sandstorm|[upkeep]
|-damage|p2a: Slowking|94/100|[from] Sandstorm
|-heal|p1a: Hippowdon|88/100 psn|[from] item: Leftovers
|-damage|p1a: Hippowdon|76/100 psn|[from] psn
|upkeep
|turn|57
|
|t:|1781162171
|switch|p1a: Slowking|Slowking, F|100/100
|switch|p2a: Corviknight|Corviknight, F|85/100
|-ability|p2a: Corviknight|Pressure
|
|-weather|Sandstorm|[upkeep]
|-damage|p1a: Slowking|94/100|[from] Sandstorm
|upkeep
|turn|58
|
|t:|1781162174
|switch|p2a: Slowking|Slowking-Galar, M|100/100
|-damage|p2a: Slowking|88/100|[from] Spikes
|switch|p1a: Skarmory|Skarmory, M|89/100
|
|-weather|Sandstorm|[upkeep]
|-damage|p2a: Slowking|82/100|[from] Sandstorm
|-heal|p1a: Skarmory|95/100|[from] item: Leftovers
|upkeep
|turn|59
|
|t:|1781162182
|switch|p1a: Slowking|Slowking, F|100/100
|move|p2a: Slowking|Flamethrower|p1a: Slowking
|-resisted|p1a: Slowking
|-damage|p1a: Slowking|93/100
|
|-weather|Sandstorm|[upkeep]
|-damage|p1a: Slowking|87/100|[from] Sandstorm
|-damage|p2a: Slowking|76/100|[from] Sandstorm
|upkeep
|turn|60
|
|t:|1781162185
|switch|p1a: Skarmory|Skarmory, M|95/100
|move|p2a: Slowking|Sludge Bomb|p1a: Skarmory
|-immune|p1a: Skarmory
|
|-weather|none
|-heal|p1a: Skarmory|100/100|[from] item: Leftovers
|upkeep
|turn|61
|
|t:|1781162192
|move|p1a: Skarmory|Iron Head|p2a: Slowking
|-damage|p2a: Slowking|55/100
|move|p2a: Slowking|Future Sight|p1a: Skarmory
|-start|p2a: Slowking|move: Future Sight
|
|upkeep
|turn|62
|
|t:|1781162199
|switch|p1a: Slowking|Slowking, F|100/100
|move|p2a: Slowking|Flamethrower|p1a: Slowking
|-resisted|p1a: Slowking
|-damage|p1a: Slowking|94/100
|
|upkeep
|turn|63
|
|t:|1781162205
|move|p1a: Slowking|Scald|p2a: Slowking
|-damage|p2a: Slowking|36/100
|move|p2a: Slowking|Flamethrower|p1a: Slowking
|-resisted|p1a: Slowking
|-damage|p1a: Slowking|88/100
|
|-end|p1a: Slowking|move: Future Sight
|-resisted|p1a: Slowking
|-damage|p1a: Slowking|75/100
|upkeep
|turn|64
|j| tuxmonroe
|
|t:|1781162211
|move|p1a: Slowking|Scald|p2a: Slowking
|-damage|p2a: Slowking|17/100
|-status|p2a: Slowking|brn
|-prepare|p2a: Slowking|Chilly Reception|[premajor]
|move|p2a: Slowking|Chilly Reception|p2a: Slowking
|-weather|Snowscape
|
|t:|1781162214
|switch|p2a: Raging Bolt|Raging Bolt|100/100|[from] Chilly Reception
|-damage|p2a: Raging Bolt|88/100|[from] Spikes
|
|-weather|Snowscape|[upkeep]
|upkeep
|turn|65
|
|t:|1781162217
|switch|p1a: Hippowdon|Hippowdon, F|76/100 psn
|-weather|Sandstorm|[from] ability: Sand Stream|[of] p1a: Hippowdon
|move|p2a: Raging Bolt|Volt Switch|p1a: Hippowdon
|-immune|p1a: Hippowdon
|
|-weather|Sandstorm|[upkeep]
|-damage|p2a: Raging Bolt|82/100|[from] Sandstorm
|-heal|p1a: Hippowdon|82/100 psn|[from] item: Leftovers
|-damage|p1a: Hippowdon|70/100 psn|[from] psn
|upkeep
|turn|66
|
|t:|1781162225
|move|p2a: Raging Bolt|Volt Switch|p1a: Hippowdon
|-immune|p1a: Hippowdon
|move|p1a: Hippowdon|Slack Off|p1a: Hippowdon
|-heal|p1a: Hippowdon|100/100 psn
|
|-weather|Sandstorm|[upkeep]
|-damage|p2a: Raging Bolt|76/100|[from] Sandstorm
|-damage|p1a: Hippowdon|88/100 psn|[from] psn
|upkeep
|turn|67
|
|t:|1781162228
|-end|p2a: Raging Bolt|Protosynthesis|[silent]
|switch|p2a: Corviknight|Corviknight, F|85/100
|-ability|p2a: Corviknight|Pressure
|switch|p1a: Zapdos|Zapdos|100/100
|
|-weather|Sandstorm|[upkeep]
|-damage|p1a: Zapdos|94/100|[from] Sandstorm
|upkeep
|turn|68
|
|t:|1781162236
|switch|p2a: Ting-Lu|Ting-Lu|100/100
|-damage|p2a: Ting-Lu|88/100|[from] Spikes
|-ability|p2a: Ting-Lu|Vessel of Ruin
|move|p1a: Zapdos|Heat Wave|p2a: Ting-Lu
|-damage|p2a: Ting-Lu|75/100
|
|-weather|Sandstorm|[upkeep]
|-damage|p1a: Zapdos|88/100|[from] Sandstorm
|-heal|p2a: Ting-Lu|81/100|[from] item: Leftovers
|upkeep
|turn|69
|
|t:|1781162245
|switch|p1a: Skarmory|Skarmory, M|100/100
|move|p2a: Ting-Lu|Spikes|p1a: Skarmory
|-sidestart|p1: KurisuChestnutLab|Spikes
|
|-weather|none
|-heal|p2a: Ting-Lu|87/100|[from] item: Leftovers
|upkeep
|turn|70
|
|t:|1781162249
|switch|p2a: Corviknight|Corviknight, F|85/100
|-ability|p2a: Corviknight|Pressure
|move|p1a: Skarmory|Spikes|p2a: Corviknight
|-sidestart|p2: LT_Alt1|Spikes
|
|upkeep
|turn|71
|
|t:|1781162257
|move|p2a: Corviknight|Defog|p1a: Skarmory
|-unboost|p1a: Skarmory|evasion|1
|-sideend|p1: KurisuChestnutLab|Spikes|[from] move: Defog|[of] p2a: Corviknight
|-sideend|p2: LT_Alt1|Spikes|[from] move: Defog|[of] p2a: Corviknight
|move|p1a: Skarmory|Spikes|p2a: Corviknight
|-sidestart|p2: LT_Alt1|Spikes
|
|upkeep
|turn|72
|
|t:|1781162261
|switch|p2a: Slowking|Slowking-Galar, M|50/100 brn
|-damage|p2a: Slowking|38/100 brn|[from] Spikes
|move|p1a: Skarmory|Spikes|p2a: Slowking
|-sidestart|p2: LT_Alt1|Spikes
|
|-damage|p2a: Slowking|32/100 brn|[from] brn
|upkeep
|turn|73
|
|t:|1781162265
|switch|p1a: Zapdos|Zapdos|88/100
|switch|p2a: Corviknight|Corviknight, F|85/100
|-ability|p2a: Corviknight|Pressure
|
|upkeep
|turn|74
|
|t:|1781162276
|move|p1a: Zapdos|Volt Switch|p2a: Corviknight
|-supereffective|p2a: Corviknight
|-damage|p2a: Corviknight|31/100
|
|t:|1781162283
|switch|p1a: Skarmory|Skarmory, M|100/100|[from] Volt Switch
|move|p2a: Corviknight|Defog|p1a: Skarmory
|-unboost|p1a: Skarmory|evasion|1
|-sideend|p2: LT_Alt1|Spikes|[from] move: Defog|[of] p2a: Corviknight
|
|upkeep
|turn|75
|
|t:|1781162293
|move|p2a: Corviknight|Roost|p2a: Corviknight
|-heal|p2a: Corviknight|81/100
|-singleturn|p2a: Corviknight|move: Roost
|move|p1a: Skarmory|Spikes|p2a: Corviknight
|-sidestart|p2: LT_Alt1|Spikes
|
|upkeep
|turn|76
|
|t:|1781162298
|move|p2a: Corviknight|Iron Defense|p2a: Corviknight
|-boost|p2a: Corviknight|def|2
|move|p1a: Skarmory|Spikes|p2a: Corviknight
|-sidestart|p2: LT_Alt1|Spikes
|
|upkeep
|turn|77
|
|t:|1781162305
|move|p2a: Corviknight|Iron Defense|p2a: Corviknight
|-boost|p2a: Corviknight|def|2
|move|p1a: Skarmory|Spikes|p2a: Corviknight
|-sidestart|p2: LT_Alt1|Spikes
|
|upkeep
|turn|78
|
|t:|1781162309
|move|p2a: Corviknight|Defog|p1a: Skarmory
|-unboost|p1a: Skarmory|evasion|1
|-sideend|p2: LT_Alt1|Spikes|[from] move: Defog|[of] p2a: Corviknight
|move|p1a: Skarmory|Spikes|p2a: Corviknight
|-sidestart|p2: LT_Alt1|Spikes
|
|upkeep
|turn|79
|
|t:|1781162314
|move|p2a: Corviknight|Iron Defense|p2a: Corviknight
|-boost|p2a: Corviknight|def|2
|move|p1a: Skarmory|Spikes|p2a: Corviknight
|-sidestart|p2: LT_Alt1|Spikes
|
|upkeep
|turn|80
|
|t:|1781162319
|move|p2a: Corviknight|Body Press|p1a: Skarmory
|-crit|p1a: Skarmory
|-damage|p1a: Skarmory|15/100
|move|p1a: Skarmory|Spikes|p2a: Corviknight
|-sidestart|p2: LT_Alt1|Spikes
|
|-heal|p1a: Skarmory|21/100|[from] item: Leftovers
|upkeep
|turn|81
|
|t:|1781162323
|switch|p1a: Zapdos|Zapdos|88/100
|move|p2a: Corviknight|Defog|p1a: Zapdos
|-unboost|p1a: Zapdos|evasion|1
|-sideend|p2: LT_Alt1|Spikes|[from] move: Defog|[of] p2a: Corviknight
|
|upkeep
|turn|82
|
|t:|1781162332
|switch|p2a: Raging Bolt|Raging Bolt|76/100
|move|p1a: Zapdos|Heat Wave|p2a: Raging Bolt
|-resisted|p2a: Raging Bolt
|-damage|p2a: Raging Bolt|68/100
|
|upkeep
|turn|83
|
|t:|1781162341
|move|p1a: Zapdos|Volt Switch|p2a: Raging Bolt
|-resisted|p2a: Raging Bolt
|-damage|p2a: Raging Bolt|64/100
|
|t:|1781162345
|switch|p1a: Skarmory|Skarmory, M|21/100|[from] Volt Switch
|move|p2a: Raging Bolt|Thunderbolt|p1a: Skarmory
|-supereffective|p1a: Skarmory
|-damage|p1a: Skarmory|0 fnt
|faint|p1a: Skarmory
|
|upkeep
|
|t:|1781162352
|switch|p1a: Dragonite|Dragonite, M, tera:Normal|88/100 psn
|turn|84
|l| tuxmonroe
|
|t:|1781162369
|-end|p2a: Raging Bolt|Protosynthesis|[silent]
|switch|p2a: Corviknight|Corviknight, F|81/100
|-ability|p2a: Corviknight|Pressure
|move|p1a: Dragonite|Earthquake|p2a: Corviknight
|-immune|p2a: Corviknight
|
|-damage|p1a: Dragonite|76/100 psn|[from] psn
|upkeep
|turn|85
|
|t:|1781162386
|switch|p1a: Slowking|Slowking, F|100/100
|move|p2a: Corviknight|Iron Defense|p2a: Corviknight
|-boost|p2a: Corviknight|def|2
|
|upkeep
|turn|86
|
|t:|1781162392
|switch|p2a: Slowking|Slowking-Galar, M|65/100 brn
|move|p1a: Slowking|Scald|p2a: Slowking
|-damage|p2a: Slowking|47/100 brn
|
|-damage|p2a: Slowking|41/100 brn|[from] brn
|upkeep
|turn|87
|
|t:|1781162397
|move|p1a: Slowking|Scald|p2a: Slowking
|-damage|p2a: Slowking|24/100 brn
|-prepare|p2a: Slowking|Chilly Reception|[premajor]
|move|p2a: Slowking|Chilly Reception|p2a: Slowking
|-weather|Snowscape
|
|t:|1781162400
|switch|p2a: Raging Bolt|Raging Bolt|64/100|[from] Chilly Reception
|
|-weather|Snowscape|[upkeep]
|upkeep
|turn|88
|
|t:|1781162405
|switch|p1a: Hippowdon|Hippowdon, F|88/100 psn
|-weather|Sandstorm|[from] ability: Sand Stream|[of] p1a: Hippowdon
|move|p2a: Raging Bolt|Volt Switch|p1a: Hippowdon
|-immune|p1a: Hippowdon
|
|-weather|Sandstorm|[upkeep]
|-damage|p2a: Raging Bolt|57/100|[from] Sandstorm
|-heal|p1a: Hippowdon|94/100 psn|[from] item: Leftovers
|-damage|p1a: Hippowdon|82/100 psn|[from] psn
|upkeep
|turn|89
|
|t:|1781162428
|-end|p2a: Raging Bolt|Protosynthesis|[silent]
|switch|p2a: Corviknight|Corviknight, F|81/100
|-ability|p2a: Corviknight|Pressure
|move|p1a: Hippowdon|Whirlwind|p2a: Corviknight
|drag|p2a: Kyurem|Kyurem|100/100
|-ability|p2a: Kyurem|Pressure
|
|-weather|Sandstorm|[upkeep]
|-damage|p2a: Kyurem|94/100|[from] Sandstorm
|-heal|p1a: Hippowdon|88/100 psn|[from] item: Leftovers
|-damage|p1a: Hippowdon|76/100 psn|[from] psn
|upkeep
|turn|90
|
|t:|1781162437
|switch|p1a: Slowking|Slowking, F|100/100
|-terastallize|p2a: Kyurem|Ice
|move|p2a: Kyurem|Freeze-Dry|p1a: Slowking
|-supereffective|p1a: Slowking
|-damage|p1a: Slowking|11/100
|
|-weather|Sandstorm|[upkeep]
|-damage|p2a: Kyurem|88/100|[from] Sandstorm
|-damage|p1a: Slowking|5/100|[from] Sandstorm
|upkeep
|turn|91
|
|t:|1781162445
|switch|p1a: Dragonite|Dragonite, M, tera:Normal|76/100 psn
|move|p2a: Kyurem|Freeze-Dry|p1a: Dragonite
|-damage|p1a: Dragonite|0 fnt
|faint|p1a: Dragonite
|
|-weather|Sandstorm|[upkeep]
|-damage|p2a: Kyurem|82/100|[from] Sandstorm
|upkeep
|
|t:|1781162449
|switch|p1a: Slowking|Slowking, F|38/100
|turn|92
|
|t:|1781162453
|switch|p1a: Hippowdon|Hippowdon, F|76/100 psn
|move|p2a: Kyurem|Freeze-Dry|p1a: Hippowdon
|-supereffective|p1a: Hippowdon
|-damage|p1a: Hippowdon|0 fnt
|faint|p1a: Hippowdon
|
|-weather|none
|upkeep
|
|t:|1781162457
|switch|p1a: Slowking|Slowking, F|72/100
|turn|93
|
|t:|1781162461
|switch|p1a: Zapdos|Zapdos|88/100
|move|p2a: Kyurem|Freeze-Dry|p1a: Zapdos
|-supereffective|p1a: Zapdos
|-damage|p1a: Zapdos|0 fnt
|faint|p1a: Zapdos
|
|upkeep
|
|t:|1781162468
|switch|p1a: Slowking|Slowking, F|100/100
|turn|94
|
|t:|1781162472
|switch|p2a: Raging Bolt|Raging Bolt|57/100
|move|p1a: Slowking|Scald|p2a: Raging Bolt
|-resisted|p2a: Raging Bolt
|-damage|p2a: Raging Bolt|50/100
|
|upkeep
|turn|95
|
|t:|1781162476
|move|p2a: Raging Bolt|Thunderbolt|p1a: Slowking
|-supereffective|p1a: Slowking
|-damage|p1a: Slowking|44/100
|move|p1a: Slowking|Slack Off|p1a: Slowking
|-heal|p1a: Slowking|94/100
|
|upkeep
|turn|96
|
|t:|1781162483
|move|p2a: Raging Bolt|Thunderbolt|p1a: Slowking
|-supereffective|p1a: Slowking
|-damage|p1a: Slowking|38/100
|move|p1a: Slowking|Slack Off|p1a: Slowking
|-heal|p1a: Slowking|88/100
|
|upkeep
|turn|97
|
|t:|1781162489
|move|p2a: Raging Bolt|Thunderbolt|p1a: Slowking
|-supereffective|p1a: Slowking
|-damage|p1a: Slowking|23/100
|move|p1a: Slowking|Slack Off|p1a: Slowking
|-heal|p1a: Slowking|73/100
|
|upkeep
|turn|98
|
|t:|1781162495
|move|p2a: Raging Bolt|Thunderbolt|p1a: Slowking
|-supereffective|p1a: Slowking
|-damage|p1a: Slowking|7/100
|move|p1a: Slowking|Scald|p2a: Raging Bolt
|-resisted|p2a: Raging Bolt
|-damage|p2a: Raging Bolt|42/100
|
|upkeep
|turn|99
|
|t:|1781162503
|move|p2a: Raging Bolt|Thunderbolt|p1a: Slowking
|-supereffective|p1a: Slowking
|-damage|p1a: Slowking|0 fnt
|faint|p1a: Slowking
|
|win|LT_Alt1
|raw|KurisuChestnutLab's rating: 1558 &rarr; <strong>1548</strong><br />(-10 for losing)
|raw|LT_Alt1's rating: 1753 &rarr; <strong>1763</strong><br />(+10 for winning)
