|j|☆pav0
|j|☆Morthill
|t:|1781458444
|gametype|singles
|player|p1|pav0|gentleman-gen4dp|1499
|player|p2|Morthill|lucas|1521
|gen|9
|tier|[Gen 9] OU
|rated|
|rule|HP Percentage Mod: HP is shown in percentages
|rule|Endless Battle Clause: Forcing endless battles is banned
|rule|Species Clause: Limit one of each Pokémon
|rule|OHKO Clause: OHKO moves are banned
|rule|Evasion Items Clause: Evasion items are banned
|rule|Evasion Moves Clause: Evasion moves are banned
|rule|Evasion Abilities Clause: Evasion abilities are banned
|rule|Sleep Moves Clause: Sleep-inducing moves are banned
|clearpoke
|poke|p1|Kyurem|
|poke|p1|Rillaboom, F|
|poke|p1|Garganacl, F|
|poke|p1|Pecharunt|
|poke|p1|Iron Treads|
|poke|p1|Zamazenta-*|
|poke|p2|Heatran, M|
|poke|p2|Cetitan, M|
|poke|p2|Ninetales-Alola, M|
|poke|p2|Frosmoth, M|
|poke|p2|Kyurem|
|poke|p2|Avalugg, M|
|teampreview
|inactive|Battle timer is ON: inactive players will automatically lose when time's up. (requested by Morthill)
|
|t:|1781458468
|teamsize|p1|6
|teamsize|p2|6
|start
|switch|p1a: Garganacl|Garganacl, F|100/100
|switch|p2a: Avalugg|Avalugg, M|100/100
|turn|1
|
|t:|1781458474
|move|p1a: Garganacl|Stealth Rock|p2a: Avalugg
|-sidestart|p2: Morthill|move: Stealth Rock
|move|p2a: Avalugg|Body Press|p1a: Garganacl
|-supereffective|p1a: Garganacl
|-damage|p1a: Garganacl|48/100
|
|-heal|p1a: Garganacl|54/100|[from] item: Leftovers
|upkeep
|turn|2
|
|t:|1781458479
|switch|p1a: Pecharunt|Pecharunt|100/100
|move|p2a: Avalugg|Rapid Spin|p1a: Pecharunt
|-immune|p1a: Pecharunt
|
|upkeep
|turn|3
|
|t:|1781458484
|switch|p2a: Heatran|Heatran, M|100/100
|-damage|p2a: Heatran|88/100|[from] Stealth Rock
|move|p1a: Pecharunt|Malignant Chain|p2a: Heatran
|-immune|p2a: Heatran
|
|upkeep
|turn|4
|inactive|pav0 has 120 seconds left.
|
|t:|1781458517
|move|p1a: Pecharunt|Shadow Ball|p2a: Heatran
|-damage|p2a: Heatran|62/100
|move|p2a: Heatran|Magma Storm|p1a: Pecharunt
|-damage|p1a: Pecharunt|46/100
|-activate|p1a: Pecharunt|move: Magma Storm|[of] p2a: Heatran
|
|-damage|p1a: Pecharunt|33/100|[from] move: Magma Storm|[partiallytrapped]
|upkeep
|turn|5
|
|t:|1781458524
|move|p1a: Pecharunt|Parting Shot|p2a: Heatran
|-unboost|p2a: Heatran|atk|1
|-unboost|p2a: Heatran|spa|1
|
|t:|1781458531
|switch|p1a: Iron Treads|Iron Treads|100/100|[from] Parting Shot
|move|p2a: Heatran|Earth Power|p1a: Iron Treads
|-supereffective|p1a: Iron Treads
|-damage|p1a: Iron Treads|57/100
|-unboost|p1a: Iron Treads|spd|1
|
|upkeep
|turn|6
|inactive|pav0 has 120 seconds left.
|
|t:|1781458551
|switch|p2a: Frosmoth|Frosmoth, M, shiny|100/100
|move|p1a: Iron Treads|High Horsepower|p2a: Frosmoth
|-resisted|p2a: Frosmoth
|-damage|p2a: Frosmoth|56/100
|
|upkeep
|turn|7
|inactive|pav0 has 120 seconds left.
|inactive|pav0 has 90 seconds left.
|inactive|pav0 has 60 seconds left.
|
|t:|1781458631
|move|p1a: Iron Treads|Rapid Spin|p2a: Frosmoth
|-damage|p2a: Frosmoth|21/100
|-boost|p1a: Iron Treads|spe|1
|move|p2a: Frosmoth|Defog|p1a: Iron Treads
|-unboost|p1a: Iron Treads|evasion|1
|-sideend|p2: Morthill|Stealth Rock|[from] move: Defog|[of] p2a: Frosmoth
|
|upkeep
|turn|8
|inactive|pav0 has 60 seconds left.
|
|t:|1781458639
|move|p1a: Iron Treads|Knock Off|p2a: Frosmoth
|-damage|p2a: Frosmoth|0 fnt
|-enditem|p2a: Frosmoth|Heavy-Duty Boots|[from] move: Knock Off|[of] p1a: Iron Treads
|faint|p2a: Frosmoth
|
|upkeep
|
|t:|1781458643
|switch|p2a: Ninetales|Ninetales-Alola, M, shiny|100/100
|-weather|Snowscape|[from] ability: Snow Warning|[of] p2a: Ninetales
|turn|9
|inactive|pav0 has 60 seconds left.
|
|t:|1781458665
|-end|p1a: Iron Treads|Quark Drive|[silent]
|switch|p1a: Garganacl|Garganacl, F|54/100
|move|p2a: Ninetales|Aurora Veil|p2a: Ninetales
|-sidestart|p2: Morthill|move: Aurora Veil
|
|-weather|Snowscape|[upkeep]
|-heal|p1a: Garganacl|60/100|[from] item: Leftovers
|upkeep
|turn|10
|
|t:|1781458671
|switch|p2a: Cetitan|Cetitan, M, shiny|100/100
|move|p1a: Garganacl|Salt Cure|p2a: Cetitan
|-supereffective|p2a: Cetitan
|-damage|p2a: Cetitan|92/100
|-start|p2a: Cetitan|Salt Cure
|
|-weather|Snowscape|[upkeep]
|-heal|p1a: Garganacl|66/100|[from] item: Leftovers
|-damage|p2a: Cetitan|79/100|[from] Salt Cure
|upkeep
|turn|11
|inactive|pav0 has 60 seconds left.
|
|t:|1781458701
|switch|p1a: Zamazenta|Zamazenta|100/100
|-ability|p1a: Zamazenta|Dauntless Shield|boost
|-boost|p1a: Zamazenta|def|1
|move|p2a: Cetitan|Belly Drum|p2a: Cetitan
|-damage|p2a: Cetitan|29/100
|-setboost|p2a: Cetitan|atk|6|[from] move: Belly Drum
|-enditem|p2a: Cetitan|Sitrus Berry|[eat]
|-heal|p2a: Cetitan|54/100|[from] item: Sitrus Berry
|
|-weather|Snowscape|[upkeep]
|-damage|p2a: Cetitan|42/100|[from] Salt Cure
|upkeep
|turn|12
|
|t:|1781458716
|move|p1a: Zamazenta|Body Press|p2a: Cetitan
|-supereffective|p2a: Cetitan
|-damage|p2a: Cetitan|8/100
|move|p2a: Cetitan|Superpower|p1a: Zamazenta
|-damage|p1a: Zamazenta|16/100
|-unboost|p2a: Cetitan|atk|1
|-unboost|p2a: Cetitan|def|1
|
|-weather|Snowscape|[upkeep]
|-heal|p1a: Zamazenta|22/100|[from] item: Leftovers
|-damage|p2a: Cetitan|0 fnt|[from] Salt Cure
|faint|p2a: Cetitan
|upkeep
|inactive|Morthill has 120 seconds left.
|
|t:|1781458762
|switch|p2a: Kyurem|Kyurem|100/100
|-ability|p2a: Kyurem|Pressure
|turn|13
|inactive|pav0 has 60 seconds left.
|
|t:|1781458785
|move|p2a: Kyurem|Freeze-Dry|p1a: Zamazenta
|-damage|p1a: Zamazenta|0 fnt
|faint|p1a: Zamazenta
|
|-weather|none
|upkeep
|inactive|pav0 has 30 seconds left.
|
|t:|1781458810
|switch|p1a: Garganacl|Garganacl, F|66/100
|turn|14
|inactive|pav0 has 30 seconds left.
|inactive|Morthill has 120 seconds left.
|
|t:|1781458818
|move|p2a: Kyurem|Freeze-Dry|p1a: Garganacl
|-damage|p1a: Garganacl|41/100
|move|p1a: Garganacl|Recover|p1a: Garganacl
|-heal|p1a: Garganacl|91/100
|
|-heal|p1a: Garganacl|97/100|[from] item: Leftovers
|upkeep
|turn|15
|inactive|Morthill has 120 seconds left.
|
|t:|1781458831
|switch|p2a: Heatran|Heatran, M|62/100
|move|p1a: Garganacl|Salt Cure|p2a: Heatran
|-damage|p2a: Heatran|55/100
|-start|p2a: Heatran|Salt Cure
|
|-heal|p1a: Garganacl|100/100|[from] item: Leftovers
|-damage|p2a: Heatran|31/100|[from] Salt Cure
|upkeep
|turn|16
|
|t:|1781458839
|move|p1a: Garganacl|Protect|p1a: Garganacl
|-singleturn|p1a: Garganacl|Protect
|move|p2a: Heatran|Earth Power|p1a: Garganacl
|-activate|p1a: Garganacl|move: Protect
|
|-damage|p2a: Heatran|6/100|[from] Salt Cure
|-sideend|p2: Morthill|move: Aurora Veil
|upkeep
|turn|17
|
|t:|1781458853
|move|p2a: Heatran|Earth Power|p1a: Garganacl
|-supereffective|p1a: Garganacl
|-damage|p1a: Garganacl|56/100
|move|p1a: Garganacl|Stealth Rock|p2a: Heatran
|-sidestart|p2: Morthill|move: Stealth Rock
|
|-heal|p1a: Garganacl|62/100|[from] item: Leftovers
|-damage|p2a: Heatran|0 fnt|[from] Salt Cure
|faint|p2a: Heatran
|upkeep
|
|t:|1781458857
|switch|p2a: Kyurem|Kyurem|100/100
|-damage|p2a: Kyurem|76/100|[from] Stealth Rock
|-ability|p2a: Kyurem|Pressure
|turn|18
|
|t:|1781458863
|move|p1a: Garganacl|Protect|p1a: Garganacl
|-singleturn|p1a: Garganacl|Protect
|move|p2a: Kyurem|Earth Power|p1a: Garganacl
|-activate|p1a: Garganacl|move: Protect
|
|-heal|p1a: Garganacl|68/100|[from] item: Leftovers
|upkeep
|turn|19
|inactive|pav0 has 60 seconds left.
|
|t:|1781458874
|move|p2a: Kyurem|Earth Power|p1a: Garganacl
|-supereffective|p1a: Garganacl
|-damage|p1a: Garganacl|20/100
|move|p1a: Garganacl|Salt Cure|p2a: Kyurem
|-supereffective|p2a: Kyurem
|-damage|p2a: Kyurem|44/100
|-start|p2a: Kyurem|Salt Cure
|
|-heal|p1a: Garganacl|26/100|[from] item: Leftovers
|-damage|p2a: Kyurem|32/100|[from] Salt Cure
|upkeep
|turn|20
|inactive|pav0 has 60 seconds left.
|
|t:|1781458879
|move|p1a: Garganacl|Protect|p1a: Garganacl
|-singleturn|p1a: Garganacl|Protect
|move|p2a: Kyurem|Earth Power|p1a: Garganacl
|-activate|p1a: Garganacl|move: Protect
|
|-heal|p1a: Garganacl|33/100|[from] item: Leftovers
|-damage|p2a: Kyurem|20/100|[from] Salt Cure
|upkeep
|turn|21
|inactive|pav0 has 60 seconds left.
|
|t:|1781458893
|switch|p1a: Kyurem|Kyurem|100/100
|-ability|p1a: Kyurem|Pressure
|move|p2a: Kyurem|Earth Power|p1a: Kyurem
|-damage|p1a: Kyurem|67/100
|
|-heal|p1a: Kyurem|73/100|[from] item: Leftovers
|-damage|p2a: Kyurem|8/100|[from] Salt Cure
|upkeep
|turn|22
|
|t:|1781458901
|switch|p2a: Ninetales|Ninetales-Alola, M, shiny|100/100
|-damage|p2a: Ninetales|76/100|[from] Stealth Rock
|-weather|Snowscape|[from] ability: Snow Warning|[of] p2a: Ninetales
|move|p1a: Kyurem|Protect||[still]
|-fail|p1a: Kyurem
|
|-weather|Snowscape|[upkeep]
|-heal|p1a: Kyurem|79/100|[from] item: Leftovers
|upkeep
|turn|23
|inactive|pav0 has 60 seconds left.
|
|t:|1781458923
|move|p2a: Ninetales|Aurora Veil|p2a: Ninetales
|-sidestart|p2: Morthill|move: Aurora Veil
|move|p1a: Kyurem|Earth Power|p2a: Ninetales
|-damage|p2a: Ninetales|61/100
|
|-weather|Snowscape|[upkeep]
|-heal|p1a: Kyurem|85/100|[from] item: Leftovers
|upkeep
|turn|24
|
|t:|1781458927
|move|p2a: Ninetales|Blizzard|p1a: Kyurem
|-damage|p1a: Kyurem|56/100
|move|p1a: Kyurem|Earth Power|p2a: Ninetales
|-damage|p2a: Ninetales|45/100
|
|-weather|Snowscape|[upkeep]
|-heal|p1a: Kyurem|62/100|[from] item: Leftovers
|upkeep
|turn|25
|
|t:|1781458933
|move|p1a: Kyurem|Protect|p1a: Kyurem
|-singleturn|p1a: Kyurem|Protect
|move|p2a: Ninetales|Blizzard|p1a: Kyurem
|-activate|p1a: Kyurem|move: Protect
|
|-weather|Snowscape|[upkeep]
|-heal|p1a: Kyurem|68/100|[from] item: Leftovers
|upkeep
|turn|26
|
|t:|1781458943
|move|p2a: Ninetales|Blizzard|p1a: Kyurem
|-damage|p1a: Kyurem|36/100
|move|p1a: Kyurem|Earth Power|p2a: Ninetales
|-damage|p2a: Ninetales|29/100
|-unboost|p2a: Ninetales|spd|1
|
|-weather|none
|-heal|p1a: Kyurem|42/100|[from] item: Leftovers
|upkeep
|turn|27
|
|t:|1781458947
|move|p1a: Kyurem|Protect|p1a: Kyurem
|-singleturn|p1a: Kyurem|Protect
|move|p2a: Ninetales|Roar|p1a: Kyurem
|drag|p1a: Pecharunt|Pecharunt|33/100
|
|upkeep
|turn|28
|
|t:|1781458958
|move|p2a: Ninetales|Blizzard|p1a: Pecharunt
|-damage|p1a: Pecharunt|0 fnt
|faint|p1a: Pecharunt
|
|upkeep
|inactive|pav0 has 60 seconds left.
|
|t:|1781458992
|switch|p1a: Garganacl|Garganacl, F|33/100
|turn|29
|inactive|pav0 has 60 seconds left.
|
|t:|1781458997
|move|p2a: Ninetales|Snowscape|p2a: Ninetales
|-weather|Snowscape
|move|p1a: Garganacl|Recover|p1a: Garganacl
|-heal|p1a: Garganacl|83/100
|
|-weather|Snowscape|[upkeep]
|-heal|p1a: Garganacl|89/100|[from] item: Leftovers
|upkeep
|turn|30
|
|t:|1781459002
|move|p1a: Garganacl|Protect|p1a: Garganacl
|-singleturn|p1a: Garganacl|Protect
|move|p2a: Ninetales|Blizzard|p1a: Garganacl
|-activate|p1a: Garganacl|move: Protect
|
|-weather|Snowscape|[upkeep]
|-heal|p1a: Garganacl|95/100|[from] item: Leftovers
|-sideend|p2: Morthill|move: Aurora Veil
|upkeep
|turn|31
|
|t:|1781459008
|move|p2a: Ninetales|Aurora Veil|p2a: Ninetales
|-sidestart|p2: Morthill|move: Aurora Veil
|move|p1a: Garganacl|Salt Cure|p2a: Ninetales
|-supereffective|p2a: Ninetales
|-damage|p2a: Ninetales|18/100
|-start|p2a: Ninetales|Salt Cure
|
|-weather|Snowscape|[upkeep]
|-heal|p1a: Garganacl|100/100|[from] item: Leftovers
|-damage|p2a: Ninetales|5/100|[from] Salt Cure
|upkeep
|turn|32
|
|t:|1781459013
|switch|p2a: Avalugg|Avalugg, M|100/100
|-damage|p2a: Avalugg|76/100|[from] Stealth Rock
|move|p1a: Garganacl|Protect||[still]
|-fail|p1a: Garganacl
|
|-weather|Snowscape|[upkeep]
|upkeep
|turn|33
|
|t:|1781459016
|move|p1a: Garganacl|Salt Cure|p2a: Avalugg
|-supereffective|p2a: Avalugg
|-damage|p2a: Avalugg|72/100
|-start|p2a: Avalugg|Salt Cure
|move|p2a: Avalugg|Rapid Spin|p1a: Garganacl
|-resisted|p1a: Garganacl
|-crit|p1a: Garganacl
|-damage|p1a: Garganacl|94/100
|-boost|p2a: Avalugg|spe|1
|-sideend|p2: Morthill|Stealth Rock|[from] move: Rapid Spin|[of] p2a: Avalugg
|
|-weather|none
|-heal|p1a: Garganacl|100/100|[from] item: Leftovers
|-damage|p2a: Avalugg|59/100|[from] Salt Cure
|upkeep
|turn|34
|
|t:|1781459021
|move|p2a: Avalugg|Iron Defense|p2a: Avalugg
|-boost|p2a: Avalugg|def|2
|move|p1a: Garganacl|Stealth Rock|p2a: Avalugg
|-sidestart|p2: Morthill|move: Stealth Rock
|
|-damage|p2a: Avalugg|47/100|[from] Salt Cure
|upkeep
|turn|35
|
|t:|1781459027
|move|p1a: Garganacl|Protect|p1a: Garganacl
|-singleturn|p1a: Garganacl|Protect
|move|p2a: Avalugg|Body Press|p1a: Garganacl
|-activate|p1a: Garganacl|move: Protect
|
|-damage|p2a: Avalugg|34/100|[from] Salt Cure
|upkeep
|turn|36
|
|t:|1781459034
|switch|p1a: Rillaboom|Rillaboom, F|100/100
|-fieldstart|move: Grassy Terrain|[from] ability: Grassy Surge|[of] p1a: Rillaboom
|move|p2a: Avalugg|Recover|p2a: Avalugg
|-heal|p2a: Avalugg|84/100
|
|-heal|p2a: Avalugg|90/100|[from] Grassy Terrain
|-damage|p2a: Avalugg|78/100|[from] Salt Cure
|upkeep
|turn|37
|inactive|pav0 has 90 seconds left.
|
|t:|1781459087
|move|p1a: Rillaboom|Knock Off|p2a: Avalugg
|-damage|p2a: Avalugg|73/100
|-damage|p1a: Rillaboom|84/100|[from] item: Rocky Helmet|[of] p2a: Avalugg
|-enditem|p2a: Avalugg|Rocky Helmet|[from] move: Knock Off|[of] p1a: Rillaboom
|move|p2a: Avalugg|Rapid Spin|p1a: Rillaboom
|-damage|p1a: Rillaboom|71/100
|-boost|p2a: Avalugg|spe|1
|-sideend|p2: Morthill|Stealth Rock|[from] move: Rapid Spin|[of] p2a: Avalugg
|
|-heal|p1a: Rillaboom|77/100|[from] Grassy Terrain
|-heal|p2a: Avalugg|79/100|[from] Grassy Terrain
|-damage|p2a: Avalugg|66/100|[from] Salt Cure
|upkeep
|turn|38
|
|t:|1781459096
|switch|p1a: Iron Treads|Iron Treads|57/100
|move|p2a: Avalugg|Body Press|p1a: Iron Treads
|-supereffective|p1a: Iron Treads
|-damage|p1a: Iron Treads|0 fnt
|faint|p1a: Iron Treads
|-end|p1a: Iron Treads|Quark Drive|[silent]
|
|-heal|p2a: Avalugg|72/100|[from] Grassy Terrain
|-damage|p2a: Avalugg|60/100|[from] Salt Cure
|-sideend|p2: Morthill|move: Aurora Veil
|upkeep
|
|t:|1781459101
|switch|p1a: Kyurem|Kyurem|42/100
|-ability|p1a: Kyurem|Pressure
|turn|39
|
|t:|1781459109
|switch|p2a: Ninetales|Ninetales-Alola, M, shiny|5/100
|-weather|Snowscape|[from] ability: Snow Warning|[of] p2a: Ninetales
|move|p1a: Kyurem|Protect||[still]
|-fail|p1a: Kyurem
|
|-weather|Snowscape|[upkeep]
|-heal|p1a: Kyurem|48/100|[from] Grassy Terrain
|-heal|p2a: Ninetales|11/100|[from] Grassy Terrain
|-heal|p1a: Kyurem|54/100|[from] item: Leftovers
|upkeep
|turn|40
|inactive|pav0 has 60 seconds left.
|
|t:|1781459136
|switch|p1a: Garganacl|Garganacl, F|100/100
|move|p2a: Ninetales|Aurora Veil|p2a: Ninetales
|-sidestart|p2: Morthill|move: Aurora Veil
|
|-weather|Snowscape|[upkeep]
|-heal|p2a: Ninetales|17/100|[from] Grassy Terrain
|-fieldend|move: Grassy Terrain
|upkeep
|turn|41
|
|t:|1781459142
|switch|p2a: Avalugg|Avalugg, M|60/100
|move|p1a: Garganacl|Stealth Rock|p2a: Avalugg
|-sidestart|p2: Morthill|move: Stealth Rock
|
|-weather|Snowscape|[upkeep]
|upkeep
|turn|42
|
|t:|1781459145
|move|p1a: Garganacl|Salt Cure|p2a: Avalugg
|-supereffective|p2a: Avalugg
|-damage|p2a: Avalugg|56/100
|-start|p2a: Avalugg|Salt Cure
|move|p2a: Avalugg|Rapid Spin|p1a: Garganacl
|-resisted|p1a: Garganacl
|-damage|p1a: Garganacl|96/100
|-boost|p2a: Avalugg|spe|1
|-sideend|p2: Morthill|Stealth Rock|[from] move: Rapid Spin|[of] p2a: Avalugg
|
|-weather|Snowscape|[upkeep]
|-heal|p1a: Garganacl|100/100|[from] item: Leftovers
|-damage|p2a: Avalugg|44/100|[from] Salt Cure
|upkeep
|turn|43
|
|t:|1781459174
|switch|p1a: Kyurem|Kyurem|54/100
|-ability|p1a: Kyurem|Pressure
|move|p2a: Avalugg|Recover|p2a: Avalugg
|-heal|p2a: Avalugg|94/100
|
|-weather|none
|-heal|p1a: Kyurem|60/100|[from] item: Leftovers
|-damage|p2a: Avalugg|81/100|[from] Salt Cure
|upkeep
|turn|44
|inactive|pav0 has 60 seconds left.
|
|t:|1781459194
|-terastallize|p2a: Avalugg|Fighting
|move|p1a: Kyurem|Protect|p1a: Kyurem
|-singleturn|p1a: Kyurem|Protect
|move|p2a: Avalugg|Body Press|p1a: Kyurem
|-activate|p1a: Kyurem|move: Protect
|
|-heal|p1a: Kyurem|67/100|[from] item: Leftovers
|-damage|p2a: Avalugg|69/100|[from] Salt Cure
|upkeep
|turn|45
|inactive|pav0 has 60 seconds left.
|
|t:|1781459206
|-terastallize|p1a: Kyurem|Ground
|move|p1a: Kyurem|Earth Power|p2a: Avalugg
|-damage|p2a: Avalugg|35/100
|move|p2a: Avalugg|Body Press|p1a: Kyurem
|-damage|p1a: Kyurem|14/100
|
|-heal|p1a: Kyurem|20/100|[from] item: Leftovers
|-damage|p2a: Avalugg|22/100|[from] Salt Cure
|upkeep
|turn|46
|inactive|pav0 has 60 seconds left.
|
|t:|1781459220
|switch|p2a: Ninetales|Ninetales-Alola, M, shiny|17/100
|-weather|Snowscape|[from] ability: Snow Warning|[of] p2a: Ninetales
|move|p1a: Kyurem|Earth Power|p2a: Ninetales
|-damage|p2a: Ninetales|0 fnt
|faint|p2a: Ninetales
|
|-weather|Snowscape|[upkeep]
|-heal|p1a: Kyurem|26/100|[from] item: Leftovers
|upkeep
|
|t:|1781459222
|switch|p2a: Kyurem|Kyurem|8/100
|-ability|p2a: Kyurem|Pressure
|turn|47
|inactive|pav0 has 60 seconds left.
|
|t:|1781459238
|switch|p1a: Garganacl|Garganacl, F|100/100
|move|p2a: Kyurem|Earth Power|p1a: Garganacl
|-supereffective|p1a: Garganacl
|-damage|p1a: Garganacl|54/100
|
|-weather|Snowscape|[upkeep]
|-heal|p1a: Garganacl|60/100|[from] item: Leftovers
|-sideend|p2: Morthill|move: Aurora Veil
|upkeep
|turn|48
|
|t:|1781459242
|move|p2a: Kyurem|Earth Power|p1a: Garganacl
|-supereffective|p1a: Garganacl
|-damage|p1a: Garganacl|9/100
|move|p1a: Garganacl|Salt Cure|p2a: Kyurem
|-supereffective|p2a: Kyurem
|-damage|p2a: Kyurem|0 fnt
|faint|p2a: Kyurem
|
|-weather|Snowscape|[upkeep]
|-heal|p1a: Garganacl|15/100|[from] item: Leftovers
|upkeep
|
|t:|1781459245
|switch|p2a: Avalugg|Avalugg, M, tera:Fighting|22/100
|turn|49
|
|t:|1781459248
|move|p1a: Garganacl|Salt Cure|p2a: Avalugg
|-resisted|p2a: Avalugg
|-damage|p2a: Avalugg|19/100
|-start|p2a: Avalugg|Salt Cure
|move|p2a: Avalugg|Recover|p2a: Avalugg
|-heal|p2a: Avalugg|69/100
|
|-weather|Snowscape|[upkeep]
|-heal|p1a: Garganacl|21/100|[from] item: Leftovers
|-damage|p2a: Avalugg|57/100|[from] Salt Cure
|upkeep
|turn|50
|inactive|pav0 has 90 seconds left.
|
|t:|1781459277
|move|p1a: Garganacl|Salt Cure|p2a: Avalugg
|-resisted|p2a: Avalugg
|-damage|p2a: Avalugg|54/100
|move|p2a: Avalugg|Recover|p2a: Avalugg
|-heal|p2a: Avalugg|100/100
|
|-weather|none
|-heal|p1a: Garganacl|27/100|[from] item: Leftovers
|-damage|p2a: Avalugg|88/100|[from] Salt Cure
|upkeep
|turn|51
|
|t:|1781459283
|move|p1a: Garganacl|Salt Cure|p2a: Avalugg
|-resisted|p2a: Avalugg
|-damage|p2a: Avalugg|85/100
|move|p2a: Avalugg|Body Press|p1a: Garganacl
|-supereffective|p1a: Garganacl
|-damage|p1a: Garganacl|0 fnt
|faint|p1a: Garganacl
|
|-damage|p2a: Avalugg|73/100|[from] Salt Cure
|upkeep
|
|t:|1781459286
|switch|p1a: Kyurem|Kyurem, tera:Ground|26/100
|-ability|p1a: Kyurem|Pressure
|turn|52
|
|t:|1781459290
|move|p1a: Kyurem|Earth Power|p2a: Avalugg
|-damage|p2a: Avalugg|4/100
|move|p2a: Avalugg|Body Press|p1a: Kyurem
|-damage|p1a: Kyurem|0 fnt
|faint|p1a: Kyurem
|
|-damage|p2a: Avalugg|0 fnt|[from] Salt Cure
|faint|p2a: Avalugg
|
|win|pav0
|raw|pav0's rating: 1499 &rarr; <strong>1520</strong><br />(+21 for winning)
|raw|Morthill's rating: 1521 &rarr; <strong>1500</strong><br />(-21 for losing)
|l|☆Morthill
|player|p2|
|l|☆pav0
|player|p1|
