|j|☆judgie
|j|☆1200s chud
|t:|1780951859
|gametype|singles
|player|p1|judgie|boarder-gen2|1647
|player|p2|1200s chud|preschooler|1685
|gen|9
|tier|[Gen 9] OU
|rated|
|rule|HP Percentage Mod: HP is shown in percentages
|rule|Endless Battle Clause: Forcing endless battles is banned
|rule|Species Clause: Limit one of each Pokémon
|rule|OHKO Clause: OHKO moves are banned
|rule|Evasion Items Clause: Evasion items are banned
|rule|Evasion Moves Clause: Evasion moves are banned
|rule|Evasion Abilities Clause: Evasion abilities are banned
|rule|Sleep Moves Clause: Sleep-inducing moves are banned
|clearpoke
|poke|p1|Glimmora, M|
|poke|p1|Zamazenta-*|
|poke|p1|Latias, F|
|poke|p1|Gholdengo|
|poke|p1|Dragonite, F|
|poke|p1|Weavile, F|
|poke|p2|Iron Thorns|
|poke|p2|Ribombee, F|
|poke|p2|Gholdengo|
|poke|p2|Quaquaval, F|
|poke|p2|Ceruledge, M|
|poke|p2|Ursaluna, F|
|teampreview
|inactive|Battle timer is ON: inactive players will automatically lose when time's up. (requested by 1200s chud)
|j| blue crappie
|l|☆1200s chud
|inactive|1200s chud disconnected and has a minute to reconnect!
|player|p2|
|l| blue crappie
|j|☆1200s chud
|inactive|1200s chud reconnected and has 125 seconds left.
|player|p2|1200s chud|preschooler|
|inactive|1200s chud has 120 seconds left.
|
|t:|1780951899
|teamsize|p1|6
|teamsize|p2|6
|start
|switch|p1a: Glimmora|Glimmora, M|100/100
|switch|p2a: AintCaughtThePlot|Gholdengo|100/100
|turn|1
|
|t:|1780951913
|switch|p1a: Gholdengo|Gholdengo|100/100
|move|p2a: AintCaughtThePlot|Shadow Ball|p1a: Gholdengo
|-supereffective|p1a: Gholdengo
|-damage|p1a: Gholdengo|3/100
|
|upkeep
|turn|2
|-enditem|p1a: Gholdengo|Custap Berry|[eat]
|-activate|p1a: Gholdengo|item: Custap Berry|[consumed]
|
|t:|1780951919
|switch|p2a: SmokingOnYaCore|Ursaluna, F|100/100
|move|p1a: Gholdengo|Shadow Ball|p2a: SmokingOnYaCore
|-immune|p2a: SmokingOnYaCore
|
|-status|p2a: SmokingOnYaCore|brn|[from] item: Flame Orb
|upkeep
|turn|3
|
|t:|1780951937
|switch|p2a: HighOffDaPack|Ceruledge, M|100/100
|-item|p2a: HighOffDaPack|Air Balloon
|move|p1a: Gholdengo|Dazzling Gleam|p2a: HighOffDaPack
|-resisted|p2a: HighOffDaPack
|-damage|p2a: HighOffDaPack|85/100
|-enditem|p2a: HighOffDaPack|Air Balloon
|
|upkeep
|turn|4
|
|t:|1780951947
|move|p2a: HighOffDaPack|Bitter Blade|p1a: Gholdengo
|-supereffective|p1a: Gholdengo
|-damage|p1a: Gholdengo|0 fnt
|-heal|p2a: HighOffDaPack|87/100|[from] drain|[of] p1a: Gholdengo
|faint|p1a: Gholdengo
|
|upkeep
|
|t:|1780951955
|switch|p1a: Weavile|Weavile, F|100/100
|turn|5
|
|t:|1780951960
|switch|p2a: SupremeClientele|Ribombee, F|100/100
|move|p1a: Weavile|Knock Off|p2a: SupremeClientele
|-resisted|p2a: SupremeClientele
|-damage|p2a: SupremeClientele|43/100
|-enditem|p2a: SupremeClientele|Focus Sash|[from] move: Knock Off|[of] p1a: Weavile
|-damage|p1a: Weavile|91/100|[from] item: Life Orb
|
|upkeep
|turn|6
|inactive|judgie has 120 seconds left.
|
|t:|1780952007
|move|p1a: Weavile|Triple Axel|p2a: SupremeClientele
|-damage|p2a: SupremeClientele|17/100
|-damage|p2a: SupremeClientele|0 fnt
|faint|p2a: SupremeClientele
|-hitcount|p2: SupremeClientele|2
|-damage|p1a: Weavile|81/100|[from] item: Life Orb
|
|upkeep
|
|t:|1780952011
|switch|p2a: RomeBeenSteppin|Quaquaval, F|100/100
|turn|7
|
|t:|1780952032
|switch|p1a: Glimmora|Glimmora, M|100/100
|move|p2a: RomeBeenSteppin|Aqua Step|p1a: Glimmora
|-supereffective|p1a: Glimmora
|-damage|p1a: Glimmora|0 fnt
|-boost|p2a: RomeBeenSteppin|spe|1
|-activate|p1a: Glimmora|ability: Toxic Debris
|-sidestart|p2: 1200s chud|move: Toxic Spikes
|faint|p1a: Glimmora
|-ability|p2a: RomeBeenSteppin|Moxie|boost
|-boost|p2a: RomeBeenSteppin|atk|1
|-damage|p2a: RomeBeenSteppin|91/100|[from] item: Life Orb
|
|upkeep
|
|t:|1780952042
|switch|p1a: Verstappen|Zamazenta|100/100
|-ability|p1a: Verstappen|Dauntless Shield|boost
|-boost|p1a: Verstappen|def|1
|turn|8
|
|t:|1780952046
|switch|p2a: HighOffDaPack|Ceruledge, M|87/100
|-status|p2a: HighOffDaPack|psn
|move|p1a: Verstappen|Iron Defense|p1a: Verstappen
|-boost|p1a: Verstappen|def|2
|
|-damage|p2a: HighOffDaPack|75/100 psn|[from] psn
|upkeep
|turn|9
|
|t:|1780952051
|move|p1a: Verstappen|Crunch|p2a: HighOffDaPack
|-supereffective|p2a: HighOffDaPack
|-damage|p2a: HighOffDaPack|12/100 psn
|-ability|p2a: HighOffDaPack|Weak Armor|boost
|-unboost|p2a: HighOffDaPack|def|1
|-boost|p2a: HighOffDaPack|spe|2
|move|p2a: HighOffDaPack|Swords Dance|p2a: HighOffDaPack
|-boost|p2a: HighOffDaPack|atk|2
|
|-damage|p2a: HighOffDaPack|0 fnt|[from] psn
|faint|p2a: HighOffDaPack
|upkeep
|
|t:|1780952056
|switch|p2a: AintCaughtThePlot|Gholdengo|100/100
|turn|10
|j| BandedAI
|
|t:|1780952071
|switch|p1a: Dragonite|Dragonite, F|100/100
|move|p2a: AintCaughtThePlot|Nasty Plot|p2a: AintCaughtThePlot
|-boost|p2a: AintCaughtThePlot|spa|2
|
|upkeep
|turn|11
|
|t:|1780952076
|move|p2a: AintCaughtThePlot|Make It Rain|p1a: Dragonite
|-damage|p1a: Dragonite|26/100
|-unboost|p2a: AintCaughtThePlot|spa|1
|move|p1a: Dragonite|Earthquake|p2a: AintCaughtThePlot
|-supereffective|p2a: AintCaughtThePlot
|-damage|p2a: AintCaughtThePlot|6/100
|
|upkeep
|turn|12
|l| BandedAI
|-enditem|p2a: AintCaughtThePlot|Custap Berry|[eat]
|-activate|p2a: AintCaughtThePlot|item: Custap Berry|[consumed]
|
|t:|1780952086
|move|p2a: AintCaughtThePlot|Shadow Ball|p1a: Dragonite
|-damage|p1a: Dragonite|0 fnt
|faint|p1a: Dragonite
|
|upkeep
|inactive|judgie has 120 seconds left.
|
|t:|1780952117
|switch|p1a: Verstappen|Zamazenta|100/100
|turn|13
|
|t:|1780952120
|move|p1a: Verstappen|Crunch|p2a: AintCaughtThePlot
|-supereffective|p2a: AintCaughtThePlot
|-damage|p2a: AintCaughtThePlot|0 fnt
|faint|p2a: AintCaughtThePlot
|
|upkeep
|
|t:|1780952132
|switch|p2a: SmokingOnYaCore|Ursaluna, F|100/100 brn
|turn|14
|
|t:|1780952139
|move|p1a: Verstappen|Iron Defense|p1a: Verstappen
|-boost|p1a: Verstappen|def|2
|move|p2a: SmokingOnYaCore|Facade|p1a: Verstappen
|-damage|p1a: Verstappen|55/100
|
|-heal|p1a: Verstappen|62/100|[from] item: Leftovers
|-damage|p2a: SmokingOnYaCore|94/100 brn|[from] brn
|upkeep
|turn|15
|inactive|judgie has 120 seconds left.
|
|t:|1780952165
|move|p1a: Verstappen|Iron Defense|p1a: Verstappen
|-boost|p1a: Verstappen|def|2
|move|p2a: SmokingOnYaCore|Facade|p1a: Verstappen
|-damage|p1a: Verstappen|33/100
|
|-heal|p1a: Verstappen|39/100|[from] item: Leftovers
|-damage|p2a: SmokingOnYaCore|88/100 brn|[from] brn
|upkeep
|turn|16
|j| Schlafparalyse
|
|t:|1780952171
|move|p1a: Verstappen|Body Press|p2a: SmokingOnYaCore
|-supereffective|p2a: SmokingOnYaCore
|-damage|p2a: SmokingOnYaCore|0 fnt
|faint|p2a: SmokingOnYaCore
|
|-heal|p1a: Verstappen|45/100|[from] item: Leftovers
|upkeep
|
|t:|1780952174
|switch|p2a: RomeBeenSteppin|Quaquaval, F|91/100
|-status|p2a: RomeBeenSteppin|psn
|turn|17
|
|t:|1780952193
|-terastallize|p2a: RomeBeenSteppin|Ghost
|move|p1a: Verstappen|Body Press|p2a: RomeBeenSteppin
|-immune|p2a: RomeBeenSteppin
|move|p2a: RomeBeenSteppin|Swords Dance|p2a: RomeBeenSteppin
|-boost|p2a: RomeBeenSteppin|atk|2
|
|-heal|p1a: Verstappen|51/100|[from] item: Leftovers
|-damage|p2a: RomeBeenSteppin|78/100 psn|[from] psn
|upkeep
|turn|18
|
|t:|1780952198
|move|p1a: Verstappen|Crunch|p2a: RomeBeenSteppin
|-supereffective|p2a: RomeBeenSteppin
|-damage|p2a: RomeBeenSteppin|17/100 psn
|move|p2a: RomeBeenSteppin|Aqua Step|p1a: Verstappen
|-damage|p1a: Verstappen|24/100
|-boost|p2a: RomeBeenSteppin|spe|1
|-damage|p2a: RomeBeenSteppin|7/100 psn|[from] item: Life Orb
|
|-heal|p1a: Verstappen|30/100|[from] item: Leftovers
|-damage|p2a: RomeBeenSteppin|0 fnt|[from] psn
|faint|p2a: RomeBeenSteppin
|upkeep
|-message|1200s chud forfeited.
|
|win|judgie
|raw|judgie's rating: 1647 &rarr; <strong>1669</strong><br />(+22 for winning)
|raw|1200s chud's rating: 1685 &rarr; <strong>1663</strong><br />(-22 for losing)
|l|☆1200s chud
|player|p2|
|l|☆judgie
|player|p1|
|l| Schlafparalyse
