|j|☆gatorskk
|j|☆my2005
|t:|1781251470
|gametype|singles
|player|p1|gatorskk|102|1559
|player|p2|my2005|170|1612
|gen|9
|tier|[Gen 9] OU
|rated|
|rule|HP Percentage Mod: HP is shown in percentages
|rule|Endless Battle Clause: Forcing endless battles is banned
|rule|Species Clause: Limit one of each Pokémon
|rule|OHKO Clause: OHKO moves are banned
|rule|Evasion Items Clause: Evasion items are banned
|rule|Evasion Moves Clause: Evasion moves are banned
|rule|Evasion Abilities Clause: Evasion abilities are banned
|rule|Sleep Moves Clause: Sleep-inducing moves are banned
|clearpoke
|poke|p1|Walking Wake|
|poke|p1|Great Tusk|
|poke|p1|Ninetales, F|
|poke|p1|Cresselia, F|
|poke|p1|Zarude|
|poke|p1|Ceruledge, F|
|poke|p2|Slowking-Galar, M|
|poke|p2|Whimsicott, F|
|poke|p2|Kyurem|
|poke|p2|Cinderace, M|
|poke|p2|Alomomola, M|
|poke|p2|Gliscor, F|
|teampreview
|inactive|Battle timer is ON: inactive players will automatically lose when time's up. (requested by gatorskk)
|
|t:|1781251498
|teamsize|p1|6
|teamsize|p2|6
|start
|switch|p1a: Ninetales|Ninetales, F|100/100
|switch|p2a: Cinderace|Cinderace, M|100/100
|-weather|SunnyDay|[from] ability: Drought|[of] p1a: Ninetales
|turn|1
|
|t:|1781251508
|move|p2a: Cinderace|Pyro Ball|p1a: Ninetales
|-resisted|p1a: Ninetales
|-damage|p1a: Ninetales|40/100
|move|p1a: Ninetales|Overheat|p2a: Cinderace
|-resisted|p2a: Cinderace
|-damage|p2a: Cinderace|54/100
|-unboost|p1a: Ninetales|spa|2
|
|-weather|SunnyDay|[upkeep]
|upkeep
|turn|2
|
|t:|1781251520
|switch|p1a: Ceruledge|Ceruledge, F|100/100
|move|p2a: Cinderace|U-turn|p1a: Ceruledge
|-start|p2a: Cinderace|typechange|Bug|[from] ability: Libero
|-resisted|p1a: Ceruledge
|-damage|p1a: Ceruledge|88/100
|-ability|p1a: Ceruledge|Weak Armor|boost
|-unboost|p1a: Ceruledge|def|1
|-boost|p1a: Ceruledge|spe|2
|j| yuureisuisei
|
|t:|1781251527
|switch|p2a: Alomomola|Alomomola, M|100/100|[from] U-turn
|
|-weather|SunnyDay|[upkeep]
|upkeep
|turn|3
|
|t:|1781251537
|move|p1a: Ceruledge|Swords Dance|p1a: Ceruledge
|-boost|p1a: Ceruledge|atk|2
|move|p2a: Alomomola|Flip Turn|p1a: Ceruledge
|-supereffective|p1a: Ceruledge
|-damage|p1a: Ceruledge|52/100
|-ability|p1a: Ceruledge|Weak Armor|boost
|-unboost|p1a: Ceruledge|def|1
|-boost|p1a: Ceruledge|spe|2
|
|t:|1781251542
|switch|p2a: Whimsicott|Whimsicott, F|100/100|[from] Flip Turn
|
|-weather|SunnyDay|[upkeep]
|upkeep
|turn|4
|j| lord shiddenfards
|
|t:|1781251559
|switch|p1a: Great Tusk|Great Tusk|100/100
|-activate|p1a: Great Tusk|ability: Protosynthesis
|-start|p1a: Great Tusk|protosynthesisatk
|move|p2a: Whimsicott|Encore||[still]
|-fail|p2a: Whimsicott
|
|-weather|SunnyDay|[upkeep]
|upkeep
|turn|5
|
|t:|1781251568
|move|p2a: Whimsicott|Leech Seed|p1a: Great Tusk
|-start|p1a: Great Tusk|move: Leech Seed
|move|p1a: Great Tusk|Ice Spinner|p2a: Whimsicott
|-supereffective|p2a: Whimsicott
|-damage|p2a: Whimsicott|27/100
|
|-weather|SunnyDay|[upkeep]
|-heal|p2a: Whimsicott|33/100|[from] item: Leftovers
|-damage|p1a: Great Tusk|88/100|[from] Leech Seed|[of] p2a: Whimsicott
|-heal|p2a: Whimsicott|48/100|[silent]
|upkeep
|turn|6
|
|t:|1781251581
|move|p2a: Whimsicott|Substitute|p2a: Whimsicott
|-start|p2a: Whimsicott|Substitute
|-damage|p2a: Whimsicott|23/100
|move|p1a: Great Tusk|Headlong Rush|p2a: Whimsicott
|-resisted|p2a: Whimsicott
|-end|p2a: Whimsicott|Substitute
|-unboost|p1a: Great Tusk|def|1
|-unboost|p1a: Great Tusk|spd|1
|
|-weather|SunnyDay|[upkeep]
|-heal|p2a: Whimsicott|29/100|[from] item: Leftovers
|-damage|p1a: Great Tusk|75/100|[from] Leech Seed|[of] p2a: Whimsicott
|-heal|p2a: Whimsicott|44/100|[silent]
|upkeep
|turn|7
|
|t:|1781251603
|move|p2a: Whimsicott|Substitute|p2a: Whimsicott
|-start|p2a: Whimsicott|Substitute
|-damage|p2a: Whimsicott|19/100
|move|p1a: Great Tusk|Ice Spinner|p2a: Whimsicott
|-supereffective|p2a: Whimsicott
|-end|p2a: Whimsicott|Substitute
|
|-weather|SunnyDay|[upkeep]
|-heal|p2a: Whimsicott|26/100|[from] item: Leftovers
|-damage|p1a: Great Tusk|63/100|[from] Leech Seed|[of] p2a: Whimsicott
|-heal|p2a: Whimsicott|40/100|[silent]
|upkeep
|turn|8
|
|t:|1781251611
|-end|p1a: Great Tusk|Protosynthesis|[silent]
|switch|p1a: Cresselia|Cresselia, F|100/100
|move|p2a: Whimsicott|Substitute|p2a: Whimsicott
|-start|p2a: Whimsicott|Substitute
|-damage|p2a: Whimsicott|16/100
|
|-weather|none
|-heal|p2a: Whimsicott|22/100|[from] item: Leftovers
|upkeep
|turn|9
|
|t:|1781251615
|move|p2a: Whimsicott|Leech Seed|p1a: Cresselia
|-start|p1a: Cresselia|move: Leech Seed
|move|p1a: Cresselia|Psychic|p2a: Whimsicott
|-end|p2a: Whimsicott|Substitute
|
|-heal|p2a: Whimsicott|28/100|[from] item: Leftovers
|-damage|p1a: Cresselia|88/100|[from] Leech Seed|[of] p2a: Whimsicott
|-heal|p2a: Whimsicott|45/100|[silent]
|upkeep
|turn|10
|
|t:|1781251622
|switch|p1a: Ceruledge|Ceruledge, F|52/100
|move|p2a: Whimsicott|Substitute|p2a: Whimsicott
|-start|p2a: Whimsicott|Substitute
|-damage|p2a: Whimsicott|20/100
|
|-heal|p2a: Whimsicott|27/100|[from] item: Leftovers
|upkeep
|turn|11
|
|t:|1781251629
|move|p2a: Whimsicott|Leech Seed|p1a: Ceruledge
|-start|p1a: Ceruledge|move: Leech Seed
|move|p1a: Ceruledge|Poltergeist|p2a: Whimsicott
|-activate|p2a: Whimsicott|move: Poltergeist|Leftovers
|-end|p2a: Whimsicott|Substitute
|
|-heal|p2a: Whimsicott|33/100|[from] item: Leftovers
|-damage|p1a: Ceruledge|40/100|[from] Leech Seed|[of] p2a: Whimsicott
|-heal|p2a: Whimsicott|44/100|[silent]
|upkeep
|turn|12
|
|t:|1781251637
|move|p2a: Whimsicott|Substitute|p2a: Whimsicott
|-start|p2a: Whimsicott|Substitute
|-damage|p2a: Whimsicott|19/100
|move|p1a: Ceruledge|Bitter Blade|p2a: Whimsicott
|-supereffective|p2a: Whimsicott
|-end|p2a: Whimsicott|Substitute
|-heal|p1a: Ceruledge|53/100|[from] drain|[of] p2a: Whimsicott
|
|-heal|p2a: Whimsicott|25/100|[from] item: Leftovers
|-damage|p1a: Ceruledge|41/100|[from] Leech Seed|[of] p2a: Whimsicott
|-heal|p2a: Whimsicott|36/100|[silent]
|upkeep
|turn|13
|
|t:|1781251648
|move|p1a: Ceruledge|Bitter Blade|p2a: Whimsicott
|-supereffective|p2a: Whimsicott
|-damage|p2a: Whimsicott|0 fnt
|-heal|p1a: Ceruledge|61/100|[from] drain|[of] p2a: Whimsicott
|faint|p2a: Whimsicott
|
|upkeep
|
|t:|1781251656
|switch|p2a: Alomomola|Alomomola, M|100/100
|turn|14
|inactive|gatorskk has 120 seconds left.
|
|t:|1781251697
|switch|p1a: Cresselia|Cresselia, F|88/100
|move|p2a: Alomomola|Flip Turn|p1a: Cresselia
|-damage|p1a: Cresselia|79/100
|-enditem|p1a: Cresselia|Eject Button
|
|t:|1781251699
|switch|p1a: Zarude|Zarude|100/100
|
|upkeep
|turn|15
|inactive|gatorskk has 120 seconds left.
|
|t:|1781251715
|move|p1a: Zarude|Power Whip|p2a: Alomomola
|-supereffective|p2a: Alomomola
|-damage|p2a: Alomomola|36/100
|-damage|p1a: Zarude|84/100|[from] item: Rocky Helmet|[of] p2a: Alomomola
|move|p2a: Alomomola|Flip Turn|p1a: Zarude
|-resisted|p1a: Zarude
|-damage|p1a: Zarude|77/100
|
|t:|1781251721
|switch|p2a: Cinderace|Cinderace, M|54/100|[from] Flip Turn
|
|-heal|p1a: Zarude|83/100|[from] item: Leftovers
|upkeep
|turn|16
|inactive|gatorskk has 120 seconds left.
|
|t:|1781251727
|switch|p1a: Walking Wake|Walking Wake|100/100
|move|p2a: Cinderace|U-turn|p1a: Walking Wake
|-start|p2a: Cinderace|typechange|Bug|[from] ability: Libero
|-damage|p1a: Walking Wake|64/100
|
|t:|1781251733
|switch|p2a: Slowking|Slowking-Galar, M|100/100|[from] U-turn
|
|upkeep
|turn|17
|inactive|gatorskk has 120 seconds left.
|
|t:|1781251749
|-end|p1a: Walking Wake|Protosynthesis|[silent]
|switch|p1a: Great Tusk|Great Tusk|63/100
|move|p2a: Slowking|Sludge Wave|p1a: Great Tusk
|-resisted|p1a: Great Tusk
|-damage|p1a: Great Tusk|39/100
|
|upkeep
|turn|18
|l| yuureisuisei
|
|t:|1781251756
|switch|p2a: Alomomola|Alomomola, M|70/100
|move|p1a: Great Tusk|Headlong Rush|p2a: Alomomola
|-damage|p2a: Alomomola|36/100
|-unboost|p1a: Great Tusk|def|1
|-unboost|p1a: Great Tusk|spd|1
|-damage|p1a: Great Tusk|23/100|[from] item: Rocky Helmet|[of] p2a: Alomomola
|
|upkeep
|turn|19
|inactive|gatorskk has 120 seconds left.
|
|t:|1781251792
|move|p2a: Alomomola|Protect|p2a: Alomomola
|-singleturn|p2a: Alomomola|Protect
|move|p1a: Great Tusk|Headlong Rush|p2a: Alomomola
|-activate|p2a: Alomomola|move: Protect
|
|upkeep
|turn|20
|
|t:|1781251802
|-end|p1a: Great Tusk|Protosynthesis|[silent]
|switch|p1a: Walking Wake|Walking Wake|64/100
|switch|p2a: Gliscor|Gliscor, F|100/100
|
|-status|p2a: Gliscor|tox|[from] item: Toxic Orb
|upkeep
|turn|21
|inactive|gatorskk has 90 seconds left.
|
|t:|1781251828
|switch|p2a: Slowking|Slowking-Galar, M|100/100
|move|p1a: Walking Wake|Draco Meteor|p2a: Slowking
|-damage|p2a: Slowking|58/100
|-unboost|p1a: Walking Wake|spa|2
|
|upkeep
|turn|22
|inactive|gatorskk has 90 seconds left.
|
|t:|1781251856
|-end|p1a: Walking Wake|Protosynthesis|[silent]
|switch|p1a: Ceruledge|Ceruledge, F|61/100
|move|p2a: Slowking|Ice Beam|p1a: Ceruledge
|-resisted|p1a: Ceruledge
|-damage|p1a: Ceruledge|45/100
|
|upkeep
|turn|23
|
|t:|1781251880
|switch|p2a: Gliscor|Gliscor, F|100/100 tox
|move|p1a: Ceruledge|Poltergeist|p2a: Gliscor
|-activate|p2a: Gliscor|move: Poltergeist|Toxic Orb
|-damage|p2a: Gliscor|51/100 tox
|
|-heal|p2a: Gliscor|64/100 tox|[from] ability: Poison Heal
|upkeep
|turn|24
|inactive|gatorskk has 60 seconds left.
|inactive|my2005 has 120 seconds left.
|
|t:|1781251925
|switch|p1a: Cresselia|Cresselia, F|79/100
|move|p2a: Gliscor|Knock Off|p1a: Cresselia
|-supereffective|p1a: Cresselia
|-crit|p1a: Cresselia
|-damage|p1a: Cresselia|53/100
|
|-heal|p2a: Gliscor|76/100 tox|[from] ability: Poison Heal
|upkeep
|turn|25
|
|t:|1781251935
|switch|p2a: Alomomola|Alomomola, M|69/100
|move|p1a: Cresselia|Moonlight|p1a: Cresselia
|-heal|p1a: Cresselia|100/100
|
|upkeep
|turn|26
|
|t:|1781251942
|move|p1a: Cresselia|Thunder Wave|p2a: Alomomola|[miss]
|-miss|p1a: Cresselia|p2a: Alomomola
|move|p2a: Alomomola|Flip Turn|p1a: Cresselia
|-damage|p1a: Cresselia|90/100
|
|t:|1781251949
|switch|p2a: Gliscor|Gliscor, F|76/100 tox|[from] Flip Turn
|
|-heal|p2a: Gliscor|89/100 tox|[from] ability: Poison Heal
|upkeep
|turn|27
|inactive|gatorskk has 60 seconds left.
|
|t:|1781251955
|move|p2a: Gliscor|Spikes|p1a: Cresselia
|-sidestart|p1: gatorskk|Spikes
|move|p1a: Cresselia|Psychic|p2a: Gliscor
|-damage|p2a: Gliscor|60/100 tox
|
|-heal|p2a: Gliscor|73/100 tox|[from] ability: Poison Heal
|upkeep
|turn|28
|inactive|gatorskk has 60 seconds left.
|
|t:|1781251972
|move|p2a: Gliscor|Spikes|p1a: Cresselia
|-sidestart|p1: gatorskk|Spikes
|move|p1a: Cresselia|Lunar Dance|p1a: Cresselia
|faint|p1a: Cresselia
|
|-heal|p2a: Gliscor|85/100 tox|[from] ability: Poison Heal
|upkeep
|
|t:|1781251975
|switch|p1a: Ninetales|Ninetales, F|40/100
|-heal|p1a: Ninetales|100/100|[from] move: Lunar Dance
|-damage|p1a: Ninetales|84/100|[from] Spikes
|-weather|SunnyDay|[from] ability: Drought|[of] p1a: Ninetales
|turn|29
|j| xP Envy
|
|t:|1781251982
|move|p1a: Ninetales|Encore|p2a: Gliscor
|-start|p2a: Gliscor|Encore
|move|p2a: Gliscor|Spikes|p1a: Ninetales
|-sidestart|p1: gatorskk|Spikes
|
|-weather|SunnyDay|[upkeep]
|-heal|p2a: Gliscor|98/100 tox|[from] ability: Poison Heal
|upkeep
|turn|30
|l| xP Envy
|inactive|gatorskk has 60 seconds left.
|
|t:|1781252023
|switch|p1a: Ceruledge|Ceruledge, F|45/100
|-damage|p1a: Ceruledge|20/100|[from] Spikes
|switch|p2a: Kyurem|Kyurem|100/100
|-ability|p2a: Kyurem|Pressure
|
|-weather|SunnyDay|[upkeep]
|upkeep
|turn|31
|inactive|my2005 has 120 seconds left.
|
|t:|1781252069
|move|p2a: Kyurem|Earth Power|p1a: Ceruledge
|-supereffective|p1a: Ceruledge
|-damage|p1a: Ceruledge|0 fnt
|faint|p1a: Ceruledge
|
|-weather|SunnyDay|[upkeep]
|upkeep
|
|t:|1781252081
|switch|p1a: Walking Wake|Walking Wake|64/100
|-damage|p1a: Walking Wake|39/100|[from] Spikes
|-activate|p1a: Walking Wake|ability: Protosynthesis
|-start|p1a: Walking Wake|protosynthesisspe
|turn|32
|inactive|gatorskk has 30 seconds left.
|
|t:|1781252099
|move|p2a: Kyurem|Protect|p2a: Kyurem
|-singleturn|p2a: Kyurem|Protect
|move|p1a: Walking Wake|Weather Ball|p2a: Kyurem
|-activate|p2a: Kyurem|move: Protect
|
|-weather|SunnyDay|[upkeep]
|upkeep
|turn|33
|inactive|my2005 has 120 seconds left.
|
|t:|1781252112
|move|p1a: Walking Wake|Weather Ball|p2a: Kyurem
|-damage|p2a: Kyurem|46/100
|move|p2a: Kyurem|Freeze-Dry|p1a: Walking Wake
|-supereffective|p1a: Walking Wake
|-damage|p1a: Walking Wake|0 fnt
|faint|p1a: Walking Wake
|-end|p1a: Walking Wake|Protosynthesis|[silent]
|
|-weather|SunnyDay|[upkeep]
|-heal|p2a: Kyurem|52/100|[from] item: Leftovers
|upkeep
|-message|gatorskk forfeited.
|
|win|my2005
|raw|gatorskk's rating: 1559 &rarr; <strong>1542</strong><br />(-17 for losing)
|raw|my2005's rating: 1612 &rarr; <strong>1629</strong><br />(+17 for winning)
|l|☆gatorskk
|player|p1|
|l|☆my2005
|player|p2|
|l| lord shiddenfards
