|j|☆mongwong
|j|☆MVA Bjirtos
|t:|1781152953
|gametype|singles
|player|p1|mongwong|eusine-gen2|1598
|player|p2|MVA Bjirtos|riley|1582
|gen|9
|tier|[Gen 9] OU
|rated|
|rule|HP Percentage Mod: HP is shown in percentages
|rule|Endless Battle Clause: Forcing endless battles is banned
|rule|Species Clause: Limit one of each Pokémon
|rule|OHKO Clause: OHKO moves are banned
|rule|Evasion Items Clause: Evasion items are banned
|rule|Evasion Moves Clause: Evasion moves are banned
|rule|Evasion Abilities Clause: Evasion abilities are banned
|rule|Sleep Moves Clause: Sleep-inducing moves are banned
|clearpoke
|poke|p1|Indeedee, M|
|poke|p1|Polteageist-Antique|
|poke|p1|Hawlucha, F|
|poke|p1|Primarina, M|
|poke|p1|Iron Valiant|
|poke|p1|Great Tusk|
|poke|p2|Ninetales-Alola, F|
|poke|p2|Iron Moth|
|poke|p2|Alomomola, F|
|poke|p2|Darkrai|
|poke|p2|Polteageist|
|poke|p2|Haxorus, M|
|teampreview
|inactive|Battle timer is ON: inactive players will automatically lose when time's up. (requested by mongwong)
|inactive|MVA Bjirtos also wants the timer to be on.
|
|t:|1781152969
|teamsize|p1|6
|teamsize|p2|6
|start
|switch|p1a: Primarina|Primarina, M|100/100
|switch|p2a: Eclipse|Darkrai|100/100
|turn|1
|
|t:|1781152974
|-terastallize|p2a: Eclipse|Poison
|move|p2a: Eclipse|Sludge Bomb|p1a: Primarina
|-supereffective|p1a: Primarina
|-damage|p1a: Primarina|33/100
|-damage|p2a: Eclipse|91/100|[from] item: Life Orb
|move|p1a: Primarina|Moonblast|p2a: Eclipse
|-resisted|p2a: Eclipse
|-damage|p2a: Eclipse|57/100
|
|upkeep
|turn|2
|
|t:|1781152992
|-terastallize|p1a: Primarina|Steel
|move|p2a: Eclipse|Sludge Bomb|p1a: Primarina
|-immune|p1a: Primarina
|move|p1a: Primarina|Psychic Noise|p2a: Eclipse
|-supereffective|p2a: Eclipse
|-damage|p2a: Eclipse|0 fnt
|faint|p2a: Eclipse
|
|upkeep
|
|t:|1781152997
|switch|p2a: Sorrow|Iron Moth|100/100
|-enditem|p2a: Sorrow|Booster Energy
|-activate|p2a: Sorrow|ability: Quark Drive|[fromitem]
|-start|p2a: Sorrow|quarkdrivespe
|turn|3
|
|t:|1781153003
|switch|p1a: Indeedee|Indeedee, M|100/100
|-fieldstart|move: Psychic Terrain|[from] ability: Psychic Surge|[of] p1a: Indeedee
|move|p2a: Sorrow|Fiery Dance|p1a: Indeedee
|-damage|p1a: Indeedee|44/100
|-boost|p2a: Sorrow|spa|1
|
|upkeep
|turn|4
|
|t:|1781153009
|switch|p1a: Primarina|Primarina, M, tera:Steel|33/100
|move|p2a: Sorrow|Fiery Dance|p1a: Primarina
|-supereffective|p1a: Primarina
|-damage|p1a: Primarina|0 fnt
|-boost|p2a: Sorrow|spa|1
|faint|p1a: Primarina
|
|upkeep
|
|t:|1781153011
|switch|p1a: Iron Valiant|Iron Valiant|100/100
|-enditem|p1a: Iron Valiant|Booster Energy
|-activate|p1a: Iron Valiant|ability: Quark Drive|[fromitem]
|-start|p1a: Iron Valiant|quarkdrivespe
|turn|5
|
|t:|1781153017
|move|p1a: Iron Valiant|Expanding Force|p2a: Sorrow
|-supereffective|p2a: Sorrow
|-damage|p2a: Sorrow|0 fnt
|faint|p2a: Sorrow
|-end|p2a: Sorrow|Quark Drive|[silent]
|
|upkeep
|
|t:|1781153021
|switch|p2a: Deep Trance|Alomomola, F, shiny|100/100
|turn|6
|
|t:|1781153028
|move|p1a: Iron Valiant|Calm Mind|p1a: Iron Valiant
|-boost|p1a: Iron Valiant|spa|1
|-boost|p1a: Iron Valiant|spd|1
|move|p2a: Deep Trance|Mirror Coat||[still]
|-fail|p2a: Deep Trance
|
|upkeep
|turn|7
|
|t:|1781153034
|move|p1a: Iron Valiant|Calm Mind|p1a: Iron Valiant
|-boost|p1a: Iron Valiant|spa|1
|-boost|p1a: Iron Valiant|spd|1
|move|p2a: Deep Trance|Flip Turn|p1a: Iron Valiant
|-damage|p1a: Iron Valiant|78/100
|
|t:|1781153037
|switch|p2a: Teardrop|Ninetales-Alola, F|100/100|[from] Flip Turn
|-weather|Snowscape|[from] ability: Snow Warning|[of] p2a: Teardrop
|
|-weather|Snowscape|[upkeep]
|upkeep
|turn|8
|
|t:|1781153040
|move|p1a: Iron Valiant|Expanding Force|p2a: Teardrop
|-damage|p2a: Teardrop|0 fnt
|faint|p2a: Teardrop
|
|-weather|Snowscape|[upkeep]
|upkeep
|
|t:|1781153043
|switch|p2a: Deep Trance|Alomomola, F, shiny|100/100
|turn|9
|
|t:|1781153052
|move|p1a: Iron Valiant|Close Combat|p2a: Deep Trance
|-damage|p2a: Deep Trance|58/100
|-unboost|p1a: Iron Valiant|def|1
|-unboost|p1a: Iron Valiant|spd|1
|move|p2a: Deep Trance|Body Slam|p1a: Iron Valiant
|-damage|p1a: Iron Valiant|46/100
|
|-weather|Snowscape|[upkeep]
|upkeep
|turn|10
|
|t:|1781153058
|move|p1a: Iron Valiant|Expanding Force|p2a: Deep Trance
|-damage|p2a: Deep Trance|2/100
|move|p2a: Deep Trance|Body Slam|p1a: Iron Valiant
|-damage|p1a: Iron Valiant|12/100
|-status|p1a: Iron Valiant|par
|
|-weather|Snowscape|[upkeep]
|-fieldend|move: Psychic Terrain
|upkeep
|turn|11
|
|t:|1781153064
|move|p2a: Deep Trance|Aqua Jet|p1a: Iron Valiant
|-damage|p1a: Iron Valiant|0 fnt
|faint|p1a: Iron Valiant
|-end|p1a: Iron Valiant|Quark Drive|[silent]
|
|-weather|none
|upkeep
|
|t:|1781153066
|switch|p1a: Indeedee|Indeedee, M|44/100
|-fieldstart|move: Psychic Terrain|[from] ability: Psychic Surge|[of] p1a: Indeedee
|turn|12
|
|t:|1781153071
|move|p1a: Indeedee|Expanding Force|p2a: Deep Trance
|-damage|p2a: Deep Trance|0 fnt
|faint|p2a: Deep Trance
|
|upkeep
|
|t:|1781153076
|switch|p2a: Hypercup|Polteageist|100/100
|turn|13
|
|t:|1781153080
|move|p1a: Indeedee|Expanding Force|p2a: Hypercup
|-damage|p2a: Hypercup|26/100
|move|p2a: Hypercup|Shell Smash|p2a: Hypercup
|-unboost|p2a: Hypercup|def|1
|-unboost|p2a: Hypercup|spd|1
|-boost|p2a: Hypercup|atk|2
|-boost|p2a: Hypercup|spa|2
|-boost|p2a: Hypercup|spe|2
|-enditem|p2a: Hypercup|White Herb
|-clearnegativeboost|p2a: Hypercup|[silent]
|
|upkeep
|turn|14
|
|t:|1781153084
|move|p2a: Hypercup|Stored Power|p1a: Indeedee
|-resisted|p1a: Indeedee
|-damage|p1a: Indeedee|0 fnt
|faint|p1a: Indeedee
|
|upkeep
|
|t:|1781153087
|switch|p1a: Hawlucha|Hawlucha, F|100/100
|-enditem|p1a: Hawlucha|Psychic Seed
|-boost|p1a: Hawlucha|spd|1|[from] item: Psychic Seed
|turn|15
|
|t:|1781153090
|move|p1a: Hawlucha|Acrobatics|p2a: Hypercup
|-damage|p2a: Hypercup|0 fnt
|faint|p2a: Hypercup
|
|upkeep
|
|t:|1781153092
|switch|p2a: Aezor|Haxorus, M, shiny|100/100
|-ability|p2a: Aezor|Mold Breaker
|turn|16
|
|t:|1781153095
|move|p1a: Hawlucha|Acrobatics|p2a: Aezor
|-damage|p2a: Aezor|32/100
|move|p2a: Aezor|Dragon Dance|p2a: Aezor
|-boost|p2a: Aezor|atk|1
|-boost|p2a: Aezor|spe|1
|
|upkeep
|turn|17
|
|t:|1781153098
|move|p1a: Hawlucha|Acrobatics|p2a: Aezor
|-damage|p2a: Aezor|0 fnt
|faint|p2a: Aezor
|
|win|mongwong
|raw|mongwong's rating: 1598 &rarr; <strong>1617</strong><br />(+19 for winning)
|raw|MVA Bjirtos's rating: 1582 &rarr; <strong>1563</strong><br />(-19 for losing)
|l|☆MVA Bjirtos
|player|p2|
|l|☆mongwong
|player|p1|
