|j|☆erjuanzas
|j|☆team10thPlanett
|t:|1781520711
|gametype|singles
|player|p1|erjuanzas|linebacker|1663
|player|p2|team10thPlanett|veteran|1554
|gen|9
|tier|[Gen 9] OU
|rated|
|rule|HP Percentage Mod: HP is shown in percentages
|rule|Endless Battle Clause: Forcing endless battles is banned
|rule|Species Clause: Limit one of each Pokémon
|rule|OHKO Clause: OHKO moves are banned
|rule|Evasion Items Clause: Evasion items are banned
|rule|Evasion Moves Clause: Evasion moves are banned
|rule|Evasion Abilities Clause: Evasion abilities are banned
|rule|Sleep Moves Clause: Sleep-inducing moves are banned
|clearpoke
|poke|p1|Pelipper, M|
|poke|p1|Overqwil, M|
|poke|p1|Barraskewda, M|
|poke|p1|Raging Bolt|
|poke|p1|Iron Treads|
|poke|p1|Kingambit, M|
|poke|p2|Zamazenta-*|
|poke|p2|Dragonite, M|
|poke|p2|Araquanid, M|
|poke|p2|Iron Treads|
|poke|p2|Hoopa-Unbound|
|poke|p2|Raikou|
|teampreview
|inactive|Battle timer is ON: inactive players will automatically lose when time's up. (requested by erjuanzas)
|
|t:|1781520729
|teamsize|p1|6
|teamsize|p2|6
|start
|switch|p1a: Pelipas|Pelipper, M, shiny|100/100
|switch|p2a: Johnny Tsunami 🌊|Araquanid, M|100/100
|-weather|RainDance|[from] ability: Drizzle|[of] p1a: Pelipas
|turn|1
|
|t:|1781520737
|move|p1a: Pelipas|Hurricane|p2a: Johnny Tsunami 🌊
|-supereffective|p2a: Johnny Tsunami 🌊
|-damage|p2a: Johnny Tsunami 🌊|39/100
|move|p2a: Johnny Tsunami 🌊|Sticky Web|p1a: Pelipas
|-sidestart|p1: erjuanzas|move: Sticky Web
|
|-weather|RainDance|[upkeep]
|upkeep
|turn|2
|
|t:|1781520749
|move|p2a: Johnny Tsunami 🌊|Endure|p2a: Johnny Tsunami 🌊
|-singleturn|p2a: Johnny Tsunami 🌊|move: Endure
|move|p1a: Pelipas|Hurricane|p2a: Johnny Tsunami 🌊
|-supereffective|p2a: Johnny Tsunami 🌊
|-activate|p2a: Johnny Tsunami 🌊|move: Endure
|-damage|p2a: Johnny Tsunami 🌊|1/100
|
|-weather|RainDance|[upkeep]
|upkeep
|turn|3
|-enditem|p2a: Johnny Tsunami 🌊|Custap Berry|[eat]
|-activate|p2a: Johnny Tsunami 🌊|item: Custap Berry|[consumed]
|
|t:|1781520758
|switch|p1a: Bolita|Iron Treads, shiny|100/100
|-activate|p1a: Bolita|move: Sticky Web
|-unboost|p1a: Bolita|spe|1
|-enditem|p1a: Bolita|Booster Energy
|-activate|p1a: Bolita|ability: Quark Drive|[fromitem]
|-start|p1a: Bolita|quarkdrivedef
|move|p2a: Johnny Tsunami 🌊|Endeavor|p1a: Bolita
|-damage|p1a: Bolita|1/100
|
|-weather|RainDance|[upkeep]
|upkeep
|turn|4
|
|t:|1781520773
|-terastallize|p2a: Johnny Tsunami 🌊|Ghost
|move|p1a: Bolita|Stealth Rock|p2a: Johnny Tsunami 🌊
|-sidestart|p2: team10thPlanett|move: Stealth Rock
|move|p2a: Johnny Tsunami 🌊|Surf|p1a: Bolita
|-supereffective|p1a: Bolita
|-damage|p1a: Bolita|0 fnt
|faint|p1a: Bolita
|-end|p1a: Bolita|Quark Drive|[silent]
|
|-weather|RainDance|[upkeep]
|upkeep
|
|t:|1781520786
|switch|p1a: La Cabra|Barraskewda, M|100/100
|-activate|p1a: La Cabra|move: Sticky Web
|-unboost|p1a: La Cabra|spe|1
|turn|5
|
|t:|1781520793
|move|p1a: La Cabra|Flip Turn|p2a: Johnny Tsunami 🌊
|-damage|p2a: Johnny Tsunami 🌊|0 fnt
|faint|p2a: Johnny Tsunami 🌊
|
|t:|1781520797
|switch|p1a: Rockero|Overqwil, M, shiny|100/100|[from] Flip Turn
|-activate|p1a: Rockero|move: Sticky Web
|-unboost|p1a: Rockero|spe|1
|
|-weather|RainDance|[upkeep]
|upkeep
|
|t:|1781520818
|switch|p2a: Iron Treads|Iron Treads|100/100
|-damage|p2a: Iron Treads|97/100|[from] Stealth Rock
|-enditem|p2a: Iron Treads|Booster Energy
|-activate|p2a: Iron Treads|ability: Quark Drive|[fromitem]
|-start|p2a: Iron Treads|quarkdrivespe
|turn|6
|
|t:|1781520825
|move|p2a: Iron Treads|Earthquake|p1a: Rockero
|-supereffective|p1a: Rockero
|-damage|p1a: Rockero|0 fnt
|faint|p1a: Rockero
|
|-weather|RainDance|[upkeep]
|upkeep
|
|t:|1781520831
|switch|p1a: La Cabra|Barraskewda, M|100/100
|-activate|p1a: La Cabra|move: Sticky Web
|-unboost|p1a: La Cabra|spe|1
|turn|7
|
|t:|1781520835
|move|p2a: Iron Treads|Earthquake|p1a: La Cabra
|-damage|p1a: La Cabra|6/100
|move|p1a: La Cabra|Flip Turn|p2a: Iron Treads
|-supereffective|p2a: Iron Treads
|-damage|p2a: Iron Treads|0 fnt
|faint|p2a: Iron Treads
|-end|p2a: Iron Treads|Quark Drive|[silent]
|
|t:|1781520842
|switch|p1a: Electrons|Raging Bolt|100/100|[from] Flip Turn
|-activate|p1a: Electrons|move: Sticky Web
|-unboost|p1a: Electrons|spe|1
|-enditem|p1a: Electrons|Booster Energy
|-activate|p1a: Electrons|ability: Protosynthesis|[fromitem]
|-start|p1a: Electrons|protosynthesisspa
|
|-weather|RainDance|[upkeep]
|upkeep
|
|t:|1781520857
|switch|p2a: Hoopa|Hoopa-Unbound|100/100
|-damage|p2a: Hoopa|88/100|[from] Stealth Rock
|turn|8
|j| cachowcapow
|
|t:|1781520866
|move|p2a: Hoopa|Dark Pulse|p1a: Electrons
|-damage|p1a: Electrons|55/100
|move|p1a: Electrons|Thunder|p2a: Hoopa
|-damage|p2a: Hoopa|13/100
|
|-weather|none
|upkeep
|turn|9
|
|t:|1781520876
|move|p1a: Electrons|Thunderclap|p2a: Hoopa
|-damage|p2a: Hoopa|0 fnt
|faint|p2a: Hoopa
|
|upkeep
|
|t:|1781520883
|switch|p2a: Zamazenta|Zamazenta|100/100
|-damage|p2a: Zamazenta|94/100|[from] Stealth Rock
|-ability|p2a: Zamazenta|Dauntless Shield|boost
|-boost|p2a: Zamazenta|def|1
|turn|10
|
|t:|1781520892
|-end|p1a: Electrons|Protosynthesis|[silent]
|switch|p1a: Pelipas|Pelipper, M, shiny|100/100
|-weather|RainDance|[from] ability: Drizzle|[of] p1a: Pelipas
|move|p2a: Zamazenta|Close Combat|p1a: Pelipas
|-resisted|p1a: Pelipas
|-damage|p1a: Pelipas|73/100
|-unboost|p2a: Zamazenta|def|1
|-unboost|p2a: Zamazenta|spd|1
|-damage|p2a: Zamazenta|85/100|[from] item: Life Orb
|
|-weather|RainDance|[upkeep]
|upkeep
|turn|11
|
|t:|1781520910
|switch|p2a: Raikou|Raikou|100/100
|-damage|p2a: Raikou|88/100|[from] Stealth Rock
|move|p1a: Pelipas|Hurricane|p2a: Raikou
|-resisted|p2a: Raikou
|-damage|p2a: Raikou|68/100
|
|-weather|RainDance|[upkeep]
|upkeep
|turn|12
|
|t:|1781520922
|switch|p1a: Electrons|Raging Bolt|55/100
|-activate|p1a: Electrons|move: Sticky Web
|-unboost|p1a: Electrons|spe|1
|move|p2a: Raikou|Thunderbolt|p1a: Electrons
|-resisted|p1a: Electrons
|-damage|p1a: Electrons|44/100
|
|-weather|RainDance|[upkeep]
|upkeep
|turn|13
|
|t:|1781520933
|move|p2a: Raikou|Thunderbolt|p1a: Electrons
|-resisted|p1a: Electrons
|-damage|p1a: Electrons|32/100
|move|p1a: Electrons|Draco Meteor|p2a: Raikou|[miss]
|-miss|p1a: Electrons|p2a: Raikou
|
|-weather|RainDance|[upkeep]
|upkeep
|turn|14
|
|t:|1781520946
|move|p2a: Raikou|Thunderbolt|p1a: Electrons
|-resisted|p1a: Electrons
|-damage|p1a: Electrons|19/100
|move|p1a: Electrons|Draco Meteor|p2a: Raikou
|-crit|p2a: Raikou
|-damage|p2a: Raikou|0 fnt
|-unboost|p1a: Electrons|spa|2
|faint|p2a: Raikou
|
|-weather|RainDance|[upkeep]
|upkeep
|
|t:|1781520957
|switch|p2a: Fat Boy|Dragonite, M, shiny|100/100
|-damage|p2a: Fat Boy|76/100|[from] Stealth Rock
|turn|15
|
|t:|1781520963
|move|p2a: Fat Boy|Outrage|p1a: Electrons
|-supereffective|p1a: Electrons
|-damage|p1a: Electrons|0 fnt
|faint|p1a: Electrons
|-end|p1a: Electrons|Protosynthesis|[silent]
|
|-weather|RainDance|[upkeep]
|upkeep
|
|t:|1781520966
|switch|p1a: El rey|Kingambit, M|100/100
|-activate|p1a: El rey|move: Sticky Web
|-unboost|p1a: El rey|spe|1
|-activate|p1a: El rey|ability: Supreme Overlord
|-start|p1a: El rey|fallen3|[silent]
|turn|16
|-message|team10thPlanett forfeited.
|
|win|erjuanzas
|raw|erjuanzas's rating: 1663 &rarr; <strong>1677</strong><br />(+14 for winning)
|raw|team10thPlanett's rating: 1554 &rarr; <strong>1540</strong><br />(-14 for losing)
|l|☆team10thPlanett
|player|p2|
|l|☆erjuanzas
|player|p1|
