|j|☆zippitytippity
|j|☆maxcondones
|t:|1781069216
|gametype|singles
|player|p1|zippitytippity|cynthia-masters4|1665
|player|p2|maxcondones|169|1563
|gen|9
|tier|[Gen 9] OU
|rated|
|rule|HP Percentage Mod: HP is shown in percentages
|rule|Endless Battle Clause: Forcing endless battles is banned
|rule|Species Clause: Limit one of each Pokémon
|rule|OHKO Clause: OHKO moves are banned
|rule|Evasion Items Clause: Evasion items are banned
|rule|Evasion Moves Clause: Evasion moves are banned
|rule|Evasion Abilities Clause: Evasion abilities are banned
|rule|Sleep Moves Clause: Sleep-inducing moves are banned
|clearpoke
|poke|p1|Hoopa-Unbound|
|poke|p1|Kyurem|
|poke|p1|Gholdengo|
|poke|p1|Enamorus, F|
|poke|p1|Cinderace, M|
|poke|p1|Araquanid, F|
|poke|p2|Excadrill, F|
|poke|p2|Deoxys-Speed|
|poke|p2|Tyranitar, M|
|poke|p2|Tornadus-Therian, M|
|poke|p2|Hippowdon, F|
|poke|p2|Landorus-Therian, M|
|teampreview
|
|t:|1781069259
|teamsize|p1|6
|teamsize|p2|6
|start
|switch|p1a: Araquanid|Araquanid, F|100/100
|switch|p2a: greenkray|Tyranitar, M, shiny|100/100
|-weather|Sandstorm|[from] ability: Sand Stream|[of] p2a: greenkray
|turn|1
|
|t:|1781069275
|move|p2a: greenkray|Stone Edge|p1a: Araquanid
|-supereffective|p1a: Araquanid
|-damage|p1a: Araquanid|0 fnt
|faint|p1a: Araquanid
|
|-weather|Sandstorm|[upkeep]
|upkeep
|
|t:|1781069282
|switch|p1a: Hoopa|Hoopa-Unbound|100/100
|turn|2
|inactive|Battle timer is ON: inactive players will automatically lose when time's up. (requested by zippitytippity)
|
|t:|1781069291
|switch|p2a: hedijeans|Landorus-Therian, M, shiny|100/100
|-ability|p2a: hedijeans|Intimidate|boost
|-unboost|p1a: Hoopa|atk|1
|move|p1a: Hoopa|Drain Punch|p2a: hedijeans
|-resisted|p2a: hedijeans
|-damage|p2a: hedijeans|91/100
|-damage|p1a: Hoopa|84/100|[from] item: Rocky Helmet|[of] p2a: hedijeans
|
|-weather|Sandstorm|[upkeep]
|-damage|p1a: Hoopa|78/100|[from] Sandstorm
|upkeep
|turn|3
|
|t:|1781069298
|switch|p1a: Enamorus|Enamorus, F|100/100
|move|p2a: hedijeans|U-turn|p1a: Enamorus
|-resisted|p1a: Enamorus
|-damage|p1a: Enamorus|93/100
|
|t:|1781069302
|switch|p2a: exco2k|Excadrill, F|100/100|[from] U-turn
|
|-weather|Sandstorm|[upkeep]
|-damage|p1a: Enamorus|87/100|[from] Sandstorm
|upkeep
|turn|4
|
|t:|1781069310
|switch|p1a: Cinderace|Cinderace, M|100/100
|move|p2a: exco2k|Iron Head|p1a: Cinderace
|-resisted|p1a: Cinderace
|-damage|p1a: Cinderace|49/100
|
|-weather|Sandstorm|[upkeep]
|-damage|p1a: Cinderace|43/100|[from] Sandstorm
|upkeep
|turn|5
|
|t:|1781069316
|switch|p1a: Gholdengo|Gholdengo|100/100
|-item|p1a: Gholdengo|Air Balloon
|move|p2a: exco2k|Iron Head|p1a: Gholdengo
|-resisted|p1a: Gholdengo
|-damage|p1a: Gholdengo|58/100
|-enditem|p1a: Gholdengo|Air Balloon
|
|-weather|none
|upkeep
|turn|6
|
|t:|1781069326
|switch|p2a: greenkray|Tyranitar, M, shiny|100/100
|-weather|Sandstorm|[from] ability: Sand Stream|[of] p2a: greenkray
|move|p1a: Gholdengo|Shadow Ball|p2a: greenkray
|-resisted|p2a: greenkray
|-damage|p2a: greenkray|90/100
|-enditem|p2a: greenkray|Eject Button
|
|t:|1781069349
|switch|p2a: exco2k|Excadrill, F|100/100
|
|-weather|Sandstorm|[upkeep]
|upkeep
|turn|7
|
|t:|1781069358
|move|p2a: exco2k|Earthquake|p1a: Gholdengo
|-supereffective|p1a: Gholdengo
|-crit|p1a: Gholdengo
|-damage|p1a: Gholdengo|0 fnt
|faint|p1a: Gholdengo
|
|-weather|Sandstorm|[upkeep]
|upkeep
|
|t:|1781069371
|switch|p1a: Enamorus|Enamorus, F|87/100
|turn|8
|
|t:|1781069377
|switch|p2a: greenkray|Tyranitar, M, shiny|90/100
|move|p1a: Enamorus|Moonblast|p2a: greenkray
|-supereffective|p2a: greenkray
|-damage|p2a: greenkray|18/100
|
|-weather|Sandstorm|[upkeep]
|-damage|p1a: Enamorus|80/100|[from] Sandstorm
|upkeep
|turn|9
|inactive|maxcondones has 120 seconds left.
|
|t:|1781069413
|move|p1a: Enamorus|Moonblast|p2a: greenkray
|-supereffective|p2a: greenkray
|-damage|p2a: greenkray|0 fnt
|faint|p2a: greenkray
|
|-weather|Sandstorm|[upkeep]
|-damage|p1a: Enamorus|74/100|[from] Sandstorm
|upkeep
|
|t:|1781069415
|switch|p2a: exco2k|Excadrill, F|100/100
|turn|10
|
|t:|1781069420
|move|p2a: exco2k|Iron Head|p1a: Enamorus
|-supereffective|p1a: Enamorus
|-damage|p1a: Enamorus|0 fnt
|faint|p1a: Enamorus
|
|-weather|none
|upkeep
|
|t:|1781069425
|switch|p1a: Kyurem|Kyurem|100/100
|-ability|p1a: Kyurem|Pressure
|turn|11
|
|t:|1781069430
|switch|p2a: yhippojj|Hippowdon, F|100/100
|-weather|Sandstorm|[from] ability: Sand Stream|[of] p2a: yhippojj
|move|p1a: Kyurem|Ice Beam|p2a: yhippojj
|-supereffective|p2a: yhippojj
|-damage|p2a: yhippojj|0 fnt
|faint|p2a: yhippojj
|
|-weather|Sandstorm|[upkeep]
|-damage|p1a: Kyurem|94/100|[from] Sandstorm
|upkeep
|
|t:|1781069433
|switch|p2a: exco2k|Excadrill, F|100/100
|turn|12
|
|t:|1781069442
|-terastallize|p2a: exco2k|Ground
|-terastallize|p1a: Kyurem|Steel
|move|p2a: exco2k|Earthquake|p1a: Kyurem
|-supereffective|p1a: Kyurem
|-damage|p1a: Kyurem|0 fnt
|faint|p1a: Kyurem
|
|-weather|Sandstorm|[upkeep]
|upkeep
|
|t:|1781069448
|switch|p1a: Cinderace|Cinderace, M|43/100
|turn|13
|
|t:|1781069451
|move|p1a: Cinderace|Sucker Punch|p2a: exco2k
|-start|p1a: Cinderace|typechange|Dark|[from] ability: Libero
|-damage|p2a: exco2k|50/100
|move|p2a: exco2k|Earthquake|p1a: Cinderace
|-damage|p1a: Cinderace|0 fnt
|faint|p1a: Cinderace
|
|-weather|Sandstorm|[upkeep]
|upkeep
|
|t:|1781069462
|switch|p1a: Hoopa|Hoopa-Unbound|78/100
|turn|14
|c|☆zippitytippity|gg
|
|t:|1781069464
|move|p2a: exco2k|Earthquake|p1a: Hoopa
|-damage|p1a: Hoopa|0 fnt
|faint|p1a: Hoopa
|
|win|maxcondones
|raw|zippitytippity's rating: 1665 &rarr; <strong>1639</strong><br />(-26 for losing)
|raw|maxcondones's rating: 1563 &rarr; <strong>1589</strong><br />(+26 for winning)
|l|☆zippitytippity
|player|p1|
