|j|☆bigballs01
|j|☆treadstouuparty
|t:|1781479804
|gametype|singles
|player|p1|bigballs01|swimmer-gen4dp|1588
|player|p2|treadstouuparty|1|1624
|gen|9
|tier|[Gen 9] OU
|rated|
|rule|HP Percentage Mod: HP is shown in percentages
|rule|Endless Battle Clause: Forcing endless battles is banned
|rule|Species Clause: Limit one of each Pokémon
|rule|OHKO Clause: OHKO moves are banned
|rule|Evasion Items Clause: Evasion items are banned
|rule|Evasion Moves Clause: Evasion moves are banned
|rule|Evasion Abilities Clause: Evasion abilities are banned
|rule|Sleep Moves Clause: Sleep-inducing moves are banned
|clearpoke
|poke|p1|Hatterene, F|
|poke|p1|Great Tusk|
|poke|p1|Tornadus-Therian, M|
|poke|p1|Kyurem|
|poke|p1|Slowking-Galar, F|
|poke|p1|Kingambit, M|
|poke|p2|Ogerpon-Wellspring, F|
|poke|p2|Scream Tail|
|poke|p2|Darkrai|
|poke|p2|Gholdengo|
|poke|p2|Great Tusk|
|poke|p2|Dragonite, F|
|teampreview
|inactive|Battle timer is ON: inactive players will automatically lose when time's up. (requested by bigballs01)
|inactive|bigballs01 has 120 seconds left.
|
|t:|1781479840
|teamsize|p1|6
|teamsize|p2|6
|start
|switch|p1a: Slowking|Slowking-Galar, F|100/100
|switch|p2a: Scream Tail|Scream Tail|100/100
|turn|1
|
|t:|1781479847
|-end|p2a: Scream Tail|Protosynthesis|[silent]
|switch|p2a: Gholdengo|Gholdengo|100/100
|move|p1a: Slowking|Trick|p2a: Gholdengo
|-immune|p2a: Gholdengo|[from] ability: Good as Gold
|
|upkeep
|turn|2
|
|t:|1781479851
|move|p2a: Gholdengo|Shadow Ball|p1a: Slowking
|-supereffective|p1a: Slowking
|-damage|p1a: Slowking|34/100
|-unboost|p1a: Slowking|spd|1
|-prepare|p1a: Slowking|Chilly Reception|[premajor]
|move|p1a: Slowking|Chilly Reception|p1a: Slowking
|-weather|Snowscape
|
|t:|1781479860
|switch|p1a: Kingambit|Kingambit, M|100/100|[from] Chilly Reception
|
|-weather|Snowscape|[upkeep]
|upkeep
|turn|3
|
|t:|1781479864
|switch|p2a: Great Tusk|Great Tusk|100/100
|move|p1a: Kingambit|Iron Head|p2a: Great Tusk
|-damage|p2a: Great Tusk|63/100
|-damage|p1a: Kingambit|84/100|[from] item: Rocky Helmet|[of] p2a: Great Tusk
|
|-weather|Snowscape|[upkeep]
|-heal|p1a: Kingambit|90/100|[from] item: Leftovers
|upkeep
|turn|4
|
|t:|1781479872
|-end|p1a: Kingambit|fallenundefined|[silent]
|switch|p1a: Hatterene|Hatterene, F|100/100
|move|p2a: Great Tusk|Ice Spinner|p1a: Hatterene
|-damage|p1a: Hatterene|77/100
|-damage|p2a: Great Tusk|47/100|[from] item: Rocky Helmet|[of] p1a: Hatterene
|
|-weather|Snowscape|[upkeep]
|upkeep
|turn|5
|
|t:|1781479880
|-end|p2a: Great Tusk|Protosynthesis|[silent]
|switch|p2a: Gholdengo|Gholdengo|100/100
|move|p1a: Hatterene|Nuzzle|p2a: Gholdengo
|-damage|p2a: Gholdengo|96/100
|-status|p2a: Gholdengo|par
|
|-weather|Snowscape|[upkeep]
|-heal|p2a: Gholdengo|100/100 par|[from] item: Leftovers
|upkeep
|turn|6
|
|t:|1781479886
|switch|p1a: Tornadus|Tornadus-Therian, M|100/100
|move|p2a: Gholdengo|Shadow Ball|p1a: Tornadus
|-damage|p1a: Tornadus|71/100
|
|-weather|none
|upkeep
|turn|7
|
|t:|1781479902
|switch|p2a: Scream Tail|Scream Tail|100/100
|move|p1a: Tornadus|Knock Off|p2a: Scream Tail
|-damage|p2a: Scream Tail|85/100
|-enditem|p2a: Scream Tail|Leftovers|[from] move: Knock Off|[of] p1a: Tornadus
|
|upkeep
|turn|8
|
|t:|1781479920
|move|p1a: Tornadus|U-turn|p2a: Scream Tail
|-damage|p2a: Scream Tail|73/100
|
|t:|1781479922
|switch|p1a: Slowking|Slowking-Galar, F|68/100|[from] U-turn
|move|p2a: Scream Tail|Wish|p2a: Scream Tail
|
|-heal|p1a: Slowking|74/100|[from] item: Black Sludge
|upkeep
|turn|9
|
|t:|1781479928
|-end|p2a: Scream Tail|Protosynthesis|[silent]
|switch|p2a: Gholdengo|Gholdengo|100/100 par
|-prepare|p1a: Slowking|Chilly Reception|[premajor]
|move|p1a: Slowking|Chilly Reception|p1a: Slowking
|-weather|Snowscape
|
|t:|1781479939
|switch|p1a: Great Tusk|Great Tusk|100/100|[from] Chilly Reception
|
|-weather|Snowscape|[upkeep]
|upkeep
|turn|10
|
|t:|1781479943
|switch|p2a: Ogerpon|Ogerpon-Wellspring, F|100/100
|move|p1a: Great Tusk|Headlong Rush|p2a: Ogerpon
|-resisted|p2a: Ogerpon
|-damage|p2a: Ogerpon|57/100
|-unboost|p1a: Great Tusk|def|1
|-unboost|p1a: Great Tusk|spd|1
|
|-weather|Snowscape|[upkeep]
|upkeep
|turn|11
|
|t:|1781479951
|-end|p1a: Great Tusk|Protosynthesis|[silent]
|switch|p1a: Hatterene|Hatterene, F|77/100
|move|p2a: Ogerpon|Ivy Cudgel|p1a: Hatterene|[anim] Ivy Cudgel Water
|-damage|p1a: Hatterene|30/100
|
|-weather|Snowscape|[upkeep]
|upkeep
|turn|12
|
|t:|1781479953
|switch|p1a: Kyurem|Kyurem|100/100
|-ability|p1a: Kyurem|Pressure
|move|p2a: Ogerpon|Ivy Cudgel|p1a: Kyurem|[anim] Ivy Cudgel Water
|-resisted|p1a: Kyurem
|-crit|p1a: Kyurem
|-damage|p1a: Kyurem|71/100
|
|-weather|Snowscape|[upkeep]
|upkeep
|turn|13
|
|t:|1781479957
|move|p2a: Ogerpon|U-turn|p1a: Kyurem
|-damage|p1a: Kyurem|53/100
|
|t:|1781479963
|switch|p2a: Scream Tail|Scream Tail|73/100|[from] U-turn
|move|p1a: Kyurem|Freeze-Dry|p2a: Scream Tail
|-damage|p2a: Scream Tail|32/100
|
|-weather|none
|upkeep
|turn|14
|
|t:|1781479979
|switch|p1a: Slowking|Slowking-Galar, F|100/100
|move|p2a: Scream Tail|Dazzling Gleam|p1a: Slowking
|-resisted|p1a: Slowking
|-damage|p1a: Slowking|93/100
|
|-heal|p1a: Slowking|99/100|[from] item: Black Sludge
|upkeep
|turn|15
|
|t:|1781479983
|move|p2a: Scream Tail|Wish|p2a: Scream Tail
|move|p1a: Slowking|Sludge Bomb|p2a: Scream Tail
|-supereffective|p2a: Scream Tail
|-damage|p2a: Scream Tail|0 fnt
|faint|p2a: Scream Tail
|-end|p2a: Scream Tail|Protosynthesis|[silent]
|
|-heal|p1a: Slowking|100/100|[from] item: Black Sludge
|upkeep
|
|t:|1781479986
|switch|p2a: Great Tusk|Great Tusk|47/100
|turn|16
|
|t:|1781479990
|switch|p1a: Hatterene|Hatterene, F|30/100
|move|p2a: Great Tusk|Ice Spinner|p1a: Hatterene
|-damage|p1a: Hatterene|5/100
|-damage|p2a: Great Tusk|30/100|[from] item: Rocky Helmet|[of] p1a: Hatterene
|
|-heal|p2a: Great Tusk|88/100|[from] move: Wish|[wisher] Scream Tail
|upkeep
|turn|17
|
|t:|1781480000
|switch|p1a: Tornadus|Tornadus-Therian, M|100/100
|move|p2a: Great Tusk|Rapid Spin|p1a: Tornadus
|-damage|p1a: Tornadus|80/100
|-boost|p2a: Great Tusk|spe|1
|
|upkeep
|turn|18
|
|t:|1781480010
|-end|p2a: Great Tusk|Protosynthesis|[silent]
|switch|p2a: Darkrai|Darkrai|100/100
|move|p1a: Tornadus|Bleakwind Storm|p2a: Darkrai
|-damage|p2a: Darkrai|55/100
|
|upkeep
|turn|19
|
|t:|1781480026
|move|p2a: Darkrai|Dark Pulse|p1a: Tornadus
|-damage|p1a: Tornadus|52/100
|move|p1a: Tornadus|U-turn|p2a: Darkrai
|-supereffective|p2a: Darkrai
|-damage|p2a: Darkrai|17/100
|
|t:|1781480038
|switch|p1a: Kingambit|Kingambit, M|90/100|[from] U-turn
|
|-heal|p1a: Kingambit|96/100|[from] item: Leftovers
|upkeep
|turn|20
|
|t:|1781480041
|switch|p2a: Great Tusk|Great Tusk|88/100
|move|p1a: Kingambit|Sucker Punch||[still]
|-fail|p1a: Kingambit
|
|-heal|p1a: Kingambit|100/100|[from] item: Leftovers
|upkeep
|turn|21
|
|t:|1781480049
|-end|p1a: Kingambit|fallenundefined|[silent]
|switch|p1a: Great Tusk|Great Tusk|100/100
|move|p2a: Great Tusk|Close Combat|p1a: Great Tusk
|-damage|p1a: Great Tusk|53/100
|-unboost|p2a: Great Tusk|def|1
|-unboost|p2a: Great Tusk|spd|1
|-damage|p2a: Great Tusk|72/100|[from] item: Rocky Helmet|[of] p1a: Great Tusk
|
|upkeep
|turn|22
|
|t:|1781480062
|-end|p2a: Great Tusk|Protosynthesis|[silent]
|switch|p2a: Ogerpon|Ogerpon-Wellspring, F|57/100
|move|p1a: Great Tusk|Headlong Rush|p2a: Ogerpon
|-resisted|p2a: Ogerpon
|-damage|p2a: Ogerpon|14/100
|-unboost|p1a: Great Tusk|def|1
|-unboost|p1a: Great Tusk|spd|1
|
|upkeep
|turn|23
|
|t:|1781480067
|-end|p1a: Great Tusk|Protosynthesis|[silent]
|switch|p1a: Hatterene|Hatterene, F|5/100
|move|p2a: Ogerpon|Ivy Cudgel|p1a: Hatterene|[anim] Ivy Cudgel Water
|-damage|p1a: Hatterene|0 fnt
|faint|p1a: Hatterene
|
|upkeep
|
|t:|1781480070
|switch|p1a: Tornadus|Tornadus-Therian, M|85/100
|turn|24
|
|t:|1781480082
|move|p1a: Tornadus|U-turn|p2a: Ogerpon
|-supereffective|p2a: Ogerpon
|-damage|p2a: Ogerpon|0 fnt
|faint|p2a: Ogerpon
|
|t:|1781480089
|switch|p1a: Kyurem|Kyurem|53/100|[from] U-turn
|-ability|p1a: Kyurem|Pressure
|
|upkeep
|
|t:|1781480094
|switch|p2a: Darkrai|Darkrai|17/100
|turn|25
|
|t:|1781480100
|switch|p1a: Tornadus|Tornadus-Therian, M|100/100
|move|p2a: Darkrai|Dark Pulse|p1a: Tornadus
|-damage|p1a: Tornadus|71/100
|
|upkeep
|turn|26
|
|t:|1781480102
|move|p2a: Darkrai|Dark Pulse|p1a: Tornadus
|-damage|p1a: Tornadus|41/100
|move|p1a: Tornadus|U-turn|p2a: Darkrai
|-supereffective|p2a: Darkrai
|-damage|p2a: Darkrai|0 fnt
|faint|p2a: Darkrai
|
|t:|1781480108
|switch|p1a: Great Tusk|Great Tusk|53/100|[from] U-turn
|
|upkeep
|
|t:|1781480112
|switch|p2a: Great Tusk|Great Tusk|72/100
|turn|27
|
|t:|1781480120
|move|p2a: Great Tusk|Rapid Spin|p1a: Great Tusk
|-damage|p1a: Great Tusk|39/100
|-boost|p2a: Great Tusk|spe|1
|-damage|p2a: Great Tusk|55/100|[from] item: Rocky Helmet|[of] p1a: Great Tusk
|move|p1a: Great Tusk|Stealth Rock|p2a: Great Tusk
|-sidestart|p2: treadstouuparty|move: Stealth Rock
|
|upkeep
|turn|28
|
|t:|1781480126
|move|p2a: Great Tusk|Rapid Spin|p1a: Great Tusk
|-damage|p1a: Great Tusk|25/100
|-boost|p2a: Great Tusk|spe|1
|-damage|p2a: Great Tusk|39/100|[from] item: Rocky Helmet|[of] p1a: Great Tusk
|-sideend|p2: treadstouuparty|Stealth Rock|[from] move: Rapid Spin|[of] p2a: Great Tusk
|move|p1a: Great Tusk|Ice Spinner|p2a: Great Tusk
|-supereffective|p2a: Great Tusk
|-damage|p2a: Great Tusk|0 fnt
|-damage|p1a: Great Tusk|9/100|[from] item: Rocky Helmet|[of] p2a: Great Tusk
|faint|p2a: Great Tusk
|-end|p2a: Great Tusk|Protosynthesis|[silent]
|
|upkeep
|
|t:|1781480129
|switch|p2a: Dragonite|Dragonite, F|100/100
|turn|29
|
|t:|1781480131
|move|p2a: Dragonite|Extreme Speed|p1a: Great Tusk
|-damage|p1a: Great Tusk|0 fnt
|-damage|p2a: Dragonite|84/100|[from] item: Rocky Helmet|[of] p1a: Great Tusk
|faint|p1a: Great Tusk
|-end|p1a: Great Tusk|Protosynthesis|[silent]
|
|upkeep
|
|t:|1781480134
|switch|p1a: Kyurem|Kyurem|53/100
|-ability|p1a: Kyurem|Pressure
|turn|30
|
|t:|1781480139
|-terastallize|p2a: Dragonite|Normal
|move|p1a: Kyurem|Ice Beam|p2a: Dragonite
|-damage|p2a: Dragonite|11/100
|move|p2a: Dragonite|Dragon Dance|p2a: Dragonite
|-boost|p2a: Dragonite|atk|1
|-boost|p2a: Dragonite|spe|1
|
|upkeep
|turn|31
|
|t:|1781480144
|move|p2a: Dragonite|Extreme Speed|p1a: Kyurem
|-damage|p1a: Kyurem|0 fnt
|faint|p1a: Kyurem
|
|upkeep
|
|t:|1781480146
|switch|p1a: Kingambit|Kingambit, M|100/100
|-activate|p1a: Kingambit|ability: Supreme Overlord
|-start|p1a: Kingambit|fallen3|[silent]
|turn|32
|
|t:|1781480149
|move|p2a: Dragonite|Earthquake|p1a: Kingambit
|-supereffective|p1a: Kingambit
|-damage|p1a: Kingambit|14/100
|move|p1a: Kingambit|Kowtow Cleave|p2a: Dragonite
|-damage|p2a: Dragonite|0 fnt
|faint|p2a: Dragonite
|
|-heal|p1a: Kingambit|21/100|[from] item: Leftovers
|upkeep
|
|t:|1781480154
|switch|p2a: Gholdengo|Gholdengo|100/100 par
|turn|33
|
|t:|1781480158
|-end|p1a: Kingambit|fallen3|[silent]
|switch|p1a: Tornadus|Tornadus-Therian, M|74/100
|cant|p2a: Gholdengo|par
|
|upkeep
|turn|34
|
|t:|1781480161
|move|p1a: Tornadus|Knock Off|p2a: Gholdengo
|-supereffective|p2a: Gholdengo
|-damage|p2a: Gholdengo|52/100 par
|-enditem|p2a: Gholdengo|Leftovers|[from] move: Knock Off|[of] p1a: Tornadus
|move|p2a: Gholdengo|Nasty Plot|p2a: Gholdengo
|-boost|p2a: Gholdengo|spa|2
|
|upkeep
|turn|35
|
|t:|1781480164
|move|p1a: Tornadus|Heat Wave|p2a: Gholdengo
|-supereffective|p2a: Gholdengo
|-damage|p2a: Gholdengo|0 fnt
|faint|p2a: Gholdengo
|
|win|bigballs01
|raw|bigballs01's rating: 1588 &rarr; <strong>1610</strong><br />(+22 for winning)
|raw|treadstouuparty's rating: 1624 &rarr; <strong>1602</strong><br />(-22 for losing)
|l|☆treadstouuparty
|player|p2|
|l|☆bigballs01
|player|p1|
