|j|‽tasty sardine 408
|j|☆Penguinxdd
|t:|1781576428
|gametype|singles
|player|p1|tasty sardine 408|harlequin|1593
|player|p2|Penguinxdd|veteran|1544
|gen|9
|tier|[Gen 9] OU
|rated|
|rule|HP Percentage Mod: HP is shown in percentages
|rule|Endless Battle Clause: Forcing endless battles is banned
|rule|Species Clause: Limit one of each Pokémon
|rule|OHKO Clause: OHKO moves are banned
|rule|Evasion Items Clause: Evasion items are banned
|rule|Evasion Moves Clause: Evasion moves are banned
|rule|Evasion Abilities Clause: Evasion abilities are banned
|rule|Sleep Moves Clause: Sleep-inducing moves are banned
|clearpoke
|poke|p1|Umbreon, M|
|poke|p1|Serperior, M|
|poke|p1|Cresselia, F|
|poke|p1|Revavroom, F|
|poke|p1|Skeledirge, F|
|poke|p1|Manaphy|
|poke|p2|Hatterene, F|
|poke|p2|Iron Treads|
|poke|p2|Volcanion|
|poke|p2|Gholdengo|
|poke|p2|Darkrai|
|poke|p2|Garchomp, M|
|teampreview
|inactive|Battle timer is ON: inactive players will automatically lose when time's up. (requested by Penguinxdd)
|
|t:|1781576437
|teamsize|p1|6
|teamsize|p2|6
|start
|switch|p1a: Serperior|Serperior, M, shiny|100/100
|switch|p2a: Volcanion|Volcanion|100/100
|turn|1
|
|t:|1781576443
|-terastallize|p1a: Serperior|Electric
|move|p1a: Serperior|Glare|p2a: Volcanion
|-status|p2a: Volcanion|par
|move|p2a: Volcanion|Flamethrower|p1a: Serperior
|-damage|p1a: Serperior|24/100
|
|-heal|p1a: Serperior|30/100|[from] item: Leftovers
|upkeep
|turn|2
|
|t:|1781576450
|move|p1a: Serperior|Synthesis|p1a: Serperior
|-heal|p1a: Serperior|80/100
|move|p2a: Volcanion|Flamethrower|p1a: Serperior
|-damage|p1a: Serperior|1/100
|
|-heal|p1a: Serperior|7/100|[from] item: Leftovers
|upkeep
|turn|3
|
|t:|1781576456
|move|p1a: Serperior|Giga Drain|p2a: Volcanion
|-damage|p2a: Volcanion|75/100 par
|-heal|p1a: Serperior|18/100|[from] drain|[of] p2a: Volcanion
|cant|p2a: Volcanion|par
|
|-heal|p1a: Serperior|24/100|[from] item: Leftovers
|upkeep
|turn|4
|
|t:|1781576458
|move|p1a: Serperior|Synthesis|p1a: Serperior
|-heal|p1a: Serperior|74/100
|cant|p2a: Volcanion|par
|
|-heal|p1a: Serperior|80/100|[from] item: Leftovers
|upkeep
|turn|5
|
|t:|1781576463
|move|p1a: Serperior|Leaf Storm|p2a: Volcanion
|-damage|p2a: Volcanion|34/100 par
|-boost|p1a: Serperior|spa|2
|move|p2a: Volcanion|Flamethrower|p1a: Serperior
|-damage|p1a: Serperior|0 fnt
|faint|p1a: Serperior
|
|upkeep
|
|t:|1781576466
|switch|p1a: Manaphy|Manaphy, shiny|100/100
|turn|6
|
|t:|1781576471
|move|p1a: Manaphy|Take Heart|p1a: Manaphy
|-boost|p1a: Manaphy|spa|1
|-boost|p1a: Manaphy|spd|1
|move|p2a: Volcanion|Flamethrower|p1a: Manaphy
|-resisted|p1a: Manaphy
|-damage|p1a: Manaphy|80/100
|
|-heal|p1a: Manaphy|87/100|[from] item: Leftovers
|upkeep
|turn|7
|
|t:|1781576473
|move|p1a: Manaphy|Take Heart|p1a: Manaphy
|-boost|p1a: Manaphy|spa|1
|-boost|p1a: Manaphy|spd|1
|move|p2a: Volcanion|Flamethrower|p1a: Manaphy
|-resisted|p1a: Manaphy
|-damage|p1a: Manaphy|70/100
|
|-heal|p1a: Manaphy|76/100|[from] item: Leftovers
|upkeep
|turn|8
|
|t:|1781576475
|move|p1a: Manaphy|Take Heart|p1a: Manaphy
|-boost|p1a: Manaphy|spa|1
|-boost|p1a: Manaphy|spd|1
|cant|p2a: Volcanion|par
|
|-heal|p1a: Manaphy|82/100|[from] item: Leftovers
|upkeep
|turn|9
|
|t:|1781576477
|move|p1a: Manaphy|Acid Armor|p1a: Manaphy
|-boost|p1a: Manaphy|def|2
|cant|p2a: Volcanion|par
|
|-heal|p1a: Manaphy|88/100|[from] item: Leftovers
|upkeep
|turn|10
|
|t:|1781576480
|switch|p2a: Lebron Rains|Gholdengo|100/100
|move|p1a: Manaphy|Stored Power|p2a: Lebron Rains
|-resisted|p2a: Lebron Rains
|-damage|p2a: Lebron Rains|36/100
|
|-heal|p1a: Manaphy|94/100|[from] item: Leftovers
|upkeep
|turn|11
|
|t:|1781576487
|move|p2a: Lebron Rains|Trick|p1a: Manaphy
|-activate|p2a: Lebron Rains|move: Trick|[of] p1a: Manaphy
|-item|p1a: Manaphy|Choice Scarf|[from] move: Trick
|-item|p2a: Lebron Rains|Leftovers|[from] move: Trick
|move|p1a: Manaphy|Scald|p2a: Lebron Rains
|-damage|p2a: Lebron Rains|0 fnt
|faint|p2a: Lebron Rains
|
|upkeep
|
|t:|1781576491
|switch|p2a: Volcanion|Volcanion|34/100 par
|turn|12
|
|t:|1781576496
|switch|p1a: Cresselia|Cresselia, F, shiny|100/100
|move|p2a: Volcanion|Sludge Bomb|p1a: Cresselia
|-damage|p1a: Cresselia|68/100
|-status|p1a: Cresselia|psn
|
|-heal|p1a: Cresselia|74/100 psn|[from] item: Leftovers
|-damage|p1a: Cresselia|61/100 psn|[from] psn
|upkeep
|turn|13
|
|t:|1781576501
|move|p1a: Cresselia|Calm Mind|p1a: Cresselia
|-boost|p1a: Cresselia|spa|1
|-boost|p1a: Cresselia|spd|1
|move|p2a: Volcanion|Sludge Bomb|p1a: Cresselia
|-crit|p1a: Cresselia
|-damage|p1a: Cresselia|10/100 psn
|
|-heal|p1a: Cresselia|16/100 psn|[from] item: Leftovers
|-damage|p1a: Cresselia|4/100 psn|[from] psn
|upkeep
|turn|14
|
|t:|1781576503
|move|p1a: Cresselia|Moonlight|p1a: Cresselia
|-heal|p1a: Cresselia|54/100 psn
|cant|p2a: Volcanion|par
|
|-heal|p1a: Cresselia|60/100 psn|[from] item: Leftovers
|-damage|p1a: Cresselia|48/100 psn|[from] psn
|upkeep
|turn|15
|
|t:|1781576506
|switch|p2a: Garchomp|Garchomp, M|100/100
|move|p1a: Cresselia|Calm Mind|p1a: Cresselia
|-boost|p1a: Cresselia|spa|1
|-boost|p1a: Cresselia|spd|1
|
|-heal|p1a: Cresselia|54/100 psn|[from] item: Leftovers
|-damage|p1a: Cresselia|41/100 psn|[from] psn
|upkeep
|turn|16
|
|t:|1781576509
|move|p2a: Garchomp|Scale Shot|p1a: Cresselia
|-damage|p1a: Cresselia|35/100 psn
|-damage|p1a: Cresselia|27/100 psn
|-damage|p1a: Cresselia|21/100 psn
|-damage|p1a: Cresselia|13/100 psn
|-hitcount|p1a: Cresselia|4
|-unboost|p2a: Garchomp|def|1
|-boost|p2a: Garchomp|spe|1
|move|p1a: Cresselia|Moonblast|p2a: Garchomp
|-supereffective|p2a: Garchomp
|-crit|p2a: Garchomp
|-damage|p2a: Garchomp|0 fnt
|faint|p2a: Garchomp
|
|-heal|p1a: Cresselia|19/100 psn|[from] item: Leftovers
|-damage|p1a: Cresselia|7/100 psn|[from] psn
|upkeep
|
|t:|1781576511
|switch|p2a: Iron Treads|Iron Treads|100/100
|-item|p2a: Iron Treads|Air Balloon
|turn|17
|
|t:|1781576512
|move|p2a: Iron Treads|Rapid Spin|p1a: Cresselia
|-damage|p1a: Cresselia|0 fnt
|-boost|p2a: Iron Treads|spe|1
|faint|p1a: Cresselia
|
|upkeep
|
|t:|1781576520
|switch|p1a: Umbreon|Umbreon, M, shiny|100/100
|turn|18
|
|t:|1781576522
|-end|p2a: Iron Treads|Quark Drive|[silent]
|switch|p2a: Magic Bounson|Hatterene, F|100/100
|move|p1a: Umbreon|Foul Play|p2a: Magic Bounson
|-damage|p2a: Magic Bounson|78/100
|-damage|p1a: Umbreon|84/100|[from] item: Rocky Helmet|[of] p2a: Magic Bounson
|
|-heal|p1a: Umbreon|90/100|[from] item: Leftovers
|upkeep
|turn|19
|
|t:|1781576525
|move|p1a: Umbreon|Protect|p1a: Umbreon
|-singleturn|p1a: Umbreon|Protect
|move|p2a: Magic Bounson|Draining Kiss|p1a: Umbreon
|-activate|p1a: Umbreon|move: Protect
|
|-heal|p1a: Umbreon|96/100|[from] item: Leftovers
|upkeep
|turn|20
|
|t:|1781576532
|switch|p1a: Skeledirge|Skeledirge, F, shiny|100/100
|move|p2a: Magic Bounson|Nuzzle|p1a: Skeledirge
|-damage|p1a: Skeledirge|97/100
|-status|p1a: Skeledirge|par
|
|upkeep
|turn|21
|
|t:|1781576538
|switch|p2a: Darkrai|Darkrai|100/100
|move|p1a: Skeledirge|Torch Song|p2a: Darkrai
|-damage|p2a: Darkrai|58/100
|-boost|p1a: Skeledirge|spa|1
|
|upkeep
|turn|22
|
|t:|1781576540
|move|p2a: Darkrai|Dark Pulse|p1a: Skeledirge
|-supereffective|p1a: Skeledirge
|-damage|p1a: Skeledirge|31/100 par
|move|p1a: Skeledirge|Torch Song|p2a: Darkrai
|-damage|p2a: Darkrai|0 fnt
|-boost|p1a: Skeledirge|spa|1
|faint|p2a: Darkrai
|
|upkeep
|
|t:|1781576541
|switch|p2a: Iron Treads|Iron Treads|100/100
|-item|p2a: Iron Treads|Air Balloon
|turn|23
|
|t:|1781576544
|move|p2a: Iron Treads|Earthquake|p1a: Skeledirge
|-supereffective|p1a: Skeledirge
|-damage|p1a: Skeledirge|0 fnt
|faint|p1a: Skeledirge
|
|upkeep
|
|t:|1781576546
|switch|p1a: Umbreon|Umbreon, M, shiny|96/100
|turn|24
|
|t:|1781576548
|-end|p2a: Iron Treads|Quark Drive|[silent]
|switch|p2a: Magic Bounson|Hatterene, F|78/100
|move|p1a: Umbreon|Foul Play|p2a: Magic Bounson
|-damage|p2a: Magic Bounson|55/100
|-damage|p1a: Umbreon|80/100|[from] item: Rocky Helmet|[of] p2a: Magic Bounson
|
|-heal|p1a: Umbreon|86/100|[from] item: Leftovers
|upkeep
|turn|25
|
|t:|1781576553
|move|p1a: Umbreon|Protect|p1a: Umbreon
|-singleturn|p1a: Umbreon|Protect
|move|p2a: Magic Bounson|Pain Split|p1a: Umbreon
|-activate|p1a: Umbreon|move: Protect
|
|-heal|p1a: Umbreon|92/100|[from] item: Leftovers
|upkeep
|turn|26
|
|t:|1781576557
|move|p1a: Umbreon|Foul Play|p2a: Magic Bounson
|-damage|p2a: Magic Bounson|32/100
|-damage|p1a: Umbreon|75/100|[from] item: Rocky Helmet|[of] p2a: Magic Bounson
|move|p2a: Magic Bounson|Pain Split|p1a: Umbreon
|-sethp|p1a: Umbreon|51/100|[from] move: Pain Split|[silent]
|-sethp|p2a: Magic Bounson|63/100|[from] move: Pain Split
|
|-heal|p1a: Umbreon|57/100|[from] item: Leftovers
|upkeep
|turn|27
|
|t:|1781576560
|move|p1a: Umbreon|Wish|p1a: Umbreon
|move|p2a: Magic Bounson|Draining Kiss|p1a: Umbreon
|-supereffective|p1a: Umbreon
|-damage|p1a: Umbreon|29/100
|-heal|p2a: Magic Bounson|89/100|[from] drain|[of] p1a: Umbreon
|
|-heal|p1a: Umbreon|35/100|[from] item: Leftovers
|upkeep
|turn|28
|
|t:|1781576565
|move|p1a: Umbreon|Protect|p1a: Umbreon
|-singleturn|p1a: Umbreon|Protect
|move|p2a: Magic Bounson|Draining Kiss|p1a: Umbreon
|-activate|p1a: Umbreon|move: Protect
|
|-heal|p1a: Umbreon|85/100|[from] move: Wish|[wisher] Umbreon
|-heal|p1a: Umbreon|91/100|[from] item: Leftovers
|upkeep
|turn|29
|
|t:|1781576571
|move|p1a: Umbreon|Wish|p1a: Umbreon
|move|p2a: Magic Bounson|Draining Kiss|p1a: Umbreon
|-supereffective|p1a: Umbreon
|-damage|p1a: Umbreon|65/100
|-heal|p2a: Magic Bounson|100/100|[from] drain|[of] p1a: Umbreon
|
|-heal|p1a: Umbreon|71/100|[from] item: Leftovers
|upkeep
|turn|30
|
|t:|1781576577
|move|p1a: Umbreon|Foul Play|p2a: Magic Bounson
|-damage|p2a: Magic Bounson|78/100
|-damage|p1a: Umbreon|54/100|[from] item: Rocky Helmet|[of] p2a: Magic Bounson
|move|p2a: Magic Bounson|Nuzzle|p1a: Umbreon
|-damage|p1a: Umbreon|52/100
|-status|p1a: Umbreon|par
|-activate|p1a: Umbreon|ability: Synchronize
|-status|p2a: Magic Bounson|par
|
|-heal|p1a: Umbreon|100/100 par|[from] move: Wish|[wisher] Umbreon
|upkeep
|turn|31
|
|t:|1781576583
|cant|p1a: Umbreon|par
|move|p2a: Magic Bounson|Draining Kiss|p1a: Umbreon
|-supereffective|p1a: Umbreon
|-damage|p1a: Umbreon|73/100 par
|-heal|p2a: Magic Bounson|100/100 par|[from] drain|[of] p1a: Umbreon
|
|-heal|p1a: Umbreon|79/100 par|[from] item: Leftovers
|upkeep
|turn|32
|
|t:|1781576591
|move|p1a: Umbreon|Wish|p1a: Umbreon
|move|p2a: Magic Bounson|Draining Kiss|p1a: Umbreon
|-supereffective|p1a: Umbreon
|-damage|p1a: Umbreon|53/100 par
|
|-heal|p1a: Umbreon|59/100 par|[from] item: Leftovers
|upkeep
|turn|33
|
|t:|1781576594
|switch|p1a: Revavroom|Revavroom, F, shiny|100/100
|-item|p1a: Revavroom|Air Balloon
|move|p2a: Magic Bounson|Draining Kiss|p1a: Revavroom
|-resisted|p1a: Revavroom
|-damage|p1a: Revavroom|94/100
|-enditem|p1a: Revavroom|Air Balloon
|
|-heal|p1a: Revavroom|100/100|[from] move: Wish|[wisher] Umbreon
|upkeep
|turn|34
|
|t:|1781576599
|move|p1a: Revavroom|Shift Gear|p1a: Revavroom
|-boost|p1a: Revavroom|spe|2
|-boost|p1a: Revavroom|atk|1
|cant|p2a: Magic Bounson|par
|
|upkeep
|turn|35
|
|t:|1781576601
|move|p1a: Revavroom|Iron Head|p2a: Magic Bounson
|-supereffective|p2a: Magic Bounson
|-damage|p2a: Magic Bounson|0 fnt
|-damage|p1a: Revavroom|84/100|[from] item: Rocky Helmet|[of] p2a: Magic Bounson
|faint|p2a: Magic Bounson
|
|upkeep
|
|t:|1781576602
|switch|p2a: Iron Treads|Iron Treads|100/100
|-item|p2a: Iron Treads|Air Balloon
|turn|36
|
|t:|1781576605
|move|p1a: Revavroom|Iron Head|p2a: Iron Treads
|-resisted|p2a: Iron Treads
|-damage|p2a: Iron Treads|72/100
|-enditem|p2a: Iron Treads|Air Balloon
|move|p2a: Iron Treads|Earthquake|p1a: Revavroom
|-supereffective|p1a: Revavroom
|-damage|p1a: Revavroom|0 fnt
|faint|p1a: Revavroom
|
|upkeep
|
|t:|1781576620
|switch|p1a: Manaphy|Manaphy, shiny|94/100
|turn|37
|
|t:|1781576624
|-end|p2a: Iron Treads|Quark Drive|[silent]
|switch|p2a: Volcanion|Volcanion|34/100 par
|move|p1a: Manaphy|Stored Power|p2a: Volcanion
|-damage|p2a: Volcanion|28/100 par
|
|upkeep
|turn|38
|
|t:|1781576631
|move|p1a: Manaphy|Stored Power|p2a: Volcanion
|-damage|p2a: Volcanion|22/100 par
|move|p2a: Volcanion|Sludge Bomb|p1a: Manaphy
|-damage|p1a: Manaphy|48/100
|-status|p1a: Manaphy|psn
|
|-damage|p1a: Manaphy|35/100 psn|[from] psn
|upkeep
|turn|39
|
|t:|1781576633
|move|p1a: Manaphy|Stored Power|p2a: Volcanion
|-damage|p2a: Volcanion|16/100 par
|move|p2a: Volcanion|Sludge Bomb|p1a: Manaphy
|-damage|p1a: Manaphy|0 fnt
|faint|p1a: Manaphy
|
|upkeep
|
|t:|1781576635
|switch|p1a: Umbreon|Umbreon, M, shiny|59/100 par
|turn|40
|
|t:|1781576637
|move|p1a: Umbreon|Protect|p1a: Umbreon
|-singleturn|p1a: Umbreon|Protect
|cant|p2a: Volcanion|par
|
|-heal|p1a: Umbreon|65/100 par|[from] item: Leftovers
|upkeep
|turn|41
|
|t:|1781576638
|move|p2a: Volcanion|Sludge Bomb|p1a: Umbreon
|-damage|p1a: Umbreon|33/100 par
|move|p1a: Umbreon|Wish|p1a: Umbreon
|
|-heal|p1a: Umbreon|39/100 par|[from] item: Leftovers
|upkeep
|turn|42
|
|t:|1781576643
|cant|p1a: Umbreon|par
|move|p2a: Volcanion|Sludge Bomb|p1a: Umbreon
|-crit|p1a: Umbreon
|-damage|p1a: Umbreon|0 fnt
|faint|p1a: Umbreon
|
|win|Penguinxdd
|raw|tasty sardine 408's rating: 1593 &rarr; <strong>1570</strong><br />(-23 for losing)
|raw|Penguinxdd's rating: 1544 &rarr; <strong>1567</strong><br />(+23 for winning)
|l|‽tasty sardine 408
|player|p1|
|l|☆Penguinxdd
|player|p2|
|j| brayyanxz
|l| brayyanxz
