|j|☆Ausar48
|j|☆lockheed shartin
|t:|1781586107
|gametype|singles
|player|p1|Ausar48|ghetsis|1568
|player|p2|lockheed shartin|fisherman|1609
|gen|9
|tier|[Gen 9] OU
|rated|
|rule|HP Percentage Mod: HP is shown in percentages
|rule|Endless Battle Clause: Forcing endless battles is banned
|rule|Species Clause: Limit one of each Pokémon
|rule|OHKO Clause: OHKO moves are banned
|rule|Evasion Items Clause: Evasion items are banned
|rule|Evasion Moves Clause: Evasion moves are banned
|rule|Evasion Abilities Clause: Evasion abilities are banned
|rule|Sleep Moves Clause: Sleep-inducing moves are banned
|clearpoke
|poke|p1|Pelipper, M|
|poke|p1|Noivern, M|
|poke|p1|Ogerpon-Wellspring, F|
|poke|p1|Samurott-Hisui, M|
|poke|p1|Iron Valiant|
|poke|p1|Iron Treads|
|poke|p2|Deoxys-Speed|
|poke|p2|Ceruledge, M|
|poke|p2|Dragonite, F|
|poke|p2|Tornadus-Therian, M|
|poke|p2|Rillaboom, F|
|poke|p2|Zamazenta-*|
|teampreview
|inactive|Battle timer is ON: inactive players will automatically lose when time's up. (requested by lockheed shartin)
|j| ethereal workshop
|inactive|Ausar48 has 120 seconds left.
|
|t:|1781586138
|teamsize|p1|6
|teamsize|p2|6
|start
|switch|p1a: Samurott|Samurott-Hisui, M, shiny|100/100
|switch|p2a: Rillaboom|Rillaboom, F|100/100
|-fieldstart|move: Grassy Terrain|[from] ability: Grassy Surge|[of] p2a: Rillaboom
|turn|1
|
|t:|1781586147
|switch|p1a: Noivern|Noivern, M|100/100
|move|p2a: Rillaboom|Grassy Glide|p1a: Noivern
|-resisted|p1a: Noivern
|-damage|p1a: Noivern|84/100
|-damage|p2a: Rillaboom|91/100|[from] item: Life Orb
|
|-heal|p2a: Rillaboom|97/100|[from] Grassy Terrain
|upkeep
|turn|2
|
|t:|1781586154
|switch|p2a: Deoxys|Deoxys-Speed|100/100
|-ability|p2a: Deoxys|Pressure
|move|p1a: Noivern|Hurricane|p2a: Deoxys
|-damage|p2a: Deoxys|21/100
|
|-heal|p2a: Deoxys|27/100|[from] Grassy Terrain
|upkeep
|turn|3
|
|t:|1781586163
|switch|p1a: Pelipper|Pelipper, M|100/100
|-weather|RainDance|[from] ability: Drizzle|[of] p1a: Pelipper
|move|p2a: Deoxys|Stealth Rock|p1a: Pelipper
|-sidestart|p1: Ausar48|move: Stealth Rock
|
|-weather|RainDance|[upkeep]
|-heal|p2a: Deoxys|33/100|[from] Grassy Terrain
|upkeep
|turn|4
|
|t:|1781586169
|move|p2a: Deoxys|Spikes|p1a: Pelipper
|-sidestart|p1: Ausar48|Spikes
|move|p1a: Pelipper|Hurricane|p2a: Deoxys
|-damage|p2a: Deoxys|0 fnt
|faint|p2a: Deoxys
|
|-weather|RainDance|[upkeep]
|upkeep
|
|t:|1781586180
|switch|p2a: Tornadus|Tornadus-Therian, M|100/100
|turn|5
|
|t:|1781586188
|move|p2a: Tornadus|Nasty Plot|p2a: Tornadus
|-boost|p2a: Tornadus|spa|2
|move|p1a: Pelipper|U-turn|p2a: Tornadus
|-resisted|p2a: Tornadus
|-damage|p2a: Tornadus|95/100
|
|t:|1781586202
|switch|p1a: Noivern|Noivern, M|84/100|[from] U-turn
|-damage|p1a: Noivern|59/100|[from] Stealth Rock
|
|-weather|RainDance|[upkeep]
|-fieldend|move: Grassy Terrain
|upkeep
|turn|6
|
|t:|1781586206
|-terastallize|p1a: Noivern|Normal
|-terastallize|p2a: Tornadus|Steel
|move|p1a: Noivern|Boomburst|p2a: Tornadus
|-resisted|p2a: Tornadus
|-damage|p2a: Tornadus|40/100
|move|p2a: Tornadus|Bleakwind Storm|p1a: Noivern
|-damage|p1a: Noivern|0 fnt
|faint|p1a: Noivern
|-damage|p2a: Tornadus|30/100|[from] item: Life Orb
|
|-weather|RainDance|[upkeep]
|upkeep
|
|t:|1781586222
|switch|p1a: Iron Valiant|Iron Valiant|100/100
|-damage|p1a: Iron Valiant|94/100|[from] Stealth Rock
|-damage|p1a: Iron Valiant|82/100|[from] Spikes
|-enditem|p1a: Iron Valiant|Booster Energy
|-activate|p1a: Iron Valiant|ability: Quark Drive|[fromitem]
|-start|p1a: Iron Valiant|quarkdrivespe
|turn|7
|
|t:|1781586228
|switch|p2a: Ceruledge|Ceruledge, M|100/100
|move|p1a: Iron Valiant|Knock Off|p2a: Ceruledge
|-supereffective|p2a: Ceruledge
|-damage|p2a: Ceruledge|27/100
|-ability|p2a: Ceruledge|Weak Armor|boost
|-unboost|p2a: Ceruledge|def|1
|-boost|p2a: Ceruledge|spe|2
|-enditem|p2a: Ceruledge|Life Orb|[from] move: Knock Off|[of] p1a: Iron Valiant
|
|-weather|RainDance|[upkeep]
|upkeep
|turn|8
|
|t:|1781586244
|move|p2a: Ceruledge|Shadow Sneak|p1a: Iron Valiant
|-damage|p1a: Iron Valiant|54/100
|move|p1a: Iron Valiant|Knock Off|p2a: Ceruledge
|-supereffective|p2a: Ceruledge
|-damage|p2a: Ceruledge|0 fnt
|faint|p2a: Ceruledge
|
|-weather|RainDance|[upkeep]
|upkeep
|
|t:|1781586249
|switch|p2a: Rillaboom|Rillaboom, F|97/100
|-fieldstart|move: Grassy Terrain|[from] ability: Grassy Surge|[of] p2a: Rillaboom
|turn|9
|l|☆lockheed shartin
|inactive|lockheed shartin disconnected and has a minute to reconnect!
|player|p2|
|inactive|Ausar48 has 120 seconds left.
|j|☆lockheed shartin
|inactive|lockheed shartin reconnected.
|player|p2|lockheed shartin|fisherman|
|
|t:|1781586289
|-end|p1a: Iron Valiant|Quark Drive|[silent]
|switch|p1a: Ogerpon|Ogerpon-Wellspring, F|100/100
|-damage|p1a: Ogerpon|88/100|[from] Stealth Rock
|-damage|p1a: Ogerpon|76/100|[from] Spikes
|move|p2a: Rillaboom|Grassy Glide|p1a: Ogerpon
|-damage|p1a: Ogerpon|11/100
|-damage|p2a: Rillaboom|87/100|[from] item: Life Orb
|
|-weather|RainDance|[upkeep]
|-heal|p1a: Ogerpon|17/100|[from] Grassy Terrain
|-heal|p2a: Rillaboom|93/100|[from] Grassy Terrain
|upkeep
|turn|10
|inactive|Ausar48 has 120 seconds left.
|
|t:|1781586297
|move|p2a: Rillaboom|Grassy Glide|p1a: Ogerpon
|-damage|p1a: Ogerpon|0 fnt
|faint|p1a: Ogerpon
|-damage|p2a: Rillaboom|83/100|[from] item: Life Orb
|
|-weather|none
|-heal|p2a: Rillaboom|89/100|[from] Grassy Terrain
|upkeep
|inactive|Ausar48 has 120 seconds left.
|
|t:|1781586312
|switch|p1a: Iron Treads|Iron Treads|100/100
|-damage|p1a: Iron Treads|97/100|[from] Stealth Rock
|-damage|p1a: Iron Treads|85/100|[from] Spikes
|turn|11
|
|t:|1781586317
|move|p1a: Iron Treads|Rapid Spin|p2a: Rillaboom
|-damage|p2a: Rillaboom|73/100
|-boost|p1a: Iron Treads|spe|1
|-sideend|p1: Ausar48|Spikes|[from] move: Rapid Spin|[of] p1a: Iron Treads
|-sideend|p1: Ausar48|Stealth Rock|[from] move: Rapid Spin|[of] p1a: Iron Treads
|move|p2a: Rillaboom|High Horsepower|p1a: Iron Treads
|-supereffective|p1a: Iron Treads
|-damage|p1a: Iron Treads|0 fnt
|faint|p1a: Iron Treads
|-end|p1a: Iron Treads|Quark Drive|[silent]
|-damage|p2a: Rillaboom|63/100|[from] item: Life Orb
|
|-heal|p2a: Rillaboom|69/100|[from] Grassy Terrain
|upkeep
|
|t:|1781586322
|switch|p1a: Pelipper|Pelipper, M|100/100
|-weather|RainDance|[from] ability: Drizzle|[of] p1a: Pelipper
|turn|12
|
|t:|1781586347
|switch|p2a: Dragonite|Dragonite, F|100/100
|move|p1a: Pelipper|U-turn|p2a: Dragonite
|-resisted|p2a: Dragonite
|-damage|p2a: Dragonite|98/100
|
|t:|1781586357
|switch|p1a: Iron Valiant|Iron Valiant|54/100|[from] U-turn
|
|-weather|RainDance|[upkeep]
|-heal|p1a: Iron Valiant|60/100|[from] Grassy Terrain
|upkeep
|turn|13
|l|☆lockheed shartin
|inactive|lockheed shartin disconnected and has a minute to reconnect!
|player|p2|
|j|☆lockheed shartin
|inactive|lockheed shartin reconnected and has 130 seconds left.
|player|p2|lockheed shartin|fisherman|
|
|t:|1781586375
|move|p2a: Dragonite|Extreme Speed|p1a: Iron Valiant
|-damage|p1a: Iron Valiant|3/100
|-damage|p2a: Dragonite|88/100|[from] item: Life Orb
|move|p1a: Iron Valiant|Moonblast|p2a: Dragonite
|-supereffective|p2a: Dragonite
|-damage|p2a: Dragonite|0 fnt
|faint|p2a: Dragonite
|
|-weather|RainDance|[upkeep]
|-heal|p1a: Iron Valiant|9/100|[from] Grassy Terrain
|-fieldend|move: Grassy Terrain
|upkeep
|
|t:|1781586382
|switch|p2a: Tornadus|Tornadus-Therian, M, tera:Steel|63/100
|turn|14
|
|t:|1781586393
|move|p2a: Tornadus|Bleakwind Storm|p1a: Iron Valiant
|-supereffective|p1a: Iron Valiant
|-damage|p1a: Iron Valiant|0 fnt
|faint|p1a: Iron Valiant
|-end|p1a: Iron Valiant|Quark Drive|[silent]
|-damage|p2a: Tornadus|54/100|[from] item: Life Orb
|
|-weather|RainDance|[upkeep]
|upkeep
|
|t:|1781586397
|switch|p1a: Samurott|Samurott-Hisui, M, shiny|100/100
|turn|15
|
|t:|1781586409
|switch|p2a: Rillaboom|Rillaboom, F|69/100
|-fieldstart|move: Grassy Terrain|[from] ability: Grassy Surge|[of] p2a: Rillaboom
|move|p1a: Samurott|Knock Off|p2a: Rillaboom
|-damage|p2a: Rillaboom|25/100
|-enditem|p2a: Rillaboom|Life Orb|[from] move: Knock Off|[of] p1a: Samurott
|
|-weather|RainDance|[upkeep]
|-heal|p2a: Rillaboom|31/100|[from] Grassy Terrain
|upkeep
|turn|16
|
|t:|1781586417
|switch|p1a: Pelipper|Pelipper, M|100/100
|move|p2a: Rillaboom|Grassy Glide|p1a: Pelipper
|-damage|p1a: Pelipper|70/100
|
|-weather|RainDance|[upkeep]
|-heal|p2a: Rillaboom|37/100|[from] Grassy Terrain
|upkeep
|turn|17
|
|t:|1781586421
|move|p2a: Rillaboom|Knock Off|p1a: Pelipper
|-damage|p1a: Pelipper|41/100
|-enditem|p1a: Pelipper|Damp Rock|[from] move: Knock Off|[of] p2a: Rillaboom
|move|p1a: Pelipper|Hurricane|p2a: Rillaboom
|-supereffective|p2a: Rillaboom
|-damage|p2a: Rillaboom|0 fnt
|faint|p2a: Rillaboom
|
|-weather|RainDance|[upkeep]
|upkeep
|
|t:|1781586424
|switch|p2a: Tornadus|Tornadus-Therian, M, tera:Steel|87/100
|turn|18
|
|t:|1781586428
|switch|p1a: Samurott|Samurott-Hisui, M, shiny|100/100
|move|p2a: Tornadus|Bleakwind Storm|p1a: Samurott
|-damage|p1a: Samurott|61/100
|-damage|p2a: Tornadus|77/100|[from] item: Life Orb
|
|-weather|RainDance|[upkeep]
|-heal|p2a: Tornadus|83/100|[from] Grassy Terrain
|-heal|p1a: Samurott|67/100|[from] Grassy Terrain
|upkeep
|turn|19
|
|t:|1781586433
|move|p2a: Tornadus|Grass Knot|p1a: Samurott
|-supereffective|p1a: Samurott
|-crit|p1a: Samurott
|-damage|p1a: Samurott|0 fnt
|faint|p1a: Samurott
|-damage|p2a: Tornadus|73/100|[from] item: Life Orb
|
|-weather|none
|-heal|p2a: Tornadus|79/100|[from] Grassy Terrain
|-fieldend|move: Grassy Terrain
|upkeep
|
|t:|1781586438
|switch|p1a: Pelipper|Pelipper, M|41/100
|-weather|RainDance|[from] ability: Drizzle|[of] p1a: Pelipper
|turn|20
|
|t:|1781586442
|move|p2a: Tornadus|Bleakwind Storm|p1a: Pelipper
|-damage|p1a: Pelipper|0 fnt
|faint|p1a: Pelipper
|-damage|p2a: Tornadus|70/100|[from] item: Life Orb
|
|win|lockheed shartin
|raw|Ausar48's rating: 1568 &rarr; <strong>1550</strong><br />(-18 for losing)
|raw|lockheed shartin's rating: 1609 &rarr; <strong>1627</strong><br />(+18 for winning)
|l|☆Ausar48
|player|p1|
|l|☆lockheed shartin
|player|p2|
|j|☆lockheed shartin
|player|p2|lockheed shartin|fisherman|
|l|☆lockheed shartin
|player|p2|
