|j|☆shams713
|j|☆Liker of Mudkips
|t:|1781556400
|gametype|singles
|player|p1|shams713|101|1595
|player|p2|Liker of Mudkips|acetrainerf|1617
|gen|9
|tier|[Gen 9] OU
|rated|
|rule|HP Percentage Mod: HP is shown in percentages
|rule|Endless Battle Clause: Forcing endless battles is banned
|rule|Species Clause: Limit one of each Pokémon
|rule|OHKO Clause: OHKO moves are banned
|rule|Evasion Items Clause: Evasion items are banned
|rule|Evasion Moves Clause: Evasion moves are banned
|rule|Evasion Abilities Clause: Evasion abilities are banned
|rule|Sleep Moves Clause: Sleep-inducing moves are banned
|clearpoke
|poke|p1|Dragonite, F|
|poke|p1|Clefable, M|
|poke|p1|Samurott-Hisui, M|
|poke|p1|Gholdengo|
|poke|p1|Zamazenta-*|
|poke|p1|Gliscor, F|
|poke|p2|Dragapult, F|
|poke|p2|Ogerpon-Wellspring, F|
|poke|p2|Slowking-Galar, M|
|poke|p2|Great Tusk|
|poke|p2|Zapdos|
|poke|p2|Kingambit, M|
|teampreview
|inactive|Battle timer is ON: inactive players will automatically lose when time's up. (requested by Liker of Mudkips)
|
|t:|1781556410
|teamsize|p1|6
|teamsize|p2|6
|start
|switch|p1a: Samurott|Samurott-Hisui, M|100/100
|switch|p2a: Baku|Great Tusk|100/100
|turn|1
|
|t:|1781556417
|switch|p1a: Clefable|Clefable, M|100/100
|move|p2a: Baku|Stealth Rock|p1a: Clefable
|-sidestart|p1: shams713|move: Stealth Rock
|
|upkeep
|turn|2
|
|t:|1781556424
|-end|p2a: Baku|Protosynthesis|[silent]
|switch|p2a: Pants|Slowking-Galar, M|100/100
|move|p1a: Clefable|Knock Off|p2a: Pants
|-supereffective|p2a: Pants
|-damage|p2a: Pants|72/100
|-enditem|p2a: Pants|Assault Vest|[from] move: Knock Off|[of] p1a: Clefable
|
|upkeep
|turn|3
|
|t:|1781556433
|switch|p1a: Gliscor|Gliscor, F|100/100
|-damage|p1a: Gliscor|88/100|[from] Stealth Rock
|move|p2a: Pants|Flamethrower|p1a: Gliscor
|-damage|p1a: Gliscor|67/100
|
|-status|p1a: Gliscor|tox|[from] item: Toxic Orb
|upkeep
|turn|4
|
|t:|1781556442
|move|p1a: Gliscor|Protect|p1a: Gliscor
|-singleturn|p1a: Gliscor|Protect
|move|p2a: Pants|Ice Beam|p1a: Gliscor
|-activate|p1a: Gliscor|move: Protect
|
|-heal|p1a: Gliscor|79/100 tox|[from] ability: Poison Heal
|upkeep
|turn|5
|
|t:|1781556456
|switch|p1a: Samurott|Samurott-Hisui, M|100/100
|-damage|p1a: Samurott|88/100|[from] Stealth Rock
|switch|p2a: Suika|Ogerpon-Wellspring, F|100/100
|
|upkeep
|turn|6
|
|t:|1781556462
|switch|p1a: Clefable|Clefable, M|100/100
|move|p2a: Suika|Power Whip|p1a: Clefable
|-damage|p1a: Clefable|50/100
|-damage|p2a: Suika|84/100|[from] item: Rocky Helmet|[of] p1a: Clefable
|
|upkeep
|turn|7
|
|t:|1781556469
|move|p2a: Suika|Ivy Cudgel|p1a: Clefable|[anim] Ivy Cudgel Water
|-damage|p1a: Clefable|2/100
|move|p1a: Clefable|Moonlight|p1a: Clefable
|-heal|p1a: Clefable|52/100
|
|upkeep
|turn|8
|
|t:|1781556478
|move|p2a: Suika|Ivy Cudgel|p1a: Clefable|[anim] Ivy Cudgel Water
|-damage|p1a: Clefable|8/100
|move|p1a: Clefable|Stealth Rock|p2a: Suika
|-sidestart|p2: Liker of Mudkips|move: Stealth Rock
|
|upkeep
|turn|9
|
|t:|1781556485
|move|p2a: Suika|Ivy Cudgel|p1a: Clefable|[anim] Ivy Cudgel Water
|-damage|p1a: Clefable|0 fnt
|faint|p1a: Clefable
|
|upkeep
|
|t:|1781556502
|switch|p1a: Dragonite|Dragonite, F|100/100
|turn|10
|
|t:|1781556508
|move|p2a: Suika|U-turn|p1a: Dragonite
|-resisted|p1a: Dragonite
|-damage|p1a: Dragonite|94/100
|
|t:|1781556511
|switch|p2a: Baku|Great Tusk|100/100|[from] U-turn
|-damage|p2a: Baku|98/100|[from] Stealth Rock
|move|p1a: Dragonite|Dragon Dance|p1a: Dragonite
|-boost|p1a: Dragonite|atk|1
|-boost|p1a: Dragonite|spe|1
|
|upkeep
|turn|11
|
|t:|1781556522
|switch|p1a: Gholdengo|Gholdengo|100/100
|-damage|p1a: Gholdengo|94/100|[from] Stealth Rock
|move|p2a: Baku|Ice Spinner|p1a: Gholdengo
|-resisted|p1a: Gholdengo
|-damage|p1a: Gholdengo|78/100
|
|upkeep
|turn|12
|
|t:|1781556530
|-end|p2a: Baku|Protosynthesis|[silent]
|switch|p2a: Pants|Slowking-Galar, M|100/100
|-damage|p2a: Pants|88/100|[from] Stealth Rock
|-terastallize|p1a: Gholdengo|Ghost
|move|p1a: Gholdengo|Shadow Ball|p2a: Pants
|-supereffective|p2a: Pants
|-damage|p2a: Pants|20/100
|
|upkeep
|turn|13
|
|t:|1781556544
|move|p1a: Gholdengo|Shadow Ball|p2a: Pants
|-supereffective|p2a: Pants
|-damage|p2a: Pants|0 fnt
|faint|p2a: Pants
|
|upkeep
|
|t:|1781556554
|switch|p2a: Nobunaga|Kingambit, M|100/100
|-damage|p2a: Nobunaga|94/100|[from] Stealth Rock
|-activate|p2a: Nobunaga|ability: Supreme Overlord
|-start|p2a: Nobunaga|fallen1|[silent]
|-item|p2a: Nobunaga|Air Balloon
|turn|14
|
|t:|1781556560
|switch|p1a: Zamazenta|Zamazenta|100/100
|-damage|p1a: Zamazenta|94/100|[from] Stealth Rock
|-ability|p1a: Zamazenta|Dauntless Shield|boost
|-boost|p1a: Zamazenta|def|1
|move|p2a: Nobunaga|Swords Dance|p2a: Nobunaga
|-boost|p2a: Nobunaga|atk|2
|
|-heal|p1a: Zamazenta|100/100|[from] item: Leftovers
|upkeep
|turn|15
|
|t:|1781556572
|-terastallize|p2a: Nobunaga|Fighting
|move|p1a: Zamazenta|Iron Defense|p1a: Zamazenta
|-boost|p1a: Zamazenta|def|2
|move|p2a: Nobunaga|Low Kick|p1a: Zamazenta
|-damage|p1a: Zamazenta|52/100
|
|-heal|p1a: Zamazenta|58/100|[from] item: Leftovers
|upkeep
|turn|16
|
|t:|1781556581
|move|p1a: Zamazenta|Body Press|p2a: Nobunaga
|-damage|p2a: Nobunaga|22/100
|-enditem|p2a: Nobunaga|Air Balloon
|move|p2a: Nobunaga|Low Kick|p1a: Zamazenta
|-damage|p1a: Zamazenta|11/100
|
|-heal|p1a: Zamazenta|17/100|[from] item: Leftovers
|upkeep
|turn|17
|
|t:|1781556594
|-end|p2a: Nobunaga|fallen1|[silent]
|switch|p2a: Baku|Great Tusk|98/100
|-damage|p2a: Baku|95/100|[from] Stealth Rock
|move|p1a: Zamazenta|Iron Defense|p1a: Zamazenta
|-boost|p1a: Zamazenta|def|2
|
|-heal|p1a: Zamazenta|23/100|[from] item: Leftovers
|upkeep
|turn|18
|
|t:|1781556603
|move|p1a: Zamazenta|Body Press|p2a: Baku
|-damage|p2a: Baku|0 fnt
|-damage|p1a: Zamazenta|7/100|[from] item: Rocky Helmet|[of] p2a: Baku
|faint|p2a: Baku
|-end|p2a: Baku|Protosynthesis|[silent]
|
|-heal|p1a: Zamazenta|13/100|[from] item: Leftovers
|upkeep
|
|t:|1781556610
|switch|p2a: Kos|Dragapult, F|100/100
|-damage|p2a: Kos|88/100|[from] Stealth Rock
|turn|19
|
|t:|1781556618
|switch|p1a: Samurott|Samurott-Hisui, M|88/100
|-damage|p1a: Samurott|76/100|[from] Stealth Rock
|move|p2a: Kos|Shadow Ball|p1a: Samurott
|-resisted|p1a: Samurott
|-damage|p1a: Samurott|55/100
|
|upkeep
|turn|20
|
|t:|1781556627
|switch|p2a: Suika|Ogerpon-Wellspring, F|84/100
|-damage|p2a: Suika|72/100|[from] Stealth Rock
|move|p1a: Samurott|Ceaseless Edge|p2a: Suika|[miss]
|-miss|p1a: Samurott|p2a: Suika
|
|upkeep
|turn|21
|
|t:|1781556638
|switch|p1a: Dragonite|Dragonite, F|94/100
|move|p2a: Suika|Power Whip|p1a: Dragonite
|-resisted|p1a: Dragonite
|-damage|p1a: Dragonite|76/100
|
|upkeep
|turn|22
|
|t:|1781556647
|move|p2a: Suika|Knock Off|p1a: Dragonite
|-damage|p1a: Dragonite|39/100
|-enditem|p1a: Dragonite|Heavy-Duty Boots|[from] move: Knock Off|[of] p2a: Suika
|move|p1a: Dragonite|Roost|p1a: Dragonite
|-heal|p1a: Dragonite|89/100
|-singleturn|p1a: Dragonite|move: Roost
|
|upkeep
|turn|23
|
|t:|1781556664
|move|p1a: Dragonite|Extreme Speed|p2a: Suika
|-damage|p2a: Suika|29/100
|move|p2a: Suika|U-turn|p1a: Dragonite
|-resisted|p1a: Dragonite
|-damage|p1a: Dragonite|76/100
|
|t:|1781556675
|switch|p2a: Kos|Dragapult, F|88/100|[from] U-turn
|-damage|p2a: Kos|76/100|[from] Stealth Rock
|
|upkeep
|turn|24
|
|t:|1781556682
|move|p2a: Kos|Draco Meteor|p1a: Dragonite
|-supereffective|p1a: Dragonite
|-crit|p1a: Dragonite
|-damage|p1a: Dragonite|0 fnt
|-unboost|p2a: Kos|spa|2
|faint|p1a: Dragonite
|
|upkeep
|
|t:|1781556685
|switch|p1a: Samurott|Samurott-Hisui, M|55/100
|-damage|p1a: Samurott|43/100|[from] Stealth Rock
|turn|25
|
|t:|1781556693
|switch|p2a: Larxene|Zapdos|100/100
|move|p1a: Samurott|Ceaseless Edge|p2a: Larxene
|-damage|p2a: Larxene|49/100
|-sidestart|p2: Liker of Mudkips|Spikes
|
|upkeep
|turn|26
|
|t:|1781556701
|move|p2a: Larxene|Hurricane|p1a: Samurott
|-damage|p1a: Samurott|0 fnt
|faint|p1a: Samurott
|
|upkeep
|
|t:|1781556708
|switch|p1a: Gholdengo|Gholdengo, tera:Ghost|78/100
|-damage|p1a: Gholdengo|66/100|[from] Stealth Rock
|turn|27
|
|t:|1781556715
|move|p1a: Gholdengo|Shadow Ball|p2a: Larxene
|-damage|p2a: Larxene|0 fnt
|faint|p2a: Larxene
|
|upkeep
|
|t:|1781556729
|switch|p2a: Nobunaga|Kingambit, M, tera:Fighting|22/100
|-damage|p2a: Nobunaga|15/100|[from] Stealth Rock
|-damage|p2a: Nobunaga|3/100|[from] Spikes
|-activate|p2a: Nobunaga|ability: Supreme Overlord
|-start|p2a: Nobunaga|fallen3|[silent]
|turn|28
|
|t:|1781556738
|switch|p1a: Zamazenta|Zamazenta|13/100
|-damage|p1a: Zamazenta|7/100|[from] Stealth Rock
|move|p2a: Nobunaga|Sucker Punch||[still]
|-fail|p2a: Nobunaga
|
|-heal|p1a: Zamazenta|13/100|[from] item: Leftovers
|upkeep
|turn|29
|
|t:|1781556747
|move|p2a: Nobunaga|Low Kick|p1a: Zamazenta
|-damage|p1a: Zamazenta|0 fnt
|faint|p1a: Zamazenta
|
|upkeep
|
|t:|1781556750
|switch|p1a: Gliscor|Gliscor, F|79/100 tox
|-damage|p1a: Gliscor|67/100 tox|[from] Stealth Rock
|turn|30
|
|t:|1781556764
|move|p1a: Gliscor|Facade|p2a: Nobunaga
|-damage|p2a: Nobunaga|0 fnt
|faint|p2a: Nobunaga
|-end|p2a: Nobunaga|fallen3|[silent]
|
|-heal|p1a: Gliscor|79/100 tox|[from] ability: Poison Heal
|upkeep
|
|t:|1781556771
|switch|p2a: Suika|Ogerpon-Wellspring, F|29/100
|-damage|p2a: Suika|17/100|[from] Stealth Rock
|-damage|p2a: Suika|5/100|[from] Spikes
|turn|31
|
|t:|1781556777
|move|p2a: Suika|Ivy Cudgel|p1a: Gliscor|[anim] Ivy Cudgel Water
|-supereffective|p1a: Gliscor
|-crit|p1a: Gliscor
|-damage|p1a: Gliscor|0 fnt
|faint|p1a: Gliscor
|
|upkeep
|
|t:|1781556779
|switch|p1a: Gholdengo|Gholdengo, tera:Ghost|66/100
|-damage|p1a: Gholdengo|54/100|[from] Stealth Rock
|turn|32
|
|t:|1781556784
|move|p1a: Gholdengo|Shadow Ball|p2a: Suika
|-damage|p2a: Suika|0 fnt
|faint|p2a: Suika
|
|upkeep
|
|t:|1781556789
|switch|p2a: Kos|Dragapult, F|76/100
|-damage|p2a: Kos|64/100|[from] Stealth Rock
|-damage|p2a: Kos|51/100|[from] Spikes
|turn|33
|
|t:|1781556794
|move|p1a: Gholdengo|Shadow Ball|p2a: Kos
|-supereffective|p2a: Kos
|-damage|p2a: Kos|0 fnt
|faint|p2a: Kos
|
|win|shams713
|raw|shams713's rating: 1595 &rarr; <strong>1616</strong><br />(+21 for winning)
|raw|Liker of Mudkips's rating: 1617 &rarr; <strong>1596</strong><br />(-21 for losing)
|c|☆shams713|gg
|l|☆Liker of Mudkips
|player|p2|
