|j|☆MewEnRage
|j|☆I Stay Untouched
|t:|1781038335
|gametype|singles
|player|p1|MewEnRage|falkner|1555
|player|p2|I Stay Untouched|cynthia|1551
|gen|9
|tier|[Gen 9] OU
|rated|
|rule|HP Percentage Mod: HP is shown in percentages
|rule|Endless Battle Clause: Forcing endless battles is banned
|rule|Species Clause: Limit one of each Pokémon
|rule|OHKO Clause: OHKO moves are banned
|rule|Evasion Items Clause: Evasion items are banned
|rule|Evasion Moves Clause: Evasion moves are banned
|rule|Evasion Abilities Clause: Evasion abilities are banned
|rule|Sleep Moves Clause: Sleep-inducing moves are banned
|clearpoke
|poke|p1|Terrakion|
|poke|p1|Salazzle, F|
|poke|p1|Donphan, F|
|poke|p1|Lapras, M|
|poke|p1|Corviknight, F|
|poke|p1|Dragapult, F|
|poke|p2|Ogerpon-Wellspring, F|
|poke|p2|Kyurem|
|poke|p2|Zapdos|
|poke|p2|Great Tusk|
|poke|p2|Kingambit, F|
|poke|p2|Slowking-Galar, M|
|teampreview
|c|☆MewEnRage|gl hf
|c|☆I Stay Untouched|u2
|
|t:|1781038343
|teamsize|p1|6
|teamsize|p2|6
|start
|switch|p1a: Dragapult|Dragapult, F|100/100
|switch|p2a: Kyurem|Kyurem|100/100
|-ability|p2a: Kyurem|Pressure
|turn|1
|
|t:|1781038348
|switch|p2a: Kingambit|Kingambit, F|100/100
|move|p1a: Dragapult|Dragon Darts|p2a: Kingambit
|-resisted|p2a: Kingambit
|-damage|p2a: Kingambit|92/100
|-anim|p1a: Dragapult|Dragon Darts|p2a: Kingambit
|-resisted|p2a: Kingambit
|-damage|p2a: Kingambit|84/100
|
|-heal|p2a: Kingambit|90/100|[from] item: Leftovers
|upkeep
|turn|2
|
|t:|1781038355
|move|p1a: Dragapult|Will-O-Wisp|p2a: Kingambit
|-status|p2a: Kingambit|brn
|move|p2a: Kingambit|Kowtow Cleave|p1a: Dragapult
|-supereffective|p1a: Dragapult
|-damage|p1a: Dragapult|29/100
|
|-heal|p2a: Kingambit|96/100 brn|[from] item: Leftovers
|-damage|p2a: Kingambit|90/100 brn|[from] brn
|upkeep
|turn|3
|
|t:|1781038362
|switch|p1a: Corviknight|Corviknight, F|100/100
|-ability|p1a: Corviknight|Pressure
|move|p2a: Kingambit|Kowtow Cleave|p1a: Corviknight
|-damage|p1a: Corviknight|79/100
|-damage|p2a: Kingambit|73/100 brn|[from] item: Rocky Helmet|[of] p1a: Corviknight
|
|-heal|p2a: Kingambit|80/100 brn|[from] item: Leftovers
|-damage|p2a: Kingambit|73/100 brn|[from] brn
|upkeep
|turn|4
|
|t:|1781038366
|-end|p2a: Kingambit|fallenundefined|[silent]
|switch|p2a: Zapdos|Zapdos|100/100
|move|p1a: Corviknight|U-turn|p2a: Zapdos
|-resisted|p2a: Zapdos
|-crit|p2a: Zapdos
|-damage|p2a: Zapdos|93/100
|
|t:|1781038373
|switch|p1a: Terrakion|Terrakion|100/100|[from] U-turn
|
|upkeep
|turn|5
|
|t:|1781038391
|switch|p2a: Great Tusk|Great Tusk|100/100
|move|p1a: Terrakion|Rock Slide|p2a: Great Tusk
|-resisted|p2a: Great Tusk
|-damage|p2a: Great Tusk|93/100
|
|upkeep
|turn|6
|
|t:|1781038399
|switch|p1a: Corviknight|Corviknight, F|79/100
|-ability|p1a: Corviknight|Pressure
|move|p2a: Great Tusk|Stealth Rock|p1a: Corviknight
|-sidestart|p1: MewEnRage|move: Stealth Rock
|
|upkeep
|turn|7
|
|t:|1781038406
|move|p2a: Great Tusk|Knock Off|p1a: Corviknight
|-damage|p1a: Corviknight|51/100
|-damage|p2a: Great Tusk|77/100|[from] item: Rocky Helmet|[of] p1a: Corviknight
|-enditem|p1a: Corviknight|Rocky Helmet|[from] move: Knock Off|[of] p2a: Great Tusk
|move|p1a: Corviknight|Defog|p2a: Great Tusk
|-unboost|p2a: Great Tusk|evasion|1
|-sideend|p1: MewEnRage|Stealth Rock|[from] move: Defog|[of] p1a: Corviknight
|
|upkeep
|turn|8
|
|t:|1781038411
|-end|p2a: Great Tusk|Protosynthesis|[silent]
|switch|p2a: Zapdos|Zapdos|93/100
|move|p1a: Corviknight|Roost|p1a: Corviknight
|-heal|p1a: Corviknight|100/100
|-singleturn|p1a: Corviknight|move: Roost
|
|upkeep
|turn|9
|
|t:|1781038417
|switch|p1a: Donphan|Donphan, F|100/100
|move|p2a: Zapdos|Discharge|p1a: Donphan
|-immune|p1a: Donphan
|
|upkeep
|turn|10
|
|t:|1781038425
|move|p2a: Zapdos|U-turn|p1a: Donphan
|-damage|p1a: Donphan|90/100
|
|t:|1781038431
|switch|p2a: Ogerpon|Ogerpon-Wellspring, F|100/100|[from] U-turn
|move|p1a: Donphan|Stealth Rock|p2a: Ogerpon
|-sidestart|p2: I Stay Untouched|move: Stealth Rock
|
|upkeep
|turn|11
|
|t:|1781038434
|switch|p1a: Lapras|Lapras, M|100/100
|move|p2a: Ogerpon|Swords Dance|p2a: Ogerpon
|-boost|p2a: Ogerpon|atk|2
|
|upkeep
|turn|12
|
|t:|1781038438
|move|p2a: Ogerpon|Power Whip|p1a: Lapras
|-supereffective|p1a: Lapras
|-damage|p1a: Lapras|0 fnt
|faint|p1a: Lapras
|
|upkeep
|
|t:|1781038442
|switch|p1a: Salazzle|Salazzle, F|100/100
|turn|13
|
|t:|1781038448
|-terastallize|p2a: Ogerpon|Water
|detailschange|p2a: Ogerpon|Ogerpon-Wellspring-Tera, F, tera:Water
|-ability|p2a: Ogerpon|Embody Aspect (Wellspring)|boost
|-boost|p2a: Ogerpon|spd|1
|move|p1a: Salazzle|Encore|p2a: Ogerpon
|-start|p2a: Ogerpon|Encore
|move|p2a: Ogerpon|Power Whip|p1a: Salazzle
|-resisted|p1a: Salazzle
|-damage|p1a: Salazzle|35/100
|
|-heal|p1a: Salazzle|41/100|[from] item: Leftovers
|upkeep
|turn|14
|
|t:|1781038456
|switch|p1a: Corviknight|Corviknight, F|100/100
|-ability|p1a: Corviknight|Pressure
|move|p2a: Ogerpon|Power Whip|p1a: Corviknight|[miss]
|-miss|p2a: Ogerpon|p1a: Corviknight
|
|upkeep
|turn|15
|
|t:|1781038460
|move|p2a: Ogerpon|Power Whip|p1a: Corviknight
|-resisted|p1a: Corviknight
|-damage|p1a: Corviknight|73/100
|move|p1a: Corviknight|Brave Bird|p2a: Ogerpon
|-damage|p2a: Ogerpon|48/100
|-damage|p1a: Corviknight|60/100|[from] Recoil
|
|-end|p2a: Ogerpon|Encore
|upkeep
|turn|16
|
|t:|1781038466
|move|p2a: Ogerpon|Ivy Cudgel|p1a: Corviknight|[anim] Ivy Cudgel Water
|-damage|p1a: Corviknight|0 fnt
|faint|p1a: Corviknight
|
|upkeep
|
|t:|1781038468
|switch|p1a: Salazzle|Salazzle, F|41/100
|turn|17
|
|t:|1781038472
|move|p1a: Salazzle|Toxic|p2a: Ogerpon
|-status|p2a: Ogerpon|tox
|move|p2a: Ogerpon|Ivy Cudgel|p1a: Salazzle|[anim] Ivy Cudgel Water
|-supereffective|p1a: Salazzle
|-damage|p1a: Salazzle|0 fnt
|faint|p1a: Salazzle
|
|-damage|p2a: Ogerpon|42/100 tox|[from] psn
|upkeep
|
|t:|1781038476
|switch|p1a: Dragapult|Dragapult, F|29/100
|turn|18
|
|t:|1781038482
|switch|p2a: Kingambit|Kingambit, F|73/100 brn
|-damage|p2a: Kingambit|67/100 brn|[from] Stealth Rock
|move|p1a: Dragapult|Dragon Darts|p2a: Kingambit
|-resisted|p2a: Kingambit
|-damage|p2a: Kingambit|58/100 brn
|-anim|p1a: Dragapult|Dragon Darts|p2a: Kingambit
|-resisted|p2a: Kingambit
|-damage|p2a: Kingambit|49/100 brn
|
|-heal|p2a: Kingambit|55/100 brn|[from] item: Leftovers
|-damage|p2a: Kingambit|49/100 brn|[from] brn
|upkeep
|turn|19
|
|t:|1781038494
|move|p1a: Dragapult|U-turn|p2a: Kingambit
|-damage|p2a: Kingambit|30/100 brn
|
|t:|1781038498
|switch|p1a: Terrakion|Terrakion|100/100|[from] U-turn
|move|p2a: Kingambit|Kowtow Cleave|p1a: Terrakion
|-resisted|p1a: Terrakion
|-damage|p1a: Terrakion|87/100
|-ability|p1a: Terrakion|Justified|boost
|-boost|p1a: Terrakion|atk|1
|
|-heal|p2a: Kingambit|36/100 brn|[from] item: Leftovers
|-damage|p2a: Kingambit|30/100 brn|[from] brn
|upkeep
|turn|20
|
|t:|1781038514
|-end|p2a: Kingambit|fallenundefined|[silent]
|switch|p2a: Zapdos|Zapdos|93/100
|move|p1a: Terrakion|Swords Dance|p1a: Terrakion
|-boost|p1a: Terrakion|atk|2
|
|upkeep
|turn|21
|
|t:|1781038519
|move|p1a: Terrakion|Rock Slide|p2a: Zapdos
|-supereffective|p2a: Zapdos
|-damage|p2a: Zapdos|0 fnt
|faint|p2a: Zapdos
|
|upkeep
|
|t:|1781038523
|switch|p2a: Ogerpon|Ogerpon-Wellspring-Tera, F, tera:Water|42/100 tox
|-damage|p2a: Ogerpon|29/100 tox|[from] Stealth Rock
|-ability|p2a: Ogerpon|Embody Aspect (Wellspring)|boost
|-boost|p2a: Ogerpon|spd|1
|turn|22
|
|t:|1781038526
|move|p1a: Terrakion|Endure|p1a: Terrakion
|-singleturn|p1a: Terrakion|move: Endure
|move|p2a: Ogerpon|Ivy Cudgel|p1a: Terrakion|[anim] Ivy Cudgel Water
|-supereffective|p1a: Terrakion
|-activate|p1a: Terrakion|move: Endure
|-damage|p1a: Terrakion|1/100
|-enditem|p1a: Terrakion|Salac Berry|[eat]
|-boost|p1a: Terrakion|spe|1|[from] item: Salac Berry
|
|-damage|p2a: Ogerpon|23/100 tox|[from] psn
|upkeep
|turn|23
|
|t:|1781038552
|switch|p2a: Great Tusk|Great Tusk|77/100
|move|p1a: Terrakion|Reversal|p2a: Great Tusk
|-damage|p2a: Great Tusk|0 fnt
|faint|p2a: Great Tusk
|-end|p2a: Great Tusk|Protosynthesis|[silent]
|
|upkeep
|
|t:|1781038558
|switch|p2a: Kingambit|Kingambit, F|30/100 brn
|-damage|p2a: Kingambit|24/100 brn|[from] Stealth Rock
|-activate|p2a: Kingambit|ability: Supreme Overlord
|-start|p2a: Kingambit|fallen2|[silent]
|turn|24
|
|t:|1781038563
|switch|p1a: Donphan|Donphan, F|90/100
|move|p2a: Kingambit|Sucker Punch||[still]
|-fail|p2a: Kingambit
|
|-heal|p2a: Kingambit|30/100 brn|[from] item: Leftovers
|-damage|p2a: Kingambit|24/100 brn|[from] brn
|upkeep
|turn|25
|
|t:|1781038573
|-end|p2a: Kingambit|fallen2|[silent]
|switch|p2a: Kyurem|Kyurem|100/100
|-damage|p2a: Kyurem|76/100|[from] Stealth Rock
|-ability|p2a: Kyurem|Pressure
|move|p1a: Donphan|Earthquake|p2a: Kyurem
|-damage|p2a: Kyurem|37/100
|
|upkeep
|turn|26
|
|t:|1781038587
|switch|p1a: Terrakion|Terrakion|1/100
|move|p2a: Kyurem|Freeze-Dry|p1a: Terrakion
|-damage|p1a: Terrakion|0 fnt
|faint|p1a: Terrakion
|
|upkeep
|
|t:|1781038589
|switch|p1a: Dragapult|Dragapult, F|29/100
|turn|27
|
|t:|1781038601
|switch|p2a: Kingambit|Kingambit, F|24/100 brn
|-damage|p2a: Kingambit|18/100 brn|[from] Stealth Rock
|-activate|p2a: Kingambit|ability: Supreme Overlord
|-start|p2a: Kingambit|fallen2|[silent]
|move|p1a: Dragapult|Dragon Darts|p2a: Kingambit
|-resisted|p2a: Kingambit
|-damage|p2a: Kingambit|9/100 brn
|-anim|p1a: Dragapult|Dragon Darts|p2a: Kingambit
|-resisted|p2a: Kingambit
|-damage|p2a: Kingambit|0 fnt
|faint|p2a: Kingambit
|-end|p2a: Kingambit|fallen2|[silent]
|
|upkeep
|
|t:|1781038603
|switch|p2a: Slowking|Slowking-Galar, M|100/100
|turn|28
|
|t:|1781038610
|move|p1a: Dragapult|Dragon Darts|p2a: Slowking
|-damage|p2a: Slowking|75/100
|-anim|p1a: Dragapult|Dragon Darts|p2a: Slowking
|-damage|p2a: Slowking|48/100
|move|p2a: Slowking|Psyshock|p1a: Dragapult
|-damage|p1a: Dragapult|0 fnt
|faint|p1a: Dragapult
|
|upkeep
|
|t:|1781038612
|switch|p1a: Donphan|Donphan, F|90/100
|turn|29
|
|t:|1781038616
|move|p1a: Donphan|Earthquake|p2a: Slowking
|-supereffective|p2a: Slowking
|-damage|p2a: Slowking|0 fnt
|faint|p2a: Slowking
|
|upkeep
|
|t:|1781038621
|switch|p2a: Kyurem|Kyurem|37/100
|-damage|p2a: Kyurem|13/100|[from] Stealth Rock
|-ability|p2a: Kyurem|Pressure
|turn|30
|
|t:|1781038630
|-terastallize|p1a: Donphan|Fairy
|move|p2a: Kyurem|Freeze-Dry|p1a: Donphan
|-damage|p1a: Donphan|39/100
|move|p1a: Donphan|Earthquake|p2a: Kyurem
|-damage|p2a: Kyurem|0 fnt
|faint|p2a: Kyurem
|
|upkeep
|
|t:|1781038636
|switch|p2a: Ogerpon|Ogerpon-Wellspring-Tera, F, tera:Water|23/100 tox
|-damage|p2a: Ogerpon|11/100 tox|[from] Stealth Rock
|-ability|p2a: Ogerpon|Embody Aspect (Wellspring)|boost
|-boost|p2a: Ogerpon|spd|1
|turn|31
|
|t:|1781038638
|move|p2a: Ogerpon|Ivy Cudgel|p1a: Donphan|[anim] Ivy Cudgel Water
|-crit|p1a: Donphan
|-damage|p1a: Donphan|0 fnt
|faint|p1a: Donphan
|
|win|I Stay Untouched
|raw|MewEnRage's rating: 1555 &rarr; <strong>1535</strong><br />(-20 for losing)
|raw|I Stay Untouched's rating: 1551 &rarr; <strong>1571</strong><br />(+20 for winning)
|l|☆MewEnRage
|player|p1|
|c|☆I Stay Untouched|ggwp
|l|☆I Stay Untouched
|player|p2|
