|j|☆LowEL0God
|j|☆thegreatestnone
|t:|1781531263
|gametype|singles
|player|p1|LowEL0God|265|1654
|player|p2|thegreatestnone|102|1630
|gen|9
|tier|[Gen 9] OU
|rated|
|rule|HP Percentage Mod: HP is shown in percentages
|rule|Endless Battle Clause: Forcing endless battles is banned
|rule|Species Clause: Limit one of each Pokémon
|rule|OHKO Clause: OHKO moves are banned
|rule|Evasion Items Clause: Evasion items are banned
|rule|Evasion Moves Clause: Evasion moves are banned
|rule|Evasion Abilities Clause: Evasion abilities are banned
|rule|Sleep Moves Clause: Sleep-inducing moves are banned
|clearpoke
|poke|p1|Pelipper, F|
|poke|p1|Raging Bolt|
|poke|p1|Overqwil, M|
|poke|p1|Barraskewda, F|
|poke|p1|Iron Treads|
|poke|p1|Kingambit, F|
|poke|p2|Pawmot, M|
|poke|p2|Ting-Lu|
|poke|p2|Skeledirge, M|
|poke|p2|Greninja-*, M|
|poke|p2|Weezing-Galar, F|
|poke|p2|Slowking, M|
|teampreview
|c|☆LowEL0God|hf
|inactive|Battle timer is ON: inactive players will automatically lose when time's up. (requested by LowEL0God)
|j| JakobPetersonV
|l| JakobPetersonV
|inactive|thegreatestnone has 120 seconds left.
|
|t:|1781531307
|teamsize|p1|6
|teamsize|p2|6
|start
|switch|p1a: Kingambit|Kingambit, F|100/100
|switch|p2a: Pawmot|Pawmot, M|100/100
|turn|1
|
|t:|1781531314
|move|p2a: Pawmot|Close Combat|p1a: Kingambit
|-supereffective|p1a: Kingambit
|-damage|p1a: Kingambit|0 fnt
|-unboost|p2a: Pawmot|def|1
|-unboost|p2a: Pawmot|spd|1
|faint|p1a: Kingambit
|-end|p1a: Kingambit|fallenundefined|[silent]
|
|upkeep
|j| nesnot
|
|t:|1781531316
|switch|p1a: Barraskewda|Barraskewda, F|100/100
|turn|2
|
|t:|1781531320
|switch|p2a: Slowking|Slowking, M|100/100
|move|p1a: Barraskewda|Liquidation|p2a: Slowking
|-resisted|p2a: Slowking
|-damage|p2a: Slowking|62/100
|
|upkeep
|turn|3
|
|t:|1781531323
|move|p1a: Barraskewda|Liquidation|p2a: Slowking
|-resisted|p2a: Slowking
|-damage|p2a: Slowking|23/100
|-unboost|p2a: Slowking|def|1
|-prepare|p2a: Slowking|Chilly Reception|[premajor]
|move|p2a: Slowking|Chilly Reception|p2a: Slowking
|-weather|Snowscape
|
|t:|1781531330
|switch|p2a: Pawmot|Pawmot, M|100/100|[from] Chilly Reception
|
|-weather|Snowscape|[upkeep]
|upkeep
|turn|4
|
|t:|1781531335
|switch|p1a: Raging Bolt|Raging Bolt|100/100
|-enditem|p1a: Raging Bolt|Booster Energy
|-activate|p1a: Raging Bolt|ability: Protosynthesis|[fromitem]
|-start|p1a: Raging Bolt|protosynthesisspa
|move|p2a: Pawmot|Supercell Slam|p1a: Raging Bolt
|-resisted|p1a: Raging Bolt
|-damage|p1a: Raging Bolt|90/100
|
|-weather|Snowscape|[upkeep]
|upkeep
|turn|5
|
|t:|1781531338
|switch|p2a: Ting-Lu|Ting-Lu|100/100
|-ability|p2a: Ting-Lu|Vessel of Ruin
|move|p1a: Raging Bolt|Weather Ball|p2a: Ting-Lu
|-supereffective|p2a: Ting-Lu
|-damage|p2a: Ting-Lu|55/100
|
|-weather|Snowscape|[upkeep]
|-heal|p2a: Ting-Lu|61/100|[from] item: Leftovers
|upkeep
|turn|6
|
|t:|1781531340
|move|p1a: Raging Bolt|Weather Ball|p2a: Ting-Lu
|-supereffective|p2a: Ting-Lu
|-damage|p2a: Ting-Lu|15/100
|move|p2a: Ting-Lu|Earthquake|p1a: Raging Bolt
|-supereffective|p1a: Raging Bolt
|-damage|p1a: Raging Bolt|22/100
|
|-weather|Snowscape|[upkeep]
|-heal|p2a: Ting-Lu|21/100|[from] item: Leftovers
|upkeep
|turn|7
|
|t:|1781531347
|move|p1a: Raging Bolt|Weather Ball|p2a: Ting-Lu
|-supereffective|p2a: Ting-Lu
|-damage|p2a: Ting-Lu|0 fnt
|faint|p2a: Ting-Lu
|
|-weather|none
|upkeep
|
|t:|1781531350
|switch|p2a: Pawmot|Pawmot, M|100/100
|turn|8
|
|t:|1781531353
|move|p1a: Raging Bolt|Thunderclap|p2a: Pawmot
|-immune|p2a: Pawmot|[from] ability: Volt Absorb
|move|p2a: Pawmot|Close Combat|p1a: Raging Bolt
|-damage|p1a: Raging Bolt|0 fnt
|-unboost|p2a: Pawmot|def|1
|-unboost|p2a: Pawmot|spd|1
|faint|p1a: Raging Bolt
|-end|p1a: Raging Bolt|Protosynthesis|[silent]
|
|upkeep
|
|t:|1781531355
|switch|p1a: Barraskewda|Barraskewda, F|100/100
|turn|9
|
|t:|1781531361
|switch|p2a: Slowking|Slowking, M|56/100
|move|p1a: Barraskewda|Flip Turn|p2a: Slowking
|-resisted|p2a: Slowking
|-damage|p2a: Slowking|32/100
|
|t:|1781531362
|switch|p1a: Overqwil|Overqwil, M|100/100|[from] Flip Turn
|
|upkeep
|turn|10
|
|t:|1781531368
|move|p1a: Overqwil|Gunk Shot|p2a: Slowking
|-damage|p2a: Slowking|0 fnt
|faint|p2a: Slowking
|-damage|p1a: Overqwil|91/100|[from] item: Life Orb
|
|upkeep
|
|t:|1781531374
|switch|p2a: Greninja|Greninja, M|100/100
|turn|11
|
|t:|1781531382
|-terastallize|p1a: Overqwil|Water
|move|p2a: Greninja|Surf|p1a: Overqwil
|-start|p2a: Greninja|typechange|Water|[from] ability: Protean
|-resisted|p1a: Overqwil
|-damage|p1a: Overqwil|46/100
|move|p1a: Overqwil|Gunk Shot|p2a: Greninja
|-damage|p2a: Greninja|0 fnt
|faint|p2a: Greninja
|-damage|p1a: Overqwil|36/100|[from] item: Life Orb
|
|upkeep
|
|t:|1781531391
|switch|p2a: Pawmot|Pawmot, M|100/100
|turn|12
|
|t:|1781531394
|move|p2a: Pawmot|Close Combat|p1a: Overqwil
|-damage|p1a: Overqwil|0 fnt
|-unboost|p2a: Pawmot|def|1
|-unboost|p2a: Pawmot|spd|1
|faint|p1a: Overqwil
|
|upkeep
|
|t:|1781531395
|switch|p1a: Barraskewda|Barraskewda, F|100/100
|turn|13
|j| newhere1310
|
|t:|1781531400
|switch|p2a: Weezing|Weezing-Galar, F|100/100
|move|p1a: Barraskewda|Liquidation|p2a: Weezing
|-damage|p2a: Weezing|54/100
|-unboost|p2a: Weezing|def|1
|
|-heal|p2a: Weezing|60/100|[from] item: Leftovers
|upkeep
|turn|14
|
|t:|1781531407
|move|p1a: Barraskewda|Liquidation|p2a: Weezing
|-damage|p2a: Weezing|0 fnt
|faint|p2a: Weezing
|
|upkeep
|
|t:|1781531410
|switch|p2a: Skeledirge|Skeledirge, M|100/100
|turn|15
|
|t:|1781531412
|-terastallize|p2a: Skeledirge|Water
|move|p1a: Barraskewda|Liquidation|p2a: Skeledirge
|-resisted|p2a: Skeledirge
|-crit|p2a: Skeledirge
|-damage|p2a: Skeledirge|70/100
|-unboost|p2a: Skeledirge|def|1
|move|p2a: Skeledirge|Will-O-Wisp|p1a: Barraskewda
|-status|p1a: Barraskewda|brn
|
|-damage|p1a: Barraskewda|94/100 brn|[from] brn
|upkeep
|turn|16
|
|t:|1781531417
|move|p1a: Barraskewda|Liquidation|p2a: Skeledirge
|-resisted|p2a: Skeledirge
|-damage|p2a: Skeledirge|55/100
|move|p2a: Skeledirge|Hex|p1a: Barraskewda
|-damage|p1a: Barraskewda|0 fnt
|faint|p1a: Barraskewda
|
|upkeep
|
|t:|1781531418
|switch|p1a: Pelipper|Pelipper, F|100/100
|-weather|RainDance|[from] ability: Drizzle|[of] p1a: Pelipper
|turn|17
|
|t:|1781531428
|move|p2a: Skeledirge|Slack Off|p2a: Skeledirge
|-heal|p2a: Skeledirge|100/100
|move|p1a: Pelipper|Hurricane|p2a: Skeledirge
|-damage|p2a: Skeledirge|61/100
|
|-weather|RainDance|[upkeep]
|upkeep
|turn|18
|
|t:|1781531435
|move|p2a: Skeledirge|Will-O-Wisp|p1a: Pelipper|[miss]
|-miss|p2a: Skeledirge|p1a: Pelipper
|move|p1a: Pelipper|Hurricane|p2a: Skeledirge
|-damage|p2a: Skeledirge|19/100
|
|-weather|RainDance|[upkeep]
|upkeep
|turn|19
|
|t:|1781531440
|move|p2a: Skeledirge|Slack Off|p2a: Skeledirge
|-heal|p2a: Skeledirge|69/100
|move|p1a: Pelipper|Hurricane|p2a: Skeledirge
|-damage|p2a: Skeledirge|32/100
|
|-weather|RainDance|[upkeep]
|upkeep
|turn|20
|
|t:|1781531449
|move|p2a: Skeledirge|Slack Off|p2a: Skeledirge
|-heal|p2a: Skeledirge|82/100
|move|p1a: Pelipper|Hurricane|p2a: Skeledirge
|-damage|p2a: Skeledirge|44/100
|
|-weather|RainDance|[upkeep]
|upkeep
|turn|21
|
|t:|1781531454
|move|p2a: Skeledirge|Slack Off|p2a: Skeledirge
|-heal|p2a: Skeledirge|94/100
|move|p1a: Pelipper|Hurricane|p2a: Skeledirge
|-damage|p2a: Skeledirge|54/100
|
|-weather|RainDance|[upkeep]
|upkeep
|turn|22
|j| choispecs ironmoth
|
|t:|1781531459
|move|p2a: Skeledirge|Hex|p1a: Pelipper
|-damage|p1a: Pelipper|67/100
|move|p1a: Pelipper|Hurricane|p2a: Skeledirge
|-damage|p2a: Skeledirge|18/100
|-start|p2a: Skeledirge|confusion
|
|-weather|RainDance|[upkeep]
|upkeep
|turn|23
|
|t:|1781531462
|-activate|p2a: Skeledirge|confusion
|move|p2a: Skeledirge|Hex|p1a: Pelipper
|-damage|p1a: Pelipper|32/100
|move|p1a: Pelipper|Hurricane|p2a: Skeledirge
|-damage|p2a: Skeledirge|0 fnt
|faint|p2a: Skeledirge
|
|-weather|RainDance|[upkeep]
|upkeep
|
|t:|1781531466
|switch|p2a: Pawmot|Pawmot, M|100/100
|turn|24
|
|t:|1781531469
|move|p2a: Pawmot|Revival Blessing|p2a: Pawmot
|
|t:|1781531472
|-heal|p2: Greninja|50/100|[from] move: Revival Blessing
|move|p1a: Pelipper|Weather Ball|p2a: Pawmot
|-damage|p2a: Pawmot|6/100
|
|-weather|none
|upkeep
|turn|25
|
|t:|1781531477
|-activate|p2a: Pawmot|move: Struggle
|move|p2a: Pawmot|Struggle|p1a: Pelipper
|-damage|p1a: Pelipper|18/100
|-damage|p2a: Pawmot|0 fnt|[from] recoil
|faint|p2a: Pawmot
|move|p1a: Pelipper|U-turn|p2: Pawmot|[notarget]
|-fail|p1a: Pelipper
|
|upkeep
|
|t:|1781531480
|switch|p2a: Greninja|Greninja, M|50/100
|turn|26
|
|t:|1781531485
|move|p2a: Greninja|Surf|p1a: Pelipper
|-start|p2a: Greninja|typechange|Water|[from] ability: Protean
|-resisted|p1a: Pelipper
|-damage|p1a: Pelipper|0 fnt
|faint|p1a: Pelipper
|
|upkeep
|
|t:|1781531487
|switch|p1a: Iron Treads|Iron Treads|100/100
|-enditem|p1a: Iron Treads|Booster Energy
|-activate|p1a: Iron Treads|ability: Quark Drive|[fromitem]
|-start|p1a: Iron Treads|quarkdrivespe
|turn|27
|
|t:|1781531491
|move|p1a: Iron Treads|Earth Power|p2a: Greninja
|-damage|p2a: Greninja|0 fnt
|faint|p2a: Greninja
|
|win|LowEL0God
|raw|LowEL0God's rating: 1654 &rarr; <strong>1673</strong><br />(+19 for winning)
|raw|thegreatestnone's rating: 1630 &rarr; <strong>1611</strong><br />(-19 for losing)
|l|☆thegreatestnone
|player|p2|
|l| newhere1310
|c|☆LowEL0God|gg
|l|☆LowEL0God
|player|p1|
|l| nesnot
|l| choispecs ironmoth
