|j|☆Brassendaer
|j|☆team10thPlanet
|t:|1781024601
|gametype|singles
|player|p1|Brassendaer|policeman-gen4|1514
|player|p2|team10thPlanet|veteran|1725
|gen|9
|tier|[Gen 9] OU
|rated|
|rule|HP Percentage Mod: HP is shown in percentages
|rule|Endless Battle Clause: Forcing endless battles is banned
|rule|Species Clause: Limit one of each Pokémon
|rule|OHKO Clause: OHKO moves are banned
|rule|Evasion Items Clause: Evasion items are banned
|rule|Evasion Moves Clause: Evasion moves are banned
|rule|Evasion Abilities Clause: Evasion abilities are banned
|rule|Sleep Moves Clause: Sleep-inducing moves are banned
|clearpoke
|poke|p1|Clefable, M|
|poke|p1|Mandibuzz, F|
|poke|p1|Tyranitar, M|
|poke|p1|Metagross|
|poke|p1|Greninja-*, M|
|poke|p1|Zamazenta-*|
|poke|p2|Zamazenta-*|
|poke|p2|Dragonite, M|
|poke|p2|Araquanid, M|
|poke|p2|Iron Treads|
|poke|p2|Hoopa-Unbound|
|poke|p2|Gholdengo|
|teampreview
|
|t:|1781024637
|teamsize|p1|6
|teamsize|p2|6
|start
|switch|p1a: Metagross|Metagross|100/100
|switch|p2a: Zamazenta|Zamazenta|100/100
|-ability|p2a: Zamazenta|Dauntless Shield|boost
|-boost|p2a: Zamazenta|def|1
|turn|1
|inactive|Battle timer is ON: inactive players will automatically lose when time's up. (requested by Brassendaer)
|
|t:|1781024648
|switch|p1a: Clefable|Clefable, M, shiny|100/100
|move|p2a: Zamazenta|Crunch|p1a: Clefable
|-resisted|p1a: Clefable
|-crit|p1a: Clefable
|-damage|p1a: Clefable|74/100
|-damage|p2a: Zamazenta|91/100|[from] item: Life Orb
|
|-heal|p1a: Clefable|80/100|[from] item: Leftovers
|upkeep
|turn|2
|
|t:|1781024659
|-terastallize|p2a: Zamazenta|Steel
|move|p2a: Zamazenta|Heavy Slam|p1a: Clefable
|-supereffective|p1a: Clefable
|-damage|p1a: Clefable|0 fnt
|faint|p1a: Clefable
|-damage|p2a: Zamazenta|81/100|[from] item: Life Orb
|
|upkeep
|
|t:|1781024665
|switch|p1a: Mandibuzz|Mandibuzz, F|100/100
|turn|3
|
|t:|1781024673
|move|p2a: Zamazenta|Ice Fang|p1a: Mandibuzz
|-supereffective|p1a: Mandibuzz
|-damage|p1a: Mandibuzz|71/100
|-damage|p2a: Zamazenta|71/100|[from] item: Life Orb
|move|p1a: Mandibuzz|Knock Off|p2a: Zamazenta
|-damage|p2a: Zamazenta|57/100
|-enditem|p2a: Zamazenta|Life Orb|[from] move: Knock Off|[of] p1a: Mandibuzz
|
|upkeep
|turn|4
|
|t:|1781024693
|move|p2a: Zamazenta|Close Combat|p1a: Mandibuzz
|-damage|p1a: Mandibuzz|40/100
|-unboost|p2a: Zamazenta|def|1
|-unboost|p2a: Zamazenta|spd|1
|move|p1a: Mandibuzz|Roost|p1a: Mandibuzz
|-heal|p1a: Mandibuzz|90/100
|-singleturn|p1a: Mandibuzz|move: Roost
|
|upkeep
|turn|5
|
|t:|1781024705
|switch|p2a: Gholdengo|Gholdengo|100/100
|move|p1a: Mandibuzz|Foul Play|p2a: Gholdengo
|-supereffective|p2a: Gholdengo
|-damage|p2a: Gholdengo|68/100
|
|upkeep
|turn|6
|
|t:|1781024714
|switch|p1a: Tyranitar|Tyranitar, M|100/100
|-weather|Sandstorm|[from] ability: Sand Stream|[of] p1a: Tyranitar
|move|p2a: Gholdengo|Trick|p1a: Tyranitar
|-activate|p2a: Gholdengo|move: Trick|[of] p1a: Tyranitar
|-item|p1a: Tyranitar|Choice Scarf|[from] move: Trick
|-item|p2a: Gholdengo|Choice Band|[from] move: Trick
|
|-weather|Sandstorm|[upkeep]
|upkeep
|turn|7
|
|t:|1781024727
|switch|p2a: Iron Treads|Iron Treads|100/100
|-enditem|p2a: Iron Treads|Booster Energy
|-activate|p2a: Iron Treads|ability: Quark Drive|[fromitem]
|-start|p2a: Iron Treads|quarkdrivespe
|move|p1a: Tyranitar|Knock Off|p2a: Iron Treads
|-damage|p2a: Iron Treads|66/100
|
|-weather|Sandstorm|[upkeep]
|upkeep
|turn|8
|
|t:|1781024739
|switch|p1a: Mandibuzz|Mandibuzz, F|90/100
|move|p2a: Iron Treads|Earthquake|p1a: Mandibuzz
|-immune|p1a: Mandibuzz
|
|-weather|Sandstorm|[upkeep]
|upkeep
|turn|9
|
|t:|1781024747
|move|p2a: Iron Treads|Ice Spinner|p1a: Mandibuzz
|-supereffective|p1a: Mandibuzz
|-damage|p1a: Mandibuzz|64/100
|move|p1a: Mandibuzz|Foul Play|p2a: Iron Treads
|-damage|p2a: Iron Treads|27/100
|
|-weather|Sandstorm|[upkeep]
|upkeep
|turn|10
|
|t:|1781024756
|move|p2a: Iron Treads|Endeavor|p1a: Mandibuzz
|-damage|p1a: Mandibuzz|21/100
|move|p1a: Mandibuzz|Roost|p1a: Mandibuzz
|-heal|p1a: Mandibuzz|71/100
|-singleturn|p1a: Mandibuzz|move: Roost
|
|-weather|none
|upkeep
|turn|11
|
|t:|1781024772
|move|p2a: Iron Treads|Endeavor|p1a: Mandibuzz
|-damage|p1a: Mandibuzz|21/100
|move|p1a: Mandibuzz|Foul Play|p2a: Iron Treads
|-damage|p2a: Iron Treads|0 fnt
|faint|p2a: Iron Treads
|-end|p2a: Iron Treads|Quark Drive|[silent]
|
|upkeep
|
|t:|1781024786
|switch|p2a: Gholdengo|Gholdengo|68/100
|turn|12
|
|t:|1781024793
|switch|p1a: Tyranitar|Tyranitar, M|100/100
|-weather|Sandstorm|[from] ability: Sand Stream|[of] p1a: Tyranitar
|move|p2a: Gholdengo|Dazzling Gleam|p1a: Tyranitar
|-supereffective|p1a: Tyranitar
|-damage|p1a: Tyranitar|60/100
|
|-weather|Sandstorm|[upkeep]
|upkeep
|turn|13
|
|t:|1781024807
|move|p1a: Tyranitar|Low Kick|p2a: Gholdengo
|-immune|p2a: Gholdengo
|move|p2a: Gholdengo|Dazzling Gleam|p1a: Tyranitar
|-supereffective|p1a: Tyranitar
|-damage|p1a: Tyranitar|24/100
|
|-weather|Sandstorm|[upkeep]
|upkeep
|turn|14
|
|t:|1781024817
|switch|p1a: Metagross|Metagross|100/100
|move|p2a: Gholdengo|Dazzling Gleam|p1a: Metagross
|-resisted|p1a: Metagross
|-damage|p1a: Metagross|85/100
|
|-weather|Sandstorm|[upkeep]
|upkeep
|turn|15
|
|t:|1781024837
|switch|p2a: Johnny Tsunami 🌊|Araquanid, M|100/100
|move|p1a: Metagross|Stealth Rock|p2a: Johnny Tsunami 🌊
|-sidestart|p2: team10thPlanet|move: Stealth Rock
|
|-weather|Sandstorm|[upkeep]
|-damage|p2a: Johnny Tsunami 🌊|94/100|[from] Sandstorm
|upkeep
|turn|16
|
|t:|1781024848
|switch|p1a: Mandibuzz|Mandibuzz, F|21/100
|move|p2a: Johnny Tsunami 🌊|Surf|p1a: Mandibuzz
|-damage|p1a: Mandibuzz|0 fnt
|faint|p1a: Mandibuzz
|
|-weather|none
|upkeep
|
|t:|1781024854
|switch|p1a: Metagross|Metagross|85/100
|turn|17
|
|t:|1781024860
|move|p1a: Metagross|Psychic Fangs|p2a: Johnny Tsunami 🌊
|-damage|p2a: Johnny Tsunami 🌊|44/100
|move|p2a: Johnny Tsunami 🌊|Sticky Web|p1a: Metagross
|-sidestart|p1: Brassendaer|move: Sticky Web
|
|upkeep
|turn|18
|
|t:|1781024872
|move|p2a: Johnny Tsunami 🌊|Endure|p2a: Johnny Tsunami 🌊
|-singleturn|p2a: Johnny Tsunami 🌊|move: Endure
|move|p1a: Metagross|Psychic Fangs|p2a: Johnny Tsunami 🌊
|-activate|p2a: Johnny Tsunami 🌊|move: Endure
|-damage|p2a: Johnny Tsunami 🌊|1/100
|
|upkeep
|turn|19
|-enditem|p2a: Johnny Tsunami 🌊|Custap Berry|[eat]
|-activate|p2a: Johnny Tsunami 🌊|item: Custap Berry|[consumed]
|
|t:|1781024879
|move|p1a: Metagross|Bullet Punch|p2a: Johnny Tsunami 🌊
|-resisted|p2a: Johnny Tsunami 🌊
|-damage|p2a: Johnny Tsunami 🌊|0 fnt
|faint|p2a: Johnny Tsunami 🌊
|
|upkeep
|
|t:|1781024897
|switch|p2a: Zamazenta|Zamazenta, tera:Steel|57/100
|-damage|p2a: Zamazenta|51/100|[from] Stealth Rock
|turn|20
|
|t:|1781024904
|move|p2a: Zamazenta|Close Combat|p1a: Metagross
|-damage|p1a: Metagross|41/100
|-unboost|p2a: Zamazenta|def|1
|-unboost|p2a: Zamazenta|spd|1
|move|p1a: Metagross|Psychic Fangs|p2a: Zamazenta
|-resisted|p2a: Zamazenta
|-damage|p2a: Zamazenta|21/100
|
|upkeep
|turn|21
|
|t:|1781024912
|move|p1a: Metagross|Bullet Punch|p2a: Zamazenta
|-resisted|p2a: Zamazenta
|-damage|p2a: Zamazenta|6/100
|move|p2a: Zamazenta|Ice Fang|p1a: Metagross
|-resisted|p1a: Metagross
|-damage|p1a: Metagross|33/100
|
|upkeep
|turn|22
|
|t:|1781024925
|move|p1a: Metagross|Bullet Punch|p2a: Zamazenta
|-resisted|p2a: Zamazenta
|-damage|p2a: Zamazenta|0 fnt
|faint|p2a: Zamazenta
|
|upkeep
|
|t:|1781024938
|switch|p2a: Gholdengo|Gholdengo|68/100
|-damage|p2a: Gholdengo|62/100|[from] Stealth Rock
|turn|23
|
|t:|1781024947
|move|p2a: Gholdengo|Shadow Ball|p1a: Metagross
|-supereffective|p1a: Metagross
|-damage|p1a: Metagross|0 fnt
|faint|p1a: Metagross
|
|upkeep
|
|t:|1781024952
|switch|p1a: Tyranitar|Tyranitar, M|24/100
|-activate|p1a: Tyranitar|move: Sticky Web
|-unboost|p1a: Tyranitar|spe|1
|-weather|Sandstorm|[from] ability: Sand Stream|[of] p1a: Tyranitar
|turn|24
|
|t:|1781024963
|switch|p2a: Fat Boy|Dragonite, M, shiny|100/100
|-damage|p2a: Fat Boy|76/100|[from] Stealth Rock
|move|p1a: Tyranitar|Stone Edge|p2a: Fat Boy
|-supereffective|p2a: Fat Boy
|-damage|p2a: Fat Boy|0 fnt
|faint|p2a: Fat Boy
|
|-weather|Sandstorm|[upkeep]
|upkeep
|
|t:|1781024974
|switch|p2a: Gholdengo|Gholdengo|62/100
|-damage|p2a: Gholdengo|56/100|[from] Stealth Rock
|turn|25
|
|t:|1781024980
|move|p2a: Gholdengo|Dazzling Gleam|p1a: Tyranitar
|-supereffective|p1a: Tyranitar
|-damage|p1a: Tyranitar|0 fnt
|faint|p1a: Tyranitar
|
|-weather|Sandstorm|[upkeep]
|upkeep
|
|t:|1781024985
|switch|p1a: Greninja|Greninja, M|100/100
|-activate|p1a: Greninja|move: Sticky Web
|-unboost|p1a: Greninja|spe|1
|turn|26
|
|t:|1781024992
|-terastallize|p1a: Greninja|Water
|move|p2a: Gholdengo|Dazzling Gleam|p1a: Greninja
|-damage|p1a: Greninja|52/100
|move|p1a: Greninja|Surf|p2a: Gholdengo
|-damage|p2a: Gholdengo|0 fnt
|faint|p2a: Gholdengo
|-damage|p1a: Greninja|42/100|[from] item: Life Orb
|
|-weather|Sandstorm|[upkeep]
|-damage|p1a: Greninja|36/100|[from] Sandstorm
|upkeep
|
|t:|1781025004
|switch|p2a: Hoopa|Hoopa-Unbound|100/100
|-damage|p2a: Hoopa|88/100|[from] Stealth Rock
|turn|27
|
|t:|1781025009
|move|p2a: Hoopa|Psychic|p1a: Greninja
|-damage|p1a: Greninja|0 fnt
|faint|p1a: Greninja
|
|-weather|Sandstorm|[upkeep]
|-damage|p2a: Hoopa|82/100|[from] Sandstorm
|upkeep
|
|t:|1781025012
|switch|p1a: Zamazenta|Zamazenta|100/100
|-activate|p1a: Zamazenta|move: Sticky Web
|-unboost|p1a: Zamazenta|spe|1
|-ability|p1a: Zamazenta|Dauntless Shield|boost
|-boost|p1a: Zamazenta|def|1
|turn|28
|c|☆Brassendaer|gg
|
|t:|1781025021
|move|p2a: Hoopa|Psychic|p1a: Zamazenta
|-supereffective|p1a: Zamazenta
|-damage|p1a: Zamazenta|18/100
|move|p1a: Zamazenta|Body Press|p2a: Hoopa
|-damage|p2a: Hoopa|0 fnt
|faint|p2a: Hoopa
|
|win|Brassendaer
|raw|Brassendaer's rating: 1514 &rarr; <strong>1545</strong><br />(+31 for winning)
|raw|team10thPlanet's rating: 1725 &rarr; <strong>1694</strong><br />(-31 for losing)
|l|☆team10thPlanet
|player|p2|
