|badge|p1|bronze|gen9ou|100-9
|uhtml|medal-msg|<div class="broadcast-blue">Curious what those medals under the avatar are? PS now has Ladder Seasons! For more information, check out the <a href="https://www.smogon.com/forums/threads/3740067/">thread on Smogon.</a></div>
|badge|p2|bronze|gen9ou|100-9
|uhtml|medal-msg|<div class="broadcast-blue">Curious what those medals under the avatar are? PS now has Ladder Seasons! For more information, check out the <a href="https://www.smogon.com/forums/threads/3740067/">thread on Smogon.</a></div>
|j|☆Auburn Hills
|j|☆AnonymousJon
|t:|1781476871
|gametype|singles
|player|p1|Auburn Hills|alder|1886
|player|p2|AnonymousJon|workerice|1835
|gen|9
|tier|[Gen 9] OU
|rated|
|rule|HP Percentage Mod: HP is shown in percentages
|rule|Endless Battle Clause: Forcing endless battles is banned
|rule|Species Clause: Limit one of each Pokémon
|rule|OHKO Clause: OHKO moves are banned
|rule|Evasion Items Clause: Evasion items are banned
|rule|Evasion Moves Clause: Evasion moves are banned
|rule|Evasion Abilities Clause: Evasion abilities are banned
|rule|Sleep Moves Clause: Sleep-inducing moves are banned
|clearpoke
|poke|p1|Iron Moth|
|poke|p1|Umbreon, F|
|poke|p1|Garchomp, M|
|poke|p1|Glimmora, F|
|poke|p1|Gholdengo|
|poke|p1|Dragonite, M|
|poke|p2|Great Tusk|
|poke|p2|Ogerpon-Cornerstone, F|
|poke|p2|Rillaboom, M|
|poke|p2|Tyranitar, F|
|poke|p2|Corviknight, M|
|poke|p2|Dragapult, F|
|teampreview
|inactive|Battle timer is ON: inactive players will automatically lose when time's up. (requested by AnonymousJon)
|c|☆AnonymousJon|glhf
|
|t:|1781476881
|teamsize|p1|6
|teamsize|p2|6
|start
|switch|p1a: Glimmora|Glimmora, F|100/100
|switch|p2a: Dragapult|Dragapult, F|100/100
|turn|1
|j| Ricolas385
|
|t:|1781476896
|move|p2a: Dragapult|Substitute|p2a: Dragapult
|-start|p2a: Dragapult|Substitute
|-damage|p2a: Dragapult|76/100
|move|p1a: Glimmora|Stealth Rock|p2a: Dragapult
|-sidestart|p2: AnonymousJon|move: Stealth Rock
|
|-heal|p2a: Dragapult|82/100|[from] item: Leftovers
|upkeep
|turn|2
|
|t:|1781476899
|switch|p1a: Smino|Gholdengo|100/100
|move|p2a: Dragapult|Will-O-Wisp|p1a: Smino
|-immune|p1a: Smino|[from] ability: Good as Gold
|
|-heal|p2a: Dragapult|88/100|[from] item: Leftovers
|upkeep
|turn|3
|
|t:|1781476903
|switch|p1a: Alvvays|Umbreon, F|100/100
|move|p2a: Dragapult|Hex|p1a: Alvvays
|-resisted|p1a: Alvvays
|-damage|p1a: Alvvays|94/100
|
|-heal|p2a: Dragapult|94/100|[from] item: Leftovers
|-heal|p1a: Alvvays|99/100|[from] item: Leftovers
|upkeep
|turn|4
|
|t:|1781476905
|move|p2a: Dragapult|Will-O-Wisp|p1a: Alvvays
|-status|p1a: Alvvays|brn
|move|p1a: Alvvays|Foul Play|p2a: Dragapult
|-supereffective|p2a: Dragapult
|-end|p2a: Dragapult|Substitute
|
|-heal|p2a: Dragapult|100/100|[from] item: Leftovers
|-heal|p1a: Alvvays|100/100 brn|[from] item: Leftovers
|-damage|p1a: Alvvays|94/100 brn|[from] brn
|upkeep
|turn|5
|
|t:|1781476909
|switch|p2a: Tyranitar|Tyranitar, F|100/100
|-damage|p2a: Tyranitar|88/100|[from] Stealth Rock
|-weather|Sandstorm|[from] ability: Sand Stream|[of] p2a: Tyranitar
|move|p1a: Alvvays|Foul Play|p2a: Tyranitar
|-resisted|p2a: Tyranitar
|-damage|p2a: Tyranitar|80/100
|
|-weather|Sandstorm|[upkeep]
|-damage|p1a: Alvvays|88/100 brn|[from] Sandstorm
|-heal|p1a: Alvvays|94/100 brn|[from] item: Leftovers
|-heal|p2a: Tyranitar|86/100|[from] item: Leftovers
|-damage|p1a: Alvvays|88/100 brn|[from] brn
|upkeep
|turn|6
|
|t:|1781476914
|switch|p2a: Great Tusk|Great Tusk|100/100
|-damage|p2a: Great Tusk|98/100|[from] Stealth Rock
|move|p1a: Alvvays|Thunder Wave|p2a: Great Tusk
|-immune|p2a: Great Tusk
|
|-weather|Sandstorm|[upkeep]
|-damage|p1a: Alvvays|82/100 brn|[from] Sandstorm
|-heal|p1a: Alvvays|88/100 brn|[from] item: Leftovers
|-damage|p1a: Alvvays|82/100 brn|[from] brn
|upkeep
|turn|7
|
|t:|1781476918
|switch|p1a: Smino|Gholdengo|100/100
|move|p2a: Great Tusk|Rapid Spin|p1a: Smino
|-immune|p1a: Smino
|
|-weather|Sandstorm|[upkeep]
|upkeep
|turn|8
|
|t:|1781476924
|move|p1a: Smino|Make It Rain|p2a: Great Tusk
|-damage|p2a: Great Tusk|57/100
|-unboost|p1a: Smino|spa|1
|move|p2a: Great Tusk|Temper Flare|p1a: Smino
|-supereffective|p1a: Smino
|-damage|p1a: Smino|0 fnt
|faint|p1a: Smino
|
|-weather|Sandstorm|[upkeep]
|upkeep
|
|t:|1781476930
|switch|p1a: Glimmora|Glimmora, F|100/100
|turn|9
|
|t:|1781476933
|-terastallize|p1a: Glimmora|Ghost
|move|p1a: Glimmora|Mortal Spin|p2a: Great Tusk
|-resisted|p2a: Great Tusk
|-damage|p2a: Great Tusk|55/100
|-status|p2a: Great Tusk|psn
|move|p2a: Great Tusk|Rapid Spin|p1a: Glimmora
|-immune|p1a: Glimmora
|
|-weather|none
|-damage|p2a: Great Tusk|42/100 psn|[from] psn
|upkeep
|turn|10
|
|t:|1781476937
|-end|p2a: Great Tusk|Protosynthesis|[silent]
|switch|p2a: Dragapult|Dragapult, F|100/100
|-damage|p2a: Dragapult|88/100|[from] Stealth Rock
|move|p1a: Glimmora|Earth Power|p2a: Dragapult
|-damage|p2a: Dragapult|47/100
|
|-heal|p2a: Dragapult|53/100|[from] item: Leftovers
|upkeep
|turn|11
|
|t:|1781476940
|move|p2a: Dragapult|Hex|p1a: Glimmora
|-supereffective|p1a: Glimmora
|-damage|p1a: Glimmora|22/100
|move|p1a: Glimmora|Earth Power|p2a: Dragapult
|-damage|p2a: Dragapult|10/100
|
|-heal|p2a: Dragapult|17/100|[from] item: Leftovers
|upkeep
|turn|12
|
|t:|1781476946
|switch|p1a: Alvvays|Umbreon, F|82/100 brn
|move|p2a: Dragapult|Hex|p1a: Alvvays
|-resisted|p1a: Alvvays
|-damage|p1a: Alvvays|66/100 brn
|
|-heal|p2a: Dragapult|23/100|[from] item: Leftovers
|-heal|p1a: Alvvays|72/100 brn|[from] item: Leftovers
|-damage|p1a: Alvvays|66/100 brn|[from] brn
|upkeep
|turn|13
|
|t:|1781476949
|switch|p2a: Tyranitar|Tyranitar, F|86/100
|-damage|p2a: Tyranitar|74/100|[from] Stealth Rock
|-weather|Sandstorm|[from] ability: Sand Stream|[of] p2a: Tyranitar
|move|p1a: Alvvays|Wish|p1a: Alvvays
|
|-weather|Sandstorm|[upkeep]
|-damage|p1a: Alvvays|60/100 brn|[from] Sandstorm
|-heal|p1a: Alvvays|66/100 brn|[from] item: Leftovers
|-heal|p2a: Tyranitar|80/100|[from] item: Leftovers
|-damage|p1a: Alvvays|60/100 brn|[from] brn
|upkeep
|turn|14
|
|t:|1781476952
|switch|p1a: Glimmora|Glimmora, F, tera:Ghost|22/100
|move|p2a: Tyranitar|Roar|p1a: Glimmora
|drag|p1a: Elucid|Dragonite, M|100/100
|
|-weather|Sandstorm|[upkeep]
|-damage|p1a: Elucid|94/100|[from] Sandstorm
|-heal|p1a: Elucid|100/100|[from] move: Wish|[wisher] Alvvays
|-heal|p2a: Tyranitar|86/100|[from] item: Leftovers
|upkeep
|turn|15
|
|t:|1781476955
|move|p1a: Elucid|Earthquake|p2a: Tyranitar
|-supereffective|p2a: Tyranitar
|-damage|p2a: Tyranitar|27/100
|move|p2a: Tyranitar|Stealth Rock|p1a: Elucid
|-sidestart|p1: Auburn Hills|move: Stealth Rock
|
|-weather|Sandstorm|[upkeep]
|-damage|p1a: Elucid|94/100|[from] Sandstorm
|-heal|p2a: Tyranitar|33/100|[from] item: Leftovers
|upkeep
|turn|16
|
|t:|1781476966
|switch|p2a: Corviknight|Corviknight, M|100/100
|-damage|p2a: Corviknight|88/100|[from] Stealth Rock
|-ability|p2a: Corviknight|Pressure
|move|p1a: Elucid|Dragon Dance|p1a: Elucid
|-boost|p1a: Elucid|atk|1
|-boost|p1a: Elucid|spe|1
|
|-weather|Sandstorm|[upkeep]
|-damage|p1a: Elucid|88/100|[from] Sandstorm
|upkeep
|turn|17
|
|t:|1781476970
|move|p1a: Elucid|Ice Spinner|p2a: Corviknight
|-damage|p2a: Corviknight|60/100
|-damage|p1a: Elucid|72/100|[from] item: Rocky Helmet|[of] p2a: Corviknight
|move|p2a: Corviknight|Roost|p2a: Corviknight
|-heal|p2a: Corviknight|100/100
|-singleturn|p2a: Corviknight|move: Roost
|
|-weather|none
|upkeep
|turn|18
|
|t:|1781476974
|move|p1a: Elucid|Dragon Dance|p1a: Elucid
|-boost|p1a: Elucid|atk|1
|-boost|p1a: Elucid|spe|1
|move|p2a: Corviknight|Roost||[still]
|-fail|p2a: Corviknight|heal
|
|upkeep
|turn|19
|
|t:|1781476977
|move|p1a: Elucid|Ice Spinner|p2a: Corviknight
|-damage|p2a: Corviknight|61/100
|-damage|p1a: Elucid|55/100|[from] item: Rocky Helmet|[of] p2a: Corviknight
|move|p2a: Corviknight|Brave Bird|p1a: Elucid
|-damage|p1a: Elucid|14/100
|-damage|p2a: Corviknight|50/100|[from] Recoil
|
|upkeep
|turn|20
|
|t:|1781476982
|move|p1a: Elucid|Ice Spinner|p2a: Corviknight
|-damage|p2a: Corviknight|12/100
|-damage|p1a: Elucid|0 fnt|[from] item: Rocky Helmet|[of] p2a: Corviknight
|faint|p1a: Elucid
|move|p2a: Corviknight|Roost|p2a: Corviknight
|-heal|p2a: Corviknight|62/100
|-singleturn|p2a: Corviknight|move: Roost
|
|upkeep
|
|t:|1781476985
|switch|p1a: Carly Rae|Iron Moth|100/100
|-damage|p1a: Carly Rae|76/100|[from] Stealth Rock
|-enditem|p1a: Carly Rae|Booster Energy
|-activate|p1a: Carly Rae|ability: Quark Drive|[fromitem]
|-start|p1a: Carly Rae|quarkdrivespe
|turn|21
|
|t:|1781476988
|switch|p2a: Tyranitar|Tyranitar, F|33/100
|-damage|p2a: Tyranitar|20/100|[from] Stealth Rock
|-weather|Sandstorm|[from] ability: Sand Stream|[of] p2a: Tyranitar
|move|p1a: Carly Rae|Fiery Dance|p2a: Tyranitar
|-resisted|p2a: Tyranitar
|-damage|p2a: Tyranitar|12/100
|
|-weather|Sandstorm|[upkeep]
|-damage|p1a: Carly Rae|70/100|[from] Sandstorm
|-heal|p2a: Tyranitar|18/100|[from] item: Leftovers
|upkeep
|turn|22
|
|t:|1781476992
|move|p1a: Carly Rae|Dazzling Gleam|p2a: Tyranitar
|-supereffective|p2a: Tyranitar
|-damage|p2a: Tyranitar|0 fnt
|faint|p2a: Tyranitar
|
|-weather|Sandstorm|[upkeep]
|-damage|p1a: Carly Rae|64/100|[from] Sandstorm
|upkeep
|
|t:|1781477003
|switch|p2a: Great Tusk|Great Tusk|42/100 psn
|-damage|p2a: Great Tusk|39/100 psn|[from] Stealth Rock
|turn|23
|
|t:|1781477012
|move|p1a: Carly Rae|Dazzling Gleam|p2a: Great Tusk
|-supereffective|p2a: Great Tusk
|-damage|p2a: Great Tusk|3/100 psn
|move|p2a: Great Tusk|Rapid Spin|p1a: Carly Rae
|-damage|p1a: Carly Rae|41/100
|-boost|p2a: Great Tusk|spe|1
|-sideend|p2: AnonymousJon|Stealth Rock|[from] move: Rapid Spin|[of] p2a: Great Tusk
|
|-weather|Sandstorm|[upkeep]
|-damage|p1a: Carly Rae|35/100|[from] Sandstorm
|-damage|p2a: Great Tusk|0 fnt|[from] psn
|faint|p2a: Great Tusk
|-end|p2a: Great Tusk|Protosynthesis|[silent]
|upkeep
|
|t:|1781477015
|switch|p2a: Ogerpon|Ogerpon-Cornerstone, F|100/100
|turn|24
|
|t:|1781477024
|move|p1a: Carly Rae|Discharge|p2a: Ogerpon
|-resisted|p2a: Ogerpon
|-damage|p2a: Ogerpon|90/100
|move|p2a: Ogerpon|Swords Dance|p2a: Ogerpon
|-boost|p2a: Ogerpon|atk|2
|
|-weather|Sandstorm|[upkeep]
|-damage|p1a: Carly Rae|29/100|[from] Sandstorm
|upkeep
|turn|25
|j| BiscoitoXDBr
|
|t:|1781477029
|move|p1a: Carly Rae|Discharge|p2a: Ogerpon
|-resisted|p2a: Ogerpon
|-crit|p2a: Ogerpon
|-damage|p2a: Ogerpon|73/100
|move|p2a: Ogerpon|Horn Leech|p1a: Carly Rae
|-resisted|p1a: Carly Rae
|-damage|p1a: Carly Rae|0 fnt
|-heal|p2a: Ogerpon|87/100|[from] drain|[of] p1a: Carly Rae
|faint|p1a: Carly Rae
|-end|p1a: Carly Rae|Quark Drive|[silent]
|
|-weather|none
|upkeep
|j| rexa2
|
|t:|1781477035
|switch|p1a: Rat Tally|Garchomp, M|100/100
|-damage|p1a: Rat Tally|94/100|[from] Stealth Rock
|turn|26
|
|t:|1781477040
|move|p2a: Ogerpon|Horn Leech|p1a: Rat Tally
|-damage|p1a: Rat Tally|9/100
|-heal|p2a: Ogerpon|100/100|[from] drain|[of] p1a: Rat Tally
|-damage|p2a: Ogerpon|88/100|[from] ability: Rough Skin|[of] p1a: Rat Tally
|move|p1a: Rat Tally|Scale Shot|p2a: Ogerpon
|-damage|p2a: Ogerpon|72/100
|-damage|p2a: Ogerpon|54/100
|-damage|p2a: Ogerpon|36/100
|-damage|p2a: Ogerpon|20/100
|-hitcount|p2a: Ogerpon|4
|-unboost|p1a: Rat Tally|def|1
|-boost|p1a: Rat Tally|spe|1
|
|upkeep
|turn|27
|
|t:|1781477046
|switch|p2a: Dragapult|Dragapult, F|23/100
|move|p1a: Rat Tally|Scale Shot|p2a: Dragapult
|-supereffective|p2a: Dragapult
|-damage|p2a: Dragapult|0 fnt
|faint|p2a: Dragapult
|-hitcount|p2: Dragapult|1
|-unboost|p1a: Rat Tally|def|1
|-boost|p1a: Rat Tally|spe|1
|
|upkeep
|c|☆Auburn Hills|gg
|
|t:|1781477048
|switch|p2a: Rillaboom|Rillaboom, M|100/100
|-fieldstart|move: Grassy Terrain|[from] ability: Grassy Surge|[of] p2a: Rillaboom
|turn|28
|-message|Auburn Hills forfeited.
|
|win|AnonymousJon
|raw|Auburn Hills's rating: 1886 &rarr; <strong>1863</strong><br />(-23 for losing)
|raw|AnonymousJon's rating: 1835 &rarr; <strong>1858</strong><br />(+23 for winning)
|l|☆Auburn Hills
|player|p1|
|c|☆AnonymousJon|gg
|l|☆AnonymousJon
|player|p2|
|l| rexa2
|l| BiscoitoXDBr
|l| Ricolas385
