|j|☆Liaoa
|j|☆barbordor
|t:|1781076906
|gametype|singles
|player|p1|Liaoa|bellelba|1608
|player|p2|barbordor|102|1602
|gen|9
|tier|[Gen 9] OU
|rated|
|rule|HP Percentage Mod: HP is shown in percentages
|rule|Endless Battle Clause: Forcing endless battles is banned
|rule|Species Clause: Limit one of each Pokémon
|rule|OHKO Clause: OHKO moves are banned
|rule|Evasion Items Clause: Evasion items are banned
|rule|Evasion Moves Clause: Evasion moves are banned
|rule|Evasion Abilities Clause: Evasion abilities are banned
|rule|Sleep Moves Clause: Sleep-inducing moves are banned
|clearpoke
|poke|p1|Clefable, M|
|poke|p1|Dondozo, F|
|poke|p1|Alomomola, M|
|poke|p1|Ting-Lu|
|poke|p1|Skeledirge, M|
|poke|p1|Corviknight, F|
|poke|p2|Ceruledge, M|
|poke|p2|Breloom, M|
|poke|p2|Dragonite, F|
|poke|p2|Kingambit, M|
|poke|p2|Great Tusk|
|poke|p2|Weavile, M|
|teampreview
|inactive|Battle timer is ON: inactive players will automatically lose when time's up. (requested by Liaoa)
|l|☆barbordor
|inactive|barbordor disconnected and has a minute to reconnect!
|player|p2|
|inactive|barbordor has 30 seconds to reconnect!
|j|☆barbordor
|inactive|barbordor reconnected and has 115 seconds left.
|player|p2|barbordor|102|
|inactive|barbordor also wants the timer to be on.
|
|t:|1781076955
|teamsize|p1|6
|teamsize|p2|6
|start
|switch|p1a: Clefable|Clefable, M|100/100
|switch|p2a: Weavile|Weavile, M|100/100
|-ability|p2a: Weavile|Pressure
|turn|1
|
|t:|1781076970
|move|p2a: Weavile|Triple Axel|p1a: Clefable
|-damage|p1a: Clefable|86/100
|-damage|p1a: Clefable|60/100
|-damage|p1a: Clefable|21/100
|-hitcount|p1a: Clefable|3
|move|p1a: Clefable|Moonblast|p2a: Weavile
|-supereffective|p2a: Weavile
|-enditem|p2a: Weavile|Focus Sash
|-damage|p2a: Weavile|1/100
|
|upkeep
|turn|2
|
|t:|1781076977
|switch|p1a: Alomomola|Alomomola, M|100/100
|move|p2a: Weavile|Beat Up|p1a: Alomomola
|-damage|p1a: Alomomola|94/100
|-damage|p1a: Alomomola|86/100
|-damage|p1a: Alomomola|78/100
|-damage|p1a: Alomomola|71/100
|-damage|p1a: Alomomola|64/100
|-damage|p1a: Alomomola|57/100
|-hitcount|p1a: Alomomola|6
|
|upkeep
|turn|3
|
|t:|1781076984
|move|p1a: Alomomola|Aqua Jet|p2a: Weavile
|-damage|p2a: Weavile|0 fnt
|faint|p2a: Weavile
|
|upkeep
|
|t:|1781076986
|switch|p2a: Breloom|Breloom, M|100/100
|turn|4
|
|t:|1781076994
|switch|p2a: Ceruledge|Ceruledge, M|100/100
|switch|p1a: Skeledirge|Skeledirge, M|100/100
|
|upkeep
|turn|5
|
|t:|1781076999
|move|p1a: Skeledirge|Shadow Ball|p2a: Ceruledge
|-supereffective|p2a: Ceruledge
|-damage|p2a: Ceruledge|14/100
|move|p2a: Ceruledge|Bitter Blade|p1a: Skeledirge
|-resisted|p1a: Skeledirge
|-damage|p1a: Skeledirge|79/100
|-heal|p2a: Ceruledge|27/100|[from] drain|[of] p1a: Skeledirge
|
|upkeep
|turn|6
|
|t:|1781077004
|switch|p1a: Ting-Lu|Ting-Lu|100/100
|-ability|p1a: Ting-Lu|Vessel of Ruin
|move|p2a: Ceruledge|Destiny Bond|p2a: Ceruledge
|-singlemove|p2a: Ceruledge|Destiny Bond
|
|upkeep
|turn|7
|
|t:|1781077009
|move|p2a: Ceruledge|Swords Dance|p2a: Ceruledge
|-boost|p2a: Ceruledge|atk|2
|move|p1a: Ting-Lu|Stealth Rock|p2a: Ceruledge
|-sidestart|p2: barbordor|move: Stealth Rock
|
|upkeep
|turn|8
|
|t:|1781077022
|move|p2a: Ceruledge|Destiny Bond|p2a: Ceruledge
|-singlemove|p2a: Ceruledge|Destiny Bond
|move|p1a: Ting-Lu|Earthquake|p2a: Ceruledge
|-supereffective|p2a: Ceruledge
|-damage|p2a: Ceruledge|0 fnt
|faint|p2a: Ceruledge
|-activate|p2a: Ceruledge|move: Destiny Bond
|faint|p1a: Ting-Lu
|
|upkeep
|
|t:|1781077028
|switch|p2a: Great Tusk|Great Tusk|100/100
|switch|p1a: Corviknight|Corviknight, F|100/100
|-damage|p2a: Great Tusk|98/100|[from] Stealth Rock
|-enditem|p2a: Great Tusk|Booster Energy
|-activate|p2a: Great Tusk|ability: Protosynthesis|[fromitem]
|-start|p2a: Great Tusk|protosynthesisatk
|turn|9
|
|t:|1781077033
|switch|p1a: Skeledirge|Skeledirge, M|79/100
|move|p2a: Great Tusk|Close Combat|p1a: Skeledirge
|-immune|p1a: Skeledirge
|
|upkeep
|turn|10
|
|t:|1781077039
|move|p1a: Skeledirge|Alluring Voice|p2a: Great Tusk
|-supereffective|p2a: Great Tusk
|-damage|p2a: Great Tusk|22/100
|move|p2a: Great Tusk|Headlong Rush|p1a: Skeledirge
|-supereffective|p1a: Skeledirge
|-damage|p1a: Skeledirge|0 fnt
|-unboost|p2a: Great Tusk|def|1
|-unboost|p2a: Great Tusk|spd|1
|faint|p1a: Skeledirge
|
|upkeep
|
|t:|1781077045
|switch|p1a: Clefable|Clefable, M|21/100
|turn|11
|
|t:|1781077050
|move|p1a: Clefable|Moonblast|p2a: Great Tusk
|-supereffective|p2a: Great Tusk
|-damage|p2a: Great Tusk|0 fnt
|faint|p2a: Great Tusk
|-end|p2a: Great Tusk|Protosynthesis|[silent]
|
|upkeep
|
|t:|1781077063
|switch|p2a: Kingambit|Kingambit, M|100/100
|-damage|p2a: Kingambit|94/100|[from] Stealth Rock
|-activate|p2a: Kingambit|ability: Supreme Overlord
|-start|p2a: Kingambit|fallen3|[silent]
|-item|p2a: Kingambit|Air Balloon
|turn|12
|
|t:|1781077065
|move|p2a: Kingambit|Sucker Punch|p1a: Clefable
|-resisted|p1a: Clefable
|-damage|p1a: Clefable|0 fnt
|faint|p1a: Clefable
|
|upkeep
|
|t:|1781077070
|switch|p1a: Alomomola|Alomomola, M|90/100
|turn|13
|
|t:|1781077075
|move|p2a: Kingambit|Kowtow Cleave|p1a: Alomomola
|-damage|p1a: Alomomola|42/100
|move|p1a: Alomomola|Flip Turn|p2a: Kingambit
|-damage|p2a: Kingambit|66/100
|-enditem|p2a: Kingambit|Air Balloon
|
|t:|1781077081
|switch|p1a: Dondozo|Dondozo, F|100/100|[from] Flip Turn
|
|upkeep
|turn|14
|
|t:|1781077083
|move|p2a: Kingambit|Kowtow Cleave|p1a: Dondozo
|-damage|p1a: Dondozo|64/100
|move|p1a: Dondozo|Liquidation|p2a: Kingambit
|-damage|p2a: Kingambit|15/100
|-unboost|p2a: Kingambit|def|1
|
|upkeep
|turn|15
|j| Roadrasher 3
|
|t:|1781077091
|switch|p1a: Alomomola|Alomomola, M|75/100
|move|p2a: Kingambit|Kowtow Cleave|p1a: Alomomola
|-damage|p1a: Alomomola|21/100
|
|upkeep
|turn|16
|
|t:|1781077093
|move|p1a: Alomomola|Aqua Jet|p2a: Kingambit
|-damage|p2a: Kingambit|0 fnt
|faint|p2a: Kingambit
|-end|p2a: Kingambit|fallen3|[silent]
|
|upkeep
|
|t:|1781077097
|switch|p2a: Dragonite|Dragonite, F|100/100
|turn|17
|
|t:|1781077100
|switch|p1a: Dondozo|Dondozo, F|64/100
|move|p2a: Dragonite|Dragon Dance|p2a: Dragonite
|-boost|p2a: Dragonite|atk|1
|-boost|p2a: Dragonite|spe|1
|
|upkeep
|turn|18
|
|t:|1781077102
|move|p2a: Dragonite|Dragon Dance|p2a: Dragonite
|-boost|p2a: Dragonite|atk|1
|-boost|p2a: Dragonite|spe|1
|move|p1a: Dondozo|Avalanche|p2a: Dragonite
|-supereffective|p2a: Dragonite
|-damage|p2a: Dragonite|38/100
|
|upkeep
|turn|19
|
|t:|1781077107
|-terastallize|p2a: Dragonite|Fire
|move|p2a: Dragonite|Extreme Speed|p1a: Dondozo
|-damage|p1a: Dondozo|46/100
|move|p1a: Dondozo|Avalanche|p2a: Dragonite
|-resisted|p2a: Dragonite
|-damage|p2a: Dragonite|5/100
|
|upkeep
|turn|20
|
|t:|1781077110
|move|p2a: Dragonite|Extreme Speed|p1a: Dondozo
|-damage|p1a: Dondozo|28/100
|move|p1a: Dondozo|Avalanche|p2a: Dragonite
|-resisted|p2a: Dragonite
|-damage|p2a: Dragonite|0 fnt
|faint|p2a: Dragonite
|
|upkeep
|
|t:|1781077112
|switch|p2a: Breloom|Breloom, M|100/100
|-damage|p2a: Breloom|94/100|[from] Stealth Rock
|turn|21
|
|t:|1781077113
|move|p2a: Breloom|Bullet Seed|p1a: Dondozo
|-supereffective|p1a: Dondozo
|-damage|p1a: Dondozo|1/100
|-supereffective|p1a: Dondozo
|-damage|p1a: Dondozo|0 fnt
|faint|p1a: Dondozo
|-hitcount|p1: Dondozo|2
|
|upkeep
|
|t:|1781077115
|switch|p1a: Corviknight|Corviknight, F|100/100
|turn|22
|
|t:|1781077120
|move|p1a: Corviknight|Brave Bird|p2a: Breloom
|-supereffective|p2a: Breloom
|-damage|p2a: Breloom|0 fnt
|faint|p2a: Breloom
|-damage|p1a: Corviknight|76/100|[from] Recoil
|
|win|Liaoa
|raw|Liaoa's rating: 1608 &rarr; <strong>1628</strong><br />(+20 for winning)
|raw|barbordor's rating: 1602 &rarr; <strong>1582</strong><br />(-20 for losing)
|l|☆barbordor
|player|p2|
|l|☆Liaoa
|player|p1|
|l| Roadrasher 3
