|j|☆PXOH
|j|☆sorry4usingstall
|t:|1781152265
|gametype|singles
|player|p1|PXOH|roxie-masters|1553
|player|p2|sorry4usingstall|colress|1516
|gen|9
|tier|[Gen 9] OU
|rated|
|rule|HP Percentage Mod: HP is shown in percentages
|rule|Endless Battle Clause: Forcing endless battles is banned
|rule|Species Clause: Limit one of each Pokémon
|rule|OHKO Clause: OHKO moves are banned
|rule|Evasion Items Clause: Evasion items are banned
|rule|Evasion Moves Clause: Evasion moves are banned
|rule|Evasion Abilities Clause: Evasion abilities are banned
|rule|Sleep Moves Clause: Sleep-inducing moves are banned
|clearpoke
|poke|p1|Cinderace, M|
|poke|p1|Iron Valiant|
|poke|p1|Lokix, F|
|poke|p1|Kingambit, M|
|poke|p1|Kommo-o, M|
|poke|p1|Ting-Lu|
|poke|p2|Clodsire, F|
|poke|p2|Dondozo, F|
|poke|p2|Alomomola, F|
|poke|p2|Talonflame, F|
|poke|p2|Toxapex, F|
|poke|p2|Blissey, F|
|teampreview
|inactive|Battle timer is ON: inactive players will automatically lose when time's up. (requested by PXOH)
|
|t:|1781152276
|teamsize|p1|6
|teamsize|p2|6
|start
|switch|p1a: Crick Fury|Lokix, F, shiny|100/100
|switch|p2a: Keep Trying.|Toxapex, F|100/100
|turn|1
|
|t:|1781152298
|switch|p2a: Nice Try.|Talonflame, F, shiny|100/100
|move|p1a: Crick Fury|First Impression|p2a: Nice Try.
|-resisted|p2a: Nice Try.
|-damage|p2a: Nice Try.|74/100
|-damage|p1a: Crick Fury|91/100|[from] item: Life Orb
|
|upkeep
|turn|2
|
|t:|1781152307
|switch|p2a: Keep Trying.|Toxapex, F|100/100
|move|p1a: Crick Fury|Knock Off|p2a: Keep Trying.
|-damage|p2a: Keep Trying.|67/100
|-enditem|p2a: Keep Trying.|Heavy-Duty Boots|[from] move: Knock Off|[of] p1a: Crick Fury
|-damage|p1a: Crick Fury|81/100|[from] item: Life Orb
|
|upkeep
|turn|3
|
|t:|1781152320
|move|p1a: Crick Fury|U-turn|p2a: Keep Trying.
|-resisted|p2a: Keep Trying.
|-damage|p2a: Keep Trying.|44/100
|-damage|p1a: Crick Fury|71/100|[from] item: Life Orb
|
|t:|1781152328
|switch|p1a: Thicc-Lu|Ting-Lu|100/100|[from] U-turn
|-ability|p1a: Thicc-Lu|Vessel of Ruin
|move|p2a: Keep Trying.|Toxic|p1a: Thicc-Lu
|-status|p1a: Thicc-Lu|tox
|
|-damage|p1a: Thicc-Lu|94/100 tox|[from] psn
|upkeep
|turn|4
|
|t:|1781152335
|switch|p2a: Try Harder.|Alomomola, F, shiny|100/100
|move|p1a: Thicc-Lu|Stealth Rock|p2a: Try Harder.
|-sidestart|p2: sorry4usingstall|move: Stealth Rock
|
|-heal|p1a: Thicc-Lu|100/100 tox|[from] item: Leftovers
|-damage|p1a: Thicc-Lu|88/100 tox|[from] psn
|upkeep
|turn|5
|
|t:|1781152340
|move|p1a: Thicc-Lu|Spikes|p2a: Try Harder.
|-sidestart|p2: sorry4usingstall|Spikes
|move|p2a: Try Harder.|Wish|p2a: Try Harder.
|
|-heal|p1a: Thicc-Lu|94/100 tox|[from] item: Leftovers
|-damage|p1a: Thicc-Lu|76/100 tox|[from] psn
|upkeep
|turn|6
|
|t:|1781152346
|switch|p1a: Clangus Khan|Kommo-o, M|100/100
|move|p2a: Try Harder.|Flip Turn|p1a: Clangus Khan
|-resisted|p1a: Clangus Khan
|-damage|p1a: Clangus Khan|93/100
|
|t:|1781152354
|switch|p2a: Keep Trying.|Toxapex, F|77/100|[from] Flip Turn
|-damage|p2a: Keep Trying.|65/100|[from] Stealth Rock
|-damage|p2a: Keep Trying.|52/100|[from] Spikes
|
|-heal|p2a: Keep Trying.|100/100|[from] move: Wish|[wisher] Try Harder.
|-heal|p1a: Clangus Khan|99/100|[from] item: Leftovers
|upkeep
|turn|7
|
|t:|1781152369
|switch|p1a: Crick Fury|Lokix, F, shiny|71/100
|move|p2a: Keep Trying.|Toxic|p1a: Crick Fury
|-status|p1a: Crick Fury|tox
|
|-damage|p1a: Crick Fury|65/100 tox|[from] psn
|upkeep
|turn|8
|
|t:|1781152376
|move|p1a: Crick Fury|First Impression|p2a: Keep Trying.
|-resisted|p2a: Keep Trying.
|-damage|p2a: Keep Trying.|72/100
|-damage|p1a: Crick Fury|55/100 tox|[from] item: Life Orb
|move|p2a: Keep Trying.|Infestation|p1a: Crick Fury
|-supereffective|p1a: Crick Fury
|-damage|p1a: Crick Fury|44/100 tox
|-activate|p1a: Crick Fury|move: Infestation|[of] p2a: Keep Trying.
|
|-damage|p1a: Crick Fury|32/100 tox|[from] psn
|-damage|p1a: Crick Fury|19/100 tox|[from] move: Infestation|[partiallytrapped]
|upkeep
|turn|9
|
|t:|1781152384
|move|p1a: Crick Fury|Leech Life|p2a: Keep Trying.
|-resisted|p2a: Keep Trying.
|-damage|p2a: Keep Trying.|44/100
|-heal|p1a: Crick Fury|34/100 tox|[from] drain|[of] p2a: Keep Trying.
|-damage|p1a: Crick Fury|24/100 tox|[from] item: Life Orb
|move|p2a: Keep Trying.|Recover|p2a: Keep Trying.
|-heal|p2a: Keep Trying.|94/100
|
|-damage|p1a: Crick Fury|6/100 tox|[from] psn
|-damage|p1a: Crick Fury|0 fnt|[from] move: Infestation|[partiallytrapped]
|faint|p1a: Crick Fury
|upkeep
|
|t:|1781152405
|switch|p1a: Thicc-Lu|Ting-Lu|76/100 tox
|-ability|p1a: Thicc-Lu|Vessel of Ruin
|turn|10
|
|t:|1781152432
|move|p2a: Keep Trying.|Infestation|p1a: Thicc-Lu
|-supereffective|p1a: Thicc-Lu
|-damage|p1a: Thicc-Lu|72/100 tox
|-activate|p1a: Thicc-Lu|move: Infestation|[of] p2a: Keep Trying.
|move|p1a: Thicc-Lu|Whirlwind|p2a: Keep Trying.
|drag|p2a: Worth Trying.|Clodsire, F, shiny|100/100
|
|-heal|p1a: Thicc-Lu|78/100 tox|[from] item: Leftovers
|-damage|p1a: Thicc-Lu|72/100 tox|[from] psn
|-end|p1a: Thicc-Lu|Infestation|[partiallytrapped]|[silent]
|upkeep
|turn|11
|
|t:|1781152440
|switch|p2a: Nice Try.|Talonflame, F, shiny|74/100
|move|p1a: Thicc-Lu|Whirlwind|p2a: Nice Try.
|drag|p2a: Keep Trying.|Toxapex, F|100/100
|-damage|p2a: Keep Trying.|88/100|[from] Stealth Rock
|-damage|p2a: Keep Trying.|75/100|[from] Spikes
|
|-heal|p1a: Thicc-Lu|78/100 tox|[from] item: Leftovers
|-damage|p1a: Thicc-Lu|66/100 tox|[from] psn
|upkeep
|turn|12
|
|t:|1781152448
|switch|p2a: Try Harder.|Alomomola, F, shiny|100/100
|move|p1a: Thicc-Lu|Spikes|p2a: Try Harder.
|-sidestart|p2: sorry4usingstall|Spikes
|
|-heal|p1a: Thicc-Lu|72/100 tox|[from] item: Leftovers
|-damage|p1a: Thicc-Lu|53/100 tox|[from] psn
|upkeep
|turn|13
|
|t:|1781152452
|move|p2a: Try Harder.|Flip Turn|p1a: Thicc-Lu
|-supereffective|p1a: Thicc-Lu
|-damage|p1a: Thicc-Lu|37/100 tox
|
|t:|1781152455
|switch|p2a: Keep Trying.|Toxapex, F|100/100|[from] Flip Turn
|-damage|p2a: Keep Trying.|88/100|[from] Stealth Rock
|-damage|p2a: Keep Trying.|72/100|[from] Spikes
|move|p1a: Thicc-Lu|Whirlwind|p2a: Keep Trying.
|drag|p2a: Nice Try.|Talonflame, F, shiny|74/100
|
|-heal|p1a: Thicc-Lu|43/100 tox|[from] item: Leftovers
|-damage|p1a: Thicc-Lu|18/100 tox|[from] psn
|upkeep
|turn|14
|
|t:|1781152467
|move|p2a: Nice Try.|Defog|p1a: Thicc-Lu
|-unboost|p1a: Thicc-Lu|evasion|1
|-sideend|p2: sorry4usingstall|Spikes|[from] move: Defog|[of] p2a: Nice Try.
|-sideend|p2: sorry4usingstall|Stealth Rock|[from] move: Defog|[of] p2a: Nice Try.
|move|p1a: Thicc-Lu|Whirlwind|p2a: Nice Try.
|drag|p2a: Keep Trying.|Toxapex, F|100/100
|
|-heal|p1a: Thicc-Lu|25/100 tox|[from] item: Leftovers
|-damage|p1a: Thicc-Lu|0 fnt|[from] psn
|faint|p1a: Thicc-Lu
|upkeep
|
|t:|1781152469
|switch|p1a: Clangus Khan|Kommo-o, M|99/100
|turn|15
|
|t:|1781152478
|switch|p1a: The Janitor|Kingambit, M|100/100
|-activate|p1a: The Janitor|ability: Supreme Overlord
|-start|p1a: The Janitor|fallen2|[silent]
|move|p2a: Keep Trying.|Toxic|p1a: The Janitor
|-immune|p1a: The Janitor
|
|upkeep
|turn|16
|
|t:|1781152483
|switch|p2a: You Tried.|Dondozo, F, shiny|100/100
|move|p1a: The Janitor|Swords Dance|p1a: The Janitor
|-boost|p1a: The Janitor|atk|2
|
|upkeep
|turn|17
|
|t:|1781152495
|move|p1a: The Janitor|Kowtow Cleave|p2a: You Tried.
|-damage|p2a: You Tried.|75/100
|move|p2a: You Tried.|Body Press|p1a: The Janitor
|-supereffective|p1a: The Janitor
|-damage|p1a: The Janitor|21/100
|
|-heal|p1a: The Janitor|27/100|[from] item: Leftovers
|upkeep
|turn|18
|
|t:|1781152502
|-end|p1a: The Janitor|fallen2|[silent]
|switch|p1a: Cyber Twink|Iron Valiant|100/100
|-enditem|p1a: Cyber Twink|Booster Energy
|-activate|p1a: Cyber Twink|ability: Quark Drive|[fromitem]
|-start|p1a: Cyber Twink|quarkdrivespe
|move|p2a: You Tried.|Body Press|p1a: Cyber Twink
|-resisted|p1a: Cyber Twink
|-damage|p1a: Cyber Twink|84/100
|
|upkeep
|turn|19
|
|t:|1781152509
|switch|p2a: Worth Trying.|Clodsire, F, shiny|100/100
|move|p1a: Cyber Twink|Thunderbolt|p2a: Worth Trying.
|-immune|p2a: Worth Trying.
|
|upkeep
|turn|20
|
|t:|1781152517
|move|p1a: Cyber Twink|Moonblast|p2a: Worth Trying.
|-resisted|p2a: Worth Trying.
|-damage|p2a: Worth Trying.|88/100
|-unboost|p2a: Worth Trying.|spa|1
|move|p2a: Worth Trying.|Bulldoze|p1a: Cyber Twink
|-damage|p1a: Cyber Twink|63/100
|-unboost|p1a: Cyber Twink|spe|1
|
|upkeep
|turn|21
|-message|PXOH forfeited.
|
|win|sorry4usingstall
|raw|PXOH's rating: 1553 &rarr; <strong>1531</strong><br />(-22 for losing)
|raw|sorry4usingstall's rating: 1516 &rarr; <strong>1538</strong><br />(+22 for winning)
|l|☆PXOH
|player|p1|
|l|☆sorry4usingstall
|player|p2|
