|badge|p1|bronze|gen9ou|100-9
|uhtml|medal-msg|<div class="broadcast-blue">Curious what those medals under the avatar are? PS now has Ladder Seasons! For more information, check out the <a href="https://www.smogon.com/forums/threads/3740067/">thread on Smogon.</a></div>
|j|☆BlackStar150520
|j|☆Johnny tots
|t:|1781475388
|gametype|singles
|player|p1|BlackStar150520|unknown|1785
|player|p2|Johnny tots|265|1800
|gen|9
|tier|[Gen 9] OU
|rated|
|rule|HP Percentage Mod: HP is shown in percentages
|rule|Endless Battle Clause: Forcing endless battles is banned
|rule|Species Clause: Limit one of each Pokémon
|rule|OHKO Clause: OHKO moves are banned
|rule|Evasion Items Clause: Evasion items are banned
|rule|Evasion Moves Clause: Evasion moves are banned
|rule|Evasion Abilities Clause: Evasion abilities are banned
|rule|Sleep Moves Clause: Sleep-inducing moves are banned
|clearpoke
|poke|p1|Kingambit, F|
|poke|p1|Iron Valiant|
|poke|p1|Cinderace, F|
|poke|p1|Raging Bolt|
|poke|p1|Ogerpon-Wellspring, F|
|poke|p1|Garchomp, F|
|poke|p2|Rillaboom, F|
|poke|p2|Klefki, M|
|poke|p2|Manaphy|
|poke|p2|Ogerpon-Wellspring, F|
|poke|p2|Dragapult, M|
|poke|p2|Clefable, M|
|teampreview
|inactive|Battle timer is ON: inactive players will automatically lose when time's up. (requested by BlackStar150520)
|inactive|Johnny tots has 120 seconds left.
|
|t:|1781475446
|teamsize|p1|6
|teamsize|p2|6
|start
|switch|p1a: BunnyGirlSenpai|Cinderace, F|100/100
|switch|p2a: Klefki|Klefki, M|100/100
|turn|1
|
|t:|1781475451
|switch|p1a: 🦈|Garchomp, F, shiny|100/100
|move|p2a: Klefki|Reflect|p2a: Klefki
|-sidestart|p2: Johnny tots|Reflect
|
|upkeep
|turn|2
|
|t:|1781475456
|move|p2a: Klefki|Light Screen|p2a: Klefki
|-sidestart|p2: Johnny tots|move: Light Screen
|move|p1a: 🦈|Earthquake|p2a: Klefki
|-supereffective|p2a: Klefki
|-damage|p2a: Klefki|54/100
|-damage|p1a: 🦈|91/100|[from] item: Life Orb
|
|upkeep
|turn|3
|
|t:|1781475457
|switch|p2a: Rillaboom|Rillaboom, F|100/100
|-fieldstart|move: Grassy Terrain|[from] ability: Grassy Surge|[of] p2a: Rillaboom
|move|p1a: 🦈|Earthquake|p2a: Rillaboom
|-resisted|p2a: Rillaboom
|-damage|p2a: Rillaboom|93/100
|-damage|p1a: 🦈|81/100|[from] item: Life Orb
|
|-heal|p1a: 🦈|87/100|[from] Grassy Terrain
|-heal|p2a: Rillaboom|99/100|[from] Grassy Terrain
|upkeep
|turn|4
|
|t:|1781475461
|switch|p1a: BunnyGirlSenpai|Cinderace, F|100/100
|move|p2a: Rillaboom|Knock Off|p1a: BunnyGirlSenpai
|-damage|p1a: BunnyGirlSenpai|52/100
|-enditem|p1a: BunnyGirlSenpai|Heavy-Duty Boots|[from] move: Knock Off|[of] p2a: Rillaboom
|
|-heal|p1a: BunnyGirlSenpai|58/100|[from] Grassy Terrain
|-heal|p2a: Rillaboom|100/100|[from] Grassy Terrain
|upkeep
|turn|5
|
|t:|1781475464
|switch|p2a: Klefki|Klefki, M|54/100
|move|p1a: BunnyGirlSenpai|Court Change|p1a: BunnyGirlSenpai
|-swapsideconditions
|-activate|p1a: BunnyGirlSenpai|move: Court Change
|
|-heal|p1a: BunnyGirlSenpai|64/100|[from] Grassy Terrain
|-heal|p2a: Klefki|60/100|[from] Grassy Terrain
|upkeep
|turn|6
|
|t:|1781475466
|move|p2a: Klefki|Reflect|p2a: Klefki
|-sidestart|p2: Johnny tots|Reflect
|move|p1a: BunnyGirlSenpai|Pyro Ball|p2a: Klefki|[miss]
|-miss|p1a: BunnyGirlSenpai|p2a: Klefki
|
|-heal|p1a: BunnyGirlSenpai|70/100|[from] Grassy Terrain
|-heal|p2a: Klefki|66/100|[from] Grassy Terrain
|upkeep
|turn|7
|
|t:|1781475468
|move|p2a: Klefki|Thunder Wave|p1a: BunnyGirlSenpai
|-status|p1a: BunnyGirlSenpai|par
|cant|p1a: BunnyGirlSenpai|par
|
|-heal|p2a: Klefki|72/100|[from] Grassy Terrain
|-heal|p1a: BunnyGirlSenpai|76/100 par|[from] Grassy Terrain
|upkeep
|turn|8
|
|t:|1781475481
|move|p2a: Klefki|Reflect||[still]
|-fail|p2a: Klefki
|move|p1a: BunnyGirlSenpai|Pyro Ball|p2a: Klefki
|-supereffective|p2a: Klefki
|-damage|p2a: Klefki|35/100
|
|-heal|p2a: Klefki|41/100|[from] Grassy Terrain
|-heal|p1a: BunnyGirlSenpai|82/100 par|[from] Grassy Terrain
|-sideend|p1: BlackStar150520|Reflect
|upkeep
|turn|9
|
|t:|1781475491
|switch|p2a: Manaphy|Manaphy|100/100
|move|p1a: BunnyGirlSenpai|Court Change|p1a: BunnyGirlSenpai
|-swapsideconditions
|-activate|p1a: BunnyGirlSenpai|move: Court Change
|
|-heal|p1a: BunnyGirlSenpai|88/100 par|[from] Grassy Terrain
|-sideend|p2: Johnny tots|move: Light Screen
|upkeep
|turn|10
|
|t:|1781475496
|switch|p1a: 🎭|Ogerpon-Wellspring, F|100/100
|move|p2a: Manaphy|Acid Armor|p2a: Manaphy
|-boost|p2a: Manaphy|def|2
|
|-fieldend|move: Grassy Terrain
|upkeep
|turn|11
|
|t:|1781475502
|move|p1a: 🎭|Encore|p2a: Manaphy
|-start|p2a: Manaphy|Encore
|move|p2a: Manaphy|Acid Armor|p2a: Manaphy
|-boost|p2a: Manaphy|def|2
|
|upkeep
|turn|12
|
|t:|1781475505
|switch|p2a: Rillaboom|Rillaboom, F|100/100
|-fieldstart|move: Grassy Terrain|[from] ability: Grassy Surge|[of] p2a: Rillaboom
|move|p1a: 🎭|Knock Off|p2a: Rillaboom
|-damage|p2a: Rillaboom|63/100
|-enditem|p2a: Rillaboom|Terrain Extender|[from] move: Knock Off|[of] p1a: 🎭
|
|-heal|p2a: Rillaboom|69/100|[from] Grassy Terrain
|upkeep
|turn|13
|
|t:|1781475510
|switch|p2a: Ogerpon|Ogerpon-Wellspring, F|100/100
|move|p1a: 🎭|U-turn|p2a: Ogerpon
|-supereffective|p2a: Ogerpon
|-damage|p2a: Ogerpon|28/100
|
|t:|1781475518
|switch|p1a: 🦈|Garchomp, F, shiny|87/100|[from] U-turn
|
|-heal|p2a: Ogerpon|34/100|[from] Grassy Terrain
|-heal|p1a: 🦈|93/100|[from] Grassy Terrain
|-sideend|p1: BlackStar150520|Reflect
|upkeep
|turn|14
|
|t:|1781475526
|switch|p2a: Clefable|Clefable, M|100/100
|move|p1a: 🦈|Flamethrower|p2a: Clefable
|-damage|p2a: Clefable|73/100
|-damage|p1a: 🦈|83/100|[from] item: Life Orb
|
|-heal|p1a: 🦈|90/100|[from] Grassy Terrain
|-heal|p2a: Clefable|79/100|[from] Grassy Terrain
|-heal|p2a: Clefable|85/100|[from] item: Leftovers
|upkeep
|turn|15
|
|t:|1781475530
|move|p1a: 🦈|Stealth Rock|p2a: Clefable
|-sidestart|p2: Johnny tots|move: Stealth Rock
|move|p2a: Clefable|Calm Mind|p2a: Clefable
|-boost|p2a: Clefable|spa|1
|-boost|p2a: Clefable|spd|1
|
|-heal|p1a: 🦈|96/100|[from] Grassy Terrain
|-heal|p2a: Clefable|92/100|[from] Grassy Terrain
|-heal|p2a: Clefable|98/100|[from] item: Leftovers
|upkeep
|turn|16
|
|t:|1781475533
|switch|p1a: 🎭|Ogerpon-Wellspring, F|100/100
|move|p2a: Clefable|Moonblast|p1a: 🎭
|-damage|p1a: 🎭|28/100
|
|-heal|p1a: 🎭|34/100|[from] Grassy Terrain
|-heal|p2a: Clefable|100/100|[from] Grassy Terrain
|upkeep
|turn|17
|
|t:|1781475537
|move|p1a: 🎭|U-turn|p2a: Clefable
|-resisted|p2a: Clefable
|-crit|p2a: Clefable
|-damage|p2a: Clefable|81/100
|
|t:|1781475540
|switch|p1a: BunnyGirlSenpai|Cinderace, F|88/100 par|[from] U-turn
|move|p2a: Clefable|Moonblast|p1a: BunnyGirlSenpai
|-resisted|p1a: BunnyGirlSenpai
|-damage|p1a: BunnyGirlSenpai|52/100 par
|-unboost|p1a: BunnyGirlSenpai|spa|1
|
|-heal|p1a: BunnyGirlSenpai|58/100 par|[from] Grassy Terrain
|-heal|p2a: Clefable|87/100|[from] Grassy Terrain
|-heal|p2a: Clefable|93/100|[from] item: Leftovers
|upkeep
|turn|18
|
|t:|1781475544
|move|p1a: BunnyGirlSenpai|Pyro Ball|p2a: Clefable
|-damage|p2a: Clefable|44/100
|move|p2a: Clefable|Calm Mind|p2a: Clefable
|-boost|p2a: Clefable|spa|1
|-boost|p2a: Clefable|spd|1
|
|-heal|p1a: BunnyGirlSenpai|64/100 par|[from] Grassy Terrain
|-heal|p2a: Clefable|50/100|[from] Grassy Terrain
|-heal|p2a: Clefable|57/100|[from] item: Leftovers
|upkeep
|turn|19
|
|t:|1781475548
|move|p1a: BunnyGirlSenpai|Pyro Ball|p2a: Clefable
|-damage|p2a: Clefable|12/100
|move|p2a: Clefable|Psyshock|p1a: BunnyGirlSenpai
|-damage|p1a: BunnyGirlSenpai|10/100 par
|
|-heal|p1a: BunnyGirlSenpai|16/100 par|[from] Grassy Terrain
|-heal|p2a: Clefable|18/100|[from] Grassy Terrain
|-heal|p2a: Clefable|24/100|[from] item: Leftovers
|-fieldend|move: Grassy Terrain
|upkeep
|turn|20
|
|t:|1781475554
|switch|p2a: Ogerpon|Ogerpon-Wellspring, F|34/100
|-damage|p2a: Ogerpon|22/100|[from] Stealth Rock
|cant|p1a: BunnyGirlSenpai|par
|
|upkeep
|turn|21
|
|t:|1781475558
|move|p2a: Ogerpon|Power Whip|p1a: BunnyGirlSenpai
|-resisted|p1a: BunnyGirlSenpai
|-damage|p1a: BunnyGirlSenpai|0 fnt
|faint|p1a: BunnyGirlSenpai
|
|upkeep
|
|t:|1781475562
|switch|p1a: 🦈|Garchomp, F, shiny|96/100
|turn|22
|
|t:|1781475567
|move|p2a: Ogerpon|Ivy Cudgel|p1a: 🦈|[anim] Ivy Cudgel Water
|-damage|p1a: 🦈|39/100
|move|p1a: 🦈|Earthquake|p2a: Ogerpon
|-resisted|p2a: Ogerpon
|-damage|p2a: Ogerpon|0 fnt
|faint|p2a: Ogerpon
|-damage|p1a: 🦈|29/100|[from] item: Life Orb
|
|upkeep
|
|t:|1781475576
|switch|p2a: Rillaboom|Rillaboom, F|69/100
|-damage|p2a: Rillaboom|57/100|[from] Stealth Rock
|-fieldstart|move: Grassy Terrain|[from] ability: Grassy Surge|[of] p2a: Rillaboom
|turn|23
|
|t:|1781475580
|move|p2a: Rillaboom|Grassy Glide|p1a: 🦈
|-damage|p1a: 🦈|0 fnt
|-damage|p2a: Rillaboom|44/100|[from] ability: Rough Skin|[of] p1a: 🦈
|faint|p1a: 🦈
|
|-heal|p2a: Rillaboom|50/100|[from] Grassy Terrain
|upkeep
|
|t:|1781475585
|switch|p1a: ⚡️|Raging Bolt|100/100
|turn|24
|
|t:|1781475587
|switch|p2a: Clefable|Clefable, M|24/100
|move|p1a: ⚡️|Calm Mind|p1a: ⚡️
|-boost|p1a: ⚡️|spa|1
|-boost|p1a: ⚡️|spd|1
|
|-heal|p2a: Clefable|30/100|[from] Grassy Terrain
|-heal|p2a: Clefable|37/100|[from] item: Leftovers
|upkeep
|turn|25
|
|t:|1781475590
|move|p1a: ⚡️|Thunderbolt|p2a: Clefable
|-damage|p2a: Clefable|0 fnt
|faint|p2a: Clefable
|
|upkeep
|
|t:|1781475596
|switch|p2a: Cutmylifein2|Dragapult, M|100/100
|-damage|p2a: Cutmylifein2|88/100|[from] Stealth Rock
|turn|26
|
|t:|1781475600
|-terastallize|p1a: ⚡️|Bug
|move|p2a: Cutmylifein2|Substitute|p2a: Cutmylifein2
|-start|p2a: Cutmylifein2|Substitute
|-damage|p2a: Cutmylifein2|63/100
|move|p1a: ⚡️|Dragon Pulse|p2a: Cutmylifein2
|-supereffective|p2a: Cutmylifein2
|-end|p2a: Cutmylifein2|Substitute
|
|-heal|p2a: Cutmylifein2|69/100|[from] Grassy Terrain
|-heal|p2a: Cutmylifein2|76/100|[from] item: Leftovers
|upkeep
|turn|27
|
|t:|1781475608
|move|p2a: Cutmylifein2|Dragon Darts|p1a: ⚡️
|-damage|p1a: ⚡️|73/100
|-anim|p2a: Cutmylifein2|Dragon Darts|p1a: ⚡️
|-damage|p1a: ⚡️|48/100
|move|p1a: ⚡️|Thunderbolt|p2a: Cutmylifein2
|-resisted|p2a: Cutmylifein2
|-damage|p2a: Cutmylifein2|27/100
|
|-heal|p2a: Cutmylifein2|33/100|[from] Grassy Terrain
|-heal|p2a: Cutmylifein2|40/100|[from] item: Leftovers
|-heal|p1a: ⚡️|55/100|[from] Grassy Terrain
|-heal|p1a: ⚡️|61/100|[from] item: Leftovers
|-fieldend|move: Grassy Terrain
|upkeep
|turn|28
|
|t:|1781475612
|move|p1a: ⚡️|Thunderclap|p2a: Cutmylifein2
|-resisted|p2a: Cutmylifein2
|-damage|p2a: Cutmylifein2|0 fnt
|faint|p2a: Cutmylifein2
|
|-heal|p1a: ⚡️|67/100|[from] item: Leftovers
|upkeep
|
|t:|1781475614
|switch|p2a: Klefki|Klefki, M|41/100
|-damage|p2a: Klefki|35/100|[from] Stealth Rock
|turn|29
|
|t:|1781475617
|move|p2a: Klefki|Light Screen|p2a: Klefki
|-sidestart|p2: Johnny tots|move: Light Screen
|move|p1a: ⚡️|Thunderbolt|p2a: Klefki
|-damage|p2a: Klefki|0 fnt
|faint|p2a: Klefki
|
|-heal|p1a: ⚡️|73/100|[from] item: Leftovers
|upkeep
|
|t:|1781475620
|switch|p2a: Rillaboom|Rillaboom, F|50/100
|-damage|p2a: Rillaboom|38/100|[from] Stealth Rock
|-fieldstart|move: Grassy Terrain|[from] ability: Grassy Surge|[of] p2a: Rillaboom
|turn|30
|
|t:|1781475622
|move|p1a: ⚡️|Dragon Pulse|p2a: Rillaboom
|-damage|p2a: Rillaboom|0 fnt
|faint|p2a: Rillaboom
|
|-heal|p1a: ⚡️|79/100|[from] Grassy Terrain
|-heal|p1a: ⚡️|85/100|[from] item: Leftovers
|upkeep
|
|t:|1781475623
|switch|p2a: Manaphy|Manaphy|100/100
|-damage|p2a: Manaphy|88/100|[from] Stealth Rock
|turn|31
|
|t:|1781475627
|-end|p1a: ⚡️|Protosynthesis|[silent]
|switch|p1a: 🎭|Ogerpon-Wellspring, F|34/100
|move|p2a: Manaphy|Acid Armor|p2a: Manaphy
|-boost|p2a: Manaphy|def|2
|
|-heal|p1a: 🎭|40/100|[from] Grassy Terrain
|-heal|p2a: Manaphy|94/100|[from] Grassy Terrain
|-heal|p2a: Manaphy|99/100|[from] item: Leftovers
|upkeep
|turn|32
|
|t:|1781475634
|move|p1a: 🎭|Encore|p2a: Manaphy
|-start|p2a: Manaphy|Encore
|move|p2a: Manaphy|Acid Armor|p2a: Manaphy
|-boost|p2a: Manaphy|def|2
|
|-heal|p1a: 🎭|46/100|[from] Grassy Terrain
|-heal|p2a: Manaphy|100/100|[from] Grassy Terrain
|upkeep
|turn|33
|
|t:|1781475637
|move|p1a: 🎭|Knock Off|p2a: Manaphy
|-damage|p2a: Manaphy|89/100
|-enditem|p2a: Manaphy|Leftovers|[from] move: Knock Off|[of] p1a: 🎭
|move|p2a: Manaphy|Acid Armor|p2a: Manaphy
|-boost|p2a: Manaphy|def|2
|
|-heal|p1a: 🎭|51/100|[from] Grassy Terrain
|-heal|p2a: Manaphy|95/100|[from] Grassy Terrain
|upkeep
|turn|34
|
|t:|1781475641
|move|p1a: 🎭|Ivy Cudgel|p2a: Manaphy|[anim] Ivy Cudgel Water
|-resisted|p2a: Manaphy
|-damage|p2a: Manaphy|88/100
|move|p2a: Manaphy|Acid Armor|p2a: Manaphy
|-boost|p2a: Manaphy|def|0
|
|-heal|p1a: 🎭|57/100|[from] Grassy Terrain
|-heal|p2a: Manaphy|94/100|[from] Grassy Terrain
|-end|p2a: Manaphy|Encore
|-fieldend|move: Grassy Terrain
|upkeep
|turn|35
|
|t:|1781475644
|move|p1a: 🎭|Encore|p2a: Manaphy
|-start|p2a: Manaphy|Encore
|move|p2a: Manaphy|Acid Armor|p2a: Manaphy
|-boost|p2a: Manaphy|def|0
|
|upkeep
|turn|36
|
|t:|1781475647
|move|p1a: 🎭|Ivy Cudgel|p2a: Manaphy|[anim] Ivy Cudgel Water
|-resisted|p2a: Manaphy
|-damage|p2a: Manaphy|87/100
|move|p2a: Manaphy|Acid Armor|p2a: Manaphy
|-boost|p2a: Manaphy|def|0
|
|-sideend|p2: Johnny tots|move: Light Screen
|upkeep
|turn|37
|
|t:|1781475651
|move|p1a: 🎭|Ivy Cudgel|p2a: Manaphy|[anim] Ivy Cudgel Water
|-resisted|p2a: Manaphy
|-damage|p2a: Manaphy|81/100
|move|p2a: Manaphy|Acid Armor|p2a: Manaphy
|-boost|p2a: Manaphy|def|0
|
|-end|p2a: Manaphy|Encore
|upkeep
|turn|38
|
|t:|1781475653
|move|p1a: 🎭|Encore|p2a: Manaphy
|-start|p2a: Manaphy|Encore
|move|p2a: Manaphy|Acid Armor|p2a: Manaphy
|-boost|p2a: Manaphy|def|0
|
|upkeep
|turn|39
|
|t:|1781475655
|move|p1a: 🎭|U-turn|p2a: Manaphy
|-damage|p2a: Manaphy|75/100
|
|t:|1781475657
|switch|p1a: ⚡️|Raging Bolt, tera:Bug|85/100|[from] U-turn
|move|p2a: Manaphy|Acid Armor|p2a: Manaphy
|-boost|p2a: Manaphy|def|0
|
|-heal|p1a: ⚡️|91/100|[from] item: Leftovers
|upkeep
|turn|40
|
|t:|1781475661
|-terastallize|p2a: Manaphy|Grass
|move|p2a: Manaphy|Acid Armor|p2a: Manaphy
|-boost|p2a: Manaphy|def|0
|move|p1a: ⚡️|Thunderbolt|p2a: Manaphy
|-resisted|p2a: Manaphy
|-damage|p2a: Manaphy|51/100
|
|-heal|p1a: ⚡️|97/100|[from] item: Leftovers
|-end|p2a: Manaphy|Encore
|upkeep
|turn|41
|
|t:|1781475664
|-end|p1a: ⚡️|Protosynthesis|[silent]
|switch|p1a: 🎭|Ogerpon-Wellspring, F|57/100
|move|p2a: Manaphy|Take Heart|p2a: Manaphy
|-boost|p2a: Manaphy|spa|1
|-boost|p2a: Manaphy|spd|1
|
|upkeep
|turn|42
|
|t:|1781475667
|move|p1a: 🎭|Encore|p2a: Manaphy
|-start|p2a: Manaphy|Encore
|move|p2a: Manaphy|Take Heart|p2a: Manaphy
|-boost|p2a: Manaphy|spa|1
|-boost|p2a: Manaphy|spd|1
|
|upkeep
|turn|43
|
|t:|1781475671
|move|p1a: 🎭|U-turn|p2a: Manaphy
|-supereffective|p2a: Manaphy
|-damage|p2a: Manaphy|38/100
|
|t:|1781475674
|switch|p1a: ⚡️|Raging Bolt, tera:Bug|97/100|[from] U-turn
|move|p2a: Manaphy|Take Heart|p2a: Manaphy
|-boost|p2a: Manaphy|spa|1
|-boost|p2a: Manaphy|spd|1
|
|-heal|p1a: ⚡️|100/100|[from] item: Leftovers
|upkeep
|turn|44
|
|t:|1781475676
|-end|p1a: ⚡️|Protosynthesis|[silent]
|switch|p1a: 🎭|Ogerpon-Wellspring, F|57/100
|move|p2a: Manaphy|Take Heart|p2a: Manaphy
|-boost|p2a: Manaphy|spa|1
|-boost|p2a: Manaphy|spd|1
|
|-end|p2a: Manaphy|Encore
|upkeep
|turn|45
|
|t:|1781475678
|move|p1a: 🎭|Encore|p2a: Manaphy
|-start|p2a: Manaphy|Encore
|move|p2a: Manaphy|Take Heart|p2a: Manaphy
|-boost|p2a: Manaphy|spa|1
|-boost|p2a: Manaphy|spd|1
|
|upkeep
|turn|46
|
|t:|1781475680
|move|p1a: 🎭|U-turn|p2a: Manaphy
|-supereffective|p2a: Manaphy
|-damage|p2a: Manaphy|26/100
|
|t:|1781475686
|switch|p1a: ⚡️|Raging Bolt, tera:Bug|100/100|[from] U-turn
|move|p2a: Manaphy|Take Heart|p2a: Manaphy
|-boost|p2a: Manaphy|spa|1
|-boost|p2a: Manaphy|spd|1
|
|upkeep
|turn|47
|
|t:|1781475688
|-end|p1a: ⚡️|Protosynthesis|[silent]
|switch|p1a: 🎭|Ogerpon-Wellspring, F|57/100
|move|p2a: Manaphy|Take Heart||[still]
|-boost|p2a: Manaphy|spa|0
|-boost|p2a: Manaphy|spd|0
|-fail|p2a: Manaphy
|
|-end|p2a: Manaphy|Encore
|upkeep
|turn|48
|
|t:|1781475690
|move|p1a: 🎭|Encore|p2a: Manaphy
|-start|p2a: Manaphy|Encore
|move|p2a: Manaphy|Take Heart||[still]
|-boost|p2a: Manaphy|spa|0
|-boost|p2a: Manaphy|spd|0
|-fail|p2a: Manaphy
|
|upkeep
|turn|49
|
|t:|1781475692
|move|p1a: 🎭|U-turn|p2a: Manaphy
|-supereffective|p2a: Manaphy
|-damage|p2a: Manaphy|14/100
|
|t:|1781475696
|switch|p1a: Hero|Iron Valiant|100/100|[from] U-turn
|-enditem|p1a: Hero|Booster Energy
|-activate|p1a: Hero|ability: Quark Drive|[fromitem]
|-start|p1a: Hero|quarkdrivespe
|move|p2a: Manaphy|Take Heart||[still]
|-boost|p2a: Manaphy|spa|0
|-boost|p2a: Manaphy|spd|0
|-fail|p2a: Manaphy
|
|upkeep
|turn|50
|
|t:|1781475699
|move|p1a: Hero|Moonblast|p2a: Manaphy
|-damage|p2a: Manaphy|4/100
|move|p2a: Manaphy|Take Heart||[still]
|-boost|p2a: Manaphy|spa|0
|-boost|p2a: Manaphy|spd|0
|-fail|p2a: Manaphy
|
|-end|p2a: Manaphy|Encore
|upkeep
|turn|51
|
|t:|1781475703
|move|p1a: Hero|Psyshock|p2a: Manaphy
|-damage|p2a: Manaphy|0 fnt
|faint|p2a: Manaphy
|
|win|BlackStar150520
|raw|BlackStar150520's rating: 1764 &rarr; <strong>1786</strong><br />(+22 for winning)
|raw|Johnny tots's rating: 1800 &rarr; <strong>1778</strong><br />(-22 for losing)
|l|☆Johnny tots
|player|p2|
|l|☆BlackStar150520
|player|p1|
