|j|☆LowEL0God
|j|☆kadu99
|t:|1781198442
|gametype|singles
|player|p1|LowEL0God|265|1499
|player|p2|kadu99|policeman-gen4|1546
|gen|9
|tier|[Gen 9] OU
|rated|
|rule|HP Percentage Mod: HP is shown in percentages
|rule|Endless Battle Clause: Forcing endless battles is banned
|rule|Species Clause: Limit one of each Pokémon
|rule|OHKO Clause: OHKO moves are banned
|rule|Evasion Items Clause: Evasion items are banned
|rule|Evasion Moves Clause: Evasion moves are banned
|rule|Evasion Abilities Clause: Evasion abilities are banned
|rule|Sleep Moves Clause: Sleep-inducing moves are banned
|clearpoke
|poke|p1|Pelipper, M|
|poke|p1|Torkoal, F|
|poke|p1|Walking Wake|
|poke|p1|Kyurem|
|poke|p1|Ninetales-Alola, F|
|poke|p1|Ogerpon-Wellspring, F|
|poke|p2|Zarude|
|poke|p2|Gliscor, F|
|poke|p2|Blissey, F|
|poke|p2|Skarmory, M|
|poke|p2|Keldeo|
|poke|p2|Pecharunt|
|teampreview
|c|☆LowEL0God|hf
|inactive|Battle timer is ON: inactive players will automatically lose when time's up. (requested by LowEL0God)
|inactive|kadu99 has 120 seconds left.
|
|t:|1781198480
|teamsize|p1|6
|teamsize|p2|6
|start
|switch|p1a: Ninetales|Ninetales-Alola, F|100/100
|switch|p2a: Pecharunt|Pecharunt|100/100
|-weather|Snowscape|[from] ability: Snow Warning|[of] p1a: Ninetales
|turn|1
|
|t:|1781198483
|move|p1a: Ninetales|Aurora Veil|p1a: Ninetales
|-sidestart|p1: LowEL0God|move: Aurora Veil
|move|p2a: Pecharunt|Malignant Chain|p1a: Ninetales
|-supereffective|p1a: Ninetales
|-damage|p1a: Ninetales|68/100
|
|-weather|Snowscape|[upkeep]
|upkeep
|turn|2
|
|t:|1781198488
|switch|p1a: Hurricane Spam|Pelipper, M, shiny|100/100
|-weather|RainDance|[from] ability: Drizzle|[of] p1a: Hurricane Spam
|move|p2a: Pecharunt|Malignant Chain|p1a: Hurricane Spam
|-damage|p1a: Hurricane Spam|79/100
|-status|p1a: Hurricane Spam|tox
|-start|p1a: Hurricane Spam|confusion|[from] ability: Poison Puppeteer|[of] p2a: Pecharunt
|
|-weather|RainDance|[upkeep]
|-damage|p1a: Hurricane Spam|73/100 tox|[from] psn
|upkeep
|turn|3
|
|t:|1781198491
|move|p2a: Pecharunt|Parting Shot|p1a: Hurricane Spam
|-unboost|p1a: Hurricane Spam|atk|1
|-unboost|p1a: Hurricane Spam|spa|1
|inactive|kadu99 has 120 seconds left.
|
|t:|1781198544
|switch|p2a: Blissey|Blissey, F|100/100|[from] Parting Shot
|-activate|p1a: Hurricane Spam|confusion
|move|p1a: Hurricane Spam|Hurricane|p2a: Blissey
|-damage|p2a: Blissey|85/100
|-start|p2a: Blissey|confusion
|
|-weather|RainDance|[upkeep]
|-damage|p1a: Hurricane Spam|61/100 tox|[from] psn
|upkeep
|turn|4
|
|t:|1781198548
|switch|p1a: Kyurem|Kyurem|100/100
|-ability|p1a: Kyurem|Pressure
|-activate|p2a: Blissey|confusion
|-damage|p2a: Blissey|84/100|[from] confusion
|
|-weather|RainDance|[upkeep]
|upkeep
|turn|5
|inactive|kadu99 has 120 seconds left.
|
|t:|1781198557
|move|p1a: Kyurem|Dragon Dance|p1a: Kyurem
|-boost|p1a: Kyurem|atk|1
|-boost|p1a: Kyurem|spe|1
|-activate|p2a: Blissey|confusion
|move|p2a: Blissey|Stealth Rock|p1a: Kyurem
|-sidestart|p1: LowEL0God|move: Stealth Rock
|
|-weather|RainDance|[upkeep]
|-sideend|p1: LowEL0God|move: Aurora Veil
|upkeep
|turn|6
|
|t:|1781198561
|switch|p2a: Skarmory|Skarmory, M|100/100
|move|p1a: Kyurem|Icicle Spear|p2a: Skarmory
|-damage|p2a: Skarmory|87/100
|-crit|p2a: Skarmory
|-damage|p2a: Skarmory|67/100
|-damage|p2a: Skarmory|54/100
|-damage|p2a: Skarmory|42/100
|-hitcount|p2a: Skarmory|4
|
|-weather|none
|upkeep
|turn|7
|
|t:|1781198564
|move|p1a: Kyurem|Freeze-Dry|p2a: Skarmory
|-damage|p2a: Skarmory|0 fnt
|faint|p2a: Skarmory
|
|upkeep
|inactive|kadu99 has 120 seconds left.
|inactive|kadu99 has 90 seconds left.
|
|t:|1781198620
|switch|p2a: Keldeo|Keldeo|100/100
|turn|8
|
|t:|1781198621
|-terastallize|p1a: Kyurem|Ice
|move|p1a: Kyurem|Freeze-Dry|p2a: Keldeo
|-supereffective|p2a: Keldeo
|-damage|p2a: Keldeo|0 fnt
|faint|p2a: Keldeo
|
|upkeep
|inactive|kadu99 has 90 seconds left.
|
|t:|1781198637
|switch|p2a: Pecharunt|Pecharunt|100/100
|turn|9
|
|t:|1781198640
|move|p1a: Kyurem|Freeze-Dry|p2a: Pecharunt
|-damage|p2a: Pecharunt|45/100
|move|p2a: Pecharunt|Malignant Chain|p1a: Kyurem
|-damage|p1a: Kyurem|73/100
|-status|p1a: Kyurem|tox
|-start|p1a: Kyurem|confusion|[from] ability: Poison Puppeteer|[of] p2a: Pecharunt
|
|-damage|p1a: Kyurem|67/100 tox|[from] psn
|upkeep
|turn|10
|
|t:|1781198643
|-activate|p1a: Kyurem|confusion
|move|p1a: Kyurem|Freeze-Dry|p2a: Pecharunt
|-damage|p2a: Pecharunt|0 fnt
|faint|p2a: Pecharunt
|
|-damage|p1a: Kyurem|55/100 tox|[from] psn
|upkeep
|inactive|kadu99 has 90 seconds left.
|
|t:|1781198682
|switch|p2a: Gliscor|Gliscor, F|100/100
|turn|11
|
|t:|1781198683
|move|p2a: Gliscor|Protect|p2a: Gliscor
|-singleturn|p2a: Gliscor|Protect
|-end|p1a: Kyurem|confusion
|move|p1a: Kyurem|Icicle Spear|p2a: Gliscor
|-activate|p2a: Gliscor|move: Protect
|
|-damage|p1a: Kyurem|37/100 tox|[from] psn
|-status|p2a: Gliscor|tox|[from] item: Toxic Orb
|upkeep
|turn|12
|inactive|kadu99 has 90 seconds left.
|
|t:|1781198720
|-terastallize|p2a: Gliscor|Normal
|move|p1a: Kyurem|Icicle Spear|p2a: Gliscor
|-damage|p2a: Gliscor|79/100 tox
|-damage|p2a: Gliscor|55/100 tox
|-hitcount|p2a: Gliscor|2
|move|p2a: Gliscor|Swords Dance|p2a: Gliscor
|-boost|p2a: Gliscor|atk|2
|
|-damage|p1a: Kyurem|12/100 tox|[from] psn
|-heal|p2a: Gliscor|68/100 tox|[from] ability: Poison Heal
|upkeep
|turn|13
|
|t:|1781198722
|move|p2a: Gliscor|Protect|p2a: Gliscor
|-singleturn|p2a: Gliscor|Protect
|move|p1a: Kyurem|Icicle Spear|p2a: Gliscor
|-activate|p2a: Gliscor|move: Protect
|
|-damage|p1a: Kyurem|0 fnt|[from] psn
|faint|p1a: Kyurem
|-heal|p2a: Gliscor|80/100 tox|[from] ability: Poison Heal
|upkeep
|
|t:|1781198722
|switch|p1a: Walking Wake|Walking Wake|100/100
|-damage|p1a: Walking Wake|88/100|[from] Stealth Rock
|turn|14
|
|t:|1781198725
|move|p1a: Walking Wake|Draco Meteor|p2a: Gliscor
|-damage|p2a: Gliscor|0 fnt
|-unboost|p1a: Walking Wake|spa|2
|faint|p2a: Gliscor
|
|upkeep
|
|t:|1781198728
|switch|p2a: Zarude|Zarude|100/100
|turn|15
|
|t:|1781198734
|-end|p1a: Walking Wake|Protosynthesis|[silent]
|switch|p1a: Ninetales|Ninetales-Alola, F|68/100
|-damage|p1a: Ninetales|43/100|[from] Stealth Rock
|-weather|Snowscape|[from] ability: Snow Warning|[of] p1a: Ninetales
|move|p2a: Zarude|Swords Dance|p2a: Zarude
|-boost|p2a: Zarude|atk|2
|
|-weather|Snowscape|[upkeep]
|upkeep
|turn|16
|
|t:|1781198737
|move|p1a: Ninetales|Aurora Veil|p1a: Ninetales
|-sidestart|p1: LowEL0God|move: Aurora Veil
|move|p2a: Zarude|Knock Off|p1a: Ninetales
|-resisted|p1a: Ninetales
|-damage|p1a: Ninetales|24/100
|-enditem|p1a: Ninetales|Icy Rock|[from] move: Knock Off|[of] p2a: Zarude
|
|-weather|Snowscape|[upkeep]
|upkeep
|turn|17
|
|t:|1781198739
|move|p1a: Ninetales|Moonblast|p2a: Zarude
|-supereffective|p2a: Zarude
|-damage|p2a: Zarude|42/100
|-unboost|p2a: Zarude|spa|1
|move|p2a: Zarude|Trailblaze|p1a: Ninetales
|-damage|p1a: Ninetales|5/100
|-boost|p2a: Zarude|spe|1
|
|-weather|Snowscape|[upkeep]
|upkeep
|turn|18
|
|t:|1781198742
|switch|p1a: Torkoal|Torkoal, F|100/100
|-damage|p1a: Torkoal|76/100|[from] Stealth Rock
|-weather|SunnyDay|[from] ability: Drought|[of] p1a: Torkoal
|move|p2a: Zarude|Trailblaze|p1a: Torkoal
|-resisted|p1a: Torkoal
|-damage|p1a: Torkoal|69/100
|-boost|p2a: Zarude|spe|1
|
|-weather|SunnyDay|[upkeep]
|upkeep
|turn|19
|
|t:|1781198744
|move|p2a: Zarude|Knock Off|p1a: Torkoal
|-damage|p1a: Torkoal|40/100
|-enditem|p1a: Torkoal|Heat Rock|[from] move: Knock Off|[of] p2a: Zarude
|move|p1a: Torkoal|Lava Plume|p2a: Zarude
|-supereffective|p2a: Zarude
|-damage|p2a: Zarude|0 fnt
|faint|p2a: Zarude
|
|-weather|SunnyDay|[upkeep]
|upkeep
|
|t:|1781198746
|switch|p2a: Blissey|Blissey, F|84/100
|turn|20
|
|t:|1781198760
|move|p2a: Blissey|Seismic Toss|p1a: Torkoal
|-damage|p1a: Torkoal|11/100
|move|p1a: Torkoal|Body Press|p2a: Blissey
|-supereffective|p2a: Blissey
|-damage|p2a: Blissey|21/100
|
|-weather|SunnyDay|[upkeep]
|-sideend|p1: LowEL0God|move: Aurora Veil
|upkeep
|turn|21
|
|t:|1781198762
|move|p2a: Blissey|Soft-Boiled|p2a: Blissey
|-heal|p2a: Blissey|71/100
|move|p1a: Torkoal|Body Press|p2a: Blissey
|-supereffective|p2a: Blissey
|-damage|p2a: Blissey|4/100
|
|-weather|SunnyDay|[upkeep]
|upkeep
|turn|22
|
|t:|1781198765
|move|p2a: Blissey|Soft-Boiled|p2a: Blissey
|-heal|p2a: Blissey|54/100
|move|p1a: Torkoal|Body Press|p2a: Blissey
|-supereffective|p2a: Blissey
|-damage|p2a: Blissey|0 fnt
|faint|p2a: Blissey
|
|win|LowEL0God
|raw|LowEL0God's rating: 1499 &rarr; <strong>1522</strong><br />(+23 for winning)
|raw|kadu99's rating: 1546 &rarr; <strong>1523</strong><br />(-23 for losing)
|l|☆kadu99
|player|p2|
|c|☆LowEL0God|gg
|l|☆LowEL0God
|player|p1|
