|j|☆Alfblu3
|j|☆Verbalseduction
|t:|1781597361
|gametype|singles
|player|p1|Alfblu3|fisherman-gen4|1601
|player|p2|Verbalseduction|265|1672
|gen|9
|tier|[Gen 9] OU
|rated|
|rule|HP Percentage Mod: HP is shown in percentages
|rule|Endless Battle Clause: Forcing endless battles is banned
|rule|Species Clause: Limit one of each Pokémon
|rule|OHKO Clause: OHKO moves are banned
|rule|Evasion Items Clause: Evasion items are banned
|rule|Evasion Moves Clause: Evasion moves are banned
|rule|Evasion Abilities Clause: Evasion abilities are banned
|rule|Sleep Moves Clause: Sleep-inducing moves are banned
|clearpoke
|poke|p1|Iron Valiant|
|poke|p1|Excadrill, M|
|poke|p1|Tyranitar, M|
|poke|p1|Tornadus-Therian, M|
|poke|p1|Ogerpon-Cornerstone, F|
|poke|p1|Toxapex, M|
|poke|p2|Dondozo, M|
|poke|p2|Corviknight, M|
|poke|p2|Blissey, F|
|poke|p2|Gliscor, M|
|poke|p2|Toxapex, M|
|poke|p2|Weezing-Galar, M|
|teampreview
|inactive|Battle timer is ON: inactive players will automatically lose when time's up. (requested by Alfblu3)
|
|t:|1781597390
|teamsize|p1|6
|teamsize|p2|6
|start
|switch|p1a: Ogerpon|Ogerpon-Cornerstone, F|100/100
|switch|p2a: Weezing|Weezing-Galar, M|100/100
|-ability|p2a: Weezing|Neutralizing Gas
|turn|1
|
|t:|1781597416
|switch|p1a: Tornadus|Tornadus-Therian, M, shiny|100/100
|move|p2a: Weezing|Will-O-Wisp|p1a: Tornadus
|-status|p1a: Tornadus|brn
|
|-damage|p1a: Tornadus|94/100 brn|[from] brn
|upkeep
|turn|2
|
|t:|1781597429
|-end|p2a: Weezing|ability: Neutralizing Gas
|switch|p2a: Toxapex|Toxapex, M|100/100
|move|p1a: Tornadus|Bleakwind Storm|p2a: Toxapex
|-damage|p2a: Toxapex|58/100
|-unboost|p2a: Toxapex|spe|1
|
|-damage|p1a: Tornadus|88/100 brn|[from] brn
|upkeep
|turn|3
|
|t:|1781597436
|move|p1a: Tornadus|Bleakwind Storm|p2a: Toxapex
|-damage|p2a: Toxapex|13/100
|move|p2a: Toxapex|Toxic Spikes|p1a: Tornadus
|-sidestart|p1: Alfblu3|move: Toxic Spikes
|
|-damage|p1a: Tornadus|82/100 brn|[from] brn
|upkeep
|turn|4
|
|t:|1781597440
|switch|p2a: Blissey|Blissey, F|100/100
|move|p1a: Tornadus|Bleakwind Storm|p2a: Blissey
|-damage|p2a: Blissey|80/100
|-unboost|p2a: Blissey|spe|1
|
|-heal|p2a: Blissey|86/100|[from] item: Leftovers
|-damage|p1a: Tornadus|76/100 brn|[from] brn
|upkeep
|turn|5
|
|t:|1781597445
|switch|p1a: Toxapex|Toxapex, M, shiny|100/100
|-sideend|p1: Alfblu3|move: Toxic Spikes|[of] p1a: Toxapex
|switch|p2a: Toxapex|Toxapex, M|46/100
|
|upkeep
|turn|6
|
|t:|1781597452
|switch|p2a: Gliscor|Gliscor, M|100/100
|switch|p1a: Excadrill|Excadrill, M, shiny|100/100
|
|-status|p2a: Gliscor|tox|[from] item: Toxic Orb
|upkeep
|turn|7
|
|t:|1781597457
|switch|p1a: Iron Valiant|Iron Valiant, shiny|100/100
|move|p2a: Gliscor|Knock Off|p1a: Iron Valiant
|-resisted|p1a: Iron Valiant
|-damage|p1a: Iron Valiant|93/100
|-enditem|p1a: Iron Valiant|Choice Specs|[from] move: Knock Off|[of] p2a: Gliscor
|
|upkeep
|turn|8
|
|t:|1781597461
|move|p2a: Gliscor|Protect|p2a: Gliscor
|-singleturn|p2a: Gliscor|Protect
|move|p1a: Iron Valiant|Moonblast|p2a: Gliscor
|-activate|p2a: Gliscor|move: Protect
|
|upkeep
|turn|9
|
|t:|1781597464
|move|p1a: Iron Valiant|Moonblast|p2a: Gliscor
|-damage|p2a: Gliscor|62/100 tox
|-unboost|p2a: Gliscor|spa|1
|move|p2a: Gliscor|Toxic|p1a: Iron Valiant|[miss]
|-miss|p2a: Gliscor|p1a: Iron Valiant
|
|-heal|p2a: Gliscor|75/100 tox|[from] ability: Poison Heal
|upkeep
|turn|10
|
|t:|1781597471
|-end|p1a: Iron Valiant|Quark Drive|[silent]
|switch|p1a: Tornadus|Tornadus-Therian, M, shiny|100/100 brn
|move|p2a: Gliscor|Protect||[still]
|-fail|p2a: Gliscor
|
|-heal|p2a: Gliscor|87/100 tox|[from] ability: Poison Heal
|-damage|p1a: Tornadus|94/100 brn|[from] brn
|upkeep
|turn|11
|
|t:|1781597475
|move|p2a: Gliscor|Protect|p2a: Gliscor
|-singleturn|p2a: Gliscor|Protect
|move|p1a: Tornadus|Bleakwind Storm|p2a: Gliscor
|-activate|p2a: Gliscor|move: Protect
|
|-heal|p2a: Gliscor|99/100 tox|[from] ability: Poison Heal
|-damage|p1a: Tornadus|88/100 brn|[from] brn
|upkeep
|turn|12
|
|t:|1781597478
|switch|p2a: Blissey|Blissey, F|86/100
|move|p1a: Tornadus|Bleakwind Storm|p2a: Blissey
|-damage|p2a: Blissey|64/100
|
|-heal|p2a: Blissey|70/100|[from] item: Leftovers
|-damage|p1a: Tornadus|82/100 brn|[from] brn
|upkeep
|turn|13
|
|t:|1781597491
|switch|p1a: Tyranitar|Tyranitar, M, shiny|100/100
|-weather|Sandstorm|[from] ability: Sand Stream|[of] p1a: Tyranitar
|move|p2a: Blissey|Stealth Rock|p1a: Tyranitar
|-sidestart|p1: Alfblu3|move: Stealth Rock
|
|-weather|Sandstorm|[upkeep]
|-damage|p2a: Blissey|64/100|[from] Sandstorm
|-heal|p2a: Blissey|70/100|[from] item: Leftovers
|upkeep
|turn|14
|inactive|Verbalseduction has 120 seconds left.
|inactive|Verbalseduction has 90 seconds left.
|
|t:|1781597561
|switch|p2a: Corviknight|Corviknight, M|100/100
|-ability|p2a: Corviknight|Pressure
|move|p1a: Tyranitar|Knock Off|p2a: Corviknight
|-damage|p2a: Corviknight|65/100
|-damage|p1a: Tyranitar|84/100|[from] item: Rocky Helmet|[of] p2a: Corviknight
|-enditem|p2a: Corviknight|Rocky Helmet|[from] move: Knock Off|[of] p1a: Tyranitar
|
|-weather|Sandstorm|[upkeep]
|upkeep
|turn|15
|
|t:|1781597569
|move|p1a: Tyranitar|Stealth Rock|p2a: Corviknight
|-sidestart|p2: Verbalseduction|move: Stealth Rock
|move|p2a: Corviknight|Roost|p2a: Corviknight
|-heal|p2a: Corviknight|100/100
|-singleturn|p2a: Corviknight|move: Roost
|
|-weather|Sandstorm|[upkeep]
|upkeep
|turn|16
|inactive|Verbalseduction has 90 seconds left.
|inactive|Verbalseduction has 60 seconds left.
|
|t:|1781597615
|switch|p1a: Iron Valiant|Iron Valiant, shiny|93/100
|-damage|p1a: Iron Valiant|87/100|[from] Stealth Rock
|move|p2a: Corviknight|Defog|p1a: Iron Valiant
|-unboost|p1a: Iron Valiant|evasion|1
|-sideend|p1: Alfblu3|Stealth Rock|[from] move: Defog|[of] p2a: Corviknight
|-sideend|p2: Verbalseduction|Stealth Rock|[from] move: Defog|[of] p2a: Corviknight
|
|-weather|Sandstorm|[upkeep]
|-damage|p1a: Iron Valiant|81/100|[from] Sandstorm
|upkeep
|turn|17
|inactive|Alfblu3 has 120 seconds left.
|
|t:|1781597648
|switch|p2a: Gliscor|Gliscor, M|99/100 tox
|move|p1a: Iron Valiant|Thunderbolt|p2a: Gliscor
|-immune|p2a: Gliscor
|
|-weather|Sandstorm|[upkeep]
|-damage|p1a: Iron Valiant|75/100|[from] Sandstorm
|-heal|p2a: Gliscor|100/100 tox|[from] ability: Poison Heal
|upkeep
|turn|18
|
|t:|1781597657
|-end|p1a: Iron Valiant|Quark Drive|[silent]
|switch|p1a: Excadrill|Excadrill, M, shiny|100/100
|move|p2a: Gliscor|Spikes|p1a: Excadrill
|-sidestart|p1: Alfblu3|Spikes
|
|-weather|Sandstorm|[upkeep]
|upkeep
|turn|19
|
|t:|1781597660
|move|p1a: Excadrill|Substitute|p1a: Excadrill
|-start|p1a: Excadrill|Substitute
|-damage|p1a: Excadrill|76/100
|move|p2a: Gliscor|Knock Off|p1a: Excadrill
|-end|p1a: Excadrill|Substitute
|
|-weather|Sandstorm|[upkeep]
|-heal|p1a: Excadrill|82/100|[from] item: Leftovers
|upkeep
|turn|20
|
|t:|1781597666
|move|p1a: Excadrill|Rapid Spin|p2a: Gliscor
|-damage|p2a: Gliscor|86/100 tox
|-boost|p1a: Excadrill|spe|1
|-sideend|p1: Alfblu3|Spikes|[from] move: Rapid Spin|[of] p1a: Excadrill
|move|p2a: Gliscor|Knock Off|p1a: Excadrill
|-damage|p1a: Excadrill|50/100
|-enditem|p1a: Excadrill|Leftovers|[from] move: Knock Off|[of] p2a: Gliscor
|
|-weather|none
|-heal|p2a: Gliscor|99/100 tox|[from] ability: Poison Heal
|upkeep
|turn|21
|inactive|Verbalseduction has 90 seconds left.
|
|t:|1781597677
|move|p1a: Excadrill|Rock Slide|p2a: Gliscor
|-damage|p2a: Gliscor|77/100 tox
|move|p2a: Gliscor|Knock Off|p1a: Excadrill
|-damage|p1a: Excadrill|31/100
|
|-heal|p2a: Gliscor|90/100 tox|[from] ability: Poison Heal
|upkeep
|turn|22
|inactive|Verbalseduction has 90 seconds left.
|
|t:|1781597685
|move|p1a: Excadrill|Substitute|p1a: Excadrill
|-start|p1a: Excadrill|Substitute
|-damage|p1a: Excadrill|6/100
|move|p2a: Gliscor|Knock Off|p1a: Excadrill
|-activate|p1a: Excadrill|move: Substitute|[damage]
|
|-heal|p2a: Gliscor|100/100 tox|[from] ability: Poison Heal
|upkeep
|turn|23
|
|t:|1781597695
|move|p1a: Excadrill|Rock Slide|p2a: Gliscor
|-damage|p2a: Gliscor|78/100 tox
|move|p2a: Gliscor|Knock Off|p1a: Excadrill
|-end|p1a: Excadrill|Substitute
|
|-heal|p2a: Gliscor|90/100 tox|[from] ability: Poison Heal
|upkeep
|turn|24
|
|t:|1781597700
|move|p1a: Excadrill|Rock Slide|p2a: Gliscor
|-damage|p2a: Gliscor|67/100 tox
|move|p2a: Gliscor|Knock Off|p1a: Excadrill
|-damage|p1a: Excadrill|0 fnt
|faint|p1a: Excadrill
|
|-heal|p2a: Gliscor|80/100 tox|[from] ability: Poison Heal
|upkeep
|
|t:|1781597708
|switch|p1a: Tornadus|Tornadus-Therian, M, shiny|100/100 brn
|turn|25
|
|t:|1781597712
|move|p2a: Gliscor|Protect|p2a: Gliscor
|-singleturn|p2a: Gliscor|Protect
|move|p1a: Tornadus|Bleakwind Storm|p2a: Gliscor
|-activate|p2a: Gliscor|move: Protect
|
|-heal|p2a: Gliscor|92/100 tox|[from] ability: Poison Heal
|-damage|p1a: Tornadus|94/100 brn|[from] brn
|upkeep
|turn|26
|
|t:|1781597716
|switch|p2a: Blissey|Blissey, F|70/100
|move|p1a: Tornadus|Bleakwind Storm|p2a: Blissey
|-damage|p2a: Blissey|48/100
|-unboost|p2a: Blissey|spe|1
|
|-heal|p2a: Blissey|54/100|[from] item: Leftovers
|-damage|p1a: Tornadus|88/100 brn|[from] brn
|upkeep
|turn|27
|
|t:|1781597722
|switch|p1a: Ogerpon|Ogerpon-Cornerstone, F|100/100
|move|p2a: Blissey|Soft-Boiled|p2a: Blissey
|-heal|p2a: Blissey|100/100
|
|upkeep
|turn|28
|
|t:|1781597725
|switch|p2a: Weezing|Weezing-Galar, M|100/100
|-ability|p2a: Weezing|Neutralizing Gas
|-terastallize|p1a: Ogerpon|Rock
|detailschange|p1a: Ogerpon|Ogerpon-Cornerstone-Tera, F, tera:Rock
|move|p1a: Ogerpon|Ivy Cudgel|p2a: Weezing|[anim] Ivy Cudgel Rock
|-damage|p2a: Weezing|50/100
|
|upkeep
|turn|29
|
|t:|1781597739
|move|p1a: Ogerpon|Ivy Cudgel|p2a: Weezing|[anim] Ivy Cudgel Rock
|-damage|p2a: Weezing|0 fnt
|faint|p2a: Weezing
|-end|p2a: Weezing|ability: Neutralizing Gas
|-ability|p1a: Ogerpon|Embody Aspect (Cornerstone)|boost
|-boost|p1a: Ogerpon|def|1
|
|upkeep
|
|t:|1781597743
|switch|p2a: Toxapex|Toxapex, M|79/100
|turn|30
|
|t:|1781597753
|switch|p1a: Tornadus|Tornadus-Therian, M, shiny|100/100 brn
|move|p2a: Toxapex|Toxic||[still]
|-fail|p2a: Toxapex
|
|-damage|p1a: Tornadus|94/100 brn|[from] brn
|upkeep
|turn|31
|
|t:|1781597759
|move|p1a: Tornadus|Bleakwind Storm|p2a: Toxapex
|-damage|p2a: Toxapex|39/100
|move|p2a: Toxapex|Recover|p2a: Toxapex
|-heal|p2a: Toxapex|89/100
|
|-damage|p1a: Tornadus|88/100 brn|[from] brn
|upkeep
|turn|32
|
|t:|1781597767
|move|p1a: Tornadus|Bleakwind Storm|p2a: Toxapex|[miss]
|-miss|p1a: Tornadus|p2a: Toxapex
|move|p2a: Toxapex|Toxic Spikes|p1a: Tornadus
|-sidestart|p1: Alfblu3|move: Toxic Spikes
|
|-damage|p1a: Tornadus|82/100 brn|[from] brn
|upkeep
|turn|33
|
|t:|1781597776
|switch|p1a: Toxapex|Toxapex, M, shiny|100/100
|-sideend|p1: Alfblu3|move: Toxic Spikes|[of] p1a: Toxapex
|move|p2a: Toxapex|Toxic Spikes|p1a: Toxapex
|-sidestart|p1: Alfblu3|move: Toxic Spikes
|
|upkeep
|turn|34
|
|t:|1781597781
|switch|p2a: Blissey|Blissey, F|100/100
|move|p1a: Toxapex|Toxic Spikes|p2a: Blissey
|-sidestart|p2: Verbalseduction|move: Toxic Spikes
|
|upkeep
|turn|35
|
|t:|1781597787
|switch|p1a: Tornadus|Tornadus-Therian, M, shiny|100/100 brn
|move|p2a: Blissey|Stealth Rock|p1a: Tornadus
|-sidestart|p1: Alfblu3|move: Stealth Rock
|
|-damage|p1a: Tornadus|94/100 brn|[from] brn
|upkeep
|turn|36
|
|t:|1781597796
|switch|p1a: Ogerpon|Ogerpon-Cornerstone-Tera, F, tera:Rock|100/100
|-status|p1a: Ogerpon|psn
|-damage|p1a: Ogerpon|88/100 psn|[from] Stealth Rock
|-ability|p1a: Ogerpon|Embody Aspect (Cornerstone)|boost
|-boost|p1a: Ogerpon|def|1
|switch|p2a: Toxapex|Toxapex, M|100/100
|-sideend|p2: Verbalseduction|move: Toxic Spikes|[of] p2a: Toxapex
|
|-damage|p1a: Ogerpon|76/100 psn|[from] psn
|upkeep
|turn|37
|
|t:|1781597802
|move|p1a: Ogerpon|Ivy Cudgel|p2a: Toxapex|[anim] Ivy Cudgel Rock
|-damage|p2a: Toxapex|34/100
|move|p2a: Toxapex|Haze|p2a: Toxapex
|-clearallboost
|
|-damage|p1a: Ogerpon|64/100 psn|[from] psn
|upkeep
|turn|38
|
|t:|1781597806
|switch|p2a: Dondozo|Dondozo, M|100/100
|move|p1a: Ogerpon|Ivy Cudgel|p2a: Dondozo|[anim] Ivy Cudgel Rock
|-damage|p2a: Dondozo|67/100
|
|-heal|p2a: Dondozo|73/100|[from] item: Leftovers
|-damage|p1a: Ogerpon|51/100 psn|[from] psn
|upkeep
|turn|39
|
|t:|1781597812
|switch|p2a: Corviknight|Corviknight, M|100/100
|-ability|p2a: Corviknight|Pressure
|move|p1a: Ogerpon|Power Whip|p2a: Corviknight|[miss]
|-miss|p1a: Ogerpon|p2a: Corviknight
|
|-damage|p1a: Ogerpon|39/100 psn|[from] psn
|upkeep
|turn|40
|
|t:|1781597819
|move|p1a: Ogerpon|Ivy Cudgel|p2a: Corviknight|[anim] Ivy Cudgel Rock
|-damage|p2a: Corviknight|51/100
|move|p2a: Corviknight|Body Press|p1a: Ogerpon
|-supereffective|p1a: Ogerpon
|-damage|p1a: Ogerpon|0 fnt
|faint|p1a: Ogerpon
|detailschange|p1: Ogerpon|Ogerpon-Cornerstone, F|[silent]
|
|upkeep
|-message|Alfblu3 forfeited.
|
|win|Verbalseduction
|raw|Alfblu3's rating: 1601 &rarr; <strong>1585</strong><br />(-16 for losing)
|raw|Verbalseduction's rating: 1672 &rarr; <strong>1688</strong><br />(+16 for winning)
|l|☆Alfblu3
|player|p1|
|l|☆Verbalseduction
|player|p2|
