|j|☆KurisuChestnutOU
|j|☆t0nezoffun
|t:|1781148230
|gametype|singles
|player|p1|KurisuChestnutOU|may-contest|1493
|player|p2|t0nezoffun|102|1555
|gen|9
|tier|[Gen 9] OU
|rated|
|rule|HP Percentage Mod: HP is shown in percentages
|rule|Endless Battle Clause: Forcing endless battles is banned
|rule|Species Clause: Limit one of each Pokémon
|rule|OHKO Clause: OHKO moves are banned
|rule|Evasion Items Clause: Evasion items are banned
|rule|Evasion Moves Clause: Evasion moves are banned
|rule|Evasion Abilities Clause: Evasion abilities are banned
|rule|Sleep Moves Clause: Sleep-inducing moves are banned
|clearpoke
|poke|p1|Gliscor, F|
|poke|p1|Dondozo, F|
|poke|p1|Slowking-Galar, F|
|poke|p1|Gholdengo|
|poke|p1|Great Tusk|
|poke|p1|Kingambit, F|
|poke|p2|Zamazenta-*|
|poke|p2|Samurott-Hisui, M|
|poke|p2|Tornadus-Therian, M|
|poke|p2|Iron Treads|
|poke|p2|Ogerpon-Wellspring, F|
|poke|p2|Gholdengo|
|teampreview
|inactive|Battle timer is ON: inactive players will automatically lose when time's up. (requested by KurisuChestnutOU)
|
|t:|1781148254
|teamsize|p1|6
|teamsize|p2|6
|start
|switch|p1a: Gliscor|Gliscor, F|100/100
|switch|p2a: Tornadus|Tornadus-Therian, M|100/100
|turn|1
|
|t:|1781148260
|move|p2a: Tornadus|Knock Off|p1a: Gliscor
|-damage|p1a: Gliscor|89/100
|-enditem|p1a: Gliscor|Toxic Orb|[from] move: Knock Off|[of] p2a: Tornadus
|move|p1a: Gliscor|Spikes|p2a: Tornadus
|-sidestart|p2: t0nezoffun|Spikes
|
|upkeep
|turn|2
|
|t:|1781148271
|move|p2a: Tornadus|Bleakwind Storm|p1a: Gliscor
|-damage|p1a: Gliscor|46/100
|move|p1a: Gliscor|Spikes|p2a: Tornadus
|-sidestart|p2: t0nezoffun|Spikes
|
|upkeep
|turn|3
|
|t:|1781148277
|move|p1a: Gliscor|Protect|p1a: Gliscor
|-singleturn|p1a: Gliscor|Protect
|move|p2a: Tornadus|Bleakwind Storm|p1a: Gliscor
|-activate|p1a: Gliscor|move: Protect
|
|upkeep
|turn|4
|
|t:|1781148285
|switch|p1a: Kingambit|Kingambit, F|100/100
|move|p2a: Tornadus|Bleakwind Storm|p1a: Kingambit
|-resisted|p1a: Kingambit
|-damage|p1a: Kingambit|79/100
|
|-heal|p1a: Kingambit|85/100|[from] item: Leftovers
|upkeep
|turn|5
|
|t:|1781148293
|move|p2a: Tornadus|Heat Wave|p1a: Kingambit
|-supereffective|p1a: Kingambit
|-damage|p1a: Kingambit|33/100
|move|p1a: Kingambit|Swords Dance|p1a: Kingambit
|-boost|p1a: Kingambit|atk|2
|
|-heal|p1a: Kingambit|39/100|[from] item: Leftovers
|upkeep
|turn|6
|
|t:|1781148302
|-terastallize|p1a: Kingambit|Dark
|move|p1a: Kingambit|Sucker Punch|p2a: Tornadus
|-damage|p2a: Tornadus|0 fnt
|faint|p2a: Tornadus
|
|-heal|p1a: Kingambit|46/100|[from] item: Leftovers
|upkeep
|
|t:|1781148308
|switch|p2a: Zamazenta|Zamazenta|100/100
|-damage|p2a: Zamazenta|84/100|[from] Spikes
|-ability|p2a: Zamazenta|Dauntless Shield|boost
|-boost|p2a: Zamazenta|def|1
|turn|7
|
|t:|1781148314
|-end|p1a: Kingambit|fallenundefined|[silent]
|switch|p1a: Dondozo|Dondozo, F|100/100
|move|p2a: Zamazenta|Iron Defense|p2a: Zamazenta
|-boost|p2a: Zamazenta|def|2
|
|-heal|p2a: Zamazenta|90/100|[from] item: Leftovers
|upkeep
|turn|8
|
|t:|1781148321
|switch|p2a: Ogerpon|Ogerpon-Wellspring, F|100/100
|-damage|p2a: Ogerpon|84/100|[from] Spikes
|move|p1a: Dondozo|Body Press|p2a: Ogerpon
|-damage|p2a: Ogerpon|46/100
|
|upkeep
|turn|9
|
|t:|1781148329
|move|p2a: Ogerpon|Swords Dance|p2a: Ogerpon
|-boost|p2a: Ogerpon|atk|2
|move|p1a: Dondozo|Body Press|p2a: Ogerpon
|-damage|p2a: Ogerpon|8/100
|
|upkeep
|turn|10
|
|t:|1781148335
|switch|p1a: Gliscor|Gliscor, F|46/100
|move|p2a: Ogerpon|Trailblaze|p1a: Gliscor
|-damage|p1a: Gliscor|8/100
|-boost|p2a: Ogerpon|spe|1
|
|upkeep
|turn|11
|
|t:|1781148343
|move|p2a: Ogerpon|Trailblaze|p1a: Gliscor
|-damage|p1a: Gliscor|0 fnt
|-boost|p2a: Ogerpon|spe|1
|faint|p1a: Gliscor
|
|upkeep
|
|t:|1781148347
|switch|p1a: Dondozo|Dondozo, F|100/100
|turn|12
|
|t:|1781148351
|move|p2a: Ogerpon|Trailblaze|p1a: Dondozo
|-supereffective|p1a: Dondozo
|-damage|p1a: Dondozo|75/100
|-boost|p2a: Ogerpon|spe|1
|move|p1a: Dondozo|Body Press|p2a: Ogerpon
|-damage|p2a: Ogerpon|0 fnt
|faint|p2a: Ogerpon
|
|-heal|p1a: Dondozo|81/100|[from] item: Leftovers
|upkeep
|
|t:|1781148362
|switch|p2a: Iron Treads|Iron Treads|100/100
|-damage|p2a: Iron Treads|84/100|[from] Spikes
|turn|13
|
|t:|1781148367
|move|p2a: Iron Treads|Stealth Rock|p1a: Dondozo
|-sidestart|p1: KurisuChestnutOU|move: Stealth Rock
|move|p1a: Dondozo|Wave Crash|p2a: Iron Treads
|-supereffective|p2a: Iron Treads
|-damage|p2a: Iron Treads|2/100
|-damage|p1a: Dondozo|64/100|[from] Recoil
|
|-heal|p2a: Iron Treads|8/100|[from] item: Leftovers
|-heal|p1a: Dondozo|70/100|[from] item: Leftovers
|upkeep
|turn|14
|
|t:|1781148376
|switch|p1a: Gholdengo|Gholdengo|100/100
|-damage|p1a: Gholdengo|94/100|[from] Stealth Rock
|-item|p1a: Gholdengo|Air Balloon
|move|p2a: Iron Treads|Knock Off|p1a: Gholdengo
|-supereffective|p1a: Gholdengo
|-damage|p1a: Gholdengo|31/100
|-enditem|p1a: Gholdengo|Air Balloon
|
|-heal|p2a: Iron Treads|14/100|[from] item: Leftovers
|upkeep
|turn|15
|
|t:|1781148387
|move|p2a: Iron Treads|Earthquake|p1a: Gholdengo
|-supereffective|p1a: Gholdengo
|-damage|p1a: Gholdengo|0 fnt
|faint|p1a: Gholdengo
|
|-heal|p2a: Iron Treads|20/100|[from] item: Leftovers
|upkeep
|
|t:|1781148391
|switch|p1a: Kingambit|Kingambit, F, tera:Dark|46/100
|-damage|p1a: Kingambit|33/100|[from] Stealth Rock
|-activate|p1a: Kingambit|ability: Supreme Overlord
|-start|p1a: Kingambit|fallen2|[silent]
|turn|16
|
|t:|1781148397
|move|p1a: Kingambit|Sucker Punch||[still]
|-fail|p1a: Kingambit
|move|p2a: Iron Treads|Stealth Rock||[still]
|-fail|p2a: Iron Treads
|
|-heal|p2a: Iron Treads|27/100|[from] item: Leftovers
|-heal|p1a: Kingambit|39/100|[from] item: Leftovers
|upkeep
|turn|17
|
|t:|1781148405
|move|p1a: Kingambit|Sucker Punch|p2a: Iron Treads
|-damage|p2a: Iron Treads|0 fnt
|faint|p2a: Iron Treads
|-end|p2a: Iron Treads|Quark Drive|[silent]
|
|-heal|p1a: Kingambit|46/100|[from] item: Leftovers
|upkeep
|
|t:|1781148415
|switch|p2a: Zamazenta|Zamazenta|90/100
|-damage|p2a: Zamazenta|74/100|[from] Spikes
|turn|18
|
|t:|1781148420
|-end|p1a: Kingambit|fallen2|[silent]
|switch|p1a: Dondozo|Dondozo, F|70/100
|-damage|p1a: Dondozo|58/100|[from] Stealth Rock
|move|p2a: Zamazenta|Iron Defense|p2a: Zamazenta
|-boost|p2a: Zamazenta|def|2
|
|-heal|p2a: Zamazenta|80/100|[from] item: Leftovers
|-heal|p1a: Dondozo|64/100|[from] item: Leftovers
|upkeep
|turn|19
|
|t:|1781148428
|switch|p2a: Gholdengo|Gholdengo|100/100
|-item|p2a: Gholdengo|Air Balloon
|move|p1a: Dondozo|Wave Crash|p2a: Gholdengo
|-damage|p2a: Gholdengo|70/100
|-enditem|p2a: Gholdengo|Air Balloon
|-damage|p1a: Dondozo|56/100|[from] Recoil
|
|-heal|p1a: Dondozo|62/100|[from] item: Leftovers
|upkeep
|turn|20
|
|t:|1781148440
|switch|p1a: Great Tusk|Great Tusk|100/100
|move|p2a: Gholdengo|Nasty Plot|p2a: Gholdengo
|-boost|p2a: Gholdengo|spa|2
|
|upkeep
|turn|21
|
|t:|1781148446
|move|p1a: Great Tusk|Headlong Rush|p2a: Gholdengo
|-supereffective|p2a: Gholdengo
|-damage|p2a: Gholdengo|0 fnt
|-unboost|p1a: Great Tusk|def|1
|-unboost|p1a: Great Tusk|spd|1
|faint|p2a: Gholdengo
|
|upkeep
|-message|t0nezoffun forfeited.
|
|win|KurisuChestnutOU
|raw|KurisuChestnutOU's rating: 1528 &rarr; <strong>1550</strong><br />(+22 for winning)
|raw|t0nezoffun's rating: 1555 &rarr; <strong>1533</strong><br />(-22 for losing)
|l|☆t0nezoffun
|player|p2|
