|j|☆freekaik
|j|☆praveenkumart236
|t:|1781425348
|gametype|singles
|player|p1|freekaik|101|1487
|player|p2|praveenkumart236|1|1555
|gen|9
|tier|[Gen 9] OU
|rated|
|rule|HP Percentage Mod: HP is shown in percentages
|rule|Endless Battle Clause: Forcing endless battles is banned
|rule|Species Clause: Limit one of each Pokémon
|rule|OHKO Clause: OHKO moves are banned
|rule|Evasion Items Clause: Evasion items are banned
|rule|Evasion Moves Clause: Evasion moves are banned
|rule|Evasion Abilities Clause: Evasion abilities are banned
|rule|Sleep Moves Clause: Sleep-inducing moves are banned
|clearpoke
|poke|p1|Ogerpon-Wellspring, F|
|poke|p1|Weezing-Galar, F|
|poke|p1|Raging Bolt|
|poke|p1|Corviknight, M|
|poke|p1|Heatran, F|
|poke|p1|Great Tusk|
|poke|p2|Pincurchin, M|
|poke|p2|Pawmot, F|
|poke|p2|Iron Valiant|
|poke|p2|Raging Bolt|
|poke|p2|Iron Treads|
|poke|p2|Iron Moth|
|teampreview
|inactive|Battle timer is ON: inactive players will automatically lose when time's up. (requested by praveenkumart236)
|j| 9smokinonza9
|
|t:|1781425374
|teamsize|p1|6
|teamsize|p2|6
|start
|switch|p1a: Heatran|Heatran, F|100/100
|switch|p2a: Pincurchin|Pincurchin, M|100/100
|-item|p1a: Heatran|Air Balloon
|-fieldstart|move: Electric Terrain|[from] ability: Electric Surge|[of] p2a: Pincurchin
|turn|1
|inactive|praveenkumart236 has 120 seconds left.
|
|t:|1781425409
|move|p1a: Heatran|Magma Storm|p2a: Pincurchin|[miss]
|-miss|p1a: Heatran|p2a: Pincurchin
|move|p2a: Pincurchin|Supercell Slam|p1a: Heatran
|-damage|p1a: Heatran|35/100
|-enditem|p1a: Heatran|Air Balloon
|
|upkeep
|turn|2
|inactive|praveenkumart236 has 120 seconds left.
|
|t:|1781425417
|switch|p2a: Raging Bolt|Raging Bolt|100/100
|-enditem|p2a: Raging Bolt|Electric Seed
|-boost|p2a: Raging Bolt|def|1|[from] item: Electric Seed
|move|p1a: Heatran|Magma Storm|p2a: Raging Bolt
|-resisted|p2a: Raging Bolt
|-damage|p2a: Raging Bolt|79/100
|-activate|p2a: Raging Bolt|move: Magma Storm|[of] p1a: Heatran
|
|-damage|p2a: Raging Bolt|66/100|[from] move: Magma Storm|[partiallytrapped]
|upkeep
|turn|3
|
|t:|1781425440
|move|p2a: Raging Bolt|Dragon Pulse|p1a: Heatran
|-resisted|p1a: Heatran
|-damage|p1a: Heatran|15/100
|move|p1a: Heatran|Magma Storm|p2a: Raging Bolt
|-resisted|p2a: Raging Bolt
|-damage|p2a: Raging Bolt|44/100
|
|-damage|p2a: Raging Bolt|32/100|[from] move: Magma Storm|[partiallytrapped]
|upkeep
|turn|4
|inactive|praveenkumart236 has 120 seconds left.
|inactive|freekaik has 120 seconds left.
|
|t:|1781425474
|move|p2a: Raging Bolt|Thunderclap|p1a: Heatran
|-damage|p1a: Heatran|0 fnt
|faint|p1a: Heatran
|
|-end|p2a: Raging Bolt|Magma Storm|[partiallytrapped]|[silent]
|upkeep
|inactive|freekaik has 90 seconds left.
|
|t:|1781425507
|switch|p1a: Ogerpon|Ogerpon-Wellspring, F|100/100
|turn|5
|
|t:|1781425530
|move|p1a: Ogerpon|Encore|p2a: Raging Bolt
|-start|p2a: Raging Bolt|Encore
|move|p2a: Raging Bolt|Thunderclap||[still]
|-fail|p2a: Raging Bolt
|
|upkeep
|turn|6
|inactive|praveenkumart236 has 90 seconds left.
|
|t:|1781425551
|move|p2a: Raging Bolt|Thunderclap||[still]
|-fail|p2a: Raging Bolt
|move|p1a: Ogerpon|Focus Energy|p1a: Ogerpon
|-start|p1a: Ogerpon|move: Focus Energy
|
|upkeep
|turn|7
|
|t:|1781425566
|move|p2a: Raging Bolt|Thunderclap||[still]
|-fail|p2a: Raging Bolt
|move|p1a: Ogerpon|Focus Energy||[still]
|-fail|p1a: Ogerpon
|
|-end|p2a: Raging Bolt|Encore
|upkeep
|turn|8
|
|t:|1781425572
|move|p2a: Raging Bolt|Thunderclap||[still]
|-fail|p2a: Raging Bolt
|move|p1a: Ogerpon|Encore|p2a: Raging Bolt
|-start|p2a: Raging Bolt|Encore
|
|-fieldend|move: Electric Terrain
|upkeep
|turn|9
|
|t:|1781425579
|move|p2a: Raging Bolt|Thunderclap|p1a: Ogerpon
|-damage|p1a: Ogerpon|49/100
|move|p1a: Ogerpon|Ivy Cudgel|p2a: Raging Bolt|[anim] Ivy Cudgel Water
|-resisted|p2a: Raging Bolt
|-crit|p2a: Raging Bolt
|-damage|p2a: Raging Bolt|0 fnt
|faint|p2a: Raging Bolt
|-end|p2a: Raging Bolt|Protosynthesis|[silent]
|
|upkeep
|
|t:|1781425587
|switch|p2a: Iron Valiant|Iron Valiant|100/100
|turn|10
|
|t:|1781425593
|switch|p1a: Corviknight|Corviknight, M|100/100
|-ability|p1a: Corviknight|Pressure
|move|p2a: Iron Valiant|Close Combat|p1a: Corviknight
|-damage|p1a: Corviknight|32/100
|-unboost|p2a: Iron Valiant|def|1
|-unboost|p2a: Iron Valiant|spd|1
|-damage|p2a: Iron Valiant|90/100|[from] item: Life Orb
|
|upkeep
|turn|11
|inactive|praveenkumart236 has 120 seconds left.
|
|t:|1781425605
|switch|p1a: Weezing|Weezing-Galar, F, shiny|100/100
|-ability|p1a: Weezing|Neutralizing Gas
|move|p2a: Iron Valiant|Thunder Punch|p1a: Weezing
|-damage|p1a: Weezing|80/100
|-damage|p2a: Iron Valiant|80/100|[from] item: Life Orb
|
|-heal|p1a: Weezing|86/100|[from] item: Leftovers
|upkeep
|turn|12
|inactive|praveenkumart236 has 120 seconds left.
|
|t:|1781425615
|-end|p2a: Iron Valiant|Quark Drive|[silent]
|switch|p2a: Pincurchin|Pincurchin, M|100/100
|move|p1a: Weezing|Strange Steam|p2a: Pincurchin
|-damage|p2a: Pincurchin|65/100
|
|-heal|p1a: Weezing|92/100|[from] item: Leftovers
|upkeep
|turn|13
|inactive|praveenkumart236 has 120 seconds left.
|
|t:|1781425626
|switch|p2a: Iron Treads|Iron Treads|100/100
|move|p1a: Weezing|Will-O-Wisp|p2a: Iron Treads
|-status|p2a: Iron Treads|brn
|
|-heal|p1a: Weezing|98/100|[from] item: Leftovers
|-damage|p2a: Iron Treads|94/100 brn|[from] brn
|upkeep
|turn|14
|
|t:|1781425637
|-end|p1a: Weezing|ability: Neutralizing Gas
|switch|p1a: Corviknight|Corviknight, M|32/100
|-ability|p1a: Corviknight|Pressure
|move|p2a: Iron Treads|Stealth Rock|p1a: Corviknight
|-sidestart|p1: freekaik|move: Stealth Rock
|
|-damage|p2a: Iron Treads|88/100 brn|[from] brn
|upkeep
|turn|15
|
|t:|1781425645
|-end|p2a: Iron Treads|Quark Drive|[silent]
|switch|p2a: Pincurchin|Pincurchin, M|65/100
|-fieldstart|move: Electric Terrain|[from] ability: Electric Surge|[of] p2a: Pincurchin
|move|p1a: Corviknight|U-turn|p2a: Pincurchin
|-damage|p2a: Pincurchin|49/100
|
|t:|1781425651
|switch|p1a: Great Tusk|Great Tusk|100/100|[from] U-turn
|-damage|p1a: Great Tusk|98/100|[from] Stealth Rock
|-enditem|p1a: Great Tusk|Booster Energy
|-activate|p1a: Great Tusk|ability: Protosynthesis|[fromitem]
|-start|p1a: Great Tusk|protosynthesisatk
|
|upkeep
|turn|16
|
|t:|1781425659
|move|p1a: Great Tusk|Rapid Spin|p2a: Pincurchin
|-crit|p2a: Pincurchin
|-damage|p2a: Pincurchin|8/100
|-boost|p1a: Great Tusk|spe|1
|-sideend|p1: freekaik|Stealth Rock|[from] move: Rapid Spin|[of] p1a: Great Tusk
|move|p2a: Pincurchin|Memento|p1a: Great Tusk
|-unboost|p1a: Great Tusk|atk|2
|-unboost|p1a: Great Tusk|spa|2
|faint|p2a: Pincurchin
|
|upkeep
|
|t:|1781425675
|switch|p2a: Iron Moth|Iron Moth|100/100
|-item|p2a: Iron Moth|Air Balloon
|-activate|p2a: Iron Moth|ability: Quark Drive
|-start|p2a: Iron Moth|quarkdrivespa
|turn|17
|
|t:|1781425701
|move|p2a: Iron Moth|Fiery Dance|p1a: Great Tusk
|-damage|p1a: Great Tusk|22/100
|-boost|p2a: Iron Moth|spa|1
|move|p1a: Great Tusk|Rapid Spin|p2a: Iron Moth
|-damage|p2a: Iron Moth|80/100
|-boost|p1a: Great Tusk|spe|1
|-enditem|p2a: Iron Moth|Air Balloon
|
|upkeep
|turn|18
|
|t:|1781425714
|-end|p2a: Iron Moth|Quark Drive|[silent]
|switch|p2a: Iron Treads|Iron Treads|88/100 brn
|-activate|p2a: Iron Treads|ability: Quark Drive
|-start|p2a: Iron Treads|quarkdrivespe
|move|p1a: Great Tusk|Headlong Rush|p2a: Iron Treads
|-supereffective|p2a: Iron Treads
|-damage|p2a: Iron Treads|20/100 brn
|-unboost|p1a: Great Tusk|def|1
|-unboost|p1a: Great Tusk|spd|1
|-enditem|p2a: Iron Treads|Eject Button
|
|t:|1781425722
|-end|p2a: Iron Treads|Quark Drive|[silent]
|switch|p2a: Pawmot|Pawmot, F|100/100
|
|upkeep
|turn|19
|
|t:|1781425746
|switch|p2a: Iron Treads|Iron Treads|20/100 brn
|-activate|p2a: Iron Treads|ability: Quark Drive
|-start|p2a: Iron Treads|quarkdrivespe
|move|p1a: Great Tusk|Headlong Rush|p2a: Iron Treads
|-supereffective|p2a: Iron Treads
|-damage|p2a: Iron Treads|0 fnt
|-unboost|p1a: Great Tusk|def|1
|-unboost|p1a: Great Tusk|spd|1
|faint|p2a: Iron Treads
|-end|p2a: Iron Treads|Quark Drive|[silent]
|
|upkeep
|
|t:|1781425752
|switch|p2a: Pawmot|Pawmot, F|100/100
|turn|20
|inactive|freekaik has 120 seconds left.
|
|t:|1781425778
|move|p2a: Pawmot|Mach Punch|p1a: Great Tusk
|-damage|p1a: Great Tusk|3/100
|move|p1a: Great Tusk|Headlong Rush|p2a: Pawmot
|-supereffective|p2a: Pawmot
|-damage|p2a: Pawmot|0 fnt
|-unboost|p1a: Great Tusk|def|1
|-unboost|p1a: Great Tusk|spd|1
|faint|p2a: Pawmot
|
|upkeep
|-message|praveenkumart236 forfeited.
|
|win|freekaik
|raw|freekaik's rating: 1487 &rarr; <strong>1511</strong><br />(+24 for winning)
|raw|praveenkumart236's rating: 1555 &rarr; <strong>1531</strong><br />(-24 for losing)
|l|☆praveenkumart236
|player|p2|
|l|☆freekaik
|player|p1|
