|j|☆sethypooh
|j|☆winslowyoudog
|t:|1781227833
|gametype|singles
|player|p1|sethypooh|pokemaniac|1613
|player|p2|winslowyoudog|169|1653
|gen|9
|tier|[Gen 9] OU
|rated|
|rule|HP Percentage Mod: HP is shown in percentages
|rule|Endless Battle Clause: Forcing endless battles is banned
|rule|Species Clause: Limit one of each Pokémon
|rule|OHKO Clause: OHKO moves are banned
|rule|Evasion Items Clause: Evasion items are banned
|rule|Evasion Moves Clause: Evasion moves are banned
|rule|Evasion Abilities Clause: Evasion abilities are banned
|rule|Sleep Moves Clause: Sleep-inducing moves are banned
|clearpoke
|poke|p1|Raging Bolt|
|poke|p1|Ribombee, F|
|poke|p1|Gholdengo|
|poke|p1|Great Tusk|
|poke|p1|Ogerpon-Cornerstone, F|
|poke|p1|Ceruledge, F|
|poke|p2|Slowbro-Galar, F|
|poke|p2|Indeedee, M|
|poke|p2|Armarouge, F|
|poke|p2|Hatterene, F|
|poke|p2|Iron Treads|
|poke|p2|Hawlucha, F|
|teampreview
|inactive|Battle timer is ON: inactive players will automatically lose when time's up. (requested by sethypooh)
|
|t:|1781227852
|teamsize|p1|6
|teamsize|p2|6
|start
|switch|p1a: Ogerpon|Ogerpon-Cornerstone, F|100/100
|switch|p2a: Indeedee|Indeedee, M|100/100
|-fieldstart|move: Psychic Terrain|[from] ability: Psychic Surge|[of] p2a: Indeedee
|turn|1
|
|t:|1781227857
|switch|p2a: Iron Treads|Iron Treads|100/100
|-item|p2a: Iron Treads|Air Balloon
|move|p1a: Ogerpon|Knock Off|p2a: Iron Treads
|-damage|p2a: Iron Treads|62/100
|-enditem|p2a: Iron Treads|Air Balloon
|
|upkeep
|turn|2
|
|t:|1781227871
|-end|p2a: Iron Treads|Quark Drive|[silent]
|switch|p2a: Hawlucha|Hawlucha, F|100/100
|-enditem|p2a: Hawlucha|Psychic Seed
|-boost|p2a: Hawlucha|spd|1|[from] item: Psychic Seed
|move|p1a: Ogerpon|Low Kick|p2a: Hawlucha
|-resisted|p2a: Hawlucha
|-damage|p2a: Hawlucha|90/100
|
|upkeep
|turn|3
|
|t:|1781227885
|move|p2a: Hawlucha|Acrobatics|p1a: Ogerpon
|-damage|p1a: Ogerpon|38/100
|move|p1a: Ogerpon|Ivy Cudgel|p2a: Hawlucha|[anim] Ivy Cudgel Rock
|-damage|p2a: Hawlucha|7/100
|
|upkeep
|turn|4
|
|t:|1781227889
|move|p2a: Hawlucha|Acrobatics|p1a: Ogerpon
|-damage|p1a: Ogerpon|0 fnt
|faint|p1a: Ogerpon
|
|upkeep
|
|t:|1781227891
|switch|p1a: Ceruledge|Ceruledge, F, shiny|100/100
|turn|5
|
|t:|1781227903
|move|p2a: Hawlucha|Acrobatics|p1a: Ceruledge
|-damage|p1a: Ceruledge|26/100
|-ability|p1a: Ceruledge|Weak Armor|boost
|-unboost|p1a: Ceruledge|def|1
|-boost|p1a: Ceruledge|spe|2
|move|p1a: Ceruledge|Poltergeist||[still]
|-fail|p1a: Ceruledge
|
|upkeep
|turn|6
|
|t:|1781227909
|move|p2a: Hawlucha|Acrobatics|p1a: Ceruledge
|-damage|p1a: Ceruledge|0 fnt
|faint|p1a: Ceruledge
|
|upkeep
|
|t:|1781227917
|switch|p1a: Ribombee|Ribombee, F, shiny|100/100
|turn|7
|
|t:|1781227922
|switch|p2a: Hatterene|Hatterene, F|100/100
|move|p1a: Ribombee|Moonblast|p2a: Hatterene
|-damage|p2a: Hatterene|58/100
|-enditem|p2a: Hatterene|Eject Button
|
|t:|1781227935
|switch|p2a: Iron Treads|Iron Treads|62/100
|
|upkeep
|turn|8
|
|t:|1781227938
|move|p1a: Ribombee|Stun Spore|p2a: Iron Treads
|-status|p2a: Iron Treads|par
|move|p2a: Iron Treads|Knock Off|p1a: Ribombee
|-resisted|p1a: Ribombee
|-damage|p1a: Ribombee|68/100
|-enditem|p1a: Ribombee|Focus Sash|[from] move: Knock Off|[of] p2a: Iron Treads
|
|-fieldend|move: Psychic Terrain
|upkeep
|turn|9
|
|t:|1781227949
|switch|p1a: Great Tusk|Great Tusk, shiny|100/100
|-enditem|p1a: Great Tusk|Booster Energy
|-activate|p1a: Great Tusk|ability: Protosynthesis|[fromitem]
|-start|p1a: Great Tusk|protosynthesisatk
|move|p2a: Iron Treads|Rapid Spin|p1a: Great Tusk
|-damage|p1a: Great Tusk|89/100
|-boost|p2a: Iron Treads|spe|1
|
|upkeep
|turn|10
|
|t:|1781227961
|-end|p2a: Iron Treads|Quark Drive|[silent]
|switch|p2a: Hawlucha|Hawlucha, F|7/100
|move|p1a: Great Tusk|Headlong Rush|p2a: Hawlucha
|-immune|p2a: Hawlucha
|
|upkeep
|turn|11
|
|t:|1781227964
|move|p1a: Great Tusk|Ice Spinner|p2a: Hawlucha
|-supereffective|p2a: Hawlucha
|-damage|p2a: Hawlucha|0 fnt
|faint|p2a: Hawlucha
|
|upkeep
|
|t:|1781227968
|switch|p2a: Indeedee|Indeedee, M|100/100
|-fieldstart|move: Psychic Terrain|[from] ability: Psychic Surge|[of] p2a: Indeedee
|turn|12
|
|t:|1781227973
|move|p1a: Great Tusk|Ice Spinner|p2a: Indeedee
|-damage|p2a: Indeedee|62/100
|-fieldend|move: Psychic Terrain
|move|p2a: Indeedee|Expanding Force|p1a: Great Tusk
|-supereffective|p1a: Great Tusk
|-damage|p1a: Great Tusk|0 fnt
|faint|p1a: Great Tusk
|-end|p1a: Great Tusk|Protosynthesis|[silent]
|
|upkeep
|
|t:|1781227980
|switch|p1a: Raging Bolt|Raging Bolt|100/100
|-enditem|p1a: Raging Bolt|Booster Energy
|-activate|p1a: Raging Bolt|ability: Protosynthesis|[fromitem]
|-start|p1a: Raging Bolt|protosynthesisspa
|turn|13
|
|t:|1781227984
|switch|p2a: Iron Treads|Iron Treads|62/100 par
|move|p1a: Raging Bolt|Calm Mind|p1a: Raging Bolt
|-boost|p1a: Raging Bolt|spa|1
|-boost|p1a: Raging Bolt|spd|1
|
|upkeep
|turn|14
|
|t:|1781227999
|-terastallize|p1a: Raging Bolt|Flying
|move|p1a: Raging Bolt|Dragon Pulse|p2a: Iron Treads
|-resisted|p2a: Iron Treads
|-damage|p2a: Iron Treads|0 fnt
|faint|p2a: Iron Treads
|-end|p2a: Iron Treads|Quark Drive|[silent]
|
|upkeep
|
|t:|1781228005
|switch|p2a: Indeedee|Indeedee, M|62/100
|-fieldstart|move: Psychic Terrain|[from] ability: Psychic Surge|[of] p2a: Indeedee
|turn|15
|
|t:|1781228021
|move|p1a: Raging Bolt|Thunderbolt|p2a: Indeedee
|-damage|p2a: Indeedee|0 fnt
|faint|p2a: Indeedee
|
|upkeep
|inactive|winslowyoudog has 120 seconds left.
|
|t:|1781228045
|switch|p2a: Megaman|Slowbro-Galar, F|100/100
|turn|16
|-activate|p2a: Megaman|ability: Quick Draw
|
|t:|1781228049
|move|p2a: Megaman|Expanding Force|p1a: Raging Bolt
|-damage|p1a: Raging Bolt|55/100
|move|p1a: Raging Bolt|Thunderbolt|p2a: Megaman
|-damage|p2a: Megaman|0 fnt
|faint|p2a: Megaman
|
|upkeep
|
|t:|1781228052
|switch|p2a: Armarouge|Armarouge, F|100/100
|turn|17
|
|t:|1781228056
|-terastallize|p2a: Armarouge|Psychic
|move|p2a: Armarouge|Expanding Force|p1a: Raging Bolt
|-damage|p1a: Raging Bolt|0 fnt
|faint|p1a: Raging Bolt
|-end|p1a: Raging Bolt|Protosynthesis|[silent]
|
|upkeep
|
|t:|1781228071
|switch|p1a: Gholdengo|Gholdengo, shiny|100/100
|-item|p1a: Gholdengo|Air Balloon
|turn|18
|
|t:|1781228078
|move|p2a: Armarouge|Armor Cannon|p1a: Gholdengo
|-supereffective|p1a: Gholdengo
|-crit|p1a: Gholdengo
|-damage|p1a: Gholdengo|0 fnt
|-unboost|p2a: Armarouge|def|1
|-unboost|p2a: Armarouge|spd|1
|-enditem|p1a: Gholdengo|Air Balloon
|faint|p1a: Gholdengo
|
|upkeep
|
|t:|1781228081
|switch|p1a: Ribombee|Ribombee, F, shiny|68/100
|turn|19
|
|t:|1781228103
|move|p1a: Ribombee|Moonblast|p2a: Armarouge
|-damage|p2a: Armarouge|26/100
|move|p2a: Armarouge|Expanding Force|p1a: Ribombee
|-damage|p1a: Ribombee|0 fnt
|faint|p1a: Ribombee
|
|win|winslowyoudog
|raw|sethypooh's rating: 1613 &rarr; <strong>1595</strong><br />(-18 for losing)
|raw|winslowyoudog's rating: 1653 &rarr; <strong>1671</strong><br />(+18 for winning)
|l|☆sethypooh
|player|p1|
|l|☆winslowyoudog
|player|p2|
