|j|‽LT_Alt1
|j|☆LowEL0God
|t:|1781240959
|gametype|singles
|player|p1|LT_Alt1|102|1753
|player|p2|LowEL0God|265|1663
|gen|9
|tier|[Gen 9] OU
|rated|
|rule|HP Percentage Mod: HP is shown in percentages
|rule|Endless Battle Clause: Forcing endless battles is banned
|rule|Species Clause: Limit one of each Pokémon
|rule|OHKO Clause: OHKO moves are banned
|rule|Evasion Items Clause: Evasion items are banned
|rule|Evasion Moves Clause: Evasion moves are banned
|rule|Evasion Abilities Clause: Evasion abilities are banned
|rule|Sleep Moves Clause: Sleep-inducing moves are banned
|clearpoke
|poke|p1|Kyurem|
|poke|p1|Raging Bolt|
|poke|p1|Hatterene, F|
|poke|p1|Slowking-Galar, F|
|poke|p1|Ting-Lu|
|poke|p1|Corviknight, F|
|poke|p2|Pelipper, M|
|poke|p2|Raging Bolt|
|poke|p2|Overqwil, F|
|poke|p2|Barraskewda, F|
|poke|p2|Iron Treads|
|poke|p2|Kingambit, M|
|teampreview
|c|☆LowEL0God|hf
|inactive|Battle timer is ON: inactive players will automatically lose when time's up. (requested by LowEL0God)
|
|t:|1781240978
|teamsize|p1|6
|teamsize|p2|6
|start
|switch|p1a: Slowking|Slowking-Galar, F|100/100
|switch|p2a: Kingambit|Kingambit, M|100/100
|turn|1
|
|t:|1781240981
|switch|p1a: Corviknight|Corviknight, F|100/100
|-ability|p1a: Corviknight|Pressure
|move|p2a: Kingambit|Swords Dance|p2a: Kingambit
|-boost|p2a: Kingambit|atk|2
|
|upkeep
|turn|2
|
|t:|1781240984
|-terastallize|p2a: Kingambit|Dark
|move|p1a: Corviknight|Iron Defense|p1a: Corviknight
|-boost|p1a: Corviknight|def|2
|move|p2a: Kingambit|Swords Dance|p2a: Kingambit
|-boost|p2a: Kingambit|atk|2
|
|upkeep
|turn|3
|
|t:|1781240992
|move|p1a: Corviknight|Iron Defense|p1a: Corviknight
|-boost|p1a: Corviknight|def|2
|move|p2a: Kingambit|Kowtow Cleave|p1a: Corviknight
|-damage|p1a: Corviknight|59/100
|-damage|p2a: Kingambit|84/100|[from] item: Rocky Helmet|[of] p1a: Corviknight
|
|-heal|p2a: Kingambit|90/100|[from] item: Leftovers
|upkeep
|turn|4
|
|t:|1781240994
|-end|p2a: Kingambit|fallenundefined|[silent]
|switch|p2a: Pelipper|Pelipper, M|100/100
|-weather|RainDance|[from] ability: Drizzle|[of] p2a: Pelipper
|move|p1a: Corviknight|Body Press|p2a: Pelipper
|-resisted|p2a: Pelipper
|-damage|p2a: Pelipper|72/100
|
|-weather|RainDance|[upkeep]
|upkeep
|turn|5
|
|t:|1781240998
|move|p1a: Corviknight|Roost|p1a: Corviknight
|-heal|p1a: Corviknight|100/100
|-singleturn|p1a: Corviknight|move: Roost
|move|p2a: Pelipper|Weather Ball|p1a: Corviknight
|-damage|p1a: Corviknight|50/100
|
|-weather|RainDance|[upkeep]
|upkeep
|turn|6
|
|t:|1781241004
|move|p1a: Corviknight|Roost|p1a: Corviknight
|-heal|p1a: Corviknight|100/100
|-singleturn|p1a: Corviknight|move: Roost
|move|p2a: Pelipper|Weather Ball|p1a: Corviknight
|-damage|p1a: Corviknight|50/100
|
|-weather|RainDance|[upkeep]
|upkeep
|turn|7
|
|t:|1781241008
|move|p1a: Corviknight|Roost|p1a: Corviknight
|-heal|p1a: Corviknight|99/100
|-singleturn|p1a: Corviknight|move: Roost
|move|p2a: Pelipper|Weather Ball|p1a: Corviknight
|-damage|p1a: Corviknight|50/100
|
|-weather|RainDance|[upkeep]
|upkeep
|turn|8
|
|t:|1781241012
|move|p1a: Corviknight|Roost|p1a: Corviknight
|-heal|p1a: Corviknight|99/100
|-singleturn|p1a: Corviknight|move: Roost
|move|p2a: Pelipper|Weather Ball|p1a: Corviknight
|-damage|p1a: Corviknight|55/100
|
|-weather|RainDance|[upkeep]
|upkeep
|turn|9
|
|t:|1781241016
|move|p1a: Corviknight|Roost|p1a: Corviknight
|-heal|p1a: Corviknight|100/100
|-singleturn|p1a: Corviknight|move: Roost
|move|p2a: Pelipper|Weather Ball|p1a: Corviknight
|-damage|p1a: Corviknight|53/100
|
|-weather|RainDance|[upkeep]
|upkeep
|turn|10
|
|t:|1781241021
|move|p1a: Corviknight|Roost|p1a: Corviknight
|-heal|p1a: Corviknight|100/100
|-singleturn|p1a: Corviknight|move: Roost
|move|p2a: Pelipper|Weather Ball|p1a: Corviknight
|-damage|p1a: Corviknight|50/100
|
|-weather|RainDance|[upkeep]
|upkeep
|turn|11
|
|t:|1781241027
|move|p1a: Corviknight|Roost|p1a: Corviknight
|-heal|p1a: Corviknight|99/100
|-singleturn|p1a: Corviknight|move: Roost
|move|p2a: Pelipper|Weather Ball|p1a: Corviknight
|-damage|p1a: Corviknight|55/100
|
|-weather|none
|upkeep
|turn|12
|
|t:|1781241031
|move|p1a: Corviknight|Body Press|p2a: Pelipper
|-resisted|p2a: Pelipper
|-damage|p2a: Pelipper|45/100
|move|p2a: Pelipper|Roost|p2a: Pelipper
|-heal|p2a: Pelipper|95/100
|-singleturn|p2a: Pelipper|move: Roost
|
|upkeep
|turn|13
|
|t:|1781241037
|move|p1a: Corviknight|Body Press|p2a: Pelipper
|-resisted|p2a: Pelipper
|-damage|p2a: Pelipper|70/100
|move|p2a: Pelipper|Hurricane|p1a: Corviknight|[miss]
|-miss|p2a: Pelipper|p1a: Corviknight
|
|upkeep
|turn|14
|
|t:|1781241039
|move|p1a: Corviknight|Body Press|p2a: Pelipper
|-resisted|p2a: Pelipper
|-damage|p2a: Pelipper|44/100
|move|p2a: Pelipper|Roost|p2a: Pelipper
|-heal|p2a: Pelipper|94/100
|-singleturn|p2a: Pelipper|move: Roost
|
|upkeep
|turn|15
|
|t:|1781241043
|move|p1a: Corviknight|Iron Defense|p1a: Corviknight
|-boost|p1a: Corviknight|def|2
|move|p2a: Pelipper|Hurricane|p1a: Corviknight|[miss]
|-miss|p2a: Pelipper|p1a: Corviknight
|
|upkeep
|turn|16
|
|t:|1781241045
|move|p1a: Corviknight|Body Press|p2a: Pelipper
|-resisted|p2a: Pelipper
|-damage|p2a: Pelipper|59/100
|move|p2a: Pelipper|Hurricane|p1a: Corviknight
|-resisted|p1a: Corviknight
|-damage|p1a: Corviknight|38/100
|
|upkeep
|turn|17
|
|t:|1781241050
|move|p1a: Corviknight|Roost|p1a: Corviknight
|-heal|p1a: Corviknight|88/100
|-singleturn|p1a: Corviknight|move: Roost
|move|p2a: Pelipper|Roost|p2a: Pelipper
|-heal|p2a: Pelipper|100/100
|-singleturn|p2a: Pelipper|move: Roost
|
|upkeep
|turn|18
|
|t:|1781241053
|move|p1a: Corviknight|Body Press|p2a: Pelipper
|-resisted|p2a: Pelipper
|-damage|p2a: Pelipper|66/100
|move|p2a: Pelipper|Roost|p2a: Pelipper
|-heal|p2a: Pelipper|100/100
|-singleturn|p2a: Pelipper|move: Roost
|
|upkeep
|turn|19
|
|t:|1781241058
|move|p1a: Corviknight|Body Press|p2a: Pelipper
|-resisted|p2a: Pelipper
|-damage|p2a: Pelipper|64/100
|move|p2a: Pelipper|Roost|p2a: Pelipper
|-heal|p2a: Pelipper|100/100
|-singleturn|p2a: Pelipper|move: Roost
|
|upkeep
|turn|20
|
|t:|1781241061
|move|p1a: Corviknight|Body Press|p2a: Pelipper
|-resisted|p2a: Pelipper
|-damage|p2a: Pelipper|64/100
|move|p2a: Pelipper|Roost|p2a: Pelipper
|-heal|p2a: Pelipper|100/100
|-singleturn|p2a: Pelipper|move: Roost
|
|upkeep
|turn|21
|
|t:|1781241065
|move|p1a: Corviknight|Body Press|p2a: Pelipper
|-resisted|p2a: Pelipper
|-damage|p2a: Pelipper|66/100
|move|p2a: Pelipper|Roost|p2a: Pelipper
|-heal|p2a: Pelipper|100/100
|-singleturn|p2a: Pelipper|move: Roost
|
|upkeep
|turn|22
|
|t:|1781241068
|move|p1a: Corviknight|Body Press|p2a: Pelipper
|-resisted|p2a: Pelipper
|-damage|p2a: Pelipper|66/100
|move|p2a: Pelipper|Hurricane|p1a: Corviknight
|-resisted|p1a: Corviknight
|-damage|p1a: Corviknight|72/100
|-start|p1a: Corviknight|confusion
|
|upkeep
|turn|23
|
|t:|1781241077
|-activate|p1a: Corviknight|confusion
|move|p1a: Corviknight|Body Press|p2a: Pelipper
|-resisted|p2a: Pelipper
|-damage|p2a: Pelipper|31/100
|move|p2a: Pelipper|Roost|p2a: Pelipper
|-heal|p2a: Pelipper|81/100
|-singleturn|p2a: Pelipper|move: Roost
|
|upkeep
|turn|24
|
|t:|1781241081
|-activate|p1a: Corviknight|confusion
|-damage|p1a: Corviknight|70/100|[from] confusion
|move|p2a: Pelipper|Hurricane|p1a: Corviknight
|-resisted|p1a: Corviknight
|-damage|p1a: Corviknight|54/100
|
|upkeep
|turn|25
|
|t:|1781241083
|-activate|p1a: Corviknight|confusion
|move|p1a: Corviknight|Body Press|p2a: Pelipper
|-resisted|p2a: Pelipper
|-damage|p2a: Pelipper|47/100
|move|p2a: Pelipper|Hurricane|p1a: Corviknight
|-resisted|p1a: Corviknight
|-damage|p1a: Corviknight|36/100
|
|upkeep
|turn|26
|
|t:|1781241087
|-activate|p1a: Corviknight|confusion
|move|p1a: Corviknight|Body Press|p2a: Pelipper
|-resisted|p2a: Pelipper
|-crit|p2a: Pelipper
|-damage|p2a: Pelipper|0 fnt
|faint|p2a: Pelipper
|
|upkeep
|
|t:|1781241088
|switch|p2a: Raging Bolt|Raging Bolt|100/100
|-enditem|p2a: Raging Bolt|Booster Energy
|-activate|p2a: Raging Bolt|ability: Protosynthesis|[fromitem]
|-start|p2a: Raging Bolt|protosynthesisspa
|turn|27
|
|t:|1781241095
|move|p2a: Raging Bolt|Draco Meteor|p1a: Corviknight
|-resisted|p1a: Corviknight
|-damage|p1a: Corviknight|0 fnt
|-unboost|p2a: Raging Bolt|spa|2
|faint|p1a: Corviknight
|
|upkeep
|
|t:|1781241113
|switch|p1a: Ting-Lu|Ting-Lu|100/100
|-ability|p1a: Ting-Lu|Vessel of Ruin
|turn|28
|
|t:|1781241116
|-end|p2a: Raging Bolt|Protosynthesis|[silent]
|switch|p2a: Kingambit|Kingambit, M, tera:Dark|90/100
|-activate|p2a: Kingambit|ability: Supreme Overlord
|-start|p2a: Kingambit|fallen1|[silent]
|move|p1a: Ting-Lu|Spikes|p2a: Kingambit
|-sidestart|p2: LowEL0God|Spikes
|
|-heal|p2a: Kingambit|97/100|[from] item: Leftovers
|upkeep
|turn|29
|
|t:|1781241121
|move|p2a: Kingambit|Swords Dance|p2a: Kingambit
|-boost|p2a: Kingambit|atk|2
|move|p1a: Ting-Lu|Whirlwind|p2a: Kingambit
|-end|p2a: Kingambit|fallen1|[silent]
|drag|p2a: Raging Bolt|Raging Bolt|100/100
|-damage|p2a: Raging Bolt|88/100|[from] Spikes
|
|upkeep
|turn|30
|
|t:|1781241126
|-end|p2a: Raging Bolt|Protosynthesis|[silent]
|switch|p2a: Kingambit|Kingambit, M, tera:Dark|97/100
|-damage|p2a: Kingambit|84/100|[from] Spikes
|-activate|p2a: Kingambit|ability: Supreme Overlord
|-start|p2a: Kingambit|fallen1|[silent]
|move|p1a: Ting-Lu|Ruination|p2a: Kingambit
|-damage|p2a: Kingambit|42/100
|
|-heal|p2a: Kingambit|49/100|[from] item: Leftovers
|upkeep
|turn|31
|
|t:|1781241135
|move|p2a: Kingambit|Iron Head|p1a: Ting-Lu
|-damage|p1a: Ting-Lu|76/100
|move|p1a: Ting-Lu|Whirlwind|p2a: Kingambit
|-end|p2a: Kingambit|fallen1|[silent]
|drag|p2a: Raging Bolt|Raging Bolt|88/100
|-damage|p2a: Raging Bolt|76/100|[from] Spikes
|
|-heal|p1a: Ting-Lu|83/100|[from] item: Leftovers
|upkeep
|turn|32
|
|t:|1781241140
|-end|p2a: Raging Bolt|Protosynthesis|[silent]
|switch|p2a: Kingambit|Kingambit, M, tera:Dark|49/100
|-damage|p2a: Kingambit|36/100|[from] Spikes
|-activate|p2a: Kingambit|ability: Supreme Overlord
|-start|p2a: Kingambit|fallen1|[silent]
|move|p1a: Ting-Lu|Spikes|p2a: Kingambit
|-sidestart|p2: LowEL0God|Spikes
|
|-heal|p2a: Kingambit|42/100|[from] item: Leftovers
|-heal|p1a: Ting-Lu|89/100|[from] item: Leftovers
|upkeep
|turn|33
|
|t:|1781241143
|move|p2a: Kingambit|Iron Head|p1a: Ting-Lu
|-damage|p1a: Ting-Lu|63/100
|move|p1a: Ting-Lu|Earthquake|p2a: Kingambit
|-damage|p2a: Kingambit|15/100
|
|-heal|p2a: Kingambit|21/100|[from] item: Leftovers
|-heal|p1a: Ting-Lu|69/100|[from] item: Leftovers
|upkeep
|turn|34
|
|t:|1781241151
|move|p2a: Kingambit|Iron Head|p1a: Ting-Lu
|-damage|p1a: Ting-Lu|41/100
|move|p1a: Ting-Lu|Earthquake|p2a: Kingambit
|-damage|p2a: Kingambit|0 fnt
|faint|p2a: Kingambit
|-end|p2a: Kingambit|fallen1|[silent]
|
|-heal|p1a: Ting-Lu|48/100|[from] item: Leftovers
|upkeep
|
|t:|1781241152
|switch|p2a: Barraskewda|Barraskewda, F|100/100
|-damage|p2a: Barraskewda|84/100|[from] Spikes
|turn|35
|
|t:|1781241176
|switch|p1a: Raging Bolt|Raging Bolt|100/100
|move|p2a: Barraskewda|Liquidation|p1a: Raging Bolt
|-resisted|p1a: Raging Bolt
|-damage|p1a: Raging Bolt|70/100
|
|upkeep
|turn|36
|
|t:|1781241181
|switch|p2a: Iron Treads|Iron Treads|100/100
|-damage|p2a: Iron Treads|84/100|[from] Spikes
|-enditem|p2a: Iron Treads|Booster Energy
|-activate|p2a: Iron Treads|ability: Quark Drive|[fromitem]
|-start|p2a: Iron Treads|quarkdrivespe
|move|p1a: Raging Bolt|Draco Meteor|p2a: Iron Treads
|-resisted|p2a: Iron Treads
|-damage|p2a: Iron Treads|34/100
|-unboost|p1a: Raging Bolt|spa|2
|
|upkeep
|turn|37
|
|t:|1781241195
|-end|p1a: Raging Bolt|Protosynthesis|[silent]
|switch|p1a: Ting-Lu|Ting-Lu|48/100
|-ability|p1a: Ting-Lu|Vessel of Ruin
|move|p2a: Iron Treads|Rapid Spin|p1a: Ting-Lu
|-crit|p1a: Ting-Lu
|-damage|p1a: Ting-Lu|40/100
|-boost|p2a: Iron Treads|spe|1
|-sideend|p2: LowEL0God|Spikes|[from] move: Rapid Spin|[of] p2a: Iron Treads
|
|-heal|p1a: Ting-Lu|46/100|[from] item: Leftovers
|upkeep
|turn|38
|
|t:|1781241202
|move|p2a: Iron Treads|Stealth Rock|p1a: Ting-Lu
|-sidestart|p1: LT_Alt1|move: Stealth Rock
|move|p1a: Ting-Lu|Earthquake|p2a: Iron Treads
|-supereffective|p2a: Iron Treads
|-damage|p2a: Iron Treads|0 fnt
|faint|p2a: Iron Treads
|-end|p2a: Iron Treads|Quark Drive|[silent]
|
|-heal|p1a: Ting-Lu|52/100|[from] item: Leftovers
|upkeep
|
|t:|1781241202
|switch|p2a: Barraskewda|Barraskewda, F|84/100
|turn|39
|
|t:|1781241226
|switch|p1a: Slowking|Slowking-Galar, F|100/100
|-damage|p1a: Slowking|88/100|[from] Stealth Rock
|move|p2a: Barraskewda|Liquidation|p1a: Slowking
|-damage|p1a: Slowking|28/100
|
|upkeep
|turn|40
|
|t:|1781241234
|switch|p1a: Raging Bolt|Raging Bolt|70/100
|-damage|p1a: Raging Bolt|58/100|[from] Stealth Rock
|move|p2a: Barraskewda|Liquidation|p1a: Raging Bolt
|-resisted|p1a: Raging Bolt
|-damage|p1a: Raging Bolt|26/100
|
|upkeep
|turn|41
|
|t:|1781241247
|switch|p2a: Raging Bolt|Raging Bolt|76/100
|move|p1a: Raging Bolt|Volt Switch|p2a: Raging Bolt
|-resisted|p2a: Raging Bolt
|-damage|p2a: Raging Bolt|66/100
|
|t:|1781241252
|-end|p1a: Raging Bolt|Protosynthesis|[silent]
|switch|p1a: Ting-Lu|Ting-Lu|52/100|[from] Volt Switch
|-damage|p1a: Ting-Lu|46/100|[from] Stealth Rock
|-ability|p1a: Ting-Lu|Vessel of Ruin
|
|-heal|p1a: Ting-Lu|52/100|[from] item: Leftovers
|upkeep
|turn|42
|
|t:|1781241255
|-end|p2a: Raging Bolt|Protosynthesis|[silent]
|switch|p2a: Barraskewda|Barraskewda, F|84/100
|move|p1a: Ting-Lu|Spikes|p2a: Barraskewda
|-sidestart|p2: LowEL0God|Spikes
|
|-heal|p1a: Ting-Lu|58/100|[from] item: Leftovers
|upkeep
|turn|43
|
|t:|1781241272
|switch|p1a: Slowking|Slowking-Galar, F|61/100
|-damage|p1a: Slowking|48/100|[from] Stealth Rock
|move|p2a: Barraskewda|Liquidation|p1a: Slowking
|-crit|p1a: Slowking
|-damage|p1a: Slowking|0 fnt
|faint|p1a: Slowking
|
|upkeep
|
|t:|1781241274
|switch|p1a: Hatterene|Hatterene, F|100/100
|-damage|p1a: Hatterene|88/100|[from] Stealth Rock
|turn|44
|
|t:|1781241278
|move|p2a: Barraskewda|Liquidation|p1a: Hatterene
|-damage|p1a: Hatterene|16/100
|move|p1a: Hatterene|Nuzzle|p2a: Barraskewda
|-supereffective|p2a: Barraskewda
|-damage|p2a: Barraskewda|72/100
|-status|p2a: Barraskewda|par
|
|-heal|p1a: Hatterene|21/100|[from] item: Leftovers
|upkeep
|turn|45
|
|t:|1781241287
|move|p2a: Barraskewda|Liquidation|p1a: Hatterene
|-damage|p1a: Hatterene|0 fnt
|faint|p1a: Hatterene
|
|upkeep
|
|t:|1781241292
|switch|p1a: Raging Bolt|Raging Bolt|26/100
|-damage|p1a: Raging Bolt|13/100|[from] Stealth Rock
|turn|46
|
|t:|1781241296
|switch|p2a: Raging Bolt|Raging Bolt|66/100
|-damage|p2a: Raging Bolt|54/100|[from] Spikes
|move|p1a: Raging Bolt|Volt Switch|p2a: Raging Bolt
|-resisted|p2a: Raging Bolt
|-damage|p2a: Raging Bolt|46/100
|
|t:|1781241298
|-end|p1a: Raging Bolt|Protosynthesis|[silent]
|switch|p1a: Ting-Lu|Ting-Lu|58/100|[from] Volt Switch
|-damage|p1a: Ting-Lu|52/100|[from] Stealth Rock
|-ability|p1a: Ting-Lu|Vessel of Ruin
|
|-heal|p1a: Ting-Lu|58/100|[from] item: Leftovers
|upkeep
|turn|47
|
|t:|1781241305
|move|p2a: Raging Bolt|Draco Meteor|p1a: Ting-Lu
|-damage|p1a: Ting-Lu|20/100
|-unboost|p2a: Raging Bolt|spa|2
|move|p1a: Ting-Lu|Spikes|p2a: Raging Bolt
|-sidestart|p2: LowEL0God|Spikes
|
|-heal|p1a: Ting-Lu|27/100|[from] item: Leftovers
|upkeep
|turn|48
|
|t:|1781241312
|move|p2a: Raging Bolt|Draco Meteor|p1a: Ting-Lu
|-damage|p1a: Ting-Lu|7/100
|-unboost|p2a: Raging Bolt|spa|2
|move|p1a: Ting-Lu|Earthquake|p2a: Raging Bolt
|-supereffective|p2a: Raging Bolt
|-crit|p2a: Raging Bolt
|-damage|p2a: Raging Bolt|0 fnt
|faint|p2a: Raging Bolt
|-end|p2a: Raging Bolt|Protosynthesis|[silent]
|
|-heal|p1a: Ting-Lu|14/100|[from] item: Leftovers
|upkeep
|
|t:|1781241313
|switch|p2a: Barraskewda|Barraskewda, F|72/100 par
|-damage|p2a: Barraskewda|55/100 par|[from] Spikes
|turn|49
|
|t:|1781241315
|cant|p2a: Barraskewda|par
|move|p1a: Ting-Lu|Earthquake|p2a: Barraskewda
|-damage|p2a: Barraskewda|0 fnt
|faint|p2a: Barraskewda
|
|-heal|p1a: Ting-Lu|20/100|[from] item: Leftovers
|upkeep
|
|t:|1781241316
|switch|p2a: Overqwil|Overqwil, F|100/100
|-damage|p2a: Overqwil|84/100|[from] Spikes
|turn|50
|
|t:|1781241318
|move|p2a: Overqwil|Gunk Shot|p1a: Ting-Lu
|-resisted|p1a: Ting-Lu
|-damage|p1a: Ting-Lu|0 fnt
|faint|p1a: Ting-Lu
|-damage|p2a: Overqwil|74/100|[from] item: Life Orb
|
|upkeep
|
|t:|1781241321
|switch|p1a: Kyurem|Kyurem|100/100
|-damage|p1a: Kyurem|76/100|[from] Stealth Rock
|-ability|p1a: Kyurem|Pressure
|turn|51
|
|t:|1781241323
|move|p1a: Kyurem|Draco Meteor|p2a: Overqwil
|-damage|p2a: Overqwil|0 fnt
|-unboost|p1a: Kyurem|spa|2
|faint|p2a: Overqwil
|
|win|LT_Alt1
|raw|LT_Alt1's rating: 1753 &rarr; <strong>1768</strong><br />(+15 for winning)
|raw|LowEL0God's rating: 1663 &rarr; <strong>1648</strong><br />(-15 for losing)
|c|☆LowEL0God|gg
|l|☆LowEL0God
|player|p2|
|n|‽LT_Alt1|ltalt1
|n|‽LT_Alt1|ltalt1
