|j|☆monkeoogaboog2
|j|☆magikarp soup
|t:|1781574377
|gametype|singles
|player|p1|monkeoogaboog2|101|1631
|player|p2|magikarp soup|medium|1714
|gen|9
|tier|[Gen 9] OU
|rated|
|rule|HP Percentage Mod: HP is shown in percentages
|rule|Endless Battle Clause: Forcing endless battles is banned
|rule|Species Clause: Limit one of each Pokémon
|rule|OHKO Clause: OHKO moves are banned
|rule|Evasion Items Clause: Evasion items are banned
|rule|Evasion Moves Clause: Evasion moves are banned
|rule|Evasion Abilities Clause: Evasion abilities are banned
|rule|Sleep Moves Clause: Sleep-inducing moves are banned
|clearpoke
|poke|p1|Fezandipiti, M|
|poke|p1|Landorus-Therian, M|
|poke|p1|Cinderace, M|
|poke|p1|Alomomola, M|
|poke|p1|Dragapult, M|
|poke|p1|Darkrai|
|poke|p2|Cramorant, M|
|poke|p2|Ceruledge, F|
|poke|p2|Kingambit, M|
|poke|p2|Maushold|
|poke|p2|Dragonite, F|
|poke|p2|Enamorus, F|
|teampreview
|c|☆monkeoogaboog2|hello
|c|☆magikarp soup|type shit
|
|t:|1781574399
|teamsize|p1|6
|teamsize|p2|6
|start
|switch|p1a: Dragapult|Dragapult, M|100/100
|switch|p2a: Cramorant|Cramorant, M|100/100
|turn|1
|
|t:|1781574406
|move|p1a: Dragapult|Shadow Ball|p2a: Cramorant
|-crit|p2a: Cramorant
|-damage|p2a: Cramorant|10/100
|move|p2a: Cramorant|Tailwind|p2a: Cramorant
|-sidestart|p2: magikarp soup|move: Tailwind
|
|upkeep
|turn|2
|
|t:|1781574413
|move|p2a: Cramorant|Surf|p1a: Dragapult
|-formechange|p2a: Cramorant|Cramorant-Gorging|
|-resisted|p1a: Dragapult
|-damage|p1a: Dragapult|76/100
|move|p1a: Dragapult|Shadow Ball|p2a: Cramorant
|-crit|p2a: Cramorant
|-damage|p2a: Cramorant|0 fnt
|-damage|p1a: Dragapult|51/100|[from] ability: Gulp Missile|[of] p2a: Cramorant
|-status|p1a: Dragapult|par
|-formechange|p2a: Cramorant|Cramorant|
|faint|p2a: Cramorant
|
|upkeep
|c|☆monkeoogaboog2|that's how it works?
|c|☆monkeoogaboog2|well
|c|☆magikarp soup|yea
|c|☆monkeoogaboog2|lol atleast i crit both my shadow balls
|
|t:|1781574435
|switch|p2a: Maushold|Maushold|100/100
|turn|3
|
|t:|1781574439
|switch|p1a: Landorus|Landorus-Therian, M|100/100
|-ability|p1a: Landorus|Intimidate|boost
|-unboost|p2a: Maushold|atk|1
|move|p2a: Maushold|Tidy Up|p2a: Maushold
|-boost|p2a: Maushold|atk|1
|-boost|p2a: Maushold|spe|1
|
|upkeep
|turn|4
|
|t:|1781574445
|move|p2a: Maushold|Population Bomb|p1a: Landorus
|-damage|p1a: Landorus|89/100
|-damage|p2a: Maushold|84/100|[from] item: Rocky Helmet|[of] p1a: Landorus
|-damage|p1a: Landorus|76/100
|-damage|p2a: Maushold|67/100|[from] item: Rocky Helmet|[of] p1a: Landorus
|-damage|p1a: Landorus|64/100
|-damage|p2a: Maushold|51/100|[from] item: Rocky Helmet|[of] p1a: Landorus
|-damage|p1a: Landorus|52/100
|-damage|p2a: Maushold|34/100|[from] item: Rocky Helmet|[of] p1a: Landorus
|-damage|p1a: Landorus|40/100
|-damage|p2a: Maushold|17/100|[from] item: Rocky Helmet|[of] p1a: Landorus
|-damage|p1a: Landorus|28/100
|-damage|p2a: Maushold|1/100|[from] item: Rocky Helmet|[of] p1a: Landorus
|-damage|p1a: Landorus|16/100
|-damage|p2a: Maushold|0 fnt|[from] item: Rocky Helmet|[of] p1a: Landorus
|faint|p2a: Maushold
|-hitcount|p1a: Landorus|7
|move|p1a: Landorus|Earthquake|p2: Maushold|[notarget]
|-fail|p1a: Landorus
|
|-sideend|p2: magikarp soup|move: Tailwind
|upkeep
|
|t:|1781574454
|switch|p2a: Dragonite|Dragonite, F|100/100
|turn|5
|
|t:|1781574457
|move|p1a: Landorus|Taunt|p2a: Dragonite
|-start|p2a: Dragonite|move: Taunt
|cant|p2a: Dragonite|move: Taunt|Dragon Dance
|
|upkeep
|turn|6
|
|t:|1781574463
|switch|p2a: Ceruledge|Ceruledge, F|100/100
|move|p1a: Landorus|U-turn|p2a: Ceruledge
|-resisted|p2a: Ceruledge
|-damage|p2a: Ceruledge|93/100
|-ability|p2a: Ceruledge|Weak Armor|boost
|-unboost|p2a: Ceruledge|def|1
|-boost|p2a: Ceruledge|spe|2
|
|t:|1781574467
|switch|p1a: Fezandipiti|Fezandipiti, M|100/100|[from] U-turn
|
|upkeep
|turn|7
|c|☆monkeoogaboog2|Bro I misclicked
|c|☆monkeoogaboog2|Jesus
|c|☆magikarp soup|son
|
|t:|1781574476
|move|p2a: Ceruledge|Swords Dance|p2a: Ceruledge
|-boost|p2a: Ceruledge|atk|2
|move|p1a: Fezandipiti|Beat Up|p2a: Ceruledge
|-supereffective|p2a: Ceruledge
|-damage|p2a: Ceruledge|81/100
|-ability|p2a: Ceruledge|Weak Armor|boost
|-unboost|p2a: Ceruledge|def|1
|-boost|p2a: Ceruledge|spe|2
|-status|p2a: Ceruledge|tox|[from] ability: Toxic Chain|[of] p1a: Fezandipiti
|-supereffective|p2a: Ceruledge
|-crit|p2a: Ceruledge
|-damage|p2a: Ceruledge|53/100 tox
|-ability|p2a: Ceruledge|Weak Armor|boost
|-unboost|p2a: Ceruledge|def|1
|-boost|p2a: Ceruledge|spe|2
|-supereffective|p2a: Ceruledge
|-damage|p2a: Ceruledge|36/100 tox
|-ability|p2a: Ceruledge|Weak Armor|boost
|-unboost|p2a: Ceruledge|def|1
|-supereffective|p2a: Ceruledge
|-damage|p2a: Ceruledge|2/100 tox
|-ability|p2a: Ceruledge|Weak Armor|boost
|-unboost|p2a: Ceruledge|def|1
|-supereffective|p2a: Ceruledge
|-damage|p2a: Ceruledge|0 fnt
|faint|p2a: Ceruledge
|-hitcount|p2: Ceruledge|5
|
|upkeep
|c|☆monkeoogaboog2|Lol ok
|c|☆monkeoogaboog2|That's how it works
|
|t:|1781574484
|switch|p2a: Dragonite|Dragonite, F|100/100
|turn|8
|c|☆monkeoogaboog2|I just wanted to get my poison
|
|t:|1781574491
|move|p1a: Fezandipiti|Beat Up|p2a: Dragonite
|-damage|p2a: Dragonite|99/100
|-damage|p2a: Dragonite|96/100
|-crit|p2a: Dragonite
|-damage|p2a: Dragonite|92/100
|-damage|p2a: Dragonite|87/100
|-damage|p2a: Dragonite|84/100
|-status|p2a: Dragonite|tox|[from] ability: Toxic Chain|[of] p1a: Fezandipiti
|-hitcount|p2a: Dragonite|5
|move|p2a: Dragonite|Dragon Dance|p2a: Dragonite
|-boost|p2a: Dragonite|atk|1
|-boost|p2a: Dragonite|spe|1
|
|-damage|p2a: Dragonite|78/100 tox|[from] psn
|upkeep
|turn|9
|
|t:|1781574495
|switch|p1a: Landorus|Landorus-Therian, M|16/100
|-ability|p1a: Landorus|Intimidate|boost
|-unboost|p2a: Dragonite|atk|1
|move|p2a: Dragonite|Dragon Dance|p2a: Dragonite
|-boost|p2a: Dragonite|atk|1
|-boost|p2a: Dragonite|spe|1
|
|-damage|p2a: Dragonite|66/100 tox|[from] psn
|upkeep
|turn|10
|
|t:|1781574498
|move|p2a: Dragonite|Scale Shot|p1a: Landorus
|-damage|p1a: Landorus|0 fnt
|faint|p1a: Landorus
|-hitcount|p1: Landorus|1
|-unboost|p2a: Dragonite|def|1
|-boost|p2a: Dragonite|spe|1
|
|-damage|p2a: Dragonite|47/100 tox|[from] psn
|upkeep
|
|t:|1781574507
|switch|p1a: Alomomola|Alomomola, M|100/100
|turn|11
|
|t:|1781574524
|switch|p2a: Enamorus|Enamorus, F|100/100
|move|p1a: Alomomola|Flip Turn|p2a: Enamorus
|-damage|p2a: Enamorus|76/100
|
|t:|1781574529
|switch|p1a: Fezandipiti|Fezandipiti, M|100/100|[from] Flip Turn
|
|upkeep
|turn|12
|
|t:|1781574537
|move|p2a: Enamorus|Healing Wish|p2a: Enamorus
|faint|p2a: Enamorus
|move|p1a: Fezandipiti|Moonblast|p2: Enamorus|[notarget]
|-fail|p1a: Fezandipiti
|
|upkeep
|
|t:|1781574539
|switch|p2a: Kingambit|Kingambit, M|100/100
|-activate|p2a: Kingambit|ability: Supreme Overlord
|-start|p2a: Kingambit|fallen4|[silent]
|turn|13
|
|t:|1781574546
|move|p1a: Fezandipiti|U-turn|p2a: Kingambit
|-damage|p2a: Kingambit|89/100
|
|t:|1781574548
|switch|p1a: Darkrai|Darkrai|100/100|[from] U-turn
|move|p2a: Kingambit|Swords Dance|p2a: Kingambit
|-boost|p2a: Kingambit|atk|2
|
|upkeep
|turn|14
|
|t:|1781574555
|-terastallize|p2a: Kingambit|Psychic
|move|p1a: Darkrai|Will-O-Wisp|p2a: Kingambit
|-status|p2a: Kingambit|brn
|move|p2a: Kingambit|Swords Dance|p2a: Kingambit
|-boost|p2a: Kingambit|atk|2
|
|-damage|p2a: Kingambit|83/100 brn|[from] brn
|upkeep
|turn|15
|
|t:|1781574560
|move|p1a: Darkrai|Dark Pulse|p2a: Kingambit
|-supereffective|p2a: Kingambit
|-damage|p2a: Kingambit|0 fnt
|faint|p2a: Kingambit
|-end|p2a: Kingambit|fallen4|[silent]
|
|upkeep
|c|☆magikarp soup|son
|c|☆monkeoogaboog2|son indeed
|c|☆magikarp soup|"one for everything ahh
|
|t:|1781574569
|switch|p2a: Dragonite|Dragonite, F|47/100 tox
|-heal|p2a: Dragonite|100/100|[from] move: Healing Wish
|turn|16
|c|☆monkeoogaboog2|I was focus blast before so
|
|t:|1781574579
|move|p1a: Darkrai|Will-O-Wisp|p2a: Dragonite
|-status|p2a: Dragonite|brn
|move|p2a: Dragonite|Dragon Dance|p2a: Dragonite
|-boost|p2a: Dragonite|atk|1
|-boost|p2a: Dragonite|spe|1
|
|-damage|p2a: Dragonite|94/100 brn|[from] brn
|upkeep
|turn|17
|
|t:|1781574581
|move|p2a: Dragonite|Scale Shot|p1a: Darkrai
|-damage|p1a: Darkrai|85/100
|-damage|p1a: Darkrai|71/100
|-damage|p1a: Darkrai|56/100
|-damage|p1a: Darkrai|42/100
|-damage|p1a: Darkrai|27/100
|-hitcount|p1a: Darkrai|5
|-unboost|p2a: Dragonite|def|1
|-boost|p2a: Dragonite|spe|1
|move|p1a: Darkrai|Dark Pulse|p2a: Dragonite
|-damage|p2a: Dragonite|48/100 brn
|
|-heal|p1a: Darkrai|33/100|[from] item: Leftovers
|-damage|p2a: Dragonite|41/100 brn|[from] brn
|upkeep
|turn|18
|
|t:|1781574584
|move|p2a: Dragonite|Scale Shot|p1a: Darkrai
|-damage|p1a: Darkrai|18/100
|-damage|p1a: Darkrai|4/100
|-damage|p1a: Darkrai|0 fnt
|faint|p1a: Darkrai
|-hitcount|p1: Darkrai|3
|-unboost|p2a: Dragonite|def|1
|-boost|p2a: Dragonite|spe|1
|
|-damage|p2a: Dragonite|35/100 brn|[from] brn
|upkeep
|
|t:|1781574588
|switch|p1a: Fezandipiti|Fezandipiti, M|100/100
|turn|19
|
|t:|1781574590
|move|p2a: Dragonite|Fire Punch|p1a: Fezandipiti
|-damage|p1a: Fezandipiti|76/100
|move|p1a: Fezandipiti|Moonblast|p2a: Dragonite
|-supereffective|p2a: Dragonite
|-damage|p2a: Dragonite|0 fnt
|faint|p2a: Dragonite
|
|win|monkeoogaboog2
|raw|monkeoogaboog2's rating: 1631 &rarr; <strong>1656</strong><br />(+25 for winning)
|raw|magikarp soup's rating: 1714 &rarr; <strong>1689</strong><br />(-25 for losing)
|c|☆magikarp soup|gg
|l|☆magikarp soup
|player|p2|
|l|☆monkeoogaboog2
|player|p1|
