|j|☆cachowcapow
|j|‽TheCannonites
|t:|1781372051
|gametype|singles
|player|p1|cachowcapow|170|1731
|player|p2|TheCannonites|n|1692
|gen|9
|tier|[Gen 9] OU
|rated|
|rule|HP Percentage Mod: HP is shown in percentages
|rule|Endless Battle Clause: Forcing endless battles is banned
|rule|Species Clause: Limit one of each Pokémon
|rule|OHKO Clause: OHKO moves are banned
|rule|Evasion Items Clause: Evasion items are banned
|rule|Evasion Moves Clause: Evasion moves are banned
|rule|Evasion Abilities Clause: Evasion abilities are banned
|rule|Sleep Moves Clause: Sleep-inducing moves are banned
|clearpoke
|poke|p1|Alomomola, M|
|poke|p1|Gardevoir, M|
|poke|p1|Scizor, F|
|poke|p1|Slither Wing|
|poke|p1|Mew|
|poke|p1|Meowscarada, M|
|poke|p2|Grimmsnarl, M|
|poke|p2|Blastoise, F|
|poke|p2|Hatterene, F|
|poke|p2|Iron Crown|
|poke|p2|Great Tusk|
|poke|p2|Ceruledge, F|
|teampreview
|inactive|Battle timer is ON: inactive players will automatically lose when time's up. (requested by TheCannonites)
|
|t:|1781372061
|teamsize|p1|6
|teamsize|p2|6
|start
|switch|p1a: Meowscarada|Meowscarada, M|100/100
|switch|p2a: Grimmsnarl|Grimmsnarl, M|100/100
|turn|1
|
|t:|1781372068
|move|p2a: Grimmsnarl|Reflect|p2a: Grimmsnarl
|-sidestart|p2: TheCannonites|Reflect
|move|p1a: Meowscarada|U-turn|p2a: Grimmsnarl
|-start|p1a: Meowscarada|typechange|Bug|[from] ability: Protean
|-damage|p2a: Grimmsnarl|85/100
|
|t:|1781372070
|switch|p1a: Scizor|Scizor, F|100/100|[from] U-turn
|
|upkeep
|turn|2
|
|t:|1781372076
|move|p2a: Grimmsnarl|Taunt|p1a: Scizor
|-start|p1a: Scizor|move: Taunt
|move|p1a: Scizor|Knock Off|p2a: Grimmsnarl
|-resisted|p2a: Grimmsnarl
|-damage|p2a: Grimmsnarl|81/100
|-enditem|p2a: Grimmsnarl|Light Clay|[from] move: Knock Off|[of] p1a: Scizor
|
|upkeep
|turn|3
|
|t:|1781372084
|move|p2a: Grimmsnarl|Light Screen|p2a: Grimmsnarl
|-sidestart|p2: TheCannonites|move: Light Screen
|move|p1a: Scizor|Bullet Punch|p2a: Grimmsnarl
|-supereffective|p2a: Grimmsnarl
|-damage|p2a: Grimmsnarl|47/100
|
|upkeep
|turn|4
|j| DA COME UP
|
|t:|1781372090
|switch|p2a: Ceruledge|Ceruledge, F|100/100
|move|p1a: Scizor|Knock Off|p2a: Ceruledge
|-supereffective|p2a: Ceruledge
|-damage|p2a: Ceruledge|58/100
|-ability|p2a: Ceruledge|Weak Armor|boost
|-unboost|p2a: Ceruledge|def|1
|-boost|p2a: Ceruledge|spe|2
|-enditem|p2a: Ceruledge|Life Orb|[from] move: Knock Off|[of] p1a: Scizor
|
|-end|p1a: Scizor|move: Taunt
|upkeep
|turn|5
|
|t:|1781372100
|switch|p1a: Alomomola|Alomomola, M|100/100
|move|p2a: Ceruledge|Swords Dance|p2a: Ceruledge
|-boost|p2a: Ceruledge|atk|2
|
|upkeep
|turn|6
|
|t:|1781372107
|move|p2a: Ceruledge|Poltergeist|p1a: Alomomola
|-activate|p1a: Alomomola|move: Poltergeist|Choice Band
|-damage|p1a: Alomomola|19/100
|move|p1a: Alomomola|Flip Turn|p2a: Ceruledge
|-supereffective|p2a: Ceruledge
|-damage|p2a: Ceruledge|0 fnt
|faint|p2a: Ceruledge
|
|t:|1781372118
|switch|p1a: Meowscarada|Meowscarada, M|100/100|[from] Flip Turn
|
|upkeep
|
|t:|1781372123
|switch|p2a: Hatterene|Hatterene, F|100/100
|turn|7
|
|t:|1781372129
|move|p1a: Meowscarada|U-turn|p2a: Hatterene
|-start|p1a: Meowscarada|typechange|Bug|[from] ability: Protean
|-damage|p2a: Hatterene|87/100
|
|t:|1781372131
|switch|p1a: Scizor|Scizor, F|100/100|[from] U-turn
|move|p2a: Hatterene|Mystical Fire|p1a: Scizor
|-supereffective|p1a: Scizor
|-damage|p1a: Scizor|7/100
|-unboost|p1a: Scizor|spa|1
|
|-heal|p2a: Hatterene|93/100|[from] item: Leftovers
|-sideend|p2: TheCannonites|move: Light Screen
|upkeep
|turn|8
|
|t:|1781372142
|move|p1a: Scizor|Bullet Punch|p2a: Hatterene
|-supereffective|p2a: Hatterene
|-damage|p2a: Hatterene|62/100
|move|p2a: Hatterene|Draining Kiss|p1a: Scizor
|-resisted|p1a: Scizor
|-damage|p1a: Scizor|0 fnt
|-heal|p2a: Hatterene|68/100|[from] drain|[of] p1a: Scizor
|faint|p1a: Scizor
|
|-heal|p2a: Hatterene|74/100|[from] item: Leftovers
|-sideend|p2: TheCannonites|Reflect
|upkeep
|
|t:|1781372145
|switch|p1a: Gardevoir|Gardevoir, M, shiny|100/100
|-ability|p1a: Gardevoir|Magic Bounce|Trace|[from] ability: Trace|[of] p2a: Hatterene
|turn|9
|
|t:|1781372160
|move|p1a: Gardevoir|Shadow Ball|p2a: Hatterene
|-supereffective|p2a: Hatterene
|-damage|p2a: Hatterene|0 fnt
|faint|p2a: Hatterene
|
|upkeep
|
|t:|1781372166
|switch|p2a: Grimmsnarl|Grimmsnarl, M|47/100
|turn|10
|
|t:|1781372170
|switch|p1a: Alomomola|Alomomola, M|52/100
|move|p2a: Grimmsnarl|Reflect|p2a: Grimmsnarl
|-sidestart|p2: TheCannonites|Reflect
|
|upkeep
|turn|11
|
|t:|1781372175
|move|p2a: Grimmsnarl|Light Screen|p2a: Grimmsnarl
|-sidestart|p2: TheCannonites|move: Light Screen
|move|p1a: Alomomola|Flip Turn|p2a: Grimmsnarl
|-damage|p2a: Grimmsnarl|25/100
|
|t:|1781372182
|switch|p1a: Meowscarada|Meowscarada, M|100/100|[from] Flip Turn
|
|upkeep
|turn|12
|
|t:|1781372194
|switch|p2a: Iron Crown|Iron Crown|100/100
|-enditem|p2a: Iron Crown|Booster Energy
|-activate|p2a: Iron Crown|ability: Quark Drive|[fromitem]
|-start|p2a: Iron Crown|quarkdrivespa
|move|p1a: Meowscarada|U-turn|p2a: Iron Crown
|-start|p1a: Meowscarada|typechange|Bug|[from] ability: Protean
|-damage|p2a: Iron Crown|88/100
|
|t:|1781372203
|switch|p1a: Alomomola|Alomomola, M|86/100|[from] U-turn
|
|upkeep
|turn|13
|
|t:|1781372207
|move|p2a: Iron Crown|Agility|p2a: Iron Crown
|-boost|p2a: Iron Crown|spe|2
|move|p1a: Alomomola|Flip Turn|p2a: Iron Crown
|-damage|p2a: Iron Crown|68/100
|
|t:|1781372218
|switch|p1a: Slither Wing|Slither Wing|100/100|[from] Flip Turn
|
|upkeep
|turn|14
|
|t:|1781372222
|move|p2a: Iron Crown|Calm Mind|p2a: Iron Crown
|-boost|p2a: Iron Crown|spa|1
|-boost|p2a: Iron Crown|spd|1
|move|p1a: Slither Wing|U-turn|p2a: Iron Crown
|-damage|p2a: Iron Crown|53/100
|
|t:|1781372224
|-end|p1a: Slither Wing|Protosynthesis|[silent]
|switch|p1a: Alomomola|Alomomola, M|100/100|[from] U-turn
|
|-sideend|p2: TheCannonites|Reflect
|upkeep
|turn|15
|
|t:|1781372232
|move|p2a: Iron Crown|Calm Mind|p2a: Iron Crown
|-boost|p2a: Iron Crown|spa|1
|-boost|p2a: Iron Crown|spd|1
|move|p1a: Alomomola|Flip Turn|p2a: Iron Crown
|-damage|p2a: Iron Crown|15/100
|j| akabrithan
|
|t:|1781372235
|switch|p1a: Slither Wing|Slither Wing|100/100|[from] Flip Turn
|
|-sideend|p2: TheCannonites|move: Light Screen
|upkeep
|turn|16
|
|t:|1781372241
|move|p1a: Slither Wing|First Impression|p2a: Iron Crown
|-damage|p2a: Iron Crown|0 fnt
|faint|p2a: Iron Crown
|-end|p2a: Iron Crown|Quark Drive|[silent]
|
|upkeep
|
|t:|1781372247
|switch|p2a: Great Tusk|Great Tusk|100/100
|-enditem|p2a: Great Tusk|Booster Energy
|-activate|p2a: Great Tusk|ability: Protosynthesis|[fromitem]
|-start|p2a: Great Tusk|protosynthesisspe
|turn|17
|
|t:|1781372261
|move|p2a: Great Tusk|Bulk Up|p2a: Great Tusk
|-boost|p2a: Great Tusk|atk|1
|-boost|p2a: Great Tusk|def|1
|move|p1a: Slither Wing|Will-O-Wisp|p2a: Great Tusk
|-status|p2a: Great Tusk|brn
|
|-damage|p2a: Great Tusk|94/100 brn|[from] brn
|upkeep
|turn|18
|-message|TheCannonites forfeited.
|
|win|cachowcapow
|raw|cachowcapow's rating: 1731 &rarr; <strong>1749</strong><br />(+18 for winning)
|raw|TheCannonites's rating: 1692 &rarr; <strong>1674</strong><br />(-18 for losing)
|l|‽TheCannonites
|player|p2|
|l|☆cachowcapow
|player|p1|
|l| akabrithan
