|j|☆xxroditoxx
|j|☆mythiixx
|t:|1781554308
|gametype|singles
|player|p1|xxroditoxx|shadowtriad|1614
|player|p2|mythiixx|valerie|1696
|gen|9
|tier|[Gen 9] OU
|rated|
|rule|HP Percentage Mod: HP is shown in percentages
|rule|Endless Battle Clause: Forcing endless battles is banned
|rule|Species Clause: Limit one of each Pokémon
|rule|OHKO Clause: OHKO moves are banned
|rule|Evasion Items Clause: Evasion items are banned
|rule|Evasion Moves Clause: Evasion moves are banned
|rule|Evasion Abilities Clause: Evasion abilities are banned
|rule|Sleep Moves Clause: Sleep-inducing moves are banned
|clearpoke
|poke|p1|Hydrapple, F|
|poke|p1|Slowking, F|
|poke|p1|Great Tusk|
|poke|p1|Moltres|
|poke|p1|Zamazenta-*|
|poke|p1|Kingambit, F|
|poke|p2|Indeedee, M|
|poke|p2|Armarouge, M|
|poke|p2|Polteageist|
|poke|p2|Hawlucha, F|
|poke|p2|Hatterene, F|
|poke|p2|Deoxys-Speed|
|teampreview
|inactive|Battle timer is ON: inactive players will automatically lose when time's up. (requested by xxroditoxx)
|
|t:|1781554333
|teamsize|p1|6
|teamsize|p2|6
|start
|switch|p1a: Slowking|Slowking, F|100/100
|switch|p2a: Indeedee|Indeedee, M|100/100
|-fieldstart|move: Psychic Terrain|[from] ability: Psychic Surge|[of] p2a: Indeedee
|turn|1
|
|t:|1781554349
|switch|p2a: Hatterene|Hatterene, F|100/100
|move|p1a: Slowking|Thunder Wave|p2a: Hatterene
|move|p2a: Hatterene|Thunder Wave|p1a: Slowking|[from] ability: Magic Bounce
|-status|p1a: Slowking|par
|
|upkeep
|turn|2
|
|t:|1781554359
|move|p2a: Hatterene|Nuzzle|p1a: Slowking
|-supereffective|p1a: Slowking
|-damage|p1a: Slowking|92/100 par
|-prepare|p1a: Slowking|Chilly Reception|[premajor]
|cant|p1a: Slowking|par
|
|upkeep
|turn|3
|
|t:|1781554369
|move|p2a: Hatterene|Psychic Noise|p1a: Slowking
|-resisted|p1a: Slowking
|-damage|p1a: Slowking|79/100 par
|-start|p1a: Slowking|move: Heal Block
|-prepare|p1a: Slowking|Chilly Reception|[premajor]
|cant|p1a: Slowking|par
|
|upkeep
|turn|4
|
|t:|1781554373
|switch|p1a: Kingambit|Kingambit, F|100/100
|move|p2a: Hatterene|Psychic Noise|p1a: Kingambit
|-immune|p1a: Kingambit
|
|upkeep
|turn|5
|
|t:|1781554379
|move|p1a: Kingambit|Iron Head|p2a: Hatterene
|-supereffective|p2a: Hatterene
|-damage|p2a: Hatterene|19/100
|-enditem|p2a: Hatterene|Eject Button
|
|t:|1781554384
|switch|p2a: Armarouge|Armarouge, M|100/100
|
|upkeep
|turn|6
|
|t:|1781554392
|-end|p1a: Kingambit|fallenundefined|[silent]
|switch|p1a: Slowking|Slowking, F|100/100 par
|move|p2a: Armarouge|Armor Cannon|p1a: Slowking
|-resisted|p1a: Slowking
|-damage|p1a: Slowking|82/100 par
|-unboost|p2a: Armarouge|def|1
|-unboost|p2a: Armarouge|spd|1
|
|upkeep
|turn|7
|
|t:|1781554397
|move|p2a: Armarouge|Meteor Beam||[still]
|-prepare|p2a: Armarouge|Meteor Beam
|-boost|p2a: Armarouge|spa|1
|-enditem|p2a: Armarouge|Power Herb
|-anim|p2a: Armarouge|Meteor Beam|p1a: Slowking|[miss]
|-miss|p2a: Armarouge|p1a: Slowking
|cant|p1a: Slowking|par
|
|upkeep
|turn|8
|
|t:|1781554405
|move|p2a: Armarouge|Energy Ball|p1a: Slowking
|-supereffective|p1a: Slowking
|-damage|p1a: Slowking|20/100 par
|move|p1a: Slowking|Scald|p2a: Armarouge
|-supereffective|p2a: Armarouge
|-damage|p2a: Armarouge|0 fnt
|faint|p2a: Armarouge
|
|-fieldend|move: Psychic Terrain
|upkeep
|
|t:|1781554413
|switch|p2a: Deoxys|Deoxys-Speed|100/100
|-ability|p2a: Deoxys|Pressure
|turn|9
|
|t:|1781554420
|move|p2a: Deoxys|Nasty Plot|p2a: Deoxys
|-boost|p2a: Deoxys|spa|2
|move|p1a: Slowking|Thunder Wave|p2a: Deoxys
|-status|p2a: Deoxys|par
|
|upkeep
|turn|10
|
|t:|1781554428
|move|p2a: Deoxys|Dark Pulse|p1a: Slowking
|-supereffective|p1a: Slowking
|-damage|p1a: Slowking|0 fnt
|faint|p1a: Slowking
|-damage|p2a: Deoxys|91/100 par|[from] item: Life Orb
|
|upkeep
|
|t:|1781554438
|switch|p1a: Zamazenta|Zamazenta|100/100
|-ability|p1a: Zamazenta|Dauntless Shield|boost
|-boost|p1a: Zamazenta|def|1
|turn|11
|
|t:|1781554444
|switch|p2a: Indeedee|Indeedee, M|100/100
|-fieldstart|move: Psychic Terrain|[from] ability: Psychic Surge|[of] p2a: Indeedee
|move|p1a: Zamazenta|Crunch|p2a: Indeedee
|-supereffective|p2a: Indeedee
|-damage|p2a: Indeedee|0 fnt
|faint|p2a: Indeedee
|
|upkeep
|
|t:|1781554450
|switch|p2a: Hawlucha|Hawlucha, F|100/100
|-enditem|p2a: Hawlucha|Psychic Seed
|-boost|p2a: Hawlucha|spd|1|[from] item: Psychic Seed
|turn|12
|
|t:|1781554455
|switch|p1a: Moltres|Moltres|100/100
|move|p2a: Hawlucha|Swords Dance|p2a: Hawlucha
|-boost|p2a: Hawlucha|atk|2
|
|upkeep
|turn|13
|
|t:|1781554461
|move|p2a: Hawlucha|Acrobatics|p1a: Moltres
|-crit|p1a: Moltres
|-damage|p1a: Moltres|4/100
|move|p1a: Moltres|Roar|p2a: Hawlucha
|drag|p2a: Deoxys|Deoxys-Speed|91/100 par
|-ability|p2a: Deoxys|Pressure
|
|upkeep
|turn|14
|
|t:|1781554473
|move|p2a: Deoxys|Expanding Force|p1a: Moltres
|-damage|p1a: Moltres|0 fnt
|faint|p1a: Moltres
|-damage|p2a: Deoxys|81/100 par|[from] item: Life Orb
|
|upkeep
|
|t:|1781554478
|switch|p1a: Zamazenta|Zamazenta|100/100
|turn|15
|
|t:|1781554481
|switch|p2a: Hawlucha|Hawlucha, F|100/100
|move|p1a: Zamazenta|Crunch|p2a: Hawlucha
|-resisted|p2a: Hawlucha
|-damage|p2a: Hawlucha|71/100
|-unboost|p2a: Hawlucha|def|1
|
|upkeep
|turn|16
|
|t:|1781554509
|switch|p1a: Great Tusk|Great Tusk|100/100
|move|p2a: Hawlucha|Acrobatics|p1a: Great Tusk
|-supereffective|p1a: Great Tusk
|-damage|p1a: Great Tusk|36/100
|
|upkeep
|turn|17
|inactive|xxroditoxx has 120 seconds left.
|
|t:|1781554531
|move|p2a: Hawlucha|Acrobatics|p1a: Great Tusk
|-supereffective|p1a: Great Tusk
|-damage|p1a: Great Tusk|0 fnt
|faint|p1a: Great Tusk
|-end|p1a: Great Tusk|Protosynthesis|[silent]
|
|upkeep
|
|t:|1781554543
|switch|p1a: Zamazenta|Zamazenta|100/100
|turn|18
|
|t:|1781554547
|switch|p2a: Hatterene|Hatterene, F|19/100
|move|p1a: Zamazenta|Ice Fang|p2a: Hatterene
|-crit|p2a: Hatterene
|-damage|p2a: Hatterene|0 fnt
|faint|p2a: Hatterene
|
|-fieldend|move: Psychic Terrain
|upkeep
|
|t:|1781554552
|switch|p2a: Polteageist|Polteageist|100/100
|turn|19
|
|t:|1781554565
|move|p1a: Zamazenta|Ice Fang|p2a: Polteageist
|-damage|p2a: Polteageist|41/100
|-ability|p2a: Polteageist|Weak Armor|boost
|-unboost|p2a: Polteageist|def|1
|-boost|p2a: Polteageist|spe|2
|move|p2a: Polteageist|Shell Smash|p2a: Polteageist
|-unboost|p2a: Polteageist|def|1
|-unboost|p2a: Polteageist|spd|1
|-boost|p2a: Polteageist|atk|2
|-boost|p2a: Polteageist|spa|2
|-boost|p2a: Polteageist|spe|2
|
|upkeep
|turn|20
|
|t:|1781554571
|switch|p1a: Kingambit|Kingambit, F|100/100
|-activate|p1a: Kingambit|ability: Supreme Overlord
|-start|p1a: Kingambit|fallen3|[silent]
|move|p2a: Polteageist|Shadow Ball|p1a: Kingambit
|-resisted|p1a: Kingambit
|-damage|p1a: Kingambit|57/100
|
|-heal|p1a: Kingambit|64/100|[from] item: Leftovers
|upkeep
|turn|21
|
|t:|1781554582
|switch|p2a: Hawlucha|Hawlucha, F|71/100
|move|p1a: Kingambit|Sucker Punch||[still]
|-fail|p1a: Kingambit
|
|-heal|p1a: Kingambit|70/100|[from] item: Leftovers
|upkeep
|turn|22
|
|t:|1781554590
|-terastallize|p1a: Kingambit|Ghost
|move|p2a: Hawlucha|Drain Punch|p1a: Kingambit
|-immune|p1a: Kingambit
|move|p1a: Kingambit|Iron Head|p2a: Hawlucha
|-damage|p2a: Hawlucha|0 fnt
|faint|p2a: Hawlucha
|
|-heal|p1a: Kingambit|76/100|[from] item: Leftovers
|upkeep
|
|t:|1781554599
|switch|p2a: Polteageist|Polteageist|41/100
|turn|23
|
|t:|1781554605
|move|p1a: Kingambit|Sucker Punch||[still]
|-fail|p1a: Kingambit
|move|p2a: Polteageist|Shell Smash|p2a: Polteageist
|-unboost|p2a: Polteageist|def|1
|-unboost|p2a: Polteageist|spd|1
|-boost|p2a: Polteageist|atk|2
|-boost|p2a: Polteageist|spa|2
|-boost|p2a: Polteageist|spe|2
|
|-heal|p1a: Kingambit|82/100|[from] item: Leftovers
|upkeep
|turn|24
|
|t:|1781554611
|move|p1a: Kingambit|Sucker Punch||[still]
|-fail|p1a: Kingambit
|move|p2a: Polteageist|Shell Smash|p2a: Polteageist
|-unboost|p2a: Polteageist|def|1
|-unboost|p2a: Polteageist|spd|1
|-boost|p2a: Polteageist|atk|2
|-boost|p2a: Polteageist|spa|2
|-boost|p2a: Polteageist|spe|2
|
|-heal|p1a: Kingambit|89/100|[from] item: Leftovers
|upkeep
|turn|25
|
|t:|1781554614
|move|p1a: Kingambit|Sucker Punch||[still]
|-fail|p1a: Kingambit
|move|p2a: Polteageist|Shell Smash|p2a: Polteageist
|-unboost|p2a: Polteageist|def|1
|-unboost|p2a: Polteageist|spd|1
|-boost|p2a: Polteageist|atk|2
|-boost|p2a: Polteageist|spa|2
|-boost|p2a: Polteageist|spe|2
|
|-heal|p1a: Kingambit|95/100|[from] item: Leftovers
|upkeep
|turn|26
|
|t:|1781554617
|move|p1a: Kingambit|Sucker Punch||[still]
|-fail|p1a: Kingambit
|move|p2a: Polteageist|Shell Smash|p2a: Polteageist
|-unboost|p2a: Polteageist|def|1
|-unboost|p2a: Polteageist|spd|1
|-boost|p2a: Polteageist|atk|0
|-boost|p2a: Polteageist|spa|0
|-boost|p2a: Polteageist|spe|0
|
|-heal|p1a: Kingambit|100/100|[from] item: Leftovers
|upkeep
|turn|27
|
|t:|1781554620
|move|p2a: Polteageist|Shell Smash|p2a: Polteageist
|-unboost|p2a: Polteageist|def|1
|-unboost|p2a: Polteageist|spd|1
|-boost|p2a: Polteageist|atk|0
|-boost|p2a: Polteageist|spa|0
|-boost|p2a: Polteageist|spe|0
|move|p1a: Kingambit|Kowtow Cleave|p2a: Polteageist
|-supereffective|p2a: Polteageist
|-damage|p2a: Polteageist|0 fnt
|faint|p2a: Polteageist
|
|upkeep
|
|t:|1781554622
|switch|p2a: Deoxys|Deoxys-Speed|81/100 par
|-ability|p2a: Deoxys|Pressure
|turn|28
|
|t:|1781554628
|move|p2a: Deoxys|Nasty Plot|p2a: Deoxys
|-boost|p2a: Deoxys|spa|2
|move|p1a: Kingambit|Kowtow Cleave|p2a: Deoxys
|-supereffective|p2a: Deoxys
|-damage|p2a: Deoxys|0 fnt
|faint|p2a: Deoxys
|
|win|xxroditoxx
|raw|xxroditoxx's rating: 1614 &rarr; <strong>1639</strong><br />(+25 for winning)
|raw|mythiixx's rating: 1696 &rarr; <strong>1671</strong><br />(-25 for losing)
|l|☆mythiixx
|player|p2|
|c|☆xxroditoxx|gg
|l|☆xxroditoxx
|player|p1|
