|j|☆cachowcapow
|j|☆meio_potato
|t:|1781036953
|gametype|singles
|player|p1|cachowcapow|102|1589
|player|p2|meio_potato|hilda-wonderlauncher|1545
|gen|9
|tier|[Gen 9] OU
|rated|
|rule|HP Percentage Mod: HP is shown in percentages
|rule|Endless Battle Clause: Forcing endless battles is banned
|rule|Species Clause: Limit one of each Pokémon
|rule|OHKO Clause: OHKO moves are banned
|rule|Evasion Items Clause: Evasion items are banned
|rule|Evasion Moves Clause: Evasion moves are banned
|rule|Evasion Abilities Clause: Evasion abilities are banned
|rule|Sleep Moves Clause: Sleep-inducing moves are banned
|clearpoke
|poke|p1|Primarina, M|
|poke|p1|Slither Wing|
|poke|p1|Slowking-Galar, M|
|poke|p1|Great Tusk|
|poke|p1|Meowscarada, M|
|poke|p1|Gardevoir, M|
|poke|p2|Latias, F|
|poke|p2|Polteageist|
|poke|p2|Zamazenta-*|
|poke|p2|Kingambit, M|
|poke|p2|Ogerpon-Wellspring, F|
|poke|p2|Iron Moth|
|teampreview
|inactive|Battle timer is ON: inactive players will automatically lose when time's up. (requested by meio_potato)
|
|t:|1781036965
|teamsize|p1|6
|teamsize|p2|6
|start
|switch|p1a: Great Tusk|Great Tusk|100/100
|switch|p2a: Iron Moth|Iron Moth|100/100
|turn|1
|
|t:|1781036987
|move|p2a: Iron Moth|Fiery Dance|p1a: Great Tusk
|-damage|p1a: Great Tusk|35/100
|move|p1a: Great Tusk|Rapid Spin|p2a: Iron Moth
|-damage|p2a: Iron Moth|68/100
|-boost|p1a: Great Tusk|spe|1
|
|upkeep
|turn|2
|
|t:|1781036995
|-end|p2a: Iron Moth|Quark Drive|[silent]
|switch|p2a: Latias|Latias, F|100/100
|move|p1a: Great Tusk|Headlong Rush|p2a: Latias
|-immune|p2a: Latias|[from] ability: Levitate
|
|upkeep
|turn|3
|
|t:|1781036998
|-end|p1a: Great Tusk|Protosynthesis|[silent]
|switch|p1a: Slowking|Slowking-Galar, M|100/100
|move|p2a: Latias|Agility|p2a: Latias
|-boost|p2a: Latias|spe|2
|
|upkeep
|turn|4
|
|t:|1781037001
|move|p2a: Latias|Calm Mind|p2a: Latias
|-boost|p2a: Latias|spa|1
|-boost|p2a: Latias|spd|1
|move|p1a: Slowking|Thunder Wave|p2a: Latias
|-status|p2a: Latias|par
|
|upkeep
|turn|5
|
|t:|1781037005
|cant|p2a: Latias|par
|-prepare|p1a: Slowking|Chilly Reception|[premajor]
|move|p1a: Slowking|Chilly Reception|p1a: Slowking
|-weather|Snowscape
|
|t:|1781037018
|switch|p1a: Meowscarada|Meowscarada, M|100/100|[from] Chilly Reception
|
|-weather|Snowscape|[upkeep]
|upkeep
|turn|6
|
|t:|1781037028
|move|p1a: Meowscarada|Knock Off|p2a: Latias
|-start|p1a: Meowscarada|typechange|Dark|[from] ability: Protean
|-supereffective|p2a: Latias
|-damage|p2a: Latias|27/100 par
|-enditem|p2a: Latias|Weakness Policy
|-boost|p2a: Latias|atk|2|[from] item: Weakness Policy
|-boost|p2a: Latias|spa|2|[from] item: Weakness Policy
|move|p2a: Latias|Agility|p2a: Latias
|-boost|p2a: Latias|spe|2
|
|-weather|Snowscape|[upkeep]
|upkeep
|turn|7
|
|t:|1781037031
|move|p1a: Meowscarada|Knock Off|p2a: Latias
|-supereffective|p2a: Latias
|-damage|p2a: Latias|0 fnt
|faint|p2a: Latias
|
|-weather|Snowscape|[upkeep]
|upkeep
|
|t:|1781037038
|switch|p2a: Ogerpon|Ogerpon-Wellspring, F|100/100
|turn|8
|
|t:|1781037041
|switch|p1a: Slither Wing|Slither Wing|100/100
|move|p2a: Ogerpon|Ivy Cudgel|p1a: Slither Wing|[anim] Ivy Cudgel Water
|-damage|p1a: Slither Wing|59/100
|
|-weather|Snowscape|[upkeep]
|upkeep
|turn|9
|
|t:|1781037046
|-terastallize|p2a: Ogerpon|Water
|detailschange|p2a: Ogerpon|Ogerpon-Wellspring-Tera, F, tera:Water
|-ability|p2a: Ogerpon|Embody Aspect (Wellspring)|boost
|-boost|p2a: Ogerpon|spd|1
|move|p1a: Slither Wing|First Impression|p2a: Ogerpon
|-damage|p2a: Ogerpon|49/100
|move|p2a: Ogerpon|Swords Dance|p2a: Ogerpon
|-boost|p2a: Ogerpon|atk|2
|
|-weather|none
|upkeep
|turn|10
|
|t:|1781037051
|-end|p1a: Slither Wing|Protosynthesis|[silent]
|switch|p1a: Great Tusk|Great Tusk|35/100
|move|p2a: Ogerpon|Ivy Cudgel|p1a: Great Tusk|[anim] Ivy Cudgel Water
|-supereffective|p1a: Great Tusk
|-damage|p1a: Great Tusk|0 fnt
|faint|p1a: Great Tusk
|-end|p1a: Great Tusk|Protosynthesis|[silent]
|
|upkeep
|
|t:|1781037061
|switch|p1a: Meowscarada|Meowscarada, M|100/100
|turn|11
|
|t:|1781037076
|move|p1a: Meowscarada|U-turn|p2a: Ogerpon
|-start|p1a: Meowscarada|typechange|Bug|[from] ability: Protean
|-damage|p2a: Ogerpon|5/100
|
|t:|1781037080
|switch|p1a: Slither Wing|Slither Wing|59/100|[from] U-turn
|move|p2a: Ogerpon|Knock Off|p1a: Slither Wing
|-resisted|p1a: Slither Wing
|-damage|p1a: Slither Wing|30/100
|-damage|p2a: Ogerpon|0 fnt|[from] item: Rocky Helmet|[of] p1a: Slither Wing
|faint|p2a: Ogerpon
|detailschange|p2: Ogerpon|Ogerpon-Wellspring, F|[silent]
|
|upkeep
|
|t:|1781037091
|switch|p2a: Polteageist|Polteageist|100/100
|turn|12
|
|t:|1781037095
|move|p2a: Polteageist|Shell Smash|p2a: Polteageist
|-unboost|p2a: Polteageist|def|1
|-unboost|p2a: Polteageist|spd|1
|-boost|p2a: Polteageist|atk|2
|-boost|p2a: Polteageist|spa|2
|-boost|p2a: Polteageist|spe|2
|move|p1a: Slither Wing|Will-O-Wisp|p2a: Polteageist
|-status|p2a: Polteageist|brn
|
|-damage|p2a: Polteageist|94/100 brn|[from] brn
|upkeep
|turn|13
|
|t:|1781037103
|move|p2a: Polteageist|Shadow Ball|p1a: Slither Wing
|-damage|p1a: Slither Wing|0 fnt
|faint|p1a: Slither Wing
|-end|p1a: Slither Wing|Protosynthesis|[silent]
|
|-damage|p2a: Polteageist|88/100 brn|[from] brn
|upkeep
|
|t:|1781037106
|switch|p1a: Meowscarada|Meowscarada, M|100/100
|turn|14
|
|t:|1781037112
|move|p1a: Meowscarada|Knock Off|p2a: Polteageist
|-start|p1a: Meowscarada|typechange|Dark|[from] ability: Protean
|-supereffective|p2a: Polteageist
|-damage|p2a: Polteageist|0 fnt
|-enditem|p2a: Polteageist|Focus Sash|[from] move: Knock Off|[of] p1a: Meowscarada
|faint|p2a: Polteageist
|
|upkeep
|
|t:|1781037115
|switch|p2a: Zamazenta|Zamazenta|100/100
|-ability|p2a: Zamazenta|Dauntless Shield|boost
|-boost|p2a: Zamazenta|def|1
|turn|15
|
|t:|1781037119
|switch|p1a: Slowking|Slowking-Galar, M|100/100
|switch|p2a: Kingambit|Kingambit, M|100/100
|
|upkeep
|turn|16
|
|t:|1781037121
|switch|p1a: Primarina|Primarina, M, shiny|100/100
|move|p2a: Kingambit|Kowtow Cleave|p1a: Primarina
|-resisted|p1a: Primarina
|-damage|p1a: Primarina|81/100
|
|-heal|p1a: Primarina|87/100|[from] item: Leftovers
|upkeep
|turn|17
|
|t:|1781037125
|move|p2a: Kingambit|Iron Head|p1a: Primarina
|-damage|p1a: Primarina|49/100
|cant|p1a: Primarina|flinch
|
|-heal|p1a: Primarina|55/100|[from] item: Leftovers
|upkeep
|turn|18
|
|t:|1781037133
|move|p2a: Kingambit|Iron Head|p1a: Primarina
|-damage|p1a: Primarina|14/100
|move|p1a: Primarina|Encore|p2a: Kingambit
|-start|p2a: Kingambit|Encore
|
|-heal|p1a: Primarina|20/100|[from] item: Leftovers
|upkeep
|turn|19
|
|t:|1781037138
|move|p2a: Kingambit|Iron Head|p1a: Primarina
|-damage|p1a: Primarina|0 fnt
|faint|p1a: Primarina
|
|upkeep
|
|t:|1781037140
|switch|p1a: Gardevoir|Gardevoir, M, shiny|100/100
|-ability|p1a: Gardevoir|Defiant|Trace|[from] ability: Trace|[of] p2a: Kingambit
|turn|20
|
|t:|1781037145
|-terastallize|p1a: Gardevoir|Fairy
|move|p1a: Gardevoir|Moonblast|p2a: Kingambit
|-damage|p2a: Kingambit|23/100
|-unboost|p2a: Kingambit|spa|1
|-ability|p2a: Kingambit|Defiant|boost
|-boost|p2a: Kingambit|atk|2
|move|p2a: Kingambit|Iron Head|p1a: Gardevoir
|-supereffective|p1a: Gardevoir
|-damage|p1a: Gardevoir|0 fnt
|faint|p1a: Gardevoir
|
|upkeep
|
|t:|1781037149
|switch|p1a: Meowscarada|Meowscarada, M|100/100
|turn|21
|
|t:|1781037154
|move|p1a: Meowscarada|Flower Trick|p2a: Kingambit
|-start|p1a: Meowscarada|typechange|Grass|[from] ability: Protean
|-resisted|p2a: Kingambit
|-crit|p2a: Kingambit
|-damage|p2a: Kingambit|3/100
|move|p2a: Kingambit|Iron Head|p1a: Meowscarada
|-damage|p1a: Meowscarada|0 fnt
|faint|p1a: Meowscarada
|
|-end|p2a: Kingambit|Encore
|upkeep
|-message|cachowcapow forfeited.
|
|win|meio_potato
|raw|cachowcapow's rating: 1589 &rarr; <strong>1567</strong><br />(-22 for losing)
|raw|meio_potato's rating: 1561 &rarr; <strong>1583</strong><br />(+22 for winning)
|l|☆cachowcapow
|player|p1|
|l|☆meio_potato
|player|p2|
