|j|☆rockeater9000
|j|☆omari p
|t:|1781372765
|gametype|singles
|player|p1|rockeater9000|2|1639
|player|p2|omari p|pokemonrangerf|1611
|gen|9
|tier|[Gen 9] OU
|rated|
|rule|HP Percentage Mod: HP is shown in percentages
|rule|Endless Battle Clause: Forcing endless battles is banned
|rule|Species Clause: Limit one of each Pokémon
|rule|OHKO Clause: OHKO moves are banned
|rule|Evasion Items Clause: Evasion items are banned
|rule|Evasion Moves Clause: Evasion moves are banned
|rule|Evasion Abilities Clause: Evasion abilities are banned
|rule|Sleep Moves Clause: Sleep-inducing moves are banned
|clearpoke
|poke|p1|Greninja-*, M|
|poke|p1|Glimmora, F|
|poke|p1|Garchomp, M|
|poke|p1|Iron Valiant|
|poke|p1|Kingambit, F|
|poke|p1|Ceruledge, F|
|poke|p2|Klefki, F|
|poke|p2|Keldeo-Resolute|
|poke|p2|Garchomp, M|
|poke|p2|Landorus-Therian, M|
|poke|p2|Iron Valiant|
|poke|p2|Cinderace, F|
|teampreview
|inactive|Battle timer is ON: inactive players will automatically lose when time's up. (requested by rockeater9000)
|inactive|omari p has 120 seconds left.
|l|☆rockeater9000
|inactive|rockeater9000 disconnected and has a minute to reconnect!
|player|p1|
|j|☆rockeater9000
|inactive|rockeater9000 reconnected.
|player|p1|rockeater9000|2|
|inactive|omari p has 90 seconds left.
|
|t:|1781372852
|teamsize|p1|6
|teamsize|p2|6
|start
|switch|p1a: Garchomp|Garchomp, M|100/100
|switch|p2a: Garchomp|Garchomp, M|100/100
|turn|1
|
|t:|1781372868
|switch|p1a: Iron Valiant|Iron Valiant|100/100
|-enditem|p1a: Iron Valiant|Booster Energy
|-activate|p1a: Iron Valiant|ability: Quark Drive|[fromitem]
|-start|p1a: Iron Valiant|quarkdrivespe
|move|p2a: Garchomp|Stealth Rock|p1a: Iron Valiant
|-sidestart|p1: rockeater9000|move: Stealth Rock
|
|upkeep
|turn|2
|
|t:|1781372871
|switch|p2a: Klefki|Klefki, F|100/100
|move|p1a: Iron Valiant|Moonblast|p2a: Klefki
|-resisted|p2a: Klefki
|-damage|p2a: Klefki|80/100
|-unboost|p2a: Klefki|spa|1
|
|-heal|p2a: Klefki|86/100|[from] item: Leftovers
|upkeep
|turn|3
|j| akabrithan
|
|t:|1781372886
|-end|p1a: Iron Valiant|Quark Drive|[silent]
|switch|p1a: Glimmora|Glimmora, F|100/100
|-damage|p1a: Glimmora|88/100|[from] Stealth Rock
|move|p2a: Klefki|Spikes|p1a: Glimmora
|-sidestart|p1: rockeater9000|Spikes
|
|-heal|p2a: Klefki|92/100|[from] item: Leftovers
|upkeep
|turn|4
|
|t:|1781372891
|move|p2a: Klefki|Spikes|p1a: Glimmora
|-sidestart|p1: rockeater9000|Spikes
|move|p1a: Glimmora|Earth Power|p2a: Klefki
|-supereffective|p2a: Klefki
|-damage|p2a: Klefki|35/100
|
|-heal|p2a: Klefki|41/100|[from] item: Leftovers
|upkeep
|turn|5
|
|t:|1781372904
|move|p2a: Klefki|Magic Room|p2a: Klefki
|-fieldstart|move: Magic Room|[of] p2a: Klefki
|move|p1a: Glimmora|Earth Power|p2a: Klefki
|-supereffective|p2a: Klefki
|-damage|p2a: Klefki|0 fnt
|faint|p2a: Klefki
|
|upkeep
|
|t:|1781372906
|switch|p2a: Landorus|Landorus-Therian, M|100/100
|-ability|p2a: Landorus|Intimidate|boost
|-unboost|p1a: Glimmora|atk|1
|turn|6
|c| akabrithan|ayo
|
|t:|1781372925
|move|p2a: Landorus|Earthquake|p1a: Glimmora
|-supereffective|p1a: Glimmora
|-damage|p1a: Glimmora|0 fnt
|-activate|p1a: Glimmora|ability: Toxic Debris
|-sidestart|p2: omari p|move: Toxic Spikes
|faint|p1a: Glimmora
|
|upkeep
|
|t:|1781372926
|switch|p1a: Greninja|Greninja, M|100/100
|-damage|p1a: Greninja|88/100|[from] Stealth Rock
|-damage|p1a: Greninja|72/100|[from] Spikes
|turn|7
|
|t:|1781372930
|switch|p2a: Keldeo|Keldeo-Resolute|100/100
|-status|p2a: Keldeo|psn
|move|p1a: Greninja|Water Shuriken|p2a: Keldeo
|-resisted|p2a: Keldeo
|-damage|p2a: Keldeo|97/100 psn
|-resisted|p2a: Keldeo
|-damage|p2a: Keldeo|93/100 psn
|-resisted|p2a: Keldeo
|-damage|p2a: Keldeo|89/100 psn
|-hitcount|p2a: Keldeo|3
|
|-damage|p2a: Keldeo|77/100 psn|[from] psn
|upkeep
|turn|8
|c| akabrithan|hi omari big fan
|c|☆omari p|sup sup
|
|t:|1781372953
|switch|p1a: Iron Valiant|Iron Valiant|100/100
|-damage|p1a: Iron Valiant|94/100|[from] Stealth Rock
|-damage|p1a: Iron Valiant|78/100|[from] Spikes
|move|p2a: Keldeo|Surf|p1a: Iron Valiant
|-damage|p1a: Iron Valiant|1/100
|
|-damage|p2a: Keldeo|64/100 psn|[from] psn
|upkeep
|turn|9
|
|t:|1781372978
|switch|p2a: Cinderace|Cinderace, F|100/100
|-status|p2a: Cinderace|psn
|move|p1a: Iron Valiant|Moonblast|p2a: Cinderace
|-resisted|p2a: Cinderace
|-damage|p2a: Cinderace|67/100 psn
|
|-damage|p2a: Cinderace|54/100 psn|[from] psn
|-fieldend|move: Magic Room|[of] p2: Klefki
|upkeep
|turn|10
|
|t:|1781372984
|move|p2a: Cinderace|U-turn|p1a: Iron Valiant
|-start|p2a: Cinderace|typechange|Bug|[from] ability: Libero
|-resisted|p1a: Iron Valiant
|-damage|p1a: Iron Valiant|0 fnt
|faint|p1a: Iron Valiant
|-end|p1a: Iron Valiant|Quark Drive|[silent]
|
|t:|1781372987
|switch|p2a: Landorus|Landorus-Therian, M|100/100|[from] U-turn
|
|upkeep
|
|t:|1781373009
|switch|p1a: Greninja|Greninja, M|72/100
|-damage|p1a: Greninja|60/100|[from] Stealth Rock
|-damage|p1a: Greninja|43/100|[from] Spikes
|turn|11
|
|t:|1781373012
|move|p1a: Greninja|Water Shuriken|p2a: Landorus
|-supereffective|p2a: Landorus
|-damage|p2a: Landorus|79/100
|-supereffective|p2a: Landorus
|-damage|p2a: Landorus|57/100
|-supereffective|p2a: Landorus
|-damage|p2a: Landorus|32/100
|-supereffective|p2a: Landorus
|-damage|p2a: Landorus|9/100
|-supereffective|p2a: Landorus
|-crit|p2a: Landorus
|-damage|p2a: Landorus|0 fnt
|faint|p2a: Landorus
|-ability|p1a: Greninja|Battle Bond|boost
|-boost|p1a: Greninja|atk|1
|-boost|p1a: Greninja|spa|1
|-boost|p1a: Greninja|spe|1
|-activate|p1a: Greninja|ability: Battle Bond
|-hitcount|p2: Landorus|5
|-damage|p1a: Greninja|33/100|[from] item: Life Orb
|
|upkeep
|
|t:|1781373015
|switch|p2a: Keldeo|Keldeo-Resolute|64/100 psn
|turn|12
|
|t:|1781373022
|move|p1a: Greninja|Water Shuriken|p2a: Keldeo
|-resisted|p2a: Keldeo
|-damage|p2a: Keldeo|56/100 psn
|-resisted|p2a: Keldeo
|-damage|p2a: Keldeo|49/100 psn
|-hitcount|p2a: Keldeo|2
|-damage|p1a: Greninja|24/100|[from] item: Life Orb
|move|p2a: Keldeo|Surf|p1a: Greninja
|-resisted|p1a: Greninja
|-damage|p1a: Greninja|0 fnt
|faint|p1a: Greninja
|
|-damage|p2a: Keldeo|37/100 psn|[from] psn
|upkeep
|
|t:|1781373036
|switch|p1a: Ceruledge|Ceruledge, F|100/100
|-damage|p1a: Ceruledge|76/100|[from] Stealth Rock
|-item|p1a: Ceruledge|Air Balloon
|turn|13
|
|t:|1781373039
|switch|p2a: Garchomp|Garchomp, M|100/100
|-status|p2a: Garchomp|psn
|move|p1a: Ceruledge|Shadow Sneak|p2a: Garchomp
|-damage|p2a: Garchomp|86/100 psn
|-damage|p1a: Ceruledge|63/100|[from] ability: Rough Skin|[of] p2a: Garchomp
|-damage|p1a: Ceruledge|47/100|[from] item: Rocky Helmet|[of] p2a: Garchomp
|
|-damage|p2a: Garchomp|74/100 psn|[from] psn
|upkeep
|turn|14
|
|t:|1781373048
|move|p1a: Ceruledge|Poltergeist|p2a: Garchomp
|-activate|p2a: Garchomp|move: Poltergeist|Rocky Helmet
|-damage|p2a: Garchomp|38/100 psn
|move|p2a: Garchomp|Dragon Tail|p1a: Ceruledge
|-damage|p1a: Ceruledge|8/100
|-ability|p1a: Ceruledge|Weak Armor|boost
|-unboost|p1a: Ceruledge|def|1
|-boost|p1a: Ceruledge|spe|2
|-enditem|p1a: Ceruledge|Air Balloon
|drag|p1a: Kingambit|Kingambit, F|100/100
|-damage|p1a: Kingambit|94/100|[from] Stealth Rock
|-damage|p1a: Kingambit|78/100|[from] Spikes
|-activate|p1a: Kingambit|ability: Supreme Overlord
|-start|p1a: Kingambit|fallen3|[silent]
|
|-damage|p2a: Garchomp|25/100 psn|[from] psn
|upkeep
|turn|15
|
|t:|1781373061
|-end|p1a: Kingambit|fallen3|[silent]
|switch|p1a: Ceruledge|Ceruledge, F|8/100
|-damage|p1a: Ceruledge|0 fnt|[from] Stealth Rock
|faint|p1a: Ceruledge
|move|p2a: Garchomp|Earthquake|p1: Ceruledge|[notarget]
|-fail|p2a: Garchomp
|
|-damage|p2a: Garchomp|13/100 psn|[from] psn
|upkeep
|
|t:|1781373079
|switch|p1a: Garchomp|Garchomp, M|100/100
|-damage|p1a: Garchomp|94/100|[from] Stealth Rock
|-damage|p1a: Garchomp|78/100|[from] Spikes
|turn|16
|
|t:|1781373102
|move|p1a: Garchomp|Scale Shot|p2a: Garchomp
|-supereffective|p2a: Garchomp
|-damage|p2a: Garchomp|0 fnt
|faint|p2a: Garchomp
|-hitcount|p2: Garchomp|1
|-unboost|p1a: Garchomp|def|1
|-boost|p1a: Garchomp|spe|1
|
|upkeep
|
|t:|1781373111
|switch|p2a: Keldeo|Keldeo-Resolute|37/100 psn
|turn|17
|
|t:|1781373132
|move|p2a: Keldeo|Secret Sword|p1a: Garchomp
|-damage|p1a: Garchomp|8/100
|move|p1a: Garchomp|Scale Shot|p2a: Keldeo
|-damage|p2a: Keldeo|19/100 psn
|-damage|p2a: Keldeo|1/100 psn
|-damage|p2a: Keldeo|0 fnt
|faint|p2a: Keldeo
|-hitcount|p2: Keldeo|3
|-unboost|p1a: Garchomp|def|1
|-boost|p1a: Garchomp|spe|1
|
|upkeep
|
|t:|1781373138
|switch|p2a: Cinderace|Cinderace, F|54/100 psn
|turn|18
|
|t:|1781373149
|move|p2a: Cinderace|Sucker Punch||[still]
|-fail|p2a: Cinderace
|move|p1a: Garchomp|Swords Dance|p1a: Garchomp
|-boost|p1a: Garchomp|atk|2
|
|-damage|p2a: Cinderace|42/100 psn|[from] psn
|upkeep
|turn|19
|
|t:|1781373161
|move|p2a: Cinderace|Sucker Punch||[still]
|-fail|p2a: Cinderace
|move|p1a: Garchomp|Swords Dance|p1a: Garchomp
|-boost|p1a: Garchomp|atk|2
|
|-damage|p2a: Cinderace|30/100 psn|[from] psn
|upkeep
|turn|20
|
|t:|1781373166
|move|p2a: Cinderace|Sucker Punch||[still]
|-fail|p2a: Cinderace
|move|p1a: Garchomp|Swords Dance|p1a: Garchomp
|-boost|p1a: Garchomp|atk|2
|
|-damage|p2a: Cinderace|17/100 psn|[from] psn
|upkeep
|turn|21
|
|t:|1781373168
|move|p1a: Garchomp|Swords Dance|p1a: Garchomp
|-boost|p1a: Garchomp|atk|0
|move|p2a: Cinderace|U-turn|p1a: Garchomp
|-start|p2a: Cinderace|typechange|Bug|[from] ability: Libero
|-damage|p1a: Garchomp|0 fnt
|-damage|p2a: Cinderace|5/100 psn|[from] ability: Rough Skin|[of] p1a: Garchomp
|faint|p1a: Garchomp
|
|t:|1781373170
|switch|p2a: Iron Valiant|Iron Valiant|100/100|[from] U-turn
|-status|p2a: Iron Valiant|psn
|-enditem|p2a: Iron Valiant|Booster Energy
|-activate|p2a: Iron Valiant|ability: Quark Drive|[fromitem]
|-start|p2a: Iron Valiant|quarkdrivespe
|
|-damage|p2a: Iron Valiant|88/100 psn|[from] psn
|upkeep
|
|t:|1781373177
|switch|p1a: Kingambit|Kingambit, F|78/100
|-damage|p1a: Kingambit|72/100|[from] Stealth Rock
|-damage|p1a: Kingambit|55/100|[from] Spikes
|-activate|p1a: Kingambit|ability: Supreme Overlord
|-start|p1a: Kingambit|fallen5|[silent]
|turn|22
|
|t:|1781373182
|-terastallize|p1a: Kingambit|Dark
|move|p1a: Kingambit|Sucker Punch|p2a: Iron Valiant
|-resisted|p2a: Iron Valiant
|-damage|p2a: Iron Valiant|56/100 psn
|move|p2a: Iron Valiant|Moonblast|p1a: Kingambit
|-supereffective|p1a: Kingambit
|-damage|p1a: Kingambit|0 fnt
|faint|p1a: Kingambit
|-end|p1a: Kingambit|fallen5|[silent]
|
|win|omari p
|raw|rockeater9000's rating: 1618 &rarr; <strong>1599</strong><br />(-19 for losing)
|raw|omari p's rating: 1635 &rarr; <strong>1654</strong><br />(+19 for winning)
|l|☆rockeater9000
|player|p1|
|l| akabrithan
|l|☆omari p
|player|p2|
