|j|☆suprya
|j|☆Rj yoip
|t:|1781496881
|gametype|singles
|player|p1|suprya|clown|1687
|player|p2|Rj yoip|caitlin-masters|1712
|gen|9
|tier|[Gen 9] OU
|rated|
|rule|HP Percentage Mod: HP is shown in percentages
|rule|Endless Battle Clause: Forcing endless battles is banned
|rule|Species Clause: Limit one of each Pokémon
|rule|OHKO Clause: OHKO moves are banned
|rule|Evasion Items Clause: Evasion items are banned
|rule|Evasion Moves Clause: Evasion moves are banned
|rule|Evasion Abilities Clause: Evasion abilities are banned
|rule|Sleep Moves Clause: Sleep-inducing moves are banned
|clearpoke
|poke|p1|Pelipper, M|
|poke|p1|Hydrapple, M|
|poke|p1|Iron Treads|
|poke|p1|Gholdengo|
|poke|p1|Slowking-Galar, M|
|poke|p1|Greninja-*, M|
|poke|p2|Iron Treads|
|poke|p2|Landorus-Therian, M|
|poke|p2|Iron Valiant|
|poke|p2|Kingambit, F|
|poke|p2|Zamazenta-*|
|poke|p2|Primarina, M|
|teampreview
|inactive|Battle timer is ON: inactive players will automatically lose when time's up. (requested by suprya)
|
|t:|1781496896
|teamsize|p1|6
|teamsize|p2|6
|start
|switch|p1a: Pelipper|Pelipper, M|100/100
|switch|p2a: Primarina|Primarina, M|100/100
|-weather|RainDance|[from] ability: Drizzle|[of] p1a: Pelipper
|turn|1
|
|t:|1781496901
|switch|p1a: Slowking|Slowking-Galar, M|100/100
|move|p2a: Primarina|Flip Turn|p1a: Slowking
|-damage|p1a: Slowking|79/100
|
|t:|1781496903
|switch|p2a: Kingambit|Kingambit, F|100/100|[from] Flip Turn
|
|-weather|RainDance|[upkeep]
|upkeep
|turn|2
|
|t:|1781496907
|switch|p1a: Iron Treads|Iron Treads|100/100
|move|p2a: Kingambit|Kowtow Cleave|p1a: Iron Treads
|-damage|p1a: Iron Treads|61/100
|
|-weather|RainDance|[upkeep]
|-heal|p1a: Iron Treads|67/100|[from] item: Leftovers
|upkeep
|turn|3
|
|t:|1781496918
|-end|p2a: Kingambit|fallenundefined|[silent]
|switch|p2a: Landorus|Landorus-Therian, M|100/100
|-ability|p2a: Landorus|Intimidate|boost
|-unboost|p1a: Iron Treads|atk|1
|move|p1a: Iron Treads|Earthquake|p2a: Landorus
|-immune|p2a: Landorus
|
|-weather|RainDance|[upkeep]
|-heal|p1a: Iron Treads|73/100|[from] item: Leftovers
|upkeep
|turn|4
|
|t:|1781496925
|-end|p1a: Iron Treads|Quark Drive|[silent]
|switch|p1a: Pelipper|Pelipper, M|100/100
|move|p2a: Landorus|Earth Power|p1a: Pelipper
|-immune|p1a: Pelipper
|
|-weather|RainDance|[upkeep]
|upkeep
|turn|5
|
|t:|1781496931
|move|p2a: Landorus|Stealth Rock|p1a: Pelipper
|-sidestart|p1: suprya|move: Stealth Rock
|move|p1a: Pelipper|U-turn|p2a: Landorus
|-resisted|p2a: Landorus
|-damage|p2a: Landorus|97/100
|-damage|p1a: Pelipper|84/100|[from] item: Rocky Helmet|[of] p2a: Landorus
|
|t:|1781496934
|switch|p1a: Greninja|Greninja, M|100/100|[from] U-turn
|-damage|p1a: Greninja|88/100|[from] Stealth Rock
|
|-weather|none
|upkeep
|turn|6
|
|t:|1781496939
|switch|p2a: Primarina|Primarina, M|100/100
|move|p1a: Greninja|Spikes|p2a: Primarina
|-sidestart|p2: Rj yoip|Spikes
|
|upkeep
|turn|7
|
|t:|1781496942
|switch|p1a: Slowking|Slowking-Galar, M|100/100
|-damage|p1a: Slowking|88/100|[from] Stealth Rock
|move|p2a: Primarina|Moonblast|p1a: Slowking
|-resisted|p1a: Slowking
|-damage|p1a: Slowking|75/100
|
|upkeep
|turn|8
|
|t:|1781496945
|move|p2a: Primarina|Surf|p1a: Slowking
|-crit|p1a: Slowking
|-damage|p1a: Slowking|40/100
|move|p1a: Slowking|Surf|p2a: Primarina
|-resisted|p2a: Primarina
|-damage|p2a: Primarina|92/100
|
|upkeep
|turn|9
|
|t:|1781496957
|move|p2a: Primarina|Surf|p1a: Slowking
|-damage|p1a: Slowking|17/100
|move|p1a: Slowking|Sludge Bomb|p2a: Primarina
|-supereffective|p2a: Primarina
|-damage|p2a: Primarina|42/100
|
|upkeep
|turn|10
|
|t:|1781496968
|switch|p1a: Gholdengo|Gholdengo|100/100
|-damage|p1a: Gholdengo|94/100|[from] Stealth Rock
|move|p2a: Primarina|Flip Turn|p1a: Gholdengo
|-damage|p1a: Gholdengo|79/100
|
|t:|1781496972
|switch|p2a: Iron Treads|Iron Treads|100/100|[from] Flip Turn
|-damage|p2a: Iron Treads|88/100|[from] Spikes
|-enditem|p2a: Iron Treads|Booster Energy
|-activate|p2a: Iron Treads|ability: Quark Drive|[fromitem]
|-start|p2a: Iron Treads|quarkdrivespe
|
|upkeep
|turn|11
|
|t:|1781496978
|move|p2a: Iron Treads|Earthquake|p1a: Gholdengo
|-supereffective|p1a: Gholdengo
|-damage|p1a: Gholdengo|0 fnt
|faint|p1a: Gholdengo
|
|upkeep
|
|t:|1781496986
|switch|p1a: Pelipper|Pelipper, M|84/100
|-weather|RainDance|[from] ability: Drizzle|[of] p1a: Pelipper
|turn|12
|
|t:|1781496995
|move|p2a: Iron Treads|Rapid Spin|p1a: Pelipper
|-damage|p1a: Pelipper|72/100
|-boost|p2a: Iron Treads|spe|1
|-sideend|p2: Rj yoip|Spikes|[from] move: Rapid Spin|[of] p2a: Iron Treads
|move|p1a: Pelipper|Surf|p2a: Iron Treads
|-supereffective|p2a: Iron Treads
|-damage|p2a: Iron Treads|0 fnt
|faint|p2a: Iron Treads
|-end|p2a: Iron Treads|Quark Drive|[silent]
|
|-weather|RainDance|[upkeep]
|upkeep
|
|t:|1781496997
|switch|p2a: Iron Valiant|Iron Valiant|100/100
|turn|13
|
|t:|1781497000
|move|p2a: Iron Valiant|Thunderbolt|p1a: Pelipper
|-supereffective|p1a: Pelipper
|-damage|p1a: Pelipper|0 fnt
|faint|p1a: Pelipper
|
|-weather|RainDance|[upkeep]
|upkeep
|
|t:|1781497002
|switch|p1a: Iron Treads|Iron Treads|73/100
|-damage|p1a: Iron Treads|70/100|[from] Stealth Rock
|turn|14
|
|t:|1781497009
|move|p2a: Iron Valiant|Close Combat|p1a: Iron Treads
|-supereffective|p1a: Iron Treads
|-damage|p1a: Iron Treads|0 fnt
|-unboost|p2a: Iron Valiant|def|1
|-unboost|p2a: Iron Valiant|spd|1
|faint|p1a: Iron Treads
|-end|p1a: Iron Treads|Quark Drive|[silent]
|
|-weather|RainDance|[upkeep]
|upkeep
|
|t:|1781497012
|switch|p1a: Greninja|Greninja, M|88/100
|-damage|p1a: Greninja|76/100|[from] Stealth Rock
|turn|15
|
|t:|1781497015
|-end|p2a: Iron Valiant|Quark Drive|[silent]
|switch|p2a: Primarina|Primarina, M|42/100
|move|p1a: Greninja|Spikes|p2a: Primarina
|-sidestart|p2: Rj yoip|Spikes
|
|-weather|RainDance|[upkeep]
|upkeep
|turn|16
|
|t:|1781497018
|switch|p1a: Slowking|Slowking-Galar, M|50/100
|-damage|p1a: Slowking|38/100|[from] Stealth Rock
|move|p2a: Primarina|Moonblast|p1a: Slowking
|-resisted|p1a: Slowking
|-damage|p1a: Slowking|25/100
|-unboost|p1a: Slowking|spa|1
|
|-weather|none
|upkeep
|turn|17
|
|t:|1781497028
|move|p2a: Primarina|Surf|p1a: Slowking
|-damage|p1a: Slowking|1/100
|move|p1a: Slowking|Sludge Bomb|p2a: Primarina
|-supereffective|p2a: Primarina
|-damage|p2a: Primarina|8/100
|
|upkeep
|turn|18
|
|t:|1781497031
|move|p2a: Primarina|Surf|p1a: Slowking
|-damage|p1a: Slowking|0 fnt
|faint|p1a: Slowking
|
|upkeep
|
|t:|1781497033
|switch|p1a: Greninja|Greninja, M|76/100
|-damage|p1a: Greninja|64/100|[from] Stealth Rock
|turn|19
|
|t:|1781497035
|switch|p2a: Zamazenta|Zamazenta|100/100
|-damage|p2a: Zamazenta|88/100|[from] Spikes
|-ability|p2a: Zamazenta|Dauntless Shield|boost
|-boost|p2a: Zamazenta|def|1
|move|p1a: Greninja|Water Shuriken|p2a: Zamazenta
|-damage|p2a: Zamazenta|80/100
|-crit|p2a: Zamazenta
|-damage|p2a: Zamazenta|66/100
|-hitcount|p2a: Zamazenta|2
|
|-heal|p2a: Zamazenta|73/100|[from] item: Leftovers
|upkeep
|turn|20
|
|t:|1781497045
|switch|p1a: Hydrapple|Hydrapple, M|100/100
|move|p2a: Zamazenta|Iron Defense|p2a: Zamazenta
|-boost|p2a: Zamazenta|def|2
|
|-heal|p2a: Zamazenta|79/100|[from] item: Leftovers
|upkeep
|turn|21
|
|t:|1781497049
|move|p2a: Zamazenta|Iron Defense|p2a: Zamazenta
|-boost|p2a: Zamazenta|def|2
|move|p1a: Hydrapple|Nasty Plot|p1a: Hydrapple
|-boost|p1a: Hydrapple|spa|2
|
|-heal|p2a: Zamazenta|85/100|[from] item: Leftovers
|upkeep
|turn|22
|
|t:|1781497062
|-terastallize|p2a: Zamazenta|Poison
|-terastallize|p1a: Hydrapple|Poison
|move|p1a: Hydrapple|Giga Drain|p2a: Zamazenta
|-resisted|p2a: Zamazenta
|-crit|p2a: Zamazenta
|-damage|p2a: Zamazenta|52/100
|move|p2a: Zamazenta|Roar|p1a: Hydrapple
|drag|p1a: Greninja|Greninja, M|64/100
|-damage|p1a: Greninja|51/100|[from] Stealth Rock
|
|-heal|p2a: Zamazenta|58/100|[from] item: Leftovers
|upkeep
|turn|23
|
|t:|1781497070
|switch|p1a: Hydrapple|Hydrapple, M, tera:Poison|100/100
|move|p2a: Zamazenta|Body Press|p1a: Hydrapple
|-resisted|p1a: Hydrapple
|-damage|p1a: Hydrapple|67/100
|
|-heal|p2a: Zamazenta|64/100|[from] item: Leftovers
|upkeep
|turn|24
|
|t:|1781497073
|move|p2a: Zamazenta|Body Press|p1a: Hydrapple
|-resisted|p1a: Hydrapple
|-damage|p1a: Hydrapple|32/100
|move|p1a: Hydrapple|Earth Power|p2a: Zamazenta
|-supereffective|p2a: Zamazenta
|-damage|p2a: Zamazenta|28/100
|
|-heal|p2a: Zamazenta|35/100|[from] item: Leftovers
|upkeep
|turn|25
|
|t:|1781497081
|move|p2a: Zamazenta|Body Press|p1a: Hydrapple
|-resisted|p1a: Hydrapple
|-damage|p1a: Hydrapple|2/100
|move|p1a: Hydrapple|Earth Power|p2a: Zamazenta
|-supereffective|p2a: Zamazenta
|-damage|p2a: Zamazenta|0 fnt
|faint|p2a: Zamazenta
|
|upkeep
|
|t:|1781497090
|switch|p2a: Kingambit|Kingambit, F|100/100
|-damage|p2a: Kingambit|88/100|[from] Spikes
|-activate|p2a: Kingambit|ability: Supreme Overlord
|-start|p2a: Kingambit|fallen2|[silent]
|turn|26
|
|t:|1781497095
|move|p2a: Kingambit|Kowtow Cleave|p1a: Hydrapple
|-damage|p1a: Hydrapple|0 fnt
|faint|p1a: Hydrapple
|
|-heal|p2a: Kingambit|94/100|[from] item: Leftovers
|upkeep
|
|t:|1781497097
|switch|p1a: Greninja|Greninja, M|51/100
|-damage|p1a: Greninja|39/100|[from] Stealth Rock
|turn|27
|
|t:|1781497105
|move|p1a: Greninja|Hydro Pump|p2a: Kingambit
|-crit|p2a: Kingambit
|-damage|p2a: Kingambit|0 fnt
|faint|p2a: Kingambit
|-end|p2a: Kingambit|fallen2|[silent]
|-ability|p1a: Greninja|Battle Bond|boost
|-boost|p1a: Greninja|atk|1
|-boost|p1a: Greninja|spa|1
|-boost|p1a: Greninja|spe|1
|-activate|p1a: Greninja|ability: Battle Bond
|
|upkeep
|
|t:|1781497112
|switch|p2a: Landorus|Landorus-Therian, M|97/100
|-ability|p2a: Landorus|Intimidate|boost
|-unboost|p1a: Greninja|atk|1
|turn|28
|
|t:|1781497115
|move|p1a: Greninja|Hydro Pump|p2a: Landorus
|-supereffective|p2a: Landorus
|-damage|p2a: Landorus|0 fnt
|faint|p2a: Landorus
|
|upkeep
|
|t:|1781497117
|switch|p2a: Primarina|Primarina, M|8/100
|-damage|p2a: Primarina|0 fnt|[from] Spikes
|faint|p2a: Primarina
|
|t:|1781497118
|switch|p2a: Iron Valiant|Iron Valiant|100/100
|-damage|p2a: Iron Valiant|88/100|[from] Spikes
|turn|29
|
|t:|1781497120
|move|p1a: Greninja|Hydro Pump|p2a: Iron Valiant
|-damage|p2a: Iron Valiant|0 fnt
|faint|p2a: Iron Valiant
|-end|p2a: Iron Valiant|Quark Drive|[silent]
|
|win|suprya
|raw|suprya's rating: 1687 &rarr; <strong>1708</strong><br />(+21 for winning)
|raw|Rj yoip's rating: 1712 &rarr; <strong>1691</strong><br />(-21 for losing)
|l|☆Rj yoip
|player|p2|
|l|☆suprya
|player|p1|
