|badge|p2|silver|gen9ou|30-9
|uhtml|medal-msg|<div class="broadcast-blue">Curious what those medals under the avatar are? PS now has Ladder Seasons! For more information, check out the <a href="https://www.smogon.com/forums/threads/3740067/">thread on Smogon.</a></div>
|j|☆Igoodnamename
|j|☆moth ily
|t:|1781310668
|gametype|singles
|player|p1|Igoodnamename|winona|1727
|player|p2|moth ily|iono-masters|1908
|gen|9
|tier|[Gen 9] OU
|rated|
|rule|HP Percentage Mod: HP is shown in percentages
|rule|Endless Battle Clause: Forcing endless battles is banned
|rule|Species Clause: Limit one of each Pokémon
|rule|OHKO Clause: OHKO moves are banned
|rule|Evasion Items Clause: Evasion items are banned
|rule|Evasion Moves Clause: Evasion moves are banned
|rule|Evasion Abilities Clause: Evasion abilities are banned
|rule|Sleep Moves Clause: Sleep-inducing moves are banned
|clearpoke
|poke|p1|Raging Bolt|
|poke|p1|Rillaboom, M|
|poke|p1|Great Tusk|
|poke|p1|Ting-Lu|
|poke|p1|Skeledirge, M|
|poke|p1|Enamorus, F|
|poke|p2|Tyranitar, M|
|poke|p2|Excadrill, M|
|poke|p2|Iron Valiant|
|poke|p2|Tornadus-Therian, M|
|poke|p2|Ogerpon-Cornerstone, F|
|poke|p2|Toxapex, M|
|teampreview
|c|☆moth ily|hf
|c|☆Igoodnamename|u2
|
|t:|1781310696
|teamsize|p1|6
|teamsize|p2|6
|start
|switch|p1a: Ting-Lu|Ting-Lu|100/100
|switch|p2a: Ogerpon|Ogerpon-Cornerstone, F|100/100
|-ability|p1a: Ting-Lu|Vessel of Ruin
|turn|1
|
|t:|1781310706
|-terastallize|p1a: Ting-Lu|Steel
|move|p2a: Ogerpon|Taunt|p1a: Ting-Lu
|-start|p1a: Ting-Lu|move: Taunt
|move|p1a: Ting-Lu|Heavy Slam|p2a: Ogerpon
|-supereffective|p2a: Ogerpon
|-ability|p2a: Ogerpon|Sturdy
|-damage|p2a: Ogerpon|1/100
|
|upkeep
|turn|2
|
|t:|1781310723
|switch|p2a: Tornadus|Tornadus-Therian, M|100/100
|move|p1a: Ting-Lu|Heavy Slam|p2a: Tornadus
|-damage|p2a: Tornadus|36/100
|
|upkeep
|turn|3
|
|t:|1781310735
|switch|p2a: Plague Doctor|Toxapex, M, shiny|100/100
|move|p1a: Ting-Lu|Heavy Slam|p2a: Plague Doctor
|-resisted|p2a: Plague Doctor
|-damage|p2a: Plague Doctor|84/100
|-enditem|p2a: Plague Doctor|Eject Button
|
|t:|1781310753
|switch|p2a: Denji|Excadrill, M, shiny|100/100
|
|-end|p1a: Ting-Lu|move: Taunt
|upkeep
|turn|4
|
|t:|1781310759
|switch|p1a: Rillaboom|Rillaboom, M|100/100
|-fieldstart|move: Grassy Terrain|[from] ability: Grassy Surge|[of] p1a: Rillaboom
|move|p2a: Denji|Earthquake|p1a: Rillaboom
|-resisted|p1a: Rillaboom
|-damage|p1a: Rillaboom|86/100
|
|-heal|p1a: Rillaboom|92/100|[from] Grassy Terrain
|upkeep
|turn|5
|
|t:|1781310767
|switch|p2a: Plague Doctor|Toxapex, M, shiny|100/100
|move|p1a: Rillaboom|Wood Hammer|p2a: Plague Doctor
|-damage|p2a: Plague Doctor|5/100
|-damage|p1a: Rillaboom|64/100|[from] Recoil
|
|-heal|p1a: Rillaboom|70/100|[from] Grassy Terrain
|-heal|p2a: Plague Doctor|11/100|[from] Grassy Terrain
|upkeep
|turn|6
|
|t:|1781310773
|move|p2a: Plague Doctor|Baneful Bunker|p2a: Plague Doctor
|-singleturn|p2a: Plague Doctor|move: Protect
|move|p1a: Rillaboom|Wood Hammer|p2a: Plague Doctor
|-activate|p2a: Plague Doctor|move: Protect
|-status|p1a: Rillaboom|psn
|
|-heal|p1a: Rillaboom|76/100 psn|[from] Grassy Terrain
|-heal|p2a: Plague Doctor|17/100|[from] Grassy Terrain
|-damage|p1a: Rillaboom|64/100 psn|[from] psn
|upkeep
|turn|7
|
|t:|1781310787
|switch|p2a: Ogerpon|Ogerpon-Cornerstone, F|1/100
|move|p1a: Rillaboom|Wood Hammer|p2a: Ogerpon
|-damage|p2a: Ogerpon|0 fnt
|faint|p2a: Ogerpon
|-damage|p1a: Rillaboom|64/100 psn|[from] Recoil
|
|-heal|p1a: Rillaboom|70/100 psn|[from] Grassy Terrain
|-damage|p1a: Rillaboom|58/100 psn|[from] psn
|upkeep
|
|t:|1781310789
|switch|p2a: Tornadus|Tornadus-Therian, M|69/100
|turn|8
|
|t:|1781310794
|switch|p1a: Raging Bolt|Raging Bolt|100/100
|move|p2a: Tornadus|Heat Wave|p1a: Raging Bolt
|-resisted|p1a: Raging Bolt
|-damage|p1a: Raging Bolt|81/100
|
|-heal|p1a: Raging Bolt|87/100|[from] Grassy Terrain
|-fieldend|move: Grassy Terrain
|upkeep
|turn|9
|
|t:|1781310799
|switch|p2a: Malevolent Shrine|Tyranitar, M, shiny|100/100
|-weather|Sandstorm|[from] ability: Sand Stream|[of] p2a: Malevolent Shrine
|move|p1a: Raging Bolt|Draco Meteor|p2a: Malevolent Shrine
|-damage|p2a: Malevolent Shrine|54/100
|-unboost|p1a: Raging Bolt|spa|2
|
|-weather|Sandstorm|[upkeep]
|-damage|p1a: Raging Bolt|81/100|[from] Sandstorm
|upkeep
|turn|10
|
|t:|1781310807
|-end|p1a: Raging Bolt|Protosynthesis|[silent]
|switch|p1a: Great Tusk|Great Tusk|100/100
|move|p2a: Malevolent Shrine|Stealth Rock|p1a: Great Tusk
|-sidestart|p1: Igoodnamename|move: Stealth Rock
|
|-weather|Sandstorm|[upkeep]
|upkeep
|turn|11
|
|t:|1781310813
|switch|p2a: Phys or Spec?|Iron Valiant, shiny|100/100
|-enditem|p2a: Phys or Spec?|Booster Energy
|-activate|p2a: Phys or Spec?|ability: Quark Drive|[fromitem]
|-start|p2a: Phys or Spec?|quarkdrivespe
|move|p1a: Great Tusk|Rapid Spin|p2a: Phys or Spec?
|-damage|p2a: Phys or Spec?|76/100
|-boost|p1a: Great Tusk|spe|1
|-sideend|p1: Igoodnamename|Stealth Rock|[from] move: Rapid Spin|[of] p1a: Great Tusk
|
|-weather|Sandstorm|[upkeep]
|-damage|p2a: Phys or Spec?|70/100|[from] Sandstorm
|upkeep
|turn|12
|
|t:|1781310820
|-end|p1a: Great Tusk|Protosynthesis|[silent]
|switch|p1a: Skeledirge|Skeledirge, M|100/100
|move|p2a: Phys or Spec?|Knock Off|p1a: Skeledirge
|-supereffective|p1a: Skeledirge
|-damage|p1a: Skeledirge|49/100
|-enditem|p1a: Skeledirge|Heavy-Duty Boots|[from] move: Knock Off|[of] p2a: Phys or Spec?
|
|-weather|Sandstorm|[upkeep]
|-damage|p2a: Phys or Spec?|64/100|[from] Sandstorm
|-damage|p1a: Skeledirge|43/100|[from] Sandstorm
|upkeep
|turn|13
|
|t:|1781310828
|move|p2a: Phys or Spec?|Knock Off|p1a: Skeledirge
|-supereffective|p1a: Skeledirge
|-damage|p1a: Skeledirge|13/100
|move|p1a: Skeledirge|Torch Song|p2a: Phys or Spec?
|-damage|p2a: Phys or Spec?|2/100
|-boost|p1a: Skeledirge|spa|1
|
|-weather|Sandstorm|[upkeep]
|-damage|p2a: Phys or Spec?|0 fnt|[from] Sandstorm
|-damage|p1a: Skeledirge|7/100|[from] Sandstorm
|faint|p2a: Phys or Spec?
|-end|p2a: Phys or Spec?|Quark Drive|[silent]
|upkeep
|
|t:|1781310837
|switch|p2a: Tornadus|Tornadus-Therian, M|100/100
|turn|14
|j| Kyurem
|
|t:|1781310841
|move|p2a: Tornadus|Heat Wave|p1a: Skeledirge
|-resisted|p1a: Skeledirge
|-damage|p1a: Skeledirge|0 fnt
|faint|p1a: Skeledirge
|
|-weather|Sandstorm|[upkeep]
|-damage|p2a: Tornadus|94/100|[from] Sandstorm
|upkeep
|
|t:|1781310845
|switch|p1a: Raging Bolt|Raging Bolt|81/100
|turn|15
|
|t:|1781310850
|switch|p2a: Plague Doctor|Toxapex, M, shiny|50/100
|move|p1a: Raging Bolt|Draco Meteor|p2a: Plague Doctor
|-damage|p2a: Plague Doctor|0 fnt
|-unboost|p1a: Raging Bolt|spa|2
|faint|p2a: Plague Doctor
|
|-weather|Sandstorm|[upkeep]
|-damage|p1a: Raging Bolt|75/100|[from] Sandstorm
|upkeep
|
|t:|1781310854
|switch|p2a: Denji|Excadrill, M, shiny|100/100
|turn|16
|
|t:|1781310860
|-end|p1a: Raging Bolt|Protosynthesis|[silent]
|switch|p1a: Great Tusk|Great Tusk|100/100
|move|p2a: Denji|Swords Dance|p2a: Denji
|-boost|p2a: Denji|atk|2
|
|-weather|none
|upkeep
|turn|17
|
|t:|1781310870
|switch|p2a: Tornadus|Tornadus-Therian, M|100/100
|move|p1a: Great Tusk|Close Combat|p2a: Tornadus
|-resisted|p2a: Tornadus
|-crit|p2a: Tornadus
|-damage|p2a: Tornadus|33/100
|-unboost|p1a: Great Tusk|def|1
|-unboost|p1a: Great Tusk|spd|1
|
|upkeep
|turn|18
|
|t:|1781310878
|-end|p1a: Great Tusk|Protosynthesis|[silent]
|switch|p1a: Ting-Lu|Ting-Lu, tera:Steel|100/100
|-ability|p1a: Ting-Lu|Vessel of Ruin
|move|p2a: Tornadus|Bleakwind Storm|p1a: Ting-Lu
|-resisted|p1a: Ting-Lu
|-damage|p1a: Ting-Lu|85/100
|
|-heal|p1a: Ting-Lu|91/100|[from] item: Leftovers
|upkeep
|turn|19
|
|t:|1781310883
|switch|p2a: Malevolent Shrine|Tyranitar, M, shiny|54/100
|-weather|Sandstorm|[from] ability: Sand Stream|[of] p2a: Malevolent Shrine
|move|p1a: Ting-Lu|Stealth Rock|p2a: Malevolent Shrine
|-sidestart|p2: moth ily|move: Stealth Rock
|
|-weather|Sandstorm|[upkeep]
|-heal|p1a: Ting-Lu|97/100|[from] item: Leftovers
|upkeep
|turn|20
|
|t:|1781310886
|move|p2a: Malevolent Shrine|Stealth Rock|p1a: Ting-Lu
|-sidestart|p1: Igoodnamename|move: Stealth Rock
|move|p1a: Ting-Lu|Heavy Slam|p2a: Malevolent Shrine
|-supereffective|p2a: Malevolent Shrine
|-damage|p2a: Malevolent Shrine|6/100
|
|-weather|Sandstorm|[upkeep]
|-heal|p1a: Ting-Lu|100/100|[from] item: Leftovers
|upkeep
|turn|21
|
|t:|1781310889
|move|p2a: Malevolent Shrine|Knock Off|p1a: Ting-Lu
|-damage|p1a: Ting-Lu|78/100
|-enditem|p1a: Ting-Lu|Leftovers|[from] move: Knock Off|[of] p2a: Malevolent Shrine
|move|p1a: Ting-Lu|Heavy Slam|p2a: Malevolent Shrine
|-supereffective|p2a: Malevolent Shrine
|-damage|p2a: Malevolent Shrine|0 fnt
|faint|p2a: Malevolent Shrine
|
|-weather|Sandstorm|[upkeep]
|upkeep
|
|t:|1781310892
|switch|p2a: Denji|Excadrill, M, shiny|100/100
|-damage|p2a: Denji|97/100|[from] Stealth Rock
|turn|22
|
|t:|1781310894
|move|p2a: Denji|Swords Dance|p2a: Denji
|-boost|p2a: Denji|atk|2
|move|p1a: Ting-Lu|Ruination|p2a: Denji
|-damage|p2a: Denji|49/100
|
|-weather|Sandstorm|[upkeep]
|-heal|p2a: Denji|55/100|[from] item: Leftovers
|upkeep
|turn|23
|
|t:|1781310900
|move|p2a: Denji|Earthquake|p1a: Ting-Lu
|-supereffective|p1a: Ting-Lu
|-damage|p1a: Ting-Lu|0 fnt
|faint|p1a: Ting-Lu
|
|-weather|Sandstorm|[upkeep]
|-heal|p2a: Denji|61/100|[from] item: Leftovers
|upkeep
|
|t:|1781310905
|switch|p1a: Rillaboom|Rillaboom, M|58/100 psn
|-damage|p1a: Rillaboom|45/100 psn|[from] Stealth Rock
|-fieldstart|move: Grassy Terrain|[from] ability: Grassy Surge|[of] p1a: Rillaboom
|turn|24
|-message|moth ily forfeited.
|
|win|Igoodnamename
|raw|Igoodnamename's rating: 1727 &rarr; <strong>1757</strong><br />(+30 for winning)
|raw|moth ily's rating: 1908 &rarr; <strong>1878</strong><br />(-30 for losing)
|c|☆Igoodnamename|ggs
|l|☆Igoodnamename
|player|p1|
|l|☆moth ily
|player|p2|
|l| Kyurem
