|j|‽Ausar489
|j|☆KurisuChestnutOU
|t:|1781161930
|gametype|singles
|player|p1|Ausar489|lucas-gen4pt|1573
|player|p2|KurisuChestnutOU|may-contest|1532
|gen|9
|tier|[Gen 9] OU
|rated|
|rule|HP Percentage Mod: HP is shown in percentages
|rule|Endless Battle Clause: Forcing endless battles is banned
|rule|Species Clause: Limit one of each Pokémon
|rule|OHKO Clause: OHKO moves are banned
|rule|Evasion Items Clause: Evasion items are banned
|rule|Evasion Moves Clause: Evasion moves are banned
|rule|Evasion Abilities Clause: Evasion abilities are banned
|rule|Sleep Moves Clause: Sleep-inducing moves are banned
|clearpoke
|poke|p1|Ceruledge, M|
|poke|p1|Torkoal, F|
|poke|p1|Great Tusk|
|poke|p1|Walking Wake|
|poke|p1|Venusaur, M|
|poke|p1|Hatterene, F|
|poke|p2|Zamazenta-*|
|poke|p2|Zapdos|
|poke|p2|Garganacl, F|
|poke|p2|Clefable, F|
|poke|p2|Samurott-Hisui, M|
|poke|p2|Gholdengo|
|teampreview
|inactive|Battle timer is ON: inactive players will automatically lose when time's up. (requested by Ausar489)
|
|t:|1781161936
|teamsize|p1|6
|teamsize|p2|6
|start
|switch|p1a: Torkoal|Torkoal, F|100/100
|switch|p2a: Zapdos|Zapdos|100/100
|-weather|SunnyDay|[from] ability: Drought|[of] p1a: Torkoal
|turn|1
|inactive|KurisuChestnutOU also wants the timer to be on.
|
|t:|1781161942
|switch|p1a: Hatterene|Hatterene, F|100/100
|move|p2a: Zapdos|Volt Switch|p1a: Hatterene
|-damage|p1a: Hatterene|70/100
|-enditem|p1a: Hatterene|Eject Button
|
|t:|1781161951
|switch|p1a: Walking Wake|Walking Wake|100/100
|-activate|p1a: Walking Wake|ability: Protosynthesis
|-start|p1a: Walking Wake|protosynthesisspe
|
|-weather|SunnyDay|[upkeep]
|upkeep
|turn|2
|
|t:|1781161961
|-terastallize|p1a: Walking Wake|Water
|move|p1a: Walking Wake|Hydro Steam|p2a: Zapdos
|-damage|p2a: Zapdos|0 fnt
|faint|p2a: Zapdos
|
|-weather|SunnyDay|[upkeep]
|upkeep
|
|t:|1781161969
|switch|p2a: Samurott|Samurott-Hisui, M|100/100
|turn|3
|
|t:|1781161973
|move|p1a: Walking Wake|Hydro Steam|p2a: Samurott
|-resisted|p2a: Samurott
|-damage|p2a: Samurott|8/100
|move|p2a: Samurott|Ceaseless Edge|p1a: Walking Wake
|-damage|p1a: Walking Wake|51/100
|-sidestart|p1: Ausar489|Spikes
|
|-weather|SunnyDay|[upkeep]
|upkeep
|turn|4
|
|t:|1781161979
|move|p1a: Walking Wake|Hydro Steam|p2a: Samurott
|-resisted|p2a: Samurott
|-damage|p2a: Samurott|0 fnt
|faint|p2a: Samurott
|
|-weather|SunnyDay|[upkeep]
|upkeep
|
|t:|1781161986
|switch|p2a: Garganacl|Garganacl, F|100/100
|turn|5
|
|t:|1781161994
|-end|p1a: Walking Wake|Protosynthesis|[silent]
|switch|p1a: Hatterene|Hatterene, F|70/100
|-damage|p1a: Hatterene|58/100|[from] Spikes
|-terastallize|p2a: Garganacl|Water
|move|p2a: Garganacl|Salt Cure|p1a: Hatterene
|-damage|p1a: Hatterene|46/100
|-start|p1a: Hatterene|Salt Cure
|
|-weather|SunnyDay|[upkeep]
|-damage|p1a: Hatterene|34/100|[from] Salt Cure
|upkeep
|turn|6
|
|t:|1781162003
|switch|p2a: Gholdengo|Gholdengo|100/100
|move|p1a: Hatterene|Healing Wish|p1a: Hatterene
|faint|p1a: Hatterene
|
|-weather|SunnyDay|[upkeep]
|upkeep
|
|t:|1781162006
|switch|p1a: Walking Wake|Walking Wake, tera:Water|51/100
|-heal|p1a: Walking Wake|100/100|[from] move: Healing Wish
|-damage|p1a: Walking Wake|88/100|[from] Spikes
|-activate|p1a: Walking Wake|ability: Protosynthesis
|-start|p1a: Walking Wake|protosynthesisspe
|turn|7
|
|t:|1781162009
|switch|p2a: Garganacl|Garganacl, F, tera:Water|100/100
|move|p1a: Walking Wake|Hydro Steam|p2a: Garganacl
|-resisted|p2a: Garganacl
|-damage|p2a: Garganacl|64/100
|
|-weather|SunnyDay|[upkeep]
|-heal|p2a: Garganacl|70/100|[from] item: Leftovers
|upkeep
|turn|8
|
|t:|1781162014
|-end|p1a: Walking Wake|Protosynthesis|[silent]
|switch|p1a: Venusaur|Venusaur, M|100/100
|-damage|p1a: Venusaur|88/100|[from] Spikes
|move|p2a: Garganacl|Salt Cure|p1a: Venusaur
|-damage|p1a: Venusaur|70/100
|-start|p1a: Venusaur|Salt Cure
|
|-weather|none
|-heal|p2a: Garganacl|76/100|[from] item: Leftovers
|-damage|p1a: Venusaur|58/100|[from] Salt Cure
|upkeep
|turn|9
|
|t:|1781162021
|switch|p1a: Torkoal|Torkoal, F|100/100
|-damage|p1a: Torkoal|88/100|[from] Spikes
|-weather|SunnyDay|[from] ability: Drought|[of] p1a: Torkoal
|move|p2a: Garganacl|Salt Cure|p1a: Torkoal
|-supereffective|p1a: Torkoal
|-damage|p1a: Torkoal|64/100
|-start|p1a: Torkoal|Salt Cure
|
|-weather|SunnyDay|[upkeep]
|-heal|p2a: Garganacl|83/100|[from] item: Leftovers
|-damage|p1a: Torkoal|52/100|[from] Salt Cure
|upkeep
|turn|10
|
|t:|1781162027
|switch|p1a: Ceruledge|Ceruledge, M, shiny|100/100
|-damage|p1a: Ceruledge|88/100|[from] Spikes
|move|p2a: Garganacl|Salt Cure|p1a: Ceruledge
|-supereffective|p1a: Ceruledge
|-damage|p1a: Ceruledge|50/100
|-start|p1a: Ceruledge|Salt Cure
|-ability|p1a: Ceruledge|Weak Armor|boost
|-unboost|p1a: Ceruledge|def|1
|-boost|p1a: Ceruledge|spe|2
|
|-weather|SunnyDay|[upkeep]
|-heal|p2a: Garganacl|89/100|[from] item: Leftovers
|-damage|p1a: Ceruledge|38/100|[from] Salt Cure
|upkeep
|turn|11
|
|t:|1781162034
|move|p1a: Ceruledge|Solar Blade||[still]
|-prepare|p1a: Ceruledge|Solar Blade
|-anim|p1a: Ceruledge|Solar Blade|p2a: Garganacl
|-supereffective|p2a: Garganacl
|-damage|p2a: Garganacl|34/100
|move|p2a: Garganacl|Salt Cure|p1a: Ceruledge
|-supereffective|p1a: Ceruledge
|-crit|p1a: Ceruledge
|-damage|p1a: Ceruledge|0 fnt
|faint|p1a: Ceruledge
|
|-weather|SunnyDay|[upkeep]
|-heal|p2a: Garganacl|40/100|[from] item: Leftovers
|upkeep
|
|t:|1781162040
|switch|p1a: Venusaur|Venusaur, M|58/100
|-damage|p1a: Venusaur|46/100|[from] Spikes
|turn|12
|
|t:|1781162046
|move|p1a: Venusaur|Growth|p1a: Venusaur
|-boost|p1a: Venusaur|atk|2
|-boost|p1a: Venusaur|spa|2
|move|p2a: Garganacl|Recover|p2a: Garganacl
|-heal|p2a: Garganacl|90/100
|
|-weather|SunnyDay|[upkeep]
|-heal|p2a: Garganacl|96/100|[from] item: Leftovers
|upkeep
|turn|13
|
|t:|1781162050
|move|p1a: Venusaur|Giga Drain|p2a: Garganacl
|-supereffective|p2a: Garganacl
|-damage|p2a: Garganacl|0 fnt
|-heal|p1a: Venusaur|100/100|[from] drain|[of] p2a: Garganacl
|faint|p2a: Garganacl
|-damage|p1a: Venusaur|91/100|[from] item: Life Orb
|
|-weather|SunnyDay|[upkeep]
|upkeep
|
|t:|1781162056
|switch|p2a: Zamazenta|Zamazenta|100/100
|-ability|p2a: Zamazenta|Dauntless Shield|boost
|-boost|p2a: Zamazenta|def|1
|turn|14
|
|t:|1781162065
|move|p1a: Venusaur|Giga Drain|p2a: Zamazenta
|-damage|p2a: Zamazenta|39/100
|-heal|p1a: Venusaur|100/100|[from] drain|[of] p2a: Zamazenta
|-damage|p1a: Venusaur|91/100|[from] item: Life Orb
|move|p2a: Zamazenta|Roar|p1a: Venusaur
|drag|p1a: Great Tusk|Great Tusk|100/100
|-damage|p1a: Great Tusk|88/100|[from] Spikes
|-activate|p1a: Great Tusk|ability: Protosynthesis
|-start|p1a: Great Tusk|protosynthesisatk
|
|-weather|SunnyDay|[upkeep]
|-heal|p2a: Zamazenta|45/100|[from] item: Leftovers
|upkeep
|turn|15
|
|t:|1781162069
|move|p2a: Zamazenta|Body Press|p1a: Great Tusk
|-crit|p1a: Great Tusk
|-damage|p1a: Great Tusk|38/100
|move|p1a: Great Tusk|Headlong Rush|p2a: Zamazenta
|-damage|p2a: Zamazenta|0 fnt
|-unboost|p1a: Great Tusk|def|1
|-unboost|p1a: Great Tusk|spd|1
|faint|p2a: Zamazenta
|
|-weather|SunnyDay|[upkeep]
|upkeep
|
|t:|1781162073
|switch|p2a: Clefable|Clefable, F|100/100
|turn|16
|
|t:|1781162077
|move|p1a: Great Tusk|Rapid Spin|p2a: Clefable
|-damage|p2a: Clefable|81/100
|-boost|p1a: Great Tusk|spe|1
|-sideend|p1: Ausar489|Spikes|[from] move: Rapid Spin|[of] p1a: Great Tusk
|move|p2a: Clefable|Moonlight|p2a: Clefable
|-heal|p2a: Clefable|100/100
|
|-weather|none
|-end|p1a: Great Tusk|Protosynthesis
|upkeep
|turn|17
|
|t:|1781162081
|move|p1a: Great Tusk|Headlong Rush|p2a: Clefable
|-damage|p2a: Clefable|52/100
|-unboost|p1a: Great Tusk|def|1
|-unboost|p1a: Great Tusk|spd|1
|move|p2a: Clefable|Moonlight|p2a: Clefable
|-heal|p2a: Clefable|100/100
|
|upkeep
|turn|18
|
|t:|1781162084
|move|p1a: Great Tusk|Headlong Rush|p2a: Clefable
|-damage|p2a: Clefable|46/100
|-unboost|p1a: Great Tusk|def|1
|-unboost|p1a: Great Tusk|spd|1
|move|p2a: Clefable|Moonlight|p2a: Clefable
|-heal|p2a: Clefable|96/100
|
|upkeep
|turn|19
|
|t:|1781162091
|move|p1a: Great Tusk|Headlong Rush|p2a: Clefable
|-damage|p2a: Clefable|39/100
|-unboost|p1a: Great Tusk|def|1
|-unboost|p1a: Great Tusk|spd|1
|move|p2a: Clefable|Moonlight|p2a: Clefable
|-heal|p2a: Clefable|89/100
|
|upkeep
|turn|20
|
|t:|1781162098
|move|p1a: Great Tusk|Rapid Spin|p2a: Clefable
|-damage|p2a: Clefable|74/100
|-boost|p1a: Great Tusk|spe|1
|move|p2a: Clefable|Moonlight|p2a: Clefable
|-heal|p2a: Clefable|100/100
|
|upkeep
|turn|21
|
|t:|1781162105
|move|p1a: Great Tusk|Headlong Rush|p2a: Clefable
|-damage|p2a: Clefable|46/100
|-unboost|p1a: Great Tusk|def|1
|-unboost|p1a: Great Tusk|spd|1
|move|p2a: Clefable|Moonlight|p2a: Clefable
|-heal|p2a: Clefable|96/100
|
|upkeep
|turn|22
|
|t:|1781162109
|move|p1a: Great Tusk|Headlong Rush|p2a: Clefable
|-damage|p2a: Clefable|44/100
|-unboost|p1a: Great Tusk|def|1
|-unboost|p1a: Great Tusk|spd|1
|move|p2a: Clefable|Moonlight|p2a: Clefable
|-heal|p2a: Clefable|94/100
|
|upkeep
|turn|23
|
|t:|1781162113
|move|p1a: Great Tusk|Headlong Rush|p2a: Clefable
|-damage|p2a: Clefable|45/100
|move|p2a: Clefable|Moonlight|p2a: Clefable
|-heal|p2a: Clefable|95/100
|
|upkeep
|turn|24
|
|t:|1781162117
|move|p1a: Great Tusk|Headlong Rush|p2a: Clefable
|-damage|p2a: Clefable|41/100
|move|p2a: Clefable|Knock Off|p1a: Great Tusk
|-resisted|p1a: Great Tusk
|-damage|p1a: Great Tusk|33/100
|-enditem|p1a: Great Tusk|Assault Vest|[from] move: Knock Off|[of] p2a: Clefable
|
|upkeep
|turn|25
|
|t:|1781162124
|switch|p2a: Gholdengo|Gholdengo|100/100
|move|p1a: Great Tusk|Temper Flare|p2a: Gholdengo
|-supereffective|p2a: Gholdengo
|-damage|p2a: Gholdengo|39/100
|
|upkeep
|turn|26
|
|t:|1781162129
|switch|p2a: Clefable|Clefable, F|41/100
|move|p1a: Great Tusk|Temper Flare|p2a: Clefable
|-damage|p2a: Clefable|19/100
|
|upkeep
|turn|27
|
|t:|1781162133
|move|p1a: Great Tusk|Temper Flare|p2a: Clefable
|-damage|p2a: Clefable|0 fnt
|faint|p2a: Clefable
|
|upkeep
|
|t:|1781162143
|switch|p2a: Gholdengo|Gholdengo|39/100
|turn|28
|
|t:|1781162151
|move|p1a: Great Tusk|Temper Flare|p2a: Gholdengo
|-supereffective|p2a: Gholdengo
|-damage|p2a: Gholdengo|0 fnt
|faint|p2a: Gholdengo
|
|win|Ausar489
|raw|Ausar489's rating: 1573 &rarr; <strong>1592</strong><br />(+19 for winning)
|raw|KurisuChestnutOU's rating: 1551 &rarr; <strong>1532</strong><br />(-19 for losing)
