|j|☆u r nottwhh
|j|☆chedeqing
|t:|1781342710
|gametype|singles
|player|p1|u r nottwhh|lucas|1544
|player|p2|chedeqing|riley|1540
|gen|9
|tier|[Gen 9] OU
|rated|
|rule|HP Percentage Mod: HP is shown in percentages
|rule|Endless Battle Clause: Forcing endless battles is banned
|rule|Species Clause: Limit one of each Pokémon
|rule|OHKO Clause: OHKO moves are banned
|rule|Evasion Items Clause: Evasion items are banned
|rule|Evasion Moves Clause: Evasion moves are banned
|rule|Evasion Abilities Clause: Evasion abilities are banned
|rule|Sleep Moves Clause: Sleep-inducing moves are banned
|clearpoke
|poke|p1|Zamazenta-*|
|poke|p1|Dondozo, M|
|poke|p1|Iron Treads|
|poke|p1|Zapdos|
|poke|p1|Slowking-Galar, M|
|poke|p1|Cinderace, F|
|poke|p2|Braviary-Hisui, M|
|poke|p2|Garchomp, F|
|poke|p2|Iron Valiant|
|poke|p2|Skeledirge, F|
|poke|p2|Kingambit, M|
|poke|p2|Ting-Lu|
|teampreview
|
|t:|1781342733
|teamsize|p1|6
|teamsize|p2|6
|start
|switch|p1a: Zapdos|Zapdos|100/100
|switch|p2a: 鹰击长空|Braviary-Hisui, M|100/100
|turn|1
|inactive|Battle timer is ON: inactive players will automatically lose when time's up. (requested by chedeqing)
|
|t:|1781342738
|switch|p2a: 风雨不动安如山|Ting-Lu|100/100
|-ability|p2a: 风雨不动安如山|Vessel of Ruin
|move|p1a: Zapdos|Hurricane|p2a: 风雨不动安如山
|-damage|p2a: 风雨不动安如山|69/100
|-damage|p1a: Zapdos|91/100|[from] item: Life Orb
|
|-heal|p2a: 风雨不动安如山|76/100|[from] item: Leftovers
|upkeep
|turn|2
|
|t:|1781342755
|move|p1a: Zapdos|Hurricane|p2a: 风雨不动安如山
|-damage|p2a: 风雨不动安如山|44/100
|-damage|p1a: Zapdos|81/100|[from] item: Life Orb
|move|p2a: 风雨不动安如山|Earthquake|p1a: Zapdos
|-immune|p1a: Zapdos
|
|-heal|p2a: 风雨不动安如山|50/100|[from] item: Leftovers
|upkeep
|turn|3
|
|t:|1781342767
|move|p1a: Zapdos|Hurricane|p2a: 风雨不动安如山
|-damage|p2a: 风雨不动安如山|22/100
|-start|p2a: 风雨不动安如山|confusion
|-damage|p1a: Zapdos|71/100|[from] item: Life Orb
|-activate|p2a: 风雨不动安如山|confusion
|move|p2a: 风雨不动安如山|Whirlwind|p1a: Zapdos
|drag|p1a: Zamazenta|Zamazenta|100/100
|-ability|p1a: Zamazenta|Dauntless Shield|boost
|-boost|p1a: Zamazenta|def|1
|
|-heal|p2a: 风雨不动安如山|28/100|[from] item: Leftovers
|upkeep
|turn|4
|
|t:|1781342780
|switch|p2a: 火光万丈|Skeledirge, F|100/100
|move|p1a: Zamazenta|Crunch|p2a: 火光万丈
|-supereffective|p2a: 火光万丈
|-damage|p2a: 火光万丈|71/100
|
|upkeep
|turn|5
|
|t:|1781342796
|switch|p1a: Zapdos|Zapdos|71/100
|move|p2a: 火光万丈|Will-O-Wisp|p1a: Zapdos
|-status|p1a: Zapdos|brn
|
|-damage|p1a: Zapdos|64/100 brn|[from] brn
|upkeep
|turn|6
|
|t:|1781342811
|move|p1a: Zapdos|Hurricane|p2a: 火光万丈
|-crit|p2a: 火光万丈
|-damage|p2a: 火光万丈|0 fnt
|faint|p2a: 火光万丈
|-damage|p1a: Zapdos|55/100 brn|[from] item: Life Orb
|
|-damage|p1a: Zapdos|48/100 brn|[from] brn
|upkeep
|
|t:|1781342819
|switch|p2a: 龙舞天|Garchomp, F|100/100
|turn|7
|
|t:|1781342823
|move|p2a: 龙舞天|Scale Shot|p1a: Zapdos
|-damage|p1a: Zapdos|31/100 brn
|-damage|p1a: Zapdos|16/100 brn
|-damage|p1a: Zapdos|1/100 brn
|-damage|p1a: Zapdos|0 fnt
|faint|p1a: Zapdos
|-hitcount|p1: Zapdos|4
|-unboost|p2a: 龙舞天|def|1
|-boost|p2a: 龙舞天|spe|1
|
|upkeep
|
|t:|1781342834
|switch|p1a: Zamazenta|Zamazenta|100/100
|turn|8
|
|t:|1781342862
|move|p2a: 龙舞天|Swords Dance|p2a: 龙舞天
|-boost|p2a: 龙舞天|atk|2
|move|p1a: Zamazenta|Iron Defense|p1a: Zamazenta
|-boost|p1a: Zamazenta|def|2
|
|upkeep
|turn|9
|
|t:|1781342868
|switch|p2a: 武者|Iron Valiant, shiny|100/100
|-enditem|p2a: 武者|Booster Energy
|-activate|p2a: 武者|ability: Quark Drive|[fromitem]
|-start|p2a: 武者|quarkdrivespe
|move|p1a: Zamazenta|Body Press|p2a: 武者
|-resisted|p2a: 武者
|-damage|p2a: 武者|53/100
|
|upkeep
|turn|10
|
|t:|1781342877
|-terastallize|p1a: Zamazenta|Steel
|move|p2a: 武者|Moonblast|p1a: Zamazenta
|-resisted|p1a: Zamazenta
|-damage|p1a: Zamazenta|78/100
|-unboost|p1a: Zamazenta|spa|1
|move|p1a: Zamazenta|Heavy Slam|p2a: 武者
|-supereffective|p2a: 武者
|-damage|p2a: 武者|0 fnt
|faint|p2a: 武者
|-end|p2a: 武者|Quark Drive|[silent]
|
|-heal|p1a: Zamazenta|84/100|[from] item: Leftovers
|upkeep
|
|t:|1781342888
|switch|p2a: 鹰击长空|Braviary-Hisui, M|100/100
|turn|11
|
|t:|1781342895
|move|p1a: Zamazenta|Crunch|p2a: 鹰击长空
|-supereffective|p2a: 鹰击长空
|-damage|p2a: 鹰击长空|35/100
|move|p2a: 鹰击长空|Heat Wave|p1a: Zamazenta
|-supereffective|p1a: Zamazenta
|-damage|p1a: Zamazenta|0 fnt
|faint|p1a: Zamazenta
|
|upkeep
|
|t:|1781342902
|switch|p1a: Cinderace|Cinderace, F|100/100
|turn|12
|
|t:|1781342906
|switch|p2a: 风雨不动安如山|Ting-Lu|28/100
|-ability|p2a: 风雨不动安如山|Vessel of Ruin
|move|p1a: Cinderace|Gunk Shot|p2a: 风雨不动安如山
|-start|p1a: Cinderace|typechange|Poison|[from] ability: Libero
|-resisted|p2a: 风雨不动安如山
|-damage|p2a: 风雨不动安如山|4/100
|
|-heal|p2a: 风雨不动安如山|10/100|[from] item: Leftovers
|upkeep
|turn|13
|
|t:|1781342917
|move|p1a: Cinderace|Gunk Shot|p2a: 风雨不动安如山
|-resisted|p2a: 风雨不动安如山
|-damage|p2a: 风雨不动安如山|0 fnt
|faint|p2a: 风雨不动安如山
|
|upkeep
|
|t:|1781342930
|switch|p2a: 一夫当关，万夫莫开|Kingambit, M, shiny|100/100
|-activate|p2a: 一夫当关，万夫莫开|ability: Supreme Overlord
|-start|p2a: 一夫当关，万夫莫开|fallen3|[silent]
|turn|14
|
|t:|1781342936
|switch|p1a: Dondozo|Dondozo, M|100/100
|-end|p2a: 一夫当关，万夫莫开|fallen3|[silent]
|switch|p2a: 鹰击长空|Braviary-Hisui, M|35/100
|
|upkeep
|turn|15
|
|t:|1781342946
|switch|p1a: Slowking|Slowking-Galar, M|100/100
|move|p2a: 鹰击长空|Hurricane|p1a: Slowking
|-damage|p1a: Slowking|35/100
|
|-heal|p1a: Slowking|41/100|[from] item: Leftovers
|upkeep
|turn|16
|
|t:|1781342961
|move|p2a: 鹰击长空|Heat Wave|p1a: Slowking
|-crit|p1a: Slowking
|-damage|p1a: Slowking|0 fnt
|faint|p1a: Slowking
|
|upkeep
|
|t:|1781342963
|switch|p1a: Cinderace|Cinderace, F|100/100
|turn|17
|
|t:|1781342989
|switch|p2a: 龙舞天|Garchomp, F|100/100
|move|p1a: Cinderace|U-turn|p2a: 龙舞天
|-start|p1a: Cinderace|typechange|Bug|[from] ability: Libero
|-damage|p2a: 龙舞天|53/100
|-damage|p1a: Cinderace|88/100|[from] ability: Rough Skin|[of] p2a: 龙舞天
|
|t:|1781343012
|switch|p1a: Iron Treads|Iron Treads|100/100|[from] U-turn
|-enditem|p1a: Iron Treads|Booster Energy
|-activate|p1a: Iron Treads|ability: Quark Drive|[fromitem]
|-start|p1a: Iron Treads|quarkdriveatk
|
|upkeep
|turn|18
|inactive|chedeqing has 120 seconds left.
|
|t:|1781343049
|-terastallize|p2a: 龙舞天|Fire
|move|p2a: 龙舞天|Earthquake|p1a: Iron Treads
|-supereffective|p1a: Iron Treads
|-damage|p1a: Iron Treads|5/100
|move|p1a: Iron Treads|Earthquake|p2a: 龙舞天
|-supereffective|p2a: 龙舞天
|-damage|p2a: 龙舞天|0 fnt
|faint|p2a: 龙舞天
|
|upkeep
|
|t:|1781343057
|switch|p2a: 鹰击长空|Braviary-Hisui, M|35/100
|turn|19
|
|t:|1781343061
|move|p2a: 鹰击长空|Vacuum Wave|p1a: Iron Treads
|-supereffective|p1a: Iron Treads
|-damage|p1a: Iron Treads|0 fnt
|faint|p1a: Iron Treads
|-end|p1a: Iron Treads|Quark Drive|[silent]
|-damage|p2a: 鹰击长空|25/100|[from] item: Life Orb
|
|upkeep
|
|t:|1781343064
|switch|p1a: Cinderace|Cinderace, F|88/100
|turn|20
|inactive|chedeqing has 120 seconds left.
|
|t:|1781343076
|switch|p2a: 一夫当关，万夫莫开|Kingambit, M, shiny|100/100
|-activate|p2a: 一夫当关，万夫莫开|ability: Supreme Overlord
|-start|p2a: 一夫当关，万夫莫开|fallen4|[silent]
|move|p1a: Cinderace|U-turn|p2a: 一夫当关，万夫莫开
|-start|p1a: Cinderace|typechange|Bug|[from] ability: Libero
|-damage|p2a: 一夫当关，万夫莫开|65/100
|
|t:|1781343083
|switch|p1a: Dondozo|Dondozo, M|100/100|[from] U-turn
|
|-heal|p2a: 一夫当关，万夫莫开|71/100|[from] item: Leftovers
|upkeep
|turn|21
|
|t:|1781343088
|-end|p2a: 一夫当关，万夫莫开|fallen4|[silent]
|switch|p2a: 鹰击长空|Braviary-Hisui, M|25/100
|move|p1a: Dondozo|Wave Crash|p2a: 鹰击长空
|-damage|p2a: 鹰击长空|0 fnt
|faint|p2a: 鹰击长空
|-damage|p1a: Dondozo|94/100|[from] Recoil
|
|-heal|p1a: Dondozo|100/100|[from] item: Leftovers
|upkeep
|-message|chedeqing forfeited.
|
|win|u r nottwhh
|raw|u r nottwhh's rating: 1544 &rarr; <strong>1564</strong><br />(+20 for winning)
|raw|chedeqing's rating: 1540 &rarr; <strong>1520</strong><br />(-20 for losing)
|l|☆chedeqing
|player|p2|
|j| hattybatty304
|l|☆u r nottwhh
|player|p1|
|l| hattybatty304
