|j|☆Izlymoney
|j|☆LoseToRU?
|t:|1781331304
|gametype|singles
|player|p1|Izlymoney|1|1619
|player|p2|LoseToRU?|giovanni-gen1|1698
|gen|9
|tier|[Gen 9] OU
|rated|
|rule|HP Percentage Mod: HP is shown in percentages
|rule|Endless Battle Clause: Forcing endless battles is banned
|rule|Species Clause: Limit one of each Pokémon
|rule|OHKO Clause: OHKO moves are banned
|rule|Evasion Items Clause: Evasion items are banned
|rule|Evasion Moves Clause: Evasion moves are banned
|rule|Evasion Abilities Clause: Evasion abilities are banned
|rule|Sleep Moves Clause: Sleep-inducing moves are banned
|clearpoke
|poke|p1|Cramorant, M|
|poke|p1|Gallade, M|
|poke|p1|Kingambit, M|
|poke|p1|Iron Moth|
|poke|p1|Enamorus, F|
|poke|p1|Ogerpon-Cornerstone, F|
|poke|p2|Iron Jugulis|
|poke|p2|Thundurus, M|
|poke|p2|Azumarill, M|
|poke|p2|Zamazenta-*|
|poke|p2|Cloyster, M|
|poke|p2|Iron Valiant|
|teampreview
|
|t:|1781331315
|teamsize|p1|6
|teamsize|p2|6
|start
|switch|p1a: Cramorant|Cramorant, M, shiny|100/100
|switch|p2a: Iron Valiant|Iron Valiant|100/100
|-enditem|p2a: Iron Valiant|Booster Energy
|-activate|p2a: Iron Valiant|ability: Quark Drive|[fromitem]
|-start|p2a: Iron Valiant|quarkdrivespe
|turn|1
|
|t:|1781331329
|move|p2a: Iron Valiant|Destiny Bond|p2a: Iron Valiant
|-singlemove|p2a: Iron Valiant|Destiny Bond
|move|p1a: Cramorant|Tailwind|p1a: Cramorant
|-sidestart|p1: Izlymoney|move: Tailwind
|
|upkeep
|turn|2
|
|t:|1781331334
|move|p1a: Cramorant|Surf|p2a: Iron Valiant
|-formechange|p1a: Cramorant|Cramorant-Gulping|
|-damage|p2a: Iron Valiant|4/100
|move|p2a: Iron Valiant|Trick Room|p2a: Iron Valiant
|-fieldstart|move: Trick Room|[of] p2a: Iron Valiant
|
|upkeep
|turn|3
|
|t:|1781331344
|move|p1a: Cramorant|Surf|p2a: Iron Valiant
|-crit|p2a: Iron Valiant
|-damage|p2a: Iron Valiant|0 fnt
|faint|p2a: Iron Valiant
|-end|p2a: Iron Valiant|Quark Drive|[silent]
|
|upkeep
|
|t:|1781331362
|switch|p2a: Azumarill|Azumarill, M, shiny|100/100
|turn|4
|
|t:|1781331371
|move|p2a: Azumarill|Play Rough|p1a: Cramorant
|-enditem|p1a: Cramorant|Focus Sash
|-damage|p1a: Cramorant|1/100
|-damage|p2a: Azumarill|75/100|[from] ability: Gulp Missile|[of] p1a: Cramorant
|-unboost|p2a: Azumarill|def|1
|-formechange|p1a: Cramorant|Cramorant|
|move|p1a: Cramorant|Hurricane|p2a: Azumarill
|-damage|p2a: Azumarill|46/100
|
|-sideend|p1: Izlymoney|move: Tailwind
|upkeep
|turn|5
|
|t:|1781331381
|move|p2a: Azumarill|Liquidation|p1a: Cramorant
|-resisted|p1a: Cramorant
|-damage|p1a: Cramorant|0 fnt
|faint|p1a: Cramorant
|
|upkeep
|
|t:|1781331388
|switch|p1a: Gallade|Gallade, M|100/100
|turn|6
|
|t:|1781331391
|move|p2a: Azumarill|Play Rough|p1a: Gallade
|-supereffective|p1a: Gallade
|-enditem|p1a: Gallade|Focus Sash
|-damage|p1a: Gallade|1/100
|move|p1a: Gallade|Psycho Cut|p2a: Azumarill
|-damage|p2a: Azumarill|0 fnt
|faint|p2a: Azumarill
|
|-fieldend|move: Trick Room
|upkeep
|
|t:|1781331431
|switch|p2a: Thundurus|Thundurus, M|100/100
|turn|7
|
|t:|1781331434
|move|p2a: Thundurus|Thunderbolt|p1a: Gallade
|-damage|p1a: Gallade|0 fnt
|faint|p1a: Gallade
|
|upkeep
|
|t:|1781331440
|switch|p1a: Ogerpon|Ogerpon-Cornerstone, F|100/100
|turn|8
|
|t:|1781331454
|move|p2a: Thundurus|Thunder Wave|p1a: Ogerpon
|-status|p1a: Ogerpon|par
|move|p1a: Ogerpon|Ivy Cudgel|p2a: Thundurus|[anim] Ivy Cudgel Rock
|-supereffective|p2a: Thundurus
|-enditem|p2a: Thundurus|Focus Sash
|-damage|p2a: Thundurus|1/100
|
|upkeep
|turn|9
|j| choispecs ironmoth
|
|t:|1781331461
|move|p2a: Thundurus|Thunderbolt|p1a: Ogerpon
|-resisted|p1a: Ogerpon
|-damage|p1a: Ogerpon|74/100 par
|move|p1a: Ogerpon|Ivy Cudgel|p2a: Thundurus|[anim] Ivy Cudgel Rock
|-supereffective|p2a: Thundurus
|-damage|p2a: Thundurus|0 fnt
|faint|p2a: Thundurus
|
|upkeep
|
|t:|1781331485
|switch|p2a: Cloyster|Cloyster, M|100/100
|turn|10
|
|t:|1781331488
|move|p2a: Cloyster|Shell Smash|p2a: Cloyster
|-unboost|p2a: Cloyster|def|1
|-unboost|p2a: Cloyster|spd|1
|-boost|p2a: Cloyster|atk|2
|-boost|p2a: Cloyster|spa|2
|-boost|p2a: Cloyster|spe|2
|move|p1a: Ogerpon|Ivy Cudgel|p2a: Cloyster|[anim] Ivy Cudgel Rock
|-supereffective|p2a: Cloyster
|-enditem|p2a: Cloyster|Focus Sash
|-damage|p2a: Cloyster|1/100
|
|upkeep
|turn|11
|
|t:|1781331491
|move|p2a: Cloyster|Icicle Spear|p1a: Ogerpon
|-supereffective|p1a: Ogerpon
|-damage|p1a: Ogerpon|12/100 par
|-supereffective|p1a: Ogerpon
|-damage|p1a: Ogerpon|0 fnt
|faint|p1a: Ogerpon
|-hitcount|p1: Ogerpon|2
|
|upkeep
|
|t:|1781331498
|switch|p1a: Iron Moth|Iron Moth|100/100
|-enditem|p1a: Iron Moth|Booster Energy
|-activate|p1a: Iron Moth|ability: Quark Drive|[fromitem]
|-start|p1a: Iron Moth|quarkdrivespe
|turn|12
|
|t:|1781331501
|move|p1a: Iron Moth|Fiery Dance|p2a: Cloyster
|-damage|p2a: Cloyster|0 fnt
|faint|p2a: Cloyster
|
|upkeep
|
|t:|1781331505
|switch|p2a: Iron Jugulis|Iron Jugulis|100/100
|-enditem|p2a: Iron Jugulis|Booster Energy
|-activate|p2a: Iron Jugulis|ability: Quark Drive|[fromitem]
|-start|p2a: Iron Jugulis|quarkdrivespe
|turn|13
|
|t:|1781331508
|-end|p1a: Iron Moth|Quark Drive|[silent]
|switch|p1a: Enamorus|Enamorus, F|100/100
|move|p2a: Iron Jugulis|Earth Power|p1a: Enamorus
|-immune|p1a: Enamorus
|
|upkeep
|turn|14
|
|t:|1781331512
|move|p2a: Iron Jugulis|Hurricane|p1a: Enamorus
|-damage|p1a: Enamorus|29/100
|-start|p1a: Enamorus|confusion
|-activate|p1a: Enamorus|confusion
|-damage|p1a: Enamorus|10/100|[from] confusion
|
|upkeep
|turn|15
|
|t:|1781331514
|move|p2a: Iron Jugulis|Dark Pulse|p1a: Enamorus
|-resisted|p1a: Enamorus
|-damage|p1a: Enamorus|0 fnt
|faint|p1a: Enamorus
|
|upkeep
|
|t:|1781331520
|switch|p1a: Kingambit|Kingambit, M|100/100
|-activate|p1a: Kingambit|ability: Supreme Overlord
|-start|p1a: Kingambit|fallen4|[silent]
|turn|16
|
|t:|1781331524
|move|p2a: Iron Jugulis|Earth Power|p1a: Kingambit
|-supereffective|p1a: Kingambit
|-damage|p1a: Kingambit|33/100
|move|p1a: Kingambit|Iron Head|p2a: Iron Jugulis
|-damage|p2a: Iron Jugulis|2/100
|-damage|p1a: Kingambit|23/100|[from] item: Life Orb
|
|upkeep
|turn|17
|
|t:|1781331533
|move|p2a: Iron Jugulis|Taunt|p1a: Kingambit
|-start|p1a: Kingambit|move: Taunt
|move|p1a: Kingambit|Iron Head|p2a: Iron Jugulis
|-damage|p2a: Iron Jugulis|0 fnt
|faint|p2a: Iron Jugulis
|-end|p2a: Iron Jugulis|Quark Drive|[silent]
|-damage|p1a: Kingambit|13/100|[from] item: Life Orb
|
|upkeep
|
|t:|1781331535
|switch|p2a: Zamazenta|Zamazenta|100/100
|-ability|p2a: Zamazenta|Dauntless Shield|boost
|-boost|p2a: Zamazenta|def|1
|turn|18
|
|t:|1781331543
|move|p2a: Zamazenta|Iron Defense|p2a: Zamazenta
|-boost|p2a: Zamazenta|def|2
|move|p1a: Kingambit|Low Kick|p2a: Zamazenta
|-damage|p2a: Zamazenta|74/100
|-damage|p1a: Kingambit|3/100|[from] item: Life Orb
|
|-heal|p2a: Zamazenta|80/100|[from] item: Leftovers
|upkeep
|turn|19
|
|t:|1781331554
|move|p2a: Zamazenta|Iron Defense|p2a: Zamazenta
|-boost|p2a: Zamazenta|def|2
|move|p1a: Kingambit|Iron Head|p2a: Zamazenta
|-damage|p2a: Zamazenta|62/100
|-damage|p1a: Kingambit|0 fnt|[from] item: Life Orb
|faint|p1a: Kingambit
|-end|p1a: Kingambit|fallen4|[silent]
|
|-heal|p2a: Zamazenta|68/100|[from] item: Leftovers
|upkeep
|
|t:|1781331556
|switch|p1a: Iron Moth|Iron Moth|100/100
|turn|20
|
|t:|1781331561
|move|p2a: Zamazenta|Body Press|p1a: Iron Moth
|-resisted|p1a: Iron Moth
|-damage|p1a: Iron Moth|2/100
|move|p1a: Iron Moth|Dazzling Gleam|p2a: Zamazenta
|-supereffective|p2a: Zamazenta
|-damage|p2a: Zamazenta|23/100
|
|-heal|p2a: Zamazenta|29/100|[from] item: Leftovers
|upkeep
|turn|21
|-message|Izlymoney forfeited.
|
|win|LoseToRU?
|raw|Izlymoney's rating: 1619 &rarr; <strong>1603</strong><br />(-16 for losing)
|raw|LoseToRU?'s rating: 1698 &rarr; <strong>1714</strong><br />(+16 for winning)
|l|☆Izlymoney
|player|p1|
|l|☆LoseToRU?
|player|p2|
