|j|☆spudcutter
|j|☆Johnny tots
|t:|1781020962
|gametype|singles
|player|p1|spudcutter|ghetsis-gen5bw|1735
|player|p2|Johnny tots|266|1794
|gen|9
|tier|[Gen 9] OU
|rated|
|rule|HP Percentage Mod: HP is shown in percentages
|rule|Endless Battle Clause: Forcing endless battles is banned
|rule|Species Clause: Limit one of each Pokémon
|rule|OHKO Clause: OHKO moves are banned
|rule|Evasion Items Clause: Evasion items are banned
|rule|Evasion Moves Clause: Evasion moves are banned
|rule|Evasion Abilities Clause: Evasion abilities are banned
|rule|Sleep Moves Clause: Sleep-inducing moves are banned
|clearpoke
|poke|p1|Tyranitar, F|
|poke|p1|Deoxys-Speed|
|poke|p1|Slowking-Galar, F|
|poke|p1|Great Tusk|
|poke|p1|Raging Bolt|
|poke|p1|Dondozo, M|
|poke|p2|Rillaboom, F|
|poke|p2|Klefki, F|
|poke|p2|Manaphy|
|poke|p2|Ogerpon-Wellspring, F|
|poke|p2|Dragapult, M|
|poke|p2|Clefable, M|
|teampreview
|inactive|Battle timer is ON: inactive players will automatically lose when time's up. (requested by spudcutter)
|l|☆Johnny tots
|inactive|Johnny tots disconnected and has a minute to reconnect!
|player|p2|
|
|t:|1781020977
|teamsize|p1|6
|teamsize|p2|6
|start
|switch|p1a: Deoxys|Deoxys-Speed|100/100
|switch|p2a: Klefki|Klefki, F|100/100
|-ability|p1a: Deoxys|Pressure
|turn|1
|j|☆Johnny tots
|inactive|Johnny tots reconnected and has 150 seconds left.
|player|p2|Johnny tots|266|
|
|t:|1781020982
|move|p2a: Klefki|Thunder Wave|p1a: Deoxys
|-status|p1a: Deoxys|par
|move|p1a: Deoxys|Knock Off|p2a: Klefki
|-resisted|p2a: Klefki
|-damage|p2a: Klefki|86/100
|-enditem|p2a: Klefki|Light Clay|[from] move: Knock Off|[of] p1a: Deoxys
|-damage|p1a: Deoxys|91/100 par|[from] item: Life Orb
|
|upkeep
|turn|2
|j| agape boy
|
|t:|1781020988
|switch|p1a: Raging Bolt|Raging Bolt|100/100
|move|p2a: Klefki|Spikes|p1a: Raging Bolt
|-sidestart|p1: spudcutter|Spikes
|
|upkeep
|turn|3
|
|t:|1781020993
|move|p2a: Klefki|Light Screen|p2a: Klefki
|-sidestart|p2: Johnny tots|move: Light Screen
|move|p1a: Raging Bolt|Calm Mind|p1a: Raging Bolt
|-boost|p1a: Raging Bolt|spa|1
|-boost|p1a: Raging Bolt|spd|1
|
|upkeep
|turn|4
|
|t:|1781020996
|switch|p2a: Ogerpon|Ogerpon-Wellspring, F|100/100
|move|p1a: Raging Bolt|Calm Mind|p1a: Raging Bolt
|-boost|p1a: Raging Bolt|spa|1
|-boost|p1a: Raging Bolt|spd|1
|
|upkeep
|turn|5
|
|t:|1781021001
|move|p2a: Ogerpon|Encore|p1a: Raging Bolt
|-start|p1a: Raging Bolt|Encore
|move|p1a: Raging Bolt|Calm Mind|p1a: Raging Bolt
|-boost|p1a: Raging Bolt|spa|1
|-boost|p1a: Raging Bolt|spd|1
|
|upkeep
|turn|6
|
|t:|1781021004
|-end|p1a: Raging Bolt|Protosynthesis|[silent]
|switch|p1a: Slowking|Slowking-Galar, F|100/100
|-damage|p1a: Slowking|88/100|[from] Spikes
|move|p2a: Ogerpon|Swords Dance|p2a: Ogerpon
|-boost|p2a: Ogerpon|atk|2
|
|upkeep
|turn|7
|
|t:|1781021007
|move|p2a: Ogerpon|Ivy Cudgel|p1a: Slowking|[anim] Ivy Cudgel Water
|-damage|p1a: Slowking|0 fnt
|faint|p1a: Slowking
|
|-sideend|p2: Johnny tots|move: Light Screen
|upkeep
|
|t:|1781021010
|switch|p1a: Raging Bolt|Raging Bolt|100/100
|-damage|p1a: Raging Bolt|88/100|[from] Spikes
|turn|8
|
|t:|1781021013
|switch|p2a: Rillaboom|Rillaboom, F|100/100
|-fieldstart|move: Grassy Terrain|[from] ability: Grassy Surge|[of] p2a: Rillaboom
|move|p1a: Raging Bolt|Thunderbolt|p2a: Rillaboom
|-resisted|p2a: Rillaboom
|-damage|p2a: Rillaboom|68/100
|
|-heal|p2a: Rillaboom|74/100|[from] Grassy Terrain
|-heal|p1a: Raging Bolt|94/100|[from] Grassy Terrain
|-heal|p1a: Raging Bolt|100/100|[from] item: Leftovers
|upkeep
|turn|9
|
|t:|1781021016
|-end|p1a: Raging Bolt|Protosynthesis|[silent]
|switch|p1a: Great Tusk|Great Tusk|100/100
|-damage|p1a: Great Tusk|88/100|[from] Spikes
|move|p2a: Rillaboom|High Horsepower|p1a: Great Tusk
|-damage|p1a: Great Tusk|73/100
|
|-heal|p2a: Rillaboom|81/100|[from] Grassy Terrain
|-heal|p1a: Great Tusk|79/100|[from] Grassy Terrain
|-heal|p1a: Great Tusk|85/100|[from] item: Leftovers
|upkeep
|turn|10
|
|t:|1781021021
|switch|p2a: Cutmylifein2|Dragapult, M|100/100
|move|p1a: Great Tusk|Knock Off|p2a: Cutmylifein2
|-supereffective|p2a: Cutmylifein2
|-damage|p2a: Cutmylifein2|41/100
|-enditem|p2a: Cutmylifein2|Leftovers|[from] move: Knock Off|[of] p1a: Great Tusk
|
|-heal|p2a: Cutmylifein2|47/100|[from] Grassy Terrain
|-heal|p1a: Great Tusk|91/100|[from] Grassy Terrain
|-heal|p1a: Great Tusk|98/100|[from] item: Leftovers
|upkeep
|turn|11
|
|t:|1781021027
|switch|p2a: Ogerpon|Ogerpon-Wellspring, F|100/100
|move|p1a: Great Tusk|Knock Off|p2a: Ogerpon
|-damage|p2a: Ogerpon|76/100
|
|-heal|p2a: Ogerpon|82/100|[from] Grassy Terrain
|-heal|p1a: Great Tusk|100/100|[from] Grassy Terrain
|upkeep
|turn|12
|
|t:|1781021031
|move|p2a: Ogerpon|Swords Dance|p2a: Ogerpon
|-boost|p2a: Ogerpon|atk|2
|move|p1a: Great Tusk|Stealth Rock|p2a: Ogerpon
|-sidestart|p2: Johnny tots|move: Stealth Rock
|
|-heal|p2a: Ogerpon|88/100|[from] Grassy Terrain
|upkeep
|turn|13
|
|t:|1781021034
|move|p2a: Ogerpon|Ivy Cudgel|p1a: Great Tusk|[anim] Ivy Cudgel Water
|-supereffective|p1a: Great Tusk
|-damage|p1a: Great Tusk|0 fnt
|faint|p1a: Great Tusk
|-end|p1a: Great Tusk|Protosynthesis|[silent]
|
|-heal|p2a: Ogerpon|94/100|[from] Grassy Terrain
|upkeep
|
|t:|1781021036
|switch|p1a: Raging Bolt|Raging Bolt|100/100
|-damage|p1a: Raging Bolt|88/100|[from] Spikes
|turn|14
|
|t:|1781021040
|move|p2a: Ogerpon|Power Whip|p1a: Raging Bolt|[miss]
|-miss|p2a: Ogerpon|p1a: Raging Bolt
|move|p1a: Raging Bolt|Thunderbolt|p2a: Ogerpon
|-damage|p2a: Ogerpon|36/100
|
|-heal|p2a: Ogerpon|42/100|[from] Grassy Terrain
|-heal|p1a: Raging Bolt|94/100|[from] Grassy Terrain
|-heal|p1a: Raging Bolt|100/100|[from] item: Leftovers
|upkeep
|turn|15
|
|t:|1781021046
|switch|p2a: Cutmylifein2|Dragapult, M|47/100
|-damage|p2a: Cutmylifein2|35/100|[from] Stealth Rock
|move|p1a: Raging Bolt|Thunderbolt|p2a: Cutmylifein2
|-resisted|p2a: Cutmylifein2
|-damage|p2a: Cutmylifein2|3/100
|
|-heal|p2a: Cutmylifein2|9/100|[from] Grassy Terrain
|-fieldend|move: Grassy Terrain
|upkeep
|turn|16
|j| newhere1310
|
|t:|1781021050
|move|p1a: Raging Bolt|Thunderclap|p2a: Cutmylifein2
|-resisted|p2a: Cutmylifein2
|-damage|p2a: Cutmylifein2|0 fnt
|faint|p2a: Cutmylifein2
|
|upkeep
|
|t:|1781021053
|switch|p2a: Rillaboom|Rillaboom, F|81/100
|-damage|p2a: Rillaboom|68/100|[from] Stealth Rock
|-fieldstart|move: Grassy Terrain|[from] ability: Grassy Surge|[of] p2a: Rillaboom
|turn|17
|
|t:|1781021057
|-end|p1a: Raging Bolt|Protosynthesis|[silent]
|switch|p1a: Dondozo|Dondozo, M|100/100
|-damage|p1a: Dondozo|88/100|[from] Spikes
|move|p2a: Rillaboom|Knock Off|p1a: Dondozo
|-damage|p1a: Dondozo|72/100
|-damage|p2a: Rillaboom|52/100|[from] item: Rocky Helmet|[of] p1a: Dondozo
|-enditem|p1a: Dondozo|Rocky Helmet|[from] move: Knock Off|[of] p2a: Rillaboom
|
|-heal|p2a: Rillaboom|58/100|[from] Grassy Terrain
|-heal|p1a: Dondozo|78/100|[from] Grassy Terrain
|upkeep
|turn|18
|j| chillncurry
|
|t:|1781021062
|switch|p1a: Raging Bolt|Raging Bolt|100/100
|-damage|p1a: Raging Bolt|88/100|[from] Spikes
|move|p2a: Rillaboom|Grassy Glide|p1a: Raging Bolt
|-resisted|p1a: Raging Bolt
|-damage|p1a: Raging Bolt|73/100
|
|-heal|p2a: Rillaboom|64/100|[from] Grassy Terrain
|-heal|p1a: Raging Bolt|79/100|[from] Grassy Terrain
|-heal|p1a: Raging Bolt|86/100|[from] item: Leftovers
|upkeep
|turn|19
|
|t:|1781021068
|switch|p2a: Clefable|Clefable, M|100/100
|move|p1a: Raging Bolt|Dragon Pulse|p2a: Clefable
|-immune|p2a: Clefable
|
|-heal|p1a: Raging Bolt|92/100|[from] Grassy Terrain
|-heal|p1a: Raging Bolt|98/100|[from] item: Leftovers
|upkeep
|turn|20
|
|t:|1781021075
|-end|p1a: Raging Bolt|Protosynthesis|[silent]
|switch|p1a: Tyranitar|Tyranitar, F|100/100
|-damage|p1a: Tyranitar|88/100|[from] Spikes
|-weather|Sandstorm|[from] ability: Sand Stream|[of] p1a: Tyranitar
|move|p2a: Clefable|Calm Mind|p2a: Clefable
|-boost|p2a: Clefable|spa|1
|-boost|p2a: Clefable|spd|1
|
|-weather|Sandstorm|[upkeep]
|-heal|p1a: Tyranitar|94/100|[from] Grassy Terrain
|upkeep
|turn|21
|
|t:|1781021082
|move|p1a: Tyranitar|Iron Head|p2a: Clefable
|-supereffective|p2a: Clefable
|-damage|p2a: Clefable|42/100
|cant|p2a: Clefable|flinch
|
|-weather|Sandstorm|[upkeep]
|-heal|p1a: Tyranitar|100/100|[from] Grassy Terrain
|-heal|p2a: Clefable|48/100|[from] Grassy Terrain
|-heal|p2a: Clefable|54/100|[from] item: Leftovers
|upkeep
|turn|22
|
|t:|1781021090
|switch|p2a: Klefki|Klefki, F|86/100
|-damage|p2a: Klefki|80/100|[from] Stealth Rock
|move|p1a: Tyranitar|Iron Head|p2a: Klefki
|-damage|p2a: Klefki|54/100
|
|-weather|Sandstorm|[upkeep]
|-heal|p2a: Klefki|60/100|[from] Grassy Terrain
|upkeep
|turn|23
|
|t:|1781021096
|switch|p1a: Raging Bolt|Raging Bolt|98/100
|-damage|p1a: Raging Bolt|86/100|[from] Spikes
|move|p2a: Klefki|Reflect|p2a: Klefki
|-sidestart|p2: Johnny tots|Reflect
|
|-weather|Sandstorm|[upkeep]
|-damage|p1a: Raging Bolt|79/100|[from] Sandstorm
|-heal|p1a: Raging Bolt|86/100|[from] Grassy Terrain
|-heal|p2a: Klefki|66/100|[from] Grassy Terrain
|-heal|p1a: Raging Bolt|92/100|[from] item: Leftovers
|upkeep
|turn|24
|
|t:|1781021099
|switch|p2a: Ogerpon|Ogerpon-Wellspring, F|42/100
|-damage|p2a: Ogerpon|30/100|[from] Stealth Rock
|move|p1a: Raging Bolt|Calm Mind|p1a: Raging Bolt
|-boost|p1a: Raging Bolt|spa|1
|-boost|p1a: Raging Bolt|spd|1
|
|-weather|none
|-heal|p2a: Ogerpon|36/100|[from] Grassy Terrain
|-heal|p1a: Raging Bolt|98/100|[from] Grassy Terrain
|-heal|p1a: Raging Bolt|100/100|[from] item: Leftovers
|-fieldend|move: Grassy Terrain
|upkeep
|turn|25
|
|t:|1781021103
|-end|p1a: Raging Bolt|Protosynthesis|[silent]
|switch|p1a: Deoxys|Deoxys-Speed|91/100 par
|-damage|p1a: Deoxys|78/100 par|[from] Spikes
|-ability|p1a: Deoxys|Pressure
|move|p2a: Ogerpon|Encore||[still]
|-fail|p2a: Ogerpon
|
|upkeep
|turn|26
|
|t:|1781021105
|move|p2a: Ogerpon|Ivy Cudgel|p1a: Deoxys|[anim] Ivy Cudgel Water
|-damage|p1a: Deoxys|0 fnt
|faint|p1a: Deoxys
|
|upkeep
|
|t:|1781021107
|switch|p1a: Raging Bolt|Raging Bolt|100/100
|-damage|p1a: Raging Bolt|88/100|[from] Spikes
|turn|27
|
|t:|1781021116
|switch|p2a: Rillaboom|Rillaboom, F|64/100
|-damage|p2a: Rillaboom|52/100|[from] Stealth Rock
|-fieldstart|move: Grassy Terrain|[from] ability: Grassy Surge|[of] p2a: Rillaboom
|move|p1a: Raging Bolt|Dragon Pulse|p2a: Rillaboom
|-damage|p2a: Rillaboom|0 fnt
|faint|p2a: Rillaboom
|
|-heal|p1a: Raging Bolt|94/100|[from] Grassy Terrain
|-heal|p1a: Raging Bolt|100/100|[from] item: Leftovers
|-sideend|p2: Johnny tots|Reflect
|upkeep
|
|t:|1781021122
|switch|p2a: Clefable|Clefable, M|54/100
|turn|28
|
|t:|1781021124
|-end|p1a: Raging Bolt|Protosynthesis|[silent]
|switch|p1a: Tyranitar|Tyranitar, F|100/100
|-damage|p1a: Tyranitar|88/100|[from] Spikes
|-weather|Sandstorm|[from] ability: Sand Stream|[of] p1a: Tyranitar
|move|p2a: Clefable|Moonblast|p1a: Tyranitar
|-supereffective|p1a: Tyranitar
|-damage|p1a: Tyranitar|57/100
|-unboost|p1a: Tyranitar|spa|1
|
|-weather|Sandstorm|[upkeep]
|-heal|p1a: Tyranitar|63/100|[from] Grassy Terrain
|-heal|p2a: Clefable|61/100|[from] Grassy Terrain
|-heal|p2a: Clefable|67/100|[from] item: Leftovers
|upkeep
|turn|29
|
|t:|1781021129
|switch|p2a: Klefki|Klefki, F|66/100
|-damage|p2a: Klefki|60/100|[from] Stealth Rock
|move|p1a: Tyranitar|Iron Head|p2a: Klefki
|-damage|p2a: Klefki|34/100
|
|-weather|Sandstorm|[upkeep]
|-heal|p2a: Klefki|39/100|[from] Grassy Terrain
|-heal|p1a: Tyranitar|69/100|[from] Grassy Terrain
|upkeep
|turn|30
|
|t:|1781021131
|switch|p2a: Clefable|Clefable, M|67/100
|switch|p1a: Raging Bolt|Raging Bolt|100/100
|-damage|p1a: Raging Bolt|88/100|[from] Spikes
|
|-weather|Sandstorm|[upkeep]
|-damage|p1a: Raging Bolt|82/100|[from] Sandstorm
|-heal|p1a: Raging Bolt|88/100|[from] Grassy Terrain
|-heal|p1a: Raging Bolt|94/100|[from] item: Leftovers
|-heal|p2a: Clefable|73/100|[from] Grassy Terrain
|-heal|p2a: Clefable|79/100|[from] item: Leftovers
|upkeep
|turn|31
|
|t:|1781021134
|-end|p1a: Raging Bolt|Protosynthesis|[silent]
|switch|p1a: Tyranitar|Tyranitar, F|69/100
|-damage|p1a: Tyranitar|57/100|[from] Spikes
|move|p2a: Clefable|Moonblast|p1a: Tyranitar
|-supereffective|p1a: Tyranitar
|-crit|p1a: Tyranitar
|-damage|p1a: Tyranitar|11/100
|
|-weather|Sandstorm|[upkeep]
|-heal|p1a: Tyranitar|17/100|[from] Grassy Terrain
|-heal|p2a: Clefable|85/100|[from] Grassy Terrain
|-heal|p2a: Clefable|91/100|[from] item: Leftovers
|upkeep
|turn|32
|
|t:|1781021139
|move|p1a: Tyranitar|Iron Head|p2a: Clefable
|-supereffective|p2a: Clefable
|-damage|p2a: Clefable|30/100
|move|p2a: Clefable|Moonblast|p1a: Tyranitar
|-supereffective|p1a: Tyranitar
|-damage|p1a: Tyranitar|0 fnt
|faint|p1a: Tyranitar
|
|-weather|none
|-heal|p2a: Clefable|37/100|[from] Grassy Terrain
|-heal|p2a: Clefable|43/100|[from] item: Leftovers
|upkeep
|
|t:|1781021142
|switch|p1a: Raging Bolt|Raging Bolt|94/100
|-damage|p1a: Raging Bolt|82/100|[from] Spikes
|turn|33
|
|t:|1781021149
|move|p1a: Raging Bolt|Thunderbolt|p2a: Clefable
|-damage|p2a: Clefable|0 fnt
|faint|p2a: Clefable
|
|-heal|p1a: Raging Bolt|88/100|[from] Grassy Terrain
|-heal|p1a: Raging Bolt|94/100|[from] item: Leftovers
|upkeep
|
|t:|1781021151
|switch|p2a: Manaphy|Manaphy|100/100
|-damage|p2a: Manaphy|88/100|[from] Stealth Rock
|turn|34
|
|t:|1781021154
|-terastallize|p2a: Manaphy|Grass
|move|p2a: Manaphy|Take Heart|p2a: Manaphy
|-boost|p2a: Manaphy|spa|1
|-boost|p2a: Manaphy|spd|1
|move|p1a: Raging Bolt|Thunderbolt|p2a: Manaphy
|-resisted|p2a: Manaphy
|-damage|p2a: Manaphy|71/100
|
|-heal|p2a: Manaphy|77/100|[from] Grassy Terrain
|-heal|p2a: Manaphy|83/100|[from] item: Leftovers
|-heal|p1a: Raging Bolt|100/100|[from] Grassy Terrain
|-fieldend|move: Grassy Terrain
|upkeep
|turn|35
|
|t:|1781021156
|move|p2a: Manaphy|Take Heart|p2a: Manaphy
|-boost|p2a: Manaphy|spa|1
|-boost|p2a: Manaphy|spd|1
|move|p1a: Raging Bolt|Calm Mind|p1a: Raging Bolt
|-boost|p1a: Raging Bolt|spa|1
|-boost|p1a: Raging Bolt|spd|1
|
|-heal|p2a: Manaphy|89/100|[from] item: Leftovers
|upkeep
|turn|36
|
|t:|1781021158
|move|p2a: Manaphy|Take Heart|p2a: Manaphy
|-boost|p2a: Manaphy|spa|1
|-boost|p2a: Manaphy|spd|1
|move|p1a: Raging Bolt|Calm Mind|p1a: Raging Bolt
|-boost|p1a: Raging Bolt|spa|1
|-boost|p1a: Raging Bolt|spd|1
|
|-heal|p2a: Manaphy|95/100|[from] item: Leftovers
|upkeep
|turn|37
|
|t:|1781021160
|move|p2a: Manaphy|Take Heart|p2a: Manaphy
|-boost|p2a: Manaphy|spa|1
|-boost|p2a: Manaphy|spd|1
|move|p1a: Raging Bolt|Calm Mind|p1a: Raging Bolt
|-boost|p1a: Raging Bolt|spa|1
|-boost|p1a: Raging Bolt|spd|1
|
|-heal|p2a: Manaphy|100/100|[from] item: Leftovers
|upkeep
|turn|38
|
|t:|1781021162
|move|p2a: Manaphy|Take Heart|p2a: Manaphy
|-boost|p2a: Manaphy|spa|1
|-boost|p2a: Manaphy|spd|1
|move|p1a: Raging Bolt|Calm Mind|p1a: Raging Bolt
|-boost|p1a: Raging Bolt|spa|1
|-boost|p1a: Raging Bolt|spd|1
|
|upkeep
|turn|39
|
|t:|1781021165
|move|p2a: Manaphy|Stored Power|p1a: Raging Bolt
|-damage|p1a: Raging Bolt|28/100
|move|p1a: Raging Bolt|Calm Mind|p1a: Raging Bolt
|-boost|p1a: Raging Bolt|spa|1
|-boost|p1a: Raging Bolt|spd|1
|
|-heal|p1a: Raging Bolt|34/100|[from] item: Leftovers
|upkeep
|turn|40
|
|t:|1781021167
|move|p1a: Raging Bolt|Thunderclap|p2a: Manaphy
|-resisted|p2a: Manaphy
|-damage|p2a: Manaphy|81/100
|move|p2a: Manaphy|Stored Power|p1a: Raging Bolt
|-damage|p1a: Raging Bolt|0 fnt
|faint|p1a: Raging Bolt
|-end|p1a: Raging Bolt|Protosynthesis|[silent]
|
|-heal|p2a: Manaphy|88/100|[from] item: Leftovers
|upkeep
|-message|spudcutter forfeited.
|
|win|Johnny tots
|raw|spudcutter's rating: 1735 &rarr; <strong>1718</strong><br />(-17 for losing)
|raw|Johnny tots's rating: 1794 &rarr; <strong>1811</strong><br />(+17 for winning)
|l|☆spudcutter
|player|p1|
|l|☆Johnny tots
|player|p2|
|l| newhere1310
|l| agape boy
|l| chillncurry
