|j|☆Acastillo631
|j|☆KurisuChestnutLab
|t:|1781112227
|gametype|singles
|player|p1|Acastillo631|silver|1538
|player|p2|KurisuChestnutLab|may-contest|1603
|gen|9
|tier|[Gen 9] OU
|rated|
|rule|HP Percentage Mod: HP is shown in percentages
|rule|Endless Battle Clause: Forcing endless battles is banned
|rule|Species Clause: Limit one of each Pokémon
|rule|OHKO Clause: OHKO moves are banned
|rule|Evasion Items Clause: Evasion items are banned
|rule|Evasion Moves Clause: Evasion moves are banned
|rule|Evasion Abilities Clause: Evasion abilities are banned
|rule|Sleep Moves Clause: Sleep-inducing moves are banned
|clearpoke
|poke|p1|Iron Valiant|
|poke|p1|Sinistcha|
|poke|p1|Tyranitar, F|
|poke|p1|Klefki, M|
|poke|p1|Swampert, M|
|poke|p1|Talonflame, F|
|poke|p2|Primarina, F|
|poke|p2|Hippowdon, F|
|poke|p2|Skarmory, M|
|poke|p2|Zapdos|
|poke|p2|Dragonite, F|
|poke|p2|Slowking, M|
|teampreview
|inactive|Battle timer is ON: inactive players will automatically lose when time's up. (requested by KurisuChestnutLab)
|j| Vitriso
|inactive|Acastillo631 has 120 seconds left.
|
|t:|1781112279
|teamsize|p1|6
|teamsize|p2|6
|start
|switch|p1a: Duff Mcwhalen|Swampert, M|100/100
|switch|p2a: Zapdos|Zapdos|100/100
|turn|1
|
|t:|1781112283
|move|p2a: Zapdos|Hurricane|p1a: Duff Mcwhalen
|-damage|p1a: Duff Mcwhalen|72/100
|move|p1a: Duff Mcwhalen|Stealth Rock|p2a: Zapdos
|-sidestart|p2: KurisuChestnutLab|move: Stealth Rock
|
|-heal|p1a: Duff Mcwhalen|78/100|[from] item: Leftovers
|upkeep
|turn|2
|
|t:|1781112291
|move|p2a: Zapdos|Hurricane|p1a: Duff Mcwhalen
|-damage|p1a: Duff Mcwhalen|48/100
|move|p1a: Duff Mcwhalen|Knock Off|p2a: Zapdos
|-damage|p2a: Zapdos|84/100
|-enditem|p2a: Zapdos|Heavy-Duty Boots|[from] move: Knock Off|[of] p1a: Duff Mcwhalen
|
|-heal|p1a: Duff Mcwhalen|54/100|[from] item: Leftovers
|upkeep
|turn|3
|
|t:|1781112297
|switch|p1a: Eregion|Tyranitar, F|100/100
|-weather|Sandstorm|[from] ability: Sand Stream|[of] p1a: Eregion
|move|p2a: Zapdos|Hurricane|p1a: Eregion
|-resisted|p1a: Eregion
|-damage|p1a: Eregion|91/100
|
|-weather|Sandstorm|[upkeep]
|-damage|p2a: Zapdos|78/100|[from] Sandstorm
|-heal|p1a: Eregion|97/100|[from] item: Leftovers
|upkeep
|turn|4
|
|t:|1781112305
|move|p2a: Zapdos|Volt Switch|p1a: Eregion
|-damage|p1a: Eregion|84/100
|
|t:|1781112312
|switch|p2a: Skarmory|Skarmory, M|100/100|[from] Volt Switch
|-damage|p2a: Skarmory|88/100|[from] Stealth Rock
|move|p1a: Eregion|Ice Beam|p2a: Skarmory
|-damage|p2a: Skarmory|62/100
|
|-weather|Sandstorm|[upkeep]
|-heal|p2a: Skarmory|68/100|[from] item: Leftovers
|-heal|p1a: Eregion|91/100|[from] item: Leftovers
|upkeep
|turn|5
|
|t:|1781112321
|switch|p1a: Wire Sponge|Sinistcha|100/100
|move|p2a: Skarmory|Spikes|p1a: Wire Sponge
|-sidestart|p1: Acastillo631|Spikes
|
|-weather|Sandstorm|[upkeep]
|-damage|p1a: Wire Sponge|94/100|[from] Sandstorm
|-heal|p2a: Skarmory|74/100|[from] item: Leftovers
|upkeep
|turn|6
|
|t:|1781112326
|move|p1a: Wire Sponge|Shadow Ball|p2a: Skarmory
|-damage|p2a: Skarmory|31/100
|move|p2a: Skarmory|Spikes|p1a: Wire Sponge
|-sidestart|p1: Acastillo631|Spikes
|
|-weather|Sandstorm|[upkeep]
|-damage|p1a: Wire Sponge|88/100|[from] Sandstorm
|-heal|p2a: Skarmory|37/100|[from] item: Leftovers
|upkeep
|turn|7
|j| nesnot
|
|t:|1781112332
|switch|p2a: Zapdos|Zapdos|78/100
|-damage|p2a: Zapdos|53/100|[from] Stealth Rock
|move|p1a: Wire Sponge|Shadow Ball|p2a: Zapdos
|-damage|p2a: Zapdos|21/100
|
|-weather|none
|upkeep
|turn|8
|l| nesnot
|
|t:|1781112349
|switch|p1a: Eregion|Tyranitar, F|91/100
|-damage|p1a: Eregion|74/100|[from] Spikes
|-weather|Sandstorm|[from] ability: Sand Stream|[of] p1a: Eregion
|move|p2a: Zapdos|Hurricane|p1a: Eregion
|-resisted|p1a: Eregion
|-damage|p1a: Eregion|65/100
|
|-weather|Sandstorm|[upkeep]
|-damage|p2a: Zapdos|15/100|[from] Sandstorm
|-heal|p1a: Eregion|71/100|[from] item: Leftovers
|upkeep
|turn|9
|
|t:|1781112354
|move|p2a: Zapdos|Roost|p2a: Zapdos
|-heal|p2a: Zapdos|65/100
|-singleturn|p2a: Zapdos|move: Roost
|move|p1a: Eregion|Roar|p2a: Zapdos
|drag|p2a: Skarmory|Skarmory, M|37/100
|-damage|p2a: Skarmory|25/100|[from] Stealth Rock
|
|-weather|Sandstorm|[upkeep]
|-heal|p2a: Skarmory|31/100|[from] item: Leftovers
|-heal|p1a: Eregion|77/100|[from] item: Leftovers
|upkeep
|turn|10
|inactive|Acastillo631 has 120 seconds left.
|
|t:|1781112386
|switch|p1a: Wire Sponge|Sinistcha|88/100
|move|p2a: Skarmory|Roost|p2a: Skarmory
|-heal|p2a: Skarmory|81/100
|-singleturn|p2a: Skarmory|move: Roost
|
|-weather|Sandstorm|[upkeep]
|-damage|p1a: Wire Sponge|82/100|[from] Sandstorm
|-heal|p2a: Skarmory|87/100|[from] item: Leftovers
|upkeep
|turn|11
|l| Vitriso
|
|t:|1781112392
|move|p1a: Wire Sponge|Shadow Ball|p2a: Skarmory
|-damage|p2a: Skarmory|40/100
|move|p2a: Skarmory|Spikes|p1a: Wire Sponge
|-sidestart|p1: Acastillo631|Spikes
|
|-weather|Sandstorm|[upkeep]
|-damage|p1a: Wire Sponge|76/100|[from] Sandstorm
|-heal|p2a: Skarmory|46/100|[from] item: Leftovers
|upkeep
|turn|12
|
|t:|1781112398
|move|p1a: Wire Sponge|Shadow Ball|p2a: Skarmory
|-damage|p2a: Skarmory|0 fnt
|faint|p2a: Skarmory
|
|-weather|none
|upkeep
|
|t:|1781112402
|switch|p2a: Zapdos|Zapdos|65/100
|-damage|p2a: Zapdos|40/100|[from] Stealth Rock
|turn|13
|inactive|Acastillo631 has 120 seconds left.
|
|t:|1781112443
|switch|p1a: Eregion|Tyranitar, F|77/100
|-damage|p1a: Eregion|52/100|[from] Spikes
|-weather|Sandstorm|[from] ability: Sand Stream|[of] p1a: Eregion
|move|p2a: Zapdos|Hurricane|p1a: Eregion|[miss]
|-miss|p2a: Zapdos|p1a: Eregion
|
|-weather|Sandstorm|[upkeep]
|-damage|p2a: Zapdos|34/100|[from] Sandstorm
|-heal|p1a: Eregion|59/100|[from] item: Leftovers
|upkeep
|turn|14
|
|t:|1781112455
|move|p2a: Zapdos|Roost|p2a: Zapdos
|-heal|p2a: Zapdos|84/100
|-singleturn|p2a: Zapdos|move: Roost
|move|p1a: Eregion|Roar|p2a: Zapdos
|drag|p2a: Primarina|Primarina, F|100/100
|-damage|p2a: Primarina|88/100|[from] Stealth Rock
|
|-weather|Sandstorm|[upkeep]
|-damage|p2a: Primarina|82/100|[from] Sandstorm
|-heal|p1a: Eregion|65/100|[from] item: Leftovers
|upkeep
|turn|15
|
|t:|1781112476
|switch|p1a: Talonflame|Talonflame, F|100/100
|move|p2a: Primarina|Moonblast|p1a: Talonflame
|-resisted|p1a: Talonflame
|-damage|p1a: Talonflame|67/100
|
|-weather|Sandstorm|[upkeep]
|-damage|p1a: Talonflame|61/100|[from] Sandstorm
|-damage|p2a: Primarina|76/100|[from] Sandstorm
|upkeep
|turn|16
|
|t:|1781112481
|move|p1a: Talonflame|Defog|p2a: Primarina
|-unboost|p2a: Primarina|evasion|1
|-sideend|p2: KurisuChestnutLab|Stealth Rock|[from] move: Defog|[of] p1a: Talonflame
|-sideend|p1: Acastillo631|Spikes|[from] move: Defog|[of] p1a: Talonflame
|move|p2a: Primarina|Surf|p1a: Talonflame
|-supereffective|p1a: Talonflame
|-damage|p1a: Talonflame|0 fnt
|faint|p1a: Talonflame
|
|-weather|Sandstorm|[upkeep]
|-damage|p2a: Primarina|70/100|[from] Sandstorm
|upkeep
|
|t:|1781112486
|switch|p1a: Duff Mcwhalen|Swampert, M|54/100
|turn|17
|
|t:|1781112490
|move|p2a: Primarina|Moonblast|p1a: Duff Mcwhalen
|-damage|p1a: Duff Mcwhalen|17/100
|move|p1a: Duff Mcwhalen|Stealth Rock|p2a: Primarina
|-sidestart|p2: KurisuChestnutLab|move: Stealth Rock
|
|-weather|none
|-heal|p1a: Duff Mcwhalen|23/100|[from] item: Leftovers
|upkeep
|turn|18
|inactive|Acastillo631 has 120 seconds left.
|
|t:|1781112512
|move|p2a: Primarina|Surf|p1a: Duff Mcwhalen
|-damage|p1a: Duff Mcwhalen|0 fnt
|faint|p1a: Duff Mcwhalen
|
|upkeep
|
|t:|1781112526
|switch|p1a: Wire Sponge|Sinistcha|76/100
|turn|19
|
|t:|1781112530
|move|p1a: Wire Sponge|Matcha Gotcha|p2a: Primarina
|-supereffective|p2a: Primarina
|-damage|p2a: Primarina|30/100
|-heal|p1a: Wire Sponge|97/100|[from] drain|[of] p2a: Primarina
|move|p2a: Primarina|Moonblast|p1a: Wire Sponge
|-damage|p1a: Wire Sponge|31/100
|
|upkeep
|turn|20
|
|t:|1781112537
|switch|p2a: Zapdos|Zapdos|84/100
|-damage|p2a: Zapdos|59/100|[from] Stealth Rock
|move|p1a: Wire Sponge|Matcha Gotcha|p2a: Zapdos|[miss]
|-miss|p1a: Wire Sponge|p2a: Zapdos
|
|upkeep
|turn|21
|inactive|Acastillo631 has 120 seconds left.
|
|t:|1781112544
|switch|p1a: Eregion|Tyranitar, F|65/100
|-weather|Sandstorm|[from] ability: Sand Stream|[of] p1a: Eregion
|move|p2a: Zapdos|Heat Wave|p1a: Eregion
|-resisted|p1a: Eregion
|-damage|p1a: Eregion|60/100
|
|-weather|Sandstorm|[upkeep]
|-damage|p2a: Zapdos|53/100|[from] Sandstorm
|-heal|p1a: Eregion|66/100|[from] item: Leftovers
|upkeep
|turn|22
|inactive|Acastillo631 has 120 seconds left.
|
|t:|1781112557
|switch|p1a: Sage Harpuia|Iron Valiant|100/100
|-enditem|p1a: Sage Harpuia|Booster Energy
|-activate|p1a: Sage Harpuia|ability: Quark Drive|[fromitem]
|-start|p1a: Sage Harpuia|quarkdrivespe
|move|p2a: Zapdos|Roost|p2a: Zapdos
|-heal|p2a: Zapdos|100/100
|-singleturn|p2a: Zapdos|move: Roost
|
|-weather|Sandstorm|[upkeep]
|-damage|p1a: Sage Harpuia|94/100|[from] Sandstorm
|-damage|p2a: Zapdos|94/100|[from] Sandstorm
|upkeep
|turn|23
|
|t:|1781112560
|move|p1a: Sage Harpuia|Encore|p2a: Zapdos
|-start|p2a: Zapdos|Encore
|move|p2a: Zapdos|Roost|p2a: Zapdos
|-heal|p2a: Zapdos|100/100
|-singleturn|p2a: Zapdos|move: Roost
|
|-weather|Sandstorm|[upkeep]
|-damage|p1a: Sage Harpuia|88/100|[from] Sandstorm
|-damage|p2a: Zapdos|94/100|[from] Sandstorm
|upkeep
|turn|24
|
|t:|1781112567
|switch|p2a: Slowking|Slowking, M|100/100
|move|p1a: Sage Harpuia|Moonblast|p2a: Slowking
|-damage|p2a: Slowking|72/100
|
|-weather|Sandstorm|[upkeep]
|-damage|p1a: Sage Harpuia|82/100|[from] Sandstorm
|-damage|p2a: Slowking|66/100|[from] Sandstorm
|upkeep
|turn|25
|
|t:|1781112588
|-end|p1a: Sage Harpuia|Quark Drive|[silent]
|switch|p1a: Eregion|Tyranitar, F|66/100
|-prepare|p2a: Slowking|Chilly Reception|[premajor]
|move|p2a: Slowking|Chilly Reception|p2a: Slowking
|-weather|Snowscape
|
|t:|1781112591
|switch|p2a: Primarina|Primarina, F|30/100|[from] Chilly Reception
|-damage|p2a: Primarina|18/100|[from] Stealth Rock
|
|-weather|Snowscape|[upkeep]
|-heal|p1a: Eregion|72/100|[from] item: Leftovers
|upkeep
|turn|26
|inactive|Acastillo631 has 120 seconds left.
|
|t:|1781112620
|move|p2a: Primarina|Surf|p1a: Eregion
|-supereffective|p1a: Eregion
|-damage|p1a: Eregion|0 fnt
|faint|p1a: Eregion
|
|-weather|Snowscape|[upkeep]
|upkeep
|
|t:|1781112623
|switch|p1a: Sage Harpuia|Iron Valiant|82/100
|turn|27
|
|t:|1781112630
|switch|p2a: Slowking|Slowking, M|99/100
|move|p1a: Sage Harpuia|Moonblast|p2a: Slowking
|-damage|p2a: Slowking|73/100
|
|-weather|Snowscape|[upkeep]
|upkeep
|turn|28
|
|t:|1781112634
|-end|p1a: Sage Harpuia|Quark Drive|[silent]
|switch|p1a: Redips|Klefki, M|100/100
|-prepare|p2a: Slowking|Chilly Reception|[premajor]
|move|p2a: Slowking|Chilly Reception|p2a: Slowking
|
|t:|1781112640
|switch|p2a: Primarina|Primarina, F|18/100|[from] Chilly Reception
|-damage|p2a: Primarina|6/100|[from] Stealth Rock
|
|-weather|Snowscape|[upkeep]
|upkeep
|turn|29
|
|t:|1781112645
|move|p1a: Redips|Dazzling Gleam|p2a: Primarina
|-damage|p2a: Primarina|0 fnt
|faint|p2a: Primarina
|
|-weather|none
|upkeep
|
|t:|1781112651
|switch|p2a: Dragonite|Dragonite, F|100/100
|turn|30
|
|t:|1781112658
|switch|p2a: Zapdos|Zapdos|94/100
|-damage|p2a: Zapdos|70/100|[from] Stealth Rock
|move|p1a: Redips|Thunder Wave|p2a: Zapdos
|-immune|p2a: Zapdos
|
|upkeep
|turn|31
|
|t:|1781112665
|move|p2a: Zapdos|Heat Wave|p1a: Redips
|-supereffective|p1a: Redips
|-damage|p1a: Redips|41/100
|move|p1a: Redips|Dazzling Gleam|p2a: Zapdos
|-damage|p2a: Zapdos|47/100
|
|upkeep
|turn|32
|
|t:|1781112671
|switch|p1a: Sage Harpuia|Iron Valiant|82/100
|move|p2a: Zapdos|Hurricane|p1a: Sage Harpuia
|-supereffective|p1a: Sage Harpuia
|-damage|p1a: Sage Harpuia|0 fnt
|faint|p1a: Sage Harpuia
|-end|p1a: Sage Harpuia|Quark Drive|[silent]
|
|upkeep
|-message|Acastillo631 forfeited.
|
|win|KurisuChestnutLab
|raw|Acastillo631's rating: 1538 &rarr; <strong>1522</strong><br />(-16 for losing)
|raw|KurisuChestnutLab's rating: 1601 &rarr; <strong>1617</strong><br />(+16 for winning)
|l|☆Acastillo631
|player|p1|
