|j|☆ChessDennis
|j|☆gye5
|t:|1780964333
|gametype|singles
|player|p1|ChessDennis|102|1546
|player|p2|gye5|blue|1534
|gen|9
|tier|[Gen 9] OU
|rated|
|rule|HP Percentage Mod: HP is shown in percentages
|rule|Endless Battle Clause: Forcing endless battles is banned
|rule|Species Clause: Limit one of each Pokémon
|rule|OHKO Clause: OHKO moves are banned
|rule|Evasion Items Clause: Evasion items are banned
|rule|Evasion Moves Clause: Evasion moves are banned
|rule|Evasion Abilities Clause: Evasion abilities are banned
|rule|Sleep Moves Clause: Sleep-inducing moves are banned
|clearpoke
|poke|p1|Ninetales-Alola, F|
|poke|p1|Iron Crown|
|poke|p1|Clodsire, M|
|poke|p1|Ursaluna, M|
|poke|p1|Alomomola, M|
|poke|p1|Hatterene, F|
|poke|p2|Avalugg, M|
|poke|p2|Primarina, M|
|poke|p2|Great Tusk|
|poke|p2|Scizor, M|
|poke|p2|Dragapult, M|
|poke|p2|Iron Crown|
|teampreview
|inactive|Battle timer is ON: inactive players will automatically lose when time's up. (requested by gye5)
|
|t:|1780964354
|teamsize|p1|6
|teamsize|p2|6
|start
|switch|p1a: Alomomola|Alomomola, M|100/100
|switch|p2a: Primarina|Primarina, M, shiny|100/100
|turn|1
|
|t:|1780964371
|move|p2a: Primarina|Energy Ball|p1a: Alomomola
|-supereffective|p1a: Alomomola
|-damage|p1a: Alomomola|38/100
|move|p1a: Alomomola|Flip Turn|p2a: Primarina
|-resisted|p2a: Primarina
|-damage|p2a: Primarina|80/100
|
|t:|1780964379
|switch|p1a: Clodsire|Clodsire, M|100/100|[from] Flip Turn
|
|upkeep
|turn|2
|
|t:|1780964387
|switch|p2a: Great Tusk|Great Tusk, shiny|100/100
|move|p1a: Clodsire|Gunk Shot|p2a: Great Tusk
|-resisted|p2a: Great Tusk
|-damage|p2a: Great Tusk|85/100
|
|-heal|p2a: Great Tusk|92/100|[from] item: Leftovers
|upkeep
|turn|3
|
|t:|1780964395
|switch|p1a: Ninetales|Ninetales-Alola, F|100/100
|-weather|Snowscape|[from] ability: Snow Warning|[of] p1a: Ninetales
|move|p2a: Great Tusk|Headlong Rush|p1a: Ninetales
|-damage|p1a: Ninetales|45/100
|-unboost|p2a: Great Tusk|def|1
|-unboost|p2a: Great Tusk|spd|1
|
|-weather|Snowscape|[upkeep]
|-heal|p2a: Great Tusk|98/100|[from] item: Leftovers
|upkeep
|turn|4
|
|t:|1780964405
|-end|p2a: Great Tusk|Protosynthesis|[silent]
|switch|p2a: Iron Crown|Iron Crown|100/100
|move|p1a: Ninetales|Pain Split|p2a: Iron Crown
|-sethp|p2a: Iron Crown|71/100|[from] move: Pain Split|[silent]
|-sethp|p1a: Ninetales|76/100|[from] move: Pain Split
|
|-weather|Snowscape|[upkeep]
|upkeep
|turn|5
|
|t:|1780964411
|switch|p1a: Iron Crown|Iron Crown|100/100
|move|p2a: Iron Crown|Tachyon Cutter|p1a: Iron Crown
|-resisted|p1a: Iron Crown
|-damage|p1a: Iron Crown|90/100
|-resisted|p1a: Iron Crown
|-crit|p1a: Iron Crown
|-damage|p1a: Iron Crown|71/100
|-hitcount|p1a: Iron Crown|2
|
|-weather|Snowscape|[upkeep]
|upkeep
|turn|6
|
|t:|1780964420
|-end|p2a: Iron Crown|Quark Drive|[silent]
|switch|p2a: Primarina|Primarina, M, shiny|80/100
|move|p1a: Iron Crown|Agility|p1a: Iron Crown
|-boost|p1a: Iron Crown|spe|2
|
|-weather|Snowscape|[upkeep]
|upkeep
|turn|7
|
|t:|1780964426
|move|p1a: Iron Crown|Calm Mind|p1a: Iron Crown
|-boost|p1a: Iron Crown|spa|1
|-boost|p1a: Iron Crown|spd|1
|move|p2a: Primarina|Surf|p1a: Iron Crown
|-damage|p1a: Iron Crown|41/100
|
|-weather|none
|upkeep
|turn|8
|
|t:|1780964433
|-terastallize|p1a: Iron Crown|Steel
|move|p1a: Iron Crown|Tachyon Cutter|p2a: Primarina
|-damage|p2a: Primarina|56/100
|-damage|p2a: Primarina|32/100
|-hitcount|p2a: Primarina|2
|move|p2a: Primarina|Surf|p1a: Iron Crown
|-damage|p1a: Iron Crown|0 fnt
|faint|p1a: Iron Crown
|-end|p1a: Iron Crown|Quark Drive|[silent]
|
|upkeep
|c|☆ChessDennis|Torrent?
|
|t:|1780964462
|switch|p1a: Alomomola|Alomomola, M|71/100
|turn|9
|
|t:|1780964482
|move|p2a: Primarina|Energy Ball|p1a: Alomomola
|-supereffective|p1a: Alomomola
|-damage|p1a: Alomomola|7/100
|move|p1a: Alomomola|Giga Impact|p2a: Primarina
|-damage|p2a: Primarina|0 fnt
|-mustrecharge|p1a: Alomomola
|faint|p2a: Primarina
|
|upkeep
|
|t:|1780964496
|switch|p2a: Great Tusk|Great Tusk, shiny|98/100
|turn|10
|
|t:|1780964499
|move|p2a: Great Tusk|Stealth Rock|p1a: Alomomola
|-sidestart|p1: ChessDennis|move: Stealth Rock
|cant|p1a: Alomomola|recharge
|
|-heal|p2a: Great Tusk|100/100|[from] item: Leftovers
|upkeep
|turn|11
|
|t:|1780964504
|switch|p1a: Ninetales|Ninetales-Alola, F|76/100
|-damage|p1a: Ninetales|52/100|[from] Stealth Rock
|-weather|Snowscape|[from] ability: Snow Warning|[of] p1a: Ninetales
|move|p2a: Great Tusk|Headlong Rush|p1a: Ninetales
|-damage|p1a: Ninetales|0 fnt
|-unboost|p2a: Great Tusk|def|1
|-unboost|p2a: Great Tusk|spd|1
|faint|p1a: Ninetales
|
|-weather|Snowscape|[upkeep]
|upkeep
|
|t:|1780964510
|switch|p1a: Hatterene|Hatterene, F|100/100
|turn|12
|
|t:|1780964520
|-end|p2a: Great Tusk|Protosynthesis|[silent]
|switch|p2a: Iron Crown|Iron Crown|71/100
|move|p1a: Hatterene|Trick Room|p1a: Hatterene
|-fieldstart|move: Trick Room|[of] p1a: Hatterene
|
|-weather|Snowscape|[upkeep]
|upkeep
|turn|13
|
|t:|1780964525
|switch|p1a: Ursaluna|Ursaluna, M|100/100
|-damage|p1a: Ursaluna|94/100|[from] Stealth Rock
|move|p2a: Iron Crown|Tachyon Cutter|p1a: Ursaluna
|-damage|p1a: Ursaluna|75/100
|-damage|p1a: Ursaluna|57/100
|-hitcount|p1a: Ursaluna|2
|
|-weather|Snowscape|[upkeep]
|-status|p1a: Ursaluna|brn|[from] item: Flame Orb
|upkeep
|turn|14
|
|t:|1780964535
|-end|p2a: Iron Crown|Quark Drive|[silent]
|switch|p2a: Avalugg|Avalugg, M, shiny|100/100
|move|p1a: Ursaluna|Earthquake|p2a: Avalugg
|-damage|p2a: Avalugg|80/100
|
|-weather|Snowscape|[upkeep]
|-damage|p1a: Ursaluna|50/100 brn|[from] brn
|upkeep
|turn|15
|
|t:|1780964542
|switch|p1a: Hatterene|Hatterene, F|100/100
|move|p2a: Avalugg|Body Press|p1a: Hatterene
|-resisted|p1a: Hatterene
|-damage|p1a: Hatterene|89/100
|
|-weather|none
|upkeep
|turn|16
|
|t:|1780964552
|switch|p1a: Alomomola|Alomomola, M|40/100
|-damage|p1a: Alomomola|28/100|[from] Stealth Rock
|switch|p2a: Iron Crown|Iron Crown|71/100
|
|-fieldend|move: Trick Room
|upkeep
|turn|17
|
|t:|1780964560
|switch|p1a: Clodsire|Clodsire, M|100/100
|move|p2a: Iron Crown|Psychic|p1a: Clodsire
|-supereffective|p1a: Clodsire
|-damage|p1a: Clodsire|33/100
|
|upkeep
|turn|18
|
|t:|1780964582
|switch|p1a: Hatterene|Hatterene, F|89/100
|move|p2a: Iron Crown|Psychic|p1a: Hatterene
|-resisted|p1a: Hatterene
|-crit|p1a: Hatterene
|-damage|p1a: Hatterene|51/100
|
|upkeep
|turn|19
|inactive|gye5 has 120 seconds left.
|inactive|gye5 has 90 seconds left.
|
|t:|1780964633
|-end|p2a: Iron Crown|Quark Drive|[silent]
|switch|p2a: Scizor|Scizor, M, shiny|100/100
|move|p1a: Hatterene|Trick Room|p1a: Hatterene
|-fieldstart|move: Trick Room|[of] p1a: Hatterene
|
|upkeep
|turn|20
|
|t:|1780964641
|switch|p1a: Clodsire|Clodsire, M|33/100
|move|p2a: Scizor|Bullet Punch|p1a: Clodsire
|-damage|p1a: Clodsire|0 fnt
|faint|p1a: Clodsire
|
|upkeep
|
|t:|1780964643
|switch|p1a: Ursaluna|Ursaluna, M|50/100 brn
|-damage|p1a: Ursaluna|44/100 brn|[from] Stealth Rock
|turn|21
|
|t:|1780964650
|switch|p2a: Avalugg|Avalugg, M, shiny|80/100
|move|p1a: Ursaluna|Earthquake|p2a: Avalugg
|-damage|p2a: Avalugg|47/100
|
|-damage|p1a: Ursaluna|38/100 brn|[from] brn
|upkeep
|turn|22
|
|t:|1780964660
|move|p2a: Avalugg|Ice Spinner|p1a: Ursaluna
|-supereffective|p1a: Ursaluna
|-damage|p1a: Ursaluna|0 fnt
|faint|p1a: Ursaluna
|
|upkeep
|-message|ChessDennis forfeited.
|
|win|gye5
|raw|ChessDennis's rating: 1546 &rarr; <strong>1525</strong><br />(-21 for losing)
|raw|gye5's rating: 1534 &rarr; <strong>1555</strong><br />(+21 for winning)
|l|☆ChessDennis
|player|p1|
|l|☆gye5
|player|p2|
