|j|☆KurisuChestnutOU
|j|‽Leap Call
|t:|1781178116
|gametype|singles
|player|p1|KurisuChestnutOU|may-contest|1545
|player|p2|Leap Call|266|1543
|gen|9
|tier|[Gen 9] OU
|rated|
|rule|HP Percentage Mod: HP is shown in percentages
|rule|Endless Battle Clause: Forcing endless battles is banned
|rule|Species Clause: Limit one of each Pokémon
|rule|OHKO Clause: OHKO moves are banned
|rule|Evasion Items Clause: Evasion items are banned
|rule|Evasion Moves Clause: Evasion moves are banned
|rule|Evasion Abilities Clause: Evasion abilities are banned
|rule|Sleep Moves Clause: Sleep-inducing moves are banned
|clearpoke
|poke|p1|Hawlucha, F|
|poke|p1|Samurott-Hisui, F|
|poke|p1|Rillaboom, F|
|poke|p1|Gholdengo|
|poke|p1|Kyurem|
|poke|p1|Landorus-Therian, M|
|poke|p2|Iron Crown|
|poke|p2|Lokix, F|
|poke|p2|Slowking-Galar, M|
|poke|p2|Corviknight, M|
|poke|p2|Raging Bolt|
|poke|p2|Great Tusk|
|teampreview
|
|t:|1781178122
|teamsize|p1|6
|teamsize|p2|6
|start
|switch|p1a: Landorus|Landorus-Therian, M|100/100
|switch|p2a: Lokix|Lokix, F, shiny|100/100
|-ability|p1a: Landorus|Intimidate|boost
|-unboost|p2a: Lokix|atk|1
|turn|1
|inactive|Battle timer is ON: inactive players will automatically lose when time's up. (requested by KurisuChestnutOU)
|
|t:|1781178128
|switch|p2a: Corviknight|Corviknight, M|100/100
|-ability|p2a: Corviknight|Pressure
|move|p1a: Landorus|Stealth Rock|p2a: Corviknight
|-sidestart|p2: Leap Call|move: Stealth Rock
|
|upkeep
|turn|2
|
|t:|1781178133
|switch|p1a: Gholdengo|Gholdengo|100/100
|move|p2a: Corviknight|U-turn|p1a: Gholdengo
|-resisted|p1a: Gholdengo
|-damage|p1a: Gholdengo|96/100
|
|t:|1781178151
|switch|p2a: Great Tusk|Great Tusk|100/100|[from] U-turn
|-damage|p2a: Great Tusk|98/100|[from] Stealth Rock
|-enditem|p2a: Great Tusk|Booster Energy
|-activate|p2a: Great Tusk|ability: Protosynthesis|[fromitem]
|-start|p2a: Great Tusk|protosynthesisatk
|
|upkeep
|turn|3
|
|t:|1781178155
|-terastallize|p1a: Gholdengo|Steel
|move|p1a: Gholdengo|Make It Rain|p2a: Great Tusk
|-damage|p2a: Great Tusk|0 fnt
|-unboost|p1a: Gholdengo|spa|1
|faint|p2a: Great Tusk
|-end|p2a: Great Tusk|Protosynthesis|[silent]
|
|upkeep
|
|t:|1781178172
|switch|p2a: Slowking|Slowking-Galar, M, shiny|100/100
|-damage|p2a: Slowking|88/100|[from] Stealth Rock
|turn|4
|
|t:|1781178176
|move|p1a: Gholdengo|Make It Rain|p2a: Slowking
|-crit|p2a: Slowking
|-damage|p2a: Slowking|28/100
|-unboost|p1a: Gholdengo|spa|1
|move|p2a: Slowking|Flamethrower|p1a: Gholdengo
|-supereffective|p1a: Gholdengo
|-damage|p1a: Gholdengo|34/100
|
|upkeep
|turn|5
|
|t:|1781178186
|switch|p1a: Samurott|Samurott-Hisui, F|100/100
|switch|p2a: Corviknight|Corviknight, M|100/100
|-damage|p2a: Corviknight|88/100|[from] Stealth Rock
|-ability|p2a: Corviknight|Pressure
|
|upkeep
|turn|6
|
|t:|1781178192
|move|p1a: Samurott|Ceaseless Edge|p2a: Corviknight
|-damage|p2a: Corviknight|65/100
|-damage|p1a: Samurott|84/100|[from] item: Rocky Helmet|[of] p2a: Corviknight
|-sidestart|p2: Leap Call|Spikes
|move|p2a: Corviknight|Defog|p1a: Samurott
|-unboost|p1a: Samurott|evasion|1
|-sideend|p2: Leap Call|Spikes|[from] move: Defog|[of] p2a: Corviknight
|-sideend|p2: Leap Call|Stealth Rock|[from] move: Defog|[of] p2a: Corviknight
|
|upkeep
|turn|7
|
|t:|1781178196
|switch|p2a: Lokix|Lokix, F, shiny|100/100
|move|p1a: Samurott|Ceaseless Edge|p2a: Lokix
|-resisted|p2a: Lokix
|-damage|p2a: Lokix|73/100
|-sidestart|p2: Leap Call|Spikes
|
|upkeep
|turn|8
|
|t:|1781178200
|switch|p1a: Landorus|Landorus-Therian, M|100/100
|-ability|p1a: Landorus|Intimidate|boost
|-unboost|p2a: Lokix|atk|1
|move|p2a: Lokix|U-turn|p1a: Landorus
|-resisted|p1a: Landorus
|-damage|p1a: Landorus|69/100
|-damage|p2a: Lokix|56/100|[from] item: Rocky Helmet|[of] p1a: Landorus
|
|t:|1781178204
|switch|p2a: Iron Crown|Iron Crown|100/100|[from] U-turn
|-damage|p2a: Iron Crown|88/100|[from] Spikes
|
|upkeep
|turn|9
|
|t:|1781178210
|switch|p1a: Samurott|Samurott-Hisui, F|84/100
|-terastallize|p2a: Iron Crown|Steel
|move|p2a: Iron Crown|Tachyon Cutter|p1a: Samurott
|-resisted|p1a: Samurott
|-damage|p1a: Samurott|66/100
|-resisted|p1a: Samurott
|-damage|p1a: Samurott|49/100
|-hitcount|p1a: Samurott|2
|
|upkeep
|turn|10
|
|t:|1781178219
|-end|p2a: Iron Crown|Quark Drive|[silent]
|switch|p2a: Raging Bolt|Raging Bolt|100/100
|-damage|p2a: Raging Bolt|88/100|[from] Spikes
|move|p1a: Samurott|Ceaseless Edge|p2a: Raging Bolt
|-damage|p2a: Raging Bolt|48/100
|-sidestart|p2: Leap Call|Spikes
|
|upkeep
|turn|11
|
|t:|1781178225
|move|p1a: Samurott|Sucker Punch|p2a: Raging Bolt
|-damage|p2a: Raging Bolt|22/100
|move|p2a: Raging Bolt|Draco Meteor|p1a: Samurott
|-damage|p1a: Samurott|1/100
|-unboost|p2a: Raging Bolt|spa|2
|
|upkeep
|turn|12
|
|t:|1781178230
|-end|p2a: Raging Bolt|Protosynthesis|[silent]
|switch|p2a: Corviknight|Corviknight, M|65/100
|-ability|p2a: Corviknight|Pressure
|move|p1a: Samurott|Ceaseless Edge|p2a: Corviknight
|-damage|p2a: Corviknight|42/100
|-damage|p1a: Samurott|0 fnt|[from] item: Rocky Helmet|[of] p2a: Corviknight
|faint|p1a: Samurott
|
|upkeep
|
|t:|1781178234
|switch|p1a: Gholdengo|Gholdengo, tera:Steel|34/100
|turn|13
|
|t:|1781178243
|move|p1a: Gholdengo|Shadow Ball|p2a: Corviknight
|-damage|p2a: Corviknight|1/100
|move|p2a: Corviknight|Roost|p2a: Corviknight
|-heal|p2a: Corviknight|51/100
|-singleturn|p2a: Corviknight|move: Roost
|
|upkeep
|turn|14
|
|t:|1781178249
|move|p1a: Gholdengo|Shadow Ball|p2a: Corviknight
|-damage|p2a: Corviknight|8/100
|move|p2a: Corviknight|Roost|p2a: Corviknight
|-heal|p2a: Corviknight|58/100
|-singleturn|p2a: Corviknight|move: Roost
|
|upkeep
|turn|15
|
|t:|1781178254
|move|p1a: Gholdengo|Shadow Ball|p2a: Corviknight
|-damage|p2a: Corviknight|19/100
|move|p2a: Corviknight|Roost|p2a: Corviknight
|-heal|p2a: Corviknight|69/100
|-singleturn|p2a: Corviknight|move: Roost
|
|upkeep
|turn|16
|
|t:|1781178262
|switch|p2a: Raging Bolt|Raging Bolt|22/100
|-damage|p2a: Raging Bolt|5/100|[from] Spikes
|move|p1a: Gholdengo|Shadow Ball|p2a: Raging Bolt
|-damage|p2a: Raging Bolt|0 fnt
|faint|p2a: Raging Bolt
|-end|p2a: Raging Bolt|Protosynthesis|[silent]
|
|upkeep
|
|t:|1781178268
|switch|p2a: Iron Crown|Iron Crown, tera:Steel|88/100
|-damage|p2a: Iron Crown|72/100|[from] Spikes
|turn|17
|
|t:|1781178273
|move|p1a: Gholdengo|Shadow Ball|p2a: Iron Crown
|-damage|p2a: Iron Crown|31/100
|-unboost|p2a: Iron Crown|spd|1
|move|p2a: Iron Crown|Tachyon Cutter|p1a: Gholdengo
|-resisted|p1a: Gholdengo
|-damage|p1a: Gholdengo|2/100
|-resisted|p1a: Gholdengo
|-damage|p1a: Gholdengo|0 fnt
|faint|p1a: Gholdengo
|-hitcount|p1: Gholdengo|2
|
|upkeep
|
|t:|1781178277
|switch|p1a: Rillaboom|Rillaboom, F|100/100
|-fieldstart|move: Grassy Terrain|[from] ability: Grassy Surge|[of] p1a: Rillaboom
|turn|18
|
|t:|1781178286
|move|p1a: Rillaboom|Grassy Glide|p2a: Iron Crown
|-resisted|p2a: Iron Crown
|-damage|p2a: Iron Crown|11/100
|move|p2a: Iron Crown|Tachyon Cutter|p1a: Rillaboom
|-damage|p1a: Rillaboom|34/100
|-damage|p1a: Rillaboom|0 fnt
|faint|p1a: Rillaboom
|-hitcount|p1: Rillaboom|2
|
|-heal|p2a: Iron Crown|17/100|[from] Grassy Terrain
|upkeep
|
|t:|1781178289
|switch|p1a: Landorus|Landorus-Therian, M|69/100
|-ability|p1a: Landorus|Intimidate|boost
|-unboost|p2a: Iron Crown|atk|1
|turn|19
|
|t:|1781178294
|move|p2a: Iron Crown|Tachyon Cutter|p1a: Landorus
|-damage|p1a: Landorus|18/100
|-damage|p1a: Landorus|0 fnt
|faint|p1a: Landorus
|-hitcount|p1: Landorus|2
|
|-heal|p2a: Iron Crown|23/100|[from] Grassy Terrain
|upkeep
|
|t:|1781178300
|switch|p1a: Kyurem|Kyurem|100/100
|-ability|p1a: Kyurem|Pressure
|turn|20
|
|t:|1781178305
|move|p2a: Iron Crown|Tachyon Cutter|p1a: Kyurem
|-supereffective|p1a: Kyurem
|-damage|p1a: Kyurem|40/100
|-supereffective|p1a: Kyurem
|-damage|p1a: Kyurem|0 fnt
|faint|p1a: Kyurem
|-hitcount|p1: Kyurem|2
|
|-heal|p2a: Iron Crown|29/100|[from] Grassy Terrain
|upkeep
|
|t:|1781178311
|switch|p1a: Hawlucha|Hawlucha, F|100/100
|-enditem|p1a: Hawlucha|Grassy Seed
|-boost|p1a: Hawlucha|def|1|[from] item: Grassy Seed
|turn|21
|
|t:|1781178317
|move|p1a: Hawlucha|Low Kick|p2a: Iron Crown
|-supereffective|p2a: Iron Crown
|-damage|p2a: Iron Crown|0 fnt
|faint|p2a: Iron Crown
|-end|p2a: Iron Crown|Quark Drive|[silent]
|
|upkeep
|
|t:|1781178327
|switch|p2a: Corviknight|Corviknight, M|69/100
|-ability|p2a: Corviknight|Pressure
|turn|22
|
|t:|1781178334
|move|p1a: Hawlucha|Swords Dance|p1a: Hawlucha
|-boost|p1a: Hawlucha|atk|2
|move|p2a: Corviknight|Roost|p2a: Corviknight
|-heal|p2a: Corviknight|100/100
|-singleturn|p2a: Corviknight|move: Roost
|
|-fieldend|move: Grassy Terrain
|upkeep
|turn|23
|
|t:|1781178338
|move|p1a: Hawlucha|Swords Dance|p1a: Hawlucha
|-boost|p1a: Hawlucha|atk|2
|move|p2a: Corviknight|Brave Bird|p1a: Hawlucha
|-supereffective|p1a: Hawlucha
|-damage|p1a: Hawlucha|38/100
|-damage|p2a: Corviknight|83/100|[from] Recoil
|
|upkeep
|turn|24
|
|t:|1781178342
|move|p1a: Hawlucha|Roost|p1a: Hawlucha
|-heal|p1a: Hawlucha|88/100
|-singleturn|p1a: Hawlucha|move: Roost
|move|p2a: Corviknight|Brave Bird|p1a: Hawlucha
|-supereffective|p1a: Hawlucha
|-damage|p1a: Hawlucha|28/100
|-damage|p2a: Corviknight|66/100|[from] Recoil
|
|upkeep
|turn|25
|
|t:|1781178353
|move|p1a: Hawlucha|Roost|p1a: Hawlucha
|-heal|p1a: Hawlucha|78/100
|-singleturn|p1a: Hawlucha|move: Roost
|move|p2a: Corviknight|Brave Bird|p1a: Hawlucha
|-supereffective|p1a: Hawlucha
|-damage|p1a: Hawlucha|19/100
|-damage|p2a: Corviknight|49/100|[from] Recoil
|
|upkeep
|turn|26
|
|t:|1781178364
|move|p1a: Hawlucha|Low Kick|p2a: Corviknight
|-damage|p2a: Corviknight|0 fnt
|-damage|p1a: Hawlucha|3/100|[from] item: Rocky Helmet|[of] p2a: Corviknight
|faint|p2a: Corviknight
|
|upkeep
|
|t:|1781178367
|switch|p2a: Lokix|Lokix, F, shiny|56/100
|-damage|p2a: Lokix|39/100|[from] Spikes
|turn|27
|
|t:|1781178374
|move|p2a: Lokix|First Impression|p1a: Hawlucha
|-resisted|p1a: Hawlucha
|-damage|p1a: Hawlucha|0 fnt
|faint|p1a: Hawlucha
|
|win|Leap Call
|raw|KurisuChestnutOU's rating: 1525 &rarr; <strong>1506</strong><br />(-19 for losing)
|raw|Leap Call's rating: 1543 &rarr; <strong>1562</strong><br />(+19 for winning)
