|j|☆ur doggo
|j|☆Roseofrosarade
|t:|1781447912
|gametype|singles
|player|p1|ur doggo|170|1638
|player|p2|Roseofrosarade|2|1625
|gen|9
|tier|[Gen 9] OU
|rated|
|rule|HP Percentage Mod: HP is shown in percentages
|rule|Endless Battle Clause: Forcing endless battles is banned
|rule|Species Clause: Limit one of each Pokémon
|rule|OHKO Clause: OHKO moves are banned
|rule|Evasion Items Clause: Evasion items are banned
|rule|Evasion Moves Clause: Evasion moves are banned
|rule|Evasion Abilities Clause: Evasion abilities are banned
|rule|Sleep Moves Clause: Sleep-inducing moves are banned
|clearpoke
|poke|p1|Latios, M|
|poke|p1|Darkrai|
|poke|p1|Pecharunt|
|poke|p1|Ting-Lu|
|poke|p1|Corviknight, M|
|poke|p1|Dragonite, F|
|poke|p2|Umbreon, F|
|poke|p2|Sinistcha|
|poke|p2|Iron Treads|
|poke|p2|Slowking, F|
|poke|p2|Tornadus-Therian, M|
|poke|p2|Zamazenta-*|
|teampreview
|
|t:|1781447936
|teamsize|p1|6
|teamsize|p2|6
|start
|switch|p1a: Ting-Lu|Ting-Lu|100/100
|switch|p2a: Tornadus|Tornadus-Therian, M|100/100
|-ability|p1a: Ting-Lu|Vessel of Ruin
|turn|1
|inactive|Battle timer is ON: inactive players will automatically lose when time's up. (requested by ur doggo)
|
|t:|1781447959
|move|p2a: Tornadus|Knock Off|p1a: Ting-Lu
|-resisted|p1a: Ting-Lu
|-damage|p1a: Ting-Lu|95/100
|-enditem|p1a: Ting-Lu|Leftovers|[from] move: Knock Off|[of] p2a: Tornadus
|move|p1a: Ting-Lu|Stealth Rock|p2a: Tornadus
|-sidestart|p2: Roseofrosarade|move: Stealth Rock
|
|upkeep
|turn|2
|
|t:|1781447969
|switch|p2a: Iron Treads|Iron Treads|100/100
|-damage|p2a: Iron Treads|97/100|[from] Stealth Rock
|move|p1a: Ting-Lu|Spikes|p2a: Iron Treads
|-sidestart|p2: Roseofrosarade|Spikes
|
|-heal|p2a: Iron Treads|100/100|[from] item: Leftovers
|upkeep
|turn|3
|
|t:|1781447973
|move|p2a: Iron Treads|Rapid Spin|p1a: Ting-Lu
|-damage|p1a: Ting-Lu|87/100
|-boost|p2a: Iron Treads|spe|1
|-sideend|p2: Roseofrosarade|Spikes|[from] move: Rapid Spin|[of] p2a: Iron Treads
|-sideend|p2: Roseofrosarade|Stealth Rock|[from] move: Rapid Spin|[of] p2a: Iron Treads
|move|p1a: Ting-Lu|Earthquake|p2a: Iron Treads
|-supereffective|p2a: Iron Treads
|-damage|p2a: Iron Treads|44/100
|
|-heal|p2a: Iron Treads|50/100|[from] item: Leftovers
|upkeep
|turn|4
|
|t:|1781447979
|-end|p2a: Iron Treads|Quark Drive|[silent]
|switch|p2a: Zamazenta|Zamazenta|100/100
|-ability|p2a: Zamazenta|Dauntless Shield|boost
|-boost|p2a: Zamazenta|def|1
|move|p1a: Ting-Lu|Stealth Rock|p2a: Zamazenta
|-sidestart|p2: Roseofrosarade|move: Stealth Rock
|
|upkeep
|turn|5
|
|t:|1781447986
|switch|p1a: Pecharunt|Pecharunt|100/100
|move|p2a: Zamazenta|Crunch|p1a: Pecharunt
|-supereffective|p1a: Pecharunt
|-damage|p1a: Pecharunt|54/100
|-unboost|p1a: Pecharunt|def|1
|
|upkeep
|turn|6
|j| heheheha07
|
|t:|1781447997
|switch|p1a: Ting-Lu|Ting-Lu|87/100
|-ability|p1a: Ting-Lu|Vessel of Ruin
|move|p2a: Zamazenta|Crunch|p1a: Ting-Lu
|-resisted|p1a: Ting-Lu
|-damage|p1a: Ting-Lu|77/100
|
|upkeep
|turn|7
|
|t:|1781448003
|switch|p2a: Sinistcha|Sinistcha|100/100
|move|p1a: Ting-Lu|Spikes|p2a: Sinistcha
|-sidestart|p2: Roseofrosarade|Spikes
|
|upkeep
|turn|8
|
|t:|1781448016
|switch|p1a: Dragonite|Dragonite, F|100/100
|move|p2a: Sinistcha|Matcha Gotcha|p1a: Dragonite
|-resisted|p1a: Dragonite
|-damage|p1a: Dragonite|97/100
|-status|p1a: Dragonite|brn
|
|-damage|p1a: Dragonite|91/100 brn|[from] brn
|upkeep
|turn|9
|
|t:|1781448020
|move|p2a: Sinistcha|Shadow Ball|p1a: Dragonite
|-damage|p1a: Dragonite|59/100 brn
|move|p1a: Dragonite|Dragon Tail|p2a: Sinistcha
|-damage|p2a: Sinistcha|88/100
|drag|p2a: Zamazenta|Zamazenta|100/100
|-damage|p2a: Zamazenta|94/100|[from] Stealth Rock
|-damage|p2a: Zamazenta|82/100|[from] Spikes
|
|-damage|p1a: Dragonite|53/100 brn|[from] brn
|upkeep
|turn|10
|
|t:|1781448034
|switch|p1a: Corviknight|Corviknight, M|100/100
|-ability|p1a: Corviknight|Pressure
|move|p2a: Zamazenta|Stone Edge|p1a: Corviknight
|-damage|p1a: Corviknight|60/100
|
|-heal|p1a: Corviknight|66/100|[from] item: Leftovers
|upkeep
|turn|11
|
|t:|1781448047
|switch|p2a: Slowking|Slowking, F|100/100
|-damage|p2a: Slowking|88/100|[from] Stealth Rock
|-damage|p2a: Slowking|76/100|[from] Spikes
|move|p1a: Corviknight|Roost|p1a: Corviknight
|-heal|p1a: Corviknight|100/100
|-singleturn|p1a: Corviknight|move: Roost
|
|upkeep
|turn|12
|
|t:|1781448055
|move|p1a: Corviknight|U-turn|p2a: Slowking
|-supereffective|p2a: Slowking
|-damage|p2a: Slowking|50/100
|
|t:|1781448057
|switch|p1a: Ting-Lu|Ting-Lu|77/100|[from] U-turn
|-ability|p1a: Ting-Lu|Vessel of Ruin
|move|p2a: Slowking|Scald|p1a: Ting-Lu
|-supereffective|p1a: Ting-Lu
|-damage|p1a: Ting-Lu|52/100
|
|upkeep
|turn|13
|
|t:|1781448061
|switch|p2a: Sinistcha|Sinistcha|88/100
|move|p1a: Ting-Lu|Spikes|p2a: Sinistcha
|-sidestart|p2: Roseofrosarade|Spikes
|
|upkeep
|turn|14
|
|t:|1781448071
|switch|p1a: Corviknight|Corviknight, M|100/100
|-ability|p1a: Corviknight|Pressure
|move|p2a: Sinistcha|Calm Mind|p2a: Sinistcha
|-boost|p2a: Sinistcha|spa|1
|-boost|p2a: Sinistcha|spd|1
|
|upkeep
|turn|15
|
|t:|1781448080
|move|p2a: Sinistcha|Strength Sap|p1a: Corviknight
|-unboost|p1a: Corviknight|atk|1
|-heal|p2a: Sinistcha|100/100
|move|p1a: Corviknight|Brave Bird|p2a: Sinistcha
|-supereffective|p2a: Sinistcha
|-crit|p2a: Sinistcha
|-damage|p2a: Sinistcha|29/100
|-damage|p1a: Corviknight|80/100|[from] Recoil
|
|-heal|p1a: Corviknight|86/100|[from] item: Leftovers
|upkeep
|turn|16
|
|t:|1781448086
|move|p2a: Sinistcha|Strength Sap|p1a: Corviknight
|-unboost|p1a: Corviknight|atk|1
|-heal|p2a: Sinistcha|69/100
|move|p1a: Corviknight|U-turn|p2a: Sinistcha
|-damage|p2a: Sinistcha|64/100
|
|t:|1781448090
|switch|p1a: Darkrai|Darkrai|100/100|[from] U-turn
|
|upkeep
|turn|17
|
|t:|1781448094
|-terastallize|p2a: Sinistcha|Poison
|move|p1a: Darkrai|Dark Pulse|p2a: Sinistcha
|-damage|p2a: Sinistcha|30/100
|move|p2a: Sinistcha|Matcha Gotcha|p1a: Darkrai
|-damage|p1a: Darkrai|35/100
|-heal|p2a: Sinistcha|56/100|[from] drain|[of] p1a: Darkrai
|
|upkeep
|turn|18
|
|t:|1781448104
|switch|p1a: Latios|Latios, M|100/100
|move|p2a: Sinistcha|Matcha Gotcha|p1a: Latios|[miss]
|-miss|p2a: Sinistcha|p1a: Latios
|
|upkeep
|turn|19
|
|t:|1781448110
|switch|p2a: Umbreon|Umbreon, F|100/100
|-damage|p2a: Umbreon|88/100|[from] Stealth Rock
|-damage|p2a: Umbreon|72/100|[from] Spikes
|move|p1a: Latios|Psychic Noise|p2a: Umbreon
|-immune|p2a: Umbreon
|
|-heal|p2a: Umbreon|78/100|[from] item: Leftovers
|upkeep
|turn|20
|
|t:|1781448117
|switch|p1a: Ting-Lu|Ting-Lu|52/100
|-ability|p1a: Ting-Lu|Vessel of Ruin
|move|p2a: Umbreon|Wish|p2a: Umbreon
|
|-heal|p2a: Umbreon|84/100|[from] item: Leftovers
|upkeep
|turn|21
|
|t:|1781448121
|switch|p2a: Sinistcha|Sinistcha, tera:Poison|56/100
|move|p1a: Ting-Lu|Earthquake|p2a: Sinistcha
|-supereffective|p2a: Sinistcha
|-damage|p2a: Sinistcha|7/100
|
|-heal|p2a: Sinistcha|64/100|[from] move: Wish|[wisher] Umbreon
|upkeep
|turn|22
|
|t:|1781448130
|move|p2a: Sinistcha|Strength Sap|p1a: Ting-Lu
|-unboost|p1a: Ting-Lu|atk|1
|-heal|p2a: Sinistcha|100/100
|move|p1a: Ting-Lu|Spikes|p2a: Sinistcha
|-sidestart|p2: Roseofrosarade|Spikes
|
|upkeep
|turn|23
|j| newhere1310
|
|t:|1781448135
|switch|p1a: Corviknight|Corviknight, M|86/100
|-ability|p1a: Corviknight|Pressure
|move|p2a: Sinistcha|Matcha Gotcha|p1a: Corviknight
|-resisted|p1a: Corviknight
|-damage|p1a: Corviknight|81/100
|
|-heal|p1a: Corviknight|87/100|[from] item: Leftovers
|upkeep
|turn|24
|
|t:|1781448143
|move|p2a: Sinistcha|Calm Mind|p2a: Sinistcha
|-boost|p2a: Sinistcha|spa|1
|-boost|p2a: Sinistcha|spd|1
|move|p1a: Corviknight|U-turn|p2a: Sinistcha
|-resisted|p2a: Sinistcha
|-damage|p2a: Sinistcha|95/100
|
|t:|1781448154
|switch|p1a: Dragonite|Dragonite, F|53/100 brn|[from] U-turn
|
|-damage|p1a: Dragonite|47/100 brn|[from] brn
|upkeep
|turn|25
|
|t:|1781448159
|move|p2a: Sinistcha|Shadow Ball|p1a: Dragonite
|-damage|p1a: Dragonite|1/100 brn
|move|p1a: Dragonite|Dragon Tail|p2a: Sinistcha
|-damage|p2a: Sinistcha|83/100
|drag|p2a: Iron Treads|Iron Treads|50/100
|-damage|p2a: Iron Treads|47/100|[from] Stealth Rock
|-damage|p2a: Iron Treads|22/100|[from] Spikes
|
|-heal|p2a: Iron Treads|29/100|[from] item: Leftovers
|-damage|p1a: Dragonite|0 fnt|[from] brn
|faint|p1a: Dragonite
|upkeep
|
|t:|1781448166
|switch|p1a: Darkrai|Darkrai|35/100
|turn|26
|
|t:|1781448174
|move|p1a: Darkrai|Dark Pulse|p2a: Iron Treads
|-damage|p2a: Iron Treads|0 fnt
|faint|p2a: Iron Treads
|-end|p2a: Iron Treads|Quark Drive|[silent]
|
|upkeep
|
|t:|1781448181
|switch|p2a: Zamazenta|Zamazenta|82/100
|-damage|p2a: Zamazenta|76/100|[from] Stealth Rock
|-damage|p2a: Zamazenta|51/100|[from] Spikes
|turn|27
|j| Puyu paz
|
|t:|1781448188
|switch|p1a: Pecharunt|Pecharunt|54/100
|move|p2a: Zamazenta|Close Combat|p1a: Pecharunt
|-immune|p1a: Pecharunt
|
|upkeep
|turn|28
|j| nesnot
|
|t:|1781448194
|switch|p2a: Tornadus|Tornadus-Therian, M|100/100
|-damage|p2a: Tornadus|75/100|[from] Stealth Rock
|move|p1a: Pecharunt|Recover|p1a: Pecharunt
|-heal|p1a: Pecharunt|100/100
|
|upkeep
|turn|29
|
|t:|1781448201
|switch|p1a: Corviknight|Corviknight, M|87/100
|-ability|p1a: Corviknight|Pressure
|move|p2a: Tornadus|Heat Wave|p1a: Corviknight
|-supereffective|p1a: Corviknight
|-damage|p1a: Corviknight|30/100
|
|-heal|p1a: Corviknight|36/100|[from] item: Leftovers
|upkeep
|turn|30
|
|t:|1781448211
|switch|p1a: Ting-Lu|Ting-Lu|52/100
|-ability|p1a: Ting-Lu|Vessel of Ruin
|move|p2a: Tornadus|Heat Wave|p1a: Ting-Lu
|-damage|p1a: Ting-Lu|34/100
|
|upkeep
|turn|31
|
|t:|1781448220
|switch|p2a: Umbreon|Umbreon, F|84/100
|-damage|p2a: Umbreon|71/100|[from] Stealth Rock
|-damage|p2a: Umbreon|46/100|[from] Spikes
|move|p1a: Ting-Lu|Ruination|p2a: Umbreon
|-damage|p2a: Umbreon|24/100
|
|-heal|p2a: Umbreon|30/100|[from] item: Leftovers
|upkeep
|turn|32
|
|t:|1781448234
|move|p2a: Umbreon|Wish|p2a: Umbreon
|move|p1a: Ting-Lu|Ruination|p2a: Umbreon
|-damage|p2a: Umbreon|15/100
|
|-heal|p2a: Umbreon|21/100|[from] item: Leftovers
|upkeep
|turn|33
|
|t:|1781448239
|move|p2a: Umbreon|Protect|p2a: Umbreon
|-singleturn|p2a: Umbreon|Protect
|move|p1a: Ting-Lu|Ruination|p2a: Umbreon
|-activate|p2a: Umbreon|move: Protect
|
|-heal|p2a: Umbreon|71/100|[from] move: Wish|[wisher] Umbreon
|-heal|p2a: Umbreon|77/100|[from] item: Leftovers
|upkeep
|turn|34
|
|t:|1781448247
|move|p2a: Umbreon|Toxic|p1a: Ting-Lu
|-status|p1a: Ting-Lu|tox
|move|p1a: Ting-Lu|Ruination|p2a: Umbreon
|-damage|p2a: Umbreon|39/100
|
|-heal|p2a: Umbreon|45/100|[from] item: Leftovers
|-damage|p1a: Ting-Lu|28/100 tox|[from] psn
|upkeep
|turn|35
|
|t:|1781448255
|switch|p1a: Corviknight|Corviknight, M|36/100
|-ability|p1a: Corviknight|Pressure
|move|p2a: Umbreon|Wish|p2a: Umbreon
|
|-heal|p1a: Corviknight|42/100|[from] item: Leftovers
|-heal|p2a: Umbreon|51/100|[from] item: Leftovers
|upkeep
|turn|36
|
|t:|1781448261
|move|p1a: Corviknight|Roost|p1a: Corviknight
|-heal|p1a: Corviknight|92/100
|-singleturn|p1a: Corviknight|move: Roost
|move|p2a: Umbreon|Foul Play|p1a: Corviknight
|-damage|p1a: Corviknight|67/100
|
|-heal|p2a: Umbreon|100/100|[from] move: Wish|[wisher] Umbreon
|-heal|p1a: Corviknight|73/100|[from] item: Leftovers
|upkeep
|turn|37
|
|t:|1781448270
|move|p1a: Corviknight|Brave Bird|p2a: Umbreon
|-crit|p2a: Umbreon
|-damage|p2a: Umbreon|71/100
|-damage|p1a: Corviknight|63/100|[from] Recoil
|move|p2a: Umbreon|Wish|p2a: Umbreon
|
|-heal|p1a: Corviknight|69/100|[from] item: Leftovers
|-heal|p2a: Umbreon|77/100|[from] item: Leftovers
|upkeep
|turn|38
|
|t:|1781448282
|switch|p2a: Tornadus|Tornadus-Therian, M|100/100
|-damage|p2a: Tornadus|75/100|[from] Stealth Rock
|move|p1a: Corviknight|Roost|p1a: Corviknight
|-heal|p1a: Corviknight|100/100
|-singleturn|p1a: Corviknight|move: Roost
|
|-heal|p2a: Tornadus|100/100|[from] move: Wish|[wisher] Umbreon
|upkeep
|turn|39
|
|t:|1781448292
|move|p2a: Tornadus|Heat Wave|p1a: Corviknight
|-supereffective|p1a: Corviknight
|-damage|p1a: Corviknight|39/100
|move|p1a: Corviknight|Brave Bird|p2a: Tornadus
|-damage|p2a: Tornadus|52/100
|-damage|p1a: Corviknight|27/100|[from] Recoil
|
|-heal|p1a: Corviknight|33/100|[from] item: Leftovers
|upkeep
|turn|40
|
|t:|1781448297
|switch|p1a: Ting-Lu|Ting-Lu|28/100 tox
|-ability|p1a: Ting-Lu|Vessel of Ruin
|move|p2a: Tornadus|Heat Wave|p1a: Ting-Lu
|-damage|p1a: Ting-Lu|9/100 tox
|
|-damage|p1a: Ting-Lu|3/100 tox|[from] psn
|upkeep
|turn|41
|
|t:|1781448301
|move|p2a: Tornadus|Heat Wave|p1a: Ting-Lu
|-damage|p1a: Ting-Lu|0 fnt
|faint|p1a: Ting-Lu
|
|upkeep
|
|t:|1781448307
|switch|p1a: Pecharunt|Pecharunt|100/100
|turn|42
|
|t:|1781448314
|switch|p2a: Sinistcha|Sinistcha, tera:Poison|83/100
|move|p1a: Pecharunt|Malignant Chain|p2a: Sinistcha
|-resisted|p2a: Sinistcha
|-damage|p2a: Sinistcha|65/100
|
|upkeep
|turn|43
|l| Puyu paz
|
|t:|1781448327
|switch|p1a: Latios|Latios, M|100/100
|move|p2a: Sinistcha|Strength Sap|p1a: Latios
|-unboost|p1a: Latios|atk|1
|-heal|p2a: Sinistcha|100/100
|
|upkeep
|turn|44
|
|t:|1781448334
|switch|p2a: Slowking|Slowking, F|83/100
|-damage|p2a: Slowking|71/100|[from] Stealth Rock
|-damage|p2a: Slowking|46/100|[from] Spikes
|move|p1a: Latios|Psychic Noise|p2a: Slowking
|-resisted|p2a: Slowking
|-damage|p2a: Slowking|37/100
|-start|p2a: Slowking|move: Heal Block
|
|upkeep
|turn|45
|inactive|ur doggo has 120 seconds left.
|
|t:|1781448376
|move|p1a: Latios|Calm Mind|p1a: Latios
|-boost|p1a: Latios|spa|1
|-boost|p1a: Latios|spd|1
|move|p2a: Slowking|Scald|p1a: Latios
|-resisted|p1a: Latios
|-damage|p1a: Latios|91/100
|
|-end|p2a: Slowking|move: Heal Block
|upkeep
|turn|46
|
|t:|1781448397
|move|p1a: Latios|Calm Mind|p1a: Latios
|-boost|p1a: Latios|spa|1
|-boost|p1a: Latios|spd|1
|move|p2a: Slowking|Future Sight|p1a: Latios
|-start|p2a: Slowking|move: Future Sight
|
|upkeep
|turn|47
|
|t:|1781448402
|move|p1a: Latios|Psychic Noise|p2a: Slowking
|-resisted|p2a: Slowking
|-damage|p2a: Slowking|19/100
|-start|p2a: Slowking|move: Heal Block
|move|p2a: Slowking|Scald|p1a: Latios
|-resisted|p1a: Latios
|-damage|p1a: Latios|84/100
|
|upkeep
|turn|48
|
|t:|1781448408
|move|p1a: Latios|Calm Mind|p1a: Latios
|-boost|p1a: Latios|spa|1
|-boost|p1a: Latios|spd|1
|move|p2a: Slowking|Scald|p1a: Latios
|-resisted|p1a: Latios
|-damage|p1a: Latios|77/100
|
|-end|p1a: Latios|move: Future Sight
|-resisted|p1a: Latios
|-damage|p1a: Latios|67/100
|-end|p2a: Slowking|move: Heal Block
|upkeep
|turn|49
|
|t:|1781448410
|move|p1a: Latios|Recover|p1a: Latios
|-heal|p1a: Latios|100/100
|move|p2a: Slowking|Psychic Noise|p1a: Latios
|-resisted|p1a: Latios
|-damage|p1a: Latios|94/100
|
|upkeep
|turn|50
|
|t:|1781448413
|move|p1a: Latios|Psychic Noise|p2a: Slowking
|-resisted|p2a: Slowking
|-damage|p2a: Slowking|0 fnt
|faint|p2a: Slowking
|
|upkeep
|
|t:|1781448419
|switch|p2a: Zamazenta|Zamazenta|51/100
|-damage|p2a: Zamazenta|45/100|[from] Stealth Rock
|-damage|p2a: Zamazenta|20/100|[from] Spikes
|turn|51
|
|t:|1781448426
|switch|p1a: Pecharunt|Pecharunt|100/100
|move|p2a: Zamazenta|Close Combat|p1a: Pecharunt
|-immune|p1a: Pecharunt
|
|upkeep
|turn|52
|
|t:|1781448438
|switch|p2a: Sinistcha|Sinistcha, tera:Poison|100/100
|move|p1a: Pecharunt|Nasty Plot|p1a: Pecharunt
|-boost|p1a: Pecharunt|spa|2
|
|upkeep
|turn|53
|
|t:|1781448440
|move|p1a: Pecharunt|Shadow Ball|p2a: Sinistcha
|-damage|p2a: Sinistcha|46/100
|move|p2a: Sinistcha|Calm Mind|p2a: Sinistcha
|-boost|p2a: Sinistcha|spa|1
|-boost|p2a: Sinistcha|spd|1
|
|upkeep
|turn|54
|
|t:|1781448461
|move|p1a: Pecharunt|Shadow Ball|p2a: Sinistcha
|-damage|p2a: Sinistcha|9/100
|move|p2a: Sinistcha|Shadow Ball|p1a: Pecharunt
|-supereffective|p1a: Pecharunt
|-damage|p1a: Pecharunt|0 fnt
|faint|p1a: Pecharunt
|
|upkeep
|
|t:|1781448463
|switch|p1a: Latios|Latios, M|94/100
|turn|55
|
|t:|1781448468
|move|p1a: Latios|Psychic Noise|p2a: Sinistcha
|-supereffective|p2a: Sinistcha
|-damage|p2a: Sinistcha|0 fnt
|faint|p2a: Sinistcha
|
|upkeep
|
|t:|1781448471
|switch|p2a: Tornadus|Tornadus-Therian, M|85/100
|-damage|p2a: Tornadus|60/100|[from] Stealth Rock
|turn|56
|
|t:|1781448479
|-terastallize|p1a: Latios|Electric
|move|p2a: Tornadus|Bleakwind Storm|p1a: Latios
|-resisted|p1a: Latios
|-damage|p1a: Latios|57/100
|move|p1a: Latios|Calm Mind|p1a: Latios
|-boost|p1a: Latios|spa|1
|-boost|p1a: Latios|spd|1
|
|upkeep
|turn|57
|
|t:|1781448484
|switch|p2a: Zamazenta|Zamazenta|20/100
|-damage|p2a: Zamazenta|14/100|[from] Stealth Rock
|-damage|p2a: Zamazenta|0 fnt|[from] Spikes
|faint|p2a: Zamazenta
|move|p1a: Latios|Recover|p1a: Latios
|-heal|p1a: Latios|100/100
|
|upkeep
|
|t:|1781448486
|switch|p2a: Tornadus|Tornadus-Therian, M|94/100
|-damage|p2a: Tornadus|69/100|[from] Stealth Rock
|turn|58
|
|t:|1781448491
|switch|p2a: Umbreon|Umbreon, F|77/100
|-damage|p2a: Umbreon|64/100|[from] Stealth Rock
|-damage|p2a: Umbreon|39/100|[from] Spikes
|move|p1a: Latios|Calm Mind|p1a: Latios
|-boost|p1a: Latios|spa|1
|-boost|p1a: Latios|spd|1
|
|-heal|p2a: Umbreon|45/100|[from] item: Leftovers
|upkeep
|turn|59
|
|t:|1781448494
|move|p1a: Latios|Aura Sphere|p2a: Umbreon
|-supereffective|p2a: Umbreon
|-damage|p2a: Umbreon|0 fnt
|faint|p2a: Umbreon
|
|upkeep
|-message|Roseofrosarade forfeited.
|
|win|ur doggo
|raw|ur doggo's rating: 1638 &rarr; <strong>1657</strong><br />(+19 for winning)
|raw|Roseofrosarade's rating: 1625 &rarr; <strong>1606</strong><br />(-19 for losing)
|l|☆Roseofrosarade
|player|p2|
|l|☆ur doggo
|player|p1|
|l| newhere1310
|l| nesnot
