|j|☆tauros3
|j|☆Cinder D Ace
|t:|1781101523
|gametype|singles
|player|p1|tauros3|swimmer-gen4dp|1526
|player|p2|Cinder D Ace|miku-fire|1528
|gen|9
|tier|[Gen 9] OU
|rated|
|rule|HP Percentage Mod: HP is shown in percentages
|rule|Endless Battle Clause: Forcing endless battles is banned
|rule|Species Clause: Limit one of each Pokémon
|rule|OHKO Clause: OHKO moves are banned
|rule|Evasion Items Clause: Evasion items are banned
|rule|Evasion Moves Clause: Evasion moves are banned
|rule|Evasion Abilities Clause: Evasion abilities are banned
|rule|Sleep Moves Clause: Sleep-inducing moves are banned
|clearpoke
|poke|p1|Ribombee, F|
|poke|p1|Kingambit, F|
|poke|p1|Milotic, M|
|poke|p1|Serperior, F|
|poke|p1|Gothitelle, F|
|poke|p1|Cinderace, M|
|poke|p2|Slowking-Galar, F|
|poke|p2|Gliscor, F|
|poke|p2|Cinderace, F|
|poke|p2|Keldeo-Resolute|
|poke|p2|Corviknight, F|
|poke|p2|Iron Valiant|
|teampreview
|inactive|Battle timer is ON: inactive players will automatically lose when time's up. (requested by tauros3)
|
|t:|1781101541
|teamsize|p1|6
|teamsize|p2|6
|start
|switch|p1a: Serperior|Serperior, F|100/100
|switch|p2a: Legend of Zaza|Slowking-Galar, F|100/100
|turn|1
|
|t:|1781101548
|switch|p1a: Kingambit|Kingambit, F|100/100
|move|p2a: Legend of Zaza|Sludge Bomb|p1a: Kingambit
|-immune|p1a: Kingambit
|
|upkeep
|turn|2
|
|t:|1781101555
|switch|p1a: Cinderace|Cinderace, M|100/100
|switch|p2a: Ryan Reynolds|Keldeo-Resolute|100/100
|
|upkeep
|turn|3
|
|t:|1781101560
|move|p1a: Cinderace|U-turn|p2a: Ryan Reynolds
|-resisted|p2a: Ryan Reynolds
|-damage|p2a: Ryan Reynolds|89/100
|
|t:|1781101565
|switch|p1a: Milotic|Milotic, M|100/100|[from] U-turn
|move|p2a: Ryan Reynolds|Flip Turn|p1a: Milotic
|-resisted|p1a: Milotic
|-damage|p1a: Milotic|93/100
|
|t:|1781101572
|switch|p2a: Mat Daemon|Gliscor, F|100/100|[from] Flip Turn
|
|-status|p2a: Mat Daemon|tox|[from] item: Toxic Orb
|upkeep
|turn|4
|
|t:|1781101576
|switch|p2a: Legend of Zaza|Slowking-Galar, F|100/100
|move|p1a: Milotic|Ice Beam|p2a: Legend of Zaza
|-damage|p2a: Legend of Zaza|84/100
|
|upkeep
|turn|5
|
|t:|1781101580
|move|p1a: Milotic|Flip Turn|p2a: Legend of Zaza
|-damage|p2a: Legend of Zaza|70/100
|
|t:|1781101583
|switch|p1a: Kingambit|Kingambit, F|100/100|[from] Flip Turn
|move|p2a: Legend of Zaza|Future Sight|p1a: Kingambit
|-start|p2a: Legend of Zaza|move: Future Sight
|
|upkeep
|turn|6
|
|t:|1781101592
|switch|p2a: Ryan Reynolds|Keldeo-Resolute|89/100
|move|p1a: Kingambit|Iron Head|p2a: Ryan Reynolds
|-resisted|p2a: Ryan Reynolds
|-damage|p2a: Ryan Reynolds|63/100
|
|upkeep
|turn|7
|
|t:|1781101605
|move|p2a: Ryan Reynolds|Secret Sword|p1a: Kingambit
|-supereffective|p1a: Kingambit
|-damage|p1a: Kingambit|0 fnt
|faint|p1a: Kingambit
|
|-hint|Future Sight did not hit because the target is fainted.
|upkeep
|
|t:|1781101609
|switch|p1a: Serperior|Serperior, F|100/100
|turn|8
|
|t:|1781101616
|switch|p2a: Legend of Zaza|Slowking-Galar, F|100/100
|move|p1a: Serperior|Substitute|p1a: Serperior
|-start|p1a: Serperior|Substitute
|-damage|p1a: Serperior|76/100
|
|-heal|p1a: Serperior|82/100|[from] item: Leftovers
|upkeep
|turn|9
|
|t:|1781101620
|-terastallize|p1a: Serperior|Steel
|move|p1a: Serperior|Glare|p2a: Legend of Zaza
|-status|p2a: Legend of Zaza|par
|cant|p2a: Legend of Zaza|par
|
|-heal|p1a: Serperior|88/100|[from] item: Leftovers
|upkeep
|turn|10
|
|t:|1781101625
|switch|p2a: Mat Daemon|Gliscor, F|100/100 tox
|move|p1a: Serperior|Leaf Storm|p2a: Mat Daemon
|-damage|p2a: Mat Daemon|62/100 tox
|-boost|p1a: Serperior|spa|2
|
|-heal|p1a: Serperior|94/100|[from] item: Leftovers
|-heal|p2a: Mat Daemon|75/100 tox|[from] ability: Poison Heal
|upkeep
|turn|11
|
|t:|1781101629
|move|p1a: Serperior|Leaf Storm|p2a: Mat Daemon|[miss]
|-miss|p1a: Serperior|p2a: Mat Daemon
|move|p2a: Mat Daemon|Earthquake|p1a: Serperior
|-supereffective|p1a: Serperior
|-end|p1a: Serperior|Substitute
|
|-heal|p1a: Serperior|99/100|[from] item: Leftovers
|-heal|p2a: Mat Daemon|87/100 tox|[from] ability: Poison Heal
|upkeep
|turn|12
|
|t:|1781101634
|switch|p2a: Isagi|Cinderace, F|100/100
|move|p1a: Serperior|Leaf Storm|p2a: Isagi
|-resisted|p2a: Isagi
|-damage|p2a: Isagi|48/100
|-boost|p1a: Serperior|spa|2
|
|-heal|p1a: Serperior|100/100|[from] item: Leftovers
|upkeep
|turn|13
|
|t:|1781101641
|switch|p1a: Cinderace|Cinderace, M|100/100
|move|p2a: Isagi|Pyro Ball|p1a: Cinderace
|-resisted|p1a: Cinderace
|-damage|p1a: Cinderace|69/100
|
|upkeep
|turn|14
|
|t:|1781101648
|move|p2a: Isagi|U-turn|p1a: Cinderace
|-resisted|p1a: Cinderace
|-damage|p1a: Cinderace|58/100
|
|t:|1781101652
|switch|p2a: Mat Daemon|Gliscor, F|87/100 tox|[from] U-turn
|move|p1a: Cinderace|Will-O-Wisp||[still]
|-fail|p1a: Cinderace
|
|-heal|p2a: Mat Daemon|99/100 tox|[from] ability: Poison Heal
|upkeep
|turn|15
|
|t:|1781101657
|switch|p1a: Ribombee|Ribombee, F|100/100
|move|p2a: Mat Daemon|Knock Off|p1a: Ribombee
|-resisted|p1a: Ribombee
|-damage|p1a: Ribombee|79/100
|-enditem|p1a: Ribombee|Focus Sash|[from] move: Knock Off|[of] p2a: Mat Daemon
|
|-heal|p2a: Mat Daemon|100/100 tox|[from] ability: Poison Heal
|upkeep
|turn|16
|
|t:|1781101668
|switch|p2a: Legend of Zaza|Slowking-Galar, F|100/100 par
|move|p1a: Ribombee|Sticky Web|p2a: Legend of Zaza
|-sidestart|p2: Cinder D Ace|move: Sticky Web
|
|upkeep
|turn|17
|
|t:|1781101675
|move|p1a: Ribombee|Bug Buzz|p2a: Legend of Zaza
|-damage|p2a: Legend of Zaza|80/100 par
|move|p2a: Legend of Zaza|Thunder Wave|p1a: Ribombee
|-status|p1a: Ribombee|par
|
|upkeep
|turn|18
|
|t:|1781101680
|move|p1a: Ribombee|Bug Buzz|p2a: Legend of Zaza
|-damage|p2a: Legend of Zaza|57/100 par
|move|p2a: Legend of Zaza|Future Sight|p1a: Ribombee
|-start|p2a: Legend of Zaza|move: Future Sight
|
|upkeep
|turn|19
|
|t:|1781101683
|move|p1a: Ribombee|Bug Buzz|p2a: Legend of Zaza
|-damage|p2a: Legend of Zaza|34/100 par
|-unboost|p2a: Legend of Zaza|spd|1
|move|p2a: Legend of Zaza|Future Sight||[still]
|-fail|p2a: Legend of Zaza
|
|upkeep
|turn|20
|
|t:|1781101689
|switch|p2a: Mat Daemon|Gliscor, F|100/100 tox
|move|p1a: Ribombee|Stun Spore||[still]
|-fail|p1a: Ribombee
|
|-end|p1a: Ribombee|move: Future Sight
|-damage|p1a: Ribombee|4/100 par
|upkeep
|turn|21
|j| sry 4 luck
|
|t:|1781101697
|move|p2a: Mat Daemon|Knock Off|p1a: Ribombee
|-resisted|p1a: Ribombee
|-damage|p1a: Ribombee|0 fnt
|faint|p1a: Ribombee
|
|upkeep
|
|t:|1781101707
|switch|p1a: Cinderace|Cinderace, M|58/100
|turn|22
|
|t:|1781101716
|move|p1a: Cinderace|Court Change|p1a: Cinderace
|-swapsideconditions
|-activate|p1a: Cinderace|move: Court Change
|move|p2a: Mat Daemon|Earthquake|p1a: Cinderace
|-supereffective|p1a: Cinderace
|-damage|p1a: Cinderace|0 fnt
|faint|p1a: Cinderace
|
|upkeep
|
|t:|1781101726
|switch|p1a: Milotic|Milotic, M|93/100
|-activate|p1a: Milotic|move: Sticky Web
|-unboost|p1a: Milotic|spe|1
|-ability|p1a: Milotic|Competitive|boost
|-boost|p1a: Milotic|spa|2
|turn|23
|
|t:|1781101743
|switch|p2a: Ryan Reynolds|Keldeo-Resolute|63/100
|move|p1a: Milotic|Scald|p2a: Ryan Reynolds
|-resisted|p2a: Ryan Reynolds
|-damage|p2a: Ryan Reynolds|20/100
|-status|p2a: Ryan Reynolds|brn
|
|-damage|p2a: Ryan Reynolds|14/100 brn|[from] brn
|upkeep
|turn|24
|
|t:|1781101755
|switch|p1a: Gothitelle|Gothitelle, F|100/100
|-activate|p1a: Gothitelle|move: Sticky Web
|-unboost|p1a: Gothitelle|spe|1
|-ability|p1a: Gothitelle|Competitive|boost
|-boost|p1a: Gothitelle|spa|2
|move|p2a: Ryan Reynolds|Secret Sword|p1a: Gothitelle
|-resisted|p1a: Gothitelle
|-damage|p1a: Gothitelle|76/100
|
|-damage|p2a: Ryan Reynolds|8/100 brn|[from] brn
|upkeep
|turn|25
|
|t:|1781101764
|move|p2a: Ryan Reynolds|Surf|p1a: Gothitelle
|-damage|p1a: Gothitelle|30/100
|move|p1a: Gothitelle|Trick Room|p1a: Gothitelle
|-fieldstart|move: Trick Room|[of] p1a: Gothitelle
|
|-damage|p2a: Ryan Reynolds|2/100 brn|[from] brn
|upkeep
|turn|26
|
|t:|1781101775
|move|p2a: Ryan Reynolds|Vacuum Wave|p1a: Gothitelle
|-resisted|p1a: Gothitelle
|-damage|p1a: Gothitelle|21/100
|move|p1a: Gothitelle|Psychic Noise|p2a: Ryan Reynolds
|-supereffective|p2a: Ryan Reynolds
|-damage|p2a: Ryan Reynolds|0 fnt
|faint|p2a: Ryan Reynolds
|
|upkeep
|
|t:|1781101778
|switch|p2a: Mat Daemon|Gliscor, F|100/100 tox
|turn|27
|
|t:|1781101788
|move|p2a: Mat Daemon|Protect|p2a: Mat Daemon
|-singleturn|p2a: Mat Daemon|Protect
|move|p1a: Gothitelle|Psychic Noise|p2a: Mat Daemon
|-activate|p2a: Mat Daemon|move: Protect
|
|upkeep
|turn|28
|
|t:|1781101795
|move|p1a: Gothitelle|Shadow Ball|p2a: Mat Daemon
|-damage|p2a: Mat Daemon|58/100 tox
|move|p2a: Mat Daemon|Knock Off|p1a: Gothitelle
|-supereffective|p1a: Gothitelle
|-enditem|p1a: Gothitelle|Colbur Berry|[eat]
|-enditem|p1a: Gothitelle|Colbur Berry|[weaken]
|-damage|p1a: Gothitelle|0 fnt
|faint|p1a: Gothitelle
|
|-heal|p2a: Mat Daemon|70/100 tox|[from] ability: Poison Heal
|upkeep
|
|t:|1781101799
|switch|p1a: Milotic|Milotic, M|93/100
|-activate|p1a: Milotic|move: Sticky Web
|-unboost|p1a: Milotic|spe|1
|-ability|p1a: Milotic|Competitive|boost
|-boost|p1a: Milotic|spa|2
|turn|29
|
|t:|1781101815
|move|p2a: Mat Daemon|Protect|p2a: Mat Daemon
|-singleturn|p2a: Mat Daemon|Protect
|move|p1a: Milotic|Scald|p2a: Mat Daemon
|-activate|p2a: Mat Daemon|move: Protect
|
|-heal|p2a: Mat Daemon|83/100 tox|[from] ability: Poison Heal
|-fieldend|move: Trick Room
|upkeep
|turn|30
|j| mak7xz1
|
|t:|1781101828
|move|p2a: Mat Daemon|Knock Off|p1a: Milotic
|-damage|p1a: Milotic|70/100
|-enditem|p1a: Milotic|Assault Vest|[from] move: Knock Off|[of] p2a: Mat Daemon
|move|p1a: Milotic|Scald|p2a: Mat Daemon
|-supereffective|p2a: Mat Daemon
|-damage|p2a: Mat Daemon|0 fnt
|faint|p2a: Mat Daemon
|
|upkeep
|
|t:|1781101838
|switch|p2a: Multi Tool|Corviknight, F, shiny|100/100
|-ability|p2a: Multi Tool|Pressure
|turn|31
|
|t:|1781101842
|move|p2a: Multi Tool|Brave Bird|p1a: Milotic
|-damage|p1a: Milotic|31/100
|-damage|p2a: Multi Tool|88/100|[from] Recoil
|move|p1a: Milotic|Scald|p2a: Multi Tool
|-damage|p2a: Multi Tool|7/100
|
|-heal|p2a: Multi Tool|13/100|[from] item: Leftovers
|upkeep
|turn|32
|
|t:|1781101853
|move|p2a: Multi Tool|Brave Bird|p1a: Milotic
|-damage|p1a: Milotic|0 fnt
|faint|p1a: Milotic
|-damage|p2a: Multi Tool|4/100|[from] Recoil
|
|-heal|p2a: Multi Tool|10/100|[from] item: Leftovers
|upkeep
|
|t:|1781101856
|switch|p1a: Serperior|Serperior, F, tera:Steel|100/100
|-activate|p1a: Serperior|move: Sticky Web
|-boost|p1a: Serperior|spe|1
|turn|33
|
|t:|1781101867
|move|p1a: Serperior|Leaf Storm|p2a: Multi Tool
|-resisted|p2a: Multi Tool
|-damage|p2a: Multi Tool|0 fnt
|-boost|p1a: Serperior|spa|2
|faint|p2a: Multi Tool
|
|upkeep
|
|t:|1781101870
|switch|p2a: Isagi|Cinderace, F|48/100
|turn|34
|
|t:|1781101875
|move|p1a: Serperior|Dragon Pulse|p2a: Isagi
|-damage|p2a: Isagi|0 fnt
|faint|p2a: Isagi
|
|upkeep
|
|t:|1781101877
|switch|p2a: Omni-Mon|Iron Valiant|100/100
|-enditem|p2a: Omni-Mon|Booster Energy
|-activate|p2a: Omni-Mon|ability: Quark Drive|[fromitem]
|-start|p2a: Omni-Mon|quarkdrivespe
|turn|35
|
|t:|1781101882
|move|p2a: Omni-Mon|Encore|p1a: Serperior
|-start|p1a: Serperior|Encore
|move|p1a: Serperior|Dragon Pulse|p2a: Omni-Mon
|-immune|p2a: Omni-Mon
|
|upkeep
|turn|36
|-message|tauros3 forfeited.
|
|win|Cinder D Ace
|raw|tauros3's rating: 1526 &rarr; <strong>1506</strong><br />(-20 for losing)
|raw|Cinder D Ace's rating: 1528 &rarr; <strong>1548</strong><br />(+20 for winning)
|l|☆tauros3
|player|p1|
|l| mak7xz1
|l| sry 4 luck
|l|☆Cinder D Ace
|player|p2|
