|j|☆Chigusa_24zono
|j|‽lupiit
|t:|1781597223
|gametype|singles
|player|p1|Chigusa_24zono|lass|1562
|player|p2|lupiit|lucas|1513
|gen|9
|tier|[Gen 9] OU
|rated|
|rule|HP Percentage Mod: HP is shown in percentages
|rule|Endless Battle Clause: Forcing endless battles is banned
|rule|Species Clause: Limit one of each Pokémon
|rule|OHKO Clause: OHKO moves are banned
|rule|Evasion Items Clause: Evasion items are banned
|rule|Evasion Moves Clause: Evasion moves are banned
|rule|Evasion Abilities Clause: Evasion abilities are banned
|rule|Sleep Moves Clause: Sleep-inducing moves are banned
|clearpoke
|poke|p1|Slowking-Galar, F|
|poke|p1|Cetitan, F|
|poke|p1|Dragapult, F|
|poke|p1|Great Tusk|
|poke|p1|Moltres|
|poke|p1|Samurott-Hisui, F|
|poke|p2|Comfey, M|
|poke|p2|Skeledirge, M|
|poke|p2|Rillaboom, M|
|poke|p2|Samurott-Hisui, F|
|poke|p2|Necrozma|
|poke|p2|Hawlucha, M|
|teampreview
|inactive|Battle timer is ON: inactive players will automatically lose when time's up. (requested by lupiit)
|
|t:|1781597232
|teamsize|p1|6
|teamsize|p2|6
|start
|switch|p1a: Samurott|Samurott-Hisui, F, shiny|100/100
|switch|p2a: Hawlucha|Hawlucha, M|100/100
|-ability|p2a: Hawlucha|Mold Breaker
|turn|1
|
|t:|1781597239
|switch|p1a: Slowking|Slowking-Galar, F, shiny|100/100
|move|p2a: Hawlucha|Swords Dance|p2a: Hawlucha
|-boost|p2a: Hawlucha|atk|2
|
|upkeep
|turn|2
|
|t:|1781597245
|move|p2a: Hawlucha|Brave Bird|p1a: Slowking
|-crit|p1a: Slowking
|-damage|p1a: Slowking|0 fnt
|faint|p1a: Slowking
|-damage|p2a: Hawlucha|57/100|[from] Recoil
|
|upkeep
|
|t:|1781597256
|switch|p1a: Cetitan|Cetitan, F, shiny|100/100
|turn|3
|
|t:|1781597263
|switch|p2a: Samurott|Samurott-Hisui, F|100/100
|move|p1a: Cetitan|Ice Shard|p2a: Samurott
|-resisted|p2a: Samurott
|-damage|p2a: Samurott|86/100
|
|upkeep
|turn|4
|
|t:|1781597270
|move|p2a: Samurott|Ceaseless Edge|p1a: Cetitan
|-damage|p1a: Cetitan|36/100
|-sidestart|p1: Chigusa_24zono|Spikes
|-enditem|p1a: Cetitan|Sitrus Berry|[eat]
|-heal|p1a: Cetitan|61/100|[from] item: Sitrus Berry
|move|p1a: Cetitan|Belly Drum|p1a: Cetitan
|-damage|p1a: Cetitan|11/100
|-setboost|p1a: Cetitan|atk|6|[from] move: Belly Drum
|
|upkeep
|turn|5
|
|t:|1781597275
|move|p1a: Cetitan|Ice Shard|p2a: Samurott
|-resisted|p2a: Samurott
|-damage|p2a: Samurott|33/100
|move|p2a: Samurott|Ceaseless Edge|p1a: Cetitan
|-damage|p1a: Cetitan|0 fnt
|-sidestart|p1: Chigusa_24zono|Spikes
|faint|p1a: Cetitan
|
|upkeep
|
|t:|1781597279
|switch|p1a: Great Tusk|Great Tusk, shiny|100/100
|-damage|p1a: Great Tusk|84/100|[from] Spikes
|turn|6
|
|t:|1781597282
|switch|p2a: Skeledirge|Skeledirge, M|100/100
|move|p1a: Great Tusk|Rapid Spin|p2a: Skeledirge
|-immune|p2a: Skeledirge
|
|-heal|p1a: Great Tusk|90/100|[from] item: Leftovers
|upkeep
|turn|7
|
|t:|1781597292
|move|p1a: Great Tusk|Stealth Rock|p2a: Skeledirge
|-sidestart|p2: lupiit|move: Stealth Rock
|move|p2a: Skeledirge|Shadow Ball|p1a: Great Tusk
|-damage|p1a: Great Tusk|32/100
|
|-heal|p1a: Great Tusk|38/100|[from] item: Leftovers
|upkeep
|turn|8
|
|t:|1781597294
|move|p1a: Great Tusk|Knock Off|p2a: Skeledirge
|-supereffective|p2a: Skeledirge
|-damage|p2a: Skeledirge|35/100
|-enditem|p2a: Skeledirge|Metronome|[from] move: Knock Off|[of] p1a: Great Tusk
|move|p2a: Skeledirge|Shadow Ball|p1a: Great Tusk
|-damage|p1a: Great Tusk|0 fnt
|faint|p1a: Great Tusk
|-end|p1a: Great Tusk|Protosynthesis|[silent]
|
|upkeep
|
|t:|1781597300
|switch|p1a: Samurott|Samurott-Hisui, F, shiny|100/100
|-damage|p1a: Samurott|84/100|[from] Spikes
|turn|9
|
|t:|1781597303
|move|p2a: Skeledirge|Alluring Voice|p1a: Samurott
|-supereffective|p1a: Samurott
|-damage|p1a: Samurott|18/100
|move|p1a: Samurott|Ceaseless Edge|p2a: Skeledirge
|-supereffective|p2a: Skeledirge
|-damage|p2a: Skeledirge|0 fnt
|-sidestart|p2: lupiit|Spikes
|faint|p2a: Skeledirge
|
|upkeep
|
|t:|1781597308
|switch|p2a: Hawlucha|Hawlucha, M|57/100
|-damage|p2a: Hawlucha|44/100|[from] Stealth Rock
|-ability|p2a: Hawlucha|Mold Breaker
|turn|10
|
|t:|1781597314
|move|p2a: Hawlucha|Drain Punch|p1a: Samurott
|-supereffective|p1a: Samurott
|-damage|p1a: Samurott|0 fnt
|-heal|p2a: Hawlucha|55/100|[from] drain|[of] p1a: Samurott
|faint|p1a: Samurott
|
|upkeep
|
|t:|1781597319
|switch|p1a: Dragapult|Dragapult, F, shiny|100/100
|-damage|p1a: Dragapult|84/100|[from] Spikes
|turn|11
|
|t:|1781597325
|move|p1a: Dragapult|Phantom Force||[still]
|-prepare|p1a: Dragapult|Phantom Force
|move|p2a: Hawlucha|Brave Bird|p1a: Dragapult|[miss]
|-miss|p2a: Hawlucha|p1a: Dragapult
|
|upkeep
|turn|12
|
|t:|1781597330
|switch|p2a: Rillaboom|Rillaboom, M|100/100
|-damage|p2a: Rillaboom|88/100|[from] Stealth Rock
|-damage|p2a: Rillaboom|76/100|[from] Spikes
|-fieldstart|move: Grassy Terrain|[from] ability: Grassy Surge|[of] p2a: Rillaboom
|move|p1a: Dragapult|Phantom Force|p2a: Rillaboom|[from] lockedmove
|-damage|p2a: Rillaboom|7/100
|
|-heal|p1a: Dragapult|90/100|[from] Grassy Terrain
|-heal|p2a: Rillaboom|13/100|[from] Grassy Terrain
|upkeep
|turn|13
|
|t:|1781597339
|move|p1a: Dragapult|Phantom Force||[still]
|-prepare|p1a: Dragapult|Phantom Force
|move|p2a: Rillaboom|Knock Off|p1a: Dragapult|[miss]
|-miss|p2a: Rillaboom|p1a: Dragapult
|
|-heal|p2a: Rillaboom|20/100|[from] Grassy Terrain
|upkeep
|turn|14
|
|t:|1781597341
|move|p1a: Dragapult|Phantom Force|p2a: Rillaboom|[from] lockedmove
|-damage|p2a: Rillaboom|0 fnt
|faint|p2a: Rillaboom
|
|-heal|p1a: Dragapult|96/100|[from] Grassy Terrain
|upkeep
|
|t:|1781597344
|switch|p2a: Comfey|Comfey, M|100/100
|-damage|p2a: Comfey|88/100|[from] Stealth Rock
|-damage|p2a: Comfey|76/100|[from] Spikes
|turn|15
|
|t:|1781597347
|-terastallize|p1a: Dragapult|Ghost
|move|p2a: Comfey|Draining Kiss|p1a: Dragapult
|-damage|p1a: Dragapult|65/100
|-heal|p2a: Comfey|99/100|[from] drain|[of] p1a: Dragapult
|move|p1a: Dragapult|Phantom Force||[still]
|-prepare|p1a: Dragapult|Phantom Force
|
|-heal|p2a: Comfey|100/100|[from] Grassy Terrain
|upkeep
|turn|16
|
|t:|1781597350
|switch|p2a: Samurott|Samurott-Hisui, F|33/100
|-damage|p2a: Samurott|21/100|[from] Stealth Rock
|-damage|p2a: Samurott|8/100|[from] Spikes
|move|p1a: Dragapult|Phantom Force|p2a: Samurott|[from] lockedmove
|-resisted|p2a: Samurott
|-damage|p2a: Samurott|0 fnt
|faint|p2a: Samurott
|
|-heal|p1a: Dragapult|71/100|[from] Grassy Terrain
|upkeep
|
|t:|1781597352
|switch|p2a: Comfey|Comfey, M|100/100
|-damage|p2a: Comfey|88/100|[from] Stealth Rock
|-damage|p2a: Comfey|76/100|[from] Spikes
|turn|17
|
|t:|1781597354
|move|p2a: Comfey|Draining Kiss|p1a: Dragapult
|-damage|p1a: Dragapult|44/100
|-heal|p2a: Comfey|97/100|[from] drain|[of] p1a: Dragapult
|move|p1a: Dragapult|Phantom Force||[still]
|-prepare|p1a: Dragapult|Phantom Force
|
|-heal|p2a: Comfey|100/100|[from] Grassy Terrain
|upkeep
|turn|18
|
|t:|1781597359
|move|p1a: Dragapult|Phantom Force|p2a: Comfey|[from] lockedmove
|-damage|p2a: Comfey|0 fnt
|faint|p2a: Comfey
|
|-heal|p1a: Dragapult|50/100|[from] Grassy Terrain
|upkeep
|
|t:|1781597362
|switch|p2a: Necrozma|Necrozma|100/100
|-damage|p2a: Necrozma|88/100|[from] Stealth Rock
|-damage|p2a: Necrozma|76/100|[from] Spikes
|turn|19
|
|t:|1781597365
|move|p1a: Dragapult|Phantom Force||[still]
|-prepare|p1a: Dragapult|Phantom Force
|move|p2a: Necrozma|Trick Room|p2a: Necrozma
|-fieldstart|move: Trick Room|[of] p2a: Necrozma
|
|-heal|p2a: Necrozma|82/100|[from] Grassy Terrain
|-heal|p2a: Necrozma|88/100|[from] item: Leftovers
|-fieldend|move: Grassy Terrain
|upkeep
|turn|20
|
|t:|1781597367
|switch|p2a: Hawlucha|Hawlucha, M|55/100
|-damage|p2a: Hawlucha|43/100|[from] Stealth Rock
|-ability|p2a: Hawlucha|Mold Breaker
|move|p1a: Dragapult|Phantom Force|p2a: Hawlucha|[from] lockedmove
|-damage|p2a: Hawlucha|0 fnt
|faint|p2a: Hawlucha
|
|upkeep
|
|t:|1781597368
|switch|p2a: Necrozma|Necrozma|88/100
|-damage|p2a: Necrozma|76/100|[from] Stealth Rock
|-damage|p2a: Necrozma|63/100|[from] Spikes
|turn|21
|
|t:|1781597379
|move|p2a: Necrozma|Photon Geyser|p1a: Dragapult
|-damage|p1a: Dragapult|0 fnt
|faint|p1a: Dragapult
|
|-heal|p2a: Necrozma|69/100|[from] item: Leftovers
|upkeep
|
|t:|1781597381
|switch|p1a: Moltres|Moltres, shiny|100/100
|turn|22
|
|t:|1781597384
|move|p1a: Moltres|Roost||[still]
|-fail|p1a: Moltres|heal
|move|p2a: Necrozma|Photon Geyser|p1a: Moltres
|-damage|p1a: Moltres|49/100
|
|-heal|p2a: Necrozma|75/100|[from] item: Leftovers
|upkeep
|turn|23
|
|t:|1781597387
|move|p1a: Moltres|Roost|p1a: Moltres
|-heal|p1a: Moltres|99/100
|-singleturn|p1a: Moltres|move: Roost
|move|p2a: Necrozma|Photon Geyser|p1a: Moltres
|-damage|p1a: Moltres|46/100
|
|-heal|p2a: Necrozma|81/100|[from] item: Leftovers
|-fieldend|move: Trick Room
|upkeep
|turn|24
|
|t:|1781597390
|move|p2a: Necrozma|Calm Mind|p2a: Necrozma
|-boost|p2a: Necrozma|spa|1
|-boost|p2a: Necrozma|spd|1
|move|p1a: Moltres|Roost|p1a: Moltres
|-heal|p1a: Moltres|96/100
|-singleturn|p1a: Moltres|move: Roost
|
|-heal|p2a: Necrozma|87/100|[from] item: Leftovers
|upkeep
|turn|25
|
|t:|1781597393
|move|p2a: Necrozma|Photon Geyser|p1a: Moltres
|-damage|p1a: Moltres|23/100
|move|p1a: Moltres|Flamethrower|p2a: Necrozma
|-damage|p2a: Necrozma|55/100
|
|-heal|p2a: Necrozma|61/100|[from] item: Leftovers
|upkeep
|turn|26
|
|t:|1781597395
|move|p2a: Necrozma|Photon Geyser|p1a: Moltres
|-damage|p1a: Moltres|0 fnt
|faint|p1a: Moltres
|
|win|lupiit
|raw|Chigusa_24zono's rating: 1562 &rarr; <strong>1539</strong><br />(-23 for losing)
|raw|lupiit's rating: 1513 &rarr; <strong>1536</strong><br />(+23 for winning)
|l|‽lupiit
|player|p2|
|l|☆Chigusa_24zono
|player|p1|
