|j|☆cacao1
|j|☆buhuifeihhh
|t:|1781452699
|gametype|singles
|player|p1|cacao1|101|1551
|player|p2|buhuifeihhh|hilbert|1597
|gen|9
|tier|[Gen 9] OU
|rated|
|rule|HP Percentage Mod: HP is shown in percentages
|rule|Endless Battle Clause: Forcing endless battles is banned
|rule|Species Clause: Limit one of each Pokémon
|rule|OHKO Clause: OHKO moves are banned
|rule|Evasion Items Clause: Evasion items are banned
|rule|Evasion Moves Clause: Evasion moves are banned
|rule|Evasion Abilities Clause: Evasion abilities are banned
|rule|Sleep Moves Clause: Sleep-inducing moves are banned
|clearpoke
|poke|p1|Heatran, F|
|poke|p1|Torkoal, F|
|poke|p1|Hatterene, F|
|poke|p1|Walking Wake|
|poke|p1|Lilligant-Hisui, F|
|poke|p1|Great Tusk|
|poke|p2|Heatran, F|
|poke|p2|Rillaboom, F|
|poke|p2|Moltres-Galar|
|poke|p2|Weezing-Galar, F|
|poke|p2|Tyranitar, F|
|poke|p2|Volcanion|
|teampreview
|inactive|Battle timer is ON: inactive players will automatically lose when time's up. (requested by cacao1)
|
|t:|1781452714
|teamsize|p1|6
|teamsize|p2|6
|start
|switch|p1a: Torkoal|Torkoal, F|100/100
|switch|p2a: Heatran|Heatran, F|100/100
|-weather|SunnyDay|[from] ability: Drought|[of] p1a: Torkoal
|turn|1
|
|t:|1781452726
|switch|p1a: Walking Wake|Walking Wake|100/100
|-activate|p1a: Walking Wake|ability: Protosynthesis
|-start|p1a: Walking Wake|protosynthesisspe
|move|p2a: Heatran|Earth Power|p1a: Walking Wake
|-damage|p1a: Walking Wake|61/100
|
|-weather|SunnyDay|[upkeep]
|upkeep
|turn|2
|
|t:|1781452741
|switch|p2a: Volcanion|Volcanion|100/100
|move|p1a: Walking Wake|Hydro Steam|p2a: Volcanion
|-immune|p2a: Volcanion|[from] ability: Water Absorb
|
|-weather|SunnyDay|[upkeep]
|upkeep
|turn|3
|
|t:|1781452754
|move|p1a: Walking Wake|Substitute|p1a: Walking Wake
|-start|p1a: Walking Wake|Substitute
|-damage|p1a: Walking Wake|36/100
|move|p2a: Volcanion|Fire Blast|p1a: Walking Wake
|-resisted|p1a: Walking Wake
|-end|p1a: Walking Wake|Substitute
|
|-weather|SunnyDay|[upkeep]
|upkeep
|turn|4
|
|t:|1781452761
|move|p1a: Walking Wake|Draco Meteor|p2a: Volcanion
|-damage|p2a: Volcanion|39/100
|-unboost|p1a: Walking Wake|spa|2
|move|p2a: Volcanion|Earth Power|p1a: Walking Wake
|-damage|p1a: Walking Wake|0 fnt
|faint|p1a: Walking Wake
|-end|p1a: Walking Wake|Protosynthesis|[silent]
|
|-weather|SunnyDay|[upkeep]
|-heal|p2a: Volcanion|45/100|[from] item: Leftovers
|upkeep
|
|t:|1781452776
|switch|p1a: Lilligant|Lilligant-Hisui, F|100/100
|turn|5
|
|t:|1781452781
|move|p1a: Lilligant|Solar Blade||[still]
|-prepare|p1a: Lilligant|Solar Blade
|-anim|p1a: Lilligant|Solar Blade|p2a: Volcanion
|-damage|p2a: Volcanion|0 fnt
|faint|p2a: Volcanion
|-damage|p1a: Lilligant|91/100|[from] item: Life Orb
|
|-weather|SunnyDay|[upkeep]
|upkeep
|
|t:|1781452789
|switch|p2a: Weezing|Weezing-Galar, F|100/100
|turn|6
|
|t:|1781452792
|switch|p1a: Heatran|Heatran, F|100/100
|move|p2a: Weezing|Strange Steam|p1a: Heatran
|-resisted|p1a: Heatran
|-damage|p1a: Heatran|93/100
|
|-weather|SunnyDay|[upkeep]
|upkeep
|turn|7
|
|t:|1781452803
|switch|p2a: Tyranitar|Tyranitar, F|100/100
|-weather|Sandstorm|[from] ability: Sand Stream|[of] p2a: Tyranitar
|move|p1a: Heatran|Flash Cannon|p2a: Tyranitar
|-supereffective|p2a: Tyranitar
|-damage|p2a: Tyranitar|59/100
|
|-weather|Sandstorm|[upkeep]
|upkeep
|turn|8
|
|t:|1781452811
|switch|p1a: Great Tusk|Great Tusk|100/100
|move|p2a: Tyranitar|Knock Off|p1a: Great Tusk
|-resisted|p1a: Great Tusk
|-damage|p1a: Great Tusk|79/100
|-enditem|p1a: Great Tusk|Choice Scarf|[from] move: Knock Off|[of] p2a: Tyranitar
|
|-weather|Sandstorm|[upkeep]
|upkeep
|turn|9
|
|t:|1781452820
|-end|p1a: Great Tusk|Protosynthesis|[silent]
|switch|p1a: Heatran|Heatran, F|93/100
|switch|p2a: Weezing|Weezing-Galar, F|100/100
|
|-weather|Sandstorm|[upkeep]
|-damage|p2a: Weezing|94/100|[from] Sandstorm
|-heal|p2a: Weezing|100/100|[from] item: Leftovers
|upkeep
|turn|10
|
|t:|1781452831
|switch|p2a: Heatran|Heatran, F|100/100
|move|p1a: Heatran|Earth Power|p2a: Heatran
|-supereffective|p2a: Heatran
|-damage|p2a: Heatran|0 fnt
|faint|p2a: Heatran
|
|-weather|Sandstorm|[upkeep]
|upkeep
|
|t:|1781452835
|switch|p2a: Rillaboom|Rillaboom, F|100/100
|-fieldstart|move: Grassy Terrain|[from] ability: Grassy Surge|[of] p2a: Rillaboom
|turn|11
|
|t:|1781452838
|switch|p1a: Torkoal|Torkoal, F|100/100
|-weather|SunnyDay|[from] ability: Drought|[of] p1a: Torkoal
|move|p2a: Rillaboom|High Horsepower|p1a: Torkoal
|-supereffective|p1a: Torkoal
|-damage|p1a: Torkoal|44/100
|
|-weather|SunnyDay|[upkeep]
|-heal|p1a: Torkoal|50/100|[from] Grassy Terrain
|upkeep
|turn|12
|
|t:|1781452848
|switch|p1a: Lilligant|Lilligant-Hisui, F|91/100
|move|p2a: Rillaboom|High Horsepower|p1a: Lilligant
|-resisted|p1a: Lilligant
|-damage|p1a: Lilligant|48/100
|
|-weather|SunnyDay|[upkeep]
|-heal|p1a: Lilligant|54/100|[from] Grassy Terrain
|upkeep
|turn|13
|
|t:|1781452859
|switch|p2a: Weezing|Weezing-Galar, F|100/100
|move|p1a: Lilligant|Solar Blade||[still]
|-prepare|p1a: Lilligant|Solar Blade
|-anim|p1a: Lilligant|Solar Blade|p2a: Weezing
|-resisted|p2a: Weezing
|-damage|p2a: Weezing|53/100
|-damage|p1a: Lilligant|44/100|[from] item: Life Orb
|
|-weather|SunnyDay|[upkeep]
|-heal|p1a: Lilligant|50/100|[from] Grassy Terrain
|-heal|p2a: Weezing|59/100|[from] item: Leftovers
|upkeep
|turn|14
|
|t:|1781452869
|switch|p1a: Heatran|Heatran, F|93/100
|move|p2a: Weezing|Pain Split|p1a: Heatran
|-sethp|p1a: Heatran|71/100|[from] move: Pain Split|[silent]
|-sethp|p2a: Weezing|85/100|[from] move: Pain Split
|
|-weather|SunnyDay|[upkeep]
|-heal|p1a: Heatran|78/100|[from] Grassy Terrain
|-heal|p2a: Weezing|91/100|[from] item: Leftovers
|upkeep
|turn|15
|
|t:|1781452886
|switch|p2a: Moltres|Moltres-Galar|100/100
|move|p1a: Heatran|Flash Cannon|p2a: Moltres
|-damage|p2a: Moltres|44/100
|-ability|p2a: Moltres|Berserk|boost
|-boost|p2a: Moltres|spa|1
|-enditem|p2a: Moltres|Sitrus Berry|[eat]
|-heal|p2a: Moltres|69/100|[from] item: Sitrus Berry
|
|-weather|SunnyDay|[upkeep]
|-heal|p1a: Heatran|84/100|[from] Grassy Terrain
|-fieldend|move: Grassy Terrain
|upkeep
|turn|16
|
|t:|1781452897
|move|p1a: Heatran|Flash Cannon|p2a: Moltres
|-damage|p2a: Moltres|13/100
|-ability|p2a: Moltres|Berserk|boost
|-boost|p2a: Moltres|spa|1
|move|p2a: Moltres|Fiery Wrath|p1a: Heatran
|-damage|p1a: Heatran|5/100
|
|-weather|SunnyDay|[upkeep]
|upkeep
|turn|17
|
|t:|1781452922
|move|p1a: Heatran|Flash Cannon|p2a: Moltres
|-damage|p2a: Moltres|0 fnt
|faint|p2a: Moltres
|
|-weather|SunnyDay|[upkeep]
|upkeep
|
|t:|1781452925
|switch|p2a: Rillaboom|Rillaboom, F|100/100
|-fieldstart|move: Grassy Terrain|[from] ability: Grassy Surge|[of] p2a: Rillaboom
|turn|18
|
|t:|1781452938
|switch|p1a: Great Tusk|Great Tusk|79/100
|-activate|p1a: Great Tusk|ability: Protosynthesis
|-start|p1a: Great Tusk|protosynthesisatk
|move|p2a: Rillaboom|High Horsepower|p1a: Great Tusk
|-damage|p1a: Great Tusk|39/100
|
|-weather|none
|-end|p1a: Great Tusk|Protosynthesis
|-heal|p1a: Great Tusk|46/100|[from] Grassy Terrain
|upkeep
|turn|19
|
|t:|1781452948
|switch|p2a: Weezing|Weezing-Galar, F|91/100
|move|p1a: Great Tusk|Knock Off|p2a: Weezing
|-resisted|p2a: Weezing
|-damage|p2a: Weezing|75/100
|-enditem|p2a: Weezing|Leftovers|[from] move: Knock Off|[of] p1a: Great Tusk
|
|-heal|p1a: Great Tusk|52/100|[from] Grassy Terrain
|upkeep
|turn|20
|
|t:|1781452958
|-end|p1a: Great Tusk|Protosynthesis|[silent]
|switch|p1a: Torkoal|Torkoal, F|50/100
|-weather|SunnyDay|[from] ability: Drought|[of] p1a: Torkoal
|move|p2a: Weezing|Strange Steam|p1a: Torkoal|[miss]
|-miss|p2a: Weezing|p1a: Torkoal
|
|-weather|SunnyDay|[upkeep]
|-heal|p1a: Torkoal|56/100|[from] Grassy Terrain
|upkeep
|turn|21
|
|t:|1781452968
|switch|p2a: Tyranitar|Tyranitar, F|59/100
|-weather|Sandstorm|[from] ability: Sand Stream|[of] p2a: Tyranitar
|switch|p1a: Heatran|Heatran, F|5/100
|
|-weather|Sandstorm|[upkeep]
|-heal|p1a: Heatran|11/100|[from] Grassy Terrain
|-heal|p2a: Tyranitar|66/100|[from] Grassy Terrain
|upkeep
|turn|22
|
|t:|1781452980
|switch|p1a: Hatterene|Hatterene, F|100/100
|move|p2a: Tyranitar|Knock Off|p1a: Hatterene
|-damage|p1a: Hatterene|41/100
|-enditem|p1a: Hatterene|Leftovers|[from] move: Knock Off|[of] p2a: Tyranitar
|
|-weather|Sandstorm|[upkeep]
|-damage|p1a: Hatterene|35/100|[from] Sandstorm
|-heal|p2a: Tyranitar|72/100|[from] Grassy Terrain
|-heal|p1a: Hatterene|41/100|[from] Grassy Terrain
|-fieldend|move: Grassy Terrain
|upkeep
|turn|23
|
|t:|1781452992
|move|p2a: Tyranitar|Stone Edge|p1a: Hatterene
|-damage|p1a: Hatterene|0 fnt
|faint|p1a: Hatterene
|
|-weather|Sandstorm|[upkeep]
|upkeep
|
|t:|1781453002
|switch|p1a: Lilligant|Lilligant-Hisui, F|50/100
|turn|24
|
|t:|1781453008
|switch|p1a: Heatran|Heatran, F|11/100
|switch|p2a: Weezing|Weezing-Galar, F|75/100
|
|-weather|Sandstorm|[upkeep]
|-damage|p2a: Weezing|69/100|[from] Sandstorm
|upkeep
|turn|25
|
|t:|1781453021
|switch|p2a: Rillaboom|Rillaboom, F|100/100
|-fieldstart|move: Grassy Terrain|[from] ability: Grassy Surge|[of] p2a: Rillaboom
|move|p1a: Heatran|Flash Cannon|p2a: Rillaboom
|-damage|p2a: Rillaboom|16/100
|
|-weather|none
|-heal|p1a: Heatran|17/100|[from] Grassy Terrain
|-heal|p2a: Rillaboom|22/100|[from] Grassy Terrain
|upkeep
|turn|26
|
|t:|1781453041
|switch|p1a: Great Tusk|Great Tusk|52/100
|move|p2a: Rillaboom|Grassy Glide|p1a: Great Tusk
|-supereffective|p1a: Great Tusk
|-damage|p1a: Great Tusk|0 fnt
|faint|p1a: Great Tusk
|-end|p1a: Great Tusk|Protosynthesis|[silent]
|
|-heal|p2a: Rillaboom|28/100|[from] Grassy Terrain
|upkeep
|
|t:|1781453048
|switch|p1a: Torkoal|Torkoal, F|56/100
|-weather|SunnyDay|[from] ability: Drought|[of] p1a: Torkoal
|turn|27
|
|t:|1781453059
|switch|p2a: Tyranitar|Tyranitar, F|72/100
|-weather|Sandstorm|[from] ability: Sand Stream|[of] p2a: Tyranitar
|move|p1a: Torkoal|Body Press|p2a: Tyranitar
|-supereffective|p2a: Tyranitar
|-damage|p2a: Tyranitar|0 fnt
|faint|p2a: Tyranitar
|
|-weather|Sandstorm|[upkeep]
|-damage|p1a: Torkoal|50/100|[from] Sandstorm
|-heal|p1a: Torkoal|56/100|[from] Grassy Terrain
|upkeep
|
|t:|1781453066
|switch|p2a: Rillaboom|Rillaboom, F|28/100
|turn|28
|
|t:|1781453078
|switch|p1a: Lilligant|Lilligant-Hisui, F|50/100
|move|p2a: Rillaboom|High Horsepower|p1a: Lilligant
|-resisted|p1a: Lilligant
|-damage|p1a: Lilligant|11/100
|
|-weather|Sandstorm|[upkeep]
|-damage|p1a: Lilligant|5/100|[from] Sandstorm
|-damage|p2a: Rillaboom|22/100|[from] Sandstorm
|-heal|p1a: Lilligant|11/100|[from] Grassy Terrain
|-heal|p2a: Rillaboom|28/100|[from] Grassy Terrain
|upkeep
|turn|29
|
|t:|1781453088
|switch|p2a: Weezing|Weezing-Galar, F|69/100
|move|p1a: Lilligant|Close Combat|p2a: Weezing
|-resisted|p2a: Weezing
|-damage|p2a: Weezing|53/100
|-unboost|p1a: Lilligant|def|1
|-unboost|p1a: Lilligant|spd|1
|-damage|p1a: Lilligant|1/100|[from] item: Life Orb
|
|-weather|Sandstorm|[upkeep]
|-damage|p1a: Lilligant|0 fnt|[from] Sandstorm
|-damage|p2a: Weezing|47/100|[from] Sandstorm
|faint|p1a: Lilligant
|-fieldend|move: Grassy Terrain
|upkeep
|
|t:|1781453092
|switch|p1a: Heatran|Heatran, F|17/100
|turn|30
|
|t:|1781453104
|-terastallize|p2a: Weezing|Steel
|move|p1a: Heatran|Flash Cannon|p2a: Weezing
|-resisted|p2a: Weezing
|-damage|p2a: Weezing|10/100
|move|p2a: Weezing|Strange Steam|p1a: Heatran
|-resisted|p1a: Heatran
|-damage|p1a: Heatran|11/100
|
|-weather|Sandstorm|[upkeep]
|upkeep
|turn|31
|
|t:|1781453113
|move|p1a: Heatran|Flash Cannon|p2a: Weezing
|-resisted|p2a: Weezing
|-damage|p2a: Weezing|0 fnt
|faint|p2a: Weezing
|
|-weather|none
|upkeep
|
|t:|1781453115
|switch|p2a: Rillaboom|Rillaboom, F|28/100
|-fieldstart|move: Grassy Terrain|[from] ability: Grassy Surge|[of] p2a: Rillaboom
|turn|32
|
|t:|1781453120
|move|p2a: Rillaboom|Grassy Glide|p1a: Heatran
|-resisted|p1a: Heatran
|-damage|p1a: Heatran|0 fnt
|faint|p1a: Heatran
|
|-heal|p2a: Rillaboom|34/100|[from] Grassy Terrain
|upkeep
|
|t:|1781453124
|switch|p1a: Torkoal|Torkoal, F|56/100
|-weather|SunnyDay|[from] ability: Drought|[of] p1a: Torkoal
|turn|33
|
|t:|1781453128
|move|p2a: Rillaboom|Grassy Glide|p1a: Torkoal
|-resisted|p1a: Torkoal
|-damage|p1a: Torkoal|40/100
|move|p1a: Torkoal|Weather Ball|p2a: Rillaboom
|-supereffective|p2a: Rillaboom
|-damage|p2a: Rillaboom|0 fnt
|faint|p2a: Rillaboom
|
|win|cacao1
|raw|cacao1's rating: 1551 &rarr; <strong>1574</strong><br />(+23 for winning)
|raw|buhuifeihhh's rating: 1597 &rarr; <strong>1574</strong><br />(-23 for losing)
|l|☆buhuifeihhh
|player|p2|
|l|☆cacao1
|player|p1|
