|j|☆fulkttd
|j|☆Efrain.9
|t:|1781067924
|gametype|singles
|player|p1|fulkttd|102|1485
|player|p2|Efrain.9|hilbert-wonderlauncher|1538
|gen|9
|tier|[Gen 9] OU
|rated|
|rule|HP Percentage Mod: HP is shown in percentages
|rule|Endless Battle Clause: Forcing endless battles is banned
|rule|Species Clause: Limit one of each Pokémon
|rule|OHKO Clause: OHKO moves are banned
|rule|Evasion Items Clause: Evasion items are banned
|rule|Evasion Moves Clause: Evasion moves are banned
|rule|Evasion Abilities Clause: Evasion abilities are banned
|rule|Sleep Moves Clause: Sleep-inducing moves are banned
|clearpoke
|poke|p1|Ting-Lu|
|poke|p1|Samurott-Hisui, F|
|poke|p1|Zamazenta-*|
|poke|p1|Iron Treads|
|poke|p1|Gholdengo|
|poke|p1|Dragonite, F|
|poke|p2|Pelipper, F|
|poke|p2|Great Tusk|
|poke|p2|Weezing-Galar, M|
|poke|p2|Gholdengo|
|poke|p2|Raging Bolt|
|poke|p2|Ogerpon-Wellspring, F|
|teampreview
|inactive|Battle timer is ON: inactive players will automatically lose when time's up. (requested by fulkttd)
|
|t:|1781067933
|teamsize|p1|6
|teamsize|p2|6
|start
|switch|p1a: Ting-Lu|Ting-Lu|100/100
|switch|p2a: Great Tusk|Great Tusk|100/100
|-ability|p1a: Ting-Lu|Vessel of Ruin
|turn|1
|
|t:|1781067939
|move|p2a: Great Tusk|Stealth Rock|p1a: Ting-Lu
|-sidestart|p1: fulkttd|move: Stealth Rock
|move|p1a: Ting-Lu|Earthquake|p2a: Great Tusk
|-damage|p2a: Great Tusk|66/100
|
|upkeep
|turn|2
|
|t:|1781067944
|-end|p2a: Great Tusk|Protosynthesis|[silent]
|switch|p2a: Pelipper|Pelipper, F|100/100
|-weather|RainDance|[from] ability: Drizzle|[of] p2a: Pelipper
|move|p1a: Ting-Lu|Stealth Rock|p2a: Pelipper
|-sidestart|p2: Efrain.9|move: Stealth Rock
|
|-weather|RainDance|[upkeep]
|upkeep
|turn|3
|
|t:|1781067951
|move|p2a: Pelipper|Weather Ball|p1a: Ting-Lu
|-supereffective|p1a: Ting-Lu
|-damage|p1a: Ting-Lu|35/100
|-enditem|p1a: Ting-Lu|Weakness Policy
|-boost|p1a: Ting-Lu|atk|2|[from] item: Weakness Policy
|-boost|p1a: Ting-Lu|spa|2|[from] item: Weakness Policy
|move|p1a: Ting-Lu|Payback|p2a: Pelipper
|-damage|p2a: Pelipper|15/100
|
|-weather|RainDance|[upkeep]
|upkeep
|turn|4
|
|t:|1781067959
|move|p2a: Pelipper|Weather Ball|p1a: Ting-Lu
|-supereffective|p1a: Ting-Lu
|-damage|p1a: Ting-Lu|0 fnt
|faint|p1a: Ting-Lu
|
|-weather|RainDance|[upkeep]
|upkeep
|
|t:|1781067964
|switch|p1a: Samurott|Samurott-Hisui, F|100/100
|-damage|p1a: Samurott|88/100|[from] Stealth Rock
|turn|5
|
|t:|1781067988
|move|p1a: Samurott|Ceaseless Edge|p2a: Pelipper
|-damage|p2a: Pelipper|0 fnt
|-sidestart|p2: Efrain.9|Spikes
|faint|p2a: Pelipper
|-damage|p1a: Samurott|78/100|[from] item: Life Orb
|
|-weather|RainDance|[upkeep]
|upkeep
|
|t:|1781067995
|switch|p2a: Great Tusk|Great Tusk|66/100
|-damage|p2a: Great Tusk|63/100|[from] Stealth Rock
|-damage|p2a: Great Tusk|51/100|[from] Spikes
|turn|6
|
|t:|1781068001
|move|p1a: Samurott|Aqua Jet|p2a: Great Tusk
|-supereffective|p2a: Great Tusk
|-damage|p2a: Great Tusk|2/100
|-damage|p1a: Samurott|68/100|[from] item: Life Orb
|move|p2a: Great Tusk|Headlong Rush|p1a: Samurott
|-damage|p1a: Samurott|0 fnt
|-unboost|p2a: Great Tusk|def|1
|-unboost|p2a: Great Tusk|spd|1
|faint|p1a: Samurott
|
|-weather|none
|upkeep
|
|t:|1781068012
|switch|p1a: Zamazenta|Zamazenta|100/100
|-damage|p1a: Zamazenta|94/100|[from] Stealth Rock
|-ability|p1a: Zamazenta|Dauntless Shield|boost
|-boost|p1a: Zamazenta|def|1
|turn|7
|
|t:|1781068018
|-end|p2a: Great Tusk|Protosynthesis|[silent]
|switch|p2a: Weezing|Weezing-Galar, M|100/100
|-damage|p2a: Weezing|88/100|[from] Stealth Rock
|move|p1a: Zamazenta|Heavy Slam|p2a: Weezing
|-supereffective|p2a: Weezing
|-damage|p2a: Weezing|33/100
|
|-heal|p2a: Weezing|39/100|[from] item: Leftovers
|upkeep
|turn|8
|
|t:|1781068026
|-terastallize|p2a: Weezing|Poison
|move|p1a: Zamazenta|Heavy Slam|p2a: Weezing
|-damage|p2a: Weezing|11/100
|move|p2a: Weezing|Defog|p1a: Zamazenta
|-unboost|p1a: Zamazenta|evasion|1
|-sideend|p1: fulkttd|Stealth Rock|[from] move: Defog|[of] p2a: Weezing
|-sideend|p2: Efrain.9|Spikes|[from] move: Defog|[of] p2a: Weezing
|-sideend|p2: Efrain.9|Stealth Rock|[from] move: Defog|[of] p2a: Weezing
|
|-heal|p2a: Weezing|17/100|[from] item: Leftovers
|upkeep
|turn|9
|
|t:|1781068036
|move|p1a: Zamazenta|Heavy Slam|p2a: Weezing
|-damage|p2a: Weezing|0 fnt
|faint|p2a: Weezing
|
|upkeep
|
|t:|1781068041
|switch|p2a: Raging Bolt|Raging Bolt|100/100
|turn|10
|
|t:|1781068044
|move|p1a: Zamazenta|Close Combat|p2a: Raging Bolt
|-damage|p2a: Raging Bolt|48/100
|-unboost|p1a: Zamazenta|def|1
|-unboost|p1a: Zamazenta|spd|1
|move|p2a: Raging Bolt|Draco Meteor|p1a: Zamazenta
|-damage|p1a: Zamazenta|0 fnt
|-unboost|p2a: Raging Bolt|spa|2
|faint|p1a: Zamazenta
|
|upkeep
|
|t:|1781068050
|switch|p1a: Iron Treads|Iron Treads|100/100
|turn|11
|
|t:|1781068069
|-end|p2a: Raging Bolt|Protosynthesis|[silent]
|switch|p2a: Ogerpon|Ogerpon-Wellspring, F|100/100
|move|p1a: Iron Treads|Ice Spinner|p2a: Ogerpon
|-damage|p2a: Ogerpon|66/100
|
|upkeep
|turn|12
|
|t:|1781068076
|move|p2a: Ogerpon|Ivy Cudgel|p1a: Iron Treads|[anim] Ivy Cudgel Water
|-supereffective|p1a: Iron Treads
|-crit|p1a: Iron Treads
|-damage|p1a: Iron Treads|0 fnt
|faint|p1a: Iron Treads
|-end|p1a: Iron Treads|Quark Drive|[silent]
|
|upkeep
|
|t:|1781068081
|switch|p1a: Gholdengo|Gholdengo|100/100
|turn|13
|inactive|Efrain.9 has 120 seconds left.
|
|t:|1781068136
|move|p2a: Ogerpon|Ivy Cudgel|p1a: Gholdengo|[anim] Ivy Cudgel Water
|-crit|p1a: Gholdengo
|-damage|p1a: Gholdengo|8/100
|move|p1a: Gholdengo|Shadow Ball|p2a: Ogerpon
|-damage|p2a: Ogerpon|20/100
|
|-heal|p1a: Gholdengo|14/100|[from] item: Leftovers
|upkeep
|turn|14
|
|t:|1781068144
|move|p2a: Ogerpon|Ivy Cudgel|p1a: Gholdengo|[anim] Ivy Cudgel Water
|-damage|p1a: Gholdengo|0 fnt
|faint|p1a: Gholdengo
|
|upkeep
|
|t:|1781068146
|switch|p1a: Dragonite|Dragonite, F|100/100
|turn|15
|
|t:|1781068150
|move|p2a: Ogerpon|Taunt|p1a: Dragonite
|-start|p1a: Dragonite|move: Taunt
|cant|p1a: Dragonite|move: Taunt|Dragon Dance
|
|upkeep
|turn|16
|
|t:|1781068155
|move|p1a: Dragonite|Extreme Speed|p2a: Ogerpon
|-damage|p2a: Ogerpon|0 fnt
|faint|p2a: Ogerpon
|
|upkeep
|
|t:|1781068160
|switch|p2a: Gholdengo|Gholdengo|100/100
|-item|p2a: Gholdengo|Air Balloon
|turn|17
|inactive|Efrain.9 has 120 seconds left.
|
|t:|1781068181
|move|p1a: Dragonite|Fire Punch|p2a: Gholdengo
|-supereffective|p2a: Gholdengo
|-damage|p2a: Gholdengo|41/100
|-status|p2a: Gholdengo|brn
|-enditem|p2a: Gholdengo|Air Balloon
|move|p2a: Gholdengo|Substitute|p2a: Gholdengo
|-start|p2a: Gholdengo|Substitute
|-damage|p2a: Gholdengo|16/100 brn
|
|-damage|p2a: Gholdengo|10/100 brn|[from] brn
|-end|p1a: Dragonite|move: Taunt
|upkeep
|turn|18
|inactive|Efrain.9 has 120 seconds left.
|
|t:|1781068195
|move|p1a: Dragonite|Earthquake|p2a: Gholdengo
|-supereffective|p2a: Gholdengo
|-end|p2a: Gholdengo|Substitute
|move|p2a: Gholdengo|Psyshock|p1a: Dragonite
|-damage|p1a: Dragonite|84/100
|
|-damage|p2a: Gholdengo|3/100 brn|[from] brn
|upkeep
|turn|19
|
|t:|1781068205
|-terastallize|p1a: Dragonite|Fire
|move|p1a: Dragonite|Dragon Dance|p1a: Dragonite
|-boost|p1a: Dragonite|atk|1
|-boost|p1a: Dragonite|spe|1
|move|p2a: Gholdengo|Shadow Ball|p1a: Dragonite
|-damage|p1a: Dragonite|38/100
|
|-damage|p2a: Gholdengo|0 fnt|[from] brn
|faint|p2a: Gholdengo
|upkeep
|inactive|Efrain.9 has 120 seconds left.
|
|t:|1781068219
|switch|p2a: Raging Bolt|Raging Bolt|48/100
|turn|20
|
|t:|1781068222
|move|p1a: Dragonite|Extreme Speed|p2a: Raging Bolt
|-damage|p2a: Raging Bolt|6/100
|move|p2a: Raging Bolt|Thunderclap||[still]
|-fail|p2a: Raging Bolt
|
|upkeep
|turn|21
|-message|Efrain.9 forfeited.
|
|win|fulkttd
|raw|fulkttd's rating: 1485 &rarr; <strong>1508</strong><br />(+23 for winning)
|raw|Efrain.9's rating: 1538 &rarr; <strong>1515</strong><br />(-23 for losing)
|l|☆Efrain.9
|player|p2|
|l|☆fulkttd
|player|p1|
