|j|☆iamverykarpy
|j|☆databricks
|t:|1781268474
|gametype|singles
|player|p1|iamverykarpy|colress|1800
|player|p2|databricks|lucas|1729
|gen|9
|tier|[Gen 9] OU
|rated|
|rule|HP Percentage Mod: HP is shown in percentages
|rule|Endless Battle Clause: Forcing endless battles is banned
|rule|Species Clause: Limit one of each Pokémon
|rule|OHKO Clause: OHKO moves are banned
|rule|Evasion Items Clause: Evasion items are banned
|rule|Evasion Moves Clause: Evasion moves are banned
|rule|Evasion Abilities Clause: Evasion abilities are banned
|rule|Sleep Moves Clause: Sleep-inducing moves are banned
|clearpoke
|poke|p1|Cetitan, F|
|poke|p1|Slowking-Galar, M|
|poke|p1|Kyurem|
|poke|p1|Rillaboom, F|
|poke|p1|Alomomola, F|
|poke|p1|Great Tusk|
|poke|p2|Zamazenta-*|
|poke|p2|Ogerpon-Wellspring, F|
|poke|p2|Garganacl, F|
|poke|p2|Moltres|
|poke|p2|Iron Treads|
|poke|p2|Darkrai|
|teampreview
|inactive|Battle timer is ON: inactive players will automatically lose when time's up. (requested by databricks)
|inactive|iamverykarpy also wants the timer to be on.
|
|t:|1781268496
|teamsize|p1|6
|teamsize|p2|6
|start
|switch|p1a: Kyurem|Kyurem, shiny|100/100
|switch|p2a: Nex|Moltres|100/100
|-ability|p1a: Kyurem|Pressure
|turn|1
|j| hindus curry
|
|t:|1781268507
|switch|p2a: Corporeal Beast|Garganacl, F|100/100
|move|p1a: Kyurem|Ice Beam|p2a: Corporeal Beast
|-damage|p2a: Corporeal Beast|56/100
|
|-heal|p2a: Corporeal Beast|62/100|[from] item: Leftovers
|upkeep
|turn|2
|
|t:|1781268533
|move|p1a: Kyurem|Ice Beam|p2a: Corporeal Beast
|-damage|p2a: Corporeal Beast|20/100
|move|p2a: Corporeal Beast|Salt Cure|p1a: Kyurem
|-supereffective|p1a: Kyurem
|-damage|p1a: Kyurem|74/100
|-start|p1a: Kyurem|Salt Cure
|
|-heal|p2a: Corporeal Beast|26/100|[from] item: Leftovers
|-damage|p1a: Kyurem|61/100|[from] Salt Cure
|upkeep
|turn|3
|
|t:|1781268538
|switch|p2a: Callisto|Iron Treads|100/100
|move|p1a: Kyurem|Ice Beam|p2a: Callisto
|-damage|p2a: Callisto|14/100
|
|-heal|p2a: Callisto|21/100|[from] item: Leftovers
|-damage|p1a: Kyurem|49/100|[from] Salt Cure
|upkeep
|turn|4
|
|t:|1781268545
|switch|p1a: Alomomola|Alomomola, F|100/100
|move|p2a: Callisto|Stealth Rock|p1a: Alomomola
|-sidestart|p1: iamverykarpy|move: Stealth Rock
|
|-heal|p2a: Callisto|27/100|[from] item: Leftovers
|upkeep
|turn|5
|
|t:|1781268547
|-end|p2a: Callisto|Quark Drive|[silent]
|switch|p2a: The Whisperer|Ogerpon-Wellspring, F|100/100
|move|p1a: Alomomola|Wish|p1a: Alomomola
|
|upkeep
|turn|6
|
|t:|1781268556
|switch|p1a: Rillaboom|Rillaboom, F|100/100
|-damage|p1a: Rillaboom|88/100|[from] Stealth Rock
|-fieldstart|move: Grassy Terrain|[from] ability: Grassy Surge|[of] p1a: Rillaboom
|move|p2a: The Whisperer|Knock Off|p1a: Rillaboom
|-damage|p1a: Rillaboom|47/100
|-enditem|p1a: Rillaboom|Choice Band|[from] move: Knock Off|[of] p2a: The Whisperer
|
|-heal|p1a: Rillaboom|100/100|[from] move: Wish|[wisher] Alomomola
|upkeep
|turn|7
|
|t:|1781268559
|move|p2a: The Whisperer|U-turn|p1a: Rillaboom
|-supereffective|p1a: Rillaboom
|-damage|p1a: Rillaboom|44/100
|
|t:|1781268561
|switch|p2a: Nex|Moltres|100/100|[from] U-turn
|move|p1a: Rillaboom|U-turn|p2a: Nex
|-resisted|p2a: Nex
|-damage|p2a: Nex|95/100
|-status|p1a: Rillaboom|brn|[from] ability: Flame Body|[of] p2a: Nex
|
|t:|1781268565
|switch|p1a: Slowking|Slowking-Galar, M, shiny|100/100|[from] U-turn
|-damage|p1a: Slowking|88/100|[from] Stealth Rock
|
|-heal|p1a: Slowking|94/100|[from] Grassy Terrain
|upkeep
|turn|8
|
|t:|1781268570
|switch|p2a: Corporeal Beast|Garganacl, F|26/100
|move|p1a: Slowking|Future Sight|p2a: Corporeal Beast
|-start|p1a: Slowking|move: Future Sight
|
|-heal|p2a: Corporeal Beast|32/100|[from] Grassy Terrain
|-heal|p2a: Corporeal Beast|39/100|[from] item: Leftovers
|-heal|p1a: Slowking|99/100|[from] Grassy Terrain
|upkeep
|turn|9
|
|t:|1781268575
|move|p2a: Corporeal Beast|Recover|p2a: Corporeal Beast
|-heal|p2a: Corporeal Beast|89/100
|-prepare|p1a: Slowking|Chilly Reception|[premajor]
|move|p1a: Slowking|Chilly Reception|p1a: Slowking
|-weather|Snowscape
|
|t:|1781268578
|switch|p1a: Great Tusk|Great Tusk|100/100|[from] Chilly Reception
|-damage|p1a: Great Tusk|97/100|[from] Stealth Rock
|
|-weather|Snowscape|[upkeep]
|-heal|p1a: Great Tusk|100/100|[from] Grassy Terrain
|-heal|p2a: Corporeal Beast|95/100|[from] Grassy Terrain
|-heal|p2a: Corporeal Beast|100/100|[from] item: Leftovers
|upkeep
|turn|10
|
|t:|1781268584
|move|p1a: Great Tusk|Stealth Rock|p2a: Corporeal Beast
|-sidestart|p2: databricks|move: Stealth Rock
|move|p2a: Corporeal Beast|Salt Cure|p1a: Great Tusk
|-resisted|p1a: Great Tusk
|-damage|p1a: Great Tusk|98/100
|-start|p1a: Great Tusk|Salt Cure
|
|-weather|Snowscape|[upkeep]
|-end|p2a: Corporeal Beast|move: Future Sight
|-damage|p2a: Corporeal Beast|70/100
|-heal|p1a: Great Tusk|100/100|[from] Grassy Terrain
|-heal|p2a: Corporeal Beast|76/100|[from] Grassy Terrain
|-heal|p2a: Corporeal Beast|82/100|[from] item: Leftovers
|-damage|p1a: Great Tusk|88/100|[from] Salt Cure
|-fieldend|move: Grassy Terrain
|upkeep
|turn|11
|
|t:|1781268592
|switch|p2a: Nex|Moltres|95/100
|move|p1a: Great Tusk|Knock Off|p2a: Nex
|-damage|p2a: Nex|69/100
|-enditem|p2a: Nex|Heavy-Duty Boots|[from] move: Knock Off|[of] p1a: Great Tusk
|
|-weather|Snowscape|[upkeep]
|-heal|p1a: Great Tusk|94/100|[from] item: Leftovers
|-damage|p1a: Great Tusk|82/100|[from] Salt Cure
|upkeep
|turn|12
|
|t:|1781268597
|move|p1a: Great Tusk|Rapid Spin|p2a: Nex
|-damage|p2a: Nex|56/100
|-boost|p1a: Great Tusk|spe|1
|-sideend|p1: iamverykarpy|Stealth Rock|[from] move: Rapid Spin|[of] p1a: Great Tusk
|move|p2a: Nex|Will-O-Wisp|p1a: Great Tusk
|-status|p1a: Great Tusk|brn
|
|-weather|Snowscape|[upkeep]
|-heal|p1a: Great Tusk|88/100 brn|[from] item: Leftovers
|-damage|p1a: Great Tusk|82/100 brn|[from] brn
|-damage|p1a: Great Tusk|70/100 brn|[from] Salt Cure
|upkeep
|turn|13
|j| EBT FOOD STAMPS
|
|t:|1781268607
|-end|p1a: Great Tusk|Protosynthesis|[silent]
|switch|p1a: Alomomola|Alomomola, F|100/100
|move|p2a: Nex|Roost|p2a: Nex
|-heal|p2a: Nex|100/100
|-singleturn|p2a: Nex|move: Roost
|
|-weather|none
|upkeep
|turn|14
|
|t:|1781268612
|move|p2a: Nex|Will-O-Wisp|p1a: Alomomola
|-status|p1a: Alomomola|brn
|move|p1a: Alomomola|Wish|p1a: Alomomola
|
|-damage|p1a: Alomomola|94/100 brn|[from] brn
|upkeep
|turn|15
|
|t:|1781268619
|switch|p1a: Kyurem|Kyurem, shiny|49/100
|-ability|p1a: Kyurem|Pressure
|move|p2a: Nex|Hurricane|p1a: Kyurem
|-damage|p1a: Kyurem|0 fnt
|faint|p1a: Kyurem
|
|upkeep
|
|t:|1781268624
|switch|p1a: Slowking|Slowking-Galar, M, shiny|100/100
|turn|16
|
|t:|1781268627
|switch|p2a: Callisto|Iron Treads|27/100
|-damage|p2a: Callisto|24/100|[from] Stealth Rock
|move|p1a: Slowking|Sludge Bomb|p2a: Callisto
|-immune|p2a: Callisto
|
|-heal|p2a: Callisto|30/100|[from] item: Leftovers
|upkeep
|turn|17
|
|t:|1781268631
|move|p2a: Callisto|Rapid Spin|p1a: Slowking
|-damage|p1a: Slowking|87/100
|-boost|p2a: Callisto|spe|1
|-sideend|p2: databricks|Stealth Rock|[from] move: Rapid Spin|[of] p2a: Callisto
|move|p1a: Slowking|Flamethrower|p2a: Callisto
|-supereffective|p2a: Callisto
|-damage|p2a: Callisto|0 fnt
|faint|p2a: Callisto
|-end|p2a: Callisto|Quark Drive|[silent]
|
|upkeep
|
|t:|1781268635
|switch|p2a: The Nightmare|Darkrai|100/100
|turn|18
|
|t:|1781268638
|move|p2a: The Nightmare|Dark Pulse|p1a: Slowking
|-supereffective|p1a: Slowking
|-enditem|p1a: Slowking|Colbur Berry|[eat]
|-enditem|p1a: Slowking|Colbur Berry|[weaken]
|-damage|p1a: Slowking|46/100
|-prepare|p1a: Slowking|Chilly Reception|[premajor]
|move|p1a: Slowking|Chilly Reception|p1a: Slowking
|-weather|Snowscape
|
|t:|1781268641
|switch|p1a: Cetitan|Cetitan, F, shiny|100/100|[from] Chilly Reception
|
|-weather|Snowscape|[upkeep]
|upkeep
|turn|19
|
|t:|1781268646
|move|p1a: Cetitan|Belly Drum|p1a: Cetitan
|-damage|p1a: Cetitan|50/100
|-setboost|p1a: Cetitan|atk|6|[from] move: Belly Drum
|-enditem|p1a: Cetitan|Sitrus Berry|[eat]
|-heal|p1a: Cetitan|75/100|[from] item: Sitrus Berry
|move|p2a: The Nightmare|Dark Pulse|p1a: Cetitan
|-damage|p1a: Cetitan|4/100
|
|-weather|Snowscape|[upkeep]
|upkeep
|turn|20
|inactive|databricks has 120 seconds left.
|
|t:|1781268676
|switch|p2a: Nex|Moltres|100/100
|move|p1a: Cetitan|Ice Spinner|p2a: Nex
|-damage|p2a: Nex|0 fnt
|-status|p1a: Cetitan|brn|[from] ability: Flame Body|[of] p2a: Nex
|faint|p2a: Nex
|
|-weather|Snowscape|[upkeep]
|-damage|p1a: Cetitan|0 fnt|[from] brn
|faint|p1a: Cetitan
|upkeep
|inactive|databricks has 120 seconds left.
|c|☆iamverykarpy|damn
|
|t:|1781268687
|switch|p2a: The Nightmare|Darkrai|100/100
|switch|p1a: Slowking|Slowking-Galar, M, shiny|80/100
|turn|21
|
|t:|1781268690
|-terastallize|p1a: Slowking|Dark
|move|p2a: The Nightmare|Dark Pulse|p1a: Slowking
|-resisted|p1a: Slowking
|-damage|p1a: Slowking|62/100
|move|p1a: Slowking|Sludge Bomb|p2a: The Nightmare
|-damage|p2a: The Nightmare|52/100
|
|-weather|Snowscape|[upkeep]
|upkeep
|turn|22
|
|t:|1781268698
|switch|p2a: Corporeal Beast|Garganacl, F|82/100
|move|p1a: Slowking|Sludge Bomb|p2a: Corporeal Beast
|-resisted|p2a: Corporeal Beast
|-damage|p2a: Corporeal Beast|71/100
|
|-weather|none
|-heal|p2a: Corporeal Beast|77/100|[from] item: Leftovers
|upkeep
|turn|23
|
|t:|1781268702
|switch|p1a: Alomomola|Alomomola, F|100/100 brn
|move|p2a: Corporeal Beast|Curse|p2a: Corporeal Beast
|-unboost|p2a: Corporeal Beast|spe|1
|-boost|p2a: Corporeal Beast|atk|1
|-boost|p2a: Corporeal Beast|def|1
|
|-heal|p2a: Corporeal Beast|83/100|[from] item: Leftovers
|-damage|p1a: Alomomola|94/100 brn|[from] brn
|upkeep
|turn|24
|
|t:|1781268708
|move|p1a: Alomomola|Wish|p1a: Alomomola
|move|p2a: Corporeal Beast|Curse|p2a: Corporeal Beast
|-unboost|p2a: Corporeal Beast|spe|1
|-boost|p2a: Corporeal Beast|atk|1
|-boost|p2a: Corporeal Beast|def|1
|
|-heal|p2a: Corporeal Beast|89/100|[from] item: Leftovers
|-damage|p1a: Alomomola|88/100 brn|[from] brn
|upkeep
|turn|25
|
|t:|1781268713
|move|p1a: Alomomola|Flip Turn|p2a: Corporeal Beast
|-supereffective|p2a: Corporeal Beast
|-damage|p2a: Corporeal Beast|84/100
|
|t:|1781268714
|switch|p1a: Rillaboom|Rillaboom, F|44/100 brn|[from] Flip Turn
|-fieldstart|move: Grassy Terrain|[from] ability: Grassy Surge|[of] p1a: Rillaboom
|move|p2a: Corporeal Beast|Salt Cure|p1a: Rillaboom
|-damage|p1a: Rillaboom|13/100 brn
|-start|p1a: Rillaboom|Salt Cure
|
|-heal|p1a: Rillaboom|91/100 brn|[from] move: Wish|[wisher] Alomomola
|-heal|p1a: Rillaboom|97/100 brn|[from] Grassy Terrain
|-heal|p2a: Corporeal Beast|90/100|[from] Grassy Terrain
|-heal|p2a: Corporeal Beast|96/100|[from] item: Leftovers
|-damage|p1a: Rillaboom|91/100 brn|[from] brn
|-damage|p1a: Rillaboom|79/100 brn|[from] Salt Cure
|upkeep
|turn|26
|
|t:|1781268719
|move|p1a: Rillaboom|Knock Off|p2a: Corporeal Beast
|-damage|p2a: Corporeal Beast|90/100
|-enditem|p2a: Corporeal Beast|Leftovers|[from] move: Knock Off|[of] p1a: Rillaboom
|move|p2a: Corporeal Beast|Curse|p2a: Corporeal Beast
|-unboost|p2a: Corporeal Beast|spe|1
|-boost|p2a: Corporeal Beast|atk|1
|-boost|p2a: Corporeal Beast|def|1
|
|-heal|p1a: Rillaboom|85/100 brn|[from] Grassy Terrain
|-heal|p2a: Corporeal Beast|97/100|[from] Grassy Terrain
|-damage|p1a: Rillaboom|79/100 brn|[from] brn
|-damage|p1a: Rillaboom|66/100 brn|[from] Salt Cure
|upkeep
|turn|27
|
|t:|1781268721
|switch|p1a: Slowking|Slowking-Galar, M, shiny, tera:Dark|96/100
|move|p2a: Corporeal Beast|Curse|p2a: Corporeal Beast
|-unboost|p2a: Corporeal Beast|spe|1
|-boost|p2a: Corporeal Beast|atk|1
|-boost|p2a: Corporeal Beast|def|1
|
|-heal|p1a: Slowking|100/100|[from] Grassy Terrain
|-heal|p2a: Corporeal Beast|100/100|[from] Grassy Terrain
|upkeep
|turn|28
|
|t:|1781268724
|move|p1a: Slowking|Future Sight|p2a: Corporeal Beast
|-start|p1a: Slowking|move: Future Sight
|move|p2a: Corporeal Beast|Salt Cure|p1a: Slowking
|-damage|p1a: Slowking|54/100
|-start|p1a: Slowking|Salt Cure
|
|-heal|p1a: Slowking|60/100|[from] Grassy Terrain
|-damage|p1a: Slowking|48/100|[from] Salt Cure
|upkeep
|turn|29
|
|t:|1781268729
|move|p1a: Slowking|Sludge Bomb|p2a: Corporeal Beast
|-resisted|p2a: Corporeal Beast
|-damage|p2a: Corporeal Beast|89/100
|move|p2a: Corporeal Beast|Salt Cure|p1a: Slowking
|-damage|p1a: Slowking|6/100
|
|-heal|p1a: Slowking|12/100|[from] Grassy Terrain
|-heal|p2a: Corporeal Beast|96/100|[from] Grassy Terrain
|-damage|p1a: Slowking|0 fnt|[from] Salt Cure
|faint|p1a: Slowking
|-fieldend|move: Grassy Terrain
|upkeep
|
|t:|1781268733
|switch|p1a: Great Tusk|Great Tusk|70/100 brn
|turn|30
|
|t:|1781268735
|move|p1a: Great Tusk|Headlong Rush|p2a: Corporeal Beast
|-supereffective|p2a: Corporeal Beast
|-damage|p2a: Corporeal Beast|81/100
|-unboost|p1a: Great Tusk|def|1
|-unboost|p1a: Great Tusk|spd|1
|move|p2a: Corporeal Beast|Earthquake|p1a: Great Tusk
|-damage|p1a: Great Tusk|0 fnt
|faint|p1a: Great Tusk
|-end|p1a: Great Tusk|Protosynthesis|[silent]
|
|-end|p2a: Corporeal Beast|move: Future Sight
|-damage|p2a: Corporeal Beast|52/100
|upkeep
|
|t:|1781268738
|switch|p1a: Rillaboom|Rillaboom, F|66/100 brn
|-fieldstart|move: Grassy Terrain|[from] ability: Grassy Surge|[of] p1a: Rillaboom
|turn|31
|
|t:|1781268741
|move|p1a: Rillaboom|Grassy Glide|p2a: Corporeal Beast
|-supereffective|p2a: Corporeal Beast
|-damage|p2a: Corporeal Beast|44/100
|move|p2a: Corporeal Beast|Salt Cure|p1a: Rillaboom
|-damage|p1a: Rillaboom|19/100 brn
|-start|p1a: Rillaboom|Salt Cure
|
|-heal|p1a: Rillaboom|25/100 brn|[from] Grassy Terrain
|-heal|p2a: Corporeal Beast|50/100|[from] Grassy Terrain
|-damage|p1a: Rillaboom|19/100 brn|[from] brn
|-damage|p1a: Rillaboom|6/100 brn|[from] Salt Cure
|upkeep
|turn|32
|-message|iamverykarpy forfeited.
|
|win|databricks
|raw|iamverykarpy's rating: 1800 &rarr; <strong>1776</strong><br />(-24 for losing)
|raw|databricks's rating: 1729 &rarr; <strong>1753</strong><br />(+24 for winning)
|l|☆iamverykarpy
|player|p1|
|c|☆databricks|gg
|l|☆databricks
|player|p2|
|l| EBT FOOD STAMPS
|l| hindus curry
