|j|☆KurisuChestnutLab
|j|☆phreshoatmeal
|t:|1781137755
|gametype|singles
|player|p1|KurisuChestnutLab|may-contest|1599
|player|p2|phreshoatmeal|clerk|1600
|gen|9
|tier|[Gen 9] OU
|rated|
|rule|HP Percentage Mod: HP is shown in percentages
|rule|Endless Battle Clause: Forcing endless battles is banned
|rule|Species Clause: Limit one of each Pokémon
|rule|OHKO Clause: OHKO moves are banned
|rule|Evasion Items Clause: Evasion items are banned
|rule|Evasion Moves Clause: Evasion moves are banned
|rule|Evasion Abilities Clause: Evasion abilities are banned
|rule|Sleep Moves Clause: Sleep-inducing moves are banned
|clearpoke
|poke|p1|Zamazenta-*|
|poke|p1|Zapdos|
|poke|p1|Garganacl, M|
|poke|p1|Clefable, M|
|poke|p1|Samurott-Hisui, M|
|poke|p1|Gholdengo|
|poke|p2|Tyranitar, F|
|poke|p2|Excadrill, F|
|poke|p2|Hatterene, F|
|poke|p2|Raging Bolt|
|poke|p2|Hippowdon, M|
|poke|p2|Zamazenta-*|
|teampreview
|inactive|Battle timer is ON: inactive players will automatically lose when time's up. (requested by KurisuChestnutLab)
|
|t:|1781137776
|teamsize|p1|6
|teamsize|p2|6
|start
|switch|p1a: Garganacl|Garganacl, M|100/100
|switch|p2a: Raging Bolt|Raging Bolt|100/100
|turn|1
|
|t:|1781137780
|move|p2a: Raging Bolt|Volt Switch|p1a: Garganacl
|-damage|p1a: Garganacl|74/100
|
|t:|1781137783
|-end|p2a: Raging Bolt|Protosynthesis|[silent]
|switch|p2a: Hatterene|Hatterene, F|100/100|[from] Volt Switch
|move|p1a: Garganacl|Salt Cure|p2a: Hatterene
|-damage|p2a: Hatterene|88/100
|-start|p2a: Hatterene|Salt Cure
|
|-heal|p1a: Garganacl|80/100|[from] item: Leftovers
|-heal|p2a: Hatterene|94/100|[from] item: Leftovers
|-damage|p2a: Hatterene|82/100|[from] Salt Cure
|upkeep
|turn|2
|
|t:|1781137788
|move|p1a: Garganacl|Earthquake|p2a: Hatterene
|-damage|p2a: Hatterene|63/100
|move|p2a: Hatterene|Gravity|p2a: Hatterene
|-fieldstart|move: Gravity
|
|-heal|p1a: Garganacl|86/100|[from] item: Leftovers
|-heal|p2a: Hatterene|69/100|[from] item: Leftovers
|-damage|p2a: Hatterene|57/100|[from] Salt Cure
|upkeep
|turn|3
|
|t:|1781137795
|move|p1a: Garganacl|Salt Cure|p2a: Hatterene
|-damage|p2a: Hatterene|46/100
|move|p2a: Hatterene|Pain Split|p1a: Garganacl
|-sethp|p1a: Garganacl|61/100|[from] move: Pain Split|[silent]
|-sethp|p2a: Hatterene|77/100|[from] move: Pain Split
|
|-heal|p1a: Garganacl|67/100|[from] item: Leftovers
|-heal|p2a: Hatterene|83/100|[from] item: Leftovers
|-damage|p2a: Hatterene|71/100|[from] Salt Cure
|upkeep
|turn|4
|
|t:|1781137807
|move|p1a: Garganacl|Salt Cure|p2a: Hatterene
|-damage|p2a: Hatterene|59/100
|move|p2a: Hatterene|Draining Kiss|p1a: Garganacl
|-damage|p1a: Garganacl|53/100
|-heal|p2a: Hatterene|72/100|[from] drain|[of] p1a: Garganacl
|
|-heal|p1a: Garganacl|60/100|[from] item: Leftovers
|-heal|p2a: Hatterene|78/100|[from] item: Leftovers
|-damage|p2a: Hatterene|65/100|[from] Salt Cure
|upkeep
|turn|5
|
|t:|1781137823
|switch|p2a: Hippowdon|Hippowdon, M|100/100
|-weather|Sandstorm|[from] ability: Sand Stream|[of] p2a: Hippowdon
|move|p1a: Garganacl|Recover|p1a: Garganacl
|-heal|p1a: Garganacl|100/100
|
|-weather|Sandstorm|[upkeep]
|upkeep
|turn|6
|
|t:|1781137830
|switch|p2a: Hatterene|Hatterene, F|65/100
|move|p1a: Garganacl|Salt Cure|p2a: Hatterene
|-damage|p2a: Hatterene|55/100
|-start|p2a: Hatterene|Salt Cure
|
|-weather|Sandstorm|[upkeep]
|-damage|p2a: Hatterene|49/100|[from] Sandstorm
|-heal|p2a: Hatterene|55/100|[from] item: Leftovers
|-damage|p2a: Hatterene|43/100|[from] Salt Cure
|-fieldend|move: Gravity
|upkeep
|turn|7
|
|t:|1781137835
|switch|p1a: Gholdengo|Gholdengo|100/100
|move|p2a: Hatterene|Pain Split|p1a: Gholdengo
|-immune|p1a: Gholdengo|[from] ability: Good as Gold
|
|-weather|Sandstorm|[upkeep]
|-damage|p2a: Hatterene|37/100|[from] Sandstorm
|-heal|p2a: Hatterene|43/100|[from] item: Leftovers
|-damage|p2a: Hatterene|30/100|[from] Salt Cure
|upkeep
|turn|8
|
|t:|1781137839
|switch|p2a: Excadrill|Excadrill, F|100/100
|move|p1a: Gholdengo|Make It Rain|p2a: Excadrill
|-resisted|p2a: Excadrill
|-damage|p2a: Excadrill|59/100
|-unboost|p1a: Gholdengo|spa|1
|
|-weather|Sandstorm|[upkeep]
|upkeep
|turn|9
|
|t:|1781137844
|switch|p1a: Zapdos|Zapdos|100/100
|move|p2a: Excadrill|Earthquake|p1a: Zapdos
|-immune|p1a: Zapdos
|
|-weather|none
|upkeep
|turn|10
|
|t:|1781137847
|move|p2a: Excadrill|Earthquake|p1a: Zapdos
|-immune|p1a: Zapdos
|move|p1a: Zapdos|Hurricane|p2a: Excadrill
|-resisted|p2a: Excadrill
|-damage|p2a: Excadrill|27/100
|-start|p2a: Excadrill|confusion
|
|upkeep
|turn|11
|-message|phreshoatmeal forfeited.
|
|win|KurisuChestnutLab
|raw|KurisuChestnutLab's rating: 1599 &rarr; <strong>1619</strong><br />(+20 for winning)
|raw|phreshoatmeal's rating: 1600 &rarr; <strong>1580</strong><br />(-20 for losing)
|l|☆phreshoatmeal
|player|p2|
