|j|☆ohlookarock3
|j|☆the small cow
|t:|1780888694
|gametype|singles
|player|p1|ohlookarock3|geeta|1597
|player|p2|the small cow|n|1582
|gen|9
|tier|[Gen 9] OU
|rated|
|rule|HP Percentage Mod: HP is shown in percentages
|rule|Endless Battle Clause: Forcing endless battles is banned
|rule|Species Clause: Limit one of each Pokémon
|rule|OHKO Clause: OHKO moves are banned
|rule|Evasion Items Clause: Evasion items are banned
|rule|Evasion Moves Clause: Evasion moves are banned
|rule|Evasion Abilities Clause: Evasion abilities are banned
|rule|Sleep Moves Clause: Sleep-inducing moves are banned
|clearpoke
|poke|p1|Hatterene, F|
|poke|p1|Iron Treads|
|poke|p1|Ceruledge, F|
|poke|p1|Ting-Lu|
|poke|p1|Dragonite, F|
|poke|p1|Kyurem|
|poke|p2|Keldeo-Resolute|
|poke|p2|Ogerpon, F|
|poke|p2|Hatterene, F|
|poke|p2|Cresselia, F|
|poke|p2|Ursaluna, M|
|poke|p2|Kingambit, M|
|teampreview
|inactive|Battle timer is ON: inactive players will automatically lose when time's up. (requested by ohlookarock3)
|inactive|ohlookarock3 has 120 seconds left.
|
|t:|1780888725
|teamsize|p1|6
|teamsize|p2|6
|start
|switch|p1a: Dinrū|Ting-Lu|100/100
|switch|p2a: Keldeo|Keldeo-Resolute|100/100
|-ability|p1a: Dinrū|Vessel of Ruin
|turn|1
|
|t:|1780888730
|move|p2a: Keldeo|Secret Sword|p1a: Dinrū
|-supereffective|p1a: Dinrū
|-damage|p1a: Dinrū|49/100
|-damage|p2a: Keldeo|91/100|[from] item: Life Orb
|move|p1a: Dinrū|Ruination|p2a: Keldeo
|-damage|p2a: Keldeo|46/100
|-ability|p2a: Keldeo|Justified|boost
|-boost|p2a: Keldeo|atk|1
|
|-heal|p1a: Dinrū|55/100|[from] item: Leftovers
|upkeep
|turn|2
|j| winton fan
|
|t:|1780888742
|switch|p1a: Burimon|Hatterene, F|100/100
|move|p2a: Keldeo|Hydro Pump|p1a: Burimon
|-damage|p1a: Burimon|46/100
|-damage|p2a: Keldeo|36/100|[from] item: Life Orb
|
|upkeep
|turn|3
|
|t:|1780888749
|move|p2a: Keldeo|Hydro Pump|p1a: Burimon
|-damage|p1a: Burimon|0 fnt
|faint|p1a: Burimon
|-damage|p2a: Keldeo|26/100|[from] item: Life Orb
|
|upkeep
|
|t:|1780888754
|switch|p1a: Kairyū|Dragonite, F|100/100
|turn|4
|
|t:|1780888757
|move|p2a: Keldeo|Icy Wind|p1a: Kairyū|[miss]
|-miss|p2a: Keldeo|p1a: Kairyū
|move|p1a: Kairyū|Dragon Dance|p1a: Kairyū
|-boost|p1a: Kairyū|atk|1
|-boost|p1a: Kairyū|spe|1
|
|upkeep
|turn|5
|
|t:|1780888763
|move|p1a: Kairyū|Earthquake|p2a: Keldeo
|-damage|p2a: Keldeo|0 fnt
|faint|p2a: Keldeo
|
|upkeep
|c|☆the small cow|nice
|
|t:|1780888770
|switch|p2a: Hatterene|Hatterene, F|100/100
|turn|6
|
|t:|1780888777
|switch|p1a: Tetsowadachi|Iron Treads|100/100
|move|p2a: Hatterene|Trick Room|p2a: Hatterene
|-fieldstart|move: Trick Room|[of] p2a: Hatterene
|
|upkeep
|turn|7
|
|t:|1780888794
|switch|p2a: Ursaluna|Ursaluna, M|100/100
|move|p1a: Tetsowadachi|Knock Off|p2a: Ursaluna
|-crit|p2a: Ursaluna
|-damage|p2a: Ursaluna|64/100
|-enditem|p2a: Ursaluna|Flame Orb|[from] move: Knock Off|[of] p1a: Tetsowadachi
|
|upkeep
|turn|8
|
|t:|1780888818
|move|p2a: Ursaluna|Headlong Rush|p1a: Tetsowadachi
|-supereffective|p1a: Tetsowadachi
|-damage|p1a: Tetsowadachi|0 fnt
|-unboost|p2a: Ursaluna|def|1
|-unboost|p2a: Ursaluna|spd|1
|faint|p1a: Tetsowadachi
|-end|p1a: Tetsowadachi|Quark Drive|[silent]
|
|upkeep
|
|t:|1780888839
|switch|p1a: Dinrū|Ting-Lu|55/100
|-ability|p1a: Dinrū|Vessel of Ruin
|turn|9
|
|t:|1780888852
|switch|p2a: Ogerpon|Ogerpon, F|100/100
|move|p1a: Dinrū|Earthquake|p2a: Ogerpon
|-resisted|p2a: Ogerpon
|-damage|p2a: Ogerpon|78/100
|
|-heal|p1a: Dinrū|61/100|[from] item: Leftovers
|upkeep
|turn|10
|
|t:|1780888860
|move|p1a: Dinrū|Stealth Rock|p2a: Ogerpon
|-sidestart|p2: the small cow|move: Stealth Rock
|move|p2a: Ogerpon|Knock Off|p1a: Dinrū
|-resisted|p1a: Dinrū
|-damage|p1a: Dinrū|51/100
|-enditem|p1a: Dinrū|Leftovers|[from] move: Knock Off|[of] p2a: Ogerpon
|-damage|p2a: Ogerpon|68/100|[from] item: Life Orb
|
|-fieldend|move: Trick Room
|upkeep
|turn|11
|
|t:|1780888873
|move|p2a: Ogerpon|Ivy Cudgel|p1a: Dinrū
|-supereffective|p1a: Dinrū
|-damage|p1a: Dinrū|0 fnt
|faint|p1a: Dinrū
|-damage|p2a: Ogerpon|58/100|[from] item: Life Orb
|
|upkeep
|
|t:|1780888879
|switch|p1a: Soubureizu|Ceruledge, F|100/100
|turn|12
|
|t:|1780888884
|move|p2a: Ogerpon|Rock Tomb|p1a: Soubureizu
|-supereffective|p1a: Soubureizu
|-damage|p1a: Soubureizu|32/100
|-unboost|p1a: Soubureizu|spe|1
|-ability|p1a: Soubureizu|Weak Armor|boost
|-unboost|p1a: Soubureizu|def|1
|-boost|p1a: Soubureizu|spe|2
|-damage|p2a: Ogerpon|49/100|[from] item: Life Orb
|move|p1a: Soubureizu|Swords Dance|p1a: Soubureizu
|-boost|p1a: Soubureizu|atk|2
|
|upkeep
|turn|13
|
|t:|1780888897
|move|p1a: Soubureizu|Bitter Blade|p2a: Ogerpon
|-supereffective|p2a: Ogerpon
|-damage|p2a: Ogerpon|0 fnt
|-heal|p1a: Soubureizu|57/100|[from] drain|[of] p2a: Ogerpon
|faint|p2a: Ogerpon
|
|upkeep
|
|t:|1780888900
|switch|p2a: Cresselia|Cresselia, F|100/100
|-damage|p2a: Cresselia|88/100|[from] Stealth Rock
|turn|14
|
|t:|1780888914
|move|p1a: Soubureizu|Bitter Blade|p2a: Cresselia
|-damage|p2a: Cresselia|25/100
|-heal|p1a: Soubureizu|100/100|[from] drain|[of] p2a: Cresselia
|move|p2a: Cresselia|Trick Room|p2a: Cresselia
|-fieldstart|move: Trick Room|[of] p2a: Cresselia
|
|upkeep
|turn|15
|
|t:|1780888921
|move|p1a: Soubureizu|Shadow Sneak|p2a: Cresselia
|-supereffective|p2a: Cresselia
|-damage|p2a: Cresselia|0 fnt
|faint|p2a: Cresselia
|
|upkeep
|
|t:|1780888924
|switch|p2a: Kingambit|Kingambit, M|100/100
|-damage|p2a: Kingambit|94/100|[from] Stealth Rock
|-activate|p2a: Kingambit|ability: Supreme Overlord
|-start|p2a: Kingambit|fallen3|[silent]
|turn|16
|
|t:|1780888927
|move|p2a: Kingambit|Sucker Punch|p1a: Soubureizu
|-supereffective|p1a: Soubureizu
|-enditem|p1a: Soubureizu|Focus Sash
|-damage|p1a: Soubureizu|1/100
|-ability|p1a: Soubureizu|Weak Armor|boost
|-unboost|p1a: Soubureizu|def|1
|-boost|p1a: Soubureizu|spe|2
|move|p1a: Soubureizu|Bitter Blade|p2a: Kingambit
|-supereffective|p2a: Kingambit
|-damage|p2a: Kingambit|0 fnt
|-heal|p1a: Soubureizu|56/100|[from] drain|[of] p2a: Kingambit
|faint|p2a: Kingambit
|-end|p2a: Kingambit|fallen3|[silent]
|
|upkeep
|
|t:|1780888930
|switch|p2a: Ursaluna|Ursaluna, M|64/100
|-damage|p2a: Ursaluna|58/100|[from] Stealth Rock
|turn|17
|
|t:|1780888934
|move|p2a: Ursaluna|Headlong Rush|p1a: Soubureizu
|-supereffective|p1a: Soubureizu
|-damage|p1a: Soubureizu|0 fnt
|-unboost|p2a: Ursaluna|def|1
|-unboost|p2a: Ursaluna|spd|1
|faint|p1a: Soubureizu
|
|upkeep
|
|t:|1780888938
|switch|p1a: Kairyū|Dragonite, F|100/100
|turn|18
|
|t:|1780888942
|move|p2a: Ursaluna|Ice Punch|p1a: Kairyū
|-supereffective|p1a: Kairyū
|-damage|p1a: Kairyū|48/100
|move|p1a: Kairyū|Dragon Dance|p1a: Kairyū
|-boost|p1a: Kairyū|atk|1
|-boost|p1a: Kairyū|spe|1
|
|-heal|p1a: Kairyū|54/100|[from] item: Leftovers
|-fieldend|move: Trick Room
|upkeep
|turn|19
|
|t:|1780888947
|switch|p2a: Hatterene|Hatterene, F|100/100
|-damage|p2a: Hatterene|88/100|[from] Stealth Rock
|move|p1a: Kairyū|Ice Spinner|p2a: Hatterene
|-damage|p2a: Hatterene|40/100
|
|-heal|p1a: Kairyū|60/100|[from] item: Leftovers
|upkeep
|turn|20
|
|t:|1780888952
|move|p1a: Kairyū|Earthquake|p2a: Hatterene
|-damage|p2a: Hatterene|0 fnt
|faint|p2a: Hatterene
|
|-heal|p1a: Kairyū|66/100|[from] item: Leftovers
|upkeep
|
|t:|1780888955
|switch|p2a: Ursaluna|Ursaluna, M|58/100
|-damage|p2a: Ursaluna|51/100|[from] Stealth Rock
|turn|21
|
|t:|1780888957
|move|p1a: Kairyū|Ice Spinner|p2a: Ursaluna
|-supereffective|p2a: Ursaluna
|-damage|p2a: Ursaluna|0 fnt
|faint|p2a: Ursaluna
|
|win|ohlookarock3
|raw|ohlookarock3's rating: 1597 &rarr; <strong>1616</strong><br />(+19 for winning)
|raw|the small cow's rating: 1582 &rarr; <strong>1563</strong><br />(-19 for losing)
|l|☆the small cow
|player|p2|
|l|☆ohlookarock3
|player|p1|
