|j|☆th3r3d33m3r
|j|☆KurisuChestnutOU
|t:|1781155978
|gametype|singles
|player|p1|th3r3d33m3r|lady|1579
|player|p2|KurisuChestnutOU|may-contest|1528
|gen|9
|tier|[Gen 9] OU
|rated|
|rule|HP Percentage Mod: HP is shown in percentages
|rule|Endless Battle Clause: Forcing endless battles is banned
|rule|Species Clause: Limit one of each Pokémon
|rule|OHKO Clause: OHKO moves are banned
|rule|Evasion Items Clause: Evasion items are banned
|rule|Evasion Moves Clause: Evasion moves are banned
|rule|Evasion Abilities Clause: Evasion abilities are banned
|rule|Sleep Moves Clause: Sleep-inducing moves are banned
|clearpoke
|poke|p1|Hoopa-Unbound|
|poke|p1|Pecharunt|
|poke|p1|Landorus-Therian, M|
|poke|p1|Cinderace, M|
|poke|p1|Alomomola, M|
|poke|p1|Iron Valiant|
|poke|p2|Kingambit, M|
|poke|p2|Kommo-o, F|
|poke|p2|Iron Valiant|
|poke|p2|Kyurem|
|poke|p2|Iron Treads|
|poke|p2|Iron Crown|
|teampreview
|inactive|Battle timer is ON: inactive players will automatically lose when time's up. (requested by KurisuChestnutOU)
|
|t:|1781155989
|teamsize|p1|6
|teamsize|p2|6
|start
|switch|p1a: Calamity|Iron Valiant, shiny|100/100
|switch|p2a: Iron Valiant|Iron Valiant|100/100
|-enditem|p2a: Iron Valiant|Booster Energy
|-activate|p2a: Iron Valiant|ability: Quark Drive|[fromitem]
|-start|p2a: Iron Valiant|quarkdrivespe
|turn|1
|
|t:|1781155994
|-end|p1a: Calamity|Quark Drive|[silent]
|switch|p1a: Overseer|Pecharunt|100/100
|move|p2a: Iron Valiant|Moonblast|p1a: Overseer
|-resisted|p1a: Overseer
|-damage|p1a: Overseer|78/100
|
|upkeep
|turn|2
|
|t:|1781155999
|-terastallize|p2a: Iron Valiant|Ghost
|move|p2a: Iron Valiant|Shadow Ball|p1a: Overseer
|-supereffective|p1a: Overseer
|-damage|p1a: Overseer|0 fnt
|faint|p1a: Overseer
|
|upkeep
|
|t:|1781156005
|switch|p1a: Pisces|Alomomola, M, shiny|100/100
|turn|3
|
|t:|1781156013
|move|p2a: Iron Valiant|Focus Blast|p1a: Pisces
|-damage|p1a: Pisces|69/100
|move|p1a: Pisces|Mirror Coat|p2a: Iron Valiant
|-damage|p2a: Iron Valiant|0 fnt
|faint|p2a: Iron Valiant
|-end|p2a: Iron Valiant|Quark Drive|[silent]
|
|upkeep
|
|t:|1781156020
|switch|p2a: Kyurem|Kyurem|100/100
|-ability|p2a: Kyurem|Pressure
|turn|4
|
|t:|1781156025
|move|p2a: Kyurem|Dragon Dance|p2a: Kyurem
|-boost|p2a: Kyurem|atk|1
|-boost|p2a: Kyurem|spe|1
|move|p1a: Pisces|Flip Turn|p2a: Kyurem
|-resisted|p2a: Kyurem
|-damage|p2a: Kyurem|93/100
|
|t:|1781156027
|switch|p1a: Enten|Landorus-Therian, M, shiny|100/100|[from] Flip Turn
|-ability|p1a: Enten|Intimidate|boost
|-unboost|p2a: Kyurem|atk|1
|
|upkeep
|turn|5
|
|t:|1781156035
|move|p2a: Kyurem|Icicle Spear|p1a: Enten
|-supereffective|p1a: Enten
|-damage|p1a: Enten|44/100
|-supereffective|p1a: Enten
|-damage|p1a: Enten|0 fnt
|faint|p1a: Enten
|-hitcount|p1: Enten|2
|
|upkeep
|
|t:|1781156039
|switch|p1a: Liberacy|Cinderace, M, shiny|100/100
|turn|6
|-message|th3r3d33m3r forfeited.
|
|win|KurisuChestnutOU
|raw|th3r3d33m3r's rating: 1579 &rarr; <strong>1554</strong><br />(-25 for losing)
|raw|KurisuChestnutOU's rating: 1490 &rarr; <strong>1515</strong><br />(+25 for winning)
|l|☆th3r3d33m3r
|player|p1|
