|j|☆salazzle stan
|j|☆ghostoftheranch
|t:|1781554689
|gametype|singles
|player|p1|salazzle stan|ninjaboy|1577
|player|p2|ghostoftheranch|medium|1528
|gen|9
|tier|[Gen 9] OU
|rated|
|rule|HP Percentage Mod: HP is shown in percentages
|rule|Endless Battle Clause: Forcing endless battles is banned
|rule|Species Clause: Limit one of each Pokémon
|rule|OHKO Clause: OHKO moves are banned
|rule|Evasion Items Clause: Evasion items are banned
|rule|Evasion Moves Clause: Evasion moves are banned
|rule|Evasion Abilities Clause: Evasion abilities are banned
|rule|Sleep Moves Clause: Sleep-inducing moves are banned
|clearpoke
|poke|p1|Zapdos|
|poke|p1|Scizor, F|
|poke|p1|Heatran, M|
|poke|p1|Alomomola, F|
|poke|p1|Mienshao, F|
|poke|p1|Glimmora, F|
|poke|p2|Torkoal, M|
|poke|p2|Fezandipiti, M|
|poke|p2|Great Tusk|
|poke|p2|Cinderace, M|
|poke|p2|Mandibuzz, F|
|poke|p2|Volcanion|
|teampreview
|c|☆salazzle stan|team is sick
|c|☆ghostoftheranch|ty
|inactive|Battle timer is ON: inactive players will automatically lose when time's up. (requested by salazzle stan)
|
|t:|1781554708
|teamsize|p1|6
|teamsize|p2|6
|start
|switch|p1a: Mienshao|Mienshao, F|100/100
|switch|p2a: Torkoal|Torkoal, M|100/100
|-weather|SunnyDay|[from] ability: Drought|[of] p2a: Torkoal
|turn|1
|
|t:|1781554713
|move|p1a: Mienshao|Fake Out|p2a: Torkoal
|-damage|p2a: Torkoal|90/100
|cant|p2a: Torkoal|flinch
|
|-weather|SunnyDay|[upkeep]
|upkeep
|turn|2
|
|t:|1781554718
|move|p1a: Mienshao|U-turn|p2a: Torkoal
|-resisted|p2a: Torkoal
|-damage|p2a: Torkoal|81/100
|
|t:|1781554721
|switch|p1a: Glimmora|Glimmora, F|100/100|[from] U-turn
|move|p2a: Torkoal|Stealth Rock|p1a: Glimmora
|-sidestart|p1: salazzle stan|move: Stealth Rock
|
|-weather|SunnyDay|[upkeep]
|upkeep
|turn|3
|
|t:|1781554727
|move|p1a: Glimmora|Earth Power|p2a: Torkoal
|-supereffective|p2a: Torkoal
|-damage|p2a: Torkoal|7/100
|move|p2a: Torkoal|Earth Power|p1a: Glimmora
|-supereffective|p1a: Glimmora
|-damage|p1a: Glimmora|2/100
|
|-weather|SunnyDay|[upkeep]
|-heal|p1a: Glimmora|8/100|[from] item: Leftovers
|upkeep
|turn|4
|
|t:|1781554751
|switch|p2a: Mandibuzz|Mandibuzz, F|100/100
|move|p1a: Glimmora|Earth Power|p2a: Mandibuzz
|-immune|p2a: Mandibuzz
|
|-weather|SunnyDay|[upkeep]
|-heal|p1a: Glimmora|14/100|[from] item: Leftovers
|upkeep
|turn|5
|
|t:|1781554764
|move|p1a: Glimmora|Sludge Wave|p2a: Mandibuzz
|-damage|p2a: Mandibuzz|64/100
|move|p2a: Mandibuzz|Foul Play|p1a: Glimmora
|-damage|p1a: Glimmora|0 fnt
|-activate|p1a: Glimmora|ability: Toxic Debris
|-sidestart|p2: ghostoftheranch|move: Toxic Spikes
|faint|p1a: Glimmora
|
|-weather|SunnyDay|[upkeep]
|upkeep
|
|t:|1781554772
|switch|p1a: Zapdos|Zapdos|100/100
|turn|6
|
|t:|1781554782
|switch|p2a: Fezandipiti|Fezandipiti, M|100/100
|-sideend|p2: ghostoftheranch|move: Toxic Spikes|[of] p2a: Fezandipiti
|move|p1a: Zapdos|Discharge|p2a: Fezandipiti
|-damage|p2a: Fezandipiti|76/100
|
|-weather|SunnyDay|[upkeep]
|-heal|p2a: Fezandipiti|82/100|[from] item: Leftovers
|upkeep
|turn|7
|
|t:|1781554790
|switch|p2a: Great Tusk|Great Tusk|100/100
|-activate|p2a: Great Tusk|ability: Protosynthesis
|-start|p2a: Great Tusk|protosynthesisatk
|move|p1a: Zapdos|Discharge|p2a: Great Tusk
|-immune|p2a: Great Tusk
|
|-weather|SunnyDay|[upkeep]
|upkeep
|turn|8
|
|t:|1781554799
|switch|p1a: Alomomola|Alomomola, F|100/100
|move|p2a: Great Tusk|Ice Spinner|p1a: Alomomola
|-resisted|p1a: Alomomola
|-damage|p1a: Alomomola|88/100
|
|-weather|none
|-end|p2a: Great Tusk|Protosynthesis
|upkeep
|turn|9
|
|t:|1781554810
|-end|p2a: Great Tusk|Protosynthesis|[silent]
|switch|p2a: Volcanion|Volcanion|100/100
|move|p1a: Alomomola|Body Slam|p2a: Volcanion
|-damage|p2a: Volcanion|88/100
|-status|p2a: Volcanion|par
|
|upkeep
|turn|10
|
|t:|1781554818
|switch|p2a: Torkoal|Torkoal, M|7/100
|-weather|SunnyDay|[from] ability: Drought|[of] p2a: Torkoal
|move|p1a: Alomomola|Wish|p1a: Alomomola
|
|-weather|SunnyDay|[upkeep]
|upkeep
|turn|11
|
|t:|1781554824
|switch|p2a: Volcanion|Volcanion|88/100 par
|move|p1a: Alomomola|Body Slam|p2a: Volcanion
|-damage|p2a: Volcanion|75/100 par
|
|-weather|SunnyDay|[upkeep]
|-heal|p1a: Alomomola|100/100|[from] move: Wish|[wisher] Alomomola
|upkeep
|turn|12
|
|t:|1781554831
|move|p1a: Alomomola|Wish|p1a: Alomomola
|move|p2a: Volcanion|Solar Beam||[still]
|-prepare|p2a: Volcanion|Solar Beam
|-anim|p2a: Volcanion|Solar Beam|p1a: Alomomola
|-supereffective|p1a: Alomomola
|-damage|p1a: Alomomola|0 fnt
|faint|p1a: Alomomola
|
|-weather|SunnyDay|[upkeep]
|upkeep
|
|t:|1781554839
|switch|p1a: Zapdos|Zapdos|100/100
|turn|13
|
|t:|1781554845
|switch|p2a: Great Tusk|Great Tusk|100/100
|-activate|p2a: Great Tusk|ability: Protosynthesis
|-start|p2a: Great Tusk|protosynthesisatk
|move|p1a: Zapdos|Discharge|p2a: Great Tusk
|-immune|p2a: Great Tusk
|
|-weather|SunnyDay|[upkeep]
|upkeep
|turn|14
|
|t:|1781554853
|move|p2a: Great Tusk|Knock Off|p1a: Zapdos
|-damage|p1a: Zapdos|66/100
|-enditem|p1a: Zapdos|Heavy-Duty Boots|[from] move: Knock Off|[of] p2a: Great Tusk
|move|p1a: Zapdos|Hurricane|p2a: Great Tusk
|-supereffective|p2a: Great Tusk
|-damage|p2a: Great Tusk|0 fnt
|faint|p2a: Great Tusk
|-end|p2a: Great Tusk|Protosynthesis|[silent]
|
|-weather|SunnyDay|[upkeep]
|upkeep
|
|t:|1781554860
|switch|p2a: Cinderace|Cinderace, M|100/100
|turn|15
|
|t:|1781554865
|move|p2a: Cinderace|Pyro Ball|p1a: Zapdos
|-damage|p1a: Zapdos|0 fnt
|faint|p1a: Zapdos
|
|-weather|SunnyDay|[upkeep]
|upkeep
|
|t:|1781554869
|switch|p1a: Heatran|Heatran, M|100/100
|-damage|p1a: Heatran|88/100|[from] Stealth Rock
|-item|p1a: Heatran|Air Balloon
|turn|16
|
|t:|1781554877
|move|p2a: Cinderace|High Jump Kick|p1a: Heatran
|-start|p2a: Cinderace|typechange|Fighting|[from] ability: Libero
|-supereffective|p1a: Heatran
|-damage|p1a: Heatran|0 fnt
|-status|p2a: Cinderace|brn|[from] ability: Flame Body|[of] p1a: Heatran
|-enditem|p1a: Heatran|Air Balloon
|faint|p1a: Heatran
|
|-weather|SunnyDay|[upkeep]
|-damage|p2a: Cinderace|95/100 brn|[from] brn
|upkeep
|
|t:|1781554886
|switch|p1a: Mienshao|Mienshao, F|100/100
|-damage|p1a: Mienshao|95/100|[from] Stealth Rock
|turn|17
|
|t:|1781554890
|switch|p2a: Mandibuzz|Mandibuzz, F|64/100
|move|p1a: Mienshao|Fake Out|p2a: Mandibuzz
|-damage|p2a: Mandibuzz|55/100
|
|-weather|none
|upkeep
|turn|18
|
|t:|1781554901
|move|p1a: Mienshao|Close Combat|p2a: Mandibuzz
|-crit|p2a: Mandibuzz
|-damage|p2a: Mandibuzz|0 fnt
|-unboost|p1a: Mienshao|def|1
|-unboost|p1a: Mienshao|spd|1
|faint|p2a: Mandibuzz
|
|upkeep
|
|t:|1781554907
|switch|p2a: Fezandipiti|Fezandipiti, M|82/100
|turn|19
|
|t:|1781554910
|switch|p2a: Torkoal|Torkoal, M|7/100
|-weather|SunnyDay|[from] ability: Drought|[of] p2a: Torkoal
|move|p1a: Mienshao|U-turn|p2a: Torkoal
|-resisted|p2a: Torkoal
|-damage|p2a: Torkoal|0 fnt
|faint|p2a: Torkoal
|
|t:|1781554916
|switch|p1a: Scizor|Scizor, F|100/100|[from] U-turn
|-damage|p1a: Scizor|88/100|[from] Stealth Rock
|
|-weather|SunnyDay|[upkeep]
|upkeep
|
|t:|1781554926
|switch|p2a: Cinderace|Cinderace, M|95/100 brn
|turn|20
|
|t:|1781554933
|switch|p1a: Mienshao|Mienshao, F|100/100
|-damage|p1a: Mienshao|95/100|[from] Stealth Rock
|move|p2a: Cinderace|Pyro Ball|p1a: Mienshao
|-damage|p1a: Mienshao|0 fnt
|faint|p1a: Mienshao
|
|-weather|SunnyDay|[upkeep]
|-damage|p2a: Cinderace|89/100 brn|[from] brn
|upkeep
|-message|salazzle stan forfeited.
|
|win|ghostoftheranch
|raw|salazzle stan's rating: 1577 &rarr; <strong>1554</strong><br />(-23 for losing)
|raw|ghostoftheranch's rating: 1528 &rarr; <strong>1551</strong><br />(+23 for winning)
|l|☆salazzle stan
|player|p1|
|c|☆ghostoftheranch|gg
