|j|☆palmin
|j|☆BlackStar150520
|t:|1780950986
|gametype|singles
|player|p1|palmin|170|1543
|player|p2|BlackStar150520|unknown|1492
|gen|9
|tier|[Gen 9] OU
|rated|
|rule|HP Percentage Mod: HP is shown in percentages
|rule|Endless Battle Clause: Forcing endless battles is banned
|rule|Species Clause: Limit one of each Pokémon
|rule|OHKO Clause: OHKO moves are banned
|rule|Evasion Items Clause: Evasion items are banned
|rule|Evasion Moves Clause: Evasion moves are banned
|rule|Evasion Abilities Clause: Evasion abilities are banned
|rule|Sleep Moves Clause: Sleep-inducing moves are banned
|clearpoke
|poke|p1|Iron Crown|
|poke|p1|Enamorus, F|
|poke|p1|Zapdos|
|poke|p1|Kingambit, M|
|poke|p1|Great Tusk|
|poke|p1|Glimmora, F|
|poke|p2|Raging Bolt|
|poke|p2|Kingambit, M|
|poke|p2|Iron Moth|
|poke|p2|Ogerpon-Wellspring, F|
|poke|p2|Scizor, M|
|poke|p2|Great Tusk|
|teampreview
|inactive|Battle timer is ON: inactive players will automatically lose when time's up. (requested by BlackStar150520)
|inactive|palmin also wants the timer to be on.
|
|t:|1780950990
|teamsize|p1|6
|teamsize|p2|6
|start
|switch|p1a: Iron Crown|Iron Crown|100/100
|switch|p2a: Mega Donphan|Great Tusk|100/100
|turn|1
|
|t:|1780950995
|move|p1a: Iron Crown|Psychic Noise|p2a: Mega Donphan
|-supereffective|p2a: Mega Donphan
|-damage|p2a: Mega Donphan|0 fnt
|faint|p2a: Mega Donphan
|-end|p2a: Mega Donphan|Protosynthesis|[silent]
|
|upkeep
|
|t:|1780951003
|switch|p2a: Red Lightning|Scizor, M|100/100
|turn|2
|
|t:|1780951009
|-end|p1a: Iron Crown|Quark Drive|[silent]
|switch|p1a: Zapdos|Zapdos|100/100
|move|p2a: Red Lightning|Knock Off|p1a: Zapdos
|-damage|p1a: Zapdos|42/100
|-enditem|p1a: Zapdos|Heavy-Duty Boots|[from] move: Knock Off|[of] p2a: Red Lightning
|
|upkeep
|turn|3
|
|t:|1780951013
|switch|p2a: ⚡️|Raging Bolt|100/100
|move|p1a: Zapdos|Roost|p1a: Zapdos
|-heal|p1a: Zapdos|92/100
|-singleturn|p1a: Zapdos|move: Roost
|
|upkeep
|turn|4
|
|t:|1780951016
|move|p2a: ⚡️|Dragon Pulse|p1a: Zapdos
|-damage|p1a: Zapdos|43/100
|move|p1a: Zapdos|Volt Switch|p2a: ⚡️
|-resisted|p2a: ⚡️
|-damage|p2a: ⚡️|91/100
|
|t:|1780951019
|switch|p1a: Enamorus|Enamorus, F|100/100|[from] Volt Switch
|
|-heal|p2a: ⚡️|97/100|[from] item: Leftovers
|upkeep
|turn|5
|
|t:|1780951023
|-end|p2a: ⚡️|Protosynthesis|[silent]
|switch|p2a: Red Lightning|Scizor, M|100/100
|move|p1a: Enamorus|Mystical Fire|p2a: Red Lightning
|-supereffective|p2a: Red Lightning
|-damage|p2a: Red Lightning|0 fnt
|faint|p2a: Red Lightning
|
|upkeep
|
|t:|1780951028
|switch|p2a: 🎭|Ogerpon-Wellspring, F|100/100
|turn|6
|
|t:|1780951033
|switch|p1a: Glimmora|Glimmora, F|100/100
|move|p2a: 🎭|Ivy Cudgel|p1a: Glimmora|[anim] Ivy Cudgel Water
|-supereffective|p1a: Glimmora
|-enditem|p1a: Glimmora|Focus Sash
|-damage|p1a: Glimmora|1/100
|-activate|p1a: Glimmora|ability: Toxic Debris
|-sidestart|p2: BlackStar150520|move: Toxic Spikes
|
|upkeep
|turn|7
|
|t:|1780951035
|move|p2a: 🎭|Ivy Cudgel|p1a: Glimmora|[anim] Ivy Cudgel Water
|-supereffective|p1a: Glimmora
|-crit|p1a: Glimmora
|-damage|p1a: Glimmora|0 fnt
|-activate|p1a: Glimmora|ability: Toxic Debris
|-sidestart|p2: BlackStar150520|move: Toxic Spikes
|faint|p1a: Glimmora
|
|upkeep
|
|t:|1780951038
|switch|p1a: Iron Crown|Iron Crown|100/100
|turn|8
|
|t:|1780951041
|move|p2a: 🎭|Knock Off|p1a: Iron Crown
|-supereffective|p1a: Iron Crown
|-damage|p1a: Iron Crown|15/100
|-enditem|p1a: Iron Crown|Choice Specs|[from] move: Knock Off|[of] p2a: 🎭
|move|p1a: Iron Crown|Volt Switch|p2a: 🎭
|-damage|p2a: 🎭|73/100
|
|t:|1780951046
|-end|p1a: Iron Crown|Quark Drive|[silent]
|switch|p1a: Great Tusk|Great Tusk|100/100|[from] Volt Switch
|-enditem|p1a: Great Tusk|Booster Energy
|-activate|p1a: Great Tusk|ability: Protosynthesis|[fromitem]
|-start|p1a: Great Tusk|protosynthesisspe
|
|upkeep
|turn|9
|
|t:|1780951050
|move|p1a: Great Tusk|Bulk Up|p1a: Great Tusk
|-boost|p1a: Great Tusk|atk|1
|-boost|p1a: Great Tusk|def|1
|move|p2a: 🎭|Encore|p1a: Great Tusk
|-start|p1a: Great Tusk|Encore
|
|upkeep
|turn|10
|
|t:|1780951054
|-terastallize|p1a: Great Tusk|Steel
|move|p1a: Great Tusk|Bulk Up|p1a: Great Tusk
|-boost|p1a: Great Tusk|atk|1
|-boost|p1a: Great Tusk|def|1
|move|p2a: 🎭|Ivy Cudgel|p1a: Great Tusk|[anim] Ivy Cudgel Water
|-damage|p1a: Great Tusk|82/100
|
|upkeep
|turn|11
|
|t:|1780951057
|move|p1a: Great Tusk|Bulk Up|p1a: Great Tusk
|-boost|p1a: Great Tusk|atk|1
|-boost|p1a: Great Tusk|def|1
|move|p2a: 🎭|U-turn|p1a: Great Tusk
|-resisted|p1a: Great Tusk
|-damage|p1a: Great Tusk|78/100
|
|t:|1780951058
|switch|p2a: Robo Rona|Iron Moth|100/100|[from] U-turn
|-sideend|p2: BlackStar150520|move: Toxic Spikes|[of] p2a: Robo Rona
|-enditem|p2a: Robo Rona|Booster Energy
|-activate|p2a: Robo Rona|ability: Quark Drive|[fromitem]
|-start|p2a: Robo Rona|quarkdrivespe
|
|upkeep
|turn|12
|
|t:|1780951062
|move|p2a: Robo Rona|Fiery Dance|p1a: Great Tusk
|-supereffective|p1a: Great Tusk
|-damage|p1a: Great Tusk|0 fnt
|faint|p1a: Great Tusk
|-end|p1a: Great Tusk|Protosynthesis|[silent]
|
|upkeep
|
|t:|1780951064
|switch|p1a: Enamorus|Enamorus, F|100/100
|turn|13
|
|t:|1780951066
|move|p2a: Robo Rona|Sludge Wave|p1a: Enamorus
|-supereffective|p1a: Enamorus
|-damage|p1a: Enamorus|0 fnt
|faint|p1a: Enamorus
|
|upkeep
|
|t:|1780951069
|switch|p1a: Kingambit|Kingambit, M|100/100
|-activate|p1a: Kingambit|ability: Supreme Overlord
|-start|p1a: Kingambit|fallen3|[silent]
|-item|p1a: Kingambit|Air Balloon
|turn|14
|
|t:|1780951073
|move|p2a: Robo Rona|Fiery Dance|p1a: Kingambit
|-supereffective|p1a: Kingambit
|-damage|p1a: Kingambit|2/100
|-boost|p2a: Robo Rona|spa|1
|-enditem|p1a: Kingambit|Air Balloon
|move|p1a: Kingambit|Swords Dance|p1a: Kingambit
|-boost|p1a: Kingambit|atk|2
|
|upkeep
|turn|15
|
|t:|1780951077
|-terastallize|p2a: Robo Rona|Fairy
|move|p1a: Kingambit|Sucker Punch|p2a: Robo Rona
|-resisted|p2a: Robo Rona
|-damage|p2a: Robo Rona|14/100
|move|p2a: Robo Rona|Fiery Dance|p1a: Kingambit
|-supereffective|p1a: Kingambit
|-damage|p1a: Kingambit|0 fnt
|-boost|p2a: Robo Rona|spa|1
|faint|p1a: Kingambit
|-end|p1a: Kingambit|fallen3|[silent]
|
|upkeep
|
|t:|1780951080
|switch|p1a: Zapdos|Zapdos|43/100
|turn|16
|
|t:|1780951083
|move|p2a: Robo Rona|Psychic|p1a: Zapdos
|-damage|p1a: Zapdos|0 fnt
|faint|p1a: Zapdos
|
|upkeep
|-message|palmin forfeited.
|
|win|BlackStar150520
|raw|palmin's rating: 1543 &rarr; <strong>1520</strong><br />(-23 for losing)
|raw|BlackStar150520's rating: 1492 &rarr; <strong>1515</strong><br />(+23 for winning)
|l|☆palmin
|player|p1|
