|j|☆mongwong
|j|☆Enigmatic Gale
|t:|1781074391
|gametype|singles
|player|p1|mongwong|giovanni-masters|1576
|player|p2|Enigmatic Gale|juggler|1520
|gen|9
|tier|[Gen 9] OU
|rated|
|rule|HP Percentage Mod: HP is shown in percentages
|rule|Endless Battle Clause: Forcing endless battles is banned
|rule|Species Clause: Limit one of each Pokémon
|rule|OHKO Clause: OHKO moves are banned
|rule|Evasion Items Clause: Evasion items are banned
|rule|Evasion Moves Clause: Evasion moves are banned
|rule|Evasion Abilities Clause: Evasion abilities are banned
|rule|Sleep Moves Clause: Sleep-inducing moves are banned
|clearpoke
|poke|p1|Indeedee, M|
|poke|p1|Polteageist-Antique|
|poke|p1|Hawlucha, F|
|poke|p1|Primarina, M|
|poke|p1|Iron Valiant|
|poke|p1|Great Tusk|
|poke|p2|Hatterene, F|
|poke|p2|Great Tusk|
|poke|p2|Tornadus-Therian, M|
|poke|p2|Kyurem|
|poke|p2|Slowking-Galar, F|
|poke|p2|Kingambit, F|
|teampreview
|inactive|Battle timer is ON: inactive players will automatically lose when time's up. (requested by mongwong)
|inactive|Enigmatic Gale has 120 seconds left.
|
|t:|1781074437
|teamsize|p1|6
|teamsize|p2|6
|start
|switch|p1a: Primarina|Primarina, M|100/100
|switch|p2a: Kyurem|Kyurem|100/100
|-ability|p2a: Kyurem|Pressure
|turn|1
|
|t:|1781074461
|switch|p2a: Slowking|Slowking-Galar, F|100/100
|move|p1a: Primarina|Moonblast|p2a: Slowking
|-resisted|p2a: Slowking
|-damage|p2a: Slowking|79/100
|
|-heal|p2a: Slowking|85/100|[from] item: Black Sludge
|upkeep
|turn|2
|
|t:|1781074475
|move|p1a: Primarina|Flip Turn|p2a: Slowking
|-damage|p2a: Slowking|74/100
|
|t:|1781074478
|switch|p1a: Great Tusk|Great Tusk|100/100|[from] Flip Turn
|move|p2a: Slowking|Trick|p1a: Great Tusk
|-activate|p2a: Slowking|move: Trick|[of] p1a: Great Tusk
|-item|p1a: Great Tusk|Black Sludge|[from] move: Trick
|-item|p2a: Slowking|Rocky Helmet|[from] move: Trick
|
|-damage|p1a: Great Tusk|88/100|[from] item: Black Sludge
|upkeep
|turn|3
|
|t:|1781074489
|switch|p2a: Hatterene|Hatterene, F|100/100
|move|p1a: Great Tusk|Knock Off|p2a: Hatterene
|-damage|p2a: Hatterene|75/100
|-damage|p1a: Great Tusk|71/100|[from] item: Rocky Helmet|[of] p2a: Hatterene
|-enditem|p2a: Hatterene|Rocky Helmet|[from] move: Knock Off|[of] p1a: Great Tusk
|
|-damage|p1a: Great Tusk|59/100|[from] item: Black Sludge
|upkeep
|turn|4
|
|t:|1781074514
|move|p1a: Great Tusk|Earthquake|p2a: Hatterene
|-damage|p2a: Hatterene|38/100
|move|p2a: Hatterene|Pain Split|p1a: Great Tusk
|-sethp|p1a: Great Tusk|44/100|[from] move: Pain Split|[silent]
|-sethp|p2a: Hatterene|59/100|[from] move: Pain Split
|
|-damage|p1a: Great Tusk|31/100|[from] item: Black Sludge
|upkeep
|turn|5
|
|t:|1781074526
|-end|p1a: Great Tusk|Protosynthesis|[silent]
|switch|p1a: Indeedee|Indeedee, M|100/100
|-fieldstart|move: Psychic Terrain|[from] ability: Psychic Surge|[of] p1a: Indeedee
|move|p2a: Hatterene|Draining Kiss|p1a: Indeedee
|-damage|p1a: Indeedee|67/100
|-heal|p2a: Hatterene|80/100|[from] drain|[of] p1a: Indeedee
|
|upkeep
|turn|6
|inactive|Enigmatic Gale has 120 seconds left.
|
|t:|1781074543
|switch|p2a: Kingambit|Kingambit, F|100/100
|move|p1a: Indeedee|Encore||[still]
|-fail|p1a: Indeedee
|
|upkeep
|turn|7
|inactive|Enigmatic Gale has 120 seconds left.
|
|t:|1781074555
|switch|p1a: Great Tusk|Great Tusk|31/100
|move|p2a: Kingambit|Iron Head|p1a: Great Tusk
|-damage|p1a: Great Tusk|9/100
|
|-damage|p1a: Great Tusk|0 fnt|[from] item: Black Sludge
|faint|p1a: Great Tusk
|-end|p1a: Great Tusk|Protosynthesis|[silent]
|upkeep
|
|t:|1781074562
|switch|p1a: Hawlucha|Hawlucha, F|100/100
|-enditem|p1a: Hawlucha|Psychic Seed
|-boost|p1a: Hawlucha|spd|1|[from] item: Psychic Seed
|turn|8
|inactive|Enigmatic Gale has 120 seconds left.
|inactive|Enigmatic Gale has 90 seconds left.
|
|t:|1781074625
|-end|p2a: Kingambit|fallenundefined|[silent]
|switch|p2a: Hatterene|Hatterene, F|80/100
|move|p1a: Hawlucha|Swords Dance|p1a: Hawlucha
|-boost|p1a: Hawlucha|atk|2
|
|upkeep
|turn|9
|
|t:|1781074636
|move|p1a: Hawlucha|Acrobatics|p2a: Hatterene
|-damage|p2a: Hatterene|0 fnt
|faint|p2a: Hatterene
|
|upkeep
|inactive|Enigmatic Gale has 60 seconds left.
|
|t:|1781074663
|switch|p2a: Slowking|Slowking-Galar, F|100/100
|turn|10
|inactive|Enigmatic Gale has 60 seconds left.
|
|t:|1781074668
|move|p1a: Hawlucha|Acrobatics|p2a: Slowking
|-damage|p2a: Slowking|25/100
|-damage|p1a: Hawlucha|84/100|[from] item: Rocky Helmet|[of] p2a: Slowking
|move|p2a: Slowking|Future Sight|p1a: Hawlucha
|-start|p2a: Slowking|move: Future Sight
|
|upkeep
|turn|11
|
|t:|1781074677
|switch|p2a: Kingambit|Kingambit, F|100/100
|-activate|p2a: Kingambit|ability: Supreme Overlord
|-start|p2a: Kingambit|fallen1|[silent]
|move|p1a: Hawlucha|Acrobatics|p2a: Kingambit
|-resisted|p2a: Kingambit
|-damage|p2a: Kingambit|65/100
|
|-heal|p2a: Kingambit|71/100|[from] item: Leftovers
|upkeep
|turn|12
|
|t:|1781074692
|-end|p2a: Kingambit|fallen1|[silent]
|switch|p2a: Slowking|Slowking-Galar, F|59/100
|-terastallize|p1a: Hawlucha|Steel
|move|p1a: Hawlucha|Close Combat|p2a: Slowking
|-resisted|p2a: Slowking
|-damage|p2a: Slowking|38/100
|-unboost|p1a: Hawlucha|def|1
|-unboost|p1a: Hawlucha|spd|1
|-damage|p1a: Hawlucha|68/100|[from] item: Rocky Helmet|[of] p2a: Slowking
|
|-end|p1a: Hawlucha|move: Future Sight
|-resisted|p1a: Hawlucha
|-crit|p1a: Hawlucha
|-damage|p1a: Hawlucha|1/100
|-fieldend|move: Psychic Terrain
|upkeep
|turn|13
|inactive|Enigmatic Gale has 60 seconds left.
|
|t:|1781074715
|move|p1a: Hawlucha|Acrobatics|p2a: Slowking
|-damage|p2a: Slowking|0 fnt
|-damage|p1a: Hawlucha|0 fnt|[from] item: Rocky Helmet|[of] p2a: Slowking
|faint|p2a: Slowking
|faint|p1a: Hawlucha
|
|upkeep
|
|t:|1781074730
|switch|p1a: Indeedee|Indeedee, M|67/100
|switch|p2a: Tornadus|Tornadus-Therian, M|100/100
|-fieldstart|move: Psychic Terrain|[from] ability: Psychic Surge|[of] p1a: Indeedee
|turn|14
|
|t:|1781074741
|move|p2a: Tornadus|Knock Off|p1a: Indeedee
|-supereffective|p1a: Indeedee
|-damage|p1a: Indeedee|0 fnt
|-enditem|p1a: Indeedee|Terrain Extender|[from] move: Knock Off|[of] p2a: Tornadus
|faint|p1a: Indeedee
|
|upkeep
|
|t:|1781074743
|switch|p1a: Polteageist|Polteageist-Antique|100/100
|turn|15
|inactive|Enigmatic Gale has 60 seconds left.
|
|t:|1781074762
|move|p2a: Tornadus|Knock Off|p1a: Polteageist
|-supereffective|p1a: Polteageist
|-damage|p1a: Polteageist|32/100
|-ability|p1a: Polteageist|Weak Armor|boost
|-unboost|p1a: Polteageist|def|1
|-boost|p1a: Polteageist|spe|2
|-enditem|p1a: Polteageist|Focus Sash|[from] move: Knock Off|[of] p2a: Tornadus
|move|p1a: Polteageist|Shell Smash|p1a: Polteageist
|-unboost|p1a: Polteageist|def|1
|-unboost|p1a: Polteageist|spd|1
|-boost|p1a: Polteageist|atk|2
|-boost|p1a: Polteageist|spa|2
|-boost|p1a: Polteageist|spe|2
|
|upkeep
|turn|16
|inactive|Enigmatic Gale has 60 seconds left.
|inactive|Enigmatic Gale has 30 seconds left.
|
|t:|1781074798
|move|p1a: Polteageist|Stored Power|p2a: Tornadus
|-damage|p2a: Tornadus|0 fnt
|faint|p2a: Tornadus
|
|upkeep
|
|t:|1781074803
|switch|p2a: Kingambit|Kingambit, F|71/100
|-activate|p2a: Kingambit|ability: Supreme Overlord
|-start|p2a: Kingambit|fallen3|[silent]
|turn|17
|
|t:|1781074811
|move|p1a: Polteageist|Shadow Ball|p2a: Kingambit
|-resisted|p2a: Kingambit
|-damage|p2a: Kingambit|27/100
|move|p2a: Kingambit|Iron Head|p1a: Polteageist
|-damage|p1a: Polteageist|0 fnt
|faint|p1a: Polteageist
|
|-heal|p2a: Kingambit|33/100|[from] item: Leftovers
|upkeep
|
|t:|1781074818
|switch|p1a: Iron Valiant|Iron Valiant|100/100
|-enditem|p1a: Iron Valiant|Booster Energy
|-activate|p1a: Iron Valiant|ability: Quark Drive|[fromitem]
|-start|p1a: Iron Valiant|quarkdrivespe
|turn|18
|
|t:|1781074840
|move|p1a: Iron Valiant|Moonblast|p2a: Kingambit
|-damage|p2a: Kingambit|0 fnt
|faint|p2a: Kingambit
|-end|p2a: Kingambit|fallen3|[silent]
|
|upkeep
|inactive|Enigmatic Gale has 30 seconds left.
|
|t:|1781074852
|switch|p2a: Kyurem|Kyurem|100/100
|-ability|p2a: Kyurem|Pressure
|turn|19
|inactive|Enigmatic Gale has 30 seconds left.
|inactive|Enigmatic Gale has 20 seconds left.
|inactive|Enigmatic Gale has 15 seconds left.
|
|t:|1781074879
|-end|p1a: Iron Valiant|Quark Drive|[silent]
|switch|p1a: Primarina|Primarina, M|100/100
|-terastallize|p2a: Kyurem|Ice
|move|p2a: Kyurem|Blizzard|p1a: Primarina
|-resisted|p1a: Primarina
|-damage|p1a: Primarina|71/100
|
|upkeep
|turn|20
|inactive|Enigmatic Gale has 25 seconds left this turn.
|inactive|Enigmatic Gale has 20 seconds left.
|inactive|Enigmatic Gale has 15 seconds left.
|inactive|Enigmatic Gale has 10 seconds left.
|
|t:|1781074895
|move|p2a: Kyurem|Blizzard|p1a: Primarina|[miss]
|-miss|p2a: Kyurem|p1a: Primarina
|move|p1a: Primarina|Moonblast|p2a: Kyurem
|-damage|p2a: Kyurem|47/100
|
|upkeep
|turn|21
|inactive|Enigmatic Gale has 20 seconds left this turn.
|inactive|Enigmatic Gale has 15 seconds left.
|
|t:|1781074904
|move|p2a: Kyurem|Blizzard|p1a: Primarina|[miss]
|-miss|p2a: Kyurem|p1a: Primarina
|move|p1a: Primarina|Moonblast|p2a: Kyurem
|-damage|p2a: Kyurem|0 fnt
|faint|p2a: Kyurem
|
|-fieldend|move: Psychic Terrain
|upkeep
|inactive|Enigmatic Gale has 20 seconds left this turn.
|inactive|Enigmatic Gale has 15 seconds left.
|
|t:|1781074910
|switch|p2a: Great Tusk|Great Tusk|100/100
|turn|22
|inactive|Enigmatic Gale has 25 seconds left this turn.
|
|t:|1781074914
|move|p2a: Great Tusk|Rapid Spin|p1a: Primarina
|-damage|p1a: Primarina|52/100
|-boost|p2a: Great Tusk|spe|1
|move|p1a: Primarina|Moonblast|p2a: Great Tusk
|-supereffective|p2a: Great Tusk
|-damage|p2a: Great Tusk|0 fnt
|faint|p2a: Great Tusk
|-end|p2a: Great Tusk|Protosynthesis|[silent]
|
|win|mongwong
|raw|mongwong's rating: 1589 &rarr; <strong>1605</strong><br />(+16 for winning)
|raw|Enigmatic Gale's rating: 1520 &rarr; <strong>1504</strong><br />(-16 for losing)
|l|☆mongwong
|player|p1|
|l|☆Enigmatic Gale
|player|p2|
