|j|☆monkeoogaboog2
|j|☆cachowcapow
|t:|1780929797
|gametype|singles
|player|p1|monkeoogaboog2|265|1598
|player|p2|cachowcapow|102|1646
|gen|9
|tier|[Gen 9] OU
|rated|
|rule|HP Percentage Mod: HP is shown in percentages
|rule|Endless Battle Clause: Forcing endless battles is banned
|rule|Species Clause: Limit one of each Pokémon
|rule|OHKO Clause: OHKO moves are banned
|rule|Evasion Items Clause: Evasion items are banned
|rule|Evasion Moves Clause: Evasion moves are banned
|rule|Evasion Abilities Clause: Evasion abilities are banned
|rule|Sleep Moves Clause: Sleep-inducing moves are banned
|clearpoke
|poke|p1|Fezandipiti, M|
|poke|p1|Landorus-Therian, M|
|poke|p1|Cinderace, F|
|poke|p1|Alomomola, F|
|poke|p1|Dragapult, F|
|poke|p1|Darkrai|
|poke|p2|Primarina, M|
|poke|p2|Slither Wing|
|poke|p2|Slowking-Galar, M|
|poke|p2|Great Tusk|
|poke|p2|Meowscarada, M|
|poke|p2|Gardevoir, M|
|teampreview
|
|t:|1780929812
|teamsize|p1|6
|teamsize|p2|6
|start
|switch|p1a: Fezandipiti|Fezandipiti, M|100/100
|switch|p2a: Meowscarada|Meowscarada, M|100/100
|turn|1
|
|t:|1780929820
|move|p2a: Meowscarada|U-turn|p1a: Fezandipiti
|-start|p2a: Meowscarada|typechange|Bug|[from] ability: Protean
|-resisted|p1a: Fezandipiti
|-damage|p1a: Fezandipiti|92/100
|
|t:|1780929821
|switch|p2a: Slowking|Slowking-Galar, M|100/100|[from] U-turn
|move|p1a: Fezandipiti|U-turn|p2a: Slowking
|-damage|p2a: Slowking|87/100
|
|t:|1780929829
|switch|p1a: Landorus|Landorus-Therian, M|100/100|[from] U-turn
|-ability|p1a: Landorus|Intimidate|boost
|-unboost|p2a: Slowking|atk|1
|
|upkeep
|turn|2
|
|t:|1780929834
|move|p1a: Landorus|Stealth Rock|p2a: Slowking
|-sidestart|p2: cachowcapow|move: Stealth Rock
|move|p2a: Slowking|Future Sight|p1a: Landorus
|-start|p2a: Slowking|move: Future Sight
|
|upkeep
|turn|3
|
|t:|1780929838
|switch|p2a: Slither Wing|Slither Wing|100/100
|-damage|p2a: Slither Wing|88/100|[from] Stealth Rock
|move|p1a: Landorus|U-turn|p2a: Slither Wing
|-resisted|p2a: Slither Wing
|-damage|p2a: Slither Wing|80/100
|-damage|p1a: Landorus|84/100|[from] item: Rocky Helmet|[of] p2a: Slither Wing
|
|t:|1780929845
|switch|p1a: Alomomola|Alomomola, F|100/100|[from] U-turn
|
|upkeep
|turn|4
|
|t:|1780929854
|move|p2a: Slither Wing|Will-O-Wisp|p1a: Alomomola
|-status|p1a: Alomomola|brn
|move|p1a: Alomomola|Scald|p2a: Slither Wing
|-damage|p2a: Slither Wing|67/100
|
|-end|p1a: Alomomola|move: Future Sight
|-damage|p1a: Alomomola|76/100 brn
|-damage|p1a: Alomomola|70/100 brn|[from] brn
|upkeep
|turn|5
|
|t:|1780929862
|move|p2a: Slither Wing|U-turn|p1a: Alomomola
|-damage|p1a: Alomomola|49/100 brn
|
|t:|1780929869
|-end|p2a: Slither Wing|Protosynthesis|[silent]
|switch|p2a: Slowking|Slowking-Galar, M|100/100|[from] U-turn
|move|p1a: Alomomola|Flip Turn|p2a: Slowking
|-damage|p2a: Slowking|92/100
|
|t:|1780929873
|switch|p1a: Landorus|Landorus-Therian, M|84/100|[from] Flip Turn
|-ability|p1a: Landorus|Intimidate|boost
|-unboost|p2a: Slowking|atk|1
|
|upkeep
|turn|6
|
|t:|1780929883
|-terastallize|p2a: Slowking|Flying
|move|p1a: Landorus|Earthquake|p2a: Slowking
|-immune|p2a: Slowking
|move|p2a: Slowking|Future Sight|p1a: Landorus
|-start|p2a: Slowking|move: Future Sight
|
|upkeep
|turn|7
|
|t:|1780929887
|move|p1a: Landorus|U-turn|p2a: Slowking
|-resisted|p2a: Slowking
|-damage|p2a: Slowking|80/100
|
|t:|1780929891
|switch|p1a: Alomomola|Alomomola, F|82/100 brn|[from] U-turn
|-prepare|p2a: Slowking|Chilly Reception|[premajor]
|move|p2a: Slowking|Chilly Reception|p2a: Slowking
|-weather|Snowscape
|
|t:|1780929899
|switch|p2a: Meowscarada|Meowscarada, M|100/100|[from] Chilly Reception
|-damage|p2a: Meowscarada|88/100|[from] Stealth Rock
|
|-weather|Snowscape|[upkeep]
|-damage|p1a: Alomomola|76/100 brn|[from] brn
|upkeep
|turn|8
|
|t:|1780929910
|switch|p1a: Fezandipiti|Fezandipiti, M|92/100
|move|p2a: Meowscarada|Knock Off|p1a: Fezandipiti
|-start|p2a: Meowscarada|typechange|Dark|[from] ability: Protean
|-resisted|p1a: Fezandipiti
|-damage|p1a: Fezandipiti|68/100
|-enditem|p1a: Fezandipiti|Heavy-Duty Boots|[from] move: Knock Off|[of] p2a: Meowscarada
|
|-weather|Snowscape|[upkeep]
|-end|p1a: Fezandipiti|move: Future Sight
|-supereffective|p1a: Fezandipiti
|-damage|p1a: Fezandipiti|0 fnt
|faint|p1a: Fezandipiti
|upkeep
|
|t:|1780929922
|switch|p1a: Cinderace|Cinderace, F|100/100
|turn|9
|
|t:|1780929927
|switch|p2a: Slither Wing|Slither Wing|67/100
|-damage|p2a: Slither Wing|55/100|[from] Stealth Rock
|move|p1a: Cinderace|U-turn|p2a: Slither Wing
|-start|p1a: Cinderace|typechange|Bug|[from] ability: Libero
|-resisted|p2a: Slither Wing
|-damage|p2a: Slither Wing|41/100
|-damage|p1a: Cinderace|84/100|[from] item: Rocky Helmet|[of] p2a: Slither Wing
|
|t:|1780929930
|switch|p1a: Dragapult|Dragapult, F|100/100|[from] U-turn
|
|-weather|Snowscape|[upkeep]
|upkeep
|turn|10
|
|t:|1780929936
|-end|p2a: Slither Wing|Protosynthesis|[silent]
|switch|p2a: Slowking|Slowking-Galar, M, tera:Flying|100/100
|move|p1a: Dragapult|Shadow Ball|p2a: Slowking
|-damage|p2a: Slowking|67/100
|
|-weather|Snowscape|[upkeep]
|upkeep
|turn|11
|
|t:|1780929940
|move|p1a: Dragapult|Shadow Ball|p2a: Slowking
|-damage|p2a: Slowking|37/100
|-prepare|p2a: Slowking|Chilly Reception|[premajor]
|move|p2a: Slowking|Chilly Reception|p2a: Slowking
|
|t:|1780929946
|switch|p2a: Meowscarada|Meowscarada, M|88/100|[from] Chilly Reception
|-damage|p2a: Meowscarada|76/100|[from] Stealth Rock
|
|-weather|none
|upkeep
|turn|12
|j| michealjackkson
|
|t:|1780929950
|switch|p1a: Landorus|Landorus-Therian, M|84/100
|-ability|p1a: Landorus|Intimidate|boost
|-unboost|p2a: Meowscarada|atk|1
|move|p2a: Meowscarada|Knock Off|p1a: Landorus
|-start|p2a: Meowscarada|typechange|Dark|[from] ability: Protean
|-damage|p1a: Landorus|57/100
|-damage|p2a: Meowscarada|60/100|[from] item: Rocky Helmet|[of] p1a: Landorus
|-enditem|p1a: Landorus|Rocky Helmet|[from] move: Knock Off|[of] p2a: Meowscarada
|
|upkeep
|turn|13
|
|t:|1780929959
|switch|p2a: Slowking|Slowking-Galar, M, tera:Flying|70/100
|move|p1a: Landorus|U-turn|p2a: Slowking
|-resisted|p2a: Slowking
|-damage|p2a: Slowking|59/100
|
|t:|1780929961
|switch|p1a: Cinderace|Cinderace, F|84/100|[from] U-turn
|
|upkeep
|turn|14
|
|t:|1780929967
|switch|p2a: Primarina|Primarina, M, shiny|100/100
|-damage|p2a: Primarina|88/100|[from] Stealth Rock
|move|p1a: Cinderace|Pyro Ball|p2a: Primarina
|-resisted|p2a: Primarina
|-damage|p2a: Primarina|60/100
|
|-heal|p2a: Primarina|66/100|[from] item: Leftovers
|upkeep
|turn|15
|
|t:|1780929975
|move|p1a: Cinderace|U-turn|p2a: Primarina
|-start|p1a: Cinderace|typechange|Bug|[from] ability: Libero
|-resisted|p2a: Primarina
|-damage|p2a: Primarina|52/100
|
|t:|1780929978
|switch|p1a: Alomomola|Alomomola, F|100/100 brn|[from] U-turn
|move|p2a: Primarina|Calm Mind|p2a: Primarina
|-boost|p2a: Primarina|spa|1
|-boost|p2a: Primarina|spd|1
|
|-heal|p2a: Primarina|58/100|[from] item: Leftovers
|-damage|p1a: Alomomola|94/100 brn|[from] brn
|upkeep
|turn|16
|
|t:|1780929986
|move|p2a: Primarina|Calm Mind|p2a: Primarina
|-boost|p2a: Primarina|spa|1
|-boost|p2a: Primarina|spd|1
|move|p1a: Alomomola|Flip Turn|p2a: Primarina
|-resisted|p2a: Primarina
|-damage|p2a: Primarina|55/100
|
|t:|1780929991
|switch|p1a: Landorus|Landorus-Therian, M|57/100|[from] Flip Turn
|-ability|p1a: Landorus|Intimidate|boost
|-unboost|p2a: Primarina|atk|1
|
|-heal|p2a: Primarina|61/100|[from] item: Leftovers
|upkeep
|turn|17
|
|t:|1780929995
|move|p1a: Landorus|Earthquake|p2a: Primarina
|-damage|p2a: Primarina|15/100
|move|p2a: Primarina|Draining Kiss|p1a: Landorus
|-damage|p1a: Landorus|9/100
|-heal|p2a: Primarina|52/100|[from] drain|[of] p1a: Landorus
|
|-heal|p2a: Primarina|58/100|[from] item: Leftovers
|upkeep
|turn|18
|
|t:|1780930000
|move|p1a: Landorus|Earthquake|p2a: Primarina
|-damage|p2a: Primarina|19/100
|move|p2a: Primarina|Draining Kiss|p1a: Landorus
|-damage|p1a: Landorus|0 fnt
|-heal|p2a: Primarina|26/100|[from] drain|[of] p1a: Landorus
|faint|p1a: Landorus
|
|-heal|p2a: Primarina|32/100|[from] item: Leftovers
|upkeep
|
|t:|1780930009
|switch|p1a: Darkrai|Darkrai|100/100
|turn|19
|
|t:|1780930012
|-terastallize|p1a: Darkrai|Poison
|move|p1a: Darkrai|Sludge Bomb|p2a: Primarina
|-supereffective|p2a: Primarina
|-crit|p2a: Primarina
|-damage|p2a: Primarina|0 fnt
|faint|p2a: Primarina
|
|upkeep
|
|t:|1780930018
|switch|p2a: Slowking|Slowking-Galar, M, tera:Flying|92/100
|turn|20
|
|t:|1780930021
|switch|p1a: Cinderace|Cinderace, F|84/100
|move|p2a: Slowking|Future Sight|p1a: Cinderace
|-start|p2a: Slowking|move: Future Sight
|
|upkeep
|turn|21
|
|t:|1780930029
|move|p1a: Cinderace|Pyro Ball|p2a: Slowking
|-damage|p2a: Slowking|31/100
|-prepare|p2a: Slowking|Chilly Reception|[premajor]
|move|p2a: Slowking|Chilly Reception|p2a: Slowking
|-weather|Snowscape
|
|t:|1780930034
|switch|p2a: Great Tusk|Great Tusk|100/100|[from] Chilly Reception
|
|-weather|Snowscape|[upkeep]
|upkeep
|turn|22
|
|t:|1780930038
|move|p1a: Cinderace|U-turn|p2a: Great Tusk
|-start|p1a: Cinderace|typechange|Bug|[from] ability: Libero
|-resisted|p2a: Great Tusk
|-damage|p2a: Great Tusk|89/100
|
|t:|1780930039
|switch|p1a: Alomomola|Alomomola, F|100/100 brn|[from] U-turn
|move|p2a: Great Tusk|Rapid Spin|p1a: Alomomola
|-damage|p1a: Alomomola|88/100 brn
|-boost|p2a: Great Tusk|spe|1
|-sideend|p2: cachowcapow|Stealth Rock|[from] move: Rapid Spin|[of] p2a: Great Tusk
|
|-weather|Snowscape|[upkeep]
|-end|p1a: Alomomola|move: Future Sight
|-damage|p1a: Alomomola|63/100 brn
|-damage|p1a: Alomomola|57/100 brn|[from] brn
|upkeep
|turn|23
|
|t:|1780930046
|move|p2a: Great Tusk|Knock Off|p1a: Alomomola
|-damage|p1a: Alomomola|33/100 brn
|-enditem|p1a: Alomomola|Assault Vest|[from] move: Knock Off|[of] p2a: Great Tusk
|move|p1a: Alomomola|Scald|p2a: Great Tusk
|-supereffective|p2a: Great Tusk
|-damage|p2a: Great Tusk|45/100
|-status|p2a: Great Tusk|brn
|
|-weather|Snowscape|[upkeep]
|-damage|p2a: Great Tusk|39/100 brn|[from] brn
|-damage|p1a: Alomomola|27/100 brn|[from] brn
|upkeep
|turn|24
|
|t:|1780930051
|move|p2a: Great Tusk|Headlong Rush|p1a: Alomomola
|-damage|p1a: Alomomola|6/100 brn
|-unboost|p2a: Great Tusk|def|1
|-unboost|p2a: Great Tusk|spd|1
|move|p1a: Alomomola|Flip Turn|p2a: Great Tusk
|-supereffective|p2a: Great Tusk
|-damage|p2a: Great Tusk|19/100 brn
|
|t:|1780930056
|switch|p1a: Cinderace|Cinderace, F|84/100|[from] Flip Turn
|
|-weather|Snowscape|[upkeep]
|-damage|p2a: Great Tusk|13/100 brn|[from] brn
|upkeep
|turn|25
|
|t:|1780930059
|move|p1a: Cinderace|Sucker Punch|p2a: Great Tusk
|-start|p1a: Cinderace|typechange|Dark|[from] ability: Libero
|-resisted|p2a: Great Tusk
|-damage|p2a: Great Tusk|0 fnt
|faint|p2a: Great Tusk
|-end|p2a: Great Tusk|Protosynthesis|[silent]
|
|-weather|none
|upkeep
|
|t:|1780930062
|switch|p2a: Meowscarada|Meowscarada, M|60/100
|turn|26
|
|t:|1780930066
|switch|p1a: Alomomola|Alomomola, F|39/100 brn
|move|p2a: Meowscarada|U-turn|p1a: Alomomola
|-start|p2a: Meowscarada|typechange|Bug|[from] ability: Protean
|-damage|p1a: Alomomola|17/100 brn
|
|t:|1780930073
|switch|p2a: Slowking|Slowking-Galar, M, tera:Flying|64/100|[from] U-turn
|
|-damage|p1a: Alomomola|11/100 brn|[from] brn
|upkeep
|turn|27
|
|t:|1780930077
|switch|p1a: Darkrai|Darkrai, tera:Poison|100/100
|move|p2a: Slowking|Future Sight|p1a: Darkrai
|-start|p2a: Slowking|move: Future Sight
|
|upkeep
|turn|28
|
|t:|1780930082
|switch|p1a: Alomomola|Alomomola, F|44/100 brn
|-prepare|p2a: Slowking|Chilly Reception|[premajor]
|move|p2a: Slowking|Chilly Reception|p2a: Slowking
|-weather|Snowscape
|
|t:|1780930089
|switch|p2a: Gardevoir|Gardevoir, M, shiny|100/100|[from] Chilly Reception
|-ability|p2a: Gardevoir|Regenerator|Trace|[from] ability: Trace|[of] p1a: Alomomola
|
|-weather|Snowscape|[upkeep]
|-damage|p1a: Alomomola|38/100 brn|[from] brn
|upkeep
|turn|29
|
|t:|1780930099
|move|p2a: Gardevoir|Psyshock|p1a: Alomomola
|-crit|p1a: Alomomola
|-damage|p1a: Alomomola|0 fnt
|faint|p1a: Alomomola
|
|-weather|Snowscape|[upkeep]
|-hint|Future Sight did not hit because the target is fainted.
|upkeep
|
|t:|1780930104
|switch|p1a: Dragapult|Dragapult, F|100/100
|turn|30
|
|t:|1780930116
|switch|p2a: Slowking|Slowking-Galar, M, tera:Flying|97/100
|move|p1a: Dragapult|Draco Meteor|p2a: Slowking
|-crit|p2a: Slowking
|-damage|p2a: Slowking|26/100
|-unboost|p1a: Dragapult|spa|2
|
|-weather|Snowscape|[upkeep]
|upkeep
|turn|31
|
|t:|1780930121
|switch|p2a: Gardevoir|Gardevoir, M, shiny|100/100
|-ability|p2a: Gardevoir|Infiltrator|Trace|[from] ability: Trace|[of] p1a: Dragapult
|move|p1a: Dragapult|Draco Meteor|p2a: Gardevoir
|-immune|p2a: Gardevoir
|
|-weather|Snowscape|[upkeep]
|upkeep
|turn|32
|
|t:|1780930124
|switch|p1a: Cinderace|Cinderace, F|84/100
|move|p2a: Gardevoir|Psyshock|p1a: Cinderace
|-damage|p1a: Cinderace|0 fnt
|faint|p1a: Cinderace
|
|-weather|none
|upkeep
|
|t:|1780930127
|switch|p1a: Darkrai|Darkrai, tera:Poison|100/100
|turn|33
|
|t:|1780930133
|switch|p2a: Slither Wing|Slither Wing|41/100
|move|p1a: Darkrai|Sludge Bomb|p2a: Slither Wing
|-damage|p2a: Slither Wing|0 fnt
|faint|p2a: Slither Wing
|-end|p2a: Slither Wing|Protosynthesis|[silent]
|
|upkeep
|
|t:|1780930136
|switch|p2a: Slowking|Slowking-Galar, M, tera:Flying|60/100
|turn|34
|
|t:|1780930141
|move|p1a: Darkrai|Dark Pulse|p2a: Slowking
|-damage|p2a: Slowking|33/100
|move|p2a: Slowking|Thunder Wave|p1a: Darkrai
|-status|p1a: Darkrai|par
|
|upkeep
|turn|35
|
|t:|1780930147
|move|p1a: Darkrai|Dark Pulse|p2a: Slowking
|-damage|p2a: Slowking|9/100
|-prepare|p2a: Slowking|Chilly Reception|[premajor]
|move|p2a: Slowking|Chilly Reception|p2a: Slowking
|-weather|Snowscape
|
|t:|1780930149
|switch|p2a: Gardevoir|Gardevoir, M, shiny|100/100|[from] Chilly Reception
|-ability|p2a: Gardevoir|Bad Dreams|Trace|[from] ability: Trace|[of] p1a: Darkrai
|
|-weather|Snowscape|[upkeep]
|upkeep
|turn|36
|
|t:|1780930153
|move|p2a: Gardevoir|Psyshock|p1a: Darkrai
|-supereffective|p1a: Darkrai
|-damage|p1a: Darkrai|0 fnt
|faint|p1a: Darkrai
|
|-weather|Snowscape|[upkeep]
|upkeep
|
|t:|1780930155
|switch|p1a: Dragapult|Dragapult, F|100/100
|turn|37
|
|t:|1780930162
|move|p1a: Dragapult|Shadow Ball|p2a: Gardevoir
|-supereffective|p2a: Gardevoir
|-damage|p2a: Gardevoir|0 fnt
|faint|p2a: Gardevoir
|
|-weather|Snowscape|[upkeep]
|upkeep
|
|t:|1780930164
|switch|p2a: Meowscarada|Meowscarada, M|60/100
|turn|38
|
|t:|1780930166
|move|p2a: Meowscarada|Knock Off|p1a: Dragapult
|-start|p2a: Meowscarada|typechange|Dark|[from] ability: Protean
|-supereffective|p1a: Dragapult
|-damage|p1a: Dragapult|0 fnt
|-enditem|p1a: Dragapult|Choice Specs|[from] move: Knock Off|[of] p2a: Meowscarada
|faint|p1a: Dragapult
|
|win|cachowcapow
|raw|monkeoogaboog2's rating: 1598 &rarr; <strong>1582</strong><br />(-16 for losing)
|raw|cachowcapow's rating: 1661 &rarr; <strong>1677</strong><br />(+16 for winning)
|l|☆monkeoogaboog2
|player|p1|
|l| michealjackkson
