|j|☆newgensbetter
|j|☆samohi0
|t:|1781325011
|gametype|singles
|player|p1|newgensbetter|unknownf|1723
|player|p2|samohi0|hoopster|1652
|gen|9
|tier|[Gen 9] OU
|rated|
|rule|HP Percentage Mod: HP is shown in percentages
|rule|Endless Battle Clause: Forcing endless battles is banned
|rule|Species Clause: Limit one of each Pokémon
|rule|OHKO Clause: OHKO moves are banned
|rule|Evasion Items Clause: Evasion items are banned
|rule|Evasion Moves Clause: Evasion moves are banned
|rule|Evasion Abilities Clause: Evasion abilities are banned
|rule|Sleep Moves Clause: Sleep-inducing moves are banned
|clearpoke
|poke|p1|Gholdengo|
|poke|p1|Dragonite, M|
|poke|p1|Raging Bolt|
|poke|p1|Great Tusk|
|poke|p1|Iron Valiant|
|poke|p1|Ting-Lu|
|poke|p2|Lokix, M|
|poke|p2|Iron Valiant|
|poke|p2|Alomomola, L99, F|
|poke|p2|Mandibuzz, F|
|poke|p2|Great Tusk|
|poke|p2|Gholdengo|
|teampreview
|
|t:|1781325025
|teamsize|p1|6
|teamsize|p2|6
|start
|switch|p1a: Great Neck|Raging Bolt|100/100
|switch|p2a: G3-X|Iron Valiant, shiny|100/100
|turn|1
|
|t:|1781325029
|move|p1a: Great Neck|Thunderclap|p2a: G3-X
|-damage|p2a: G3-X|0 fnt
|faint|p2a: G3-X
|-end|p2a: G3-X|Quark Drive|[silent]
|
|upkeep
|
|t:|1781325032
|switch|p2a: Gills Exceed|Great Tusk|100/100
|turn|2
|
|t:|1781325036
|-end|p1a: Great Neck|Protosynthesis|[silent]
|switch|p1a: Great Tusk|Great Tusk|100/100
|move|p2a: Gills Exceed|Stealth Rock|p1a: Great Tusk
|-sidestart|p1: newgensbetter|move: Stealth Rock
|
|upkeep
|turn|3
|
|t:|1781325039
|move|p2a: Gills Exceed|Headlong Rush|p1a: Great Tusk
|-damage|p1a: Great Tusk|65/100
|-unboost|p2a: Gills Exceed|def|1
|-unboost|p2a: Gills Exceed|spd|1
|-damage|p2a: Gills Exceed|84/100|[from] item: Rocky Helmet|[of] p1a: Great Tusk
|move|p1a: Great Tusk|Headlong Rush|p2a: Gills Exceed
|-damage|p2a: Gills Exceed|28/100
|-unboost|p1a: Great Tusk|def|1
|-unboost|p1a: Great Tusk|spd|1
|
|upkeep
|turn|4
|
|t:|1781325047
|move|p2a: Gills Exceed|Rapid Spin|p1a: Great Tusk
|-damage|p1a: Great Tusk|52/100
|-boost|p2a: Gills Exceed|spe|1
|-damage|p2a: Gills Exceed|12/100|[from] item: Rocky Helmet|[of] p1a: Great Tusk
|move|p1a: Great Tusk|Headlong Rush|p2a: Gills Exceed
|-damage|p2a: Gills Exceed|0 fnt
|-unboost|p1a: Great Tusk|def|1
|-unboost|p1a: Great Tusk|spd|1
|faint|p2a: Gills Exceed
|-end|p2a: Gills Exceed|Protosynthesis|[silent]
|
|upkeep
|
|t:|1781325050
|switch|p2a: MACHINE TORNADER|Gholdengo|100/100
|turn|5
|
|t:|1781325053
|-end|p1a: Great Tusk|Protosynthesis|[silent]
|switch|p1a: Ting-Lu|Ting-Lu|100/100
|-damage|p1a: Ting-Lu|94/100|[from] Stealth Rock
|-ability|p1a: Ting-Lu|Vessel of Ruin
|move|p2a: MACHINE TORNADER|Make It Rain|p1a: Ting-Lu
|-damage|p1a: Ting-Lu|66/100
|-unboost|p2a: MACHINE TORNADER|spa|1
|
|-heal|p1a: Ting-Lu|72/100|[from] item: Leftovers
|upkeep
|turn|6
|
|t:|1781325056
|switch|p2a: Shining Agito|Lokix, M, shiny|100/100
|move|p1a: Ting-Lu|Stealth Rock|p2a: Shining Agito
|-sidestart|p2: samohi0|move: Stealth Rock
|
|-heal|p1a: Ting-Lu|79/100|[from] item: Leftovers
|upkeep
|turn|7
|
|t:|1781325062
|switch|p1a: Great Tusk|Great Tusk|52/100
|-damage|p1a: Great Tusk|49/100|[from] Stealth Rock
|move|p2a: Shining Agito|U-turn|p1a: Great Tusk
|-resisted|p1a: Great Tusk
|-damage|p1a: Great Tusk|23/100
|-damage|p2a: Shining Agito|84/100|[from] item: Rocky Helmet|[of] p1a: Great Tusk
|
|t:|1781325066
|switch|p2a: MACHINE TORNADER|Gholdengo|100/100|[from] U-turn
|-damage|p2a: MACHINE TORNADER|94/100|[from] Stealth Rock
|
|upkeep
|turn|8
|
|t:|1781325069
|-end|p1a: Great Tusk|Protosynthesis|[silent]
|switch|p1a: Ting-Lu|Ting-Lu|79/100
|-damage|p1a: Ting-Lu|72/100|[from] Stealth Rock
|-ability|p1a: Ting-Lu|Vessel of Ruin
|move|p2a: MACHINE TORNADER|Make It Rain|p1a: Ting-Lu
|-damage|p1a: Ting-Lu|41/100
|-unboost|p2a: MACHINE TORNADER|spa|1
|
|-heal|p1a: Ting-Lu|47/100|[from] item: Leftovers
|upkeep
|turn|9
|
|t:|1781325072
|switch|p2a: Shining Agito|Lokix, M, shiny|84/100
|-damage|p2a: Shining Agito|59/100|[from] Stealth Rock
|move|p1a: Ting-Lu|Earthquake|p2a: Shining Agito
|-resisted|p2a: Shining Agito
|-damage|p2a: Shining Agito|29/100
|
|-heal|p1a: Ting-Lu|53/100|[from] item: Leftovers
|upkeep
|turn|10
|
|t:|1781325081
|move|p2a: Shining Agito|Leech Life|p1a: Ting-Lu
|-supereffective|p1a: Ting-Lu
|-damage|p1a: Ting-Lu|0 fnt
|-heal|p2a: Shining Agito|78/100|[from] drain|[of] p1a: Ting-Lu
|faint|p1a: Ting-Lu
|
|upkeep
|
|t:|1781325084
|switch|p1a: Great Neck|Raging Bolt|100/100
|-damage|p1a: Great Neck|88/100|[from] Stealth Rock
|turn|11
|
|t:|1781325100
|move|p2a: Shining Agito|Leech Life|p1a: Great Neck
|-damage|p1a: Great Neck|33/100
|-heal|p2a: Shining Agito|100/100|[from] drain|[of] p1a: Great Neck
|move|p1a: Great Neck|Thunderbolt|p2a: Shining Agito
|-damage|p2a: Shining Agito|0 fnt
|faint|p2a: Shining Agito
|
|upkeep
|
|t:|1781325102
|switch|p2a: MACHINE TORNADER|Gholdengo|94/100
|-damage|p2a: MACHINE TORNADER|88/100|[from] Stealth Rock
|turn|12
|
|t:|1781325113
|-end|p1a: Great Neck|Protosynthesis|[silent]
|switch|p1a: Great Tusk|Great Tusk|23/100
|-damage|p1a: Great Tusk|20/100|[from] Stealth Rock
|move|p2a: MACHINE TORNADER|Shadow Ball|p1a: Great Tusk
|-damage|p1a: Great Tusk|0 fnt
|faint|p1a: Great Tusk
|-end|p1a: Great Tusk|Protosynthesis|[silent]
|
|upkeep
|
|t:|1781325118
|switch|p1a: Dragonite|Dragonite, M|100/100
|turn|13
|
|t:|1781325122
|switch|p2a: Overlord|Mandibuzz, F|100/100
|move|p1a: Dragonite|Dragon Dance|p1a: Dragonite
|-boost|p1a: Dragonite|atk|1
|-boost|p1a: Dragonite|spe|1
|
|upkeep
|turn|14
|
|t:|1781325126
|move|p1a: Dragonite|Dragon Dance|p1a: Dragonite
|-boost|p1a: Dragonite|atk|1
|-boost|p1a: Dragonite|spe|1
|move|p2a: Overlord|Foul Play|p1a: Dragonite
|-damage|p1a: Dragonite|38/100
|
|upkeep
|turn|15
|
|t:|1781325130
|-terastallize|p1a: Dragonite|Normal
|move|p1a: Dragonite|Extreme Speed|p2a: Overlord
|-damage|p2a: Overlord|51/100
|move|p2a: Overlord|Foul Play|p1a: Dragonite
|-damage|p1a: Dragonite|0 fnt
|faint|p1a: Dragonite
|
|upkeep
|
|t:|1781325135
|switch|p1a: Great Neck|Raging Bolt|33/100
|-damage|p1a: Great Neck|21/100|[from] Stealth Rock
|turn|16
|
|t:|1781325149
|switch|p2a: Tetsuya Sawaki|Alomomola, L99, F|100/100
|-damage|p2a: Tetsuya Sawaki|88/100|[from] Stealth Rock
|move|p1a: Great Neck|Volt Switch|p2a: Tetsuya Sawaki
|-supereffective|p2a: Tetsuya Sawaki
|-damage|p2a: Tetsuya Sawaki|23/100
|
|t:|1781325152
|-end|p1a: Great Neck|Protosynthesis|[silent]
|switch|p1a: Gholdengo|Gholdengo|100/100|[from] Volt Switch
|-damage|p1a: Gholdengo|94/100|[from] Stealth Rock
|
|upkeep
|turn|17
|
|t:|1781325154
|move|p1a: Gholdengo|Shadow Ball|p2a: Tetsuya Sawaki
|-damage|p2a: Tetsuya Sawaki|0 fnt
|faint|p2a: Tetsuya Sawaki
|
|upkeep
|
|t:|1781325156
|switch|p2a: Overlord|Mandibuzz, F|51/100
|turn|18
|
|t:|1781325159
|move|p1a: Gholdengo|Shadow Ball|p2a: Overlord
|-resisted|p2a: Overlord
|-damage|p2a: Overlord|19/100
|move|p2a: Overlord|Roost|p2a: Overlord
|-heal|p2a: Overlord|69/100
|-singleturn|p2a: Overlord|move: Roost
|
|upkeep
|turn|19
|
|t:|1781325163
|switch|p1a: Great Neck|Raging Bolt|21/100
|-damage|p1a: Great Neck|8/100|[from] Stealth Rock
|move|p2a: Overlord|Roost|p2a: Overlord
|-heal|p2a: Overlord|100/100
|-singleturn|p2a: Overlord|move: Roost
|
|upkeep
|turn|20
|
|t:|1781325174
|move|p1a: Great Neck|Thunderbolt|p2a: Overlord
|-supereffective|p2a: Overlord
|-damage|p2a: Overlord|0 fnt
|faint|p2a: Overlord
|
|upkeep
|
|t:|1781325176
|switch|p2a: MACHINE TORNADER|Gholdengo|88/100
|-damage|p2a: MACHINE TORNADER|82/100|[from] Stealth Rock
|turn|21
|
|t:|1781325178
|move|p2a: MACHINE TORNADER|Shadow Ball|p1a: Great Neck
|-crit|p1a: Great Neck
|-damage|p1a: Great Neck|0 fnt
|faint|p1a: Great Neck
|-end|p1a: Great Neck|Protosynthesis|[silent]
|
|upkeep
|
|t:|1781325184
|switch|p1a: Gholdengo|Gholdengo|94/100
|-damage|p1a: Gholdengo|88/100|[from] Stealth Rock
|turn|22
|
|t:|1781325186
|-terastallize|p2a: MACHINE TORNADER|Steel
|move|p2a: MACHINE TORNADER|Shadow Ball|p1a: Gholdengo
|-supereffective|p1a: Gholdengo
|-damage|p1a: Gholdengo|0 fnt
|faint|p1a: Gholdengo
|
|upkeep
|
|t:|1781325189
|switch|p1a: Iron Valiant|Iron Valiant|100/100
|-damage|p1a: Iron Valiant|94/100|[from] Stealth Rock
|-enditem|p1a: Iron Valiant|Booster Energy
|-activate|p1a: Iron Valiant|ability: Quark Drive|[fromitem]
|-start|p1a: Iron Valiant|quarkdrivespe
|turn|23
|
|t:|1781325192
|move|p1a: Iron Valiant|Shadow Ball|p2a: MACHINE TORNADER
|-damage|p2a: MACHINE TORNADER|52/100
|move|p2a: MACHINE TORNADER|Shadow Ball|p1a: Iron Valiant
|-damage|p1a: Iron Valiant|17/100
|
|upkeep
|turn|24
|
|t:|1781325194
|move|p1a: Iron Valiant|Shadow Ball|p2a: MACHINE TORNADER
|-damage|p2a: MACHINE TORNADER|21/100
|move|p2a: MACHINE TORNADER|Shadow Ball|p1a: Iron Valiant
|-damage|p1a: Iron Valiant|0 fnt
|faint|p1a: Iron Valiant
|-end|p1a: Iron Valiant|Quark Drive|[silent]
|
|win|samohi0
|raw|newgensbetter's rating: 1723 &rarr; <strong>1699</strong><br />(-24 for losing)
|raw|samohi0's rating: 1652 &rarr; <strong>1676</strong><br />(+24 for winning)
|l|☆newgensbetter
|player|p1|
|l|☆samohi0
|player|p2|
