|j|☆tb poke
|j|☆CassiusAuBellossom
|t:|1781358676
|gametype|singles
|player|p1|tb poke|170|1624
|player|p2|CassiusAuBellossom|101|1623
|gen|9
|tier|[Gen 9] OU
|rated|
|rule|HP Percentage Mod: HP is shown in percentages
|rule|Endless Battle Clause: Forcing endless battles is banned
|rule|Species Clause: Limit one of each Pokémon
|rule|OHKO Clause: OHKO moves are banned
|rule|Evasion Items Clause: Evasion items are banned
|rule|Evasion Moves Clause: Evasion moves are banned
|rule|Evasion Abilities Clause: Evasion abilities are banned
|rule|Sleep Moves Clause: Sleep-inducing moves are banned
|clearpoke
|poke|p1|Zamazenta-*|
|poke|p1|Iron Treads|
|poke|p1|Pecharunt|
|poke|p1|Tornadus-Therian, M|
|poke|p1|Hatterene, F|
|poke|p1|Alomomola, F|
|poke|p2|Pelipper, F|
|poke|p2|Beartic, F|
|poke|p2|Barraskewda, M|
|poke|p2|Zapdos|
|poke|p2|Ogerpon-Wellspring, F|
|poke|p2|Hatterene, F|
|teampreview
|inactive|Battle timer is ON: inactive players will automatically lose when time's up. (requested by tb poke)
|
|t:|1781358681
|teamsize|p1|6
|teamsize|p2|6
|start
|switch|p1a: Pecharunt|Pecharunt|100/100
|switch|p2a: Armin|Pelipper, F|100/100
|-weather|RainDance|[from] ability: Drizzle|[of] p2a: Armin
|turn|1
|
|t:|1781358688
|switch|p2a: Annie|Hatterene, F|100/100
|move|p1a: Pecharunt|Malignant Chain|p2a: Annie
|-supereffective|p2a: Annie
|-damage|p2a: Annie|38/100
|-enditem|p2a: Annie|Eject Button
|j| insaneprefire
|
|t:|1781358695
|switch|p2a: Zeke|Zapdos|100/100
|
|-weather|RainDance|[upkeep]
|upkeep
|turn|2
|
|t:|1781358703
|switch|p1a: Hatterene|Hatterene, F|100/100
|move|p2a: Zeke|Weather Ball|p1a: Hatterene
|-damage|p1a: Hatterene|50/100
|
|-weather|RainDance|[upkeep]
|upkeep
|turn|3
|
|t:|1781358710
|move|p2a: Zeke|Thunder|p1a: Hatterene
|-damage|p1a: Hatterene|0 fnt
|faint|p1a: Hatterene
|
|-weather|RainDance|[upkeep]
|upkeep
|
|t:|1781358712
|switch|p1a: Alomomola|Alomomola, F|100/100
|turn|4
|c| insaneprefire|yo poke would u mind sending ur team in chat
|
|t:|1781358719
|switch|p2a: Mikasa|Ogerpon-Wellspring, F|100/100
|move|p1a: Alomomola|Mirror Coat||[still]
|-fail|p1a: Alomomola
|
|-weather|RainDance|[upkeep]
|upkeep
|turn|5
|c| insaneprefire|well after ganme
|
|t:|1781358726
|move|p2a: Mikasa|Ivy Cudgel|p1a: Alomomola|[anim] Ivy Cudgel Water
|-resisted|p1a: Alomomola
|-damage|p1a: Alomomola|63/100
|move|p1a: Alomomola|Play Rough|p2a: Mikasa
|-damage|p2a: Mikasa|77/100
|
|-weather|RainDance|[upkeep]
|upkeep
|turn|6
|
|t:|1781358734
|move|p2a: Mikasa|Ivy Cudgel|p1a: Alomomola|[anim] Ivy Cudgel Water
|-resisted|p1a: Alomomola
|-crit|p1a: Alomomola
|-damage|p1a: Alomomola|14/100
|move|p1a: Alomomola|Play Rough|p2a: Mikasa|[miss]
|-miss|p1a: Alomomola|p2a: Mikasa
|
|-weather|RainDance|[upkeep]
|upkeep
|turn|7
|
|t:|1781358743
|move|p2a: Mikasa|Ivy Cudgel|p1a: Alomomola|[anim] Ivy Cudgel Water
|-resisted|p1a: Alomomola
|-damage|p1a: Alomomola|0 fnt
|faint|p1a: Alomomola
|
|-weather|RainDance|[upkeep]
|upkeep
|
|t:|1781358746
|switch|p1a: Pecharunt|Pecharunt|100/100
|turn|8
|l| insaneprefire
|
|t:|1781358767
|-terastallize|p2a: Mikasa|Water
|detailschange|p2a: Mikasa|Ogerpon-Wellspring-Tera, F, tera:Water
|-ability|p2a: Mikasa|Embody Aspect (Wellspring)|boost
|-boost|p2a: Mikasa|spd|1
|move|p2a: Mikasa|Ivy Cudgel|p1a: Pecharunt|[anim] Ivy Cudgel Water
|-damage|p1a: Pecharunt|44/100
|move|p1a: Pecharunt|Malignant Chain|p2a: Mikasa
|-damage|p2a: Mikasa|54/100
|
|-weather|none
|upkeep
|turn|9
|
|t:|1781358785
|switch|p1a: Zamazenta|Zamazenta|100/100
|-ability|p1a: Zamazenta|Dauntless Shield|boost
|-boost|p1a: Zamazenta|def|1
|move|p2a: Mikasa|Encore||[still]
|-fail|p2a: Mikasa
|
|upkeep
|turn|10
|
|t:|1781358797
|switch|p2a: Armin|Pelipper, F|100/100
|-weather|RainDance|[from] ability: Drizzle|[of] p2a: Armin
|move|p1a: Zamazenta|Iron Defense|p1a: Zamazenta
|-boost|p1a: Zamazenta|def|2
|
|-weather|RainDance|[upkeep]
|upkeep
|turn|11
|
|t:|1781358805
|-terastallize|p1a: Zamazenta|Dark
|move|p1a: Zamazenta|Body Press|p2a: Armin
|-resisted|p2a: Armin
|-damage|p2a: Armin|66/100
|move|p2a: Armin|Hurricane|p1a: Zamazenta
|-damage|p1a: Zamazenta|68/100
|
|-weather|RainDance|[upkeep]
|-heal|p1a: Zamazenta|74/100|[from] item: Leftovers
|upkeep
|turn|12
|
|t:|1781358819
|move|p1a: Zamazenta|Body Press|p2a: Armin
|-resisted|p2a: Armin
|-damage|p2a: Armin|33/100
|move|p2a: Armin|Roost|p2a: Armin
|-heal|p2a: Armin|83/100
|-singleturn|p2a: Armin|move: Roost
|
|-weather|RainDance|[upkeep]
|-heal|p1a: Zamazenta|80/100|[from] item: Leftovers
|upkeep
|turn|13
|
|t:|1781358829
|switch|p1a: Tornadus|Tornadus-Therian, M|100/100
|move|p2a: Armin|U-turn|p1a: Tornadus
|-resisted|p1a: Tornadus
|-damage|p1a: Tornadus|95/100
|
|t:|1781358835
|switch|p2a: Levi|Barraskewda, M|100/100|[from] U-turn
|
|-weather|RainDance|[upkeep]
|upkeep
|turn|14
|
|t:|1781358841
|move|p2a: Levi|Liquidation|p1a: Tornadus
|-damage|p1a: Tornadus|0 fnt
|faint|p1a: Tornadus
|
|-weather|RainDance|[upkeep]
|upkeep
|j| MushTown
|-message|tb poke forfeited.
|
|win|CassiusAuBellossom
|raw|tb poke's rating: 1624 &rarr; <strong>1604</strong><br />(-20 for losing)
|raw|CassiusAuBellossom's rating: 1623 &rarr; <strong>1643</strong><br />(+20 for winning)
|l|☆tb poke
|player|p1|
|l|☆CassiusAuBellossom
|player|p2|
