|j|☆zong200
|j|☆18dabloons
|t:|1781371980
|gametype|singles
|player|p1|zong200|aromalady|1562
|player|p2|18dabloons|caitlin|1624
|gen|9
|tier|[Gen 9] OU
|rated|
|rule|HP Percentage Mod: HP is shown in percentages
|rule|Endless Battle Clause: Forcing endless battles is banned
|rule|Species Clause: Limit one of each Pokémon
|rule|OHKO Clause: OHKO moves are banned
|rule|Evasion Items Clause: Evasion items are banned
|rule|Evasion Moves Clause: Evasion moves are banned
|rule|Evasion Abilities Clause: Evasion abilities are banned
|rule|Sleep Moves Clause: Sleep-inducing moves are banned
|clearpoke
|poke|p1|Cinderace, F|
|poke|p1|Kyurem|
|poke|p1|Zamazenta-*|
|poke|p1|Corviknight, F|
|poke|p1|Ting-Lu|
|poke|p1|Slowking-Galar, M|
|poke|p2|Ursaluna, M|
|poke|p2|Rillaboom, M|
|poke|p2|Dragapult, M|
|poke|p2|Zamazenta-*|
|poke|p2|Hatterene, F|
|poke|p2|Tinkaton, F|
|teampreview
|
|t:|1781372009
|teamsize|p1|6
|teamsize|p2|6
|start
|switch|p1a: Kyurem|Kyurem|100/100
|switch|p2a: Tinkaton|Tinkaton, F|100/100
|-ability|p1a: Kyurem|Pressure
|-ability|p2a: Tinkaton|Mold Breaker
|turn|1
|
|t:|1781372015
|move|p1a: Kyurem|Earth Power|p2a: Tinkaton
|-supereffective|p2a: Tinkaton
|-damage|p2a: Tinkaton|38/100
|move|p2a: Tinkaton|Thunder Wave|p1a: Kyurem
|-status|p1a: Kyurem|par
|
|-heal|p2a: Tinkaton|44/100|[from] item: Leftovers
|upkeep
|turn|2
|
|t:|1781372028
|switch|p1a: Cinderace|Cinderace, F|100/100
|move|p2a: Tinkaton|Gigaton Hammer|p1a: Cinderace
|-resisted|p1a: Cinderace
|-damage|p1a: Cinderace|74/100
|
|-heal|p2a: Tinkaton|50/100|[from] item: Leftovers
|upkeep
|turn|3
|
|t:|1781372039
|switch|p2a: Hatterene|Hatterene, F|100/100
|move|p1a: Cinderace|Will-O-Wisp|p2a: Hatterene
|move|p2a: Hatterene|Will-O-Wisp|p1a: Cinderace|[from] ability: Magic Bounce
|-immune|p1a: Cinderace
|
|upkeep
|turn|4
|
|t:|1781372047
|move|p1a: Cinderace|U-turn|p2a: Hatterene
|-damage|p2a: Hatterene|85/100
|
|t:|1781372049
|switch|p1a: Slowking|Slowking-Galar, M|100/100|[from] U-turn
|move|p2a: Hatterene|Nuzzle|p1a: Slowking
|-damage|p1a: Slowking|97/100
|-status|p1a: Slowking|par
|
|upkeep
|turn|5
|
|t:|1781372061
|switch|p2a: Tinkaton|Tinkaton, F|50/100
|-ability|p2a: Tinkaton|Mold Breaker
|cant|p1a: Slowking|par
|
|-heal|p2a: Tinkaton|56/100|[from] item: Leftovers
|upkeep
|turn|6
|
|t:|1781372070
|switch|p1a: Cinderace|Cinderace, F|74/100
|move|p2a: Tinkaton|Stealth Rock|p1a: Cinderace
|-sidestart|p1: zong200|move: Stealth Rock
|
|-heal|p2a: Tinkaton|63/100|[from] item: Leftovers
|upkeep
|turn|7
|
|t:|1781372081
|move|p1a: Cinderace|Court Change|p1a: Cinderace
|-swapsideconditions
|-activate|p1a: Cinderace|move: Court Change
|move|p2a: Tinkaton|Thunder Wave|p1a: Cinderace
|-status|p1a: Cinderace|par
|
|-heal|p2a: Tinkaton|69/100|[from] item: Leftovers
|upkeep
|turn|8
|inactive|Battle timer is ON: inactive players will automatically lose when time's up. (requested by zong200)
|
|t:|1781372092
|move|p2a: Tinkaton|Encore|p1a: Cinderace
|-start|p1a: Cinderace|Encore
|cant|p1a: Cinderace|par
|
|-heal|p2a: Tinkaton|75/100|[from] item: Leftovers
|upkeep
|turn|9
|
|t:|1781372103
|switch|p1a: Ting-Lu|Ting-Lu|100/100
|-ability|p1a: Ting-Lu|Vessel of Ruin
|move|p2a: Tinkaton|Stealth Rock|p1a: Ting-Lu
|-sidestart|p1: zong200|move: Stealth Rock
|
|-heal|p2a: Tinkaton|81/100|[from] item: Leftovers
|upkeep
|turn|10
|inactive|18dabloons has 120 seconds left.
|
|t:|1781372134
|switch|p2a: Rillaboom|Rillaboom, M|100/100
|-fieldstart|move: Grassy Terrain|[from] ability: Grassy Surge|[of] p2a: Rillaboom
|move|p1a: Ting-Lu|Earthquake|p2a: Rillaboom
|-resisted|p2a: Rillaboom
|-damage|p2a: Rillaboom|91/100
|
|-heal|p2a: Rillaboom|97/100|[from] Grassy Terrain
|upkeep
|turn|11
|
|t:|1781372142
|switch|p1a: Corviknight|Corviknight, F|100/100
|-damage|p1a: Corviknight|88/100|[from] Stealth Rock
|-ability|p1a: Corviknight|Pressure
|move|p2a: Rillaboom|U-turn|p1a: Corviknight
|-resisted|p1a: Corviknight
|-damage|p1a: Corviknight|84/100
|-damage|p2a: Rillaboom|81/100|[from] item: Rocky Helmet|[of] p1a: Corviknight
|
|t:|1781372152
|switch|p2a: Ursaluna|Ursaluna, M|100/100|[from] U-turn
|-damage|p2a: Ursaluna|94/100|[from] Stealth Rock
|
|-heal|p2a: Ursaluna|100/100|[from] Grassy Terrain
|-status|p2a: Ursaluna|brn|[from] item: Flame Orb
|upkeep
|turn|12
|inactive|18dabloons has 120 seconds left.
|
|t:|1781372169
|move|p2a: Ursaluna|Swords Dance|p2a: Ursaluna
|-boost|p2a: Ursaluna|atk|2
|move|p1a: Corviknight|Defog|p2a: Ursaluna
|-unboost|p2a: Ursaluna|evasion|1
|-sideend|p2: 18dabloons|Stealth Rock|[from] move: Defog|[of] p1a: Corviknight
|-sideend|p1: zong200|Stealth Rock|[from] move: Defog|[of] p1a: Corviknight
|-fieldend|move: Grassy Terrain
|
|-damage|p2a: Ursaluna|94/100 brn|[from] brn
|upkeep
|turn|13
|inactive|18dabloons has 120 seconds left.
|
|t:|1781372198
|switch|p1a: Cinderace|Cinderace, F|74/100 par
|move|p2a: Ursaluna|Fire Punch|p1a: Cinderace
|-resisted|p1a: Cinderace
|-damage|p1a: Cinderace|17/100 par
|
|-damage|p2a: Ursaluna|88/100 brn|[from] brn
|upkeep
|turn|14
|
|t:|1781372207
|cant|p1a: Cinderace|par
|move|p2a: Ursaluna|Facade|p1a: Cinderace
|-damage|p1a: Cinderace|0 fnt
|faint|p1a: Cinderace
|
|-damage|p2a: Ursaluna|82/100 brn|[from] brn
|upkeep
|
|t:|1781372210
|switch|p1a: Zamazenta|Zamazenta|100/100
|-ability|p1a: Zamazenta|Dauntless Shield|boost
|-boost|p1a: Zamazenta|def|1
|turn|15
|
|t:|1781372219
|switch|p1a: Kyurem|Kyurem|100/100 par
|-ability|p1a: Kyurem|Pressure
|-terastallize|p2a: Ursaluna|Fairy
|move|p2a: Ursaluna|Facade|p1a: Kyurem
|-damage|p1a: Kyurem|0 fnt
|faint|p1a: Kyurem
|
|-damage|p2a: Ursaluna|76/100 brn|[from] brn
|upkeep
|-message|zong200 forfeited.
|
|win|18dabloons
|raw|zong200's rating: 1562 &rarr; <strong>1546</strong><br />(-16 for losing)
|raw|18dabloons's rating: 1624 &rarr; <strong>1640</strong><br />(+16 for winning)
|l|☆zong200
|player|p1|
