|badge|p1|bronze|gen9ubers|100-9
|uhtml|medal-msg|<div class="broadcast-blue">Curious what those medals under the avatar are? PS now has Ladder Seasons! For more information, check out the <a href="https://www.smogon.com/forums/threads/3740067/">thread on Smogon.</a></div>
|j|☆DriftedEx
|j|☆lolshh
|t:|1781185171
|gametype|singles
|player|p1|DriftedEx|rocketgrunt|1636
|player|p2|lolshh|1|1731
|gen|9
|tier|[Gen 9] OU
|rated|
|rule|HP Percentage Mod: HP is shown in percentages
|rule|Endless Battle Clause: Forcing endless battles is banned
|rule|Species Clause: Limit one of each Pokémon
|rule|OHKO Clause: OHKO moves are banned
|rule|Evasion Items Clause: Evasion items are banned
|rule|Evasion Moves Clause: Evasion moves are banned
|rule|Evasion Abilities Clause: Evasion abilities are banned
|rule|Sleep Moves Clause: Sleep-inducing moves are banned
|clearpoke
|poke|p1|Dragapult, M|
|poke|p1|Dragonite, M|
|poke|p1|Ting-Lu|
|poke|p1|Weezing-Galar, F|
|poke|p1|Iron Crown|
|poke|p1|Zapdos|
|poke|p2|Iron Valiant|
|poke|p2|Kingambit, F|
|poke|p2|Iron Treads|
|poke|p2|Kyurem|
|poke|p2|Ogerpon-Wellspring, F|
|poke|p2|Ceruledge, F|
|teampreview
|inactive|Battle timer is ON: inactive players will automatically lose when time's up. (requested by DriftedEx)
|
|t:|1781185178
|teamsize|p1|6
|teamsize|p2|6
|start
|switch|p1a: Zapdos|Zapdos|100/100
|switch|p2a: Iron Treads|Iron Treads|100/100
|-enditem|p2a: Iron Treads|Booster Energy
|-activate|p2a: Iron Treads|ability: Quark Drive|[fromitem]
|-start|p2a: Iron Treads|quarkdrivespe
|turn|1
|
|t:|1781185180
|move|p2a: Iron Treads|Stealth Rock|p1a: Zapdos
|-sidestart|p1: DriftedEx|move: Stealth Rock
|move|p1a: Zapdos|Heat Wave|p2a: Iron Treads
|-supereffective|p2a: Iron Treads
|-damage|p2a: Iron Treads|32/100
|
|upkeep
|turn|2
|
|t:|1781185184
|switch|p1a: Ting-Lu|Ting-Lu|100/100
|-damage|p1a: Ting-Lu|94/100|[from] Stealth Rock
|-ability|p1a: Ting-Lu|Vessel of Ruin
|move|p2a: Iron Treads|Endeavor|p1a: Ting-Lu
|-damage|p1a: Ting-Lu|24/100
|
|-heal|p1a: Ting-Lu|30/100|[from] item: Leftovers
|upkeep
|turn|3
|
|t:|1781185189
|move|p2a: Iron Treads|Earthquake|p1a: Ting-Lu
|-damage|p1a: Ting-Lu|9/100
|move|p1a: Ting-Lu|Stealth Rock|p2a: Iron Treads
|-sidestart|p2: lolshh|move: Stealth Rock
|
|-heal|p1a: Ting-Lu|16/100|[from] item: Leftovers
|upkeep
|turn|4
|
|t:|1781185193
|move|p2a: Iron Treads|Rapid Spin|p1a: Ting-Lu
|-damage|p1a: Ting-Lu|8/100
|-boost|p2a: Iron Treads|spe|1
|-sideend|p2: lolshh|Stealth Rock|[from] move: Rapid Spin|[of] p2a: Iron Treads
|move|p1a: Ting-Lu|Rest|p1a: Ting-Lu
|-status|p1a: Ting-Lu|slp|[from] move: Rest
|-heal|p1a: Ting-Lu|100/100 slp|[silent]
|
|upkeep
|turn|5
|
|t:|1781185199
|switch|p1a: Dragapult|Dragapult, M|100/100
|move|p2a: Iron Treads|Endeavor|p1a: Dragapult
|-immune|p1a: Dragapult
|
|upkeep
|turn|6
|
|t:|1781185205
|switch|p1a: Zapdos|Zapdos|100/100
|move|p2a: Iron Treads|Earthquake|p1a: Zapdos
|-immune|p1a: Zapdos
|
|upkeep
|turn|7
|
|t:|1781185207
|move|p2a: Iron Treads|Endeavor|p1a: Zapdos
|-damage|p1a: Zapdos|36/100
|-status|p2a: Iron Treads|par|[from] ability: Static|[of] p1a: Zapdos
|move|p1a: Zapdos|Roost|p1a: Zapdos
|-heal|p1a: Zapdos|87/100
|-singleturn|p1a: Zapdos|move: Roost
|
|upkeep
|turn|8
|
|t:|1781185213
|cant|p2a: Iron Treads|par
|move|p1a: Zapdos|Heat Wave|p2a: Iron Treads
|-supereffective|p2a: Iron Treads
|-damage|p2a: Iron Treads|0 fnt
|faint|p2a: Iron Treads
|-end|p2a: Iron Treads|Quark Drive|[silent]
|
|upkeep
|
|t:|1781185217
|switch|p2a: Kyurem|Kyurem|100/100
|-ability|p2a: Kyurem|Pressure
|turn|9
|
|t:|1781185219
|move|p1a: Zapdos|Volt Switch|p2a: Kyurem
|-resisted|p2a: Kyurem
|-damage|p2a: Kyurem|82/100
|
|t:|1781185220
|switch|p1a: Iron Crown|Iron Crown|100/100|[from] Volt Switch
|-damage|p1a: Iron Crown|94/100|[from] Stealth Rock
|move|p2a: Kyurem|Icicle Spear|p1a: Iron Crown
|-resisted|p1a: Iron Crown
|-damage|p1a: Iron Crown|88/100
|-resisted|p1a: Iron Crown
|-damage|p1a: Iron Crown|81/100
|-resisted|p1a: Iron Crown
|-damage|p1a: Iron Crown|74/100
|-resisted|p1a: Iron Crown
|-damage|p1a: Iron Crown|67/100
|-resisted|p1a: Iron Crown
|-damage|p1a: Iron Crown|60/100
|-hitcount|p1a: Iron Crown|5
|
|upkeep
|turn|10
|
|t:|1781185228
|switch|p2a: Ogerpon|Ogerpon-Wellspring, F|100/100
|move|p1a: Iron Crown|Volt Switch|p2a: Ogerpon
|-damage|p2a: Ogerpon|61/100
|
|t:|1781185230
|-end|p1a: Iron Crown|Quark Drive|[silent]
|switch|p1a: Dragapult|Dragapult, M|100/100|[from] Volt Switch
|
|upkeep
|turn|11
|
|t:|1781185238
|switch|p2a: Kingambit|Kingambit, F|100/100
|-activate|p2a: Kingambit|ability: Supreme Overlord
|-start|p2a: Kingambit|fallen1|[silent]
|move|p1a: Dragapult|Will-O-Wisp|p2a: Kingambit
|-status|p2a: Kingambit|brn
|
|-damage|p2a: Kingambit|94/100 brn|[from] brn
|upkeep
|turn|12
|
|t:|1781185245
|move|p1a: Dragapult|U-turn|p2a: Kingambit
|-damage|p2a: Kingambit|77/100 brn
|
|t:|1781185247
|switch|p1a: Zapdos|Zapdos|87/100|[from] U-turn
|move|p2a: Kingambit|Low Kick|p1a: Zapdos
|-resisted|p1a: Zapdos
|-damage|p1a: Zapdos|77/100
|
|-heal|p2a: Kingambit|83/100 brn|[from] item: Leftovers
|-damage|p2a: Kingambit|77/100 brn|[from] brn
|upkeep
|turn|13
|
|t:|1781185251
|-end|p2a: Kingambit|fallen1|[silent]
|switch|p2a: Kyurem|Kyurem|82/100
|-ability|p2a: Kyurem|Pressure
|move|p1a: Zapdos|Heat Wave|p2a: Kyurem
|-damage|p2a: Kyurem|47/100
|
|upkeep
|turn|14
|
|t:|1781185259
|move|p1a: Zapdos|Hurricane|p2a: Kyurem
|-damage|p2a: Kyurem|0 fnt
|faint|p2a: Kyurem
|
|upkeep
|
|t:|1781185273
|switch|p2a: Ogerpon|Ogerpon-Wellspring, F|61/100
|turn|15
|
|t:|1781185275
|move|p2a: Ogerpon|Ivy Cudgel|p1a: Zapdos|[anim] Ivy Cudgel Water
|-damage|p1a: Zapdos|9/100
|move|p1a: Zapdos|Volt Switch|p2a: Ogerpon
|-damage|p2a: Ogerpon|19/100
|
|t:|1781185278
|switch|p1a: Dragapult|Dragapult, M|100/100|[from] Volt Switch
|
|upkeep
|turn|16
|
|t:|1781185281
|move|p1a: Dragapult|Dragon Darts|p2a: Ogerpon
|-crit|p2a: Ogerpon
|-damage|p2a: Ogerpon|0 fnt
|faint|p2a: Ogerpon
|
|upkeep
|
|t:|1781185284
|switch|p2a: Iron Valiant|Iron Valiant|100/100
|-enditem|p2a: Iron Valiant|Booster Energy
|-activate|p2a: Iron Valiant|ability: Quark Drive|[fromitem]
|-start|p2a: Iron Valiant|quarkdrivespe
|turn|17
|
|t:|1781185286
|switch|p1a: Zapdos|Zapdos|9/100
|move|p2a: Iron Valiant|Calm Mind|p2a: Iron Valiant
|-boost|p2a: Iron Valiant|spa|1
|-boost|p2a: Iron Valiant|spd|1
|
|upkeep
|turn|18
|
|t:|1781185289
|move|p2a: Iron Valiant|Moonblast|p1a: Zapdos
|-damage|p1a: Zapdos|0 fnt
|faint|p1a: Zapdos
|
|upkeep
|
|t:|1781185298
|switch|p1a: Weezing|Weezing-Galar, F|100/100
|-ability|p1a: Weezing|Neutralizing Gas
|turn|19
|j| newhere1310
|
|t:|1781185307
|-terastallize|p2a: Iron Valiant|Ghost
|move|p2a: Iron Valiant|Calm Mind|p2a: Iron Valiant
|-boost|p2a: Iron Valiant|spa|1
|-boost|p2a: Iron Valiant|spd|1
|move|p1a: Weezing|Will-O-Wisp|p2a: Iron Valiant
|-status|p2a: Iron Valiant|brn
|
|-damage|p2a: Iron Valiant|94/100 brn|[from] brn
|upkeep
|turn|20
|
|t:|1781185313
|move|p2a: Iron Valiant|Shadow Ball|p1a: Weezing
|-damage|p1a: Weezing|0 fnt
|faint|p1a: Weezing
|-end|p1a: Weezing|ability: Neutralizing Gas
|
|-damage|p2a: Iron Valiant|88/100 brn|[from] brn
|upkeep
|
|t:|1781185315
|switch|p1a: Ting-Lu|Ting-Lu|100/100 slp
|-damage|p1a: Ting-Lu|94/100 slp|[from] Stealth Rock
|-ability|p1a: Ting-Lu|Vessel of Ruin
|turn|21
|
|t:|1781185317
|-terastallize|p1a: Ting-Lu|Water
|move|p2a: Iron Valiant|Moonblast|p1a: Ting-Lu
|-damage|p1a: Ting-Lu|54/100 slp
|-unboost|p1a: Ting-Lu|spa|1
|cant|p1a: Ting-Lu|slp
|
|-heal|p1a: Ting-Lu|60/100 slp|[from] item: Leftovers
|-damage|p2a: Iron Valiant|82/100 brn|[from] brn
|upkeep
|turn|22
|
|t:|1781185327
|move|p2a: Iron Valiant|Moonblast|p1a: Ting-Lu
|-crit|p1a: Ting-Lu
|-damage|p1a: Ting-Lu|2/100 slp
|cant|p1a: Ting-Lu|slp
|
|-heal|p1a: Ting-Lu|9/100 slp|[from] item: Leftovers
|-damage|p2a: Iron Valiant|76/100 brn|[from] brn
|upkeep
|turn|23
|
|t:|1781185330
|move|p2a: Iron Valiant|Shadow Ball|p1a: Ting-Lu
|-damage|p1a: Ting-Lu|0 fnt
|faint|p1a: Ting-Lu
|
|-damage|p2a: Iron Valiant|69/100 brn|[from] brn
|upkeep
|
|t:|1781185334
|switch|p1a: Dragonite|Dragonite, M|100/100
|turn|24
|
|t:|1781185336
|move|p2a: Iron Valiant|Moonblast|p1a: Dragonite
|-supereffective|p1a: Dragonite
|-damage|p1a: Dragonite|3/100
|move|p1a: Dragonite|Earthquake|p2a: Iron Valiant
|-damage|p2a: Iron Valiant|22/100 brn
|
|-damage|p2a: Iron Valiant|15/100 brn|[from] brn
|upkeep
|turn|25
|
|t:|1781185344
|switch|p1a: Iron Crown|Iron Crown|60/100
|-damage|p1a: Iron Crown|54/100|[from] Stealth Rock
|move|p2a: Iron Valiant|Shadow Ball|p1a: Iron Crown
|-supereffective|p1a: Iron Crown
|-damage|p1a: Iron Crown|0 fnt
|faint|p1a: Iron Crown
|-end|p1a: Iron Crown|Quark Drive|[silent]
|
|-damage|p2a: Iron Valiant|9/100 brn|[from] brn
|upkeep
|
|t:|1781185347
|switch|p1a: Dragapult|Dragapult, M|100/100
|turn|26
|l|☆lolshh
|inactive|lolshh disconnected and has a minute to reconnect!
|player|p2|
|l| newhere1310
|inactive|lolshh has 30 seconds to reconnect!
|j|☆lolshh
|inactive|lolshh reconnected and has 115 seconds left.
|player|p2|lolshh|1|
|
|t:|1781185383
|move|p2a: Iron Valiant|Moonblast|p1a: Dragapult
|-supereffective|p1a: Dragapult
|-damage|p1a: Dragapult|0 fnt
|faint|p1a: Dragapult
|
|-damage|p2a: Iron Valiant|3/100 brn|[from] brn
|upkeep
|-message|DriftedEx forfeited.
|
|win|lolshh
|raw|DriftedEx's rating: 1636 &rarr; <strong>1621</strong><br />(-15 for losing)
|raw|lolshh's rating: 1731 &rarr; <strong>1746</strong><br />(+15 for winning)
|l|☆DriftedEx
|player|p1|
|l|☆lolshh
|player|p2|
