|j|☆Streshyix
|j|☆lizholmes
|t:|1780995708
|gametype|singles
|player|p1|Streshyix|hugh|1567
|player|p2|lizholmes|baker|1571
|gen|9
|tier|[Gen 9] OU
|rated|
|rule|HP Percentage Mod: HP is shown in percentages
|rule|Endless Battle Clause: Forcing endless battles is banned
|rule|Species Clause: Limit one of each Pokémon
|rule|OHKO Clause: OHKO moves are banned
|rule|Evasion Items Clause: Evasion items are banned
|rule|Evasion Moves Clause: Evasion moves are banned
|rule|Evasion Abilities Clause: Evasion abilities are banned
|rule|Sleep Moves Clause: Sleep-inducing moves are banned
|clearpoke
|poke|p1|Iron Valiant|
|poke|p1|Hydrapple, M|
|poke|p1|Dragapult, M|
|poke|p1|Moltres-Galar|
|poke|p1|Hatterene, F|
|poke|p1|Iron Treads|
|poke|p2|Kyurem|
|poke|p2|Corviknight, M|
|poke|p2|Ting-Lu|
|poke|p2|Dondozo, M|
|poke|p2|Slowking-Galar, F|
|poke|p2|Cinderace, M|
|teampreview
|inactive|Battle timer is ON: inactive players will automatically lose when time's up. (requested by Streshyix)
|
|t:|1780995731
|teamsize|p1|6
|teamsize|p2|6
|start
|switch|p1a: Hatterene|Hatterene, F|100/100
|switch|p2a: Ting-Lu|Ting-Lu|100/100
|-ability|p2a: Ting-Lu|Vessel of Ruin
|turn|1
|
|t:|1780995739
|switch|p2a: Slowking|Slowking-Galar, F|100/100
|move|p1a: Hatterene|Draining Kiss|p2a: Slowking
|-resisted|p2a: Slowking
|-damage|p2a: Slowking|92/100
|
|upkeep
|turn|2
|
|t:|1780995742
|move|p1a: Hatterene|Psychic Noise|p2a: Slowking
|-damage|p2a: Slowking|67/100
|-start|p2a: Slowking|move: Heal Block
|move|p2a: Slowking|Sludge Bomb|p1a: Hatterene
|-supereffective|p1a: Hatterene
|-damage|p1a: Hatterene|55/100
|
|upkeep
|turn|3
|
|t:|1780995752
|switch|p1a: Iron Treads|Iron Treads|100/100
|-enditem|p1a: Iron Treads|Booster Energy
|-activate|p1a: Iron Treads|ability: Quark Drive|[fromitem]
|-start|p1a: Iron Treads|quarkdrivespe
|move|p2a: Slowking|Future Sight|p1a: Iron Treads
|-start|p2a: Slowking|move: Future Sight
|
|-end|p2a: Slowking|move: Heal Block
|upkeep
|turn|4
|
|t:|1780995759
|switch|p2a: Ting-Lu|Ting-Lu|100/100
|-ability|p2a: Ting-Lu|Vessel of Ruin
|move|p1a: Iron Treads|Knock Off|p2a: Ting-Lu
|-resisted|p2a: Ting-Lu
|-damage|p2a: Ting-Lu|93/100
|-enditem|p2a: Ting-Lu|Leftovers|[from] move: Knock Off|[of] p1a: Iron Treads
|
|upkeep
|turn|5
|
|t:|1780995768
|-end|p1a: Iron Treads|Quark Drive|[silent]
|switch|p1a: Hatterene|Hatterene, F|55/100
|move|p2a: Ting-Lu|Earthquake|p1a: Hatterene
|-damage|p1a: Hatterene|13/100
|
|-end|p1a: Hatterene|move: Future Sight
|-resisted|p1a: Hatterene
|-damage|p1a: Hatterene|3/100
|upkeep
|turn|6
|
|t:|1780995771
|move|p2a: Ting-Lu|Payback|p1a: Hatterene
|-damage|p1a: Hatterene|0 fnt
|faint|p1a: Hatterene
|
|upkeep
|
|t:|1780995777
|switch|p1a: Hydrapple|Hydrapple, M, shiny|100/100
|turn|7
|
|t:|1780995780
|switch|p2a: Slowking|Slowking-Galar, F|99/100
|move|p1a: Hydrapple|Nasty Plot|p1a: Hydrapple
|-boost|p1a: Hydrapple|spa|2
|
|upkeep
|turn|8
|
|t:|1780995785
|-terastallize|p1a: Hydrapple|Poison
|move|p1a: Hydrapple|Earth Power|p2a: Slowking
|-supereffective|p2a: Slowking
|-damage|p2a: Slowking|44/100
|move|p2a: Slowking|Sludge Bomb|p1a: Hydrapple
|-resisted|p1a: Hydrapple
|-damage|p1a: Hydrapple|84/100
|
|upkeep
|turn|9
|
|t:|1780995793
|switch|p2a: Corviknight|Corviknight, M|100/100
|-ability|p2a: Corviknight|Pressure
|move|p1a: Hydrapple|Earth Power|p2a: Corviknight
|-immune|p2a: Corviknight
|
|upkeep
|turn|10
|
|t:|1780995802
|move|p2a: Corviknight|Brave Bird|p1a: Hydrapple
|-damage|p1a: Hydrapple|63/100
|-damage|p2a: Corviknight|93/100|[from] Recoil
|move|p1a: Hydrapple|Nasty Plot|p1a: Hydrapple
|-boost|p1a: Hydrapple|spa|2
|
|upkeep
|turn|11
|
|t:|1780995808
|move|p2a: Corviknight|Brave Bird|p1a: Hydrapple
|-damage|p1a: Hydrapple|42/100
|-damage|p2a: Corviknight|86/100|[from] Recoil
|move|p1a: Hydrapple|Fickle Beam|p2a: Corviknight
|-resisted|p2a: Corviknight
|-damage|p2a: Corviknight|43/100
|
|upkeep
|turn|12
|
|t:|1780995817
|move|p2a: Corviknight|Brave Bird|p1a: Hydrapple
|-damage|p1a: Hydrapple|23/100
|-damage|p2a: Corviknight|36/100|[from] Recoil
|move|p1a: Hydrapple|Fickle Beam|p2a: Corviknight|[anim] Fickle Beam All Out
|-activate|p1a: Hydrapple|move: Fickle Beam
|-resisted|p2a: Corviknight
|-damage|p2a: Corviknight|0 fnt
|faint|p2a: Corviknight
|
|upkeep
|j| Pokeniceguy
|
|t:|1780995822
|switch|p2a: Kyurem|Kyurem|100/100
|-ability|p2a: Kyurem|Pressure
|turn|13
|
|t:|1780995827
|switch|p1a: Moltres|Moltres-Galar, shiny|100/100
|move|p2a: Kyurem|Earth Power|p1a: Moltres
|-immune|p1a: Moltres
|
|upkeep
|turn|14
|
|t:|1780995831
|move|p2a: Kyurem|Freeze-Dry|p1a: Moltres
|-supereffective|p1a: Moltres
|-damage|p1a: Moltres|37/100
|-ability|p1a: Moltres|Berserk|boost
|-boost|p1a: Moltres|spa|1
|-enditem|p1a: Moltres|Sitrus Berry|[eat]
|-heal|p1a: Moltres|62/100|[from] item: Sitrus Berry
|move|p1a: Moltres|Agility|p1a: Moltres
|-boost|p1a: Moltres|spe|2
|
|upkeep
|turn|15
|
|t:|1780995842
|move|p1a: Moltres|Hurricane|p2a: Kyurem
|-damage|p2a: Kyurem|26/100
|move|p2a: Kyurem|Freeze-Dry|p1a: Moltres
|-supereffective|p1a: Moltres
|-damage|p1a: Moltres|0 fnt
|faint|p1a: Moltres
|
|-heal|p2a: Kyurem|32/100|[from] item: Leftovers
|upkeep
|
|t:|1780995847
|switch|p1a: Iron Valiant|Iron Valiant, shiny|100/100
|-enditem|p1a: Iron Valiant|Booster Energy
|-activate|p1a: Iron Valiant|ability: Quark Drive|[fromitem]
|-start|p1a: Iron Valiant|quarkdrivespe
|turn|16
|
|t:|1780995853
|switch|p2a: Slowking|Slowking-Galar, F|77/100
|move|p1a: Iron Valiant|Calm Mind|p1a: Iron Valiant
|-boost|p1a: Iron Valiant|spa|1
|-boost|p1a: Iron Valiant|spd|1
|
|upkeep
|turn|17
|
|t:|1780995856
|move|p1a: Iron Valiant|Calm Mind|p1a: Iron Valiant
|-boost|p1a: Iron Valiant|spa|1
|-boost|p1a: Iron Valiant|spd|1
|move|p2a: Slowking|Sludge Bomb|p1a: Iron Valiant
|-supereffective|p1a: Iron Valiant
|-damage|p1a: Iron Valiant|40/100
|-status|p1a: Iron Valiant|psn
|
|-damage|p1a: Iron Valiant|28/100 psn|[from] psn
|upkeep
|turn|18
|
|t:|1780995869
|move|p1a: Iron Valiant|Shadow Ball|p2a: Slowking
|-supereffective|p2a: Slowking
|-damage|p2a: Slowking|17/100
|-prepare|p2a: Slowking|Chilly Reception|[premajor]
|move|p2a: Slowking|Chilly Reception|p2a: Slowking
|-weather|Snowscape
|
|t:|1780995874
|switch|p2a: Kyurem|Kyurem|32/100|[from] Chilly Reception
|-ability|p2a: Kyurem|Pressure
|
|-weather|Snowscape|[upkeep]
|-heal|p2a: Kyurem|38/100|[from] item: Leftovers
|-damage|p1a: Iron Valiant|15/100 psn|[from] psn
|upkeep
|turn|19
|
|t:|1780995881
|move|p2a: Kyurem|Protect|p2a: Kyurem
|-singleturn|p2a: Kyurem|Protect
|move|p1a: Iron Valiant|Vacuum Wave|p2a: Kyurem
|-activate|p2a: Kyurem|move: Protect
|
|-weather|Snowscape|[upkeep]
|-heal|p2a: Kyurem|45/100|[from] item: Leftovers
|-damage|p1a: Iron Valiant|3/100 psn|[from] psn
|upkeep
|turn|20
|
|t:|1780995895
|switch|p2a: Dondozo|Dondozo, M|100/100
|move|p1a: Iron Valiant|Shadow Ball|p2a: Dondozo
|-damage|p2a: Dondozo|75/100
|
|-weather|Snowscape|[upkeep]
|-heal|p2a: Dondozo|82/100|[from] item: Leftovers
|-damage|p1a: Iron Valiant|0 fnt|[from] psn
|faint|p1a: Iron Valiant
|-end|p1a: Iron Valiant|Quark Drive|[silent]
|upkeep
|
|t:|1780995900
|switch|p1a: Hydrapple|Hydrapple, M, shiny, tera:Poison|57/100
|turn|21
|
|t:|1780995907
|move|p1a: Hydrapple|Nasty Plot|p1a: Hydrapple
|-boost|p1a: Hydrapple|spa|2
|move|p2a: Dondozo|Curse|p2a: Dondozo
|-unboost|p2a: Dondozo|spe|1
|-boost|p2a: Dondozo|atk|1
|-boost|p2a: Dondozo|def|1
|
|-weather|Snowscape|[upkeep]
|-heal|p2a: Dondozo|88/100|[from] item: Leftovers
|upkeep
|turn|22
|
|t:|1780995912
|move|p1a: Hydrapple|Giga Drain|p2a: Dondozo
|-supereffective|p2a: Dondozo
|-damage|p2a: Dondozo|32/100
|-heal|p1a: Hydrapple|91/100|[from] drain|[of] p2a: Dondozo
|move|p2a: Dondozo|Waterfall|p1a: Hydrapple
|-damage|p1a: Hydrapple|65/100
|
|-weather|none
|-heal|p2a: Dondozo|38/100|[from] item: Leftovers
|upkeep
|turn|23
|
|t:|1780995921
|move|p1a: Hydrapple|Fickle Beam|p2a: Dondozo
|-damage|p2a: Dondozo|9/100
|move|p2a: Dondozo|Waterfall|p1a: Hydrapple
|-damage|p1a: Hydrapple|44/100
|
|-heal|p2a: Dondozo|15/100|[from] item: Leftovers
|upkeep
|turn|24
|
|t:|1780995925
|move|p1a: Hydrapple|Fickle Beam|p2a: Dondozo|[anim] Fickle Beam All Out
|-activate|p1a: Hydrapple|move: Fickle Beam
|-damage|p2a: Dondozo|0 fnt
|faint|p2a: Dondozo
|
|upkeep
|
|t:|1780995928
|switch|p2a: Kyurem|Kyurem|45/100
|-ability|p2a: Kyurem|Pressure
|turn|25
|
|t:|1780995932
|switch|p1a: Iron Treads|Iron Treads|100/100
|move|p2a: Kyurem|Earth Power|p1a: Iron Treads
|-supereffective|p1a: Iron Treads
|-damage|p1a: Iron Treads|7/100
|
|-heal|p2a: Kyurem|51/100|[from] item: Leftovers
|upkeep
|turn|26
|l| Pokeniceguy
|
|t:|1780995951
|switch|p2a: Slowking|Slowking-Galar, F|50/100
|move|p1a: Iron Treads|Earthquake|p2a: Slowking
|-supereffective|p2a: Slowking
|-damage|p2a: Slowking|0 fnt
|faint|p2a: Slowking
|
|upkeep
|
|t:|1780995957
|switch|p2a: Cinderace|Cinderace, M|100/100
|turn|27
|inactive|Streshyix has 120 seconds left.
|inactive|Streshyix has 90 seconds left.
|
|t:|1780996025
|-end|p1a: Iron Treads|Quark Drive|[silent]
|switch|p1a: Dragapult|Dragapult, M, shiny|100/100
|move|p2a: Cinderace|U-turn|p1a: Dragapult
|-resisted|p1a: Dragapult
|-damage|p1a: Dragapult|88/100
|j| CLICK BEFORE CALC
|
|t:|1780996033
|switch|p2a: Ting-Lu|Ting-Lu|93/100|[from] U-turn
|-ability|p2a: Ting-Lu|Vessel of Ruin
|
|upkeep
|turn|28
|
|t:|1780996038
|move|p1a: Dragapult|Will-O-Wisp|p2a: Ting-Lu
|-status|p2a: Ting-Lu|brn
|move|p2a: Ting-Lu|Payback|p1a: Dragapult
|-supereffective|p1a: Dragapult
|-damage|p1a: Dragapult|37/100
|
|-damage|p2a: Ting-Lu|87/100 brn|[from] brn
|upkeep
|turn|29
|j| InVincii
|
|t:|1780996048
|move|p1a: Dragapult|U-turn|p2a: Ting-Lu
|-supereffective|p2a: Ting-Lu
|-damage|p2a: Ting-Lu|66/100 brn
|
|t:|1780996051
|switch|p1a: Hydrapple|Hydrapple, M, shiny, tera:Poison|77/100|[from] U-turn
|move|p2a: Ting-Lu|Earthquake|p1a: Hydrapple
|-supereffective|p1a: Hydrapple
|-damage|p1a: Hydrapple|57/100
|
|-damage|p2a: Ting-Lu|59/100 brn|[from] brn
|upkeep
|turn|30
|
|t:|1780996076
|switch|p2a: Cinderace|Cinderace, M|100/100
|move|p1a: Hydrapple|Fickle Beam|p2a: Cinderace
|-damage|p2a: Cinderace|62/100
|
|upkeep
|turn|31
|
|t:|1780996084
|move|p2a: Cinderace|Pyro Ball|p1a: Hydrapple
|-damage|p1a: Hydrapple|30/100
|move|p1a: Hydrapple|Earth Power|p2a: Cinderace
|-supereffective|p2a: Cinderace
|-damage|p2a: Cinderace|0 fnt
|faint|p2a: Cinderace
|
|upkeep
|
|t:|1780996087
|switch|p2a: Kyurem|Kyurem|51/100
|-ability|p2a: Kyurem|Pressure
|turn|32
|inactive|Streshyix has 120 seconds left.
|
|t:|1780996097
|switch|p1a: Iron Treads|Iron Treads|7/100
|move|p2a: Kyurem|Substitute|p2a: Kyurem
|-start|p2a: Kyurem|Substitute
|-damage|p2a: Kyurem|26/100
|
|-heal|p2a: Kyurem|32/100|[from] item: Leftovers
|upkeep
|turn|33
|
|t:|1780996103
|move|p1a: Iron Treads|Earthquake|p2a: Kyurem
|-end|p2a: Kyurem|Substitute
|move|p2a: Kyurem|Freeze-Dry|p1a: Iron Treads
|-damage|p1a: Iron Treads|0 fnt
|faint|p1a: Iron Treads
|-end|p1a: Iron Treads|Quark Drive|[silent]
|
|-heal|p2a: Kyurem|38/100|[from] item: Leftovers
|upkeep
|
|t:|1780996108
|switch|p1a: Dragapult|Dragapult, M, shiny|37/100
|turn|34
|
|t:|1780996113
|switch|p2a: Ting-Lu|Ting-Lu|59/100 brn
|-ability|p2a: Ting-Lu|Vessel of Ruin
|move|p1a: Dragapult|Dragon Darts|p2a: Ting-Lu
|-damage|p2a: Ting-Lu|49/100 brn
|-anim|p1a: Dragapult|Dragon Darts|p2a: Ting-Lu
|-damage|p2a: Ting-Lu|38/100 brn
|
|-damage|p2a: Ting-Lu|32/100 brn|[from] brn
|upkeep
|turn|35
|
|t:|1780996126
|move|p1a: Dragapult|U-turn|p2a: Ting-Lu
|-supereffective|p2a: Ting-Lu
|-damage|p2a: Ting-Lu|12/100 brn
|
|t:|1780996127
|switch|p1a: Hydrapple|Hydrapple, M, shiny, tera:Poison|63/100|[from] U-turn
|move|p2a: Ting-Lu|Rest|p2a: Ting-Lu
|-status|p2a: Ting-Lu|slp|[from] move: Rest
|-heal|p2a: Ting-Lu|100/100 slp|[silent]
|
|upkeep
|turn|36
|
|t:|1780996136
|move|p1a: Hydrapple|Nasty Plot|p1a: Hydrapple
|-boost|p1a: Hydrapple|spa|2
|cant|p2a: Ting-Lu|slp
|move|p2a: Ting-Lu|Sleep Talk|p2a: Ting-Lu
|move|p2a: Ting-Lu|Payback|p1a: Hydrapple|[from] move: Sleep Talk
|-damage|p1a: Hydrapple|41/100
|
|upkeep
|turn|37
|
|t:|1780996149
|switch|p2a: Kyurem|Kyurem|38/100
|-ability|p2a: Kyurem|Pressure
|move|p1a: Hydrapple|Giga Drain|p2a: Kyurem
|-resisted|p2a: Kyurem
|-damage|p2a: Kyurem|9/100
|-heal|p1a: Hydrapple|55/100|[from] drain|[of] p2a: Kyurem
|
|-heal|p2a: Kyurem|15/100|[from] item: Leftovers
|upkeep
|turn|38
|j| Ctannn
|l|☆Streshyix
|inactive|Streshyix disconnected and has a minute to reconnect!
|player|p1|
|j|☆Streshyix
|inactive|Streshyix reconnected and has 120 seconds left.
|player|p1|Streshyix|hugh|
|
|t:|1780996191
|-terastallize|p2a: Kyurem|Ground
|move|p2a: Kyurem|Earth Power|p1a: Hydrapple
|-supereffective|p1a: Hydrapple
|-damage|p1a: Hydrapple|0 fnt
|faint|p1a: Hydrapple
|
|-heal|p2a: Kyurem|22/100|[from] item: Leftovers
|upkeep
|
|t:|1780996193
|switch|p1a: Dragapult|Dragapult, M, shiny|37/100
|turn|39
|
|t:|1780996201
|move|p1a: Dragapult|Dragon Darts|p2a: Kyurem
|-damage|p2a: Kyurem|4/100
|-anim|p1a: Dragapult|Dragon Darts|p2a: Kyurem
|-damage|p2a: Kyurem|0 fnt
|faint|p2a: Kyurem
|
|upkeep
|
|t:|1780996203
|switch|p2a: Ting-Lu|Ting-Lu|100/100 slp
|-ability|p2a: Ting-Lu|Vessel of Ruin
|turn|40
|
|t:|1780996211
|move|p1a: Dragapult|Dragon Darts|p2a: Ting-Lu
|-damage|p2a: Ting-Lu|89/100 slp
|-anim|p1a: Dragapult|Dragon Darts|p2a: Ting-Lu
|-damage|p2a: Ting-Lu|78/100 slp
|cant|p2a: Ting-Lu|slp
|move|p2a: Ting-Lu|Sleep Talk|p2a: Ting-Lu
|move|p2a: Ting-Lu|Payback|p1a: Dragapult|[from] move: Sleep Talk
|-supereffective|p1a: Dragapult
|-damage|p1a: Dragapult|0 fnt
|faint|p1a: Dragapult
|
|win|lizholmes
|raw|Streshyix's rating: 1567 &rarr; <strong>1547</strong><br />(-20 for losing)
|raw|lizholmes's rating: 1571 &rarr; <strong>1591</strong><br />(+20 for winning)
|l|☆Streshyix
|player|p1|
|l|☆lizholmes
|player|p2|
|l| InVincii
