|j|☆Glinpo
|j|☆phreshoatmeal
|t:|1781227332
|gametype|singles
|player|p1|Glinpo|brock|1639
|player|p2|phreshoatmeal|clerk|1658
|gen|9
|tier|[Gen 9] OU
|rated|
|rule|HP Percentage Mod: HP is shown in percentages
|rule|Endless Battle Clause: Forcing endless battles is banned
|rule|Species Clause: Limit one of each Pokémon
|rule|OHKO Clause: OHKO moves are banned
|rule|Evasion Items Clause: Evasion items are banned
|rule|Evasion Moves Clause: Evasion moves are banned
|rule|Evasion Abilities Clause: Evasion abilities are banned
|rule|Sleep Moves Clause: Sleep-inducing moves are banned
|clearpoke
|poke|p1|Pelipper, M|
|poke|p1|Raging Bolt|
|poke|p1|Overqwil, M|
|poke|p1|Barraskewda, M|
|poke|p1|Iron Treads|
|poke|p1|Kingambit, F|
|poke|p2|Tyranitar, F|
|poke|p2|Excadrill, M|
|poke|p2|Hatterene, F|
|poke|p2|Hippowdon, M|
|poke|p2|Amoonguss, M|
|poke|p2|Zamazenta-*|
|teampreview
|inactive|Battle timer is ON: inactive players will automatically lose when time's up. (requested by Glinpo)
|
|t:|1781227348
|teamsize|p1|6
|teamsize|p2|6
|start
|switch|p1a: Kuma II|Barraskewda, M, shiny|100/100
|switch|p2a: Hatterene|Hatterene, F|100/100
|turn|1
|j| TheSacredJackal⨕
|j| slowpoke springs
|inactive|phreshoatmeal has 120 seconds left.
|
|t:|1781227379
|move|p1a: Kuma II|Flip Turn|p2a: Hatterene
|-damage|p2a: Hatterene|61/100
|
|t:|1781227382
|switch|p1a: Iron Dreads|Iron Treads|100/100|[from] Flip Turn
|-enditem|p1a: Iron Dreads|Booster Energy
|-activate|p1a: Iron Dreads|ability: Quark Drive|[fromitem]
|-start|p1a: Iron Dreads|quarkdrivespe
|move|p2a: Hatterene|Gravity|p2a: Hatterene
|-fieldstart|move: Gravity
|
|-heal|p2a: Hatterene|67/100|[from] item: Leftovers
|upkeep
|turn|2
|
|t:|1781227391
|switch|p2a: Hippowdon|Hippowdon, M|100/100
|-weather|Sandstorm|[from] ability: Sand Stream|[of] p2a: Hippowdon
|move|p1a: Iron Dreads|Steel Beam|p2a: Hippowdon
|-damage|p2a: Hippowdon|45/100
|-damage|p1a: Iron Dreads|50/100|[from] steelbeam
|-enditem|p2a: Hippowdon|Eject Button
|
|t:|1781227396
|switch|p2a: Excadrill|Excadrill, M|100/100
|
|-weather|Sandstorm|[upkeep]
|upkeep
|turn|3
|c| TheSacredJackal⨕|phrehoatmeal in 2026 ❤️‍🩹
|
|t:|1781227402
|move|p2a: Excadrill|Earthquake|p1a: Iron Dreads
|-supereffective|p1a: Iron Dreads
|-damage|p1a: Iron Dreads|0 fnt
|faint|p1a: Iron Dreads
|-end|p1a: Iron Dreads|Quark Drive|[silent]
|
|-weather|Sandstorm|[upkeep]
|upkeep
|
|t:|1781227408
|switch|p1a: Brianstorm|Pelipper, M, shiny|100/100
|-weather|RainDance|[from] ability: Drizzle|[of] p1a: Brianstorm
|turn|4
|c|☆phreshoatmeal|do i know you?
|j| xP Envy
|c|☆Glinpo|who that
|c| TheSacredJackal⨕|no but i remember i saw you in OU battles back in 2018
|c|☆phreshoatmeal|yeah
|inactive|phreshoatmeal has 120 seconds left.
|c|☆phreshoatmeal|ive been playing a really long time lol
|c|☆Glinpo|gng who are these ppl 🥹
|c| TheSacredJackal⨕|i paused for a long time and am just getting back on it
|inactive|phreshoatmeal has 90 seconds left.
|
|t:|1781227470
|switch|p2a: Tyranitar|Tyranitar, F|100/100
|-weather|Sandstorm|[from] ability: Sand Stream|[of] p2a: Tyranitar
|move|p1a: Brianstorm|U-turn|p2a: Tyranitar
|-supereffective|p2a: Tyranitar
|-damage|p2a: Tyranitar|87/100
|-enditem|p2a: Tyranitar|Eject Button
|l| slowpoke springs
|inactive|phreshoatmeal has 90 seconds left.
|
|t:|1781227499
|switch|p2a: Hatterene|Hatterene, F|67/100
|
|-weather|Sandstorm|[upkeep]
|-damage|p1a: Brianstorm|94/100|[from] Sandstorm
|-damage|p2a: Hatterene|61/100|[from] Sandstorm
|-heal|p2a: Hatterene|67/100|[from] item: Leftovers
|upkeep
|turn|5
|
|t:|1781227512
|move|p1a: Brianstorm|U-turn|p2a: Hatterene
|-damage|p2a: Hatterene|59/100
|
|t:|1781227516
|switch|p1a: 3 Cheers 4 SR|Overqwil, M, shiny|100/100|[from] U-turn
|move|p2a: Hatterene|Pain Split|p1a: 3 Cheers 4 SR
|-sethp|p1a: 3 Cheers 4 SR|80/100|[from] move: Pain Split|[silent]
|-sethp|p2a: Hatterene|80/100|[from] move: Pain Split
|
|-weather|Sandstorm|[upkeep]
|-damage|p1a: 3 Cheers 4 SR|74/100|[from] Sandstorm
|-damage|p2a: Hatterene|74/100|[from] Sandstorm
|-heal|p2a: Hatterene|80/100|[from] item: Leftovers
|-fieldend|move: Gravity
|upkeep
|turn|6
|
|t:|1781227527
|switch|p2a: Amoonguss|Amoonguss, M|100/100
|move|p1a: 3 Cheers 4 SR|Liquidation|p2a: Amoonguss
|-resisted|p2a: Amoonguss
|-damage|p2a: Amoonguss|85/100
|-damage|p1a: 3 Cheers 4 SR|57/100|[from] item: Rocky Helmet|[of] p2a: Amoonguss
|-damage|p1a: 3 Cheers 4 SR|47/100|[from] item: Life Orb
|
|-weather|Sandstorm|[upkeep]
|-damage|p1a: 3 Cheers 4 SR|41/100|[from] Sandstorm
|-damage|p2a: Amoonguss|79/100|[from] Sandstorm
|upkeep
|turn|7
|
|t:|1781227541
|move|p1a: 3 Cheers 4 SR|Gunk Shot|p2a: Amoonguss
|-damage|p2a: Amoonguss|23/100
|-damage|p1a: 3 Cheers 4 SR|32/100|[from] item: Life Orb
|move|p2a: Amoonguss|Stun Spore|p1a: 3 Cheers 4 SR
|-status|p1a: 3 Cheers 4 SR|par
|
|-weather|Sandstorm|[upkeep]
|-damage|p1a: 3 Cheers 4 SR|26/100 par|[from] Sandstorm
|-damage|p2a: Amoonguss|17/100|[from] Sandstorm
|upkeep
|turn|8
|
|t:|1781227554
|switch|p2a: Tyranitar|Tyranitar, F|87/100
|cant|p1a: 3 Cheers 4 SR|par
|
|-weather|none
|upkeep
|turn|9
|
|t:|1781227568
|move|p2a: Tyranitar|Ice Beam|p1a: 3 Cheers 4 SR
|-damage|p1a: 3 Cheers 4 SR|0 fnt
|faint|p1a: 3 Cheers 4 SR
|
|upkeep
|
|t:|1781227572
|switch|p1a: Kuma II|Barraskewda, M, shiny|100/100
|turn|10
|inactive|phreshoatmeal has 90 seconds left.
|
|t:|1781227578
|switch|p2a: Amoonguss|Amoonguss, M|50/100
|move|p1a: Kuma II|Liquidation|p2a: Amoonguss
|-resisted|p2a: Amoonguss
|-crit|p2a: Amoonguss
|-damage|p2a: Amoonguss|15/100
|-damage|p1a: Kuma II|84/100|[from] item: Rocky Helmet|[of] p2a: Amoonguss
|
|upkeep
|turn|11
|inactive|phreshoatmeal has 90 seconds left.
|l| xP Envy
|
|t:|1781227597
|switch|p2a: Zamazenta|Zamazenta|100/100
|-ability|p2a: Zamazenta|Dauntless Shield|boost
|-boost|p2a: Zamazenta|def|1
|move|p1a: Kuma II|Liquidation|p2a: Zamazenta
|-damage|p2a: Zamazenta|67/100
|
|-heal|p2a: Zamazenta|73/100|[from] item: Leftovers
|upkeep
|turn|12
|inactive|phreshoatmeal has 90 seconds left.
|
|t:|1781227606
|switch|p1a: Brianstorm|Pelipper, M, shiny|94/100
|-weather|RainDance|[from] ability: Drizzle|[of] p1a: Brianstorm
|move|p2a: Zamazenta|Body Press|p1a: Brianstorm
|-resisted|p1a: Brianstorm
|-damage|p1a: Brianstorm|73/100
|
|-weather|RainDance|[upkeep]
|-heal|p2a: Zamazenta|80/100|[from] item: Leftovers
|upkeep
|turn|13
|
|t:|1781227614
|switch|p2a: Hippowdon|Hippowdon, M|45/100
|-weather|Sandstorm|[from] ability: Sand Stream|[of] p2a: Hippowdon
|move|p1a: Brianstorm|U-turn|p2a: Hippowdon
|-damage|p2a: Hippowdon|40/100
|
|t:|1781227618
|switch|p1a: Kuma II|Barraskewda, M, shiny|84/100|[from] U-turn
|
|-weather|Sandstorm|[upkeep]
|-damage|p1a: Kuma II|78/100|[from] Sandstorm
|upkeep
|turn|14
|
|t:|1781227622
|switch|p2a: Amoonguss|Amoonguss, M|48/100
|move|p1a: Kuma II|Flip Turn|p2a: Amoonguss
|-resisted|p2a: Amoonguss
|-damage|p2a: Amoonguss|31/100
|-damage|p1a: Kuma II|61/100|[from] item: Rocky Helmet|[of] p2a: Amoonguss
|
|t:|1781227627
|switch|p1a: SIN MIEDO|Kingambit, F, shiny|100/100|[from] Flip Turn
|-activate|p1a: SIN MIEDO|ability: Supreme Overlord
|-start|p1a: SIN MIEDO|fallen2|[silent]
|
|-weather|Sandstorm|[upkeep]
|-damage|p2a: Amoonguss|25/100|[from] Sandstorm
|upkeep
|turn|15
|inactive|phreshoatmeal has 120 seconds left.
|
|t:|1781227650
|switch|p2a: Zamazenta|Zamazenta|80/100
|move|p1a: SIN MIEDO|Iron Head|p2a: Zamazenta
|-damage|p2a: Zamazenta|40/100
|
|-weather|Sandstorm|[upkeep]
|-damage|p2a: Zamazenta|34/100|[from] Sandstorm
|-heal|p2a: Zamazenta|40/100|[from] item: Leftovers
|upkeep
|turn|16
|inactive|phreshoatmeal has 90 seconds left.
|
|t:|1781227681
|switch|p2a: Amoonguss|Amoonguss, M|58/100
|-end|p1a: SIN MIEDO|fallen2|[silent]
|switch|p1a: Brianstorm|Pelipper, M, shiny|73/100
|-weather|RainDance|[from] ability: Drizzle|[of] p1a: Brianstorm
|
|-weather|RainDance|[upkeep]
|upkeep
|turn|17
|
|t:|1781227685
|switch|p2a: Tyranitar|Tyranitar, F|87/100
|-weather|Sandstorm|[from] ability: Sand Stream|[of] p2a: Tyranitar
|move|p1a: Brianstorm|Hurricane|p2a: Tyranitar
|-resisted|p2a: Tyranitar
|-damage|p2a: Tyranitar|79/100
|
|-weather|Sandstorm|[upkeep]
|-damage|p1a: Brianstorm|67/100|[from] Sandstorm
|upkeep
|turn|18
|j| EBT FOOD STAMPS
|
|t:|1781227690
|switch|p1a: SIN MIEDO|Kingambit, F, shiny|100/100
|-activate|p1a: SIN MIEDO|ability: Supreme Overlord
|-start|p1a: SIN MIEDO|fallen2|[silent]
|move|p2a: Tyranitar|Knock Off|p1a: SIN MIEDO
|-resisted|p1a: SIN MIEDO
|-damage|p1a: SIN MIEDO|85/100
|-enditem|p1a: SIN MIEDO|Leftovers|[from] move: Knock Off|[of] p2a: Tyranitar
|
|-weather|Sandstorm|[upkeep]
|upkeep
|turn|19
|
|t:|1781227712
|move|p2a: Tyranitar|Stealth Rock|p1a: SIN MIEDO
|-sidestart|p1: Glinpo|move: Stealth Rock
|move|p1a: SIN MIEDO|Iron Head|p2a: Tyranitar
|-supereffective|p2a: Tyranitar
|-damage|p2a: Tyranitar|0 fnt
|faint|p2a: Tyranitar
|
|-weather|Sandstorm|[upkeep]
|upkeep
|inactive|phreshoatmeal has 90 seconds left.
|
|t:|1781227723
|switch|p2a: Zamazenta|Zamazenta|40/100
|turn|20
|
|t:|1781227730
|move|p2a: Zamazenta|Iron Defense|p2a: Zamazenta
|-boost|p2a: Zamazenta|def|2
|move|p1a: SIN MIEDO|Iron Head|p2a: Zamazenta
|-damage|p2a: Zamazenta|19/100
|
|-weather|Sandstorm|[upkeep]
|-damage|p2a: Zamazenta|12/100|[from] Sandstorm
|-heal|p2a: Zamazenta|19/100|[from] item: Leftovers
|upkeep
|turn|21
|
|t:|1781227744
|move|p1a: SIN MIEDO|Sucker Punch|p2a: Zamazenta
|-resisted|p2a: Zamazenta
|-damage|p2a: Zamazenta|9/100
|move|p2a: Zamazenta|Body Press|p1a: SIN MIEDO
|-supereffective|p1a: SIN MIEDO
|-damage|p1a: SIN MIEDO|0 fnt
|faint|p1a: SIN MIEDO
|-end|p1a: SIN MIEDO|fallen2|[silent]
|
|-weather|none
|-heal|p2a: Zamazenta|15/100|[from] item: Leftovers
|upkeep
|
|t:|1781227751
|switch|p1a: Brianstorm|Pelipper, M, shiny|67/100
|-damage|p1a: Brianstorm|42/100|[from] Stealth Rock
|-weather|RainDance|[from] ability: Drizzle|[of] p1a: Brianstorm
|turn|22
|
|t:|1781227765
|move|p2a: Zamazenta|Body Press|p1a: Brianstorm
|-resisted|p1a: Brianstorm
|-damage|p1a: Brianstorm|12/100
|move|p1a: Brianstorm|U-turn|p2a: Zamazenta
|-resisted|p2a: Zamazenta
|-damage|p2a: Zamazenta|13/100
|
|t:|1781227768
|switch|p1a: Kuma II|Barraskewda, M, shiny|61/100|[from] U-turn
|-damage|p1a: Kuma II|49/100|[from] Stealth Rock
|
|-weather|RainDance|[upkeep]
|-heal|p2a: Zamazenta|20/100|[from] item: Leftovers
|upkeep
|turn|23
|inactive|phreshoatmeal has 120 seconds left.
|
|t:|1781227782
|switch|p2a: Amoonguss|Amoonguss, M|91/100
|-terastallize|p1a: Kuma II|Water
|move|p1a: Kuma II|Liquidation|p2a: Amoonguss
|-resisted|p2a: Amoonguss
|-damage|p2a: Amoonguss|45/100
|-unboost|p2a: Amoonguss|def|1
|-damage|p1a: Kuma II|32/100|[from] item: Rocky Helmet|[of] p2a: Amoonguss
|
|-weather|RainDance|[upkeep]
|upkeep
|turn|24
|
|t:|1781227786
|switch|p2a: Hippowdon|Hippowdon, M|40/100
|-weather|Sandstorm|[from] ability: Sand Stream|[of] p2a: Hippowdon
|move|p1a: Kuma II|Liquidation|p2a: Hippowdon
|-supereffective|p2a: Hippowdon
|-damage|p2a: Hippowdon|0 fnt
|faint|p2a: Hippowdon
|
|-weather|Sandstorm|[upkeep]
|-damage|p1a: Kuma II|26/100|[from] Sandstorm
|upkeep
|inactive|phreshoatmeal has 120 seconds left.
|
|t:|1781227797
|switch|p2a: Excadrill|Excadrill, M|100/100
|turn|25
|
|t:|1781227802
|switch|p1a: Brianstorm|Pelipper, M, shiny|12/100
|-damage|p1a: Brianstorm|0 fnt|[from] Stealth Rock
|faint|p1a: Brianstorm
|move|p2a: Excadrill|Earthquake|p1: Brianstorm|[notarget]
|-fail|p2a: Excadrill
|
|-weather|Sandstorm|[upkeep]
|upkeep
|
|t:|1781227806
|switch|p1a: Ride The Lightning|Raging Bolt|100/100
|-damage|p1a: Ride The Lightning|88/100|[from] Stealth Rock
|-enditem|p1a: Ride The Lightning|Booster Energy
|-activate|p1a: Ride The Lightning|ability: Protosynthesis|[fromitem]
|-start|p1a: Ride The Lightning|protosynthesisspa
|turn|26
|
|t:|1781227810
|move|p2a: Excadrill|Earthquake|p1a: Ride The Lightning
|-supereffective|p1a: Ride The Lightning
|-damage|p1a: Ride The Lightning|0 fnt
|faint|p1a: Ride The Lightning
|-end|p1a: Ride The Lightning|Protosynthesis|[silent]
|
|-weather|Sandstorm|[upkeep]
|upkeep
|
|t:|1781227813
|switch|p1a: Kuma II|Barraskewda, M, shiny, tera:Water|26/100
|-damage|p1a: Kuma II|13/100|[from] Stealth Rock
|turn|27
|
|t:|1781227816
|move|p1a: Kuma II|Aqua Jet|p2a: Excadrill
|-supereffective|p2a: Excadrill
|-crit|p2a: Excadrill
|-damage|p2a: Excadrill|0 fnt
|faint|p2a: Excadrill
|
|-weather|Sandstorm|[upkeep]
|-damage|p1a: Kuma II|7/100|[from] Sandstorm
|upkeep
|
|t:|1781227820
|switch|p2a: Amoonguss|Amoonguss, M|78/100
|turn|28
|c|☆Glinpo|gg
|
|t:|1781227823
|move|p1a: Kuma II|Aqua Jet|p2a: Amoonguss
|-resisted|p2a: Amoonguss
|-damage|p2a: Amoonguss|62/100
|-damage|p1a: Kuma II|0 fnt|[from] item: Rocky Helmet|[of] p2a: Amoonguss
|faint|p1a: Kuma II
|
|win|phreshoatmeal
|raw|Glinpo's rating: 1639 &rarr; <strong>1621</strong><br />(-18 for losing)
|raw|phreshoatmeal's rating: 1677 &rarr; <strong>1695</strong><br />(+18 for winning)
|c|☆phreshoatmeal|gg
|l|☆Glinpo
|player|p1|
|l|☆phreshoatmeal
|player|p2|
|l| EBT FOOD STAMPS
|l| TheSacredJackal⨕
|j| nesnot
|n| nesnot|nesnot
