|badge|p2|bronze|gen9randombattle|100-9
|badge|p2|bronze|gen9ubers|100-9
|uhtml|medal-msg|<div class="broadcast-blue">Curious what those medals under the avatar are? PS now has Ladder Seasons! For more information, check out the <a href="https://www.smogon.com/forums/threads/3740067/">thread on Smogon.</a></div>
|j|☆Stealthalo
|j|☆oddishlover4
|t:|1781353330
|gametype|singles
|player|p1|Stealthalo|170|1513
|player|p2|oddishlover4|acetrainerf|1781
|gen|9
|tier|[Gen 9] OU
|rated|
|rule|HP Percentage Mod: HP is shown in percentages
|rule|Endless Battle Clause: Forcing endless battles is banned
|rule|Species Clause: Limit one of each Pokémon
|rule|OHKO Clause: OHKO moves are banned
|rule|Evasion Items Clause: Evasion items are banned
|rule|Evasion Moves Clause: Evasion moves are banned
|rule|Evasion Abilities Clause: Evasion abilities are banned
|rule|Sleep Moves Clause: Sleep-inducing moves are banned
|clearpoke
|poke|p1|Mamoswine, F|
|poke|p1|Weezing-Galar, M|
|poke|p1|Moltres|
|poke|p1|Glimmora, M|
|poke|p1|Dragapult, F|
|poke|p1|Ogerpon-Wellspring, F|
|poke|p2|Kyurem|
|poke|p2|Hatterene, F|
|poke|p2|Darkrai|
|poke|p2|Great Tusk|
|poke|p2|Dragonite, F|
|poke|p2|Gholdengo|
|teampreview
|
|t:|1781353352
|teamsize|p1|6
|teamsize|p2|6
|start
|switch|p1a: Moltres|Moltres|100/100
|switch|p2a: Boompala|Kyurem|100/100
|-ability|p2a: Boompala|Pressure
|turn|1
|c|☆oddishlover4|gl/hf!
|inactive|Battle timer is ON: inactive players will automatically lose when time's up. (requested by oddishlover4)
|
|t:|1781353370
|move|p2a: Boompala|Ice Beam|p1a: Moltres
|-damage|p1a: Moltres|52/100
|move|p1a: Moltres|Flamethrower|p2a: Boompala
|-damage|p2a: Boompala|76/100
|
|upkeep
|turn|2
|
|t:|1781353389
|move|p2a: Boompala|Ice Beam|p1a: Moltres
|-damage|p1a: Moltres|5/100
|-status|p1a: Moltres|frz
|cant|p1a: Moltres|frz
|
|upkeep
|turn|3
|
|t:|1781353408
|move|p2a: Boompala|Ice Beam|p1a: Moltres
|-damage|p1a: Moltres|0 fnt
|faint|p1a: Moltres
|
|upkeep
|
|t:|1781353413
|switch|p1a: Dragapult|Dragapult, F|100/100
|turn|4
|
|t:|1781353431
|move|p1a: Dragapult|Substitute|p1a: Dragapult
|-start|p1a: Dragapult|Substitute
|-damage|p1a: Dragapult|76/100
|move|p2a: Boompala|Ice Beam|p1a: Dragapult
|-supereffective|p1a: Dragapult
|-end|p1a: Dragapult|Substitute
|
|-heal|p1a: Dragapult|82/100|[from] item: Leftovers
|upkeep
|turn|5
|
|t:|1781353450
|move|p1a: Dragapult|Substitute|p1a: Dragapult
|-start|p1a: Dragapult|Substitute
|-damage|p1a: Dragapult|57/100
|move|p2a: Boompala|Ice Beam|p1a: Dragapult
|-supereffective|p1a: Dragapult
|-end|p1a: Dragapult|Substitute
|
|-heal|p1a: Dragapult|63/100|[from] item: Leftovers
|upkeep
|turn|6
|inactive|oddishlover4 has 120 seconds left.
|
|t:|1781353468
|move|p1a: Dragapult|Dragon Darts|p2a: Boompala
|-supereffective|p2a: Boompala
|-damage|p2a: Boompala|39/100
|-anim|p1a: Dragapult|Dragon Darts|p2a: Boompala
|-supereffective|p2a: Boompala
|-damage|p2a: Boompala|5/100
|move|p2a: Boompala|Ice Beam|p1a: Dragapult
|-supereffective|p1a: Dragapult
|-damage|p1a: Dragapult|0 fnt
|faint|p1a: Dragapult
|
|upkeep
|
|t:|1781353478
|switch|p1a: Ogerpon|Ogerpon-Wellspring, F|100/100
|turn|7
|inactive|oddishlover4 has 120 seconds left.
|
|t:|1781353497
|switch|p2a: Bluebeard's Wife|Dragonite, F|100/100
|move|p1a: Ogerpon|Knock Off|p2a: Bluebeard's Wife
|-damage|p2a: Bluebeard's Wife|84/100
|-enditem|p2a: Bluebeard's Wife|Heavy-Duty Boots|[from] move: Knock Off|[of] p1a: Ogerpon
|
|upkeep
|turn|8
|inactive|oddishlover4 has 120 seconds left.
|
|t:|1781353515
|switch|p1a: Weezing|Weezing-Galar, M|100/100
|move|p2a: Bluebeard's Wife|Dragon Dance|p2a: Bluebeard's Wife
|-boost|p2a: Bluebeard's Wife|atk|1
|-boost|p2a: Bluebeard's Wife|spe|1
|
|upkeep
|turn|9
|inactive|oddishlover4 has 120 seconds left.
|
|t:|1781353533
|move|p2a: Bluebeard's Wife|Earthquake|p1a: Weezing
|-immune|p1a: Weezing|[from] ability: Levitate
|move|p1a: Weezing|Strange Steam|p2a: Bluebeard's Wife|[miss]
|-miss|p1a: Weezing|p2a: Bluebeard's Wife
|
|upkeep
|turn|10
|
|t:|1781353552
|switch|p2a: Celebration|Gholdengo|100/100
|-item|p2a: Celebration|Air Balloon
|move|p1a: Weezing|Strange Steam|p2a: Celebration
|-resisted|p2a: Celebration
|-damage|p2a: Celebration|88/100
|-start|p2a: Celebration|confusion
|-enditem|p2a: Celebration|Air Balloon
|
|upkeep
|turn|11
|
|t:|1781353571
|switch|p1a: Ogerpon|Ogerpon-Wellspring, F|100/100
|-activate|p2a: Celebration|confusion
|move|p2a: Celebration|Thunder Wave|p1a: Ogerpon
|-status|p1a: Ogerpon|par
|
|upkeep
|turn|12
|
|t:|1781353589
|-end|p2a: Celebration|confusion
|move|p2a: Celebration|Hex|p1a: Ogerpon
|-damage|p1a: Ogerpon|37/100 par
|move|p1a: Ogerpon|Ivy Cudgel|p2a: Celebration|[anim] Ivy Cudgel Water
|-damage|p2a: Celebration|45/100
|
|upkeep
|turn|13
|inactive|oddishlover4 has 90 seconds left.
|
|t:|1781353607
|switch|p1a: Mamoswine|Mamoswine, F|100/100
|move|p2a: Celebration|Recover|p2a: Celebration
|-heal|p2a: Celebration|95/100
|
|upkeep
|turn|14
|inactive|oddishlover4 has 90 seconds left.
|
|t:|1781353626
|-terastallize|p2a: Celebration|Fairy
|move|p1a: Mamoswine|Earthquake|p2a: Celebration
|-damage|p2a: Celebration|53/100
|move|p2a: Celebration|Make It Rain|p1a: Mamoswine
|-supereffective|p1a: Mamoswine
|-damage|p1a: Mamoswine|0 fnt
|-unboost|p2a: Celebration|spa|1
|faint|p1a: Mamoswine
|
|upkeep
|
|t:|1781353637
|switch|p1a: Glimmora|Glimmora, M|100/100
|turn|15
|inactive|oddishlover4 has 90 seconds left.
|
|t:|1781353656
|move|p2a: Celebration|Make It Rain|p1a: Glimmora
|-supereffective|p1a: Glimmora
|-damage|p1a: Glimmora|35/100
|-unboost|p2a: Celebration|spa|1
|move|p1a: Glimmora|Stealth Rock|p2a: Celebration
|-sidestart|p2: oddishlover4|move: Stealth Rock
|
|-heal|p1a: Glimmora|41/100|[from] item: Leftovers
|upkeep
|turn|16
|inactive|oddishlover4 has 90 seconds left.
|
|t:|1781353679
|move|p2a: Celebration|Make It Rain|p1a: Glimmora
|-supereffective|p1a: Glimmora
|-damage|p1a: Glimmora|0 fnt
|-unboost|p2a: Celebration|spa|1
|faint|p1a: Glimmora
|
|upkeep
|
|t:|1781353686
|switch|p1a: Ogerpon|Ogerpon-Wellspring, F|37/100 par
|turn|17
|inactive|oddishlover4 has 90 seconds left.
|
|t:|1781353706
|-terastallize|p1a: Ogerpon|Water
|detailschange|p1a: Ogerpon|Ogerpon-Wellspring-Tera, F, tera:Water
|-ability|p1a: Ogerpon|Embody Aspect (Wellspring)|boost
|-boost|p1a: Ogerpon|spd|1
|move|p2a: Celebration|Hex|p1a: Ogerpon
|-damage|p1a: Ogerpon|20/100 par
|cant|p1a: Ogerpon|par
|
|upkeep
|turn|18
|-message|Stealthalo forfeited.
|
|win|oddishlover4
|raw|Stealthalo's rating: 1513 &rarr; <strong>1506</strong><br />(-7 for losing)
|raw|oddishlover4's rating: 1781 &rarr; <strong>1788</strong><br />(+7 for winning)
|l|☆Stealthalo
|player|p1|
|c|☆oddishlover4|GG!
