|j|☆zhihe0719
|j|☆kai cyan
|t:|1781504712
|gametype|singles
|player|p1|zhihe0719|pokemonrangerf-gen4|1553
|player|p2|kai cyan|skyla|1533
|gen|9
|tier|[Gen 9] OU
|rated|
|rule|HP Percentage Mod: HP is shown in percentages
|rule|Endless Battle Clause: Forcing endless battles is banned
|rule|Species Clause: Limit one of each Pokémon
|rule|OHKO Clause: OHKO moves are banned
|rule|Evasion Items Clause: Evasion items are banned
|rule|Evasion Moves Clause: Evasion moves are banned
|rule|Evasion Abilities Clause: Evasion abilities are banned
|rule|Sleep Moves Clause: Sleep-inducing moves are banned
|clearpoke
|poke|p1|Dragonite, F|
|poke|p1|Garchomp, F|
|poke|p1|Hydrapple, F|
|poke|p1|Hydreigon, F|
|poke|p1|Goodra-Hisui, M|
|poke|p1|Cyclizar, F|
|poke|p2|Zamazenta-*|
|poke|p2|Iron Treads|
|poke|p2|Dragapult, F|
|poke|p2|Ting-Lu|
|poke|p2|Moltres|
|poke|p2|Ogerpon-Wellspring, F|
|teampreview
|inactive|Battle timer is ON: inactive players will automatically lose when time's up. (requested by kai cyan)
|inactive|zhihe0719 also wants the timer to be on.
|
|t:|1781504735
|teamsize|p1|6
|teamsize|p2|6
|start
|switch|p1a: Garchomp|Garchomp, F|100/100
|switch|p2a: Dragapult|Dragapult, F|100/100
|turn|1
|
|t:|1781504751
|switch|p1a: Goodra|Goodra-Hisui, M|100/100
|move|p2a: Dragapult|Draco Meteor|p1a: Goodra
|-damage|p1a: Goodra|71/100
|-unboost|p2a: Dragapult|spa|2
|
|upkeep
|turn|2
|
|t:|1781504755
|switch|p2a: Ting-Lu|Ting-Lu|100/100
|-ability|p2a: Ting-Lu|Vessel of Ruin
|move|p1a: Goodra|Knock Off|p2a: Ting-Lu
|-resisted|p2a: Ting-Lu
|-damage|p2a: Ting-Lu|95/100
|-enditem|p2a: Ting-Lu|Leftovers|[from] move: Knock Off|[of] p1a: Goodra
|
|upkeep
|turn|3
|
|t:|1781504759
|switch|p1a: Garchomp|Garchomp, F|100/100
|move|p2a: Ting-Lu|Spikes|p1a: Garchomp
|-sidestart|p1: zhihe0719|Spikes
|
|upkeep
|turn|4
|
|t:|1781504762
|move|p1a: Garchomp|Stealth Rock|p2a: Ting-Lu
|-sidestart|p2: kai cyan|move: Stealth Rock
|move|p2a: Ting-Lu|Spikes|p1a: Garchomp
|-sidestart|p1: zhihe0719|Spikes
|
|upkeep
|turn|5
|
|t:|1781504765
|switch|p1a: Cyclizar|Cyclizar, F|100/100
|-damage|p1a: Cyclizar|84/100|[from] Spikes
|move|p2a: Ting-Lu|Spikes|p1a: Cyclizar
|-sidestart|p1: zhihe0719|Spikes
|
|upkeep
|turn|6
|
|t:|1781504770
|move|p1a: Cyclizar|Rapid Spin|p2a: Ting-Lu
|-damage|p2a: Ting-Lu|87/100
|-boost|p1a: Cyclizar|spe|1
|-sideend|p1: zhihe0719|Spikes|[from] move: Rapid Spin|[of] p1a: Cyclizar
|move|p2a: Ting-Lu|Earthquake|p1a: Cyclizar
|-damage|p1a: Cyclizar|33/100
|
|upkeep
|turn|7
|
|t:|1781504775
|move|p1a: Cyclizar|U-turn|p2a: Ting-Lu
|-supereffective|p2a: Ting-Lu
|-damage|p2a: Ting-Lu|72/100
|
|t:|1781504777
|switch|p1a: Hydrapple|Hydrapple, F|100/100|[from] U-turn
|move|p2a: Ting-Lu|Spikes|p1a: Hydrapple
|-sidestart|p1: zhihe0719|Spikes
|
|upkeep
|turn|8
|
|t:|1781504785
|switch|p2a: Moltres|Moltres|100/100
|move|p1a: Hydrapple|Giga Drain|p2a: Moltres
|-resisted|p2a: Moltres
|-damage|p2a: Moltres|93/100
|
|upkeep
|turn|9
|
|t:|1781504791
|move|p2a: Moltres|Will-O-Wisp|p1a: Hydrapple
|-status|p1a: Hydrapple|brn
|move|p1a: Hydrapple|Fickle Beam|p2a: Moltres
|-damage|p2a: Moltres|60/100
|
|-damage|p1a: Hydrapple|94/100 brn|[from] brn
|upkeep
|turn|10
|
|t:|1781504800
|move|p2a: Moltres|U-turn|p1a: Hydrapple
|-supereffective|p1a: Hydrapple
|-damage|p1a: Hydrapple|76/100 brn
|-damage|p2a: Moltres|43/100|[from] item: Rocky Helmet|[of] p1a: Hydrapple
|
|t:|1781504803
|switch|p2a: Ting-Lu|Ting-Lu|72/100|[from] U-turn
|-damage|p2a: Ting-Lu|65/100|[from] Stealth Rock
|-ability|p2a: Ting-Lu|Vessel of Ruin
|move|p1a: Hydrapple|Earth Power|p2a: Ting-Lu
|-damage|p2a: Ting-Lu|55/100
|
|-damage|p1a: Hydrapple|70/100 brn|[from] brn
|upkeep
|turn|11
|
|t:|1781504806
|move|p1a: Hydrapple|Giga Drain|p2a: Ting-Lu
|-supereffective|p2a: Ting-Lu
|-damage|p2a: Ting-Lu|31/100
|-heal|p1a: Hydrapple|85/100 brn|[from] drain|[of] p2a: Ting-Lu
|move|p2a: Ting-Lu|Spikes|p1a: Hydrapple
|-sidestart|p1: zhihe0719|Spikes
|
|-damage|p1a: Hydrapple|79/100 brn|[from] brn
|upkeep
|turn|12
|
|t:|1781504810
|move|p1a: Hydrapple|Giga Drain|p2a: Ting-Lu
|-supereffective|p2a: Ting-Lu
|-damage|p2a: Ting-Lu|7/100
|-heal|p1a: Hydrapple|94/100 brn|[from] drain|[of] p2a: Ting-Lu
|move|p2a: Ting-Lu|Whirlwind|p1a: Hydrapple
|drag|p1a: Cyclizar|Cyclizar, F|66/100
|-damage|p1a: Cyclizar|50/100|[from] Spikes
|
|upkeep
|turn|13
|
|t:|1781504813
|move|p1a: Cyclizar|Rapid Spin|p2a: Ting-Lu
|-damage|p2a: Ting-Lu|0 fnt
|-boost|p1a: Cyclizar|spe|1
|-sideend|p1: zhihe0719|Spikes|[from] move: Rapid Spin|[of] p1a: Cyclizar
|faint|p2a: Ting-Lu
|
|upkeep
|
|t:|1781504822
|switch|p2a: Iron Treads|Iron Treads|100/100
|-damage|p2a: Iron Treads|97/100|[from] Stealth Rock
|-enditem|p2a: Iron Treads|Booster Energy
|-activate|p2a: Iron Treads|ability: Quark Drive|[fromitem]
|-start|p2a: Iron Treads|quarkdrivespe
|turn|14
|
|t:|1781504831
|switch|p1a: Garchomp|Garchomp, F|100/100
|move|p2a: Iron Treads|Knock Off|p1a: Garchomp
|-damage|p1a: Garchomp|81/100
|-damage|p2a: Iron Treads|85/100|[from] ability: Rough Skin|[of] p1a: Garchomp
|-damage|p2a: Iron Treads|69/100|[from] item: Rocky Helmet|[of] p1a: Garchomp
|-enditem|p1a: Garchomp|Rocky Helmet|[from] move: Knock Off|[of] p2a: Iron Treads
|
|upkeep
|turn|15
|
|t:|1781504837
|-end|p2a: Iron Treads|Quark Drive|[silent]
|switch|p2a: Moltres|Moltres|43/100
|move|p1a: Garchomp|Earthquake|p2a: Moltres
|-immune|p2a: Moltres
|
|upkeep
|turn|16
|
|t:|1781504841
|switch|p1a: Hydrapple|Hydrapple, F|100/100 brn
|move|p2a: Moltres|Roost|p2a: Moltres
|-heal|p2a: Moltres|93/100
|-singleturn|p2a: Moltres|move: Roost
|
|-damage|p1a: Hydrapple|94/100 brn|[from] brn
|upkeep
|turn|17
|
|t:|1781504846
|move|p2a: Moltres|U-turn|p1a: Hydrapple
|-supereffective|p1a: Hydrapple
|-damage|p1a: Hydrapple|78/100 brn
|-damage|p2a: Moltres|77/100|[from] item: Rocky Helmet|[of] p1a: Hydrapple
|
|t:|1781504850
|switch|p2a: Ogerpon|Ogerpon-Wellspring, F|100/100|[from] U-turn
|-damage|p2a: Ogerpon|88/100|[from] Stealth Rock
|move|p1a: Hydrapple|Fickle Beam|p2a: Ogerpon|[anim] Fickle Beam All Out
|-activate|p1a: Hydrapple|move: Fickle Beam
|-damage|p2a: Ogerpon|13/100
|
|-damage|p1a: Hydrapple|72/100 brn|[from] brn
|upkeep
|turn|18
|
|t:|1781504857
|move|p2a: Ogerpon|U-turn|p1a: Hydrapple
|-supereffective|p1a: Hydrapple
|-damage|p1a: Hydrapple|42/100 brn
|-damage|p2a: Ogerpon|0 fnt|[from] item: Rocky Helmet|[of] p1a: Hydrapple
|faint|p2a: Ogerpon
|move|p1a: Hydrapple|Recover|p1a: Hydrapple
|-heal|p1a: Hydrapple|92/100 brn
|
|-damage|p1a: Hydrapple|86/100 brn|[from] brn
|upkeep
|
|t:|1781504868
|switch|p2a: Dragapult|Dragapult, F|100/100
|-damage|p2a: Dragapult|88/100|[from] Stealth Rock
|turn|19
|
|t:|1781504881
|switch|p1a: Cyclizar|Cyclizar, F|83/100
|move|p2a: Dragapult|U-turn|p1a: Cyclizar
|-damage|p1a: Cyclizar|57/100
|
|t:|1781504885
|switch|p2a: Iron Treads|Iron Treads|69/100|[from] U-turn
|-damage|p2a: Iron Treads|65/100|[from] Stealth Rock
|
|upkeep
|turn|20
|
|t:|1781504889
|switch|p1a: Hydrapple|Hydrapple, F|100/100 brn
|move|p2a: Iron Treads|Rapid Spin|p1a: Hydrapple
|-damage|p1a: Hydrapple|92/100 brn
|-boost|p2a: Iron Treads|spe|1
|-damage|p2a: Iron Treads|49/100|[from] item: Rocky Helmet|[of] p1a: Hydrapple
|-sideend|p2: kai cyan|Stealth Rock|[from] move: Rapid Spin|[of] p2a: Iron Treads
|
|-damage|p1a: Hydrapple|86/100 brn|[from] brn
|upkeep
|turn|21
|
|t:|1781504895
|move|p2a: Iron Treads|Volt Switch|p1a: Hydrapple
|-resisted|p1a: Hydrapple
|-damage|p1a: Hydrapple|83/100 brn
|
|t:|1781504897
|-end|p2a: Iron Treads|Quark Drive|[silent]
|switch|p2a: Moltres|Moltres|77/100|[from] Volt Switch
|move|p1a: Hydrapple|Fickle Beam|p2a: Moltres|[anim] Fickle Beam All Out
|-activate|p1a: Hydrapple|move: Fickle Beam
|-damage|p2a: Moltres|16/100
|
|-damage|p1a: Hydrapple|77/100 brn|[from] brn
|upkeep
|turn|22
|
|t:|1781504902
|move|p2a: Moltres|Roost|p2a: Moltres
|-heal|p2a: Moltres|66/100
|-singleturn|p2a: Moltres|move: Roost
|move|p1a: Hydrapple|Fickle Beam|p2a: Moltres|[anim] Fickle Beam All Out
|-activate|p1a: Hydrapple|move: Fickle Beam
|-damage|p2a: Moltres|1/100
|
|-damage|p1a: Hydrapple|71/100 brn|[from] brn
|upkeep
|turn|23
|
|t:|1781504911
|move|p2a: Moltres|Roost|p2a: Moltres
|-heal|p2a: Moltres|51/100
|-singleturn|p2a: Moltres|move: Roost
|move|p1a: Hydrapple|Earth Power|p2a: Moltres
|-supereffective|p2a: Moltres
|-damage|p2a: Moltres|2/100
|
|-damage|p1a: Hydrapple|64/100 brn|[from] brn
|upkeep
|turn|24
|
|t:|1781504921
|move|p2a: Moltres|Roost|p2a: Moltres
|-heal|p2a: Moltres|52/100
|-singleturn|p2a: Moltres|move: Roost
|move|p1a: Hydrapple|Earth Power|p2a: Moltres
|-supereffective|p2a: Moltres
|-damage|p2a: Moltres|6/100
|
|-damage|p1a: Hydrapple|58/100 brn|[from] brn
|upkeep
|turn|25
|
|t:|1781504929
|move|p2a: Moltres|Roost|p2a: Moltres
|-heal|p2a: Moltres|56/100
|-singleturn|p2a: Moltres|move: Roost
|move|p1a: Hydrapple|Earth Power|p2a: Moltres
|-supereffective|p2a: Moltres
|-damage|p2a: Moltres|6/100
|
|-damage|p1a: Hydrapple|52/100 brn|[from] brn
|upkeep
|turn|26
|
|t:|1781504935
|move|p2a: Moltres|Roost|p2a: Moltres
|-heal|p2a: Moltres|56/100
|-singleturn|p2a: Moltres|move: Roost
|move|p1a: Hydrapple|Earth Power|p2a: Moltres
|-supereffective|p2a: Moltres
|-damage|p2a: Moltres|10/100
|
|-damage|p1a: Hydrapple|46/100 brn|[from] brn
|upkeep
|turn|27
|
|t:|1781504942
|move|p2a: Moltres|Overheat|p1a: Hydrapple
|-damage|p1a: Hydrapple|0 fnt
|-unboost|p2a: Moltres|spa|2
|faint|p1a: Hydrapple
|
|upkeep
|
|t:|1781504945
|switch|p1a: Garchomp|Garchomp, F|81/100
|turn|28
|
|t:|1781504948
|move|p1a: Garchomp|Stealth Rock|p2a: Moltres
|-sidestart|p2: kai cyan|move: Stealth Rock
|move|p2a: Moltres|Roost|p2a: Moltres
|-heal|p2a: Moltres|60/100
|-singleturn|p2a: Moltres|move: Roost
|
|upkeep
|turn|29
|
|t:|1781504956
|move|p2a: Moltres|Will-O-Wisp|p1a: Garchomp
|-status|p1a: Garchomp|brn
|move|p1a: Garchomp|Dragon Tail|p2a: Moltres
|-damage|p2a: Moltres|50/100
|drag|p2a: Iron Treads|Iron Treads|49/100
|-damage|p2a: Iron Treads|46/100|[from] Stealth Rock
|
|-damage|p1a: Garchomp|75/100 brn|[from] brn
|upkeep
|turn|30
|
|t:|1781504967
|move|p2a: Iron Treads|Rapid Spin|p1a: Garchomp
|-damage|p1a: Garchomp|65/100 brn
|-boost|p2a: Iron Treads|spe|1
|-damage|p2a: Iron Treads|33/100|[from] ability: Rough Skin|[of] p1a: Garchomp
|-sideend|p2: kai cyan|Stealth Rock|[from] move: Rapid Spin|[of] p2a: Iron Treads
|move|p1a: Garchomp|Earthquake|p2a: Iron Treads
|-supereffective|p2a: Iron Treads
|-damage|p2a: Iron Treads|0 fnt
|faint|p2a: Iron Treads
|-end|p2a: Iron Treads|Quark Drive|[silent]
|
|-damage|p1a: Garchomp|59/100 brn|[from] brn
|upkeep
|
|t:|1781504976
|switch|p2a: Dragapult|Dragapult, F|88/100
|turn|31
|
|t:|1781504982
|move|p2a: Dragapult|Draco Meteor|p1a: Garchomp
|-supereffective|p1a: Garchomp
|-damage|p1a: Garchomp|0 fnt
|-unboost|p2a: Dragapult|spa|2
|faint|p1a: Garchomp
|
|upkeep
|
|t:|1781504985
|switch|p1a: Hydreigon|Hydreigon, F|100/100
|turn|32
|
|t:|1781504999
|move|p2a: Dragapult|Draco Meteor|p1a: Hydreigon
|-supereffective|p1a: Hydreigon
|-damage|p1a: Hydreigon|8/100
|-unboost|p2a: Dragapult|spa|2
|move|p1a: Hydreigon|Nasty Plot|p1a: Hydreigon
|-boost|p1a: Hydreigon|spa|2
|
|-heal|p1a: Hydreigon|15/100|[from] item: Leftovers
|upkeep
|turn|33
|
|t:|1781505011
|move|p2a: Dragapult|Draco Meteor|p1a: Hydreigon
|-supereffective|p1a: Hydreigon
|-damage|p1a: Hydreigon|0 fnt
|-unboost|p2a: Dragapult|spa|2
|faint|p1a: Hydreigon
|
|upkeep
|
|t:|1781505012
|switch|p1a: Dragonite|Dragonite, F|100/100
|turn|34
|
|t:|1781505016
|switch|p2a: Moltres|Moltres|50/100
|move|p1a: Dragonite|Dragon Dance|p1a: Dragonite
|-boost|p1a: Dragonite|atk|1
|-boost|p1a: Dragonite|spe|1
|
|upkeep
|turn|35
|
|t:|1781505019
|move|p1a: Dragonite|Extreme Speed|p2a: Moltres
|-damage|p2a: Moltres|17/100
|-status|p1a: Dragonite|brn|[from] ability: Flame Body|[of] p2a: Moltres
|move|p2a: Moltres|Will-O-Wisp|p1a: Dragonite
|-fail|p1a: Dragonite|brn
|
|-damage|p1a: Dragonite|94/100 brn|[from] brn
|upkeep
|turn|36
|
|t:|1781505025
|move|p1a: Dragonite|Extreme Speed|p2a: Moltres
|-damage|p2a: Moltres|2/100
|move|p2a: Moltres|Roost|p2a: Moltres
|-heal|p2a: Moltres|52/100
|-singleturn|p2a: Moltres|move: Roost
|
|-damage|p1a: Dragonite|88/100 brn|[from] brn
|upkeep
|turn|37
|
|t:|1781505030
|move|p1a: Dragonite|Dragon Dance|p1a: Dragonite
|-boost|p1a: Dragonite|atk|1
|-boost|p1a: Dragonite|spe|1
|move|p2a: Moltres|U-turn|p1a: Dragonite
|-resisted|p1a: Dragonite
|-damage|p1a: Dragonite|81/100 brn
|
|t:|1781505031
|switch|p2a: Zamazenta|Zamazenta|100/100|[from] U-turn
|-ability|p2a: Zamazenta|Dauntless Shield|boost
|-boost|p2a: Zamazenta|def|1
|
|-damage|p1a: Dragonite|75/100 brn|[from] brn
|upkeep
|turn|38
|
|t:|1781505036
|switch|p1a: Goodra|Goodra-Hisui, M|71/100
|move|p2a: Zamazenta|Iron Defense|p2a: Zamazenta
|-boost|p2a: Zamazenta|def|2
|
|upkeep
|turn|39
|
|t:|1781505040
|-terastallize|p1a: Goodra|Ghost
|move|p2a: Zamazenta|Substitute|p2a: Zamazenta
|-start|p2a: Zamazenta|Substitute
|-damage|p2a: Zamazenta|75/100
|move|p1a: Goodra|Ice Beam|p2a: Zamazenta
|-crit|p2a: Zamazenta
|-end|p2a: Zamazenta|Substitute
|
|-heal|p2a: Zamazenta|82/100|[from] item: Leftovers
|upkeep
|turn|40
|
|t:|1781505047
|move|p2a: Zamazenta|Crunch|p1a: Goodra
|-supereffective|p1a: Goodra
|-damage|p1a: Goodra|27/100
|move|p1a: Goodra|Ice Beam|p2a: Zamazenta
|-damage|p2a: Zamazenta|64/100
|
|-heal|p2a: Zamazenta|71/100|[from] item: Leftovers
|upkeep
|turn|41
|-message|zhihe0719 forfeited.
|
|win|kai cyan
|raw|zhihe0719's rating: 1553 &rarr; <strong>1532</strong><br />(-21 for losing)
|raw|kai cyan's rating: 1533 &rarr; <strong>1554</strong><br />(+21 for winning)
|l|☆zhihe0719
|player|p1|
|l|☆kai cyan
|player|p2|
