|j|☆omari p
|j|☆CassiusAuBellossom
|t:|1781355928
|gametype|singles
|player|p1|omari p|pokemonrangerf|1582
|player|p2|CassiusAuBellossom|101|1587
|gen|9
|tier|[Gen 9] OU
|rated|
|rule|HP Percentage Mod: HP is shown in percentages
|rule|Endless Battle Clause: Forcing endless battles is banned
|rule|Species Clause: Limit one of each Pokémon
|rule|OHKO Clause: OHKO moves are banned
|rule|Evasion Items Clause: Evasion items are banned
|rule|Evasion Moves Clause: Evasion moves are banned
|rule|Evasion Abilities Clause: Evasion abilities are banned
|rule|Sleep Moves Clause: Sleep-inducing moves are banned
|clearpoke
|poke|p1|Cinderace, F|
|poke|p1|Skeledirge, F|
|poke|p1|Latios, M|
|poke|p1|Mandibuzz, F|
|poke|p1|Gallade, M|
|poke|p1|Gastrodon, M|
|poke|p2|Pelipper, M|
|poke|p2|Beartic, F|
|poke|p2|Barraskewda, F|
|poke|p2|Zapdos|
|poke|p2|Ogerpon-Wellspring, F|
|poke|p2|Hatterene, F|
|teampreview
|inactive|Battle timer is ON: inactive players will automatically lose when time's up. (requested by CassiusAuBellossom)
|
|t:|1781355943
|teamsize|p1|6
|teamsize|p2|6
|start
|switch|p1a: Gastrodon|Gastrodon, M|100/100
|switch|p2a: Armin|Pelipper, M|100/100
|-weather|RainDance|[from] ability: Drizzle|[of] p2a: Armin
|turn|1
|
|t:|1781355951
|switch|p2a: Annie|Hatterene, F|100/100
|move|p1a: Gastrodon|Ice Beam|p2a: Annie
|-damage|p2a: Annie|75/100
|-enditem|p2a: Annie|Eject Button
|
|t:|1781355964
|switch|p2a: Eren|Beartic, F|100/100
|
|-weather|RainDance|[upkeep]
|upkeep
|turn|2
|
|t:|1781355971
|-terastallize|p2a: Eren|Grass
|move|p2a: Eren|Trailblaze|p1a: Gastrodon
|-supereffective|p1a: Gastrodon
|-damage|p1a: Gastrodon|0 fnt
|-boost|p2a: Eren|spe|1
|faint|p1a: Gastrodon
|
|-weather|RainDance|[upkeep]
|upkeep
|
|t:|1781355976
|switch|p1a: Omari P Bird|Mandibuzz, F, shiny|100/100
|turn|3
|
|t:|1781355984
|-terastallize|p1a: Omari P Bird|Water
|move|p2a: Eren|Icicle Spear|p1a: Omari P Bird
|-resisted|p1a: Omari P Bird
|-damage|p1a: Omari P Bird|96/100
|-resisted|p1a: Omari P Bird
|-damage|p1a: Omari P Bird|92/100
|-resisted|p1a: Omari P Bird
|-damage|p1a: Omari P Bird|87/100
|-resisted|p1a: Omari P Bird
|-damage|p1a: Omari P Bird|83/100
|-resisted|p1a: Omari P Bird
|-damage|p1a: Omari P Bird|79/100
|-hitcount|p1a: Omari P Bird|5
|move|p1a: Omari P Bird|Foul Play|p2a: Eren
|-damage|p2a: Eren|39/100
|
|-weather|RainDance|[upkeep]
|upkeep
|turn|4
|
|t:|1781355999
|switch|p2a: Zeke|Zapdos|100/100
|move|p1a: Omari P Bird|Foul Play|p2a: Zeke
|-damage|p2a: Zeke|73/100
|
|-weather|RainDance|[upkeep]
|upkeep
|turn|5
|
|t:|1781356007
|switch|p1a: Latios|Latios, M|100/100
|move|p2a: Zeke|Thunder|p1a: Latios
|-resisted|p1a: Latios
|-damage|p1a: Latios|71/100
|
|-weather|RainDance|[upkeep]
|upkeep
|turn|6
|
|t:|1781356032
|move|p1a: Latios|Luster Purge|p2a: Zeke
|-damage|p2a: Zeke|39/100
|-unboost|p2a: Zeke|spd|1
|move|p2a: Zeke|Volt Switch|p1a: Latios
|-resisted|p1a: Latios
|-damage|p1a: Latios|52/100
|
|t:|1781356043
|switch|p2a: Eren|Beartic, F, tera:Grass|39/100|[from] Volt Switch
|
|-weather|RainDance|[upkeep]
|upkeep
|turn|7
|inactive|omari p has 120 seconds left.
|
|t:|1781356088
|move|p1a: Latios|Luster Purge|p2a: Eren
|-damage|p2a: Eren|0 fnt
|faint|p2a: Eren
|
|-weather|RainDance|[upkeep]
|upkeep
|
|t:|1781356094
|switch|p2a: Levi|Barraskewda, F|100/100
|turn|8
|
|t:|1781356097
|switch|p1a: Omari P Bird|Mandibuzz, F, shiny, tera:Water|79/100
|move|p2a: Levi|Flip Turn|p1a: Omari P Bird
|-resisted|p1a: Omari P Bird
|-damage|p1a: Omari P Bird|62/100
|-damage|p2a: Levi|84/100|[from] item: Rocky Helmet|[of] p1a: Omari P Bird
|
|t:|1781356104
|switch|p2a: Zeke|Zapdos|39/100|[from] Flip Turn
|
|-weather|none
|upkeep
|turn|9
|
|t:|1781356110
|switch|p1a: Latios|Latios, M|52/100
|move|p2a: Zeke|Volt Switch|p1a: Latios
|-resisted|p1a: Latios
|-damage|p1a: Latios|32/100
|
|t:|1781356115
|switch|p2a: Armin|Pelipper, M|100/100|[from] Volt Switch
|-weather|RainDance|[from] ability: Drizzle|[of] p2a: Armin
|
|-weather|RainDance|[upkeep]
|upkeep
|turn|10
|
|t:|1781356122
|switch|p2a: Annie|Hatterene, F|75/100
|move|p1a: Latios|Luster Purge|p2a: Annie
|-resisted|p2a: Annie
|-damage|p2a: Annie|49/100
|-unboost|p2a: Annie|spd|1
|
|-weather|RainDance|[upkeep]
|upkeep
|turn|11
|
|t:|1781356131
|switch|p1a: Skeledirge|Skeledirge, F|100/100
|move|p2a: Annie|Healing Wish|p2a: Annie
|faint|p2a: Annie
|
|-weather|RainDance|[upkeep]
|upkeep
|
|t:|1781356139
|switch|p2a: Zeke|Zapdos|39/100
|-heal|p2a: Zeke|100/100|[from] move: Healing Wish
|turn|12
|
|t:|1781356146
|move|p2a: Zeke|Weather Ball|p1a: Skeledirge
|-supereffective|p1a: Skeledirge
|-damage|p1a: Skeledirge|3/100
|move|p1a: Skeledirge|Torch Song|p2a: Zeke
|-damage|p2a: Zeke|87/100
|-boost|p1a: Skeledirge|spa|1
|
|-weather|RainDance|[upkeep]
|upkeep
|turn|13
|
|t:|1781356156
|move|p2a: Zeke|Thunder|p1a: Skeledirge
|-damage|p1a: Skeledirge|0 fnt
|faint|p1a: Skeledirge
|
|-weather|RainDance|[upkeep]
|upkeep
|
|t:|1781356161
|switch|p1a: Latios|Latios, M|32/100
|turn|14
|
|t:|1781356164
|move|p1a: Latios|Ice Beam|p2a: Zeke
|-supereffective|p2a: Zeke
|-damage|p2a: Zeke|38/100
|move|p2a: Zeke|Hurricane|p1a: Latios
|-damage|p1a: Latios|0 fnt
|faint|p1a: Latios
|
|-weather|RainDance|[upkeep]
|upkeep
|
|t:|1781356171
|switch|p1a: Gallade|Gallade, M|100/100
|turn|15
|c|☆omari p|av zapdos is so cool
|
|t:|1781356186
|move|p2a: Zeke|Hurricane|p1a: Gallade
|-supereffective|p1a: Gallade
|-damage|p1a: Gallade|0 fnt
|faint|p1a: Gallade
|
|-weather|RainDance|[upkeep]
|upkeep
|
|t:|1781356190
|switch|p1a: Cinderace|Cinderace, F|100/100
|turn|16
|
|t:|1781356202
|move|p1a: Cinderace|Sucker Punch|p2a: Zeke
|-start|p1a: Cinderace|typechange|Dark|[from] ability: Libero
|-damage|p2a: Zeke|0 fnt
|faint|p2a: Zeke
|
|-weather|none
|upkeep
|
|t:|1781356210
|switch|p2a: Armin|Pelipper, M|100/100
|-weather|RainDance|[from] ability: Drizzle|[of] p2a: Armin
|turn|17
|
|t:|1781356214
|move|p1a: Cinderace|Sucker Punch|p2a: Armin
|-damage|p2a: Armin|75/100
|move|p2a: Armin|U-turn|p1a: Cinderace
|-supereffective|p1a: Cinderace
|-damage|p1a: Cinderace|72/100
|
|t:|1781356220
|switch|p2a: Levi|Barraskewda, F|84/100|[from] U-turn
|
|-weather|RainDance|[upkeep]
|upkeep
|turn|18
|inactive|omari p has 120 seconds left.
|inactive|CassiusAuBellossom has 120 seconds left.
|
|t:|1781356253
|switch|p2a: Armin|Pelipper, M|75/100
|move|p1a: Cinderace|Sucker Punch||[still]
|-fail|p1a: Cinderace
|
|-weather|RainDance|[upkeep]
|upkeep
|turn|19
|
|t:|1781356263
|move|p1a: Cinderace|Sucker Punch|p2a: Armin
|-damage|p2a: Armin|48/100
|move|p2a: Armin|U-turn|p1a: Cinderace
|-supereffective|p1a: Cinderace
|-damage|p1a: Cinderace|45/100
|
|t:|1781356273
|switch|p2a: Levi|Barraskewda, F|84/100|[from] U-turn
|
|-weather|RainDance|[upkeep]
|upkeep
|turn|20
|
|t:|1781356280
|switch|p2a: Armin|Pelipper, M|48/100
|move|p1a: Cinderace|Pyro Ball|p2a: Armin
|-resisted|p2a: Armin
|-damage|p2a: Armin|42/100
|
|-weather|RainDance|[upkeep]
|upkeep
|turn|21
|
|t:|1781356288
|switch|p1a: Omari P Bird|Mandibuzz, F, shiny, tera:Water|62/100
|move|p2a: Armin|Roost|p2a: Armin
|-heal|p2a: Armin|92/100
|-singleturn|p2a: Armin|move: Roost
|
|-weather|RainDance|[upkeep]
|upkeep
|turn|22
|
|t:|1781356296
|move|p1a: Omari P Bird|Roost|p1a: Omari P Bird
|-heal|p1a: Omari P Bird|100/100
|move|p2a: Armin|U-turn|p1a: Omari P Bird
|-damage|p1a: Omari P Bird|95/100
|-damage|p2a: Armin|75/100|[from] item: Rocky Helmet|[of] p1a: Omari P Bird
|
|t:|1781356302
|switch|p2a: Mikasa|Ogerpon-Wellspring, F|100/100|[from] U-turn
|
|-weather|RainDance|[upkeep]
|upkeep
|turn|23
|
|t:|1781356308
|move|p2a: Mikasa|Encore|p1a: Omari P Bird
|-start|p1a: Omari P Bird|Encore
|move|p1a: Omari P Bird|Roost|p1a: Omari P Bird
|-heal|p1a: Omari P Bird|100/100
|
|-weather|RainDance|[upkeep]
|upkeep
|turn|24
|
|t:|1781356316
|switch|p1a: Cinderace|Cinderace, F|45/100
|move|p2a: Mikasa|Ivy Cudgel|p1a: Cinderace|[anim] Ivy Cudgel Water
|-supereffective|p1a: Cinderace
|-damage|p1a: Cinderace|0 fnt
|faint|p1a: Cinderace
|
|-weather|none
|upkeep
|
|t:|1781356320
|switch|p1a: Omari P Bird|Mandibuzz, F, shiny, tera:Water|100/100
|turn|25
|
|t:|1781356329
|switch|p2a: Armin|Pelipper, M|75/100
|-weather|RainDance|[from] ability: Drizzle|[of] p2a: Armin
|move|p1a: Omari P Bird|Foul Play|p2a: Armin
|-damage|p2a: Armin|59/100
|
|-weather|RainDance|[upkeep]
|upkeep
|turn|26
|
|t:|1781356338
|move|p1a: Omari P Bird|Foul Play|p2a: Armin
|-damage|p2a: Armin|45/100
|move|p2a: Armin|Roost|p2a: Armin
|-heal|p2a: Armin|95/100
|-singleturn|p2a: Armin|move: Roost
|
|-weather|RainDance|[upkeep]
|upkeep
|turn|27
|
|t:|1781356350
|move|p1a: Omari P Bird|Foul Play|p2a: Armin
|-damage|p2a: Armin|81/100
|move|p2a: Armin|U-turn|p1a: Omari P Bird
|-damage|p1a: Omari P Bird|95/100
|-damage|p2a: Armin|64/100|[from] item: Rocky Helmet|[of] p1a: Omari P Bird
|
|t:|1781356357
|switch|p2a: Mikasa|Ogerpon-Wellspring, F|100/100|[from] U-turn
|
|-weather|RainDance|[upkeep]
|upkeep
|turn|28
|
|t:|1781356378
|switch|p2a: Armin|Pelipper, M|64/100
|move|p1a: Omari P Bird|Foul Play|p2a: Armin
|-damage|p2a: Armin|49/100
|
|-weather|RainDance|[upkeep]
|upkeep
|turn|29
|
|t:|1781356386
|move|p1a: Omari P Bird|Toxic|p2a: Armin
|-status|p2a: Armin|tox
|move|p2a: Armin|Roost|p2a: Armin
|-heal|p2a: Armin|99/100 tox
|-singleturn|p2a: Armin|move: Roost
|
|-weather|RainDance|[upkeep]
|-damage|p2a: Armin|93/100 tox|[from] psn
|upkeep
|turn|30
|
|t:|1781356396
|move|p1a: Omari P Bird|Foul Play|p2a: Armin
|-damage|p2a: Armin|79/100 tox
|move|p2a: Armin|U-turn|p1a: Omari P Bird
|-damage|p1a: Omari P Bird|90/100
|-damage|p2a: Armin|62/100 tox|[from] item: Rocky Helmet|[of] p1a: Omari P Bird
|
|t:|1781356402
|switch|p2a: Mikasa|Ogerpon-Wellspring, F|100/100|[from] U-turn
|
|-weather|RainDance|[upkeep]
|upkeep
|turn|31
|
|t:|1781356410
|move|p2a: Mikasa|Power Whip|p1a: Omari P Bird
|-supereffective|p1a: Omari P Bird
|-damage|p1a: Omari P Bird|1/100
|-damage|p2a: Mikasa|84/100|[from] item: Rocky Helmet|[of] p1a: Omari P Bird
|move|p1a: Omari P Bird|Foul Play|p2a: Mikasa
|-damage|p2a: Mikasa|27/100
|
|-weather|RainDance|[upkeep]
|upkeep
|turn|32
|
|t:|1781356419
|move|p2a: Mikasa|Ivy Cudgel|p1a: Omari P Bird|[anim] Ivy Cudgel Water
|-resisted|p1a: Omari P Bird
|-damage|p1a: Omari P Bird|0 fnt
|faint|p1a: Omari P Bird
|
|win|CassiusAuBellossom
|raw|omari p's rating: 1582 &rarr; <strong>1562</strong><br />(-20 for losing)
|raw|CassiusAuBellossom's rating: 1587 &rarr; <strong>1607</strong><br />(+20 for winning)
|c|☆CassiusAuBellossom|Gg
|c|☆omari p|gg
|l|☆omari p
|player|p1|
|l|☆CassiusAuBellossom
|player|p2|
|j|☆CassiusAuBellossom
|player|p2|CassiusAuBellossom|101|
|l|☆CassiusAuBellossom
|player|p2|
