|j|☆KurisuChestnutOU
|j|☆Rj yoip
|t:|1781125347
|gametype|singles
|player|p1|KurisuChestnutOU|may-contest|1567
|player|p2|Rj yoip|caitlin-masters|1669
|gen|9
|tier|[Gen 9] OU
|rated|
|rule|HP Percentage Mod: HP is shown in percentages
|rule|Endless Battle Clause: Forcing endless battles is banned
|rule|Species Clause: Limit one of each Pokémon
|rule|OHKO Clause: OHKO moves are banned
|rule|Evasion Items Clause: Evasion items are banned
|rule|Evasion Moves Clause: Evasion moves are banned
|rule|Evasion Abilities Clause: Evasion abilities are banned
|rule|Sleep Moves Clause: Sleep-inducing moves are banned
|clearpoke
|poke|p1|Gliscor, F|
|poke|p1|Dondozo, M|
|poke|p1|Slowking-Galar, M|
|poke|p1|Gholdengo|
|poke|p1|Great Tusk|
|poke|p1|Kingambit, F|
|poke|p2|Tyranitar, F|
|poke|p2|Hydrapple, M|
|poke|p2|Enamorus, F|
|poke|p2|Garganacl, F|
|poke|p2|Excadrill, F|
|poke|p2|Alomomola, F|
|teampreview
|inactive|Battle timer is ON: inactive players will automatically lose when time's up. (requested by KurisuChestnutOU)
|
|t:|1781125357
|teamsize|p1|6
|teamsize|p2|6
|start
|switch|p1a: Gholdengo|Gholdengo|100/100
|switch|p2a: Garganacl|Garganacl, F|100/100
|-item|p1a: Gholdengo|Air Balloon
|turn|1
|
|t:|1781125360
|-terastallize|p2a: Garganacl|Electric
|move|p1a: Gholdengo|Make It Rain|p2a: Garganacl
|-resisted|p2a: Garganacl
|-damage|p2a: Garganacl|80/100
|-unboost|p1a: Gholdengo|spa|1
|move|p2a: Garganacl|Salt Cure|p1a: Gholdengo
|-resisted|p1a: Gholdengo
|-damage|p1a: Gholdengo|93/100
|-start|p1a: Gholdengo|Salt Cure
|-enditem|p1a: Gholdengo|Air Balloon
|
|-heal|p2a: Garganacl|87/100|[from] item: Leftovers
|-damage|p1a: Gholdengo|68/100|[from] Salt Cure
|upkeep
|turn|2
|
|t:|1781125364
|switch|p1a: Gliscor|Gliscor, F|100/100
|move|p2a: Garganacl|Salt Cure|p1a: Gliscor
|-damage|p1a: Gliscor|92/100
|-start|p1a: Gliscor|Salt Cure
|
|-heal|p2a: Garganacl|93/100|[from] item: Leftovers
|-damage|p1a: Gliscor|79/100|[from] Salt Cure
|-status|p1a: Gliscor|tox|[from] item: Toxic Orb
|upkeep
|turn|3
|
|t:|1781125371
|switch|p2a: Hydrapple|Hydrapple, M|100/100
|move|p1a: Gliscor|Spikes|p2a: Hydrapple
|-sidestart|p2: Rj yoip|Spikes
|
|-heal|p1a: Gliscor|92/100 tox|[from] ability: Poison Heal
|-damage|p1a: Gliscor|79/100 tox|[from] Salt Cure
|upkeep
|turn|4
|
|t:|1781125392
|switch|p1a: Slowking|Slowking-Galar, M|100/100
|switch|p2a: Tyranitar|Tyranitar, F|100/100
|-damage|p2a: Tyranitar|88/100|[from] Spikes
|-weather|Sandstorm|[from] ability: Sand Stream|[of] p2a: Tyranitar
|
|-weather|Sandstorm|[upkeep]
|-damage|p1a: Slowking|94/100|[from] Sandstorm
|upkeep
|turn|5
|
|t:|1781125399
|switch|p1a: Kingambit|Kingambit, F|100/100
|move|p2a: Tyranitar|Knock Off|p1a: Kingambit
|-resisted|p1a: Kingambit
|-damage|p1a: Kingambit|67/100
|-enditem|p1a: Kingambit|Leftovers|[from] move: Knock Off|[of] p2a: Tyranitar
|
|-weather|Sandstorm|[upkeep]
|upkeep
|turn|6
|
|t:|1781125407
|switch|p2a: Hydrapple|Hydrapple, M|100/100
|-damage|p2a: Hydrapple|88/100|[from] Spikes
|move|p1a: Kingambit|Swords Dance|p1a: Kingambit
|-boost|p1a: Kingambit|atk|2
|
|-weather|Sandstorm|[upkeep]
|-damage|p2a: Hydrapple|82/100|[from] Sandstorm
|upkeep
|turn|7
|
|t:|1781125411
|move|p1a: Kingambit|Iron Head|p2a: Hydrapple
|-damage|p2a: Hydrapple|29/100
|-damage|p1a: Kingambit|50/100|[from] item: Rocky Helmet|[of] p2a: Hydrapple
|cant|p2a: Hydrapple|flinch
|
|-weather|Sandstorm|[upkeep]
|-damage|p2a: Hydrapple|23/100|[from] Sandstorm
|upkeep
|turn|8
|
|t:|1781125417
|switch|p2a: Alomomola|Alomomola, F|100/100
|-damage|p2a: Alomomola|88/100|[from] Spikes
|move|p1a: Kingambit|Iron Head|p2a: Alomomola
|-resisted|p2a: Alomomola
|-damage|p2a: Alomomola|58/100
|
|-weather|none
|upkeep
|turn|9
|
|t:|1781125424
|move|p1a: Kingambit|Swords Dance|p1a: Kingambit
|-boost|p1a: Kingambit|atk|2
|move|p2a: Alomomola|Flip Turn|p1a: Kingambit
|-damage|p1a: Kingambit|36/100
|
|t:|1781125427
|switch|p2a: Excadrill|Excadrill, F|100/100|[from] Flip Turn
|-damage|p2a: Excadrill|88/100|[from] Spikes
|
|-heal|p2a: Excadrill|94/100|[from] item: Leftovers
|upkeep
|turn|10
|
|t:|1781125430
|move|p1a: Kingambit|Sucker Punch||[still]
|-fail|p1a: Kingambit
|move|p2a: Excadrill|Substitute|p2a: Excadrill
|-start|p2a: Excadrill|Substitute
|-damage|p2a: Excadrill|69/100
|
|-heal|p2a: Excadrill|75/100|[from] item: Leftovers
|upkeep
|turn|11
|
|t:|1781125434
|move|p1a: Kingambit|Sucker Punch|p2a: Excadrill
|-end|p2a: Excadrill|Substitute
|move|p2a: Excadrill|Earthquake|p1a: Kingambit
|-supereffective|p1a: Kingambit
|-damage|p1a: Kingambit|0 fnt
|faint|p1a: Kingambit
|-end|p1a: Kingambit|fallenundefined|[silent]
|
|-heal|p2a: Excadrill|81/100|[from] item: Leftovers
|upkeep
|
|t:|1781125438
|switch|p1a: Gliscor|Gliscor, F|79/100 tox
|turn|12
|
|t:|1781125454
|switch|p2a: Hydrapple|Hydrapple, M|56/100
|-damage|p2a: Hydrapple|44/100|[from] Spikes
|move|p1a: Gliscor|Knock Off|p2a: Hydrapple
|-damage|p2a: Hydrapple|33/100
|-damage|p1a: Gliscor|63/100 tox|[from] item: Rocky Helmet|[of] p2a: Hydrapple
|-enditem|p2a: Hydrapple|Rocky Helmet|[from] move: Knock Off|[of] p1a: Gliscor
|
|-heal|p1a: Gliscor|75/100 tox|[from] ability: Poison Heal
|upkeep
|turn|13
|
|t:|1781125458
|move|p1a: Gliscor|Spikes|p2a: Hydrapple
|-sidestart|p2: Rj yoip|Spikes
|move|p2a: Hydrapple|Nasty Plot|p2a: Hydrapple
|-boost|p2a: Hydrapple|spa|2
|
|-heal|p1a: Gliscor|88/100 tox|[from] ability: Poison Heal
|upkeep
|turn|14
|
|t:|1781125464
|switch|p1a: Slowking|Slowking-Galar, M|100/100
|move|p2a: Hydrapple|Giga Drain|p1a: Slowking
|-resisted|p1a: Slowking
|-damage|p1a: Slowking|88/100
|-heal|p2a: Hydrapple|38/100|[from] drain|[of] p1a: Slowking
|
|upkeep
|turn|15
|
|t:|1781125484
|move|p2a: Hydrapple|Earth Power|p1a: Slowking
|-supereffective|p1a: Slowking
|-damage|p1a: Slowking|52/100
|move|p1a: Slowking|Flamethrower|p2a: Hydrapple
|-damage|p2a: Hydrapple|17/100
|
|upkeep
|turn|16
|
|t:|1781125487
|switch|p2a: Tyranitar|Tyranitar, F|88/100
|-damage|p2a: Tyranitar|72/100|[from] Spikes
|-weather|Sandstorm|[from] ability: Sand Stream|[of] p2a: Tyranitar
|move|p1a: Slowking|Flamethrower|p2a: Tyranitar
|-resisted|p2a: Tyranitar
|-damage|p2a: Tyranitar|64/100
|
|-weather|Sandstorm|[upkeep]
|-damage|p1a: Slowking|46/100|[from] Sandstorm
|upkeep
|turn|17
|
|t:|1781125495
|switch|p1a: Great Tusk|Great Tusk|100/100
|move|p2a: Tyranitar|Knock Off|p1a: Great Tusk
|-resisted|p1a: Great Tusk
|-crit|p1a: Great Tusk
|-damage|p1a: Great Tusk|51/100
|-enditem|p1a: Great Tusk|Heavy-Duty Boots|[from] move: Knock Off|[of] p2a: Tyranitar
|
|-weather|Sandstorm|[upkeep]
|upkeep
|turn|18
|
|t:|1781125517
|switch|p2a: Hydrapple|Hydrapple, M|50/100
|-damage|p2a: Hydrapple|34/100|[from] Spikes
|move|p1a: Great Tusk|Headlong Rush|p2a: Hydrapple
|-resisted|p2a: Hydrapple
|-damage|p2a: Hydrapple|16/100
|-unboost|p1a: Great Tusk|def|1
|-unboost|p1a: Great Tusk|spd|1
|
|-weather|Sandstorm|[upkeep]
|-damage|p2a: Hydrapple|10/100|[from] Sandstorm
|upkeep
|turn|19
|
|t:|1781125521
|move|p1a: Great Tusk|Ice Spinner|p2a: Hydrapple
|-supereffective|p2a: Hydrapple
|-damage|p2a: Hydrapple|0 fnt
|faint|p2a: Hydrapple
|
|-weather|Sandstorm|[upkeep]
|upkeep
|
|t:|1781125523
|switch|p2a: Excadrill|Excadrill, F|81/100
|-damage|p2a: Excadrill|65/100|[from] Spikes
|turn|20
|
|t:|1781125528
|-end|p1a: Great Tusk|Protosynthesis|[silent]
|switch|p1a: Gliscor|Gliscor, F|88/100 tox
|move|p2a: Excadrill|Substitute|p2a: Excadrill
|-start|p2a: Excadrill|Substitute
|-damage|p2a: Excadrill|40/100
|
|-weather|none
|-heal|p2a: Excadrill|46/100|[from] item: Leftovers
|-heal|p1a: Gliscor|100/100 tox|[from] ability: Poison Heal
|upkeep
|turn|21
|
|t:|1781125533
|move|p2a: Excadrill|Rapid Spin|p1a: Gliscor
|-damage|p1a: Gliscor|90/100 tox
|-boost|p2a: Excadrill|spe|1
|-sideend|p2: Rj yoip|Spikes|[from] move: Rapid Spin|[of] p2a: Excadrill
|move|p1a: Gliscor|Knock Off|p2a: Excadrill
|-end|p2a: Excadrill|Substitute
|
|-heal|p2a: Excadrill|52/100|[from] item: Leftovers
|-heal|p1a: Gliscor|100/100 tox|[from] ability: Poison Heal
|upkeep
|turn|22
|
|t:|1781125557
|switch|p2a: Alomomola|Alomomola, F|92/100
|move|p1a: Gliscor|Knock Off|p2a: Alomomola
|-damage|p2a: Alomomola|77/100
|-enditem|p2a: Alomomola|Assault Vest|[from] move: Knock Off|[of] p1a: Gliscor
|
|upkeep
|turn|23
|
|t:|1781125563
|move|p1a: Gliscor|Spikes|p2a: Alomomola
|-sidestart|p2: Rj yoip|Spikes
|move|p2a: Alomomola|Flip Turn|p1a: Gliscor
|-supereffective|p1a: Gliscor
|-damage|p1a: Gliscor|82/100 tox
|
|t:|1781125565
|switch|p2a: Enamorus|Enamorus, F|100/100|[from] Flip Turn
|
|-heal|p1a: Gliscor|94/100 tox|[from] ability: Poison Heal
|upkeep
|turn|24
|
|t:|1781125572
|move|p1a: Gliscor|Protect|p1a: Gliscor
|-singleturn|p1a: Gliscor|Protect
|move|p2a: Enamorus|Moonblast|p1a: Gliscor
|-activate|p1a: Gliscor|move: Protect
|
|-heal|p1a: Gliscor|100/100 tox|[from] ability: Poison Heal
|upkeep
|turn|25
|
|t:|1781125575
|switch|p2a: Tyranitar|Tyranitar, F|64/100
|-damage|p2a: Tyranitar|52/100|[from] Spikes
|-weather|Sandstorm|[from] ability: Sand Stream|[of] p2a: Tyranitar
|switch|p1a: Slowking|Slowking-Galar, M|79/100
|
|-weather|Sandstorm|[upkeep]
|-damage|p1a: Slowking|73/100|[from] Sandstorm
|upkeep
|turn|26
|
|t:|1781125582
|switch|p1a: Great Tusk|Great Tusk|51/100
|move|p2a: Tyranitar|Ice Punch|p1a: Great Tusk
|-supereffective|p1a: Great Tusk
|-damage|p1a: Great Tusk|0 fnt
|faint|p1a: Great Tusk
|-end|p1a: Great Tusk|Protosynthesis|[silent]
|
|-weather|Sandstorm|[upkeep]
|upkeep
|
|t:|1781125587
|switch|p1a: Gliscor|Gliscor, F|100/100 tox
|turn|27
|
|t:|1781125591
|switch|p2a: Alomomola|Alomomola, F|100/100
|-damage|p2a: Alomomola|88/100|[from] Spikes
|move|p1a: Gliscor|Earthquake|p2a: Alomomola
|-damage|p2a: Alomomola|68/100
|
|-weather|Sandstorm|[upkeep]
|-damage|p2a: Alomomola|62/100|[from] Sandstorm
|upkeep
|turn|28
|
|t:|1781125595
|move|p1a: Gliscor|Spikes|p2a: Alomomola
|-sidestart|p2: Rj yoip|Spikes
|move|p2a: Alomomola|Scald|p1a: Gliscor
|-supereffective|p1a: Gliscor
|-damage|p1a: Gliscor|66/100 tox
|
|-weather|Sandstorm|[upkeep]
|-damage|p2a: Alomomola|56/100|[from] Sandstorm
|-heal|p1a: Gliscor|79/100 tox|[from] ability: Poison Heal
|upkeep
|turn|29
|
|t:|1781125599
|move|p1a: Gliscor|Spikes|p2a: Alomomola
|-sidestart|p2: Rj yoip|Spikes
|move|p2a: Alomomola|Scald|p1a: Gliscor
|-supereffective|p1a: Gliscor
|-damage|p1a: Gliscor|46/100 tox
|
|-weather|none
|-heal|p1a: Gliscor|58/100 tox|[from] ability: Poison Heal
|upkeep
|turn|30
|
|t:|1781125602
|move|p1a: Gliscor|Protect|p1a: Gliscor
|-singleturn|p1a: Gliscor|Protect
|move|p2a: Alomomola|Flip Turn|p1a: Gliscor
|-activate|p1a: Gliscor|move: Protect
|
|-heal|p1a: Gliscor|71/100 tox|[from] ability: Poison Heal
|upkeep
|turn|31
|
|t:|1781125609
|move|p1a: Gliscor|Earthquake|p2a: Alomomola
|-damage|p2a: Alomomola|35/100
|move|p2a: Alomomola|Flip Turn|p1a: Gliscor
|-supereffective|p1a: Gliscor
|-damage|p1a: Gliscor|52/100 tox
|
|t:|1781125619
|switch|p2a: Garganacl|Garganacl, F, tera:Electric|93/100|[from] Flip Turn
|-damage|p2a: Garganacl|68/100|[from] Spikes
|
|-heal|p2a: Garganacl|74/100|[from] item: Leftovers
|-heal|p1a: Gliscor|64/100 tox|[from] ability: Poison Heal
|upkeep
|turn|32
|
|t:|1781125622
|move|p1a: Gliscor|Earthquake|p2a: Garganacl
|-supereffective|p2a: Garganacl
|-damage|p2a: Garganacl|34/100
|move|p2a: Garganacl|Salt Cure|p1a: Gliscor
|-damage|p1a: Gliscor|56/100 tox
|-start|p1a: Gliscor|Salt Cure
|
|-heal|p2a: Garganacl|40/100|[from] item: Leftovers
|-heal|p1a: Gliscor|69/100 tox|[from] ability: Poison Heal
|-damage|p1a: Gliscor|56/100 tox|[from] Salt Cure
|upkeep
|turn|33
|
|t:|1781125629
|move|p2a: Garganacl|Protect|p2a: Garganacl
|-singleturn|p2a: Garganacl|Protect
|move|p1a: Gliscor|Earthquake|p2a: Garganacl
|-activate|p2a: Garganacl|move: Protect
|
|-heal|p2a: Garganacl|46/100|[from] item: Leftovers
|-heal|p1a: Gliscor|69/100 tox|[from] ability: Poison Heal
|-damage|p1a: Gliscor|56/100 tox|[from] Salt Cure
|upkeep
|turn|34
|
|t:|1781125633
|move|p1a: Gliscor|Earthquake|p2a: Garganacl
|-supereffective|p2a: Garganacl
|-damage|p2a: Garganacl|6/100
|move|p2a: Garganacl|Recover|p2a: Garganacl
|-heal|p2a: Garganacl|56/100
|
|-heal|p2a: Garganacl|63/100|[from] item: Leftovers
|-heal|p1a: Gliscor|69/100 tox|[from] ability: Poison Heal
|-damage|p1a: Gliscor|56/100 tox|[from] Salt Cure
|upkeep
|turn|35
|
|t:|1781125643
|move|p2a: Garganacl|Protect|p2a: Garganacl
|-singleturn|p2a: Garganacl|Protect
|move|p1a: Gliscor|Earthquake|p2a: Garganacl
|-activate|p2a: Garganacl|move: Protect
|
|-heal|p2a: Garganacl|69/100|[from] item: Leftovers
|-heal|p1a: Gliscor|69/100 tox|[from] ability: Poison Heal
|-damage|p1a: Gliscor|56/100 tox|[from] Salt Cure
|upkeep
|turn|36
|
|t:|1781125646
|move|p1a: Gliscor|Earthquake|p2a: Garganacl
|-supereffective|p2a: Garganacl
|-damage|p2a: Garganacl|25/100
|move|p2a: Garganacl|Recover|p2a: Garganacl
|-heal|p2a: Garganacl|75/100
|
|-heal|p2a: Garganacl|81/100|[from] item: Leftovers
|-heal|p1a: Gliscor|69/100 tox|[from] ability: Poison Heal
|-damage|p1a: Gliscor|56/100 tox|[from] Salt Cure
|upkeep
|turn|37
|
|t:|1781125652
|move|p2a: Garganacl|Protect|p2a: Garganacl
|-singleturn|p2a: Garganacl|Protect
|move|p1a: Gliscor|Knock Off|p2a: Garganacl
|-activate|p2a: Garganacl|move: Protect
|
|-heal|p2a: Garganacl|88/100|[from] item: Leftovers
|-heal|p1a: Gliscor|69/100 tox|[from] ability: Poison Heal
|-damage|p1a: Gliscor|56/100 tox|[from] Salt Cure
|upkeep
|turn|38
|
|t:|1781125679
|move|p1a: Gliscor|Knock Off|p2a: Garganacl
|-damage|p2a: Garganacl|74/100
|-enditem|p2a: Garganacl|Leftovers|[from] move: Knock Off|[of] p1a: Gliscor
|move|p2a: Garganacl|Stealth Rock|p1a: Gliscor
|-sidestart|p1: KurisuChestnutOU|move: Stealth Rock
|
|-heal|p1a: Gliscor|69/100 tox|[from] ability: Poison Heal
|-damage|p1a: Gliscor|56/100 tox|[from] Salt Cure
|upkeep
|turn|39
|j| blackgokuking
|
|t:|1781125686
|move|p1a: Gliscor|Earthquake|p2a: Garganacl
|-supereffective|p2a: Garganacl
|-damage|p2a: Garganacl|34/100
|move|p2a: Garganacl|Recover|p2a: Garganacl
|-heal|p2a: Garganacl|84/100
|
|-heal|p1a: Gliscor|69/100 tox|[from] ability: Poison Heal
|-damage|p1a: Gliscor|56/100 tox|[from] Salt Cure
|upkeep
|turn|40
|
|t:|1781125692
|move|p1a: Gliscor|Earthquake|p2a: Garganacl
|-supereffective|p2a: Garganacl
|-damage|p2a: Garganacl|39/100
|move|p2a: Garganacl|Salt Cure|p1a: Gliscor
|-damage|p1a: Gliscor|48/100 tox
|
|-heal|p1a: Gliscor|60/100 tox|[from] ability: Poison Heal
|-damage|p1a: Gliscor|48/100 tox|[from] Salt Cure
|upkeep
|turn|41
|
|t:|1781125701
|move|p2a: Garganacl|Protect|p2a: Garganacl
|-singleturn|p2a: Garganacl|Protect
|move|p1a: Gliscor|Earthquake|p2a: Garganacl
|-activate|p2a: Garganacl|move: Protect
|
|-heal|p1a: Gliscor|60/100 tox|[from] ability: Poison Heal
|-damage|p1a: Gliscor|48/100 tox|[from] Salt Cure
|upkeep
|turn|42
|
|t:|1781125705
|move|p1a: Gliscor|Earthquake|p2a: Garganacl
|-supereffective|p2a: Garganacl
|-damage|p2a: Garganacl|0 fnt
|faint|p2a: Garganacl
|
|-heal|p1a: Gliscor|60/100 tox|[from] ability: Poison Heal
|-damage|p1a: Gliscor|48/100 tox|[from] Salt Cure
|upkeep
|
|t:|1781125709
|switch|p2a: Excadrill|Excadrill, F|52/100
|-damage|p2a: Excadrill|27/100|[from] Spikes
|turn|43
|
|t:|1781125712
|switch|p1a: Gholdengo|Gholdengo|68/100
|-damage|p1a: Gholdengo|62/100|[from] Stealth Rock
|move|p2a: Excadrill|Rapid Spin|p1a: Gholdengo
|-immune|p1a: Gholdengo
|
|-heal|p2a: Excadrill|33/100|[from] item: Leftovers
|upkeep
|turn|44
|
|t:|1781125716
|move|p2a: Excadrill|Earthquake|p1a: Gholdengo
|-supereffective|p1a: Gholdengo
|-damage|p1a: Gholdengo|0 fnt
|faint|p1a: Gholdengo
|
|-heal|p2a: Excadrill|39/100|[from] item: Leftovers
|upkeep
|
|t:|1781125723
|switch|p1a: Gliscor|Gliscor, F|48/100 tox
|-damage|p1a: Gliscor|35/100 tox|[from] Stealth Rock
|turn|45
|
|t:|1781125727
|move|p2a: Excadrill|Rapid Spin|p1a: Gliscor
|-damage|p1a: Gliscor|25/100 tox
|-boost|p2a: Excadrill|spe|1
|-sideend|p2: Rj yoip|Spikes|[from] move: Rapid Spin|[of] p2a: Excadrill
|move|p1a: Gliscor|Knock Off|p2a: Excadrill
|-damage|p2a: Excadrill|9/100
|-enditem|p2a: Excadrill|Leftovers|[from] move: Knock Off|[of] p1a: Gliscor
|
|-heal|p1a: Gliscor|37/100 tox|[from] ability: Poison Heal
|upkeep
|turn|46
|
|t:|1781125731
|move|p2a: Excadrill|Rock Slide|p1a: Gliscor
|-damage|p1a: Gliscor|21/100 tox
|cant|p1a: Gliscor|flinch
|
|-heal|p1a: Gliscor|34/100 tox|[from] ability: Poison Heal
|upkeep
|turn|47
|
|t:|1781125737
|switch|p2a: Enamorus|Enamorus, F|100/100
|move|p1a: Gliscor|Spikes|p2a: Enamorus
|-sidestart|p2: Rj yoip|Spikes
|
|-heal|p1a: Gliscor|46/100 tox|[from] ability: Poison Heal
|upkeep
|turn|48
|
|t:|1781125742
|move|p1a: Gliscor|Protect|p1a: Gliscor
|-singleturn|p1a: Gliscor|Protect
|move|p2a: Enamorus|Moonblast|p1a: Gliscor
|-activate|p1a: Gliscor|move: Protect
|
|-heal|p1a: Gliscor|59/100 tox|[from] ability: Poison Heal
|upkeep
|turn|49
|
|t:|1781125746
|switch|p1a: Slowking|Slowking-Galar, M|100/100
|-damage|p1a: Slowking|88/100|[from] Stealth Rock
|move|p2a: Enamorus|Moonblast|p1a: Slowking
|-resisted|p1a: Slowking
|-damage|p1a: Slowking|78/100
|-unboost|p1a: Slowking|spa|1
|
|upkeep
|turn|50
|
|t:|1781125750
|switch|p2a: Excadrill|Excadrill, F|9/100
|-damage|p2a: Excadrill|0 fnt|[from] Spikes
|faint|p2a: Excadrill
|move|p1a: Slowking|Sludge Bomb|p2: Excadrill|[notarget]
|-fail|p1a: Slowking
|
|upkeep
|
|t:|1781125752
|switch|p2a: Tyranitar|Tyranitar, F|52/100
|-damage|p2a: Tyranitar|39/100|[from] Spikes
|-weather|Sandstorm|[from] ability: Sand Stream|[of] p2a: Tyranitar
|turn|51
|
|t:|1781125756
|switch|p1a: Dondozo|Dondozo, M|100/100
|-damage|p1a: Dondozo|88/100|[from] Stealth Rock
|move|p2a: Tyranitar|Knock Off|p1a: Dondozo
|-damage|p1a: Dondozo|48/100
|-enditem|p1a: Dondozo|Leftovers|[from] move: Knock Off|[of] p2a: Tyranitar
|
|-weather|Sandstorm|[upkeep]
|-damage|p1a: Dondozo|41/100|[from] Sandstorm
|upkeep
|turn|52
|
|t:|1781125760
|switch|p2a: Alomomola|Alomomola, F|68/100
|-damage|p2a: Alomomola|55/100|[from] Spikes
|move|p1a: Dondozo|Wave Crash|p2a: Alomomola
|-resisted|p2a: Alomomola
|-damage|p2a: Alomomola|42/100
|-damage|p1a: Dondozo|37/100|[from] Recoil
|
|-weather|Sandstorm|[upkeep]
|-damage|p2a: Alomomola|36/100|[from] Sandstorm
|-damage|p1a: Dondozo|31/100|[from] Sandstorm
|upkeep
|turn|53
|
|t:|1781125764
|move|p2a: Alomomola|Flip Turn|p1a: Dondozo
|-resisted|p1a: Dondozo
|-damage|p1a: Dondozo|27/100
|
|t:|1781125765
|switch|p2a: Enamorus|Enamorus, F|100/100|[from] Flip Turn
|move|p1a: Dondozo|Wave Crash|p2a: Enamorus
|-damage|p2a: Enamorus|31/100
|-damage|p1a: Dondozo|14/100|[from] Recoil
|
|-weather|Sandstorm|[upkeep]
|-damage|p2a: Enamorus|25/100|[from] Sandstorm
|-damage|p1a: Dondozo|8/100|[from] Sandstorm
|upkeep
|turn|54
|
|t:|1781125772
|switch|p1a: Slowking|Slowking-Galar, M|100/100
|-damage|p1a: Slowking|88/100|[from] Stealth Rock
|move|p2a: Enamorus|Healing Wish|p2a: Enamorus
|faint|p2a: Enamorus
|
|-weather|Sandstorm|[upkeep]
|-damage|p1a: Slowking|82/100|[from] Sandstorm
|upkeep
|
|t:|1781125774
|switch|p2a: Tyranitar|Tyranitar, F|39/100
|-heal|p2a: Tyranitar|100/100|[from] move: Healing Wish
|-damage|p2a: Tyranitar|88/100|[from] Spikes
|turn|55
|
|t:|1781125781
|switch|p1a: Dondozo|Dondozo, M|8/100
|-damage|p1a: Dondozo|0 fnt|[from] Stealth Rock
|faint|p1a: Dondozo
|move|p2a: Tyranitar|Knock Off|p1: Dondozo|[notarget]
|-fail|p2a: Tyranitar
|
|-weather|none
|upkeep
|
|t:|1781125784
|switch|p1a: Gliscor|Gliscor, F|59/100 tox
|-damage|p1a: Gliscor|46/100 tox|[from] Stealth Rock
|turn|56
|
|t:|1781125789
|switch|p2a: Alomomola|Alomomola, F|69/100
|-damage|p2a: Alomomola|57/100|[from] Spikes
|move|p1a: Gliscor|Protect||[still]
|-fail|p1a: Gliscor
|
|-heal|p1a: Gliscor|59/100 tox|[from] ability: Poison Heal
|upkeep
|turn|57
|
|t:|1781125795
|-terastallize|p1a: Gliscor|Water
|move|p1a: Gliscor|Spikes|p2a: Alomomola
|-sidestart|p2: Rj yoip|Spikes
|move|p2a: Alomomola|Flip Turn|p1a: Gliscor
|-resisted|p1a: Gliscor
|-damage|p1a: Gliscor|54/100 tox
|
|t:|1781125798
|switch|p2a: Tyranitar|Tyranitar, F|88/100|[from] Flip Turn
|-damage|p2a: Tyranitar|72/100|[from] Spikes
|-weather|Sandstorm|[from] ability: Sand Stream|[of] p2a: Tyranitar
|
|-weather|Sandstorm|[upkeep]
|-damage|p1a: Gliscor|48/100 tox|[from] Sandstorm
|-heal|p1a: Gliscor|60/100 tox|[from] ability: Poison Heal
|upkeep
|turn|58
|
|t:|1781125802
|move|p1a: Gliscor|Earthquake|p2a: Tyranitar
|-supereffective|p2a: Tyranitar
|-damage|p2a: Tyranitar|8/100
|move|p2a: Tyranitar|Stone Edge|p1a: Gliscor
|-damage|p1a: Gliscor|8/100 tox
|
|-weather|Sandstorm|[upkeep]
|-damage|p1a: Gliscor|2/100 tox|[from] Sandstorm
|-heal|p1a: Gliscor|14/100 tox|[from] ability: Poison Heal
|upkeep
|turn|59
|
|t:|1781125807
|move|p1a: Gliscor|Earthquake|p2a: Tyranitar
|-supereffective|p2a: Tyranitar
|-crit|p2a: Tyranitar
|-damage|p2a: Tyranitar|0 fnt
|faint|p2a: Tyranitar
|
|-weather|Sandstorm|[upkeep]
|-damage|p1a: Gliscor|8/100 tox|[from] Sandstorm
|-heal|p1a: Gliscor|20/100 tox|[from] ability: Poison Heal
|upkeep
|
|t:|1781125809
|switch|p2a: Alomomola|Alomomola, F|90/100
|-damage|p2a: Alomomola|73/100|[from] Spikes
|turn|60
|
|t:|1781125815
|move|p1a: Gliscor|Earthquake|p2a: Alomomola
|-damage|p2a: Alomomola|51/100
|move|p2a: Alomomola|Body Slam|p1a: Gliscor
|-damage|p1a: Gliscor|11/100 tox
|
|-weather|Sandstorm|[upkeep]
|-damage|p1a: Gliscor|4/100 tox|[from] Sandstorm
|-damage|p2a: Alomomola|45/100|[from] Sandstorm
|-heal|p1a: Gliscor|17/100 tox|[from] ability: Poison Heal
|upkeep
|turn|61
|
|t:|1781125821
|move|p1a: Gliscor|Earthquake|p2a: Alomomola
|-damage|p2a: Alomomola|24/100
|move|p2a: Alomomola|Body Slam|p1a: Gliscor
|-damage|p1a: Gliscor|8/100 tox
|
|-weather|none
|-heal|p1a: Gliscor|20/100 tox|[from] ability: Poison Heal
|upkeep
|turn|62
|
|t:|1781125824
|move|p1a: Gliscor|Earthquake|p2a: Alomomola
|-damage|p2a: Alomomola|4/100
|move|p2a: Alomomola|Body Slam|p1a: Gliscor
|-damage|p1a: Gliscor|11/100 tox
|
|-heal|p1a: Gliscor|24/100 tox|[from] ability: Poison Heal
|upkeep
|turn|63
|
|t:|1781125829
|move|p1a: Gliscor|Knock Off|p2a: Alomomola
|-damage|p2a: Alomomola|0 fnt
|faint|p2a: Alomomola
|
|win|KurisuChestnutOU
|raw|KurisuChestnutOU's rating: 1608 &rarr; <strong>1630</strong><br />(+22 for winning)
|raw|Rj yoip's rating: 1647 &rarr; <strong>1625</strong><br />(-22 for losing)
