|j|☆kefka ffxiv
|j|☆rizz of reko
|t:|1781345206
|gametype|singles
|player|p1|kefka ffxiv|roxie|1581
|player|p2|rizz of reko|cheren-gen5bw2|1517
|gen|9
|tier|[Gen 9] OU
|rated|
|rule|HP Percentage Mod: HP is shown in percentages
|rule|Endless Battle Clause: Forcing endless battles is banned
|rule|Species Clause: Limit one of each Pokémon
|rule|OHKO Clause: OHKO moves are banned
|rule|Evasion Items Clause: Evasion items are banned
|rule|Evasion Moves Clause: Evasion moves are banned
|rule|Evasion Abilities Clause: Evasion abilities are banned
|rule|Sleep Moves Clause: Sleep-inducing moves are banned
|clearpoke
|poke|p1|Kyurem|
|poke|p1|Cinderace, F|
|poke|p1|Tornadus-Therian, M|
|poke|p1|Hatterene, F|
|poke|p1|Great Tusk|
|poke|p1|Kingambit, F|
|poke|p2|Great Tusk|
|poke|p2|Dragonite, M|
|poke|p2|Raging Bolt|
|poke|p2|Iron Valiant|
|poke|p2|Deoxys-Speed|
|poke|p2|Ogerpon-Wellspring, F|
|teampreview
|
|t:|1781345226
|teamsize|p1|6
|teamsize|p2|6
|start
|switch|p1a: Tornadus|Tornadus-Therian, M|100/100
|switch|p2a: Deoxys|Deoxys-Speed, shiny|100/100
|-ability|p2a: Deoxys|Pressure
|turn|1
|
|t:|1781345244
|switch|p1a: Hatterene|Hatterene, F|100/100
|move|p2a: Deoxys|Nasty Plot|p2a: Deoxys
|-boost|p2a: Deoxys|spa|2
|
|upkeep
|turn|2
|
|t:|1781345265
|move|p2a: Deoxys|Shadow Ball|p1a: Hatterene
|-supereffective|p1a: Hatterene
|-damage|p1a: Hatterene|0 fnt
|faint|p1a: Hatterene
|
|upkeep
|
|t:|1781345268
|switch|p1a: Tornadus|Tornadus-Therian, M|100/100
|turn|3
|
|t:|1781345276
|switch|p1a: Kingambit|Kingambit, F|100/100
|-activate|p1a: Kingambit|ability: Supreme Overlord
|-start|p1a: Kingambit|fallen1|[silent]
|move|p2a: Deoxys|Psycho Boost|p1a: Kingambit
|-immune|p1a: Kingambit
|
|upkeep
|turn|4
|
|t:|1781345292
|-terastallize|p2a: Deoxys|Fighting
|move|p2a: Deoxys|Superpower|p1a: Kingambit
|-supereffective|p1a: Kingambit
|-damage|p1a: Kingambit|0 fnt
|-unboost|p2a: Deoxys|atk|1
|-unboost|p2a: Deoxys|def|1
|faint|p1a: Kingambit
|-end|p1a: Kingambit|fallen1|[silent]
|
|upkeep
|
|t:|1781345299
|switch|p1a: Kyurem|Kyurem|100/100
|-ability|p1a: Kyurem|Pressure
|turn|5
|
|t:|1781345307
|switch|p1a: Tornadus|Tornadus-Therian, M|100/100
|move|p2a: Deoxys|Psycho Boost|p1a: Tornadus
|-damage|p1a: Tornadus|22/100
|-unboost|p2a: Deoxys|spa|2
|
|upkeep
|turn|6
|
|t:|1781345322
|switch|p1a: Kyurem|Kyurem|100/100
|-ability|p1a: Kyurem|Pressure
|move|p2a: Deoxys|Shadow Ball|p1a: Kyurem
|-crit|p1a: Kyurem
|-damage|p1a: Kyurem|65/100
|-unboost|p1a: Kyurem|spd|1
|
|upkeep
|turn|7
|
|t:|1781345329
|switch|p1a: Tornadus|Tornadus-Therian, M|55/100
|move|p2a: Deoxys|Shadow Ball|p1a: Tornadus
|-damage|p1a: Tornadus|38/100
|
|upkeep
|turn|8
|
|t:|1781345337
|move|p2a: Deoxys|Nasty Plot|p2a: Deoxys
|-boost|p2a: Deoxys|spa|2
|move|p1a: Tornadus|Bleakwind Storm|p2a: Deoxys
|-supereffective|p2a: Deoxys
|-enditem|p2a: Deoxys|Focus Sash
|-damage|p2a: Deoxys|1/100
|-unboost|p2a: Deoxys|spe|1
|
|upkeep
|turn|9
|
|t:|1781345347
|move|p1a: Tornadus|Knock Off|p2a: Deoxys
|-resisted|p2a: Deoxys
|-damage|p2a: Deoxys|0 fnt
|faint|p2a: Deoxys
|
|upkeep
|
|t:|1781345368
|switch|p2a: Raging Bolt|Raging Bolt|100/100
|-enditem|p2a: Raging Bolt|Booster Energy
|-activate|p2a: Raging Bolt|ability: Protosynthesis|[fromitem]
|-start|p2a: Raging Bolt|protosynthesisspa
|turn|10
|
|t:|1781345373
|switch|p1a: Great Tusk|Great Tusk|100/100
|move|p2a: Raging Bolt|Dragon Pulse|p1a: Great Tusk
|-damage|p1a: Great Tusk|20/100
|
|upkeep
|turn|11
|
|t:|1781345381
|-end|p2a: Raging Bolt|Protosynthesis|[silent]
|switch|p2a: Dragonite|Dragonite, M, shiny|100/100
|move|p1a: Great Tusk|Ice Spinner|p2a: Dragonite
|-supereffective|p2a: Dragonite
|-damage|p2a: Dragonite|54/100
|
|-heal|p2a: Dragonite|60/100|[from] item: Leftovers
|upkeep
|turn|12
|
|t:|1781345389
|-end|p1a: Great Tusk|Protosynthesis|[silent]
|switch|p1a: Cinderace|Cinderace, F|100/100
|move|p2a: Dragonite|Extreme Speed|p1a: Cinderace
|-damage|p1a: Cinderace|55/100
|
|-heal|p2a: Dragonite|66/100|[from] item: Leftovers
|upkeep
|turn|13
|
|t:|1781345397
|move|p1a: Cinderace|Gunk Shot|p2a: Dragonite
|-start|p1a: Cinderace|typechange|Poison|[from] ability: Libero
|-damage|p2a: Dragonite|6/100
|move|p2a: Dragonite|Dragon Dance|p2a: Dragonite
|-boost|p2a: Dragonite|atk|1
|-boost|p2a: Dragonite|spe|1
|
|-heal|p2a: Dragonite|12/100|[from] item: Leftovers
|upkeep
|turn|14
|
|t:|1781345404
|move|p2a: Dragonite|Extreme Speed|p1a: Cinderace
|-damage|p1a: Cinderace|0 fnt
|faint|p1a: Cinderace
|
|-heal|p2a: Dragonite|18/100|[from] item: Leftovers
|upkeep
|
|t:|1781345406
|switch|p1a: Tornadus|Tornadus-Therian, M|71/100
|turn|15
|
|t:|1781345410
|move|p2a: Dragonite|Extreme Speed|p1a: Tornadus
|-damage|p1a: Tornadus|20/100
|move|p1a: Tornadus|Knock Off|p2a: Dragonite
|-damage|p2a: Dragonite|0 fnt
|-enditem|p2a: Dragonite|Leftovers|[from] move: Knock Off|[of] p1a: Tornadus
|faint|p2a: Dragonite
|
|upkeep
|
|t:|1781345429
|switch|p2a: Iron Valiant|Iron Valiant, shiny|100/100
|-enditem|p2a: Iron Valiant|Booster Energy
|-activate|p2a: Iron Valiant|ability: Quark Drive|[fromitem]
|-start|p2a: Iron Valiant|quarkdrivespe
|turn|16
|
|t:|1781345456
|move|p2a: Iron Valiant|Moonblast|p1a: Tornadus
|-damage|p1a: Tornadus|0 fnt
|faint|p1a: Tornadus
|
|upkeep
|
|t:|1781345458
|switch|p1a: Kyurem|Kyurem|65/100
|-ability|p1a: Kyurem|Pressure
|turn|17
|
|t:|1781345463
|-terastallize|p1a: Kyurem|Fairy
|move|p2a: Iron Valiant|Moonblast|p1a: Kyurem
|-damage|p1a: Kyurem|23/100
|move|p1a: Kyurem|Ice Beam|p2a: Iron Valiant
|-damage|p2a: Iron Valiant|0 fnt
|faint|p2a: Iron Valiant
|-end|p2a: Iron Valiant|Quark Drive|[silent]
|
|upkeep
|-message|kefka ffxiv forfeited.
|
|win|rizz of reko
|raw|kefka ffxiv's rating: 1581 &rarr; <strong>1557</strong><br />(-24 for losing)
|raw|rizz of reko's rating: 1517 &rarr; <strong>1541</strong><br />(+24 for winning)
|l|☆kefka ffxiv
|player|p1|
