|j|☆Jsparxs
|j|☆1200s chud
|t:|1781026749
|gametype|singles
|player|p1|Jsparxs|101|1610
|player|p2|1200s chud|preschooler|1675
|gen|9
|tier|[Gen 9] OU
|rated|
|rule|HP Percentage Mod: HP is shown in percentages
|rule|Endless Battle Clause: Forcing endless battles is banned
|rule|Species Clause: Limit one of each Pokémon
|rule|OHKO Clause: OHKO moves are banned
|rule|Evasion Items Clause: Evasion items are banned
|rule|Evasion Moves Clause: Evasion moves are banned
|rule|Evasion Abilities Clause: Evasion abilities are banned
|rule|Sleep Moves Clause: Sleep-inducing moves are banned
|clearpoke
|poke|p1|Great Tusk|
|poke|p1|Zamazenta-*|
|poke|p1|Iron Valiant|
|poke|p1|Gallade, M|
|poke|p1|Kommo-o, F|
|poke|p1|Okidogi, M|
|poke|p2|Dragonite, M|
|poke|p2|Weezing-Galar, F|
|poke|p2|Great Tusk|
|poke|p2|Ogerpon-Wellspring, F|
|poke|p2|Iron Thorns|
|poke|p2|Blissey, F|
|teampreview
|inactive|Battle timer is ON: inactive players will automatically lose when time's up. (requested by 1200s chud)
|c|☆Jsparxs|glhf
|
|t:|1781026766
|teamsize|p1|6
|teamsize|p2|6
|start
|switch|p1a: Okidogi|Okidogi, M|100/100
|switch|p2a: Weezing|Weezing-Galar, F|100/100
|-ability|p2a: Weezing|Neutralizing Gas
|turn|1
|
|t:|1781026769
|move|p1a: Okidogi|Gunk Shot|p2a: Weezing
|-damage|p2a: Weezing|55/100
|move|p2a: Weezing|Will-O-Wisp|p1a: Okidogi|[miss]
|-miss|p2a: Weezing|p1a: Okidogi
|
|upkeep
|turn|2
|
|t:|1781026780
|switch|p1a: Iron Valiant|Iron Valiant|100/100
|move|p2a: Weezing|Pain Split|p1a: Iron Valiant
|-sethp|p1a: Iron Valiant|82/100|[from] move: Pain Split|[silent]
|-sethp|p2a: Weezing|71/100|[from] move: Pain Split
|
|upkeep
|turn|3
|
|t:|1781026789
|move|p1a: Iron Valiant|Psyshock|p2a: Weezing
|-supereffective|p2a: Weezing
|-damage|p2a: Weezing|34/100
|move|p2a: Weezing|Sludge Bomb|p1a: Iron Valiant
|-supereffective|p1a: Iron Valiant
|-damage|p1a: Iron Valiant|0 fnt
|faint|p1a: Iron Valiant
|-end|p1a: Iron Valiant|Quark Drive|[silent]
|
|upkeep
|
|t:|1781026802
|switch|p1a: Great Tusk|Great Tusk|100/100
|turn|4
|
|t:|1781026807
|-end|p2a: Weezing|ability: Neutralizing Gas
|switch|p2a: Dragonite|Dragonite, M|100/100
|-enditem|p1a: Great Tusk|Booster Energy
|-activate|p1a: Great Tusk|ability: Protosynthesis|[fromitem]
|-start|p1a: Great Tusk|protosynthesisatk
|move|p1a: Great Tusk|Rapid Spin|p2a: Dragonite
|-damage|p2a: Dragonite|92/100
|-boost|p1a: Great Tusk|spe|1
|-damage|p1a: Great Tusk|84/100|[from] item: Rocky Helmet|[of] p2a: Dragonite
|
|upkeep
|turn|5
|
|t:|1781026821
|-terastallize|p2a: Dragonite|Fairy
|move|p1a: Great Tusk|Stealth Rock|p2a: Dragonite
|-sidestart|p2: 1200s chud|move: Stealth Rock
|move|p2a: Dragonite|Ice Beam|p1a: Great Tusk
|-supereffective|p1a: Great Tusk
|-damage|p1a: Great Tusk|25/100
|
|upkeep
|turn|6
|
|t:|1781026829
|move|p1a: Great Tusk|Headlong Rush|p2a: Dragonite
|-damage|p2a: Dragonite|34/100
|-unboost|p1a: Great Tusk|def|1
|-unboost|p1a: Great Tusk|spd|1
|-damage|p1a: Great Tusk|8/100|[from] item: Rocky Helmet|[of] p2a: Dragonite
|move|p2a: Dragonite|Ice Beam|p1a: Great Tusk
|-supereffective|p1a: Great Tusk
|-damage|p1a: Great Tusk|0 fnt
|faint|p1a: Great Tusk
|-end|p1a: Great Tusk|Protosynthesis|[silent]
|
|upkeep
|
|t:|1781026841
|switch|p1a: Gallade|Gallade, M|100/100
|turn|7
|
|t:|1781026853
|move|p2a: Dragonite|Roost|p2a: Dragonite
|-heal|p2a: Dragonite|84/100
|move|p1a: Gallade|Psycho Cut|p2a: Dragonite
|-damage|p2a: Dragonite|46/100
|
|upkeep
|turn|8
|
|t:|1781026860
|move|p2a: Dragonite|Roost|p2a: Dragonite
|-heal|p2a: Dragonite|96/100
|move|p1a: Gallade|Psycho Cut|p2a: Dragonite
|-crit|p2a: Dragonite
|-damage|p2a: Dragonite|28/100
|
|upkeep
|turn|9
|
|t:|1781026875
|switch|p1a: Okidogi|Okidogi, M|100/100
|move|p2a: Dragonite|Roost|p2a: Dragonite
|-heal|p2a: Dragonite|78/100
|
|upkeep
|turn|10
|
|t:|1781026880
|switch|p2a: Great Tusk|Great Tusk|100/100
|-damage|p2a: Great Tusk|98/100|[from] Stealth Rock
|move|p1a: Okidogi|Gunk Shot|p2a: Great Tusk
|-resisted|p2a: Great Tusk
|-damage|p2a: Great Tusk|76/100
|
|upkeep
|turn|11
|j| SegmentalDragon1
|
|t:|1781026898
|-terastallize|p1a: Okidogi|Water
|move|p2a: Great Tusk|Rapid Spin|p1a: Okidogi
|-damage|p1a: Okidogi|89/100
|-boost|p2a: Great Tusk|spe|1
|-sideend|p2: 1200s chud|Stealth Rock|[from] move: Rapid Spin|[of] p2a: Great Tusk
|move|p1a: Okidogi|Ice Punch|p2a: Great Tusk
|-supereffective|p2a: Great Tusk
|-damage|p2a: Great Tusk|31/100
|-damage|p1a: Okidogi|72/100|[from] item: Rocky Helmet|[of] p2a: Great Tusk
|
|upkeep
|turn|12
|
|t:|1781026909
|move|p2a: Great Tusk|Headlong Rush|p1a: Okidogi
|-damage|p1a: Okidogi|28/100
|-unboost|p2a: Great Tusk|def|1
|-unboost|p2a: Great Tusk|spd|1
|move|p1a: Okidogi|Drain Punch|p2a: Great Tusk
|-damage|p2a: Great Tusk|0 fnt
|-heal|p1a: Okidogi|46/100|[from] drain|[of] p2a: Great Tusk
|-damage|p1a: Okidogi|29/100|[from] item: Rocky Helmet|[of] p2a: Great Tusk
|faint|p2a: Great Tusk
|-end|p2a: Great Tusk|Protosynthesis|[silent]
|
|upkeep
|
|t:|1781026913
|switch|p2a: Ogerpon|Ogerpon-Wellspring, F|100/100
|turn|13
|
|t:|1781026917
|move|p2a: Ogerpon|Power Whip|p1a: Okidogi|[miss]
|-miss|p2a: Ogerpon|p1a: Okidogi
|move|p1a: Okidogi|Gunk Shot|p2a: Ogerpon|[miss]
|-miss|p1a: Okidogi|p2a: Ogerpon
|
|upkeep
|turn|14
|
|t:|1781026921
|move|p2a: Ogerpon|Power Whip|p1a: Okidogi
|-supereffective|p1a: Okidogi
|-damage|p1a: Okidogi|0 fnt
|faint|p1a: Okidogi
|
|upkeep
|
|t:|1781026930
|switch|p1a: Zamazenta|Zamazenta|100/100
|-ability|p1a: Zamazenta|Dauntless Shield|boost
|-boost|p1a: Zamazenta|def|1
|turn|15
|l|☆1200s chud
|inactive|1200s chud disconnected and has a minute to reconnect!
|player|p2|
|inactive|1200s chud has 30 seconds to reconnect!
|j|☆1200s chud
|inactive|1200s chud reconnected and has 115 seconds left.
|player|p2|1200s chud|preschooler|
|
|t:|1781026969
|switch|p2a: Dragonite|Dragonite, M, tera:Fairy|78/100
|move|p1a: Zamazenta|Iron Defense|p1a: Zamazenta
|-boost|p1a: Zamazenta|def|2
|
|upkeep
|turn|16
|
|t:|1781026976
|move|p1a: Zamazenta|Iron Defense|p1a: Zamazenta
|-boost|p1a: Zamazenta|def|2
|move|p2a: Dragonite|Thunder Wave|p1a: Zamazenta
|-status|p1a: Zamazenta|par
|
|upkeep
|turn|17
|
|t:|1781026982
|move|p2a: Dragonite|Encore|p1a: Zamazenta
|-start|p1a: Zamazenta|Encore
|move|p1a: Zamazenta|Iron Defense|p1a: Zamazenta
|-boost|p1a: Zamazenta|def|1
|
|upkeep
|turn|18
|c|☆Jsparxs|Very interesting set, I like it
|
|t:|1781027010
|switch|p1a: Gallade|Gallade, M|100/100
|move|p2a: Dragonite|Thunder Wave|p1a: Gallade
|-status|p1a: Gallade|par
|
|upkeep
|turn|19
|inactive|Jsparxs has 120 seconds left.
|
|t:|1781027025
|switch|p2a: Weezing|Weezing-Galar, F|34/100
|-ability|p2a: Weezing|Neutralizing Gas
|move|p1a: Gallade|Psycho Cut|p2a: Weezing
|-supereffective|p2a: Weezing
|-crit|p2a: Weezing
|-damage|p2a: Weezing|0 fnt
|faint|p2a: Weezing
|-end|p2a: Weezing|ability: Neutralizing Gas
|
|upkeep
|
|t:|1781027030
|switch|p2a: Ogerpon|Ogerpon-Wellspring, F|100/100
|turn|20
|
|t:|1781027035
|switch|p1a: Zamazenta|Zamazenta|100/100 par
|move|p2a: Ogerpon|Ivy Cudgel|p1a: Zamazenta|[anim] Ivy Cudgel Water
|-damage|p1a: Zamazenta|53/100 par
|
|-heal|p1a: Zamazenta|60/100 par|[from] item: Leftovers
|upkeep
|turn|21
|
|t:|1781027041
|move|p2a: Ogerpon|Swords Dance|p2a: Ogerpon
|-boost|p2a: Ogerpon|atk|2
|move|p1a: Zamazenta|Body Press|p2a: Ogerpon
|-damage|p2a: Ogerpon|50/100
|
|-heal|p1a: Zamazenta|66/100 par|[from] item: Leftovers
|upkeep
|turn|22
|
|t:|1781027046
|move|p2a: Ogerpon|Ivy Cudgel|p1a: Zamazenta|[anim] Ivy Cudgel Water
|-damage|p1a: Zamazenta|0 fnt
|faint|p1a: Zamazenta
|
|upkeep
|
|t:|1781027051
|switch|p1a: Gallade|Gallade, M|100/100 par
|turn|23
|
|t:|1781027053
|move|p2a: Ogerpon|Ivy Cudgel|p1a: Gallade|[anim] Ivy Cudgel Water
|-damage|p1a: Gallade|0 fnt
|faint|p1a: Gallade
|
|upkeep
|
|t:|1781027056
|switch|p1a: Kommo-o|Kommo-o, F|100/100
|turn|24
|
|t:|1781027061
|move|p2a: Ogerpon|Power Whip|p1a: Kommo-o
|-resisted|p1a: Kommo-o
|-damage|p1a: Kommo-o|26/100
|move|p1a: Kommo-o|Clangorous Soul||[still]
|-fail|p1a: Kommo-o
|
|upkeep
|turn|25
|c|☆Jsparxs|gg
|-message|Jsparxs forfeited.
|
|win|1200s chud
|raw|Jsparxs's rating: 1610 &rarr; <strong>1594</strong><br />(-16 for losing)
|raw|1200s chud's rating: 1675 &rarr; <strong>1691</strong><br />(+16 for winning)
|c|☆1200s chud|U2
|l|☆Jsparxs
|player|p1|
|l|☆1200s chud
|player|p2|
|l| SegmentalDragon1
