|j|☆kooopooolooo
|j|☆runningdan
|t:|1781194762
|gametype|singles
|player|p1|kooopooolooo|102|1605
|player|p2|runningdan|169|1586
|gen|9
|tier|[Gen 9] OU
|rated|
|rule|HP Percentage Mod: HP is shown in percentages
|rule|Endless Battle Clause: Forcing endless battles is banned
|rule|Species Clause: Limit one of each Pokémon
|rule|OHKO Clause: OHKO moves are banned
|rule|Evasion Items Clause: Evasion items are banned
|rule|Evasion Moves Clause: Evasion moves are banned
|rule|Evasion Abilities Clause: Evasion abilities are banned
|rule|Sleep Moves Clause: Sleep-inducing moves are banned
|clearpoke
|poke|p1|Lokix, M|
|poke|p1|Hatterene, F|
|poke|p1|Excadrill, M|
|poke|p1|Tyranitar, F|
|poke|p1|Dragapult, M|
|poke|p1|Zapdos|
|poke|p2|Great Tusk|
|poke|p2|Ninetales-Alola, F|
|poke|p2|Darkrai|
|poke|p2|Gliscor, M|
|poke|p2|Hatterene, F|
|poke|p2|Dragapult, F|
|teampreview
|inactive|Battle timer is ON: inactive players will automatically lose when time's up. (requested by runningdan)
|j| kopkwepd
|
|t:|1781194791
|teamsize|p1|6
|teamsize|p2|6
|start
|switch|p1a: Tyranitar|Tyranitar, F|100/100
|switch|p2a: Darkrai|Darkrai|100/100
|-weather|Sandstorm|[from] ability: Sand Stream|[of] p1a: Tyranitar
|turn|1
|
|t:|1781194802
|switch|p1a: Hatterene|Hatterene, F|100/100
|move|p2a: Darkrai|Focus Blast|p1a: Hatterene|[miss]
|-miss|p2a: Darkrai|p1a: Hatterene
|
|-weather|Sandstorm|[upkeep]
|-damage|p2a: Darkrai|94/100|[from] Sandstorm
|-damage|p1a: Hatterene|95/100|[from] Sandstorm
|-heal|p2a: Darkrai|100/100|[from] item: Leftovers
|upkeep
|turn|2
|j| vrwtufee
|
|t:|1781194812
|switch|p2a: Ninetales|Ninetales-Alola, F|100/100
|-weather|Snowscape|[from] ability: Snow Warning|[of] p2a: Ninetales
|switch|p1a: Excadrill|Excadrill, M|100/100
|
|-weather|Snowscape|[upkeep]
|upkeep
|turn|3
|
|t:|1781194821
|switch|p2a: Great Tusk|Great Tusk|100/100
|move|p1a: Excadrill|Iron Head|p2a: Great Tusk
|-damage|p2a: Great Tusk|84/100
|
|-weather|Snowscape|[upkeep]
|-heal|p2a: Great Tusk|90/100|[from] item: Leftovers
|upkeep
|turn|4
|
|t:|1781194827
|switch|p1a: Zapdos|Zapdos|100/100
|move|p2a: Great Tusk|Ice Spinner|p1a: Zapdos
|-supereffective|p1a: Zapdos
|-damage|p1a: Zapdos|56/100
|-status|p2a: Great Tusk|par|[from] ability: Static|[of] p1a: Zapdos
|
|-weather|Snowscape|[upkeep]
|-heal|p2a: Great Tusk|96/100 par|[from] item: Leftovers
|upkeep
|turn|5
|
|t:|1781194837
|-end|p2a: Great Tusk|Protosynthesis|[silent]
|switch|p2a: Gliscor|Gliscor, M|100/100
|move|p1a: Zapdos|Heat Wave|p2a: Gliscor
|-damage|p2a: Gliscor|70/100
|
|-weather|Snowscape|[upkeep]
|-status|p2a: Gliscor|tox|[from] item: Toxic Orb
|upkeep
|turn|6
|
|t:|1781194856
|switch|p1a: Tyranitar|Tyranitar, F|100/100
|-weather|Sandstorm|[from] ability: Sand Stream|[of] p1a: Tyranitar
|switch|p2a: Dragapult|Dragapult, F|100/100
|
|-weather|Sandstorm|[upkeep]
|-damage|p2a: Dragapult|95/100|[from] Sandstorm
|upkeep
|turn|7
|
|t:|1781194863
|move|p2a: Dragapult|U-turn|p1a: Tyranitar
|-supereffective|p1a: Tyranitar
|-damage|p1a: Tyranitar|65/100
|
|t:|1781194867
|switch|p2a: Great Tusk|Great Tusk|96/100 par|[from] U-turn
|move|p1a: Tyranitar|Knock Off|p2a: Great Tusk
|-resisted|p2a: Great Tusk
|-crit|p2a: Great Tusk
|-damage|p2a: Great Tusk|75/100 par
|-enditem|p2a: Great Tusk|Leftovers|[from] move: Knock Off|[of] p1a: Tyranitar
|
|-weather|Sandstorm|[upkeep]
|-heal|p1a: Tyranitar|71/100|[from] item: Leftovers
|upkeep
|turn|8
|
|t:|1781194880
|switch|p1a: Hatterene|Hatterene, F|95/100
|move|p2a: Great Tusk|Ice Spinner|p1a: Hatterene
|-damage|p1a: Hatterene|74/100
|-damage|p2a: Great Tusk|58/100 par|[from] item: Rocky Helmet|[of] p1a: Hatterene
|
|-weather|Sandstorm|[upkeep]
|-damage|p1a: Hatterene|68/100|[from] Sandstorm
|upkeep
|turn|9
|
|t:|1781194892
|-end|p2a: Great Tusk|Protosynthesis|[silent]
|switch|p2a: Hatterene|Hatterene, F|100/100
|move|p1a: Hatterene|Draining Kiss|p2a: Hatterene
|-damage|p2a: Hatterene|74/100
|-heal|p1a: Hatterene|88/100|[from] drain|[of] p2a: Hatterene
|
|-weather|Sandstorm|[upkeep]
|-damage|p2a: Hatterene|68/100|[from] Sandstorm
|-damage|p1a: Hatterene|82/100|[from] Sandstorm
|-heal|p2a: Hatterene|74/100|[from] item: Leftovers
|upkeep
|turn|10
|
|t:|1781194900
|move|p2a: Hatterene|Psyshock|p1a: Hatterene
|-resisted|p1a: Hatterene
|-crit|p1a: Hatterene
|-damage|p1a: Hatterene|62/100
|move|p1a: Hatterene|Draining Kiss|p2a: Hatterene
|-damage|p2a: Hatterene|50/100
|-heal|p1a: Hatterene|79/100|[from] drain|[of] p2a: Hatterene
|
|-weather|none
|-heal|p2a: Hatterene|56/100|[from] item: Leftovers
|upkeep
|turn|11
|
|t:|1781194906
|move|p2a: Hatterene|Nuzzle|p1a: Hatterene
|-damage|p1a: Hatterene|76/100
|-status|p1a: Hatterene|par
|-damage|p2a: Hatterene|40/100|[from] item: Rocky Helmet|[of] p1a: Hatterene
|cant|p1a: Hatterene|par
|
|-heal|p2a: Hatterene|46/100|[from] item: Leftovers
|upkeep
|turn|12
|
|t:|1781194913
|move|p2a: Hatterene|Calm Mind|p2a: Hatterene
|-boost|p2a: Hatterene|spa|1
|-boost|p2a: Hatterene|spd|1
|move|p1a: Hatterene|Nuzzle|p2a: Hatterene
|-damage|p2a: Hatterene|42/100
|-status|p2a: Hatterene|par
|
|-heal|p2a: Hatterene|48/100 par|[from] item: Leftovers
|upkeep
|turn|13
|
|t:|1781194931
|move|p2a: Hatterene|Draining Kiss|p1a: Hatterene
|-damage|p1a: Hatterene|42/100 par
|-heal|p2a: Hatterene|73/100 par|[from] drain|[of] p1a: Hatterene
|-damage|p2a: Hatterene|57/100 par|[from] item: Rocky Helmet|[of] p1a: Hatterene
|move|p1a: Hatterene|Healing Wish|p1a: Hatterene
|faint|p1a: Hatterene
|
|-heal|p2a: Hatterene|63/100 par|[from] item: Leftovers
|upkeep
|
|t:|1781194934
|switch|p1a: Excadrill|Excadrill, M|100/100
|turn|14
|
|t:|1781194950
|switch|p2a: Great Tusk|Great Tusk|58/100 par
|move|p1a: Excadrill|Iron Head|p2a: Great Tusk
|-damage|p2a: Great Tusk|41/100 par
|
|upkeep
|turn|15
|
|t:|1781194959
|move|p1a: Excadrill|Iron Head|p2a: Great Tusk
|-damage|p2a: Great Tusk|23/100 par
|cant|p2a: Great Tusk|flinch
|
|upkeep
|turn|16
|
|t:|1781194967
|switch|p1a: Dragapult|Dragapult, M|100/100
|cant|p2a: Great Tusk|par
|
|upkeep
|turn|17
|
|t:|1781194972
|move|p1a: Dragapult|Shadow Ball|p2a: Great Tusk
|-damage|p2a: Great Tusk|0 fnt
|faint|p2a: Great Tusk
|-end|p2a: Great Tusk|Protosynthesis|[silent]
|
|upkeep
|
|t:|1781194977
|switch|p2a: Ninetales|Ninetales-Alola, F|100/100
|-weather|Snowscape|[from] ability: Snow Warning|[of] p2a: Ninetales
|turn|18
|
|t:|1781194990
|switch|p1a: Tyranitar|Tyranitar, F|71/100
|-heal|p1a: Tyranitar|100/100|[from] move: Healing Wish
|-weather|Sandstorm|[from] ability: Sand Stream|[of] p1a: Tyranitar
|switch|p2a: Darkrai|Darkrai|100/100
|
|-weather|Sandstorm|[upkeep]
|-damage|p2a: Darkrai|94/100|[from] Sandstorm
|-heal|p2a: Darkrai|100/100|[from] item: Leftovers
|upkeep
|turn|19
|
|t:|1781194998
|switch|p1a: Dragapult|Dragapult, M|100/100
|move|p2a: Darkrai|Focus Blast|p1a: Dragapult
|-immune|p1a: Dragapult
|
|-weather|Sandstorm|[upkeep]
|-damage|p1a: Dragapult|95/100|[from] Sandstorm
|-damage|p2a: Darkrai|94/100|[from] Sandstorm
|-heal|p2a: Darkrai|100/100|[from] item: Leftovers
|upkeep
|turn|20
|
|t:|1781195004
|switch|p2a: Ninetales|Ninetales-Alola, F|100/100
|-weather|Snowscape|[from] ability: Snow Warning|[of] p2a: Ninetales
|move|p1a: Dragapult|U-turn|p2a: Ninetales
|-resisted|p2a: Ninetales
|-damage|p2a: Ninetales|94/100
|
|t:|1781195006
|switch|p1a: Tyranitar|Tyranitar, F|100/100|[from] U-turn
|-weather|Sandstorm|[from] ability: Sand Stream|[of] p1a: Tyranitar
|
|-weather|Sandstorm|[upkeep]
|-damage|p2a: Ninetales|88/100|[from] Sandstorm
|upkeep
|turn|21
|
|t:|1781195011
|switch|p2a: Hatterene|Hatterene, F|63/100 par
|move|p1a: Tyranitar|Stone Edge|p2a: Hatterene
|-crit|p2a: Hatterene
|-damage|p2a: Hatterene|0 fnt
|faint|p2a: Hatterene
|
|-weather|Sandstorm|[upkeep]
|upkeep
|
|t:|1781195017
|switch|p2a: Ninetales|Ninetales-Alola, F|88/100
|-weather|Snowscape|[from] ability: Snow Warning|[of] p2a: Ninetales
|turn|22
|
|t:|1781195021
|move|p2a: Ninetales|Aurora Veil|p2a: Ninetales
|-sidestart|p2: runningdan|move: Aurora Veil
|move|p1a: Tyranitar|Knock Off|p2a: Ninetales
|-resisted|p2a: Ninetales
|-damage|p2a: Ninetales|76/100
|-enditem|p2a: Ninetales|Light Clay|[from] move: Knock Off|[of] p1a: Tyranitar
|
|-weather|Snowscape|[upkeep]
|upkeep
|turn|23
|
|t:|1781195029
|move|p2a: Ninetales|Encore|p1a: Tyranitar
|-start|p1a: Tyranitar|Encore
|move|p1a: Tyranitar|Knock Off|p2a: Ninetales
|-resisted|p2a: Ninetales
|-damage|p2a: Ninetales|68/100
|
|-weather|Snowscape|[upkeep]
|upkeep
|turn|24
|
|t:|1781195044
|switch|p2a: Gliscor|Gliscor, M|70/100 tox
|switch|p1a: Dragapult|Dragapult, M|95/100
|
|-weather|Snowscape|[upkeep]
|-heal|p2a: Gliscor|82/100 tox|[from] ability: Poison Heal
|upkeep
|turn|25
|
|t:|1781195049
|move|p1a: Dragapult|Shadow Ball|p2a: Gliscor
|-damage|p2a: Gliscor|26/100 tox
|move|p2a: Gliscor|Agility|p2a: Gliscor
|-boost|p2a: Gliscor|spe|2
|
|-weather|Snowscape|[upkeep]
|-heal|p2a: Gliscor|38/100 tox|[from] ability: Poison Heal
|upkeep
|turn|26
|
|t:|1781195063
|move|p2a: Gliscor|Earthquake|p1a: Dragapult
|-damage|p1a: Dragapult|48/100
|move|p1a: Dragapult|Shadow Ball|p2a: Gliscor
|-damage|p2a: Gliscor|0 fnt
|faint|p2a: Gliscor
|
|-weather|none
|upkeep
|
|t:|1781195067
|switch|p2a: Darkrai|Darkrai|100/100
|turn|27
|
|t:|1781195071
|switch|p1a: Zapdos|Zapdos|56/100
|move|p2a: Darkrai|Nasty Plot|p2a: Darkrai
|-boost|p2a: Darkrai|spa|2
|
|upkeep
|turn|28
|
|t:|1781195075
|move|p2a: Darkrai|Dark Pulse|p1a: Zapdos
|-damage|p1a: Zapdos|0 fnt
|faint|p1a: Zapdos
|
|upkeep
|
|t:|1781195079
|switch|p1a: Tyranitar|Tyranitar, F|100/100
|-weather|Sandstorm|[from] ability: Sand Stream|[of] p1a: Tyranitar
|turn|29
|
|t:|1781195086
|move|p2a: Darkrai|Dark Pulse|p1a: Tyranitar
|-resisted|p1a: Tyranitar
|-damage|p1a: Tyranitar|75/100
|cant|p1a: Tyranitar|flinch
|
|-weather|Sandstorm|[upkeep]
|-damage|p2a: Darkrai|94/100|[from] Sandstorm
|-heal|p2a: Darkrai|100/100|[from] item: Leftovers
|-heal|p1a: Tyranitar|81/100|[from] item: Leftovers
|-sideend|p2: runningdan|move: Aurora Veil
|upkeep
|turn|30
|
|t:|1781195091
|move|p2a: Darkrai|Focus Blast|p1a: Tyranitar
|-supereffective|p1a: Tyranitar
|-damage|p1a: Tyranitar|0 fnt
|faint|p1a: Tyranitar
|
|-weather|Sandstorm|[upkeep]
|-damage|p2a: Darkrai|94/100|[from] Sandstorm
|-heal|p2a: Darkrai|100/100|[from] item: Leftovers
|upkeep
|
|t:|1781195094
|switch|p1a: Lokix|Lokix, M|100/100
|turn|31
|
|t:|1781195106
|-terastallize|p2a: Darkrai|Poison
|-terastallize|p1a: Lokix|Bug
|move|p1a: Lokix|First Impression|p2a: Darkrai
|-resisted|p2a: Darkrai
|-damage|p2a: Darkrai|7/100
|move|p2a: Darkrai|Focus Blast|p1a: Lokix
|-resisted|p1a: Lokix
|-damage|p1a: Lokix|13/100
|-unboost|p1a: Lokix|spd|1
|
|-weather|Sandstorm|[upkeep]
|-damage|p2a: Darkrai|1/100|[from] Sandstorm
|-damage|p1a: Lokix|7/100|[from] Sandstorm
|-heal|p2a: Darkrai|7/100|[from] item: Leftovers
|upkeep
|turn|32
|
|t:|1781195120
|move|p1a: Lokix|Sucker Punch|p2a: Darkrai
|-damage|p2a: Darkrai|0 fnt
|faint|p2a: Darkrai
|
|-weather|Sandstorm|[upkeep]
|-damage|p1a: Lokix|1/100|[from] Sandstorm
|upkeep
|
|t:|1781195126
|switch|p2a: Ninetales|Ninetales-Alola, F|68/100
|-weather|Snowscape|[from] ability: Snow Warning|[of] p2a: Ninetales
|turn|33
|
|t:|1781195134
|move|p2a: Ninetales|Freeze-Dry|p1a: Lokix
|-damage|p1a: Lokix|0 fnt
|faint|p1a: Lokix
|
|-weather|Snowscape|[upkeep]
|upkeep
|
|t:|1781195138
|switch|p1a: Dragapult|Dragapult, M|48/100
|turn|34
|
|t:|1781195141
|move|p1a: Dragapult|Fire Blast|p2a: Ninetales|[miss]
|-miss|p1a: Dragapult|p2a: Ninetales
|move|p2a: Ninetales|Aurora Veil|p2a: Ninetales
|-sidestart|p2: runningdan|move: Aurora Veil
|
|-weather|Snowscape|[upkeep]
|upkeep
|turn|35
|
|t:|1781195147
|move|p1a: Dragapult|Fire Blast|p2a: Ninetales
|-supereffective|p2a: Ninetales
|-damage|p2a: Ninetales|0 fnt
|faint|p2a: Ninetales
|
|-weather|Snowscape|[upkeep]
|upkeep
|
|t:|1781195152
|switch|p2a: Dragapult|Dragapult, F|95/100
|turn|36
|
|t:|1781195158
|switch|p1a: Excadrill|Excadrill, M|100/100
|move|p2a: Dragapult|Shadow Ball|p1a: Excadrill
|-damage|p1a: Excadrill|51/100
|
|-weather|Snowscape|[upkeep]
|upkeep
|turn|37
|
|t:|1781195164
|move|p2a: Dragapult|Shadow Ball|p1a: Excadrill
|-damage|p1a: Excadrill|0 fnt
|faint|p1a: Excadrill
|
|-weather|none
|upkeep
|
|t:|1781195167
|switch|p1a: Dragapult|Dragapult, M|48/100
|turn|38
|
|t:|1781195170
|move|p2a: Dragapult|Shadow Ball|p1a: Dragapult
|-supereffective|p1a: Dragapult
|-damage|p1a: Dragapult|0 fnt
|faint|p1a: Dragapult
|
|win|runningdan
|raw|kooopooolooo's rating: 1605 &rarr; <strong>1584</strong><br />(-21 for losing)
|raw|runningdan's rating: 1586 &rarr; <strong>1607</strong><br />(+21 for winning)
|l| vrwtufee
|l|☆kooopooolooo
|player|p1|
|l| kopkwepd
|l|☆runningdan
|player|p2|
