|j|☆Kloakris
|j|‽zippitytippity
|t:|1780908073
|gametype|singles
|player|p1|Kloakris|102|1573
|player|p2|zippitytippity|cynthia-masters4|1643
|gen|9
|tier|[Gen 9] OU
|rated|
|rule|HP Percentage Mod: HP is shown in percentages
|rule|Endless Battle Clause: Forcing endless battles is banned
|rule|Species Clause: Limit one of each Pokémon
|rule|OHKO Clause: OHKO moves are banned
|rule|Evasion Items Clause: Evasion items are banned
|rule|Evasion Moves Clause: Evasion moves are banned
|rule|Evasion Abilities Clause: Evasion abilities are banned
|rule|Sleep Moves Clause: Sleep-inducing moves are banned
|clearpoke
|poke|p1|Ribombee, M|
|poke|p1|Gholdengo|
|poke|p1|Great Tusk|
|poke|p1|Raging Bolt|
|poke|p1|Ogerpon-Cornerstone, F|
|poke|p1|Ceruledge, F|
|poke|p2|Ursaluna, M|
|poke|p2|Cresselia, F|
|poke|p2|Iron Valiant|
|poke|p2|Hatterene, F|
|poke|p2|Keldeo-Resolute|
|poke|p2|Ogerpon, F|
|teampreview
|
|t:|1780908090
|teamsize|p1|6
|teamsize|p2|6
|start
|switch|p1a: NEW DROP|Ribombee, M, shiny|100/100
|switch|p2a: Ogerpon|Ogerpon, F|100/100
|turn|1
|inactive|Battle timer is ON: inactive players will automatically lose when time's up. (requested by Kloakris)
|
|t:|1780908095
|move|p1a: NEW DROP|Skill Swap|p2a: Ogerpon
|-activate|p1a: NEW DROP|Skill Swap|Defiant|Shield Dust|[of] p2a: Ogerpon
|move|p2a: Ogerpon|U-turn|p1a: NEW DROP
|-resisted|p1a: NEW DROP
|-damage|p1a: NEW DROP|67/100
|
|t:|1780908097
|switch|p2a: Hatterene|Hatterene, F, shiny|100/100|[from] U-turn
|
|upkeep
|turn|2
|
|t:|1780908099
|move|p1a: NEW DROP|Skill Swap|p2a: Hatterene
|-activate|p1a: NEW DROP|Skill Swap|Magic Bounce|Defiant|[of] p2a: Hatterene
|move|p2a: Hatterene|Dazzling Gleam|p1a: NEW DROP
|-damage|p1a: NEW DROP|0 fnt
|faint|p1a: NEW DROP
|
|upkeep
|
|t:|1780908111
|switch|p1a: KRYPTONITE|Gholdengo, shiny|100/100
|-item|p1a: KRYPTONITE|Air Balloon
|turn|3
|
|t:|1780908115
|move|p1a: KRYPTONITE|Nasty Plot|p1a: KRYPTONITE
|-boost|p1a: KRYPTONITE|spa|2
|move|p2a: Hatterene|Trick Room|p2a: Hatterene
|-fieldstart|move: Trick Room|[of] p2a: Hatterene
|
|upkeep
|turn|4
|
|t:|1780908118
|move|p2a: Hatterene|Dazzling Gleam|p1a: KRYPTONITE
|-resisted|p1a: KRYPTONITE
|-damage|p1a: KRYPTONITE|75/100
|-enditem|p1a: KRYPTONITE|Air Balloon
|move|p1a: KRYPTONITE|Shadow Ball|p2a: Hatterene
|-supereffective|p2a: Hatterene
|-enditem|p2a: Hatterene|Focus Sash
|-damage|p2a: Hatterene|1/100
|
|upkeep
|turn|5
|
|t:|1780908126
|move|p2a: Hatterene|Healing Wish|p2a: Hatterene
|faint|p2a: Hatterene
|move|p1a: KRYPTONITE|Psyshock|p2: Hatterene|[notarget]
|-fail|p1a: KRYPTONITE
|
|upkeep
|
|t:|1780908129
|switch|p2a: Ursaluna|Ursaluna, M, shiny|100/100
|turn|6
|inactive|Kloakris has 120 seconds left.
|inactive|Kloakris has 90 seconds left.
|
|t:|1780908196
|move|p2a: Ursaluna|Headlong Rush|p1a: KRYPTONITE
|-supereffective|p1a: KRYPTONITE
|-damage|p1a: KRYPTONITE|0 fnt
|-unboost|p2a: Ursaluna|def|1
|-unboost|p2a: Ursaluna|spd|1
|faint|p1a: KRYPTONITE
|
|-status|p2a: Ursaluna|brn|[from] item: Flame Orb
|upkeep
|j| choispecs ironmoth
|inactive|Kloakris has 60 seconds left.
|
|t:|1780908227
|switch|p1a: BROTHER STONE|Ogerpon-Cornerstone, F|100/100
|turn|7
|
|t:|1780908232
|switch|p2a: Keldeo|Keldeo-Resolute|100/100
|move|p1a: BROTHER STONE|Power Whip|p2a: Keldeo
|-supereffective|p2a: Keldeo
|-damage|p2a: Keldeo|0 fnt
|faint|p2a: Keldeo
|
|-fieldend|move: Trick Room
|upkeep
|
|t:|1780908234
|switch|p2a: Ogerpon|Ogerpon, F|100/100
|turn|8
|
|t:|1780908246
|move|p2a: Ogerpon|U-turn|p1a: BROTHER STONE
|-supereffective|p1a: BROTHER STONE
|-damage|p1a: BROTHER STONE|9/100
|
|t:|1780908248
|switch|p2a: Cresselia|Cresselia, F, shiny|100/100|[from] U-turn
|move|p1a: BROTHER STONE|Ivy Cudgel|p2a: Cresselia|[anim] Ivy Cudgel Rock
|-damage|p2a: Cresselia|65/100
|
|upkeep
|turn|9
|
|t:|1780908253
|move|p1a: BROTHER STONE|Power Whip|p2a: Cresselia
|-damage|p2a: Cresselia|21/100
|-damage|p1a: BROTHER STONE|0 fnt|[from] item: Rocky Helmet|[of] p2a: Cresselia
|faint|p1a: BROTHER STONE
|move|p2a: Cresselia|Trick Room|p2a: Cresselia
|-fieldstart|move: Trick Room|[of] p2a: Cresselia
|
|upkeep
|inactive|Kloakris has 90 seconds left.
|
|t:|1780908264
|switch|p1a: TORE UP|Ceruledge, F, shiny|100/100
|turn|10
|
|t:|1780908268
|move|p2a: Cresselia|Psychic|p1a: TORE UP
|-damage|p1a: TORE UP|74/100
|move|p1a: TORE UP|Swords Dance|p1a: TORE UP
|-boost|p1a: TORE UP|atk|2
|
|upkeep
|turn|11
|
|t:|1780908271
|move|p2a: Cresselia|Lunar Dance|p2a: Cresselia
|faint|p2a: Cresselia
|move|p1a: TORE UP|Bitter Blade|p2: Cresselia|[notarget]
|-fail|p1a: TORE UP
|
|upkeep
|
|t:|1780908274
|switch|p2a: Ursaluna|Ursaluna, M, shiny|100/100 brn
|-heal|p2a: Ursaluna|100/100|[from] move: Healing Wish
|-heal|p2a: Ursaluna|100/100|[from] move: Lunar Dance
|turn|12
|
|t:|1780908289
|move|p2a: Ursaluna|Headlong Rush|p1a: TORE UP
|-supereffective|p1a: TORE UP
|-damage|p1a: TORE UP|0 fnt
|-unboost|p2a: Ursaluna|def|1
|-unboost|p2a: Ursaluna|spd|1
|faint|p1a: TORE UP
|
|-status|p2a: Ursaluna|brn|[from] item: Flame Orb
|upkeep
|
|t:|1780908293
|switch|p1a: BANDIT|Great Tusk, shiny|100/100
|-enditem|p1a: BANDIT|Booster Energy
|-activate|p1a: BANDIT|ability: Protosynthesis|[fromitem]
|-start|p1a: BANDIT|protosynthesisatk
|turn|13
|
|t:|1780908299
|-terastallize|p2a: Ursaluna|Normal
|move|p2a: Ursaluna|Facade|p1a: BANDIT
|-damage|p1a: BANDIT|0 fnt
|faint|p1a: BANDIT
|-end|p1a: BANDIT|Protosynthesis|[silent]
|
|-damage|p2a: Ursaluna|94/100 brn|[from] brn
|-fieldend|move: Trick Room
|upkeep
|
|t:|1780908304
|switch|p1a: GREAT NECK|Raging Bolt|100/100
|-enditem|p1a: GREAT NECK|Booster Energy
|-activate|p1a: GREAT NECK|ability: Protosynthesis|[fromitem]
|-start|p1a: GREAT NECK|protosynthesisspa
|turn|14
|
|t:|1780908311
|-terastallize|p1a: GREAT NECK|Bug
|move|p1a: GREAT NECK|Thunderbolt|p2a: Ursaluna
|-damage|p2a: Ursaluna|5/100 brn
|move|p2a: Ursaluna|Facade|p1a: GREAT NECK
|-damage|p1a: GREAT NECK|0 fnt
|faint|p1a: GREAT NECK
|-end|p1a: GREAT NECK|Protosynthesis|[silent]
|
|win|zippitytippity
|raw|Kloakris's rating: 1573 &rarr; <strong>1557</strong><br />(-16 for losing)
|raw|zippitytippity's rating: 1643 &rarr; <strong>1659</strong><br />(+16 for winning)
|l|‽zippitytippity
|player|p2|
|l|☆Kloakris
|player|p1|
