|j|☆Sukunaonza
|j|☆PepeNike
|t:|1781050804
|gametype|singles
|player|p1|Sukunaonza|volkner|1589
|player|p2|PepeNike|101|1586
|gen|9
|tier|[Gen 9] OU
|rated|
|rule|HP Percentage Mod: HP is shown in percentages
|rule|Endless Battle Clause: Forcing endless battles is banned
|rule|Species Clause: Limit one of each Pokémon
|rule|OHKO Clause: OHKO moves are banned
|rule|Evasion Items Clause: Evasion items are banned
|rule|Evasion Moves Clause: Evasion moves are banned
|rule|Evasion Abilities Clause: Evasion abilities are banned
|rule|Sleep Moves Clause: Sleep-inducing moves are banned
|clearpoke
|poke|p1|Dragonite, M|
|poke|p1|Cinderace, F|
|poke|p1|Great Tusk|
|poke|p1|Darkrai|
|poke|p1|Corviknight, F|
|poke|p1|Pecharunt|
|poke|p2|Kleavor, M|
|poke|p2|Samurott-Hisui, F|
|poke|p2|Gholdengo|
|poke|p2|Ceruledge, M|
|poke|p2|Greninja-*, M|
|poke|p2|Dragapult, M|
|teampreview
|inactive|Battle timer is ON: inactive players will automatically lose when time's up. (requested by PepeNike)
|inactive|PepeNike has 120 seconds left.
|inactive|PepeNike has 90 seconds left.
|inactive|PepeNike has 60 seconds left.
|
|t:|1781050904
|teamsize|p1|6
|teamsize|p2|6
|start
|switch|p1a: Darkrai|Darkrai|100/100
|switch|p2a: Kleavor|Kleavor, M|100/100
|turn|1
|
|t:|1781050910
|move|p1a: Darkrai|Dark Pulse|p2a: Kleavor
|-damage|p2a: Kleavor|14/100
|move|p2a: Kleavor|Stone Axe|p1a: Darkrai
|-damage|p1a: Darkrai|19/100
|-sidestart|p1: Sukunaonza|move: Stealth Rock
|
|upkeep
|turn|2
|inactive|PepeNike has 120 seconds left.
|
|t:|1781050944
|switch|p2a: Samurott|Samurott-Hisui, F|100/100
|move|p1a: Darkrai|Dark Pulse|p2a: Samurott
|-resisted|p2a: Samurott
|-damage|p2a: Samurott|67/100
|
|upkeep
|turn|3
|
|t:|1781050951
|move|p1a: Darkrai|Focus Blast|p2a: Samurott
|-supereffective|p2a: Samurott
|-damage|p2a: Samurott|0 fnt
|faint|p2a: Samurott
|
|upkeep
|
|t:|1781050955
|switch|p2a: Greninja|Greninja, M|100/100
|turn|4
|
|t:|1781050961
|switch|p1a: Corviknight|Corviknight, F|100/100
|-damage|p1a: Corviknight|88/100|[from] Stealth Rock
|-ability|p1a: Corviknight|Pressure
|move|p2a: Greninja|Water Shuriken|p1a: Corviknight
|-damage|p1a: Corviknight|81/100
|-damage|p1a: Corviknight|75/100
|-damage|p1a: Corviknight|68/100
|-damage|p1a: Corviknight|60/100
|-hitcount|p1a: Corviknight|4
|-damage|p2a: Greninja|91/100|[from] item: Life Orb
|
|-heal|p1a: Corviknight|67/100|[from] item: Leftovers
|upkeep
|turn|5
|
|t:|1781050975
|switch|p2a: Gholdengo|Gholdengo|100/100
|-item|p2a: Gholdengo|Air Balloon
|move|p1a: Corviknight|Roost|p1a: Corviknight
|-heal|p1a: Corviknight|100/100
|-singleturn|p1a: Corviknight|move: Roost
|
|upkeep
|turn|6
|
|t:|1781050979
|move|p2a: Gholdengo|Thunder Wave|p1a: Corviknight|[miss]
|-miss|p2a: Gholdengo|p1a: Corviknight
|move|p1a: Corviknight|U-turn|p2a: Gholdengo
|-resisted|p2a: Gholdengo
|-damage|p2a: Gholdengo|98/100
|-enditem|p2a: Gholdengo|Air Balloon
|
|t:|1781050990
|switch|p1a: Cinderace|Cinderace, F|100/100|[from] U-turn
|
|upkeep
|turn|7
|
|t:|1781050998
|move|p1a: Cinderace|Court Change|p1a: Cinderace
|-swapsideconditions
|-activate|p1a: Cinderace|move: Court Change
|move|p2a: Gholdengo|Thunder Wave|p1a: Cinderace
|-status|p1a: Cinderace|par
|
|upkeep
|turn|8
|
|t:|1781051009
|switch|p2a: Kleavor|Kleavor, M|14/100
|-damage|p2a: Kleavor|0 fnt|[from] Stealth Rock
|faint|p2a: Kleavor
|move|p1a: Cinderace|U-turn|p2: Kleavor|[notarget]
|-fail|p1a: Cinderace
|
|upkeep
|
|t:|1781051016
|switch|p2a: Greninja|Greninja, M|91/100
|-damage|p2a: Greninja|78/100|[from] Stealth Rock
|turn|9
|
|t:|1781051021
|switch|p1a: Corviknight|Corviknight, F|100/100
|-ability|p1a: Corviknight|Pressure
|move|p2a: Greninja|Surf|p1a: Corviknight
|-damage|p1a: Corviknight|59/100
|-damage|p2a: Greninja|69/100|[from] item: Life Orb
|
|-heal|p1a: Corviknight|66/100|[from] item: Leftovers
|upkeep
|turn|10
|
|t:|1781051030
|move|p2a: Greninja|Dark Pulse|p1a: Corviknight
|-damage|p1a: Corviknight|32/100
|-damage|p2a: Greninja|59/100|[from] item: Life Orb
|move|p1a: Corviknight|Roost|p1a: Corviknight
|-heal|p1a: Corviknight|82/100
|-singleturn|p1a: Corviknight|move: Roost
|
|-heal|p1a: Corviknight|88/100|[from] item: Leftovers
|upkeep
|turn|11
|
|t:|1781051040
|move|p2a: Greninja|Dark Pulse|p1a: Corviknight
|-damage|p1a: Corviknight|56/100
|-damage|p2a: Greninja|49/100|[from] item: Life Orb
|cant|p1a: Corviknight|flinch
|
|-heal|p1a: Corviknight|62/100|[from] item: Leftovers
|upkeep
|turn|12
|
|t:|1781051045
|switch|p2a: Ceruledge|Ceruledge, M|100/100
|-damage|p2a: Ceruledge|76/100|[from] Stealth Rock
|move|p1a: Corviknight|Roost|p1a: Corviknight
|-heal|p1a: Corviknight|100/100
|-singleturn|p1a: Corviknight|move: Roost
|
|upkeep
|turn|13
|
|t:|1781051051
|switch|p1a: Great Tusk|Great Tusk|100/100
|move|p2a: Ceruledge|Swords Dance|p2a: Ceruledge
|-boost|p2a: Ceruledge|atk|2
|
|upkeep
|turn|14
|
|t:|1781051062
|-terastallize|p2a: Ceruledge|Flying
|move|p1a: Great Tusk|Headlong Rush|p2a: Ceruledge
|-immune|p2a: Ceruledge
|move|p2a: Ceruledge|Bitter Blade|p1a: Great Tusk
|-damage|p1a: Great Tusk|30/100
|-heal|p2a: Ceruledge|100/100|[from] drain|[of] p1a: Great Tusk
|
|-heal|p1a: Great Tusk|36/100|[from] item: Leftovers
|upkeep
|turn|15
|
|t:|1781051070
|move|p1a: Great Tusk|Ice Spinner|p2a: Ceruledge
|-supereffective|p2a: Ceruledge
|-damage|p2a: Ceruledge|24/100
|-ability|p2a: Ceruledge|Weak Armor|boost
|-unboost|p2a: Ceruledge|def|1
|-boost|p2a: Ceruledge|spe|2
|move|p2a: Ceruledge|Swords Dance|p2a: Ceruledge
|-boost|p2a: Ceruledge|atk|2
|
|-heal|p1a: Great Tusk|42/100|[from] item: Leftovers
|upkeep
|turn|16
|
|t:|1781051090
|move|p2a: Ceruledge|Bitter Blade|p1a: Great Tusk
|-damage|p1a: Great Tusk|0 fnt
|-heal|p2a: Ceruledge|50/100|[from] drain|[of] p1a: Great Tusk
|faint|p1a: Great Tusk
|-end|p1a: Great Tusk|Protosynthesis|[silent]
|
|upkeep
|
|t:|1781051095
|switch|p1a: Dragonite|Dragonite, M|100/100
|turn|17
|
|t:|1781051101
|switch|p2a: Dragapult|Dragapult, M|100/100
|-damage|p2a: Dragapult|88/100|[from] Stealth Rock
|move|p1a: Dragonite|Scale Shot|p2a: Dragapult
|-supereffective|p2a: Dragapult
|-damage|p2a: Dragapult|46/100
|-supereffective|p2a: Dragapult
|-damage|p2a: Dragapult|4/100
|-supereffective|p2a: Dragapult
|-damage|p2a: Dragapult|0 fnt
|faint|p2a: Dragapult
|-hitcount|p2: Dragapult|3
|-unboost|p1a: Dragonite|def|1
|-boost|p1a: Dragonite|spe|1
|
|upkeep
|
|t:|1781051108
|switch|p2a: Gholdengo|Gholdengo|98/100
|-damage|p2a: Gholdengo|92/100|[from] Stealth Rock
|turn|18
|
|t:|1781051116
|switch|p1a: Cinderace|Cinderace, F|100/100 par
|move|p2a: Gholdengo|Thunder Wave|p1a: Cinderace
|-fail|p1a: Cinderace|par
|
|upkeep
|turn|19
|
|t:|1781051128
|move|p2a: Gholdengo|Hex|p1a: Cinderace
|-damage|p1a: Cinderace|36/100 par
|move|p1a: Cinderace|Pyro Ball|p2a: Gholdengo
|-supereffective|p2a: Gholdengo
|-damage|p2a: Gholdengo|25/100
|
|upkeep
|turn|20
|
|t:|1781051137
|move|p2a: Gholdengo|Recover|p2a: Gholdengo
|-heal|p2a: Gholdengo|75/100
|move|p1a: Cinderace|U-turn|p2a: Gholdengo
|-resisted|p2a: Gholdengo
|-damage|p2a: Gholdengo|72/100
|
|t:|1781051140
|switch|p1a: Darkrai|Darkrai|19/100|[from] U-turn
|
|upkeep
|turn|21
|
|t:|1781051152
|switch|p2a: Ceruledge|Ceruledge, M, tera:Flying|50/100
|-damage|p2a: Ceruledge|26/100|[from] Stealth Rock
|move|p1a: Darkrai|Dark Pulse|p2a: Ceruledge
|-damage|p2a: Ceruledge|0 fnt
|faint|p2a: Ceruledge
|
|upkeep
|
|t:|1781051153
|switch|p2a: Greninja|Greninja, M|49/100
|-damage|p2a: Greninja|37/100|[from] Stealth Rock
|turn|22
|
|t:|1781051178
|switch|p1a: Corviknight|Corviknight, F|100/100
|-ability|p1a: Corviknight|Pressure
|move|p2a: Greninja|Water Shuriken|p1a: Corviknight
|-damage|p1a: Corviknight|93/100
|-damage|p1a: Corviknight|86/100
|-hitcount|p1a: Corviknight|2
|-damage|p2a: Greninja|27/100|[from] item: Life Orb
|
|-heal|p1a: Corviknight|93/100|[from] item: Leftovers
|upkeep
|turn|23
|
|t:|1781051200
|switch|p2a: Gholdengo|Gholdengo|72/100
|-damage|p2a: Gholdengo|66/100|[from] Stealth Rock
|move|p1a: Corviknight|U-turn|p2a: Gholdengo
|-resisted|p2a: Gholdengo
|-damage|p2a: Gholdengo|63/100
|
|t:|1781051203
|switch|p1a: Darkrai|Darkrai|19/100|[from] U-turn
|
|upkeep
|turn|24
|
|t:|1781051217
|move|p1a: Darkrai|Dark Pulse|p2a: Gholdengo
|-supereffective|p2a: Gholdengo
|-damage|p2a: Gholdengo|0 fnt
|faint|p2a: Gholdengo
|
|upkeep
|
|t:|1781051218
|switch|p2a: Greninja|Greninja, M|27/100
|-damage|p2a: Greninja|15/100|[from] Stealth Rock
|turn|25
|
|t:|1781051226
|switch|p1a: Corviknight|Corviknight, F|93/100
|-ability|p1a: Corviknight|Pressure
|move|p2a: Greninja|Dark Pulse|p1a: Corviknight
|-damage|p1a: Corviknight|59/100
|-damage|p2a: Greninja|5/100|[from] item: Life Orb
|
|-heal|p1a: Corviknight|65/100|[from] item: Leftovers
|upkeep
|turn|26
|
|t:|1781051255
|move|p2a: Greninja|Surf|p1a: Corviknight
|-damage|p1a: Corviknight|24/100
|-damage|p2a: Greninja|0 fnt|[from] item: Life Orb
|faint|p2a: Greninja
|
|win|Sukunaonza
|raw|Sukunaonza's rating: 1589 &rarr; <strong>1609</strong><br />(+20 for winning)
|raw|PepeNike's rating: 1586 &rarr; <strong>1566</strong><br />(-20 for losing)
|l|☆PepeNike
|player|p2|
|l|☆Sukunaonza
|player|p1|
|j|☆Sukunaonza
|player|p1|Sukunaonza|volkner|
