|j|☆LowEL0God
|j|☆Dillnchill
|t:|1781411089
|gametype|singles
|player|p1|LowEL0God|265|1516
|player|p2|Dillnchill|roxie|1623
|gen|9
|tier|[Gen 9] OU
|rated|
|rule|HP Percentage Mod: HP is shown in percentages
|rule|Endless Battle Clause: Forcing endless battles is banned
|rule|Species Clause: Limit one of each Pokémon
|rule|OHKO Clause: OHKO moves are banned
|rule|Evasion Items Clause: Evasion items are banned
|rule|Evasion Moves Clause: Evasion moves are banned
|rule|Evasion Abilities Clause: Evasion abilities are banned
|rule|Sleep Moves Clause: Sleep-inducing moves are banned
|clearpoke
|poke|p1|Pelipper, F|
|poke|p1|Raging Bolt|
|poke|p1|Overqwil, F|
|poke|p1|Barraskewda, M|
|poke|p1|Iron Treads|
|poke|p1|Kingambit, M|
|poke|p2|Great Tusk|
|poke|p2|Corviknight, M|
|poke|p2|Clefable, F|
|poke|p2|Dragapult, F|
|poke|p2|Samurott-Hisui, M|
|poke|p2|Slowking-Galar, M|
|teampreview
|c|☆LowEL0God|hf
|inactive|Battle timer is ON: inactive players will automatically lose when time's up. (requested by LowEL0God)
|
|t:|1781411113
|teamsize|p1|6
|teamsize|p2|6
|start
|switch|p1a: Kingambit|Kingambit, M|100/100
|switch|p2a: Dragapult|Dragapult, F, shiny|100/100
|turn|1
|
|t:|1781411118
|switch|p2a: Corviknight|Corviknight, M|100/100
|-ability|p2a: Corviknight|Pressure
|move|p1a: Kingambit|Swords Dance|p1a: Kingambit
|-boost|p1a: Kingambit|atk|2
|
|upkeep
|turn|2
|
|t:|1781411120
|-terastallize|p1a: Kingambit|Dark
|move|p2a: Corviknight|Iron Defense|p2a: Corviknight
|-boost|p2a: Corviknight|def|2
|move|p1a: Kingambit|Kowtow Cleave|p2a: Corviknight
|-damage|p2a: Corviknight|58/100
|-damage|p1a: Kingambit|84/100|[from] item: Rocky Helmet|[of] p2a: Corviknight
|
|-heal|p1a: Kingambit|90/100|[from] item: Leftovers
|upkeep
|turn|3
|
|t:|1781411127
|-end|p1a: Kingambit|fallenundefined|[silent]
|switch|p1a: Pelipper|Pelipper, F|100/100
|-weather|RainDance|[from] ability: Drizzle|[of] p1a: Pelipper
|move|p2a: Corviknight|Roost|p2a: Corviknight
|-heal|p2a: Corviknight|100/100
|-singleturn|p2a: Corviknight|move: Roost
|
|-weather|RainDance|[upkeep]
|upkeep
|turn|4
|
|t:|1781411132
|switch|p2a: Slowking|Slowking-Galar, M|100/100
|move|p1a: Pelipper|Weather Ball|p2a: Slowking
|-damage|p2a: Slowking|73/100
|
|-weather|RainDance|[upkeep]
|upkeep
|turn|5
|j| heheheha07
|
|t:|1781411140
|move|p1a: Pelipper|Weather Ball|p2a: Slowking
|-damage|p2a: Slowking|48/100
|move|p2a: Slowking|Flamethrower|p1a: Pelipper
|-resisted|p1a: Pelipper
|-damage|p1a: Pelipper|89/100
|
|-weather|RainDance|[upkeep]
|upkeep
|turn|6
|
|t:|1781411143
|switch|p1a: Kingambit|Kingambit, M, tera:Dark|90/100
|move|p2a: Slowking|Sludge Bomb|p1a: Kingambit
|-damage|p1a: Kingambit|47/100
|
|-weather|RainDance|[upkeep]
|-heal|p1a: Kingambit|54/100|[from] item: Leftovers
|upkeep
|turn|7
|
|t:|1781411149
|switch|p2a: Corviknight|Corviknight, M|100/100
|-ability|p2a: Corviknight|Pressure
|move|p1a: Kingambit|Kowtow Cleave|p2a: Corviknight
|-damage|p2a: Corviknight|64/100
|-damage|p1a: Kingambit|37/100|[from] item: Rocky Helmet|[of] p2a: Corviknight
|
|-weather|RainDance|[upkeep]
|-heal|p1a: Kingambit|43/100|[from] item: Leftovers
|upkeep
|turn|8
|
|t:|1781411152
|-end|p1a: Kingambit|fallenundefined|[silent]
|switch|p1a: Raging Bolt|Raging Bolt|100/100
|-enditem|p1a: Raging Bolt|Booster Energy
|-activate|p1a: Raging Bolt|ability: Protosynthesis|[fromitem]
|-start|p1a: Raging Bolt|protosynthesisspa
|move|p2a: Corviknight|Roost|p2a: Corviknight
|-heal|p2a: Corviknight|100/100
|-singleturn|p2a: Corviknight|move: Roost
|
|-weather|RainDance|[upkeep]
|upkeep
|turn|9
|
|t:|1781411161
|switch|p2a: Slowking|Slowking-Galar, M|81/100
|move|p1a: Raging Bolt|Thunder|p2a: Slowking
|-damage|p2a: Slowking|33/100
|
|-weather|RainDance|[upkeep]
|upkeep
|turn|10
|
|t:|1781411181
|move|p1a: Raging Bolt|Weather Ball|p2a: Slowking
|-damage|p2a: Slowking|0 fnt
|faint|p2a: Slowking
|
|-weather|none
|upkeep
|
|t:|1781411185
|switch|p2a: Dragapult|Dragapult, F, shiny|100/100
|turn|11
|
|t:|1781411187
|move|p2a: Dragapult|Flamethrower|p1a: Raging Bolt
|-resisted|p1a: Raging Bolt
|-damage|p1a: Raging Bolt|84/100
|move|p1a: Raging Bolt|Draco Meteor|p2a: Dragapult
|-supereffective|p2a: Dragapult
|-damage|p2a: Dragapult|0 fnt
|-unboost|p1a: Raging Bolt|spa|2
|faint|p2a: Dragapult
|
|upkeep
|
|t:|1781411194
|switch|p2a: Great Tusk|Great Tusk|100/100
|turn|12
|
|t:|1781411198
|-end|p2a: Great Tusk|Protosynthesis|[silent]
|switch|p2a: Samurott|Samurott-Hisui, M|100/100
|-end|p1a: Raging Bolt|Protosynthesis|[silent]
|switch|p1a: Pelipper|Pelipper, F|89/100
|-weather|RainDance|[from] ability: Drizzle|[of] p1a: Pelipper
|
|-weather|RainDance|[upkeep]
|upkeep
|turn|13
|
|t:|1781411200
|move|p2a: Samurott|Ceaseless Edge|p1a: Pelipper
|-damage|p1a: Pelipper|53/100
|-sidestart|p1: LowEL0God|Spikes
|move|p1a: Pelipper|Hurricane|p2a: Samurott
|-damage|p2a: Samurott|72/100
|
|-weather|RainDance|[upkeep]
|upkeep
|turn|14
|
|t:|1781411204
|move|p2a: Samurott|Ceaseless Edge|p1a: Pelipper
|-damage|p1a: Pelipper|17/100
|-sidestart|p1: LowEL0God|Spikes
|move|p1a: Pelipper|Roost|p1a: Pelipper
|-heal|p1a: Pelipper|67/100
|-singleturn|p1a: Pelipper|move: Roost
|
|-weather|RainDance|[upkeep]
|upkeep
|turn|15
|
|t:|1781411207
|move|p2a: Samurott|Ceaseless Edge|p1a: Pelipper
|-damage|p1a: Pelipper|30/100
|-sidestart|p1: LowEL0God|Spikes
|move|p1a: Pelipper|Roost|p1a: Pelipper
|-heal|p1a: Pelipper|80/100
|-singleturn|p1a: Pelipper|move: Roost
|
|-weather|RainDance|[upkeep]
|upkeep
|turn|16
|
|t:|1781411210
|move|p2a: Samurott|Knock Off|p1a: Pelipper
|-damage|p1a: Pelipper|44/100
|-enditem|p1a: Pelipper|Damp Rock|[from] move: Knock Off|[of] p2a: Samurott
|move|p1a: Pelipper|Roost|p1a: Pelipper
|-heal|p1a: Pelipper|94/100
|-singleturn|p1a: Pelipper|move: Roost
|
|-weather|RainDance|[upkeep]
|upkeep
|turn|17
|
|t:|1781411216
|move|p2a: Samurott|Razor Shell|p1a: Pelipper
|-resisted|p1a: Pelipper
|-damage|p1a: Pelipper|65/100
|move|p1a: Pelipper|Hurricane|p2a: Samurott
|-damage|p2a: Samurott|44/100
|
|-weather|RainDance|[upkeep]
|upkeep
|turn|18
|
|t:|1781411220
|move|p2a: Samurott|Ceaseless Edge|p1a: Pelipper|[miss]
|-miss|p2a: Samurott|p1a: Pelipper
|move|p1a: Pelipper|Roost|p1a: Pelipper
|-heal|p1a: Pelipper|100/100
|-singleturn|p1a: Pelipper|move: Roost
|
|-weather|RainDance|[upkeep]
|upkeep
|turn|19
|
|t:|1781411221
|move|p2a: Samurott|Ceaseless Edge|p1a: Pelipper
|-damage|p1a: Pelipper|67/100
|move|p1a: Pelipper|Hurricane|p2a: Samurott
|-damage|p2a: Samurott|13/100
|-start|p2a: Samurott|confusion
|
|-weather|none
|upkeep
|turn|20
|
|t:|1781411227
|-activate|p2a: Samurott|confusion
|move|p2a: Samurott|Ceaseless Edge|p1a: Pelipper
|-damage|p1a: Pelipper|31/100
|move|p1a: Pelipper|Roost|p1a: Pelipper
|-heal|p1a: Pelipper|81/100
|-singleturn|p1a: Pelipper|move: Roost
|
|upkeep
|turn|21
|
|t:|1781411231
|-activate|p2a: Samurott|confusion
|move|p2a: Samurott|Ceaseless Edge|p1a: Pelipper
|-damage|p1a: Pelipper|45/100
|move|p1a: Pelipper|Hurricane|p2a: Samurott
|-damage|p2a: Samurott|0 fnt
|faint|p2a: Samurott
|
|upkeep
|
|t:|1781411238
|switch|p2a: Clefable|Clefable, F|100/100
|turn|22
|
|t:|1781411241
|switch|p2a: Great Tusk|Great Tusk|100/100
|switch|p1a: Iron Treads|Iron Treads|100/100
|-damage|p1a: Iron Treads|76/100|[from] Spikes
|-enditem|p1a: Iron Treads|Booster Energy
|-activate|p1a: Iron Treads|ability: Quark Drive|[fromitem]
|-start|p1a: Iron Treads|quarkdrivespe
|
|upkeep
|turn|23
|
|t:|1781411247
|move|p1a: Iron Treads|Rapid Spin|p2a: Great Tusk
|-damage|p2a: Great Tusk|93/100
|-boost|p1a: Iron Treads|spe|1
|-sideend|p1: LowEL0God|Spikes|[from] move: Rapid Spin|[of] p1a: Iron Treads
|move|p2a: Great Tusk|Close Combat|p1a: Iron Treads
|-supereffective|p1a: Iron Treads
|-damage|p1a: Iron Treads|0 fnt
|-unboost|p2a: Great Tusk|def|1
|-unboost|p2a: Great Tusk|spd|1
|faint|p1a: Iron Treads
|-end|p1a: Iron Treads|Quark Drive|[silent]
|
|-heal|p2a: Great Tusk|99/100|[from] item: Leftovers
|upkeep
|
|t:|1781411249
|switch|p1a: Pelipper|Pelipper, F|45/100
|-weather|RainDance|[from] ability: Drizzle|[of] p1a: Pelipper
|turn|24
|
|t:|1781411267
|move|p2a: Great Tusk|Ice Spinner|p1a: Pelipper
|-damage|p1a: Pelipper|23/100
|move|p1a: Pelipper|Weather Ball|p2a: Great Tusk
|-supereffective|p2a: Great Tusk
|-damage|p2a: Great Tusk|0 fnt
|faint|p2a: Great Tusk
|-end|p2a: Great Tusk|Protosynthesis|[silent]
|
|-weather|RainDance|[upkeep]
|upkeep
|-message|Dillnchill forfeited.
|
|win|LowEL0God
|raw|LowEL0God's rating: 1516 &rarr; <strong>1542</strong><br />(+26 for winning)
|raw|Dillnchill's rating: 1623 &rarr; <strong>1597</strong><br />(-26 for losing)
|l|☆Dillnchill
|player|p2|
|c|☆LowEL0God|gg
|l|☆LowEL0God
|player|p1|
|l| heheheha07
