|j|☆llachiee
|j|☆Superhjkdetective
|t:|1781006968
|gametype|singles
|player|p1|llachiee|1|1659
|player|p2|Superhjkdetective|2|1604
|gen|9
|tier|[Gen 9] OU
|rated|
|rule|HP Percentage Mod: HP is shown in percentages
|rule|Endless Battle Clause: Forcing endless battles is banned
|rule|Species Clause: Limit one of each Pokémon
|rule|OHKO Clause: OHKO moves are banned
|rule|Evasion Items Clause: Evasion items are banned
|rule|Evasion Moves Clause: Evasion moves are banned
|rule|Evasion Abilities Clause: Evasion abilities are banned
|rule|Sleep Moves Clause: Sleep-inducing moves are banned
|clearpoke
|poke|p1|Gliscor, F|
|poke|p1|Blissey, F|
|poke|p1|Clefable, F|
|poke|p1|Toxapex, F|
|poke|p1|Dondozo, F|
|poke|p1|Corviknight, F|
|poke|p2|Ninetales, M|
|poke|p2|Ceruledge, F|
|poke|p2|Great Tusk|
|poke|p2|Hatterene, F|
|poke|p2|Walking Wake|
|poke|p2|Raging Bolt|
|teampreview
|inactive|Battle timer is ON: inactive players will automatically lose when time's up. (requested by Superhjkdetective)
|inactive|llachiee has 120 seconds left.
|j| Because Arcanine
|inactive|llachiee has 90 seconds left.
|
|t:|1781007041
|teamsize|p1|6
|teamsize|p2|6
|start
|switch|p1a: Adder|Gliscor, F|100/100
|switch|p2a: Ninetales|Ninetales, M|100/100
|-weather|SunnyDay|[from] ability: Drought|[of] p2a: Ninetales
|turn|1
|
|t:|1781007046
|move|p1a: Adder|Protect|p1a: Adder
|-singleturn|p1a: Adder|Protect
|move|p2a: Ninetales|Will-O-Wisp|p1a: Adder
|-activate|p1a: Adder|move: Protect
|
|-weather|SunnyDay|[upkeep]
|-status|p1a: Adder|tox|[from] item: Toxic Orb
|upkeep
|turn|2
|
|t:|1781007050
|switch|p1a: Flesh Tutu|Blissey, F|100/100
|move|p2a: Ninetales|Encore||[still]
|-fail|p2a: Ninetales
|
|-weather|SunnyDay|[upkeep]
|upkeep
|turn|3
|
|t:|1781007057
|switch|p2a: Hatterene|Hatterene, F|100/100
|move|p1a: Flesh Tutu|Seismic Toss|p2a: Hatterene
|-damage|p2a: Hatterene|69/100
|-enditem|p2a: Hatterene|Eject Button
|
|t:|1781007062
|switch|p2a: Great Tusk|Great Tusk|100/100
|-activate|p2a: Great Tusk|ability: Protosynthesis
|-start|p2a: Great Tusk|protosynthesisatk
|
|-weather|SunnyDay|[upkeep]
|upkeep
|turn|4
|
|t:|1781007067
|switch|p1a: Sturm|Corviknight, F, shiny|100/100
|-ability|p1a: Sturm|Pressure
|move|p2a: Great Tusk|Stealth Rock|p1a: Sturm
|-sidestart|p1: llachiee|move: Stealth Rock
|
|-weather|SunnyDay|[upkeep]
|upkeep
|turn|5
|
|t:|1781007078
|-end|p2a: Great Tusk|Protosynthesis|[silent]
|switch|p2a: Ceruledge|Ceruledge, F|100/100
|move|p1a: Sturm|Protect||[still]
|-fail|p1a: Sturm
|
|-weather|SunnyDay|[upkeep]
|upkeep
|turn|6
|j| Easontom
|
|t:|1781007103
|switch|p1a: Adder|Gliscor, F|100/100 tox
|-damage|p1a: Adder|88/100 tox|[from] Stealth Rock
|move|p2a: Ceruledge|Poltergeist|p1a: Adder
|-activate|p1a: Adder|move: Poltergeist|Toxic Orb
|-damage|p1a: Adder|52/100 tox
|
|-weather|SunnyDay|[upkeep]
|-heal|p1a: Adder|65/100 tox|[from] ability: Poison Heal
|upkeep
|turn|7
|
|t:|1781007119
|switch|p2a: Hatterene|Hatterene, F|69/100
|move|p1a: Adder|Toxic|p2a: Hatterene
|move|p2a: Hatterene|Toxic|p1a: Adder|[from] ability: Magic Bounce
|-fail|p1a: Adder|tox
|
|-weather|SunnyDay|[upkeep]
|-heal|p1a: Adder|77/100 tox|[from] ability: Poison Heal
|upkeep
|turn|8
|j| michealjackkson
|
|t:|1781007125
|move|p1a: Adder|Protect|p1a: Adder
|-singleturn|p1a: Adder|Protect
|move|p2a: Hatterene|Draining Kiss|p1a: Adder
|-activate|p1a: Adder|move: Protect
|
|-weather|none
|-heal|p1a: Adder|90/100 tox|[from] ability: Poison Heal
|upkeep
|turn|9
|
|t:|1781007136
|switch|p1a: Flesh Tutu|Blissey, F|100/100
|move|p2a: Hatterene|Pain Split|p1a: Flesh Tutu
|-sethp|p1a: Flesh Tutu|67/100|[from] move: Pain Split|[silent]
|-sethp|p2a: Hatterene|100/100|[from] move: Pain Split
|
|upkeep
|turn|10
|
|t:|1781007145
|move|p1a: Flesh Tutu|Shadow Ball|p2a: Hatterene
|-supereffective|p2a: Hatterene
|-crit|p2a: Hatterene
|-damage|p2a: Hatterene|55/100
|move|p2a: Hatterene|Psychic Noise|p1a: Flesh Tutu
|-damage|p1a: Flesh Tutu|53/100
|-start|p1a: Flesh Tutu|move: Heal Block
|
|upkeep
|turn|11
|
|t:|1781007158
|switch|p2a: Ninetales|Ninetales, M|100/100
|-weather|SunnyDay|[from] ability: Drought|[of] p2a: Ninetales
|move|p1a: Flesh Tutu|Calm Mind|p1a: Flesh Tutu
|-boost|p1a: Flesh Tutu|spa|1
|-boost|p1a: Flesh Tutu|spd|1
|
|-weather|SunnyDay|[upkeep]
|-end|p1a: Flesh Tutu|move: Heal Block
|upkeep
|turn|12
|
|t:|1781007173
|switch|p1a: Lash|Toxapex, F, shiny|100/100
|move|p2a: Ninetales|Encore||[still]
|-fail|p2a: Ninetales
|
|-weather|SunnyDay|[upkeep]
|upkeep
|turn|13
|inactive|llachiee has 120 seconds left.
|inactive|llachiee has 90 seconds left.
|l|☆Superhjkdetective
|inactive|Superhjkdetective disconnected and has a minute to reconnect!
|player|p2|
|inactive|llachiee has 60 seconds left.
|j|☆Superhjkdetective
|inactive|Superhjkdetective reconnected.
|player|p2|Superhjkdetective|2|
|inactive|llachiee has 30 seconds left.
|inactive|llachiee has 20 seconds left.
|inactive|llachiee has 15 seconds left.
|inactive|llachiee has 10 seconds left.
|inactive|llachiee has 5 seconds left.
|-message|llachiee lost due to inactivity.
|
|win|Superhjkdetective
|raw|llachiee's rating: 1659 &rarr; <strong>1636</strong><br />(-23 for losing)
|raw|Superhjkdetective's rating: 1604 &rarr; <strong>1627</strong><br />(+23 for winning)
|l|☆Superhjkdetective
|player|p2|
|l| Easontom
