|j|☆remove sun teams
|j|☆Igoodnamename
|t:|1781202862
|gametype|singles
|player|p1|remove sun teams|miku-psychic|1724
|player|p2|Igoodnamename|winona|1726
|gen|9
|tier|[Gen 9] OU
|rated|
|rule|HP Percentage Mod: HP is shown in percentages
|rule|Endless Battle Clause: Forcing endless battles is banned
|rule|Species Clause: Limit one of each Pokémon
|rule|OHKO Clause: OHKO moves are banned
|rule|Evasion Items Clause: Evasion items are banned
|rule|Evasion Moves Clause: Evasion moves are banned
|rule|Evasion Abilities Clause: Evasion abilities are banned
|rule|Sleep Moves Clause: Sleep-inducing moves are banned
|clearpoke
|poke|p1|Hoopa-Unbound|
|poke|p1|Pecharunt|
|poke|p1|Landorus-Therian, M|
|poke|p1|Cinderace, M|
|poke|p1|Alomomola, M|
|poke|p1|Iron Valiant|
|poke|p2|Gholdengo|
|poke|p2|Zamazenta-*|
|poke|p2|Moltres|
|poke|p2|Ting-Lu|
|poke|p2|Serperior, F|
|poke|p2|Kyurem|
|teampreview
|
|t:|1781202877
|teamsize|p1|6
|teamsize|p2|6
|start
|switch|p1a: Calamity|Iron Valiant, shiny|100/100
|switch|p2a: Kyurem|Kyurem|100/100
|-ability|p2a: Kyurem|Pressure
|turn|1
|c|☆remove sun teams|hf
|inactive|Battle timer is ON: inactive players will automatically lose when time's up. (requested by remove sun teams)
|c|☆Igoodnamename|u2
|
|t:|1781202891
|switch|p2a: Moltres|Moltres|100/100
|move|p1a: Calamity|Thunderbolt|p2a: Moltres
|-supereffective|p2a: Moltres
|-damage|p2a: Moltres|3/100
|
|upkeep
|turn|2
|j| Perola P
|
|t:|1781202906
|switch|p2a: Ting-Lu|Ting-Lu|100/100
|-ability|p2a: Ting-Lu|Vessel of Ruin
|move|p1a: Calamity|Thunderbolt|p2a: Ting-Lu
|-immune|p2a: Ting-Lu
|
|upkeep
|turn|3
|
|t:|1781202919
|-end|p1a: Calamity|Quark Drive|[silent]
|switch|p1a: Enten|Landorus-Therian, M, shiny|100/100
|-ability|p1a: Enten|Intimidate|boost
|-unboost|p2a: Ting-Lu|atk|1
|move|p2a: Ting-Lu|Stealth Rock|p1a: Enten
|-sidestart|p1: remove sun teams|move: Stealth Rock
|
|upkeep
|turn|4
|
|t:|1781202933
|switch|p2a: Kyurem|Kyurem|100/100
|-ability|p2a: Kyurem|Pressure
|move|p1a: Enten|U-turn|p2a: Kyurem
|-damage|p2a: Kyurem|76/100
|
|t:|1781202947
|switch|p1a: Calamity|Iron Valiant, shiny|100/100|[from] U-turn
|-damage|p1a: Calamity|94/100|[from] Stealth Rock
|
|upkeep
|turn|5
|
|t:|1781202961
|switch|p2a: Moltres|Moltres|3/100
|move|p1a: Calamity|Moonblast|p2a: Moltres
|-resisted|p2a: Moltres
|-damage|p2a: Moltres|0 fnt
|faint|p2a: Moltres
|
|upkeep
|
|t:|1781202966
|switch|p2a: Serperior|Serperior, F|100/100
|turn|6
|
|t:|1781202979
|-terastallize|p2a: Serperior|Grass
|-terastallize|p1a: Calamity|Fairy
|move|p2a: Serperior|Leaf Storm|p1a: Calamity
|-damage|p1a: Calamity|0 fnt
|-boost|p2a: Serperior|spa|2
|faint|p1a: Calamity
|-end|p1a: Calamity|Quark Drive|[silent]
|
|upkeep
|
|t:|1781202995
|switch|p1a: Overseer|Pecharunt|100/100
|turn|7
|
|t:|1781203008
|move|p2a: Serperior|Leaf Storm|p1a: Overseer
|-resisted|p1a: Overseer
|-damage|p1a: Overseer|41/100
|-boost|p2a: Serperior|spa|2
|move|p1a: Overseer|Malignant Chain|p2a: Serperior
|-supereffective|p2a: Serperior
|-damage|p2a: Serperior|26/100
|-status|p2a: Serperior|tox
|-start|p2a: Serperior|confusion|[from] ability: Poison Puppeteer|[of] p1a: Overseer
|
|-damage|p2a: Serperior|20/100 tox|[from] psn
|upkeep
|turn|8
|
|t:|1781203024
|-activate|p2a: Serperior|confusion
|move|p2a: Serperior|Leaf Storm|p1a: Overseer
|-resisted|p1a: Overseer
|-damage|p1a: Overseer|0 fnt
|-boost|p2a: Serperior|spa|2
|faint|p1a: Overseer
|
|-damage|p2a: Serperior|8/100 tox|[from] psn
|upkeep
|inactive|remove sun teams has 120 seconds left.
|
|t:|1781203038
|switch|p1a: Liberacy|Cinderace, M, shiny|100/100
|turn|9
|j| GreatestPawjobUwU
|inactive|remove sun teams has 120 seconds left.
|
|t:|1781203052
|switch|p2a: Ting-Lu|Ting-Lu|100/100
|-ability|p2a: Ting-Lu|Vessel of Ruin
|move|p1a: Liberacy|Sucker Punch||[still]
|-fail|p1a: Liberacy
|
|upkeep
|turn|10
|inactive|remove sun teams has 120 seconds left.
|
|t:|1781203065
|move|p1a: Liberacy|Court Change|p1a: Liberacy
|-start|p1a: Liberacy|typechange|Normal|[from] ability: Libero
|-swapsideconditions
|-activate|p1a: Liberacy|move: Court Change
|move|p2a: Ting-Lu|Ruination|p1a: Liberacy
|-damage|p1a: Liberacy|51/100
|
|upkeep
|turn|11
|inactive|remove sun teams has 120 seconds left.
|
|t:|1781203079
|move|p1a: Liberacy|U-turn|p2a: Ting-Lu
|-supereffective|p2a: Ting-Lu
|-damage|p2a: Ting-Lu|77/100
|inactive|remove sun teams has 120 seconds left.
|
|t:|1781203094
|switch|p1a: Pisces|Alomomola, M, shiny|100/100|[from] U-turn
|move|p2a: Ting-Lu|Stealth Rock|p1a: Pisces
|-sidestart|p1: remove sun teams|move: Stealth Rock
|
|-heal|p2a: Ting-Lu|83/100|[from] item: Leftovers
|upkeep
|turn|12
|inactive|remove sun teams has 120 seconds left.
|
|t:|1781203112
|move|p2a: Ting-Lu|Ruination|p1a: Pisces
|-damage|p1a: Pisces|51/100
|move|p1a: Pisces|Flip Turn|p2a: Ting-Lu
|-supereffective|p2a: Ting-Lu
|-damage|p2a: Ting-Lu|65/100
|l| GreatestPawjobUwU
|
|t:|1781203127
|switch|p1a: Liberacy|Cinderace, M, shiny|51/100|[from] Flip Turn
|
|-heal|p2a: Ting-Lu|72/100|[from] item: Leftovers
|upkeep
|turn|13
|
|t:|1781203140
|switch|p2a: Serperior|Serperior, F, tera:Grass|8/100 tox
|-damage|p2a: Serperior|0 fnt|[from] Stealth Rock
|faint|p2a: Serperior
|move|p1a: Liberacy|U-turn|p2: Serperior|[notarget]
|-fail|p1a: Liberacy
|
|upkeep
|
|t:|1781203147
|switch|p2a: Zamazenta|Zamazenta|100/100
|-damage|p2a: Zamazenta|94/100|[from] Stealth Rock
|-ability|p2a: Zamazenta|Dauntless Shield|boost
|-boost|p2a: Zamazenta|def|1
|turn|14
|
|t:|1781203160
|switch|p1a: Pisces|Alomomola, M, shiny|84/100
|-damage|p1a: Pisces|71/100|[from] Stealth Rock
|move|p2a: Zamazenta|Iron Defense|p2a: Zamazenta
|-boost|p2a: Zamazenta|def|2
|
|upkeep
|turn|15
|inactive|Igoodnamename has 120 seconds left.
|
|t:|1781203215
|move|p2a: Zamazenta|Body Press|p1a: Pisces
|-damage|p1a: Pisces|17/100
|move|p1a: Pisces|Flip Turn|p2a: Zamazenta
|-damage|p2a: Zamazenta|89/100
|
|t:|1781203229
|switch|p1a: Enten|Landorus-Therian, M, shiny|100/100|[from] Flip Turn
|-damage|p1a: Enten|88/100|[from] Stealth Rock
|-ability|p1a: Enten|Intimidate|boost
|-unboost|p2a: Zamazenta|atk|1
|
|upkeep
|turn|16
|
|t:|1781203243
|move|p1a: Enten|Earthquake|p2a: Zamazenta
|-damage|p2a: Zamazenta|72/100
|move|p2a: Zamazenta|Body Press|p1a: Enten
|-resisted|p1a: Enten
|-damage|p1a: Enten|40/100
|
|upkeep
|turn|17
|
|t:|1781203257
|move|p1a: Enten|Earthquake|p2a: Zamazenta
|-damage|p2a: Zamazenta|56/100
|move|p2a: Zamazenta|Body Press|p1a: Enten
|-resisted|p1a: Enten
|-damage|p1a: Enten|0 fnt
|faint|p1a: Enten
|
|upkeep
|
|t:|1781203271
|switch|p1a: Liberacy|Cinderace, M, shiny|51/100
|turn|18
|inactive|Igoodnamename has 120 seconds left.
|
|t:|1781203294
|move|p1a: Liberacy|Sucker Punch|p2a: Zamazenta
|-start|p1a: Liberacy|typechange|Dark|[from] ability: Libero
|-resisted|p2a: Zamazenta
|-damage|p2a: Zamazenta|52/100
|move|p2a: Zamazenta|Body Press|p1a: Liberacy
|-supereffective|p1a: Liberacy
|-damage|p1a: Liberacy|0 fnt
|faint|p1a: Liberacy
|
|upkeep
|
|t:|1781203307
|switch|p1a: Khaos|Hoopa-Unbound|100/100
|-damage|p1a: Khaos|88/100|[from] Stealth Rock
|turn|19
|
|t:|1781203317
|move|p2a: Zamazenta|Body Press|p1a: Khaos
|-damage|p1a: Khaos|0 fnt
|faint|p1a: Khaos
|
|upkeep
|
|t:|1781203324
|switch|p1a: Pisces|Alomomola, M, shiny|50/100
|-damage|p1a: Pisces|38/100|[from] Stealth Rock
|turn|20
|l| Perola P
|inactive|Igoodnamename has 120 seconds left.
|
|t:|1781203367
|move|p2a: Zamazenta|Body Press|p1a: Pisces
|-damage|p1a: Pisces|0 fnt
|faint|p1a: Pisces
|
|win|Igoodnamename
|raw|remove sun teams's rating: 1724 &rarr; <strong>1704</strong><br />(-20 for losing)
|raw|Igoodnamename's rating: 1726 &rarr; <strong>1746</strong><br />(+20 for winning)
|c|☆remove sun teams|gg
|l|☆Igoodnamename
|player|p2|
