|j|☆lianxiaonian
|j|☆zippitytippity
|t:|1780899447
|gametype|singles
|player|p1|lianxiaonian|265|1631
|player|p2|zippitytippity|cynthia-masters4|1695
|gen|9
|tier|[Gen 9] OU
|rated|
|rule|HP Percentage Mod: HP is shown in percentages
|rule|Endless Battle Clause: Forcing endless battles is banned
|rule|Species Clause: Limit one of each Pokémon
|rule|OHKO Clause: OHKO moves are banned
|rule|Evasion Items Clause: Evasion items are banned
|rule|Evasion Moves Clause: Evasion moves are banned
|rule|Evasion Abilities Clause: Evasion abilities are banned
|rule|Sleep Moves Clause: Sleep-inducing moves are banned
|clearpoke
|poke|p1|Talonflame, F|
|poke|p1|Pelipper, F|
|poke|p1|Hatterene, F|
|poke|p1|Raging Bolt|
|poke|p1|Barraskewda, M|
|poke|p1|Iron Treads|
|poke|p2|Ursaluna, M|
|poke|p2|Cresselia, F|
|poke|p2|Iron Valiant|
|poke|p2|Hatterene, F|
|poke|p2|Keldeo-Resolute|
|poke|p2|Ogerpon, F|
|teampreview
|inactive|Battle timer is ON: inactive players will automatically lose when time's up. (requested by lianxiaonian)
|
|t:|1780899457
|teamsize|p1|6
|teamsize|p2|6
|start
|switch|p1a: 最快的男人|Barraskewda, M, shiny|100/100
|switch|p2a: Keldeo|Keldeo-Resolute|100/100
|turn|1
|
|t:|1780899460
|move|p1a: 最快的男人|Flip Turn|p2a: Keldeo
|-resisted|p2a: Keldeo
|-damage|p2a: Keldeo|71/100
|
|t:|1780899465
|switch|p1a: 雷电士兵|Raging Bolt|100/100|[from] Flip Turn
|move|p2a: Keldeo|Surf|p1a: 雷电士兵
|-resisted|p1a: 雷电士兵
|-damage|p1a: 雷电士兵|79/100
|
|upkeep
|turn|2
|
|t:|1780899470
|switch|p2a: Ursaluna|Ursaluna, M, shiny|100/100
|move|p1a: 雷电士兵|Volt Switch|p2a: Ursaluna
|-immune|p2a: Ursaluna
|
|-status|p2a: Ursaluna|brn|[from] item: Flame Orb
|upkeep
|turn|3
|
|t:|1780899473
|-end|p1a: 雷电士兵|Protosynthesis|[silent]
|switch|p1a: Pelipper|Pelipper, F, shiny|100/100
|-weather|RainDance|[from] ability: Drizzle|[of] p1a: Pelipper
|move|p2a: Ursaluna|Facade|p1a: Pelipper
|-damage|p1a: Pelipper|8/100
|
|-weather|RainDance|[upkeep]
|-damage|p2a: Ursaluna|94/100 brn|[from] brn
|upkeep
|turn|4
|
|t:|1780899477
|switch|p2a: Keldeo|Keldeo-Resolute|71/100
|move|p1a: Pelipper|U-turn|p2a: Keldeo
|-resisted|p2a: Keldeo
|-damage|p2a: Keldeo|65/100
|
|t:|1780899479
|switch|p1a: 疾风之翼！|Talonflame, F, shiny|100/100|[from] U-turn
|
|-weather|RainDance|[upkeep]
|upkeep
|turn|5
|
|t:|1780899483
|switch|p2a: Cresselia|Cresselia, F, shiny|100/100
|-terastallize|p1a: 疾风之翼！|Flying
|move|p1a: 疾风之翼！|Hurricane|p2a: Cresselia
|-damage|p2a: Cresselia|48/100
|
|-weather|RainDance|[upkeep]
|upkeep
|turn|6
|
|t:|1780899484
|move|p1a: 疾风之翼！|Hurricane|p2a: Cresselia
|-damage|p2a: Cresselia|0 fnt
|faint|p2a: Cresselia
|
|-weather|RainDance|[upkeep]
|upkeep
|
|t:|1780899489
|switch|p2a: Hatterene|Hatterene, F, shiny|100/100
|turn|7
|
|t:|1780899498
|move|p1a: 疾风之翼！|Hurricane|p2a: Hatterene
|-damage|p2a: Hatterene|10/100
|move|p2a: Hatterene|Psychic Noise|p1a: 疾风之翼！
|-damage|p1a: 疾风之翼！|24/100
|-start|p1a: 疾风之翼！|move: Heal Block
|
|-weather|RainDance|[upkeep]
|upkeep
|turn|8
|
|t:|1780899503
|move|p1a: 疾风之翼！|Hurricane|p2a: Hatterene
|-damage|p2a: Hatterene|0 fnt
|faint|p2a: Hatterene
|
|-weather|RainDance|[upkeep]
|-end|p1a: 疾风之翼！|move: Heal Block
|upkeep
|
|t:|1780899508
|switch|p2a: Ogerpon|Ogerpon, F|100/100
|turn|9
|
|t:|1780899513
|switch|p1a: 雷电士兵|Raging Bolt|79/100
|-terastallize|p2a: Ogerpon|Grass
|detailschange|p2a: Ogerpon|Ogerpon-Teal-Tera, F, tera:Grass
|-ability|p2a: Ogerpon|Embody Aspect (Teal)|boost
|-boost|p2a: Ogerpon|spe|1
|move|p2a: Ogerpon|Ivy Cudgel|p1a: 雷电士兵
|-resisted|p1a: 雷电士兵
|-damage|p1a: 雷电士兵|39/100
|
|-weather|RainDance|[upkeep]
|upkeep
|turn|10
|
|t:|1780899518
|move|p1a: 雷电士兵|Thunderclap|p2a: Ogerpon
|-resisted|p2a: Ogerpon
|-damage|p2a: Ogerpon|76/100
|move|p2a: Ogerpon|Ivy Cudgel|p1a: 雷电士兵
|-resisted|p1a: 雷电士兵
|-damage|p1a: 雷电士兵|0 fnt
|faint|p1a: 雷电士兵
|-end|p1a: 雷电士兵|Protosynthesis|[silent]
|
|-weather|none
|upkeep
|
|t:|1780899520
|switch|p1a: Pelipper|Pelipper, F, shiny|8/100
|-weather|RainDance|[from] ability: Drizzle|[of] p1a: Pelipper
|turn|11
|
|t:|1780899523
|move|p2a: Ogerpon|Ivy Cudgel|p1a: Pelipper
|-damage|p1a: Pelipper|0 fnt
|faint|p1a: Pelipper
|
|-weather|RainDance|[upkeep]
|upkeep
|
|t:|1780899525
|switch|p1a: 最快的男人|Barraskewda, M, shiny|100/100
|turn|12
|
|t:|1780899533
|switch|p2a: Ursaluna|Ursaluna, M, shiny|94/100 brn
|move|p1a: 最快的男人|Close Combat|p2a: Ursaluna
|-supereffective|p2a: Ursaluna
|-damage|p2a: Ursaluna|5/100 brn
|-unboost|p1a: 最快的男人|def|1
|-unboost|p1a: 最快的男人|spd|1
|
|-weather|RainDance|[upkeep]
|-damage|p2a: Ursaluna|0 fnt|[from] brn
|faint|p2a: Ursaluna
|upkeep
|
|t:|1780899535
|switch|p2a: Keldeo|Keldeo-Resolute|65/100
|turn|13
|
|t:|1780899537
|move|p2a: Keldeo|Vacuum Wave|p1a: 最快的男人
|-damage|p1a: 最快的男人|0 fnt
|faint|p1a: 最快的男人
|
|-weather|RainDance|[upkeep]
|upkeep
|
|t:|1780899539
|switch|p1a: 工具帽|Hatterene, F, shiny|100/100
|turn|14
|
|t:|1780899543
|switch|p2a: Iron Valiant|Iron Valiant|100/100
|-enditem|p2a: Iron Valiant|Booster Energy
|-activate|p2a: Iron Valiant|ability: Quark Drive|[fromitem]
|-start|p2a: Iron Valiant|quarkdrivespe
|move|p1a: 工具帽|Healing Wish|p1a: 工具帽
|faint|p1a: 工具帽
|
|-weather|RainDance|[upkeep]
|upkeep
|
|t:|1780899544
|switch|p1a: 疾风之翼！|Talonflame, F, shiny, tera:Flying|24/100
|-heal|p1a: 疾风之翼！|100/100|[from] move: Healing Wish
|turn|15
|
|t:|1780899551
|move|p1a: 疾风之翼！|Hurricane|p2a: Iron Valiant
|-supereffective|p2a: Iron Valiant
|-damage|p2a: Iron Valiant|0 fnt
|faint|p2a: Iron Valiant
|-end|p2a: Iron Valiant|Quark Drive|[silent]
|
|-weather|RainDance|[upkeep]
|upkeep
|
|t:|1780899553
|switch|p2a: Keldeo|Keldeo-Resolute|65/100
|turn|16
|
|t:|1780899556
|move|p1a: 疾风之翼！|Hurricane|p2a: Keldeo
|-supereffective|p2a: Keldeo
|-damage|p2a: Keldeo|0 fnt
|faint|p2a: Keldeo
|
|-weather|RainDance|[upkeep]
|upkeep
|
|t:|1780899560
|switch|p2a: Ogerpon|Ogerpon-Teal-Tera, F, tera:Grass|76/100
|-ability|p2a: Ogerpon|Embody Aspect (Teal)|boost
|-boost|p2a: Ogerpon|spe|1
|turn|17
|
|t:|1780899562
|move|p1a: 疾风之翼！|Hurricane|p2a: Ogerpon
|-supereffective|p2a: Ogerpon
|-damage|p2a: Ogerpon|0 fnt
|faint|p2a: Ogerpon
|detailschange|p2: Ogerpon|Ogerpon, F|[silent]
|
|win|lianxiaonian
|raw|lianxiaonian's rating: 1631 &rarr; <strong>1655</strong><br />(+24 for winning)
|raw|zippitytippity's rating: 1695 &rarr; <strong>1671</strong><br />(-24 for losing)
|l|☆lianxiaonian
|player|p1|
|l|☆zippitytippity
|player|p2|
