|j|☆pinkpriestess3
|j|☆GuyLikeMe1
|t:|1780967714
|gametype|singles
|player|p1|pinkpriestess3|170|1562
|player|p2|GuyLikeMe1|flannery|1538
|gen|9
|tier|[Gen 9] OU
|rated|
|rule|HP Percentage Mod: HP is shown in percentages
|rule|Endless Battle Clause: Forcing endless battles is banned
|rule|Species Clause: Limit one of each Pokémon
|rule|OHKO Clause: OHKO moves are banned
|rule|Evasion Items Clause: Evasion items are banned
|rule|Evasion Moves Clause: Evasion moves are banned
|rule|Evasion Abilities Clause: Evasion abilities are banned
|rule|Sleep Moves Clause: Sleep-inducing moves are banned
|clearpoke
|poke|p1|Corviknight, M|
|poke|p1|Clefable, F|
|poke|p1|Alomomola, F|
|poke|p1|Clodsire, F|
|poke|p1|Toxapex, M|
|poke|p1|Quagsire, M|
|poke|p2|Great Tusk|
|poke|p2|Kingambit, F|
|poke|p2|Raging Bolt|
|poke|p2|Walking Wake|
|poke|p2|Ninetales, F|
|poke|p2|Ceruledge, F|
|teampreview
|inactive|Battle timer is ON: inactive players will automatically lose when time's up. (requested by GuyLikeMe1)
|
|t:|1780967735
|teamsize|p1|6
|teamsize|p2|6
|start
|switch|p1a: Clefable|Clefable, F|100/100
|switch|p2a: Ninetales|Ninetales, F|100/100
|-weather|SunnyDay|[from] ability: Drought|[of] p2a: Ninetales
|turn|1
|
|t:|1780967748
|switch|p2a: Ceruledge|Ceruledge, F|100/100
|move|p1a: Clefable|Knock Off|p2a: Ceruledge
|-supereffective|p2a: Ceruledge
|-damage|p2a: Ceruledge|60/100
|-ability|p2a: Ceruledge|Weak Armor|boost
|-unboost|p2a: Ceruledge|def|1
|-boost|p2a: Ceruledge|spe|2
|-enditem|p2a: Ceruledge|Heavy-Duty Boots|[from] move: Knock Off|[of] p1a: Clefable
|
|-weather|SunnyDay|[upkeep]
|upkeep
|turn|2
|
|t:|1780967760
|switch|p1a: Alomomola|Alomomola, F|100/100
|move|p2a: Ceruledge|Bitter Blade|p1a: Alomomola
|-resisted|p1a: Alomomola
|-damage|p1a: Alomomola|75/100
|-heal|p2a: Ceruledge|78/100|[from] drain|[of] p1a: Alomomola
|
|-weather|SunnyDay|[upkeep]
|upkeep
|turn|3
|
|t:|1780967767
|move|p2a: Ceruledge|Swords Dance|p2a: Ceruledge
|-boost|p2a: Ceruledge|atk|2
|move|p1a: Alomomola|Flip Turn|p2a: Ceruledge
|-supereffective|p2a: Ceruledge
|-damage|p2a: Ceruledge|49/100
|-ability|p2a: Ceruledge|Weak Armor|boost
|-unboost|p2a: Ceruledge|def|1
|-boost|p2a: Ceruledge|spe|2
|
|t:|1780967770
|switch|p1a: Quagsire|Quagsire, M|100/100|[from] Flip Turn
|
|-weather|SunnyDay|[upkeep]
|upkeep
|turn|4
|
|t:|1780967778
|switch|p2a: Walking Wake|Walking Wake|100/100
|-activate|p2a: Walking Wake|ability: Protosynthesis
|-start|p2a: Walking Wake|protosynthesisspe
|move|p1a: Quagsire|Earthquake|p2a: Walking Wake
|-damage|p2a: Walking Wake|70/100
|
|-weather|SunnyDay|[upkeep]
|upkeep
|turn|5
|
|t:|1780967786
|switch|p1a: Toxapex|Toxapex, M|100/100
|move|p2a: Walking Wake|Flip Turn|p1a: Toxapex
|-resisted|p1a: Toxapex
|-damage|p1a: Toxapex|98/100
|
|t:|1780967789
|-end|p2a: Walking Wake|Protosynthesis|[silent]
|switch|p2a: Raging Bolt|Raging Bolt|100/100|[from] Flip Turn
|-activate|p2a: Raging Bolt|ability: Protosynthesis
|-start|p2a: Raging Bolt|protosynthesisspa
|
|-weather|SunnyDay|[upkeep]
|upkeep
|turn|6
|
|t:|1780967799
|switch|p1a: Clodsire|Clodsire, F|100/100
|move|p2a: Raging Bolt|Weather Ball|p1a: Clodsire
|-damage|p1a: Clodsire|47/100
|-damage|p2a: Raging Bolt|91/100|[from] item: Life Orb
|
|-weather|SunnyDay|[upkeep]
|upkeep
|turn|7
|
|t:|1780967819
|switch|p1a: Toxapex|Toxapex, M|100/100
|move|p2a: Raging Bolt|Weather Ball|p1a: Toxapex
|-resisted|p1a: Toxapex
|-damage|p1a: Toxapex|62/100
|-damage|p2a: Raging Bolt|81/100|[from] item: Life Orb
|
|-weather|SunnyDay|[upkeep]
|upkeep
|turn|8
|inactive|pinkpriestess3 has 120 seconds left.
|
|t:|1780967846
|-end|p2a: Raging Bolt|Protosynthesis|[silent]
|switch|p2a: Kingambit|Kingambit, F|100/100
|-item|p2a: Kingambit|Air Balloon
|switch|p1a: Clefable|Clefable, F|100/100
|
|-weather|none
|upkeep
|turn|9
|inactive|pinkpriestess3 has 120 seconds left.
|
|t:|1780967862
|switch|p1a: Corviknight|Corviknight, M|100/100
|-ability|p1a: Corviknight|Pressure
|move|p2a: Kingambit|Kowtow Cleave|p1a: Corviknight
|-damage|p1a: Corviknight|65/100
|
|upkeep
|turn|10
|
|t:|1780967866
|-end|p2a: Kingambit|fallenundefined|[silent]
|switch|p2a: Ninetales|Ninetales, F|100/100
|-weather|SunnyDay|[from] ability: Drought|[of] p2a: Ninetales
|move|p1a: Corviknight|Iron Defense|p1a: Corviknight
|-boost|p1a: Corviknight|def|2
|
|-weather|SunnyDay|[upkeep]
|upkeep
|turn|11
|
|t:|1780967875
|switch|p1a: Clodsire|Clodsire, F|47/100
|move|p2a: Ninetales|Scorching Sands|p1a: Clodsire
|-supereffective|p1a: Clodsire
|-damage|p1a: Clodsire|26/100
|
|-weather|SunnyDay|[upkeep]
|upkeep
|turn|12
|
|t:|1780967880
|move|p2a: Ninetales|Overheat|p1a: Clodsire
|-damage|p1a: Clodsire|0 fnt
|-unboost|p2a: Ninetales|spa|2
|faint|p1a: Clodsire
|
|-weather|SunnyDay|[upkeep]
|upkeep
|
|t:|1780967888
|switch|p1a: Clefable|Clefable, F|100/100
|turn|13
|
|t:|1780967892
|switch|p2a: Great Tusk|Great Tusk|100/100
|-activate|p2a: Great Tusk|ability: Protosynthesis
|-start|p2a: Great Tusk|protosynthesisatk
|move|p1a: Clefable|Knock Off|p2a: Great Tusk
|-resisted|p2a: Great Tusk
|-damage|p2a: Great Tusk|94/100
|-enditem|p2a: Great Tusk|Assault Vest|[from] move: Knock Off|[of] p1a: Clefable
|
|-weather|SunnyDay|[upkeep]
|upkeep
|turn|14
|
|t:|1780967900
|switch|p1a: Alomomola|Alomomola, F|100/100
|move|p2a: Great Tusk|Headlong Rush|p1a: Alomomola
|-damage|p1a: Alomomola|43/100
|-unboost|p2a: Great Tusk|def|1
|-unboost|p2a: Great Tusk|spd|1
|
|-weather|SunnyDay|[upkeep]
|upkeep
|turn|15
|
|t:|1780967907
|switch|p1a: Corviknight|Corviknight, M|65/100
|-ability|p1a: Corviknight|Pressure
|move|p2a: Great Tusk|Headlong Rush|p1a: Corviknight
|-immune|p1a: Corviknight
|
|-weather|SunnyDay|[upkeep]
|upkeep
|turn|16
|
|t:|1780967917
|switch|p1a: Toxapex|Toxapex, M|96/100
|move|p2a: Great Tusk|Temper Flare|p1a: Toxapex
|-resisted|p1a: Toxapex
|-damage|p1a: Toxapex|62/100
|
|-weather|SunnyDay|[upkeep]
|upkeep
|turn|17
|
|t:|1780967938
|switch|p1a: Alomomola|Alomomola, F|76/100
|move|p2a: Great Tusk|Headlong Rush|p1a: Alomomola
|-damage|p1a: Alomomola|11/100
|-unboost|p2a: Great Tusk|def|1
|-unboost|p2a: Great Tusk|spd|1
|
|-weather|none
|-end|p2a: Great Tusk|Protosynthesis
|upkeep
|turn|18
|
|t:|1780967948
|switch|p1a: Corviknight|Corviknight, M|65/100
|-ability|p1a: Corviknight|Pressure
|move|p2a: Great Tusk|Temper Flare|p1a: Corviknight
|-supereffective|p1a: Corviknight
|-damage|p1a: Corviknight|24/100
|
|upkeep
|turn|19
|
|t:|1780967955
|switch|p1a: Alomomola|Alomomola, F|45/100
|move|p2a: Great Tusk|Ice Spinner|p1a: Alomomola
|-resisted|p1a: Alomomola
|-damage|p1a: Alomomola|36/100
|
|upkeep
|turn|20
|
|t:|1780967977
|switch|p1a: Quagsire|Quagsire, M|100/100
|move|p2a: Great Tusk|Headlong Rush|p1a: Quagsire
|-damage|p1a: Quagsire|51/100
|-unboost|p2a: Great Tusk|def|1
|-unboost|p2a: Great Tusk|spd|1
|
|upkeep
|turn|21
|inactive|pinkpriestess3 has 120 seconds left.
|
|t:|1780968021
|-end|p2a: Great Tusk|Protosynthesis|[silent]
|switch|p2a: Ninetales|Ninetales, F|100/100
|-weather|SunnyDay|[from] ability: Drought|[of] p2a: Ninetales
|move|p1a: Quagsire|Recover|p1a: Quagsire
|-heal|p1a: Quagsire|100/100
|
|-weather|SunnyDay|[upkeep]
|upkeep
|turn|22
|
|t:|1780968035
|switch|p2a: Raging Bolt|Raging Bolt|81/100
|-activate|p2a: Raging Bolt|ability: Protosynthesis
|-start|p2a: Raging Bolt|protosynthesisspa
|switch|p1a: Toxapex|Toxapex, M|95/100
|
|-weather|SunnyDay|[upkeep]
|upkeep
|turn|23
|inactive|pinkpriestess3 has 90 seconds left.
|
|t:|1780968069
|-terastallize|p1a: Toxapex|Grass
|move|p2a: Raging Bolt|Dragon Pulse|p1a: Toxapex
|-damage|p1a: Toxapex|29/100
|-damage|p2a: Raging Bolt|71/100|[from] item: Life Orb
|move|p1a: Toxapex|Toxic|p2a: Raging Bolt
|-status|p2a: Raging Bolt|tox
|
|-weather|SunnyDay|[upkeep]
|-damage|p2a: Raging Bolt|64/100 tox|[from] psn
|upkeep
|turn|24
|
|t:|1780968076
|switch|p1a: Clefable|Clefable, F|100/100
|move|p2a: Raging Bolt|Weather Ball|p1a: Clefable
|-damage|p1a: Clefable|25/100
|-damage|p2a: Raging Bolt|54/100 tox|[from] item: Life Orb
|
|-weather|SunnyDay|[upkeep]
|-heal|p1a: Clefable|31/100|[from] item: Leftovers
|-damage|p2a: Raging Bolt|42/100 tox|[from] psn
|upkeep
|turn|25
|
|t:|1780968082
|switch|p1a: Alomomola|Alomomola, F|69/100
|move|p2a: Raging Bolt|Solar Beam||[still]
|-prepare|p2a: Raging Bolt|Solar Beam
|-anim|p2a: Raging Bolt|Solar Beam|p1a: Alomomola
|-supereffective|p1a: Alomomola
|-damage|p1a: Alomomola|0 fnt
|faint|p1a: Alomomola
|-damage|p2a: Raging Bolt|32/100 tox|[from] item: Life Orb
|
|-weather|SunnyDay|[upkeep]
|-damage|p2a: Raging Bolt|14/100 tox|[from] psn
|upkeep
|
|t:|1780968091
|switch|p1a: Toxapex|Toxapex, M, tera:Grass|62/100
|turn|26
|
|t:|1780968101
|-end|p2a: Raging Bolt|Protosynthesis|[silent]
|switch|p2a: Great Tusk|Great Tusk|94/100
|-activate|p2a: Great Tusk|ability: Protosynthesis
|-start|p2a: Great Tusk|protosynthesisatk
|switch|p1a: Quagsire|Quagsire, M|100/100
|
|-weather|SunnyDay|[upkeep]
|upkeep
|turn|27
|
|t:|1780968119
|move|p2a: Great Tusk|Ice Spinner|p1a: Quagsire
|-damage|p1a: Quagsire|73/100
|move|p1a: Quagsire|Recover|p1a: Quagsire
|-heal|p1a: Quagsire|100/100
|
|-weather|SunnyDay|[upkeep]
|upkeep
|turn|28
|
|t:|1780968135
|move|p2a: Great Tusk|Ice Spinner|p1a: Quagsire
|-damage|p1a: Quagsire|72/100
|move|p1a: Quagsire|Toxic|p2a: Great Tusk
|-status|p2a: Great Tusk|tox
|
|-weather|none
|-end|p2a: Great Tusk|Protosynthesis
|-damage|p2a: Great Tusk|88/100 tox|[from] psn
|upkeep
|turn|29
|
|t:|1780968142
|-end|p2a: Great Tusk|Protosynthesis|[silent]
|switch|p2a: Kingambit|Kingambit, F|100/100
|-item|p2a: Kingambit|Air Balloon
|move|p1a: Quagsire|Recover|p1a: Quagsire
|-heal|p1a: Quagsire|100/100
|
|upkeep
|turn|30
|
|t:|1780968156
|switch|p1a: Clefable|Clefable, F|31/100
|move|p2a: Kingambit|Swords Dance|p2a: Kingambit
|-boost|p2a: Kingambit|atk|2
|
|-heal|p1a: Clefable|37/100|[from] item: Leftovers
|upkeep
|turn|31
|
|t:|1780968166
|move|p2a: Kingambit|Kowtow Cleave|p1a: Clefable
|-resisted|p1a: Clefable
|-damage|p1a: Clefable|0 fnt
|faint|p1a: Clefable
|
|upkeep
|
|t:|1780968168
|switch|p1a: Toxapex|Toxapex, M, tera:Grass|96/100
|turn|32
|
|t:|1780968173
|move|p2a: Kingambit|Kowtow Cleave|p1a: Toxapex
|-damage|p1a: Toxapex|39/100
|move|p1a: Toxapex|Haze|p1a: Toxapex
|-clearallboost
|
|upkeep
|turn|33
|
|t:|1780968177
|switch|p1a: Corviknight|Corviknight, M|24/100
|-ability|p1a: Corviknight|Pressure
|move|p2a: Kingambit|Swords Dance|p2a: Kingambit
|-boost|p2a: Kingambit|atk|2
|
|upkeep
|turn|34
|
|t:|1780968189
|move|p1a: Corviknight|Body Press|p2a: Kingambit
|-supereffective|p2a: Kingambit
|-crit|p2a: Kingambit
|-damage|p2a: Kingambit|0 fnt
|-enditem|p2a: Kingambit|Air Balloon
|faint|p2a: Kingambit
|-end|p2a: Kingambit|fallenundefined|[silent]
|
|upkeep
|
|t:|1780968200
|switch|p2a: Ceruledge|Ceruledge, F|49/100
|turn|35
|
|t:|1780968217
|switch|p1a: Quagsire|Quagsire, M|100/100
|move|p2a: Ceruledge|Poltergeist|p1a: Quagsire|[miss]
|-miss|p2a: Ceruledge|p1a: Quagsire
|
|upkeep
|turn|36
|
|t:|1780968224
|switch|p2a: Ninetales|Ninetales, F|100/100
|-weather|SunnyDay|[from] ability: Drought|[of] p2a: Ninetales
|move|p1a: Quagsire|Stealth Rock|p2a: Ninetales
|-sidestart|p2: GuyLikeMe1|move: Stealth Rock
|
|-weather|SunnyDay|[upkeep]
|upkeep
|turn|37
|
|t:|1780968234
|switch|p1a: Corviknight|Corviknight, M|24/100
|-ability|p1a: Corviknight|Pressure
|move|p2a: Ninetales|Encore||[still]
|-fail|p2a: Ninetales
|
|-weather|SunnyDay|[upkeep]
|upkeep
|turn|38
|
|t:|1780968242
|switch|p1a: Quagsire|Quagsire, M|100/100
|move|p2a: Ninetales|Overheat|p1a: Quagsire
|-resisted|p1a: Quagsire
|-damage|p1a: Quagsire|55/100
|-unboost|p2a: Ninetales|spa|2
|
|-weather|SunnyDay|[upkeep]
|upkeep
|turn|39
|
|t:|1780968249
|switch|p2a: Walking Wake|Walking Wake|70/100
|-damage|p2a: Walking Wake|58/100|[from] Stealth Rock
|-activate|p2a: Walking Wake|ability: Protosynthesis
|-start|p2a: Walking Wake|protosynthesisspe
|move|p1a: Quagsire|Recover|p1a: Quagsire
|-heal|p1a: Quagsire|100/100
|
|-weather|SunnyDay|[upkeep]
|upkeep
|turn|40
|
|t:|1780968259
|switch|p1a: Toxapex|Toxapex, M, tera:Grass|72/100
|move|p2a: Walking Wake|Weather Ball|p1a: Toxapex
|-supereffective|p1a: Toxapex
|-damage|p1a: Toxapex|0 fnt
|faint|p1a: Toxapex
|
|-weather|SunnyDay|[upkeep]
|upkeep
|-message|pinkpriestess3 forfeited.
|
|win|GuyLikeMe1
|raw|pinkpriestess3's rating: 1562 &rarr; <strong>1541</strong><br />(-21 for losing)
|raw|GuyLikeMe1's rating: 1538 &rarr; <strong>1559</strong><br />(+21 for winning)
|l|☆pinkpriestess3
|player|p1|
|j|☆pinkpriestess3
|player|p1|pinkpriestess3|170|
