|j|☆FireSide_01
|j|☆kooopooolooo
|t:|1781274401
|gametype|singles
|player|p1|FireSide_01|janine|1541
|player|p2|kooopooolooo|169|1548
|gen|9
|tier|[Gen 9] OU
|rated|
|rule|HP Percentage Mod: HP is shown in percentages
|rule|Endless Battle Clause: Forcing endless battles is banned
|rule|Species Clause: Limit one of each Pokémon
|rule|OHKO Clause: OHKO moves are banned
|rule|Evasion Items Clause: Evasion items are banned
|rule|Evasion Moves Clause: Evasion moves are banned
|rule|Evasion Abilities Clause: Evasion abilities are banned
|rule|Sleep Moves Clause: Sleep-inducing moves are banned
|clearpoke
|poke|p1|Ninetales, F|
|poke|p1|Walking Wake|
|poke|p1|Typhlosion-Hisui, F|
|poke|p1|Great Tusk|
|poke|p1|Rillaboom, F|
|poke|p1|Raging Bolt|
|poke|p2|Lokix, F|
|poke|p2|Hatterene, F|
|poke|p2|Excadrill, F|
|poke|p2|Tyranitar, M|
|poke|p2|Dragapult, F|
|poke|p2|Zapdos|
|teampreview
|inactive|Battle timer is ON: inactive players will automatically lose when time's up. (requested by kooopooolooo)
|
|t:|1781274447
|teamsize|p1|6
|teamsize|p2|6
|start
|switch|p1a: Great Tusk|Great Tusk|100/100
|switch|p2a: Dragapult|Dragapult, F|100/100
|turn|1
|
|t:|1781274476
|move|p2a: Dragapult|Draco Meteor|p1a: Great Tusk
|-damage|p1a: Great Tusk|0 fnt
|-unboost|p2a: Dragapult|spa|2
|faint|p1a: Great Tusk
|-end|p1a: Great Tusk|Protosynthesis|[silent]
|
|upkeep
|
|t:|1781274484
|switch|p1a: Typhlosion|Typhlosion-Hisui, F|100/100
|turn|2
|
|t:|1781274496
|switch|p2a: Tyranitar|Tyranitar, M|100/100
|-weather|Sandstorm|[from] ability: Sand Stream|[of] p2a: Tyranitar
|move|p1a: Typhlosion|Shadow Ball|p2a: Tyranitar
|-resisted|p2a: Tyranitar
|-damage|p2a: Tyranitar|87/100
|-unboost|p2a: Tyranitar|spd|1
|
|-weather|Sandstorm|[upkeep]
|-damage|p1a: Typhlosion|94/100|[from] Sandstorm
|-heal|p2a: Tyranitar|93/100|[from] item: Leftovers
|upkeep
|turn|3
|
|t:|1781274508
|switch|p1a: Raging Bolt|Raging Bolt|100/100
|move|p2a: Tyranitar|Stone Edge|p1a: Raging Bolt
|-damage|p1a: Raging Bolt|45/100
|
|-weather|Sandstorm|[upkeep]
|-damage|p1a: Raging Bolt|39/100|[from] Sandstorm
|-heal|p2a: Tyranitar|99/100|[from] item: Leftovers
|upkeep
|turn|4
|inactive|kooopooolooo has 120 seconds left.
|
|t:|1781274550
|-end|p1a: Raging Bolt|Protosynthesis|[silent]
|switch|p1a: Ninetales|Ninetales, F|100/100
|-weather|SunnyDay|[from] ability: Drought|[of] p1a: Ninetales
|switch|p2a: Excadrill|Excadrill, F|100/100
|
|-weather|SunnyDay|[upkeep]
|upkeep
|turn|5
|
|t:|1781274577
|switch|p1a: Walking Wake|Walking Wake|100/100
|-activate|p1a: Walking Wake|ability: Protosynthesis
|-start|p1a: Walking Wake|protosynthesisspa
|switch|p2a: Hatterene|Hatterene, F|100/100
|
|-weather|SunnyDay|[upkeep]
|upkeep
|turn|6
|inactive|kooopooolooo has 120 seconds left.
|
|t:|1781274593
|-terastallize|p1a: Walking Wake|Water
|move|p1a: Walking Wake|Hydro Steam|p2a: Hatterene
|-damage|p2a: Hatterene|0 fnt
|faint|p2a: Hatterene
|
|-weather|SunnyDay|[upkeep]
|upkeep
|
|t:|1781274597
|switch|p2a: Tyranitar|Tyranitar, M|99/100
|-weather|Sandstorm|[from] ability: Sand Stream|[of] p2a: Tyranitar
|-end|p1a: Walking Wake|Protosynthesis
|turn|7
|
|t:|1781274601
|switch|p2a: Dragapult|Dragapult, F|100/100
|move|p1a: Walking Wake|Hydro Steam|p2a: Dragapult
|-resisted|p2a: Dragapult
|-damage|p2a: Dragapult|38/100
|
|-weather|Sandstorm|[upkeep]
|-damage|p2a: Dragapult|32/100|[from] Sandstorm
|-damage|p1a: Walking Wake|94/100|[from] Sandstorm
|upkeep
|turn|8
|
|t:|1781274619
|-end|p1a: Walking Wake|Protosynthesis|[silent]
|switch|p1a: Raging Bolt|Raging Bolt|39/100
|move|p2a: Dragapult|Draco Meteor|p1a: Raging Bolt
|-supereffective|p1a: Raging Bolt
|-damage|p1a: Raging Bolt|0 fnt
|-unboost|p2a: Dragapult|spa|2
|faint|p1a: Raging Bolt
|-end|p1a: Raging Bolt|Protosynthesis|[silent]
|
|-weather|Sandstorm|[upkeep]
|-damage|p2a: Dragapult|26/100|[from] Sandstorm
|upkeep
|inactive|FireSide_01 has 120 seconds left.
|
|t:|1781274646
|switch|p1a: Rillaboom|Rillaboom, F|100/100
|-fieldstart|move: Grassy Terrain|[from] ability: Grassy Surge|[of] p1a: Rillaboom
|turn|9
|
|t:|1781274661
|move|p2a: Dragapult|Draco Meteor|p1a: Rillaboom
|-damage|p1a: Rillaboom|44/100
|-unboost|p2a: Dragapult|spa|2
|move|p1a: Rillaboom|U-turn|p2a: Dragapult
|-resisted|p2a: Dragapult
|-damage|p2a: Dragapult|2/100
|inactive|FireSide_01 has 120 seconds left.
|
|t:|1781274679
|switch|p1a: Ninetales|Ninetales, F|100/100|[from] U-turn
|-weather|SunnyDay|[from] ability: Drought|[of] p1a: Ninetales
|
|-weather|SunnyDay|[upkeep]
|-heal|p2a: Dragapult|8/100|[from] Grassy Terrain
|upkeep
|turn|10
|
|t:|1781274687
|move|p2a: Dragapult|Draco Meteor|p1a: Ninetales
|-damage|p1a: Ninetales|73/100
|-unboost|p2a: Dragapult|spa|2
|move|p1a: Ninetales|Will-O-Wisp|p2a: Dragapult
|-status|p2a: Dragapult|brn
|
|-weather|SunnyDay|[upkeep]
|-heal|p2a: Dragapult|14/100 brn|[from] Grassy Terrain
|-heal|p1a: Ninetales|79/100|[from] Grassy Terrain
|-damage|p2a: Dragapult|8/100 brn|[from] brn
|upkeep
|turn|11
|
|t:|1781274697
|switch|p2a: Zapdos|Zapdos|100/100
|switch|p1a: Walking Wake|Walking Wake, tera:Water|94/100
|-activate|p1a: Walking Wake|ability: Protosynthesis
|-start|p1a: Walking Wake|protosynthesisspa
|
|-weather|SunnyDay|[upkeep]
|-heal|p1a: Walking Wake|100/100|[from] Grassy Terrain
|upkeep
|turn|12
|
|t:|1781274718
|move|p1a: Walking Wake|Hydro Steam|p2a: Zapdos
|-damage|p2a: Zapdos|0 fnt
|faint|p2a: Zapdos
|
|-weather|SunnyDay|[upkeep]
|upkeep
|
|t:|1781274721
|switch|p2a: Tyranitar|Tyranitar, M|99/100
|-weather|Sandstorm|[from] ability: Sand Stream|[of] p2a: Tyranitar
|-end|p1a: Walking Wake|Protosynthesis
|turn|13
|
|t:|1781274725
|move|p1a: Walking Wake|Hydro Steam|p2a: Tyranitar
|-supereffective|p2a: Tyranitar
|-damage|p2a: Tyranitar|0 fnt
|faint|p2a: Tyranitar
|
|-weather|Sandstorm|[upkeep]
|-damage|p1a: Walking Wake|94/100|[from] Sandstorm
|-heal|p1a: Walking Wake|100/100|[from] Grassy Terrain
|-fieldend|move: Grassy Terrain
|upkeep
|
|t:|1781274730
|switch|p2a: Dragapult|Dragapult, F|8/100 brn
|turn|14
|
|t:|1781274734
|-end|p1a: Walking Wake|Protosynthesis|[silent]
|switch|p1a: Ninetales|Ninetales, F|79/100
|-weather|SunnyDay|[from] ability: Drought|[of] p1a: Ninetales
|move|p2a: Dragapult|U-turn|p1a: Ninetales
|-resisted|p1a: Ninetales
|-damage|p1a: Ninetales|74/100
|
|t:|1781274736
|switch|p2a: Lokix|Lokix, F|100/100|[from] U-turn
|
|-weather|SunnyDay|[upkeep]
|upkeep
|turn|15
|
|t:|1781274746
|-terastallize|p2a: Lokix|Bug
|move|p2a: Lokix|First Impression|p1a: Ninetales
|-resisted|p1a: Ninetales
|-damage|p1a: Ninetales|0 fnt
|faint|p1a: Ninetales
|
|-weather|SunnyDay|[upkeep]
|upkeep
|
|t:|1781274750
|switch|p1a: Walking Wake|Walking Wake, tera:Water|100/100
|-activate|p1a: Walking Wake|ability: Protosynthesis
|-start|p1a: Walking Wake|protosynthesisspa
|turn|16
|
|t:|1781274758
|switch|p2a: Dragapult|Dragapult, F|8/100 brn
|move|p1a: Walking Wake|Hydro Steam|p2a: Dragapult
|-resisted|p2a: Dragapult
|-damage|p2a: Dragapult|0 fnt
|faint|p2a: Dragapult
|
|-weather|SunnyDay|[upkeep]
|upkeep
|
|t:|1781274760
|switch|p2a: Lokix|Lokix, F, tera:Bug|100/100
|turn|17
|
|t:|1781274765
|-end|p1a: Walking Wake|Protosynthesis|[silent]
|switch|p1a: Rillaboom|Rillaboom, F|44/100
|-fieldstart|move: Grassy Terrain|[from] ability: Grassy Surge|[of] p1a: Rillaboom
|move|p2a: Lokix|First Impression|p1a: Rillaboom
|-supereffective|p1a: Rillaboom
|-damage|p1a: Rillaboom|0 fnt
|faint|p1a: Rillaboom
|
|-weather|SunnyDay|[upkeep]
|upkeep
|
|t:|1781274768
|switch|p1a: Walking Wake|Walking Wake, tera:Water|100/100
|-activate|p1a: Walking Wake|ability: Protosynthesis
|-start|p1a: Walking Wake|protosynthesisspa
|turn|18
|
|t:|1781274774
|switch|p2a: Excadrill|Excadrill, F|100/100
|move|p1a: Walking Wake|Hydro Steam|p2a: Excadrill
|-supereffective|p2a: Excadrill
|-damage|p2a: Excadrill|0 fnt
|faint|p2a: Excadrill
|
|-weather|SunnyDay|[upkeep]
|upkeep
|
|t:|1781274775
|switch|p2a: Lokix|Lokix, F, tera:Bug|100/100
|turn|19
|
|t:|1781274777
|-end|p1a: Walking Wake|Protosynthesis|[silent]
|switch|p1a: Typhlosion|Typhlosion-Hisui, F|94/100
|move|p2a: Lokix|First Impression|p1a: Typhlosion
|-resisted|p1a: Typhlosion
|-damage|p1a: Typhlosion|40/100
|
|-weather|SunnyDay|[upkeep]
|-heal|p1a: Typhlosion|46/100|[from] Grassy Terrain
|upkeep
|turn|20
|
|t:|1781274807
|move|p2a: Lokix|Sucker Punch|p1a: Typhlosion
|-supereffective|p1a: Typhlosion
|-damage|p1a: Typhlosion|0 fnt
|faint|p1a: Typhlosion
|
|-weather|SunnyDay|[upkeep]
|upkeep
|
|t:|1781274810
|switch|p1a: Walking Wake|Walking Wake, tera:Water|100/100
|-activate|p1a: Walking Wake|ability: Protosynthesis
|-start|p1a: Walking Wake|protosynthesisspa
|turn|21
|inactive|kooopooolooo has 120 seconds left.
|
|t:|1781274831
|move|p2a: Lokix|Sucker Punch|p1a: Walking Wake
|-damage|p1a: Walking Wake|63/100
|move|p1a: Walking Wake|Hydro Steam|p2a: Lokix
|-damage|p2a: Lokix|0 fnt
|faint|p2a: Lokix
|
|win|FireSide_01
|raw|FireSide_01's rating: 1541 &rarr; <strong>1561</strong><br />(+20 for winning)
|raw|kooopooolooo's rating: 1548 &rarr; <strong>1528</strong><br />(-20 for losing)
|c|☆FireSide_01|gg
|l|☆FireSide_01
|player|p1|
