|j|☆Galarian Blades
|j|☆tb poke
|t:|1781170375
|gametype|singles
|player|p1|Galarian Blades|#capplxiwutangclants|1675
|player|p2|tb poke|170|1671
|gen|9
|tier|[Gen 9] OU
|rated|
|rule|HP Percentage Mod: HP is shown in percentages
|rule|Endless Battle Clause: Forcing endless battles is banned
|rule|Species Clause: Limit one of each Pokémon
|rule|OHKO Clause: OHKO moves are banned
|rule|Evasion Items Clause: Evasion items are banned
|rule|Evasion Moves Clause: Evasion moves are banned
|rule|Evasion Abilities Clause: Evasion abilities are banned
|rule|Sleep Moves Clause: Sleep-inducing moves are banned
|clearpoke
|poke|p1|Zamazenta-*|
|poke|p1|Dragonite, F|
|poke|p1|Kyurem|
|poke|p1|Hatterene, F|
|poke|p1|Kingambit, F|
|poke|p1|Landorus-Therian, M|
|poke|p2|Zamazenta-*|
|poke|p2|Iron Treads|
|poke|p2|Pecharunt|
|poke|p2|Tornadus-Therian, M|
|poke|p2|Clefable, F|
|poke|p2|Alomomola, F|
|teampreview
|inactive|Battle timer is ON: inactive players will automatically lose when time's up. (requested by Galarian Blades)
|
|t:|1781170385
|teamsize|p1|6
|teamsize|p2|6
|start
|switch|p1a: Kyurem|Kyurem|100/100
|switch|p2a: Alomomola|Alomomola, F|100/100
|-ability|p1a: Kyurem|Pressure
|turn|1
|
|t:|1781170404
|switch|p1a: Hatterene|Hatterene, F|100/100
|move|p2a: Alomomola|Flip Turn|p1a: Hatterene
|-damage|p1a: Hatterene|82/100
|
|t:|1781170410
|switch|p2a: Pecharunt|Pecharunt|100/100|[from] Flip Turn
|
|upkeep
|turn|2
|
|t:|1781170415
|switch|p1a: Kingambit|Kingambit, F|100/100
|move|p2a: Pecharunt|Malignant Chain|p1a: Kingambit
|-immune|p1a: Kingambit
|
|upkeep
|turn|3
|
|t:|1781170420
|-end|p1a: Kingambit|fallenundefined|[silent]
|switch|p1a: Landorus|Landorus-Therian, M|100/100
|-ability|p1a: Landorus|Intimidate|boost
|-unboost|p2a: Pecharunt|atk|1
|move|p2a: Pecharunt|Parting Shot|p1a: Landorus
|-unboost|p1a: Landorus|atk|1
|-unboost|p1a: Landorus|spa|1
|
|t:|1781170427
|switch|p2a: Tornadus|Tornadus-Therian, M|100/100|[from] Parting Shot
|
|upkeep
|turn|4
|
|t:|1781170433
|move|p2a: Tornadus|Nasty Plot|p2a: Tornadus
|-boost|p2a: Tornadus|spa|2
|move|p1a: Landorus|Stealth Rock|p2a: Tornadus
|-sidestart|p2: tb poke|move: Stealth Rock
|
|upkeep
|turn|5
|
|t:|1781170440
|move|p2a: Tornadus|Nasty Plot|p2a: Tornadus
|-boost|p2a: Tornadus|spa|2
|move|p1a: Landorus|U-turn|p2a: Tornadus
|-resisted|p2a: Tornadus
|-damage|p2a: Tornadus|91/100
|
|t:|1781170445
|switch|p1a: Zamazenta|Zamazenta|100/100|[from] U-turn
|-ability|p1a: Zamazenta|Dauntless Shield|boost
|-boost|p1a: Zamazenta|def|1
|
|upkeep
|turn|6
|
|t:|1781170447
|move|p1a: Zamazenta|Stone Edge|p2a: Tornadus
|-supereffective|p2a: Tornadus
|-damage|p2a: Tornadus|0 fnt
|faint|p2a: Tornadus
|-damage|p1a: Zamazenta|91/100|[from] item: Life Orb
|
|upkeep
|
|t:|1781170456
|switch|p2a: Zamazenta|Zamazenta|100/100
|-damage|p2a: Zamazenta|94/100|[from] Stealth Rock
|-ability|p2a: Zamazenta|Dauntless Shield|boost
|-boost|p2a: Zamazenta|def|1
|turn|7
|
|t:|1781170460
|switch|p1a: Landorus|Landorus-Therian, M|100/100
|-ability|p1a: Landorus|Intimidate|boost
|-unboost|p2a: Zamazenta|atk|1
|move|p2a: Zamazenta|Iron Defense|p2a: Zamazenta
|-boost|p2a: Zamazenta|def|2
|
|-heal|p2a: Zamazenta|100/100|[from] item: Leftovers
|upkeep
|turn|8
|
|t:|1781170464
|move|p2a: Zamazenta|Iron Defense|p2a: Zamazenta
|-boost|p2a: Zamazenta|def|2
|move|p1a: Landorus|Sandsear Storm|p2a: Zamazenta
|-damage|p2a: Zamazenta|65/100
|-status|p2a: Zamazenta|brn
|
|-heal|p2a: Zamazenta|71/100 brn|[from] item: Leftovers
|-damage|p2a: Zamazenta|65/100 brn|[from] brn
|upkeep
|turn|9
|
|t:|1781170469
|move|p2a: Zamazenta|Body Press|p1a: Landorus
|-resisted|p1a: Landorus
|-damage|p1a: Landorus|76/100
|-damage|p2a: Zamazenta|48/100 brn|[from] item: Rocky Helmet|[of] p1a: Landorus
|move|p1a: Landorus|U-turn|p2a: Zamazenta
|-resisted|p2a: Zamazenta
|-damage|p2a: Zamazenta|46/100 brn
|
|t:|1781170473
|switch|p1a: Hatterene|Hatterene, F|82/100|[from] U-turn
|
|-heal|p2a: Zamazenta|52/100 brn|[from] item: Leftovers
|-damage|p2a: Zamazenta|46/100 brn|[from] brn
|upkeep
|turn|10
|
|t:|1781170484
|move|p2a: Zamazenta|Heavy Slam|p1a: Hatterene
|-supereffective|p1a: Hatterene
|-damage|p1a: Hatterene|58/100
|move|p1a: Hatterene|Psychic Noise|p2a: Zamazenta
|-supereffective|p2a: Zamazenta
|-damage|p2a: Zamazenta|0 fnt
|faint|p2a: Zamazenta
|
|upkeep
|
|t:|1781170491
|switch|p2a: Iron Treads|Iron Treads|100/100
|-damage|p2a: Iron Treads|97/100|[from] Stealth Rock
|-item|p2a: Iron Treads|Air Balloon
|turn|11
|
|t:|1781170494
|switch|p1a: Landorus|Landorus-Therian, M|76/100
|-ability|p1a: Landorus|Intimidate|boost
|-unboost|p2a: Iron Treads|atk|1
|move|p2a: Iron Treads|Rapid Spin|p1a: Landorus
|-damage|p1a: Landorus|67/100
|-boost|p2a: Iron Treads|spe|1
|-damage|p2a: Iron Treads|81/100|[from] item: Rocky Helmet|[of] p1a: Landorus
|-sideend|p2: tb poke|Stealth Rock|[from] move: Rapid Spin|[of] p2a: Iron Treads
|
|upkeep
|turn|12
|
|t:|1781170500
|move|p2a: Iron Treads|Ice Spinner|p1a: Landorus
|-supereffective|p1a: Landorus
|-damage|p1a: Landorus|18/100
|-damage|p2a: Iron Treads|64/100|[from] item: Rocky Helmet|[of] p1a: Landorus
|move|p1a: Landorus|Smack Down|p2a: Iron Treads
|-resisted|p2a: Iron Treads
|-damage|p2a: Iron Treads|61/100
|-enditem|p2a: Iron Treads|Air Balloon
|
|upkeep
|turn|13
|
|t:|1781170508
|switch|p1a: Hatterene|Hatterene, F|58/100
|move|p2a: Iron Treads|Ice Spinner|p1a: Hatterene
|-crit|p1a: Hatterene
|-damage|p1a: Hatterene|15/100
|
|upkeep
|turn|14
|-enditem|p1a: Hatterene|Custap Berry|[eat]
|-activate|p1a: Hatterene|item: Custap Berry|[consumed]
|
|t:|1781170512
|move|p1a: Hatterene|Mystical Fire|p2a: Iron Treads
|-supereffective|p2a: Iron Treads
|-damage|p2a: Iron Treads|0 fnt
|faint|p2a: Iron Treads
|-end|p2a: Iron Treads|Quark Drive|[silent]
|
|upkeep
|
|t:|1781170516
|switch|p2a: Clefable|Clefable, F|100/100
|turn|15
|
|t:|1781170522
|move|p2a: Clefable|Moonblast|p1a: Hatterene
|-damage|p1a: Hatterene|0 fnt
|faint|p1a: Hatterene
|
|upkeep
|
|t:|1781170527
|switch|p1a: Kingambit|Kingambit, F|100/100
|-activate|p1a: Kingambit|ability: Supreme Overlord
|-start|p1a: Kingambit|fallen1|[silent]
|turn|16
|
|t:|1781170532
|-terastallize|p2a: Clefable|Water
|move|p1a: Kingambit|Swords Dance|p1a: Kingambit
|-boost|p1a: Kingambit|atk|2
|move|p2a: Clefable|Thunder Wave|p1a: Kingambit
|-status|p1a: Kingambit|par
|
|upkeep
|turn|17
|
|t:|1781170543
|move|p2a: Clefable|Knock Off|p1a: Kingambit
|-resisted|p1a: Kingambit
|-damage|p1a: Kingambit|94/100 par
|-enditem|p1a: Kingambit|Leftovers|[from] move: Knock Off|[of] p2a: Clefable
|cant|p1a: Kingambit|par
|
|upkeep
|turn|18
|
|t:|1781170547
|move|p2a: Clefable|Moonblast|p1a: Kingambit
|-damage|p1a: Kingambit|63/100 par
|-unboost|p1a: Kingambit|spa|1
|cant|p1a: Kingambit|par
|
|upkeep
|turn|19
|
|t:|1781170552
|move|p1a: Kingambit|Sucker Punch|p2a: Clefable
|-damage|p2a: Clefable|37/100
|-damage|p1a: Kingambit|47/100 par|[from] item: Rocky Helmet|[of] p2a: Clefable
|move|p2a: Clefable|Moonblast|p1a: Kingambit
|-damage|p1a: Kingambit|12/100 par
|
|upkeep
|turn|20
|
|t:|1781170560
|move|p2a: Clefable|Moonlight|p2a: Clefable
|-heal|p2a: Clefable|87/100
|cant|p1a: Kingambit|par
|
|upkeep
|turn|21
|
|t:|1781170567
|move|p1a: Kingambit|Sucker Punch||[still]
|-fail|p1a: Kingambit
|move|p2a: Clefable|Moonlight|p2a: Clefable
|-heal|p2a: Clefable|100/100
|
|upkeep
|turn|22
|
|t:|1781170574
|cant|p1a: Kingambit|par
|move|p2a: Clefable|Moonblast|p1a: Kingambit
|-damage|p1a: Kingambit|0 fnt
|faint|p1a: Kingambit
|-end|p1a: Kingambit|fallen1|[silent]
|
|upkeep
|inactive|Galarian Blades has 120 seconds left.
|
|t:|1781170607
|switch|p1a: Landorus|Landorus-Therian, M|18/100
|-ability|p1a: Landorus|Intimidate|boost
|-unboost|p2a: Clefable|atk|1
|turn|23
|
|t:|1781170609
|move|p1a: Landorus|Sandsear Storm|p2a: Clefable
|-damage|p2a: Clefable|68/100
|move|p2a: Clefable|Moonblast|p1a: Landorus
|-damage|p1a: Landorus|0 fnt
|faint|p1a: Landorus
|
|upkeep
|
|t:|1781170614
|switch|p1a: Kyurem|Kyurem|100/100
|-ability|p1a: Kyurem|Pressure
|turn|24
|
|t:|1781170616
|move|p1a: Kyurem|Freeze-Dry|p2a: Clefable
|-supereffective|p2a: Clefable
|-damage|p2a: Clefable|0 fnt
|faint|p2a: Clefable
|
|upkeep
|
|t:|1781170621
|switch|p2a: Alomomola|Alomomola, F|100/100
|turn|25
|
|t:|1781170627
|move|p1a: Kyurem|Freeze-Dry|p2a: Alomomola
|-supereffective|p2a: Alomomola
|-damage|p2a: Alomomola|65/100
|-status|p2a: Alomomola|frz
|cant|p2a: Alomomola|frz
|
|upkeep
|turn|26
|
|t:|1781170631
|move|p1a: Kyurem|Freeze-Dry|p2a: Alomomola
|-supereffective|p2a: Alomomola
|-damage|p2a: Alomomola|28/100 frz
|cant|p2a: Alomomola|frz
|
|upkeep
|turn|27
|
|t:|1781170634
|switch|p2a: Pecharunt|Pecharunt|100/100
|move|p1a: Kyurem|Freeze-Dry|p2a: Pecharunt
|-damage|p2a: Pecharunt|66/100
|
|upkeep
|turn|28
|
|t:|1781170643
|move|p1a: Kyurem|Earth Power|p2a: Pecharunt
|-supereffective|p2a: Pecharunt
|-damage|p2a: Pecharunt|0 fnt
|faint|p2a: Pecharunt
|
|upkeep
|
|t:|1781170645
|switch|p2a: Alomomola|Alomomola, F|61/100 frz
|turn|29
|
|t:|1781170646
|move|p1a: Kyurem|Freeze-Dry|p2a: Alomomola
|-supereffective|p2a: Alomomola
|-damage|p2a: Alomomola|23/100 frz
|cant|p2a: Alomomola|frz
|
|upkeep
|turn|30
|
|t:|1781170648
|move|p1a: Kyurem|Freeze-Dry|p2a: Alomomola
|-supereffective|p2a: Alomomola
|-damage|p2a: Alomomola|0 fnt
|faint|p2a: Alomomola
|
|win|Galarian Blades
|raw|Galarian Blades's rating: 1675 &rarr; <strong>1695</strong><br />(+20 for winning)
|raw|tb poke's rating: 1671 &rarr; <strong>1651</strong><br />(-20 for losing)
|l|☆Galarian Blades
|player|p1|
|l|☆tb poke
|player|p2|
