|j|☆KurisuChestnutOU
|j|☆OP Earthquakes
|t:|1781126585
|gametype|singles
|player|p1|KurisuChestnutOU|may-contest|1576
|player|p2|OP Earthquakes|giovanni-masters|1823
|gen|9
|tier|[Gen 9] OU
|rated|
|rule|HP Percentage Mod: HP is shown in percentages
|rule|Endless Battle Clause: Forcing endless battles is banned
|rule|Species Clause: Limit one of each Pokémon
|rule|OHKO Clause: OHKO moves are banned
|rule|Evasion Items Clause: Evasion items are banned
|rule|Evasion Moves Clause: Evasion moves are banned
|rule|Evasion Abilities Clause: Evasion abilities are banned
|rule|Sleep Moves Clause: Sleep-inducing moves are banned
|clearpoke
|poke|p1|Gliscor, M|
|poke|p1|Dondozo, F|
|poke|p1|Slowking-Galar, M|
|poke|p1|Gholdengo|
|poke|p1|Great Tusk|
|poke|p1|Kingambit, F|
|poke|p2|Tyranitar, F|
|poke|p2|Pawmot, F|
|poke|p2|Kyurem|
|poke|p2|Excadrill, M|
|poke|p2|Hawlucha, M|
|poke|p2|Zamazenta-*|
|teampreview
|inactive|Battle timer is ON: inactive players will automatically lose when time's up. (requested by OP Earthquakes)
|inactive|KurisuChestnutOU also wants the timer to be on.
|c|☆OP Earthquakes|Didnt expect to battle you
|c|☆OP Earthquakes|after my alt acc yesterday
|c|☆OP Earthquakes|GLHF
|c|☆OP Earthquakes|lol
|inactive|OP Earthquakes has 120 seconds left.
|
|t:|1781126619
|teamsize|p1|6
|teamsize|p2|6
|start
|switch|p1a: Gholdengo|Gholdengo|100/100
|switch|p2a: Toshiro|Kyurem, shiny|100/100
|-item|p1a: Gholdengo|Air Balloon
|-ability|p2a: Toshiro|Pressure
|turn|1
|
|t:|1781126624
|-terastallize|p2a: Toshiro|Ghost
|move|p1a: Gholdengo|Make It Rain|p2a: Toshiro
|-damage|p2a: Toshiro|38/100
|-unboost|p1a: Gholdengo|spa|1
|move|p2a: Toshiro|Shadow Ball|p1a: Gholdengo
|-supereffective|p1a: Gholdengo
|-damage|p1a: Gholdengo|0 fnt
|-enditem|p1a: Gholdengo|Air Balloon
|faint|p1a: Gholdengo
|
|upkeep
|
|t:|1781126628
|switch|p1a: Kingambit|Kingambit, F|100/100
|-activate|p1a: Kingambit|ability: Supreme Overlord
|-start|p1a: Kingambit|fallen1|[silent]
|turn|2
|
|t:|1781126643
|switch|p2a: Itachi|Hawlucha, M, shiny|100/100
|-ability|p2a: Itachi|Mold Breaker
|move|p1a: Kingambit|Iron Head|p2a: Itachi
|-damage|p2a: Itachi|31/100
|-enditem|p2a: Itachi|Red Card|[of] p1a: Kingambit
|-end|p1a: Kingambit|fallen1|[silent]
|drag|p1a: Dondozo|Dondozo, F|100/100
|
|upkeep
|turn|3
|
|t:|1781126647
|move|p2a: Itachi|Brave Bird|p1a: Dondozo
|-damage|p1a: Dondozo|76/100
|-damage|p2a: Itachi|18/100|[from] Recoil
|move|p1a: Dondozo|Wave Crash|p2a: Itachi
|-damage|p2a: Itachi|0 fnt
|faint|p2a: Itachi
|-damage|p1a: Dondozo|73/100|[from] Recoil
|
|-heal|p1a: Dondozo|79/100|[from] item: Leftovers
|upkeep
|
|t:|1781126650
|switch|p2a: Toshiro|Kyurem, shiny, tera:Ghost|38/100
|-ability|p2a: Toshiro|Pressure
|turn|4
|
|t:|1781126654
|switch|p1a: Kingambit|Kingambit, F|100/100
|-activate|p1a: Kingambit|ability: Supreme Overlord
|-start|p1a: Kingambit|fallen1|[silent]
|move|p2a: Toshiro|Freeze-Dry|p1a: Kingambit
|-resisted|p1a: Kingambit
|-damage|p1a: Kingambit|77/100
|
|-heal|p1a: Kingambit|84/100|[from] item: Leftovers
|upkeep
|turn|5
|
|t:|1781126657
|move|p2a: Toshiro|Earth Power|p1a: Kingambit
|-supereffective|p1a: Kingambit
|-damage|p1a: Kingambit|0 fnt
|faint|p1a: Kingambit
|-end|p1a: Kingambit|fallen1|[silent]
|
|upkeep
|
|t:|1781126663
|switch|p1a: Great Tusk|Great Tusk|100/100
|turn|6
|
|t:|1781126669
|switch|p2a: The sandstorm|Tyranitar, F, shiny|100/100
|-weather|Sandstorm|[from] ability: Sand Stream|[of] p2a: The sandstorm
|move|p1a: Great Tusk|Headlong Rush|p2a: The sandstorm
|-supereffective|p2a: The sandstorm
|-damage|p2a: The sandstorm|15/100
|-unboost|p1a: Great Tusk|def|1
|-unboost|p1a: Great Tusk|spd|1
|
|-weather|Sandstorm|[upkeep]
|upkeep
|turn|7
|j| Yamhard
|
|t:|1781126679
|switch|p2a: Zamazenta|Zamazenta|100/100
|-ability|p2a: Zamazenta|Dauntless Shield|boost
|-boost|p2a: Zamazenta|def|1
|move|p1a: Great Tusk|Ice Spinner|p2a: Zamazenta
|-damage|p2a: Zamazenta|82/100
|
|-weather|Sandstorm|[upkeep]
|-damage|p2a: Zamazenta|75/100|[from] Sandstorm
|upkeep
|turn|8
|
|t:|1781126690
|-end|p1a: Great Tusk|Protosynthesis|[silent]
|switch|p1a: Gliscor|Gliscor, M|100/100
|move|p2a: Zamazenta|Crunch|p1a: Gliscor
|-damage|p1a: Gliscor|83/100
|
|-weather|Sandstorm|[upkeep]
|-damage|p2a: Zamazenta|69/100|[from] Sandstorm
|-status|p1a: Gliscor|tox|[from] item: Toxic Orb
|upkeep
|turn|9
|
|t:|1781126718
|switch|p2a: Toshiro|Kyurem, shiny, tera:Ghost|38/100
|-ability|p2a: Toshiro|Pressure
|move|p1a: Gliscor|Knock Off|p2a: Toshiro
|-supereffective|p2a: Toshiro
|-damage|p2a: Toshiro|0 fnt
|-enditem|p2a: Toshiro|Expert Belt|[from] move: Knock Off|[of] p1a: Gliscor
|faint|p2a: Toshiro
|
|-weather|Sandstorm|[upkeep]
|-heal|p1a: Gliscor|96/100 tox|[from] ability: Poison Heal
|upkeep
|
|t:|1781126723
|switch|p2a: Porunga|Pawmot, F|100/100
|turn|10
|l| Yamhard
|
|t:|1781126729
|move|p2a: Porunga|Revival Blessing|p2a: Porunga
|-enditem|p2a: Porunga|Leppa Berry|[eat]
|-activate|p2a: Porunga|item: Leppa Berry|Revival Blessing|[consumed]
|
|t:|1781126741
|-heal|p2: Itachi|50/100|[from] move: Revival Blessing
|move|p1a: Gliscor|Earthquake|p2a: Porunga
|-supereffective|p2a: Porunga
|-damage|p2a: Porunga|18/100
|
|-weather|Sandstorm|[upkeep]
|-damage|p2a: Porunga|12/100|[from] Sandstorm
|-heal|p1a: Gliscor|100/100 tox|[from] ability: Poison Heal
|upkeep
|turn|11
|
|t:|1781126747
|move|p2a: Porunga|Revival Blessing|p2a: Porunga
|
|t:|1781126748
|-heal|p2: Toshiro|50/100|[from] move: Revival Blessing
|move|p1a: Gliscor|Spikes|p2a: Porunga
|-sidestart|p2: OP Earthquakes|Spikes
|
|-weather|Sandstorm|[upkeep]
|-damage|p2a: Porunga|5/100|[from] Sandstorm
|upkeep
|turn|12
|
|t:|1781126753
|move|p2a: Porunga|Rest|p2a: Porunga
|-status|p2a: Porunga|slp|[from] move: Rest
|-heal|p2a: Porunga|100/100 slp|[silent]
|move|p1a: Gliscor|Spikes|p2a: Porunga
|-sidestart|p2: OP Earthquakes|Spikes
|
|-weather|Sandstorm|[upkeep]
|-damage|p2a: Porunga|94/100 slp|[from] Sandstorm
|upkeep
|turn|13
|
|t:|1781126757
|switch|p2a: Itachi|Hawlucha, M, shiny|50/100
|-ability|p2a: Itachi|Mold Breaker
|switch|p1a: Great Tusk|Great Tusk|100/100
|
|-weather|none
|upkeep
|turn|14
|
|t:|1781126762
|move|p2a: Itachi|Defog|p1a: Great Tusk
|-unboost|p1a: Great Tusk|evasion|1
|-sideend|p2: OP Earthquakes|Spikes|[from] move: Defog|[of] p2a: Itachi
|move|p1a: Great Tusk|Rapid Spin|p2a: Itachi
|-damage|p2a: Itachi|27/100
|-boost|p1a: Great Tusk|spe|1
|
|upkeep
|turn|15
|
|t:|1781126769
|switch|p2a: The sandstorm|Tyranitar, F, shiny|15/100
|-weather|Sandstorm|[from] ability: Sand Stream|[of] p2a: The sandstorm
|move|p1a: Great Tusk|Ice Spinner|p2a: The sandstorm
|-damage|p2a: The sandstorm|0 fnt
|faint|p2a: The sandstorm
|
|-weather|Sandstorm|[upkeep]
|upkeep
|
|t:|1781126784
|switch|p2a: Toshiro|Kyurem, shiny|50/100
|-ability|p2a: Toshiro|Pressure
|turn|16
|
|t:|1781126791
|move|p1a: Great Tusk|Headlong Rush|p2a: Toshiro
|-damage|p2a: Toshiro|0 fnt
|-unboost|p1a: Great Tusk|def|1
|-unboost|p1a: Great Tusk|spd|1
|faint|p2a: Toshiro
|
|-weather|Sandstorm|[upkeep]
|upkeep
|
|t:|1781126798
|switch|p2a: OP|Excadrill, M|100/100
|turn|17
|
|t:|1781126803
|move|p2a: OP|Earthquake|p1a: Great Tusk
|-damage|p1a: Great Tusk|3/100
|move|p1a: Great Tusk|Headlong Rush|p2a: OP
|-supereffective|p2a: OP
|-damage|p2a: OP|0 fnt
|-unboost|p1a: Great Tusk|def|1
|-unboost|p1a: Great Tusk|spd|1
|faint|p2a: OP
|
|-weather|Sandstorm|[upkeep]
|upkeep
|
|t:|1781126810
|switch|p2a: Zamazenta|Zamazenta|69/100
|turn|18
|
|t:|1781126817
|move|p2a: Zamazenta|Play Rough|p1a: Great Tusk
|-supereffective|p1a: Great Tusk
|-damage|p1a: Great Tusk|0 fnt
|faint|p1a: Great Tusk
|-end|p1a: Great Tusk|Protosynthesis|[silent]
|
|-weather|Sandstorm|[upkeep]
|-damage|p2a: Zamazenta|63/100|[from] Sandstorm
|upkeep
|
|t:|1781126820
|switch|p1a: Slowking|Slowking-Galar, M|100/100
|turn|19
|
|t:|1781126824
|switch|p2a: Itachi|Hawlucha, M, shiny|27/100
|-ability|p2a: Itachi|Mold Breaker
|move|p1a: Slowking|Psyshock|p2a: Itachi
|-supereffective|p2a: Itachi
|-damage|p2a: Itachi|0 fnt
|faint|p2a: Itachi
|
|-weather|Sandstorm|[upkeep]
|-damage|p1a: Slowking|94/100|[from] Sandstorm
|upkeep
|
|t:|1781126831
|switch|p2a: Porunga|Pawmot, F|94/100 slp
|turn|20
|
|t:|1781126836
|cant|p2a: Porunga|slp
|move|p2a: Porunga|Sleep Talk|p2a: Porunga
|move|p2a: Porunga|Revival Blessing|p2a: Porunga|[from] move: Sleep Talk
|
|t:|1781126844
|-heal|p2: Toshiro|50/100|[from] move: Revival Blessing
|move|p1a: Slowking|Psyshock|p2a: Porunga
|-supereffective|p2a: Porunga
|-damage|p2a: Porunga|14/100 slp
|
|-weather|Sandstorm|[upkeep]
|-damage|p2a: Porunga|7/100 slp|[from] Sandstorm
|-damage|p1a: Slowking|88/100|[from] Sandstorm
|upkeep
|turn|21
|inactive|OP Earthquakes has 120 seconds left.
|
|t:|1781126891
|cant|p2a: Porunga|slp
|move|p2a: Porunga|Sleep Talk|p2a: Porunga
|move|p2a: Porunga|Revival Blessing|p2a: Porunga|[from] move: Sleep Talk
|
|t:|1781126897
|-heal|p2: OP|50/100|[from] move: Revival Blessing
|move|p1a: Slowking|Future Sight|p2a: Porunga
|-start|p1a: Slowking|move: Future Sight
|
|-weather|Sandstorm|[upkeep]
|-damage|p2a: Porunga|1/100 slp|[from] Sandstorm
|-damage|p1a: Slowking|82/100|[from] Sandstorm
|upkeep
|turn|22
|
|t:|1781126905
|-curestatus|p2a: Porunga|slp|[msg]
|move|p2a: Porunga|Rest|p2a: Porunga
|-status|p2a: Porunga|slp|[from] move: Rest
|-heal|p2a: Porunga|100/100 slp|[silent]
|move|p1a: Slowking|Flamethrower|p2a: Porunga
|-damage|p2a: Porunga|64/100 slp
|
|-weather|none
|upkeep
|turn|23
|
|t:|1781126918
|switch|p2a: Zamazenta|Zamazenta|63/100
|move|p1a: Slowking|Flamethrower|p2a: Zamazenta
|-damage|p2a: Zamazenta|42/100
|
|-end|p2a: Zamazenta|move: Future Sight
|-supereffective|p2a: Zamazenta
|-damage|p2a: Zamazenta|0 fnt
|faint|p2a: Zamazenta
|upkeep
|
|t:|1781126925
|switch|p2a: Toshiro|Kyurem, shiny|50/100
|-ability|p2a: Toshiro|Pressure
|turn|24
|
|t:|1781126930
|move|p2a: Toshiro|Shadow Ball|p1a: Slowking
|-supereffective|p1a: Slowking
|-damage|p1a: Slowking|57/100
|move|p1a: Slowking|Psyshock|p2a: Toshiro
|-damage|p2a: Toshiro|22/100
|
|upkeep
|turn|25
|inactive|OP Earthquakes has 120 seconds left.
|
|t:|1781126961
|switch|p2a: OP|Excadrill, M|50/100
|move|p1a: Slowking|Psyshock|p2a: OP
|-resisted|p2a: OP
|-damage|p2a: OP|29/100
|
|upkeep
|turn|26
|
|t:|1781126967
|switch|p1a: Gliscor|Gliscor, M|100/100 tox
|move|p2a: OP|Iron Head|p1a: Gliscor
|-damage|p1a: Gliscor|59/100 tox
|
|-heal|p1a: Gliscor|71/100 tox|[from] ability: Poison Heal
|upkeep
|turn|27
|
|t:|1781126973
|-terastallize|p1a: Gliscor|Water
|move|p2a: OP|Iron Head|p1a: Gliscor
|-resisted|p1a: Gliscor
|-damage|p1a: Gliscor|49/100 tox
|move|p1a: Gliscor|Earthquake|p2a: OP
|-supereffective|p2a: OP
|-damage|p2a: OP|0 fnt
|faint|p2a: OP
|
|-heal|p1a: Gliscor|62/100 tox|[from] ability: Poison Heal
|upkeep
|
|t:|1781126978
|switch|p2a: Toshiro|Kyurem, shiny|22/100
|-ability|p2a: Toshiro|Pressure
|turn|28
|inactive|OP Earthquakes has 120 seconds left.
|
|t:|1781126989
|move|p2a: Toshiro|Endeavor|p1a: Gliscor
|-damage|p1a: Gliscor|25/100 tox
|move|p1a: Gliscor|Knock Off|p2a: Toshiro
|-damage|p2a: Toshiro|8/100
|
|-heal|p1a: Gliscor|37/100 tox|[from] ability: Poison Heal
|upkeep
|turn|29
|
|t:|1781126993
|move|p2a: Toshiro|Freeze-Dry|p1a: Gliscor
|-supereffective|p1a: Gliscor
|-damage|p1a: Gliscor|0 fnt
|faint|p1a: Gliscor
|
|upkeep
|
|t:|1781126997
|switch|p1a: Slowking|Slowking-Galar, M|91/100
|turn|30
|
|t:|1781127001
|move|p2a: Toshiro|Endeavor|p1a: Slowking
|-damage|p1a: Slowking|8/100
|move|p1a: Slowking|Psyshock|p2a: Toshiro
|-damage|p2a: Toshiro|0 fnt
|faint|p2a: Toshiro
|
|upkeep
|
|t:|1781127006
|switch|p2a: Porunga|Pawmot, F|64/100 slp
|turn|31
|
|t:|1781127010
|cant|p2a: Porunga|slp
|move|p2a: Porunga|Sleep Talk|p2a: Porunga
|move|p2a: Porunga|Revival Blessing|p2a: Porunga|[from] move: Sleep Talk
|
|t:|1781127018
|-heal|p2: Toshiro|50/100|[from] move: Revival Blessing
|move|p1a: Slowking|Psyshock|p2a: Porunga
|-supereffective|p2a: Porunga
|-damage|p2a: Porunga|0 fnt
|faint|p2a: Porunga
|
|upkeep
|
|t:|1781127020
|switch|p2a: Toshiro|Kyurem, shiny|50/100
|-ability|p2a: Toshiro|Pressure
|turn|32
|
|t:|1781127024
|switch|p1a: Dondozo|Dondozo, F|79/100
|move|p2a: Toshiro|Freeze-Dry|p1a: Dondozo
|-supereffective|p1a: Dondozo
|-damage|p1a: Dondozo|5/100
|
|-heal|p1a: Dondozo|11/100|[from] item: Leftovers
|upkeep
|turn|33
|
|t:|1781127026
|switch|p1a: Slowking|Slowking-Galar, M|42/100
|move|p2a: Toshiro|Freeze-Dry|p1a: Slowking
|-damage|p1a: Slowking|27/100
|
|upkeep
|turn|34
|
|t:|1781127036
|switch|p1a: Dondozo|Dondozo, F|11/100
|move|p2a: Toshiro|Earth Power|p1a: Dondozo
|-damage|p1a: Dondozo|0 fnt
|faint|p1a: Dondozo
|
|upkeep
|
|t:|1781127045
|switch|p1a: Slowking|Slowking-Galar, M|60/100
|turn|35
|
|t:|1781127051
|move|p2a: Toshiro|Earth Power|p1a: Slowking
|-supereffective|p1a: Slowking
|-damage|p1a: Slowking|33/100
|move|p1a: Slowking|Sludge Bomb|p2a: Toshiro
|-damage|p2a: Toshiro|18/100
|-status|p2a: Toshiro|psn
|
|-damage|p2a: Toshiro|6/100 psn|[from] psn
|upkeep
|turn|36
|
|t:|1781127060
|move|p2a: Toshiro|Earth Power|p1a: Slowking
|-supereffective|p1a: Slowking
|-damage|p1a: Slowking|6/100
|-unboost|p1a: Slowking|spd|1
|move|p1a: Slowking|Flamethrower|p2a: Toshiro
|-crit|p2a: Toshiro
|-damage|p2a: Toshiro|0 fnt
|faint|p2a: Toshiro
|
|win|KurisuChestnutOU
|raw|KurisuChestnutOU's rating: 1544 &rarr; <strong>1577</strong><br />(+33 for winning)
|raw|OP Earthquakes's rating: 1823 &rarr; <strong>1790</strong><br />(-33 for losing)
