|j|☆abhii.g
|j|☆LowEL0God
|t:|1781235911
|gametype|singles
|player|p1|abhii.g|benga|1548
|player|p2|LowEL0God|265|1586
|gen|9
|tier|[Gen 9] OU
|rated|
|rule|HP Percentage Mod: HP is shown in percentages
|rule|Endless Battle Clause: Forcing endless battles is banned
|rule|Species Clause: Limit one of each Pokémon
|rule|OHKO Clause: OHKO moves are banned
|rule|Evasion Items Clause: Evasion items are banned
|rule|Evasion Moves Clause: Evasion moves are banned
|rule|Evasion Abilities Clause: Evasion abilities are banned
|rule|Sleep Moves Clause: Sleep-inducing moves are banned
|clearpoke
|poke|p1|Hoopa-Unbound|
|poke|p1|Pecharunt|
|poke|p1|Landorus-Therian, M|
|poke|p1|Cinderace, M|
|poke|p1|Alomomola, M|
|poke|p1|Iron Valiant|
|poke|p2|Pelipper, M|
|poke|p2|Raging Bolt|
|poke|p2|Overqwil, F|
|poke|p2|Barraskewda, M|
|poke|p2|Iron Treads|
|poke|p2|Kingambit, F|
|teampreview
|c|☆LowEL0God|hf
|inactive|Battle timer is ON: inactive players will automatically lose when time's up. (requested by LowEL0God)
|
|t:|1781235924
|teamsize|p1|6
|teamsize|p2|6
|start
|switch|p1a: Hoopa|Hoopa-Unbound|100/100
|switch|p2a: Barraskewda|Barraskewda, M|100/100
|turn|1
|
|t:|1781235929
|switch|p1a: Alomomola|Alomomola, M|100/100
|move|p2a: Barraskewda|Liquidation|p1a: Alomomola
|-resisted|p1a: Alomomola
|-damage|p1a: Alomomola|76/100
|
|upkeep
|turn|2
|
|t:|1781235934
|move|p2a: Barraskewda|Liquidation|p1a: Alomomola
|-resisted|p1a: Alomomola
|-damage|p1a: Alomomola|54/100
|-unboost|p1a: Alomomola|def|1
|move|p1a: Alomomola|Flip Turn|p2a: Barraskewda
|-resisted|p2a: Barraskewda
|-damage|p2a: Barraskewda|84/100
|
|t:|1781235946
|switch|p1a: Landorus|Landorus-Therian, M, shiny|100/100|[from] Flip Turn
|-ability|p1a: Landorus|Intimidate|boost
|-unboost|p2a: Barraskewda|atk|1
|
|upkeep
|turn|3
|
|t:|1781235949
|move|p1a: Landorus|U-turn|p2a: Barraskewda
|-damage|p2a: Barraskewda|36/100
|
|t:|1781235952
|switch|p1a: Alomomola|Alomomola, M|87/100|[from] U-turn
|move|p2a: Barraskewda|Liquidation|p1a: Alomomola
|-resisted|p1a: Alomomola
|-damage|p1a: Alomomola|70/100
|
|upkeep
|turn|4
|
|t:|1781235954
|move|p2a: Barraskewda|Liquidation|p1a: Alomomola
|-resisted|p1a: Alomomola
|-damage|p1a: Alomomola|54/100
|-unboost|p1a: Alomomola|def|1
|move|p1a: Alomomola|Flip Turn|p2a: Barraskewda
|-resisted|p2a: Barraskewda
|-damage|p2a: Barraskewda|21/100
|
|t:|1781235957
|switch|p1a: Landorus|Landorus-Therian, M, shiny|100/100|[from] Flip Turn
|-ability|p1a: Landorus|Intimidate|boost
|-unboost|p2a: Barraskewda|atk|1
|
|upkeep
|turn|5
|
|t:|1781235959
|switch|p2a: Pelipper|Pelipper, M|100/100
|-weather|RainDance|[from] ability: Drizzle|[of] p2a: Pelipper
|move|p1a: Landorus|U-turn|p2a: Pelipper
|-resisted|p2a: Pelipper
|-damage|p2a: Pelipper|90/100
|
|t:|1781235962
|switch|p1a: Hoopa|Hoopa-Unbound|100/100|[from] U-turn
|
|-weather|RainDance|[upkeep]
|upkeep
|turn|6
|
|t:|1781235967
|switch|p2a: Overqwil|Overqwil, F|100/100
|move|p1a: Hoopa|Hyperspace Fury|p2a: Overqwil
|-resisted|p2a: Overqwil
|-damage|p2a: Overqwil|48/100
|-unboost|p1a: Hoopa|def|1
|
|-weather|RainDance|[upkeep]
|upkeep
|turn|7
|j| heheheha07
|
|t:|1781235974
|switch|p1a: Pecharunt|Pecharunt|100/100
|move|p2a: Overqwil|Gunk Shot|p1a: Pecharunt
|-resisted|p1a: Pecharunt
|-damage|p1a: Pecharunt|91/100
|-damage|p2a: Overqwil|38/100|[from] item: Life Orb
|
|-weather|RainDance|[upkeep]
|upkeep
|turn|8
|
|t:|1781235981
|move|p2a: Overqwil|Swords Dance|p2a: Overqwil
|-boost|p2a: Overqwil|atk|2
|move|p1a: Pecharunt|Parting Shot|p2a: Overqwil
|-unboost|p2a: Overqwil|atk|1
|-unboost|p2a: Overqwil|spa|1
|
|t:|1781235983
|switch|p1a: Iron Valiant|Iron Valiant, shiny|100/100|[from] Parting Shot
|
|-weather|RainDance|[upkeep]
|upkeep
|turn|9
|
|t:|1781235988
|move|p1a: Iron Valiant|Vacuum Wave|p2a: Overqwil
|-damage|p2a: Overqwil|0 fnt
|faint|p2a: Overqwil
|
|-weather|RainDance|[upkeep]
|upkeep
|
|t:|1781235989
|switch|p2a: Raging Bolt|Raging Bolt|100/100
|-enditem|p2a: Raging Bolt|Booster Energy
|-activate|p2a: Raging Bolt|ability: Protosynthesis|[fromitem]
|-start|p2a: Raging Bolt|protosynthesisspa
|turn|10
|
|t:|1781235993
|-end|p1a: Iron Valiant|Quark Drive|[silent]
|switch|p1a: Alomomola|Alomomola, M|87/100
|move|p2a: Raging Bolt|Weather Ball|p1a: Alomomola
|-resisted|p1a: Alomomola
|-damage|p1a: Alomomola|65/100
|
|-weather|RainDance|[upkeep]
|upkeep
|turn|11
|
|t:|1781235997
|move|p2a: Raging Bolt|Weather Ball|p1a: Alomomola
|-resisted|p1a: Alomomola
|-damage|p1a: Alomomola|44/100
|move|p1a: Alomomola|Mirror Coat|p2a: Raging Bolt
|-damage|p2a: Raging Bolt|47/100
|
|-weather|RainDance|[upkeep]
|upkeep
|turn|12
|
|t:|1781236002
|move|p2a: Raging Bolt|Weather Ball|p1a: Alomomola
|-resisted|p1a: Alomomola
|-damage|p1a: Alomomola|23/100
|move|p1a: Alomomola|Mirror Coat|p2a: Raging Bolt
|-damage|p2a: Raging Bolt|0 fnt
|faint|p2a: Raging Bolt
|-end|p2a: Raging Bolt|Protosynthesis|[silent]
|
|-weather|none
|upkeep
|
|t:|1781236003
|switch|p2a: Kingambit|Kingambit, F|100/100
|-activate|p2a: Kingambit|ability: Supreme Overlord
|-start|p2a: Kingambit|fallen2|[silent]
|turn|13
|
|t:|1781236009
|switch|p1a: Landorus|Landorus-Therian, M, shiny|100/100
|-ability|p1a: Landorus|Intimidate|boost
|-unboost|p2a: Kingambit|atk|1
|move|p2a: Kingambit|Iron Head|p1a: Landorus
|-damage|p1a: Landorus|54/100
|
|upkeep
|turn|14
|
|t:|1781236012
|-end|p2a: Kingambit|fallen2|[silent]
|switch|p2a: Pelipper|Pelipper, M|90/100
|-weather|RainDance|[from] ability: Drizzle|[of] p2a: Pelipper
|move|p1a: Landorus|Earthquake|p2a: Pelipper
|-immune|p2a: Pelipper
|
|-weather|RainDance|[upkeep]
|upkeep
|turn|15
|
|t:|1781236015
|switch|p1a: Alomomola|Alomomola, M|57/100
|move|p2a: Pelipper|Hurricane|p1a: Alomomola
|-damage|p1a: Alomomola|37/100
|-start|p1a: Alomomola|confusion
|
|-weather|RainDance|[upkeep]
|upkeep
|turn|16
|
|t:|1781236019
|-activate|p1a: Alomomola|confusion
|move|p1a: Alomomola|Flip Turn|p2a: Pelipper
|-resisted|p2a: Pelipper
|-damage|p2a: Pelipper|80/100
|
|t:|1781236024
|switch|p1a: Hoopa|Hoopa-Unbound|100/100|[from] Flip Turn
|move|p2a: Pelipper|Hurricane|p1a: Hoopa
|-damage|p1a: Hoopa|67/100
|
|-weather|RainDance|[upkeep]
|upkeep
|turn|17
|
|t:|1781236027
|move|p1a: Hoopa|Hyperspace Fury|p2a: Pelipper
|-damage|p2a: Pelipper|0 fnt
|-unboost|p1a: Hoopa|def|1
|faint|p2a: Pelipper
|
|-weather|RainDance|[upkeep]
|upkeep
|
|t:|1781236027
|switch|p2a: Barraskewda|Barraskewda, M|21/100
|turn|18
|
|t:|1781236033
|switch|p1a: Alomomola|Alomomola, M|71/100
|move|p2a: Barraskewda|Liquidation|p1a: Alomomola
|-resisted|p1a: Alomomola
|-damage|p1a: Alomomola|34/100
|-unboost|p1a: Alomomola|def|1
|
|-weather|RainDance|[upkeep]
|upkeep
|turn|19
|
|t:|1781236038
|switch|p1a: Liberacy|Cinderace, M|100/100
|move|p2a: Barraskewda|Liquidation|p1a: Liberacy
|-supereffective|p1a: Liberacy
|-damage|p1a: Liberacy|0 fnt
|faint|p1a: Liberacy
|
|-weather|RainDance|[upkeep]
|upkeep
|j| Kisaragi Station
|
|t:|1781236043
|switch|p1a: Iron Valiant|Iron Valiant, shiny|100/100
|turn|20
|
|t:|1781236046
|move|p1a: Iron Valiant|Vacuum Wave|p2a: Barraskewda
|-damage|p2a: Barraskewda|0 fnt
|faint|p2a: Barraskewda
|
|-weather|RainDance|[upkeep]
|upkeep
|
|t:|1781236047
|switch|p2a: Iron Treads|Iron Treads|100/100
|-enditem|p2a: Iron Treads|Booster Energy
|-activate|p2a: Iron Treads|ability: Quark Drive|[fromitem]
|-start|p2a: Iron Treads|quarkdrivespe
|turn|21
|
|t:|1781236050
|-end|p1a: Iron Valiant|Quark Drive|[silent]
|switch|p1a: Landorus|Landorus-Therian, M, shiny|54/100
|-ability|p1a: Landorus|Intimidate|boost
|-unboost|p2a: Iron Treads|atk|1
|move|p2a: Iron Treads|Stealth Rock|p1a: Landorus
|-sidestart|p1: abhii.g|move: Stealth Rock
|
|-weather|none
|upkeep
|turn|22
|
|t:|1781236057
|move|p2a: Iron Treads|Steel Beam|p1a: Landorus
|-damage|p1a: Landorus|0 fnt
|-damage|p2a: Iron Treads|50/100|[from] steelbeam
|faint|p1a: Landorus
|
|upkeep
|
|t:|1781236063
|switch|p1a: Alomomola|Alomomola, M|67/100
|-damage|p1a: Alomomola|55/100|[from] Stealth Rock
|turn|23
|
|t:|1781236068
|move|p2a: Iron Treads|Earth Power|p1a: Alomomola
|-damage|p1a: Alomomola|35/100
|move|p1a: Alomomola|Flip Turn|p2a: Iron Treads
|-supereffective|p2a: Iron Treads
|-damage|p2a: Iron Treads|20/100
|
|t:|1781236072
|switch|p1a: Pecharunt|Pecharunt|91/100|[from] Flip Turn
|
|upkeep
|turn|24
|
|t:|1781236077
|move|p2a: Iron Treads|Earth Power|p1a: Pecharunt
|-supereffective|p1a: Pecharunt
|-damage|p1a: Pecharunt|22/100
|move|p1a: Pecharunt|Parting Shot|p2a: Iron Treads
|-unboost|p2a: Iron Treads|atk|1
|-unboost|p2a: Iron Treads|spa|1
|
|t:|1781236079
|switch|p1a: Alomomola|Alomomola, M|68/100|[from] Parting Shot
|-damage|p1a: Alomomola|55/100|[from] Stealth Rock
|
|upkeep
|turn|25
|
|t:|1781236086
|-end|p2a: Iron Treads|Quark Drive|[silent]
|switch|p2a: Kingambit|Kingambit, F|100/100
|-activate|p2a: Kingambit|ability: Supreme Overlord
|-start|p2a: Kingambit|fallen4|[silent]
|move|p1a: Alomomola|Flip Turn|p2a: Kingambit
|-damage|p2a: Kingambit|88/100
|
|t:|1781236089
|switch|p1a: Hoopa|Hoopa-Unbound|67/100|[from] Flip Turn
|-damage|p1a: Hoopa|55/100|[from] Stealth Rock
|
|-heal|p2a: Kingambit|94/100|[from] item: Leftovers
|upkeep
|turn|26
|
|t:|1781236092
|-terastallize|p2a: Kingambit|Dark
|move|p2a: Kingambit|Sucker Punch|p1a: Hoopa
|-damage|p1a: Hoopa|0 fnt
|faint|p1a: Hoopa
|
|-heal|p2a: Kingambit|99/100|[from] item: Leftovers
|upkeep
|
|t:|1781236096
|switch|p1a: Iron Valiant|Iron Valiant, shiny|100/100
|-damage|p1a: Iron Valiant|94/100|[from] Stealth Rock
|turn|27
|
|t:|1781236102
|-terastallize|p1a: Iron Valiant|Fairy
|move|p1a: Iron Valiant|Moonblast|p2a: Kingambit
|-supereffective|p2a: Kingambit
|-damage|p2a: Kingambit|0 fnt
|faint|p2a: Kingambit
|-end|p2a: Kingambit|fallen4|[silent]
|
|upkeep
|
|t:|1781236103
|switch|p2a: Iron Treads|Iron Treads|20/100
|turn|28
|c|☆abhii.g|gg
|
|t:|1781236108
|move|p1a: Iron Valiant|Moonblast|p2a: Iron Treads
|-resisted|p2a: Iron Treads
|-damage|p2a: Iron Treads|0 fnt
|faint|p2a: Iron Treads
|-end|p2a: Iron Treads|Quark Drive|[silent]
|
|win|abhii.g
|raw|abhii.g's rating: 1548 &rarr; <strong>1570</strong><br />(+22 for winning)
|raw|LowEL0God's rating: 1586 &rarr; <strong>1564</strong><br />(-22 for losing)
|l| Kisaragi Station
