|badge|p2|bronze|gen9ou|100-9
|uhtml|medal-msg|<div class="broadcast-blue">Curious what those medals under the avatar are? PS now has Ladder Seasons! For more information, check out the <a href="https://www.smogon.com/forums/threads/3740067/">thread on Smogon.</a></div>
|j|☆SincereSarje
|j|☆AnonymousJon
|t:|1781454209
|gametype|singles
|player|p1|SincereSarje|morty|1657
|player|p2|AnonymousJon|workerice|1847
|gen|9
|tier|[Gen 9] OU
|rated|
|rule|HP Percentage Mod: HP is shown in percentages
|rule|Endless Battle Clause: Forcing endless battles is banned
|rule|Species Clause: Limit one of each Pokémon
|rule|OHKO Clause: OHKO moves are banned
|rule|Evasion Items Clause: Evasion items are banned
|rule|Evasion Moves Clause: Evasion moves are banned
|rule|Evasion Abilities Clause: Evasion abilities are banned
|rule|Sleep Moves Clause: Sleep-inducing moves are banned
|clearpoke
|poke|p1|Dragonite, M|
|poke|p1|Ogerpon-Wellspring, F|
|poke|p1|Deoxys-Speed|
|poke|p1|Great Tusk|
|poke|p1|Glimmora, F|
|poke|p1|Kingambit, F|
|poke|p2|Great Tusk|
|poke|p2|Ogerpon-Cornerstone, F|
|poke|p2|Rillaboom, F|
|poke|p2|Tyranitar, M|
|poke|p2|Corviknight, M|
|poke|p2|Dragapult, F|
|teampreview
|inactive|Battle timer is ON: inactive players will automatically lose when time's up. (requested by AnonymousJon)
|inactive|SincereSarje also wants the timer to be on.
|
|t:|1781454221
|teamsize|p1|6
|teamsize|p2|6
|start
|switch|p1a: Glimmora|Glimmora, F|100/100
|switch|p2a: Rillaboom|Rillaboom, F|100/100
|-fieldstart|move: Grassy Terrain|[from] ability: Grassy Surge|[of] p2a: Rillaboom
|turn|1
|
|t:|1781454228
|switch|p2a: Great Tusk|Great Tusk|100/100
|move|p1a: Glimmora|Stealth Rock|p2a: Great Tusk
|-sidestart|p2: AnonymousJon|move: Stealth Rock
|
|upkeep
|turn|2
|
|t:|1781454235
|move|p2a: Great Tusk|Rapid Spin|p1a: Glimmora
|-resisted|p1a: Glimmora
|-damage|p1a: Glimmora|95/100
|-boost|p2a: Great Tusk|spe|1
|-activate|p1a: Glimmora|ability: Toxic Debris
|-sidestart|p2: AnonymousJon|move: Toxic Spikes
|-sideend|p2: AnonymousJon|Toxic Spikes|[from] move: Rapid Spin|[of] p2a: Great Tusk
|-sideend|p2: AnonymousJon|Stealth Rock|[from] move: Rapid Spin|[of] p2a: Great Tusk
|-enditem|p1a: Glimmora|Red Card|[of] p2a: Great Tusk
|-end|p2a: Great Tusk|Protosynthesis|[silent]
|drag|p2a: Tyranitar|Tyranitar, M|100/100
|-weather|Sandstorm|[from] ability: Sand Stream|[of] p2a: Tyranitar
|move|p1a: Glimmora|Mortal Spin|p2a: Tyranitar
|-resisted|p2a: Tyranitar
|-damage|p2a: Tyranitar|98/100
|-status|p2a: Tyranitar|psn
|
|-weather|Sandstorm|[upkeep]
|-heal|p1a: Glimmora|100/100|[from] Grassy Terrain
|-heal|p2a: Tyranitar|100/100 psn|[from] Grassy Terrain
|-damage|p2a: Tyranitar|88/100 psn|[from] psn
|upkeep
|turn|3
|
|t:|1781454240
|switch|p2a: Dragapult|Dragapult, F|100/100
|move|p1a: Glimmora|Stealth Rock|p2a: Dragapult
|-sidestart|p2: AnonymousJon|move: Stealth Rock
|
|-weather|Sandstorm|[upkeep]
|-damage|p2a: Dragapult|94/100|[from] Sandstorm
|-heal|p2a: Dragapult|100/100|[from] Grassy Terrain
|upkeep
|turn|4
|
|t:|1781454245
|move|p2a: Dragapult|Will-O-Wisp|p1a: Glimmora
|-status|p1a: Glimmora|brn
|move|p1a: Glimmora|Mortal Spin|p2a: Dragapult
|-resisted|p2a: Dragapult
|-damage|p2a: Dragapult|99/100
|-status|p2a: Dragapult|psn
|
|-weather|Sandstorm|[upkeep]
|-damage|p2a: Dragapult|92/100 psn|[from] Sandstorm
|-heal|p2a: Dragapult|99/100 psn|[from] Grassy Terrain
|-heal|p2a: Dragapult|100/100 psn|[from] item: Leftovers
|-damage|p2a: Dragapult|88/100 psn|[from] psn
|-damage|p1a: Glimmora|94/100 brn|[from] brn
|upkeep
|turn|5
|
|t:|1781454249
|switch|p1a: Kingambit|Kingambit, F|100/100
|move|p2a: Dragapult|Hex|p1a: Kingambit
|-resisted|p1a: Kingambit
|-damage|p1a: Kingambit|85/100
|
|-weather|Sandstorm|[upkeep]
|-damage|p2a: Dragapult|82/100 psn|[from] Sandstorm
|-heal|p2a: Dragapult|88/100 psn|[from] Grassy Terrain
|-heal|p2a: Dragapult|94/100 psn|[from] item: Leftovers
|-heal|p1a: Kingambit|91/100|[from] Grassy Terrain
|-heal|p1a: Kingambit|97/100|[from] item: Leftovers
|-damage|p2a: Dragapult|82/100 psn|[from] psn
|-fieldend|move: Grassy Terrain
|upkeep
|turn|6
|
|t:|1781454254
|-end|p1a: Kingambit|fallenundefined|[silent]
|switch|p1a: Glimmora|Glimmora, F|94/100 brn
|move|p2a: Dragapult|Will-O-Wisp|p1a: Glimmora
|-fail|p1a: Glimmora|brn
|
|-weather|none
|-heal|p2a: Dragapult|88/100 psn|[from] item: Leftovers
|-damage|p2a: Dragapult|76/100 psn|[from] psn
|-damage|p1a: Glimmora|88/100 brn|[from] brn
|upkeep
|turn|7
|
|t:|1781454261
|move|p2a: Dragapult|Will-O-Wisp|p1a: Glimmora
|-fail|p1a: Glimmora|brn
|move|p1a: Glimmora|Earth Power|p2a: Dragapult
|-damage|p2a: Dragapult|43/100 psn
|
|-heal|p2a: Dragapult|49/100 psn|[from] item: Leftovers
|-damage|p2a: Dragapult|37/100 psn|[from] psn
|-damage|p1a: Glimmora|82/100 brn|[from] brn
|upkeep
|turn|8
|
|t:|1781454267
|switch|p1a: Kingambit|Kingambit, F|97/100
|move|p2a: Dragapult|Hex|p1a: Kingambit
|-resisted|p1a: Kingambit
|-damage|p1a: Kingambit|83/100
|
|-heal|p2a: Dragapult|43/100 psn|[from] item: Leftovers
|-heal|p1a: Kingambit|90/100|[from] item: Leftovers
|-damage|p2a: Dragapult|31/100 psn|[from] psn
|upkeep
|turn|9
|
|t:|1781454272
|-end|p1a: Kingambit|fallenundefined|[silent]
|switch|p1a: Glimmora|Glimmora, F|82/100 brn
|move|p2a: Dragapult|Will-O-Wisp|p1a: Glimmora
|-fail|p1a: Glimmora|brn
|
|-heal|p2a: Dragapult|37/100 psn|[from] item: Leftovers
|-damage|p2a: Dragapult|24/100 psn|[from] psn
|-damage|p1a: Glimmora|76/100 brn|[from] brn
|upkeep
|turn|10
|
|t:|1781454289
|move|p2a: Dragapult|Hex|p1a: Glimmora
|-damage|p1a: Glimmora|16/100 brn
|move|p1a: Glimmora|Earth Power|p2a: Dragapult
|-damage|p2a: Dragapult|0 fnt
|faint|p2a: Dragapult
|
|-damage|p1a: Glimmora|9/100 brn|[from] brn
|upkeep
|
|t:|1781454293
|switch|p2a: Tyranitar|Tyranitar, M|88/100 psn
|-damage|p2a: Tyranitar|76/100 psn|[from] Stealth Rock
|-weather|Sandstorm|[from] ability: Sand Stream|[of] p2a: Tyranitar
|turn|11
|
|t:|1781454298
|move|p1a: Glimmora|Spikes|p2a: Tyranitar
|-sidestart|p2: AnonymousJon|Spikes
|move|p2a: Tyranitar|Stealth Rock|p1a: Glimmora
|-sidestart|p1: SincereSarje|move: Stealth Rock
|
|-weather|Sandstorm|[upkeep]
|-heal|p2a: Tyranitar|82/100 psn|[from] item: Leftovers
|-damage|p2a: Tyranitar|69/100 psn|[from] psn
|-damage|p1a: Glimmora|3/100 brn|[from] brn
|upkeep
|turn|12
|
|t:|1781454304
|switch|p2a: Corviknight|Corviknight, M|100/100
|-damage|p2a: Corviknight|88/100|[from] Stealth Rock
|-ability|p2a: Corviknight|Pressure
|move|p1a: Glimmora|Mortal Spin|p2a: Corviknight
|-immune|p2a: Corviknight
|
|-weather|Sandstorm|[upkeep]
|-damage|p1a: Glimmora|0 fnt|[from] brn
|faint|p1a: Glimmora
|upkeep
|
|t:|1781454312
|switch|p1a: Great Tusk|Great Tusk|100/100
|-damage|p1a: Great Tusk|97/100|[from] Stealth Rock
|-enditem|p1a: Great Tusk|Booster Energy
|-activate|p1a: Great Tusk|ability: Protosynthesis|[fromitem]
|-start|p1a: Great Tusk|protosynthesisspe
|turn|13
|
|t:|1781454315
|move|p1a: Great Tusk|Taunt|p2a: Corviknight
|-start|p2a: Corviknight|move: Taunt
|move|p2a: Corviknight|Brave Bird|p1a: Great Tusk
|-supereffective|p1a: Great Tusk
|-crit|p1a: Great Tusk
|-damage|p1a: Great Tusk|26/100
|-damage|p2a: Corviknight|63/100|[from] Recoil
|
|-weather|Sandstorm|[upkeep]
|upkeep
|turn|14
|
|t:|1781454324
|move|p1a: Great Tusk|Ice Spinner|p2a: Corviknight
|-damage|p2a: Corviknight|48/100
|-damage|p1a: Great Tusk|10/100|[from] item: Rocky Helmet|[of] p2a: Corviknight
|move|p2a: Corviknight|Brave Bird|p1a: Great Tusk
|-supereffective|p1a: Great Tusk
|-damage|p1a: Great Tusk|0 fnt
|faint|p1a: Great Tusk
|-end|p1a: Great Tusk|Protosynthesis|[silent]
|-damage|p2a: Corviknight|45/100|[from] Recoil
|
|-weather|Sandstorm|[upkeep]
|upkeep
|
|t:|1781454335
|switch|p1a: Ogerpon|Ogerpon-Wellspring, F|100/100
|-damage|p1a: Ogerpon|88/100|[from] Stealth Rock
|turn|15
|
|t:|1781454340
|move|p1a: Ogerpon|Ivy Cudgel|p2a: Corviknight|[anim] Ivy Cudgel Water
|-damage|p2a: Corviknight|13/100
|move|p2a: Corviknight|Brave Bird|p1a: Ogerpon
|-supereffective|p1a: Ogerpon
|-damage|p1a: Ogerpon|0 fnt
|faint|p1a: Ogerpon
|-damage|p2a: Corviknight|0 fnt|[from] Recoil
|faint|p2a: Corviknight
|
|-weather|none
|upkeep
|
|t:|1781454349
|switch|p1a: Deoxys|Deoxys-Speed|100/100
|switch|p2a: Rillaboom|Rillaboom, F|100/100
|-damage|p1a: Deoxys|88/100|[from] Stealth Rock
|-ability|p1a: Deoxys|Pressure
|-damage|p2a: Rillaboom|88/100|[from] Stealth Rock
|-damage|p2a: Rillaboom|76/100|[from] Spikes
|-fieldstart|move: Grassy Terrain|[from] ability: Grassy Surge|[of] p2a: Rillaboom
|turn|16
|
|t:|1781454353
|move|p2a: Rillaboom|Grassy Glide|p1a: Deoxys
|-damage|p1a: Deoxys|0 fnt
|faint|p1a: Deoxys
|
|-heal|p2a: Rillaboom|82/100|[from] Grassy Terrain
|upkeep
|
|t:|1781454356
|switch|p1a: Dragonite|Dragonite, M|100/100
|-damage|p1a: Dragonite|76/100|[from] Stealth Rock
|turn|17
|
|t:|1781454364
|switch|p2a: Tyranitar|Tyranitar, M|69/100 psn
|-damage|p2a: Tyranitar|57/100 psn|[from] Stealth Rock
|-damage|p2a: Tyranitar|44/100 psn|[from] Spikes
|-weather|Sandstorm|[from] ability: Sand Stream|[of] p2a: Tyranitar
|move|p1a: Dragonite|Dragon Dance|p1a: Dragonite
|-boost|p1a: Dragonite|atk|1
|-boost|p1a: Dragonite|spe|1
|
|-weather|Sandstorm|[upkeep]
|-damage|p1a: Dragonite|70/100|[from] Sandstorm
|-heal|p2a: Tyranitar|51/100 psn|[from] Grassy Terrain
|-heal|p2a: Tyranitar|57/100 psn|[from] item: Leftovers
|-damage|p2a: Tyranitar|44/100 psn|[from] psn
|upkeep
|turn|18
|
|t:|1781454371
|move|p1a: Dragonite|Outrage|p2a: Tyranitar
|-damage|p2a: Tyranitar|0 fnt
|faint|p2a: Tyranitar
|-damage|p1a: Dragonite|60/100|[from] item: Life Orb
|
|-weather|Sandstorm|[upkeep]
|-damage|p1a: Dragonite|53/100|[from] Sandstorm
|upkeep
|
|t:|1781454375
|switch|p2a: Great Tusk|Great Tusk|100/100
|-damage|p2a: Great Tusk|98/100|[from] Stealth Rock
|-damage|p2a: Great Tusk|85/100|[from] Spikes
|turn|19
|
|t:|1781454379
|move|p1a: Dragonite|Outrage|p2a: Great Tusk|[from] lockedmove
|-damage|p2a: Great Tusk|0 fnt
|faint|p2a: Great Tusk
|-end|p2a: Great Tusk|Protosynthesis|[silent]
|-damage|p1a: Dragonite|44/100|[from] item: Life Orb
|-start|p1a: Dragonite|confusion|[fatigue]
|
|-weather|Sandstorm|[upkeep]
|-damage|p1a: Dragonite|37/100|[from] Sandstorm
|upkeep
|
|t:|1781454384
|switch|p2a: Ogerpon|Ogerpon-Cornerstone, F|100/100
|-damage|p2a: Ogerpon|88/100|[from] Stealth Rock
|-damage|p2a: Ogerpon|75/100|[from] Spikes
|turn|20
|
|t:|1781454388
|-activate|p1a: Dragonite|confusion
|move|p1a: Dragonite|Outrage|p2a: Ogerpon
|-damage|p2a: Ogerpon|0 fnt
|faint|p2a: Ogerpon
|-damage|p1a: Dragonite|27/100|[from] item: Life Orb
|
|-weather|Sandstorm|[upkeep]
|-damage|p1a: Dragonite|21/100|[from] Sandstorm
|-fieldend|move: Grassy Terrain
|upkeep
|
|t:|1781454392
|switch|p2a: Rillaboom|Rillaboom, F|82/100
|-damage|p2a: Rillaboom|70/100|[from] Stealth Rock
|-damage|p2a: Rillaboom|57/100|[from] Spikes
|-fieldstart|move: Grassy Terrain|[from] ability: Grassy Surge|[of] p2a: Rillaboom
|turn|21
|
|t:|1781454393
|-activate|p1a: Dragonite|confusion
|-damage|p1a: Dragonite|0 fnt|[from] confusion
|faint|p1a: Dragonite
|move|p2a: Rillaboom|Wood Hammer|p1: Dragonite|[notarget]
|-fail|p2a: Rillaboom
|
|-weather|none
|-heal|p2a: Rillaboom|64/100|[from] Grassy Terrain
|upkeep
|
|t:|1781454395
|switch|p1a: Kingambit|Kingambit, F|90/100
|-damage|p1a: Kingambit|83/100|[from] Stealth Rock
|-activate|p1a: Kingambit|ability: Supreme Overlord
|-start|p1a: Kingambit|fallen5|[silent]
|turn|22
|
|t:|1781454400
|-terastallize|p2a: Rillaboom|Grass
|-terastallize|p1a: Kingambit|Flying
|move|p2a: Rillaboom|Wood Hammer|p1a: Kingambit
|-resisted|p1a: Kingambit
|-damage|p1a: Kingambit|15/100
|-damage|p2a: Rillaboom|38/100|[from] Recoil
|move|p1a: Kingambit|Kowtow Cleave|p2a: Rillaboom
|-damage|p2a: Rillaboom|0 fnt
|faint|p2a: Rillaboom
|
|win|SincereSarje
|raw|SincereSarje's rating: 1657 &rarr; <strong>1687</strong><br />(+30 for winning)
|raw|AnonymousJon's rating: 1847 &rarr; <strong>1817</strong><br />(-30 for losing)
|c|☆AnonymousJon|gg
|l|☆AnonymousJon
|player|p2|
|l|☆SincereSarje
|player|p1|
|j|☆SincereSarje
|player|p1|SincereSarje|morty|
|n|☆SincereSarje|sinceresarje
