|j|☆Nat889
|j|‽oatishere
|t:|1781079708
|gametype|singles
|player|p1|Nat889|miku-ghost|1601
|player|p2|oatishere|artistf-gen6|1528
|gen|9
|tier|[Gen 9] OU
|rated|
|rule|HP Percentage Mod: HP is shown in percentages
|rule|Endless Battle Clause: Forcing endless battles is banned
|rule|Species Clause: Limit one of each Pokémon
|rule|OHKO Clause: OHKO moves are banned
|rule|Evasion Items Clause: Evasion items are banned
|rule|Evasion Moves Clause: Evasion moves are banned
|rule|Evasion Abilities Clause: Evasion abilities are banned
|rule|Sleep Moves Clause: Sleep-inducing moves are banned
|clearpoke
|poke|p1|Lokix, F|
|poke|p1|Iron Valiant|
|poke|p1|Alomomola, L99, F|
|poke|p1|Mandibuzz, F|
|poke|p1|Great Tusk|
|poke|p1|Gholdengo|
|poke|p2|Deoxys-Speed|
|poke|p2|Ceruledge, M|
|poke|p2|Iron Treads|
|poke|p2|Ogerpon-Wellspring, F|
|poke|p2|Zamazenta-*|
|poke|p2|Moltres-Galar|
|teampreview
|inactive|Battle timer is ON: inactive players will automatically lose when time's up. (requested by oatishere)
|inactive|Nat889 has 120 seconds left.
|
|t:|1781079753
|teamsize|p1|6
|teamsize|p2|6
|start
|switch|p1a: Shining Agito|Lokix, F, shiny|100/100
|switch|p2a: Iron Treads|Iron Treads|100/100
|-enditem|p2a: Iron Treads|Booster Energy
|-activate|p2a: Iron Treads|ability: Quark Drive|[fromitem]
|-start|p2a: Iron Treads|quarkdrivespe
|turn|1
|j| ILoveGardevoirRah
|
|t:|1781079774
|switch|p1a: Tetsuya Sawaki|Alomomola, L99, F|100/100
|move|p2a: Iron Treads|Steel Beam|p1a: Tetsuya Sawaki|[miss]
|-miss|p2a: Iron Treads|p1a: Tetsuya Sawaki
|-damage|p2a: Iron Treads|50/100|[from] steelbeam
|
|upkeep
|turn|2
|c| ILoveGardevoirRah|hello
|inactive|Nat889 has 120 seconds left.
|c| ILoveGardevoirRah|have fun, both of you :)
|
|t:|1781079797
|move|p2a: Iron Treads|Stealth Rock|p1a: Tetsuya Sawaki
|-sidestart|p1: Nat889|move: Stealth Rock
|move|p1a: Tetsuya Sawaki|Mirror Coat||[still]
|-fail|p1a: Tetsuya Sawaki
|
|upkeep
|turn|3
|
|t:|1781079802
|-end|p2a: Iron Treads|Quark Drive|[silent]
|switch|p2a: Ogerpon|Ogerpon-Wellspring, F|100/100
|move|p1a: Tetsuya Sawaki|Scald|p2a: Ogerpon
|-immune|p2a: Ogerpon|[from] ability: Water Absorb
|
|upkeep
|turn|4
|inactive|Nat889 has 120 seconds left.
|
|t:|1781079823
|switch|p2a: Deoxys|Deoxys-Speed|100/100
|-ability|p2a: Deoxys|Pressure
|switch|p1a: Overlord|Mandibuzz, F|100/100
|
|upkeep
|turn|5
|
|t:|1781079830
|move|p2a: Deoxys|Taunt|p1a: Overlord
|-start|p1a: Overlord|move: Taunt
|move|p1a: Overlord|Foul Play|p2a: Deoxys
|-supereffective|p2a: Deoxys
|-damage|p2a: Deoxys|45/100
|
|upkeep
|turn|6
|
|t:|1781079837
|move|p2a: Deoxys|Reflect|p2a: Deoxys
|-sidestart|p2: oatishere|Reflect
|move|p1a: Overlord|U-turn|p2a: Deoxys
|-supereffective|p2a: Deoxys
|-damage|p2a: Deoxys|31/100
|
|t:|1781079842
|switch|p1a: Shining Agito|Lokix, F, shiny|100/100|[from] U-turn
|-damage|p1a: Shining Agito|76/100|[from] Stealth Rock
|
|upkeep
|turn|7
|
|t:|1781079846
|switch|p2a: Iron Treads|Iron Treads|50/100
|move|p1a: Shining Agito|First Impression|p2a: Iron Treads
|-resisted|p2a: Iron Treads
|-damage|p2a: Iron Treads|20/100
|
|upkeep
|turn|8
|
|t:|1781079853
|switch|p1a: Tetsuya Sawaki|Alomomola, L99, F|100/100
|-damage|p1a: Tetsuya Sawaki|88/100|[from] Stealth Rock
|move|p2a: Iron Treads|Earth Power|p1a: Tetsuya Sawaki
|-damage|p1a: Tetsuya Sawaki|71/100
|
|upkeep
|turn|9
|
|t:|1781079862
|switch|p1a: Overlord|Mandibuzz, F|100/100
|move|p2a: Iron Treads|Steel Beam|p1a: Overlord
|-damage|p1a: Overlord|61/100
|-damage|p2a: Iron Treads|0 fnt|[from] steelbeam
|faint|p2a: Iron Treads
|-end|p2a: Iron Treads|Quark Drive|[silent]
|
|upkeep
|
|t:|1781079865
|switch|p2a: Moltres|Moltres-Galar|100/100
|turn|10
|
|t:|1781079873
|move|p2a: Moltres|Taunt|p1a: Overlord
|-start|p1a: Overlord|move: Taunt
|move|p1a: Overlord|U-turn|p2a: Moltres
|-damage|p2a: Moltres|94/100
|
|t:|1781079882
|switch|p1a: G3-X|Iron Valiant, shiny|100/100|[from] U-turn
|-damage|p1a: G3-X|94/100|[from] Stealth Rock
|
|upkeep
|turn|11
|
|t:|1781079901
|switch|p2a: Ceruledge|Ceruledge, M|100/100
|move|p1a: G3-X|Moonblast|p2a: Ceruledge
|-resisted|p2a: Ceruledge
|-damage|p2a: Ceruledge|59/100
|-unboost|p2a: Ceruledge|spa|1
|
|upkeep
|turn|12
|
|t:|1781079912
|move|p1a: G3-X|Moonblast|p2a: Ceruledge
|-resisted|p2a: Ceruledge
|-crit|p2a: Ceruledge
|-damage|p2a: Ceruledge|1/100
|move|p2a: Ceruledge|Swords Dance|p2a: Ceruledge
|-boost|p2a: Ceruledge|atk|2
|
|upkeep
|turn|13
|
|t:|1781079920
|move|p2a: Ceruledge|Shadow Sneak|p1a: G3-X
|-damage|p1a: G3-X|13/100
|-damage|p2a: Ceruledge|0 fnt|[from] item: Life Orb
|faint|p2a: Ceruledge
|move|p1a: G3-X|Moonblast|p2: Ceruledge|[notarget]
|-fail|p1a: G3-X
|
|-sideend|p2: oatishere|Reflect
|upkeep
|
|t:|1781079922
|switch|p2a: Deoxys|Deoxys-Speed|31/100
|-ability|p2a: Deoxys|Pressure
|turn|14
|
|t:|1781079929
|move|p2a: Deoxys|Light Screen|p2a: Deoxys
|-sidestart|p2: oatishere|move: Light Screen
|move|p1a: G3-X|Moonblast|p2a: Deoxys
|-damage|p2a: Deoxys|0 fnt
|faint|p2a: Deoxys
|
|upkeep
|
|t:|1781079939
|switch|p2a: Ogerpon|Ogerpon-Wellspring, F|100/100
|turn|15
|
|t:|1781079947
|move|p1a: G3-X|Moonblast|p2a: Ogerpon
|-damage|p2a: Ogerpon|62/100
|move|p2a: Ogerpon|Ivy Cudgel|p1a: G3-X|[anim] Ivy Cudgel Water
|-damage|p1a: G3-X|0 fnt
|faint|p1a: G3-X
|-end|p1a: G3-X|Quark Drive|[silent]
|
|upkeep
|
|t:|1781079965
|switch|p1a: Shining Agito|Lokix, F, shiny|76/100
|-damage|p1a: Shining Agito|51/100|[from] Stealth Rock
|turn|16
|
|t:|1781079973
|switch|p2a: Zamazenta|Zamazenta|100/100
|-ability|p2a: Zamazenta|Dauntless Shield|boost
|-boost|p2a: Zamazenta|def|1
|move|p1a: Shining Agito|First Impression|p2a: Zamazenta
|-resisted|p2a: Zamazenta
|-damage|p2a: Zamazenta|68/100
|
|-heal|p2a: Zamazenta|74/100|[from] item: Leftovers
|upkeep
|turn|17
|
|t:|1781079983
|switch|p1a: MACHINE TORNADER|Gholdengo|100/100
|-damage|p1a: MACHINE TORNADER|94/100|[from] Stealth Rock
|move|p2a: Zamazenta|Iron Defense|p2a: Zamazenta
|-boost|p2a: Zamazenta|def|2
|
|-heal|p2a: Zamazenta|80/100|[from] item: Leftovers
|upkeep
|turn|18
|
|t:|1781080000
|switch|p2a: Moltres|Moltres-Galar|94/100
|move|p1a: MACHINE TORNADER|Trick|p2a: Moltres
|-activate|p1a: MACHINE TORNADER|move: Trick|[of] p2a: Moltres
|-item|p2a: Moltres|Choice Scarf|[from] move: Trick
|-item|p1a: MACHINE TORNADER|Sitrus Berry|[from] move: Trick
|
|upkeep
|turn|19
|
|t:|1781080008
|switch|p2a: Ogerpon|Ogerpon-Wellspring, F|62/100
|switch|p1a: Tetsuya Sawaki|Alomomola, L99, F|100/100
|-damage|p1a: Tetsuya Sawaki|88/100|[from] Stealth Rock
|
|upkeep
|turn|20
|
|t:|1781080015
|switch|p1a: Overlord|Mandibuzz, F|61/100
|move|p2a: Ogerpon|Swords Dance|p2a: Ogerpon
|-boost|p2a: Ogerpon|atk|2
|
|upkeep
|turn|21
|
|t:|1781080039
|switch|p1a: Gills Exceed|Great Tusk|100/100
|move|p2a: Ogerpon|Ivy Cudgel|p1a: Gills Exceed|[anim] Ivy Cudgel Water
|-supereffective|p1a: Gills Exceed
|-damage|p1a: Gills Exceed|0 fnt
|faint|p1a: Gills Exceed
|-end|p1a: Gills Exceed|Protosynthesis|[silent]
|
|-sideend|p2: oatishere|move: Light Screen
|upkeep
|
|t:|1781080046
|switch|p1a: Shining Agito|Lokix, F, shiny|51/100
|-damage|p1a: Shining Agito|26/100|[from] Stealth Rock
|turn|22
|
|t:|1781080053
|switch|p2a: Moltres|Moltres-Galar|94/100
|move|p1a: Shining Agito|First Impression|p2a: Moltres
|-damage|p2a: Moltres|20/100
|-ability|p2a: Moltres|Berserk|boost
|-boost|p2a: Moltres|spa|1
|
|upkeep
|turn|23
|
|t:|1781080067
|switch|p2a: Ogerpon|Ogerpon-Wellspring, F|62/100
|switch|p1a: Overlord|Mandibuzz, F|61/100
|
|upkeep
|turn|24
|
|t:|1781080074
|move|p2a: Ogerpon|Swords Dance|p2a: Ogerpon
|-boost|p2a: Ogerpon|atk|2
|move|p1a: Overlord|Foul Play|p2a: Ogerpon
|-damage|p2a: Ogerpon|0 fnt
|faint|p2a: Ogerpon
|
|upkeep
|
|t:|1781080076
|switch|p2a: Zamazenta|Zamazenta|80/100
|turn|25
|c| ILoveGardevoirRah|??
|
|t:|1781080093
|move|p2a: Zamazenta|Iron Defense|p2a: Zamazenta
|-boost|p2a: Zamazenta|def|2
|move|p1a: Overlord|U-turn|p2a: Zamazenta
|-resisted|p2a: Zamazenta
|-damage|p2a: Zamazenta|78/100
|
|t:|1781080098
|switch|p1a: MACHINE TORNADER|Gholdengo|94/100|[from] U-turn
|-damage|p1a: MACHINE TORNADER|88/100|[from] Stealth Rock
|
|-heal|p2a: Zamazenta|84/100|[from] item: Leftovers
|upkeep
|turn|26
|
|t:|1781080116
|move|p2a: Zamazenta|Crunch|p1a: MACHINE TORNADER
|-supereffective|p1a: MACHINE TORNADER
|-damage|p1a: MACHINE TORNADER|39/100
|-enditem|p1a: MACHINE TORNADER|Sitrus Berry|[eat]
|-heal|p1a: MACHINE TORNADER|64/100|[from] item: Sitrus Berry
|move|p1a: MACHINE TORNADER|Nasty Plot|p1a: MACHINE TORNADER
|-boost|p1a: MACHINE TORNADER|spa|2
|
|-heal|p2a: Zamazenta|90/100|[from] item: Leftovers
|upkeep
|turn|27
|
|t:|1781080126
|-terastallize|p2a: Zamazenta|Dark
|move|p2a: Zamazenta|Crunch|p1a: MACHINE TORNADER
|-supereffective|p1a: MACHINE TORNADER
|-damage|p1a: MACHINE TORNADER|0 fnt
|faint|p1a: MACHINE TORNADER
|
|-heal|p2a: Zamazenta|96/100|[from] item: Leftovers
|upkeep
|
|t:|1781080134
|switch|p1a: Tetsuya Sawaki|Alomomola, L99, F|100/100
|-damage|p1a: Tetsuya Sawaki|88/100|[from] Stealth Rock
|turn|28
|
|t:|1781080143
|-terastallize|p1a: Tetsuya Sawaki|Fairy
|move|p2a: Zamazenta|Iron Defense|p2a: Zamazenta
|-boost|p2a: Zamazenta|def|2
|move|p1a: Tetsuya Sawaki|Scald|p2a: Zamazenta
|-damage|p2a: Zamazenta|84/100
|-status|p2a: Zamazenta|brn
|
|-heal|p2a: Zamazenta|91/100 brn|[from] item: Leftovers
|-damage|p2a: Zamazenta|84/100 brn|[from] brn
|upkeep
|turn|29
|
|t:|1781080160
|move|p2a: Zamazenta|Iron Defense|p2a: Zamazenta
|-boost|p2a: Zamazenta|def|2
|move|p1a: Tetsuya Sawaki|Play Rough|p2a: Zamazenta
|-supereffective|p2a: Zamazenta
|-damage|p2a: Zamazenta|75/100 brn
|
|-heal|p2a: Zamazenta|81/100 brn|[from] item: Leftovers
|-damage|p2a: Zamazenta|75/100 brn|[from] brn
|upkeep
|turn|30
|
|t:|1781080170
|move|p2a: Zamazenta|Body Press|p1a: Tetsuya Sawaki
|-resisted|p1a: Tetsuya Sawaki
|-damage|p1a: Tetsuya Sawaki|61/100
|move|p1a: Tetsuya Sawaki|Scald|p2a: Zamazenta
|-crit|p2a: Zamazenta
|-damage|p2a: Zamazenta|57/100 brn
|
|-heal|p2a: Zamazenta|63/100 brn|[from] item: Leftovers
|-damage|p2a: Zamazenta|57/100 brn|[from] brn
|upkeep
|turn|31
|
|t:|1781080180
|move|p2a: Zamazenta|Body Press|p1a: Tetsuya Sawaki
|-resisted|p1a: Tetsuya Sawaki
|-damage|p1a: Tetsuya Sawaki|34/100
|move|p1a: Tetsuya Sawaki|Scald|p2a: Zamazenta
|-damage|p2a: Zamazenta|45/100 brn
|
|-heal|p2a: Zamazenta|52/100 brn|[from] item: Leftovers
|-damage|p2a: Zamazenta|45/100 brn|[from] brn
|upkeep
|turn|32
|
|t:|1781080188
|move|p1a: Tetsuya Sawaki|Flip Turn|p2a: Zamazenta
|-damage|p2a: Zamazenta|42/100 brn
|
|t:|1781080192
|switch|p1a: Overlord|Mandibuzz, F|61/100|[from] Flip Turn
|move|p2a: Zamazenta|Roar|p1a: Overlord
|drag|p1a: Shining Agito|Lokix, F, shiny|26/100
|-damage|p1a: Shining Agito|2/100|[from] Stealth Rock
|
|-heal|p2a: Zamazenta|48/100 brn|[from] item: Leftovers
|-damage|p2a: Zamazenta|42/100 brn|[from] brn
|upkeep
|turn|33
|
|t:|1781080204
|move|p1a: Shining Agito|First Impression|p2a: Zamazenta
|-supereffective|p2a: Zamazenta
|-damage|p2a: Zamazenta|18/100 brn
|move|p2a: Zamazenta|Body Press|p1a: Shining Agito
|-damage|p1a: Shining Agito|0 fnt
|faint|p1a: Shining Agito
|
|-heal|p2a: Zamazenta|24/100 brn|[from] item: Leftovers
|-damage|p2a: Zamazenta|18/100 brn|[from] brn
|upkeep
|
|t:|1781080215
|switch|p1a: Tetsuya Sawaki|Alomomola, L99, F, tera:Fairy|67/100
|-damage|p1a: Tetsuya Sawaki|55/100|[from] Stealth Rock
|turn|34
|
|t:|1781080220
|move|p2a: Zamazenta|Body Press|p1a: Tetsuya Sawaki
|-resisted|p1a: Tetsuya Sawaki
|-damage|p1a: Tetsuya Sawaki|31/100
|move|p1a: Tetsuya Sawaki|Scald|p2a: Zamazenta
|-damage|p2a: Zamazenta|6/100 brn
|
|-heal|p2a: Zamazenta|12/100 brn|[from] item: Leftovers
|-damage|p2a: Zamazenta|6/100 brn|[from] brn
|upkeep
|turn|35
|
|t:|1781080240
|switch|p1a: Overlord|Mandibuzz, F|61/100
|move|p2a: Zamazenta|Body Press|p1a: Overlord
|-damage|p1a: Overlord|17/100
|
|-heal|p2a: Zamazenta|12/100 brn|[from] item: Leftovers
|-damage|p2a: Zamazenta|6/100 brn|[from] brn
|upkeep
|turn|36
|c| ILoveGardevoirRah|???
|c| ILoveGardevoirRah|what was THAT?
|
|t:|1781080255
|move|p2a: Zamazenta|Body Press|p1a: Overlord
|-damage|p1a: Overlord|0 fnt
|faint|p1a: Overlord
|
|-heal|p2a: Zamazenta|12/100 brn|[from] item: Leftovers
|-damage|p2a: Zamazenta|6/100 brn|[from] brn
|upkeep
|
|t:|1781080261
|switch|p1a: Tetsuya Sawaki|Alomomola, L99, F, tera:Fairy|64/100
|-damage|p1a: Tetsuya Sawaki|52/100|[from] Stealth Rock
|turn|37
|
|t:|1781080265
|move|p2a: Zamazenta|Body Press|p1a: Tetsuya Sawaki
|-resisted|p1a: Tetsuya Sawaki
|-damage|p1a: Tetsuya Sawaki|26/100
|move|p1a: Tetsuya Sawaki|Scald|p2a: Zamazenta
|-crit|p2a: Zamazenta
|-damage|p2a: Zamazenta|0 fnt
|faint|p2a: Zamazenta
|
|upkeep
|
|t:|1781080268
|switch|p2a: Moltres|Moltres-Galar|20/100
|turn|38
|
|t:|1781080277
|move|p2a: Moltres|Hurricane|p1a: Tetsuya Sawaki
|-damage|p1a: Tetsuya Sawaki|1/100
|move|p1a: Tetsuya Sawaki|Mirror Coat|p2a: Moltres
|-immune|p2a: Moltres
|
|upkeep
|turn|39
|c|☆Nat889|gg
|c|☆Nat889|im so fucking bad
|c|☆Nat889|actually threw
|
|t:|1781080294
|move|p2a: Moltres|Hurricane|p1a: Tetsuya Sawaki
|-crit|p1a: Tetsuya Sawaki
|-damage|p1a: Tetsuya Sawaki|0 fnt
|faint|p1a: Tetsuya Sawaki
|
|win|oatishere
|raw|Nat889's rating: 1601 &rarr; <strong>1577</strong><br />(-24 for losing)
|raw|oatishere's rating: 1528 &rarr; <strong>1552</strong><br />(+24 for winning)
|c| ILoveGardevoirRah|happens to us all
|l|‽oatishere
|player|p2|
|c| ILoveGardevoirRah|hey
|c| ILoveGardevoirRah|dont feel too down
|l|☆Nat889
|player|p1|
