|j|☆omari p
|j|☆Scratchez
|t:|1781594923
|gametype|singles
|player|p1|omari p|pokemonrangerf|1477
|player|p2|Scratchez|1|1534
|gen|9
|tier|[Gen 9] OU
|rated|
|rule|HP Percentage Mod: HP is shown in percentages
|rule|Endless Battle Clause: Forcing endless battles is banned
|rule|Species Clause: Limit one of each Pokémon
|rule|OHKO Clause: OHKO moves are banned
|rule|Evasion Items Clause: Evasion items are banned
|rule|Evasion Moves Clause: Evasion moves are banned
|rule|Evasion Abilities Clause: Evasion abilities are banned
|rule|Sleep Moves Clause: Sleep-inducing moves are banned
|clearpoke
|poke|p1|Hoopa-Unbound|
|poke|p1|Cinderace, M|
|poke|p1|Mandibuzz, F|
|poke|p1|Kyurem|
|poke|p1|Ting-Lu|
|poke|p1|Manaphy|
|poke|p2|Tyranitar, M|
|poke|p2|Excadrill, M|
|poke|p2|Corviknight, M|
|poke|p2|Garchomp, F|
|poke|p2|Dragapult, F|
|poke|p2|Hippowdon, M|
|teampreview
|inactive|Battle timer is ON: inactive players will automatically lose when time's up. (requested by omari p)
|
|t:|1781594942
|teamsize|p1|6
|teamsize|p2|6
|start
|switch|p1a: Kyurem|Kyurem|100/100
|switch|p2a: Dragapult|Dragapult, F|100/100
|-ability|p1a: Kyurem|Pressure
|turn|1
|
|t:|1781594954
|move|p1a: Kyurem|Ice Beam|p2a: Dragapult
|-supereffective|p2a: Dragapult
|-damage|p2a: Dragapult|0 fnt
|faint|p2a: Dragapult
|
|upkeep
|
|t:|1781594960
|switch|p2a: Tyranitar|Tyranitar, M|100/100
|-weather|Sandstorm|[from] ability: Sand Stream|[of] p2a: Tyranitar
|turn|2
|
|t:|1781594973
|switch|p1a: Ting-Lucifer|Ting-Lu|100/100
|-ability|p1a: Ting-Lucifer|Vessel of Ruin
|move|p2a: Tyranitar|Knock Off|p1a: Ting-Lucifer
|-resisted|p1a: Ting-Lucifer
|-damage|p1a: Ting-Lucifer|84/100
|-enditem|p1a: Ting-Lucifer|Weakness Policy|[from] move: Knock Off|[of] p2a: Tyranitar
|
|-weather|Sandstorm|[upkeep]
|upkeep
|turn|3
|
|t:|1781594984
|switch|p2a: Hippowdon|Hippowdon, M|100/100
|move|p1a: Ting-Lucifer|Stealth Rock|p2a: Hippowdon
|-sidestart|p2: Scratchez|move: Stealth Rock
|
|-weather|Sandstorm|[upkeep]
|upkeep
|turn|4
|
|t:|1781594997
|switch|p1a: Kyurem|Kyurem|100/100
|-ability|p1a: Kyurem|Pressure
|move|p2a: Hippowdon|Earthquake|p1a: Kyurem
|-damage|p1a: Kyurem|63/100
|
|-weather|Sandstorm|[upkeep]
|-damage|p1a: Kyurem|57/100|[from] Sandstorm
|upkeep
|turn|5
|
|t:|1781595004
|move|p2a: Hippowdon|Protect|p2a: Hippowdon
|-singleturn|p2a: Hippowdon|Protect
|move|p1a: Kyurem|Ice Beam|p2a: Hippowdon
|-activate|p2a: Hippowdon|move: Protect
|
|-weather|Sandstorm|[upkeep]
|-damage|p1a: Kyurem|50/100|[from] Sandstorm
|upkeep
|turn|6
|
|t:|1781595009
|switch|p2a: Tyranitar|Tyranitar, M|100/100
|-damage|p2a: Tyranitar|88/100|[from] Stealth Rock
|move|p1a: Kyurem|Ice Beam|p2a: Tyranitar
|-damage|p2a: Tyranitar|61/100
|
|-weather|none
|-heal|p2a: Tyranitar|67/100|[from] item: Leftovers
|upkeep
|turn|7
|
|t:|1781595018
|switch|p1a: Ting-Lucifer|Ting-Lu|84/100
|-ability|p1a: Ting-Lucifer|Vessel of Ruin
|move|p2a: Tyranitar|Earthquake|p1a: Ting-Lucifer
|-damage|p1a: Ting-Lucifer|60/100
|
|-heal|p2a: Tyranitar|73/100|[from] item: Leftovers
|upkeep
|turn|8
|
|t:|1781595026
|switch|p2a: Corviknight|Corviknight, M|100/100
|-damage|p2a: Corviknight|88/100|[from] Stealth Rock
|-ability|p2a: Corviknight|Pressure
|switch|p1a: Kyurem|Kyurem|50/100
|-ability|p1a: Kyurem|Pressure
|
|upkeep
|turn|9
|
|t:|1781595029
|move|p1a: Kyurem|Ice Beam|p2a: Corviknight
|-damage|p2a: Corviknight|57/100
|move|p2a: Corviknight|U-turn|p1a: Kyurem
|-damage|p1a: Kyurem|36/100
|
|t:|1781595036
|switch|p2a: Tyranitar|Tyranitar, M|73/100|[from] U-turn
|-damage|p2a: Tyranitar|61/100|[from] Stealth Rock
|-weather|Sandstorm|[from] ability: Sand Stream|[of] p2a: Tyranitar
|
|-weather|Sandstorm|[upkeep]
|-damage|p1a: Kyurem|29/100|[from] Sandstorm
|-heal|p2a: Tyranitar|67/100|[from] item: Leftovers
|upkeep
|turn|10
|
|t:|1781595045
|switch|p1a: Ting-Lucifer|Ting-Lu|60/100
|-ability|p1a: Ting-Lucifer|Vessel of Ruin
|switch|p2a: Corviknight|Corviknight, M|57/100
|-damage|p2a: Corviknight|45/100|[from] Stealth Rock
|-ability|p2a: Corviknight|Pressure
|
|-weather|Sandstorm|[upkeep]
|upkeep
|turn|11
|
|t:|1781595049
|move|p2a: Corviknight|Roost|p2a: Corviknight
|-heal|p2a: Corviknight|95/100
|-singleturn|p2a: Corviknight|move: Roost
|move|p1a: Ting-Lucifer|Stone Edge|p2a: Corviknight
|-resisted|p2a: Corviknight
|-damage|p2a: Corviknight|81/100
|
|-weather|Sandstorm|[upkeep]
|upkeep
|turn|12
|
|t:|1781595056
|move|p2a: Corviknight|Defog|p1a: Ting-Lucifer
|-unboost|p1a: Ting-Lucifer|evasion|1
|-sideend|p2: Scratchez|Stealth Rock|[from] move: Defog|[of] p2a: Corviknight
|move|p1a: Ting-Lucifer|Stone Edge|p2a: Corviknight
|-damage|p2a: Corviknight|53/100
|
|-weather|Sandstorm|[upkeep]
|upkeep
|turn|13
|
|t:|1781595058
|move|p2a: Corviknight|U-turn|p1a: Ting-Lucifer
|-supereffective|p1a: Ting-Lucifer
|-damage|p1a: Ting-Lucifer|41/100
|
|t:|1781595067
|switch|p2a: Garchomp|Garchomp, F|100/100|[from] U-turn
|move|p1a: Ting-Lucifer|Earthquake|p2a: Garchomp
|-damage|p2a: Garchomp|49/100
|
|-weather|none
|upkeep
|turn|14
|
|t:|1781595071
|switch|p1a: Mandibuzz|Mandibuzz, F, shiny|100/100
|move|p2a: Garchomp|Earthquake|p1a: Mandibuzz
|-immune|p1a: Mandibuzz
|
|upkeep
|turn|15
|
|t:|1781595083
|switch|p2a: Hippowdon|Hippowdon, M|100/100
|-weather|Sandstorm|[from] ability: Sand Stream|[of] p2a: Hippowdon
|switch|p1a: Ting-Lucifer|Ting-Lu|41/100
|-ability|p1a: Ting-Lucifer|Vessel of Ruin
|
|-weather|Sandstorm|[upkeep]
|upkeep
|turn|16
|
|t:|1781595088
|move|p2a: Hippowdon|Earthquake|p1a: Ting-Lucifer
|-damage|p1a: Ting-Lucifer|18/100
|move|p1a: Ting-Lucifer|Stealth Rock|p2a: Hippowdon
|-sidestart|p2: Scratchez|move: Stealth Rock
|
|-weather|Sandstorm|[upkeep]
|upkeep
|turn|17
|
|t:|1781595099
|move|p2a: Hippowdon|Earthquake|p1a: Ting-Lucifer
|-damage|p1a: Ting-Lucifer|0 fnt
|faint|p1a: Ting-Lucifer
|
|-weather|Sandstorm|[upkeep]
|upkeep
|
|t:|1781595101
|switch|p1a: Kyurem|Kyurem|29/100
|-ability|p1a: Kyurem|Pressure
|turn|18
|
|t:|1781595104
|move|p2a: Hippowdon|Protect|p2a: Hippowdon
|-singleturn|p2a: Hippowdon|Protect
|move|p1a: Kyurem|Ice Beam|p2a: Hippowdon
|-activate|p2a: Hippowdon|move: Protect
|
|-weather|Sandstorm|[upkeep]
|-damage|p1a: Kyurem|23/100|[from] Sandstorm
|upkeep
|turn|19
|
|t:|1781595109
|switch|p2a: Tyranitar|Tyranitar, M|67/100
|-damage|p2a: Tyranitar|54/100|[from] Stealth Rock
|move|p1a: Kyurem|Ice Beam|p2a: Tyranitar
|-damage|p2a: Tyranitar|27/100
|
|-weather|Sandstorm|[upkeep]
|-damage|p1a: Kyurem|17/100|[from] Sandstorm
|-heal|p2a: Tyranitar|33/100|[from] item: Leftovers
|upkeep
|turn|20
|
|t:|1781595114
|move|p1a: Kyurem|Ice Beam|p2a: Tyranitar
|-damage|p2a: Tyranitar|6/100
|move|p2a: Tyranitar|Knock Off|p1a: Kyurem
|-damage|p1a: Kyurem|0 fnt
|-enditem|p1a: Kyurem|Choice Scarf|[from] move: Knock Off|[of] p2a: Tyranitar
|faint|p1a: Kyurem
|
|-weather|Sandstorm|[upkeep]
|-heal|p2a: Tyranitar|12/100|[from] item: Leftovers
|upkeep
|
|t:|1781595118
|switch|p1a: Manaphy|Manaphy|100/100
|turn|21
|
|t:|1781595124
|move|p1a: Manaphy|Scald|p2a: Tyranitar
|-supereffective|p2a: Tyranitar
|-damage|p2a: Tyranitar|0 fnt
|faint|p2a: Tyranitar
|
|-weather|Sandstorm|[upkeep]
|-damage|p1a: Manaphy|94/100|[from] Sandstorm
|-heal|p1a: Manaphy|100/100|[from] item: Leftovers
|upkeep
|
|t:|1781595129
|switch|p2a: Corviknight|Corviknight, M|53/100
|-damage|p2a: Corviknight|41/100|[from] Stealth Rock
|-ability|p2a: Corviknight|Pressure
|turn|22
|
|t:|1781595145
|move|p1a: Manaphy|Scald|p2a: Corviknight
|-damage|p2a: Corviknight|19/100
|move|p2a: Corviknight|Roost|p2a: Corviknight
|-heal|p2a: Corviknight|69/100
|-singleturn|p2a: Corviknight|move: Roost
|
|-weather|none
|upkeep
|turn|23
|
|t:|1781595155
|move|p1a: Manaphy|Tail Glow|p1a: Manaphy
|-boost|p1a: Manaphy|spa|3
|move|p2a: Corviknight|Defog|p1a: Manaphy
|-unboost|p1a: Manaphy|evasion|1
|-sideend|p2: Scratchez|Stealth Rock|[from] move: Defog|[of] p2a: Corviknight
|
|upkeep
|turn|24
|
|t:|1781595162
|move|p1a: Manaphy|Tail Glow|p1a: Manaphy
|-boost|p1a: Manaphy|spa|3
|move|p2a: Corviknight|Brave Bird|p1a: Manaphy
|-damage|p1a: Manaphy|72/100
|-damage|p2a: Corviknight|60/100|[from] Recoil
|
|-heal|p1a: Manaphy|78/100|[from] item: Leftovers
|upkeep
|turn|25
|
|t:|1781595167
|move|p1a: Manaphy|Scald|p2a: Corviknight
|-damage|p2a: Corviknight|0 fnt
|faint|p2a: Corviknight
|
|-heal|p1a: Manaphy|85/100|[from] item: Leftovers
|upkeep
|
|t:|1781595169
|switch|p2a: Garchomp|Garchomp, F|49/100
|turn|26
|
|t:|1781595172
|move|p2a: Garchomp|Earthquake|p1a: Manaphy
|-damage|p1a: Manaphy|45/100
|move|p1a: Manaphy|Scald|p2a: Garchomp
|-damage|p2a: Garchomp|0 fnt
|faint|p2a: Garchomp
|
|-heal|p1a: Manaphy|51/100|[from] item: Leftovers
|upkeep
|
|t:|1781595181
|switch|p2a: Hippowdon|Hippowdon, M|100/100
|-weather|Sandstorm|[from] ability: Sand Stream|[of] p2a: Hippowdon
|turn|27
|
|t:|1781595184
|move|p1a: Manaphy|Scald|p2a: Hippowdon
|-supereffective|p2a: Hippowdon
|-damage|p2a: Hippowdon|0 fnt
|faint|p2a: Hippowdon
|
|-weather|Sandstorm|[upkeep]
|-damage|p1a: Manaphy|45/100|[from] Sandstorm
|-heal|p1a: Manaphy|51/100|[from] item: Leftovers
|upkeep
|
|t:|1781595185
|switch|p2a: Excadrill|Excadrill, M|100/100
|-item|p2a: Excadrill|Air Balloon
|turn|28
|
|t:|1781595187
|move|p2a: Excadrill|Earthquake|p1a: Manaphy
|-damage|p1a: Manaphy|0 fnt
|faint|p1a: Manaphy
|
|-weather|Sandstorm|[upkeep]
|upkeep
|
|t:|1781595190
|switch|p1a: Mandibuzz|Mandibuzz, F, shiny|100/100
|turn|29
|
|t:|1781595192
|move|p2a: Excadrill|Rock Slide|p1a: Mandibuzz
|-supereffective|p1a: Mandibuzz
|-damage|p1a: Mandibuzz|64/100
|move|p1a: Mandibuzz|Foul Play|p2a: Excadrill
|-damage|p2a: Excadrill|26/100
|-enditem|p2a: Excadrill|Air Balloon
|
|-weather|Sandstorm|[upkeep]
|upkeep
|turn|30
|
|t:|1781595199
|move|p2a: Excadrill|Rock Slide|p1a: Mandibuzz|[miss]
|-miss|p2a: Excadrill|p1a: Mandibuzz
|move|p1a: Mandibuzz|Foul Play|p2a: Excadrill
|-damage|p2a: Excadrill|0 fnt
|faint|p2a: Excadrill
|
|win|omari p
|raw|omari p's rating: 1495 &rarr; <strong>1517</strong><br />(+22 for winning)
|raw|Scratchez's rating: 1534 &rarr; <strong>1512</strong><br />(-22 for losing)
|l|☆Scratchez
|player|p2|
