|j|☆Thedumbduck
|j|☆KurisuChestnutOU
|t:|1781118697
|gametype|singles
|player|p1|Thedumbduck|firebreather|1521
|player|p2|KurisuChestnutOU|2|1587
|gen|9
|tier|[Gen 9] OU
|rated|
|rule|HP Percentage Mod: HP is shown in percentages
|rule|Endless Battle Clause: Forcing endless battles is banned
|rule|Species Clause: Limit one of each Pokémon
|rule|OHKO Clause: OHKO moves are banned
|rule|Evasion Items Clause: Evasion items are banned
|rule|Evasion Moves Clause: Evasion moves are banned
|rule|Evasion Abilities Clause: Evasion abilities are banned
|rule|Sleep Moves Clause: Sleep-inducing moves are banned
|clearpoke
|poke|p1|Kyurem|
|poke|p1|Hatterene, F|
|poke|p1|Alomomola, F|
|poke|p1|Landorus-Therian, M|
|poke|p1|Great Tusk|
|poke|p1|Kingambit, M|
|poke|p2|Hawlucha, F|
|poke|p2|Samurott-Hisui, F|
|poke|p2|Rillaboom, F|
|poke|p2|Gholdengo|
|poke|p2|Kyurem|
|poke|p2|Landorus-Therian, M|
|teampreview
|
|t:|1781118702
|teamsize|p1|6
|teamsize|p2|6
|start
|switch|p1a: Kyurem|Kyurem|100/100
|switch|p2a: Landorus|Landorus-Therian, M|100/100
|-ability|p2a: Landorus|Intimidate|boost
|-unboost|p1a: Kyurem|atk|1
|-ability|p1a: Kyurem|Pressure
|turn|1
|inactive|Battle timer is ON: inactive players will automatically lose when time's up. (requested by KurisuChestnutOU)
|
|t:|1781118709
|switch|p2a: Kyurem|Kyurem|100/100
|-ability|p2a: Kyurem|Pressure
|move|p1a: Kyurem|Freeze-Dry|p2a: Kyurem
|-damage|p2a: Kyurem|77/100
|
|upkeep
|turn|2
|
|t:|1781118716
|switch|p1a: Hatterene|Hatterene, F|100/100
|move|p2a: Kyurem|Freeze-Dry|p1a: Hatterene
|-damage|p1a: Hatterene|63/100
|
|-heal|p1a: Hatterene|69/100|[from] item: Leftovers
|upkeep
|turn|3
|
|t:|1781118720
|move|p2a: Kyurem|Ice Beam|p1a: Hatterene
|-damage|p1a: Hatterene|17/100
|move|p1a: Hatterene|Draining Kiss|p2a: Kyurem
|-supereffective|p2a: Kyurem
|-damage|p2a: Kyurem|46/100
|-heal|p1a: Hatterene|46/100|[from] drain|[of] p2a: Kyurem
|
|-heal|p1a: Hatterene|52/100|[from] item: Leftovers
|upkeep
|turn|4
|
|t:|1781118725
|move|p2a: Kyurem|Ice Beam|p1a: Hatterene
|-damage|p1a: Hatterene|2/100
|move|p1a: Hatterene|Draining Kiss|p2a: Kyurem
|-supereffective|p2a: Kyurem
|-damage|p2a: Kyurem|15/100
|-heal|p1a: Hatterene|30/100|[from] drain|[of] p2a: Kyurem
|
|-heal|p1a: Hatterene|36/100|[from] item: Leftovers
|upkeep
|turn|5
|
|t:|1781118734
|switch|p1a: Kingambit|Kingambit, M|100/100
|move|p2a: Kyurem|Freeze-Dry|p1a: Kingambit
|-resisted|p1a: Kingambit
|-damage|p1a: Kingambit|86/100
|-status|p1a: Kingambit|frz
|
|upkeep
|turn|6
|
|t:|1781118738
|cant|p1a: Kingambit|frz
|move|p2a: Kyurem|Focus Blast|p1a: Kingambit
|-supereffective|p1a: Kingambit
|-damage|p1a: Kingambit|0 fnt
|faint|p1a: Kingambit
|-end|p1a: Kingambit|fallenundefined|[silent]
|
|upkeep
|
|t:|1781118742
|switch|p1a: Landorus|Landorus-Therian, M|100/100
|-ability|p1a: Landorus|Intimidate|boost
|-unboost|p2a: Kyurem|atk|1
|turn|7
|
|t:|1781118749
|move|p1a: Landorus|U-turn|p2a: Kyurem
|-damage|p2a: Kyurem|0 fnt
|faint|p2a: Kyurem
|
|t:|1781118753
|switch|p1a: Alomomola|Alomomola, F|100/100|[from] U-turn
|
|upkeep
|
|t:|1781118757
|switch|p2a: Rillaboom|Rillaboom, F|100/100
|-fieldstart|move: Grassy Terrain|[from] ability: Grassy Surge|[of] p2a: Rillaboom
|turn|8
|
|t:|1781118762
|move|p1a: Alomomola|Protect|p1a: Alomomola
|-singleturn|p1a: Alomomola|Protect
|move|p2a: Rillaboom|Swords Dance|p2a: Rillaboom
|-boost|p2a: Rillaboom|atk|2
|
|upkeep
|turn|9
|
|t:|1781118772
|move|p2a: Rillaboom|Swords Dance|p2a: Rillaboom
|-boost|p2a: Rillaboom|atk|2
|move|p1a: Alomomola|Scald|p2a: Rillaboom
|-resisted|p2a: Rillaboom
|-damage|p2a: Rillaboom|92/100
|
|-heal|p2a: Rillaboom|99/100|[from] Grassy Terrain
|upkeep
|turn|10
|
|t:|1781118777
|move|p2a: Rillaboom|Swords Dance|p2a: Rillaboom
|-boost|p2a: Rillaboom|atk|2
|move|p1a: Alomomola|Scald|p2a: Rillaboom
|-resisted|p2a: Rillaboom
|-damage|p2a: Rillaboom|90/100
|
|-heal|p2a: Rillaboom|96/100|[from] Grassy Terrain
|upkeep
|turn|11
|
|t:|1781118782
|move|p2a: Rillaboom|Wood Hammer|p1a: Alomomola
|-supereffective|p1a: Alomomola
|-damage|p1a: Alomomola|0 fnt
|-damage|p2a: Rillaboom|79/100|[from] item: Rocky Helmet|[of] p1a: Alomomola
|faint|p1a: Alomomola
|-damage|p2a: Rillaboom|32/100|[from] Recoil
|
|-heal|p2a: Rillaboom|38/100|[from] Grassy Terrain
|upkeep
|
|t:|1781118787
|switch|p1a: Great Tusk|Great Tusk|100/100
|turn|12
|
|t:|1781118794
|move|p2a: Rillaboom|Grassy Glide|p1a: Great Tusk
|-supereffective|p1a: Great Tusk
|-damage|p1a: Great Tusk|0 fnt
|-damage|p2a: Rillaboom|21/100|[from] item: Rocky Helmet|[of] p1a: Great Tusk
|faint|p1a: Great Tusk
|-end|p1a: Great Tusk|Protosynthesis|[silent]
|
|-heal|p2a: Rillaboom|28/100|[from] Grassy Terrain
|-fieldend|move: Grassy Terrain
|upkeep
|
|t:|1781118805
|switch|p1a: Kyurem|Kyurem|100/100
|-ability|p1a: Kyurem|Pressure
|turn|13
|
|t:|1781118808
|-terastallize|p1a: Kyurem|Steel
|move|p2a: Rillaboom|Knock Off|p1a: Kyurem
|-damage|p1a: Kyurem|0 fnt
|-enditem|p1a: Kyurem|Assault Vest|[from] move: Knock Off|[of] p2a: Rillaboom
|faint|p1a: Kyurem
|
|upkeep
|
|t:|1781118816
|switch|p1a: Landorus|Landorus-Therian, M|100/100
|-ability|p1a: Landorus|Intimidate|boost
|-unboost|p2a: Rillaboom|atk|1
|turn|14
|
|t:|1781118822
|move|p1a: Landorus|U-turn|p2a: Rillaboom
|-supereffective|p2a: Rillaboom
|-damage|p2a: Rillaboom|0 fnt
|faint|p2a: Rillaboom
|
|t:|1781118824
|switch|p1a: Hatterene|Hatterene, F|36/100|[from] U-turn
|
|-heal|p1a: Hatterene|42/100|[from] item: Leftovers
|upkeep
|
|t:|1781118827
|switch|p2a: Gholdengo|Gholdengo|100/100
|turn|15
|
|t:|1781118831
|-terastallize|p2a: Gholdengo|Steel
|move|p2a: Gholdengo|Make It Rain|p1a: Hatterene
|-supereffective|p1a: Hatterene
|-damage|p1a: Hatterene|0 fnt
|-unboost|p2a: Gholdengo|spa|1
|faint|p1a: Hatterene
|
|upkeep
|
|t:|1781118833
|switch|p1a: Landorus|Landorus-Therian, M|100/100
|-ability|p1a: Landorus|Intimidate|boost
|-unboost|p2a: Gholdengo|atk|1
|turn|16
|
|t:|1781118838
|switch|p2a: Landorus|Landorus-Therian, M|100/100
|-ability|p2a: Landorus|Intimidate|boost
|-unboost|p1a: Landorus|atk|1
|move|p1a: Landorus|Stone Edge|p2a: Landorus
|-damage|p2a: Landorus|78/100
|
|upkeep
|turn|17
|-message|Thedumbduck forfeited.
|
|win|KurisuChestnutOU
|raw|Thedumbduck's rating: 1521 &rarr; <strong>1505</strong><br />(-16 for losing)
|raw|KurisuChestnutOU's rating: 1587 &rarr; <strong>1603</strong><br />(+16 for winning)
|l|☆Thedumbduck
|player|p1|
