|j|☆altyWIN
|j|☆Boxed by Po
|t:|1781406689
|gametype|singles
|player|p1|altyWIN|backpacker|1533
|player|p2|Boxed by Po|firebreather|1579
|gen|9
|tier|[Gen 9] OU
|rated|
|rule|HP Percentage Mod: HP is shown in percentages
|rule|Endless Battle Clause: Forcing endless battles is banned
|rule|Species Clause: Limit one of each Pokémon
|rule|OHKO Clause: OHKO moves are banned
|rule|Evasion Items Clause: Evasion items are banned
|rule|Evasion Moves Clause: Evasion moves are banned
|rule|Evasion Abilities Clause: Evasion abilities are banned
|rule|Sleep Moves Clause: Sleep-inducing moves are banned
|clearpoke
|poke|p1|Excadrill, F|
|poke|p1|Tyranitar, M|
|poke|p1|Hydrapple, M|
|poke|p1|Alomomola, L99, M|
|poke|p1|Hatterene, F|
|poke|p1|Zapdos|
|poke|p2|Pelipper, F|
|poke|p2|Floatzel, F|
|poke|p2|Barraskewda, M|
|poke|p2|Raging Bolt|
|poke|p2|Kingambit, F|
|poke|p2|Kyurem|
|teampreview
|inactive|Battle timer is ON: inactive players will automatically lose when time's up. (requested by altyWIN)
|inactive|Boxed by Po also wants the timer to be on.
|
|t:|1781406701
|teamsize|p1|6
|teamsize|p2|6
|start
|switch|p1a: FreeCaneMerchant|Zapdos|100/100
|switch|p2a: Kyurem|Kyurem|100/100
|-ability|p2a: Kyurem|Pressure
|turn|1
|j| bigbotboi
|
|t:|1781406719
|-terastallize|p1a: FreeCaneMerchant|Flying
|move|p2a: Kyurem|Ice Beam|p1a: FreeCaneMerchant
|-supereffective|p1a: FreeCaneMerchant
|-damage|p1a: FreeCaneMerchant|0 fnt
|faint|p1a: FreeCaneMerchant
|
|upkeep
|c| bigbotboi|twin
|c|☆Boxed by Po|wow
|inactive|altyWIN has 120 seconds left.
|c|☆Boxed by Po|what was the play?
|
|t:|1781406754
|switch|p1a: Childinthemines|Excadrill, F|100/100
|turn|2
|
|t:|1781406756
|move|p2a: Kyurem|Ice Beam|p1a: Childinthemines
|-damage|p1a: Childinthemines|42/100
|move|p1a: Childinthemines|Iron Head|p2a: Kyurem
|-supereffective|p2a: Kyurem
|-damage|p2a: Kyurem|0 fnt
|faint|p2a: Kyurem
|
|upkeep
|
|t:|1781406765
|switch|p2a: Floatzel|Floatzel, F|100/100
|turn|3
|
|t:|1781406771
|switch|p1a: Cardi B|Alomomola, L99, M|100/100
|move|p2a: Floatzel|Flip Turn|p1a: Cardi B
|-resisted|p1a: Cardi B
|-damage|p1a: Cardi B|89/100
|
|t:|1781406775
|switch|p2a: Raging Bolt|Raging Bolt|100/100|[from] Flip Turn
|
|upkeep
|turn|4
|
|t:|1781406789
|switch|p1a: Kim K|Hatterene, F|100/100
|move|p2a: Raging Bolt|Volt Switch|p1a: Kim K
|-damage|p1a: Kim K|75/100
|
|t:|1781406797
|-end|p2a: Raging Bolt|Protosynthesis|[silent]
|switch|p2a: Floatzel|Floatzel, F|100/100|[from] Volt Switch
|
|upkeep
|turn|5
|inactive|altyWIN has 120 seconds left.
|
|t:|1781406831
|move|p2a: Floatzel|Flip Turn|p1a: Kim K
|-damage|p1a: Kim K|33/100
|j| encostoo
|
|t:|1781406845
|switch|p2a: Big P|Pelipper, F|100/100|[from] Flip Turn
|-weather|RainDance|[from] ability: Drizzle|[of] p2a: Big P
|move|p1a: Kim K|Mystical Fire|p2a: Big P
|-resisted|p2a: Big P
|-damage|p2a: Big P|92/100
|-unboost|p2a: Big P|spa|1
|
|-weather|RainDance|[upkeep]
|upkeep
|turn|6
|
|t:|1781406854
|move|p2a: Big P|Hurricane|p1a: Kim K
|-damage|p1a: Kim K|10/100
|move|p1a: Kim K|Psychic Noise|p2a: Big P
|-damage|p2a: Big P|42/100
|-start|p2a: Big P|move: Heal Block
|
|-weather|RainDance|[upkeep]
|upkeep
|turn|7
|inactive|altyWIN has 120 seconds left.
|
|t:|1781406873
|switch|p1a: Goatyranny|Tyranitar, M|100/100
|-weather|Sandstorm|[from] ability: Sand Stream|[of] p1a: Goatyranny
|move|p2a: Big P|U-turn|p1a: Goatyranny
|-supereffective|p1a: Goatyranny
|-damage|p1a: Goatyranny|83/100
|
|t:|1781406877
|switch|p2a: Floatzel|Floatzel, F|100/100|[from] U-turn
|
|-weather|Sandstorm|[upkeep]
|-damage|p2a: Floatzel|94/100|[from] Sandstorm
|upkeep
|turn|8
|inactive|altyWIN has 120 seconds left.
|
|t:|1781406898
|switch|p1a: Hydrippy|Hydrapple, M|100/100
|move|p2a: Floatzel|Flip Turn|p1a: Hydrippy
|-resisted|p1a: Hydrippy
|-damage|p1a: Hydrippy|94/100
|
|t:|1781406903
|switch|p2a: Big P|Pelipper, F|42/100|[from] Flip Turn
|-weather|RainDance|[from] ability: Drizzle|[of] p2a: Big P
|
|-weather|RainDance|[upkeep]
|upkeep
|turn|9
|inactive|altyWIN has 120 seconds left.
|
|t:|1781406932
|move|p2a: Big P|Ice Beam|p1a: Hydrippy
|-supereffective|p1a: Hydrippy
|-damage|p1a: Hydrippy|0 fnt
|faint|p1a: Hydrippy
|
|-weather|RainDance|[upkeep]
|upkeep
|
|t:|1781406937
|switch|p1a: Cardi B|Alomomola, L99, M|100/100
|turn|10
|
|t:|1781406943
|move|p2a: Big P|U-turn|p1a: Cardi B
|-damage|p1a: Cardi B|96/100
|
|t:|1781406946
|switch|p2a: Floatzel|Floatzel, F|94/100|[from] U-turn
|move|p1a: Cardi B|Wish|p1a: Cardi B
|
|-weather|RainDance|[upkeep]
|upkeep
|turn|11
|
|t:|1781406950
|move|p2a: Floatzel|Flip Turn|p1a: Cardi B
|-resisted|p1a: Cardi B
|-damage|p1a: Cardi B|78/100
|
|t:|1781406959
|switch|p2a: Raging Bolt|Raging Bolt|100/100|[from] Flip Turn
|move|p1a: Cardi B|Flip Turn|p2a: Raging Bolt
|-resisted|p2a: Raging Bolt
|-damage|p2a: Raging Bolt|91/100
|
|t:|1781406963
|switch|p1a: Kim K|Hatterene, F|10/100|[from] Flip Turn
|
|-weather|RainDance|[upkeep]
|-heal|p1a: Kim K|93/100|[from] move: Wish|[wisher] Cardi B
|upkeep
|turn|12
|
|t:|1781406983
|move|p2a: Raging Bolt|Volt Switch|p1a: Kim K
|-damage|p1a: Kim K|65/100
|
|t:|1781406988
|-end|p2a: Raging Bolt|Protosynthesis|[silent]
|switch|p2a: Floatzel|Floatzel, F|94/100|[from] Volt Switch
|move|p1a: Kim K|Draining Kiss|p2a: Floatzel
|-damage|p2a: Floatzel|53/100
|-heal|p1a: Kim K|96/100|[from] drain|[of] p2a: Floatzel
|
|-weather|RainDance|[upkeep]
|upkeep
|turn|13
|
|t:|1781407002
|switch|p1a: Cardi B|Alomomola, L99, M|100/100
|move|p2a: Floatzel|Wave Crash|p1a: Cardi B
|-resisted|p1a: Cardi B
|-damage|p1a: Cardi B|66/100
|-damage|p2a: Floatzel|34/100|[from] Recoil
|
|-weather|RainDance|[upkeep]
|upkeep
|turn|14
|
|t:|1781407012
|move|p2a: Floatzel|Wave Crash|p1a: Cardi B
|-resisted|p1a: Cardi B
|-damage|p1a: Cardi B|31/100
|-damage|p2a: Floatzel|14/100|[from] Recoil
|move|p1a: Cardi B|Flip Turn|p2a: Floatzel
|-resisted|p2a: Floatzel
|-damage|p2a: Floatzel|0 fnt
|faint|p2a: Floatzel
|
|t:|1781407031
|switch|p1a: Goatyranny|Tyranitar, M|83/100|[from] Flip Turn
|-weather|Sandstorm|[from] ability: Sand Stream|[of] p1a: Goatyranny
|
|-weather|Sandstorm|[upkeep]
|upkeep
|l| encostoo
|inactive|Boxed by Po has 120 seconds left.
|
|t:|1781407062
|switch|p2a: Big P|Pelipper, F|42/100
|-weather|RainDance|[from] ability: Drizzle|[of] p2a: Big P
|turn|15
|
|t:|1781407072
|move|p1a: Goatyranny|Stone Edge|p2a: Big P|[miss]
|-miss|p1a: Goatyranny|p2a: Big P
|move|p2a: Big P|Weather Ball|p1a: Goatyranny
|-supereffective|p1a: Goatyranny
|-damage|p1a: Goatyranny|0 fnt
|faint|p1a: Goatyranny
|
|-weather|RainDance|[upkeep]
|upkeep
|l| bigbotboi
|
|t:|1781407083
|switch|p1a: Kim K|Hatterene, F|96/100
|turn|16
|
|t:|1781407089
|move|p2a: Big P|Weather Ball|p1a: Kim K
|-damage|p1a: Kim K|51/100
|move|p1a: Kim K|Nuzzle|p2a: Big P
|-supereffective|p2a: Big P
|-damage|p2a: Big P|25/100
|-status|p2a: Big P|par
|
|-weather|RainDance|[upkeep]
|upkeep
|turn|17
|
|t:|1781407096
|cant|p2a: Big P|par
|move|p1a: Kim K|Draining Kiss|p2a: Big P
|-damage|p2a: Big P|0 fnt
|-heal|p1a: Kim K|70/100|[from] drain|[of] p2a: Big P
|faint|p2a: Big P
|
|-weather|RainDance|[upkeep]
|upkeep
|
|t:|1781407099
|switch|p2a: Raging Bolt|Raging Bolt|91/100
|turn|18
|
|t:|1781407117
|move|p2a: Raging Bolt|Thunderbolt|p1a: Kim K
|-damage|p1a: Kim K|37/100
|move|p1a: Kim K|Draining Kiss|p2a: Raging Bolt
|-supereffective|p2a: Raging Bolt
|-damage|p2a: Raging Bolt|65/100
|-heal|p1a: Kim K|64/100|[from] drain|[of] p2a: Raging Bolt
|
|-weather|RainDance|[upkeep]
|upkeep
|turn|19
|j| choispecs ironmoth
|
|t:|1781407139
|move|p2a: Raging Bolt|Volt Switch|p1a: Kim K
|-damage|p1a: Kim K|35/100
|
|t:|1781407142
|-end|p2a: Raging Bolt|Protosynthesis|[silent]
|switch|p2a: Ting lu|Kingambit, F, shiny|100/100|[from] Volt Switch
|-activate|p2a: Ting lu|ability: Supreme Overlord
|-start|p2a: Ting lu|fallen3|[silent]
|move|p1a: Kim K|Nuzzle|p2a: Ting lu
|-damage|p2a: Ting lu|97/100
|-status|p2a: Ting lu|par
|-enditem|p2a: Ting lu|Lum Berry|[eat]
|-curestatus|p2a: Ting lu|par|[msg]
|
|-weather|RainDance|[upkeep]
|upkeep
|turn|20
|inactive|altyWIN has 120 seconds left.
|c|☆Boxed by Po|bro give up
|
|t:|1781407175
|move|p2a: Ting lu|Swords Dance|p2a: Ting lu
|-boost|p2a: Ting lu|atk|2
|move|p1a: Kim K|Draining Kiss|p2a: Ting lu
|-damage|p2a: Ting lu|75/100
|-heal|p1a: Kim K|57/100|[from] drain|[of] p2a: Ting lu
|
|-weather|RainDance|[upkeep]
|upkeep
|turn|21
|
|t:|1781407179
|move|p2a: Ting lu|Iron Head|p1a: Kim K
|-supereffective|p1a: Kim K
|-damage|p1a: Kim K|0 fnt
|faint|p1a: Kim K
|
|-weather|RainDance|[upkeep]
|upkeep
|
|t:|1781407182
|switch|p1a: Cardi B|Alomomola, L99, M|65/100
|turn|22
|
|t:|1781407185
|move|p2a: Ting lu|Brick Break|p1a: Cardi B
|-damage|p1a: Cardi B|21/100
|move|p1a: Cardi B|Scald|p2a: Ting lu
|-damage|p2a: Ting lu|55/100
|
|-weather|none
|upkeep
|turn|23
|
|t:|1781407196
|move|p2a: Ting lu|Brick Break|p1a: Cardi B
|-damage|p1a: Cardi B|0 fnt
|faint|p1a: Cardi B
|
|upkeep
|
|t:|1781407198
|switch|p1a: Childinthemines|Excadrill, F|42/100
|turn|24
|
|t:|1781407205
|-terastallize|p2a: Ting lu|Flying
|move|p1a: Childinthemines|Earthquake|p2a: Ting lu
|-immune|p2a: Ting lu
|move|p2a: Ting lu|Brick Break|p1a: Childinthemines
|-supereffective|p1a: Childinthemines
|-damage|p1a: Childinthemines|0 fnt
|faint|p1a: Childinthemines
|
|win|Boxed by Po
|raw|altyWIN's rating: 1533 &rarr; <strong>1516</strong><br />(-17 for losing)
|raw|Boxed by Po's rating: 1579 &rarr; <strong>1596</strong><br />(+17 for winning)
|l|☆Boxed by Po
|player|p2|
|l|☆altyWIN
|player|p1|
