|j|☆temporarylight
|j|☆Wanawa8724
|t:|1781203221
|gametype|singles
|player|p1|temporarylight|jogger|1759
|player|p2|Wanawa8724|wattson|1713
|gen|9
|tier|[Gen 9] OU
|rated|
|rule|HP Percentage Mod: HP is shown in percentages
|rule|Endless Battle Clause: Forcing endless battles is banned
|rule|Species Clause: Limit one of each Pokémon
|rule|OHKO Clause: OHKO moves are banned
|rule|Evasion Items Clause: Evasion items are banned
|rule|Evasion Moves Clause: Evasion moves are banned
|rule|Evasion Abilities Clause: Evasion abilities are banned
|rule|Sleep Moves Clause: Sleep-inducing moves are banned
|clearpoke
|poke|p1|Raging Bolt|
|poke|p1|Ogerpon-Wellspring, F|
|poke|p1|Zamazenta-*|
|poke|p1|Cresselia, F|
|poke|p1|Glimmora, F|
|poke|p1|Kingambit, M|
|poke|p2|Hydreigon, F|
|poke|p2|Gholdengo|
|poke|p2|Great Tusk|
|poke|p2|Slowking-Galar, F|
|poke|p2|Zamazenta-*|
|poke|p2|Rillaboom, M|
|teampreview
|j| GreatestPawjobUwU
|c|☆Wanawa8724|glhf
|inactive|Battle timer is ON: inactive players will automatically lose when time's up. (requested by temporarylight)
|c|☆temporarylight|glhf
|inactive|Wanawa8724 has 120 seconds left.
|
|t:|1781203262
|teamsize|p1|6
|teamsize|p2|6
|start
|switch|p1a: Ogerpon|Ogerpon-Wellspring, F|100/100
|switch|p2a: Slowking|Slowking-Galar, F|100/100
|turn|1
|
|t:|1781203267
|move|p1a: Ogerpon|Knock Off|p2a: Slowking
|-supereffective|p2a: Slowking
|-damage|p2a: Slowking|23/100
|-enditem|p2a: Slowking|Assault Vest|[from] move: Knock Off|[of] p1a: Ogerpon
|move|p2a: Slowking|Future Sight|p1a: Ogerpon
|-start|p2a: Slowking|move: Future Sight
|
|upkeep
|turn|2
|
|t:|1781203281
|switch|p2a: Rillaboom|Rillaboom, M|100/100
|-fieldstart|move: Grassy Terrain|[from] ability: Grassy Surge|[of] p2a: Rillaboom
|move|p1a: Ogerpon|Power Whip|p2a: Rillaboom
|-resisted|p2a: Rillaboom
|-damage|p2a: Rillaboom|47/100
|
|-heal|p2a: Rillaboom|53/100|[from] Grassy Terrain
|upkeep
|turn|3
|
|t:|1781203290
|-terastallize|p2a: Rillaboom|Grass
|move|p2a: Rillaboom|Grassy Glide|p1a: Ogerpon
|-damage|p1a: Ogerpon|0 fnt
|faint|p1a: Ogerpon
|
|-hint|Future Sight did not hit because the target is fainted.
|-heal|p2a: Rillaboom|59/100|[from] Grassy Terrain
|upkeep
|
|t:|1781203296
|switch|p1a: Glimmora|Glimmora, F|100/100
|turn|4
|
|t:|1781203306
|switch|p2a: Hydreigon|Hydreigon, F|100/100
|move|p1a: Glimmora|Earth Power|p2a: Hydreigon
|-immune|p2a: Hydreigon|[from] ability: Levitate
|
|upkeep
|turn|5
|
|t:|1781203311
|move|p2a: Hydreigon|Draco Meteor|p1a: Glimmora
|-damage|p1a: Glimmora|24/100
|-unboost|p2a: Hydreigon|spa|2
|-enditem|p1a: Glimmora|Red Card|[of] p2a: Hydreigon
|drag|p2a: Slowking|Slowking-Galar, F|56/100
|move|p1a: Glimmora|Stealth Rock|p2a: Slowking
|-sidestart|p2: Wanawa8724|move: Stealth Rock
|
|-heal|p1a: Glimmora|30/100|[from] Grassy Terrain
|-heal|p2a: Slowking|63/100|[from] Grassy Terrain
|upkeep
|turn|6
|
|t:|1781203322
|move|p1a: Glimmora|Earth Power|p2a: Slowking
|-supereffective|p2a: Slowking
|-damage|p2a: Slowking|25/100
|move|p2a: Slowking|Future Sight|p1a: Glimmora
|-start|p2a: Slowking|move: Future Sight
|
|-heal|p1a: Glimmora|36/100|[from] Grassy Terrain
|-heal|p2a: Slowking|31/100|[from] Grassy Terrain
|-fieldend|move: Grassy Terrain
|upkeep
|turn|7
|
|t:|1781203330
|switch|p2a: Great Tusk|Great Tusk|100/100
|move|p1a: Glimmora|Earth Power|p2a: Great Tusk
|-damage|p2a: Great Tusk|62/100
|
|upkeep
|turn|8
|
|t:|1781203345
|move|p2a: Great Tusk|Rapid Spin|p1a: Glimmora
|-resisted|p1a: Glimmora
|-damage|p1a: Glimmora|29/100
|-boost|p2a: Great Tusk|spe|1
|-activate|p1a: Glimmora|ability: Toxic Debris
|-sidestart|p2: Wanawa8724|move: Toxic Spikes
|-sideend|p2: Wanawa8724|Toxic Spikes|[from] move: Rapid Spin|[of] p2a: Great Tusk
|-sideend|p2: Wanawa8724|Stealth Rock|[from] move: Rapid Spin|[of] p2a: Great Tusk
|move|p1a: Glimmora|Earth Power|p2a: Great Tusk
|-damage|p2a: Great Tusk|27/100
|
|-end|p1a: Glimmora|move: Future Sight
|-supereffective|p1a: Glimmora
|-crit|p1a: Glimmora
|-damage|p1a: Glimmora|0 fnt
|faint|p1a: Glimmora
|upkeep
|
|t:|1781203356
|switch|p1a: Zamazenta|Zamazenta|100/100
|-ability|p1a: Zamazenta|Dauntless Shield|boost
|-boost|p1a: Zamazenta|def|1
|turn|9
|j| zxShankxz
|inactive|Wanawa8724 has 120 seconds left.
|
|t:|1781203387
|-end|p2a: Great Tusk|Protosynthesis|[silent]
|switch|p2a: Hydreigon|Hydreigon, F|100/100
|move|p1a: Zamazenta|Light Screen|p1a: Zamazenta
|-sidestart|p1: temporarylight|move: Light Screen
|
|upkeep
|turn|10
|inactive|Wanawa8724 has 120 seconds left.
|
|t:|1781203399
|switch|p2a: Slowking|Slowking-Galar, F|64/100
|move|p1a: Zamazenta|Reflect|p1a: Zamazenta
|-sidestart|p1: temporarylight|Reflect
|
|upkeep
|turn|11
|n| OiledUpSchlong|greatestpawjobuwu
|l| OiledUpSchlong
|inactive|Wanawa8724 has 120 seconds left.
|
|t:|1781203429
|switch|p1a: Cresselia|Cresselia, F|100/100
|move|p2a: Slowking|Future Sight|p1a: Cresselia
|-start|p2a: Slowking|move: Future Sight
|
|upkeep
|turn|12
|
|t:|1781203434
|switch|p2a: Gholdengo|Gholdengo|100/100
|move|p1a: Cresselia|Calm Mind|p1a: Cresselia
|-boost|p1a: Cresselia|spa|1
|-boost|p1a: Cresselia|spd|1
|
|upkeep
|turn|13
|
|t:|1781203447
|move|p2a: Gholdengo|Nasty Plot|p2a: Gholdengo
|-boost|p2a: Gholdengo|spa|2
|move|p1a: Cresselia|Calm Mind|p1a: Cresselia
|-boost|p1a: Cresselia|spa|1
|-boost|p1a: Cresselia|spd|1
|
|-end|p1a: Cresselia|move: Future Sight
|-resisted|p1a: Cresselia
|-damage|p1a: Cresselia|96/100
|-heal|p1a: Cresselia|100/100|[from] item: Leftovers
|upkeep
|turn|14
|
|t:|1781203451
|move|p2a: Gholdengo|Nasty Plot|p2a: Gholdengo
|-boost|p2a: Gholdengo|spa|2
|move|p1a: Cresselia|Calm Mind|p1a: Cresselia
|-boost|p1a: Cresselia|spa|1
|-boost|p1a: Cresselia|spd|1
|
|upkeep
|turn|15
|inactive|Wanawa8724 has 120 seconds left.
|
|t:|1781203467
|move|p2a: Gholdengo|Shadow Ball|p1a: Cresselia
|-supereffective|p1a: Cresselia
|-damage|p1a: Cresselia|63/100
|move|p1a: Cresselia|Calm Mind|p1a: Cresselia
|-boost|p1a: Cresselia|spa|1
|-boost|p1a: Cresselia|spd|1
|
|-heal|p1a: Cresselia|69/100|[from] item: Leftovers
|upkeep
|turn|16
|inactive|Wanawa8724 has 120 seconds left.
|
|t:|1781203486
|move|p2a: Gholdengo|Nasty Plot|p2a: Gholdengo
|-boost|p2a: Gholdengo|spa|2
|move|p1a: Cresselia|Stored Power|p2a: Gholdengo
|-resisted|p2a: Gholdengo
|-damage|p2a: Gholdengo|0 fnt
|faint|p2a: Gholdengo
|
|-heal|p1a: Cresselia|75/100|[from] item: Leftovers
|-sideend|p1: temporarylight|move: Light Screen
|upkeep
|c|☆Wanawa8724|OFFENSIVE CRESS???????????????????????????????????????????????????????
|c|☆Wanawa8724|I might be cooked
|
|t:|1781203512
|switch|p2a: Hydreigon|Hydreigon, F|100/100
|turn|17
|c|☆Wanawa8724|why do you have SpA investment :sob:
|inactive|Wanawa8724 has 90 seconds left.
|
|t:|1781203529
|move|p2a: Hydreigon|Dark Pulse|p1a: Cresselia
|-supereffective|p1a: Cresselia
|-damage|p1a: Cresselia|45/100
|move|p1a: Cresselia|Lunar Blessing|p1a: Cresselia
|-heal|p1a: Cresselia|70/100
|
|-heal|p1a: Cresselia|76/100|[from] item: Leftovers
|-sideend|p1: temporarylight|Reflect
|upkeep
|turn|18
|c|☆temporarylight|its called aura bruh
|
|t:|1781203550
|move|p2a: Hydreigon|Dark Pulse|p1a: Cresselia
|-supereffective|p1a: Cresselia
|-damage|p1a: Cresselia|47/100
|move|p1a: Cresselia|Moonblast|p2a: Hydreigon
|-supereffective|p2a: Hydreigon
|-damage|p2a: Hydreigon|0 fnt
|faint|p2a: Hydreigon
|
|-heal|p1a: Cresselia|53/100|[from] item: Leftovers
|upkeep
|
|t:|1781203561
|switch|p2a: Rillaboom|Rillaboom, M, tera:Grass|59/100
|-fieldstart|move: Grassy Terrain|[from] ability: Grassy Surge|[of] p2a: Rillaboom
|turn|19
|c|☆temporarylight|hrmmm
|c|☆temporarylight|oh yea spa investment
|c|☆temporarylight|is to 2hko gambit
|inactive|temporarylight has 120 seconds left.
|c|☆temporarylight|wiht tfairy mblast
|c|☆temporarylight|at +1
|c|☆Wanawa8724|how much do you have?
|c|☆temporarylight|252 modest
|c|☆temporarylight|aka im deaad
|inactive|Wanawa8724 has 90 seconds left.
|c|☆Wanawa8724|...
|inactive|temporarylight has 90 seconds left.
|c|☆temporarylight|like im really dead
|c|☆temporarylight|hmm
|
|t:|1781203628
|move|p2a: Rillaboom|Wood Hammer|p1a: Cresselia
|-damage|p1a: Cresselia|0 fnt
|faint|p1a: Cresselia
|-damage|p2a: Rillaboom|37/100|[from] Recoil
|
|-heal|p2a: Rillaboom|43/100|[from] Grassy Terrain
|upkeep
|
|t:|1781203630
|switch|p1a: Zamazenta|Zamazenta|100/100
|turn|20
|c|☆Wanawa8724|yeah I'm about to kill you twice
|inactive|Wanawa8724 has 90 seconds left.
|
|t:|1781203641
|switch|p2a: Slowking|Slowking-Galar, F|98/100
|move|p1a: Zamazenta|Reflect|p1a: Zamazenta
|-sidestart|p1: temporarylight|Reflect
|
|-heal|p2a: Slowking|100/100|[from] Grassy Terrain
|upkeep
|turn|21
|
|t:|1781203652
|switch|p1a: Kingambit|Kingambit, M|100/100
|-activate|p1a: Kingambit|ability: Supreme Overlord
|-start|p1a: Kingambit|fallen3|[silent]
|move|p2a: Slowking|Future Sight|p1a: Kingambit
|-start|p2a: Slowking|move: Future Sight
|
|upkeep
|turn|22
|
|t:|1781203659
|switch|p2a: Zamazenta|Zamazenta|100/100
|-ability|p2a: Zamazenta|Dauntless Shield|boost
|-boost|p2a: Zamazenta|def|1
|move|p1a: Kingambit|Swords Dance|p1a: Kingambit
|-boost|p1a: Kingambit|atk|2
|
|upkeep
|turn|23
|
|t:|1781203669
|-terastallize|p1a: Kingambit|Ghost
|move|p2a: Zamazenta|Close Combat|p1a: Kingambit
|-immune|p1a: Kingambit
|move|p1a: Kingambit|Low Kick|p2a: Zamazenta
|-damage|p2a: Zamazenta|28/100
|
|-end|p1a: Kingambit|move: Future Sight
|-damage|p1a: Kingambit|35/100
|-heal|p2a: Zamazenta|35/100|[from] Grassy Terrain
|-heal|p1a: Kingambit|41/100|[from] Grassy Terrain
|-heal|p1a: Kingambit|47/100|[from] item: Leftovers
|-fieldend|move: Grassy Terrain
|upkeep
|turn|24
|
|t:|1781203688
|move|p2a: Zamazenta|Crunch|p1a: Kingambit
|-supereffective|p1a: Kingambit
|-crit|p1a: Kingambit
|-damage|p1a: Kingambit|0 fnt
|faint|p1a: Kingambit
|-end|p1a: Kingambit|fallen3|[silent]
|
|upkeep
|c|☆temporarylight|wait w throw
|inactive|temporarylight has 90 seconds left.
|
|t:|1781203699
|switch|p1a: Raging Bolt|Raging Bolt|100/100
|-enditem|p1a: Raging Bolt|Booster Energy
|-activate|p1a: Raging Bolt|ability: Protosynthesis|[fromitem]
|-start|p1a: Raging Bolt|protosynthesisspa
|turn|25
|inactive|temporarylight has 90 seconds left.
|c|☆Wanawa8724|yeah, I feel like you threw just a teeny tiny bit
|
|t:|1781203721
|move|p2a: Zamazenta|Close Combat|p1a: Raging Bolt
|-damage|p1a: Raging Bolt|74/100
|-unboost|p2a: Zamazenta|def|1
|-unboost|p2a: Zamazenta|spd|1
|move|p1a: Raging Bolt|Dragon Pulse|p2a: Zamazenta
|-damage|p2a: Zamazenta|0 fnt
|faint|p2a: Zamazenta
|
|upkeep
|
|t:|1781203727
|switch|p2a: Slowking|Slowking-Galar, F|100/100
|turn|26
|inactive|temporarylight has 90 seconds left.
|
|t:|1781203738
|move|p1a: Raging Bolt|Thunderbolt|p2a: Slowking
|-damage|p2a: Slowking|45/100
|move|p2a: Slowking|Sludge Bomb|p1a: Raging Bolt
|-damage|p1a: Raging Bolt|34/100
|
|upkeep
|turn|27
|inactive|temporarylight has 90 seconds left.
|
|t:|1781203745
|switch|p2a: Great Tusk|Great Tusk|27/100
|move|p1a: Raging Bolt|Dragon Pulse|p2a: Great Tusk
|-damage|p2a: Great Tusk|0 fnt
|faint|p2a: Great Tusk
|-end|p2a: Great Tusk|Protosynthesis|[silent]
|
|-sideend|p1: temporarylight|Reflect
|upkeep
|
|t:|1781203752
|switch|p2a: Rillaboom|Rillaboom, M, tera:Grass|43/100
|-fieldstart|move: Grassy Terrain|[from] ability: Grassy Surge|[of] p2a: Rillaboom
|turn|28
|
|t:|1781203765
|-end|p1a: Raging Bolt|Protosynthesis|[silent]
|switch|p1a: Zamazenta|Zamazenta|100/100
|move|p2a: Rillaboom|Grassy Glide|p1a: Zamazenta
|-damage|p1a: Zamazenta|43/100
|
|-heal|p1a: Zamazenta|49/100|[from] Grassy Terrain
|-heal|p2a: Rillaboom|49/100|[from] Grassy Terrain
|upkeep
|turn|29
|
|t:|1781203770
|move|p2a: Rillaboom|Grassy Glide|p1a: Zamazenta
|-damage|p1a: Zamazenta|0 fnt
|faint|p1a: Zamazenta
|
|-heal|p2a: Rillaboom|56/100|[from] Grassy Terrain
|upkeep
|
|t:|1781203771
|switch|p1a: Raging Bolt|Raging Bolt|34/100
|turn|30
|
|t:|1781203774
|move|p2a: Rillaboom|Grassy Glide|p1a: Raging Bolt
|-resisted|p1a: Raging Bolt
|-damage|p1a: Raging Bolt|0 fnt
|faint|p1a: Raging Bolt
|-end|p1a: Raging Bolt|Protosynthesis|[silent]
|
|win|Wanawa8724
|raw|temporarylight's rating: 1759 &rarr; <strong>1736</strong><br />(-23 for losing)
|raw|Wanawa8724's rating: 1713 &rarr; <strong>1736</strong><br />(+23 for winning)
|c|☆Wanawa8724|gg
|c|☆temporarylight|gg
|l|☆temporarylight
|player|p1|
|l|☆Wanawa8724
|player|p2|
