|j|☆FP.//06
|j|☆mongwong
|t:|1781152243
|gametype|singles
|player|p1|FP.//06|lucas|1521
|player|p2|mongwong|eusine-gen2|1580
|gen|9
|tier|[Gen 9] OU
|rated|
|rule|HP Percentage Mod: HP is shown in percentages
|rule|Endless Battle Clause: Forcing endless battles is banned
|rule|Species Clause: Limit one of each Pokémon
|rule|OHKO Clause: OHKO moves are banned
|rule|Evasion Items Clause: Evasion items are banned
|rule|Evasion Moves Clause: Evasion moves are banned
|rule|Evasion Abilities Clause: Evasion abilities are banned
|rule|Sleep Moves Clause: Sleep-inducing moves are banned
|clearpoke
|poke|p1|Regieleki|
|poke|p1|Grafaiai, F|
|poke|p1|Corviknight, F|
|poke|p1|Zamazenta-*|
|poke|p1|Alomomola, F|
|poke|p1|Gliscor, F|
|poke|p2|Indeedee, M|
|poke|p2|Polteageist-Antique|
|poke|p2|Hawlucha, F|
|poke|p2|Primarina, F|
|poke|p2|Iron Valiant|
|poke|p2|Great Tusk|
|teampreview
|inactive|Battle timer is ON: inactive players will automatically lose when time's up. (requested by mongwong)
|inactive|FP.//06 also wants the timer to be on.
|
|t:|1781152268
|teamsize|p1|6
|teamsize|p2|6
|start
|switch|p1a: Regieleki|Regieleki|100/100
|switch|p2a: Great Tusk|Great Tusk|100/100
|turn|1
|
|t:|1781152273
|switch|p1a: Gliscor|Gliscor, F|100/100
|move|p2a: Great Tusk|Stealth Rock|p1a: Gliscor
|-sidestart|p1: FP.//06|move: Stealth Rock
|
|-status|p1a: Gliscor|tox|[from] item: Toxic Orb
|upkeep
|turn|2
|
|t:|1781152278
|-end|p2a: Great Tusk|Protosynthesis|[silent]
|switch|p2a: Indeedee|Indeedee, M|100/100
|-fieldstart|move: Psychic Terrain|[from] ability: Psychic Surge|[of] p2a: Indeedee
|move|p1a: Gliscor|Knock Off|p2a: Indeedee
|-supereffective|p2a: Indeedee
|-damage|p2a: Indeedee|5/100
|-enditem|p2a: Indeedee|Terrain Extender|[from] move: Knock Off|[of] p1a: Gliscor
|
|upkeep
|turn|3
|
|t:|1781152285
|switch|p2a: Hawlucha|Hawlucha, F|100/100
|-enditem|p2a: Hawlucha|Psychic Seed
|-boost|p2a: Hawlucha|spd|1|[from] item: Psychic Seed
|switch|p1a: Corviknight|Corviknight, F|100/100
|-damage|p1a: Corviknight|88/100|[from] Stealth Rock
|-ability|p1a: Corviknight|Pressure
|
|upkeep
|turn|4
|
|t:|1781152287
|move|p2a: Hawlucha|Swords Dance|p2a: Hawlucha
|-boost|p2a: Hawlucha|atk|2
|move|p1a: Corviknight|Brave Bird|p2a: Hawlucha
|-supereffective|p2a: Hawlucha
|-damage|p2a: Hawlucha|3/100
|-damage|p1a: Corviknight|64/100|[from] Recoil
|
|upkeep
|turn|5
|
|t:|1781152291
|move|p2a: Hawlucha|Close Combat|p1a: Corviknight
|-damage|p1a: Corviknight|0 fnt
|-unboost|p2a: Hawlucha|def|1
|-unboost|p2a: Hawlucha|spd|1
|-damage|p2a: Hawlucha|0 fnt|[from] item: Rocky Helmet|[of] p1a: Corviknight
|faint|p1a: Corviknight
|faint|p2a: Hawlucha
|
|upkeep
|
|t:|1781152300
|switch|p2a: Great Tusk|Great Tusk|100/100
|switch|p1a: Alomomola|Alomomola, F|100/100
|-damage|p1a: Alomomola|88/100|[from] Stealth Rock
|turn|6
|
|t:|1781152303
|move|p2a: Great Tusk|Knock Off|p1a: Alomomola
|-damage|p1a: Alomomola|67/100
|-enditem|p1a: Alomomola|Assault Vest|[from] move: Knock Off|[of] p2a: Great Tusk
|move|p1a: Alomomola|Scald|p2a: Great Tusk
|-supereffective|p2a: Great Tusk
|-damage|p2a: Great Tusk|62/100
|
|upkeep
|turn|7
|
|t:|1781152308
|-end|p2a: Great Tusk|Protosynthesis|[silent]
|switch|p2a: Primarina|Primarina, F|100/100
|move|p1a: Alomomola|Scald|p2a: Primarina
|-resisted|p2a: Primarina
|-damage|p2a: Primarina|96/100
|-status|p2a: Primarina|brn
|
|-damage|p2a: Primarina|90/100 brn|[from] brn
|upkeep
|turn|8
|
|t:|1781152313
|switch|p1a: Grafaiai|Grafaiai, F|100/100
|-damage|p1a: Grafaiai|88/100|[from] Stealth Rock
|move|p2a: Primarina|Psychic Noise|p1a: Grafaiai
|-supereffective|p1a: Grafaiai
|-damage|p1a: Grafaiai|0 fnt
|faint|p1a: Grafaiai
|
|-damage|p2a: Primarina|84/100 brn|[from] brn
|upkeep
|
|t:|1781152316
|switch|p1a: Regieleki|Regieleki|100/100
|-damage|p1a: Regieleki|88/100|[from] Stealth Rock
|turn|9
|
|t:|1781152319
|move|p1a: Regieleki|Rapid Spin|p2a: Primarina
|-damage|p2a: Primarina|71/100 brn
|-boost|p1a: Regieleki|spe|1
|-sideend|p1: FP.//06|Stealth Rock|[from] move: Rapid Spin|[of] p1a: Regieleki
|move|p2a: Primarina|Moonblast|p1a: Regieleki
|-damage|p1a: Regieleki|0 fnt
|faint|p1a: Regieleki
|
|-damage|p2a: Primarina|65/100 brn|[from] brn
|-fieldend|move: Psychic Terrain
|upkeep
|
|t:|1781152322
|switch|p1a: Gliscor|Gliscor, F|100/100 tox
|turn|10
|
|t:|1781152326
|switch|p2a: Indeedee|Indeedee, M|5/100
|-fieldstart|move: Psychic Terrain|[from] ability: Psychic Surge|[of] p2a: Indeedee
|-terastallize|p1a: Gliscor|Water
|move|p1a: Gliscor|Swords Dance|p1a: Gliscor
|-boost|p1a: Gliscor|atk|2
|
|upkeep
|turn|11
|
|t:|1781152329
|move|p2a: Indeedee|Encore|p1a: Gliscor
|-start|p1a: Gliscor|Encore
|move|p1a: Gliscor|Swords Dance|p1a: Gliscor
|-boost|p1a: Gliscor|atk|2
|
|upkeep
|turn|12
|
|t:|1781152332
|switch|p1a: Alomomola|Alomomola, F|99/100
|move|p2a: Indeedee|Expanding Force|p1a: Alomomola
|-damage|p1a: Alomomola|47/100
|
|upkeep
|turn|13
|
|t:|1781152335
|switch|p1a: Gliscor|Gliscor, F, tera:Water|100/100 tox
|move|p2a: Indeedee|Expanding Force|p1a: Gliscor
|-damage|p1a: Gliscor|32/100 tox
|
|-heal|p1a: Gliscor|45/100 tox|[from] ability: Poison Heal
|upkeep
|turn|14
|
|t:|1781152338
|move|p1a: Gliscor|Protect|p1a: Gliscor
|-singleturn|p1a: Gliscor|Protect
|move|p2a: Indeedee|Expanding Force|p1a: Gliscor
|-activate|p1a: Gliscor|move: Protect
|
|-heal|p1a: Gliscor|57/100 tox|[from] ability: Poison Heal
|-fieldend|move: Psychic Terrain
|upkeep
|turn|15
|
|t:|1781152343
|switch|p2a: Polteageist|Polteageist-Antique|100/100
|move|p1a: Gliscor|Earthquake|p2a: Polteageist
|-damage|p2a: Polteageist|33/100
|-ability|p2a: Polteageist|Weak Armor|boost
|-unboost|p2a: Polteageist|def|1
|-boost|p2a: Polteageist|spe|2
|
|-heal|p1a: Gliscor|70/100 tox|[from] ability: Poison Heal
|upkeep
|turn|16
|
|t:|1781152350
|switch|p1a: Zamazenta|Zamazenta|100/100
|-ability|p1a: Zamazenta|Dauntless Shield|boost
|-boost|p1a: Zamazenta|def|1
|-terastallize|p2a: Polteageist|Grass
|move|p2a: Polteageist|Giga Drain|p1a: Zamazenta
|-damage|p1a: Zamazenta|61/100
|-heal|p2a: Polteageist|57/100|[from] drain|[of] p1a: Zamazenta
|
|upkeep
|turn|17
|
|t:|1781152361
|switch|p2a: Indeedee|Indeedee, M|5/100
|-fieldstart|move: Psychic Terrain|[from] ability: Psychic Surge|[of] p2a: Indeedee
|move|p1a: Zamazenta|Close Combat|p2a: Indeedee
|-damage|p2a: Indeedee|0 fnt
|-unboost|p1a: Zamazenta|def|1
|-unboost|p1a: Zamazenta|spd|1
|faint|p2a: Indeedee
|
|upkeep
|
|t:|1781152363
|switch|p2a: Iron Valiant|Iron Valiant|100/100
|-enditem|p2a: Iron Valiant|Booster Energy
|-activate|p2a: Iron Valiant|ability: Quark Drive|[fromitem]
|-start|p2a: Iron Valiant|quarkdrivespe
|turn|18
|
|t:|1781152367
|switch|p1a: Alomomola|Alomomola, F|80/100
|move|p2a: Iron Valiant|Moonblast|p1a: Alomomola
|-damage|p1a: Alomomola|48/100
|-unboost|p1a: Alomomola|spa|1
|
|upkeep
|turn|19
|
|t:|1781152372
|move|p2a: Iron Valiant|Calm Mind|p2a: Iron Valiant
|-boost|p2a: Iron Valiant|spa|1
|-boost|p2a: Iron Valiant|spd|1
|move|p1a: Alomomola|Flip Turn|p2a: Iron Valiant
|-damage|p2a: Iron Valiant|80/100
|
|t:|1781152376
|switch|p1a: Gliscor|Gliscor, F, tera:Water|70/100 tox|[from] Flip Turn
|
|-heal|p1a: Gliscor|82/100 tox|[from] ability: Poison Heal
|upkeep
|turn|20
|
|t:|1781152381
|move|p2a: Iron Valiant|Expanding Force|p1a: Gliscor
|-damage|p1a: Gliscor|5/100 tox
|move|p1a: Gliscor|Earthquake|p2a: Iron Valiant
|-damage|p2a: Iron Valiant|29/100
|
|-heal|p1a: Gliscor|18/100 tox|[from] ability: Poison Heal
|upkeep
|turn|21
|
|t:|1781152386
|move|p1a: Gliscor|Protect|p1a: Gliscor
|-singleturn|p1a: Gliscor|Protect
|move|p2a: Iron Valiant|Expanding Force|p1a: Gliscor
|-activate|p1a: Gliscor|move: Protect
|
|-heal|p1a: Gliscor|30/100 tox|[from] ability: Poison Heal
|-fieldend|move: Psychic Terrain
|upkeep
|turn|22
|
|t:|1781152388
|switch|p1a: Alomomola|Alomomola, F|81/100
|move|p2a: Iron Valiant|Moonblast|p1a: Alomomola
|-damage|p1a: Alomomola|34/100
|
|upkeep
|turn|23
|
|t:|1781152399
|switch|p1a: Gliscor|Gliscor, F, tera:Water|30/100 tox
|move|p2a: Iron Valiant|Moonblast|p1a: Gliscor
|-damage|p1a: Gliscor|0 fnt
|faint|p1a: Gliscor
|
|upkeep
|
|t:|1781152400
|switch|p1a: Alomomola|Alomomola, F|67/100
|turn|24
|
|t:|1781152407
|move|p2a: Iron Valiant|Moonblast|p1a: Alomomola
|-damage|p1a: Alomomola|13/100
|move|p1a: Alomomola|Body Slam|p2a: Iron Valiant
|-damage|p2a: Iron Valiant|11/100
|-status|p2a: Iron Valiant|par
|
|upkeep
|turn|25
|
|t:|1781152411
|move|p2a: Iron Valiant|Moonblast|p1a: Alomomola
|-damage|p1a: Alomomola|0 fnt
|faint|p1a: Alomomola
|
|upkeep
|
|t:|1781152414
|switch|p1a: Zamazenta|Zamazenta|61/100
|turn|26
|
|t:|1781152416
|move|p1a: Zamazenta|Close Combat|p2a: Iron Valiant
|-resisted|p2a: Iron Valiant
|-damage|p2a: Iron Valiant|0 fnt
|-unboost|p1a: Zamazenta|def|1
|-unboost|p1a: Zamazenta|spd|1
|faint|p2a: Iron Valiant
|-end|p2a: Iron Valiant|Quark Drive|[silent]
|
|upkeep
|
|t:|1781152419
|switch|p2a: Primarina|Primarina, F|65/100 brn
|turn|27
|
|t:|1781152420
|move|p1a: Zamazenta|Close Combat|p2a: Primarina
|-resisted|p2a: Primarina
|-damage|p2a: Primarina|15/100 brn
|-unboost|p1a: Zamazenta|def|1
|-unboost|p1a: Zamazenta|spd|1
|move|p2a: Primarina|Moonblast|p1a: Zamazenta
|-supereffective|p1a: Zamazenta
|-damage|p1a: Zamazenta|0 fnt
|faint|p1a: Zamazenta
|
|win|mongwong
|raw|FP.&#x2f;&#x2f;06's rating: 1521 &rarr; <strong>1504</strong><br />(-17 for losing)
|raw|mongwong's rating: 1580 &rarr; <strong>1597</strong><br />(+17 for winning)
|l|☆FP.//06
|player|p1|
|l|☆mongwong
|player|p2|
