|j|☆juli<33
|j|☆SlimyTime
|t:|1781273872
|gametype|singles
|player|p1|juli<33|caitlin-masters|1709
|player|p2|SlimyTime|ltsurge|1678
|gen|9
|tier|[Gen 9] OU
|rated|
|rule|HP Percentage Mod: HP is shown in percentages
|rule|Endless Battle Clause: Forcing endless battles is banned
|rule|Species Clause: Limit one of each Pokémon
|rule|OHKO Clause: OHKO moves are banned
|rule|Evasion Items Clause: Evasion items are banned
|rule|Evasion Moves Clause: Evasion moves are banned
|rule|Evasion Abilities Clause: Evasion abilities are banned
|rule|Sleep Moves Clause: Sleep-inducing moves are banned
|clearpoke
|poke|p1|Great Tusk|
|poke|p1|Slowking-Galar, M|
|poke|p1|Corviknight, F|
|poke|p1|Clefable, F|
|poke|p1|Samurott-Hisui, M|
|poke|p1|Dragapult, F|
|poke|p2|Ursaluna, F|
|poke|p2|Rillaboom, F|
|poke|p2|Heatran, F|
|poke|p2|Primarina, F|
|poke|p2|Corviknight, M|
|poke|p2|Darkrai|
|teampreview
|inactive|Battle timer is ON: inactive players will automatically lose when time's up. (requested by juli<33)
|
|t:|1781273881
|teamsize|p1|6
|teamsize|p2|6
|start
|switch|p1a: P!nk|Clefable, F|100/100
|switch|p2a: Darkrai|Darkrai|100/100
|turn|1
|
|t:|1781273885
|switch|p2a: Heatran|Heatran, F|100/100
|move|p1a: P!nk|Moonblast|p2a: Heatran
|-resisted|p2a: Heatran
|-damage|p2a: Heatran|96/100
|
|-heal|p2a: Heatran|100/100|[from] item: Leftovers
|upkeep
|turn|2
|
|t:|1781273888
|move|p2a: Heatran|Magma Storm|p1a: P!nk
|-damage|p1a: P!nk|60/100
|-activate|p1a: P!nk|move: Magma Storm|[of] p2a: Heatran
|move|p1a: P!nk|Knock Off|p2a: Heatran
|-damage|p2a: Heatran|88/100
|-enditem|p2a: Heatran|Leftovers|[from] move: Knock Off|[of] p1a: P!nk
|
|-heal|p1a: P!nk|66/100|[from] item: Leftovers
|upkeep
|turn|3
|
|t:|1781273891
|move|p2a: Heatran|Taunt|p1a: P!nk
|-start|p1a: P!nk|move: Taunt
|cant|p1a: P!nk|move: Taunt|Moonlight
|
|-heal|p1a: P!nk|72/100|[from] item: Leftovers
|upkeep
|turn|4
|
|t:|1781273895
|move|p2a: Heatran|Earth Power|p1a: P!nk
|-damage|p1a: P!nk|47/100
|move|p1a: P!nk|Moonblast|p2a: Heatran
|-resisted|p2a: Heatran
|-damage|p2a: Heatran|83/100
|
|-heal|p1a: P!nk|53/100|[from] item: Leftovers
|upkeep
|turn|5
|
|t:|1781273898
|move|p2a: Heatran|Earth Power|p1a: P!nk
|-crit|p1a: P!nk
|-damage|p1a: P!nk|19/100
|-unboost|p1a: P!nk|spd|1
|move|p1a: P!nk|Moonblast|p2a: Heatran
|-resisted|p2a: Heatran
|-damage|p2a: Heatran|78/100
|-unboost|p2a: Heatran|spa|1
|
|-heal|p1a: P!nk|25/100|[from] item: Leftovers
|-end|p1a: P!nk|move: Taunt
|upkeep
|turn|6
|
|t:|1781273902
|move|p2a: Heatran|Taunt|p1a: P!nk
|-start|p1a: P!nk|move: Taunt
|cant|p1a: P!nk|move: Taunt|Moonlight
|
|-heal|p1a: P!nk|31/100|[from] item: Leftovers
|upkeep
|turn|7
|
|t:|1781273909
|move|p2a: Heatran|Magma Storm|p1a: P!nk|[miss]
|-miss|p2a: Heatran|p1a: P!nk
|move|p1a: P!nk|Moonblast|p2a: Heatran
|-resisted|p2a: Heatran
|-damage|p2a: Heatran|74/100
|
|-heal|p1a: P!nk|37/100|[from] item: Leftovers
|-end|p1a: P!nk|Magma Storm|[partiallytrapped]
|upkeep
|turn|8
|
|t:|1781273919
|switch|p1a: Jack|Samurott-Hisui, M|100/100
|move|p2a: Heatran|Magma Storm|p1a: Jack|[miss]
|-miss|p2a: Heatran|p1a: Jack
|
|upkeep
|turn|9
|
|t:|1781273923
|switch|p2a: Corviknight|Corviknight, M|100/100
|-ability|p2a: Corviknight|Pressure
|move|p1a: Jack|Ceaseless Edge|p2a: Corviknight
|-damage|p2a: Corviknight|73/100
|-damage|p1a: Jack|84/100|[from] item: Rocky Helmet|[of] p2a: Corviknight
|-sidestart|p2: SlimyTime|Spikes
|
|upkeep
|turn|10
|
|t:|1781273925
|move|p1a: Jack|Knock Off|p2a: Corviknight
|-damage|p2a: Corviknight|49/100
|-damage|p1a: Jack|68/100|[from] item: Rocky Helmet|[of] p2a: Corviknight
|-enditem|p2a: Corviknight|Rocky Helmet|[from] move: Knock Off|[of] p1a: Jack
|move|p2a: Corviknight|U-turn|p1a: Jack
|-supereffective|p1a: Jack
|-damage|p1a: Jack|35/100
|
|t:|1781273929
|switch|p2a: Rillaboom|Rillaboom, F|100/100|[from] U-turn
|-damage|p2a: Rillaboom|88/100|[from] Spikes
|-fieldstart|move: Grassy Terrain|[from] ability: Grassy Surge|[of] p2a: Rillaboom
|
|-heal|p2a: Rillaboom|94/100|[from] Grassy Terrain
|-heal|p1a: Jack|41/100|[from] Grassy Terrain
|upkeep
|turn|11
|
|t:|1781273934
|switch|p2a: Corviknight|Corviknight, M|49/100
|-ability|p2a: Corviknight|Pressure
|switch|p1a: Voyageur|Corviknight, F|100/100
|-ability|p1a: Voyageur|Pressure
|
|upkeep
|turn|12
|
|t:|1781273937
|move|p2a: Corviknight|Roost|p2a: Corviknight
|-heal|p2a: Corviknight|99/100
|-singleturn|p2a: Corviknight|move: Roost
|move|p1a: Voyageur|U-turn|p2a: Corviknight
|-resisted|p2a: Corviknight
|-damage|p2a: Corviknight|95/100
|
|t:|1781273939
|switch|p1a: P!nk|Clefable, F|37/100|[from] U-turn
|
|-heal|p2a: Corviknight|100/100|[from] Grassy Terrain
|-heal|p1a: P!nk|43/100|[from] Grassy Terrain
|-heal|p1a: P!nk|49/100|[from] item: Leftovers
|upkeep
|turn|13
|
|t:|1781273943
|switch|p2a: Heatran|Heatran, F|74/100
|-damage|p2a: Heatran|61/100|[from] Spikes
|move|p1a: P!nk|Moonlight|p1a: P!nk
|-heal|p1a: P!nk|99/100
|
|-heal|p2a: Heatran|67/100|[from] Grassy Terrain
|-heal|p1a: P!nk|100/100|[from] Grassy Terrain
|upkeep
|turn|14
|
|t:|1781273945
|switch|p1a: Jack|Samurott-Hisui, M|41/100
|move|p2a: Heatran|Magma Storm|p1a: Jack
|-resisted|p1a: Jack
|-damage|p1a: Jack|15/100
|-activate|p1a: Jack|move: Magma Storm|[of] p2a: Heatran
|
|-heal|p1a: Jack|21/100|[from] Grassy Terrain
|-heal|p2a: Heatran|74/100|[from] Grassy Terrain
|-damage|p1a: Jack|8/100|[from] move: Magma Storm|[partiallytrapped]
|-fieldend|move: Grassy Terrain
|upkeep
|turn|15
|
|t:|1781273953
|switch|p2a: Corviknight|Corviknight, M|100/100
|-ability|p2a: Corviknight|Pressure
|move|p1a: Jack|Aqua Cutter|p2a: Corviknight
|-damage|p2a: Corviknight|71/100
|
|-end|p1a: Jack|Magma Storm|[partiallytrapped]|[silent]
|upkeep
|turn|16
|
|t:|1781273958
|move|p1a: Jack|Ceaseless Edge|p2a: Corviknight
|-damage|p2a: Corviknight|45/100
|-sidestart|p2: SlimyTime|Spikes
|move|p2a: Corviknight|U-turn|p1a: Jack
|-supereffective|p1a: Jack
|-damage|p1a: Jack|0 fnt
|faint|p1a: Jack
|
|t:|1781273962
|switch|p2a: Rillaboom|Rillaboom, F|94/100|[from] U-turn
|-damage|p2a: Rillaboom|78/100|[from] Spikes
|-fieldstart|move: Grassy Terrain|[from] ability: Grassy Surge|[of] p2a: Rillaboom
|
|-heal|p2a: Rillaboom|84/100|[from] Grassy Terrain
|upkeep
|
|t:|1781273965
|switch|p1a: Voyageur|Corviknight, F|100/100
|-ability|p1a: Voyageur|Pressure
|turn|17
|
|t:|1781273971
|switch|p2a: Corviknight|Corviknight, M|45/100
|-ability|p2a: Corviknight|Pressure
|move|p1a: Voyageur|U-turn|p2a: Corviknight
|-resisted|p2a: Corviknight
|-damage|p2a: Corviknight|42/100
|
|t:|1781273981
|switch|p1a: Bull's-eye|Dragapult, F|100/100|[from] U-turn
|
|upkeep
|turn|18
|
|t:|1781273985
|switch|p2a: Ursaluna|Ursaluna, F|100/100
|-damage|p2a: Ursaluna|84/100|[from] Spikes
|move|p1a: Bull's-eye|U-turn|p2a: Ursaluna
|-damage|p2a: Ursaluna|71/100
|
|t:|1781273988
|switch|p1a: Voyageur|Corviknight, F|100/100|[from] U-turn
|-ability|p1a: Voyageur|Pressure
|
|-heal|p2a: Ursaluna|77/100|[from] Grassy Terrain
|-heal|p2a: Ursaluna|84/100|[from] item: Leftovers
|upkeep
|turn|19
|
|t:|1781273992
|move|p2a: Ursaluna|Protect|p2a: Ursaluna
|-singleturn|p2a: Ursaluna|Protect
|move|p1a: Voyageur|U-turn|p2a: Ursaluna
|-activate|p2a: Ursaluna|move: Protect
|
|-heal|p2a: Ursaluna|90/100|[from] Grassy Terrain
|-heal|p2a: Ursaluna|96/100|[from] item: Leftovers
|upkeep
|turn|20
|
|t:|1781273995
|move|p2a: Ursaluna|Bulk Up|p2a: Ursaluna
|-boost|p2a: Ursaluna|atk|1
|-boost|p2a: Ursaluna|def|1
|move|p1a: Voyageur|U-turn|p2a: Ursaluna
|-damage|p2a: Ursaluna|89/100
|
|t:|1781273998
|switch|p1a: Loxodonta|Great Tusk|100/100|[from] U-turn
|
|-heal|p2a: Ursaluna|95/100|[from] Grassy Terrain
|-heal|p2a: Ursaluna|100/100|[from] item: Leftovers
|-fieldend|move: Grassy Terrain
|upkeep
|turn|21
|
|t:|1781274003
|move|p1a: Loxodonta|Close Combat|p2a: Ursaluna
|-supereffective|p2a: Ursaluna
|-damage|p2a: Ursaluna|44/100
|-unboost|p1a: Loxodonta|def|1
|-unboost|p1a: Loxodonta|spd|1
|move|p2a: Ursaluna|Body Slam|p1a: Loxodonta
|-crit|p1a: Loxodonta
|-damage|p1a: Loxodonta|1/100
|
|-heal|p1a: Loxodonta|7/100|[from] item: Leftovers
|-heal|p2a: Ursaluna|51/100|[from] item: Leftovers
|upkeep
|turn|22
|
|t:|1781274014
|move|p2a: Ursaluna|Protect|p2a: Ursaluna
|-singleturn|p2a: Ursaluna|Protect
|move|p1a: Loxodonta|Close Combat|p2a: Ursaluna
|-activate|p2a: Ursaluna|move: Protect
|
|-heal|p1a: Loxodonta|13/100|[from] item: Leftovers
|-heal|p2a: Ursaluna|57/100|[from] item: Leftovers
|upkeep
|turn|23
|
|t:|1781274019
|switch|p2a: Primarina|Primarina, F|100/100
|-damage|p2a: Primarina|84/100|[from] Spikes
|move|p1a: Loxodonta|Close Combat|p2a: Primarina
|-resisted|p2a: Primarina
|-damage|p2a: Primarina|42/100
|-unboost|p1a: Loxodonta|def|1
|-unboost|p1a: Loxodonta|spd|1
|
|-heal|p1a: Loxodonta|19/100|[from] item: Leftovers
|upkeep
|turn|24
|
|t:|1781274032
|move|p1a: Loxodonta|Headlong Rush|p2a: Primarina
|-damage|p2a: Primarina|0 fnt
|-unboost|p1a: Loxodonta|def|1
|-unboost|p1a: Loxodonta|spd|1
|faint|p2a: Primarina
|
|-heal|p1a: Loxodonta|26/100|[from] item: Leftovers
|upkeep
|
|t:|1781274035
|switch|p2a: Darkrai|Darkrai|100/100
|-damage|p2a: Darkrai|84/100|[from] Spikes
|turn|25
|
|t:|1781274040
|-end|p1a: Loxodonta|Protosynthesis|[silent]
|switch|p1a: Alchemist|Slowking-Galar, M|100/100
|move|p2a: Darkrai|Dark Pulse|p1a: Alchemist
|-supereffective|p1a: Alchemist
|-damage|p1a: Alchemist|39/100
|
|upkeep
|turn|26
|
|t:|1781274045
|switch|p2a: Heatran|Heatran, F|74/100
|-damage|p2a: Heatran|57/100|[from] Spikes
|switch|p1a: P!nk|Clefable, F|100/100
|
|upkeep
|turn|27
|
|t:|1781274053
|switch|p1a: Bull's-eye|Dragapult, F|100/100
|move|p2a: Heatran|Magma Storm|p1a: Bull's-eye
|-resisted|p1a: Bull's-eye
|-damage|p1a: Bull's-eye|73/100
|-activate|p1a: Bull's-eye|move: Magma Storm|[of] p2a: Heatran
|
|-damage|p1a: Bull's-eye|61/100|[from] move: Magma Storm|[partiallytrapped]
|upkeep
|turn|28
|
|t:|1781274066
|move|p1a: Bull's-eye|Shadow Ball|p2a: Heatran
|-damage|p2a: Heatran|21/100
|move|p2a: Heatran|Earth Power|p1a: Bull's-eye
|-damage|p1a: Bull's-eye|29/100
|
|-damage|p1a: Bull's-eye|16/100|[from] move: Magma Storm|[partiallytrapped]
|upkeep
|turn|29
|
|t:|1781274072
|move|p1a: Bull's-eye|Shadow Ball|p2a: Heatran
|-damage|p2a: Heatran|0 fnt
|faint|p2a: Heatran
|
|-end|p1a: Bull's-eye|Magma Storm|[partiallytrapped]|[silent]
|upkeep
|
|t:|1781274075
|switch|p2a: Ursaluna|Ursaluna, F|57/100
|-damage|p2a: Ursaluna|40/100|[from] Spikes
|turn|30
|
|t:|1781274079
|switch|p1a: Voyageur|Corviknight, F|100/100
|-ability|p1a: Voyageur|Pressure
|move|p2a: Ursaluna|Bulk Up|p2a: Ursaluna
|-boost|p2a: Ursaluna|atk|1
|-boost|p2a: Ursaluna|def|1
|
|-heal|p2a: Ursaluna|47/100|[from] item: Leftovers
|upkeep
|turn|31
|
|t:|1781274084
|move|p2a: Ursaluna|Protect|p2a: Ursaluna
|-singleturn|p2a: Ursaluna|Protect
|move|p1a: Voyageur|U-turn|p2a: Ursaluna
|-activate|p2a: Ursaluna|move: Protect
|
|-heal|p2a: Ursaluna|53/100|[from] item: Leftovers
|upkeep
|turn|32
|
|t:|1781274089
|move|p2a: Ursaluna|Body Slam|p1a: Voyageur
|-resisted|p1a: Voyageur
|-damage|p1a: Voyageur|83/100
|-damage|p2a: Ursaluna|36/100|[from] item: Rocky Helmet|[of] p1a: Voyageur
|move|p1a: Voyageur|U-turn|p2a: Ursaluna
|-damage|p2a: Ursaluna|30/100
|
|t:|1781274091
|switch|p1a: Loxodonta|Great Tusk|26/100|[from] U-turn
|
|-heal|p1a: Loxodonta|32/100|[from] item: Leftovers
|-heal|p2a: Ursaluna|36/100|[from] item: Leftovers
|upkeep
|turn|33
|
|t:|1781274096
|switch|p2a: Corviknight|Corviknight, M|42/100
|-ability|p2a: Corviknight|Pressure
|move|p1a: Loxodonta|Close Combat|p2a: Corviknight
|-damage|p2a: Corviknight|3/100
|-unboost|p1a: Loxodonta|def|1
|-unboost|p1a: Loxodonta|spd|1
|
|-heal|p1a: Loxodonta|38/100|[from] item: Leftovers
|upkeep
|turn|34
|
|t:|1781274100
|move|p1a: Loxodonta|Rapid Spin|p2a: Corviknight
|-resisted|p2a: Corviknight
|-damage|p2a: Corviknight|0 fnt
|-boost|p1a: Loxodonta|spe|1
|faint|p2a: Corviknight
|
|-heal|p1a: Loxodonta|44/100|[from] item: Leftovers
|upkeep
|
|t:|1781274103
|switch|p2a: Rillaboom|Rillaboom, F|84/100
|-damage|p2a: Rillaboom|67/100|[from] Spikes
|-fieldstart|move: Grassy Terrain|[from] ability: Grassy Surge|[of] p2a: Rillaboom
|turn|35
|
|t:|1781274126
|switch|p2a: Darkrai|Darkrai|84/100
|-damage|p2a: Darkrai|68/100|[from] Spikes
|-terastallize|p1a: Loxodonta|Steel
|move|p1a: Loxodonta|Ice Spinner|p2a: Darkrai
|-damage|p2a: Darkrai|34/100
|-fieldend|move: Grassy Terrain
|
|-heal|p1a: Loxodonta|50/100|[from] item: Leftovers
|upkeep
|turn|36
|
|t:|1781274151
|move|p1a: Loxodonta|Close Combat|p2a: Darkrai
|-supereffective|p2a: Darkrai
|-damage|p2a: Darkrai|0 fnt
|-unboost|p1a: Loxodonta|def|1
|-unboost|p1a: Loxodonta|spd|1
|faint|p2a: Darkrai
|
|-heal|p1a: Loxodonta|57/100|[from] item: Leftovers
|upkeep
|-message|SlimyTime forfeited.
|
|win|juli<33
|raw|juli&lt;33's rating: 1709 &rarr; <strong>1727</strong><br />(+18 for winning)
|raw|SlimyTime's rating: 1678 &rarr; <strong>1660</strong><br />(-18 for losing)
|l|☆SlimyTime
|player|p2|
|l|☆juli<33
|player|p1|
