|j|☆billythekid95
|j|☆ykykp
|t:|1781195293
|gametype|singles
|player|p1|billythekid95|101|1668
|player|p2|ykykp|102|1674
|gen|9
|tier|[Gen 9] OU
|rated|
|rule|HP Percentage Mod: HP is shown in percentages
|rule|Endless Battle Clause: Forcing endless battles is banned
|rule|Species Clause: Limit one of each Pokémon
|rule|OHKO Clause: OHKO moves are banned
|rule|Evasion Items Clause: Evasion items are banned
|rule|Evasion Moves Clause: Evasion moves are banned
|rule|Evasion Abilities Clause: Evasion abilities are banned
|rule|Sleep Moves Clause: Sleep-inducing moves are banned
|clearpoke
|poke|p1|Walking Wake|
|poke|p1|Ribombee, F|
|poke|p1|Gholdengo|
|poke|p1|Torkoal, M|
|poke|p1|Great Tusk|
|poke|p1|Ceruledge, M|
|poke|p2|Iron Valiant|
|poke|p2|Pecharunt|
|poke|p2|Alomomola, F|
|poke|p2|Cinderace, F|
|poke|p2|Zamazenta-*|
|poke|p2|Deoxys-Speed|
|teampreview
|inactive|Battle timer is ON: inactive players will automatically lose when time's up. (requested by ykykp)
|
|t:|1781195300
|teamsize|p1|6
|teamsize|p2|6
|start
|switch|p1a: Ribombee|Ribombee, F|100/100
|switch|p2a: Cinderace|Cinderace, F|100/100
|turn|1
|
|t:|1781195310
|move|p1a: Ribombee|Stun Spore|p2a: Cinderace
|-status|p2a: Cinderace|par
|move|p2a: Cinderace|Pyro Ball|p1a: Ribombee
|-supereffective|p1a: Ribombee
|-enditem|p1a: Ribombee|Focus Sash
|-damage|p1a: Ribombee|1/100
|
|upkeep
|turn|2
|
|t:|1781195320
|move|p1a: Ribombee|Sticky Web|p2a: Cinderace
|-sidestart|p2: ykykp|move: Sticky Web
|move|p2a: Cinderace|Court Change|p2a: Cinderace
|-start|p2a: Cinderace|typechange|Normal|[from] ability: Libero
|-swapsideconditions
|-activate|p2a: Cinderace|move: Court Change
|
|upkeep
|turn|3
|
|t:|1781195327
|move|p1a: Ribombee|Sticky Web|p2a: Cinderace
|-sidestart|p2: ykykp|move: Sticky Web
|move|p2a: Cinderace|U-turn|p1a: Ribombee
|-resisted|p1a: Ribombee
|-damage|p1a: Ribombee|0 fnt
|faint|p1a: Ribombee
|
|t:|1781195339
|switch|p2a: Deoxys|Deoxys-Speed|100/100|[from] U-turn
|-activate|p2a: Deoxys|move: Sticky Web
|-unboost|p2a: Deoxys|spe|1
|-ability|p2a: Deoxys|Pressure
|
|upkeep
|
|t:|1781195349
|switch|p1a: Great Tusk|Great Tusk|100/100
|-activate|p1a: Great Tusk|move: Sticky Web
|-unboost|p1a: Great Tusk|spe|1
|turn|4
|
|t:|1781195356
|switch|p2a: Pecharunt|Pecharunt|100/100
|move|p1a: Great Tusk|Knock Off|p2a: Pecharunt
|-supereffective|p2a: Pecharunt
|-damage|p2a: Pecharunt|76/100
|-enditem|p2a: Pecharunt|Heavy-Duty Boots|[from] move: Knock Off|[of] p1a: Great Tusk
|
|upkeep
|turn|5
|j| DA COME UP
|l| DA COME UP
|
|t:|1781195363
|move|p2a: Pecharunt|Malignant Chain|p1a: Great Tusk
|-resisted|p1a: Great Tusk
|-damage|p1a: Great Tusk|92/100
|-status|p1a: Great Tusk|tox
|-start|p1a: Great Tusk|confusion|[from] ability: Poison Puppeteer|[of] p2a: Pecharunt
|-activate|p1a: Great Tusk|confusion
|-damage|p1a: Great Tusk|84/100 tox|[from] confusion
|
|-damage|p1a: Great Tusk|78/100 tox|[from] psn
|upkeep
|turn|6
|
|t:|1781195372
|move|p2a: Pecharunt|Shadow Ball|p1a: Great Tusk
|-damage|p1a: Great Tusk|65/100 tox
|-unboost|p1a: Great Tusk|spd|1
|-end|p1a: Great Tusk|confusion
|move|p1a: Great Tusk|Earthquake|p2a: Pecharunt
|-supereffective|p2a: Pecharunt
|-damage|p2a: Pecharunt|33/100
|
|-damage|p1a: Great Tusk|53/100 tox|[from] psn
|upkeep
|turn|7
|
|t:|1781195381
|move|p2a: Pecharunt|Shadow Ball|p1a: Great Tusk
|-damage|p1a: Great Tusk|33/100 tox
|move|p1a: Great Tusk|Earthquake|p2a: Pecharunt
|-supereffective|p2a: Pecharunt
|-damage|p2a: Pecharunt|0 fnt
|faint|p2a: Pecharunt
|
|-damage|p1a: Great Tusk|15/100 tox|[from] psn
|upkeep
|
|t:|1781195385
|switch|p2a: Deoxys|Deoxys-Speed|100/100
|-activate|p2a: Deoxys|move: Sticky Web
|-unboost|p2a: Deoxys|spe|1
|-ability|p2a: Deoxys|Pressure
|turn|8
|j| nesnot
|
|t:|1781195393
|move|p2a: Deoxys|Ice Beam|p1a: Great Tusk
|-supereffective|p1a: Great Tusk
|-damage|p1a: Great Tusk|0 fnt
|faint|p1a: Great Tusk
|-end|p1a: Great Tusk|Protosynthesis|[silent]
|-damage|p2a: Deoxys|91/100|[from] item: Life Orb
|
|upkeep
|
|t:|1781195399
|switch|p1a: Torkoal|Torkoal, M|100/100
|-activate|p1a: Torkoal|move: Sticky Web
|-unboost|p1a: Torkoal|spe|1
|-weather|SunnyDay|[from] ability: Drought|[of] p1a: Torkoal
|turn|9
|
|t:|1781195405
|move|p2a: Deoxys|Psycho Boost|p1a: Torkoal
|-damage|p1a: Torkoal|30/100
|-unboost|p2a: Deoxys|spa|2
|-damage|p2a: Deoxys|81/100|[from] item: Life Orb
|move|p1a: Torkoal|Lava Plume|p2a: Deoxys
|-damage|p2a: Deoxys|18/100
|-status|p2a: Deoxys|brn
|
|-weather|SunnyDay|[upkeep]
|-damage|p2a: Deoxys|12/100 brn|[from] brn
|upkeep
|turn|10
|
|t:|1781195416
|move|p2a: Deoxys|Knock Off|p1a: Torkoal
|-damage|p1a: Torkoal|17/100
|-enditem|p1a: Torkoal|Heat Rock|[from] move: Knock Off|[of] p2a: Deoxys
|-damage|p2a: Deoxys|2/100 brn|[from] item: Life Orb
|move|p1a: Torkoal|Rapid Spin|p2a: Deoxys
|-damage|p2a: Deoxys|0 fnt
|-boost|p1a: Torkoal|spe|1
|-sideend|p1: billythekid95|Sticky Web|[from] move: Rapid Spin|[of] p1a: Torkoal
|faint|p2a: Deoxys
|
|-weather|SunnyDay|[upkeep]
|upkeep
|
|t:|1781195427
|switch|p2a: Cinderace|Cinderace, F|100/100 par
|turn|11
|
|t:|1781195431
|move|p2a: Cinderace|Court Change|p2a: Cinderace
|-start|p2a: Cinderace|typechange|Normal|[from] ability: Libero
|-swapsideconditions
|-activate|p2a: Cinderace|move: Court Change
|move|p1a: Torkoal|Rapid Spin|p2a: Cinderace
|-damage|p2a: Cinderace|88/100 par
|-boost|p1a: Torkoal|spe|1
|-sideend|p1: billythekid95|Sticky Web|[from] move: Rapid Spin|[of] p1a: Torkoal
|
|-weather|SunnyDay|[upkeep]
|upkeep
|turn|12
|
|t:|1781195439
|move|p2a: Cinderace|Pyro Ball|p1a: Torkoal
|-resisted|p1a: Torkoal
|-damage|p1a: Torkoal|0 fnt
|faint|p1a: Torkoal
|
|-weather|SunnyDay|[upkeep]
|upkeep
|
|t:|1781195446
|switch|p1a: Walking Wake|Walking Wake|100/100
|-activate|p1a: Walking Wake|ability: Protosynthesis
|-start|p1a: Walking Wake|protosynthesisspa
|turn|13
|
|t:|1781195451
|switch|p2a: Alomomola|Alomomola, F|100/100
|move|p1a: Walking Wake|Hydro Steam|p2a: Alomomola
|-resisted|p2a: Alomomola
|-damage|p2a: Alomomola|68/100
|
|-weather|SunnyDay|[upkeep]
|upkeep
|turn|14
|
|t:|1781195459
|-end|p1a: Walking Wake|Protosynthesis|[silent]
|switch|p1a: Gholdengo|Gholdengo|100/100
|move|p2a: Alomomola|Mirror Coat||[still]
|-fail|p2a: Alomomola
|
|-weather|SunnyDay|[upkeep]
|upkeep
|turn|15
|
|t:|1781195464
|move|p1a: Gholdengo|Trick|p2a: Alomomola
|-activate|p1a: Gholdengo|move: Trick|[of] p2a: Alomomola
|-item|p2a: Alomomola|Choice Scarf|[from] move: Trick
|-item|p1a: Gholdengo|Assault Vest|[from] move: Trick
|move|p2a: Alomomola|Flip Turn|p1a: Gholdengo
|-damage|p1a: Gholdengo|93/100
|
|t:|1781195468
|switch|p2a: Cinderace|Cinderace, F|88/100 par|[from] Flip Turn
|
|-weather|SunnyDay|[upkeep]
|upkeep
|turn|16
|
|t:|1781195474
|switch|p1a: Walking Wake|Walking Wake|100/100
|-activate|p1a: Walking Wake|ability: Protosynthesis
|-start|p1a: Walking Wake|protosynthesisspa
|cant|p2a: Cinderace|par
|
|-weather|none
|-end|p1a: Walking Wake|Protosynthesis
|upkeep
|turn|17
|
|t:|1781195482
|switch|p2a: Alomomola|Alomomola, F|100/100
|move|p1a: Walking Wake|Hydro Steam|p2a: Alomomola
|-resisted|p2a: Alomomola
|-damage|p2a: Alomomola|74/100
|
|upkeep
|turn|18
|
|t:|1781195488
|move|p1a: Walking Wake|Hydro Steam|p2a: Alomomola
|-resisted|p2a: Alomomola
|-damage|p2a: Alomomola|49/100
|move|p2a: Alomomola|Flip Turn|p1a: Walking Wake
|-resisted|p1a: Walking Wake
|-damage|p1a: Walking Wake|96/100
|
|t:|1781195491
|switch|p2a: Iron Valiant|Iron Valiant|100/100|[from] Flip Turn
|
|upkeep
|turn|19
|
|t:|1781195497
|move|p2a: Iron Valiant|Moonblast|p1a: Walking Wake
|-supereffective|p1a: Walking Wake
|-damage|p1a: Walking Wake|0 fnt
|faint|p1a: Walking Wake
|-end|p1a: Walking Wake|Protosynthesis|[silent]
|
|upkeep
|
|t:|1781195502
|switch|p1a: Gholdengo|Gholdengo|93/100
|turn|20
|
|t:|1781195505
|-end|p2a: Iron Valiant|Quark Drive|[silent]
|switch|p2a: Alomomola|Alomomola, F|82/100
|move|p1a: Gholdengo|Shadow Ball|p2a: Alomomola
|-damage|p2a: Alomomola|49/100
|
|upkeep
|turn|21
|
|t:|1781195510
|move|p1a: Gholdengo|Shadow Ball|p2a: Alomomola
|-damage|p2a: Alomomola|13/100
|move|p2a: Alomomola|Mirror Coat|p1a: Gholdengo
|-damage|p1a: Gholdengo|0 fnt
|faint|p1a: Gholdengo
|
|upkeep
|
|t:|1781195516
|switch|p1a: Ceruledge|Ceruledge, M|100/100
|turn|22
|
|t:|1781195528
|switch|p2a: Iron Valiant|Iron Valiant|100/100
|move|p1a: Ceruledge|Swords Dance|p1a: Ceruledge
|-boost|p1a: Ceruledge|atk|2
|
|upkeep
|turn|23
|
|t:|1781195533
|-terastallize|p2a: Iron Valiant|Fairy
|move|p2a: Iron Valiant|Moonblast|p1a: Ceruledge
|-resisted|p1a: Ceruledge
|-damage|p1a: Ceruledge|47/100
|move|p1a: Ceruledge|Bitter Blade|p2a: Iron Valiant
|-damage|p2a: Iron Valiant|0 fnt
|-heal|p1a: Ceruledge|97/100|[from] drain|[of] p2a: Iron Valiant
|faint|p2a: Iron Valiant
|-end|p2a: Iron Valiant|Quark Drive|[silent]
|
|upkeep
|
|t:|1781195542
|switch|p2a: Zamazenta|Zamazenta|100/100
|-ability|p2a: Zamazenta|Dauntless Shield|boost
|-boost|p2a: Zamazenta|def|1
|turn|24
|
|t:|1781195553
|-terastallize|p1a: Ceruledge|Flying
|move|p2a: Zamazenta|Crunch|p1a: Ceruledge
|-damage|p1a: Ceruledge|38/100
|-ability|p1a: Ceruledge|Weak Armor|boost
|-unboost|p1a: Ceruledge|def|1
|-boost|p1a: Ceruledge|spe|2
|move|p1a: Ceruledge|Swords Dance|p1a: Ceruledge
|-boost|p1a: Ceruledge|atk|2
|
|upkeep
|turn|25
|
|t:|1781195567
|move|p1a: Ceruledge|Poltergeist|p2a: Zamazenta
|-activate|p2a: Zamazenta|move: Poltergeist|Choice Band
|-damage|p2a: Zamazenta|0 fnt
|faint|p2a: Zamazenta
|
|upkeep
|
|t:|1781195571
|switch|p2a: Cinderace|Cinderace, F|88/100 par
|turn|26
|
|t:|1781195579
|move|p2a: Cinderace|Sucker Punch|p1a: Ceruledge
|-start|p2a: Cinderace|typechange|Dark|[from] ability: Libero
|-damage|p1a: Ceruledge|0 fnt
|faint|p1a: Ceruledge
|
|win|ykykp
|raw|billythekid95's rating: 1652 &rarr; <strong>1633</strong><br />(-19 for losing)
|raw|ykykp's rating: 1674 &rarr; <strong>1693</strong><br />(+19 for winning)
|l|☆billythekid95
|player|p1|
|l|☆ykykp
|player|p2|
|l| nesnot
