|j|☆extra-pseudo man
|j|☆PepeNike
|t:|1781044251
|gametype|singles
|player|p1|extra-pseudo man|102|1582
|player|p2|PepeNike|101|1612
|gen|9
|tier|[Gen 9] OU
|rated|
|rule|HP Percentage Mod: HP is shown in percentages
|rule|Endless Battle Clause: Forcing endless battles is banned
|rule|Species Clause: Limit one of each Pokémon
|rule|OHKO Clause: OHKO moves are banned
|rule|Evasion Items Clause: Evasion items are banned
|rule|Evasion Moves Clause: Evasion moves are banned
|rule|Evasion Abilities Clause: Evasion abilities are banned
|rule|Sleep Moves Clause: Sleep-inducing moves are banned
|clearpoke
|poke|p1|Dragonite, M|
|poke|p1|Dragapult, M|
|poke|p1|Tyranitar, M|
|poke|p1|Metagross|
|poke|p1|Goodra-Hisui, F|
|poke|p1|Garchomp, F|
|poke|p2|Kleavor, F|
|poke|p2|Samurott-Hisui, F|
|poke|p2|Gholdengo|
|poke|p2|Ceruledge, M|
|poke|p2|Greninja-*, M|
|poke|p2|Dragapult, F|
|teampreview
|inactive|Battle timer is ON: inactive players will automatically lose when time's up. (requested by PepeNike)
|
|t:|1781044262
|teamsize|p1|6
|teamsize|p2|6
|start
|switch|p1a: He pulten on it|Dragapult, M|100/100
|switch|p2a: Kleavor|Kleavor, F|100/100
|turn|1
|
|t:|1781044270
|switch|p1a: Marill me|Garchomp, F|100/100
|move|p2a: Kleavor|Stone Axe|p1a: Marill me
|-resisted|p1a: Marill me
|-damage|p1a: Marill me|82/100
|-damage|p2a: Kleavor|88/100|[from] ability: Rough Skin|[of] p1a: Marill me
|-damage|p2a: Kleavor|72/100|[from] item: Rocky Helmet|[of] p1a: Marill me
|-sidestart|p1: extra-pseudo man|move: Stealth Rock
|
|upkeep
|turn|2
|
|t:|1781044278
|switch|p2a: Gholdengo|Gholdengo|100/100
|-item|p2a: Gholdengo|Air Balloon
|move|p1a: Marill me|Spikes|p2a: Gholdengo
|-sidestart|p2: PepeNike|Spikes
|
|upkeep
|turn|3
|
|t:|1781044286
|move|p1a: Marill me|Fire Fang|p2a: Gholdengo
|-supereffective|p2a: Gholdengo
|-damage|p2a: Gholdengo|73/100
|-enditem|p2a: Gholdengo|Air Balloon
|move|p2a: Gholdengo|Make It Rain|p1a: Marill me
|-damage|p1a: Marill me|33/100
|-unboost|p2a: Gholdengo|spa|1
|
|upkeep
|turn|4
|
|t:|1781044310
|move|p1a: Marill me|Earthquake|p2a: Gholdengo
|-supereffective|p2a: Gholdengo
|-damage|p2a: Gholdengo|14/100
|move|p2a: Gholdengo|Make It Rain|p1a: Marill me
|-damage|p1a: Marill me|2/100
|-unboost|p2a: Gholdengo|spa|1
|
|upkeep
|turn|5
|
|t:|1781044325
|move|p1a: Marill me|Earthquake|p2a: Gholdengo
|-supereffective|p2a: Gholdengo
|-damage|p2a: Gholdengo|0 fnt
|faint|p2a: Gholdengo
|
|upkeep
|
|t:|1781044333
|switch|p2a: Greninja|Greninja, M|100/100
|-damage|p2a: Greninja|88/100|[from] Spikes
|turn|6
|
|t:|1781044347
|switch|p1a: Tyranocif|Tyranitar, M|100/100
|-damage|p1a: Tyranocif|88/100|[from] Stealth Rock
|-weather|Sandstorm|[from] ability: Sand Stream|[of] p1a: Tyranocif
|move|p2a: Greninja|Water Shuriken|p1a: Tyranocif
|-supereffective|p1a: Tyranocif
|-damage|p1a: Tyranocif|80/100
|-supereffective|p1a: Tyranocif
|-damage|p1a: Tyranocif|72/100
|-supereffective|p1a: Tyranocif
|-damage|p1a: Tyranocif|64/100
|-hitcount|p1a: Tyranocif|3
|-damage|p2a: Greninja|78/100|[from] item: Life Orb
|
|-weather|Sandstorm|[upkeep]
|-damage|p2a: Greninja|72/100|[from] Sandstorm
|-heal|p1a: Tyranocif|71/100|[from] item: Leftovers
|upkeep
|turn|7
|
|t:|1781044365
|switch|p2a: Kleavor|Kleavor, F|72/100
|-damage|p2a: Kleavor|59/100|[from] Spikes
|switch|p1a: Marill me|Garchomp, F|2/100
|-damage|p1a: Marill me|0 fnt|[from] Stealth Rock
|faint|p1a: Marill me
|
|-weather|Sandstorm|[upkeep]
|upkeep
|
|t:|1781044372
|switch|p1a: kaboom|Metagross|100/100
|-damage|p1a: kaboom|95/100|[from] Stealth Rock
|turn|8
|
|t:|1781044376
|move|p1a: kaboom|Bullet Punch|p2a: Kleavor
|-supereffective|p2a: Kleavor
|-damage|p2a: Kleavor|0 fnt
|faint|p2a: Kleavor
|
|-weather|Sandstorm|[upkeep]
|upkeep
|
|t:|1781044381
|switch|p2a: Samurott|Samurott-Hisui, F|100/100
|-damage|p2a: Samurott|88/100|[from] Spikes
|turn|9
|
|t:|1781044385
|switch|p1a: The goot|Goodra-Hisui, F|100/100
|-damage|p1a: The goot|94/100|[from] Stealth Rock
|move|p2a: Samurott|Ceaseless Edge|p1a: The goot
|-damage|p1a: The goot|26/100
|-ability|p1a: The goot|Gooey
|-unboost|p2a: Samurott|spe|1
|-sidestart|p1: extra-pseudo man|Spikes
|
|-weather|Sandstorm|[upkeep]
|-damage|p2a: Samurott|82/100|[from] Sandstorm
|upkeep
|turn|10
|
|t:|1781044391
|move|p1a: The goot|Thunderbolt|p2a: Samurott
|-supereffective|p2a: Samurott
|-damage|p2a: Samurott|0 fnt
|faint|p2a: Samurott
|
|-weather|none
|upkeep
|
|t:|1781044395
|switch|p2a: Dragapult|Dragapult, F|100/100
|-damage|p2a: Dragapult|88/100|[from] Spikes
|turn|11
|
|t:|1781044398
|move|p2a: Dragapult|Dragon Darts|p1a: The goot
|-damage|p1a: The goot|0 fnt
|faint|p1a: The goot
|
|upkeep
|inactive|extra-pseudo man has 120 seconds left.
|
|t:|1781044432
|switch|p1a: kaboom|Metagross|95/100
|-damage|p1a: kaboom|89/100|[from] Stealth Rock
|-damage|p1a: kaboom|76/100|[from] Spikes
|turn|12
|inactive|PepeNike has 120 seconds left.
|
|t:|1781044469
|switch|p2a: Greninja|Greninja, M|72/100
|-damage|p2a: Greninja|60/100|[from] Spikes
|move|p1a: kaboom|Knock Off|p2a: Greninja
|-resisted|p2a: Greninja
|-damage|p2a: Greninja|15/100
|-enditem|p2a: Greninja|Life Orb|[from] move: Knock Off|[of] p1a: kaboom
|
|upkeep
|turn|13
|
|t:|1781044474
|switch|p1a: Tyranocif|Tyranitar, M|71/100
|-damage|p1a: Tyranocif|58/100|[from] Stealth Rock
|-damage|p1a: Tyranocif|46/100|[from] Spikes
|-weather|Sandstorm|[from] ability: Sand Stream|[of] p1a: Tyranocif
|move|p2a: Greninja|Dark Pulse|p1a: Tyranocif
|-resisted|p1a: Tyranocif
|-damage|p1a: Tyranocif|38/100
|
|-weather|Sandstorm|[upkeep]
|-damage|p2a: Greninja|9/100|[from] Sandstorm
|-heal|p1a: Tyranocif|44/100|[from] item: Leftovers
|upkeep
|turn|14
|
|t:|1781044480
|move|p2a: Greninja|Surf|p1a: Tyranocif
|-supereffective|p1a: Tyranocif
|-damage|p1a: Tyranocif|5/100
|move|p1a: Tyranocif|Stealth Rock|p2a: Greninja
|-sidestart|p2: PepeNike|move: Stealth Rock
|
|-weather|Sandstorm|[upkeep]
|-damage|p2a: Greninja|3/100|[from] Sandstorm
|-heal|p1a: Tyranocif|11/100|[from] item: Leftovers
|upkeep
|turn|15
|
|t:|1781044488
|move|p2a: Greninja|Surf|p1a: Tyranocif
|-supereffective|p1a: Tyranocif
|-damage|p1a: Tyranocif|0 fnt
|faint|p1a: Tyranocif
|-ability|p2a: Greninja|Battle Bond|boost
|-boost|p2a: Greninja|atk|1
|-boost|p2a: Greninja|spa|1
|-boost|p2a: Greninja|spe|1
|-activate|p2a: Greninja|ability: Battle Bond
|
|-weather|Sandstorm|[upkeep]
|-damage|p2a: Greninja|0 fnt|[from] Sandstorm
|faint|p2a: Greninja
|upkeep
|
|t:|1781044493
|switch|p2a: Ceruledge|Ceruledge, M|100/100
|switch|p1a: He pulten on it|Dragapult, M|100/100
|-damage|p2a: Ceruledge|88/100|[from] Spikes
|-damage|p2a: Ceruledge|63/100|[from] Stealth Rock
|turn|16
|inactive|PepeNike has 120 seconds left.
|inactive|PepeNike has 90 seconds left.
|inactive|PepeNike has 60 seconds left.
|inactive|PepeNike has 30 seconds left.
|inactive|PepeNike has 20 seconds left.
|inactive|PepeNike has 15 seconds left.
|inactive|PepeNike has 10 seconds left.
|inactive|PepeNike has 5 seconds left.
|-message|PepeNike lost due to inactivity.
|
|win|extra-pseudo man
|raw|extra-pseudo man's rating: 1582 &rarr; <strong>1604</strong><br />(+22 for winning)
|raw|PepeNike's rating: 1612 &rarr; <strong>1590</strong><br />(-22 for losing)
|l|☆extra-pseudo man
|player|p1|
|l|☆PepeNike
|player|p2|
