|j|☆katz motel
|j|☆adil
|t:|1781288895
|gametype|singles
|player|p1|katz motel|1|1611
|player|p2|adil|102|1698
|gen|9
|tier|[Gen 9] OU
|rated|
|rule|HP Percentage Mod: HP is shown in percentages
|rule|Endless Battle Clause: Forcing endless battles is banned
|rule|Species Clause: Limit one of each Pokémon
|rule|OHKO Clause: OHKO moves are banned
|rule|Evasion Items Clause: Evasion items are banned
|rule|Evasion Moves Clause: Evasion moves are banned
|rule|Evasion Abilities Clause: Evasion abilities are banned
|rule|Sleep Moves Clause: Sleep-inducing moves are banned
|clearpoke
|poke|p1|Blissey, F|
|poke|p1|Ogerpon-Wellspring, F|
|poke|p1|Gliscor, F|
|poke|p1|Weezing-Galar, M|
|poke|p1|Gholdengo|
|poke|p1|Darkrai|
|poke|p2|Kyurem|
|poke|p2|Corviknight, F|
|poke|p2|Ting-Lu|
|poke|p2|Slowking-Galar, F|
|poke|p2|Pecharunt|
|poke|p2|Cinderace, F|
|teampreview
|inactive|Battle timer is ON: inactive players will automatically lose when time's up. (requested by katz motel)
|
|t:|1781288929
|teamsize|p1|6
|teamsize|p2|6
|start
|switch|p1a: Ogerpon|Ogerpon-Wellspring, F|100/100
|switch|p2a: Kyurem|Kyurem|100/100
|-ability|p2a: Kyurem|Pressure
|turn|1
|
|t:|1781288942
|switch|p1a: Blissey|Blissey, F|100/100
|move|p2a: Kyurem|Freeze-Dry|p1a: Blissey
|-damage|p1a: Blissey|89/100
|
|upkeep
|turn|2
|
|t:|1781288948
|move|p2a: Kyurem|Substitute|p2a: Kyurem
|-start|p2a: Kyurem|Substitute
|-damage|p2a: Kyurem|75/100
|move|p1a: Blissey|Stealth Rock|p2a: Kyurem
|-sidestart|p2: adil|move: Stealth Rock
|
|-heal|p2a: Kyurem|82/100|[from] item: Leftovers
|upkeep
|turn|3
|
|t:|1781288952
|move|p2a: Kyurem|Freeze-Dry|p1a: Blissey
|-damage|p1a: Blissey|77/100
|move|p1a: Blissey|Seismic Toss|p2a: Kyurem
|-activate|p2a: Kyurem|move: Substitute|[damage]
|
|-heal|p2a: Kyurem|88/100|[from] item: Leftovers
|upkeep
|turn|4
|
|t:|1781288957
|move|p2a: Kyurem|Freeze-Dry|p1a: Blissey
|-damage|p1a: Blissey|66/100
|move|p1a: Blissey|Calm Mind|p1a: Blissey
|-boost|p1a: Blissey|spa|1
|-boost|p1a: Blissey|spd|1
|
|-heal|p2a: Kyurem|94/100|[from] item: Leftovers
|upkeep
|turn|5
|
|t:|1781288963
|switch|p2a: Ting-Lu|Ting-Lu|100/100
|-damage|p2a: Ting-Lu|94/100|[from] Stealth Rock
|-ability|p2a: Ting-Lu|Vessel of Ruin
|move|p1a: Blissey|Soft-Boiled|p1a: Blissey
|-heal|p1a: Blissey|100/100
|
|-heal|p2a: Ting-Lu|100/100|[from] item: Leftovers
|upkeep
|turn|6
|
|t:|1781288971
|switch|p1a: Ogerpon|Ogerpon-Wellspring, F|100/100
|move|p2a: Ting-Lu|Whirlwind|p1a: Ogerpon
|drag|p1a: Blissey|Blissey, F|100/100
|
|upkeep
|turn|7
|
|t:|1781288982
|switch|p1a: Gliscor|Gliscor, F|100/100
|move|p2a: Ting-Lu|Stealth Rock|p1a: Gliscor
|-sidestart|p1: katz motel|move: Stealth Rock
|
|-status|p1a: Gliscor|tox|[from] item: Toxic Orb
|upkeep
|turn|8
|
|t:|1781288988
|switch|p2a: Corviknight|Corviknight, F|100/100
|-damage|p2a: Corviknight|88/100|[from] Stealth Rock
|-ability|p2a: Corviknight|Pressure
|move|p1a: Gliscor|Knock Off|p2a: Corviknight
|-damage|p2a: Corviknight|75/100
|-enditem|p2a: Corviknight|Leftovers|[from] move: Knock Off|[of] p1a: Gliscor
|
|upkeep
|turn|9
|
|t:|1781288993
|move|p1a: Gliscor|Spikes|p2a: Corviknight
|-sidestart|p2: adil|Spikes
|move|p2a: Corviknight|U-turn|p1a: Gliscor
|-resisted|p1a: Gliscor
|-damage|p1a: Gliscor|95/100 tox
|
|t:|1781288999
|switch|p2a: Kyurem|Kyurem|94/100|[from] U-turn
|-damage|p2a: Kyurem|69/100|[from] Stealth Rock
|-damage|p2a: Kyurem|57/100|[from] Spikes
|-ability|p2a: Kyurem|Pressure
|
|-heal|p2a: Kyurem|63/100|[from] item: Leftovers
|-heal|p1a: Gliscor|100/100 tox|[from] ability: Poison Heal
|upkeep
|turn|10
|
|t:|1781289002
|switch|p1a: Blissey|Blissey, F|100/100
|move|p2a: Kyurem|Freeze-Dry|p1a: Blissey
|-damage|p1a: Blissey|90/100
|
|-heal|p2a: Kyurem|69/100|[from] item: Leftovers
|upkeep
|turn|11
|
|t:|1781289007
|move|p2a: Kyurem|Freeze-Dry|p1a: Blissey
|-damage|p1a: Blissey|78/100
|move|p1a: Blissey|Calm Mind|p1a: Blissey
|-boost|p1a: Blissey|spa|1
|-boost|p1a: Blissey|spd|1
|
|-heal|p2a: Kyurem|75/100|[from] item: Leftovers
|upkeep
|turn|12
|
|t:|1781289014
|switch|p2a: Slowking|Slowking-Galar, F|100/100
|move|p1a: Blissey|Seismic Toss|p2a: Slowking
|-damage|p2a: Slowking|75/100
|
|upkeep
|turn|13
|
|t:|1781289021
|move|p1a: Blissey|Seismic Toss|p2a: Slowking
|-damage|p2a: Slowking|50/100
|move|p2a: Slowking|Psychic Noise|p1a: Blissey
|-damage|p1a: Blissey|73/100
|-start|p1a: Blissey|move: Heal Block
|
|upkeep
|turn|14
|
|t:|1781289027
|move|p1a: Blissey|Seismic Toss|p2a: Slowking
|-damage|p2a: Slowking|24/100
|-prepare|p2a: Slowking|Chilly Reception|[premajor]
|move|p2a: Slowking|Chilly Reception|p2a: Slowking
|-weather|Snowscape
|
|t:|1781289032
|switch|p2a: Corviknight|Corviknight, F|75/100|[from] Chilly Reception
|-damage|p2a: Corviknight|63/100|[from] Stealth Rock
|-ability|p2a: Corviknight|Pressure
|
|-weather|Snowscape|[upkeep]
|-end|p1a: Blissey|move: Heal Block
|upkeep
|turn|15
|
|t:|1781289041
|switch|p1a: Gholdengo|Gholdengo|100/100
|-damage|p1a: Gholdengo|94/100|[from] Stealth Rock
|-item|p1a: Gholdengo|Air Balloon
|move|p2a: Corviknight|U-turn|p1a: Gholdengo
|-resisted|p1a: Gholdengo
|-damage|p1a: Gholdengo|92/100
|-enditem|p1a: Gholdengo|Air Balloon
|
|t:|1781289053
|switch|p2a: Cinderace|Cinderace, F|100/100|[from] U-turn
|
|-weather|Snowscape|[upkeep]
|upkeep
|turn|16
|
|t:|1781289062
|switch|p1a: Weezing|Weezing-Galar, M|100/100
|-ability|p1a: Weezing|Neutralizing Gas
|move|p2a: Cinderace|Pyro Ball|p1a: Weezing
|-damage|p1a: Weezing|68/100
|-status|p1a: Weezing|brn
|
|-weather|Snowscape|[upkeep]
|-damage|p1a: Weezing|62/100 brn|[from] brn
|upkeep
|turn|17
|j| Sanatan Dharma
|
|t:|1781289083
|move|p2a: Cinderace|Court Change|p2a: Cinderace
|-swapsideconditions
|-activate|p2a: Cinderace|move: Court Change
|move|p1a: Weezing|Pain Split|p2a: Cinderace
|-sethp|p2a: Cinderace|79/100|[from] move: Pain Split|[silent]
|-sethp|p1a: Weezing|85/100 brn|[from] move: Pain Split
|
|-weather|Snowscape|[upkeep]
|-damage|p1a: Weezing|79/100 brn|[from] brn
|upkeep
|turn|18
|
|t:|1781289088
|move|p2a: Cinderace|U-turn|p1a: Weezing
|-resisted|p1a: Weezing
|-damage|p1a: Weezing|76/100 brn
|
|t:|1781289090
|switch|p2a: Ting-Lu|Ting-Lu|100/100|[from] U-turn
|-damage|p2a: Ting-Lu|94/100|[from] Stealth Rock
|move|p1a: Weezing|Defog|p2a: Ting-Lu
|-unboost|p2a: Ting-Lu|evasion|1
|-sideend|p2: adil|Stealth Rock|[from] move: Defog|[of] p1a: Weezing
|-sideend|p1: katz motel|Spikes|[from] move: Defog|[of] p1a: Weezing
|-sideend|p1: katz motel|Stealth Rock|[from] move: Defog|[of] p1a: Weezing
|
|-weather|none
|-heal|p2a: Ting-Lu|100/100|[from] item: Leftovers
|-damage|p1a: Weezing|70/100 brn|[from] brn
|upkeep
|turn|19
|
|t:|1781289103
|move|p1a: Weezing|Will-O-Wisp|p2a: Ting-Lu
|-status|p2a: Ting-Lu|brn
|move|p2a: Ting-Lu|Earthquake|p1a: Weezing
|-supereffective|p1a: Weezing
|-damage|p1a: Weezing|47/100 brn
|
|-damage|p1a: Weezing|41/100 brn|[from] brn
|-damage|p2a: Ting-Lu|94/100 brn|[from] brn
|upkeep
|turn|20
|
|t:|1781289110
|switch|p2a: Slowking|Slowking-Galar, F|58/100
|move|p1a: Weezing|Pain Split|p2a: Slowking
|-sethp|p2a: Slowking|46/100|[from] move: Pain Split|[silent]
|-sethp|p1a: Weezing|54/100 brn|[from] move: Pain Split
|
|-damage|p1a: Weezing|48/100 brn|[from] brn
|upkeep
|turn|21
|
|t:|1781289127
|-end|p1a: Weezing|ability: Neutralizing Gas
|switch|p1a: Gliscor|Gliscor, F|100/100 tox
|move|p2a: Slowking|Psychic Noise|p1a: Gliscor
|-damage|p1a: Gliscor|75/100 tox
|-start|p1a: Gliscor|move: Heal Block
|
|upkeep
|turn|22
|
|t:|1781289134
|switch|p2a: Corviknight|Corviknight, F|63/100
|-ability|p2a: Corviknight|Pressure
|move|p1a: Gliscor|Spikes|p2a: Corviknight
|-sidestart|p2: adil|Spikes
|
|-end|p1a: Gliscor|move: Heal Block
|upkeep
|turn|23
|
|t:|1781289146
|switch|p1a: Gholdengo|Gholdengo|92/100
|move|p2a: Corviknight|U-turn|p1a: Gholdengo
|-resisted|p1a: Gholdengo
|-damage|p1a: Gholdengo|90/100
|
|t:|1781289161
|switch|p2a: Ting-Lu|Ting-Lu|94/100 brn|[from] U-turn
|-damage|p2a: Ting-Lu|82/100 brn|[from] Spikes
|-ability|p2a: Ting-Lu|Vessel of Ruin
|
|-heal|p2a: Ting-Lu|88/100 brn|[from] item: Leftovers
|-damage|p2a: Ting-Lu|82/100 brn|[from] brn
|upkeep
|turn|24
|
|t:|1781289168
|switch|p1a: Ogerpon|Ogerpon-Wellspring, F|100/100
|move|p2a: Ting-Lu|Whirlwind|p1a: Ogerpon
|drag|p1a: Blissey|Blissey, F|73/100
|
|-heal|p2a: Ting-Lu|88/100 brn|[from] item: Leftovers
|-damage|p2a: Ting-Lu|82/100 brn|[from] brn
|upkeep
|turn|25
|l|☆adil
|inactive|adil disconnected and has a minute to reconnect!
|player|p2|
|j|☆adil
|inactive|adil reconnected and has 140 seconds left.
|player|p2|adil|102|
|
|t:|1781289180
|switch|p1a: Ogerpon|Ogerpon-Wellspring, F|100/100
|move|p2a: Ting-Lu|Stealth Rock|p1a: Ogerpon
|-sidestart|p1: katz motel|move: Stealth Rock
|
|-heal|p2a: Ting-Lu|88/100 brn|[from] item: Leftovers
|-damage|p2a: Ting-Lu|82/100 brn|[from] brn
|upkeep
|turn|26
|
|t:|1781289189
|switch|p2a: Pecharunt|Pecharunt|100/100
|move|p1a: Ogerpon|Ivy Cudgel|p2a: Pecharunt|[anim] Ivy Cudgel Water
|-damage|p2a: Pecharunt|65/100
|
|upkeep
|turn|27
|
|t:|1781289202
|-terastallize|p1a: Ogerpon|Water
|detailschange|p1a: Ogerpon|Ogerpon-Wellspring-Tera, F, tera:Water
|-ability|p1a: Ogerpon|Embody Aspect (Wellspring)|boost
|-boost|p1a: Ogerpon|spd|1
|move|p1a: Ogerpon|Trailblaze|p2a: Pecharunt
|-resisted|p2a: Pecharunt
|-damage|p2a: Pecharunt|57/100
|-boost|p1a: Ogerpon|spe|1
|move|p2a: Pecharunt|Parting Shot|p1a: Ogerpon
|-unboost|p1a: Ogerpon|atk|1
|-unboost|p1a: Ogerpon|spa|1
|
|t:|1781289210
|switch|p2a: Kyurem|Kyurem|75/100|[from] Parting Shot
|-damage|p2a: Kyurem|63/100|[from] Spikes
|-ability|p2a: Kyurem|Pressure
|
|-heal|p2a: Kyurem|69/100|[from] item: Leftovers
|upkeep
|turn|28
|
|t:|1781289217
|move|p1a: Ogerpon|Swords Dance|p1a: Ogerpon
|-boost|p1a: Ogerpon|atk|2
|move|p2a: Kyurem|Freeze-Dry|p1a: Ogerpon
|-supereffective|p1a: Ogerpon
|-crit|p1a: Ogerpon
|-damage|p1a: Ogerpon|0 fnt
|faint|p1a: Ogerpon
|detailschange|p1: Ogerpon|Ogerpon-Wellspring, F|[silent]
|
|-heal|p2a: Kyurem|75/100|[from] item: Leftovers
|upkeep
|inactive|katz motel has 120 seconds left.
|
|t:|1781289257
|switch|p1a: Darkrai|Darkrai|100/100
|-damage|p1a: Darkrai|88/100|[from] Stealth Rock
|turn|29
|
|t:|1781289262
|switch|p2a: Ting-Lu|Ting-Lu|82/100 brn
|-damage|p2a: Ting-Lu|69/100 brn|[from] Spikes
|-ability|p2a: Ting-Lu|Vessel of Ruin
|move|p1a: Darkrai|Knock Off|p2a: Ting-Lu
|-resisted|p2a: Ting-Lu
|-damage|p2a: Ting-Lu|62/100 brn
|-enditem|p2a: Ting-Lu|Leftovers|[from] move: Knock Off|[of] p1a: Darkrai
|
|-heal|p1a: Darkrai|94/100|[from] item: Leftovers
|-damage|p2a: Ting-Lu|56/100 brn|[from] brn
|upkeep
|turn|30
|
|t:|1781289270
|move|p1a: Darkrai|Ice Beam|p2a: Ting-Lu
|-supereffective|p2a: Ting-Lu
|-damage|p2a: Ting-Lu|30/100 brn
|move|p2a: Ting-Lu|Rest|p2a: Ting-Lu
|-status|p2a: Ting-Lu|slp|[from] move: Rest
|-heal|p2a: Ting-Lu|100/100 slp|[silent]
|
|-heal|p1a: Darkrai|99/100|[from] item: Leftovers
|-damage|p2a: Ting-Lu|88/100 slp|[from] ability: Bad Dreams|[of] p1a: Darkrai
|upkeep
|turn|31
|
|t:|1781289285
|move|p1a: Darkrai|Ice Beam|p2a: Ting-Lu
|-supereffective|p2a: Ting-Lu
|-damage|p2a: Ting-Lu|63/100 slp
|cant|p2a: Ting-Lu|slp
|
|-heal|p1a: Darkrai|100/100|[from] item: Leftovers
|-damage|p2a: Ting-Lu|51/100 slp|[from] ability: Bad Dreams|[of] p1a: Darkrai
|upkeep
|turn|32
|
|t:|1781289290
|switch|p2a: Cinderace|Cinderace, F|79/100
|move|p1a: Darkrai|Ice Beam|p2a: Cinderace
|-resisted|p2a: Cinderace
|-crit|p2a: Cinderace
|-damage|p2a: Cinderace|49/100
|
|upkeep
|turn|33
|
|t:|1781289297
|switch|p1a: Weezing|Weezing-Galar, M|48/100 brn
|-ability|p1a: Weezing|Neutralizing Gas
|move|p2a: Cinderace|Will-O-Wisp|p1a: Weezing
|-fail|p1a: Weezing|brn
|
|-damage|p1a: Weezing|42/100 brn|[from] brn
|upkeep
|turn|34
|j| Ferenc Liszt
|
|t:|1781289305
|-end|p1a: Weezing|ability: Neutralizing Gas
|switch|p1a: Gholdengo|Gholdengo|90/100
|-damage|p1a: Gholdengo|84/100|[from] Stealth Rock
|move|p2a: Cinderace|Pyro Ball|p1a: Gholdengo
|-supereffective|p1a: Gholdengo
|-damage|p1a: Gholdengo|20/100
|-status|p1a: Gholdengo|brn
|
|-damage|p1a: Gholdengo|14/100 brn|[from] brn
|upkeep
|turn|35
|
|t:|1781289312
|move|p2a: Cinderace|Pyro Ball|p1a: Gholdengo
|-supereffective|p1a: Gholdengo
|-damage|p1a: Gholdengo|0 fnt
|faint|p1a: Gholdengo
|
|upkeep
|
|t:|1781289315
|switch|p1a: Gliscor|Gliscor, F|75/100 tox
|-damage|p1a: Gliscor|63/100 tox|[from] Stealth Rock
|turn|36
|l| Ferenc Liszt
|
|t:|1781289322
|move|p2a: Cinderace|U-turn|p1a: Gliscor
|-resisted|p1a: Gliscor
|-damage|p1a: Gliscor|56/100 tox
|
|t:|1781289324
|switch|p2a: Corviknight|Corviknight, F|63/100|[from] U-turn
|-ability|p2a: Corviknight|Pressure
|move|p1a: Gliscor|Spikes|p2a: Corviknight
|-sidestart|p2: adil|Spikes
|
|-heal|p1a: Gliscor|68/100 tox|[from] ability: Poison Heal
|upkeep
|turn|37
|
|t:|1781289329
|move|p1a: Gliscor|Spikes|p2a: Corviknight
|-sidestart|p2: adil|Spikes
|move|p2a: Corviknight|Defog|p1a: Gliscor
|-unboost|p1a: Gliscor|evasion|1
|-sideend|p1: katz motel|Stealth Rock|[from] move: Defog|[of] p2a: Corviknight
|-sideend|p2: adil|Spikes|[from] move: Defog|[of] p2a: Corviknight
|
|-heal|p1a: Gliscor|81/100 tox|[from] ability: Poison Heal
|upkeep
|turn|38
|
|t:|1781289336
|switch|p1a: Darkrai|Darkrai|100/100
|move|p2a: Corviknight|Brave Bird|p1a: Darkrai
|-damage|p1a: Darkrai|50/100
|-damage|p2a: Corviknight|51/100|[from] Recoil
|
|-heal|p1a: Darkrai|56/100|[from] item: Leftovers
|upkeep
|turn|39
|
|t:|1781289343
|move|p1a: Darkrai|Dark Pulse|p2a: Corviknight
|-damage|p2a: Corviknight|6/100
|move|p2a: Corviknight|U-turn|p1a: Darkrai
|-supereffective|p1a: Darkrai
|-damage|p1a: Darkrai|20/100
|
|t:|1781289346
|switch|p2a: Kyurem|Kyurem|75/100|[from] U-turn
|-ability|p2a: Kyurem|Pressure
|
|-heal|p1a: Darkrai|26/100|[from] item: Leftovers
|-heal|p2a: Kyurem|81/100|[from] item: Leftovers
|upkeep
|turn|40
|
|t:|1781289352
|switch|p1a: Blissey|Blissey, F|73/100
|move|p2a: Kyurem|Freeze-Dry|p1a: Blissey
|-damage|p1a: Blissey|62/100
|
|-heal|p2a: Kyurem|88/100|[from] item: Leftovers
|upkeep
|turn|41
|
|t:|1781289366
|move|p2a: Kyurem|Freeze-Dry|p1a: Blissey
|-damage|p1a: Blissey|52/100
|move|p1a: Blissey|Stealth Rock|p2a: Kyurem
|-sidestart|p2: adil|move: Stealth Rock
|
|-heal|p2a: Kyurem|94/100|[from] item: Leftovers
|upkeep
|turn|42
|
|t:|1781289371
|move|p2a: Kyurem|Freeze-Dry|p1a: Blissey
|-damage|p1a: Blissey|41/100
|move|p1a: Blissey|Seismic Toss|p2a: Kyurem
|-damage|p2a: Kyurem|69/100
|
|-heal|p2a: Kyurem|75/100|[from] item: Leftovers
|upkeep
|turn|43
|
|t:|1781289377
|move|p2a: Kyurem|Freeze-Dry|p1a: Blissey
|-damage|p1a: Blissey|30/100
|move|p1a: Blissey|Soft-Boiled|p1a: Blissey
|-heal|p1a: Blissey|80/100
|
|-heal|p2a: Kyurem|81/100|[from] item: Leftovers
|upkeep
|turn|44
|
|t:|1781289384
|move|p2a: Kyurem|Freeze-Dry|p1a: Blissey
|-damage|p1a: Blissey|69/100
|move|p1a: Blissey|Seismic Toss|p2a: Kyurem
|-damage|p2a: Kyurem|57/100
|
|-heal|p2a: Kyurem|63/100|[from] item: Leftovers
|upkeep
|turn|45
|
|t:|1781289391
|move|p2a: Kyurem|Freeze-Dry|p1a: Blissey
|-damage|p1a: Blissey|57/100
|move|p1a: Blissey|Seismic Toss|p2a: Kyurem
|-damage|p2a: Kyurem|38/100
|
|-heal|p2a: Kyurem|44/100|[from] item: Leftovers
|upkeep
|turn|46
|
|t:|1781289395
|move|p2a: Kyurem|Substitute|p2a: Kyurem
|-start|p2a: Kyurem|Substitute
|-damage|p2a: Kyurem|19/100
|move|p1a: Blissey|Soft-Boiled|p1a: Blissey
|-heal|p1a: Blissey|100/100
|
|-heal|p2a: Kyurem|25/100|[from] item: Leftovers
|upkeep
|turn|47
|
|t:|1781289399
|move|p2a: Kyurem|Protect|p2a: Kyurem
|-singleturn|p2a: Kyurem|Protect
|move|p1a: Blissey|Seismic Toss|p2a: Kyurem
|-activate|p2a: Kyurem|move: Protect
|
|-heal|p2a: Kyurem|32/100|[from] item: Leftovers
|upkeep
|turn|48
|
|t:|1781289401
|move|p2a: Kyurem|Freeze-Dry|p1a: Blissey
|-damage|p1a: Blissey|89/100
|move|p1a: Blissey|Seismic Toss|p2a: Kyurem
|-activate|p2a: Kyurem|move: Substitute|[damage]
|
|-heal|p2a: Kyurem|38/100|[from] item: Leftovers
|upkeep
|turn|49
|
|t:|1781289404
|move|p2a: Kyurem|Protect|p2a: Kyurem
|-singleturn|p2a: Kyurem|Protect
|move|p1a: Blissey|Calm Mind|p1a: Blissey
|-boost|p1a: Blissey|spa|1
|-boost|p1a: Blissey|spd|1
|
|-heal|p2a: Kyurem|44/100|[from] item: Leftovers
|upkeep
|turn|50
|
|t:|1781289406
|move|p2a: Kyurem|Freeze-Dry|p1a: Blissey
|-damage|p1a: Blissey|82/100
|move|p1a: Blissey|Calm Mind|p1a: Blissey
|-boost|p1a: Blissey|spa|1
|-boost|p1a: Blissey|spd|1
|
|-heal|p2a: Kyurem|50/100|[from] item: Leftovers
|upkeep
|turn|51
|
|t:|1781289409
|move|p2a: Kyurem|Protect|p2a: Kyurem
|-singleturn|p2a: Kyurem|Protect
|move|p1a: Blissey|Calm Mind|p1a: Blissey
|-boost|p1a: Blissey|spa|1
|-boost|p1a: Blissey|spd|1
|
|-heal|p2a: Kyurem|56/100|[from] item: Leftovers
|upkeep
|turn|52
|
|t:|1781289412
|switch|p2a: Slowking|Slowking-Galar, F|79/100
|move|p1a: Blissey|Seismic Toss|p2a: Slowking
|-damage|p2a: Slowking|54/100
|
|upkeep
|turn|53
|
|t:|1781289422
|switch|p1a: Gliscor|Gliscor, F|81/100 tox
|move|p2a: Slowking|Psychic Noise|p1a: Gliscor
|-damage|p1a: Gliscor|57/100 tox
|-start|p1a: Gliscor|move: Heal Block
|
|upkeep
|turn|54
|
|t:|1781289435
|switch|p1a: Darkrai|Darkrai|26/100
|switch|p2a: Ting-Lu|Ting-Lu|51/100 slp
|-damage|p2a: Ting-Lu|44/100 slp|[from] Stealth Rock
|-ability|p2a: Ting-Lu|Vessel of Ruin
|
|-heal|p1a: Darkrai|32/100|[from] item: Leftovers
|-damage|p2a: Ting-Lu|32/100 slp|[from] ability: Bad Dreams|[of] p1a: Darkrai
|upkeep
|turn|55
|
|t:|1781289446
|switch|p2a: Slowking|Slowking-Galar, F|87/100
|move|p1a: Darkrai|Ice Beam|p2a: Slowking
|-damage|p2a: Slowking|68/100
|
|-heal|p1a: Darkrai|38/100|[from] item: Leftovers
|upkeep
|turn|56
|
|t:|1781289449
|-terastallize|p2a: Slowking|Water
|move|p1a: Darkrai|Dark Pulse|p2a: Slowking
|-damage|p2a: Slowking|42/100
|move|p2a: Slowking|Sludge Bomb|p1a: Darkrai
|-damage|p1a: Darkrai|0 fnt
|faint|p1a: Darkrai
|
|upkeep
|
|t:|1781289456
|switch|p1a: Gliscor|Gliscor, F|57/100 tox
|turn|57
|
|t:|1781289463
|move|p1a: Gliscor|Knock Off|p2a: Slowking
|-damage|p2a: Slowking|22/100
|-enditem|p2a: Slowking|Heavy-Duty Boots|[from] move: Knock Off|[of] p1a: Gliscor
|move|p2a: Slowking|Psychic Noise|p1a: Gliscor
|-damage|p1a: Gliscor|34/100 tox
|-start|p1a: Gliscor|move: Heal Block
|
|upkeep
|turn|58
|
|t:|1781289476
|switch|p2a: Ting-Lu|Ting-Lu|32/100 slp
|-damage|p2a: Ting-Lu|26/100 slp|[from] Stealth Rock
|-ability|p2a: Ting-Lu|Vessel of Ruin
|move|p1a: Gliscor|Spikes|p2a: Ting-Lu
|-sidestart|p2: adil|Spikes
|
|-end|p1a: Gliscor|move: Heal Block
|upkeep
|turn|59
|
|t:|1781289482
|move|p1a: Gliscor|Earthquake|p2a: Ting-Lu
|-damage|p2a: Ting-Lu|6/100 slp
|cant|p2a: Ting-Lu|slp
|
|-heal|p1a: Gliscor|47/100 tox|[from] ability: Poison Heal
|upkeep
|turn|60
|
|t:|1781289490
|move|p1a: Gliscor|Earthquake|p2a: Ting-Lu
|-damage|p2a: Ting-Lu|0 fnt
|faint|p2a: Ting-Lu
|
|-heal|p1a: Gliscor|59/100 tox|[from] ability: Poison Heal
|upkeep
|
|t:|1781289494
|switch|p2a: Kyurem|Kyurem|56/100
|-damage|p2a: Kyurem|31/100|[from] Stealth Rock
|-damage|p2a: Kyurem|19/100|[from] Spikes
|-ability|p2a: Kyurem|Pressure
|turn|61
|
|t:|1781289515
|switch|p1a: Blissey|Blissey, F|82/100
|move|p2a: Kyurem|Freeze-Dry|p1a: Blissey
|-damage|p1a: Blissey|72/100
|
|-heal|p2a: Kyurem|25/100|[from] item: Leftovers
|upkeep
|turn|62
|
|t:|1781289537
|move|p2a: Kyurem|Protect|p2a: Kyurem
|-singleturn|p2a: Kyurem|Protect
|move|p1a: Blissey|Calm Mind|p1a: Blissey
|-boost|p1a: Blissey|spa|1
|-boost|p1a: Blissey|spd|1
|
|-heal|p2a: Kyurem|31/100|[from] item: Leftovers
|upkeep
|turn|63
|
|t:|1781289548
|switch|p2a: Cinderace|Cinderace, F|49/100
|move|p1a: Blissey|Seismic Toss|p2a: Cinderace
|-damage|p2a: Cinderace|21/100
|
|upkeep
|turn|64
|
|t:|1781289565
|move|p2a: Cinderace|Court Change|p2a: Cinderace
|-swapsideconditions
|-activate|p2a: Cinderace|move: Court Change
|move|p1a: Blissey|Seismic Toss|p2a: Cinderace
|-damage|p2a: Cinderace|0 fnt
|faint|p2a: Cinderace
|
|upkeep
|
|t:|1781289574
|switch|p2a: Corviknight|Corviknight, F|6/100
|-ability|p2a: Corviknight|Pressure
|turn|65
|
|t:|1781289579
|move|p2a: Corviknight|Roost|p2a: Corviknight
|-heal|p2a: Corviknight|56/100
|-singleturn|p2a: Corviknight|move: Roost
|move|p1a: Blissey|Seismic Toss|p2a: Corviknight
|-damage|p2a: Corviknight|31/100
|
|upkeep
|turn|66
|
|t:|1781289585
|switch|p1a: Weezing|Weezing-Galar, M|42/100 brn
|-ability|p1a: Weezing|Neutralizing Gas
|move|p2a: Corviknight|Roost|p2a: Corviknight
|-heal|p2a: Corviknight|81/100
|-singleturn|p2a: Corviknight|move: Roost
|
|-damage|p1a: Weezing|36/100 brn|[from] brn
|upkeep
|turn|67
|
|t:|1781289594
|switch|p2a: Slowking|Slowking-Galar, F, tera:Water|55/100
|move|p1a: Weezing|Will-O-Wisp|p2a: Slowking
|-status|p2a: Slowking|brn
|
|-damage|p1a: Weezing|30/100 brn|[from] brn
|-damage|p2a: Slowking|49/100 brn|[from] brn
|upkeep
|turn|68
|
|t:|1781289599
|move|p1a: Weezing|Defog|p2a: Slowking
|-unboost|p2a: Slowking|evasion|1
|-sideend|p1: katz motel|Spikes|[from] move: Defog|[of] p1a: Weezing
|-sideend|p1: katz motel|Stealth Rock|[from] move: Defog|[of] p1a: Weezing
|move|p2a: Slowking|Psychic Noise|p1a: Weezing
|-supereffective|p1a: Weezing
|-damage|p1a: Weezing|0 fnt
|faint|p1a: Weezing
|-end|p1a: Weezing|ability: Neutralizing Gas
|
|-damage|p2a: Slowking|43/100 brn|[from] brn
|upkeep
|
|t:|1781289601
|switch|p1a: Gliscor|Gliscor, F|59/100 tox
|turn|69
|
|t:|1781289606
|switch|p2a: Corviknight|Corviknight, F|81/100
|-ability|p2a: Corviknight|Pressure
|move|p1a: Gliscor|Spikes|p2a: Corviknight
|-sidestart|p2: adil|Spikes
|
|-heal|p1a: Gliscor|72/100 tox|[from] ability: Poison Heal
|upkeep
|turn|70
|
|t:|1781289611
|move|p1a: Gliscor|Spikes|p2a: Corviknight
|-sidestart|p2: adil|Spikes
|move|p2a: Corviknight|Defog|p1a: Gliscor
|-unboost|p1a: Gliscor|evasion|1
|-sideend|p2: adil|Spikes|[from] move: Defog|[of] p2a: Corviknight
|
|-heal|p1a: Gliscor|84/100 tox|[from] ability: Poison Heal
|upkeep
|turn|71
|-message|katz motel forfeited.
|
|win|adil
|raw|katz motel's rating: 1611 &rarr; <strong>1596</strong><br />(-15 for losing)
|raw|adil's rating: 1698 &rarr; <strong>1713</strong><br />(+15 for winning)
|l|☆katz motel
|player|p1|
|l|☆adil
|player|p2|
|l| Sanatan Dharma
