|j|☆uu7gwasbetter
|j|‽TheCannonites
|t:|1781362469
|gametype|singles
|player|p1|uu7gwasbetter|170|1547
|player|p2|TheCannonites|n|1615
|gen|9
|tier|[Gen 9] OU
|rated|
|rule|HP Percentage Mod: HP is shown in percentages
|rule|Endless Battle Clause: Forcing endless battles is banned
|rule|Species Clause: Limit one of each Pokémon
|rule|OHKO Clause: OHKO moves are banned
|rule|Evasion Items Clause: Evasion items are banned
|rule|Evasion Moves Clause: Evasion moves are banned
|rule|Evasion Abilities Clause: Evasion abilities are banned
|rule|Sleep Moves Clause: Sleep-inducing moves are banned
|clearpoke
|poke|p1|Torkoal, F|
|poke|p1|Dragapult, M|
|poke|p1|Iron Moth|
|poke|p1|Kingambit, M|
|poke|p1|Ceruledge, F|
|poke|p1|Staraptor, M|
|poke|p2|Grimmsnarl, M|
|poke|p2|Blastoise, M|
|poke|p2|Hatterene, F|
|poke|p2|Iron Crown|
|poke|p2|Great Tusk|
|poke|p2|Ceruledge, M|
|teampreview
|inactive|Battle timer is ON: inactive players will automatically lose when time's up. (requested by TheCannonites)
|inactive|uu7gwasbetter also wants the timer to be on.
|inactive|uu7gwasbetter has 120 seconds left.
|
|t:|1781362499
|teamsize|p1|6
|teamsize|p2|6
|start
|switch|p1a: Kingambit|Kingambit, M|100/100
|switch|p2a: Grimmsnarl|Grimmsnarl, M|100/100
|turn|1
|
|t:|1781362506
|move|p1a: Kingambit|Iron Head|p2a: Grimmsnarl
|-supereffective|p2a: Grimmsnarl
|-damage|p2a: Grimmsnarl|0 fnt
|faint|p2a: Grimmsnarl
|
|upkeep
|
|t:|1781362512
|switch|p2a: Blastoise|Blastoise, M|100/100
|turn|2
|
|t:|1781362516
|-end|p1a: Kingambit|fallenundefined|[silent]
|switch|p1a: Staraptor|Staraptor, M|100/100
|move|p2a: Blastoise|Shell Smash|p2a: Blastoise
|-unboost|p2a: Blastoise|def|1
|-unboost|p2a: Blastoise|spd|1
|-boost|p2a: Blastoise|atk|2
|-boost|p2a: Blastoise|spa|2
|-boost|p2a: Blastoise|spe|2
|-enditem|p2a: Blastoise|White Herb
|-clearnegativeboost|p2a: Blastoise|[silent]
|
|upkeep
|turn|3
|
|t:|1781362526
|move|p2a: Blastoise|Ice Beam|p1a: Staraptor
|-supereffective|p1a: Staraptor
|-damage|p1a: Staraptor|0 fnt
|faint|p1a: Staraptor
|
|upkeep
|
|t:|1781362537
|switch|p1a: Dragapult|Dragapult, M|100/100
|turn|4
|
|t:|1781362558
|-terastallize|p1a: Dragapult|Steel
|move|p2a: Blastoise|Surf|p1a: Dragapult
|-damage|p1a: Dragapult|7/100
|move|p1a: Dragapult|Dragon Dance|p1a: Dragapult
|-boost|p1a: Dragapult|atk|1
|-boost|p1a: Dragapult|spe|1
|
|-heal|p1a: Dragapult|13/100|[from] item: Leftovers
|upkeep
|turn|5
|j| cachowcapow
|
|t:|1781362567
|move|p1a: Dragapult|Dragon Darts|p2a: Blastoise
|-damage|p2a: Blastoise|58/100
|-anim|p1a: Dragapult|Dragon Darts|p2a: Blastoise
|-damage|p2a: Blastoise|15/100
|move|p2a: Blastoise|Surf|p1a: Dragapult
|-damage|p1a: Dragapult|0 fnt
|faint|p1a: Dragapult
|
|upkeep
|
|t:|1781362572
|switch|p1a: Kingambit|Kingambit, M|100/100
|-activate|p1a: Kingambit|ability: Supreme Overlord
|-start|p1a: Kingambit|fallen2|[silent]
|turn|6
|
|t:|1781362580
|move|p1a: Kingambit|Sucker Punch|p2a: Blastoise
|-damage|p2a: Blastoise|0 fnt
|faint|p2a: Blastoise
|
|upkeep
|
|t:|1781362584
|switch|p2a: Great Tusk|Great Tusk|100/100
|-enditem|p2a: Great Tusk|Booster Energy
|-activate|p2a: Great Tusk|ability: Protosynthesis|[fromitem]
|-start|p2a: Great Tusk|protosynthesisspe
|turn|7
|
|t:|1781362589
|-end|p1a: Kingambit|fallen2|[silent]
|switch|p1a: Ceruledge|Ceruledge, F|100/100
|move|p2a: Great Tusk|Bulk Up|p2a: Great Tusk
|-boost|p2a: Great Tusk|atk|1
|-boost|p2a: Great Tusk|def|1
|
|upkeep
|turn|8
|
|t:|1781362599
|move|p2a: Great Tusk|Ice Spinner|p1a: Ceruledge
|-resisted|p1a: Ceruledge
|-crit|p1a: Ceruledge
|-damage|p1a: Ceruledge|64/100
|-ability|p1a: Ceruledge|Weak Armor|boost
|-unboost|p1a: Ceruledge|def|1
|-boost|p1a: Ceruledge|spe|2
|move|p1a: Ceruledge|Swords Dance|p1a: Ceruledge
|-boost|p1a: Ceruledge|atk|2
|
|upkeep
|turn|9
|
|t:|1781362610
|move|p1a: Ceruledge|Destiny Bond|p1a: Ceruledge
|-singlemove|p1a: Ceruledge|Destiny Bond
|move|p2a: Great Tusk|Headlong Rush|p1a: Ceruledge
|-supereffective|p1a: Ceruledge
|-damage|p1a: Ceruledge|0 fnt
|-unboost|p2a: Great Tusk|def|1
|-unboost|p2a: Great Tusk|spd|1
|faint|p1a: Ceruledge
|-activate|p1a: Ceruledge|move: Destiny Bond
|faint|p2a: Great Tusk
|-end|p2a: Great Tusk|Protosynthesis|[silent]
|
|upkeep
|
|t:|1781362620
|switch|p2a: Iron Crown|Iron Crown|100/100
|switch|p1a: Torkoal|Torkoal, F|100/100
|-weather|SunnyDay|[from] ability: Drought|[of] p1a: Torkoal
|-enditem|p2a: Iron Crown|Booster Energy
|-activate|p2a: Iron Crown|ability: Quark Drive|[fromitem]
|-start|p2a: Iron Crown|quarkdrivespa
|turn|10
|
|t:|1781362629
|-terastallize|p2a: Iron Crown|Fighting
|move|p2a: Iron Crown|Calm Mind|p2a: Iron Crown
|-boost|p2a: Iron Crown|spa|1
|-boost|p2a: Iron Crown|spd|1
|move|p1a: Torkoal|Lava Plume|p2a: Iron Crown
|-damage|p2a: Iron Crown|74/100
|
|-weather|SunnyDay|[upkeep]
|upkeep
|turn|11
|
|t:|1781362638
|move|p2a: Iron Crown|Agility|p2a: Iron Crown
|-boost|p2a: Iron Crown|spe|2
|move|p1a: Torkoal|Lava Plume|p2a: Iron Crown
|-damage|p2a: Iron Crown|47/100
|-status|p2a: Iron Crown|brn
|
|-weather|SunnyDay|[upkeep]
|-damage|p2a: Iron Crown|41/100 brn|[from] brn
|upkeep
|turn|12
|
|t:|1781362647
|move|p2a: Iron Crown|Stored Power|p1a: Torkoal
|-damage|p1a: Torkoal|16/100
|move|p1a: Torkoal|Stealth Rock|p2a: Iron Crown
|-sidestart|p2: TheCannonites|move: Stealth Rock
|
|-weather|SunnyDay|[upkeep]
|-damage|p2a: Iron Crown|34/100 brn|[from] brn
|upkeep
|turn|13
|
|t:|1781362662
|move|p2a: Iron Crown|Focus Blast|p1a: Torkoal
|-damage|p1a: Torkoal|0 fnt
|faint|p1a: Torkoal
|
|-weather|SunnyDay|[upkeep]
|-damage|p2a: Iron Crown|28/100 brn|[from] brn
|upkeep
|
|t:|1781362670
|switch|p1a: Iron Moth|Iron Moth|100/100
|-enditem|p1a: Iron Moth|Booster Energy
|-activate|p1a: Iron Moth|ability: Quark Drive|[fromitem]
|-start|p1a: Iron Moth|quarkdrivespe
|turn|14
|
|t:|1781362675
|-end|p1a: Iron Moth|Quark Drive|[silent]
|switch|p1a: Kingambit|Kingambit, M|100/100
|-activate|p1a: Kingambit|ability: Supreme Overlord
|-start|p1a: Kingambit|fallen4|[silent]
|move|p2a: Iron Crown|Focus Blast|p1a: Kingambit
|-supereffective|p1a: Kingambit
|-enditem|p1a: Kingambit|Focus Sash
|-damage|p1a: Kingambit|1/100
|-unboost|p1a: Kingambit|spd|1
|
|-weather|none
|-damage|p2a: Iron Crown|22/100 brn|[from] brn
|upkeep
|turn|15
|c|☆uu7gwasbetter|Gg
|
|t:|1781362689
|move|p1a: Kingambit|Sucker Punch|p2a: Iron Crown
|-resisted|p2a: Iron Crown
|-damage|p2a: Iron Crown|0 fnt
|faint|p2a: Iron Crown
|-end|p2a: Iron Crown|Quark Drive|[silent]
|
|upkeep
|
|t:|1781362708
|switch|p2a: Hatterene|Hatterene, F|100/100
|-damage|p2a: Hatterene|88/100|[from] Stealth Rock
|turn|16
|
|t:|1781362714
|move|p1a: Kingambit|Iron Head|p2a: Hatterene
|-supereffective|p2a: Hatterene
|-damage|p2a: Hatterene|0 fnt
|faint|p2a: Hatterene
|
|upkeep
|-message|TheCannonites forfeited.
|
|win|uu7gwasbetter
|raw|uu7gwasbetter's rating: 1547 &rarr; <strong>1571</strong><br />(+24 for winning)
|raw|TheCannonites's rating: 1615 &rarr; <strong>1591</strong><br />(-24 for losing)
|l|‽TheCannonites
|player|p2|
|l|☆uu7gwasbetter
|player|p1|
