|badge|p1|bronze|gen9ou|100-9
|uhtml|medal-msg|<div class="broadcast-blue">Curious what those medals under the avatar are? PS now has Ladder Seasons! For more information, check out the <a href="https://www.smogon.com/forums/threads/3740067/">thread on Smogon.</a></div>
|badge|p2|bronze|gen9ou|100-9
|uhtml|medal-msg|<div class="broadcast-blue">Curious what those medals under the avatar are? PS now has Ladder Seasons! For more information, check out the <a href="https://www.smogon.com/forums/threads/3740067/">thread on Smogon.</a></div>
|j|☆Auburn Hills
|j|☆AnonymousJon
|t:|1781477598
|gametype|singles
|player|p1|Auburn Hills|alder|1842
|player|p2|AnonymousJon|workerice|1832
|gen|9
|tier|[Gen 9] OU
|rated|
|rule|HP Percentage Mod: HP is shown in percentages
|rule|Endless Battle Clause: Forcing endless battles is banned
|rule|Species Clause: Limit one of each Pokémon
|rule|OHKO Clause: OHKO moves are banned
|rule|Evasion Items Clause: Evasion items are banned
|rule|Evasion Moves Clause: Evasion moves are banned
|rule|Evasion Abilities Clause: Evasion abilities are banned
|rule|Sleep Moves Clause: Sleep-inducing moves are banned
|clearpoke
|poke|p1|Iron Moth|
|poke|p1|Umbreon, F|
|poke|p1|Garchomp, M|
|poke|p1|Glimmora, F|
|poke|p1|Gholdengo|
|poke|p1|Dragonite, M|
|poke|p2|Great Tusk|
|poke|p2|Ogerpon-Cornerstone, F|
|poke|p2|Rillaboom, F|
|poke|p2|Tyranitar, M|
|poke|p2|Corviknight, M|
|poke|p2|Dragapult, M|
|teampreview
|inactive|Battle timer is ON: inactive players will automatically lose when time's up. (requested by AnonymousJon)
|j| INEEDHELP49
|
|t:|1781477611
|teamsize|p1|6
|teamsize|p2|6
|start
|switch|p1a: Alvvays|Umbreon, F|100/100
|switch|p2a: Dragapult|Dragapult, M|100/100
|turn|1
|j| Xaldyn&Rhapsodie
|
|t:|1781477627
|switch|p2a: Corviknight|Corviknight, M|100/100
|-ability|p2a: Corviknight|Pressure
|move|p1a: Alvvays|Foul Play|p2a: Corviknight
|-damage|p2a: Corviknight|82/100
|-damage|p1a: Alvvays|84/100|[from] item: Rocky Helmet|[of] p2a: Corviknight
|
|-heal|p1a: Alvvays|90/100|[from] item: Leftovers
|upkeep
|turn|2
|j| 1st grade lad lj
|j| rexa2
|
|t:|1781477640
|switch|p2a: Dragapult|Dragapult, M|100/100
|switch|p1a: Glimmora|Glimmora, F|100/100
|
|upkeep
|turn|3
|
|t:|1781477644
|move|p2a: Dragapult|Will-O-Wisp|p1a: Glimmora
|-status|p1a: Glimmora|brn
|move|p1a: Glimmora|Earth Power|p2a: Dragapult
|-damage|p2a: Dragapult|59/100
|
|-heal|p2a: Dragapult|66/100|[from] item: Leftovers
|-damage|p1a: Glimmora|94/100 brn|[from] brn
|upkeep
|turn|4
|c| Xaldyn&Rhapsodie|hello AnonymousJon :)
|
|t:|1781477651
|move|p2a: Dragapult|Substitute|p2a: Dragapult
|-start|p2a: Dragapult|Substitute
|-damage|p2a: Dragapult|41/100
|move|p1a: Glimmora|Stealth Rock|p2a: Dragapult
|-sidestart|p2: AnonymousJon|move: Stealth Rock
|
|-heal|p2a: Dragapult|47/100|[from] item: Leftovers
|-damage|p1a: Glimmora|88/100 brn|[from] brn
|upkeep
|turn|5
|
|t:|1781477654
|switch|p1a: Alvvays|Umbreon, F|90/100
|move|p2a: Dragapult|Hex|p1a: Alvvays
|-resisted|p1a: Alvvays
|-damage|p1a: Alvvays|83/100
|
|-heal|p2a: Dragapult|53/100|[from] item: Leftovers
|-heal|p1a: Alvvays|89/100|[from] item: Leftovers
|upkeep
|turn|6
|
|t:|1781477656
|move|p2a: Dragapult|Will-O-Wisp|p1a: Alvvays|[miss]
|-miss|p2a: Dragapult|p1a: Alvvays
|move|p1a: Alvvays|Foul Play|p2a: Dragapult
|-supereffective|p2a: Dragapult
|-end|p2a: Dragapult|Substitute
|
|-heal|p2a: Dragapult|59/100|[from] item: Leftovers
|-heal|p1a: Alvvays|95/100|[from] item: Leftovers
|upkeep
|turn|7
|l| INEEDHELP49
|c|☆AnonymousJon|hi
|
|t:|1781477668
|switch|p2a: Tyranitar|Tyranitar, M|100/100
|-damage|p2a: Tyranitar|88/100|[from] Stealth Rock
|-weather|Sandstorm|[from] ability: Sand Stream|[of] p2a: Tyranitar
|move|p1a: Alvvays|Foul Play|p2a: Tyranitar
|-resisted|p2a: Tyranitar
|-damage|p2a: Tyranitar|70/100
|
|-weather|Sandstorm|[upkeep]
|-damage|p1a: Alvvays|89/100|[from] Sandstorm
|-heal|p1a: Alvvays|95/100|[from] item: Leftovers
|-heal|p2a: Tyranitar|76/100|[from] item: Leftovers
|upkeep
|turn|8
|
|t:|1781477670
|move|p1a: Alvvays|Thunder Wave|p2a: Tyranitar
|-status|p2a: Tyranitar|par
|move|p2a: Tyranitar|Stealth Rock|p1a: Alvvays
|-sidestart|p1: Auburn Hills|move: Stealth Rock
|
|-weather|Sandstorm|[upkeep]
|-damage|p1a: Alvvays|89/100|[from] Sandstorm
|-heal|p1a: Alvvays|95/100|[from] item: Leftovers
|-heal|p2a: Tyranitar|82/100 par|[from] item: Leftovers
|upkeep
|turn|9
|
|t:|1781477675
|switch|p1a: Glimmora|Glimmora, F|88/100 brn
|-damage|p1a: Glimmora|76/100 brn|[from] Stealth Rock
|switch|p2a: Great Tusk|Great Tusk|100/100
|-damage|p2a: Great Tusk|98/100|[from] Stealth Rock
|
|-weather|Sandstorm|[upkeep]
|-damage|p1a: Glimmora|70/100 brn|[from] brn
|upkeep
|turn|10
|
|t:|1781477679
|move|p1a: Glimmora|Mortal Spin|p2a: Great Tusk
|-resisted|p2a: Great Tusk
|-damage|p2a: Great Tusk|97/100
|-status|p2a: Great Tusk|psn
|-sideend|p1: Auburn Hills|Stealth Rock|[from] move: Mortal Spin|[of] p1a: Glimmora
|move|p2a: Great Tusk|Rapid Spin|p1a: Glimmora
|-resisted|p1a: Glimmora
|-damage|p1a: Glimmora|59/100 brn
|-boost|p2a: Great Tusk|spe|1
|-activate|p1a: Glimmora|ability: Toxic Debris
|-sidestart|p2: AnonymousJon|move: Toxic Spikes
|-sideend|p2: AnonymousJon|Toxic Spikes|[from] move: Rapid Spin|[of] p2a: Great Tusk
|-sideend|p2: AnonymousJon|Stealth Rock|[from] move: Rapid Spin|[of] p2a: Great Tusk
|
|-weather|Sandstorm|[upkeep]
|-damage|p2a: Great Tusk|84/100 psn|[from] psn
|-damage|p1a: Glimmora|53/100 brn|[from] brn
|upkeep
|turn|11
|
|t:|1781477684
|switch|p1a: Elucid|Dragonite, M|100/100
|move|p2a: Great Tusk|Rapid Spin|p1a: Elucid
|-damage|p1a: Elucid|92/100
|-boost|p2a: Great Tusk|spe|1
|
|-weather|none
|-damage|p2a: Great Tusk|72/100 psn|[from] psn
|upkeep
|turn|12
|
|t:|1781477690
|switch|p1a: Glimmora|Glimmora, F|53/100 brn
|move|p2a: Great Tusk|Ice Spinner|p1a: Glimmora
|-damage|p1a: Glimmora|19/100 brn
|-activate|p1a: Glimmora|ability: Toxic Debris
|-sidestart|p2: AnonymousJon|move: Toxic Spikes
|
|-damage|p2a: Great Tusk|59/100 psn|[from] psn
|-damage|p1a: Glimmora|13/100 brn|[from] brn
|upkeep
|turn|13
|
|t:|1781477697
|switch|p1a: Smino|Gholdengo|100/100
|move|p2a: Great Tusk|Rapid Spin|p1a: Smino
|-immune|p1a: Smino
|
|-damage|p2a: Great Tusk|47/100 psn|[from] psn
|upkeep
|turn|14
|
|t:|1781477701
|-terastallize|p1a: Smino|Flying
|move|p2a: Great Tusk|Headlong Rush|p1a: Smino
|-immune|p1a: Smino
|move|p1a: Smino|Make It Rain|p2a: Great Tusk
|-damage|p2a: Great Tusk|4/100 psn
|-unboost|p1a: Smino|spa|1
|
|-damage|p2a: Great Tusk|0 fnt|[from] psn
|faint|p2a: Great Tusk
|-end|p2a: Great Tusk|Protosynthesis|[silent]
|upkeep
|
|t:|1781477710
|switch|p2a: Tyranitar|Tyranitar, M|82/100 par
|-weather|Sandstorm|[from] ability: Sand Stream|[of] p2a: Tyranitar
|turn|15
|
|t:|1781477715
|switch|p1a: Glimmora|Glimmora, F|13/100 brn
|move|p2a: Tyranitar|Stealth Rock|p1a: Glimmora
|-sidestart|p1: Auburn Hills|move: Stealth Rock
|
|-weather|Sandstorm|[upkeep]
|-heal|p2a: Tyranitar|89/100 par|[from] item: Leftovers
|-damage|p1a: Glimmora|7/100 brn|[from] brn
|upkeep
|turn|16
|
|t:|1781477718
|switch|p2a: Corviknight|Corviknight, M|82/100
|-ability|p2a: Corviknight|Pressure
|move|p1a: Glimmora|Stealth Rock|p2a: Corviknight
|-sidestart|p2: AnonymousJon|move: Stealth Rock
|
|-weather|Sandstorm|[upkeep]
|-damage|p1a: Glimmora|0 fnt|[from] brn
|faint|p1a: Glimmora
|upkeep
|
|t:|1781477721
|switch|p1a: Smino|Gholdengo, tera:Flying|100/100
|-damage|p1a: Smino|76/100|[from] Stealth Rock
|turn|17
|j| gilbongoobs
|
|t:|1781477725
|move|p1a: Smino|Shadow Ball|p2a: Corviknight
|-damage|p2a: Corviknight|39/100
|move|p2a: Corviknight|Roost|p2a: Corviknight
|-heal|p2a: Corviknight|89/100
|-singleturn|p2a: Corviknight|move: Roost
|
|-weather|Sandstorm|[upkeep]
|-damage|p1a: Smino|70/100|[from] Sandstorm
|upkeep
|turn|18
|
|t:|1781477730
|switch|p2a: Tyranitar|Tyranitar, M|89/100 par
|-damage|p2a: Tyranitar|76/100 par|[from] Stealth Rock
|move|p1a: Smino|Shadow Ball|p2a: Tyranitar
|-resisted|p2a: Tyranitar
|-damage|p2a: Tyranitar|68/100 par
|-unboost|p2a: Tyranitar|spd|1
|
|-weather|Sandstorm|[upkeep]
|-damage|p1a: Smino|64/100|[from] Sandstorm
|-heal|p2a: Tyranitar|74/100 par|[from] item: Leftovers
|upkeep
|turn|19
|
|t:|1781477733
|switch|p1a: Alvvays|Umbreon, F|95/100
|-damage|p1a: Alvvays|83/100|[from] Stealth Rock
|cant|p2a: Tyranitar|par
|
|-weather|none
|-heal|p1a: Alvvays|89/100|[from] item: Leftovers
|-heal|p2a: Tyranitar|80/100 par|[from] item: Leftovers
|upkeep
|turn|20
|
|t:|1781477736
|move|p1a: Alvvays|Wish|p1a: Alvvays
|move|p2a: Tyranitar|Knock Off|p1a: Alvvays
|-resisted|p1a: Alvvays
|-damage|p1a: Alvvays|72/100
|-enditem|p1a: Alvvays|Leftovers|[from] move: Knock Off|[of] p2a: Tyranitar
|
|-heal|p2a: Tyranitar|87/100 par|[from] item: Leftovers
|upkeep
|turn|21
|
|t:|1781477739
|move|p1a: Alvvays|Foul Play|p2a: Tyranitar
|-resisted|p2a: Tyranitar
|-damage|p2a: Tyranitar|69/100 par
|move|p2a: Tyranitar|Roar|p1a: Alvvays
|drag|p1a: Rat Tally|Garchomp, M|100/100
|-damage|p1a: Rat Tally|94/100|[from] Stealth Rock
|
|-heal|p1a: Rat Tally|100/100|[from] move: Wish|[wisher] Alvvays
|-heal|p2a: Tyranitar|75/100 par|[from] item: Leftovers
|upkeep
|turn|22
|
|t:|1781477749
|switch|p2a: Corviknight|Corviknight, M|89/100
|-damage|p2a: Corviknight|77/100|[from] Stealth Rock
|-ability|p2a: Corviknight|Pressure
|move|p1a: Rat Tally|Scale Shot|p2a: Corviknight
|-resisted|p2a: Corviknight
|-damage|p2a: Corviknight|73/100
|-resisted|p2a: Corviknight
|-damage|p2a: Corviknight|70/100
|-resisted|p2a: Corviknight
|-damage|p2a: Corviknight|66/100
|-resisted|p2a: Corviknight
|-damage|p2a: Corviknight|62/100
|-hitcount|p2a: Corviknight|4
|-unboost|p1a: Rat Tally|def|1
|-boost|p1a: Rat Tally|spe|1
|
|upkeep
|turn|23
|
|t:|1781477755
|switch|p1a: Smino|Gholdengo, tera:Flying|64/100
|-damage|p1a: Smino|39/100|[from] Stealth Rock
|move|p2a: Corviknight|Brave Bird|p1a: Smino
|-damage|p1a: Smino|1/100
|-damage|p2a: Corviknight|52/100|[from] Recoil
|
|upkeep
|turn|24
|
|t:|1781477759
|move|p1a: Smino|Trick|p2a: Corviknight
|-activate|p1a: Smino|move: Trick|[of] p2a: Corviknight
|-item|p2a: Corviknight|Choice Scarf|[from] move: Trick
|-item|p1a: Smino|Rocky Helmet|[from] move: Trick
|move|p2a: Corviknight|Roost|p2a: Corviknight
|-heal|p2a: Corviknight|100/100
|-singleturn|p2a: Corviknight|move: Roost
|
|upkeep
|turn|25
|
|t:|1781477767
|switch|p2a: Ogerpon|Ogerpon-Cornerstone, F|100/100
|-status|p2a: Ogerpon|psn
|-damage|p2a: Ogerpon|88/100 psn|[from] Stealth Rock
|move|p1a: Smino|Make It Rain|p2a: Ogerpon
|-supereffective|p2a: Ogerpon
|-damage|p2a: Ogerpon|0 fnt
|-unboost|p1a: Smino|spa|1
|faint|p2a: Ogerpon
|
|upkeep
|c|☆AnonymousJon|oops
|c|☆Auburn Hills|expected shadow ball?
|inactive|AnonymousJon has 120 seconds left.
|c|☆AnonymousJon|I went too hard on the recover predict
|c|☆Auburn Hills|I expected ttar
|c|☆Auburn Hills|I don't have it lol
|
|t:|1781477820
|switch|p2a: Dragapult|Dragapult, M|59/100
|-status|p2a: Dragapult|psn
|-damage|p2a: Dragapult|47/100 psn|[from] Stealth Rock
|turn|26
|c|☆AnonymousJon|RIP
|
|t:|1781477829
|move|p2a: Dragapult|Dragon Darts|p1a: Smino
|-damage|p1a: Smino|0 fnt
|faint|p1a: Smino
|
|-heal|p2a: Dragapult|53/100 psn|[from] item: Leftovers
|-damage|p2a: Dragapult|41/100 psn|[from] psn
|upkeep
|
|t:|1781477832
|switch|p1a: Alvvays|Umbreon, F|72/100
|-damage|p1a: Alvvays|60/100|[from] Stealth Rock
|turn|27
|
|t:|1781477836
|move|p2a: Dragapult|Will-O-Wisp|p1a: Alvvays
|-status|p1a: Alvvays|brn
|move|p1a: Alvvays|Thunder Wave||[still]
|-fail|p1a: Alvvays
|
|-heal|p2a: Dragapult|47/100 psn|[from] item: Leftovers
|-damage|p2a: Dragapult|34/100 psn|[from] psn
|-damage|p1a: Alvvays|54/100 brn|[from] brn
|upkeep
|turn|28
|
|t:|1781477845
|switch|p2a: Tyranitar|Tyranitar, M|75/100 par
|-damage|p2a: Tyranitar|63/100 par|[from] Stealth Rock
|-weather|Sandstorm|[from] ability: Sand Stream|[of] p2a: Tyranitar
|move|p1a: Alvvays|Wish|p1a: Alvvays
|
|-weather|Sandstorm|[upkeep]
|-damage|p1a: Alvvays|48/100 brn|[from] Sandstorm
|-heal|p2a: Tyranitar|69/100 par|[from] item: Leftovers
|-damage|p1a: Alvvays|41/100 brn|[from] brn
|upkeep
|turn|29
|
|t:|1781477851
|move|p1a: Alvvays|Protect|p1a: Alvvays
|-singleturn|p1a: Alvvays|Protect
|cant|p2a: Tyranitar|par
|
|-weather|Sandstorm|[upkeep]
|-damage|p1a: Alvvays|35/100 brn|[from] Sandstorm
|-heal|p1a: Alvvays|85/100 brn|[from] move: Wish|[wisher] Alvvays
|-heal|p2a: Tyranitar|75/100 par|[from] item: Leftovers
|-damage|p1a: Alvvays|79/100 brn|[from] brn
|upkeep
|turn|30
|
|t:|1781477855
|switch|p2a: Rillaboom|Rillaboom, F|100/100
|-status|p2a: Rillaboom|psn
|-damage|p2a: Rillaboom|88/100 psn|[from] Stealth Rock
|-fieldstart|move: Grassy Terrain|[from] ability: Grassy Surge|[of] p2a: Rillaboom
|move|p1a: Alvvays|Wish|p1a: Alvvays
|
|-weather|Sandstorm|[upkeep]
|-damage|p2a: Rillaboom|82/100 psn|[from] Sandstorm
|-damage|p1a: Alvvays|73/100 brn|[from] Sandstorm
|-heal|p2a: Rillaboom|88/100 psn|[from] Grassy Terrain
|-heal|p1a: Alvvays|79/100 brn|[from] Grassy Terrain
|-damage|p2a: Rillaboom|76/100 psn|[from] psn
|-damage|p1a: Alvvays|73/100 brn|[from] brn
|upkeep
|turn|31
|
|t:|1781477858
|move|p2a: Rillaboom|Wood Hammer|p1a: Alvvays
|-damage|p1a: Alvvays|0 fnt
|faint|p1a: Alvvays
|-damage|p2a: Rillaboom|48/100 psn|[from] Recoil
|
|-weather|Sandstorm|[upkeep]
|-damage|p2a: Rillaboom|42/100 psn|[from] Sandstorm
|-heal|p2a: Rillaboom|48/100 psn|[from] Grassy Terrain
|-damage|p2a: Rillaboom|36/100 psn|[from] psn
|upkeep
|
|t:|1781477865
|switch|p1a: Elucid|Dragonite, M|92/100
|turn|32
|
|t:|1781477867
|switch|p2a: Tyranitar|Tyranitar, M|75/100 par
|-damage|p2a: Tyranitar|63/100 par|[from] Stealth Rock
|move|p1a: Elucid|Ice Spinner|p2a: Tyranitar
|-damage|p2a: Tyranitar|37/100 par
|-fieldend|move: Grassy Terrain
|
|-weather|none
|-heal|p2a: Tyranitar|43/100 par|[from] item: Leftovers
|upkeep
|turn|33
|
|t:|1781477870
|switch|p2a: Corviknight|Corviknight, M|100/100
|-damage|p2a: Corviknight|88/100|[from] Stealth Rock
|-ability|p2a: Corviknight|Pressure
|move|p1a: Elucid|Earthquake|p2a: Corviknight
|-immune|p2a: Corviknight
|
|upkeep
|turn|34
|
|t:|1781477873
|move|p1a: Elucid|Dragon Dance|p1a: Elucid
|-boost|p1a: Elucid|atk|1
|-boost|p1a: Elucid|spe|1
|move|p2a: Corviknight|Brave Bird|p1a: Elucid
|-damage|p1a: Elucid|55/100
|-damage|p2a: Corviknight|78/100|[from] Recoil
|
|upkeep
|turn|35
|
|t:|1781477879
|move|p1a: Elucid|Ice Spinner|p2a: Corviknight
|-damage|p2a: Corviknight|48/100
|move|p2a: Corviknight|Brave Bird|p1a: Elucid
|-damage|p1a: Elucid|18/100
|-damage|p2a: Corviknight|38/100|[from] Recoil
|
|upkeep
|turn|36
|
|t:|1781477884
|move|p1a: Elucid|Ice Spinner|p2a: Corviknight
|-damage|p2a: Corviknight|9/100
|move|p2a: Corviknight|Brave Bird|p1a: Elucid
|-damage|p1a: Elucid|0 fnt
|faint|p1a: Elucid
|-damage|p2a: Corviknight|4/100|[from] Recoil
|
|upkeep
|j| mak7xr
|j| samurajen
|
|t:|1781477892
|switch|p1a: Rat Tally|Garchomp, M|100/100
|-damage|p1a: Rat Tally|94/100|[from] Stealth Rock
|turn|37
|
|t:|1781477896
|move|p1a: Rat Tally|Scale Shot|p2a: Corviknight
|-resisted|p2a: Corviknight
|-damage|p2a: Corviknight|0 fnt
|faint|p2a: Corviknight
|-hitcount|p2: Corviknight|1
|-unboost|p1a: Rat Tally|def|1
|-boost|p1a: Rat Tally|spe|1
|
|upkeep
|
|t:|1781477914
|switch|p2a: Rillaboom|Rillaboom, F|36/100 psn
|-damage|p2a: Rillaboom|24/100 psn|[from] Stealth Rock
|-fieldstart|move: Grassy Terrain|[from] ability: Grassy Surge|[of] p2a: Rillaboom
|turn|38
|
|t:|1781477921
|switch|p2a: Dragapult|Dragapult, M|34/100 psn
|-damage|p2a: Dragapult|22/100 psn|[from] Stealth Rock
|move|p1a: Rat Tally|Poison Jab|p2a: Dragapult
|-resisted|p2a: Dragapult
|-damage|p2a: Dragapult|1/100 psn
|
|-heal|p1a: Rat Tally|100/100|[from] Grassy Terrain
|-heal|p2a: Dragapult|7/100 psn|[from] Grassy Terrain
|-heal|p2a: Dragapult|14/100 psn|[from] item: Leftovers
|-damage|p2a: Dragapult|1/100 psn|[from] psn
|upkeep
|turn|39
|
|t:|1781477924
|move|p1a: Rat Tally|Earthquake|p2a: Dragapult
|-damage|p2a: Dragapult|0 fnt
|faint|p2a: Dragapult
|
|upkeep
|
|t:|1781477926
|switch|p2a: Rillaboom|Rillaboom, F|24/100 psn
|-damage|p2a: Rillaboom|11/100 psn|[from] Stealth Rock
|turn|40
|
|t:|1781477930
|switch|p1a: Carly Rae|Iron Moth|100/100
|-damage|p1a: Carly Rae|76/100|[from] Stealth Rock
|-enditem|p1a: Carly Rae|Booster Energy
|-activate|p1a: Carly Rae|ability: Quark Drive|[fromitem]
|-start|p1a: Carly Rae|quarkdrivespe
|-terastallize|p2a: Rillaboom|Grass
|move|p2a: Rillaboom|Grassy Glide|p1a: Carly Rae
|-resisted|p1a: Carly Rae
|-damage|p1a: Carly Rae|49/100
|
|-heal|p1a: Carly Rae|55/100|[from] Grassy Terrain
|-heal|p2a: Rillaboom|18/100 psn|[from] Grassy Terrain
|-damage|p2a: Rillaboom|5/100 psn|[from] psn
|upkeep
|turn|41
|
|t:|1781477932
|move|p2a: Rillaboom|Grassy Glide|p1a: Carly Rae
|-resisted|p1a: Carly Rae
|-damage|p1a: Carly Rae|25/100
|move|p1a: Carly Rae|Morning Sun|p1a: Carly Rae
|-heal|p1a: Carly Rae|75/100
|
|-heal|p1a: Carly Rae|81/100|[from] Grassy Terrain
|-heal|p2a: Rillaboom|11/100 psn|[from] Grassy Terrain
|-damage|p2a: Rillaboom|0 fnt|[from] psn
|faint|p2a: Rillaboom
|upkeep
|
|t:|1781477934
|switch|p2a: Tyranitar|Tyranitar, M|43/100 par
|-damage|p2a: Tyranitar|31/100 par|[from] Stealth Rock
|-weather|Sandstorm|[from] ability: Sand Stream|[of] p2a: Tyranitar
|turn|42
|
|t:|1781477936
|move|p1a: Carly Rae|Dazzling Gleam|p2a: Tyranitar
|-supereffective|p2a: Tyranitar
|-damage|p2a: Tyranitar|8/100 par
|cant|p2a: Tyranitar|par
|
|-weather|Sandstorm|[upkeep]
|-damage|p1a: Carly Rae|75/100|[from] Sandstorm
|-heal|p1a: Carly Rae|81/100|[from] Grassy Terrain
|-heal|p2a: Tyranitar|14/100 par|[from] Grassy Terrain
|-heal|p2a: Tyranitar|20/100 par|[from] item: Leftovers
|-fieldend|move: Grassy Terrain
|upkeep
|turn|43
|c|☆AnonymousJon|gg
|
|t:|1781477940
|move|p1a: Carly Rae|Dazzling Gleam|p2a: Tyranitar
|-supereffective|p2a: Tyranitar
|-damage|p2a: Tyranitar|0 fnt
|faint|p2a: Tyranitar
|
|win|Auburn Hills
|raw|Auburn Hills's rating: 1842 &rarr; <strong>1861</strong><br />(+19 for winning)
|raw|AnonymousJon's rating: 1832 &rarr; <strong>1813</strong><br />(-19 for losing)
|c|☆Auburn Hills|gg
|l| mak7xr
|l|☆AnonymousJon
|player|p2|
|l|☆Auburn Hills
|player|p1|
|l| 1st grade lad lj
|l| rexa2
|j| rexa2
|l| rexa2
|j| rexa2
|l| gilbongoobs
