|j|☆KurisuChestnutOU
|j|☆Animal Stylez
|t:|1781123128
|gametype|singles
|player|p1|KurisuChestnutOU|may-contest|1526
|player|p2|Animal Stylez|darach-caitlin|1551
|gen|9
|tier|[Gen 9] OU
|rated|
|rule|HP Percentage Mod: HP is shown in percentages
|rule|Endless Battle Clause: Forcing endless battles is banned
|rule|Species Clause: Limit one of each Pokémon
|rule|OHKO Clause: OHKO moves are banned
|rule|Evasion Items Clause: Evasion items are banned
|rule|Evasion Moves Clause: Evasion moves are banned
|rule|Evasion Abilities Clause: Evasion abilities are banned
|rule|Sleep Moves Clause: Sleep-inducing moves are banned
|clearpoke
|poke|p1|Ting-Lu|
|poke|p1|Corviknight, M|
|poke|p1|Clodsire, F|
|poke|p1|Moltres|
|poke|p1|Dragapult, F|
|poke|p1|Garganacl, M|
|poke|p2|Ninetales, M|
|poke|p2|Blaziken, M|
|poke|p2|Walking Wake|
|poke|p2|Whimsicott, M|
|poke|p2|Great Tusk|
|poke|p2|Iron Moth|
|teampreview
|inactive|Battle timer is ON: inactive players will automatically lose when time's up. (requested by KurisuChestnutOU)
|
|t:|1781123141
|teamsize|p1|6
|teamsize|p2|6
|start
|switch|p1a: Ting-Lu|Ting-Lu|100/100
|switch|p2a: Dubya|Walking Wake|100/100
|-ability|p1a: Ting-Lu|Vessel of Ruin
|turn|1
|
|t:|1781123145
|move|p2a: Dubya|Knock Off|p1a: Ting-Lu
|-resisted|p1a: Ting-Lu
|-damage|p1a: Ting-Lu|96/100
|-enditem|p1a: Ting-Lu|Leftovers|[from] move: Knock Off|[of] p2a: Dubya
|move|p1a: Ting-Lu|Ruination|p2a: Dubya
|-damage|p2a: Dubya|51/100
|
|upkeep
|turn|2
|
|t:|1781123151
|move|p2a: Dubya|Hydro Steam|p1a: Ting-Lu
|-supereffective|p1a: Ting-Lu
|-damage|p1a: Ting-Lu|62/100
|move|p1a: Ting-Lu|Ruination|p2a: Dubya
|-damage|p2a: Dubya|26/100
|
|upkeep
|turn|3
|
|t:|1781123156
|move|p2a: Dubya|Flip Turn|p1a: Ting-Lu
|-supereffective|p1a: Ting-Lu
|-damage|p1a: Ting-Lu|43/100
|
|t:|1781123161
|-end|p2a: Dubya|Protosynthesis|[silent]
|switch|p2a: Address Me|Great Tusk|100/100|[from] Flip Turn
|move|p1a: Ting-Lu|Stealth Rock|p2a: Address Me
|-sidestart|p2: Animal Stylez|move: Stealth Rock
|
|upkeep
|turn|4
|
|t:|1781123175
|move|p2a: Address Me|Ice Spinner|p1a: Ting-Lu
|-supereffective|p1a: Ting-Lu
|-damage|p1a: Ting-Lu|16/100
|move|p1a: Ting-Lu|Ruination|p2a: Address Me
|-damage|p2a: Address Me|50/100
|
|upkeep
|turn|5
|
|t:|1781123186
|switch|p1a: Corviknight|Corviknight, M|100/100
|-ability|p1a: Corviknight|Pressure
|move|p2a: Address Me|Rapid Spin|p1a: Corviknight
|-resisted|p1a: Corviknight
|-damage|p1a: Corviknight|96/100
|-boost|p2a: Address Me|spe|1
|-sideend|p2: Animal Stylez|Stealth Rock|[from] move: Rapid Spin|[of] p2a: Address Me
|
|-heal|p1a: Corviknight|100/100|[from] item: Leftovers
|upkeep
|turn|6
|
|t:|1781123201
|-end|p2a: Address Me|Protosynthesis|[silent]
|switch|p2a: borutodad|Ninetales, M|100/100
|-weather|SunnyDay|[from] ability: Drought|[of] p2a: borutodad
|move|p1a: Corviknight|Brave Bird|p2a: borutodad
|-damage|p2a: borutodad|43/100
|-damage|p1a: Corviknight|87/100|[from] Recoil
|
|-weather|SunnyDay|[upkeep]
|-heal|p1a: Corviknight|93/100|[from] item: Leftovers
|upkeep
|turn|7
|
|t:|1781123209
|-terastallize|p1a: Corviknight|Dragon
|move|p2a: borutodad|Overheat|p1a: Corviknight
|-resisted|p1a: Corviknight
|-damage|p1a: Corviknight|62/100
|-unboost|p2a: borutodad|spa|2
|move|p1a: Corviknight|Brave Bird|p2a: borutodad
|-damage|p2a: borutodad|0 fnt
|faint|p2a: borutodad
|-damage|p1a: Corviknight|52/100|[from] Recoil
|
|-weather|SunnyDay|[upkeep]
|-heal|p1a: Corviknight|58/100|[from] item: Leftovers
|upkeep
|
|t:|1781123221
|switch|p2a: Kokushibo|Iron Moth|100/100
|-enditem|p2a: Kokushibo|Booster Energy
|-activate|p2a: Kokushibo|ability: Quark Drive|[fromitem]
|-start|p2a: Kokushibo|quarkdrivespe
|turn|8
|
|t:|1781123224
|move|p2a: Kokushibo|Fiery Dance|p1a: Corviknight
|-resisted|p1a: Corviknight
|-damage|p1a: Corviknight|33/100
|-boost|p2a: Kokushibo|spa|1
|move|p1a: Corviknight|Roost|p1a: Corviknight
|-heal|p1a: Corviknight|83/100
|
|-weather|SunnyDay|[upkeep]
|-heal|p1a: Corviknight|89/100|[from] item: Leftovers
|upkeep
|turn|9
|
|t:|1781123232
|switch|p1a: Clodsire|Clodsire, F|100/100
|move|p2a: Kokushibo|Fiery Dance|p1a: Clodsire
|-damage|p1a: Clodsire|65/100
|-boost|p2a: Kokushibo|spa|1
|
|-weather|SunnyDay|[upkeep]
|-heal|p1a: Clodsire|72/100|[from] item: Leftovers
|upkeep
|turn|10
|
|t:|1781123235
|move|p2a: Kokushibo|Solar Beam||[still]
|-prepare|p2a: Kokushibo|Solar Beam
|-anim|p2a: Kokushibo|Solar Beam|p1a: Clodsire
|-damage|p1a: Clodsire|50/100
|move|p1a: Clodsire|Recover|p1a: Clodsire
|-heal|p1a: Clodsire|99/100
|
|-weather|SunnyDay|[upkeep]
|-heal|p1a: Clodsire|100/100|[from] item: Leftovers
|upkeep
|turn|11
|
|t:|1781123254
|move|p2a: Kokushibo|Fiery Dance|p1a: Clodsire
|-damage|p1a: Clodsire|70/100
|move|p1a: Clodsire|Earthquake|p2a: Kokushibo
|-supereffective|p2a: Kokushibo
|-crit|p2a: Kokushibo
|-damage|p2a: Kokushibo|0 fnt
|faint|p2a: Kokushibo
|-end|p2a: Kokushibo|Quark Drive|[silent]
|
|-weather|SunnyDay|[upkeep]
|-heal|p1a: Clodsire|76/100|[from] item: Leftovers
|upkeep
|
|t:|1781123258
|switch|p2a: Address Me|Great Tusk|50/100
|-activate|p2a: Address Me|ability: Protosynthesis
|-start|p2a: Address Me|protosynthesisspe
|turn|12
|
|t:|1781123262
|-end|p2a: Address Me|Protosynthesis|[silent]
|switch|p2a: kenshiro|Blaziken, M|100/100
|switch|p1a: Moltres|Moltres|100/100
|
|-weather|SunnyDay|[upkeep]
|upkeep
|turn|13
|
|t:|1781123266
|move|p2a: kenshiro|Swords Dance|p2a: kenshiro
|-boost|p2a: kenshiro|atk|2
|move|p1a: Moltres|Hurricane|p2a: kenshiro
|-supereffective|p2a: kenshiro
|-damage|p2a: kenshiro|0 fnt
|faint|p2a: kenshiro
|
|-weather|none
|upkeep
|-message|Animal Stylez forfeited.
|
|win|KurisuChestnutOU
|raw|KurisuChestnutOU's rating: 1526 &rarr; <strong>1547</strong><br />(+21 for winning)
|raw|Animal Stylez's rating: 1551 &rarr; <strong>1530</strong><br />(-21 for losing)
|l|☆Animal Stylez
|player|p2|
