|badge|p1|bronze|gen9randombattle|100-9
|badge|p1|bronze|gen9ubers|100-9
|uhtml|medal-msg|<div class="broadcast-blue">Curious what those medals under the avatar are? PS now has Ladder Seasons! For more information, check out the <a href="https://www.smogon.com/forums/threads/3740067/">thread on Smogon.</a></div>
|j|☆oddishlover4
|j|☆Juchzer
|t:|1781008644
|gametype|singles
|player|p1|oddishlover4|acetrainerf|1633
|player|p2|Juchzer|1|1690
|gen|9
|tier|[Gen 9] OU
|rated|
|rule|HP Percentage Mod: HP is shown in percentages
|rule|Endless Battle Clause: Forcing endless battles is banned
|rule|Species Clause: Limit one of each Pokémon
|rule|OHKO Clause: OHKO moves are banned
|rule|Evasion Items Clause: Evasion items are banned
|rule|Evasion Moves Clause: Evasion moves are banned
|rule|Evasion Abilities Clause: Evasion abilities are banned
|rule|Sleep Moves Clause: Sleep-inducing moves are banned
|clearpoke
|poke|p1|Kyurem|
|poke|p1|Hatterene, F|
|poke|p1|Darkrai|
|poke|p1|Great Tusk|
|poke|p1|Dragonite, F|
|poke|p1|Gholdengo|
|poke|p2|Hoopa-Unbound|
|poke|p2|Ceruledge, M|
|poke|p2|Great Tusk|
|poke|p2|Scizor, F|
|poke|p2|Primarina, F|
|poke|p2|Landorus-Therian, M|
|teampreview
|c|☆oddishlover4|gl/hf!
|
|t:|1781008664
|teamsize|p1|6
|teamsize|p2|6
|start
|switch|p1a: Kyurem|Kyurem|100/100
|switch|p2a: Scizor|Scizor, F|100/100
|-ability|p1a: Kyurem|Pressure
|turn|1
|inactive|Battle timer is ON: inactive players will automatically lose when time's up. (requested by oddishlover4)
|
|t:|1781008683
|move|p1a: Kyurem|Earth Power|p2a: Scizor
|-damage|p2a: Scizor|62/100
|move|p2a: Scizor|Swords Dance|p2a: Scizor
|-boost|p2a: Scizor|atk|2
|
|-heal|p2a: Scizor|68/100|[from] item: Leftovers
|upkeep
|turn|2
|
|t:|1781008702
|switch|p1a: Dragonite|Dragonite, F|100/100
|move|p2a: Scizor|Bullet Punch|p1a: Dragonite
|-damage|p1a: Dragonite|66/100
|
|-heal|p2a: Scizor|74/100|[from] item: Leftovers
|upkeep
|turn|3
|j| just-jaype
|
|t:|1781008721
|-terastallize|p1a: Dragonite|Fire
|move|p2a: Scizor|Bullet Punch|p1a: Dragonite
|-resisted|p1a: Dragonite
|-crit|p1a: Dragonite
|-damage|p1a: Dragonite|20/100
|move|p1a: Dragonite|Roost|p1a: Dragonite
|-heal|p1a: Dragonite|71/100
|
|-heal|p2a: Scizor|80/100|[from] item: Leftovers
|upkeep
|turn|4
|l| just-jaype
|
|t:|1781008739
|-terastallize|p2a: Scizor|Flying
|move|p1a: Dragonite|Roost|p1a: Dragonite
|-heal|p1a: Dragonite|100/100
|move|p2a: Scizor|Dual Wingbeat|p1a: Dragonite
|-damage|p1a: Dragonite|69/100
|-damage|p1a: Dragonite|11/100
|-hitcount|p1a: Dragonite|2
|
|-heal|p2a: Scizor|87/100|[from] item: Leftovers
|upkeep
|turn|5
|
|t:|1781008749
|move|p1a: Dragonite|Extreme Speed|p2a: Scizor
|-damage|p2a: Scizor|60/100
|move|p2a: Scizor|Bullet Punch|p1a: Dragonite
|-resisted|p1a: Dragonite
|-damage|p1a: Dragonite|0 fnt
|faint|p1a: Dragonite
|
|-heal|p2a: Scizor|66/100|[from] item: Leftovers
|upkeep
|
|t:|1781008759
|switch|p1a: Gholdengo|Gholdengo|100/100
|-item|p1a: Gholdengo|Air Balloon
|turn|6
|inactive|Juchzer has 120 seconds left.
|
|t:|1781008800
|switch|p2a: Hoopa|Hoopa-Unbound|100/100
|move|p1a: Gholdengo|Make It Rain|p2a: Hoopa
|-damage|p2a: Hoopa|49/100
|-unboost|p1a: Gholdengo|spa|1
|
|upkeep
|turn|7
|inactive|Juchzer has 90 seconds left.
|j| Agathina
|
|t:|1781008833
|switch|p1a: Great Tusk|Great Tusk|100/100
|move|p2a: Hoopa|Knock Off|p1a: Great Tusk
|-resisted|p1a: Great Tusk
|-damage|p1a: Great Tusk|87/100
|-enditem|p1a: Great Tusk|Leftovers|[from] move: Knock Off|[of] p2a: Hoopa
|
|upkeep
|turn|8
|
|t:|1781008851
|switch|p2a: Landorus|Landorus-Therian, M|100/100
|-ability|p2a: Landorus|Intimidate|boost
|-unboost|p1a: Great Tusk|atk|1
|move|p1a: Great Tusk|Stealth Rock|p2a: Landorus
|-sidestart|p2: Juchzer|move: Stealth Rock
|
|upkeep
|turn|9
|inactive|oddishlover4 has 120 seconds left.
|
|t:|1781008869
|move|p2a: Landorus|Taunt|p1a: Great Tusk
|-start|p1a: Great Tusk|move: Taunt
|move|p1a: Great Tusk|Ice Spinner|p2a: Landorus
|-supereffective|p2a: Landorus
|-damage|p2a: Landorus|43/100
|-damage|p1a: Great Tusk|70/100|[from] item: Rocky Helmet|[of] p2a: Landorus
|
|upkeep
|turn|10
|inactive|oddishlover4 has 120 seconds left.
|
|t:|1781008887
|-end|p1a: Great Tusk|Protosynthesis|[silent]
|switch|p1a: Kyurem|Kyurem|100/100
|-ability|p1a: Kyurem|Pressure
|move|p2a: Landorus|U-turn|p1a: Kyurem
|-damage|p1a: Kyurem|85/100
|
|t:|1781008904
|switch|p2a: Primarina|Primarina, F|100/100|[from] U-turn
|-damage|p2a: Primarina|88/100|[from] Stealth Rock
|
|upkeep
|turn|11
|inactive|oddishlover4 has 120 seconds left.
|
|t:|1781008922
|move|p1a: Kyurem|Freeze-Dry|p2a: Primarina
|-supereffective|p2a: Primarina
|-damage|p2a: Primarina|50/100
|move|p2a: Primarina|Draining Kiss|p1a: Kyurem
|-supereffective|p1a: Kyurem
|-damage|p1a: Kyurem|50/100
|-heal|p2a: Primarina|79/100|[from] drain|[of] p1a: Kyurem
|
|upkeep
|turn|12
|inactive|oddishlover4 has 120 seconds left.
|
|t:|1781008941
|move|p1a: Kyurem|Freeze-Dry|p2a: Primarina
|-supereffective|p2a: Primarina
|-damage|p2a: Primarina|41/100
|move|p2a: Primarina|Draining Kiss|p1a: Kyurem
|-supereffective|p1a: Kyurem
|-damage|p1a: Kyurem|15/100
|-heal|p2a: Primarina|68/100|[from] drain|[of] p1a: Kyurem
|
|upkeep
|turn|13
|
|t:|1781008959
|switch|p2a: Scizor|Scizor, F, tera:Flying|66/100
|-damage|p2a: Scizor|41/100|[from] Stealth Rock
|move|p1a: Kyurem|Freeze-Dry|p2a: Scizor
|-supereffective|p2a: Scizor
|-damage|p2a: Scizor|0 fnt
|faint|p2a: Scizor
|
|upkeep
|
|t:|1781008966
|switch|p2a: Hoopa|Hoopa-Unbound|49/100
|-damage|p2a: Hoopa|36/100|[from] Stealth Rock
|turn|14
|inactive|Juchzer has 90 seconds left.
|
|t:|1781008984
|switch|p1a: Darkrai|Darkrai|100/100
|move|p2a: Hoopa|Knock Off|p1a: Darkrai
|-resisted|p1a: Darkrai
|-damage|p1a: Darkrai|67/100
|-enditem|p1a: Darkrai|Choice Scarf|[from] move: Knock Off|[of] p2a: Hoopa
|
|upkeep
|turn|15
|j| frisou
|inactive|Juchzer has 90 seconds left.
|
|t:|1781009003
|switch|p2a: Landorus|Landorus-Therian, M|43/100
|-damage|p2a: Landorus|31/100|[from] Stealth Rock
|-ability|p2a: Landorus|Intimidate|boost
|-unboost|p1a: Darkrai|atk|1
|switch|p1a: Great Tusk|Great Tusk|70/100
|
|upkeep
|turn|16
|inactive|Juchzer has 90 seconds left.
|
|t:|1781009025
|-end|p1a: Great Tusk|Protosynthesis|[silent]
|switch|p1a: Gholdengo|Gholdengo|100/100
|-item|p1a: Gholdengo|Air Balloon
|move|p2a: Landorus|Stealth Rock|p1a: Gholdengo
|-sidestart|p1: oddishlover4|move: Stealth Rock
|
|upkeep
|turn|17
|
|t:|1781009034
|move|p2a: Landorus|U-turn|p1a: Gholdengo
|-resisted|p1a: Gholdengo
|-damage|p1a: Gholdengo|96/100
|-enditem|p1a: Gholdengo|Air Balloon
|inactive|Juchzer has 90 seconds left.
|
|t:|1781009053
|switch|p2a: Great Tusk|Great Tusk|100/100|[from] U-turn
|-damage|p2a: Great Tusk|98/100|[from] Stealth Rock
|move|p1a: Gholdengo|Hex|p2a: Great Tusk
|-damage|p2a: Great Tusk|54/100
|
|-heal|p2a: Great Tusk|60/100|[from] item: Leftovers
|upkeep
|turn|18
|
|t:|1781009072
|move|p2a: Great Tusk|Headlong Rush|p1a: Gholdengo
|-supereffective|p1a: Gholdengo
|-damage|p1a: Gholdengo|17/100
|-unboost|p2a: Great Tusk|def|1
|-unboost|p2a: Great Tusk|spd|1
|move|p1a: Gholdengo|Make It Rain|p2a: Great Tusk
|-damage|p2a: Great Tusk|0 fnt
|-unboost|p1a: Gholdengo|spa|1
|faint|p2a: Great Tusk
|-end|p2a: Great Tusk|Protosynthesis|[silent]
|
|upkeep
|
|t:|1781009088
|switch|p2a: Ceruledge|Ceruledge, M|100/100
|-damage|p2a: Ceruledge|76/100|[from] Stealth Rock
|turn|19
|
|t:|1781009106
|switch|p1a: Kyurem|Kyurem|15/100
|-damage|p1a: Kyurem|0 fnt|[from] Stealth Rock
|faint|p1a: Kyurem
|move|p2a: Ceruledge|Bitter Blade|p1: Kyurem|[notarget]
|-fail|p2a: Ceruledge
|
|upkeep
|inactive|oddishlover4 has 90 seconds left.
|
|t:|1781009124
|switch|p1a: Great Tusk|Great Tusk|70/100
|-damage|p1a: Great Tusk|67/100|[from] Stealth Rock
|turn|20
|inactive|Juchzer has 90 seconds left.
|inactive|oddishlover4 has 90 seconds left.
|
|t:|1781009142
|move|p2a: Ceruledge|Swords Dance|p2a: Ceruledge
|-boost|p2a: Ceruledge|atk|2
|move|p1a: Great Tusk|Headlong Rush|p2a: Ceruledge
|-supereffective|p2a: Ceruledge
|-crit|p2a: Ceruledge
|-damage|p2a: Ceruledge|0 fnt
|-unboost|p1a: Great Tusk|def|1
|-unboost|p1a: Great Tusk|spd|1
|faint|p2a: Ceruledge
|
|upkeep
|
|t:|1781009164
|switch|p2a: Primarina|Primarina, F|68/100
|-damage|p2a: Primarina|56/100|[from] Stealth Rock
|turn|21
|inactive|oddishlover4 has 90 seconds left.
|
|t:|1781009182
|switch|p2a: Landorus|Landorus-Therian, M|31/100
|-damage|p2a: Landorus|18/100|[from] Stealth Rock
|-ability|p2a: Landorus|Intimidate|boost
|-unboost|p1a: Great Tusk|atk|1
|move|p1a: Great Tusk|Headlong Rush|p2a: Landorus
|-immune|p2a: Landorus
|
|upkeep
|turn|22
|inactive|oddishlover4 has 90 seconds left.
|
|t:|1781009194
|-end|p1a: Great Tusk|Protosynthesis|[silent]
|switch|p1a: Darkrai|Darkrai|67/100
|-damage|p1a: Darkrai|55/100|[from] Stealth Rock
|move|p2a: Landorus|Earthquake|p1a: Darkrai
|-damage|p1a: Darkrai|0 fnt
|faint|p1a: Darkrai
|
|upkeep
|inactive|oddishlover4 has 90 seconds left.
|
|t:|1781009202
|switch|p1a: Great Tusk|Great Tusk|67/100
|-damage|p1a: Great Tusk|64/100|[from] Stealth Rock
|turn|23
|inactive|Juchzer has 90 seconds left.
|
|t:|1781009211
|move|p2a: Landorus|Earthquake|p1a: Great Tusk
|-damage|p1a: Great Tusk|38/100
|move|p1a: Great Tusk|Rapid Spin|p2a: Landorus
|-damage|p2a: Landorus|4/100
|-boost|p1a: Great Tusk|spe|1
|-damage|p1a: Great Tusk|21/100|[from] item: Rocky Helmet|[of] p2a: Landorus
|-sideend|p1: oddishlover4|Stealth Rock|[from] move: Rapid Spin|[of] p1a: Great Tusk
|
|upkeep
|turn|24
|
|t:|1781009218
|move|p1a: Great Tusk|Rapid Spin|p2a: Landorus
|-damage|p2a: Landorus|0 fnt
|-boost|p1a: Great Tusk|spe|1
|-damage|p1a: Great Tusk|4/100|[from] item: Rocky Helmet|[of] p2a: Landorus
|faint|p2a: Landorus
|
|upkeep
|
|t:|1781009227
|switch|p2a: Primarina|Primarina, F|56/100
|-damage|p2a: Primarina|44/100|[from] Stealth Rock
|turn|25
|
|t:|1781009236
|move|p1a: Great Tusk|Headlong Rush|p2a: Primarina
|-damage|p2a: Primarina|0 fnt
|-unboost|p1a: Great Tusk|def|1
|-unboost|p1a: Great Tusk|spd|1
|faint|p2a: Primarina
|
|upkeep
|
|t:|1781009242
|switch|p2a: Hoopa|Hoopa-Unbound|36/100
|-damage|p2a: Hoopa|24/100|[from] Stealth Rock
|turn|26
|
|t:|1781009246
|move|p1a: Great Tusk|Ice Spinner|p2a: Hoopa
|-damage|p2a: Hoopa|0 fnt
|faint|p2a: Hoopa
|
|win|oddishlover4
|raw|oddishlover4's rating: 1633 &rarr; <strong>1656</strong><br />(+23 for winning)
|raw|Juchzer's rating: 1690 &rarr; <strong>1667</strong><br />(-23 for losing)
|c|☆oddishlover4|GG!
|l|☆Juchzer
|player|p2|
|l| frisou
