|j|☆omari p
|j|☆fleep vs floop
|t:|1781377356
|gametype|singles
|player|p1|omari p|pokemonrangerf|1634
|player|p2|fleep vs floop|2|1620
|gen|9
|tier|[Gen 9] OU
|rated|
|rule|HP Percentage Mod: HP is shown in percentages
|rule|Endless Battle Clause: Forcing endless battles is banned
|rule|Species Clause: Limit one of each Pokémon
|rule|OHKO Clause: OHKO moves are banned
|rule|Evasion Items Clause: Evasion items are banned
|rule|Evasion Moves Clause: Evasion moves are banned
|rule|Evasion Abilities Clause: Evasion abilities are banned
|rule|Sleep Moves Clause: Sleep-inducing moves are banned
|clearpoke
|poke|p1|Klefki, M|
|poke|p1|Keldeo-Resolute|
|poke|p1|Garchomp, F|
|poke|p1|Landorus-Therian, M|
|poke|p1|Iron Valiant|
|poke|p1|Coalossal, F|
|poke|p2|Slowking-Galar, F|
|poke|p2|Chesnaught, F|
|poke|p2|Kyurem|
|poke|p2|Samurott-Hisui, M|
|poke|p2|Zapdos|
|poke|p2|Iron Treads|
|teampreview
|inactive|Battle timer is ON: inactive players will automatically lose when time's up. (requested by fleep vs floop)
|inactive|omari p has 120 seconds left.
|
|t:|1781377391
|teamsize|p1|6
|teamsize|p2|6
|start
|switch|p1a: Garchomp|Garchomp, F|100/100
|switch|p2a: Iron Treads|Iron Treads|100/100
|turn|1
|
|t:|1781377395
|-end|p2a: Iron Treads|Quark Drive|[silent]
|switch|p2a: Chesnaught|Chesnaught, F|100/100
|move|p1a: Garchomp|Earthquake|p2a: Chesnaught
|-resisted|p2a: Chesnaught
|-damage|p2a: Chesnaught|89/100
|
|upkeep
|turn|2
|
|t:|1781377397
|move|p1a: Garchomp|Stealth Rock|p2a: Chesnaught
|-sidestart|p2: fleep vs floop|move: Stealth Rock
|move|p2a: Chesnaught|Leech Seed|p1a: Garchomp|[miss]
|-miss|p2a: Chesnaught|p1a: Garchomp
|
|upkeep
|turn|3
|
|t:|1781377403
|switch|p1a: Coalossal|Coalossal, F|100/100
|-item|p1a: Coalossal|Air Balloon
|move|p2a: Chesnaught|Leech Seed|p1a: Coalossal
|-start|p1a: Coalossal|move: Leech Seed
|
|-damage|p1a: Coalossal|88/100|[from] Leech Seed|[of] p2a: Chesnaught
|-heal|p2a: Chesnaught|100/100|[silent]
|upkeep
|turn|4
|
|t:|1781377409
|switch|p2a: Zapdos|Zapdos|100/100
|move|p1a: Coalossal|Tar Shot|p2a: Zapdos
|-unboost|p2a: Zapdos|spe|1
|-start|p2a: Zapdos|Tar Shot
|
|-damage|p1a: Coalossal|76/100|[from] Leech Seed|[of] p2a: Zapdos
|upkeep
|turn|5
|
|t:|1781377418
|switch|p2a: Samurott|Samurott-Hisui, M|100/100
|move|p1a: Coalossal|Heat Crash|p2a: Samurott
|-resisted|p2a: Samurott
|-damage|p2a: Samurott|79/100
|
|-damage|p1a: Coalossal|64/100|[from] Leech Seed|[of] p2a: Samurott
|-heal|p2a: Samurott|95/100|[silent]
|upkeep
|turn|6
|
|t:|1781377422
|switch|p1a: Garchomp|Garchomp, F|100/100
|move|p2a: Samurott|Ceaseless Edge|p1a: Garchomp
|-damage|p1a: Garchomp|68/100
|-damage|p2a: Samurott|83/100|[from] ability: Rough Skin|[of] p1a: Garchomp
|-damage|p2a: Samurott|66/100|[from] item: Rocky Helmet|[of] p1a: Garchomp
|-sidestart|p1: omari p|Spikes
|
|upkeep
|turn|7
|
|t:|1781377429
|switch|p2a: Chesnaught|Chesnaught, F|100/100
|-damage|p2a: Chesnaught|94/100|[from] Stealth Rock
|switch|p1a: Klefki|Klefki, M|100/100
|-damage|p1a: Klefki|88/100|[from] Spikes
|
|-heal|p1a: Klefki|94/100|[from] item: Leftovers
|upkeep
|turn|8
|
|t:|1781377432
|move|p1a: Klefki|Spikes|p2a: Chesnaught
|-sidestart|p2: fleep vs floop|Spikes
|move|p2a: Chesnaught|Leech Seed|p1a: Klefki
|-start|p1a: Klefki|move: Leech Seed
|
|-heal|p1a: Klefki|99/100|[from] item: Leftovers
|-damage|p1a: Klefki|88/100|[from] Leech Seed|[of] p2a: Chesnaught
|-heal|p2a: Chesnaught|100/100|[silent]
|upkeep
|turn|9
|
|t:|1781377438
|switch|p2a: Samurott|Samurott-Hisui, M|66/100
|move|p1a: Klefki|Magic Room|p1a: Klefki
|-fieldstart|move: Magic Room|[of] p1a: Klefki
|
|-damage|p1a: Klefki|76/100|[from] Leech Seed|[of] p2a: Samurott
|-heal|p2a: Samurott|78/100|[silent]
|upkeep
|turn|10
|
|t:|1781377442
|switch|p1a: Garchomp|Garchomp, F|68/100
|-damage|p1a: Garchomp|56/100|[from] Spikes
|move|p2a: Samurott|Ceaseless Edge|p1a: Garchomp
|-damage|p1a: Garchomp|26/100
|-damage|p2a: Samurott|66/100|[from] ability: Rough Skin|[of] p1a: Garchomp
|-sidestart|p1: omari p|Spikes
|
|upkeep
|turn|11
|
|t:|1781377445
|move|p2a: Samurott|Ceaseless Edge|p1a: Garchomp
|-damage|p1a: Garchomp|0 fnt
|-damage|p2a: Samurott|53/100|[from] ability: Rough Skin|[of] p1a: Garchomp
|-sidestart|p1: omari p|Spikes
|faint|p1a: Garchomp
|
|upkeep
|
|t:|1781377447
|switch|p1a: Landorus|Landorus-Therian, M|100/100
|-ability|p1a: Landorus|Intimidate|boost
|-unboost|p2a: Samurott|atk|1
|turn|12
|
|t:|1781377449
|switch|p2a: Zapdos|Zapdos|100/100
|-damage|p2a: Zapdos|76/100|[from] Stealth Rock
|move|p1a: Landorus|Swords Dance|p1a: Landorus
|-boost|p1a: Landorus|atk|2
|
|upkeep
|turn|13
|
|t:|1781377453
|switch|p2a: Chesnaught|Chesnaught, F|100/100
|-damage|p2a: Chesnaught|94/100|[from] Stealth Rock
|-damage|p2a: Chesnaught|82/100|[from] Spikes
|move|p1a: Landorus|Stone Edge|p2a: Chesnaught
|-resisted|p2a: Chesnaught
|-damage|p2a: Chesnaught|60/100
|
|-fieldend|move: Magic Room|[of] p1: Klefki
|upkeep
|turn|14
|
|t:|1781377459
|move|p1a: Landorus|U-turn|p2a: Chesnaught
|-damage|p2a: Chesnaught|33/100
|-damage|p1a: Landorus|84/100|[from] item: Rocky Helmet|[of] p2a: Chesnaught
|
|t:|1781377461
|switch|p1a: Klefki|Klefki, M|76/100|[from] U-turn
|-damage|p1a: Klefki|51/100|[from] Spikes
|move|p2a: Chesnaught|Leech Seed|p1a: Klefki
|-start|p1a: Klefki|move: Leech Seed
|
|-heal|p1a: Klefki|57/100|[from] item: Leftovers
|-damage|p1a: Klefki|44/100|[from] Leech Seed|[of] p2a: Chesnaught
|-heal|p2a: Chesnaught|43/100|[silent]
|upkeep
|turn|15
|
|t:|1781377466
|move|p1a: Klefki|Magic Room|p1a: Klefki
|-fieldstart|move: Magic Room|[of] p1a: Klefki
|move|p2a: Chesnaught|Synthesis|p2a: Chesnaught
|-heal|p2a: Chesnaught|93/100
|
|-damage|p1a: Klefki|32/100|[from] Leech Seed|[of] p2a: Chesnaught
|-heal|p2a: Chesnaught|100/100|[silent]
|upkeep
|turn|16
|
|t:|1781377468
|move|p1a: Klefki|Thunder Wave|p2a: Chesnaught
|-status|p2a: Chesnaught|par
|move|p2a: Chesnaught|Leech Seed||[still]
|-fail|p2a: Chesnaught
|
|-damage|p1a: Klefki|20/100|[from] Leech Seed|[of] p2a: Chesnaught
|upkeep
|turn|17
|
|t:|1781377471
|switch|p1a: Landorus|Landorus-Therian, M|84/100
|-ability|p1a: Landorus|Intimidate|boost
|-unboost|p2a: Chesnaught|atk|1
|switch|p2a: Iron Treads|Iron Treads|100/100
|-damage|p2a: Iron Treads|97/100|[from] Stealth Rock
|-damage|p2a: Iron Treads|85/100|[from] Spikes
|
|upkeep
|turn|18
|
|t:|1781377474
|move|p2a: Iron Treads|Rapid Spin|p1a: Landorus
|-damage|p1a: Landorus|65/100
|-boost|p2a: Iron Treads|spe|1
|-sideend|p2: fleep vs floop|Spikes|[from] move: Rapid Spin|[of] p2a: Iron Treads
|-sideend|p2: fleep vs floop|Stealth Rock|[from] move: Rapid Spin|[of] p2a: Iron Treads
|move|p1a: Landorus|Earthquake|p2a: Iron Treads
|-supereffective|p2a: Iron Treads
|-damage|p2a: Iron Treads|0 fnt
|faint|p2a: Iron Treads
|-end|p2a: Iron Treads|Quark Drive|[silent]
|
|upkeep
|
|t:|1781377476
|switch|p2a: Kyurem|Kyurem|100/100
|-ability|p2a: Kyurem|Pressure
|turn|19
|
|t:|1781377485
|move|p2a: Kyurem|Freeze-Dry|p1a: Landorus
|-supereffective|p1a: Landorus
|-damage|p1a: Landorus|0 fnt
|faint|p1a: Landorus
|
|-fieldend|move: Magic Room|[of] p1: Klefki
|upkeep
|
|t:|1781377489
|switch|p1a: Iron Valiant|Iron Valiant|100/100
|-damage|p1a: Iron Valiant|76/100|[from] Spikes
|-enditem|p1a: Iron Valiant|Booster Energy
|-activate|p1a: Iron Valiant|ability: Quark Drive|[fromitem]
|-start|p1a: Iron Valiant|quarkdrivespe
|turn|20
|
|t:|1781377496
|move|p1a: Iron Valiant|Knock Off|p2a: Kyurem
|-damage|p2a: Kyurem|76/100
|-enditem|p2a: Kyurem|Heavy-Duty Boots|[from] move: Knock Off|[of] p1a: Iron Valiant
|move|p2a: Kyurem|Ice Beam|p1a: Iron Valiant
|-damage|p1a: Iron Valiant|0 fnt
|faint|p1a: Iron Valiant
|-end|p1a: Iron Valiant|Quark Drive|[silent]
|
|upkeep
|-message|omari p forfeited.
|
|win|fleep vs floop
|raw|omari p's rating: 1634 &rarr; <strong>1613</strong><br />(-21 for losing)
|raw|fleep vs floop's rating: 1620 &rarr; <strong>1641</strong><br />(+21 for winning)
|l|☆omari p
|player|p1|
|l|☆fleep vs floop
|player|p2|
