|j|☆youngfootsoldier
|j|☆CassiusAuBellossom
|t:|1781531812
|gametype|singles
|player|p1|youngfootsoldier|cyrus|1529
|player|p2|CassiusAuBellossom|102|1501
|gen|9
|tier|[Gen 9] OU
|rated|
|rule|HP Percentage Mod: HP is shown in percentages
|rule|Endless Battle Clause: Forcing endless battles is banned
|rule|Species Clause: Limit one of each Pokémon
|rule|OHKO Clause: OHKO moves are banned
|rule|Evasion Items Clause: Evasion items are banned
|rule|Evasion Moves Clause: Evasion moves are banned
|rule|Evasion Abilities Clause: Evasion abilities are banned
|rule|Sleep Moves Clause: Sleep-inducing moves are banned
|clearpoke
|poke|p1|Pelipper, F|
|poke|p1|Barraskewda, M|
|poke|p1|Raging Bolt|
|poke|p1|Ogerpon-Wellspring, F|
|poke|p1|Hatterene, F|
|poke|p1|Iron Treads|
|poke|p2|Pelipper, F|
|poke|p2|Beartic, F|
|poke|p2|Barraskewda, M|
|poke|p2|Zapdos|
|poke|p2|Ogerpon-Wellspring, F|
|poke|p2|Hatterene, F|
|teampreview
|inactive|Battle timer is ON: inactive players will automatically lose when time's up. (requested by youngfootsoldier)
|
|t:|1781531826
|teamsize|p1|6
|teamsize|p2|6
|start
|switch|p1a: Iron Treads|Iron Treads|100/100
|switch|p2a: Armin|Pelipper, F|100/100
|-weather|RainDance|[from] ability: Drizzle|[of] p2a: Armin
|-enditem|p1a: Iron Treads|Booster Energy
|-activate|p1a: Iron Treads|ability: Quark Drive|[fromitem]
|-start|p1a: Iron Treads|quarkdrivespe
|turn|1
|
|t:|1781531835
|switch|p2a: Annie|Hatterene, F|100/100
|move|p1a: Iron Treads|Knock Off|p2a: Annie
|-damage|p2a: Annie|82/100
|-enditem|p2a: Annie|Eject Button|[from] move: Knock Off|[of] p1a: Iron Treads
|
|-weather|RainDance|[upkeep]
|upkeep
|turn|2
|
|t:|1781531844
|switch|p2a: Levi|Barraskewda, M|100/100
|move|p1a: Iron Treads|Steel Beam|p2a: Levi
|-resisted|p2a: Levi
|-damage|p2a: Levi|57/100
|-damage|p1a: Iron Treads|50/100|[from] steelbeam
|
|-weather|RainDance|[upkeep]
|upkeep
|turn|3
|
|t:|1781531854
|move|p2a: Levi|Close Combat|p1a: Iron Treads
|-supereffective|p1a: Iron Treads
|-damage|p1a: Iron Treads|0 fnt
|-unboost|p2a: Levi|def|1
|-unboost|p2a: Levi|spd|1
|faint|p1a: Iron Treads
|-end|p1a: Iron Treads|Quark Drive|[silent]
|
|-weather|RainDance|[upkeep]
|upkeep
|
|t:|1781531859
|switch|p1a: raging neck|Raging Bolt|100/100
|-enditem|p1a: raging neck|Booster Energy
|-activate|p1a: raging neck|ability: Protosynthesis|[fromitem]
|-start|p1a: raging neck|protosynthesisspa
|turn|4
|l|☆youngfootsoldier
|inactive|youngfootsoldier disconnected and has a minute to reconnect!
|player|p1|
|j|☆youngfootsoldier
|inactive|youngfootsoldier reconnected and has 135 seconds left.
|player|p1|youngfootsoldier|cyrus|
|inactive|CassiusAuBellossom has 120 seconds left.
|
|t:|1781531893
|switch|p2a: Mikasa|Ogerpon-Wellspring, F|100/100
|move|p1a: raging neck|Thunder|p2a: Mikasa
|-damage|p2a: Mikasa|1/100
|
|-weather|RainDance|[upkeep]
|upkeep
|turn|5
|inactive|CassiusAuBellossom has 120 seconds left.
|
|t:|1781531905
|move|p1a: raging neck|Thunderclap||[still]
|-fail|p1a: raging neck
|move|p2a: Mikasa|Encore|p1a: raging neck
|-start|p1a: raging neck|Encore
|
|-weather|RainDance|[upkeep]
|upkeep
|turn|6
|
|t:|1781531912
|switch|p2a: Eren|Beartic, F|100/100
|-end|p1a: raging neck|Protosynthesis|[silent]
|switch|p1a: slim thick|Hatterene, F|100/100
|
|-weather|RainDance|[upkeep]
|upkeep
|turn|7
|
|t:|1781531924
|switch|p2a: Zeke|Zapdos|100/100
|move|p1a: slim thick|Future Sight|p2a: Zeke
|-start|p1a: slim thick|move: Future Sight
|
|-weather|RainDance|[upkeep]
|upkeep
|turn|8
|
|t:|1781531933
|switch|p1a: raging neck|Raging Bolt|100/100
|move|p2a: Zeke|Hurricane|p1a: raging neck
|-resisted|p1a: raging neck
|-damage|p1a: raging neck|78/100
|
|-weather|none
|upkeep
|turn|9
|
|t:|1781531947
|move|p2a: Zeke|Hurricane|p1a: raging neck
|-resisted|p1a: raging neck
|-damage|p1a: raging neck|56/100
|-start|p1a: raging neck|confusion
|-activate|p1a: raging neck|confusion
|-damage|p1a: raging neck|50/100|[from] confusion
|
|-end|p2a: Zeke|move: Future Sight
|-damage|p2a: Zeke|58/100
|upkeep
|turn|10
|
|t:|1781531961
|move|p2a: Zeke|Hurricane|p1a: raging neck
|-resisted|p1a: raging neck
|-damage|p1a: raging neck|27/100
|-activate|p1a: raging neck|confusion
|move|p1a: raging neck|Thunder|p2a: Zeke
|-damage|p2a: Zeke|11/100
|
|upkeep
|turn|11
|
|t:|1781531975
|-end|p1a: raging neck|Protosynthesis|[silent]
|switch|p1a: slim thick|Hatterene, F|100/100
|move|p2a: Zeke|Hurricane|p1a: slim thick
|-damage|p1a: slim thick|38/100
|-start|p1a: slim thick|confusion
|-enditem|p1a: slim thick|Eject Button
|
|t:|1781531981
|switch|p1a: been flushin shi|Ogerpon-Wellspring, F|100/100
|
|upkeep
|turn|12
|
|t:|1781531992
|move|p1a: been flushin shi|Power Whip|p2a: Zeke
|-resisted|p2a: Zeke
|-damage|p2a: Zeke|0 fnt
|faint|p2a: Zeke
|
|upkeep
|
|t:|1781532000
|switch|p2a: Armin|Pelipper, F|100/100
|-weather|RainDance|[from] ability: Drizzle|[of] p2a: Armin
|turn|13
|
|t:|1781532004
|switch|p1a: sit on it|Pelipper, F|100/100
|move|p2a: Armin|U-turn|p1a: sit on it
|-resisted|p1a: sit on it
|-damage|p1a: sit on it|97/100
|
|t:|1781532012
|switch|p2a: Mikasa|Ogerpon-Wellspring, F|1/100|[from] U-turn
|
|-weather|RainDance|[upkeep]
|upkeep
|turn|14
|
|t:|1781532018
|move|p2a: Mikasa|Power Whip|p1a: sit on it
|-damage|p1a: sit on it|44/100
|move|p1a: sit on it|Hurricane|p2a: Mikasa
|-supereffective|p2a: Mikasa
|-crit|p2a: Mikasa
|-damage|p2a: Mikasa|0 fnt
|faint|p2a: Mikasa
|
|-weather|RainDance|[upkeep]
|upkeep
|
|t:|1781532028
|switch|p2a: Eren|Beartic, F|100/100
|turn|15
|
|t:|1781532031
|move|p2a: Eren|Icicle Spear|p1a: sit on it
|-damage|p1a: sit on it|32/100
|-damage|p1a: sit on it|21/100
|-damage|p1a: sit on it|9/100
|-damage|p1a: sit on it|0 fnt
|faint|p1a: sit on it
|-hitcount|p1: sit on it|4
|
|-weather|RainDance|[upkeep]
|upkeep
|
|t:|1781532043
|switch|p1a: long dih style|Barraskewda, M|100/100
|turn|16
|
|t:|1781532052
|-terastallize|p2a: Eren|Grass
|move|p1a: long dih style|Flip Turn|p2a: Eren
|-resisted|p2a: Eren
|-damage|p2a: Eren|58/100
|
|t:|1781532063
|switch|p1a: slim thick|Hatterene, F|38/100|[from] Flip Turn
|move|p2a: Eren|Trailblaze|p1a: slim thick
|-damage|p1a: slim thick|8/100
|-boost|p2a: Eren|spe|1
|
|-weather|RainDance|[upkeep]
|upkeep
|turn|17
|
|t:|1781532073
|move|p2a: Eren|Trailblaze|p1a: slim thick
|-damage|p1a: slim thick|0 fnt
|-boost|p2a: Eren|spe|1
|faint|p1a: slim thick
|
|-weather|RainDance|[upkeep]
|upkeep
|
|t:|1781532075
|switch|p1a: long dih style|Barraskewda, M|100/100
|turn|18
|
|t:|1781532082
|-terastallize|p1a: long dih style|Water
|move|p2a: Eren|Trailblaze|p1a: long dih style
|-supereffective|p1a: long dih style
|-crit|p1a: long dih style
|-damage|p1a: long dih style|0 fnt
|-boost|p2a: Eren|spe|1
|faint|p1a: long dih style
|
|-weather|RainDance|[upkeep]
|upkeep
|-message|youngfootsoldier forfeited.
|
|win|CassiusAuBellossom
|raw|youngfootsoldier's rating: 1529 &rarr; <strong>1507</strong><br />(-22 for losing)
|raw|CassiusAuBellossom's rating: 1501 &rarr; <strong>1523</strong><br />(+22 for winning)
|l|☆youngfootsoldier
|player|p1|
|l|☆CassiusAuBellossom
|player|p2|
