|j|☆bigballs01
|j|☆myree
|t:|1781471357
|gametype|singles
|player|p1|bigballs01|swimmer-gen4dp|1622
|player|p2|myree|benga|1603
|gen|9
|tier|[Gen 9] OU
|rated|
|rule|HP Percentage Mod: HP is shown in percentages
|rule|Endless Battle Clause: Forcing endless battles is banned
|rule|Species Clause: Limit one of each Pokémon
|rule|OHKO Clause: OHKO moves are banned
|rule|Evasion Items Clause: Evasion items are banned
|rule|Evasion Moves Clause: Evasion moves are banned
|rule|Evasion Abilities Clause: Evasion abilities are banned
|rule|Sleep Moves Clause: Sleep-inducing moves are banned
|clearpoke
|poke|p1|Hatterene, F|
|poke|p1|Great Tusk|
|poke|p1|Tornadus-Therian, M|
|poke|p1|Kyurem|
|poke|p1|Slowking-Galar, M|
|poke|p1|Kingambit, M|
|poke|p2|Tinkaton, F|
|poke|p2|Gholdengo|
|poke|p2|Wo-Chien|
|poke|p2|Slither Wing|
|poke|p2|Okidogi, M|
|poke|p2|Iron Leaves|
|teampreview
|inactive|Battle timer is ON: inactive players will automatically lose when time's up. (requested by bigballs01)
|
|t:|1781471376
|teamsize|p1|6
|teamsize|p2|6
|start
|switch|p1a: Tornadus|Tornadus-Therian, M|100/100
|switch|p2a: ms. giving|Tinkaton, F|100/100
|-item|p2a: ms. giving|Air Balloon
|turn|1
|
|t:|1781471381
|move|p1a: Tornadus|Heat Wave|p2a: ms. giving
|-supereffective|p2a: ms. giving
|-damage|p2a: ms. giving|57/100
|-enditem|p2a: ms. giving|Air Balloon
|move|p2a: ms. giving|Gigaton Hammer|p1a: Tornadus
|-damage|p1a: Tornadus|43/100
|
|upkeep
|turn|2
|
|t:|1781471388
|move|p1a: Tornadus|Heat Wave|p2a: ms. giving
|-supereffective|p2a: ms. giving
|-damage|p2a: ms. giving|12/100
|move|p2a: ms. giving|Thunder Wave|p1a: Tornadus
|-status|p1a: Tornadus|par
|
|upkeep
|turn|3
|
|t:|1781471399
|switch|p1a: Great Tusk|Great Tusk|100/100
|move|p2a: ms. giving|Gigaton Hammer|p1a: Great Tusk
|-damage|p1a: Great Tusk|66/100
|
|upkeep
|turn|4
|
|t:|1781471408
|switch|p2a: MF ghoolm|Gholdengo|100/100
|-item|p2a: MF ghoolm|Air Balloon
|move|p1a: Great Tusk|Ice Spinner|p2a: MF ghoolm
|-resisted|p2a: MF ghoolm
|-damage|p2a: MF ghoolm|87/100
|-enditem|p2a: MF ghoolm|Air Balloon
|
|upkeep
|turn|5
|
|t:|1781471416
|switch|p2a: Iron Leaves|Iron Leaves|100/100
|move|p1a: Great Tusk|Headlong Rush|p2a: Iron Leaves
|-resisted|p2a: Iron Leaves
|-damage|p2a: Iron Leaves|66/100
|-unboost|p1a: Great Tusk|def|1
|-unboost|p1a: Great Tusk|spd|1
|
|upkeep
|turn|6
|j| LOTRsucks
|
|t:|1781471421
|-end|p1a: Great Tusk|Protosynthesis|[silent]
|switch|p1a: Slowking|Slowking-Galar, M|100/100
|move|p2a: Iron Leaves|Psyblade|p1a: Slowking
|-damage|p1a: Slowking|72/100
|
|-heal|p1a: Slowking|78/100|[from] item: Black Sludge
|upkeep
|turn|7
|
|t:|1781471437
|-end|p2a: Iron Leaves|Quark Drive|[silent]
|switch|p2a: MF ghoolm|Gholdengo|87/100
|-prepare|p1a: Slowking|Chilly Reception|[premajor]
|move|p1a: Slowking|Chilly Reception|p1a: Slowking
|-weather|Snowscape
|
|t:|1781471441
|switch|p1a: Great Tusk|Great Tusk|66/100|[from] Chilly Reception
|
|-weather|Snowscape|[upkeep]
|upkeep
|turn|8
|
|t:|1781471446
|switch|p2a: st. jay g. saturn|Slither Wing|100/100
|move|p1a: Great Tusk|Headlong Rush|p2a: st. jay g. saturn
|-resisted|p2a: st. jay g. saturn
|-damage|p2a: st. jay g. saturn|71/100
|-unboost|p1a: Great Tusk|def|1
|-unboost|p1a: Great Tusk|spd|1
|
|-weather|Snowscape|[upkeep]
|upkeep
|turn|9
|
|t:|1781471456
|-end|p1a: Great Tusk|Protosynthesis|[silent]
|switch|p1a: Tornadus|Tornadus-Therian, M|77/100 par
|move|p2a: st. jay g. saturn|Lunge|p1a: Tornadus
|-resisted|p1a: Tornadus
|-damage|p1a: Tornadus|49/100 par
|-unboost|p1a: Tornadus|atk|1
|
|-weather|Snowscape|[upkeep]
|upkeep
|turn|10
|
|t:|1781471463
|-end|p2a: st. jay g. saturn|Protosynthesis|[silent]
|switch|p2a: MF ghoolm|Gholdengo|87/100
|move|p1a: Tornadus|Bleakwind Storm|p2a: MF ghoolm
|-resisted|p2a: MF ghoolm
|-damage|p2a: MF ghoolm|70/100
|
|-weather|Snowscape|[upkeep]
|upkeep
|turn|11
|
|t:|1781471470
|move|p2a: MF ghoolm|Make It Rain|p1a: Tornadus
|-damage|p1a: Tornadus|8/100 par
|-unboost|p2a: MF ghoolm|spa|1
|move|p1a: Tornadus|U-turn|p2a: MF ghoolm
|-resisted|p2a: MF ghoolm
|-damage|p2a: MF ghoolm|68/100
|
|t:|1781471474
|switch|p1a: Great Tusk|Great Tusk|66/100|[from] U-turn
|
|-weather|none
|upkeep
|turn|12
|
|t:|1781471482
|switch|p2a: st. jay g. saturn|Slither Wing|71/100
|move|p1a: Great Tusk|Headlong Rush|p2a: st. jay g. saturn
|-resisted|p2a: st. jay g. saturn
|-damage|p2a: st. jay g. saturn|37/100
|-unboost|p1a: Great Tusk|def|1
|-unboost|p1a: Great Tusk|spd|1
|
|upkeep
|turn|13
|
|t:|1781471493
|-end|p1a: Great Tusk|Protosynthesis|[silent]
|switch|p1a: Tornadus|Tornadus-Therian, M|42/100 par
|move|p2a: st. jay g. saturn|Flare Blitz|p1a: Tornadus
|-damage|p1a: Tornadus|0 fnt
|faint|p1a: Tornadus
|-damage|p2a: st. jay g. saturn|24/100|[from] Recoil
|
|upkeep
|
|t:|1781471502
|switch|p1a: Kyurem|Kyurem|100/100
|-ability|p1a: Kyurem|Pressure
|turn|14
|
|t:|1781471519
|-end|p2a: st. jay g. saturn|Protosynthesis|[silent]
|switch|p2a: ms. giving|Tinkaton, F|12/100
|move|p1a: Kyurem|Ice Beam|p2a: ms. giving
|-resisted|p2a: ms. giving
|-damage|p2a: ms. giving|0 fnt
|faint|p2a: ms. giving
|
|upkeep
|
|t:|1781471527
|switch|p2a: MF ghoolm|Gholdengo|68/100
|turn|15
|
|t:|1781471546
|switch|p1a: Kingambit|Kingambit, M|100/100
|-activate|p1a: Kingambit|ability: Supreme Overlord
|-start|p1a: Kingambit|fallen1|[silent]
|move|p2a: MF ghoolm|Make It Rain|p1a: Kingambit
|-resisted|p1a: Kingambit
|-damage|p1a: Kingambit|71/100
|-unboost|p2a: MF ghoolm|spa|1
|
|-heal|p1a: Kingambit|77/100|[from] item: Leftovers
|upkeep
|turn|16
|
|t:|1781471550
|switch|p2a: chef pzn.|Okidogi, M|100/100
|-end|p1a: Kingambit|fallen1|[silent]
|switch|p1a: Slowking|Slowking-Galar, M|100/100
|
|upkeep
|turn|17
|
|t:|1781471560
|switch|p2a: meethewoo|Wo-Chien|100/100
|-ability|p2a: meethewoo|Tablets of Ruin
|move|p1a: Slowking|Future Sight|p2a: meethewoo
|-start|p1a: Slowking|move: Future Sight
|
|upkeep
|turn|18
|
|t:|1781471564
|move|p2a: meethewoo|Knock Off|p1a: Slowking
|-supereffective|p1a: Slowking
|-damage|p1a: Slowking|60/100
|-enditem|p1a: Slowking|Black Sludge|[from] move: Knock Off|[of] p2a: meethewoo
|-prepare|p1a: Slowking|Chilly Reception|[premajor]
|move|p1a: Slowking|Chilly Reception|p1a: Slowking
|-weather|Snowscape
|
|t:|1781471570
|switch|p1a: Kyurem|Kyurem|100/100|[from] Chilly Reception
|-ability|p1a: Kyurem|Pressure
|
|-weather|Snowscape|[upkeep]
|upkeep
|turn|19
|
|t:|1781471576
|move|p2a: meethewoo|Protect|p2a: meethewoo
|-singleturn|p2a: meethewoo|Protect
|move|p1a: Kyurem|Blizzard|p2a: meethewoo
|-activate|p2a: meethewoo|move: Protect
|
|-weather|Snowscape|[upkeep]
|-end|p2a: meethewoo|move: Future Sight
|-immune|p2a: meethewoo
|upkeep
|turn|20
|
|t:|1781471590
|switch|p2a: MF ghoolm|Gholdengo|68/100
|move|p1a: Kyurem|Blizzard|p2a: MF ghoolm
|-resisted|p2a: MF ghoolm
|-damage|p2a: MF ghoolm|35/100
|
|-weather|Snowscape|[upkeep]
|upkeep
|turn|21
|
|t:|1781471606
|-terastallize|p1a: Kyurem|Ice
|move|p1a: Kyurem|Blizzard|p2a: MF ghoolm
|-resisted|p2a: MF ghoolm
|-damage|p2a: MF ghoolm|0 fnt
|faint|p2a: MF ghoolm
|
|-weather|Snowscape|[upkeep]
|upkeep
|
|t:|1781471619
|switch|p2a: Iron Leaves|Iron Leaves|66/100
|turn|22
|
|t:|1781471624
|switch|p1a: Slowking|Slowking-Galar, M|94/100
|move|p2a: Iron Leaves|Close Combat|p1a: Slowking
|-resisted|p1a: Slowking
|-damage|p1a: Slowking|87/100
|-unboost|p2a: Iron Leaves|def|1
|-unboost|p2a: Iron Leaves|spd|1
|
|-weather|none
|upkeep
|turn|23
|
|t:|1781471627
|move|p2a: Iron Leaves|Swords Dance|p2a: Iron Leaves
|-boost|p2a: Iron Leaves|atk|2
|-prepare|p1a: Slowking|Chilly Reception|[premajor]
|move|p1a: Slowking|Chilly Reception|p1a: Slowking
|-weather|Snowscape
|
|t:|1781471638
|switch|p1a: Hatterene|Hatterene, F|100/100|[from] Chilly Reception
|
|-weather|Snowscape|[upkeep]
|upkeep
|turn|24
|
|t:|1781471644
|move|p2a: Iron Leaves|Throat Chop|p1a: Hatterene
|-damage|p1a: Hatterene|53/100
|-start|p1a: Hatterene|Throat Chop|[silent]
|-damage|p2a: Iron Leaves|49/100|[from] item: Rocky Helmet|[of] p1a: Hatterene
|move|p1a: Hatterene|Nuzzle|p2a: Iron Leaves
|-resisted|p2a: Iron Leaves
|-damage|p2a: Iron Leaves|46/100
|-status|p2a: Iron Leaves|par
|
|-weather|Snowscape|[upkeep]
|upkeep
|turn|25
|
|t:|1781471660
|move|p2a: Iron Leaves|Swords Dance|p2a: Iron Leaves
|-boost|p2a: Iron Leaves|atk|2
|move|p1a: Hatterene|Draining Kiss|p2a: Iron Leaves
|-damage|p2a: Iron Leaves|13/100 par
|-heal|p1a: Hatterene|81/100|[from] drain|[of] p2a: Iron Leaves
|
|-weather|Snowscape|[upkeep]
|-end|p1a: Hatterene|Throat Chop|[silent]
|upkeep
|turn|26
|
|t:|1781471685
|switch|p1a: Great Tusk|Great Tusk|66/100
|move|p2a: Iron Leaves|Throat Chop|p1a: Great Tusk
|-resisted|p1a: Great Tusk
|-damage|p1a: Great Tusk|37/100
|-start|p1a: Great Tusk|Throat Chop|[silent]
|-damage|p2a: Iron Leaves|0 fnt|[from] item: Rocky Helmet|[of] p1a: Great Tusk
|faint|p2a: Iron Leaves
|-end|p2a: Iron Leaves|Quark Drive|[silent]
|
|-weather|Snowscape|[upkeep]
|upkeep
|-message|myree forfeited.
|
|win|bigballs01
|raw|bigballs01's rating: 1622 &rarr; <strong>1641</strong><br />(+19 for winning)
|raw|myree's rating: 1603 &rarr; <strong>1584</strong><br />(-19 for losing)
|l|☆myree
|player|p2|
|c|☆bigballs01|gg
|l|☆bigballs01
|player|p1|
|l| LOTRsucks
