|badge|p2|bronze|gen9randombattle|100-9
|badge|p2|bronze|gen9ubers|100-9
|uhtml|medal-msg|<div class="broadcast-blue">Curious what those medals under the avatar are? PS now has Ladder Seasons! For more information, check out the <a href="https://www.smogon.com/forums/threads/3740067/">thread on Smogon.</a></div>
|j|☆Igoodnamename
|j|☆oddishlover4
|t:|1781312130
|gametype|singles
|player|p1|Igoodnamename|winona|1742
|player|p2|oddishlover4|acetrainerf|1741
|gen|9
|tier|[Gen 9] OU
|rated|
|rule|HP Percentage Mod: HP is shown in percentages
|rule|Endless Battle Clause: Forcing endless battles is banned
|rule|Species Clause: Limit one of each Pokémon
|rule|OHKO Clause: OHKO moves are banned
|rule|Evasion Items Clause: Evasion items are banned
|rule|Evasion Moves Clause: Evasion moves are banned
|rule|Evasion Abilities Clause: Evasion abilities are banned
|rule|Sleep Moves Clause: Sleep-inducing moves are banned
|clearpoke
|poke|p1|Raging Bolt|
|poke|p1|Rillaboom, M|
|poke|p1|Great Tusk|
|poke|p1|Ting-Lu|
|poke|p1|Skeledirge, F|
|poke|p1|Enamorus, F|
|poke|p2|Kyurem|
|poke|p2|Hatterene, F|
|poke|p2|Darkrai|
|poke|p2|Great Tusk|
|poke|p2|Dragonite, F|
|poke|p2|Gholdengo|
|teampreview
|
|t:|1781312150
|teamsize|p1|6
|teamsize|p2|6
|start
|switch|p1a: Ting-Lu|Ting-Lu|100/100
|switch|p2a: Boompala|Kyurem|100/100
|-ability|p2a: Boompala|Pressure
|-ability|p1a: Ting-Lu|Vessel of Ruin
|turn|1
|c|☆oddishlover4|gl/hf!
|inactive|Battle timer is ON: inactive players will automatically lose when time's up. (requested by oddishlover4)
|
|t:|1781312168
|-terastallize|p1a: Ting-Lu|Steel
|move|p2a: Boompala|Ice Beam|p1a: Ting-Lu
|-resisted|p1a: Ting-Lu
|-damage|p1a: Ting-Lu|91/100
|-status|p1a: Ting-Lu|frz
|cant|p1a: Ting-Lu|frz
|
|-heal|p1a: Ting-Lu|97/100 frz|[from] item: Leftovers
|upkeep
|turn|2
|
|t:|1781312187
|move|p2a: Boompala|Earth Power|p1a: Ting-Lu
|-supereffective|p1a: Ting-Lu
|-damage|p1a: Ting-Lu|69/100 frz
|-unboost|p1a: Ting-Lu|spd|1
|cant|p1a: Ting-Lu|frz
|
|-heal|p1a: Ting-Lu|75/100 frz|[from] item: Leftovers
|upkeep
|turn|3
|
|t:|1781312205
|switch|p1a: Enamorus|Enamorus, F|100/100
|move|p2a: Boompala|Earth Power|p1a: Enamorus
|-immune|p1a: Enamorus
|
|upkeep
|turn|4
|
|t:|1781312224
|move|p1a: Enamorus|Moonblast|p2a: Boompala
|-supereffective|p2a: Boompala
|-damage|p2a: Boompala|25/100
|-unboost|p2a: Boompala|spa|1
|move|p2a: Boompala|Ice Beam|p1a: Enamorus
|-supereffective|p1a: Enamorus
|-damage|p1a: Enamorus|11/100
|
|upkeep
|turn|5
|inactive|oddishlover4 has 120 seconds left.
|
|t:|1781312243
|switch|p2a: Celebration|Gholdengo|100/100
|move|p1a: Enamorus|Moonblast|p2a: Celebration
|-resisted|p2a: Celebration
|-damage|p2a: Celebration|72/100
|
|upkeep
|turn|6
|inactive|oddishlover4 has 120 seconds left.
|
|t:|1781312262
|switch|p1a: Raging Bolt|Raging Bolt|100/100
|move|p2a: Celebration|Nasty Plot|p2a: Celebration
|-boost|p2a: Celebration|spa|2
|
|upkeep
|turn|7
|inactive|oddishlover4 has 120 seconds left.
|
|t:|1781312280
|move|p1a: Raging Bolt|Thunderbolt|p2a: Celebration
|-damage|p2a: Celebration|0 fnt
|faint|p2a: Celebration
|
|upkeep
|
|t:|1781312298
|switch|p2a: Fearless|Great Tusk|100/100
|turn|8
|
|t:|1781312316
|-end|p1a: Raging Bolt|Protosynthesis|[silent]
|switch|p1a: Skeledirge|Skeledirge, F|100/100
|move|p2a: Fearless|Ice Spinner|p1a: Skeledirge
|-resisted|p1a: Skeledirge
|-damage|p1a: Skeledirge|92/100
|
|upkeep
|turn|9
|inactive|oddishlover4 has 90 seconds left.
|
|t:|1781312334
|switch|p1a: Enamorus|Enamorus, F|11/100
|move|p2a: Fearless|Headlong Rush|p1a: Enamorus
|-immune|p1a: Enamorus
|
|upkeep
|turn|10
|inactive|oddishlover4 has 90 seconds left.
|
|t:|1781312352
|-terastallize|p2a: Fearless|Poison
|move|p1a: Enamorus|Moonblast|p2a: Fearless
|-resisted|p2a: Fearless
|-damage|p2a: Fearless|61/100
|move|p2a: Fearless|Stealth Rock|p1a: Enamorus
|-sidestart|p1: Igoodnamename|move: Stealth Rock
|
|-heal|p2a: Fearless|67/100|[from] item: Leftovers
|upkeep
|turn|11
|inactive|oddishlover4 has 90 seconds left.
|
|t:|1781312370
|switch|p1a: Great Tusk|Great Tusk|100/100
|move|p2a: Fearless|Rapid Spin|p1a: Great Tusk
|-damage|p1a: Great Tusk|89/100
|-boost|p2a: Fearless|spe|1
|
|-heal|p2a: Fearless|73/100|[from] item: Leftovers
|upkeep
|turn|12
|
|t:|1781312389
|move|p2a: Fearless|Ice Spinner|p1a: Great Tusk
|-supereffective|p1a: Great Tusk
|-damage|p1a: Great Tusk|54/100
|move|p1a: Great Tusk|Rapid Spin|p2a: Fearless
|-crit|p2a: Fearless
|-damage|p2a: Fearless|59/100
|-boost|p1a: Great Tusk|spe|1
|-sideend|p1: Igoodnamename|Stealth Rock|[from] move: Rapid Spin|[of] p1a: Great Tusk
|
|-heal|p2a: Fearless|66/100|[from] item: Leftovers
|upkeep
|turn|13
|
|t:|1781312407
|-end|p2a: Fearless|Protosynthesis|[silent]
|switch|p2a: Bluebeard's Wife|Dragonite, F|100/100
|move|p1a: Great Tusk|Headlong Rush|p2a: Bluebeard's Wife
|-immune|p2a: Bluebeard's Wife
|
|upkeep
|turn|14
|
|t:|1781312431
|switch|p2a: Perfect Night|Darkrai|100/100
|move|p1a: Great Tusk|Ice Spinner|p2a: Perfect Night
|-damage|p2a: Perfect Night|65/100
|
|upkeep
|turn|15
|
|t:|1781312441
|move|p2a: Perfect Night|Ice Beam|p1a: Great Tusk
|-supereffective|p1a: Great Tusk
|-damage|p1a: Great Tusk|0 fnt
|faint|p1a: Great Tusk
|-end|p1a: Great Tusk|Protosynthesis|[silent]
|
|upkeep
|
|t:|1781312450
|switch|p1a: Rillaboom|Rillaboom, M|100/100
|-fieldstart|move: Grassy Terrain|[from] ability: Grassy Surge|[of] p1a: Rillaboom
|turn|16
|
|t:|1781312468
|switch|p2a: Fearless|Great Tusk, tera:Poison|66/100
|move|p1a: Rillaboom|Grassy Glide|p2a: Fearless
|-resisted|p2a: Fearless
|-damage|p2a: Fearless|48/100
|
|-heal|p2a: Fearless|54/100|[from] Grassy Terrain
|-heal|p2a: Fearless|60/100|[from] item: Leftovers
|upkeep
|turn|17
|
|t:|1781312486
|switch|p1a: Enamorus|Enamorus, F|11/100
|move|p2a: Fearless|Stealth Rock|p1a: Enamorus
|-sidestart|p1: Igoodnamename|move: Stealth Rock
|
|-heal|p2a: Fearless|66/100|[from] Grassy Terrain
|-heal|p2a: Fearless|72/100|[from] item: Leftovers
|upkeep
|turn|18
|inactive|oddishlover4 has 60 seconds left.
|
|t:|1781312504
|-end|p2a: Fearless|Protosynthesis|[silent]
|switch|p2a: Bluebeard's Wife|Dragonite, F|100/100
|move|p1a: Enamorus|Earth Power|p2a: Bluebeard's Wife
|-immune|p2a: Bluebeard's Wife
|
|upkeep
|turn|19
|inactive|oddishlover4 has 60 seconds left.
|
|t:|1781312522
|switch|p1a: Skeledirge|Skeledirge, F|92/100
|move|p2a: Bluebeard's Wife|Extreme Speed|p1a: Skeledirge
|-immune|p1a: Skeledirge
|
|-heal|p1a: Skeledirge|98/100|[from] Grassy Terrain
|upkeep
|turn|20
|inactive|oddishlover4 has 60 seconds left.
|
|t:|1781312540
|switch|p2a: Perfect Night|Darkrai|65/100
|move|p1a: Skeledirge|Torch Song|p2a: Perfect Night
|-damage|p2a: Perfect Night|26/100
|-boost|p1a: Skeledirge|spa|1
|
|-heal|p2a: Perfect Night|33/100|[from] Grassy Terrain
|-heal|p1a: Skeledirge|100/100|[from] Grassy Terrain
|-fieldend|move: Grassy Terrain
|upkeep
|turn|21
|
|t:|1781312559
|switch|p1a: Enamorus|Enamorus, F|11/100
|-damage|p1a: Enamorus|0 fnt|[from] Stealth Rock
|faint|p1a: Enamorus
|move|p2a: Perfect Night|Dark Pulse|p1: Enamorus|[notarget]
|-fail|p2a: Perfect Night
|
|upkeep
|
|t:|1781312562
|switch|p1a: Rillaboom|Rillaboom, M|100/100
|-damage|p1a: Rillaboom|88/100|[from] Stealth Rock
|-fieldstart|move: Grassy Terrain|[from] ability: Grassy Surge|[of] p1a: Rillaboom
|turn|22
|
|t:|1781312571
|switch|p2a: Fearless|Great Tusk, tera:Poison|72/100
|move|p1a: Rillaboom|U-turn|p2a: Fearless
|-resisted|p2a: Fearless
|-damage|p2a: Fearless|62/100
|
|t:|1781312576
|switch|p1a: Skeledirge|Skeledirge, F|100/100|[from] U-turn
|
|-heal|p2a: Fearless|68/100|[from] Grassy Terrain
|-heal|p2a: Fearless|74/100|[from] item: Leftovers
|upkeep
|turn|23
|
|t:|1781312591
|move|p2a: Fearless|Headlong Rush|p1a: Skeledirge
|-supereffective|p1a: Skeledirge
|-damage|p1a: Skeledirge|22/100
|-unboost|p2a: Fearless|def|1
|-unboost|p2a: Fearless|spd|1
|move|p1a: Skeledirge|Will-O-Wisp|p2a: Fearless
|-status|p2a: Fearless|brn
|
|-heal|p2a: Fearless|80/100 brn|[from] Grassy Terrain
|-heal|p2a: Fearless|86/100 brn|[from] item: Leftovers
|-heal|p1a: Skeledirge|28/100|[from] Grassy Terrain
|-damage|p2a: Fearless|80/100 brn|[from] brn
|upkeep
|turn|24
|inactive|oddishlover4 has 60 seconds left.
|
|t:|1781312609
|switch|p1a: Rillaboom|Rillaboom, M|88/100
|-damage|p1a: Rillaboom|76/100|[from] Stealth Rock
|move|p2a: Fearless|Headlong Rush|p1a: Rillaboom
|-resisted|p1a: Rillaboom
|-damage|p1a: Rillaboom|61/100
|-unboost|p2a: Fearless|def|1
|-unboost|p2a: Fearless|spd|1
|
|-heal|p1a: Rillaboom|67/100|[from] Grassy Terrain
|-heal|p2a: Fearless|86/100 brn|[from] Grassy Terrain
|-heal|p2a: Fearless|92/100 brn|[from] item: Leftovers
|-damage|p2a: Fearless|86/100 brn|[from] brn
|upkeep
|turn|25
|inactive|oddishlover4 has 60 seconds left.
|
|t:|1781312627
|move|p1a: Rillaboom|Wood Hammer|p2a: Fearless
|-resisted|p2a: Fearless
|-crit|p2a: Fearless
|-damage|p2a: Fearless|0 fnt
|faint|p2a: Fearless
|-end|p2a: Fearless|Protosynthesis|[silent]
|-damage|p1a: Rillaboom|32/100|[from] Recoil
|
|-heal|p1a: Rillaboom|38/100|[from] Grassy Terrain
|upkeep
|
|t:|1781312637
|switch|p2a: Perfect Night|Darkrai|33/100
|turn|26
|inactive|oddishlover4 has 60 seconds left.
|
|t:|1781312646
|switch|p2a: Boompala|Kyurem|25/100
|-ability|p2a: Boompala|Pressure
|switch|p1a: Ting-Lu|Ting-Lu, tera:Steel|75/100 frz
|-damage|p1a: Ting-Lu|69/100 frz|[from] Stealth Rock
|-ability|p1a: Ting-Lu|Vessel of Ruin
|
|-heal|p2a: Boompala|31/100|[from] Grassy Terrain
|-heal|p1a: Ting-Lu|75/100 frz|[from] Grassy Terrain
|-heal|p1a: Ting-Lu|81/100 frz|[from] item: Leftovers
|-fieldend|move: Grassy Terrain
|upkeep
|turn|27
|inactive|oddishlover4 has 60 seconds left.
|
|t:|1781312665
|move|p2a: Boompala|Earth Power|p1a: Ting-Lu
|-supereffective|p1a: Ting-Lu
|-damage|p1a: Ting-Lu|53/100 frz
|cant|p1a: Ting-Lu|frz
|
|-heal|p1a: Ting-Lu|59/100 frz|[from] item: Leftovers
|upkeep
|turn|28
|inactive|oddishlover4 has 60 seconds left.
|
|t:|1781312683
|move|p2a: Boompala|Earth Power|p1a: Ting-Lu
|-supereffective|p1a: Ting-Lu
|-damage|p1a: Ting-Lu|33/100 frz
|-curestatus|p1a: Ting-Lu|frz|[msg]
|move|p1a: Ting-Lu|Heavy Slam|p2a: Boompala
|-supereffective|p2a: Boompala
|-damage|p2a: Boompala|0 fnt
|faint|p2a: Boompala
|
|-heal|p1a: Ting-Lu|39/100|[from] item: Leftovers
|upkeep
|j| S4CRED FL4ME
|
|t:|1781312701
|switch|p2a: Bluebeard's Wife|Dragonite, F|100/100
|turn|29
|
|t:|1781312710
|move|p2a: Bluebeard's Wife|Fire Punch|p1a: Ting-Lu
|-supereffective|p1a: Ting-Lu
|-damage|p1a: Ting-Lu|10/100
|move|p1a: Ting-Lu|Whirlwind|p2a: Bluebeard's Wife
|drag|p2a: Antifragile|Hatterene, F|100/100
|
|-heal|p1a: Ting-Lu|16/100|[from] item: Leftovers
|upkeep
|turn|30
|
|t:|1781312719
|switch|p2a: Bluebeard's Wife|Dragonite, F|100/100
|move|p1a: Ting-Lu|Heavy Slam|p2a: Bluebeard's Wife
|-damage|p2a: Bluebeard's Wife|86/100
|
|-heal|p1a: Ting-Lu|23/100|[from] item: Leftovers
|upkeep
|turn|31
|j| dilf huntr
|
|t:|1781312729
|move|p2a: Bluebeard's Wife|Extreme Speed|p1a: Ting-Lu
|-resisted|p1a: Ting-Lu
|-damage|p1a: Ting-Lu|14/100
|move|p1a: Ting-Lu|Whirlwind|p2a: Bluebeard's Wife
|drag|p2a: Perfect Night|Darkrai|33/100
|
|-heal|p1a: Ting-Lu|21/100|[from] item: Leftovers
|upkeep
|turn|32
|inactive|oddishlover4 has 60 seconds left.
|
|t:|1781312738
|switch|p2a: Bluebeard's Wife|Dragonite, F|86/100
|move|p1a: Ting-Lu|Ruination|p2a: Bluebeard's Wife
|-damage|p2a: Bluebeard's Wife|43/100
|
|-heal|p1a: Ting-Lu|27/100|[from] item: Leftovers
|upkeep
|turn|33
|
|t:|1781312747
|move|p2a: Bluebeard's Wife|Roost|p2a: Bluebeard's Wife
|-heal|p2a: Bluebeard's Wife|93/100
|-singleturn|p2a: Bluebeard's Wife|move: Roost
|move|p1a: Ting-Lu|Whirlwind|p2a: Bluebeard's Wife
|drag|p2a: Antifragile|Hatterene, F|100/100
|
|-heal|p1a: Ting-Lu|33/100|[from] item: Leftovers
|upkeep
|turn|34
|
|t:|1781312756
|switch|p1a: Rillaboom|Rillaboom, M|38/100
|-damage|p1a: Rillaboom|25/100|[from] Stealth Rock
|-fieldstart|move: Grassy Terrain|[from] ability: Grassy Surge|[of] p1a: Rillaboom
|switch|p2a: Perfect Night|Darkrai|33/100
|
|-heal|p2a: Perfect Night|39/100|[from] Grassy Terrain
|-heal|p1a: Rillaboom|32/100|[from] Grassy Terrain
|upkeep
|turn|35
|
|t:|1781312765
|switch|p2a: Bluebeard's Wife|Dragonite, F|93/100
|move|p1a: Rillaboom|U-turn|p2a: Bluebeard's Wife
|-resisted|p2a: Bluebeard's Wife
|-damage|p2a: Bluebeard's Wife|77/100
|
|t:|1781312769
|switch|p1a: Skeledirge|Skeledirge, F|28/100|[from] U-turn
|
|-heal|p1a: Skeledirge|34/100|[from] Grassy Terrain
|upkeep
|turn|36
|
|t:|1781312787
|switch|p2a: Antifragile|Hatterene, F|100/100
|move|p1a: Skeledirge|Slack Off|p1a: Skeledirge
|-heal|p1a: Skeledirge|84/100
|
|-heal|p1a: Skeledirge|90/100|[from] Grassy Terrain
|upkeep
|turn|37
|
|t:|1781312796
|switch|p1a: Ting-Lu|Ting-Lu, tera:Steel|33/100
|-damage|p1a: Ting-Lu|27/100|[from] Stealth Rock
|-ability|p1a: Ting-Lu|Vessel of Ruin
|move|p2a: Antifragile|Nuzzle|p1a: Ting-Lu
|-damage|p1a: Ting-Lu|25/100
|-status|p1a: Ting-Lu|par
|
|-heal|p1a: Ting-Lu|31/100 par|[from] Grassy Terrain
|-heal|p1a: Ting-Lu|37/100 par|[from] item: Leftovers
|upkeep
|turn|38
|
|t:|1781312805
|switch|p2a: Bluebeard's Wife|Dragonite, F|77/100
|switch|p1a: Skeledirge|Skeledirge, F|90/100
|
|-heal|p1a: Skeledirge|96/100|[from] Grassy Terrain
|-fieldend|move: Grassy Terrain
|upkeep
|turn|39
|inactive|oddishlover4 has 90 seconds left.
|
|t:|1781312814
|move|p2a: Bluebeard's Wife|Dragon Dance|p2a: Bluebeard's Wife
|-boost|p2a: Bluebeard's Wife|atk|1
|-boost|p2a: Bluebeard's Wife|spe|1
|move|p1a: Skeledirge|Hex|p2a: Bluebeard's Wife
|-damage|p2a: Bluebeard's Wife|54/100
|
|upkeep
|turn|40
|
|t:|1781312827
|switch|p2a: Perfect Night|Darkrai|39/100
|move|p1a: Skeledirge|Torch Song|p2a: Perfect Night
|-damage|p2a: Perfect Night|1/100
|-boost|p1a: Skeledirge|spa|1
|
|upkeep
|turn|41
|
|t:|1781312836
|switch|p1a: Ting-Lu|Ting-Lu, tera:Steel|37/100 par
|-damage|p1a: Ting-Lu|31/100 par|[from] Stealth Rock
|-ability|p1a: Ting-Lu|Vessel of Ruin
|move|p2a: Perfect Night|Trick|p1a: Ting-Lu
|-activate|p2a: Perfect Night|move: Trick|[of] p1a: Ting-Lu
|-item|p1a: Ting-Lu|Choice Scarf|[from] move: Trick
|-item|p2a: Perfect Night|Leftovers|[from] move: Trick
|
|-heal|p2a: Perfect Night|7/100|[from] item: Leftovers
|upkeep
|turn|42
|
|t:|1781312844
|move|p2a: Perfect Night|Dark Pulse|p1a: Ting-Lu
|-damage|p1a: Ting-Lu|12/100 par
|move|p1a: Ting-Lu|Heavy Slam|p2a: Perfect Night
|-damage|p2a: Perfect Night|0 fnt
|faint|p2a: Perfect Night
|
|upkeep
|
|t:|1781312854
|switch|p2a: Bluebeard's Wife|Dragonite, F|54/100
|turn|43
|
|t:|1781312863
|switch|p1a: Skeledirge|Skeledirge, F|96/100
|move|p2a: Bluebeard's Wife|Roost|p2a: Bluebeard's Wife
|-heal|p2a: Bluebeard's Wife|100/100
|-singleturn|p2a: Bluebeard's Wife|move: Roost
|
|upkeep
|turn|44
|
|t:|1781312872
|move|p2a: Bluebeard's Wife|Dragon Dance|p2a: Bluebeard's Wife
|-boost|p2a: Bluebeard's Wife|atk|1
|-boost|p2a: Bluebeard's Wife|spe|1
|move|p1a: Skeledirge|Torch Song|p2a: Bluebeard's Wife
|-resisted|p2a: Bluebeard's Wife
|-damage|p2a: Bluebeard's Wife|94/100
|-boost|p1a: Skeledirge|spa|1
|
|upkeep
|turn|45
|inactive|oddishlover4 has 120 seconds left.
|
|t:|1781312882
|switch|p2a: Antifragile|Hatterene, F|100/100
|move|p1a: Skeledirge|Hex|p2a: Antifragile
|-supereffective|p2a: Antifragile
|-damage|p2a: Antifragile|25/100
|
|upkeep
|turn|46
|
|t:|1781312890
|switch|p2a: Bluebeard's Wife|Dragonite, F|94/100
|move|p1a: Skeledirge|Hex|p2a: Bluebeard's Wife
|-damage|p2a: Bluebeard's Wife|59/100
|
|upkeep
|turn|47
|c|☆Igoodnamename|ggs
|
|t:|1781312898
|switch|p2a: Antifragile|Hatterene, F|25/100
|move|p1a: Skeledirge|Hex|p2a: Antifragile
|-supereffective|p2a: Antifragile
|-damage|p2a: Antifragile|0 fnt
|faint|p2a: Antifragile
|
|upkeep
|
|t:|1781312905
|switch|p2a: Bluebeard's Wife|Dragonite, F|59/100
|turn|48
|
|t:|1781312910
|move|p2a: Bluebeard's Wife|Dragon Dance|p2a: Bluebeard's Wife
|-boost|p2a: Bluebeard's Wife|atk|1
|-boost|p2a: Bluebeard's Wife|spe|1
|move|p1a: Skeledirge|Hex|p2a: Bluebeard's Wife
|-crit|p2a: Bluebeard's Wife
|-damage|p2a: Bluebeard's Wife|12/100
|
|upkeep
|turn|49
|
|t:|1781312917
|move|p2a: Bluebeard's Wife|Extreme Speed|p1a: Skeledirge
|-immune|p1a: Skeledirge
|move|p1a: Skeledirge|Torch Song|p2a: Bluebeard's Wife
|-resisted|p2a: Bluebeard's Wife
|-damage|p2a: Bluebeard's Wife|0 fnt
|-boost|p1a: Skeledirge|spa|1
|faint|p2a: Bluebeard's Wife
|
|win|Igoodnamename
|raw|Igoodnamename's rating: 1742 &rarr; <strong>1762</strong><br />(+20 for winning)
|raw|oddishlover4's rating: 1741 &rarr; <strong>1721</strong><br />(-20 for losing)
|c|☆oddishlover4|GG!
|l|☆Igoodnamename
|player|p1|
