|j|☆Glinpo
|j|☆jertsi
|t:|1781588626
|gametype|singles
|player|p1|Glinpo|brock|1579
|player|p2|jertsi|102|1560
|gen|9
|tier|[Gen 9] OU
|rated|
|rule|HP Percentage Mod: HP is shown in percentages
|rule|Endless Battle Clause: Forcing endless battles is banned
|rule|Species Clause: Limit one of each Pokémon
|rule|OHKO Clause: OHKO moves are banned
|rule|Evasion Items Clause: Evasion items are banned
|rule|Evasion Moves Clause: Evasion moves are banned
|rule|Evasion Abilities Clause: Evasion abilities are banned
|rule|Sleep Moves Clause: Sleep-inducing moves are banned
|clearpoke
|poke|p1|Pelipper, M|
|poke|p1|Raging Bolt|
|poke|p1|Overqwil, M|
|poke|p1|Barraskewda, M|
|poke|p1|Iron Treads|
|poke|p1|Kingambit, F|
|poke|p2|Dondozo, F|
|poke|p2|Blissey, F|
|poke|p2|Corviknight, M|
|poke|p2|Weezing-Galar, F|
|poke|p2|Gliscor, F|
|poke|p2|Toxapex, M|
|teampreview
|inactive|Battle timer is ON: inactive players will automatically lose when time's up. (requested by jertsi)
|inactive|Glinpo also wants the timer to be on.
|
|t:|1781588638
|teamsize|p1|6
|teamsize|p2|6
|start
|switch|p1a: Ride The Lightning|Raging Bolt|100/100
|switch|p2a: Gliscor|Gliscor, F|100/100
|-enditem|p1a: Ride The Lightning|Booster Energy
|-activate|p1a: Ride The Lightning|ability: Protosynthesis|[fromitem]
|-start|p1a: Ride The Lightning|protosynthesisspa
|turn|1
|
|t:|1781588646
|-end|p1a: Ride The Lightning|Protosynthesis|[silent]
|switch|p1a: Brianstorm|Pelipper, M, shiny|100/100
|-weather|RainDance|[from] ability: Drizzle|[of] p1a: Brianstorm
|move|p2a: Gliscor|Earthquake|p1a: Brianstorm
|-immune|p1a: Brianstorm
|
|-weather|RainDance|[upkeep]
|-status|p2a: Gliscor|tox|[from] item: Toxic Orb
|upkeep
|turn|2
|
|t:|1781588650
|move|p2a: Gliscor|Knock Off|p1a: Brianstorm
|-damage|p1a: Brianstorm|84/100
|-enditem|p1a: Brianstorm|Damp Rock|[from] move: Knock Off|[of] p2a: Gliscor
|move|p1a: Brianstorm|Weather Ball|p2a: Gliscor
|-supereffective|p2a: Gliscor
|-damage|p2a: Gliscor|17/100 tox
|
|-weather|RainDance|[upkeep]
|-heal|p2a: Gliscor|29/100 tox|[from] ability: Poison Heal
|upkeep
|turn|3
|
|t:|1781588653
|move|p2a: Gliscor|Protect|p2a: Gliscor
|-singleturn|p2a: Gliscor|Protect
|move|p1a: Brianstorm|U-turn|p2a: Gliscor
|-activate|p2a: Gliscor|move: Protect
|
|-weather|RainDance|[upkeep]
|-heal|p2a: Gliscor|42/100 tox|[from] ability: Poison Heal
|upkeep
|turn|4
|
|t:|1781588658
|switch|p2a: Toxapex|Toxapex, M|100/100
|move|p1a: Brianstorm|Weather Ball|p2a: Toxapex
|-resisted|p2a: Toxapex
|-damage|p2a: Toxapex|85/100
|
|-weather|RainDance|[upkeep]
|-heal|p2a: Toxapex|91/100|[from] item: Leftovers
|upkeep
|turn|5
|
|t:|1781588665
|switch|p2a: Gliscor|Gliscor, F|42/100 tox
|move|p1a: Brianstorm|U-turn|p2a: Gliscor
|-resisted|p2a: Gliscor
|-damage|p2a: Gliscor|38/100 tox
|
|t:|1781588673
|switch|p1a: Kuma II|Barraskewda, M, shiny|100/100|[from] U-turn
|
|-weather|RainDance|[upkeep]
|-heal|p2a: Gliscor|50/100 tox|[from] ability: Poison Heal
|upkeep
|turn|6
|
|t:|1781588677
|move|p2a: Gliscor|Protect|p2a: Gliscor
|-singleturn|p2a: Gliscor|Protect
|move|p1a: Kuma II|Liquidation|p2a: Gliscor
|-activate|p2a: Gliscor|move: Protect
|
|-weather|RainDance|[upkeep]
|-heal|p2a: Gliscor|63/100 tox|[from] ability: Poison Heal
|upkeep
|turn|7
|
|t:|1781588689
|switch|p2a: Toxapex|Toxapex, M|100/100
|move|p1a: Kuma II|Liquidation|p2a: Toxapex
|-resisted|p2a: Toxapex
|-damage|p2a: Toxapex|58/100
|
|-weather|RainDance|[upkeep]
|-heal|p2a: Toxapex|64/100|[from] item: Leftovers
|upkeep
|turn|8
|
|t:|1781588694
|switch|p1a: Iron Dreads|Iron Treads|100/100
|-enditem|p1a: Iron Dreads|Booster Energy
|-activate|p1a: Iron Dreads|ability: Quark Drive|[fromitem]
|-start|p1a: Iron Dreads|quarkdrivespe
|move|p2a: Toxapex|Toxic|p1a: Iron Dreads
|-immune|p1a: Iron Dreads
|
|-weather|none
|-heal|p2a: Toxapex|71/100|[from] item: Leftovers
|upkeep
|turn|9
|
|t:|1781588704
|switch|p2a: Corviknight|Corviknight, M|100/100
|-ability|p2a: Corviknight|Pressure
|move|p1a: Iron Dreads|Stealth Rock|p2a: Corviknight
|-sidestart|p2: jertsi|move: Stealth Rock
|
|upkeep
|turn|10
|
|t:|1781588707
|-end|p1a: Iron Dreads|Quark Drive|[silent]
|switch|p1a: Brianstorm|Pelipper, M, shiny|84/100
|-weather|RainDance|[from] ability: Drizzle|[of] p1a: Brianstorm
|move|p2a: Corviknight|Defog|p1a: Brianstorm
|-unboost|p1a: Brianstorm|evasion|1
|-sideend|p2: jertsi|Stealth Rock|[from] move: Defog|[of] p2a: Corviknight
|
|-weather|RainDance|[upkeep]
|upkeep
|turn|11
|
|t:|1781588711
|switch|p2a: Blissey|Blissey, F|100/100
|move|p1a: Brianstorm|U-turn|p2a: Blissey
|-damage|p2a: Blissey|90/100
|
|t:|1781588715
|switch|p1a: Kuma II|Barraskewda, M, shiny|100/100|[from] U-turn
|
|-weather|RainDance|[upkeep]
|-heal|p2a: Blissey|96/100|[from] item: Leftovers
|upkeep
|turn|12
|
|t:|1781588724
|switch|p2a: Toxapex|Toxapex, M|100/100
|-terastallize|p1a: Kuma II|Water
|move|p1a: Kuma II|Liquidation|p2a: Toxapex
|-resisted|p2a: Toxapex
|-damage|p2a: Toxapex|47/100
|
|-weather|RainDance|[upkeep]
|-heal|p2a: Toxapex|53/100|[from] item: Leftovers
|upkeep
|turn|13
|
|t:|1781588729
|switch|p1a: Iron Dreads|Iron Treads|100/100
|switch|p2a: Dondozo|Dondozo, F|100/100
|
|-weather|RainDance|[upkeep]
|upkeep
|turn|14
|
|t:|1781588736
|-end|p1a: Iron Dreads|Quark Drive|[silent]
|switch|p1a: Ride The Lightning|Raging Bolt|100/100
|move|p2a: Dondozo|Body Press|p1a: Ride The Lightning
|-damage|p1a: Ride The Lightning|76/100
|
|-weather|none
|upkeep
|turn|15
|
|t:|1781588741
|switch|p2a: Gliscor|Gliscor, F|63/100 tox
|move|p1a: Ride The Lightning|Thunder|p2a: Gliscor
|-immune|p2a: Gliscor
|
|-heal|p2a: Gliscor|75/100 tox|[from] ability: Poison Heal
|upkeep
|turn|16
|
|t:|1781588749
|-end|p1a: Ride The Lightning|Protosynthesis|[silent]
|switch|p1a: 3 Cheers 4 SR|Overqwil, M, shiny|100/100
|move|p2a: Gliscor|Spikes|p1a: 3 Cheers 4 SR
|-sidestart|p1: Glinpo|Spikes
|
|-heal|p2a: Gliscor|88/100 tox|[from] ability: Poison Heal
|upkeep
|turn|17
|
|t:|1781588760
|switch|p2a: Weezing|Weezing-Galar, F|100/100
|-ability|p2a: Weezing|Neutralizing Gas
|move|p1a: 3 Cheers 4 SR|Liquidation|p2a: Weezing
|-damage|p2a: Weezing|74/100
|-damage|p1a: 3 Cheers 4 SR|91/100|[from] item: Life Orb
|
|upkeep
|turn|18
|
|t:|1781588768
|switch|p1a: Brianstorm|Pelipper, M, shiny|84/100
|move|p2a: Weezing|Will-O-Wisp|p1a: Brianstorm
|-status|p1a: Brianstorm|brn
|
|-damage|p1a: Brianstorm|78/100 brn|[from] brn
|upkeep
|turn|19
|
|t:|1781588777
|move|p2a: Weezing|Strange Steam|p1a: Brianstorm
|-damage|p1a: Brianstorm|36/100 brn
|move|p1a: Brianstorm|U-turn|p2a: Weezing
|-resisted|p2a: Weezing
|-damage|p2a: Weezing|73/100
|
|t:|1781588782
|switch|p1a: Iron Dreads|Iron Treads|100/100|[from] U-turn
|-damage|p1a: Iron Dreads|88/100|[from] Spikes
|
|upkeep
|turn|20
|
|t:|1781588786
|move|p1a: Iron Dreads|Rapid Spin|p2a: Weezing
|-damage|p2a: Weezing|65/100
|-boost|p1a: Iron Dreads|spe|1
|-sideend|p1: Glinpo|Spikes|[from] move: Rapid Spin|[of] p1a: Iron Dreads
|move|p2a: Weezing|Will-O-Wisp|p1a: Iron Dreads|[miss]
|-miss|p2a: Weezing|p1a: Iron Dreads
|
|upkeep
|turn|21
|
|t:|1781588789
|move|p1a: Iron Dreads|Earth Power|p2a: Weezing
|-supereffective|p2a: Weezing
|-damage|p2a: Weezing|0 fnt
|faint|p2a: Weezing
|-end|p2a: Weezing|ability: Neutralizing Gas
|
|upkeep
|
|t:|1781588796
|switch|p2a: Gliscor|Gliscor, F|88/100 tox
|turn|22
|
|t:|1781588804
|-end|p1a: Iron Dreads|Quark Drive|[silent]
|switch|p1a: Brianstorm|Pelipper, M, shiny|36/100 brn
|-weather|RainDance|[from] ability: Drizzle|[of] p1a: Brianstorm
|move|p2a: Gliscor|Earthquake|p1a: Brianstorm
|-immune|p1a: Brianstorm
|
|-weather|RainDance|[upkeep]
|-heal|p2a: Gliscor|100/100 tox|[from] ability: Poison Heal
|-damage|p1a: Brianstorm|30/100 brn|[from] brn
|upkeep
|turn|23
|
|t:|1781588814
|move|p2a: Gliscor|Spikes|p1a: Brianstorm
|-sidestart|p1: Glinpo|Spikes
|move|p1a: Brianstorm|U-turn|p2a: Gliscor
|-resisted|p2a: Gliscor
|-damage|p2a: Gliscor|99/100 tox
|
|t:|1781588818
|switch|p1a: Kuma II|Barraskewda, M, shiny, tera:Water|100/100|[from] U-turn
|-damage|p1a: Kuma II|88/100|[from] Spikes
|
|-weather|RainDance|[upkeep]
|-heal|p2a: Gliscor|100/100 tox|[from] ability: Poison Heal
|upkeep
|turn|24
|
|t:|1781588823
|move|p2a: Gliscor|Protect|p2a: Gliscor
|-singleturn|p2a: Gliscor|Protect
|move|p1a: Kuma II|Liquidation|p2a: Gliscor
|-activate|p2a: Gliscor|move: Protect
|
|-weather|RainDance|[upkeep]
|upkeep
|turn|25
|
|t:|1781588827
|-terastallize|p2a: Gliscor|Water
|move|p1a: Kuma II|Liquidation|p2a: Gliscor
|-resisted|p2a: Gliscor
|-damage|p2a: Gliscor|47/100 tox
|move|p2a: Gliscor|Knock Off|p1a: Kuma II
|-damage|p1a: Kuma II|44/100
|-enditem|p1a: Kuma II|Choice Band|[from] move: Knock Off|[of] p2a: Gliscor
|
|-weather|RainDance|[upkeep]
|-heal|p2a: Gliscor|60/100 tox|[from] ability: Poison Heal
|upkeep
|turn|26
|
|t:|1781588838
|move|p1a: Kuma II|Close Combat|p2a: Gliscor
|-damage|p2a: Gliscor|25/100 tox
|-unboost|p1a: Kuma II|def|1
|-unboost|p1a: Kuma II|spd|1
|move|p2a: Gliscor|Earthquake|p1a: Kuma II
|-damage|p1a: Kuma II|0 fnt
|faint|p1a: Kuma II
|
|-weather|none
|-heal|p2a: Gliscor|37/100 tox|[from] ability: Poison Heal
|upkeep
|
|t:|1781588843
|switch|p1a: Brianstorm|Pelipper, M, shiny|30/100 brn
|-weather|RainDance|[from] ability: Drizzle|[of] p1a: Brianstorm
|turn|27
|
|t:|1781588849
|move|p2a: Gliscor|Knock Off|p1a: Brianstorm
|-damage|p1a: Brianstorm|20/100 brn
|move|p1a: Brianstorm|U-turn|p2a: Gliscor
|-damage|p2a: Gliscor|33/100 tox
|
|t:|1781588853
|switch|p1a: 3 Cheers 4 SR|Overqwil, M, shiny|91/100|[from] U-turn
|-damage|p1a: 3 Cheers 4 SR|78/100|[from] Spikes
|
|-weather|RainDance|[upkeep]
|-heal|p2a: Gliscor|46/100 tox|[from] ability: Poison Heal
|upkeep
|turn|28
|inactive|jertsi has 120 seconds left.
|
|t:|1781588902
|move|p2a: Gliscor|Protect|p2a: Gliscor
|-singleturn|p2a: Gliscor|Protect
|move|p1a: 3 Cheers 4 SR|Gunk Shot|p2a: Gliscor
|-activate|p2a: Gliscor|move: Protect
|
|-weather|RainDance|[upkeep]
|-heal|p2a: Gliscor|58/100 tox|[from] ability: Poison Heal
|upkeep
|turn|29
|
|t:|1781588909
|switch|p2a: Toxapex|Toxapex, M|87/100
|move|p1a: 3 Cheers 4 SR|Gunk Shot|p2a: Toxapex
|-resisted|p2a: Toxapex
|-damage|p2a: Toxapex|52/100
|-damage|p1a: 3 Cheers 4 SR|69/100|[from] item: Life Orb
|
|-weather|RainDance|[upkeep]
|-heal|p2a: Toxapex|59/100|[from] item: Leftovers
|upkeep
|turn|30
|
|t:|1781588919
|switch|p2a: Corviknight|Corviknight, M|100/100
|-ability|p2a: Corviknight|Pressure
|move|p1a: 3 Cheers 4 SR|Swords Dance|p1a: 3 Cheers 4 SR
|-boost|p1a: 3 Cheers 4 SR|atk|2
|
|-weather|RainDance|[upkeep]
|upkeep
|turn|31
|
|t:|1781588922
|move|p1a: 3 Cheers 4 SR|Liquidation|p2a: Corviknight
|-damage|p2a: Corviknight|25/100
|-damage|p1a: 3 Cheers 4 SR|59/100|[from] item: Life Orb
|move|p2a: Corviknight|Iron Defense|p2a: Corviknight
|-boost|p2a: Corviknight|def|2
|
|-weather|none
|-heal|p2a: Corviknight|32/100|[from] item: Leftovers
|upkeep
|turn|32
|
|t:|1781588925
|move|p1a: 3 Cheers 4 SR|Liquidation|p2a: Corviknight
|-damage|p2a: Corviknight|10/100
|-damage|p1a: 3 Cheers 4 SR|49/100|[from] item: Life Orb
|move|p2a: Corviknight|Roost|p2a: Corviknight
|-heal|p2a: Corviknight|60/100
|-singleturn|p2a: Corviknight|move: Roost
|
|-heal|p2a: Corviknight|66/100|[from] item: Leftovers
|upkeep
|turn|33
|
|t:|1781588932
|move|p1a: 3 Cheers 4 SR|Swords Dance|p1a: 3 Cheers 4 SR
|-boost|p1a: 3 Cheers 4 SR|atk|2
|move|p2a: Corviknight|Roost|p2a: Corviknight
|-heal|p2a: Corviknight|100/100
|-singleturn|p2a: Corviknight|move: Roost
|
|upkeep
|turn|34
|
|t:|1781588939
|switch|p2a: Dondozo|Dondozo, F|100/100
|move|p1a: 3 Cheers 4 SR|Swords Dance|p1a: 3 Cheers 4 SR
|-boost|p1a: 3 Cheers 4 SR|atk|2
|
|upkeep
|turn|35
|
|t:|1781588942
|move|p1a: 3 Cheers 4 SR|Gunk Shot|p2a: Dondozo|[miss]
|-miss|p1a: 3 Cheers 4 SR|p2a: Dondozo
|move|p2a: Dondozo|Body Press|p1a: 3 Cheers 4 SR
|-damage|p1a: 3 Cheers 4 SR|16/100
|
|upkeep
|turn|36
|
|t:|1781588945
|move|p1a: 3 Cheers 4 SR|Gunk Shot|p2a: Dondozo
|-damage|p2a: Dondozo|65/100
|-damage|p1a: 3 Cheers 4 SR|6/100|[from] item: Life Orb
|move|p2a: Dondozo|Body Press|p1a: 3 Cheers 4 SR
|-damage|p1a: 3 Cheers 4 SR|0 fnt
|faint|p1a: 3 Cheers 4 SR
|
|-heal|p2a: Dondozo|71/100|[from] item: Leftovers
|upkeep
|
|t:|1781588954
|switch|p1a: Ride The Lightning|Raging Bolt|76/100
|-damage|p1a: Ride The Lightning|63/100|[from] Spikes
|turn|37
|inactive|jertsi has 120 seconds left.
|inactive|jertsi has 90 seconds left.
|
|t:|1781589023
|switch|p2a: Blissey|Blissey, F|96/100
|move|p1a: Ride The Lightning|Draco Meteor|p2a: Blissey
|-damage|p2a: Blissey|71/100
|-unboost|p1a: Ride The Lightning|spa|2
|
|-heal|p2a: Blissey|77/100|[from] item: Leftovers
|upkeep
|turn|38
|inactive|jertsi has 90 seconds left.
|
|t:|1781589029
|-end|p1a: Ride The Lightning|Protosynthesis|[silent]
|switch|p1a: Brianstorm|Pelipper, M, shiny|20/100 brn
|-weather|RainDance|[from] ability: Drizzle|[of] p1a: Brianstorm
|move|p2a: Blissey|Seismic Toss|p1a: Brianstorm
|-damage|p1a: Brianstorm|0 fnt
|faint|p1a: Brianstorm
|
|-weather|RainDance|[upkeep]
|-heal|p2a: Blissey|84/100|[from] item: Leftovers
|upkeep
|
|t:|1781589033
|switch|p1a: SIN MIEDO|Kingambit, F, shiny|100/100
|-damage|p1a: SIN MIEDO|88/100|[from] Spikes
|-activate|p1a: SIN MIEDO|ability: Supreme Overlord
|-start|p1a: SIN MIEDO|fallen3|[silent]
|turn|39
|
|t:|1781589037
|switch|p2a: Corviknight|Corviknight, M|100/100
|-ability|p2a: Corviknight|Pressure
|move|p1a: SIN MIEDO|Swords Dance|p1a: SIN MIEDO
|-boost|p1a: SIN MIEDO|atk|2
|
|-weather|RainDance|[upkeep]
|-heal|p1a: SIN MIEDO|94/100|[from] item: Leftovers
|upkeep
|turn|40
|
|t:|1781589041
|move|p2a: Corviknight|Iron Defense|p2a: Corviknight
|-boost|p2a: Corviknight|def|2
|move|p1a: SIN MIEDO|Kowtow Cleave|p2a: Corviknight
|-damage|p2a: Corviknight|63/100
|
|-weather|RainDance|[upkeep]
|-heal|p2a: Corviknight|69/100|[from] item: Leftovers
|-heal|p1a: SIN MIEDO|100/100|[from] item: Leftovers
|upkeep
|turn|41
|inactive|jertsi has 120 seconds left.
|
|t:|1781589050
|move|p2a: Corviknight|Iron Defense|p2a: Corviknight
|-boost|p2a: Corviknight|def|2
|move|p1a: SIN MIEDO|Swords Dance|p1a: SIN MIEDO
|-boost|p1a: SIN MIEDO|atk|2
|
|-weather|RainDance|[upkeep]
|-heal|p2a: Corviknight|75/100|[from] item: Leftovers
|upkeep
|turn|42
|
|t:|1781589053
|move|p2a: Corviknight|Body Press|p1a: SIN MIEDO
|-supereffective|p1a: SIN MIEDO
|-damage|p1a: SIN MIEDO|0 fnt
|faint|p1a: SIN MIEDO
|-end|p1a: SIN MIEDO|fallen3|[silent]
|
|-weather|none
|-heal|p2a: Corviknight|82/100|[from] item: Leftovers
|upkeep
|-message|Glinpo forfeited.
|
|win|jertsi
|raw|Glinpo's rating: 1579 &rarr; <strong>1558</strong><br />(-21 for losing)
|raw|jertsi's rating: 1560 &rarr; <strong>1581</strong><br />(+21 for winning)
|l|☆Glinpo
|player|p1|
|l|☆jertsi
|player|p2|
