|j|☆CassiusAuBellossom
|j|☆ur doggo
|t:|1781356671
|gametype|singles
|player|p1|CassiusAuBellossom|101|1607
|player|p2|ur doggo|169|1646
|gen|9
|tier|[Gen 9] OU
|rated|
|rule|HP Percentage Mod: HP is shown in percentages
|rule|Endless Battle Clause: Forcing endless battles is banned
|rule|Species Clause: Limit one of each Pokémon
|rule|OHKO Clause: OHKO moves are banned
|rule|Evasion Items Clause: Evasion items are banned
|rule|Evasion Moves Clause: Evasion moves are banned
|rule|Evasion Abilities Clause: Evasion abilities are banned
|rule|Sleep Moves Clause: Sleep-inducing moves are banned
|clearpoke
|poke|p1|Pelipper, F|
|poke|p1|Beartic, F|
|poke|p1|Barraskewda, M|
|poke|p1|Zapdos|
|poke|p1|Ogerpon-Wellspring, F|
|poke|p1|Hatterene, F|
|poke|p2|Latios, M|
|poke|p2|Darkrai|
|poke|p2|Pecharunt|
|poke|p2|Ting-Lu|
|poke|p2|Corviknight, F|
|poke|p2|Dragonite, F|
|teampreview
|inactive|Battle timer is ON: inactive players will automatically lose when time's up. (requested by CassiusAuBellossom)
|inactive|ur doggo has 120 seconds left.
|
|t:|1781356732
|teamsize|p1|6
|teamsize|p2|6
|start
|switch|p1a: Armin|Pelipper, F|100/100
|switch|p2a: Darkrai|Darkrai|100/100
|-weather|RainDance|[from] ability: Drizzle|[of] p1a: Armin
|turn|1
|
|t:|1781356742
|move|p2a: Darkrai|Knock Off|p1a: Armin
|-damage|p1a: Armin|79/100
|-enditem|p1a: Armin|Damp Rock|[from] move: Knock Off|[of] p2a: Darkrai
|move|p1a: Armin|U-turn|p2a: Darkrai
|-supereffective|p2a: Darkrai
|-damage|p2a: Darkrai|73/100
|
|t:|1781356749
|switch|p1a: Levi|Barraskewda, M|100/100|[from] U-turn
|
|-weather|RainDance|[upkeep]
|upkeep
|turn|2
|
|t:|1781356762
|switch|p2a: Dragonite|Dragonite, F|100/100
|move|p1a: Levi|Liquidation|p2a: Dragonite
|-resisted|p2a: Dragonite
|-damage|p2a: Dragonite|81/100
|
|-weather|RainDance|[upkeep]
|upkeep
|turn|3
|
|t:|1781356774
|move|p2a: Dragonite|Extreme Speed|p1a: Levi
|-damage|p1a: Levi|44/100
|move|p1a: Levi|Flip Turn|p2a: Dragonite
|-resisted|p2a: Dragonite
|-damage|p2a: Dragonite|55/100
|
|t:|1781356780
|switch|p1a: Eren|Beartic, F|100/100|[from] Flip Turn
|
|-weather|RainDance|[upkeep]
|upkeep
|turn|4
|
|t:|1781356788
|switch|p2a: Corviknight|Corviknight, F|100/100
|-ability|p2a: Corviknight|Pressure
|move|p1a: Eren|Swords Dance|p1a: Eren
|-boost|p1a: Eren|atk|2
|
|-weather|RainDance|[upkeep]
|upkeep
|turn|5
|
|t:|1781356803
|move|p1a: Eren|Icicle Spear|p2a: Corviknight
|-damage|p2a: Corviknight|75/100
|-damage|p2a: Corviknight|53/100
|-damage|p2a: Corviknight|31/100
|-damage|p2a: Corviknight|8/100
|-hitcount|p2a: Corviknight|4
|move|p2a: Corviknight|Brave Bird|p1a: Eren
|-damage|p1a: Eren|59/100
|-damage|p2a: Corviknight|0 fnt|[from] Recoil
|faint|p2a: Corviknight
|
|-weather|RainDance|[upkeep]
|upkeep
|inactive|ur doggo has 120 seconds left.
|
|t:|1781356845
|switch|p2a: Pecharunt|Pecharunt|100/100
|turn|6
|
|t:|1781356849
|move|p1a: Eren|Earthquake|p2a: Pecharunt
|-supereffective|p2a: Pecharunt
|-damage|p2a: Pecharunt|12/100
|move|p2a: Pecharunt|Malignant Chain|p1a: Eren
|-damage|p1a: Eren|22/100
|-status|p1a: Eren|tox
|-start|p1a: Eren|confusion|[from] ability: Poison Puppeteer|[of] p2a: Pecharunt
|
|-weather|RainDance|[upkeep]
|-damage|p1a: Eren|16/100 tox|[from] psn
|upkeep
|turn|7
|inactive|ur doggo has 120 seconds left.
|
|t:|1781356861
|-activate|p1a: Eren|confusion
|move|p1a: Eren|Icicle Spear|p2a: Pecharunt
|-damage|p2a: Pecharunt|0 fnt
|faint|p2a: Pecharunt
|-hitcount|p2: Pecharunt|1
|
|-weather|RainDance|[upkeep]
|-damage|p1a: Eren|4/100 tox|[from] psn
|upkeep
|
|t:|1781356864
|switch|p2a: Dragonite|Dragonite, F|55/100
|turn|8
|inactive|CassiusAuBellossom has 120 seconds left.
|
|t:|1781356922
|move|p2a: Dragonite|Extreme Speed|p1a: Eren
|-damage|p1a: Eren|0 fnt
|faint|p1a: Eren
|
|-weather|none
|upkeep
|
|t:|1781356929
|switch|p1a: Armin|Pelipper, F|79/100
|-weather|RainDance|[from] ability: Drizzle|[of] p1a: Armin
|turn|9
|
|t:|1781356941
|move|p2a: Dragonite|Roost|p2a: Dragonite
|-heal|p2a: Dragonite|100/100
|-singleturn|p2a: Dragonite|move: Roost
|move|p1a: Armin|U-turn|p2a: Dragonite
|-damage|p2a: Dragonite|96/100
|
|t:|1781356949
|switch|p1a: Annie|Hatterene, F|100/100|[from] U-turn
|
|-weather|RainDance|[upkeep]
|upkeep
|turn|10
|
|t:|1781356962
|move|p2a: Dragonite|Extreme Speed|p1a: Annie
|-damage|p1a: Annie|75/100
|-enditem|p1a: Annie|Eject Button
|
|t:|1781356967
|switch|p1a: Mikasa|Ogerpon-Wellspring, F|100/100
|
|-weather|RainDance|[upkeep]
|upkeep
|turn|11
|inactive|CassiusAuBellossom has 120 seconds left.
|
|t:|1781356985
|move|p1a: Mikasa|Play Rough|p2a: Dragonite
|-supereffective|p2a: Dragonite
|-damage|p2a: Dragonite|33/100
|move|p2a: Dragonite|Dragon Tail|p1a: Mikasa
|-damage|p1a: Mikasa|56/100
|drag|p1a: Zeke|Zapdos|100/100
|
|-weather|RainDance|[upkeep]
|upkeep
|turn|12
|
|t:|1781356995
|switch|p2a: Ting-Lu|Ting-Lu|100/100
|-ability|p2a: Ting-Lu|Vessel of Ruin
|move|p1a: Zeke|Hurricane|p2a: Ting-Lu
|-damage|p2a: Ting-Lu|79/100
|-start|p2a: Ting-Lu|confusion
|
|-weather|RainDance|[upkeep]
|-heal|p2a: Ting-Lu|86/100|[from] item: Leftovers
|upkeep
|turn|13
|
|t:|1781357007
|switch|p1a: Annie|Hatterene, F|75/100
|-activate|p2a: Ting-Lu|confusion
|move|p2a: Ting-Lu|Ruination|p1a: Annie
|-damage|p1a: Annie|38/100
|
|-weather|none
|-heal|p2a: Ting-Lu|92/100|[from] item: Leftovers
|upkeep
|turn|14
|
|t:|1781357016
|-activate|p2a: Ting-Lu|confusion
|move|p2a: Ting-Lu|Earthquake|p1a: Annie
|-damage|p1a: Annie|8/100
|move|p1a: Annie|Dazzling Gleam|p2a: Ting-Lu
|-supereffective|p2a: Ting-Lu
|-damage|p2a: Ting-Lu|61/100
|
|-heal|p2a: Ting-Lu|68/100|[from] item: Leftovers
|upkeep
|turn|15
|
|t:|1781357026
|switch|p1a: Armin|Pelipper, F|79/100
|-weather|RainDance|[from] ability: Drizzle|[of] p1a: Armin
|-activate|p2a: Ting-Lu|confusion
|move|p2a: Ting-Lu|Earthquake|p1a: Armin
|-immune|p1a: Armin
|
|-weather|RainDance|[upkeep]
|-heal|p2a: Ting-Lu|74/100|[from] item: Leftovers
|upkeep
|turn|16
|
|t:|1781357036
|switch|p1a: Annie|Hatterene, F|8/100
|-end|p2a: Ting-Lu|confusion
|move|p2a: Ting-Lu|Ruination|p1a: Annie|[miss]
|-miss|p2a: Ting-Lu|p1a: Annie
|
|-weather|RainDance|[upkeep]
|-heal|p2a: Ting-Lu|80/100|[from] item: Leftovers
|upkeep
|turn|17
|
|t:|1781357057
|switch|p1a: Zeke|Zapdos|100/100
|move|p2a: Ting-Lu|Earthquake|p1a: Zeke
|-immune|p1a: Zeke
|
|-weather|RainDance|[upkeep]
|-heal|p2a: Ting-Lu|86/100|[from] item: Leftovers
|upkeep
|turn|18
|
|t:|1781357068
|-terastallize|p1a: Zeke|Water
|move|p1a: Zeke|Weather Ball|p2a: Ting-Lu
|-supereffective|p2a: Ting-Lu
|-damage|p2a: Ting-Lu|20/100
|move|p2a: Ting-Lu|Ruination|p1a: Zeke
|-damage|p1a: Zeke|51/100
|
|-weather|RainDance|[upkeep]
|-heal|p2a: Ting-Lu|26/100|[from] item: Leftovers
|upkeep
|turn|19
|
|t:|1781357079
|switch|p2a: Latios|Latios, M|100/100
|move|p1a: Zeke|Weather Ball|p2a: Latios
|-resisted|p2a: Latios
|-damage|p2a: Latios|64/100
|
|-weather|none
|upkeep
|turn|20
|
|t:|1781357091
|switch|p1a: Annie|Hatterene, F|8/100
|move|p2a: Latios|Psychic Noise|p1a: Annie
|-resisted|p1a: Annie
|-damage|p1a: Annie|0 fnt
|faint|p1a: Annie
|
|upkeep
|
|t:|1781357100
|switch|p1a: Armin|Pelipper, F|79/100
|-weather|RainDance|[from] ability: Drizzle|[of] p1a: Armin
|turn|21
|
|t:|1781357107
|move|p2a: Latios|Psychic Noise|p1a: Armin
|-damage|p1a: Armin|26/100
|-start|p1a: Armin|move: Heal Block
|move|p1a: Armin|U-turn|p2a: Latios
|-supereffective|p2a: Latios
|-damage|p2a: Latios|37/100
|
|t:|1781357116
|switch|p1a: Levi|Barraskewda, M|44/100|[from] U-turn
|
|-weather|RainDance|[upkeep]
|upkeep
|turn|22
|
|t:|1781357125
|move|p1a: Levi|Flip Turn|p2a: Latios
|-resisted|p2a: Latios
|-damage|p2a: Latios|0 fnt
|faint|p2a: Latios
|
|t:|1781357133
|switch|p1a: Zeke|Zapdos, tera:Water|51/100|[from] Flip Turn
|
|-weather|RainDance|[upkeep]
|upkeep
|
|t:|1781357136
|switch|p2a: Darkrai|Darkrai|73/100
|turn|23
|inactive|CassiusAuBellossom has 120 seconds left.
|
|t:|1781357181
|move|p2a: Darkrai|Dark Pulse|p1a: Zeke
|-damage|p1a: Zeke|20/100
|cant|p1a: Zeke|flinch
|
|-weather|RainDance|[upkeep]
|upkeep
|turn|24
|
|t:|1781357190
|move|p2a: Darkrai|Dark Pulse|p1a: Zeke
|-damage|p1a: Zeke|0 fnt
|faint|p1a: Zeke
|
|-weather|RainDance|[upkeep]
|upkeep
|
|t:|1781357197
|switch|p1a: Levi|Barraskewda, M|44/100
|turn|25
|inactive|CassiusAuBellossom has 120 seconds left.
|
|t:|1781357208
|switch|p2a: Ting-Lu|Ting-Lu|26/100
|-ability|p2a: Ting-Lu|Vessel of Ruin
|move|p1a: Levi|Flip Turn|p2a: Ting-Lu
|-supereffective|p2a: Ting-Lu
|-damage|p2a: Ting-Lu|0 fnt
|faint|p2a: Ting-Lu
|
|t:|1781357216
|switch|p1a: Mikasa|Ogerpon-Wellspring, F|56/100|[from] Flip Turn
|
|-weather|none
|upkeep
|
|t:|1781357223
|switch|p2a: Darkrai|Darkrai|73/100
|turn|26
|
|t:|1781357227
|switch|p1a: Armin|Pelipper, F|26/100
|-weather|RainDance|[from] ability: Drizzle|[of] p1a: Armin
|move|p2a: Darkrai|Dark Pulse|p1a: Armin
|-damage|p1a: Armin|0 fnt
|faint|p1a: Armin
|
|-weather|RainDance|[upkeep]
|upkeep
|
|t:|1781357236
|switch|p1a: Levi|Barraskewda, M|44/100
|turn|27
|
|t:|1781357240
|move|p1a: Levi|Liquidation|p2a: Darkrai
|-damage|p2a: Darkrai|0 fnt
|faint|p2a: Darkrai
|
|-weather|RainDance|[upkeep]
|upkeep
|
|t:|1781357245
|switch|p2a: Dragonite|Dragonite, F|33/100
|turn|28
|
|t:|1781357249
|move|p2a: Dragonite|Extreme Speed|p1a: Levi
|-damage|p1a: Levi|0 fnt
|faint|p1a: Levi
|
|-weather|RainDance|[upkeep]
|upkeep
|
|t:|1781357255
|switch|p1a: Mikasa|Ogerpon-Wellspring, F|56/100
|turn|29
|
|t:|1781357258
|-terastallize|p2a: Dragonite|Normal
|move|p2a: Dragonite|Extreme Speed|p1a: Mikasa
|-damage|p1a: Mikasa|0 fnt
|faint|p1a: Mikasa
|
|win|ur doggo
|raw|CassiusAuBellossom's rating: 1607 &rarr; <strong>1589</strong><br />(-18 for losing)
|raw|ur doggo's rating: 1646 &rarr; <strong>1664</strong><br />(+18 for winning)
|l|☆CassiusAuBellossom
|player|p1|
|l|☆ur doggo
|player|p2|
