|j|☆dante1310
|j|☆LowEL0God
|t:|1781599996
|gametype|singles
|player|p1|dante1310|wallace|1613
|player|p2|LowEL0God|265|1781
|gen|9
|tier|[Gen 9] OU
|rated|
|rule|HP Percentage Mod: HP is shown in percentages
|rule|Endless Battle Clause: Forcing endless battles is banned
|rule|Species Clause: Limit one of each Pokémon
|rule|OHKO Clause: OHKO moves are banned
|rule|Evasion Items Clause: Evasion items are banned
|rule|Evasion Moves Clause: Evasion moves are banned
|rule|Evasion Abilities Clause: Evasion abilities are banned
|rule|Sleep Moves Clause: Sleep-inducing moves are banned
|clearpoke
|poke|p1|Iron Valiant|
|poke|p1|Cinderace, M|
|poke|p1|Ting-Lu|
|poke|p1|Latios, M|
|poke|p1|Mandibuzz, F|
|poke|p1|Slowking-Galar, F|
|poke|p2|Pelipper, F|
|poke|p2|Raging Bolt|
|poke|p2|Overqwil, F|
|poke|p2|Barraskewda, F|
|poke|p2|Iron Treads|
|poke|p2|Kingambit, F|
|teampreview
|c|☆LowEL0God|hf
|inactive|Battle timer is ON: inactive players will automatically lose when time's up. (requested by LowEL0God)
|j| iranrulz
|
|t:|1781600000
|teamsize|p1|6
|teamsize|p2|6
|start
|switch|p1a: Slowking|Slowking-Galar, F|100/100
|switch|p2a: Barraskewda|Barraskewda, F|100/100
|turn|1
|
|t:|1781600005
|move|p2a: Barraskewda|Flip Turn|p1a: Slowking
|-damage|p1a: Slowking|61/100
|
|t:|1781600007
|switch|p2a: Kingambit|Kingambit, F|100/100|[from] Flip Turn
|-prepare|p1a: Slowking|Chilly Reception|[premajor]
|move|p1a: Slowking|Chilly Reception|p1a: Slowking
|-weather|Snowscape
|
|t:|1781600012
|switch|p1a: Cinderace|Cinderace, M|100/100|[from] Chilly Reception
|
|-weather|Snowscape|[upkeep]
|upkeep
|turn|2
|
|t:|1781600017
|move|p1a: Cinderace|U-turn|p2a: Kingambit
|-start|p1a: Cinderace|typechange|Bug|[from] ability: Libero
|-damage|p2a: Kingambit|77/100
|
|t:|1781600030
|switch|p1a: Mandibuzz|Mandibuzz, F|100/100|[from] U-turn
|move|p2a: Kingambit|Swords Dance|p2a: Kingambit
|-boost|p2a: Kingambit|atk|2
|
|-weather|Snowscape|[upkeep]
|-heal|p2a: Kingambit|83/100|[from] item: Leftovers
|upkeep
|turn|3
|
|t:|1781600037
|move|p1a: Mandibuzz|Foul Play|p2a: Kingambit
|-resisted|p2a: Kingambit
|-damage|p2a: Kingambit|42/100
|move|p2a: Kingambit|Iron Head|p1a: Mandibuzz
|-crit|p1a: Mandibuzz
|-damage|p1a: Mandibuzz|20/100
|
|-weather|Snowscape|[upkeep]
|-heal|p2a: Kingambit|48/100|[from] item: Leftovers
|upkeep
|turn|4
|
|t:|1781600043
|move|p1a: Mandibuzz|Roost|p1a: Mandibuzz
|-heal|p1a: Mandibuzz|70/100
|-singleturn|p1a: Mandibuzz|move: Roost
|move|p2a: Kingambit|Iron Head|p1a: Mandibuzz
|-damage|p1a: Mandibuzz|14/100
|
|-weather|Snowscape|[upkeep]
|-heal|p2a: Kingambit|54/100|[from] item: Leftovers
|upkeep
|turn|5
|
|t:|1781600047
|move|p1a: Mandibuzz|Foul Play|p2a: Kingambit
|-resisted|p2a: Kingambit
|-damage|p2a: Kingambit|15/100
|move|p2a: Kingambit|Iron Head|p1a: Mandibuzz
|-damage|p1a: Mandibuzz|0 fnt
|faint|p1a: Mandibuzz
|
|-weather|none
|-heal|p2a: Kingambit|21/100|[from] item: Leftovers
|upkeep
|
|t:|1781600051
|switch|p1a: Iron Valiant|Iron Valiant|100/100
|turn|6
|
|t:|1781600053
|move|p2a: Kingambit|Sucker Punch|p1a: Iron Valiant
|-resisted|p1a: Iron Valiant
|-damage|p1a: Iron Valiant|76/100
|move|p1a: Iron Valiant|Spirit Break|p2a: Kingambit
|-damage|p2a: Kingambit|0 fnt
|faint|p2a: Kingambit
|-end|p2a: Kingambit|fallenundefined|[silent]
|
|upkeep
|
|t:|1781600054
|switch|p2a: Barraskewda|Barraskewda, F|100/100
|turn|7
|
|t:|1781600058
|-end|p1a: Iron Valiant|Quark Drive|[silent]
|switch|p1a: Rocketman|Latios, M|100/100
|move|p2a: Barraskewda|Liquidation|p1a: Rocketman
|-resisted|p1a: Rocketman
|-damage|p1a: Rocketman|53/100
|
|upkeep
|turn|8
|
|t:|1781600066
|-terastallize|p2a: Barraskewda|Water
|move|p2a: Barraskewda|Liquidation|p1a: Rocketman
|-resisted|p1a: Rocketman
|-damage|p1a: Rocketman|0 fnt
|faint|p1a: Rocketman
|
|upkeep
|
|t:|1781600072
|switch|p1a: Slowking|Slowking-Galar, F|95/100
|turn|9
|
|t:|1781600078
|-terastallize|p1a: Slowking|Water
|move|p2a: Barraskewda|Liquidation|p1a: Slowking
|-resisted|p1a: Slowking
|-damage|p1a: Slowking|61/100
|-unboost|p1a: Slowking|def|1
|move|p1a: Slowking|Toxic|p2a: Barraskewda
|-status|p2a: Barraskewda|tox
|
|-damage|p2a: Barraskewda|94/100 tox|[from] psn
|upkeep
|turn|10
|
|t:|1781600087
|move|p2a: Barraskewda|Liquidation|p1a: Slowking
|-resisted|p1a: Slowking
|-damage|p1a: Slowking|7/100
|-prepare|p1a: Slowking|Chilly Reception|[premajor]
|move|p1a: Slowking|Chilly Reception|p1a: Slowking
|-weather|Snowscape
|
|t:|1781600093
|switch|p1a: Cinderace|Cinderace, M|100/100|[from] Chilly Reception
|
|-weather|Snowscape|[upkeep]
|-damage|p2a: Barraskewda|82/100 tox|[from] psn
|upkeep
|turn|11
|
|t:|1781600095
|move|p1a: Cinderace|Sucker Punch|p2a: Barraskewda
|-start|p1a: Cinderace|typechange|Dark|[from] ability: Libero
|-damage|p2a: Barraskewda|11/100 tox
|move|p2a: Barraskewda|Liquidation|p1a: Cinderace
|-damage|p1a: Cinderace|0 fnt
|faint|p1a: Cinderace
|
|-weather|Snowscape|[upkeep]
|-damage|p2a: Barraskewda|0 fnt|[from] psn
|faint|p2a: Barraskewda
|upkeep
|
|t:|1781600103
|switch|p2a: Pelipper|Pelipper, F|100/100
|switch|p1a: Slowking|Slowking-Galar, F, tera:Water|40/100
|-weather|RainDance|[from] ability: Drizzle|[of] p2a: Pelipper
|turn|12
|
|t:|1781600105
|move|p2a: Pelipper|Hurricane|p1a: Slowking
|-damage|p1a: Slowking|13/100
|-prepare|p1a: Slowking|Chilly Reception|[premajor]
|move|p1a: Slowking|Chilly Reception|p1a: Slowking
|-weather|Snowscape
|
|t:|1781600110
|switch|p1a: Ting-Lu|Ting-Lu|100/100|[from] Chilly Reception
|-ability|p1a: Ting-Lu|Vessel of Ruin
|
|-weather|Snowscape|[upkeep]
|upkeep
|turn|13
|
|t:|1781600115
|move|p1a: Ting-Lu|Payback|p2a: Pelipper
|-damage|p2a: Pelipper|87/100
|move|p2a: Pelipper|Hurricane|p1a: Ting-Lu
|-damage|p1a: Ting-Lu|86/100
|
|-weather|Snowscape|[upkeep]
|-heal|p1a: Ting-Lu|92/100|[from] item: Leftovers
|upkeep
|turn|14
|
|t:|1781600120
|switch|p1a: Slowking|Slowking-Galar, F, tera:Water|46/100
|move|p2a: Pelipper|Hurricane|p1a: Slowking
|-damage|p1a: Slowking|19/100
|
|-weather|Snowscape|[upkeep]
|upkeep
|turn|15
|
|t:|1781600125
|switch|p1a: Ting-Lu|Ting-Lu|92/100
|-ability|p1a: Ting-Lu|Vessel of Ruin
|move|p2a: Pelipper|Hurricane|p1a: Ting-Lu|[miss]
|-miss|p2a: Pelipper|p1a: Ting-Lu
|
|-weather|Snowscape|[upkeep]
|-heal|p1a: Ting-Lu|98/100|[from] item: Leftovers
|upkeep
|turn|16
|
|t:|1781600132
|move|p1a: Ting-Lu|Payback|p2a: Pelipper
|-damage|p2a: Pelipper|73/100
|move|p2a: Pelipper|Hurricane|p1a: Ting-Lu|[miss]
|-miss|p2a: Pelipper|p1a: Ting-Lu
|
|-weather|none
|-heal|p1a: Ting-Lu|100/100|[from] item: Leftovers
|upkeep
|turn|17
|
|t:|1781600138
|switch|p1a: Slowking|Slowking-Galar, F, tera:Water|52/100
|move|p2a: Pelipper|Roost|p2a: Pelipper
|-heal|p2a: Pelipper|100/100
|-singleturn|p2a: Pelipper|move: Roost
|
|upkeep
|turn|18
|
|t:|1781600144
|move|p2a: Pelipper|Hurricane|p1a: Slowking|[miss]
|-miss|p2a: Pelipper|p1a: Slowking
|move|p1a: Slowking|Future Sight|p2a: Pelipper
|-start|p1a: Slowking|move: Future Sight
|
|upkeep
|turn|19
|
|t:|1781600146
|move|p2a: Pelipper|Hurricane|p1a: Slowking
|-damage|p1a: Slowking|24/100
|move|p1a: Slowking|Toxic|p2a: Pelipper
|-status|p2a: Pelipper|tox
|
|-damage|p2a: Pelipper|94/100 tox|[from] psn
|upkeep
|turn|20
|
|t:|1781600149
|switch|p2a: Overqwil|Overqwil, F|100/100
|switch|p1a: Ting-Lu|Ting-Lu|100/100
|-ability|p1a: Ting-Lu|Vessel of Ruin
|
|-end|p2a: Overqwil|move: Future Sight
|-immune|p2a: Overqwil
|upkeep
|turn|21
|
|t:|1781600151
|switch|p2a: Pelipper|Pelipper, F|94/100 tox
|-weather|RainDance|[from] ability: Drizzle|[of] p2a: Pelipper
|move|p1a: Ting-Lu|Earthquake|p2a: Pelipper
|-immune|p2a: Pelipper
|
|-weather|RainDance|[upkeep]
|-damage|p2a: Pelipper|88/100 tox|[from] psn
|upkeep
|turn|22
|
|t:|1781600156
|switch|p1a: Slowking|Slowking-Galar, F, tera:Water|57/100
|move|p2a: Pelipper|Weather Ball|p1a: Slowking
|-resisted|p1a: Slowking
|-damage|p1a: Slowking|38/100
|
|-weather|RainDance|[upkeep]
|-damage|p2a: Pelipper|76/100 tox|[from] psn
|upkeep
|turn|23
|
|t:|1781600161
|move|p2a: Pelipper|Hurricane|p1a: Slowking
|-damage|p1a: Slowking|9/100
|-start|p1a: Slowking|confusion
|-prepare|p1a: Slowking|Chilly Reception|[premajor]
|-activate|p1a: Slowking|confusion
|move|p1a: Slowking|Chilly Reception|p1a: Slowking
|-weather|Snowscape
|
|t:|1781600165
|switch|p1a: Ting-Lu|Ting-Lu|100/100|[from] Chilly Reception
|-ability|p1a: Ting-Lu|Vessel of Ruin
|
|-weather|Snowscape|[upkeep]
|-damage|p2a: Pelipper|57/100 tox|[from] psn
|upkeep
|turn|24
|
|t:|1781600167
|switch|p1a: Slowking|Slowking-Galar, F, tera:Water|42/100
|move|p2a: Pelipper|Roost|p2a: Pelipper
|-heal|p2a: Pelipper|100/100 tox
|-singleturn|p2a: Pelipper|move: Roost
|
|-weather|Snowscape|[upkeep]
|-damage|p2a: Pelipper|76/100 tox|[from] psn
|upkeep
|turn|25
|
|t:|1781600171
|move|p2a: Pelipper|U-turn|p1a: Slowking
|-crit|p1a: Slowking
|-damage|p1a: Slowking|31/100
|
|t:|1781600172
|switch|p2a: Overqwil|Overqwil, F|100/100|[from] U-turn
|-prepare|p1a: Slowking|Chilly Reception|[premajor]
|move|p1a: Slowking|Chilly Reception|p1a: Slowking
|
|t:|1781600174
|switch|p1a: Ting-Lu|Ting-Lu|100/100|[from] Chilly Reception
|-ability|p1a: Ting-Lu|Vessel of Ruin
|
|-weather|Snowscape|[upkeep]
|upkeep
|turn|26
|
|t:|1781600180
|switch|p2a: Pelipper|Pelipper, F|76/100 tox
|-weather|RainDance|[from] ability: Drizzle|[of] p2a: Pelipper
|move|p1a: Ting-Lu|Payback|p2a: Pelipper
|-damage|p2a: Pelipper|61/100 tox
|
|-weather|RainDance|[upkeep]
|-damage|p2a: Pelipper|55/100 tox|[from] psn
|upkeep
|turn|27
|
|t:|1781600183
|switch|p1a: Slowking|Slowking-Galar, F, tera:Water|64/100
|move|p2a: Pelipper|Roost|p2a: Pelipper
|-heal|p2a: Pelipper|100/100 tox
|-singleturn|p2a: Pelipper|move: Roost
|
|-weather|RainDance|[upkeep]
|-damage|p2a: Pelipper|88/100 tox|[from] psn
|upkeep
|turn|28
|
|t:|1781600186
|move|p2a: Pelipper|Hurricane|p1a: Slowking
|-damage|p1a: Slowking|34/100
|-prepare|p1a: Slowking|Chilly Reception|[premajor]
|move|p1a: Slowking|Chilly Reception|p1a: Slowking
|-weather|Snowscape
|
|t:|1781600188
|switch|p1a: Ting-Lu|Ting-Lu|100/100|[from] Chilly Reception
|-ability|p1a: Ting-Lu|Vessel of Ruin
|
|-weather|Snowscape|[upkeep]
|-damage|p2a: Pelipper|70/100 tox|[from] psn
|upkeep
|turn|29
|
|t:|1781600192
|move|p1a: Ting-Lu|Earthquake|p2a: Pelipper
|-immune|p2a: Pelipper
|move|p2a: Pelipper|Roost|p2a: Pelipper
|-heal|p2a: Pelipper|100/100 tox
|-singleturn|p2a: Pelipper|move: Roost
|
|-weather|Snowscape|[upkeep]
|-damage|p2a: Pelipper|76/100 tox|[from] psn
|upkeep
|turn|30
|
|t:|1781600198
|move|p1a: Ting-Lu|Earthquake|p2a: Pelipper
|-immune|p2a: Pelipper
|move|p2a: Pelipper|U-turn|p1a: Ting-Lu
|-supereffective|p1a: Ting-Lu
|-damage|p1a: Ting-Lu|90/100
|
|t:|1781600199
|switch|p2a: Overqwil|Overqwil, F|100/100|[from] U-turn
|
|-weather|Snowscape|[upkeep]
|-heal|p1a: Ting-Lu|96/100|[from] item: Leftovers
|upkeep
|turn|31
|
|t:|1781600202
|switch|p2a: Pelipper|Pelipper, F|76/100 tox
|-weather|RainDance|[from] ability: Drizzle|[of] p2a: Pelipper
|move|p1a: Ting-Lu|Earthquake|p2a: Pelipper
|-immune|p2a: Pelipper
|
|-weather|RainDance|[upkeep]
|-heal|p1a: Ting-Lu|100/100|[from] item: Leftovers
|-damage|p2a: Pelipper|70/100 tox|[from] psn
|upkeep
|turn|32
|
|t:|1781600203
|switch|p1a: Slowking|Slowking-Galar, F, tera:Water|68/100
|move|p2a: Pelipper|Weather Ball|p1a: Slowking
|-resisted|p1a: Slowking
|-damage|p1a: Slowking|48/100
|
|-weather|RainDance|[upkeep]
|-damage|p2a: Pelipper|57/100 tox|[from] psn
|upkeep
|turn|33
|
|t:|1781600206
|move|p2a: Pelipper|Roost|p2a: Pelipper
|-heal|p2a: Pelipper|100/100 tox
|-singleturn|p2a: Pelipper|move: Roost
|-prepare|p1a: Slowking|Chilly Reception|[premajor]
|move|p1a: Slowking|Chilly Reception|p1a: Slowking
|-weather|Snowscape
|
|t:|1781600209
|switch|p1a: Ting-Lu|Ting-Lu|100/100|[from] Chilly Reception
|-ability|p1a: Ting-Lu|Vessel of Ruin
|
|-weather|Snowscape|[upkeep]
|-damage|p2a: Pelipper|82/100 tox|[from] psn
|upkeep
|turn|34
|
|t:|1781600212
|switch|p1a: Slowking|Slowking-Galar, F, tera:Water|81/100
|move|p2a: Pelipper|U-turn|p1a: Slowking
|-damage|p1a: Slowking|74/100
|
|t:|1781600213
|switch|p2a: Overqwil|Overqwil, F|100/100|[from] U-turn
|
|-weather|Snowscape|[upkeep]
|upkeep
|turn|35
|
|t:|1781600222
|move|p2a: Overqwil|Gunk Shot|p1a: Slowking|[miss]
|-miss|p2a: Overqwil|p1a: Slowking
|-prepare|p1a: Slowking|Chilly Reception|[premajor]
|move|p1a: Slowking|Chilly Reception|p1a: Slowking
|
|t:|1781600224
|switch|p1a: Ting-Lu|Ting-Lu|100/100|[from] Chilly Reception
|-ability|p1a: Ting-Lu|Vessel of Ruin
|
|-weather|Snowscape|[upkeep]
|upkeep
|turn|36
|
|t:|1781600225
|switch|p2a: Pelipper|Pelipper, F|82/100 tox
|-weather|RainDance|[from] ability: Drizzle|[of] p2a: Pelipper
|switch|p1a: Slowking|Slowking-Galar, F, tera:Water|100/100
|
|-weather|RainDance|[upkeep]
|-damage|p2a: Pelipper|76/100 tox|[from] psn
|upkeep
|turn|37
|
|t:|1781600232
|move|p2a: Pelipper|Roost|p2a: Pelipper
|-heal|p2a: Pelipper|100/100 tox
|-singleturn|p2a: Pelipper|move: Roost
|move|p1a: Slowking|Future Sight|p2a: Pelipper
|-start|p1a: Slowking|move: Future Sight
|
|-weather|RainDance|[upkeep]
|-damage|p2a: Pelipper|88/100 tox|[from] psn
|upkeep
|turn|38
|
|t:|1781600239
|switch|p2a: Overqwil|Overqwil, F|100/100
|move|p1a: Slowking|Surf|p2a: Overqwil
|-damage|p2a: Overqwil|23/100
|
|-weather|RainDance|[upkeep]
|upkeep
|turn|39
|
|t:|1781600242
|move|p2a: Overqwil|Gunk Shot|p1a: Slowking
|-damage|p1a: Slowking|36/100
|-status|p1a: Slowking|psn
|-damage|p2a: Overqwil|13/100|[from] item: Life Orb
|move|p1a: Slowking|Surf|p2a: Overqwil
|-damage|p2a: Overqwil|0 fnt
|faint|p2a: Overqwil
|
|-weather|RainDance|[upkeep]
|-hint|Future Sight did not hit because the target is fainted.
|-damage|p1a: Slowking|24/100 psn|[from] psn
|upkeep
|
|t:|1781600243
|switch|p2a: Raging Bolt|Raging Bolt|100/100
|-enditem|p2a: Raging Bolt|Booster Energy
|-activate|p2a: Raging Bolt|ability: Protosynthesis|[fromitem]
|-start|p2a: Raging Bolt|protosynthesisspa
|turn|40
|
|t:|1781600252
|switch|p1a: Ting-Lu|Ting-Lu|100/100
|-ability|p1a: Ting-Lu|Vessel of Ruin
|move|p2a: Raging Bolt|Weather Ball|p1a: Ting-Lu
|-supereffective|p1a: Ting-Lu
|-damage|p1a: Ting-Lu|30/100
|
|-weather|RainDance|[upkeep]
|-heal|p1a: Ting-Lu|37/100|[from] item: Leftovers
|upkeep
|turn|41
|
|t:|1781600254
|switch|p1a: Slowking|Slowking-Galar, F, tera:Water|57/100 psn
|move|p2a: Raging Bolt|Weather Ball|p1a: Slowking
|-resisted|p1a: Slowking
|-damage|p1a: Slowking|30/100 psn
|
|-weather|RainDance|[upkeep]
|-damage|p1a: Slowking|17/100 psn|[from] psn
|upkeep
|turn|42
|
|t:|1781600260
|move|p2a: Raging Bolt|Weather Ball|p1a: Slowking
|-resisted|p1a: Slowking
|-damage|p1a: Slowking|0 fnt
|faint|p1a: Slowking
|
|-weather|RainDance|[upkeep]
|upkeep
|
|t:|1781600261
|switch|p1a: Iron Valiant|Iron Valiant|76/100
|turn|43
|
|t:|1781600265
|move|p2a: Raging Bolt|Thunderclap|p1a: Iron Valiant
|-damage|p1a: Iron Valiant|0 fnt
|faint|p1a: Iron Valiant
|-end|p1a: Iron Valiant|Quark Drive|[silent]
|
|-weather|none
|upkeep
|
|t:|1781600268
|switch|p1a: Ting-Lu|Ting-Lu|37/100
|-ability|p1a: Ting-Lu|Vessel of Ruin
|turn|44
|
|t:|1781600270
|move|p2a: Raging Bolt|Draco Meteor|p1a: Ting-Lu
|-damage|p1a: Ting-Lu|0 fnt
|-unboost|p2a: Raging Bolt|spa|2
|faint|p1a: Ting-Lu
|
|win|LowEL0God
|raw|dante1310's rating: 1613 &rarr; <strong>1602</strong><br />(-11 for losing)
|raw|LowEL0God's rating: 1781 &rarr; <strong>1792</strong><br />(+11 for winning)
|c|☆dante1310|gg
|c|☆LowEL0God|gg
|l|☆LowEL0God
|player|p2|
|l|☆dante1310
|player|p1|
