|j|☆abGodc
|j|‽Arboks Fangs
|t:|1781550096
|gametype|singles
|player|p1|abGodc|iris-gen5bw2|1675
|player|p2|Arboks Fangs|galacticgruntf|1667
|gen|9
|tier|[Gen 9] OU
|rated|
|rule|HP Percentage Mod: HP is shown in percentages
|rule|Endless Battle Clause: Forcing endless battles is banned
|rule|Species Clause: Limit one of each Pokémon
|rule|OHKO Clause: OHKO moves are banned
|rule|Evasion Items Clause: Evasion items are banned
|rule|Evasion Moves Clause: Evasion moves are banned
|rule|Evasion Abilities Clause: Evasion abilities are banned
|rule|Sleep Moves Clause: Sleep-inducing moves are banned
|clearpoke
|poke|p1|Ting-Lu|
|poke|p1|Slowking-Galar, M|
|poke|p1|Corviknight, M|
|poke|p1|Cinderace, M|
|poke|p1|Ogerpon-Wellspring, F|
|poke|p1|Raging Bolt|
|poke|p2|Ninetales-Alola, F|
|poke|p2|Klefki, M|
|poke|p2|Maushold-Four|
|poke|p2|Latias, F|
|poke|p2|Okidogi, M|
|poke|p2|Ogerpon-Wellspring, F|
|teampreview
|inactive|Battle timer is ON: inactive players will automatically lose when time's up. (requested by abGodc)
|
|t:|1781550108
|teamsize|p1|6
|teamsize|p2|6
|start
|switch|p1a: Cinderace|Cinderace, M|100/100
|switch|p2a: Klefki|Klefki, M|100/100
|turn|1
|
|t:|1781550111
|move|p2a: Klefki|Reflect|p2a: Klefki
|-sidestart|p2: Arboks Fangs|Reflect
|move|p1a: Cinderace|Pyro Ball|p2a: Klefki
|-supereffective|p2a: Klefki
|-damage|p2a: Klefki|44/100
|
|upkeep
|turn|2
|
|t:|1781550115
|move|p2a: Klefki|Thunder Wave|p1a: Cinderace
|-status|p1a: Cinderace|par
|move|p1a: Cinderace|Pyro Ball|p2a: Klefki
|-supereffective|p2a: Klefki
|-damage|p2a: Klefki|0 fnt
|faint|p2a: Klefki
|
|upkeep
|
|t:|1781550131
|switch|p2a: Okidogi|Okidogi, M|100/100
|turn|3
|
|t:|1781550136
|move|p2a: Okidogi|Bulk Up|p2a: Okidogi
|-boost|p2a: Okidogi|atk|1
|-boost|p2a: Okidogi|def|1
|move|p1a: Cinderace|Court Change|p1a: Cinderace
|-start|p1a: Cinderace|typechange|Normal|[from] ability: Libero
|-swapsideconditions
|-activate|p1a: Cinderace|move: Court Change
|
|upkeep
|turn|4
|
|t:|1781550140
|switch|p1a: Corviknight|Corviknight, M|100/100
|-ability|p1a: Corviknight|Pressure
|move|p2a: Okidogi|Knock Off|p1a: Corviknight
|-damage|p1a: Corviknight|85/100
|-damage|p2a: Okidogi|84/100|[from] item: Rocky Helmet|[of] p1a: Corviknight
|-enditem|p1a: Corviknight|Rocky Helmet|[from] move: Knock Off|[of] p2a: Okidogi
|
|-heal|p2a: Okidogi|90/100|[from] item: Leftovers
|upkeep
|turn|5
|
|t:|1781550149
|switch|p2a: Ninetales|Ninetales-Alola, F|100/100
|-weather|Snowscape|[from] ability: Snow Warning|[of] p2a: Ninetales
|move|p1a: Corviknight|U-turn|p2a: Ninetales
|-resisted|p2a: Ninetales
|-damage|p2a: Ninetales|95/100
|
|t:|1781550152
|switch|p1a: Ogerpon|Ogerpon-Wellspring, F|100/100|[from] U-turn
|
|-weather|Snowscape|[upkeep]
|upkeep
|turn|6
|
|t:|1781550154
|move|p1a: Ogerpon|Knock Off|p2a: Ninetales
|-resisted|p2a: Ninetales
|-damage|p2a: Ninetales|79/100
|-enditem|p2a: Ninetales|Light Clay|[from] move: Knock Off|[of] p1a: Ogerpon
|move|p2a: Ninetales|Aurora Veil|p2a: Ninetales
|-sidestart|p2: Arboks Fangs|move: Aurora Veil
|
|-weather|Snowscape|[upkeep]
|upkeep
|turn|7
|
|t:|1781550157
|move|p1a: Ogerpon|Encore|p2a: Ninetales
|-start|p2a: Ninetales|Encore
|move|p2a: Ninetales|Aurora Veil||[still]
|-fail|p2a: Ninetales
|
|-weather|Snowscape|[upkeep]
|upkeep
|turn|8
|
|t:|1781550159
|switch|p2a: Latias|Latias, F|100/100
|move|p1a: Ogerpon|U-turn|p2a: Latias
|-supereffective|p2a: Latias
|-damage|p2a: Latias|74/100
|-enditem|p2a: Latias|Weakness Policy
|-boost|p2a: Latias|atk|2|[from] item: Weakness Policy
|-boost|p2a: Latias|spa|2|[from] item: Weakness Policy
|
|t:|1781550162
|switch|p1a: Raging Bolt|Raging Bolt|100/100|[from] U-turn
|
|-weather|Snowscape|[upkeep]
|-sideend|p1: abGodc|Reflect
|upkeep
|turn|9
|
|t:|1781550171
|move|p2a: Latias|Stored Power|p1a: Raging Bolt
|-damage|p1a: Raging Bolt|8/100
|move|p1a: Raging Bolt|Thunderbolt|p2a: Latias
|-resisted|p2a: Latias
|-damage|p2a: Latias|57/100
|
|-weather|none
|upkeep
|turn|10
|
|t:|1781550178
|move|p2a: Latias|Stored Power|p1a: Raging Bolt
|-damage|p1a: Raging Bolt|0 fnt
|faint|p1a: Raging Bolt
|-end|p1a: Raging Bolt|Protosynthesis|[silent]
|
|-sideend|p2: Arboks Fangs|move: Aurora Veil
|upkeep
|
|t:|1781550181
|switch|p1a: Ogerpon|Ogerpon-Wellspring, F|100/100
|turn|11
|
|t:|1781550191
|move|p1a: Ogerpon|U-turn|p2a: Latias
|-supereffective|p2a: Latias
|-damage|p2a: Latias|2/100
|
|t:|1781550193
|switch|p1a: Cinderace|Cinderace, M|100/100 par|[from] U-turn
|move|p2a: Latias|Agility|p2a: Latias
|-boost|p2a: Latias|spe|2
|
|upkeep
|turn|12
|j| Shucklepilled
|
|t:|1781550196
|move|p1a: Cinderace|Sucker Punch|p2a: Latias
|-start|p1a: Cinderace|typechange|Dark|[from] ability: Libero
|-supereffective|p2a: Latias
|-damage|p2a: Latias|0 fnt
|faint|p2a: Latias
|
|upkeep
|
|t:|1781550199
|switch|p2a: Maushold|Maushold-Four|100/100
|turn|13
|
|t:|1781550203
|move|p2a: Maushold|Population Bomb|p1a: Cinderace
|-damage|p1a: Cinderace|82/100 par
|-damage|p1a: Cinderace|65/100 par
|-damage|p1a: Cinderace|47/100 par
|-damage|p1a: Cinderace|29/100 par
|-damage|p1a: Cinderace|12/100 par
|-damage|p1a: Cinderace|0 fnt
|faint|p1a: Cinderace
|-hitcount|p1: Cinderace|6
|
|upkeep
|
|t:|1781550206
|switch|p1a: Corviknight|Corviknight, M|85/100
|-ability|p1a: Corviknight|Pressure
|turn|14
|
|t:|1781550211
|-terastallize|p2a: Maushold|Ghost
|move|p2a: Maushold|Tidy Up|p2a: Maushold
|-boost|p2a: Maushold|atk|1
|-boost|p2a: Maushold|spe|1
|move|p1a: Corviknight|U-turn|p2a: Maushold
|-resisted|p2a: Maushold
|-damage|p2a: Maushold|90/100
|
|t:|1781550214
|switch|p1a: Ting-Lu|Ting-Lu|100/100|[from] U-turn
|-ability|p1a: Ting-Lu|Vessel of Ruin
|
|upkeep
|turn|15
|
|t:|1781550217
|move|p2a: Maushold|Population Bomb|p1a: Ting-Lu
|-damage|p1a: Ting-Lu|91/100
|-damage|p1a: Ting-Lu|81/100
|-crit|p1a: Ting-Lu
|-damage|p1a: Ting-Lu|66/100
|-damage|p1a: Ting-Lu|57/100
|-damage|p1a: Ting-Lu|47/100
|-damage|p1a: Ting-Lu|36/100
|-damage|p1a: Ting-Lu|26/100
|-damage|p1a: Ting-Lu|16/100
|-damage|p1a: Ting-Lu|6/100
|-damage|p1a: Ting-Lu|0 fnt
|faint|p1a: Ting-Lu
|-hitcount|p1: Ting-Lu|10
|
|upkeep
|
|t:|1781550224
|switch|p1a: Corviknight|Corviknight, M|85/100
|-ability|p1a: Corviknight|Pressure
|turn|16
|
|t:|1781550229
|move|p2a: Maushold|Population Bomb|p1a: Corviknight
|-resisted|p1a: Corviknight
|-damage|p1a: Corviknight|80/100
|-resisted|p1a: Corviknight
|-damage|p1a: Corviknight|74/100
|-resisted|p1a: Corviknight
|-damage|p1a: Corviknight|69/100
|-resisted|p1a: Corviknight
|-damage|p1a: Corviknight|64/100
|-resisted|p1a: Corviknight
|-damage|p1a: Corviknight|58/100
|-resisted|p1a: Corviknight
|-damage|p1a: Corviknight|53/100
|-resisted|p1a: Corviknight
|-damage|p1a: Corviknight|48/100
|-resisted|p1a: Corviknight
|-damage|p1a: Corviknight|43/100
|-resisted|p1a: Corviknight
|-damage|p1a: Corviknight|37/100
|-resisted|p1a: Corviknight
|-damage|p1a: Corviknight|31/100
|-hitcount|p1a: Corviknight|10
|move|p1a: Corviknight|U-turn|p2a: Maushold
|-resisted|p2a: Maushold
|-damage|p2a: Maushold|81/100
|-message|abGodc forfeited.
|
|win|Arboks Fangs
|raw|abGodc's rating: 1675 &rarr; <strong>1655</strong><br />(-20 for losing)
|raw|Arboks Fangs's rating: 1667 &rarr; <strong>1687</strong><br />(+20 for winning)
|l|☆abGodc
|player|p1|
|l| Shucklepilled
|l|‽Arboks Fangs
|player|p2|
