|j|☆anamchara
|j|☆deathprofessor21
|t:|1781218263
|gametype|singles
|player|p1|anamchara|265|1603
|player|p2|deathprofessor21|169|1619
|gen|9
|tier|[Gen 9] OU
|rated|
|rule|HP Percentage Mod: HP is shown in percentages
|rule|Endless Battle Clause: Forcing endless battles is banned
|rule|Species Clause: Limit one of each Pokémon
|rule|OHKO Clause: OHKO moves are banned
|rule|Evasion Items Clause: Evasion items are banned
|rule|Evasion Moves Clause: Evasion moves are banned
|rule|Evasion Abilities Clause: Evasion abilities are banned
|rule|Sleep Moves Clause: Sleep-inducing moves are banned
|clearpoke
|poke|p1|Slowking-Galar, M|
|poke|p1|Meowscarada, F|
|poke|p1|Iron Valiant|
|poke|p1|Ogerpon-Wellspring, F|
|poke|p1|Glimmora, F|
|poke|p1|Dragapult, M|
|poke|p2|Slowking-Galar, M|
|poke|p2|Hydrapple, M|
|poke|p2|Moltres|
|poke|p2|Raging Bolt|
|poke|p2|Zamazenta-*|
|poke|p2|Kleavor, F|
|teampreview
|inactive|Battle timer is ON: inactive players will automatically lose when time's up. (requested by deathprofessor21)
|inactive|anamchara has 120 seconds left.
|
|t:|1781218300
|teamsize|p1|6
|teamsize|p2|6
|start
|switch|p1a: Glimmora|Glimmora, F|100/100
|switch|p2a: Raging Bolt|Raging Bolt|100/100
|turn|1
|
|t:|1781218312
|move|p2a: Raging Bolt|Volt Switch|p1a: Glimmora
|-damage|p1a: Glimmora|46/100
|
|t:|1781218326
|-end|p2a: Raging Bolt|Protosynthesis|[silent]
|switch|p2a: Kleavor|Kleavor, F|100/100|[from] Volt Switch
|move|p1a: Glimmora|Earth Power|p2a: Kleavor
|-damage|p2a: Kleavor|32/100
|-damage|p1a: Glimmora|37/100|[from] item: Life Orb
|
|upkeep
|turn|2
|inactive|anamchara has 120 seconds left.
|
|t:|1781218381
|switch|p2a: Slowking|Slowking-Galar, M|100/100
|move|p1a: Glimmora|Stealth Rock|p2a: Slowking
|-sidestart|p2: deathprofessor21|move: Stealth Rock
|
|upkeep
|turn|3
|
|t:|1781218384
|move|p1a: Glimmora|Earth Power|p2a: Slowking
|-supereffective|p2a: Slowking
|-damage|p2a: Slowking|54/100
|-damage|p1a: Glimmora|27/100|[from] item: Life Orb
|move|p2a: Slowking|Psychic Noise|p1a: Glimmora
|-supereffective|p1a: Glimmora
|-crit|p1a: Glimmora
|-damage|p1a: Glimmora|0 fnt
|faint|p1a: Glimmora
|
|upkeep
|inactive|anamchara has 90 seconds left.
|
|t:|1781218420
|switch|p1a: Ogerpon|Ogerpon-Wellspring, F|100/100
|turn|4
|
|t:|1781218428
|switch|p2a: Hydrapple|Hydrapple, M|100/100
|-damage|p2a: Hydrapple|88/100|[from] Stealth Rock
|move|p1a: Ogerpon|Play Rough|p2a: Hydrapple
|-supereffective|p2a: Hydrapple
|-damage|p2a: Hydrapple|31/100
|
|upkeep
|turn|5
|inactive|anamchara has 90 seconds left.
|
|t:|1781218452
|switch|p2a: Moltres|Moltres|100/100
|move|p1a: Ogerpon|Ivy Cudgel|p2a: Moltres|[anim] Ivy Cudgel Water
|-supereffective|p2a: Moltres
|-damage|p2a: Moltres|0 fnt
|faint|p2a: Moltres
|
|upkeep
|
|t:|1781218462
|switch|p2a: Raging Bolt|Raging Bolt|100/100
|-damage|p2a: Raging Bolt|88/100|[from] Stealth Rock
|turn|6
|
|t:|1781218466
|move|p2a: Raging Bolt|Volt Switch|p1a: Ogerpon
|-damage|p1a: Ogerpon|49/100
|
|t:|1781218471
|-end|p2a: Raging Bolt|Protosynthesis|[silent]
|switch|p2a: Hydrapple|Hydrapple, M|65/100|[from] Volt Switch
|-damage|p2a: Hydrapple|52/100|[from] Stealth Rock
|move|p1a: Ogerpon|Play Rough|p2a: Hydrapple
|-supereffective|p2a: Hydrapple
|-damage|p2a: Hydrapple|0 fnt
|faint|p2a: Hydrapple
|
|upkeep
|
|t:|1781218477
|switch|p2a: Raging Bolt|Raging Bolt|88/100
|-damage|p2a: Raging Bolt|76/100|[from] Stealth Rock
|turn|7
|
|t:|1781218495
|switch|p1a: Slowking|Slowking-Galar, M|100/100
|move|p2a: Raging Bolt|Volt Switch|p1a: Slowking
|-damage|p1a: Slowking|79/100
|
|t:|1781218500
|-end|p2a: Raging Bolt|Protosynthesis|[silent]
|switch|p2a: Kleavor|Kleavor, F|32/100|[from] Volt Switch
|
|upkeep
|turn|8
|
|t:|1781218506
|switch|p1a: Iron Valiant|Iron Valiant|100/100
|-enditem|p1a: Iron Valiant|Booster Energy
|-activate|p1a: Iron Valiant|ability: Quark Drive|[fromitem]
|-start|p1a: Iron Valiant|quarkdrivespe
|move|p2a: Kleavor|Stone Axe|p1a: Iron Valiant
|-resisted|p1a: Iron Valiant
|-damage|p1a: Iron Valiant|67/100
|-sidestart|p1: anamchara|move: Stealth Rock
|
|upkeep
|turn|9
|
|t:|1781218517
|switch|p2a: Slowking|Slowking-Galar, M|88/100
|-damage|p2a: Slowking|75/100|[from] Stealth Rock
|move|p1a: Iron Valiant|Spirit Break|p2a: Slowking
|-resisted|p2a: Slowking
|-damage|p2a: Slowking|56/100
|-unboost|p2a: Slowking|spa|1
|
|upkeep
|turn|10
|inactive|anamchara has 120 seconds left.
|
|t:|1781218522
|-terastallize|p1a: Iron Valiant|Dark
|move|p1a: Iron Valiant|Knock Off|p2a: Slowking
|-supereffective|p2a: Slowking
|-crit|p2a: Slowking
|-damage|p2a: Slowking|0 fnt
|-enditem|p2a: Slowking|Assault Vest|[from] move: Knock Off|[of] p1a: Iron Valiant
|faint|p2a: Slowking
|
|upkeep
|
|t:|1781218533
|switch|p2a: Raging Bolt|Raging Bolt|76/100
|-damage|p2a: Raging Bolt|64/100|[from] Stealth Rock
|turn|11
|
|t:|1781218551
|-terastallize|p2a: Raging Bolt|Fairy
|move|p1a: Iron Valiant|Spirit Break|p2a: Raging Bolt
|-damage|p2a: Raging Bolt|26/100
|-unboost|p2a: Raging Bolt|spa|1
|move|p2a: Raging Bolt|Draco Meteor|p1a: Iron Valiant
|-damage|p1a: Iron Valiant|0 fnt
|-unboost|p2a: Raging Bolt|spa|2
|faint|p1a: Iron Valiant
|-end|p1a: Iron Valiant|Quark Drive|[silent]
|
|upkeep
|
|t:|1781218557
|switch|p1a: Ogerpon|Ogerpon-Wellspring, F|49/100
|-damage|p1a: Ogerpon|36/100|[from] Stealth Rock
|turn|12
|
|t:|1781218560
|-end|p2a: Raging Bolt|Protosynthesis|[silent]
|switch|p2a: Kleavor|Kleavor, F|32/100
|move|p1a: Ogerpon|Horn Leech|p2a: Kleavor
|-damage|p2a: Kleavor|0 fnt
|-heal|p1a: Ogerpon|51/100|[from] drain|[of] p2a: Kleavor
|faint|p2a: Kleavor
|
|upkeep
|
|t:|1781218563
|switch|p2a: Zamazenta|Zamazenta|100/100
|-damage|p2a: Zamazenta|94/100|[from] Stealth Rock
|-ability|p2a: Zamazenta|Dauntless Shield|boost
|-boost|p2a: Zamazenta|def|1
|turn|13
|
|t:|1781218573
|move|p2a: Zamazenta|Substitute|p2a: Zamazenta
|-start|p2a: Zamazenta|Substitute
|-damage|p2a: Zamazenta|69/100
|move|p1a: Ogerpon|Play Rough|p2a: Zamazenta
|-supereffective|p2a: Zamazenta
|-end|p2a: Zamazenta|Substitute
|
|-heal|p2a: Zamazenta|76/100|[from] item: Leftovers
|upkeep
|turn|14
|
|t:|1781218577
|move|p2a: Zamazenta|Body Press|p1a: Ogerpon
|-damage|p1a: Ogerpon|0 fnt
|faint|p1a: Ogerpon
|
|-heal|p2a: Zamazenta|82/100|[from] item: Leftovers
|upkeep
|
|t:|1781218590
|switch|p1a: Dragapult|Dragapult, M|100/100
|-damage|p1a: Dragapult|88/100|[from] Stealth Rock
|turn|15
|
|t:|1781218592
|move|p1a: Dragapult|Will-O-Wisp|p2a: Zamazenta
|-status|p2a: Zamazenta|brn
|move|p2a: Zamazenta|Crunch|p1a: Dragapult
|-supereffective|p1a: Dragapult
|-damage|p1a: Dragapult|53/100
|-unboost|p1a: Dragapult|def|1
|
|-heal|p2a: Zamazenta|88/100 brn|[from] item: Leftovers
|-damage|p2a: Zamazenta|82/100 brn|[from] brn
|upkeep
|turn|16
|
|t:|1781218596
|move|p1a: Dragapult|Hex|p2a: Zamazenta
|-damage|p2a: Zamazenta|24/100 brn
|-damage|p1a: Dragapult|43/100|[from] item: Life Orb
|move|p2a: Zamazenta|Crunch|p1a: Dragapult
|-supereffective|p1a: Dragapult
|-damage|p1a: Dragapult|0 fnt
|faint|p1a: Dragapult
|
|-heal|p2a: Zamazenta|30/100 brn|[from] item: Leftovers
|-damage|p2a: Zamazenta|24/100 brn|[from] brn
|upkeep
|
|t:|1781218604
|switch|p1a: Slowking|Slowking-Galar, M|100/100
|-damage|p1a: Slowking|88/100|[from] Stealth Rock
|turn|17
|
|t:|1781218608
|move|p2a: Zamazenta|Crunch|p1a: Slowking
|-supereffective|p1a: Slowking
|-damage|p1a: Slowking|69/100
|-unboost|p1a: Slowking|def|1
|move|p1a: Slowking|Psychic Noise|p2a: Zamazenta
|-supereffective|p2a: Zamazenta
|-damage|p2a: Zamazenta|0 fnt
|faint|p2a: Zamazenta
|
|upkeep
|
|t:|1781218610
|switch|p2a: Raging Bolt|Raging Bolt, tera:Fairy|26/100
|-damage|p2a: Raging Bolt|14/100|[from] Stealth Rock
|turn|18
|
|t:|1781218613
|move|p2a: Raging Bolt|Draco Meteor|p1a: Slowking
|-damage|p1a: Slowking|30/100
|-unboost|p2a: Raging Bolt|spa|2
|move|p1a: Slowking|Sludge Bomb|p2a: Raging Bolt
|-supereffective|p2a: Raging Bolt
|-damage|p2a: Raging Bolt|0 fnt
|faint|p2a: Raging Bolt
|-end|p2a: Raging Bolt|Protosynthesis|[silent]
|
|win|anamchara
|raw|anamchara's rating: 1583 &rarr; <strong>1605</strong><br />(+22 for winning)
|raw|deathprofessor21's rating: 1619 &rarr; <strong>1597</strong><br />(-22 for losing)
|l|☆anamchara
|player|p1|
