|j|☆Alfblu3
|j|☆phreshoatmeal
|t:|1781471593
|gametype|singles
|player|p1|Alfblu3|fisherman-gen4|1568
|player|p2|phreshoatmeal|265|1605
|gen|9
|tier|[Gen 9] OU
|rated|
|rule|HP Percentage Mod: HP is shown in percentages
|rule|Endless Battle Clause: Forcing endless battles is banned
|rule|Species Clause: Limit one of each Pokémon
|rule|OHKO Clause: OHKO moves are banned
|rule|Evasion Items Clause: Evasion items are banned
|rule|Evasion Moves Clause: Evasion moves are banned
|rule|Evasion Abilities Clause: Evasion abilities are banned
|rule|Sleep Moves Clause: Sleep-inducing moves are banned
|clearpoke
|poke|p1|Weezing-Galar, F|
|poke|p1|Alomomola, F|
|poke|p1|Iron Treads|
|poke|p1|Tornadus-Therian, M|
|poke|p1|Zamazenta-*|
|poke|p1|Lokix, M|
|poke|p2|Tyranitar, M|
|poke|p2|Excadrill, F|
|poke|p2|Hatterene, F|
|poke|p2|Hippowdon, F|
|poke|p2|Toxapex, F|
|poke|p2|Iron Valiant|
|teampreview
|inactive|Battle timer is ON: inactive players will automatically lose when time's up. (requested by Alfblu3)
|inactive|phreshoatmeal has 120 seconds left.
|inactive|phreshoatmeal has 90 seconds left.
|inactive|phreshoatmeal has 60 seconds left.
|
|t:|1781471706
|teamsize|p1|6
|teamsize|p2|6
|start
|switch|p1a: Lokix|Lokix, M|100/100
|switch|p2a: Hippowdon|Hippowdon, F|100/100
|-weather|Sandstorm|[from] ability: Sand Stream|[of] p2a: Hippowdon
|turn|1
|
|t:|1781471719
|switch|p2a: Toxapex|Toxapex, F|100/100
|-terastallize|p1a: Lokix|Bug
|move|p1a: Lokix|U-turn|p2a: Toxapex
|-resisted|p2a: Toxapex
|-damage|p2a: Toxapex|62/100
|-enditem|p2a: Toxapex|Eject Button
|inactive|phreshoatmeal has 90 seconds left.
|
|t:|1781471737
|switch|p2a: Iron Valiant|Iron Valiant|100/100
|
|-weather|Sandstorm|[upkeep]
|-damage|p2a: Iron Valiant|94/100|[from] Sandstorm
|-damage|p1a: Lokix|94/100|[from] Sandstorm
|upkeep
|turn|2
|
|t:|1781471747
|switch|p1a: Tornadus|Tornadus-Therian, M|100/100
|move|p2a: Iron Valiant|Thunderbolt|p1a: Tornadus
|-supereffective|p1a: Tornadus
|-damage|p1a: Tornadus|52/100
|-damage|p2a: Iron Valiant|85/100|[from] item: Life Orb
|
|-weather|Sandstorm|[upkeep]
|-damage|p1a: Tornadus|46/100|[from] Sandstorm
|-damage|p2a: Iron Valiant|78/100|[from] Sandstorm
|upkeep
|turn|3
|
|t:|1781471755
|-end|p2a: Iron Valiant|Quark Drive|[silent]
|switch|p2a: Excadrill|Excadrill, F|100/100
|move|p1a: Tornadus|U-turn|p2a: Excadrill
|-resisted|p2a: Excadrill
|-damage|p2a: Excadrill|91/100
|
|t:|1781471758
|switch|p1a: Alomomola|Alomomola, F|100/100|[from] U-turn
|
|-weather|Sandstorm|[upkeep]
|-damage|p1a: Alomomola|94/100|[from] Sandstorm
|upkeep
|turn|4
|
|t:|1781471768
|switch|p2a: Toxapex|Toxapex, F|95/100
|move|p1a: Alomomola|Flip Turn|p2a: Toxapex
|-resisted|p2a: Toxapex
|-damage|p2a: Toxapex|90/100
|
|t:|1781471772
|switch|p1a: Iron Treads|Iron Treads|100/100|[from] Flip Turn
|
|-weather|Sandstorm|[upkeep]
|-damage|p2a: Toxapex|84/100|[from] Sandstorm
|upkeep
|turn|5
|inactive|phreshoatmeal has 120 seconds left.
|
|t:|1781471781
|switch|p2a: Hatterene|Hatterene, F|100/100
|move|p1a: Iron Treads|Earthquake|p2a: Hatterene
|-damage|p2a: Hatterene|66/100
|
|-weather|none
|-heal|p2a: Hatterene|72/100|[from] item: Leftovers
|upkeep
|turn|6
|
|t:|1781471793
|move|p1a: Iron Treads|Earthquake|p2a: Hatterene
|-damage|p2a: Hatterene|36/100
|move|p2a: Hatterene|Pain Split|p1a: Iron Treads
|-sethp|p1a: Iron Treads|66/100|[from] move: Pain Split|[silent]
|-sethp|p2a: Hatterene|75/100|[from] move: Pain Split
|
|-heal|p1a: Iron Treads|72/100|[from] item: Leftovers
|-heal|p2a: Hatterene|81/100|[from] item: Leftovers
|upkeep
|turn|7
|
|t:|1781471799
|-end|p1a: Iron Treads|Quark Drive|[silent]
|switch|p1a: Tornadus|Tornadus-Therian, M|79/100
|move|p2a: Hatterene|Gravity|p2a: Hatterene
|-fieldstart|move: Gravity
|
|-heal|p2a: Hatterene|87/100|[from] item: Leftovers
|upkeep
|turn|8
|
|t:|1781471803
|switch|p2a: Hippowdon|Hippowdon, F|100/100
|-weather|Sandstorm|[from] ability: Sand Stream|[of] p2a: Hippowdon
|move|p1a: Tornadus|Knock Off|p2a: Hippowdon
|-damage|p2a: Hippowdon|90/100
|-enditem|p2a: Hippowdon|Eject Button|[from] move: Knock Off|[of] p1a: Tornadus
|
|-weather|Sandstorm|[upkeep]
|-damage|p1a: Tornadus|73/100|[from] Sandstorm
|upkeep
|turn|9
|
|t:|1781471809
|move|p1a: Tornadus|U-turn|p2a: Hippowdon
|-damage|p2a: Hippowdon|82/100
|
|t:|1781471815
|switch|p1a: Alomomola|Alomomola, F|100/100|[from] U-turn
|move|p2a: Hippowdon|Stealth Rock|p1a: Alomomola
|-sidestart|p1: Alfblu3|move: Stealth Rock
|
|-weather|Sandstorm|[upkeep]
|-damage|p1a: Alomomola|94/100|[from] Sandstorm
|upkeep
|turn|10
|
|t:|1781471825
|switch|p2a: Toxapex|Toxapex, F|100/100
|move|p1a: Alomomola|Tickle|p2a: Toxapex
|-unboost|p2a: Toxapex|atk|1
|-unboost|p2a: Toxapex|def|1
|
|-weather|Sandstorm|[upkeep]
|-damage|p1a: Alomomola|88/100|[from] Sandstorm
|-damage|p2a: Toxapex|95/100|[from] Sandstorm
|upkeep
|turn|11
|
|t:|1781471843
|switch|p2a: Iron Valiant|Iron Valiant|78/100
|move|p1a: Alomomola|Flip Turn|p2a: Iron Valiant
|-crit|p2a: Iron Valiant
|-damage|p2a: Iron Valiant|46/100
|
|t:|1781471850
|switch|p1a: Tornadus|Tornadus-Therian, M|100/100|[from] Flip Turn
|-damage|p1a: Tornadus|76/100|[from] Stealth Rock
|
|-weather|Sandstorm|[upkeep]
|-damage|p1a: Tornadus|69/100|[from] Sandstorm
|-damage|p2a: Iron Valiant|40/100|[from] Sandstorm
|-fieldend|move: Gravity
|upkeep
|turn|12
|
|t:|1781471866
|-end|p2a: Iron Valiant|Quark Drive|[silent]
|switch|p2a: Hatterene|Hatterene, F|87/100
|move|p1a: Tornadus|Bleakwind Storm|p2a: Hatterene
|-damage|p2a: Hatterene|46/100
|
|-weather|none
|-heal|p2a: Hatterene|52/100|[from] item: Leftovers
|upkeep
|turn|13
|
|t:|1781471875
|move|p1a: Tornadus|U-turn|p2a: Hatterene
|-damage|p2a: Hatterene|40/100
|
|t:|1781471878
|switch|p1a: Iron Treads|Iron Treads|72/100|[from] U-turn
|-damage|p1a: Iron Treads|69/100|[from] Stealth Rock
|move|p2a: Hatterene|Pain Split|p1a: Iron Treads
|-sethp|p1a: Iron Treads|52/100|[from] move: Pain Split|[silent]
|-sethp|p2a: Hatterene|59/100|[from] move: Pain Split
|
|-heal|p1a: Iron Treads|59/100|[from] item: Leftovers
|-heal|p2a: Hatterene|65/100|[from] item: Leftovers
|upkeep
|turn|14
|
|t:|1781471903
|move|p1a: Iron Treads|Rapid Spin|p2a: Hatterene
|-damage|p2a: Hatterene|53/100
|-boost|p1a: Iron Treads|spe|1
|-sideend|p1: Alfblu3|Stealth Rock|[from] move: Rapid Spin|[of] p1a: Iron Treads
|move|p2a: Hatterene|Gravity|p2a: Hatterene
|-fieldstart|move: Gravity
|
|-heal|p1a: Iron Treads|65/100|[from] item: Leftovers
|-heal|p2a: Hatterene|59/100|[from] item: Leftovers
|upkeep
|turn|15
|
|t:|1781471922
|-end|p1a: Iron Treads|Quark Drive|[silent]
|switch|p1a: Tornadus|Tornadus-Therian, M|100/100
|switch|p2a: Tyranitar|Tyranitar, M|100/100
|-weather|Sandstorm|[from] ability: Sand Stream|[of] p2a: Tyranitar
|
|-weather|Sandstorm|[upkeep]
|-damage|p1a: Tornadus|94/100|[from] Sandstorm
|upkeep
|turn|16
|
|t:|1781471928
|move|p1a: Tornadus|U-turn|p2a: Tyranitar
|-supereffective|p2a: Tyranitar
|-damage|p2a: Tyranitar|76/100
|-enditem|p2a: Tyranitar|Eject Button
|
|t:|1781471931
|switch|p2a: Excadrill|Excadrill, F|91/100
|
|-weather|Sandstorm|[upkeep]
|-damage|p1a: Tornadus|88/100|[from] Sandstorm
|upkeep
|turn|17
|
|t:|1781471933
|switch|p1a: Alomomola|Alomomola, F|100/100
|move|p2a: Excadrill|Earthquake|p1a: Alomomola
|-damage|p1a: Alomomola|50/100
|
|-weather|Sandstorm|[upkeep]
|-damage|p1a: Alomomola|44/100|[from] Sandstorm
|upkeep
|turn|18
|
|t:|1781471944
|move|p1a: Alomomola|Protect|p1a: Alomomola
|-singleturn|p1a: Alomomola|Protect
|move|p2a: Excadrill|Earthquake|p1a: Alomomola
|-activate|p1a: Alomomola|move: Protect
|
|-weather|Sandstorm|[upkeep]
|-damage|p1a: Alomomola|38/100|[from] Sandstorm
|-fieldend|move: Gravity
|upkeep
|turn|19
|
|t:|1781471953
|switch|p2a: Toxapex|Toxapex, F|100/100
|switch|p1a: Tornadus|Tornadus-Therian, M|100/100
|
|-weather|none
|upkeep
|turn|20
|
|t:|1781471974
|move|p1a: Tornadus|U-turn|p2a: Toxapex
|-resisted|p2a: Toxapex
|-damage|p2a: Toxapex|96/100
|
|t:|1781471975
|switch|p1a: Iron Treads|Iron Treads|65/100|[from] U-turn
|move|p2a: Toxapex|Liquidation|p1a: Iron Treads
|-supereffective|p1a: Iron Treads
|-damage|p1a: Iron Treads|32/100
|
|-heal|p1a: Iron Treads|39/100|[from] item: Leftovers
|upkeep
|turn|21
|
|t:|1781471982
|move|p1a: Iron Treads|Earthquake|p2a: Toxapex
|-supereffective|p2a: Toxapex
|-damage|p2a: Toxapex|48/100
|move|p2a: Toxapex|Liquidation|p1a: Iron Treads
|-supereffective|p1a: Iron Treads
|-damage|p1a: Iron Treads|8/100
|
|-heal|p1a: Iron Treads|14/100|[from] item: Leftovers
|upkeep
|turn|22
|
|t:|1781471989
|-end|p1a: Iron Treads|Quark Drive|[silent]
|switch|p1a: Tornadus|Tornadus-Therian, M|100/100
|switch|p2a: Hatterene|Hatterene, F|59/100
|
|-heal|p2a: Hatterene|65/100|[from] item: Leftovers
|upkeep
|turn|23
|
|t:|1781471999
|move|p1a: Tornadus|Knock Off|p2a: Hatterene
|-damage|p2a: Hatterene|50/100
|-enditem|p2a: Hatterene|Leftovers|[from] move: Knock Off|[of] p1a: Tornadus
|move|p2a: Hatterene|Future Sight|p1a: Tornadus
|-start|p2a: Hatterene|move: Future Sight
|
|upkeep
|turn|24
|
|t:|1781472012
|move|p1a: Tornadus|Bleakwind Storm|p2a: Hatterene
|-damage|p2a: Hatterene|9/100
|move|p2a: Hatterene|Draining Kiss|p1a: Tornadus
|-damage|p1a: Tornadus|85/100
|-heal|p2a: Hatterene|22/100|[from] drain|[of] p1a: Tornadus
|
|upkeep
|turn|25
|
|t:|1781472019
|move|p1a: Tornadus|Bleakwind Storm|p2a: Hatterene
|-damage|p2a: Hatterene|0 fnt
|faint|p2a: Hatterene
|
|-end|p1a: Tornadus|move: Future Sight
|-damage|p1a: Tornadus|47/100
|upkeep
|
|t:|1781472021
|switch|p2a: Iron Valiant|Iron Valiant|40/100
|turn|26
|
|t:|1781472033
|move|p1a: Tornadus|Bleakwind Storm|p2a: Iron Valiant
|-supereffective|p2a: Iron Valiant
|-damage|p2a: Iron Valiant|0 fnt
|faint|p2a: Iron Valiant
|-end|p2a: Iron Valiant|Quark Drive|[silent]
|
|upkeep
|
|t:|1781472040
|switch|p2a: Hippowdon|Hippowdon, F|82/100
|-weather|Sandstorm|[from] ability: Sand Stream|[of] p2a: Hippowdon
|turn|27
|
|t:|1781472056
|move|p1a: Tornadus|U-turn|p2a: Hippowdon
|-damage|p2a: Hippowdon|74/100
|
|t:|1781472059
|switch|p1a: Weezing|Weezing-Galar, F|100/100|[from] U-turn
|-ability|p1a: Weezing|Neutralizing Gas
|move|p2a: Hippowdon|Stealth Rock|p1a: Weezing
|-sidestart|p1: Alfblu3|move: Stealth Rock
|
|-weather|Sandstorm|[upkeep]
|-damage|p1a: Weezing|94/100|[from] Sandstorm
|-heal|p1a: Weezing|100/100|[from] item: Leftovers
|upkeep
|turn|28
|
|t:|1781472063
|switch|p2a: Excadrill|Excadrill, F|91/100
|move|p1a: Weezing|Defog|p2a: Excadrill
|-unboost|p2a: Excadrill|evasion|1
|-sideend|p1: Alfblu3|Stealth Rock|[from] move: Defog|[of] p1a: Weezing
|
|-weather|Sandstorm|[upkeep]
|-damage|p1a: Weezing|94/100|[from] Sandstorm
|-heal|p1a: Weezing|100/100|[from] item: Leftovers
|upkeep
|turn|29
|
|t:|1781472069
|move|p1a: Weezing|Protect|p1a: Weezing
|-singleturn|p1a: Weezing|Protect
|move|p2a: Excadrill|Iron Head|p1a: Weezing
|-activate|p1a: Weezing|move: Protect
|
|-weather|Sandstorm|[upkeep]
|-damage|p1a: Weezing|94/100|[from] Sandstorm
|-heal|p1a: Weezing|100/100|[from] item: Leftovers
|upkeep
|turn|30
|
|t:|1781472073
|-end|p1a: Weezing|ability: Neutralizing Gas
|switch|p1a: Alomomola|Alomomola, F|72/100
|move|p2a: Excadrill|Iron Head|p1a: Alomomola
|-resisted|p1a: Alomomola
|-damage|p1a: Alomomola|52/100
|-damage|p2a: Excadrill|74/100|[from] item: Rocky Helmet|[of] p1a: Alomomola
|
|-weather|Sandstorm|[upkeep]
|-damage|p1a: Alomomola|46/100|[from] Sandstorm
|upkeep
|turn|31
|
|t:|1781472076
|move|p2a: Excadrill|Iron Head|p1a: Alomomola
|-resisted|p1a: Alomomola
|-damage|p1a: Alomomola|23/100
|-damage|p2a: Excadrill|58/100|[from] item: Rocky Helmet|[of] p1a: Alomomola
|move|p1a: Alomomola|Flip Turn|p2a: Excadrill
|-supereffective|p2a: Excadrill
|-damage|p2a: Excadrill|11/100
|-message|phreshoatmeal forfeited.
|
|win|Alfblu3
|raw|Alfblu3's rating: 1568 &rarr; <strong>1590</strong><br />(+22 for winning)
|raw|phreshoatmeal's rating: 1605 &rarr; <strong>1583</strong><br />(-22 for losing)
|l|☆phreshoatmeal
|player|p2|
|l|☆Alfblu3
|player|p1|
