|j|☆Latin Playboy
|j|☆crck like alakazam
|t:|1781242124
|gametype|singles
|player|p1|Latin Playboy|preschooler|1630
|player|p2|crck like alakazam|psychicf-gen4|1572
|gen|9
|tier|[Gen 9] OU
|rated|
|rule|HP Percentage Mod: HP is shown in percentages
|rule|Endless Battle Clause: Forcing endless battles is banned
|rule|Species Clause: Limit one of each Pokémon
|rule|OHKO Clause: OHKO moves are banned
|rule|Evasion Items Clause: Evasion items are banned
|rule|Evasion Moves Clause: Evasion moves are banned
|rule|Evasion Abilities Clause: Evasion abilities are banned
|rule|Sleep Moves Clause: Sleep-inducing moves are banned
|clearpoke
|poke|p1|Kyurem|
|poke|p1|Azumarill, F|
|poke|p1|Rillaboom, F|
|poke|p1|Gliscor, M|
|poke|p1|Deoxys-Speed|
|poke|p1|Great Tusk|
|poke|p2|Iron Treads|
|poke|p2|Pelipper, F|
|poke|p2|Dondozo, F|
|poke|p2|Overqwil, M|
|poke|p2|Enamorus, F|
|poke|p2|Raging Bolt|
|teampreview
|inactive|Battle timer is ON: inactive players will automatically lose when time's up. (requested by crck like alakazam)
|inactive|Latin Playboy also wants the timer to be on.
|inactive|Latin Playboy has 120 seconds left.
|
|t:|1781242162
|teamsize|p1|6
|teamsize|p2|6
|start
|switch|p1a: Azumarill|Azumarill, F|100/100
|switch|p2a: 4Pc Peliac Combo|Pelipper, F|100/100
|-weather|RainDance|[from] ability: Drizzle|[of] p2a: 4Pc Peliac Combo
|turn|1
|j| euphoricpoptarts
|
|t:|1781242178
|move|p1a: Azumarill|Play Rough|p2a: 4Pc Peliac Combo
|-damage|p2a: 4Pc Peliac Combo|61/100
|move|p2a: 4Pc Peliac Combo|U-turn|p1a: Azumarill
|-resisted|p1a: Azumarill
|-damage|p1a: Azumarill|95/100
|l| euphoricpoptarts
|
|t:|1781242186
|switch|p2a: PurpleRain|Overqwil, M, shiny|100/100|[from] U-turn
|
|-weather|RainDance|[upkeep]
|upkeep
|turn|2
|
|t:|1781242198
|switch|p1a: Great Tusk|Great Tusk|100/100
|move|p2a: PurpleRain|Gunk Shot|p1a: Great Tusk|[miss]
|-miss|p2a: PurpleRain|p1a: Great Tusk
|
|-weather|RainDance|[upkeep]
|upkeep
|turn|3
|
|t:|1781242214
|switch|p2a: 4Pc Peliac Combo|Pelipper, F|61/100
|move|p1a: Great Tusk|Headlong Rush|p2a: 4Pc Peliac Combo
|-immune|p2a: 4Pc Peliac Combo
|
|-weather|RainDance|[upkeep]
|upkeep
|turn|4
|
|t:|1781242230
|-end|p1a: Great Tusk|Protosynthesis|[silent]
|switch|p1a: Azumarill|Azumarill, F|95/100
|move|p2a: 4Pc Peliac Combo|Roost|p2a: 4Pc Peliac Combo
|-heal|p2a: 4Pc Peliac Combo|100/100
|-singleturn|p2a: 4Pc Peliac Combo|move: Roost
|
|-weather|RainDance|[upkeep]
|upkeep
|turn|5
|j| isaac_gam3r
|
|t:|1781242236
|move|p1a: Azumarill|Knock Off|p2a: 4Pc Peliac Combo
|-damage|p2a: 4Pc Peliac Combo|72/100
|-enditem|p2a: 4Pc Peliac Combo|Damp Rock|[from] move: Knock Off|[of] p1a: Azumarill
|move|p2a: 4Pc Peliac Combo|U-turn|p1a: Azumarill
|-resisted|p1a: Azumarill
|-damage|p1a: Azumarill|91/100
|
|t:|1781242241
|switch|p2a: PurpleRain|Overqwil, M, shiny|100/100|[from] U-turn
|
|-weather|RainDance|[upkeep]
|upkeep
|turn|6
|
|t:|1781242262
|switch|p1a: Great Tusk|Great Tusk|100/100
|move|p2a: PurpleRain|Gunk Shot|p1a: Great Tusk|[miss]
|-miss|p2a: PurpleRain|p1a: Great Tusk
|
|-weather|RainDance|[upkeep]
|upkeep
|turn|7
|
|t:|1781242273
|switch|p2a: 4Pc Peliac Combo|Pelipper, F|72/100
|move|p1a: Great Tusk|Rock Tomb|p2a: 4Pc Peliac Combo
|-supereffective|p2a: 4Pc Peliac Combo
|-damage|p2a: 4Pc Peliac Combo|42/100
|-unboost|p2a: 4Pc Peliac Combo|spe|1
|
|-weather|RainDance|[upkeep]
|upkeep
|turn|8
|
|t:|1781242280
|-end|p1a: Great Tusk|Protosynthesis|[silent]
|switch|p1a: Azumarill|Azumarill, F|91/100
|move|p2a: 4Pc Peliac Combo|Roost|p2a: 4Pc Peliac Combo
|-heal|p2a: 4Pc Peliac Combo|92/100
|-singleturn|p2a: 4Pc Peliac Combo|move: Roost
|
|-weather|none
|upkeep
|turn|9
|
|t:|1781242298
|switch|p1a: Gliscor|Gliscor, M|100/100
|move|p2a: 4Pc Peliac Combo|U-turn|p1a: Gliscor
|-resisted|p1a: Gliscor
|-damage|p1a: Gliscor|97/100
|
|t:|1781242305
|switch|p2a: WishABozoWould|Dondozo, F|100/100|[from] U-turn
|
|-status|p1a: Gliscor|tox|[from] item: Toxic Orb
|upkeep
|turn|10
|
|t:|1781242310
|move|p1a: Gliscor|Stealth Rock|p2a: WishABozoWould
|-sidestart|p2: crck like alakazam|move: Stealth Rock
|move|p2a: WishABozoWould|Avalanche|p1a: Gliscor
|-supereffective|p1a: Gliscor
|-damage|p1a: Gliscor|13/100 tox
|
|-heal|p1a: Gliscor|25/100 tox|[from] ability: Poison Heal
|upkeep
|turn|11
|
|t:|1781242316
|switch|p2a: 4Pc Peliac Combo|Pelipper, F|92/100
|-damage|p2a: 4Pc Peliac Combo|67/100|[from] Stealth Rock
|-weather|RainDance|[from] ability: Drizzle|[of] p2a: 4Pc Peliac Combo
|move|p1a: Gliscor|Protect||[still]
|-fail|p1a: Gliscor
|
|-weather|RainDance|[upkeep]
|-heal|p1a: Gliscor|38/100 tox|[from] ability: Poison Heal
|upkeep
|turn|12
|
|t:|1781242331
|switch|p1a: Azumarill|Azumarill, F|91/100
|move|p2a: 4Pc Peliac Combo|Weather Ball|p1a: Azumarill
|-resisted|p1a: Azumarill
|-damage|p1a: Azumarill|76/100
|
|-weather|RainDance|[upkeep]
|upkeep
|turn|13
|
|t:|1781242342
|move|p1a: Azumarill|Liquidation|p2a: 4Pc Peliac Combo
|-resisted|p2a: 4Pc Peliac Combo
|-damage|p2a: 4Pc Peliac Combo|41/100
|-unboost|p2a: 4Pc Peliac Combo|def|1
|move|p2a: 4Pc Peliac Combo|Roost|p2a: 4Pc Peliac Combo
|-heal|p2a: 4Pc Peliac Combo|91/100
|-singleturn|p2a: 4Pc Peliac Combo|move: Roost
|
|-weather|RainDance|[upkeep]
|upkeep
|turn|14
|
|t:|1781242348
|switch|p2a: WishABozoWould|Dondozo, F|100/100
|-damage|p2a: WishABozoWould|88/100|[from] Stealth Rock
|move|p1a: Azumarill|Play Rough|p2a: WishABozoWould
|-damage|p2a: WishABozoWould|56/100
|-unboost|p2a: WishABozoWould|atk|1
|
|-weather|RainDance|[upkeep]
|upkeep
|turn|15
|
|t:|1781242358
|switch|p2a: C.T.E.Spins|Iron Treads|100/100
|-damage|p2a: C.T.E.Spins|97/100|[from] Stealth Rock
|-enditem|p2a: C.T.E.Spins|Booster Energy
|-activate|p2a: C.T.E.Spins|ability: Quark Drive|[fromitem]
|-start|p2a: C.T.E.Spins|quarkdrivespe
|move|p1a: Azumarill|Knock Off|p2a: C.T.E.Spins
|-damage|p2a: C.T.E.Spins|79/100
|
|-weather|none
|upkeep
|turn|16
|
|t:|1781242363
|move|p2a: C.T.E.Spins|Volt Switch|p1a: Azumarill
|-supereffective|p1a: Azumarill
|-damage|p1a: Azumarill|64/100
|
|t:|1781242374
|-end|p2a: C.T.E.Spins|Quark Drive|[silent]
|switch|p2a: 4Pc Peliac Combo|Pelipper, F|91/100|[from] Volt Switch
|-damage|p2a: 4Pc Peliac Combo|66/100|[from] Stealth Rock
|-weather|RainDance|[from] ability: Drizzle|[of] p2a: 4Pc Peliac Combo
|move|p1a: Azumarill|Liquidation|p2a: 4Pc Peliac Combo
|-resisted|p2a: 4Pc Peliac Combo
|-damage|p2a: 4Pc Peliac Combo|41/100
|
|-weather|RainDance|[upkeep]
|upkeep
|turn|17
|
|t:|1781242380
|switch|p1a: Kyurem|Kyurem|100/100
|-ability|p1a: Kyurem|Pressure
|move|p2a: 4Pc Peliac Combo|Roost|p2a: 4Pc Peliac Combo
|-heal|p2a: 4Pc Peliac Combo|92/100
|-singleturn|p2a: 4Pc Peliac Combo|move: Roost
|
|-weather|RainDance|[upkeep]
|upkeep
|turn|18
|
|t:|1781242396
|switch|p2a: C.T.E.Spins|Iron Treads|79/100
|-damage|p2a: C.T.E.Spins|76/100|[from] Stealth Rock
|move|p1a: Kyurem|Ice Beam|p2a: C.T.E.Spins
|-damage|p2a: C.T.E.Spins|0 fnt
|faint|p2a: C.T.E.Spins
|-end|p2a: C.T.E.Spins|Quark Drive|[silent]
|
|-weather|RainDance|[upkeep]
|upkeep
|
|t:|1781242400
|switch|p2a: PurpleRain|Overqwil, M, shiny|100/100
|-damage|p2a: PurpleRain|88/100|[from] Stealth Rock
|turn|19
|
|t:|1781242420
|move|p2a: PurpleRain|Swords Dance|p2a: PurpleRain
|-boost|p2a: PurpleRain|atk|2
|move|p1a: Kyurem|Ice Beam|p2a: PurpleRain
|-damage|p2a: PurpleRain|0 fnt
|faint|p2a: PurpleRain
|
|-weather|RainDance|[upkeep]
|upkeep
|-message|crck like alakazam forfeited.
|
|win|Latin Playboy
|raw|Latin Playboy's rating: 1630 &rarr; <strong>1647</strong><br />(+17 for winning)
|raw|crck like alakazam's rating: 1572 &rarr; <strong>1555</strong><br />(-17 for losing)
|l|☆crck like alakazam
|player|p2|
|l| isaac_gam3r
