|j|☆lianxiaonian
|j|☆Archerdadon
|t:|1780899583
|gametype|singles
|player|p1|lianxiaonian|265|1655
|player|p2|Archerdadon|marshal|1585
|gen|9
|tier|[Gen 9] OU
|rated|
|rule|HP Percentage Mod: HP is shown in percentages
|rule|Endless Battle Clause: Forcing endless battles is banned
|rule|Species Clause: Limit one of each Pokémon
|rule|OHKO Clause: OHKO moves are banned
|rule|Evasion Items Clause: Evasion items are banned
|rule|Evasion Moves Clause: Evasion moves are banned
|rule|Evasion Abilities Clause: Evasion abilities are banned
|rule|Sleep Moves Clause: Sleep-inducing moves are banned
|clearpoke
|poke|p1|Talonflame, F|
|poke|p1|Pelipper, F|
|poke|p1|Hatterene, F|
|poke|p1|Raging Bolt|
|poke|p1|Barraskewda, M|
|poke|p1|Iron Treads|
|poke|p2|Dondozo, F|
|poke|p2|Great Tusk|
|poke|p2|Ting-Lu|
|poke|p2|Glimmora, F|
|poke|p2|Scizor, M|
|poke|p2|Hydrapple, M|
|teampreview
|inactive|Battle timer is ON: inactive players will automatically lose when time's up. (requested by lianxiaonian)
|
|t:|1780899598
|teamsize|p1|6
|teamsize|p2|6
|start
|switch|p1a: Pelipper|Pelipper, F, shiny|100/100
|switch|p2a: Glimmora|Glimmora, F|100/100
|-weather|RainDance|[from] ability: Drizzle|[of] p1a: Pelipper
|turn|1
|
|t:|1780899601
|switch|p1a: 工具帽|Hatterene, F, shiny|100/100
|move|p2a: Glimmora|Power Gem|p1a: 工具帽
|-damage|p1a: 工具帽|58/100
|-enditem|p1a: 工具帽|Eject Button
|
|t:|1780899603
|switch|p1a: 工具象|Iron Treads|100/100
|-item|p1a: 工具象|Air Balloon
|
|-weather|RainDance|[upkeep]
|upkeep
|turn|2
|
|t:|1780899610
|switch|p2a: Ting-Lu|Ting-Lu|100/100
|-ability|p2a: Ting-Lu|Vessel of Ruin
|move|p1a: 工具象|Earthquake|p2a: Ting-Lu
|-damage|p2a: Ting-Lu|73/100
|
|-weather|RainDance|[upkeep]
|-heal|p2a: Ting-Lu|79/100|[from] item: Leftovers
|upkeep
|turn|3
|
|t:|1780899613
|move|p1a: 工具象|Stealth Rock|p2a: Ting-Lu
|-sidestart|p2: Archerdadon|move: Stealth Rock
|move|p2a: Ting-Lu|Payback|p1a: 工具象
|-damage|p1a: 工具象|64/100
|-enditem|p1a: 工具象|Air Balloon
|
|-weather|RainDance|[upkeep]
|-heal|p2a: Ting-Lu|85/100|[from] item: Leftovers
|upkeep
|turn|4
|
|t:|1780899615
|-end|p1a: 工具象|Quark Drive|[silent]
|switch|p1a: 最快的男人|Barraskewda, M, shiny|100/100
|move|p2a: Ting-Lu|Stealth Rock|p1a: 最快的男人
|-sidestart|p1: lianxiaonian|move: Stealth Rock
|
|-weather|RainDance|[upkeep]
|-heal|p2a: Ting-Lu|92/100|[from] item: Leftovers
|upkeep
|turn|5
|
|t:|1780899618
|switch|p2a: Hydrapple|Hydrapple, M|100/100
|-damage|p2a: Hydrapple|88/100|[from] Stealth Rock
|move|p1a: 最快的男人|Flip Turn|p2a: Hydrapple
|-resisted|p2a: Hydrapple
|-damage|p2a: Hydrapple|78/100
|-damage|p1a: 最快的男人|84/100|[from] item: Rocky Helmet|[of] p2a: Hydrapple
|
|t:|1780899621
|switch|p1a: 雷电士兵|Raging Bolt|100/100|[from] Flip Turn
|-damage|p1a: 雷电士兵|88/100|[from] Stealth Rock
|
|-weather|RainDance|[upkeep]
|upkeep
|turn|6
|
|t:|1780899630
|switch|p2a: Ting-Lu|Ting-Lu|92/100
|-damage|p2a: Ting-Lu|85/100|[from] Stealth Rock
|-ability|p2a: Ting-Lu|Vessel of Ruin
|move|p1a: 雷电士兵|Weather Ball|p2a: Ting-Lu
|-supereffective|p2a: Ting-Lu
|-damage|p2a: Ting-Lu|36/100
|
|-weather|RainDance|[upkeep]
|-heal|p2a: Ting-Lu|43/100|[from] item: Leftovers
|upkeep
|turn|7
|
|t:|1780899634
|-terastallize|p2a: Ting-Lu|Ghost
|move|p1a: 雷电士兵|Weather Ball|p2a: Ting-Lu
|-damage|p2a: Ting-Lu|17/100
|move|p2a: Ting-Lu|Rest|p2a: Ting-Lu
|-status|p2a: Ting-Lu|slp|[from] move: Rest
|-heal|p2a: Ting-Lu|100/100 slp|[silent]
|
|-weather|RainDance|[upkeep]
|upkeep
|turn|8
|
|t:|1780899638
|move|p1a: 雷电士兵|Volt Switch|p2a: Ting-Lu
|-damage|p2a: Ting-Lu|82/100 slp
|
|t:|1780899642
|-end|p1a: 雷电士兵|Protosynthesis|[silent]
|switch|p1a: 工具帽|Hatterene, F, shiny|58/100|[from] Volt Switch
|-damage|p1a: 工具帽|46/100|[from] Stealth Rock
|cant|p2a: Ting-Lu|slp
|
|-weather|none
|-heal|p2a: Ting-Lu|88/100 slp|[from] item: Leftovers
|upkeep
|turn|9
|
|t:|1780899645
|cant|p2a: Ting-Lu|slp
|move|p1a: 工具帽|Psychic Noise|p2a: Ting-Lu
|-damage|p2a: Ting-Lu|74/100 slp
|-start|p2a: Ting-Lu|move: Heal Block
|
|upkeep
|turn|10
|
|t:|1780899649
|switch|p1a: Pelipper|Pelipper, F, shiny|100/100
|-damage|p1a: Pelipper|76/100|[from] Stealth Rock
|-weather|RainDance|[from] ability: Drizzle|[of] p1a: Pelipper
|-curestatus|p2a: Ting-Lu|slp|[msg]
|move|p2a: Ting-Lu|Earthquake|p1a: Pelipper
|-immune|p1a: Pelipper
|
|-weather|RainDance|[upkeep]
|-end|p2a: Ting-Lu|move: Heal Block
|upkeep
|turn|11
|
|t:|1780899653
|move|p1a: Pelipper|U-turn|p2a: Ting-Lu
|-resisted|p2a: Ting-Lu
|-damage|p2a: Ting-Lu|72/100
|
|t:|1780899656
|switch|p1a: 最快的男人|Barraskewda, M, shiny|84/100|[from] U-turn
|-damage|p1a: 最快的男人|72/100|[from] Stealth Rock
|move|p2a: Ting-Lu|Payback|p1a: 最快的男人
|-damage|p1a: 最快的男人|34/100
|
|-weather|RainDance|[upkeep]
|-heal|p2a: Ting-Lu|78/100|[from] item: Leftovers
|upkeep
|turn|12
|
|t:|1780899660
|switch|p2a: Hydrapple|Hydrapple, M|100/100
|-damage|p2a: Hydrapple|88/100|[from] Stealth Rock
|move|p1a: 最快的男人|Flip Turn|p2a: Hydrapple
|-resisted|p2a: Hydrapple
|-damage|p2a: Hydrapple|78/100
|-damage|p1a: 最快的男人|18/100|[from] item: Rocky Helmet|[of] p2a: Hydrapple
|
|t:|1780899665
|switch|p1a: 雷电士兵|Raging Bolt|88/100|[from] Flip Turn
|-damage|p1a: 雷电士兵|75/100|[from] Stealth Rock
|
|-weather|RainDance|[upkeep]
|upkeep
|turn|13
|
|t:|1780899670
|move|p1a: 雷电士兵|Weather Ball|p2a: Hydrapple
|-resisted|p2a: Hydrapple
|-damage|p2a: Hydrapple|63/100
|move|p2a: Hydrapple|Fickle Beam|p1a: 雷电士兵
|-supereffective|p1a: 雷电士兵
|-damage|p1a: 雷电士兵|37/100
|
|-weather|RainDance|[upkeep]
|upkeep
|turn|14
|
|t:|1780899680
|switch|p2a: Scizor|Scizor, M|100/100
|-damage|p2a: Scizor|88/100|[from] Stealth Rock
|move|p1a: 雷电士兵|Weather Ball|p2a: Scizor
|-damage|p2a: Scizor|20/100
|
|-weather|RainDance|[upkeep]
|upkeep
|turn|15
|
|t:|1780899683
|move|p1a: 雷电士兵|Thunderclap|p2a: Scizor
|-damage|p2a: Scizor|0 fnt
|faint|p2a: Scizor
|
|-weather|RainDance|[upkeep]
|upkeep
|
|t:|1780899687
|switch|p2a: Great Tusk|Great Tusk|100/100
|turn|16
|
|t:|1780899695
|move|p2a: Great Tusk|Rapid Spin|p1a: 雷电士兵
|-damage|p1a: 雷电士兵|25/100
|-boost|p2a: Great Tusk|spe|1
|-sideend|p2: Archerdadon|Stealth Rock|[from] move: Rapid Spin|[of] p2a: Great Tusk
|move|p1a: 雷电士兵|Weather Ball|p2a: Great Tusk
|-supereffective|p2a: Great Tusk
|-damage|p2a: Great Tusk|0 fnt
|faint|p2a: Great Tusk
|-end|p2a: Great Tusk|Protosynthesis|[silent]
|
|-weather|RainDance|[upkeep]
|upkeep
|
|t:|1780899700
|switch|p2a: Glimmora|Glimmora, F|100/100
|turn|17
|
|t:|1780899704
|-end|p1a: 雷电士兵|Protosynthesis|[silent]
|switch|p1a: 工具象|Iron Treads|64/100
|-damage|p1a: 工具象|61/100|[from] Stealth Rock
|move|p2a: Glimmora|Sludge Wave|p1a: 工具象
|-immune|p1a: 工具象
|
|-weather|none
|upkeep
|turn|18
|
|t:|1780899710
|switch|p2a: Ting-Lu|Ting-Lu, tera:Ghost|78/100
|-ability|p2a: Ting-Lu|Vessel of Ruin
|move|p1a: 工具象|Earthquake|p2a: Ting-Lu
|-damage|p2a: Ting-Lu|52/100
|
|-heal|p2a: Ting-Lu|58/100|[from] item: Leftovers
|upkeep
|turn|19
|
|t:|1780899715
|move|p1a: 工具象|Stealth Rock|p2a: Ting-Lu
|-sidestart|p2: Archerdadon|move: Stealth Rock
|move|p2a: Ting-Lu|Earthquake|p1a: 工具象
|-supereffective|p1a: 工具象
|-damage|p1a: 工具象|0 fnt
|faint|p1a: 工具象
|-end|p1a: 工具象|Quark Drive|[silent]
|
|-heal|p2a: Ting-Lu|64/100|[from] item: Leftovers
|upkeep
|
|t:|1780899717
|switch|p1a: Pelipper|Pelipper, F, shiny|76/100
|-damage|p1a: Pelipper|51/100|[from] Stealth Rock
|-weather|RainDance|[from] ability: Drizzle|[of] p1a: Pelipper
|turn|20
|
|t:|1780899725
|move|p1a: Pelipper|Ice Beam|p2a: Ting-Lu
|-damage|p2a: Ting-Lu|57/100
|move|p2a: Ting-Lu|Payback|p1a: Pelipper
|-damage|p1a: Pelipper|22/100
|
|-weather|RainDance|[upkeep]
|-heal|p2a: Ting-Lu|63/100|[from] item: Leftovers
|upkeep
|turn|21
|
|t:|1780899729
|move|p1a: Pelipper|Roost|p1a: Pelipper
|-heal|p1a: Pelipper|72/100
|-singleturn|p1a: Pelipper|move: Roost
|move|p2a: Ting-Lu|Payback|p1a: Pelipper
|-damage|p1a: Pelipper|42/100
|
|-weather|RainDance|[upkeep]
|-heal|p2a: Ting-Lu|69/100|[from] item: Leftovers
|upkeep
|turn|22
|
|t:|1780899732
|move|p1a: Pelipper|Roost|p1a: Pelipper
|-heal|p1a: Pelipper|92/100
|-singleturn|p1a: Pelipper|move: Roost
|move|p2a: Ting-Lu|Payback|p1a: Pelipper
|-damage|p1a: Pelipper|64/100
|
|-weather|RainDance|[upkeep]
|-heal|p2a: Ting-Lu|75/100|[from] item: Leftovers
|upkeep
|turn|23
|
|t:|1780899734
|move|p1a: Pelipper|Ice Beam|p2a: Ting-Lu
|-damage|p2a: Ting-Lu|68/100
|move|p2a: Ting-Lu|Payback|p1a: Pelipper
|-damage|p1a: Pelipper|37/100
|
|-weather|RainDance|[upkeep]
|-heal|p2a: Ting-Lu|74/100|[from] item: Leftovers
|upkeep
|turn|24
|
|t:|1780899737
|move|p1a: Pelipper|Ice Beam|p2a: Ting-Lu
|-damage|p2a: Ting-Lu|66/100
|move|p2a: Ting-Lu|Payback|p1a: Pelipper
|-damage|p1a: Pelipper|9/100
|
|-weather|RainDance|[upkeep]
|-heal|p2a: Ting-Lu|72/100|[from] item: Leftovers
|upkeep
|turn|25
|
|t:|1780899740
|switch|p2a: Glimmora|Glimmora, F|100/100
|-damage|p2a: Glimmora|88/100|[from] Stealth Rock
|move|p1a: Pelipper|Roost|p1a: Pelipper
|-heal|p1a: Pelipper|59/100
|-singleturn|p1a: Pelipper|move: Roost
|
|-weather|RainDance|[upkeep]
|upkeep
|turn|26
|
|t:|1780899744
|switch|p1a: 工具帽|Hatterene, F, shiny|46/100
|-damage|p1a: 工具帽|34/100|[from] Stealth Rock
|move|p2a: Glimmora|Power Gem|p1a: 工具帽
|-damage|p1a: 工具帽|0 fnt
|faint|p1a: 工具帽
|
|-weather|RainDance|[upkeep]
|upkeep
|
|t:|1780899752
|switch|p1a: 最快的男人|Barraskewda, M, shiny|18/100
|-damage|p1a: 最快的男人|5/100|[from] Stealth Rock
|turn|27
|l|☆Archerdadon
|inactive|Archerdadon disconnected and has a minute to reconnect!
|player|p2|
|j|☆Archerdadon
|inactive|Archerdadon reconnected and has 125 seconds left.
|player|p2|Archerdadon|marshal|
|
|t:|1780899781
|switch|p2a: Hydrapple|Hydrapple, M|96/100
|-damage|p2a: Hydrapple|83/100|[from] Stealth Rock
|move|p1a: 最快的男人|Liquidation|p2a: Hydrapple
|-resisted|p2a: Hydrapple
|-damage|p2a: Hydrapple|69/100
|-damage|p1a: 最快的男人|0 fnt|[from] item: Rocky Helmet|[of] p2a: Hydrapple
|faint|p1a: 最快的男人
|
|-weather|none
|upkeep
|
|t:|1780899784
|switch|p1a: Pelipper|Pelipper, F, shiny|59/100
|-damage|p1a: Pelipper|35/100|[from] Stealth Rock
|-weather|RainDance|[from] ability: Drizzle|[of] p1a: Pelipper
|turn|28
|
|t:|1780899794
|switch|p2a: Glimmora|Glimmora, F|88/100
|-damage|p2a: Glimmora|76/100|[from] Stealth Rock
|move|p1a: Pelipper|Ice Beam|p2a: Glimmora
|-damage|p2a: Glimmora|49/100
|
|-weather|RainDance|[upkeep]
|upkeep
|turn|29
|
|t:|1780899797
|move|p2a: Glimmora|Power Gem|p1a: Pelipper
|-supereffective|p1a: Pelipper
|-damage|p1a: Pelipper|0 fnt
|faint|p1a: Pelipper
|
|-weather|RainDance|[upkeep]
|upkeep
|
|t:|1780899798
|switch|p1a: 疾风之翼！|Talonflame, F, shiny|100/100
|-damage|p1a: 疾风之翼！|51/100|[from] Stealth Rock
|turn|30
|
|t:|1780899804
|-terastallize|p1a: 疾风之翼！|Flying
|move|p1a: 疾风之翼！|Hurricane|p2a: Glimmora
|-resisted|p2a: Glimmora
|-damage|p2a: Glimmora|0 fnt
|faint|p2a: Glimmora
|
|-weather|RainDance|[upkeep]
|upkeep
|
|t:|1780899810
|switch|p2a: Dondozo|Dondozo, F|100/100
|-damage|p2a: Dondozo|88/100|[from] Stealth Rock
|turn|31
|
|t:|1780899812
|move|p1a: 疾风之翼！|Hurricane|p2a: Dondozo
|-damage|p2a: Dondozo|2/100
|move|p2a: Dondozo|Waterfall|p1a: 疾风之翼！
|-damage|p1a: 疾风之翼！|0 fnt
|faint|p1a: 疾风之翼！
|
|-weather|RainDance|[upkeep]
|-heal|p2a: Dondozo|8/100|[from] item: Leftovers
|upkeep
|
|t:|1780899816
|switch|p1a: 雷电士兵|Raging Bolt|25/100
|-damage|p1a: 雷电士兵|13/100|[from] Stealth Rock
|turn|32
|
|t:|1780899820
|move|p1a: 雷电士兵|Weather Ball|p2a: Dondozo
|-resisted|p2a: Dondozo
|-damage|p2a: Dondozo|0 fnt
|faint|p2a: Dondozo
|
|-weather|RainDance|[upkeep]
|upkeep
|
|t:|1780899822
|switch|p2a: Hydrapple|Hydrapple, M|100/100
|-damage|p2a: Hydrapple|88/100|[from] Stealth Rock
|turn|33
|
|t:|1780899823
|move|p1a: 雷电士兵|Draco Meteor|p2a: Hydrapple|[miss]
|-miss|p1a: 雷电士兵|p2a: Hydrapple
|move|p2a: Hydrapple|Fickle Beam|p1a: 雷电士兵|[anim] Fickle Beam All Out
|-activate|p2a: Hydrapple|move: Fickle Beam
|-supereffective|p1a: 雷电士兵
|-damage|p1a: 雷电士兵|0 fnt
|faint|p1a: 雷电士兵
|-end|p1a: 雷电士兵|Protosynthesis|[silent]
|
|win|Archerdadon
|raw|lianxiaonian's rating: 1655 &rarr; <strong>1631</strong><br />(-24 for losing)
|raw|Archerdadon's rating: 1585 &rarr; <strong>1609</strong><br />(+24 for winning)
|l|☆Archerdadon
|player|p2|
|l|☆lianxiaonian
|player|p1|
