|j|☆tauros3
|j|☆Brassendaer
|t:|1781015935
|gametype|singles
|player|p1|tauros3|swimmer-gen4dp|1529
|player|p2|Brassendaer|policeman-gen4|1588
|gen|9
|tier|[Gen 9] OU
|rated|
|rule|HP Percentage Mod: HP is shown in percentages
|rule|Endless Battle Clause: Forcing endless battles is banned
|rule|Species Clause: Limit one of each Pokémon
|rule|OHKO Clause: OHKO moves are banned
|rule|Evasion Items Clause: Evasion items are banned
|rule|Evasion Moves Clause: Evasion moves are banned
|rule|Evasion Abilities Clause: Evasion abilities are banned
|rule|Sleep Moves Clause: Sleep-inducing moves are banned
|clearpoke
|poke|p1|Darkrai|
|poke|p1|Kyurem|
|poke|p1|Azumarill, F|
|poke|p1|Great Tusk|
|poke|p1|Slowking-Galar, M|
|poke|p1|Cinderace, F|
|poke|p2|Clefable, M|
|poke|p2|Mandibuzz, F|
|poke|p2|Tyranitar, M|
|poke|p2|Metagross|
|poke|p2|Greninja-*, M|
|poke|p2|Zamazenta-*|
|teampreview
|inactive|Battle timer is ON: inactive players will automatically lose when time's up. (requested by tauros3)
|
|t:|1781015947
|teamsize|p1|6
|teamsize|p2|6
|start
|switch|p1a: Cinderace|Cinderace, F|100/100
|switch|p2a: Clefable|Clefable, M, shiny|100/100
|turn|1
|
|t:|1781015955
|switch|p2a: Mandibuzz|Mandibuzz, F|100/100
|move|p1a: Cinderace|U-turn|p2a: Mandibuzz
|-damage|p2a: Mandibuzz|90/100
|
|t:|1781015959
|switch|p1a: Kyurem|Kyurem|100/100|[from] U-turn
|-ability|p1a: Kyurem|Pressure
|
|upkeep
|turn|2
|
|t:|1781015969
|switch|p2a: Metagross|Metagross|100/100
|move|p1a: Kyurem|Earth Power|p2a: Metagross
|-supereffective|p2a: Metagross
|-damage|p2a: Metagross|2/100
|
|upkeep
|turn|3
|
|t:|1781015978
|switch|p1a: Great Tusk|Great Tusk|100/100
|move|p2a: Metagross|Bullet Punch|p1a: Great Tusk
|-damage|p1a: Great Tusk|84/100
|
|upkeep
|turn|4
|
|t:|1781015988
|switch|p2a: Mandibuzz|Mandibuzz, F|90/100
|move|p1a: Great Tusk|Rapid Spin|p2a: Mandibuzz
|-damage|p2a: Mandibuzz|80/100
|-boost|p1a: Great Tusk|spe|1
|
|upkeep
|turn|5
|
|t:|1781015995
|-end|p1a: Great Tusk|Protosynthesis|[silent]
|switch|p1a: Slowking|Slowking-Galar, M|100/100
|move|p2a: Mandibuzz|Foul Play|p1a: Slowking
|-supereffective|p1a: Slowking
|-damage|p1a: Slowking|64/100
|
|upkeep
|turn|6
|
|t:|1781016004
|move|p2a: Mandibuzz|Knock Off|p1a: Slowking
|-supereffective|p1a: Slowking
|-damage|p1a: Slowking|14/100
|-enditem|p1a: Slowking|Heavy-Duty Boots|[from] move: Knock Off|[of] p2a: Mandibuzz
|move|p1a: Slowking|Thunder Wave|p2a: Mandibuzz
|-status|p2a: Mandibuzz|par
|
|upkeep
|turn|7
|
|t:|1781016010
|switch|p1a: Great Tusk|Great Tusk|84/100
|move|p2a: Mandibuzz|Knock Off|p1a: Great Tusk
|-resisted|p1a: Great Tusk
|-damage|p1a: Great Tusk|75/100
|-damage|p2a: Mandibuzz|64/100 par|[from] item: Rocky Helmet|[of] p1a: Great Tusk
|-enditem|p1a: Great Tusk|Rocky Helmet|[from] move: Knock Off|[of] p2a: Mandibuzz
|
|upkeep
|turn|8
|
|t:|1781016016
|move|p1a: Great Tusk|Stealth Rock|p2a: Mandibuzz
|-sidestart|p2: Brassendaer|move: Stealth Rock
|move|p2a: Mandibuzz|Roost|p2a: Mandibuzz
|-heal|p2a: Mandibuzz|100/100 par
|-singleturn|p2a: Mandibuzz|move: Roost
|
|upkeep
|turn|9
|
|t:|1781016020
|move|p1a: Great Tusk|Ice Spinner|p2a: Mandibuzz
|-supereffective|p2a: Mandibuzz
|-damage|p2a: Mandibuzz|68/100 par
|move|p2a: Mandibuzz|Defog|p1a: Great Tusk
|-unboost|p1a: Great Tusk|evasion|1
|-sideend|p2: Brassendaer|Stealth Rock|[from] move: Defog|[of] p2a: Mandibuzz
|
|upkeep
|turn|10
|
|t:|1781016028
|switch|p2a: Metagross|Metagross|2/100
|move|p1a: Great Tusk|Ice Spinner|p2a: Metagross
|-resisted|p2a: Metagross
|-damage|p2a: Metagross|0 fnt
|faint|p2a: Metagross
|
|upkeep
|
|t:|1781016030
|switch|p2a: Greninja|Greninja, M|100/100
|turn|11
|
|t:|1781016038
|-end|p1a: Great Tusk|Protosynthesis|[silent]
|switch|p1a: Azumarill|Azumarill, F|100/100
|move|p2a: Greninja|Ice Beam|p1a: Azumarill
|-start|p2a: Greninja|typechange|Ice|[from] ability: Protean
|-resisted|p1a: Azumarill
|-damage|p1a: Azumarill|84/100
|-damage|p2a: Greninja|91/100|[from] item: Life Orb
|
|upkeep
|turn|12
|
|t:|1781016044
|move|p2a: Greninja|Extrasensory|p1a: Azumarill
|-damage|p1a: Azumarill|63/100
|-damage|p2a: Greninja|81/100|[from] item: Life Orb
|move|p1a: Azumarill|Knock Off|p2a: Greninja
|-damage|p2a: Greninja|14/100
|-enditem|p2a: Greninja|Life Orb|[from] move: Knock Off|[of] p1a: Azumarill
|
|upkeep
|turn|13
|
|t:|1781016052
|switch|p2a: Mandibuzz|Mandibuzz, F|68/100 par
|move|p1a: Azumarill|Aqua Jet|p2a: Mandibuzz
|-damage|p2a: Mandibuzz|52/100 par
|
|upkeep
|turn|14
|
|t:|1781016056
|move|p1a: Azumarill|Play Rough|p2a: Mandibuzz
|-supereffective|p2a: Mandibuzz
|-damage|p2a: Mandibuzz|0 fnt
|faint|p2a: Mandibuzz
|
|upkeep
|
|t:|1781016062
|switch|p2a: Clefable|Clefable, M, shiny|100/100
|turn|15
|
|t:|1781016069
|move|p2a: Clefable|Moonblast|p1a: Azumarill
|-damage|p1a: Azumarill|42/100
|-unboost|p1a: Azumarill|spa|1
|move|p1a: Azumarill|Knock Off|p2a: Clefable
|-resisted|p2a: Clefable
|-damage|p2a: Clefable|78/100
|-enditem|p2a: Clefable|Leftovers|[from] move: Knock Off|[of] p1a: Azumarill
|
|upkeep
|turn|16
|
|t:|1781016075
|move|p2a: Clefable|Moonblast|p1a: Azumarill
|-damage|p1a: Azumarill|22/100
|move|p1a: Azumarill|Liquidation|p2a: Clefable
|-damage|p2a: Clefable|15/100
|
|upkeep
|turn|17
|
|t:|1781016080
|move|p2a: Clefable|Protect|p2a: Clefable
|-singleturn|p2a: Clefable|Protect
|move|p1a: Azumarill|Aqua Jet|p2a: Clefable
|-activate|p2a: Clefable|move: Protect
|
|upkeep
|turn|18
|
|t:|1781016085
|switch|p2a: Tyranitar|Tyranitar, M|100/100
|-weather|Sandstorm|[from] ability: Sand Stream|[of] p2a: Tyranitar
|move|p1a: Azumarill|Aqua Jet|p2a: Tyranitar
|-supereffective|p2a: Tyranitar
|-damage|p2a: Tyranitar|49/100
|
|-weather|Sandstorm|[upkeep]
|-damage|p1a: Azumarill|15/100|[from] Sandstorm
|upkeep
|turn|19
|
|t:|1781016091
|switch|p2a: Clefable|Clefable, M, shiny|15/100
|move|p1a: Azumarill|Aqua Jet|p2a: Clefable
|-damage|p2a: Clefable|0 fnt
|faint|p2a: Clefable
|
|-weather|Sandstorm|[upkeep]
|-damage|p1a: Azumarill|9/100|[from] Sandstorm
|upkeep
|
|t:|1781016099
|switch|p2a: Greninja|Greninja, M|14/100
|turn|20
|
|t:|1781016110
|switch|p2a: Tyranitar|Tyranitar, M|49/100
|move|p1a: Azumarill|Aqua Jet|p2a: Tyranitar
|-supereffective|p2a: Tyranitar
|-damage|p2a: Tyranitar|2/100
|
|-weather|Sandstorm|[upkeep]
|-damage|p1a: Azumarill|3/100|[from] Sandstorm
|upkeep
|turn|21
|
|t:|1781016115
|switch|p1a: Great Tusk|Great Tusk|75/100
|move|p2a: Tyranitar|Knock Off|p1a: Great Tusk
|-resisted|p1a: Great Tusk
|-damage|p1a: Great Tusk|54/100
|
|-weather|Sandstorm|[upkeep]
|upkeep
|turn|22
|
|t:|1781016122
|move|p1a: Great Tusk|Stealth Rock|p2a: Tyranitar
|-sidestart|p2: Brassendaer|move: Stealth Rock
|move|p2a: Tyranitar|Knock Off|p1a: Great Tusk
|-resisted|p1a: Great Tusk
|-damage|p1a: Great Tusk|35/100
|
|-weather|none
|upkeep
|turn|23
|
|t:|1781016124
|move|p1a: Great Tusk|Rapid Spin|p2a: Tyranitar
|-resisted|p2a: Tyranitar
|-damage|p2a: Tyranitar|0 fnt
|-boost|p1a: Great Tusk|spe|1
|faint|p2a: Tyranitar
|
|upkeep
|
|t:|1781016127
|switch|p2a: Zamazenta|Zamazenta|100/100
|-damage|p2a: Zamazenta|94/100|[from] Stealth Rock
|-ability|p2a: Zamazenta|Dauntless Shield|boost
|-boost|p2a: Zamazenta|def|1
|turn|24
|
|t:|1781016133
|move|p1a: Great Tusk|Headlong Rush|p2a: Zamazenta
|-damage|p2a: Zamazenta|64/100
|-unboost|p1a: Great Tusk|def|1
|-unboost|p1a: Great Tusk|spd|1
|move|p2a: Zamazenta|Iron Defense|p2a: Zamazenta
|-boost|p2a: Zamazenta|def|2
|
|upkeep
|turn|25
|
|t:|1781016140
|move|p1a: Great Tusk|Headlong Rush|p2a: Zamazenta
|-damage|p2a: Zamazenta|45/100
|-unboost|p1a: Great Tusk|def|1
|-unboost|p1a: Great Tusk|spd|1
|move|p2a: Zamazenta|Iron Defense|p2a: Zamazenta
|-boost|p2a: Zamazenta|def|2
|
|upkeep
|turn|26
|
|t:|1781016143
|move|p1a: Great Tusk|Headlong Rush|p2a: Zamazenta
|-damage|p2a: Zamazenta|31/100
|-unboost|p1a: Great Tusk|def|1
|-unboost|p1a: Great Tusk|spd|1
|move|p2a: Zamazenta|Rest|p2a: Zamazenta
|-status|p2a: Zamazenta|slp|[from] move: Rest
|-heal|p2a: Zamazenta|100/100 slp|[silent]
|-enditem|p2a: Zamazenta|Chesto Berry|[eat]
|-curestatus|p2a: Zamazenta|slp|[msg]
|
|upkeep
|turn|27
|
|t:|1781016154
|move|p1a: Great Tusk|Headlong Rush|p2a: Zamazenta
|-damage|p2a: Zamazenta|87/100
|-unboost|p1a: Great Tusk|def|1
|-unboost|p1a: Great Tusk|spd|1
|move|p2a: Zamazenta|Body Press|p1a: Great Tusk
|-damage|p1a: Great Tusk|0 fnt
|faint|p1a: Great Tusk
|-end|p1a: Great Tusk|Protosynthesis|[silent]
|
|upkeep
|
|t:|1781016157
|switch|p1a: Cinderace|Cinderace, F|100/100
|turn|28
|
|t:|1781016160
|-terastallize|p1a: Cinderace|Ghost
|move|p2a: Zamazenta|Body Press|p1a: Cinderace
|-immune|p1a: Cinderace
|move|p1a: Cinderace|Will-O-Wisp|p2a: Zamazenta
|-status|p2a: Zamazenta|brn
|
|-damage|p2a: Zamazenta|81/100 brn|[from] brn
|upkeep
|turn|29
|
|t:|1781016177
|switch|p1a: Slowking|Slowking-Galar, M|47/100
|move|p2a: Zamazenta|Rest|p2a: Zamazenta
|-status|p2a: Zamazenta|slp|[from] move: Rest
|-heal|p2a: Zamazenta|100/100 slp|[silent]
|
|upkeep
|turn|30
|
|t:|1781016182
|cant|p2a: Zamazenta|slp
|move|p1a: Slowking|Psychic Noise|p2a: Zamazenta
|-supereffective|p2a: Zamazenta
|-damage|p2a: Zamazenta|57/100 slp
|-start|p2a: Zamazenta|move: Heal Block
|
|upkeep
|turn|31
|
|t:|1781016186
|-terastallize|p2a: Zamazenta|Dark
|cant|p2a: Zamazenta|slp
|move|p1a: Slowking|Psychic Noise|p2a: Zamazenta
|-immune|p2a: Zamazenta
|
|-end|p2a: Zamazenta|move: Heal Block
|upkeep
|turn|32
|
|t:|1781016195
|-curestatus|p2a: Zamazenta|slp|[msg]
|move|p2a: Zamazenta|Crunch|p1a: Slowking
|-supereffective|p1a: Slowking
|-damage|p1a: Slowking|0 fnt
|faint|p1a: Slowking
|
|upkeep
|
|t:|1781016203
|switch|p1a: Cinderace|Cinderace, F, tera:Ghost|100/100
|turn|33
|
|t:|1781016207
|move|p2a: Zamazenta|Crunch|p1a: Cinderace
|-supereffective|p1a: Cinderace
|-damage|p1a: Cinderace|29/100
|move|p1a: Cinderace|Will-O-Wisp|p2a: Zamazenta
|-status|p2a: Zamazenta|brn
|
|-damage|p2a: Zamazenta|50/100 brn|[from] brn
|upkeep
|turn|34
|
|t:|1781016217
|move|p2a: Zamazenta|Rest|p2a: Zamazenta
|-status|p2a: Zamazenta|slp|[from] move: Rest
|-heal|p2a: Zamazenta|100/100 slp|[silent]
|move|p1a: Cinderace|U-turn|p2a: Zamazenta
|-supereffective|p2a: Zamazenta
|-damage|p2a: Zamazenta|92/100 slp
|
|t:|1781016220
|switch|p1a: Kyurem|Kyurem|100/100|[from] U-turn
|-ability|p1a: Kyurem|Pressure
|
|upkeep
|turn|35
|
|t:|1781016224
|cant|p2a: Zamazenta|slp
|move|p1a: Kyurem|Draco Meteor|p2a: Zamazenta
|-damage|p2a: Zamazenta|0 fnt
|-unboost|p1a: Kyurem|spa|2
|faint|p2a: Zamazenta
|
|upkeep
|
|t:|1781016228
|switch|p2a: Greninja|Greninja, M|14/100
|-damage|p2a: Greninja|2/100|[from] Stealth Rock
|turn|36
|
|t:|1781016234
|switch|p1a: Cinderace|Cinderace, F, tera:Ghost|29/100
|move|p2a: Greninja|Ice Beam|p1a: Cinderace
|-start|p2a: Greninja|typechange|Ice|[from] ability: Protean
|-damage|p1a: Cinderace|0 fnt
|faint|p1a: Cinderace
|
|upkeep
|
|t:|1781016237
|switch|p1a: Azumarill|Azumarill, F|3/100
|turn|37
|
|t:|1781016243
|move|p1a: Azumarill|Aqua Jet|p2a: Greninja
|-damage|p2a: Greninja|0 fnt
|faint|p2a: Greninja
|
|win|tauros3
|raw|tauros3's rating: 1529 &rarr; <strong>1552</strong><br />(+23 for winning)
|raw|Brassendaer's rating: 1588 &rarr; <strong>1565</strong><br />(-23 for losing)
|l|☆Brassendaer
|player|p2|
|l|☆tauros3
|player|p1|
