|badge|p2|silver|gen9ou|30-9
|uhtml|medal-msg|<div class="broadcast-blue">Curious what those medals under the avatar are? PS now has Ladder Seasons! For more information, check out the <a href="https://www.smogon.com/forums/threads/3740067/">thread on Smogon.</a></div>
|j|☆healorant
|j|☆moth ily
|t:|1781267335
|gametype|singles
|player|p1|healorant|alder|1778
|player|p2|moth ily|iono-masters|1921
|gen|9
|tier|[Gen 9] OU
|rated|
|rule|HP Percentage Mod: HP is shown in percentages
|rule|Endless Battle Clause: Forcing endless battles is banned
|rule|Species Clause: Limit one of each Pokémon
|rule|OHKO Clause: OHKO moves are banned
|rule|Evasion Items Clause: Evasion items are banned
|rule|Evasion Moves Clause: Evasion moves are banned
|rule|Evasion Abilities Clause: Evasion abilities are banned
|rule|Sleep Moves Clause: Sleep-inducing moves are banned
|clearpoke
|poke|p1|Garchomp, M|
|poke|p1|Kyurem|
|poke|p1|Cinderace, F|
|poke|p1|Iron Valiant|
|poke|p1|Zapdos|
|poke|p1|Kingambit, M|
|poke|p2|Slither Wing|
|poke|p2|Ninetales, M|
|poke|p2|Ceruledge, F|
|poke|p2|Great Tusk|
|poke|p2|Walking Wake|
|poke|p2|Venusaur, M|
|teampreview
|c|☆moth ily|hf
|c|☆healorant|hf
|
|t:|1781267347
|teamsize|p1|6
|teamsize|p2|6
|start
|switch|p1a: Garchomp|Garchomp, M|100/100
|switch|p2a: naruto|Ninetales, M|100/100
|-weather|SunnyDay|[from] ability: Drought|[of] p2a: naruto
|turn|1
|
|t:|1781267351
|switch|p2a: Nah I'd Spin|Great Tusk|100/100
|-activate|p2a: Nah I'd Spin|ability: Protosynthesis
|-start|p2a: Nah I'd Spin|protosynthesisspe
|move|p1a: Garchomp|Stealth Rock|p2a: Nah I'd Spin
|-sidestart|p2: moth ily|move: Stealth Rock
|
|-weather|SunnyDay|[upkeep]
|upkeep
|turn|2
|
|t:|1781267357
|switch|p1a: Zapdos|Zapdos|100/100
|move|p2a: Nah I'd Spin|Ice Spinner|p1a: Zapdos
|-supereffective|p1a: Zapdos
|-damage|p1a: Zapdos|69/100
|-status|p2a: Nah I'd Spin|par|[from] ability: Static|[of] p1a: Zapdos
|
|-weather|SunnyDay|[upkeep]
|upkeep
|turn|3
|
|t:|1781267361
|move|p1a: Zapdos|Volt Switch|p2a: Nah I'd Spin
|-immune|p2a: Nah I'd Spin
|cant|p2a: Nah I'd Spin|par
|
|-weather|SunnyDay|[upkeep]
|upkeep
|turn|4
|
|t:|1781267365
|move|p1a: Zapdos|Hurricane|p2a: Nah I'd Spin|[miss]
|-miss|p1a: Zapdos|p2a: Nah I'd Spin
|move|p2a: Nah I'd Spin|Rapid Spin|p1a: Zapdos
|-damage|p1a: Zapdos|59/100
|-boost|p2a: Nah I'd Spin|spe|1
|-sideend|p2: moth ily|Stealth Rock|[from] move: Rapid Spin|[of] p2a: Nah I'd Spin
|
|-weather|SunnyDay|[upkeep]
|upkeep
|turn|5
|
|t:|1781267372
|move|p2a: Nah I'd Spin|Stealth Rock|p1a: Zapdos
|-sidestart|p1: healorant|move: Stealth Rock
|move|p1a: Zapdos|Thunder Wave|p2a: Nah I'd Spin
|-immune|p2a: Nah I'd Spin
|
|-weather|SunnyDay|[upkeep]
|upkeep
|turn|6
|
|t:|1781267377
|-end|p2a: Nah I'd Spin|Protosynthesis|[silent]
|switch|p2a: Walkenheimer|Walking Wake|100/100
|-activate|p2a: Walkenheimer|ability: Protosynthesis
|-start|p2a: Walkenheimer|protosynthesisspe
|move|p1a: Zapdos|Roost|p1a: Zapdos
|-heal|p1a: Zapdos|100/100
|-singleturn|p1a: Zapdos|move: Roost
|
|-weather|SunnyDay|[upkeep]
|upkeep
|turn|7
|
|t:|1781267382
|move|p2a: Walkenheimer|Hydro Steam|p1a: Zapdos
|-damage|p1a: Zapdos|39/100
|move|p1a: Zapdos|Thunder Wave|p2a: Walkenheimer
|-status|p2a: Walkenheimer|par
|
|-weather|SunnyDay|[upkeep]
|upkeep
|turn|8
|
|t:|1781267393
|move|p2a: Walkenheimer|Weather Ball|p1a: Zapdos
|-damage|p1a: Zapdos|0 fnt
|faint|p1a: Zapdos
|
|-weather|none
|-end|p2a: Walkenheimer|Protosynthesis
|upkeep
|
|t:|1781267405
|switch|p1a: Kyurem|Kyurem|100/100
|-damage|p1a: Kyurem|76/100|[from] Stealth Rock
|-ability|p1a: Kyurem|Pressure
|turn|9
|
|t:|1781267407
|-end|p2a: Walkenheimer|Protosynthesis|[silent]
|switch|p2a: OMG ILY|Slither Wing|100/100
|move|p1a: Kyurem|Freeze-Dry|p2a: OMG ILY
|-damage|p2a: OMG ILY|76/100
|
|upkeep
|turn|10
|
|t:|1781267412
|switch|p1a: Cinderace|Cinderace, F|100/100
|move|p2a: OMG ILY|U-turn|p1a: Cinderace
|-resisted|p1a: Cinderace
|-crit|p1a: Cinderace
|-damage|p1a: Cinderace|60/100
|
|t:|1781267415
|-end|p2a: OMG ILY|Protosynthesis|[silent]
|switch|p2a: Red judas|Ceruledge, F|100/100|[from] U-turn
|-item|p2a: Red judas|Air Balloon
|
|upkeep
|turn|11
|
|t:|1781267418
|move|p1a: Cinderace|Court Change|p1a: Cinderace
|-start|p1a: Cinderace|typechange|Normal|[from] ability: Libero
|-swapsideconditions
|-activate|p1a: Cinderace|move: Court Change
|move|p2a: Red judas|Swords Dance|p2a: Red judas
|-boost|p2a: Red judas|atk|2
|
|upkeep
|turn|12
|
|t:|1781267422
|move|p1a: Cinderace|U-turn|p2a: Red judas
|-resisted|p2a: Red judas
|-damage|p2a: Red judas|93/100
|-ability|p2a: Red judas|Weak Armor|boost
|-unboost|p2a: Red judas|def|1
|-boost|p2a: Red judas|spe|2
|-enditem|p2a: Red judas|Air Balloon
|
|t:|1781267423
|switch|p1a: Garchomp|Garchomp, M|100/100|[from] U-turn
|move|p2a: Red judas|Swords Dance|p2a: Red judas
|-boost|p2a: Red judas|atk|2
|
|upkeep
|turn|13
|
|t:|1781267427
|move|p2a: Red judas|Poltergeist|p1a: Garchomp
|-activate|p1a: Garchomp|move: Poltergeist|Rocky Helmet
|-damage|p1a: Garchomp|0 fnt
|faint|p1a: Garchomp
|
|upkeep
|
|t:|1781267429
|switch|p1a: Cinderace|Cinderace, F|60/100
|turn|14
|
|t:|1781267431
|move|p2a: Red judas|Shadow Sneak|p1a: Cinderace
|-damage|p1a: Cinderace|0 fnt
|faint|p1a: Cinderace
|
|upkeep
|
|t:|1781267433
|switch|p1a: Iron Valiant|Iron Valiant|100/100
|-enditem|p1a: Iron Valiant|Booster Energy
|-activate|p1a: Iron Valiant|ability: Quark Drive|[fromitem]
|-start|p1a: Iron Valiant|quarkdrivespe
|turn|15
|
|t:|1781267444
|-terastallize|p2a: Red judas|Fairy
|move|p1a: Iron Valiant|Knock Off|p2a: Red judas
|-resisted|p2a: Red judas
|-damage|p2a: Red judas|71/100
|-ability|p2a: Red judas|Weak Armor|boost
|-unboost|p2a: Red judas|def|1
|-boost|p2a: Red judas|spe|2
|move|p2a: Red judas|Bitter Blade|p1a: Iron Valiant
|-damage|p1a: Iron Valiant|0 fnt
|-heal|p2a: Red judas|100/100|[from] drain|[of] p1a: Iron Valiant
|faint|p1a: Iron Valiant
|-end|p1a: Iron Valiant|Quark Drive|[silent]
|
|upkeep
|-message|healorant forfeited.
|
|win|moth ily
|raw|healorant's rating: 1778 &rarr; <strong>1766</strong><br />(-12 for losing)
|raw|moth ily's rating: 1921 &rarr; <strong>1933</strong><br />(+12 for winning)
|l|☆healorant
|player|p1|
|j| sfghjkjhgfdfgh
