|j|☆oblizzy
|j|‽TheCannonites
|t:|1781361186
|gametype|singles
|player|p1|oblizzy|skierf|1543
|player|p2|TheCannonites|n|1591
|gen|9
|tier|[Gen 9] OU
|rated|
|rule|HP Percentage Mod: HP is shown in percentages
|rule|Endless Battle Clause: Forcing endless battles is banned
|rule|Species Clause: Limit one of each Pokémon
|rule|OHKO Clause: OHKO moves are banned
|rule|Evasion Items Clause: Evasion items are banned
|rule|Evasion Moves Clause: Evasion moves are banned
|rule|Evasion Abilities Clause: Evasion abilities are banned
|rule|Sleep Moves Clause: Sleep-inducing moves are banned
|clearpoke
|poke|p1|Iron Valiant|
|poke|p1|Pincurchin, M|
|poke|p1|Pawmot, F|
|poke|p1|Iron Moth|
|poke|p1|Iron Leaves|
|poke|p1|Raging Bolt|
|poke|p2|Grimmsnarl, M|
|poke|p2|Blastoise, F|
|poke|p2|Hatterene, F|
|poke|p2|Iron Crown|
|poke|p2|Great Tusk|
|poke|p2|Ceruledge, M|
|teampreview
|inactive|Battle timer is ON: inactive players will automatically lose when time's up. (requested by TheCannonites)
|
|t:|1781361191
|teamsize|p1|6
|teamsize|p2|6
|start
|switch|p1a: Pincurchin|Pincurchin, M|100/100
|switch|p2a: Grimmsnarl|Grimmsnarl, M|100/100
|-fieldstart|move: Electric Terrain|[from] ability: Electric Surge|[of] p1a: Pincurchin
|turn|1
|
|t:|1781361198
|move|p2a: Grimmsnarl|Taunt|p1a: Pincurchin
|-start|p1a: Pincurchin|move: Taunt
|move|p1a: Pincurchin|Supercell Slam|p2a: Grimmsnarl
|-damage|p2a: Grimmsnarl|21/100
|
|upkeep
|turn|2
|
|t:|1781361212
|switch|p1a: Iron Moth|Iron Moth|100/100
|-activate|p1a: Iron Moth|ability: Quark Drive
|-start|p1a: Iron Moth|quarkdrivespa
|move|p2a: Grimmsnarl|Reflect|p2a: Grimmsnarl
|-sidestart|p2: TheCannonites|Reflect
|
|upkeep
|turn|3
|
|t:|1781361224
|move|p2a: Grimmsnarl|Light Screen|p2a: Grimmsnarl
|-sidestart|p2: TheCannonites|move: Light Screen
|move|p1a: Iron Moth|Fiery Dance|p2a: Grimmsnarl
|-damage|p2a: Grimmsnarl|0 fnt
|-boost|p1a: Iron Moth|spa|1
|faint|p2a: Grimmsnarl
|
|upkeep
|
|t:|1781361231
|switch|p2a: Blastoise|Blastoise, F|100/100
|turn|4
|
|t:|1781361235
|move|p1a: Iron Moth|Discharge|p2a: Blastoise
|-supereffective|p2a: Blastoise
|-damage|p2a: Blastoise|22/100
|-status|p2a: Blastoise|par
|move|p2a: Blastoise|Shell Smash|p2a: Blastoise
|-unboost|p2a: Blastoise|def|1
|-unboost|p2a: Blastoise|spd|1
|-boost|p2a: Blastoise|atk|2
|-boost|p2a: Blastoise|spa|2
|-boost|p2a: Blastoise|spe|2
|-enditem|p2a: Blastoise|White Herb
|-clearnegativeboost|p2a: Blastoise|[silent]
|
|upkeep
|turn|5
|
|t:|1781361247
|move|p1a: Iron Moth|Sludge Wave|p2a: Blastoise
|-damage|p2a: Blastoise|0 fnt
|faint|p2a: Blastoise
|
|upkeep
|
|t:|1781361253
|switch|p2a: Iron Crown|Iron Crown|100/100
|-activate|p2a: Iron Crown|ability: Quark Drive
|-start|p2a: Iron Crown|quarkdrivespa
|turn|6
|
|t:|1781361264
|-terastallize|p2a: Iron Crown|Fighting
|move|p1a: Iron Moth|Fiery Dance|p2a: Iron Crown
|-damage|p2a: Iron Crown|59/100
|move|p2a: Iron Crown|Agility|p2a: Iron Crown
|-boost|p2a: Iron Crown|spe|2
|
|upkeep
|turn|7
|
|t:|1781361273
|move|p2a: Iron Crown|Calm Mind|p2a: Iron Crown
|-boost|p2a: Iron Crown|spa|1
|-boost|p2a: Iron Crown|spd|1
|move|p1a: Iron Moth|Fiery Dance|p2a: Iron Crown
|-damage|p2a: Iron Crown|31/100
|-boost|p1a: Iron Moth|spa|1
|
|upkeep
|turn|8
|inactive|oblizzy has 120 seconds left.
|
|t:|1781361314
|-terastallize|p1a: Iron Moth|Fairy
|move|p2a: Iron Crown|Stored Power|p1a: Iron Moth
|-damage|p1a: Iron Moth|0 fnt
|faint|p1a: Iron Moth
|-end|p1a: Iron Moth|Quark Drive|[silent]
|
|-fieldend|move: Electric Terrain
|-end|p2a: Iron Crown|Quark Drive
|upkeep
|-enditem|p2a: Iron Crown|Booster Energy
|-activate|p2a: Iron Crown|ability: Quark Drive|[fromitem]
|-start|p2a: Iron Crown|quarkdrivespe
|inactive|oblizzy has 90 seconds left.
|
|t:|1781361341
|switch|p1a: Iron Leaves|Iron Leaves|100/100
|turn|9
|
|t:|1781361345
|move|p2a: Iron Crown|Stored Power|p1a: Iron Leaves
|-resisted|p1a: Iron Leaves
|-damage|p1a: Iron Leaves|61/100
|move|p1a: Iron Leaves|Psyblade|p2a: Iron Crown
|-supereffective|p2a: Iron Crown
|-damage|p2a: Iron Crown|0 fnt
|faint|p2a: Iron Crown
|-end|p2a: Iron Crown|Quark Drive|[silent]
|-damage|p1a: Iron Leaves|51/100|[from] item: Life Orb
|
|-sideend|p2: TheCannonites|Reflect
|upkeep
|
|t:|1781361359
|switch|p2a: Ceruledge|Ceruledge, M|100/100
|turn|10
|
|t:|1781361364
|move|p1a: Iron Leaves|Throat Chop|p2a: Ceruledge
|-supereffective|p2a: Ceruledge
|-damage|p2a: Ceruledge|0 fnt
|faint|p2a: Ceruledge
|-damage|p1a: Iron Leaves|41/100|[from] item: Life Orb
|
|-sideend|p2: TheCannonites|move: Light Screen
|upkeep
|
|t:|1781361371
|switch|p2a: Great Tusk|Great Tusk|100/100
|-enditem|p2a: Great Tusk|Booster Energy
|-activate|p2a: Great Tusk|ability: Protosynthesis|[fromitem]
|-start|p2a: Great Tusk|protosynthesisspe
|turn|11
|inactive|oblizzy has 120 seconds left.
|
|t:|1781361386
|move|p2a: Great Tusk|Bulk Up|p2a: Great Tusk
|-boost|p2a: Great Tusk|atk|1
|-boost|p2a: Great Tusk|def|1
|move|p1a: Iron Leaves|Psyblade|p2a: Great Tusk
|-supereffective|p2a: Great Tusk
|-damage|p2a: Great Tusk|57/100
|-damage|p1a: Iron Leaves|32/100|[from] item: Life Orb
|
|upkeep
|turn|12
|
|t:|1781361395
|move|p2a: Great Tusk|Bulk Up|p2a: Great Tusk
|-boost|p2a: Great Tusk|atk|1
|-boost|p2a: Great Tusk|def|1
|move|p1a: Iron Leaves|Psyblade|p2a: Great Tusk
|-supereffective|p2a: Great Tusk
|-damage|p2a: Great Tusk|23/100
|-damage|p1a: Iron Leaves|22/100|[from] item: Life Orb
|
|upkeep
|turn|13
|inactive|oblizzy has 120 seconds left.
|
|t:|1781361413
|move|p2a: Great Tusk|Rapid Spin|p1a: Iron Leaves
|-damage|p1a: Iron Leaves|0 fnt
|-boost|p2a: Great Tusk|spe|1
|faint|p1a: Iron Leaves
|-end|p1a: Iron Leaves|Quark Drive|[silent]
|
|upkeep
|
|t:|1781361419
|switch|p1a: Pincurchin|Pincurchin, M|100/100
|-fieldstart|move: Electric Terrain|[from] ability: Electric Surge|[of] p1a: Pincurchin
|turn|14
|
|t:|1781361425
|move|p2a: Great Tusk|Headlong Rush|p1a: Pincurchin
|-supereffective|p1a: Pincurchin
|-damage|p1a: Pincurchin|0 fnt
|-unboost|p2a: Great Tusk|def|1
|-unboost|p2a: Great Tusk|spd|1
|faint|p1a: Pincurchin
|
|upkeep
|inactive|oblizzy has 120 seconds left.
|
|t:|1781361446
|switch|p1a: Raging Bolt|Raging Bolt|100/100
|turn|15
|
|t:|1781361466
|-end|p1a: Raging Bolt|Protosynthesis|[silent]
|switch|p1a: Iron Valiant|Iron Valiant|100/100
|-activate|p1a: Iron Valiant|ability: Quark Drive
|-start|p1a: Iron Valiant|quarkdrivespe
|move|p2a: Great Tusk|Headlong Rush|p1a: Iron Valiant
|-damage|p1a: Iron Valiant|0 fnt
|-unboost|p2a: Great Tusk|def|1
|-unboost|p2a: Great Tusk|spd|1
|faint|p1a: Iron Valiant
|-end|p1a: Iron Valiant|Quark Drive|[silent]
|
|upkeep
|
|t:|1781361479
|switch|p1a: Raging Bolt|Raging Bolt|100/100
|turn|16
|
|t:|1781361483
|move|p2a: Great Tusk|Headlong Rush|p1a: Raging Bolt
|-supereffective|p1a: Raging Bolt
|-damage|p1a: Raging Bolt|0 fnt
|-unboost|p2a: Great Tusk|def|1
|-unboost|p2a: Great Tusk|spd|1
|faint|p1a: Raging Bolt
|-end|p1a: Raging Bolt|Protosynthesis|[silent]
|
|upkeep
|
|t:|1781361485
|switch|p1a: Pawmot|Pawmot, F|100/100
|turn|17
|
|t:|1781361492
|move|p1a: Pawmot|Mach Punch|p2a: Great Tusk
|-damage|p2a: Great Tusk|7/100
|move|p2a: Great Tusk|Headlong Rush|p1a: Pawmot
|-supereffective|p1a: Pawmot
|-damage|p1a: Pawmot|0 fnt
|-unboost|p2a: Great Tusk|def|1
|-unboost|p2a: Great Tusk|spd|1
|faint|p1a: Pawmot
|
|win|TheCannonites
|raw|oblizzy's rating: 1543 &rarr; <strong>1526</strong><br />(-17 for losing)
|raw|TheCannonites's rating: 1591 &rarr; <strong>1608</strong><br />(+17 for winning)
|l|☆oblizzy
|player|p1|
|l|‽TheCannonites
|player|p2|
