|badge|p1|bronze|gen9ou|100-9
|uhtml|medal-msg|<div class="broadcast-blue">Curious what those medals under the avatar are? PS now has Ladder Seasons! For more information, check out the <a href="https://www.smogon.com/forums/threads/3740067/">thread on Smogon.</a></div>
|badge|p2|bronze|gen9ou|100-9
|uhtml|medal-msg|<div class="broadcast-blue">Curious what those medals under the avatar are? PS now has Ladder Seasons! For more information, check out the <a href="https://www.smogon.com/forums/threads/3740067/">thread on Smogon.</a></div>
|j|☆mythiixx
|j|☆hawkins0
|t:|1781360623
|gametype|singles
|player|p1|mythiixx|valerie|1849
|player|p2|hawkins0|169|1853
|gen|9
|tier|[Gen 9] OU
|rated|
|rule|HP Percentage Mod: HP is shown in percentages
|rule|Endless Battle Clause: Forcing endless battles is banned
|rule|Species Clause: Limit one of each Pokémon
|rule|OHKO Clause: OHKO moves are banned
|rule|Evasion Items Clause: Evasion items are banned
|rule|Evasion Moves Clause: Evasion moves are banned
|rule|Evasion Abilities Clause: Evasion abilities are banned
|rule|Sleep Moves Clause: Sleep-inducing moves are banned
|clearpoke
|poke|p1|Hoopa-Unbound|
|poke|p1|Pecharunt|
|poke|p1|Landorus-Therian, M|
|poke|p1|Cinderace, M|
|poke|p1|Alomomola, M|
|poke|p1|Iron Valiant|
|poke|p2|Hoopa-Unbound|
|poke|p2|Pecharunt|
|poke|p2|Landorus-Therian, M|
|poke|p2|Cinderace, M|
|poke|p2|Alomomola, M|
|poke|p2|Iron Valiant|
|teampreview
|inactive|Battle timer is ON: inactive players will automatically lose when time's up. (requested by mythiixx)
|
|t:|1781360646
|teamsize|p1|6
|teamsize|p2|6
|start
|switch|p1a: Cinderace|Cinderace, M, shiny|100/100
|switch|p2a: Enten|Landorus-Therian, M, shiny|100/100
|-ability|p2a: Enten|Intimidate|boost
|-unboost|p1a: Cinderace|atk|1
|turn|1
|
|t:|1781360657
|switch|p1a: Landorus|Landorus-Therian, M, shiny|100/100
|-ability|p1a: Landorus|Intimidate|boost
|-unboost|p2a: Enten|atk|1
|move|p2a: Enten|U-turn|p1a: Landorus
|-resisted|p1a: Landorus
|-damage|p1a: Landorus|89/100
|
|t:|1781360661
|switch|p2a: Pisces|Alomomola, M, shiny|100/100|[from] U-turn
|
|upkeep
|turn|2
|
|t:|1781360667
|move|p1a: Landorus|U-turn|p2a: Pisces
|-damage|p2a: Pisces|83/100
|
|t:|1781360669
|switch|p1a: Alomomola|Alomomola, M, shiny|100/100|[from] U-turn
|move|p2a: Pisces|Flip Turn|p1a: Alomomola
|-resisted|p1a: Alomomola
|-crit|p1a: Alomomola
|-damage|p1a: Alomomola|92/100
|
|t:|1781360673
|switch|p2a: Khaos|Hoopa-Unbound|100/100|[from] Flip Turn
|
|upkeep
|turn|3
|
|t:|1781360690
|move|p2a: Khaos|Knock Off|p1a: Alomomola
|-damage|p1a: Alomomola|29/100
|-enditem|p1a: Alomomola|Assault Vest|[from] move: Knock Off|[of] p2a: Khaos
|move|p1a: Alomomola|Flip Turn|p2a: Khaos
|-damage|p2a: Khaos|72/100
|
|t:|1781360696
|switch|p1a: Iron Valiant|Iron Valiant, shiny|100/100|[from] Flip Turn
|
|upkeep
|turn|4
|
|t:|1781360704
|-end|p1a: Iron Valiant|Quark Drive|[silent]
|switch|p1a: Hoopa|Hoopa-Unbound|100/100
|switch|p2a: Pisces|Alomomola, M, shiny|100/100
|
|upkeep
|turn|5
|
|t:|1781360732
|switch|p2a: Enten|Landorus-Therian, M, shiny|100/100
|-ability|p2a: Enten|Intimidate|boost
|-unboost|p1a: Hoopa|atk|1
|-terastallize|p1a: Hoopa|Dark
|move|p1a: Hoopa|Hyperspace Fury|p2a: Enten
|-damage|p2a: Enten|0 fnt
|-unboost|p1a: Hoopa|def|1
|faint|p2a: Enten
|
|upkeep
|
|t:|1781360735
|switch|p2a: Calamity|Iron Valiant, shiny|100/100
|turn|6
|
|t:|1781360745
|switch|p1a: Cinderace|Cinderace, M, shiny|100/100
|-terastallize|p2a: Calamity|Fairy
|move|p2a: Calamity|Moonblast|p1a: Cinderace
|-resisted|p1a: Cinderace
|-damage|p1a: Cinderace|36/100
|
|upkeep
|turn|7
|j| choispecs ironmoth
|
|t:|1781360752
|move|p1a: Cinderace|U-turn|p2a: Calamity
|-start|p1a: Cinderace|typechange|Bug|[from] ability: Libero
|-resisted|p2a: Calamity
|-damage|p2a: Calamity|77/100
|
|t:|1781360756
|switch|p1a: Pecharunt|Pecharunt|100/100|[from] U-turn
|move|p2a: Calamity|Moonblast|p1a: Pecharunt
|-resisted|p1a: Pecharunt
|-damage|p1a: Pecharunt|51/100
|
|upkeep
|turn|8
|
|t:|1781360762
|-end|p2a: Calamity|Quark Drive|[silent]
|switch|p2a: Khaos|Hoopa-Unbound|72/100
|move|p1a: Pecharunt|Recover|p1a: Pecharunt
|-heal|p1a: Pecharunt|100/100
|
|upkeep
|turn|9
|j| fmn027
|
|t:|1781360770
|switch|p1a: Iron Valiant|Iron Valiant, shiny|100/100
|move|p2a: Khaos|Hyperspace Fury|p1a: Iron Valiant
|-resisted|p1a: Iron Valiant
|-damage|p1a: Iron Valiant|68/100
|-unboost|p2a: Khaos|def|1
|
|upkeep
|turn|10
|
|t:|1781360777
|-end|p1a: Iron Valiant|Quark Drive|[silent]
|switch|p1a: Hoopa|Hoopa-Unbound, tera:Dark|100/100
|switch|p2a: Pisces|Alomomola, M, shiny|100/100
|
|upkeep
|turn|11
|
|t:|1781360780
|move|p1a: Hoopa|Hyperspace Fury|p2a: Pisces
|-damage|p2a: Pisces|1/100
|-unboost|p1a: Hoopa|def|1
|move|p2a: Pisces|Flip Turn|p1a: Hoopa
|-damage|p1a: Hoopa|59/100
|
|t:|1781360783
|switch|p2a: Calamity|Iron Valiant, shiny, tera:Fairy|77/100|[from] Flip Turn
|
|upkeep
|turn|12
|
|t:|1781360791
|switch|p1a: Alomomola|Alomomola, M, shiny|62/100
|move|p2a: Calamity|Moonblast|p1a: Alomomola
|-damage|p1a: Alomomola|0 fnt
|faint|p1a: Alomomola
|
|upkeep
|
|t:|1781360796
|switch|p1a: Pecharunt|Pecharunt|100/100
|turn|13
|
|t:|1781360799
|move|p2a: Calamity|Moonblast|p1a: Pecharunt
|-resisted|p1a: Pecharunt
|-damage|p1a: Pecharunt|51/100
|move|p1a: Pecharunt|Malignant Chain|p2a: Calamity
|-supereffective|p2a: Calamity
|-damage|p2a: Calamity|0 fnt
|faint|p2a: Calamity
|-end|p2a: Calamity|Quark Drive|[silent]
|
|upkeep
|
|t:|1781360803
|switch|p2a: Khaos|Hoopa-Unbound|72/100
|turn|14
|
|t:|1781360808
|switch|p1a: Iron Valiant|Iron Valiant, shiny|68/100
|move|p2a: Khaos|Zen Headbutt|p1a: Iron Valiant
|-supereffective|p1a: Iron Valiant
|-damage|p1a: Iron Valiant|0 fnt
|faint|p1a: Iron Valiant
|-end|p1a: Iron Valiant|Quark Drive|[silent]
|
|upkeep
|
|t:|1781360812
|switch|p1a: Hoopa|Hoopa-Unbound, tera:Dark|59/100
|turn|15
|
|t:|1781360819
|switch|p2a: Pisces|Alomomola, M, shiny|34/100
|move|p1a: Hoopa|Hyperspace Fury|p2a: Pisces
|-damage|p2a: Pisces|0 fnt
|-unboost|p1a: Hoopa|def|1
|faint|p2a: Pisces
|
|upkeep
|
|t:|1781360821
|switch|p2a: Liberacy|Cinderace, M, shiny|100/100
|turn|16
|
|t:|1781360831
|switch|p1a: Cinderace|Cinderace, M, shiny|36/100
|move|p2a: Liberacy|U-turn|p1a: Cinderace
|-start|p2a: Liberacy|typechange|Bug|[from] ability: Libero
|-resisted|p1a: Cinderace
|-damage|p1a: Cinderace|11/100
|
|t:|1781360837
|switch|p2a: Overseer|Pecharunt|100/100|[from] U-turn
|
|upkeep
|turn|17
|
|t:|1781360844
|move|p1a: Cinderace|Pyro Ball|p2a: Overseer
|-damage|p2a: Overseer|74/100
|move|p2a: Overseer|Parting Shot|p1a: Cinderace
|-unboost|p1a: Cinderace|atk|1
|-unboost|p1a: Cinderace|spa|1
|
|t:|1781360848
|switch|p2a: Liberacy|Cinderace, M, shiny|100/100|[from] Parting Shot
|
|upkeep
|turn|18
|
|t:|1781360853
|switch|p1a: Landorus|Landorus-Therian, M, shiny|89/100
|-ability|p1a: Landorus|Intimidate|boost
|-unboost|p2a: Liberacy|atk|1
|move|p2a: Liberacy|U-turn|p1a: Landorus
|-start|p2a: Liberacy|typechange|Bug|[from] ability: Libero
|-resisted|p1a: Landorus
|-crit|p1a: Landorus
|-damage|p1a: Landorus|62/100
|
|t:|1781360856
|switch|p2a: Overseer|Pecharunt|74/100|[from] U-turn
|
|upkeep
|turn|19
|
|t:|1781360866
|switch|p1a: Cinderace|Cinderace, M, shiny|11/100
|move|p2a: Overseer|Malignant Chain|p1a: Cinderace
|-damage|p1a: Cinderace|0 fnt
|faint|p1a: Cinderace
|
|upkeep
|
|t:|1781360870
|switch|p1a: Hoopa|Hoopa-Unbound, tera:Dark|59/100
|turn|20
|
|t:|1781360878
|move|p1a: Hoopa|Hyperspace Fury|p2a: Overseer
|-supereffective|p2a: Overseer
|-damage|p2a: Overseer|0 fnt
|-unboost|p1a: Hoopa|def|1
|faint|p2a: Overseer
|
|upkeep
|
|t:|1781360880
|switch|p2a: Khaos|Hoopa-Unbound|72/100
|turn|21
|
|t:|1781360884
|move|p2a: Khaos|Hyperspace Fury|p1a: Hoopa
|-resisted|p1a: Hoopa
|-damage|p1a: Hoopa|0 fnt
|-unboost|p2a: Khaos|def|1
|faint|p1a: Hoopa
|
|upkeep
|
|t:|1781360886
|switch|p1a: Landorus|Landorus-Therian, M, shiny|62/100
|-ability|p1a: Landorus|Intimidate|boost
|-unboost|p2a: Khaos|atk|1
|turn|22
|
|t:|1781360893
|switch|p2a: Liberacy|Cinderace, M, shiny|100/100
|move|p1a: Landorus|Earthquake|p2a: Liberacy
|-supereffective|p2a: Liberacy
|-damage|p2a: Liberacy|0 fnt
|faint|p2a: Liberacy
|
|upkeep
|
|t:|1781360894
|switch|p2a: Khaos|Hoopa-Unbound|72/100
|turn|23
|
|t:|1781360896
|move|p1a: Landorus|Earthquake|p2a: Khaos
|-damage|p2a: Khaos|0 fnt
|faint|p2a: Khaos
|
|win|mythiixx
|raw|mythiixx's rating: 1849 &rarr; <strong>1869</strong><br />(+20 for winning)
|raw|hawkins0's rating: 1853 &rarr; <strong>1833</strong><br />(-20 for losing)
|l|☆hawkins0
|player|p2|
|l|☆mythiixx
|player|p1|
|l| fmn027
|l| choispecs ironmoth
