|j|☆omari p
|j|☆Drakolise
|t:|1781389704
|gametype|singles
|player|p1|omari p|pokemonrangerf|1560
|player|p2|Drakolise|anabel|1635
|gen|9
|tier|[Gen 9] OU
|rated|
|rule|HP Percentage Mod: HP is shown in percentages
|rule|Endless Battle Clause: Forcing endless battles is banned
|rule|Species Clause: Limit one of each Pokémon
|rule|OHKO Clause: OHKO moves are banned
|rule|Evasion Items Clause: Evasion items are banned
|rule|Evasion Moves Clause: Evasion moves are banned
|rule|Evasion Abilities Clause: Evasion abilities are banned
|rule|Sleep Moves Clause: Sleep-inducing moves are banned
|clearpoke
|poke|p1|Venusaur, F|
|poke|p1|Cinderace, M|
|poke|p1|Entei|
|poke|p1|Torkoal, M|
|poke|p1|Mandibuzz, F|
|poke|p1|Slither Wing|
|poke|p2|Darkrai|
|poke|p2|Ogerpon-Wellspring, F|
|poke|p2|Slowking-Galar, F|
|poke|p2|Kingambit, M|
|poke|p2|Great Tusk|
|poke|p2|Gholdengo|
|teampreview
|j| Squilliam2g
|inactive|Battle timer is ON: inactive players will automatically lose when time's up. (requested by Drakolise)
|
|t:|1781389728
|teamsize|p1|6
|teamsize|p2|6
|start
|switch|p1a: Torkoal|Torkoal, M, shiny|100/100
|switch|p2a: Slowking|Slowking-Galar, F, shiny|100/100
|-weather|SunnyDay|[from] ability: Drought|[of] p1a: Torkoal
|turn|1
|
|t:|1781389735
|move|p1a: Torkoal|Stealth Rock|p2a: Slowking
|-sidestart|p2: Drakolise|move: Stealth Rock
|-prepare|p2a: Slowking|Chilly Reception|[premajor]
|move|p2a: Slowking|Chilly Reception|p2a: Slowking
|-weather|Snowscape
|
|t:|1781389741
|switch|p2a: Ogerpon|Ogerpon-Wellspring, F|100/100|[from] Chilly Reception
|-damage|p2a: Ogerpon|88/100|[from] Stealth Rock
|
|-weather|Snowscape|[upkeep]
|upkeep
|turn|2
|
|t:|1781389745
|switch|p1a: Mandibuzz|Mandibuzz, F, shiny|100/100
|move|p2a: Ogerpon|Ivy Cudgel|p1a: Mandibuzz|[anim] Ivy Cudgel Water
|-damage|p1a: Mandibuzz|65/100
|
|-weather|Snowscape|[upkeep]
|upkeep
|turn|3
|
|t:|1781389752
|move|p2a: Ogerpon|Knock Off|p1a: Mandibuzz
|-resisted|p1a: Mandibuzz
|-damage|p1a: Mandibuzz|54/100
|-damage|p2a: Ogerpon|72/100|[from] item: Rocky Helmet|[of] p1a: Mandibuzz
|-enditem|p1a: Mandibuzz|Rocky Helmet|[from] move: Knock Off|[of] p2a: Ogerpon
|move|p1a: Mandibuzz|Roost|p1a: Mandibuzz
|-heal|p1a: Mandibuzz|100/100
|-singleturn|p1a: Mandibuzz|move: Roost
|
|-weather|Snowscape|[upkeep]
|upkeep
|turn|4
|
|t:|1781389758
|move|p2a: Ogerpon|U-turn|p1a: Mandibuzz
|-damage|p1a: Mandibuzz|84/100
|
|t:|1781389760
|switch|p2a: Slowking|Slowking-Galar, F, shiny|100/100|[from] U-turn
|move|p1a: Mandibuzz|Foul Play|p2a: Slowking
|-supereffective|p2a: Slowking
|-damage|p2a: Slowking|62/100
|
|-weather|Snowscape|[upkeep]
|upkeep
|turn|5
|
|t:|1781389764
|move|p1a: Mandibuzz|Foul Play|p2a: Slowking
|-supereffective|p2a: Slowking
|-damage|p2a: Slowking|21/100
|-prepare|p2a: Slowking|Chilly Reception|[premajor]
|move|p2a: Slowking|Chilly Reception|p2a: Slowking
|
|t:|1781389771
|switch|p2a: Great Tusk|Great Tusk|100/100|[from] Chilly Reception
|
|-weather|none
|upkeep
|turn|6
|
|t:|1781389787
|move|p2a: Great Tusk|Stealth Rock|p1a: Mandibuzz
|-sidestart|p1: omari p|move: Stealth Rock
|move|p1a: Mandibuzz|Toxic|p2a: Great Tusk
|-status|p2a: Great Tusk|tox
|
|-damage|p2a: Great Tusk|94/100 tox|[from] psn
|upkeep
|turn|7
|
|t:|1781389791
|move|p2a: Great Tusk|Rapid Spin|p1a: Mandibuzz
|-damage|p1a: Mandibuzz|73/100
|-boost|p2a: Great Tusk|spe|1
|-sideend|p2: Drakolise|Stealth Rock|[from] move: Rapid Spin|[of] p2a: Great Tusk
|move|p1a: Mandibuzz|Defog|p2a: Great Tusk
|-unboost|p2a: Great Tusk|evasion|1
|-sideend|p1: omari p|Stealth Rock|[from] move: Defog|[of] p1a: Mandibuzz
|
|-damage|p2a: Great Tusk|82/100 tox|[from] psn
|upkeep
|turn|8
|
|t:|1781389809
|-end|p2a: Great Tusk|Protosynthesis|[silent]
|switch|p2a: Gholdengo|Gholdengo, shiny|100/100
|-item|p2a: Gholdengo|Air Balloon
|move|p1a: Mandibuzz|Roost|p1a: Mandibuzz
|-heal|p1a: Mandibuzz|100/100
|-singleturn|p1a: Mandibuzz|move: Roost
|
|upkeep
|turn|9
|
|t:|1781389823
|switch|p1a: Torkoal|Torkoal, M, shiny|100/100
|-weather|SunnyDay|[from] ability: Drought|[of] p1a: Torkoal
|move|p2a: Gholdengo|Nasty Plot|p2a: Gholdengo
|-boost|p2a: Gholdengo|spa|2
|
|-weather|SunnyDay|[upkeep]
|upkeep
|turn|10
|
|t:|1781389828
|move|p2a: Gholdengo|Shadow Ball|p1a: Torkoal
|-damage|p1a: Torkoal|10/100
|move|p1a: Torkoal|Fire Blast|p2a: Gholdengo
|-supereffective|p2a: Gholdengo
|-damage|p2a: Gholdengo|0 fnt
|-enditem|p2a: Gholdengo|Air Balloon
|faint|p2a: Gholdengo
|
|-weather|SunnyDay|[upkeep]
|upkeep
|
|t:|1781389832
|switch|p2a: Great Tusk|Great Tusk|82/100 tox
|-activate|p2a: Great Tusk|ability: Protosynthesis
|-start|p2a: Great Tusk|protosynthesisatk
|turn|11
|
|t:|1781389837
|switch|p1a: Mandibuzz|Mandibuzz, F, shiny|100/100
|move|p2a: Great Tusk|Stealth Rock|p1a: Mandibuzz
|-sidestart|p1: omari p|move: Stealth Rock
|
|-weather|SunnyDay|[upkeep]
|-damage|p2a: Great Tusk|76/100 tox|[from] psn
|upkeep
|turn|12
|
|t:|1781389842
|-end|p2a: Great Tusk|Protosynthesis|[silent]
|switch|p2a: Darkrai|Darkrai|100/100
|move|p1a: Mandibuzz|Defog|p2a: Darkrai
|-unboost|p2a: Darkrai|evasion|1
|-sideend|p1: omari p|Stealth Rock|[from] move: Defog|[of] p1a: Mandibuzz
|
|-weather|SunnyDay|[upkeep]
|upkeep
|turn|13
|
|t:|1781389846
|switch|p1a: Slither Wing|Slither Wing|100/100
|-activate|p1a: Slither Wing|ability: Protosynthesis
|-start|p1a: Slither Wing|protosynthesisatk
|move|p2a: Darkrai|Trick|p1a: Slither Wing
|-activate|p2a: Darkrai|move: Trick|[of] p1a: Slither Wing
|-item|p1a: Slither Wing|Choice Scarf|[from] move: Trick
|-item|p2a: Darkrai|Silver Powder|[from] move: Trick
|
|-weather|SunnyDay|[upkeep]
|upkeep
|turn|14
|
|t:|1781389856
|move|p2a: Darkrai|Dark Pulse|p1a: Slither Wing
|-resisted|p1a: Slither Wing
|-damage|p1a: Slither Wing|80/100
|cant|p1a: Slither Wing|flinch
|
|-weather|SunnyDay|[upkeep]
|upkeep
|turn|15
|
|t:|1781389865
|move|p1a: Slither Wing|First Impression||[still]
|-hint|First Impression only works on your first turn out.
|-fail|p1a: Slither Wing
|move|p2a: Darkrai|Sludge Bomb|p1a: Slither Wing
|-damage|p1a: Slither Wing|48/100
|
|-weather|SunnyDay|[upkeep]
|upkeep
|turn|16
|j| Irish Lilypad
|
|t:|1781389876
|switch|p2a: Great Tusk|Great Tusk|76/100 tox
|-activate|p2a: Great Tusk|ability: Protosynthesis
|-start|p2a: Great Tusk|protosynthesisatk
|-end|p1a: Slither Wing|Protosynthesis|[silent]
|switch|p1a: Entei|Entei|100/100
|-ability|p1a: Entei|Pressure
|
|-weather|none
|-end|p2a: Great Tusk|Protosynthesis
|-damage|p2a: Great Tusk|70/100 tox|[from] psn
|upkeep
|turn|17
|
|t:|1781389880
|switch|p1a: Mandibuzz|Mandibuzz, F, shiny|100/100
|move|p2a: Great Tusk|Ice Spinner|p1a: Mandibuzz
|-supereffective|p1a: Mandibuzz
|-damage|p1a: Mandibuzz|67/100
|
|-damage|p2a: Great Tusk|57/100 tox|[from] psn
|upkeep
|turn|18
|inactive|omari p has 120 seconds left.
|inactive|omari p has 90 seconds left.
|j| Johnny tots
|inactive|omari p has 60 seconds left.
|inactive|omari p has 30 seconds left.
|inactive|omari p has 20 seconds left.
|
|t:|1781390011
|move|p2a: Great Tusk|Stealth Rock|p1a: Mandibuzz
|-sidestart|p1: omari p|move: Stealth Rock
|move|p1a: Mandibuzz|Roost|p1a: Mandibuzz
|-heal|p1a: Mandibuzz|100/100
|-singleturn|p1a: Mandibuzz|move: Roost
|
|-damage|p2a: Great Tusk|39/100 tox|[from] psn
|upkeep
|turn|19
|inactive|omari p has 30 seconds left this turn.
|inactive|Drakolise has 120 seconds left.
|
|t:|1781390046
|-end|p2a: Great Tusk|Protosynthesis|[silent]
|switch|p2a: Slowking|Slowking-Galar, F, shiny|55/100
|move|p1a: Mandibuzz|Defog|p2a: Slowking
|-unboost|p2a: Slowking|evasion|1
|-sideend|p1: omari p|Stealth Rock|[from] move: Defog|[of] p1a: Mandibuzz
|
|upkeep
|turn|20
|inactive|omari p has 30 seconds left.
|inactive|omari p has 20 seconds left.
|
|t:|1781390068
|switch|p1a: Entei|Entei|100/100
|-ability|p1a: Entei|Pressure
|move|p2a: Slowking|Sludge Bomb|p1a: Entei
|-damage|p1a: Entei|62/100
|
|upkeep
|turn|21
|inactive|omari p has 30 seconds left this turn.
|j| moth ily
|inactive|omari p has 20 seconds left.
|
|t:|1781390080
|switch|p2a: Darkrai|Darkrai|100/100
|move|p1a: Entei|Sacred Fire|p2a: Darkrai
|-damage|p2a: Darkrai|25/100
|
|upkeep
|turn|22
|inactive|omari p has 30 seconds left this turn.
|
|t:|1781390087
|move|p1a: Entei|Sacred Fire|p2a: Darkrai
|-damage|p2a: Darkrai|0 fnt
|faint|p2a: Darkrai
|
|upkeep
|
|t:|1781390091
|switch|p2a: Kingambit|Kingambit, M, shiny|100/100
|-activate|p2a: Kingambit|ability: Supreme Overlord
|-start|p2a: Kingambit|fallen2|[silent]
|turn|23
|
|t:|1781390096
|switch|p1a: Torkoal|Torkoal, M, shiny|10/100
|-weather|SunnyDay|[from] ability: Drought|[of] p1a: Torkoal
|move|p2a: Kingambit|Swords Dance|p2a: Kingambit
|-boost|p2a: Kingambit|atk|2
|
|-weather|SunnyDay|[upkeep]
|upkeep
|turn|24
|
|t:|1781390099
|move|p2a: Kingambit|Iron Head|p1a: Torkoal
|-resisted|p1a: Torkoal
|-damage|p1a: Torkoal|0 fnt
|faint|p1a: Torkoal
|
|-weather|SunnyDay|[upkeep]
|upkeep
|
|t:|1781390100
|switch|p1a: Slither Wing|Slither Wing|48/100
|-activate|p1a: Slither Wing|ability: Protosynthesis
|-start|p1a: Slither Wing|protosynthesisatk
|turn|25
|
|t:|1781390106
|-terastallize|p1a: Slither Wing|Bug
|-terastallize|p2a: Kingambit|Fighting
|move|p1a: Slither Wing|First Impression|p2a: Kingambit
|-resisted|p2a: Kingambit
|-damage|p2a: Kingambit|61/100
|move|p2a: Kingambit|Sucker Punch||[still]
|-fail|p2a: Kingambit
|
|-weather|SunnyDay|[upkeep]
|upkeep
|turn|26
|
|t:|1781390112
|-end|p1a: Slither Wing|Protosynthesis|[silent]
|switch|p1a: Venusaur|Venusaur, F, shiny|100/100
|move|p2a: Kingambit|Iron Head|p1a: Venusaur
|-damage|p1a: Venusaur|0 fnt
|faint|p1a: Venusaur
|
|-weather|SunnyDay|[upkeep]
|upkeep
|
|t:|1781390114
|switch|p1a: Mandibuzz|Mandibuzz, F, shiny|100/100
|turn|27
|
|t:|1781390117
|move|p1a: Mandibuzz|Foul Play|p2a: Kingambit
|-resisted|p2a: Kingambit
|-damage|p2a: Kingambit|15/100
|move|p2a: Kingambit|Iron Head|p1a: Mandibuzz
|-damage|p1a: Mandibuzz|38/100
|
|-weather|SunnyDay|[upkeep]
|upkeep
|turn|28
|inactive|omari p has 90 seconds left.
|
|t:|1781390124
|move|p1a: Mandibuzz|Foul Play|p2a: Kingambit
|-resisted|p2a: Kingambit
|-damage|p2a: Kingambit|0 fnt
|faint|p2a: Kingambit
|-end|p2a: Kingambit|fallen2|[silent]
|
|-weather|SunnyDay|[upkeep]
|upkeep
|-message|Drakolise forfeited.
|
|win|omari p
|raw|omari p's rating: 1560 &rarr; <strong>1584</strong><br />(+24 for winning)
|raw|Drakolise's rating: 1635 &rarr; <strong>1611</strong><br />(-24 for losing)
|l|☆Drakolise
|player|p2|
|c| moth ily|slitherwing yayy
|l| Squilliam2g
|l| moth ily
|j| moth ily
|l| moth ily
