|badge|p2|bronze|gen9ou|100-9
|uhtml|medal-msg|<div class="broadcast-blue">Curious what those medals under the avatar are? PS now has Ladder Seasons! For more information, check out the <a href="https://www.smogon.com/forums/threads/3740067/">thread on Smogon.</a></div>
|j|☆Dat boii fam
|j|☆Johnny tots
|t:|1781102975
|gametype|singles
|player|p1|Dat boii fam|li|1818
|player|p2|Johnny tots|266|1847
|gen|9
|tier|[Gen 9] OU
|rated|
|rule|HP Percentage Mod: HP is shown in percentages
|rule|Endless Battle Clause: Forcing endless battles is banned
|rule|Species Clause: Limit one of each Pokémon
|rule|OHKO Clause: OHKO moves are banned
|rule|Evasion Items Clause: Evasion items are banned
|rule|Evasion Moves Clause: Evasion moves are banned
|rule|Evasion Abilities Clause: Evasion abilities are banned
|rule|Sleep Moves Clause: Sleep-inducing moves are banned
|clearpoke
|poke|p1|Alomomola, F|
|poke|p1|Landorus-Therian, M|
|poke|p1|Zapdos|
|poke|p1|Tornadus-Therian, M|
|poke|p1|Scizor, M|
|poke|p1|Amoonguss, M|
|poke|p2|Clefable, F|
|poke|p2|Dragonite, M|
|poke|p2|Thundurus-Therian, M|
|poke|p2|Manaphy|
|poke|p2|Iron Valiant|
|poke|p2|Klefki, M|
|teampreview
|j| BiscoitoXDBr
|inactive|Battle timer is ON: inactive players will automatically lose when time's up. (requested by Johnny tots)
|
|t:|1781103004
|teamsize|p1|6
|teamsize|p2|6
|start
|switch|p1a: Zapdos|Zapdos|100/100
|switch|p2a: Klefki|Klefki, M|100/100
|turn|1
|j| newhere1310
|l| BiscoitoXDBr
|inactive|Johnny tots has 120 seconds left.
|
|t:|1781103042
|move|p2a: Klefki|Light Screen|p2a: Klefki
|-sidestart|p2: Johnny tots|move: Light Screen
|move|p1a: Zapdos|Heat Wave|p2a: Klefki
|-supereffective|p2a: Klefki
|-damage|p2a: Klefki|62/100
|
|upkeep
|turn|2
|inactive|Johnny tots has 120 seconds left.
|
|t:|1781103048
|move|p2a: Klefki|Reflect|p2a: Klefki
|-sidestart|p2: Johnny tots|Reflect
|move|p1a: Zapdos|Heat Wave|p2a: Klefki
|-supereffective|p2a: Klefki
|-damage|p2a: Klefki|20/100
|
|upkeep
|turn|3
|
|t:|1781103058
|switch|p1a: Scizor|Scizor, M|100/100
|switch|p2a: Thundurus|Thundurus-Therian, M|100/100
|
|upkeep
|turn|4
|
|t:|1781103064
|move|p2a: Thundurus|Thunderbolt|p1a: Scizor
|-damage|p1a: Scizor|53/100
|-status|p1a: Scizor|par
|cant|p1a: Scizor|par
|
|upkeep
|turn|5
|
|t:|1781103070
|move|p2a: Thundurus|Thunderbolt|p1a: Scizor
|-damage|p1a: Scizor|5/100 par
|move|p1a: Scizor|Defog|p2a: Thundurus
|-unboost|p2a: Thundurus|evasion|1
|-sideend|p2: Johnny tots|Reflect
|-sideend|p2: Johnny tots|move: Light Screen
|
|upkeep
|turn|6
|
|t:|1781103079
|switch|p2a: Manaphy|Manaphy|100/100
|switch|p1a: Landorus|Landorus-Therian, M|100/100
|-ability|p1a: Landorus|Intimidate|boost
|-unboost|p2a: Manaphy|atk|1
|
|upkeep
|turn|7
|j| lowladderubersnoob
|
|t:|1781103088
|move|p1a: Landorus|U-turn|p2a: Manaphy
|-damage|p2a: Manaphy|74/100
|
|t:|1781103092
|switch|p1a: Amoonguss|Amoonguss, M|100/100|[from] U-turn
|move|p2a: Manaphy|Scald|p1a: Amoonguss
|-resisted|p1a: Amoonguss
|-damage|p1a: Amoonguss|81/100
|
|-heal|p2a: Manaphy|80/100|[from] item: Leftovers
|upkeep
|turn|8
|
|t:|1781103101
|switch|p2a: Klefki|Klefki, M|20/100
|move|p1a: Amoonguss|Giga Drain|p2a: Klefki
|-resisted|p2a: Klefki
|-damage|p2a: Klefki|6/100
|-heal|p1a: Amoonguss|87/100|[from] drain|[of] p2a: Klefki
|
|upkeep
|turn|9
|
|t:|1781103110
|move|p2a: Klefki|Light Screen|p2a: Klefki
|-sidestart|p2: Johnny tots|move: Light Screen
|move|p1a: Amoonguss|Giga Drain|p2a: Klefki
|-resisted|p2a: Klefki
|-damage|p2a: Klefki|0 fnt
|-heal|p1a: Amoonguss|89/100|[from] drain|[of] p2a: Klefki
|faint|p2a: Klefki
|
|upkeep
|
|t:|1781103112
|switch|p2a: Clefable|Clefable, F|100/100
|turn|10
|j| BiscoitoXDBr
|
|t:|1781103119
|move|p2a: Clefable|Calm Mind|p2a: Clefable
|-boost|p2a: Clefable|spa|1
|-boost|p2a: Clefable|spd|1
|move|p1a: Amoonguss|Stun Spore|p2a: Clefable
|-status|p2a: Clefable|par
|
|upkeep
|turn|11
|
|t:|1781103129
|switch|p1a: Alomomola|Alomomola, F|100/100
|move|p2a: Clefable|Fire Blast|p1a: Alomomola
|-resisted|p1a: Alomomola
|-damage|p1a: Alomomola|77/100
|
|upkeep
|turn|12
|
|t:|1781103135
|move|p1a: Alomomola|Wish|p1a: Alomomola
|move|p2a: Clefable|Calm Mind|p2a: Clefable
|-boost|p2a: Clefable|spa|1
|-boost|p2a: Clefable|spd|1
|
|upkeep
|turn|13
|j| choispecs ironmoth
|
|t:|1781103144
|move|p1a: Alomomola|Flip Turn|p2a: Clefable
|-damage|p2a: Clefable|83/100 par
|l| lowladderubersnoob
|
|t:|1781103149
|switch|p1a: Landorus|Landorus-Therian, M|100/100|[from] Flip Turn
|-ability|p1a: Landorus|Intimidate|boost
|-unboost|p2a: Clefable|atk|1
|move|p2a: Clefable|Moonblast|p1a: Landorus
|-damage|p1a: Landorus|0 fnt
|faint|p1a: Landorus
|
|-heal|p2a: Clefable|90/100 par|[from] item: Leftovers
|upkeep
|
|t:|1781103158
|switch|p1a: Scizor|Scizor, M|5/100 par
|turn|14
|
|t:|1781103163
|switch|p2a: Manaphy|Manaphy|80/100
|move|p1a: Scizor|Bullet Punch|p2a: Manaphy
|-resisted|p2a: Manaphy
|-damage|p2a: Manaphy|67/100
|
|-heal|p2a: Manaphy|73/100|[from] item: Leftovers
|upkeep
|turn|15
|j| Disscratch
|
|t:|1781103187
|move|p2a: Manaphy|Take Heart|p2a: Manaphy
|-boost|p2a: Manaphy|spa|1
|-boost|p2a: Manaphy|spd|1
|move|p1a: Scizor|Knock Off|p2a: Manaphy
|-damage|p2a: Manaphy|48/100
|-enditem|p2a: Manaphy|Leftovers|[from] move: Knock Off|[of] p1a: Scizor
|
|upkeep
|turn|16
|
|t:|1781103195
|move|p2a: Manaphy|Take Heart|p2a: Manaphy
|-boost|p2a: Manaphy|spa|1
|-boost|p2a: Manaphy|spd|1
|move|p1a: Scizor|U-turn|p2a: Manaphy
|-damage|p2a: Manaphy|21/100
|
|t:|1781103201
|switch|p1a: Tornadus|Tornadus-Therian, M|100/100|[from] U-turn
|
|-sideend|p2: Johnny tots|move: Light Screen
|upkeep
|turn|17
|
|t:|1781103205
|move|p1a: Tornadus|Bleakwind Storm|p2a: Manaphy
|-damage|p2a: Manaphy|1/100
|move|p2a: Manaphy|Scald|p1a: Tornadus
|-damage|p1a: Tornadus|8/100
|
|upkeep
|turn|18
|
|t:|1781103215
|move|p1a: Tornadus|Dark Pulse|p2a: Manaphy
|-damage|p2a: Manaphy|0 fnt
|faint|p2a: Manaphy
|
|upkeep
|
|t:|1781103222
|switch|p2a: Clefable|Clefable, F|90/100 par
|turn|19
|
|t:|1781103234
|move|p1a: Tornadus|Bleakwind Storm|p2a: Clefable|[miss]
|-miss|p1a: Tornadus|p2a: Clefable
|move|p2a: Clefable|Calm Mind|p2a: Clefable
|-boost|p2a: Clefable|spa|1
|-boost|p2a: Clefable|spd|1
|
|-heal|p2a: Clefable|96/100 par|[from] item: Leftovers
|upkeep
|turn|20
|
|t:|1781103242
|move|p1a: Tornadus|Nasty Plot|p1a: Tornadus
|-boost|p1a: Tornadus|spa|2
|move|p2a: Clefable|Moonblast|p1a: Tornadus
|-damage|p1a: Tornadus|0 fnt
|faint|p1a: Tornadus
|
|-heal|p2a: Clefable|100/100 par|[from] item: Leftovers
|upkeep
|
|t:|1781103252
|switch|p1a: Scizor|Scizor, M|5/100 par
|turn|21
|
|t:|1781103258
|switch|p2a: Thundurus|Thundurus-Therian, M|100/100
|move|p1a: Scizor|Bullet Punch|p2a: Thundurus
|-resisted|p2a: Thundurus
|-damage|p2a: Thundurus|82/100
|
|upkeep
|turn|22
|
|t:|1781103265
|move|p1a: Scizor|Bullet Punch|p2a: Thundurus
|-resisted|p2a: Thundurus
|-damage|p2a: Thundurus|63/100
|move|p2a: Thundurus|Nasty Plot|p2a: Thundurus
|-boost|p2a: Thundurus|spa|2
|
|upkeep
|turn|23
|
|t:|1781103271
|cant|p1a: Scizor|par
|move|p2a: Thundurus|Thunderbolt|p1a: Scizor
|-damage|p1a: Scizor|0 fnt
|faint|p1a: Scizor
|
|upkeep
|
|t:|1781103277
|switch|p1a: Amoonguss|Amoonguss, M|100/100
|turn|24
|j| lowladderubersnoob
|
|t:|1781103283
|move|p2a: Thundurus|Thunderbolt|p1a: Amoonguss
|-resisted|p1a: Amoonguss
|-damage|p1a: Amoonguss|50/100
|move|p1a: Amoonguss|Sludge Bomb|p2a: Thundurus
|-damage|p2a: Thundurus|28/100
|
|upkeep
|turn|25
|l| BiscoitoXDBr
|
|t:|1781103301
|switch|p1a: Zapdos|Zapdos|100/100
|move|p2a: Thundurus|Thunderbolt|p1a: Zapdos
|-damage|p1a: Zapdos|3/100
|
|upkeep
|turn|26
|
|t:|1781103306
|move|p2a: Thundurus|Thunderbolt|p1a: Zapdos
|-damage|p1a: Zapdos|0 fnt
|faint|p1a: Zapdos
|
|upkeep
|
|t:|1781103310
|switch|p1a: Amoonguss|Amoonguss, M|83/100
|turn|27
|
|t:|1781103317
|move|p2a: Thundurus|Thunderbolt|p1a: Amoonguss
|-resisted|p1a: Amoonguss
|-damage|p1a: Amoonguss|30/100
|move|p1a: Amoonguss|Sludge Bomb|p2a: Thundurus
|-damage|p2a: Thundurus|0 fnt
|faint|p2a: Thundurus
|
|upkeep
|
|t:|1781103319
|switch|p2a: Dragonite|Dragonite, M|100/100
|turn|28
|
|t:|1781103326
|switch|p1a: Alomomola|Alomomola, F|100/100
|move|p2a: Dragonite|Dragon Dance|p2a: Dragonite
|-boost|p2a: Dragonite|atk|1
|-boost|p2a: Dragonite|spe|1
|
|upkeep
|turn|29
|
|t:|1781103331
|move|p2a: Dragonite|Dragon Dance|p2a: Dragonite
|-boost|p2a: Dragonite|atk|1
|-boost|p2a: Dragonite|spe|1
|move|p1a: Alomomola|Alluring Voice|p2a: Dragonite
|-supereffective|p2a: Dragonite
|-damage|p2a: Dragonite|91/100
|-start|p2a: Dragonite|confusion
|
|upkeep
|turn|30
|
|t:|1781103339
|-activate|p2a: Dragonite|confusion
|-damage|p2a: Dragonite|54/100|[from] confusion
|move|p1a: Alomomola|Flip Turn|p2a: Dragonite
|-resisted|p2a: Dragonite
|-damage|p2a: Dragonite|46/100
|
|t:|1781103343
|switch|p1a: Amoonguss|Amoonguss, M|63/100|[from] Flip Turn
|
|upkeep
|turn|31
|
|t:|1781103347
|switch|p1a: Alomomola|Alomomola, F|100/100
|-end|p2a: Dragonite|confusion
|move|p2a: Dragonite|Earthquake|p1a: Alomomola
|-damage|p1a: Alomomola|54/100
|
|upkeep
|turn|32
|
|t:|1781103356
|move|p2a: Dragonite|Earthquake|p1a: Alomomola
|-damage|p1a: Alomomola|12/100
|move|p1a: Alomomola|Wish|p1a: Alomomola
|
|upkeep
|turn|33
|
|t:|1781103360
|move|p2a: Dragonite|Dragon Dance|p2a: Dragonite
|-boost|p2a: Dragonite|atk|1
|-boost|p2a: Dragonite|spe|1
|move|p1a: Alomomola|Alluring Voice|p2a: Dragonite
|-supereffective|p2a: Dragonite
|-damage|p2a: Dragonite|27/100
|-start|p2a: Dragonite|confusion
|
|-heal|p1a: Alomomola|62/100|[from] move: Wish|[wisher] Alomomola
|upkeep
|turn|34
|
|t:|1781103369
|move|p1a: Alomomola|Protect|p1a: Alomomola
|-singleturn|p1a: Alomomola|Protect
|-activate|p2a: Dragonite|confusion
|-damage|p2a: Dragonite|0 fnt|[from] confusion
|faint|p2a: Dragonite
|
|upkeep
|
|t:|1781103376
|switch|p2a: Clefable|Clefable, F|100/100 par
|turn|35
|
|t:|1781103379
|move|p1a: Alomomola|Flip Turn|p2a: Clefable
|-damage|p2a: Clefable|84/100 par
|l| newhere1310
|
|t:|1781103381
|switch|p1a: Amoonguss|Amoonguss, M|96/100|[from] Flip Turn
|move|p2a: Clefable|Calm Mind|p2a: Clefable
|-boost|p2a: Clefable|spa|1
|-boost|p2a: Clefable|spd|1
|
|-heal|p2a: Clefable|90/100 par|[from] item: Leftovers
|upkeep
|turn|36
|
|t:|1781103389
|-terastallize|p2a: Clefable|Steel
|move|p2a: Clefable|Calm Mind|p2a: Clefable
|-boost|p2a: Clefable|spa|1
|-boost|p2a: Clefable|spd|1
|move|p1a: Amoonguss|Sludge Bomb|p2a: Clefable
|-immune|p2a: Clefable
|
|-heal|p2a: Clefable|96/100 par|[from] item: Leftovers
|upkeep
|turn|37
|j| newhere1310
|c|☆Dat boii fam|gg
|-message|Dat boii fam forfeited.
|
|win|Johnny tots
|raw|Dat boii fam's rating: 1818 &rarr; <strong>1800</strong><br />(-18 for losing)
|raw|Johnny tots's rating: 1847 &rarr; <strong>1865</strong><br />(+18 for winning)
|l|☆Dat boii fam
|player|p1|
|l| lowladderubersnoob
|c|☆Johnny tots|Gg
|l| newhere1310
|l| choispecs ironmoth
|l| Disscratch
