|j|☆abhii.g
|j|☆lianxiaonian
|t:|1781504031
|gametype|singles
|player|p1|abhii.g|benga|1584
|player|p2|lianxiaonian|cynthia-gen4|1642
|gen|9
|tier|[Gen 9] OU
|rated|
|rule|HP Percentage Mod: HP is shown in percentages
|rule|Endless Battle Clause: Forcing endless battles is banned
|rule|Species Clause: Limit one of each Pokémon
|rule|OHKO Clause: OHKO moves are banned
|rule|Evasion Items Clause: Evasion items are banned
|rule|Evasion Moves Clause: Evasion moves are banned
|rule|Evasion Abilities Clause: Evasion abilities are banned
|rule|Sleep Moves Clause: Sleep-inducing moves are banned
|clearpoke
|poke|p1|Hoopa-Unbound|
|poke|p1|Pecharunt|
|poke|p1|Landorus-Therian, M|
|poke|p1|Cinderace, M|
|poke|p1|Alomomola, M|
|poke|p1|Iron Valiant|
|poke|p2|Talonflame, F|
|poke|p2|Pelipper, M|
|poke|p2|Hatterene, F|
|poke|p2|Raging Bolt|
|poke|p2|Barraskewda, M|
|poke|p2|Iron Treads|
|teampreview
|inactive|Battle timer is ON: inactive players will automatically lose when time's up. (requested by lianxiaonian)
|
|t:|1781504042
|teamsize|p1|6
|teamsize|p2|6
|start
|switch|p1a: Hoopa|Hoopa-Unbound|100/100
|switch|p2a: Pelipper|Pelipper, M, shiny|100/100
|-weather|RainDance|[from] ability: Drizzle|[of] p2a: Pelipper
|turn|1
|
|t:|1781504048
|switch|p2a: 工具帽|Hatterene, F, shiny|100/100
|move|p1a: Hoopa|Hyperspace Fury|p2a: 工具帽
|-damage|p2a: 工具帽|23/100
|-unboost|p1a: Hoopa|def|1
|-enditem|p2a: 工具帽|Eject Button
|
|t:|1781504052
|switch|p2a: 最快的男人|Barraskewda, M, shiny|100/100
|
|-weather|RainDance|[upkeep]
|upkeep
|turn|2
|
|t:|1781504056
|switch|p1a: Alomomola|Alomomola, M|100/100
|move|p2a: 最快的男人|Flip Turn|p1a: Alomomola
|-resisted|p1a: Alomomola
|-damage|p1a: Alomomola|75/100
|
|t:|1781504061
|switch|p2a: 雷电士兵|Raging Bolt|100/100|[from] Flip Turn
|
|-weather|RainDance|[upkeep]
|upkeep
|turn|3
|
|t:|1781504068
|move|p2a: 雷电士兵|Weather Ball|p1a: Alomomola
|-resisted|p1a: Alomomola
|-damage|p1a: Alomomola|59/100
|move|p1a: Alomomola|Mirror Coat|p2a: 雷电士兵
|-damage|p2a: 雷电士兵|64/100
|
|-weather|RainDance|[upkeep]
|upkeep
|turn|4
|
|t:|1781504075
|move|p2a: 雷电士兵|Volt Switch|p1a: Alomomola
|-supereffective|p1a: Alomomola
|-damage|p1a: Alomomola|13/100
|
|t:|1781504078
|-end|p2a: 雷电士兵|Protosynthesis|[silent]
|switch|p2a: 工具帽|Hatterene, F, shiny|23/100|[from] Volt Switch
|move|p1a: Alomomola|Flip Turn|p2a: 工具帽
|-damage|p2a: 工具帽|3/100
|
|t:|1781504088
|switch|p1a: Landorus|Landorus-Therian, M, shiny|100/100|[from] Flip Turn
|-ability|p1a: Landorus|Intimidate|boost
|-unboost|p2a: 工具帽|atk|1
|
|-weather|RainDance|[upkeep]
|upkeep
|turn|5
|
|t:|1781504092
|move|p1a: Landorus|U-turn|p2a: 工具帽
|-damage|p2a: 工具帽|0 fnt
|faint|p2a: 工具帽
|
|t:|1781504099
|switch|p1a: Alomomola|Alomomola, M|46/100|[from] U-turn
|
|-weather|RainDance|[upkeep]
|upkeep
|
|t:|1781504102
|switch|p2a: 疾风之翼！|Talonflame, F, shiny|100/100
|turn|6
|
|t:|1781504108
|-terastallize|p2a: 疾风之翼！|Flying
|move|p2a: 疾风之翼！|Hurricane|p1a: Alomomola
|-damage|p1a: Alomomola|0 fnt
|faint|p1a: Alomomola
|
|-weather|RainDance|[upkeep]
|upkeep
|
|t:|1781504115
|switch|p1a: Hoopa|Hoopa-Unbound|100/100
|turn|7
|
|t:|1781504121
|switch|p2a: 雷电士兵|Raging Bolt|64/100
|move|p1a: Hoopa|Hyperspace Fury|p2a: 雷电士兵
|-damage|p2a: 雷电士兵|0 fnt
|-unboost|p1a: Hoopa|def|1
|faint|p2a: 雷电士兵
|-end|p2a: 雷电士兵|Protosynthesis|[silent]
|
|-weather|RainDance|[upkeep]
|upkeep
|
|t:|1781504123
|switch|p2a: 疾风之翼！|Talonflame, F, shiny, tera:Flying|100/100
|turn|8
|
|t:|1781504127
|move|p2a: 疾风之翼！|U-turn|p1a: Hoopa
|-supereffective|p1a: Hoopa
|-damage|p1a: Hoopa|0 fnt
|faint|p1a: Hoopa
|
|t:|1781504130
|switch|p2a: 工具象|Iron Treads|100/100|[from] U-turn
|-item|p2a: 工具象|Air Balloon
|
|-weather|none
|upkeep
|
|t:|1781504135
|switch|p1a: Liberacy|Cinderace, M|100/100
|turn|9
|
|t:|1781504139
|-end|p2a: 工具象|Quark Drive|[silent]
|switch|p2a: Pelipper|Pelipper, M, shiny|100/100
|-weather|RainDance|[from] ability: Drizzle|[of] p2a: Pelipper
|move|p1a: Liberacy|U-turn|p2a: Pelipper
|-start|p1a: Liberacy|typechange|Bug|[from] ability: Libero
|-resisted|p2a: Pelipper
|-crit|p2a: Pelipper
|-damage|p2a: Pelipper|79/100
|
|t:|1781504141
|switch|p1a: Iron Valiant|Iron Valiant, shiny|100/100|[from] U-turn
|
|-weather|RainDance|[upkeep]
|upkeep
|turn|10
|
|t:|1781504146
|move|p1a: Iron Valiant|Moonblast|p2a: Pelipper
|-damage|p2a: Pelipper|0 fnt
|faint|p2a: Pelipper
|
|-weather|RainDance|[upkeep]
|upkeep
|
|t:|1781504149
|switch|p2a: 疾风之翼！|Talonflame, F, shiny, tera:Flying|100/100
|turn|11
|
|t:|1781504155
|-end|p1a: Iron Valiant|Quark Drive|[silent]
|switch|p1a: Liberacy|Cinderace, M|100/100
|move|p2a: 疾风之翼！|Hurricane|p1a: Liberacy
|-damage|p1a: Liberacy|0 fnt
|faint|p1a: Liberacy
|
|-weather|RainDance|[upkeep]
|upkeep
|
|t:|1781504163
|switch|p1a: Landorus|Landorus-Therian, M, shiny|100/100
|-ability|p1a: Landorus|Intimidate|boost
|-unboost|p2a: 疾风之翼！|atk|1
|turn|12
|
|t:|1781504181
|move|p2a: 疾风之翼！|Hurricane|p1a: Landorus
|-damage|p1a: Landorus|0 fnt
|faint|p1a: Landorus
|
|-weather|RainDance|[upkeep]
|upkeep
|-message|abhii.g forfeited.
|
|win|lianxiaonian
|raw|abhii.g's rating: 1584 &rarr; <strong>1566</strong><br />(-18 for losing)
|raw|lianxiaonian's rating: 1617 &rarr; <strong>1635</strong><br />(+18 for winning)
|l|☆abhii.g
|player|p1|
|l|☆lianxiaonian
|player|p2|
