|j|☆lolcano46
|j|☆Ignaa
|t:|1781045781
|gametype|singles
|player|p1|lolcano46|fisherman-gen4|1681
|player|p2|Ignaa|pokefan-gen4|1668
|gen|9
|tier|[Gen 9] OU
|rated|
|rule|HP Percentage Mod: HP is shown in percentages
|rule|Endless Battle Clause: Forcing endless battles is banned
|rule|Species Clause: Limit one of each Pokémon
|rule|OHKO Clause: OHKO moves are banned
|rule|Evasion Items Clause: Evasion items are banned
|rule|Evasion Moves Clause: Evasion moves are banned
|rule|Evasion Abilities Clause: Evasion abilities are banned
|rule|Sleep Moves Clause: Sleep-inducing moves are banned
|clearpoke
|poke|p1|Azelf|
|poke|p1|Ogerpon-Wellspring, F|
|poke|p1|Scizor, M|
|poke|p1|Gengar, M|
|poke|p1|Raging Bolt|
|poke|p1|Cinderace, F|
|poke|p2|Landorus-Therian, M|
|poke|p2|Corviknight, F|
|poke|p2|Clodsire, F|
|poke|p2|Primarina, F|
|poke|p2|Raging Bolt|
|poke|p2|Kingambit, M|
|teampreview
|inactive|Battle timer is ON: inactive players will automatically lose when time's up. (requested by lolcano46)
|
|t:|1781045785
|teamsize|p1|6
|teamsize|p2|6
|start
|switch|p1a: Cinderace|Cinderace, F|100/100
|switch|p2a: El Furro|Landorus-Therian, M|100/100
|-ability|p2a: El Furro|Intimidate|boost
|-unboost|p1a: Cinderace|atk|1
|turn|1
|
|t:|1781045792
|move|p2a: El Furro|Earthquake|p1a: Cinderace
|-supereffective|p1a: Cinderace
|-damage|p1a: Cinderace|0 fnt
|faint|p1a: Cinderace
|
|upkeep
|
|t:|1781045794
|switch|p1a: Azelf|Azelf|100/100
|turn|2
|
|t:|1781045804
|switch|p2a: Ness|Primarina, F|100/100
|move|p1a: Azelf|Mystical Power|p2a: Ness
|-damage|p2a: Ness|80/100
|-boost|p1a: Azelf|spa|1
|
|upkeep
|turn|3
|
|t:|1781045808
|move|p1a: Azelf|Thunderbolt|p2a: Ness
|-supereffective|p2a: Ness
|-damage|p2a: Ness|22/100
|move|p2a: Ness|Moonblast|p1a: Azelf
|-damage|p1a: Azelf|22/100
|
|upkeep
|turn|4
|
|t:|1781045811
|switch|p2a: Luka|Raging Bolt|100/100
|move|p1a: Azelf|Mystical Power|p2a: Luka
|-damage|p2a: Luka|59/100
|-boost|p1a: Azelf|spa|1
|
|-heal|p2a: Luka|65/100|[from] item: Leftovers
|upkeep
|turn|5
|
|t:|1781045815
|move|p2a: Luka|Thunderclap|p1a: Azelf
|-damage|p1a: Azelf|0 fnt
|faint|p1a: Azelf
|
|-heal|p2a: Luka|71/100|[from] item: Leftovers
|upkeep
|
|t:|1781045817
|switch|p1a: Raging Bolt|Raging Bolt|100/100
|-enditem|p1a: Raging Bolt|Booster Energy
|-activate|p1a: Raging Bolt|ability: Protosynthesis|[fromitem]
|-start|p1a: Raging Bolt|protosynthesisspa
|turn|6
|
|t:|1781045831
|-end|p2a: Luka|Protosynthesis|[silent]
|switch|p2a: Ness|Primarina, F|22/100
|move|p1a: Raging Bolt|Dragon Pulse|p2a: Ness
|-immune|p2a: Ness
|
|upkeep
|turn|7
|j| SilverDE
|
|t:|1781045835
|switch|p2a: Danel|Clodsire, F|100/100
|move|p1a: Raging Bolt|Dragon Pulse|p2a: Danel
|-damage|p2a: Danel|68/100
|
|-heal|p2a: Danel|74/100|[from] item: Leftovers
|upkeep
|turn|8
|
|t:|1781045839
|-end|p1a: Raging Bolt|Protosynthesis|[silent]
|switch|p1a: Gengar|Gengar, M|100/100
|move|p2a: Danel|Earthquake|p1a: Gengar
|-supereffective|p1a: Gengar
|-damage|p1a: Gengar|0 fnt
|faint|p1a: Gengar
|
|-heal|p2a: Danel|80/100|[from] item: Leftovers
|upkeep
|
|t:|1781045842
|switch|p1a: Ogerpon|Ogerpon-Wellspring, F|100/100
|turn|9
|l| SilverDE
|
|t:|1781045845
|switch|p2a: Curty|Corviknight, F|100/100
|-ability|p2a: Curty|Pressure
|move|p1a: Ogerpon|Ivy Cudgel|p2a: Curty|[anim] Ivy Cudgel Water
|-damage|p2a: Curty|60/100
|
|upkeep
|turn|10
|
|t:|1781045850
|move|p1a: Ogerpon|Swords Dance|p1a: Ogerpon
|-boost|p1a: Ogerpon|atk|2
|move|p2a: Curty|Roost|p2a: Curty
|-heal|p2a: Curty|100/100
|-singleturn|p2a: Curty|move: Roost
|
|upkeep
|turn|11
|
|t:|1781045852
|-terastallize|p1a: Ogerpon|Water
|detailschange|p1a: Ogerpon|Ogerpon-Wellspring-Tera, F, tera:Water
|-ability|p1a: Ogerpon|Embody Aspect (Wellspring)|boost
|-boost|p1a: Ogerpon|spd|1
|move|p1a: Ogerpon|Ivy Cudgel|p2a: Curty|[anim] Ivy Cudgel Water
|-damage|p2a: Curty|5/100
|move|p2a: Curty|U-turn|p1a: Ogerpon
|-crit|p1a: Ogerpon
|-damage|p1a: Ogerpon|74/100
|
|t:|1781045864
|switch|p2a: El Furro|Landorus-Therian, M|100/100|[from] U-turn
|-ability|p2a: El Furro|Intimidate|boost
|-unboost|p1a: Ogerpon|atk|1
|
|upkeep
|turn|12
|
|t:|1781045871
|move|p2a: El Furro|U-turn|p1a: Ogerpon
|-damage|p1a: Ogerpon|40/100
|
|t:|1781045874
|switch|p2a: Curty|Corviknight, F|5/100|[from] U-turn
|-ability|p2a: Curty|Pressure
|move|p1a: Ogerpon|Horn Leech|p2a: Curty
|-resisted|p2a: Curty
|-damage|p2a: Curty|0 fnt
|-heal|p1a: Ogerpon|43/100|[from] drain|[of] p2a: Curty
|-damage|p1a: Ogerpon|27/100|[from] item: Rocky Helmet|[of] p2a: Curty
|faint|p2a: Curty
|
|upkeep
|
|t:|1781045877
|switch|p2a: El Furro|Landorus-Therian, M|100/100
|-ability|p2a: El Furro|Intimidate|boost
|-unboost|p1a: Ogerpon|atk|1
|turn|13
|
|t:|1781045881
|switch|p1a: Scizor|Scizor, M|100/100
|move|p2a: El Furro|Earthquake|p1a: Scizor
|-damage|p1a: Scizor|40/100
|
|upkeep
|turn|14
|
|t:|1781045885
|move|p1a: Scizor|Bullet Punch|p2a: El Furro
|-damage|p2a: El Furro|59/100
|move|p2a: El Furro|Earthquake|p1a: Scizor
|-damage|p1a: Scizor|0 fnt
|faint|p1a: Scizor
|
|upkeep
|
|t:|1781045888
|switch|p1a: Raging Bolt|Raging Bolt|100/100
|turn|15
|
|t:|1781045893
|switch|p2a: Ness|Primarina, F|22/100
|move|p1a: Raging Bolt|Dragon Pulse|p2a: Ness
|-immune|p2a: Ness
|
|upkeep
|turn|16
|
|t:|1781045896
|move|p1a: Raging Bolt|Dragon Pulse|p2a: Ness
|-immune|p2a: Ness
|move|p2a: Ness|Moonblast|p1a: Raging Bolt
|-supereffective|p1a: Raging Bolt
|-damage|p1a: Raging Bolt|6/100
|
|upkeep
|turn|17
|
|t:|1781045898
|move|p1a: Raging Bolt|Thunderbolt|p2a: Ness
|-supereffective|p2a: Ness
|-damage|p2a: Ness|0 fnt
|faint|p2a: Ness
|
|upkeep
|-message|lolcano46 forfeited.
|
|win|Ignaa
|raw|lolcano46's rating: 1681 &rarr; <strong>1660</strong><br />(-21 for losing)
|raw|Ignaa's rating: 1668 &rarr; <strong>1689</strong><br />(+21 for winning)
|l|☆lolcano46
|player|p1|
