|j|☆ign28
|j|☆Rj yoip
|t:|1781402312
|gametype|singles
|player|p1|ign28|palmer|1693
|player|p2|Rj yoip|caitlin-masters|1673
|gen|9
|tier|[Gen 9] OU
|rated|
|rule|HP Percentage Mod: HP is shown in percentages
|rule|Endless Battle Clause: Forcing endless battles is banned
|rule|Species Clause: Limit one of each Pokémon
|rule|OHKO Clause: OHKO moves are banned
|rule|Evasion Items Clause: Evasion items are banned
|rule|Evasion Moves Clause: Evasion moves are banned
|rule|Evasion Abilities Clause: Evasion abilities are banned
|rule|Sleep Moves Clause: Sleep-inducing moves are banned
|clearpoke
|poke|p1|Great Tusk|
|poke|p1|Darkrai|
|poke|p1|Kyurem|
|poke|p1|Iron Valiant|
|poke|p1|Dragonite, M|
|poke|p1|Gholdengo|
|poke|p2|Tyranitar, F|
|poke|p2|Hydrapple, F|
|poke|p2|Enamorus, F|
|poke|p2|Garganacl, F|
|poke|p2|Excadrill, M|
|poke|p2|Alomomola, F|
|teampreview
|inactive|Battle timer is ON: inactive players will automatically lose when time's up. (requested by ign28)
|
|t:|1781402322
|teamsize|p1|6
|teamsize|p2|6
|start
|switch|p1a: Darkrai|Darkrai|100/100
|switch|p2a: Garganacl|Garganacl, F|100/100
|turn|1
|
|t:|1781402324
|move|p1a: Darkrai|Focus Blast|p2a: Garganacl|[miss]
|-miss|p1a: Darkrai|p2a: Garganacl
|move|p2a: Garganacl|Salt Cure|p1a: Darkrai
|-damage|p1a: Darkrai|83/100
|-start|p1a: Darkrai|Salt Cure
|
|-damage|p1a: Darkrai|71/100|[from] Salt Cure
|upkeep
|turn|2
|
|t:|1781402328
|switch|p1a: Great Tusk|Great Tusk|100/100
|move|p2a: Garganacl|Stealth Rock|p1a: Great Tusk
|-sidestart|p1: ign28|move: Stealth Rock
|
|upkeep
|turn|3
|
|t:|1781402332
|move|p1a: Great Tusk|Rapid Spin|p2a: Garganacl
|-resisted|p2a: Garganacl
|-damage|p2a: Garganacl|95/100
|-boost|p1a: Great Tusk|spe|1
|-sideend|p1: ign28|Stealth Rock|[from] move: Rapid Spin|[of] p1a: Great Tusk
|move|p2a: Garganacl|Salt Cure|p1a: Great Tusk
|-resisted|p1a: Great Tusk
|-damage|p1a: Great Tusk|98/100
|-start|p1a: Great Tusk|Salt Cure
|
|-heal|p2a: Garganacl|100/100|[from] item: Leftovers
|-damage|p1a: Great Tusk|86/100|[from] Salt Cure
|upkeep
|turn|4
|
|t:|1781402334
|switch|p2a: Hydrapple|Hydrapple, F|100/100
|move|p1a: Great Tusk|Stealth Rock|p2a: Hydrapple
|-sidestart|p2: Rj yoip|move: Stealth Rock
|
|-damage|p1a: Great Tusk|73/100|[from] Salt Cure
|upkeep
|turn|5
|
|t:|1781402357
|-end|p1a: Great Tusk|Protosynthesis|[silent]
|switch|p1a: Kyurem|Kyurem, shiny|100/100
|-ability|p1a: Kyurem|Pressure
|move|p2a: Hydrapple|Giga Drain|p1a: Kyurem
|-resisted|p1a: Kyurem
|-damage|p1a: Kyurem|92/100
|
|upkeep
|turn|6
|
|t:|1781402363
|switch|p2a: Tyranitar|Tyranitar, F|100/100
|-damage|p2a: Tyranitar|88/100|[from] Stealth Rock
|-weather|Sandstorm|[from] ability: Sand Stream|[of] p2a: Tyranitar
|move|p1a: Kyurem|Dragon Tail|p2a: Tyranitar
|-crit|p2a: Tyranitar
|-damage|p2a: Tyranitar|53/100
|drag|p2a: Alomomola|Alomomola, F|100/100
|-damage|p2a: Alomomola|88/100|[from] Stealth Rock
|
|-weather|Sandstorm|[upkeep]
|-damage|p1a: Kyurem|86/100|[from] Sandstorm
|-damage|p2a: Alomomola|82/100|[from] Sandstorm
|upkeep
|turn|7
|
|t:|1781402371
|move|p1a: Kyurem|Freeze-Dry|p2a: Alomomola
|-supereffective|p2a: Alomomola
|-crit|p2a: Alomomola
|-damage|p2a: Alomomola|13/100
|move|p2a: Alomomola|Flip Turn|p1a: Kyurem
|-resisted|p1a: Kyurem
|-damage|p1a: Kyurem|79/100
|
|t:|1781402373
|switch|p2a: Garganacl|Garganacl, F|100/100|[from] Flip Turn
|-damage|p2a: Garganacl|88/100|[from] Stealth Rock
|
|-weather|Sandstorm|[upkeep]
|-damage|p1a: Kyurem|73/100|[from] Sandstorm
|-heal|p2a: Garganacl|94/100|[from] item: Leftovers
|upkeep
|turn|8
|
|t:|1781402375
|move|p1a: Kyurem|Earth Power|p2a: Garganacl
|-supereffective|p2a: Garganacl
|-damage|p2a: Garganacl|61/100
|-unboost|p2a: Garganacl|spd|1
|move|p2a: Garganacl|Salt Cure|p1a: Kyurem
|-supereffective|p1a: Kyurem
|-damage|p1a: Kyurem|46/100
|-start|p1a: Kyurem|Salt Cure
|
|-weather|Sandstorm|[upkeep]
|-damage|p1a: Kyurem|40/100|[from] Sandstorm
|-heal|p2a: Garganacl|67/100|[from] item: Leftovers
|-damage|p1a: Kyurem|28/100|[from] Salt Cure
|upkeep
|turn|9
|
|t:|1781402383
|switch|p1a: Great Tusk|Great Tusk|73/100
|move|p2a: Garganacl|Recover|p2a: Garganacl
|-heal|p2a: Garganacl|100/100
|
|-weather|Sandstorm|[upkeep]
|upkeep
|turn|10
|
|t:|1781402386
|switch|p2a: Hydrapple|Hydrapple, F|100/100
|-damage|p2a: Hydrapple|88/100|[from] Stealth Rock
|move|p1a: Great Tusk|Headlong Rush|p2a: Hydrapple
|-resisted|p2a: Hydrapple
|-damage|p2a: Hydrapple|69/100
|-unboost|p1a: Great Tusk|def|1
|-unboost|p1a: Great Tusk|spd|1
|-damage|p1a: Great Tusk|57/100|[from] item: Rocky Helmet|[of] p2a: Hydrapple
|
|-weather|none
|upkeep
|turn|11
|
|t:|1781402396
|move|p1a: Great Tusk|Ice Spinner|p2a: Hydrapple
|-supereffective|p2a: Hydrapple
|-damage|p2a: Hydrapple|10/100
|-damage|p1a: Great Tusk|40/100|[from] item: Rocky Helmet|[of] p2a: Hydrapple
|move|p2a: Hydrapple|Fickle Beam|p1a: Great Tusk
|-damage|p1a: Great Tusk|0 fnt
|faint|p1a: Great Tusk
|-end|p1a: Great Tusk|Protosynthesis|[silent]
|
|upkeep
|
|t:|1781402405
|switch|p1a: Darkrai|Darkrai|71/100
|turn|12
|
|t:|1781402413
|switch|p2a: Tyranitar|Tyranitar, F|53/100
|-damage|p2a: Tyranitar|41/100|[from] Stealth Rock
|-weather|Sandstorm|[from] ability: Sand Stream|[of] p2a: Tyranitar
|move|p1a: Darkrai|Sludge Bomb|p2a: Tyranitar
|-resisted|p2a: Tyranitar
|-damage|p2a: Tyranitar|27/100
|-status|p2a: Tyranitar|psn
|-damage|p1a: Darkrai|61/100|[from] item: Life Orb
|
|-weather|Sandstorm|[upkeep]
|-damage|p1a: Darkrai|55/100|[from] Sandstorm
|-damage|p2a: Tyranitar|15/100 psn|[from] psn
|upkeep
|turn|13
|
|t:|1781402424
|move|p1a: Darkrai|Focus Blast|p2a: Tyranitar|[miss]
|-miss|p1a: Darkrai|p2a: Tyranitar
|move|p2a: Tyranitar|Knock Off|p1a: Darkrai
|-resisted|p1a: Darkrai
|-damage|p1a: Darkrai|2/100
|-enditem|p1a: Darkrai|Life Orb|[from] move: Knock Off|[of] p2a: Tyranitar
|
|-weather|Sandstorm|[upkeep]
|-damage|p1a: Darkrai|0 fnt|[from] Sandstorm
|faint|p1a: Darkrai
|-damage|p2a: Tyranitar|2/100 psn|[from] psn
|upkeep
|
|t:|1781402440
|switch|p1a: Kyurem|Kyurem, shiny|28/100
|-ability|p1a: Kyurem|Pressure
|turn|14
|
|t:|1781402444
|move|p1a: Kyurem|Freeze-Dry|p2a: Tyranitar
|-damage|p2a: Tyranitar|0 fnt
|faint|p2a: Tyranitar
|
|-weather|Sandstorm|[upkeep]
|-damage|p1a: Kyurem|22/100|[from] Sandstorm
|upkeep
|
|t:|1781402445
|switch|p2a: Excadrill|Excadrill, M|100/100
|-damage|p2a: Excadrill|97/100|[from] Stealth Rock
|turn|15
|
|t:|1781402448
|switch|p1a: Ghold Experience|Gholdengo|100/100
|-item|p1a: Ghold Experience|Air Balloon
|move|p2a: Excadrill|Earthquake|p1a: Ghold Experience
|-immune|p1a: Ghold Experience
|
|-weather|Sandstorm|[upkeep]
|-heal|p2a: Excadrill|100/100|[from] item: Leftovers
|upkeep
|turn|16
|
|t:|1781402452
|move|p2a: Excadrill|Rock Slide|p1a: Ghold Experience
|-resisted|p1a: Ghold Experience
|-damage|p1a: Ghold Experience|90/100
|-enditem|p1a: Ghold Experience|Air Balloon
|cant|p1a: Ghold Experience|flinch
|
|-weather|none
|upkeep
|turn|17
|
|t:|1781402455
|move|p2a: Excadrill|Substitute|p2a: Excadrill
|-start|p2a: Excadrill|Substitute
|-damage|p2a: Excadrill|76/100
|move|p1a: Ghold Experience|Hex|p2a: Excadrill
|-end|p2a: Excadrill|Substitute
|
|-heal|p2a: Excadrill|82/100|[from] item: Leftovers
|upkeep
|turn|18
|
|t:|1781402457
|move|p2a: Excadrill|Earthquake|p1a: Ghold Experience
|-supereffective|p1a: Ghold Experience
|-damage|p1a: Ghold Experience|15/100
|move|p1a: Ghold Experience|Hex|p2a: Excadrill
|-damage|p2a: Excadrill|41/100
|
|-heal|p2a: Excadrill|47/100|[from] item: Leftovers
|upkeep
|turn|19
|
|t:|1781402460
|move|p2a: Excadrill|Earthquake|p1a: Ghold Experience
|-supereffective|p1a: Ghold Experience
|-damage|p1a: Ghold Experience|0 fnt
|faint|p1a: Ghold Experience
|
|-heal|p2a: Excadrill|53/100|[from] item: Leftovers
|upkeep
|
|t:|1781402468
|switch|p1a: Iron Valiant|Iron Valiant|100/100
|-enditem|p1a: Iron Valiant|Booster Energy
|-activate|p1a: Iron Valiant|ability: Quark Drive|[fromitem]
|-start|p1a: Iron Valiant|quarkdrivespe
|turn|20
|
|t:|1781402474
|switch|p2a: Alomomola|Alomomola, F|46/100
|-damage|p2a: Alomomola|33/100|[from] Stealth Rock
|move|p1a: Iron Valiant|Close Combat|p2a: Alomomola
|-damage|p2a: Alomomola|0 fnt
|-unboost|p1a: Iron Valiant|def|1
|-unboost|p1a: Iron Valiant|spd|1
|faint|p2a: Alomomola
|
|upkeep
|
|t:|1781402477
|switch|p2a: Garganacl|Garganacl, F|100/100
|-damage|p2a: Garganacl|88/100|[from] Stealth Rock
|turn|21
|
|t:|1781402480
|-terastallize|p2a: Garganacl|Electric
|move|p1a: Iron Valiant|Swords Dance|p1a: Iron Valiant
|-boost|p1a: Iron Valiant|atk|2
|move|p2a: Garganacl|Salt Cure|p1a: Iron Valiant
|-resisted|p1a: Iron Valiant
|-damage|p1a: Iron Valiant|86/100
|-start|p1a: Iron Valiant|Salt Cure
|
|-heal|p2a: Garganacl|94/100|[from] item: Leftovers
|-damage|p1a: Iron Valiant|74/100|[from] Salt Cure
|upkeep
|turn|22
|
|t:|1781402484
|switch|p2a: Hydrapple|Hydrapple, F|44/100
|-damage|p2a: Hydrapple|31/100|[from] Stealth Rock
|move|p1a: Iron Valiant|Knock Off|p2a: Hydrapple
|-damage|p2a: Hydrapple|0 fnt
|-damage|p1a: Iron Valiant|57/100|[from] item: Rocky Helmet|[of] p2a: Hydrapple
|-enditem|p2a: Hydrapple|Rocky Helmet|[from] move: Knock Off|[of] p1a: Iron Valiant
|faint|p2a: Hydrapple
|
|-damage|p1a: Iron Valiant|45/100|[from] Salt Cure
|upkeep
|
|t:|1781402486
|switch|p2a: Garganacl|Garganacl, F, tera:Electric|94/100
|-damage|p2a: Garganacl|82/100|[from] Stealth Rock
|turn|23
|
|t:|1781402489
|move|p1a: Iron Valiant|Knock Off|p2a: Garganacl
|-damage|p2a: Garganacl|40/100
|-enditem|p2a: Garganacl|Leftovers|[from] move: Knock Off|[of] p1a: Iron Valiant
|move|p2a: Garganacl|Recover|p2a: Garganacl
|-heal|p2a: Garganacl|91/100
|
|-damage|p1a: Iron Valiant|32/100|[from] Salt Cure
|upkeep
|turn|24
|
|t:|1781402492
|move|p2a: Garganacl|Protect|p2a: Garganacl
|-singleturn|p2a: Garganacl|Protect
|move|p1a: Iron Valiant|Close Combat|p2a: Garganacl
|-activate|p2a: Garganacl|move: Protect
|
|-damage|p1a: Iron Valiant|20/100|[from] Salt Cure
|upkeep
|turn|25
|
|t:|1781402497
|move|p1a: Iron Valiant|Close Combat|p2a: Garganacl
|-damage|p2a: Garganacl|9/100
|-unboost|p1a: Iron Valiant|def|1
|-unboost|p1a: Iron Valiant|spd|1
|move|p2a: Garganacl|Recover|p2a: Garganacl
|-heal|p2a: Garganacl|59/100
|
|-damage|p1a: Iron Valiant|7/100|[from] Salt Cure
|upkeep
|turn|26
|
|t:|1781402505
|move|p2a: Garganacl|Protect|p2a: Garganacl
|-singleturn|p2a: Garganacl|Protect
|move|p1a: Iron Valiant|Close Combat|p2a: Garganacl
|-activate|p2a: Garganacl|move: Protect
|
|-damage|p1a: Iron Valiant|0 fnt|[from] Salt Cure
|faint|p1a: Iron Valiant
|-end|p1a: Iron Valiant|Quark Drive|[silent]
|upkeep
|
|t:|1781402525
|switch|p1a: Kyurem|Kyurem, shiny|22/100
|-ability|p1a: Kyurem|Pressure
|turn|27
|
|t:|1781402542
|move|p1a: Kyurem|Earth Power|p2a: Garganacl
|-supereffective|p2a: Garganacl
|-damage|p2a: Garganacl|15/100
|move|p2a: Garganacl|Salt Cure|p1a: Kyurem
|-supereffective|p1a: Kyurem
|-damage|p1a: Kyurem|0 fnt
|faint|p1a: Kyurem
|
|upkeep
|
|t:|1781402547
|switch|p1a: Dragonite|Dragonite, M|100/100
|turn|28
|
|t:|1781402550
|move|p1a: Dragonite|Earthquake|p2a: Garganacl
|-supereffective|p2a: Garganacl
|-damage|p2a: Garganacl|0 fnt
|faint|p2a: Garganacl
|
|upkeep
|
|t:|1781402553
|switch|p2a: Excadrill|Excadrill, M|53/100
|-damage|p2a: Excadrill|50/100|[from] Stealth Rock
|turn|29
|
|t:|1781402559
|-terastallize|p1a: Dragonite|Normal
|move|p2a: Excadrill|Rapid Spin|p1a: Dragonite
|-damage|p1a: Dragonite|90/100
|-boost|p2a: Excadrill|spe|1
|-sideend|p2: Rj yoip|Stealth Rock|[from] move: Rapid Spin|[of] p2a: Excadrill
|move|p1a: Dragonite|Dragon Dance|p1a: Dragonite
|-boost|p1a: Dragonite|atk|1
|-boost|p1a: Dragonite|spe|1
|
|-heal|p2a: Excadrill|56/100|[from] item: Leftovers
|upkeep
|turn|30
|
|t:|1781402562
|move|p2a: Excadrill|Earthquake|p1a: Dragonite
|-damage|p1a: Dragonite|29/100
|move|p1a: Dragonite|Earthquake|p2a: Excadrill
|-supereffective|p2a: Excadrill
|-damage|p2a: Excadrill|0 fnt
|faint|p2a: Excadrill
|
|upkeep
|
|t:|1781402565
|switch|p2a: Enamorus|Enamorus, F|100/100
|turn|31
|
|t:|1781402567
|move|p1a: Dragonite|Extreme Speed|p2a: Enamorus
|-damage|p2a: Enamorus|0 fnt
|faint|p2a: Enamorus
|
|win|ign28
|raw|ign28's rating: 1693 &rarr; <strong>1712</strong><br />(+19 for winning)
|raw|Rj yoip's rating: 1673 &rarr; <strong>1654</strong><br />(-19 for losing)
|l|☆Rj yoip
|player|p2|
|l|☆ign28
|player|p1|
