|j|☆BlackStar150520
|j|☆bluntsmoker3000
|t:|1781366633
|gametype|singles
|player|p1|BlackStar150520|unknown|1707
|player|p2|bluntsmoker3000|bugcatcher-gen4dp|1681
|gen|9
|tier|[Gen 9] OU
|rated|
|rule|HP Percentage Mod: HP is shown in percentages
|rule|Endless Battle Clause: Forcing endless battles is banned
|rule|Species Clause: Limit one of each Pokémon
|rule|OHKO Clause: OHKO moves are banned
|rule|Evasion Items Clause: Evasion items are banned
|rule|Evasion Moves Clause: Evasion moves are banned
|rule|Evasion Abilities Clause: Evasion abilities are banned
|rule|Sleep Moves Clause: Sleep-inducing moves are banned
|clearpoke
|poke|p1|Kingambit, M|
|poke|p1|Iron Valiant|
|poke|p1|Cinderace, F|
|poke|p1|Raging Bolt|
|poke|p1|Ogerpon-Wellspring, F|
|poke|p1|Garchomp, M|
|poke|p2|Ting-Lu|
|poke|p2|Scizor, F|
|poke|p2|Tornadus-Therian, M|
|poke|p2|Raging Bolt|
|poke|p2|Alomomola, M|
|poke|p2|Hatterene, F|
|teampreview
|inactive|Battle timer is ON: inactive players will automatically lose when time's up. (requested by bluntsmoker3000)
|inactive|BlackStar150520 also wants the timer to be on.
|
|t:|1781366662
|teamsize|p1|6
|teamsize|p2|6
|start
|switch|p1a: 🦈|Garchomp, M, shiny|100/100
|switch|p2a: Hatterene|Hatterene, F|100/100
|turn|1
|
|t:|1781366668
|move|p1a: 🦈|Earthquake|p2a: Hatterene
|-damage|p2a: Hatterene|57/100
|-damage|p1a: 🦈|91/100|[from] item: Life Orb
|move|p2a: Hatterene|Draining Kiss|p1a: 🦈
|-supereffective|p1a: 🦈
|-damage|p1a: 🦈|34/100
|-heal|p2a: Hatterene|100/100|[from] drain|[of] p1a: 🦈
|-damage|p2a: Hatterene|88/100|[from] ability: Rough Skin|[of] p1a: 🦈
|
|upkeep
|turn|2
|
|t:|1781366675
|switch|p1a: BunnyGirlSenpai|Cinderace, F|100/100
|move|p2a: Hatterene|Draining Kiss|p1a: BunnyGirlSenpai
|-resisted|p1a: BunnyGirlSenpai
|-damage|p1a: BunnyGirlSenpai|86/100
|-heal|p2a: Hatterene|99/100|[from] drain|[of] p1a: BunnyGirlSenpai
|
|upkeep
|turn|3
|
|t:|1781366681
|move|p1a: BunnyGirlSenpai|Pyro Ball|p2a: Hatterene
|-damage|p2a: Hatterene|60/100
|move|p2a: Hatterene|Nuzzle|p1a: BunnyGirlSenpai
|-damage|p1a: BunnyGirlSenpai|81/100
|-status|p1a: BunnyGirlSenpai|par
|
|upkeep
|turn|4
|
|t:|1781366684
|move|p1a: BunnyGirlSenpai|Pyro Ball|p2a: Hatterene
|-damage|p2a: Hatterene|17/100
|move|p2a: Hatterene|Pain Split|p1a: BunnyGirlSenpai
|-sethp|p1a: BunnyGirlSenpai|48/100 par|[from] move: Pain Split|[silent]
|-sethp|p2a: Hatterene|53/100|[from] move: Pain Split
|
|upkeep
|turn|5
|
|t:|1781366689
|cant|p1a: BunnyGirlSenpai|par
|move|p2a: Hatterene|Psychic Noise|p1a: BunnyGirlSenpai
|-damage|p1a: BunnyGirlSenpai|6/100 par
|-start|p1a: BunnyGirlSenpai|move: Heal Block
|
|upkeep
|turn|6
|
|t:|1781366693
|move|p1a: BunnyGirlSenpai|Pyro Ball|p2a: Hatterene
|-damage|p2a: Hatterene|0 fnt
|faint|p2a: Hatterene
|
|-end|p1a: BunnyGirlSenpai|move: Heal Block
|upkeep
|
|t:|1781366703
|switch|p2a: Tornadus|Tornadus-Therian, M|100/100
|turn|7
|
|t:|1781366707
|move|p2a: Tornadus|Grass Knot|p1a: BunnyGirlSenpai
|-resisted|p1a: BunnyGirlSenpai
|-damage|p1a: BunnyGirlSenpai|0 fnt
|faint|p1a: BunnyGirlSenpai
|-damage|p2a: Tornadus|91/100|[from] item: Life Orb
|
|upkeep
|
|t:|1781366710
|switch|p1a: ⚡️|Raging Bolt|100/100
|turn|8
|
|t:|1781366713
|switch|p2a: Ting-Lu|Ting-Lu|100/100
|-ability|p2a: Ting-Lu|Vessel of Ruin
|move|p1a: ⚡️|Thunderclap||[still]
|-fail|p1a: ⚡️
|
|upkeep
|turn|9
|
|t:|1781366716
|-end|p1a: ⚡️|Protosynthesis|[silent]
|switch|p1a: 🎭|Ogerpon-Wellspring, F|100/100
|move|p2a: Ting-Lu|Stealth Rock|p1a: 🎭
|-sidestart|p1: BlackStar150520|move: Stealth Rock
|
|upkeep
|turn|10
|
|t:|1781366721
|switch|p2a: Raging Bolt|Raging Bolt|100/100
|-enditem|p2a: Raging Bolt|Booster Energy
|-activate|p2a: Raging Bolt|ability: Protosynthesis|[fromitem]
|-start|p2a: Raging Bolt|protosynthesisspa
|move|p1a: 🎭|Knock Off|p2a: Raging Bolt
|-damage|p2a: Raging Bolt|77/100
|
|upkeep
|turn|11
|
|t:|1781366725
|move|p1a: 🎭|U-turn|p2a: Raging Bolt
|-damage|p2a: Raging Bolt|53/100
|
|t:|1781366729
|switch|p1a: 🦈|Garchomp, M, shiny|34/100|[from] U-turn
|-damage|p1a: 🦈|27/100|[from] Stealth Rock
|move|p2a: Raging Bolt|Dragon Pulse|p1a: 🦈
|-supereffective|p1a: 🦈
|-damage|p1a: 🦈|0 fnt
|faint|p1a: 🦈
|
|upkeep
|
|t:|1781366731
|switch|p1a: Hero|Iron Valiant|100/100
|-damage|p1a: Hero|94/100|[from] Stealth Rock
|-enditem|p1a: Hero|Booster Energy
|-activate|p1a: Hero|ability: Quark Drive|[fromitem]
|-start|p1a: Hero|quarkdrivespe
|turn|12
|
|t:|1781366735
|-end|p2a: Raging Bolt|Protosynthesis|[silent]
|switch|p2a: Scizor|Scizor, F|100/100
|move|p1a: Hero|Calm Mind|p1a: Hero
|-boost|p1a: Hero|spa|1
|-boost|p1a: Hero|spd|1
|
|upkeep
|turn|13
|
|t:|1781366743
|-end|p1a: Hero|Quark Drive|[silent]
|switch|p1a: 🎭|Ogerpon-Wellspring, F|100/100
|-damage|p1a: 🎭|88/100|[from] Stealth Rock
|move|p2a: Scizor|Bullet Punch|p1a: 🎭
|-resisted|p1a: 🎭
|-damage|p1a: 🎭|65/100
|
|upkeep
|turn|14
|
|t:|1781366746
|move|p1a: 🎭|Ivy Cudgel|p2a: Scizor|[anim] Ivy Cudgel Water
|-damage|p2a: Scizor|38/100
|move|p2a: Scizor|U-turn|p1a: 🎭
|-supereffective|p1a: 🎭
|-damage|p1a: 🎭|0 fnt
|faint|p1a: 🎭
|
|t:|1781366751
|switch|p2a: Tornadus|Tornadus-Therian, M|100/100|[from] U-turn
|
|upkeep
|
|t:|1781366756
|switch|p1a: ⚡️|Raging Bolt|100/100
|-damage|p1a: ⚡️|88/100|[from] Stealth Rock
|turn|15
|
|t:|1781366761
|switch|p2a: Ting-Lu|Ting-Lu|100/100
|-ability|p2a: Ting-Lu|Vessel of Ruin
|-end|p1a: ⚡️|Protosynthesis|[silent]
|switch|p1a: Aizen🗡️|Kingambit, M, shiny|100/100
|-damage|p1a: Aizen🗡️|94/100|[from] Stealth Rock
|-activate|p1a: Aizen🗡️|ability: Supreme Overlord
|-start|p1a: Aizen🗡️|fallen3|[silent]
|
|-heal|p1a: Aizen🗡️|100/100|[from] item: Leftovers
|upkeep
|turn|16
|
|t:|1781366764
|move|p1a: Aizen🗡️|Low Kick|p2a: Ting-Lu
|-supereffective|p2a: Ting-Lu
|-damage|p2a: Ting-Lu|36/100
|move|p2a: Ting-Lu|Earthquake|p1a: Aizen🗡️
|-supereffective|p1a: Aizen🗡️
|-damage|p1a: Aizen🗡️|47/100
|
|-heal|p1a: Aizen🗡️|53/100|[from] item: Leftovers
|-heal|p2a: Ting-Lu|42/100|[from] item: Leftovers
|upkeep
|turn|17
|
|t:|1781366771
|switch|p2a: Alomomola|Alomomola, M|100/100
|move|p1a: Aizen🗡️|Swords Dance|p1a: Aizen🗡️
|-boost|p1a: Aizen🗡️|atk|2
|
|-heal|p1a: Aizen🗡️|59/100|[from] item: Leftovers
|upkeep
|turn|18
|
|t:|1781366783
|move|p1a: Aizen🗡️|Sucker Punch|p2a: Alomomola
|-damage|p2a: Alomomola|44/100
|move|p2a: Alomomola|Scald|p1a: Aizen🗡️
|-damage|p1a: Aizen🗡️|45/100
|
|-heal|p1a: Aizen🗡️|51/100|[from] item: Leftovers
|upkeep
|turn|19
|
|t:|1781366792
|move|p1a: Aizen🗡️|Sucker Punch|p2a: Alomomola
|-damage|p2a: Alomomola|0 fnt
|faint|p2a: Alomomola
|
|-heal|p1a: Aizen🗡️|57/100|[from] item: Leftovers
|upkeep
|
|t:|1781366806
|switch|p2a: Raging Bolt|Raging Bolt|53/100
|turn|20
|
|t:|1781366810
|move|p2a: Raging Bolt|Thunderclap|p1a: Aizen🗡️
|-damage|p1a: Aizen🗡️|17/100
|move|p1a: Aizen🗡️|Low Kick|p2a: Raging Bolt
|-damage|p2a: Raging Bolt|0 fnt
|faint|p2a: Raging Bolt
|-end|p2a: Raging Bolt|Protosynthesis|[silent]
|
|-heal|p1a: Aizen🗡️|23/100|[from] item: Leftovers
|upkeep
|
|t:|1781366819
|switch|p2a: Tornadus|Tornadus-Therian, M|100/100
|turn|21
|
|t:|1781366821
|move|p1a: Aizen🗡️|Sucker Punch||[still]
|-fail|p1a: Aizen🗡️
|move|p2a: Tornadus|Nasty Plot|p2a: Tornadus
|-boost|p2a: Tornadus|spa|2
|
|-heal|p1a: Aizen🗡️|29/100|[from] item: Leftovers
|upkeep
|turn|22
|
|t:|1781366827
|move|p1a: Aizen🗡️|Sucker Punch||[still]
|-fail|p1a: Aizen🗡️
|move|p2a: Tornadus|Nasty Plot|p2a: Tornadus
|-boost|p2a: Tornadus|spa|2
|
|-heal|p1a: Aizen🗡️|35/100|[from] item: Leftovers
|upkeep
|turn|23
|
|t:|1781366830
|move|p1a: Aizen🗡️|Sucker Punch|p2a: Tornadus
|-damage|p2a: Tornadus|0 fnt
|faint|p2a: Tornadus
|
|-heal|p1a: Aizen🗡️|41/100|[from] item: Leftovers
|upkeep
|
|t:|1781366833
|switch|p2a: Ting-Lu|Ting-Lu|42/100
|-ability|p2a: Ting-Lu|Vessel of Ruin
|turn|24
|
|t:|1781366840
|-terastallize|p2a: Ting-Lu|Water
|move|p1a: Aizen🗡️|Low Kick|p2a: Ting-Lu
|-damage|p2a: Ting-Lu|0 fnt
|faint|p2a: Ting-Lu
|
|-heal|p1a: Aizen🗡️|47/100|[from] item: Leftovers
|upkeep
|-message|bluntsmoker3000 forfeited.
|
|win|BlackStar150520
|raw|BlackStar150520's rating: 1707 &rarr; <strong>1726</strong><br />(+19 for winning)
|raw|bluntsmoker3000's rating: 1681 &rarr; <strong>1662</strong><br />(-19 for losing)
|l|☆bluntsmoker3000
|player|p2|
|l|☆BlackStar150520
|player|p1|
