|j|☆gholdengofinance
|j|☆tauros3
|t:|1781042098
|gametype|singles
|player|p1|gholdengofinance|dawn-gen4pt|1556
|player|p2|tauros3|swimmer-gen4dp|1526
|gen|9
|tier|[Gen 9] OU
|rated|
|rule|HP Percentage Mod: HP is shown in percentages
|rule|Endless Battle Clause: Forcing endless battles is banned
|rule|Species Clause: Limit one of each Pokémon
|rule|OHKO Clause: OHKO moves are banned
|rule|Evasion Items Clause: Evasion items are banned
|rule|Evasion Moves Clause: Evasion moves are banned
|rule|Evasion Abilities Clause: Evasion abilities are banned
|rule|Sleep Moves Clause: Sleep-inducing moves are banned
|clearpoke
|poke|p1|Glimmora, F|
|poke|p1|Rillaboom, F|
|poke|p1|Great Tusk|
|poke|p1|Corviknight, F|
|poke|p1|Thundurus-Therian, M|
|poke|p1|Slowking-Galar, F|
|poke|p2|Rillaboom, M|
|poke|p2|Ogerpon-Wellspring, F|
|poke|p2|Tauros-Paldea-Blaze, M|
|poke|p2|Raging Bolt|
|poke|p2|Muk-Alola, M|
|poke|p2|Iron Treads|
|teampreview
|inactive|Battle timer is ON: inactive players will automatically lose when time's up. (requested by tauros3)
|
|t:|1781042105
|teamsize|p1|6
|teamsize|p2|6
|start
|switch|p1a: Corviknight|Corviknight, F|100/100
|switch|p2a: Plastic Flowers|Iron Treads|100/100
|-enditem|p2a: Plastic Flowers|Booster Energy
|-activate|p2a: Plastic Flowers|ability: Quark Drive|[fromitem]
|-start|p2a: Plastic Flowers|quarkdrivespe
|turn|1
|
|t:|1781042107
|move|p2a: Plastic Flowers|Stealth Rock|p1a: Corviknight
|-sidestart|p1: gholdengofinance|move: Stealth Rock
|move|p1a: Corviknight|U-turn|p2a: Plastic Flowers
|-resisted|p2a: Plastic Flowers
|-damage|p2a: Plastic Flowers|94/100
|j| nmmnmnmnmnnnmnm
|
|t:|1781042113
|switch|p1a: Great Tusk|Great Tusk|100/100|[from] U-turn
|-damage|p1a: Great Tusk|98/100|[from] Stealth Rock
|
|upkeep
|turn|2
|
|t:|1781042118
|move|p2a: Plastic Flowers|Earth Power|p1a: Great Tusk
|-damage|p1a: Great Tusk|49/100
|move|p1a: Great Tusk|Stealth Rock|p2a: Plastic Flowers
|-sidestart|p2: tauros3|move: Stealth Rock
|
|upkeep
|turn|3
|
|t:|1781042123
|move|p2a: Plastic Flowers|Rapid Spin|p1a: Great Tusk
|-damage|p1a: Great Tusk|41/100
|-boost|p2a: Plastic Flowers|spe|1
|-sideend|p2: tauros3|Stealth Rock|[from] move: Rapid Spin|[of] p2a: Plastic Flowers
|move|p1a: Great Tusk|Headlong Rush|p2a: Plastic Flowers
|-supereffective|p2a: Plastic Flowers
|-crit|p2a: Plastic Flowers
|-damage|p2a: Plastic Flowers|0 fnt
|-unboost|p1a: Great Tusk|def|1
|-unboost|p1a: Great Tusk|spd|1
|faint|p2a: Plastic Flowers
|-end|p2a: Plastic Flowers|Quark Drive|[silent]
|
|upkeep
|
|t:|1781042126
|switch|p2a: HELP|Ogerpon-Wellspring, F|100/100
|turn|4
|
|t:|1781042129
|-end|p1a: Great Tusk|Protosynthesis|[silent]
|switch|p1a: Corviknight|Corviknight, F|100/100
|-damage|p1a: Corviknight|88/100|[from] Stealth Rock
|move|p2a: HELP|Ivy Cudgel|p1a: Corviknight|[anim] Ivy Cudgel Water
|-damage|p1a: Corviknight|48/100
|
|upkeep
|turn|5
|
|t:|1781042135
|-terastallize|p2a: HELP|Water
|detailschange|p2a: HELP|Ogerpon-Wellspring-Tera, F, tera:Water
|-ability|p2a: HELP|Embody Aspect (Wellspring)|boost
|-boost|p2a: HELP|spd|1
|move|p2a: HELP|Ivy Cudgel|p1a: Corviknight|[anim] Ivy Cudgel Water
|-crit|p1a: Corviknight
|-damage|p1a: Corviknight|0 fnt
|faint|p1a: Corviknight
|
|upkeep
|
|t:|1781042137
|switch|p1a: Rillaboom|Rillaboom, F|100/100
|-damage|p1a: Rillaboom|88/100|[from] Stealth Rock
|-fieldstart|move: Grassy Terrain|[from] ability: Grassy Surge|[of] p1a: Rillaboom
|turn|6
|
|t:|1781042140
|switch|p2a: The Plan|Tauros-Paldea-Blaze, M|100/100
|-ability|p2a: The Plan|Intimidate|boost
|-unboost|p1a: Rillaboom|atk|1
|move|p1a: Rillaboom|U-turn|p2a: The Plan
|-resisted|p2a: The Plan
|-damage|p2a: The Plan|96/100
|
|t:|1781042150
|switch|p1a: Thundurus|Thundurus-Therian, M|100/100|[from] U-turn
|
|-heal|p2a: The Plan|100/100|[from] Grassy Terrain
|upkeep
|turn|7
|
|t:|1781042154
|switch|p2a: 2YL|Muk-Alola, M|100/100
|move|p1a: Thundurus|Discharge|p2a: 2YL
|-damage|p2a: 2YL|84/100
|-status|p2a: 2YL|par
|
|-heal|p2a: 2YL|90/100 par|[from] Grassy Terrain
|upkeep
|turn|8
|
|t:|1781042157
|move|p1a: Thundurus|Volt Switch|p2a: 2YL
|-damage|p2a: 2YL|74/100 par
|
|t:|1781042159
|switch|p1a: Great Tusk|Great Tusk|41/100|[from] Volt Switch
|-damage|p1a: Great Tusk|38/100|[from] Stealth Rock
|move|p2a: 2YL|Knock Off|p1a: Great Tusk
|-resisted|p1a: Great Tusk
|-damage|p1a: Great Tusk|25/100
|-enditem|p1a: Great Tusk|Protective Pads|[from] move: Knock Off|[of] p2a: 2YL
|
|-heal|p1a: Great Tusk|31/100|[from] Grassy Terrain
|-heal|p2a: 2YL|80/100 par|[from] Grassy Terrain
|upkeep
|turn|9
|
|t:|1781042169
|switch|p2a: HELP|Ogerpon-Wellspring-Tera, F, tera:Water|100/100
|-ability|p2a: HELP|Embody Aspect (Wellspring)|boost
|-boost|p2a: HELP|spd|1
|move|p1a: Great Tusk|Rapid Spin|p2a: HELP
|-damage|p2a: HELP|78/100
|-boost|p1a: Great Tusk|spe|1
|-sideend|p1: gholdengofinance|Stealth Rock|[from] move: Rapid Spin|[of] p1a: Great Tusk
|
|-heal|p1a: Great Tusk|38/100|[from] Grassy Terrain
|-heal|p2a: HELP|84/100|[from] Grassy Terrain
|upkeep
|turn|10
|
|t:|1781042174
|move|p2a: HELP|Grassy Glide|p1a: Great Tusk
|-supereffective|p1a: Great Tusk
|-damage|p1a: Great Tusk|0 fnt
|faint|p1a: Great Tusk
|-end|p1a: Great Tusk|Protosynthesis|[silent]
|
|-heal|p2a: HELP|90/100|[from] Grassy Terrain
|-fieldend|move: Grassy Terrain
|upkeep
|
|t:|1781042179
|switch|p1a: Rillaboom|Rillaboom, F|88/100
|-fieldstart|move: Grassy Terrain|[from] ability: Grassy Surge|[of] p1a: Rillaboom
|turn|11
|
|t:|1781042184
|switch|p2a: The Plan|Tauros-Paldea-Blaze, M|100/100
|-ability|p2a: The Plan|Intimidate|boost
|-unboost|p1a: Rillaboom|atk|1
|move|p1a: Rillaboom|U-turn|p2a: The Plan
|-resisted|p2a: The Plan
|-damage|p2a: The Plan|97/100
|
|t:|1781042187
|switch|p1a: Thundurus|Thundurus-Therian, M|100/100|[from] U-turn
|
|-heal|p2a: The Plan|100/100|[from] Grassy Terrain
|upkeep
|turn|12
|
|t:|1781042193
|switch|p2a: 2YL|Muk-Alola, M|80/100 par
|move|p1a: Thundurus|Volt Switch|p2a: 2YL
|-damage|p2a: 2YL|65/100 par
|
|t:|1781042197
|switch|p1a: Rillaboom|Rillaboom, F|88/100|[from] Volt Switch
|
|-heal|p1a: Rillaboom|94/100|[from] Grassy Terrain
|-heal|p2a: 2YL|71/100 par|[from] Grassy Terrain
|upkeep
|turn|13
|
|t:|1781042200
|move|p1a: Rillaboom|U-turn|p2a: 2YL
|-crit|p2a: 2YL
|-damage|p2a: 2YL|14/100 par
|
|t:|1781042202
|switch|p1a: Slowking|Slowking-Galar, F|100/100|[from] U-turn
|move|p2a: 2YL|Poison Jab|p1a: Slowking
|-resisted|p1a: Slowking
|-damage|p1a: Slowking|85/100
|
|-heal|p1a: Slowking|91/100|[from] Grassy Terrain
|-heal|p2a: 2YL|20/100 par|[from] Grassy Terrain
|upkeep
|turn|14
|
|t:|1781042206
|move|p1a: Slowking|Flamethrower|p2a: 2YL
|-damage|p2a: 2YL|11/100 par
|move|p2a: 2YL|Knock Off|p1a: Slowking
|-supereffective|p1a: Slowking
|-damage|p1a: Slowking|13/100
|-enditem|p1a: Slowking|Heavy-Duty Boots|[from] move: Knock Off|[of] p2a: 2YL
|
|-heal|p1a: Slowking|19/100|[from] Grassy Terrain
|-heal|p2a: 2YL|17/100 par|[from] Grassy Terrain
|upkeep
|turn|15
|
|t:|1781042212
|move|p2a: 2YL|Shadow Sneak|p1a: Slowking
|-supereffective|p1a: Slowking
|-damage|p1a: Slowking|0 fnt
|faint|p1a: Slowking
|
|-heal|p2a: 2YL|23/100 par|[from] Grassy Terrain
|-fieldend|move: Grassy Terrain
|upkeep
|
|t:|1781042214
|switch|p1a: Rillaboom|Rillaboom, F|94/100
|-fieldstart|move: Grassy Terrain|[from] ability: Grassy Surge|[of] p1a: Rillaboom
|turn|16
|
|t:|1781042225
|switch|p2a: The Plan|Tauros-Paldea-Blaze, M|100/100
|-ability|p2a: The Plan|Intimidate|boost
|-unboost|p1a: Rillaboom|atk|1
|move|p1a: Rillaboom|U-turn|p2a: The Plan
|-resisted|p2a: The Plan
|-damage|p2a: The Plan|96/100
|j| S\Il!^ve>RjAY22=40
|
|t:|1781042228
|switch|p1a: Thundurus|Thundurus-Therian, M|100/100|[from] U-turn
|
|-heal|p2a: The Plan|100/100|[from] Grassy Terrain
|upkeep
|turn|17
|
|t:|1781042232
|switch|p2a: 2YL|Muk-Alola, M|23/100 par
|move|p1a: Thundurus|Discharge|p2a: 2YL
|-damage|p2a: 2YL|6/100 par
|
|-heal|p2a: 2YL|12/100 par|[from] Grassy Terrain
|upkeep
|turn|18
|
|t:|1781042235
|move|p1a: Thundurus|Volt Switch|p2a: 2YL
|-damage|p2a: 2YL|0 fnt
|faint|p2a: 2YL
|
|t:|1781042237
|switch|p1a: Rillaboom|Rillaboom, F|94/100|[from] Volt Switch
|
|-heal|p1a: Rillaboom|100/100|[from] Grassy Terrain
|upkeep
|
|t:|1781042239
|switch|p2a: The Plan|Tauros-Paldea-Blaze, M|100/100
|-ability|p2a: The Plan|Intimidate|boost
|-unboost|p1a: Rillaboom|atk|1
|turn|19
|j| darkrat18
|
|t:|1781042241
|move|p2a: The Plan|Will-O-Wisp|p1a: Rillaboom
|-status|p1a: Rillaboom|brn
|move|p1a: Rillaboom|U-turn|p2a: The Plan
|-resisted|p2a: The Plan
|-damage|p2a: The Plan|99/100
|
|t:|1781042243
|switch|p1a: Thundurus|Thundurus-Therian, M|100/100|[from] U-turn
|
|-heal|p2a: The Plan|100/100|[from] Grassy Terrain
|upkeep
|turn|20
|
|t:|1781042248
|switch|p2a: West Virginia|Raging Bolt|100/100
|move|p1a: Thundurus|Discharge|p2a: West Virginia
|-resisted|p2a: West Virginia
|-damage|p2a: West Virginia|90/100
|
|-heal|p2a: West Virginia|96/100|[from] Grassy Terrain
|-heal|p2a: West Virginia|100/100|[from] item: Leftovers
|-fieldend|move: Grassy Terrain
|upkeep
|turn|21
|
|t:|1781042254
|-terastallize|p1a: Thundurus|Fairy
|move|p1a: Thundurus|Knock Off|p2a: West Virginia
|-damage|p2a: West Virginia|79/100
|-enditem|p2a: West Virginia|Leftovers|[from] move: Knock Off|[of] p1a: Thundurus
|move|p2a: West Virginia|Calm Mind|p2a: West Virginia
|-boost|p2a: West Virginia|spa|1
|-boost|p2a: West Virginia|spd|1
|
|upkeep
|turn|22
|
|t:|1781042261
|-end|p2a: West Virginia|Protosynthesis|[silent]
|switch|p2a: Summer Shandy|Rillaboom, M|100/100
|-fieldstart|move: Grassy Terrain|[from] ability: Grassy Surge|[of] p2a: Summer Shandy
|move|p1a: Thundurus|Discharge|p2a: Summer Shandy
|-resisted|p2a: Summer Shandy
|-damage|p2a: Summer Shandy|76/100
|
|-heal|p2a: Summer Shandy|82/100|[from] Grassy Terrain
|upkeep
|turn|23
|
|t:|1781042264
|switch|p1a: Rillaboom|Rillaboom, F|100/100 brn
|move|p2a: Summer Shandy|Grassy Glide|p1a: Rillaboom
|-resisted|p1a: Rillaboom
|-damage|p1a: Rillaboom|81/100 brn
|
|-heal|p2a: Summer Shandy|88/100|[from] Grassy Terrain
|-heal|p1a: Rillaboom|87/100 brn|[from] Grassy Terrain
|-damage|p1a: Rillaboom|81/100 brn|[from] brn
|upkeep
|turn|24
|
|t:|1781042266
|move|p2a: Summer Shandy|U-turn|p1a: Rillaboom
|-supereffective|p1a: Rillaboom
|-damage|p1a: Rillaboom|35/100 brn
|
|t:|1781042269
|switch|p2a: The Plan|Tauros-Paldea-Blaze, M|100/100|[from] U-turn
|-ability|p2a: The Plan|Intimidate|boost
|-unboost|p1a: Rillaboom|atk|1
|move|p1a: Rillaboom|U-turn|p2a: The Plan
|-resisted|p2a: The Plan
|-damage|p2a: The Plan|98/100
|
|t:|1781042272
|switch|p1a: Glimmora|Glimmora, F|100/100|[from] U-turn
|
|-heal|p2a: The Plan|100/100|[from] Grassy Terrain
|upkeep
|turn|25
|
|t:|1781042276
|switch|p2a: HELP|Ogerpon-Wellspring-Tera, F, tera:Water|90/100
|-ability|p2a: HELP|Embody Aspect (Wellspring)|boost
|-boost|p2a: HELP|spd|1
|move|p1a: Glimmora|Rock Polish|p1a: Glimmora
|-boost|p1a: Glimmora|spe|2
|
|-heal|p2a: HELP|96/100|[from] Grassy Terrain
|upkeep
|turn|26
|
|t:|1781042279
|move|p1a: Glimmora|Meteor Beam||[still]
|-prepare|p1a: Glimmora|Meteor Beam
|-boost|p1a: Glimmora|spa|1
|-enditem|p1a: Glimmora|Power Herb
|-anim|p1a: Glimmora|Meteor Beam|p2a: HELP
|-damage|p2a: HELP|25/100
|move|p2a: HELP|Ivy Cudgel|p1a: Glimmora|[anim] Ivy Cudgel Water
|-supereffective|p1a: Glimmora
|-damage|p1a: Glimmora|0 fnt
|-activate|p1a: Glimmora|ability: Toxic Debris
|-sidestart|p2: tauros3|move: Toxic Spikes
|faint|p1a: Glimmora
|
|-heal|p2a: HELP|31/100|[from] Grassy Terrain
|upkeep
|
|t:|1781042284
|switch|p1a: Rillaboom|Rillaboom, F|35/100 brn
|turn|27
|
|t:|1781042289
|switch|p2a: The Plan|Tauros-Paldea-Blaze, M|100/100
|-status|p2a: The Plan|psn
|-ability|p2a: The Plan|Intimidate|boost
|-unboost|p1a: Rillaboom|atk|1
|move|p1a: Rillaboom|U-turn|p2a: The Plan
|-resisted|p2a: The Plan
|-damage|p2a: The Plan|99/100 psn
|
|t:|1781042291
|switch|p1a: Thundurus|Thundurus-Therian, M, tera:Fairy|100/100|[from] U-turn
|
|-heal|p2a: The Plan|100/100 psn|[from] Grassy Terrain
|-damage|p2a: The Plan|88/100 psn|[from] psn
|upkeep
|turn|28
|
|t:|1781042297
|move|p1a: Thundurus|Discharge|p2a: The Plan
|-damage|p2a: The Plan|29/100 psn
|move|p2a: The Plan|Raging Bull|p1a: Thundurus
|-damage|p1a: Thundurus|42/100
|
|-heal|p1a: Thundurus|48/100|[from] Grassy Terrain
|-heal|p2a: The Plan|36/100 psn|[from] Grassy Terrain
|-heal|p2a: The Plan|42/100 psn|[from] item: Leftovers
|-damage|p2a: The Plan|29/100 psn|[from] psn
|upkeep
|turn|29
|
|t:|1781042303
|move|p1a: Thundurus|Volt Switch|p2a: The Plan
|-damage|p2a: The Plan|0 fnt
|faint|p2a: The Plan
|
|t:|1781042305
|switch|p1a: Rillaboom|Rillaboom, F|35/100 brn|[from] Volt Switch
|
|-heal|p1a: Rillaboom|41/100 brn|[from] Grassy Terrain
|-damage|p1a: Rillaboom|35/100 brn|[from] brn
|-fieldend|move: Grassy Terrain
|upkeep
|
|t:|1781042312
|switch|p2a: HELP|Ogerpon-Wellspring-Tera, F, tera:Water|31/100
|-status|p2a: HELP|psn
|-ability|p2a: HELP|Embody Aspect (Wellspring)|boost
|-boost|p2a: HELP|spd|1
|turn|30
|
|t:|1781042317
|move|p2a: HELP|Ivy Cudgel|p1a: Rillaboom|[anim] Ivy Cudgel Water
|-resisted|p1a: Rillaboom
|-damage|p1a: Rillaboom|0 fnt
|faint|p1a: Rillaboom
|
|-damage|p2a: HELP|18/100 psn|[from] psn
|upkeep
|
|t:|1781042319
|switch|p1a: Thundurus|Thundurus-Therian, M, tera:Fairy|48/100
|turn|31
|
|t:|1781042321
|switch|p2a: Summer Shandy|Rillaboom, M|88/100
|-status|p2a: Summer Shandy|psn
|-fieldstart|move: Grassy Terrain|[from] ability: Grassy Surge|[of] p2a: Summer Shandy
|move|p1a: Thundurus|Discharge|p2a: Summer Shandy
|-resisted|p2a: Summer Shandy
|-damage|p2a: Summer Shandy|64/100 psn
|
|-heal|p1a: Thundurus|54/100|[from] Grassy Terrain
|-heal|p2a: Summer Shandy|70/100 psn|[from] Grassy Terrain
|-damage|p2a: Summer Shandy|57/100 psn|[from] psn
|upkeep
|turn|32
|
|t:|1781042326
|move|p2a: Summer Shandy|Grassy Glide|p1a: Thundurus
|-damage|p1a: Thundurus|0 fnt
|faint|p1a: Thundurus
|
|win|tauros3
|raw|gholdengofinance's rating: 1556 &rarr; <strong>1534</strong><br />(-22 for losing)
|raw|tauros3's rating: 1526 &rarr; <strong>1548</strong><br />(+22 for winning)
|l|☆gholdengofinance
|player|p1|
|l|☆tauros3
|player|p2|
|l| S\Il!^ve>RjAY22=40
