|badge|p1|bronze|gen9ou|100-9
|uhtml|medal-msg|<div class="broadcast-blue">Curious what those medals under the avatar are? PS now has Ladder Seasons! For more information, check out the <a href="https://www.smogon.com/forums/threads/3740067/">thread on Smogon.</a></div>
|j|☆rblt ryo
|j|☆rombizoid
|t:|1780899827
|gametype|singles
|player|p1|rblt ryo|grimsley-gen7|1822
|player|p2|rombizoid|1|1614
|gen|9
|tier|[Gen 9] OU
|rated|
|rule|HP Percentage Mod: HP is shown in percentages
|rule|Endless Battle Clause: Forcing endless battles is banned
|rule|Species Clause: Limit one of each Pokémon
|rule|OHKO Clause: OHKO moves are banned
|rule|Evasion Items Clause: Evasion items are banned
|rule|Evasion Moves Clause: Evasion moves are banned
|rule|Evasion Abilities Clause: Evasion abilities are banned
|rule|Sleep Moves Clause: Sleep-inducing moves are banned
|clearpoke
|poke|p1|Ting-Lu|
|poke|p1|Corviknight, F|
|poke|p1|Hatterene, F|
|poke|p1|Amoonguss, M|
|poke|p1|Dondozo, F|
|poke|p1|Hoopa-Unbound|
|poke|p2|Garchomp, F|
|poke|p2|Gholdengo|
|poke|p2|Moltres|
|poke|p2|Alomomola, M|
|poke|p2|Iron Treads|
|poke|p2|Dragonite, F|
|teampreview
|
|t:|1780899841
|teamsize|p1|6
|teamsize|p2|6
|start
|switch|p1a: Hoopa|Hoopa-Unbound|100/100
|switch|p2a: Moltres|Moltres|100/100
|turn|1
|inactive|Battle timer is ON: inactive players will automatically lose when time's up. (requested by rombizoid)
|
|t:|1780899850
|switch|p1a: Ting-Lu|Ting-Lu|100/100
|-ability|p1a: Ting-Lu|Vessel of Ruin
|move|p2a: Moltres|Will-O-Wisp|p1a: Ting-Lu
|-status|p1a: Ting-Lu|brn
|
|-damage|p1a: Ting-Lu|94/100 brn|[from] brn
|upkeep
|turn|2
|
|t:|1780899866
|switch|p2a: Iron Treads|Iron Treads|100/100
|move|p1a: Ting-Lu|Rest|p1a: Ting-Lu
|-status|p1a: Ting-Lu|slp|[from] move: Rest
|-heal|p1a: Ting-Lu|100/100 slp|[silent]
|
|upkeep
|turn|3
|
|t:|1780899874
|switch|p1a: Hatterene|Hatterene, F|100/100
|move|p2a: Iron Treads|Knock Off|p1a: Hatterene
|-damage|p1a: Hatterene|75/100
|-enditem|p1a: Hatterene|Leftovers|[from] move: Knock Off|[of] p2a: Iron Treads
|
|upkeep
|turn|4
|
|t:|1780899882
|move|p2a: Iron Treads|Earthquake|p1a: Hatterene
|-damage|p1a: Hatterene|35/100
|move|p1a: Hatterene|Mystical Fire|p2a: Iron Treads
|-supereffective|p2a: Iron Treads
|-damage|p2a: Iron Treads|35/100
|-unboost|p2a: Iron Treads|spa|1
|
|upkeep
|turn|5
|
|t:|1780899890
|-end|p2a: Iron Treads|Quark Drive|[silent]
|switch|p2a: Moltres|Moltres|100/100
|switch|p1a: Corviknight|Corviknight, F|100/100
|-ability|p1a: Corviknight|Pressure
|
|upkeep
|turn|6
|
|t:|1780899900
|switch|p1a: Ting-Lu|Ting-Lu|100/100 slp
|-ability|p1a: Ting-Lu|Vessel of Ruin
|move|p2a: Moltres|Flamethrower|p1a: Ting-Lu
|-damage|p1a: Ting-Lu|85/100 slp
|
|-heal|p1a: Ting-Lu|91/100 slp|[from] item: Leftovers
|upkeep
|turn|7
|
|t:|1780899916
|switch|p2a: Dragonite|Dragonite, F|100/100
|cant|p1a: Ting-Lu|slp
|move|p1a: Ting-Lu|Sleep Talk|p1a: Ting-Lu
|move|p1a: Ting-Lu|Rest||[from] move: Sleep Talk|[still]
|-fail|p1a: Ting-Lu
|
|-heal|p1a: Ting-Lu|97/100 slp|[from] item: Leftovers
|upkeep
|turn|8
|
|t:|1780899922
|move|p2a: Dragonite|Dragon Dance|p2a: Dragonite
|-boost|p2a: Dragonite|atk|1
|-boost|p2a: Dragonite|spe|1
|cant|p1a: Ting-Lu|slp
|move|p1a: Ting-Lu|Sleep Talk|p1a: Ting-Lu
|move|p1a: Ting-Lu|Rest||[from] move: Sleep Talk|[still]
|-fail|p1a: Ting-Lu
|
|-heal|p1a: Ting-Lu|100/100 slp|[from] item: Leftovers
|upkeep
|turn|9
|
|t:|1780899926
|move|p2a: Dragonite|Ice Spinner|p1a: Ting-Lu
|-supereffective|p1a: Ting-Lu
|-damage|p1a: Ting-Lu|49/100 slp
|-curestatus|p1a: Ting-Lu|slp|[msg]
|move|p1a: Ting-Lu|Payback|p2a: Dragonite
|-damage|p2a: Dragonite|79/100
|
|-heal|p1a: Ting-Lu|55/100|[from] item: Leftovers
|upkeep
|turn|10
|
|t:|1780899944
|switch|p1a: Dondozo|Dondozo, F|100/100
|move|p2a: Dragonite|Ice Spinner|p1a: Dondozo
|-resisted|p1a: Dondozo
|-crit|p1a: Dondozo
|-damage|p1a: Dondozo|87/100
|
|-heal|p1a: Dondozo|93/100|[from] item: Leftovers
|upkeep
|turn|11
|
|t:|1780899951
|switch|p2a: Alomomola|Alomomola, M|100/100
|move|p1a: Dondozo|Liquidation|p2a: Alomomola
|-resisted|p2a: Alomomola
|-damage|p2a: Alomomola|92/100
|
|-heal|p1a: Dondozo|99/100|[from] item: Leftovers
|upkeep
|turn|12
|
|t:|1780899962
|move|p2a: Alomomola|Wish|p2a: Alomomola
|move|p1a: Dondozo|Liquidation|p2a: Alomomola
|-resisted|p2a: Alomomola
|-damage|p2a: Alomomola|84/100
|-unboost|p2a: Alomomola|def|1
|
|-heal|p1a: Dondozo|100/100|[from] item: Leftovers
|upkeep
|turn|13
|
|t:|1780899974
|switch|p2a: Garchomp|Garchomp, F|100/100
|move|p1a: Dondozo|Liquidation|p2a: Garchomp
|-damage|p2a: Garchomp|82/100
|-damage|p1a: Dondozo|88/100|[from] ability: Rough Skin|[of] p2a: Garchomp
|-damage|p1a: Dondozo|71/100|[from] item: Rocky Helmet|[of] p2a: Garchomp
|
|-heal|p2a: Garchomp|100/100|[from] move: Wish|[wisher] Alomomola
|-heal|p1a: Dondozo|77/100|[from] item: Leftovers
|upkeep
|turn|14
|
|t:|1780899985
|switch|p1a: Hatterene|Hatterene, F|35/100
|move|p2a: Garchomp|Earthquake|p1a: Hatterene
|-damage|p1a: Hatterene|3/100
|
|upkeep
|turn|15
|
|t:|1780899993
|switch|p1a: Amoonguss|Amoonguss, M|100/100
|move|p2a: Garchomp|Earthquake|p1a: Amoonguss
|-damage|p1a: Amoonguss|69/100
|
|upkeep
|turn|16
|
|t:|1780899998
|switch|p1a: Hatterene|Hatterene, F|3/100
|move|p2a: Garchomp|Earthquake|p1a: Hatterene
|-damage|p1a: Hatterene|0 fnt
|faint|p1a: Hatterene
|
|upkeep
|
|t:|1780900018
|switch|p1a: Hoopa|Hoopa-Unbound|100/100
|turn|17
|
|t:|1780900023
|switch|p2a: Moltres|Moltres|100/100
|move|p1a: Hoopa|Ice Punch|p2a: Moltres
|-damage|p2a: Moltres|80/100
|
|upkeep
|turn|18
|
|t:|1780900030
|switch|p1a: Ting-Lu|Ting-Lu|55/100
|-ability|p1a: Ting-Lu|Vessel of Ruin
|move|p2a: Moltres|Will-O-Wisp|p1a: Ting-Lu
|-status|p1a: Ting-Lu|brn
|
|-heal|p1a: Ting-Lu|62/100 brn|[from] item: Leftovers
|-damage|p1a: Ting-Lu|55/100 brn|[from] brn
|upkeep
|turn|19
|
|t:|1780900035
|switch|p2a: Dragonite|Dragonite, F|79/100
|move|p1a: Ting-Lu|Rest|p1a: Ting-Lu
|-status|p1a: Ting-Lu|slp|[from] move: Rest
|-heal|p1a: Ting-Lu|100/100 slp|[silent]
|
|upkeep
|turn|20
|
|t:|1780900043
|switch|p2a: Garchomp|Garchomp, F|100/100
|cant|p1a: Ting-Lu|slp
|move|p1a: Ting-Lu|Sleep Talk|p1a: Ting-Lu
|move|p1a: Ting-Lu|Rest||[from] move: Sleep Talk|[still]
|-fail|p1a: Ting-Lu
|
|upkeep
|turn|21
|
|t:|1780900050
|move|p2a: Garchomp|Spikes|p1a: Ting-Lu
|-sidestart|p1: rblt ryo|Spikes
|cant|p1a: Ting-Lu|slp
|move|p1a: Ting-Lu|Sleep Talk|p1a: Ting-Lu
|move|p1a: Ting-Lu|Earthquake|p2a: Garchomp|[from] move: Sleep Talk
|-damage|p2a: Garchomp|78/100
|
|upkeep
|turn|22
|
|t:|1780900055
|move|p2a: Garchomp|Spikes|p1a: Ting-Lu
|-sidestart|p1: rblt ryo|Spikes
|-curestatus|p1a: Ting-Lu|slp|[msg]
|move|p1a: Ting-Lu|Earthquake|p2a: Garchomp
|-crit|p2a: Garchomp
|-damage|p2a: Garchomp|45/100
|
|upkeep
|turn|23
|
|t:|1780900058
|move|p2a: Garchomp|Spikes|p1a: Ting-Lu
|-sidestart|p1: rblt ryo|Spikes
|move|p1a: Ting-Lu|Earthquake|p2a: Garchomp
|-damage|p2a: Garchomp|21/100
|
|upkeep
|turn|24
|
|t:|1780900063
|switch|p2a: Alomomola|Alomomola, M|100/100
|move|p1a: Ting-Lu|Earthquake|p2a: Alomomola
|-damage|p2a: Alomomola|80/100
|
|upkeep
|turn|25
|
|t:|1780900067
|switch|p1a: Amoonguss|Amoonguss, M|100/100
|move|p2a: Alomomola|Wish|p2a: Alomomola
|
|upkeep
|turn|26
|
|t:|1780900074
|switch|p2a: Moltres|Moltres|80/100
|move|p1a: Amoonguss|Foul Play|p2a: Moltres
|-crit|p2a: Moltres
|-damage|p2a: Moltres|62/100
|
|-heal|p2a: Moltres|100/100|[from] move: Wish|[wisher] Alomomola
|upkeep
|turn|27
|
|t:|1780900080
|move|p2a: Moltres|Flamethrower|p1a: Amoonguss
|-supereffective|p1a: Amoonguss
|-damage|p1a: Amoonguss|31/100
|move|p1a: Amoonguss|Stun Spore|p2a: Moltres|[miss]
|-miss|p1a: Amoonguss|p2a: Moltres
|
|upkeep
|turn|28
|
|t:|1780900087
|switch|p1a: Ting-Lu|Ting-Lu|100/100
|-damage|p1a: Ting-Lu|76/100|[from] Spikes
|-ability|p1a: Ting-Lu|Vessel of Ruin
|move|p2a: Moltres|Flamethrower|p1a: Ting-Lu
|-damage|p1a: Ting-Lu|60/100
|
|-heal|p1a: Ting-Lu|66/100|[from] item: Leftovers
|upkeep
|turn|29
|
|t:|1780900092
|switch|p1a: Amoonguss|Amoonguss, M|64/100
|move|p2a: Moltres|Will-O-Wisp|p1a: Amoonguss
|-status|p1a: Amoonguss|brn
|
|-damage|p1a: Amoonguss|58/100 brn|[from] brn
|upkeep
|turn|30
|-message|rblt ryo forfeited.
|
|win|rombizoid
|raw|rblt ryo's rating: 1822 &rarr; <strong>1791</strong><br />(-31 for losing)
|raw|rombizoid's rating: 1614 &rarr; <strong>1645</strong><br />(+31 for winning)
|c|☆rombizoid|gg
|l|☆rblt ryo
|player|p1|
