|j|☆qingyunxian
|j|☆sxde
|t:|1781349169
|gametype|singles
|player|p1|qingyunxian|2|1570
|player|p2|sxde|1|1639
|gen|9
|tier|[Gen 9] OU
|rated|
|rule|HP Percentage Mod: HP is shown in percentages
|rule|Endless Battle Clause: Forcing endless battles is banned
|rule|Species Clause: Limit one of each Pokémon
|rule|OHKO Clause: OHKO moves are banned
|rule|Evasion Items Clause: Evasion items are banned
|rule|Evasion Moves Clause: Evasion moves are banned
|rule|Evasion Abilities Clause: Evasion abilities are banned
|rule|Sleep Moves Clause: Sleep-inducing moves are banned
|clearpoke
|poke|p1|Ceruledge, M|
|poke|p1|Glimmora, M|
|poke|p1|Iron Valiant|
|poke|p1|Ogerpon-Wellspring, F|
|poke|p1|Iron Crown|
|poke|p1|Minior|
|poke|p2|Kyurem|
|poke|p2|Landorus-Therian, M|
|poke|p2|Ogerpon-Wellspring, F|
|poke|p2|Greninja-*, F|
|poke|p2|Zamazenta-*|
|poke|p2|Hatterene, F|
|teampreview
|inactive|Battle timer is ON: inactive players will automatically lose when time's up. (requested by qingyunxian)
|j| dragasoul
|
|t:|1781349202
|teamsize|p1|6
|teamsize|p2|6
|start
|switch|p1a: Glimmora|Glimmora, M|100/100
|switch|p2a: Greninja|Greninja, F|100/100
|turn|1
|
|t:|1781349206
|move|p2a: Greninja|Hydro Pump|p1a: Glimmora
|-supereffective|p1a: Glimmora
|-enditem|p1a: Glimmora|Focus Sash
|-damage|p1a: Glimmora|1/100
|move|p1a: Glimmora|Stealth Rock|p2a: Greninja
|-sidestart|p2: sxde|move: Stealth Rock
|
|upkeep
|turn|2
|
|t:|1781349216
|switch|p1a: Ogerpon|Ogerpon-Wellspring, F|100/100
|move|p2a: Greninja|Toxic Spikes|p1a: Ogerpon
|-sidestart|p1: qingyunxian|move: Toxic Spikes
|
|upkeep
|turn|3
|
|t:|1781349225
|move|p2a: Greninja|Spikes|p1a: Ogerpon
|-sidestart|p1: qingyunxian|Spikes
|move|p1a: Ogerpon|Horn Leech|p2a: Greninja
|-supereffective|p2a: Greninja
|-enditem|p2a: Greninja|Focus Sash
|-damage|p2a: Greninja|1/100
|
|upkeep
|turn|4
|
|t:|1781349231
|move|p2a: Greninja|Spikes|p1a: Ogerpon
|-sidestart|p1: qingyunxian|Spikes
|move|p1a: Ogerpon|Horn Leech|p2a: Greninja
|-supereffective|p2a: Greninja
|-damage|p2a: Greninja|0 fnt
|faint|p2a: Greninja
|
|upkeep
|
|t:|1781349236
|switch|p2a: Kyurem|Kyurem|100/100
|-damage|p2a: Kyurem|76/100|[from] Stealth Rock
|-ability|p2a: Kyurem|Pressure
|turn|5
|
|t:|1781349252
|move|p1a: Ogerpon|Play Rough|p2a: Kyurem
|-supereffective|p2a: Kyurem
|-damage|p2a: Kyurem|25/100
|move|p2a: Kyurem|Earth Power|p1a: Ogerpon
|-resisted|p1a: Ogerpon
|-damage|p1a: Ogerpon|83/100
|-unboost|p1a: Ogerpon|spd|1
|
|upkeep
|turn|6
|inactive|qingyunxian has 120 seconds left.
|
|t:|1781349280
|move|p1a: Ogerpon|Ivy Cudgel|p2a: Kyurem|[anim] Ivy Cudgel Water
|-resisted|p2a: Kyurem
|-damage|p2a: Kyurem|4/100
|move|p2a: Kyurem|Freeze-Dry|p1a: Ogerpon
|-supereffective|p1a: Ogerpon
|-damage|p1a: Ogerpon|0 fnt
|faint|p1a: Ogerpon
|
|upkeep
|inactive|qingyunxian has 120 seconds left.
|
|t:|1781349295
|switch|p1a: Minior|Minior|100/100
|-formechange|p1a: Minior|Minior-Meteor||[from] ability: Shields Down
|turn|7
|
|t:|1781349305
|move|p2a: Kyurem|Ice Beam|p1a: Minior
|-supereffective|p1a: Minior
|-damage|p1a: Minior|0 fnt
|faint|p1a: Minior
|
|upkeep
|
|t:|1781349322
|switch|p1a: Iron Crown|Iron Crown|100/100
|-damage|p1a: Iron Crown|84/100|[from] Spikes
|-enditem|p1a: Iron Crown|Booster Energy
|-activate|p1a: Iron Crown|ability: Quark Drive|[fromitem]
|-start|p1a: Iron Crown|quarkdrivespe
|turn|8
|
|t:|1781349332
|move|p1a: Iron Crown|Tachyon Cutter|p2a: Kyurem
|-supereffective|p2a: Kyurem
|-damage|p2a: Kyurem|0 fnt
|faint|p2a: Kyurem
|-hitcount|p2: Kyurem|1
|
|upkeep
|
|t:|1781349341
|switch|p2a: Zamazenta|Zamazenta|100/100
|-damage|p2a: Zamazenta|94/100|[from] Stealth Rock
|-ability|p2a: Zamazenta|Dauntless Shield|boost
|-boost|p2a: Zamazenta|def|1
|turn|9
|
|t:|1781349346
|move|p1a: Iron Crown|Psychic|p2a: Zamazenta
|-supereffective|p2a: Zamazenta
|-damage|p2a: Zamazenta|14/100
|-unboost|p2a: Zamazenta|spd|1
|move|p2a: Zamazenta|Close Combat|p1a: Iron Crown
|-crit|p1a: Iron Crown
|-damage|p1a: Iron Crown|0 fnt
|-unboost|p2a: Zamazenta|def|1
|-unboost|p2a: Zamazenta|spd|1
|faint|p1a: Iron Crown
|-end|p1a: Iron Crown|Quark Drive|[silent]
|-damage|p2a: Zamazenta|4/100|[from] item: Life Orb
|
|upkeep
|j| Benas2009
|
|t:|1781349358
|switch|p1a: Ceruledge|Ceruledge, M|100/100
|-status|p1a: Ceruledge|psn
|-damage|p1a: Ceruledge|84/100 psn|[from] Spikes
|turn|10
|
|t:|1781349362
|move|p1a: Ceruledge|Shadow Sneak|p2a: Zamazenta
|-damage|p2a: Zamazenta|0 fnt
|faint|p2a: Zamazenta
|
|-damage|p1a: Ceruledge|72/100 psn|[from] psn
|upkeep
|
|t:|1781349366
|switch|p2a: Landorus|Landorus-Therian, M|100/100
|-damage|p2a: Landorus|88/100|[from] Stealth Rock
|-ability|p2a: Landorus|Intimidate|boost
|-unboost|p1a: Ceruledge|atk|1
|turn|11
|
|t:|1781349371
|switch|p1a: Glimmora|Glimmora, M|1/100
|-sideend|p1: qingyunxian|move: Toxic Spikes|[of] p1a: Glimmora
|-damage|p1a: Glimmora|0 fnt|[from] Spikes
|faint|p1a: Glimmora
|move|p2a: Landorus|Earth Power|p1: Glimmora|[notarget]
|-fail|p2a: Landorus
|
|upkeep
|inactive|qingyunxian has 120 seconds left.
|
|t:|1781349387
|switch|p1a: Iron Valiant|Iron Valiant|100/100
|-damage|p1a: Iron Valiant|84/100|[from] Spikes
|-enditem|p1a: Iron Valiant|Booster Energy
|-activate|p1a: Iron Valiant|ability: Quark Drive|[fromitem]
|-start|p1a: Iron Valiant|quarkdrivespe
|turn|12
|
|t:|1781349392
|switch|p2a: Hatterene|Hatterene, F|100/100
|-damage|p2a: Hatterene|88/100|[from] Stealth Rock
|move|p1a: Iron Valiant|Calm Mind|p1a: Iron Valiant
|-boost|p1a: Iron Valiant|spa|1
|-boost|p1a: Iron Valiant|spd|1
|
|upkeep
|turn|13
|
|t:|1781349405
|-terastallize|p1a: Iron Valiant|Ghost
|move|p1a: Iron Valiant|Shadow Ball|p2a: Hatterene
|-supereffective|p2a: Hatterene
|-damage|p2a: Hatterene|13/100
|move|p2a: Hatterene|Psychic Noise|p1a: Iron Valiant
|-damage|p1a: Iron Valiant|37/100
|-start|p1a: Iron Valiant|move: Heal Block
|
|upkeep
|turn|14
|
|t:|1781349415
|move|p1a: Iron Valiant|Moonblast|p2a: Hatterene
|-damage|p2a: Hatterene|0 fnt
|faint|p2a: Hatterene
|
|-end|p1a: Iron Valiant|move: Heal Block
|upkeep
|
|t:|1781349426
|switch|p2a: Ogerpon|Ogerpon-Wellspring, F|100/100
|-damage|p2a: Ogerpon|88/100|[from] Stealth Rock
|turn|15
|
|t:|1781349430
|-terastallize|p2a: Ogerpon|Water
|detailschange|p2a: Ogerpon|Ogerpon-Wellspring-Tera, F, tera:Water
|-ability|p2a: Ogerpon|Embody Aspect (Wellspring)|boost
|-boost|p2a: Ogerpon|spd|1
|move|p1a: Iron Valiant|Moonblast|p2a: Ogerpon
|-damage|p2a: Ogerpon|37/100
|move|p2a: Ogerpon|Ivy Cudgel|p1a: Iron Valiant|[anim] Ivy Cudgel Water
|-damage|p1a: Iron Valiant|0 fnt
|faint|p1a: Iron Valiant
|-end|p1a: Iron Valiant|Quark Drive|[silent]
|
|upkeep
|
|t:|1781349438
|switch|p1a: Ceruledge|Ceruledge, M|72/100 psn
|-damage|p1a: Ceruledge|55/100 psn|[from] Spikes
|turn|16
|
|t:|1781349449
|move|p1a: Ceruledge|Shadow Sneak|p2a: Ogerpon
|-damage|p2a: Ogerpon|10/100
|move|p2a: Ogerpon|Ivy Cudgel|p1a: Ceruledge|[anim] Ivy Cudgel Water
|-supereffective|p1a: Ceruledge
|-damage|p1a: Ceruledge|0 fnt
|faint|p1a: Ceruledge
|
|win|sxde
|raw|qingyunxian's rating: 1570 &rarr; <strong>1554</strong><br />(-16 for losing)
|raw|sxde's rating: 1639 &rarr; <strong>1655</strong><br />(+16 for winning)
|l|☆qingyunxian
|player|p1|
|l|☆sxde
|player|p2|
|l| dragasoul
