|j|☆ascended tusk 69
|j|☆LetsgoBrandonJ
|t:|1780978257
|gametype|singles
|player|p1|ascended tusk 69|biker|1654
|player|p2|LetsgoBrandonJ|palmer|1710
|gen|9
|tier|[Gen 9] OU
|rated|
|rule|HP Percentage Mod: HP is shown in percentages
|rule|Endless Battle Clause: Forcing endless battles is banned
|rule|Species Clause: Limit one of each Pokémon
|rule|OHKO Clause: OHKO moves are banned
|rule|Evasion Items Clause: Evasion items are banned
|rule|Evasion Moves Clause: Evasion moves are banned
|rule|Evasion Abilities Clause: Evasion abilities are banned
|rule|Sleep Moves Clause: Sleep-inducing moves are banned
|clearpoke
|poke|p1|Iron Moth|
|poke|p1|Gliscor, M|
|poke|p1|Hatterene, F|
|poke|p1|Ogerpon-Wellspring, F|
|poke|p1|Raging Bolt|
|poke|p1|Zamazenta-*|
|poke|p2|Araquanid, M|
|poke|p2|Gholdengo|
|poke|p2|Iron Moth|
|poke|p2|Iron Valiant|
|poke|p2|Raging Bolt|
|poke|p2|Kingambit, M|
|teampreview
|inactive|Battle timer is ON: inactive players will automatically lose when time's up. (requested by LetsgoBrandonJ)
|
|t:|1780978265
|teamsize|p1|6
|teamsize|p2|6
|start
|switch|p1a: BONK|Ogerpon-Wellspring, F|100/100
|switch|p2a: Araquanid|Araquanid, M, shiny|100/100
|turn|1
|
|t:|1780978275
|move|p1a: BONK|Swords Dance|p1a: BONK
|-boost|p1a: BONK|atk|2
|move|p2a: Araquanid|Lunge|p1a: BONK
|-supereffective|p1a: BONK
|-damage|p1a: BONK|47/100
|-unboost|p1a: BONK|atk|1
|
|upkeep
|turn|2
|
|t:|1780978283
|move|p1a: BONK|Trailblaze|p2a: Araquanid
|-damage|p2a: Araquanid|57/100
|-boost|p1a: BONK|spe|1
|move|p2a: Araquanid|Lunge|p1a: BONK
|-supereffective|p1a: BONK
|-damage|p1a: BONK|0 fnt
|faint|p1a: BONK
|
|upkeep
|
|t:|1780978296
|switch|p1a: Dorg|Zamazenta|100/100
|-ability|p1a: Dorg|Dauntless Shield|boost
|-boost|p1a: Dorg|def|1
|turn|3
|
|t:|1780978301
|move|p1a: Dorg|Reflect|p1a: Dorg
|-sidestart|p1: ascended tusk 69|Reflect
|move|p2a: Araquanid|Surf|p1a: Dorg
|-damage|p1a: Dorg|70/100
|
|upkeep
|turn|4
|
|t:|1780978307
|move|p1a: Dorg|Light Screen|p1a: Dorg
|-sidestart|p1: ascended tusk 69|move: Light Screen
|move|p2a: Araquanid|Surf|p1a: Dorg
|-damage|p1a: Dorg|55/100
|
|upkeep
|turn|5
|
|t:|1780978313
|switch|p1a: SLICE|Hatterene, F|100/100
|move|p2a: Araquanid|Surf|p1a: SLICE
|-damage|p1a: SLICE|82/100
|
|-heal|p1a: SLICE|88/100|[from] item: Leftovers
|upkeep
|turn|6
|c|☆ascended tusk 69|jober
|c|☆ascended tusk 69|jober
|j| smallarmprawn
|
|t:|1780978324
|move|p2a: Araquanid|Endeavor|p1a: SLICE
|-damage|p1a: SLICE|61/100
|move|p1a: SLICE|Calm Mind|p1a: SLICE
|-boost|p1a: SLICE|spa|1
|-boost|p1a: SLICE|spd|1
|
|-heal|p1a: SLICE|67/100|[from] item: Leftovers
|upkeep
|turn|7
|j| uncle brown
|
|t:|1780978333
|switch|p2a: Iron Moth|Iron Moth|100/100
|-enditem|p2a: Iron Moth|Booster Energy
|-activate|p2a: Iron Moth|ability: Quark Drive|[fromitem]
|-start|p2a: Iron Moth|quarkdrivespa
|move|p1a: SLICE|Calm Mind|p1a: SLICE
|-boost|p1a: SLICE|spa|1
|-boost|p1a: SLICE|spd|1
|
|-heal|p1a: SLICE|73/100|[from] item: Leftovers
|upkeep
|turn|8
|
|t:|1780978347
|-end|p2a: Iron Moth|Quark Drive|[silent]
|switch|p2a: Kingambit|Kingambit, M, shiny|100/100
|-item|p2a: Kingambit|Air Balloon
|move|p1a: SLICE|Stored Power|p2a: Kingambit
|-immune|p2a: Kingambit
|
|-heal|p1a: SLICE|79/100|[from] item: Leftovers
|upkeep
|turn|9
|l| smallarmprawn
|
|t:|1780978357
|move|p2a: Kingambit|Iron Head|p1a: SLICE
|-supereffective|p1a: SLICE
|-damage|p1a: SLICE|46/100
|move|p1a: SLICE|Mystical Fire|p2a: Kingambit
|-supereffective|p2a: Kingambit
|-damage|p2a: Kingambit|1/100
|-unboost|p2a: Kingambit|spa|1
|-enditem|p2a: Kingambit|Air Balloon
|
|-heal|p1a: SLICE|52/100|[from] item: Leftovers
|upkeep
|turn|10
|c|☆ascended tusk 69|bro what is u don
|
|t:|1780978369
|move|p2a: Kingambit|Iron Head|p1a: SLICE
|-supereffective|p1a: SLICE
|-damage|p1a: SLICE|18/100
|move|p1a: SLICE|Draining Kiss|p2a: Kingambit
|-damage|p2a: Kingambit|0 fnt
|-heal|p1a: SLICE|18/100|[from] drain|[of] p2a: Kingambit
|faint|p2a: Kingambit
|-end|p2a: Kingambit|fallenundefined|[silent]
|
|-heal|p1a: SLICE|24/100|[from] item: Leftovers
|-sideend|p1: ascended tusk 69|Reflect
|upkeep
|c|☆ascended tusk 69|jobby
|
|t:|1780978389
|switch|p2a: Iron Moth|Iron Moth|100/100
|turn|11
|
|t:|1780978395
|move|p2a: Iron Moth|Sludge Wave|p1a: SLICE
|-supereffective|p1a: SLICE
|-damage|p1a: SLICE|0 fnt
|faint|p1a: SLICE
|
|-sideend|p1: ascended tusk 69|move: Light Screen
|upkeep
|
|t:|1780978405
|switch|p1a: Suneater|Iron Moth|100/100
|-enditem|p1a: Suneater|Booster Energy
|-activate|p1a: Suneater|ability: Quark Drive|[fromitem]
|-start|p1a: Suneater|quarkdrivespe
|turn|12
|
|t:|1780978410
|move|p1a: Suneater|Fiery Dance|p2a: Iron Moth
|-resisted|p2a: Iron Moth
|-damage|p2a: Iron Moth|78/100
|move|p2a: Iron Moth|Fiery Dance|p1a: Suneater
|-resisted|p1a: Suneater
|-damage|p1a: Suneater|81/100
|-boost|p2a: Iron Moth|spa|1
|
|upkeep
|turn|13
|
|t:|1780978420
|move|p1a: Suneater|Fiery Dance|p2a: Iron Moth
|-resisted|p2a: Iron Moth
|-damage|p2a: Iron Moth|56/100
|move|p2a: Iron Moth|Fiery Dance|p1a: Suneater
|-resisted|p1a: Suneater
|-damage|p1a: Suneater|47/100
|
|upkeep
|turn|14
|
|t:|1780978428
|move|p1a: Suneater|Fiery Dance|p2a: Iron Moth
|-resisted|p2a: Iron Moth
|-damage|p2a: Iron Moth|33/100
|-boost|p1a: Suneater|spa|1
|move|p2a: Iron Moth|Fiery Dance|p1a: Suneater
|-resisted|p1a: Suneater
|-damage|p1a: Suneater|13/100
|-boost|p2a: Iron Moth|spa|1
|
|upkeep
|turn|15
|
|t:|1780978450
|move|p1a: Suneater|Sludge Wave|p2a: Iron Moth
|-resisted|p2a: Iron Moth
|-damage|p2a: Iron Moth|0 fnt
|faint|p2a: Iron Moth
|-end|p2a: Iron Moth|Quark Drive|[silent]
|
|upkeep
|j| icylikedecember
|
|t:|1780978458
|switch|p2a: Iron Valiant|Iron Valiant|100/100
|-enditem|p2a: Iron Valiant|Booster Energy
|-activate|p2a: Iron Valiant|ability: Quark Drive|[fromitem]
|-start|p2a: Iron Valiant|quarkdrivespa
|turn|16
|
|t:|1780978463
|move|p2a: Iron Valiant|Vacuum Wave|p1a: Suneater
|-resisted|p1a: Suneater
|-damage|p1a: Suneater|0 fnt
|faint|p1a: Suneater
|-end|p1a: Suneater|Quark Drive|[silent]
|
|upkeep
|
|t:|1780978467
|switch|p1a: Dorg|Zamazenta|55/100
|turn|17
|
|t:|1780978476
|move|p1a: Dorg|Light Screen|p1a: Dorg
|-sidestart|p1: ascended tusk 69|move: Light Screen
|move|p2a: Iron Valiant|Moonblast|p1a: Dorg
|-supereffective|p1a: Dorg
|-damage|p1a: Dorg|4/100
|
|upkeep
|turn|18
|
|t:|1780978485
|move|p1a: Dorg|Reflect|p1a: Dorg
|-sidestart|p1: ascended tusk 69|Reflect
|move|p2a: Iron Valiant|Calm Mind|p2a: Iron Valiant
|-boost|p2a: Iron Valiant|spa|1
|-boost|p2a: Iron Valiant|spd|1
|
|upkeep
|turn|19
|
|t:|1780978491
|move|p2a: Iron Valiant|Vacuum Wave|p1a: Dorg
|-damage|p1a: Dorg|0 fnt
|faint|p1a: Dorg
|
|upkeep
|
|t:|1780978505
|switch|p1a: Tenko|Gliscor, M|100/100
|turn|20
|
|t:|1780978508
|move|p2a: Iron Valiant|Moonblast|p1a: Tenko
|-damage|p1a: Tenko|24/100
|move|p1a: Tenko|Agility|p1a: Tenko
|-boost|p1a: Tenko|spe|2
|
|-status|p1a: Tenko|tox|[from] item: Toxic Orb
|upkeep
|turn|21
|
|t:|1780978517
|move|p1a: Tenko|Earthquake|p2a: Iron Valiant
|-damage|p2a: Iron Valiant|40/100
|move|p2a: Iron Valiant|Moonblast|p1a: Tenko
|-damage|p1a: Tenko|0 fnt
|faint|p1a: Tenko
|
|upkeep
|
|t:|1780978521
|switch|p1a: Exegutor-Alola|Raging Bolt|100/100
|-enditem|p1a: Exegutor-Alola|Booster Energy
|-activate|p1a: Exegutor-Alola|ability: Protosynthesis|[fromitem]
|-start|p1a: Exegutor-Alola|protosynthesisspa
|turn|22
|
|t:|1780978529
|move|p2a: Iron Valiant|Moonblast|p1a: Exegutor-Alola
|-supereffective|p1a: Exegutor-Alola
|-damage|p1a: Exegutor-Alola|10/100
|-unboost|p1a: Exegutor-Alola|spa|1
|move|p1a: Exegutor-Alola|Thunderbolt|p2a: Iron Valiant
|-damage|p2a: Iron Valiant|0 fnt
|faint|p2a: Iron Valiant
|-end|p2a: Iron Valiant|Quark Drive|[silent]
|
|upkeep
|c|☆ascended tusk 69|jobby
|
|t:|1780978541
|switch|p2a: Gholdengo|Gholdengo|100/100
|-item|p2a: Gholdengo|Air Balloon
|turn|23
|
|t:|1780978545
|move|p1a: Exegutor-Alola|Thunderclap|p2a: Gholdengo
|-damage|p2a: Gholdengo|61/100
|-enditem|p2a: Gholdengo|Air Balloon
|move|p2a: Gholdengo|Shadow Ball|p1a: Exegutor-Alola
|-damage|p1a: Exegutor-Alola|0 fnt
|faint|p1a: Exegutor-Alola
|-end|p1a: Exegutor-Alola|Protosynthesis|[silent]
|
|win|LetsgoBrandonJ
|raw|ascended tusk 69's rating: 1654 &rarr; <strong>1637</strong><br />(-17 for losing)
|raw|LetsgoBrandonJ's rating: 1710 &rarr; <strong>1727</strong><br />(+17 for winning)
|l|☆ascended tusk 69
|player|p1|
|l| icylikedecember
|l|☆LetsgoBrandonJ
|player|p2|
