|j|☆suprya
|j|☆samohi0
|t:|1781137769
|gametype|singles
|player|p1|suprya|clown|1718
|player|p2|samohi0|265|1766
|gen|9
|tier|[Gen 9] OU
|rated|
|rule|HP Percentage Mod: HP is shown in percentages
|rule|Endless Battle Clause: Forcing endless battles is banned
|rule|Species Clause: Limit one of each Pokémon
|rule|OHKO Clause: OHKO moves are banned
|rule|Evasion Items Clause: Evasion items are banned
|rule|Evasion Moves Clause: Evasion moves are banned
|rule|Evasion Abilities Clause: Evasion abilities are banned
|rule|Sleep Moves Clause: Sleep-inducing moves are banned
|clearpoke
|poke|p1|Pelipper, F|
|poke|p1|Dragonite, M|
|poke|p1|Ogerpon-Wellspring, F|
|poke|p1|Iron Treads|
|poke|p1|Basculegion, M|
|poke|p1|Fezandipiti, M|
|poke|p2|Dragapult, M|
|poke|p2|Lokix, F|
|poke|p2|Alomomola, F|
|poke|p2|Great Tusk|
|poke|p2|Enamorus, F|
|poke|p2|Iron Crown|
|teampreview
|inactive|Battle timer is ON: inactive players will automatically lose when time's up. (requested by suprya)
|j| Hakone Outbound
|inactive|suprya has 120 seconds left.
|
|t:|1781137801
|teamsize|p1|6
|teamsize|p2|6
|start
|switch|p1a: Fezandipiti|Fezandipiti, M|100/100
|switch|p2a: Dragapult|Dragapult, M|100/100
|turn|1
|
|t:|1781137804
|move|p2a: Dragapult|U-turn|p1a: Fezandipiti
|-resisted|p1a: Fezandipiti
|-damage|p1a: Fezandipiti|92/100
|
|t:|1781137806
|switch|p2a: Iron Crown|Iron Crown|100/100|[from] U-turn
|move|p1a: Fezandipiti|Moonblast|p2a: Iron Crown
|-resisted|p2a: Iron Crown
|-damage|p2a: Iron Crown|89/100
|
|upkeep
|turn|2
|
|t:|1781137820
|switch|p1a: Iron Treads|Iron Treads|100/100
|move|p2a: Iron Crown|Psychic Noise|p1a: Iron Treads
|-resisted|p1a: Iron Treads
|-damage|p1a: Iron Treads|75/100
|-start|p1a: Iron Treads|move: Heal Block
|
|upkeep
|turn|3
|
|t:|1781137826
|-end|p2a: Iron Crown|Quark Drive|[silent]
|switch|p2a: Great Tusk|Great Tusk|100/100
|move|p1a: Iron Treads|Stealth Rock|p2a: Great Tusk
|-sidestart|p2: samohi0|move: Stealth Rock
|
|-end|p1a: Iron Treads|move: Heal Block
|upkeep
|turn|4
|
|t:|1781137834
|-end|p1a: Iron Treads|Quark Drive|[silent]
|switch|p1a: Pelipper|Pelipper, F|100/100
|-weather|RainDance|[from] ability: Drizzle|[of] p1a: Pelipper
|move|p2a: Great Tusk|Headlong Rush|p1a: Pelipper
|-immune|p1a: Pelipper
|
|-weather|RainDance|[upkeep]
|upkeep
|turn|5
|
|t:|1781137841
|move|p2a: Great Tusk|Stealth Rock|p1a: Pelipper
|-sidestart|p1: suprya|move: Stealth Rock
|move|p1a: Pelipper|Hurricane|p2a: Great Tusk
|-supereffective|p2a: Great Tusk
|-damage|p2a: Great Tusk|0 fnt
|faint|p2a: Great Tusk
|-end|p2a: Great Tusk|Protosynthesis|[silent]
|
|-weather|RainDance|[upkeep]
|upkeep
|
|t:|1781137843
|switch|p2a: Iron Crown|Iron Crown|89/100
|-damage|p2a: Iron Crown|83/100|[from] Stealth Rock
|turn|6
|
|t:|1781137859
|switch|p1a: Iron Treads|Iron Treads|75/100
|-damage|p1a: Iron Treads|72/100|[from] Stealth Rock
|move|p2a: Iron Crown|Psychic Noise|p1a: Iron Treads
|-resisted|p1a: Iron Treads
|-damage|p1a: Iron Treads|46/100
|-start|p1a: Iron Treads|move: Heal Block
|
|-weather|RainDance|[upkeep]
|upkeep
|turn|7
|
|t:|1781137870
|-end|p2a: Iron Crown|Quark Drive|[silent]
|switch|p2a: Alomomola|Alomomola, F|100/100
|-damage|p2a: Alomomola|88/100|[from] Stealth Rock
|move|p1a: Iron Treads|Knock Off|p2a: Alomomola
|-damage|p2a: Alomomola|70/100
|-enditem|p2a: Alomomola|Assault Vest|[from] move: Knock Off|[of] p1a: Iron Treads
|
|-weather|RainDance|[upkeep]
|-end|p1a: Iron Treads|move: Heal Block
|upkeep
|turn|8
|
|t:|1781137880
|-end|p1a: Iron Treads|Quark Drive|[silent]
|switch|p1a: Ogerpon|Ogerpon-Wellspring, F|100/100
|-damage|p1a: Ogerpon|88/100|[from] Stealth Rock
|switch|p2a: Dragapult|Dragapult, M|100/100
|-damage|p2a: Dragapult|88/100|[from] Stealth Rock
|
|-weather|none
|upkeep
|turn|9
|
|t:|1781137903
|switch|p1a: Fezandipiti|Fezandipiti, M|92/100
|move|p2a: Dragapult|U-turn|p1a: Fezandipiti
|-resisted|p1a: Fezandipiti
|-damage|p1a: Fezandipiti|82/100
|
|t:|1781137906
|switch|p2a: Iron Crown|Iron Crown|83/100|[from] U-turn
|-damage|p2a: Iron Crown|77/100|[from] Stealth Rock
|
|upkeep
|turn|10
|
|t:|1781137925
|switch|p1a: Dragonite|Dragonite, M|100/100
|move|p2a: Iron Crown|Tachyon Cutter|p1a: Dragonite
|-damage|p1a: Dragonite|84/100
|-damage|p1a: Dragonite|52/100
|-hitcount|p1a: Dragonite|2
|
|upkeep
|turn|11
|
|t:|1781137935
|switch|p1a: Ogerpon|Ogerpon-Wellspring, F|88/100
|-damage|p1a: Ogerpon|76/100|[from] Stealth Rock
|move|p2a: Iron Crown|Tachyon Cutter|p1a: Ogerpon
|-resisted|p1a: Ogerpon
|-damage|p1a: Ogerpon|55/100
|-resisted|p1a: Ogerpon
|-damage|p1a: Ogerpon|35/100
|-hitcount|p1a: Ogerpon|2
|
|upkeep
|turn|12
|
|t:|1781137943
|-end|p2a: Iron Crown|Quark Drive|[silent]
|switch|p2a: Alomomola|Alomomola, F|100/100
|-damage|p2a: Alomomola|88/100|[from] Stealth Rock
|move|p1a: Ogerpon|Ivy Cudgel|p2a: Alomomola|[anim] Ivy Cudgel Water
|-resisted|p2a: Alomomola
|-damage|p2a: Alomomola|69/100
|
|upkeep
|turn|13
|
|t:|1781137959
|move|p1a: Ogerpon|Power Whip|p2a: Alomomola
|-supereffective|p2a: Alomomola
|-damage|p2a: Alomomola|0 fnt
|faint|p2a: Alomomola
|
|upkeep
|
|t:|1781137962
|switch|p2a: Dragapult|Dragapult, M|88/100
|-damage|p2a: Dragapult|76/100|[from] Stealth Rock
|turn|14
|inactive|suprya has 120 seconds left.
|
|t:|1781137998
|switch|p1a: Iron Treads|Iron Treads|46/100
|-damage|p1a: Iron Treads|43/100|[from] Stealth Rock
|move|p2a: Dragapult|U-turn|p1a: Iron Treads
|-resisted|p1a: Iron Treads
|-damage|p1a: Iron Treads|31/100
|
|t:|1781138004
|switch|p2a: Enamorus|Enamorus, F|100/100|[from] U-turn
|-damage|p2a: Enamorus|76/100|[from] Stealth Rock
|
|-heal|p1a: Iron Treads|37/100|[from] item: Leftovers
|upkeep
|turn|15
|inactive|suprya has 120 seconds left.
|
|t:|1781138016
|move|p2a: Enamorus|Earth Power|p1a: Iron Treads
|-supereffective|p1a: Iron Treads
|-damage|p1a: Iron Treads|0 fnt
|faint|p1a: Iron Treads
|-end|p1a: Iron Treads|Quark Drive|[silent]
|
|upkeep
|
|t:|1781138020
|switch|p1a: Pelipper|Pelipper, F|100/100
|-weather|RainDance|[from] ability: Drizzle|[of] p1a: Pelipper
|turn|16
|
|t:|1781138024
|switch|p2a: Iron Crown|Iron Crown|77/100
|-damage|p2a: Iron Crown|71/100|[from] Stealth Rock
|move|p1a: Pelipper|U-turn|p2a: Iron Crown
|-damage|p2a: Iron Crown|61/100
|
|t:|1781138030
|switch|p1a: Basculegion|Basculegion, M|100/100|[from] U-turn
|-damage|p1a: Basculegion|88/100|[from] Stealth Rock
|
|-weather|RainDance|[upkeep]
|upkeep
|turn|17
|
|t:|1781138044
|-end|p2a: Iron Crown|Quark Drive|[silent]
|switch|p2a: Dragapult|Dragapult, M|76/100
|-damage|p2a: Dragapult|64/100|[from] Stealth Rock
|move|p1a: Basculegion|Flip Turn|p2a: Dragapult
|-resisted|p2a: Dragapult
|-damage|p2a: Dragapult|12/100
|
|t:|1781138052
|switch|p1a: Fezandipiti|Fezandipiti, M|82/100|[from] Flip Turn
|
|-weather|RainDance|[upkeep]
|upkeep
|turn|18
|j| Arvayne
|
|t:|1781138055
|move|p2a: Dragapult|Phantom Force||[still]
|-prepare|p2a: Dragapult|Phantom Force
|move|p1a: Fezandipiti|U-turn|p2a: Dragapult|[miss]
|-miss|p1a: Fezandipiti|p2a: Dragapult
|
|-weather|RainDance|[upkeep]
|upkeep
|turn|19
|
|t:|1781138078
|switch|p1a: Ogerpon|Ogerpon-Wellspring, F|35/100
|-damage|p1a: Ogerpon|22/100|[from] Stealth Rock
|move|p2a: Dragapult|Phantom Force|p1a: Ogerpon|[from] lockedmove
|-damage|p1a: Ogerpon|0 fnt
|faint|p1a: Ogerpon
|
|-weather|RainDance|[upkeep]
|upkeep
|
|t:|1781138084
|switch|p1a: Basculegion|Basculegion, M|88/100
|-damage|p1a: Basculegion|76/100|[from] Stealth Rock
|turn|20
|
|t:|1781138092
|move|p1a: Basculegion|Flip Turn|p2a: Dragapult
|-resisted|p2a: Dragapult
|-damage|p2a: Dragapult|0 fnt
|faint|p2a: Dragapult
|
|t:|1781138100
|switch|p1a: Fezandipiti|Fezandipiti, M|82/100|[from] Flip Turn
|
|-weather|none
|upkeep
|
|t:|1781138102
|switch|p2a: Iron Crown|Iron Crown|61/100
|-damage|p2a: Iron Crown|55/100|[from] Stealth Rock
|turn|21
|inactive|suprya has 120 seconds left.
|
|t:|1781138136
|move|p2a: Iron Crown|Psychic Noise|p1a: Fezandipiti
|-supereffective|p1a: Fezandipiti
|-damage|p1a: Fezandipiti|22/100
|-start|p1a: Fezandipiti|move: Heal Block
|move|p1a: Fezandipiti|U-turn|p2a: Iron Crown
|-damage|p2a: Iron Crown|40/100
|inactive|suprya has 120 seconds left.
|
|t:|1781138145
|switch|p1a: Pelipper|Pelipper, F|100/100|[from] U-turn
|-weather|RainDance|[from] ability: Drizzle|[of] p1a: Pelipper
|
|-weather|RainDance|[upkeep]
|upkeep
|turn|22
|
|t:|1781138150
|move|p2a: Iron Crown|Psychic Noise|p1a: Pelipper
|-crit|p1a: Pelipper
|-damage|p1a: Pelipper|0 fnt
|faint|p1a: Pelipper
|
|-weather|RainDance|[upkeep]
|upkeep
|
|t:|1781138154
|switch|p1a: Basculegion|Basculegion, M|76/100
|-damage|p1a: Basculegion|63/100|[from] Stealth Rock
|turn|23
|
|t:|1781138165
|move|p1a: Basculegion|Flip Turn|p2a: Iron Crown
|-damage|p2a: Iron Crown|0 fnt
|faint|p2a: Iron Crown
|-end|p2a: Iron Crown|Quark Drive|[silent]
|
|t:|1781138179
|switch|p1a: Fezandipiti|Fezandipiti, M|22/100|[from] Flip Turn
|
|-weather|RainDance|[upkeep]
|upkeep
|
|t:|1781138184
|switch|p2a: Lokix|Lokix, F|100/100
|-damage|p2a: Lokix|76/100|[from] Stealth Rock
|turn|24
|
|t:|1781138188
|move|p2a: Lokix|Knock Off|p1a: Fezandipiti
|-resisted|p1a: Fezandipiti
|-damage|p1a: Fezandipiti|0 fnt
|-enditem|p1a: Fezandipiti|Heavy-Duty Boots|[from] move: Knock Off|[of] p2a: Lokix
|faint|p1a: Fezandipiti
|
|-weather|RainDance|[upkeep]
|upkeep
|
|t:|1781138191
|switch|p1a: Basculegion|Basculegion, M|63/100
|-damage|p1a: Basculegion|51/100|[from] Stealth Rock
|turn|25
|
|t:|1781138216
|-terastallize|p1a: Basculegion|Water
|move|p1a: Basculegion|Aqua Jet|p2a: Lokix
|-damage|p2a: Lokix|0 fnt
|faint|p2a: Lokix
|
|-weather|none
|upkeep
|
|t:|1781138228
|switch|p2a: Enamorus|Enamorus, F|76/100
|-damage|p2a: Enamorus|51/100|[from] Stealth Rock
|turn|26
|
|t:|1781138232
|move|p1a: Basculegion|Aqua Jet|p2a: Enamorus
|-damage|p2a: Enamorus|0 fnt
|faint|p2a: Enamorus
|
|win|suprya
|raw|suprya's rating: 1718 &rarr; <strong>1741</strong><br />(+23 for winning)
|raw|samohi0's rating: 1766 &rarr; <strong>1743</strong><br />(-23 for losing)
|l|☆samohi0
|player|p2|
|l|☆suprya
|player|p1|
