|j|☆KurisuChestnutOU
|j|☆Sashannarcy
|t:|1781154956
|gametype|singles
|player|p1|KurisuChestnutOU|may-contest|1557
|player|p2|Sashannarcy|unknownf|1509
|gen|9
|tier|[Gen 9] OU
|rated|
|rule|HP Percentage Mod: HP is shown in percentages
|rule|Endless Battle Clause: Forcing endless battles is banned
|rule|Species Clause: Limit one of each Pokémon
|rule|OHKO Clause: OHKO moves are banned
|rule|Evasion Items Clause: Evasion items are banned
|rule|Evasion Moves Clause: Evasion moves are banned
|rule|Evasion Abilities Clause: Evasion abilities are banned
|rule|Sleep Moves Clause: Sleep-inducing moves are banned
|clearpoke
|poke|p1|Gliscor, F|
|poke|p1|Dondozo, M|
|poke|p1|Slowking-Galar, M|
|poke|p1|Gholdengo|
|poke|p1|Great Tusk|
|poke|p1|Kingambit, F|
|poke|p2|Komala, M|
|poke|p2|Blissey, F|
|poke|p2|Dondozo, M|
|poke|p2|Gliscor, M|
|poke|p2|Clefable, M|
|poke|p2|Toxapex, F|
|teampreview
|inactive|Battle timer is ON: inactive players will automatically lose when time's up. (requested by Sashannarcy)
|
|t:|1781154962
|teamsize|p1|6
|teamsize|p2|6
|start
|switch|p1a: Great Tusk|Great Tusk|100/100
|switch|p2a: Gliscor|Gliscor, M|100/100
|turn|1
|inactive|KurisuChestnutOU also wants the timer to be on.
|
|t:|1781154969
|-end|p1a: Great Tusk|Protosynthesis|[silent]
|switch|p1a: Gholdengo|Gholdengo|100/100
|-item|p1a: Gholdengo|Air Balloon
|move|p2a: Gliscor|Protect||[still]
|-fail|p2a: Gliscor
|
|-status|p2a: Gliscor|tox|[from] item: Toxic Orb
|upkeep
|turn|2
|
|t:|1781154973
|move|p1a: Gholdengo|Nasty Plot|p1a: Gholdengo
|-boost|p1a: Gholdengo|spa|2
|move|p2a: Gliscor|Knock Off|p1a: Gholdengo
|-supereffective|p1a: Gholdengo
|-damage|p1a: Gholdengo|51/100
|-enditem|p1a: Gholdengo|Air Balloon
|
|upkeep
|turn|3
|
|t:|1781154981
|switch|p2a: Blissey|Blissey, F|100/100
|move|p1a: Gholdengo|Recover|p1a: Gholdengo
|-heal|p1a: Gholdengo|100/100
|
|upkeep
|turn|4
|
|t:|1781154988
|move|p1a: Gholdengo|Make It Rain|p2a: Blissey
|-damage|p2a: Blissey|65/100
|-unboost|p1a: Gholdengo|spa|1
|move|p2a: Blissey|Calm Mind|p2a: Blissey
|-boost|p2a: Blissey|spa|1
|-boost|p2a: Blissey|spd|1
|
|upkeep
|turn|5
|
|t:|1781154993
|switch|p1a: Kingambit|Kingambit, F|100/100
|move|p2a: Blissey|Calm Mind|p2a: Blissey
|-boost|p2a: Blissey|spa|1
|-boost|p2a: Blissey|spd|1
|
|upkeep
|turn|6
|
|t:|1781155000
|switch|p2a: Gliscor|Gliscor, M|100/100 tox
|move|p1a: Kingambit|Iron Head|p2a: Gliscor
|-damage|p2a: Gliscor|71/100 tox
|
|-heal|p2a: Gliscor|83/100 tox|[from] ability: Poison Heal
|upkeep
|turn|7
|
|t:|1781155013
|move|p2a: Gliscor|Knock Off|p1a: Kingambit
|-resisted|p1a: Kingambit
|-damage|p1a: Kingambit|92/100
|-enditem|p1a: Kingambit|Leftovers|[from] move: Knock Off|[of] p2a: Gliscor
|move|p1a: Kingambit|Swords Dance|p1a: Kingambit
|-boost|p1a: Kingambit|atk|2
|
|-heal|p2a: Gliscor|96/100 tox|[from] ability: Poison Heal
|upkeep
|turn|8
|
|t:|1781155021
|switch|p2a: Clefable|Clefable, M|100/100
|move|p1a: Kingambit|Iron Head|p2a: Clefable
|-supereffective|p2a: Clefable
|-damage|p2a: Clefable|0 fnt
|faint|p2a: Clefable
|
|-damage|p1a: Kingambit|80/100|[from] item: Sticky Barb
|upkeep
|
|t:|1781155028
|switch|p2a: Gliscor|Gliscor, M|96/100 tox
|turn|9
|
|t:|1781155031
|move|p2a: Gliscor|Spikes|p1a: Kingambit
|-sidestart|p1: KurisuChestnutOU|Spikes
|move|p1a: Kingambit|Iron Head|p2a: Gliscor
|-damage|p2a: Gliscor|38/100 tox
|
|-heal|p2a: Gliscor|51/100 tox|[from] ability: Poison Heal
|-damage|p1a: Kingambit|67/100|[from] item: Sticky Barb
|upkeep
|turn|10
|
|t:|1781155037
|move|p2a: Gliscor|Protect|p2a: Gliscor
|-singleturn|p2a: Gliscor|Protect
|move|p1a: Kingambit|Iron Head|p2a: Gliscor
|-activate|p2a: Gliscor|move: Protect
|
|-heal|p2a: Gliscor|63/100 tox|[from] ability: Poison Heal
|-damage|p1a: Kingambit|55/100|[from] item: Sticky Barb
|upkeep
|turn|11
|
|t:|1781155048
|switch|p2a: Dondozo|Dondozo, M|100/100
|move|p1a: Kingambit|Swords Dance|p1a: Kingambit
|-boost|p1a: Kingambit|atk|2
|
|-damage|p1a: Kingambit|43/100|[from] item: Sticky Barb
|upkeep
|turn|12
|
|t:|1781155053
|-end|p1a: Kingambit|fallenundefined|[silent]
|switch|p1a: Great Tusk|Great Tusk|100/100
|switch|p2a: Gliscor|Gliscor, M|63/100 tox
|
|-heal|p2a: Gliscor|76/100 tox|[from] ability: Poison Heal
|upkeep
|turn|13
|
|t:|1781155058
|move|p2a: Gliscor|Protect|p2a: Gliscor
|-singleturn|p2a: Gliscor|Protect
|move|p1a: Great Tusk|Rapid Spin|p2a: Gliscor
|-activate|p2a: Gliscor|move: Protect
|
|-heal|p2a: Gliscor|88/100 tox|[from] ability: Poison Heal
|upkeep
|turn|14
|
|t:|1781155066
|move|p1a: Great Tusk|Knock Off|p2a: Gliscor
|-damage|p2a: Gliscor|67/100 tox
|-enditem|p2a: Gliscor|Toxic Orb|[from] move: Knock Off|[of] p1a: Great Tusk
|move|p2a: Gliscor|Toxic|p1a: Great Tusk
|-status|p1a: Great Tusk|tox
|
|-damage|p1a: Great Tusk|94/100 tox|[from] psn
|-heal|p2a: Gliscor|79/100 tox|[from] ability: Poison Heal
|upkeep
|turn|15
|
|t:|1781155074
|-end|p1a: Great Tusk|Protosynthesis|[silent]
|switch|p1a: Gholdengo|Gholdengo|100/100
|-damage|p1a: Gholdengo|88/100|[from] Spikes
|move|p2a: Gliscor|Spikes|p1a: Gholdengo
|-sidestart|p1: KurisuChestnutOU|Spikes
|
|-heal|p2a: Gliscor|92/100 tox|[from] ability: Poison Heal
|upkeep
|turn|16
|
|t:|1781155084
|switch|p1a: Great Tusk|Great Tusk|94/100 tox
|move|p2a: Gliscor|Spikes|p1a: Great Tusk
|-sidestart|p1: KurisuChestnutOU|Spikes
|
|-damage|p1a: Great Tusk|88/100 tox|[from] psn
|-heal|p2a: Gliscor|100/100 tox|[from] ability: Poison Heal
|upkeep
|turn|17
|
|t:|1781155087
|-end|p1a: Great Tusk|Protosynthesis|[silent]
|switch|p1a: Gliscor|Gliscor, F|100/100
|move|p2a: Gliscor|Knock Off|p1a: Gliscor
|-damage|p1a: Gliscor|87/100
|-enditem|p1a: Gliscor|Toxic Orb|[from] move: Knock Off|[of] p2a: Gliscor
|
|upkeep
|turn|18
|
|t:|1781155092
|move|p1a: Gliscor|Spikes|p2a: Gliscor
|-sidestart|p2: Sashannarcy|Spikes
|move|p2a: Gliscor|Knock Off|p1a: Gliscor
|-damage|p1a: Gliscor|78/100
|
|upkeep
|turn|19
|
|t:|1781155101
|switch|p1a: Great Tusk|Great Tusk|88/100 tox
|move|p2a: Gliscor|Knock Off|p1a: Great Tusk
|-resisted|p1a: Great Tusk
|-damage|p1a: Great Tusk|81/100 tox
|-enditem|p1a: Great Tusk|Heavy-Duty Boots|[from] move: Knock Off|[of] p2a: Gliscor
|
|-damage|p1a: Great Tusk|75/100 tox|[from] psn
|upkeep
|turn|20
|
|t:|1781155106
|move|p1a: Great Tusk|Rapid Spin|p2a: Gliscor
|-damage|p2a: Gliscor|90/100 tox
|-boost|p1a: Great Tusk|spe|1
|-sideend|p1: KurisuChestnutOU|Spikes|[from] move: Rapid Spin|[of] p1a: Great Tusk
|move|p2a: Gliscor|Knock Off|p1a: Great Tusk
|-resisted|p1a: Great Tusk
|-damage|p1a: Great Tusk|69/100 tox
|
|-damage|p1a: Great Tusk|57/100 tox|[from] psn
|-heal|p2a: Gliscor|100/100 tox|[from] ability: Poison Heal
|upkeep
|turn|21
|
|t:|1781155113
|-end|p1a: Great Tusk|Protosynthesis|[silent]
|switch|p1a: Gholdengo|Gholdengo|88/100
|move|p2a: Gliscor|Spikes|p1a: Gholdengo
|-sidestart|p1: KurisuChestnutOU|Spikes
|
|upkeep
|turn|22
|
|t:|1781155122
|switch|p1a: Great Tusk|Great Tusk|57/100 tox
|-damage|p1a: Great Tusk|44/100 tox|[from] Spikes
|switch|p2a: Blissey|Blissey, F|65/100
|
|-damage|p1a: Great Tusk|38/100 tox|[from] psn
|upkeep
|turn|23
|
|t:|1781155128
|switch|p2a: Gliscor|Gliscor, M|100/100 tox
|move|p1a: Great Tusk|Rapid Spin|p2a: Gliscor
|-damage|p2a: Gliscor|89/100 tox
|-boost|p1a: Great Tusk|spe|1
|-sideend|p1: KurisuChestnutOU|Spikes|[from] move: Rapid Spin|[of] p1a: Great Tusk
|
|-damage|p1a: Great Tusk|26/100 tox|[from] psn
|-heal|p2a: Gliscor|100/100 tox|[from] ability: Poison Heal
|upkeep
|turn|24
|
|t:|1781155143
|-end|p1a: Great Tusk|Protosynthesis|[silent]
|switch|p1a: Gholdengo|Gholdengo|88/100
|move|p2a: Gliscor|Spikes|p1a: Gholdengo
|-sidestart|p1: KurisuChestnutOU|Spikes
|
|upkeep
|turn|25
|
|t:|1781155146
|switch|p2a: Blissey|Blissey, F|65/100
|move|p1a: Gholdengo|Make It Rain|p2a: Blissey
|-damage|p2a: Blissey|45/100
|-unboost|p1a: Gholdengo|spa|1
|
|upkeep
|turn|26
|
|t:|1781155152
|switch|p1a: Great Tusk|Great Tusk|26/100 tox
|-damage|p1a: Great Tusk|13/100 tox|[from] Spikes
|move|p2a: Blissey|Soft-Boiled|p2a: Blissey
|-heal|p2a: Blissey|95/100
|
|-damage|p1a: Great Tusk|7/100 tox|[from] psn
|upkeep
|turn|27
|
|t:|1781155169
|switch|p2a: Gliscor|Gliscor, M|100/100 tox
|move|p1a: Great Tusk|Rapid Spin|p2a: Gliscor
|-damage|p2a: Gliscor|89/100 tox
|-boost|p1a: Great Tusk|spe|1
|-sideend|p1: KurisuChestnutOU|Spikes|[from] move: Rapid Spin|[of] p1a: Great Tusk
|
|-damage|p1a: Great Tusk|0 fnt|[from] psn
|faint|p1a: Great Tusk
|-end|p1a: Great Tusk|Protosynthesis|[silent]
|-heal|p2a: Gliscor|100/100 tox|[from] ability: Poison Heal
|upkeep
|
|t:|1781155174
|switch|p1a: Kingambit|Kingambit, F|43/100
|-activate|p1a: Kingambit|ability: Supreme Overlord
|-start|p1a: Kingambit|fallen1|[silent]
|turn|28
|
|t:|1781155181
|move|p2a: Gliscor|Spikes|p1a: Kingambit
|-sidestart|p1: KurisuChestnutOU|Spikes
|move|p1a: Kingambit|Swords Dance|p1a: Kingambit
|-boost|p1a: Kingambit|atk|2
|
|-damage|p1a: Kingambit|31/100|[from] item: Sticky Barb
|upkeep
|turn|29
|
|t:|1781155185
|move|p2a: Gliscor|Spikes|p1a: Kingambit
|-sidestart|p1: KurisuChestnutOU|Spikes
|move|p1a: Kingambit|Low Kick|p2a: Gliscor
|-resisted|p2a: Gliscor
|-damage|p2a: Gliscor|86/100 tox
|
|-heal|p2a: Gliscor|99/100 tox|[from] ability: Poison Heal
|-damage|p1a: Kingambit|18/100|[from] item: Sticky Barb
|upkeep
|turn|30
|
|t:|1781155191
|move|p2a: Gliscor|Spikes|p1a: Kingambit
|-sidestart|p1: KurisuChestnutOU|Spikes
|move|p1a: Kingambit|Iron Head|p2a: Gliscor
|-damage|p2a: Gliscor|41/100 tox
|
|-heal|p2a: Gliscor|53/100 tox|[from] ability: Poison Heal
|-damage|p1a: Kingambit|6/100|[from] item: Sticky Barb
|upkeep
|turn|31
|
|t:|1781155197
|move|p2a: Gliscor|Protect|p2a: Gliscor
|-singleturn|p2a: Gliscor|Protect
|move|p1a: Kingambit|Sucker Punch||[still]
|-fail|p1a: Kingambit
|
|-heal|p2a: Gliscor|66/100 tox|[from] ability: Poison Heal
|-damage|p1a: Kingambit|0 fnt|[from] item: Sticky Barb
|faint|p1a: Kingambit
|-end|p1a: Kingambit|fallen1|[silent]
|upkeep
|
|t:|1781155202
|switch|p1a: Gliscor|Gliscor, F|78/100
|turn|32
|
|t:|1781155212
|move|p1a: Gliscor|Spikes|p2a: Gliscor
|-sidestart|p2: Sashannarcy|Spikes
|move|p2a: Gliscor|Knock Off|p1a: Gliscor
|-damage|p1a: Gliscor|69/100
|
|-heal|p2a: Gliscor|78/100 tox|[from] ability: Poison Heal
|upkeep
|turn|33
|
|t:|1781155219
|move|p1a: Gliscor|Spikes|p2a: Gliscor
|-sidestart|p2: Sashannarcy|Spikes
|move|p2a: Gliscor|Knock Off|p1a: Gliscor
|-damage|p1a: Gliscor|61/100
|
|-heal|p2a: Gliscor|91/100 tox|[from] ability: Poison Heal
|upkeep
|turn|34
|
|t:|1781155237
|switch|p1a: Gholdengo|Gholdengo|88/100
|-damage|p1a: Gholdengo|63/100|[from] Spikes
|move|p2a: Gliscor|Knock Off|p1a: Gholdengo
|-supereffective|p1a: Gholdengo
|-crit|p1a: Gholdengo
|-damage|p1a: Gholdengo|14/100
|
|-heal|p2a: Gliscor|100/100 tox|[from] ability: Poison Heal
|upkeep
|turn|35
|
|t:|1781155244
|move|p1a: Gholdengo|Recover|p1a: Gholdengo
|-heal|p1a: Gholdengo|64/100
|move|p2a: Gliscor|Knock Off|p1a: Gholdengo
|-supereffective|p1a: Gholdengo
|-damage|p1a: Gholdengo|32/100
|
|upkeep
|turn|36
|
|t:|1781155248
|switch|p2a: Blissey|Blissey, F|95/100
|move|p1a: Gholdengo|Recover|p1a: Gholdengo
|-heal|p1a: Gholdengo|82/100
|
|upkeep
|turn|37
|
|t:|1781155252
|move|p1a: Gholdengo|Nasty Plot|p1a: Gholdengo
|-boost|p1a: Gholdengo|spa|2
|move|p2a: Blissey|Shadow Ball|p1a: Gholdengo
|-supereffective|p1a: Gholdengo
|-damage|p1a: Gholdengo|46/100
|
|upkeep
|turn|38
|
|t:|1781155257
|-terastallize|p1a: Gholdengo|Flying
|move|p1a: Gholdengo|Recover|p1a: Gholdengo
|-heal|p1a: Gholdengo|96/100
|move|p2a: Blissey|Calm Mind|p2a: Blissey
|-boost|p2a: Blissey|spa|1
|-boost|p2a: Blissey|spd|1
|
|upkeep
|turn|39
|
|t:|1781155264
|move|p1a: Gholdengo|Nasty Plot|p1a: Gholdengo
|-boost|p1a: Gholdengo|spa|2
|move|p2a: Blissey|Calm Mind|p2a: Blissey
|-boost|p2a: Blissey|spa|1
|-boost|p2a: Blissey|spd|1
|
|upkeep
|turn|40
|
|t:|1781155270
|switch|p1a: Dondozo|Dondozo, M|100/100
|-damage|p1a: Dondozo|75/100|[from] Spikes
|move|p2a: Blissey|Seismic Toss|p1a: Dondozo
|-damage|p1a: Dondozo|56/100
|
|-heal|p1a: Dondozo|62/100|[from] item: Leftovers
|upkeep
|turn|41
|
|t:|1781155275
|switch|p2a: Toxapex|Toxapex, F|100/100
|move|p1a: Dondozo|Body Press|p2a: Toxapex
|-resisted|p2a: Toxapex
|-damage|p2a: Toxapex|92/100
|
|-heal|p1a: Dondozo|68/100|[from] item: Leftovers
|upkeep
|turn|42
|
|t:|1781155283
|switch|p2a: Gliscor|Gliscor, M|100/100 tox
|move|p1a: Dondozo|Body Press|p2a: Gliscor
|-resisted|p2a: Gliscor
|-damage|p2a: Gliscor|92/100 tox
|
|-heal|p1a: Dondozo|74/100|[from] item: Leftovers
|-heal|p2a: Gliscor|100/100 tox|[from] ability: Poison Heal
|upkeep
|turn|43
|
|t:|1781155290
|switch|p2a: Toxapex|Toxapex, F|100/100
|switch|p1a: Gliscor|Gliscor, F|61/100
|
|upkeep
|turn|44
|
|t:|1781155300
|switch|p2a: Gliscor|Gliscor, M|100/100 tox
|move|p1a: Gliscor|Knock Off|p2a: Gliscor
|-damage|p2a: Gliscor|91/100 tox
|
|-heal|p2a: Gliscor|100/100 tox|[from] ability: Poison Heal
|upkeep
|turn|45
|
|t:|1781155308
|move|p1a: Gliscor|Knock Off|p2a: Gliscor
|-damage|p2a: Gliscor|93/100 tox
|move|p2a: Gliscor|Knock Off|p1a: Gliscor
|-damage|p1a: Gliscor|51/100
|
|-heal|p2a: Gliscor|100/100 tox|[from] ability: Poison Heal
|upkeep
|turn|46
|
|t:|1781155311
|move|p1a: Gliscor|Knock Off|p2a: Gliscor
|-damage|p2a: Gliscor|91/100 tox
|move|p2a: Gliscor|Knock Off|p1a: Gliscor
|-crit|p1a: Gliscor
|-damage|p1a: Gliscor|37/100
|
|-heal|p2a: Gliscor|100/100 tox|[from] ability: Poison Heal
|upkeep
|turn|47
|
|t:|1781155318
|move|p1a: Gliscor|Knock Off|p2a: Gliscor
|-damage|p2a: Gliscor|92/100 tox
|move|p2a: Gliscor|Knock Off|p1a: Gliscor
|-damage|p1a: Gliscor|28/100
|
|-heal|p2a: Gliscor|100/100 tox|[from] ability: Poison Heal
|upkeep
|turn|48
|
|t:|1781155326
|move|p1a: Gliscor|Knock Off|p2a: Gliscor
|-damage|p2a: Gliscor|92/100 tox
|move|p2a: Gliscor|Knock Off|p1a: Gliscor
|-damage|p1a: Gliscor|20/100
|
|-heal|p2a: Gliscor|100/100 tox|[from] ability: Poison Heal
|upkeep
|turn|49
|
|t:|1781155330
|move|p1a: Gliscor|Knock Off|p2a: Gliscor
|-damage|p2a: Gliscor|92/100 tox
|move|p2a: Gliscor|Knock Off|p1a: Gliscor
|-damage|p1a: Gliscor|11/100
|
|-heal|p2a: Gliscor|100/100 tox|[from] ability: Poison Heal
|upkeep
|turn|50
|
|t:|1781155339
|move|p1a: Gliscor|Protect|p1a: Gliscor
|-singleturn|p1a: Gliscor|Protect
|move|p2a: Gliscor|Knock Off|p1a: Gliscor
|-activate|p1a: Gliscor|move: Protect
|
|upkeep
|turn|51
|
|t:|1781155346
|move|p1a: Gliscor|Knock Off|p2a: Gliscor
|-damage|p2a: Gliscor|91/100 tox
|move|p2a: Gliscor|Knock Off|p1a: Gliscor
|-damage|p1a: Gliscor|2/100
|
|-heal|p2a: Gliscor|100/100 tox|[from] ability: Poison Heal
|upkeep
|turn|52
|
|t:|1781155349
|move|p1a: Gliscor|Knock Off|p2a: Gliscor
|-damage|p2a: Gliscor|92/100 tox
|move|p2a: Gliscor|Knock Off|p1a: Gliscor
|-damage|p1a: Gliscor|0 fnt
|faint|p1a: Gliscor
|
|-heal|p2a: Gliscor|100/100 tox|[from] ability: Poison Heal
|upkeep
|
|t:|1781155352
|switch|p1a: Gholdengo|Gholdengo, tera:Flying|96/100
|turn|53
|
|t:|1781155358
|switch|p2a: Blissey|Blissey, F|95/100
|move|p1a: Gholdengo|Nasty Plot|p1a: Gholdengo
|-boost|p1a: Gholdengo|spa|2
|
|upkeep
|turn|54
|
|t:|1781155361
|move|p1a: Gholdengo|Nasty Plot|p1a: Gholdengo
|-boost|p1a: Gholdengo|spa|2
|move|p2a: Blissey|Calm Mind|p2a: Blissey
|-boost|p2a: Blissey|spa|1
|-boost|p2a: Blissey|spd|1
|
|upkeep
|turn|55
|
|t:|1781155364
|move|p1a: Gholdengo|Make It Rain|p2a: Blissey
|-damage|p2a: Blissey|58/100
|-unboost|p1a: Gholdengo|spa|1
|move|p2a: Blissey|Calm Mind|p2a: Blissey
|-boost|p2a: Blissey|spa|1
|-boost|p2a: Blissey|spd|1
|
|upkeep
|turn|56
|
|t:|1781155370
|switch|p1a: Dondozo|Dondozo, M|74/100
|-damage|p1a: Dondozo|49/100|[from] Spikes
|move|p2a: Blissey|Soft-Boiled|p2a: Blissey
|-heal|p2a: Blissey|100/100
|
|-heal|p1a: Dondozo|55/100|[from] item: Leftovers
|upkeep
|turn|57
|
|t:|1781155374
|switch|p2a: Dondozo|Dondozo, M|100/100
|move|p1a: Dondozo|Body Press|p2a: Dondozo
|-damage|p2a: Dondozo|87/100
|
|-heal|p1a: Dondozo|61/100|[from] item: Leftovers
|upkeep
|turn|58
|
|t:|1781155379
|switch|p1a: Gholdengo|Gholdengo, tera:Flying|96/100
|move|p2a: Dondozo|Body Press|p1a: Gholdengo
|-resisted|p1a: Gholdengo
|-damage|p1a: Gholdengo|82/100
|
|upkeep
|turn|59
|
|t:|1781155384
|switch|p2a: Blissey|Blissey, F|100/100
|move|p1a: Gholdengo|Nasty Plot|p1a: Gholdengo
|-boost|p1a: Gholdengo|spa|2
|
|upkeep
|turn|60
|
|t:|1781155388
|move|p1a: Gholdengo|Nasty Plot|p1a: Gholdengo
|-boost|p1a: Gholdengo|spa|2
|move|p2a: Blissey|Calm Mind|p2a: Blissey
|-boost|p2a: Blissey|spa|1
|-boost|p2a: Blissey|spd|1
|
|upkeep
|turn|61
|
|t:|1781155393
|move|p1a: Gholdengo|Make It Rain|p2a: Blissey
|-damage|p2a: Blissey|63/100
|-unboost|p1a: Gholdengo|spa|1
|move|p2a: Blissey|Calm Mind|p2a: Blissey
|-boost|p2a: Blissey|spa|1
|-boost|p2a: Blissey|spd|1
|
|upkeep
|turn|62
|
|t:|1781155398
|move|p1a: Gholdengo|Nasty Plot|p1a: Gholdengo
|-boost|p1a: Gholdengo|spa|2
|move|p2a: Blissey|Seismic Toss|p1a: Gholdengo
|-damage|p1a: Gholdengo|50/100
|
|upkeep
|turn|63
|
|t:|1781155403
|move|p1a: Gholdengo|Recover|p1a: Gholdengo
|-heal|p1a: Gholdengo|99/100
|move|p2a: Blissey|Calm Mind|p2a: Blissey
|-boost|p2a: Blissey|spa|1
|-boost|p2a: Blissey|spd|1
|
|upkeep
|turn|64
|
|t:|1781155410
|move|p1a: Gholdengo|Make It Rain|p2a: Blissey
|-damage|p2a: Blissey|35/100
|-unboost|p1a: Gholdengo|spa|1
|move|p2a: Blissey|Seismic Toss|p1a: Gholdengo
|-damage|p1a: Gholdengo|68/100
|
|upkeep
|turn|65
|
|t:|1781155416
|move|p1a: Gholdengo|Make It Rain|p2a: Blissey
|-damage|p2a: Blissey|14/100
|-unboost|p1a: Gholdengo|spa|1
|move|p2a: Blissey|Soft-Boiled|p2a: Blissey
|-heal|p2a: Blissey|64/100
|
|upkeep
|turn|66
|
|t:|1781155431
|move|p1a: Gholdengo|Nasty Plot|p1a: Gholdengo
|-boost|p1a: Gholdengo|spa|2
|move|p2a: Blissey|Seismic Toss|p1a: Gholdengo
|-damage|p1a: Gholdengo|37/100
|
|upkeep
|turn|67
|
|t:|1781155439
|move|p1a: Gholdengo|Make It Rain|p2a: Blissey
|-damage|p2a: Blissey|39/100
|-unboost|p1a: Gholdengo|spa|1
|move|p2a: Blissey|Soft-Boiled|p2a: Blissey
|-heal|p2a: Blissey|89/100
|
|upkeep
|turn|68
|
|t:|1781155445
|move|p1a: Gholdengo|Recover|p1a: Gholdengo
|-heal|p1a: Gholdengo|87/100
|move|p2a: Blissey|Seismic Toss|p1a: Gholdengo
|-damage|p1a: Gholdengo|55/100
|
|upkeep
|turn|69
|
|t:|1781155449
|move|p1a: Gholdengo|Nasty Plot|p1a: Gholdengo
|-boost|p1a: Gholdengo|spa|2
|move|p2a: Blissey|Seismic Toss|p1a: Gholdengo
|-damage|p1a: Gholdengo|23/100
|
|upkeep
|turn|70
|
|t:|1781155454
|move|p1a: Gholdengo|Make It Rain|p2a: Blissey
|-damage|p2a: Blissey|59/100
|-unboost|p1a: Gholdengo|spa|1
|move|p2a: Blissey|Seismic Toss|p1a: Gholdengo
|-damage|p1a: Gholdengo|0 fnt
|faint|p1a: Gholdengo
|
|upkeep
|
|t:|1781155461
|switch|p1a: Dondozo|Dondozo, M|61/100
|-damage|p1a: Dondozo|36/100|[from] Spikes
|turn|71
|
|t:|1781155469
|move|p2a: Blissey|Seismic Toss|p1a: Dondozo
|-damage|p1a: Dondozo|17/100
|move|p1a: Dondozo|Rest|p1a: Dondozo
|-status|p1a: Dondozo|slp|[from] move: Rest
|-heal|p1a: Dondozo|100/100 slp|[silent]
|
|upkeep
|turn|72
|
|t:|1781155475
|move|p2a: Blissey|Shadow Ball|p1a: Dondozo
|-damage|p1a: Dondozo|87/100 slp
|-unboost|p1a: Dondozo|spd|1
|cant|p1a: Dondozo|slp
|move|p1a: Dondozo|Sleep Talk|p1a: Dondozo
|move|p1a: Dondozo|Wave Crash|p2a: Blissey|[from] move: Sleep Talk
|-damage|p2a: Blissey|0 fnt
|faint|p2a: Blissey
|-damage|p1a: Dondozo|61/100 slp|[from] Recoil
|
|-heal|p1a: Dondozo|67/100 slp|[from] item: Leftovers
|upkeep
|
|t:|1781155479
|switch|p2a: Gliscor|Gliscor, M|100/100 tox
|turn|73
|
|t:|1781155483
|move|p2a: Gliscor|Knock Off|p1a: Dondozo
|-damage|p1a: Dondozo|58/100 slp
|-enditem|p1a: Dondozo|Leftovers|[from] move: Knock Off|[of] p2a: Gliscor
|cant|p1a: Dondozo|slp
|move|p1a: Dondozo|Sleep Talk|p1a: Dondozo
|move|p1a: Dondozo|Rest||[from] move: Sleep Talk|[still]
|-fail|p1a: Dondozo
|
|upkeep
|turn|74
|
|t:|1781155489
|move|p2a: Gliscor|Knock Off|p1a: Dondozo
|-damage|p1a: Dondozo|52/100 slp
|-curestatus|p1a: Dondozo|slp|[msg]
|move|p1a: Dondozo|Rest|p1a: Dondozo
|-status|p1a: Dondozo|slp|[from] move: Rest
|-heal|p1a: Dondozo|100/100 slp|[silent]
|
|upkeep
|turn|75
|
|t:|1781155496
|switch|p2a: Toxapex|Toxapex, F|100/100
|cant|p1a: Dondozo|slp
|move|p1a: Dondozo|Sleep Talk|p1a: Dondozo
|move|p1a: Dondozo|Rest||[from] move: Sleep Talk|[still]
|-fail|p1a: Dondozo
|
|upkeep
|turn|76
|
|t:|1781155501
|switch|p2a: Gliscor|Gliscor, M|100/100 tox
|cant|p1a: Dondozo|slp
|move|p1a: Dondozo|Sleep Talk|p1a: Dondozo
|move|p1a: Dondozo|Rest||[from] move: Sleep Talk|[still]
|-fail|p1a: Dondozo
|
|upkeep
|turn|77
|
|t:|1781155504
|switch|p2a: Toxapex|Toxapex, F|100/100
|-curestatus|p1a: Dondozo|slp|[msg]
|move|p1a: Dondozo|Wave Crash|p2a: Toxapex
|-resisted|p2a: Toxapex
|-damage|p2a: Toxapex|87/100
|-damage|p1a: Dondozo|98/100|[from] Recoil
|
|upkeep
|turn|78
|
|t:|1781155509
|switch|p2a: Dondozo|Dondozo, M|87/100
|switch|p1a: Slowking|Slowking-Galar, M|100/100
|-damage|p1a: Slowking|76/100|[from] Spikes
|
|upkeep
|turn|79
|
|t:|1781155516
|switch|p2a: Komala|Komala, M|100/100
|-ability|p2a: Komala|Comatose
|move|p1a: Slowking|Future Sight|p2a: Komala
|-start|p1a: Slowking|move: Future Sight
|
|upkeep
|turn|80
|
|t:|1781155521
|switch|p1a: Dondozo|Dondozo, M|98/100
|-damage|p1a: Dondozo|73/100|[from] Spikes
|-terastallize|p2a: Komala|Dark
|move|p2a: Komala|Knock Off|p1a: Dondozo
|-damage|p1a: Dondozo|62/100
|
|upkeep
|turn|81
|
|t:|1781155526
|move|p2a: Komala|Protect|p2a: Komala
|-singleturn|p2a: Komala|Protect
|move|p1a: Dondozo|Rest|p1a: Dondozo
|-status|p1a: Dondozo|slp|[from] move: Rest
|-heal|p1a: Dondozo|100/100 slp|[silent]
|
|-end|p2a: Komala|move: Future Sight
|-immune|p2a: Komala
|upkeep
|turn|82
|
|t:|1781155536
|switch|p2a: Dondozo|Dondozo, M|87/100
|cant|p1a: Dondozo|slp
|move|p1a: Dondozo|Sleep Talk|p1a: Dondozo
|move|p1a: Dondozo|Rest||[from] move: Sleep Talk|[still]
|-fail|p1a: Dondozo
|
|upkeep
|turn|83
|
|t:|1781155541
|switch|p2a: Toxapex|Toxapex, F|100/100
|cant|p1a: Dondozo|slp
|move|p1a: Dondozo|Sleep Talk|p1a: Dondozo
|move|p1a: Dondozo|Wave Crash|p2a: Toxapex|[from] move: Sleep Talk
|-resisted|p2a: Toxapex
|-damage|p2a: Toxapex|87/100
|-damage|p1a: Dondozo|98/100 slp|[from] Recoil
|
|upkeep
|turn|84
|
|t:|1781155545
|switch|p2a: Dondozo|Dondozo, M|87/100
|-curestatus|p1a: Dondozo|slp|[msg]
|move|p1a: Dondozo|Wave Crash|p2a: Dondozo
|-resisted|p2a: Dondozo
|-damage|p2a: Dondozo|78/100
|-damage|p1a: Dondozo|95/100|[from] Recoil
|
|upkeep
|turn|85
|
|t:|1781155552
|switch|p2a: Toxapex|Toxapex, F|100/100
|move|p1a: Dondozo|Wave Crash|p2a: Toxapex
|-resisted|p2a: Toxapex
|-damage|p2a: Toxapex|87/100
|-damage|p1a: Dondozo|92/100|[from] Recoil
|
|upkeep
|turn|86
|
|t:|1781155559
|switch|p2a: Dondozo|Dondozo, M|78/100
|move|p1a: Dondozo|Rest|p1a: Dondozo
|-status|p1a: Dondozo|slp|[from] move: Rest
|-heal|p1a: Dondozo|100/100 slp|[silent]
|
|upkeep
|turn|87
|
|t:|1781155562
|switch|p2a: Toxapex|Toxapex, F|100/100
|cant|p1a: Dondozo|slp
|move|p1a: Dondozo|Sleep Talk|p1a: Dondozo
|move|p1a: Dondozo|Rest||[from] move: Sleep Talk|[still]
|-fail|p1a: Dondozo
|
|upkeep
|turn|88
|
|t:|1781155566
|switch|p2a: Dondozo|Dondozo, M|78/100
|cant|p1a: Dondozo|slp
|move|p1a: Dondozo|Sleep Talk|p1a: Dondozo
|move|p1a: Dondozo|Wave Crash|p2a: Dondozo|[from] move: Sleep Talk
|-resisted|p2a: Dondozo
|-damage|p2a: Dondozo|69/100
|-damage|p1a: Dondozo|98/100 slp|[from] Recoil
|
|upkeep
|turn|89
|
|t:|1781155571
|switch|p2a: Toxapex|Toxapex, F|100/100
|-curestatus|p1a: Dondozo|slp|[msg]
|move|p1a: Dondozo|Body Press|p2a: Toxapex
|-resisted|p2a: Toxapex
|-damage|p2a: Toxapex|91/100
|
|upkeep
|turn|90
|
|t:|1781155575
|switch|p2a: Dondozo|Dondozo, M|69/100
|move|p1a: Dondozo|Rest|p1a: Dondozo
|-status|p1a: Dondozo|slp|[from] move: Rest
|-heal|p1a: Dondozo|100/100 slp|[silent]
|
|upkeep
|turn|91
|
|t:|1781155579
|switch|p2a: Toxapex|Toxapex, F|100/100
|cant|p1a: Dondozo|slp
|move|p1a: Dondozo|Sleep Talk|p1a: Dondozo
|move|p1a: Dondozo|Rest||[from] move: Sleep Talk|[still]
|-fail|p1a: Dondozo
|
|upkeep
|turn|92
|
|t:|1781155587
|switch|p2a: Dondozo|Dondozo, M|69/100
|cant|p1a: Dondozo|slp
|move|p1a: Dondozo|Sleep Talk|p1a: Dondozo
|move|p1a: Dondozo|Body Press|p2a: Dondozo|[from] move: Sleep Talk
|-damage|p2a: Dondozo|56/100
|
|upkeep
|turn|93
|
|t:|1781155593
|switch|p2a: Toxapex|Toxapex, F|100/100
|-curestatus|p1a: Dondozo|slp|[msg]
|move|p1a: Dondozo|Body Press|p2a: Toxapex
|-resisted|p2a: Toxapex
|-damage|p2a: Toxapex|91/100
|
|upkeep
|turn|94
|
|t:|1781155600
|switch|p2a: Dondozo|Dondozo, M|56/100
|move|p1a: Dondozo|Rest|p1a: Dondozo
|-fail|p1a: Dondozo|heal
|
|upkeep
|turn|95
|
|t:|1781155604
|switch|p2a: Toxapex|Toxapex, F|100/100
|move|p1a: Dondozo|Body Press|p2a: Toxapex
|-resisted|p2a: Toxapex
|-damage|p2a: Toxapex|92/100
|
|upkeep
|turn|96
|
|t:|1781155620
|switch|p2a: Dondozo|Dondozo, M|56/100
|move|p1a: Dondozo|Rest|p1a: Dondozo
|-fail|p1a: Dondozo|heal
|
|upkeep
|turn|97
|
|t:|1781155624
|switch|p2a: Toxapex|Toxapex, F|100/100
|move|p1a: Dondozo|Body Press|p2a: Toxapex
|-resisted|p2a: Toxapex
|-damage|p2a: Toxapex|92/100
|
|upkeep
|turn|98
|
|t:|1781155641
|switch|p2a: Dondozo|Dondozo, M|56/100
|move|p1a: Dondozo|Rest|p1a: Dondozo
|-fail|p1a: Dondozo|heal
|
|upkeep
|turn|99
|
|t:|1781155647
|switch|p2a: Toxapex|Toxapex, F|100/100
|move|p1a: Dondozo|Body Press|p2a: Toxapex
|-resisted|p2a: Toxapex
|-damage|p2a: Toxapex|92/100
|
|upkeep
|turn|100
|
|t:|1781155653
|switch|p1a: Slowking|Slowking-Galar, M|100/100
|-damage|p1a: Slowking|76/100|[from] Spikes
|move|p2a: Toxapex|Haze|p2a: Toxapex
|-clearallboost
|
|upkeep
|turn|101
|
|t:|1781155662
|switch|p2a: Komala|Komala, M, tera:Dark|100/100
|-ability|p2a: Komala|Comatose
|move|p1a: Slowking|Future Sight|p2a: Komala
|-start|p1a: Slowking|move: Future Sight
|
|upkeep
|turn|102
|
|t:|1781155668
|switch|p1a: Dondozo|Dondozo, M|100/100
|-damage|p1a: Dondozo|75/100|[from] Spikes
|move|p2a: Komala|Knock Off|p1a: Dondozo
|-crit|p1a: Dondozo
|-damage|p1a: Dondozo|57/100
|
|upkeep
|turn|103
|
|t:|1781155672
|move|p2a: Komala|Protect|p2a: Komala
|-singleturn|p2a: Komala|Protect
|move|p1a: Dondozo|Body Press|p2a: Komala
|-activate|p2a: Komala|move: Protect
|
|-end|p2a: Komala|move: Future Sight
|-immune|p2a: Komala
|upkeep
|turn|104
|
|t:|1781155686
|switch|p2a: Toxapex|Toxapex, F|100/100
|move|p1a: Dondozo|Body Press|p2a: Toxapex
|-resisted|p2a: Toxapex
|-damage|p2a: Toxapex|92/100
|
|upkeep
|turn|105
|
|t:|1781155695
|move|p2a: Toxapex|Haze|p2a: Toxapex
|-clearallboost
|move|p1a: Dondozo|Body Press|p2a: Toxapex
|-resisted|p2a: Toxapex
|-damage|p2a: Toxapex|83/100
|
|upkeep
|turn|106
|
|t:|1781155701
|move|p2a: Toxapex|Haze|p2a: Toxapex
|-clearallboost
|move|p1a: Dondozo|Wave Crash|p2a: Toxapex
|-resisted|p2a: Toxapex
|-damage|p2a: Toxapex|70/100
|-damage|p1a: Dondozo|54/100|[from] Recoil
|
|upkeep
|turn|107
|
|t:|1781155709
|move|p1a: Dondozo|Wave Crash|p2a: Toxapex
|-resisted|p2a: Toxapex
|-damage|p2a: Toxapex|56/100
|-damage|p1a: Dondozo|51/100|[from] Recoil
|move|p2a: Toxapex|Haze|p2a: Toxapex
|-clearallboost
|
|upkeep
|turn|108
|
|t:|1781155717
|move|p2a: Toxapex|Haze|p2a: Toxapex
|-clearallboost
|move|p1a: Dondozo|Body Press|p2a: Toxapex
|-resisted|p2a: Toxapex
|-damage|p2a: Toxapex|46/100
|
|upkeep
|turn|109
|
|t:|1781155726
|move|p2a: Toxapex|Recover|p2a: Toxapex
|-heal|p2a: Toxapex|97/100
|move|p1a: Dondozo|Sleep Talk||[still]
|-fail|p1a: Dondozo
|
|upkeep
|turn|110
|
|t:|1781155733
|move|p2a: Toxapex|Toxic|p1a: Dondozo
|-status|p1a: Dondozo|tox
|move|p1a: Dondozo|Body Press|p2a: Toxapex
|-resisted|p2a: Toxapex
|-damage|p2a: Toxapex|88/100
|
|-damage|p1a: Dondozo|45/100 tox|[from] psn
|upkeep
|turn|111
|
|t:|1781155737
|move|p1a: Dondozo|Body Press|p2a: Toxapex
|-resisted|p2a: Toxapex
|-damage|p2a: Toxapex|78/100
|move|p2a: Toxapex|Haze|p2a: Toxapex
|-clearallboost
|
|-damage|p1a: Dondozo|33/100 tox|[from] psn
|upkeep
|turn|112
|
|t:|1781155753
|switch|p1a: Slowking|Slowking-Galar, M|100/100
|-damage|p1a: Slowking|76/100|[from] Spikes
|move|p2a: Toxapex|Haze|p2a: Toxapex
|-clearallboost
|
|upkeep
|turn|113
|
|t:|1781155758
|switch|p2a: Komala|Komala, M, tera:Dark|100/100
|-ability|p2a: Komala|Comatose
|move|p1a: Slowking|Flamethrower|p2a: Komala
|-damage|p2a: Komala|79/100
|
|upkeep
|turn|114
|
|t:|1781155764
|move|p2a: Komala|Knock Off|p1a: Slowking
|-supereffective|p1a: Slowking
|-crit|p1a: Slowking
|-damage|p1a: Slowking|0 fnt
|-enditem|p1a: Slowking|Assault Vest|[from] move: Knock Off|[of] p2a: Komala
|faint|p1a: Slowking
|
|upkeep
|
|t:|1781155767
|switch|p1a: Dondozo|Dondozo, M|33/100 tox
|-damage|p1a: Dondozo|8/100 tox|[from] Spikes
|turn|115
|
|t:|1781155774
|move|p2a: Komala|Rapid Spin|p1a: Dondozo
|-damage|p1a: Dondozo|0 fnt
|-boost|p2a: Komala|spe|1
|-sideend|p2: Sashannarcy|Spikes|[from] move: Rapid Spin|[of] p2a: Komala
|faint|p1a: Dondozo
|
|win|Sashannarcy
|raw|KurisuChestnutOU's rating: 1549 &rarr; <strong>1528</strong><br />(-21 for losing)
|raw|Sashannarcy's rating: 1535 &rarr; <strong>1556</strong><br />(+21 for winning)
