|j|☆Skere_
|j|☆Klopple
|t:|1781424217
|gametype|singles
|player|p1|Skere_|ghetsis-gen5bw|1546
|player|p2|Klopple|sailor|1683
|gen|9
|tier|[Gen 9] OU
|rated|
|rule|HP Percentage Mod: HP is shown in percentages
|rule|Endless Battle Clause: Forcing endless battles is banned
|rule|Species Clause: Limit one of each Pokémon
|rule|OHKO Clause: OHKO moves are banned
|rule|Evasion Items Clause: Evasion items are banned
|rule|Evasion Moves Clause: Evasion moves are banned
|rule|Evasion Abilities Clause: Evasion abilities are banned
|rule|Sleep Moves Clause: Sleep-inducing moves are banned
|clearpoke
|poke|p1|Kyurem|
|poke|p1|Rillaboom, M|
|poke|p1|Garganacl, F|
|poke|p1|Pecharunt|
|poke|p1|Scizor, F|
|poke|p1|Zamazenta-*|
|poke|p2|Arboliva, M|
|poke|p2|Gliscor, M|
|poke|p2|Iron Crown|
|poke|p2|Zamazenta-*|
|poke|p2|Hatterene, F|
|poke|p2|Dragonite, M|
|teampreview
|inactive|Battle timer is ON: inactive players will automatically lose when time's up. (requested by Skere_)
|
|t:|1781424227
|teamsize|p1|6
|teamsize|p2|6
|start
|switch|p1a: Kyurem|Kyurem|100/100
|switch|p2a: Iron Crown|Iron Crown|100/100
|-ability|p1a: Kyurem|Pressure
|turn|1
|
|t:|1781424233
|switch|p1a: Scizor|Scizor, F|100/100
|move|p2a: Iron Crown|Tachyon Cutter|p1a: Scizor
|-resisted|p1a: Scizor
|-damage|p1a: Scizor|91/100
|-resisted|p1a: Scizor
|-damage|p1a: Scizor|80/100
|-hitcount|p1a: Scizor|2
|
|upkeep
|turn|2
|
|t:|1781424241
|move|p2a: Iron Crown|Volt Switch|p1a: Scizor
|-damage|p1a: Scizor|63/100
|
|t:|1781424258
|-end|p2a: Iron Crown|Quark Drive|[silent]
|switch|p2a: Dragonite|Dragonite, M|100/100|[from] Volt Switch
|move|p1a: Scizor|U-turn|p2a: Dragonite
|-resisted|p2a: Dragonite
|-damage|p2a: Dragonite|91/100
|
|t:|1781424262
|switch|p1a: Kyurem|Kyurem|100/100|[from] U-turn
|-ability|p1a: Kyurem|Pressure
|
|upkeep
|turn|3
|
|t:|1781424290
|move|p1a: Kyurem|Substitute|p1a: Kyurem
|-start|p1a: Kyurem|Substitute
|-damage|p1a: Kyurem|76/100
|move|p2a: Dragonite|Dragon Tail|p1a: Kyurem|[miss]
|-miss|p2a: Dragonite|p1a: Kyurem
|
|-heal|p1a: Kyurem|82/100|[from] item: Leftovers
|upkeep
|turn|4
|
|t:|1781424295
|switch|p2a: Iron Crown|Iron Crown|100/100
|move|p1a: Kyurem|Freeze-Dry|p2a: Iron Crown
|-resisted|p2a: Iron Crown
|-damage|p2a: Iron Crown|89/100
|
|-heal|p1a: Kyurem|88/100|[from] item: Leftovers
|upkeep
|turn|5
|
|t:|1781424302
|move|p2a: Iron Crown|Tachyon Cutter|p1a: Kyurem
|-supereffective|p1a: Kyurem
|-end|p1a: Kyurem|Substitute
|-supereffective|p1a: Kyurem
|-damage|p1a: Kyurem|39/100
|-hitcount|p1a: Kyurem|2
|move|p1a: Kyurem|Earth Power|p2a: Iron Crown
|-supereffective|p2a: Iron Crown
|-damage|p2a: Iron Crown|46/100
|
|-heal|p1a: Kyurem|45/100|[from] item: Leftovers
|upkeep
|turn|6
|
|t:|1781424322
|switch|p1a: Scizor|Scizor, F|63/100
|move|p2a: Iron Crown|Tachyon Cutter|p1a: Scizor
|-resisted|p1a: Scizor
|-damage|p1a: Scizor|53/100
|-resisted|p1a: Scizor
|-damage|p1a: Scizor|43/100
|-hitcount|p1a: Scizor|2
|
|upkeep
|turn|7
|
|t:|1781424329
|move|p2a: Iron Crown|Volt Switch|p1a: Scizor
|-damage|p1a: Scizor|26/100
|
|t:|1781424333
|-end|p2a: Iron Crown|Quark Drive|[silent]
|switch|p2a: Hatterene|Hatterene, F|100/100|[from] Volt Switch
|move|p1a: Scizor|U-turn|p2a: Hatterene
|-damage|p2a: Hatterene|64/100
|-damage|p1a: Scizor|10/100|[from] item: Rocky Helmet|[of] p2a: Hatterene
|
|t:|1781424342
|switch|p1a: Rillaboom|Rillaboom, M|100/100|[from] U-turn
|-fieldstart|move: Grassy Terrain|[from] ability: Grassy Surge|[of] p1a: Rillaboom
|
|-heal|p2a: Hatterene|70/100|[from] Grassy Terrain
|upkeep
|turn|8
|
|t:|1781424347
|switch|p2a: Dragonite|Dragonite, M|91/100
|move|p1a: Rillaboom|Wood Hammer|p2a: Dragonite
|-resisted|p2a: Dragonite
|-damage|p2a: Dragonite|60/100
|-damage|p1a: Rillaboom|89/100|[from] Recoil
|
|-heal|p1a: Rillaboom|95/100|[from] Grassy Terrain
|upkeep
|turn|9
|
|t:|1781424357
|switch|p1a: Pecharunt|Pecharunt|100/100
|move|p2a: Dragonite|Roost|p2a: Dragonite
|-heal|p2a: Dragonite|100/100
|-singleturn|p2a: Dragonite|move: Roost
|
|upkeep
|turn|10
|
|t:|1781424361
|switch|p2a: Gliscor|Gliscor, M|100/100
|move|p1a: Pecharunt|Malignant Chain|p2a: Gliscor
|-resisted|p2a: Gliscor
|-damage|p2a: Gliscor|86/100
|-status|p2a: Gliscor|tox
|-start|p2a: Gliscor|confusion|[from] ability: Poison Puppeteer|[of] p1a: Pecharunt
|
|-heal|p2a: Gliscor|99/100 tox|[from] ability: Poison Heal
|upkeep
|turn|11
|
|t:|1781424368
|move|p1a: Pecharunt|Parting Shot|p2a: Gliscor
|-unboost|p2a: Gliscor|atk|1
|-unboost|p2a: Gliscor|spa|1
|
|t:|1781424372
|switch|p1a: Kyurem|Kyurem|45/100|[from] Parting Shot
|-ability|p1a: Kyurem|Pressure
|-activate|p2a: Gliscor|confusion
|-damage|p2a: Gliscor|94/100 tox|[from] confusion
|
|-heal|p1a: Kyurem|51/100|[from] Grassy Terrain
|-heal|p1a: Kyurem|58/100|[from] item: Leftovers
|-heal|p2a: Gliscor|100/100 tox|[from] ability: Poison Heal
|-fieldend|move: Grassy Terrain
|upkeep
|turn|12
|
|t:|1781424385
|switch|p2a: Arboliva|Arboliva, M|100/100
|move|p1a: Kyurem|Freeze-Dry|p2a: Arboliva
|-supereffective|p2a: Arboliva
|-damage|p2a: Arboliva|43/100
|
|-heal|p1a: Kyurem|64/100|[from] item: Leftovers
|upkeep
|turn|13
|
|t:|1781424397
|move|p1a: Kyurem|Freeze-Dry|p2a: Arboliva
|-supereffective|p2a: Arboliva
|-damage|p2a: Arboliva|0 fnt
|faint|p2a: Arboliva
|
|-heal|p1a: Kyurem|70/100|[from] item: Leftovers
|upkeep
|
|t:|1781424400
|switch|p2a: Iron Crown|Iron Crown|46/100
|turn|14
|
|t:|1781424406
|move|p1a: Kyurem|Protect|p1a: Kyurem
|-singleturn|p1a: Kyurem|Protect
|move|p2a: Iron Crown|Tachyon Cutter|p1a: Kyurem
|-activate|p1a: Kyurem|move: Protect
|
|-heal|p1a: Kyurem|76/100|[from] item: Leftovers
|upkeep
|turn|15
|
|t:|1781424413
|-terastallize|p1a: Kyurem|Ground
|move|p2a: Iron Crown|Tachyon Cutter|p1a: Kyurem
|-damage|p1a: Kyurem|52/100
|-damage|p1a: Kyurem|28/100
|-hitcount|p1a: Kyurem|2
|move|p1a: Kyurem|Earth Power|p2a: Iron Crown
|-supereffective|p2a: Iron Crown
|-damage|p2a: Iron Crown|0 fnt
|faint|p2a: Iron Crown
|-end|p2a: Iron Crown|Quark Drive|[silent]
|
|-heal|p1a: Kyurem|34/100|[from] item: Leftovers
|upkeep
|
|t:|1781424438
|switch|p2a: Zamazenta|Zamazenta|100/100
|-ability|p2a: Zamazenta|Dauntless Shield|boost
|-boost|p2a: Zamazenta|def|1
|turn|16
|
|t:|1781424447
|switch|p1a: Pecharunt|Pecharunt|100/100
|move|p2a: Zamazenta|Ice Fang|p1a: Pecharunt
|-damage|p1a: Pecharunt|88/100
|-damage|p2a: Zamazenta|84/100|[from] item: Rocky Helmet|[of] p1a: Pecharunt
|
|upkeep
|turn|17
|
|t:|1781424455
|move|p2a: Zamazenta|Crunch|p1a: Pecharunt
|-supereffective|p1a: Pecharunt
|-damage|p1a: Pecharunt|55/100
|-damage|p2a: Zamazenta|68/100|[from] item: Rocky Helmet|[of] p1a: Pecharunt
|move|p1a: Pecharunt|Malignant Chain|p2a: Zamazenta
|-damage|p2a: Zamazenta|40/100
|
|upkeep
|turn|18
|
|t:|1781424464
|switch|p2a: Gliscor|Gliscor, M|100/100 tox
|move|p1a: Pecharunt|Malignant Chain|p2a: Gliscor
|-resisted|p2a: Gliscor
|-damage|p2a: Gliscor|87/100 tox
|
|-heal|p2a: Gliscor|99/100 tox|[from] ability: Poison Heal
|upkeep
|turn|19
|
|t:|1781424476
|move|p1a: Pecharunt|Parting Shot|p2a: Gliscor
|-unboost|p2a: Gliscor|atk|1
|-unboost|p2a: Gliscor|spa|1
|
|t:|1781424502
|switch|p1a: Zamazenta|Zamazenta|100/100|[from] Parting Shot
|-ability|p1a: Zamazenta|Dauntless Shield|boost
|-boost|p1a: Zamazenta|def|1
|move|p2a: Gliscor|Earthquake|p1a: Zamazenta
|-damage|p1a: Zamazenta|91/100
|
|-heal|p1a: Zamazenta|97/100|[from] item: Leftovers
|-heal|p2a: Gliscor|100/100 tox|[from] ability: Poison Heal
|upkeep
|turn|20
|
|t:|1781424512
|move|p1a: Zamazenta|Substitute|p1a: Zamazenta
|-start|p1a: Zamazenta|Substitute
|-damage|p1a: Zamazenta|72/100
|move|p2a: Gliscor|Stealth Rock|p1a: Zamazenta
|-sidestart|p1: Skere_|move: Stealth Rock
|
|-heal|p1a: Zamazenta|78/100|[from] item: Leftovers
|upkeep
|turn|21
|
|t:|1781424518
|switch|p2a: Hatterene|Hatterene, F|70/100
|move|p1a: Zamazenta|Roar|p2a: Hatterene
|move|p2a: Hatterene|Roar|p1a: Zamazenta|[from] ability: Magic Bounce
|drag|p1a: Garganacl|Garganacl, F|100/100
|-damage|p1a: Garganacl|88/100|[from] Stealth Rock
|
|-heal|p1a: Garganacl|94/100|[from] item: Leftovers
|upkeep
|turn|22
|j| Schlafparalyse
|
|t:|1781424536
|move|p2a: Hatterene|Psychic Noise|p1a: Garganacl
|-damage|p1a: Garganacl|72/100
|-start|p1a: Garganacl|move: Heal Block
|move|p1a: Garganacl|Salt Cure|p2a: Hatterene
|-damage|p2a: Hatterene|58/100
|-start|p2a: Hatterene|Salt Cure
|
|-damage|p2a: Hatterene|46/100|[from] Salt Cure
|upkeep
|turn|23
|
|t:|1781424551
|switch|p1a: Rillaboom|Rillaboom, M|95/100
|-damage|p1a: Rillaboom|83/100|[from] Stealth Rock
|-fieldstart|move: Grassy Terrain|[from] ability: Grassy Surge|[of] p1a: Rillaboom
|move|p2a: Hatterene|Pain Split|p1a: Rillaboom
|-sethp|p1a: Rillaboom|63/100|[from] move: Pain Split|[silent]
|-sethp|p2a: Hatterene|67/100|[from] move: Pain Split
|
|-heal|p1a: Rillaboom|69/100|[from] Grassy Terrain
|-heal|p2a: Hatterene|73/100|[from] Grassy Terrain
|-damage|p2a: Hatterene|61/100|[from] Salt Cure
|upkeep
|turn|24
|
|t:|1781424561
|switch|p2a: Dragonite|Dragonite, M|100/100
|move|p1a: Rillaboom|U-turn|p2a: Dragonite
|-resisted|p2a: Dragonite
|-damage|p2a: Dragonite|92/100
|
|t:|1781424564
|switch|p1a: Kyurem|Kyurem, tera:Ground|34/100|[from] U-turn
|-damage|p1a: Kyurem|28/100|[from] Stealth Rock
|-ability|p1a: Kyurem|Pressure
|
|-heal|p1a: Kyurem|34/100|[from] Grassy Terrain
|-heal|p1a: Kyurem|40/100|[from] item: Leftovers
|upkeep
|turn|25
|
|t:|1781424572
|-terastallize|p2a: Dragonite|Normal
|move|p2a: Dragonite|Extreme Speed|p1a: Kyurem
|-damage|p1a: Kyurem|0 fnt
|faint|p1a: Kyurem
|
|-heal|p2a: Dragonite|98/100|[from] Grassy Terrain
|upkeep
|
|t:|1781424580
|switch|p1a: Rillaboom|Rillaboom, M|69/100
|-damage|p1a: Rillaboom|57/100|[from] Stealth Rock
|turn|26
|
|t:|1781424586
|move|p2a: Dragonite|Extreme Speed|p1a: Rillaboom
|-damage|p1a: Rillaboom|6/100
|move|p1a: Rillaboom|Wood Hammer|p2a: Dragonite
|-damage|p2a: Dragonite|0 fnt
|faint|p2a: Dragonite
|-damage|p1a: Rillaboom|0 fnt|[from] Recoil
|faint|p1a: Rillaboom
|
|upkeep
|
|t:|1781424601
|switch|p1a: Garganacl|Garganacl, F|72/100
|switch|p2a: Hatterene|Hatterene, F|61/100
|-damage|p1a: Garganacl|59/100|[from] Stealth Rock
|turn|27
|
|t:|1781424605
|move|p2a: Hatterene|Psychic Noise|p1a: Garganacl
|-damage|p1a: Garganacl|38/100
|-start|p1a: Garganacl|move: Heal Block
|cant|p1a: Garganacl|move: Heal Block|Recover
|
|-heal|p2a: Hatterene|67/100|[from] Grassy Terrain
|-fieldend|move: Grassy Terrain
|upkeep
|turn|28
|
|t:|1781424618
|move|p2a: Hatterene|Draining Kiss|p1a: Garganacl
|-damage|p1a: Garganacl|23/100
|-heal|p2a: Hatterene|82/100|[from] drain|[of] p1a: Garganacl
|move|p1a: Garganacl|Salt Cure|p2a: Hatterene
|-damage|p2a: Hatterene|71/100
|-start|p2a: Hatterene|Salt Cure
|
|-damage|p2a: Hatterene|58/100|[from] Salt Cure
|-end|p1a: Garganacl|move: Heal Block
|upkeep
|turn|29
|
|t:|1781424624
|move|p1a: Garganacl|Protect|p1a: Garganacl
|-singleturn|p1a: Garganacl|Protect
|move|p2a: Hatterene|Psychic Noise|p1a: Garganacl
|-activate|p1a: Garganacl|move: Protect
|
|-heal|p1a: Garganacl|29/100|[from] item: Leftovers
|-damage|p2a: Hatterene|46/100|[from] Salt Cure
|upkeep
|turn|30
|
|t:|1781424635
|move|p1a: Garganacl|Salt Cure|p2a: Hatterene
|-damage|p2a: Hatterene|34/100
|move|p2a: Hatterene|Psychic Noise|p1a: Garganacl
|-damage|p1a: Garganacl|7/100
|-start|p1a: Garganacl|move: Heal Block
|
|-damage|p2a: Hatterene|21/100|[from] Salt Cure
|upkeep
|turn|31
|
|t:|1781424642
|switch|p2a: Gliscor|Gliscor, M|100/100 tox
|move|p1a: Garganacl|Protect||[still]
|-fail|p1a: Garganacl
|
|-end|p1a: Garganacl|move: Heal Block
|upkeep
|turn|32
|-message|Skere_ forfeited.
|
|win|Klopple
|raw|Skere_'s rating: 1546 &rarr; <strong>1534</strong><br />(-12 for losing)
|raw|Klopple's rating: 1683 &rarr; <strong>1695</strong><br />(+12 for winning)
|l|☆Skere_
|player|p1|
|l|☆Klopple
|player|p2|
