|j|☆Izlymoney
|j|☆funnygames(1997)
|t:|1781376469
|gametype|singles
|player|p1|Izlymoney|265|1526
|player|p2|funnygames(1997)|170|1506
|gen|9
|tier|[Gen 9] OU
|rated|
|rule|HP Percentage Mod: HP is shown in percentages
|rule|Endless Battle Clause: Forcing endless battles is banned
|rule|Species Clause: Limit one of each Pokémon
|rule|OHKO Clause: OHKO moves are banned
|rule|Evasion Items Clause: Evasion items are banned
|rule|Evasion Moves Clause: Evasion moves are banned
|rule|Evasion Abilities Clause: Evasion abilities are banned
|rule|Sleep Moves Clause: Sleep-inducing moves are banned
|clearpoke
|poke|p1|Cramorant, F|
|poke|p1|Gallade, M|
|poke|p1|Kingambit, M|
|poke|p1|Iron Moth|
|poke|p1|Enamorus, F|
|poke|p1|Ogerpon-Cornerstone, F|
|poke|p2|Arcanine-Hisui, F|
|poke|p2|Darkrai|
|poke|p2|Great Tusk|
|poke|p2|Hatterene, F|
|poke|p2|Ogerpon-Wellspring, F|
|poke|p2|Zapdos|
|teampreview
|
|t:|1781376486
|teamsize|p1|6
|teamsize|p2|6
|start
|switch|p1a: Cramorant|Cramorant, F, shiny|100/100
|switch|p2a: Darkrai|Darkrai|100/100
|turn|1
|inactive|Battle timer is ON: inactive players will automatically lose when time's up. (requested by funnygames(1997))
|
|t:|1781376512
|switch|p2a: Ogerpon|Ogerpon-Wellspring, F|100/100
|move|p1a: Cramorant|Tailwind|p1a: Cramorant
|-sidestart|p1: Izlymoney|move: Tailwind
|
|upkeep
|turn|2
|inactive|funnygames(1997) has 120 seconds left.
|
|t:|1781376544
|switch|p2a: Hatterene|Hatterene, F|100/100
|move|p1a: Cramorant|Hurricane|p2a: Hatterene
|-damage|p2a: Hatterene|69/100
|
|upkeep
|turn|3
|
|t:|1781376549
|move|p1a: Cramorant|Surf|p2a: Hatterene
|-formechange|p1a: Cramorant|Cramorant-Gulping|
|-damage|p2a: Hatterene|45/100
|move|p2a: Hatterene|Draining Kiss|p1a: Cramorant
|-damage|p1a: Cramorant|68/100
|-heal|p2a: Hatterene|66/100|[from] drain|[of] p1a: Cramorant
|-damage|p2a: Hatterene|41/100|[from] ability: Gulp Missile|[of] p1a: Cramorant
|-unboost|p2a: Hatterene|def|1
|-formechange|p1a: Cramorant|Cramorant|
|
|upkeep
|turn|4
|
|t:|1781376564
|move|p1a: Cramorant|Surf|p2a: Hatterene
|-formechange|p1a: Cramorant|Cramorant-Gulping|
|-damage|p2a: Hatterene|17/100
|move|p2a: Hatterene|Nuzzle|p1a: Cramorant
|-supereffective|p1a: Cramorant
|-damage|p1a: Cramorant|40/100
|-status|p1a: Cramorant|par
|-damage|p2a: Hatterene|0 fnt|[from] ability: Gulp Missile|[of] p1a: Cramorant
|-formechange|p1a: Cramorant|Cramorant|
|faint|p2a: Hatterene
|
|-sideend|p1: Izlymoney|move: Tailwind
|upkeep
|inactive|funnygames(1997) has 120 seconds left.
|
|t:|1781376576
|switch|p2a: Ogerpon|Ogerpon-Wellspring, F|100/100
|turn|5
|
|t:|1781376582
|move|p2a: Ogerpon|Encore|p1a: Cramorant
|-start|p1a: Cramorant|Encore
|move|p1a: Cramorant|Surf|p2a: Ogerpon
|-immune|p2a: Ogerpon|[from] ability: Water Absorb
|
|upkeep
|turn|6
|
|t:|1781376591
|move|p2a: Ogerpon|Swords Dance|p2a: Ogerpon
|-boost|p2a: Ogerpon|atk|2
|move|p1a: Cramorant|Surf|p2a: Ogerpon
|-immune|p2a: Ogerpon|[from] ability: Water Absorb
|
|upkeep
|turn|7
|
|t:|1781376597
|move|p2a: Ogerpon|Ivy Cudgel|p1a: Cramorant|[anim] Ivy Cudgel Water
|-resisted|p1a: Cramorant
|-damage|p1a: Cramorant|0 fnt
|faint|p1a: Cramorant
|
|upkeep
|
|t:|1781376600
|switch|p1a: Gallade|Gallade, M|100/100
|turn|8
|
|t:|1781376607
|move|p2a: Ogerpon|Ivy Cudgel|p1a: Gallade|[anim] Ivy Cudgel Water
|-enditem|p1a: Gallade|Focus Sash
|-damage|p1a: Gallade|1/100
|move|p1a: Gallade|Sacred Sword|p2a: Ogerpon
|-damage|p2a: Ogerpon|4/100
|
|upkeep
|turn|9
|
|t:|1781376613
|move|p1a: Gallade|Shadow Sneak|p2a: Ogerpon
|-damage|p2a: Ogerpon|0 fnt
|faint|p2a: Ogerpon
|
|upkeep
|
|t:|1781376615
|switch|p2a: Great Tusk|Great Tusk|100/100
|turn|10
|
|t:|1781376617
|move|p2a: Great Tusk|Rapid Spin|p1a: Gallade
|-damage|p1a: Gallade|0 fnt
|-boost|p2a: Great Tusk|spe|1
|faint|p1a: Gallade
|
|upkeep
|
|t:|1781376621
|switch|p1a: Enamorus|Enamorus, F|100/100
|turn|11
|
|t:|1781376632
|-terastallize|p2a: Great Tusk|Steel
|move|p2a: Great Tusk|Ice Spinner|p1a: Enamorus
|-supereffective|p1a: Enamorus
|-enditem|p1a: Enamorus|Focus Sash
|-damage|p1a: Enamorus|1/100
|move|p1a: Enamorus|Moonblast|p2a: Great Tusk
|-resisted|p2a: Great Tusk
|-crit|p2a: Great Tusk
|-damage|p2a: Great Tusk|46/100
|
|upkeep
|turn|12
|
|t:|1781376656
|move|p2a: Great Tusk|Rapid Spin|p1a: Enamorus
|-damage|p1a: Enamorus|0 fnt
|-boost|p2a: Great Tusk|spe|1
|faint|p1a: Enamorus
|
|upkeep
|
|t:|1781376663
|switch|p1a: Kingambit|Kingambit, M|100/100
|-activate|p1a: Kingambit|ability: Supreme Overlord
|-start|p1a: Kingambit|fallen3|[silent]
|turn|13
|
|t:|1781376669
|move|p1a: Kingambit|Sucker Punch|p2a: Great Tusk
|-damage|p2a: Great Tusk|0 fnt
|-damage|p1a: Kingambit|84/100|[from] item: Rocky Helmet|[of] p2a: Great Tusk
|faint|p2a: Great Tusk
|-end|p2a: Great Tusk|Protosynthesis|[silent]
|-damage|p1a: Kingambit|74/100|[from] item: Life Orb
|
|upkeep
|
|t:|1781376674
|switch|p2a: Zapdos|Zapdos|100/100
|turn|14
|
|t:|1781376688
|-end|p1a: Kingambit|fallen3|[silent]
|switch|p1a: Ogerpon|Ogerpon-Cornerstone, F|100/100
|move|p2a: Zapdos|Thunder Wave|p1a: Ogerpon
|-status|p1a: Ogerpon|par
|
|upkeep
|turn|15
|
|t:|1781376693
|move|p2a: Zapdos|Volt Switch|p1a: Ogerpon
|-resisted|p1a: Ogerpon
|-damage|p1a: Ogerpon|83/100 par
|
|t:|1781376696
|switch|p2a: Arcanine|Arcanine-Hisui, F|100/100|[from] Volt Switch
|cant|p1a: Ogerpon|par
|
|upkeep
|turn|16
|
|t:|1781376710
|move|p2a: Arcanine|Flare Blitz|p1a: Ogerpon
|-damage|p1a: Ogerpon|0 fnt
|faint|p1a: Ogerpon
|
|upkeep
|
|t:|1781376714
|switch|p1a: Kingambit|Kingambit, M|74/100
|-activate|p1a: Kingambit|ability: Supreme Overlord
|-start|p1a: Kingambit|fallen4|[silent]
|turn|17
|
|t:|1781376719
|move|p1a: Kingambit|Sucker Punch|p2a: Arcanine
|-damage|p2a: Arcanine|10/100
|-damage|p1a: Kingambit|64/100|[from] item: Life Orb
|move|p2a: Arcanine|Flare Blitz|p1a: Kingambit
|-supereffective|p1a: Kingambit
|-damage|p1a: Kingambit|0 fnt
|faint|p1a: Kingambit
|-end|p1a: Kingambit|fallen4|[silent]
|
|upkeep
|
|t:|1781376722
|switch|p1a: Iron Moth|Iron Moth|100/100
|-enditem|p1a: Iron Moth|Booster Energy
|-activate|p1a: Iron Moth|ability: Quark Drive|[fromitem]
|-start|p1a: Iron Moth|quarkdrivespe
|turn|18
|
|t:|1781376738
|switch|p2a: Zapdos|Zapdos|100/100
|move|p1a: Iron Moth|Sludge Wave|p2a: Zapdos
|-damage|p2a: Zapdos|50/100
|-status|p2a: Zapdos|psn
|
|-damage|p2a: Zapdos|37/100 psn|[from] psn
|upkeep
|turn|19
|
|t:|1781376753
|move|p1a: Iron Moth|Fiery Dance|p2a: Zapdos
|-damage|p2a: Zapdos|0 fnt
|faint|p2a: Zapdos
|
|upkeep
|
|t:|1781376756
|switch|p2a: Darkrai|Darkrai|100/100
|turn|20
|
|t:|1781376763
|move|p2a: Darkrai|Dark Pulse|p1a: Iron Moth
|-damage|p1a: Iron Moth|59/100
|move|p1a: Iron Moth|Fiery Dance|p2a: Darkrai
|-damage|p2a: Darkrai|46/100
|
|upkeep
|turn|21
|-message|Izlymoney forfeited.
|
|win|funnygames(1997)
|raw|Izlymoney's rating: 1526 &rarr; <strong>1505</strong><br />(-21 for losing)
|raw|funnygames(1997)'s rating: 1506 &rarr; <strong>1527</strong><br />(+21 for winning)
|l|☆Izlymoney
|player|p1|
|l|☆funnygames(1997)
|player|p2|
