|j|☆Kirnil
|j|☆KurisuChestnutOU
|t:|1781166391
|gametype|singles
|player|p1|Kirnil|maid|1559
|player|p2|KurisuChestnutOU|may-contest|1621
|gen|9
|tier|[Gen 9] OU
|rated|
|rule|HP Percentage Mod: HP is shown in percentages
|rule|Endless Battle Clause: Forcing endless battles is banned
|rule|Species Clause: Limit one of each Pokémon
|rule|OHKO Clause: OHKO moves are banned
|rule|Evasion Items Clause: Evasion items are banned
|rule|Evasion Moves Clause: Evasion moves are banned
|rule|Evasion Abilities Clause: Evasion abilities are banned
|rule|Sleep Moves Clause: Sleep-inducing moves are banned
|clearpoke
|poke|p1|Glimmora, F|
|poke|p1|Great Tusk|
|poke|p1|Alomomola, F|
|poke|p1|Amoonguss, M|
|poke|p1|Iron Valiant|
|poke|p1|Hoopa-Unbound|
|poke|p2|Hawlucha, F|
|poke|p2|Samurott-Hisui, F|
|poke|p2|Rillaboom, F|
|poke|p2|Gholdengo|
|poke|p2|Kyurem|
|poke|p2|Landorus-Therian, M|
|teampreview
|inactive|Battle timer is ON: inactive players will automatically lose when time's up. (requested by KurisuChestnutOU)
|
|t:|1781166409
|teamsize|p1|6
|teamsize|p2|6
|start
|switch|p1a: Amoonguss|Amoonguss, M|100/100
|switch|p2a: Landorus|Landorus-Therian, M|100/100
|-ability|p2a: Landorus|Intimidate|boost
|-unboost|p1a: Amoonguss|atk|1
|turn|1
|
|t:|1781166413
|move|p2a: Landorus|Stealth Rock|p1a: Amoonguss
|-sidestart|p1: Kirnil|move: Stealth Rock
|move|p1a: Amoonguss|Stun Spore|p2a: Landorus
|-status|p2a: Landorus|par
|
|upkeep
|turn|2
|
|t:|1781166419
|switch|p2a: Kyurem|Kyurem|100/100
|-ability|p2a: Kyurem|Pressure
|move|p1a: Amoonguss|Foul Play|p2a: Kyurem
|-damage|p2a: Kyurem|81/100
|
|upkeep
|turn|3
|
|t:|1781166426
|switch|p1a: Alomomola|Alomomola, F|100/100
|-damage|p1a: Alomomola|88/100|[from] Stealth Rock
|move|p2a: Kyurem|Ice Beam|p1a: Alomomola
|-resisted|p1a: Alomomola
|-damage|p1a: Alomomola|76/100
|
|upkeep
|turn|4
|
|t:|1781166432
|move|p2a: Kyurem|Ice Beam|p1a: Alomomola
|-resisted|p1a: Alomomola
|-damage|p1a: Alomomola|64/100
|move|p1a: Alomomola|Flip Turn|p2a: Kyurem
|-resisted|p2a: Kyurem
|-damage|p2a: Kyurem|73/100
|
|t:|1781166439
|switch|p1a: Glimmora|Glimmora, F|100/100|[from] Flip Turn
|-damage|p1a: Glimmora|88/100|[from] Stealth Rock
|-item|p1a: Glimmora|Air Balloon
|
|upkeep
|turn|5
|
|t:|1781166445
|move|p2a: Kyurem|Ice Beam|p1a: Glimmora
|-damage|p1a: Glimmora|24/100
|-enditem|p1a: Glimmora|Air Balloon
|move|p1a: Glimmora|Power Gem|p2a: Kyurem
|-supereffective|p2a: Kyurem
|-damage|p2a: Kyurem|24/100
|
|upkeep
|turn|6
|
|t:|1781166456
|switch|p1a: Alomomola|Alomomola, F|97/100
|-damage|p1a: Alomomola|85/100|[from] Stealth Rock
|move|p2a: Kyurem|Freeze-Dry|p1a: Alomomola
|-supereffective|p1a: Alomomola
|-damage|p1a: Alomomola|50/100
|
|upkeep
|turn|7
|
|t:|1781166462
|move|p2a: Kyurem|Freeze-Dry|p1a: Alomomola
|-supereffective|p1a: Alomomola
|-damage|p1a: Alomomola|16/100
|move|p1a: Alomomola|Mirror Coat|p2a: Kyurem
|-damage|p2a: Kyurem|0 fnt
|faint|p2a: Kyurem
|
|upkeep
|
|t:|1781166466
|switch|p2a: Rillaboom|Rillaboom, F|100/100
|-fieldstart|move: Grassy Terrain|[from] ability: Grassy Surge|[of] p2a: Rillaboom
|turn|8
|
|t:|1781166470
|switch|p2a: Gholdengo|Gholdengo|100/100
|move|p1a: Alomomola|Flip Turn|p2a: Gholdengo
|-damage|p2a: Gholdengo|83/100
|
|t:|1781166477
|switch|p1a: Glimmora|Glimmora, F|24/100|[from] Flip Turn
|-damage|p1a: Glimmora|12/100|[from] Stealth Rock
|
|-heal|p2a: Gholdengo|89/100|[from] Grassy Terrain
|-heal|p1a: Glimmora|18/100|[from] Grassy Terrain
|upkeep
|turn|9
|
|t:|1781166480
|move|p2a: Gholdengo|Shadow Ball|p1a: Glimmora
|-damage|p1a: Glimmora|0 fnt
|faint|p1a: Glimmora
|
|-heal|p2a: Gholdengo|95/100|[from] Grassy Terrain
|upkeep
|
|t:|1781166486
|switch|p1a: Alomomola|Alomomola, F|49/100
|-damage|p1a: Alomomola|37/100|[from] Stealth Rock
|turn|10
|
|t:|1781166490
|move|p2a: Gholdengo|Shadow Ball|p1a: Alomomola
|-crit|p1a: Alomomola
|-damage|p1a: Alomomola|4/100
|move|p1a: Alomomola|Flip Turn|p2a: Gholdengo
|-damage|p2a: Gholdengo|77/100
|
|t:|1781166497
|switch|p1a: Hoopa|Hoopa-Unbound|100/100|[from] Flip Turn
|-damage|p1a: Hoopa|88/100|[from] Stealth Rock
|
|-heal|p2a: Gholdengo|83/100|[from] Grassy Terrain
|-heal|p1a: Hoopa|94/100|[from] Grassy Terrain
|-heal|p1a: Hoopa|100/100|[from] item: Leftovers
|upkeep
|turn|11
|
|t:|1781166501
|switch|p2a: Samurott|Samurott-Hisui, F|100/100
|move|p1a: Hoopa|Dark Pulse|p2a: Samurott
|-resisted|p2a: Samurott
|-damage|p2a: Samurott|81/100
|
|-heal|p2a: Samurott|87/100|[from] Grassy Terrain
|upkeep
|turn|12
|
|t:|1781166509
|switch|p1a: Iron Valiant|Iron Valiant|100/100
|-damage|p1a: Iron Valiant|94/100|[from] Stealth Rock
|-enditem|p1a: Iron Valiant|Booster Energy
|-activate|p1a: Iron Valiant|ability: Quark Drive|[fromitem]
|-start|p1a: Iron Valiant|quarkdrivespe
|move|p2a: Samurott|Ceaseless Edge|p1a: Iron Valiant
|-resisted|p1a: Iron Valiant
|-damage|p1a: Iron Valiant|81/100
|-sidestart|p1: Kirnil|Spikes
|
|-heal|p1a: Iron Valiant|87/100|[from] Grassy Terrain
|-heal|p2a: Samurott|94/100|[from] Grassy Terrain
|-fieldend|move: Grassy Terrain
|upkeep
|turn|13
|
|t:|1781166516
|switch|p2a: Gholdengo|Gholdengo|83/100
|move|p1a: Iron Valiant|Moonblast|p2a: Gholdengo
|-resisted|p2a: Gholdengo
|-damage|p2a: Gholdengo|54/100
|
|upkeep
|turn|14
|
|t:|1781166522
|move|p1a: Iron Valiant|Knock Off|p2a: Gholdengo
|-supereffective|p2a: Gholdengo
|-damage|p2a: Gholdengo|0 fnt
|-enditem|p2a: Gholdengo|Choice Scarf|[from] move: Knock Off|[of] p1a: Iron Valiant
|faint|p2a: Gholdengo
|
|upkeep
|
|t:|1781166529
|switch|p2a: Rillaboom|Rillaboom, F|100/100
|-fieldstart|move: Grassy Terrain|[from] ability: Grassy Surge|[of] p2a: Rillaboom
|turn|15
|
|t:|1781166533
|-terastallize|p2a: Rillaboom|Fire
|move|p1a: Iron Valiant|Moonblast|p2a: Rillaboom
|-resisted|p2a: Rillaboom
|-damage|p2a: Rillaboom|72/100
|-unboost|p2a: Rillaboom|spa|1
|move|p2a: Rillaboom|Swords Dance|p2a: Rillaboom
|-boost|p2a: Rillaboom|atk|2
|
|-heal|p1a: Iron Valiant|93/100|[from] Grassy Terrain
|-heal|p2a: Rillaboom|78/100|[from] Grassy Terrain
|upkeep
|turn|16
|
|t:|1781166546
|-end|p1a: Iron Valiant|Quark Drive|[silent]
|switch|p1a: Amoonguss|Amoonguss, M|100/100
|-damage|p1a: Amoonguss|88/100|[from] Stealth Rock
|-damage|p1a: Amoonguss|75/100|[from] Spikes
|move|p2a: Rillaboom|Swords Dance|p2a: Rillaboom
|-boost|p2a: Rillaboom|atk|2
|
|-heal|p2a: Rillaboom|85/100|[from] Grassy Terrain
|-heal|p1a: Amoonguss|82/100|[from] Grassy Terrain
|upkeep
|turn|17
|
|t:|1781166553
|move|p2a: Rillaboom|Knock Off|p1a: Amoonguss
|-damage|p1a: Amoonguss|4/100
|-damage|p2a: Rillaboom|68/100|[from] item: Rocky Helmet|[of] p1a: Amoonguss
|-enditem|p1a: Amoonguss|Rocky Helmet|[from] move: Knock Off|[of] p2a: Rillaboom
|move|p1a: Amoonguss|Foul Play|p2a: Rillaboom
|-damage|p2a: Rillaboom|0 fnt
|faint|p2a: Rillaboom
|
|-heal|p1a: Amoonguss|10/100|[from] Grassy Terrain
|upkeep
|
|t:|1781166561
|switch|p2a: Samurott|Samurott-Hisui, F|94/100
|turn|18
|
|t:|1781166565
|move|p2a: Samurott|Ceaseless Edge|p1a: Amoonguss
|-damage|p1a: Amoonguss|0 fnt
|-sidestart|p1: Kirnil|Spikes
|faint|p1a: Amoonguss
|
|-heal|p2a: Samurott|99/100|[from] Grassy Terrain
|upkeep
|
|t:|1781166567
|switch|p1a: Great Tusk|Great Tusk|100/100
|-damage|p1a: Great Tusk|98/100|[from] Stealth Rock
|-damage|p1a: Great Tusk|81/100|[from] Spikes
|-enditem|p1a: Great Tusk|Booster Energy
|-activate|p1a: Great Tusk|ability: Protosynthesis|[fromitem]
|-start|p1a: Great Tusk|protosynthesisatk
|turn|19
|
|t:|1781166571
|move|p1a: Great Tusk|Rapid Spin|p2a: Samurott
|-damage|p2a: Samurott|74/100
|-boost|p1a: Great Tusk|spe|1
|-sideend|p1: Kirnil|Spikes|[from] move: Rapid Spin|[of] p1a: Great Tusk
|-sideend|p1: Kirnil|Stealth Rock|[from] move: Rapid Spin|[of] p1a: Great Tusk
|move|p2a: Samurott|Flip Turn|p1a: Great Tusk
|-supereffective|p1a: Great Tusk
|-damage|p1a: Great Tusk|41/100
|
|t:|1781166575
|switch|p2a: Landorus|Landorus-Therian, M|100/100 par|[from] Flip Turn
|-ability|p2a: Landorus|Intimidate|boost
|-unboost|p1a: Great Tusk|atk|1
|
|-heal|p1a: Great Tusk|47/100|[from] Grassy Terrain
|-fieldend|move: Grassy Terrain
|upkeep
|turn|20
|
|t:|1781166578
|switch|p2a: Samurott|Samurott-Hisui, F|74/100
|move|p1a: Great Tusk|Ice Spinner|p2a: Samurott
|-resisted|p2a: Samurott
|-damage|p2a: Samurott|60/100
|
|upkeep
|turn|21
|
|t:|1781166583
|move|p1a: Great Tusk|Close Combat|p2a: Samurott
|-supereffective|p2a: Samurott
|-damage|p2a: Samurott|0 fnt
|-unboost|p1a: Great Tusk|def|1
|-unboost|p1a: Great Tusk|spd|1
|faint|p2a: Samurott
|
|upkeep
|
|t:|1781166587
|switch|p2a: Landorus|Landorus-Therian, M|100/100 par
|-ability|p2a: Landorus|Intimidate|boost
|-unboost|p1a: Great Tusk|atk|1
|turn|22
|
|t:|1781166593
|switch|p2a: Hawlucha|Hawlucha, F|100/100
|move|p1a: Great Tusk|Ice Spinner|p2a: Hawlucha
|-supereffective|p2a: Hawlucha
|-damage|p2a: Hawlucha|54/100
|
|upkeep
|turn|23
|
|t:|1781166598
|switch|p2a: Landorus|Landorus-Therian, M|100/100 par
|-ability|p2a: Landorus|Intimidate|boost
|-unboost|p1a: Great Tusk|atk|1
|move|p1a: Great Tusk|Ice Spinner|p2a: Landorus
|-supereffective|p2a: Landorus
|-damage|p2a: Landorus|44/100 par
|-damage|p1a: Great Tusk|30/100|[from] item: Rocky Helmet|[of] p2a: Landorus
|
|upkeep
|turn|24
|
|t:|1781166607
|move|p1a: Great Tusk|Ice Spinner|p2a: Landorus
|-supereffective|p2a: Landorus
|-damage|p2a: Landorus|0 fnt
|-damage|p1a: Great Tusk|14/100|[from] item: Rocky Helmet|[of] p2a: Landorus
|faint|p2a: Landorus
|
|upkeep
|
|t:|1781166610
|switch|p2a: Hawlucha|Hawlucha, F|54/100
|turn|25
|
|t:|1781166613
|move|p1a: Great Tusk|Ice Spinner|p2a: Hawlucha
|-supereffective|p2a: Hawlucha
|-damage|p2a: Hawlucha|18/100
|move|p2a: Hawlucha|Low Kick|p1a: Great Tusk
|-damage|p1a: Great Tusk|0 fnt
|faint|p1a: Great Tusk
|-end|p1a: Great Tusk|Protosynthesis|[silent]
|
|upkeep
|
|t:|1781166618
|switch|p1a: Hoopa|Hoopa-Unbound|100/100
|turn|26
|
|t:|1781166626
|-terastallize|p1a: Hoopa|Ghost
|move|p2a: Hawlucha|Roost|p2a: Hawlucha
|-heal|p2a: Hawlucha|68/100
|-singleturn|p2a: Hawlucha|move: Roost
|move|p1a: Hoopa|Dark Pulse|p2a: Hawlucha
|-resisted|p2a: Hawlucha
|-damage|p2a: Hawlucha|27/100
|
|upkeep
|turn|27
|
|t:|1781166633
|move|p2a: Hawlucha|Roost|p2a: Hawlucha
|-heal|p2a: Hawlucha|78/100
|-singleturn|p2a: Hawlucha|move: Roost
|move|p1a: Hoopa|Psyshock|p2a: Hawlucha
|-supereffective|p2a: Hawlucha
|-crit|p2a: Hawlucha
|-damage|p2a: Hawlucha|0 fnt
|faint|p2a: Hawlucha
|
|win|Kirnil
|raw|Kirnil's rating: 1559 &rarr; <strong>1582</strong><br />(+23 for winning)
|raw|KurisuChestnutOU's rating: 1617 &rarr; <strong>1594</strong><br />(-23 for losing)
