|j|☆cumtd
|j|☆roccobilo
|t:|1781584169
|gametype|singles
|player|p1|cumtd|blue|1620
|player|p2|roccobilo|supernerd|1716
|gen|9
|tier|[Gen 9] OU
|rated|
|rule|HP Percentage Mod: HP is shown in percentages
|rule|Endless Battle Clause: Forcing endless battles is banned
|rule|Species Clause: Limit one of each Pokémon
|rule|OHKO Clause: OHKO moves are banned
|rule|Evasion Items Clause: Evasion items are banned
|rule|Evasion Moves Clause: Evasion moves are banned
|rule|Evasion Abilities Clause: Evasion abilities are banned
|rule|Sleep Moves Clause: Sleep-inducing moves are banned
|clearpoke
|poke|p1|Weezing-Galar, M|
|poke|p1|Gliscor, F|
|poke|p1|Blissey, F|
|poke|p1|Corviknight, F|
|poke|p1|Dondozo, M|
|poke|p1|Toxapex, M|
|poke|p2|Cresselia, F|
|poke|p2|Keldeo|
|poke|p2|Garchomp, M|
|poke|p2|Moltres|
|poke|p2|Gholdengo|
|poke|p2|Dragonite, F|
|teampreview
|inactive|Battle timer is ON: inactive players will automatically lose when time's up. (requested by roccobilo)
|
|t:|1781584190
|teamsize|p1|6
|teamsize|p2|6
|start
|switch|p1a: Gliscor|Gliscor, F|100/100
|switch|p2a: Keldeo|Keldeo, shiny|100/100
|turn|1
|j| choispecs ironmoth
|inactive|cumtd has 120 seconds left.
|
|t:|1781584225
|move|p1a: Gliscor|Protect|p1a: Gliscor
|-singleturn|p1a: Gliscor|Protect
|move|p2a: Keldeo|Surf|p1a: Gliscor
|-activate|p1a: Gliscor|move: Protect
|
|-status|p1a: Gliscor|tox|[from] item: Toxic Orb
|upkeep
|turn|2
|inactive|cumtd has 120 seconds left.
|
|t:|1781584240
|switch|p1a: Toxapex|Toxapex, M|100/100
|move|p2a: Keldeo|Flip Turn|p1a: Toxapex
|-resisted|p1a: Toxapex
|-damage|p1a: Toxapex|96/100
|
|t:|1781584249
|switch|p2a: Cresselia|Cresselia, F, shiny|100/100|[from] Flip Turn
|
|upkeep
|turn|3
|
|t:|1781584253
|-terastallize|p2a: Cresselia|Poison
|move|p2a: Cresselia|Calm Mind|p2a: Cresselia
|-boost|p2a: Cresselia|spa|1
|-boost|p2a: Cresselia|spd|1
|move|p1a: Toxapex|Toxic|p2a: Cresselia
|-immune|p2a: Cresselia
|
|upkeep
|turn|4
|
|t:|1781584269
|switch|p1a: Gliscor|Gliscor, F|100/100 tox
|move|p2a: Cresselia|Calm Mind|p2a: Cresselia
|-boost|p2a: Cresselia|spa|1
|-boost|p2a: Cresselia|spd|1
|
|upkeep
|turn|5
|
|t:|1781584275
|-terastallize|p1a: Gliscor|Dark
|move|p1a: Gliscor|Swords Dance|p1a: Gliscor
|-boost|p1a: Gliscor|atk|2
|move|p2a: Cresselia|Calm Mind|p2a: Cresselia
|-boost|p2a: Cresselia|spa|1
|-boost|p2a: Cresselia|spd|1
|
|upkeep
|turn|6
|
|t:|1781584281
|move|p1a: Gliscor|Knock Off|p2a: Cresselia
|-damage|p2a: Cresselia|69/100
|-enditem|p2a: Cresselia|Covert Cloak|[from] move: Knock Off|[of] p1a: Gliscor
|move|p2a: Cresselia|Moonblast|p1a: Gliscor
|-supereffective|p1a: Gliscor
|-damage|p1a: Gliscor|29/100 tox
|
|-heal|p1a: Gliscor|41/100 tox|[from] ability: Poison Heal
|upkeep
|turn|7
|
|t:|1781584293
|move|p1a: Gliscor|Protect|p1a: Gliscor
|-singleturn|p1a: Gliscor|Protect
|move|p2a: Cresselia|Calm Mind|p2a: Cresselia
|-boost|p2a: Cresselia|spa|1
|-boost|p2a: Cresselia|spd|1
|
|-heal|p1a: Gliscor|54/100 tox|[from] ability: Poison Heal
|upkeep
|turn|8
|
|t:|1781584296
|switch|p1a: Dondozo|Dondozo, M|100/100
|move|p2a: Cresselia|Moonblast|p1a: Dondozo
|-damage|p1a: Dondozo|85/100
|
|-heal|p1a: Dondozo|91/100|[from] item: Leftovers
|upkeep
|turn|9
|
|t:|1781584302
|move|p2a: Cresselia|Moonlight|p2a: Cresselia
|-heal|p2a: Cresselia|100/100
|move|p1a: Dondozo|Waterfall|p2a: Cresselia
|-damage|p2a: Cresselia|84/100
|
|-heal|p1a: Dondozo|97/100|[from] item: Leftovers
|upkeep
|turn|10
|
|t:|1781584304
|move|p2a: Cresselia|Calm Mind|p2a: Cresselia
|-boost|p2a: Cresselia|spa|1
|-boost|p2a: Cresselia|spd|1
|move|p1a: Dondozo|Curse|p1a: Dondozo
|-unboost|p1a: Dondozo|spe|1
|-boost|p1a: Dondozo|atk|1
|-boost|p1a: Dondozo|def|1
|
|-heal|p1a: Dondozo|100/100|[from] item: Leftovers
|upkeep
|turn|11
|
|t:|1781584306
|move|p2a: Cresselia|Calm Mind|p2a: Cresselia
|-boost|p2a: Cresselia|spa|1
|-boost|p2a: Cresselia|spd|1
|move|p1a: Dondozo|Curse|p1a: Dondozo
|-unboost|p1a: Dondozo|spe|1
|-boost|p1a: Dondozo|atk|1
|-boost|p1a: Dondozo|def|1
|
|upkeep
|turn|12
|j| pls game
|
|t:|1781584310
|move|p2a: Cresselia|Stored Power|p1a: Dondozo
|-damage|p1a: Dondozo|28/100
|move|p1a: Dondozo|Curse|p1a: Dondozo
|-unboost|p1a: Dondozo|spe|1
|-boost|p1a: Dondozo|atk|1
|-boost|p1a: Dondozo|def|1
|
|-heal|p1a: Dondozo|34/100|[from] item: Leftovers
|upkeep
|turn|13
|
|t:|1781584317
|switch|p1a: Blissey|Blissey, F|100/100
|move|p2a: Cresselia|Stored Power|p1a: Blissey
|-damage|p1a: Blissey|17/100
|
|-heal|p1a: Blissey|23/100|[from] item: Leftovers
|upkeep
|turn|14
|
|t:|1781584320
|switch|p1a: Gliscor|Gliscor, F, tera:Dark|54/100 tox
|move|p2a: Cresselia|Stored Power|p1a: Gliscor
|-immune|p1a: Gliscor
|
|-heal|p1a: Gliscor|66/100 tox|[from] ability: Poison Heal
|upkeep
|turn|15
|
|t:|1781584325
|move|p1a: Gliscor|Protect|p1a: Gliscor
|-singleturn|p1a: Gliscor|Protect
|move|p2a: Cresselia|Calm Mind|p2a: Cresselia
|-boost|p2a: Cresselia|spa|0
|-boost|p2a: Cresselia|spd|0
|
|-heal|p1a: Gliscor|79/100 tox|[from] ability: Poison Heal
|upkeep
|turn|16
|
|t:|1781584330
|switch|p1a: Dondozo|Dondozo, M|34/100
|move|p2a: Cresselia|Stored Power|p1a: Dondozo
|-damage|p1a: Dondozo|0 fnt
|faint|p1a: Dondozo
|
|upkeep
|
|t:|1781584334
|switch|p1a: Toxapex|Toxapex, M|100/100
|turn|17
|
|t:|1781584335
|move|p2a: Cresselia|Stored Power|p1a: Toxapex
|-supereffective|p1a: Toxapex
|-damage|p1a: Toxapex|0 fnt
|faint|p1a: Toxapex
|
|upkeep
|-message|cumtd forfeited.
|
|win|roccobilo
|raw|cumtd's rating: 1620 &rarr; <strong>1605</strong><br />(-15 for losing)
|raw|roccobilo's rating: 1716 &rarr; <strong>1731</strong><br />(+15 for winning)
|l|☆cumtd
|player|p1|
|l| pls game
|l|☆roccobilo
|player|p2|
|l| choispecs ironmoth
