|j|☆Boxed by Po
|j|‽Cte plays
|t:|1781324079
|gametype|singles
|player|p1|Boxed by Po|firebreather|1689
|player|p2|Cte plays|brendan|1586
|gen|9
|tier|[Gen 9] OU
|rated|
|rule|HP Percentage Mod: HP is shown in percentages
|rule|Endless Battle Clause: Forcing endless battles is banned
|rule|Species Clause: Limit one of each Pokémon
|rule|OHKO Clause: OHKO moves are banned
|rule|Evasion Items Clause: Evasion items are banned
|rule|Evasion Moves Clause: Evasion moves are banned
|rule|Evasion Abilities Clause: Evasion abilities are banned
|rule|Sleep Moves Clause: Sleep-inducing moves are banned
|clearpoke
|poke|p1|Cinderace, M|
|poke|p1|Mandibuzz, F|
|poke|p1|Kyurem|
|poke|p1|Ting-Lu|
|poke|p1|Latias, F|
|poke|p1|Kingambit, M|
|poke|p2|Scizor, M|
|poke|p2|Kyurem|
|poke|p2|Cinderace, M|
|poke|p2|Primarina, M|
|poke|p2|Zapdos|
|poke|p2|Iron Valiant|
|teampreview
|inactive|Battle timer is ON: inactive players will automatically lose when time's up. (requested by Cte plays)
|
|t:|1781324091
|teamsize|p1|6
|teamsize|p2|6
|start
|switch|p1a: cure him|Kyurem|100/100
|switch|p2a: Cinderace|Cinderace, M, shiny|100/100
|-ability|p1a: cure him|Pressure
|turn|1
|
|t:|1781324101
|move|p1a: cure him|Earth Power|p2a: Cinderace
|-supereffective|p2a: Cinderace
|-damage|p2a: Cinderace|9/100
|move|p2a: Cinderace|U-turn|p1a: cure him
|-damage|p1a: cure him|80/100
|
|t:|1781324114
|switch|p2a: Kyurem|Kyurem, shiny|100/100|[from] U-turn
|-ability|p2a: Kyurem|Pressure
|
|upkeep
|turn|2
|
|t:|1781324124
|switch|p1a: Apple bottom jeans|Cinderace, M|100/100
|move|p2a: Kyurem|Ice Beam|p1a: Apple bottom jeans
|-resisted|p1a: Apple bottom jeans
|-damage|p1a: Apple bottom jeans|67/100
|
|upkeep
|turn|3
|
|t:|1781324132
|move|p1a: Apple bottom jeans|High Jump Kick|p2a: Kyurem
|-start|p1a: Apple bottom jeans|typechange|Fighting|[from] ability: Libero
|-supereffective|p2a: Kyurem
|-damage|p2a: Kyurem|0 fnt
|faint|p2a: Kyurem
|
|upkeep
|
|t:|1781324141
|switch|p2a: Primarina|Primarina, M, shiny|100/100
|turn|4
|
|t:|1781324147
|move|p1a: Apple bottom jeans|U-turn|p2a: Primarina
|-resisted|p2a: Primarina
|-damage|p2a: Primarina|86/100
|
|t:|1781324150
|switch|p1a: cure him|Kyurem|80/100|[from] U-turn
|-ability|p1a: cure him|Pressure
|move|p2a: Primarina|Moonblast|p1a: cure him
|-supereffective|p1a: cure him
|-damage|p1a: cure him|0 fnt
|faint|p1a: cure him
|
|upkeep
|
|t:|1781324162
|switch|p1a: Tingle|Ting-Lu, shiny|100/100
|-ability|p1a: Tingle|Vessel of Ruin
|turn|5
|
|t:|1781324167
|move|p2a: Primarina|Psychic Noise|p1a: Tingle
|-supereffective|p1a: Tingle
|-damage|p1a: Tingle|57/100
|-start|p1a: Tingle|move: Heal Block
|-enditem|p1a: Tingle|Weakness Policy
|-boost|p1a: Tingle|atk|2|[from] item: Weakness Policy
|-boost|p1a: Tingle|spa|2|[from] item: Weakness Policy
|move|p1a: Tingle|Earthquake|p2a: Primarina
|-damage|p2a: Primarina|0 fnt
|faint|p2a: Primarina
|
|upkeep
|
|t:|1781324189
|switch|p2a: Scizor|Scizor, M, shiny|100/100
|turn|6
|
|t:|1781324192
|move|p2a: Scizor|Swords Dance|p2a: Scizor
|-boost|p2a: Scizor|atk|2
|move|p1a: Tingle|Earthquake|p2a: Scizor
|-damage|p2a: Scizor|0 fnt
|faint|p2a: Scizor
|
|-end|p1a: Tingle|move: Heal Block
|upkeep
|
|t:|1781324202
|switch|p2a: Cinderace|Cinderace, M, shiny|9/100
|turn|7
|
|t:|1781324207
|switch|p1a: Big Bird|Mandibuzz, F, shiny|100/100
|move|p2a: Cinderace|U-turn|p1a: Big Bird
|-damage|p1a: Big Bird|86/100
|-damage|p2a: Cinderace|0 fnt|[from] item: Rocky Helmet|[of] p1a: Big Bird
|faint|p2a: Cinderace
|
|upkeep
|
|t:|1781324222
|switch|p2a: Iron Valiant|Iron Valiant, shiny|100/100
|-enditem|p2a: Iron Valiant|Booster Energy
|-activate|p2a: Iron Valiant|ability: Quark Drive|[fromitem]
|-start|p2a: Iron Valiant|quarkdrivespe
|turn|8
|
|t:|1781324229
|move|p2a: Iron Valiant|Calm Mind|p2a: Iron Valiant
|-boost|p2a: Iron Valiant|spa|1
|-boost|p2a: Iron Valiant|spd|1
|move|p1a: Big Bird|Taunt|p2a: Iron Valiant
|-start|p2a: Iron Valiant|move: Taunt
|
|upkeep
|turn|9
|
|t:|1781324237
|move|p2a: Iron Valiant|Moonblast|p1a: Big Bird
|-supereffective|p1a: Big Bird
|-damage|p1a: Big Bird|0 fnt
|faint|p1a: Big Bird
|
|upkeep
|
|t:|1781324241
|switch|p1a: Apple bottom jeans|Cinderace, M|67/100
|turn|10
|
|t:|1781324248
|move|p2a: Iron Valiant|Shadow Ball|p1a: Apple bottom jeans
|-damage|p1a: Apple bottom jeans|14/100
|move|p1a: Apple bottom jeans|Pyro Ball|p2a: Iron Valiant
|-damage|p2a: Iron Valiant|21/100
|
|upkeep
|turn|11
|
|t:|1781324255
|move|p2a: Iron Valiant|Moonblast|p1a: Apple bottom jeans
|-resisted|p1a: Apple bottom jeans
|-damage|p1a: Apple bottom jeans|0 fnt
|faint|p1a: Apple bottom jeans
|
|-end|p2a: Iron Valiant|move: Taunt
|upkeep
|
|t:|1781324257
|switch|p1a: Kingamble|Kingambit, M, shiny|100/100
|-activate|p1a: Kingamble|ability: Supreme Overlord
|-start|p1a: Kingamble|fallen3|[silent]
|turn|12
|
|t:|1781324267
|move|p2a: Iron Valiant|Moonblast|p1a: Kingamble
|-damage|p1a: Kingamble|29/100
|move|p1a: Kingamble|Iron Head|p2a: Iron Valiant
|-supereffective|p2a: Iron Valiant
|-damage|p2a: Iron Valiant|0 fnt
|faint|p2a: Iron Valiant
|-end|p2a: Iron Valiant|Quark Drive|[silent]
|
|upkeep
|
|t:|1781324275
|switch|p2a: Zapdos|Zapdos, shiny|100/100
|turn|13
|
|t:|1781324278
|move|p1a: Kingamble|Sucker Punch|p2a: Zapdos
|-damage|p2a: Zapdos|54/100
|move|p2a: Zapdos|Heat Wave|p1a: Kingamble
|-supereffective|p1a: Kingamble
|-damage|p1a: Kingamble|0 fnt
|faint|p1a: Kingamble
|-end|p1a: Kingamble|fallen3|[silent]
|
|upkeep
|
|t:|1781324281
|switch|p1a: Tingle|Ting-Lu, shiny|57/100
|-ability|p1a: Tingle|Vessel of Ruin
|turn|14
|
|t:|1781324289
|move|p2a: Zapdos|Hurricane|p1a: Tingle
|-damage|p1a: Tingle|24/100
|move|p1a: Tingle|Stone Edge|p2a: Zapdos
|-supereffective|p2a: Zapdos
|-crit|p2a: Zapdos
|-damage|p2a: Zapdos|0 fnt
|faint|p2a: Zapdos
|
|win|Boxed by Po
|raw|Boxed by Po's rating: 1689 &rarr; <strong>1703</strong><br />(+14 for winning)
|raw|Cte plays's rating: 1586 &rarr; <strong>1572</strong><br />(-14 for losing)
|l|‽Cte plays
|player|p2|
|l|☆Boxed by Po
|player|p1|
