|j|☆Sanskiller55
|j|☆KurisuChestnutLab
|t:|1781132783
|gametype|singles
|player|p1|Sanskiller55|acerola-masters|1519
|player|p2|KurisuChestnutLab|may-contest|1659
|gen|9
|tier|[Gen 9] OU
|rated|
|rule|HP Percentage Mod: HP is shown in percentages
|rule|Endless Battle Clause: Forcing endless battles is banned
|rule|Species Clause: Limit one of each Pokémon
|rule|OHKO Clause: OHKO moves are banned
|rule|Evasion Items Clause: Evasion items are banned
|rule|Evasion Moves Clause: Evasion moves are banned
|rule|Evasion Abilities Clause: Evasion abilities are banned
|rule|Sleep Moves Clause: Sleep-inducing moves are banned
|clearpoke
|poke|p1|Chesnaught, M|
|poke|p1|Clodsire, M|
|poke|p1|Kyurem|
|poke|p1|Great Tusk|
|poke|p1|Ogerpon-Wellspring, F|
|poke|p1|Pecharunt|
|poke|p2|Primarina, F|
|poke|p2|Hippowdon, F|
|poke|p2|Skarmory, M|
|poke|p2|Zapdos|
|poke|p2|Dragonite, F|
|poke|p2|Slowking, M|
|teampreview
|inactive|Battle timer is ON: inactive players will automatically lose when time's up. (requested by Sanskiller55)
|
|t:|1781132791
|teamsize|p1|6
|teamsize|p2|6
|start
|switch|p1a: Hungry Dragon|Kyurem|100/100
|switch|p2a: Primarina|Primarina, F|100/100
|-ability|p1a: Hungry Dragon|Pressure
|turn|1
|inactive|KurisuChestnutLab also wants the timer to be on.
|
|t:|1781132798
|switch|p1a: Gus|Clodsire, M, shiny|100/100
|move|p2a: Primarina|Moonblast|p1a: Gus
|-resisted|p1a: Gus
|-damage|p1a: Gus|86/100
|
|-heal|p1a: Gus|93/100|[from] item: Leftovers
|upkeep
|turn|2
|
|t:|1781132804
|move|p2a: Primarina|Surf|p1a: Gus
|-supereffective|p1a: Gus
|-damage|p1a: Gus|39/100
|move|p1a: Gus|Toxic|p2a: Primarina
|-status|p2a: Primarina|tox
|
|-heal|p1a: Gus|46/100|[from] item: Leftovers
|-damage|p2a: Primarina|94/100 tox|[from] psn
|upkeep
|turn|3
|j| bobrumba
|
|t:|1781132808
|switch|p1a: Girlboss|Ogerpon-Wellspring, F|100/100
|move|p2a: Primarina|Surf|p1a: Girlboss
|-immune|p1a: Girlboss|[from] ability: Water Absorb
|
|-damage|p2a: Primarina|82/100 tox|[from] psn
|upkeep
|turn|4
|
|t:|1781132814
|move|p1a: Girlboss|U-turn|p2a: Primarina
|-resisted|p2a: Primarina
|-damage|p2a: Primarina|66/100 tox
|
|t:|1781132817
|switch|p1a: Gus|Clodsire, M, shiny|46/100|[from] U-turn
|move|p2a: Primarina|Moonblast|p1a: Gus
|-resisted|p1a: Gus
|-damage|p1a: Gus|30/100
|
|-heal|p1a: Gus|36/100|[from] item: Leftovers
|-damage|p2a: Primarina|48/100 tox|[from] psn
|upkeep
|turn|5
|
|t:|1781132822
|switch|p1a: Girlboss|Ogerpon-Wellspring, F|100/100
|move|p2a: Primarina|Flip Turn|p1a: Girlboss
|-immune|p1a: Girlboss|[from] ability: Water Absorb
|
|-damage|p2a: Primarina|24/100 tox|[from] psn
|upkeep
|turn|6
|
|t:|1781132829
|move|p1a: Girlboss|Knock Off|p2a: Primarina
|-resisted|p2a: Primarina
|-damage|p2a: Primarina|2/100 tox
|-enditem|p2a: Primarina|Assault Vest|[from] move: Knock Off|[of] p1a: Girlboss
|move|p2a: Primarina|Moonblast|p1a: Girlboss
|-crit|p1a: Girlboss
|-damage|p1a: Girlboss|12/100
|
|-damage|p2a: Primarina|0 fnt|[from] psn
|faint|p2a: Primarina
|upkeep
|
|t:|1781132833
|switch|p2a: Dragonite|Dragonite, F|100/100
|turn|7
|
|t:|1781132838
|move|p1a: Girlboss|U-turn|p2a: Dragonite
|-resisted|p2a: Dragonite
|-damage|p2a: Dragonite|93/100
|
|t:|1781132840
|switch|p1a: Misinformation|Pecharunt|100/100|[from] U-turn
|move|p2a: Dragonite|Dragon Dance|p2a: Dragonite
|-boost|p2a: Dragonite|atk|1
|-boost|p2a: Dragonite|spe|1
|
|upkeep
|turn|8
|l| bobrumba
|
|t:|1781132844
|move|p2a: Dragonite|Earthquake|p1a: Misinformation
|-supereffective|p1a: Misinformation
|-damage|p1a: Misinformation|37/100
|move|p1a: Misinformation|Malignant Chain|p2a: Dragonite
|-damage|p2a: Dragonite|53/100
|-status|p2a: Dragonite|tox
|-start|p2a: Dragonite|confusion|[from] ability: Poison Puppeteer|[of] p1a: Misinformation
|
|-heal|p1a: Misinformation|43/100|[from] item: Leftovers
|-damage|p2a: Dragonite|47/100 tox|[from] psn
|upkeep
|turn|9
|
|t:|1781132849
|-activate|p2a: Dragonite|confusion
|move|p2a: Dragonite|Earthquake|p1a: Misinformation
|-supereffective|p1a: Misinformation
|-damage|p1a: Misinformation|0 fnt
|faint|p1a: Misinformation
|
|-damage|p2a: Dragonite|35/100 tox|[from] psn
|upkeep
|
|t:|1781132856
|switch|p1a: Coat of the Right|Great Tusk|100/100
|-enditem|p1a: Coat of the Right|Booster Energy
|-activate|p1a: Coat of the Right|ability: Protosynthesis|[fromitem]
|-start|p1a: Coat of the Right|protosynthesisspe
|turn|10
|
|t:|1781132859
|switch|p2a: Zapdos|Zapdos|100/100
|move|p1a: Coat of the Right|Bulk Up|p1a: Coat of the Right
|-boost|p1a: Coat of the Right|atk|1
|-boost|p1a: Coat of the Right|def|1
|
|upkeep
|turn|11
|
|t:|1781132864
|move|p1a: Coat of the Right|Close Combat|p2a: Zapdos
|-resisted|p2a: Zapdos
|-damage|p2a: Zapdos|74/100
|-unboost|p1a: Coat of the Right|def|1
|-unboost|p1a: Coat of the Right|spd|1
|-status|p1a: Coat of the Right|par|[from] ability: Static|[of] p2a: Zapdos
|move|p2a: Zapdos|Hurricane|p1a: Coat of the Right
|-supereffective|p1a: Coat of the Right
|-damage|p1a: Coat of the Right|0 fnt
|faint|p1a: Coat of the Right
|-end|p1a: Coat of the Right|Protosynthesis|[silent]
|
|upkeep
|
|t:|1781132866
|switch|p1a: Hungry Dragon|Kyurem|100/100
|-ability|p1a: Hungry Dragon|Pressure
|turn|12
|
|t:|1781132874
|switch|p2a: Skarmory|Skarmory, M|100/100
|move|p1a: Hungry Dragon|Freeze-Dry|p2a: Skarmory
|-damage|p2a: Skarmory|32/100
|
|-heal|p2a: Skarmory|38/100|[from] item: Leftovers
|upkeep
|turn|13
|
|t:|1781132879
|switch|p2a: Dragonite|Dragonite, F|35/100 tox
|move|p1a: Hungry Dragon|Freeze-Dry|p2a: Dragonite
|-supereffective|p2a: Dragonite
|-damage|p2a: Dragonite|0 fnt
|faint|p2a: Dragonite
|
|upkeep
|
|t:|1781132883
|switch|p2a: Hippowdon|Hippowdon, F|100/100
|-weather|Sandstorm|[from] ability: Sand Stream|[of] p2a: Hippowdon
|turn|14
|
|t:|1781132887
|-terastallize|p2a: Hippowdon|Steel
|move|p1a: Hungry Dragon|Freeze-Dry|p2a: Hippowdon
|-resisted|p2a: Hippowdon
|-damage|p2a: Hippowdon|70/100
|-status|p2a: Hippowdon|frz
|cant|p2a: Hippowdon|frz
|
|-weather|Sandstorm|[upkeep]
|-damage|p1a: Hungry Dragon|94/100|[from] Sandstorm
|-heal|p2a: Hippowdon|76/100 frz|[from] item: Leftovers
|upkeep
|turn|15
|
|t:|1781132892
|switch|p1a: Girlboss|Ogerpon-Wellspring, F|12/100
|cant|p2a: Hippowdon|frz
|
|-weather|Sandstorm|[upkeep]
|-damage|p1a: Girlboss|6/100|[from] Sandstorm
|-heal|p2a: Hippowdon|82/100 frz|[from] item: Leftovers
|upkeep
|turn|16
|
|t:|1781132899
|move|p1a: Girlboss|Ivy Cudgel|p2a: Hippowdon|[anim] Ivy Cudgel Water
|-crit|p2a: Hippowdon
|-damage|p2a: Hippowdon|34/100 frz
|cant|p2a: Hippowdon|frz
|
|-weather|Sandstorm|[upkeep]
|-damage|p1a: Girlboss|0 fnt|[from] Sandstorm
|faint|p1a: Girlboss
|-heal|p2a: Hippowdon|40/100 frz|[from] item: Leftovers
|upkeep
|
|t:|1781132907
|switch|p1a: The Paladin|Chesnaught, M|100/100
|turn|17
|
|t:|1781132911
|move|p1a: The Paladin|Body Press|p2a: Hippowdon
|-supereffective|p2a: Hippowdon
|-damage|p2a: Hippowdon|3/100 frz
|cant|p2a: Hippowdon|frz
|
|-weather|Sandstorm|[upkeep]
|-damage|p1a: The Paladin|94/100|[from] Sandstorm
|-heal|p2a: Hippowdon|9/100 frz|[from] item: Leftovers
|upkeep
|turn|18
|
|t:|1781132915
|move|p1a: The Paladin|Body Press|p2a: Hippowdon
|-supereffective|p2a: Hippowdon
|-damage|p2a: Hippowdon|0 fnt
|faint|p2a: Hippowdon
|
|-weather|none
|upkeep
|
|t:|1781132922
|switch|p2a: Slowking|Slowking, M|100/100
|turn|19
|
|t:|1781132928
|move|p1a: The Paladin|Knock Off|p2a: Slowking
|-supereffective|p2a: Slowking
|-damage|p2a: Slowking|44/100
|-enditem|p2a: Slowking|Heavy-Duty Boots|[from] move: Knock Off|[of] p1a: The Paladin
|move|p2a: Slowking|Scald|p1a: The Paladin
|-resisted|p1a: The Paladin
|-damage|p1a: The Paladin|81/100
|
|upkeep
|turn|20
|
|t:|1781132936
|move|p1a: The Paladin|Knock Off|p2a: Slowking
|-supereffective|p2a: Slowking
|-damage|p2a: Slowking|4/100
|move|p2a: Slowking|Slack Off|p2a: Slowking
|-heal|p2a: Slowking|54/100
|
|upkeep
|turn|21
|
|t:|1781132941
|move|p1a: The Paladin|Knock Off|p2a: Slowking
|-supereffective|p2a: Slowking
|-damage|p2a: Slowking|15/100
|move|p2a: Slowking|Slack Off|p2a: Slowking
|-heal|p2a: Slowking|65/100
|
|upkeep
|turn|22
|
|t:|1781132945
|switch|p1a: Hungry Dragon|Kyurem|94/100
|-ability|p1a: Hungry Dragon|Pressure
|move|p2a: Slowking|Slack Off|p2a: Slowking
|-heal|p2a: Slowking|100/100
|
|upkeep
|turn|23
|
|t:|1781132950
|move|p1a: Hungry Dragon|Freeze-Dry|p2a: Slowking
|-supereffective|p2a: Slowking
|-damage|p2a: Slowking|38/100
|move|p2a: Slowking|Slack Off|p2a: Slowking
|-heal|p2a: Slowking|88/100
|
|upkeep
|turn|24
|j| Seth2004j
|
|t:|1781132957
|move|p1a: Hungry Dragon|Freeze-Dry|p2a: Slowking
|-supereffective|p2a: Slowking
|-damage|p2a: Slowking|28/100
|move|p2a: Slowking|Slack Off|p2a: Slowking
|-heal|p2a: Slowking|78/100
|
|upkeep
|turn|25
|
|t:|1781132962
|switch|p2a: Skarmory|Skarmory, M|38/100
|move|p1a: Hungry Dragon|Freeze-Dry|p2a: Skarmory
|-damage|p2a: Skarmory|0 fnt
|faint|p2a: Skarmory
|
|upkeep
|
|t:|1781132968
|switch|p2a: Slowking|Slowking, M|100/100
|turn|26
|
|t:|1781132972
|move|p1a: Hungry Dragon|Freeze-Dry|p2a: Slowking
|-supereffective|p2a: Slowking
|-damage|p2a: Slowking|38/100
|move|p2a: Slowking|Slack Off|p2a: Slowking
|-heal|p2a: Slowking|88/100
|
|upkeep
|turn|27
|
|t:|1781132979
|move|p1a: Hungry Dragon|Freeze-Dry|p2a: Slowking
|-supereffective|p2a: Slowking
|-damage|p2a: Slowking|24/100
|move|p2a: Slowking|Slack Off|p2a: Slowking
|-heal|p2a: Slowking|74/100
|
|upkeep
|turn|28
|
|t:|1781132986
|move|p1a: Hungry Dragon|Freeze-Dry|p2a: Slowking
|-supereffective|p2a: Slowking
|-damage|p2a: Slowking|12/100
|-status|p2a: Slowking|frz
|cant|p2a: Slowking|frz
|
|upkeep
|turn|29
|
|t:|1781132992
|switch|p2a: Zapdos|Zapdos|74/100
|move|p1a: Hungry Dragon|Freeze-Dry|p2a: Zapdos
|-supereffective|p2a: Zapdos
|-damage|p2a: Zapdos|0 fnt
|faint|p2a: Zapdos
|
|upkeep
|
|t:|1781132995
|switch|p2a: Slowking|Slowking, M|45/100 frz
|turn|30
|
|t:|1781132999
|move|p1a: Hungry Dragon|Freeze-Dry|p2a: Slowking
|-supereffective|p2a: Slowking
|-damage|p2a: Slowking|0 fnt
|faint|p2a: Slowking
|
|win|Sanskiller55
|raw|Sanskiller55's rating: 1519 &rarr; <strong>1545</strong><br />(+26 for winning)
|raw|KurisuChestnutLab's rating: 1635 &rarr; <strong>1609</strong><br />(-26 for losing)
