|badge|p2|bronze|gen9ou|100-9
|uhtml|medal-msg|<div class="broadcast-blue">Curious what those medals under the avatar are? PS now has Ladder Seasons! For more information, check out the <a href="https://www.smogon.com/forums/threads/3740067/">thread on Smogon.</a></div>
|j|‽LT_Alt1
|j|☆rblt ryo
|t:|1780900420
|gametype|singles
|player|p1|LT_Alt1|265|1713
|player|p2|rblt ryo|grimsley-gen7|1768
|gen|9
|tier|[Gen 9] OU
|rated|
|rule|HP Percentage Mod: HP is shown in percentages
|rule|Endless Battle Clause: Forcing endless battles is banned
|rule|Species Clause: Limit one of each Pokémon
|rule|OHKO Clause: OHKO moves are banned
|rule|Evasion Items Clause: Evasion items are banned
|rule|Evasion Moves Clause: Evasion moves are banned
|rule|Evasion Abilities Clause: Evasion abilities are banned
|rule|Sleep Moves Clause: Sleep-inducing moves are banned
|clearpoke
|poke|p1|Garganacl, F|
|poke|p1|Slowking-Galar, F|
|poke|p1|Kyurem|
|poke|p1|Weezing-Galar, F|
|poke|p1|Moltres|
|poke|p1|Iron Treads|
|poke|p2|Great Tusk|
|poke|p2|Pecharunt|
|poke|p2|Cinderace, F|
|poke|p2|Alomomola, M|
|poke|p2|Weavile, M|
|poke|p2|Indeedee, M|
|teampreview
|j| oatmealrazen
|
|t:|1780900434
|teamsize|p1|6
|teamsize|p2|6
|start
|switch|p1a: Kyurem|Kyurem|100/100
|switch|p2a: Indeedee|Indeedee, M|100/100
|-ability|p1a: Kyurem|Pressure
|-fieldstart|move: Psychic Terrain|[from] ability: Psychic Surge|[of] p2a: Indeedee
|turn|1
|
|t:|1780900454
|switch|p2a: Alomomola|Alomomola, M, shiny|100/100
|move|p1a: Kyurem|Scale Shot|p2a: Alomomola
|-damage|p2a: Alomomola|94/100
|-damage|p2a: Alomomola|87/100
|-damage|p2a: Alomomola|81/100
|-damage|p2a: Alomomola|75/100
|-damage|p2a: Alomomola|69/100
|-hitcount|p2a: Alomomola|5
|-unboost|p1a: Kyurem|def|1
|-boost|p1a: Kyurem|spe|1
|
|upkeep
|turn|2
|
|t:|1780900464
|-terastallize|p1a: Kyurem|Ice
|move|p1a: Kyurem|Freeze-Dry|p2a: Alomomola
|-supereffective|p2a: Alomomola
|-damage|p2a: Alomomola|8/100
|move|p2a: Alomomola|Flip Turn|p1a: Kyurem
|-damage|p1a: Kyurem|77/100
|
|t:|1780900477
|switch|p2a: Cinderace|Cinderace, F|100/100|[from] Flip Turn
|
|upkeep
|turn|3
|
|t:|1780900483
|switch|p1a: Moltres|Moltres|100/100
|move|p2a: Cinderace|U-turn|p1a: Moltres
|-resisted|p1a: Moltres
|-damage|p1a: Moltres|97/100
|
|t:|1780900486
|switch|p2a: Indeedee|Indeedee, M|100/100|[from] U-turn
|
|upkeep
|turn|4
|
|t:|1780900490
|switch|p1a: Iron Treads|Iron Treads|100/100
|move|p2a: Indeedee|Expanding Force|p1a: Iron Treads
|-resisted|p1a: Iron Treads
|-damage|p1a: Iron Treads|36/100
|
|-heal|p1a: Iron Treads|42/100|[from] item: Leftovers
|upkeep
|turn|5
|
|t:|1780900498
|move|p1a: Iron Treads|Knock Off|p2a: Indeedee
|-supereffective|p2a: Indeedee
|-damage|p2a: Indeedee|0 fnt
|-enditem|p2a: Indeedee|Choice Specs|[from] move: Knock Off|[of] p1a: Iron Treads
|faint|p2a: Indeedee
|
|-heal|p1a: Iron Treads|49/100|[from] item: Leftovers
|-fieldend|move: Psychic Terrain
|upkeep
|-message|rblt ryo forfeited.
|
|win|LT_Alt1
|raw|LT_Alt1's rating: 1713 &rarr; <strong>1736</strong><br />(+23 for winning)
|raw|rblt ryo's rating: 1768 &rarr; <strong>1745</strong><br />(-23 for losing)
|l| oatmealrazen
