|j|‽roxty
|j|☆raichussuperfan
|t:|1781542752
|gametype|singles
|player|p1|roxty|266|1686
|player|p2|raichussuperfan|iris-gen5bw2|1661
|gen|9
|tier|[Gen 9] OU
|rated|
|rule|HP Percentage Mod: HP is shown in percentages
|rule|Endless Battle Clause: Forcing endless battles is banned
|rule|Species Clause: Limit one of each Pokémon
|rule|OHKO Clause: OHKO moves are banned
|rule|Evasion Items Clause: Evasion items are banned
|rule|Evasion Moves Clause: Evasion moves are banned
|rule|Evasion Abilities Clause: Evasion abilities are banned
|rule|Sleep Moves Clause: Sleep-inducing moves are banned
|clearpoke
|poke|p1|Gliscor, F|
|poke|p1|Blissey, F|
|poke|p1|Clefable, F|
|poke|p1|Toxapex, F|
|poke|p1|Dondozo, F|
|poke|p1|Corviknight, M|
|poke|p2|Iron Moth|
|poke|p2|Kingambit, F|
|poke|p2|Iron Valiant|
|poke|p2|Cresselia, F|
|poke|p2|Glimmora, F|
|poke|p2|Great Tusk|
|teampreview
|inactive|Battle timer is ON: inactive players will automatically lose when time's up. (requested by roxty)
|j| TheSacredJackal⨕
|c| TheSacredJackal⨕|evil.
|
|t:|1781542766
|teamsize|p1|6
|teamsize|p2|6
|start
|switch|p1a: Gliscor|Gliscor, F, shiny|100/100
|switch|p2a: Glimmora|Glimmora, F|100/100
|turn|1
|
|t:|1781542776
|move|p1a: Gliscor|Protect|p1a: Gliscor
|-singleturn|p1a: Gliscor|Protect
|move|p2a: Glimmora|Stealth Rock|p1a: Gliscor
|-sidestart|p1: roxty|move: Stealth Rock
|
|-status|p1a: Gliscor|tox|[from] item: Toxic Orb
|upkeep
|turn|2
|
|t:|1781542779
|switch|p1a: Blissey|Blissey, F|100/100
|move|p2a: Glimmora|Power Gem|p1a: Blissey
|-damage|p1a: Blissey|88/100
|
|upkeep
|turn|3
|
|t:|1781542784
|switch|p1a: Gliscor|Gliscor, F, shiny|100/100 tox
|-damage|p1a: Gliscor|88/100 tox|[from] Stealth Rock
|move|p2a: Glimmora|Mortal Spin|p1a: Gliscor
|-resisted|p1a: Gliscor
|-damage|p1a: Gliscor|85/100 tox
|
|-heal|p1a: Gliscor|98/100 tox|[from] ability: Poison Heal
|upkeep
|turn|4
|
|t:|1781542788
|move|p2a: Glimmora|Power Gem|p1a: Gliscor
|-crit|p1a: Gliscor
|-damage|p1a: Gliscor|28/100 tox
|move|p1a: Gliscor|Knock Off|p2a: Glimmora
|-damage|p2a: Glimmora|76/100
|-activate|p2a: Glimmora|ability: Toxic Debris
|-sidestart|p1: roxty|move: Toxic Spikes
|-enditem|p2a: Glimmora|Focus Sash|[from] move: Knock Off|[of] p1a: Gliscor
|
|-heal|p1a: Gliscor|41/100 tox|[from] ability: Poison Heal
|upkeep
|turn|5
|
|t:|1781542791
|move|p1a: Gliscor|Protect|p1a: Gliscor
|-singleturn|p1a: Gliscor|Protect
|move|p2a: Glimmora|Power Gem|p1a: Gliscor
|-activate|p1a: Gliscor|move: Protect
|
|-heal|p1a: Gliscor|53/100 tox|[from] ability: Poison Heal
|upkeep
|turn|6
|
|t:|1781542798
|switch|p1a: Toxapex|Toxapex, F, shiny|100/100
|-sideend|p1: roxty|move: Toxic Spikes|[of] p1a: Toxapex
|move|p2a: Glimmora|Power Gem|p1a: Toxapex
|-damage|p1a: Toxapex|74/100
|
|upkeep
|turn|7
|
|t:|1781542802
|switch|p1a: Blissey|Blissey, F|88/100
|move|p2a: Glimmora|Earth Power|p1a: Blissey
|-damage|p1a: Blissey|78/100
|
|upkeep
|turn|8
|
|t:|1781542806
|move|p2a: Glimmora|Power Gem|p1a: Blissey
|-damage|p1a: Blissey|65/100
|move|p1a: Blissey|Seismic Toss|p2a: Glimmora
|-damage|p2a: Glimmora|44/100
|-activate|p2a: Glimmora|ability: Toxic Debris
|-sidestart|p1: roxty|move: Toxic Spikes
|
|upkeep
|turn|9
|
|t:|1781542811
|move|p2a: Glimmora|Power Gem|p1a: Blissey
|-damage|p1a: Blissey|53/100
|move|p1a: Blissey|Soft-Boiled|p1a: Blissey
|-heal|p1a: Blissey|100/100
|
|upkeep
|turn|10
|
|t:|1781542813
|move|p2a: Glimmora|Mortal Spin|p1a: Blissey
|-damage|p1a: Blissey|93/100
|-status|p1a: Blissey|psn
|move|p1a: Blissey|Seismic Toss|p2a: Glimmora
|-damage|p2a: Glimmora|11/100
|-activate|p2a: Glimmora|ability: Toxic Debris
|-sidestart|p1: roxty|move: Toxic Spikes
|
|-damage|p1a: Blissey|80/100 psn|[from] psn
|upkeep
|turn|11
|
|t:|1781542816
|-curestatus|p1a: Blissey|psn|[from] ability: Natural Cure|[silent]
|switch|p1a: Toxapex|Toxapex, F, shiny|100/100
|-sideend|p1: roxty|move: Toxic Spikes|[of] p1a: Toxapex
|move|p2a: Glimmora|Power Gem|p1a: Toxapex
|-damage|p1a: Toxapex|73/100
|
|upkeep
|turn|12
|
|t:|1781542821
|move|p2a: Glimmora|Earth Power|p1a: Toxapex
|-supereffective|p1a: Toxapex
|-crit|p1a: Toxapex
|-damage|p1a: Toxapex|13/100
|move|p1a: Toxapex|Infestation|p2a: Glimmora
|-resisted|p2a: Glimmora
|-damage|p2a: Glimmora|9/100
|-activate|p2a: Glimmora|move: Infestation|[of] p1a: Toxapex
|
|-damage|p2a: Glimmora|0 fnt|[from] move: Infestation|[partiallytrapped]
|faint|p2a: Glimmora
|upkeep
|
|t:|1781542836
|switch|p2a: Iron Moth|Iron Moth|100/100
|-enditem|p2a: Iron Moth|Booster Energy
|-activate|p2a: Iron Moth|ability: Quark Drive|[fromitem]
|-start|p2a: Iron Moth|quarkdrivespe
|turn|13
|
|t:|1781542839
|switch|p1a: Blissey|Blissey, F|80/100
|move|p2a: Iron Moth|Fiery Dance|p1a: Blissey
|-damage|p1a: Blissey|67/100
|-boost|p2a: Iron Moth|spa|1
|
|upkeep
|turn|14
|
|t:|1781542843
|move|p2a: Iron Moth|Fiery Dance|p1a: Blissey
|-damage|p1a: Blissey|49/100
|-boost|p2a: Iron Moth|spa|1
|move|p1a: Blissey|Calm Mind|p1a: Blissey
|-boost|p1a: Blissey|spa|1
|-boost|p1a: Blissey|spd|1
|
|upkeep
|turn|15
|
|t:|1781542845
|move|p2a: Iron Moth|Sludge Wave|p1a: Blissey
|-damage|p1a: Blissey|31/100
|move|p1a: Blissey|Soft-Boiled|p1a: Blissey
|-heal|p1a: Blissey|81/100
|
|upkeep
|turn|16
|
|t:|1781542848
|move|p2a: Iron Moth|Sludge Wave|p1a: Blissey
|-damage|p1a: Blissey|64/100
|-status|p1a: Blissey|psn
|move|p1a: Blissey|Calm Mind|p1a: Blissey
|-boost|p1a: Blissey|spa|1
|-boost|p1a: Blissey|spd|1
|
|-damage|p1a: Blissey|51/100 psn|[from] psn
|upkeep
|turn|17
|
|t:|1781542850
|move|p2a: Iron Moth|Sludge Wave|p1a: Blissey
|-damage|p1a: Blissey|36/100 psn
|move|p1a: Blissey|Soft-Boiled|p1a: Blissey
|-heal|p1a: Blissey|86/100 psn
|
|-damage|p1a: Blissey|74/100 psn|[from] psn
|upkeep
|turn|18
|
|t:|1781542852
|move|p2a: Iron Moth|Fiery Dance|p1a: Blissey
|-damage|p1a: Blissey|63/100 psn
|move|p1a: Blissey|Calm Mind|p1a: Blissey
|-boost|p1a: Blissey|spa|1
|-boost|p1a: Blissey|spd|1
|
|-damage|p1a: Blissey|50/100 psn|[from] psn
|upkeep
|turn|19
|
|t:|1781542853
|move|p2a: Iron Moth|Fiery Dance|p1a: Blissey
|-damage|p1a: Blissey|40/100 psn
|-boost|p2a: Iron Moth|spa|1
|move|p1a: Blissey|Soft-Boiled|p1a: Blissey
|-heal|p1a: Blissey|90/100 psn
|
|-damage|p1a: Blissey|78/100 psn|[from] psn
|upkeep
|turn|20
|
|t:|1781542855
|move|p2a: Iron Moth|Fiery Dance|p1a: Blissey
|-damage|p1a: Blissey|66/100 psn
|move|p1a: Blissey|Calm Mind|p1a: Blissey
|-boost|p1a: Blissey|spa|1
|-boost|p1a: Blissey|spd|1
|
|-damage|p1a: Blissey|54/100 psn|[from] psn
|upkeep
|turn|21
|
|t:|1781542858
|move|p2a: Iron Moth|Fiery Dance|p1a: Blissey
|-damage|p1a: Blissey|44/100 psn
|move|p1a: Blissey|Soft-Boiled|p1a: Blissey
|-heal|p1a: Blissey|94/100 psn
|
|-damage|p1a: Blissey|81/100 psn|[from] psn
|upkeep
|turn|22
|
|t:|1781542862
|move|p2a: Iron Moth|Fiery Dance|p1a: Blissey
|-damage|p1a: Blissey|70/100 psn
|move|p1a: Blissey|Shadow Ball|p2a: Iron Moth
|-damage|p2a: Iron Moth|53/100
|-unboost|p2a: Iron Moth|spd|1
|
|-damage|p1a: Blissey|58/100 psn|[from] psn
|upkeep
|turn|23
|
|t:|1781542867
|move|p2a: Iron Moth|Sludge Wave|p1a: Blissey
|-damage|p1a: Blissey|47/100 psn
|move|p1a: Blissey|Shadow Ball|p2a: Iron Moth
|-damage|p2a: Iron Moth|0 fnt
|faint|p2a: Iron Moth
|-end|p2a: Iron Moth|Quark Drive|[silent]
|
|-damage|p1a: Blissey|34/100 psn|[from] psn
|upkeep
|
|t:|1781542884
|switch|p2a: Iron Valiant|Iron Valiant|100/100
|-enditem|p2a: Iron Valiant|Booster Energy
|-activate|p2a: Iron Valiant|ability: Quark Drive|[fromitem]
|-start|p2a: Iron Valiant|quarkdrivespe
|turn|24
|
|t:|1781542901
|-curestatus|p1a: Blissey|psn|[from] ability: Natural Cure|[silent]
|switch|p1a: Clefable|Clefable, F|100/100
|move|p2a: Iron Valiant|Swords Dance|p2a: Iron Valiant
|-boost|p2a: Iron Valiant|atk|2
|
|upkeep
|turn|25
|
|t:|1781542904
|move|p2a: Iron Valiant|Spirit Break|p1a: Clefable
|-damage|p1a: Clefable|38/100
|-unboost|p1a: Clefable|spa|1
|move|p1a: Clefable|Stealth Rock|p2a: Iron Valiant
|-sidestart|p2: raichussuperfan|move: Stealth Rock
|
|-damage|p2a: Iron Valiant|88/100|[from] item: Sticky Barb
|upkeep
|turn|26
|
|t:|1781542910
|move|p2a: Iron Valiant|Spirit Break|p1a: Clefable
|-damage|p1a: Clefable|0 fnt
|faint|p1a: Clefable
|
|-damage|p2a: Iron Valiant|76/100|[from] item: Sticky Barb
|upkeep
|
|t:|1781542912
|switch|p1a: Toxapex|Toxapex, F, shiny|46/100
|turn|27
|
|t:|1781542917
|switch|p1a: Dondozo|Dondozo, F, shiny|100/100
|move|p2a: Iron Valiant|Swords Dance|p2a: Iron Valiant
|-boost|p2a: Iron Valiant|atk|2
|
|-damage|p2a: Iron Valiant|63/100|[from] item: Sticky Barb
|upkeep
|turn|28
|c|☆raichussuperfan|ohh your that team
|c| TheSacredJackal⨕|??? sticky barb + spirit break valiant?
|c|☆raichussuperfan|youre
|
|t:|1781542940
|move|p2a: Iron Valiant|Knock Off|p1a: Dondozo
|-damage|p1a: Dondozo|85/100
|-enditem|p1a: Dondozo|Heavy-Duty Boots|[from] move: Knock Off|[of] p2a: Iron Valiant
|move|p1a: Dondozo|Rest|p1a: Dondozo
|-status|p1a: Dondozo|slp|[from] move: Rest
|-heal|p1a: Dondozo|100/100 slp|[silent]
|
|-damage|p2a: Iron Valiant|51/100|[from] item: Sticky Barb
|upkeep
|turn|29
|c|☆raichussuperfan|i was given sticky barb by the clef
|c|☆raichussuperfan|it has magic guard so it wasn’t hurt
|c| TheSacredJackal⨕|OH got it
|
|t:|1781542951
|move|p2a: Iron Valiant|Spirit Break|p1a: Dondozo
|-damage|p1a: Dondozo|84/100 slp
|-unboost|p1a: Dondozo|spa|1
|cant|p1a: Dondozo|slp
|
|-damage|p2a: Iron Valiant|38/100|[from] item: Sticky Barb
|upkeep
|turn|30
|
|t:|1781542954
|move|p2a: Iron Valiant|Spirit Break|p1a: Dondozo
|-damage|p1a: Dondozo|65/100 slp
|-unboost|p1a: Dondozo|spa|1
|cant|p1a: Dondozo|slp
|
|-damage|p2a: Iron Valiant|26/100|[from] item: Sticky Barb
|upkeep
|turn|31
|
|t:|1781542957
|move|p2a: Iron Valiant|Close Combat|p1a: Dondozo
|-damage|p1a: Dondozo|35/100 slp
|-unboost|p2a: Iron Valiant|def|1
|-unboost|p2a: Iron Valiant|spd|1
|-curestatus|p1a: Dondozo|slp|[msg]
|move|p1a: Dondozo|Rest|p1a: Dondozo
|-status|p1a: Dondozo|slp|[from] move: Rest
|-heal|p1a: Dondozo|100/100 slp|[silent]
|
|-damage|p2a: Iron Valiant|13/100|[from] item: Sticky Barb
|upkeep
|turn|32
|
|t:|1781542960
|move|p2a: Iron Valiant|Close Combat|p1a: Dondozo
|-damage|p1a: Dondozo|71/100 slp
|-unboost|p2a: Iron Valiant|def|1
|-unboost|p2a: Iron Valiant|spd|1
|cant|p1a: Dondozo|slp
|
|-damage|p2a: Iron Valiant|1/100|[from] item: Sticky Barb
|upkeep
|turn|33
|c| TheSacredJackal⨕|but whats the usecase of spirit break over play rough
|
|t:|1781542967
|move|p2a: Iron Valiant|Close Combat|p1a: Dondozo
|-damage|p1a: Dondozo|41/100 slp
|-unboost|p2a: Iron Valiant|def|1
|-unboost|p2a: Iron Valiant|spd|1
|cant|p1a: Dondozo|slp
|
|-damage|p2a: Iron Valiant|0 fnt|[from] item: Sticky Barb
|faint|p2a: Iron Valiant
|-end|p2a: Iron Valiant|Quark Drive|[silent]
|upkeep
|
|t:|1781542969
|switch|p2a: Cresselia|Cresselia, F|100/100
|-damage|p2a: Cresselia|88/100|[from] Stealth Rock
|turn|34
|
|t:|1781542973
|-terastallize|p2a: Cresselia|Poison
|move|p2a: Cresselia|Calm Mind|p2a: Cresselia
|-boost|p2a: Cresselia|spa|1
|-boost|p2a: Cresselia|spd|1
|-curestatus|p1a: Dondozo|slp|[msg]
|move|p1a: Dondozo|Rest|p1a: Dondozo
|-status|p1a: Dondozo|slp|[from] move: Rest
|-heal|p1a: Dondozo|100/100 slp|[silent]
|
|upkeep
|turn|35
|
|t:|1781542976
|switch|p1a: Toxapex|Toxapex, F, shiny|79/100
|move|p2a: Cresselia|Calm Mind|p2a: Cresselia
|-boost|p2a: Cresselia|spa|1
|-boost|p2a: Cresselia|spd|1
|
|upkeep
|turn|36
|c| TheSacredJackal⨕|oh wait val doesnt get it mb
|l| TheSacredJackal⨕
|c|☆raichussuperfan|you’re good
|inactive|roxty has 120 seconds left.
|
|t:|1781543009
|move|p2a: Cresselia|Stored Power|p1a: Toxapex
|-supereffective|p1a: Toxapex
|-damage|p1a: Toxapex|8/100
|move|p1a: Toxapex|Haze|p1a: Toxapex
|-clearallboost
|
|upkeep
|turn|37
|inactive|raichussuperfan has 120 seconds left.
|l|☆raichussuperfan
|inactive|raichussuperfan disconnected and has a minute to reconnect!
|player|p2|
|inactive|raichussuperfan has 30 seconds to reconnect!
|inactive|raichussuperfan has 20 seconds to reconnect!
|inactive|raichussuperfan has 15 seconds to reconnect!
|inactive|raichussuperfan has 10 seconds to reconnect!
|inactive|raichussuperfan has 5 seconds to reconnect!
|-message|raichussuperfan lost due to inactivity.
|
|win|roxty
|raw|roxty's rating: 1686 &rarr; <strong>1705</strong><br />(+19 for winning)
|raw|raichussuperfan's rating: 1661 &rarr; <strong>1642</strong><br />(-19 for losing)
|l|‽roxty
|player|p1|
