|j|☆Kloakri
|j|☆Floundso
|t:|1781002440
|gametype|singles
|player|p1|Kloakri|az|1669
|player|p2|Floundso|giovanni|1636
|gen|9
|tier|[Gen 9] OU
|rated|
|rule|HP Percentage Mod: HP is shown in percentages
|rule|Endless Battle Clause: Forcing endless battles is banned
|rule|Species Clause: Limit one of each Pokémon
|rule|OHKO Clause: OHKO moves are banned
|rule|Evasion Items Clause: Evasion items are banned
|rule|Evasion Moves Clause: Evasion moves are banned
|rule|Evasion Abilities Clause: Evasion abilities are banned
|rule|Sleep Moves Clause: Sleep-inducing moves are banned
|clearpoke
|poke|p1|Ribombee, M|
|poke|p1|Gholdengo|
|poke|p1|Great Tusk|
|poke|p1|Raging Bolt|
|poke|p1|Ogerpon-Cornerstone, F|
|poke|p1|Ceruledge, F|
|poke|p2|Kyurem|
|poke|p2|Kingambit, M|
|poke|p2|Great Tusk|
|poke|p2|Cinderace, M|
|poke|p2|Slowking-Galar, M|
|poke|p2|Enamorus-Therian, F|
|teampreview
|inactive|Battle timer is ON: inactive players will automatically lose when time's up. (requested by Kloakri)
|
|t:|1781002461
|teamsize|p1|6
|teamsize|p2|6
|start
|switch|p1a: NEW DROP|Ribombee, M, shiny|100/100
|switch|p2a: Slowking|Slowking-Galar, M, shiny|100/100
|turn|1
|
|t:|1781002464
|move|p1a: NEW DROP|Sticky Web|p2a: Slowking
|-sidestart|p2: Floundso|move: Sticky Web
|move|p2a: Slowking|Sludge Bomb|p1a: NEW DROP
|-supereffective|p1a: NEW DROP
|-enditem|p1a: NEW DROP|Focus Sash
|-damage|p1a: NEW DROP|1/100
|
|upkeep
|turn|2
|
|t:|1781002473
|move|p1a: NEW DROP|Psychic Noise|p2a: Slowking
|-damage|p2a: Slowking|89/100
|-start|p2a: Slowking|move: Heal Block
|move|p2a: Slowking|Sludge Bomb|p1a: NEW DROP
|-supereffective|p1a: NEW DROP
|-damage|p1a: NEW DROP|0 fnt
|faint|p1a: NEW DROP
|
|upkeep
|
|t:|1781002482
|switch|p1a: BANDIT|Great Tusk, shiny|100/100
|-enditem|p1a: BANDIT|Booster Energy
|-activate|p1a: BANDIT|ability: Protosynthesis|[fromitem]
|-start|p1a: BANDIT|protosynthesisatk
|turn|3
|
|t:|1781002489
|switch|p2a: Enamorus|Enamorus-Therian, F|100/100
|move|p1a: BANDIT|Rapid Spin|p2a: Enamorus
|-damage|p2a: Enamorus|85/100
|-boost|p1a: BANDIT|spe|1
|
|-heal|p2a: Enamorus|91/100|[from] item: Leftovers
|upkeep
|turn|4
|
|t:|1781002518
|-terastallize|p1a: BANDIT|Ice
|move|p1a: BANDIT|Ice Spinner|p2a: Enamorus
|-supereffective|p2a: Enamorus
|-damage|p2a: Enamorus|19/100
|move|p2a: Enamorus|Draining Kiss|p1a: BANDIT
|-damage|p1a: BANDIT|69/100
|-heal|p2a: Enamorus|44/100|[from] drain|[of] p1a: BANDIT
|
|-heal|p2a: Enamorus|50/100|[from] item: Leftovers
|upkeep
|turn|5
|
|t:|1781002539
|-terastallize|p2a: Enamorus|Poison
|move|p1a: BANDIT|Ice Spinner|p2a: Enamorus
|-damage|p2a: Enamorus|11/100
|move|p2a: Enamorus|Draining Kiss|p1a: BANDIT
|-damage|p1a: BANDIT|35/100
|-heal|p2a: Enamorus|38/100|[from] drain|[of] p1a: BANDIT
|
|-heal|p2a: Enamorus|44/100|[from] item: Leftovers
|upkeep
|turn|6
|
|t:|1781002546
|switch|p2a: Kingambit|Kingambit, M, shiny|100/100
|-item|p2a: Kingambit|Air Balloon
|move|p1a: BANDIT|Headlong Rush|p2a: Kingambit
|-immune|p2a: Kingambit
|
|upkeep
|turn|7
|
|t:|1781002549
|move|p2a: Kingambit|Sucker Punch|p1a: BANDIT
|-damage|p1a: BANDIT|7/100
|move|p1a: BANDIT|Close Combat|p2a: Kingambit
|-supereffective|p2a: Kingambit
|-damage|p2a: Kingambit|0 fnt
|-unboost|p1a: BANDIT|def|1
|-unboost|p1a: BANDIT|spd|1
|-enditem|p2a: Kingambit|Air Balloon
|faint|p2a: Kingambit
|-end|p2a: Kingambit|fallenundefined|[silent]
|
|upkeep
|
|t:|1781002559
|switch|p2a: Cinderace|Cinderace, M, shiny|100/100
|turn|8
|
|t:|1781002563
|move|p2a: Cinderace|Sucker Punch|p1a: BANDIT
|-start|p2a: Cinderace|typechange|Dark|[from] ability: Libero
|-damage|p1a: BANDIT|0 fnt
|faint|p1a: BANDIT
|-end|p1a: BANDIT|Protosynthesis|[silent]
|
|upkeep
|
|t:|1781002572
|switch|p1a: TORE UP|Ceruledge, F, shiny|100/100
|turn|9
|
|t:|1781002580
|move|p2a: Cinderace|Pyro Ball|p1a: TORE UP|[miss]
|-miss|p2a: Cinderace|p1a: TORE UP
|move|p1a: TORE UP|Swords Dance|p1a: TORE UP
|-boost|p1a: TORE UP|atk|2
|
|upkeep
|turn|10
|
|t:|1781002586
|move|p2a: Cinderace|U-turn|p1a: TORE UP
|-resisted|p1a: TORE UP
|-damage|p1a: TORE UP|92/100
|-ability|p1a: TORE UP|Weak Armor|boost
|-unboost|p1a: TORE UP|def|1
|-boost|p1a: TORE UP|spe|2
|
|t:|1781002588
|switch|p2a: Enamorus|Enamorus-Therian, F, tera:Poison|44/100|[from] U-turn
|-activate|p2a: Enamorus|move: Sticky Web
|-unboost|p2a: Enamorus|spe|1
|move|p1a: TORE UP|Swords Dance|p1a: TORE UP
|-boost|p1a: TORE UP|atk|2
|
|-heal|p2a: Enamorus|50/100|[from] item: Leftovers
|upkeep
|turn|11
|
|t:|1781002593
|move|p1a: TORE UP|Bitter Blade|p2a: Enamorus
|-damage|p2a: Enamorus|0 fnt
|-heal|p1a: TORE UP|100/100|[from] drain|[of] p2a: Enamorus
|faint|p2a: Enamorus
|
|upkeep
|
|t:|1781002597
|switch|p2a: Cinderace|Cinderace, M, shiny|100/100
|turn|12
|inactive|Kloakri has 120 seconds left.
|
|t:|1781002628
|move|p1a: TORE UP|Swords Dance|p1a: TORE UP
|-boost|p1a: TORE UP|atk|2
|move|p2a: Cinderace|Pyro Ball|p1a: TORE UP
|-resisted|p1a: TORE UP
|-damage|p1a: TORE UP|35/100
|-ability|p1a: TORE UP|Weak Armor|boost
|-unboost|p1a: TORE UP|def|1
|-boost|p1a: TORE UP|spe|2
|
|upkeep
|turn|13
|
|t:|1781002640
|move|p1a: TORE UP|Shadow Sneak|p2a: Cinderace
|-damage|p2a: Cinderace|0 fnt
|faint|p2a: Cinderace
|
|upkeep
|
|t:|1781002644
|switch|p2a: Great Tusk|Great Tusk, shiny|100/100
|-activate|p2a: Great Tusk|move: Sticky Web
|-unboost|p2a: Great Tusk|spe|1
|turn|14
|-message|Floundso forfeited.
|
|win|Kloakri
|raw|Kloakri's rating: 1669 &rarr; <strong>1687</strong><br />(+18 for winning)
|raw|Floundso's rating: 1636 &rarr; <strong>1618</strong><br />(-18 for losing)
|l|☆Floundso
|player|p2|
|l|☆Kloakri
|player|p1|
