|j|☆blackgokuking
|j|☆kadu99
|t:|1781059680
|gametype|singles
|player|p1|blackgokuking|169|1564
|player|p2|kadu99|policeman-gen4|1565
|gen|9
|tier|[Gen 9] OU
|rated|
|rule|HP Percentage Mod: HP is shown in percentages
|rule|Endless Battle Clause: Forcing endless battles is banned
|rule|Species Clause: Limit one of each Pokémon
|rule|OHKO Clause: OHKO moves are banned
|rule|Evasion Items Clause: Evasion items are banned
|rule|Evasion Moves Clause: Evasion moves are banned
|rule|Evasion Abilities Clause: Evasion abilities are banned
|rule|Sleep Moves Clause: Sleep-inducing moves are banned
|clearpoke
|poke|p1|Kingambit, F|
|poke|p1|Kommo-o, M|
|poke|p1|Iron Valiant|
|poke|p1|Kyurem|
|poke|p1|Iron Treads|
|poke|p1|Iron Crown|
|poke|p2|Cinderace, F|
|poke|p2|Ting-Lu|
|poke|p2|Garganacl, M|
|poke|p2|Weezing-Galar, F|
|poke|p2|Alomomola, M|
|poke|p2|Kyurem|
|teampreview
|inactive|Battle timer is ON: inactive players will automatically lose when time's up. (requested by kadu99)
|
|t:|1781059715
|teamsize|p1|6
|teamsize|p2|6
|start
|switch|p1a: Kyurem|Kyurem|100/100
|switch|p2a: Cinderace|Cinderace, F|100/100
|-ability|p1a: Kyurem|Pressure
|turn|1
|
|t:|1781059718
|move|p2a: Cinderace|U-turn|p1a: Kyurem
|-start|p2a: Cinderace|typechange|Bug|[from] ability: Libero
|-damage|p1a: Kyurem|65/100
|
|t:|1781059723
|switch|p2a: Ting-Lu|Ting-Lu, shiny|100/100|[from] U-turn
|-ability|p2a: Ting-Lu|Vessel of Ruin
|move|p1a: Kyurem|Dragon Dance|p1a: Kyurem
|-boost|p1a: Kyurem|atk|1
|-boost|p1a: Kyurem|spe|1
|
|upkeep
|turn|2
|
|t:|1781059731
|move|p1a: Kyurem|Icicle Spear|p2a: Ting-Lu
|-supereffective|p2a: Ting-Lu
|-damage|p2a: Ting-Lu|78/100
|-supereffective|p2a: Ting-Lu
|-damage|p2a: Ting-Lu|57/100
|-supereffective|p2a: Ting-Lu
|-damage|p2a: Ting-Lu|37/100
|-supereffective|p2a: Ting-Lu
|-damage|p2a: Ting-Lu|16/100
|-supereffective|p2a: Ting-Lu
|-damage|p2a: Ting-Lu|0 fnt
|faint|p2a: Ting-Lu
|-hitcount|p2: Ting-Lu|5
|
|upkeep
|
|t:|1781059738
|switch|p2a: Garganacl|Garganacl, M|100/100
|turn|3
|
|t:|1781059743
|move|p1a: Kyurem|Icicle Spear|p2a: Garganacl
|-damage|p2a: Garganacl|88/100
|-damage|p2a: Garganacl|75/100
|-damage|p2a: Garganacl|63/100
|-damage|p2a: Garganacl|50/100
|-hitcount|p2a: Garganacl|4
|move|p2a: Garganacl|Salt Cure|p1a: Kyurem
|-supereffective|p1a: Kyurem
|-damage|p1a: Kyurem|38/100
|-start|p1a: Kyurem|Salt Cure
|
|-heal|p2a: Garganacl|56/100|[from] item: Leftovers
|-damage|p1a: Kyurem|25/100|[from] Salt Cure
|upkeep
|turn|4
|
|t:|1781059751
|move|p2a: Garganacl|Protect|p2a: Garganacl
|-singleturn|p2a: Garganacl|Protect
|move|p1a: Kyurem|Icicle Spear|p2a: Garganacl
|-activate|p2a: Garganacl|move: Protect
|
|-heal|p2a: Garganacl|62/100|[from] item: Leftovers
|-damage|p1a: Kyurem|13/100|[from] Salt Cure
|upkeep
|turn|5
|
|t:|1781059755
|move|p1a: Kyurem|Scale Shot|p2a: Garganacl
|-damage|p2a: Garganacl|50/100
|-damage|p2a: Garganacl|37/100
|-damage|p2a: Garganacl|26/100
|-damage|p2a: Garganacl|14/100
|-hitcount|p2a: Garganacl|4
|-unboost|p1a: Kyurem|def|1
|-boost|p1a: Kyurem|spe|1
|move|p2a: Garganacl|Recover|p2a: Garganacl
|-heal|p2a: Garganacl|64/100
|
|-heal|p2a: Garganacl|70/100|[from] item: Leftovers
|-damage|p1a: Kyurem|1/100|[from] Salt Cure
|upkeep
|turn|6
|
|t:|1781059766
|move|p2a: Garganacl|Protect|p2a: Garganacl
|-singleturn|p2a: Garganacl|Protect
|move|p1a: Kyurem|Earth Power|p2a: Garganacl
|-activate|p2a: Garganacl|move: Protect
|
|-heal|p2a: Garganacl|76/100|[from] item: Leftovers
|-damage|p1a: Kyurem|0 fnt|[from] Salt Cure
|faint|p1a: Kyurem
|upkeep
|
|t:|1781059772
|switch|p1a: Kommo-o|Kommo-o, M|100/100
|turn|7
|
|t:|1781059781
|switch|p1a: Iron Treads|Iron Treads|100/100
|-enditem|p1a: Iron Treads|Booster Energy
|-activate|p1a: Iron Treads|ability: Quark Drive|[fromitem]
|-start|p1a: Iron Treads|quarkdrivespe
|move|p2a: Garganacl|Salt Cure|p1a: Iron Treads
|-resisted|p1a: Iron Treads
|-damage|p1a: Iron Treads|98/100
|-start|p1a: Iron Treads|Salt Cure
|
|-heal|p2a: Garganacl|82/100|[from] item: Leftovers
|-damage|p1a: Iron Treads|73/100|[from] Salt Cure
|upkeep
|turn|8
|
|t:|1781059791
|move|p2a: Garganacl|Protect|p2a: Garganacl
|-singleturn|p2a: Garganacl|Protect
|move|p1a: Iron Treads|Earthquake|p2a: Garganacl
|-activate|p2a: Garganacl|move: Protect
|
|-heal|p2a: Garganacl|89/100|[from] item: Leftovers
|-damage|p1a: Iron Treads|48/100|[from] Salt Cure
|upkeep
|turn|9
|
|t:|1781059808
|move|p1a: Iron Treads|Earthquake|p2a: Garganacl
|-supereffective|p2a: Garganacl
|-damage|p2a: Garganacl|38/100
|move|p2a: Garganacl|Recover|p2a: Garganacl
|-heal|p2a: Garganacl|88/100
|
|-heal|p2a: Garganacl|94/100|[from] item: Leftovers
|-damage|p1a: Iron Treads|23/100|[from] Salt Cure
|upkeep
|turn|10
|
|t:|1781059817
|move|p2a: Garganacl|Protect|p2a: Garganacl
|-singleturn|p2a: Garganacl|Protect
|move|p1a: Iron Treads|Endeavor|p2a: Garganacl
|-activate|p2a: Garganacl|move: Protect
|
|-heal|p2a: Garganacl|99/100|[from] item: Leftovers
|-damage|p1a: Iron Treads|0 fnt|[from] Salt Cure
|faint|p1a: Iron Treads
|-end|p1a: Iron Treads|Quark Drive|[silent]
|upkeep
|
|t:|1781059822
|switch|p1a: Kommo-o|Kommo-o, M|100/100
|turn|11
|
|t:|1781059824
|move|p1a: Kommo-o|Substitute|p1a: Kommo-o
|-start|p1a: Kommo-o|Substitute
|-damage|p1a: Kommo-o|75/100
|move|p2a: Garganacl|Salt Cure|p1a: Kommo-o
|-resisted|p1a: Kommo-o
|-activate|p1a: Kommo-o|move: Substitute|[damage]
|
|-heal|p1a: Kommo-o|82/100|[from] item: Leftovers
|-heal|p2a: Garganacl|100/100|[from] item: Leftovers
|upkeep
|turn|12
|inactive|kadu99 has 120 seconds left.
|
|t:|1781059857
|switch|p2a: Kyurem|Kyurem, shiny|100/100
|-ability|p2a: Kyurem|Pressure
|move|p1a: Kommo-o|Clangorous Soul|p1a: Kommo-o
|-boost|p1a: Kommo-o|atk|1
|-boost|p1a: Kommo-o|def|1
|-boost|p1a: Kommo-o|spa|1
|-boost|p1a: Kommo-o|spd|1
|-boost|p1a: Kommo-o|spe|1
|-damage|p1a: Kommo-o|49/100
|
|-heal|p1a: Kommo-o|55/100|[from] item: Leftovers
|upkeep
|turn|13
|
|t:|1781059862
|move|p1a: Kommo-o|Drain Punch|p2a: Kyurem
|-supereffective|p2a: Kyurem
|-damage|p2a: Kyurem|24/100
|-heal|p1a: Kommo-o|99/100|[from] drain|[of] p2a: Kyurem
|move|p2a: Kyurem|Freeze-Dry|p1a: Kommo-o
|-supereffective|p1a: Kommo-o
|-end|p1a: Kommo-o|Substitute
|
|-heal|p1a: Kommo-o|100/100|[from] item: Leftovers
|-heal|p2a: Kyurem|30/100|[from] item: Leftovers
|upkeep
|turn|14
|
|t:|1781059871
|switch|p2a: Alomomola|Alomomola, M, shiny|100/100
|move|p1a: Kommo-o|Substitute|p1a: Kommo-o
|-start|p1a: Kommo-o|Substitute
|-damage|p1a: Kommo-o|75/100
|
|-heal|p1a: Kommo-o|82/100|[from] item: Leftovers
|upkeep
|turn|15
|
|t:|1781059875
|move|p1a: Kommo-o|Clangorous Soul|p1a: Kommo-o
|-boost|p1a: Kommo-o|atk|1
|-boost|p1a: Kommo-o|def|1
|-boost|p1a: Kommo-o|spa|1
|-boost|p1a: Kommo-o|spd|1
|-boost|p1a: Kommo-o|spe|1
|-damage|p1a: Kommo-o|49/100
|move|p2a: Alomomola|Wish|p2a: Alomomola
|
|-heal|p1a: Kommo-o|55/100|[from] item: Leftovers
|upkeep
|turn|16
|
|t:|1781059887
|move|p1a: Kommo-o|Drain Punch|p2a: Alomomola
|-damage|p2a: Alomomola|71/100
|-heal|p1a: Kommo-o|78/100|[from] drain|[of] p2a: Alomomola
|-damage|p1a: Kommo-o|61/100|[from] item: Rocky Helmet|[of] p2a: Alomomola
|move|p2a: Alomomola|Flip Turn|p1a: Kommo-o
|-resisted|p1a: Kommo-o
|-activate|p1a: Kommo-o|move: Substitute|[damage]
|
|t:|1781059892
|switch|p2a: Kyurem|Kyurem, shiny|30/100|[from] Flip Turn
|-ability|p2a: Kyurem|Pressure
|
|-heal|p2a: Kyurem|97/100|[from] move: Wish|[wisher] Alomomola
|-heal|p1a: Kommo-o|68/100|[from] item: Leftovers
|-heal|p2a: Kyurem|100/100|[from] item: Leftovers
|upkeep
|turn|17
|
|t:|1781059903
|move|p2a: Kyurem|Protect|p2a: Kyurem
|-singleturn|p2a: Kyurem|Protect
|move|p1a: Kommo-o|Drain Punch|p2a: Kyurem
|-activate|p2a: Kyurem|move: Protect
|
|-heal|p1a: Kommo-o|74/100|[from] item: Leftovers
|upkeep
|turn|18
|
|t:|1781059906
|switch|p2a: Alomomola|Alomomola, M, shiny|100/100
|move|p1a: Kommo-o|Clangorous Soul|p1a: Kommo-o
|-boost|p1a: Kommo-o|atk|1
|-boost|p1a: Kommo-o|def|1
|-boost|p1a: Kommo-o|spa|1
|-boost|p1a: Kommo-o|spd|1
|-boost|p1a: Kommo-o|spe|1
|-damage|p1a: Kommo-o|41/100
|
|-heal|p1a: Kommo-o|47/100|[from] item: Leftovers
|upkeep
|turn|19
|
|t:|1781059911
|move|p1a: Kommo-o|Drain Punch|p2a: Alomomola
|-damage|p2a: Alomomola|62/100
|-heal|p1a: Kommo-o|77/100|[from] drain|[of] p2a: Alomomola
|-damage|p1a: Kommo-o|60/100|[from] item: Rocky Helmet|[of] p2a: Alomomola
|move|p2a: Alomomola|Wish|p2a: Alomomola
|
|-heal|p1a: Kommo-o|66/100|[from] item: Leftovers
|upkeep
|turn|20
|
|t:|1781059926
|move|p2a: Alomomola|Protect|p2a: Alomomola
|-singleturn|p2a: Alomomola|Protect
|move|p1a: Kommo-o|Drain Punch|p2a: Alomomola
|-activate|p2a: Alomomola|move: Protect
|
|-heal|p2a: Alomomola|100/100|[from] move: Wish|[wisher] Alomomola
|-heal|p1a: Kommo-o|73/100|[from] item: Leftovers
|upkeep
|turn|21
|
|t:|1781059940
|-terastallize|p2a: Alomomola|Ghost
|move|p1a: Kommo-o|Clangorous Soul|p1a: Kommo-o
|-boost|p1a: Kommo-o|atk|1
|-boost|p1a: Kommo-o|def|1
|-boost|p1a: Kommo-o|spa|1
|-boost|p1a: Kommo-o|spd|1
|-boost|p1a: Kommo-o|spe|1
|-damage|p1a: Kommo-o|40/100
|move|p2a: Alomomola|Wish|p2a: Alomomola
|
|-heal|p1a: Kommo-o|46/100|[from] item: Leftovers
|upkeep
|turn|22
|
|t:|1781059950
|move|p1a: Kommo-o|Shadow Claw|p2a: Alomomola
|-supereffective|p2a: Alomomola
|-damage|p2a: Alomomola|39/100
|-damage|p1a: Kommo-o|29/100|[from] item: Rocky Helmet|[of] p2a: Alomomola
|move|p2a: Alomomola|Flip Turn|p1a: Kommo-o
|-resisted|p1a: Kommo-o
|-activate|p1a: Kommo-o|move: Substitute|[damage]
|j| isaac_gam3r
|
|t:|1781059962
|switch|p2a: Weezing|Weezing-Galar, F|100/100|[from] Flip Turn
|-ability|p2a: Weezing|Neutralizing Gas
|
|-heal|p1a: Kommo-o|36/100|[from] item: Leftovers
|upkeep
|turn|23
|
|t:|1781059977
|-end|p2a: Weezing|ability: Neutralizing Gas
|switch|p2a: Alomomola|Alomomola, M, shiny, tera:Ghost|73/100
|move|p1a: Kommo-o|Shadow Claw|p2a: Alomomola
|-supereffective|p2a: Alomomola
|-damage|p2a: Alomomola|14/100
|-damage|p1a: Kommo-o|19/100|[from] item: Rocky Helmet|[of] p2a: Alomomola
|
|-heal|p1a: Kommo-o|25/100|[from] item: Leftovers
|upkeep
|turn|24
|
|t:|1781059986
|switch|p2a: Weezing|Weezing-Galar, F|100/100
|-ability|p2a: Weezing|Neutralizing Gas
|move|p1a: Kommo-o|Shadow Claw|p2a: Weezing
|-damage|p2a: Weezing|69/100
|
|-heal|p1a: Kommo-o|32/100|[from] item: Leftovers
|-heal|p2a: Weezing|75/100|[from] item: Leftovers
|upkeep
|turn|25
|
|t:|1781059995
|move|p1a: Kommo-o|Shadow Claw|p2a: Weezing
|-damage|p2a: Weezing|43/100
|move|p2a: Weezing|Sludge Bomb|p1a: Kommo-o
|-activate|p1a: Kommo-o|move: Substitute|[damage]
|
|-heal|p1a: Kommo-o|38/100|[from] item: Leftovers
|-heal|p2a: Weezing|49/100|[from] item: Leftovers
|upkeep
|turn|26
|
|t:|1781060001
|move|p2a: Weezing|Protect|p2a: Weezing
|-singleturn|p2a: Weezing|Protect
|move|p1a: Kommo-o|Shadow Claw|p2a: Weezing
|-activate|p2a: Weezing|move: Protect
|
|-heal|p1a: Kommo-o|44/100|[from] item: Leftovers
|-heal|p2a: Weezing|55/100|[from] item: Leftovers
|upkeep
|turn|27
|
|t:|1781060004
|move|p1a: Kommo-o|Shadow Claw|p2a: Weezing
|-damage|p2a: Weezing|18/100
|move|p2a: Weezing|Sludge Bomb|p1a: Kommo-o
|-activate|p1a: Kommo-o|move: Substitute|[damage]
|
|-heal|p1a: Kommo-o|50/100|[from] item: Leftovers
|-heal|p2a: Weezing|24/100|[from] item: Leftovers
|upkeep
|turn|28
|
|t:|1781060009
|move|p1a: Kommo-o|Shadow Claw|p2a: Weezing
|-damage|p2a: Weezing|0 fnt
|faint|p2a: Weezing
|-end|p2a: Weezing|ability: Neutralizing Gas
|
|-heal|p1a: Kommo-o|57/100|[from] item: Leftovers
|upkeep
|l| isaac_gam3r
|
|t:|1781060014
|switch|p2a: Kyurem|Kyurem, shiny|100/100
|-ability|p2a: Kyurem|Pressure
|turn|29
|
|t:|1781060016
|switch|p2a: Alomomola|Alomomola, M, shiny, tera:Ghost|48/100
|move|p1a: Kommo-o|Drain Punch|p2a: Alomomola
|-immune|p2a: Alomomola
|
|-heal|p1a: Kommo-o|63/100|[from] item: Leftovers
|upkeep
|turn|30
|
|t:|1781060021
|switch|p2a: Kyurem|Kyurem, shiny|100/100
|-ability|p2a: Kyurem|Pressure
|move|p1a: Kommo-o|Shadow Claw|p2a: Kyurem
|-damage|p2a: Kyurem|51/100
|
|-heal|p1a: Kommo-o|69/100|[from] item: Leftovers
|-heal|p2a: Kyurem|57/100|[from] item: Leftovers
|upkeep
|turn|31
|
|t:|1781060030
|move|p2a: Kyurem|Protect|p2a: Kyurem
|-singleturn|p2a: Kyurem|Protect
|move|p1a: Kommo-o|Clangorous Soul|p1a: Kommo-o
|-boost|p1a: Kommo-o|atk|1
|-boost|p1a: Kommo-o|def|1
|-boost|p1a: Kommo-o|spa|1
|-boost|p1a: Kommo-o|spd|1
|-boost|p1a: Kommo-o|spe|1
|-damage|p1a: Kommo-o|36/100
|
|-heal|p1a: Kommo-o|43/100|[from] item: Leftovers
|-heal|p2a: Kyurem|63/100|[from] item: Leftovers
|upkeep
|turn|32
|
|t:|1781060037
|switch|p2a: Alomomola|Alomomola, M, shiny, tera:Ghost|81/100
|move|p1a: Kommo-o|Shadow Claw|p2a: Alomomola
|-supereffective|p2a: Alomomola
|-damage|p2a: Alomomola|18/100
|-damage|p1a: Kommo-o|26/100|[from] item: Rocky Helmet|[of] p2a: Alomomola
|
|-heal|p1a: Kommo-o|32/100|[from] item: Leftovers
|upkeep
|turn|33
|
|t:|1781060042
|switch|p2a: Kyurem|Kyurem, shiny|63/100
|-ability|p2a: Kyurem|Pressure
|move|p1a: Kommo-o|Drain Punch|p2a: Kyurem
|-supereffective|p2a: Kyurem
|-damage|p2a: Kyurem|0 fnt
|-heal|p1a: Kommo-o|68/100|[from] drain|[of] p2a: Kyurem
|faint|p2a: Kyurem
|
|-heal|p1a: Kommo-o|75/100|[from] item: Leftovers
|upkeep
|-message|kadu99 forfeited.
|
|win|blackgokuking
|raw|blackgokuking's rating: 1564 &rarr; <strong>1584</strong><br />(+20 for winning)
|raw|kadu99's rating: 1565 &rarr; <strong>1545</strong><br />(-20 for losing)
|l|☆kadu99
|player|p2|
