|j|☆fivetomatoes
|j|☆Capidaxter
|t:|1781035242
|gametype|singles
|player|p1|fivetomatoes|101|1668
|player|p2|Capidaxter|ethan|1761
|gen|9
|tier|[Gen 9] OU
|rated|
|rule|HP Percentage Mod: HP is shown in percentages
|rule|Endless Battle Clause: Forcing endless battles is banned
|rule|Species Clause: Limit one of each Pokémon
|rule|OHKO Clause: OHKO moves are banned
|rule|Evasion Items Clause: Evasion items are banned
|rule|Evasion Moves Clause: Evasion moves are banned
|rule|Evasion Abilities Clause: Evasion abilities are banned
|rule|Sleep Moves Clause: Sleep-inducing moves are banned
|clearpoke
|poke|p1|Rotom-Wash|
|poke|p1|Rillaboom, M|
|poke|p1|Glimmora, M|
|poke|p1|Garganacl, F|
|poke|p1|Dragapult, F|
|poke|p1|Gholdengo|
|poke|p2|Ting-Lu|
|poke|p2|Glimmora, F|
|poke|p2|Gholdengo|
|poke|p2|Iron Valiant|
|poke|p2|Ogerpon-Wellspring, F|
|poke|p2|Dragonite, F|
|teampreview
|inactive|Battle timer is ON: inactive players will automatically lose when time's up. (requested by fivetomatoes)
|
|t:|1781035248
|teamsize|p1|6
|teamsize|p2|6
|start
|switch|p1a: Rillaboom|Rillaboom, M|100/100
|switch|p2a: Ting-Lu|Ting-Lu|100/100
|-fieldstart|move: Grassy Terrain|[from] ability: Grassy Surge|[of] p1a: Rillaboom
|-ability|p2a: Ting-Lu|Vessel of Ruin
|turn|1
|
|t:|1781035264
|move|p1a: Rillaboom|Wood Hammer|p2a: Ting-Lu
|-supereffective|p2a: Ting-Lu
|-damage|p2a: Ting-Lu|0 fnt
|faint|p2a: Ting-Lu
|-damage|p1a: Rillaboom|51/100|[from] Recoil
|-damage|p1a: Rillaboom|41/100|[from] item: Life Orb
|
|-heal|p1a: Rillaboom|47/100|[from] Grassy Terrain
|upkeep
|
|t:|1781035270
|switch|p2a: Glimmora|Glimmora, F|100/100
|turn|2
|
|t:|1781035275
|move|p1a: Rillaboom|Grassy Glide|p2a: Glimmora
|-crit|p2a: Glimmora
|-damage|p2a: Glimmora|40/100
|-activate|p2a: Glimmora|ability: Toxic Debris
|-sidestart|p1: fivetomatoes|move: Toxic Spikes
|-enditem|p2a: Glimmora|Red Card|[of] p1a: Rillaboom
|drag|p1a: Glimmora|Glimmora, M|100/100
|-sideend|p1: fivetomatoes|move: Toxic Spikes|[of] p1a: Glimmora
|move|p2a: Glimmora|Stealth Rock|p1a: Glimmora
|-sidestart|p1: fivetomatoes|move: Stealth Rock
|
|-heal|p2a: Glimmora|47/100|[from] Grassy Terrain
|upkeep
|turn|3
|
|t:|1781035290
|move|p1a: Glimmora|Spiky Shield|p1a: Glimmora
|-singleturn|p1a: Glimmora|move: Protect
|move|p2a: Glimmora|Earth Power|p1a: Glimmora
|-activate|p1a: Glimmora|move: Protect
|
|-heal|p2a: Glimmora|53/100|[from] Grassy Terrain
|upkeep
|turn|4
|
|t:|1781035292
|switch|p1a: Rotom|Rotom-Wash|100/100
|-damage|p1a: Rotom|88/100|[from] Stealth Rock
|move|p2a: Glimmora|Earth Power|p1a: Rotom
|-immune|p1a: Rotom|[from] ability: Levitate
|
|-heal|p2a: Glimmora|59/100|[from] Grassy Terrain
|upkeep
|turn|5
|
|t:|1781035296
|move|p1a: Rotom|Volt Switch|p2a: Glimmora
|-damage|p2a: Glimmora|26/100
|
|t:|1781035298
|switch|p1a: Glimmora|Glimmora, M|100/100|[from] Volt Switch
|move|p2a: Glimmora|Mortal Spin|p1a: Glimmora
|-resisted|p1a: Glimmora
|-damage|p1a: Glimmora|99/100
|-activate|p1a: Glimmora|ability: Toxic Debris
|-sidestart|p2: Capidaxter|move: Toxic Spikes
|-sideend|p2: Capidaxter|Toxic Spikes|[from] move: Mortal Spin|[of] p2a: Glimmora
|
|-heal|p1a: Glimmora|100/100|[from] Grassy Terrain
|-heal|p2a: Glimmora|32/100|[from] Grassy Terrain
|-fieldend|move: Grassy Terrain
|upkeep
|turn|6
|
|t:|1781035304
|move|p1a: Glimmora|Spiky Shield|p1a: Glimmora
|-singleturn|p1a: Glimmora|move: Protect
|move|p2a: Glimmora|Earth Power|p1a: Glimmora
|-activate|p1a: Glimmora|move: Protect
|
|upkeep
|turn|7
|
|t:|1781035312
|move|p1a: Glimmora|Earth Power|p2a: Glimmora
|-supereffective|p2a: Glimmora
|-damage|p2a: Glimmora|0 fnt
|faint|p2a: Glimmora
|
|upkeep
|
|t:|1781035319
|switch|p2a: Gholdengo|Gholdengo|100/100
|-item|p2a: Gholdengo|Air Balloon
|turn|8
|
|t:|1781035321
|switch|p1a: Rotom|Rotom-Wash|88/100
|-damage|p1a: Rotom|76/100|[from] Stealth Rock
|move|p2a: Gholdengo|Make It Rain|p1a: Rotom
|-resisted|p1a: Rotom
|-damage|p1a: Rotom|56/100
|-unboost|p2a: Gholdengo|spa|1
|
|upkeep
|turn|9
|
|t:|1781035334
|move|p1a: Rotom|Volt Switch|p2a: Gholdengo
|-damage|p2a: Gholdengo|71/100
|-enditem|p2a: Gholdengo|Air Balloon
|
|t:|1781035346
|switch|p1a: Gholdengo|Gholdengo|100/100|[from] Volt Switch
|-damage|p1a: Gholdengo|94/100|[from] Stealth Rock
|move|p2a: Gholdengo|Shadow Ball|p1a: Gholdengo
|-supereffective|p1a: Gholdengo
|-damage|p1a: Gholdengo|31/100
|-unboost|p1a: Gholdengo|spd|1
|
|upkeep
|turn|10
|
|t:|1781035355
|switch|p2a: Ogerpon|Ogerpon-Wellspring, F|100/100
|move|p1a: Gholdengo|Shadow Ball|p2a: Ogerpon
|-damage|p2a: Ogerpon|49/100
|-unboost|p2a: Ogerpon|spd|1
|
|upkeep
|turn|11
|
|t:|1781035357
|move|p1a: Gholdengo|Shadow Ball|p2a: Ogerpon
|-damage|p2a: Ogerpon|0 fnt
|faint|p2a: Ogerpon
|
|upkeep
|
|t:|1781035362
|switch|p2a: Iron Valiant|Iron Valiant|100/100
|-enditem|p2a: Iron Valiant|Booster Energy
|-activate|p2a: Iron Valiant|ability: Quark Drive|[fromitem]
|-start|p2a: Iron Valiant|quarkdrivespe
|turn|12
|
|t:|1781035368
|switch|p1a: Glimmora|Glimmora, M|100/100
|move|p2a: Iron Valiant|Knock Off|p1a: Glimmora
|-damage|p1a: Glimmora|76/100
|-activate|p1a: Glimmora|ability: Toxic Debris
|-sidestart|p2: Capidaxter|move: Toxic Spikes
|-enditem|p1a: Glimmora|Heavy-Duty Boots|[from] move: Knock Off|[of] p2a: Iron Valiant
|
|upkeep
|turn|13
|
|t:|1781035386
|move|p2a: Iron Valiant|Thunderbolt|p1a: Glimmora
|-damage|p1a: Glimmora|46/100
|move|p1a: Glimmora|Mortal Spin|p2a: Iron Valiant
|-supereffective|p2a: Iron Valiant
|-damage|p2a: Iron Valiant|85/100
|-status|p2a: Iron Valiant|psn
|-sideend|p1: fivetomatoes|Stealth Rock|[from] move: Mortal Spin|[of] p1a: Glimmora
|
|-damage|p2a: Iron Valiant|73/100 psn|[from] psn
|upkeep
|turn|14
|
|t:|1781035395
|move|p2a: Iron Valiant|Close Combat|p1a: Glimmora
|-damage|p1a: Glimmora|2/100
|-unboost|p2a: Iron Valiant|def|1
|-unboost|p2a: Iron Valiant|spd|1
|-activate|p1a: Glimmora|ability: Toxic Debris
|-sidestart|p2: Capidaxter|move: Toxic Spikes
|move|p1a: Glimmora|Stealth Rock|p2a: Iron Valiant
|-sidestart|p2: Capidaxter|move: Stealth Rock
|
|-damage|p2a: Iron Valiant|60/100 psn|[from] psn
|upkeep
|turn|15
|j| testingrainteam1
|
|t:|1781035403
|move|p1a: Glimmora|Spiky Shield|p1a: Glimmora
|-singleturn|p1a: Glimmora|move: Protect
|move|p2a: Iron Valiant|Moonblast|p1a: Glimmora
|-activate|p1a: Glimmora|move: Protect
|
|-damage|p2a: Iron Valiant|48/100 psn|[from] psn
|upkeep
|turn|16
|
|t:|1781035411
|move|p1a: Glimmora|Spiky Shield||[still]
|-fail|p1a: Glimmora
|move|p2a: Iron Valiant|Moonblast|p1a: Glimmora
|-resisted|p1a: Glimmora
|-damage|p1a: Glimmora|0 fnt
|faint|p1a: Glimmora
|
|-damage|p2a: Iron Valiant|35/100 psn|[from] psn
|upkeep
|l| testingrainteam1
|j| qklingying
|l| qklingying
|
|t:|1781035420
|switch|p1a: Rillaboom|Rillaboom, M|47/100
|-fieldstart|move: Grassy Terrain|[from] ability: Grassy Surge|[of] p1a: Rillaboom
|turn|17
|
|t:|1781035422
|move|p1a: Rillaboom|Grassy Glide|p2a: Iron Valiant
|-damage|p2a: Iron Valiant|0 fnt
|faint|p2a: Iron Valiant
|-end|p2a: Iron Valiant|Quark Drive|[silent]
|-damage|p1a: Rillaboom|37/100|[from] item: Life Orb
|
|-heal|p1a: Rillaboom|43/100|[from] Grassy Terrain
|upkeep
|
|t:|1781035431
|switch|p2a: Dragonite|Dragonite, F|100/100
|turn|18
|
|t:|1781035434
|move|p2a: Dragonite|Fire Punch|p1a: Rillaboom
|-supereffective|p1a: Rillaboom
|-damage|p1a: Rillaboom|0 fnt
|faint|p1a: Rillaboom
|
|upkeep
|
|t:|1781035436
|switch|p1a: Garganacl|Garganacl, F|100/100
|turn|19
|j| qklingying
|
|t:|1781035455
|switch|p2a: Gholdengo|Gholdengo|71/100
|-damage|p2a: Gholdengo|65/100|[from] Stealth Rock
|move|p1a: Garganacl|Salt Cure|p2a: Gholdengo
|-resisted|p2a: Gholdengo
|-damage|p2a: Gholdengo|58/100
|-start|p2a: Gholdengo|Salt Cure
|
|-heal|p2a: Gholdengo|64/100|[from] Grassy Terrain
|-damage|p2a: Gholdengo|39/100|[from] Salt Cure
|upkeep
|turn|20
|
|t:|1781035457
|move|p1a: Garganacl|Protect|p1a: Garganacl
|-singleturn|p1a: Garganacl|Protect
|move|p2a: Gholdengo|Recover|p2a: Gholdengo
|-heal|p2a: Gholdengo|89/100
|
|-heal|p2a: Gholdengo|95/100|[from] Grassy Terrain
|-damage|p2a: Gholdengo|70/100|[from] Salt Cure
|upkeep
|turn|21
|
|t:|1781035465
|switch|p1a: Rotom|Rotom-Wash|56/100
|move|p2a: Gholdengo|Nasty Plot|p2a: Gholdengo
|-boost|p2a: Gholdengo|spa|2
|
|-heal|p2a: Gholdengo|76/100|[from] Grassy Terrain
|-damage|p2a: Gholdengo|51/100|[from] Salt Cure
|-fieldend|move: Grassy Terrain
|upkeep
|turn|22
|
|t:|1781035470
|move|p1a: Rotom|Hydro Pump|p2a: Gholdengo
|-damage|p2a: Gholdengo|0 fnt
|faint|p2a: Gholdengo
|
|upkeep
|
|t:|1781035472
|switch|p2a: Dragonite|Dragonite, F|100/100
|turn|23
|
|t:|1781035476
|switch|p1a: Gholdengo|Gholdengo|31/100
|move|p2a: Dragonite|Dragon Dance|p2a: Dragonite
|-boost|p2a: Dragonite|atk|1
|-boost|p2a: Dragonite|spe|1
|
|upkeep
|turn|24
|
|t:|1781035493
|move|p1a: Gholdengo|Trick|p2a: Dragonite
|-activate|p1a: Gholdengo|move: Trick|[of] p2a: Dragonite
|-item|p2a: Dragonite|Choice Scarf|[from] move: Trick
|-item|p1a: Gholdengo|Heavy-Duty Boots|[from] move: Trick
|move|p2a: Dragonite|Fire Punch|p1a: Gholdengo
|-supereffective|p1a: Gholdengo
|-damage|p1a: Gholdengo|0 fnt
|faint|p1a: Gholdengo
|
|upkeep
|-message|Capidaxter forfeited.
|
|win|fivetomatoes
|raw|fivetomatoes's rating: 1668 &rarr; <strong>1693</strong><br />(+25 for winning)
|raw|Capidaxter's rating: 1761 &rarr; <strong>1736</strong><br />(-25 for losing)
|l|☆Capidaxter
|player|p2|
|l|☆fivetomatoes
|player|p1|
|l| qklingying
