|j|☆zippitytippity
|j|☆PepeNike
|t:|1781072984
|gametype|singles
|player|p1|zippitytippity|cynthia-masters4|1609
|player|p2|PepeNike|266|1582
|gen|9
|tier|[Gen 9] OU
|rated|
|rule|HP Percentage Mod: HP is shown in percentages
|rule|Endless Battle Clause: Forcing endless battles is banned
|rule|Species Clause: Limit one of each Pokémon
|rule|OHKO Clause: OHKO moves are banned
|rule|Evasion Items Clause: Evasion items are banned
|rule|Evasion Moves Clause: Evasion moves are banned
|rule|Evasion Abilities Clause: Evasion abilities are banned
|rule|Sleep Moves Clause: Sleep-inducing moves are banned
|clearpoke
|poke|p1|Ursaluna, M|
|poke|p1|Cresselia, F|
|poke|p1|Iron Valiant|
|poke|p1|Hatterene, F|
|poke|p1|Keldeo-Resolute|
|poke|p1|Ogerpon, F|
|poke|p2|Kleavor, M|
|poke|p2|Samurott-Hisui, M|
|poke|p2|Gholdengo|
|poke|p2|Ceruledge, M|
|poke|p2|Greninja-*, M|
|poke|p2|Dragapult, F|
|teampreview
|inactive|Battle timer is ON: inactive players will automatically lose when time's up. (requested by PepeNike)
|
|t:|1781072996
|teamsize|p1|6
|teamsize|p2|6
|start
|switch|p1a: Ogerpon|Ogerpon, F|100/100
|switch|p2a: Kleavor|Kleavor, M|100/100
|turn|1
|
|t:|1781072998
|move|p1a: Ogerpon|U-turn|p2a: Kleavor
|-damage|p2a: Kleavor|58/100
|
|t:|1781073001
|switch|p1a: Keldeo|Keldeo-Resolute|100/100|[from] U-turn
|move|p2a: Kleavor|Stone Axe|p1a: Keldeo
|-resisted|p1a: Keldeo
|-damage|p1a: Keldeo|66/100
|-sidestart|p1: zippitytippity|move: Stealth Rock
|
|upkeep
|turn|2
|
|t:|1781073008
|switch|p2a: Dragapult|Dragapult, F|100/100
|move|p1a: Keldeo|Surf|p2a: Dragapult
|-resisted|p2a: Dragapult
|-damage|p2a: Dragapult|49/100
|
|upkeep
|turn|3
|
|t:|1781073014
|switch|p1a: Ursaluna|Ursaluna, M, shiny|100/100
|-damage|p1a: Ursaluna|94/100|[from] Stealth Rock
|move|p2a: Dragapult|U-turn|p1a: Ursaluna
|-damage|p1a: Ursaluna|69/100
|
|t:|1781073022
|switch|p2a: Ceruledge|Ceruledge, M|100/100|[from] U-turn
|
|-status|p1a: Ursaluna|brn|[from] item: Flame Orb
|upkeep
|turn|4
|
|t:|1781073032
|switch|p1a: Iron Valiant|Iron Valiant|100/100
|-damage|p1a: Iron Valiant|94/100|[from] Stealth Rock
|-enditem|p1a: Iron Valiant|Booster Energy
|-activate|p1a: Iron Valiant|ability: Quark Drive|[fromitem]
|-start|p1a: Iron Valiant|quarkdrivespe
|move|p2a: Ceruledge|Swords Dance|p2a: Ceruledge
|-boost|p2a: Ceruledge|atk|2
|
|upkeep
|turn|5
|
|t:|1781073038
|move|p2a: Ceruledge|Shadow Sneak|p1a: Iron Valiant
|-damage|p1a: Iron Valiant|36/100
|move|p1a: Iron Valiant|Encore|p2a: Ceruledge
|-start|p2a: Ceruledge|Encore
|
|upkeep
|turn|6
|
|t:|1781073047
|-end|p1a: Iron Valiant|Quark Drive|[silent]
|switch|p1a: Ursaluna|Ursaluna, M, shiny|69/100 brn
|-damage|p1a: Ursaluna|63/100 brn|[from] Stealth Rock
|switch|p2a: Dragapult|Dragapult, F|49/100
|
|-damage|p1a: Ursaluna|57/100 brn|[from] brn
|upkeep
|turn|7
|
|t:|1781073049
|move|p2a: Dragapult|Dragon Darts|p1a: Ursaluna
|-damage|p1a: Ursaluna|29/100 brn
|-anim|p2a: Dragapult|Dragon Darts|p1a: Ursaluna
|-damage|p1a: Ursaluna|0 fnt
|faint|p1a: Ursaluna
|
|upkeep
|
|t:|1781073052
|switch|p1a: Ogerpon|Ogerpon, F|100/100
|-damage|p1a: Ogerpon|88/100|[from] Stealth Rock
|turn|8
|
|t:|1781073058
|switch|p2a: Kleavor|Kleavor, M|58/100
|-terastallize|p1a: Ogerpon|Grass
|detailschange|p1a: Ogerpon|Ogerpon-Teal-Tera, F, tera:Grass
|-ability|p1a: Ogerpon|Embody Aspect (Teal)|boost
|-boost|p1a: Ogerpon|spe|1
|move|p1a: Ogerpon|Ivy Cudgel|p2a: Kleavor
|-damage|p2a: Kleavor|0 fnt
|faint|p2a: Kleavor
|
|upkeep
|
|t:|1781073064
|switch|p2a: Ceruledge|Ceruledge, M|100/100
|turn|9
|
|t:|1781073066
|move|p1a: Ogerpon|Ivy Cudgel|p2a: Ceruledge
|-resisted|p2a: Ceruledge
|-damage|p2a: Ceruledge|35/100
|-ability|p2a: Ceruledge|Weak Armor|boost
|-unboost|p2a: Ceruledge|def|1
|-boost|p2a: Ceruledge|spe|2
|move|p2a: Ceruledge|Swords Dance|p2a: Ceruledge
|-boost|p2a: Ceruledge|atk|2
|
|upkeep
|turn|10
|
|t:|1781073068
|move|p2a: Ceruledge|Bitter Blade|p1a: Ogerpon
|-supereffective|p1a: Ogerpon
|-damage|p1a: Ogerpon|0 fnt
|-heal|p2a: Ceruledge|80/100|[from] drain|[of] p1a: Ogerpon
|faint|p1a: Ogerpon
|detailschange|p1: Ogerpon|Ogerpon, F|[silent]
|
|upkeep
|-message|zippitytippity forfeited.
|
|win|PepeNike
|raw|zippitytippity's rating: 1609 &rarr; <strong>1587</strong><br />(-22 for losing)
|raw|PepeNike's rating: 1582 &rarr; <strong>1604</strong><br />(+22 for winning)
|l|☆zippitytippity
|player|p1|
|l|☆PepeNike
|player|p2|
