|j|☆der grosse z
|j|☆Dat boii fam
|t:|1781445944
|gametype|singles
|player|p1|der grosse z|102|1581
|player|p2|Dat boii fam|li|1741
|gen|9
|tier|[Gen 9] OU
|rated|
|rule|HP Percentage Mod: HP is shown in percentages
|rule|Endless Battle Clause: Forcing endless battles is banned
|rule|Species Clause: Limit one of each Pokémon
|rule|OHKO Clause: OHKO moves are banned
|rule|Evasion Items Clause: Evasion items are banned
|rule|Evasion Moves Clause: Evasion moves are banned
|rule|Evasion Abilities Clause: Evasion abilities are banned
|rule|Sleep Moves Clause: Sleep-inducing moves are banned
|clearpoke
|poke|p1|Golem-Alola, M|
|poke|p1|Samurott-Hisui, F|
|poke|p1|Gholdengo|
|poke|p1|Kingambit, F|
|poke|p1|Great Tusk|
|poke|p1|Ogerpon-Wellspring, F|
|poke|p2|Alomomola, M|
|poke|p2|Landorus-Therian, M|
|poke|p2|Zapdos|
|poke|p2|Tornadus-Therian, M|
|poke|p2|Scizor, F|
|poke|p2|Amoonguss, M|
|teampreview
|inactive|Battle timer is ON: inactive players will automatically lose when time's up. (requested by der grosse z)
|
|t:|1781445975
|teamsize|p1|6
|teamsize|p2|6
|start
|switch|p1a: Golem|Golem-Alola, M|100/100
|switch|p2a: Landorus|Landorus-Therian, M|100/100
|-ability|p2a: Landorus|Intimidate|boost
|-unboost|p1a: Golem|atk|1
|turn|1
|
|t:|1781445988
|move|p2a: Landorus|Earthquake|p1a: Golem
|-supereffective|p1a: Golem
|-ability|p1a: Golem|Sturdy
|-damage|p1a: Golem|1/100
|move|p1a: Golem|Stealth Rock|p2a: Landorus
|-sidestart|p2: Dat boii fam|move: Stealth Rock
|
|upkeep
|turn|2
|-enditem|p1a: Golem|Custap Berry|[eat]
|-activate|p1a: Golem|item: Custap Berry|[consumed]
|
|t:|1781445998
|switch|p2a: Amoonguss|Amoonguss, M|100/100
|-damage|p2a: Amoonguss|88/100|[from] Stealth Rock
|move|p1a: Golem|Explosion|p2a: Amoonguss
|-crit|p2a: Amoonguss
|-damage|p2a: Amoonguss|0 fnt
|faint|p1a: Golem
|faint|p2a: Amoonguss
|
|upkeep
|
|t:|1781446017
|switch|p1a: Samurott|Samurott-Hisui, F|100/100
|switch|p2a: Landorus|Landorus-Therian, M|100/100
|-damage|p2a: Landorus|88/100|[from] Stealth Rock
|-ability|p2a: Landorus|Intimidate|boost
|-unboost|p1a: Samurott|atk|1
|turn|3
|
|t:|1781446024
|move|p2a: Landorus|U-turn|p1a: Samurott
|-supereffective|p1a: Samurott
|-damage|p1a: Samurott|26/100
|
|t:|1781446027
|switch|p2a: Alomomola|Alomomola, M|100/100|[from] U-turn
|move|p1a: Samurott|Ceaseless Edge|p2a: Alomomola
|-damage|p2a: Alomomola|80/100
|-sidestart|p2: Dat boii fam|Spikes
|-damage|p1a: Samurott|16/100|[from] item: Life Orb
|
|upkeep
|turn|4
|
|t:|1781446036
|move|p1a: Samurott|Swords Dance|p1a: Samurott
|-boost|p1a: Samurott|atk|2
|move|p2a: Alomomola|Flip Turn|p1a: Samurott
|-resisted|p1a: Samurott
|-damage|p1a: Samurott|7/100
|
|t:|1781446043
|switch|p2a: Scizor|Scizor, F|100/100|[from] Flip Turn
|
|upkeep
|turn|5
|
|t:|1781446046
|move|p1a: Samurott|Aqua Jet|p2a: Scizor
|-damage|p2a: Scizor|62/100
|-damage|p1a: Samurott|0 fnt|[from] item: Life Orb
|faint|p1a: Samurott
|move|p2a: Scizor|Bullet Punch|p1: Samurott|[notarget]
|-fail|p2a: Scizor
|
|upkeep
|
|t:|1781446054
|switch|p1a: Great Tusk|Great Tusk|100/100
|turn|6
|
|t:|1781446059
|switch|p2a: Alomomola|Alomomola, M|100/100
|move|p1a: Great Tusk|Rapid Spin|p2a: Alomomola
|-damage|p2a: Alomomola|90/100
|-boost|p1a: Great Tusk|spe|1
|
|upkeep
|turn|7
|
|t:|1781446065
|-end|p1a: Great Tusk|Protosynthesis|[silent]
|switch|p1a: Ogerpon|Ogerpon-Wellspring, F|100/100
|move|p2a: Alomomola|Alluring Voice|p1a: Ogerpon
|-damage|p1a: Ogerpon|90/100
|
|upkeep
|turn|8
|
|t:|1781446075
|switch|p2a: Tornadus|Tornadus-Therian, M|100/100
|move|p1a: Ogerpon|Knock Off|p2a: Tornadus
|-damage|p2a: Tornadus|53/100
|-enditem|p2a: Tornadus|Heavy-Duty Boots|[from] move: Knock Off|[of] p1a: Ogerpon
|
|upkeep
|turn|9
|
|t:|1781446082
|switch|p1a: Gholdengo|Gholdengo|100/100
|move|p2a: Tornadus|Nasty Plot|p2a: Tornadus
|-boost|p2a: Tornadus|spa|2
|
|upkeep
|turn|10
|
|t:|1781446088
|move|p1a: Gholdengo|Make It Rain|p2a: Tornadus
|-damage|p2a: Tornadus|0 fnt
|-unboost|p1a: Gholdengo|spa|1
|faint|p2a: Tornadus
|
|upkeep
|
|t:|1781446099
|switch|p2a: Zapdos|Zapdos|100/100
|turn|11
|
|t:|1781446103
|switch|p1a: Great Tusk|Great Tusk|100/100
|move|p2a: Zapdos|Hurricane|p1a: Great Tusk
|-supereffective|p1a: Great Tusk
|-damage|p1a: Great Tusk|0 fnt
|faint|p1a: Great Tusk
|-end|p1a: Great Tusk|Protosynthesis|[silent]
|
|upkeep
|
|t:|1781446109
|switch|p1a: Gholdengo|Gholdengo|100/100
|turn|12
|
|t:|1781446113
|-terastallize|p2a: Zapdos|Fire
|move|p1a: Gholdengo|Shadow Ball|p2a: Zapdos
|-damage|p2a: Zapdos|61/100
|move|p2a: Zapdos|Heat Wave|p1a: Gholdengo
|-supereffective|p1a: Gholdengo
|-damage|p1a: Gholdengo|0 fnt
|faint|p1a: Gholdengo
|
|upkeep
|
|t:|1781446121
|switch|p1a: Ogerpon|Ogerpon-Wellspring, F|90/100
|turn|13
|
|t:|1781446129
|switch|p2a: Scizor|Scizor, F|62/100
|move|p1a: Ogerpon|Ivy Cudgel|p2a: Scizor|[anim] Ivy Cudgel Water
|-crit|p2a: Scizor
|-damage|p2a: Scizor|0 fnt
|faint|p2a: Scizor
|
|upkeep
|
|t:|1781446135
|switch|p2a: Landorus|Landorus-Therian, M|88/100
|-damage|p2a: Landorus|75/100|[from] Stealth Rock
|-ability|p2a: Landorus|Intimidate|boost
|-unboost|p1a: Ogerpon|atk|1
|turn|14
|
|t:|1781446140
|move|p2a: Landorus|U-turn|p1a: Ogerpon
|-supereffective|p1a: Ogerpon
|-damage|p1a: Ogerpon|19/100
|
|t:|1781446143
|switch|p2a: Alomomola|Alomomola, M|100/100|[from] U-turn
|move|p1a: Ogerpon|Ivy Cudgel|p2a: Alomomola|[anim] Ivy Cudgel Water
|-resisted|p2a: Alomomola
|-crit|p2a: Alomomola
|-damage|p2a: Alomomola|77/100
|
|upkeep
|turn|15
|
|t:|1781446153
|move|p2a: Alomomola|Protect|p2a: Alomomola
|-singleturn|p2a: Alomomola|Protect
|move|p1a: Ogerpon|Knock Off|p2a: Alomomola
|-activate|p2a: Alomomola|move: Protect
|
|upkeep
|turn|16
|
|t:|1781446172
|move|p1a: Ogerpon|Knock Off|p2a: Alomomola
|-damage|p2a: Alomomola|62/100
|-enditem|p2a: Alomomola|Heavy-Duty Boots|[from] move: Knock Off|[of] p1a: Ogerpon
|move|p2a: Alomomola|Wish|p2a: Alomomola
|
|upkeep
|turn|17
|
|t:|1781446180
|switch|p1a: Kingambit|Kingambit, F|100/100
|-activate|p1a: Kingambit|ability: Supreme Overlord
|-start|p1a: Kingambit|fallen4|[silent]
|move|p2a: Alomomola|Alluring Voice|p1a: Kingambit
|-damage|p1a: Kingambit|91/100
|
|-heal|p2a: Alomomola|100/100|[from] move: Wish|[wisher] Alomomola
|upkeep
|turn|18
|
|t:|1781446188
|-end|p1a: Kingambit|fallen4|[silent]
|switch|p1a: Ogerpon|Ogerpon-Wellspring, F|19/100
|move|p2a: Alomomola|Alluring Voice|p1a: Ogerpon
|-crit|p1a: Ogerpon
|-damage|p1a: Ogerpon|2/100
|
|upkeep
|turn|19
|
|t:|1781446195
|move|p1a: Ogerpon|Power Whip|p2a: Alomomola
|-supereffective|p2a: Alomomola
|-damage|p2a: Alomomola|14/100
|move|p2a: Alomomola|Alluring Voice|p1a: Ogerpon
|-crit|p1a: Ogerpon
|-damage|p1a: Ogerpon|0 fnt
|faint|p1a: Ogerpon
|
|upkeep
|
|t:|1781446201
|switch|p1a: Kingambit|Kingambit, F|91/100
|-activate|p1a: Kingambit|ability: Supreme Overlord
|-start|p1a: Kingambit|fallen5|[silent]
|turn|20
|
|t:|1781446209
|move|p1a: Kingambit|Swords Dance|p1a: Kingambit
|-boost|p1a: Kingambit|atk|2
|move|p2a: Alomomola|Alluring Voice|p1a: Kingambit
|-damage|p1a: Kingambit|80/100
|-start|p1a: Kingambit|confusion
|
|upkeep
|turn|21
|
|t:|1781446216
|-activate|p1a: Kingambit|confusion
|move|p1a: Kingambit|Kowtow Cleave|p2a: Alomomola
|-damage|p2a: Alomomola|0 fnt
|faint|p2a: Alomomola
|
|upkeep
|
|t:|1781446222
|switch|p2a: Landorus|Landorus-Therian, M|75/100
|-damage|p2a: Landorus|63/100|[from] Stealth Rock
|-ability|p2a: Landorus|Intimidate|boost
|-unboost|p1a: Kingambit|atk|1
|turn|22
|
|t:|1781446227
|switch|p2a: Zapdos|Zapdos, tera:Fire|61/100
|-terastallize|p1a: Kingambit|Ghost
|-activate|p1a: Kingambit|confusion
|move|p1a: Kingambit|Sucker Punch||[still]
|-fail|p1a: Kingambit
|
|upkeep
|turn|23
|
|t:|1781446237
|move|p2a: Zapdos|Discharge|p1a: Kingambit
|-damage|p1a: Kingambit|31/100
|-status|p1a: Kingambit|par
|-end|p1a: Kingambit|confusion
|move|p1a: Kingambit|Swords Dance|p1a: Kingambit
|-boost|p1a: Kingambit|atk|2
|
|upkeep
|turn|24
|
|t:|1781446245
|move|p1a: Kingambit|Sucker Punch||[still]
|-fail|p1a: Kingambit
|move|p2a: Zapdos|Roost|p2a: Zapdos
|-heal|p2a: Zapdos|100/100
|
|upkeep
|turn|25
|
|t:|1781446250
|switch|p2a: Landorus|Landorus-Therian, M|63/100
|-damage|p2a: Landorus|50/100|[from] Stealth Rock
|-ability|p2a: Landorus|Intimidate|boost
|-unboost|p1a: Kingambit|atk|1
|cant|p1a: Kingambit|par
|
|upkeep
|turn|26
|
|t:|1781446258
|switch|p2a: Zapdos|Zapdos, tera:Fire|100/100
|move|p1a: Kingambit|Sucker Punch||[still]
|-fail|p1a: Kingambit
|
|upkeep
|turn|27
|
|t:|1781446265
|move|p1a: Kingambit|Sucker Punch|p2a: Zapdos
|-damage|p2a: Zapdos|0 fnt
|faint|p2a: Zapdos
|
|upkeep
|
|t:|1781446268
|switch|p2a: Landorus|Landorus-Therian, M|50/100
|-damage|p2a: Landorus|38/100|[from] Stealth Rock
|-ability|p2a: Landorus|Intimidate|boost
|-unboost|p1a: Kingambit|atk|1
|turn|28
|
|t:|1781446273
|move|p1a: Kingambit|Sucker Punch|p2a: Landorus
|-damage|p2a: Landorus|0 fnt
|faint|p2a: Landorus
|
|win|der grosse z
|raw|der grosse z's rating: 1581 &rarr; <strong>1610</strong><br />(+29 for winning)
|raw|Dat boii fam's rating: 1741 &rarr; <strong>1712</strong><br />(-29 for losing)
|l|☆Dat boii fam
|player|p2|
|l|☆der grosse z
|player|p1|
