|j|☆FP.//06
|j|☆biryanilover
|t:|1781510937
|gametype|singles
|player|p1|FP.//06|hilda-masters3|1638
|player|p2|biryanilover|1|1576
|gen|9
|tier|[Gen 9] OU
|rated|
|rule|HP Percentage Mod: HP is shown in percentages
|rule|Endless Battle Clause: Forcing endless battles is banned
|rule|Species Clause: Limit one of each Pokémon
|rule|OHKO Clause: OHKO moves are banned
|rule|Evasion Items Clause: Evasion items are banned
|rule|Evasion Moves Clause: Evasion moves are banned
|rule|Evasion Abilities Clause: Evasion abilities are banned
|rule|Sleep Moves Clause: Sleep-inducing moves are banned
|clearpoke
|poke|p1|Darkrai|
|poke|p1|Iron Treads|
|poke|p1|Dragonite, F|
|poke|p1|Kyurem|
|poke|p1|Hatterene, F|
|poke|p1|Zamazenta-*|
|poke|p2|Rillaboom, M|
|poke|p2|Heatran, F|
|poke|p2|Walking Wake|
|poke|p2|Landorus-Therian, M|
|poke|p2|Zamazenta-*|
|poke|p2|Weezing-Galar, F|
|teampreview
|inactive|Battle timer is ON: inactive players will automatically lose when time's up. (requested by FP.//06)
|inactive|biryanilover also wants the timer to be on.
|
|t:|1781510946
|teamsize|p1|6
|teamsize|p2|6
|start
|switch|p1a: Zamazenta|Zamazenta|100/100
|switch|p2a: Walking Wake|Walking Wake|100/100
|-ability|p1a: Zamazenta|Dauntless Shield|boost
|-boost|p1a: Zamazenta|def|1
|turn|1
|
|t:|1781510954
|move|p1a: Zamazenta|Close Combat|p2a: Walking Wake
|-damage|p2a: Walking Wake|17/100
|-unboost|p1a: Zamazenta|def|1
|-unboost|p1a: Zamazenta|spd|1
|-damage|p1a: Zamazenta|91/100|[from] item: Life Orb
|move|p2a: Walking Wake|Knock Off|p1a: Zamazenta
|-resisted|p1a: Zamazenta
|-damage|p1a: Zamazenta|83/100
|-enditem|p1a: Zamazenta|Life Orb|[from] move: Knock Off|[of] p2a: Walking Wake
|
|-heal|p2a: Walking Wake|24/100|[from] item: Leftovers
|upkeep
|turn|2
|j| hattybatty304
|
|t:|1781510958
|-end|p2a: Walking Wake|Protosynthesis|[silent]
|switch|p2a: Landorus|Landorus-Therian, M|100/100
|-ability|p2a: Landorus|Intimidate|boost
|-unboost|p1a: Zamazenta|atk|1
|move|p1a: Zamazenta|Heavy Slam|p2a: Landorus
|-damage|p2a: Landorus|83/100
|-damage|p1a: Zamazenta|66/100|[from] item: Rocky Helmet|[of] p2a: Landorus
|
|upkeep
|turn|3
|
|t:|1781510962
|switch|p1a: Hatterene|Hatterene, F|100/100
|move|p2a: Landorus|Stealth Rock|p1a: Hatterene
|move|p1a: Hatterene|Stealth Rock|p2a: Landorus|[from] ability: Magic Bounce
|-sidestart|p2: biryanilover|move: Stealth Rock
|
|upkeep
|turn|4
|
|t:|1781510967
|move|p2a: Landorus|U-turn|p1a: Hatterene
|-damage|p1a: Hatterene|84/100
|
|t:|1781510970
|switch|p2a: Heatran|Heatran, F|100/100|[from] U-turn
|-damage|p2a: Heatran|88/100|[from] Stealth Rock
|move|p1a: Hatterene|Nuzzle|p2a: Heatran
|-damage|p2a: Heatran|84/100
|-status|p2a: Heatran|par
|
|-heal|p2a: Heatran|90/100 par|[from] item: Leftovers
|upkeep
|turn|5
|
|t:|1781510973
|switch|p1a: Iron Treads|Iron Treads|100/100
|-enditem|p1a: Iron Treads|Booster Energy
|-activate|p1a: Iron Treads|ability: Quark Drive|[fromitem]
|-start|p1a: Iron Treads|quarkdrivespe
|move|p2a: Heatran|Magma Storm|p1a: Iron Treads
|-supereffective|p1a: Iron Treads
|-damage|p1a: Iron Treads|0 fnt
|faint|p1a: Iron Treads
|-end|p1a: Iron Treads|Quark Drive|[silent]
|
|-heal|p2a: Heatran|97/100 par|[from] item: Leftovers
|upkeep
|
|t:|1781510975
|switch|p1a: Zamazenta|Zamazenta|66/100
|turn|6
|
|t:|1781510983
|switch|p1a: Kyurem|Kyurem|100/100
|-ability|p1a: Kyurem|Pressure
|move|p2a: Heatran|Stealth Rock|p1a: Kyurem
|-sidestart|p1: FP.//06|move: Stealth Rock
|
|-heal|p2a: Heatran|100/100 par|[from] item: Leftovers
|upkeep
|turn|7
|
|t:|1781510988
|move|p1a: Kyurem|Earth Power|p2a: Heatran
|-supereffective|p2a: Heatran
|-damage|p2a: Heatran|24/100 par
|move|p2a: Heatran|Magma Storm|p1a: Kyurem
|-damage|p1a: Kyurem|73/100
|-activate|p1a: Kyurem|move: Magma Storm|[of] p2a: Heatran
|
|-heal|p2a: Heatran|30/100 par|[from] item: Leftovers
|-damage|p1a: Kyurem|60/100|[from] move: Magma Storm|[partiallytrapped]
|upkeep
|turn|8
|
|t:|1781510997
|move|p1a: Kyurem|Earth Power|p2a: Heatran
|-supereffective|p2a: Heatran
|-damage|p2a: Heatran|0 fnt
|faint|p2a: Heatran
|
|-end|p1a: Kyurem|Magma Storm|[partiallytrapped]|[silent]
|upkeep
|
|t:|1781511000
|switch|p2a: Zamazenta|Zamazenta|100/100
|-damage|p2a: Zamazenta|94/100|[from] Stealth Rock
|-ability|p2a: Zamazenta|Dauntless Shield|boost
|-boost|p2a: Zamazenta|def|1
|turn|9
|
|t:|1781511005
|switch|p1a: Hatterene|Hatterene, F|84/100
|-damage|p1a: Hatterene|72/100|[from] Stealth Rock
|move|p2a: Zamazenta|Heavy Slam|p1a: Hatterene
|-supereffective|p1a: Hatterene
|-damage|p1a: Hatterene|0 fnt
|faint|p1a: Hatterene
|-damage|p2a: Zamazenta|84/100|[from] item: Life Orb
|
|upkeep
|
|t:|1781511011
|switch|p1a: Zamazenta|Zamazenta|66/100
|-damage|p1a: Zamazenta|60/100|[from] Stealth Rock
|turn|10
|
|t:|1781511015
|switch|p1a: Kyurem|Kyurem|60/100
|-damage|p1a: Kyurem|36/100|[from] Stealth Rock
|-ability|p1a: Kyurem|Pressure
|move|p2a: Zamazenta|Close Combat|p1a: Kyurem
|-supereffective|p1a: Kyurem
|-damage|p1a: Kyurem|0 fnt
|-unboost|p2a: Zamazenta|def|1
|-unboost|p2a: Zamazenta|spd|1
|faint|p1a: Kyurem
|-damage|p2a: Zamazenta|75/100|[from] item: Life Orb
|
|upkeep
|
|t:|1781511019
|switch|p1a: Zamazenta|Zamazenta|60/100
|-damage|p1a: Zamazenta|54/100|[from] Stealth Rock
|turn|11
|
|t:|1781511022
|switch|p2a: Landorus|Landorus-Therian, M|83/100
|-damage|p2a: Landorus|70/100|[from] Stealth Rock
|-ability|p2a: Landorus|Intimidate|boost
|-unboost|p1a: Zamazenta|atk|1
|move|p1a: Zamazenta|Close Combat|p2a: Landorus
|-resisted|p2a: Landorus
|-damage|p2a: Landorus|52/100
|-unboost|p1a: Zamazenta|def|1
|-unboost|p1a: Zamazenta|spd|1
|-damage|p1a: Zamazenta|37/100|[from] item: Rocky Helmet|[of] p2a: Landorus
|
|upkeep
|turn|12
|
|t:|1781511025
|move|p1a: Zamazenta|Close Combat|p2a: Landorus
|-resisted|p2a: Landorus
|-damage|p2a: Landorus|32/100
|-unboost|p1a: Zamazenta|def|1
|-unboost|p1a: Zamazenta|spd|1
|-damage|p1a: Zamazenta|21/100|[from] item: Rocky Helmet|[of] p2a: Landorus
|move|p2a: Landorus|U-turn|p1a: Zamazenta
|-resisted|p1a: Zamazenta
|-damage|p1a: Zamazenta|2/100
|
|t:|1781511032
|switch|p2a: Rillaboom|Rillaboom, M|100/100|[from] U-turn
|-damage|p2a: Rillaboom|88/100|[from] Stealth Rock
|-fieldstart|move: Grassy Terrain|[from] ability: Grassy Surge|[of] p2a: Rillaboom
|
|-heal|p1a: Zamazenta|8/100|[from] Grassy Terrain
|-heal|p2a: Rillaboom|94/100|[from] Grassy Terrain
|upkeep
|turn|13
|
|t:|1781511034
|move|p2a: Rillaboom|Grassy Glide|p1a: Zamazenta
|-crit|p1a: Zamazenta
|-damage|p1a: Zamazenta|0 fnt
|faint|p1a: Zamazenta
|
|-heal|p2a: Rillaboom|100/100|[from] Grassy Terrain
|upkeep
|
|t:|1781511036
|switch|p1a: Dragonite|Dragonite, F|100/100
|-damage|p1a: Dragonite|76/100|[from] Stealth Rock
|turn|14
|
|t:|1781511039
|move|p2a: Rillaboom|Knock Off|p1a: Dragonite
|-damage|p1a: Dragonite|39/100
|-enditem|p1a: Dragonite|Loaded Dice|[from] move: Knock Off|[of] p2a: Rillaboom
|move|p1a: Dragonite|Dragon Dance|p1a: Dragonite
|-boost|p1a: Dragonite|atk|1
|-boost|p1a: Dragonite|spe|1
|
|upkeep
|turn|15
|
|t:|1781511050
|switch|p2a: Weezing|Weezing-Galar, F|100/100
|-ability|p2a: Weezing|Neutralizing Gas
|move|p1a: Dragonite|Dragon Dance|p1a: Dragonite
|-boost|p1a: Dragonite|atk|1
|-boost|p1a: Dragonite|spe|1
|
|upkeep
|turn|16
|
|t:|1781511054
|-terastallize|p1a: Dragonite|Fire
|move|p1a: Dragonite|Dragon Dance|p1a: Dragonite
|-boost|p1a: Dragonite|atk|1
|-boost|p1a: Dragonite|spe|1
|move|p2a: Weezing|Strange Steam|p1a: Dragonite
|-resisted|p1a: Dragonite
|-damage|p1a: Dragonite|24/100
|-start|p1a: Dragonite|confusion
|
|-heal|p1a: Dragonite|31/100|[from] Grassy Terrain
|upkeep
|turn|17
|
|t:|1781511058
|-activate|p1a: Dragonite|confusion
|move|p1a: Dragonite|Fire Punch|p2a: Weezing
|-damage|p2a: Weezing|29/100
|move|p2a: Weezing|Strange Steam|p1a: Dragonite
|-resisted|p1a: Dragonite
|-damage|p1a: Dragonite|17/100
|
|-heal|p1a: Dragonite|23/100|[from] Grassy Terrain
|-heal|p2a: Weezing|35/100|[from] Grassy Terrain
|upkeep
|turn|18
|
|t:|1781511070
|-end|p2a: Weezing|ability: Neutralizing Gas
|switch|p2a: Landorus|Landorus-Therian, M|32/100
|-damage|p2a: Landorus|20/100|[from] Stealth Rock
|-ability|p2a: Landorus|Intimidate|boost
|-unboost|p1a: Dragonite|atk|1
|-activate|p1a: Dragonite|confusion
|move|p1a: Dragonite|Fire Punch|p2a: Landorus
|-damage|p2a: Landorus|0 fnt
|-damage|p1a: Dragonite|6/100|[from] item: Rocky Helmet|[of] p2a: Landorus
|faint|p2a: Landorus
|
|-heal|p1a: Dragonite|13/100|[from] Grassy Terrain
|upkeep
|
|t:|1781511073
|switch|p2a: Rillaboom|Rillaboom, M|100/100
|-damage|p2a: Rillaboom|88/100|[from] Stealth Rock
|turn|19
|
|t:|1781511076
|move|p2a: Rillaboom|Grassy Glide|p1a: Dragonite
|-resisted|p1a: Dragonite
|-damage|p1a: Dragonite|0 fnt
|faint|p1a: Dragonite
|
|-heal|p2a: Rillaboom|94/100|[from] Grassy Terrain
|-fieldend|move: Grassy Terrain
|upkeep
|
|t:|1781511078
|switch|p1a: Darkrai|Darkrai|100/100
|-damage|p1a: Darkrai|88/100|[from] Stealth Rock
|turn|20
|
|t:|1781511082
|switch|p2a: Weezing|Weezing-Galar, F|35/100
|-ability|p2a: Weezing|Neutralizing Gas
|move|p1a: Darkrai|Ice Beam|p2a: Weezing
|-damage|p2a: Weezing|0 fnt
|faint|p2a: Weezing
|-end|p2a: Weezing|ability: Neutralizing Gas
|
|upkeep
|
|t:|1781511086
|switch|p2a: Rillaboom|Rillaboom, M|94/100
|-damage|p2a: Rillaboom|82/100|[from] Stealth Rock
|-fieldstart|move: Grassy Terrain|[from] ability: Grassy Surge|[of] p2a: Rillaboom
|turn|21
|
|t:|1781511089
|-terastallize|p2a: Rillaboom|Grass
|move|p2a: Rillaboom|Grassy Glide|p1a: Darkrai
|-damage|p1a: Darkrai|18/100
|move|p1a: Darkrai|Ice Beam|p2a: Rillaboom
|-supereffective|p2a: Rillaboom
|-damage|p2a: Rillaboom|0 fnt
|faint|p2a: Rillaboom
|
|-heal|p1a: Darkrai|24/100|[from] Grassy Terrain
|upkeep
|-message|FP.//06 forfeited.
|
|win|biryanilover
|raw|FP.&#x2f;&#x2f;06's rating: 1638 &rarr; <strong>1614</strong><br />(-24 for losing)
|raw|biryanilover's rating: 1576 &rarr; <strong>1600</strong><br />(+24 for winning)
|l|☆FP.//06
|player|p1|
|c|☆biryanilover|gg
|l| hattybatty304
|l|☆biryanilover
|player|p2|
