|j|☆bigballs01
|j|☆eljugoaaron
|t:|1781498438
|gametype|singles
|player|p1|bigballs01|swimmer-gen4dp|1567
|player|p2|eljugoaaron|101|1531
|gen|9
|tier|[Gen 9] OU
|rated|
|rule|HP Percentage Mod: HP is shown in percentages
|rule|Endless Battle Clause: Forcing endless battles is banned
|rule|Species Clause: Limit one of each Pokémon
|rule|OHKO Clause: OHKO moves are banned
|rule|Evasion Items Clause: Evasion items are banned
|rule|Evasion Moves Clause: Evasion moves are banned
|rule|Evasion Abilities Clause: Evasion abilities are banned
|rule|Sleep Moves Clause: Sleep-inducing moves are banned
|clearpoke
|poke|p1|Hatterene, F|
|poke|p1|Great Tusk|
|poke|p1|Tornadus-Therian, M|
|poke|p1|Kyurem|
|poke|p1|Slowking-Galar, M|
|poke|p1|Kingambit, F|
|poke|p2|Cramorant, M|
|poke|p2|Gallade, M|
|poke|p2|Kingambit, M|
|poke|p2|Iron Moth|
|poke|p2|Enamorus, F|
|poke|p2|Ogerpon-Cornerstone, F|
|teampreview
|inactive|Battle timer is ON: inactive players will automatically lose when time's up. (requested by bigballs01)
|
|t:|1781498448
|teamsize|p1|6
|teamsize|p2|6
|start
|switch|p1a: Hatterene|Hatterene, F|100/100
|switch|p2a: Cramorant|Cramorant, M|100/100
|turn|1
|
|t:|1781498451
|move|p2a: Cramorant|Surf|p1a: Hatterene
|-formechange|p2a: Cramorant|Cramorant-Gulping|
|-damage|p1a: Hatterene|65/100
|move|p1a: Hatterene|Nuzzle|p2a: Cramorant
|-supereffective|p2a: Cramorant
|-damage|p2a: Cramorant|68/100
|-status|p2a: Cramorant|par
|-damage|p1a: Hatterene|41/100|[from] ability: Gulp Missile|[of] p2a: Cramorant
|-unboost|p1a: Hatterene|def|1
|-formechange|p2a: Cramorant|Cramorant|
|
|upkeep
|turn|2
|
|t:|1781498460
|cant|p2a: Cramorant|par
|move|p1a: Hatterene|Draining Kiss|p2a: Cramorant
|-damage|p2a: Cramorant|38/100 par
|-heal|p1a: Hatterene|60/100|[from] drain|[of] p2a: Cramorant
|
|upkeep
|turn|3
|
|t:|1781498462
|move|p2a: Cramorant|Surf|p1a: Hatterene
|-formechange|p2a: Cramorant|Cramorant-Gorging|
|-damage|p1a: Hatterene|24/100
|move|p1a: Hatterene|Psychic Noise|p2a: Cramorant
|-damage|p2a: Cramorant|0 fnt
|-damage|p1a: Hatterene|0 fnt|[from] ability: Gulp Missile|[of] p2a: Cramorant
|-formechange|p2a: Cramorant|Cramorant|
|faint|p2a: Cramorant
|faint|p1a: Hatterene
|
|upkeep
|
|t:|1781498469
|switch|p2a: Enamorus|Enamorus, F|100/100
|switch|p1a: Great Tusk|Great Tusk|100/100
|turn|4
|
|t:|1781498475
|-end|p1a: Great Tusk|Protosynthesis|[silent]
|switch|p1a: Slowking|Slowking-Galar, M|100/100
|move|p2a: Enamorus|Moonblast|p1a: Slowking
|-resisted|p1a: Slowking
|-damage|p1a: Slowking|78/100
|
|-heal|p1a: Slowking|84/100|[from] item: Black Sludge
|upkeep
|turn|5
|
|t:|1781498479
|move|p2a: Enamorus|Earth Power|p1a: Slowking
|-supereffective|p1a: Slowking
|-damage|p1a: Slowking|34/100
|-prepare|p1a: Slowking|Chilly Reception|[premajor]
|move|p1a: Slowking|Chilly Reception|p1a: Slowking
|-weather|Snowscape
|
|t:|1781498482
|switch|p1a: Kyurem|Kyurem|100/100|[from] Chilly Reception
|-ability|p1a: Kyurem|Pressure
|
|-weather|Snowscape|[upkeep]
|upkeep
|turn|6
|
|t:|1781498490
|switch|p1a: Tornadus|Tornadus-Therian, M|100/100
|move|p2a: Enamorus|Moonblast|p1a: Tornadus
|-damage|p1a: Tornadus|69/100
|
|-weather|Snowscape|[upkeep]
|upkeep
|turn|7
|
|t:|1781498493
|move|p1a: Tornadus|Knock Off|p2a: Enamorus
|-resisted|p2a: Enamorus
|-crit|p2a: Enamorus
|-damage|p2a: Enamorus|73/100
|-enditem|p2a: Enamorus|Focus Sash|[from] move: Knock Off|[of] p1a: Tornadus
|move|p2a: Enamorus|Moonblast|p1a: Tornadus
|-damage|p1a: Tornadus|35/100
|-unboost|p1a: Tornadus|spa|1
|
|-weather|Snowscape|[upkeep]
|upkeep
|turn|8
|
|t:|1781498499
|move|p1a: Tornadus|U-turn|p2a: Enamorus
|-resisted|p2a: Enamorus
|-damage|p2a: Enamorus|67/100
|
|t:|1781498502
|switch|p1a: Slowking|Slowking-Galar, M|67/100|[from] U-turn
|move|p2a: Enamorus|Moonblast|p1a: Slowking
|-resisted|p1a: Slowking
|-damage|p1a: Slowking|46/100
|
|-weather|Snowscape|[upkeep]
|-heal|p1a: Slowking|52/100|[from] item: Black Sludge
|upkeep
|turn|9
|
|t:|1781498505
|switch|p1a: Tornadus|Tornadus-Therian, M|68/100
|move|p2a: Enamorus|Earth Power|p1a: Tornadus
|-immune|p1a: Tornadus
|
|-weather|none
|upkeep
|turn|10
|
|t:|1781498511
|move|p1a: Tornadus|Bleakwind Storm|p2a: Enamorus|[miss]
|-miss|p1a: Tornadus|p2a: Enamorus
|move|p2a: Enamorus|Moonblast|p1a: Tornadus
|-damage|p1a: Tornadus|34/100
|
|upkeep
|turn|11
|
|t:|1781498514
|move|p1a: Tornadus|Bleakwind Storm|p2a: Enamorus
|-damage|p2a: Enamorus|17/100
|move|p2a: Enamorus|Moonblast|p1a: Tornadus
|-damage|p1a: Tornadus|0 fnt
|faint|p1a: Tornadus
|
|upkeep
|
|t:|1781498518
|switch|p1a: Kingambit|Kingambit, F|100/100
|-activate|p1a: Kingambit|ability: Supreme Overlord
|-start|p1a: Kingambit|fallen2|[silent]
|turn|12
|
|t:|1781498520
|move|p1a: Kingambit|Sucker Punch|p2a: Enamorus
|-resisted|p2a: Enamorus
|-damage|p2a: Enamorus|0 fnt
|faint|p2a: Enamorus
|
|upkeep
|
|t:|1781498523
|switch|p2a: Gallade|Gallade, M|100/100
|turn|13
|
|t:|1781498529
|-end|p1a: Kingambit|fallen2|[silent]
|switch|p1a: Slowking|Slowking-Galar, M|85/100
|move|p2a: Gallade|Sacred Sword|p1a: Slowking
|-resisted|p1a: Slowking
|-damage|p1a: Slowking|74/100
|
|-heal|p1a: Slowking|80/100|[from] item: Black Sludge
|upkeep
|turn|14
|
|t:|1781498533
|move|p2a: Gallade|Psycho Cut|p1a: Slowking
|-damage|p1a: Slowking|41/100
|move|p1a: Slowking|Trick|p2a: Gallade
|-activate|p1a: Slowking|move: Trick|[of] p2a: Gallade
|-item|p2a: Gallade|Black Sludge|[from] move: Trick
|-item|p1a: Slowking|Focus Sash|[from] move: Trick
|
|-damage|p2a: Gallade|88/100|[from] item: Black Sludge
|upkeep
|turn|15
|
|t:|1781498541
|move|p2a: Gallade|Swords Dance|p2a: Gallade
|-boost|p2a: Gallade|atk|2
|-prepare|p1a: Slowking|Chilly Reception|[premajor]
|move|p1a: Slowking|Chilly Reception|p1a: Slowking
|-weather|Snowscape
|
|t:|1781498547
|switch|p1a: Kyurem|Kyurem|100/100|[from] Chilly Reception
|-ability|p1a: Kyurem|Pressure
|
|-weather|Snowscape|[upkeep]
|-damage|p2a: Gallade|76/100|[from] item: Black Sludge
|upkeep
|turn|16
|
|t:|1781498560
|move|p1a: Kyurem|Blizzard|p2a: Gallade
|-damage|p2a: Gallade|0 fnt
|faint|p2a: Gallade
|
|-weather|Snowscape|[upkeep]
|upkeep
|
|t:|1781498564
|switch|p2a: Iron Moth|Iron Moth|100/100
|-enditem|p2a: Iron Moth|Booster Energy
|-activate|p2a: Iron Moth|ability: Quark Drive|[fromitem]
|-start|p2a: Iron Moth|quarkdrivespe
|turn|17
|
|t:|1781498569
|move|p2a: Iron Moth|Fiery Dance|p1a: Kyurem
|-damage|p1a: Kyurem|59/100
|move|p1a: Kyurem|Blizzard|p2a: Iron Moth
|-resisted|p2a: Iron Moth
|-damage|p2a: Iron Moth|62/100
|
|-weather|Snowscape|[upkeep]
|upkeep
|turn|18
|
|t:|1781498573
|move|p2a: Iron Moth|Fiery Dance|p1a: Kyurem
|-damage|p1a: Kyurem|24/100
|move|p1a: Kyurem|Blizzard|p2a: Iron Moth
|-resisted|p2a: Iron Moth
|-damage|p2a: Iron Moth|22/100
|-status|p2a: Iron Moth|frz
|
|-weather|Snowscape|[upkeep]
|upkeep
|turn|19
|
|t:|1781498578
|cant|p2a: Iron Moth|frz
|move|p1a: Kyurem|Blizzard|p2a: Iron Moth
|-resisted|p2a: Iron Moth
|-damage|p2a: Iron Moth|0 fnt
|faint|p2a: Iron Moth
|-end|p2a: Iron Moth|Quark Drive|[silent]
|
|-weather|none
|upkeep
|
|t:|1781498580
|switch|p2a: Ogerpon|Ogerpon-Cornerstone, F|100/100
|turn|20
|
|t:|1781498584
|move|p2a: Ogerpon|Ivy Cudgel|p1a: Kyurem|[anim] Ivy Cudgel Rock
|-supereffective|p1a: Kyurem
|-damage|p1a: Kyurem|0 fnt
|faint|p1a: Kyurem
|
|upkeep
|
|t:|1781498587
|switch|p1a: Kingambit|Kingambit, F|100/100
|-activate|p1a: Kingambit|ability: Supreme Overlord
|-start|p1a: Kingambit|fallen3|[silent]
|turn|21
|
|t:|1781498592
|switch|p2a: Kingambit|Kingambit, M|100/100
|-activate|p2a: Kingambit|ability: Supreme Overlord
|-start|p2a: Kingambit|fallen4|[silent]
|-end|p1a: Kingambit|fallen3|[silent]
|switch|p1a: Slowking|Slowking-Galar, M|74/100
|
|upkeep
|turn|22
|
|t:|1781498598
|move|p2a: Kingambit|Iron Head|p1a: Slowking
|-damage|p1a: Slowking|17/100
|-damage|p2a: Kingambit|91/100|[from] item: Life Orb
|-prepare|p1a: Slowking|Chilly Reception|[premajor]
|move|p1a: Slowking|Chilly Reception|p1a: Slowking
|-weather|Snowscape
|
|t:|1781498603
|switch|p1a: Great Tusk|Great Tusk|100/100|[from] Chilly Reception
|
|-weather|Snowscape|[upkeep]
|upkeep
|turn|23
|
|t:|1781498614
|-terastallize|p2a: Kingambit|Ghost
|move|p1a: Great Tusk|Rapid Spin|p2a: Kingambit
|-immune|p2a: Kingambit
|move|p2a: Kingambit|Swords Dance|p2a: Kingambit
|-boost|p2a: Kingambit|atk|2
|
|-weather|Snowscape|[upkeep]
|upkeep
|turn|24
|
|t:|1781498619
|move|p1a: Great Tusk|Headlong Rush|p2a: Kingambit
|-damage|p2a: Kingambit|33/100
|-unboost|p1a: Great Tusk|def|1
|-unboost|p1a: Great Tusk|spd|1
|move|p2a: Kingambit|Low Kick|p1a: Great Tusk
|-damage|p1a: Great Tusk|0 fnt
|-damage|p2a: Kingambit|17/100|[from] item: Rocky Helmet|[of] p1a: Great Tusk
|faint|p1a: Great Tusk
|-end|p1a: Great Tusk|Protosynthesis|[silent]
|-damage|p2a: Kingambit|7/100|[from] item: Life Orb
|
|-weather|Snowscape|[upkeep]
|upkeep
|
|t:|1781498626
|switch|p1a: Slowking|Slowking-Galar, M|50/100
|turn|25
|
|t:|1781498630
|move|p2a: Kingambit|Sucker Punch|p1a: Slowking
|-supereffective|p1a: Slowking
|-damage|p1a: Slowking|0 fnt
|faint|p1a: Slowking
|-damage|p2a: Kingambit|0 fnt|[from] item: Life Orb
|faint|p2a: Kingambit
|-end|p2a: Kingambit|fallen4|[silent]
|
|-weather|Snowscape|[upkeep]
|upkeep
|
|t:|1781498633
|switch|p2a: Ogerpon|Ogerpon-Cornerstone, F|100/100
|switch|p1a: Kingambit|Kingambit, F|100/100
|-activate|p1a: Kingambit|ability: Supreme Overlord
|-start|p1a: Kingambit|fallen5|[silent]
|turn|26
|
|t:|1781498639
|-terastallize|p1a: Kingambit|Ghost
|move|p2a: Ogerpon|Power Whip|p1a: Kingambit
|-damage|p1a: Kingambit|52/100
|move|p1a: Kingambit|Iron Head|p2a: Ogerpon
|-supereffective|p2a: Ogerpon
|-ability|p2a: Ogerpon|Sturdy
|-damage|p2a: Ogerpon|1/100
|
|-weather|none
|-heal|p1a: Kingambit|58/100|[from] item: Leftovers
|upkeep
|turn|27
|
|t:|1781498646
|move|p1a: Kingambit|Sucker Punch||[still]
|-fail|p1a: Kingambit
|move|p2a: Ogerpon|Swords Dance|p2a: Ogerpon
|-boost|p2a: Ogerpon|atk|2
|
|-heal|p1a: Kingambit|64/100|[from] item: Leftovers
|upkeep
|turn|28
|
|t:|1781498651
|move|p1a: Kingambit|Sucker Punch|p2a: Ogerpon
|-damage|p2a: Ogerpon|0 fnt
|faint|p2a: Ogerpon
|
|win|bigballs01
|raw|bigballs01's rating: 1567 &rarr; <strong>1585</strong><br />(+18 for winning)
|raw|eljugoaaron's rating: 1531 &rarr; <strong>1513</strong><br />(-18 for losing)
|l|☆eljugoaaron
|player|p2|
|l|☆bigballs01
|player|p1|
