|j|☆ja hoi
|j|☆Kloakris
|t:|1780909906
|gametype|singles
|player|p1|ja hoi|101|1581
|player|p2|Kloakris|102|1582
|gen|9
|tier|[Gen 9] OU
|rated|
|rule|HP Percentage Mod: HP is shown in percentages
|rule|Endless Battle Clause: Forcing endless battles is banned
|rule|Species Clause: Limit one of each Pokémon
|rule|OHKO Clause: OHKO moves are banned
|rule|Evasion Items Clause: Evasion items are banned
|rule|Evasion Moves Clause: Evasion moves are banned
|rule|Evasion Abilities Clause: Evasion abilities are banned
|rule|Sleep Moves Clause: Sleep-inducing moves are banned
|clearpoke
|poke|p1|Quaquaval, F|
|poke|p1|Zamazenta-*|
|poke|p1|Dragapult, F|
|poke|p1|Garganacl, M|
|poke|p1|Grimmsnarl, M|
|poke|p1|Iron Moth|
|poke|p2|Ribombee, F|
|poke|p2|Gholdengo|
|poke|p2|Great Tusk|
|poke|p2|Raging Bolt|
|poke|p2|Ogerpon-Cornerstone, F|
|poke|p2|Ceruledge, M|
|teampreview
|inactive|Battle timer is ON: inactive players will automatically lose when time's up. (requested by Kloakris)
|
|t:|1780909933
|teamsize|p1|6
|teamsize|p2|6
|start
|switch|p1a: Grimmsnarl|Grimmsnarl, M|100/100
|switch|p2a: NEW DROP|Ribombee, F, shiny|100/100
|turn|1
|
|t:|1780909953
|move|p1a: Grimmsnarl|Taunt|p2a: NEW DROP
|-start|p2a: NEW DROP|move: Taunt
|cant|p2a: NEW DROP|move: Taunt|Sticky Web
|
|upkeep
|turn|2
|
|t:|1780909958
|move|p1a: Grimmsnarl|Light Screen|p1a: Grimmsnarl
|-sidestart|p1: ja hoi|move: Light Screen
|move|p2a: NEW DROP|Moonblast|p1a: Grimmsnarl
|-supereffective|p1a: Grimmsnarl
|-crit|p1a: Grimmsnarl
|-damage|p1a: Grimmsnarl|10/100
|
|upkeep
|turn|3
|
|t:|1780909970
|switch|p2a: BANDIT|Great Tusk, shiny|100/100
|-enditem|p2a: BANDIT|Booster Energy
|-activate|p2a: BANDIT|ability: Protosynthesis|[fromitem]
|-start|p2a: BANDIT|protosynthesisatk
|move|p1a: Grimmsnarl|Reflect|p1a: Grimmsnarl
|-sidestart|p1: ja hoi|Reflect
|
|upkeep
|turn|4
|
|t:|1780909976
|move|p1a: Grimmsnarl|Parting Shot|p2a: BANDIT
|-unboost|p2a: BANDIT|atk|1
|-unboost|p2a: BANDIT|spa|1
|
|t:|1780909980
|switch|p1a: Quaquaval|Quaquaval, F|100/100|[from] Parting Shot
|move|p2a: BANDIT|Rapid Spin|p1a: Quaquaval
|-damage|p1a: Quaquaval|90/100
|-boost|p2a: BANDIT|spe|1
|
|upkeep
|turn|5
|
|t:|1780909988
|move|p2a: BANDIT|Headlong Rush|p1a: Quaquaval
|-damage|p1a: Quaquaval|52/100
|-unboost|p2a: BANDIT|def|1
|-unboost|p2a: BANDIT|spd|1
|move|p1a: Quaquaval|Aqua Step|p2a: BANDIT
|-supereffective|p2a: BANDIT
|-damage|p2a: BANDIT|0 fnt
|-boost|p1a: Quaquaval|spe|1
|faint|p2a: BANDIT
|-end|p2a: BANDIT|Protosynthesis|[silent]
|-ability|p1a: Quaquaval|Moxie|boost
|-boost|p1a: Quaquaval|atk|1
|
|upkeep
|
|t:|1780910014
|switch|p2a: NEW DROP|Ribombee, F, shiny|100/100
|turn|6
|
|t:|1780910017
|move|p1a: Quaquaval|Aqua Step|p2a: NEW DROP
|-enditem|p2a: NEW DROP|Focus Sash
|-damage|p2a: NEW DROP|1/100
|-boost|p1a: Quaquaval|spe|1
|move|p2a: NEW DROP|Sticky Web|p1a: Quaquaval
|-sidestart|p1: ja hoi|move: Sticky Web
|
|upkeep
|turn|7
|
|t:|1780910023
|move|p1a: Quaquaval|Aqua Step|p2a: NEW DROP
|-damage|p2a: NEW DROP|0 fnt
|-boost|p1a: Quaquaval|spe|1
|faint|p2a: NEW DROP
|-ability|p1a: Quaquaval|Moxie|boost
|-boost|p1a: Quaquaval|atk|1
|
|upkeep
|
|t:|1780910026
|switch|p2a: BROTHER STONE|Ogerpon-Cornerstone, F|100/100
|turn|8
|
|t:|1780910031
|move|p1a: Quaquaval|Aqua Step|p2a: BROTHER STONE
|-ability|p2a: BROTHER STONE|Sturdy
|-damage|p2a: BROTHER STONE|1/100
|-boost|p1a: Quaquaval|spe|1
|move|p2a: BROTHER STONE|Power Whip|p1a: Quaquaval
|-supereffective|p1a: Quaquaval
|-damage|p1a: Quaquaval|0 fnt
|faint|p1a: Quaquaval
|
|upkeep
|
|t:|1780910045
|switch|p1a: Dragapult|Dragapult, F|100/100
|-activate|p1a: Dragapult|move: Sticky Web
|-unboost|p1a: Dragapult|spe|1
|turn|9
|
|t:|1780910049
|move|p2a: BROTHER STONE|Ivy Cudgel|p1a: Dragapult|[anim] Ivy Cudgel Rock
|-damage|p1a: Dragapult|54/100
|move|p1a: Dragapult|Dragon Dance|p1a: Dragapult
|-boost|p1a: Dragapult|atk|1
|-boost|p1a: Dragapult|spe|1
|
|-heal|p1a: Dragapult|60/100|[from] item: Leftovers
|-sideend|p1: ja hoi|move: Light Screen
|upkeep
|turn|10
|
|t:|1780910057
|move|p1a: Dragapult|Dragon Darts|p2a: BROTHER STONE
|-damage|p2a: BROTHER STONE|0 fnt
|faint|p2a: BROTHER STONE
|
|-heal|p1a: Dragapult|66/100|[from] item: Leftovers
|-sideend|p1: ja hoi|Reflect
|upkeep
|
|t:|1780910072
|switch|p2a: KRYPTONITE|Gholdengo, shiny|100/100
|-item|p2a: KRYPTONITE|Air Balloon
|turn|11
|
|t:|1780910076
|-terastallize|p2a: KRYPTONITE|Fighting
|move|p1a: Dragapult|Phantom Force||[still]
|-prepare|p1a: Dragapult|Phantom Force
|move|p2a: KRYPTONITE|Shadow Ball|p1a: Dragapult|[miss]
|-miss|p2a: KRYPTONITE|p1a: Dragapult
|
|-heal|p1a: Dragapult|72/100|[from] item: Leftovers
|upkeep
|turn|12
|
|t:|1780910083
|move|p1a: Dragapult|Phantom Force|p2a: KRYPTONITE|[from] lockedmove
|-damage|p2a: KRYPTONITE|16/100
|-enditem|p2a: KRYPTONITE|Air Balloon
|move|p2a: KRYPTONITE|Shadow Ball|p1a: Dragapult
|-supereffective|p1a: Dragapult
|-damage|p1a: Dragapult|0 fnt
|faint|p1a: Dragapult
|
|upkeep
|
|t:|1780910091
|switch|p1a: Grimmsnarl|Grimmsnarl, M|10/100
|-activate|p1a: Grimmsnarl|move: Sticky Web
|-unboost|p1a: Grimmsnarl|spe|1
|turn|13
|
|t:|1780910105
|move|p1a: Grimmsnarl|Light Screen|p1a: Grimmsnarl
|-sidestart|p1: ja hoi|move: Light Screen
|move|p2a: KRYPTONITE|Shadow Ball|p1a: Grimmsnarl
|-resisted|p1a: Grimmsnarl
|-damage|p1a: Grimmsnarl|2/100
|
|upkeep
|turn|14
|
|t:|1780910111
|move|p1a: Grimmsnarl|Reflect|p1a: Grimmsnarl
|-sidestart|p1: ja hoi|Reflect
|move|p2a: KRYPTONITE|Nasty Plot|p2a: KRYPTONITE
|-boost|p2a: KRYPTONITE|spa|2
|
|upkeep
|turn|15
|
|t:|1780910124
|move|p1a: Grimmsnarl|Reflect||[still]
|-fail|p1a: Grimmsnarl
|move|p2a: KRYPTONITE|Nasty Plot|p2a: KRYPTONITE
|-boost|p2a: KRYPTONITE|spa|2
|
|upkeep
|turn|16
|
|t:|1780910130
|move|p1a: Grimmsnarl|Reflect||[still]
|-fail|p1a: Grimmsnarl
|move|p2a: KRYPTONITE|Nasty Plot|p2a: KRYPTONITE
|-boost|p2a: KRYPTONITE|spa|2
|
|upkeep
|turn|17
|
|t:|1780910135
|move|p1a: Grimmsnarl|Reflect||[still]
|-fail|p1a: Grimmsnarl
|move|p2a: KRYPTONITE|Nasty Plot|p2a: KRYPTONITE
|-boost|p2a: KRYPTONITE|spa|0
|
|upkeep
|turn|18
|
|t:|1780910141
|switch|p1a: Zamazenta|Zamazenta|100/100
|-activate|p1a: Zamazenta|move: Sticky Web
|-unboost|p1a: Zamazenta|spe|1
|-ability|p1a: Zamazenta|Dauntless Shield|boost
|-boost|p1a: Zamazenta|def|1
|move|p2a: KRYPTONITE|Nasty Plot|p2a: KRYPTONITE
|-boost|p2a: KRYPTONITE|spa|0
|
|upkeep
|turn|19
|
|t:|1780910150
|move|p1a: Zamazenta|Body Press|p2a: KRYPTONITE
|-damage|p2a: KRYPTONITE|0 fnt
|faint|p2a: KRYPTONITE
|
|upkeep
|
|t:|1780910165
|switch|p2a: GREAT NECK|Raging Bolt|100/100
|-enditem|p2a: GREAT NECK|Booster Energy
|-activate|p2a: GREAT NECK|ability: Protosynthesis|[fromitem]
|-start|p2a: GREAT NECK|protosynthesisspa
|turn|20
|
|t:|1780910178
|move|p1a: Zamazenta|Body Press|p2a: GREAT NECK
|-damage|p2a: GREAT NECK|58/100
|move|p2a: GREAT NECK|Calm Mind|p2a: GREAT NECK
|-boost|p2a: GREAT NECK|spa|1
|-boost|p2a: GREAT NECK|spd|1
|
|-sideend|p1: ja hoi|move: Light Screen
|upkeep
|turn|21
|
|t:|1780910184
|move|p1a: Zamazenta|Body Press|p2a: GREAT NECK
|-damage|p2a: GREAT NECK|13/100
|move|p2a: GREAT NECK|Thunderbolt|p1a: Zamazenta
|-damage|p1a: Zamazenta|20/100
|-status|p1a: Zamazenta|par
|
|-heal|p1a: Zamazenta|26/100 par|[from] item: Leftovers
|-sideend|p1: ja hoi|Reflect
|upkeep
|turn|22
|
|t:|1780910193
|move|p2a: GREAT NECK|Thunderbolt|p1a: Zamazenta
|-damage|p1a: Zamazenta|0 fnt
|faint|p1a: Zamazenta
|
|upkeep
|
|t:|1780910198
|switch|p1a: Grimmsnarl|Grimmsnarl, M|2/100
|-activate|p1a: Grimmsnarl|move: Sticky Web
|-unboost|p1a: Grimmsnarl|spe|1
|turn|23
|
|t:|1780910213
|move|p1a: Grimmsnarl|Reflect|p1a: Grimmsnarl
|-sidestart|p1: ja hoi|Reflect
|move|p2a: GREAT NECK|Calm Mind|p2a: GREAT NECK
|-boost|p2a: GREAT NECK|spa|1
|-boost|p2a: GREAT NECK|spd|1
|
|upkeep
|turn|24
|
|t:|1780910220
|move|p1a: Grimmsnarl|Light Screen|p1a: Grimmsnarl
|-sidestart|p1: ja hoi|move: Light Screen
|move|p2a: GREAT NECK|Calm Mind|p2a: GREAT NECK
|-boost|p2a: GREAT NECK|spa|1
|-boost|p2a: GREAT NECK|spd|1
|
|upkeep
|turn|25
|
|t:|1780910226
|move|p1a: Grimmsnarl|Taunt|p2a: GREAT NECK
|-start|p2a: GREAT NECK|move: Taunt
|cant|p2a: GREAT NECK|move: Taunt|Calm Mind
|
|upkeep
|turn|26
|
|t:|1780910231
|move|p2a: GREAT NECK|Thunderclap||[still]
|-fail|p2a: GREAT NECK
|move|p1a: Grimmsnarl|Taunt||[still]
|-fail|p1a: Grimmsnarl
|
|upkeep
|turn|27
|
|t:|1780910237
|move|p2a: GREAT NECK|Thunderclap||[still]
|-fail|p2a: GREAT NECK
|move|p1a: Grimmsnarl|Taunt||[still]
|-fail|p1a: Grimmsnarl
|
|-end|p2a: GREAT NECK|move: Taunt
|upkeep
|turn|28
|
|t:|1780910244
|move|p1a: Grimmsnarl|Taunt|p2a: GREAT NECK
|-start|p2a: GREAT NECK|move: Taunt
|move|p2a: GREAT NECK|Dragon Pulse|p1a: Grimmsnarl
|-immune|p1a: Grimmsnarl
|
|upkeep
|turn|29
|
|t:|1780910251
|move|p1a: Grimmsnarl|Parting Shot|p2a: GREAT NECK
|-unboost|p2a: GREAT NECK|atk|1
|-unboost|p2a: GREAT NECK|spa|1
|
|t:|1780910255
|switch|p1a: Garganacl|Garganacl, M|100/100|[from] Parting Shot
|-activate|p1a: Garganacl|move: Sticky Web
|-unboost|p1a: Garganacl|spe|1
|move|p2a: GREAT NECK|Dragon Pulse|p1a: Garganacl
|-damage|p1a: Garganacl|57/100
|
|-heal|p1a: Garganacl|63/100|[from] item: Leftovers
|upkeep
|turn|30
|
|t:|1780910268
|move|p2a: GREAT NECK|Thunderbolt|p1a: Garganacl
|-damage|p1a: Garganacl|15/100
|move|p1a: Garganacl|Salt Cure|p2a: GREAT NECK
|-damage|p2a: GREAT NECK|1/100
|-start|p2a: GREAT NECK|Salt Cure
|
|-heal|p1a: Garganacl|21/100|[from] item: Leftovers
|-damage|p2a: GREAT NECK|0 fnt|[from] Salt Cure
|faint|p2a: GREAT NECK
|-end|p2a: GREAT NECK|Protosynthesis|[silent]
|-sideend|p1: ja hoi|Reflect
|upkeep
|
|t:|1780910278
|switch|p2a: TORE UP|Ceruledge, M, shiny|100/100
|turn|31
|
|t:|1780910282
|move|p2a: TORE UP|Close Combat|p1a: Garganacl
|-supereffective|p1a: Garganacl
|-damage|p1a: Garganacl|0 fnt
|-unboost|p2a: TORE UP|def|1
|-unboost|p2a: TORE UP|spd|1
|faint|p1a: Garganacl
|
|-sideend|p1: ja hoi|move: Light Screen
|upkeep
|
|t:|1780910289
|switch|p1a: Grimmsnarl|Grimmsnarl, M|2/100
|-activate|p1a: Grimmsnarl|move: Sticky Web
|-unboost|p1a: Grimmsnarl|spe|1
|turn|32
|
|t:|1780910293
|move|p2a: TORE UP|Shadow Sneak|p1a: Grimmsnarl
|-resisted|p1a: Grimmsnarl
|-damage|p1a: Grimmsnarl|0 fnt
|faint|p1a: Grimmsnarl
|
|upkeep
|
|t:|1780910297
|switch|p1a: Iron Moth|Iron Moth|100/100
|-activate|p1a: Iron Moth|move: Sticky Web
|-unboost|p1a: Iron Moth|spe|1
|-enditem|p1a: Iron Moth|Booster Energy
|-activate|p1a: Iron Moth|ability: Quark Drive|[fromitem]
|-start|p1a: Iron Moth|quarkdrivespa
|turn|33
|
|t:|1780910303
|move|p2a: TORE UP|Close Combat|p1a: Iron Moth
|-resisted|p1a: Iron Moth
|-damage|p1a: Iron Moth|60/100
|-unboost|p2a: TORE UP|def|1
|-unboost|p2a: TORE UP|spd|1
|move|p1a: Iron Moth|Sludge Wave|p2a: TORE UP
|-resisted|p2a: TORE UP
|-damage|p2a: TORE UP|12/100
|-status|p2a: TORE UP|psn
|
|-damage|p2a: TORE UP|0 fnt|[from] psn
|faint|p2a: TORE UP
|
|win|ja hoi
|raw|ja hoi's rating: 1581 &rarr; <strong>1601</strong><br />(+20 for winning)
|raw|Kloakris's rating: 1582 &rarr; <strong>1562</strong><br />(-20 for losing)
|c|☆ja hoi|gg
|l|☆ja hoi
|player|p1|
|l|☆Kloakris
|player|p2|
