|j|☆FitzyLegend
|j|☆texett
|t:|1781593945
|gametype|singles
|player|p1|FitzyLegend|hilbert|1496
|player|p2|texett|jasmine|1658
|gen|9
|tier|[Gen 9] OU
|rated|
|rule|HP Percentage Mod: HP is shown in percentages
|rule|Endless Battle Clause: Forcing endless battles is banned
|rule|Species Clause: Limit one of each Pokémon
|rule|OHKO Clause: OHKO moves are banned
|rule|Evasion Items Clause: Evasion items are banned
|rule|Evasion Moves Clause: Evasion moves are banned
|rule|Evasion Abilities Clause: Evasion abilities are banned
|rule|Sleep Moves Clause: Sleep-inducing moves are banned
|clearpoke
|poke|p1|Hawlucha, M|
|poke|p1|Maushold-Four|
|poke|p1|Iron Valiant|
|poke|p1|Samurott-Hisui, M|
|poke|p1|Serperior, M|
|poke|p1|Gliscor, M|
|poke|p2|Glimmora, M|
|poke|p2|Dragapult, F|
|poke|p2|Zapdos|
|poke|p2|Samurott-Hisui, M|
|poke|p2|Iron Treads|
|poke|p2|Slither Wing|
|teampreview
|inactive|Battle timer is ON: inactive players will automatically lose when time's up. (requested by texett)
|
|t:|1781593956
|teamsize|p1|6
|teamsize|p2|6
|start
|switch|p1a: Serperior|Serperior, M|100/100
|switch|p2a: Samurott|Samurott-Hisui, M, shiny|100/100
|turn|1
|
|t:|1781593966
|switch|p2a: Zapdos|Zapdos, shiny|100/100
|move|p1a: Serperior|Glare|p2a: Zapdos
|-immune|p2a: Zapdos
|
|upkeep
|turn|2
|
|t:|1781593973
|-terastallize|p1a: Serperior|Dragon
|move|p1a: Serperior|Substitute|p1a: Serperior
|-start|p1a: Serperior|Substitute
|-damage|p1a: Serperior|75/100
|move|p2a: Zapdos|Hurricane|p1a: Serperior
|-end|p1a: Serperior|Substitute
|
|-heal|p1a: Serperior|82/100|[from] item: Leftovers
|upkeep
|turn|3
|
|t:|1781593984
|move|p1a: Serperior|Leaf Storm|p2a: Zapdos
|-resisted|p2a: Zapdos
|-damage|p2a: Zapdos|76/100
|-boost|p1a: Serperior|spa|2
|move|p2a: Zapdos|Hurricane|p1a: Serperior
|-damage|p1a: Serperior|30/100
|
|-heal|p1a: Serperior|36/100|[from] item: Leftovers
|upkeep
|turn|4
|
|t:|1781593996
|move|p1a: Serperior|Substitute|p1a: Serperior
|-start|p1a: Serperior|Substitute
|-damage|p1a: Serperior|11/100
|move|p2a: Zapdos|Hurricane|p1a: Serperior|[miss]
|-miss|p2a: Zapdos|p1a: Serperior
|
|-heal|p1a: Serperior|18/100|[from] item: Leftovers
|upkeep
|turn|5
|
|t:|1781594013
|move|p1a: Serperior|Leaf Storm|p2a: Zapdos
|-resisted|p2a: Zapdos
|-damage|p2a: Zapdos|29/100
|-boost|p1a: Serperior|spa|2
|move|p2a: Zapdos|Hurricane|p1a: Serperior
|-end|p1a: Serperior|Substitute
|
|-heal|p1a: Serperior|24/100|[from] item: Leftovers
|upkeep
|turn|6
|
|t:|1781594024
|move|p1a: Serperior|Dragon Pulse|p2a: Zapdos
|-damage|p2a: Zapdos|0 fnt
|faint|p2a: Zapdos
|
|-heal|p1a: Serperior|30/100|[from] item: Leftovers
|upkeep
|
|t:|1781594026
|switch|p2a: Dragapult|Dragapult, F, shiny|100/100
|turn|7
|
|t:|1781594033
|switch|p1a: Iron Valiant|Iron Valiant|100/100
|-enditem|p1a: Iron Valiant|Booster Energy
|-activate|p1a: Iron Valiant|ability: Quark Drive|[fromitem]
|-start|p1a: Iron Valiant|quarkdrivespe
|move|p2a: Dragapult|Shadow Ball|p1a: Iron Valiant
|-damage|p1a: Iron Valiant|0 fnt
|faint|p1a: Iron Valiant
|-end|p1a: Iron Valiant|Quark Drive|[silent]
|
|upkeep
|
|t:|1781594044
|switch|p1a: Samurott|Samurott-Hisui, M|100/100
|turn|8
|
|t:|1781594049
|switch|p2a: Slither Wing|Slither Wing, shiny|100/100
|move|p1a: Samurott|Ceaseless Edge|p2a: Slither Wing
|-resisted|p2a: Slither Wing
|-damage|p2a: Slither Wing|83/100
|-sidestart|p2: texett|Spikes
|
|upkeep
|turn|9
|
|t:|1781594061
|move|p1a: Samurott|Aqua Cutter|p2a: Slither Wing
|-damage|p2a: Slither Wing|47/100
|move|p2a: Slither Wing|Will-O-Wisp|p1a: Samurott
|-status|p1a: Samurott|brn
|
|-damage|p1a: Samurott|94/100 brn|[from] brn
|upkeep
|turn|10
|
|t:|1781594070
|move|p1a: Samurott|Encore|p2a: Slither Wing
|-start|p2a: Slither Wing|Encore
|move|p2a: Slither Wing|Will-O-Wisp|p1a: Samurott|[miss]
|-miss|p2a: Slither Wing|p1a: Samurott
|
|-damage|p1a: Samurott|88/100 brn|[from] brn
|upkeep
|turn|11
|
|t:|1781594080
|-end|p2a: Slither Wing|Protosynthesis|[silent]
|switch|p2a: Glimmora|Glimmora, M, shiny|100/100
|-damage|p2a: Glimmora|88/100|[from] Spikes
|move|p1a: Samurott|Aqua Cutter|p2a: Glimmora
|-supereffective|p2a: Glimmora
|-damage|p2a: Glimmora|27/100
|-activate|p2a: Glimmora|ability: Toxic Debris
|-sidestart|p1: FitzyLegend|move: Toxic Spikes
|-enditem|p2a: Glimmora|Red Card|[of] p1a: Samurott
|drag|p1a: Serperior|Serperior, M, tera:Dragon|30/100
|-status|p1a: Serperior|psn
|
|-heal|p1a: Serperior|36/100 psn|[from] item: Leftovers
|-damage|p1a: Serperior|24/100 psn|[from] psn
|upkeep
|turn|12
|
|t:|1781594100
|move|p1a: Serperior|Leaf Storm|p2a: Glimmora
|-damage|p2a: Glimmora|0 fnt
|-boost|p1a: Serperior|spa|2
|faint|p2a: Glimmora
|
|-heal|p1a: Serperior|30/100 psn|[from] item: Leftovers
|-damage|p1a: Serperior|18/100 psn|[from] psn
|upkeep
|
|t:|1781594115
|switch|p2a: Slither Wing|Slither Wing, shiny|47/100
|turn|13
|
|t:|1781594121
|move|p1a: Serperior|Dragon Pulse|p2a: Slither Wing
|-damage|p2a: Slither Wing|0 fnt
|faint|p2a: Slither Wing
|-end|p2a: Slither Wing|Protosynthesis|[silent]
|
|-heal|p1a: Serperior|24/100 psn|[from] item: Leftovers
|-damage|p1a: Serperior|11/100 psn|[from] psn
|upkeep
|
|t:|1781594129
|switch|p2a: Iron Treads|Iron Treads, shiny|100/100
|-damage|p2a: Iron Treads|88/100|[from] Spikes
|turn|14
|
|t:|1781594136
|move|p1a: Serperior|Leaf Storm|p2a: Iron Treads
|-damage|p2a: Iron Treads|35/100
|-boost|p1a: Serperior|spa|2
|move|p2a: Iron Treads|Rapid Spin|p1a: Serperior
|-damage|p1a: Serperior|0 fnt
|-boost|p2a: Iron Treads|spe|1
|-sideend|p2: texett|Spikes|[from] move: Rapid Spin|[of] p2a: Iron Treads
|faint|p1a: Serperior
|
|upkeep
|
|t:|1781594152
|switch|p1a: Gliscor|Gliscor, M|100/100
|turn|15
|
|t:|1781594160
|move|p2a: Iron Treads|Knock Off|p1a: Gliscor
|-damage|p1a: Gliscor|80/100
|-enditem|p1a: Gliscor|Toxic Orb|[from] move: Knock Off|[of] p2a: Iron Treads
|move|p1a: Gliscor|Earthquake|p2a: Iron Treads
|-supereffective|p2a: Iron Treads
|-damage|p2a: Iron Treads|0 fnt
|faint|p2a: Iron Treads
|-end|p2a: Iron Treads|Quark Drive|[silent]
|
|upkeep
|
|t:|1781594165
|switch|p2a: Samurott|Samurott-Hisui, M, shiny|100/100
|turn|16
|
|t:|1781594176
|move|p2a: Samurott|Ceaseless Edge|p1a: Gliscor
|-damage|p1a: Gliscor|49/100
|-sidestart|p1: FitzyLegend|Spikes
|move|p1a: Gliscor|Earthquake|p2a: Samurott
|-damage|p2a: Samurott|63/100
|
|upkeep
|turn|17
|
|t:|1781594184
|move|p2a: Samurott|Aqua Cutter|p1a: Gliscor
|-supereffective|p1a: Gliscor
|-damage|p1a: Gliscor|0 fnt
|faint|p1a: Gliscor
|
|upkeep
|
|t:|1781594192
|switch|p1a: Maushold|Maushold-Four|100/100
|-status|p1a: Maushold|psn
|-damage|p1a: Maushold|88/100 psn|[from] Spikes
|turn|18
|
|t:|1781594198
|move|p1a: Maushold|Tidy Up|p1a: Maushold
|-sideend|p1: FitzyLegend|Spikes
|-sideend|p1: FitzyLegend|Toxic Spikes
|-activate|p1a: Maushold|move: Tidy Up
|-boost|p1a: Maushold|atk|1
|-boost|p1a: Maushold|spe|1
|move|p2a: Samurott|Sacred Sword|p1a: Maushold
|-supereffective|p1a: Maushold
|-damage|p1a: Maushold|0 fnt
|faint|p1a: Maushold
|
|upkeep
|
|t:|1781594209
|switch|p1a: Hawlucha|Hawlucha, M|100/100
|turn|19
|
|t:|1781594218
|move|p1a: Hawlucha|Sky Attack||[still]
|-prepare|p1a: Hawlucha|Sky Attack
|-enditem|p1a: Hawlucha|Power Herb
|-anim|p1a: Hawlucha|Sky Attack|p2a: Samurott
|-damage|p2a: Samurott|0 fnt
|faint|p2a: Samurott
|
|upkeep
|
|t:|1781594222
|switch|p2a: Dragapult|Dragapult, F, shiny|100/100
|turn|20
|
|t:|1781594229
|-terastallize|p2a: Dragapult|Ghost
|move|p1a: Hawlucha|Acrobatics|p2a: Dragapult
|-damage|p2a: Dragapult|29/100
|move|p2a: Dragapult|Shadow Ball|p1a: Hawlucha
|-damage|p1a: Hawlucha|0 fnt
|faint|p1a: Hawlucha
|
|upkeep
|c|☆FitzyLegend|Gg
|
|t:|1781594243
|switch|p1a: Samurott|Samurott-Hisui, M|88/100 brn
|turn|21
|
|t:|1781594246
|move|p1a: Samurott|Sucker Punch|p2a: Dragapult
|-supereffective|p2a: Dragapult
|-damage|p2a: Dragapult|0 fnt
|faint|p2a: Dragapult
|
|win|FitzyLegend
|raw|FitzyLegend's rating: 1496 &rarr; <strong>1525</strong><br />(+29 for winning)
|raw|texett's rating: 1658 &rarr; <strong>1629</strong><br />(-29 for losing)
|l|☆texett
|player|p2|
|l|☆FitzyLegend
|player|p1|
