|j|☆vartholomeus
|j|☆Roseofrosarade
|t:|1781384977
|gametype|singles
|player|p1|vartholomeus|gambler|1583
|player|p2|Roseofrosarade|1|1700
|gen|9
|tier|[Gen 9] OU
|rated|
|rule|HP Percentage Mod: HP is shown in percentages
|rule|Endless Battle Clause: Forcing endless battles is banned
|rule|Species Clause: Limit one of each Pokémon
|rule|OHKO Clause: OHKO moves are banned
|rule|Evasion Items Clause: Evasion items are banned
|rule|Evasion Moves Clause: Evasion moves are banned
|rule|Evasion Abilities Clause: Evasion abilities are banned
|rule|Sleep Moves Clause: Sleep-inducing moves are banned
|clearpoke
|poke|p1|Moltres|
|poke|p1|Kleavor, F|
|poke|p1|Greninja-*, M|
|poke|p1|Ting-Lu|
|poke|p1|Iron Valiant|
|poke|p1|Gholdengo|
|poke|p2|Garchomp, F|
|poke|p2|Alomomola, M|
|poke|p2|Gholdengo|
|poke|p2|Zamazenta-*|
|poke|p2|Clefable, F|
|poke|p2|Tornadus-Therian, M|
|teampreview
|inactive|Battle timer is ON: inactive players will automatically lose when time's up. (requested by vartholomeus)
|
|t:|1781384982
|teamsize|p1|6
|teamsize|p2|6
|start
|switch|p1a: Klingk|Kleavor, F|100/100
|switch|p2a: Garchomp|Garchomp, F|100/100
|turn|1
|
|t:|1781384986
|move|p1a: Klingk|Stone Axe|p2a: Garchomp
|-resisted|p2a: Garchomp
|-damage|p2a: Garchomp|83/100
|-damage|p1a: Klingk|88/100|[from] ability: Rough Skin|[of] p2a: Garchomp
|-sidestart|p2: Roseofrosarade|move: Stealth Rock
|move|p2a: Garchomp|Stealth Rock|p1a: Klingk
|-sidestart|p1: vartholomeus|move: Stealth Rock
|
|upkeep
|turn|2
|
|t:|1781384991
|move|p1a: Klingk|Swords Dance|p1a: Klingk
|-boost|p1a: Klingk|atk|2
|move|p2a: Garchomp|Spikes|p1a: Klingk
|-sidestart|p1: vartholomeus|Spikes
|
|upkeep
|turn|3
|
|t:|1781384995
|move|p1a: Klingk|Close Combat|p2a: Garchomp
|-damage|p2a: Garchomp|22/100
|-unboost|p1a: Klingk|def|1
|-unboost|p1a: Klingk|spd|1
|-damage|p1a: Klingk|76/100|[from] ability: Rough Skin|[of] p2a: Garchomp
|move|p2a: Garchomp|Dragon Tail|p1a: Klingk
|-damage|p1a: Klingk|28/100
|drag|p1a: Lulu|Ting-Lu|100/100
|-damage|p1a: Lulu|94/100|[from] Stealth Rock
|-damage|p1a: Lulu|82/100|[from] Spikes
|-ability|p1a: Lulu|Vessel of Ruin
|
|-heal|p1a: Lulu|88/100|[from] item: Leftovers
|upkeep
|turn|4
|
|t:|1781385006
|move|p2a: Garchomp|Spikes|p1a: Lulu
|-sidestart|p1: vartholomeus|Spikes
|move|p1a: Lulu|Earthquake|p2a: Garchomp
|-damage|p2a: Garchomp|1/100
|
|-heal|p1a: Lulu|94/100|[from] item: Leftovers
|upkeep
|turn|5
|
|t:|1781385010
|move|p2a: Garchomp|Spikes|p1a: Lulu
|-sidestart|p1: vartholomeus|Spikes
|move|p1a: Lulu|Earthquake|p2a: Garchomp
|-damage|p2a: Garchomp|0 fnt
|faint|p2a: Garchomp
|
|-heal|p1a: Lulu|100/100|[from] item: Leftovers
|upkeep
|
|t:|1781385016
|switch|p2a: Zamazenta|Zamazenta|100/100
|-ability|p2a: Zamazenta|Dauntless Shield|boost
|-boost|p2a: Zamazenta|def|1
|turn|6
|
|t:|1781385021
|switch|p1a: Maltro|Moltres|100/100
|move|p2a: Zamazenta|Crunch|p1a: Maltro
|-damage|p1a: Maltro|82/100
|
|upkeep
|turn|7
|
|t:|1781385024
|move|p2a: Zamazenta|Stone Edge|p1a: Maltro
|-supereffective|p1a: Maltro
|-damage|p1a: Maltro|0 fnt
|faint|p1a: Maltro
|
|upkeep
|
|t:|1781385033
|switch|p1a: Irohak|Iron Valiant|100/100
|-damage|p1a: Irohak|94/100|[from] Stealth Rock
|-damage|p1a: Irohak|69/100|[from] Spikes
|-enditem|p1a: Irohak|Booster Energy
|-activate|p1a: Irohak|ability: Quark Drive|[fromitem]
|-start|p1a: Irohak|quarkdrivespe
|turn|8
|
|t:|1781385037
|move|p1a: Irohak|Encore|p2a: Zamazenta
|-start|p2a: Zamazenta|Encore
|move|p2a: Zamazenta|Stone Edge|p1a: Irohak
|-resisted|p1a: Irohak
|-damage|p1a: Irohak|50/100
|
|upkeep
|turn|9
|
|t:|1781385044
|switch|p2a: Tornadus|Tornadus-Therian, M|100/100
|move|p1a: Irohak|Calm Mind|p1a: Irohak
|-boost|p1a: Irohak|spa|1
|-boost|p1a: Irohak|spd|1
|
|upkeep
|turn|10
|
|t:|1781385049
|move|p1a: Irohak|Moonblast|p2a: Tornadus
|-damage|p2a: Tornadus|30/100
|move|p2a: Tornadus|Bleakwind Storm|p1a: Irohak
|-supereffective|p1a: Irohak
|-damage|p1a: Irohak|0 fnt
|faint|p1a: Irohak
|-end|p1a: Irohak|Quark Drive|[silent]
|
|upkeep
|
|t:|1781385054
|switch|p1a: Suke|Greninja, M|100/100
|-damage|p1a: Suke|88/100|[from] Stealth Rock
|-damage|p1a: Suke|63/100|[from] Spikes
|turn|11
|
|t:|1781385057
|switch|p2a: Alomomola|Alomomola, M|100/100
|move|p1a: Suke|Ice Beam|p2a: Alomomola
|-resisted|p2a: Alomomola
|-crit|p2a: Alomomola
|-damage|p2a: Alomomola|72/100
|-status|p2a: Alomomola|frz
|-damage|p1a: Suke|53/100|[from] item: Life Orb
|
|upkeep
|turn|12
|
|t:|1781385068
|switch|p2a: Gholdengo|Gholdengo|100/100
|-damage|p2a: Gholdengo|94/100|[from] Stealth Rock
|move|p1a: Suke|Dark Pulse|p2a: Gholdengo
|-supereffective|p2a: Gholdengo
|-damage|p2a: Gholdengo|0 fnt
|faint|p2a: Gholdengo
|-ability|p1a: Suke|Battle Bond|boost
|-boost|p1a: Suke|atk|1
|-boost|p1a: Suke|spa|1
|-boost|p1a: Suke|spe|1
|-activate|p1a: Suke|ability: Battle Bond
|-damage|p1a: Suke|44/100|[from] item: Life Orb
|
|upkeep
|
|t:|1781385075
|switch|p2a: Clefable|Clefable, F|100/100
|turn|13
|
|t:|1781385080
|-terastallize|p1a: Suke|Poison
|-terastallize|p2a: Clefable|Fire
|move|p1a: Suke|Sludge Wave|p2a: Clefable
|-damage|p2a: Clefable|22/100
|-damage|p1a: Suke|34/100|[from] item: Life Orb
|move|p2a: Clefable|Moonblast|p1a: Suke
|-resisted|p1a: Suke
|-damage|p1a: Suke|11/100
|-unboost|p1a: Suke|spa|1
|
|-heal|p2a: Clefable|28/100|[from] item: Leftovers
|upkeep
|turn|14
|
|t:|1781385092
|move|p1a: Suke|Dark Pulse|p2a: Clefable
|-damage|p2a: Clefable|0 fnt
|faint|p2a: Clefable
|-damage|p1a: Suke|1/100|[from] item: Life Orb
|
|upkeep
|
|t:|1781385097
|switch|p2a: Alomomola|Alomomola, M|100/100 frz
|turn|15
|
|t:|1781385100
|move|p1a: Suke|Sludge Wave|p2a: Alomomola
|-damage|p2a: Alomomola|41/100 frz
|-damage|p1a: Suke|0 fnt|[from] item: Life Orb
|faint|p1a: Suke
|-curestatus|p2a: Alomomola|frz|[msg]
|move|p2a: Alomomola|Flip Turn|p1: Suke|[notarget]
|-fail|p2a: Alomomola
|
|upkeep
|
|t:|1781385108
|switch|p1a: Mantequillo|Gholdengo|100/100
|-damage|p1a: Mantequillo|94/100|[from] Stealth Rock
|-damage|p1a: Mantequillo|70/100|[from] Spikes
|turn|16
|
|t:|1781385115
|switch|p2a: Zamazenta|Zamazenta|100/100
|move|p1a: Mantequillo|Shadow Ball|p2a: Zamazenta
|-damage|p2a: Zamazenta|62/100
|-unboost|p2a: Zamazenta|spd|1
|
|upkeep
|turn|17
|
|t:|1781385118
|move|p1a: Mantequillo|Shadow Ball|p2a: Zamazenta
|-damage|p2a: Zamazenta|3/100
|-unboost|p2a: Zamazenta|spd|1
|move|p2a: Zamazenta|Crunch|p1a: Mantequillo
|-supereffective|p1a: Mantequillo
|-damage|p1a: Mantequillo|9/100
|
|upkeep
|turn|18
|
|t:|1781385125
|move|p1a: Mantequillo|Shadow Ball|p2a: Zamazenta
|-damage|p2a: Zamazenta|0 fnt
|faint|p2a: Zamazenta
|
|upkeep
|
|t:|1781385129
|switch|p2a: Tornadus|Tornadus-Therian, M|63/100
|turn|19
|
|t:|1781385131
|move|p1a: Mantequillo|Shadow Ball|p2a: Tornadus
|-crit|p2a: Tornadus
|-damage|p2a: Tornadus|0 fnt
|faint|p2a: Tornadus
|
|upkeep
|
|t:|1781385134
|switch|p2a: Alomomola|Alomomola, M|74/100
|turn|20
|
|t:|1781385136
|move|p1a: Mantequillo|Shadow Ball|p2a: Alomomola
|-damage|p2a: Alomomola|21/100
|move|p2a: Alomomola|Wish|p2a: Alomomola
|
|upkeep
|turn|21
|
|t:|1781385140
|move|p2a: Alomomola|Protect|p2a: Alomomola
|-singleturn|p2a: Alomomola|Protect
|move|p1a: Mantequillo|Shadow Ball|p2a: Alomomola
|-activate|p2a: Alomomola|move: Protect
|
|-heal|p2a: Alomomola|71/100|[from] move: Wish|[wisher] Alomomola
|upkeep
|turn|22
|
|t:|1781385143
|move|p1a: Mantequillo|Shadow Ball|p2a: Alomomola
|-damage|p2a: Alomomola|18/100
|move|p2a: Alomomola|Flip Turn|p1a: Mantequillo
|-damage|p1a: Mantequillo|0 fnt
|faint|p1a: Mantequillo
|
|upkeep
|
|t:|1781385149
|switch|p1a: Klingk|Kleavor, F|28/100
|-damage|p1a: Klingk|3/100|[from] Stealth Rock
|-damage|p1a: Klingk|0 fnt|[from] Spikes
|faint|p1a: Klingk
|
|t:|1781385152
|switch|p1a: Lulu|Ting-Lu|100/100
|-damage|p1a: Lulu|94/100|[from] Stealth Rock
|-damage|p1a: Lulu|69/100|[from] Spikes
|-ability|p1a: Lulu|Vessel of Ruin
|turn|23
|
|t:|1781385154
|move|p1a: Lulu|Earthquake|p2a: Alomomola
|-damage|p2a: Alomomola|0 fnt
|faint|p2a: Alomomola
|
|win|vartholomeus
|raw|vartholomeus's rating: 1583 &rarr; <strong>1609</strong><br />(+26 for winning)
|raw|Roseofrosarade's rating: 1700 &rarr; <strong>1674</strong><br />(-26 for losing)
|l|☆Roseofrosarade
|player|p2|
|c|☆vartholomeus|Gg
|l|☆vartholomeus
|player|p1|
