|badge|p2|silver|gen9ou|30-9
|uhtml|medal-msg|<div class="broadcast-blue">Curious what those medals under the avatar are? PS now has Ladder Seasons! For more information, check out the <a href="https://www.smogon.com/forums/threads/3740067/">thread on Smogon.</a></div>
|j|☆juli<33
|j|‽ClRCUS MAXIMUS
|t:|1781284876
|gametype|singles
|player|p1|juli<33|caitlin-masters|1736
|player|p2|ClRCUS MAXIMUS|rood|1886
|gen|9
|tier|[Gen 9] OU
|rated|
|rule|HP Percentage Mod: HP is shown in percentages
|rule|Endless Battle Clause: Forcing endless battles is banned
|rule|Species Clause: Limit one of each Pokémon
|rule|OHKO Clause: OHKO moves are banned
|rule|Evasion Items Clause: Evasion items are banned
|rule|Evasion Moves Clause: Evasion moves are banned
|rule|Evasion Abilities Clause: Evasion abilities are banned
|rule|Sleep Moves Clause: Sleep-inducing moves are banned
|clearpoke
|poke|p1|Slither Wing|
|poke|p1|Ninetales, F|
|poke|p1|Ceruledge, M|
|poke|p1|Great Tusk|
|poke|p1|Walking Wake|
|poke|p1|Venusaur, M|
|poke|p2|Iron Valiant|
|poke|p2|Ogerpon-Wellspring, F|
|poke|p2|Kingambit, F|
|poke|p2|Great Tusk|
|poke|p2|Zamazenta-*|
|poke|p2|Gholdengo|
|teampreview
|inactive|Battle timer is ON: inactive players will automatically lose when time's up. (requested by juli<33)
|
|t:|1781284886
|teamsize|p1|6
|teamsize|p2|6
|start
|switch|p1a: naruto|Ninetales, F|100/100
|switch|p2a: Zamazenta|Zamazenta, shiny|100/100
|-ability|p2a: Zamazenta|Dauntless Shield|boost
|-boost|p2a: Zamazenta|def|1
|-weather|SunnyDay|[from] ability: Drought|[of] p1a: naruto
|turn|1
|
|t:|1781284891
|switch|p1a: Red judas|Ceruledge, M|100/100
|-item|p1a: Red judas|Air Balloon
|move|p2a: Zamazenta|Close Combat|p1a: Red judas
|-immune|p1a: Red judas
|
|-weather|SunnyDay|[upkeep]
|upkeep
|turn|2
|
|t:|1781284904
|move|p2a: Zamazenta|Stone Edge|p1a: Red judas
|-supereffective|p1a: Red judas
|-damage|p1a: Red judas|0 fnt
|-enditem|p1a: Red judas|Air Balloon
|faint|p1a: Red judas
|-damage|p2a: Zamazenta|91/100|[from] item: Life Orb
|
|-weather|SunnyDay|[upkeep]
|upkeep
|
|t:|1781284910
|switch|p1a: Walkenheimer|Walking Wake|100/100
|-activate|p1a: Walkenheimer|ability: Protosynthesis
|-start|p1a: Walkenheimer|protosynthesisspe
|turn|3
|
|t:|1781284917
|move|p1a: Walkenheimer|Hydro Steam|p2a: Zamazenta
|-damage|p2a: Zamazenta|24/100
|move|p2a: Zamazenta|Close Combat|p1a: Walkenheimer
|-crit|p1a: Walkenheimer
|-damage|p1a: Walkenheimer|0 fnt
|-unboost|p2a: Zamazenta|def|1
|-unboost|p2a: Zamazenta|spd|1
|faint|p1a: Walkenheimer
|-end|p1a: Walkenheimer|Protosynthesis|[silent]
|-damage|p2a: Zamazenta|14/100|[from] item: Life Orb
|
|-weather|SunnyDay|[upkeep]
|upkeep
|
|t:|1781284923
|switch|p1a: OMG ILY|Slither Wing|100/100
|-activate|p1a: OMG ILY|ability: Protosynthesis
|-start|p1a: OMG ILY|protosynthesisatk
|turn|4
|
|t:|1781284926
|move|p2a: Zamazenta|Stone Edge|p1a: OMG ILY
|-damage|p1a: OMG ILY|48/100
|-damage|p2a: Zamazenta|4/100|[from] item: Life Orb
|move|p1a: OMG ILY|U-turn|p2a: Zamazenta
|-resisted|p2a: Zamazenta
|-damage|p2a: Zamazenta|0 fnt
|faint|p2a: Zamazenta
|
|t:|1781284932
|-end|p1a: OMG ILY|Protosynthesis|[silent]
|switch|p1a: Flowey|Venusaur, M|100/100|[from] U-turn
|
|-weather|SunnyDay|[upkeep]
|upkeep
|
|t:|1781284951
|switch|p2a: Kingambit|Kingambit, F, shiny|100/100
|-activate|p2a: Kingambit|ability: Supreme Overlord
|-start|p2a: Kingambit|fallen1|[silent]
|turn|5
|
|t:|1781284963
|-terastallize|p2a: Kingambit|Flying
|move|p1a: Flowey|Weather Ball|p2a: Kingambit
|-damage|p2a: Kingambit|43/100
|-damage|p1a: Flowey|91/100|[from] item: Life Orb
|move|p2a: Kingambit|Kowtow Cleave|p1a: Flowey
|-damage|p1a: Flowey|21/100
|
|-weather|SunnyDay|[upkeep]
|upkeep
|turn|6
|
|t:|1781284987
|switch|p1a: OMG ILY|Slither Wing|48/100
|-activate|p1a: OMG ILY|ability: Protosynthesis
|-start|p1a: OMG ILY|protosynthesisatk
|-end|p2a: Kingambit|fallen1|[silent]
|switch|p2a: Great Tusk|Great Tusk, shiny|100/100
|-activate|p2a: Great Tusk|ability: Protosynthesis
|-start|p2a: Great Tusk|protosynthesisatk
|
|-weather|SunnyDay|[upkeep]
|upkeep
|turn|7
|
|t:|1781284997
|move|p2a: Great Tusk|Stealth Rock|p1a: OMG ILY
|-sidestart|p1: juli<33|move: Stealth Rock
|move|p1a: OMG ILY|Close Combat|p2a: Great Tusk
|-damage|p2a: Great Tusk|36/100
|-unboost|p1a: OMG ILY|def|1
|-unboost|p1a: OMG ILY|spd|1
|
|-weather|SunnyDay|[upkeep]
|upkeep
|turn|8
|
|t:|1781285013
|-end|p2a: Great Tusk|Protosynthesis|[silent]
|switch|p2a: Gholdengo|Gholdengo, shiny|100/100
|move|p1a: OMG ILY|Close Combat|p2a: Gholdengo
|-immune|p2a: Gholdengo
|
|-weather|none
|-end|p1a: OMG ILY|Protosynthesis
|upkeep
|turn|9
|
|t:|1781285016
|move|p2a: Gholdengo|Nasty Plot|p2a: Gholdengo
|-boost|p2a: Gholdengo|spa|2
|move|p1a: OMG ILY|Flare Blitz|p2a: Gholdengo
|-supereffective|p2a: Gholdengo
|-damage|p2a: Gholdengo|12/100
|-damage|p1a: OMG ILY|23/100|[from] Recoil
|
|upkeep
|turn|10
|
|t:|1781285029
|-end|p1a: OMG ILY|Protosynthesis|[silent]
|switch|p1a: naruto|Ninetales, F|100/100
|-damage|p1a: naruto|76/100|[from] Stealth Rock
|-weather|SunnyDay|[from] ability: Drought|[of] p1a: naruto
|move|p2a: Gholdengo|Recover|p2a: Gholdengo
|-heal|p2a: Gholdengo|62/100
|
|-weather|SunnyDay|[upkeep]
|upkeep
|turn|11
|
|t:|1781285035
|move|p1a: naruto|Overheat|p2a: Gholdengo|[miss]
|-miss|p1a: naruto|p2a: Gholdengo
|move|p2a: Gholdengo|Make It Rain|p1a: naruto
|-resisted|p1a: naruto
|-damage|p1a: naruto|0 fnt
|-unboost|p2a: Gholdengo|spa|1
|faint|p1a: naruto
|
|-weather|SunnyDay|[upkeep]
|upkeep
|
|t:|1781285040
|switch|p1a: Nah I'd Spin|Great Tusk|100/100
|-damage|p1a: Nah I'd Spin|97/100|[from] Stealth Rock
|-activate|p1a: Nah I'd Spin|ability: Protosynthesis
|-start|p1a: Nah I'd Spin|protosynthesisspe
|turn|12
|
|t:|1781285043
|move|p1a: Nah I'd Spin|Headlong Rush|p2a: Gholdengo
|-supereffective|p2a: Gholdengo
|-damage|p2a: Gholdengo|0 fnt
|-unboost|p1a: Nah I'd Spin|def|1
|-unboost|p1a: Nah I'd Spin|spd|1
|faint|p2a: Gholdengo
|
|-weather|SunnyDay|[upkeep]
|upkeep
|
|t:|1781285048
|switch|p2a: Ogerpon|Ogerpon-Wellspring, F|100/100
|turn|13
|
|t:|1781285051
|move|p1a: Nah I'd Spin|Rapid Spin|p2a: Ogerpon
|-damage|p2a: Ogerpon|83/100
|-boost|p1a: Nah I'd Spin|spe|1
|-sideend|p1: juli<33|Stealth Rock|[from] move: Rapid Spin|[of] p1a: Nah I'd Spin
|move|p2a: Ogerpon|Power Whip|p1a: Nah I'd Spin
|-supereffective|p1a: Nah I'd Spin
|-crit|p1a: Nah I'd Spin
|-damage|p1a: Nah I'd Spin|0 fnt
|-damage|p2a: Ogerpon|66/100|[from] item: Rocky Helmet|[of] p1a: Nah I'd Spin
|faint|p1a: Nah I'd Spin
|-end|p1a: Nah I'd Spin|Protosynthesis|[silent]
|
|-weather|SunnyDay|[upkeep]
|upkeep
|
|t:|1781285070
|switch|p1a: Flowey|Venusaur, M|21/100
|turn|14
|
|t:|1781285076
|move|p1a: Flowey|Giga Drain|p2a: Ogerpon
|-damage|p2a: Ogerpon|17/100
|-heal|p1a: Flowey|46/100|[from] drain|[of] p2a: Ogerpon
|-damage|p1a: Flowey|36/100|[from] item: Life Orb
|move|p2a: Ogerpon|Ivy Cudgel|p1a: Flowey|[anim] Ivy Cudgel Water
|-resisted|p1a: Flowey
|-damage|p1a: Flowey|15/100
|
|-weather|SunnyDay|[upkeep]
|upkeep
|turn|15
|
|t:|1781285083
|move|p1a: Flowey|Giga Drain|p2a: Ogerpon
|-damage|p2a: Ogerpon|0 fnt
|-heal|p1a: Flowey|24/100|[from] drain|[of] p2a: Ogerpon
|faint|p2a: Ogerpon
|-damage|p1a: Flowey|14/100|[from] item: Life Orb
|
|-weather|SunnyDay|[upkeep]
|upkeep
|
|t:|1781285086
|switch|p2a: Kingambit|Kingambit, F, shiny, tera:Flying|43/100
|-activate|p2a: Kingambit|ability: Supreme Overlord
|-start|p2a: Kingambit|fallen3|[silent]
|turn|16
|
|t:|1781285091
|switch|p1a: OMG ILY|Slither Wing|23/100
|-activate|p1a: OMG ILY|ability: Protosynthesis
|-start|p1a: OMG ILY|protosynthesisatk
|move|p2a: Kingambit|Sucker Punch||[still]
|-fail|p2a: Kingambit
|
|-weather|SunnyDay|[upkeep]
|upkeep
|turn|17
|
|t:|1781285097
|move|p2a: Kingambit|Sucker Punch|p1a: OMG ILY
|-resisted|p1a: OMG ILY
|-damage|p1a: OMG ILY|0 fnt
|faint|p1a: OMG ILY
|-end|p1a: OMG ILY|Protosynthesis|[silent]
|
|-weather|none
|upkeep
|-message|juli<33 forfeited.
|
|win|ClRCUS MAXIMUS
|raw|juli&lt;33's rating: 1736 &rarr; <strong>1724</strong><br />(-12 for losing)
|raw|ClRCUS MAXIMUS's rating: 1886 &rarr; <strong>1898</strong><br />(+12 for winning)
|l|☆juli<33
|player|p1|
|l|‽ClRCUS MAXIMUS
|player|p2|
