|j|☆BlackStar150520
|j|☆mythiixx
|t:|1781390415
|gametype|singles
|player|p1|BlackStar150520|unknown|1801
|player|p2|mythiixx|valerie|1761
|gen|9
|tier|[Gen 9] OU
|rated|
|rule|HP Percentage Mod: HP is shown in percentages
|rule|Endless Battle Clause: Forcing endless battles is banned
|rule|Species Clause: Limit one of each Pokémon
|rule|OHKO Clause: OHKO moves are banned
|rule|Evasion Items Clause: Evasion items are banned
|rule|Evasion Moves Clause: Evasion moves are banned
|rule|Evasion Abilities Clause: Evasion abilities are banned
|rule|Sleep Moves Clause: Sleep-inducing moves are banned
|clearpoke
|poke|p1|Raging Bolt|
|poke|p1|Kingambit, M|
|poke|p1|Iron Moth|
|poke|p1|Ogerpon-Wellspring, F|
|poke|p1|Scizor, M|
|poke|p1|Great Tusk|
|poke|p2|Zamazenta-*|
|poke|p2|Iron Hands|
|poke|p2|Ceruledge, F|
|poke|p2|Iron Valiant|
|poke|p2|Deoxys-Speed|
|poke|p2|Glimmora, F|
|teampreview
|inactive|Battle timer is ON: inactive players will automatically lose when time's up. (requested by BlackStar150520)
|
|t:|1781390422
|teamsize|p1|6
|teamsize|p2|6
|start
|switch|p1a: Red Lightning|Scizor, M|100/100
|switch|p2a: Deoxys|Deoxys-Speed|100/100
|-ability|p2a: Deoxys|Pressure
|turn|1
|
|t:|1781390427
|switch|p2a: Glimmora|Glimmora, F|100/100
|move|p1a: Red Lightning|U-turn|p2a: Glimmora
|-resisted|p2a: Glimmora
|-damage|p2a: Glimmora|80/100
|-activate|p2a: Glimmora|ability: Toxic Debris
|-sidestart|p1: BlackStar150520|move: Toxic Spikes
|-enditem|p2a: Glimmora|Red Card|[of] p1a: Red Lightning
|drag|p1a: ⚡️|Raging Bolt|100/100
|-status|p1a: ⚡️|psn
|
|-damage|p1a: ⚡️|88/100 psn|[from] psn
|upkeep
|turn|2
|
|t:|1781390437
|move|p1a: ⚡️|Thunderbolt|p2a: Glimmora
|-damage|p2a: Glimmora|25/100
|move|p2a: Glimmora|Spikes|p1a: ⚡️
|-sidestart|p1: BlackStar150520|Spikes
|
|-heal|p1a: ⚡️|94/100 psn|[from] item: Leftovers
|-damage|p1a: ⚡️|82/100 psn|[from] psn
|upkeep
|turn|3
|
|t:|1781390443
|switch|p2a: Deoxys|Deoxys-Speed|100/100
|-ability|p2a: Deoxys|Pressure
|move|p1a: ⚡️|Thunderbolt|p2a: Deoxys
|-damage|p2a: Deoxys|33/100
|
|-heal|p1a: ⚡️|88/100 psn|[from] item: Leftovers
|-damage|p1a: ⚡️|75/100 psn|[from] psn
|upkeep
|turn|4
|
|t:|1781390448
|move|p2a: Deoxys|Light Screen|p2a: Deoxys
|-sidestart|p2: mythiixx|move: Light Screen
|move|p1a: ⚡️|Thunderbolt|p2a: Deoxys
|-damage|p2a: Deoxys|0 fnt
|faint|p2a: Deoxys
|
|-heal|p1a: ⚡️|81/100 psn|[from] item: Leftovers
|-damage|p1a: ⚡️|69/100 psn|[from] psn
|upkeep
|
|t:|1781390452
|switch|p2a: Iron Valiant|Iron Valiant|100/100
|-enditem|p2a: Iron Valiant|Booster Energy
|-activate|p2a: Iron Valiant|ability: Quark Drive|[fromitem]
|-start|p2a: Iron Valiant|quarkdrivespe
|turn|5
|
|t:|1781390457
|move|p2a: Iron Valiant|Calm Mind|p2a: Iron Valiant
|-boost|p2a: Iron Valiant|spa|1
|-boost|p2a: Iron Valiant|spd|1
|move|p1a: ⚡️|Thunderbolt|p2a: Iron Valiant
|-damage|p2a: Iron Valiant|69/100
|
|-heal|p1a: ⚡️|75/100 psn|[from] item: Leftovers
|-damage|p1a: ⚡️|62/100 psn|[from] psn
|upkeep
|turn|6
|
|t:|1781390464
|-end|p1a: ⚡️|Protosynthesis|[silent]
|switch|p1a: Red Lightning|Scizor, M|100/100
|-damage|p1a: Red Lightning|88/100|[from] Spikes
|move|p2a: Iron Valiant|Calm Mind|p2a: Iron Valiant
|-boost|p2a: Iron Valiant|spa|1
|-boost|p2a: Iron Valiant|spd|1
|
|upkeep
|turn|7
|
|t:|1781390472
|-terastallize|p2a: Iron Valiant|Steel
|move|p1a: Red Lightning|Bullet Punch|p2a: Iron Valiant
|-resisted|p2a: Iron Valiant
|-damage|p2a: Iron Valiant|34/100
|move|p2a: Iron Valiant|Focus Blast|p1a: Red Lightning
|-damage|p1a: Red Lightning|0 fnt
|faint|p1a: Red Lightning
|
|upkeep
|
|t:|1781390483
|switch|p1a: Aizen🗡️|Kingambit, M, shiny|100/100
|-damage|p1a: Aizen🗡️|88/100|[from] Spikes
|-activate|p1a: Aizen🗡️|ability: Supreme Overlord
|-start|p1a: Aizen🗡️|fallen1|[silent]
|turn|8
|
|t:|1781390492
|-end|p2a: Iron Valiant|Quark Drive|[silent]
|switch|p2a: Glimmora|Glimmora, F|25/100
|move|p1a: Aizen🗡️|Sucker Punch||[still]
|-fail|p1a: Aizen🗡️
|
|-heal|p1a: Aizen🗡️|94/100|[from] item: Leftovers
|upkeep
|turn|9
|
|t:|1781390501
|move|p1a: Aizen🗡️|Sucker Punch||[still]
|-fail|p1a: Aizen🗡️
|move|p2a: Glimmora|Stealth Rock|p1a: Aizen🗡️
|-sidestart|p1: BlackStar150520|move: Stealth Rock
|
|-heal|p1a: Aizen🗡️|99/100|[from] item: Leftovers
|upkeep
|turn|10
|
|t:|1781390503
|move|p1a: Aizen🗡️|Sucker Punch||[still]
|-fail|p1a: Aizen🗡️
|move|p2a: Glimmora|Spikes|p1a: Aizen🗡️
|-sidestart|p1: BlackStar150520|Spikes
|
|-heal|p1a: Aizen🗡️|100/100|[from] item: Leftovers
|upkeep
|turn|11
|
|t:|1781390505
|-end|p1a: Aizen🗡️|fallen1|[silent]
|switch|p1a: Mega Donphan|Great Tusk|100/100
|move|p2a: Glimmora|Spikes|p1a: Mega Donphan
|-sidestart|p1: BlackStar150520|Spikes
|
|-sideend|p2: mythiixx|move: Light Screen
|upkeep
|turn|12
|
|t:|1781390510
|switch|p2a: Ceruledge|Ceruledge, F|100/100
|move|p1a: Mega Donphan|Stealth Rock|p2a: Ceruledge
|-sidestart|p2: mythiixx|move: Stealth Rock
|
|upkeep
|turn|13
|
|t:|1781390518
|-end|p1a: Mega Donphan|Protosynthesis|[silent]
|switch|p1a: 🎭|Ogerpon-Wellspring, F|100/100
|-status|p1a: 🎭|psn
|-damage|p1a: 🎭|76/100 psn|[from] Spikes
|-damage|p1a: 🎭|63/100 psn|[from] Stealth Rock
|switch|p2a: Glimmora|Glimmora, F|25/100
|-damage|p2a: Glimmora|12/100|[from] Stealth Rock
|
|-damage|p1a: 🎭|51/100 psn|[from] psn
|upkeep
|turn|14
|
|t:|1781390521
|move|p1a: 🎭|Ivy Cudgel|p2a: Glimmora|[anim] Ivy Cudgel Water
|-supereffective|p2a: Glimmora
|-damage|p2a: Glimmora|0 fnt
|-activate|p2a: Glimmora|ability: Toxic Debris
|-sidestart|p1: BlackStar150520|move: Toxic Spikes
|faint|p2a: Glimmora
|
|-damage|p1a: 🎭|39/100 psn|[from] psn
|upkeep
|
|t:|1781390526
|switch|p2a: Iron Valiant|Iron Valiant, tera:Steel|34/100
|-damage|p2a: Iron Valiant|28/100|[from] Stealth Rock
|turn|15
|
|t:|1781390530
|move|p2a: Iron Valiant|Moonblast|p1a: 🎭
|-damage|p1a: 🎭|0 fnt
|faint|p1a: 🎭
|
|upkeep
|
|t:|1781390532
|switch|p1a: Aizen🗡️|Kingambit, M, shiny|100/100
|-damage|p1a: Aizen🗡️|76/100|[from] Spikes
|-damage|p1a: Aizen🗡️|70/100|[from] Stealth Rock
|-activate|p1a: Aizen🗡️|ability: Supreme Overlord
|-start|p1a: Aizen🗡️|fallen2|[silent]
|turn|16
|
|t:|1781390538
|-end|p1a: Aizen🗡️|fallen2|[silent]
|switch|p1a: Mega Donphan|Great Tusk|100/100
|move|p2a: Iron Valiant|Focus Blast|p1a: Mega Donphan
|-damage|p1a: Mega Donphan|12/100
|
|upkeep
|turn|17
|
|t:|1781390543
|move|p2a: Iron Valiant|Moonblast|p1a: Mega Donphan
|-supereffective|p1a: Mega Donphan
|-damage|p1a: Mega Donphan|0 fnt
|faint|p1a: Mega Donphan
|-end|p1a: Mega Donphan|Protosynthesis|[silent]
|
|upkeep
|
|t:|1781390545
|switch|p1a: Robo Rona|Iron Moth|100/100
|-sideend|p1: BlackStar150520|move: Toxic Spikes|[of] p1a: Robo Rona
|-damage|p1a: Robo Rona|75/100|[from] Spikes
|-damage|p1a: Robo Rona|50/100|[from] Stealth Rock
|-enditem|p1a: Robo Rona|Booster Energy
|-activate|p1a: Robo Rona|ability: Quark Drive|[fromitem]
|-start|p1a: Robo Rona|quarkdrivespe
|turn|18
|
|t:|1781390554
|-end|p2a: Iron Valiant|Quark Drive|[silent]
|switch|p2a: Ceruledge|Ceruledge, F|100/100
|-damage|p2a: Ceruledge|76/100|[from] Stealth Rock
|move|p1a: Robo Rona|Fiery Dance|p2a: Ceruledge
|-resisted|p2a: Ceruledge
|-damage|p2a: Ceruledge|53/100
|-boost|p1a: Robo Rona|spa|1
|
|upkeep
|turn|19
|
|t:|1781390564
|move|p1a: Robo Rona|Psychic|p2a: Ceruledge
|-damage|p2a: Ceruledge|0 fnt
|faint|p2a: Ceruledge
|
|upkeep
|
|t:|1781390567
|switch|p2a: Zamazenta|Zamazenta|100/100
|-damage|p2a: Zamazenta|94/100|[from] Stealth Rock
|-ability|p2a: Zamazenta|Dauntless Shield|boost
|-boost|p2a: Zamazenta|def|1
|turn|20
|
|t:|1781390572
|-terastallize|p1a: Robo Rona|Fairy
|move|p1a: Robo Rona|Dazzling Gleam|p2a: Zamazenta
|-supereffective|p2a: Zamazenta
|-damage|p2a: Zamazenta|0 fnt
|faint|p2a: Zamazenta
|
|upkeep
|
|t:|1781390577
|switch|p2a: Iron Hands|Iron Hands|100/100
|-damage|p2a: Iron Hands|94/100|[from] Stealth Rock
|-enditem|p2a: Iron Hands|Booster Energy
|-activate|p2a: Iron Hands|ability: Quark Drive|[fromitem]
|-start|p2a: Iron Hands|quarkdriveatk
|turn|21
|
|t:|1781390580
|move|p1a: Robo Rona|Dazzling Gleam|p2a: Iron Hands
|-supereffective|p2a: Iron Hands
|-damage|p2a: Iron Hands|0 fnt
|faint|p2a: Iron Hands
|-end|p2a: Iron Hands|Quark Drive|[silent]
|
|upkeep
|-message|mythiixx forfeited.
|
|win|BlackStar150520
|raw|BlackStar150520's rating: 1801 &rarr; <strong>1819</strong><br />(+18 for winning)
|raw|mythiixx's rating: 1761 &rarr; <strong>1743</strong><br />(-18 for losing)
|l|☆mythiixx
|player|p2|
|l|☆BlackStar150520
|player|p1|
