|badge|p2|bronze|gen9ubers|100-9
|uhtml|medal-msg|<div class="broadcast-blue">Curious what those medals under the avatar are? PS now has Ladder Seasons! For more information, check out the <a href="https://www.smogon.com/forums/threads/3740067/">thread on Smogon.</a></div>
|j|☆imperimento
|j|☆oddishlover4
|t:|1781290143
|gametype|singles
|player|p1|imperimento|266|1749
|player|p2|oddishlover4|acetrainerf|1805
|gen|9
|tier|[Gen 9] OU
|rated|
|rule|HP Percentage Mod: HP is shown in percentages
|rule|Endless Battle Clause: Forcing endless battles is banned
|rule|Species Clause: Limit one of each Pokémon
|rule|OHKO Clause: OHKO moves are banned
|rule|Evasion Items Clause: Evasion items are banned
|rule|Evasion Moves Clause: Evasion moves are banned
|rule|Evasion Abilities Clause: Evasion abilities are banned
|rule|Sleep Moves Clause: Sleep-inducing moves are banned
|clearpoke
|poke|p1|Meowscarada, M|
|poke|p1|Gholdengo|
|poke|p1|Deoxys-Speed|
|poke|p1|Dragonite, M|
|poke|p1|Iron Valiant|
|poke|p1|Walking Wake|
|poke|p2|Kyurem|
|poke|p2|Hatterene, F|
|poke|p2|Darkrai|
|poke|p2|Great Tusk|
|poke|p2|Dragonite, F|
|poke|p2|Gholdengo|
|teampreview
|
|t:|1781290163
|teamsize|p1|6
|teamsize|p2|6
|start
|switch|p1a: Meowscarada|Meowscarada, M|100/100
|switch|p2a: Perfect Night|Darkrai|100/100
|turn|1
|c|☆oddishlover4|gl/hf!
|inactive|Battle timer is ON: inactive players will automatically lose when time's up. (requested by oddishlover4)
|c|☆imperimento|u2
|j| jorgeta57
|
|t:|1781290181
|move|p2a: Perfect Night|Ice Beam|p1a: Meowscarada
|-supereffective|p1a: Meowscarada
|-damage|p1a: Meowscarada|0 fnt
|faint|p1a: Meowscarada
|
|upkeep
|
|t:|1781290199
|switch|p1a: Deoxys|Deoxys-Speed|100/100
|-ability|p1a: Deoxys|Pressure
|turn|2
|j| roarcat
|
|t:|1781290220
|move|p2a: Perfect Night|Ice Beam|p1a: Deoxys
|-damage|p1a: Deoxys|58/100
|move|p1a: Deoxys|Spikes|p2a: Perfect Night
|-sidestart|p2: oddishlover4|Spikes
|
|upkeep
|turn|3
|
|t:|1781290238
|move|p2a: Perfect Night|Ice Beam|p1a: Deoxys
|-damage|p1a: Deoxys|16/100
|move|p1a: Deoxys|Skill Swap|p2a: Perfect Night
|-activate|p1a: Deoxys|Skill Swap|Bad Dreams|Pressure|[of] p2a: Perfect Night
|-ability|p2a: Perfect Night|Pressure
|
|upkeep
|turn|4
|
|t:|1781290260
|move|p2a: Perfect Night|Ice Beam|p1a: Deoxys
|-damage|p1a: Deoxys|0 fnt
|faint|p1a: Deoxys
|
|upkeep
|
|t:|1781290266
|switch|p1a: Gholdengo|Gholdengo|100/100
|turn|5
|l| jorgeta57
|
|t:|1781290284
|switch|p2a: Bluebeard's Wife|Dragonite, F|100/100
|move|p1a: Gholdengo|Shadow Ball|p2a: Bluebeard's Wife
|-damage|p2a: Bluebeard's Wife|83/100
|
|upkeep
|turn|6
|j| mak7xr
|inactive|oddishlover4 has 120 seconds left.
|
|t:|1781290302
|move|p1a: Gholdengo|Shadow Ball|p2a: Bluebeard's Wife
|-damage|p2a: Bluebeard's Wife|45/100
|-unboost|p2a: Bluebeard's Wife|spd|1
|move|p2a: Bluebeard's Wife|Roost|p2a: Bluebeard's Wife
|-heal|p2a: Bluebeard's Wife|95/100
|-singleturn|p2a: Bluebeard's Wife|move: Roost
|
|upkeep
|turn|7
|inactive|oddishlover4 has 120 seconds left.
|
|t:|1781290320
|switch|p2a: Perfect Night|Darkrai|100/100
|-damage|p2a: Perfect Night|88/100|[from] Spikes
|move|p1a: Gholdengo|Shadow Ball|p2a: Perfect Night
|-resisted|p2a: Perfect Night
|-damage|p2a: Perfect Night|59/100
|
|upkeep
|turn|8
|j| qklingying
|inactive|oddishlover4 has 120 seconds left.
|
|t:|1781290338
|switch|p1a: Dragonite|Dragonite, M|100/100
|move|p2a: Perfect Night|Dark Pulse|p1a: Dragonite
|-damage|p1a: Dragonite|77/100
|-enditem|p1a: Dragonite|Red Card|[of] p2a: Perfect Night
|drag|p2a: Antifragile|Hatterene, F|100/100
|-damage|p2a: Antifragile|88/100|[from] Spikes
|
|upkeep
|turn|9
|inactive|imperimento has 120 seconds left.
|
|t:|1781290369
|switch|p1a: Gholdengo|Gholdengo|100/100
|move|p2a: Antifragile|Nuzzle|p1a: Gholdengo
|-damage|p1a: Gholdengo|96/100
|-status|p1a: Gholdengo|par
|
|upkeep
|turn|10
|inactive|imperimento has 120 seconds left.
|
|t:|1781290390
|switch|p2a: Perfect Night|Darkrai|59/100
|-damage|p2a: Perfect Night|47/100|[from] Spikes
|move|p1a: Gholdengo|Make It Rain|p2a: Perfect Night
|-damage|p2a: Perfect Night|0 fnt
|-unboost|p1a: Gholdengo|spa|1
|faint|p2a: Perfect Night
|
|upkeep
|l| mak7xr
|inactive|oddishlover4 has 90 seconds left.
|
|t:|1781290409
|switch|p2a: Boompala|Kyurem|100/100
|-damage|p2a: Boompala|88/100|[from] Spikes
|-ability|p2a: Boompala|Pressure
|turn|11
|inactive|imperimento has 120 seconds left.
|inactive|oddishlover4 has 90 seconds left.
|
|t:|1781290426
|move|p2a: Boompala|Earth Power|p1a: Gholdengo
|-supereffective|p1a: Gholdengo
|-damage|p1a: Gholdengo|25/100 par
|move|p1a: Gholdengo|Make It Rain|p2a: Boompala
|-supereffective|p2a: Boompala
|-damage|p2a: Boompala|38/100
|-unboost|p1a: Gholdengo|spa|1
|
|upkeep
|turn|12
|l| qklingying
|inactive|oddishlover4 has 90 seconds left.
|inactive|imperimento has 120 seconds left.
|
|t:|1781290444
|move|p2a: Boompala|Ice Beam|p1a: Gholdengo
|-resisted|p1a: Gholdengo
|-damage|p1a: Gholdengo|0 fnt
|faint|p1a: Gholdengo
|
|upkeep
|inactive|imperimento has 120 seconds left.
|
|t:|1781290464
|switch|p1a: Iron Valiant|Iron Valiant|100/100
|-enditem|p1a: Iron Valiant|Booster Energy
|-activate|p1a: Iron Valiant|ability: Quark Drive|[fromitem]
|-start|p1a: Iron Valiant|quarkdrivespe
|turn|13
|inactive|oddishlover4 has 90 seconds left.
|j| Pulkatz
|
|t:|1781290481
|-terastallize|p2a: Boompala|Poison
|move|p1a: Iron Valiant|Moonblast|p2a: Boompala
|-resisted|p2a: Boompala
|-damage|p2a: Boompala|23/100
|move|p2a: Boompala|Ice Beam|p1a: Iron Valiant
|-damage|p1a: Iron Valiant|7/100
|-status|p1a: Iron Valiant|frz
|
|upkeep
|turn|14
|inactive|imperimento has 120 seconds left.
|
|t:|1781290500
|cant|p1a: Iron Valiant|frz
|move|p2a: Boompala|Freeze-Dry|p1a: Iron Valiant
|-damage|p1a: Iron Valiant|0 fnt
|faint|p1a: Iron Valiant
|-end|p1a: Iron Valiant|Quark Drive|[silent]
|
|upkeep
|
|t:|1781290509
|switch|p1a: Walking Wake|Walking Wake|100/100
|turn|15
|
|t:|1781290527
|move|p1a: Walking Wake|Surf|p2a: Boompala
|-damage|p2a: Boompala|0 fnt
|faint|p2a: Boompala
|
|upkeep
|l| Pulkatz
|
|t:|1781290546
|switch|p2a: Bluebeard's Wife|Dragonite, F|95/100
|turn|16
|l| roarcat
|inactive|oddishlover4 has 60 seconds left.
|
|t:|1781290564
|move|p1a: Walking Wake|Draco Meteor|p2a: Bluebeard's Wife
|-supereffective|p2a: Bluebeard's Wife
|-damage|p2a: Bluebeard's Wife|0 fnt
|-unboost|p1a: Walking Wake|spa|2
|faint|p2a: Bluebeard's Wife
|
|upkeep
|inactive|oddishlover4 has 60 seconds left.
|
|t:|1781290582
|switch|p2a: Antifragile|Hatterene, F|88/100
|-damage|p2a: Antifragile|76/100|[from] Spikes
|turn|17
|j| Pulkatz
|
|t:|1781290600
|move|p1a: Walking Wake|Flip Turn|p2a: Antifragile
|-damage|p2a: Antifragile|63/100
|-damage|p1a: Walking Wake|84/100|[from] item: Rocky Helmet|[of] p2a: Antifragile
|
|t:|1781290605
|-end|p1a: Walking Wake|Protosynthesis|[silent]
|switch|p1a: Dragonite|Dragonite, M|77/100|[from] Flip Turn
|move|p2a: Antifragile|Draining Kiss|p1a: Dragonite
|-supereffective|p1a: Dragonite
|-damage|p1a: Dragonite|34/100
|-heal|p2a: Antifragile|96/100|[from] drain|[of] p1a: Dragonite
|
|upkeep
|turn|18
|
|t:|1781290628
|move|p1a: Dragonite|Extreme Speed|p2a: Antifragile
|-damage|p2a: Antifragile|68/100
|-damage|p1a: Dragonite|18/100|[from] item: Rocky Helmet|[of] p2a: Antifragile
|move|p2a: Antifragile|Draining Kiss|p1a: Dragonite
|-supereffective|p1a: Dragonite
|-damage|p1a: Dragonite|0 fnt
|-heal|p2a: Antifragile|81/100|[from] drain|[of] p1a: Dragonite
|faint|p1a: Dragonite
|
|upkeep
|
|t:|1781290636
|switch|p1a: Walking Wake|Walking Wake|84/100
|turn|19
|l| Pulkatz
|inactive|imperimento has 120 seconds left.
|
|t:|1781290656
|move|p1a: Walking Wake|Surf|p2a: Antifragile
|-damage|p2a: Antifragile|32/100
|move|p2a: Antifragile|Psychic Noise|p1a: Walking Wake
|-damage|p1a: Walking Wake|46/100
|-start|p1a: Walking Wake|move: Heal Block
|
|upkeep
|turn|20
|
|t:|1781290664
|move|p1a: Walking Wake|Surf|p2a: Antifragile
|-damage|p2a: Antifragile|0 fnt
|faint|p2a: Antifragile
|
|-end|p1a: Walking Wake|move: Heal Block
|upkeep
|
|t:|1781290670
|switch|p2a: Fearless|Great Tusk|100/100
|-damage|p2a: Fearless|88/100|[from] Spikes
|turn|21
|
|t:|1781290675
|move|p1a: Walking Wake|Surf|p2a: Fearless
|-supereffective|p2a: Fearless
|-damage|p2a: Fearless|0 fnt
|faint|p2a: Fearless
|-end|p2a: Fearless|Protosynthesis|[silent]
|
|upkeep
|
|t:|1781290681
|switch|p2a: Celebration|Gholdengo|100/100
|-damage|p2a: Celebration|88/100|[from] Spikes
|turn|22
|inactive|oddishlover4 has 90 seconds left.
|
|t:|1781290707
|move|p1a: Walking Wake|Surf|p2a: Celebration
|-damage|p2a: Celebration|46/100
|move|p2a: Celebration|Recover|p2a: Celebration
|-heal|p2a: Celebration|96/100
|
|upkeep
|turn|23
|inactive|imperimento has 120 seconds left.
|
|t:|1781290729
|move|p1a: Walking Wake|Surf|p2a: Celebration
|-damage|p2a: Celebration|54/100
|move|p2a: Celebration|Recover|p2a: Celebration
|-heal|p2a: Celebration|100/100
|
|upkeep
|turn|24
|inactive|imperimento has 120 seconds left.
|
|t:|1781290742
|move|p1a: Walking Wake|Surf|p2a: Celebration
|-damage|p2a: Celebration|59/100
|move|p2a: Celebration|Recover|p2a: Celebration
|-heal|p2a: Celebration|100/100
|
|upkeep
|turn|25
|inactive|imperimento has 120 seconds left.
|
|t:|1781290753
|move|p1a: Walking Wake|Knock Off|p2a: Celebration
|-supereffective|p2a: Celebration
|-damage|p2a: Celebration|72/100
|-enditem|p2a: Celebration|Custap Berry|[from] move: Knock Off|[of] p1a: Walking Wake
|move|p2a: Celebration|Recover|p2a: Celebration
|-heal|p2a: Celebration|100/100
|
|upkeep
|turn|26
|inactive|imperimento has 120 seconds left.
|
|t:|1781290763
|move|p1a: Walking Wake|Surf|p2a: Celebration
|-damage|p2a: Celebration|55/100
|move|p2a: Celebration|Recover|p2a: Celebration
|-heal|p2a: Celebration|100/100
|
|upkeep
|turn|27
|
|t:|1781290769
|move|p1a: Walking Wake|Surf|p2a: Celebration
|-damage|p2a: Celebration|55/100
|move|p2a: Celebration|Recover|p2a: Celebration
|-heal|p2a: Celebration|100/100
|
|upkeep
|turn|28
|inactive|oddishlover4 has 120 seconds left.
|
|t:|1781290777
|move|p1a: Walking Wake|Surf|p2a: Celebration
|-damage|p2a: Celebration|53/100
|move|p2a: Celebration|Recover|p2a: Celebration
|-heal|p2a: Celebration|100/100
|
|upkeep
|turn|29
|
|t:|1781290783
|move|p1a: Walking Wake|Surf|p2a: Celebration
|-damage|p2a: Celebration|58/100
|move|p2a: Celebration|Shadow Ball|p1a: Walking Wake
|-damage|p1a: Walking Wake|0 fnt
|faint|p1a: Walking Wake
|-end|p1a: Walking Wake|Protosynthesis|[silent]
|
|win|oddishlover4
|raw|imperimento's rating: 1749 &rarr; <strong>1732</strong><br />(-17 for losing)
|raw|oddishlover4's rating: 1805 &rarr; <strong>1822</strong><br />(+17 for winning)
|c|☆oddishlover4|GG!
|l|☆imperimento
|player|p1|
