|j|☆STONE CHAI
|j|☆ATulk
|t:|1781562188
|gametype|singles
|player|p1|STONE CHAI|2|1568
|player|p2|ATulk|ingo-masters|1576
|gen|9
|tier|[Gen 9] OU
|rated|
|rule|HP Percentage Mod: HP is shown in percentages
|rule|Endless Battle Clause: Forcing endless battles is banned
|rule|Species Clause: Limit one of each Pokémon
|rule|OHKO Clause: OHKO moves are banned
|rule|Evasion Items Clause: Evasion items are banned
|rule|Evasion Moves Clause: Evasion moves are banned
|rule|Evasion Abilities Clause: Evasion abilities are banned
|rule|Sleep Moves Clause: Sleep-inducing moves are banned
|clearpoke
|poke|p1|Dragonite, M|
|poke|p1|Iron Moth|
|poke|p1|Iron Valiant|
|poke|p1|Ogerpon-Cornerstone, F|
|poke|p1|Primarina, M|
|poke|p1|Kyurem|
|poke|p2|Moltres-Galar|
|poke|p2|Pecharunt|
|poke|p2|Alomomola, F|
|poke|p2|Garchomp, M|
|poke|p2|Cinderace, M|
|poke|p2|Hatterene, F|
|teampreview
|inactive|Battle timer is ON: inactive players will automatically lose when time's up. (requested by ATulk)
|c|☆ATulk|You again
|c|☆ATulk|I’ll stop clicking eq into Kyurem this tine
|c|☆ATulk|Time
|inactive|STONE CHAI has 120 seconds left.
|inactive|ATulk has 120 seconds left.
|
|t:|1781562220
|teamsize|p1|6
|teamsize|p2|6
|start
|switch|p1a: Primarina|Primarina, M|100/100
|switch|p2a: Garchomp|Garchomp, M|100/100
|turn|1
|
|t:|1781562250
|switch|p2a: Alomomola|Alomomola, F|100/100
|move|p1a: Primarina|Moonblast|p2a: Alomomola
|-damage|p2a: Alomomola|58/100
|
|upkeep
|turn|2
|inactive|STONE CHAI has 120 seconds left.
|
|t:|1781562267
|switch|p1a: Dragonite|Dragonite, M|100/100
|move|p2a: Alomomola|Mirror Coat||[still]
|-fail|p2a: Alomomola
|
|upkeep
|turn|3
|inactive|STONE CHAI has 120 seconds left.
|
|t:|1781562278
|move|p1a: Dragonite|Dragon Dance|p1a: Dragonite
|-boost|p1a: Dragonite|atk|1
|-boost|p1a: Dragonite|spe|1
|move|p2a: Alomomola|Flip Turn|p1a: Dragonite
|-resisted|p1a: Dragonite
|-damage|p1a: Dragonite|96/100
|
|t:|1781562283
|switch|p2a: Hatterene|Hatterene, F|100/100|[from] Flip Turn
|
|upkeep
|turn|4
|
|t:|1781562289
|move|p1a: Dragonite|Fire Punch|p2a: Hatterene
|-damage|p2a: Hatterene|63/100
|-damage|p1a: Dragonite|79/100|[from] item: Rocky Helmet|[of] p2a: Hatterene
|move|p2a: Hatterene|Nuzzle|p1a: Dragonite
|-damage|p1a: Dragonite|75/100
|-status|p1a: Dragonite|par
|
|upkeep
|turn|5
|
|t:|1781562298
|move|p1a: Dragonite|Fire Punch|p2a: Hatterene
|-damage|p2a: Hatterene|21/100
|-damage|p1a: Dragonite|58/100 par|[from] item: Rocky Helmet|[of] p2a: Hatterene
|move|p2a: Hatterene|Draining Kiss|p1a: Dragonite
|-supereffective|p1a: Dragonite
|-damage|p1a: Dragonite|8/100 par
|-heal|p2a: Hatterene|60/100|[from] drain|[of] p1a: Dragonite
|
|upkeep
|turn|6
|
|t:|1781562303
|move|p1a: Dragonite|Fire Punch|p2a: Hatterene
|-crit|p2a: Hatterene
|-damage|p2a: Hatterene|0 fnt
|-damage|p1a: Dragonite|0 fnt|[from] item: Rocky Helmet|[of] p2a: Hatterene
|faint|p2a: Hatterene
|faint|p1a: Dragonite
|
|upkeep
|
|t:|1781562315
|switch|p1a: Primarina|Primarina, M|100/100
|switch|p2a: Cinderace|Cinderace, M|100/100
|turn|7
|c|☆STONE CHAI|mb
|
|t:|1781562328
|move|p2a: Cinderace|U-turn|p1a: Primarina
|-start|p2a: Cinderace|typechange|Bug|[from] ability: Libero
|-resisted|p1a: Primarina
|-damage|p1a: Primarina|81/100
|
|t:|1781562339
|switch|p2a: Alomomola|Alomomola, F|91/100|[from] U-turn
|move|p1a: Primarina|Moonblast|p2a: Alomomola
|-damage|p2a: Alomomola|49/100
|
|upkeep
|turn|8
|
|t:|1781562353
|switch|p1a: Kyurem|Kyurem|100/100
|-ability|p1a: Kyurem|Pressure
|move|p2a: Alomomola|Flip Turn|p1a: Kyurem
|-resisted|p1a: Kyurem
|-damage|p1a: Kyurem|94/100
|
|t:|1781562357
|switch|p2a: Garchomp|Garchomp, M|100/100|[from] Flip Turn
|
|upkeep
|turn|9
|
|t:|1781562376
|switch|p1a: Iron Valiant|Iron Valiant|100/100
|-enditem|p1a: Iron Valiant|Booster Energy
|-activate|p1a: Iron Valiant|ability: Quark Drive|[fromitem]
|-start|p1a: Iron Valiant|quarkdrivespe
|-terastallize|p2a: Garchomp|Fairy
|move|p2a: Garchomp|Swords Dance|p2a: Garchomp
|-boost|p2a: Garchomp|atk|2
|
|upkeep
|turn|10
|
|t:|1781562389
|move|p1a: Iron Valiant|Destiny Bond|p1a: Iron Valiant
|-singlemove|p1a: Iron Valiant|Destiny Bond
|move|p2a: Garchomp|Earthquake|p1a: Iron Valiant
|-damage|p1a: Iron Valiant|0 fnt
|faint|p1a: Iron Valiant
|-activate|p1a: Iron Valiant|move: Destiny Bond
|-end|p1a: Iron Valiant|Quark Drive|[silent]
|faint|p2a: Garchomp
|
|upkeep
|
|t:|1781562408
|switch|p1a: Ogerpon|Ogerpon-Cornerstone, F|100/100
|switch|p2a: Pecharunt|Pecharunt|100/100
|turn|11
|
|t:|1781562414
|switch|p1a: Iron Moth|Iron Moth|100/100
|-enditem|p1a: Iron Moth|Booster Energy
|-activate|p1a: Iron Moth|ability: Quark Drive|[fromitem]
|-start|p1a: Iron Moth|quarkdrivespa
|move|p2a: Pecharunt|Malignant Chain|p1a: Iron Moth
|-resisted|p1a: Iron Moth
|-damage|p1a: Iron Moth|85/100
|
|upkeep
|turn|12
|
|t:|1781562426
|switch|p2a: Alomomola|Alomomola, F|83/100
|move|p1a: Iron Moth|Fiery Dance|p2a: Alomomola
|-resisted|p2a: Alomomola
|-damage|p2a: Alomomola|70/100
|-boost|p1a: Iron Moth|spa|1
|
|upkeep
|turn|13
|inactive|STONE CHAI has 120 seconds left.
|
|t:|1781562455
|move|p1a: Iron Moth|Energy Ball|p2a: Alomomola
|-supereffective|p2a: Alomomola
|-damage|p2a: Alomomola|11/100
|move|p2a: Alomomola|Flip Turn|p1a: Iron Moth
|-supereffective|p1a: Iron Moth
|-damage|p1a: Iron Moth|24/100
|
|t:|1781562461
|switch|p2a: Cinderace|Cinderace, M|100/100|[from] Flip Turn
|
|upkeep
|turn|14
|inactive|STONE CHAI has 120 seconds left.
|
|t:|1781562476
|-end|p1a: Iron Moth|Quark Drive|[silent]
|switch|p1a: Primarina|Primarina, M|81/100
|move|p2a: Cinderace|Pyro Ball|p1a: Primarina
|-resisted|p1a: Primarina
|-damage|p1a: Primarina|46/100
|
|upkeep
|turn|15
|inactive|STONE CHAI has 120 seconds left.
|
|t:|1781562488
|move|p2a: Cinderace|Sucker Punch|p1a: Primarina
|-start|p2a: Cinderace|typechange|Dark|[from] ability: Libero
|-resisted|p1a: Primarina
|-damage|p1a: Primarina|25/100
|move|p1a: Primarina|Surf|p2a: Cinderace
|-damage|p2a: Cinderace|0 fnt
|faint|p2a: Cinderace
|
|upkeep
|
|t:|1781562498
|switch|p2a: Alomomola|Alomomola, F|45/100
|turn|16
|
|t:|1781562501
|switch|p2a: Pecharunt|Pecharunt|100/100
|move|p1a: Primarina|Surf|p2a: Pecharunt
|-damage|p2a: Pecharunt|0 fnt
|faint|p2a: Pecharunt
|
|upkeep
|
|t:|1781562506
|switch|p2a: Alomomola|Alomomola, F|78/100
|turn|17
|c|☆STONE CHAI|Im sorry
|c|☆STONE CHAI|That
|c|☆STONE CHAI|was tragic
|inactive|STONE CHAI has 120 seconds left.
|
|t:|1781562538
|switch|p1a: Iron Moth|Iron Moth|24/100
|move|p2a: Alomomola|Body Slam|p1a: Iron Moth
|-damage|p1a: Iron Moth|0 fnt
|faint|p1a: Iron Moth
|-end|p1a: Iron Moth|Quark Drive|[silent]
|
|upkeep
|
|t:|1781562562
|switch|p1a: Ogerpon|Ogerpon-Cornerstone, F|100/100
|turn|18
|c|☆ATulk|Lol specs prim hits different (literally)
|
|t:|1781562581
|move|p1a: Ogerpon|Power Whip|p2a: Alomomola
|-supereffective|p2a: Alomomola
|-damage|p2a: Alomomola|0 fnt
|faint|p2a: Alomomola
|
|upkeep
|
|t:|1781562583
|switch|p2a: Moltres|Moltres-Galar|100/100
|turn|19
|inactive|STONE CHAI has 120 seconds left.
|
|t:|1781562589
|move|p1a: Ogerpon|Ivy Cudgel|p2a: Moltres|[anim] Ivy Cudgel Rock
|-supereffective|p2a: Moltres
|-damage|p2a: Moltres|0 fnt
|faint|p2a: Moltres
|
|win|STONE CHAI
|raw|STONE CHAI's rating: 1568 &rarr; <strong>1588</strong><br />(+20 for winning)
|raw|ATulk's rating: 1576 &rarr; <strong>1556</strong><br />(-20 for losing)
|l|☆STONE CHAI
|player|p1|
|c|☆ATulk|Gg
|l|☆ATulk
|player|p2|
|j|☆STONE CHAI
|player|p1|STONE CHAI|2|
|l|☆STONE CHAI
|player|p1|
