|j|☆ftaochaphet
|j|☆lord shiddenfards
|t:|1781158168
|gametype|singles
|player|p1|ftaochaphet|1|1607
|player|p2|lord shiddenfards|blaine|1658
|gen|9
|tier|[Gen 9] OU
|rated|
|rule|HP Percentage Mod: HP is shown in percentages
|rule|Endless Battle Clause: Forcing endless battles is banned
|rule|Species Clause: Limit one of each Pokémon
|rule|OHKO Clause: OHKO moves are banned
|rule|Evasion Items Clause: Evasion items are banned
|rule|Evasion Moves Clause: Evasion moves are banned
|rule|Evasion Abilities Clause: Evasion abilities are banned
|rule|Sleep Moves Clause: Sleep-inducing moves are banned
|clearpoke
|poke|p1|Enamorus, F|
|poke|p1|Samurott-Hisui, F|
|poke|p1|Gholdengo|
|poke|p1|Great Tusk|
|poke|p1|Kingambit, F|
|poke|p1|Alomomola, M|
|poke|p2|Ninetales, M|
|poke|p2|Great Tusk|
|poke|p2|Slither Wing|
|poke|p2|Alomomola, F|
|poke|p2|Iron Moth|
|poke|p2|Raging Bolt|
|teampreview
|inactive|Battle timer is ON: inactive players will automatically lose when time's up. (requested by ftaochaphet)
|
|t:|1781158182
|teamsize|p1|6
|teamsize|p2|6
|start
|switch|p1a: Samurott|Samurott-Hisui, F|100/100
|switch|p2a: Raging Bolt|Raging Bolt|100/100
|turn|1
|inactive|ftaochaphet has 120 seconds left.
|inactive|ftaochaphet has 90 seconds left.
|
|t:|1781158249
|move|p1a: Samurott|Ceaseless Edge|p2a: Raging Bolt|[miss]
|-miss|p1a: Samurott|p2a: Raging Bolt
|move|p2a: Raging Bolt|Volt Switch|p1a: Samurott
|-supereffective|p1a: Samurott
|-damage|p1a: Samurott|41/100
|
|t:|1781158256
|-end|p2a: Raging Bolt|Protosynthesis|[silent]
|switch|p2a: Slither Wing|Slither Wing|100/100|[from] Volt Switch
|
|upkeep
|turn|2
|
|t:|1781158262
|switch|p1a: Alomomola|Alomomola, M|100/100
|move|p2a: Slither Wing|U-turn|p1a: Alomomola
|-damage|p1a: Alomomola|68/100
|
|t:|1781158266
|-end|p2a: Slither Wing|Protosynthesis|[silent]
|switch|p2a: Raging Bolt|Raging Bolt|100/100|[from] U-turn
|
|upkeep
|turn|3
|
|t:|1781158270
|move|p1a: Alomomola|Protect|p1a: Alomomola
|-singleturn|p1a: Alomomola|Protect
|move|p2a: Raging Bolt|Volt Switch|p1a: Alomomola
|-activate|p1a: Alomomola|move: Protect
|
|upkeep
|turn|4
|
|t:|1781158275
|move|p2a: Raging Bolt|Draco Meteor|p1a: Alomomola
|-damage|p1a: Alomomola|0 fnt
|-unboost|p2a: Raging Bolt|spa|2
|faint|p1a: Alomomola
|
|upkeep
|
|t:|1781158281
|switch|p1a: Great Tusk|Great Tusk|100/100
|turn|5
|
|t:|1781158288
|-end|p2a: Raging Bolt|Protosynthesis|[silent]
|switch|p2a: Alomomola|Alomomola, F|100/100
|move|p1a: Great Tusk|Stealth Rock|p2a: Alomomola
|-sidestart|p2: lord shiddenfards|move: Stealth Rock
|
|upkeep
|turn|6
|inactive|ftaochaphet has 120 seconds left.
|
|t:|1781158311
|move|p1a: Great Tusk|Headlong Rush|p2a: Alomomola
|-damage|p2a: Alomomola|62/100
|-unboost|p1a: Great Tusk|def|1
|-unboost|p1a: Great Tusk|spd|1
|-enditem|p2a: Alomomola|Eject Button
|
|t:|1781158319
|switch|p2a: Great Tusk|Great Tusk|100/100
|
|upkeep
|turn|7
|inactive|ftaochaphet has 120 seconds left.
|j| Easontom
|
|t:|1781158357
|move|p1a: Great Tusk|Ice Spinner|p2a: Great Tusk
|-supereffective|p2a: Great Tusk
|-damage|p2a: Great Tusk|63/100
|move|p2a: Great Tusk|Ice Spinner|p1a: Great Tusk
|-supereffective|p1a: Great Tusk
|-damage|p1a: Great Tusk|50/100
|
|upkeep
|turn|8
|
|t:|1781158378
|move|p2a: Great Tusk|Ice Spinner|p1a: Great Tusk
|-supereffective|p1a: Great Tusk
|-damage|p1a: Great Tusk|2/100
|move|p1a: Great Tusk|Ice Spinner|p2a: Great Tusk
|-supereffective|p2a: Great Tusk
|-damage|p2a: Great Tusk|23/100
|
|upkeep
|turn|9
|
|t:|1781158389
|move|p2a: Great Tusk|Rapid Spin|p1a: Great Tusk
|-damage|p1a: Great Tusk|0 fnt
|-boost|p2a: Great Tusk|spe|1
|-sideend|p2: lord shiddenfards|Stealth Rock|[from] move: Rapid Spin|[of] p2a: Great Tusk
|faint|p1a: Great Tusk
|-end|p1a: Great Tusk|Protosynthesis|[silent]
|
|upkeep
|
|t:|1781158392
|switch|p1a: Enamorus|Enamorus, F|100/100
|turn|10
|
|t:|1781158403
|move|p1a: Enamorus|Moonblast|p2a: Great Tusk
|-supereffective|p2a: Great Tusk
|-damage|p2a: Great Tusk|0 fnt
|faint|p2a: Great Tusk
|-end|p2a: Great Tusk|Protosynthesis|[silent]
|
|upkeep
|j| nivalys99
|inactive|lord shiddenfards has 120 seconds left.
|
|t:|1781158438
|switch|p2a: Alomomola|Alomomola, F|95/100
|turn|11
|
|t:|1781158443
|switch|p1a: Samurott|Samurott-Hisui, F|41/100
|move|p2a: Alomomola|Flip Turn|p1a: Samurott
|-resisted|p1a: Samurott
|-damage|p1a: Samurott|32/100
|inactive|lord shiddenfards has 120 seconds left.
|
|t:|1781158456
|switch|p2a: Slither Wing|Slither Wing|100/100|[from] Flip Turn
|
|upkeep
|turn|12
|
|t:|1781158461
|switch|p1a: Enamorus|Enamorus, F|100/100
|move|p2a: Slither Wing|First Impression|p1a: Enamorus
|-resisted|p1a: Enamorus
|-damage|p1a: Enamorus|68/100
|
|upkeep
|turn|13
|-message|ftaochaphet forfeited.
|
|win|lord shiddenfards
|raw|ftaochaphet's rating: 1607 &rarr; <strong>1590</strong><br />(-17 for losing)
|raw|lord shiddenfards's rating: 1658 &rarr; <strong>1675</strong><br />(+17 for winning)
|l|☆ftaochaphet
|player|p1|
|l|☆lord shiddenfards
|player|p2|
|l| Easontom
