|j|☆employment devil
|j|‽yesterdaymister
|t:|1781497924
|gametype|singles
|player|p1|employment devil|lusamine-nihilego|1648
|player|p2|yesterdaymister|striker|1718
|gen|9
|tier|[Gen 9] OU
|rated|
|rule|HP Percentage Mod: HP is shown in percentages
|rule|Endless Battle Clause: Forcing endless battles is banned
|rule|Species Clause: Limit one of each Pokémon
|rule|OHKO Clause: OHKO moves are banned
|rule|Evasion Items Clause: Evasion items are banned
|rule|Evasion Moves Clause: Evasion moves are banned
|rule|Evasion Abilities Clause: Evasion abilities are banned
|rule|Sleep Moves Clause: Sleep-inducing moves are banned
|clearpoke
|poke|p1|Ting-Lu|
|poke|p1|Clefable, F|
|poke|p1|Pecharunt|
|poke|p1|Garganacl, F|
|poke|p1|Skarmory, M|
|poke|p1|Deoxys-Speed|
|poke|p2|Ninetales, F|
|poke|p2|Ceruledge, F|
|poke|p2|Venusaur, M|
|poke|p2|Hatterene, F|
|poke|p2|Great Tusk|
|poke|p2|Walking Wake|
|teampreview
|inactive|Battle timer is ON: inactive players will automatically lose when time's up. (requested by yesterdaymister)
|c|☆employment devil|hf
|
|t:|1781497954
|teamsize|p1|6
|teamsize|p2|6
|start
|switch|p1a: Garganacl|Garganacl, F|100/100
|switch|p2a: Ninetales|Ninetales, F|100/100
|-weather|SunnyDay|[from] ability: Drought|[of] p2a: Ninetales
|turn|1
|j| Shucklepilled
|
|t:|1781497966
|switch|p2a: Hatterene|Hatterene, F|100/100
|move|p1a: Garganacl|Salt Cure|p2a: Hatterene
|-damage|p2a: Hatterene|89/100
|-start|p2a: Hatterene|Salt Cure
|-enditem|p2a: Hatterene|Eject Button
|
|t:|1781497968
|switch|p2a: Venusaur|Venusaur, M|100/100
|
|-weather|SunnyDay|[upkeep]
|upkeep
|turn|2
|
|t:|1781497977
|move|p2a: Venusaur|Growth|p2a: Venusaur
|-boost|p2a: Venusaur|atk|2
|-boost|p2a: Venusaur|spa|2
|move|p1a: Garganacl|Salt Cure|p2a: Venusaur
|-damage|p2a: Venusaur|83/100
|-start|p2a: Venusaur|Salt Cure
|
|-weather|SunnyDay|[upkeep]
|-damage|p2a: Venusaur|70/100|[from] Salt Cure
|upkeep
|turn|3
|
|t:|1781497983
|switch|p1a: Skarmory|Skarmory, M|100/100
|move|p2a: Venusaur|Growth|p2a: Venusaur
|-boost|p2a: Venusaur|atk|2
|-boost|p2a: Venusaur|spa|2
|
|-weather|SunnyDay|[upkeep]
|-damage|p2a: Venusaur|58/100|[from] Salt Cure
|upkeep
|turn|4
|inactive|employment devil has 120 seconds left.
|
|t:|1781498016
|switch|p1a: Pecharunt|Pecharunt|100/100
|move|p2a: Venusaur|Giga Drain|p1a: Pecharunt
|-resisted|p1a: Pecharunt
|-damage|p1a: Pecharunt|25/100
|-heal|p2a: Venusaur|100/100|[from] drain|[of] p1a: Pecharunt
|-damage|p2a: Venusaur|91/100|[from] item: Life Orb
|
|-weather|SunnyDay|[upkeep]
|-damage|p2a: Venusaur|78/100|[from] Salt Cure
|upkeep
|turn|5
|
|t:|1781498028
|move|p2a: Venusaur|Giga Drain|p1a: Pecharunt
|-resisted|p1a: Pecharunt
|-damage|p1a: Pecharunt|0 fnt
|-heal|p2a: Venusaur|94/100|[from] drain|[of] p1a: Pecharunt
|faint|p1a: Pecharunt
|-damage|p2a: Venusaur|84/100|[from] item: Life Orb
|
|-weather|SunnyDay|[upkeep]
|-damage|p2a: Venusaur|72/100|[from] Salt Cure
|upkeep
|inactive|employment devil has 120 seconds left.
|
|t:|1781498050
|switch|p1a: Ting-Lu|Ting-Lu|100/100
|-ability|p1a: Ting-Lu|Vessel of Ruin
|turn|6
|
|t:|1781498068
|switch|p1a: Skarmory|Skarmory, M|100/100
|move|p2a: Venusaur|Giga Drain|p1a: Skarmory
|-resisted|p1a: Skarmory
|-damage|p1a: Skarmory|54/100
|-heal|p2a: Venusaur|98/100|[from] drain|[of] p1a: Skarmory
|-damage|p2a: Venusaur|88/100|[from] item: Life Orb
|
|-weather|SunnyDay|[upkeep]
|-damage|p2a: Venusaur|75/100|[from] Salt Cure
|upkeep
|turn|7
|inactive|employment devil has 120 seconds left.
|
|t:|1781498084
|switch|p1a: Ting-Lu|Ting-Lu|100/100
|-ability|p1a: Ting-Lu|Vessel of Ruin
|move|p2a: Venusaur|Weather Ball|p1a: Ting-Lu
|-damage|p1a: Ting-Lu|25/100
|-damage|p2a: Venusaur|65/100|[from] item: Life Orb
|
|-weather|SunnyDay|[upkeep]
|-damage|p2a: Venusaur|53/100|[from] Salt Cure
|upkeep
|turn|8
|
|t:|1781498094
|move|p2a: Venusaur|Weather Ball|p1a: Ting-Lu
|-damage|p1a: Ting-Lu|0 fnt
|faint|p1a: Ting-Lu
|-damage|p2a: Venusaur|43/100|[from] item: Life Orb
|
|-weather|none
|-damage|p2a: Venusaur|31/100|[from] Salt Cure
|upkeep
|
|t:|1781498097
|switch|p1a: Deoxys|Deoxys-Speed|100/100
|-ability|p1a: Deoxys|Pressure
|turn|9
|
|t:|1781498112
|switch|p2a: Hatterene|Hatterene, F|89/100
|move|p1a: Deoxys|Ice Beam|p2a: Hatterene
|-damage|p2a: Hatterene|65/100
|
|upkeep
|turn|10
|
|t:|1781498121
|switch|p1a: Garganacl|Garganacl, F|100/100
|move|p2a: Hatterene|Dazzling Gleam|p1a: Garganacl
|-damage|p1a: Garganacl|77/100
|
|upkeep
|turn|11
|
|t:|1781498127
|move|p1a: Garganacl|Salt Cure|p2a: Hatterene
|-damage|p2a: Hatterene|53/100
|-start|p2a: Hatterene|Salt Cure
|move|p2a: Hatterene|Dazzling Gleam|p1a: Garganacl
|-damage|p1a: Garganacl|52/100
|
|-damage|p2a: Hatterene|40/100|[from] Salt Cure
|upkeep
|turn|12
|
|t:|1781498136
|move|p1a: Garganacl|Recover|p1a: Garganacl
|-heal|p1a: Garganacl|100/100
|move|p2a: Hatterene|Healing Wish|p2a: Hatterene
|faint|p2a: Hatterene
|
|upkeep
|
|t:|1781498140
|switch|p2a: Ninetales|Ninetales, F|100/100
|-weather|SunnyDay|[from] ability: Drought|[of] p2a: Ninetales
|turn|13
|
|t:|1781498149
|move|p2a: Ninetales|Encore|p1a: Garganacl
|-start|p1a: Garganacl|Encore
|move|p1a: Garganacl|Recover||[still]
|-fail|p1a: Garganacl|heal
|
|-weather|SunnyDay|[upkeep]
|upkeep
|turn|14
|
|t:|1781498153
|switch|p2a: Venusaur|Venusaur, M|31/100
|-heal|p2a: Venusaur|100/100|[from] move: Healing Wish
|switch|p1a: Clefable|Clefable, F|100/100
|
|-weather|SunnyDay|[upkeep]
|upkeep
|turn|15
|
|t:|1781498160
|-terastallize|p1a: Clefable|Ghost
|move|p2a: Venusaur|Sludge Bomb|p1a: Clefable
|-resisted|p1a: Clefable
|-damage|p1a: Clefable|68/100
|-damage|p2a: Venusaur|91/100|[from] item: Life Orb
|move|p1a: Clefable|Calm Mind|p1a: Clefable
|-boost|p1a: Clefable|spa|1
|-boost|p1a: Clefable|spd|1
|
|-weather|SunnyDay|[upkeep]
|upkeep
|turn|16
|
|t:|1781498179
|move|p2a: Venusaur|Growth|p2a: Venusaur
|-boost|p2a: Venusaur|atk|2
|-boost|p2a: Venusaur|spa|2
|move|p1a: Clefable|Moonlight|p1a: Clefable
|-heal|p1a: Clefable|100/100
|
|-weather|SunnyDay|[upkeep]
|upkeep
|turn|17
|
|t:|1781498184
|move|p2a: Venusaur|Weather Ball|p1a: Clefable
|-damage|p1a: Clefable|19/100
|-damage|p2a: Venusaur|81/100|[from] item: Life Orb
|move|p1a: Clefable|Calm Mind|p1a: Clefable
|-boost|p1a: Clefable|spa|1
|-boost|p1a: Clefable|spd|1
|
|-weather|SunnyDay|[upkeep]
|upkeep
|turn|18
|
|t:|1781498190
|move|p2a: Venusaur|Weather Ball|p1a: Clefable
|-damage|p1a: Clefable|0 fnt
|faint|p1a: Clefable
|-damage|p2a: Venusaur|71/100|[from] item: Life Orb
|
|-weather|SunnyDay|[upkeep]
|upkeep
|
|t:|1781498192
|switch|p1a: Skarmory|Skarmory, M|54/100
|turn|19
|
|t:|1781498195
|move|p2a: Venusaur|Weather Ball|p1a: Skarmory
|-supereffective|p1a: Skarmory
|-damage|p1a: Skarmory|0 fnt
|faint|p1a: Skarmory
|-damage|p2a: Venusaur|61/100|[from] item: Life Orb
|
|-weather|SunnyDay|[upkeep]
|upkeep
|c|☆employment devil|gg
|-message|employment devil forfeited.
|
|win|yesterdaymister
|raw|employment devil's rating: 1648 &rarr; <strong>1632</strong><br />(-16 for losing)
|raw|yesterdaymister's rating: 1718 &rarr; <strong>1734</strong><br />(+16 for winning)
|l|☆employment devil
|player|p1|
|l|‽yesterdaymister
|player|p2|
|l| Shucklepilled
