|j|☆anamchara
|j|☆overheat xyz
|t:|1781270379
|gametype|singles
|player|p1|anamchara|1|1643
|player|p2|overheat xyz|265|1670
|gen|9
|tier|[Gen 9] OU
|rated|
|rule|HP Percentage Mod: HP is shown in percentages
|rule|Endless Battle Clause: Forcing endless battles is banned
|rule|Species Clause: Limit one of each Pokémon
|rule|OHKO Clause: OHKO moves are banned
|rule|Evasion Items Clause: Evasion items are banned
|rule|Evasion Moves Clause: Evasion moves are banned
|rule|Evasion Abilities Clause: Evasion abilities are banned
|rule|Sleep Moves Clause: Sleep-inducing moves are banned
|clearpoke
|poke|p1|Slowking-Galar, F|
|poke|p1|Meowscarada, M|
|poke|p1|Iron Valiant|
|poke|p1|Ogerpon-Wellspring, F|
|poke|p1|Glimmora, F|
|poke|p1|Dragapult, M|
|poke|p2|Dragapult, F|
|poke|p2|Samurott-Hisui, F|
|poke|p2|Rillaboom, F|
|poke|p2|Slowking-Galar, F|
|poke|p2|Kingambit, F|
|poke|p2|Corviknight, F|
|teampreview
|
|t:|1781270397
|teamsize|p1|6
|teamsize|p2|6
|start
|switch|p1a: Meowscarada|Meowscarada, M|100/100
|switch|p2a: Samurott|Samurott-Hisui, F|100/100
|turn|1
|inactive|Battle timer is ON: inactive players will automatically lose when time's up. (requested by anamchara)
|
|t:|1781270429
|move|p1a: Meowscarada|U-turn|p2a: Samurott
|-start|p1a: Meowscarada|typechange|Bug|[from] ability: Protean
|-supereffective|p2a: Samurott
|-damage|p2a: Samurott|17/100
|
|t:|1781270437
|switch|p1a: Iron Valiant|Iron Valiant|100/100|[from] U-turn
|-enditem|p1a: Iron Valiant|Booster Energy
|-activate|p1a: Iron Valiant|ability: Quark Drive|[fromitem]
|-start|p1a: Iron Valiant|quarkdrivespe
|move|p2a: Samurott|Sacred Sword|p1a: Iron Valiant
|-resisted|p1a: Iron Valiant
|-damage|p1a: Iron Valiant|73/100
|
|upkeep
|turn|2
|
|t:|1781270444
|switch|p2a: Slowking|Slowking-Galar, F|100/100
|move|p1a: Iron Valiant|Swords Dance|p1a: Iron Valiant
|-boost|p1a: Iron Valiant|atk|2
|
|upkeep
|turn|3
|
|t:|1781270452
|-terastallize|p1a: Iron Valiant|Dark
|-terastallize|p2a: Slowking|Fairy
|move|p1a: Iron Valiant|Knock Off|p2a: Slowking
|-resisted|p2a: Slowking
|-damage|p2a: Slowking|45/100
|-enditem|p2a: Slowking|Assault Vest|[from] move: Knock Off|[of] p1a: Iron Valiant
|move|p2a: Slowking|Sludge Bomb|p1a: Iron Valiant
|-damage|p1a: Iron Valiant|0 fnt
|faint|p1a: Iron Valiant
|-end|p1a: Iron Valiant|Quark Drive|[silent]
|
|upkeep
|
|t:|1781270465
|switch|p1a: Ogerpon|Ogerpon-Wellspring, F|100/100
|turn|4
|
|t:|1781270469
|switch|p2a: Corviknight|Corviknight, F|100/100
|-ability|p2a: Corviknight|Pressure
|move|p1a: Ogerpon|Ivy Cudgel|p2a: Corviknight|[anim] Ivy Cudgel Water
|-damage|p2a: Corviknight|61/100
|
|upkeep
|turn|5
|
|t:|1781270478
|move|p1a: Ogerpon|Ivy Cudgel|p2a: Corviknight|[anim] Ivy Cudgel Water
|-damage|p2a: Corviknight|19/100
|move|p2a: Corviknight|Roost|p2a: Corviknight
|-heal|p2a: Corviknight|69/100
|-singleturn|p2a: Corviknight|move: Roost
|
|upkeep
|turn|6
|inactive|anamchara has 120 seconds left.
|
|t:|1781270526
|move|p1a: Ogerpon|Ivy Cudgel|p2a: Corviknight|[anim] Ivy Cudgel Water
|-damage|p2a: Corviknight|30/100
|move|p2a: Corviknight|Roost|p2a: Corviknight
|-heal|p2a: Corviknight|80/100
|-singleturn|p2a: Corviknight|move: Roost
|
|upkeep
|turn|7
|
|t:|1781270539
|move|p1a: Ogerpon|Ivy Cudgel|p2a: Corviknight|[anim] Ivy Cudgel Water
|-damage|p2a: Corviknight|38/100
|move|p2a: Corviknight|Roost|p2a: Corviknight
|-heal|p2a: Corviknight|88/100
|-singleturn|p2a: Corviknight|move: Roost
|
|upkeep
|turn|8
|
|t:|1781270543
|switch|p1a: Dragapult|Dragapult, M|100/100
|move|p2a: Corviknight|Roost|p2a: Corviknight
|-heal|p2a: Corviknight|100/100
|-singleturn|p2a: Corviknight|move: Roost
|
|upkeep
|turn|9
|inactive|anamchara has 120 seconds left.
|
|t:|1781270565
|switch|p2a: Slowking|Slowking-Galar, F, tera:Fairy|78/100
|move|p1a: Dragapult|Will-O-Wisp|p2a: Slowking
|-status|p2a: Slowking|brn
|
|-damage|p2a: Slowking|72/100 brn|[from] brn
|upkeep
|turn|10
|j| Jeinerst
|inactive|anamchara has 90 seconds left.
|
|t:|1781270609
|move|p1a: Dragapult|Hex|p2a: Slowking
|-damage|p2a: Slowking|20/100 brn
|-damage|p1a: Dragapult|91/100|[from] item: Life Orb
|move|p2a: Slowking|Psychic Noise|p1a: Dragapult
|-damage|p1a: Dragapult|39/100
|-start|p1a: Dragapult|move: Heal Block
|
|-damage|p2a: Slowking|13/100 brn|[from] brn
|upkeep
|turn|11
|
|t:|1781270618
|switch|p2a: Kingambit|Kingambit, F|100/100
|move|p1a: Dragapult|Hex|p2a: Kingambit
|-resisted|p2a: Kingambit
|-damage|p2a: Kingambit|81/100
|-damage|p1a: Dragapult|29/100|[from] item: Life Orb
|
|-heal|p2a: Kingambit|87/100|[from] item: Leftovers
|-end|p1a: Dragapult|move: Heal Block
|upkeep
|turn|12
|inactive|anamchara has 90 seconds left.
|inactive|anamchara has 60 seconds left.
|
|t:|1781270655
|move|p1a: Dragapult|Will-O-Wisp|p2a: Kingambit
|-status|p2a: Kingambit|brn
|move|p2a: Kingambit|Iron Head|p1a: Dragapult
|-damage|p1a: Dragapult|0 fnt
|faint|p1a: Dragapult
|
|-heal|p2a: Kingambit|94/100 brn|[from] item: Leftovers
|-damage|p2a: Kingambit|87/100 brn|[from] brn
|upkeep
|
|t:|1781270657
|switch|p1a: Glimmora|Glimmora, F|100/100
|turn|13
|
|t:|1781270670
|move|p1a: Glimmora|Stealth Rock|p2a: Kingambit
|-sidestart|p2: overheat xyz|move: Stealth Rock
|move|p2a: Kingambit|Iron Head|p1a: Glimmora
|-supereffective|p1a: Glimmora
|-damage|p1a: Glimmora|42/100
|-activate|p1a: Glimmora|ability: Toxic Debris
|-sidestart|p2: overheat xyz|move: Toxic Spikes
|
|-heal|p2a: Kingambit|94/100 brn|[from] item: Leftovers
|-damage|p2a: Kingambit|87/100 brn|[from] brn
|upkeep
|turn|14
|
|t:|1781270677
|move|p1a: Glimmora|Earth Power|p2a: Kingambit
|-supereffective|p2a: Kingambit
|-damage|p2a: Kingambit|14/100 brn
|-unboost|p2a: Kingambit|spd|1
|-damage|p1a: Glimmora|32/100|[from] item: Life Orb
|move|p2a: Kingambit|Iron Head|p1a: Glimmora
|-supereffective|p1a: Glimmora
|-damage|p1a: Glimmora|0 fnt
|-activate|p1a: Glimmora|ability: Toxic Debris
|-sidestart|p2: overheat xyz|move: Toxic Spikes
|faint|p1a: Glimmora
|
|-heal|p2a: Kingambit|20/100 brn|[from] item: Leftovers
|-damage|p2a: Kingambit|14/100 brn|[from] brn
|upkeep
|inactive|anamchara has 60 seconds left.
|
|t:|1781270716
|switch|p1a: Ogerpon|Ogerpon-Wellspring, F|100/100
|turn|15
|
|t:|1781270718
|move|p1a: Ogerpon|Trailblaze|p2a: Kingambit
|-resisted|p2a: Kingambit
|-damage|p2a: Kingambit|2/100 brn
|-boost|p1a: Ogerpon|spe|1
|move|p2a: Kingambit|Kowtow Cleave|p1a: Ogerpon
|-damage|p1a: Ogerpon|66/100
|
|-heal|p2a: Kingambit|8/100 brn|[from] item: Leftovers
|-damage|p2a: Kingambit|2/100 brn|[from] brn
|upkeep
|turn|16
|inactive|anamchara has 60 seconds left.
|j| blackblurspidey
|
|t:|1781270756
|move|p1a: Ogerpon|Horn Leech|p2a: Kingambit
|-resisted|p2a: Kingambit
|-damage|p2a: Kingambit|0 fnt
|-heal|p1a: Ogerpon|67/100|[from] drain|[of] p2a: Kingambit
|faint|p2a: Kingambit
|-end|p2a: Kingambit|fallenundefined|[silent]
|
|upkeep
|inactive|overheat xyz has 120 seconds left.
|
|t:|1781270799
|switch|p2a: Corviknight|Corviknight, F|100/100
|-damage|p2a: Corviknight|88/100|[from] Stealth Rock
|-ability|p2a: Corviknight|Pressure
|turn|17
|
|t:|1781270814
|move|p1a: Ogerpon|Ivy Cudgel|p2a: Corviknight|[anim] Ivy Cudgel Water
|-damage|p2a: Corviknight|47/100
|move|p2a: Corviknight|Defog|p1a: Ogerpon
|-unboost|p1a: Ogerpon|evasion|1
|-sideend|p2: overheat xyz|Toxic Spikes|[from] move: Defog|[of] p2a: Corviknight
|-sideend|p2: overheat xyz|Stealth Rock|[from] move: Defog|[of] p2a: Corviknight
|
|upkeep
|turn|18
|
|t:|1781270823
|move|p1a: Ogerpon|Ivy Cudgel|p2a: Corviknight|[anim] Ivy Cudgel Water
|-damage|p2a: Corviknight|12/100
|move|p2a: Corviknight|Roost|p2a: Corviknight
|-heal|p2a: Corviknight|62/100
|-singleturn|p2a: Corviknight|move: Roost
|
|upkeep
|turn|19
|inactive|overheat xyz has 120 seconds left.
|inactive|anamchara has 30 seconds left.
|inactive|anamchara has 20 seconds left.
|inactive|anamchara has 15 seconds left.
|
|t:|1781270870
|move|p1a: Ogerpon|Ivy Cudgel|p2a: Corviknight|[anim] Ivy Cudgel Water
|-damage|p2a: Corviknight|26/100
|move|p2a: Corviknight|Iron Defense|p2a: Corviknight
|-boost|p2a: Corviknight|def|2
|
|upkeep
|turn|20
|inactive|anamchara has 25 seconds left this turn.
|l| blackblurspidey
|inactive|overheat xyz has 120 seconds left.
|
|t:|1781270877
|move|p1a: Ogerpon|Ivy Cudgel|p2a: Corviknight|[anim] Ivy Cudgel Water
|-crit|p2a: Corviknight
|-damage|p2a: Corviknight|0 fnt
|faint|p2a: Corviknight
|
|upkeep
|inactive|overheat xyz has 120 seconds left.
|
|t:|1781270882
|switch|p2a: Rillaboom|Rillaboom, F|100/100
|-fieldstart|move: Grassy Terrain|[from] ability: Grassy Surge|[of] p2a: Rillaboom
|turn|21
|
|t:|1781270888
|move|p1a: Ogerpon|Horn Leech|p2a: Rillaboom
|-resisted|p2a: Rillaboom
|-damage|p2a: Rillaboom|68/100
|-heal|p1a: Ogerpon|85/100|[from] drain|[of] p2a: Rillaboom
|move|p2a: Rillaboom|U-turn|p1a: Ogerpon
|-supereffective|p1a: Ogerpon
|-damage|p1a: Ogerpon|0 fnt
|faint|p1a: Ogerpon
|l| Jeinerst
|inactive|overheat xyz has 120 seconds left.
|
|t:|1781270908
|switch|p2a: Slowking|Slowking-Galar, F, tera:Fairy|47/100 brn|[from] U-turn
|
|-heal|p2a: Slowking|53/100 brn|[from] Grassy Terrain
|-damage|p2a: Slowking|47/100 brn|[from] brn
|upkeep
|inactive|anamchara has 30 seconds left.
|
|t:|1781270925
|switch|p1a: Slowking|Slowking-Galar, F|100/100
|turn|22
|
|t:|1781270929
|switch|p2a: Dragapult|Dragapult, F|100/100
|move|p1a: Slowking|Sludge Bomb|p2a: Dragapult
|-resisted|p2a: Dragapult
|-damage|p2a: Dragapult|71/100
|
|-heal|p2a: Dragapult|77/100|[from] Grassy Terrain
|upkeep
|turn|23
|
|t:|1781270941
|move|p2a: Dragapult|U-turn|p1a: Slowking
|-damage|p1a: Slowking|85/100
|
|t:|1781270945
|switch|p2a: Slowking|Slowking-Galar, F, tera:Fairy|80/100 brn|[from] U-turn
|move|p1a: Slowking|Ice Beam|p2a: Slowking
|-damage|p2a: Slowking|59/100 brn
|
|-heal|p2a: Slowking|65/100 brn|[from] Grassy Terrain
|-heal|p1a: Slowking|91/100|[from] Grassy Terrain
|-damage|p2a: Slowking|59/100 brn|[from] brn
|upkeep
|turn|24
|inactive|anamchara has 60 seconds left.
|
|t:|1781270961
|switch|p2a: Dragapult|Dragapult, F|77/100
|move|p1a: Slowking|Sludge Bomb|p2a: Dragapult
|-resisted|p2a: Dragapult
|-damage|p2a: Dragapult|48/100
|-status|p2a: Dragapult|psn
|
|-heal|p2a: Dragapult|53/100 psn|[from] Grassy Terrain
|-heal|p1a: Slowking|97/100|[from] Grassy Terrain
|-damage|p2a: Dragapult|41/100 psn|[from] psn
|upkeep
|turn|25
|
|t:|1781270964
|move|p2a: Dragapult|Shadow Ball|p1a: Slowking
|-supereffective|p1a: Slowking
|-damage|p1a: Slowking|37/100
|move|p1a: Slowking|Sludge Bomb|p2a: Dragapult
|-resisted|p2a: Dragapult
|-damage|p2a: Dragapult|13/100 psn
|
|-heal|p2a: Dragapult|19/100 psn|[from] Grassy Terrain
|-heal|p1a: Slowking|43/100|[from] Grassy Terrain
|-damage|p2a: Dragapult|7/100 psn|[from] psn
|-fieldend|move: Grassy Terrain
|upkeep
|turn|26
|
|t:|1781270971
|switch|p1a: Meowscarada|Meowscarada, M|100/100
|move|p2a: Dragapult|Shadow Ball|p1a: Meowscarada
|-resisted|p1a: Meowscarada
|-damage|p1a: Meowscarada|59/100
|-unboost|p1a: Meowscarada|spd|1
|
|-damage|p2a: Dragapult|0 fnt|[from] psn
|faint|p2a: Dragapult
|upkeep
|
|t:|1781270983
|switch|p2a: Slowking|Slowking-Galar, F, tera:Fairy|92/100 brn
|turn|27
|
|t:|1781270991
|move|p1a: Meowscarada|U-turn|p2a: Slowking
|-start|p1a: Meowscarada|typechange|Bug|[from] ability: Protean
|-resisted|p2a: Slowking
|-damage|p2a: Slowking|77/100 brn
|
|t:|1781270998
|switch|p1a: Slowking|Slowking-Galar, F|76/100|[from] U-turn
|move|p2a: Slowking|Future Sight|p1a: Slowking
|-start|p2a: Slowking|move: Future Sight
|
|-damage|p2a: Slowking|71/100 brn|[from] brn
|upkeep
|turn|28
|j| qklingying
|
|t:|1781271019
|switch|p2a: Samurott|Samurott-Hisui, F|17/100
|move|p1a: Slowking|Sludge Bomb|p2a: Samurott
|-damage|p2a: Samurott|0 fnt
|faint|p2a: Samurott
|
|upkeep
|
|t:|1781271021
|switch|p2a: Rillaboom|Rillaboom, F|68/100
|-fieldstart|move: Grassy Terrain|[from] ability: Grassy Surge|[of] p2a: Rillaboom
|turn|29
|
|t:|1781271026
|move|p2a: Rillaboom|Knock Off|p1a: Slowking
|-supereffective|p1a: Slowking
|-damage|p1a: Slowking|0 fnt
|-enditem|p1a: Slowking|Assault Vest|[from] move: Knock Off|[of] p2a: Rillaboom
|faint|p1a: Slowking
|
|-hint|Future Sight did not hit because the target is fainted.
|-heal|p2a: Rillaboom|74/100|[from] Grassy Terrain
|upkeep
|
|t:|1781271027
|switch|p1a: Meowscarada|Meowscarada, M|59/100
|turn|30
|
|t:|1781271035
|move|p1a: Meowscarada|Triple Axel|p2a: Rillaboom
|-start|p1a: Meowscarada|typechange|Ice|[from] ability: Protean
|-supereffective|p2a: Rillaboom
|-damage|p2a: Rillaboom|53/100
|-supereffective|p2a: Rillaboom
|-damage|p2a: Rillaboom|13/100
|-supereffective|p2a: Rillaboom
|-damage|p2a: Rillaboom|0 fnt
|faint|p2a: Rillaboom
|-hitcount|p2: Rillaboom|3
|
|-heal|p1a: Meowscarada|65/100|[from] Grassy Terrain
|upkeep
|
|t:|1781271040
|switch|p2a: Slowking|Slowking-Galar, F, tera:Fairy|100/100 brn
|turn|31
|
|t:|1781271046
|move|p1a: Meowscarada|Triple Axel|p2a: Slowking
|-damage|p2a: Slowking|91/100 brn
|-crit|p2a: Slowking
|-damage|p2a: Slowking|63/100 brn
|-hitcount|p2a: Slowking|2
|move|p2a: Slowking|Fire Blast|p1a: Meowscarada
|-supereffective|p1a: Meowscarada
|-damage|p1a: Meowscarada|0 fnt
|faint|p1a: Meowscarada
|
|win|overheat xyz
|raw|anamchara's rating: 1643 &rarr; <strong>1625</strong><br />(-18 for losing)
|raw|overheat xyz's rating: 1670 &rarr; <strong>1688</strong><br />(+18 for winning)
|l|☆anamchara
|player|p1|
