|j|☆Verbalseduction
|j|☆FireSide_01
|t:|1781515694
|gametype|singles
|player|p1|Verbalseduction|169|1627
|player|p2|FireSide_01|janine|1516
|gen|9
|tier|[Gen 9] OU
|rated|
|rule|HP Percentage Mod: HP is shown in percentages
|rule|Endless Battle Clause: Forcing endless battles is banned
|rule|Species Clause: Limit one of each Pokémon
|rule|OHKO Clause: OHKO moves are banned
|rule|Evasion Items Clause: Evasion items are banned
|rule|Evasion Moves Clause: Evasion moves are banned
|rule|Evasion Abilities Clause: Evasion abilities are banned
|rule|Sleep Moves Clause: Sleep-inducing moves are banned
|clearpoke
|poke|p1|Dondozo, M|
|poke|p1|Corviknight, M|
|poke|p1|Blissey, F|
|poke|p1|Gliscor, F|
|poke|p1|Toxapex, M|
|poke|p1|Weezing-Galar, F|
|poke|p2|Ting-Lu|
|poke|p2|Sinistcha|
|poke|p2|Darkrai|
|poke|p2|Ceruledge, F|
|poke|p2|Primarina, M|
|poke|p2|Skarmory, M|
|teampreview
|inactive|Battle timer is ON: inactive players will automatically lose when time's up. (requested by FireSide_01)
|
|t:|1781515712
|teamsize|p1|6
|teamsize|p2|6
|start
|switch|p1a: Gliscor|Gliscor, F|100/100
|switch|p2a: Darkrai|Darkrai|100/100
|turn|1
|
|t:|1781515716
|move|p1a: Gliscor|Protect|p1a: Gliscor
|-singleturn|p1a: Gliscor|Protect
|move|p2a: Darkrai|Nasty Plot|p2a: Darkrai
|-boost|p2a: Darkrai|spa|2
|
|-status|p1a: Gliscor|tox|[from] item: Toxic Orb
|upkeep
|turn|2
|
|t:|1781515724
|switch|p1a: Toxapex|Toxapex, M|100/100
|move|p2a: Darkrai|Ice Beam|p1a: Toxapex
|-resisted|p1a: Toxapex
|-damage|p1a: Toxapex|80/100
|
|upkeep
|turn|3
|
|t:|1781515727
|move|p2a: Darkrai|Knock Off|p1a: Toxapex
|-damage|p1a: Toxapex|56/100
|-enditem|p1a: Toxapex|Heavy-Duty Boots|[from] move: Knock Off|[of] p2a: Darkrai
|move|p1a: Toxapex|Haze|p1a: Toxapex
|-clearallboost
|
|upkeep
|turn|4
|
|t:|1781515737
|switch|p2a: Skarmory|Skarmory, M|100/100
|move|p1a: Toxapex|Recover|p1a: Toxapex
|-heal|p1a: Toxapex|100/100
|
|upkeep
|turn|5
|
|t:|1781515741
|move|p2a: Skarmory|Stealth Rock|p1a: Toxapex
|-sidestart|p1: Verbalseduction|move: Stealth Rock
|move|p1a: Toxapex|Toxic Spikes|p2a: Skarmory
|-sidestart|p2: FireSide_01|move: Toxic Spikes
|
|upkeep
|turn|6
|
|t:|1781515754
|switch|p2a: Sinistcha|Sinistcha|100/100
|move|p1a: Toxapex|Toxic Spikes|p2a: Sinistcha
|-sidestart|p2: FireSide_01|move: Toxic Spikes
|
|upkeep
|turn|7
|
|t:|1781515761
|-terastallize|p2a: Sinistcha|Poison
|move|p2a: Sinistcha|Calm Mind|p2a: Sinistcha
|-boost|p2a: Sinistcha|spa|1
|-boost|p2a: Sinistcha|spd|1
|move|p1a: Toxapex|Toxic|p2a: Sinistcha
|-immune|p2a: Sinistcha
|
|upkeep
|turn|8
|
|t:|1781515767
|move|p2a: Sinistcha|Calm Mind|p2a: Sinistcha
|-boost|p2a: Sinistcha|spa|1
|-boost|p2a: Sinistcha|spd|1
|move|p1a: Toxapex|Haze|p1a: Toxapex
|-clearallboost
|
|upkeep
|turn|9
|
|t:|1781515778
|switch|p2a: Skarmory|Skarmory, M|100/100
|switch|p1a: Blissey|Blissey, F|100/100
|-damage|p1a: Blissey|88/100|[from] Stealth Rock
|
|-heal|p1a: Blissey|94/100|[from] item: Leftovers
|upkeep
|turn|10
|
|t:|1781515783
|switch|p2a: Sinistcha|Sinistcha, tera:Poison|100/100
|-sideend|p2: FireSide_01|move: Toxic Spikes|[of] p2a: Sinistcha
|switch|p1a: Gliscor|Gliscor, F|100/100 tox
|-damage|p1a: Gliscor|88/100 tox|[from] Stealth Rock
|
|-heal|p1a: Gliscor|100/100 tox|[from] ability: Poison Heal
|upkeep
|turn|11
|
|t:|1781515792
|switch|p2a: Skarmory|Skarmory, M|100/100
|move|p1a: Gliscor|Knock Off|p2a: Skarmory
|-damage|p2a: Skarmory|89/100
|-damage|p1a: Gliscor|84/100 tox|[from] item: Rocky Helmet|[of] p2a: Skarmory
|-enditem|p2a: Skarmory|Rocky Helmet|[from] move: Knock Off|[of] p1a: Gliscor
|
|-heal|p1a: Gliscor|97/100 tox|[from] ability: Poison Heal
|upkeep
|turn|12
|
|t:|1781515798
|move|p1a: Gliscor|Spikes|p2a: Skarmory
|-sidestart|p2: FireSide_01|Spikes
|move|p2a: Skarmory|Whirlwind|p1a: Gliscor
|drag|p1a: Dondozo|Dondozo, M|100/100
|-damage|p1a: Dondozo|88/100|[from] Stealth Rock
|
|-heal|p1a: Dondozo|94/100|[from] item: Leftovers
|upkeep
|turn|13
|
|t:|1781515806
|switch|p2a: Ting-Lu|Ting-Lu|100/100
|-damage|p2a: Ting-Lu|88/100|[from] Spikes
|-ability|p2a: Ting-Lu|Vessel of Ruin
|switch|p1a: Gliscor|Gliscor, F|97/100 tox
|-damage|p1a: Gliscor|84/100 tox|[from] Stealth Rock
|
|-heal|p2a: Ting-Lu|94/100|[from] item: Leftovers
|-heal|p1a: Gliscor|97/100 tox|[from] ability: Poison Heal
|upkeep
|turn|14
|
|t:|1781515810
|move|p1a: Gliscor|Toxic|p2a: Ting-Lu
|-status|p2a: Ting-Lu|tox
|move|p2a: Ting-Lu|Spikes|p1a: Gliscor
|-sidestart|p1: Verbalseduction|Spikes
|
|-heal|p2a: Ting-Lu|100/100 tox|[from] item: Leftovers
|-heal|p1a: Gliscor|100/100 tox|[from] ability: Poison Heal
|-damage|p2a: Ting-Lu|94/100 tox|[from] psn
|upkeep
|turn|15
|
|t:|1781515813
|move|p1a: Gliscor|Spikes|p2a: Ting-Lu
|-sidestart|p2: FireSide_01|Spikes
|move|p2a: Ting-Lu|Spikes|p1a: Gliscor
|-sidestart|p1: Verbalseduction|Spikes
|
|-heal|p2a: Ting-Lu|100/100 tox|[from] item: Leftovers
|-damage|p2a: Ting-Lu|88/100 tox|[from] psn
|upkeep
|turn|16
|
|t:|1781515819
|move|p1a: Gliscor|Spikes|p2a: Ting-Lu
|-sidestart|p2: FireSide_01|Spikes
|move|p2a: Ting-Lu|Spikes|p1a: Gliscor
|-sidestart|p1: Verbalseduction|Spikes
|
|-heal|p2a: Ting-Lu|94/100 tox|[from] item: Leftovers
|-damage|p2a: Ting-Lu|76/100 tox|[from] psn
|upkeep
|turn|17
|
|t:|1781515821
|switch|p2a: Sinistcha|Sinistcha, tera:Poison|100/100
|move|p1a: Gliscor|Knock Off|p2a: Sinistcha
|-damage|p2a: Sinistcha|87/100
|-enditem|p2a: Sinistcha|Heavy-Duty Boots|[from] move: Knock Off|[of] p1a: Gliscor
|
|upkeep
|turn|18
|
|t:|1781515835
|switch|p1a: Blissey|Blissey, F|94/100
|-damage|p1a: Blissey|82/100|[from] Stealth Rock
|-damage|p1a: Blissey|57/100|[from] Spikes
|move|p2a: Sinistcha|Calm Mind|p2a: Sinistcha
|-boost|p2a: Sinistcha|spa|1
|-boost|p2a: Sinistcha|spd|1
|
|-heal|p1a: Blissey|63/100|[from] item: Leftovers
|upkeep
|turn|19
|
|t:|1781515842
|move|p2a: Sinistcha|Calm Mind|p2a: Sinistcha
|-boost|p2a: Sinistcha|spa|1
|-boost|p2a: Sinistcha|spd|1
|move|p1a: Blissey|Calm Mind|p1a: Blissey
|-boost|p1a: Blissey|spa|1
|-boost|p1a: Blissey|spd|1
|
|-heal|p1a: Blissey|69/100|[from] item: Leftovers
|upkeep
|turn|20
|
|t:|1781515846
|move|p2a: Sinistcha|Calm Mind|p2a: Sinistcha
|-boost|p2a: Sinistcha|spa|1
|-boost|p2a: Sinistcha|spd|1
|move|p1a: Blissey|Stealth Rock|p2a: Sinistcha
|-sidestart|p2: FireSide_01|move: Stealth Rock
|
|-heal|p1a: Blissey|75/100|[from] item: Leftovers
|upkeep
|turn|21
|
|t:|1781515849
|move|p2a: Sinistcha|Calm Mind|p2a: Sinistcha
|-boost|p2a: Sinistcha|spa|1
|-boost|p2a: Sinistcha|spd|1
|move|p1a: Blissey|Calm Mind|p1a: Blissey
|-boost|p1a: Blissey|spa|1
|-boost|p1a: Blissey|spd|1
|
|-heal|p1a: Blissey|81/100|[from] item: Leftovers
|upkeep
|turn|22
|
|t:|1781515851
|move|p2a: Sinistcha|Calm Mind|p2a: Sinistcha
|-boost|p2a: Sinistcha|spa|1
|-boost|p2a: Sinistcha|spd|1
|move|p1a: Blissey|Calm Mind|p1a: Blissey
|-boost|p1a: Blissey|spa|1
|-boost|p1a: Blissey|spd|1
|
|-heal|p1a: Blissey|87/100|[from] item: Leftovers
|upkeep
|turn|23
|
|t:|1781515853
|move|p2a: Sinistcha|Calm Mind|p2a: Sinistcha
|-boost|p2a: Sinistcha|spa|1
|-boost|p2a: Sinistcha|spd|1
|move|p1a: Blissey|Calm Mind|p1a: Blissey
|-boost|p1a: Blissey|spa|1
|-boost|p1a: Blissey|spd|1
|
|-heal|p1a: Blissey|94/100|[from] item: Leftovers
|upkeep
|turn|24
|
|t:|1781515855
|move|p2a: Sinistcha|Matcha Gotcha|p1a: Blissey
|-damage|p1a: Blissey|81/100
|-heal|p2a: Sinistcha|99/100|[from] drain|[of] p1a: Blissey
|-status|p1a: Blissey|brn
|move|p1a: Blissey|Calm Mind|p1a: Blissey
|-boost|p1a: Blissey|spa|1
|-boost|p1a: Blissey|spd|1
|
|-heal|p1a: Blissey|87/100 brn|[from] item: Leftovers
|-damage|p1a: Blissey|81/100 brn|[from] brn
|upkeep
|turn|25
|
|t:|1781515862
|move|p2a: Sinistcha|Matcha Gotcha|p1a: Blissey
|-damage|p1a: Blissey|69/100 brn
|-heal|p2a: Sinistcha|100/100|[from] drain|[of] p1a: Blissey
|move|p1a: Blissey|Calm Mind|p1a: Blissey
|-boost|p1a: Blissey|spa|1
|-boost|p1a: Blissey|spd|1
|
|-heal|p1a: Blissey|75/100 brn|[from] item: Leftovers
|-damage|p1a: Blissey|69/100 brn|[from] brn
|upkeep
|turn|26
|
|t:|1781515867
|move|p2a: Sinistcha|Matcha Gotcha|p1a: Blissey
|-damage|p1a: Blissey|58/100 brn
|move|p1a: Blissey|Shadow Ball|p2a: Sinistcha
|-damage|p2a: Sinistcha|83/100
|
|-heal|p1a: Blissey|64/100 brn|[from] item: Leftovers
|-damage|p1a: Blissey|58/100 brn|[from] brn
|upkeep
|turn|27
|
|t:|1781515876
|move|p2a: Sinistcha|Matcha Gotcha|p1a: Blissey
|-damage|p1a: Blissey|48/100 brn
|-heal|p2a: Sinistcha|92/100|[from] drain|[of] p1a: Blissey
|move|p1a: Blissey|Shadow Ball|p2a: Sinistcha
|-damage|p2a: Sinistcha|76/100
|
|-heal|p1a: Blissey|54/100 brn|[from] item: Leftovers
|-damage|p1a: Blissey|48/100 brn|[from] brn
|upkeep
|turn|28
|
|t:|1781515886
|move|p2a: Sinistcha|Matcha Gotcha|p1a: Blissey
|-damage|p1a: Blissey|37/100 brn
|-heal|p2a: Sinistcha|86/100|[from] drain|[of] p1a: Blissey
|move|p1a: Blissey|Soft-Boiled|p1a: Blissey
|-heal|p1a: Blissey|87/100 brn
|
|-heal|p1a: Blissey|93/100 brn|[from] item: Leftovers
|-damage|p1a: Blissey|87/100 brn|[from] brn
|upkeep
|turn|29
|
|t:|1781515897
|move|p2a: Sinistcha|Matcha Gotcha|p1a: Blissey|[miss]
|-miss|p2a: Sinistcha|p1a: Blissey
|move|p1a: Blissey|Shadow Ball|p2a: Sinistcha
|-damage|p2a: Sinistcha|70/100
|
|-heal|p1a: Blissey|93/100 brn|[from] item: Leftovers
|-damage|p1a: Blissey|87/100 brn|[from] brn
|upkeep
|turn|30
|
|t:|1781515904
|move|p2a: Sinistcha|Matcha Gotcha|p1a: Blissey|[miss]
|-miss|p2a: Sinistcha|p1a: Blissey
|move|p1a: Blissey|Shadow Ball|p2a: Sinistcha
|-damage|p2a: Sinistcha|52/100
|
|-heal|p1a: Blissey|93/100 brn|[from] item: Leftovers
|-damage|p1a: Blissey|87/100 brn|[from] brn
|upkeep
|turn|31
|
|t:|1781515907
|move|p2a: Sinistcha|Matcha Gotcha|p1a: Blissey
|-damage|p1a: Blissey|77/100 brn
|-heal|p2a: Sinistcha|61/100|[from] drain|[of] p1a: Blissey
|move|p1a: Blissey|Shadow Ball|p2a: Sinistcha
|-damage|p2a: Sinistcha|43/100
|
|-heal|p1a: Blissey|83/100 brn|[from] item: Leftovers
|-damage|p1a: Blissey|77/100 brn|[from] brn
|upkeep
|turn|32
|
|t:|1781515912
|move|p2a: Sinistcha|Strength Sap|p1a: Blissey
|-unboost|p1a: Blissey|atk|1
|-heal|p2a: Sinistcha|49/100
|move|p1a: Blissey|Shadow Ball|p2a: Sinistcha
|-damage|p2a: Sinistcha|32/100
|-unboost|p2a: Sinistcha|spd|1
|
|-heal|p1a: Blissey|83/100 brn|[from] item: Leftovers
|-damage|p1a: Blissey|77/100 brn|[from] brn
|upkeep
|turn|33
|
|t:|1781515922
|move|p2a: Sinistcha|Matcha Gotcha|p1a: Blissey
|-damage|p1a: Blissey|66/100 brn
|-heal|p2a: Sinistcha|42/100|[from] drain|[of] p1a: Blissey
|move|p1a: Blissey|Shadow Ball|p2a: Sinistcha
|-damage|p2a: Sinistcha|21/100
|-unboost|p2a: Sinistcha|spd|1
|
|-heal|p1a: Blissey|73/100 brn|[from] item: Leftovers
|-damage|p1a: Blissey|66/100 brn|[from] brn
|upkeep
|turn|34
|
|t:|1781515927
|move|p2a: Sinistcha|Matcha Gotcha|p1a: Blissey
|-damage|p1a: Blissey|56/100 brn
|-heal|p2a: Sinistcha|30/100|[from] drain|[of] p1a: Blissey
|move|p1a: Blissey|Shadow Ball|p2a: Sinistcha
|-damage|p2a: Sinistcha|7/100
|-unboost|p2a: Sinistcha|spd|1
|
|-heal|p1a: Blissey|62/100 brn|[from] item: Leftovers
|-damage|p1a: Blissey|56/100 brn|[from] brn
|upkeep
|turn|35
|
|t:|1781515931
|move|p2a: Sinistcha|Matcha Gotcha|p1a: Blissey|[miss]
|-miss|p2a: Sinistcha|p1a: Blissey
|move|p1a: Blissey|Soft-Boiled|p1a: Blissey
|-heal|p1a: Blissey|100/100 brn
|
|-damage|p1a: Blissey|94/100 brn|[from] brn
|upkeep
|turn|36
|
|t:|1781515933
|move|p2a: Sinistcha|Matcha Gotcha|p1a: Blissey
|-damage|p1a: Blissey|84/100 brn
|-heal|p2a: Sinistcha|18/100|[from] drain|[of] p1a: Blissey
|move|p1a: Blissey|Shadow Ball|p2a: Sinistcha
|-damage|p2a: Sinistcha|0 fnt
|faint|p2a: Sinistcha
|
|-heal|p1a: Blissey|90/100 brn|[from] item: Leftovers
|-damage|p1a: Blissey|84/100 brn|[from] brn
|upkeep
|
|t:|1781515940
|switch|p2a: Ceruledge|Ceruledge, F|100/100
|turn|37
|
|t:|1781515945
|move|p2a: Ceruledge|Bitter Blade|p1a: Blissey
|-damage|p1a: Blissey|33/100 brn
|move|p1a: Blissey|Shadow Ball|p2a: Ceruledge
|-supereffective|p2a: Ceruledge
|-damage|p2a: Ceruledge|0 fnt
|faint|p2a: Ceruledge
|
|-heal|p1a: Blissey|39/100 brn|[from] item: Leftovers
|-damage|p1a: Blissey|33/100 brn|[from] brn
|upkeep
|
|t:|1781515954
|switch|p2a: Skarmory|Skarmory, M|89/100
|-damage|p2a: Skarmory|76/100|[from] Stealth Rock
|turn|38
|
|t:|1781515959
|-curestatus|p1a: Blissey|brn|[from] ability: Natural Cure|[silent]
|switch|p1a: Weezing|Weezing-Galar, F|100/100
|-ability|p1a: Weezing|Neutralizing Gas
|move|p2a: Skarmory|Brave Bird|p1a: Weezing
|-damage|p1a: Weezing|77/100
|-damage|p2a: Skarmory|68/100|[from] Recoil
|
|upkeep
|turn|39
|
|t:|1781515968
|move|p2a: Skarmory|Stealth Rock||[still]
|-fail|p2a: Skarmory
|move|p1a: Weezing|Will-O-Wisp|p2a: Skarmory
|-status|p2a: Skarmory|brn
|
|-damage|p2a: Skarmory|62/100 brn|[from] brn
|upkeep
|turn|40
|
|t:|1781515973
|-end|p1a: Weezing|ability: Neutralizing Gas
|switch|p1a: Gliscor|Gliscor, F|100/100 tox
|-damage|p1a: Gliscor|88/100 tox|[from] Stealth Rock
|move|p2a: Skarmory|Whirlwind|p1a: Gliscor
|drag|p1a: Toxapex|Toxapex, M|100/100
|-damage|p1a: Toxapex|88/100|[from] Stealth Rock
|-damage|p1a: Toxapex|64/100|[from] Spikes
|
|-damage|p2a: Skarmory|56/100 brn|[from] brn
|upkeep
|turn|41
|
|t:|1781515982
|move|p2a: Skarmory|Roost|p2a: Skarmory
|-heal|p2a: Skarmory|100/100 brn
|-singleturn|p2a: Skarmory|move: Roost
|move|p1a: Toxapex|Toxic Spikes|p2a: Skarmory
|-sidestart|p2: FireSide_01|move: Toxic Spikes
|
|-damage|p2a: Skarmory|95/100 brn|[from] brn
|upkeep
|turn|42
|-message|FireSide_01 forfeited.
|
|win|Verbalseduction
|raw|Verbalseduction's rating: 1627 &rarr; <strong>1641</strong><br />(+14 for winning)
|raw|FireSide_01's rating: 1516 &rarr; <strong>1502</strong><br />(-14 for losing)
|l|☆FireSide_01
|player|p2|
|l|☆Verbalseduction
|player|p1|
