|j|☆ur doggo
|j|☆funnygames(1997)
|t:|1781526645
|gametype|singles
|player|p1|ur doggo|102|1521
|player|p2|funnygames(1997)|2|1535
|gen|9
|tier|[Gen 9] OU
|rated|
|rule|HP Percentage Mod: HP is shown in percentages
|rule|Endless Battle Clause: Forcing endless battles is banned
|rule|Species Clause: Limit one of each Pokémon
|rule|OHKO Clause: OHKO moves are banned
|rule|Evasion Items Clause: Evasion items are banned
|rule|Evasion Moves Clause: Evasion moves are banned
|rule|Evasion Abilities Clause: Evasion abilities are banned
|rule|Sleep Moves Clause: Sleep-inducing moves are banned
|clearpoke
|poke|p1|Regieleki|
|poke|p1|Corviknight, M|
|poke|p1|Zamazenta-*|
|poke|p1|Alomomola, F|
|poke|p1|Grafaiai, M|
|poke|p1|Gliscor, F|
|poke|p2|Arcanine-Hisui, F|
|poke|p2|Darkrai|
|poke|p2|Great Tusk|
|poke|p2|Hatterene, F|
|poke|p2|Ogerpon-Wellspring, F|
|poke|p2|Zapdos|
|teampreview
|j| Fistiano Analdo
|inactive|Battle timer is ON: inactive players will automatically lose when time's up. (requested by funnygames(1997))
|
|t:|1781526669
|teamsize|p1|6
|teamsize|p2|6
|start
|switch|p1a: Gliscor|Gliscor, F|100/100
|switch|p2a: Ogerpon|Ogerpon-Wellspring, F|100/100
|turn|1
|
|t:|1781526675
|move|p1a: Gliscor|Protect|p1a: Gliscor
|-singleturn|p1a: Gliscor|Protect
|move|p2a: Ogerpon|Ivy Cudgel|p1a: Gliscor|[anim] Ivy Cudgel Water
|-activate|p1a: Gliscor|move: Protect
|
|-status|p1a: Gliscor|tox|[from] item: Toxic Orb
|upkeep
|turn|2
|
|t:|1781526680
|switch|p1a: Corviknight|Corviknight, M|100/100
|-ability|p1a: Corviknight|Pressure
|move|p2a: Ogerpon|Swords Dance|p2a: Ogerpon
|-boost|p2a: Ogerpon|atk|2
|
|upkeep
|turn|3
|
|t:|1781526686
|move|p2a: Ogerpon|Ivy Cudgel|p1a: Corviknight|[anim] Ivy Cudgel Water
|-damage|p1a: Corviknight|30/100
|move|p1a: Corviknight|U-turn|p2a: Ogerpon
|-supereffective|p2a: Ogerpon
|-damage|p2a: Ogerpon|63/100
|
|t:|1781526711
|switch|p1a: Regieleki|Regieleki|100/100|[from] U-turn
|
|upkeep
|turn|4
|
|t:|1781526720
|switch|p1a: Grafaiai|Grafaiai, M|100/100
|switch|p2a: Great Tusk|Great Tusk|100/100
|
|upkeep
|turn|5
|
|t:|1781526737
|-end|p2a: Great Tusk|Protosynthesis|[silent]
|switch|p2a: Hatterene|Hatterene, F|100/100
|move|p1a: Grafaiai|Switcheroo|p2a: Hatterene
|-activate|p1a: Grafaiai|move: Trick|[of] p2a: Hatterene
|-item|p2a: Hatterene|Ring Target|[from] move: Switcheroo
|-item|p1a: Grafaiai|Assault Vest|[from] move: Switcheroo
|
|upkeep
|turn|6
|
|t:|1781526747
|move|p1a: Grafaiai|U-turn|p2a: Hatterene
|-damage|p2a: Hatterene|83/100
|
|t:|1781526748
|switch|p1a: Alomomola|Alomomola, F|100/100|[from] U-turn
|move|p2a: Hatterene|Draining Kiss|p1a: Alomomola
|-damage|p1a: Alomomola|88/100
|-heal|p2a: Hatterene|99/100|[from] drain|[of] p1a: Alomomola
|
|upkeep
|turn|7
|
|t:|1781526755
|move|p1a: Alomomola|Flip Turn|p2a: Hatterene
|-damage|p2a: Hatterene|80/100
|
|t:|1781526758
|switch|p1a: Gliscor|Gliscor, F|100/100 tox|[from] Flip Turn
|move|p2a: Hatterene|Nuzzle|p1a: Gliscor
|-immune|p1a: Gliscor
|
|upkeep
|turn|8
|
|t:|1781526762
|switch|p2a: Ogerpon|Ogerpon-Wellspring, F|63/100
|move|p1a: Gliscor|Swords Dance|p1a: Gliscor
|-boost|p1a: Gliscor|atk|2
|
|upkeep
|turn|9
|
|t:|1781526779
|switch|p1a: Corviknight|Corviknight, M|30/100
|-ability|p1a: Corviknight|Pressure
|move|p2a: Ogerpon|Encore||[still]
|-fail|p2a: Ogerpon
|
|upkeep
|turn|10
|
|t:|1781526787
|move|p2a: Ogerpon|Ivy Cudgel|p1a: Corviknight|[anim] Ivy Cudgel Water
|-damage|p1a: Corviknight|0 fnt
|faint|p1a: Corviknight
|
|upkeep
|
|t:|1781526795
|switch|p1a: Zamazenta|Zamazenta|100/100
|-ability|p1a: Zamazenta|Dauntless Shield|boost
|-boost|p1a: Zamazenta|def|1
|turn|11
|
|t:|1781526804
|switch|p2a: Hatterene|Hatterene, F|80/100
|move|p1a: Zamazenta|Stone Edge|p2a: Hatterene
|-damage|p2a: Hatterene|23/100
|
|upkeep
|turn|12
|
|t:|1781526809
|move|p1a: Zamazenta|Stone Edge|p2a: Hatterene|[miss]
|-miss|p1a: Zamazenta|p2a: Hatterene
|move|p2a: Hatterene|Draining Kiss|p1a: Zamazenta
|-supereffective|p1a: Zamazenta
|-damage|p1a: Zamazenta|48/100
|-heal|p2a: Hatterene|63/100|[from] drain|[of] p1a: Zamazenta
|
|upkeep
|turn|13
|
|t:|1781526816
|switch|p1a: Alomomola|Alomomola, F|100/100
|move|p2a: Hatterene|Draining Kiss|p1a: Alomomola
|-damage|p1a: Alomomola|88/100
|-heal|p2a: Hatterene|79/100|[from] drain|[of] p1a: Alomomola
|
|upkeep
|turn|14
|
|t:|1781526820
|move|p1a: Alomomola|Body Slam|p2a: Hatterene
|-damage|p2a: Hatterene|62/100
|move|p2a: Hatterene|Nuzzle|p1a: Alomomola
|-supereffective|p1a: Alomomola
|-damage|p1a: Alomomola|81/100
|-status|p1a: Alomomola|par
|
|upkeep
|turn|15
|l| Fistiano Analdo
|
|t:|1781526825
|move|p2a: Hatterene|Draining Kiss|p1a: Alomomola
|-damage|p1a: Alomomola|67/100 par
|-heal|p2a: Hatterene|80/100|[from] drain|[of] p1a: Alomomola
|move|p1a: Alomomola|Body Slam|p2a: Hatterene
|-crit|p2a: Hatterene
|-damage|p2a: Hatterene|52/100
|
|upkeep
|turn|16
|
|t:|1781526834
|move|p2a: Hatterene|Draining Kiss|p1a: Alomomola
|-damage|p1a: Alomomola|52/100 par
|-heal|p2a: Hatterene|71/100|[from] drain|[of] p1a: Alomomola
|move|p1a: Alomomola|Body Slam|p2a: Hatterene
|-damage|p2a: Hatterene|53/100
|
|upkeep
|turn|17
|
|t:|1781526838
|move|p2a: Hatterene|Draining Kiss|p1a: Alomomola
|-damage|p1a: Alomomola|39/100 par
|-heal|p2a: Hatterene|70/100|[from] drain|[of] p1a: Alomomola
|move|p1a: Alomomola|Body Slam|p2a: Hatterene
|-damage|p2a: Hatterene|54/100
|
|upkeep
|turn|18
|
|t:|1781526842
|switch|p1a: Grafaiai|Grafaiai, M|100/100
|move|p2a: Hatterene|Draining Kiss|p1a: Grafaiai
|-resisted|p1a: Grafaiai
|-damage|p1a: Grafaiai|88/100
|-heal|p2a: Hatterene|64/100|[from] drain|[of] p1a: Grafaiai
|
|upkeep
|turn|19
|
|t:|1781526849
|move|p1a: Grafaiai|U-turn|p2a: Hatterene
|-damage|p2a: Hatterene|48/100
|
|t:|1781526852
|switch|p1a: Gliscor|Gliscor, F|100/100 tox|[from] U-turn
|move|p2a: Hatterene|Psyshock|p1a: Gliscor
|-damage|p1a: Gliscor|66/100 tox
|
|-heal|p1a: Gliscor|78/100 tox|[from] ability: Poison Heal
|upkeep
|turn|20
|
|t:|1781526860
|switch|p2a: Ogerpon|Ogerpon-Wellspring, F|63/100
|move|p1a: Gliscor|Knock Off|p2a: Ogerpon
|-damage|p2a: Ogerpon|46/100
|
|-heal|p1a: Gliscor|91/100 tox|[from] ability: Poison Heal
|upkeep
|turn|21
|-message|ur doggo forfeited.
|
|win|funnygames(1997)
|raw|ur doggo's rating: 1521 &rarr; <strong>1502</strong><br />(-19 for losing)
|raw|funnygames(1997)'s rating: 1535 &rarr; <strong>1554</strong><br />(+19 for winning)
|l|☆ur doggo
|player|p1|
|l|☆funnygames(1997)
|player|p2|
