|j|☆freekaik
|j|☆No1CelestiaKinnie
|t:|1781496811
|gametype|singles
|player|p1|freekaik|265|1527
|player|p2|No1CelestiaKinnie|rainbowrocketgruntf|1564
|gen|9
|tier|[Gen 9] OU
|rated|
|rule|HP Percentage Mod: HP is shown in percentages
|rule|Endless Battle Clause: Forcing endless battles is banned
|rule|Species Clause: Limit one of each Pokémon
|rule|OHKO Clause: OHKO moves are banned
|rule|Evasion Items Clause: Evasion items are banned
|rule|Evasion Moves Clause: Evasion moves are banned
|rule|Evasion Abilities Clause: Evasion abilities are banned
|rule|Sleep Moves Clause: Sleep-inducing moves are banned
|clearpoke
|poke|p1|Ogerpon-Wellspring, F|
|poke|p1|Weezing-Galar, M|
|poke|p1|Raging Bolt|
|poke|p1|Corviknight, F|
|poke|p1|Heatran, F|
|poke|p1|Great Tusk|
|poke|p2|Raging Bolt|
|poke|p2|Ogerpon-Wellspring, F|
|poke|p2|Zamazenta-*|
|poke|p2|Cresselia, F|
|poke|p2|Glimmora, M|
|poke|p2|Kingambit, M|
|teampreview
|inactive|Battle timer is ON: inactive players will automatically lose when time's up. (requested by No1CelestiaKinnie)
|
|t:|1781496837
|teamsize|p1|6
|teamsize|p2|6
|start
|switch|p1a: Ogerpon|Ogerpon-Wellspring, F|100/100
|switch|p2a: Trojan|Zamazenta, shiny|100/100
|-ability|p2a: Trojan|Dauntless Shield|boost
|-boost|p2a: Trojan|def|1
|turn|1
|
|t:|1781496844
|switch|p1a: Weezing|Weezing-Galar, M, shiny|100/100
|-ability|p1a: Weezing|Neutralizing Gas
|move|p2a: Trojan|Body Press|p1a: Weezing
|-resisted|p1a: Weezing
|-damage|p1a: Weezing|92/100
|
|-heal|p1a: Weezing|98/100|[from] item: Leftovers
|upkeep
|turn|2
|
|t:|1781496852
|move|p2a: Trojan|Heavy Slam|p1a: Weezing
|-supereffective|p1a: Weezing
|-damage|p1a: Weezing|59/100
|move|p1a: Weezing|Will-O-Wisp|p2a: Trojan
|-status|p2a: Trojan|brn
|
|-heal|p1a: Weezing|65/100|[from] item: Leftovers
|-damage|p2a: Trojan|95/100 brn|[from] brn
|upkeep
|turn|3
|
|t:|1781496861
|move|p2a: Trojan|Reflect|p2a: Trojan
|-sidestart|p2: No1CelestiaKinnie|Reflect
|move|p1a: Weezing|Strange Steam|p2a: Trojan
|-supereffective|p2a: Trojan
|-damage|p2a: Trojan|48/100 brn
|
|-heal|p1a: Weezing|71/100|[from] item: Leftovers
|-damage|p2a: Trojan|42/100 brn|[from] brn
|upkeep
|turn|4
|
|t:|1781496874
|move|p2a: Trojan|Light Screen|p2a: Trojan
|-sidestart|p2: No1CelestiaKinnie|move: Light Screen
|move|p1a: Weezing|Defog|p2a: Trojan
|-unboost|p2a: Trojan|evasion|1
|-sideend|p2: No1CelestiaKinnie|Reflect
|-sideend|p2: No1CelestiaKinnie|move: Light Screen
|
|-heal|p1a: Weezing|77/100|[from] item: Leftovers
|-damage|p2a: Trojan|36/100 brn|[from] brn
|upkeep
|turn|5
|
|t:|1781496881
|move|p2a: Trojan|Reflect|p2a: Trojan
|-sidestart|p2: No1CelestiaKinnie|Reflect
|move|p1a: Weezing|Strange Steam|p2a: Trojan
|-supereffective|p2a: Trojan
|-damage|p2a: Trojan|0 fnt
|faint|p2a: Trojan
|
|-heal|p1a: Weezing|83/100|[from] item: Leftovers
|upkeep
|
|t:|1781496886
|switch|p2a: Byakko|Raging Bolt|100/100
|turn|6
|
|t:|1781496897
|move|p2a: Byakko|Calm Mind|p2a: Byakko
|-boost|p2a: Byakko|spa|1
|-boost|p2a: Byakko|spd|1
|move|p1a: Weezing|Strange Steam|p2a: Byakko
|-supereffective|p2a: Byakko
|-damage|p2a: Byakko|71/100
|
|-heal|p1a: Weezing|89/100|[from] item: Leftovers
|upkeep
|turn|7
|inactive|freekaik has 120 seconds left.
|
|t:|1781496933
|-end|p1a: Weezing|ability: Neutralizing Gas
|switch|p1a: Ogerpon|Ogerpon-Wellspring, F|100/100
|-enditem|p2a: Byakko|Booster Energy
|-activate|p2a: Byakko|ability: Protosynthesis|[fromitem]
|-start|p2a: Byakko|protosynthesisspa
|move|p2a: Byakko|Dragon Pulse|p1a: Ogerpon
|-damage|p1a: Ogerpon|0 fnt
|faint|p1a: Ogerpon
|
|upkeep
|
|t:|1781496943
|switch|p1a: Great Tusk|Great Tusk|100/100
|-enditem|p1a: Great Tusk|Booster Energy
|-activate|p1a: Great Tusk|ability: Protosynthesis|[fromitem]
|-start|p1a: Great Tusk|protosynthesisatk
|turn|8
|
|t:|1781496947
|-terastallize|p2a: Byakko|Fairy
|move|p1a: Great Tusk|Headlong Rush|p2a: Byakko
|-damage|p2a: Byakko|36/100
|-unboost|p1a: Great Tusk|def|1
|-unboost|p1a: Great Tusk|spd|1
|move|p2a: Byakko|Dragon Pulse|p1a: Great Tusk
|-damage|p1a: Great Tusk|0 fnt
|faint|p1a: Great Tusk
|-end|p1a: Great Tusk|Protosynthesis|[silent]
|
|upkeep
|
|t:|1781496956
|switch|p1a: Heatran|Heatran, F|100/100
|-item|p1a: Heatran|Air Balloon
|turn|9
|
|t:|1781496959
|move|p1a: Heatran|Flash Cannon|p2a: Byakko
|-supereffective|p2a: Byakko
|-damage|p2a: Byakko|0 fnt
|faint|p2a: Byakko
|-end|p2a: Byakko|Protosynthesis|[silent]
|
|upkeep
|
|t:|1781496962
|switch|p2a: Alice|Ogerpon-Wellspring, F|100/100
|turn|10
|
|t:|1781496981
|switch|p1a: Raging Bolt|Raging Bolt|100/100
|-enditem|p1a: Raging Bolt|Booster Energy
|-activate|p1a: Raging Bolt|ability: Protosynthesis|[fromitem]
|-start|p1a: Raging Bolt|protosynthesisspa
|move|p2a: Alice|Ivy Cudgel|p1a: Raging Bolt|[anim] Ivy Cudgel Water
|-resisted|p1a: Raging Bolt
|-damage|p1a: Raging Bolt|75/100
|
|upkeep
|turn|11
|
|t:|1781496994
|move|p2a: Alice|Taunt|p1a: Raging Bolt
|-start|p1a: Raging Bolt|move: Taunt
|move|p1a: Raging Bolt|Thunderbolt|p2a: Alice
|-damage|p2a: Alice|12/100
|
|upkeep
|turn|12
|
|t:|1781497000
|move|p2a: Alice|Ivy Cudgel|p1a: Raging Bolt|[anim] Ivy Cudgel Water
|-resisted|p1a: Raging Bolt
|-damage|p1a: Raging Bolt|52/100
|move|p1a: Raging Bolt|Thunderbolt|p2a: Alice
|-damage|p2a: Alice|0 fnt
|faint|p2a: Alice
|
|-sideend|p2: No1CelestiaKinnie|Reflect
|upkeep
|
|t:|1781497005
|switch|p2a: Crescent|Cresselia, F, shiny|100/100
|turn|13
|
|t:|1781497020
|-end|p1a: Raging Bolt|Protosynthesis|[silent]
|switch|p1a: Corviknight|Corviknight, F|100/100
|-ability|p1a: Corviknight|Pressure
|move|p2a: Crescent|Calm Mind|p2a: Crescent
|-boost|p2a: Crescent|spa|1
|-boost|p2a: Crescent|spd|1
|
|upkeep
|turn|14
|
|t:|1781497031
|move|p2a: Crescent|Calm Mind|p2a: Crescent
|-boost|p2a: Crescent|spa|1
|-boost|p2a: Crescent|spd|1
|move|p1a: Corviknight|Bulk Up|p1a: Corviknight
|-boost|p1a: Corviknight|atk|1
|-boost|p1a: Corviknight|def|1
|
|upkeep
|turn|15
|
|t:|1781497037
|move|p2a: Crescent|Calm Mind|p2a: Crescent
|-boost|p2a: Crescent|spa|1
|-boost|p2a: Crescent|spd|1
|move|p1a: Corviknight|Bulk Up|p1a: Corviknight
|-boost|p1a: Corviknight|atk|1
|-boost|p1a: Corviknight|def|1
|
|upkeep
|turn|16
|
|t:|1781497044
|move|p2a: Crescent|Stored Power|p1a: Corviknight
|-resisted|p1a: Corviknight
|-damage|p1a: Corviknight|56/100
|move|p1a: Corviknight|Bulk Up|p1a: Corviknight
|-boost|p1a: Corviknight|atk|1
|-boost|p1a: Corviknight|def|1
|
|upkeep
|turn|17
|
|t:|1781497051
|move|p2a: Crescent|Stored Power|p1a: Corviknight
|-resisted|p1a: Corviknight
|-damage|p1a: Corviknight|12/100
|move|p1a: Corviknight|Power Trip|p2a: Crescent
|-supereffective|p2a: Crescent
|-damage|p2a: Crescent|0 fnt
|faint|p2a: Crescent
|
|upkeep
|
|t:|1781497055
|switch|p2a: Overgod|Kingambit, M, shiny|100/100
|-activate|p2a: Overgod|ability: Supreme Overlord
|-start|p2a: Overgod|fallen4|[silent]
|turn|18
|
|t:|1781497061
|move|p1a: Corviknight|Roost|p1a: Corviknight
|-heal|p1a: Corviknight|62/100
|-singleturn|p1a: Corviknight|move: Roost
|move|p2a: Overgod|Swords Dance|p2a: Overgod
|-boost|p2a: Overgod|atk|2
|
|upkeep
|turn|19
|
|t:|1781497071
|move|p1a: Corviknight|Power Trip|p2a: Overgod
|-resisted|p2a: Overgod
|-damage|p2a: Overgod|73/100
|move|p2a: Overgod|Swords Dance|p2a: Overgod
|-boost|p2a: Overgod|atk|2
|
|-heal|p2a: Overgod|79/100|[from] item: Leftovers
|upkeep
|turn|20
|
|t:|1781497093
|move|p1a: Corviknight|Power Trip|p2a: Overgod
|-resisted|p2a: Overgod
|-damage|p2a: Overgod|54/100
|move|p2a: Overgod|Low Kick|p1a: Corviknight
|-damage|p1a: Corviknight|18/100
|
|-heal|p2a: Overgod|61/100|[from] item: Leftovers
|upkeep
|turn|21
|
|t:|1781497102
|move|p1a: Corviknight|U-turn|p2a: Overgod
|-damage|p2a: Overgod|35/100
|inactive|freekaik has 120 seconds left.
|
|t:|1781497140
|switch|p1a: Heatran|Heatran, F|100/100|[from] U-turn
|-item|p1a: Heatran|Air Balloon
|move|p2a: Overgod|Low Kick|p1a: Heatran
|-supereffective|p1a: Heatran
|-damage|p1a: Heatran|0 fnt
|-enditem|p1a: Heatran|Air Balloon
|faint|p1a: Heatran
|
|-heal|p2a: Overgod|41/100|[from] item: Leftovers
|upkeep
|
|t:|1781497150
|switch|p1a: Weezing|Weezing-Galar, M, shiny|89/100
|-ability|p1a: Weezing|Neutralizing Gas
|turn|22
|inactive|freekaik has 120 seconds left.
|
|t:|1781497161
|-terastallize|p1a: Weezing|Flying
|move|p1a: Weezing|Will-O-Wisp|p2a: Overgod
|-status|p2a: Overgod|brn
|move|p2a: Overgod|Iron Head|p1a: Weezing
|-damage|p1a: Weezing|42/100
|
|-heal|p1a: Weezing|48/100|[from] item: Leftovers
|-heal|p2a: Overgod|47/100 brn|[from] item: Leftovers
|-damage|p2a: Overgod|41/100 brn|[from] brn
|upkeep
|turn|23
|inactive|freekaik has 120 seconds left.
|-message|No1CelestiaKinnie forfeited.
|
|win|freekaik
|raw|freekaik's rating: 1527 &rarr; <strong>1549</strong><br />(+22 for winning)
|raw|No1CelestiaKinnie's rating: 1564 &rarr; <strong>1542</strong><br />(-22 for losing)
|l|☆No1CelestiaKinnie
|player|p2|
|l|☆freekaik
|player|p1|
