|j|☆dracovishsfan
|j|☆tuanquewang
|t:|1781255081
|gametype|singles
|player|p1|dracovishsfan|n|1726
|player|p2|tuanquewang|backersf|1729
|gen|9
|tier|[Gen 9] OU
|rated|
|rule|HP Percentage Mod: HP is shown in percentages
|rule|Endless Battle Clause: Forcing endless battles is banned
|rule|Species Clause: Limit one of each Pokémon
|rule|OHKO Clause: OHKO moves are banned
|rule|Evasion Items Clause: Evasion items are banned
|rule|Evasion Moves Clause: Evasion moves are banned
|rule|Evasion Abilities Clause: Evasion abilities are banned
|rule|Sleep Moves Clause: Sleep-inducing moves are banned
|clearpoke
|poke|p1|Gholdengo|
|poke|p1|Dragonite, M|
|poke|p1|Raging Bolt|
|poke|p1|Great Tusk|
|poke|p1|Iron Valiant|
|poke|p1|Ting-Lu|
|poke|p2|Slowking-Galar, M|
|poke|p2|Hydrapple, F|
|poke|p2|Cinderace, M|
|poke|p2|Alomomola, F|
|poke|p2|Mamoswine, M|
|poke|p2|Gholdengo|
|teampreview
|inactive|Battle timer is ON: inactive players will automatically lose when time's up. (requested by dracovishsfan)
|inactive|tuanquewang also wants the timer to be on.
|
|t:|1781255088
|teamsize|p1|6
|teamsize|p2|6
|start
|switch|p1a: Great Tusk|Great Tusk|100/100
|switch|p2a: Mamoswine|Mamoswine, M|100/100
|turn|1
|
|t:|1781255097
|switch|p2a: Alomomola|Alomomola, F|100/100
|move|p1a: Great Tusk|Close Combat|p2a: Alomomola
|-damage|p2a: Alomomola|64/100
|-unboost|p1a: Great Tusk|def|1
|-unboost|p1a: Great Tusk|spd|1
|
|-heal|p2a: Alomomola|71/100|[from] item: Leftovers
|upkeep
|turn|2
|
|t:|1781255100
|-end|p1a: Great Tusk|Protosynthesis|[silent]
|switch|p1a: Great Neck|Raging Bolt|100/100
|move|p2a: Alomomola|Flip Turn|p1a: Great Neck
|-resisted|p1a: Great Neck
|-damage|p1a: Great Neck|93/100
|
|t:|1781255106
|switch|p2a: Slowking|Slowking-Galar, M|100/100|[from] Flip Turn
|
|upkeep
|turn|3
|
|t:|1781255109
|move|p1a: Great Neck|Volt Switch|p2a: Slowking
|-damage|p2a: Slowking|63/100
|
|t:|1781255113
|-end|p1a: Great Neck|Protosynthesis|[silent]
|switch|p1a: Ting-Lu|Ting-Lu|100/100|[from] Volt Switch
|-ability|p1a: Ting-Lu|Vessel of Ruin
|move|p2a: Slowking|Toxic|p1a: Ting-Lu
|-status|p1a: Ting-Lu|tox
|
|-heal|p2a: Slowking|69/100|[from] item: Black Sludge
|-damage|p1a: Ting-Lu|94/100 tox|[from] psn
|upkeep
|turn|4
|j| liet32120
|
|t:|1781255131
|switch|p2a: Alomomola|Alomomola, F|100/100
|move|p1a: Ting-Lu|Stealth Rock|p2a: Alomomola
|-sidestart|p2: tuanquewang|move: Stealth Rock
|
|-heal|p1a: Ting-Lu|100/100 tox|[from] item: Leftovers
|-damage|p1a: Ting-Lu|88/100 tox|[from] psn
|upkeep
|turn|5
|j| yuureisuisei
|
|t:|1781255135
|switch|p1a: Great Neck|Raging Bolt|93/100
|move|p2a: Alomomola|Flip Turn|p1a: Great Neck
|-resisted|p1a: Great Neck
|-damage|p1a: Great Neck|87/100
|
|t:|1781255137
|switch|p2a: Slowking|Slowking-Galar, M|100/100|[from] Flip Turn
|-damage|p2a: Slowking|88/100|[from] Stealth Rock
|
|-heal|p2a: Slowking|94/100|[from] item: Black Sludge
|upkeep
|turn|6
|
|t:|1781255142
|move|p1a: Great Neck|Draco Meteor|p2a: Slowking
|-damage|p2a: Slowking|32/100
|-unboost|p1a: Great Neck|spa|2
|-prepare|p2a: Slowking|Chilly Reception|[premajor]
|move|p2a: Slowking|Chilly Reception|p2a: Slowking
|-weather|Snowscape
|
|t:|1781255151
|switch|p2a: Cinderace|Cinderace, M|100/100|[from] Chilly Reception
|
|-weather|Snowscape|[upkeep]
|upkeep
|turn|7
|
|t:|1781255157
|-end|p1a: Great Neck|Protosynthesis|[silent]
|switch|p1a: Ting-Lu|Ting-Lu|88/100 tox
|-ability|p1a: Ting-Lu|Vessel of Ruin
|move|p2a: Cinderace|U-turn|p1a: Ting-Lu
|-start|p2a: Cinderace|typechange|Bug|[from] ability: Libero
|-supereffective|p1a: Ting-Lu
|-damage|p1a: Ting-Lu|55/100 tox
|
|t:|1781255159
|switch|p2a: Alomomola|Alomomola, F|100/100|[from] U-turn
|-damage|p2a: Alomomola|88/100|[from] Stealth Rock
|
|-weather|Snowscape|[upkeep]
|-heal|p1a: Ting-Lu|61/100 tox|[from] item: Leftovers
|-heal|p2a: Alomomola|94/100|[from] item: Leftovers
|-damage|p1a: Ting-Lu|55/100 tox|[from] psn
|upkeep
|turn|8
|
|t:|1781255168
|move|p1a: Ting-Lu|Ruination|p2a: Alomomola
|-damage|p2a: Alomomola|48/100
|move|p2a: Alomomola|Flip Turn|p1a: Ting-Lu
|-supereffective|p1a: Ting-Lu
|-damage|p1a: Ting-Lu|39/100 tox
|
|t:|1781255170
|switch|p2a: Slowking|Slowking-Galar, M|65/100|[from] Flip Turn
|-damage|p2a: Slowking|53/100|[from] Stealth Rock
|
|-weather|Snowscape|[upkeep]
|-heal|p1a: Ting-Lu|45/100 tox|[from] item: Leftovers
|-heal|p2a: Slowking|59/100|[from] item: Black Sludge
|-damage|p1a: Ting-Lu|32/100 tox|[from] psn
|upkeep
|turn|9
|
|t:|1781255174
|switch|p2a: Alomomola|Alomomola, F|81/100
|-damage|p2a: Alomomola|68/100|[from] Stealth Rock
|move|p1a: Ting-Lu|Earthquake|p2a: Alomomola
|-damage|p2a: Alomomola|49/100
|
|-weather|Snowscape|[upkeep]
|-heal|p1a: Ting-Lu|39/100 tox|[from] item: Leftovers
|-heal|p2a: Alomomola|56/100|[from] item: Leftovers
|-damage|p1a: Ting-Lu|20/100 tox|[from] psn
|upkeep
|turn|10
|
|t:|1781255182
|switch|p1a: Great Neck|Raging Bolt|87/100
|move|p2a: Alomomola|Wish|p2a: Alomomola
|
|-weather|none
|-heal|p2a: Alomomola|62/100|[from] item: Leftovers
|upkeep
|turn|11
|
|t:|1781255187
|switch|p2a: Slowking|Slowking-Galar, M|92/100
|-damage|p2a: Slowking|79/100|[from] Stealth Rock
|move|p1a: Great Neck|Draco Meteor|p2a: Slowking|[miss]
|-miss|p1a: Great Neck|p2a: Slowking
|
|-heal|p2a: Slowking|100/100|[from] move: Wish|[wisher] Alomomola
|upkeep
|turn|12
|
|t:|1781255193
|-end|p1a: Great Neck|Protosynthesis|[silent]
|switch|p1a: Gholdengo|Gholdengo|100/100
|-prepare|p2a: Slowking|Chilly Reception|[premajor]
|move|p2a: Slowking|Chilly Reception|p2a: Slowking
|-weather|Snowscape
|
|t:|1781255195
|switch|p2a: Cinderace|Cinderace, M|100/100|[from] Chilly Reception
|
|-weather|Snowscape|[upkeep]
|upkeep
|turn|13
|
|t:|1781255202
|move|p2a: Cinderace|Pyro Ball|p1a: Gholdengo
|-supereffective|p1a: Gholdengo
|-damage|p1a: Gholdengo|0 fnt
|faint|p1a: Gholdengo
|
|-weather|Snowscape|[upkeep]
|upkeep
|
|t:|1781255204
|switch|p1a: Great Tusk|Great Tusk|100/100
|turn|14
|
|t:|1781255207
|move|p2a: Cinderace|U-turn|p1a: Great Tusk
|-start|p2a: Cinderace|typechange|Bug|[from] ability: Libero
|-resisted|p1a: Great Tusk
|-damage|p1a: Great Tusk|90/100
|
|t:|1781255208
|switch|p2a: Alomomola|Alomomola, F|95/100|[from] U-turn
|-damage|p2a: Alomomola|83/100|[from] Stealth Rock
|move|p1a: Great Tusk|Headlong Rush|p2a: Alomomola
|-damage|p2a: Alomomola|46/100
|-unboost|p1a: Great Tusk|def|1
|-unboost|p1a: Great Tusk|spd|1
|
|-weather|Snowscape|[upkeep]
|-heal|p2a: Alomomola|52/100|[from] item: Leftovers
|upkeep
|turn|15
|
|t:|1781255215
|-end|p1a: Great Tusk|Protosynthesis|[silent]
|switch|p1a: Great Neck|Raging Bolt|87/100
|move|p2a: Alomomola|Wish|p2a: Alomomola
|
|-weather|Snowscape|[upkeep]
|-heal|p2a: Alomomola|58/100|[from] item: Leftovers
|upkeep
|turn|16
|
|t:|1781255218
|switch|p2a: Slowking|Slowking-Galar, M|100/100
|-damage|p2a: Slowking|88/100|[from] Stealth Rock
|move|p1a: Great Neck|Volt Switch|p2a: Slowking
|-damage|p2a: Slowking|48/100
|
|t:|1781255222
|-end|p1a: Great Neck|Protosynthesis|[silent]
|switch|p1a: Great Tusk|Great Tusk|90/100|[from] Volt Switch
|
|-weather|none
|-heal|p2a: Slowking|100/100|[from] move: Wish|[wisher] Alomomola
|upkeep
|turn|17
|
|t:|1781255225
|switch|p2a: Alomomola|Alomomola, F|91/100
|-damage|p2a: Alomomola|79/100|[from] Stealth Rock
|move|p1a: Great Tusk|Headlong Rush|p2a: Alomomola
|-damage|p2a: Alomomola|44/100
|-unboost|p1a: Great Tusk|def|1
|-unboost|p1a: Great Tusk|spd|1
|
|-heal|p2a: Alomomola|50/100|[from] item: Leftovers
|upkeep
|turn|18
|
|t:|1781255228
|move|p1a: Great Tusk|Headlong Rush|p2a: Alomomola
|-damage|p2a: Alomomola|15/100
|-unboost|p1a: Great Tusk|def|1
|-unboost|p1a: Great Tusk|spd|1
|move|p2a: Alomomola|Wish|p2a: Alomomola
|
|-heal|p2a: Alomomola|21/100|[from] item: Leftovers
|upkeep
|turn|19
|
|t:|1781255232
|-end|p1a: Great Tusk|Protosynthesis|[silent]
|switch|p1a: Great Neck|Raging Bolt|87/100
|move|p2a: Alomomola|Protect||[still]
|-fail|p2a: Alomomola
|
|-heal|p2a: Alomomola|71/100|[from] move: Wish|[wisher] Alomomola
|-heal|p2a: Alomomola|77/100|[from] item: Leftovers
|upkeep
|turn|20
|
|t:|1781255237
|move|p2a: Alomomola|Protect|p2a: Alomomola
|-singleturn|p2a: Alomomola|Protect
|move|p1a: Great Neck|Draco Meteor|p2a: Alomomola
|-activate|p2a: Alomomola|move: Protect
|
|-heal|p2a: Alomomola|83/100|[from] item: Leftovers
|upkeep
|turn|21
|
|t:|1781255240
|switch|p2a: Slowking|Slowking-Galar, M|100/100
|-damage|p2a: Slowking|88/100|[from] Stealth Rock
|move|p1a: Great Neck|Draco Meteor|p2a: Slowking
|-damage|p2a: Slowking|25/100
|-unboost|p1a: Great Neck|spa|2
|
|-heal|p2a: Slowking|31/100|[from] item: Black Sludge
|upkeep
|turn|22
|
|t:|1781255247
|switch|p2a: Alomomola|Alomomola, F|100/100
|-damage|p2a: Alomomola|88/100|[from] Stealth Rock
|move|p1a: Great Neck|Draco Meteor|p2a: Alomomola
|-damage|p2a: Alomomola|14/100
|-unboost|p1a: Great Neck|spa|2
|
|-heal|p2a: Alomomola|20/100|[from] item: Leftovers
|upkeep
|turn|23
|
|t:|1781255249
|switch|p2a: Slowking|Slowking-Galar, M|65/100
|-damage|p2a: Slowking|52/100|[from] Stealth Rock
|move|p1a: Great Neck|Draco Meteor|p2a: Slowking
|-damage|p2a: Slowking|28/100
|-unboost|p1a: Great Neck|spa|2
|
|-heal|p2a: Slowking|35/100|[from] item: Black Sludge
|upkeep
|turn|24
|
|t:|1781255255
|-end|p1a: Great Neck|Protosynthesis|[silent]
|switch|p1a: Great Tusk|Great Tusk|90/100
|-prepare|p2a: Slowking|Chilly Reception|[premajor]
|move|p2a: Slowking|Chilly Reception|p2a: Slowking
|-weather|Snowscape
|
|t:|1781255258
|switch|p2a: Alomomola|Alomomola, F|53/100|[from] Chilly Reception
|-damage|p2a: Alomomola|41/100|[from] Stealth Rock
|
|-weather|Snowscape|[upkeep]
|-heal|p2a: Alomomola|47/100|[from] item: Leftovers
|upkeep
|turn|25
|
|t:|1781255264
|move|p1a: Great Tusk|Headlong Rush|p2a: Alomomola
|-damage|p2a: Alomomola|8/100
|-unboost|p1a: Great Tusk|def|1
|-unboost|p1a: Great Tusk|spd|1
|move|p2a: Alomomola|Wish|p2a: Alomomola
|
|-weather|Snowscape|[upkeep]
|-heal|p2a: Alomomola|14/100|[from] item: Leftovers
|upkeep
|turn|26
|
|t:|1781255270
|-end|p1a: Great Tusk|Protosynthesis|[silent]
|switch|p1a: Great Neck|Raging Bolt|87/100
|move|p2a: Alomomola|Flip Turn|p1a: Great Neck
|-resisted|p1a: Great Neck
|-damage|p1a: Great Neck|79/100
|
|t:|1781255271
|switch|p2a: Slowking|Slowking-Galar, M|68/100|[from] Flip Turn
|-damage|p2a: Slowking|55/100|[from] Stealth Rock
|
|-weather|Snowscape|[upkeep]
|-heal|p2a: Slowking|100/100|[from] move: Wish|[wisher] Alomomola
|upkeep
|turn|27
|
|t:|1781255282
|move|p1a: Great Neck|Thunderbolt|p2a: Slowking
|-damage|p2a: Slowking|54/100
|-prepare|p2a: Slowking|Chilly Reception|[premajor]
|move|p2a: Slowking|Chilly Reception|p2a: Slowking
|
|t:|1781255284
|switch|p2a: Mamoswine|Mamoswine, M|100/100|[from] Chilly Reception
|-damage|p2a: Mamoswine|88/100|[from] Stealth Rock
|
|-weather|Snowscape|[upkeep]
|upkeep
|turn|28
|
|t:|1781255289
|-end|p1a: Great Neck|Protosynthesis|[silent]
|switch|p1a: Ting-Lu|Ting-Lu|20/100 tox
|-ability|p1a: Ting-Lu|Vessel of Ruin
|move|p2a: Mamoswine|Icicle Crash|p1a: Ting-Lu
|-supereffective|p1a: Ting-Lu
|-damage|p1a: Ting-Lu|0 fnt
|faint|p1a: Ting-Lu
|
|-weather|none
|upkeep
|
|t:|1781255295
|switch|p1a: Great Tusk|Great Tusk|90/100
|turn|29
|
|t:|1781255298
|switch|p2a: Alomomola|Alomomola, F|47/100
|-damage|p2a: Alomomola|35/100|[from] Stealth Rock
|move|p1a: Great Tusk|Close Combat|p2a: Alomomola
|-damage|p2a: Alomomola|1/100
|-unboost|p1a: Great Tusk|def|1
|-unboost|p1a: Great Tusk|spd|1
|
|-heal|p2a: Alomomola|7/100|[from] item: Leftovers
|upkeep
|turn|30
|
|t:|1781255303
|switch|p2a: Slowking|Slowking-Galar, M|87/100
|-damage|p2a: Slowking|75/100|[from] Stealth Rock
|move|p1a: Great Tusk|Headlong Rush|p2a: Slowking
|-supereffective|p2a: Slowking
|-damage|p2a: Slowking|0 fnt
|-unboost|p1a: Great Tusk|def|1
|-unboost|p1a: Great Tusk|spd|1
|faint|p2a: Slowking
|
|upkeep
|
|t:|1781255306
|switch|p2a: Alomomola|Alomomola, F|41/100
|-damage|p2a: Alomomola|28/100|[from] Stealth Rock
|turn|31
|
|t:|1781255309
|move|p2a: Alomomola|Protect|p2a: Alomomola
|-singleturn|p2a: Alomomola|Protect
|move|p1a: Great Tusk|Headlong Rush|p2a: Alomomola
|-activate|p2a: Alomomola|move: Protect
|
|-heal|p2a: Alomomola|35/100|[from] item: Leftovers
|upkeep
|turn|32
|
|t:|1781255311
|move|p1a: Great Tusk|Headlong Rush|p2a: Alomomola
|-damage|p2a: Alomomola|0 fnt
|-unboost|p1a: Great Tusk|def|1
|-unboost|p1a: Great Tusk|spd|1
|faint|p2a: Alomomola
|
|upkeep
|
|t:|1781255315
|switch|p2a: Cinderace|Cinderace, M|100/100
|turn|33
|
|t:|1781255318
|-end|p1a: Great Tusk|Protosynthesis|[silent]
|switch|p1a: Great Neck|Raging Bolt|79/100
|move|p2a: Cinderace|High Jump Kick|p1a: Great Neck
|-start|p2a: Cinderace|typechange|Fighting|[from] ability: Libero
|-damage|p1a: Great Neck|25/100
|
|upkeep
|turn|34
|
|t:|1781255328
|move|p1a: Great Neck|Thunderclap||[still]
|-fail|p1a: Great Neck
|move|p2a: Cinderace|Court Change|p2a: Cinderace
|-swapsideconditions
|-activate|p2a: Cinderace|move: Court Change
|
|upkeep
|turn|35
|
|t:|1781255336
|switch|p2a: Hydrapple|Hydrapple, F, shiny|100/100
|move|p1a: Great Neck|Thunderclap||[still]
|-fail|p1a: Great Neck
|
|upkeep
|turn|36
|
|t:|1781255342
|-end|p1a: Great Neck|Protosynthesis|[silent]
|switch|p1a: Iron Valiant|Iron Valiant|100/100
|-damage|p1a: Iron Valiant|94/100|[from] Stealth Rock
|-enditem|p1a: Iron Valiant|Booster Energy
|-activate|p1a: Iron Valiant|ability: Quark Drive|[fromitem]
|-start|p1a: Iron Valiant|quarkdrivespe
|move|p2a: Hydrapple|Leaf Storm|p1a: Iron Valiant
|-damage|p1a: Iron Valiant|0 fnt
|-unboost|p2a: Hydrapple|spa|2
|faint|p1a: Iron Valiant
|-end|p1a: Iron Valiant|Quark Drive|[silent]
|
|upkeep
|
|t:|1781255344
|switch|p1a: Great Tusk|Great Tusk|90/100
|-damage|p1a: Great Tusk|87/100|[from] Stealth Rock
|turn|37
|
|t:|1781255346
|move|p1a: Great Tusk|Rapid Spin|p2a: Hydrapple
|-damage|p2a: Hydrapple|85/100
|-boost|p1a: Great Tusk|spe|1
|-sideend|p1: dracovishsfan|Stealth Rock|[from] move: Rapid Spin|[of] p1a: Great Tusk
|move|p2a: Hydrapple|Leaf Storm|p1a: Great Tusk|[miss]
|-miss|p2a: Hydrapple|p1a: Great Tusk
|
|upkeep
|turn|38
|
|t:|1781255350
|move|p1a: Great Tusk|Ice Spinner|p2a: Hydrapple
|-supereffective|p2a: Hydrapple
|-damage|p2a: Hydrapple|0 fnt
|faint|p2a: Hydrapple
|
|upkeep
|
|t:|1781255357
|switch|p2a: Gholdengo|Gholdengo, shiny|100/100
|turn|39
|
|t:|1781255359
|-terastallize|p2a: Gholdengo|Fairy
|move|p2a: Gholdengo|Dazzling Gleam|p1a: Great Tusk
|-supereffective|p1a: Great Tusk
|-damage|p1a: Great Tusk|2/100
|move|p1a: Great Tusk|Headlong Rush|p2a: Gholdengo
|-damage|p2a: Gholdengo|23/100
|-unboost|p1a: Great Tusk|def|1
|-unboost|p1a: Great Tusk|spd|1
|
|upkeep
|turn|40
|
|t:|1781255367
|move|p2a: Gholdengo|Dazzling Gleam|p1a: Great Tusk
|-supereffective|p1a: Great Tusk
|-damage|p1a: Great Tusk|0 fnt
|faint|p1a: Great Tusk
|-end|p1a: Great Tusk|Protosynthesis|[silent]
|
|upkeep
|
|t:|1781255371
|switch|p1a: Dragonite|Dragonite, M|100/100
|turn|41
|
|t:|1781255374
|-terastallize|p1a: Dragonite|Normal
|move|p2a: Gholdengo|Dazzling Gleam|p1a: Dragonite
|-damage|p1a: Dragonite|76/100
|move|p1a: Dragonite|Dragon Dance|p1a: Dragonite
|-boost|p1a: Dragonite|atk|1
|-boost|p1a: Dragonite|spe|1
|
|upkeep
|turn|42
|
|t:|1781255377
|move|p2a: Gholdengo|Dazzling Gleam|p1a: Dragonite
|-damage|p1a: Dragonite|29/100
|move|p1a: Dragonite|Dragon Dance|p1a: Dragonite
|-boost|p1a: Dragonite|atk|1
|-boost|p1a: Dragonite|spe|1
|
|upkeep
|turn|43
|
|t:|1781255379
|move|p1a: Dragonite|Extreme Speed|p2a: Gholdengo
|-damage|p2a: Gholdengo|0 fnt
|faint|p2a: Gholdengo
|
|upkeep
|
|t:|1781255380
|switch|p2a: Mamoswine|Mamoswine, M|88/100
|turn|44
|
|t:|1781255382
|move|p1a: Dragonite|Extreme Speed|p2a: Mamoswine
|-damage|p2a: Mamoswine|7/100
|move|p2a: Mamoswine|Ice Shard|p1a: Dragonite
|-crit|p1a: Dragonite
|-damage|p1a: Dragonite|0 fnt
|faint|p1a: Dragonite
|
|upkeep
|-message|dracovishsfan forfeited.
|
|win|tuanquewang
|raw|dracovishsfan's rating: 1726 &rarr; <strong>1706</strong><br />(-20 for losing)
|raw|tuanquewang's rating: 1729 &rarr; <strong>1749</strong><br />(+20 for winning)
|l|☆dracovishsfan
|player|p1|
|l|☆tuanquewang
|player|p2|
|l| yuureisuisei
|l| liet32120
