|j|‽TheCannonites
|j|☆Xoli
|t:|1781361562
|gametype|singles
|player|p1|TheCannonites|n|1608
|player|p2|Xoli|veteran|1692
|gen|9
|tier|[Gen 9] OU
|rated|
|rule|HP Percentage Mod: HP is shown in percentages
|rule|Endless Battle Clause: Forcing endless battles is banned
|rule|Species Clause: Limit one of each Pokémon
|rule|OHKO Clause: OHKO moves are banned
|rule|Evasion Items Clause: Evasion items are banned
|rule|Evasion Moves Clause: Evasion moves are banned
|rule|Evasion Abilities Clause: Evasion abilities are banned
|rule|Sleep Moves Clause: Sleep-inducing moves are banned
|clearpoke
|poke|p1|Grimmsnarl, M|
|poke|p1|Blastoise, M|
|poke|p1|Hatterene, F|
|poke|p1|Iron Crown|
|poke|p1|Great Tusk|
|poke|p1|Ceruledge, F|
|poke|p2|Iron Treads|
|poke|p2|Raging Bolt|
|poke|p2|Cinderace, M|
|poke|p2|Pecharunt|
|poke|p2|Kingambit, F|
|poke|p2|Tornadus-Therian, M|
|teampreview
|inactive|Battle timer is ON: inactive players will automatically lose when time's up. (requested by TheCannonites)
|
|t:|1781361579
|teamsize|p1|6
|teamsize|p2|6
|start
|switch|p1a: Grimmsnarl|Grimmsnarl, M|100/100
|switch|p2a: Iron Treads|Iron Treads|100/100
|turn|1
|
|t:|1781361587
|move|p1a: Grimmsnarl|Taunt|p2a: Iron Treads
|-start|p2a: Iron Treads|move: Taunt
|move|p2a: Iron Treads|Earthquake|p1a: Grimmsnarl
|-damage|p1a: Grimmsnarl|30/100
|
|upkeep
|turn|2
|
|t:|1781361597
|move|p1a: Grimmsnarl|Reflect|p1a: Grimmsnarl
|-sidestart|p1: TheCannonites|Reflect
|move|p2a: Iron Treads|Earthquake|p1a: Grimmsnarl
|-damage|p1a: Grimmsnarl|0 fnt
|faint|p1a: Grimmsnarl
|
|upkeep
|
|t:|1781361603
|switch|p1a: Blastoise|Blastoise, M|100/100
|turn|3
|
|t:|1781361614
|move|p2a: Iron Treads|Earthquake|p1a: Blastoise
|-damage|p1a: Blastoise|68/100
|move|p1a: Blastoise|Shell Smash|p1a: Blastoise
|-unboost|p1a: Blastoise|def|1
|-unboost|p1a: Blastoise|spd|1
|-boost|p1a: Blastoise|atk|2
|-boost|p1a: Blastoise|spa|2
|-boost|p1a: Blastoise|spe|2
|-enditem|p1a: Blastoise|White Herb
|-clearnegativeboost|p1a: Blastoise|[silent]
|
|-end|p2a: Iron Treads|move: Taunt
|upkeep
|turn|4
|
|t:|1781361625
|-end|p2a: Iron Treads|Quark Drive|[silent]
|switch|p2a: Tornadus|Tornadus-Therian, M|100/100
|move|p1a: Blastoise|Surf|p2a: Tornadus
|-damage|p2a: Tornadus|53/100
|
|upkeep
|turn|5
|
|t:|1781361645
|switch|p2a: Cinderace|Cinderace, M|100/100
|move|p1a: Blastoise|Ice Beam|p2a: Cinderace
|-resisted|p2a: Cinderace
|-damage|p2a: Cinderace|68/100
|
|upkeep
|turn|6
|
|t:|1781361652
|move|p2a: Cinderace|Sucker Punch|p1a: Blastoise
|-start|p2a: Cinderace|typechange|Dark|[from] ability: Libero
|-damage|p1a: Blastoise|49/100
|move|p1a: Blastoise|Surf|p2a: Cinderace
|-damage|p2a: Cinderace|0 fnt
|faint|p2a: Cinderace
|
|upkeep
|
|t:|1781361656
|switch|p2a: Raging Bolt|Raging Bolt|100/100
|turn|7
|
|t:|1781361662
|move|p2a: Raging Bolt|Thunderclap|p1a: Blastoise
|-supereffective|p1a: Blastoise
|-damage|p1a: Blastoise|0 fnt
|faint|p1a: Blastoise
|
|upkeep
|
|t:|1781361668
|switch|p1a: Ceruledge|Ceruledge, F|100/100
|turn|8
|
|t:|1781361675
|-end|p2a: Raging Bolt|Protosynthesis|[silent]
|switch|p2a: Pecharunt|Pecharunt|100/100
|move|p1a: Ceruledge|Poltergeist|p2a: Pecharunt
|-activate|p2a: Pecharunt|move: Poltergeist|Heavy-Duty Boots
|-supereffective|p2a: Pecharunt
|-damage|p2a: Pecharunt|1/100
|-damage|p1a: Ceruledge|91/100|[from] item: Life Orb
|
|upkeep
|turn|9
|
|t:|1781361684
|move|p2a: Pecharunt|Shadow Ball|p1a: Ceruledge
|-supereffective|p1a: Ceruledge
|-damage|p1a: Ceruledge|12/100
|move|p1a: Ceruledge|Bitter Blade|p2a: Pecharunt
|-damage|p2a: Pecharunt|0 fnt
|-heal|p1a: Ceruledge|13/100|[from] drain|[of] p2a: Pecharunt
|faint|p2a: Pecharunt
|-damage|p1a: Ceruledge|3/100|[from] item: Life Orb
|
|-sideend|p1: TheCannonites|Reflect
|upkeep
|
|t:|1781361688
|switch|p2a: Iron Treads|Iron Treads|100/100
|turn|10
|
|t:|1781361698
|move|p2a: Iron Treads|Ice Spinner|p1a: Ceruledge
|-resisted|p1a: Ceruledge
|-damage|p1a: Ceruledge|0 fnt
|faint|p1a: Ceruledge
|
|upkeep
|
|t:|1781361711
|switch|p1a: Great Tusk|Great Tusk|100/100
|-enditem|p1a: Great Tusk|Booster Energy
|-activate|p1a: Great Tusk|ability: Protosynthesis|[fromitem]
|-start|p1a: Great Tusk|protosynthesisspe
|turn|11
|
|t:|1781361717
|-end|p2a: Iron Treads|Quark Drive|[silent]
|switch|p2a: Tornadus|Tornadus-Therian, M|86/100
|move|p1a: Great Tusk|Bulk Up|p1a: Great Tusk
|-boost|p1a: Great Tusk|atk|1
|-boost|p1a: Great Tusk|def|1
|
|upkeep
|turn|12
|
|t:|1781361731
|-terastallize|p2a: Tornadus|Steel
|move|p1a: Great Tusk|Ice Spinner|p2a: Tornadus
|-resisted|p2a: Tornadus
|-damage|p2a: Tornadus|65/100
|move|p2a: Tornadus|Bleakwind Storm|p1a: Great Tusk|[miss]
|-miss|p2a: Tornadus|p1a: Great Tusk
|
|upkeep
|turn|13
|
|t:|1781361739
|move|p1a: Great Tusk|Headlong Rush|p2a: Tornadus
|-supereffective|p2a: Tornadus
|-damage|p2a: Tornadus|0 fnt
|-unboost|p1a: Great Tusk|def|1
|-unboost|p1a: Great Tusk|spd|1
|faint|p2a: Tornadus
|
|upkeep
|-message|Xoli forfeited.
|
|win|TheCannonites
|raw|TheCannonites's rating: 1608 &rarr; <strong>1633</strong><br />(+25 for winning)
|raw|Xoli's rating: 1692 &rarr; <strong>1667</strong><br />(-25 for losing)
|l|☆Xoli
|player|p2|
|l|‽TheCannonites
|player|p1|
