|j|☆moeeyeguy
|j|☆hdy nb
|t:|1781324265
|gametype|singles
|player|p1|moeeyeguy|rosa|1531
|player|p2|hdy nb|colress|1625
|gen|9
|tier|[Gen 9] OU
|rated|
|rule|HP Percentage Mod: HP is shown in percentages
|rule|Endless Battle Clause: Forcing endless battles is banned
|rule|Species Clause: Limit one of each Pokémon
|rule|OHKO Clause: OHKO moves are banned
|rule|Evasion Items Clause: Evasion items are banned
|rule|Evasion Moves Clause: Evasion moves are banned
|rule|Evasion Abilities Clause: Evasion abilities are banned
|rule|Sleep Moves Clause: Sleep-inducing moves are banned
|clearpoke
|poke|p1|Ninetales, F|
|poke|p1|Walking Wake|
|poke|p1|Hatterene, F|
|poke|p1|Great Tusk|
|poke|p1|Raging Bolt|
|poke|p1|Iron Moth|
|poke|p2|Pelipper, M|
|poke|p2|Zapdos|
|poke|p2|Barraskewda, M|
|poke|p2|Iron Treads|
|poke|p2|Primarina, F|
|poke|p2|Greninja-*, M|
|teampreview
|
|t:|1781324287
|teamsize|p1|6
|teamsize|p2|6
|start
|switch|p1a: Walking Wake|Walking Wake|100/100
|switch|p2a: Iron Treads|Iron Treads|100/100
|turn|1
|
|t:|1781324300
|-end|p2a: Iron Treads|Quark Drive|[silent]
|switch|p2a: Primarina|Primarina, F|100/100
|move|p1a: Walking Wake|Flip Turn|p2a: Primarina
|-resisted|p2a: Primarina
|-damage|p2a: Primarina|90/100
|
|t:|1781324311
|-end|p1a: Walking Wake|Protosynthesis|[silent]
|switch|p1a: Ninetales|Ninetales, F|100/100|[from] Flip Turn
|-weather|SunnyDay|[from] ability: Drought|[of] p1a: Ninetales
|
|-weather|SunnyDay|[upkeep]
|-heal|p2a: Primarina|96/100|[from] item: Leftovers
|upkeep
|turn|2
|
|t:|1781324321
|switch|p1a: Hatterene|Hatterene, F|100/100
|switch|p2a: Pelipper|Pelipper, M|100/100
|-weather|RainDance|[from] ability: Drizzle|[of] p2a: Pelipper
|
|-weather|RainDance|[upkeep]
|upkeep
|turn|3
|
|t:|1781324332
|switch|p1a: Ninetales|Ninetales, F|100/100
|-weather|SunnyDay|[from] ability: Drought|[of] p1a: Ninetales
|move|p2a: Pelipper|U-turn|p1a: Ninetales
|-resisted|p1a: Ninetales
|-damage|p1a: Ninetales|96/100
|
|t:|1781324344
|switch|p2a: Barraskewda|Barraskewda, M|100/100|[from] U-turn
|
|-weather|SunnyDay|[upkeep]
|upkeep
|turn|4
|
|t:|1781324352
|switch|p1a: Hatterene|Hatterene, F|100/100
|move|p2a: Barraskewda|Flip Turn|p1a: Hatterene
|-damage|p1a: Hatterene|74/100
|-enditem|p1a: Hatterene|Eject Button
|
|t:|1781324355
|switch|p1a: Walking Wake|Walking Wake|100/100
|-activate|p1a: Walking Wake|ability: Protosynthesis
|-start|p1a: Walking Wake|protosynthesisspe
|
|-weather|SunnyDay|[upkeep]
|upkeep
|turn|5
|
|t:|1781324371
|switch|p2a: Primarina|Primarina, F|96/100
|-terastallize|p1a: Walking Wake|Water
|move|p1a: Walking Wake|Hydro Steam|p2a: Primarina
|-resisted|p2a: Primarina
|-damage|p2a: Primarina|50/100
|
|-weather|SunnyDay|[upkeep]
|-heal|p2a: Primarina|57/100|[from] item: Leftovers
|upkeep
|turn|6
|
|t:|1781324393
|move|p1a: Walking Wake|Hydro Steam|p2a: Primarina
|-resisted|p2a: Primarina
|-damage|p2a: Primarina|9/100
|move|p2a: Primarina|Moonblast|p1a: Walking Wake
|-damage|p1a: Walking Wake|42/100
|
|-weather|SunnyDay|[upkeep]
|-heal|p2a: Primarina|15/100|[from] item: Leftovers
|upkeep
|turn|7
|
|t:|1781324413
|move|p1a: Walking Wake|Hydro Steam|p2a: Primarina
|-resisted|p2a: Primarina
|-damage|p2a: Primarina|0 fnt
|faint|p2a: Primarina
|
|-weather|SunnyDay|[upkeep]
|upkeep
|
|t:|1781324422
|switch|p2a: Pelipper|Pelipper, M|100/100
|-weather|RainDance|[from] ability: Drizzle|[of] p2a: Pelipper
|-end|p1a: Walking Wake|Protosynthesis
|turn|8
|
|t:|1781324427
|move|p1a: Walking Wake|Hydro Steam|p2a: Pelipper
|-resisted|p2a: Pelipper
|-damage|p2a: Pelipper|8/100
|move|p2a: Pelipper|U-turn|p1a: Walking Wake
|-damage|p1a: Walking Wake|34/100
|
|t:|1781324434
|switch|p2a: Barraskewda|Barraskewda, M|100/100|[from] U-turn
|
|-weather|RainDance|[upkeep]
|upkeep
|turn|9
|
|t:|1781324443
|-end|p1a: Walking Wake|Protosynthesis|[silent]
|switch|p1a: Hatterene|Hatterene, F|74/100
|-terastallize|p2a: Barraskewda|Water
|move|p2a: Barraskewda|Liquidation|p1a: Hatterene
|-damage|p1a: Hatterene|0 fnt
|faint|p1a: Hatterene
|
|-weather|RainDance|[upkeep]
|upkeep
|
|t:|1781324446
|switch|p1a: Ninetales|Ninetales, F|96/100
|-weather|SunnyDay|[from] ability: Drought|[of] p1a: Ninetales
|turn|10
|
|t:|1781324460
|switch|p1a: Raging Bolt|Raging Bolt|100/100
|-activate|p1a: Raging Bolt|ability: Protosynthesis
|-start|p1a: Raging Bolt|protosynthesisspa
|move|p2a: Barraskewda|Liquidation|p1a: Raging Bolt
|-resisted|p1a: Raging Bolt
|-damage|p1a: Raging Bolt|79/100
|
|-weather|SunnyDay|[upkeep]
|upkeep
|turn|11
|
|t:|1781324470
|switch|p2a: Iron Treads|Iron Treads|100/100
|move|p1a: Raging Bolt|Weather Ball|p2a: Iron Treads
|-supereffective|p2a: Iron Treads
|-damage|p2a: Iron Treads|0 fnt
|faint|p2a: Iron Treads
|-end|p2a: Iron Treads|Quark Drive|[silent]
|-damage|p1a: Raging Bolt|69/100|[from] item: Life Orb
|
|-weather|SunnyDay|[upkeep]
|upkeep
|
|t:|1781324480
|switch|p2a: Pelipper|Pelipper, M|8/100
|-weather|RainDance|[from] ability: Drizzle|[of] p2a: Pelipper
|-end|p1a: Raging Bolt|Protosynthesis
|turn|12
|
|t:|1781324497
|move|p1a: Raging Bolt|Draco Meteor|p2a: Pelipper
|-damage|p2a: Pelipper|0 fnt
|-unboost|p1a: Raging Bolt|spa|2
|faint|p2a: Pelipper
|-damage|p1a: Raging Bolt|59/100|[from] item: Life Orb
|
|-weather|RainDance|[upkeep]
|upkeep
|
|t:|1781324524
|switch|p2a: Barraskewda|Barraskewda, M, tera:Water|100/100
|turn|13
|
|t:|1781324529
|-end|p1a: Raging Bolt|Protosynthesis|[silent]
|switch|p1a: Ninetales|Ninetales, F|96/100
|-weather|SunnyDay|[from] ability: Drought|[of] p1a: Ninetales
|move|p2a: Barraskewda|Liquidation|p1a: Ninetales
|-supereffective|p1a: Ninetales
|-damage|p1a: Ninetales|0 fnt
|faint|p1a: Ninetales
|
|-weather|SunnyDay|[upkeep]
|upkeep
|
|t:|1781324539
|switch|p1a: Walking Wake|Walking Wake, tera:Water|34/100
|-activate|p1a: Walking Wake|ability: Protosynthesis
|-start|p1a: Walking Wake|protosynthesisspe
|turn|14
|
|t:|1781324559
|switch|p2a: Zapdos|Zapdos|100/100
|move|p1a: Walking Wake|Hydro Steam|p2a: Zapdos
|-damage|p2a: Zapdos|0 fnt
|faint|p2a: Zapdos
|
|-weather|SunnyDay|[upkeep]
|upkeep
|
|t:|1781324568
|switch|p2a: Barraskewda|Barraskewda, M, tera:Water|100/100
|turn|15
|
|t:|1781324573
|move|p2a: Barraskewda|Aqua Jet|p1a: Walking Wake
|-resisted|p1a: Walking Wake
|-crit|p1a: Walking Wake
|-damage|p1a: Walking Wake|15/100
|move|p1a: Walking Wake|Hydro Steam|p2a: Barraskewda
|-resisted|p2a: Barraskewda
|-damage|p2a: Barraskewda|0 fnt
|faint|p2a: Barraskewda
|
|-weather|SunnyDay|[upkeep]
|upkeep
|
|t:|1781324583
|switch|p2a: Greninja|Greninja, M|100/100
|turn|16
|
|t:|1781324588
|move|p1a: Walking Wake|Hydro Steam|p2a: Greninja
|-resisted|p2a: Greninja
|-damage|p2a: Greninja|5/100
|move|p2a: Greninja|Dark Pulse|p1a: Walking Wake
|-start|p2a: Greninja|typechange|Dark|[from] ability: Protean
|-damage|p1a: Walking Wake|0 fnt
|faint|p1a: Walking Wake
|-end|p1a: Walking Wake|Protosynthesis|[silent]
|
|-weather|SunnyDay|[upkeep]
|upkeep
|
|t:|1781324596
|switch|p1a: Great Tusk|Great Tusk|100/100
|-activate|p1a: Great Tusk|ability: Protosynthesis
|-start|p1a: Great Tusk|protosynthesisspe
|turn|17
|-message|hdy nb forfeited.
|
|win|moeeyeguy
|raw|moeeyeguy's rating: 1531 &rarr; <strong>1556</strong><br />(+25 for winning)
|raw|hdy nb's rating: 1625 &rarr; <strong>1600</strong><br />(-25 for losing)
|l|☆hdy nb
|player|p2|
|c|☆moeeyeguy|gg
|l|☆moeeyeguy
|player|p1|
