|j|☆Davy12345
|j|☆bluntsmoker3000
|t:|1780931993
|gametype|singles
|player|p1|Davy12345|drayden|1627
|player|p2|bluntsmoker3000|bugcatcher-gen4dp|1652
|gen|9
|tier|[Gen 9] OU
|rated|
|rule|HP Percentage Mod: HP is shown in percentages
|rule|Endless Battle Clause: Forcing endless battles is banned
|rule|Species Clause: Limit one of each Pokémon
|rule|OHKO Clause: OHKO moves are banned
|rule|Evasion Items Clause: Evasion items are banned
|rule|Evasion Moves Clause: Evasion moves are banned
|rule|Evasion Abilities Clause: Evasion abilities are banned
|rule|Sleep Moves Clause: Sleep-inducing moves are banned
|clearpoke
|poke|p1|Great Tusk|
|poke|p1|Kyurem|
|poke|p1|Pecharunt|
|poke|p1|Tornadus-Therian, M|
|poke|p1|Tyranitar, F|
|poke|p1|Heatran, M|
|poke|p2|Ting-Lu|
|poke|p2|Scizor, F|
|poke|p2|Tornadus-Therian, M|
|poke|p2|Raging Bolt|
|poke|p2|Alomomola, M|
|poke|p2|Hatterene, F|
|teampreview
|inactive|Battle timer is ON: inactive players will automatically lose when time's up. (requested by bluntsmoker3000)
|inactive|Davy12345 also wants the timer to be on.
|
|t:|1780932009
|teamsize|p1|6
|teamsize|p2|6
|start
|switch|p1a: Kyurem|Kyurem|100/100
|switch|p2a: Scizor|Scizor, F|100/100
|-ability|p1a: Kyurem|Pressure
|turn|1
|
|t:|1780932028
|switch|p1a: Gitrog|Heatran, M|100/100
|move|p2a: Scizor|Knock Off|p1a: Gitrog
|-damage|p1a: Gitrog|72/100
|-status|p2a: Scizor|brn|[from] ability: Flame Body|[of] p1a: Gitrog
|-enditem|p1a: Gitrog|Leftovers|[from] move: Knock Off|[of] p2a: Scizor
|
|-damage|p2a: Scizor|95/100 brn|[from] brn
|upkeep
|turn|2
|
|t:|1780932037
|switch|p2a: Ting-Lu|Ting-Lu|100/100
|-ability|p2a: Ting-Lu|Vessel of Ruin
|move|p1a: Gitrog|Magma Storm|p2a: Ting-Lu
|-damage|p2a: Ting-Lu|83/100
|-activate|p2a: Ting-Lu|move: Magma Storm|[of] p1a: Gitrog
|
|-heal|p2a: Ting-Lu|89/100|[from] item: Leftovers
|-damage|p2a: Ting-Lu|77/100|[from] move: Magma Storm|[partiallytrapped]
|upkeep
|turn|3
|
|t:|1780932045
|-terastallize|p1a: Gitrog|Ghost
|move|p1a: Gitrog|Taunt|p2a: Ting-Lu
|-start|p2a: Ting-Lu|move: Taunt
|cant|p2a: Ting-Lu|move: Taunt|Stealth Rock
|
|-heal|p2a: Ting-Lu|83/100|[from] item: Leftovers
|-damage|p2a: Ting-Lu|70/100|[from] move: Magma Storm|[partiallytrapped]
|upkeep
|turn|4
|
|t:|1780932050
|move|p1a: Gitrog|Stealth Rock|p2a: Ting-Lu
|-sidestart|p2: bluntsmoker3000|move: Stealth Rock
|move|p2a: Ting-Lu|Ruination|p1a: Gitrog
|-damage|p1a: Gitrog|37/100
|
|-heal|p2a: Ting-Lu|77/100|[from] item: Leftovers
|-damage|p2a: Ting-Lu|64/100|[from] move: Magma Storm|[partiallytrapped]
|upkeep
|turn|5
|
|t:|1780932053
|move|p1a: Gitrog|Magma Storm|p2a: Ting-Lu|[miss]
|-miss|p1a: Gitrog|p2a: Ting-Lu
|move|p2a: Ting-Lu|Earthquake|p1a: Gitrog
|-damage|p1a: Gitrog|6/100
|
|-heal|p2a: Ting-Lu|70/100|[from] item: Leftovers
|-damage|p2a: Ting-Lu|58/100|[from] move: Magma Storm|[partiallytrapped]
|-end|p2a: Ting-Lu|move: Taunt
|upkeep
|turn|6
|
|t:|1780932063
|move|p1a: Gitrog|Taunt|p2a: Ting-Lu
|-start|p2a: Ting-Lu|move: Taunt
|move|p2a: Ting-Lu|Earthquake|p1a: Gitrog
|-crit|p1a: Gitrog
|-damage|p1a: Gitrog|0 fnt
|faint|p1a: Gitrog
|
|-heal|p2a: Ting-Lu|64/100|[from] item: Leftovers
|-end|p2a: Ting-Lu|Magma Storm|[partiallytrapped]|[silent]
|upkeep
|
|t:|1780932072
|switch|p1a: Great Tusk|Great Tusk|100/100
|turn|7
|
|t:|1780932080
|-end|p1a: Great Tusk|Protosynthesis|[silent]
|switch|p1a: Tyranitar|Tyranitar, F|100/100
|-weather|Sandstorm|[from] ability: Sand Stream|[of] p1a: Tyranitar
|switch|p2a: Alomomola|Alomomola, M|100/100
|
|-weather|Sandstorm|[upkeep]
|-damage|p2a: Alomomola|94/100|[from] Sandstorm
|upkeep
|turn|8
|
|t:|1780932085
|move|p1a: Tyranitar|Knock Off|p2a: Alomomola
|-damage|p2a: Alomomola|46/100
|-enditem|p2a: Alomomola|Heavy-Duty Boots|[from] move: Knock Off|[of] p1a: Tyranitar
|move|p2a: Alomomola|Wish|p2a: Alomomola
|
|-weather|Sandstorm|[upkeep]
|-damage|p2a: Alomomola|40/100|[from] Sandstorm
|upkeep
|turn|9
|
|t:|1780932090
|move|p2a: Alomomola|Protect|p2a: Alomomola
|-singleturn|p2a: Alomomola|Protect
|move|p1a: Tyranitar|Knock Off|p2a: Alomomola
|-activate|p2a: Alomomola|move: Protect
|
|-weather|Sandstorm|[upkeep]
|-damage|p2a: Alomomola|33/100|[from] Sandstorm
|-heal|p2a: Alomomola|83/100|[from] move: Wish|[wisher] Alomomola
|upkeep
|turn|10
|
|t:|1780932092
|move|p1a: Tyranitar|Knock Off|p2a: Alomomola
|-damage|p2a: Alomomola|51/100
|move|p2a: Alomomola|Flip Turn|p1a: Tyranitar
|-supereffective|p1a: Tyranitar
|-damage|p1a: Tyranitar|73/100
|
|t:|1780932095
|switch|p2a: Scizor|Scizor, F|95/100 brn|[from] Flip Turn
|
|-weather|Sandstorm|[upkeep]
|-damage|p2a: Scizor|89/100 brn|[from] brn
|upkeep
|turn|11
|
|t:|1780932100
|switch|p1a: Tornadus|Tornadus-Therian, M|100/100
|move|p2a: Scizor|Defog|p1a: Tornadus
|-unboost|p1a: Tornadus|evasion|1
|-sideend|p2: bluntsmoker3000|Stealth Rock|[from] move: Defog|[of] p2a: Scizor
|
|-weather|none
|-damage|p2a: Scizor|83/100 brn|[from] brn
|upkeep
|turn|12
|
|t:|1780932106
|switch|p2a: Raging Bolt|Raging Bolt|100/100
|-enditem|p2a: Raging Bolt|Booster Energy
|-activate|p2a: Raging Bolt|ability: Protosynthesis|[fromitem]
|-start|p2a: Raging Bolt|protosynthesisspa
|move|p1a: Tornadus|U-turn|p2a: Raging Bolt
|-damage|p2a: Raging Bolt|87/100
|
|t:|1780932114
|switch|p1a: Tyranitar|Tyranitar, F|73/100|[from] U-turn
|-weather|Sandstorm|[from] ability: Sand Stream|[of] p1a: Tyranitar
|
|-weather|Sandstorm|[upkeep]
|-damage|p2a: Raging Bolt|81/100|[from] Sandstorm
|upkeep
|turn|13
|
|t:|1780932119
|-end|p2a: Raging Bolt|Protosynthesis|[silent]
|switch|p2a: Alomomola|Alomomola, M|84/100
|move|p1a: Tyranitar|Stone Edge|p2a: Alomomola
|-damage|p2a: Alomomola|41/100
|
|-weather|Sandstorm|[upkeep]
|-damage|p2a: Alomomola|35/100|[from] Sandstorm
|upkeep
|turn|14
|
|t:|1780932124
|switch|p2a: Hatterene|Hatterene, F|100/100
|move|p1a: Tyranitar|Stone Edge|p2a: Hatterene
|-damage|p2a: Hatterene|28/100
|
|-weather|Sandstorm|[upkeep]
|-damage|p2a: Hatterene|22/100|[from] Sandstorm
|upkeep
|turn|15
|
|t:|1780932127
|move|p1a: Tyranitar|Stone Edge|p2a: Hatterene
|-damage|p2a: Hatterene|0 fnt
|faint|p2a: Hatterene
|
|-weather|Sandstorm|[upkeep]
|upkeep
|
|t:|1780932131
|switch|p2a: Scizor|Scizor, F|83/100 brn
|turn|16
|
|t:|1780932136
|move|p1a: Tyranitar|Stone Edge|p2a: Scizor
|-damage|p2a: Scizor|0 fnt
|faint|p2a: Scizor
|
|-weather|none
|upkeep
|
|t:|1780932140
|switch|p2a: Tornadus|Tornadus-Therian, M|100/100
|turn|17
|
|t:|1780932143
|switch|p1a: Tornadus|Tornadus-Therian, M|100/100
|move|p2a: Tornadus|Grass Knot|p1a: Tornadus
|-resisted|p1a: Tornadus
|-damage|p1a: Tornadus|90/100
|-damage|p2a: Tornadus|91/100|[from] item: Life Orb
|
|upkeep
|turn|18
|
|t:|1780932153
|move|p2a: Tornadus|Nasty Plot|p2a: Tornadus
|-boost|p2a: Tornadus|spa|2
|move|p1a: Tornadus|U-turn|p2a: Tornadus
|-resisted|p2a: Tornadus
|-damage|p2a: Tornadus|80/100
|
|t:|1780932157
|switch|p1a: Great Tusk|Great Tusk|100/100|[from] U-turn
|
|upkeep
|turn|19
|
|t:|1780932161
|switch|p2a: Alomomola|Alomomola, M|68/100
|move|p1a: Great Tusk|Stone Edge|p2a: Alomomola
|-damage|p2a: Alomomola|49/100
|
|upkeep
|turn|20
|
|t:|1780932164
|-end|p1a: Great Tusk|Protosynthesis|[silent]
|switch|p1a: Tornadus|Tornadus-Therian, M|100/100
|move|p2a: Alomomola|Flip Turn|p1a: Tornadus
|-damage|p1a: Tornadus|80/100
|
|t:|1780932169
|switch|p2a: Raging Bolt|Raging Bolt|81/100|[from] Flip Turn
|
|upkeep
|turn|21
|
|t:|1780932173
|move|p1a: Tornadus|U-turn|p2a: Raging Bolt
|-damage|p2a: Raging Bolt|69/100
|
|t:|1780932176
|switch|p1a: Pecharunt|Pecharunt|100/100|[from] U-turn
|move|p2a: Raging Bolt|Dragon Pulse|p1a: Pecharunt
|-damage|p1a: Pecharunt|47/100
|
|upkeep
|turn|22
|
|t:|1780932180
|move|p2a: Raging Bolt|Thunderbolt|p1a: Pecharunt
|-damage|p1a: Pecharunt|0 fnt
|faint|p1a: Pecharunt
|
|upkeep
|
|t:|1780932183
|switch|p1a: Tyranitar|Tyranitar, F|73/100
|-weather|Sandstorm|[from] ability: Sand Stream|[of] p1a: Tyranitar
|turn|23
|
|t:|1780932187
|-end|p2a: Raging Bolt|Protosynthesis|[silent]
|switch|p2a: Ting-Lu|Ting-Lu|64/100
|-ability|p2a: Ting-Lu|Vessel of Ruin
|move|p1a: Tyranitar|Stone Edge|p2a: Ting-Lu
|-resisted|p2a: Ting-Lu
|-damage|p2a: Ting-Lu|40/100
|
|-weather|Sandstorm|[upkeep]
|-heal|p2a: Ting-Lu|46/100|[from] item: Leftovers
|upkeep
|turn|24
|
|t:|1780932193
|switch|p1a: Kyurem|Kyurem|100/100
|-ability|p1a: Kyurem|Pressure
|move|p2a: Ting-Lu|Stealth Rock|p1a: Kyurem
|-sidestart|p1: Davy12345|move: Stealth Rock
|
|-weather|Sandstorm|[upkeep]
|-damage|p1a: Kyurem|94/100|[from] Sandstorm
|-heal|p2a: Ting-Lu|52/100|[from] item: Leftovers
|upkeep
|turn|25
|
|t:|1780932199
|move|p1a: Kyurem|Ice Beam|p2a: Ting-Lu
|-supereffective|p2a: Ting-Lu
|-damage|p2a: Ting-Lu|12/100
|move|p2a: Ting-Lu|Earthquake|p1a: Kyurem
|-damage|p1a: Kyurem|57/100
|
|-weather|Sandstorm|[upkeep]
|-damage|p1a: Kyurem|51/100|[from] Sandstorm
|-heal|p2a: Ting-Lu|18/100|[from] item: Leftovers
|upkeep
|turn|26
|
|t:|1780932205
|switch|p2a: Alomomola|Alomomola, M|82/100
|move|p1a: Kyurem|Ice Beam|p2a: Alomomola
|-resisted|p2a: Alomomola
|-damage|p2a: Alomomola|52/100
|
|-weather|Sandstorm|[upkeep]
|-damage|p1a: Kyurem|45/100|[from] Sandstorm
|-damage|p2a: Alomomola|46/100|[from] Sandstorm
|upkeep
|turn|27
|
|t:|1780932208
|move|p1a: Kyurem|Substitute|p1a: Kyurem
|-start|p1a: Kyurem|Substitute
|-damage|p1a: Kyurem|20/100
|move|p2a: Alomomola|Wish|p2a: Alomomola
|
|-weather|none
|upkeep
|turn|28
|
|t:|1780932214
|move|p1a: Kyurem|Freeze-Dry|p2a: Alomomola
|-supereffective|p2a: Alomomola
|-damage|p2a: Alomomola|0 fnt
|faint|p2a: Alomomola
|
|upkeep
|
|t:|1780932223
|switch|p2a: Tornadus|Tornadus-Therian, M|100/100
|turn|29
|
|t:|1780932226
|move|p2a: Tornadus|Heat Wave|p1a: Kyurem
|-end|p1a: Kyurem|Substitute
|-damage|p2a: Tornadus|91/100|[from] item: Life Orb
|move|p1a: Kyurem|Ice Beam|p2a: Tornadus
|-supereffective|p2a: Tornadus
|-damage|p2a: Tornadus|0 fnt
|faint|p2a: Tornadus
|
|upkeep
|
|t:|1780932231
|switch|p2a: Raging Bolt|Raging Bolt|69/100
|turn|30
|
|t:|1780932235
|move|p2a: Raging Bolt|Thunderclap||[still]
|-fail|p2a: Raging Bolt
|move|p1a: Kyurem|Substitute|p1a: Kyurem
|-fail|p1a: Kyurem|move: Substitute|[weak]
|
|upkeep
|turn|31
|
|t:|1780932238
|move|p2a: Raging Bolt|Thunderclap|p1a: Kyurem
|-resisted|p1a: Kyurem
|-damage|p1a: Kyurem|2/100
|move|p1a: Kyurem|Ice Beam|p2a: Raging Bolt
|-supereffective|p2a: Raging Bolt
|-damage|p2a: Raging Bolt|0 fnt
|faint|p2a: Raging Bolt
|-end|p2a: Raging Bolt|Protosynthesis|[silent]
|
|upkeep
|-message|bluntsmoker3000 forfeited.
|
|win|Davy12345
|raw|Davy12345's rating: 1627 &rarr; <strong>1648</strong><br />(+21 for winning)
|raw|bluntsmoker3000's rating: 1652 &rarr; <strong>1631</strong><br />(-21 for losing)
|l|☆bluntsmoker3000
|player|p2|
|l|☆Davy12345
|player|p1|
