|j|☆bahnmiking
|j|☆suaiaj
|t:|1781433690
|gametype|singles
|player|p1|bahnmiking|bianca|1611
|player|p2|suaiaj|juan|1538
|gen|9
|tier|[Gen 9] OU
|rated|
|rule|HP Percentage Mod: HP is shown in percentages
|rule|Endless Battle Clause: Forcing endless battles is banned
|rule|Species Clause: Limit one of each Pokémon
|rule|OHKO Clause: OHKO moves are banned
|rule|Evasion Items Clause: Evasion items are banned
|rule|Evasion Moves Clause: Evasion moves are banned
|rule|Evasion Abilities Clause: Evasion abilities are banned
|rule|Sleep Moves Clause: Sleep-inducing moves are banned
|clearpoke
|poke|p1|Clodsire, M|
|poke|p1|Toxapex, F|
|poke|p1|Corviknight, M|
|poke|p1|Dondozo, F|
|poke|p1|Clefable, M|
|poke|p1|Gliscor, F|
|poke|p2|Flygon, F|
|poke|p2|Gholdengo|
|poke|p2|Ogerpon-Wellspring, F|
|poke|p2|Zapdos|
|poke|p2|Tyranitar, F|
|poke|p2|Great Tusk|
|teampreview
|inactive|Battle timer is ON: inactive players will automatically lose when time's up. (requested by bahnmiking)
|
|t:|1781433709
|teamsize|p1|6
|teamsize|p2|6
|start
|switch|p1a: nothing new there|Gliscor, F|100/100
|switch|p2a: Ogerpon|Ogerpon-Wellspring, F|100/100
|turn|1
|
|t:|1781433723
|move|p2a: Ogerpon|Ivy Cudgel|p1a: nothing new there|[anim] Ivy Cudgel Water
|-supereffective|p1a: nothing new there
|-damage|p1a: nothing new there|11/100
|move|p1a: nothing new there|Toxic|p2a: Ogerpon
|-status|p2a: Ogerpon|tox
|
|-damage|p2a: Ogerpon|94/100 tox|[from] psn
|-status|p1a: nothing new there|tox|[from] item: Toxic Orb
|upkeep
|turn|2
|
|t:|1781433729
|move|p1a: nothing new there|Protect|p1a: nothing new there
|-singleturn|p1a: nothing new there|Protect
|move|p2a: Ogerpon|Spikes|p1a: nothing new there
|-sidestart|p1: bahnmiking|Spikes
|
|-damage|p2a: Ogerpon|82/100 tox|[from] psn
|-heal|p1a: nothing new there|24/100 tox|[from] ability: Poison Heal
|upkeep
|turn|3
|
|t:|1781433746
|switch|p1a: take your time|Toxapex, F|100/100
|-damage|p1a: take your time|88/100|[from] Spikes
|move|p2a: Ogerpon|Power Whip|p1a: take your time
|-damage|p1a: take your time|49/100
|
|-heal|p1a: take your time|55/100|[from] item: Leftovers
|-damage|p2a: Ogerpon|64/100 tox|[from] psn
|upkeep
|turn|4
|
|t:|1781433764
|switch|p2a: Tyranitar|Tyranitar, F|100/100
|-weather|Sandstorm|[from] ability: Sand Stream|[of] p2a: Tyranitar
|move|p1a: take your time|Recover|p1a: take your time
|-heal|p1a: take your time|100/100
|
|-weather|Sandstorm|[upkeep]
|-damage|p1a: take your time|94/100|[from] Sandstorm
|-heal|p1a: take your time|100/100|[from] item: Leftovers
|upkeep
|turn|5
|
|t:|1781433771
|switch|p1a: per my last turn|Corviknight, M|100/100
|-ability|p1a: per my last turn|Pressure
|move|p2a: Tyranitar|Knock Off|p1a: per my last turn
|-damage|p1a: per my last turn|68/100
|-enditem|p1a: per my last turn|Leftovers|[from] move: Knock Off|[of] p2a: Tyranitar
|
|-weather|Sandstorm|[upkeep]
|upkeep
|turn|6
|
|t:|1781433781
|switch|p2a: Gholdengo|Gholdengo|100/100
|move|p1a: per my last turn|Defog|p2a: Gholdengo
|-immune|p2a: Gholdengo|[from] ability: Good as Gold
|
|-weather|Sandstorm|[upkeep]
|upkeep
|turn|7
|
|t:|1781433788
|switch|p1a: did you calc that?|Clodsire, M|100/100
|move|p2a: Gholdengo|Trick|p1a: did you calc that?
|-activate|p2a: Gholdengo|move: Trick|[of] p1a: did you calc that?
|-item|p1a: did you calc that?|Choice Scarf|[from] move: Trick
|-item|p2a: Gholdengo|Heavy-Duty Boots|[from] move: Trick
|
|-weather|Sandstorm|[upkeep]
|upkeep
|turn|8
|
|t:|1781433801
|switch|p2a: Tyranitar|Tyranitar, F|100/100
|move|p1a: did you calc that?|Spikes|p2a: Tyranitar
|-sidestart|p2: suaiaj|Spikes
|
|-weather|none
|upkeep
|turn|9
|
|t:|1781433807
|switch|p1a: love this for you|Clefable, M|100/100
|move|p2a: Tyranitar|Stealth Rock|p1a: love this for you
|-sidestart|p1: bahnmiking|move: Stealth Rock
|
|upkeep
|turn|10
|
|t:|1781433814
|switch|p2a: Gholdengo|Gholdengo|100/100
|move|p1a: love this for you|Stealth Rock|p2a: Gholdengo
|-sidestart|p2: suaiaj|move: Stealth Rock
|
|upkeep
|turn|11
|
|t:|1781433823
|switch|p1a: did you calc that?|Clodsire, M|100/100
|-damage|p1a: did you calc that?|88/100|[from] Spikes
|-damage|p1a: did you calc that?|82/100|[from] Stealth Rock
|move|p2a: Gholdengo|Make It Rain|p1a: did you calc that?
|-damage|p1a: did you calc that?|48/100
|-unboost|p2a: Gholdengo|spa|1
|
|upkeep
|turn|12
|j| just-jaype
|
|t:|1781433832
|switch|p2a: Great Tusk|Great Tusk|100/100
|-damage|p2a: Great Tusk|88/100|[from] Spikes
|-damage|p2a: Great Tusk|85/100|[from] Stealth Rock
|move|p1a: did you calc that?|Recover|p1a: did you calc that?
|-heal|p1a: did you calc that?|99/100
|
|upkeep
|turn|13
|
|t:|1781433837
|switch|p1a: per my last turn|Corviknight, M|68/100
|-damage|p1a: per my last turn|55/100|[from] Stealth Rock
|-ability|p1a: per my last turn|Pressure
|move|p2a: Great Tusk|Rapid Spin|p1a: per my last turn
|-resisted|p1a: per my last turn
|-damage|p1a: per my last turn|47/100
|-boost|p2a: Great Tusk|spe|1
|-sideend|p2: suaiaj|Spikes|[from] move: Rapid Spin|[of] p2a: Great Tusk
|-sideend|p2: suaiaj|Stealth Rock|[from] move: Rapid Spin|[of] p2a: Great Tusk
|
|upkeep
|turn|14
|
|t:|1781433841
|-end|p2a: Great Tusk|Protosynthesis|[silent]
|switch|p2a: Gholdengo|Gholdengo|100/100
|move|p1a: per my last turn|Roost|p1a: per my last turn
|-heal|p1a: per my last turn|97/100
|-singleturn|p1a: per my last turn|move: Roost
|
|upkeep
|turn|15
|
|t:|1781433846
|move|p1a: per my last turn|Protect|p1a: per my last turn
|-singleturn|p1a: per my last turn|Protect
|move|p2a: Gholdengo|Shadow Ball|p1a: per my last turn
|-activate|p1a: per my last turn|move: Protect
|
|upkeep
|turn|16
|
|t:|1781433863
|move|p2a: Gholdengo|Shadow Ball|p1a: per my last turn
|-damage|p1a: per my last turn|67/100
|move|p1a: per my last turn|Defog|p2a: Gholdengo
|-immune|p2a: Gholdengo|[from] ability: Good as Gold
|
|upkeep
|turn|17
|
|t:|1781433872
|switch|p1a: did you calc that?|Clodsire, M|99/100
|-damage|p1a: did you calc that?|86/100|[from] Spikes
|-damage|p1a: did you calc that?|80/100|[from] Stealth Rock
|move|p2a: Gholdengo|Shadow Ball|p1a: did you calc that?
|-damage|p1a: did you calc that?|59/100
|
|upkeep
|turn|18
|
|t:|1781433883
|switch|p2a: Ogerpon|Ogerpon-Wellspring, F|64/100 tox
|move|p1a: did you calc that?|Earthquake|p2a: Ogerpon
|-resisted|p2a: Ogerpon
|-damage|p2a: Ogerpon|47/100 tox
|
|-damage|p2a: Ogerpon|40/100 tox|[from] psn
|upkeep
|turn|19
|
|t:|1781433888
|switch|p1a: take your time|Toxapex, F|100/100
|-damage|p1a: take your time|88/100|[from] Spikes
|-damage|p1a: take your time|75/100|[from] Stealth Rock
|move|p2a: Ogerpon|Spikes|p1a: take your time
|-sidestart|p1: bahnmiking|Spikes
|
|-heal|p1a: take your time|82/100|[from] item: Leftovers
|-damage|p2a: Ogerpon|28/100 tox|[from] psn
|upkeep
|turn|20
|
|t:|1781433897
|move|p2a: Ogerpon|Spikes|p1a: take your time
|-sidestart|p1: bahnmiking|Spikes
|move|p1a: take your time|Infestation|p2a: Ogerpon
|-supereffective|p2a: Ogerpon
|-damage|p2a: Ogerpon|22/100 tox
|-activate|p2a: Ogerpon|move: Infestation|[of] p1a: take your time
|
|-heal|p1a: take your time|88/100|[from] item: Leftovers
|-damage|p2a: Ogerpon|4/100 tox|[from] psn
|-damage|p2a: Ogerpon|0 fnt|[from] move: Infestation|[partiallytrapped]
|faint|p2a: Ogerpon
|upkeep
|
|t:|1781433904
|switch|p2a: Flygon|Flygon, F, shiny|100/100
|turn|21
|
|t:|1781433916
|-terastallize|p2a: Flygon|Normal
|move|p2a: Flygon|Boomburst|p1a: take your time
|-damage|p1a: take your time|44/100
|-enditem|p2a: Flygon|Throat Spray
|-boost|p2a: Flygon|spa|1|[from] item: Throat Spray
|move|p1a: take your time|Poison Jab|p2a: Flygon
|-crit|p2a: Flygon
|-damage|p2a: Flygon|60/100
|-status|p2a: Flygon|psn
|
|-heal|p1a: take your time|50/100|[from] item: Leftovers
|-damage|p2a: Flygon|48/100 psn|[from] psn
|upkeep
|turn|22
|
|t:|1781433926
|move|p1a: take your time|Baneful Bunker|p1a: take your time
|-singleturn|p1a: take your time|move: Protect
|move|p2a: Flygon|Boomburst|p1a: take your time
|-activate|p1a: take your time|move: Protect
|
|-heal|p1a: take your time|57/100|[from] item: Leftovers
|-damage|p2a: Flygon|35/100 psn|[from] psn
|upkeep
|turn|23
|
|t:|1781433933
|move|p2a: Flygon|Boomburst|p1a: take your time
|-damage|p1a: take your time|0 fnt
|faint|p1a: take your time
|
|-damage|p2a: Flygon|23/100 psn|[from] psn
|upkeep
|
|t:|1781433937
|switch|p1a: per my last turn|Corviknight, M|67/100
|-damage|p1a: per my last turn|54/100|[from] Stealth Rock
|-ability|p1a: per my last turn|Pressure
|turn|24
|
|t:|1781433941
|move|p2a: Flygon|Fire Blast|p1a: per my last turn
|-supereffective|p1a: per my last turn
|-damage|p1a: per my last turn|0 fnt
|faint|p1a: per my last turn
|
|-damage|p2a: Flygon|11/100 psn|[from] psn
|upkeep
|
|t:|1781433946
|switch|p1a: nothing new there|Gliscor, F|24/100 tox
|-damage|p1a: nothing new there|11/100 tox|[from] Stealth Rock
|turn|25
|
|t:|1781433951
|switch|p2a: Great Tusk|Great Tusk|85/100
|move|p1a: nothing new there|Protect||[still]
|-fail|p1a: nothing new there
|
|-heal|p1a: nothing new there|24/100 tox|[from] ability: Poison Heal
|upkeep
|turn|26
|
|t:|1781433956
|move|p1a: nothing new there|Protect|p1a: nothing new there
|-singleturn|p1a: nothing new there|Protect
|move|p2a: Great Tusk|Ice Spinner|p1a: nothing new there
|-activate|p1a: nothing new there|move: Protect
|
|-heal|p1a: nothing new there|36/100 tox|[from] ability: Poison Heal
|upkeep
|turn|27
|
|t:|1781433964
|switch|p1a: love this for you|Clefable, M|100/100
|move|p2a: Great Tusk|Close Combat|p1a: love this for you
|-resisted|p1a: love this for you
|-damage|p1a: love this for you|74/100
|-unboost|p2a: Great Tusk|def|1
|-unboost|p2a: Great Tusk|spd|1
|
|upkeep
|turn|28
|
|t:|1781433973
|-end|p2a: Great Tusk|Protosynthesis|[silent]
|switch|p2a: Gholdengo|Gholdengo|100/100
|move|p1a: love this for you|Knock Off|p2a: Gholdengo
|-supereffective|p2a: Gholdengo
|-damage|p2a: Gholdengo|67/100
|-enditem|p2a: Gholdengo|Heavy-Duty Boots|[from] move: Knock Off|[of] p1a: love this for you
|
|upkeep
|turn|29
|
|t:|1781433981
|switch|p1a: did you calc that?|Clodsire, M|59/100
|-damage|p1a: did you calc that?|34/100|[from] Spikes
|-damage|p1a: did you calc that?|28/100|[from] Stealth Rock
|move|p2a: Gholdengo|Shadow Ball|p1a: did you calc that?
|-damage|p1a: did you calc that?|6/100
|
|upkeep
|turn|30
|
|t:|1781433986
|move|p2a: Gholdengo|Shadow Ball|p1a: did you calc that?
|-damage|p1a: did you calc that?|0 fnt
|faint|p1a: did you calc that?
|
|upkeep
|
|t:|1781433988
|switch|p1a: keep trying|Dondozo, F|100/100
|-damage|p1a: keep trying|76/100|[from] Spikes
|-damage|p1a: keep trying|63/100|[from] Stealth Rock
|turn|31
|l| just-jaype
|
|t:|1781433995
|-terastallize|p1a: keep trying|Dark
|move|p2a: Gholdengo|Shadow Ball|p1a: keep trying
|-resisted|p1a: keep trying
|-damage|p1a: keep trying|43/100
|move|p1a: keep trying|Curse|p1a: keep trying
|-unboost|p1a: keep trying|spe|1
|-boost|p1a: keep trying|atk|1
|-boost|p1a: keep trying|def|1
|
|-heal|p1a: keep trying|49/100|[from] item: Leftovers
|upkeep
|turn|32
|
|t:|1781434008
|move|p2a: Gholdengo|Focus Blast|p1a: keep trying
|-supereffective|p1a: keep trying
|-damage|p1a: keep trying|0 fnt
|faint|p1a: keep trying
|
|upkeep
|-message|bahnmiking forfeited.
|
|win|suaiaj
|raw|bahnmiking's rating: 1611 &rarr; <strong>1587</strong><br />(-24 for losing)
|raw|suaiaj's rating: 1538 &rarr; <strong>1562</strong><br />(+24 for winning)
|l|☆suaiaj
|player|p2|
