|j|☆rombizoid
|j|‽LT_Alt1
|t:|1780900535
|gametype|singles
|player|p1|rombizoid|1|1663
|player|p2|LT_Alt1|265|1736
|gen|9
|tier|[Gen 9] OU
|rated|
|rule|HP Percentage Mod: HP is shown in percentages
|rule|Endless Battle Clause: Forcing endless battles is banned
|rule|Species Clause: Limit one of each Pokémon
|rule|OHKO Clause: OHKO moves are banned
|rule|Evasion Items Clause: Evasion items are banned
|rule|Evasion Moves Clause: Evasion moves are banned
|rule|Evasion Abilities Clause: Evasion abilities are banned
|rule|Sleep Moves Clause: Sleep-inducing moves are banned
|clearpoke
|poke|p1|Garchomp, M|
|poke|p1|Gholdengo|
|poke|p1|Moltres|
|poke|p1|Alomomola, M|
|poke|p1|Iron Treads|
|poke|p1|Dragonite, F|
|poke|p2|Garganacl, F|
|poke|p2|Slowking-Galar, F|
|poke|p2|Kyurem|
|poke|p2|Weezing-Galar, F|
|poke|p2|Moltres|
|poke|p2|Iron Treads|
|teampreview
|
|t:|1780900544
|teamsize|p1|6
|teamsize|p2|6
|start
|switch|p1a: Iron Treads|Iron Treads|100/100
|switch|p2a: Moltres|Moltres|100/100
|turn|1
|inactive|Battle timer is ON: inactive players will automatically lose when time's up. (requested by rombizoid)
|
|t:|1780900553
|-end|p1a: Iron Treads|Quark Drive|[silent]
|switch|p1a: Moltres|Moltres|100/100
|move|p2a: Moltres|Flamethrower|p1a: Moltres
|-resisted|p1a: Moltres
|-damage|p1a: Moltres|82/100
|
|upkeep
|turn|2
|
|t:|1780900556
|move|p2a: Moltres|Flamethrower|p1a: Moltres
|-resisted|p1a: Moltres
|-damage|p1a: Moltres|62/100
|move|p1a: Moltres|Flamethrower|p2a: Moltres
|-resisted|p2a: Moltres
|-damage|p2a: Moltres|82/100
|
|upkeep
|turn|3
|
|t:|1780900560
|move|p2a: Moltres|U-turn|p1a: Moltres
|-resisted|p1a: Moltres
|-damage|p1a: Moltres|60/100
|
|t:|1780900563
|switch|p2a: Garganacl|Garganacl, F|100/100|[from] U-turn
|move|p1a: Moltres|Roost|p1a: Moltres
|-heal|p1a: Moltres|100/100
|-singleturn|p1a: Moltres|move: Roost
|
|upkeep
|turn|4
|
|t:|1780900566
|switch|p1a: Iron Treads|Iron Treads|100/100
|move|p2a: Garganacl|Salt Cure|p1a: Iron Treads
|-resisted|p1a: Iron Treads
|-damage|p1a: Iron Treads|97/100
|-start|p1a: Iron Treads|Salt Cure
|
|-damage|p1a: Iron Treads|72/100|[from] Salt Cure
|upkeep
|turn|5
|
|t:|1780900571
|-end|p1a: Iron Treads|Quark Drive|[silent]
|switch|p1a: Gholdengo|Gholdengo|100/100
|switch|p2a: Moltres|Moltres|82/100
|
|upkeep
|turn|6
|
|t:|1780900575
|switch|p1a: Garchomp|Garchomp, M|100/100
|move|p2a: Moltres|Flamethrower|p1a: Garchomp
|-resisted|p1a: Garchomp
|-damage|p1a: Garchomp|84/100
|
|upkeep
|turn|7
|
|t:|1780900579
|move|p1a: Garchomp|Stealth Rock|p2a: Moltres
|-sidestart|p2: LT_Alt1|move: Stealth Rock
|move|p2a: Moltres|Will-O-Wisp|p1a: Garchomp
|-status|p1a: Garchomp|brn
|
|-damage|p1a: Garchomp|77/100 brn|[from] brn
|upkeep
|turn|8
|
|t:|1780900584
|move|p1a: Garchomp|Spikes|p2a: Moltres
|-sidestart|p2: LT_Alt1|Spikes
|move|p2a: Moltres|Flamethrower|p1a: Garchomp
|-resisted|p1a: Garchomp
|-damage|p1a: Garchomp|59/100 brn
|
|-damage|p1a: Garchomp|53/100 brn|[from] brn
|upkeep
|turn|9
|
|t:|1780900587
|switch|p2a: Weezing|Weezing-Galar, F|100/100
|-ability|p2a: Weezing|Neutralizing Gas
|-damage|p2a: Weezing|88/100|[from] Stealth Rock
|-damage|p2a: Weezing|76/100|[from] Spikes
|move|p1a: Garchomp|Spikes|p2a: Weezing
|-sidestart|p2: LT_Alt1|Spikes
|
|-heal|p2a: Weezing|82/100|[from] item: Leftovers
|-damage|p1a: Garchomp|47/100 brn|[from] brn
|upkeep
|turn|10
|
|t:|1780900592
|switch|p1a: Gholdengo|Gholdengo|100/100
|move|p2a: Weezing|Defog|p1a: Gholdengo
|-unboost|p1a: Gholdengo|evasion|1
|-sideend|p2: LT_Alt1|Spikes|[from] move: Defog|[of] p2a: Weezing
|-sideend|p2: LT_Alt1|Stealth Rock|[from] move: Defog|[of] p2a: Weezing
|
|-heal|p2a: Weezing|88/100|[from] item: Leftovers
|upkeep
|turn|11
|
|t:|1780900598
|-end|p2a: Weezing|ability: Neutralizing Gas
|switch|p2a: Slowking|Slowking-Galar, F|100/100
|move|p1a: Gholdengo|Shadow Ball|p2a: Slowking
|-supereffective|p2a: Slowking
|-damage|p2a: Slowking|54/100
|
|upkeep
|turn|12
|
|t:|1780900603
|switch|p2a: Garganacl|Garganacl, F|100/100
|move|p1a: Gholdengo|Shadow Ball|p2a: Garganacl
|-damage|p2a: Garganacl|85/100
|
|-heal|p2a: Garganacl|91/100|[from] item: Leftovers
|upkeep
|turn|13
|
|t:|1780900611
|switch|p1a: Iron Treads|Iron Treads|72/100
|switch|p2a: Slowking|Slowking-Galar, F|88/100
|
|upkeep
|turn|14
|
|t:|1780900615
|switch|p2a: Moltres|Moltres|82/100
|move|p1a: Iron Treads|Knock Off|p2a: Moltres
|-damage|p2a: Moltres|58/100
|-status|p1a: Iron Treads|brn|[from] ability: Flame Body|[of] p2a: Moltres
|-enditem|p2a: Moltres|Heavy-Duty Boots|[from] move: Knock Off|[of] p1a: Iron Treads
|
|-damage|p1a: Iron Treads|66/100 brn|[from] brn
|upkeep
|turn|15
|
|t:|1780900622
|-end|p1a: Iron Treads|Quark Drive|[silent]
|switch|p1a: Moltres|Moltres|100/100
|move|p2a: Moltres|Flamethrower|p1a: Moltres
|-resisted|p1a: Moltres
|-damage|p1a: Moltres|81/100
|
|upkeep
|turn|16
|
|t:|1780900625
|switch|p1a: Garchomp|Garchomp, M|47/100 brn
|move|p2a: Moltres|Roost|p2a: Moltres
|-heal|p2a: Moltres|100/100
|-singleturn|p2a: Moltres|move: Roost
|
|-damage|p1a: Garchomp|40/100 brn|[from] brn
|upkeep
|turn|17
|
|t:|1780900628
|switch|p2a: Weezing|Weezing-Galar, F|88/100
|-ability|p2a: Weezing|Neutralizing Gas
|move|p1a: Garchomp|Stealth Rock|p2a: Weezing
|-sidestart|p2: LT_Alt1|move: Stealth Rock
|
|-heal|p2a: Weezing|94/100|[from] item: Leftovers
|-damage|p1a: Garchomp|34/100 brn|[from] brn
|upkeep
|turn|18
|
|t:|1780900631
|switch|p1a: Gholdengo|Gholdengo|100/100
|move|p2a: Weezing|Defog|p1a: Gholdengo
|-unboost|p1a: Gholdengo|evasion|1
|-sideend|p2: LT_Alt1|Stealth Rock|[from] move: Defog|[of] p2a: Weezing
|
|-heal|p2a: Weezing|99/100|[from] item: Leftovers
|upkeep
|turn|19
|
|t:|1780900634
|-end|p2a: Weezing|ability: Neutralizing Gas
|switch|p2a: Slowking|Slowking-Galar, F|100/100
|move|p1a: Gholdengo|Trick|p2a: Slowking
|-activate|p1a: Gholdengo|move: Trick|[of] p2a: Slowking
|-item|p2a: Slowking|Choice Scarf|[from] move: Trick
|-item|p1a: Gholdengo|Colbur Berry|[from] move: Trick
|
|upkeep
|turn|20
|
|t:|1780900639
|move|p1a: Gholdengo|Shadow Ball|p2a: Slowking
|-supereffective|p2a: Slowking
|-damage|p2a: Slowking|53/100
|-prepare|p2a: Slowking|Chilly Reception|[premajor]
|move|p2a: Slowking|Chilly Reception|p2a: Slowking
|-weather|Snowscape
|
|t:|1780900643
|switch|p2a: Iron Treads|Iron Treads|100/100|[from] Chilly Reception
|
|-weather|Snowscape|[upkeep]
|upkeep
|turn|21
|
|t:|1780900662
|switch|p1a: Moltres|Moltres|81/100
|move|p2a: Iron Treads|Earthquake|p1a: Moltres
|-immune|p1a: Moltres
|
|-weather|Snowscape|[upkeep]
|upkeep
|turn|22
|
|t:|1780900680
|-end|p2a: Iron Treads|Quark Drive|[silent]
|switch|p2a: Moltres|Moltres|100/100
|switch|p1a: Garchomp|Garchomp, M|34/100 brn
|
|-weather|Snowscape|[upkeep]
|-damage|p1a: Garchomp|28/100 brn|[from] brn
|upkeep
|turn|23
|
|t:|1780900685
|switch|p1a: Gholdengo|Gholdengo|100/100
|switch|p2a: Weezing|Weezing-Galar, F|99/100
|-ability|p2a: Weezing|Neutralizing Gas
|
|-weather|Snowscape|[upkeep]
|-heal|p2a: Weezing|100/100|[from] item: Leftovers
|upkeep
|turn|24
|
|t:|1780900690
|-end|p2a: Weezing|ability: Neutralizing Gas
|switch|p2a: Moltres|Moltres|100/100
|move|p1a: Gholdengo|Shadow Ball|p2a: Moltres
|-damage|p2a: Moltres|62/100
|
|-weather|none
|upkeep
|turn|25
|
|t:|1780900694
|move|p1a: Gholdengo|Shadow Ball|p2a: Moltres
|-damage|p2a: Moltres|23/100
|move|p2a: Moltres|Roost|p2a: Moltres
|-heal|p2a: Moltres|73/100
|-singleturn|p2a: Moltres|move: Roost
|
|upkeep
|turn|26
|
|t:|1780900698
|move|p1a: Gholdengo|Shadow Ball|p2a: Moltres
|-damage|p2a: Moltres|32/100
|move|p2a: Moltres|Roost|p2a: Moltres
|-heal|p2a: Moltres|82/100
|-singleturn|p2a: Moltres|move: Roost
|
|upkeep
|turn|27
|
|t:|1780900701
|move|p1a: Gholdengo|Shadow Ball|p2a: Moltres
|-damage|p2a: Moltres|44/100
|move|p2a: Moltres|Flamethrower|p1a: Gholdengo
|-supereffective|p1a: Gholdengo
|-damage|p1a: Gholdengo|7/100
|
|upkeep
|turn|28
|
|t:|1780900704
|move|p1a: Gholdengo|Shadow Ball|p2a: Moltres
|-damage|p2a: Moltres|0 fnt
|faint|p2a: Moltres
|
|upkeep
|
|t:|1780900708
|switch|p2a: Iron Treads|Iron Treads|100/100
|turn|29
|
|t:|1780900714
|switch|p1a: Moltres|Moltres|81/100
|move|p2a: Iron Treads|Stealth Rock|p1a: Moltres
|-sidestart|p1: rombizoid|move: Stealth Rock
|
|upkeep
|turn|30
|
|t:|1780900718
|move|p2a: Iron Treads|Knock Off|p1a: Moltres
|-damage|p1a: Moltres|64/100
|-enditem|p1a: Moltres|Heavy-Duty Boots|[from] move: Knock Off|[of] p2a: Iron Treads
|move|p1a: Moltres|Will-O-Wisp|p2a: Iron Treads
|-status|p2a: Iron Treads|brn
|
|-damage|p2a: Iron Treads|94/100 brn|[from] brn
|upkeep
|turn|31
|
|t:|1780900729
|move|p2a: Iron Treads|Knock Off|p1a: Moltres
|-damage|p1a: Moltres|58/100
|move|p1a: Moltres|Roost|p1a: Moltres
|-heal|p1a: Moltres|100/100
|-singleturn|p1a: Moltres|move: Roost
|
|-heal|p2a: Iron Treads|100/100 brn|[from] item: Leftovers
|-damage|p2a: Iron Treads|94/100 brn|[from] brn
|upkeep
|turn|32
|
|t:|1780900740
|-end|p2a: Iron Treads|Quark Drive|[silent]
|switch|p2a: Garganacl|Garganacl, F|91/100
|move|p1a: Moltres|Flamethrower|p2a: Garganacl
|-resisted|p2a: Garganacl
|-damage|p2a: Garganacl|77/100
|
|-heal|p2a: Garganacl|83/100|[from] item: Leftovers
|upkeep
|turn|33
|
|t:|1780900753
|switch|p1a: Iron Treads|Iron Treads|66/100 brn
|switch|p2a: Kyurem|Kyurem|100/100
|-ability|p2a: Kyurem|Pressure
|
|-damage|p1a: Iron Treads|60/100 brn|[from] brn
|upkeep
|turn|34
|
|t:|1780900757
|move|p1a: Iron Treads|Rapid Spin|p2a: Kyurem
|-damage|p2a: Kyurem|93/100
|-boost|p1a: Iron Treads|spe|1
|-sideend|p1: rombizoid|Stealth Rock|[from] move: Rapid Spin|[of] p1a: Iron Treads
|move|p2a: Kyurem|Earth Power|p1a: Iron Treads
|-supereffective|p1a: Iron Treads
|-damage|p1a: Iron Treads|0 fnt
|faint|p1a: Iron Treads
|-end|p1a: Iron Treads|Quark Drive|[silent]
|
|upkeep
|j| MichealJackkson
|
|t:|1780900768
|switch|p1a: Moltres|Moltres|100/100
|turn|35
|
|t:|1780900771
|move|p2a: Kyurem|Ice Beam|p1a: Moltres
|-damage|p1a: Moltres|50/100
|-status|p1a: Moltres|frz
|-curestatus|p1a: Moltres|frz|[msg]
|move|p1a: Moltres|Flamethrower|p2a: Kyurem
|-damage|p2a: Kyurem|56/100
|
|upkeep
|turn|36
|
|t:|1780900779
|switch|p1a: Garchomp|Garchomp, M|28/100 brn
|move|p2a: Kyurem|Ice Beam|p1a: Garchomp
|-supereffective|p1a: Garchomp
|-damage|p1a: Garchomp|0 fnt
|faint|p1a: Garchomp
|
|upkeep
|
|t:|1780900781
|switch|p1a: Dragonite|Dragonite, F|100/100
|turn|37
|
|t:|1780900785
|-terastallize|p1a: Dragonite|Normal
|move|p2a: Kyurem|Ice Beam|p1a: Dragonite
|-damage|p1a: Dragonite|75/100
|move|p1a: Dragonite|Dragon Dance|p1a: Dragonite
|-boost|p1a: Dragonite|atk|1
|-boost|p1a: Dragonite|spe|1
|
|upkeep
|turn|38
|
|t:|1780900788
|switch|p2a: Garganacl|Garganacl, F|83/100
|move|p1a: Dragonite|Earthquake|p2a: Garganacl
|-supereffective|p2a: Garganacl
|-damage|p2a: Garganacl|10/100
|
|-heal|p2a: Garganacl|16/100|[from] item: Leftovers
|upkeep
|turn|39
|
|t:|1780900794
|move|p1a: Dragonite|Earthquake|p2a: Garganacl
|-supereffective|p2a: Garganacl
|-damage|p2a: Garganacl|0 fnt
|faint|p2a: Garganacl
|
|upkeep
|
|t:|1780900795
|switch|p2a: Weezing|Weezing-Galar, F|100/100
|-ability|p2a: Weezing|Neutralizing Gas
|turn|40
|
|t:|1780900802
|-terastallize|p2a: Weezing|Grass
|move|p1a: Dragonite|Earthquake|p2a: Weezing
|-resisted|p2a: Weezing
|-damage|p2a: Weezing|80/100
|move|p2a: Weezing|Will-O-Wisp|p1a: Dragonite
|-status|p1a: Dragonite|brn
|
|-heal|p2a: Weezing|86/100|[from] item: Leftovers
|-damage|p1a: Dragonite|69/100 brn|[from] brn
|upkeep
|turn|41
|
|t:|1780900808
|move|p1a: Dragonite|Ice Spinner|p2a: Weezing
|-supereffective|p2a: Weezing
|-damage|p2a: Weezing|50/100
|move|p2a: Weezing|Strange Steam|p1a: Dragonite
|-damage|p1a: Dragonite|43/100 brn
|
|-heal|p2a: Weezing|56/100|[from] item: Leftovers
|-damage|p1a: Dragonite|37/100 brn|[from] brn
|upkeep
|turn|42
|
|t:|1780900815
|switch|p1a: Alomomola|Alomomola, M|100/100
|move|p2a: Weezing|Strange Steam|p1a: Alomomola
|-crit|p1a: Alomomola
|-damage|p1a: Alomomola|66/100
|
|-heal|p2a: Weezing|62/100|[from] item: Leftovers
|upkeep
|turn|43
|l| MichealJackkson
|
|t:|1780900823
|-end|p2a: Weezing|ability: Neutralizing Gas
|switch|p2a: Kyurem|Kyurem|56/100
|-ability|p2a: Kyurem|Pressure
|move|p1a: Alomomola|Flip Turn|p2a: Kyurem
|-resisted|p2a: Kyurem
|-damage|p2a: Kyurem|48/100
|
|t:|1780900830
|switch|p1a: Gholdengo|Gholdengo|7/100|[from] Flip Turn
|
|upkeep
|turn|44
|
|t:|1780900836
|switch|p2a: Iron Treads|Iron Treads|94/100 brn
|move|p1a: Gholdengo|Make It Rain|p2a: Iron Treads
|-resisted|p2a: Iron Treads
|-damage|p2a: Iron Treads|58/100 brn
|-unboost|p1a: Gholdengo|spa|1
|
|-heal|p2a: Iron Treads|64/100 brn|[from] item: Leftovers
|-damage|p2a: Iron Treads|58/100 brn|[from] brn
|upkeep
|turn|45
|
|t:|1780900843
|switch|p1a: Alomomola|Alomomola, M|99/100
|move|p2a: Iron Treads|Knock Off|p1a: Alomomola
|-damage|p1a: Alomomola|92/100
|-enditem|p1a: Alomomola|Heavy-Duty Boots|[from] move: Knock Off|[of] p2a: Iron Treads
|
|-heal|p2a: Iron Treads|64/100 brn|[from] item: Leftovers
|-damage|p2a: Iron Treads|58/100 brn|[from] brn
|upkeep
|turn|46
|
|t:|1780900846
|move|p2a: Iron Treads|Stealth Rock|p1a: Alomomola
|-sidestart|p1: rombizoid|move: Stealth Rock
|move|p1a: Alomomola|Wish|p1a: Alomomola
|
|-heal|p2a: Iron Treads|64/100 brn|[from] item: Leftovers
|-damage|p2a: Iron Treads|58/100 brn|[from] brn
|upkeep
|turn|47
|
|t:|1780900850
|-end|p2a: Iron Treads|Quark Drive|[silent]
|switch|p2a: Kyurem|Kyurem|48/100
|-ability|p2a: Kyurem|Pressure
|move|p1a: Alomomola|Flip Turn|p2a: Kyurem
|-resisted|p2a: Kyurem
|-damage|p2a: Kyurem|39/100
|
|t:|1780900856
|switch|p1a: Gholdengo|Gholdengo|7/100|[from] Flip Turn
|-damage|p1a: Gholdengo|0 fnt|[from] Stealth Rock
|faint|p1a: Gholdengo
|
|upkeep
|-message|rombizoid forfeited.
|
|win|LT_Alt1
|raw|rombizoid's rating: 1663 &rarr; <strong>1647</strong><br />(-16 for losing)
|raw|LT_Alt1's rating: 1736 &rarr; <strong>1752</strong><br />(+16 for winning)
|l|☆rombizoid
|player|p1|
