|j|☆Dragonair bot
|j|☆thelarpinglarper
|t:|1781427348
|gametype|singles
|player|p1|Dragonair bot|parasollady|1638
|player|p2|thelarpinglarper|sordward|1715
|gen|9
|tier|[Gen 9] OU
|rated|
|rule|HP Percentage Mod: HP is shown in percentages
|rule|Endless Battle Clause: Forcing endless battles is banned
|rule|Species Clause: Limit one of each Pokémon
|rule|OHKO Clause: OHKO moves are banned
|rule|Evasion Items Clause: Evasion items are banned
|rule|Evasion Moves Clause: Evasion moves are banned
|rule|Evasion Abilities Clause: Evasion abilities are banned
|rule|Sleep Moves Clause: Sleep-inducing moves are banned
|clearpoke
|poke|p1|Weezing-Galar, F|
|poke|p1|Gliscor, M|
|poke|p1|Blissey, F|
|poke|p1|Corviknight, F|
|poke|p1|Dondozo, F|
|poke|p1|Toxapex, M|
|poke|p2|Samurott-Hisui, M|
|poke|p2|Iron Treads|
|poke|p2|Iron Valiant|
|poke|p2|Rotom-Wash|
|poke|p2|Iron Moth|
|poke|p2|Pecharunt|
|teampreview
|inactive|Battle timer is ON: inactive players will automatically lose when time's up. (requested by thelarpinglarper)
|inactive|Dragonair bot also wants the timer to be on.
|
|t:|1781427361
|teamsize|p1|6
|teamsize|p2|6
|start
|switch|p1a: Weezing|Weezing-Galar, F|100/100
|switch|p2a: Samurott|Samurott-Hisui, M|100/100
|-ability|p1a: Weezing|Neutralizing Gas
|turn|1
|
|t:|1781427367
|switch|p2a: Iron Moth|Iron Moth|100/100
|move|p1a: Weezing|Will-O-Wisp|p2a: Iron Moth|[miss]
|-miss|p1a: Weezing|p2a: Iron Moth
|
|upkeep
|turn|2
|
|t:|1781427371
|-end|p1a: Weezing|ability: Neutralizing Gas
|switch|p1a: Gliscor|Gliscor, M|100/100
|move|p2a: Iron Moth|U-turn|p1a: Gliscor
|-resisted|p1a: Gliscor
|-damage|p1a: Gliscor|97/100
|
|t:|1781427379
|-end|p2a: Iron Moth|Quark Drive|[silent]
|switch|p2a: Samurott|Samurott-Hisui, M|100/100|[from] U-turn
|
|-status|p1a: Gliscor|tox|[from] item: Toxic Orb
|upkeep
|turn|3
|
|t:|1781427383
|move|p1a: Gliscor|Protect|p1a: Gliscor
|-singleturn|p1a: Gliscor|Protect
|move|p2a: Samurott|Razor Shell|p1a: Gliscor
|-activate|p1a: Gliscor|move: Protect
|
|-heal|p1a: Gliscor|100/100 tox|[from] ability: Poison Heal
|upkeep
|turn|4
|
|t:|1781427402
|switch|p1a: Toxapex|Toxapex, M|100/100
|move|p2a: Samurott|Razor Shell|p1a: Toxapex
|-resisted|p1a: Toxapex
|-damage|p1a: Toxapex|74/100
|
|upkeep
|turn|5
|
|t:|1781427406
|switch|p2a: Iron Treads|Iron Treads|100/100
|move|p1a: Toxapex|Poison Jab|p2a: Iron Treads
|-immune|p2a: Iron Treads
|
|upkeep
|turn|6
|
|t:|1781427415
|switch|p1a: Corviknight|Corviknight, F|100/100
|-ability|p1a: Corviknight|Pressure
|move|p2a: Iron Treads|Stealth Rock|p1a: Corviknight
|-sidestart|p1: Dragonair bot|move: Stealth Rock
|
|upkeep
|turn|7
|
|t:|1781427418
|move|p2a: Iron Treads|Knock Off|p1a: Corviknight
|-damage|p1a: Corviknight|85/100
|-enditem|p1a: Corviknight|Leftovers|[from] move: Knock Off|[of] p2a: Iron Treads
|move|p1a: Corviknight|Defog|p2a: Iron Treads
|-unboost|p2a: Iron Treads|evasion|1
|-sideend|p1: Dragonair bot|Stealth Rock|[from] move: Defog|[of] p1a: Corviknight
|
|upkeep
|turn|8
|
|t:|1781427421
|-end|p2a: Iron Treads|Quark Drive|[silent]
|switch|p2a: Iron Moth|Iron Moth|100/100
|move|p1a: Corviknight|Iron Defense|p1a: Corviknight
|-boost|p1a: Corviknight|def|2
|
|upkeep
|turn|9
|
|t:|1781427429
|switch|p1a: Blissey|Blissey, F|100/100
|move|p2a: Iron Moth|U-turn|p1a: Blissey
|-damage|p1a: Blissey|90/100
|
|t:|1781427431
|-end|p2a: Iron Moth|Quark Drive|[silent]
|switch|p2a: Samurott|Samurott-Hisui, M|100/100|[from] U-turn
|
|-heal|p1a: Blissey|96/100|[from] item: Leftovers
|upkeep
|turn|10
|
|t:|1781427435
|switch|p1a: Weezing|Weezing-Galar, F|100/100
|-ability|p1a: Weezing|Neutralizing Gas
|-terastallize|p2a: Samurott|Dark
|move|p2a: Samurott|Ceaseless Edge|p1a: Weezing
|-resisted|p1a: Weezing
|-damage|p1a: Weezing|81/100
|-sidestart|p1: Dragonair bot|Spikes
|
|upkeep
|turn|11
|
|t:|1781427443
|switch|p2a: Iron Moth|Iron Moth|100/100
|move|p1a: Weezing|Will-O-Wisp|p2a: Iron Moth
|-immune|p2a: Iron Moth
|
|upkeep
|turn|12
|
|t:|1781427448
|-end|p1a: Weezing|ability: Neutralizing Gas
|switch|p1a: Gliscor|Gliscor, M|100/100 tox
|move|p2a: Iron Moth|U-turn|p1a: Gliscor
|-resisted|p1a: Gliscor
|-damage|p1a: Gliscor|97/100 tox
|
|t:|1781427451
|-end|p2a: Iron Moth|Quark Drive|[silent]
|switch|p2a: Samurott|Samurott-Hisui, M, tera:Dark|100/100|[from] U-turn
|
|-heal|p1a: Gliscor|100/100 tox|[from] ability: Poison Heal
|upkeep
|turn|13
|
|t:|1781427456
|switch|p1a: Corviknight|Corviknight, F|85/100
|-ability|p1a: Corviknight|Pressure
|move|p2a: Samurott|Razor Shell|p1a: Corviknight
|-damage|p1a: Corviknight|38/100
|-unboost|p1a: Corviknight|def|1
|
|upkeep
|turn|14
|
|t:|1781427461
|switch|p2a: Iron Treads|Iron Treads|100/100
|switch|p1a: Weezing|Weezing-Galar, F|81/100
|-ability|p1a: Weezing|Neutralizing Gas
|
|upkeep
|turn|15
|
|t:|1781427474
|-end|p2a: Iron Treads|Quark Drive|[silent]
|switch|p2a: Iron Moth|Iron Moth|100/100
|move|p1a: Weezing|Will-O-Wisp|p2a: Iron Moth|[miss]
|-miss|p1a: Weezing|p2a: Iron Moth
|
|upkeep
|turn|16
|
|t:|1781427482
|move|p2a: Iron Moth|U-turn|p1a: Weezing
|-resisted|p1a: Weezing
|-damage|p1a: Weezing|79/100
|j| rexa2
|
|t:|1781427502
|-end|p2a: Iron Moth|Quark Drive|[silent]
|switch|p2a: Rotom|Rotom-Wash|100/100|[from] U-turn
|move|p1a: Weezing|Toxic Spikes|p2a: Rotom
|-sidestart|p2: thelarpinglarper|move: Toxic Spikes
|
|upkeep
|turn|17
|
|t:|1781427513
|-end|p1a: Weezing|ability: Neutralizing Gas
|switch|p1a: Toxapex|Toxapex, M|100/100
|-damage|p1a: Toxapex|88/100|[from] Spikes
|move|p2a: Rotom|Hydro Pump|p1a: Toxapex|[miss]
|-miss|p2a: Rotom|p1a: Toxapex
|
|upkeep
|turn|18
|
|t:|1781427519
|switch|p1a: Gliscor|Gliscor, M|100/100 tox
|move|p2a: Rotom|Volt Switch|p1a: Gliscor
|-immune|p1a: Gliscor
|
|upkeep
|turn|19
|
|t:|1781427527
|switch|p1a: Toxapex|Toxapex, M|100/100
|-damage|p1a: Toxapex|88/100|[from] Spikes
|move|p2a: Rotom|Volt Switch|p1a: Toxapex
|-supereffective|p1a: Toxapex
|-damage|p1a: Toxapex|52/100
|
|t:|1781427531
|switch|p2a: Iron Moth|Iron Moth|100/100|[from] Volt Switch
|-sideend|p2: thelarpinglarper|move: Toxic Spikes|[of] p2a: Iron Moth
|
|upkeep
|turn|20
|
|t:|1781427538
|move|p2a: Iron Moth|Fiery Dance|p1a: Toxapex
|-resisted|p1a: Toxapex
|-damage|p1a: Toxapex|24/100
|-boost|p2a: Iron Moth|spa|1
|move|p1a: Toxapex|Toxic|p2a: Iron Moth
|-immune|p2a: Iron Moth
|
|upkeep
|turn|21
|
|t:|1781427542
|switch|p1a: Gliscor|Gliscor, M|100/100 tox
|move|p2a: Iron Moth|Fiery Dance|p1a: Gliscor
|-damage|p1a: Gliscor|2/100 tox
|-boost|p2a: Iron Moth|spa|1
|
|-heal|p1a: Gliscor|15/100 tox|[from] ability: Poison Heal
|upkeep
|turn|22
|
|t:|1781427546
|move|p1a: Gliscor|Protect|p1a: Gliscor
|-singleturn|p1a: Gliscor|Protect
|move|p2a: Iron Moth|Fiery Dance|p1a: Gliscor
|-activate|p1a: Gliscor|move: Protect
|
|-heal|p1a: Gliscor|27/100 tox|[from] ability: Poison Heal
|upkeep
|turn|23
|c|☆thelarpinglarper|?
|
|t:|1781427548
|switch|p1a: Blissey|Blissey, F|96/100
|-damage|p1a: Blissey|84/100|[from] Spikes
|move|p2a: Iron Moth|Fiery Dance|p1a: Blissey
|-damage|p1a: Blissey|43/100
|
|-heal|p1a: Blissey|49/100|[from] item: Leftovers
|upkeep
|turn|24
|
|t:|1781427558
|move|p2a: Iron Moth|Fiery Dance|p1a: Blissey
|-damage|p1a: Blissey|7/100
|move|p1a: Blissey|Soft-Boiled|p1a: Blissey
|-heal|p1a: Blissey|57/100
|
|-heal|p1a: Blissey|63/100|[from] item: Leftovers
|upkeep
|turn|25
|
|t:|1781427567
|move|p2a: Iron Moth|Fiery Dance|p1a: Blissey
|-damage|p1a: Blissey|20/100
|-boost|p2a: Iron Moth|spa|1
|move|p1a: Blissey|Calm Mind|p1a: Blissey
|-boost|p1a: Blissey|spa|1
|-boost|p1a: Blissey|spd|1
|
|-heal|p1a: Blissey|26/100|[from] item: Leftovers
|upkeep
|turn|26
|
|t:|1781427570
|move|p2a: Iron Moth|Fiery Dance|p1a: Blissey
|-damage|p1a: Blissey|0 fnt
|-boost|p2a: Iron Moth|spa|1
|faint|p1a: Blissey
|
|upkeep
|-message|Dragonair bot forfeited.
|
|win|thelarpinglarper
|raw|Dragonair bot's rating: 1638 &rarr; <strong>1622</strong><br />(-16 for losing)
|raw|thelarpinglarper's rating: 1715 &rarr; <strong>1731</strong><br />(+16 for winning)
|l|☆Dragonair bot
|player|p1|
