|j|☆levijoseph
|j|☆sxde
|t:|1781335532
|gametype|singles
|player|p1|levijoseph|1|1589
|player|p2|sxde|170|1677
|gen|9
|tier|[Gen 9] OU
|rated|
|rule|HP Percentage Mod: HP is shown in percentages
|rule|Endless Battle Clause: Forcing endless battles is banned
|rule|Species Clause: Limit one of each Pokémon
|rule|OHKO Clause: OHKO moves are banned
|rule|Evasion Items Clause: Evasion items are banned
|rule|Evasion Moves Clause: Evasion moves are banned
|rule|Evasion Abilities Clause: Evasion abilities are banned
|rule|Sleep Moves Clause: Sleep-inducing moves are banned
|clearpoke
|poke|p1|Sableye, M|
|poke|p1|Serperior, M|
|poke|p1|Suicune|
|poke|p1|Smeargle, F|
|poke|p1|Clefable, M|
|poke|p1|Quaquaval, M|
|poke|p2|Zapdos|
|poke|p2|Iron Crown|
|poke|p2|Garganacl, M|
|poke|p2|Great Tusk|
|poke|p2|Samurott-Hisui, M|
|poke|p2|Dragapult, F|
|teampreview
|
|t:|1781335540
|teamsize|p1|6
|teamsize|p2|6
|start
|switch|p1a: Smeargle|Smeargle, F|100/100
|switch|p2a: Samurott|Samurott-Hisui, M|100/100
|turn|1
|
|t:|1781335544
|move|p1a: Smeargle|Nuzzle|p2a: Samurott
|-supereffective|p2a: Samurott
|-damage|p2a: Samurott|96/100
|-status|p2a: Samurott|par
|move|p2a: Samurott|Ceaseless Edge|p1a: Smeargle
|-enditem|p1a: Smeargle|Focus Sash
|-damage|p1a: Smeargle|1/100
|-sidestart|p1: levijoseph|Spikes
|
|upkeep
|turn|2
|
|t:|1781335551
|move|p1a: Smeargle|Stealth Rock|p2a: Samurott
|-sidestart|p2: sxde|move: Stealth Rock
|cant|p2a: Samurott|par
|
|upkeep
|turn|3
|
|t:|1781335575
|move|p1a: Smeargle|Rapid Spin|p2a: Samurott
|-damage|p2a: Samurott|87/100 par
|-boost|p1a: Smeargle|spe|1
|-sideend|p1: levijoseph|Spikes|[from] move: Rapid Spin|[of] p1a: Smeargle
|move|p2a: Samurott|Ceaseless Edge|p1a: Smeargle
|-damage|p1a: Smeargle|0 fnt
|-sidestart|p1: levijoseph|Spikes
|faint|p1a: Smeargle
|
|upkeep
|
|t:|1781335579
|switch|p1a: Serperior|Serperior, M|100/100
|-damage|p1a: Serperior|88/100|[from] Spikes
|turn|4
|inactive|Battle timer is ON: inactive players will automatically lose when time's up. (requested by levijoseph)
|
|t:|1781335592
|switch|p2a: Iron Crown|Iron Crown|100/100
|-damage|p2a: Iron Crown|94/100|[from] Stealth Rock
|move|p1a: Serperior|Leaf Storm|p2a: Iron Crown
|-resisted|p2a: Iron Crown
|-damage|p2a: Iron Crown|83/100
|-boost|p1a: Serperior|spa|2
|
|-heal|p1a: Serperior|94/100|[from] item: Leftovers
|upkeep
|turn|5
|
|t:|1781335604
|move|p1a: Serperior|Glare|p2a: Iron Crown
|-status|p2a: Iron Crown|par
|move|p2a: Iron Crown|Tachyon Cutter|p1a: Serperior
|-damage|p1a: Serperior|69/100
|-damage|p1a: Serperior|44/100
|-hitcount|p1a: Serperior|2
|
|-heal|p1a: Serperior|50/100|[from] item: Leftovers
|upkeep
|turn|6
|
|t:|1781335614
|move|p1a: Serperior|Leaf Storm|p2a: Iron Crown
|-resisted|p2a: Iron Crown
|-damage|p2a: Iron Crown|59/100 par
|-boost|p1a: Serperior|spa|2
|move|p2a: Iron Crown|Tachyon Cutter|p1a: Serperior
|-crit|p1a: Serperior
|-damage|p1a: Serperior|11/100
|-damage|p1a: Serperior|0 fnt
|faint|p1a: Serperior
|-hitcount|p1: Serperior|2
|
|upkeep
|
|t:|1781335624
|switch|p1a: Quaquaval|Quaquaval, M|100/100
|-damage|p1a: Quaquaval|88/100|[from] Spikes
|turn|7
|
|t:|1781335637
|move|p1a: Quaquaval|Aqua Step|p2a: Iron Crown
|-damage|p2a: Iron Crown|16/100 par
|-boost|p1a: Quaquaval|spe|1
|move|p2a: Iron Crown|Psyshock|p1a: Quaquaval
|-supereffective|p1a: Quaquaval
|-crit|p1a: Quaquaval
|-damage|p1a: Quaquaval|0 fnt
|faint|p1a: Quaquaval
|
|upkeep
|
|t:|1781335650
|switch|p1a: Suicune|Suicune|100/100
|-damage|p1a: Suicune|88/100|[from] Spikes
|-ability|p1a: Suicune|Pressure
|turn|8
|
|t:|1781335654
|move|p1a: Suicune|Substitute|p1a: Suicune
|-start|p1a: Suicune|Substitute
|-damage|p1a: Suicune|63/100
|move|p2a: Iron Crown|Volt Switch|p1a: Suicune
|-supereffective|p1a: Suicune
|-end|p1a: Suicune|Substitute
|inactive|sxde has 120 seconds left.
|
|t:|1781335696
|-end|p2a: Iron Crown|Quark Drive|[silent]
|switch|p2a: Great Tusk|Great Tusk|100/100|[from] Volt Switch
|
|-heal|p1a: Suicune|69/100|[from] item: Leftovers
|upkeep
|turn|9
|
|t:|1781335701
|move|p2a: Great Tusk|Headlong Rush|p1a: Suicune
|-damage|p1a: Suicune|36/100
|-unboost|p2a: Great Tusk|def|1
|-unboost|p2a: Great Tusk|spd|1
|move|p1a: Suicune|Calm Mind|p1a: Suicune
|-boost|p1a: Suicune|spa|1
|-boost|p1a: Suicune|spd|1
|
|-heal|p1a: Suicune|43/100|[from] item: Leftovers
|upkeep
|turn|10
|
|t:|1781335706
|move|p1a: Suicune|Protect|p1a: Suicune
|-singleturn|p1a: Suicune|Protect
|move|p2a: Great Tusk|Headlong Rush|p1a: Suicune
|-activate|p1a: Suicune|move: Protect
|
|-heal|p1a: Suicune|49/100|[from] item: Leftovers
|upkeep
|turn|11
|
|t:|1781335722
|-terastallize|p1a: Suicune|Grass
|move|p2a: Great Tusk|Knock Off|p1a: Suicune
|-damage|p1a: Suicune|30/100
|-enditem|p1a: Suicune|Leftovers|[from] move: Knock Off|[of] p2a: Great Tusk
|move|p1a: Suicune|Substitute|p1a: Suicune
|-start|p1a: Suicune|Substitute
|-damage|p1a: Suicune|5/100
|
|upkeep
|turn|12
|
|t:|1781335726
|move|p1a: Suicune|Protect|p1a: Suicune
|-singleturn|p1a: Suicune|Protect
|move|p2a: Great Tusk|Ice Spinner|p1a: Suicune
|-activate|p1a: Suicune|move: Protect
|
|upkeep
|turn|13
|
|t:|1781335735
|move|p2a: Great Tusk|Rapid Spin|p1a: Suicune
|-activate|p1a: Suicune|move: Substitute|[damage]
|-sideend|p2: sxde|Stealth Rock|[from] move: Rapid Spin|[of] p2a: Great Tusk
|-boost|p2a: Great Tusk|spe|1
|move|p1a: Suicune|Scald|p2a: Great Tusk
|-supereffective|p2a: Great Tusk
|-damage|p2a: Great Tusk|0 fnt
|faint|p2a: Great Tusk
|-end|p2a: Great Tusk|Protosynthesis|[silent]
|
|upkeep
|
|t:|1781335740
|switch|p2a: Dragapult|Dragapult, F|100/100
|turn|14
|
|t:|1781335743
|move|p2a: Dragapult|Dragon Darts|p1a: Suicune
|-damage|p1a: Suicune|0 fnt
|faint|p1a: Suicune
|
|upkeep
|-message|levijoseph forfeited.
|
|win|sxde
|raw|levijoseph's rating: 1589 &rarr; <strong>1574</strong><br />(-15 for losing)
|raw|sxde's rating: 1677 &rarr; <strong>1692</strong><br />(+15 for winning)
|l|☆levijoseph
|player|p1|
|l|☆sxde
|player|p2|
