|j|☆EtnaArmpits
|j|☆Izlymoney
|t:|1781199727
|gametype|singles
|player|p1|EtnaArmpits|102|1647
|player|p2|Izlymoney|101|1646
|gen|9
|tier|[Gen 9] OU
|rated|
|rule|HP Percentage Mod: HP is shown in percentages
|rule|Endless Battle Clause: Forcing endless battles is banned
|rule|Species Clause: Limit one of each Pokémon
|rule|OHKO Clause: OHKO moves are banned
|rule|Evasion Items Clause: Evasion items are banned
|rule|Evasion Moves Clause: Evasion moves are banned
|rule|Evasion Abilities Clause: Evasion abilities are banned
|rule|Sleep Moves Clause: Sleep-inducing moves are banned
|clearpoke
|poke|p1|Kyurem|
|poke|p1|Deoxys-Speed|
|poke|p1|Iron Valiant|
|poke|p1|Dragonite, M|
|poke|p1|Darkrai|
|poke|p1|Iron Treads|
|poke|p2|Cramorant, M|
|poke|p2|Gallade, M|
|poke|p2|Kingambit, M|
|poke|p2|Iron Moth|
|poke|p2|Enamorus, F|
|poke|p2|Ogerpon-Cornerstone, F|
|teampreview
|inactive|Battle timer is ON: inactive players will automatically lose when time's up. (requested by EtnaArmpits)
|j| kopkwepd
|
|t:|1781199731
|teamsize|p1|6
|teamsize|p2|6
|start
|switch|p1a: Iron Treads|Iron Treads|100/100
|switch|p2a: Cramorant|Cramorant, M, shiny|100/100
|-enditem|p1a: Iron Treads|Booster Energy
|-activate|p1a: Iron Treads|ability: Quark Drive|[fromitem]
|-start|p1a: Iron Treads|quarkdrivespe
|turn|1
|
|t:|1781199736
|move|p1a: Iron Treads|Rapid Spin|p2a: Cramorant
|-damage|p2a: Cramorant|79/100
|-boost|p1a: Iron Treads|spe|1
|move|p2a: Cramorant|Tailwind|p2a: Cramorant
|-sidestart|p2: Izlymoney|move: Tailwind
|
|upkeep
|turn|2
|
|t:|1781199738
|move|p1a: Iron Treads|Stealth Rock|p2a: Cramorant
|-sidestart|p2: Izlymoney|move: Stealth Rock
|move|p2a: Cramorant|Surf|p1a: Iron Treads
|-formechange|p2a: Cramorant|Cramorant-Gulping|
|-supereffective|p1a: Iron Treads
|-damage|p1a: Iron Treads|0 fnt
|faint|p1a: Iron Treads
|-end|p1a: Iron Treads|Quark Drive|[silent]
|
|upkeep
|
|t:|1781199742
|switch|p1a: Kyurem|Kyurem|100/100
|-ability|p1a: Kyurem|Pressure
|turn|3
|
|t:|1781199746
|move|p2a: Cramorant|Defog|p1a: Kyurem
|-unboost|p1a: Kyurem|evasion|1
|-sideend|p2: Izlymoney|Stealth Rock|[from] move: Defog|[of] p2a: Cramorant
|move|p1a: Kyurem|Dragon Dance|p1a: Kyurem
|-boost|p1a: Kyurem|atk|1
|-boost|p1a: Kyurem|spe|1
|
|upkeep
|turn|4
|
|t:|1781199751
|move|p2a: Cramorant|Hurricane|p1a: Kyurem
|-damage|p1a: Kyurem|52/100
|-start|p1a: Kyurem|confusion
|-activate|p1a: Kyurem|confusion
|-damage|p1a: Kyurem|31/100|[from] confusion
|
|-sideend|p2: Izlymoney|move: Tailwind
|upkeep
|turn|5
|
|t:|1781199758
|-activate|p1a: Kyurem|confusion
|move|p1a: Kyurem|Freeze-Dry|p2a: Cramorant
|-supereffective|p2a: Cramorant
|-damage|p2a: Cramorant|0 fnt
|-damage|p1a: Kyurem|6/100|[from] ability: Gulp Missile|[of] p2a: Cramorant
|-unboost|p1a: Kyurem|def|1
|-formechange|p2a: Cramorant|Cramorant|
|faint|p2a: Cramorant
|
|upkeep
|
|t:|1781199763
|switch|p2a: Gallade|Gallade, M|100/100
|turn|6
|
|t:|1781199766
|move|p2a: Gallade|Shadow Sneak|p1a: Kyurem
|-damage|p1a: Kyurem|0 fnt
|faint|p1a: Kyurem
|
|upkeep
|
|t:|1781199769
|switch|p1a: Iron Valiant|Iron Valiant|100/100
|-enditem|p1a: Iron Valiant|Booster Energy
|-activate|p1a: Iron Valiant|ability: Quark Drive|[fromitem]
|-start|p1a: Iron Valiant|quarkdrivespe
|turn|7
|
|t:|1781199772
|move|p1a: Iron Valiant|Swords Dance|p1a: Iron Valiant
|-boost|p1a: Iron Valiant|atk|2
|move|p2a: Gallade|Psycho Cut|p1a: Iron Valiant
|-supereffective|p1a: Iron Valiant
|-damage|p1a: Iron Valiant|0 fnt
|faint|p1a: Iron Valiant
|-end|p1a: Iron Valiant|Quark Drive|[silent]
|
|upkeep
|
|t:|1781199774
|switch|p1a: Deoxys|Deoxys-Speed|100/100
|-ability|p1a: Deoxys|Pressure
|turn|8
|-message|EtnaArmpits forfeited.
|
|win|Izlymoney
|raw|EtnaArmpits's rating: 1647 &rarr; <strong>1627</strong><br />(-20 for losing)
|raw|Izlymoney's rating: 1646 &rarr; <strong>1666</strong><br />(+20 for winning)
|l|☆EtnaArmpits
|player|p1|
|l|☆Izlymoney
|player|p2|
|l| kopkwepd
