|j|☆Gulptubus
|j|☆201187abc
|t:|1781255667
|gametype|singles
|player|p1|Gulptubus|pokemonranger-gen4|1584
|player|p2|201187abc|101|1577
|gen|9
|tier|[Gen 9] OU
|rated|
|rule|HP Percentage Mod: HP is shown in percentages
|rule|Endless Battle Clause: Forcing endless battles is banned
|rule|Species Clause: Limit one of each Pokémon
|rule|OHKO Clause: OHKO moves are banned
|rule|Evasion Items Clause: Evasion items are banned
|rule|Evasion Moves Clause: Evasion moves are banned
|rule|Evasion Abilities Clause: Evasion abilities are banned
|rule|Sleep Moves Clause: Sleep-inducing moves are banned
|clearpoke
|poke|p1|Kyurem|
|poke|p1|Slowking-Galar, M|
|poke|p1|Hatterene, F|
|poke|p1|Cinderace, M|
|poke|p1|Samurott-Hisui, M|
|poke|p1|Landorus-Therian, M|
|poke|p2|Alomomola, M|
|poke|p2|Dragapult, M|
|poke|p2|Lokix, F|
|poke|p2|Great Tusk|
|poke|p2|Enamorus, F|
|poke|p2|Iron Crown|
|teampreview
|
|t:|1781255688
|teamsize|p1|6
|teamsize|p2|6
|start
|switch|p1a: Landorus|Landorus-Therian, M|100/100
|switch|p2a: Dragapult|Dragapult, M|100/100
|-ability|p1a: Landorus|Intimidate|boost
|-unboost|p2a: Dragapult|atk|1
|turn|1
|
|t:|1781255696
|move|p2a: Dragapult|U-turn|p1a: Landorus
|-resisted|p1a: Landorus
|-damage|p1a: Landorus|87/100
|
|t:|1781255716
|switch|p2a: Alomomola|Alomomola, M|100/100|[from] U-turn
|move|p1a: Landorus|Outrage|p2a: Alomomola
|-damage|p2a: Alomomola|64/100
|
|upkeep
|turn|2
|
|t:|1781255722
|switch|p2a: Enamorus|Enamorus, F|100/100
|move|p1a: Landorus|Outrage|p2a: Enamorus|[from] lockedmove
|-immune|p2a: Enamorus
|
|upkeep
|turn|3
|
|t:|1781255733
|switch|p1a: Slowking|Slowking-Galar, M|100/100
|move|p2a: Enamorus|Moonblast|p1a: Slowking
|-resisted|p1a: Slowking
|-damage|p1a: Slowking|86/100
|
|upkeep
|turn|4
|
|t:|1781255738
|switch|p2a: Alomomola|Alomomola, M|97/100
|-prepare|p1a: Slowking|Chilly Reception|[premajor]
|move|p1a: Slowking|Chilly Reception|p1a: Slowking
|-weather|Snowscape
|
|t:|1781255741
|switch|p1a: Kyurem|Kyurem|100/100|[from] Chilly Reception
|-ability|p1a: Kyurem|Pressure
|
|-weather|Snowscape|[upkeep]
|upkeep
|turn|5
|
|t:|1781255750
|move|p1a: Kyurem|Substitute|p1a: Kyurem
|-start|p1a: Kyurem|Substitute
|-damage|p1a: Kyurem|75/100
|move|p2a: Alomomola|Mirror Coat||[still]
|-fail|p2a: Alomomola
|
|-weather|Snowscape|[upkeep]
|-heal|p1a: Kyurem|82/100|[from] item: Leftovers
|upkeep
|turn|6
|
|t:|1781255756
|switch|p2a: Iron Crown|Iron Crown|100/100
|move|p1a: Kyurem|Freeze-Dry|p2a: Iron Crown
|-resisted|p2a: Iron Crown
|-damage|p2a: Iron Crown|84/100
|
|-weather|Snowscape|[upkeep]
|-heal|p1a: Kyurem|88/100|[from] item: Leftovers
|upkeep
|turn|7
|
|t:|1781255765
|move|p1a: Kyurem|Protect|p1a: Kyurem
|-singleturn|p1a: Kyurem|Protect
|move|p2a: Iron Crown|Tachyon Cutter|p1a: Kyurem
|-activate|p1a: Kyurem|move: Protect
|
|-weather|Snowscape|[upkeep]
|-heal|p1a: Kyurem|94/100|[from] item: Leftovers
|upkeep
|turn|8
|
|t:|1781255776
|switch|p1a: Slowking|Slowking-Galar, M|100/100
|move|p2a: Iron Crown|Tachyon Cutter|p1a: Slowking
|-damage|p1a: Slowking|80/100
|-damage|p1a: Slowking|57/100
|-hitcount|p1a: Slowking|2
|
|-weather|none
|upkeep
|turn|9
|
|t:|1781255782
|move|p2a: Iron Crown|Tachyon Cutter|p1a: Slowking
|-damage|p1a: Slowking|35/100
|-damage|p1a: Slowking|13/100
|-hitcount|p1a: Slowking|2
|move|p1a: Slowking|Future Sight|p2a: Iron Crown
|-start|p1a: Slowking|move: Future Sight
|
|upkeep
|turn|10
|
|t:|1781255789
|-end|p2a: Iron Crown|Quark Drive|[silent]
|switch|p2a: Lokix|Lokix, F|100/100
|switch|p1a: Samurott|Samurott-Hisui, M|100/100
|
|upkeep
|turn|11
|
|t:|1781255803
|switch|p1a: Landorus|Landorus-Therian, M|87/100
|-ability|p1a: Landorus|Intimidate|boost
|-unboost|p2a: Lokix|atk|1
|move|p2a: Lokix|First Impression|p1a: Landorus
|-resisted|p1a: Landorus
|-crit|p1a: Landorus
|-damage|p1a: Landorus|0 fnt
|faint|p1a: Landorus
|
|-end|p2a: Lokix|move: Future Sight
|-immune|p2a: Lokix
|upkeep
|c|☆201187abc|mb
|
|t:|1781255814
|switch|p1a: Slowking|Slowking-Galar, M|46/100
|turn|12
|
|t:|1781255821
|switch|p2a: Iron Crown|Iron Crown|84/100
|-prepare|p1a: Slowking|Chilly Reception|[premajor]
|move|p1a: Slowking|Chilly Reception|p1a: Slowking
|-weather|Snowscape
|
|t:|1781255824
|switch|p1a: Cinderace|Cinderace, M|100/100|[from] Chilly Reception
|
|-weather|Snowscape|[upkeep]
|upkeep
|turn|13
|
|t:|1781255828
|-end|p2a: Iron Crown|Quark Drive|[silent]
|switch|p2a: Alomomola|Alomomola, M|100/100
|move|p1a: Cinderace|U-turn|p2a: Alomomola
|-damage|p2a: Alomomola|85/100
|
|t:|1781255830
|switch|p1a: Kyurem|Kyurem|94/100|[from] U-turn
|-ability|p1a: Kyurem|Pressure
|
|-weather|Snowscape|[upkeep]
|-heal|p1a: Kyurem|99/100|[from] item: Leftovers
|upkeep
|turn|14
|
|t:|1781255834
|move|p1a: Kyurem|Substitute|p1a: Kyurem
|-start|p1a: Kyurem|Substitute
|-damage|p1a: Kyurem|75/100
|move|p2a: Alomomola|Flip Turn|p1a: Kyurem
|-resisted|p1a: Kyurem
|-crit|p1a: Kyurem
|-activate|p1a: Kyurem|move: Substitute|[damage]
|
|t:|1781255845
|switch|p2a: Iron Crown|Iron Crown|84/100|[from] Flip Turn
|
|-weather|Snowscape|[upkeep]
|-heal|p1a: Kyurem|81/100|[from] item: Leftovers
|upkeep
|turn|15
|
|t:|1781255849
|move|p1a: Kyurem|Protect|p1a: Kyurem
|-singleturn|p1a: Kyurem|Protect
|move|p2a: Iron Crown|Tachyon Cutter|p1a: Kyurem
|-activate|p1a: Kyurem|move: Protect
|
|-weather|Snowscape|[upkeep]
|-heal|p1a: Kyurem|88/100|[from] item: Leftovers
|upkeep
|turn|16
|
|t:|1781255853
|-terastallize|p1a: Kyurem|Ground
|move|p2a: Iron Crown|Tachyon Cutter|p1a: Kyurem
|-end|p1a: Kyurem|Substitute
|-damage|p1a: Kyurem|54/100
|-hitcount|p1a: Kyurem|2
|move|p1a: Kyurem|Earth Power|p2a: Iron Crown
|-supereffective|p2a: Iron Crown
|-damage|p2a: Iron Crown|0 fnt
|faint|p2a: Iron Crown
|-end|p2a: Iron Crown|Quark Drive|[silent]
|
|-weather|none
|-heal|p1a: Kyurem|60/100|[from] item: Leftovers
|upkeep
|
|t:|1781255871
|switch|p2a: Dragapult|Dragapult, M|100/100
|turn|17
|
|t:|1781255879
|move|p1a: Kyurem|Protect|p1a: Kyurem
|-singleturn|p1a: Kyurem|Protect
|move|p2a: Dragapult|Dragon Darts|p1a: Kyurem
|-activate|p1a: Kyurem|move: Protect
|
|-heal|p1a: Kyurem|66/100|[from] item: Leftovers
|upkeep
|turn|18
|
|t:|1781255887
|switch|p2a: Alomomola|Alomomola, M|100/100
|switch|p1a: Hatterene|Hatterene, F|100/100
|
|upkeep
|turn|19
|
|t:|1781255891
|move|p2a: Alomomola|Flip Turn|p1a: Hatterene
|-damage|p1a: Hatterene|86/100
|-damage|p2a: Alomomola|84/100|[from] item: Rocky Helmet|[of] p1a: Hatterene
|
|t:|1781255900
|switch|p2a: Great Tusk|Great Tusk|100/100|[from] Flip Turn
|move|p1a: Hatterene|Psychic Noise|p2a: Great Tusk
|-supereffective|p2a: Great Tusk
|-damage|p2a: Great Tusk|10/100
|-start|p2a: Great Tusk|move: Heal Block
|
|upkeep
|turn|20
|
|t:|1781255918
|move|p2a: Great Tusk|Headlong Rush|p1a: Hatterene
|-damage|p1a: Hatterene|42/100
|-unboost|p2a: Great Tusk|def|1
|-unboost|p2a: Great Tusk|spd|1
|-damage|p2a: Great Tusk|0 fnt|[from] item: Rocky Helmet|[of] p1a: Hatterene
|faint|p2a: Great Tusk
|-end|p2a: Great Tusk|Protosynthesis|[silent]
|move|p1a: Hatterene|Draining Kiss|p2: Great Tusk|[notarget]
|-fail|p1a: Hatterene
|
|upkeep
|inactive|Battle timer is ON: inactive players will automatically lose when time's up. (requested by Gulptubus)
|
|t:|1781255941
|switch|p2a: Enamorus|Enamorus, F|100/100
|turn|21
|
|t:|1781255965
|switch|p2a: Lokix|Lokix, F|100/100
|switch|p1a: Slowking|Slowking-Galar, M|79/100
|
|upkeep
|turn|22
|
|t:|1781255974
|move|p2a: Lokix|Knock Off|p1a: Slowking
|-supereffective|p1a: Slowking
|-damage|p1a: Slowking|0 fnt
|-enditem|p1a: Slowking|Heavy-Duty Boots|[from] move: Knock Off|[of] p2a: Lokix
|faint|p1a: Slowking
|
|upkeep
|
|t:|1781255984
|switch|p1a: Samurott|Samurott-Hisui, M|100/100
|turn|23
|
|t:|1781255994
|switch|p2a: Alomomola|Alomomola, M|100/100
|move|p1a: Samurott|Ceaseless Edge|p2a: Alomomola
|-damage|p2a: Alomomola|69/100
|-sidestart|p2: 201187abc|Spikes
|
|upkeep
|turn|24
|
|t:|1781255999
|move|p1a: Samurott|Ceaseless Edge|p2a: Alomomola|[miss]
|-miss|p1a: Samurott|p2a: Alomomola
|move|p2a: Alomomola|Flip Turn|p1a: Samurott
|-resisted|p1a: Samurott
|-damage|p1a: Samurott|90/100
|
|t:|1781256013
|switch|p2a: Lokix|Lokix, F|100/100|[from] Flip Turn
|-damage|p2a: Lokix|88/100|[from] Spikes
|
|upkeep
|turn|25
|
|t:|1781256019
|switch|p1a: Hatterene|Hatterene, F|42/100
|move|p2a: Lokix|First Impression|p1a: Hatterene
|-damage|p1a: Hatterene|0 fnt
|-damage|p2a: Lokix|72/100|[from] item: Rocky Helmet|[of] p1a: Hatterene
|faint|p1a: Hatterene
|
|upkeep
|
|t:|1781256030
|switch|p1a: Kyurem|Kyurem, tera:Ground|66/100
|-ability|p1a: Kyurem|Pressure
|turn|26
|
|t:|1781256037
|switch|p2a: Enamorus|Enamorus, F|100/100
|move|p1a: Kyurem|Freeze-Dry|p2a: Enamorus
|-supereffective|p2a: Enamorus
|-damage|p2a: Enamorus|6/100
|
|-heal|p1a: Kyurem|73/100|[from] item: Leftovers
|upkeep
|turn|27
|
|t:|1781256042
|move|p1a: Kyurem|Protect|p1a: Kyurem
|-singleturn|p1a: Kyurem|Protect
|move|p2a: Enamorus|Moonblast|p1a: Kyurem
|-activate|p1a: Kyurem|move: Protect
|
|-heal|p1a: Kyurem|79/100|[from] item: Leftovers
|upkeep
|turn|28
|
|t:|1781256048
|switch|p1a: Cinderace|Cinderace, M|100/100
|move|p2a: Enamorus|Moonblast|p1a: Cinderace
|-resisted|p1a: Cinderace
|-damage|p1a: Cinderace|58/100
|
|upkeep
|turn|29
|
|t:|1781256056
|switch|p2a: Dragapult|Dragapult, M|100/100
|-damage|p2a: Dragapult|88/100|[from] Spikes
|move|p1a: Cinderace|U-turn|p2a: Dragapult
|-resisted|p2a: Dragapult
|-damage|p2a: Dragapult|72/100
|
|t:|1781256060
|switch|p1a: Samurott|Samurott-Hisui, M|90/100|[from] U-turn
|
|upkeep
|turn|30
|
|t:|1781256066
|move|p2a: Dragapult|U-turn|p1a: Samurott
|-supereffective|p1a: Samurott
|-crit|p1a: Samurott
|-damage|p1a: Samurott|0 fnt
|faint|p1a: Samurott
|c|☆201187abc|mb
|
|t:|1781256073
|switch|p2a: Enamorus|Enamorus, F|6/100|[from] U-turn
|
|upkeep
|c|☆Gulptubus|you got it bro
|-message|Gulptubus forfeited.
|
|win|201187abc
|raw|Gulptubus's rating: 1584 &rarr; <strong>1564</strong><br />(-20 for losing)
|raw|201187abc's rating: 1577 &rarr; <strong>1597</strong><br />(+20 for winning)
|l|☆Gulptubus
|player|p1|
|c|☆201187abc|i think it didnt matter tho
|l|☆201187abc
|player|p2|
