|j|☆anamchara
|j|☆KurisuChestnutLab
|t:|1781179872
|gametype|singles
|player|p1|anamchara|101|1580
|player|p2|KurisuChestnutLab|may-contest|1533
|gen|9
|tier|[Gen 9] OU
|rated|
|rule|HP Percentage Mod: HP is shown in percentages
|rule|Endless Battle Clause: Forcing endless battles is banned
|rule|Species Clause: Limit one of each Pokémon
|rule|OHKO Clause: OHKO moves are banned
|rule|Evasion Items Clause: Evasion items are banned
|rule|Evasion Moves Clause: Evasion moves are banned
|rule|Evasion Abilities Clause: Evasion abilities are banned
|rule|Sleep Moves Clause: Sleep-inducing moves are banned
|clearpoke
|poke|p1|Slowking-Galar, M|
|poke|p1|Meowscarada, F|
|poke|p1|Iron Valiant|
|poke|p1|Ogerpon-Wellspring, F|
|poke|p1|Glimmora, M|
|poke|p1|Dragapult, M|
|poke|p2|Primarina, F|
|poke|p2|Hippowdon, M|
|poke|p2|Skarmory, M|
|poke|p2|Zapdos|
|poke|p2|Dragonite, F|
|poke|p2|Slowking, F|
|teampreview
|
|t:|1781179879
|teamsize|p1|6
|teamsize|p2|6
|start
|switch|p1a: Meowscarada|Meowscarada, F|100/100
|switch|p2a: Zapdos|Zapdos|100/100
|turn|1
|inactive|Battle timer is ON: inactive players will automatically lose when time's up. (requested by KurisuChestnutLab)
|
|t:|1781179890
|switch|p1a: Glimmora|Glimmora, M|100/100
|move|p2a: Zapdos|Volt Switch|p1a: Glimmora
|-damage|p1a: Glimmora|64/100
|
|t:|1781179895
|switch|p2a: Hippowdon|Hippowdon, M|100/100|[from] Volt Switch
|-weather|Sandstorm|[from] ability: Sand Stream|[of] p2a: Hippowdon
|
|-weather|Sandstorm|[upkeep]
|upkeep
|turn|2
|inactive|anamchara has 120 seconds left.
|
|t:|1781179929
|-terastallize|p1a: Glimmora|Grass
|move|p1a: Glimmora|Energy Ball|p2a: Hippowdon
|-supereffective|p2a: Hippowdon
|-damage|p2a: Hippowdon|0 fnt
|faint|p2a: Hippowdon
|-damage|p1a: Glimmora|55/100|[from] item: Life Orb
|
|-weather|Sandstorm|[upkeep]
|-damage|p1a: Glimmora|48/100|[from] Sandstorm
|upkeep
|
|t:|1781179934
|switch|p2a: Skarmory|Skarmory, M|100/100
|turn|3
|
|t:|1781179946
|move|p1a: Glimmora|Power Gem|p2a: Skarmory
|-crit|p2a: Skarmory
|-ability|p2a: Skarmory|Sturdy
|-damage|p2a: Skarmory|1/100
|-damage|p1a: Glimmora|39/100|[from] item: Life Orb
|move|p2a: Skarmory|Spikes|p1a: Glimmora
|-sidestart|p1: anamchara|Spikes
|
|-weather|Sandstorm|[upkeep]
|-damage|p1a: Glimmora|32/100|[from] Sandstorm
|-heal|p2a: Skarmory|7/100|[from] item: Leftovers
|upkeep
|turn|4
|inactive|anamchara has 120 seconds left.
|
|t:|1781179978
|move|p1a: Glimmora|Stealth Rock|p2a: Skarmory
|-sidestart|p2: KurisuChestnutLab|move: Stealth Rock
|move|p2a: Skarmory|Spikes|p1a: Glimmora
|-sidestart|p1: anamchara|Spikes
|
|-weather|Sandstorm|[upkeep]
|-damage|p1a: Glimmora|26/100|[from] Sandstorm
|-heal|p2a: Skarmory|13/100|[from] item: Leftovers
|upkeep
|turn|5
|
|t:|1781179982
|move|p1a: Glimmora|Power Gem|p2a: Skarmory
|-damage|p2a: Skarmory|0 fnt
|faint|p2a: Skarmory
|-damage|p1a: Glimmora|16/100|[from] item: Life Orb
|
|-weather|none
|upkeep
|
|t:|1781179985
|switch|p2a: Dragonite|Dragonite, F|100/100
|turn|6
|
|t:|1781179991
|move|p2a: Dragonite|Extreme Speed|p1a: Glimmora
|-damage|p1a: Glimmora|0 fnt
|-activate|p1a: Glimmora|ability: Toxic Debris
|-sidestart|p2: KurisuChestnutLab|move: Toxic Spikes
|faint|p1a: Glimmora
|
|upkeep
|
|t:|1781179992
|switch|p1a: Dragapult|Dragapult, M|100/100
|-damage|p1a: Dragapult|84/100|[from] Spikes
|turn|7
|
|t:|1781179996
|-terastallize|p2a: Dragonite|Normal
|move|p1a: Dragapult|Dragon Darts|p2a: Dragonite
|-damage|p2a: Dragonite|85/100
|-anim|p1a: Dragapult|Dragon Darts|p2a: Dragonite
|-damage|p2a: Dragonite|55/100
|-damage|p1a: Dragapult|74/100|[from] item: Life Orb
|move|p2a: Dragonite|Dragon Dance|p2a: Dragonite
|-boost|p2a: Dragonite|atk|1
|-boost|p2a: Dragonite|spe|1
|
|upkeep
|turn|8
|
|t:|1781180005
|move|p1a: Dragapult|Will-O-Wisp|p2a: Dragonite
|-status|p2a: Dragonite|brn
|move|p2a: Dragonite|Earthquake|p1a: Dragapult
|-damage|p1a: Dragapult|28/100
|
|-damage|p2a: Dragonite|49/100 brn|[from] brn
|upkeep
|turn|9
|
|t:|1781180015
|move|p1a: Dragapult|Dragon Darts|p2a: Dragonite
|-damage|p2a: Dragonite|18/100 brn
|-anim|p1a: Dragapult|Dragon Darts|p2a: Dragonite
|-damage|p2a: Dragonite|0 fnt
|faint|p2a: Dragonite
|-damage|p1a: Dragapult|18/100|[from] item: Life Orb
|
|upkeep
|
|t:|1781180020
|switch|p2a: Zapdos|Zapdos|100/100
|turn|10
|inactive|anamchara has 120 seconds left.
|
|t:|1781180068
|move|p1a: Dragapult|Dragon Darts|p2a: Zapdos
|-damage|p2a: Zapdos|79/100
|-anim|p1a: Dragapult|Dragon Darts|p2a: Zapdos
|-damage|p2a: Zapdos|61/100
|-damage|p1a: Dragapult|9/100|[from] item: Life Orb
|move|p2a: Zapdos|Hurricane|p1a: Dragapult
|-damage|p1a: Dragapult|0 fnt
|faint|p1a: Dragapult
|
|upkeep
|
|t:|1781180072
|switch|p1a: Ogerpon|Ogerpon-Wellspring, F|100/100
|-damage|p1a: Ogerpon|84/100|[from] Spikes
|turn|11
|
|t:|1781180078
|move|p1a: Ogerpon|Ivy Cudgel|p2a: Zapdos|[anim] Ivy Cudgel Water
|-damage|p2a: Zapdos|18/100
|move|p2a: Zapdos|Hurricane|p1a: Ogerpon|[miss]
|-miss|p2a: Zapdos|p1a: Ogerpon
|
|upkeep
|turn|12
|
|t:|1781180085
|switch|p2a: Slowking|Slowking, F|100/100
|move|p1a: Ogerpon|Ivy Cudgel|p2a: Slowking|[anim] Ivy Cudgel Water
|-resisted|p2a: Slowking
|-damage|p2a: Slowking|68/100
|
|upkeep
|turn|13
|
|t:|1781180094
|switch|p2a: Zapdos|Zapdos|18/100
|move|p1a: Ogerpon|Horn Leech|p2a: Zapdos
|-resisted|p2a: Zapdos
|-damage|p2a: Zapdos|1/100
|-heal|p1a: Ogerpon|95/100|[from] drain|[of] p2a: Zapdos
|
|upkeep
|turn|14
|
|t:|1781180100
|switch|p2a: Slowking|Slowking, F|100/100
|move|p1a: Ogerpon|Ivy Cudgel|p2a: Slowking|[anim] Ivy Cudgel Water
|-resisted|p2a: Slowking
|-crit|p2a: Slowking
|-damage|p2a: Slowking|48/100
|
|upkeep
|turn|15
|
|t:|1781180110
|switch|p2a: Zapdos|Zapdos|1/100
|move|p1a: Ogerpon|Trailblaze|p2a: Zapdos
|-resisted|p2a: Zapdos
|-damage|p2a: Zapdos|0 fnt
|-boost|p1a: Ogerpon|spe|1
|-status|p1a: Ogerpon|par|[from] ability: Static|[of] p2a: Zapdos
|faint|p2a: Zapdos
|
|upkeep
|
|t:|1781180116
|switch|p2a: Primarina|Primarina, F|100/100
|-damage|p2a: Primarina|88/100|[from] Stealth Rock
|-status|p2a: Primarina|psn
|turn|16
|
|t:|1781180119
|move|p1a: Ogerpon|Trailblaze|p2a: Primarina
|-supereffective|p2a: Primarina
|-damage|p2a: Primarina|9/100 psn
|-boost|p1a: Ogerpon|spe|1
|move|p2a: Primarina|Moonblast|p1a: Ogerpon
|-damage|p1a: Ogerpon|36/100 par
|-unboost|p1a: Ogerpon|spa|1
|
|-damage|p2a: Primarina|0 fnt|[from] psn
|faint|p2a: Primarina
|upkeep
|
|t:|1781180127
|switch|p2a: Slowking|Slowking, F|82/100
|turn|17
|
|t:|1781180136
|move|p1a: Ogerpon|Horn Leech|p2a: Slowking
|-supereffective|p2a: Slowking
|-damage|p2a: Slowking|0 fnt
|-heal|p1a: Ogerpon|89/100 par|[from] drain|[of] p2a: Slowking
|faint|p2a: Slowking
|
|win|anamchara
|raw|anamchara's rating: 1602 &rarr; <strong>1618</strong><br />(+16 for winning)
|raw|KurisuChestnutLab's rating: 1533 &rarr; <strong>1517</strong><br />(-16 for losing)
