|j|☆n5v
|j|☆StarDio
|t:|1781428245
|gametype|singles
|player|p1|n5v|leon-masters|1699
|player|p2|StarDio|1|1632
|gen|9
|tier|[Gen 9] OU
|rated|
|rule|HP Percentage Mod: HP is shown in percentages
|rule|Endless Battle Clause: Forcing endless battles is banned
|rule|Species Clause: Limit one of each Pokémon
|rule|OHKO Clause: OHKO moves are banned
|rule|Evasion Items Clause: Evasion items are banned
|rule|Evasion Moves Clause: Evasion moves are banned
|rule|Evasion Abilities Clause: Evasion abilities are banned
|rule|Sleep Moves Clause: Sleep-inducing moves are banned
|clearpoke
|poke|p1|Raging Bolt|
|poke|p1|Enamorus, F|
|poke|p1|Rillaboom, F|
|poke|p1|Kingambit, M|
|poke|p1|Great Tusk|
|poke|p1|Slowking-Galar, M|
|poke|p2|Hoopa-Unbound|
|poke|p2|Pecharunt|
|poke|p2|Landorus-Therian, M|
|poke|p2|Cinderace, M|
|poke|p2|Alomomola, M|
|poke|p2|Iron Valiant|
|teampreview
|inactive|Battle timer is ON: inactive players will automatically lose when time's up. (requested by StarDio)
|c|☆n5v|glhf
|
|t:|1781428258
|teamsize|p1|6
|teamsize|p2|6
|start
|switch|p1a: diddy kong|Rillaboom, F, shiny|100/100
|switch|p2a: Enten|Landorus-Therian, M, shiny|100/100
|-ability|p2a: Enten|Intimidate|boost
|-unboost|p1a: diddy kong|atk|1
|-fieldstart|move: Grassy Terrain|[from] ability: Grassy Surge|[of] p1a: diddy kong
|turn|1
|
|t:|1781428261
|switch|p1a: cheap tusk|Great Tusk, shiny|100/100
|move|p2a: Enten|U-turn|p1a: cheap tusk
|-resisted|p1a: cheap tusk
|-damage|p1a: cheap tusk|92/100
|-damage|p2a: Enten|84/100|[from] item: Rocky Helmet|[of] p1a: cheap tusk
|
|t:|1781428264
|switch|p2a: Calamity|Iron Valiant, shiny|100/100|[from] U-turn
|
|-heal|p1a: cheap tusk|99/100|[from] Grassy Terrain
|upkeep
|turn|2
|j| xP Envy
|
|t:|1781428274
|-end|p2a: Calamity|Quark Drive|[silent]
|switch|p2a: Khaos|Hoopa-Unbound|100/100
|-end|p1a: cheap tusk|Protosynthesis|[silent]
|switch|p1a: wake not walking|Slowking-Galar, M, shiny|100/100
|
|upkeep
|turn|3
|
|t:|1781428290
|switch|p1a: cheap tusk|Great Tusk, shiny|99/100
|move|p2a: Khaos|Drain Punch|p1a: cheap tusk
|-damage|p1a: cheap tusk|65/100
|-damage|p2a: Khaos|84/100|[from] item: Rocky Helmet|[of] p1a: cheap tusk
|
|-heal|p1a: cheap tusk|71/100|[from] Grassy Terrain
|-heal|p2a: Khaos|90/100|[from] Grassy Terrain
|upkeep
|turn|4
|
|t:|1781428298
|switch|p2a: Pisces|Alomomola, M, shiny|100/100
|move|p1a: cheap tusk|Headlong Rush|p2a: Pisces
|-damage|p2a: Pisces|63/100
|-unboost|p1a: cheap tusk|def|1
|-unboost|p1a: cheap tusk|spd|1
|
|-heal|p1a: cheap tusk|78/100|[from] Grassy Terrain
|-heal|p2a: Pisces|69/100|[from] Grassy Terrain
|upkeep
|turn|5
|
|t:|1781428303
|-end|p1a: cheap tusk|Protosynthesis|[silent]
|switch|p1a: diddy kong|Rillaboom, F, shiny|100/100
|move|p2a: Pisces|Flip Turn|p1a: diddy kong
|-resisted|p1a: diddy kong
|-damage|p1a: diddy kong|92/100
|
|t:|1781428306
|switch|p2a: Enten|Landorus-Therian, M, shiny|84/100|[from] Flip Turn
|-ability|p2a: Enten|Intimidate|boost
|-unboost|p1a: diddy kong|atk|1
|
|-heal|p1a: diddy kong|98/100|[from] Grassy Terrain
|-fieldend|move: Grassy Terrain
|upkeep
|turn|6
|l| xP Envy
|
|t:|1781428318
|switch|p1a: cheap tusk|Great Tusk, shiny|78/100
|move|p2a: Enten|U-turn|p1a: cheap tusk
|-resisted|p1a: cheap tusk
|-damage|p1a: cheap tusk|69/100
|-damage|p2a: Enten|67/100|[from] item: Rocky Helmet|[of] p1a: cheap tusk
|
|t:|1781428326
|switch|p2a: Calamity|Iron Valiant, shiny|100/100|[from] U-turn
|
|upkeep
|turn|7
|
|t:|1781428336
|-end|p1a: cheap tusk|Protosynthesis|[silent]
|switch|p1a: wake not walking|Slowking-Galar, M, shiny|100/100
|move|p2a: Calamity|Moonblast|p1a: wake not walking
|-resisted|p1a: wake not walking
|-damage|p1a: wake not walking|83/100
|-unboost|p1a: wake not walking|spa|1
|
|upkeep
|turn|8
|
|t:|1781428342
|-end|p2a: Calamity|Quark Drive|[silent]
|switch|p2a: Pisces|Alomomola, M, shiny|100/100
|move|p1a: wake not walking|Sludge Bomb|p2a: Pisces
|-damage|p2a: Pisces|85/100
|-status|p2a: Pisces|psn
|
|-damage|p2a: Pisces|72/100 psn|[from] psn
|upkeep
|turn|9
|
|t:|1781428347
|move|p2a: Pisces|Body Slam|p1a: wake not walking
|-damage|p1a: wake not walking|66/100
|move|p1a: wake not walking|Sludge Bomb|p2a: Pisces
|-damage|p2a: Pisces|58/100 psn
|
|-damage|p2a: Pisces|45/100 psn|[from] psn
|upkeep
|turn|10
|
|t:|1781428352
|switch|p1a: goobing bolt|Raging Bolt|100/100
|move|p2a: Pisces|Mirror Coat||[still]
|-fail|p2a: Pisces
|
|-damage|p2a: Pisces|33/100 psn|[from] psn
|upkeep
|turn|11
|
|t:|1781428360
|switch|p2a: Calamity|Iron Valiant, shiny|100/100
|move|p1a: goobing bolt|Draco Meteor|p2a: Calamity
|-immune|p2a: Calamity
|
|upkeep
|turn|12
|
|t:|1781428367
|-end|p2a: Calamity|Quark Drive|[silent]
|switch|p2a: Khaos|Hoopa-Unbound|90/100
|-end|p1a: goobing bolt|Protosynthesis|[silent]
|switch|p1a: wake not walking|Slowking-Galar, M, shiny|99/100
|
|upkeep
|turn|13
|
|t:|1781428372
|switch|p1a: cheap tusk|Great Tusk, shiny|69/100
|move|p2a: Khaos|Hyperspace Fury|p1a: cheap tusk
|-resisted|p1a: cheap tusk
|-damage|p1a: cheap tusk|41/100
|-unboost|p2a: Khaos|def|1
|
|upkeep
|turn|14
|
|t:|1781428379
|switch|p2a: Enten|Landorus-Therian, M, shiny|67/100
|-ability|p2a: Enten|Intimidate|boost
|-unboost|p1a: cheap tusk|atk|1
|move|p1a: cheap tusk|Headlong Rush|p2a: Enten
|-immune|p2a: Enten
|
|upkeep
|turn|15
|
|t:|1781428385
|move|p2a: Enten|U-turn|p1a: cheap tusk
|-resisted|p1a: cheap tusk
|-damage|p1a: cheap tusk|33/100
|-damage|p2a: Enten|51/100|[from] item: Rocky Helmet|[of] p1a: cheap tusk
|
|t:|1781428388
|switch|p2a: Liberacy|Cinderace, M, shiny|100/100|[from] U-turn
|move|p1a: cheap tusk|Stealth Rock|p2a: Liberacy
|-sidestart|p2: StarDio|move: Stealth Rock
|
|upkeep
|turn|16
|
|t:|1781428392
|-end|p1a: cheap tusk|Protosynthesis|[silent]
|switch|p1a: goobing bolt|Raging Bolt|100/100
|move|p2a: Liberacy|Pyro Ball|p1a: goobing bolt
|-resisted|p1a: goobing bolt
|-damage|p1a: goobing bolt|76/100
|
|upkeep
|turn|17
|
|t:|1781428396
|move|p2a: Liberacy|U-turn|p1a: goobing bolt
|-start|p2a: Liberacy|typechange|Bug|[from] ability: Libero
|-damage|p1a: goobing bolt|44/100
|
|t:|1781428398
|switch|p2a: Enten|Landorus-Therian, M, shiny|51/100|[from] U-turn
|-damage|p2a: Enten|38/100|[from] Stealth Rock
|-ability|p2a: Enten|Intimidate|boost
|-unboost|p1a: goobing bolt|atk|1
|move|p1a: goobing bolt|Draco Meteor|p2a: Enten|[miss]
|-miss|p1a: goobing bolt|p2a: Enten
|
|upkeep
|turn|18
|
|t:|1781428403
|-end|p1a: goobing bolt|Protosynthesis|[silent]
|switch|p1a: gay alladin|Enamorus, F|100/100
|move|p2a: Enten|U-turn|p1a: gay alladin
|-resisted|p1a: gay alladin
|-damage|p1a: gay alladin|91/100
|
|t:|1781428407
|switch|p2a: Pisces|Alomomola, M, shiny|66/100 psn|[from] U-turn
|-damage|p2a: Pisces|54/100 psn|[from] Stealth Rock
|
|-damage|p2a: Pisces|41/100 psn|[from] psn
|upkeep
|turn|19
|
|t:|1781428412
|switch|p1a: diddy kong|Rillaboom, F, shiny|98/100
|-fieldstart|move: Grassy Terrain|[from] ability: Grassy Surge|[of] p1a: diddy kong
|move|p2a: Pisces|Flip Turn|p1a: diddy kong
|-resisted|p1a: diddy kong
|-damage|p1a: diddy kong|89/100
|
|t:|1781428419
|switch|p2a: Liberacy|Cinderace, M, shiny|100/100|[from] Flip Turn
|
|-heal|p1a: diddy kong|95/100|[from] Grassy Terrain
|upkeep
|turn|20
|
|t:|1781428436
|switch|p1a: cheap tusk|Great Tusk, shiny|33/100
|move|p2a: Liberacy|Pyro Ball|p1a: cheap tusk
|-damage|p1a: cheap tusk|0 fnt
|faint|p1a: cheap tusk
|-end|p1a: cheap tusk|Protosynthesis|[silent]
|
|upkeep
|
|t:|1781428440
|switch|p1a: goobing bolt|Raging Bolt|44/100
|turn|21
|
|t:|1781428446
|move|p2a: Liberacy|U-turn|p1a: goobing bolt
|-start|p2a: Liberacy|typechange|Bug|[from] ability: Libero
|-damage|p1a: goobing bolt|14/100
|
|t:|1781428449
|switch|p2a: Calamity|Iron Valiant, shiny|100/100|[from] U-turn
|-damage|p2a: Calamity|94/100|[from] Stealth Rock
|move|p1a: goobing bolt|Thunderbolt|p2a: Calamity
|-damage|p2a: Calamity|0 fnt
|faint|p2a: Calamity
|-end|p2a: Calamity|Quark Drive|[silent]
|
|-heal|p1a: goobing bolt|20/100|[from] Grassy Terrain
|upkeep
|
|t:|1781428451
|switch|p2a: Enten|Landorus-Therian, M, shiny|38/100
|-damage|p2a: Enten|26/100|[from] Stealth Rock
|-ability|p2a: Enten|Intimidate|boost
|-unboost|p1a: goobing bolt|atk|1
|turn|22
|
|t:|1781428455
|-end|p1a: goobing bolt|Protosynthesis|[silent]
|switch|p1a: gay alladin|Enamorus, F|91/100
|move|p2a: Enten|U-turn|p1a: gay alladin
|-resisted|p1a: gay alladin
|-damage|p1a: gay alladin|80/100
|
|t:|1781428458
|switch|p2a: Pisces|Alomomola, M, shiny|74/100 psn|[from] U-turn
|-damage|p2a: Pisces|62/100 psn|[from] Stealth Rock
|
|-heal|p2a: Pisces|68/100 psn|[from] Grassy Terrain
|-damage|p2a: Pisces|56/100 psn|[from] psn
|upkeep
|turn|23
|
|t:|1781428460
|move|p1a: gay alladin|Healing Wish|p1a: gay alladin
|faint|p1a: gay alladin
|move|p2a: Pisces|Flip Turn|p1: gay alladin|[notarget]
|-fail|p2a: Pisces
|
|-heal|p2a: Pisces|62/100 psn|[from] Grassy Terrain
|-damage|p2a: Pisces|50/100 psn|[from] psn
|-fieldend|move: Grassy Terrain
|upkeep
|
|t:|1781428462
|switch|p1a: goobing bolt|Raging Bolt|20/100
|-heal|p1a: goobing bolt|100/100|[from] move: Healing Wish
|turn|24
|
|t:|1781428471
|switch|p2a: Overseer|Pecharunt|100/100
|move|p1a: goobing bolt|Draco Meteor|p2a: Overseer
|-damage|p2a: Overseer|0 fnt
|-unboost|p1a: goobing bolt|spa|2
|faint|p2a: Overseer
|
|upkeep
|
|t:|1781428474
|switch|p2a: Liberacy|Cinderace, M, shiny|100/100
|turn|25
|
|t:|1781428479
|move|p2a: Liberacy|Court Change|p2a: Liberacy
|-start|p2a: Liberacy|typechange|Normal|[from] ability: Libero
|-swapsideconditions
|-activate|p2a: Liberacy|move: Court Change
|move|p1a: goobing bolt|Draco Meteor|p2a: Liberacy
|-damage|p2a: Liberacy|13/100
|-unboost|p1a: goobing bolt|spa|2
|
|upkeep
|turn|26
|
|t:|1781428487
|switch|p2a: Enten|Landorus-Therian, M, shiny|26/100
|-ability|p2a: Enten|Intimidate|boost
|-unboost|p1a: goobing bolt|atk|1
|-end|p1a: goobing bolt|Protosynthesis|[silent]
|switch|p1a: wake not walking|Slowking-Galar, M, shiny|100/100
|-damage|p1a: wake not walking|88/100|[from] Stealth Rock
|
|upkeep
|turn|27
|
|t:|1781428491
|switch|p1a: diddy kong|Rillaboom, F, shiny|95/100
|-damage|p1a: diddy kong|83/100|[from] Stealth Rock
|-fieldstart|move: Grassy Terrain|[from] ability: Grassy Surge|[of] p1a: diddy kong
|move|p2a: Enten|U-turn|p1a: diddy kong
|-supereffective|p1a: diddy kong
|-damage|p1a: diddy kong|24/100
|
|t:|1781428496
|switch|p2a: Liberacy|Cinderace, M, shiny|13/100|[from] U-turn
|
|-heal|p2a: Liberacy|19/100|[from] Grassy Terrain
|-heal|p1a: diddy kong|30/100|[from] Grassy Terrain
|upkeep
|turn|28
|
|t:|1781428498
|move|p2a: Liberacy|Sucker Punch|p1a: diddy kong
|-start|p2a: Liberacy|typechange|Dark|[from] ability: Libero
|-crit|p1a: diddy kong
|-damage|p1a: diddy kong|0 fnt
|faint|p1a: diddy kong
|
|-heal|p2a: Liberacy|25/100|[from] Grassy Terrain
|upkeep
|
|t:|1781428501
|switch|p1a: goobing bolt|Raging Bolt|100/100
|-damage|p1a: goobing bolt|88/100|[from] Stealth Rock
|turn|29
|
|t:|1781428504
|move|p2a: Liberacy|Sucker Punch|p1a: goobing bolt
|-damage|p1a: goobing bolt|56/100
|move|p1a: goobing bolt|Draco Meteor|p2a: Liberacy
|-damage|p2a: Liberacy|0 fnt
|-unboost|p1a: goobing bolt|spa|2
|faint|p2a: Liberacy
|
|-heal|p1a: goobing bolt|62/100|[from] Grassy Terrain
|upkeep
|
|t:|1781428508
|switch|p2a: Khaos|Hoopa-Unbound|90/100
|turn|30
|
|t:|1781428512
|-end|p1a: goobing bolt|Protosynthesis|[silent]
|switch|p1a: wake not walking|Slowking-Galar, M, shiny|100/100
|-damage|p1a: wake not walking|88/100|[from] Stealth Rock
|move|p2a: Khaos|Hyperspace Fury|p1a: wake not walking
|-supereffective|p1a: wake not walking
|-damage|p1a: wake not walking|0 fnt
|-unboost|p2a: Khaos|def|1
|faint|p1a: wake not walking
|
|-heal|p2a: Khaos|96/100|[from] Grassy Terrain
|upkeep
|
|t:|1781428517
|switch|p1a: neededaghostresist|Kingambit, M, shiny|100/100
|-damage|p1a: neededaghostresist|94/100|[from] Stealth Rock
|-activate|p1a: neededaghostresist|ability: Supreme Overlord
|-start|p1a: neededaghostresist|fallen4|[silent]
|turn|31
|
|t:|1781428523
|switch|p2a: Enten|Landorus-Therian, M, shiny|26/100
|-ability|p2a: Enten|Intimidate|boost
|-unboost|p1a: neededaghostresist|atk|1
|-terastallize|p1a: neededaghostresist|Flying
|move|p1a: neededaghostresist|Swords Dance|p1a: neededaghostresist
|-boost|p1a: neededaghostresist|atk|2
|
|-heal|p1a: neededaghostresist|100/100|[from] item: Leftovers
|-fieldend|move: Grassy Terrain
|upkeep
|turn|32
|
|t:|1781428532
|move|p2a: Enten|Stone Edge|p1a: neededaghostresist
|-supereffective|p1a: neededaghostresist
|-crit|p1a: neededaghostresist
|-damage|p1a: neededaghostresist|7/100
|move|p1a: neededaghostresist|Kowtow Cleave|p2a: Enten
|-damage|p2a: Enten|0 fnt
|faint|p2a: Enten
|
|-heal|p1a: neededaghostresist|13/100|[from] item: Leftovers
|upkeep
|
|t:|1781428535
|switch|p2a: Pisces|Alomomola, M, shiny|83/100 psn
|turn|33
|
|t:|1781428541
|move|p2a: Pisces|Aqua Jet|p1a: neededaghostresist
|-damage|p1a: neededaghostresist|4/100
|move|p1a: neededaghostresist|Kowtow Cleave|p2a: Pisces
|-damage|p2a: Pisces|20/100 psn
|
|-heal|p1a: neededaghostresist|10/100|[from] item: Leftovers
|-damage|p2a: Pisces|8/100 psn|[from] psn
|upkeep
|turn|34
|
|t:|1781428549
|move|p2a: Pisces|Aqua Jet|p1a: neededaghostresist
|-damage|p1a: neededaghostresist|1/100
|move|p1a: neededaghostresist|Kowtow Cleave|p2a: Pisces
|-damage|p2a: Pisces|0 fnt
|faint|p2a: Pisces
|
|-heal|p1a: neededaghostresist|7/100|[from] item: Leftovers
|upkeep
|
|t:|1781428552
|switch|p2a: Khaos|Hoopa-Unbound|96/100
|turn|35
|
|t:|1781428555
|-terastallize|p2a: Khaos|Dark
|move|p1a: neededaghostresist|Sucker Punch|p2a: Khaos
|-resisted|p2a: Khaos
|-damage|p2a: Khaos|32/100
|move|p2a: Khaos|Knock Off|p1a: neededaghostresist
|-damage|p1a: neededaghostresist|0 fnt
|-enditem|p1a: neededaghostresist|Leftovers|[from] move: Knock Off|[of] p2a: Khaos
|faint|p1a: neededaghostresist
|-end|p1a: neededaghostresist|fallen4|[silent]
|
|upkeep
|
|t:|1781428558
|switch|p1a: goobing bolt|Raging Bolt|62/100
|-damage|p1a: goobing bolt|50/100|[from] Stealth Rock
|turn|36
|
|t:|1781428559
|move|p1a: goobing bolt|Thunderclap|p2a: Khaos
|-damage|p2a: Khaos|0 fnt
|faint|p2a: Khaos
|
|win|n5v
|raw|n5v's rating: 1699 &rarr; <strong>1715</strong><br />(+16 for winning)
|raw|StarDio's rating: 1632 &rarr; <strong>1616</strong><br />(-16 for losing)
|l|☆StarDio
|player|p2|
|l|☆n5v
|player|p1|
