|j|☆overheat xyz
|j|☆Bigkyuza18
|t:|1781324773
|gametype|singles
|player|p1|overheat xyz|2|1677
|player|p2|Bigkyuza18|265|1595
|gen|9
|tier|[Gen 9] OU
|rated|
|rule|HP Percentage Mod: HP is shown in percentages
|rule|Endless Battle Clause: Forcing endless battles is banned
|rule|Species Clause: Limit one of each Pokémon
|rule|OHKO Clause: OHKO moves are banned
|rule|Evasion Items Clause: Evasion items are banned
|rule|Evasion Moves Clause: Evasion moves are banned
|rule|Evasion Abilities Clause: Evasion abilities are banned
|rule|Sleep Moves Clause: Sleep-inducing moves are banned
|clearpoke
|poke|p1|Dragapult, M|
|poke|p1|Samurott-Hisui, F|
|poke|p1|Rillaboom, F|
|poke|p1|Slowking-Galar, M|
|poke|p1|Kingambit, F|
|poke|p1|Corviknight, F|
|poke|p2|Darkrai|
|poke|p2|Gliscor, M|
|poke|p2|Tinkaton, F|
|poke|p2|Moltres|
|poke|p2|Great Tusk|
|poke|p2|Hydrapple, M|
|teampreview
|inactive|Battle timer is ON: inactive players will automatically lose when time's up. (requested by Bigkyuza18)
|
|t:|1781324803
|teamsize|p1|6
|teamsize|p2|6
|start
|switch|p1a: Dragapult|Dragapult, M|100/100
|switch|p2a: Gliscor|Gliscor, M|100/100
|turn|1
|
|t:|1781324808
|switch|p1a: Corviknight|Corviknight, F|100/100
|-ability|p1a: Corviknight|Pressure
|move|p2a: Gliscor|Protect||[still]
|-fail|p2a: Gliscor
|
|-status|p2a: Gliscor|tox|[from] item: Toxic Orb
|upkeep
|turn|2
|
|t:|1781324813
|move|p2a: Gliscor|Knock Off|p1a: Corviknight
|-damage|p1a: Corviknight|87/100
|-damage|p2a: Gliscor|84/100 tox|[from] item: Rocky Helmet|[of] p1a: Corviknight
|-enditem|p1a: Corviknight|Rocky Helmet|[from] move: Knock Off|[of] p2a: Gliscor
|move|p1a: Corviknight|Iron Defense|p1a: Corviknight
|-boost|p1a: Corviknight|def|2
|
|-heal|p2a: Gliscor|96/100 tox|[from] ability: Poison Heal
|upkeep
|turn|3
|
|t:|1781324825
|switch|p2a: Moltres|Moltres|100/100
|move|p1a: Corviknight|Body Press|p2a: Moltres
|-resisted|p2a: Moltres
|-damage|p2a: Moltres|76/100
|-status|p1a: Corviknight|brn|[from] ability: Flame Body|[of] p2a: Moltres
|
|-damage|p1a: Corviknight|81/100 brn|[from] brn
|upkeep
|turn|4
|
|t:|1781324831
|switch|p1a: Samurott|Samurott-Hisui, F|100/100
|move|p2a: Moltres|Scorching Sands|p1a: Samurott
|-damage|p1a: Samurott|71/100
|
|upkeep
|turn|5
|
|t:|1781324840
|switch|p2a: Hydrapple|Hydrapple, M|100/100
|move|p1a: Samurott|Ceaseless Edge|p2a: Hydrapple
|-crit|p2a: Hydrapple
|-damage|p2a: Hydrapple|52/100
|-sidestart|p2: Bigkyuza18|Spikes
|
|upkeep
|turn|6
|
|t:|1781324847
|-terastallize|p1a: Samurott|Dark
|move|p1a: Samurott|Ceaseless Edge|p2a: Hydrapple
|-damage|p2a: Hydrapple|9/100
|-sidestart|p2: Bigkyuza18|Spikes
|move|p2a: Hydrapple|Fickle Beam|p1a: Samurott
|-damage|p1a: Samurott|2/100
|
|upkeep
|turn|7
|
|t:|1781324856
|move|p1a: Samurott|Ceaseless Edge|p2a: Hydrapple
|-damage|p2a: Hydrapple|0 fnt
|-sidestart|p2: Bigkyuza18|Spikes
|faint|p2a: Hydrapple
|
|upkeep
|
|t:|1781324858
|switch|p2a: Great Tusk|Great Tusk|100/100
|turn|8
|
|t:|1781324865
|switch|p1a: Dragapult|Dragapult, M|100/100
|move|p2a: Great Tusk|Knock Off|p1a: Dragapult
|-supereffective|p1a: Dragapult
|-damage|p1a: Dragapult|12/100
|-enditem|p1a: Dragapult|Choice Specs|[from] move: Knock Off|[of] p2a: Great Tusk
|
|upkeep
|turn|9
|
|t:|1781324869
|-end|p2a: Great Tusk|Protosynthesis|[silent]
|switch|p2a: Gliscor|Gliscor, M|96/100 tox
|move|p1a: Dragapult|Draco Meteor|p2a: Gliscor
|-damage|p2a: Gliscor|45/100 tox
|-unboost|p1a: Dragapult|spa|2
|
|-heal|p2a: Gliscor|57/100 tox|[from] ability: Poison Heal
|upkeep
|turn|10
|
|t:|1781324877
|switch|p1a: Samurott|Samurott-Hisui, F, tera:Dark|2/100
|move|p2a: Gliscor|Knock Off|p1a: Samurott
|-resisted|p1a: Samurott
|-damage|p1a: Samurott|0 fnt
|-enditem|p1a: Samurott|Choice Scarf|[from] move: Knock Off|[of] p2a: Gliscor
|faint|p1a: Samurott
|
|-heal|p2a: Gliscor|69/100 tox|[from] ability: Poison Heal
|upkeep
|
|t:|1781324885
|switch|p1a: Rillaboom|Rillaboom, F|100/100
|-fieldstart|move: Grassy Terrain|[from] ability: Grassy Surge|[of] p1a: Rillaboom
|turn|11
|
|t:|1781324893
|switch|p2a: Moltres|Moltres|76/100
|move|p1a: Rillaboom|Wood Hammer|p2a: Moltres
|-resisted|p2a: Moltres
|-damage|p2a: Moltres|43/100
|-damage|p1a: Rillaboom|88/100|[from] Recoil
|
|-heal|p1a: Rillaboom|94/100|[from] Grassy Terrain
|upkeep
|turn|12
|
|t:|1781324898
|switch|p1a: Slowking|Slowking-Galar, M|100/100
|move|p2a: Moltres|Roost|p2a: Moltres
|-heal|p2a: Moltres|93/100
|-singleturn|p2a: Moltres|move: Roost
|
|-heal|p2a: Moltres|99/100|[from] Grassy Terrain
|upkeep
|turn|13
|
|t:|1781324906
|switch|p2a: Tinkaton|Tinkaton, F|100/100
|-damage|p2a: Tinkaton|76/100|[from] Spikes
|-ability|p2a: Tinkaton|Mold Breaker
|move|p1a: Slowking|Future Sight|p2a: Tinkaton
|-start|p1a: Slowking|move: Future Sight
|
|-heal|p2a: Tinkaton|82/100|[from] Grassy Terrain
|-heal|p2a: Tinkaton|88/100|[from] item: Leftovers
|upkeep
|turn|14
|
|t:|1781324910
|move|p2a: Tinkaton|Stealth Rock|p1a: Slowking
|-sidestart|p1: overheat xyz|move: Stealth Rock
|move|p1a: Slowking|Fire Blast|p2a: Tinkaton
|-supereffective|p2a: Tinkaton
|-damage|p2a: Tinkaton|30/100
|
|-heal|p2a: Tinkaton|36/100|[from] Grassy Terrain
|-heal|p2a: Tinkaton|42/100|[from] item: Leftovers
|upkeep
|turn|15
|
|t:|1781324921
|move|p2a: Tinkaton|Thunder Wave|p1a: Slowking
|-status|p1a: Slowking|par
|move|p1a: Slowking|Fire Blast|p2a: Tinkaton
|-supereffective|p2a: Tinkaton
|-damage|p2a: Tinkaton|0 fnt
|faint|p2a: Tinkaton
|
|-hint|Future Sight did not hit because the target is fainted.
|-fieldend|move: Grassy Terrain
|upkeep
|
|t:|1781324924
|switch|p2a: Great Tusk|Great Tusk|100/100
|turn|16
|
|t:|1781324934
|move|p2a: Great Tusk|Headlong Rush|p1a: Slowking
|-supereffective|p1a: Slowking
|-damage|p1a: Slowking|0 fnt
|-unboost|p2a: Great Tusk|def|1
|-unboost|p2a: Great Tusk|spd|1
|faint|p1a: Slowking
|
|upkeep
|
|t:|1781324939
|switch|p1a: Rillaboom|Rillaboom, F|94/100
|-damage|p1a: Rillaboom|82/100|[from] Stealth Rock
|-fieldstart|move: Grassy Terrain|[from] ability: Grassy Surge|[of] p1a: Rillaboom
|turn|17
|
|t:|1781324946
|-end|p2a: Great Tusk|Protosynthesis|[silent]
|switch|p2a: Moltres|Moltres|99/100
|move|p1a: Rillaboom|Knock Off|p2a: Moltres
|-damage|p2a: Moltres|43/100
|-status|p1a: Rillaboom|brn|[from] ability: Flame Body|[of] p2a: Moltres
|-enditem|p2a: Moltres|Heavy-Duty Boots|[from] move: Knock Off|[of] p1a: Rillaboom
|
|-heal|p1a: Rillaboom|88/100 brn|[from] Grassy Terrain
|-damage|p1a: Rillaboom|82/100 brn|[from] brn
|upkeep
|turn|18
|
|t:|1781324950
|switch|p1a: Corviknight|Corviknight, F|81/100 brn
|-damage|p1a: Corviknight|68/100 brn|[from] Stealth Rock
|-ability|p1a: Corviknight|Pressure
|move|p2a: Moltres|Roost|p2a: Moltres
|-heal|p2a: Moltres|93/100
|-singleturn|p2a: Moltres|move: Roost
|
|-heal|p2a: Moltres|99/100|[from] Grassy Terrain
|-damage|p1a: Corviknight|62/100 brn|[from] brn
|upkeep
|turn|19
|
|t:|1781324956
|move|p2a: Moltres|Flamethrower|p1a: Corviknight
|-supereffective|p1a: Corviknight
|-damage|p1a: Corviknight|0 fnt
|faint|p1a: Corviknight
|
|upkeep
|
|t:|1781324960
|switch|p1a: Dragapult|Dragapult, M|12/100
|-damage|p1a: Dragapult|0 fnt|[from] Stealth Rock
|faint|p1a: Dragapult
|-message|overheat xyz forfeited.
|
|win|Bigkyuza18
|raw|overheat xyz's rating: 1677 &rarr; <strong>1652</strong><br />(-25 for losing)
|raw|Bigkyuza18's rating: 1595 &rarr; <strong>1620</strong><br />(+25 for winning)
|l|☆overheat xyz
|player|p1|
|l|☆Bigkyuza18
|player|p2|
