|j|☆ykykp
|j|☆Mkap
|t:|1781444512
|gametype|singles
|player|p1|ykykp|266|1529
|player|p2|Mkap|1|1505
|gen|9
|tier|[Gen 9] OU
|rated|
|rule|HP Percentage Mod: HP is shown in percentages
|rule|Endless Battle Clause: Forcing endless battles is banned
|rule|Species Clause: Limit one of each Pokémon
|rule|OHKO Clause: OHKO moves are banned
|rule|Evasion Items Clause: Evasion items are banned
|rule|Evasion Moves Clause: Evasion moves are banned
|rule|Evasion Abilities Clause: Evasion abilities are banned
|rule|Sleep Moves Clause: Sleep-inducing moves are banned
|clearpoke
|poke|p1|Lokix, M|
|poke|p1|Iron Valiant|
|poke|p1|Alomomola, L99, M|
|poke|p1|Gholdengo|
|poke|p1|Cinderace, M|
|poke|p1|Zamazenta-*|
|poke|p2|Chesnaught, M|
|poke|p2|Iron Treads|
|poke|p2|Raging Bolt|
|poke|p2|Enamorus, F|
|poke|p2|Manaphy|
|poke|p2|Zamazenta-*|
|teampreview
|inactive|Battle timer is ON: inactive players will automatically lose when time's up. (requested by ykykp)
|
|t:|1781444525
|teamsize|p1|6
|teamsize|p2|6
|start
|switch|p1a: Cinderace|Cinderace, M|100/100
|switch|p2a: Zamazenta|Zamazenta|100/100
|-ability|p2a: Zamazenta|Dauntless Shield|boost
|-boost|p2a: Zamazenta|def|1
|turn|1
|
|t:|1781444531
|move|p2a: Zamazenta|Body Press|p1a: Cinderace
|-damage|p1a: Cinderace|36/100
|move|p1a: Cinderace|U-turn|p2a: Zamazenta
|-start|p1a: Cinderace|typechange|Bug|[from] ability: Libero
|-resisted|p2a: Zamazenta
|-damage|p2a: Zamazenta|92/100
|
|t:|1781444536
|switch|p1a: MACHINE TORNADER|Gholdengo|100/100|[from] U-turn
|
|upkeep
|turn|2
|
|t:|1781444539
|move|p1a: MACHINE TORNADER|Trick|p2a: Zamazenta
|-activate|p1a: MACHINE TORNADER|move: Trick|[of] p2a: Zamazenta
|-item|p2a: Zamazenta|Choice Scarf|[from] move: Trick
|-item|p1a: MACHINE TORNADER|Light Clay|[from] move: Trick
|move|p2a: Zamazenta|Light Screen|p2a: Zamazenta
|-sidestart|p2: Mkap|move: Light Screen
|
|upkeep
|turn|3
|
|t:|1781444551
|switch|p2a: Manaphy|Manaphy|100/100
|move|p1a: MACHINE TORNADER|Nasty Plot|p1a: MACHINE TORNADER
|-boost|p1a: MACHINE TORNADER|spa|2
|
|upkeep
|turn|4
|
|t:|1781444558
|move|p2a: Manaphy|Tail Glow|p2a: Manaphy
|-boost|p2a: Manaphy|spa|3
|move|p1a: MACHINE TORNADER|Shadow Ball|p2a: Manaphy
|-damage|p2a: Manaphy|59/100
|
|-heal|p2a: Manaphy|65/100|[from] item: Leftovers
|upkeep
|turn|5
|
|t:|1781444563
|switch|p1a: Tetsuya Sawaki|Alomomola, L99, M|100/100
|move|p2a: Manaphy|Surf|p1a: Tetsuya Sawaki
|-resisted|p1a: Tetsuya Sawaki
|-damage|p1a: Tetsuya Sawaki|72/100
|
|-heal|p2a: Manaphy|71/100|[from] item: Leftovers
|upkeep
|turn|6
|
|t:|1781444564
|move|p2a: Manaphy|Tail Glow|p2a: Manaphy
|-boost|p2a: Manaphy|spa|3
|move|p1a: Tetsuya Sawaki|Mirror Coat||[still]
|-fail|p1a: Tetsuya Sawaki
|
|-heal|p2a: Manaphy|77/100|[from] item: Leftovers
|-sideend|p2: Mkap|move: Light Screen
|upkeep
|turn|7
|
|t:|1781444568
|move|p2a: Manaphy|Alluring Voice|p1a: Tetsuya Sawaki
|-damage|p1a: Tetsuya Sawaki|20/100
|move|p1a: Tetsuya Sawaki|Mirror Coat|p2a: Manaphy
|-damage|p2a: Manaphy|0 fnt
|faint|p2a: Manaphy
|
|upkeep
|
|t:|1781444574
|switch|p2a: Chesnaught|Chesnaught, M|100/100
|turn|8
|
|t:|1781444585
|switch|p1a: MACHINE TORNADER|Gholdengo|100/100
|move|p2a: Chesnaught|Knock Off|p1a: MACHINE TORNADER
|-supereffective|p1a: MACHINE TORNADER
|-crit|p1a: MACHINE TORNADER
|-damage|p1a: MACHINE TORNADER|0 fnt
|-enditem|p1a: MACHINE TORNADER|Light Clay|[from] move: Knock Off|[of] p2a: Chesnaught
|faint|p1a: MACHINE TORNADER
|
|upkeep
|
|t:|1781444593
|switch|p1a: G3-X|Iron Valiant, shiny|100/100
|turn|9
|
|t:|1781444600
|switch|p2a: Iron Treads|Iron Treads|100/100
|-enditem|p2a: Iron Treads|Booster Energy
|-activate|p2a: Iron Treads|ability: Quark Drive|[fromitem]
|-start|p2a: Iron Treads|quarkdrivespe
|move|p1a: G3-X|Moonblast|p2a: Iron Treads
|-resisted|p2a: Iron Treads
|-damage|p2a: Iron Treads|49/100
|
|upkeep
|turn|10
|
|t:|1781444606
|-end|p1a: G3-X|Quark Drive|[silent]
|switch|p1a: Shining Agito|Lokix, M, shiny|100/100
|move|p2a: Iron Treads|Steel Beam|p1a: Shining Agito
|-damage|p1a: Shining Agito|0 fnt
|-damage|p2a: Iron Treads|0 fnt|[from] steelbeam
|faint|p2a: Iron Treads
|-end|p2a: Iron Treads|Quark Drive|[silent]
|faint|p1a: Shining Agito
|
|upkeep
|
|t:|1781444616
|switch|p2a: Raging Bolt|Raging Bolt|100/100
|switch|p1a: G3-X|Iron Valiant, shiny|100/100
|turn|11
|
|t:|1781444621
|-end|p1a: G3-X|Quark Drive|[silent]
|switch|p1a: Cinderace|Cinderace, M|36/100
|move|p2a: Raging Bolt|Thunderclap||[still]
|-fail|p2a: Raging Bolt
|
|upkeep
|turn|12
|
|t:|1781444625
|move|p1a: Cinderace|U-turn|p2a: Raging Bolt
|-start|p1a: Cinderace|typechange|Bug|[from] ability: Libero
|-damage|p2a: Raging Bolt|72/100
|
|t:|1781444630
|switch|p1a: Tetsuya Sawaki|Alomomola, L99, M|53/100|[from] U-turn
|move|p2a: Raging Bolt|Calm Mind|p2a: Raging Bolt
|-boost|p2a: Raging Bolt|spa|1
|-boost|p2a: Raging Bolt|spd|1
|
|-heal|p2a: Raging Bolt|78/100|[from] item: Leftovers
|upkeep
|turn|13
|
|t:|1781444636
|move|p2a: Raging Bolt|Calm Mind|p2a: Raging Bolt
|-boost|p2a: Raging Bolt|spa|1
|-boost|p2a: Raging Bolt|spd|1
|move|p1a: Tetsuya Sawaki|Play Rough|p2a: Raging Bolt
|-supereffective|p2a: Raging Bolt
|-damage|p2a: Raging Bolt|52/100
|
|-heal|p2a: Raging Bolt|58/100|[from] item: Leftovers
|upkeep
|turn|14
|
|t:|1781444643
|move|p2a: Raging Bolt|Thunderbolt|p1a: Tetsuya Sawaki
|-supereffective|p1a: Tetsuya Sawaki
|-damage|p1a: Tetsuya Sawaki|0 fnt
|faint|p1a: Tetsuya Sawaki
|
|-heal|p2a: Raging Bolt|65/100|[from] item: Leftovers
|upkeep
|
|t:|1781444646
|switch|p1a: Zamazenta|Zamazenta|100/100
|-ability|p1a: Zamazenta|Dauntless Shield|boost
|-boost|p1a: Zamazenta|def|1
|turn|15
|
|t:|1781444649
|-terastallize|p2a: Raging Bolt|Fairy
|move|p1a: Zamazenta|Close Combat|p2a: Raging Bolt
|-resisted|p2a: Raging Bolt
|-damage|p2a: Raging Bolt|30/100
|-unboost|p1a: Zamazenta|def|1
|-unboost|p1a: Zamazenta|spd|1
|-damage|p1a: Zamazenta|91/100|[from] item: Life Orb
|move|p2a: Raging Bolt|Thunderbolt|p1a: Zamazenta
|-damage|p1a: Zamazenta|0 fnt
|faint|p1a: Zamazenta
|
|-heal|p2a: Raging Bolt|37/100|[from] item: Leftovers
|upkeep
|
|t:|1781444656
|switch|p1a: G3-X|Iron Valiant, shiny|100/100
|turn|16
|
|t:|1781444662
|move|p2a: Raging Bolt|Thunderclap|p1a: G3-X
|-damage|p1a: G3-X|0 fnt
|faint|p1a: G3-X
|-end|p1a: G3-X|Quark Drive|[silent]
|
|-heal|p2a: Raging Bolt|43/100|[from] item: Leftovers
|upkeep
|-message|ykykp forfeited.
|
|win|Mkap
|raw|ykykp's rating: 1529 &rarr; <strong>1508</strong><br />(-21 for losing)
|raw|Mkap's rating: 1505 &rarr; <strong>1526</strong><br />(+21 for winning)
|l|☆ykykp
|player|p1|
|l|☆Mkap
|player|p2|
