|j|☆pls game
|j|☆FireSide_01
|t:|1781349346
|gametype|singles
|player|p1|pls game|cynthia-masters4|1626
|player|p2|FireSide_01|janine|1568
|gen|9
|tier|[Gen 9] OU
|rated|
|rule|HP Percentage Mod: HP is shown in percentages
|rule|Endless Battle Clause: Forcing endless battles is banned
|rule|Species Clause: Limit one of each Pokémon
|rule|OHKO Clause: OHKO moves are banned
|rule|Evasion Items Clause: Evasion items are banned
|rule|Evasion Moves Clause: Evasion moves are banned
|rule|Evasion Abilities Clause: Evasion abilities are banned
|rule|Sleep Moves Clause: Sleep-inducing moves are banned
|clearpoke
|poke|p1|Slowking-Galar, M|
|poke|p1|Great Tusk|
|poke|p1|Kyurem|
|poke|p1|Kingambit, F|
|poke|p1|Cinderace, M|
|poke|p1|Zapdos|
|poke|p2|Ninetales, F|
|poke|p2|Walking Wake|
|poke|p2|Typhlosion-Hisui, F|
|poke|p2|Great Tusk|
|poke|p2|Rillaboom, F|
|poke|p2|Raging Bolt|
|teampreview
|inactive|Battle timer is ON: inactive players will automatically lose when time's up. (requested by pls game)
|c|☆pls game|glhf
|
|t:|1781349357
|teamsize|p1|6
|teamsize|p2|6
|start
|switch|p1a: Slowking|Slowking-Galar, M|100/100
|switch|p2a: Rillaboom|Rillaboom, F|100/100
|-fieldstart|move: Grassy Terrain|[from] ability: Grassy Surge|[of] p2a: Rillaboom
|turn|1
|
|t:|1781349368
|switch|p1a: Zapdos|Zapdos, shiny|100/100
|move|p2a: Rillaboom|Knock Off|p1a: Zapdos
|-damage|p1a: Zapdos|60/100
|-enditem|p1a: Zapdos|Heavy-Duty Boots|[from] move: Knock Off|[of] p2a: Rillaboom
|
|upkeep
|turn|2
|
|t:|1781349389
|switch|p2a: Raging Bolt|Raging Bolt|100/100
|move|p1a: Zapdos|Roost|p1a: Zapdos
|-heal|p1a: Zapdos|100/100
|-singleturn|p1a: Zapdos|move: Roost
|
|upkeep
|turn|3
|
|t:|1781349395
|move|p2a: Raging Bolt|Dragon Pulse|p1a: Zapdos
|-damage|p1a: Zapdos|55/100
|move|p1a: Zapdos|Volt Switch|p2a: Raging Bolt
|-resisted|p2a: Raging Bolt
|-damage|p2a: Raging Bolt|96/100
|inactive|pls game has 120 seconds left.
|
|t:|1781349416
|switch|p1a: Kyurem|Kyurem|100/100|[from] Volt Switch
|-ability|p1a: Kyurem|Pressure
|
|-heal|p2a: Raging Bolt|100/100|[from] Grassy Terrain
|upkeep
|turn|4
|
|t:|1781349438
|switch|p1a: Slowking|Slowking-Galar, M|100/100
|-terastallize|p2a: Raging Bolt|Fairy
|move|p2a: Raging Bolt|Dragon Pulse|p1a: Slowking
|-damage|p1a: Slowking|69/100
|
|-heal|p1a: Slowking|75/100|[from] Grassy Terrain
|upkeep
|turn|5
|
|t:|1781349448
|move|p2a: Raging Bolt|Volt Switch|p1a: Slowking
|-damage|p1a: Slowking|50/100
|
|t:|1781349451
|-end|p2a: Raging Bolt|Protosynthesis|[silent]
|switch|p2a: Walking Wake|Walking Wake|100/100|[from] Volt Switch
|move|p1a: Slowking|Sludge Bomb|p2a: Walking Wake
|-damage|p2a: Walking Wake|61/100
|-status|p2a: Walking Wake|psn
|
|-heal|p2a: Walking Wake|67/100 psn|[from] Grassy Terrain
|-heal|p1a: Slowking|56/100|[from] Grassy Terrain
|-damage|p2a: Walking Wake|54/100 psn|[from] psn
|-fieldend|move: Grassy Terrain
|upkeep
|turn|6
|
|t:|1781349470
|switch|p1a: Kingambit|Kingambit, F|100/100
|move|p2a: Walking Wake|Draco Meteor|p1a: Kingambit
|-resisted|p1a: Kingambit
|-damage|p1a: Kingambit|37/100
|-unboost|p2a: Walking Wake|spa|2
|
|-heal|p1a: Kingambit|43/100|[from] item: Leftovers
|-damage|p2a: Walking Wake|42/100 psn|[from] psn
|upkeep
|turn|7
|inactive|pls game has 120 seconds left.
|
|t:|1781349503
|-end|p2a: Walking Wake|Protosynthesis|[silent]
|switch|p2a: Ninetales|Ninetales, F|100/100
|-weather|SunnyDay|[from] ability: Drought|[of] p2a: Ninetales
|-end|p1a: Kingambit|fallenundefined|[silent]
|switch|p1a: Zapdos|Zapdos, shiny|55/100
|
|-weather|SunnyDay|[upkeep]
|upkeep
|turn|8
|inactive|pls game has 90 seconds left.
|
|t:|1781349542
|switch|p2a: Walking Wake|Walking Wake|42/100 psn
|-activate|p2a: Walking Wake|ability: Protosynthesis
|-start|p2a: Walking Wake|protosynthesisspa
|move|p1a: Zapdos|Roost|p1a: Zapdos
|-heal|p1a: Zapdos|100/100
|-singleturn|p1a: Zapdos|move: Roost
|
|-weather|SunnyDay|[upkeep]
|-damage|p2a: Walking Wake|30/100 psn|[from] psn
|upkeep
|turn|9
|inactive|pls game has 60 seconds left.
|
|t:|1781349573
|switch|p1a: Kingambit|Kingambit, F|43/100
|move|p2a: Walking Wake|Hydro Steam|p1a: Kingambit
|-crit|p1a: Kingambit
|-damage|p1a: Kingambit|0 fnt
|faint|p1a: Kingambit
|-end|p1a: Kingambit|fallenundefined|[silent]
|
|-weather|SunnyDay|[upkeep]
|-damage|p2a: Walking Wake|17/100 psn|[from] psn
|upkeep
|inactive|pls game has 60 seconds left.
|
|t:|1781349590
|switch|p1a: Cinderace|Cinderace, M|100/100
|turn|10
|inactive|pls game has 30 seconds left.
|inactive|pls game has 20 seconds left.
|
|t:|1781349632
|-end|p2a: Walking Wake|Protosynthesis|[silent]
|switch|p2a: Great Tusk|Great Tusk|100/100
|-activate|p2a: Great Tusk|ability: Protosynthesis
|-start|p2a: Great Tusk|protosynthesisspe
|move|p1a: Cinderace|U-turn|p2a: Great Tusk
|-resisted|p2a: Great Tusk
|-damage|p2a: Great Tusk|95/100
|inactive|pls game has 25 seconds left this turn.
|inactive|pls game has 20 seconds left.
|inactive|pls game has 15 seconds left.
|inactive|pls game has 10 seconds left.
|
|t:|1781349651
|switch|p1a: Great Tusk|Great Tusk|100/100|[from] U-turn
|-activate|p1a: Great Tusk|ability: Protosynthesis
|-start|p1a: Great Tusk|protosynthesisatk
|
|-weather|SunnyDay|[upkeep]
|upkeep
|turn|11
|inactive|pls game has 20 seconds left this turn.
|
|t:|1781349656
|move|p2a: Great Tusk|Stealth Rock|p1a: Great Tusk
|-sidestart|p1: pls game|move: Stealth Rock
|move|p1a: Great Tusk|Rapid Spin|p2a: Great Tusk
|-damage|p2a: Great Tusk|80/100
|-boost|p1a: Great Tusk|spe|1
|-sideend|p1: pls game|Stealth Rock|[from] move: Rapid Spin|[of] p1a: Great Tusk
|
|-weather|SunnyDay|[upkeep]
|upkeep
|turn|12
|inactive|pls game has 30 seconds left this turn.
|
|t:|1781349664
|-end|p2a: Great Tusk|Protosynthesis|[silent]
|switch|p2a: Rillaboom|Rillaboom, F|100/100
|-fieldstart|move: Grassy Terrain|[from] ability: Grassy Surge|[of] p2a: Rillaboom
|move|p1a: Great Tusk|Ice Spinner|p2a: Rillaboom
|-supereffective|p2a: Rillaboom
|-crit|p2a: Rillaboom
|-damage|p2a: Rillaboom|0 fnt
|-fieldend|move: Grassy Terrain
|faint|p2a: Rillaboom
|
|-weather|SunnyDay|[upkeep]
|upkeep
|
|t:|1781349679
|switch|p2a: Raging Bolt|Raging Bolt, tera:Fairy|100/100
|-activate|p2a: Raging Bolt|ability: Protosynthesis
|-start|p2a: Raging Bolt|protosynthesisspa
|turn|13
|inactive|pls game has 30 seconds left.
|inactive|pls game has 20 seconds left.
|
|t:|1781349703
|-end|p1a: Great Tusk|Protosynthesis|[silent]
|switch|p1a: Slowking|Slowking-Galar, M|89/100
|move|p2a: Raging Bolt|Weather Ball|p1a: Slowking
|-crit|p1a: Slowking
|-damage|p1a: Slowking|16/100
|
|-weather|SunnyDay|[upkeep]
|upkeep
|turn|14
|inactive|pls game has 30 seconds left this turn.
|
|t:|1781349711
|switch|p1a: Cinderace|Cinderace, M|100/100
|move|p2a: Raging Bolt|Weather Ball|p1a: Cinderace
|-resisted|p1a: Cinderace
|-damage|p1a: Cinderace|57/100
|
|-weather|none
|-end|p2a: Raging Bolt|Protosynthesis
|upkeep
|turn|15
|inactive|pls game has 30 seconds left.
|
|t:|1781349720
|move|p1a: Cinderace|U-turn|p2a: Raging Bolt
|-resisted|p2a: Raging Bolt
|-damage|p2a: Raging Bolt|91/100
|
|t:|1781349722
|switch|p1a: Slowking|Slowking-Galar, M|50/100|[from] U-turn
|move|p2a: Raging Bolt|Volt Switch|p1a: Slowking
|-damage|p1a: Slowking|25/100
|
|t:|1781349731
|-end|p2a: Raging Bolt|Protosynthesis|[silent]
|switch|p2a: Typhlosion|Typhlosion-Hisui, F|100/100|[from] Volt Switch
|
|upkeep
|turn|16
|inactive|pls game has 30 seconds left.
|inactive|pls game has 20 seconds left.
|
|t:|1781349761
|switch|p1a: Zapdos|Zapdos, shiny|100/100
|move|p2a: Typhlosion|Eruption|p1a: Zapdos
|-damage|p1a: Zapdos|23/100
|
|upkeep
|turn|17
|inactive|pls game has 30 seconds left this turn.
|
|t:|1781349769
|move|p2a: Typhlosion|Eruption|p1a: Zapdos
|-damage|p1a: Zapdos|0 fnt
|faint|p1a: Zapdos
|
|upkeep
|inactive|pls game has 30 seconds left this turn.
|inactive|pls game has 20 seconds left.
|
|t:|1781349779
|switch|p1a: Kyurem|Kyurem|100/100
|-ability|p1a: Kyurem|Pressure
|turn|18
|inactive|pls game has 30 seconds left this turn.
|
|t:|1781349783
|move|p2a: Typhlosion|Eruption|p1a: Kyurem
|-crit|p1a: Kyurem
|-damage|p1a: Kyurem|0 fnt
|faint|p1a: Kyurem
|
|upkeep
|c|☆pls game|nice
|inactive|pls game has 30 seconds left.
|c|☆pls game|gg
|c|☆FireSide_01|gg
|inactive|pls game has 20 seconds left.
|
|t:|1781349803
|switch|p1a: Slowking|Slowking-Galar, M|59/100
|turn|19
|inactive|pls game has 30 seconds left this turn.
|
|t:|1781349808
|-terastallize|p1a: Slowking|Water
|move|p2a: Typhlosion|Eruption|p1a: Slowking
|-resisted|p1a: Slowking
|-damage|p1a: Slowking|33/100
|move|p1a: Slowking|Thunder Wave|p2a: Typhlosion
|-status|p2a: Typhlosion|par
|
|upkeep
|turn|20
|inactive|pls game has 30 seconds left.
|
|t:|1781349822
|cant|p2a: Typhlosion|par
|-prepare|p1a: Slowking|Chilly Reception|[premajor]
|move|p1a: Slowking|Chilly Reception|p1a: Slowking
|-weather|Snowscape
|inactive|pls game has 30 seconds left.
|
|t:|1781349830
|switch|p1a: Great Tusk|Great Tusk|100/100|[from] Chilly Reception
|
|-weather|Snowscape|[upkeep]
|upkeep
|turn|21
|
|t:|1781349834
|switch|p2a: Raging Bolt|Raging Bolt, tera:Fairy|91/100
|move|p1a: Great Tusk|Headlong Rush|p2a: Raging Bolt
|-damage|p2a: Raging Bolt|31/100
|-unboost|p1a: Great Tusk|def|1
|-unboost|p1a: Great Tusk|spd|1
|
|-weather|Snowscape|[upkeep]
|upkeep
|turn|22
|
|t:|1781349839
|move|p1a: Great Tusk|Headlong Rush|p2a: Raging Bolt
|-damage|p2a: Raging Bolt|0 fnt
|-unboost|p1a: Great Tusk|def|1
|-unboost|p1a: Great Tusk|spd|1
|faint|p2a: Raging Bolt
|-end|p2a: Raging Bolt|Protosynthesis|[silent]
|
|-weather|Snowscape|[upkeep]
|upkeep
|
|t:|1781349843
|switch|p2a: Walking Wake|Walking Wake|17/100 psn
|turn|23
|inactive|pls game has 60 seconds left.
|
|t:|1781349869
|-end|p1a: Great Tusk|Protosynthesis|[silent]
|switch|p1a: Cinderace|Cinderace, M|57/100
|move|p2a: Walking Wake|Draco Meteor|p1a: Cinderace
|-damage|p1a: Cinderace|0 fnt
|-unboost|p2a: Walking Wake|spa|2
|faint|p1a: Cinderace
|
|-weather|Snowscape|[upkeep]
|-damage|p2a: Walking Wake|5/100 psn|[from] psn
|upkeep
|
|t:|1781349871
|switch|p1a: Slowking|Slowking-Galar, M, tera:Water|66/100
|turn|24
|
|t:|1781349882
|-end|p2a: Walking Wake|Protosynthesis|[silent]
|switch|p2a: Great Tusk|Great Tusk|80/100
|-prepare|p1a: Slowking|Chilly Reception|[premajor]
|move|p1a: Slowking|Chilly Reception|p1a: Slowking
|
|t:|1781349884
|switch|p1a: Great Tusk|Great Tusk|100/100|[from] Chilly Reception
|
|-weather|none
|upkeep
|turn|25
|
|t:|1781349896
|move|p2a: Great Tusk|Stealth Rock|p1a: Great Tusk
|-sidestart|p1: pls game|move: Stealth Rock
|move|p1a: Great Tusk|Rapid Spin|p2a: Great Tusk
|-damage|p2a: Great Tusk|68/100
|-boost|p1a: Great Tusk|spe|1
|-sideend|p1: pls game|Stealth Rock|[from] move: Rapid Spin|[of] p1a: Great Tusk
|
|upkeep
|turn|26
|
|t:|1781349898
|move|p1a: Great Tusk|Ice Spinner|p2a: Great Tusk
|-supereffective|p2a: Great Tusk
|-damage|p2a: Great Tusk|33/100
|move|p2a: Great Tusk|Rapid Spin|p1a: Great Tusk
|-damage|p1a: Great Tusk|89/100
|-boost|p2a: Great Tusk|spe|1
|
|-heal|p1a: Great Tusk|95/100|[from] item: Leftovers
|upkeep
|turn|27
|
|t:|1781349911
|move|p1a: Great Tusk|Ice Spinner|p2a: Great Tusk
|-supereffective|p2a: Great Tusk
|-damage|p2a: Great Tusk|0 fnt
|faint|p2a: Great Tusk
|-end|p2a: Great Tusk|Protosynthesis|[silent]
|
|-heal|p1a: Great Tusk|100/100|[from] item: Leftovers
|upkeep
|
|t:|1781349916
|switch|p2a: Ninetales|Ninetales, F|100/100
|-weather|SunnyDay|[from] ability: Drought|[of] p2a: Ninetales
|-activate|p1a: Great Tusk|ability: Protosynthesis
|-start|p1a: Great Tusk|protosynthesisspe
|turn|28
|c|☆FireSide_01|this is why you never give up
|
|t:|1781349935
|move|p1a: Great Tusk|Headlong Rush|p2a: Ninetales
|-supereffective|p2a: Ninetales
|-damage|p2a: Ninetales|0 fnt
|-unboost|p1a: Great Tusk|def|1
|-unboost|p1a: Great Tusk|spd|1
|faint|p2a: Ninetales
|
|-weather|SunnyDay|[upkeep]
|upkeep
|
|t:|1781349937
|switch|p2a: Walking Wake|Walking Wake|5/100 psn
|-activate|p2a: Walking Wake|ability: Protosynthesis
|-start|p2a: Walking Wake|protosynthesisspa
|turn|29
|
|t:|1781349941
|move|p1a: Great Tusk|Headlong Rush|p2a: Walking Wake
|-damage|p2a: Walking Wake|0 fnt
|-unboost|p1a: Great Tusk|def|1
|-unboost|p1a: Great Tusk|spd|1
|faint|p2a: Walking Wake
|-end|p2a: Walking Wake|Protosynthesis|[silent]
|
|-weather|SunnyDay|[upkeep]
|upkeep
|
|t:|1781349943
|switch|p2a: Typhlosion|Typhlosion-Hisui, F|100/100 par
|turn|30
|
|t:|1781349945
|move|p1a: Great Tusk|Headlong Rush|p2a: Typhlosion
|-supereffective|p2a: Typhlosion
|-damage|p2a: Typhlosion|0 fnt
|-unboost|p1a: Great Tusk|def|1
|-unboost|p1a: Great Tusk|spd|1
|faint|p2a: Typhlosion
|
|win|pls game
|raw|pls game's rating: 1626 &rarr; <strong>1643</strong><br />(+17 for winning)
|raw|FireSide_01's rating: 1568 &rarr; <strong>1551</strong><br />(-17 for losing)
|c|☆pls game|gg
|c|☆FireSide_01|gg
|c|☆pls game|wow
|l|☆pls game
|player|p1|
|l|☆FireSide_01
|player|p2|
