|badge|p2|bronze|gen9ou|100-9
|uhtml|medal-msg|<div class="broadcast-blue">Curious what those medals under the avatar are? PS now has Ladder Seasons! For more information, check out the <a href="https://www.smogon.com/forums/threads/3740067/">thread on Smogon.</a></div>
|j|☆Trainer #39
|j|☆noob1877 test
|t:|1781369347
|gametype|singles
|player|p1|Trainer #39|bugsy|1796
|player|p2|noob1877 test|1|1762
|gen|9
|tier|[Gen 9] OU
|rated|
|rule|HP Percentage Mod: HP is shown in percentages
|rule|Endless Battle Clause: Forcing endless battles is banned
|rule|Species Clause: Limit one of each Pokémon
|rule|OHKO Clause: OHKO moves are banned
|rule|Evasion Items Clause: Evasion items are banned
|rule|Evasion Moves Clause: Evasion moves are banned
|rule|Evasion Abilities Clause: Evasion abilities are banned
|rule|Sleep Moves Clause: Sleep-inducing moves are banned
|clearpoke
|poke|p1|Blissey, F|
|poke|p1|Corviknight, M|
|poke|p1|Dondozo, M|
|poke|p1|Gliscor, M|
|poke|p1|Clefable, M|
|poke|p1|Slowking-Galar, M|
|poke|p2|Araquanid, M|
|poke|p2|Hoopa-Unbound|
|poke|p2|Kingambit, M|
|poke|p2|Ceruledge, F|
|poke|p2|Gholdengo|
|poke|p2|Serperior, M|
|teampreview
|
|t:|1781369357
|teamsize|p1|6
|teamsize|p2|6
|start
|switch|p1a: Free Palestine|Gliscor, M|100/100
|switch|p2a: Araquanid|Araquanid, M|100/100
|turn|1
|
|t:|1781369360
|move|p1a: Free Palestine|Protect|p1a: Free Palestine
|-singleturn|p1a: Free Palestine|Protect
|move|p2a: Araquanid|Sticky Web|p1a: Free Palestine
|-sidestart|p1: Trainer #39|move: Sticky Web
|
|-status|p1a: Free Palestine|tox|[from] item: Toxic Orb
|upkeep
|turn|2
|
|t:|1781369362
|move|p1a: Free Palestine|Substitute|p1a: Free Palestine
|-start|p1a: Free Palestine|Substitute
|-damage|p1a: Free Palestine|76/100 tox
|move|p2a: Araquanid|Surf|p1a: Free Palestine
|-supereffective|p1a: Free Palestine
|-end|p1a: Free Palestine|Substitute
|
|-heal|p1a: Free Palestine|88/100 tox|[from] ability: Poison Heal
|upkeep
|turn|3
|
|t:|1781369364
|move|p1a: Free Palestine|Protect|p1a: Free Palestine
|-singleturn|p1a: Free Palestine|Protect
|move|p2a: Araquanid|Surf|p1a: Free Palestine
|-activate|p1a: Free Palestine|move: Protect
|
|-heal|p1a: Free Palestine|100/100 tox|[from] ability: Poison Heal
|upkeep
|turn|4
|
|t:|1781369369
|switch|p1a: brat|Blissey, F|100/100
|move|p2a: Araquanid|Surf|p1a: brat
|-damage|p1a: brat|81/100
|
|upkeep
|turn|5
|
|t:|1781369381
|switch|p2a: Ceruledge|Ceruledge, F|100/100
|-item|p2a: Ceruledge|Air Balloon
|move|p1a: brat|Stealth Rock|p2a: Ceruledge
|-sidestart|p2: noob1877 test|move: Stealth Rock
|
|upkeep
|turn|6
|
|t:|1781369391
|switch|p2a: Serperior|Serperior, M|100/100
|-damage|p2a: Serperior|88/100|[from] Stealth Rock
|switch|p1a: Free Palestine|Gliscor, M|100/100 tox
|
|upkeep
|turn|7
|
|t:|1781369398
|move|p2a: Serperior|Substitute|p2a: Serperior
|-start|p2a: Serperior|Substitute
|-damage|p2a: Serperior|63/100
|move|p1a: Free Palestine|Toxic||[still]
|-fail|p1a: Free Palestine
|
|upkeep
|turn|8
|
|t:|1781369401
|move|p1a: Free Palestine|Protect|p1a: Free Palestine
|-singleturn|p1a: Free Palestine|Protect
|move|p2a: Serperior|Leaf Storm|p1a: Free Palestine
|-activate|p1a: Free Palestine|move: Protect
|
|upkeep
|turn|9
|
|t:|1781369403
|move|p2a: Serperior|Leaf Storm|p1a: Free Palestine
|-damage|p1a: Free Palestine|20/100 tox
|-boost|p2a: Serperior|spa|2
|-damage|p2a: Serperior|53/100|[from] item: Life Orb
|move|p1a: Free Palestine|Substitute|p1a: Free Palestine
|-fail|p1a: Free Palestine|move: Substitute|[weak]
|
|-heal|p1a: Free Palestine|32/100 tox|[from] ability: Poison Heal
|upkeep
|turn|10
|
|t:|1781369408
|move|p1a: Free Palestine|Protect|p1a: Free Palestine
|-singleturn|p1a: Free Palestine|Protect
|move|p2a: Serperior|Leaf Storm|p1a: Free Palestine
|-activate|p1a: Free Palestine|move: Protect
|
|-heal|p1a: Free Palestine|45/100 tox|[from] ability: Poison Heal
|upkeep
|turn|11
|
|t:|1781369411
|switch|p1a: Save Sudan|Slowking-Galar, M|100/100
|-activate|p1a: Save Sudan|move: Sticky Web
|-unboost|p1a: Save Sudan|spe|1
|move|p2a: Serperior|Leaf Storm|p1a: Save Sudan
|-resisted|p1a: Save Sudan
|-damage|p1a: Save Sudan|58/100
|-boost|p2a: Serperior|spa|2
|-damage|p2a: Serperior|43/100|[from] item: Life Orb
|
|upkeep
|turn|12
|
|t:|1781369416
|switch|p1a: Free Lebanon|Clefable, M|100/100
|move|p2a: Serperior|Leaf Storm|p1a: Free Lebanon
|-damage|p1a: Free Lebanon|60/100
|-boost|p2a: Serperior|spa|2
|-damage|p2a: Serperior|33/100|[from] item: Life Orb
|
|upkeep
|turn|13
|
|t:|1781369422
|move|p2a: Serperior|Glare|p1a: Free Lebanon
|-status|p1a: Free Lebanon|par
|move|p1a: Free Lebanon|Wish|p1a: Free Lebanon
|
|upkeep
|turn|14
|
|t:|1781369427
|move|p2a: Serperior|Giga Drain|p1a: Free Lebanon
|-damage|p1a: Free Lebanon|34/100 par
|-heal|p2a: Serperior|51/100|[from] drain|[of] p1a: Free Lebanon
|-damage|p2a: Serperior|41/100|[from] item: Life Orb
|move|p1a: Free Lebanon|Moonblast|p2a: Serperior
|-end|p2a: Serperior|Substitute
|
|-heal|p1a: Free Lebanon|84/100 par|[from] move: Wish|[wisher] Free Lebanon
|upkeep
|turn|15
|
|t:|1781369438
|move|p2a: Serperior|Leaf Storm|p1a: Free Lebanon
|-damage|p1a: Free Lebanon|40/100 par
|-damage|p2a: Serperior|31/100|[from] item: Life Orb
|cant|p1a: Free Lebanon|par
|
|upkeep
|turn|16
|
|t:|1781369441
|move|p1a: Free Lebanon|Protect|p1a: Free Lebanon
|-singleturn|p1a: Free Lebanon|Protect
|move|p2a: Serperior|Leaf Storm|p1a: Free Lebanon
|-activate|p1a: Free Lebanon|move: Protect
|
|upkeep
|turn|17
|
|t:|1781369448
|switch|p1a: Save Sudan|Slowking-Galar, M|91/100
|-activate|p1a: Save Sudan|move: Sticky Web
|-unboost|p1a: Save Sudan|spe|1
|move|p2a: Serperior|Giga Drain|p1a: Save Sudan
|-resisted|p1a: Save Sudan
|-damage|p1a: Save Sudan|39/100
|-heal|p2a: Serperior|62/100|[from] drain|[of] p1a: Save Sudan
|-damage|p2a: Serperior|52/100|[from] item: Life Orb
|
|upkeep
|turn|18
|
|t:|1781369451
|switch|p1a: Free Lebanon|Clefable, M|40/100 par
|move|p2a: Serperior|Giga Drain|p1a: Free Lebanon
|-damage|p1a: Free Lebanon|17/100 par
|-heal|p2a: Serperior|68/100|[from] drain|[of] p1a: Free Lebanon
|-damage|p2a: Serperior|58/100|[from] item: Life Orb
|
|upkeep
|turn|19
|
|t:|1781369454
|switch|p1a: Save Sudan|Slowking-Galar, M|72/100
|-activate|p1a: Save Sudan|move: Sticky Web
|-unboost|p1a: Save Sudan|spe|1
|move|p2a: Serperior|Giga Drain|p1a: Save Sudan
|-resisted|p1a: Save Sudan
|-damage|p1a: Save Sudan|15/100
|-heal|p2a: Serperior|92/100|[from] drain|[of] p1a: Save Sudan
|-damage|p2a: Serperior|82/100|[from] item: Life Orb
|
|upkeep
|turn|20
|
|t:|1781369456
|switch|p1a: Free Lebanon|Clefable, M|17/100 par
|move|p2a: Serperior|Giga Drain|p1a: Free Lebanon
|-damage|p1a: Free Lebanon|0 fnt
|-heal|p2a: Serperior|93/100|[from] drain|[of] p1a: Free Lebanon
|faint|p1a: Free Lebanon
|-damage|p2a: Serperior|83/100|[from] item: Life Orb
|
|upkeep
|
|t:|1781369459
|switch|p1a: Save Sudan|Slowking-Galar, M|48/100
|-activate|p1a: Save Sudan|move: Sticky Web
|-unboost|p1a: Save Sudan|spe|1
|turn|21
|
|t:|1781369464
|switch|p1a: Trump is low IQ|Corviknight, M|100/100
|-ability|p1a: Trump is low IQ|Pressure
|move|p2a: Serperior|Giga Drain|p1a: Trump is low IQ
|-resisted|p1a: Trump is low IQ
|-damage|p1a: Trump is low IQ|69/100
|-heal|p2a: Serperior|100/100|[from] drain|[of] p1a: Trump is low IQ
|-damage|p2a: Serperior|91/100|[from] item: Life Orb
|
|upkeep
|turn|22
|
|t:|1781369468
|move|p2a: Serperior|Substitute|p2a: Serperior
|-start|p2a: Serperior|Substitute
|-damage|p2a: Serperior|66/100
|move|p1a: Trump is low IQ|Roost|p1a: Trump is low IQ
|-heal|p1a: Trump is low IQ|100/100
|-singleturn|p1a: Trump is low IQ|move: Roost
|
|upkeep
|turn|23
|
|t:|1781369472
|move|p2a: Serperior|Giga Drain|p1a: Trump is low IQ
|-resisted|p1a: Trump is low IQ
|-damage|p1a: Trump is low IQ|63/100
|-heal|p2a: Serperior|91/100|[from] drain|[of] p1a: Trump is low IQ
|-damage|p2a: Serperior|81/100|[from] item: Life Orb
|move|p1a: Trump is low IQ|U-turn|p2a: Serperior
|-supereffective|p2a: Serperior
|-end|p2a: Serperior|Substitute
|
|t:|1781369475
|switch|p1a: Save Sudan|Slowking-Galar, M|81/100|[from] U-turn
|-activate|p1a: Save Sudan|move: Sticky Web
|-unboost|p1a: Save Sudan|spe|1
|
|upkeep
|turn|24
|
|t:|1781369479
|move|p2a: Serperior|Leaf Storm|p1a: Save Sudan
|-resisted|p1a: Save Sudan
|-damage|p1a: Save Sudan|0 fnt
|faint|p1a: Save Sudan
|-damage|p2a: Serperior|71/100|[from] item: Life Orb
|
|upkeep
|
|t:|1781369482
|switch|p1a: Trump is low IQ|Corviknight, M|63/100
|-ability|p1a: Trump is low IQ|Pressure
|turn|25
|
|t:|1781369485
|move|p2a: Serperior|Glare|p1a: Trump is low IQ
|-status|p1a: Trump is low IQ|par
|cant|p1a: Trump is low IQ|par
|
|upkeep
|turn|26
|
|t:|1781369488
|move|p2a: Serperior|Giga Drain|p1a: Trump is low IQ
|-resisted|p1a: Trump is low IQ
|-damage|p1a: Trump is low IQ|27/100 par
|-heal|p2a: Serperior|96/100|[from] drain|[of] p1a: Trump is low IQ
|-damage|p2a: Serperior|86/100|[from] item: Life Orb
|cant|p1a: Trump is low IQ|par
|
|upkeep
|turn|27
|
|t:|1781369497
|move|p2a: Serperior|Giga Drain|p1a: Trump is low IQ
|-resisted|p1a: Trump is low IQ
|-damage|p1a: Trump is low IQ|0 fnt
|-heal|p2a: Serperior|100/100|[from] drain|[of] p1a: Trump is low IQ
|faint|p1a: Trump is low IQ
|-damage|p2a: Serperior|91/100|[from] item: Life Orb
|
|upkeep
|
|t:|1781369500
|switch|p1a: brat|Blissey, F|81/100
|turn|28
|
|t:|1781369502
|move|p2a: Serperior|Giga Drain|p1a: brat
|-damage|p1a: brat|35/100
|-heal|p2a: Serperior|100/100|[from] drain|[of] p1a: brat
|-damage|p2a: Serperior|91/100|[from] item: Life Orb
|move|p1a: brat|Soft-Boiled|p1a: brat
|-heal|p1a: brat|85/100
|
|upkeep
|turn|29
|
|t:|1781369519
|switch|p2a: Ceruledge|Ceruledge, F|100/100
|-damage|p2a: Ceruledge|76/100|[from] Stealth Rock
|-item|p2a: Ceruledge|Air Balloon
|move|p1a: brat|Soft-Boiled|p1a: brat
|-heal|p1a: brat|100/100
|
|upkeep
|turn|30
|
|t:|1781369525
|switch|p2a: Hoopa|Hoopa-Unbound|100/100
|-damage|p2a: Hoopa|88/100|[from] Stealth Rock
|switch|p1a: Free Palestine|Gliscor, M|45/100 tox
|
|-heal|p1a: Free Palestine|57/100 tox|[from] ability: Poison Heal
|upkeep
|turn|31
|
|t:|1781369529
|move|p1a: Free Palestine|Protect|p1a: Free Palestine
|-singleturn|p1a: Free Palestine|Protect
|move|p2a: Hoopa|Psychic|p1a: Free Palestine
|-activate|p1a: Free Palestine|move: Protect
|
|-heal|p1a: Free Palestine|70/100 tox|[from] ability: Poison Heal
|upkeep
|turn|32
|
|t:|1781369533
|switch|p1a: brat|Blissey, F|100/100
|move|p2a: Hoopa|Psychic|p1a: brat
|-damage|p1a: brat|76/100
|-damage|p2a: Hoopa|78/100|[from] item: Life Orb
|
|upkeep
|turn|33
|
|t:|1781369537
|switch|p1a: Free Palestine|Gliscor, M|70/100 tox
|move|p2a: Hoopa|Nasty Plot|p2a: Hoopa
|-boost|p2a: Hoopa|spa|2
|
|-heal|p1a: Free Palestine|82/100 tox|[from] ability: Poison Heal
|upkeep
|turn|34
|
|t:|1781369540
|move|p1a: Free Palestine|Protect|p1a: Free Palestine
|-singleturn|p1a: Free Palestine|Protect
|move|p2a: Hoopa|Psychic|p1a: Free Palestine
|-activate|p1a: Free Palestine|move: Protect
|
|-heal|p1a: Free Palestine|95/100 tox|[from] ability: Poison Heal
|upkeep
|turn|35
|
|t:|1781369544
|switch|p1a: 808 and curses|Dondozo, M|100/100
|-activate|p1a: 808 and curses|move: Sticky Web
|-unboost|p1a: 808 and curses|spe|1
|move|p2a: Hoopa|Psychic|p1a: 808 and curses
|-damage|p1a: 808 and curses|28/100
|-damage|p2a: Hoopa|68/100|[from] item: Life Orb
|
|-heal|p1a: 808 and curses|34/100|[from] item: Leftovers
|upkeep
|turn|36
|-message|Trainer #39 forfeited.
|
|win|noob1877 test
|raw|Trainer #39's rating: 1796 &rarr; <strong>1774</strong><br />(-22 for losing)
|raw|noob1877 test's rating: 1762 &rarr; <strong>1784</strong><br />(+22 for winning)
|l|☆Trainer #39
|player|p1|
|l|☆noob1877 test
|player|p2|
