|j|☆temporarylight
|j|☆YT-Cyber-DJ
|t:|1781470437
|gametype|singles
|player|p1|temporarylight|jogger|1810
|player|p2|YT-Cyber-DJ|gambler|1794
|gen|9
|tier|[Gen 9] OU
|rated|
|rule|HP Percentage Mod: HP is shown in percentages
|rule|Endless Battle Clause: Forcing endless battles is banned
|rule|Species Clause: Limit one of each Pokémon
|rule|OHKO Clause: OHKO moves are banned
|rule|Evasion Items Clause: Evasion items are banned
|rule|Evasion Moves Clause: Evasion moves are banned
|rule|Evasion Abilities Clause: Evasion abilities are banned
|rule|Sleep Moves Clause: Sleep-inducing moves are banned
|clearpoke
|poke|p1|Landorus-Therian, M|
|poke|p1|Slowking-Galar, F|
|poke|p1|Ogerpon-Wellspring, F|
|poke|p1|Dragonite, F|
|poke|p1|Blaziken, M|
|poke|p1|Kingambit, M|
|poke|p2|Iron Treads|
|poke|p2|Dragonite, F|
|poke|p2|Iron Valiant|
|poke|p2|Samurott-Hisui, F|
|poke|p2|Gholdengo|
|poke|p2|Volcanion|
|teampreview
|inactive|Battle timer is ON: inactive players will automatically lose when time's up. (requested by YT-Cyber-DJ)
|c|☆YT-Cyber-DJ|hf
|inactive|temporarylight has 120 seconds left.
|inactive|YT-Cyber-DJ has 120 seconds left.
|inactive|YT-Cyber-DJ has 90 seconds left.
|
|t:|1781470498
|teamsize|p1|6
|teamsize|p2|6
|start
|switch|p1a: Landorus|Landorus-Therian, M|100/100
|switch|p2a: Steamboat Willie|Volcanion|100/100
|-ability|p1a: Landorus|Intimidate|boost
|-unboost|p2a: Steamboat Willie|atk|1
|turn|1
|
|t:|1781470522
|move|p1a: Landorus|U-turn|p2a: Steamboat Willie
|-resisted|p2a: Steamboat Willie
|-damage|p2a: Steamboat Willie|87/100
|
|t:|1781470525
|switch|p1a: Slowking|Slowking-Galar, F|100/100|[from] U-turn
|move|p2a: Steamboat Willie|Steam Eruption|p1a: Slowking|[miss]
|-miss|p2a: Steamboat Willie|p1a: Slowking
|
|-heal|p2a: Steamboat Willie|93/100|[from] item: Leftovers
|upkeep
|turn|2
|
|t:|1781470534
|move|p2a: Steamboat Willie|Taunt|p1a: Slowking
|-start|p1a: Slowking|move: Taunt
|-prepare|p1a: Slowking|Chilly Reception|[premajor]
|cant|p1a: Slowking|move: Taunt|Chilly Reception
|
|-heal|p2a: Steamboat Willie|99/100|[from] item: Leftovers
|upkeep
|turn|3
|
|t:|1781470541
|switch|p1a: Ogerpon|Ogerpon-Wellspring, F|100/100
|move|p2a: Steamboat Willie|Sludge Bomb|p1a: Ogerpon
|-supereffective|p1a: Ogerpon
|-damage|p1a: Ogerpon|13/100
|
|-heal|p2a: Steamboat Willie|100/100|[from] item: Leftovers
|upkeep
|turn|4
|
|t:|1781470553
|move|p1a: Ogerpon|Power Whip|p2a: Steamboat Willie
|-damage|p2a: Steamboat Willie|28/100
|move|p2a: Steamboat Willie|Sludge Bomb|p1a: Ogerpon
|-supereffective|p1a: Ogerpon
|-damage|p1a: Ogerpon|0 fnt
|faint|p1a: Ogerpon
|
|-heal|p2a: Steamboat Willie|34/100|[from] item: Leftovers
|upkeep
|
|t:|1781470564
|switch|p1a: Landorus|Landorus-Therian, M|100/100
|-ability|p1a: Landorus|Intimidate|boost
|-unboost|p2a: Steamboat Willie|atk|1
|turn|5
|
|t:|1781470569
|switch|p2a: What a Drag|Dragonite, F|100/100
|move|p1a: Landorus|Stealth Rock|p2a: What a Drag
|-sidestart|p2: YT-Cyber-DJ|move: Stealth Rock
|
|upkeep
|turn|6
|
|t:|1781470576
|switch|p2a: Address Me|Iron Treads|100/100
|-damage|p2a: Address Me|97/100|[from] Stealth Rock
|-enditem|p2a: Address Me|Booster Energy
|-activate|p2a: Address Me|ability: Quark Drive|[fromitem]
|-start|p2a: Address Me|quarkdrivespe
|move|p1a: Landorus|Smack Down|p2a: Address Me
|-resisted|p2a: Address Me
|-damage|p2a: Address Me|93/100
|
|upkeep
|turn|7
|
|t:|1781470590
|move|p2a: Address Me|Stealth Rock|p1a: Landorus
|-sidestart|p1: temporarylight|move: Stealth Rock
|move|p1a: Landorus|Earthquake|p2a: Address Me
|-supereffective|p2a: Address Me
|-damage|p2a: Address Me|0 fnt
|faint|p2a: Address Me
|-end|p2a: Address Me|Quark Drive|[silent]
|
|upkeep
|
|t:|1781470606
|switch|p2a: V-800|Iron Valiant, shiny|100/100
|-damage|p2a: V-800|94/100|[from] Stealth Rock
|-enditem|p2a: V-800|Booster Energy
|-activate|p2a: V-800|ability: Quark Drive|[fromitem]
|-start|p2a: V-800|quarkdrivespe
|turn|8
|
|t:|1781470622
|move|p2a: V-800|Knock Off|p1a: Landorus
|-damage|p1a: Landorus|69/100
|-damage|p2a: V-800|78/100|[from] item: Rocky Helmet|[of] p1a: Landorus
|-enditem|p1a: Landorus|Rocky Helmet|[from] move: Knock Off|[of] p2a: V-800
|move|p1a: Landorus|U-turn|p2a: V-800
|-resisted|p2a: V-800
|-damage|p2a: V-800|69/100
|
|t:|1781470624
|switch|p1a: Slowking|Slowking-Galar, F|100/100|[from] U-turn
|-damage|p1a: Slowking|88/100|[from] Stealth Rock
|
|upkeep
|turn|9
|
|t:|1781470633
|-end|p2a: V-800|Quark Drive|[silent]
|switch|p2a: Edge of My Seat|Samurott-Hisui, F|100/100
|-damage|p2a: Edge of My Seat|88/100|[from] Stealth Rock
|move|p1a: Slowking|Sludge Bomb|p2a: Edge of My Seat
|-damage|p2a: Edge of My Seat|64/100
|
|upkeep
|turn|10
|
|t:|1781470642
|move|p2a: Edge of My Seat|Razor Shell|p1a: Slowking|[miss]
|-miss|p2a: Edge of My Seat|p1a: Slowking
|-prepare|p1a: Slowking|Chilly Reception|[premajor]
|move|p1a: Slowking|Chilly Reception|p1a: Slowking
|-weather|Snowscape
|
|t:|1781470646
|switch|p1a: Landorus|Landorus-Therian, M|69/100|[from] Chilly Reception
|-damage|p1a: Landorus|57/100|[from] Stealth Rock
|-ability|p1a: Landorus|Intimidate|boost
|-unboost|p2a: Edge of My Seat|atk|1
|
|-weather|Snowscape|[upkeep]
|upkeep
|turn|11
|
|t:|1781470655
|switch|p2a: V-800|Iron Valiant, shiny|69/100
|-damage|p2a: V-800|62/100|[from] Stealth Rock
|move|p1a: Landorus|Earthquake|p2a: V-800
|-damage|p2a: V-800|0 fnt
|faint|p2a: V-800
|-end|p2a: V-800|Quark Drive|[silent]
|
|-weather|Snowscape|[upkeep]
|upkeep
|
|t:|1781470663
|switch|p2a: Worth Every Penny|Gholdengo|100/100
|-damage|p2a: Worth Every Penny|94/100|[from] Stealth Rock
|turn|12
|
|t:|1781470668
|switch|p1a: Slowking|Slowking-Galar, F|100/100
|-damage|p1a: Slowking|88/100|[from] Stealth Rock
|move|p2a: Worth Every Penny|Trick|p1a: Slowking
|-activate|p2a: Worth Every Penny|move: Trick|[of] p1a: Slowking
|-item|p1a: Slowking|Choice Scarf|[from] move: Trick
|-item|p2a: Worth Every Penny|Colbur Berry|[from] move: Trick
|
|-weather|Snowscape|[upkeep]
|upkeep
|turn|13
|
|t:|1781470674
|move|p2a: Worth Every Penny|Shadow Ball|p1a: Slowking
|-supereffective|p1a: Slowking
|-damage|p1a: Slowking|34/100
|-prepare|p1a: Slowking|Chilly Reception|[premajor]
|move|p1a: Slowking|Chilly Reception|p1a: Slowking
|
|t:|1781470676
|switch|p1a: Landorus|Landorus-Therian, M|57/100|[from] Chilly Reception
|-damage|p1a: Landorus|44/100|[from] Stealth Rock
|-ability|p1a: Landorus|Intimidate|boost
|-unboost|p2a: Worth Every Penny|atk|1
|
|-weather|Snowscape|[upkeep]
|upkeep
|turn|14
|
|t:|1781470690
|switch|p2a: Steamboat Willie|Volcanion|34/100
|-damage|p2a: Steamboat Willie|9/100|[from] Stealth Rock
|move|p1a: Landorus|Earthquake|p2a: Steamboat Willie
|-supereffective|p2a: Steamboat Willie
|-damage|p2a: Steamboat Willie|0 fnt
|faint|p2a: Steamboat Willie
|
|-weather|none
|upkeep
|
|t:|1781470699
|switch|p2a: Edge of My Seat|Samurott-Hisui, F|64/100
|-damage|p2a: Edge of My Seat|52/100|[from] Stealth Rock
|turn|15
|
|t:|1781470706
|move|p2a: Edge of My Seat|Sucker Punch|p1a: Landorus
|-damage|p1a: Landorus|11/100
|move|p1a: Landorus|Earthquake|p2a: Edge of My Seat
|-damage|p2a: Edge of My Seat|0 fnt
|faint|p2a: Edge of My Seat
|
|upkeep
|
|t:|1781470711
|switch|p2a: What a Drag|Dragonite, F|100/100
|-damage|p2a: What a Drag|76/100|[from] Stealth Rock
|turn|16
|
|t:|1781470717
|move|p2a: What a Drag|Extreme Speed|p1a: Landorus
|-damage|p1a: Landorus|0 fnt
|faint|p1a: Landorus
|-damage|p2a: What a Drag|66/100|[from] item: Life Orb
|
|upkeep
|
|t:|1781470728
|switch|p1a: Dragonite|Dragonite, F, shiny|100/100
|turn|17
|
|t:|1781470757
|move|p2a: What a Drag|Outrage|p1a: Dragonite
|-supereffective|p1a: Dragonite
|-damage|p1a: Dragonite|0 fnt
|faint|p1a: Dragonite
|-damage|p2a: What a Drag|56/100|[from] item: Life Orb
|
|upkeep
|
|t:|1781470761
|switch|p1a: Kingambit|Kingambit, M|100/100
|-damage|p1a: Kingambit|94/100|[from] Stealth Rock
|-activate|p1a: Kingambit|ability: Supreme Overlord
|-start|p1a: Kingambit|fallen3|[silent]
|turn|18
|inactive|temporarylight has 120 seconds left.
|
|t:|1781470784
|move|p1a: Kingambit|Sucker Punch|p2a: What a Drag
|-crit|p2a: What a Drag
|-damage|p2a: What a Drag|0 fnt
|faint|p2a: What a Drag
|
|upkeep
|inactive|YT-Cyber-DJ has 120 seconds left.
|
|t:|1781470803
|switch|p2a: Worth Every Penny|Gholdengo|94/100
|-damage|p2a: Worth Every Penny|88/100|[from] Stealth Rock
|turn|19
|
|t:|1781470808
|move|p2a: Worth Every Penny|Thunder Wave|p1a: Kingambit
|-status|p1a: Kingambit|par
|move|p1a: Kingambit|Kowtow Cleave|p2a: Worth Every Penny
|-supereffective|p2a: Worth Every Penny
|-enditem|p2a: Worth Every Penny|Colbur Berry|[eat]
|-enditem|p2a: Worth Every Penny|Colbur Berry|[weaken]
|-damage|p2a: Worth Every Penny|3/100
|
|upkeep
|turn|20
|c|☆YT-Cyber-DJ|gg
|
|t:|1781470818
|move|p2a: Worth Every Penny|Shadow Ball|p1a: Kingambit
|-resisted|p1a: Kingambit
|-damage|p1a: Kingambit|70/100 par
|move|p1a: Kingambit|Kowtow Cleave|p2a: Worth Every Penny
|-supereffective|p2a: Worth Every Penny
|-damage|p2a: Worth Every Penny|0 fnt
|faint|p2a: Worth Every Penny
|
|win|temporarylight
|raw|temporarylight's rating: 1810 &rarr; <strong>1829</strong><br />(+19 for winning)
|raw|YT-Cyber-DJ's rating: 1794 &rarr; <strong>1775</strong><br />(-19 for losing)
|c|☆temporarylight|gg
|l|☆temporarylight
|player|p1|
|j|☆temporarylight
|player|p1|temporarylight|jogger|
|l|☆YT-Cyber-DJ
|player|p2|
|l|☆temporarylight
|player|p1|
