|j|☆Zovafire
|j|☆kemious
|t:|1781356770
|gametype|singles
|player|p1|Zovafire|mina-masters|1557
|player|p2|kemious|1|1522
|gen|9
|tier|[Gen 9] OU
|rated|
|rule|HP Percentage Mod: HP is shown in percentages
|rule|Endless Battle Clause: Forcing endless battles is banned
|rule|Species Clause: Limit one of each Pokémon
|rule|OHKO Clause: OHKO moves are banned
|rule|Evasion Items Clause: Evasion items are banned
|rule|Evasion Moves Clause: Evasion moves are banned
|rule|Evasion Abilities Clause: Evasion abilities are banned
|rule|Sleep Moves Clause: Sleep-inducing moves are banned
|clearpoke
|poke|p1|Tornadus-Therian, M|
|poke|p1|Great Tusk|
|poke|p1|Kingambit, F|
|poke|p1|Pecharunt|
|poke|p1|Latios, M|
|poke|p1|Iron Valiant|
|poke|p2|Chesnaught, M|
|poke|p2|Gastrodon, F|
|poke|p2|Kilowattrel, F|
|poke|p2|Glimmora, F|
|poke|p2|Ceruledge, M|
|poke|p2|Goodra-Hisui, F|
|teampreview
|inactive|Battle timer is ON: inactive players will automatically lose when time's up. (requested by Zovafire)
|
|t:|1781356786
|teamsize|p1|6
|teamsize|p2|6
|start
|switch|p1a: Latios|Latios, M|100/100
|switch|p2a: Kilowattrel|Kilowattrel, F, shiny|100/100
|turn|1
|
|t:|1781356791
|move|p1a: Latios|Draco Meteor|p2a: Kilowattrel
|-damage|p2a: Kilowattrel|0 fnt
|-unboost|p1a: Latios|spa|2
|faint|p2a: Kilowattrel
|
|upkeep
|
|t:|1781356796
|switch|p2a: Goodra|Goodra-Hisui, F|100/100
|turn|2
|
|t:|1781356799
|switch|p1a: Kingambit|Kingambit, F|100/100
|move|p2a: Goodra|Knock Off|p1a: Kingambit
|-resisted|p1a: Kingambit
|-damage|p1a: Kingambit|92/100
|-enditem|p1a: Kingambit|Leftovers|[from] move: Knock Off|[of] p2a: Goodra
|
|upkeep
|turn|3
|
|t:|1781356808
|switch|p2a: Chesnaught|Chesnaught, M|100/100
|-end|p1a: Kingambit|fallenundefined|[silent]
|switch|p1a: Tornadus|Tornadus-Therian, M|100/100
|
|upkeep
|turn|4
|
|t:|1781356814
|switch|p2a: Goodra|Goodra-Hisui, F|100/100
|move|p1a: Tornadus|Knock Off|p2a: Goodra
|-damage|p2a: Goodra|76/100
|-enditem|p2a: Goodra|Assault Vest|[from] move: Knock Off|[of] p1a: Tornadus
|
|upkeep
|turn|5
|
|t:|1781356819
|move|p1a: Tornadus|Focus Blast|p2a: Goodra
|-supereffective|p2a: Goodra
|-damage|p2a: Goodra|42/100
|move|p2a: Goodra|Knock Off|p1a: Tornadus
|-damage|p1a: Tornadus|74/100
|-enditem|p1a: Tornadus|Assault Vest|[from] move: Knock Off|[of] p2a: Goodra
|
|upkeep
|turn|6
|
|t:|1781356825
|move|p1a: Tornadus|U-turn|p2a: Goodra
|-resisted|p2a: Goodra
|-damage|p2a: Goodra|34/100
|
|t:|1781356827
|switch|p1a: Great Tusk|Great Tusk|100/100|[from] U-turn
|move|p2a: Goodra|Ice Beam|p1a: Great Tusk
|-supereffective|p1a: Great Tusk
|-damage|p1a: Great Tusk|22/100
|
|upkeep
|turn|7
|
|t:|1781356836
|switch|p2a: Chesnaught|Chesnaught, M|100/100
|move|p1a: Great Tusk|Stealth Rock|p2a: Chesnaught
|-sidestart|p2: kemious|move: Stealth Rock
|
|upkeep
|turn|8
|
|t:|1781356841
|-end|p1a: Great Tusk|Protosynthesis|[silent]
|switch|p1a: Tornadus|Tornadus-Therian, M|100/100
|move|p2a: Chesnaught|Knock Off|p1a: Tornadus
|-damage|p1a: Tornadus|84/100
|
|upkeep
|turn|9
|
|t:|1781356852
|switch|p2a: Glimmora|Glimmora, F|100/100
|-damage|p2a: Glimmora|88/100|[from] Stealth Rock
|move|p1a: Tornadus|Bleakwind Storm|p2a: Glimmora|[miss]
|-miss|p1a: Tornadus|p2a: Glimmora
|
|upkeep
|turn|10
|
|t:|1781356861
|switch|p1a: Kingambit|Kingambit, F|92/100
|move|p2a: Glimmora|Stealth Rock|p1a: Kingambit
|-sidestart|p1: Zovafire|move: Stealth Rock
|
|upkeep
|turn|11
|
|t:|1781356865
|switch|p2a: Chesnaught|Chesnaught, M|100/100
|-damage|p2a: Chesnaught|94/100|[from] Stealth Rock
|move|p1a: Kingambit|Iron Head|p2a: Chesnaught
|-damage|p2a: Chesnaught|64/100
|
|-heal|p2a: Chesnaught|70/100|[from] item: Leftovers
|upkeep
|turn|12
|
|t:|1781356871
|-end|p1a: Kingambit|fallenundefined|[silent]
|switch|p1a: Great Tusk|Great Tusk|22/100
|move|p2a: Chesnaught|Leech Seed|p1a: Great Tusk
|-start|p1a: Great Tusk|move: Leech Seed
|
|-heal|p2a: Chesnaught|76/100|[from] item: Leftovers
|-damage|p1a: Great Tusk|10/100|[from] Leech Seed|[of] p2a: Chesnaught
|-heal|p2a: Chesnaught|89/100|[silent]
|upkeep
|turn|13
|
|t:|1781356879
|switch|p2a: Ceruledge|Ceruledge, M|100/100
|move|p1a: Great Tusk|Headlong Rush|p2a: Ceruledge
|-supereffective|p2a: Ceruledge
|-damage|p2a: Ceruledge|0 fnt
|-unboost|p1a: Great Tusk|def|1
|-unboost|p1a: Great Tusk|spd|1
|faint|p2a: Ceruledge
|
|upkeep
|-message|kemious forfeited.
|
|win|Zovafire
|raw|Zovafire's rating: 1557 &rarr; <strong>1575</strong><br />(+18 for winning)
|raw|kemious's rating: 1522 &rarr; <strong>1504</strong><br />(-18 for losing)
|l|☆kemious
|player|p2|
|l|☆Zovafire
|player|p1|
