|j|☆lolcano46
|j|☆DarkG99
|t:|1781044989
|gametype|singles
|player|p1|lolcano46|fisherman-gen4|1614
|player|p2|DarkG99|karen|1630
|gen|9
|tier|[Gen 9] OU
|rated|
|rule|HP Percentage Mod: HP is shown in percentages
|rule|Endless Battle Clause: Forcing endless battles is banned
|rule|Species Clause: Limit one of each Pokémon
|rule|OHKO Clause: OHKO moves are banned
|rule|Evasion Items Clause: Evasion items are banned
|rule|Evasion Moves Clause: Evasion moves are banned
|rule|Evasion Abilities Clause: Evasion abilities are banned
|rule|Sleep Moves Clause: Sleep-inducing moves are banned
|clearpoke
|poke|p1|Azelf|
|poke|p1|Ogerpon-Wellspring, F|
|poke|p1|Scizor, F|
|poke|p1|Gengar, M|
|poke|p1|Raging Bolt|
|poke|p1|Cinderace, F|
|poke|p2|Kommo-o, M|
|poke|p2|Sinistcha-Masterpiece|
|poke|p2|Ninetales-Alola, F|
|poke|p2|Heatran, M|
|poke|p2|Maushold-Four|
|poke|p2|Ogerpon-Wellspring, F|
|teampreview
|inactive|Battle timer is ON: inactive players will automatically lose when time's up. (requested by lolcano46)
|
|t:|1781045015
|teamsize|p1|6
|teamsize|p2|6
|start
|switch|p1a: Gengar|Gengar, M|100/100
|switch|p2a: Maushold|Maushold-Four|100/100
|turn|1
|j| SilverDE
|l| SilverDE
|
|t:|1781045037
|switch|p2a: Heatran|Heatran, M|100/100
|move|p1a: Gengar|Thunder Wave|p2a: Heatran
|-status|p2a: Heatran|par
|
|upkeep
|turn|2
|
|t:|1781045040
|switch|p1a: Raging Bolt|Raging Bolt|100/100
|-enditem|p1a: Raging Bolt|Booster Energy
|-activate|p1a: Raging Bolt|ability: Protosynthesis|[fromitem]
|-start|p1a: Raging Bolt|protosynthesisspa
|cant|p2a: Heatran|par
|
|upkeep
|turn|3
|
|t:|1781045045
|move|p1a: Raging Bolt|Calm Mind|p1a: Raging Bolt
|-boost|p1a: Raging Bolt|spa|1
|-boost|p1a: Raging Bolt|spd|1
|move|p2a: Heatran|Stealth Rock|p1a: Raging Bolt
|-sidestart|p1: lolcano46|move: Stealth Rock
|
|upkeep
|turn|4
|
|t:|1781045048
|move|p1a: Raging Bolt|Thunderbolt|p2a: Heatran
|-damage|p2a: Heatran|37/100 par
|cant|p2a: Heatran|par
|
|-heal|p2a: Heatran|44/100 par|[from] item: Leftovers
|upkeep
|turn|5
|
|t:|1781045053
|move|p1a: Raging Bolt|Thunderbolt|p2a: Heatran
|-damage|p2a: Heatran|0 fnt
|faint|p2a: Heatran
|
|upkeep
|
|t:|1781045056
|switch|p2a: Ninetales|Ninetales-Alola, F|100/100
|-weather|Snowscape|[from] ability: Snow Warning|[of] p2a: Ninetales
|turn|6
|
|t:|1781045076
|move|p2a: Ninetales|Aurora Veil|p2a: Ninetales
|-sidestart|p2: DarkG99|move: Aurora Veil
|move|p1a: Raging Bolt|Thunderbolt|p2a: Ninetales
|-damage|p2a: Ninetales|36/100
|
|-weather|Snowscape|[upkeep]
|upkeep
|turn|7
|
|t:|1781045081
|move|p2a: Ninetales|Blizzard|p1a: Raging Bolt
|-supereffective|p1a: Raging Bolt
|-damage|p1a: Raging Bolt|48/100
|move|p1a: Raging Bolt|Thunderbolt|p2a: Ninetales
|-damage|p2a: Ninetales|0 fnt
|faint|p2a: Ninetales
|
|-weather|Snowscape|[upkeep]
|upkeep
|
|t:|1781045089
|switch|p2a: Maushold|Maushold-Four|100/100
|turn|8
|
|t:|1781045093
|move|p2a: Maushold|Switcheroo|p1a: Raging Bolt
|-activate|p2a: Maushold|move: Trick|[of] p1a: Raging Bolt
|-item|p1a: Raging Bolt|Choice Scarf|[from] move: Switcheroo
|-enditem|p2a: Maushold|Choice Scarf|[silent]|[from] move: Switcheroo
|move|p1a: Raging Bolt|Thunderbolt|p2a: Maushold
|-damage|p2a: Maushold|17/100
|
|-weather|Snowscape|[upkeep]
|upkeep
|turn|9
|
|t:|1781045099
|move|p1a: Raging Bolt|Thunderbolt|p2a: Maushold
|-damage|p2a: Maushold|0 fnt
|faint|p2a: Maushold
|
|-weather|Snowscape|[upkeep]
|upkeep
|
|t:|1781045102
|switch|p2a: Kommo-o|Kommo-o, M|100/100
|turn|10
|
|t:|1781045105
|-end|p1a: Raging Bolt|Protosynthesis|[silent]
|switch|p1a: Gengar|Gengar, M|100/100
|-damage|p1a: Gengar|88/100|[from] Stealth Rock
|move|p2a: Kommo-o|Clangorous Soul|p2a: Kommo-o
|-boost|p2a: Kommo-o|atk|1
|-boost|p2a: Kommo-o|def|1
|-boost|p2a: Kommo-o|spa|1
|-boost|p2a: Kommo-o|spd|1
|-boost|p2a: Kommo-o|spe|1
|-damage|p2a: Kommo-o|68/100
|
|-weather|none
|upkeep
|turn|11
|
|t:|1781045113
|move|p1a: Gengar|Trick|p2a: Kommo-o
|-activate|p1a: Gengar|move: Trick|[of] p2a: Kommo-o
|-item|p2a: Kommo-o|Choice Scarf|[from] move: Trick
|-item|p1a: Gengar|Sitrus Berry|[from] move: Trick
|move|p2a: Kommo-o|Flamethrower|p1a: Gengar
|-damage|p1a: Gengar|29/100
|-enditem|p1a: Gengar|Sitrus Berry|[eat]
|-heal|p1a: Gengar|54/100|[from] item: Sitrus Berry
|
|upkeep
|turn|12
|
|t:|1781045121
|move|p2a: Kommo-o|Flamethrower|p1a: Gengar
|-crit|p1a: Gengar
|-damage|p1a: Gengar|0 fnt
|faint|p1a: Gengar
|
|upkeep
|j| nepturee
|
|t:|1781045130
|switch|p1a: Cinderace|Cinderace, F|100/100
|turn|13
|
|t:|1781045133
|move|p2a: Kommo-o|Flamethrower|p1a: Cinderace
|-resisted|p1a: Cinderace
|-damage|p1a: Cinderace|71/100
|move|p1a: Cinderace|Court Change|p1a: Cinderace
|-start|p1a: Cinderace|typechange|Normal|[from] ability: Libero
|-swapsideconditions
|-activate|p1a: Cinderace|move: Court Change
|
|-sideend|p1: lolcano46|move: Aurora Veil
|upkeep
|turn|14
|
|t:|1781045139
|switch|p1a: Raging Bolt|Raging Bolt|48/100
|move|p2a: Kommo-o|Flamethrower|p1a: Raging Bolt
|-resisted|p1a: Raging Bolt
|-damage|p1a: Raging Bolt|30/100
|
|upkeep
|turn|15
|
|t:|1781045146
|-terastallize|p2a: Kommo-o|Normal
|move|p2a: Kommo-o|Flamethrower|p1a: Raging Bolt
|-resisted|p1a: Raging Bolt
|-damage|p1a: Raging Bolt|10/100
|move|p1a: Raging Bolt|Dragon Pulse|p2a: Kommo-o
|-damage|p2a: Kommo-o|24/100
|
|upkeep
|turn|16
|
|t:|1781045153
|-end|p1a: Raging Bolt|Protosynthesis|[silent]
|switch|p1a: Cinderace|Cinderace, F|71/100
|move|p2a: Kommo-o|Flamethrower|p1a: Cinderace
|-resisted|p1a: Cinderace
|-damage|p1a: Cinderace|44/100
|
|upkeep
|turn|17
|
|t:|1781045157
|move|p1a: Cinderace|Sucker Punch|p2a: Kommo-o
|-start|p1a: Cinderace|typechange|Dark|[from] ability: Libero
|-damage|p2a: Kommo-o|2/100
|move|p2a: Kommo-o|Flamethrower|p1a: Cinderace
|-damage|p1a: Cinderace|0 fnt
|faint|p1a: Cinderace
|
|upkeep
|
|t:|1781045160
|switch|p1a: Scizor|Scizor, F|100/100
|turn|18
|
|t:|1781045162
|move|p1a: Scizor|Bullet Punch|p2a: Kommo-o
|-damage|p2a: Kommo-o|0 fnt
|faint|p2a: Kommo-o
|
|upkeep
|
|t:|1781045164
|switch|p2a: Sinistcha|Sinistcha-Masterpiece|100/100
|-damage|p2a: Sinistcha|88/100|[from] Stealth Rock
|turn|19
|inactive|lolcano46 has 120 seconds left.
|
|t:|1781045200
|move|p1a: Scizor|Swords Dance|p1a: Scizor
|-boost|p1a: Scizor|atk|2
|move|p2a: Sinistcha|Hex|p1a: Scizor
|-damage|p1a: Scizor|67/100
|
|upkeep
|turn|20
|
|t:|1781045209
|move|p1a: Scizor|Knock Off|p2a: Sinistcha
|-supereffective|p2a: Sinistcha
|-damage|p2a: Sinistcha|0 fnt
|-damage|p1a: Scizor|50/100|[from] item: Rocky Helmet|[of] p2a: Sinistcha
|-enditem|p2a: Sinistcha|Rocky Helmet|[from] move: Knock Off|[of] p1a: Scizor
|faint|p2a: Sinistcha
|
|upkeep
|
|t:|1781045211
|switch|p2a: Ogerpon|Ogerpon-Wellspring, F|100/100
|-damage|p2a: Ogerpon|88/100|[from] Stealth Rock
|turn|21
|
|t:|1781045214
|move|p2a: Ogerpon|Ivy Cudgel|p1a: Scizor|[anim] Ivy Cudgel Water
|-damage|p1a: Scizor|0 fnt
|faint|p1a: Scizor
|
|upkeep
|
|t:|1781045216
|switch|p1a: Raging Bolt|Raging Bolt|10/100
|turn|22
|
|t:|1781045220
|move|p1a: Raging Bolt|Thunderbolt|p2a: Ogerpon
|-damage|p2a: Ogerpon|29/100
|move|p2a: Ogerpon|Trailblaze|p1a: Raging Bolt
|-resisted|p1a: Raging Bolt
|-damage|p1a: Raging Bolt|0 fnt
|-boost|p2a: Ogerpon|spe|1
|faint|p1a: Raging Bolt
|-end|p1a: Raging Bolt|Protosynthesis|[silent]
|
|upkeep
|
|t:|1781045229
|switch|p1a: Ogerpon|Ogerpon-Wellspring, F|100/100
|turn|23
|
|t:|1781045232
|move|p2a: Ogerpon|Trailblaze|p1a: Ogerpon
|-damage|p1a: Ogerpon|61/100
|-boost|p2a: Ogerpon|spe|1
|move|p1a: Ogerpon|Horn Leech|p2a: Ogerpon
|-damage|p2a: Ogerpon|0 fnt
|-heal|p1a: Ogerpon|75/100|[from] drain|[of] p2a: Ogerpon
|faint|p2a: Ogerpon
|
|win|lolcano46
|raw|lolcano46's rating: 1614 &rarr; <strong>1635</strong><br />(+21 for winning)
|raw|DarkG99's rating: 1630 &rarr; <strong>1609</strong><br />(-21 for losing)
|l|☆DarkG99
|player|p2|
|l|☆lolcano46
|player|p1|
