|j|☆bigtestsofbig
|j|☆Mossful
|t:|1781304450
|gametype|singles
|player|p1|bigtestsofbig|266|1607
|player|p2|Mossful|iono-masters|1611
|gen|9
|tier|[Gen 9] OU
|rated|
|rule|HP Percentage Mod: HP is shown in percentages
|rule|Endless Battle Clause: Forcing endless battles is banned
|rule|Species Clause: Limit one of each Pokémon
|rule|OHKO Clause: OHKO moves are banned
|rule|Evasion Items Clause: Evasion items are banned
|rule|Evasion Moves Clause: Evasion moves are banned
|rule|Evasion Abilities Clause: Evasion abilities are banned
|rule|Sleep Moves Clause: Sleep-inducing moves are banned
|clearpoke
|poke|p1|Bisharp, M|
|poke|p1|Moltres|
|poke|p1|Great Tusk|
|poke|p1|Primarina, F|
|poke|p1|Iron Boulder|
|poke|p1|Darkrai|
|poke|p2|Tyranitar, M|
|poke|p2|Excadrill, F|
|poke|p2|Iron Crown|
|poke|p2|Salamence, M|
|poke|p2|Azumarill, F|
|poke|p2|Zamazenta-*|
|teampreview
|
|t:|1781304532
|teamsize|p1|6
|teamsize|p2|6
|start
|switch|p1a: Iron Boulder|Iron Boulder|100/100
|switch|p2a: Iron Crown|Iron Crown|100/100
|turn|1
|inactive|Battle timer is ON: inactive players will automatically lose when time's up. (requested by bigtestsofbig)
|
|t:|1781304550
|-terastallize|p1a: Iron Boulder|Fighting
|move|p2a: Iron Crown|Tachyon Cutter|p1a: Iron Boulder
|-damage|p1a: Iron Boulder|76/100
|-damage|p1a: Iron Boulder|52/100
|-hitcount|p1a: Iron Boulder|2
|move|p1a: Iron Boulder|Earthquake|p2a: Iron Crown
|-supereffective|p2a: Iron Crown
|-damage|p2a: Iron Crown|0 fnt
|faint|p2a: Iron Crown
|-end|p2a: Iron Crown|Quark Drive|[silent]
|
|upkeep
|
|t:|1781304564
|switch|p2a: Azumarill|Azumarill, F, shiny|100/100
|turn|2
|inactive|bigtestsofbig has 120 seconds left.
|
|t:|1781304603
|-end|p1a: Iron Boulder|Quark Drive|[silent]
|switch|p1a: Primarina|Primarina, F|100/100
|move|p2a: Azumarill|Play Rough|p1a: Primarina
|-damage|p1a: Primarina|22/100
|
|upkeep
|turn|3
|inactive|bigtestsofbig has 120 seconds left.
|
|t:|1781304608
|move|p1a: Primarina|Moonblast|p2a: Azumarill
|-damage|p2a: Azumarill|36/100
|-enditem|p2a: Azumarill|Sitrus Berry|[eat]
|-heal|p2a: Azumarill|61/100|[from] item: Sitrus Berry
|move|p2a: Azumarill|Play Rough|p1a: Primarina
|-damage|p1a: Primarina|0 fnt
|faint|p1a: Primarina
|
|upkeep
|inactive|bigtestsofbig has 120 seconds left.
|
|t:|1781304618
|switch|p1a: Iron Boulder|Iron Boulder, tera:Fighting|52/100
|turn|4
|
|t:|1781304621
|move|p1a: Iron Boulder|Mighty Cleave|p2a: Azumarill
|-damage|p2a: Azumarill|0 fnt
|faint|p2a: Azumarill
|
|upkeep
|
|t:|1781304628
|switch|p2a: Zamazenta|Zamazenta|100/100
|-ability|p2a: Zamazenta|Dauntless Shield|boost
|-boost|p2a: Zamazenta|def|1
|turn|5
|
|t:|1781304631
|-end|p1a: Iron Boulder|Quark Drive|[silent]
|switch|p1a: Moltres|Moltres|100/100
|move|p2a: Zamazenta|Close Combat|p1a: Moltres
|-resisted|p1a: Moltres
|-damage|p1a: Moltres|72/100
|-unboost|p2a: Zamazenta|def|1
|-unboost|p2a: Zamazenta|spd|1
|-status|p2a: Zamazenta|brn|[from] ability: Flame Body|[of] p1a: Moltres
|-damage|p2a: Zamazenta|91/100 brn|[from] item: Life Orb
|
|-damage|p2a: Zamazenta|84/100 brn|[from] brn
|upkeep
|turn|6
|
|t:|1781304638
|move|p2a: Zamazenta|Stone Edge|p1a: Moltres
|-supereffective|p1a: Moltres
|-damage|p1a: Moltres|4/100
|-damage|p2a: Zamazenta|75/100 brn|[from] item: Life Orb
|move|p1a: Moltres|Will-O-Wisp|p2a: Zamazenta
|-fail|p2a: Zamazenta|brn
|
|-damage|p2a: Zamazenta|68/100 brn|[from] brn
|upkeep
|turn|7
|
|t:|1781304645
|switch|p1a: Great Tusk|Great Tusk|100/100
|move|p2a: Zamazenta|Close Combat|p1a: Great Tusk
|-damage|p1a: Great Tusk|71/100
|-unboost|p2a: Zamazenta|def|1
|-unboost|p2a: Zamazenta|spd|1
|-damage|p2a: Zamazenta|59/100 brn|[from] item: Life Orb
|
|-damage|p2a: Zamazenta|52/100 brn|[from] brn
|upkeep
|turn|8
|
|t:|1781304651
|move|p2a: Zamazenta|Close Combat|p1a: Great Tusk
|-damage|p1a: Great Tusk|45/100
|-unboost|p2a: Zamazenta|def|1
|-unboost|p2a: Zamazenta|spd|1
|-damage|p2a: Zamazenta|43/100 brn|[from] item: Life Orb
|move|p1a: Great Tusk|Stealth Rock|p2a: Zamazenta
|-sidestart|p2: Mossful|move: Stealth Rock
|
|-damage|p2a: Zamazenta|36/100 brn|[from] brn
|upkeep
|turn|9
|
|t:|1781304655
|-end|p1a: Great Tusk|Protosynthesis|[silent]
|switch|p1a: Moltres|Moltres|4/100
|move|p2a: Zamazenta|Close Combat|p1a: Moltres
|-resisted|p1a: Moltres
|-damage|p1a: Moltres|0 fnt
|-unboost|p2a: Zamazenta|def|1
|-unboost|p2a: Zamazenta|spd|1
|faint|p1a: Moltres
|-damage|p2a: Zamazenta|27/100 brn|[from] item: Life Orb
|
|-damage|p2a: Zamazenta|20/100 brn|[from] brn
|upkeep
|
|t:|1781304661
|switch|p1a: Bisharp|Bisharp, M|100/100
|turn|10
|
|t:|1781304664
|move|p1a: Bisharp|Sucker Punch|p2a: Zamazenta
|-resisted|p2a: Zamazenta
|-damage|p2a: Zamazenta|0 fnt
|faint|p2a: Zamazenta
|
|upkeep
|
|t:|1781304666
|switch|p2a: Tyranitar|Tyranitar, M, shiny|100/100
|-damage|p2a: Tyranitar|88/100|[from] Stealth Rock
|-weather|Sandstorm|[from] ability: Sand Stream|[of] p2a: Tyranitar
|turn|11
|
|t:|1781304673
|move|p2a: Tyranitar|Earthquake|p1a: Bisharp
|-supereffective|p1a: Bisharp
|-damage|p1a: Bisharp|9/100
|move|p1a: Bisharp|Low Kick|p2a: Tyranitar
|-supereffective|p2a: Tyranitar
|-damage|p2a: Tyranitar|0 fnt
|faint|p2a: Tyranitar
|
|-weather|Sandstorm|[upkeep]
|upkeep
|
|t:|1781304677
|switch|p2a: Excadrill|Excadrill, F, shiny|100/100
|-damage|p2a: Excadrill|97/100|[from] Stealth Rock
|-item|p2a: Excadrill|Air Balloon
|turn|12
|
|t:|1781304680
|move|p2a: Excadrill|Swords Dance|p2a: Excadrill
|-boost|p2a: Excadrill|atk|2
|move|p1a: Bisharp|Low Kick|p2a: Excadrill
|-supereffective|p2a: Excadrill
|-damage|p2a: Excadrill|33/100
|-enditem|p2a: Excadrill|Air Balloon
|
|-weather|Sandstorm|[upkeep]
|upkeep
|turn|13
|
|t:|1781304684
|move|p1a: Bisharp|Sucker Punch||[still]
|-fail|p1a: Bisharp
|move|p2a: Excadrill|Swords Dance|p2a: Excadrill
|-boost|p2a: Excadrill|atk|2
|
|-weather|Sandstorm|[upkeep]
|upkeep
|turn|14
|
|t:|1781304689
|move|p1a: Bisharp|Sucker Punch|p2a: Excadrill
|-damage|p2a: Excadrill|0 fnt
|faint|p2a: Excadrill
|
|-weather|Sandstorm|[upkeep]
|upkeep
|
|t:|1781304691
|switch|p2a: Salamence|Salamence, M|100/100
|-damage|p2a: Salamence|76/100|[from] Stealth Rock
|-ability|p2a: Salamence|Intimidate|boost
|-unboost|p1a: Bisharp|atk|1
|-ability|p1a: Bisharp|Defiant|boost
|-boost|p1a: Bisharp|atk|2
|turn|15
|
|t:|1781304696
|move|p2a: Salamence|Air Slash|p1a: Bisharp
|-resisted|p1a: Bisharp
|-damage|p1a: Bisharp|0 fnt
|faint|p1a: Bisharp
|
|-weather|none
|upkeep
|
|t:|1781304700
|switch|p1a: Iron Boulder|Iron Boulder, tera:Fighting|52/100
|turn|16
|
|t:|1781304704
|-terastallize|p2a: Salamence|Fire
|move|p1a: Iron Boulder|Mighty Cleave|p2a: Salamence
|-supereffective|p2a: Salamence
|-damage|p2a: Salamence|0 fnt
|faint|p2a: Salamence
|
|win|bigtestsofbig
|raw|bigtestsofbig's rating: 1607 &rarr; <strong>1627</strong><br />(+20 for winning)
|raw|Mossful's rating: 1611 &rarr; <strong>1591</strong><br />(-20 for losing)
|l|☆Mossful
|player|p2|
|l|☆bigtestsofbig
|player|p1|
