|j|☆myree
|j|☆LowEL0God
|t:|1781292257
|gametype|singles
|player|p1|myree|benga|1569
|player|p2|LowEL0God|265|1623
|gen|9
|tier|[Gen 9] OU
|rated|
|rule|HP Percentage Mod: HP is shown in percentages
|rule|Endless Battle Clause: Forcing endless battles is banned
|rule|Species Clause: Limit one of each Pokémon
|rule|OHKO Clause: OHKO moves are banned
|rule|Evasion Items Clause: Evasion items are banned
|rule|Evasion Moves Clause: Evasion moves are banned
|rule|Evasion Abilities Clause: Evasion abilities are banned
|rule|Sleep Moves Clause: Sleep-inducing moves are banned
|clearpoke
|poke|p1|Iron Valiant|
|poke|p1|Ogerpon-Cornerstone, F|
|poke|p1|Iron Treads|
|poke|p1|Fezandipiti, M|
|poke|p1|Samurott-Hisui, F|
|poke|p1|Goodra-Hisui, F|
|poke|p2|Pelipper, M|
|poke|p2|Raging Bolt|
|poke|p2|Overqwil, M|
|poke|p2|Barraskewda, M|
|poke|p2|Iron Treads|
|poke|p2|Kingambit, M|
|teampreview
|c|☆LowEL0God|hf
|inactive|Battle timer is ON: inactive players will automatically lose when time's up. (requested by LowEL0God)
|
|t:|1781292266
|teamsize|p1|6
|teamsize|p2|6
|start
|switch|p1a: Prof. Goo-D.|Goodra-Hisui, F|100/100
|switch|p2a: Barraskewda|Barraskewda, M|100/100
|turn|1
|
|t:|1781292271
|move|p2a: Barraskewda|Close Combat|p1a: Prof. Goo-D.
|-supereffective|p1a: Prof. Goo-D.
|-damage|p1a: Prof. Goo-D.|0 fnt
|-unboost|p2a: Barraskewda|def|1
|-unboost|p2a: Barraskewda|spd|1
|-ability|p1a: Prof. Goo-D.|Gooey
|-unboost|p2a: Barraskewda|spe|1
|faint|p1a: Prof. Goo-D.
|
|upkeep
|
|t:|1781292276
|switch|p1a: Samurott|Samurott-Hisui, F|100/100
|turn|2
|
|t:|1781292277
|switch|p2a: Kingambit|Kingambit, M|100/100
|move|p1a: Samurott|Ceaseless Edge|p2a: Kingambit
|-resisted|p2a: Kingambit
|-crit|p2a: Kingambit
|-damage|p2a: Kingambit|73/100
|-sidestart|p2: LowEL0God|Spikes
|
|-heal|p2a: Kingambit|80/100|[from] item: Leftovers
|upkeep
|turn|3
|
|t:|1781292279
|move|p1a: Samurott|Sacred Sword|p2a: Kingambit
|-supereffective|p2a: Kingambit
|-damage|p2a: Kingambit|0 fnt
|faint|p2a: Kingambit
|-end|p2a: Kingambit|fallenundefined|[silent]
|
|upkeep
|
|t:|1781292280
|switch|p2a: Pelipper|Pelipper, M|100/100
|-weather|RainDance|[from] ability: Drizzle|[of] p2a: Pelipper
|turn|4
|
|t:|1781292282
|move|p1a: Samurott|Ceaseless Edge|p2a: Pelipper
|-damage|p2a: Pelipper|66/100
|-sidestart|p2: LowEL0God|Spikes
|move|p2a: Pelipper|Hurricane|p1a: Samurott
|-damage|p1a: Samurott|70/100
|
|-weather|RainDance|[upkeep]
|upkeep
|turn|5
|
|t:|1781292300
|move|p1a: Samurott|Ceaseless Edge|p2a: Pelipper
|-damage|p2a: Pelipper|28/100
|-sidestart|p2: LowEL0God|Spikes
|move|p2a: Pelipper|Roost|p2a: Pelipper
|-heal|p2a: Pelipper|78/100
|-singleturn|p2a: Pelipper|move: Roost
|
|-weather|RainDance|[upkeep]
|upkeep
|turn|6
|
|t:|1781292305
|move|p1a: Samurott|Ceaseless Edge|p2a: Pelipper
|-damage|p2a: Pelipper|43/100
|move|p2a: Pelipper|Hurricane|p1a: Samurott
|-damage|p1a: Samurott|41/100
|
|-weather|RainDance|[upkeep]
|upkeep
|turn|7
|
|t:|1781292313
|move|p1a: Samurott|Ceaseless Edge|p2a: Pelipper
|-damage|p2a: Pelipper|5/100
|move|p2a: Pelipper|Roost|p2a: Pelipper
|-heal|p2a: Pelipper|56/100
|-singleturn|p2a: Pelipper|move: Roost
|
|-weather|RainDance|[upkeep]
|upkeep
|turn|8
|
|t:|1781292318
|move|p1a: Samurott|Ceaseless Edge|p2a: Pelipper
|-damage|p2a: Pelipper|16/100
|move|p2a: Pelipper|Roost|p2a: Pelipper
|-heal|p2a: Pelipper|66/100
|-singleturn|p2a: Pelipper|move: Roost
|
|-weather|RainDance|[upkeep]
|upkeep
|turn|9
|
|t:|1781292324
|switch|p1a: fezanskibidi|Fezandipiti, M|100/100
|-item|p1a: fezanskibidi|Air Balloon
|move|p2a: Pelipper|Roost|p2a: Pelipper
|-heal|p2a: Pelipper|100/100
|-singleturn|p2a: Pelipper|move: Roost
|
|-weather|RainDance|[upkeep]
|upkeep
|turn|10
|
|t:|1781292328
|move|p1a: fezanskibidi|Moonblast|p2a: Pelipper
|-damage|p2a: Pelipper|53/100
|-status|p2a: Pelipper|tox|[from] ability: Toxic Chain|[of] p1a: fezanskibidi
|move|p2a: Pelipper|Weather Ball|p1a: fezanskibidi
|-damage|p1a: fezanskibidi|60/100
|-enditem|p1a: fezanskibidi|Air Balloon
|
|-weather|RainDance|[upkeep]
|-damage|p2a: Pelipper|47/100 tox|[from] psn
|upkeep
|turn|11
|
|t:|1781292335
|switch|p2a: Iron Treads|Iron Treads|100/100
|-damage|p2a: Iron Treads|76/100|[from] Spikes
|-enditem|p2a: Iron Treads|Booster Energy
|-activate|p2a: Iron Treads|ability: Quark Drive|[fromitem]
|-start|p2a: Iron Treads|quarkdrivespe
|move|p1a: fezanskibidi|Nasty Plot|p1a: fezanskibidi
|-boost|p1a: fezanskibidi|spa|2
|
|-weather|none
|upkeep
|turn|12
|
|t:|1781292345
|move|p2a: Iron Treads|Rapid Spin|p1a: fezanskibidi
|-damage|p1a: fezanskibidi|47/100
|-boost|p2a: Iron Treads|spe|1
|-sideend|p2: LowEL0God|Spikes|[from] move: Rapid Spin|[of] p2a: Iron Treads
|move|p1a: fezanskibidi|Heat Wave|p2a: Iron Treads
|-supereffective|p2a: Iron Treads
|-crit|p2a: Iron Treads
|-damage|p2a: Iron Treads|0 fnt
|faint|p2a: Iron Treads
|-end|p2a: Iron Treads|Quark Drive|[silent]
|
|upkeep
|
|t:|1781292346
|switch|p2a: Barraskewda|Barraskewda, M|100/100
|turn|13
|
|t:|1781292365
|-terastallize|p2a: Barraskewda|Water
|-terastallize|p1a: fezanskibidi|Water
|move|p2a: Barraskewda|Liquidation|p1a: fezanskibidi
|-resisted|p1a: fezanskibidi
|-damage|p1a: fezanskibidi|0 fnt
|faint|p1a: fezanskibidi
|
|upkeep
|
|t:|1781292371
|switch|p1a: Samurott|Samurott-Hisui, F|41/100
|turn|14
|
|t:|1781292375
|move|p1a: Samurott|Sucker Punch|p2a: Barraskewda
|-damage|p2a: Barraskewda|27/100
|move|p2a: Barraskewda|Liquidation|p1a: Samurott
|-resisted|p1a: Samurott
|-damage|p1a: Samurott|0 fnt
|faint|p1a: Samurott
|
|upkeep
|
|t:|1781292378
|switch|p1a: roxc-bree|Ogerpon-Cornerstone, F|100/100
|turn|15
|
|t:|1781292380
|move|p2a: Barraskewda|Liquidation|p1a: roxc-bree
|-ability|p1a: roxc-bree|Sturdy
|-damage|p1a: roxc-bree|1/100
|move|p1a: roxc-bree|Horn Leech|p2a: Barraskewda
|-supereffective|p2a: Barraskewda
|-crit|p2a: Barraskewda
|-damage|p2a: Barraskewda|0 fnt
|-heal|p1a: roxc-bree|11/100|[from] drain|[of] p2a: Barraskewda
|faint|p2a: Barraskewda
|
|upkeep
|
|t:|1781292380
|switch|p2a: Pelipper|Pelipper, M|47/100 tox
|-weather|RainDance|[from] ability: Drizzle|[of] p2a: Pelipper
|turn|16
|
|t:|1781292383
|move|p1a: roxc-bree|Ivy Cudgel|p2a: Pelipper|[anim] Ivy Cudgel Rock
|-supereffective|p2a: Pelipper
|-damage|p2a: Pelipper|0 fnt
|faint|p2a: Pelipper
|
|-weather|RainDance|[upkeep]
|upkeep
|
|t:|1781292384
|switch|p2a: Overqwil|Overqwil, M|100/100
|turn|17
|
|t:|1781292392
|move|p2a: Overqwil|Liquidation|p1a: roxc-bree
|-damage|p1a: roxc-bree|0 fnt
|faint|p1a: roxc-bree
|-damage|p2a: Overqwil|91/100|[from] item: Life Orb
|
|-weather|RainDance|[upkeep]
|upkeep
|
|t:|1781292395
|switch|p1a: best treadist|Iron Treads|100/100
|turn|18
|
|t:|1781292397
|move|p2a: Overqwil|Liquidation|p1a: best treadist
|-supereffective|p1a: best treadist
|-damage|p1a: best treadist|17/100
|-damage|p2a: Overqwil|81/100|[from] item: Life Orb
|move|p1a: best treadist|Earthquake|p2a: Overqwil
|-supereffective|p2a: Overqwil
|-damage|p2a: Overqwil|0 fnt
|faint|p2a: Overqwil
|
|-weather|RainDance|[upkeep]
|upkeep
|
|t:|1781292399
|switch|p2a: Raging Bolt|Raging Bolt|100/100
|-enditem|p2a: Raging Bolt|Booster Energy
|-activate|p2a: Raging Bolt|ability: Protosynthesis|[fromitem]
|-start|p2a: Raging Bolt|protosynthesisspa
|turn|19
|
|t:|1781292412
|move|p1a: best treadist|Earthquake|p2a: Raging Bolt
|-supereffective|p2a: Raging Bolt
|-damage|p2a: Raging Bolt|3/100
|move|p2a: Raging Bolt|Weather Ball|p1a: best treadist
|-supereffective|p1a: best treadist
|-damage|p1a: best treadist|0 fnt
|faint|p1a: best treadist
|-end|p1a: best treadist|Quark Drive|[silent]
|
|-weather|RainDance|[upkeep]
|upkeep
|
|t:|1781292418
|switch|p1a: Iron Valiant|Iron Valiant|100/100
|turn|20
|
|t:|1781292421
|move|p2a: Raging Bolt|Thunderclap||[still]
|-fail|p2a: Raging Bolt
|move|p1a: Iron Valiant|Destiny Bond|p1a: Iron Valiant
|-singlemove|p1a: Iron Valiant|Destiny Bond
|
|-weather|RainDance|[upkeep]
|upkeep
|turn|21
|
|t:|1781292425
|move|p1a: Iron Valiant|Moonblast|p2a: Raging Bolt
|-supereffective|p2a: Raging Bolt
|-damage|p2a: Raging Bolt|0 fnt
|faint|p2a: Raging Bolt
|-end|p2a: Raging Bolt|Protosynthesis|[silent]
|
|win|myree
|raw|myree's rating: 1569 &rarr; <strong>1592</strong><br />(+23 for winning)
|raw|LowEL0God's rating: 1623 &rarr; <strong>1600</strong><br />(-23 for losing)
|c|☆LowEL0God|gg
|l|☆LowEL0God
|player|p2|
|l|☆myree
|player|p1|
