|j|☆cachowcapow
|j|☆JacquesDeAlderberg
|t:|1781018881
|gametype|singles
|player|p1|cachowcapow|102|1695
|player|p2|JacquesDeAlderberg|266|1645
|gen|9
|tier|[Gen 9] OU
|rated|
|rule|HP Percentage Mod: HP is shown in percentages
|rule|Endless Battle Clause: Forcing endless battles is banned
|rule|Species Clause: Limit one of each Pokémon
|rule|OHKO Clause: OHKO moves are banned
|rule|Evasion Items Clause: Evasion items are banned
|rule|Evasion Moves Clause: Evasion moves are banned
|rule|Evasion Abilities Clause: Evasion abilities are banned
|rule|Sleep Moves Clause: Sleep-inducing moves are banned
|clearpoke
|poke|p1|Primarina, M|
|poke|p1|Slither Wing|
|poke|p1|Slowking-Galar, M|
|poke|p1|Great Tusk|
|poke|p1|Meowscarada, M|
|poke|p1|Gardevoir, F|
|poke|p2|Hoopa-Unbound|
|poke|p2|Pecharunt|
|poke|p2|Landorus-Therian, M|
|poke|p2|Cinderace, M|
|poke|p2|Alomomola, M|
|poke|p2|Iron Valiant|
|teampreview
|
|t:|1781018892
|teamsize|p1|6
|teamsize|p2|6
|start
|switch|p1a: Meowscarada|Meowscarada, M|100/100
|switch|p2a: Calamity|Iron Valiant, shiny|100/100
|turn|1
|inactive|Battle timer is ON: inactive players will automatically lose when time's up. (requested by JacquesDeAlderberg)
|
|t:|1781018898
|switch|p1a: Slowking|Slowking-Galar, M|100/100
|move|p2a: Calamity|Vacuum Wave|p1a: Slowking
|-resisted|p1a: Slowking
|-damage|p1a: Slowking|96/100
|
|upkeep
|turn|2
|j| michealjackkson
|
|t:|1781018904
|-end|p2a: Calamity|Quark Drive|[silent]
|switch|p2a: Khaos|Hoopa-Unbound|100/100
|-prepare|p1a: Slowking|Chilly Reception|[premajor]
|move|p1a: Slowking|Chilly Reception|p1a: Slowking
|-weather|Snowscape
|
|t:|1781018906
|switch|p1a: Meowscarada|Meowscarada, M|100/100|[from] Chilly Reception
|
|-weather|Snowscape|[upkeep]
|upkeep
|turn|3
|
|t:|1781018909
|switch|p2a: Overseer|Pecharunt|100/100
|move|p1a: Meowscarada|U-turn|p2a: Overseer
|-start|p1a: Meowscarada|typechange|Bug|[from] ability: Protean
|-resisted|p2a: Overseer
|-damage|p2a: Overseer|97/100
|
|t:|1781018917
|switch|p1a: Gardevoir|Gardevoir, F, shiny|100/100|[from] U-turn
|
|-weather|Snowscape|[upkeep]
|upkeep
|turn|4
|
|t:|1781018920
|switch|p2a: Pisces|Alomomola, M, shiny|100/100
|-ability|p1a: Gardevoir|Regenerator|Trace|[from] ability: Trace|[of] p2a: Pisces
|move|p1a: Gardevoir|Moonblast|p2a: Pisces
|-damage|p2a: Pisces|61/100
|
|-weather|Snowscape|[upkeep]
|upkeep
|turn|5
|
|t:|1781018926
|switch|p1a: Slither Wing|Slither Wing|100/100
|move|p2a: Pisces|Flip Turn|p1a: Slither Wing
|-damage|p1a: Slither Wing|88/100
|-damage|p2a: Pisces|45/100|[from] item: Rocky Helmet|[of] p1a: Slither Wing
|
|t:|1781018932
|switch|p2a: Enten|Landorus-Therian, M, shiny|100/100|[from] Flip Turn
|-ability|p2a: Enten|Intimidate|boost
|-unboost|p1a: Slither Wing|atk|1
|
|-weather|Snowscape|[upkeep]
|upkeep
|turn|6
|
|t:|1781018938
|switch|p2a: Overseer|Pecharunt|97/100
|move|p1a: Slither Wing|Will-O-Wisp|p2a: Overseer
|-status|p2a: Overseer|brn
|
|-weather|none
|-damage|p2a: Overseer|91/100 brn|[from] brn
|upkeep
|turn|7
|
|t:|1781018942
|move|p2a: Overseer|Shadow Ball|p1a: Slither Wing
|-damage|p1a: Slither Wing|64/100
|move|p1a: Slither Wing|Will-O-Wisp|p2a: Overseer
|-fail|p2a: Overseer|brn
|
|-damage|p2a: Overseer|85/100 brn|[from] brn
|upkeep
|turn|8
|
|t:|1781018946
|-end|p1a: Slither Wing|Protosynthesis|[silent]
|switch|p1a: Slowking|Slowking-Galar, M|100/100
|move|p2a: Overseer|Malignant Chain|p1a: Slowking
|-resisted|p1a: Slowking
|-damage|p1a: Slowking|92/100
|
|-damage|p2a: Overseer|79/100 brn|[from] brn
|upkeep
|turn|9
|
|t:|1781018949
|switch|p2a: Pisces|Alomomola, M, shiny|78/100
|-prepare|p1a: Slowking|Chilly Reception|[premajor]
|move|p1a: Slowking|Chilly Reception|p1a: Slowking
|-weather|Snowscape
|
|t:|1781018953
|switch|p1a: Meowscarada|Meowscarada, M|100/100|[from] Chilly Reception
|
|-weather|Snowscape|[upkeep]
|upkeep
|turn|10
|
|t:|1781018957
|switch|p2a: Overseer|Pecharunt|79/100 brn
|move|p1a: Meowscarada|Knock Off|p2a: Overseer
|-start|p1a: Meowscarada|typechange|Dark|[from] ability: Protean
|-supereffective|p2a: Overseer
|-damage|p2a: Overseer|40/100 brn
|-enditem|p2a: Overseer|Heavy-Duty Boots|[from] move: Knock Off|[of] p1a: Meowscarada
|
|-weather|Snowscape|[upkeep]
|-damage|p2a: Overseer|34/100 brn|[from] brn
|upkeep
|turn|11
|
|t:|1781018968
|switch|p1a: Slowking|Slowking-Galar, M|100/100
|move|p2a: Overseer|Recover|p2a: Overseer
|-heal|p2a: Overseer|84/100 brn
|
|-weather|Snowscape|[upkeep]
|-damage|p2a: Overseer|78/100 brn|[from] brn
|upkeep
|turn|12
|
|t:|1781018971
|move|p2a: Overseer|Shadow Ball|p1a: Slowking
|-supereffective|p1a: Slowking
|-damage|p1a: Slowking|70/100
|-prepare|p1a: Slowking|Chilly Reception|[premajor]
|move|p1a: Slowking|Chilly Reception|p1a: Slowking
|
|t:|1781018976
|switch|p1a: Gardevoir|Gardevoir, F, shiny|100/100|[from] Chilly Reception
|
|-weather|Snowscape|[upkeep]
|-damage|p2a: Overseer|72/100 brn|[from] brn
|upkeep
|turn|13
|
|t:|1781018981
|move|p1a: Gardevoir|Shadow Ball|p2a: Overseer
|-supereffective|p2a: Overseer
|-damage|p2a: Overseer|0 fnt
|faint|p2a: Overseer
|
|-weather|none
|upkeep
|
|t:|1781018985
|switch|p2a: Khaos|Hoopa-Unbound|100/100
|-ability|p1a: Gardevoir|Magician|Trace|[from] ability: Trace|[of] p2a: Khaos
|turn|14
|
|t:|1781018989
|switch|p1a: Meowscarada|Meowscarada, M|100/100
|move|p2a: Khaos|Zen Headbutt|p1a: Meowscarada
|-immune|p1a: Meowscarada
|
|upkeep
|turn|15
|
|t:|1781018993
|switch|p2a: Liberacy|Cinderace, M, shiny|100/100
|move|p1a: Meowscarada|U-turn|p2a: Liberacy
|-start|p1a: Meowscarada|typechange|Bug|[from] ability: Protean
|-resisted|p2a: Liberacy
|-damage|p2a: Liberacy|77/100
|
|t:|1781019006
|switch|p1a: Primarina|Primarina, M, shiny|100/100|[from] U-turn
|
|upkeep
|turn|16
|
|t:|1781019011
|move|p2a: Liberacy|U-turn|p1a: Primarina
|-start|p2a: Liberacy|typechange|Bug|[from] ability: Libero
|-resisted|p1a: Primarina
|-damage|p1a: Primarina|85/100
|
|t:|1781019013
|switch|p2a: Pisces|Alomomola, M, shiny|100/100|[from] U-turn
|move|p1a: Primarina|Calm Mind|p1a: Primarina
|-boost|p1a: Primarina|spa|1
|-boost|p1a: Primarina|spd|1
|
|-heal|p1a: Primarina|91/100|[from] item: Leftovers
|upkeep
|turn|17
|
|t:|1781019021
|move|p1a: Primarina|Calm Mind|p1a: Primarina
|-boost|p1a: Primarina|spa|1
|-boost|p1a: Primarina|spd|1
|move|p2a: Pisces|Flip Turn|p1a: Primarina
|-resisted|p1a: Primarina
|-damage|p1a: Primarina|83/100
|
|t:|1781019023
|switch|p2a: Khaos|Hoopa-Unbound|100/100|[from] Flip Turn
|
|-heal|p1a: Primarina|89/100|[from] item: Leftovers
|upkeep
|turn|18
|
|t:|1781019027
|move|p2a: Khaos|Zen Headbutt|p1a: Primarina
|-damage|p1a: Primarina|14/100
|move|p1a: Primarina|Draining Kiss|p2a: Khaos
|-supereffective|p2a: Khaos
|-damage|p2a: Khaos|25/100
|-heal|p1a: Primarina|62/100|[from] drain|[of] p2a: Khaos
|
|-heal|p1a: Primarina|68/100|[from] item: Leftovers
|upkeep
|turn|19
|
|t:|1781019039
|switch|p2a: Liberacy|Cinderace, M, shiny|77/100
|move|p1a: Primarina|Draining Kiss|p2a: Liberacy
|-resisted|p2a: Liberacy
|-damage|p2a: Liberacy|47/100
|-heal|p1a: Primarina|87/100|[from] drain|[of] p2a: Liberacy
|
|-heal|p1a: Primarina|93/100|[from] item: Leftovers
|upkeep
|turn|20
|-message|JacquesDeAlderberg forfeited.
|
|win|cachowcapow
|raw|cachowcapow's rating: 1695 &rarr; <strong>1712</strong><br />(+17 for winning)
|raw|JacquesDeAlderberg's rating: 1645 &rarr; <strong>1628</strong><br />(-17 for losing)
|l|☆JacquesDeAlderberg
|player|p2|
|l|☆cachowcapow
|player|p1|
|l| michealjackkson
