|j|☆wubbybubbyjr
|j|☆smithwick1
|t:|1781043364
|gametype|singles
|player|p1|wubbybubbyjr|preschooler|1748
|player|p2|smithwick1|266|1724
|gen|9
|tier|[Gen 9] OU
|rated|
|rule|HP Percentage Mod: HP is shown in percentages
|rule|Endless Battle Clause: Forcing endless battles is banned
|rule|Species Clause: Limit one of each Pokémon
|rule|OHKO Clause: OHKO moves are banned
|rule|Evasion Items Clause: Evasion items are banned
|rule|Evasion Moves Clause: Evasion moves are banned
|rule|Evasion Abilities Clause: Evasion abilities are banned
|rule|Sleep Moves Clause: Sleep-inducing moves are banned
|clearpoke
|poke|p1|Araquanid, M|
|poke|p1|Gholdengo|
|poke|p1|Dragonite, F|
|poke|p1|Iron Treads|
|poke|p1|Darkrai|
|poke|p1|Tornadus-Therian, M|
|poke|p2|Zamazenta-*|
|poke|p2|Dragapult, F|
|poke|p2|Pecharunt|
|poke|p2|Ogerpon-Wellspring, F|
|poke|p2|Iron Treads|
|poke|p2|Kingambit, F|
|teampreview
|inactive|Battle timer is ON: inactive players will automatically lose when time's up. (requested by wubbybubbyjr)
|
|t:|1781043382
|teamsize|p1|6
|teamsize|p2|6
|start
|switch|p1a: diddler|Darkrai|100/100
|switch|p2a: Ogerpon|Ogerpon-Wellspring, F|100/100
|turn|1
|
|t:|1781043395
|switch|p2a: Iron Treads|Iron Treads|100/100
|-enditem|p2a: Iron Treads|Booster Energy
|-activate|p2a: Iron Treads|ability: Quark Drive|[fromitem]
|-start|p2a: Iron Treads|quarkdrivespe
|move|p1a: diddler|Dark Pulse|p2a: Iron Treads
|-damage|p2a: Iron Treads|16/100
|
|upkeep
|turn|2
|
|t:|1781043403
|move|p2a: Iron Treads|Earthquake|p1a: diddler
|-damage|p1a: diddler|40/100
|move|p1a: diddler|Dark Pulse|p2a: Iron Treads
|-damage|p2a: Iron Treads|0 fnt
|faint|p2a: Iron Treads
|-end|p2a: Iron Treads|Quark Drive|[silent]
|
|upkeep
|
|t:|1781043408
|switch|p2a: Zamazenta|Zamazenta|100/100
|-ability|p2a: Zamazenta|Dauntless Shield|boost
|-boost|p2a: Zamazenta|def|1
|turn|3
|
|t:|1781043412
|switch|p1a: big nid|Araquanid, M|100/100
|move|p2a: Zamazenta|Reflect|p2a: Zamazenta
|-sidestart|p2: smithwick1|Reflect
|
|upkeep
|turn|4
|
|t:|1781043416
|switch|p2a: Ogerpon|Ogerpon-Wellspring, F|100/100
|move|p1a: big nid|Sticky Web|p2a: Ogerpon
|-sidestart|p2: smithwick1|move: Sticky Web
|
|upkeep
|turn|5
|
|t:|1781043425
|switch|p1a: diddler|Darkrai|40/100
|move|p2a: Ogerpon|Substitute|p2a: Ogerpon
|-start|p2a: Ogerpon|Substitute
|-damage|p2a: Ogerpon|76/100
|
|upkeep
|turn|6
|
|t:|1781043431
|move|p1a: diddler|Dark Pulse|p2a: Ogerpon
|-end|p2a: Ogerpon|Substitute
|move|p2a: Ogerpon|Horn Leech|p1a: diddler
|-damage|p1a: diddler|0 fnt
|-heal|p2a: Ogerpon|94/100|[from] drain|[of] p1a: diddler
|faint|p1a: diddler
|
|upkeep
|
|t:|1781043435
|switch|p1a: bird jesus|Tornadus-Therian, M|100/100
|turn|7
|
|t:|1781043440
|-terastallize|p2a: Ogerpon|Water
|detailschange|p2a: Ogerpon|Ogerpon-Wellspring-Tera, F, tera:Water
|-ability|p2a: Ogerpon|Embody Aspect (Wellspring)|boost
|-boost|p2a: Ogerpon|spd|1
|move|p1a: bird jesus|Nasty Plot|p1a: bird jesus
|-boost|p1a: bird jesus|spa|2
|move|p2a: Ogerpon|Swords Dance|p2a: Ogerpon
|-boost|p2a: Ogerpon|atk|2
|
|upkeep
|turn|8
|j| Fat_Yogi
|
|t:|1781043452
|move|p1a: bird jesus|Bleakwind Storm|p2a: Ogerpon
|-damage|p2a: Ogerpon|0 fnt
|faint|p2a: Ogerpon
|detailschange|p2: Ogerpon|Ogerpon-Wellspring, F|[silent]
|-damage|p1a: bird jesus|91/100|[from] item: Life Orb
|
|upkeep
|j| S\Il!^ve>RjAY22=40
|
|t:|1781043460
|switch|p2a: Zamazenta|Zamazenta|100/100
|-activate|p2a: Zamazenta|move: Sticky Web
|-unboost|p2a: Zamazenta|spe|1
|turn|9
|
|t:|1781043465
|move|p1a: bird jesus|Bleakwind Storm|p2a: Zamazenta|[miss]
|-miss|p1a: bird jesus|p2a: Zamazenta
|move|p2a: Zamazenta|Light Screen|p2a: Zamazenta
|-sidestart|p2: smithwick1|move: Light Screen
|
|upkeep
|turn|10
|
|t:|1781043470
|move|p1a: bird jesus|Bleakwind Storm|p2a: Zamazenta
|-supereffective|p2a: Zamazenta
|-damage|p2a: Zamazenta|5/100
|-damage|p1a: bird jesus|81/100|[from] item: Life Orb
|move|p2a: Zamazenta|Roar|p1a: bird jesus
|drag|p1a: za golden boi|Gholdengo|100/100
|
|-sideend|p2: smithwick1|Reflect
|upkeep
|turn|11
|
|t:|1781043487
|switch|p2a: Pecharunt|Pecharunt|100/100
|-activate|p2a: Pecharunt|move: Sticky Web
|-unboost|p2a: Pecharunt|spe|1
|move|p1a: za golden boi|Shadow Ball|p2a: Pecharunt
|-supereffective|p2a: Pecharunt
|-damage|p2a: Pecharunt|53/100
|
|-heal|p2a: Pecharunt|59/100|[from] item: Leftovers
|upkeep
|turn|12
|l| Fat_Yogi
|
|t:|1781043494
|switch|p1a: big shiester|Iron Treads|100/100
|move|p2a: Pecharunt|Shadow Ball|p1a: big shiester
|-damage|p1a: big shiester|68/100
|
|-heal|p1a: big shiester|74/100|[from] item: Leftovers
|-heal|p2a: Pecharunt|65/100|[from] item: Leftovers
|upkeep
|turn|13
|j| SilverDE
|
|t:|1781043502
|move|p1a: big shiester|Stealth Rock|p2a: Pecharunt
|-sidestart|p2: smithwick1|move: Stealth Rock
|move|p2a: Pecharunt|Shadow Ball|p1a: big shiester
|-damage|p1a: big shiester|36/100
|
|-heal|p1a: big shiester|43/100|[from] item: Leftovers
|-heal|p2a: Pecharunt|71/100|[from] item: Leftovers
|upkeep
|turn|14
|
|t:|1781043508
|move|p1a: big shiester|Earthquake|p2a: Pecharunt
|-supereffective|p2a: Pecharunt
|-damage|p2a: Pecharunt|17/100
|move|p2a: Pecharunt|Shadow Ball|p1a: big shiester
|-damage|p1a: big shiester|7/100
|
|-heal|p1a: big shiester|13/100|[from] item: Leftovers
|-heal|p2a: Pecharunt|23/100|[from] item: Leftovers
|upkeep
|turn|15
|l| S\Il!^ve>RjAY22=40
|
|t:|1781043513
|move|p1a: big shiester|Knock Off|p2a: Pecharunt
|-supereffective|p2a: Pecharunt
|-damage|p2a: Pecharunt|0 fnt
|-enditem|p2a: Pecharunt|Leftovers|[from] move: Knock Off|[of] p1a: big shiester
|faint|p2a: Pecharunt
|
|-heal|p1a: big shiester|19/100|[from] item: Leftovers
|upkeep
|
|t:|1781043523
|switch|p2a: Dragapult|Dragapult, F|100/100
|-activate|p2a: Dragapult|move: Sticky Web
|-fail|p2a: Dragapult|unboost|[from] ability: Clear Body|[of] p2a: Dragapult
|-damage|p2a: Dragapult|88/100|[from] Stealth Rock
|turn|16
|
|t:|1781043532
|move|p2a: Dragapult|Dragon Dance|p2a: Dragapult
|-boost|p2a: Dragapult|atk|1
|-boost|p2a: Dragapult|spe|1
|move|p1a: big shiester|Knock Off|p2a: Dragapult
|-supereffective|p2a: Dragapult
|-damage|p2a: Dragapult|8/100
|-enditem|p2a: Dragapult|Leftovers|[from] move: Knock Off|[of] p1a: big shiester
|
|-heal|p1a: big shiester|25/100|[from] item: Leftovers
|-sideend|p2: smithwick1|move: Light Screen
|upkeep
|turn|17
|c|☆smithwick1|Ffs
|c|☆smithwick1|I misclicked lol
|c|☆smithwick1|Meant to dragon darts
|c|☆smithwick1|Not dragon dance lol
|
|t:|1781043557
|move|p2a: Dragapult|Dragon Darts|p1a: big shiester
|-resisted|p1a: big shiester
|-damage|p1a: big shiester|5/100
|-anim|p2a: Dragapult|Dragon Darts|p1a: big shiester
|-resisted|p1a: big shiester
|-damage|p1a: big shiester|0 fnt
|faint|p1a: big shiester
|-end|p1a: big shiester|Quark Drive|[silent]
|
|upkeep
|c|☆smithwick1|Gg
|
|t:|1781043576
|switch|p1a: big nid|Araquanid, M|100/100
|turn|18
|j| turquoiselink
|inactive|wubbybubbyjr has 120 seconds left.
|
|t:|1781043601
|move|p2a: Dragapult|Dragon Darts|p1a: big nid
|-damage|p1a: big nid|57/100
|-anim|p2a: Dragapult|Dragon Darts|p1a: big nid
|-damage|p1a: big nid|18/100
|move|p1a: big nid|Surf|p2a: Dragapult
|-resisted|p2a: Dragapult
|-damage|p2a: Dragapult|0 fnt
|faint|p2a: Dragapult
|
|upkeep
|c|☆smithwick1|Ugh
|
|t:|1781043610
|switch|p2a: Zamazenta|Zamazenta|5/100
|-activate|p2a: Zamazenta|move: Sticky Web
|-unboost|p2a: Zamazenta|spe|1
|-damage|p2a: Zamazenta|0 fnt|[from] Stealth Rock
|faint|p2a: Zamazenta
|
|t:|1781043612
|switch|p2a: Kingambit|Kingambit, F|100/100
|-activate|p2a: Kingambit|move: Sticky Web
|-unboost|p2a: Kingambit|spe|1
|-damage|p2a: Kingambit|94/100|[from] Stealth Rock
|-activate|p2a: Kingambit|ability: Supreme Overlord
|-start|p2a: Kingambit|fallen5|[silent]
|turn|19
|-enditem|p1a: big nid|Custap Berry|[eat]
|-activate|p1a: big nid|item: Custap Berry|[consumed]
|
|t:|1781043619
|move|p1a: big nid|Endeavor|p2a: Kingambit
|-damage|p2a: Kingambit|18/100
|move|p2a: Kingambit|Kowtow Cleave|p1a: big nid
|-damage|p1a: big nid|0 fnt
|faint|p1a: big nid
|
|-heal|p2a: Kingambit|24/100|[from] item: Leftovers
|upkeep
|c|☆smithwick1|Gg
|
|t:|1781043627
|switch|p1a: barney|Dragonite, F|100/100
|turn|20
|-message|smithwick1 forfeited.
|
|win|wubbybubbyjr
|raw|wubbybubbyjr's rating: 1748 &rarr; <strong>1767</strong><br />(+19 for winning)
|raw|smithwick1's rating: 1724 &rarr; <strong>1705</strong><br />(-19 for losing)
|l|☆smithwick1
|player|p2|
|l|☆wubbybubbyjr
|player|p1|
|l| turquoiselink
|l| SilverDE
