|j|☆yangtao
|j|☆m0onstarr
|t:|1781579464
|gametype|singles
|player|p1|yangtao|reporter|1563
|player|p2|m0onstarr|miku-ghost|1588
|gen|9
|tier|[Gen 9] OU
|rated|
|rule|HP Percentage Mod: HP is shown in percentages
|rule|Endless Battle Clause: Forcing endless battles is banned
|rule|Species Clause: Limit one of each Pokémon
|rule|OHKO Clause: OHKO moves are banned
|rule|Evasion Items Clause: Evasion items are banned
|rule|Evasion Moves Clause: Evasion moves are banned
|rule|Evasion Abilities Clause: Evasion abilities are banned
|rule|Sleep Moves Clause: Sleep-inducing moves are banned
|clearpoke
|poke|p1|Zamazenta-*|
|poke|p1|Cinderace, F|
|poke|p1|Gholdengo|
|poke|p1|Tornadus-Therian, M|
|poke|p1|Hydreigon, M|
|poke|p1|Clodsire, M|
|poke|p2|Raging Bolt|
|poke|p2|Pincurchin, F|
|poke|p2|Corviknight, M|
|poke|p2|Iron Crown|
|poke|p2|Iron Boulder|
|poke|p2|Iron Jugulis|
|teampreview
|inactive|Battle timer is ON: inactive players will automatically lose when time's up. (requested by m0onstarr)
|inactive|m0onstarr has 120 seconds left.
|
|t:|1781579502
|teamsize|p1|6
|teamsize|p2|6
|start
|switch|p1a: Hydreigon|Hydreigon, M|100/100
|switch|p2a: Pincurchin|Pincurchin, F|100/100
|-fieldstart|move: Electric Terrain|[from] ability: Electric Surge|[of] p2a: Pincurchin
|turn|1
|
|t:|1781579512
|switch|p2a: Iron Jugulis|Iron Jugulis|100/100
|-activate|p2a: Iron Jugulis|ability: Quark Drive
|-start|p2a: Iron Jugulis|quarkdrivespe
|move|p1a: Hydreigon|Nasty Plot|p1a: Hydreigon
|-boost|p1a: Hydreigon|spa|2
|
|upkeep
|turn|2
|
|t:|1781579517
|move|p2a: Iron Jugulis|Hurricane|p1a: Hydreigon|[miss]
|-miss|p2a: Iron Jugulis|p1a: Hydreigon
|move|p1a: Hydreigon|Draco Meteor|p2a: Iron Jugulis
|-damage|p2a: Iron Jugulis|0 fnt
|-unboost|p1a: Hydreigon|spa|2
|faint|p2a: Iron Jugulis
|-end|p2a: Iron Jugulis|Quark Drive|[silent]
|-damage|p1a: Hydreigon|91/100|[from] item: Life Orb
|
|upkeep
|
|t:|1781579542
|switch|p2a: Raging Bolt|Raging Bolt|100/100
|turn|3
|
|t:|1781579550
|switch|p1a: Clodsire|Clodsire, M|100/100
|-terastallize|p2a: Raging Bolt|Fairy
|move|p2a: Raging Bolt|Calm Mind|p2a: Raging Bolt
|-boost|p2a: Raging Bolt|spa|1
|-boost|p2a: Raging Bolt|spd|1
|
|upkeep
|turn|4
|
|t:|1781579553
|move|p2a: Raging Bolt|Dragon Pulse|p1a: Clodsire
|-damage|p1a: Clodsire|63/100
|move|p1a: Clodsire|Toxic|p2a: Raging Bolt
|-status|p2a: Raging Bolt|tox
|
|-heal|p1a: Clodsire|69/100|[from] item: Leftovers
|-damage|p2a: Raging Bolt|94/100 tox|[from] psn
|upkeep
|turn|5
|
|t:|1781579561
|-end|p2a: Raging Bolt|Protosynthesis|[silent]
|switch|p2a: Iron Boulder|Iron Boulder|100/100
|-activate|p2a: Iron Boulder|ability: Quark Drive
|-start|p2a: Iron Boulder|quarkdrivespe
|move|p1a: Clodsire|Recover|p1a: Clodsire
|-heal|p1a: Clodsire|100/100
|
|upkeep
|turn|6
|
|t:|1781579574
|switch|p1a: Gholdengo|Gholdengo|100/100
|move|p2a: Iron Boulder|Close Combat|p1a: Gholdengo
|-immune|p1a: Gholdengo
|
|upkeep
|turn|7
|
|t:|1781579585
|-end|p2a: Iron Boulder|Quark Drive|[silent]
|switch|p2a: Raging Bolt|Raging Bolt, tera:Fairy|94/100 tox
|move|p1a: Gholdengo|Thunder Wave||[still]
|-fail|p1a: Gholdengo
|
|-heal|p2a: Raging Bolt|100/100 tox|[from] item: Leftovers
|-damage|p2a: Raging Bolt|94/100 tox|[from] psn
|upkeep
|turn|8
|
|t:|1781579591
|switch|p1a: Clodsire|Clodsire, M|100/100
|move|p2a: Raging Bolt|Dragon Pulse|p1a: Clodsire
|-damage|p1a: Clodsire|76/100
|
|-heal|p2a: Raging Bolt|100/100 tox|[from] item: Leftovers
|-heal|p1a: Clodsire|82/100|[from] item: Leftovers
|-damage|p2a: Raging Bolt|88/100 tox|[from] psn
|-fieldend|move: Electric Terrain
|upkeep
|turn|9
|
|t:|1781579607
|-end|p2a: Raging Bolt|Protosynthesis|[silent]
|switch|p2a: Pincurchin|Pincurchin, F|100/100
|-fieldstart|move: Electric Terrain|[from] ability: Electric Surge|[of] p2a: Pincurchin
|move|p1a: Clodsire|Stealth Rock|p2a: Pincurchin
|-sidestart|p2: m0onstarr|move: Stealth Rock
|
|-heal|p1a: Clodsire|88/100|[from] item: Leftovers
|upkeep
|turn|10
|
|t:|1781579630
|switch|p2a: Corviknight|Corviknight, M|100/100
|-damage|p2a: Corviknight|88/100|[from] Stealth Rock
|-ability|p2a: Corviknight|Pressure
|move|p1a: Clodsire|Toxic|p2a: Corviknight
|-immune|p2a: Corviknight
|
|-heal|p1a: Clodsire|94/100|[from] item: Leftovers
|upkeep
|turn|11
|
|t:|1781579639
|switch|p1a: Gholdengo|Gholdengo|100/100
|move|p2a: Corviknight|Defog|p1a: Gholdengo
|-immune|p1a: Gholdengo|[from] ability: Good as Gold
|
|upkeep
|turn|12
|
|t:|1781579645
|move|p1a: Gholdengo|Hex|p2a: Corviknight
|-damage|p2a: Corviknight|56/100
|move|p2a: Corviknight|U-turn|p1a: Gholdengo
|-resisted|p1a: Gholdengo
|-damage|p1a: Gholdengo|97/100
|
|t:|1781579651
|switch|p2a: Iron Boulder|Iron Boulder|100/100|[from] U-turn
|-damage|p2a: Iron Boulder|88/100|[from] Stealth Rock
|-activate|p2a: Iron Boulder|ability: Quark Drive
|-start|p2a: Iron Boulder|quarkdrivespe
|
|-heal|p1a: Gholdengo|100/100|[from] item: Leftovers
|upkeep
|turn|13
|
|t:|1781579666
|switch|p1a: Tornadus|Tornadus-Therian, M|100/100
|move|p2a: Iron Boulder|Close Combat|p1a: Tornadus
|-resisted|p1a: Tornadus
|-damage|p1a: Tornadus|68/100
|-unboost|p2a: Iron Boulder|def|1
|-unboost|p2a: Iron Boulder|spd|1
|
|upkeep
|turn|14
|
|t:|1781579671
|-end|p2a: Iron Boulder|Quark Drive|[silent]
|switch|p2a: Raging Bolt|Raging Bolt, tera:Fairy|88/100 tox
|-damage|p2a: Raging Bolt|76/100 tox|[from] Stealth Rock
|switch|p1a: Gholdengo|Gholdengo|100/100
|
|-heal|p2a: Raging Bolt|82/100 tox|[from] item: Leftovers
|-damage|p2a: Raging Bolt|76/100 tox|[from] psn
|upkeep
|turn|15
|
|t:|1781579676
|-end|p2a: Raging Bolt|Protosynthesis|[silent]
|switch|p2a: Iron Boulder|Iron Boulder|88/100
|-damage|p2a: Iron Boulder|76/100|[from] Stealth Rock
|-activate|p2a: Iron Boulder|ability: Quark Drive
|-start|p2a: Iron Boulder|quarkdrivespe
|move|p1a: Gholdengo|Make It Rain|p2a: Iron Boulder
|-supereffective|p2a: Iron Boulder
|-damage|p2a: Iron Boulder|0 fnt
|-unboost|p1a: Gholdengo|spa|1
|faint|p2a: Iron Boulder
|-end|p2a: Iron Boulder|Quark Drive|[silent]
|
|upkeep
|
|t:|1781579678
|switch|p2a: Raging Bolt|Raging Bolt, tera:Fairy|76/100 tox
|-damage|p2a: Raging Bolt|64/100 tox|[from] Stealth Rock
|turn|16
|
|t:|1781579682
|switch|p1a: Clodsire|Clodsire, M|94/100
|move|p2a: Raging Bolt|Rising Voltage|p1a: Clodsire
|-immune|p1a: Clodsire
|
|-heal|p2a: Raging Bolt|70/100 tox|[from] item: Leftovers
|-heal|p1a: Clodsire|100/100|[from] item: Leftovers
|-damage|p2a: Raging Bolt|64/100 tox|[from] psn
|-fieldend|move: Electric Terrain
|upkeep
|turn|17
|
|t:|1781579686
|switch|p1a: Gholdengo|Gholdengo|100/100
|move|p2a: Raging Bolt|Dragon Pulse|p1a: Gholdengo
|-resisted|p1a: Gholdengo
|-damage|p1a: Gholdengo|74/100
|
|-heal|p2a: Raging Bolt|70/100 tox|[from] item: Leftovers
|-heal|p1a: Gholdengo|80/100|[from] item: Leftovers
|-damage|p2a: Raging Bolt|58/100 tox|[from] psn
|upkeep
|turn|18
|
|t:|1781579689
|switch|p1a: Clodsire|Clodsire, M|100/100
|move|p2a: Raging Bolt|Thunderclap||[still]
|-fail|p2a: Raging Bolt
|
|-heal|p2a: Raging Bolt|64/100 tox|[from] item: Leftovers
|-damage|p2a: Raging Bolt|45/100 tox|[from] psn
|upkeep
|turn|19
|
|t:|1781579693
|move|p2a: Raging Bolt|Dragon Pulse|p1a: Clodsire
|-damage|p1a: Clodsire|72/100
|move|p1a: Clodsire|Earthquake|p2a: Raging Bolt
|-damage|p2a: Raging Bolt|18/100 tox
|
|-heal|p2a: Raging Bolt|25/100 tox|[from] item: Leftovers
|-heal|p1a: Clodsire|78/100|[from] item: Leftovers
|-damage|p2a: Raging Bolt|0 fnt|[from] psn
|faint|p2a: Raging Bolt
|-end|p2a: Raging Bolt|Protosynthesis|[silent]
|upkeep
|
|t:|1781579696
|switch|p2a: Pincurchin|Pincurchin, F|100/100
|-damage|p2a: Pincurchin|88/100|[from] Stealth Rock
|-fieldstart|move: Electric Terrain|[from] ability: Electric Surge|[of] p2a: Pincurchin
|turn|20
|
|t:|1781579700
|move|p1a: Clodsire|Earthquake|p2a: Pincurchin
|-supereffective|p2a: Pincurchin
|-damage|p2a: Pincurchin|21/100
|move|p2a: Pincurchin|Memento|p1a: Clodsire
|-unboost|p1a: Clodsire|atk|2
|-unboost|p1a: Clodsire|spa|2
|faint|p2a: Pincurchin
|
|-heal|p1a: Clodsire|84/100|[from] item: Leftovers
|upkeep
|
|t:|1781579703
|switch|p2a: Iron Crown|Iron Crown|100/100
|-damage|p2a: Iron Crown|94/100|[from] Stealth Rock
|-activate|p2a: Iron Crown|ability: Quark Drive
|-start|p2a: Iron Crown|quarkdrivespe
|turn|21
|
|t:|1781579708
|switch|p1a: Hydreigon|Hydreigon, M|91/100
|move|p2a: Iron Crown|Calm Mind|p2a: Iron Crown
|-boost|p2a: Iron Crown|spa|1
|-boost|p2a: Iron Crown|spd|1
|
|upkeep
|turn|22
|
|t:|1781579713
|move|p2a: Iron Crown|Tachyon Cutter|p1a: Hydreigon
|-damage|p1a: Hydreigon|42/100
|-damage|p1a: Hydreigon|0 fnt
|faint|p1a: Hydreigon
|-hitcount|p1: Hydreigon|2
|-damage|p2a: Iron Crown|84/100|[from] item: Life Orb
|
|upkeep
|
|t:|1781579721
|switch|p1a: Gholdengo|Gholdengo|80/100
|turn|23
|
|t:|1781579732
|move|p2a: Iron Crown|Tachyon Cutter|p1a: Gholdengo
|-resisted|p1a: Gholdengo
|-damage|p1a: Gholdengo|55/100
|-resisted|p1a: Gholdengo
|-damage|p1a: Gholdengo|33/100
|-hitcount|p1a: Gholdengo|2
|-damage|p2a: Iron Crown|74/100|[from] item: Life Orb
|move|p1a: Gholdengo|Thunder Wave|p2a: Iron Crown
|-status|p2a: Iron Crown|par
|
|-heal|p1a: Gholdengo|39/100|[from] item: Leftovers
|upkeep
|turn|24
|
|t:|1781579742
|switch|p1a: Cinderace|Cinderace, F|100/100
|move|p2a: Iron Crown|Tachyon Cutter|p1a: Cinderace
|-resisted|p1a: Cinderace
|-damage|p1a: Cinderace|71/100
|-resisted|p1a: Cinderace
|-damage|p1a: Cinderace|45/100
|-hitcount|p1a: Cinderace|2
|-damage|p2a: Iron Crown|65/100 par|[from] item: Life Orb
|
|upkeep
|turn|25
|
|t:|1781579748
|move|p1a: Cinderace|Pyro Ball|p2a: Iron Crown
|-supereffective|p2a: Iron Crown
|-damage|p2a: Iron Crown|0 fnt
|faint|p2a: Iron Crown
|-end|p2a: Iron Crown|Quark Drive|[silent]
|
|upkeep
|
|t:|1781579750
|switch|p2a: Corviknight|Corviknight, M|56/100
|-damage|p2a: Corviknight|43/100|[from] Stealth Rock
|-ability|p2a: Corviknight|Pressure
|turn|26
|
|t:|1781579752
|move|p1a: Cinderace|Pyro Ball|p2a: Corviknight
|-supereffective|p2a: Corviknight
|-damage|p2a: Corviknight|0 fnt
|faint|p2a: Corviknight
|
|win|yangtao
|raw|yangtao's rating: 1563 &rarr; <strong>1584</strong><br />(+21 for winning)
|raw|m0onstarr's rating: 1588 &rarr; <strong>1567</strong><br />(-21 for losing)
|l|☆m0onstarr
|player|p2|
|l|☆yangtao
|player|p1|
|j|☆yangtao
|player|p1|yangtao|reporter|
|l|☆yangtao
|player|p1|
