|j|☆SmolTuna
|j|☆stone xo
|t:|1781541122
|gametype|singles
|player|p1|SmolTuna|rocketexecutivef-gen2|1570
|player|p2|stone xo|169|1643
|gen|9
|tier|[Gen 9] OU
|rated|
|rule|HP Percentage Mod: HP is shown in percentages
|rule|Endless Battle Clause: Forcing endless battles is banned
|rule|Species Clause: Limit one of each Pokémon
|rule|OHKO Clause: OHKO moves are banned
|rule|Evasion Items Clause: Evasion items are banned
|rule|Evasion Moves Clause: Evasion moves are banned
|rule|Evasion Abilities Clause: Evasion abilities are banned
|rule|Sleep Moves Clause: Sleep-inducing moves are banned
|clearpoke
|poke|p1|Great Tusk|
|poke|p1|Gholdengo|
|poke|p1|Mandibuzz, F|
|poke|p1|Lokix, M|
|poke|p1|Iron Valiant|
|poke|p1|Alomomola, L99, M|
|poke|p2|Grimmsnarl, M|
|poke|p2|Zamazenta-*|
|poke|p2|Iron Crown|
|poke|p2|Raging Bolt|
|poke|p2|Ogerpon-Wellspring, F|
|poke|p2|Glimmora, F|
|teampreview
|inactive|Battle timer is ON: inactive players will automatically lose when time's up. (requested by stone xo)
|
|t:|1781541131
|teamsize|p1|6
|teamsize|p2|6
|start
|switch|p1a: Alomomola|Alomomola, L99, M, shiny|100/100
|switch|p2a: Grimmsnarl|Grimmsnarl, M|100/100
|turn|1
|
|t:|1781541135
|move|p2a: Grimmsnarl|Parting Shot|p1a: Alomomola
|-unboost|p1a: Alomomola|atk|1
|-unboost|p1a: Alomomola|spa|1
|
|t:|1781541138
|switch|p2a: Ogerpon|Ogerpon-Wellspring, F|100/100|[from] Parting Shot
|move|p1a: Alomomola|Scald|p2a: Ogerpon
|-immune|p2a: Ogerpon|[from] ability: Water Absorb
|
|upkeep
|turn|2
|
|t:|1781541142
|switch|p1a: Mandibuzz|Mandibuzz, F, shiny|100/100
|move|p2a: Ogerpon|Power Whip|p1a: Mandibuzz
|-resisted|p1a: Mandibuzz
|-damage|p1a: Mandibuzz|81/100
|
|upkeep
|turn|3
|
|t:|1781541146
|switch|p2a: Glimmora|Glimmora, F|100/100
|move|p1a: Mandibuzz|U-turn|p2a: Glimmora
|-resisted|p2a: Glimmora
|-damage|p2a: Glimmora|96/100
|-activate|p2a: Glimmora|ability: Toxic Debris
|-sidestart|p1: SmolTuna|move: Toxic Spikes
|-enditem|p2a: Glimmora|Red Card|[of] p1a: Mandibuzz
|drag|p1a: Iron Valiant|Iron Valiant, shiny|100/100
|-status|p1a: Iron Valiant|psn
|
|-damage|p1a: Iron Valiant|88/100 psn|[from] psn
|upkeep
|turn|4
|
|t:|1781541157
|-end|p1a: Iron Valiant|Quark Drive|[silent]
|switch|p1a: Mandibuzz|Mandibuzz, F, shiny|81/100
|move|p2a: Glimmora|Stealth Rock|p1a: Mandibuzz
|-sidestart|p1: SmolTuna|move: Stealth Rock
|
|upkeep
|turn|5
|
|t:|1781541163
|switch|p1a: Great Tusk|Great Tusk, shiny|100/100
|move|p2a: Glimmora|Mortal Spin|p1a: Great Tusk
|-resisted|p1a: Great Tusk
|-damage|p1a: Great Tusk|98/100
|-status|p1a: Great Tusk|psn
|
|-damage|p1a: Great Tusk|86/100 psn|[from] psn
|upkeep
|turn|6
|
|t:|1781541171
|-terastallize|p2a: Glimmora|Ghost
|move|p1a: Great Tusk|Rapid Spin|p2a: Glimmora
|-immune|p2a: Glimmora
|move|p2a: Glimmora|Earth Power|p1a: Great Tusk
|-damage|p1a: Great Tusk|49/100 psn
|
|-damage|p1a: Great Tusk|37/100 psn|[from] psn
|upkeep
|turn|7
|
|t:|1781541181
|move|p1a: Great Tusk|Stealth Rock|p2a: Glimmora
|-sidestart|p2: stone xo|move: Stealth Rock
|move|p2a: Glimmora|Earth Power|p1a: Great Tusk
|-damage|p1a: Great Tusk|0 fnt
|faint|p1a: Great Tusk
|-end|p1a: Great Tusk|Protosynthesis|[silent]
|
|upkeep
|
|t:|1781541184
|switch|p1a: Gholdengo|Gholdengo, shiny|100/100
|-damage|p1a: Gholdengo|94/100|[from] Stealth Rock
|turn|8
|
|t:|1781541188
|switch|p2a: Ogerpon|Ogerpon-Wellspring, F|100/100
|-damage|p2a: Ogerpon|88/100|[from] Stealth Rock
|move|p1a: Gholdengo|Shadow Ball|p2a: Ogerpon
|-damage|p2a: Ogerpon|34/100
|
|upkeep
|turn|9
|
|t:|1781541195
|move|p1a: Gholdengo|Shadow Ball|p2a: Ogerpon
|-damage|p2a: Ogerpon|0 fnt
|faint|p2a: Ogerpon
|
|upkeep
|
|t:|1781541197
|switch|p2a: Grimmsnarl|Grimmsnarl, M|100/100
|-damage|p2a: Grimmsnarl|88/100|[from] Stealth Rock
|turn|10
|
|t:|1781541199
|switch|p1a: Mandibuzz|Mandibuzz, F, shiny|81/100
|move|p2a: Grimmsnarl|Light Screen|p2a: Grimmsnarl
|-sidestart|p2: stone xo|move: Light Screen
|
|upkeep
|turn|11
|
|t:|1781541205
|switch|p2a: Glimmora|Glimmora, F, tera:Ghost|96/100
|-damage|p2a: Glimmora|83/100|[from] Stealth Rock
|move|p1a: Mandibuzz|Defog|p2a: Glimmora
|-unboost|p2a: Glimmora|evasion|1
|-sideend|p2: stone xo|move: Light Screen
|-sideend|p2: stone xo|Stealth Rock|[from] move: Defog|[of] p1a: Mandibuzz
|-sideend|p1: SmolTuna|Toxic Spikes|[from] move: Defog|[of] p1a: Mandibuzz
|-sideend|p1: SmolTuna|Stealth Rock|[from] move: Defog|[of] p1a: Mandibuzz
|
|upkeep
|turn|12
|
|t:|1781541211
|switch|p1a: Gholdengo|Gholdengo, shiny|94/100
|move|p2a: Glimmora|Mortal Spin|p1a: Gholdengo
|-immune|p1a: Gholdengo
|
|upkeep
|turn|13
|j| DA COME UP
|
|t:|1781541218
|switch|p2a: Grimmsnarl|Grimmsnarl, M|88/100
|move|p1a: Gholdengo|Make It Rain|p2a: Grimmsnarl
|-supereffective|p2a: Grimmsnarl
|-damage|p2a: Grimmsnarl|0 fnt
|-unboost|p1a: Gholdengo|spa|1
|faint|p2a: Grimmsnarl
|
|upkeep
|
|t:|1781541223
|switch|p2a: Raging Bolt|Raging Bolt|100/100
|-enditem|p2a: Raging Bolt|Booster Energy
|-activate|p2a: Raging Bolt|ability: Protosynthesis|[fromitem]
|-start|p2a: Raging Bolt|protosynthesisspa
|turn|14
|l| DA COME UP
|
|t:|1781541232
|switch|p1a: Iron Valiant|Iron Valiant, shiny|88/100 psn
|move|p2a: Raging Bolt|Thunderbolt|p1a: Iron Valiant
|-damage|p1a: Iron Valiant|0 fnt
|faint|p1a: Iron Valiant
|-end|p1a: Iron Valiant|Quark Drive|[silent]
|
|upkeep
|
|t:|1781541234
|switch|p1a: Alomomola|Alomomola, L99, M, shiny|100/100
|turn|15
|
|t:|1781541237
|-terastallize|p1a: Alomomola|Fairy
|move|p2a: Raging Bolt|Thunderbolt|p1a: Alomomola
|-damage|p1a: Alomomola|59/100
|move|p1a: Alomomola|Mirror Coat|p2a: Raging Bolt
|-damage|p2a: Raging Bolt|14/100
|
|upkeep
|turn|16
|
|t:|1781541244
|move|p2a: Raging Bolt|Calm Mind|p2a: Raging Bolt
|-boost|p2a: Raging Bolt|spa|1
|-boost|p2a: Raging Bolt|spd|1
|move|p1a: Alomomola|Play Rough|p2a: Raging Bolt
|-supereffective|p2a: Raging Bolt
|-damage|p2a: Raging Bolt|0 fnt
|faint|p2a: Raging Bolt
|-end|p2a: Raging Bolt|Protosynthesis|[silent]
|
|upkeep
|
|t:|1781541252
|switch|p2a: Iron Crown|Iron Crown|100/100
|-enditem|p2a: Iron Crown|Booster Energy
|-activate|p2a: Iron Crown|ability: Quark Drive|[fromitem]
|-start|p2a: Iron Crown|quarkdrivespe
|turn|17
|
|t:|1781541261
|switch|p1a: Gholdengo|Gholdengo, shiny|94/100
|move|p2a: Iron Crown|Calm Mind|p2a: Iron Crown
|-boost|p2a: Iron Crown|spa|1
|-boost|p2a: Iron Crown|spd|1
|
|upkeep
|turn|18
|
|t:|1781541267
|move|p2a: Iron Crown|Calm Mind|p2a: Iron Crown
|-boost|p2a: Iron Crown|spa|1
|-boost|p2a: Iron Crown|spd|1
|move|p1a: Gholdengo|Shadow Ball|p2a: Iron Crown
|-supereffective|p2a: Iron Crown
|-damage|p2a: Iron Crown|58/100
|
|upkeep
|turn|19
|
|t:|1781541274
|move|p2a: Iron Crown|Stored Power|p1a: Gholdengo
|-resisted|p1a: Gholdengo
|-damage|p1a: Gholdengo|36/100
|move|p1a: Gholdengo|Shadow Ball|p2a: Iron Crown
|-supereffective|p2a: Iron Crown
|-damage|p2a: Iron Crown|21/100
|
|upkeep
|turn|20
|
|t:|1781541277
|switch|p1a: Mandibuzz|Mandibuzz, F, shiny|81/100
|move|p2a: Iron Crown|Stored Power|p1a: Mandibuzz
|-immune|p1a: Mandibuzz
|
|upkeep
|turn|21
|
|t:|1781541282
|move|p2a: Iron Crown|Focus Blast|p1a: Mandibuzz
|-damage|p1a: Mandibuzz|22/100
|move|p1a: Mandibuzz|Foul Play|p2a: Iron Crown
|-supereffective|p2a: Iron Crown
|-damage|p2a: Iron Crown|0 fnt
|faint|p2a: Iron Crown
|-end|p2a: Iron Crown|Quark Drive|[silent]
|
|upkeep
|
|t:|1781541289
|switch|p2a: Zamazenta|Zamazenta|100/100
|-ability|p2a: Zamazenta|Dauntless Shield|boost
|-boost|p2a: Zamazenta|def|1
|turn|22
|
|t:|1781541306
|move|p2a: Zamazenta|Substitute|p2a: Zamazenta
|-start|p2a: Zamazenta|Substitute
|-damage|p2a: Zamazenta|75/100
|move|p1a: Mandibuzz|U-turn|p2a: Zamazenta
|-resisted|p2a: Zamazenta
|-activate|p2a: Zamazenta|move: Substitute|[damage]
|
|t:|1781541317
|switch|p1a: Alomomola|Alomomola, L99, M, shiny, tera:Fairy|92/100|[from] U-turn
|
|-heal|p2a: Zamazenta|82/100|[from] item: Leftovers
|upkeep
|turn|23
|
|t:|1781541325
|switch|p2a: Glimmora|Glimmora, F, tera:Ghost|83/100
|move|p1a: Alomomola|Scald|p2a: Glimmora
|-damage|p2a: Glimmora|70/100
|
|upkeep
|turn|24
|
|t:|1781541330
|move|p2a: Glimmora|Earth Power|p1a: Alomomola
|-crit|p1a: Alomomola
|-damage|p1a: Alomomola|72/100
|move|p1a: Alomomola|Scald|p2a: Glimmora
|-damage|p2a: Glimmora|56/100
|
|upkeep
|turn|25
|
|t:|1781541334
|move|p2a: Glimmora|Mortal Spin|p1a: Alomomola
|-supereffective|p1a: Alomomola
|-damage|p1a: Alomomola|64/100
|-status|p1a: Alomomola|psn
|move|p1a: Alomomola|Mirror Coat||[still]
|-fail|p1a: Alomomola
|
|-damage|p1a: Alomomola|51/100 psn|[from] psn
|upkeep
|turn|26
|
|t:|1781541340
|switch|p1a: Mandibuzz|Mandibuzz, F, shiny|22/100
|move|p2a: Glimmora|Stealth Rock|p1a: Mandibuzz
|-sidestart|p1: SmolTuna|move: Stealth Rock
|
|upkeep
|turn|27
|
|t:|1781541343
|switch|p1a: Gholdengo|Gholdengo, shiny|36/100
|-damage|p1a: Gholdengo|30/100|[from] Stealth Rock
|move|p2a: Glimmora|Mortal Spin|p1a: Gholdengo
|-immune|p1a: Gholdengo
|
|upkeep
|turn|28
|
|t:|1781541347
|move|p1a: Gholdengo|Shadow Ball|p2a: Glimmora
|-supereffective|p2a: Glimmora
|-damage|p2a: Glimmora|0 fnt
|faint|p2a: Glimmora
|
|upkeep
|
|t:|1781541349
|switch|p2a: Zamazenta|Zamazenta|82/100
|turn|29
|
|t:|1781541351
|move|p1a: Gholdengo|Shadow Ball|p2a: Zamazenta
|-damage|p2a: Zamazenta|47/100
|move|p2a: Zamazenta|Crunch|p1a: Gholdengo
|-supereffective|p1a: Gholdengo
|-damage|p1a: Gholdengo|0 fnt
|faint|p1a: Gholdengo
|
|-heal|p2a: Zamazenta|53/100|[from] item: Leftovers
|upkeep
|
|t:|1781541357
|switch|p1a: Lokix|Lokix, M, shiny|100/100
|-damage|p1a: Lokix|76/100|[from] Stealth Rock
|turn|30
|
|t:|1781541367
|move|p1a: Lokix|First Impression|p2a: Zamazenta
|-resisted|p2a: Zamazenta
|-damage|p2a: Zamazenta|5/100
|move|p2a: Zamazenta|Iron Defense|p2a: Zamazenta
|-boost|p2a: Zamazenta|def|2
|
|-heal|p2a: Zamazenta|11/100|[from] item: Leftovers
|upkeep
|turn|31
|
|t:|1781541377
|switch|p1a: Mandibuzz|Mandibuzz, F, shiny|22/100
|move|p2a: Zamazenta|Iron Defense|p2a: Zamazenta
|-boost|p2a: Zamazenta|def|2
|
|-heal|p2a: Zamazenta|17/100|[from] item: Leftovers
|upkeep
|turn|32
|
|t:|1781541387
|move|p2a: Zamazenta|Iron Defense|p2a: Zamazenta
|-boost|p2a: Zamazenta|def|2
|move|p1a: Mandibuzz|U-turn|p2a: Zamazenta
|-resisted|p2a: Zamazenta
|-damage|p2a: Zamazenta|16/100
|
|t:|1781541394
|switch|p1a: Lokix|Lokix, M, shiny|76/100|[from] U-turn
|-damage|p1a: Lokix|51/100|[from] Stealth Rock
|
|-heal|p2a: Zamazenta|22/100|[from] item: Leftovers
|upkeep
|turn|33
|
|t:|1781541398
|move|p1a: Lokix|First Impression|p2a: Zamazenta
|-resisted|p2a: Zamazenta
|-damage|p2a: Zamazenta|11/100
|move|p2a: Zamazenta|Body Press|p1a: Lokix
|-damage|p1a: Lokix|0 fnt
|faint|p1a: Lokix
|
|-heal|p2a: Zamazenta|17/100|[from] item: Leftovers
|upkeep
|
|t:|1781541400
|switch|p1a: Alomomola|Alomomola, L99, M, shiny, tera:Fairy|85/100 psn
|-damage|p1a: Alomomola|72/100 psn|[from] Stealth Rock
|turn|34
|
|t:|1781541409
|move|p2a: Zamazenta|Body Press|p1a: Alomomola
|-resisted|p1a: Alomomola
|-damage|p1a: Alomomola|30/100 psn
|move|p1a: Alomomola|Scald|p2a: Zamazenta
|-damage|p2a: Zamazenta|6/100
|
|-heal|p2a: Zamazenta|12/100|[from] item: Leftovers
|-damage|p1a: Alomomola|18/100 psn|[from] psn
|upkeep
|turn|35
|
|t:|1781541418
|move|p2a: Zamazenta|Body Press|p1a: Alomomola
|-resisted|p1a: Alomomola
|-damage|p1a: Alomomola|0 fnt
|faint|p1a: Alomomola
|
|-heal|p2a: Zamazenta|18/100|[from] item: Leftovers
|upkeep
|-message|SmolTuna forfeited.
|
|win|stone xo
|raw|SmolTuna's rating: 1570 &rarr; <strong>1554</strong><br />(-16 for losing)
|raw|stone xo's rating: 1643 &rarr; <strong>1659</strong><br />(+16 for winning)
|l|☆SmolTuna
|player|p1|
|c|☆stone xo|gg
|l|☆stone xo
|player|p2|
