|j|☆sterster
|j|☆employment devil
|t:|1781022271
|gametype|singles
|player|p1|sterster|170|1684
|player|p2|employment devil|lusamine-nihilego|1728
|gen|9
|tier|[Gen 9] OU
|rated|
|rule|HP Percentage Mod: HP is shown in percentages
|rule|Endless Battle Clause: Forcing endless battles is banned
|rule|Species Clause: Limit one of each Pokémon
|rule|OHKO Clause: OHKO moves are banned
|rule|Evasion Items Clause: Evasion items are banned
|rule|Evasion Moves Clause: Evasion moves are banned
|rule|Evasion Abilities Clause: Evasion abilities are banned
|rule|Sleep Moves Clause: Sleep-inducing moves are banned
|clearpoke
|poke|p1|Kingambit, F|
|poke|p1|Zapdos|
|poke|p1|Primarina, M|
|poke|p1|Clodsire, F|
|poke|p1|Cinderace, F|
|poke|p1|Deoxys-Speed|
|poke|p2|Landorus-Therian, M|
|poke|p2|Walking Wake|
|poke|p2|Ogerpon-Wellspring, F|
|poke|p2|Samurott-Hisui, M|
|poke|p2|Iron Moth|
|poke|p2|Gholdengo|
|teampreview
|c|☆employment devil|hf
|
|t:|1781022305
|teamsize|p1|6
|teamsize|p2|6
|start
|switch|p1a: DosSta.D.I.X|Zapdos|100/100
|switch|p2a: Ogerpon|Ogerpon-Wellspring, F|100/100
|turn|1
|
|t:|1781022312
|switch|p2a: Landorus|Landorus-Therian, M|100/100
|-ability|p2a: Landorus|Intimidate|boost
|-unboost|p1a: DosSta.D.I.X|atk|1
|move|p1a: DosSta.D.I.X|U-turn|p2a: Landorus
|-resisted|p2a: Landorus
|-damage|p2a: Landorus|97/100
|-damage|p1a: DosSta.D.I.X|84/100|[from] item: Rocky Helmet|[of] p2a: Landorus
|
|t:|1781022329
|switch|p1a: BonnieBoost|Deoxys-Speed|100/100|[from] U-turn
|-ability|p1a: BonnieBoost|Pressure
|
|upkeep
|turn|2
|
|t:|1781022342
|switch|p2a: Samurott|Samurott-Hisui, M|100/100
|move|p1a: BonnieBoost|Psycho Boost|p2a: Samurott
|-immune|p2a: Samurott
|
|upkeep
|turn|3
|
|t:|1781022347
|switch|p1a: LaurynChill|Primarina, M|100/100
|move|p2a: Samurott|Razor Shell|p1a: LaurynChill
|-resisted|p1a: LaurynChill
|-damage|p1a: LaurynChill|66/100
|
|upkeep
|turn|4
|
|t:|1781022352
|move|p2a: Samurott|Razor Shell|p1a: LaurynChill
|-resisted|p1a: LaurynChill
|-damage|p1a: LaurynChill|32/100
|move|p1a: LaurynChill|Flip Turn|p2a: Samurott
|-resisted|p2a: Samurott
|-damage|p2a: Samurott|87/100
|
|t:|1781022356
|switch|p1a: DosSta.D.I.X|Zapdos|84/100|[from] Flip Turn
|
|upkeep
|turn|5
|
|t:|1781022363
|switch|p2a: Landorus|Landorus-Therian, M|97/100
|-ability|p2a: Landorus|Intimidate|boost
|-unboost|p1a: DosSta.D.I.X|atk|1
|move|p1a: DosSta.D.I.X|Discharge|p2a: Landorus
|-immune|p2a: Landorus
|
|upkeep
|turn|6
|
|t:|1781022372
|move|p2a: Landorus|Taunt|p1a: DosSta.D.I.X
|-start|p1a: DosSta.D.I.X|move: Taunt
|move|p1a: DosSta.D.I.X|Hurricane|p2a: Landorus|[miss]
|-miss|p1a: DosSta.D.I.X|p2a: Landorus
|
|upkeep
|turn|7
|
|t:|1781022381
|move|p2a: Landorus|Stealth Rock|p1a: DosSta.D.I.X
|-sidestart|p1: sterster|move: Stealth Rock
|move|p1a: DosSta.D.I.X|Hurricane|p2a: Landorus
|-damage|p2a: Landorus|47/100
|
|upkeep
|turn|8
|
|t:|1781022389
|move|p2a: Landorus|U-turn|p1a: DosSta.D.I.X
|-resisted|p1a: DosSta.D.I.X
|-damage|p1a: DosSta.D.I.X|77/100
|-status|p2a: Landorus|par|[from] ability: Static|[of] p1a: DosSta.D.I.X
|
|t:|1781022391
|switch|p2a: Samurott|Samurott-Hisui, M|87/100|[from] U-turn
|move|p1a: DosSta.D.I.X|Hurricane|p2a: Samurott
|-damage|p2a: Samurott|23/100
|
|-end|p1a: DosSta.D.I.X|move: Taunt
|upkeep
|turn|9
|
|t:|1781022402
|move|p2a: Samurott|Razor Shell|p1a: DosSta.D.I.X
|-damage|p1a: DosSta.D.I.X|34/100
|-unboost|p1a: DosSta.D.I.X|def|1
|move|p1a: DosSta.D.I.X|U-turn|p2a: Samurott
|-supereffective|p2a: Samurott
|-damage|p2a: Samurott|1/100
|
|t:|1781022424
|switch|p1a: DonnieCourtman|Cinderace, F|100/100|[from] U-turn
|
|upkeep
|turn|10
|
|t:|1781022428
|move|p2a: Samurott|Sucker Punch|p1a: DonnieCourtman
|-damage|p1a: DonnieCourtman|58/100
|move|p1a: DonnieCourtman|U-turn|p2a: Samurott
|-supereffective|p2a: Samurott
|-damage|p2a: Samurott|0 fnt
|faint|p2a: Samurott
|
|t:|1781022438
|switch|p1a: DosSta.D.I.X|Zapdos|34/100|[from] U-turn
|
|upkeep
|
|t:|1781022445
|switch|p2a: Ogerpon|Ogerpon-Wellspring, F|100/100
|turn|11
|
|t:|1781022462
|move|p2a: Ogerpon|Ivy Cudgel|p1a: DosSta.D.I.X|[anim] Ivy Cudgel Water
|-damage|p1a: DosSta.D.I.X|0 fnt
|faint|p1a: DosSta.D.I.X
|
|upkeep
|
|t:|1781022470
|switch|p1a: BonnieBoost|Deoxys-Speed|100/100
|-damage|p1a: BonnieBoost|88/100|[from] Stealth Rock
|-ability|p1a: BonnieBoost|Pressure
|turn|12
|
|t:|1781022478
|-terastallize|p2a: Ogerpon|Water
|detailschange|p2a: Ogerpon|Ogerpon-Wellspring-Tera, F, tera:Water
|-ability|p2a: Ogerpon|Embody Aspect (Wellspring)|boost
|-boost|p2a: Ogerpon|spd|1
|move|p1a: BonnieBoost|Psycho Boost|p2a: Ogerpon
|-damage|p2a: Ogerpon|21/100
|-unboost|p1a: BonnieBoost|spa|2
|move|p2a: Ogerpon|Ivy Cudgel|p1a: BonnieBoost|[anim] Ivy Cudgel Water
|-damage|p1a: BonnieBoost|0 fnt
|faint|p1a: BonnieBoost
|
|upkeep
|
|t:|1781022491
|switch|p1a: DonnieCourtman|Cinderace, F|58/100
|turn|13
|
|t:|1781022497
|switch|p2a: Landorus|Landorus-Therian, M|47/100 par
|-ability|p2a: Landorus|Intimidate|boost
|-unboost|p1a: DonnieCourtman|atk|1
|move|p1a: DonnieCourtman|U-turn|p2a: Landorus
|-resisted|p2a: Landorus
|-damage|p2a: Landorus|41/100 par
|-damage|p1a: DonnieCourtman|42/100|[from] item: Rocky Helmet|[of] p2a: Landorus
|
|t:|1781022502
|switch|p1a: LaurynChill|Primarina, M|32/100|[from] U-turn
|-damage|p1a: LaurynChill|19/100|[from] Stealth Rock
|
|upkeep
|turn|14
|
|t:|1781022506
|move|p1a: LaurynChill|Surf|p2a: Landorus
|-supereffective|p2a: Landorus
|-damage|p2a: Landorus|0 fnt
|faint|p2a: Landorus
|
|upkeep
|
|t:|1781022512
|switch|p2a: Ogerpon|Ogerpon-Wellspring-Tera, F, tera:Water|21/100
|-ability|p2a: Ogerpon|Embody Aspect (Wellspring)|boost
|-boost|p2a: Ogerpon|spd|1
|turn|15
|
|t:|1781022519
|move|p2a: Ogerpon|Ivy Cudgel|p1a: LaurynChill|[anim] Ivy Cudgel Water
|-resisted|p1a: LaurynChill
|-damage|p1a: LaurynChill|0 fnt
|faint|p1a: LaurynChill
|
|upkeep
|
|t:|1781022523
|switch|p1a: DonnieCourtman|Cinderace, F|42/100
|turn|16
|
|t:|1781022539
|switch|p2a: Walking Wake|Walking Wake|100/100
|-enditem|p2a: Walking Wake|Booster Energy
|-activate|p2a: Walking Wake|ability: Protosynthesis|[fromitem]
|-start|p2a: Walking Wake|protosynthesisspa
|move|p1a: DonnieCourtman|Court Change|p1a: DonnieCourtman
|-swapsideconditions
|-activate|p1a: DonnieCourtman|move: Court Change
|
|upkeep
|turn|17
|
|t:|1781022551
|move|p1a: DonnieCourtman|Will-O-Wisp|p2a: Walking Wake
|-status|p2a: Walking Wake|brn
|move|p2a: Walking Wake|Surf|p1a: DonnieCourtman
|-supereffective|p1a: DonnieCourtman
|-damage|p1a: DonnieCourtman|0 fnt
|faint|p1a: DonnieCourtman
|
|-damage|p2a: Walking Wake|94/100 brn|[from] brn
|upkeep
|
|t:|1781022557
|switch|p1a: SwitchinStature|Clodsire, F|100/100
|turn|18
|
|t:|1781022561
|move|p2a: Walking Wake|Surf|p1a: SwitchinStature
|-supereffective|p1a: SwitchinStature
|-damage|p1a: SwitchinStature|10/100
|move|p1a: SwitchinStature|Earthquake|p2a: Walking Wake
|-damage|p2a: Walking Wake|67/100 brn
|
|-damage|p2a: Walking Wake|61/100 brn|[from] brn
|upkeep
|turn|19
|
|t:|1781022567
|move|p2a: Walking Wake|Surf|p1a: SwitchinStature
|-supereffective|p1a: SwitchinStature
|-crit|p1a: SwitchinStature
|-damage|p1a: SwitchinStature|0 fnt
|faint|p1a: SwitchinStature
|
|-damage|p2a: Walking Wake|54/100 brn|[from] brn
|upkeep
|
|t:|1781022569
|switch|p1a: OneWingedAngel|Kingambit, F|100/100
|-activate|p1a: OneWingedAngel|ability: Supreme Overlord
|-start|p1a: OneWingedAngel|fallen5|[silent]
|turn|20
|
|t:|1781022572
|move|p2a: Walking Wake|Surf|p1a: OneWingedAngel
|-damage|p1a: OneWingedAngel|33/100
|move|p1a: OneWingedAngel|Swords Dance|p1a: OneWingedAngel
|-boost|p1a: OneWingedAngel|atk|2
|
|-heal|p1a: OneWingedAngel|39/100|[from] item: Leftovers
|-damage|p2a: Walking Wake|48/100 brn|[from] brn
|upkeep
|turn|21
|
|t:|1781022576
|move|p1a: OneWingedAngel|Sucker Punch|p2a: Walking Wake
|-damage|p2a: Walking Wake|0 fnt
|faint|p2a: Walking Wake
|-end|p2a: Walking Wake|Protosynthesis|[silent]
|
|-heal|p1a: OneWingedAngel|45/100|[from] item: Leftovers
|upkeep
|
|t:|1781022578
|switch|p2a: Ogerpon|Ogerpon-Wellspring-Tera, F, tera:Water|21/100
|-damage|p2a: Ogerpon|9/100|[from] Stealth Rock
|-ability|p2a: Ogerpon|Embody Aspect (Wellspring)|boost
|-boost|p2a: Ogerpon|spd|1
|turn|22
|
|t:|1781022583
|move|p2a: Ogerpon|Encore|p1a: OneWingedAngel
|-start|p1a: OneWingedAngel|Encore
|move|p1a: OneWingedAngel|Sucker Punch||[still]
|-fail|p1a: OneWingedAngel
|
|-heal|p1a: OneWingedAngel|51/100|[from] item: Leftovers
|upkeep
|turn|23
|
|t:|1781022586
|move|p1a: OneWingedAngel|Sucker Punch||[still]
|-fail|p1a: OneWingedAngel
|move|p2a: Ogerpon|Swords Dance|p2a: Ogerpon
|-boost|p2a: Ogerpon|atk|2
|
|-heal|p1a: OneWingedAngel|57/100|[from] item: Leftovers
|upkeep
|turn|24
|-message|sterster forfeited.
|
|win|employment devil
|raw|sterster's rating: 1684 &rarr; <strong>1667</strong><br />(-17 for losing)
|raw|employment devil's rating: 1728 &rarr; <strong>1745</strong><br />(+17 for winning)
|l|☆sterster
|player|p1|
