|badge|p2|bronze|gen9randombattle|100-9
|badge|p2|bronze|gen9ubers|100-9
|uhtml|medal-msg|<div class="broadcast-blue">Curious what those medals under the avatar are? PS now has Ladder Seasons! For more information, check out the <a href="https://www.smogon.com/forums/threads/3740067/">thread on Smogon.</a></div>
|j|☆lord shiddenfards
|j|☆oddishlover4
|t:|1781335454
|gametype|singles
|player|p1|lord shiddenfards|blaine|1679
|player|p2|oddishlover4|acetrainerf|1676
|gen|9
|tier|[Gen 9] OU
|rated|
|rule|HP Percentage Mod: HP is shown in percentages
|rule|Endless Battle Clause: Forcing endless battles is banned
|rule|Species Clause: Limit one of each Pokémon
|rule|OHKO Clause: OHKO moves are banned
|rule|Evasion Items Clause: Evasion items are banned
|rule|Evasion Moves Clause: Evasion moves are banned
|rule|Evasion Abilities Clause: Evasion abilities are banned
|rule|Sleep Moves Clause: Sleep-inducing moves are banned
|clearpoke
|poke|p1|Ninetales, F|
|poke|p1|Great Tusk|
|poke|p1|Slither Wing|
|poke|p1|Alomomola, M|
|poke|p1|Iron Moth|
|poke|p1|Raging Bolt|
|poke|p2|Kyurem|
|poke|p2|Hatterene, F|
|poke|p2|Darkrai|
|poke|p2|Great Tusk|
|poke|p2|Dragonite, F|
|poke|p2|Gholdengo|
|teampreview
|inactive|Battle timer is ON: inactive players will automatically lose when time's up. (requested by lord shiddenfards)
|
|t:|1781335473
|teamsize|p1|6
|teamsize|p2|6
|start
|switch|p1a: Ninetales|Ninetales, F|100/100
|switch|p2a: Boompala|Kyurem|100/100
|-weather|SunnyDay|[from] ability: Drought|[of] p1a: Ninetales
|-ability|p2a: Boompala|Pressure
|turn|1
|c|☆oddishlover4|gl/hf!
|inactive|oddishlover4 also wants the timer to be on.
|
|t:|1781335491
|move|p1a: Ninetales|Overheat|p2a: Boompala
|-damage|p2a: Boompala|26/100
|-unboost|p1a: Ninetales|spa|2
|move|p2a: Boompala|Ice Beam|p1a: Ninetales
|-resisted|p1a: Ninetales
|-damage|p1a: Ninetales|74/100
|
|-weather|SunnyDay|[upkeep]
|upkeep
|turn|2
|
|t:|1781335509
|move|p1a: Ninetales|Overheat|p2a: Boompala
|-damage|p2a: Boompala|0 fnt
|-unboost|p1a: Ninetales|spa|2
|faint|p2a: Boompala
|
|-weather|SunnyDay|[upkeep]
|upkeep
|inactive|oddishlover4 has 120 seconds left.
|
|t:|1781335526
|switch|p2a: Fearless|Great Tusk|100/100
|-activate|p2a: Fearless|ability: Protosynthesis
|-start|p2a: Fearless|protosynthesisdef
|turn|3
|inactive|oddishlover4 has 120 seconds left.
|
|t:|1781335543
|switch|p1a: Great Tusk|Great Tusk|100/100
|-activate|p1a: Great Tusk|ability: Protosynthesis
|-start|p1a: Great Tusk|protosynthesisspe
|move|p2a: Fearless|Stealth Rock|p1a: Great Tusk
|-sidestart|p1: lord shiddenfards|move: Stealth Rock
|
|-weather|SunnyDay|[upkeep]
|upkeep
|turn|4
|inactive|oddishlover4 has 120 seconds left.
|
|t:|1781335561
|move|p1a: Great Tusk|Ice Spinner|p2a: Fearless
|-supereffective|p2a: Fearless
|-damage|p2a: Fearless|80/100
|move|p2a: Fearless|Ice Spinner|p1a: Great Tusk
|-supereffective|p1a: Great Tusk
|-damage|p1a: Great Tusk|70/100
|
|-weather|SunnyDay|[upkeep]
|-heal|p2a: Fearless|86/100|[from] item: Leftovers
|upkeep
|turn|5
|
|t:|1781335578
|move|p1a: Great Tusk|Bulk Up|p1a: Great Tusk
|-boost|p1a: Great Tusk|atk|1
|-boost|p1a: Great Tusk|def|1
|move|p2a: Fearless|Ice Spinner|p1a: Great Tusk
|-supereffective|p1a: Great Tusk
|-damage|p1a: Great Tusk|48/100
|
|-weather|none
|-end|p1a: Great Tusk|Protosynthesis
|-end|p2a: Fearless|Protosynthesis
|-heal|p2a: Fearless|92/100|[from] item: Leftovers
|upkeep
|turn|6
|
|t:|1781335596
|move|p1a: Great Tusk|Rapid Spin|p2a: Fearless
|-damage|p2a: Fearless|80/100
|-boost|p1a: Great Tusk|spe|1
|-sideend|p1: lord shiddenfards|Stealth Rock|[from] move: Rapid Spin|[of] p1a: Great Tusk
|move|p2a: Fearless|Ice Spinner|p1a: Great Tusk
|-supereffective|p1a: Great Tusk
|-damage|p1a: Great Tusk|27/100
|
|-heal|p2a: Fearless|86/100|[from] item: Leftovers
|upkeep
|turn|7
|
|t:|1781335609
|-end|p1a: Great Tusk|Protosynthesis|[silent]
|switch|p1a: Ninetales|Ninetales, F|74/100
|-weather|SunnyDay|[from] ability: Drought|[of] p1a: Ninetales
|-activate|p2a: Fearless|ability: Protosynthesis
|-start|p2a: Fearless|protosynthesisdef
|-end|p2a: Fearless|Protosynthesis|[silent]
|switch|p2a: Perfect Night|Darkrai|100/100
|
|-weather|SunnyDay|[upkeep]
|upkeep
|turn|8
|
|t:|1781335627
|switch|p2a: Bluebeard's Wife|Dragonite, F|100/100
|switch|p1a: Alomomola|Alomomola, M|100/100
|
|-weather|SunnyDay|[upkeep]
|upkeep
|turn|9
|
|t:|1781335650
|switch|p2a: Fearless|Great Tusk|86/100
|-activate|p2a: Fearless|ability: Protosynthesis
|-start|p2a: Fearless|protosynthesisdef
|move|p1a: Alomomola|Flip Turn|p2a: Fearless
|-supereffective|p2a: Fearless
|-damage|p2a: Fearless|80/100
|
|t:|1781335654
|switch|p1a: Ninetales|Ninetales, F|74/100|[from] Flip Turn
|
|-weather|SunnyDay|[upkeep]
|-heal|p2a: Fearless|86/100|[from] item: Leftovers
|upkeep
|turn|10
|
|t:|1781335672
|-end|p2a: Fearless|Protosynthesis|[silent]
|switch|p2a: Bluebeard's Wife|Dragonite, F|100/100
|move|p1a: Ninetales|Overheat|p2a: Bluebeard's Wife
|-resisted|p2a: Bluebeard's Wife
|-damage|p2a: Bluebeard's Wife|78/100
|-unboost|p1a: Ninetales|spa|2
|
|-weather|SunnyDay|[upkeep]
|upkeep
|turn|11
|inactive|oddishlover4 has 90 seconds left.
|
|t:|1781335689
|switch|p1a: Alomomola|Alomomola, M|100/100
|move|p2a: Bluebeard's Wife|Roost|p2a: Bluebeard's Wife
|-heal|p2a: Bluebeard's Wife|100/100
|-singleturn|p2a: Bluebeard's Wife|move: Roost
|
|-weather|none
|upkeep
|turn|12
|inactive|oddishlover4 has 90 seconds left.
|
|t:|1781335706
|move|p2a: Bluebeard's Wife|Dragon Dance|p2a: Bluebeard's Wife
|-boost|p2a: Bluebeard's Wife|atk|1
|-boost|p2a: Bluebeard's Wife|spe|1
|move|p1a: Alomomola|Flip Turn|p2a: Bluebeard's Wife
|-resisted|p2a: Bluebeard's Wife
|-damage|p2a: Bluebeard's Wife|97/100
|
|t:|1781335709
|switch|p1a: Raging Bolt|Raging Bolt|100/100|[from] Flip Turn
|
|upkeep
|turn|13
|inactive|oddishlover4 has 90 seconds left.
|
|t:|1781335727
|switch|p2a: Fearless|Great Tusk|86/100
|move|p1a: Raging Bolt|Draco Meteor|p2a: Fearless
|-damage|p2a: Fearless|0 fnt
|-unboost|p1a: Raging Bolt|spa|2
|faint|p2a: Fearless
|-end|p2a: Fearless|Protosynthesis|[silent]
|
|upkeep
|
|t:|1781335745
|switch|p2a: Bluebeard's Wife|Dragonite, F|97/100
|turn|14
|
|t:|1781335762
|move|p2a: Bluebeard's Wife|Dragon Dance|p2a: Bluebeard's Wife
|-boost|p2a: Bluebeard's Wife|atk|1
|-boost|p2a: Bluebeard's Wife|spe|1
|move|p1a: Raging Bolt|Volt Switch|p2a: Bluebeard's Wife
|-damage|p2a: Bluebeard's Wife|77/100
|
|t:|1781335788
|-end|p1a: Raging Bolt|Protosynthesis|[silent]
|switch|p1a: Ninetales|Ninetales, F|74/100|[from] Volt Switch
|-weather|SunnyDay|[from] ability: Drought|[of] p1a: Ninetales
|
|-weather|SunnyDay|[upkeep]
|upkeep
|turn|15
|
|t:|1781335805
|move|p2a: Bluebeard's Wife|Extreme Speed|p1a: Ninetales
|-damage|p1a: Ninetales|6/100
|move|p1a: Ninetales|Overheat|p2a: Bluebeard's Wife
|-resisted|p2a: Bluebeard's Wife
|-damage|p2a: Bluebeard's Wife|28/100
|-unboost|p1a: Ninetales|spa|2
|
|-weather|SunnyDay|[upkeep]
|upkeep
|turn|16
|
|t:|1781335823
|switch|p1a: Alomomola|Alomomola, M|100/100
|move|p2a: Bluebeard's Wife|Roost|p2a: Bluebeard's Wife
|-heal|p2a: Bluebeard's Wife|78/100
|-singleturn|p2a: Bluebeard's Wife|move: Roost
|
|-weather|SunnyDay|[upkeep]
|upkeep
|turn|17
|inactive|oddishlover4 has 60 seconds left.
|
|t:|1781335840
|move|p2a: Bluebeard's Wife|Dragon Dance|p2a: Bluebeard's Wife
|-boost|p2a: Bluebeard's Wife|atk|1
|-boost|p2a: Bluebeard's Wife|spe|1
|move|p1a: Alomomola|Wish|p1a: Alomomola
|
|-weather|SunnyDay|[upkeep]
|upkeep
|turn|18
|inactive|oddishlover4 has 60 seconds left.
|
|t:|1781335857
|move|p2a: Bluebeard's Wife|Dragon Dance|p2a: Bluebeard's Wife
|-boost|p2a: Bluebeard's Wife|atk|1
|-boost|p2a: Bluebeard's Wife|spe|1
|move|p1a: Alomomola|Flip Turn|p2a: Bluebeard's Wife
|-resisted|p2a: Bluebeard's Wife
|-damage|p2a: Bluebeard's Wife|75/100
|
|t:|1781335860
|switch|p1a: Great Tusk|Great Tusk|27/100|[from] Flip Turn
|-activate|p1a: Great Tusk|ability: Protosynthesis
|-start|p1a: Great Tusk|protosynthesisspe
|
|-weather|none
|-end|p1a: Great Tusk|Protosynthesis
|-heal|p1a: Great Tusk|85/100|[from] move: Wish|[wisher] Alomomola
|upkeep
|turn|19
|
|t:|1781335870
|-terastallize|p1a: Great Tusk|Ghost
|move|p2a: Bluebeard's Wife|Roost|p2a: Bluebeard's Wife
|-heal|p2a: Bluebeard's Wife|100/100
|-singleturn|p2a: Bluebeard's Wife|move: Roost
|move|p1a: Great Tusk|Bulk Up|p1a: Great Tusk
|-boost|p1a: Great Tusk|atk|1
|-boost|p1a: Great Tusk|def|1
|
|upkeep
|turn|20
|
|t:|1781335879
|move|p2a: Bluebeard's Wife|Fire Punch|p1a: Great Tusk
|-damage|p1a: Great Tusk|56/100
|move|p1a: Great Tusk|Rapid Spin|p2a: Bluebeard's Wife
|-damage|p2a: Bluebeard's Wife|90/100
|-boost|p1a: Great Tusk|spe|1
|
|upkeep
|turn|21
|
|t:|1781335889
|move|p2a: Bluebeard's Wife|Fire Punch|p1a: Great Tusk
|-damage|p1a: Great Tusk|28/100
|move|p1a: Great Tusk|Ice Spinner|p2a: Bluebeard's Wife
|-supereffective|p2a: Bluebeard's Wife
|-damage|p2a: Bluebeard's Wife|0 fnt
|faint|p2a: Bluebeard's Wife
|
|upkeep
|
|t:|1781335898
|switch|p2a: Antifragile|Hatterene, F|100/100
|turn|22
|
|t:|1781335906
|-end|p1a: Great Tusk|Protosynthesis|[silent]
|switch|p1a: Ninetales|Ninetales, F|6/100
|-weather|SunnyDay|[from] ability: Drought|[of] p1a: Ninetales
|-terastallize|p2a: Antifragile|Flying
|move|p2a: Antifragile|Nuzzle|p1a: Ninetales
|-damage|p1a: Ninetales|1/100
|-status|p1a: Ninetales|par
|
|-weather|SunnyDay|[upkeep]
|upkeep
|turn|23
|
|t:|1781335924
|switch|p2a: Perfect Night|Darkrai|100/100
|move|p1a: Ninetales|Overheat|p2a: Perfect Night
|-damage|p2a: Perfect Night|0 fnt
|-unboost|p1a: Ninetales|spa|2
|faint|p2a: Perfect Night
|
|-weather|SunnyDay|[upkeep]
|upkeep
|
|t:|1781335941
|switch|p2a: Antifragile|Hatterene, F, tera:Flying|100/100
|turn|24
|inactive|oddishlover4 has 60 seconds left.
|
|t:|1781335957
|switch|p1a: Alomomola|Alomomola, M|100/100
|move|p2a: Antifragile|Pain Split|p1a: Alomomola
|-sethp|p1a: Alomomola|83/100|[from] move: Pain Split|[silent]
|-sethp|p2a: Antifragile|100/100|[from] move: Pain Split
|
|-weather|SunnyDay|[upkeep]
|upkeep
|turn|25
|inactive|oddishlover4 has 60 seconds left.
|
|t:|1781335974
|switch|p2a: Celebration|Gholdengo|100/100
|move|p1a: Alomomola|Flip Turn|p2a: Celebration
|-damage|p2a: Celebration|94/100
|
|t:|1781335976
|switch|p1a: Raging Bolt|Raging Bolt|100/100|[from] Flip Turn
|-activate|p1a: Raging Bolt|ability: Protosynthesis
|-start|p1a: Raging Bolt|protosynthesisspa
|
|-weather|SunnyDay|[upkeep]
|upkeep
|turn|26
|inactive|oddishlover4 has 60 seconds left.
|
|t:|1781335992
|move|p2a: Celebration|Recover|p2a: Celebration
|-heal|p2a: Celebration|100/100
|move|p1a: Raging Bolt|Weather Ball|p2a: Celebration
|-supereffective|p2a: Celebration
|-damage|p2a: Celebration|0 fnt
|faint|p2a: Celebration
|
|-weather|none
|-end|p1a: Raging Bolt|Protosynthesis
|upkeep
|
|t:|1781335999
|switch|p2a: Antifragile|Hatterene, F, tera:Flying|100/100
|turn|27
|inactive|oddishlover4 has 60 seconds left.
|
|t:|1781336005
|move|p1a: Raging Bolt|Volt Switch|p2a: Antifragile
|-supereffective|p2a: Antifragile
|-damage|p2a: Antifragile|5/100
|
|t:|1781336009
|-end|p1a: Raging Bolt|Protosynthesis|[silent]
|switch|p1a: Ninetales|Ninetales, F|1/100 par|[from] Volt Switch
|-weather|SunnyDay|[from] ability: Drought|[of] p1a: Ninetales
|move|p2a: Antifragile|Psychic Noise|p1a: Ninetales
|-damage|p1a: Ninetales|0 fnt
|faint|p1a: Ninetales
|
|-weather|SunnyDay|[upkeep]
|upkeep
|
|t:|1781336012
|switch|p1a: Raging Bolt|Raging Bolt|100/100
|-activate|p1a: Raging Bolt|ability: Protosynthesis
|-start|p1a: Raging Bolt|protosynthesisspa
|turn|28
|
|t:|1781336015
|move|p1a: Raging Bolt|Volt Switch|p2a: Antifragile
|-supereffective|p2a: Antifragile
|-damage|p2a: Antifragile|0 fnt
|faint|p2a: Antifragile
|
|win|lord shiddenfards
|raw|lord shiddenfards's rating: 1679 &rarr; <strong>1699</strong><br />(+20 for winning)
|raw|oddishlover4's rating: 1676 &rarr; <strong>1656</strong><br />(-20 for losing)
|c|☆oddishlover4|GG!
|c|☆lord shiddenfards|gg
|l|☆lord shiddenfards
|player|p1|
