|j|☆KurisuChestnutOU
|j|☆kennojex
|t:|1781149550
|gametype|singles
|player|p1|KurisuChestnutOU|may-contest|1629
|player|p2|kennojex|lucas|1588
|gen|9
|tier|[Gen 9] OU
|rated|
|rule|HP Percentage Mod: HP is shown in percentages
|rule|Endless Battle Clause: Forcing endless battles is banned
|rule|Species Clause: Limit one of each Pokémon
|rule|OHKO Clause: OHKO moves are banned
|rule|Evasion Items Clause: Evasion items are banned
|rule|Evasion Moves Clause: Evasion moves are banned
|rule|Evasion Abilities Clause: Evasion abilities are banned
|rule|Sleep Moves Clause: Sleep-inducing moves are banned
|clearpoke
|poke|p1|Hawlucha, F|
|poke|p1|Samurott-Hisui, F|
|poke|p1|Rillaboom, F|
|poke|p1|Gholdengo|
|poke|p1|Kyurem|
|poke|p1|Landorus-Therian, M|
|poke|p2|Grimmsnarl, M|
|poke|p2|Garganacl, F|
|poke|p2|Manaphy|
|poke|p2|Latias, F|
|poke|p2|Corviknight, F|
|poke|p2|Iron Moth|
|teampreview
|inactive|Battle timer is ON: inactive players will automatically lose when time's up. (requested by KurisuChestnutOU)
|
|t:|1781149580
|teamsize|p1|6
|teamsize|p2|6
|start
|switch|p1a: Rillaboom|Rillaboom, F|100/100
|switch|p2a: Grimmsnarl|Grimmsnarl, M|100/100
|-fieldstart|move: Grassy Terrain|[from] ability: Grassy Surge|[of] p1a: Rillaboom
|turn|1
|
|t:|1781149586
|move|p2a: Grimmsnarl|Reflect|p2a: Grimmsnarl
|-sidestart|p2: kennojex|Reflect
|move|p1a: Rillaboom|Wood Hammer|p2a: Grimmsnarl
|-damage|p2a: Grimmsnarl|44/100
|-damage|p1a: Rillaboom|81/100|[from] Recoil
|
|-heal|p1a: Rillaboom|87/100|[from] Grassy Terrain
|-heal|p2a: Grimmsnarl|50/100|[from] Grassy Terrain
|upkeep
|turn|2
|
|t:|1781149591
|move|p2a: Grimmsnarl|Parting Shot|p1a: Rillaboom
|-unboost|p1a: Rillaboom|atk|1
|-unboost|p1a: Rillaboom|spa|1
|
|t:|1781149595
|switch|p2a: Iron Moth|Iron Moth|100/100|[from] Parting Shot
|-enditem|p2a: Iron Moth|Booster Energy
|-activate|p2a: Iron Moth|ability: Quark Drive|[fromitem]
|-start|p2a: Iron Moth|quarkdrivespa
|move|p1a: Rillaboom|Swords Dance|p1a: Rillaboom
|-boost|p1a: Rillaboom|atk|2
|
|-heal|p1a: Rillaboom|93/100|[from] Grassy Terrain
|upkeep
|turn|3
|
|t:|1781149598
|switch|p1a: Samurott|Samurott-Hisui, F|100/100
|move|p2a: Iron Moth|Agility|p2a: Iron Moth
|-boost|p2a: Iron Moth|spe|2
|
|upkeep
|turn|4
|
|t:|1781149603
|move|p2a: Iron Moth|Dazzling Gleam|p1a: Samurott
|-supereffective|p1a: Samurott
|-damage|p1a: Samurott|47/100
|move|p1a: Samurott|Ceaseless Edge|p2a: Iron Moth
|-damage|p2a: Iron Moth|67/100
|-sidestart|p2: kennojex|Spikes
|
|-heal|p2a: Iron Moth|73/100|[from] Grassy Terrain
|-heal|p1a: Samurott|53/100|[from] Grassy Terrain
|upkeep
|turn|5
|
|t:|1781149607
|move|p2a: Iron Moth|Dazzling Gleam|p1a: Samurott
|-supereffective|p1a: Samurott
|-damage|p1a: Samurott|0 fnt
|faint|p1a: Samurott
|
|-heal|p2a: Iron Moth|79/100|[from] Grassy Terrain
|-fieldend|move: Grassy Terrain
|upkeep
|
|t:|1781149614
|switch|p1a: Kyurem|Kyurem|100/100
|-ability|p1a: Kyurem|Pressure
|turn|6
|
|t:|1781149624
|move|p2a: Iron Moth|Sludge Wave|p1a: Kyurem
|-damage|p1a: Kyurem|54/100
|move|p1a: Kyurem|Earth Power|p2a: Iron Moth
|-supereffective|p2a: Iron Moth
|-damage|p2a: Iron Moth|0 fnt
|faint|p2a: Iron Moth
|-end|p2a: Iron Moth|Quark Drive|[silent]
|
|upkeep
|
|t:|1781149631
|switch|p2a: Grimmsnarl|Grimmsnarl, M|50/100
|-damage|p2a: Grimmsnarl|38/100|[from] Spikes
|turn|7
|
|t:|1781149634
|switch|p1a: Landorus|Landorus-Therian, M|100/100
|-ability|p1a: Landorus|Intimidate|boost
|-unboost|p2a: Grimmsnarl|atk|1
|move|p2a: Grimmsnarl|Light Screen|p2a: Grimmsnarl
|-sidestart|p2: kennojex|move: Light Screen
|
|upkeep
|turn|8
|
|t:|1781149639
|move|p2a: Grimmsnarl|Parting Shot|p1a: Landorus
|-unboost|p1a: Landorus|atk|1
|-unboost|p1a: Landorus|spa|1
|
|t:|1781149642
|switch|p2a: Corviknight|Corviknight, F, shiny|100/100|[from] Parting Shot
|move|p1a: Landorus|Stealth Rock|p2a: Corviknight
|-sidestart|p2: kennojex|move: Stealth Rock
|
|-sideend|p2: kennojex|Reflect
|upkeep
|turn|9
|
|t:|1781149646
|switch|p1a: Gholdengo|Gholdengo|100/100
|move|p2a: Corviknight|Agility|p2a: Corviknight
|-boost|p2a: Corviknight|spe|2
|
|upkeep
|turn|10
|
|t:|1781149652
|move|p1a: Gholdengo|Shadow Ball|p2a: Corviknight
|-damage|p2a: Corviknight|85/100
|-ability|p2a: Corviknight|Mirror Armor
|-unboost|p1a: Gholdengo|spd|1
|move|p2a: Corviknight|Power Trip|p1a: Gholdengo
|-supereffective|p1a: Gholdengo
|-damage|p1a: Gholdengo|71/100
|
|-heal|p2a: Corviknight|92/100|[from] item: Leftovers
|upkeep
|turn|11
|
|t:|1781149659
|switch|p1a: Landorus|Landorus-Therian, M|100/100
|-ability|p1a: Landorus|Intimidate|boost
|-ability|p2a: Corviknight|Mirror Armor
|-unboost|p1a: Landorus|atk|1
|move|p2a: Corviknight|Agility|p2a: Corviknight
|-boost|p2a: Corviknight|spe|2
|
|-heal|p2a: Corviknight|98/100|[from] item: Leftovers
|upkeep
|turn|12
|
|t:|1781149666
|move|p2a: Corviknight|Iron Defense|p2a: Corviknight
|-boost|p2a: Corviknight|def|2
|move|p1a: Landorus|Taunt|p2a: Corviknight
|-start|p2a: Corviknight|move: Taunt
|
|-heal|p2a: Corviknight|100/100|[from] item: Leftovers
|upkeep
|turn|13
|
|t:|1781149673
|switch|p1a: Hawlucha|Hawlucha, F|100/100
|move|p2a: Corviknight|Power Trip|p1a: Hawlucha
|-resisted|p1a: Hawlucha
|-crit|p1a: Hawlucha
|-damage|p1a: Hawlucha|74/100
|
|upkeep
|turn|14
|
|t:|1781149678
|move|p2a: Corviknight|Power Trip|p1a: Hawlucha
|-resisted|p1a: Hawlucha
|-damage|p1a: Hawlucha|57/100
|move|p1a: Hawlucha|Swords Dance|p1a: Hawlucha
|-boost|p1a: Hawlucha|atk|2
|
|-sideend|p2: kennojex|move: Light Screen
|upkeep
|turn|15
|
|t:|1781149686
|move|p2a: Corviknight|Power Trip|p1a: Hawlucha
|-resisted|p1a: Hawlucha
|-damage|p1a: Hawlucha|39/100
|move|p1a: Hawlucha|Roost|p1a: Hawlucha
|-heal|p1a: Hawlucha|89/100
|-singleturn|p1a: Hawlucha|move: Roost
|
|-end|p2a: Corviknight|move: Taunt
|upkeep
|turn|16
|
|t:|1781149693
|move|p2a: Corviknight|Iron Defense|p2a: Corviknight
|-boost|p2a: Corviknight|def|2
|move|p1a: Hawlucha|Swords Dance|p1a: Hawlucha
|-boost|p1a: Hawlucha|atk|2
|
|upkeep
|turn|17
|
|t:|1781149700
|move|p2a: Corviknight|Iron Defense|p2a: Corviknight
|-boost|p2a: Corviknight|def|2
|move|p1a: Hawlucha|Low Kick|p2a: Corviknight
|-damage|p2a: Corviknight|76/100
|
|-heal|p2a: Corviknight|83/100|[from] item: Leftovers
|upkeep
|turn|18
|
|t:|1781149705
|move|p2a: Corviknight|Power Trip|p1a: Hawlucha
|-resisted|p1a: Hawlucha
|-damage|p1a: Hawlucha|60/100
|move|p1a: Hawlucha|Low Kick|p2a: Corviknight
|-damage|p2a: Corviknight|60/100
|
|-heal|p2a: Corviknight|66/100|[from] item: Leftovers
|upkeep
|turn|19
|
|t:|1781149713
|move|p2a: Corviknight|Power Trip|p1a: Hawlucha
|-resisted|p1a: Hawlucha
|-damage|p1a: Hawlucha|34/100
|move|p1a: Hawlucha|Roost|p1a: Hawlucha
|-heal|p1a: Hawlucha|84/100
|-singleturn|p1a: Hawlucha|move: Roost
|
|-heal|p2a: Corviknight|72/100|[from] item: Leftovers
|upkeep
|turn|20
|
|t:|1781149718
|move|p2a: Corviknight|Power Trip|p1a: Hawlucha
|-resisted|p1a: Hawlucha
|-damage|p1a: Hawlucha|56/100
|move|p1a: Hawlucha|Low Kick|p2a: Corviknight
|-damage|p2a: Corviknight|49/100
|
|-heal|p2a: Corviknight|55/100|[from] item: Leftovers
|upkeep
|turn|21
|
|t:|1781149721
|move|p2a: Corviknight|Agility|p2a: Corviknight
|-boost|p2a: Corviknight|spe|2
|move|p1a: Hawlucha|Roost|p1a: Hawlucha
|-heal|p1a: Hawlucha|100/100
|-singleturn|p1a: Hawlucha|move: Roost
|
|-heal|p2a: Corviknight|62/100|[from] item: Leftovers
|upkeep
|turn|22
|
|t:|1781149725
|move|p2a: Corviknight|Roost|p2a: Corviknight
|-heal|p2a: Corviknight|100/100
|-singleturn|p2a: Corviknight|move: Roost
|move|p1a: Hawlucha|Low Kick|p2a: Corviknight
|-supereffective|p2a: Corviknight
|-damage|p2a: Corviknight|57/100
|
|-heal|p2a: Corviknight|63/100|[from] item: Leftovers
|upkeep
|turn|23
|
|t:|1781149732
|move|p2a: Corviknight|Power Trip|p1a: Hawlucha
|-resisted|p1a: Hawlucha
|-damage|p1a: Hawlucha|65/100
|move|p1a: Hawlucha|Low Kick|p2a: Corviknight
|-damage|p2a: Corviknight|40/100
|
|-heal|p2a: Corviknight|47/100|[from] item: Leftovers
|upkeep
|turn|24
|
|t:|1781149735
|move|p2a: Corviknight|Power Trip|p1a: Hawlucha
|-resisted|p1a: Hawlucha
|-damage|p1a: Hawlucha|33/100
|move|p1a: Hawlucha|Roost|p1a: Hawlucha
|-heal|p1a: Hawlucha|83/100
|-singleturn|p1a: Hawlucha|move: Roost
|
|-heal|p2a: Corviknight|53/100|[from] item: Leftovers
|upkeep
|turn|25
|
|t:|1781149739
|move|p2a: Corviknight|Power Trip|p1a: Hawlucha
|-resisted|p1a: Hawlucha
|-damage|p1a: Hawlucha|47/100
|move|p1a: Hawlucha|Low Kick|p2a: Corviknight
|-damage|p2a: Corviknight|29/100
|
|-heal|p2a: Corviknight|35/100|[from] item: Leftovers
|upkeep
|turn|26
|
|t:|1781149746
|move|p2a: Corviknight|Roost|p2a: Corviknight
|-heal|p2a: Corviknight|85/100
|-singleturn|p2a: Corviknight|move: Roost
|move|p1a: Hawlucha|Roost|p1a: Hawlucha
|-heal|p1a: Hawlucha|97/100
|-singleturn|p1a: Hawlucha|move: Roost
|
|-heal|p2a: Corviknight|91/100|[from] item: Leftovers
|upkeep
|turn|27
|
|t:|1781149749
|move|p2a: Corviknight|Power Trip|p1a: Hawlucha
|-resisted|p1a: Hawlucha
|-damage|p1a: Hawlucha|62/100
|move|p1a: Hawlucha|Low Kick|p2a: Corviknight
|-damage|p2a: Corviknight|68/100
|
|-heal|p2a: Corviknight|74/100|[from] item: Leftovers
|upkeep
|turn|28
|
|t:|1781149752
|move|p2a: Corviknight|Iron Defense|p2a: Corviknight
|-boost|p2a: Corviknight|def|0
|move|p1a: Hawlucha|Roost|p1a: Hawlucha
|-heal|p1a: Hawlucha|100/100
|-singleturn|p1a: Hawlucha|move: Roost
|
|-heal|p2a: Corviknight|80/100|[from] item: Leftovers
|upkeep
|turn|29
|
|t:|1781149757
|move|p2a: Corviknight|Iron Defense|p2a: Corviknight
|-boost|p2a: Corviknight|def|0
|move|p1a: Hawlucha|Swords Dance|p1a: Hawlucha
|-boost|p1a: Hawlucha|atk|2
|
|-heal|p2a: Corviknight|87/100|[from] item: Leftovers
|upkeep
|turn|30
|
|t:|1781149765
|move|p2a: Corviknight|Iron Defense|p2a: Corviknight
|-boost|p2a: Corviknight|def|0
|move|p1a: Hawlucha|Low Kick|p2a: Corviknight
|-damage|p2a: Corviknight|59/100
|
|-heal|p2a: Corviknight|66/100|[from] item: Leftovers
|upkeep
|turn|31
|
|t:|1781149772
|move|p2a: Corviknight|Iron Defense|p2a: Corviknight
|-boost|p2a: Corviknight|def|0
|move|p1a: Hawlucha|Low Kick|p2a: Corviknight
|-damage|p2a: Corviknight|37/100
|
|-heal|p2a: Corviknight|43/100|[from] item: Leftovers
|upkeep
|turn|32
|
|t:|1781149782
|move|p2a: Corviknight|Power Trip|p1a: Hawlucha
|-resisted|p1a: Hawlucha
|-damage|p1a: Hawlucha|66/100
|move|p1a: Hawlucha|Low Kick|p2a: Corviknight
|-damage|p2a: Corviknight|14/100
|
|-heal|p2a: Corviknight|20/100|[from] item: Leftovers
|upkeep
|turn|33
|
|t:|1781149789
|move|p2a: Corviknight|Roost|p2a: Corviknight
|-heal|p2a: Corviknight|70/100
|-singleturn|p2a: Corviknight|move: Roost
|move|p1a: Hawlucha|Low Kick|p2a: Corviknight
|-supereffective|p2a: Corviknight
|-damage|p2a: Corviknight|7/100
|
|-heal|p2a: Corviknight|13/100|[from] item: Leftovers
|upkeep
|turn|34
|
|t:|1781149793
|move|p2a: Corviknight|Power Trip|p1a: Hawlucha
|-resisted|p1a: Hawlucha
|-damage|p1a: Hawlucha|34/100
|move|p1a: Hawlucha|Low Kick|p2a: Corviknight
|-damage|p2a: Corviknight|0 fnt
|faint|p2a: Corviknight
|
|upkeep
|
|t:|1781149800
|switch|p2a: Grimmsnarl|Grimmsnarl, M|38/100
|-damage|p2a: Grimmsnarl|26/100|[from] Spikes
|-damage|p2a: Grimmsnarl|13/100|[from] Stealth Rock
|turn|35
|
|t:|1781149807
|move|p1a: Hawlucha|Acrobatics|p2a: Grimmsnarl
|-damage|p2a: Grimmsnarl|0 fnt
|faint|p2a: Grimmsnarl
|
|upkeep
|
|t:|1781149811
|switch|p2a: Latias|Latias, F|100/100
|-damage|p2a: Latias|88/100|[from] Stealth Rock
|turn|36
|
|t:|1781149820
|move|p2a: Latias|Agility|p2a: Latias
|-boost|p2a: Latias|spe|2
|move|p1a: Hawlucha|Acrobatics|p2a: Latias
|-damage|p2a: Latias|9/100
|
|upkeep
|turn|37
|
|t:|1781149826
|switch|p1a: Rillaboom|Rillaboom, F|93/100
|-fieldstart|move: Grassy Terrain|[from] ability: Grassy Surge|[of] p1a: Rillaboom
|move|p2a: Latias|Draining Kiss|p1a: Rillaboom
|-damage|p1a: Rillaboom|78/100
|-heal|p2a: Latias|21/100|[from] drain|[of] p1a: Rillaboom
|
|-heal|p1a: Rillaboom|84/100|[from] Grassy Terrain
|upkeep
|turn|38
|
|t:|1781149832
|move|p2a: Latias|Stored Power|p1a: Rillaboom
|-damage|p1a: Rillaboom|57/100
|move|p1a: Rillaboom|Swords Dance|p1a: Rillaboom
|-boost|p1a: Rillaboom|atk|2
|
|-heal|p1a: Rillaboom|63/100|[from] Grassy Terrain
|upkeep
|turn|39
|
|t:|1781149838
|move|p1a: Rillaboom|Grassy Glide|p2a: Latias
|-resisted|p2a: Latias
|-damage|p2a: Latias|0 fnt
|faint|p2a: Latias
|
|-heal|p1a: Rillaboom|69/100|[from] Grassy Terrain
|upkeep
|
|t:|1781149841
|switch|p2a: Manaphy|Manaphy|100/100
|-damage|p2a: Manaphy|88/100|[from] Spikes
|-damage|p2a: Manaphy|76/100|[from] Stealth Rock
|turn|40
|
|t:|1781149844
|-terastallize|p2a: Manaphy|Poison
|move|p2a: Manaphy|Acid Armor|p2a: Manaphy
|-boost|p2a: Manaphy|def|2
|move|p1a: Rillaboom|Knock Off|p2a: Manaphy
|-damage|p2a: Manaphy|51/100
|-enditem|p2a: Manaphy|Leftovers|[from] move: Knock Off|[of] p1a: Rillaboom
|
|-heal|p2a: Manaphy|57/100|[from] Grassy Terrain
|-heal|p1a: Rillaboom|76/100|[from] Grassy Terrain
|upkeep
|turn|41
|
|t:|1781149852
|switch|p1a: Gholdengo|Gholdengo|71/100
|move|p2a: Manaphy|Take Heart|p2a: Manaphy
|-boost|p2a: Manaphy|spa|1
|-boost|p2a: Manaphy|spd|1
|
|-heal|p1a: Gholdengo|77/100|[from] Grassy Terrain
|-heal|p2a: Manaphy|63/100|[from] Grassy Terrain
|-fieldend|move: Grassy Terrain
|upkeep
|turn|42
|
|t:|1781149860
|move|p1a: Gholdengo|Make It Rain|p2a: Manaphy
|-damage|p2a: Manaphy|28/100
|-unboost|p1a: Gholdengo|spa|1
|move|p2a: Manaphy|Scald|p1a: Gholdengo
|-damage|p1a: Gholdengo|29/100
|
|upkeep
|turn|43
|
|t:|1781149867
|-terastallize|p1a: Gholdengo|Steel
|move|p1a: Gholdengo|Make It Rain|p2a: Manaphy
|-damage|p2a: Manaphy|0 fnt
|-unboost|p1a: Gholdengo|spa|1
|faint|p2a: Manaphy
|
|upkeep
|-message|kennojex forfeited.
|
|win|KurisuChestnutOU
|raw|KurisuChestnutOU's rating: 1564 &rarr; <strong>1585</strong><br />(+21 for winning)
|raw|kennojex's rating: 1588 &rarr; <strong>1567</strong><br />(-21 for losing)
|l|☆kennojex
|player|p2|
