|j|☆KnightKnaveSpy
|j|☆rombizoid
|t:|1780896883
|gametype|singles
|player|p1|KnightKnaveSpy|2|1541
|player|p2|rombizoid|1|1643
|gen|9
|tier|[Gen 9] OU
|rated|
|rule|HP Percentage Mod: HP is shown in percentages
|rule|Endless Battle Clause: Forcing endless battles is banned
|rule|Species Clause: Limit one of each Pokémon
|rule|OHKO Clause: OHKO moves are banned
|rule|Evasion Items Clause: Evasion items are banned
|rule|Evasion Moves Clause: Evasion moves are banned
|rule|Evasion Abilities Clause: Evasion abilities are banned
|rule|Sleep Moves Clause: Sleep-inducing moves are banned
|clearpoke
|poke|p1|Samurott-Hisui, M|
|poke|p1|Blaziken, F|
|poke|p1|Kingambit, F|
|poke|p1|Raging Bolt|
|poke|p1|Ogerpon-Wellspring, F|
|poke|p1|Greninja-*, M|
|poke|p2|Alomomola, F|
|poke|p2|Great Tusk|
|poke|p2|Ogerpon, F|
|poke|p2|Dragonite, M|
|poke|p2|Kyurem|
|poke|p2|Slowking-Galar, F|
|teampreview
|inactive|Battle timer is ON: inactive players will automatically lose when time's up. (requested by rombizoid)
|
|t:|1780896897
|teamsize|p1|6
|teamsize|p2|6
|start
|switch|p1a: Samurott|Samurott-Hisui, M|100/100
|switch|p2a: Ogerpon|Ogerpon, F|100/100
|turn|1
|
|t:|1780896909
|move|p2a: Ogerpon|U-turn|p1a: Samurott
|-supereffective|p1a: Samurott
|-damage|p1a: Samurott|18/100
|
|t:|1780896915
|switch|p2a: Alomomola|Alomomola, F|100/100|[from] U-turn
|move|p1a: Samurott|Ceaseless Edge|p2a: Alomomola
|-damage|p2a: Alomomola|74/100
|-damage|p1a: Samurott|2/100|[from] item: Rocky Helmet|[of] p2a: Alomomola
|-sidestart|p2: rombizoid|Spikes
|
|upkeep
|turn|2
|
|t:|1780896931
|move|p1a: Samurott|Ceaseless Edge|p2a: Alomomola
|-damage|p2a: Alomomola|47/100
|-damage|p1a: Samurott|0 fnt|[from] item: Rocky Helmet|[of] p2a: Alomomola
|faint|p1a: Samurott
|move|p2a: Alomomola|Tickle|p1: Samurott|[notarget]
|-fail|p2a: Alomomola
|
|upkeep
|inactive|KnightKnaveSpy has 120 seconds left.
|
|t:|1780896962
|switch|p1a: Ogerpon|Ogerpon-Wellspring, F|100/100
|turn|3
|
|t:|1780896974
|switch|p2a: Kyurem|Kyurem|100/100
|-damage|p2a: Kyurem|88/100|[from] Spikes
|-ability|p2a: Kyurem|Pressure
|move|p1a: Ogerpon|U-turn|p2a: Kyurem
|-damage|p2a: Kyurem|61/100
|
|t:|1780896978
|switch|p1a: Blaziken|Blaziken, F|100/100|[from] U-turn
|
|upkeep
|turn|4
|
|t:|1780896987
|switch|p2a: Alomomola|Alomomola, F|80/100
|-damage|p2a: Alomomola|67/100|[from] Spikes
|move|p1a: Blaziken|Detect||[still]
|-fail|p1a: Blaziken
|
|-ability|p1a: Blaziken|Speed Boost|boost
|-boost|p1a: Blaziken|spe|1
|upkeep
|turn|5
|inactive|KnightKnaveSpy has 120 seconds left.
|
|t:|1780897018
|switch|p1a: Ogerpon|Ogerpon-Wellspring, F|100/100
|move|p2a: Alomomola|Wish|p2a: Alomomola
|
|upkeep
|turn|6
|
|t:|1780897026
|switch|p2a: Dragonite|Dragonite, M|100/100
|move|p1a: Ogerpon|Swords Dance|p1a: Ogerpon
|-boost|p1a: Ogerpon|atk|2
|
|upkeep
|turn|7
|
|t:|1780897039
|move|p2a: Dragonite|Extreme Speed|p1a: Ogerpon
|-damage|p1a: Ogerpon|60/100
|move|p1a: Ogerpon|U-turn|p2a: Dragonite
|-resisted|p2a: Dragonite
|-damage|p2a: Dragonite|86/100
|inactive|KnightKnaveSpy has 120 seconds left.
|
|t:|1780897051
|switch|p1a: Kingambit|Kingambit, F|100/100|[from] U-turn
|-activate|p1a: Kingambit|ability: Supreme Overlord
|-start|p1a: Kingambit|fallen1|[silent]
|
|upkeep
|turn|8
|
|t:|1780897060
|switch|p2a: Great Tusk|Great Tusk|100/100
|move|p1a: Kingambit|Iron Head|p2a: Great Tusk
|-damage|p2a: Great Tusk|68/100
|
|upkeep
|turn|9
|
|t:|1780897063
|-terastallize|p1a: Kingambit|Ghost
|move|p2a: Great Tusk|Rapid Spin|p1a: Kingambit
|-immune|p1a: Kingambit
|move|p1a: Kingambit|Iron Head|p2a: Great Tusk
|-damage|p2a: Great Tusk|39/100
|
|upkeep
|turn|10
|inactive|KnightKnaveSpy has 120 seconds left.
|
|t:|1780897112
|-end|p1a: Kingambit|fallen1|[silent]
|switch|p1a: Ogerpon|Ogerpon-Wellspring, F|60/100
|move|p2a: Great Tusk|Knock Off|p1a: Ogerpon
|-damage|p1a: Ogerpon|34/100
|
|upkeep
|turn|11
|
|t:|1780897117
|-end|p2a: Great Tusk|Protosynthesis|[silent]
|switch|p2a: Alomomola|Alomomola, F|100/100
|-damage|p2a: Alomomola|88/100|[from] Spikes
|move|p1a: Ogerpon|Horn Leech|p2a: Alomomola
|-supereffective|p2a: Alomomola
|-damage|p2a: Alomomola|32/100
|-heal|p1a: Ogerpon|79/100|[from] drain|[of] p2a: Alomomola
|-damage|p1a: Ogerpon|63/100|[from] item: Rocky Helmet|[of] p2a: Alomomola
|
|upkeep
|turn|12
|
|t:|1780897124
|switch|p2a: Dragonite|Dragonite, M|86/100
|move|p1a: Ogerpon|Horn Leech|p2a: Dragonite
|-resisted|p2a: Dragonite
|-damage|p2a: Dragonite|75/100
|-heal|p1a: Ogerpon|69/100|[from] drain|[of] p2a: Dragonite
|
|upkeep
|turn|13
|
|t:|1780897127
|move|p1a: Ogerpon|U-turn|p2a: Dragonite
|-resisted|p2a: Dragonite
|-damage|p2a: Dragonite|61/100
|
|t:|1780897129
|switch|p1a: Kingambit|Kingambit, F, tera:Ghost|100/100|[from] U-turn
|-activate|p1a: Kingambit|ability: Supreme Overlord
|-start|p1a: Kingambit|fallen1|[silent]
|move|p2a: Dragonite|Dragon Dance|p2a: Dragonite
|-boost|p2a: Dragonite|atk|1
|-boost|p2a: Dragonite|spe|1
|
|upkeep
|turn|14
|
|t:|1780897133
|move|p2a: Dragonite|Earthquake|p1a: Kingambit
|-damage|p1a: Kingambit|55/100
|move|p1a: Kingambit|Kowtow Cleave|p2a: Dragonite
|-damage|p2a: Dragonite|0 fnt
|faint|p2a: Dragonite
|
|upkeep
|
|t:|1780897137
|switch|p2a: Ogerpon|Ogerpon, F|100/100
|-damage|p2a: Ogerpon|88/100|[from] Spikes
|turn|15
|inactive|KnightKnaveSpy has 120 seconds left.
|
|t:|1780897189
|-end|p1a: Kingambit|fallen1|[silent]
|switch|p1a: Blaziken|Blaziken, F|100/100
|move|p2a: Ogerpon|Ivy Cudgel|p1a: Blaziken
|-resisted|p1a: Blaziken
|-crit|p1a: Blaziken
|-damage|p1a: Blaziken|18/100
|
|-heal|p1a: Blaziken|24/100|[from] item: Leftovers
|upkeep
|turn|16
|
|t:|1780897195
|move|p1a: Blaziken|Detect|p1a: Blaziken
|-singleturn|p1a: Blaziken|Protect
|move|p2a: Ogerpon|Ivy Cudgel|p1a: Blaziken
|-activate|p1a: Blaziken|move: Protect
|
|-heal|p1a: Blaziken|30/100|[from] item: Leftovers
|-ability|p1a: Blaziken|Speed Boost|boost
|-boost|p1a: Blaziken|spe|1
|upkeep
|turn|17
|
|t:|1780897203
|-terastallize|p2a: Ogerpon|Grass
|detailschange|p2a: Ogerpon|Ogerpon-Teal-Tera, F, tera:Grass
|-ability|p2a: Ogerpon|Embody Aspect (Teal)|boost
|-boost|p2a: Ogerpon|spe|1
|move|p1a: Blaziken|Detect||[still]
|-fail|p1a: Blaziken
|move|p2a: Ogerpon|Ivy Cudgel|p1a: Blaziken
|-resisted|p1a: Blaziken
|-damage|p1a: Blaziken|0 fnt
|faint|p1a: Blaziken
|
|upkeep
|
|t:|1780897211
|switch|p1a: Raging Bolt|Raging Bolt|100/100
|-item|p1a: Raging Bolt|Air Balloon
|turn|18
|
|t:|1780897215
|switch|p2a: Slowking|Slowking-Galar, F|100/100
|move|p1a: Raging Bolt|Draco Meteor|p2a: Slowking
|-damage|p2a: Slowking|56/100
|-unboost|p1a: Raging Bolt|spa|2
|
|upkeep
|turn|19
|inactive|KnightKnaveSpy has 120 seconds left.
|
|t:|1780897259
|move|p1a: Raging Bolt|Volt Switch|p2a: Slowking
|-damage|p2a: Slowking|44/100
|
|t:|1780897262
|-end|p1a: Raging Bolt|Protosynthesis|[silent]
|switch|p1a: Greninja|Greninja, M|100/100|[from] Volt Switch
|-prepare|p2a: Slowking|Chilly Reception|[premajor]
|move|p2a: Slowking|Chilly Reception|p2a: Slowking
|-weather|Snowscape
|
|t:|1780897266
|switch|p2a: Ogerpon|Ogerpon-Teal-Tera, F, tera:Grass|88/100|[from] Chilly Reception
|-damage|p2a: Ogerpon|76/100|[from] Spikes
|-ability|p2a: Ogerpon|Embody Aspect (Teal)|boost
|-boost|p2a: Ogerpon|spe|1
|
|-weather|Snowscape|[upkeep]
|upkeep
|turn|20
|
|t:|1780897274
|move|p2a: Ogerpon|Ivy Cudgel|p1a: Greninja
|-supereffective|p1a: Greninja
|-damage|p1a: Greninja|0 fnt
|faint|p1a: Greninja
|
|-weather|Snowscape|[upkeep]
|upkeep
|
|t:|1780897276
|switch|p1a: Raging Bolt|Raging Bolt|100/100
|-item|p1a: Raging Bolt|Air Balloon
|turn|21
|
|t:|1780897282
|switch|p2a: Great Tusk|Great Tusk|39/100
|move|p1a: Raging Bolt|Draco Meteor|p2a: Great Tusk
|-damage|p2a: Great Tusk|0 fnt
|-unboost|p1a: Raging Bolt|spa|2
|faint|p2a: Great Tusk
|-end|p2a: Great Tusk|Protosynthesis|[silent]
|
|-weather|Snowscape|[upkeep]
|upkeep
|
|t:|1780897285
|switch|p2a: Kyurem|Kyurem|61/100
|-damage|p2a: Kyurem|48/100|[from] Spikes
|-ability|p2a: Kyurem|Pressure
|turn|22
|
|t:|1780897292
|-end|p1a: Raging Bolt|Protosynthesis|[silent]
|switch|p1a: Kingambit|Kingambit, F, tera:Ghost|55/100
|-activate|p1a: Kingambit|ability: Supreme Overlord
|-start|p1a: Kingambit|fallen3|[silent]
|move|p2a: Kyurem|Blizzard|p1a: Kingambit
|-damage|p1a: Kingambit|0 fnt
|faint|p1a: Kingambit
|-end|p1a: Kingambit|fallen3|[silent]
|
|-weather|Snowscape|[upkeep]
|upkeep
|-message|KnightKnaveSpy forfeited.
|
|win|rombizoid
|raw|KnightKnaveSpy's rating: 1541 &rarr; <strong>1527</strong><br />(-14 for losing)
|raw|rombizoid's rating: 1643 &rarr; <strong>1657</strong><br />(+14 for winning)
|l|☆KnightKnaveSpy
|player|p1|
|c|☆rombizoid|gg
|l|☆rombizoid
|player|p2|
