|j|☆eros maniac
|j|☆GLOWKING AGENDA
|t:|1781089859
|gametype|singles
|player|p1|eros maniac|hilbert-wonderlauncher|1741
|player|p2|GLOWKING AGENDA|irida|1783
|gen|9
|tier|[Gen 9] OU
|rated|
|rule|HP Percentage Mod: HP is shown in percentages
|rule|Endless Battle Clause: Forcing endless battles is banned
|rule|Species Clause: Limit one of each Pokémon
|rule|OHKO Clause: OHKO moves are banned
|rule|Evasion Items Clause: Evasion items are banned
|rule|Evasion Moves Clause: Evasion moves are banned
|rule|Evasion Abilities Clause: Evasion abilities are banned
|rule|Sleep Moves Clause: Sleep-inducing moves are banned
|clearpoke
|poke|p1|Frosmoth, F|
|poke|p1|Maushold-Four|
|poke|p1|Okidogi, M|
|poke|p1|Sinistcha|
|poke|p1|Alomomola, F|
|poke|p1|Weezing-Galar, F|
|poke|p2|Tinkaton, F|
|poke|p2|Ogerpon, F|
|poke|p2|Great Tusk|
|poke|p2|Pecharunt|
|poke|p2|Alomomola, M|
|poke|p2|Hydreigon, M|
|teampreview
|inactive|Battle timer is ON: inactive players will automatically lose when time's up. (requested by eros maniac)
|
|t:|1781089868
|teamsize|p1|6
|teamsize|p2|6
|start
|switch|p1a: Okidogi|Okidogi, M|100/100
|switch|p2a: Hybrid|Hydreigon, M, shiny|100/100
|turn|1
|
|t:|1781089872
|switch|p2a: Overseer|Pecharunt|100/100
|move|p1a: Okidogi|Close Combat|p2a: Overseer
|-immune|p2a: Overseer
|
|upkeep
|turn|2
|
|t:|1781089875
|switch|p1a: Alomomola|Alomomola, F, shiny|100/100
|move|p2a: Overseer|Parting Shot|p1a: Alomomola
|-unboost|p1a: Alomomola|atk|1
|-unboost|p1a: Alomomola|spa|1
|
|t:|1781089881
|switch|p2a: Smile.exe|Tinkaton, F, shiny|100/100|[from] Parting Shot
|-item|p2a: Smile.exe|Air Balloon
|
|upkeep
|turn|3
|
|t:|1781089886
|move|p2a: Smile.exe|Stealth Rock|p1a: Alomomola
|-sidestart|p1: eros maniac|move: Stealth Rock
|move|p1a: Alomomola|Flip Turn|p2a: Smile.exe
|-crit|p2a: Smile.exe
|-damage|p2a: Smile.exe|64/100
|-enditem|p2a: Smile.exe|Air Balloon
|-enditem|p1a: Alomomola|Rocky Helmet|[silent]|[from] ability: Pickpocket|[of] p1a: Alomomola
|-item|p2a: Smile.exe|Rocky Helmet|[from] ability: Pickpocket|[of] p1a: Alomomola
|
|t:|1781089890
|switch|p1a: Okidogi|Okidogi, M|100/100|[from] Flip Turn
|-damage|p1a: Okidogi|94/100|[from] Stealth Rock
|
|upkeep
|turn|4
|
|t:|1781089892
|switch|p2a: Overseer|Pecharunt|100/100
|move|p1a: Okidogi|Knock Off|p2a: Overseer
|-supereffective|p2a: Overseer
|-damage|p2a: Overseer|50/100
|-damage|p1a: Okidogi|78/100|[from] item: Rocky Helmet|[of] p2a: Overseer
|-enditem|p2a: Overseer|Rocky Helmet|[from] move: Knock Off|[of] p1a: Okidogi
|
|upkeep
|turn|5
|
|t:|1781089897
|move|p2a: Overseer|Recover|p2a: Overseer
|-heal|p2a: Overseer|100/100
|move|p1a: Okidogi|Knock Off|p2a: Overseer
|-supereffective|p2a: Overseer
|-damage|p2a: Overseer|65/100
|
|upkeep
|turn|6
|
|t:|1781089902
|move|p2a: Overseer|Parting Shot|p1a: Okidogi
|-unboost|p1a: Okidogi|atk|1
|-unboost|p1a: Okidogi|spa|1
|
|t:|1781089908
|switch|p2a: Smile.exe|Tinkaton, F, shiny|64/100|[from] Parting Shot
|move|p1a: Okidogi|Knock Off|p2a: Smile.exe
|-resisted|p2a: Smile.exe
|-damage|p2a: Smile.exe|40/100
|-damage|p1a: Okidogi|61/100|[from] item: Rocky Helmet|[of] p2a: Smile.exe
|-enditem|p2a: Smile.exe|Rocky Helmet|[from] move: Knock Off|[of] p1a: Okidogi
|-enditem|p1a: Okidogi|Choice Band|[silent]|[from] ability: Pickpocket|[of] p1a: Okidogi
|-item|p2a: Smile.exe|Choice Band|[from] ability: Pickpocket|[of] p1a: Okidogi
|
|upkeep
|turn|7
|
|t:|1781089913
|switch|p1a: Alomomola|Alomomola, F, shiny|100/100
|-damage|p1a: Alomomola|88/100|[from] Stealth Rock
|move|p2a: Smile.exe|Gigaton Hammer|p1a: Alomomola
|-resisted|p1a: Alomomola
|-damage|p1a: Alomomola|62/100
|
|upkeep
|turn|8
|
|t:|1781089916
|switch|p2a: Hybrid|Hydreigon, M, shiny|100/100
|move|p1a: Alomomola|Wish|p1a: Alomomola
|
|upkeep
|turn|9
|
|t:|1781089920
|switch|p1a: Frosmoth|Frosmoth, F, shiny|100/100
|-damage|p1a: Frosmoth|50/100|[from] Stealth Rock
|move|p2a: Hybrid|Draco Meteor|p1a: Frosmoth|[miss]
|-miss|p2a: Hybrid|p1a: Frosmoth
|
|-heal|p1a: Frosmoth|100/100|[from] move: Wish|[wisher] Alomomola
|upkeep
|turn|10
|
|t:|1781089927
|switch|p2a: Smile.exe|Tinkaton, F, shiny|40/100
|move|p1a: Frosmoth|Substitute|p1a: Frosmoth
|-start|p1a: Frosmoth|Substitute
|-damage|p1a: Frosmoth|75/100
|
|-heal|p1a: Frosmoth|82/100|[from] item: Leftovers
|upkeep
|turn|11
|
|t:|1781089930
|move|p2a: Smile.exe|Encore|p1a: Frosmoth
|-start|p1a: Frosmoth|Encore
|move|p1a: Frosmoth|Substitute|p1a: Frosmoth
|-fail|p1a: Frosmoth|move: Substitute
|
|-heal|p1a: Frosmoth|88/100|[from] item: Leftovers
|upkeep
|turn|12
|
|t:|1781089937
|switch|p2a: Anonymous|Ogerpon, F|100/100
|move|p1a: Frosmoth|Substitute|p1a: Frosmoth
|-fail|p1a: Frosmoth|move: Substitute
|
|-heal|p1a: Frosmoth|94/100|[from] item: Leftovers
|upkeep
|turn|13
|
|t:|1781089943
|move|p2a: Anonymous|Rock Tomb|p1a: Frosmoth
|-supereffective|p1a: Frosmoth
|-end|p1a: Frosmoth|Substitute
|move|p1a: Frosmoth|Substitute|p1a: Frosmoth
|-start|p1a: Frosmoth|Substitute
|-damage|p1a: Frosmoth|69/100
|
|-heal|p1a: Frosmoth|75/100|[from] item: Leftovers
|-end|p1a: Frosmoth|Encore
|upkeep
|turn|14
|
|t:|1781089948
|move|p2a: Anonymous|Rock Tomb|p1a: Frosmoth
|-supereffective|p1a: Frosmoth
|-end|p1a: Frosmoth|Substitute
|move|p1a: Frosmoth|Ice Beam|p2a: Anonymous
|-supereffective|p2a: Anonymous
|-damage|p2a: Anonymous|0 fnt
|faint|p2a: Anonymous
|
|-heal|p1a: Frosmoth|81/100|[from] item: Leftovers
|upkeep
|
|t:|1781089955
|switch|p2a: Smile.exe|Tinkaton, F, shiny|40/100
|turn|15
|
|t:|1781089965
|switch|p2a: Hybrid|Hydreigon, M, shiny|100/100
|switch|p1a: Alomomola|Alomomola, F, shiny|95/100
|-damage|p1a: Alomomola|83/100|[from] Stealth Rock
|
|upkeep
|turn|16
|
|t:|1781089971
|switch|p1a: Weezing|Weezing-Galar, F|100/100
|-ability|p1a: Weezing|Neutralizing Gas
|-damage|p1a: Weezing|88/100|[from] Stealth Rock
|move|p2a: Hybrid|Dark Pulse|p1a: Weezing
|-resisted|p1a: Weezing
|-damage|p1a: Weezing|48/100
|
|upkeep
|turn|17
|
|t:|1781089976
|-terastallize|p2a: Hybrid|Steel
|move|p2a: Hybrid|Dark Pulse|p1a: Weezing
|-resisted|p1a: Weezing
|-damage|p1a: Weezing|9/100
|cant|p1a: Weezing|flinch
|
|upkeep
|turn|18
|
|t:|1781089981
|move|p2a: Hybrid|Dark Pulse|p1a: Weezing
|-resisted|p1a: Weezing
|-damage|p1a: Weezing|0 fnt
|faint|p1a: Weezing
|-end|p1a: Weezing|ability: Neutralizing Gas
|
|upkeep
|
|t:|1781089983
|switch|p1a: Maushold|Maushold-Four|100/100
|-damage|p1a: Maushold|88/100|[from] Stealth Rock
|turn|19
|
|t:|1781089986
|move|p1a: Maushold|Tidy Up|p1a: Maushold
|-sideend|p1: eros maniac|Stealth Rock
|-activate|p1a: Maushold|move: Tidy Up
|-boost|p1a: Maushold|atk|1
|-boost|p1a: Maushold|spe|1
|move|p2a: Hybrid|Dark Pulse|p1a: Maushold
|-damage|p1a: Maushold|1/100
|
|upkeep
|turn|20
|
|t:|1781089989
|switch|p2a: Overseer|Pecharunt|65/100
|move|p1a: Maushold|Population Bomb|p2a: Overseer
|-immune|p2a: Overseer
|
|upkeep
|turn|21
|
|t:|1781089994
|move|p1a: Maushold|Beat Up|p2a: Overseer
|-supereffective|p2a: Overseer
|-damage|p2a: Overseer|59/100
|-supereffective|p2a: Overseer
|-damage|p2a: Overseer|54/100
|-supereffective|p2a: Overseer
|-damage|p2a: Overseer|48/100
|-supereffective|p2a: Overseer
|-damage|p2a: Overseer|39/100
|-supereffective|p2a: Overseer
|-damage|p2a: Overseer|33/100
|-hitcount|p2a: Overseer|5
|move|p2a: Overseer|Recover|p2a: Overseer
|-heal|p2a: Overseer|83/100
|
|upkeep
|turn|22
|
|t:|1781089997
|move|p1a: Maushold|Encore|p2a: Overseer
|-start|p2a: Overseer|Encore
|move|p2a: Overseer|Recover|p2a: Overseer
|-heal|p2a: Overseer|100/100
|
|upkeep
|turn|23
|
|t:|1781090001
|switch|p2a: Smile.exe|Tinkaton, F, shiny|40/100
|move|p1a: Maushold|Population Bomb|p2a: Smile.exe
|-resisted|p2a: Smile.exe
|-damage|p2a: Smile.exe|28/100
|-resisted|p2a: Smile.exe
|-damage|p2a: Smile.exe|17/100
|-resisted|p2a: Smile.exe
|-damage|p2a: Smile.exe|6/100
|-resisted|p2a: Smile.exe
|-damage|p2a: Smile.exe|0 fnt
|faint|p2a: Smile.exe
|-hitcount|p2: Smile.exe|4
|
|upkeep
|
|t:|1781090007
|switch|p2a: Overseer|Pecharunt|100/100
|turn|24
|
|t:|1781090010
|switch|p1a: Alomomola|Alomomola, F, shiny|100/100
|move|p2a: Overseer|Malignant Chain|p1a: Alomomola
|-damage|p1a: Alomomola|74/100
|
|upkeep
|turn|25
|
|t:|1781090012
|move|p2a: Overseer|Malignant Chain|p1a: Alomomola
|-damage|p1a: Alomomola|49/100
|move|p1a: Alomomola|Wish|p1a: Alomomola
|
|upkeep
|turn|26
|
|t:|1781090016
|switch|p1a: Okidogi|Okidogi, M|61/100
|move|p2a: Overseer|Malignant Chain|p1a: Okidogi
|-resisted|p1a: Okidogi
|-damage|p1a: Okidogi|46/100
|
|-heal|p1a: Okidogi|100/100|[from] move: Wish|[wisher] Alomomola
|upkeep
|turn|27
|
|t:|1781090020
|move|p2a: Overseer|Shadow Ball|p1a: Okidogi
|-damage|p1a: Okidogi|74/100
|move|p1a: Okidogi|High Horsepower|p2a: Overseer
|-supereffective|p2a: Overseer
|-damage|p2a: Overseer|70/100
|
|upkeep
|turn|28
|
|t:|1781090026
|switch|p1a: Alomomola|Alomomola, F, shiny|82/100
|move|p2a: Overseer|Shadow Ball|p1a: Alomomola
|-crit|p1a: Alomomola
|-damage|p1a: Alomomola|49/100
|
|upkeep
|turn|29
|
|t:|1781090031
|move|p2a: Overseer|Shadow Ball|p1a: Alomomola
|-damage|p1a: Alomomola|26/100
|move|p1a: Alomomola|Mirror Coat|p2a: Overseer
|-damage|p2a: Overseer|4/100
|
|upkeep
|turn|30
|
|t:|1781090041
|switch|p1a: Maushold|Maushold-Four|1/100
|move|p2a: Overseer|Shadow Ball|p1a: Maushold
|-immune|p1a: Maushold
|
|upkeep
|turn|31
|
|t:|1781090049
|switch|p2a: Pisces|Alomomola, M, shiny|100/100
|move|p1a: Maushold|Beat Up|p2a: Pisces
|-damage|p2a: Pisces|97/100
|-damage|p2a: Pisces|94/100
|-damage|p2a: Pisces|91/100
|-damage|p2a: Pisces|86/100
|-damage|p2a: Pisces|83/100
|-hitcount|p2a: Pisces|5
|
|upkeep
|turn|32
|
|t:|1781090054
|move|p2a: Pisces|Aqua Jet|p1a: Maushold
|-damage|p1a: Maushold|0 fnt
|faint|p1a: Maushold
|
|upkeep
|
|t:|1781090056
|switch|p1a: Alomomola|Alomomola, F, shiny|59/100
|turn|33
|
|t:|1781090058
|switch|p2a: Overseer|Pecharunt|4/100
|move|p1a: Alomomola|Flip Turn|p2a: Overseer
|-damage|p2a: Overseer|0 fnt
|faint|p2a: Overseer
|
|t:|1781090061
|switch|p1a: Okidogi|Okidogi, M|74/100|[from] Flip Turn
|
|upkeep
|
|t:|1781090064
|switch|p2a: Behemoth|Great Tusk, shiny|100/100
|turn|34
|
|t:|1781090066
|switch|p1a: Sinistcha|Sinistcha, shiny|100/100
|move|p2a: Behemoth|Ice Spinner|p1a: Sinistcha
|-supereffective|p1a: Sinistcha
|-damage|p1a: Sinistcha|61/100
|
|upkeep
|turn|35
|
|t:|1781090070
|-end|p2a: Behemoth|Protosynthesis|[silent]
|switch|p2a: Hybrid|Hydreigon, M, shiny, tera:Steel|100/100
|move|p1a: Sinistcha|Matcha Gotcha|p2a: Hybrid
|-resisted|p2a: Hybrid
|-damage|p2a: Hybrid|81/100
|-heal|p1a: Sinistcha|70/100|[from] drain|[of] p2a: Hybrid
|
|upkeep
|turn|36
|
|t:|1781090076
|switch|p1a: Frosmoth|Frosmoth, F, shiny|81/100
|move|p2a: Hybrid|Dark Pulse|p1a: Frosmoth
|-damage|p1a: Frosmoth|53/100
|
|-heal|p1a: Frosmoth|59/100|[from] item: Leftovers
|upkeep
|turn|37
|
|t:|1781090079
|move|p2a: Hybrid|Dark Pulse|p1a: Frosmoth
|-damage|p1a: Frosmoth|30/100
|move|p1a: Frosmoth|Substitute|p1a: Frosmoth
|-start|p1a: Frosmoth|Substitute
|-damage|p1a: Frosmoth|5/100
|
|-heal|p1a: Frosmoth|11/100|[from] item: Leftovers
|upkeep
|turn|38
|
|t:|1781090090
|move|p2a: Hybrid|Dark Pulse|p1a: Frosmoth
|-end|p1a: Frosmoth|Substitute
|move|p1a: Frosmoth|Ice Beam|p2a: Hybrid
|-resisted|p2a: Hybrid
|-damage|p2a: Hybrid|56/100
|-status|p2a: Hybrid|frz
|
|-heal|p1a: Frosmoth|17/100|[from] item: Leftovers
|upkeep
|turn|39
|
|t:|1781090094
|switch|p1a: Alomomola|Alomomola, F, shiny|93/100
|cant|p2a: Hybrid|frz
|
|upkeep
|turn|40
|
|t:|1781090097
|-curestatus|p2a: Hybrid|frz|[msg]
|move|p2a: Hybrid|Dark Pulse|p1a: Alomomola
|-damage|p1a: Alomomola|37/100
|cant|p1a: Alomomola|flinch
|
|upkeep
|turn|41
|j| Favorite lovestory
|
|t:|1781090107
|switch|p2a: Behemoth|Great Tusk, shiny|100/100
|switch|p1a: Okidogi|Okidogi, M|74/100
|
|upkeep
|turn|42
|
|t:|1781090112
|-end|p2a: Behemoth|Protosynthesis|[silent]
|switch|p2a: Hybrid|Hydreigon, M, shiny, tera:Steel|56/100
|move|p1a: Okidogi|Close Combat|p2a: Hybrid
|-supereffective|p2a: Hybrid
|-damage|p2a: Hybrid|0 fnt
|-unboost|p1a: Okidogi|def|1
|-unboost|p1a: Okidogi|spd|1
|faint|p2a: Hybrid
|
|upkeep
|
|t:|1781090118
|switch|p2a: Behemoth|Great Tusk, shiny|100/100
|turn|43
|
|t:|1781090121
|move|p2a: Behemoth|Ice Spinner|p1a: Okidogi
|-damage|p1a: Okidogi|39/100
|move|p1a: Okidogi|Close Combat|p2a: Behemoth
|-damage|p2a: Behemoth|53/100
|-unboost|p1a: Okidogi|def|1
|-unboost|p1a: Okidogi|spd|1
|
|upkeep
|turn|44
|
|t:|1781090124
|move|p2a: Behemoth|Ice Spinner|p1a: Okidogi
|-damage|p1a: Okidogi|0 fnt
|faint|p1a: Okidogi
|
|upkeep
|
|t:|1781090126
|switch|p1a: Sinistcha|Sinistcha, shiny|70/100
|turn|45
|
|t:|1781090129
|-end|p2a: Behemoth|Protosynthesis|[silent]
|switch|p2a: Pisces|Alomomola, M, shiny|100/100
|move|p1a: Sinistcha|Matcha Gotcha|p2a: Pisces
|-supereffective|p2a: Pisces
|-damage|p2a: Pisces|69/100
|-heal|p1a: Sinistcha|95/100|[from] drain|[of] p2a: Pisces
|
|upkeep
|turn|46
|
|t:|1781090132
|move|p1a: Sinistcha|Calm Mind|p1a: Sinistcha
|-boost|p1a: Sinistcha|spa|1
|-boost|p1a: Sinistcha|spd|1
|move|p2a: Pisces|Mirror Coat||[still]
|-fail|p2a: Pisces
|
|upkeep
|turn|47
|-message|GLOWKING AGENDA forfeited.
|
|win|eros maniac
|raw|eros maniac's rating: 1741 &rarr; <strong>1763</strong><br />(+22 for winning)
|raw|GLOWKING AGENDA's rating: 1783 &rarr; <strong>1761</strong><br />(-22 for losing)
|l|☆GLOWKING AGENDA
|player|p2|
|l|☆eros maniac
|player|p1|
