|j|☆LowEL0God
|j|☆Trainer #39
|t:|1781428991
|gametype|singles
|player|p1|LowEL0God|265|1671
|player|p2|Trainer #39|bugsy|1756
|gen|9
|tier|[Gen 9] OU
|rated|
|rule|HP Percentage Mod: HP is shown in percentages
|rule|Endless Battle Clause: Forcing endless battles is banned
|rule|Species Clause: Limit one of each Pokémon
|rule|OHKO Clause: OHKO moves are banned
|rule|Evasion Items Clause: Evasion items are banned
|rule|Evasion Moves Clause: Evasion moves are banned
|rule|Evasion Abilities Clause: Evasion abilities are banned
|rule|Sleep Moves Clause: Sleep-inducing moves are banned
|clearpoke
|poke|p1|Pelipper, M|
|poke|p1|Raging Bolt|
|poke|p1|Overqwil, F|
|poke|p1|Barraskewda, F|
|poke|p1|Iron Treads|
|poke|p1|Kingambit, M|
|poke|p2|Blissey, F|
|poke|p2|Corviknight, M|
|poke|p2|Dondozo, M|
|poke|p2|Gliscor, M|
|poke|p2|Clefable, M|
|poke|p2|Slowking-Galar, M|
|teampreview
|c|☆LowEL0God|hf
|inactive|Battle timer is ON: inactive players will automatically lose when time's up. (requested by LowEL0God)
|
|t:|1781429012
|teamsize|p1|6
|teamsize|p2|6
|start
|switch|p1a: Kingambit|Kingambit, M|100/100
|switch|p2a: Free Palestine|Gliscor, M|100/100
|turn|1
|
|t:|1781429015
|move|p2a: Free Palestine|Earthquake|p1a: Kingambit
|-supereffective|p1a: Kingambit
|-damage|p1a: Kingambit|59/100
|move|p1a: Kingambit|Swords Dance|p1a: Kingambit
|-boost|p1a: Kingambit|atk|2
|
|-heal|p1a: Kingambit|65/100|[from] item: Leftovers
|-status|p2a: Free Palestine|tox|[from] item: Toxic Orb
|upkeep
|turn|2
|
|t:|1781429017
|move|p2a: Free Palestine|Earthquake|p1a: Kingambit
|-supereffective|p1a: Kingambit
|-damage|p1a: Kingambit|24/100
|move|p1a: Kingambit|Kowtow Cleave|p2a: Free Palestine
|-damage|p2a: Free Palestine|39/100 tox
|
|-heal|p1a: Kingambit|31/100|[from] item: Leftovers
|-heal|p2a: Free Palestine|52/100 tox|[from] ability: Poison Heal
|upkeep
|turn|3
|
|t:|1781429021
|move|p2a: Free Palestine|Protect|p2a: Free Palestine
|-singleturn|p2a: Free Palestine|Protect
|move|p1a: Kingambit|Sucker Punch||[still]
|-fail|p1a: Kingambit
|
|-heal|p1a: Kingambit|37/100|[from] item: Leftovers
|-heal|p2a: Free Palestine|64/100 tox|[from] ability: Poison Heal
|upkeep
|turn|4
|
|t:|1781429023
|-terastallize|p1a: Kingambit|Dark
|move|p2a: Free Palestine|Earthquake|p1a: Kingambit
|-damage|p1a: Kingambit|14/100
|move|p1a: Kingambit|Kowtow Cleave|p2a: Free Palestine
|-damage|p2a: Free Palestine|0 fnt
|faint|p2a: Free Palestine
|
|-heal|p1a: Kingambit|20/100|[from] item: Leftovers
|upkeep
|
|t:|1781429026
|switch|p2a: 808 and curses|Dondozo, M|100/100
|turn|5
|
|t:|1781429026
|move|p1a: Kingambit|Kowtow Cleave|p2a: 808 and curses
|-damage|p2a: 808 and curses|71/100
|move|p2a: 808 and curses|Curse|p2a: 808 and curses
|-unboost|p2a: 808 and curses|spe|1
|-boost|p2a: 808 and curses|atk|1
|-boost|p2a: 808 and curses|def|1
|
|-heal|p1a: Kingambit|27/100|[from] item: Leftovers
|-heal|p2a: 808 and curses|77/100|[from] item: Leftovers
|upkeep
|turn|6
|
|t:|1781429029
|-end|p1a: Kingambit|fallenundefined|[silent]
|switch|p1a: Raging Bolt|Raging Bolt|100/100
|-enditem|p1a: Raging Bolt|Booster Energy
|-activate|p1a: Raging Bolt|ability: Protosynthesis|[fromitem]
|-start|p1a: Raging Bolt|protosynthesisspa
|move|p2a: 808 and curses|Waterfall|p1a: Raging Bolt
|-resisted|p1a: Raging Bolt
|-damage|p1a: Raging Bolt|83/100
|
|-heal|p2a: 808 and curses|83/100|[from] item: Leftovers
|upkeep
|turn|7
|
|t:|1781429031
|switch|p2a: Save Sudan|Slowking-Galar, M|100/100
|move|p1a: Raging Bolt|Thunder|p2a: Save Sudan
|-damage|p2a: Save Sudan|31/100
|-status|p2a: Save Sudan|par
|
|upkeep
|turn|8
|
|t:|1781429034
|switch|p2a: brat|Blissey, F|100/100
|move|p1a: Raging Bolt|Thunder|p2a: brat|[miss]
|-miss|p1a: Raging Bolt|p2a: brat
|
|upkeep
|turn|9
|
|t:|1781429036
|move|p1a: Raging Bolt|Thunder|p2a: brat|[miss]
|-miss|p1a: Raging Bolt|p2a: brat
|move|p2a: brat|Stealth Rock|p1a: Raging Bolt
|-sidestart|p1: LowEL0God|move: Stealth Rock
|
|upkeep
|turn|10
|
|t:|1781429039
|move|p1a: Raging Bolt|Thunder|p2a: brat
|-damage|p2a: brat|69/100
|move|p2a: brat|Calm Mind|p2a: brat
|-boost|p2a: brat|spa|1
|-boost|p2a: brat|spd|1
|
|upkeep
|turn|11
|
|t:|1781429041
|-end|p1a: Raging Bolt|Protosynthesis|[silent]
|switch|p1a: Overqwil|Overqwil, F|100/100
|-damage|p1a: Overqwil|88/100|[from] Stealth Rock
|move|p2a: brat|Soft-Boiled|p2a: brat
|-heal|p2a: brat|100/100
|
|upkeep
|turn|12
|
|t:|1781429044
|switch|p2a: 808 and curses|Dondozo, M|83/100
|move|p1a: Overqwil|Swords Dance|p1a: Overqwil
|-boost|p1a: Overqwil|atk|2
|
|-heal|p2a: 808 and curses|90/100|[from] item: Leftovers
|upkeep
|turn|13
|
|t:|1781429046
|move|p1a: Overqwil|Gunk Shot|p2a: 808 and curses
|-damage|p2a: 808 and curses|53/100
|-damage|p1a: Overqwil|78/100|[from] item: Life Orb
|move|p2a: 808 and curses|Curse|p2a: 808 and curses
|-unboost|p2a: 808 and curses|spe|1
|-boost|p2a: 808 and curses|atk|1
|-boost|p2a: 808 and curses|def|1
|
|-heal|p2a: 808 and curses|59/100|[from] item: Leftovers
|upkeep
|turn|14
|
|t:|1781429049
|switch|p1a: Raging Bolt|Raging Bolt|83/100
|-damage|p1a: Raging Bolt|70/100|[from] Stealth Rock
|move|p2a: 808 and curses|Rest|p2a: 808 and curses
|-status|p2a: 808 and curses|slp|[from] move: Rest
|-heal|p2a: 808 and curses|100/100 slp|[silent]
|
|upkeep
|turn|15
|
|t:|1781429051
|switch|p2a: Save Sudan|Slowking-Galar, M|64/100 par
|move|p1a: Raging Bolt|Thunder|p2a: Save Sudan
|-damage|p2a: Save Sudan|19/100 par
|
|upkeep
|turn|16
|
|t:|1781429053
|switch|p2a: brat|Blissey, F|100/100
|move|p1a: Raging Bolt|Thunder|p2a: brat
|-damage|p2a: brat|79/100
|
|upkeep
|turn|17
|
|t:|1781429056
|move|p1a: Raging Bolt|Thunder|p2a: brat
|-damage|p2a: brat|55/100
|-status|p2a: brat|par
|move|p2a: brat|Shadow Ball|p1a: Raging Bolt
|-damage|p1a: Raging Bolt|58/100
|
|upkeep
|turn|18
|
|t:|1781429058
|move|p1a: Raging Bolt|Thunder|p2a: brat|[miss]
|-miss|p1a: Raging Bolt|p2a: brat
|move|p2a: brat|Soft-Boiled|p2a: brat
|-heal|p2a: brat|100/100 par
|
|upkeep
|turn|19
|
|t:|1781429060
|move|p1a: Raging Bolt|Thunder|p2a: brat|[miss]
|-miss|p1a: Raging Bolt|p2a: brat
|move|p2a: brat|Calm Mind|p2a: brat
|-boost|p2a: brat|spa|1
|-boost|p2a: brat|spd|1
|
|upkeep
|turn|20
|
|t:|1781429062
|-end|p1a: Raging Bolt|Protosynthesis|[silent]
|switch|p1a: Kingambit|Kingambit, M, tera:Dark|27/100
|-damage|p1a: Kingambit|14/100|[from] Stealth Rock
|move|p2a: brat|Shadow Ball|p1a: Kingambit
|-resisted|p1a: Kingambit
|-damage|p1a: Kingambit|3/100
|
|-heal|p1a: Kingambit|10/100|[from] item: Leftovers
|upkeep
|turn|21
|
|t:|1781429064
|-curestatus|p2a: brat|par|[from] ability: Natural Cure|[silent]
|switch|p2a: 808 and curses|Dondozo, M|100/100 slp
|move|p1a: Kingambit|Kowtow Cleave|p2a: 808 and curses
|-damage|p2a: 808 and curses|73/100 slp
|
|-heal|p1a: Kingambit|16/100|[from] item: Leftovers
|-heal|p2a: 808 and curses|79/100 slp|[from] item: Leftovers
|upkeep
|turn|22
|
|t:|1781429066
|move|p1a: Kingambit|Kowtow Cleave|p2a: 808 and curses
|-damage|p2a: 808 and curses|51/100 slp
|cant|p2a: 808 and curses|slp
|move|p2a: 808 and curses|Sleep Talk|p2a: 808 and curses
|move|p2a: 808 and curses|Waterfall|p1a: Kingambit|[from] move: Sleep Talk
|-damage|p1a: Kingambit|0 fnt
|faint|p1a: Kingambit
|-end|p1a: Kingambit|fallenundefined|[silent]
|
|-heal|p2a: 808 and curses|57/100 slp|[from] item: Leftovers
|upkeep
|
|t:|1781429066
|switch|p1a: Iron Treads|Iron Treads|100/100
|-damage|p1a: Iron Treads|97/100|[from] Stealth Rock
|-enditem|p1a: Iron Treads|Booster Energy
|-activate|p1a: Iron Treads|ability: Quark Drive|[fromitem]
|-start|p1a: Iron Treads|quarkdrivespe
|turn|23
|
|t:|1781429071
|switch|p2a: Trump is low IQ|Corviknight, M|100/100
|-ability|p2a: Trump is low IQ|Pressure
|move|p1a: Iron Treads|Rapid Spin|p2a: Trump is low IQ
|-resisted|p2a: Trump is low IQ
|-damage|p2a: Trump is low IQ|98/100
|-boost|p1a: Iron Treads|spe|1
|-damage|p1a: Iron Treads|81/100|[from] item: Rocky Helmet|[of] p2a: Trump is low IQ
|-sideend|p1: LowEL0God|Stealth Rock|[from] move: Rapid Spin|[of] p1a: Iron Treads
|
|upkeep
|turn|24
|
|t:|1781429074
|-end|p1a: Iron Treads|Quark Drive|[silent]
|switch|p1a: Pelipper|Pelipper, M|100/100
|-weather|RainDance|[from] ability: Drizzle|[of] p1a: Pelipper
|move|p2a: Trump is low IQ|Brave Bird|p1a: Pelipper
|-damage|p1a: Pelipper|74/100
|-damage|p2a: Trump is low IQ|90/100|[from] Recoil
|
|-weather|RainDance|[upkeep]
|upkeep
|turn|25
|
|t:|1781429076
|move|p2a: Trump is low IQ|U-turn|p1a: Pelipper
|-resisted|p1a: Pelipper
|-damage|p1a: Pelipper|68/100
|
|t:|1781429078
|switch|p2a: Free Lebanon|Clefable, M|100/100|[from] U-turn
|move|p1a: Pelipper|Weather Ball|p2a: Free Lebanon
|-damage|p2a: Free Lebanon|66/100
|
|-weather|RainDance|[upkeep]
|upkeep
|turn|26
|
|t:|1781429080
|move|p2a: Free Lebanon|Wish|p2a: Free Lebanon
|move|p1a: Pelipper|Roost|p1a: Pelipper
|-heal|p1a: Pelipper|100/100
|-singleturn|p1a: Pelipper|move: Roost
|
|-weather|RainDance|[upkeep]
|upkeep
|turn|27
|
|t:|1781429082
|switch|p1a: Barraskewda|Barraskewda, F|100/100
|move|p2a: Free Lebanon|Knock Off|p1a: Barraskewda
|-damage|p1a: Barraskewda|70/100
|-enditem|p1a: Barraskewda|Choice Band|[from] move: Knock Off|[of] p2a: Free Lebanon
|
|-weather|RainDance|[upkeep]
|-heal|p2a: Free Lebanon|100/100|[from] move: Wish|[wisher] Free Lebanon
|upkeep
|turn|28
|
|t:|1781429085
|move|p2a: Free Lebanon|Protect|p2a: Free Lebanon
|-singleturn|p2a: Free Lebanon|Protect
|move|p1a: Barraskewda|Liquidation|p2a: Free Lebanon
|-activate|p2a: Free Lebanon|move: Protect
|
|-weather|RainDance|[upkeep]
|upkeep
|turn|29
|
|t:|1781429088
|switch|p2a: 808 and curses|Dondozo, M|57/100 slp
|move|p1a: Barraskewda|Liquidation|p2a: 808 and curses
|-resisted|p2a: 808 and curses
|-crit|p2a: 808 and curses
|-damage|p2a: 808 and curses|32/100 slp
|
|-weather|RainDance|[upkeep]
|-heal|p2a: 808 and curses|39/100 slp|[from] item: Leftovers
|upkeep
|turn|30
|
|t:|1781429091
|switch|p1a: Raging Bolt|Raging Bolt|58/100
|cant|p2a: 808 and curses|slp
|move|p2a: 808 and curses|Sleep Talk|p2a: 808 and curses
|move|p2a: 808 and curses|Waterfall|p1a: Raging Bolt|[from] move: Sleep Talk
|-resisted|p1a: Raging Bolt
|-damage|p1a: Raging Bolt|41/100
|
|-weather|RainDance|[upkeep]
|-heal|p2a: 808 and curses|45/100 slp|[from] item: Leftovers
|upkeep
|turn|31
|
|t:|1781429094
|switch|p2a: brat|Blissey, F|100/100
|move|p1a: Raging Bolt|Thunder|p2a: brat
|-damage|p2a: brat|77/100
|-status|p2a: brat|par
|
|-weather|none
|upkeep
|turn|32
|
|t:|1781429096
|-end|p1a: Raging Bolt|Protosynthesis|[silent]
|switch|p1a: Overqwil|Overqwil, F|78/100
|cant|p2a: brat|par
|
|upkeep
|turn|33
|
|t:|1781429098
|-curestatus|p2a: brat|par|[from] ability: Natural Cure|[silent]
|switch|p2a: Trump is low IQ|Corviknight, M|90/100
|-ability|p2a: Trump is low IQ|Pressure
|move|p1a: Overqwil|Gunk Shot|p2a: Trump is low IQ
|-immune|p2a: Trump is low IQ
|
|upkeep
|turn|34
|
|t:|1781429100
|move|p1a: Overqwil|Swords Dance|p1a: Overqwil
|-boost|p1a: Overqwil|atk|2
|move|p2a: Trump is low IQ|U-turn|p1a: Overqwil
|-damage|p1a: Overqwil|62/100
|
|t:|1781429102
|switch|p2a: 808 and curses|Dondozo, M|45/100 slp|[from] U-turn
|
|-heal|p2a: 808 and curses|51/100 slp|[from] item: Leftovers
|upkeep
|turn|35
|
|t:|1781429104
|move|p1a: Overqwil|Gunk Shot|p2a: 808 and curses|[miss]
|-miss|p1a: Overqwil|p2a: 808 and curses
|-curestatus|p2a: 808 and curses|slp|[msg]
|move|p2a: 808 and curses|Rest|p2a: 808 and curses
|-status|p2a: 808 and curses|slp|[from] move: Rest
|-heal|p2a: 808 and curses|100/100 slp|[silent]
|
|upkeep
|turn|36
|
|t:|1781429105
|move|p1a: Overqwil|Swords Dance|p1a: Overqwil
|-boost|p1a: Overqwil|atk|2
|cant|p2a: 808 and curses|slp
|move|p2a: 808 and curses|Sleep Talk|p2a: 808 and curses
|move|p2a: 808 and curses|Waterfall|p1a: Overqwil|[from] move: Sleep Talk
|-damage|p1a: Overqwil|29/100
|
|upkeep
|turn|37
|
|t:|1781429107
|move|p1a: Overqwil|Gunk Shot|p2a: 808 and curses
|-damage|p2a: 808 and curses|67/100 slp
|-damage|p1a: Overqwil|19/100|[from] item: Life Orb
|cant|p2a: 808 and curses|slp
|move|p2a: 808 and curses|Sleep Talk|p2a: 808 and curses
|move|p2a: 808 and curses|Curse|p2a: 808 and curses|[from] move: Sleep Talk
|-unboost|p2a: 808 and curses|spe|1
|-boost|p2a: 808 and curses|atk|1
|-boost|p2a: 808 and curses|def|1
|
|-heal|p2a: 808 and curses|73/100 slp|[from] item: Leftovers
|upkeep
|turn|38
|
|t:|1781429110
|switch|p1a: Raging Bolt|Raging Bolt|41/100
|-curestatus|p2a: 808 and curses|slp|[msg]
|move|p2a: 808 and curses|Curse|p2a: 808 and curses
|-unboost|p2a: 808 and curses|spe|1
|-boost|p2a: 808 and curses|atk|1
|-boost|p2a: 808 and curses|def|1
|
|-heal|p2a: 808 and curses|79/100|[from] item: Leftovers
|upkeep
|turn|39
|
|t:|1781429113
|switch|p2a: brat|Blissey, F|77/100
|move|p1a: Raging Bolt|Thunder|p2a: brat
|-damage|p2a: brat|55/100
|
|upkeep
|turn|40
|
|t:|1781429114
|-end|p1a: Raging Bolt|Protosynthesis|[silent]
|switch|p1a: Overqwil|Overqwil, F|19/100
|move|p2a: brat|Stealth Rock|p1a: Overqwil
|-sidestart|p1: LowEL0God|move: Stealth Rock
|
|upkeep
|turn|41
|
|t:|1781429117
|switch|p2a: Trump is low IQ|Corviknight, M|90/100
|-ability|p2a: Trump is low IQ|Pressure
|move|p1a: Overqwil|Gunk Shot|p2a: Trump is low IQ
|-immune|p2a: Trump is low IQ
|
|upkeep
|turn|42
|
|t:|1781429118
|switch|p1a: Iron Treads|Iron Treads|81/100
|-damage|p1a: Iron Treads|78/100|[from] Stealth Rock
|move|p2a: Trump is low IQ|U-turn|p1a: Iron Treads
|-resisted|p1a: Iron Treads
|-damage|p1a: Iron Treads|71/100
|
|t:|1781429123
|switch|p2a: Save Sudan|Slowking-Galar, M|52/100 par|[from] U-turn
|
|upkeep
|turn|43
|
|t:|1781429125
|switch|p2a: Trump is low IQ|Corviknight, M|90/100
|-ability|p2a: Trump is low IQ|Pressure
|move|p1a: Iron Treads|Rapid Spin|p2a: Trump is low IQ
|-resisted|p2a: Trump is low IQ
|-damage|p2a: Trump is low IQ|87/100
|-boost|p1a: Iron Treads|spe|1
|-damage|p1a: Iron Treads|55/100|[from] item: Rocky Helmet|[of] p2a: Trump is low IQ
|-sideend|p1: LowEL0God|Stealth Rock|[from] move: Rapid Spin|[of] p1a: Iron Treads
|
|upkeep
|turn|44
|
|t:|1781429127
|move|p1a: Iron Treads|Stealth Rock|p2a: Trump is low IQ
|-sidestart|p2: Trainer #39|move: Stealth Rock
|move|p2a: Trump is low IQ|Brave Bird|p1a: Iron Treads
|-resisted|p1a: Iron Treads
|-damage|p1a: Iron Treads|39/100
|-damage|p2a: Trump is low IQ|83/100|[from] Recoil
|
|upkeep
|turn|45
|
|t:|1781429129
|-end|p1a: Iron Treads|Quark Drive|[silent]
|switch|p1a: Raging Bolt|Raging Bolt|41/100
|move|p2a: Trump is low IQ|Defog|p1a: Raging Bolt
|-unboost|p1a: Raging Bolt|evasion|1
|-sideend|p2: Trainer #39|Stealth Rock|[from] move: Defog|[of] p2a: Trump is low IQ
|
|upkeep
|turn|46
|
|t:|1781429131
|switch|p2a: Save Sudan|Slowking-Galar, M|86/100 par
|move|p1a: Raging Bolt|Thunder|p2a: Save Sudan|[miss]
|-miss|p1a: Raging Bolt|p2a: Save Sudan
|
|upkeep
|turn|47
|
|t:|1781429134
|move|p1a: Raging Bolt|Thunder|p2a: Save Sudan
|-damage|p2a: Save Sudan|35/100 par
|move|p2a: Save Sudan|Sludge Bomb|p1a: Raging Bolt
|-damage|p1a: Raging Bolt|9/100
|-status|p1a: Raging Bolt|psn
|
|-damage|p1a: Raging Bolt|0 fnt|[from] psn
|faint|p1a: Raging Bolt
|-end|p1a: Raging Bolt|Protosynthesis|[silent]
|upkeep
|
|t:|1781429135
|switch|p1a: Pelipper|Pelipper, M|100/100
|-weather|RainDance|[from] ability: Drizzle|[of] p1a: Pelipper
|turn|48
|
|t:|1781429138
|switch|p2a: Free Lebanon|Clefable, M|100/100
|move|p1a: Pelipper|Weather Ball|p2a: Free Lebanon
|-damage|p2a: Free Lebanon|65/100
|
|-weather|RainDance|[upkeep]
|upkeep
|turn|49
|
|t:|1781429140
|move|p2a: Free Lebanon|Wish|p2a: Free Lebanon
|move|p1a: Pelipper|Weather Ball|p2a: Free Lebanon
|-damage|p2a: Free Lebanon|33/100
|
|-weather|RainDance|[upkeep]
|upkeep
|turn|50
|
|t:|1781429144
|move|p2a: Free Lebanon|Protect|p2a: Free Lebanon
|-singleturn|p2a: Free Lebanon|Protect
|move|p1a: Pelipper|Weather Ball|p2a: Free Lebanon
|-activate|p2a: Free Lebanon|move: Protect
|
|-weather|RainDance|[upkeep]
|-heal|p2a: Free Lebanon|83/100|[from] move: Wish|[wisher] Free Lebanon
|upkeep
|turn|51
|
|t:|1781429145
|move|p2a: Free Lebanon|Wish|p2a: Free Lebanon
|move|p1a: Pelipper|Hurricane|p2a: Free Lebanon
|-damage|p2a: Free Lebanon|58/100
|
|-weather|RainDance|[upkeep]
|upkeep
|turn|52
|
|t:|1781429147
|move|p2a: Free Lebanon|Knock Off|p1a: Pelipper
|-damage|p1a: Pelipper|87/100
|-enditem|p1a: Pelipper|Damp Rock|[from] move: Knock Off|[of] p2a: Free Lebanon
|move|p1a: Pelipper|Weather Ball|p2a: Free Lebanon
|-damage|p2a: Free Lebanon|23/100
|
|-weather|RainDance|[upkeep]
|-heal|p2a: Free Lebanon|73/100|[from] move: Wish|[wisher] Free Lebanon
|upkeep
|turn|53
|
|t:|1781429150
|move|p2a: Free Lebanon|Moonblast|p1a: Pelipper
|-damage|p1a: Pelipper|41/100
|move|p1a: Pelipper|Weather Ball|p2a: Free Lebanon
|-damage|p2a: Free Lebanon|40/100
|
|-weather|RainDance|[upkeep]
|upkeep
|turn|54
|
|t:|1781429154
|move|p2a: Free Lebanon|Moonblast|p1a: Pelipper
|-damage|p1a: Pelipper|0 fnt
|faint|p1a: Pelipper
|
|-weather|RainDance|[upkeep]
|upkeep
|
|t:|1781429154
|switch|p1a: Barraskewda|Barraskewda, F|70/100
|turn|55
|
|t:|1781429158
|move|p2a: Free Lebanon|Protect|p2a: Free Lebanon
|-singleturn|p2a: Free Lebanon|Protect
|move|p1a: Barraskewda|Liquidation|p2a: Free Lebanon
|-activate|p2a: Free Lebanon|move: Protect
|
|-weather|none
|upkeep
|turn|56
|
|t:|1781429160
|switch|p2a: 808 and curses|Dondozo, M|79/100
|move|p1a: Barraskewda|Liquidation|p2a: 808 and curses
|-resisted|p2a: 808 and curses
|-damage|p2a: 808 and curses|70/100
|
|-heal|p2a: 808 and curses|76/100|[from] item: Leftovers
|upkeep
|turn|57
|
|t:|1781429163
|move|p1a: Barraskewda|Liquidation|p2a: 808 and curses
|-resisted|p2a: 808 and curses
|-damage|p2a: 808 and curses|65/100
|move|p2a: 808 and curses|Curse|p2a: 808 and curses
|-unboost|p2a: 808 and curses|spe|1
|-boost|p2a: 808 and curses|atk|1
|-boost|p2a: 808 and curses|def|1
|
|-heal|p2a: 808 and curses|72/100|[from] item: Leftovers
|upkeep
|turn|58
|
|t:|1781429165
|move|p1a: Barraskewda|Liquidation|p2a: 808 and curses
|-resisted|p2a: 808 and curses
|-damage|p2a: 808 and curses|64/100
|move|p2a: 808 and curses|Curse|p2a: 808 and curses
|-unboost|p2a: 808 and curses|spe|1
|-boost|p2a: 808 and curses|atk|1
|-boost|p2a: 808 and curses|def|1
|
|-heal|p2a: 808 and curses|70/100|[from] item: Leftovers
|upkeep
|turn|59
|
|t:|1781429167
|move|p1a: Barraskewda|Flip Turn|p2a: 808 and curses
|-resisted|p2a: 808 and curses
|-damage|p2a: 808 and curses|67/100
|
|t:|1781429168
|switch|p1a: Overqwil|Overqwil, F|19/100|[from] Flip Turn
|move|p2a: 808 and curses|Curse|p2a: 808 and curses
|-unboost|p2a: 808 and curses|spe|1
|-boost|p2a: 808 and curses|atk|1
|-boost|p2a: 808 and curses|def|1
|
|-heal|p2a: 808 and curses|73/100|[from] item: Leftovers
|upkeep
|turn|60
|
|t:|1781429171
|move|p1a: Overqwil|Gunk Shot|p2a: 808 and curses|[miss]
|-miss|p1a: Overqwil|p2a: 808 and curses
|move|p2a: 808 and curses|Curse|p2a: 808 and curses
|-unboost|p2a: 808 and curses|spe|1
|-boost|p2a: 808 and curses|atk|1
|-boost|p2a: 808 and curses|def|1
|
|-heal|p2a: 808 and curses|79/100|[from] item: Leftovers
|upkeep
|turn|61
|
|t:|1781429173
|move|p1a: Overqwil|Liquidation|p2a: 808 and curses
|-resisted|p2a: 808 and curses
|-damage|p2a: 808 and curses|76/100
|-damage|p1a: Overqwil|9/100|[from] item: Life Orb
|move|p2a: 808 and curses|Curse|p2a: 808 and curses
|-unboost|p2a: 808 and curses|spe|1
|-boost|p2a: 808 and curses|atk|1
|-boost|p2a: 808 and curses|def|1
|
|-heal|p2a: 808 and curses|82/100|[from] item: Leftovers
|upkeep
|turn|62
|
|t:|1781429175
|move|p1a: Overqwil|Liquidation|p2a: 808 and curses
|-resisted|p2a: 808 and curses
|-damage|p2a: 808 and curses|80/100
|-damage|p1a: Overqwil|0 fnt|[from] item: Life Orb
|faint|p1a: Overqwil
|move|p2a: 808 and curses|Curse|p2a: 808 and curses
|-unboost|p2a: 808 and curses|spe|1
|-boost|p2a: 808 and curses|atk|1
|-boost|p2a: 808 and curses|def|1
|
|-heal|p2a: 808 and curses|86/100|[from] item: Leftovers
|upkeep
|
|t:|1781429175
|switch|p1a: Barraskewda|Barraskewda, F|70/100
|turn|63
|
|t:|1781429177
|move|p1a: Barraskewda|Liquidation|p2a: 808 and curses
|-resisted|p2a: 808 and curses
|-damage|p2a: 808 and curses|84/100
|move|p2a: 808 and curses|Waterfall|p1a: Barraskewda
|-resisted|p1a: Barraskewda
|-damage|p1a: Barraskewda|0 fnt
|faint|p1a: Barraskewda
|
|-heal|p2a: 808 and curses|90/100|[from] item: Leftovers
|upkeep
|
|t:|1781429178
|switch|p1a: Iron Treads|Iron Treads|39/100
|turn|64
|
|t:|1781429180
|move|p1a: Iron Treads|Rapid Spin|p2a: 808 and curses
|-damage|p2a: 808 and curses|89/100
|-boost|p1a: Iron Treads|spe|1
|move|p2a: 808 and curses|Waterfall|p1a: Iron Treads
|-supereffective|p1a: Iron Treads
|-damage|p1a: Iron Treads|0 fnt
|faint|p1a: Iron Treads
|-end|p1a: Iron Treads|Quark Drive|[silent]
|
|win|Trainer #39
|raw|LowEL0God's rating: 1671 &rarr; <strong>1656</strong><br />(-15 for losing)
|raw|Trainer #39's rating: 1756 &rarr; <strong>1771</strong><br />(+15 for winning)
|l|☆Trainer #39
|player|p2|
|c|☆LowEL0God|gg
|l|☆LowEL0God
|player|p1|
