|j|☆diav
|j|☆1200s chud
|t:|1780952640
|gametype|singles
|player|p1|diav|flannery|1645
|player|p2|1200s chud|preschooler|1697
|gen|9
|tier|[Gen 9] OU
|rated|
|rule|HP Percentage Mod: HP is shown in percentages
|rule|Endless Battle Clause: Forcing endless battles is banned
|rule|Species Clause: Limit one of each Pokémon
|rule|OHKO Clause: OHKO moves are banned
|rule|Evasion Items Clause: Evasion items are banned
|rule|Evasion Moves Clause: Evasion moves are banned
|rule|Evasion Abilities Clause: Evasion abilities are banned
|rule|Sleep Moves Clause: Sleep-inducing moves are banned
|clearpoke
|poke|p1|Darkrai|
|poke|p1|Tyranitar, M|
|poke|p1|Ceruledge, M|
|poke|p1|Deoxys-Defense|
|poke|p1|Landorus-Therian, M|
|poke|p1|Enamorus, F|
|poke|p2|Iron Thorns|
|poke|p2|Ribombee, F|
|poke|p2|Gholdengo|
|poke|p2|Quaquaval, M|
|poke|p2|Ceruledge, F|
|poke|p2|Ursaluna, F|
|teampreview
|inactive|Battle timer is ON: inactive players will automatically lose when time's up. (requested by 1200s chud)
|inactive|diav also wants the timer to be on.
|
|t:|1780952653
|teamsize|p1|6
|teamsize|p2|6
|start
|switch|p1a: Darkrai|Darkrai|100/100
|switch|p2a: SupremeClientele|Ribombee, F|100/100
|turn|1
|
|t:|1780952657
|move|p1a: Darkrai|Sludge Bomb|p2a: SupremeClientele
|-supereffective|p2a: SupremeClientele
|-damage|p2a: SupremeClientele|7/100
|move|p2a: SupremeClientele|Sticky Web|p1a: Darkrai
|-sidestart|p1: diav|move: Sticky Web
|
|upkeep
|turn|2
|
|t:|1780952675
|switch|p2a: Mr.EnjoyDaDances|Iron Thorns|100/100
|-enditem|p2a: Mr.EnjoyDaDances|Booster Energy
|-activate|p2a: Mr.EnjoyDaDances|ability: Quark Drive|[fromitem]
|-start|p2a: Mr.EnjoyDaDances|quarkdriveatk
|move|p1a: Darkrai|Dark Pulse|p2a: Mr.EnjoyDaDances
|-damage|p2a: Mr.EnjoyDaDances|59/100
|
|upkeep
|turn|3
|
|t:|1780952683
|move|p1a: Darkrai|Focus Blast|p2a: Mr.EnjoyDaDances|[miss]
|-miss|p1a: Darkrai|p2a: Mr.EnjoyDaDances
|move|p2a: Mr.EnjoyDaDances|Dragon Dance|p2a: Mr.EnjoyDaDances
|-boost|p2a: Mr.EnjoyDaDances|atk|1
|-boost|p2a: Mr.EnjoyDaDances|spe|1
|
|upkeep
|turn|4
|
|t:|1780952687
|move|p2a: Mr.EnjoyDaDances|Low Kick|p1a: Darkrai
|-supereffective|p1a: Darkrai
|-damage|p1a: Darkrai|0 fnt
|faint|p1a: Darkrai
|
|upkeep
|c|☆diav|i havent hit one all night
|c|☆diav|straight up 0/3
|
|t:|1780952706
|switch|p1a: Landorus|Landorus-Therian, M|100/100
|-ability|p1a: Landorus|Intimidate|boost
|-unboost|p2a: Mr.EnjoyDaDances|atk|1
|turn|5
|
|t:|1780952707
|switch|p1a: Ceruledge|Ceruledge, M|100/100
|-activate|p1a: Ceruledge|move: Sticky Web
|-unboost|p1a: Ceruledge|spe|1
|move|p2a: Mr.EnjoyDaDances|Ice Punch|p1a: Ceruledge
|-resisted|p1a: Ceruledge
|-damage|p1a: Ceruledge|77/100
|-ability|p1a: Ceruledge|Weak Armor|boost
|-unboost|p1a: Ceruledge|def|1
|-boost|p1a: Ceruledge|spe|2
|
|upkeep
|turn|6
|
|t:|1780952713
|move|p1a: Ceruledge|Bitter Blade|p2a: Mr.EnjoyDaDances
|-resisted|p2a: Mr.EnjoyDaDances
|-damage|p2a: Mr.EnjoyDaDances|34/100
|-heal|p1a: Ceruledge|92/100|[from] drain|[of] p2a: Mr.EnjoyDaDances
|-damage|p1a: Ceruledge|82/100|[from] item: Life Orb
|move|p2a: Mr.EnjoyDaDances|Supercell Slam|p1a: Ceruledge
|-damage|p1a: Ceruledge|0 fnt
|faint|p1a: Ceruledge
|
|upkeep
|
|t:|1780952718
|switch|p1a: Landorus|Landorus-Therian, M|100/100
|-ability|p1a: Landorus|Intimidate|boost
|-unboost|p2a: Mr.EnjoyDaDances|atk|1
|turn|7
|
|t:|1780952724
|move|p2a: Mr.EnjoyDaDances|Ice Punch|p1a: Landorus
|-supereffective|p1a: Landorus
|-damage|p1a: Landorus|0 fnt
|faint|p1a: Landorus
|
|upkeep
|
|t:|1780952728
|switch|p1a: Deoxys|Deoxys-Defense|100/100
|-activate|p1a: Deoxys|move: Sticky Web
|-unboost|p1a: Deoxys|spe|1
|-ability|p1a: Deoxys|Pressure
|turn|8
|
|t:|1780952733
|-end|p2a: Mr.EnjoyDaDances|Quark Drive|[silent]
|switch|p2a: SupremeClientele|Ribombee, F|7/100
|move|p1a: Deoxys|Reflect|p1a: Deoxys
|-sidestart|p1: diav|Reflect
|
|upkeep
|turn|9
|
|t:|1780952738
|move|p2a: SupremeClientele|Stun Spore|p1a: Deoxys|[miss]
|-miss|p2a: SupremeClientele|p1a: Deoxys
|move|p1a: Deoxys|Light Screen|p1a: Deoxys
|-sidestart|p1: diav|move: Light Screen
|
|upkeep
|turn|10
|
|t:|1780952740
|move|p2a: SupremeClientele|Stun Spore|p1a: Deoxys
|-status|p1a: Deoxys|par
|move|p1a: Deoxys|Teleport|p1a: Deoxys
|
|t:|1780952742
|switch|p1a: Tyranitar|Tyranitar, M|100/100|[from] Teleport
|-activate|p1a: Tyranitar|move: Sticky Web
|-unboost|p1a: Tyranitar|spe|1
|-weather|Sandstorm|[from] ability: Sand Stream|[of] p1a: Tyranitar
|
|-weather|Sandstorm|[upkeep]
|-damage|p2a: SupremeClientele|1/100|[from] Sandstorm
|upkeep
|turn|11
|
|t:|1780952745
|switch|p1a: Deoxys|Deoxys-Defense|100/100 par
|-activate|p1a: Deoxys|move: Sticky Web
|-unboost|p1a: Deoxys|spe|1
|-ability|p1a: Deoxys|Pressure
|move|p2a: SupremeClientele|Stun Spore|p1a: Deoxys
|-fail|p1a: Deoxys|par
|
|-weather|Sandstorm|[upkeep]
|-damage|p2a: SupremeClientele|0 fnt|[from] Sandstorm
|-damage|p1a: Deoxys|94/100 par|[from] Sandstorm
|faint|p2a: SupremeClientele
|upkeep
|
|t:|1780952763
|switch|p2a: Mr.EnjoyDaDances|Iron Thorns|34/100
|turn|12
|
|t:|1780952768
|move|p2a: Mr.EnjoyDaDances|Dragon Dance|p2a: Mr.EnjoyDaDances
|-boost|p2a: Mr.EnjoyDaDances|atk|1
|-boost|p2a: Mr.EnjoyDaDances|spe|1
|move|p1a: Deoxys|Taunt|p2a: Mr.EnjoyDaDances
|-start|p2a: Mr.EnjoyDaDances|move: Taunt
|
|-weather|Sandstorm|[upkeep]
|-damage|p1a: Deoxys|88/100 par|[from] Sandstorm
|upkeep
|turn|13
|
|t:|1780952771
|move|p2a: Mr.EnjoyDaDances|Supercell Slam|p1a: Deoxys
|-damage|p1a: Deoxys|56/100 par
|move|p1a: Deoxys|Teleport|p1a: Deoxys
|
|t:|1780952773
|switch|p1a: Tyranitar|Tyranitar, M|100/100|[from] Teleport
|-activate|p1a: Tyranitar|move: Sticky Web
|-unboost|p1a: Tyranitar|spe|1
|
|-weather|Sandstorm|[upkeep]
|upkeep
|turn|14
|
|t:|1780952782
|move|p2a: Mr.EnjoyDaDances|Supercell Slam|p1a: Tyranitar
|-crit|p1a: Tyranitar
|-damage|p1a: Tyranitar|0 fnt
|faint|p1a: Tyranitar
|
|-weather|none
|upkeep
|-message|diav forfeited.
|
|win|1200s chud
|raw|diav's rating: 1645 &rarr; <strong>1628</strong><br />(-17 for losing)
|raw|1200s chud's rating: 1697 &rarr; <strong>1714</strong><br />(+17 for winning)
|l|☆diav
|player|p1|
|c|☆1200s chud|Ooh shit
|l|☆1200s chud
|player|p2|
