|j|☆icylikedecember
|j|☆isaac_gam3r
|t:|1781272446
|gametype|singles
|player|p1|icylikedecember|smasher|1762
|player|p2|isaac_gam3r|acetrainer-gen4dp|1742
|gen|9
|tier|[Gen 9] OU
|rated|
|rule|HP Percentage Mod: HP is shown in percentages
|rule|Endless Battle Clause: Forcing endless battles is banned
|rule|Species Clause: Limit one of each Pokémon
|rule|OHKO Clause: OHKO moves are banned
|rule|Evasion Items Clause: Evasion items are banned
|rule|Evasion Moves Clause: Evasion moves are banned
|rule|Evasion Abilities Clause: Evasion abilities are banned
|rule|Sleep Moves Clause: Sleep-inducing moves are banned
|clearpoke
|poke|p1|Corviknight, M|
|poke|p1|Slowking-Galar, M|
|poke|p1|Darkrai|
|poke|p1|Kyurem|
|poke|p1|Zamazenta-*|
|poke|p1|Crawdaunt, M|
|poke|p2|Primarina, F|
|poke|p2|Raging Bolt|
|poke|p2|Heatran, M|
|poke|p2|Weezing-Galar, M|
|poke|p2|Garchomp, M|
|poke|p2|Weavile, M|
|teampreview
|inactive|Battle timer is ON: inactive players will automatically lose when time's up. (requested by isaac_gam3r)
|
|t:|1781272452
|teamsize|p1|6
|teamsize|p2|6
|start
|switch|p1a: Darkrai|Darkrai|100/100
|switch|p2a: Raging Bolt|Raging Bolt|100/100
|turn|1
|
|t:|1781272456
|-end|p2a: Raging Bolt|Protosynthesis|[silent]
|switch|p2a: Heatran|Heatran, M|100/100
|move|p1a: Darkrai|Ice Beam|p2a: Heatran
|-resisted|p2a: Heatran
|-damage|p2a: Heatran|96/100
|
|upkeep
|turn|2
|
|t:|1781272459
|move|p1a: Darkrai|Focus Blast|p2a: Heatran
|-supereffective|p2a: Heatran
|-damage|p2a: Heatran|37/100
|move|p2a: Heatran|Lava Plume|p1a: Darkrai
|-damage|p1a: Darkrai|46/100
|
|upkeep
|turn|3
|
|t:|1781272463
|move|p1a: Darkrai|Focus Blast|p2a: Heatran|[miss]
|-miss|p1a: Darkrai|p2a: Heatran
|move|p2a: Heatran|Lava Plume|p1a: Darkrai
|-damage|p1a: Darkrai|0 fnt
|faint|p1a: Darkrai
|
|upkeep
|
|t:|1781272467
|switch|p1a: Crawdaunt|Crawdaunt, M|100/100
|turn|4
|
|t:|1781272470
|switch|p2a: Garchomp|Garchomp, M|100/100
|move|p1a: Crawdaunt|Crabhammer|p2a: Garchomp
|-damage|p2a: Garchomp|0 fnt
|-damage|p1a: Crawdaunt|88/100|[from] ability: Rough Skin|[of] p2a: Garchomp
|faint|p2a: Garchomp
|
|upkeep
|
|t:|1781272473
|switch|p2a: Raging Bolt|Raging Bolt|100/100
|turn|5
|
|t:|1781272476
|switch|p1a: Slowking|Slowking-Galar, M, shiny|100/100
|move|p2a: Raging Bolt|Calm Mind|p2a: Raging Bolt
|-boost|p2a: Raging Bolt|spa|1
|-boost|p2a: Raging Bolt|spd|1
|
|upkeep
|turn|6
|
|t:|1781272479
|move|p2a: Raging Bolt|Calm Mind|p2a: Raging Bolt
|-boost|p2a: Raging Bolt|spa|1
|-boost|p2a: Raging Bolt|spd|1
|move|p1a: Slowking|Psyshock|p2a: Raging Bolt
|-damage|p2a: Raging Bolt|68/100
|
|-heal|p2a: Raging Bolt|74/100|[from] item: Leftovers
|upkeep
|turn|7
|
|t:|1781272481
|-terastallize|p1a: Slowking|Grass
|move|p2a: Raging Bolt|Thunderbolt|p1a: Slowking
|-resisted|p1a: Slowking
|-damage|p1a: Slowking|75/100
|move|p1a: Slowking|Psyshock|p2a: Raging Bolt
|-damage|p2a: Raging Bolt|45/100
|
|-heal|p2a: Raging Bolt|51/100|[from] item: Leftovers
|upkeep
|turn|8
|
|t:|1781272488
|move|p2a: Raging Bolt|Dragon Pulse|p1a: Slowking
|-damage|p1a: Slowking|27/100
|move|p1a: Slowking|Psyshock|p2a: Raging Bolt
|-damage|p2a: Raging Bolt|23/100
|
|-heal|p2a: Raging Bolt|29/100|[from] item: Leftovers
|upkeep
|turn|9
|
|t:|1781272493
|move|p2a: Raging Bolt|Dragon Pulse|p1a: Slowking
|-damage|p1a: Slowking|0 fnt
|faint|p1a: Slowking
|
|-heal|p2a: Raging Bolt|35/100|[from] item: Leftovers
|upkeep
|
|t:|1781272497
|switch|p1a: Kyurem|Kyurem|100/100
|-ability|p1a: Kyurem|Pressure
|turn|10
|
|t:|1781272502
|-terastallize|p2a: Raging Bolt|Fairy
|move|p1a: Kyurem|Freeze-Dry|p2a: Raging Bolt
|-damage|p2a: Raging Bolt|12/100
|move|p2a: Raging Bolt|Dragon Pulse|p1a: Kyurem
|-supereffective|p1a: Kyurem
|-damage|p1a: Kyurem|0 fnt
|faint|p1a: Kyurem
|
|-heal|p2a: Raging Bolt|19/100|[from] item: Leftovers
|upkeep
|
|t:|1781272508
|switch|p1a: Zamazenta|Zamazenta|100/100
|-ability|p1a: Zamazenta|Dauntless Shield|boost
|-boost|p1a: Zamazenta|def|1
|turn|11
|
|t:|1781272510
|move|p2a: Raging Bolt|Thunderclap||[still]
|-fail|p2a: Raging Bolt
|move|p1a: Zamazenta|Iron Defense|p1a: Zamazenta
|-boost|p1a: Zamazenta|def|2
|
|-heal|p2a: Raging Bolt|25/100|[from] item: Leftovers
|upkeep
|turn|12
|
|t:|1781272514
|move|p1a: Zamazenta|Body Press|p2a: Raging Bolt
|-resisted|p2a: Raging Bolt
|-damage|p2a: Raging Bolt|0 fnt
|faint|p2a: Raging Bolt
|-end|p2a: Raging Bolt|Protosynthesis|[silent]
|
|upkeep
|
|t:|1781272516
|switch|p2a: Weezing|Weezing-Galar, M, shiny|100/100
|turn|13
|
|t:|1781272518
|switch|p1a: Corviknight|Corviknight, M, shiny|100/100
|-ability|p1a: Corviknight|Pressure
|move|p2a: Weezing|Will-O-Wisp|p1a: Corviknight|[miss]
|-miss|p2a: Weezing|p1a: Corviknight
|
|upkeep
|turn|14
|
|t:|1781272521
|move|p1a: Corviknight|U-turn|p2a: Weezing
|-resisted|p2a: Weezing
|-damage|p2a: Weezing|98/100
|
|t:|1781272525
|switch|p1a: Zamazenta|Zamazenta|100/100|[from] U-turn
|move|p2a: Weezing|Will-O-Wisp|p1a: Zamazenta
|-status|p1a: Zamazenta|brn
|
|-heal|p2a: Weezing|100/100|[from] item: Black Sludge
|-damage|p1a: Zamazenta|94/100 brn|[from] brn
|upkeep
|turn|15
|
|t:|1781272529
|move|p2a: Weezing|Strange Steam|p1a: Zamazenta
|-supereffective|p1a: Zamazenta
|-damage|p1a: Zamazenta|52/100 brn
|move|p1a: Zamazenta|Roar|p2a: Weezing
|drag|p2a: Weavile|Weavile, M|100/100
|-ability|p2a: Weavile|Pressure
|
|-heal|p1a: Zamazenta|58/100 brn|[from] item: Leftovers
|-damage|p1a: Zamazenta|52/100 brn|[from] brn
|upkeep
|turn|16
|
|t:|1781272532
|switch|p1a: Crawdaunt|Crawdaunt, M|88/100
|switch|p2a: Weezing|Weezing-Galar, M, shiny|100/100
|
|upkeep
|turn|17
|
|t:|1781272535
|move|p1a: Crawdaunt|Crabhammer|p2a: Weezing
|-damage|p2a: Weezing|28/100
|move|p2a: Weezing|Will-O-Wisp|p1a: Crawdaunt|[miss]
|-miss|p2a: Weezing|p1a: Crawdaunt
|
|-heal|p2a: Weezing|34/100|[from] item: Black Sludge
|upkeep
|turn|18
|c|☆isaac_gam3r|Ya wey no mms
|
|t:|1781272545
|move|p1a: Crawdaunt|Crabhammer|p2a: Weezing
|-damage|p2a: Weezing|0 fnt
|faint|p2a: Weezing
|
|upkeep
|
|t:|1781272546
|switch|p2a: Primarina|Primarina, F, shiny|100/100
|turn|19
|
|t:|1781272550
|switch|p1a: Corviknight|Corviknight, M, shiny|100/100
|-ability|p1a: Corviknight|Pressure
|move|p2a: Primarina|Calm Mind|p2a: Primarina
|-boost|p2a: Primarina|spa|1
|-boost|p2a: Primarina|spd|1
|
|upkeep
|turn|20
|
|t:|1781272553
|move|p1a: Corviknight|Brave Bird|p2a: Primarina
|-damage|p2a: Primarina|56/100
|-damage|p1a: Corviknight|87/100|[from] Recoil
|move|p2a: Primarina|Sparkling Aria|p1a: Corviknight
|-damage|p1a: Corviknight|19/100
|
|-heal|p2a: Primarina|62/100|[from] item: Leftovers
|upkeep
|turn|21
|
|t:|1781272559
|move|p1a: Corviknight|Brave Bird|p2a: Primarina
|-damage|p2a: Primarina|16/100
|-damage|p1a: Corviknight|6/100|[from] Recoil
|move|p2a: Primarina|Sparkling Aria|p1a: Corviknight
|-damage|p1a: Corviknight|0 fnt
|faint|p1a: Corviknight
|
|-heal|p2a: Primarina|22/100|[from] item: Leftovers
|upkeep
|
|t:|1781272563
|switch|p1a: Crawdaunt|Crawdaunt, M|88/100
|turn|22
|
|t:|1781272572
|move|p2a: Primarina|Protect|p2a: Primarina
|-singleturn|p2a: Primarina|Protect
|move|p1a: Crawdaunt|Crabhammer|p2a: Primarina
|-activate|p2a: Primarina|move: Protect
|
|-heal|p2a: Primarina|28/100|[from] item: Leftovers
|upkeep
|turn|23
|
|t:|1781272576
|move|p1a: Crawdaunt|Crabhammer|p2a: Primarina
|-resisted|p2a: Primarina
|-damage|p2a: Primarina|0 fnt
|faint|p2a: Primarina
|
|upkeep
|
|t:|1781272578
|switch|p2a: Weavile|Weavile, M|100/100
|-ability|p2a: Weavile|Pressure
|turn|24
|
|t:|1781272580
|switch|p1a: Zamazenta|Zamazenta|52/100 brn
|move|p2a: Weavile|Low Kick|p1a: Zamazenta
|-damage|p1a: Zamazenta|26/100 brn
|
|-heal|p1a: Zamazenta|32/100 brn|[from] item: Leftovers
|-damage|p1a: Zamazenta|26/100 brn|[from] brn
|upkeep
|turn|25
|
|t:|1781272582
|switch|p2a: Heatran|Heatran, M|37/100
|move|p1a: Zamazenta|Body Press|p2a: Heatran
|-supereffective|p2a: Heatran
|-damage|p2a: Heatran|8/100
|
|-heal|p1a: Zamazenta|32/100 brn|[from] item: Leftovers
|-damage|p1a: Zamazenta|26/100 brn|[from] brn
|upkeep
|turn|26
|
|t:|1781272588
|move|p1a: Zamazenta|Body Press|p2a: Heatran
|-supereffective|p2a: Heatran
|-damage|p2a: Heatran|0 fnt
|faint|p2a: Heatran
|
|-heal|p1a: Zamazenta|32/100 brn|[from] item: Leftovers
|-damage|p1a: Zamazenta|26/100 brn|[from] brn
|upkeep
|
|t:|1781272590
|switch|p2a: Weavile|Weavile, M|100/100
|-ability|p2a: Weavile|Pressure
|turn|27
|
|t:|1781272591
|move|p1a: Zamazenta|Body Press|p2a: Weavile
|-supereffective|p2a: Weavile
|-enditem|p2a: Weavile|Focus Sash
|-damage|p2a: Weavile|1/100
|move|p2a: Weavile|Low Kick|p1a: Zamazenta
|-damage|p1a: Zamazenta|0 fnt
|faint|p1a: Zamazenta
|
|upkeep
|
|t:|1781272594
|switch|p1a: Crawdaunt|Crawdaunt, M|88/100
|turn|28
|
|t:|1781272601
|move|p1a: Crawdaunt|Aqua Jet|p2a: Weavile
|-damage|p2a: Weavile|0 fnt
|faint|p2a: Weavile
|
|win|icylikedecember
|raw|icylikedecember's rating: 1762 &rarr; <strong>1781</strong><br />(+19 for winning)
|raw|isaac_gam3r's rating: 1742 &rarr; <strong>1723</strong><br />(-19 for losing)
|l|☆isaac_gam3r
|player|p2|
|c|☆icylikedecember|era penal
|l|☆icylikedecember
|player|p1|
|j|☆isaac_gam3r
|player|p2|isaac_gam3r|acetrainer-gen4dp|
|l|☆isaac_gam3r
|player|p2|
