|j|☆vvenlo
|j|☆LowEL0God
|t:|1781258442
|gametype|singles
|player|p1|vvenlo|miku-water|1512
|player|p2|LowEL0God|265|1596
|gen|9
|tier|[Gen 9] OU
|rated|
|rule|HP Percentage Mod: HP is shown in percentages
|rule|Endless Battle Clause: Forcing endless battles is banned
|rule|Species Clause: Limit one of each Pokémon
|rule|OHKO Clause: OHKO moves are banned
|rule|Evasion Items Clause: Evasion items are banned
|rule|Evasion Moves Clause: Evasion moves are banned
|rule|Evasion Abilities Clause: Evasion abilities are banned
|rule|Sleep Moves Clause: Sleep-inducing moves are banned
|clearpoke
|poke|p1|Alomomola, L99, M|
|poke|p1|Mandibuzz, F|
|poke|p1|Lokix, F|
|poke|p1|Iron Valiant|
|poke|p1|Great Tusk|
|poke|p1|Gholdengo|
|poke|p2|Pelipper, M|
|poke|p2|Raging Bolt|
|poke|p2|Overqwil, M|
|poke|p2|Barraskewda, M|
|poke|p2|Iron Treads|
|poke|p2|Kingambit, M|
|teampreview
|c|☆LowEL0God|hf
|inactive|Battle timer is ON: inactive players will automatically lose when time's up. (requested by LowEL0God)
|
|t:|1781258460
|teamsize|p1|6
|teamsize|p2|6
|start
|switch|p1a: Iron Valiant|Iron Valiant, shiny|100/100
|switch|p2a: Pelipper|Pelipper, M|100/100
|-weather|RainDance|[from] ability: Drizzle|[of] p2a: Pelipper
|turn|1
|
|t:|1781258463
|move|p1a: Iron Valiant|Moonblast|p2a: Pelipper
|-damage|p2a: Pelipper|0 fnt
|faint|p2a: Pelipper
|
|-weather|RainDance|[upkeep]
|upkeep
|
|t:|1781258464
|switch|p2a: Barraskewda|Barraskewda, M|100/100
|turn|2
|
|t:|1781258468
|-end|p1a: Iron Valiant|Quark Drive|[silent]
|switch|p1a: Alomomola|Alomomola, L99, M|100/100
|move|p2a: Barraskewda|Liquidation|p1a: Alomomola
|-resisted|p1a: Alomomola
|-damage|p1a: Alomomola|66/100
|
|-weather|RainDance|[upkeep]
|upkeep
|turn|3
|
|t:|1781258473
|move|p2a: Barraskewda|Liquidation|p1a: Alomomola
|-resisted|p1a: Alomomola
|-damage|p1a: Alomomola|29/100
|move|p1a: Alomomola|Flip Turn|p2a: Barraskewda
|-resisted|p2a: Barraskewda
|-damage|p2a: Barraskewda|79/100
|
|t:|1781258476
|switch|p1a: Lokix|Lokix, F, shiny|100/100|[from] Flip Turn
|
|-weather|RainDance|[upkeep]
|upkeep
|turn|4
|
|t:|1781258481
|switch|p2a: Raging Bolt|Raging Bolt|100/100
|-enditem|p2a: Raging Bolt|Booster Energy
|-activate|p2a: Raging Bolt|ability: Protosynthesis|[fromitem]
|-start|p2a: Raging Bolt|protosynthesisspa
|-terastallize|p1a: Lokix|Bug
|move|p1a: Lokix|First Impression|p2a: Raging Bolt
|-damage|p2a: Raging Bolt|23/100
|
|-weather|RainDance|[upkeep]
|upkeep
|turn|5
|
|t:|1781258491
|switch|p1a: Alomomola|Alomomola, L99, M|62/100
|move|p2a: Raging Bolt|Weather Ball|p1a: Alomomola
|-resisted|p1a: Alomomola
|-damage|p1a: Alomomola|40/100
|
|-weather|RainDance|[upkeep]
|upkeep
|turn|6
|
|t:|1781258502
|switch|p1a: Great Tusk|Great Tusk|100/100
|move|p2a: Raging Bolt|Weather Ball|p1a: Great Tusk
|-supereffective|p1a: Great Tusk
|-crit|p1a: Great Tusk
|-damage|p1a: Great Tusk|0 fnt
|faint|p1a: Great Tusk
|-end|p1a: Great Tusk|Protosynthesis|[silent]
|
|-weather|RainDance|[upkeep]
|upkeep
|
|t:|1781258510
|switch|p1a: Lokix|Lokix, F, shiny, tera:Bug|100/100
|turn|7
|
|t:|1781258512
|move|p1a: Lokix|First Impression|p2a: Raging Bolt
|-damage|p2a: Raging Bolt|0 fnt
|faint|p2a: Raging Bolt
|-end|p2a: Raging Bolt|Protosynthesis|[silent]
|
|-weather|RainDance|[upkeep]
|upkeep
|
|t:|1781258512
|switch|p2a: Kingambit|Kingambit, M|100/100
|-activate|p2a: Kingambit|ability: Supreme Overlord
|-start|p2a: Kingambit|fallen2|[silent]
|turn|8
|
|t:|1781258516
|switch|p1a: Mandibuzz|Mandibuzz, F|100/100
|move|p2a: Kingambit|Swords Dance|p2a: Kingambit
|-boost|p2a: Kingambit|atk|2
|
|-weather|none
|upkeep
|turn|9
|
|t:|1781258519
|move|p1a: Mandibuzz|Foul Play|p2a: Kingambit
|-resisted|p2a: Kingambit
|-damage|p2a: Kingambit|61/100
|move|p2a: Kingambit|Iron Head|p1a: Mandibuzz
|-damage|p1a: Mandibuzz|38/100
|
|-heal|p2a: Kingambit|67/100|[from] item: Leftovers
|upkeep
|turn|10
|
|t:|1781258529
|move|p1a: Mandibuzz|Roost|p1a: Mandibuzz
|-heal|p1a: Mandibuzz|88/100
|-singleturn|p1a: Mandibuzz|move: Roost
|move|p2a: Kingambit|Iron Head|p1a: Mandibuzz
|-damage|p1a: Mandibuzz|29/100
|
|-heal|p2a: Kingambit|73/100|[from] item: Leftovers
|upkeep
|turn|11
|
|t:|1781258531
|move|p2a: Kingambit|Sucker Punch|p1a: Mandibuzz
|-resisted|p1a: Mandibuzz
|-damage|p1a: Mandibuzz|2/100
|move|p1a: Mandibuzz|Foul Play|p2a: Kingambit
|-resisted|p2a: Kingambit
|-damage|p2a: Kingambit|29/100
|
|-heal|p2a: Kingambit|35/100|[from] item: Leftovers
|upkeep
|turn|12
|
|t:|1781258534
|move|p2a: Kingambit|Sucker Punch||[still]
|-fail|p2a: Kingambit
|move|p1a: Mandibuzz|Roost|p1a: Mandibuzz
|-heal|p1a: Mandibuzz|52/100
|-singleturn|p1a: Mandibuzz|move: Roost
|
|-heal|p2a: Kingambit|41/100|[from] item: Leftovers
|upkeep
|turn|13
|
|t:|1781258538
|move|p1a: Mandibuzz|Foul Play|p2a: Kingambit
|-resisted|p2a: Kingambit
|-damage|p2a: Kingambit|0 fnt
|faint|p2a: Kingambit
|-end|p2a: Kingambit|fallen2|[silent]
|
|upkeep
|
|t:|1781258538
|switch|p2a: Overqwil|Overqwil, M|100/100
|turn|14
|
|t:|1781258544
|move|p2a: Overqwil|Gunk Shot|p1a: Mandibuzz
|-damage|p1a: Mandibuzz|5/100
|-status|p1a: Mandibuzz|psn
|-damage|p2a: Overqwil|91/100|[from] item: Life Orb
|move|p1a: Mandibuzz|U-turn|p2a: Overqwil
|-damage|p2a: Overqwil|77/100
|
|t:|1781258547
|switch|p1a: Lokix|Lokix, F, shiny, tera:Bug|100/100|[from] U-turn
|
|upkeep
|turn|15
|
|t:|1781258549
|switch|p2a: Iron Treads|Iron Treads|100/100
|-enditem|p2a: Iron Treads|Booster Energy
|-activate|p2a: Iron Treads|ability: Quark Drive|[fromitem]
|-start|p2a: Iron Treads|quarkdrivespe
|move|p1a: Lokix|First Impression|p2a: Iron Treads
|-resisted|p2a: Iron Treads
|-damage|p2a: Iron Treads|26/100
|
|upkeep
|turn|16
|
|t:|1781258554
|switch|p1a: Mandibuzz|Mandibuzz, F|5/100 psn
|move|p2a: Iron Treads|Stealth Rock|p1a: Mandibuzz
|-sidestart|p1: vvenlo|move: Stealth Rock
|
|-damage|p1a: Mandibuzz|0 fnt|[from] psn
|faint|p1a: Mandibuzz
|upkeep
|
|t:|1781258560
|switch|p1a: Lokix|Lokix, F, shiny, tera:Bug|100/100
|-damage|p1a: Lokix|76/100|[from] Stealth Rock
|turn|17
|
|t:|1781258562
|move|p1a: Lokix|First Impression|p2a: Iron Treads
|-resisted|p2a: Iron Treads
|-damage|p2a: Iron Treads|0 fnt
|faint|p2a: Iron Treads
|-end|p2a: Iron Treads|Quark Drive|[silent]
|
|upkeep
|
|t:|1781258562
|switch|p2a: Barraskewda|Barraskewda, M|79/100
|turn|18
|
|t:|1781258566
|switch|p1a: Alomomola|Alomomola, L99, M|73/100
|-damage|p1a: Alomomola|61/100|[from] Stealth Rock
|-terastallize|p2a: Barraskewda|Water
|move|p2a: Barraskewda|Liquidation|p1a: Alomomola
|-resisted|p1a: Alomomola
|-damage|p1a: Alomomola|30/100
|
|upkeep
|turn|19
|
|t:|1781258572
|move|p2a: Barraskewda|Liquidation|p1a: Alomomola
|-resisted|p1a: Alomomola
|-damage|p1a: Alomomola|0 fnt
|faint|p1a: Alomomola
|
|upkeep
|
|t:|1781258575
|switch|p1a: Lokix|Lokix, F, shiny, tera:Bug|76/100
|-damage|p1a: Lokix|51/100|[from] Stealth Rock
|turn|20
|
|t:|1781258578
|move|p1a: Lokix|First Impression|p2a: Barraskewda
|-damage|p2a: Barraskewda|0 fnt
|faint|p2a: Barraskewda
|
|upkeep
|
|t:|1781258578
|switch|p2a: Overqwil|Overqwil, M|77/100
|turn|21
|
|t:|1781258581
|switch|p1a: Gholdengo|Gholdengo|100/100
|-damage|p1a: Gholdengo|94/100|[from] Stealth Rock
|move|p2a: Overqwil|Gunk Shot|p1a: Gholdengo
|-immune|p1a: Gholdengo
|
|upkeep
|turn|22
|
|t:|1781258585
|move|p1a: Gholdengo|Make It Rain|p2a: Overqwil
|-damage|p2a: Overqwil|0 fnt
|-unboost|p1a: Gholdengo|spa|1
|faint|p2a: Overqwil
|
|win|vvenlo
|raw|vvenlo's rating: 1512 &rarr; <strong>1537</strong><br />(+25 for winning)
|raw|LowEL0God's rating: 1596 &rarr; <strong>1571</strong><br />(-25 for losing)
|l|☆vvenlo
|player|p1|
|c|☆LowEL0God|gg
|l|☆LowEL0God
|player|p2|
