|badge|p2|bronze|gen9ubers|100-9
|uhtml|medal-msg|<div class="broadcast-blue">Curious what those medals under the avatar are? PS now has Ladder Seasons! For more information, check out the <a href="https://www.smogon.com/forums/threads/3740067/">thread on Smogon.</a></div>
|j|☆Gunho Magika
|j|☆DriftedEx
|t:|1781209985
|gametype|singles
|player|p1|Gunho Magika|riley|1577
|player|p2|DriftedEx|rocketgrunt|1655
|gen|9
|tier|[Gen 9] OU
|rated|
|rule|HP Percentage Mod: HP is shown in percentages
|rule|Endless Battle Clause: Forcing endless battles is banned
|rule|Species Clause: Limit one of each Pokémon
|rule|OHKO Clause: OHKO moves are banned
|rule|Evasion Items Clause: Evasion items are banned
|rule|Evasion Moves Clause: Evasion moves are banned
|rule|Evasion Abilities Clause: Evasion abilities are banned
|rule|Sleep Moves Clause: Sleep-inducing moves are banned
|clearpoke
|poke|p1|Dragapult, M|
|poke|p1|Okidogi, M|
|poke|p1|Iron Crown|
|poke|p1|Iron Valiant|
|poke|p1|Landorus-Therian, M|
|poke|p1|Blastoise, F|
|poke|p2|Dragapult, M|
|poke|p2|Dragonite, M|
|poke|p2|Ting-Lu|
|poke|p2|Weezing-Galar, M|
|poke|p2|Iron Crown|
|poke|p2|Zapdos|
|teampreview
|inactive|Battle timer is ON: inactive players will automatically lose when time's up. (requested by DriftedEx)
|
|t:|1781210004
|teamsize|p1|6
|teamsize|p2|6
|start
|switch|p1a: Landorus|Landorus-Therian, M|100/100
|switch|p2a: Dragapult|Dragapult, M|100/100
|-ability|p1a: Landorus|Intimidate|boost
|-unboost|p2a: Dragapult|atk|1
|turn|1
|
|t:|1781210009
|move|p2a: Dragapult|Will-O-Wisp|p1a: Landorus|[miss]
|-miss|p2a: Dragapult|p1a: Landorus
|move|p1a: Landorus|Stealth Rock|p2a: Dragapult
|-sidestart|p2: DriftedEx|move: Stealth Rock
|
|upkeep
|turn|2
|
|t:|1781210012
|move|p2a: Dragapult|Will-O-Wisp|p1a: Landorus|[miss]
|-miss|p2a: Dragapult|p1a: Landorus
|move|p1a: Landorus|U-turn|p2a: Dragapult
|-resisted|p2a: Dragapult
|-damage|p2a: Dragapult|87/100
|-start|p1a: Landorus|Disable|U-turn|[from] ability: Cursed Body|[of] p2a: Dragapult
|
|t:|1781210027
|switch|p1a: Blastoise|Blastoise, F|100/100|[from] U-turn
|
|upkeep
|turn|3
|
|t:|1781210029
|move|p2a: Dragapult|Hex|p1a: Blastoise
|-damage|p1a: Blastoise|77/100
|move|p1a: Blastoise|Ice Beam|p2a: Dragapult
|-supereffective|p2a: Dragapult
|-damage|p2a: Dragapult|27/100
|-start|p1a: Blastoise|Disable|Ice Beam|[from] ability: Cursed Body|[of] p2a: Dragapult
|
|upkeep
|turn|4
|
|t:|1781210035
|move|p2a: Dragapult|U-turn|p1a: Blastoise
|-damage|p1a: Blastoise|67/100
|
|t:|1781210037
|switch|p2a: Ting-Lu|Ting-Lu|100/100|[from] U-turn
|-damage|p2a: Ting-Lu|94/100|[from] Stealth Rock
|-ability|p2a: Ting-Lu|Vessel of Ruin
|move|p1a: Blastoise|Flip Turn|p2a: Ting-Lu
|-supereffective|p2a: Ting-Lu
|-damage|p2a: Ting-Lu|73/100
|
|t:|1781210044
|switch|p1a: Landorus|Landorus-Therian, M|100/100|[from] Flip Turn
|-ability|p1a: Landorus|Intimidate|boost
|-unboost|p2a: Ting-Lu|atk|1
|
|-heal|p2a: Ting-Lu|79/100|[from] item: Leftovers
|upkeep
|turn|5
|
|t:|1781210045
|move|p1a: Landorus|Taunt|p2a: Ting-Lu
|-start|p2a: Ting-Lu|move: Taunt
|cant|p2a: Ting-Lu|move: Taunt|Stealth Rock
|
|-heal|p2a: Ting-Lu|85/100|[from] item: Leftovers
|upkeep
|turn|6
|
|t:|1781210048
|switch|p2a: Zapdos|Zapdos|100/100
|move|p1a: Landorus|U-turn|p2a: Zapdos
|-resisted|p2a: Zapdos
|-damage|p2a: Zapdos|86/100
|j| nesnot
|
|t:|1781210053
|switch|p1a: Iron Crown|Iron Crown|100/100|[from] U-turn
|
|upkeep
|turn|7
|l| nesnot
|
|t:|1781210056
|move|p1a: Iron Crown|Psychic Noise|p2a: Zapdos
|-damage|p2a: Zapdos|43/100
|-start|p2a: Zapdos|move: Heal Block
|move|p2a: Zapdos|Heat Wave|p1a: Iron Crown|[miss]
|-miss|p2a: Zapdos|p1a: Iron Crown
|
|upkeep
|turn|8
|
|t:|1781210065
|switch|p2a: Ting-Lu|Ting-Lu|85/100
|-damage|p2a: Ting-Lu|79/100|[from] Stealth Rock
|-ability|p2a: Ting-Lu|Vessel of Ruin
|move|p1a: Iron Crown|Psychic Noise|p2a: Ting-Lu
|-immune|p2a: Ting-Lu
|
|-heal|p2a: Ting-Lu|85/100|[from] item: Leftovers
|upkeep
|turn|9
|
|t:|1781210068
|-end|p1a: Iron Crown|Quark Drive|[silent]
|switch|p1a: Landorus|Landorus-Therian, M|100/100
|-ability|p1a: Landorus|Intimidate|boost
|-unboost|p2a: Ting-Lu|atk|1
|switch|p2a: Zapdos|Zapdos|43/100
|
|upkeep
|turn|10
|
|t:|1781210072
|move|p2a: Zapdos|Hurricane|p1a: Landorus
|-damage|p1a: Landorus|42/100
|move|p1a: Landorus|Taunt|p2a: Zapdos
|-start|p2a: Zapdos|move: Taunt
|
|upkeep
|turn|11
|
|t:|1781210076
|switch|p1a: Iron Crown|Iron Crown|100/100
|move|p2a: Zapdos|Heat Wave|p1a: Iron Crown
|-supereffective|p1a: Iron Crown
|-damage|p1a: Iron Crown|59/100
|
|upkeep
|turn|12
|
|t:|1781210092
|switch|p2a: Ting-Lu|Ting-Lu|85/100
|-damage|p2a: Ting-Lu|79/100|[from] Stealth Rock
|-ability|p2a: Ting-Lu|Vessel of Ruin
|move|p1a: Iron Crown|Tachyon Cutter|p2a: Ting-Lu
|-damage|p2a: Ting-Lu|68/100
|-damage|p2a: Ting-Lu|57/100
|-hitcount|p2a: Ting-Lu|2
|
|-heal|p2a: Ting-Lu|63/100|[from] item: Leftovers
|upkeep
|turn|13
|
|t:|1781210096
|-end|p1a: Iron Crown|Quark Drive|[silent]
|switch|p1a: Landorus|Landorus-Therian, M|42/100
|-ability|p1a: Landorus|Intimidate|boost
|-unboost|p2a: Ting-Lu|atk|1
|move|p2a: Ting-Lu|Stealth Rock|p1a: Landorus
|-sidestart|p1: Gunho Magika|move: Stealth Rock
|
|-heal|p2a: Ting-Lu|69/100|[from] item: Leftovers
|upkeep
|turn|14
|
|t:|1781210099
|switch|p2a: Zapdos|Zapdos|43/100
|move|p1a: Landorus|Taunt|p2a: Zapdos
|-start|p2a: Zapdos|move: Taunt
|
|upkeep
|turn|15
|
|t:|1781210116
|move|p2a: Zapdos|Hurricane|p1a: Landorus
|-damage|p1a: Landorus|0 fnt
|faint|p1a: Landorus
|
|upkeep
|inactive|Gunho Magika has 120 seconds left.
|
|t:|1781210145
|switch|p1a: Iron Crown|Iron Crown|59/100
|-damage|p1a: Iron Crown|53/100|[from] Stealth Rock
|turn|16
|
|t:|1781210149
|switch|p2a: Ting-Lu|Ting-Lu|69/100
|-damage|p2a: Ting-Lu|63/100|[from] Stealth Rock
|-ability|p2a: Ting-Lu|Vessel of Ruin
|move|p1a: Iron Crown|Tachyon Cutter|p2a: Ting-Lu
|-damage|p2a: Ting-Lu|53/100
|-damage|p2a: Ting-Lu|42/100
|-hitcount|p2a: Ting-Lu|2
|
|-heal|p2a: Ting-Lu|48/100|[from] item: Leftovers
|upkeep
|turn|17
|
|t:|1781210153
|-end|p1a: Iron Crown|Quark Drive|[silent]
|switch|p1a: Blastoise|Blastoise, F|67/100
|move|p2a: Ting-Lu|Earthquake|p1a: Blastoise
|-damage|p1a: Blastoise|41/100
|
|-heal|p2a: Ting-Lu|54/100|[from] item: Leftovers
|upkeep
|turn|18
|
|t:|1781210155
|move|p1a: Blastoise|Rapid Spin|p2a: Ting-Lu
|-damage|p2a: Ting-Lu|49/100
|-boost|p1a: Blastoise|spe|1
|-sideend|p1: Gunho Magika|Stealth Rock|[from] move: Rapid Spin|[of] p1a: Blastoise
|move|p2a: Ting-Lu|Whirlwind|p1a: Blastoise
|drag|p1a: Iron Valiant|Iron Valiant|100/100
|-enditem|p1a: Iron Valiant|Booster Energy
|-activate|p1a: Iron Valiant|ability: Quark Drive|[fromitem]
|-start|p1a: Iron Valiant|quarkdrivespe
|
|-heal|p2a: Ting-Lu|55/100|[from] item: Leftovers
|upkeep
|turn|19
|
|t:|1781210166
|-terastallize|p2a: Ting-Lu|Water
|move|p1a: Iron Valiant|Encore|p2a: Ting-Lu
|-start|p2a: Ting-Lu|Encore
|move|p2a: Ting-Lu|Whirlwind|p1a: Iron Valiant
|-end|p1a: Iron Valiant|Quark Drive|[silent]
|drag|p1a: Blastoise|Blastoise, F|41/100
|
|-heal|p2a: Ting-Lu|61/100|[from] item: Leftovers
|upkeep
|turn|20
|
|t:|1781210172
|move|p1a: Blastoise|Rapid Spin|p2a: Ting-Lu
|-damage|p2a: Ting-Lu|56/100
|-boost|p1a: Blastoise|spe|1
|move|p2a: Ting-Lu|Whirlwind|p1a: Blastoise
|drag|p1a: Dragapult|Dragapult, M, shiny|100/100
|
|-heal|p2a: Ting-Lu|62/100|[from] item: Leftovers
|upkeep
|turn|21
|
|t:|1781210178
|move|p1a: Dragapult|Draco Meteor|p2a: Ting-Lu
|-damage|p2a: Ting-Lu|29/100
|-unboost|p1a: Dragapult|spa|2
|move|p2a: Ting-Lu|Whirlwind|p1a: Dragapult
|drag|p1a: Okidogi|Okidogi, M|100/100
|
|-heal|p2a: Ting-Lu|35/100|[from] item: Leftovers
|-end|p2a: Ting-Lu|Encore
|upkeep
|turn|22
|
|t:|1781210182
|move|p1a: Okidogi|Bulk Up|p1a: Okidogi
|-boost|p1a: Okidogi|atk|1
|-boost|p1a: Okidogi|def|1
|move|p2a: Ting-Lu|Stealth Rock|p1a: Okidogi
|-sidestart|p1: Gunho Magika|move: Stealth Rock
|
|-heal|p2a: Ting-Lu|41/100|[from] item: Leftovers
|upkeep
|turn|23
|
|t:|1781210186
|switch|p2a: Weezing|Weezing-Galar, M|100/100
|-ability|p2a: Weezing|Neutralizing Gas
|move|p1a: Okidogi|Knock Off|p2a: Weezing
|-resisted|p2a: Weezing
|-damage|p2a: Weezing|86/100
|-enditem|p2a: Weezing|Heavy-Duty Boots|[from] move: Knock Off|[of] p1a: Okidogi
|
|upkeep
|turn|24
|
|t:|1781210192
|switch|p1a: Blastoise|Blastoise, F|41/100
|move|p2a: Weezing|Will-O-Wisp|p1a: Blastoise
|-status|p1a: Blastoise|brn
|
|-damage|p1a: Blastoise|34/100 brn|[from] brn
|upkeep
|turn|25
|
|t:|1781210194
|-end|p2a: Weezing|ability: Neutralizing Gas
|switch|p2a: Ting-Lu|Ting-Lu, tera:Water|41/100
|-damage|p2a: Ting-Lu|29/100|[from] Stealth Rock
|-ability|p2a: Ting-Lu|Vessel of Ruin
|move|p1a: Blastoise|Rapid Spin|p2a: Ting-Lu
|-damage|p2a: Ting-Lu|26/100
|-boost|p1a: Blastoise|spe|1
|-sideend|p1: Gunho Magika|Stealth Rock|[from] move: Rapid Spin|[of] p1a: Blastoise
|
|-heal|p2a: Ting-Lu|32/100|[from] item: Leftovers
|-damage|p1a: Blastoise|28/100 brn|[from] brn
|upkeep
|turn|26
|
|t:|1781210198
|move|p1a: Blastoise|Flip Turn|p2a: Ting-Lu
|-resisted|p2a: Ting-Lu
|-damage|p2a: Ting-Lu|30/100
|
|t:|1781210201
|switch|p1a: Okidogi|Okidogi, M|100/100|[from] Flip Turn
|move|p2a: Ting-Lu|Stealth Rock|p1a: Okidogi
|-sidestart|p1: Gunho Magika|move: Stealth Rock
|
|-heal|p2a: Ting-Lu|36/100|[from] item: Leftovers
|upkeep
|turn|27
|
|t:|1781210206
|switch|p2a: Zapdos|Zapdos|43/100
|move|p1a: Okidogi|Knock Off|p2a: Zapdos
|-damage|p2a: Zapdos|9/100
|-enditem|p2a: Zapdos|Heavy-Duty Boots|[from] move: Knock Off|[of] p1a: Okidogi
|
|upkeep
|turn|28
|
|t:|1781210216
|switch|p1a: Iron Crown|Iron Crown|53/100
|-damage|p1a: Iron Crown|46/100|[from] Stealth Rock
|move|p2a: Zapdos|Hurricane|p1a: Iron Crown
|-resisted|p1a: Iron Crown
|-damage|p1a: Iron Crown|28/100
|
|upkeep
|turn|29
|
|t:|1781210221
|move|p1a: Iron Crown|Psychic Noise|p2a: Zapdos
|-damage|p2a: Zapdos|0 fnt
|faint|p2a: Zapdos
|
|upkeep
|
|t:|1781210223
|switch|p2a: Dragapult|Dragapult, M|27/100
|turn|30
|
|t:|1781210226
|-end|p1a: Iron Crown|Quark Drive|[silent]
|switch|p1a: Blastoise|Blastoise, F|28/100 brn
|move|p2a: Dragapult|Hex|p1a: Blastoise
|-damage|p1a: Blastoise|0 fnt
|faint|p1a: Blastoise
|
|upkeep
|
|t:|1781210231
|switch|p1a: Okidogi|Okidogi, M|100/100
|-damage|p1a: Okidogi|94/100|[from] Stealth Rock
|turn|31
|
|t:|1781210236
|switch|p2a: Weezing|Weezing-Galar, M|86/100
|-ability|p2a: Weezing|Neutralizing Gas
|-damage|p2a: Weezing|74/100|[from] Stealth Rock
|move|p1a: Okidogi|Knock Off|p2a: Weezing
|-resisted|p2a: Weezing
|-damage|p2a: Weezing|68/100
|
|-heal|p1a: Okidogi|100/100|[from] item: Leftovers
|upkeep
|turn|32
|
|t:|1781210240
|switch|p1a: Iron Crown|Iron Crown|28/100
|-damage|p1a: Iron Crown|22/100|[from] Stealth Rock
|move|p2a: Weezing|Will-O-Wisp|p1a: Iron Crown
|-status|p1a: Iron Crown|brn
|
|-damage|p1a: Iron Crown|15/100 brn|[from] brn
|upkeep
|turn|33
|
|t:|1781210244
|-end|p2a: Weezing|ability: Neutralizing Gas
|switch|p2a: Ting-Lu|Ting-Lu, tera:Water|36/100
|-damage|p2a: Ting-Lu|23/100|[from] Stealth Rock
|-ability|p2a: Ting-Lu|Vessel of Ruin
|move|p1a: Iron Crown|Psychic Noise|p2a: Ting-Lu
|-damage|p2a: Ting-Lu|9/100
|-start|p2a: Ting-Lu|move: Heal Block
|
|-damage|p1a: Iron Crown|9/100 brn|[from] brn
|upkeep
|turn|34
|
|t:|1781210248
|move|p1a: Iron Crown|Volt Switch|p2a: Ting-Lu
|-supereffective|p2a: Ting-Lu
|-crit|p2a: Ting-Lu
|-damage|p2a: Ting-Lu|0 fnt
|faint|p2a: Ting-Lu
|
|t:|1781210255
|-end|p1a: Iron Crown|Quark Drive|[silent]
|switch|p1a: Okidogi|Okidogi, M|100/100|[from] Volt Switch
|-damage|p1a: Okidogi|94/100|[from] Stealth Rock
|
|-heal|p1a: Okidogi|100/100|[from] item: Leftovers
|upkeep
|
|t:|1781210257
|switch|p2a: Iron Crown|Iron Crown|100/100
|-damage|p2a: Iron Crown|94/100|[from] Stealth Rock
|turn|35
|
|t:|1781210262
|switch|p1a: Iron Crown|Iron Crown|9/100 brn
|-damage|p1a: Iron Crown|3/100 brn|[from] Stealth Rock
|move|p2a: Iron Crown|Tachyon Cutter|p1a: Iron Crown
|-resisted|p1a: Iron Crown
|-damage|p1a: Iron Crown|0 fnt
|faint|p1a: Iron Crown
|-end|p1a: Iron Crown|Quark Drive|[silent]
|-hitcount|p1: Iron Crown|1
|
|upkeep
|
|t:|1781210268
|switch|p1a: Dragapult|Dragapult, M, shiny|100/100
|-damage|p1a: Dragapult|88/100|[from] Stealth Rock
|turn|36
|
|t:|1781210275
|-end|p2a: Iron Crown|Quark Drive|[silent]
|switch|p2a: Weezing|Weezing-Galar, M|68/100
|-ability|p2a: Weezing|Neutralizing Gas
|-damage|p2a: Weezing|56/100|[from] Stealth Rock
|-terastallize|p1a: Dragapult|Ghost
|move|p1a: Dragapult|Shadow Ball|p2a: Weezing
|-damage|p2a: Weezing|0 fnt
|faint|p2a: Weezing
|-end|p2a: Weezing|ability: Neutralizing Gas
|
|upkeep
|
|t:|1781210278
|switch|p2a: Dragonite|Dragonite, M|100/100
|turn|37
|
|t:|1781210281
|move|p1a: Dragapult|Shadow Ball|p2a: Dragonite
|-damage|p2a: Dragonite|65/100
|-unboost|p2a: Dragonite|spd|1
|move|p2a: Dragonite|Earthquake|p1a: Dragapult
|-damage|p1a: Dragapult|36/100
|
|upkeep
|turn|38
|
|t:|1781210288
|move|p1a: Dragapult|Shadow Ball|p2a: Dragonite
|-damage|p2a: Dragonite|0 fnt
|faint|p2a: Dragonite
|
|upkeep
|
|t:|1781210289
|switch|p2a: Dragapult|Dragapult, M|27/100
|turn|39
|
|t:|1781210294
|switch|p1a: Okidogi|Okidogi, M|100/100
|-damage|p1a: Okidogi|94/100|[from] Stealth Rock
|move|p2a: Dragapult|Hex|p1a: Okidogi
|-damage|p1a: Okidogi|74/100
|
|-heal|p1a: Okidogi|80/100|[from] item: Leftovers
|upkeep
|turn|40
|
|t:|1781210298
|switch|p2a: Iron Crown|Iron Crown|94/100
|-damage|p2a: Iron Crown|88/100|[from] Stealth Rock
|move|p1a: Okidogi|Knock Off|p2a: Iron Crown
|-supereffective|p2a: Iron Crown
|-damage|p2a: Iron Crown|24/100
|-enditem|p2a: Iron Crown|Choice Specs|[from] move: Knock Off|[of] p1a: Okidogi
|
|-heal|p1a: Okidogi|86/100|[from] item: Leftovers
|upkeep
|turn|41
|
|t:|1781210306
|move|p2a: Iron Crown|Psyshock|p1a: Okidogi
|-supereffective|p1a: Okidogi
|-damage|p1a: Okidogi|0 fnt
|faint|p1a: Okidogi
|
|upkeep
|
|t:|1781210310
|switch|p1a: Iron Valiant|Iron Valiant|100/100
|-damage|p1a: Iron Valiant|94/100|[from] Stealth Rock
|turn|42
|
|t:|1781210312
|move|p1a: Iron Valiant|Thunderbolt|p2a: Iron Crown
|-damage|p2a: Iron Crown|0 fnt
|faint|p2a: Iron Crown
|-end|p2a: Iron Crown|Quark Drive|[silent]
|
|upkeep
|
|t:|1781210313
|switch|p2a: Dragapult|Dragapult, M|27/100
|turn|43
|
|t:|1781210315
|move|p2a: Dragapult|Hex|p1a: Iron Valiant
|-damage|p1a: Iron Valiant|48/100
|move|p1a: Iron Valiant|Moonblast|p2a: Dragapult
|-supereffective|p2a: Dragapult
|-damage|p2a: Dragapult|0 fnt
|faint|p2a: Dragapult
|
|win|Gunho Magika
|raw|Gunho Magika's rating: 1577 &rarr; <strong>1601</strong><br />(+24 for winning)
|raw|DriftedEx's rating: 1655 &rarr; <strong>1631</strong><br />(-24 for losing)
|l|☆DriftedEx
|player|p2|
|l|☆Gunho Magika
|player|p1|
