|j|☆LowEL0God
|j|☆KurisuChestnutLab
|t:|1781135437
|gametype|singles
|player|p1|LowEL0God|265|1550
|player|p2|KurisuChestnutLab|may-contest|1661
|gen|9
|tier|[Gen 9] OU
|rated|
|rule|HP Percentage Mod: HP is shown in percentages
|rule|Endless Battle Clause: Forcing endless battles is banned
|rule|Species Clause: Limit one of each Pokémon
|rule|OHKO Clause: OHKO moves are banned
|rule|Evasion Items Clause: Evasion items are banned
|rule|Evasion Moves Clause: Evasion moves are banned
|rule|Evasion Abilities Clause: Evasion abilities are banned
|rule|Sleep Moves Clause: Sleep-inducing moves are banned
|clearpoke
|poke|p1|Pelipper, F|
|poke|p1|Torkoal, F|
|poke|p1|Walking Wake|
|poke|p1|Kyurem|
|poke|p1|Ninetales-Alola, M|
|poke|p1|Ogerpon-Wellspring, F|
|poke|p2|Primarina, M|
|poke|p2|Hippowdon, F|
|poke|p2|Skarmory, F|
|poke|p2|Zapdos|
|poke|p2|Dragonite, F|
|poke|p2|Slowking, M|
|teampreview
|c|☆LowEL0God|hf
|inactive|Battle timer is ON: inactive players will automatically lose when time's up. (requested by LowEL0God)
|
|t:|1781135441
|teamsize|p1|6
|teamsize|p2|6
|start
|switch|p1a: Ninetales|Ninetales-Alola, M|100/100
|switch|p2a: Primarina|Primarina, M|100/100
|-weather|Snowscape|[from] ability: Snow Warning|[of] p1a: Ninetales
|turn|1
|inactive|KurisuChestnutLab also wants the timer to be on.
|
|t:|1781135445
|move|p1a: Ninetales|Aurora Veil|p1a: Ninetales
|-sidestart|p1: LowEL0God|move: Aurora Veil
|move|p2a: Primarina|Moonblast|p1a: Ninetales
|-damage|p1a: Ninetales|75/100
|
|-weather|Snowscape|[upkeep]
|upkeep
|turn|2
|
|t:|1781135450
|switch|p1a: Ogerpon|Ogerpon-Wellspring, F|100/100
|move|p2a: Primarina|Moonblast|p1a: Ogerpon
|-damage|p1a: Ogerpon|68/100
|
|-weather|Snowscape|[upkeep]
|upkeep
|turn|3
|
|t:|1781135454
|switch|p2a: Dragonite|Dragonite, F|100/100
|move|p1a: Ogerpon|Swords Dance|p1a: Ogerpon
|-boost|p1a: Ogerpon|atk|2
|
|-weather|Snowscape|[upkeep]
|upkeep
|turn|4
|
|t:|1781135457
|move|p1a: Ogerpon|Play Rough|p2a: Dragonite
|-supereffective|p2a: Dragonite
|-damage|p2a: Dragonite|28/100
|move|p2a: Dragonite|Dragon Dance|p2a: Dragonite
|-boost|p2a: Dragonite|atk|1
|-boost|p2a: Dragonite|spe|1
|
|-weather|Snowscape|[upkeep]
|upkeep
|turn|5
|
|t:|1781135462
|move|p2a: Dragonite|Extreme Speed|p1a: Ogerpon
|-damage|p1a: Ogerpon|38/100
|move|p1a: Ogerpon|Ivy Cudgel|p2a: Dragonite|[anim] Ivy Cudgel Water
|-resisted|p2a: Dragonite
|-damage|p2a: Dragonite|0 fnt
|faint|p2a: Dragonite
|
|-weather|Snowscape|[upkeep]
|-sideend|p1: LowEL0God|move: Aurora Veil
|upkeep
|
|t:|1781135467
|switch|p2a: Skarmory|Skarmory, F|100/100
|turn|6
|
|t:|1781135471
|move|p1a: Ogerpon|Ivy Cudgel|p2a: Skarmory|[anim] Ivy Cudgel Water
|-damage|p2a: Skarmory|35/100
|move|p2a: Skarmory|Body Press|p1a: Ogerpon
|-damage|p1a: Ogerpon|0 fnt
|faint|p1a: Ogerpon
|
|-weather|Snowscape|[upkeep]
|-heal|p2a: Skarmory|41/100|[from] item: Leftovers
|upkeep
|
|t:|1781135474
|switch|p1a: Kyurem|Kyurem|100/100
|-ability|p1a: Kyurem|Pressure
|turn|7
|
|t:|1781135477
|move|p1a: Kyurem|Freeze-Dry|p2a: Skarmory
|-damage|p2a: Skarmory|0 fnt
|faint|p2a: Skarmory
|
|-weather|Snowscape|[upkeep]
|upkeep
|
|t:|1781135481
|switch|p2a: Primarina|Primarina, M|100/100
|turn|8
|
|t:|1781135485
|-terastallize|p1a: Kyurem|Ice
|move|p1a: Kyurem|Freeze-Dry|p2a: Primarina
|-supereffective|p2a: Primarina
|-damage|p2a: Primarina|43/100
|-status|p2a: Primarina|frz
|cant|p2a: Primarina|frz
|
|-weather|none
|upkeep
|turn|9
|
|t:|1781135488
|move|p1a: Kyurem|Freeze-Dry|p2a: Primarina
|-supereffective|p2a: Primarina
|-damage|p2a: Primarina|0 fnt
|faint|p2a: Primarina
|
|upkeep
|
|t:|1781135495
|switch|p2a: Slowking|Slowking, M|100/100
|turn|10
|
|t:|1781135498
|-terastallize|p2a: Slowking|Fairy
|move|p1a: Kyurem|Freeze-Dry|p2a: Slowking
|-damage|p2a: Slowking|72/100
|move|p2a: Slowking|Future Sight|p1a: Kyurem
|-start|p2a: Slowking|move: Future Sight
|
|upkeep
|turn|11
|
|t:|1781135502
|move|p1a: Kyurem|Icicle Spear|p2a: Slowking
|-crit|p2a: Slowking
|-damage|p2a: Slowking|41/100
|-damage|p2a: Slowking|19/100
|-damage|p2a: Slowking|0 fnt
|faint|p2a: Slowking
|-hitcount|p2: Slowking|3
|
|upkeep
|
|t:|1781135507
|switch|p2a: Zapdos|Zapdos|100/100
|turn|12
|
|t:|1781135512
|move|p1a: Kyurem|Freeze-Dry|p2a: Zapdos
|-supereffective|p2a: Zapdos
|-damage|p2a: Zapdos|2/100
|move|p2a: Zapdos|Hurricane|p1a: Kyurem
|-damage|p1a: Kyurem|56/100
|
|-end|p1a: Kyurem|move: Future Sight
|-damage|p1a: Kyurem|18/100
|upkeep
|turn|13
|
|t:|1781135515
|switch|p2a: Hippowdon|Hippowdon, F|100/100
|-weather|Sandstorm|[from] ability: Sand Stream|[of] p2a: Hippowdon
|move|p1a: Kyurem|Freeze-Dry|p2a: Hippowdon
|-supereffective|p2a: Hippowdon
|-damage|p2a: Hippowdon|0 fnt
|faint|p2a: Hippowdon
|
|-weather|Sandstorm|[upkeep]
|-damage|p1a: Kyurem|12/100|[from] Sandstorm
|upkeep
|
|t:|1781135518
|switch|p2a: Zapdos|Zapdos|2/100
|turn|14
|
|t:|1781135526
|move|p1a: Kyurem|Freeze-Dry|p2a: Zapdos
|-supereffective|p2a: Zapdos
|-damage|p2a: Zapdos|0 fnt
|faint|p2a: Zapdos
|
|win|LowEL0God
|raw|LowEL0God's rating: 1550 &rarr; <strong>1576</strong><br />(+26 for winning)
|raw|KurisuChestnutLab's rating: 1661 &rarr; <strong>1635</strong><br />(-26 for losing)
