|badge|p1|bronze|gen9ou|100-9
|uhtml|medal-msg|<div class="broadcast-blue">Curious what those medals under the avatar are? PS now has Ladder Seasons! For more information, check out the <a href="https://www.smogon.com/forums/threads/3740067/">thread on Smogon.</a></div>
|j|☆noob1877
|j|☆Auburn Hills
|t:|1781446830
|gametype|singles
|player|p1|noob1877|266|1824
|player|p2|Auburn Hills|alder|1807
|gen|9
|tier|[Gen 9] OU
|rated|
|rule|HP Percentage Mod: HP is shown in percentages
|rule|Endless Battle Clause: Forcing endless battles is banned
|rule|Species Clause: Limit one of each Pokémon
|rule|OHKO Clause: OHKO moves are banned
|rule|Evasion Items Clause: Evasion items are banned
|rule|Evasion Moves Clause: Evasion moves are banned
|rule|Evasion Abilities Clause: Evasion abilities are banned
|rule|Sleep Moves Clause: Sleep-inducing moves are banned
|clearpoke
|poke|p1|Lokix, M|
|poke|p1|Ursaluna, M|
|poke|p1|Talonflame, F|
|poke|p1|Hatterene, F|
|poke|p1|Kyurem|
|poke|p1|Alomomola, M|
|poke|p2|Iron Moth|
|poke|p2|Umbreon, M|
|poke|p2|Garchomp, M|
|poke|p2|Glimmora, F|
|poke|p2|Gholdengo|
|poke|p2|Dragonite, M|
|teampreview
|inactive|Battle timer is ON: inactive players will automatically lose when time's up. (requested by Auburn Hills)
|
|t:|1781446861
|teamsize|p1|6
|teamsize|p2|6
|start
|switch|p1a: Hatterene|Hatterene, F|100/100
|switch|p2a: Glimmora|Glimmora, F|100/100
|turn|1
|
|t:|1781446864
|move|p2a: Glimmora|Sludge Wave|p1a: Hatterene
|-supereffective|p1a: Hatterene
|-damage|p1a: Hatterene|41/100
|move|p1a: Hatterene|Psyshock|p2a: Glimmora
|-supereffective|p2a: Glimmora
|-enditem|p2a: Glimmora|Focus Sash
|-damage|p2a: Glimmora|1/100
|
|upkeep
|turn|2
|
|t:|1781446869
|switch|p1a: Alomomola|Alomomola, M|100/100
|move|p2a: Glimmora|Sludge Wave|p1a: Alomomola
|-damage|p1a: Alomomola|77/100
|
|upkeep
|turn|3
|
|t:|1781446879
|switch|p2a: Alvvays|Umbreon, M|100/100
|move|p1a: Alomomola|Scald|p2a: Alvvays
|-damage|p2a: Alvvays|93/100
|
|-heal|p2a: Alvvays|99/100|[from] item: Leftovers
|upkeep
|turn|4
|
|t:|1781446886
|move|p2a: Alvvays|Foul Play|p1a: Alomomola
|-damage|p1a: Alomomola|58/100
|move|p1a: Alomomola|Flip Turn|p2a: Alvvays
|-damage|p2a: Alvvays|85/100
|
|t:|1781446887
|switch|p1a: Ursaluna|Ursaluna, M|100/100|[from] Flip Turn
|
|-heal|p2a: Alvvays|91/100|[from] item: Leftovers
|-status|p1a: Ursaluna|brn|[from] item: Flame Orb
|upkeep
|turn|5
|
|t:|1781446894
|switch|p1a: Alomomola|Alomomola, M|92/100
|move|p2a: Alvvays|Protect||[still]
|-fail|p2a: Alvvays
|
|-heal|p2a: Alvvays|97/100|[from] item: Leftovers
|upkeep
|turn|6
|
|t:|1781446900
|move|p2a: Alvvays|Wish|p2a: Alvvays
|move|p1a: Alomomola|Flip Turn|p2a: Alvvays
|-crit|p2a: Alvvays
|-damage|p2a: Alvvays|79/100
|
|t:|1781446902
|switch|p1a: Lokix|Lokix, M|100/100|[from] Flip Turn
|
|-heal|p2a: Alvvays|85/100|[from] item: Leftovers
|upkeep
|turn|7
|
|t:|1781446910
|switch|p2a: Glimmora|Glimmora, F|1/100
|move|p1a: Lokix|U-turn|p2a: Glimmora
|-resisted|p2a: Glimmora
|-damage|p2a: Glimmora|0 fnt
|-activate|p2a: Glimmora|ability: Toxic Debris
|-sidestart|p1: noob1877|move: Toxic Spikes
|faint|p2a: Glimmora
|
|t:|1781446915
|switch|p1a: Talonflame|Talonflame, F|100/100|[from] U-turn
|
|upkeep
|
|t:|1781446918
|switch|p2a: Smino|Gholdengo|100/100
|turn|8
|
|t:|1781446923
|switch|p1a: Ursaluna|Ursaluna, M|100/100 brn
|move|p2a: Smino|Shadow Ball|p1a: Ursaluna
|-immune|p1a: Ursaluna
|
|-damage|p1a: Ursaluna|94/100 brn|[from] brn
|upkeep
|turn|9
|
|t:|1781446929
|switch|p2a: Elucid|Dragonite, M|100/100
|move|p1a: Ursaluna|Facade|p2a: Elucid
|-damage|p2a: Elucid|32/100
|
|-damage|p1a: Ursaluna|88/100 brn|[from] brn
|upkeep
|turn|10
|
|t:|1781446932
|switch|p1a: Talonflame|Talonflame, F|100/100
|move|p2a: Elucid|Ice Spinner|p1a: Talonflame
|-damage|p1a: Talonflame|70/100
|-status|p2a: Elucid|brn|[from] ability: Flame Body|[of] p1a: Talonflame
|
|-damage|p2a: Elucid|26/100 brn|[from] brn
|upkeep
|turn|11
|
|t:|1781446935
|switch|p2a: Smino|Gholdengo|100/100
|move|p1a: Talonflame|Flamethrower|p2a: Smino
|-supereffective|p2a: Smino
|-damage|p2a: Smino|48/100
|
|upkeep
|turn|12
|
|t:|1781446949
|switch|p1a: Ursaluna|Ursaluna, M|88/100 brn
|move|p2a: Smino|Make It Rain|p1a: Ursaluna
|-damage|p1a: Ursaluna|26/100 brn
|-unboost|p2a: Smino|spa|1
|
|-damage|p1a: Ursaluna|20/100 brn|[from] brn
|upkeep
|turn|13
|
|t:|1781446953
|switch|p2a: Elucid|Dragonite, M|26/100 brn
|switch|p1a: Talonflame|Talonflame, F|70/100
|
|-damage|p2a: Elucid|19/100 brn|[from] brn
|upkeep
|turn|14
|
|t:|1781446956
|switch|p2a: Smino|Gholdengo|48/100
|move|p1a: Talonflame|Defog|p2a: Smino
|-immune|p2a: Smino|[from] ability: Good as Gold
|
|upkeep
|turn|15
|j| nesnot
|
|t:|1781446968
|switch|p1a: Ursaluna|Ursaluna, M|20/100 brn
|move|p2a: Smino|Shadow Ball|p1a: Ursaluna
|-immune|p1a: Ursaluna
|
|-damage|p1a: Ursaluna|14/100 brn|[from] brn
|upkeep
|turn|16
|
|t:|1781446971
|move|p2a: Smino|Shadow Ball|p1a: Ursaluna
|-immune|p1a: Ursaluna
|move|p1a: Ursaluna|Fire Punch|p2a: Smino
|-supereffective|p2a: Smino
|-damage|p2a: Smino|0 fnt
|faint|p2a: Smino
|
|-damage|p1a: Ursaluna|8/100 brn|[from] brn
|upkeep
|l| nesnot
|
|t:|1781446973
|switch|p2a: Rat Tally|Garchomp, M|100/100
|turn|17
|
|t:|1781446990
|move|p2a: Rat Tally|Scale Shot|p1a: Ursaluna
|-damage|p1a: Ursaluna|0 fnt
|faint|p1a: Ursaluna
|-hitcount|p1: Ursaluna|1
|-unboost|p2a: Rat Tally|def|1
|-boost|p2a: Rat Tally|spe|1
|
|upkeep
|
|t:|1781446992
|switch|p1a: Lokix|Lokix, M|100/100
|-status|p1a: Lokix|psn
|turn|18
|
|t:|1781447001
|move|p2a: Rat Tally|Scale Shot|p1a: Lokix
|-damage|p1a: Lokix|81/100 psn
|-damage|p1a: Lokix|62/100 psn
|-damage|p1a: Lokix|41/100 psn
|-damage|p1a: Lokix|20/100 psn
|-hitcount|p1a: Lokix|4
|-unboost|p2a: Rat Tally|def|1
|-boost|p2a: Rat Tally|spe|1
|move|p1a: Lokix|U-turn|p2a: Rat Tally
|-damage|p2a: Rat Tally|0 fnt
|-damage|p1a: Lokix|8/100 psn|[from] ability: Rough Skin|[of] p2a: Rat Tally
|faint|p2a: Rat Tally
|j| Schlafparalyse
|
|t:|1781447006
|switch|p1a: Talonflame|Talonflame, F|70/100|[from] U-turn
|
|upkeep
|
|t:|1781447009
|switch|p2a: Carly Rae|Iron Moth|100/100
|-enditem|p2a: Carly Rae|Booster Energy
|-activate|p2a: Carly Rae|ability: Quark Drive|[fromitem]
|-start|p2a: Carly Rae|quarkdrivespe
|turn|19
|
|t:|1781447014
|move|p2a: Carly Rae|Discharge|p1a: Talonflame
|-supereffective|p1a: Talonflame
|-damage|p1a: Talonflame|0 fnt
|faint|p1a: Talonflame
|
|upkeep
|
|t:|1781447019
|switch|p1a: Kyurem|Kyurem|100/100
|-status|p1a: Kyurem|psn
|-ability|p1a: Kyurem|Pressure
|turn|20
|
|t:|1781447023
|-end|p2a: Carly Rae|Quark Drive|[silent]
|switch|p2a: Alvvays|Umbreon, M|85/100
|move|p1a: Kyurem|Earth Power|p2a: Alvvays
|-damage|p2a: Alvvays|68/100
|
|-heal|p2a: Alvvays|74/100|[from] item: Leftovers
|-damage|p1a: Kyurem|88/100 psn|[from] psn
|upkeep
|turn|21
|
|t:|1781447030
|switch|p1a: Hatterene|Hatterene, F|41/100
|-status|p1a: Hatterene|psn
|move|p2a: Alvvays|Foul Play|p1a: Hatterene
|-damage|p1a: Hatterene|16/100 psn
|
|-heal|p2a: Alvvays|80/100|[from] item: Leftovers
|-damage|p1a: Hatterene|4/100 psn|[from] psn
|upkeep
|turn|22
|
|t:|1781447036
|move|p2a: Alvvays|Protect|p2a: Alvvays
|-singleturn|p2a: Alvvays|Protect
|move|p1a: Hatterene|Draining Kiss|p2a: Alvvays
|-activate|p2a: Alvvays|move: Protect
|
|-heal|p2a: Alvvays|86/100|[from] item: Leftovers
|-damage|p1a: Hatterene|0 fnt|[from] psn
|faint|p1a: Hatterene
|upkeep
|
|t:|1781447038
|switch|p1a: Lokix|Lokix, M|8/100 psn
|turn|23
|
|t:|1781447049
|switch|p2a: Elucid|Dragonite, M|19/100 brn
|move|p1a: Lokix|Leech Life|p2a: Elucid
|-resisted|p2a: Elucid
|-damage|p2a: Elucid|0 fnt
|-heal|p1a: Lokix|19/100 psn|[from] drain|[of] p2a: Elucid
|faint|p2a: Elucid
|
|-damage|p1a: Lokix|7/100 psn|[from] psn
|upkeep
|
|t:|1781447052
|switch|p2a: Alvvays|Umbreon, M|86/100
|turn|24
|
|t:|1781447074
|switch|p1a: Alomomola|Alomomola, M|100/100
|-status|p1a: Alomomola|psn
|move|p2a: Alvvays|Protect||[still]
|-fail|p2a: Alvvays
|
|-heal|p2a: Alvvays|92/100|[from] item: Leftovers
|-damage|p1a: Alomomola|88/100 psn|[from] psn
|upkeep
|turn|25
|
|t:|1781447087
|move|p2a: Alvvays|Foul Play|p1a: Alomomola
|-damage|p1a: Alomomola|68/100 psn
|move|p1a: Alomomola|Scald|p2a: Alvvays
|-damage|p2a: Alvvays|85/100
|
|-heal|p2a: Alvvays|91/100|[from] item: Leftovers
|-damage|p1a: Alomomola|55/100 psn|[from] psn
|upkeep
|turn|26
|
|t:|1781447093
|switch|p1a: Kyurem|Kyurem|88/100 psn
|-ability|p1a: Kyurem|Pressure
|move|p2a: Alvvays|Foul Play|p1a: Kyurem
|-damage|p1a: Kyurem|51/100 psn
|
|-heal|p2a: Alvvays|97/100|[from] item: Leftovers
|-damage|p1a: Kyurem|39/100 psn|[from] psn
|upkeep
|turn|27
|
|t:|1781447097
|move|p1a: Kyurem|Ice Beam|p2a: Alvvays
|-damage|p2a: Alvvays|74/100
|move|p2a: Alvvays|Wish|p2a: Alvvays
|
|-heal|p2a: Alvvays|80/100|[from] item: Leftovers
|-damage|p1a: Kyurem|27/100 psn|[from] psn
|upkeep
|turn|28
|
|t:|1781447100
|move|p1a: Kyurem|Ice Beam|p2a: Alvvays
|-damage|p2a: Alvvays|56/100
|move|p2a: Alvvays|Foul Play|p1a: Kyurem
|-damage|p1a: Kyurem|0 fnt
|faint|p1a: Kyurem
|
|-heal|p2a: Alvvays|100/100|[from] move: Wish|[wisher] Alvvays
|upkeep
|c|☆Auburn Hills|no wish?
|-message|noob1877 forfeited.
|
|win|Auburn Hills
|raw|noob1877's rating: 1824 &rarr; <strong>1803</strong><br />(-21 for losing)
|raw|Auburn Hills's rating: 1807 &rarr; <strong>1828</strong><br />(+21 for winning)
|l|☆noob1877
|player|p1|
|l|☆Auburn Hills
|player|p2|
