|j|☆Tillybin
|j|☆xxroditoxx
|t:|1781553742
|gametype|singles
|player|p1|Tillybin|elesa|1521
|player|p2|xxroditoxx|shadowtriad|1598
|gen|9
|tier|[Gen 9] OU
|rated|
|rule|HP Percentage Mod: HP is shown in percentages
|rule|Endless Battle Clause: Forcing endless battles is banned
|rule|Species Clause: Limit one of each Pokémon
|rule|OHKO Clause: OHKO moves are banned
|rule|Evasion Items Clause: Evasion items are banned
|rule|Evasion Moves Clause: Evasion moves are banned
|rule|Evasion Abilities Clause: Evasion abilities are banned
|rule|Sleep Moves Clause: Sleep-inducing moves are banned
|clearpoke
|poke|p1|Raging Bolt|
|poke|p1|Darkrai|
|poke|p1|Corviknight, M|
|poke|p1|Cinderace, F|
|poke|p1|Tinkaton, F|
|poke|p1|Ting-Lu|
|poke|p2|Hydrapple, M|
|poke|p2|Slowking, F|
|poke|p2|Great Tusk|
|poke|p2|Moltres|
|poke|p2|Zamazenta-*|
|poke|p2|Kingambit, F|
|teampreview
|inactive|Battle timer is ON: inactive players will automatically lose when time's up. (requested by Tillybin)
|inactive|xxroditoxx has 120 seconds left.
|inactive|xxroditoxx has 90 seconds left.
|
|t:|1781553812
|teamsize|p1|6
|teamsize|p2|6
|start
|switch|p1a: Cinderace|Cinderace, F|100/100
|switch|p2a: Great Tusk|Great Tusk|100/100
|turn|1
|
|t:|1781553820
|-end|p2a: Great Tusk|Protosynthesis|[silent]
|switch|p2a: Slowking|Slowking, F|100/100
|move|p1a: Cinderace|Will-O-Wisp|p2a: Slowking
|-status|p2a: Slowking|brn
|
|-damage|p2a: Slowking|94/100 brn|[from] brn
|upkeep
|turn|2
|
|t:|1781553826
|move|p1a: Cinderace|U-turn|p2a: Slowking
|-start|p1a: Cinderace|typechange|Bug|[from] ability: Libero
|-supereffective|p2a: Slowking
|-damage|p2a: Slowking|35/100 brn
|
|t:|1781553840
|switch|p1a: Darkrai|Darkrai|100/100|[from] U-turn
|-prepare|p2a: Slowking|Chilly Reception|[premajor]
|move|p2a: Slowking|Chilly Reception|p2a: Slowking
|-weather|Snowscape
|
|t:|1781553857
|switch|p2a: Zamazenta|Zamazenta|100/100|[from] Chilly Reception
|-ability|p2a: Zamazenta|Dauntless Shield|boost
|-boost|p2a: Zamazenta|def|1
|
|-weather|Snowscape|[upkeep]
|upkeep
|turn|3
|
|t:|1781553862
|switch|p1a: Corviknight|Corviknight, M|100/100
|-ability|p1a: Corviknight|Pressure
|move|p2a: Zamazenta|Close Combat|p1a: Corviknight
|-damage|p1a: Corviknight|48/100
|-unboost|p2a: Zamazenta|def|1
|-unboost|p2a: Zamazenta|spd|1
|-damage|p2a: Zamazenta|84/100|[from] item: Rocky Helmet|[of] p1a: Corviknight
|
|-weather|Snowscape|[upkeep]
|upkeep
|turn|4
|inactive|Tillybin has 120 seconds left.
|inactive|Tillybin has 90 seconds left.
|
|t:|1781553941
|move|p2a: Zamazenta|Close Combat|p1a: Corviknight
|-damage|p1a: Corviknight|0 fnt
|-unboost|p2a: Zamazenta|def|1
|-unboost|p2a: Zamazenta|spd|1
|-damage|p2a: Zamazenta|68/100|[from] item: Rocky Helmet|[of] p1a: Corviknight
|faint|p1a: Corviknight
|
|-weather|Snowscape|[upkeep]
|upkeep
|
|t:|1781553957
|switch|p1a: Darkrai|Darkrai|100/100
|turn|5
|
|t:|1781553969
|switch|p2a: Slowking|Slowking, F|68/100 brn
|-terastallize|p1a: Darkrai|Poison
|move|p1a: Darkrai|Sludge Bomb|p2a: Slowking
|-damage|p2a: Slowking|39/100 brn
|
|-weather|Snowscape|[upkeep]
|-damage|p2a: Slowking|33/100 brn|[from] brn
|upkeep
|turn|6
|
|t:|1781553998
|switch|p2a: Moltres|Moltres|100/100
|move|p1a: Darkrai|Dark Pulse|p2a: Moltres
|-damage|p2a: Moltres|54/100
|
|-weather|none
|upkeep
|turn|7
|inactive|Tillybin has 90 seconds left.
|
|t:|1781554021
|move|p1a: Darkrai|Sludge Bomb|p2a: Moltres
|-damage|p2a: Moltres|7/100
|move|p2a: Moltres|U-turn|p1a: Darkrai
|-resisted|p1a: Darkrai
|-damage|p1a: Darkrai|91/100
|
|t:|1781554039
|switch|p2a: Great Tusk|Great Tusk|100/100|[from] U-turn
|
|-heal|p1a: Darkrai|97/100|[from] item: Leftovers
|upkeep
|turn|8
|
|t:|1781554045
|switch|p1a: Tinkaton|Tinkaton, F|100/100
|-ability|p1a: Tinkaton|Mold Breaker
|-item|p1a: Tinkaton|Air Balloon
|move|p2a: Great Tusk|Headlong Rush|p1a: Tinkaton
|-immune|p1a: Tinkaton
|
|upkeep
|turn|9
|inactive|Tillybin has 90 seconds left.
|
|t:|1781554050
|-end|p2a: Great Tusk|Protosynthesis|[silent]
|switch|p2a: Moltres|Moltres|7/100
|move|p1a: Tinkaton|Stealth Rock|p2a: Moltres
|-sidestart|p2: xxroditoxx|move: Stealth Rock
|
|upkeep
|turn|10
|
|t:|1781554057
|move|p1a: Tinkaton|Thunder Wave|p2a: Moltres
|-status|p2a: Moltres|par
|move|p2a: Moltres|U-turn|p1a: Tinkaton
|-resisted|p1a: Tinkaton
|-damage|p1a: Tinkaton|96/100
|-enditem|p1a: Tinkaton|Air Balloon
|
|t:|1781554070
|switch|p2a: Great Tusk|Great Tusk|100/100|[from] U-turn
|
|upkeep
|turn|11
|
|t:|1781554077
|switch|p1a: Ting-Lu|Ting-Lu|100/100
|-ability|p1a: Ting-Lu|Vessel of Ruin
|move|p2a: Great Tusk|Headlong Rush|p1a: Ting-Lu
|-damage|p1a: Ting-Lu|67/100
|-unboost|p2a: Great Tusk|def|1
|-unboost|p2a: Great Tusk|spd|1
|
|-heal|p1a: Ting-Lu|73/100|[from] item: Leftovers
|upkeep
|turn|12
|
|t:|1781554084
|move|p2a: Great Tusk|Stealth Rock|p1a: Ting-Lu
|-sidestart|p1: Tillybin|move: Stealth Rock
|move|p1a: Ting-Lu|Earthquake|p2a: Great Tusk
|-damage|p2a: Great Tusk|62/100
|
|-heal|p1a: Ting-Lu|80/100|[from] item: Leftovers
|upkeep
|turn|13
|
|t:|1781554089
|move|p2a: Great Tusk|Rapid Spin|p1a: Ting-Lu
|-damage|p1a: Ting-Lu|71/100
|-boost|p2a: Great Tusk|spe|1
|-sideend|p2: xxroditoxx|Stealth Rock|[from] move: Rapid Spin|[of] p2a: Great Tusk
|move|p1a: Ting-Lu|Earthquake|p2a: Great Tusk
|-damage|p2a: Great Tusk|27/100
|
|-heal|p1a: Ting-Lu|77/100|[from] item: Leftovers
|upkeep
|turn|14
|
|t:|1781554101
|move|p2a: Great Tusk|Ice Spinner|p1a: Ting-Lu
|-supereffective|p1a: Ting-Lu
|-damage|p1a: Ting-Lu|51/100
|move|p1a: Ting-Lu|Spikes|p2a: Great Tusk
|-sidestart|p2: xxroditoxx|Spikes
|
|-heal|p1a: Ting-Lu|58/100|[from] item: Leftovers
|upkeep
|turn|15
|
|t:|1781554107
|move|p2a: Great Tusk|Rapid Spin|p1a: Ting-Lu
|-damage|p1a: Ting-Lu|49/100
|-boost|p2a: Great Tusk|spe|1
|-sideend|p2: xxroditoxx|Spikes|[from] move: Rapid Spin|[of] p2a: Great Tusk
|move|p1a: Ting-Lu|Earthquake|p2a: Great Tusk
|-damage|p2a: Great Tusk|0 fnt
|faint|p2a: Great Tusk
|-end|p2a: Great Tusk|Protosynthesis|[silent]
|
|-heal|p1a: Ting-Lu|55/100|[from] item: Leftovers
|upkeep
|
|t:|1781554111
|switch|p2a: Zamazenta|Zamazenta|68/100
|turn|16
|
|t:|1781554115
|move|p2a: Zamazenta|Close Combat|p1a: Ting-Lu
|-supereffective|p1a: Ting-Lu
|-damage|p1a: Ting-Lu|0 fnt
|-unboost|p2a: Zamazenta|def|1
|-unboost|p2a: Zamazenta|spd|1
|faint|p1a: Ting-Lu
|
|upkeep
|
|t:|1781554118
|switch|p1a: Darkrai|Darkrai, tera:Poison|97/100
|-damage|p1a: Darkrai|85/100|[from] Stealth Rock
|turn|17
|
|t:|1781554125
|switch|p2a: Moltres|Moltres|7/100 par
|move|p1a: Darkrai|Nasty Plot|p1a: Darkrai
|-boost|p1a: Darkrai|spa|2
|
|-heal|p1a: Darkrai|91/100|[from] item: Leftovers
|upkeep
|turn|18
|
|t:|1781554131
|move|p1a: Darkrai|Dark Pulse|p2a: Moltres
|-damage|p2a: Moltres|0 fnt
|faint|p2a: Moltres
|
|-heal|p1a: Darkrai|97/100|[from] item: Leftovers
|upkeep
|
|t:|1781554152
|switch|p2a: Hydrapple|Hydrapple, M|100/100
|turn|19
|
|t:|1781554155
|-terastallize|p2a: Hydrapple|Poison
|move|p1a: Darkrai|Ice Beam|p2a: Hydrapple
|-damage|p2a: Hydrapple|30/100
|move|p2a: Hydrapple|Earth Power|p1a: Darkrai
|-supereffective|p1a: Darkrai
|-damage|p1a: Darkrai|0 fnt
|faint|p1a: Darkrai
|-damage|p2a: Hydrapple|20/100|[from] item: Life Orb
|
|upkeep
|
|t:|1781554164
|switch|p1a: Raging Bolt|Raging Bolt|100/100
|-damage|p1a: Raging Bolt|88/100|[from] Stealth Rock
|turn|20
|
|t:|1781554190
|move|p1a: Raging Bolt|Volt Switch|p2a: Hydrapple
|-damage|p2a: Hydrapple|0 fnt
|faint|p2a: Hydrapple
|
|t:|1781554193
|-end|p1a: Raging Bolt|Protosynthesis|[silent]
|switch|p1a: Cinderace|Cinderace, F|100/100|[from] Volt Switch
|
|upkeep
|
|t:|1781554203
|switch|p2a: Zamazenta|Zamazenta|68/100
|turn|21
|
|t:|1781554207
|move|p2a: Zamazenta|Close Combat|p1a: Cinderace
|-damage|p1a: Cinderace|0 fnt
|-unboost|p2a: Zamazenta|def|1
|-unboost|p2a: Zamazenta|spd|1
|faint|p1a: Cinderace
|
|upkeep
|
|t:|1781554210
|switch|p1a: Raging Bolt|Raging Bolt|88/100
|-damage|p1a: Raging Bolt|76/100|[from] Stealth Rock
|turn|22
|
|t:|1781554224
|switch|p2a: Slowking|Slowking, F|66/100 brn
|move|p1a: Raging Bolt|Volt Switch|p2a: Slowking
|-supereffective|p2a: Slowking
|-damage|p2a: Slowking|0 fnt
|faint|p2a: Slowking
|
|t:|1781554226
|-end|p1a: Raging Bolt|Protosynthesis|[silent]
|switch|p1a: Tinkaton|Tinkaton, F|96/100|[from] Volt Switch
|-damage|p1a: Tinkaton|90/100|[from] Stealth Rock
|-ability|p1a: Tinkaton|Mold Breaker
|
|upkeep
|
|t:|1781554242
|switch|p2a: Zamazenta|Zamazenta|68/100
|turn|23
|
|t:|1781554244
|move|p2a: Zamazenta|Close Combat|p1a: Tinkaton
|-damage|p1a: Tinkaton|0 fnt
|-unboost|p2a: Zamazenta|def|1
|-unboost|p2a: Zamazenta|spd|1
|faint|p1a: Tinkaton
|
|upkeep
|
|t:|1781554248
|switch|p1a: Raging Bolt|Raging Bolt|76/100
|-damage|p1a: Raging Bolt|64/100|[from] Stealth Rock
|turn|24
|
|t:|1781554261
|switch|p2a: Kingambit|Kingambit, F|100/100
|-activate|p2a: Kingambit|ability: Supreme Overlord
|-start|p2a: Kingambit|fallen4|[silent]
|move|p1a: Raging Bolt|Thunderclap||[still]
|-fail|p1a: Raging Bolt
|
|upkeep
|turn|25
|
|t:|1781554264
|move|p1a: Raging Bolt|Thunderclap|p2a: Kingambit
|-damage|p2a: Kingambit|39/100
|move|p2a: Kingambit|Kowtow Cleave|p1a: Raging Bolt
|-damage|p1a: Raging Bolt|2/100
|
|-heal|p2a: Kingambit|45/100|[from] item: Leftovers
|upkeep
|turn|26
|
|t:|1781554267
|move|p1a: Raging Bolt|Thunderclap|p2a: Kingambit
|-damage|p2a: Kingambit|0 fnt
|faint|p2a: Kingambit
|-end|p2a: Kingambit|fallen4|[silent]
|
|upkeep
|
|t:|1781554270
|switch|p2a: Zamazenta|Zamazenta|68/100
|turn|27
|
|t:|1781554275
|move|p1a: Raging Bolt|Thunderclap|p2a: Zamazenta
|-damage|p2a: Zamazenta|14/100
|move|p2a: Zamazenta|Close Combat|p1a: Raging Bolt
|-crit|p1a: Raging Bolt
|-damage|p1a: Raging Bolt|0 fnt
|-unboost|p2a: Zamazenta|def|1
|-unboost|p2a: Zamazenta|spd|1
|faint|p1a: Raging Bolt
|-end|p1a: Raging Bolt|Protosynthesis|[silent]
|
|win|xxroditoxx
|raw|Tillybin's rating: 1521 &rarr; <strong>1505</strong><br />(-16 for losing)
|raw|xxroditoxx's rating: 1598 &rarr; <strong>1614</strong><br />(+16 for winning)
|c|☆Tillybin|ggs
|c|☆xxroditoxx|gg
|l|☆Tillybin
|player|p1|
|l|☆xxroditoxx
|player|p2|
