|j|☆KurisuChestnutOU
|j|‽t0nezoffun
|t:|1781151824
|gametype|singles
|player|p1|KurisuChestnutOU|may-contest|1509
|player|p2|t0nezoffun|102|1519
|gen|9
|tier|[Gen 9] OU
|rated|
|rule|HP Percentage Mod: HP is shown in percentages
|rule|Endless Battle Clause: Forcing endless battles is banned
|rule|Species Clause: Limit one of each Pokémon
|rule|OHKO Clause: OHKO moves are banned
|rule|Evasion Items Clause: Evasion items are banned
|rule|Evasion Moves Clause: Evasion moves are banned
|rule|Evasion Abilities Clause: Evasion abilities are banned
|rule|Sleep Moves Clause: Sleep-inducing moves are banned
|clearpoke
|poke|p1|Gliscor, F|
|poke|p1|Dondozo, M|
|poke|p1|Slowking-Galar, M|
|poke|p1|Gholdengo|
|poke|p1|Great Tusk|
|poke|p1|Kingambit, M|
|poke|p2|Zamazenta-*|
|poke|p2|Samurott-Hisui, M|
|poke|p2|Tornadus-Therian, M|
|poke|p2|Iron Treads|
|poke|p2|Ogerpon-Wellspring, F|
|poke|p2|Gholdengo|
|teampreview
|inactive|Battle timer is ON: inactive players will automatically lose when time's up. (requested by KurisuChestnutOU)
|
|t:|1781151858
|teamsize|p1|6
|teamsize|p2|6
|start
|switch|p1a: Dondozo|Dondozo, M|100/100
|switch|p2a: Tornadus|Tornadus-Therian, M|100/100
|turn|1
|
|t:|1781151864
|move|p2a: Tornadus|Knock Off|p1a: Dondozo
|-damage|p1a: Dondozo|91/100
|-enditem|p1a: Dondozo|Leftovers|[from] move: Knock Off|[of] p2a: Tornadus
|move|p1a: Dondozo|Wave Crash|p2a: Tornadus
|-damage|p2a: Tornadus|55/100
|-damage|p1a: Dondozo|80/100|[from] Recoil
|
|upkeep
|turn|2
|
|t:|1781151872
|move|p2a: Tornadus|U-turn|p1a: Dondozo
|-damage|p1a: Dondozo|74/100
|
|t:|1781151874
|switch|p2a: Gholdengo|Gholdengo|100/100|[from] U-turn
|-item|p2a: Gholdengo|Air Balloon
|move|p1a: Dondozo|Wave Crash|p2a: Gholdengo
|-damage|p2a: Gholdengo|71/100
|-enditem|p2a: Gholdengo|Air Balloon
|-damage|p1a: Dondozo|66/100|[from] Recoil
|
|upkeep
|turn|3
|
|t:|1781151884
|switch|p2a: Samurott|Samurott-Hisui, M|100/100
|move|p1a: Dondozo|Wave Crash|p2a: Samurott
|-resisted|p2a: Samurott
|-damage|p2a: Samurott|78/100
|-damage|p1a: Dondozo|61/100|[from] Recoil
|
|upkeep
|turn|4
|
|t:|1781151893
|move|p2a: Samurott|Ceaseless Edge|p1a: Dondozo
|-damage|p1a: Dondozo|41/100
|-sidestart|p1: KurisuChestnutOU|Spikes
|move|p1a: Dondozo|Body Press|p2a: Samurott
|-supereffective|p2a: Samurott
|-damage|p2a: Samurott|19/100
|
|upkeep
|turn|5
|
|t:|1781151901
|switch|p1a: Gliscor|Gliscor, F|100/100
|move|p2a: Samurott|Ceaseless Edge|p1a: Gliscor
|-damage|p1a: Gliscor|76/100
|-sidestart|p1: KurisuChestnutOU|Spikes
|
|-status|p1a: Gliscor|tox|[from] item: Toxic Orb
|upkeep
|turn|6
|
|t:|1781151909
|move|p2a: Samurott|Razor Shell|p1a: Gliscor
|-supereffective|p1a: Gliscor
|-damage|p1a: Gliscor|16/100 tox
|-unboost|p1a: Gliscor|def|1
|move|p1a: Gliscor|Spikes|p2a: Samurott
|-sidestart|p2: t0nezoffun|Spikes
|
|-heal|p1a: Gliscor|28/100 tox|[from] ability: Poison Heal
|upkeep
|turn|7
|
|t:|1781151919
|move|p1a: Gliscor|Protect|p1a: Gliscor
|-singleturn|p1a: Gliscor|Protect
|move|p2a: Samurott|Ceaseless Edge|p1a: Gliscor
|-activate|p1a: Gliscor|move: Protect
|
|-heal|p1a: Gliscor|41/100 tox|[from] ability: Poison Heal
|upkeep
|turn|8
|
|t:|1781151927
|switch|p1a: Dondozo|Dondozo, M|41/100
|-damage|p1a: Dondozo|24/100|[from] Spikes
|move|p2a: Samurott|Knock Off|p1a: Dondozo
|-damage|p1a: Dondozo|11/100
|
|upkeep
|turn|9
|
|t:|1781151935
|move|p2a: Samurott|Ceaseless Edge|p1a: Dondozo|[miss]
|-miss|p2a: Samurott|p1a: Dondozo
|move|p1a: Dondozo|Rest|p1a: Dondozo
|-status|p1a: Dondozo|slp|[from] move: Rest
|-heal|p1a: Dondozo|100/100 slp|[silent]
|
|upkeep
|turn|10
|
|t:|1781151942
|move|p2a: Samurott|Ceaseless Edge|p1a: Dondozo
|-damage|p1a: Dondozo|82/100 slp
|-sidestart|p1: KurisuChestnutOU|Spikes
|cant|p1a: Dondozo|slp
|move|p1a: Dondozo|Sleep Talk|p1a: Dondozo
|move|p1a: Dondozo|Rest||[from] move: Sleep Talk|[still]
|-fail|p1a: Dondozo
|
|upkeep
|turn|11
|
|t:|1781151951
|switch|p2a: Gholdengo|Gholdengo|71/100
|-damage|p2a: Gholdengo|58/100|[from] Spikes
|cant|p1a: Dondozo|slp
|move|p1a: Dondozo|Sleep Talk|p1a: Dondozo
|move|p1a: Dondozo|Body Press|p2a: Gholdengo|[from] move: Sleep Talk
|-immune|p2a: Gholdengo
|
|upkeep
|turn|12
|
|t:|1781151960
|move|p2a: Gholdengo|Recover|p2a: Gholdengo
|-heal|p2a: Gholdengo|100/100
|-curestatus|p1a: Dondozo|slp|[msg]
|move|p1a: Dondozo|Wave Crash|p2a: Gholdengo
|-damage|p2a: Gholdengo|73/100
|-damage|p1a: Dondozo|76/100|[from] Recoil
|
|upkeep
|turn|13
|
|t:|1781151970
|switch|p1a: Great Tusk|Great Tusk|100/100
|move|p2a: Gholdengo|Thunder Wave|p1a: Great Tusk
|-immune|p1a: Great Tusk
|
|upkeep
|turn|14
|
|t:|1781151977
|-terastallize|p2a: Gholdengo|Fairy
|move|p1a: Great Tusk|Headlong Rush|p2a: Gholdengo
|-damage|p2a: Gholdengo|29/100
|-unboost|p1a: Great Tusk|def|1
|-unboost|p1a: Great Tusk|spd|1
|move|p2a: Gholdengo|Make It Rain|p1a: Great Tusk
|-damage|p1a: Great Tusk|0 fnt
|-unboost|p2a: Gholdengo|spa|1
|faint|p1a: Great Tusk
|-end|p1a: Great Tusk|Protosynthesis|[silent]
|
|upkeep
|
|t:|1781151982
|switch|p1a: Gholdengo|Gholdengo|100/100
|-item|p1a: Gholdengo|Air Balloon
|turn|15
|
|t:|1781151992
|move|p1a: Gholdengo|Nasty Plot|p1a: Gholdengo
|-boost|p1a: Gholdengo|spa|2
|move|p2a: Gholdengo|Hex|p1a: Gholdengo
|-supereffective|p1a: Gholdengo
|-damage|p1a: Gholdengo|54/100
|-enditem|p1a: Gholdengo|Air Balloon
|
|upkeep
|turn|16
|
|t:|1781151999
|move|p1a: Gholdengo|Recover|p1a: Gholdengo
|-heal|p1a: Gholdengo|100/100
|move|p2a: Gholdengo|Hex|p1a: Gholdengo
|-supereffective|p1a: Gholdengo
|-damage|p1a: Gholdengo|56/100
|
|upkeep
|turn|17
|
|t:|1781152006
|move|p1a: Gholdengo|Shadow Ball|p2a: Gholdengo
|-damage|p2a: Gholdengo|0 fnt
|faint|p2a: Gholdengo
|
|upkeep
|
|t:|1781152016
|switch|p2a: Iron Treads|Iron Treads|100/100
|turn|18
|
|t:|1781152022
|move|p2a: Iron Treads|Earthquake|p1a: Gholdengo
|-supereffective|p1a: Gholdengo
|-damage|p1a: Gholdengo|0 fnt
|faint|p1a: Gholdengo
|
|upkeep
|
|t:|1781152029
|switch|p1a: Gliscor|Gliscor, F|41/100 tox
|turn|19
|
|t:|1781152034
|move|p2a: Iron Treads|Stealth Rock|p1a: Gliscor
|-sidestart|p1: KurisuChestnutOU|move: Stealth Rock
|move|p1a: Gliscor|Knock Off|p2a: Iron Treads
|-damage|p2a: Iron Treads|81/100
|-enditem|p2a: Iron Treads|Heavy-Duty Boots|[from] move: Knock Off|[of] p1a: Gliscor
|
|-heal|p1a: Gliscor|53/100 tox|[from] ability: Poison Heal
|upkeep
|turn|20
|
|t:|1781152042
|move|p2a: Iron Treads|Rapid Spin|p1a: Gliscor
|-damage|p1a: Gliscor|43/100 tox
|-boost|p2a: Iron Treads|spe|1
|-sideend|p2: t0nezoffun|Spikes|[from] move: Rapid Spin|[of] p2a: Iron Treads
|move|p1a: Gliscor|Spikes|p2a: Iron Treads
|-sidestart|p2: t0nezoffun|Spikes
|
|-heal|p1a: Gliscor|55/100 tox|[from] ability: Poison Heal
|upkeep
|turn|21
|
|t:|1781152051
|move|p2a: Iron Treads|Rapid Spin|p1a: Gliscor
|-damage|p1a: Gliscor|46/100 tox
|-boost|p2a: Iron Treads|spe|1
|-sideend|p2: t0nezoffun|Spikes|[from] move: Rapid Spin|[of] p2a: Iron Treads
|move|p1a: Gliscor|Spikes|p2a: Iron Treads
|-sidestart|p2: t0nezoffun|Spikes
|
|-heal|p1a: Gliscor|58/100 tox|[from] ability: Poison Heal
|upkeep
|turn|22
|
|t:|1781152059
|-terastallize|p1a: Gliscor|Water
|move|p2a: Iron Treads|Rapid Spin|p1a: Gliscor
|-damage|p1a: Gliscor|48/100 tox
|-boost|p2a: Iron Treads|spe|1
|-sideend|p2: t0nezoffun|Spikes|[from] move: Rapid Spin|[of] p2a: Iron Treads
|move|p1a: Gliscor|Earthquake|p2a: Iron Treads
|-supereffective|p2a: Iron Treads
|-damage|p2a: Iron Treads|19/100
|
|-heal|p1a: Gliscor|60/100 tox|[from] ability: Poison Heal
|upkeep
|turn|23
|
|t:|1781152070
|move|p2a: Iron Treads|Earthquake|p1a: Gliscor
|-damage|p1a: Gliscor|30/100 tox
|move|p1a: Gliscor|Spikes|p2a: Iron Treads
|-sidestart|p2: t0nezoffun|Spikes
|
|-heal|p1a: Gliscor|42/100 tox|[from] ability: Poison Heal
|upkeep
|turn|24
|
|t:|1781152079
|move|p1a: Gliscor|Protect|p1a: Gliscor
|-singleturn|p1a: Gliscor|Protect
|move|p2a: Iron Treads|Rapid Spin|p1a: Gliscor
|-activate|p1a: Gliscor|move: Protect
|
|-heal|p1a: Gliscor|55/100 tox|[from] ability: Poison Heal
|upkeep
|turn|25
|
|t:|1781152087
|move|p2a: Iron Treads|Rapid Spin|p1a: Gliscor
|-damage|p1a: Gliscor|44/100 tox
|-boost|p2a: Iron Treads|spe|1
|-sideend|p2: t0nezoffun|Spikes|[from] move: Rapid Spin|[of] p2a: Iron Treads
|move|p1a: Gliscor|Spikes|p2a: Iron Treads
|-sidestart|p2: t0nezoffun|Spikes
|
|-heal|p1a: Gliscor|57/100 tox|[from] ability: Poison Heal
|upkeep
|turn|26
|
|t:|1781152095
|move|p1a: Gliscor|Protect|p1a: Gliscor
|-singleturn|p1a: Gliscor|Protect
|move|p2a: Iron Treads|Rapid Spin|p1a: Gliscor
|-activate|p1a: Gliscor|move: Protect
|
|-heal|p1a: Gliscor|69/100 tox|[from] ability: Poison Heal
|upkeep
|turn|27
|
|t:|1781152103
|move|p2a: Iron Treads|Rapid Spin|p1a: Gliscor
|-damage|p1a: Gliscor|60/100 tox
|-boost|p2a: Iron Treads|spe|1
|-sideend|p2: t0nezoffun|Spikes|[from] move: Rapid Spin|[of] p2a: Iron Treads
|move|p1a: Gliscor|Earthquake|p2a: Iron Treads
|-supereffective|p2a: Iron Treads
|-damage|p2a: Iron Treads|0 fnt
|faint|p2a: Iron Treads
|-end|p2a: Iron Treads|Quark Drive|[silent]
|
|-heal|p1a: Gliscor|73/100 tox|[from] ability: Poison Heal
|upkeep
|
|t:|1781152112
|switch|p2a: Ogerpon|Ogerpon-Wellspring, F|100/100
|turn|28
|
|t:|1781152116
|move|p1a: Gliscor|Protect|p1a: Gliscor
|-singleturn|p1a: Gliscor|Protect
|move|p2a: Ogerpon|Swords Dance|p2a: Ogerpon
|-boost|p2a: Ogerpon|atk|2
|
|-heal|p1a: Gliscor|85/100 tox|[from] ability: Poison Heal
|upkeep
|turn|29
|
|t:|1781152125
|switch|p1a: Slowking|Slowking-Galar, M|100/100
|-damage|p1a: Slowking|76/100|[from] Spikes
|-damage|p1a: Slowking|63/100|[from] Stealth Rock
|move|p2a: Ogerpon|Trailblaze|p1a: Slowking
|-resisted|p1a: Slowking
|-damage|p1a: Slowking|34/100
|-boost|p2a: Ogerpon|spe|1
|
|upkeep
|turn|30
|
|t:|1781152135
|switch|p1a: Dondozo|Dondozo, M|76/100
|-damage|p1a: Dondozo|51/100|[from] Spikes
|-damage|p1a: Dondozo|38/100|[from] Stealth Rock
|move|p2a: Ogerpon|Ivy Cudgel|p1a: Dondozo|[anim] Ivy Cudgel Water
|-resisted|p1a: Dondozo
|-damage|p1a: Dondozo|24/100
|
|upkeep
|turn|31
|
|t:|1781152147
|move|p2a: Ogerpon|Trailblaze|p1a: Dondozo
|-supereffective|p1a: Dondozo
|-damage|p1a: Dondozo|0 fnt
|-boost|p2a: Ogerpon|spe|1
|faint|p1a: Dondozo
|
|upkeep
|
|t:|1781152153
|switch|p1a: Slowking|Slowking-Galar, M|67/100
|-damage|p1a: Slowking|42/100|[from] Spikes
|-damage|p1a: Slowking|30/100|[from] Stealth Rock
|turn|32
|
|t:|1781152159
|switch|p1a: Gliscor|Gliscor, F, tera:Water|85/100 tox
|-damage|p1a: Gliscor|60/100 tox|[from] Spikes
|-damage|p1a: Gliscor|48/100 tox|[from] Stealth Rock
|move|p2a: Ogerpon|Ivy Cudgel|p1a: Gliscor|[anim] Ivy Cudgel Water
|-resisted|p1a: Gliscor
|-crit|p1a: Gliscor
|-damage|p1a: Gliscor|0 fnt
|faint|p1a: Gliscor
|
|upkeep
|
|t:|1781152163
|switch|p1a: Kingambit|Kingambit, M|100/100
|-damage|p1a: Kingambit|76/100|[from] Spikes
|-damage|p1a: Kingambit|70/100|[from] Stealth Rock
|-activate|p1a: Kingambit|ability: Supreme Overlord
|-start|p1a: Kingambit|fallen4|[silent]
|turn|33
|
|t:|1781152174
|move|p1a: Kingambit|Sucker Punch|p2a: Ogerpon
|-damage|p2a: Ogerpon|20/100
|move|p2a: Ogerpon|Ivy Cudgel|p1a: Kingambit|[anim] Ivy Cudgel Water
|-damage|p1a: Kingambit|0 fnt
|faint|p1a: Kingambit
|-end|p1a: Kingambit|fallen4|[silent]
|
|upkeep
|
|t:|1781152178
|switch|p1a: Slowking|Slowking-Galar, M|63/100
|-damage|p1a: Slowking|38/100|[from] Spikes
|-damage|p1a: Slowking|26/100|[from] Stealth Rock
|turn|34
|
|t:|1781152184
|move|p2a: Ogerpon|Ivy Cudgel|p1a: Slowking|[anim] Ivy Cudgel Water
|-damage|p1a: Slowking|0 fnt
|faint|p1a: Slowking
|
|win|t0nezoffun
|raw|KurisuChestnutOU's rating: 1545 &rarr; <strong>1524</strong><br />(-21 for losing)
|raw|t0nezoffun's rating: 1519 &rarr; <strong>1540</strong><br />(+21 for winning)
