|badge|p1|bronze|gen9randombattle|100-9
|badge|p1|bronze|gen9ubers|100-9
|uhtml|medal-msg|<div class="broadcast-blue">Curious what those medals under the avatar are? PS now has Ladder Seasons! For more information, check out the <a href="https://www.smogon.com/forums/threads/3740067/">thread on Smogon.</a></div>
|j|☆oddishlover4
|j|☆Trainer #39
|t:|1781339379
|gametype|singles
|player|p1|oddishlover4|acetrainerf|1668
|player|p2|Trainer #39|bugsy|1764
|gen|9
|tier|[Gen 9] OU
|rated|
|rule|HP Percentage Mod: HP is shown in percentages
|rule|Endless Battle Clause: Forcing endless battles is banned
|rule|Species Clause: Limit one of each Pokémon
|rule|OHKO Clause: OHKO moves are banned
|rule|Evasion Items Clause: Evasion items are banned
|rule|Evasion Moves Clause: Evasion moves are banned
|rule|Evasion Abilities Clause: Evasion abilities are banned
|rule|Sleep Moves Clause: Sleep-inducing moves are banned
|clearpoke
|poke|p1|Kyurem|
|poke|p1|Hatterene, F|
|poke|p1|Darkrai|
|poke|p1|Great Tusk|
|poke|p1|Dragonite, F|
|poke|p1|Gholdengo|
|poke|p2|Blissey, F|
|poke|p2|Corviknight, M|
|poke|p2|Dondozo, M|
|poke|p2|Gliscor, M|
|poke|p2|Clefable, M|
|poke|p2|Slowking-Galar, M|
|teampreview
|
|t:|1781339399
|teamsize|p1|6
|teamsize|p2|6
|start
|switch|p1a: Boompala|Kyurem|100/100
|switch|p2a: Free Palestine|Gliscor, M|100/100
|-ability|p1a: Boompala|Pressure
|turn|1
|c|☆oddishlover4|gl/hf!
|inactive|Battle timer is ON: inactive players will automatically lose when time's up. (requested by oddishlover4)
|
|t:|1781339417
|move|p2a: Free Palestine|Protect|p2a: Free Palestine
|-singleturn|p2a: Free Palestine|Protect
|move|p1a: Boompala|Ice Beam|p2a: Free Palestine
|-activate|p2a: Free Palestine|move: Protect
|
|-status|p2a: Free Palestine|tox|[from] item: Toxic Orb
|upkeep
|turn|2
|j| thing maker
|
|t:|1781339436
|switch|p2a: Save Sudan|Slowking-Galar, M|100/100
|move|p1a: Boompala|Ice Beam|p2a: Save Sudan
|-damage|p2a: Save Sudan|62/100
|
|upkeep
|turn|3
|
|t:|1781339455
|move|p1a: Boompala|Ice Beam|p2a: Save Sudan
|-damage|p2a: Save Sudan|28/100
|move|p2a: Save Sudan|Sludge Bomb|p1a: Boompala
|-damage|p1a: Boompala|79/100
|
|upkeep
|turn|4
|
|t:|1781339474
|switch|p2a: brat|Blissey, F|100/100
|move|p1a: Boompala|Ice Beam|p2a: brat
|-damage|p2a: brat|85/100
|-status|p2a: brat|frz
|
|upkeep
|turn|5
|inactive|oddishlover4 has 120 seconds left.
|
|t:|1781339493
|-curestatus|p2a: brat|frz|[from] ability: Natural Cure|[silent]
|switch|p2a: Save Sudan|Slowking-Galar, M|61/100
|move|p1a: Boompala|Ice Beam|p2a: Save Sudan
|-damage|p2a: Save Sudan|25/100
|
|upkeep
|turn|6
|inactive|oddishlover4 has 120 seconds left.
|
|t:|1781339512
|switch|p2a: brat|Blissey, F|85/100
|move|p1a: Boompala|Ice Beam|p2a: brat
|-damage|p2a: brat|67/100
|
|upkeep
|turn|7
|inactive|oddishlover4 has 120 seconds left.
|
|t:|1781339531
|move|p1a: Boompala|Ice Beam|p2a: brat
|-damage|p2a: brat|50/100
|move|p2a: brat|Calm Mind|p2a: brat
|-boost|p2a: brat|spa|1
|-boost|p2a: brat|spd|1
|
|upkeep
|turn|8
|
|t:|1781339549
|move|p1a: Boompala|Body Press|p2a: brat
|-supereffective|p2a: brat
|-damage|p2a: brat|5/100
|move|p2a: brat|Soft-Boiled|p2a: brat
|-heal|p2a: brat|55/100
|
|upkeep
|turn|9
|c| thing maker|WOAH
|
|t:|1781339568
|switch|p2a: Free Lebanon|Clefable, M|100/100
|move|p1a: Boompala|Body Press|p2a: Free Lebanon
|-resisted|p2a: Free Lebanon
|-damage|p2a: Free Lebanon|89/100
|
|upkeep
|turn|10
|
|t:|1781339587
|move|p1a: Boompala|Ice Beam|p2a: Free Lebanon
|-damage|p2a: Free Lebanon|54/100
|move|p2a: Free Lebanon|Wish|p2a: Free Lebanon
|
|upkeep
|turn|11
|inactive|oddishlover4 has 90 seconds left.
|
|t:|1781339605
|move|p1a: Boompala|Ice Beam|p2a: Free Lebanon
|-damage|p2a: Free Lebanon|20/100
|move|p2a: Free Lebanon|Knock Off|p1a: Boompala
|-damage|p1a: Boompala|66/100
|-enditem|p1a: Boompala|Assault Vest|[from] move: Knock Off|[of] p2a: Free Lebanon
|
|-heal|p2a: Free Lebanon|70/100|[from] move: Wish|[wisher] Free Lebanon
|upkeep
|turn|12
|inactive|oddishlover4 has 90 seconds left.
|j| nivalys99
|
|t:|1781339624
|move|p1a: Boompala|Ice Beam|p2a: Free Lebanon
|-damage|p2a: Free Lebanon|37/100
|move|p2a: Free Lebanon|Wish|p2a: Free Lebanon
|
|upkeep
|turn|13
|inactive|oddishlover4 has 90 seconds left.
|
|t:|1781339643
|move|p2a: Free Lebanon|Protect|p2a: Free Lebanon
|-singleturn|p2a: Free Lebanon|Protect
|move|p1a: Boompala|Ice Beam|p2a: Free Lebanon
|-activate|p2a: Free Lebanon|move: Protect
|
|-heal|p2a: Free Lebanon|87/100|[from] move: Wish|[wisher] Free Lebanon
|upkeep
|turn|14
|
|t:|1781339652
|switch|p1a: Celebration|Gholdengo|100/100
|move|p2a: Free Lebanon|Wish|p2a: Free Lebanon
|
|upkeep
|turn|15
|inactive|oddishlover4 has 90 seconds left.
|
|t:|1781339661
|switch|p1a: Fearless|Great Tusk|100/100
|switch|p2a: brat|Blissey, F|55/100
|
|-heal|p2a: brat|83/100|[from] move: Wish|[wisher] Free Lebanon
|upkeep
|turn|16
|inactive|oddishlover4 has 90 seconds left.
|
|t:|1781339680
|switch|p2a: Free Palestine|Gliscor, M|100/100 tox
|move|p1a: Fearless|Stealth Rock|p2a: Free Palestine
|-sidestart|p2: Trainer #39|move: Stealth Rock
|
|upkeep
|turn|17
|inactive|oddishlover4 has 90 seconds left.
|
|t:|1781339698
|move|p1a: Fearless|Ice Spinner|p2a: Free Palestine
|-supereffective|p2a: Free Palestine
|-damage|p2a: Free Palestine|39/100 tox
|move|p2a: Free Palestine|Toxic|p1a: Fearless
|-status|p1a: Fearless|tox
|
|-damage|p1a: Fearless|94/100 tox|[from] psn
|-heal|p2a: Free Palestine|52/100 tox|[from] ability: Poison Heal
|upkeep
|turn|18
|
|t:|1781339717
|-end|p1a: Fearless|Protosynthesis|[silent]
|switch|p1a: Boompala|Kyurem|66/100
|-ability|p1a: Boompala|Pressure
|move|p2a: Free Palestine|Protect||[still]
|-fail|p2a: Free Palestine
|
|-heal|p2a: Free Palestine|64/100 tox|[from] ability: Poison Heal
|upkeep
|turn|19
|
|t:|1781339735
|move|p2a: Free Palestine|Protect|p2a: Free Palestine
|-singleturn|p2a: Free Palestine|Protect
|move|p1a: Boompala|Freeze-Dry|p2a: Free Palestine
|-activate|p2a: Free Palestine|move: Protect
|
|-heal|p2a: Free Palestine|77/100 tox|[from] ability: Poison Heal
|upkeep
|turn|20
|
|t:|1781339753
|switch|p2a: Free Lebanon|Clefable, M|87/100
|move|p1a: Boompala|Ice Beam|p2a: Free Lebanon
|-damage|p2a: Free Lebanon|56/100
|
|upkeep
|turn|21
|
|t:|1781339763
|move|p1a: Boompala|Ice Beam|p2a: Free Lebanon
|-damage|p2a: Free Lebanon|23/100
|move|p2a: Free Lebanon|Wish|p2a: Free Lebanon
|
|upkeep
|turn|22
|
|t:|1781339772
|switch|p1a: Celebration|Gholdengo|100/100
|move|p2a: Free Lebanon|Moonblast|p1a: Celebration
|-resisted|p1a: Celebration
|-damage|p1a: Celebration|85/100
|
|-heal|p2a: Free Lebanon|73/100|[from] move: Wish|[wisher] Free Lebanon
|upkeep
|turn|23
|
|t:|1781339781
|move|p2a: Free Lebanon|Protect|p2a: Free Lebanon
|-singleturn|p2a: Free Lebanon|Protect
|move|p1a: Celebration|Recover|p1a: Celebration
|-heal|p1a: Celebration|100/100
|
|upkeep
|turn|24
|
|t:|1781339791
|switch|p1a: Antifragile|Hatterene, F|100/100
|switch|p2a: brat|Blissey, F|83/100
|
|upkeep
|turn|25
|inactive|oddishlover4 has 90 seconds left.
|
|t:|1781339809
|switch|p2a: Save Sudan|Slowking-Galar, M|58/100
|-damage|p2a: Save Sudan|45/100|[from] Stealth Rock
|move|p1a: Antifragile|Psychic Noise|p2a: Save Sudan
|-damage|p2a: Save Sudan|22/100
|-start|p2a: Save Sudan|move: Heal Block
|
|upkeep
|turn|26
|
|t:|1781339827
|move|p2a: Save Sudan|Trick|p1a: Antifragile
|-activate|p2a: Save Sudan|move: Trick|[of] p1a: Antifragile
|-item|p1a: Antifragile|Choice Scarf|[from] move: Trick
|-item|p2a: Save Sudan|Rocky Helmet|[from] move: Trick
|move|p1a: Antifragile|Psychic Noise|p2a: Save Sudan
|-damage|p2a: Save Sudan|0 fnt
|faint|p2a: Save Sudan
|
|upkeep
|
|t:|1781339833
|switch|p2a: brat|Blissey, F|83/100
|turn|27
|
|t:|1781339851
|move|p1a: Antifragile|Psychic Noise|p2a: brat
|-damage|p2a: brat|70/100
|-start|p2a: brat|move: Heal Block
|move|p2a: brat|Stealth Rock|p1a: Antifragile
|move|p1a: Antifragile|Stealth Rock||[from] ability: Magic Bounce|[still]
|-fail|p1a: Antifragile
|
|upkeep
|turn|28
|
|t:|1781339861
|switch|p1a: Boompala|Kyurem|66/100
|-ability|p1a: Boompala|Pressure
|move|p2a: brat|Stealth Rock|p1a: Boompala
|-sidestart|p1: oddishlover4|move: Stealth Rock
|
|-end|p2a: brat|move: Heal Block
|upkeep
|turn|29
|
|t:|1781339870
|switch|p1a: Fearless|Great Tusk|94/100 tox
|-damage|p1a: Fearless|91/100 tox|[from] Stealth Rock
|switch|p2a: Free Lebanon|Clefable, M|73/100
|
|-heal|p1a: Fearless|97/100 tox|[from] item: Leftovers
|-damage|p1a: Fearless|91/100 tox|[from] psn
|upkeep
|turn|30
|inactive|oddishlover4 has 90 seconds left.
|
|t:|1781339879
|-terastallize|p1a: Fearless|Poison
|move|p2a: Free Lebanon|Protect|p2a: Free Lebanon
|-singleturn|p2a: Free Lebanon|Protect
|move|p1a: Fearless|Rapid Spin|p2a: Free Lebanon
|-activate|p2a: Free Lebanon|move: Protect
|
|-heal|p1a: Fearless|97/100 tox|[from] item: Leftovers
|-damage|p1a: Fearless|85/100 tox|[from] psn
|upkeep
|turn|31
|
|t:|1781339889
|move|p1a: Fearless|Headlong Rush|p2a: Free Lebanon
|-damage|p2a: Free Lebanon|12/100
|-unboost|p1a: Fearless|def|1
|-unboost|p1a: Fearless|spd|1
|move|p2a: Free Lebanon|Wish|p2a: Free Lebanon
|
|-heal|p1a: Fearless|91/100 tox|[from] item: Leftovers
|-damage|p1a: Fearless|73/100 tox|[from] psn
|upkeep
|turn|32
|
|t:|1781339898
|move|p2a: Free Lebanon|Protect|p2a: Free Lebanon
|-singleturn|p2a: Free Lebanon|Protect
|move|p1a: Fearless|Rapid Spin|p2a: Free Lebanon
|-activate|p2a: Free Lebanon|move: Protect
|
|-heal|p2a: Free Lebanon|62/100|[from] move: Wish|[wisher] Free Lebanon
|-heal|p1a: Fearless|79/100 tox|[from] item: Leftovers
|-damage|p1a: Fearless|55/100 tox|[from] psn
|upkeep
|turn|33
|
|t:|1781339907
|switch|p2a: Trump is low IQ|Corviknight, M|100/100
|-damage|p2a: Trump is low IQ|88/100|[from] Stealth Rock
|-ability|p2a: Trump is low IQ|Pressure
|move|p1a: Fearless|Headlong Rush|p2a: Trump is low IQ
|-immune|p2a: Trump is low IQ
|
|-heal|p1a: Fearless|61/100 tox|[from] item: Leftovers
|-damage|p1a: Fearless|31/100 tox|[from] psn
|upkeep
|turn|34
|
|t:|1781339925
|move|p1a: Fearless|Rapid Spin|p2a: Trump is low IQ
|-resisted|p2a: Trump is low IQ
|-damage|p2a: Trump is low IQ|84/100
|-boost|p1a: Fearless|spe|1
|-damage|p1a: Fearless|14/100 tox|[from] item: Rocky Helmet|[of] p2a: Trump is low IQ
|-sideend|p1: oddishlover4|Stealth Rock|[from] move: Rapid Spin|[of] p1a: Fearless
|move|p2a: Trump is low IQ|Defog|p1a: Fearless
|-unboost|p1a: Fearless|evasion|1
|-sideend|p2: Trainer #39|Stealth Rock|[from] move: Defog|[of] p2a: Trump is low IQ
|
|-heal|p1a: Fearless|20/100 tox|[from] item: Leftovers
|-damage|p1a: Fearless|0 fnt|[from] psn
|faint|p1a: Fearless
|-end|p1a: Fearless|Protosynthesis|[silent]
|upkeep
|inactive|oddishlover4 has 90 seconds left.
|
|t:|1781339944
|switch|p1a: Boompala|Kyurem|66/100
|-ability|p1a: Boompala|Pressure
|turn|35
|inactive|oddishlover4 has 90 seconds left.
|
|t:|1781339963
|move|p1a: Boompala|Ice Beam|p2a: Trump is low IQ
|-damage|p2a: Trump is low IQ|39/100
|move|p2a: Trump is low IQ|U-turn|p1a: Boompala
|-damage|p1a: Boompala|54/100
|
|t:|1781339967
|switch|p2a: Free Lebanon|Clefable, M|62/100|[from] U-turn
|
|upkeep
|turn|36
|
|t:|1781339976
|switch|p1a: Celebration|Gholdengo|100/100
|move|p2a: Free Lebanon|Wish|p2a: Free Lebanon
|
|upkeep
|turn|37
|
|t:|1781339986
|switch|p1a: Antifragile|Hatterene, F|100/100
|move|p2a: Free Lebanon|Knock Off|p1a: Antifragile
|-damage|p1a: Antifragile|86/100
|-enditem|p1a: Antifragile|Choice Scarf|[from] move: Knock Off|[of] p2a: Free Lebanon
|
|-heal|p2a: Free Lebanon|100/100|[from] move: Wish|[wisher] Free Lebanon
|upkeep
|turn|38
|
|t:|1781339995
|move|p2a: Free Lebanon|Moonblast|p1a: Antifragile
|-damage|p1a: Antifragile|51/100
|move|p1a: Antifragile|Psychic Noise|p2a: Free Lebanon
|-damage|p2a: Free Lebanon|77/100
|-start|p2a: Free Lebanon|move: Heal Block
|
|upkeep
|turn|39
|
|t:|1781340005
|move|p2a: Free Lebanon|Moonblast|p1a: Antifragile
|-damage|p1a: Antifragile|18/100
|-unboost|p1a: Antifragile|spa|1
|move|p1a: Antifragile|Psychic Noise|p2a: Free Lebanon
|-damage|p2a: Free Lebanon|55/100
|
|-end|p2a: Free Lebanon|move: Heal Block
|upkeep
|turn|40
|
|t:|1781340014
|switch|p1a: Celebration|Gholdengo|100/100
|move|p2a: Free Lebanon|Moonblast|p1a: Celebration
|-resisted|p1a: Celebration
|-damage|p1a: Celebration|85/100
|
|upkeep
|turn|41
|inactive|oddishlover4 has 120 seconds left.
|
|t:|1781340024
|switch|p2a: brat|Blissey, F|70/100
|move|p1a: Celebration|Recover|p1a: Celebration
|-heal|p1a: Celebration|100/100
|
|upkeep
|turn|42
|
|t:|1781340033
|switch|p1a: Boompala|Kyurem|54/100
|-ability|p1a: Boompala|Pressure
|move|p2a: brat|Calm Mind|p2a: brat
|-boost|p2a: brat|spa|1
|-boost|p2a: brat|spd|1
|
|upkeep
|turn|43
|
|t:|1781340042
|-terastallize|p2a: brat|Fairy
|move|p1a: Boompala|Body Press|p2a: brat
|-resisted|p2a: brat
|-damage|p2a: brat|58/100
|move|p2a: brat|Stealth Rock|p1a: Boompala
|-sidestart|p1: oddishlover4|move: Stealth Rock
|
|upkeep
|turn|44
|
|t:|1781340052
|switch|p1a: Celebration|Gholdengo|100/100
|-damage|p1a: Celebration|94/100|[from] Stealth Rock
|move|p2a: brat|Shadow Ball|p1a: Celebration
|-supereffective|p1a: Celebration
|-damage|p1a: Celebration|55/100
|-unboost|p1a: Celebration|spd|1
|
|upkeep
|turn|45
|
|t:|1781340062
|switch|p1a: Bluebeard's Wife|Dragonite, F|100/100
|move|p2a: brat|Calm Mind|p2a: brat
|-boost|p2a: brat|spa|1
|-boost|p2a: brat|spd|1
|
|upkeep
|turn|46
|
|t:|1781340071
|switch|p2a: Trump is low IQ|Corviknight, M|39/100
|-ability|p2a: Trump is low IQ|Pressure
|move|p1a: Bluebeard's Wife|Fire Punch|p2a: Trump is low IQ
|-supereffective|p2a: Trump is low IQ
|-damage|p2a: Trump is low IQ|10/100
|-damage|p1a: Bluebeard's Wife|84/100|[from] item: Rocky Helmet|[of] p2a: Trump is low IQ
|
|upkeep
|turn|47
|
|t:|1781340090
|switch|p1a: Celebration|Gholdengo|55/100
|-damage|p1a: Celebration|49/100|[from] Stealth Rock
|switch|p2a: 808 and curses|Dondozo, M|100/100
|
|upkeep
|turn|48
|
|t:|1781340108
|move|p1a: Celebration|Make It Rain|p2a: 808 and curses
|-resisted|p2a: 808 and curses
|-damage|p2a: 808 and curses|72/100
|-unboost|p1a: Celebration|spa|1
|move|p2a: 808 and curses|Curse|p2a: 808 and curses
|-unboost|p2a: 808 and curses|spe|1
|-boost|p2a: 808 and curses|atk|1
|-boost|p2a: 808 and curses|def|1
|
|-heal|p2a: 808 and curses|78/100|[from] item: Leftovers
|upkeep
|turn|49
|
|t:|1781340126
|move|p1a: Celebration|Recover|p1a: Celebration
|-heal|p1a: Celebration|99/100
|move|p2a: 808 and curses|Waterfall|p1a: Celebration
|-damage|p1a: Celebration|67/100
|
|-heal|p2a: 808 and curses|84/100|[from] item: Leftovers
|upkeep
|turn|50
|inactive|oddishlover4 has 120 seconds left.
|
|t:|1781340145
|move|p1a: Celebration|Nasty Plot|p1a: Celebration
|-boost|p1a: Celebration|spa|2
|move|p2a: 808 and curses|Waterfall|p1a: Celebration
|-damage|p1a: Celebration|33/100
|
|-heal|p2a: 808 and curses|90/100|[from] item: Leftovers
|upkeep
|turn|51
|inactive|oddishlover4 has 120 seconds left.
|
|t:|1781340163
|move|p1a: Celebration|Recover|p1a: Celebration
|-heal|p1a: Celebration|83/100
|move|p2a: 808 and curses|Waterfall|p1a: Celebration
|-damage|p1a: Celebration|50/100
|
|-heal|p2a: 808 and curses|96/100|[from] item: Leftovers
|upkeep
|turn|52
|inactive|oddishlover4 has 120 seconds left.
|
|t:|1781340182
|move|p1a: Celebration|Recover|p1a: Celebration
|-heal|p1a: Celebration|99/100
|move|p2a: 808 and curses|Waterfall|p1a: Celebration
|-damage|p1a: Celebration|68/100
|
|-heal|p2a: 808 and curses|100/100|[from] item: Leftovers
|upkeep
|turn|53
|
|t:|1781340200
|move|p1a: Celebration|Shadow Ball|p2a: 808 and curses
|-crit|p2a: 808 and curses
|-damage|p2a: 808 and curses|44/100
|move|p2a: 808 and curses|Waterfall|p1a: Celebration
|-damage|p1a: Celebration|36/100
|
|-heal|p2a: 808 and curses|50/100|[from] item: Leftovers
|upkeep
|turn|54
|
|t:|1781340219
|move|p1a: Celebration|Recover|p1a: Celebration
|-heal|p1a: Celebration|86/100
|move|p2a: 808 and curses|Rest|p2a: 808 and curses
|-status|p2a: 808 and curses|slp|[from] move: Rest
|-heal|p2a: 808 and curses|100/100 slp|[silent]
|
|upkeep
|turn|55
|j| kanaete onegai
|
|t:|1781340229
|move|p1a: Celebration|Shadow Ball|p2a: 808 and curses
|-damage|p2a: 808 and curses|62/100 slp
|cant|p2a: 808 and curses|slp
|move|p2a: 808 and curses|Sleep Talk|p2a: 808 and curses
|move|p2a: 808 and curses|Curse|p2a: 808 and curses|[from] move: Sleep Talk
|-unboost|p2a: 808 and curses|spe|1
|-boost|p2a: 808 and curses|atk|1
|-boost|p2a: 808 and curses|def|1
|
|-heal|p2a: 808 and curses|68/100 slp|[from] item: Leftovers
|upkeep
|turn|56
|
|t:|1781340238
|switch|p2a: brat|Blissey, F, tera:Fairy|58/100
|move|p1a: Celebration|Shadow Ball|p2a: brat
|-damage|p2a: brat|37/100
|
|upkeep
|turn|57
|
|t:|1781340248
|switch|p2a: Trump is low IQ|Corviknight, M|10/100
|-ability|p2a: Trump is low IQ|Pressure
|move|p1a: Celebration|Make It Rain|p2a: Trump is low IQ
|-resisted|p2a: Trump is low IQ
|-damage|p2a: Trump is low IQ|0 fnt
|-unboost|p1a: Celebration|spa|1
|faint|p2a: Trump is low IQ
|
|upkeep
|
|t:|1781340250
|switch|p2a: Free Palestine|Gliscor, M|77/100 tox
|turn|58
|inactive|oddishlover4 has 120 seconds left.
|
|t:|1781340268
|move|p2a: Free Palestine|Substitute|p2a: Free Palestine
|-start|p2a: Free Palestine|Substitute
|-damage|p2a: Free Palestine|52/100 tox
|move|p1a: Celebration|Make It Rain|p2a: Free Palestine
|-end|p2a: Free Palestine|Substitute
|-unboost|p1a: Celebration|spa|1
|
|-heal|p2a: Free Palestine|64/100 tox|[from] ability: Poison Heal
|upkeep
|turn|59
|inactive|oddishlover4 has 120 seconds left.
|
|t:|1781340277
|switch|p1a: Bluebeard's Wife|Dragonite, F|84/100
|move|p2a: Free Palestine|Substitute|p2a: Free Palestine
|-start|p2a: Free Palestine|Substitute
|-damage|p2a: Free Palestine|39/100 tox
|
|-heal|p2a: Free Palestine|52/100 tox|[from] ability: Poison Heal
|upkeep
|turn|60
|
|t:|1781340286
|switch|p1a: Celebration|Gholdengo|86/100
|-damage|p1a: Celebration|80/100|[from] Stealth Rock
|move|p2a: Free Palestine|Protect||[still]
|-fail|p2a: Free Palestine
|
|-heal|p2a: Free Palestine|64/100 tox|[from] ability: Poison Heal
|upkeep
|turn|61
|
|t:|1781340296
|move|p2a: Free Palestine|Earthquake|p1a: Celebration
|-supereffective|p1a: Celebration
|-damage|p1a: Celebration|30/100
|move|p1a: Celebration|Shadow Ball|p2a: Free Palestine
|-end|p2a: Free Palestine|Substitute
|
|-heal|p2a: Free Palestine|77/100 tox|[from] ability: Poison Heal
|upkeep
|turn|62
|
|t:|1781340305
|switch|p1a: Bluebeard's Wife|Dragonite, F|84/100
|move|p2a: Free Palestine|Substitute|p2a: Free Palestine
|-start|p2a: Free Palestine|Substitute
|-damage|p2a: Free Palestine|52/100 tox
|
|-heal|p2a: Free Palestine|64/100 tox|[from] ability: Poison Heal
|upkeep
|turn|63
|
|t:|1781340314
|switch|p1a: Celebration|Gholdengo|30/100
|-damage|p1a: Celebration|24/100|[from] Stealth Rock
|move|p2a: Free Palestine|Toxic|p1a: Celebration
|-immune|p1a: Celebration|[from] ability: Good as Gold
|
|-heal|p2a: Free Palestine|77/100 tox|[from] ability: Poison Heal
|upkeep
|turn|64
|
|t:|1781340323
|switch|p1a: Bluebeard's Wife|Dragonite, F|84/100
|move|p2a: Free Palestine|Earthquake|p1a: Bluebeard's Wife
|-immune|p1a: Bluebeard's Wife
|
|-heal|p2a: Free Palestine|89/100 tox|[from] ability: Poison Heal
|upkeep
|turn|65
|
|t:|1781340333
|switch|p1a: Celebration|Gholdengo|24/100
|-damage|p1a: Celebration|18/100|[from] Stealth Rock
|move|p2a: Free Palestine|Toxic|p1a: Celebration
|-immune|p1a: Celebration|[from] ability: Good as Gold
|
|-heal|p2a: Free Palestine|100/100 tox|[from] ability: Poison Heal
|upkeep
|turn|66
|
|t:|1781340342
|switch|p1a: Bluebeard's Wife|Dragonite, F|84/100
|move|p2a: Free Palestine|Earthquake|p1a: Bluebeard's Wife
|-immune|p1a: Bluebeard's Wife
|
|upkeep
|turn|67
|
|t:|1781340351
|switch|p1a: Celebration|Gholdengo|18/100
|-damage|p1a: Celebration|12/100|[from] Stealth Rock
|move|p2a: Free Palestine|Toxic|p1a: Celebration
|-immune|p1a: Celebration|[from] ability: Good as Gold
|
|upkeep
|turn|68
|
|t:|1781340360
|switch|p1a: Bluebeard's Wife|Dragonite, F|84/100
|move|p2a: Free Palestine|Earthquake|p1a: Bluebeard's Wife
|-immune|p1a: Bluebeard's Wife
|
|upkeep
|turn|69
|
|t:|1781340369
|switch|p1a: Celebration|Gholdengo|12/100
|-damage|p1a: Celebration|6/100|[from] Stealth Rock
|move|p2a: Free Palestine|Toxic|p1a: Celebration
|-immune|p1a: Celebration|[from] ability: Good as Gold
|
|upkeep
|turn|70
|
|t:|1781340379
|switch|p1a: Bluebeard's Wife|Dragonite, F|84/100
|move|p2a: Free Palestine|Earthquake|p1a: Bluebeard's Wife
|-immune|p1a: Bluebeard's Wife
|
|upkeep
|turn|71
|
|t:|1781340388
|move|p2a: Free Palestine|Toxic|p1a: Bluebeard's Wife
|-status|p1a: Bluebeard's Wife|tox
|move|p1a: Bluebeard's Wife|Dragon Dance|p1a: Bluebeard's Wife
|-boost|p1a: Bluebeard's Wife|atk|1
|-boost|p1a: Bluebeard's Wife|spe|1
|
|-damage|p1a: Bluebeard's Wife|78/100 tox|[from] psn
|upkeep
|turn|72
|
|t:|1781340397
|move|p2a: Free Palestine|Protect|p2a: Free Palestine
|-singleturn|p2a: Free Palestine|Protect
|move|p1a: Bluebeard's Wife|Roost|p1a: Bluebeard's Wife
|-heal|p1a: Bluebeard's Wife|100/100 tox
|-singleturn|p1a: Bluebeard's Wife|move: Roost
|
|-damage|p1a: Bluebeard's Wife|88/100 tox|[from] psn
|upkeep
|turn|73
|l| kanaete onegai
|inactive|Trainer #39 has 120 seconds left.
|inactive|Trainer #39 has 90 seconds left.
|j| choispecs ironmoth
|inactive|Trainer #39 has 60 seconds left.
|inactive|Trainer #39 has 30 seconds left.
|inactive|Trainer #39 has 20 seconds left.
|inactive|Trainer #39 has 15 seconds left.
|inactive|Trainer #39 has 10 seconds left.
|
|t:|1781340542
|switch|p1a: Celebration|Gholdengo|6/100
|-damage|p1a: Celebration|0 fnt|[from] Stealth Rock
|faint|p1a: Celebration
|move|p2a: Free Palestine|Substitute|p2a: Free Palestine
|-fail|p2a: Free Palestine|move: Substitute
|
|upkeep
|
|t:|1781340551
|switch|p1a: Bluebeard's Wife|Dragonite, F|88/100 tox
|turn|74
|inactive|Trainer #39 has 25 seconds left this turn.
|
|t:|1781340560
|move|p2a: Free Palestine|Substitute|p2a: Free Palestine
|-fail|p2a: Free Palestine|move: Substitute
|move|p1a: Bluebeard's Wife|Fire Punch|p2a: Free Palestine
|-activate|p2a: Free Palestine|move: Substitute|[damage]
|
|-damage|p1a: Bluebeard's Wife|82/100 tox|[from] psn
|upkeep
|turn|75
|inactive|Trainer #39 has 30 seconds left.
|
|t:|1781340569
|move|p2a: Free Palestine|Toxic|p1a: Bluebeard's Wife
|-fail|p1a: Bluebeard's Wife|tox
|move|p1a: Bluebeard's Wife|Roost|p1a: Bluebeard's Wife
|-heal|p1a: Bluebeard's Wife|100/100 tox
|-singleturn|p1a: Bluebeard's Wife|move: Roost
|
|-damage|p1a: Bluebeard's Wife|88/100 tox|[from] psn
|upkeep
|turn|76
|
|t:|1781340579
|switch|p1a: Antifragile|Hatterene, F|18/100
|-damage|p1a: Antifragile|6/100|[from] Stealth Rock
|move|p2a: Free Palestine|Toxic|p1a: Antifragile
|move|p1a: Antifragile|Toxic||[from] ability: Magic Bounce|[still]
|-fail|p1a: Antifragile
|
|upkeep
|turn|77
|
|t:|1781340588
|move|p2a: Free Palestine|Earthquake|p1a: Antifragile
|-damage|p1a: Antifragile|0 fnt
|faint|p1a: Antifragile
|
|upkeep
|
|t:|1781340597
|switch|p1a: Bluebeard's Wife|Dragonite, F|88/100 tox
|turn|78
|
|t:|1781340606
|move|p2a: Free Palestine|Toxic|p1a: Bluebeard's Wife
|-fail|p1a: Bluebeard's Wife|tox
|move|p1a: Bluebeard's Wife|Dragon Dance|p1a: Bluebeard's Wife
|-boost|p1a: Bluebeard's Wife|atk|1
|-boost|p1a: Bluebeard's Wife|spe|1
|
|-damage|p1a: Bluebeard's Wife|82/100 tox|[from] psn
|upkeep
|turn|79
|
|t:|1781340615
|move|p2a: Free Palestine|Protect|p2a: Free Palestine
|-singleturn|p2a: Free Palestine|Protect
|move|p1a: Bluebeard's Wife|Fire Punch|p2a: Free Palestine
|-activate|p2a: Free Palestine|move: Protect
|
|-damage|p1a: Bluebeard's Wife|69/100 tox|[from] psn
|upkeep
|turn|80
|
|t:|1781340624
|move|p1a: Bluebeard's Wife|Roost|p1a: Bluebeard's Wife
|-heal|p1a: Bluebeard's Wife|100/100 tox
|-singleturn|p1a: Bluebeard's Wife|move: Roost
|move|p2a: Free Palestine|Substitute|p2a: Free Palestine
|-fail|p2a: Free Palestine|move: Substitute
|
|-damage|p1a: Bluebeard's Wife|82/100 tox|[from] psn
|upkeep
|turn|81
|
|t:|1781340633
|move|p1a: Bluebeard's Wife|Fire Punch|p2a: Free Palestine
|-end|p2a: Free Palestine|Substitute
|move|p2a: Free Palestine|Substitute|p2a: Free Palestine
|-start|p2a: Free Palestine|Substitute
|-damage|p2a: Free Palestine|76/100 tox
|
|-damage|p1a: Bluebeard's Wife|57/100 tox|[from] psn
|-heal|p2a: Free Palestine|88/100 tox|[from] ability: Poison Heal
|upkeep
|turn|82
|
|t:|1781340643
|move|p1a: Bluebeard's Wife|Roost|p1a: Bluebeard's Wife
|-heal|p1a: Bluebeard's Wife|100/100 tox
|-singleturn|p1a: Bluebeard's Wife|move: Roost
|move|p2a: Free Palestine|Earthquake|p1a: Bluebeard's Wife
|-damage|p1a: Bluebeard's Wife|88/100 tox
|
|-damage|p1a: Bluebeard's Wife|57/100 tox|[from] psn
|-heal|p2a: Free Palestine|100/100 tox|[from] ability: Poison Heal
|upkeep
|turn|83
|
|t:|1781340652
|move|p1a: Bluebeard's Wife|Roost|p1a: Bluebeard's Wife
|-heal|p1a: Bluebeard's Wife|100/100 tox
|-singleturn|p1a: Bluebeard's Wife|move: Roost
|move|p2a: Free Palestine|Earthquake|p1a: Bluebeard's Wife
|-crit|p1a: Bluebeard's Wife
|-damage|p1a: Bluebeard's Wife|79/100 tox
|
|-damage|p1a: Bluebeard's Wife|41/100 tox|[from] psn
|upkeep
|turn|84
|
|t:|1781340661
|move|p1a: Bluebeard's Wife|Roost|p1a: Bluebeard's Wife
|-heal|p1a: Bluebeard's Wife|91/100 tox
|-singleturn|p1a: Bluebeard's Wife|move: Roost
|move|p2a: Free Palestine|Earthquake|p1a: Bluebeard's Wife
|-damage|p1a: Bluebeard's Wife|65/100 tox
|
|-damage|p1a: Bluebeard's Wife|21/100 tox|[from] psn
|upkeep
|turn|85
|
|t:|1781340670
|move|p1a: Bluebeard's Wife|Fire Punch|p2a: Free Palestine
|-activate|p2a: Free Palestine|move: Substitute|[damage]
|move|p2a: Free Palestine|Earthquake|p1a: Bluebeard's Wife
|-immune|p1a: Bluebeard's Wife
|
|-damage|p1a: Bluebeard's Wife|0 fnt|[from] psn
|faint|p1a: Bluebeard's Wife
|upkeep
|
|t:|1781340679
|switch|p1a: Boompala|Kyurem|54/100
|-damage|p1a: Boompala|30/100|[from] Stealth Rock
|-ability|p1a: Boompala|Pressure
|turn|86
|
|t:|1781340688
|move|p2a: Free Palestine|Protect|p2a: Free Palestine
|-singleturn|p2a: Free Palestine|Protect
|move|p1a: Boompala|Freeze-Dry|p2a: Free Palestine
|-activate|p2a: Free Palestine|move: Protect
|
|upkeep
|turn|87
|
|t:|1781340697
|move|p1a: Boompala|Freeze-Dry|p2a: Free Palestine
|-supereffective|p2a: Free Palestine
|-end|p2a: Free Palestine|Substitute
|move|p2a: Free Palestine|Toxic|p1a: Boompala
|-status|p1a: Boompala|tox
|
|-damage|p1a: Boompala|24/100 tox|[from] psn
|upkeep
|turn|88
|
|t:|1781340708
|switch|p2a: brat|Blissey, F, tera:Fairy|37/100
|move|p1a: Boompala|Ice Beam|p2a: brat
|-damage|p2a: brat|20/100
|
|-damage|p1a: Boompala|11/100 tox|[from] psn
|upkeep
|turn|89
|
|t:|1781340716
|switch|p1a: Perfect Night|Darkrai|100/100
|-damage|p1a: Perfect Night|88/100|[from] Stealth Rock
|move|p2a: brat|Soft-Boiled|p2a: brat
|-heal|p2a: brat|70/100
|
|upkeep
|turn|90
|
|t:|1781340724
|move|p1a: Perfect Night|Ice Beam|p2a: brat
|-damage|p2a: brat|59/100
|move|p2a: brat|Calm Mind|p2a: brat
|-boost|p2a: brat|spa|1
|-boost|p2a: brat|spd|1
|
|upkeep
|turn|91
|
|t:|1781340732
|move|p1a: Perfect Night|Ice Beam|p2a: brat
|-damage|p2a: brat|51/100
|move|p2a: brat|Soft-Boiled|p2a: brat
|-heal|p2a: brat|100/100
|
|upkeep
|turn|92
|
|t:|1781340739
|move|p1a: Perfect Night|Ice Beam|p2a: brat
|-damage|p2a: brat|94/100
|move|p2a: brat|Calm Mind|p2a: brat
|-boost|p2a: brat|spa|1
|-boost|p2a: brat|spd|1
|
|upkeep
|turn|93
|
|t:|1781340747
|move|p1a: Perfect Night|Ice Beam|p2a: brat
|-damage|p2a: brat|88/100
|move|p2a: brat|Calm Mind|p2a: brat
|-boost|p2a: brat|spa|1
|-boost|p2a: brat|spd|1
|
|upkeep
|turn|94
|
|t:|1781340754
|move|p1a: Perfect Night|Ice Beam|p2a: brat
|-damage|p2a: brat|83/100
|move|p2a: brat|Calm Mind|p2a: brat
|-boost|p2a: brat|spa|1
|-boost|p2a: brat|spd|1
|
|upkeep
|turn|95
|
|t:|1781340761
|move|p1a: Perfect Night|Ice Beam|p2a: brat
|-damage|p2a: brat|79/100
|move|p2a: brat|Shadow Ball|p1a: Perfect Night
|-resisted|p1a: Perfect Night
|-damage|p1a: Perfect Night|61/100
|
|upkeep
|turn|96
|
|t:|1781340768
|move|p1a: Perfect Night|Ice Beam|p2a: brat
|-damage|p2a: brat|75/100
|move|p2a: brat|Shadow Ball|p1a: Perfect Night
|-resisted|p1a: Perfect Night
|-damage|p1a: Perfect Night|32/100
|
|upkeep
|turn|97
|
|t:|1781340774
|move|p1a: Perfect Night|Ice Beam|p2a: brat
|-damage|p2a: brat|71/100
|move|p2a: brat|Shadow Ball|p1a: Perfect Night
|-resisted|p1a: Perfect Night
|-damage|p1a: Perfect Night|4/100
|
|upkeep
|turn|98
|
|t:|1781340779
|move|p1a: Perfect Night|Ice Beam|p2a: brat
|-damage|p2a: brat|68/100
|-status|p2a: brat|frz
|cant|p2a: brat|frz
|
|upkeep
|turn|99
|
|t:|1781340784
|move|p1a: Perfect Night|Ice Beam|p2a: brat
|-damage|p2a: brat|64/100 frz
|cant|p2a: brat|frz
|
|upkeep
|turn|100
|
|t:|1781340789
|move|p1a: Perfect Night|Ice Beam|p2a: brat
|-damage|p2a: brat|60/100 frz
|cant|p2a: brat|frz
|
|upkeep
|turn|101
|
|t:|1781340794
|move|p1a: Perfect Night|Ice Beam|p2a: brat
|-damage|p2a: brat|57/100 frz
|cant|p2a: brat|frz
|
|upkeep
|turn|102
|
|t:|1781340799
|move|p1a: Perfect Night|Ice Beam|p2a: brat
|-damage|p2a: brat|52/100 frz
|cant|p2a: brat|frz
|
|upkeep
|turn|103
|
|t:|1781340804
|move|p1a: Perfect Night|Ice Beam|p2a: brat
|-damage|p2a: brat|49/100 frz
|-curestatus|p2a: brat|frz|[msg]
|move|p2a: brat|Shadow Ball|p1a: Perfect Night
|-resisted|p1a: Perfect Night
|-damage|p1a: Perfect Night|0 fnt
|faint|p1a: Perfect Night
|
|upkeep
|
|t:|1781340808
|switch|p1a: Boompala|Kyurem|11/100 tox
|-damage|p1a: Boompala|0 fnt|[from] Stealth Rock
|faint|p1a: Boompala
|
|win|Trainer #39
|raw|oddishlover4's rating: 1668 &rarr; <strong>1653</strong><br />(-15 for losing)
|raw|Trainer #39's rating: 1764 &rarr; <strong>1779</strong><br />(+15 for winning)
|c|☆oddishlover4|GG!
|l|☆Trainer #39
|player|p2|
