|j|☆1200s chud
|j|‽ClRCUS MAXIMUS
|t:|1780960637
|gametype|singles
|player|p1|1200s chud|preschooler|1691
|player|p2|ClRCUS MAXIMUS|rood|1746
|gen|9
|tier|[Gen 9] OU
|rated|
|rule|HP Percentage Mod: HP is shown in percentages
|rule|Endless Battle Clause: Forcing endless battles is banned
|rule|Species Clause: Limit one of each Pokémon
|rule|OHKO Clause: OHKO moves are banned
|rule|Evasion Items Clause: Evasion items are banned
|rule|Evasion Moves Clause: Evasion moves are banned
|rule|Evasion Abilities Clause: Evasion abilities are banned
|rule|Sleep Moves Clause: Sleep-inducing moves are banned
|clearpoke
|poke|p1|Iron Thorns|
|poke|p1|Ribombee, M|
|poke|p1|Gholdengo|
|poke|p1|Ceruledge, F|
|poke|p1|Ursaluna, F|
|poke|p1|Glimmora, F|
|poke|p2|Enamorus, F|
|poke|p2|Gholdengo|
|poke|p2|Ogerpon-Cornerstone, F|
|poke|p2|Great Tusk|
|poke|p2|Manaphy|
|poke|p2|Ribombee, M|
|teampreview
|inactive|Battle timer is ON: inactive players will automatically lose when time's up. (requested by 1200s chud)
|
|t:|1780960644
|teamsize|p1|6
|teamsize|p2|6
|start
|switch|p1a: Glimmi Hendrix|Glimmora, F|100/100
|switch|p2a: Ribombee|Ribombee, M, shiny|100/100
|turn|1
|
|t:|1780960647
|move|p2a: Ribombee|Psychic Noise|p1a: Glimmi Hendrix
|-supereffective|p1a: Glimmi Hendrix
|-damage|p1a: Glimmi Hendrix|40/100
|-start|p1a: Glimmi Hendrix|move: Heal Block
|move|p1a: Glimmi Hendrix|Mortal Spin|p2a: Ribombee
|-supereffective|p2a: Ribombee
|-damage|p2a: Ribombee|75/100
|
|upkeep
|turn|2
|j| Kisaragi Station
|j| kanitanku
|
|t:|1780960674
|switch|p1a: Mr.EnjoyDaDances|Iron Thorns|100/100
|-enditem|p1a: Mr.EnjoyDaDances|Booster Energy
|-activate|p1a: Mr.EnjoyDaDances|ability: Quark Drive|[fromitem]
|-start|p1a: Mr.EnjoyDaDances|quarkdriveatk
|move|p2a: Ribombee|Sticky Web|p1a: Mr.EnjoyDaDances
|-sidestart|p1: 1200s chud|move: Sticky Web
|
|upkeep
|turn|3
|
|t:|1780960685
|switch|p2a: Ogerpon|Ogerpon-Cornerstone, F|100/100
|move|p1a: Mr.EnjoyDaDances|Supercell Slam|p2a: Ogerpon
|-resisted|p2a: Ogerpon
|-damage|p2a: Ogerpon|57/100
|
|upkeep
|turn|4
|
|t:|1780960692
|-terastallize|p1a: Mr.EnjoyDaDances|Ice
|move|p2a: Ogerpon|Power Whip|p1a: Mr.EnjoyDaDances
|-damage|p1a: Mr.EnjoyDaDances|34/100
|move|p1a: Mr.EnjoyDaDances|Dragon Dance|p1a: Mr.EnjoyDaDances
|-boost|p1a: Mr.EnjoyDaDances|atk|1
|-boost|p1a: Mr.EnjoyDaDances|spe|1
|
|upkeep
|turn|5
|
|t:|1780960705
|switch|p2a: Ribombee|Ribombee, M, shiny|75/100
|move|p1a: Mr.EnjoyDaDances|Ice Punch|p2a: Ribombee
|-crit|p2a: Ribombee
|-damage|p2a: Ribombee|0 fnt
|faint|p2a: Ribombee
|
|upkeep
|
|t:|1780960711
|switch|p2a: Enamorus|Enamorus, F|100/100
|turn|6
|
|t:|1780960715
|move|p2a: Enamorus|Moonblast|p1a: Mr.EnjoyDaDances
|-damage|p1a: Mr.EnjoyDaDances|0 fnt
|faint|p1a: Mr.EnjoyDaDances
|-end|p1a: Mr.EnjoyDaDances|Quark Drive|[silent]
|
|upkeep
|
|t:|1780960723
|switch|p1a: Glimmi Hendrix|Glimmora, F|40/100
|-activate|p1a: Glimmi Hendrix|move: Sticky Web
|-unboost|p1a: Glimmi Hendrix|spe|1
|turn|7
|
|t:|1780960731
|switch|p2a: Gholdengo|Gholdengo, shiny|100/100
|-item|p2a: Gholdengo|Air Balloon
|move|p1a: Glimmi Hendrix|Meteor Beam||[still]
|-prepare|p1a: Glimmi Hendrix|Meteor Beam
|-boost|p1a: Glimmi Hendrix|spa|1
|-enditem|p1a: Glimmi Hendrix|Power Herb
|-anim|p1a: Glimmi Hendrix|Meteor Beam|p2a: Gholdengo
|-resisted|p2a: Gholdengo
|-damage|p2a: Gholdengo|50/100
|-enditem|p2a: Gholdengo|Air Balloon
|
|upkeep
|turn|8
|
|t:|1780960737
|switch|p1a: SmokingOnYaCore|Ursaluna, F|100/100
|-activate|p1a: SmokingOnYaCore|move: Sticky Web
|-unboost|p1a: SmokingOnYaCore|spe|1
|move|p2a: Gholdengo|Shadow Ball|p1a: SmokingOnYaCore
|-immune|p1a: SmokingOnYaCore
|
|-status|p1a: SmokingOnYaCore|brn|[from] item: Flame Orb
|upkeep
|turn|9
|
|t:|1780960762
|switch|p2a: Ogerpon|Ogerpon-Cornerstone, F|57/100
|move|p1a: SmokingOnYaCore|Facade|p2a: Ogerpon
|-resisted|p2a: Ogerpon
|-damage|p2a: Ogerpon|0 fnt
|faint|p2a: Ogerpon
|
|-damage|p1a: SmokingOnYaCore|94/100 brn|[from] brn
|upkeep
|
|t:|1780960764
|switch|p2a: Manaphy|Manaphy, shiny|100/100
|turn|10
|
|t:|1780960782
|switch|p2a: Gholdengo|Gholdengo, shiny|50/100
|move|p1a: SmokingOnYaCore|Facade|p2a: Gholdengo
|-immune|p2a: Gholdengo
|
|-damage|p1a: SmokingOnYaCore|88/100 brn|[from] brn
|upkeep
|turn|11
|
|t:|1780960796
|move|p2a: Gholdengo|Focus Blast|p1a: SmokingOnYaCore
|-supereffective|p1a: SmokingOnYaCore
|-damage|p1a: SmokingOnYaCore|0 fnt
|faint|p1a: SmokingOnYaCore
|
|upkeep
|
|t:|1780960799
|switch|p1a: HighOffDaPack|Ceruledge, F|100/100
|-item|p1a: HighOffDaPack|Air Balloon
|turn|12
|
|t:|1780960810
|switch|p1a: AintCaughtThePlot|Gholdengo|100/100
|-activate|p1a: AintCaughtThePlot|move: Sticky Web
|-unboost|p1a: AintCaughtThePlot|spe|1
|move|p2a: Gholdengo|Shadow Ball|p1a: AintCaughtThePlot
|-supereffective|p1a: AintCaughtThePlot
|-damage|p1a: AintCaughtThePlot|0 fnt
|faint|p1a: AintCaughtThePlot
|
|upkeep
|j| FaronAan
|
|t:|1780960813
|switch|p1a: HighOffDaPack|Ceruledge, F|100/100
|-item|p1a: HighOffDaPack|Air Balloon
|turn|13
|l| FaronAan
|
|t:|1780960815
|move|p1a: HighOffDaPack|Shadow Sneak|p2a: Gholdengo
|-supereffective|p2a: Gholdengo
|-damage|p2a: Gholdengo|2/100
|move|p2a: Gholdengo|Shadow Ball|p1a: HighOffDaPack
|-supereffective|p1a: HighOffDaPack
|-damage|p1a: HighOffDaPack|0 fnt
|-enditem|p1a: HighOffDaPack|Air Balloon
|faint|p1a: HighOffDaPack
|
|upkeep
|-message|1200s chud forfeited.
|
|win|ClRCUS MAXIMUS
|raw|1200s chud's rating: 1691 &rarr; <strong>1674</strong><br />(-17 for losing)
|raw|ClRCUS MAXIMUS's rating: 1746 &rarr; <strong>1763</strong><br />(+17 for winning)
|l|☆1200s chud
|player|p1|
|l|‽ClRCUS MAXIMUS
|player|p2|
|l| kanitanku
