|j|☆SlimyTime
|j|☆James2464
|t:|1781188658
|gametype|singles
|player|p1|SlimyTime|ltsurge|1601
|player|p2|James2464|miku-ghost|1585
|gen|9
|tier|[Gen 9] OU
|rated|
|rule|HP Percentage Mod: HP is shown in percentages
|rule|Endless Battle Clause: Forcing endless battles is banned
|rule|Species Clause: Limit one of each Pokémon
|rule|OHKO Clause: OHKO moves are banned
|rule|Evasion Items Clause: Evasion items are banned
|rule|Evasion Moves Clause: Evasion moves are banned
|rule|Evasion Abilities Clause: Evasion abilities are banned
|rule|Sleep Moves Clause: Sleep-inducing moves are banned
|clearpoke
|poke|p1|Ursaluna, M|
|poke|p1|Rillaboom, F|
|poke|p1|Heatran, F|
|poke|p1|Alomomola, M|
|poke|p1|Corviknight, F|
|poke|p1|Iron Valiant|
|poke|p2|Iron Crown|
|poke|p2|Iron Valiant|
|poke|p2|Kommo-o, F|
|poke|p2|Kyurem|
|poke|p2|Ninetales-Alola, M|
|poke|p2|Maushold|
|teampreview
|inactive|Battle timer is ON: inactive players will automatically lose when time's up. (requested by James2464)
|inactive|James2464 has 120 seconds left.
|inactive|James2464 has 90 seconds left.
|
|t:|1781188720
|teamsize|p1|6
|teamsize|p2|6
|start
|switch|p1a: Heatran|Heatran, F|100/100
|switch|p2a: Ninetales|Ninetales-Alola, M|100/100
|-weather|Snowscape|[from] ability: Snow Warning|[of] p2a: Ninetales
|turn|1
|
|t:|1781188729
|move|p2a: Ninetales|Aurora Veil|p2a: Ninetales
|-sidestart|p2: James2464|move: Aurora Veil
|move|p1a: Heatran|Stealth Rock|p2a: Ninetales
|-sidestart|p2: James2464|move: Stealth Rock
|
|-weather|Snowscape|[upkeep]
|upkeep
|turn|2
|
|t:|1781188740
|switch|p1a: Corviknight|Corviknight, F|100/100
|-ability|p1a: Corviknight|Pressure
|move|p2a: Ninetales|Encore||[still]
|-fail|p2a: Ninetales
|
|-weather|Snowscape|[upkeep]
|upkeep
|turn|3
|
|t:|1781188745
|switch|p2a: Maushold|Maushold|100/100
|-damage|p2a: Maushold|88/100|[from] Stealth Rock
|move|p1a: Corviknight|U-turn|p2a: Maushold
|-damage|p2a: Maushold|77/100
|
|t:|1781188750
|switch|p1a: Rillaboom|Rillaboom, F|100/100|[from] U-turn
|-fieldstart|move: Grassy Terrain|[from] ability: Grassy Surge|[of] p1a: Rillaboom
|
|-weather|Snowscape|[upkeep]
|-heal|p2a: Maushold|83/100|[from] Grassy Terrain
|upkeep
|turn|4
|
|t:|1781188753
|move|p2a: Maushold|Tidy Up|p2a: Maushold
|-sideend|p2: James2464|Stealth Rock
|-activate|p2a: Maushold|move: Tidy Up
|-boost|p2a: Maushold|atk|1
|-boost|p2a: Maushold|spe|1
|move|p1a: Rillaboom|Wood Hammer|p2a: Maushold
|-damage|p2a: Maushold|0 fnt
|faint|p2a: Maushold
|-damage|p1a: Rillaboom|77/100|[from] Recoil
|
|-weather|Snowscape|[upkeep]
|-heal|p1a: Rillaboom|83/100|[from] Grassy Terrain
|upkeep
|
|t:|1781188758
|switch|p2a: Kyurem|Kyurem|100/100
|-ability|p2a: Kyurem|Pressure
|turn|5
|
|t:|1781188775
|switch|p1a: Heatran|Heatran, F|100/100
|move|p2a: Kyurem|Dragon Dance|p2a: Kyurem
|-boost|p2a: Kyurem|atk|1
|-boost|p2a: Kyurem|spe|1
|
|-weather|none
|upkeep
|turn|6
|
|t:|1781188779
|move|p2a: Kyurem|Earth Power|p1a: Heatran
|-supereffective|p1a: Heatran
|-damage|p1a: Heatran|29/100
|move|p1a: Heatran|Magma Storm|p2a: Kyurem
|-damage|p2a: Kyurem|81/100
|-activate|p2a: Kyurem|move: Magma Storm|[of] p1a: Heatran
|
|-heal|p2a: Kyurem|87/100|[from] Grassy Terrain
|-heal|p1a: Heatran|35/100|[from] Grassy Terrain
|-heal|p1a: Heatran|41/100|[from] item: Leftovers
|-damage|p2a: Kyurem|75/100|[from] move: Magma Storm|[partiallytrapped]
|upkeep
|turn|7
|
|t:|1781188785
|move|p2a: Kyurem|Earth Power|p1a: Heatran
|-supereffective|p1a: Heatran
|-damage|p1a: Heatran|0 fnt
|faint|p1a: Heatran
|
|-heal|p2a: Kyurem|81/100|[from] Grassy Terrain
|-end|p2a: Kyurem|Magma Storm|[partiallytrapped]|[silent]
|-fieldend|move: Grassy Terrain
|upkeep
|
|t:|1781188788
|switch|p1a: Alomomola|Alomomola, M|100/100
|turn|8
|
|t:|1781188793
|move|p2a: Kyurem|Freeze-Dry|p1a: Alomomola
|-supereffective|p1a: Alomomola
|-damage|p1a: Alomomola|14/100
|move|p1a: Alomomola|Scald|p2a: Kyurem
|-resisted|p2a: Kyurem
|-damage|p2a: Kyurem|78/100
|
|-sideend|p2: James2464|move: Aurora Veil
|upkeep
|turn|9
|
|t:|1781188808
|switch|p1a: Iron Valiant|Iron Valiant|100/100
|move|p2a: Kyurem|Freeze-Dry|p1a: Iron Valiant
|-damage|p1a: Iron Valiant|31/100
|
|upkeep
|turn|10
|
|t:|1781188814
|move|p2a: Kyurem|Freeze-Dry|p1a: Iron Valiant
|-crit|p1a: Iron Valiant
|-damage|p1a: Iron Valiant|0 fnt
|faint|p1a: Iron Valiant
|-end|p1a: Iron Valiant|Quark Drive|[silent]
|
|upkeep
|
|t:|1781188820
|switch|p1a: Corviknight|Corviknight, F|100/100
|-ability|p1a: Corviknight|Pressure
|turn|11
|
|t:|1781188825
|move|p2a: Kyurem|Icicle Spear|p1a: Corviknight
|-damage|p1a: Corviknight|86/100
|-damage|p1a: Corviknight|72/100
|-damage|p1a: Corviknight|57/100
|-damage|p1a: Corviknight|45/100
|-damage|p1a: Corviknight|32/100
|-hitcount|p1a: Corviknight|5
|move|p1a: Corviknight|Brave Bird|p2a: Kyurem
|-damage|p2a: Kyurem|39/100
|-damage|p1a: Corviknight|20/100|[from] Recoil
|
|upkeep
|turn|12
|
|t:|1781188834
|move|p2a: Kyurem|Icicle Spear|p1a: Corviknight
|-damage|p1a: Corviknight|7/100
|-crit|p1a: Corviknight
|-damage|p1a: Corviknight|0 fnt
|faint|p1a: Corviknight
|-hitcount|p1: Corviknight|2
|
|upkeep
|-message|SlimyTime forfeited.
|
|win|James2464
|raw|SlimyTime's rating: 1601 &rarr; <strong>1580</strong><br />(-21 for losing)
|raw|James2464's rating: 1585 &rarr; <strong>1606</strong><br />(+21 for winning)
|l|☆SlimyTime
|player|p1|
|l|☆James2464
|player|p2|
