|j|☆Moistmakerjr
|j|☆lolcano46
|t:|1781540887
|gametype|singles
|player|p1|Moistmakerjr|youngster-gen4dp|1538
|player|p2|lolcano46|fisherman-gen4|1618
|gen|9
|tier|[Gen 9] OU
|rated|
|rule|HP Percentage Mod: HP is shown in percentages
|rule|Endless Battle Clause: Forcing endless battles is banned
|rule|Species Clause: Limit one of each Pokémon
|rule|OHKO Clause: OHKO moves are banned
|rule|Evasion Items Clause: Evasion items are banned
|rule|Evasion Moves Clause: Evasion moves are banned
|rule|Evasion Abilities Clause: Evasion abilities are banned
|rule|Sleep Moves Clause: Sleep-inducing moves are banned
|clearpoke
|poke|p1|Dragapult, F|
|poke|p1|Slowking-Galar, M|
|poke|p1|Hawlucha, M|
|poke|p1|Kyurem|
|poke|p1|Ting-Lu|
|poke|p1|Dondozo, M|
|poke|p2|Azelf|
|poke|p2|Ogerpon-Wellspring, F|
|poke|p2|Scizor, M|
|poke|p2|Gengar, M|
|poke|p2|Raging Bolt|
|poke|p2|Cinderace, F|
|teampreview
|inactive|Battle timer is ON: inactive players will automatically lose when time's up. (requested by lolcano46)
|inactive|lolcano46 has 120 seconds left.
|
|t:|1781540925
|teamsize|p1|6
|teamsize|p2|6
|start
|switch|p1a: Dragapult|Dragapult, F|100/100
|switch|p2a: Gengar|Gengar, M|100/100
|turn|1
|
|t:|1781540928
|switch|p1a: Slowking|Slowking-Galar, M|100/100
|move|p2a: Gengar|Shadow Ball|p1a: Slowking
|-supereffective|p1a: Slowking
|-damage|p1a: Slowking|50/100
|
|-heal|p1a: Slowking|56/100|[from] item: Black Sludge
|upkeep
|turn|2
|
|t:|1781540932
|switch|p2a: Ogerpon|Ogerpon-Wellspring, F|100/100
|switch|p1a: Ting-Lu|Ting-Lu|100/100
|-ability|p1a: Ting-Lu|Vessel of Ruin
|
|upkeep
|turn|3
|
|t:|1781540934
|switch|p1a: Dragapult|Dragapult, F|100/100
|move|p2a: Ogerpon|Swords Dance|p2a: Ogerpon
|-boost|p2a: Ogerpon|atk|2
|
|upkeep
|turn|4
|
|t:|1781540936
|move|p1a: Dragapult|Dragon Darts|p2a: Ogerpon
|-damage|p2a: Ogerpon|52/100
|-anim|p1a: Dragapult|Dragon Darts|p2a: Ogerpon
|-damage|p2a: Ogerpon|0 fnt
|faint|p2a: Ogerpon
|
|upkeep
|
|t:|1781540940
|switch|p2a: Cinderace|Cinderace, F|100/100
|turn|5
|
|t:|1781540944
|switch|p1a: Dondozo|Dondozo, M|100/100
|move|p2a: Cinderace|Sucker Punch||[still]
|-fail|p2a: Cinderace
|
|upkeep
|turn|6
|
|t:|1781540948
|switch|p2a: Raging Bolt|Raging Bolt|100/100
|-enditem|p2a: Raging Bolt|Booster Energy
|-activate|p2a: Raging Bolt|ability: Protosynthesis|[fromitem]
|-start|p2a: Raging Bolt|protosynthesisspa
|move|p1a: Dondozo|Liquidation|p2a: Raging Bolt
|-resisted|p2a: Raging Bolt
|-damage|p2a: Raging Bolt|85/100
|
|upkeep
|turn|7
|
|t:|1781540951
|-end|p2a: Raging Bolt|Protosynthesis|[silent]
|switch|p2a: Gengar|Gengar, M|100/100
|switch|p1a: Ting-Lu|Ting-Lu|100/100
|-ability|p1a: Ting-Lu|Vessel of Ruin
|
|upkeep
|turn|8
|
|t:|1781540963
|switch|p1a: Hawlucha|Hawlucha, M|100/100
|-ability|p1a: Hawlucha|Mold Breaker
|move|p2a: Gengar|Trick|p1a: Hawlucha
|-activate|p2a: Gengar|move: Trick|[of] p1a: Hawlucha
|-item|p1a: Hawlucha|Choice Scarf|[from] move: Trick
|-item|p2a: Gengar|Rocky Helmet|[from] move: Trick
|
|upkeep
|turn|9
|
|t:|1781540966
|switch|p1a: Ting-Lu|Ting-Lu|100/100
|-ability|p1a: Ting-Lu|Vessel of Ruin
|move|p2a: Gengar|Thunder Wave|p1a: Ting-Lu
|-immune|p1a: Ting-Lu
|
|upkeep
|turn|10
|
|t:|1781540971
|move|p2a: Gengar|Sludge Bomb|p1a: Ting-Lu
|-resisted|p1a: Ting-Lu
|-damage|p1a: Ting-Lu|91/100
|-status|p1a: Ting-Lu|psn
|move|p1a: Ting-Lu|Earthquake|p2a: Gengar
|-supereffective|p2a: Gengar
|-damage|p2a: Gengar|0 fnt
|faint|p2a: Gengar
|
|-heal|p1a: Ting-Lu|97/100 psn|[from] item: Leftovers
|-damage|p1a: Ting-Lu|84/100 psn|[from] psn
|upkeep
|j| Mak7XZ
|
|t:|1781540979
|switch|p2a: Azelf|Azelf|100/100
|turn|11
|
|t:|1781540982
|switch|p1a: Slowking|Slowking-Galar, M|89/100
|-terastallize|p2a: Azelf|Fairy
|move|p2a: Azelf|Dazzling Gleam|p1a: Slowking
|-resisted|p1a: Slowking
|-damage|p1a: Slowking|77/100
|
|-heal|p1a: Slowking|83/100|[from] item: Black Sludge
|upkeep
|turn|12
|
|t:|1781540986
|switch|p2a: Scizor|Scizor, M|100/100
|move|p1a: Slowking|Trick|p2a: Scizor
|-activate|p1a: Slowking|move: Trick|[of] p2a: Scizor
|-item|p2a: Scizor|Black Sludge|[from] move: Trick
|-item|p1a: Slowking|Punching Glove|[from] move: Trick
|
|-damage|p2a: Scizor|88/100|[from] item: Black Sludge
|upkeep
|turn|13
|
|t:|1781540987
|move|p2a: Scizor|Knock Off|p1a: Slowking
|-supereffective|p1a: Slowking
|-damage|p1a: Slowking|6/100
|-enditem|p1a: Slowking|Punching Glove|[from] move: Knock Off|[of] p2a: Scizor
|move|p1a: Slowking|Trick|p2a: Scizor
|-activate|p1a: Slowking|move: Trick|[of] p2a: Scizor
|-enditem|p2a: Scizor|Black Sludge|[silent]|[from] move: Trick
|-item|p1a: Slowking|Black Sludge|[from] move: Trick
|
|-heal|p1a: Slowking|12/100|[from] item: Black Sludge
|upkeep
|turn|14
|
|t:|1781540996
|switch|p1a: Hawlucha|Hawlucha, M|100/100
|-ability|p1a: Hawlucha|Mold Breaker
|move|p2a: Scizor|Swords Dance|p2a: Scizor
|-boost|p2a: Scizor|atk|2
|
|upkeep
|turn|15
|
|t:|1781540998
|switch|p1a: Dondozo|Dondozo, M|100/100
|move|p2a: Scizor|Bullet Punch|p1a: Dondozo
|-resisted|p1a: Dondozo
|-damage|p1a: Dondozo|91/100
|
|-heal|p1a: Dondozo|97/100|[from] item: Leftovers
|upkeep
|turn|16
|
|t:|1781541001
|move|p2a: Scizor|Knock Off|p1a: Dondozo
|-damage|p1a: Dondozo|75/100
|-enditem|p1a: Dondozo|Leftovers|[from] move: Knock Off|[of] p2a: Scizor
|move|p1a: Dondozo|Liquidation|p2a: Scizor
|-damage|p2a: Scizor|58/100
|
|upkeep
|turn|17
|
|t:|1781541007
|switch|p2a: Azelf|Azelf, tera:Fairy|100/100
|move|p1a: Dondozo|Liquidation|p2a: Azelf
|-damage|p2a: Azelf|51/100
|
|upkeep
|turn|18
|
|t:|1781541010
|switch|p1a: Ting-Lu|Ting-Lu|84/100 psn
|-ability|p1a: Ting-Lu|Vessel of Ruin
|move|p2a: Azelf|Mystical Power|p1a: Ting-Lu
|-immune|p1a: Ting-Lu
|
|-heal|p1a: Ting-Lu|91/100 psn|[from] item: Leftovers
|-damage|p1a: Ting-Lu|78/100 psn|[from] psn
|upkeep
|turn|19
|
|t:|1781541012
|move|p2a: Azelf|Dazzling Gleam|p1a: Ting-Lu
|-supereffective|p1a: Ting-Lu
|-damage|p1a: Ting-Lu|40/100 psn
|move|p1a: Ting-Lu|Rest|p1a: Ting-Lu
|-status|p1a: Ting-Lu|slp|[from] move: Rest
|-heal|p1a: Ting-Lu|100/100 slp|[silent]
|
|upkeep
|turn|20
|
|t:|1781541016
|switch|p1a: Slowking|Slowking-Galar, M|46/100
|move|p2a: Azelf|Dazzling Gleam|p1a: Slowking
|-resisted|p1a: Slowking
|-damage|p1a: Slowking|33/100
|
|-heal|p1a: Slowking|39/100|[from] item: Black Sludge
|upkeep
|turn|21
|
|t:|1781541018
|switch|p1a: Ting-Lu|Ting-Lu|100/100 slp
|-ability|p1a: Ting-Lu|Vessel of Ruin
|move|p2a: Azelf|Mystical Power|p1a: Ting-Lu
|-immune|p1a: Ting-Lu
|
|upkeep
|turn|22
|
|t:|1781541019
|switch|p1a: Slowking|Slowking-Galar, M|73/100
|move|p2a: Azelf|Dazzling Gleam|p1a: Slowking
|-resisted|p1a: Slowking
|-damage|p1a: Slowking|60/100
|
|-heal|p1a: Slowking|66/100|[from] item: Black Sludge
|upkeep
|turn|23
|
|t:|1781541022
|move|p2a: Azelf|Mystical Power|p1a: Slowking|[miss]
|-miss|p2a: Azelf|p1a: Slowking
|move|p1a: Slowking|Sludge Bomb|p2a: Azelf
|-supereffective|p2a: Azelf
|-damage|p2a: Azelf|0 fnt
|faint|p2a: Azelf
|
|-heal|p1a: Slowking|72/100|[from] item: Black Sludge
|upkeep
|-message|lolcano46 forfeited.
|
|win|Moistmakerjr
|raw|Moistmakerjr's rating: 1538 &rarr; <strong>1563</strong><br />(+25 for winning)
|raw|lolcano46's rating: 1618 &rarr; <strong>1593</strong><br />(-25 for losing)
|l|☆lolcano46
|player|p2|
