|j|☆OscarGamble
|j|☆KurisuChestnutOU
|t:|1781180179
|gametype|singles
|player|p1|OscarGamble|2|1547
|player|p2|KurisuChestnutOU|may-contest|1618
|gen|9
|tier|[Gen 9] OU
|rated|
|rule|HP Percentage Mod: HP is shown in percentages
|rule|Endless Battle Clause: Forcing endless battles is banned
|rule|Species Clause: Limit one of each Pokémon
|rule|OHKO Clause: OHKO moves are banned
|rule|Evasion Items Clause: Evasion items are banned
|rule|Evasion Moves Clause: Evasion moves are banned
|rule|Evasion Abilities Clause: Evasion abilities are banned
|rule|Sleep Moves Clause: Sleep-inducing moves are banned
|clearpoke
|poke|p1|Alomomola, F|
|poke|p1|Iron Treads|
|poke|p1|Cinderace, M|
|poke|p1|Dragonite, M|
|poke|p1|Darkrai|
|poke|p1|Iron Valiant|
|poke|p2|Gliscor, F|
|poke|p2|Dondozo, F|
|poke|p2|Slowking-Galar, M|
|poke|p2|Gholdengo|
|poke|p2|Great Tusk|
|poke|p2|Kingambit, F|
|teampreview
|inactive|Battle timer is ON: inactive players will automatically lose when time's up. (requested by OscarGamble)
|inactive|KurisuChestnutOU also wants the timer to be on.
|
|t:|1781180201
|teamsize|p1|6
|teamsize|p2|6
|start
|switch|p1a: Darkrai|Darkrai, shiny|100/100
|switch|p2a: Gliscor|Gliscor, F|100/100
|turn|1
|
|t:|1781180208
|move|p1a: Darkrai|Ice Beam|p2a: Gliscor
|-supereffective|p2a: Gliscor
|-damage|p2a: Gliscor|0 fnt
|faint|p2a: Gliscor
|
|upkeep
|
|t:|1781180212
|switch|p2a: Kingambit|Kingambit, F|100/100
|-activate|p2a: Kingambit|ability: Supreme Overlord
|-start|p2a: Kingambit|fallen1|[silent]
|turn|2
|
|t:|1781180217
|move|p1a: Darkrai|Will-O-Wisp|p2a: Kingambit
|-status|p2a: Kingambit|brn
|move|p2a: Kingambit|Iron Head|p1a: Darkrai
|-damage|p1a: Darkrai|74/100
|
|-heal|p1a: Darkrai|80/100|[from] item: Leftovers
|-damage|p2a: Kingambit|94/100 brn|[from] brn
|upkeep
|turn|3
|
|t:|1781180230
|switch|p1a: Dragonite|Dragonite, M, shiny|100/100
|move|p2a: Kingambit|Swords Dance|p2a: Kingambit
|-boost|p2a: Kingambit|atk|2
|
|-heal|p2a: Kingambit|100/100 brn|[from] item: Leftovers
|-damage|p2a: Kingambit|94/100 brn|[from] brn
|upkeep
|turn|4
|
|t:|1781180234
|move|p2a: Kingambit|Sucker Punch||[still]
|-fail|p2a: Kingambit
|move|p1a: Dragonite|Encore|p2a: Kingambit
|-start|p2a: Kingambit|Encore
|
|-heal|p2a: Kingambit|100/100 brn|[from] item: Leftovers
|-damage|p2a: Kingambit|94/100 brn|[from] brn
|upkeep
|turn|5
|
|t:|1781180245
|switch|p1a: Iron Treads|Iron Treads, shiny|100/100
|-end|p2a: Kingambit|fallen1|[silent]
|switch|p2a: Great Tusk|Great Tusk|100/100
|
|upkeep
|turn|6
|
|t:|1781180249
|-end|p1a: Iron Treads|Quark Drive|[silent]
|switch|p1a: Alomomola|Alomomola, F, shiny|100/100
|move|p2a: Great Tusk|Headlong Rush|p1a: Alomomola
|-damage|p1a: Alomomola|54/100
|-unboost|p2a: Great Tusk|def|1
|-unboost|p2a: Great Tusk|spd|1
|
|upkeep
|turn|7
|
|t:|1781180259
|-end|p2a: Great Tusk|Protosynthesis|[silent]
|switch|p2a: Dondozo|Dondozo, F|100/100
|move|p1a: Alomomola|Flip Turn|p2a: Dondozo
|-resisted|p2a: Dondozo
|-damage|p2a: Dondozo|97/100
|
|t:|1781180264
|switch|p1a: Darkrai|Darkrai, shiny|80/100|[from] Flip Turn
|
|-heal|p1a: Darkrai|87/100|[from] item: Leftovers
|-heal|p2a: Dondozo|100/100|[from] item: Leftovers
|upkeep
|turn|8
|
|t:|1781180271
|switch|p2a: Kingambit|Kingambit, F|94/100 brn
|-activate|p2a: Kingambit|ability: Supreme Overlord
|-start|p2a: Kingambit|fallen1|[silent]
|move|p1a: Darkrai|Dark Pulse|p2a: Kingambit
|-resisted|p2a: Kingambit
|-damage|p2a: Kingambit|73/100 brn
|
|-heal|p1a: Darkrai|93/100|[from] item: Leftovers
|-heal|p2a: Kingambit|79/100 brn|[from] item: Leftovers
|-damage|p2a: Kingambit|73/100 brn|[from] brn
|upkeep
|turn|9
|
|t:|1781180280
|switch|p1a: Dragonite|Dragonite, M, shiny|100/100
|move|p2a: Kingambit|Swords Dance|p2a: Kingambit
|-boost|p2a: Kingambit|atk|2
|
|-heal|p2a: Kingambit|79/100 brn|[from] item: Leftovers
|-damage|p2a: Kingambit|73/100 brn|[from] brn
|upkeep
|turn|10
|
|t:|1781180287
|move|p1a: Dragonite|Encore|p2a: Kingambit
|-start|p2a: Kingambit|Encore
|move|p2a: Kingambit|Swords Dance|p2a: Kingambit
|-boost|p2a: Kingambit|atk|2
|
|-heal|p2a: Kingambit|79/100 brn|[from] item: Leftovers
|-damage|p2a: Kingambit|73/100 brn|[from] brn
|upkeep
|turn|11
|
|t:|1781180292
|switch|p1a: Iron Treads|Iron Treads, shiny|100/100
|-end|p2a: Kingambit|fallen1|[silent]
|switch|p2a: Great Tusk|Great Tusk|100/100
|
|upkeep
|turn|12
|
|t:|1781180297
|-end|p1a: Iron Treads|Quark Drive|[silent]
|switch|p1a: Dragonite|Dragonite, M, shiny|100/100
|move|p2a: Great Tusk|Headlong Rush|p1a: Dragonite
|-immune|p1a: Dragonite
|
|upkeep
|turn|13
|
|t:|1781180303
|move|p2a: Great Tusk|Knock Off|p1a: Dragonite
|-damage|p1a: Dragonite|88/100
|-damage|p2a: Great Tusk|84/100|[from] item: Rocky Helmet|[of] p1a: Dragonite
|-enditem|p1a: Dragonite|Rocky Helmet|[from] move: Knock Off|[of] p2a: Great Tusk
|move|p1a: Dragonite|Ice Beam|p2a: Great Tusk
|-supereffective|p2a: Great Tusk
|-damage|p2a: Great Tusk|17/100
|
|upkeep
|turn|14
|
|t:|1781180313
|switch|p1a: Alomomola|Alomomola, F, shiny|88/100
|move|p2a: Great Tusk|Ice Spinner|p1a: Alomomola
|-resisted|p1a: Alomomola
|-damage|p1a: Alomomola|77/100
|
|upkeep
|turn|15
|
|t:|1781180323
|move|p2a: Great Tusk|Headlong Rush|p1a: Alomomola
|-damage|p1a: Alomomola|32/100
|-unboost|p2a: Great Tusk|def|1
|-unboost|p2a: Great Tusk|spd|1
|move|p1a: Alomomola|Flip Turn|p2a: Great Tusk
|-supereffective|p2a: Great Tusk
|-damage|p2a: Great Tusk|0 fnt
|faint|p2a: Great Tusk
|-end|p2a: Great Tusk|Protosynthesis|[silent]
|
|t:|1781180333
|switch|p1a: Dragonite|Dragonite, M, shiny|88/100|[from] Flip Turn
|
|upkeep
|
|t:|1781180339
|switch|p2a: Gholdengo|Gholdengo|100/100
|-item|p2a: Gholdengo|Air Balloon
|turn|16
|
|t:|1781180349
|move|p2a: Gholdengo|Nasty Plot|p2a: Gholdengo
|-boost|p2a: Gholdengo|spa|2
|move|p1a: Dragonite|Ice Beam|p2a: Gholdengo
|-resisted|p2a: Gholdengo
|-damage|p2a: Gholdengo|89/100
|-enditem|p2a: Gholdengo|Air Balloon
|
|upkeep
|turn|17
|
|t:|1781180358
|switch|p1a: Alomomola|Alomomola, F, shiny|66/100
|move|p2a: Gholdengo|Make It Rain|p1a: Alomomola
|-resisted|p1a: Alomomola
|-damage|p1a: Alomomola|36/100
|-unboost|p2a: Gholdengo|spa|1
|
|upkeep
|turn|18
|
|t:|1781180367
|switch|p1a: Darkrai|Darkrai, shiny|93/100
|move|p2a: Gholdengo|Shadow Ball|p1a: Darkrai
|-resisted|p1a: Darkrai
|-damage|p1a: Darkrai|59/100
|
|-heal|p1a: Darkrai|65/100|[from] item: Leftovers
|upkeep
|turn|19
|
|t:|1781180370
|switch|p2a: Kingambit|Kingambit, F|73/100 brn
|-activate|p2a: Kingambit|ability: Supreme Overlord
|-start|p2a: Kingambit|fallen2|[silent]
|move|p1a: Darkrai|Dark Pulse|p2a: Kingambit
|-resisted|p2a: Kingambit
|-damage|p2a: Kingambit|53/100 brn
|
|-heal|p1a: Darkrai|71/100|[from] item: Leftovers
|-heal|p2a: Kingambit|59/100 brn|[from] item: Leftovers
|-damage|p2a: Kingambit|53/100 brn|[from] brn
|upkeep
|turn|20
|
|t:|1781180380
|switch|p1a: Dragonite|Dragonite, M, shiny|88/100
|move|p2a: Kingambit|Swords Dance|p2a: Kingambit
|-boost|p2a: Kingambit|atk|2
|
|-heal|p2a: Kingambit|59/100 brn|[from] item: Leftovers
|-damage|p2a: Kingambit|53/100 brn|[from] brn
|upkeep
|turn|21
|
|t:|1781180388
|-end|p2a: Kingambit|fallen2|[silent]
|switch|p2a: Gholdengo|Gholdengo|89/100
|move|p1a: Dragonite|Roost|p1a: Dragonite
|-heal|p1a: Dragonite|100/100
|-singleturn|p1a: Dragonite|move: Roost
|
|upkeep
|turn|22
|
|t:|1781180397
|switch|p1a: Cinderace|Cinderace, M, shiny|100/100
|move|p2a: Gholdengo|Nasty Plot|p2a: Gholdengo
|-boost|p2a: Gholdengo|spa|2
|
|upkeep
|turn|23
|
|t:|1781180403
|-terastallize|p2a: Gholdengo|Flying
|move|p1a: Cinderace|Pyro Ball|p2a: Gholdengo
|-damage|p2a: Gholdengo|39/100
|move|p2a: Gholdengo|Shadow Ball|p1a: Cinderace
|-damage|p1a: Cinderace|0 fnt
|faint|p1a: Cinderace
|
|upkeep
|
|t:|1781180413
|switch|p1a: Darkrai|Darkrai, shiny|71/100
|turn|24
|
|t:|1781180416
|switch|p2a: Kingambit|Kingambit, F|53/100 brn
|-activate|p2a: Kingambit|ability: Supreme Overlord
|-start|p2a: Kingambit|fallen2|[silent]
|move|p1a: Darkrai|Dark Pulse|p2a: Kingambit
|-resisted|p2a: Kingambit
|-crit|p2a: Kingambit
|-damage|p2a: Kingambit|23/100 brn
|
|-heal|p1a: Darkrai|77/100|[from] item: Leftovers
|-heal|p2a: Kingambit|29/100 brn|[from] item: Leftovers
|-damage|p2a: Kingambit|23/100 brn|[from] brn
|upkeep
|turn|25
|
|t:|1781180424
|switch|p1a: Dragonite|Dragonite, M, shiny|100/100
|move|p2a: Kingambit|Low Kick|p1a: Dragonite
|-resisted|p1a: Dragonite
|-damage|p1a: Dragonite|96/100
|
|-heal|p2a: Kingambit|29/100 brn|[from] item: Leftovers
|-damage|p2a: Kingambit|23/100 brn|[from] brn
|upkeep
|turn|26
|
|t:|1781180430
|move|p1a: Dragonite|Ice Beam|p2a: Kingambit
|-resisted|p2a: Kingambit
|-damage|p2a: Kingambit|12/100 brn
|move|p2a: Kingambit|Swords Dance|p2a: Kingambit
|-boost|p2a: Kingambit|atk|2
|
|-heal|p2a: Kingambit|19/100 brn|[from] item: Leftovers
|-damage|p2a: Kingambit|12/100 brn|[from] brn
|upkeep
|turn|27
|
|t:|1781180435
|move|p1a: Dragonite|Encore|p2a: Kingambit
|-start|p2a: Kingambit|Encore
|move|p2a: Kingambit|Swords Dance|p2a: Kingambit
|-boost|p2a: Kingambit|atk|2
|
|-heal|p2a: Kingambit|19/100 brn|[from] item: Leftovers
|-damage|p2a: Kingambit|12/100 brn|[from] brn
|upkeep
|turn|28
|
|t:|1781180442
|-end|p2a: Kingambit|fallen2|[silent]
|switch|p2a: Dondozo|Dondozo, F|100/100
|move|p1a: Dragonite|Roost|p1a: Dragonite
|-heal|p1a: Dragonite|100/100
|-singleturn|p1a: Dragonite|move: Roost
|
|upkeep
|turn|29
|
|t:|1781180446
|move|p1a: Dragonite|Thunder Wave|p2a: Dondozo
|-status|p2a: Dondozo|par
|move|p2a: Dondozo|Body Press|p1a: Dragonite
|-resisted|p1a: Dragonite
|-damage|p1a: Dragonite|96/100
|
|upkeep
|turn|30
|
|t:|1781180457
|move|p1a: Dragonite|Encore|p2a: Dondozo
|-start|p2a: Dondozo|Encore
|move|p2a: Dondozo|Body Press|p1a: Dragonite
|-resisted|p1a: Dragonite
|-damage|p1a: Dragonite|86/100
|
|upkeep
|turn|31
|
|t:|1781180464
|switch|p1a: Iron Valiant|Iron Valiant, shiny|100/100
|-enditem|p1a: Iron Valiant|Booster Energy
|-activate|p1a: Iron Valiant|ability: Quark Drive|[fromitem]
|-start|p1a: Iron Valiant|quarkdrivespe
|move|p2a: Dondozo|Body Press|p1a: Iron Valiant
|-resisted|p1a: Iron Valiant
|-damage|p1a: Iron Valiant|84/100
|
|upkeep
|turn|32
|
|t:|1781180473
|move|p1a: Iron Valiant|Hex|p2a: Dondozo
|-damage|p2a: Dondozo|57/100 par
|move|p2a: Dondozo|Body Press|p1a: Iron Valiant
|-resisted|p1a: Iron Valiant
|-damage|p1a: Iron Valiant|66/100
|
|-heal|p2a: Dondozo|63/100 par|[from] item: Leftovers
|-end|p2a: Dondozo|Encore
|upkeep
|turn|33
|
|t:|1781180480
|move|p1a: Iron Valiant|Encore|p2a: Dondozo
|-start|p2a: Dondozo|Encore
|cant|p2a: Dondozo|par
|
|-heal|p2a: Dondozo|70/100 par|[from] item: Leftovers
|upkeep
|turn|34
|
|t:|1781180486
|switch|p2a: Slowking|Slowking-Galar, M|100/100
|-terastallize|p1a: Iron Valiant|Ghost
|move|p1a: Iron Valiant|Hex|p2a: Slowking
|-supereffective|p2a: Slowking
|-crit|p2a: Slowking
|-damage|p2a: Slowking|64/100
|
|upkeep
|turn|35
|
|t:|1781180495
|-end|p1a: Iron Valiant|Quark Drive|[silent]
|switch|p1a: Alomomola|Alomomola, F, shiny|69/100
|move|p2a: Slowking|Sludge Bomb|p1a: Alomomola
|-damage|p1a: Alomomola|53/100
|
|upkeep
|turn|36
|
|t:|1781180512
|switch|p2a: Dondozo|Dondozo, F|70/100 par
|move|p1a: Alomomola|Flip Turn|p2a: Dondozo
|-resisted|p2a: Dondozo
|-damage|p2a: Dondozo|66/100 par
|
|t:|1781180524
|switch|p1a: Iron Valiant|Iron Valiant, shiny, tera:Ghost|66/100|[from] Flip Turn
|
|-heal|p2a: Dondozo|72/100 par|[from] item: Leftovers
|upkeep
|turn|37
|
|t:|1781180535
|switch|p2a: Slowking|Slowking-Galar, M|97/100
|move|p1a: Iron Valiant|Hex|p2a: Slowking
|-supereffective|p2a: Slowking
|-damage|p2a: Slowking|73/100
|
|upkeep
|turn|38
|
|t:|1781180542
|-end|p1a: Iron Valiant|Quark Drive|[silent]
|switch|p1a: Alomomola|Alomomola, F, shiny|86/100
|move|p2a: Slowking|Flamethrower|p1a: Alomomola
|-resisted|p1a: Alomomola
|-damage|p1a: Alomomola|81/100
|
|upkeep
|turn|39
|
|t:|1781180546
|switch|p2a: Dondozo|Dondozo, F|72/100 par
|move|p1a: Alomomola|Flip Turn|p2a: Dondozo
|-resisted|p2a: Dondozo
|-damage|p2a: Dondozo|69/100 par
|
|t:|1781180561
|switch|p1a: Iron Valiant|Iron Valiant, shiny, tera:Ghost|66/100|[from] Flip Turn
|
|-heal|p2a: Dondozo|75/100 par|[from] item: Leftovers
|upkeep
|turn|40
|
|t:|1781180565
|switch|p2a: Slowking|Slowking-Galar, M|100/100
|move|p1a: Iron Valiant|Hex|p2a: Slowking
|-supereffective|p2a: Slowking
|-damage|p2a: Slowking|76/100
|
|upkeep
|turn|41
|
|t:|1781180572
|-end|p1a: Iron Valiant|Quark Drive|[silent]
|switch|p1a: Iron Treads|Iron Treads, shiny|100/100
|move|p2a: Slowking|Flamethrower|p1a: Iron Treads
|-supereffective|p1a: Iron Treads
|-damage|p1a: Iron Treads|38/100
|
|upkeep
|turn|42
|
|t:|1781180579
|switch|p2a: Dondozo|Dondozo, F|75/100 par
|move|p1a: Iron Treads|Earthquake|p2a: Dondozo
|-damage|p2a: Dondozo|48/100 par
|
|-heal|p2a: Dondozo|54/100 par|[from] item: Leftovers
|upkeep
|turn|43
|
|t:|1781180588
|-end|p1a: Iron Treads|Quark Drive|[silent]
|switch|p1a: Iron Valiant|Iron Valiant, shiny, tera:Ghost|66/100
|move|p2a: Dondozo|Wave Crash|p1a: Iron Valiant
|-damage|p1a: Iron Valiant|17/100
|-damage|p2a: Dondozo|45/100 par|[from] Recoil
|
|-heal|p2a: Dondozo|51/100 par|[from] item: Leftovers
|upkeep
|turn|44
|
|t:|1781180607
|-end|p1a: Iron Valiant|Quark Drive|[silent]
|switch|p1a: Alomomola|Alomomola, F, shiny|100/100
|switch|p2a: Slowking|Slowking-Galar, M|100/100
|
|upkeep
|turn|45
|
|t:|1781180611
|move|p1a: Alomomola|Body Slam|p2a: Slowking
|-damage|p2a: Slowking|86/100
|move|p2a: Slowking|Flamethrower|p1a: Alomomola
|-resisted|p1a: Alomomola
|-damage|p1a: Alomomola|95/100
|
|upkeep
|turn|46
|
|t:|1781180619
|move|p1a: Alomomola|Scald|p2a: Slowking
|-damage|p2a: Slowking|80/100
|move|p2a: Slowking|Flamethrower|p1a: Alomomola
|-resisted|p1a: Alomomola
|-damage|p1a: Alomomola|89/100
|
|upkeep
|turn|47
|inactive|OscarGamble has 120 seconds left.
|
|t:|1781180660
|switch|p2a: Dondozo|Dondozo, F|51/100 par
|move|p1a: Alomomola|Scald|p2a: Dondozo
|-resisted|p2a: Dondozo
|-damage|p2a: Dondozo|45/100 par
|
|-heal|p2a: Dondozo|51/100 par|[from] item: Leftovers
|upkeep
|turn|48
|
|t:|1781180673
|switch|p1a: Dragonite|Dragonite, M, shiny|86/100
|move|p2a: Dondozo|Wave Crash|p1a: Dragonite
|-resisted|p1a: Dragonite
|-damage|p1a: Dragonite|72/100
|-damage|p2a: Dondozo|48/100 par|[from] Recoil
|
|-heal|p2a: Dondozo|54/100 par|[from] item: Leftovers
|upkeep
|turn|49
|
|t:|1781180681
|switch|p1a: Alomomola|Alomomola, F, shiny|100/100
|move|p2a: Dondozo|Rest|p2a: Dondozo
|-status|p2a: Dondozo|slp|[from] move: Rest
|-heal|p2a: Dondozo|100/100 slp|[silent]
|
|upkeep
|turn|50
|
|t:|1781180685
|move|p1a: Alomomola|Flip Turn|p2a: Dondozo
|-resisted|p2a: Dondozo
|-damage|p2a: Dondozo|97/100 slp
|
|t:|1781180690
|switch|p1a: Dragonite|Dragonite, M, shiny|72/100|[from] Flip Turn
|cant|p2a: Dondozo|slp
|move|p2a: Dondozo|Sleep Talk|p2a: Dondozo
|move|p2a: Dondozo|Wave Crash|p1a: Dragonite|[from] move: Sleep Talk
|-resisted|p1a: Dragonite
|-damage|p1a: Dragonite|58/100
|-damage|p2a: Dondozo|93/100 slp|[from] Recoil
|
|-heal|p2a: Dondozo|99/100 slp|[from] item: Leftovers
|upkeep
|turn|51
|
|t:|1781180697
|move|p1a: Dragonite|Roost|p1a: Dragonite
|-heal|p1a: Dragonite|100/100
|-singleturn|p1a: Dragonite|move: Roost
|cant|p2a: Dondozo|slp
|move|p2a: Dondozo|Sleep Talk|p2a: Dondozo
|move|p2a: Dondozo|Rest||[from] move: Sleep Talk|[still]
|-fail|p2a: Dondozo
|
|-heal|p2a: Dondozo|100/100 slp|[from] item: Leftovers
|upkeep
|turn|52
|
|t:|1781180706
|switch|p1a: Alomomola|Alomomola, F, shiny|100/100
|-curestatus|p2a: Dondozo|slp|[msg]
|move|p2a: Dondozo|Wave Crash|p1a: Alomomola
|-resisted|p1a: Alomomola
|-damage|p1a: Alomomola|83/100
|-damage|p2a: Dondozo|95/100|[from] Recoil
|
|-heal|p2a: Dondozo|100/100|[from] item: Leftovers
|upkeep
|turn|53
|
|t:|1781180715
|move|p1a: Alomomola|Scald|p2a: Dondozo
|-resisted|p2a: Dondozo
|-damage|p2a: Dondozo|94/100
|move|p2a: Dondozo|Body Press|p1a: Alomomola
|-damage|p1a: Alomomola|60/100
|
|-heal|p2a: Dondozo|100/100|[from] item: Leftovers
|upkeep
|turn|54
|
|t:|1781180720
|move|p1a: Alomomola|Scald|p2a: Dondozo
|-resisted|p2a: Dondozo
|-damage|p2a: Dondozo|94/100
|move|p2a: Dondozo|Wave Crash|p1a: Alomomola
|-resisted|p1a: Alomomola
|-damage|p1a: Alomomola|46/100
|-damage|p2a: Dondozo|89/100|[from] Recoil
|
|-heal|p2a: Dondozo|95/100|[from] item: Leftovers
|upkeep
|turn|55
|
|t:|1781180725
|move|p1a: Alomomola|Scald|p2a: Dondozo
|-resisted|p2a: Dondozo
|-damage|p2a: Dondozo|89/100
|move|p2a: Dondozo|Wave Crash|p1a: Alomomola
|-resisted|p1a: Alomomola
|-damage|p1a: Alomomola|30/100
|-damage|p2a: Dondozo|83/100|[from] Recoil
|
|-heal|p2a: Dondozo|90/100|[from] item: Leftovers
|upkeep
|turn|56
|
|t:|1781180732
|move|p1a: Alomomola|Flip Turn|p2a: Dondozo
|-resisted|p2a: Dondozo
|-damage|p2a: Dondozo|86/100
|
|t:|1781180734
|switch|p1a: Dragonite|Dragonite, M, shiny|100/100|[from] Flip Turn
|move|p2a: Dondozo|Wave Crash|p1a: Dragonite
|-resisted|p1a: Dragonite
|-damage|p1a: Dragonite|93/100
|-damage|p2a: Dondozo|84/100|[from] Recoil
|
|-heal|p2a: Dondozo|90/100|[from] item: Leftovers
|upkeep
|turn|57
|
|t:|1781180738
|switch|p1a: Alomomola|Alomomola, F, shiny|63/100
|move|p2a: Dondozo|Body Press|p1a: Alomomola
|-damage|p1a: Alomomola|43/100
|
|-heal|p2a: Dondozo|97/100|[from] item: Leftovers
|upkeep
|turn|58
|
|t:|1781180746
|move|p1a: Alomomola|Flip Turn|p2a: Dondozo
|-resisted|p2a: Dondozo
|-damage|p2a: Dondozo|93/100
|j| Easontom
|
|t:|1781180770
|switch|p1a: Dragonite|Dragonite, M, shiny|93/100|[from] Flip Turn
|move|p2a: Dondozo|Wave Crash|p1a: Dragonite
|-resisted|p1a: Dragonite
|-damage|p1a: Dragonite|79/100
|-damage|p2a: Dondozo|89/100|[from] Recoil
|
|-heal|p2a: Dondozo|95/100|[from] item: Leftovers
|upkeep
|turn|59
|
|t:|1781180778
|move|p1a: Dragonite|Ice Beam|p2a: Dondozo
|-resisted|p2a: Dondozo
|-damage|p2a: Dondozo|86/100
|move|p2a: Dondozo|Body Press|p1a: Dragonite
|-resisted|p1a: Dragonite
|-damage|p1a: Dragonite|70/100
|
|-heal|p2a: Dondozo|92/100|[from] item: Leftovers
|upkeep
|turn|60
|
|t:|1781180785
|move|p1a: Dragonite|Ice Beam|p2a: Dondozo
|-resisted|p2a: Dondozo
|-damage|p2a: Dondozo|82/100
|move|p2a: Dondozo|Body Press|p1a: Dragonite
|-resisted|p1a: Dragonite
|-damage|p1a: Dragonite|60/100
|
|-heal|p2a: Dondozo|88/100|[from] item: Leftovers
|upkeep
|turn|61
|
|t:|1781180807
|move|p1a: Dragonite|Encore|p2a: Dondozo
|-start|p2a: Dondozo|Encore
|move|p2a: Dondozo|Body Press|p1a: Dragonite
|-resisted|p1a: Dragonite
|-crit|p1a: Dragonite
|-damage|p1a: Dragonite|45/100
|
|-heal|p2a: Dondozo|94/100|[from] item: Leftovers
|upkeep
|turn|62
|
|t:|1781180812
|switch|p1a: Iron Valiant|Iron Valiant, shiny, tera:Ghost|17/100
|move|p2a: Dondozo|Body Press|p1a: Iron Valiant
|-immune|p1a: Iron Valiant
|
|-heal|p2a: Dondozo|99/100|[from] item: Leftovers
|upkeep
|turn|63
|
|t:|1781180816
|switch|p2a: Slowking|Slowking-Galar, M|100/100
|move|p1a: Iron Valiant|Calm Mind|p1a: Iron Valiant
|-boost|p1a: Iron Valiant|spa|1
|-boost|p1a: Iron Valiant|spd|1
|
|upkeep
|turn|64
|
|t:|1781180819
|-end|p1a: Iron Valiant|Quark Drive|[silent]
|switch|p1a: Alomomola|Alomomola, F, shiny|76/100
|move|p2a: Slowking|Sludge Bomb|p1a: Alomomola
|-crit|p1a: Alomomola
|-damage|p1a: Alomomola|51/100
|
|upkeep
|turn|65
|
|t:|1781180827
|move|p1a: Alomomola|Scald|p2a: Slowking
|-damage|p2a: Slowking|95/100
|move|p2a: Slowking|Flamethrower|p1a: Alomomola
|-resisted|p1a: Alomomola
|-damage|p1a: Alomomola|45/100
|
|upkeep
|turn|66
|
|t:|1781180830
|move|p1a: Alomomola|Scald|p2a: Slowking
|-damage|p2a: Slowking|90/100
|-status|p2a: Slowking|brn
|move|p2a: Slowking|Future Sight|p1a: Alomomola
|-start|p2a: Slowking|move: Future Sight
|
|-damage|p2a: Slowking|83/100 brn|[from] brn
|upkeep
|turn|67
|
|t:|1781180841
|move|p1a: Alomomola|Flip Turn|p2a: Slowking
|-damage|p2a: Slowking|65/100 brn
|
|t:|1781180848
|switch|p1a: Darkrai|Darkrai, shiny|77/100|[from] Flip Turn
|move|p2a: Slowking|Flamethrower|p1a: Darkrai
|-damage|p1a: Darkrai|51/100
|
|-heal|p1a: Darkrai|57/100|[from] item: Leftovers
|-damage|p2a: Slowking|59/100 brn|[from] brn
|upkeep
|turn|68
|
|t:|1781180855
|move|p1a: Darkrai|Dark Pulse|p2a: Slowking
|-supereffective|p2a: Slowking
|-damage|p2a: Slowking|30/100 brn
|move|p2a: Slowking|Sludge Bomb|p1a: Darkrai
|-damage|p1a: Darkrai|20/100
|
|-end|p1a: Darkrai|move: Future Sight
|-immune|p1a: Darkrai
|-heal|p1a: Darkrai|26/100|[from] item: Leftovers
|-damage|p2a: Slowking|24/100 brn|[from] brn
|upkeep
|turn|69
|
|t:|1781180861
|switch|p2a: Kingambit|Kingambit, F|12/100 brn
|-activate|p2a: Kingambit|ability: Supreme Overlord
|-start|p2a: Kingambit|fallen2|[silent]
|move|p1a: Darkrai|Dark Pulse|p2a: Kingambit
|-resisted|p2a: Kingambit
|-damage|p2a: Kingambit|0 fnt
|faint|p2a: Kingambit
|-end|p2a: Kingambit|fallen2|[silent]
|
|-heal|p1a: Darkrai|33/100|[from] item: Leftovers
|upkeep
|
|t:|1781180866
|switch|p2a: Slowking|Slowking-Galar, M|57/100 brn
|turn|70
|
|t:|1781180872
|move|p1a: Darkrai|Dark Pulse|p2a: Slowking
|-supereffective|p2a: Slowking
|-damage|p2a: Slowking|28/100 brn
|move|p2a: Slowking|Sludge Bomb|p1a: Darkrai
|-damage|p1a: Darkrai|0 fnt
|faint|p1a: Darkrai
|
|-damage|p2a: Slowking|22/100 brn|[from] brn
|upkeep
|
|t:|1781180884
|switch|p1a: Iron Valiant|Iron Valiant, shiny, tera:Ghost|17/100
|turn|71
|
|t:|1781180889
|move|p1a: Iron Valiant|Moonblast|p2a: Slowking
|-resisted|p2a: Slowking
|-damage|p2a: Slowking|13/100 brn
|move|p2a: Slowking|Future Sight|p1a: Iron Valiant
|-start|p2a: Slowking|move: Future Sight
|
|-damage|p2a: Slowking|7/100 brn|[from] brn
|upkeep
|turn|72
|
|t:|1781180893
|switch|p2a: Dondozo|Dondozo, F|99/100
|move|p1a: Iron Valiant|Hex|p2a: Dondozo
|-damage|p2a: Dondozo|72/100
|
|-heal|p2a: Dondozo|78/100|[from] item: Leftovers
|upkeep
|turn|73
|
|t:|1781180897
|-end|p1a: Iron Valiant|Quark Drive|[silent]
|switch|p1a: Alomomola|Alomomola, F, shiny|79/100
|move|p2a: Dondozo|Rest|p2a: Dondozo
|-status|p2a: Dondozo|slp|[from] move: Rest
|-heal|p2a: Dondozo|100/100 slp|[silent]
|
|-end|p1a: Alomomola|move: Future Sight
|-damage|p1a: Alomomola|57/100
|upkeep
|turn|74
|
|t:|1781180900
|move|p1a: Alomomola|Flip Turn|p2a: Dondozo
|-resisted|p2a: Dondozo
|-damage|p2a: Dondozo|97/100 slp
|
|t:|1781180903
|switch|p1a: Dragonite|Dragonite, M, shiny|45/100|[from] Flip Turn
|cant|p2a: Dondozo|slp
|move|p2a: Dondozo|Sleep Talk|p2a: Dondozo
|move|p2a: Dondozo|Rest||[from] move: Sleep Talk|[still]
|-fail|p2a: Dondozo
|
|-heal|p2a: Dondozo|100/100 slp|[from] item: Leftovers
|upkeep
|turn|75
|
|t:|1781180912
|switch|p1a: Alomomola|Alomomola, F, shiny|90/100
|cant|p2a: Dondozo|slp
|move|p2a: Dondozo|Sleep Talk|p2a: Dondozo
|move|p2a: Dondozo|Rest||[from] move: Sleep Talk|[still]
|-fail|p2a: Dondozo
|
|upkeep
|turn|76
|
|t:|1781180928
|move|p1a: Alomomola|Flip Turn|p2a: Dondozo
|-resisted|p2a: Dondozo
|-damage|p2a: Dondozo|97/100 slp
|
|t:|1781180930
|switch|p1a: Dragonite|Dragonite, M, shiny|45/100|[from] Flip Turn
|-curestatus|p2a: Dondozo|slp|[msg]
|move|p2a: Dondozo|Wave Crash|p1a: Dragonite
|-resisted|p1a: Dragonite
|-damage|p1a: Dragonite|32/100
|-damage|p2a: Dondozo|94/100|[from] Recoil
|
|-heal|p2a: Dondozo|99/100|[from] item: Leftovers
|upkeep
|turn|77
|
|t:|1781180934
|switch|p2a: Slowking|Slowking-Galar, M|40/100 brn
|move|p1a: Dragonite|Roost|p1a: Dragonite
|-heal|p1a: Dragonite|82/100
|-singleturn|p1a: Dragonite|move: Roost
|
|-damage|p2a: Slowking|34/100 brn|[from] brn
|upkeep
|turn|78
|
|t:|1781180941
|switch|p1a: Alomomola|Alomomola, F, shiny|100/100
|move|p2a: Slowking|Future Sight|p1a: Alomomola
|-start|p2a: Slowking|move: Future Sight
|
|-damage|p2a: Slowking|28/100 brn|[from] brn
|upkeep
|turn|79
|
|t:|1781180948
|switch|p2a: Dondozo|Dondozo, F|99/100
|move|p1a: Alomomola|Body Slam|p2a: Dondozo
|-damage|p2a: Dondozo|93/100
|-status|p2a: Dondozo|par
|
|-heal|p2a: Dondozo|99/100 par|[from] item: Leftovers
|upkeep
|turn|80
|
|t:|1781180954
|move|p1a: Alomomola|Scald|p2a: Dondozo
|-resisted|p2a: Dondozo
|-damage|p2a: Dondozo|92/100 par
|cant|p2a: Dondozo|par
|
|-end|p1a: Alomomola|move: Future Sight
|-damage|p1a: Alomomola|78/100
|-heal|p2a: Dondozo|98/100 par|[from] item: Leftovers
|upkeep
|turn|81
|
|t:|1781180960
|move|p1a: Alomomola|Flip Turn|p2a: Dondozo
|-resisted|p2a: Dondozo
|-damage|p2a: Dondozo|94/100 par
|
|t:|1781180962
|switch|p1a: Dragonite|Dragonite, M, shiny|82/100|[from] Flip Turn
|cant|p2a: Dondozo|par
|
|-heal|p2a: Dondozo|99/100 par|[from] item: Leftovers
|upkeep
|turn|82
|
|t:|1781180970
|switch|p1a: Alomomola|Alomomola, F, shiny|100/100
|cant|p2a: Dondozo|par
|
|-heal|p2a: Dondozo|100/100 par|[from] item: Leftovers
|upkeep
|turn|83
|
|t:|1781180980
|move|p1a: Alomomola|Flip Turn|p2a: Dondozo
|-resisted|p2a: Dondozo
|-damage|p2a: Dondozo|97/100 par
|
|t:|1781180982
|switch|p1a: Dragonite|Dragonite, M, shiny|82/100|[from] Flip Turn
|move|p2a: Dondozo|Wave Crash|p1a: Dragonite
|-resisted|p1a: Dragonite
|-damage|p1a: Dragonite|66/100
|-damage|p2a: Dondozo|93/100 par|[from] Recoil
|
|-heal|p2a: Dondozo|99/100 par|[from] item: Leftovers
|upkeep
|turn|84
|
|t:|1781180991
|switch|p1a: Alomomola|Alomomola, F, shiny|100/100
|switch|p2a: Slowking|Slowking-Galar, M|61/100 brn
|
|-damage|p2a: Slowking|55/100 brn|[from] brn
|upkeep
|turn|85
|
|t:|1781181003
|switch|p2a: Dondozo|Dondozo, F|99/100 par
|move|p1a: Alomomola|Flip Turn|p2a: Dondozo
|-resisted|p2a: Dondozo
|-damage|p2a: Dondozo|96/100 par
|
|t:|1781181007
|switch|p1a: Dragonite|Dragonite, M, shiny|66/100|[from] Flip Turn
|
|-heal|p2a: Dondozo|100/100 par|[from] item: Leftovers
|upkeep
|turn|86
|
|t:|1781181014
|switch|p2a: Slowking|Slowking-Galar, M|88/100 brn
|move|p1a: Dragonite|Thunder Wave||[still]
|-fail|p1a: Dragonite
|
|-damage|p2a: Slowking|82/100 brn|[from] brn
|upkeep
|turn|87
|
|t:|1781181021
|switch|p1a: Alomomola|Alomomola, F, shiny|100/100
|move|p2a: Slowking|Sludge Bomb|p1a: Alomomola
|-damage|p1a: Alomomola|83/100
|
|-damage|p2a: Slowking|76/100 brn|[from] brn
|upkeep
|turn|88
|
|t:|1781181031
|switch|p2a: Dondozo|Dondozo, F|100/100 par
|move|p1a: Alomomola|Flip Turn|p2a: Dondozo
|-resisted|p2a: Dondozo
|-damage|p2a: Dondozo|97/100 par
|
|t:|1781181037
|switch|p1a: Dragonite|Dragonite, M, shiny|66/100|[from] Flip Turn
|
|-heal|p2a: Dondozo|100/100 par|[from] item: Leftovers
|upkeep
|turn|89
|
|t:|1781181041
|switch|p1a: Alomomola|Alomomola, F, shiny|100/100
|move|p2a: Dondozo|Wave Crash|p1a: Alomomola
|-resisted|p1a: Alomomola
|-damage|p1a: Alomomola|85/100
|-damage|p2a: Dondozo|95/100 par|[from] Recoil
|
|-heal|p2a: Dondozo|100/100 par|[from] item: Leftovers
|upkeep
|turn|90
|
|t:|1781181052
|switch|p1a: Dragonite|Dragonite, M, shiny|66/100
|move|p2a: Dondozo|Wave Crash|p1a: Dragonite
|-resisted|p1a: Dragonite
|-damage|p1a: Dragonite|53/100
|-damage|p2a: Dondozo|97/100 par|[from] Recoil
|
|-heal|p2a: Dondozo|100/100 par|[from] item: Leftovers
|upkeep
|turn|91
|
|t:|1781181058
|switch|p1a: Alomomola|Alomomola, F, shiny|100/100
|switch|p2a: Slowking|Slowking-Galar, M|100/100 brn
|
|-damage|p2a: Slowking|94/100 brn|[from] brn
|upkeep
|turn|92
|
|t:|1781181065
|move|p1a: Alomomola|Flip Turn|p2a: Slowking
|-damage|p2a: Slowking|78/100 brn
|
|t:|1781181067
|switch|p1a: Iron Treads|Iron Treads, shiny|38/100|[from] Flip Turn
|move|p2a: Slowking|Future Sight|p1a: Iron Treads
|-start|p2a: Slowking|move: Future Sight
|
|-damage|p2a: Slowking|72/100 brn|[from] brn
|upkeep
|turn|93
|
|t:|1781181073
|switch|p2a: Dondozo|Dondozo, F|100/100 par
|move|p1a: Iron Treads|Earthquake|p2a: Dondozo
|-damage|p2a: Dondozo|72/100 par
|
|-heal|p2a: Dondozo|78/100 par|[from] item: Leftovers
|upkeep
|turn|94
|
|t:|1781181081
|-end|p1a: Iron Treads|Quark Drive|[silent]
|switch|p1a: Alomomola|Alomomola, F, shiny|100/100
|switch|p2a: Gholdengo|Gholdengo, tera:Flying|39/100
|
|-end|p1a: Alomomola|move: Future Sight
|-crit|p1a: Alomomola
|-damage|p1a: Alomomola|67/100
|upkeep
|turn|95
|
|t:|1781181091
|move|p2a: Gholdengo|Recover|p2a: Gholdengo
|-heal|p2a: Gholdengo|89/100
|move|p1a: Alomomola|Flip Turn|p2a: Gholdengo
|-damage|p2a: Gholdengo|72/100
|
|t:|1781181094
|switch|p1a: Iron Treads|Iron Treads, shiny|38/100|[from] Flip Turn
|
|upkeep
|turn|96
|
|t:|1781181097
|move|p1a: Iron Treads|Ice Spinner|p2a: Gholdengo
|-supereffective|p2a: Gholdengo
|-crit|p2a: Gholdengo
|-damage|p2a: Gholdengo|0 fnt
|faint|p2a: Gholdengo
|
|upkeep
|
|t:|1781181103
|switch|p2a: Dondozo|Dondozo, F|78/100 par
|turn|97
|
|t:|1781181111
|-end|p1a: Iron Treads|Quark Drive|[silent]
|switch|p1a: Alomomola|Alomomola, F, shiny|100/100
|move|p2a: Dondozo|Wave Crash|p1a: Alomomola
|-resisted|p1a: Alomomola
|-damage|p1a: Alomomola|86/100
|-damage|p2a: Dondozo|73/100 par|[from] Recoil
|
|-heal|p2a: Dondozo|79/100 par|[from] item: Leftovers
|upkeep
|turn|98
|
|t:|1781181116
|move|p1a: Alomomola|Flip Turn|p2a: Dondozo
|-resisted|p2a: Dondozo
|-damage|p2a: Dondozo|76/100 par
|
|t:|1781181119
|switch|p1a: Dragonite|Dragonite, M, shiny|53/100|[from] Flip Turn
|move|p2a: Dondozo|Wave Crash|p1a: Dragonite
|-resisted|p1a: Dragonite
|-damage|p1a: Dragonite|37/100
|-damage|p2a: Dondozo|72/100 par|[from] Recoil
|
|-heal|p2a: Dondozo|78/100 par|[from] item: Leftovers
|upkeep
|turn|99
|
|t:|1781181125
|move|p1a: Dragonite|Roost|p1a: Dragonite
|-heal|p1a: Dragonite|87/100
|-singleturn|p1a: Dragonite|move: Roost
|move|p2a: Dondozo|Rest|p2a: Dondozo
|-status|p2a: Dondozo|slp|[from] move: Rest
|-heal|p2a: Dondozo|100/100 slp|[silent]
|
|upkeep
|turn|100
|
|t:|1781181134
|switch|p2a: Slowking|Slowking-Galar, M|100/100 brn
|move|p1a: Dragonite|Encore||[still]
|-fail|p1a: Dragonite
|
|-damage|p2a: Slowking|94/100 brn|[from] brn
|upkeep
|turn|101
|
|t:|1781181144
|switch|p1a: Alomomola|Alomomola, F, shiny|100/100
|move|p2a: Slowking|Future Sight|p1a: Alomomola
|-start|p2a: Slowking|move: Future Sight
|
|-damage|p2a: Slowking|88/100 brn|[from] brn
|upkeep
|turn|102
|
|t:|1781181152
|switch|p2a: Dondozo|Dondozo, F|100/100 slp
|move|p1a: Alomomola|Mirror Coat||[still]
|-fail|p1a: Alomomola
|
|upkeep
|turn|103
|
|t:|1781181158
|move|p1a: Alomomola|Scald|p2a: Dondozo
|-resisted|p2a: Dondozo
|-damage|p2a: Dondozo|94/100 slp
|cant|p2a: Dondozo|slp
|move|p2a: Dondozo|Sleep Talk|p2a: Dondozo
|move|p2a: Dondozo|Wave Crash|p1a: Alomomola|[from] move: Sleep Talk
|-resisted|p1a: Alomomola
|-damage|p1a: Alomomola|84/100
|-damage|p2a: Dondozo|88/100 slp|[from] Recoil
|
|-end|p1a: Alomomola|move: Future Sight
|-damage|p1a: Alomomola|63/100
|-heal|p2a: Dondozo|94/100 slp|[from] item: Leftovers
|upkeep
|turn|104
|
|t:|1781181175
|switch|p1a: Dragonite|Dragonite, M, shiny|87/100
|cant|p2a: Dondozo|slp
|move|p2a: Dondozo|Sleep Talk|p2a: Dondozo
|move|p2a: Dondozo|Wave Crash|p1a: Dragonite|[from] move: Sleep Talk
|-resisted|p1a: Dragonite
|-damage|p1a: Dragonite|72/100
|-damage|p2a: Dondozo|91/100 slp|[from] Recoil
|
|-heal|p2a: Dondozo|97/100 slp|[from] item: Leftovers
|upkeep
|turn|105
|
|t:|1781181184
|switch|p1a: Alomomola|Alomomola, F, shiny|97/100
|-curestatus|p2a: Dondozo|slp|[msg]
|move|p2a: Dondozo|Body Press|p1a: Alomomola
|-damage|p1a: Alomomola|77/100
|
|-heal|p2a: Dondozo|100/100|[from] item: Leftovers
|upkeep
|turn|106
|inactive|OscarGamble has 120 seconds left.
|
|t:|1781181218
|switch|p1a: Dragonite|Dragonite, M, shiny|72/100
|move|p2a: Dondozo|Wave Crash|p1a: Dragonite
|-resisted|p1a: Dragonite
|-crit|p1a: Dragonite
|-damage|p1a: Dragonite|50/100
|-damage|p2a: Dondozo|95/100|[from] Recoil
|
|-heal|p2a: Dondozo|100/100|[from] item: Leftovers
|upkeep
|turn|107
|
|t:|1781181229
|switch|p1a: Alomomola|Alomomola, F, shiny|100/100
|switch|p2a: Slowking|Slowking-Galar, M|100/100 brn
|
|-damage|p2a: Slowking|94/100 brn|[from] brn
|upkeep
|turn|108
|
|t:|1781181238
|move|p1a: Alomomola|Flip Turn|p2a: Slowking
|-damage|p2a: Slowking|77/100 brn
|
|t:|1781181240
|switch|p1a: Iron Treads|Iron Treads, shiny|38/100|[from] Flip Turn
|move|p2a: Slowking|Future Sight|p1a: Iron Treads
|-start|p2a: Slowking|move: Future Sight
|
|-damage|p2a: Slowking|71/100 brn|[from] brn
|upkeep
|turn|109
|
|t:|1781181244
|switch|p2a: Dondozo|Dondozo, F|100/100
|move|p1a: Iron Treads|Earthquake|p2a: Dondozo
|-damage|p2a: Dondozo|74/100
|
|-heal|p2a: Dondozo|80/100|[from] item: Leftovers
|upkeep
|turn|110
|
|t:|1781181250
|-end|p1a: Iron Treads|Quark Drive|[silent]
|switch|p1a: Alomomola|Alomomola, F, shiny|100/100
|switch|p2a: Slowking|Slowking-Galar, M|100/100 brn
|
|-end|p1a: Alomomola|move: Future Sight
|-damage|p1a: Alomomola|78/100
|-damage|p2a: Slowking|94/100 brn|[from] brn
|upkeep
|turn|111
|
|t:|1781181258
|move|p2a: Slowking|Future Sight|p1a: Alomomola
|-start|p2a: Slowking|move: Future Sight
|move|p1a: Alomomola|Mirror Coat||[still]
|-fail|p1a: Alomomola
|
|-damage|p2a: Slowking|88/100 brn|[from] brn
|upkeep
|turn|112
|
|t:|1781181263
|move|p1a: Alomomola|Flip Turn|p2a: Slowking
|-crit|p2a: Slowking
|-damage|p2a: Slowking|61/100 brn
|
|t:|1781181267
|switch|p1a: Iron Treads|Iron Treads, shiny|38/100|[from] Flip Turn
|move|p2a: Slowking|Psyshock|p1a: Iron Treads
|-resisted|p1a: Iron Treads
|-damage|p1a: Iron Treads|24/100
|
|-damage|p2a: Slowking|55/100 brn|[from] brn
|upkeep
|turn|113
|
|t:|1781181271
|-end|p1a: Iron Treads|Quark Drive|[silent]
|switch|p1a: Alomomola|Alomomola, F, shiny|100/100
|switch|p2a: Dondozo|Dondozo, F|80/100
|
|-end|p1a: Alomomola|move: Future Sight
|-damage|p1a: Alomomola|77/100
|-heal|p2a: Dondozo|86/100|[from] item: Leftovers
|upkeep
|turn|114
|
|t:|1781181279
|switch|p1a: Dragonite|Dragonite, M, shiny|50/100
|switch|p2a: Slowking|Slowking-Galar, M|88/100 brn
|
|-damage|p2a: Slowking|82/100 brn|[from] brn
|upkeep
|turn|115
|
|t:|1781181285
|switch|p1a: Alomomola|Alomomola, F, shiny|100/100
|move|p2a: Slowking|Sludge Bomb|p1a: Alomomola
|-damage|p1a: Alomomola|82/100
|-status|p1a: Alomomola|psn
|
|-damage|p1a: Alomomola|70/100 psn|[from] psn
|-damage|p2a: Slowking|76/100 brn|[from] brn
|upkeep
|turn|116
|
|t:|1781181289
|move|p1a: Alomomola|Flip Turn|p2a: Slowking
|-damage|p2a: Slowking|60/100 brn
|
|t:|1781181293
|switch|p1a: Iron Treads|Iron Treads, shiny|24/100|[from] Flip Turn
|move|p2a: Slowking|Future Sight|p1a: Iron Treads
|-start|p2a: Slowking|move: Future Sight
|
|-damage|p2a: Slowking|54/100 brn|[from] brn
|upkeep
|turn|117
|
|t:|1781181305
|switch|p2a: Dondozo|Dondozo, F|86/100
|move|p1a: Iron Treads|Earthquake|p2a: Dondozo
|-damage|p2a: Dondozo|57/100
|
|-heal|p2a: Dondozo|63/100|[from] item: Leftovers
|upkeep
|turn|118
|
|t:|1781181311
|-end|p1a: Iron Treads|Quark Drive|[silent]
|switch|p1a: Alomomola|Alomomola, F, shiny|100/100 psn
|move|p2a: Dondozo|Body Press|p1a: Alomomola
|-damage|p1a: Alomomola|78/100 psn
|
|-end|p1a: Alomomola|move: Future Sight
|-damage|p1a: Alomomola|58/100 psn
|-heal|p2a: Dondozo|70/100|[from] item: Leftovers
|-damage|p1a: Alomomola|45/100 psn|[from] psn
|upkeep
|turn|119
|
|t:|1781181317
|switch|p2a: Slowking|Slowking-Galar, M|88/100 brn
|move|p1a: Alomomola|Flip Turn|p2a: Slowking
|-damage|p2a: Slowking|69/100 brn
|
|t:|1781181325
|switch|p1a: Iron Valiant|Iron Valiant, shiny, tera:Ghost|17/100|[from] Flip Turn
|
|-damage|p2a: Slowking|63/100 brn|[from] brn
|upkeep
|turn|120
|
|t:|1781181329
|move|p1a: Iron Valiant|Hex|p2a: Slowking
|-supereffective|p2a: Slowking
|-damage|p2a: Slowking|12/100 brn
|move|p2a: Slowking|Flamethrower|p1a: Iron Valiant
|-damage|p1a: Iron Valiant|0 fnt
|faint|p1a: Iron Valiant
|-end|p1a: Iron Valiant|Quark Drive|[silent]
|
|-damage|p2a: Slowking|6/100 brn|[from] brn
|upkeep
|
|t:|1781181344
|switch|p1a: Iron Treads|Iron Treads, shiny|24/100
|turn|121
|
|t:|1781181349
|switch|p2a: Dondozo|Dondozo, F|70/100
|move|p1a: Iron Treads|Earthquake|p2a: Dondozo
|-damage|p2a: Dondozo|42/100
|
|-heal|p2a: Dondozo|48/100|[from] item: Leftovers
|upkeep
|turn|122
|
|t:|1781181357
|-end|p1a: Iron Treads|Quark Drive|[silent]
|switch|p1a: Dragonite|Dragonite, M, shiny|50/100
|move|p2a: Dondozo|Rest|p2a: Dondozo
|-status|p2a: Dondozo|slp|[from] move: Rest
|-heal|p2a: Dondozo|100/100 slp|[silent]
|
|upkeep
|turn|123
|
|t:|1781181368
|switch|p1a: Alomomola|Alomomola, F, shiny|79/100 psn
|switch|p2a: Slowking|Slowking-Galar, M|39/100 brn
|
|-damage|p1a: Alomomola|66/100 psn|[from] psn
|-damage|p2a: Slowking|33/100 brn|[from] brn
|upkeep
|turn|124
|
|t:|1781181378
|switch|p1a: Iron Treads|Iron Treads, shiny|24/100
|switch|p2a: Dondozo|Dondozo, F|100/100 slp
|
|upkeep
|turn|125
|-message|OscarGamble forfeited.
|
|win|KurisuChestnutOU
|raw|OscarGamble's rating: 1547 &rarr; <strong>1526</strong><br />(-21 for losing)
|raw|KurisuChestnutOU's rating: 1532 &rarr; <strong>1553</strong><br />(+21 for winning)
|l|☆OscarGamble
|player|p1|
