|j|☆rizz of reko
|j|☆talveznao
|t:|1781462672
|gametype|singles
|player|p1|rizz of reko|cheren-gen5bw2|1590
|player|p2|talveznao|evelyn|1545
|gen|9
|tier|[Gen 9] OU
|rated|
|rule|HP Percentage Mod: HP is shown in percentages
|rule|Endless Battle Clause: Forcing endless battles is banned
|rule|Species Clause: Limit one of each Pokémon
|rule|OHKO Clause: OHKO moves are banned
|rule|Evasion Items Clause: Evasion items are banned
|rule|Evasion Moves Clause: Evasion moves are banned
|rule|Evasion Abilities Clause: Evasion abilities are banned
|rule|Sleep Moves Clause: Sleep-inducing moves are banned
|clearpoke
|poke|p1|Gholdengo|
|poke|p1|Great Tusk|
|poke|p1|Ogerpon-Wellspring, F|
|poke|p1|Dragonite, M|
|poke|p1|Moltres|
|poke|p1|Ting-Lu|
|poke|p2|Ogerpon-Wellspring, F|
|poke|p2|Kingambit, M|
|poke|p2|Glimmora, F|
|poke|p2|Iron Valiant|
|poke|p2|Deoxys-Speed|
|poke|p2|Great Tusk|
|teampreview
|inactive|Battle timer is ON: inactive players will automatically lose when time's up. (requested by talveznao)
|
|t:|1781462695
|teamsize|p1|6
|teamsize|p2|6
|start
|switch|p1a: Gholdengo|Gholdengo|100/100
|switch|p2a: Deoxys|Deoxys-Speed|100/100
|-ability|p2a: Deoxys|Pressure
|-item|p1a: Gholdengo|Air Balloon
|turn|1
|
|t:|1781462704
|move|p2a: Deoxys|Light Screen|p2a: Deoxys
|-sidestart|p2: talveznao|move: Light Screen
|move|p1a: Gholdengo|Shadow Ball|p2a: Deoxys
|-supereffective|p2a: Deoxys
|-damage|p2a: Deoxys|50/100
|
|upkeep
|turn|2
|
|t:|1781462718
|switch|p2a: Kingambit|Kingambit, M|100/100
|-item|p2a: Kingambit|Air Balloon
|move|p1a: Gholdengo|Shadow Ball|p2a: Kingambit
|-resisted|p2a: Kingambit
|-damage|p2a: Kingambit|91/100
|-unboost|p2a: Kingambit|spd|1
|-enditem|p2a: Kingambit|Air Balloon
|
|upkeep
|turn|3
|
|t:|1781462727
|switch|p1a: Moltres|Moltres, shiny|100/100
|move|p2a: Kingambit|Kowtow Cleave|p1a: Moltres
|-damage|p1a: Moltres|55/100
|
|upkeep
|turn|4
|
|t:|1781462734
|-end|p2a: Kingambit|fallenundefined|[silent]
|switch|p2a: Glimmora|Glimmora, F|100/100
|move|p1a: Moltres|Will-O-Wisp|p2a: Glimmora|[miss]
|-miss|p1a: Moltres|p2a: Glimmora
|
|upkeep
|turn|5
|inactive|talveznao has 120 seconds left.
|inactive|talveznao has 90 seconds left.
|
|t:|1781462813
|switch|p1a: Ting-Lu|Ting-Lu|100/100
|-ability|p1a: Ting-Lu|Vessel of Ruin
|move|p2a: Glimmora|Meteor Beam||[still]
|-prepare|p2a: Glimmora|Meteor Beam
|-boost|p2a: Glimmora|spa|1
|-enditem|p2a: Glimmora|Power Herb
|-anim|p2a: Glimmora|Meteor Beam|p1a: Ting-Lu
|-resisted|p1a: Ting-Lu
|-damage|p1a: Ting-Lu|73/100
|
|-heal|p1a: Ting-Lu|80/100|[from] item: Leftovers
|upkeep
|turn|6
|
|t:|1781462825
|move|p2a: Glimmora|Stealth Rock|p1a: Ting-Lu
|-sidestart|p1: rizz of reko|move: Stealth Rock
|move|p1a: Ting-Lu|Whirlwind|p2a: Glimmora
|drag|p2a: Great Tusk|Great Tusk|100/100
|-enditem|p2a: Great Tusk|Booster Energy
|-activate|p2a: Great Tusk|ability: Protosynthesis|[fromitem]
|-start|p2a: Great Tusk|protosynthesisspe
|
|-heal|p1a: Ting-Lu|86/100|[from] item: Leftovers
|upkeep
|turn|7
|inactive|talveznao has 90 seconds left.
|
|t:|1781462831
|move|p2a: Great Tusk|Close Combat|p1a: Ting-Lu
|-supereffective|p1a: Ting-Lu
|-damage|p1a: Ting-Lu|46/100
|-unboost|p2a: Great Tusk|def|1
|-unboost|p2a: Great Tusk|spd|1
|move|p1a: Ting-Lu|Stealth Rock|p2a: Great Tusk
|-sidestart|p2: talveznao|move: Stealth Rock
|
|-heal|p1a: Ting-Lu|52/100|[from] item: Leftovers
|upkeep
|turn|8
|
|t:|1781462837
|move|p2a: Great Tusk|Close Combat|p1a: Ting-Lu
|-supereffective|p1a: Ting-Lu
|-damage|p1a: Ting-Lu|11/100
|-unboost|p2a: Great Tusk|def|1
|-unboost|p2a: Great Tusk|spd|1
|move|p1a: Ting-Lu|Ruination|p2a: Great Tusk
|-damage|p2a: Great Tusk|50/100
|
|-heal|p1a: Ting-Lu|17/100|[from] item: Leftovers
|-sideend|p2: talveznao|move: Light Screen
|upkeep
|turn|9
|
|t:|1781462845
|switch|p1a: Moltres|Moltres, shiny|55/100
|move|p2a: Great Tusk|Ice Spinner|p1a: Moltres
|-damage|p1a: Moltres|34/100
|-status|p2a: Great Tusk|brn|[from] ability: Flame Body|[of] p1a: Moltres
|
|-damage|p2a: Great Tusk|44/100 brn|[from] brn
|upkeep
|turn|10
|
|t:|1781462873
|move|p2a: Great Tusk|Bulk Up|p2a: Great Tusk
|-boost|p2a: Great Tusk|atk|1
|-boost|p2a: Great Tusk|def|1
|move|p1a: Moltres|Roost|p1a: Moltres
|-heal|p1a: Moltres|84/100
|-singleturn|p1a: Moltres|move: Roost
|
|-damage|p2a: Great Tusk|38/100 brn|[from] brn
|upkeep
|turn|11
|
|t:|1781462877
|move|p2a: Great Tusk|Ice Spinner|p1a: Moltres
|-damage|p1a: Moltres|67/100
|move|p1a: Moltres|Flamethrower|p2a: Great Tusk
|-damage|p2a: Great Tusk|0 fnt
|faint|p2a: Great Tusk
|-end|p2a: Great Tusk|Protosynthesis|[silent]
|
|upkeep
|
|t:|1781462882
|switch|p2a: Glimmora|Glimmora, F|100/100
|-damage|p2a: Glimmora|88/100|[from] Stealth Rock
|turn|12
|
|t:|1781462889
|switch|p1a: Gholdengo|Gholdengo|100/100
|-damage|p1a: Gholdengo|94/100|[from] Stealth Rock
|-item|p1a: Gholdengo|Air Balloon
|move|p2a: Glimmora|Meteor Beam||[still]
|-prepare|p2a: Glimmora|Meteor Beam
|-boost|p2a: Glimmora|spa|1
|
|upkeep
|turn|13
|
|t:|1781462898
|move|p2a: Glimmora|Meteor Beam|p1a: Gholdengo|[from] lockedmove
|-resisted|p1a: Gholdengo
|-damage|p1a: Gholdengo|42/100
|-enditem|p1a: Gholdengo|Air Balloon
|move|p1a: Gholdengo|Make It Rain|p2a: Glimmora
|-supereffective|p2a: Glimmora
|-damage|p2a: Glimmora|0 fnt
|-unboost|p1a: Gholdengo|spa|1
|faint|p2a: Glimmora
|
|upkeep
|
|t:|1781462904
|switch|p2a: Ogerpon|Ogerpon-Wellspring, F|100/100
|-damage|p2a: Ogerpon|88/100|[from] Stealth Rock
|turn|14
|
|t:|1781462912
|switch|p1a: Moltres|Moltres, shiny|67/100
|move|p2a: Ogerpon|Swords Dance|p2a: Ogerpon
|-boost|p2a: Ogerpon|atk|2
|
|upkeep
|turn|15
|
|t:|1781462930
|switch|p1a: Ogerpon|Ogerpon-Wellspring, F|100/100
|-damage|p1a: Ogerpon|88/100|[from] Stealth Rock
|move|p2a: Ogerpon|Ivy Cudgel|p1a: Ogerpon|[anim] Ivy Cudgel Water
|-heal|p1a: Ogerpon|100/100|[from] ability: Water Absorb|[of] p2a: Ogerpon
|
|upkeep
|turn|16
|
|t:|1781462934
|move|p2a: Ogerpon|Horn Leech|p1a: Ogerpon
|-damage|p1a: Ogerpon|0 fnt
|-heal|p2a: Ogerpon|100/100|[from] drain|[of] p1a: Ogerpon
|faint|p1a: Ogerpon
|
|upkeep
|
|t:|1781462942
|switch|p1a: Moltres|Moltres, shiny|67/100
|turn|17
|
|t:|1781462952
|-terastallize|p1a: Moltres|Grass
|move|p2a: Ogerpon|Ivy Cudgel|p1a: Moltres|[anim] Ivy Cudgel Water
|-resisted|p1a: Moltres
|-damage|p1a: Moltres|13/100
|move|p1a: Moltres|Will-O-Wisp|p2a: Ogerpon|[miss]
|-miss|p1a: Moltres|p2a: Ogerpon
|
|upkeep
|turn|18
|
|t:|1781462963
|switch|p1a: Ting-Lu|Ting-Lu|17/100
|-damage|p1a: Ting-Lu|11/100|[from] Stealth Rock
|-ability|p1a: Ting-Lu|Vessel of Ruin
|move|p2a: Ogerpon|Ivy Cudgel|p1a: Ting-Lu|[anim] Ivy Cudgel Water
|-supereffective|p1a: Ting-Lu
|-damage|p1a: Ting-Lu|0 fnt
|faint|p1a: Ting-Lu
|
|upkeep
|
|t:|1781462970
|switch|p1a: Dragonite|Dragonite, M, shiny|100/100
|-damage|p1a: Dragonite|76/100|[from] Stealth Rock
|turn|19
|
|t:|1781462993
|move|p2a: Ogerpon|Play Rough|p1a: Dragonite
|-supereffective|p1a: Dragonite
|-damage|p1a: Dragonite|0 fnt
|faint|p1a: Dragonite
|
|upkeep
|-message|rizz of reko forfeited.
|
|win|talveznao
|raw|rizz of reko's rating: 1590 &rarr; <strong>1567</strong><br />(-23 for losing)
|raw|talveznao's rating: 1545 &rarr; <strong>1568</strong><br />(+23 for winning)
|l|☆rizz of reko
|player|p1|
