|j|☆BlackStar150520
|j|‽oathusishere
|t:|1781365418
|gametype|singles
|player|p1|BlackStar150520|unknown|1702
|player|p2|oathusishere|artistf-gen6|1724
|gen|9
|tier|[Gen 9] OU
|rated|
|rule|HP Percentage Mod: HP is shown in percentages
|rule|Endless Battle Clause: Forcing endless battles is banned
|rule|Species Clause: Limit one of each Pokémon
|rule|OHKO Clause: OHKO moves are banned
|rule|Evasion Items Clause: Evasion items are banned
|rule|Evasion Moves Clause: Evasion moves are banned
|rule|Evasion Abilities Clause: Evasion abilities are banned
|rule|Sleep Moves Clause: Sleep-inducing moves are banned
|clearpoke
|poke|p1|Great Tusk|
|poke|p1|Samurott-Hisui, M|
|poke|p1|Dragapult, F|
|poke|p1|Raging Bolt|
|poke|p1|Kingambit, M|
|poke|p1|Heatran, M|
|poke|p2|Gardevoir, M|
|poke|p2|Rillaboom, M|
|poke|p2|Iron Crown|
|poke|p2|Great Tusk|
|poke|p2|Glimmora, F|
|poke|p2|Iron Jugulis|
|teampreview
|inactive|Battle timer is ON: inactive players will automatically lose when time's up. (requested by BlackStar150520)
|inactive|oathusishere also wants the timer to be on.
|
|t:|1781365426
|teamsize|p1|6
|teamsize|p2|6
|start
|switch|p1a: Zanpakuto|Samurott-Hisui, M|100/100
|switch|p2a: Rillaboom|Rillaboom, M|100/100
|-fieldstart|move: Grassy Terrain|[from] ability: Grassy Surge|[of] p2a: Rillaboom
|turn|1
|
|t:|1781365443
|switch|p1a: ⚡️|Raging Bolt|100/100
|move|p2a: Rillaboom|U-turn|p1a: ⚡️
|-damage|p1a: ⚡️|78/100
|
|t:|1781365453
|switch|p2a: Glimmora|Glimmora, F|100/100|[from] U-turn
|
|-heal|p1a: ⚡️|84/100|[from] Grassy Terrain
|-heal|p1a: ⚡️|90/100|[from] item: Leftovers
|upkeep
|turn|2
|
|t:|1781365462
|-end|p1a: ⚡️|Protosynthesis|[silent]
|switch|p1a: Zanpakuto|Samurott-Hisui, M|100/100
|move|p2a: Glimmora|Meteor Beam||[still]
|-prepare|p2a: Glimmora|Meteor Beam
|-boost|p2a: Glimmora|spa|1
|-enditem|p2a: Glimmora|Power Herb
|-anim|p2a: Glimmora|Meteor Beam|p1a: Zanpakuto
|-damage|p1a: Zanpakuto|0 fnt
|faint|p1a: Zanpakuto
|
|upkeep
|
|t:|1781365468
|switch|p1a: Mega Donphan|Great Tusk|100/100
|turn|3
|
|t:|1781365473
|move|p1a: Mega Donphan|Headlong Rush|p2a: Glimmora
|-supereffective|p2a: Glimmora
|-damage|p2a: Glimmora|0 fnt
|-unboost|p1a: Mega Donphan|def|1
|-unboost|p1a: Mega Donphan|spd|1
|-activate|p2a: Glimmora|ability: Toxic Debris
|-sidestart|p1: BlackStar150520|move: Toxic Spikes
|faint|p2a: Glimmora
|
|upkeep
|
|t:|1781365475
|switch|p2a: Iron Jugulis|Iron Jugulis|100/100
|-enditem|p2a: Iron Jugulis|Booster Energy
|-activate|p2a: Iron Jugulis|ability: Quark Drive|[fromitem]
|-start|p2a: Iron Jugulis|quarkdrivespe
|turn|4
|
|t:|1781365481
|-end|p1a: Mega Donphan|Protosynthesis|[silent]
|switch|p1a: ❤️‍🔥|Heatran, M, shiny|100/100
|move|p2a: Iron Jugulis|Hurricane|p1a: ❤️‍🔥
|-resisted|p1a: ❤️‍🔥
|-damage|p1a: ❤️‍🔥|78/100
|-start|p1a: ❤️‍🔥|confusion
|
|-heal|p1a: ❤️‍🔥|85/100|[from] Grassy Terrain
|-heal|p1a: ❤️‍🔥|91/100|[from] item: Leftovers
|upkeep
|turn|5
|
|t:|1781365490
|-activate|p1a: ❤️‍🔥|confusion
|move|p1a: ❤️‍🔥|Protect|p1a: ❤️‍🔥
|-singleturn|p1a: ❤️‍🔥|Protect
|move|p2a: Iron Jugulis|Earth Power|p1a: ❤️‍🔥
|-activate|p1a: ❤️‍🔥|move: Protect
|
|-heal|p1a: ❤️‍🔥|97/100|[from] Grassy Terrain
|-heal|p1a: ❤️‍🔥|100/100|[from] item: Leftovers
|upkeep
|turn|6
|
|t:|1781365497
|move|p2a: Iron Jugulis|Earth Power|p1a: ❤️‍🔥
|-supereffective|p1a: ❤️‍🔥
|-damage|p1a: ❤️‍🔥|0 fnt
|faint|p1a: ❤️‍🔥
|
|upkeep
|
|t:|1781365502
|switch|p1a: Sosuke Aizen🗡️|Kingambit, M, shiny|100/100
|-activate|p1a: Sosuke Aizen🗡️|ability: Supreme Overlord
|-start|p1a: Sosuke Aizen🗡️|fallen2|[silent]
|turn|7
|j| fmn027
|
|t:|1781365505
|move|p2a: Iron Jugulis|Earth Power|p1a: Sosuke Aizen🗡️
|-supereffective|p1a: Sosuke Aizen🗡️
|-damage|p1a: Sosuke Aizen🗡️|37/100
|move|p1a: Sosuke Aizen🗡️|Iron Head|p2a: Iron Jugulis
|-damage|p2a: Iron Jugulis|32/100
|
|-heal|p1a: Sosuke Aizen🗡️|43/100|[from] Grassy Terrain
|-heal|p1a: Sosuke Aizen🗡️|49/100|[from] item: Leftovers
|upkeep
|turn|8
|
|t:|1781365508
|move|p1a: Sosuke Aizen🗡️|Sucker Punch|p2a: Iron Jugulis
|-resisted|p2a: Iron Jugulis
|-damage|p2a: Iron Jugulis|2/100
|move|p2a: Iron Jugulis|Earth Power|p1a: Sosuke Aizen🗡️
|-supereffective|p1a: Sosuke Aizen🗡️
|-damage|p1a: Sosuke Aizen🗡️|0 fnt
|faint|p1a: Sosuke Aizen🗡️
|-end|p1a: Sosuke Aizen🗡️|fallen2|[silent]
|
|-fieldend|move: Grassy Terrain
|upkeep
|
|t:|1781365514
|switch|p1a: Mega Donphan|Great Tusk|100/100
|turn|9
|
|t:|1781365519
|move|p2a: Iron Jugulis|Hurricane|p1a: Mega Donphan|[miss]
|-miss|p2a: Iron Jugulis|p1a: Mega Donphan
|move|p1a: Mega Donphan|Stealth Rock|p2a: Iron Jugulis
|-sidestart|p2: oathusishere|move: Stealth Rock
|
|upkeep
|turn|10
|
|t:|1781365525
|-terastallize|p1a: Mega Donphan|Steel
|move|p2a: Iron Jugulis|Hurricane|p1a: Mega Donphan
|-resisted|p1a: Mega Donphan
|-damage|p1a: Mega Donphan|56/100
|-start|p1a: Mega Donphan|confusion
|-activate|p1a: Mega Donphan|confusion
|-damage|p1a: Mega Donphan|45/100|[from] confusion
|
|upkeep
|turn|11
|-message|BlackStar150520 forfeited.
|
|win|oathusishere
|raw|BlackStar150520's rating: 1702 &rarr; <strong>1683</strong><br />(-19 for losing)
|raw|oathusishere's rating: 1724 &rarr; <strong>1743</strong><br />(+19 for winning)
|l|☆BlackStar150520
|player|p1|
|l| fmn027
