|badge|p1|bronze|gen9ubers|100-9
|uhtml|medal-msg|<div class="broadcast-blue">Curious what those medals under the avatar are? PS now has Ladder Seasons! For more information, check out the <a href="https://www.smogon.com/forums/threads/3740067/">thread on Smogon.</a></div>
|j|☆goodnightnite
|j|☆spidawida07
|t:|1780898235
|gametype|singles
|player|p1|goodnightnite|miku-water|1656
|player|p2|spidawida07|266|1596
|gen|9
|tier|[Gen 9] OU
|rated|
|rule|HP Percentage Mod: HP is shown in percentages
|rule|Endless Battle Clause: Forcing endless battles is banned
|rule|Species Clause: Limit one of each Pokémon
|rule|OHKO Clause: OHKO moves are banned
|rule|Evasion Items Clause: Evasion items are banned
|rule|Evasion Moves Clause: Evasion moves are banned
|rule|Evasion Abilities Clause: Evasion abilities are banned
|rule|Sleep Moves Clause: Sleep-inducing moves are banned
|clearpoke
|poke|p1|Primarina, M|
|poke|p1|Zamazenta-*|
|poke|p1|Gholdengo|
|poke|p1|Rillaboom, M|
|poke|p1|Glimmora, M|
|poke|p1|Hydreigon, M|
|poke|p2|Kingambit, F|
|poke|p2|Kommo-o, F|
|poke|p2|Iron Valiant|
|poke|p2|Kyurem|
|poke|p2|Iron Treads|
|poke|p2|Iron Crown|
|teampreview
|inactive|Battle timer is ON: inactive players will automatically lose when time's up. (requested by goodnightnite)
|
|t:|1780898243
|teamsize|p1|6
|teamsize|p2|6
|start
|switch|p1a: Celestine|Primarina, M, shiny|100/100
|switch|p2a: Iron Treads|Iron Treads, shiny|100/100
|-enditem|p2a: Iron Treads|Booster Energy
|-activate|p2a: Iron Treads|ability: Quark Drive|[fromitem]
|-start|p2a: Iron Treads|quarkdrivespe
|turn|1
|
|t:|1780898247
|move|p2a: Iron Treads|Stealth Rock|p1a: Celestine
|-sidestart|p1: goodnightnite|move: Stealth Rock
|move|p1a: Celestine|Psychic Noise|p2a: Iron Treads
|-supereffective|p2a: Iron Treads
|-crit|p2a: Iron Treads
|-damage|p2a: Iron Treads|0 fnt
|faint|p2a: Iron Treads
|-end|p2a: Iron Treads|Quark Drive|[silent]
|
|upkeep
|
|t:|1780898265
|switch|p2a: Iron Crown|Iron Crown|100/100
|-enditem|p2a: Iron Crown|Booster Energy
|-activate|p2a: Iron Crown|ability: Quark Drive|[fromitem]
|-start|p2a: Iron Crown|quarkdrivespe
|turn|2
|
|t:|1780898271
|move|p2a: Iron Crown|Tachyon Cutter|p1a: Celestine
|-damage|p1a: Celestine|88/100
|-damage|p1a: Celestine|74/100
|-hitcount|p1a: Celestine|2
|move|p1a: Celestine|Flip Turn|p2a: Iron Crown
|-damage|p2a: Iron Crown|87/100
|
|t:|1780898279
|switch|p1a: Hybrid|Hydreigon, M, shiny|100/100|[from] Flip Turn
|-damage|p1a: Hybrid|88/100|[from] Stealth Rock
|
|upkeep
|turn|3
|
|t:|1780898285
|move|p2a: Iron Crown|Focus Blast|p1a: Hybrid|[miss]
|-miss|p2a: Iron Crown|p1a: Hybrid
|move|p1a: Hybrid|Dark Pulse|p2a: Iron Crown
|-supereffective|p2a: Iron Crown
|-damage|p2a: Iron Crown|0 fnt
|faint|p2a: Iron Crown
|-end|p2a: Iron Crown|Quark Drive|[silent]
|
|upkeep
|
|t:|1780898299
|switch|p2a: Iron Valiant|Iron Valiant, shiny|100/100
|-enditem|p2a: Iron Valiant|Booster Energy
|-activate|p2a: Iron Valiant|ability: Quark Drive|[fromitem]
|-start|p2a: Iron Valiant|quarkdrivespe
|turn|4
|
|t:|1780898312
|switch|p1a: Bullet|Glimmora, M, shiny|100/100
|-damage|p1a: Bullet|88/100|[from] Stealth Rock
|move|p2a: Iron Valiant|Moonblast|p1a: Bullet
|-resisted|p1a: Bullet
|-damage|p1a: Bullet|62/100
|-enditem|p1a: Bullet|Red Card|[of] p2a: Iron Valiant
|-end|p2a: Iron Valiant|Quark Drive|[silent]
|drag|p2a: Kingambit|Kingambit, F|100/100
|-activate|p2a: Kingambit|ability: Supreme Overlord
|-start|p2a: Kingambit|fallen2|[silent]
|
|upkeep
|turn|5
|j| Eepsilon
|l| Eepsilon
|
|t:|1780898319
|move|p1a: Bullet|Stealth Rock|p2a: Kingambit
|-sidestart|p2: spidawida07|move: Stealth Rock
|move|p2a: Kingambit|Iron Head|p1a: Bullet
|-supereffective|p1a: Bullet
|-damage|p1a: Bullet|0 fnt
|-activate|p1a: Bullet|ability: Toxic Debris
|-sidestart|p2: spidawida07|move: Toxic Spikes
|faint|p1a: Bullet
|
|upkeep
|j| Eepsilon
|
|t:|1780898329
|switch|p1a: Trojan|Zamazenta, shiny|100/100
|-damage|p1a: Trojan|94/100|[from] Stealth Rock
|-ability|p1a: Trojan|Dauntless Shield|boost
|-boost|p1a: Trojan|def|1
|turn|6
|j| babyshark974
|
|t:|1780898354
|-end|p2a: Kingambit|fallen2|[silent]
|switch|p2a: Iron Valiant|Iron Valiant, shiny|100/100
|-damage|p2a: Iron Valiant|94/100|[from] Stealth Rock
|-status|p2a: Iron Valiant|psn
|move|p1a: Trojan|Iron Defense|p1a: Trojan
|-boost|p1a: Trojan|def|2
|
|-heal|p1a: Trojan|100/100|[from] item: Leftovers
|-damage|p2a: Iron Valiant|82/100 psn|[from] psn
|upkeep
|turn|7
|
|t:|1780898364
|move|p1a: Trojan|Substitute|p1a: Trojan
|-start|p1a: Trojan|Substitute
|-damage|p1a: Trojan|76/100
|move|p2a: Iron Valiant|Moonblast|p1a: Trojan
|-supereffective|p1a: Trojan
|-crit|p1a: Trojan
|-end|p1a: Trojan|Substitute
|
|-heal|p1a: Trojan|82/100|[from] item: Leftovers
|-damage|p2a: Iron Valiant|69/100 psn|[from] psn
|upkeep
|turn|8
|
|t:|1780898374
|move|p1a: Trojan|Substitute|p1a: Trojan
|-start|p1a: Trojan|Substitute
|-damage|p1a: Trojan|57/100
|move|p2a: Iron Valiant|Moonblast|p1a: Trojan
|-supereffective|p1a: Trojan
|-end|p1a: Trojan|Substitute
|
|-heal|p1a: Trojan|63/100|[from] item: Leftovers
|-damage|p2a: Iron Valiant|57/100 psn|[from] psn
|upkeep
|turn|9
|
|t:|1780898380
|move|p1a: Trojan|Substitute|p1a: Trojan
|-start|p1a: Trojan|Substitute
|-damage|p1a: Trojan|38/100
|move|p2a: Iron Valiant|Moonblast|p1a: Trojan
|-supereffective|p1a: Trojan
|-end|p1a: Trojan|Substitute
|
|-heal|p1a: Trojan|45/100|[from] item: Leftovers
|-damage|p2a: Iron Valiant|44/100 psn|[from] psn
|upkeep
|turn|10
|
|t:|1780898383
|move|p1a: Trojan|Body Press|p2a: Iron Valiant
|-resisted|p2a: Iron Valiant
|-damage|p2a: Iron Valiant|0 fnt
|faint|p2a: Iron Valiant
|-end|p2a: Iron Valiant|Quark Drive|[silent]
|
|-heal|p1a: Trojan|51/100|[from] item: Leftovers
|upkeep
|
|t:|1780898396
|switch|p2a: Kommo-o|Kommo-o, F, shiny|100/100
|-damage|p2a: Kommo-o|94/100|[from] Stealth Rock
|-status|p2a: Kommo-o|psn
|turn|11
|
|t:|1780898407
|move|p1a: Trojan|Body Press|p2a: Kommo-o
|-damage|p2a: Kommo-o|30/100 psn
|move|p2a: Kommo-o|Clangorous Soul||[still]
|-fail|p2a: Kommo-o
|
|-heal|p1a: Trojan|57/100|[from] item: Leftovers
|-heal|p2a: Kommo-o|37/100 psn|[from] item: Leftovers
|-damage|p2a: Kommo-o|24/100 psn|[from] psn
|upkeep
|turn|12
|
|t:|1780898414
|move|p1a: Trojan|Body Press|p2a: Kommo-o
|-damage|p2a: Kommo-o|0 fnt
|faint|p2a: Kommo-o
|
|-heal|p1a: Trojan|63/100|[from] item: Leftovers
|upkeep
|
|t:|1780898420
|switch|p2a: Kyurem|Kyurem, shiny|100/100
|-damage|p2a: Kyurem|76/100|[from] Stealth Rock
|-status|p2a: Kyurem|psn
|-ability|p2a: Kyurem|Pressure
|turn|13
|
|t:|1780898424
|move|p1a: Trojan|Body Press|p2a: Kyurem
|-supereffective|p2a: Kyurem
|-damage|p2a: Kyurem|0 fnt
|faint|p2a: Kyurem
|
|-heal|p1a: Trojan|69/100|[from] item: Leftovers
|upkeep
|
|t:|1780898426
|switch|p2a: Kingambit|Kingambit, F|100/100
|-damage|p2a: Kingambit|94/100|[from] Stealth Rock
|-activate|p2a: Kingambit|ability: Supreme Overlord
|-start|p2a: Kingambit|fallen5|[silent]
|turn|14
|
|t:|1780898431
|-terastallize|p2a: Kingambit|Ghost
|move|p1a: Trojan|Iron Defense|p1a: Trojan
|-boost|p1a: Trojan|def|2
|move|p2a: Kingambit|Swords Dance|p2a: Kingambit
|-boost|p2a: Kingambit|atk|2
|
|-heal|p1a: Trojan|76/100|[from] item: Leftovers
|-heal|p2a: Kingambit|100/100|[from] item: Leftovers
|upkeep
|turn|15
|
|t:|1780898436
|move|p1a: Trojan|Crunch|p2a: Kingambit
|-supereffective|p2a: Kingambit
|-damage|p2a: Kingambit|62/100
|move|p2a: Kingambit|Swords Dance|p2a: Kingambit
|-boost|p2a: Kingambit|atk|2
|
|-heal|p1a: Trojan|82/100|[from] item: Leftovers
|-heal|p2a: Kingambit|68/100|[from] item: Leftovers
|upkeep
|turn|16
|
|t:|1780898442
|move|p1a: Trojan|Crunch|p2a: Kingambit
|-supereffective|p2a: Kingambit
|-damage|p2a: Kingambit|29/100
|move|p2a: Kingambit|Low Kick|p1a: Trojan
|-damage|p1a: Trojan|35/100
|
|-heal|p1a: Trojan|41/100|[from] item: Leftovers
|-heal|p2a: Kingambit|35/100|[from] item: Leftovers
|upkeep
|turn|17
|
|t:|1780898451
|move|p2a: Kingambit|Sucker Punch|p1a: Trojan
|-resisted|p1a: Trojan
|-damage|p1a: Trojan|20/100
|move|p1a: Trojan|Crunch|p2a: Kingambit
|-supereffective|p2a: Kingambit
|-damage|p2a: Kingambit|0 fnt
|faint|p2a: Kingambit
|-end|p2a: Kingambit|fallen5|[silent]
|
|win|goodnightnite
|raw|goodnightnite's rating: 1656 &rarr; <strong>1673</strong><br />(+17 for winning)
|raw|spidawida07's rating: 1596 &rarr; <strong>1579</strong><br />(-17 for losing)
|l|☆spidawida07
|player|p2|
|l| babyshark974
|l| Eepsilon
