|j|☆GarhamSandich
|j|☆shams713
|t:|1781471146
|gametype|singles
|player|p1|GarhamSandich|skierf|1618
|player|p2|shams713|102|1547
|gen|9
|tier|[Gen 9] OU
|rated|
|rule|HP Percentage Mod: HP is shown in percentages
|rule|Endless Battle Clause: Forcing endless battles is banned
|rule|Species Clause: Limit one of each Pokémon
|rule|OHKO Clause: OHKO moves are banned
|rule|Evasion Items Clause: Evasion items are banned
|rule|Evasion Moves Clause: Evasion moves are banned
|rule|Evasion Abilities Clause: Evasion abilities are banned
|rule|Sleep Moves Clause: Sleep-inducing moves are banned
|clearpoke
|poke|p1|Gliscor, F|
|poke|p1|Ogerpon, F|
|poke|p1|Gholdengo|
|poke|p1|Clefable, M|
|poke|p1|Walking Wake|
|poke|p1|Iron Crown|
|poke|p2|Dragonite, M|
|poke|p2|Clefable, M|
|poke|p2|Samurott-Hisui, M|
|poke|p2|Gholdengo|
|poke|p2|Zamazenta-*|
|poke|p2|Gliscor, F|
|teampreview
|inactive|Battle timer is ON: inactive players will automatically lose when time's up. (requested by shams713)
|
|t:|1781471162
|teamsize|p1|6
|teamsize|p2|6
|start
|switch|p1a: Clefable|Clefable, M|100/100
|switch|p2a: Samurott|Samurott-Hisui, M|100/100
|turn|1
|
|t:|1781471171
|switch|p2a: Clefable|Clefable, M|100/100
|move|p1a: Clefable|Stealth Rock|p2a: Clefable
|-sidestart|p2: shams713|move: Stealth Rock
|
|upkeep
|turn|2
|
|t:|1781471181
|switch|p1a: Gliscor|Gliscor, F|100/100
|move|p2a: Clefable|Knock Off|p1a: Gliscor
|-damage|p1a: Gliscor|89/100
|-enditem|p1a: Gliscor|Toxic Orb|[from] move: Knock Off|[of] p2a: Clefable
|
|upkeep
|turn|3
|
|t:|1781471188
|move|p1a: Gliscor|Knock Off|p2a: Clefable
|-resisted|p2a: Clefable
|-damage|p2a: Clefable|93/100
|-damage|p1a: Gliscor|72/100|[from] item: Rocky Helmet|[of] p2a: Clefable
|-enditem|p2a: Clefable|Rocky Helmet|[from] move: Knock Off|[of] p1a: Gliscor
|move|p2a: Clefable|Stealth Rock|p1a: Gliscor
|-sidestart|p1: GarhamSandich|move: Stealth Rock
|
|upkeep
|turn|4
|
|t:|1781471195
|move|p1a: Gliscor|Spikes|p2a: Clefable
|-sidestart|p2: shams713|Spikes
|move|p2a: Clefable|Moonblast|p1a: Gliscor
|-damage|p1a: Gliscor|44/100
|-unboost|p1a: Gliscor|spa|1
|
|upkeep
|turn|5
|
|t:|1781471205
|switch|p1a: Clefable|Clefable, M|100/100
|switch|p2a: Samurott|Samurott-Hisui, M|100/100
|-damage|p2a: Samurott|88/100|[from] Stealth Rock
|-damage|p2a: Samurott|76/100|[from] Spikes
|
|upkeep
|turn|6
|
|t:|1781471212
|switch|p2a: Clefable|Clefable, M|93/100
|move|p1a: Clefable|Moonblast|p2a: Clefable
|-damage|p2a: Clefable|61/100
|
|upkeep
|turn|7
|
|t:|1781471217
|move|p2a: Clefable|Knock Off|p1a: Clefable
|-resisted|p1a: Clefable
|-damage|p1a: Clefable|95/100
|-enditem|p1a: Clefable|Leftovers|[from] move: Knock Off|[of] p2a: Clefable
|move|p1a: Clefable|Moonblast|p2a: Clefable
|-damage|p2a: Clefable|32/100
|
|upkeep
|turn|8
|
|t:|1781471223
|switch|p1a: Gholdengo|Gholdengo|100/100
|-damage|p1a: Gholdengo|94/100|[from] Stealth Rock
|-item|p1a: Gholdengo|Air Balloon
|move|p2a: Clefable|Moonlight|p2a: Clefable
|-heal|p2a: Clefable|82/100
|
|upkeep
|turn|9
|
|t:|1781471232
|switch|p2a: Samurott|Samurott-Hisui, M|76/100
|-damage|p2a: Samurott|63/100|[from] Stealth Rock
|-damage|p2a: Samurott|51/100|[from] Spikes
|move|p1a: Gholdengo|Thunder Wave|p2a: Samurott
|-status|p2a: Samurott|par
|
|upkeep
|turn|10
|
|t:|1781471237
|switch|p1a: Clefable|Clefable, M|95/100
|move|p2a: Samurott|Ceaseless Edge|p1a: Clefable
|-resisted|p1a: Clefable
|-damage|p1a: Clefable|78/100
|-sidestart|p1: GarhamSandich|Spikes
|
|upkeep
|turn|11
|
|t:|1781471249
|switch|p2a: Clefable|Clefable, M|82/100
|move|p1a: Clefable|Moonblast|p2a: Clefable
|-damage|p2a: Clefable|53/100
|
|upkeep
|turn|12
|
|t:|1781471253
|move|p2a: Clefable|Knock Off|p1a: Clefable
|-resisted|p1a: Clefable
|-damage|p1a: Clefable|74/100
|move|p1a: Clefable|Thunder Wave|p2a: Clefable
|-status|p2a: Clefable|par
|
|upkeep
|turn|13
|
|t:|1781471257
|switch|p1a: Gholdengo|Gholdengo|94/100
|-damage|p1a: Gholdengo|88/100|[from] Stealth Rock
|-item|p1a: Gholdengo|Air Balloon
|move|p2a: Clefable|Moonlight|p2a: Clefable
|-heal|p2a: Clefable|100/100 par
|
|upkeep
|turn|14
|
|t:|1781471263
|switch|p2a: Samurott|Samurott-Hisui, M|51/100 par
|-damage|p2a: Samurott|39/100 par|[from] Stealth Rock
|-damage|p2a: Samurott|26/100 par|[from] Spikes
|move|p1a: Gholdengo|Hex|p2a: Samurott
|-resisted|p2a: Samurott
|-crit|p2a: Samurott
|-damage|p2a: Samurott|0 fnt
|faint|p2a: Samurott
|
|upkeep
|
|t:|1781471281
|switch|p2a: Gholdengo|Gholdengo|100/100
|-damage|p2a: Gholdengo|94/100|[from] Stealth Rock
|-damage|p2a: Gholdengo|82/100|[from] Spikes
|turn|15
|inactive|GarhamSandich has 120 seconds left.
|inactive|GarhamSandich has 90 seconds left.
|
|t:|1781471343
|switch|p1a: Iron Crown|Iron Crown|100/100
|-damage|p1a: Iron Crown|94/100|[from] Stealth Rock
|-damage|p1a: Iron Crown|82/100|[from] Spikes
|-enditem|p1a: Iron Crown|Booster Energy
|-activate|p1a: Iron Crown|ability: Quark Drive|[fromitem]
|-start|p1a: Iron Crown|quarkdrivespe
|-terastallize|p2a: Gholdengo|Ghost
|move|p2a: Gholdengo|Shadow Ball|p1a: Iron Crown
|-supereffective|p1a: Iron Crown
|-damage|p1a: Iron Crown|0 fnt
|faint|p1a: Iron Crown
|-end|p1a: Iron Crown|Quark Drive|[silent]
|
|upkeep
|
|t:|1781471347
|switch|p1a: Ogerpon|Ogerpon, F|100/100
|turn|16
|
|t:|1781471360
|switch|p2a: Clefable|Clefable, M|100/100 par
|-terastallize|p1a: Ogerpon|Grass
|detailschange|p1a: Ogerpon|Ogerpon-Teal-Tera, F, tera:Grass
|-ability|p1a: Ogerpon|Embody Aspect (Teal)|boost
|-boost|p1a: Ogerpon|spe|1
|move|p1a: Ogerpon|U-turn|p2a: Clefable
|-resisted|p2a: Clefable
|-damage|p2a: Clefable|92/100 par
|
|t:|1781471365
|switch|p1a: Gholdengo|Gholdengo|88/100|[from] U-turn
|-damage|p1a: Gholdengo|82/100|[from] Stealth Rock
|-item|p1a: Gholdengo|Air Balloon
|
|upkeep
|turn|17
|
|t:|1781471379
|move|p1a: Gholdengo|Hex|p2a: Clefable
|-crit|p2a: Clefable
|-damage|p2a: Clefable|18/100 par
|move|p2a: Clefable|Knock Off|p1a: Gholdengo
|-supereffective|p1a: Gholdengo
|-damage|p1a: Gholdengo|59/100
|-enditem|p1a: Gholdengo|Air Balloon
|
|upkeep
|turn|18
|inactive|GarhamSandich has 120 seconds left.
|
|t:|1781471389
|move|p1a: Gholdengo|Recover|p1a: Gholdengo
|-heal|p1a: Gholdengo|100/100
|move|p2a: Clefable|Moonblast|p1a: Gholdengo
|-resisted|p1a: Gholdengo
|-damage|p1a: Gholdengo|84/100
|
|upkeep
|turn|19
|
|t:|1781471394
|move|p1a: Gholdengo|Hex|p2a: Clefable
|-damage|p2a: Clefable|0 fnt
|faint|p2a: Clefable
|
|upkeep
|
|t:|1781471398
|switch|p2a: Gholdengo|Gholdengo, tera:Ghost|82/100
|-damage|p2a: Gholdengo|70/100|[from] Stealth Rock
|-damage|p2a: Gholdengo|57/100|[from] Spikes
|turn|20
|
|t:|1781471402
|switch|p1a: Gliscor|Gliscor, F|44/100
|-damage|p1a: Gliscor|31/100|[from] Stealth Rock
|move|p2a: Gholdengo|Shadow Ball|p1a: Gliscor
|-crit|p1a: Gliscor
|-damage|p1a: Gliscor|0 fnt
|faint|p1a: Gliscor
|
|upkeep
|
|t:|1781471403
|switch|p1a: Ogerpon|Ogerpon-Teal-Tera, F, tera:Grass|100/100
|-ability|p1a: Ogerpon|Embody Aspect (Teal)|boost
|-boost|p1a: Ogerpon|spe|1
|turn|21
|
|t:|1781471411
|switch|p2a: Zamazenta|Zamazenta|100/100
|-damage|p2a: Zamazenta|94/100|[from] Stealth Rock
|-damage|p2a: Zamazenta|82/100|[from] Spikes
|-ability|p2a: Zamazenta|Dauntless Shield|boost
|-boost|p2a: Zamazenta|def|1
|move|p1a: Ogerpon|Knock Off|p2a: Zamazenta
|-resisted|p2a: Zamazenta
|-damage|p2a: Zamazenta|73/100
|-enditem|p2a: Zamazenta|Leftovers|[from] move: Knock Off|[of] p1a: Ogerpon
|
|upkeep
|turn|22
|
|t:|1781471416
|move|p1a: Ogerpon|U-turn|p2a: Zamazenta
|-resisted|p2a: Zamazenta
|-damage|p2a: Zamazenta|67/100
|
|t:|1781471418
|switch|p1a: Clefable|Clefable, M|74/100|[from] U-turn
|move|p2a: Zamazenta|Roar|p1a: Clefable
|drag|p1a: Walking Wake|Walking Wake|100/100
|
|upkeep
|turn|23
|
|t:|1781471426
|move|p2a: Zamazenta|Body Press|p1a: Walking Wake
|-damage|p1a: Walking Wake|39/100
|move|p1a: Walking Wake|Surf|p2a: Zamazenta
|-damage|p2a: Zamazenta|23/100
|
|upkeep
|turn|24
|
|t:|1781471432
|-end|p1a: Walking Wake|Protosynthesis|[silent]
|switch|p1a: Clefable|Clefable, M|74/100
|move|p2a: Zamazenta|Crunch|p1a: Clefable
|-resisted|p1a: Clefable
|-damage|p1a: Clefable|65/100
|
|upkeep
|turn|25
|
|t:|1781471445
|switch|p2a: Gliscor|Gliscor, F|100/100
|-damage|p2a: Gliscor|88/100|[from] Stealth Rock
|switch|p1a: Gholdengo|Gholdengo|84/100
|-damage|p1a: Gholdengo|78/100|[from] Stealth Rock
|-damage|p1a: Gholdengo|66/100|[from] Spikes
|
|-status|p2a: Gliscor|tox|[from] item: Toxic Orb
|upkeep
|turn|26
|
|t:|1781471450
|move|p2a: Gliscor|Knock Off|p1a: Gholdengo
|-supereffective|p1a: Gholdengo
|-damage|p1a: Gholdengo|47/100
|move|p1a: Gholdengo|Hex|p2a: Gliscor
|-damage|p2a: Gliscor|37/100 tox
|
|-heal|p2a: Gliscor|49/100 tox|[from] ability: Poison Heal
|upkeep
|turn|27
|
|t:|1781471457
|move|p2a: Gliscor|Protect|p2a: Gliscor
|-singleturn|p2a: Gliscor|Protect
|move|p1a: Gholdengo|Recover|p1a: Gholdengo
|-heal|p1a: Gholdengo|97/100
|
|-heal|p2a: Gliscor|62/100 tox|[from] ability: Poison Heal
|upkeep
|turn|28
|
|t:|1781471463
|move|p2a: Gliscor|Knock Off|p1a: Gholdengo
|-supereffective|p1a: Gholdengo
|-damage|p1a: Gholdengo|75/100
|move|p1a: Gholdengo|Hex|p2a: Gliscor
|-damage|p2a: Gliscor|10/100 tox
|
|-heal|p2a: Gliscor|22/100 tox|[from] ability: Poison Heal
|upkeep
|turn|29
|
|t:|1781471467
|move|p2a: Gliscor|Knock Off|p1a: Gholdengo
|-supereffective|p1a: Gholdengo
|-damage|p1a: Gholdengo|54/100
|move|p1a: Gholdengo|Hex|p2a: Gliscor
|-damage|p2a: Gliscor|0 fnt
|faint|p2a: Gliscor
|
|upkeep
|
|t:|1781471471
|switch|p2a: Gholdengo|Gholdengo, tera:Ghost|57/100
|-damage|p2a: Gholdengo|45/100|[from] Stealth Rock
|-damage|p2a: Gholdengo|33/100|[from] Spikes
|turn|30
|l|☆GarhamSandich
|inactive|GarhamSandich disconnected and has a minute to reconnect!
|player|p1|
|j|☆GarhamSandich
|inactive|GarhamSandich reconnected and has 115 seconds left.
|player|p1|GarhamSandich|skierf|
|
|t:|1781471513
|switch|p1a: Walking Wake|Walking Wake|39/100
|move|p2a: Gholdengo|Shadow Ball|p1a: Walking Wake
|-damage|p1a: Walking Wake|0 fnt
|faint|p1a: Walking Wake
|-end|p1a: Walking Wake|Protosynthesis|[silent]
|
|upkeep
|
|t:|1781471514
|switch|p1a: Ogerpon|Ogerpon-Teal-Tera, F, tera:Grass|100/100
|-ability|p1a: Ogerpon|Embody Aspect (Teal)|boost
|-boost|p1a: Ogerpon|spe|1
|turn|31
|
|t:|1781471523
|switch|p2a: Zamazenta|Zamazenta|23/100
|-damage|p2a: Zamazenta|16/100|[from] Stealth Rock
|-damage|p2a: Zamazenta|4/100|[from] Spikes
|move|p1a: Ogerpon|Ivy Cudgel|p2a: Zamazenta
|-crit|p2a: Zamazenta
|-damage|p2a: Zamazenta|0 fnt
|faint|p2a: Zamazenta
|
|upkeep
|
|t:|1781471528
|switch|p2a: Dragonite|Dragonite, M|100/100
|turn|32
|l|☆GarhamSandich
|inactive|GarhamSandich disconnected and has a minute to reconnect!
|player|p1|
|j|☆GarhamSandich
|inactive|GarhamSandich reconnected and has 130 seconds left.
|player|p1|GarhamSandich|skierf|
|
|t:|1781471544
|move|p1a: Ogerpon|Knock Off|p2a: Dragonite
|-damage|p2a: Dragonite|83/100
|-enditem|p2a: Dragonite|Heavy-Duty Boots|[from] move: Knock Off|[of] p1a: Ogerpon
|move|p2a: Dragonite|Dragon Dance|p2a: Dragonite
|-boost|p2a: Dragonite|atk|1
|-boost|p2a: Dragonite|spe|1
|
|upkeep
|turn|33
|
|t:|1781471550
|move|p1a: Ogerpon|Encore|p2a: Dragonite
|-start|p2a: Dragonite|Encore
|move|p2a: Dragonite|Dragon Dance|p2a: Dragonite
|-boost|p2a: Dragonite|atk|1
|-boost|p2a: Dragonite|spe|1
|
|upkeep
|turn|34
|
|t:|1781471556
|move|p1a: Ogerpon|U-turn|p2a: Dragonite
|-resisted|p2a: Dragonite
|-damage|p2a: Dragonite|72/100
|
|t:|1781471558
|switch|p1a: Gholdengo|Gholdengo|54/100|[from] U-turn
|-damage|p1a: Gholdengo|48/100|[from] Stealth Rock
|-damage|p1a: Gholdengo|35/100|[from] Spikes
|move|p2a: Dragonite|Dragon Dance|p2a: Dragonite
|-boost|p2a: Dragonite|atk|1
|-boost|p2a: Dragonite|spe|1
|
|upkeep
|turn|35
|
|t:|1781471564
|move|p2a: Dragonite|Dragon Dance|p2a: Dragonite
|-boost|p2a: Dragonite|atk|1
|-boost|p2a: Dragonite|spe|1
|move|p1a: Gholdengo|Make It Rain|p2a: Dragonite
|-damage|p2a: Dragonite|19/100
|-unboost|p1a: Gholdengo|spa|1
|
|-end|p2a: Dragonite|Encore
|upkeep
|turn|36
|
|t:|1781471575
|move|p2a: Dragonite|Earthquake|p1a: Gholdengo
|-supereffective|p1a: Gholdengo
|-damage|p1a: Gholdengo|0 fnt
|faint|p1a: Gholdengo
|
|upkeep
|
|t:|1781471577
|switch|p1a: Ogerpon|Ogerpon-Teal-Tera, F, tera:Grass|100/100
|-ability|p1a: Ogerpon|Embody Aspect (Teal)|boost
|-boost|p1a: Ogerpon|spe|1
|turn|37
|
|t:|1781471586
|move|p2a: Dragonite|Extreme Speed|p1a: Ogerpon
|-damage|p1a: Ogerpon|0 fnt
|faint|p1a: Ogerpon
|detailschange|p1: Ogerpon|Ogerpon, F|[silent]
|
|upkeep
|
|t:|1781471587
|switch|p1a: Clefable|Clefable, M|65/100
|turn|38
|
|t:|1781471596
|move|p2a: Dragonite|Earthquake|p1a: Clefable
|-damage|p1a: Clefable|0 fnt
|faint|p1a: Clefable
|
|win|shams713
|raw|GarhamSandich's rating: 1618 &rarr; <strong>1594</strong><br />(-24 for losing)
|raw|shams713's rating: 1547 &rarr; <strong>1571</strong><br />(+24 for winning)
|l|☆GarhamSandich
|player|p1|
