|j|☆KurisuChestnutOU
|j|☆hdy nb
|t:|1781161480
|gametype|singles
|player|p1|KurisuChestnutOU|may-contest|1557
|player|p2|hdy nb|colress|1623
|gen|9
|tier|[Gen 9] OU
|rated|
|rule|HP Percentage Mod: HP is shown in percentages
|rule|Endless Battle Clause: Forcing endless battles is banned
|rule|Species Clause: Limit one of each Pokémon
|rule|OHKO Clause: OHKO moves are banned
|rule|Evasion Items Clause: Evasion items are banned
|rule|Evasion Moves Clause: Evasion moves are banned
|rule|Evasion Abilities Clause: Evasion abilities are banned
|rule|Sleep Moves Clause: Sleep-inducing moves are banned
|clearpoke
|poke|p1|Zamazenta-*|
|poke|p1|Zapdos|
|poke|p1|Garganacl, M|
|poke|p1|Clefable, M|
|poke|p1|Samurott-Hisui, M|
|poke|p1|Gholdengo|
|poke|p2|Pelipper, F|
|poke|p2|Zapdos|
|poke|p2|Barraskewda, F|
|poke|p2|Overqwil, F|
|poke|p2|Iron Treads|
|poke|p2|Primarina, M|
|teampreview
|
|t:|1781161485
|teamsize|p1|6
|teamsize|p2|6
|start
|switch|p1a: Garganacl|Garganacl, M|100/100
|switch|p2a: Primarina|Primarina, M|100/100
|turn|1
|inactive|Battle timer is ON: inactive players will automatically lose when time's up. (requested by KurisuChestnutOU)
|j| P Tnr Black
|
|t:|1781161497
|move|p2a: Primarina|Substitute|p2a: Primarina
|-start|p2a: Primarina|Substitute
|-damage|p2a: Primarina|75/100
|move|p1a: Garganacl|Salt Cure|p2a: Primarina
|-activate|p2a: Primarina|move: Substitute|[damage]
|
|-heal|p2a: Primarina|82/100|[from] item: Leftovers
|upkeep
|turn|2
|l| P Tnr Black
|
|t:|1781161516
|move|p2a: Primarina|Calm Mind|p2a: Primarina
|-boost|p2a: Primarina|spa|1
|-boost|p2a: Primarina|spd|1
|move|p1a: Garganacl|Salt Cure|p2a: Primarina
|-end|p2a: Primarina|Substitute
|
|-heal|p2a: Primarina|88/100|[from] item: Leftovers
|upkeep
|turn|3
|
|t:|1781161527
|move|p2a: Primarina|Hyper Voice|p1a: Garganacl
|-supereffective|p1a: Garganacl
|-damage|p1a: Garganacl|2/100
|move|p1a: Garganacl|Salt Cure|p2a: Primarina
|-damage|p2a: Primarina|72/100
|-start|p2a: Primarina|Salt Cure
|
|-heal|p2a: Primarina|78/100|[from] item: Leftovers
|-heal|p1a: Garganacl|8/100|[from] item: Leftovers
|-damage|p2a: Primarina|53/100|[from] Salt Cure
|upkeep
|turn|4
|
|t:|1781161538
|move|p2a: Primarina|Moonblast|p1a: Garganacl
|-damage|p1a: Garganacl|0 fnt
|faint|p1a: Garganacl
|
|-heal|p2a: Primarina|59/100|[from] item: Leftovers
|-damage|p2a: Primarina|34/100|[from] Salt Cure
|upkeep
|
|t:|1781161541
|switch|p1a: Gholdengo|Gholdengo|100/100
|turn|5
|
|t:|1781161552
|switch|p2a: Iron Treads|Iron Treads|100/100
|move|p1a: Gholdengo|Shadow Ball|p2a: Iron Treads
|-damage|p2a: Iron Treads|64/100
|-unboost|p2a: Iron Treads|spd|1
|
|upkeep
|turn|6
|
|t:|1781161566
|move|p1a: Gholdengo|Shadow Ball|p2a: Iron Treads
|-damage|p2a: Iron Treads|8/100
|move|p2a: Iron Treads|Earthquake|p1a: Gholdengo
|-supereffective|p1a: Gholdengo
|-damage|p1a: Gholdengo|0 fnt
|faint|p1a: Gholdengo
|
|upkeep
|
|t:|1781161574
|switch|p1a: Samurott|Samurott-Hisui, M|100/100
|turn|7
|
|t:|1781161578
|-end|p2a: Iron Treads|Quark Drive|[silent]
|switch|p2a: Pelipper|Pelipper, F|100/100
|-weather|RainDance|[from] ability: Drizzle|[of] p2a: Pelipper
|move|p1a: Samurott|Ceaseless Edge|p2a: Pelipper|[miss]
|-miss|p1a: Samurott|p2a: Pelipper
|
|-weather|RainDance|[upkeep]
|upkeep
|turn|8
|
|t:|1781161591
|move|p1a: Samurott|Ceaseless Edge|p2a: Pelipper
|-damage|p2a: Pelipper|67/100
|-sidestart|p2: hdy nb|Spikes
|move|p2a: Pelipper|U-turn|p1a: Samurott
|-supereffective|p1a: Samurott
|-damage|p1a: Samurott|83/100
|
|t:|1781161597
|switch|p2a: Zapdos|Zapdos|100/100|[from] U-turn
|
|-weather|RainDance|[upkeep]
|upkeep
|turn|9
|
|t:|1781161603
|move|p1a: Samurott|Ceaseless Edge|p2a: Zapdos
|-damage|p2a: Zapdos|58/100
|-sidestart|p2: hdy nb|Spikes
|move|p2a: Zapdos|Thunder|p1a: Samurott
|-supereffective|p1a: Samurott
|-damage|p1a: Samurott|0 fnt
|faint|p1a: Samurott
|
|-weather|RainDance|[upkeep]
|-heal|p2a: Zapdos|64/100|[from] item: Leftovers
|upkeep
|
|t:|1781161611
|switch|p1a: Zapdos|Zapdos|100/100
|turn|10
|
|t:|1781161617
|move|p1a: Zapdos|Discharge|p2a: Zapdos
|-damage|p2a: Zapdos|34/100
|move|p2a: Zapdos|Thunder|p1a: Zapdos
|-damage|p1a: Zapdos|41/100
|
|-weather|RainDance|[upkeep]
|-heal|p2a: Zapdos|40/100|[from] item: Leftovers
|upkeep
|turn|11
|
|t:|1781161626
|move|p1a: Zapdos|Roost|p1a: Zapdos
|-heal|p1a: Zapdos|92/100
|-singleturn|p1a: Zapdos|move: Roost
|move|p2a: Zapdos|Thunder|p1a: Zapdos
|-resisted|p1a: Zapdos
|-damage|p1a: Zapdos|60/100
|
|-weather|RainDance|[upkeep]
|-heal|p2a: Zapdos|46/100|[from] item: Leftovers
|upkeep
|turn|12
|j| tuxmonroe
|
|t:|1781161637
|move|p1a: Zapdos|Discharge|p2a: Zapdos
|-damage|p2a: Zapdos|15/100
|move|p2a: Zapdos|Thunder|p1a: Zapdos
|-damage|p1a: Zapdos|3/100
|
|-weather|RainDance|[upkeep]
|-heal|p2a: Zapdos|21/100|[from] item: Leftovers
|upkeep
|turn|13
|
|t:|1781161653
|switch|p2a: Iron Treads|Iron Treads|8/100
|-damage|p2a: Iron Treads|0 fnt|[from] Spikes
|faint|p2a: Iron Treads
|-end|p2a: Iron Treads|Quark Drive|[silent]
|move|p1a: Zapdos|Roost|p1a: Zapdos
|-heal|p1a: Zapdos|53/100
|-singleturn|p1a: Zapdos|move: Roost
|
|-weather|RainDance|[upkeep]
|upkeep
|
|t:|1781161664
|switch|p2a: Barraskewda|Barraskewda, F|100/100
|-damage|p2a: Barraskewda|84/100|[from] Spikes
|turn|14
|
|t:|1781161669
|switch|p1a: Zamazenta|Zamazenta|100/100
|-ability|p1a: Zamazenta|Dauntless Shield|boost
|-boost|p1a: Zamazenta|def|1
|-terastallize|p2a: Barraskewda|Water
|move|p2a: Barraskewda|Liquidation|p1a: Zamazenta
|-damage|p1a: Zamazenta|32/100
|-unboost|p1a: Zamazenta|def|1
|
|-weather|none
|-heal|p1a: Zamazenta|38/100|[from] item: Leftovers
|upkeep
|turn|15
|
|t:|1781161682
|switch|p2a: Pelipper|Pelipper, F|67/100
|-weather|RainDance|[from] ability: Drizzle|[of] p2a: Pelipper
|move|p1a: Zamazenta|Iron Defense|p1a: Zamazenta
|-boost|p1a: Zamazenta|def|2
|
|-weather|RainDance|[upkeep]
|-heal|p1a: Zamazenta|44/100|[from] item: Leftovers
|upkeep
|turn|16
|
|t:|1781161704
|move|p1a: Zamazenta|Body Press|p2a: Pelipper
|-resisted|p2a: Pelipper
|-damage|p2a: Pelipper|43/100
|move|p2a: Pelipper|Hurricane|p1a: Zamazenta
|-supereffective|p1a: Zamazenta
|-damage|p1a: Zamazenta|0 fnt
|faint|p1a: Zamazenta
|
|-weather|RainDance|[upkeep]
|upkeep
|
|t:|1781161709
|switch|p1a: Clefable|Clefable, M|100/100
|turn|17
|
|t:|1781161727
|switch|p1a: Zapdos|Zapdos|53/100
|move|p2a: Pelipper|U-turn|p1a: Zapdos
|-resisted|p1a: Zapdos
|-damage|p1a: Zapdos|51/100
|
|t:|1781161733
|switch|p2a: Barraskewda|Barraskewda, F, tera:Water|84/100|[from] U-turn
|-damage|p2a: Barraskewda|68/100|[from] Spikes
|
|-weather|RainDance|[upkeep]
|upkeep
|turn|18
|
|t:|1781161741
|move|p2a: Barraskewda|Liquidation|p1a: Zapdos
|-damage|p1a: Zapdos|0 fnt
|faint|p1a: Zapdos
|
|-weather|RainDance|[upkeep]
|upkeep
|
|t:|1781161749
|switch|p1a: Clefable|Clefable, M|100/100
|turn|19
|
|t:|1781161752
|move|p2a: Barraskewda|Liquidation|p1a: Clefable
|-damage|p1a: Clefable|0 fnt
|faint|p1a: Clefable
|
|win|hdy nb
|raw|KurisuChestnutOU's rating: 1569 &rarr; <strong>1552</strong><br />(-17 for losing)
|raw|hdy nb's rating: 1623 &rarr; <strong>1640</strong><br />(+17 for winning)
