|j|☆ORAS_appreciater
|j|☆biryanilover
|t:|1781324714
|gametype|singles
|player|p1|ORAS_appreciater|ethan|1587
|player|p2|biryanilover|1|1627
|gen|9
|tier|[Gen 9] OU
|rated|
|rule|HP Percentage Mod: HP is shown in percentages
|rule|Endless Battle Clause: Forcing endless battles is banned
|rule|Species Clause: Limit one of each Pokémon
|rule|OHKO Clause: OHKO moves are banned
|rule|Evasion Items Clause: Evasion items are banned
|rule|Evasion Moves Clause: Evasion moves are banned
|rule|Evasion Abilities Clause: Evasion abilities are banned
|rule|Sleep Moves Clause: Sleep-inducing moves are banned
|clearpoke
|poke|p1|Hydreigon, M|
|poke|p1|Landorus-Therian, M|
|poke|p1|Gholdengo|
|poke|p1|Zamazenta-*|
|poke|p1|Great Tusk|
|poke|p1|Primarina, F|
|poke|p2|Rillaboom, F|
|poke|p2|Heatran, M|
|poke|p2|Walking Wake|
|poke|p2|Landorus-Therian, M|
|poke|p2|Zamazenta-*|
|poke|p2|Weezing-Galar, F|
|teampreview
|inactive|Battle timer is ON: inactive players will automatically lose when time's up. (requested by biryanilover)
|inactive|ORAS_appreciater also wants the timer to be on.
|inactive|ORAS_appreciater has 120 seconds left.
|
|t:|1781324747
|teamsize|p1|6
|teamsize|p2|6
|start
|switch|p1a: Landorus|Landorus-Therian, M|100/100
|switch|p2a: Walking Wake|Walking Wake|100/100
|-ability|p1a: Landorus|Intimidate|boost
|-unboost|p2a: Walking Wake|atk|1
|turn|1
|j| switchblade0719
|
|t:|1781324755
|move|p1a: Landorus|U-turn|p2a: Walking Wake
|-damage|p2a: Walking Wake|74/100
|
|t:|1781324757
|switch|p1a: Primarina|Primarina, F|100/100|[from] U-turn
|move|p2a: Walking Wake|Knock Off|p1a: Primarina
|-resisted|p1a: Primarina
|-damage|p1a: Primarina|93/100
|-enditem|p1a: Primarina|Assault Vest|[from] move: Knock Off|[of] p2a: Walking Wake
|
|-heal|p2a: Walking Wake|80/100|[from] item: Leftovers
|upkeep
|turn|2
|
|t:|1781324766
|-end|p2a: Walking Wake|Protosynthesis|[silent]
|switch|p2a: Rillaboom|Rillaboom, F|100/100
|-fieldstart|move: Grassy Terrain|[from] ability: Grassy Surge|[of] p2a: Rillaboom
|move|p1a: Primarina|Moonblast|p2a: Rillaboom
|-damage|p2a: Rillaboom|32/100
|
|-heal|p2a: Rillaboom|38/100|[from] Grassy Terrain
|-heal|p1a: Primarina|99/100|[from] Grassy Terrain
|upkeep
|turn|3
|
|t:|1781324787
|switch|p1a: Landorus|Landorus-Therian, M|100/100
|-ability|p1a: Landorus|Intimidate|boost
|-unboost|p2a: Rillaboom|atk|1
|move|p2a: Rillaboom|Knock Off|p1a: Landorus
|-damage|p1a: Landorus|71/100
|-enditem|p1a: Landorus|Choice Scarf|[from] move: Knock Off|[of] p2a: Rillaboom
|
|-heal|p2a: Rillaboom|44/100|[from] Grassy Terrain
|upkeep
|turn|4
|
|t:|1781324792
|switch|p2a: Landorus|Landorus-Therian, M|100/100
|-ability|p2a: Landorus|Intimidate|boost
|-unboost|p1a: Landorus|atk|1
|move|p1a: Landorus|U-turn|p2a: Landorus
|-resisted|p2a: Landorus
|-damage|p2a: Landorus|92/100
|-damage|p1a: Landorus|55/100|[from] item: Rocky Helmet|[of] p2a: Landorus
|
|t:|1781324801
|switch|p1a: Great Tusk|Great Tusk|100/100|[from] U-turn
|
|upkeep
|turn|5
|
|t:|1781324809
|move|p2a: Landorus|Earth Power|p1a: Great Tusk
|-damage|p1a: Great Tusk|59/100
|move|p1a: Great Tusk|Ice Spinner|p2a: Landorus
|-supereffective|p2a: Landorus
|-damage|p2a: Landorus|7/100
|-damage|p1a: Great Tusk|42/100|[from] item: Rocky Helmet|[of] p2a: Landorus
|-fieldend|move: Grassy Terrain
|
|upkeep
|turn|6
|
|t:|1781324823
|-end|p1a: Great Tusk|Protosynthesis|[silent]
|switch|p1a: Hydreigon|Hydreigon, M|100/100
|move|p2a: Landorus|U-turn|p1a: Hydreigon
|-supereffective|p1a: Hydreigon
|-damage|p1a: Hydreigon|56/100
|
|t:|1781324828
|switch|p2a: Walking Wake|Walking Wake|80/100|[from] U-turn
|
|-heal|p2a: Walking Wake|86/100|[from] item: Leftovers
|upkeep
|turn|7
|
|t:|1781324838
|-end|p2a: Walking Wake|Protosynthesis|[silent]
|switch|p2a: Weezing|Weezing-Galar, F|100/100
|-ability|p2a: Weezing|Neutralizing Gas
|switch|p1a: Primarina|Primarina, F|99/100
|
|upkeep
|turn|8
|
|t:|1781324844
|-end|p2a: Weezing|ability: Neutralizing Gas
|switch|p2a: Rillaboom|Rillaboom, F|44/100
|-fieldstart|move: Grassy Terrain|[from] ability: Grassy Surge|[of] p2a: Rillaboom
|move|p1a: Primarina|Flip Turn|p2a: Rillaboom
|-resisted|p2a: Rillaboom
|-damage|p2a: Rillaboom|36/100
|
|t:|1781324856
|switch|p1a: Gholdengo|Gholdengo|100/100|[from] Flip Turn
|
|-heal|p2a: Rillaboom|42/100|[from] Grassy Terrain
|upkeep
|turn|9
|
|t:|1781324865
|switch|p2a: Heatran|Heatran, M|100/100
|move|p1a: Gholdengo|Shadow Ball|p2a: Heatran
|-damage|p2a: Heatran|76/100
|-unboost|p2a: Heatran|spd|1
|
|-heal|p2a: Heatran|82/100|[from] Grassy Terrain
|-heal|p2a: Heatran|89/100|[from] item: Leftovers
|upkeep
|turn|10
|
|t:|1781324872
|switch|p1a: Primarina|Primarina, F|99/100
|switch|p2a: Rillaboom|Rillaboom, F|42/100
|
|-heal|p2a: Rillaboom|48/100|[from] Grassy Terrain
|-heal|p1a: Primarina|100/100|[from] Grassy Terrain
|upkeep
|turn|11
|
|t:|1781324880
|switch|p1a: Gholdengo|Gholdengo|100/100
|move|p2a: Rillaboom|Wood Hammer|p1a: Gholdengo
|-resisted|p1a: Gholdengo
|-crit|p1a: Gholdengo
|-damage|p1a: Gholdengo|58/100
|-damage|p2a: Rillaboom|33/100|[from] Recoil
|
|-heal|p2a: Rillaboom|39/100|[from] Grassy Terrain
|-heal|p1a: Gholdengo|65/100|[from] Grassy Terrain
|upkeep
|turn|12
|
|t:|1781324886
|move|p2a: Rillaboom|Wood Hammer|p1a: Gholdengo
|-resisted|p1a: Gholdengo
|-damage|p1a: Gholdengo|34/100
|-damage|p2a: Rillaboom|28/100|[from] Recoil
|move|p1a: Gholdengo|Shadow Ball|p2a: Rillaboom
|-damage|p2a: Rillaboom|0 fnt
|faint|p2a: Rillaboom
|
|-heal|p1a: Gholdengo|40/100|[from] Grassy Terrain
|upkeep
|
|t:|1781324890
|switch|p2a: Zamazenta|Zamazenta|100/100
|-ability|p2a: Zamazenta|Dauntless Shield|boost
|-boost|p2a: Zamazenta|def|1
|turn|13
|
|t:|1781324905
|move|p2a: Zamazenta|Crunch|p1a: Gholdengo
|-supereffective|p1a: Gholdengo
|-damage|p1a: Gholdengo|0 fnt
|faint|p1a: Gholdengo
|-damage|p2a: Zamazenta|91/100|[from] item: Life Orb
|
|-heal|p2a: Zamazenta|97/100|[from] Grassy Terrain
|upkeep
|
|t:|1781324915
|switch|p1a: Primarina|Primarina, F|100/100
|turn|14
|
|t:|1781324924
|switch|p2a: Heatran|Heatran, M|89/100
|move|p1a: Primarina|Moonblast|p2a: Heatran
|-resisted|p2a: Heatran
|-damage|p2a: Heatran|80/100
|
|-heal|p2a: Heatran|86/100|[from] Grassy Terrain
|-heal|p2a: Heatran|92/100|[from] item: Leftovers
|upkeep
|turn|15
|
|t:|1781324929
|-terastallize|p2a: Heatran|Grass
|move|p2a: Heatran|Magma Storm|p1a: Primarina|[miss]
|-miss|p2a: Heatran|p1a: Primarina
|move|p1a: Primarina|Surf|p2a: Heatran
|-resisted|p2a: Heatran
|-damage|p2a: Heatran|76/100
|
|-heal|p2a: Heatran|82/100|[from] Grassy Terrain
|-heal|p2a: Heatran|88/100|[from] item: Leftovers
|-fieldend|move: Grassy Terrain
|upkeep
|turn|16
|
|t:|1781324937
|move|p2a: Heatran|Magma Storm|p1a: Primarina|[miss]
|-miss|p2a: Heatran|p1a: Primarina
|move|p1a: Primarina|Moonblast|p2a: Heatran
|-damage|p2a: Heatran|54/100
|
|-heal|p2a: Heatran|61/100|[from] item: Leftovers
|upkeep
|turn|17
|
|t:|1781324944
|move|p2a: Heatran|Magma Storm|p1a: Primarina
|-resisted|p1a: Primarina
|-damage|p1a: Primarina|82/100
|-activate|p1a: Primarina|move: Magma Storm|[of] p2a: Heatran
|move|p1a: Primarina|Flip Turn|p2a: Heatran
|-resisted|p2a: Heatran
|-damage|p2a: Heatran|55/100
|
|t:|1781324952
|switch|p1a: Hydreigon|Hydreigon, M|56/100|[from] Flip Turn
|
|-heal|p2a: Heatran|61/100|[from] item: Leftovers
|upkeep
|turn|18
|
|t:|1781324963
|switch|p2a: Landorus|Landorus-Therian, M|7/100
|-ability|p2a: Landorus|Intimidate|boost
|-unboost|p1a: Hydreigon|atk|1
|move|p1a: Hydreigon|Dark Pulse|p2a: Landorus
|-damage|p2a: Landorus|0 fnt
|faint|p2a: Landorus
|
|upkeep
|
|t:|1781324965
|switch|p2a: Walking Wake|Walking Wake|86/100
|turn|19
|
|t:|1781324976
|switch|p1a: Primarina|Primarina, F|82/100
|move|p2a: Walking Wake|Substitute|p2a: Walking Wake
|-start|p2a: Walking Wake|Substitute
|-damage|p2a: Walking Wake|61/100
|
|-heal|p2a: Walking Wake|67/100|[from] item: Leftovers
|upkeep
|turn|20
|
|t:|1781324982
|move|p2a: Walking Wake|Scald|p1a: Primarina
|-resisted|p1a: Primarina
|-damage|p1a: Primarina|62/100
|-status|p1a: Primarina|brn
|move|p1a: Primarina|Psychic Noise|p2a: Walking Wake
|-damage|p2a: Walking Wake|34/100
|-start|p2a: Walking Wake|move: Heal Block
|
|-damage|p1a: Primarina|56/100 brn|[from] brn
|upkeep
|turn|21
|
|t:|1781324991
|move|p2a: Walking Wake|Scald|p1a: Primarina
|-resisted|p1a: Primarina
|-damage|p1a: Primarina|36/100 brn
|move|p1a: Primarina|Moonblast|p2a: Walking Wake
|-supereffective|p2a: Walking Wake
|-end|p2a: Walking Wake|Substitute
|
|-damage|p1a: Primarina|30/100 brn|[from] brn
|-end|p2a: Walking Wake|move: Heal Block
|upkeep
|turn|22
|
|t:|1781324998
|move|p2a: Walking Wake|Scald|p1a: Primarina
|-resisted|p1a: Primarina
|-damage|p1a: Primarina|9/100 brn
|move|p1a: Primarina|Psychic Noise|p2a: Walking Wake
|-damage|p2a: Walking Wake|3/100
|-start|p2a: Walking Wake|move: Heal Block
|
|-damage|p1a: Primarina|3/100 brn|[from] brn
|upkeep
|turn|23
|
|t:|1781325001
|move|p2a: Walking Wake|Scald|p1a: Primarina
|-resisted|p1a: Primarina
|-damage|p1a: Primarina|0 fnt
|faint|p1a: Primarina
|
|-end|p2a: Walking Wake|move: Heal Block
|upkeep
|
|t:|1781325014
|switch|p1a: Hydreigon|Hydreigon, M|56/100
|turn|24
|
|t:|1781325018
|move|p2a: Walking Wake|Dragon Pulse|p1a: Hydreigon
|-supereffective|p1a: Hydreigon
|-damage|p1a: Hydreigon|0 fnt
|faint|p1a: Hydreigon
|
|-heal|p2a: Walking Wake|10/100|[from] item: Leftovers
|upkeep
|
|t:|1781325025
|switch|p1a: Zamazenta|Zamazenta|100/100
|-ability|p1a: Zamazenta|Dauntless Shield|boost
|-boost|p1a: Zamazenta|def|1
|turn|25
|
|t:|1781325030
|-end|p2a: Walking Wake|Protosynthesis|[silent]
|switch|p2a: Weezing|Weezing-Galar, F|100/100
|-ability|p2a: Weezing|Neutralizing Gas
|move|p1a: Zamazenta|Body Press|p2a: Weezing
|-resisted|p2a: Weezing
|-damage|p2a: Weezing|93/100
|
|upkeep
|turn|26
|
|t:|1781325038
|-terastallize|p1a: Zamazenta|Fire
|move|p1a: Zamazenta|Iron Defense|p1a: Zamazenta
|-boost|p1a: Zamazenta|def|2
|move|p2a: Weezing|Will-O-Wisp|p1a: Zamazenta
|-immune|p1a: Zamazenta
|
|upkeep
|turn|27
|
|t:|1781325044
|move|p1a: Zamazenta|Iron Defense|p1a: Zamazenta
|-boost|p1a: Zamazenta|def|2
|move|p2a: Weezing|Pain Split|p1a: Zamazenta
|-sethp|p1a: Zamazenta|90/100|[from] move: Pain Split|[silent]
|-sethp|p2a: Weezing|100/100|[from] move: Pain Split
|
|upkeep
|turn|28
|
|t:|1781325048
|move|p1a: Zamazenta|Iron Defense|p1a: Zamazenta
|-boost|p1a: Zamazenta|def|1
|move|p2a: Weezing|Pain Split|p1a: Zamazenta
|-sethp|p1a: Zamazenta|88/100|[from] move: Pain Split|[silent]
|-sethp|p2a: Weezing|100/100|[from] move: Pain Split
|
|upkeep
|turn|29
|
|t:|1781325052
|move|p1a: Zamazenta|Body Press|p2a: Weezing
|-resisted|p2a: Weezing
|-damage|p2a: Weezing|77/100
|move|p2a: Weezing|Pain Split|p1a: Zamazenta
|-sethp|p1a: Zamazenta|78/100|[from] move: Pain Split|[silent]
|-sethp|p2a: Weezing|90/100|[from] move: Pain Split
|
|upkeep
|turn|30
|
|t:|1781325055
|move|p1a: Zamazenta|Body Press|p2a: Weezing
|-resisted|p2a: Weezing
|-damage|p2a: Weezing|67/100
|move|p2a: Weezing|Strange Steam|p1a: Zamazenta
|-resisted|p1a: Zamazenta
|-damage|p1a: Zamazenta|66/100
|-start|p1a: Zamazenta|confusion
|
|upkeep
|turn|31
|
|t:|1781325061
|-activate|p1a: Zamazenta|confusion
|-damage|p1a: Zamazenta|64/100|[from] confusion
|move|p2a: Weezing|Pain Split|p1a: Zamazenta
|-sethp|p1a: Zamazenta|61/100|[from] move: Pain Split|[silent]
|-sethp|p2a: Weezing|70/100|[from] move: Pain Split
|
|upkeep
|turn|32
|
|t:|1781325065
|-activate|p1a: Zamazenta|confusion
|-damage|p1a: Zamazenta|58/100|[from] confusion
|move|p2a: Weezing|Strange Steam|p1a: Zamazenta
|-resisted|p1a: Zamazenta
|-damage|p1a: Zamazenta|47/100
|
|upkeep
|turn|33
|
|t:|1781325071
|-activate|p1a: Zamazenta|confusion
|-damage|p1a: Zamazenta|45/100|[from] confusion
|move|p2a: Weezing|Strange Steam|p1a: Zamazenta
|-resisted|p1a: Zamazenta
|-damage|p1a: Zamazenta|34/100
|
|upkeep
|turn|34
|
|t:|1781325076
|-end|p1a: Zamazenta|confusion
|move|p1a: Zamazenta|Body Press|p2a: Weezing
|-resisted|p2a: Weezing
|-crit|p2a: Weezing
|-damage|p2a: Weezing|39/100
|move|p2a: Weezing|Strange Steam|p1a: Zamazenta
|-resisted|p1a: Zamazenta
|-damage|p1a: Zamazenta|23/100
|
|upkeep
|turn|35
|
|t:|1781325084
|move|p1a: Zamazenta|Rest|p1a: Zamazenta
|-status|p1a: Zamazenta|slp|[from] move: Rest
|-heal|p1a: Zamazenta|100/100 slp|[silent]
|-enditem|p1a: Zamazenta|Chesto Berry|[eat]
|-curestatus|p1a: Zamazenta|slp|[msg]
|move|p2a: Weezing|Strange Steam|p1a: Zamazenta
|-resisted|p1a: Zamazenta
|-damage|p1a: Zamazenta|90/100
|
|upkeep
|turn|36
|
|t:|1781325087
|move|p1a: Zamazenta|Body Press|p2a: Weezing
|-resisted|p2a: Weezing
|-damage|p2a: Weezing|15/100
|move|p2a: Weezing|Pain Split|p1a: Zamazenta
|-sethp|p1a: Zamazenta|52/100|[from] move: Pain Split|[silent]
|-sethp|p2a: Weezing|60/100|[from] move: Pain Split
|
|upkeep
|turn|37
|
|t:|1781325091
|move|p1a: Zamazenta|Body Press|p2a: Weezing
|-resisted|p2a: Weezing
|-damage|p2a: Weezing|38/100
|move|p2a: Weezing|Strange Steam|p1a: Zamazenta
|-resisted|p1a: Zamazenta
|-damage|p1a: Zamazenta|41/100
|
|upkeep
|turn|38
|
|t:|1781325096
|move|p1a: Zamazenta|Body Press|p2a: Weezing
|-resisted|p2a: Weezing
|-damage|p2a: Weezing|15/100
|move|p2a: Weezing|Pain Split|p1a: Zamazenta
|-sethp|p1a: Zamazenta|27/100|[from] move: Pain Split|[silent]
|-sethp|p2a: Weezing|31/100|[from] move: Pain Split
|
|upkeep
|turn|39
|
|t:|1781325100
|move|p1a: Zamazenta|Body Press|p2a: Weezing
|-resisted|p2a: Weezing
|-damage|p2a: Weezing|10/100
|move|p2a: Weezing|Strange Steam|p1a: Zamazenta
|-resisted|p1a: Zamazenta
|-damage|p1a: Zamazenta|17/100
|
|upkeep
|turn|40
|
|t:|1781325103
|move|p1a: Zamazenta|Body Press|p2a: Weezing
|-resisted|p2a: Weezing
|-damage|p2a: Weezing|0 fnt
|faint|p2a: Weezing
|-end|p2a: Weezing|ability: Neutralizing Gas
|
|upkeep
|
|t:|1781325107
|switch|p2a: Zamazenta|Zamazenta|97/100
|turn|41
|
|t:|1781325111
|move|p2a: Zamazenta|Stone Edge|p1a: Zamazenta
|-supereffective|p1a: Zamazenta
|-damage|p1a: Zamazenta|1/100
|-damage|p2a: Zamazenta|87/100|[from] item: Life Orb
|move|p1a: Zamazenta|Body Press|p2a: Zamazenta
|-damage|p2a: Zamazenta|0 fnt
|faint|p2a: Zamazenta
|
|upkeep
|c|☆biryanilover|seriously
|-message|biryanilover forfeited.
|
|win|ORAS_appreciater
|raw|ORAS_appreciater's rating: 1587 &rarr; <strong>1609</strong><br />(+22 for winning)
|raw|biryanilover's rating: 1627 &rarr; <strong>1605</strong><br />(-22 for losing)
|l|☆biryanilover
|player|p2|
|l|☆ORAS_appreciater
|player|p1|
|l| switchblade0719
