|j|☆CDPGuillaume
|j|☆DiceyRice
|t:|1780903487
|gametype|singles
|player|p1|CDPGuillaume|266|1677
|player|p2|DiceyRice|miku-ghost|1807
|gen|9
|tier|[Gen 9] OU
|rated|
|rule|HP Percentage Mod: HP is shown in percentages
|rule|Endless Battle Clause: Forcing endless battles is banned
|rule|Species Clause: Limit one of each Pokémon
|rule|OHKO Clause: OHKO moves are banned
|rule|Evasion Items Clause: Evasion items are banned
|rule|Evasion Moves Clause: Evasion moves are banned
|rule|Evasion Abilities Clause: Evasion abilities are banned
|rule|Sleep Moves Clause: Sleep-inducing moves are banned
|clearpoke
|poke|p1|Iron Hands|
|poke|p1|Primarina, F|
|poke|p1|Kingambit, F|
|poke|p1|Clefable, M|
|poke|p1|Kyurem|
|poke|p1|Cinderace, F|
|poke|p2|Latias, F|
|poke|p2|Mimikyu, M|
|poke|p2|Glimmora, M|
|poke|p2|Kingambit, M|
|poke|p2|Iron Boulder|
|poke|p2|Iron Moth|
|teampreview
|inactive|Battle timer is ON: inactive players will automatically lose when time's up. (requested by CDPGuillaume)
|inactive|CDPGuillaume has 120 seconds left.
|
|t:|1780903536
|teamsize|p1|6
|teamsize|p2|6
|start
|switch|p1a: Primarina|Primarina, F|100/100
|switch|p2a: Senbonzakura|Glimmora, M|100/100
|turn|1
|
|t:|1780903545
|move|p2a: Senbonzakura|Mortal Spin|p1a: Primarina
|-supereffective|p1a: Primarina
|-damage|p1a: Primarina|85/100
|-status|p1a: Primarina|psn
|move|p1a: Primarina|Surf|p2a: Senbonzakura
|-supereffective|p2a: Senbonzakura
|-enditem|p2a: Senbonzakura|Focus Sash
|-damage|p2a: Senbonzakura|1/100
|
|-damage|p1a: Primarina|73/100 psn|[from] psn
|upkeep
|turn|2
|
|t:|1780903552
|move|p2a: Senbonzakura|Stealth Rock|p1a: Primarina
|-sidestart|p1: CDPGuillaume|move: Stealth Rock
|move|p1a: Primarina|Surf|p2a: Senbonzakura
|-supereffective|p2a: Senbonzakura
|-damage|p2a: Senbonzakura|0 fnt
|faint|p2a: Senbonzakura
|
|-damage|p1a: Primarina|61/100 psn|[from] psn
|upkeep
|
|t:|1780903559
|switch|p2a: Portal|Iron Moth|100/100
|-enditem|p2a: Portal|Booster Energy
|-activate|p2a: Portal|ability: Quark Drive|[fromitem]
|-start|p2a: Portal|quarkdrivespe
|turn|3
|
|t:|1780903562
|move|p2a: Portal|Substitute|p2a: Portal
|-start|p2a: Portal|Substitute
|-damage|p2a: Portal|76/100
|move|p1a: Primarina|Surf|p2a: Portal
|-supereffective|p2a: Portal
|-end|p2a: Portal|Substitute
|
|-damage|p1a: Primarina|48/100 psn|[from] psn
|upkeep
|turn|4
|
|t:|1780903564
|move|p2a: Portal|Sludge Wave|p1a: Primarina
|-supereffective|p1a: Primarina
|-damage|p1a: Primarina|0 fnt
|faint|p1a: Primarina
|
|upkeep
|
|t:|1780903571
|switch|p1a: Iron Hands|Iron Hands|100/100
|-damage|p1a: Iron Hands|94/100|[from] Stealth Rock
|turn|5
|
|t:|1780903576
|move|p2a: Portal|Substitute|p2a: Portal
|-start|p2a: Portal|Substitute
|-damage|p2a: Portal|51/100
|move|p1a: Iron Hands|Earthquake|p2a: Portal
|-supereffective|p2a: Portal
|-end|p2a: Portal|Substitute
|
|upkeep
|turn|6
|
|t:|1780903585
|move|p2a: Portal|Dazzling Gleam|p1a: Iron Hands
|-supereffective|p1a: Iron Hands
|-damage|p1a: Iron Hands|65/100
|move|p1a: Iron Hands|Earthquake|p2a: Portal
|-supereffective|p2a: Portal
|-damage|p2a: Portal|0 fnt
|faint|p2a: Portal
|-end|p2a: Portal|Quark Drive|[silent]
|
|upkeep
|
|t:|1780903587
|switch|p2a: Latinas|Latias, F|100/100
|turn|7
|
|t:|1780903594
|-end|p1a: Iron Hands|Quark Drive|[silent]
|switch|p1a: Clefable|Clefable, M|100/100
|move|p2a: Latinas|Calm Mind|p2a: Latinas
|-boost|p2a: Latinas|spa|1
|-boost|p2a: Latinas|spd|1
|
|upkeep
|turn|8
|
|t:|1780903598
|move|p2a: Latinas|Calm Mind|p2a: Latinas
|-boost|p2a: Latinas|spa|1
|-boost|p2a: Latinas|spd|1
|move|p1a: Clefable|Thunder Wave|p2a: Latinas
|-status|p2a: Latinas|par
|
|upkeep
|turn|9
|
|t:|1780903604
|switch|p1a: Cinderace|Cinderace, F|100/100
|move|p2a: Latinas|Calm Mind|p2a: Latinas
|-boost|p2a: Latinas|spa|1
|-boost|p2a: Latinas|spd|1
|
|upkeep
|turn|10
|
|t:|1780903608
|-terastallize|p2a: Latinas|Poison
|move|p1a: Cinderace|Court Change|p1a: Cinderace
|-start|p1a: Cinderace|typechange|Normal|[from] ability: Libero
|-swapsideconditions
|-activate|p1a: Cinderace|move: Court Change
|cant|p2a: Latinas|par
|
|upkeep
|turn|11
|
|t:|1780903615
|move|p1a: Cinderace|U-turn|p2a: Latinas
|-resisted|p2a: Latinas
|-damage|p2a: Latinas|89/100 par
|-enditem|p2a: Latinas|Kee Berry|[eat]
|-boost|p2a: Latinas|def|1|[from] item: Kee Berry
|
|t:|1780903623
|switch|p1a: Clefable|Clefable, M|100/100|[from] U-turn
|move|p2a: Latinas|Aura Sphere|p1a: Clefable
|-resisted|p1a: Clefable
|-damage|p1a: Clefable|91/100
|
|upkeep
|turn|12
|
|t:|1780903628
|cant|p2a: Latinas|par
|move|p1a: Clefable|Flamethrower|p2a: Latinas
|-damage|p2a: Latinas|74/100 par
|
|upkeep
|turn|13
|
|t:|1780903633
|move|p2a: Latinas|Stored Power|p1a: Clefable
|-damage|p1a: Clefable|34/100
|move|p1a: Clefable|Flamethrower|p2a: Latinas
|-damage|p2a: Latinas|59/100 par
|
|upkeep
|turn|14
|
|t:|1780903638
|cant|p2a: Latinas|par
|move|p1a: Clefable|Flamethrower|p2a: Latinas
|-crit|p2a: Latinas
|-damage|p2a: Latinas|36/100 par
|
|upkeep
|turn|15
|
|t:|1780903642
|move|p2a: Latinas|Recover|p2a: Latinas
|-heal|p2a: Latinas|86/100 par
|move|p1a: Clefable|Flamethrower|p2a: Latinas
|-damage|p2a: Latinas|72/100 par
|
|upkeep
|turn|16
|
|t:|1780903646
|move|p2a: Latinas|Calm Mind|p2a: Latinas
|-boost|p2a: Latinas|spa|1
|-boost|p2a: Latinas|spd|1
|move|p1a: Clefable|Flamethrower|p2a: Latinas
|-damage|p2a: Latinas|57/100 par
|
|upkeep
|turn|17
|
|t:|1780903653
|move|p2a: Latinas|Recover|p2a: Latinas
|-heal|p2a: Latinas|100/100 par
|move|p1a: Clefable|Flamethrower|p2a: Latinas
|-damage|p2a: Latinas|86/100 par
|
|upkeep
|turn|18
|
|t:|1780903657
|move|p2a: Latinas|Stored Power|p1a: Clefable
|-damage|p1a: Clefable|0 fnt
|faint|p1a: Clefable
|
|upkeep
|
|t:|1780903661
|switch|p1a: Cinderace|Cinderace, F|100/100
|turn|19
|
|t:|1780903665
|move|p1a: Cinderace|Pyro Ball|p2a: Latinas
|-damage|p2a: Latinas|45/100 par
|move|p2a: Latinas|Stored Power|p1a: Cinderace
|-damage|p1a: Cinderace|0 fnt
|faint|p1a: Cinderace
|
|upkeep
|
|t:|1780903677
|switch|p1a: Kingambit|Kingambit, F|100/100
|-activate|p1a: Kingambit|ability: Supreme Overlord
|-start|p1a: Kingambit|fallen3|[silent]
|turn|20
|
|t:|1780903685
|-end|p1a: Kingambit|fallen3|[silent]
|switch|p1a: Iron Hands|Iron Hands|65/100
|move|p2a: Latinas|Recover|p2a: Latinas
|-heal|p2a: Latinas|95/100 par
|
|upkeep
|turn|21
|
|t:|1780903689
|move|p2a: Latinas|Stored Power|p1a: Iron Hands
|-supereffective|p1a: Iron Hands
|-damage|p1a: Iron Hands|0 fnt
|faint|p1a: Iron Hands
|-end|p1a: Iron Hands|Quark Drive|[silent]
|
|upkeep
|
|t:|1780903696
|switch|p1a: Kyurem|Kyurem|100/100
|-ability|p1a: Kyurem|Pressure
|turn|22
|
|t:|1780903698
|move|p1a: Kyurem|Ice Beam|p2a: Latinas
|-damage|p2a: Latinas|77/100 par
|move|p2a: Latinas|Stored Power|p1a: Kyurem
|-damage|p1a: Kyurem|0 fnt
|faint|p1a: Kyurem
|
|upkeep
|
|t:|1780903702
|switch|p1a: Kingambit|Kingambit, F|100/100
|-activate|p1a: Kingambit|ability: Supreme Overlord
|-start|p1a: Kingambit|fallen5|[silent]
|turn|23
|
|t:|1780903705
|-terastallize|p1a: Kingambit|Bug
|move|p2a: Latinas|Aura Sphere|p1a: Kingambit
|-resisted|p1a: Kingambit
|-damage|p1a: Kingambit|71/100
|move|p1a: Kingambit|Swords Dance|p1a: Kingambit
|-boost|p1a: Kingambit|atk|2
|
|-heal|p1a: Kingambit|77/100|[from] item: Leftovers
|upkeep
|turn|24
|
|t:|1780903711
|move|p1a: Kingambit|Sucker Punch|p2a: Latinas
|-damage|p2a: Latinas|0 fnt
|faint|p2a: Latinas
|
|-heal|p1a: Kingambit|83/100|[from] item: Leftovers
|upkeep
|
|t:|1780903714
|switch|p2a: Kanaria|Kingambit, M|100/100
|-damage|p2a: Kanaria|94/100|[from] Stealth Rock
|-activate|p2a: Kanaria|ability: Supreme Overlord
|-start|p2a: Kanaria|fallen3|[silent]
|turn|25
|
|t:|1780903720
|move|p2a: Kanaria|Iron Head|p1a: Kingambit
|-damage|p1a: Kingambit|43/100
|move|p1a: Kingambit|Kowtow Cleave|p2a: Kanaria
|-resisted|p2a: Kanaria
|-damage|p2a: Kanaria|30/100
|
|-heal|p2a: Kanaria|37/100|[from] item: Leftovers
|-heal|p1a: Kingambit|49/100|[from] item: Leftovers
|upkeep
|turn|26
|
|t:|1780903727
|move|p2a: Kanaria|Sucker Punch||[still]
|-fail|p2a: Kanaria
|move|p1a: Kingambit|Swords Dance|p1a: Kingambit
|-boost|p1a: Kingambit|atk|2
|
|-heal|p2a: Kanaria|43/100|[from] item: Leftovers
|-heal|p1a: Kingambit|55/100|[from] item: Leftovers
|upkeep
|turn|27
|
|t:|1780903731
|move|p1a: Kingambit|Sucker Punch|p2a: Kanaria
|-resisted|p2a: Kanaria
|-damage|p2a: Kanaria|0 fnt
|faint|p2a: Kanaria
|-end|p2a: Kanaria|fallen3|[silent]
|
|-heal|p1a: Kingambit|61/100|[from] item: Leftovers
|upkeep
|
|t:|1780903733
|switch|p2a: Mimikyute|Mimikyu, M|100/100
|-damage|p2a: Mimikyute|88/100|[from] Stealth Rock
|turn|28
|
|t:|1780903737
|move|p2a: Mimikyute|Play Rough|p1a: Kingambit
|-damage|p1a: Kingambit|29/100
|-damage|p2a: Mimikyute|78/100|[from] item: Life Orb
|move|p1a: Kingambit|Iron Head|p2a: Mimikyute
|-activate|p2a: Mimikyute|ability: Disguise
|-damage|p2a: Mimikyute|78/100
|detailschange|p2a: Mimikyute|Mimikyu-Busted, M
|-damage|p2a: Mimikyute|66/100|[from] pokemon: Mimikyu-Busted
|
|-heal|p1a: Kingambit|36/100|[from] item: Leftovers
|upkeep
|turn|29
|
|t:|1780903744
|move|p2a: Mimikyute|Play Rough|p1a: Kingambit
|-damage|p1a: Kingambit|3/100
|-damage|p2a: Mimikyute|56/100|[from] item: Life Orb
|move|p1a: Kingambit|Iron Head|p2a: Mimikyute
|-supereffective|p2a: Mimikyute
|-damage|p2a: Mimikyute|0 fnt
|faint|p2a: Mimikyute
|
|-heal|p1a: Kingambit|9/100|[from] item: Leftovers
|upkeep
|
|t:|1780903747
|switch|p2a: Smithy|Iron Boulder|100/100
|-damage|p2a: Smithy|88/100|[from] Stealth Rock
|-enditem|p2a: Smithy|Booster Energy
|-activate|p2a: Smithy|ability: Quark Drive|[fromitem]
|-start|p2a: Smithy|quarkdrivespe
|turn|30
|
|t:|1780903750
|move|p1a: Kingambit|Sucker Punch||[still]
|-fail|p1a: Kingambit
|move|p2a: Smithy|Swords Dance|p2a: Smithy
|-boost|p2a: Smithy|atk|2
|
|-heal|p1a: Kingambit|15/100|[from] item: Leftovers
|upkeep
|turn|31
|
|t:|1780903754
|move|p1a: Kingambit|Sucker Punch||[still]
|-fail|p1a: Kingambit
|move|p2a: Smithy|Swords Dance|p2a: Smithy
|-boost|p2a: Smithy|atk|2
|
|-heal|p1a: Kingambit|21/100|[from] item: Leftovers
|upkeep
|turn|32
|
|t:|1780903758
|move|p1a: Kingambit|Sucker Punch||[still]
|-fail|p1a: Kingambit
|move|p2a: Smithy|Swords Dance|p2a: Smithy
|-boost|p2a: Smithy|atk|2
|
|-heal|p1a: Kingambit|28/100|[from] item: Leftovers
|upkeep
|turn|33
|
|t:|1780903762
|move|p1a: Kingambit|Sucker Punch||[still]
|-fail|p1a: Kingambit
|move|p2a: Smithy|Swords Dance|p2a: Smithy
|-boost|p2a: Smithy|atk|0
|
|-heal|p1a: Kingambit|34/100|[from] item: Leftovers
|upkeep
|turn|34
|
|t:|1780903764
|move|p1a: Kingambit|Sucker Punch|p2a: Smithy
|-supereffective|p2a: Smithy
|-damage|p2a: Smithy|0 fnt
|faint|p2a: Smithy
|-end|p2a: Smithy|Quark Drive|[silent]
|
|win|CDPGuillaume
|raw|CDPGuillaume's rating: 1654 &rarr; <strong>1682</strong><br />(+28 for winning)
|raw|DiceyRice's rating: 1807 &rarr; <strong>1779</strong><br />(-28 for losing)
|l|☆CDPGuillaume
|player|p1|
|l|☆DiceyRice
|player|p2|
