|j|☆KurisuChestnutLab
|j|☆lord shiddenfards
|t:|1781119401
|gametype|singles
|player|p1|KurisuChestnutLab|may-contest|1566
|player|p2|lord shiddenfards|blaine|1623
|gen|9
|tier|[Gen 9] OU
|rated|
|rule|HP Percentage Mod: HP is shown in percentages
|rule|Endless Battle Clause: Forcing endless battles is banned
|rule|Species Clause: Limit one of each Pokémon
|rule|OHKO Clause: OHKO moves are banned
|rule|Evasion Items Clause: Evasion items are banned
|rule|Evasion Moves Clause: Evasion moves are banned
|rule|Evasion Abilities Clause: Evasion abilities are banned
|rule|Sleep Moves Clause: Sleep-inducing moves are banned
|clearpoke
|poke|p1|Primarina, F|
|poke|p1|Hippowdon, M|
|poke|p1|Skarmory, F|
|poke|p1|Zapdos|
|poke|p1|Dragonite, F|
|poke|p1|Slowking, F|
|poke|p2|Ninetales, F|
|poke|p2|Great Tusk|
|poke|p2|Slither Wing|
|poke|p2|Alomomola, F|
|poke|p2|Iron Moth|
|poke|p2|Raging Bolt|
|teampreview
|inactive|Battle timer is ON: inactive players will automatically lose when time's up. (requested by KurisuChestnutLab)
|
|t:|1781119425
|teamsize|p1|6
|teamsize|p2|6
|start
|switch|p1a: Primarina|Primarina, F|100/100
|switch|p2a: Slither Wing|Slither Wing|100/100
|turn|1
|
|t:|1781119430
|move|p2a: Slither Wing|U-turn|p1a: Primarina
|-resisted|p1a: Primarina
|-damage|p1a: Primarina|65/100
|
|t:|1781119436
|-end|p2a: Slither Wing|Protosynthesis|[silent]
|switch|p2a: Ninetales|Ninetales, F|100/100|[from] U-turn
|-weather|SunnyDay|[from] ability: Drought|[of] p2a: Ninetales
|move|p1a: Primarina|Moonblast|p2a: Ninetales
|-resisted|p2a: Ninetales
|-damage|p2a: Ninetales|68/100
|
|-weather|SunnyDay|[upkeep]
|upkeep
|turn|2
|
|t:|1781119443
|switch|p2a: Alomomola|Alomomola, F|100/100
|move|p1a: Primarina|Psychic|p2a: Alomomola
|-damage|p2a: Alomomola|73/100
|-enditem|p2a: Alomomola|Eject Button
|
|t:|1781119465
|switch|p2a: Raging Bolt|Raging Bolt|100/100
|-activate|p2a: Raging Bolt|ability: Protosynthesis
|-start|p2a: Raging Bolt|protosynthesisspa
|
|-weather|SunnyDay|[upkeep]
|upkeep
|turn|3
|
|t:|1781119474
|switch|p1a: Hippowdon|Hippowdon, M|100/100
|-weather|Sandstorm|[from] ability: Sand Stream|[of] p1a: Hippowdon
|-end|p2a: Raging Bolt|Protosynthesis
|move|p2a: Raging Bolt|Draco Meteor|p1a: Hippowdon|[miss]
|-miss|p2a: Raging Bolt|p1a: Hippowdon
|
|-weather|Sandstorm|[upkeep]
|-damage|p2a: Raging Bolt|94/100|[from] Sandstorm
|upkeep
|turn|4
|
|t:|1781119480
|-end|p2a: Raging Bolt|Protosynthesis|[silent]
|switch|p2a: Great Tusk|Great Tusk|100/100
|switch|p1a: Primarina|Primarina, F|65/100
|
|-weather|Sandstorm|[upkeep]
|-damage|p1a: Primarina|58/100|[from] Sandstorm
|upkeep
|turn|5
|
|t:|1781119487
|-end|p2a: Great Tusk|Protosynthesis|[silent]
|switch|p2a: Ninetales|Ninetales, F|68/100
|-weather|SunnyDay|[from] ability: Drought|[of] p2a: Ninetales
|move|p1a: Primarina|Moonblast|p2a: Ninetales
|-resisted|p2a: Ninetales
|-damage|p2a: Ninetales|38/100
|
|-weather|SunnyDay|[upkeep]
|upkeep
|turn|6
|
|t:|1781119493
|move|p2a: Ninetales|Overheat|p1a: Primarina
|-resisted|p1a: Primarina
|-damage|p1a: Primarina|30/100
|-unboost|p2a: Ninetales|spa|2
|move|p1a: Primarina|Moonblast|p2a: Ninetales
|-resisted|p2a: Ninetales
|-damage|p2a: Ninetales|8/100
|-unboost|p2a: Ninetales|spa|1
|
|-weather|SunnyDay|[upkeep]
|upkeep
|turn|7
|
|t:|1781119502
|switch|p2a: Alomomola|Alomomola, F|100/100
|move|p1a: Primarina|Moonblast|p2a: Alomomola
|-damage|p2a: Alomomola|56/100
|-unboost|p2a: Alomomola|spa|1
|
|-weather|SunnyDay|[upkeep]
|upkeep
|turn|8
|
|t:|1781119509
|move|p1a: Primarina|Moonblast|p2a: Alomomola
|-damage|p2a: Alomomola|15/100
|move|p2a: Alomomola|Flip Turn|p1a: Primarina
|-resisted|p1a: Primarina
|-damage|p1a: Primarina|25/100
|
|t:|1781119515
|switch|p2a: Slither Wing|Slither Wing|100/100|[from] Flip Turn
|-activate|p2a: Slither Wing|ability: Protosynthesis
|-start|p2a: Slither Wing|protosynthesisatk
|
|-weather|SunnyDay|[upkeep]
|upkeep
|turn|9
|
|t:|1781119521
|switch|p1a: Dragonite|Dragonite, F|100/100
|move|p2a: Slither Wing|U-turn|p1a: Dragonite
|-resisted|p1a: Dragonite
|-damage|p1a: Dragonite|78/100
|
|t:|1781119525
|-end|p2a: Slither Wing|Protosynthesis|[silent]
|switch|p2a: Great Tusk|Great Tusk|100/100|[from] U-turn
|-activate|p2a: Great Tusk|ability: Protosynthesis
|-start|p2a: Great Tusk|protosynthesisspe
|
|-weather|none
|-end|p2a: Great Tusk|Protosynthesis
|upkeep
|turn|10
|
|t:|1781119534
|switch|p1a: Zapdos|Zapdos|100/100
|move|p2a: Great Tusk|Ice Spinner|p1a: Zapdos
|-supereffective|p1a: Zapdos
|-damage|p1a: Zapdos|68/100
|
|upkeep
|turn|11
|
|t:|1781119540
|-end|p2a: Great Tusk|Protosynthesis|[silent]
|switch|p2a: Raging Bolt|Raging Bolt|94/100
|move|p1a: Zapdos|Hurricane|p2a: Raging Bolt|[miss]
|-miss|p1a: Zapdos|p2a: Raging Bolt
|
|upkeep
|turn|12
|
|t:|1781119543
|switch|p1a: Hippowdon|Hippowdon, M|100/100
|-weather|Sandstorm|[from] ability: Sand Stream|[of] p1a: Hippowdon
|move|p2a: Raging Bolt|Draco Meteor|p1a: Hippowdon
|-damage|p1a: Hippowdon|24/100
|-unboost|p2a: Raging Bolt|spa|2
|
|-weather|Sandstorm|[upkeep]
|-damage|p2a: Raging Bolt|88/100|[from] Sandstorm
|-heal|p1a: Hippowdon|30/100|[from] item: Leftovers
|upkeep
|turn|13
|
|t:|1781119549
|move|p2a: Raging Bolt|Draco Meteor|p1a: Hippowdon
|-damage|p1a: Hippowdon|0 fnt
|-unboost|p2a: Raging Bolt|spa|2
|faint|p1a: Hippowdon
|
|-weather|Sandstorm|[upkeep]
|-damage|p2a: Raging Bolt|82/100|[from] Sandstorm
|upkeep
|
|t:|1781119556
|switch|p1a: Dragonite|Dragonite, F|78/100
|turn|14
|
|t:|1781119565
|move|p1a: Dragonite|Dragon Dance|p1a: Dragonite
|-boost|p1a: Dragonite|atk|1
|-boost|p1a: Dragonite|spe|1
|move|p2a: Raging Bolt|Volt Switch|p1a: Dragonite
|-damage|p1a: Dragonite|63/100
|
|t:|1781119569
|-end|p2a: Raging Bolt|Protosynthesis|[silent]
|switch|p2a: Great Tusk|Great Tusk|100/100|[from] Volt Switch
|
|-weather|Sandstorm|[upkeep]
|-damage|p1a: Dragonite|57/100|[from] Sandstorm
|upkeep
|turn|15
|
|t:|1781119576
|move|p1a: Dragonite|Roost|p1a: Dragonite
|-heal|p1a: Dragonite|100/100
|-singleturn|p1a: Dragonite|move: Roost
|move|p2a: Great Tusk|Ice Spinner|p1a: Dragonite
|-supereffective|p1a: Dragonite
|-damage|p1a: Dragonite|77/100
|
|-weather|Sandstorm|[upkeep]
|-damage|p1a: Dragonite|71/100|[from] Sandstorm
|upkeep
|turn|16
|
|t:|1781119583
|move|p1a: Dragonite|Roost|p1a: Dragonite
|-heal|p1a: Dragonite|100/100
|-singleturn|p1a: Dragonite|move: Roost
|move|p2a: Great Tusk|Ice Spinner|p1a: Dragonite
|-supereffective|p1a: Dragonite
|-damage|p1a: Dragonite|75/100
|
|-weather|none
|upkeep
|turn|17
|
|t:|1781119587
|-terastallize|p1a: Dragonite|Normal
|move|p1a: Dragonite|Dragon Dance|p1a: Dragonite
|-boost|p1a: Dragonite|atk|1
|-boost|p1a: Dragonite|spe|1
|move|p2a: Great Tusk|Rapid Spin|p1a: Dragonite
|-damage|p1a: Dragonite|57/100
|-boost|p2a: Great Tusk|spe|1
|
|upkeep
|turn|18
|
|t:|1781119603
|move|p1a: Dragonite|Roost|p1a: Dragonite
|-heal|p1a: Dragonite|100/100
|move|p2a: Great Tusk|Bulk Up|p2a: Great Tusk
|-boost|p2a: Great Tusk|atk|1
|-boost|p2a: Great Tusk|def|1
|
|upkeep
|turn|19
|
|t:|1781119609
|move|p1a: Dragonite|Earthquake|p2a: Great Tusk
|-damage|p2a: Great Tusk|67/100
|move|p2a: Great Tusk|Rapid Spin|p1a: Dragonite
|-damage|p1a: Dragonite|88/100
|-boost|p2a: Great Tusk|spe|1
|
|upkeep
|turn|20
|
|t:|1781119613
|move|p1a: Dragonite|Extreme Speed|p2a: Great Tusk
|-damage|p2a: Great Tusk|25/100
|move|p2a: Great Tusk|Bulk Up|p2a: Great Tusk
|-boost|p2a: Great Tusk|atk|1
|-boost|p2a: Great Tusk|def|1
|
|upkeep
|turn|21
|
|t:|1781119626
|-terastallize|p2a: Great Tusk|Ghost
|move|p1a: Dragonite|Extreme Speed|p2a: Great Tusk
|-immune|p2a: Great Tusk
|move|p2a: Great Tusk|Headlong Rush|p1a: Dragonite
|-damage|p1a: Dragonite|0 fnt
|-unboost|p2a: Great Tusk|def|1
|-unboost|p2a: Great Tusk|spd|1
|faint|p1a: Dragonite
|
|upkeep
|
|t:|1781119633
|switch|p1a: Skarmory|Skarmory, F|100/100
|turn|22
|
|t:|1781119646
|-end|p2a: Great Tusk|Protosynthesis|[silent]
|switch|p2a: Ninetales|Ninetales, F|8/100
|-weather|SunnyDay|[from] ability: Drought|[of] p2a: Ninetales
|move|p1a: Skarmory|Iron Head|p2a: Ninetales
|-resisted|p2a: Ninetales
|-crit|p2a: Ninetales
|-damage|p2a: Ninetales|0 fnt
|faint|p2a: Ninetales
|
|-weather|SunnyDay|[upkeep]
|upkeep
|
|t:|1781119649
|switch|p2a: Raging Bolt|Raging Bolt|82/100
|-activate|p2a: Raging Bolt|ability: Protosynthesis
|-start|p2a: Raging Bolt|protosynthesisspa
|turn|23
|
|t:|1781119654
|switch|p1a: Primarina|Primarina, F|25/100
|move|p2a: Raging Bolt|Volt Switch|p1a: Primarina
|-supereffective|p1a: Primarina
|-damage|p1a: Primarina|0 fnt
|faint|p1a: Primarina
|
|t:|1781119665
|-end|p2a: Raging Bolt|Protosynthesis|[silent]
|switch|p2a: Alomomola|Alomomola, F|48/100|[from] Volt Switch
|
|-weather|SunnyDay|[upkeep]
|upkeep
|
|t:|1781119669
|switch|p1a: Slowking|Slowking, F|100/100
|turn|24
|
|t:|1781119674
|move|p2a: Alomomola|Flip Turn|p1a: Slowking
|-resisted|p1a: Slowking
|-damage|p1a: Slowking|96/100
|
|t:|1781119677
|switch|p2a: Raging Bolt|Raging Bolt|82/100|[from] Flip Turn
|-activate|p2a: Raging Bolt|ability: Protosynthesis
|-start|p2a: Raging Bolt|protosynthesisspa
|move|p1a: Slowking|Future Sight|p2a: Raging Bolt
|-start|p1a: Slowking|move: Future Sight
|
|-weather|SunnyDay|[upkeep]
|upkeep
|turn|25
|
|t:|1781119692
|move|p2a: Raging Bolt|Weather Ball|p1a: Slowking
|-resisted|p1a: Slowking
|-damage|p1a: Slowking|74/100
|move|p1a: Slowking|Slack Off|p1a: Slowking
|-heal|p1a: Slowking|100/100
|
|-weather|SunnyDay|[upkeep]
|upkeep
|turn|26
|
|t:|1781119696
|move|p2a: Raging Bolt|Volt Switch|p1a: Slowking
|-supereffective|p1a: Slowking
|-damage|p1a: Slowking|30/100
|
|t:|1781119700
|-end|p2a: Raging Bolt|Protosynthesis|[silent]
|switch|p2a: Alomomola|Alomomola, F|82/100|[from] Volt Switch
|move|p1a: Slowking|Slack Off|p1a: Slowking
|-heal|p1a: Slowking|80/100
|
|-weather|none
|-end|p2a: Alomomola|move: Future Sight
|-damage|p2a: Alomomola|46/100
|upkeep
|turn|27
|
|t:|1781119704
|move|p2a: Alomomola|Wish|p2a: Alomomola
|move|p1a: Slowking|Future Sight|p2a: Alomomola
|-start|p1a: Slowking|move: Future Sight
|
|upkeep
|turn|28
|
|t:|1781119709
|move|p2a: Alomomola|Flip Turn|p1a: Slowking
|-resisted|p1a: Slowking
|-damage|p1a: Slowking|72/100
|
|t:|1781119714
|switch|p2a: Slither Wing|Slither Wing|100/100|[from] Flip Turn
|move|p1a: Slowking|Scald|p2a: Slither Wing
|-damage|p2a: Slither Wing|70/100
|-status|p2a: Slither Wing|brn
|
|-heal|p2a: Slither Wing|100/100 brn|[from] move: Wish|[wisher] Alomomola
|-damage|p2a: Slither Wing|94/100 brn|[from] brn
|upkeep
|turn|29
|
|t:|1781119722
|move|p2a: Slither Wing|U-turn|p1a: Slowking
|-supereffective|p1a: Slowking
|-damage|p1a: Slowking|11/100
|
|t:|1781119725
|-end|p2a: Slither Wing|Protosynthesis|[silent]
|switch|p2a: Alomomola|Alomomola, F|79/100|[from] U-turn
|move|p1a: Slowking|Slack Off|p1a: Slowking
|-heal|p1a: Slowking|61/100
|
|-end|p2a: Alomomola|move: Future Sight
|-damage|p2a: Alomomola|46/100
|upkeep
|turn|30
|
|t:|1781119730
|move|p2a: Alomomola|Wish|p2a: Alomomola
|move|p1a: Slowking|Future Sight|p2a: Alomomola
|-start|p1a: Slowking|move: Future Sight
|
|upkeep
|turn|31
|
|t:|1781119735
|move|p2a: Alomomola|Flip Turn|p1a: Slowking
|-resisted|p1a: Slowking
|-damage|p1a: Slowking|53/100
|
|t:|1781119738
|switch|p2a: Raging Bolt|Raging Bolt|82/100|[from] Flip Turn
|move|p1a: Slowking|Scald|p2a: Raging Bolt
|-resisted|p2a: Raging Bolt
|-damage|p2a: Raging Bolt|75/100
|-status|p2a: Raging Bolt|brn
|
|-heal|p2a: Raging Bolt|100/100 brn|[from] move: Wish|[wisher] Alomomola
|-damage|p2a: Raging Bolt|94/100 brn|[from] brn
|upkeep
|turn|32
|
|t:|1781119741
|switch|p1a: Zapdos|Zapdos|68/100
|move|p2a: Raging Bolt|Volt Switch|p1a: Zapdos
|-damage|p1a: Zapdos|30/100
|
|t:|1781119749
|-end|p2a: Raging Bolt|Protosynthesis|[silent]
|switch|p2a: Iron Moth|Iron Moth|100/100|[from] Volt Switch
|-enditem|p2a: Iron Moth|Booster Energy
|-activate|p2a: Iron Moth|ability: Quark Drive|[fromitem]
|-start|p2a: Iron Moth|quarkdrivespe
|
|-end|p2a: Iron Moth|move: Future Sight
|-supereffective|p2a: Iron Moth
|-damage|p2a: Iron Moth|21/100
|upkeep
|turn|33
|
|t:|1781119752
|switch|p1a: Slowking|Slowking, F|86/100
|move|p2a: Iron Moth|Fiery Dance|p1a: Slowking
|-resisted|p1a: Slowking
|-crit|p1a: Slowking
|-damage|p1a: Slowking|66/100
|
|upkeep
|turn|34
|
|t:|1781119760
|-end|p2a: Iron Moth|Quark Drive|[silent]
|switch|p2a: Raging Bolt|Raging Bolt|94/100 brn
|move|p1a: Slowking|Slack Off|p1a: Slowking
|-heal|p1a: Slowking|100/100
|
|-damage|p2a: Raging Bolt|88/100 brn|[from] brn
|upkeep
|turn|35
|
|t:|1781119763
|move|p2a: Raging Bolt|Volt Switch|p1a: Slowking
|-supereffective|p1a: Slowking
|-damage|p1a: Slowking|54/100
|
|t:|1781119767
|-end|p2a: Raging Bolt|Protosynthesis|[silent]
|switch|p2a: Slither Wing|Slither Wing|94/100 brn|[from] Volt Switch
|move|p1a: Slowking|Slack Off|p1a: Slowking
|-heal|p1a: Slowking|100/100
|
|-damage|p2a: Slither Wing|88/100 brn|[from] brn
|upkeep
|turn|36
|
|t:|1781119773
|move|p2a: Slither Wing|U-turn|p1a: Slowking
|-supereffective|p1a: Slowking
|-damage|p1a: Slowking|39/100
|
|t:|1781119776
|-end|p2a: Slither Wing|Protosynthesis|[silent]
|switch|p2a: Raging Bolt|Raging Bolt|88/100 brn|[from] U-turn
|move|p1a: Slowking|Slack Off|p1a: Slowking
|-heal|p1a: Slowking|89/100
|
|-damage|p2a: Raging Bolt|82/100 brn|[from] brn
|upkeep
|turn|37
|
|t:|1781119783
|move|p2a: Raging Bolt|Volt Switch|p1a: Slowking
|-supereffective|p1a: Slowking
|-damage|p1a: Slowking|38/100
|
|t:|1781119786
|-end|p2a: Raging Bolt|Protosynthesis|[silent]
|switch|p2a: Slither Wing|Slither Wing|88/100 brn|[from] Volt Switch
|move|p1a: Slowking|Slack Off|p1a: Slowking
|-heal|p1a: Slowking|88/100
|
|-damage|p2a: Slither Wing|82/100 brn|[from] brn
|upkeep
|turn|38
|
|t:|1781119790
|switch|p1a: Zapdos|Zapdos|30/100
|move|p2a: Slither Wing|U-turn|p1a: Zapdos
|-resisted|p1a: Zapdos
|-damage|p1a: Zapdos|18/100
|
|t:|1781119792
|-end|p2a: Slither Wing|Protosynthesis|[silent]
|switch|p2a: Raging Bolt|Raging Bolt|82/100 brn|[from] U-turn
|
|-damage|p2a: Raging Bolt|76/100 brn|[from] brn
|upkeep
|turn|39
|
|t:|1781119795
|switch|p1a: Slowking|Slowking, F|100/100
|move|p2a: Raging Bolt|Volt Switch|p1a: Slowking
|-supereffective|p1a: Slowking
|-damage|p1a: Slowking|53/100
|
|t:|1781119797
|-end|p2a: Raging Bolt|Protosynthesis|[silent]
|switch|p2a: Slither Wing|Slither Wing|82/100 brn|[from] Volt Switch
|
|-damage|p2a: Slither Wing|76/100 brn|[from] brn
|upkeep
|turn|40
|
|t:|1781119803
|switch|p1a: Zapdos|Zapdos|18/100
|move|p2a: Slither Wing|U-turn|p1a: Zapdos
|-resisted|p1a: Zapdos
|-damage|p1a: Zapdos|6/100
|
|t:|1781119805
|-end|p2a: Slither Wing|Protosynthesis|[silent]
|switch|p2a: Raging Bolt|Raging Bolt|76/100 brn|[from] U-turn
|
|-damage|p2a: Raging Bolt|70/100 brn|[from] brn
|upkeep
|turn|41
|
|t:|1781119809
|move|p1a: Zapdos|Roost|p1a: Zapdos
|-heal|p1a: Zapdos|56/100
|-singleturn|p1a: Zapdos|move: Roost
|move|p2a: Raging Bolt|Volt Switch|p1a: Zapdos
|-resisted|p1a: Zapdos
|-damage|p1a: Zapdos|37/100
|
|t:|1781119814
|-end|p2a: Raging Bolt|Protosynthesis|[silent]
|switch|p2a: Iron Moth|Iron Moth|21/100|[from] Volt Switch
|
|upkeep
|turn|42
|
|t:|1781119817
|switch|p1a: Slowking|Slowking, F|86/100
|move|p2a: Iron Moth|Sludge Wave|p1a: Slowking
|-damage|p1a: Slowking|56/100
|
|upkeep
|turn|43
|
|t:|1781119823
|-end|p2a: Iron Moth|Quark Drive|[silent]
|switch|p2a: Alomomola|Alomomola, F|79/100
|move|p1a: Slowking|Slack Off|p1a: Slowking
|-heal|p1a: Slowking|100/100
|
|upkeep
|turn|44
|
|t:|1781119830
|move|p2a: Alomomola|Wish|p2a: Alomomola
|move|p1a: Slowking|Future Sight|p2a: Alomomola
|-start|p1a: Slowking|move: Future Sight
|
|upkeep
|turn|45
|
|t:|1781119834
|move|p2a: Alomomola|Flip Turn|p1a: Slowking
|-resisted|p1a: Slowking
|-crit|p1a: Slowking
|-damage|p1a: Slowking|88/100
|
|t:|1781119840
|switch|p2a: Raging Bolt|Raging Bolt|70/100 brn|[from] Flip Turn
|move|p1a: Slowking|Scald|p2a: Raging Bolt
|-resisted|p2a: Raging Bolt
|-damage|p2a: Raging Bolt|62/100 brn
|
|-heal|p2a: Raging Bolt|100/100 brn|[from] move: Wish|[wisher] Alomomola
|-damage|p2a: Raging Bolt|94/100 brn|[from] brn
|upkeep
|turn|46
|
|t:|1781119843
|move|p2a: Raging Bolt|Volt Switch|p1a: Slowking
|-supereffective|p1a: Slowking
|-damage|p1a: Slowking|37/100
|
|t:|1781119846
|-end|p2a: Raging Bolt|Protosynthesis|[silent]
|switch|p2a: Alomomola|Alomomola, F|100/100|[from] Volt Switch
|-prepare|p1a: Slowking|Chilly Reception|[premajor]
|move|p1a: Slowking|Chilly Reception|p1a: Slowking
|-weather|Snowscape
|
|t:|1781119850
|switch|p1a: Zapdos|Zapdos|37/100|[from] Chilly Reception
|
|-weather|Snowscape|[upkeep]
|-end|p2a: Alomomola|move: Future Sight
|-damage|p2a: Alomomola|69/100
|upkeep
|turn|47
|
|t:|1781119861
|switch|p2a: Raging Bolt|Raging Bolt|94/100 brn
|move|p1a: Zapdos|Roost|p1a: Zapdos
|-heal|p1a: Zapdos|87/100
|-singleturn|p1a: Zapdos|move: Roost
|
|-weather|Snowscape|[upkeep]
|-damage|p2a: Raging Bolt|88/100 brn|[from] brn
|upkeep
|turn|48
|
|t:|1781119878
|move|p1a: Zapdos|Roost|p1a: Zapdos
|-heal|p1a: Zapdos|100/100
|-singleturn|p1a: Zapdos|move: Roost
|move|p2a: Raging Bolt|Weather Ball|p1a: Zapdos
|-damage|p1a: Zapdos|64/100
|
|-weather|Snowscape|[upkeep]
|-damage|p2a: Raging Bolt|82/100 brn|[from] brn
|upkeep
|turn|49
|
|t:|1781119883
|move|p1a: Zapdos|Roost|p1a: Zapdos
|-heal|p1a: Zapdos|100/100
|-singleturn|p1a: Zapdos|move: Roost
|move|p2a: Raging Bolt|Volt Switch|p1a: Zapdos
|-resisted|p1a: Zapdos
|-damage|p1a: Zapdos|80/100
|
|t:|1781119893
|-end|p2a: Raging Bolt|Protosynthesis|[silent]
|switch|p2a: Alomomola|Alomomola, F|100/100|[from] Volt Switch
|
|-weather|Snowscape|[upkeep]
|upkeep
|turn|50
|
|t:|1781119900
|move|p1a: Zapdos|Volt Switch|p2a: Alomomola
|-supereffective|p2a: Alomomola
|-damage|p2a: Alomomola|51/100
|
|t:|1781119904
|switch|p1a: Slowking|Slowking, F|71/100|[from] Volt Switch
|move|p2a: Alomomola|Wish|p2a: Alomomola
|
|-weather|none
|upkeep
|turn|51
|
|t:|1781119912
|move|p2a: Alomomola|Flip Turn|p1a: Slowking
|-resisted|p1a: Slowking
|-damage|p1a: Slowking|61/100
|
|t:|1781119916
|switch|p2a: Raging Bolt|Raging Bolt|82/100 brn|[from] Flip Turn
|move|p1a: Slowking|Future Sight|p2a: Raging Bolt
|-start|p1a: Slowking|move: Future Sight
|
|-heal|p2a: Raging Bolt|100/100 brn|[from] move: Wish|[wisher] Alomomola
|-damage|p2a: Raging Bolt|94/100 brn|[from] brn
|upkeep
|turn|52
|
|t:|1781119919
|switch|p1a: Zapdos|Zapdos|80/100
|move|p2a: Raging Bolt|Volt Switch|p1a: Zapdos
|-damage|p1a: Zapdos|41/100
|
|t:|1781119928
|-end|p2a: Raging Bolt|Protosynthesis|[silent]
|switch|p2a: Alomomola|Alomomola, F|85/100|[from] Volt Switch
|
|upkeep
|turn|53
|
|t:|1781119935
|move|p2a: Alomomola|Protect|p2a: Alomomola
|-singleturn|p2a: Alomomola|Protect
|move|p1a: Zapdos|Roost|p1a: Zapdos
|-heal|p1a: Zapdos|91/100
|-singleturn|p1a: Zapdos|move: Roost
|
|-end|p2a: Alomomola|move: Future Sight
|-damage|p2a: Alomomola|52/100
|upkeep
|turn|54
|
|t:|1781119942
|switch|p2a: Raging Bolt|Raging Bolt|94/100 brn
|move|p1a: Zapdos|Hurricane|p2a: Raging Bolt
|-resisted|p2a: Raging Bolt
|-damage|p2a: Raging Bolt|83/100 brn
|
|-damage|p2a: Raging Bolt|76/100 brn|[from] brn
|upkeep
|turn|55
|
|t:|1781119946
|move|p1a: Zapdos|Roost|p1a: Zapdos
|-heal|p1a: Zapdos|100/100
|-singleturn|p1a: Zapdos|move: Roost
|move|p2a: Raging Bolt|Volt Switch|p1a: Zapdos
|-resisted|p1a: Zapdos
|-damage|p1a: Zapdos|81/100
|
|t:|1781119953
|-end|p2a: Raging Bolt|Protosynthesis|[silent]
|switch|p2a: Alomomola|Alomomola, F|85/100|[from] Volt Switch
|
|upkeep
|turn|56
|
|t:|1781119958
|move|p1a: Zapdos|Hurricane|p2a: Alomomola|[miss]
|-miss|p1a: Zapdos|p2a: Alomomola
|move|p2a: Alomomola|Wish|p2a: Alomomola
|
|upkeep
|turn|57
|
|t:|1781119963
|move|p1a: Zapdos|Volt Switch|p2a: Alomomola
|-supereffective|p2a: Alomomola
|-damage|p2a: Alomomola|36/100
|
|t:|1781119969
|switch|p1a: Slowking|Slowking, F|95/100|[from] Volt Switch
|move|p2a: Alomomola|Flip Turn|p1a: Slowking
|-resisted|p1a: Slowking
|-damage|p1a: Slowking|86/100
|
|t:|1781119976
|switch|p2a: Iron Moth|Iron Moth|21/100|[from] Flip Turn
|
|-heal|p2a: Iron Moth|100/100|[from] move: Wish|[wisher] Alomomola
|upkeep
|turn|58
|
|t:|1781119983
|-end|p2a: Iron Moth|Quark Drive|[silent]
|switch|p2a: Raging Bolt|Raging Bolt|76/100 brn
|move|p1a: Slowking|Future Sight|p2a: Raging Bolt
|-start|p1a: Slowking|move: Future Sight
|
|-damage|p2a: Raging Bolt|70/100 brn|[from] brn
|upkeep
|turn|59
|
|t:|1781119992
|move|p2a: Raging Bolt|Draco Meteor|p1a: Slowking
|-damage|p1a: Slowking|37/100
|-unboost|p2a: Raging Bolt|spa|2
|-prepare|p1a: Slowking|Chilly Reception|[premajor]
|move|p1a: Slowking|Chilly Reception|p1a: Slowking
|-weather|Snowscape
|
|t:|1781119997
|switch|p1a: Zapdos|Zapdos|81/100|[from] Chilly Reception
|
|-weather|Snowscape|[upkeep]
|-damage|p2a: Raging Bolt|64/100 brn|[from] brn
|upkeep
|turn|60
|
|t:|1781120001
|move|p1a: Zapdos|Hurricane|p2a: Raging Bolt
|-resisted|p2a: Raging Bolt
|-damage|p2a: Raging Bolt|52/100 brn
|move|p2a: Raging Bolt|Volt Switch|p1a: Zapdos
|-damage|p1a: Zapdos|61/100
|
|t:|1781120009
|-end|p2a: Raging Bolt|Protosynthesis|[silent]
|switch|p2a: Alomomola|Alomomola, F|70/100|[from] Volt Switch
|
|-weather|Snowscape|[upkeep]
|-end|p2a: Alomomola|move: Future Sight
|-damage|p2a: Alomomola|34/100
|upkeep
|turn|61
|
|t:|1781120014
|switch|p2a: Raging Bolt|Raging Bolt|52/100 brn
|move|p1a: Zapdos|Hurricane|p2a: Raging Bolt
|-resisted|p2a: Raging Bolt
|-damage|p2a: Raging Bolt|39/100 brn
|-start|p2a: Raging Bolt|confusion
|
|-weather|Snowscape|[upkeep]
|-damage|p2a: Raging Bolt|33/100 brn|[from] brn
|upkeep
|turn|62
|
|t:|1781120025
|-end|p2a: Raging Bolt|Protosynthesis|[silent]
|switch|p2a: Great Tusk|Great Tusk, tera:Ghost|25/100
|move|p1a: Zapdos|Roost|p1a: Zapdos
|-heal|p1a: Zapdos|100/100
|-singleturn|p1a: Zapdos|move: Roost
|
|-weather|Snowscape|[upkeep]
|upkeep
|turn|63
|
|t:|1781120028
|move|p2a: Great Tusk|Ice Spinner|p1a: Zapdos
|-supereffective|p1a: Zapdos
|-damage|p1a: Zapdos|67/100
|-status|p2a: Great Tusk|par|[from] ability: Static|[of] p1a: Zapdos
|move|p1a: Zapdos|Hurricane|p2a: Great Tusk|[miss]
|-miss|p1a: Zapdos|p2a: Great Tusk
|
|-weather|none
|upkeep
|turn|64
|
|t:|1781120034
|move|p1a: Zapdos|Roost|p1a: Zapdos
|-heal|p1a: Zapdos|100/100
|-singleturn|p1a: Zapdos|move: Roost
|move|p2a: Great Tusk|Ice Spinner|p1a: Zapdos
|-damage|p1a: Zapdos|84/100
|
|upkeep
|turn|65
|
|t:|1781120039
|move|p1a: Zapdos|Hurricane|p2a: Great Tusk
|-damage|p2a: Great Tusk|0 fnt
|faint|p2a: Great Tusk
|-end|p2a: Great Tusk|Protosynthesis|[silent]
|
|upkeep
|
|t:|1781120050
|switch|p2a: Alomomola|Alomomola, F|67/100
|turn|66
|
|t:|1781120052
|move|p2a: Alomomola|Protect|p2a: Alomomola
|-singleturn|p2a: Alomomola|Protect
|move|p1a: Zapdos|Volt Switch|p2a: Alomomola
|-activate|p2a: Alomomola|move: Protect
|
|upkeep
|turn|67
|
|t:|1781120061
|move|p1a: Zapdos|Volt Switch|p2a: Alomomola
|-supereffective|p2a: Alomomola
|-damage|p2a: Alomomola|20/100
|
|t:|1781120068
|switch|p1a: Slowking|Slowking, F|70/100|[from] Volt Switch
|move|p2a: Alomomola|Wish|p2a: Alomomola
|
|upkeep
|turn|68
|
|t:|1781120076
|move|p2a: Alomomola|Flip Turn|p1a: Slowking
|-resisted|p1a: Slowking
|-damage|p1a: Slowking|62/100
|
|t:|1781120079
|switch|p2a: Raging Bolt|Raging Bolt|33/100 brn|[from] Flip Turn
|move|p1a: Slowking|Future Sight|p2a: Raging Bolt
|-start|p1a: Slowking|move: Future Sight
|
|-heal|p2a: Raging Bolt|86/100 brn|[from] move: Wish|[wisher] Alomomola
|-damage|p2a: Raging Bolt|80/100 brn|[from] brn
|upkeep
|turn|69
|
|t:|1781120083
|switch|p1a: Zapdos|Zapdos|84/100
|move|p2a: Raging Bolt|Volt Switch|p1a: Zapdos
|-damage|p1a: Zapdos|41/100
|
|t:|1781120089
|-end|p2a: Raging Bolt|Protosynthesis|[silent]
|switch|p2a: Iron Moth|Iron Moth|100/100|[from] Volt Switch
|
|upkeep
|turn|70
|
|t:|1781120095
|switch|p1a: Slowking|Slowking, F|95/100
|move|p2a: Iron Moth|Sludge Wave|p1a: Slowking
|-damage|p1a: Slowking|68/100
|
|-end|p2a: Iron Moth|move: Future Sight
|-supereffective|p2a: Iron Moth
|-damage|p2a: Iron Moth|21/100
|upkeep
|turn|71
|
|t:|1781120102
|-end|p2a: Iron Moth|Quark Drive|[silent]
|switch|p2a: Raging Bolt|Raging Bolt|80/100 brn
|move|p1a: Slowking|Future Sight|p2a: Raging Bolt
|-start|p1a: Slowking|move: Future Sight
|
|-damage|p2a: Raging Bolt|74/100 brn|[from] brn
|upkeep
|turn|72
|
|t:|1781120106
|switch|p1a: Skarmory|Skarmory, F|100/100
|move|p2a: Raging Bolt|Volt Switch|p1a: Skarmory
|-supereffective|p1a: Skarmory
|-ability|p1a: Skarmory|Sturdy
|-damage|p1a: Skarmory|1/100
|
|t:|1781120110
|-end|p2a: Raging Bolt|Protosynthesis|[silent]
|switch|p2a: Iron Moth|Iron Moth|21/100|[from] Volt Switch
|
|-heal|p1a: Skarmory|7/100|[from] item: Leftovers
|upkeep
|turn|73
|
|t:|1781120116
|-end|p2a: Iron Moth|Quark Drive|[silent]
|switch|p2a: Alomomola|Alomomola, F|53/100
|switch|p1a: Slowking|Slowking, F|100/100
|
|-end|p2a: Alomomola|move: Future Sight
|-damage|p2a: Alomomola|20/100
|upkeep
|turn|74
|
|t:|1781120120
|switch|p2a: Raging Bolt|Raging Bolt|74/100 brn
|move|p1a: Slowking|Scald|p2a: Raging Bolt
|-resisted|p2a: Raging Bolt
|-damage|p2a: Raging Bolt|66/100 brn
|
|-damage|p2a: Raging Bolt|60/100 brn|[from] brn
|upkeep
|turn|75
|
|t:|1781120125
|move|p2a: Raging Bolt|Volt Switch|p1a: Slowking
|-supereffective|p1a: Slowking
|-damage|p1a: Slowking|50/100
|
|t:|1781120128
|-end|p2a: Raging Bolt|Protosynthesis|[silent]
|switch|p2a: Slither Wing|Slither Wing|76/100 brn|[from] Volt Switch
|-prepare|p1a: Slowking|Chilly Reception|[premajor]
|move|p1a: Slowking|Chilly Reception|p1a: Slowking
|-weather|Snowscape
|
|t:|1781120131
|switch|p1a: Skarmory|Skarmory, F|7/100|[from] Chilly Reception
|
|-weather|Snowscape|[upkeep]
|-heal|p1a: Skarmory|13/100|[from] item: Leftovers
|-damage|p2a: Slither Wing|70/100 brn|[from] brn
|upkeep
|turn|76
|
|t:|1781120137
|-end|p2a: Slither Wing|Protosynthesis|[silent]
|switch|p2a: Raging Bolt|Raging Bolt|60/100 brn
|switch|p1a: Slowking|Slowking, F|83/100
|
|-weather|Snowscape|[upkeep]
|-damage|p2a: Raging Bolt|54/100 brn|[from] brn
|upkeep
|turn|77
|
|t:|1781120143
|move|p2a: Raging Bolt|Volt Switch|p1a: Slowking
|-supereffective|p1a: Slowking
|-damage|p1a: Slowking|33/100
|
|t:|1781120146
|-end|p2a: Raging Bolt|Protosynthesis|[silent]
|switch|p2a: Alomomola|Alomomola, F|53/100|[from] Volt Switch
|-prepare|p1a: Slowking|Chilly Reception|[premajor]
|move|p1a: Slowking|Chilly Reception|p1a: Slowking
|
|t:|1781120151
|switch|p1a: Skarmory|Skarmory, F|13/100|[from] Chilly Reception
|
|-weather|Snowscape|[upkeep]
|-heal|p1a: Skarmory|19/100|[from] item: Leftovers
|upkeep
|turn|78
|
|t:|1781120155
|move|p1a: Skarmory|Spikes|p2a: Alomomola
|-sidestart|p2: lord shiddenfards|Spikes
|move|p2a: Alomomola|Wish|p2a: Alomomola
|
|-weather|Snowscape|[upkeep]
|-heal|p1a: Skarmory|25/100|[from] item: Leftovers
|upkeep
|turn|79
|
|t:|1781120163
|switch|p2a: Iron Moth|Iron Moth|21/100
|-damage|p2a: Iron Moth|8/100|[from] Spikes
|move|p1a: Skarmory|Spikes|p2a: Iron Moth
|-sidestart|p2: lord shiddenfards|Spikes
|
|-weather|none
|-heal|p2a: Iron Moth|88/100|[from] move: Wish|[wisher] Alomomola
|-heal|p1a: Skarmory|31/100|[from] item: Leftovers
|upkeep
|turn|80
|
|t:|1781120169
|switch|p1a: Slowking|Slowking, F|66/100
|move|p2a: Iron Moth|Fiery Dance|p1a: Slowking
|-resisted|p1a: Slowking
|-damage|p1a: Slowking|54/100
|
|upkeep
|turn|81
|
|t:|1781120175
|move|p2a: Iron Moth|Sludge Wave|p1a: Slowking
|-crit|p1a: Slowking
|-damage|p1a: Slowking|12/100
|move|p1a: Slowking|Scald|p2a: Iron Moth
|-supereffective|p2a: Iron Moth
|-damage|p2a: Iron Moth|32/100
|
|upkeep
|turn|82
|
|t:|1781120178
|switch|p1a: Zapdos|Zapdos|41/100
|move|p2a: Iron Moth|Sludge Wave|p1a: Zapdos
|-damage|p1a: Zapdos|0 fnt
|faint|p1a: Zapdos
|
|upkeep
|
|t:|1781120182
|switch|p1a: Slowking|Slowking, F|45/100
|turn|83
|
|t:|1781120189
|move|p2a: Iron Moth|Sludge Wave|p1a: Slowking
|-damage|p1a: Slowking|15/100
|-prepare|p1a: Slowking|Chilly Reception|[premajor]
|move|p1a: Slowking|Chilly Reception|p1a: Slowking
|-weather|Snowscape
|
|t:|1781120194
|switch|p1a: Skarmory|Skarmory, F|31/100|[from] Chilly Reception
|
|-weather|Snowscape|[upkeep]
|-heal|p1a: Skarmory|37/100|[from] item: Leftovers
|upkeep
|turn|84
|
|t:|1781120197
|switch|p1a: Slowking|Slowking, F|48/100
|move|p2a: Iron Moth|Fiery Dance|p1a: Slowking
|-resisted|p1a: Slowking
|-damage|p1a: Slowking|36/100
|
|-weather|Snowscape|[upkeep]
|upkeep
|turn|85
|
|t:|1781120201
|move|p2a: Iron Moth|Sludge Wave|p1a: Slowking
|-damage|p1a: Slowking|8/100
|-prepare|p1a: Slowking|Chilly Reception|[premajor]
|move|p1a: Slowking|Chilly Reception|p1a: Slowking
|
|t:|1781120205
|switch|p1a: Skarmory|Skarmory, F|37/100|[from] Chilly Reception
|
|-weather|Snowscape|[upkeep]
|-heal|p1a: Skarmory|43/100|[from] item: Leftovers
|upkeep
|turn|86
|
|t:|1781120210
|switch|p1a: Slowking|Slowking, F|41/100
|move|p2a: Iron Moth|Fiery Dance|p1a: Slowking
|-resisted|p1a: Slowking
|-damage|p1a: Slowking|29/100
|-boost|p2a: Iron Moth|spa|1
|
|-weather|Snowscape|[upkeep]
|upkeep
|turn|87
|
|t:|1781120214
|move|p2a: Iron Moth|Sludge Wave|p1a: Slowking
|-damage|p1a: Slowking|0 fnt
|faint|p1a: Slowking
|
|-weather|none
|upkeep
|
|t:|1781120218
|switch|p1a: Skarmory|Skarmory, F|43/100
|turn|88
|
|t:|1781120225
|move|p2a: Iron Moth|Fiery Dance|p1a: Skarmory
|-supereffective|p1a: Skarmory
|-damage|p1a: Skarmory|0 fnt
|faint|p1a: Skarmory
|
|win|lord shiddenfards
|raw|KurisuChestnutLab's rating: 1587 &rarr; <strong>1569</strong><br />(-18 for losing)
|raw|lord shiddenfards's rating: 1623 &rarr; <strong>1641</strong><br />(+18 for winning)
