|badge|p2|bronze|gen9ou|100-9
|uhtml|medal-msg|<div class="broadcast-blue">Curious what those medals under the avatar are? PS now has Ladder Seasons! For more information, check out the <a href="https://www.smogon.com/forums/threads/3740067/">thread on Smogon.</a></div>
|j|☆18dabloons
|j|☆imperimento
|t:|1781071503
|gametype|singles
|player|p1|18dabloons|caitlin|1764
|player|p2|imperimento|169|1844
|gen|9
|tier|[Gen 9] OU
|rated|
|rule|HP Percentage Mod: HP is shown in percentages
|rule|Endless Battle Clause: Forcing endless battles is banned
|rule|Species Clause: Limit one of each Pokémon
|rule|OHKO Clause: OHKO moves are banned
|rule|Evasion Items Clause: Evasion items are banned
|rule|Evasion Moves Clause: Evasion moves are banned
|rule|Evasion Abilities Clause: Evasion abilities are banned
|rule|Sleep Moves Clause: Sleep-inducing moves are banned
|clearpoke
|poke|p1|Ursaluna, F|
|poke|p1|Alomomola, M|
|poke|p1|Excadrill, F|
|poke|p1|Tyranitar, F|
|poke|p1|Keldeo-Resolute|
|poke|p1|Gholdengo|
|poke|p2|Moltres|
|poke|p2|Samurott-Hisui, F|
|poke|p2|Gholdengo|
|poke|p2|Pecharunt|
|poke|p2|Walking Wake|
|poke|p2|Ting-Lu|
|teampreview
|
|t:|1781071527
|teamsize|p1|6
|teamsize|p2|6
|start
|switch|p1a: Keldeo|Keldeo-Resolute|100/100
|switch|p2a: Walking Wake|Walking Wake|100/100
|turn|1
|
|t:|1781071540
|move|p2a: Walking Wake|Draco Meteor|p1a: Keldeo
|-damage|p1a: Keldeo|25/100
|-unboost|p2a: Walking Wake|spa|2
|move|p1a: Keldeo|Flip Turn|p2a: Walking Wake
|-resisted|p2a: Walking Wake
|-damage|p2a: Walking Wake|97/100
|j| nepturee
|
|t:|1781071576
|switch|p1a: Gholdengo|Gholdengo|100/100|[from] Flip Turn
|
|upkeep
|turn|2
|
|t:|1781071582
|move|p2a: Walking Wake|Knock Off|p1a: Gholdengo
|-supereffective|p1a: Gholdengo
|-enditem|p1a: Gholdengo|Colbur Berry|[eat]
|-enditem|p1a: Gholdengo|Colbur Berry|[weaken]
|-damage|p1a: Gholdengo|88/100
|move|p1a: Gholdengo|Focus Blast|p2a: Walking Wake
|-damage|p2a: Walking Wake|57/100
|
|upkeep
|turn|3
|
|t:|1781071591
|move|p2a: Walking Wake|Flip Turn|p1a: Gholdengo
|-damage|p1a: Gholdengo|77/100
|
|t:|1781071603
|-end|p2a: Walking Wake|Protosynthesis|[silent]
|switch|p2a: Ting-Lu|Ting-Lu|100/100|[from] Flip Turn
|-ability|p2a: Ting-Lu|Vessel of Ruin
|move|p1a: Gholdengo|Thunder Wave|p2a: Ting-Lu
|-immune|p2a: Ting-Lu
|
|upkeep
|turn|4
|
|t:|1781071611
|switch|p1a: Ursaluna|Ursaluna, F|100/100
|move|p2a: Ting-Lu|Stealth Rock|p1a: Ursaluna
|-sidestart|p1: 18dabloons|move: Stealth Rock
|
|-status|p1a: Ursaluna|brn|[from] item: Flame Orb
|upkeep
|turn|5
|
|t:|1781071626
|move|p1a: Ursaluna|Swords Dance|p1a: Ursaluna
|-boost|p1a: Ursaluna|atk|2
|move|p2a: Ting-Lu|Ruination|p1a: Ursaluna
|-damage|p1a: Ursaluna|51/100 brn
|
|-damage|p1a: Ursaluna|44/100 brn|[from] brn
|upkeep
|turn|6
|j| U snooze u win
|j| AbrarS
|l| AbrarS
|
|t:|1781071675
|move|p1a: Ursaluna|Fire Punch|p2a: Ting-Lu
|-damage|p2a: Ting-Lu|47/100
|move|p2a: Ting-Lu|Earthquake|p1a: Ursaluna
|-crit|p1a: Ursaluna
|-damage|p1a: Ursaluna|0 fnt
|faint|p1a: Ursaluna
|
|-heal|p2a: Ting-Lu|54/100|[from] item: Leftovers
|upkeep
|
|t:|1781071693
|switch|p1a: Keldeo|Keldeo-Resolute|25/100
|-damage|p1a: Keldeo|19/100|[from] Stealth Rock
|turn|7
|
|t:|1781071702
|move|p1a: Keldeo|Surf|p2a: Ting-Lu
|-supereffective|p2a: Ting-Lu
|-damage|p2a: Ting-Lu|0 fnt
|faint|p2a: Ting-Lu
|
|upkeep
|
|t:|1781071723
|switch|p2a: Samurott|Samurott-Hisui, F|100/100
|turn|8
|
|t:|1781071733
|switch|p1a: Alomomola|Alomomola, M, shiny|100/100
|-damage|p1a: Alomomola|88/100|[from] Stealth Rock
|move|p2a: Samurott|Ceaseless Edge|p1a: Alomomola|[miss]
|-miss|p2a: Samurott|p1a: Alomomola
|
|upkeep
|turn|9
|
|t:|1781071740
|move|p2a: Samurott|Ceaseless Edge|p1a: Alomomola
|-crit|p1a: Alomomola
|-damage|p1a: Alomomola|58/100
|-sidestart|p1: 18dabloons|Spikes
|-enditem|p1a: Alomomola|Red Card|[of] p2a: Samurott
|drag|p2a: Gholdengo|Gholdengo|100/100
|move|p1a: Alomomola|Wish|p1a: Alomomola
|
|upkeep
|turn|10
|
|t:|1781071749
|move|p2a: Gholdengo|Shadow Ball|p1a: Alomomola
|-damage|p1a: Alomomola|10/100
|move|p1a: Alomomola|Flip Turn|p2a: Gholdengo
|-damage|p2a: Gholdengo|83/100
|
|t:|1781071753
|switch|p1a: Keldeo|Keldeo-Resolute|19/100|[from] Flip Turn
|-damage|p1a: Keldeo|13/100|[from] Stealth Rock
|-damage|p1a: Keldeo|0 fnt|[from] Spikes
|faint|p1a: Keldeo
|
|upkeep
|
|t:|1781071758
|switch|p1a: Tyranitar|Tyranitar, F|100/100
|-damage|p1a: Tyranitar|88/100|[from] Stealth Rock
|-damage|p1a: Tyranitar|76/100|[from] Spikes
|-weather|Sandstorm|[from] ability: Sand Stream|[of] p1a: Tyranitar
|turn|11
|l| nepturee
|
|t:|1781071770
|switch|p2a: Pecharunt|Pecharunt|100/100
|move|p1a: Tyranitar|Knock Off|p2a: Pecharunt
|-supereffective|p2a: Pecharunt
|-damage|p2a: Pecharunt|52/100
|-enditem|p2a: Pecharunt|Heavy-Duty Boots|[from] move: Knock Off|[of] p1a: Tyranitar
|
|-weather|Sandstorm|[upkeep]
|-damage|p2a: Pecharunt|46/100|[from] Sandstorm
|upkeep
|turn|12
|
|t:|1781071786
|move|p2a: Pecharunt|Recover|p2a: Pecharunt
|-heal|p2a: Pecharunt|97/100
|move|p1a: Tyranitar|Stealth Rock|p2a: Pecharunt
|-sidestart|p2: imperimento|move: Stealth Rock
|
|-weather|Sandstorm|[upkeep]
|-damage|p2a: Pecharunt|90/100|[from] Sandstorm
|upkeep
|turn|13
|
|t:|1781071799
|move|p2a: Pecharunt|Shadow Ball|p1a: Tyranitar
|-resisted|p1a: Tyranitar
|-damage|p1a: Tyranitar|71/100
|move|p1a: Tyranitar|Thunder Wave|p2a: Pecharunt
|-status|p2a: Pecharunt|par
|
|-weather|Sandstorm|[upkeep]
|-damage|p2a: Pecharunt|84/100 par|[from] Sandstorm
|upkeep
|turn|14
|
|t:|1781071814
|cant|p2a: Pecharunt|par
|move|p1a: Tyranitar|Knock Off|p2a: Pecharunt
|-supereffective|p2a: Pecharunt
|-damage|p2a: Pecharunt|48/100 par
|
|-weather|Sandstorm|[upkeep]
|-damage|p2a: Pecharunt|42/100 par|[from] Sandstorm
|upkeep
|turn|15
|
|t:|1781071820
|cant|p2a: Pecharunt|par
|move|p1a: Tyranitar|Knock Off|p2a: Pecharunt
|-supereffective|p2a: Pecharunt
|-damage|p2a: Pecharunt|5/100 par
|
|-weather|Sandstorm|[upkeep]
|-damage|p2a: Pecharunt|0 fnt|[from] Sandstorm
|faint|p2a: Pecharunt
|upkeep
|
|t:|1781071845
|switch|p2a: Samurott|Samurott-Hisui, F|100/100
|-damage|p2a: Samurott|88/100|[from] Stealth Rock
|turn|16
|j| Overlord Jr.
|
|t:|1781071887
|switch|p1a: Alomomola|Alomomola, M, shiny|44/100
|-damage|p1a: Alomomola|31/100|[from] Stealth Rock
|-damage|p1a: Alomomola|19/100|[from] Spikes
|move|p2a: Samurott|Flip Turn|p1a: Alomomola
|-resisted|p1a: Alomomola
|-damage|p1a: Alomomola|12/100
|
|t:|1781071896
|switch|p2a: Walking Wake|Walking Wake|57/100|[from] Flip Turn
|
|-weather|Sandstorm|[upkeep]
|-damage|p2a: Walking Wake|51/100|[from] Sandstorm
|-damage|p1a: Alomomola|6/100|[from] Sandstorm
|upkeep
|turn|17
|
|t:|1781071916
|move|p2a: Walking Wake|Surf|p1a: Alomomola
|-resisted|p1a: Alomomola
|-damage|p1a: Alomomola|0 fnt
|faint|p1a: Alomomola
|
|-weather|Sandstorm|[upkeep]
|-damage|p2a: Walking Wake|44/100|[from] Sandstorm
|upkeep
|
|t:|1781071940
|switch|p1a: Excadrill|Excadrill, F|100/100
|-damage|p1a: Excadrill|97/100|[from] Stealth Rock
|-item|p1a: Excadrill|Air Balloon
|turn|18
|l| U snooze u win
|
|t:|1781071962
|-end|p2a: Walking Wake|Protosynthesis|[silent]
|switch|p2a: Moltres|Moltres|100/100
|move|p1a: Excadrill|Earthquake|p2a: Moltres
|-immune|p2a: Moltres
|
|-weather|none
|upkeep
|turn|19
|
|t:|1781071975
|move|p1a: Excadrill|Rock Slide|p2a: Moltres
|-supereffective|p2a: Moltres
|-damage|p2a: Moltres|17/100
|move|p2a: Moltres|Flamethrower|p1a: Excadrill
|-supereffective|p1a: Excadrill
|-damage|p1a: Excadrill|0 fnt
|-enditem|p1a: Excadrill|Air Balloon
|faint|p1a: Excadrill
|
|upkeep
|
|t:|1781071986
|switch|p1a: Tyranitar|Tyranitar, F|71/100
|-damage|p1a: Tyranitar|58/100|[from] Stealth Rock
|-damage|p1a: Tyranitar|46/100|[from] Spikes
|-weather|Sandstorm|[from] ability: Sand Stream|[of] p1a: Tyranitar
|turn|20
|
|t:|1781071993
|move|p2a: Moltres|Roost|p2a: Moltres
|-heal|p2a: Moltres|67/100
|-singleturn|p2a: Moltres|move: Roost
|move|p1a: Tyranitar|Thunder Wave|p2a: Moltres
|-status|p2a: Moltres|par
|
|-weather|Sandstorm|[upkeep]
|-damage|p2a: Moltres|61/100 par|[from] Sandstorm
|upkeep
|turn|21
|
|t:|1781072012
|move|p1a: Tyranitar|Knock Off|p2a: Moltres
|-damage|p2a: Moltres|29/100 par
|-status|p1a: Tyranitar|brn|[from] ability: Flame Body|[of] p2a: Moltres
|-enditem|p2a: Moltres|Heavy-Duty Boots|[from] move: Knock Off|[of] p1a: Tyranitar
|cant|p2a: Moltres|par
|
|-weather|Sandstorm|[upkeep]
|-damage|p2a: Moltres|23/100 par|[from] Sandstorm
|-damage|p1a: Tyranitar|40/100 brn|[from] brn
|upkeep
|turn|22
|
|t:|1781072023
|move|p1a: Tyranitar|Ice Beam|p2a: Moltres
|-damage|p2a: Moltres|4/100 par
|move|p2a: Moltres|Roost|p2a: Moltres
|-heal|p2a: Moltres|54/100 par
|-singleturn|p2a: Moltres|move: Roost
|
|-weather|Sandstorm|[upkeep]
|-damage|p2a: Moltres|48/100 par|[from] Sandstorm
|-damage|p1a: Tyranitar|33/100 brn|[from] brn
|upkeep
|turn|23
|
|t:|1781072047
|move|p1a: Tyranitar|Ice Beam|p2a: Moltres
|-damage|p2a: Moltres|29/100 par
|move|p2a: Moltres|U-turn|p1a: Tyranitar
|-supereffective|p1a: Tyranitar
|-damage|p1a: Tyranitar|16/100 brn
|
|t:|1781072056
|switch|p2a: Samurott|Samurott-Hisui, F|88/100|[from] U-turn
|-damage|p2a: Samurott|76/100|[from] Stealth Rock
|
|-weather|Sandstorm|[upkeep]
|-damage|p2a: Samurott|69/100|[from] Sandstorm
|-damage|p1a: Tyranitar|9/100 brn|[from] brn
|upkeep
|turn|24
|
|t:|1781072064
|move|p2a: Samurott|Flip Turn|p1a: Tyranitar
|-supereffective|p1a: Tyranitar
|-damage|p1a: Tyranitar|0 fnt
|faint|p1a: Tyranitar
|
|t:|1781072081
|switch|p2a: Walking Wake|Walking Wake|44/100|[from] Flip Turn
|
|-weather|Sandstorm|[upkeep]
|-damage|p2a: Walking Wake|38/100|[from] Sandstorm
|upkeep
|
|t:|1781072085
|switch|p1a: Gholdengo|Gholdengo|77/100
|-damage|p1a: Gholdengo|71/100|[from] Stealth Rock
|-damage|p1a: Gholdengo|59/100|[from] Spikes
|turn|25
|
|t:|1781072091
|-terastallize|p1a: Gholdengo|Fairy
|move|p2a: Walking Wake|Surf|p1a: Gholdengo
|-damage|p1a: Gholdengo|18/100
|move|p1a: Gholdengo|Thunder Wave|p2a: Walking Wake|[miss]
|-miss|p1a: Gholdengo|p2a: Walking Wake
|
|-weather|Sandstorm|[upkeep]
|-damage|p2a: Walking Wake|32/100|[from] Sandstorm
|-damage|p1a: Gholdengo|12/100|[from] Sandstorm
|upkeep
|turn|26
|c|☆imperimento|gg
|
|t:|1781072101
|move|p2a: Walking Wake|Surf|p1a: Gholdengo
|-damage|p1a: Gholdengo|0 fnt
|faint|p1a: Gholdengo
|
|win|imperimento
|raw|18dabloons's rating: 1764 &rarr; <strong>1749</strong><br />(-15 for losing)
|raw|imperimento's rating: 1844 &rarr; <strong>1859</strong><br />(+15 for winning)
|l|☆18dabloons
|player|p1|
|l| Overlord Jr.
