|j|‽ASDJdASJ
|j|☆uniandes5
|t:|1781399690
|gametype|singles
|player|p1|ASDJdASJ|101|1580
|player|p2|uniandes5|170|1605
|gen|9
|tier|[Gen 9] OU
|rated|
|rule|HP Percentage Mod: HP is shown in percentages
|rule|Endless Battle Clause: Forcing endless battles is banned
|rule|Species Clause: Limit one of each Pokémon
|rule|OHKO Clause: OHKO moves are banned
|rule|Evasion Items Clause: Evasion items are banned
|rule|Evasion Moves Clause: Evasion moves are banned
|rule|Evasion Abilities Clause: Evasion abilities are banned
|rule|Sleep Moves Clause: Sleep-inducing moves are banned
|clearpoke
|poke|p1|Kingambit, F|
|poke|p1|Kommo-o, M|
|poke|p1|Iron Valiant|
|poke|p1|Kyurem|
|poke|p1|Iron Treads|
|poke|p1|Iron Crown|
|poke|p2|Grimmsnarl, M|
|poke|p2|Latias, F|
|poke|p2|Tinkaton, F|
|poke|p2|Volcanion|
|poke|p2|Mew|
|poke|p2|Dragapult, F|
|teampreview
|inactive|Battle timer is ON: inactive players will automatically lose when time's up. (requested by ASDJdASJ)
|inactive|uniandes5 has 120 seconds left.
|inactive|uniandes5 has 90 seconds left.
|
|t:|1781399789
|teamsize|p1|6
|teamsize|p2|6
|start
|switch|p1a: Iron Treads|Iron Treads|100/100
|switch|p2a: Grimmsnarl|Grimmsnarl, M|100/100
|-enditem|p1a: Iron Treads|Booster Energy
|-activate|p1a: Iron Treads|ability: Quark Drive|[fromitem]
|-start|p1a: Iron Treads|quarkdrivespe
|turn|1
|
|t:|1781399796
|move|p2a: Grimmsnarl|Reflect|p2a: Grimmsnarl
|-sidestart|p2: uniandes5|Reflect
|move|p1a: Iron Treads|Earthquake|p2a: Grimmsnarl
|-damage|p2a: Grimmsnarl|81/100
|
|upkeep
|turn|2
|
|t:|1781399802
|move|p2a: Grimmsnarl|Light Screen|p2a: Grimmsnarl
|-sidestart|p2: uniandes5|move: Light Screen
|move|p1a: Iron Treads|Stealth Rock|p2a: Grimmsnarl
|-sidestart|p2: uniandes5|move: Stealth Rock
|
|upkeep
|turn|3
|
|t:|1781399807
|switch|p2a: Mew|Mew|100/100
|-damage|p2a: Mew|88/100|[from] Stealth Rock
|move|p1a: Iron Treads|Earthquake|p2a: Mew
|-damage|p2a: Mew|75/100
|
|upkeep
|turn|4
|
|t:|1781399816
|move|p1a: Iron Treads|Earthquake|p2a: Mew
|-damage|p2a: Mew|61/100
|move|p2a: Mew|Dragon Dance|p2a: Mew
|-boost|p2a: Mew|atk|1
|-boost|p2a: Mew|spe|1
|
|upkeep
|turn|5
|
|t:|1781399824
|move|p1a: Iron Treads|Earthquake|p2a: Mew
|-damage|p2a: Mew|48/100
|move|p2a: Mew|Dragon Dance|p2a: Mew
|-boost|p2a: Mew|atk|1
|-boost|p2a: Mew|spe|1
|
|upkeep
|turn|6
|
|t:|1781399833
|move|p1a: Iron Treads|Rapid Spin|p2a: Mew
|-damage|p2a: Mew|43/100
|-boost|p1a: Iron Treads|spe|1
|move|p2a: Mew|Dragon Dance|p2a: Mew
|-boost|p2a: Mew|atk|1
|-boost|p2a: Mew|spe|1
|
|upkeep
|turn|7
|
|t:|1781399837
|move|p1a: Iron Treads|Earthquake|p2a: Mew
|-damage|p2a: Mew|30/100
|move|p2a: Mew|Drain Punch|p1a: Iron Treads
|-supereffective|p1a: Iron Treads
|-damage|p1a: Iron Treads|30/100
|-heal|p2a: Mew|64/100|[from] drain|[of] p1a: Iron Treads
|
|upkeep
|turn|8
|
|t:|1781399841
|move|p1a: Iron Treads|Endeavor|p2a: Mew
|-damage|p2a: Mew|28/100
|move|p2a: Mew|Drain Punch|p1a: Iron Treads
|-supereffective|p1a: Iron Treads
|-damage|p1a: Iron Treads|0 fnt
|-heal|p2a: Mew|42/100|[from] drain|[of] p1a: Iron Treads
|faint|p1a: Iron Treads
|-end|p1a: Iron Treads|Quark Drive|[silent]
|
|-sideend|p2: uniandes5|Reflect
|upkeep
|
|t:|1781399845
|switch|p1a: Kingambit|Kingambit, F|100/100
|-activate|p1a: Kingambit|ability: Supreme Overlord
|-start|p1a: Kingambit|fallen1|[silent]
|turn|9
|
|t:|1781399853
|-terastallize|p2a: Mew|Fighting
|move|p2a: Mew|Drain Punch|p1a: Kingambit
|-supereffective|p1a: Kingambit
|-damage|p1a: Kingambit|0 fnt
|-heal|p2a: Mew|84/100|[from] drain|[of] p1a: Kingambit
|faint|p1a: Kingambit
|-end|p1a: Kingambit|fallen1|[silent]
|
|-sideend|p2: uniandes5|move: Light Screen
|upkeep
|
|t:|1781399857
|switch|p1a: Iron Valiant|Iron Valiant|100/100
|-enditem|p1a: Iron Valiant|Booster Energy
|-activate|p1a: Iron Valiant|ability: Quark Drive|[fromitem]
|-start|p1a: Iron Valiant|quarkdrivespe
|turn|10
|
|t:|1781399862
|move|p2a: Mew|Stored Power|p1a: Iron Valiant
|-supereffective|p1a: Iron Valiant
|-damage|p1a: Iron Valiant|0 fnt
|faint|p1a: Iron Valiant
|-end|p1a: Iron Valiant|Quark Drive|[silent]
|
|upkeep
|-message|ASDJdASJ forfeited.
|
|win|uniandes5
|raw|ASDJdASJ's rating: 1580 &rarr; <strong>1561</strong><br />(-19 for losing)
|raw|uniandes5's rating: 1605 &rarr; <strong>1624</strong><br />(+19 for winning)
|l|‽ASDJdASJ
|player|p1|
|l|☆uniandes5
|player|p2|
