|j|☆juli<33
|j|☆ign28
|t:|1781291264
|gametype|singles
|player|p1|juli<33|caitlin-masters|1639
|player|p2|ign28|palmer|1642
|gen|9
|tier|[Gen 9] OU
|rated|
|rule|HP Percentage Mod: HP is shown in percentages
|rule|Endless Battle Clause: Forcing endless battles is banned
|rule|Species Clause: Limit one of each Pokémon
|rule|OHKO Clause: OHKO moves are banned
|rule|Evasion Items Clause: Evasion items are banned
|rule|Evasion Moves Clause: Evasion moves are banned
|rule|Evasion Abilities Clause: Evasion abilities are banned
|rule|Sleep Moves Clause: Sleep-inducing moves are banned
|clearpoke
|poke|p1|Kyurem|
|poke|p1|Corviknight, F|
|poke|p1|Ting-Lu|
|poke|p1|Dondozo, F|
|poke|p1|Slowking-Galar, F|
|poke|p1|Cinderace, F|
|poke|p2|Great Tusk|
|poke|p2|Darkrai|
|poke|p2|Kyurem|
|poke|p2|Iron Valiant|
|poke|p2|Dragonite, M|
|poke|p2|Gholdengo|
|teampreview
|inactive|Battle timer is ON: inactive players will automatically lose when time's up. (requested by ign28)
|inactive|juli<33 also wants the timer to be on.
|j| TheBergentruck1
|l| TheBergentruck1
|inactive|ign28 has 120 seconds left.
|
|t:|1781291303
|teamsize|p1|6
|teamsize|p2|6
|start
|switch|p1a: Cinderace|Cinderace, F|100/100
|switch|p2a: Iron Valiant|Iron Valiant|100/100
|-enditem|p2a: Iron Valiant|Booster Energy
|-activate|p2a: Iron Valiant|ability: Quark Drive|[fromitem]
|-start|p2a: Iron Valiant|quarkdrivespe
|turn|1
|
|t:|1781291307
|move|p2a: Iron Valiant|Swords Dance|p2a: Iron Valiant
|-boost|p2a: Iron Valiant|atk|2
|move|p1a: Cinderace|Pyro Ball|p2a: Iron Valiant
|-damage|p2a: Iron Valiant|35/100
|
|upkeep
|turn|2
|
|t:|1781291311
|switch|p1a: Dondozo|Dondozo, F|100/100
|move|p2a: Iron Valiant|Close Combat|p1a: Dondozo
|-damage|p1a: Dondozo|73/100
|-unboost|p2a: Iron Valiant|def|1
|-unboost|p2a: Iron Valiant|spd|1
|
|-heal|p1a: Dondozo|79/100|[from] item: Leftovers
|upkeep
|turn|3
|
|t:|1781291315
|move|p2a: Iron Valiant|Knock Off|p1a: Dondozo
|-damage|p1a: Dondozo|64/100
|-enditem|p1a: Dondozo|Leftovers|[from] move: Knock Off|[of] p2a: Iron Valiant
|move|p1a: Dondozo|Waterfall|p2a: Iron Valiant
|-damage|p2a: Iron Valiant|2/100
|
|upkeep
|turn|4
|
|t:|1781291320
|-end|p2a: Iron Valiant|Quark Drive|[silent]
|switch|p2a: Kyurem|Kyurem, shiny|100/100
|-ability|p2a: Kyurem|Pressure
|move|p1a: Dondozo|Rest|p1a: Dondozo
|-status|p1a: Dondozo|slp|[from] move: Rest
|-heal|p1a: Dondozo|100/100 slp|[silent]
|
|upkeep
|turn|5
|
|t:|1781291324
|switch|p1a: Slowking|Slowking-Galar, F|100/100
|move|p2a: Kyurem|Freeze-Dry|p1a: Slowking
|-damage|p1a: Slowking|76/100
|
|upkeep
|turn|6
|
|t:|1781291329
|move|p1a: Slowking|Sludge Bomb|p2a: Kyurem
|-crit|p2a: Kyurem
|-damage|p2a: Kyurem|71/100
|-status|p2a: Kyurem|psn
|move|p2a: Kyurem|Dragon Tail|p1a: Slowking
|-damage|p1a: Slowking|50/100
|drag|p1a: Cinderace|Cinderace, F|100/100
|
|-damage|p2a: Kyurem|58/100 psn|[from] psn
|upkeep
|turn|7
|
|t:|1781291337
|switch|p2a: Great Tusk|Great Tusk|100/100
|move|p1a: Cinderace|U-turn|p2a: Great Tusk
|-resisted|p2a: Great Tusk
|-damage|p2a: Great Tusk|94/100
|
|t:|1781291342
|switch|p1a: Corviknight|Corviknight, F|100/100|[from] U-turn
|-ability|p1a: Corviknight|Pressure
|
|upkeep
|turn|8
|
|t:|1781291347
|move|p2a: Great Tusk|Stealth Rock|p1a: Corviknight
|-sidestart|p1: juli<33|move: Stealth Rock
|move|p1a: Corviknight|U-turn|p2a: Great Tusk
|-resisted|p2a: Great Tusk
|-damage|p2a: Great Tusk|89/100
|
|t:|1781291353
|switch|p1a: Cinderace|Cinderace, F|100/100|[from] U-turn
|
|upkeep
|turn|9
|
|t:|1781291358
|move|p1a: Cinderace|U-turn|p2a: Great Tusk
|-resisted|p2a: Great Tusk
|-damage|p2a: Great Tusk|82/100
|
|t:|1781291359
|switch|p1a: Corviknight|Corviknight, F|100/100|[from] U-turn
|-damage|p1a: Corviknight|88/100|[from] Stealth Rock
|-ability|p1a: Corviknight|Pressure
|move|p2a: Great Tusk|Rapid Spin|p1a: Corviknight
|-resisted|p1a: Corviknight
|-damage|p1a: Corviknight|83/100
|-boost|p2a: Great Tusk|spe|1
|-damage|p2a: Great Tusk|66/100|[from] item: Rocky Helmet|[of] p1a: Corviknight
|
|upkeep
|turn|10
|
|t:|1781291362
|-end|p2a: Great Tusk|Protosynthesis|[silent]
|switch|p2a: Ghold Experience|Gholdengo|100/100
|-item|p2a: Ghold Experience|Air Balloon
|move|p1a: Corviknight|Defog|p2a: Ghold Experience
|-immune|p2a: Ghold Experience|[from] ability: Good as Gold
|
|upkeep
|turn|11
|
|t:|1781291365
|move|p2a: Ghold Experience|Thunder Wave|p1a: Corviknight
|-status|p1a: Corviknight|par
|cant|p1a: Corviknight|par
|
|upkeep
|turn|12
|
|t:|1781291368
|switch|p1a: Cinderace|Cinderace, F|100/100
|move|p2a: Ghold Experience|Hex|p1a: Cinderace
|-damage|p1a: Cinderace|67/100
|
|upkeep
|turn|13
|
|t:|1781291372
|switch|p2a: Great Tusk|Great Tusk|66/100
|move|p1a: Cinderace|Pyro Ball|p2a: Great Tusk
|-damage|p2a: Great Tusk|32/100
|
|upkeep
|turn|14
|
|t:|1781291378
|move|p1a: Cinderace|Pyro Ball|p2a: Great Tusk
|-damage|p2a: Great Tusk|0 fnt
|faint|p2a: Great Tusk
|-end|p2a: Great Tusk|Protosynthesis|[silent]
|
|upkeep
|
|t:|1781291399
|switch|p2a: Darkrai|Darkrai|100/100
|turn|15
|
|t:|1781291402
|switch|p1a: Ting-Lu|Ting-Lu|100/100
|-damage|p1a: Ting-Lu|94/100|[from] Stealth Rock
|-ability|p1a: Ting-Lu|Vessel of Ruin
|move|p2a: Darkrai|Dark Pulse|p1a: Ting-Lu
|-resisted|p1a: Ting-Lu
|-damage|p1a: Ting-Lu|82/100
|-damage|p2a: Darkrai|91/100|[from] item: Life Orb
|
|-heal|p1a: Ting-Lu|89/100|[from] item: Leftovers
|upkeep
|turn|16
|
|t:|1781291409
|move|p2a: Darkrai|Focus Blast|p1a: Ting-Lu|[miss]
|-miss|p2a: Darkrai|p1a: Ting-Lu
|move|p1a: Ting-Lu|Earthquake|p2a: Darkrai
|-damage|p2a: Darkrai|44/100
|
|-heal|p1a: Ting-Lu|95/100|[from] item: Leftovers
|upkeep
|turn|17
|
|t:|1781291413
|switch|p2a: Iron Valiant|Iron Valiant|2/100
|move|p1a: Ting-Lu|Earthquake|p2a: Iron Valiant
|-damage|p2a: Iron Valiant|0 fnt
|faint|p2a: Iron Valiant
|-end|p2a: Iron Valiant|Quark Drive|[silent]
|
|-heal|p1a: Ting-Lu|100/100|[from] item: Leftovers
|upkeep
|
|t:|1781291423
|switch|p2a: Darkrai|Darkrai|44/100
|turn|18
|
|t:|1781291425
|move|p2a: Darkrai|Focus Blast|p1a: Ting-Lu
|-supereffective|p1a: Ting-Lu
|-damage|p1a: Ting-Lu|54/100
|-damage|p2a: Darkrai|34/100|[from] item: Life Orb
|move|p1a: Ting-Lu|Earthquake|p2a: Darkrai
|-damage|p2a: Darkrai|0 fnt
|faint|p2a: Darkrai
|
|-heal|p1a: Ting-Lu|60/100|[from] item: Leftovers
|upkeep
|
|t:|1781291428
|switch|p2a: Kyurem|Kyurem, shiny|58/100 psn
|-ability|p2a: Kyurem|Pressure
|turn|19
|
|t:|1781291437
|switch|p1a: Slowking|Slowking-Galar, F|83/100
|move|p2a: Kyurem|Ice Beam|p1a: Slowking
|-damage|p1a: Slowking|53/100
|
|-damage|p2a: Kyurem|46/100 psn|[from] psn
|upkeep
|turn|20
|
|t:|1781291439
|move|p2a: Kyurem|Earth Power|p1a: Slowking
|-supereffective|p1a: Slowking
|-damage|p1a: Slowking|11/100
|-prepare|p1a: Slowking|Chilly Reception|[premajor]
|move|p1a: Slowking|Chilly Reception|p1a: Slowking
|-weather|Snowscape
|
|t:|1781291441
|switch|p1a: Cinderace|Cinderace, F|67/100|[from] Chilly Reception
|
|-weather|Snowscape|[upkeep]
|-damage|p2a: Kyurem|34/100 psn|[from] psn
|upkeep
|turn|21
|
|t:|1781291447
|move|p1a: Cinderace|Court Change|p1a: Cinderace
|-swapsideconditions
|-activate|p1a: Cinderace|move: Court Change
|move|p2a: Kyurem|Earth Power|p1a: Cinderace
|-supereffective|p1a: Cinderace
|-damage|p1a: Cinderace|0 fnt
|faint|p1a: Cinderace
|
|-weather|Snowscape|[upkeep]
|-damage|p2a: Kyurem|21/100 psn|[from] psn
|upkeep
|
|t:|1781291452
|switch|p1a: Slowking|Slowking-Galar, F|44/100
|turn|22
|
|t:|1781291454
|switch|p1a: Corviknight|Corviknight, F|83/100 par
|-ability|p1a: Corviknight|Pressure
|move|p2a: Kyurem|Earth Power|p1a: Corviknight
|-immune|p1a: Corviknight
|
|-weather|Snowscape|[upkeep]
|-damage|p2a: Kyurem|9/100 psn|[from] psn
|upkeep
|turn|23
|
|t:|1781291457
|switch|p1a: Slowking|Slowking-Galar, F|77/100
|move|p2a: Kyurem|Ice Beam|p1a: Slowking
|-damage|p1a: Slowking|48/100
|
|-weather|Snowscape|[upkeep]
|-damage|p2a: Kyurem|0 fnt|[from] psn
|faint|p2a: Kyurem
|upkeep
|
|t:|1781291476
|switch|p2a: Ghold Experience|Gholdengo|100/100
|-damage|p2a: Ghold Experience|94/100|[from] Stealth Rock
|-item|p2a: Ghold Experience|Air Balloon
|turn|24
|
|t:|1781291479
|move|p2a: Ghold Experience|Thunder Wave|p1a: Slowking
|-status|p1a: Slowking|par
|-prepare|p1a: Slowking|Chilly Reception|[premajor]
|move|p1a: Slowking|Chilly Reception|p1a: Slowking
|
|t:|1781291481
|switch|p1a: Ting-Lu|Ting-Lu|60/100|[from] Chilly Reception
|-ability|p1a: Ting-Lu|Vessel of Ruin
|
|-weather|none
|-heal|p1a: Ting-Lu|66/100|[from] item: Leftovers
|upkeep
|turn|25
|
|t:|1781291484
|switch|p2a: Dragonite|Dragonite, M|100/100
|move|p1a: Ting-Lu|Payback|p2a: Dragonite
|-damage|p2a: Dragonite|91/100
|
|-heal|p1a: Ting-Lu|73/100|[from] item: Leftovers
|upkeep
|turn|26
|
|t:|1781291487
|switch|p1a: Dondozo|Dondozo, F|100/100 slp
|move|p2a: Dragonite|Dragon Dance|p2a: Dragonite
|-boost|p2a: Dragonite|atk|1
|-boost|p2a: Dragonite|spe|1
|
|upkeep
|turn|27
|-message|ign28 forfeited.
|
|win|juli<33
|raw|juli&lt;33's rating: 1639 &rarr; <strong>1659</strong><br />(+20 for winning)
|raw|ign28's rating: 1642 &rarr; <strong>1622</strong><br />(-20 for losing)
|l|☆ign28
|player|p2|
|l|☆juli<33
|player|p1|
