|j|☆blah0blah1blah2
|j|☆LowEL0God
|t:|1781268250
|gametype|singles
|player|p1|blah0blah1blah2|colress|1522
|player|p2|LowEL0God|265|1560
|gen|9
|tier|[Gen 9] OU
|rated|
|rule|HP Percentage Mod: HP is shown in percentages
|rule|Endless Battle Clause: Forcing endless battles is banned
|rule|Species Clause: Limit one of each Pokémon
|rule|OHKO Clause: OHKO moves are banned
|rule|Evasion Items Clause: Evasion items are banned
|rule|Evasion Moves Clause: Evasion moves are banned
|rule|Evasion Abilities Clause: Evasion abilities are banned
|rule|Sleep Moves Clause: Sleep-inducing moves are banned
|clearpoke
|poke|p1|Regidrago|
|poke|p1|Iron Treads|
|poke|p1|Primarina, F|
|poke|p1|Scizor, M|
|poke|p1|Ogerpon, F|
|poke|p1|Moltres|
|poke|p2|Pelipper, M|
|poke|p2|Raging Bolt|
|poke|p2|Overqwil, M|
|poke|p2|Barraskewda, F|
|poke|p2|Iron Treads|
|poke|p2|Kingambit, F|
|teampreview
|inactive|Battle timer is ON: inactive players will automatically lose when time's up. (requested by blah0blah1blah2)
|c|☆LowEL0God|hf
|inactive|LowEL0God also wants the timer to be on.
|inactive|blah0blah1blah2 has 120 seconds left.
|inactive|blah0blah1blah2 has 90 seconds left.
|c|☆blah0blah1blah2|u2
|
|t:|1781268317
|teamsize|p1|6
|teamsize|p2|6
|start
|switch|p1a: Regidrago|Regidrago|100/100
|switch|p2a: Kingambit|Kingambit, F|100/100
|turn|1
|
|t:|1781268323
|switch|p1a: Moltres|Moltres|100/100
|move|p2a: Kingambit|Swords Dance|p2a: Kingambit
|-boost|p2a: Kingambit|atk|2
|
|upkeep
|turn|2
|
|t:|1781268327
|move|p1a: Moltres|Will-O-Wisp|p2a: Kingambit
|-status|p2a: Kingambit|brn
|move|p2a: Kingambit|Kowtow Cleave|p1a: Moltres
|-damage|p1a: Moltres|68/100
|
|-damage|p2a: Kingambit|94/100 brn|[from] brn
|upkeep
|turn|3
|
|t:|1781268336
|move|p1a: Moltres|U-turn|p2a: Kingambit
|-damage|p2a: Kingambit|83/100 brn
|
|t:|1781268342
|switch|p1a: Iron Treads|Iron Treads|100/100|[from] U-turn
|move|p2a: Kingambit|Kowtow Cleave|p1a: Iron Treads
|-damage|p1a: Iron Treads|57/100
|
|-heal|p2a: Kingambit|89/100 brn|[from] item: Leftovers
|-damage|p2a: Kingambit|83/100 brn|[from] brn
|upkeep
|turn|4
|
|t:|1781268349
|move|p1a: Iron Treads|Stealth Rock|p2a: Kingambit
|-sidestart|p2: LowEL0God|move: Stealth Rock
|move|p2a: Kingambit|Kowtow Cleave|p1a: Iron Treads
|-damage|p1a: Iron Treads|15/100
|
|-heal|p2a: Kingambit|89/100 brn|[from] item: Leftovers
|-damage|p2a: Kingambit|83/100 brn|[from] brn
|upkeep
|turn|5
|
|t:|1781268353
|move|p2a: Kingambit|Sucker Punch|p1a: Iron Treads
|-damage|p1a: Iron Treads|0 fnt
|faint|p1a: Iron Treads
|-end|p1a: Iron Treads|Quark Drive|[silent]
|
|-heal|p2a: Kingambit|89/100 brn|[from] item: Leftovers
|-damage|p2a: Kingambit|83/100 brn|[from] brn
|upkeep
|
|t:|1781268359
|switch|p1a: Moltres|Moltres|68/100
|turn|6
|
|t:|1781268360
|move|p1a: Moltres|Roost|p1a: Moltres
|-heal|p1a: Moltres|100/100
|-singleturn|p1a: Moltres|move: Roost
|move|p2a: Kingambit|Kowtow Cleave|p1a: Moltres
|-damage|p1a: Moltres|65/100
|
|-heal|p2a: Kingambit|89/100 brn|[from] item: Leftovers
|-damage|p2a: Kingambit|83/100 brn|[from] brn
|upkeep
|turn|7
|
|t:|1781268363
|move|p1a: Moltres|Flamethrower|p2a: Kingambit
|-supereffective|p2a: Kingambit
|-damage|p2a: Kingambit|13/100 brn
|move|p2a: Kingambit|Kowtow Cleave|p1a: Moltres
|-damage|p1a: Moltres|31/100
|
|-heal|p2a: Kingambit|20/100 brn|[from] item: Leftovers
|-damage|p2a: Kingambit|13/100 brn|[from] brn
|upkeep
|turn|8
|
|t:|1781268365
|move|p1a: Moltres|Roost|p1a: Moltres
|-heal|p1a: Moltres|81/100
|-singleturn|p1a: Moltres|move: Roost
|move|p2a: Kingambit|Kowtow Cleave|p1a: Moltres
|-damage|p1a: Moltres|44/100
|
|-heal|p2a: Kingambit|20/100 brn|[from] item: Leftovers
|-damage|p2a: Kingambit|13/100 brn|[from] brn
|upkeep
|turn|9
|
|t:|1781268368
|move|p1a: Moltres|Roost|p1a: Moltres
|-heal|p1a: Moltres|94/100
|-singleturn|p1a: Moltres|move: Roost
|move|p2a: Kingambit|Kowtow Cleave|p1a: Moltres
|-crit|p1a: Moltres
|-damage|p1a: Moltres|41/100
|
|-heal|p2a: Kingambit|20/100 brn|[from] item: Leftovers
|-damage|p2a: Kingambit|13/100 brn|[from] brn
|upkeep
|turn|10
|
|t:|1781268371
|move|p1a: Moltres|Roost|p1a: Moltres
|-heal|p1a: Moltres|91/100
|-singleturn|p1a: Moltres|move: Roost
|move|p2a: Kingambit|Kowtow Cleave|p1a: Moltres
|-crit|p1a: Moltres
|-damage|p1a: Moltres|40/100
|
|-heal|p2a: Kingambit|20/100 brn|[from] item: Leftovers
|-damage|p2a: Kingambit|13/100 brn|[from] brn
|upkeep
|turn|11
|
|t:|1781268374
|move|p1a: Moltres|Roost|p1a: Moltres
|-heal|p1a: Moltres|90/100
|-singleturn|p1a: Moltres|move: Roost
|move|p2a: Kingambit|Iron Head|p1a: Moltres
|-resisted|p1a: Moltres
|-crit|p1a: Moltres
|-damage|p1a: Moltres|66/100
|
|-heal|p2a: Kingambit|20/100 brn|[from] item: Leftovers
|-damage|p2a: Kingambit|13/100 brn|[from] brn
|upkeep
|turn|12
|
|t:|1781268376
|move|p1a: Moltres|Flamethrower|p2a: Kingambit
|-supereffective|p2a: Kingambit
|-damage|p2a: Kingambit|0 fnt
|faint|p2a: Kingambit
|-end|p2a: Kingambit|fallenundefined|[silent]
|
|upkeep
|
|t:|1781268377
|switch|p2a: Raging Bolt|Raging Bolt|100/100
|-damage|p2a: Raging Bolt|88/100|[from] Stealth Rock
|-enditem|p2a: Raging Bolt|Booster Energy
|-activate|p2a: Raging Bolt|ability: Protosynthesis|[fromitem]
|-start|p2a: Raging Bolt|protosynthesisspa
|turn|13
|
|t:|1781268401
|switch|p1a: Ogerpon|Ogerpon, F|100/100
|move|p2a: Raging Bolt|Thunder|p1a: Ogerpon
|-resisted|p1a: Ogerpon
|-damage|p1a: Ogerpon|47/100
|
|upkeep
|turn|14
|
|t:|1781268414
|move|p1a: Ogerpon|Encore|p2a: Raging Bolt
|-start|p2a: Raging Bolt|Encore
|move|p2a: Raging Bolt|Thunder|p1a: Ogerpon
|-resisted|p1a: Ogerpon
|-damage|p1a: Ogerpon|0 fnt
|faint|p1a: Ogerpon
|
|upkeep
|
|t:|1781268420
|switch|p1a: Regidrago|Regidrago|100/100
|turn|15
|
|t:|1781268423
|-terastallize|p2a: Raging Bolt|Fairy
|move|p1a: Regidrago|Dragon Energy|p2a: Raging Bolt
|-immune|p2a: Raging Bolt
|move|p2a: Raging Bolt|Thunder|p1a: Regidrago|[miss]
|-miss|p2a: Raging Bolt|p1a: Regidrago
|
|upkeep
|turn|16
|
|t:|1781268430
|switch|p1a: Scizor|Scizor, M|100/100
|move|p2a: Raging Bolt|Thunder|p1a: Scizor
|-damage|p1a: Scizor|0 fnt
|faint|p1a: Scizor
|
|-end|p2a: Raging Bolt|Encore
|upkeep
|
|t:|1781268439
|switch|p1a: Primarina|Primarina, F|100/100
|turn|17
|
|t:|1781268443
|-terastallize|p1a: Primarina|Grass
|move|p2a: Raging Bolt|Thunder|p1a: Primarina
|-resisted|p1a: Primarina
|-damage|p1a: Primarina|78/100
|move|p1a: Primarina|Moonblast|p2a: Raging Bolt
|-damage|p2a: Raging Bolt|42/100
|-unboost|p2a: Raging Bolt|spa|1
|
|upkeep
|turn|18
|
|t:|1781268448
|move|p2a: Raging Bolt|Draco Meteor|p1a: Primarina
|-damage|p1a: Primarina|42/100
|-unboost|p2a: Raging Bolt|spa|2
|move|p1a: Primarina|Surf|p2a: Raging Bolt
|-damage|p2a: Raging Bolt|0 fnt
|faint|p2a: Raging Bolt
|-end|p2a: Raging Bolt|Protosynthesis|[silent]
|
|upkeep
|
|t:|1781268448
|switch|p2a: Barraskewda|Barraskewda, F|100/100
|-damage|p2a: Barraskewda|88/100|[from] Stealth Rock
|turn|19
|
|t:|1781268457
|move|p2a: Barraskewda|Close Combat|p1a: Primarina
|-damage|p1a: Primarina|0 fnt
|-unboost|p2a: Barraskewda|def|1
|-unboost|p2a: Barraskewda|spd|1
|faint|p1a: Primarina
|
|upkeep
|
|t:|1781268460
|switch|p1a: Regidrago|Regidrago|100/100
|turn|20
|
|t:|1781268463
|switch|p2a: Pelipper|Pelipper, M|100/100
|-damage|p2a: Pelipper|76/100|[from] Stealth Rock
|-weather|RainDance|[from] ability: Drizzle|[of] p2a: Pelipper
|move|p1a: Regidrago|Dragon Energy|p2a: Pelipper
|-damage|p2a: Pelipper|0 fnt
|faint|p2a: Pelipper
|
|-weather|RainDance|[upkeep]
|upkeep
|
|t:|1781268464
|switch|p2a: Overqwil|Overqwil, M|100/100
|-damage|p2a: Overqwil|88/100|[from] Stealth Rock
|turn|21
|
|t:|1781268468
|switch|p1a: Moltres|Moltres|66/100
|move|p2a: Overqwil|Gunk Shot|p1a: Moltres
|-damage|p1a: Moltres|13/100
|-damage|p2a: Overqwil|78/100|[from] item: Life Orb
|
|-weather|RainDance|[upkeep]
|upkeep
|turn|22
|
|t:|1781268475
|move|p2a: Overqwil|Gunk Shot|p1a: Moltres
|-damage|p1a: Moltres|0 fnt
|faint|p1a: Moltres
|-damage|p2a: Overqwil|69/100|[from] item: Life Orb
|
|-weather|RainDance|[upkeep]
|upkeep
|
|t:|1781268478
|switch|p1a: Regidrago|Regidrago|100/100
|turn|23
|
|t:|1781268480
|move|p2a: Overqwil|Crunch|p1a: Regidrago
|-damage|p1a: Regidrago|43/100
|-unboost|p1a: Regidrago|def|1
|-damage|p2a: Overqwil|59/100|[from] item: Life Orb
|move|p1a: Regidrago|Dragon Pulse|p2a: Overqwil
|-damage|p2a: Overqwil|0 fnt
|faint|p2a: Overqwil
|
|-weather|RainDance|[upkeep]
|upkeep
|
|t:|1781268481
|switch|p2a: Barraskewda|Barraskewda, F|88/100
|-damage|p2a: Barraskewda|75/100|[from] Stealth Rock
|turn|24
|
|t:|1781268484
|move|p2a: Barraskewda|Flip Turn|p1a: Regidrago
|-resisted|p1a: Regidrago
|-damage|p1a: Regidrago|0 fnt
|faint|p1a: Regidrago
|
|win|LowEL0God
|raw|blah0blah1blah2's rating: 1522 &rarr; <strong>1504</strong><br />(-18 for losing)
|raw|LowEL0God's rating: 1560 &rarr; <strong>1578</strong><br />(+18 for winning)
|l|☆blah0blah1blah2
|player|p1|
|c|☆LowEL0God|gg
|l|☆LowEL0God
|player|p2|
