|j|☆axleb27
|j|☆lesbiancleric
|t:|1781200191
|gametype|singles
|player|p1|axleb27|169|1538
|player|p2|lesbiancleric|plasmagruntf|1576
|gen|9
|tier|[Gen 9] OU
|rated|
|rule|HP Percentage Mod: HP is shown in percentages
|rule|Endless Battle Clause: Forcing endless battles is banned
|rule|Species Clause: Limit one of each Pokémon
|rule|OHKO Clause: OHKO moves are banned
|rule|Evasion Items Clause: Evasion items are banned
|rule|Evasion Moves Clause: Evasion moves are banned
|rule|Evasion Abilities Clause: Evasion abilities are banned
|rule|Sleep Moves Clause: Sleep-inducing moves are banned
|clearpoke
|poke|p1|Ogerpon-Cornerstone, F|
|poke|p1|Tyranitar, F|
|poke|p1|Excadrill, F|
|poke|p1|Metagross|
|poke|p1|Sinistcha-Masterpiece|
|poke|p1|Weezing-Galar, F|
|poke|p2|Tinkaton, F|
|poke|p2|Ogerpon, F|
|poke|p2|Great Tusk|
|poke|p2|Pecharunt|
|poke|p2|Alomomola, M|
|poke|p2|Hydreigon, M|
|teampreview
|inactive|Battle timer is ON: inactive players will automatically lose when time's up. (requested by lesbiancleric)
|
|t:|1781200210
|teamsize|p1|6
|teamsize|p2|6
|start
|switch|p1a: Metagross|Metagross|100/100
|switch|p2a: Anonymous|Ogerpon, F|100/100
|turn|1
|
|t:|1781200219
|move|p2a: Anonymous|U-turn|p1a: Metagross
|-damage|p1a: Metagross|75/100
|
|t:|1781200227
|switch|p2a: Overseer|Pecharunt|100/100|[from] U-turn
|move|p1a: Metagross|Knock Off|p2a: Overseer
|-supereffective|p2a: Overseer
|-damage|p2a: Overseer|68/100
|-damage|p1a: Metagross|59/100|[from] item: Rocky Helmet|[of] p2a: Overseer
|-enditem|p2a: Overseer|Rocky Helmet|[from] move: Knock Off|[of] p1a: Metagross
|
|-heal|p1a: Metagross|65/100|[from] item: Leftovers
|upkeep
|turn|2
|
|t:|1781200238
|switch|p1a: Tyranitar|Tyranitar, F|100/100
|-weather|Sandstorm|[from] ability: Sand Stream|[of] p1a: Tyranitar
|move|p2a: Overseer|Shadow Ball|p1a: Tyranitar
|-resisted|p1a: Tyranitar
|-damage|p1a: Tyranitar|93/100
|
|-weather|Sandstorm|[upkeep]
|-damage|p2a: Overseer|62/100|[from] Sandstorm
|upkeep
|turn|3
|
|t:|1781200242
|move|p2a: Overseer|Parting Shot|p1a: Tyranitar
|-unboost|p1a: Tyranitar|atk|1
|-unboost|p1a: Tyranitar|spa|1
|
|t:|1781200246
|switch|p2a: Smile.exe|Tinkaton, F, shiny|100/100|[from] Parting Shot
|-item|p2a: Smile.exe|Air Balloon
|move|p1a: Tyranitar|Stealth Rock|p2a: Smile.exe
|-sidestart|p2: lesbiancleric|move: Stealth Rock
|
|-weather|Sandstorm|[upkeep]
|upkeep
|turn|4
|
|t:|1781200254
|switch|p1a: Metagross|Metagross|65/100
|move|p2a: Smile.exe|Encore||[still]
|-fail|p2a: Smile.exe
|
|-weather|Sandstorm|[upkeep]
|-heal|p1a: Metagross|71/100|[from] item: Leftovers
|upkeep
|turn|5
|
|t:|1781200263
|switch|p2a: Behemoth|Great Tusk, shiny|100/100
|move|p1a: Metagross|Heavy Slam|p2a: Behemoth
|-damage|p2a: Behemoth|83/100
|
|-weather|Sandstorm|[upkeep]
|-heal|p1a: Metagross|77/100|[from] item: Leftovers
|upkeep
|turn|6
|
|t:|1781200271
|switch|p1a: Sinistcha|Sinistcha-Masterpiece|100/100
|move|p2a: Behemoth|Rapid Spin|p1a: Sinistcha
|-immune|p1a: Sinistcha
|
|-weather|Sandstorm|[upkeep]
|-damage|p1a: Sinistcha|94/100|[from] Sandstorm
|-heal|p1a: Sinistcha|100/100|[from] item: Leftovers
|upkeep
|turn|7
|
|t:|1781200276
|-end|p2a: Behemoth|Protosynthesis|[silent]
|switch|p2a: Pisces|Alomomola, M, shiny|100/100
|-damage|p2a: Pisces|88/100|[from] Stealth Rock
|move|p1a: Sinistcha|Matcha Gotcha|p2a: Pisces
|-supereffective|p2a: Pisces
|-damage|p2a: Pisces|54/100
|
|-weather|Sandstorm|[upkeep]
|-damage|p1a: Sinistcha|94/100|[from] Sandstorm
|-damage|p2a: Pisces|48/100|[from] Sandstorm
|-heal|p1a: Sinistcha|100/100|[from] item: Leftovers
|upkeep
|turn|8
|
|t:|1781200282
|move|p1a: Sinistcha|Calm Mind|p1a: Sinistcha
|-boost|p1a: Sinistcha|spa|1
|-boost|p1a: Sinistcha|spd|1
|move|p2a: Pisces|Mirror Coat||[still]
|-fail|p2a: Pisces
|
|-weather|Sandstorm|[upkeep]
|-damage|p1a: Sinistcha|94/100|[from] Sandstorm
|-damage|p2a: Pisces|42/100|[from] Sandstorm
|-heal|p1a: Sinistcha|100/100|[from] item: Leftovers
|upkeep
|turn|9
|
|t:|1781200290
|switch|p2a: Hybrid|Hydreigon, M, shiny|100/100
|-damage|p2a: Hybrid|88/100|[from] Stealth Rock
|move|p1a: Sinistcha|Matcha Gotcha|p2a: Hybrid
|-resisted|p2a: Hybrid
|-crit|p2a: Hybrid
|-damage|p2a: Hybrid|47/100
|
|-weather|none
|upkeep
|turn|10
|
|t:|1781200305
|switch|p1a: Tyranitar|Tyranitar, F|93/100
|-weather|Sandstorm|[from] ability: Sand Stream|[of] p1a: Tyranitar
|move|p2a: Hybrid|Draco Meteor|p1a: Tyranitar
|-damage|p1a: Tyranitar|42/100
|-unboost|p2a: Hybrid|spa|2
|
|-weather|Sandstorm|[upkeep]
|-damage|p2a: Hybrid|41/100|[from] Sandstorm
|upkeep
|turn|11
|
|t:|1781200312
|switch|p2a: Pisces|Alomomola, M, shiny|75/100
|-damage|p2a: Pisces|63/100|[from] Stealth Rock
|move|p1a: Tyranitar|Knock Off|p2a: Pisces
|-damage|p2a: Pisces|18/100
|-enditem|p2a: Pisces|Assault Vest|[from] move: Knock Off|[of] p1a: Tyranitar
|
|-weather|Sandstorm|[upkeep]
|-damage|p2a: Pisces|12/100|[from] Sandstorm
|upkeep
|turn|12
|
|t:|1781200317
|switch|p2a: Behemoth|Great Tusk, shiny|83/100
|move|p1a: Tyranitar|Stone Edge|p2a: Behemoth
|-resisted|p2a: Behemoth
|-damage|p2a: Behemoth|72/100
|
|-weather|Sandstorm|[upkeep]
|upkeep
|turn|13
|
|t:|1781200322
|-end|p2a: Behemoth|Protosynthesis|[silent]
|switch|p2a: Overseer|Pecharunt|62/100
|-damage|p2a: Overseer|50/100|[from] Stealth Rock
|switch|p1a: Weezing|Weezing-Galar, F|100/100
|
|-weather|Sandstorm|[upkeep]
|-damage|p2a: Overseer|44/100|[from] Sandstorm
|-damage|p1a: Weezing|95/100|[from] Sandstorm
|upkeep
|turn|14
|
|t:|1781200332
|move|p2a: Overseer|Recover|p2a: Overseer
|-heal|p2a: Overseer|94/100
|move|p1a: Weezing|Will-O-Wisp|p2a: Overseer
|-status|p2a: Overseer|brn
|
|-weather|Sandstorm|[upkeep]
|-damage|p2a: Overseer|88/100 brn|[from] Sandstorm
|-damage|p1a: Weezing|89/100|[from] Sandstorm
|-damage|p2a: Overseer|82/100 brn|[from] brn
|upkeep
|turn|15
|
|t:|1781200337
|switch|p1a: Metagross|Metagross|77/100
|move|p2a: Overseer|Shadow Ball|p1a: Metagross
|-supereffective|p1a: Metagross
|-damage|p1a: Metagross|31/100
|
|-weather|Sandstorm|[upkeep]
|-damage|p2a: Overseer|76/100 brn|[from] Sandstorm
|-heal|p1a: Metagross|37/100|[from] item: Leftovers
|-damage|p2a: Overseer|70/100 brn|[from] brn
|upkeep
|turn|16
|
|t:|1781200343
|switch|p1a: Tyranitar|Tyranitar, F|42/100
|move|p2a: Overseer|Shadow Ball|p1a: Tyranitar
|-resisted|p1a: Tyranitar
|-damage|p1a: Tyranitar|35/100
|
|-weather|Sandstorm|[upkeep]
|-damage|p2a: Overseer|64/100 brn|[from] Sandstorm
|-damage|p2a: Overseer|57/100 brn|[from] brn
|upkeep
|turn|17
|
|t:|1781200348
|move|p2a: Overseer|Parting Shot|p1a: Tyranitar
|-unboost|p1a: Tyranitar|atk|1
|-unboost|p1a: Tyranitar|spa|1
|
|t:|1781200350
|switch|p2a: Pisces|Alomomola, M, shiny|45/100|[from] Parting Shot
|-damage|p2a: Pisces|32/100|[from] Stealth Rock
|move|p1a: Tyranitar|Earthquake|p2a: Pisces
|-damage|p2a: Pisces|13/100
|
|-weather|none
|upkeep
|turn|18
|
|t:|1781200356
|switch|p2a: Smile.exe|Tinkaton, F, shiny|100/100
|-damage|p2a: Smile.exe|94/100|[from] Stealth Rock
|-item|p2a: Smile.exe|Air Balloon
|move|p1a: Tyranitar|Knock Off|p2a: Smile.exe
|-resisted|p2a: Smile.exe
|-damage|p2a: Smile.exe|70/100
|-enditem|p2a: Smile.exe|Air Balloon
|-enditem|p1a: Tyranitar|Smooth Rock|[silent]|[from] ability: Pickpocket|[of] p1a: Tyranitar
|-item|p2a: Smile.exe|Smooth Rock|[from] ability: Pickpocket|[of] p1a: Tyranitar
|
|upkeep
|turn|19
|
|t:|1781200363
|move|p2a: Smile.exe|Gigaton Hammer|p1a: Tyranitar
|-supereffective|p1a: Tyranitar
|-damage|p1a: Tyranitar|0 fnt
|faint|p1a: Tyranitar
|
|upkeep
|
|t:|1781200366
|switch|p1a: Excadrill|Excadrill, F, shiny|100/100
|turn|20
|
|t:|1781200373
|move|p2a: Smile.exe|Ice Hammer|p1a: Excadrill
|-damage|p1a: Excadrill|67/100
|-unboost|p2a: Smile.exe|spe|1
|move|p1a: Excadrill|Rapid Spin|p2a: Smile.exe
|-resisted|p2a: Smile.exe
|-damage|p2a: Smile.exe|52/100
|-boost|p1a: Excadrill|spe|1
|-damage|p1a: Excadrill|57/100|[from] item: Life Orb
|
|upkeep
|turn|21
|
|t:|1781200383
|move|p1a: Excadrill|Earthquake|p2a: Smile.exe
|-supereffective|p2a: Smile.exe
|-crit|p2a: Smile.exe
|-damage|p2a: Smile.exe|0 fnt
|faint|p2a: Smile.exe
|-damage|p1a: Excadrill|47/100|[from] item: Life Orb
|
|upkeep
|
|t:|1781200397
|switch|p2a: Behemoth|Great Tusk, shiny|72/100
|turn|22
|
|t:|1781200404
|switch|p1a: Sinistcha|Sinistcha-Masterpiece|100/100
|move|p2a: Behemoth|Rapid Spin|p1a: Sinistcha
|-immune|p1a: Sinistcha
|
|upkeep
|turn|23
|
|t:|1781200409
|-end|p2a: Behemoth|Protosynthesis|[silent]
|switch|p2a: Overseer|Pecharunt|57/100 brn
|-damage|p2a: Overseer|45/100 brn|[from] Stealth Rock
|move|p1a: Sinistcha|Matcha Gotcha|p2a: Overseer
|-resisted|p2a: Overseer
|-damage|p2a: Overseer|28/100 brn
|
|-damage|p2a: Overseer|22/100 brn|[from] brn
|upkeep
|turn|24
|
|t:|1781200411
|move|p2a: Overseer|Recover|p2a: Overseer
|-heal|p2a: Overseer|72/100 brn
|move|p1a: Sinistcha|Shadow Ball|p2a: Overseer
|-supereffective|p2a: Overseer
|-damage|p2a: Overseer|3/100 brn
|
|-damage|p2a: Overseer|0 fnt|[from] brn
|faint|p2a: Overseer
|upkeep
|
|t:|1781200415
|switch|p2a: Hybrid|Hydreigon, M, shiny|41/100
|-damage|p2a: Hybrid|29/100|[from] Stealth Rock
|turn|25
|
|t:|1781200423
|switch|p1a: Weezing|Weezing-Galar, F|89/100
|move|p2a: Hybrid|Flash Cannon|p1a: Weezing
|-supereffective|p1a: Weezing
|-damage|p1a: Weezing|0 fnt
|faint|p1a: Weezing
|
|upkeep
|
|t:|1781200427
|switch|p1a: Metagross|Metagross|37/100
|turn|26
|
|t:|1781200434
|switch|p2a: Pisces|Alomomola, M, shiny|46/100
|-damage|p2a: Pisces|34/100|[from] Stealth Rock
|move|p1a: Metagross|Heavy Slam|p2a: Pisces
|-resisted|p2a: Pisces
|-damage|p2a: Pisces|7/100
|
|-heal|p1a: Metagross|43/100|[from] item: Leftovers
|upkeep
|turn|27
|
|t:|1781200440
|move|p1a: Metagross|Heavy Slam|p2a: Pisces
|-resisted|p2a: Pisces
|-damage|p2a: Pisces|0 fnt
|faint|p2a: Pisces
|
|-heal|p1a: Metagross|49/100|[from] item: Leftovers
|upkeep
|
|t:|1781200443
|switch|p2a: Behemoth|Great Tusk, shiny|72/100
|turn|28
|
|t:|1781200455
|switch|p1a: Sinistcha|Sinistcha-Masterpiece|100/100
|move|p2a: Behemoth|Ice Spinner|p1a: Sinistcha
|-supereffective|p1a: Sinistcha
|-crit|p1a: Sinistcha
|-damage|p1a: Sinistcha|33/100
|
|-heal|p1a: Sinistcha|39/100|[from] item: Leftovers
|upkeep
|turn|29
|
|t:|1781200462
|-terastallize|p1a: Sinistcha|Poison
|move|p2a: Behemoth|Ice Spinner|p1a: Sinistcha
|-damage|p1a: Sinistcha|20/100
|move|p1a: Sinistcha|Strength Sap|p2a: Behemoth
|-unboost|p2a: Behemoth|atk|1
|-heal|p1a: Sinistcha|100/100
|
|upkeep
|turn|30
|
|t:|1781200466
|-end|p2a: Behemoth|Protosynthesis|[silent]
|switch|p2a: Anonymous|Ogerpon, F|100/100
|-damage|p2a: Anonymous|88/100|[from] Stealth Rock
|move|p1a: Sinistcha|Matcha Gotcha|p2a: Anonymous|[miss]
|-miss|p1a: Sinistcha|p2a: Anonymous
|
|upkeep
|turn|31
|
|t:|1781200472
|move|p2a: Anonymous|Knock Off|p1a: Sinistcha
|-damage|p1a: Sinistcha|68/100
|-enditem|p1a: Sinistcha|Leftovers|[from] move: Knock Off|[of] p2a: Anonymous
|move|p1a: Sinistcha|Calm Mind|p1a: Sinistcha
|-boost|p1a: Sinistcha|spa|1
|-boost|p1a: Sinistcha|spd|1
|
|upkeep
|turn|32
|
|t:|1781200477
|switch|p2a: Hybrid|Hydreigon, M, shiny|29/100
|-damage|p2a: Hybrid|16/100|[from] Stealth Rock
|move|p1a: Sinistcha|Matcha Gotcha|p2a: Hybrid
|-resisted|p2a: Hybrid
|-damage|p2a: Hybrid|0 fnt
|-heal|p1a: Sinistcha|75/100|[from] drain|[of] p2a: Hybrid
|faint|p2a: Hybrid
|
|upkeep
|
|t:|1781200479
|switch|p2a: Behemoth|Great Tusk, shiny|72/100
|turn|33
|
|t:|1781200487
|switch|p1a: Excadrill|Excadrill, F, shiny|47/100
|move|p2a: Behemoth|Headlong Rush|p1a: Excadrill
|-supereffective|p1a: Excadrill
|-damage|p1a: Excadrill|0 fnt
|-unboost|p2a: Behemoth|def|1
|-unboost|p2a: Behemoth|spd|1
|faint|p1a: Excadrill
|
|upkeep
|
|t:|1781200491
|switch|p1a: Ogerpon|Ogerpon-Cornerstone, F|100/100
|turn|34
|
|t:|1781200498
|move|p1a: Ogerpon|Power Whip|p2a: Behemoth|[miss]
|-miss|p1a: Ogerpon|p2a: Behemoth
|move|p2a: Behemoth|Rapid Spin|p1a: Ogerpon
|-resisted|p1a: Ogerpon
|-damage|p1a: Ogerpon|88/100
|-boost|p2a: Behemoth|spe|1
|-sideend|p2: lesbiancleric|Stealth Rock|[from] move: Rapid Spin|[of] p2a: Behemoth
|
|upkeep
|turn|35
|
|t:|1781200502
|move|p2a: Behemoth|Close Combat|p1a: Ogerpon
|-supereffective|p1a: Ogerpon
|-damage|p1a: Ogerpon|0 fnt
|-unboost|p2a: Behemoth|def|1
|-unboost|p2a: Behemoth|spd|1
|faint|p1a: Ogerpon
|
|upkeep
|
|t:|1781200507
|switch|p1a: Sinistcha|Sinistcha-Masterpiece, tera:Poison|75/100
|turn|36
|
|t:|1781200510
|move|p2a: Behemoth|Headlong Rush|p1a: Sinistcha
|-supereffective|p1a: Sinistcha
|-damage|p1a: Sinistcha|0 fnt
|-unboost|p2a: Behemoth|def|1
|-unboost|p2a: Behemoth|spd|1
|faint|p1a: Sinistcha
|
|upkeep
|-message|axleb27 forfeited.
|
|win|lesbiancleric
|raw|axleb27's rating: 1538 &rarr; <strong>1520</strong><br />(-18 for losing)
|raw|lesbiancleric's rating: 1576 &rarr; <strong>1594</strong><br />(+18 for winning)
|l|☆axleb27
|player|p1|
|l|☆lesbiancleric
|player|p2|
