|j|☆ykykp
|j|☆juli<33
|t:|1781274997
|gametype|singles
|player|p1|ykykp|2|1685
|player|p2|juli<33|caitlin-masters|1775
|gen|9
|tier|[Gen 9] OU
|rated|
|rule|HP Percentage Mod: HP is shown in percentages
|rule|Endless Battle Clause: Forcing endless battles is banned
|rule|Species Clause: Limit one of each Pokémon
|rule|OHKO Clause: OHKO moves are banned
|rule|Evasion Items Clause: Evasion items are banned
|rule|Evasion Moves Clause: Evasion moves are banned
|rule|Evasion Abilities Clause: Evasion abilities are banned
|rule|Sleep Moves Clause: Sleep-inducing moves are banned
|clearpoke
|poke|p1|Lokix, M|
|poke|p1|Iron Valiant|
|poke|p1|Alomomola, L99, M|
|poke|p1|Great Tusk|
|poke|p1|Gholdengo|
|poke|p1|Cinderace, F|
|poke|p2|Great Tusk|
|poke|p2|Slowking-Galar, M|
|poke|p2|Corviknight, F|
|poke|p2|Clefable, F|
|poke|p2|Samurott-Hisui, M|
|poke|p2|Dragapult, F|
|teampreview
|inactive|Battle timer is ON: inactive players will automatically lose when time's up. (requested by juli<33)
|
|t:|1781275007
|teamsize|p1|6
|teamsize|p2|6
|start
|switch|p1a: Shining Agito|Lokix, M, shiny|100/100
|switch|p2a: P!nk|Clefable, F|100/100
|turn|1
|
|t:|1781275013
|move|p1a: Shining Agito|U-turn|p2a: P!nk
|-resisted|p2a: P!nk
|-damage|p2a: P!nk|63/100
|
|t:|1781275020
|switch|p1a: MACHINE TORNADER|Gholdengo|100/100|[from] U-turn
|move|p2a: P!nk|Moonlight|p2a: P!nk
|-heal|p2a: P!nk|100/100
|
|upkeep
|turn|2
|
|t:|1781275032
|switch|p2a: Jack|Samurott-Hisui, M|100/100
|move|p1a: MACHINE TORNADER|Make It Rain|p2a: Jack
|-resisted|p2a: Jack
|-damage|p2a: Jack|60/100
|-unboost|p1a: MACHINE TORNADER|spa|1
|
|upkeep
|turn|3
|
|t:|1781275036
|switch|p1a: Gills Exceed|Great Tusk|100/100
|move|p2a: Jack|Knock Off|p1a: Gills Exceed
|-resisted|p1a: Gills Exceed
|-damage|p1a: Gills Exceed|86/100
|-enditem|p1a: Gills Exceed|Heavy-Duty Boots|[from] move: Knock Off|[of] p2a: Jack
|
|upkeep
|turn|4
|
|t:|1781275040
|switch|p2a: Voyageur|Corviknight, F|100/100
|-ability|p2a: Voyageur|Pressure
|move|p1a: Gills Exceed|Stealth Rock|p2a: Voyageur
|-sidestart|p2: juli<33|move: Stealth Rock
|
|upkeep
|turn|5
|
|t:|1781275045
|-end|p1a: Gills Exceed|Protosynthesis|[silent]
|switch|p1a: MACHINE TORNADER|Gholdengo|100/100
|move|p2a: Voyageur|U-turn|p1a: MACHINE TORNADER
|-resisted|p1a: MACHINE TORNADER
|-damage|p1a: MACHINE TORNADER|96/100
|
|t:|1781275049
|switch|p2a: Jack|Samurott-Hisui, M|60/100|[from] U-turn
|
|upkeep
|turn|6
|
|t:|1781275052
|switch|p1a: Gills Exceed|Great Tusk|86/100
|switch|p2a: Loxodonta|Great Tusk|100/100
|-damage|p2a: Loxodonta|98/100|[from] Stealth Rock
|
|-heal|p2a: Loxodonta|100/100|[from] item: Leftovers
|upkeep
|turn|7
|
|t:|1781275056
|-end|p1a: Gills Exceed|Protosynthesis|[silent]
|switch|p1a: MACHINE TORNADER|Gholdengo|96/100
|-end|p2a: Loxodonta|Protosynthesis|[silent]
|switch|p2a: Voyageur|Corviknight, F|100/100
|-damage|p2a: Voyageur|88/100|[from] Stealth Rock
|-ability|p2a: Voyageur|Pressure
|
|upkeep
|turn|8
|
|t:|1781275061
|switch|p2a: Alchemist|Slowking-Galar, M|100/100
|-damage|p2a: Alchemist|88/100|[from] Stealth Rock
|move|p1a: MACHINE TORNADER|Shadow Ball|p2a: Alchemist
|-supereffective|p2a: Alchemist
|-damage|p2a: Alchemist|49/100
|
|upkeep
|turn|9
|
|t:|1781275072
|move|p1a: MACHINE TORNADER|Shadow Ball|p2a: Alchemist
|-supereffective|p2a: Alchemist
|-damage|p2a: Alchemist|11/100
|move|p2a: Alchemist|Flamethrower|p1a: MACHINE TORNADER
|-supereffective|p1a: MACHINE TORNADER
|-damage|p1a: MACHINE TORNADER|34/100
|
|upkeep
|turn|10
|
|t:|1781275075
|switch|p2a: Jack|Samurott-Hisui, M|60/100
|move|p1a: MACHINE TORNADER|Shadow Ball|p2a: Jack
|-resisted|p2a: Jack
|-damage|p2a: Jack|34/100
|
|upkeep
|turn|11
|
|t:|1781275079
|switch|p1a: Gills Exceed|Great Tusk|86/100
|move|p2a: Jack|Aqua Cutter|p1a: Gills Exceed
|-supereffective|p1a: Gills Exceed
|-crit|p1a: Gills Exceed
|-damage|p1a: Gills Exceed|0 fnt
|faint|p1a: Gills Exceed
|-end|p1a: Gills Exceed|Protosynthesis|[silent]
|
|upkeep
|
|t:|1781275082
|switch|p1a: Shining Agito|Lokix, M, shiny|100/100
|turn|12
|
|t:|1781275089
|move|p1a: Shining Agito|U-turn|p2a: Jack
|-supereffective|p2a: Jack
|-damage|p2a: Jack|0 fnt
|faint|p2a: Jack
|
|t:|1781275095
|switch|p1a: MACHINE TORNADER|Gholdengo|34/100|[from] U-turn
|
|upkeep
|
|t:|1781275102
|switch|p2a: Loxodonta|Great Tusk|100/100
|-damage|p2a: Loxodonta|98/100|[from] Stealth Rock
|turn|13
|inactive|ykykp has 120 seconds left.
|
|t:|1781275160
|-end|p2a: Loxodonta|Protosynthesis|[silent]
|switch|p2a: Alchemist|Slowking-Galar, M|44/100
|-damage|p2a: Alchemist|32/100|[from] Stealth Rock
|move|p1a: MACHINE TORNADER|Make It Rain|p2a: Alchemist
|-damage|p2a: Alchemist|3/100
|-unboost|p1a: MACHINE TORNADER|spa|1
|
|upkeep
|turn|14
|
|t:|1781275164
|switch|p2a: Voyageur|Corviknight, F|88/100
|-damage|p2a: Voyageur|76/100|[from] Stealth Rock
|-ability|p2a: Voyageur|Pressure
|move|p1a: MACHINE TORNADER|Make It Rain|p2a: Voyageur
|-resisted|p2a: Voyageur
|-damage|p2a: Voyageur|54/100
|-unboost|p1a: MACHINE TORNADER|spa|1
|
|upkeep
|turn|15
|
|t:|1781275169
|switch|p1a: Cinderace|Cinderace, F|100/100
|move|p2a: Voyageur|Roost|p2a: Voyageur
|-heal|p2a: Voyageur|100/100
|-singleturn|p2a: Voyageur|move: Roost
|
|upkeep
|turn|16
|
|t:|1781275175
|move|p1a: Cinderace|Pyro Ball|p2a: Voyageur
|-supereffective|p2a: Voyageur
|-damage|p2a: Voyageur|34/100
|-status|p2a: Voyageur|brn
|move|p2a: Voyageur|U-turn|p1a: Cinderace
|-resisted|p1a: Cinderace
|-damage|p1a: Cinderace|95/100
|
|t:|1781275177
|switch|p2a: Loxodonta|Great Tusk|98/100|[from] U-turn
|-damage|p2a: Loxodonta|95/100|[from] Stealth Rock
|
|-heal|p2a: Loxodonta|100/100|[from] item: Leftovers
|upkeep
|turn|17
|
|t:|1781275182
|move|p1a: Cinderace|U-turn|p2a: Loxodonta
|-start|p1a: Cinderace|typechange|Bug|[from] ability: Libero
|-resisted|p2a: Loxodonta
|-damage|p2a: Loxodonta|88/100
|
|t:|1781275187
|switch|p1a: Tetsuya Sawaki|Alomomola, L99, M|100/100|[from] U-turn
|move|p2a: Loxodonta|Rapid Spin|p1a: Tetsuya Sawaki
|-damage|p1a: Tetsuya Sawaki|88/100
|-boost|p2a: Loxodonta|spe|1
|-sideend|p2: juli<33|Stealth Rock|[from] move: Rapid Spin|[of] p2a: Loxodonta
|
|-heal|p2a: Loxodonta|95/100|[from] item: Leftovers
|upkeep
|turn|18
|
|t:|1781275193
|-end|p2a: Loxodonta|Protosynthesis|[silent]
|switch|p2a: Alchemist|Slowking-Galar, M|36/100
|move|p1a: Tetsuya Sawaki|Flip Turn|p2a: Alchemist
|-damage|p2a: Alchemist|20/100
|
|t:|1781275198
|switch|p1a: MACHINE TORNADER|Gholdengo|34/100|[from] Flip Turn
|
|upkeep
|turn|19
|
|t:|1781275201
|switch|p2a: Voyageur|Corviknight, F|34/100 brn
|-ability|p2a: Voyageur|Pressure
|move|p1a: MACHINE TORNADER|Shadow Ball|p2a: Voyageur
|-damage|p2a: Voyageur|0 fnt
|faint|p2a: Voyageur
|
|upkeep
|
|t:|1781275204
|switch|p2a: Loxodonta|Great Tusk|95/100
|turn|20
|
|t:|1781275209
|move|p1a: MACHINE TORNADER|Shadow Ball|p2a: Loxodonta
|-damage|p2a: Loxodonta|31/100
|move|p2a: Loxodonta|Headlong Rush|p1a: MACHINE TORNADER
|-supereffective|p1a: MACHINE TORNADER
|-crit|p1a: MACHINE TORNADER
|-damage|p1a: MACHINE TORNADER|0 fnt
|-unboost|p2a: Loxodonta|def|1
|-unboost|p2a: Loxodonta|spd|1
|faint|p1a: MACHINE TORNADER
|
|-heal|p2a: Loxodonta|38/100|[from] item: Leftovers
|upkeep
|
|t:|1781275213
|switch|p1a: G3-X|Iron Valiant, shiny|100/100
|turn|21
|
|t:|1781275215
|move|p1a: G3-X|Shadow Ball|p2a: Loxodonta
|-damage|p2a: Loxodonta|0 fnt
|faint|p2a: Loxodonta
|-end|p2a: Loxodonta|Protosynthesis|[silent]
|
|upkeep
|
|t:|1781275217
|switch|p2a: P!nk|Clefable, F|100/100
|turn|22
|
|t:|1781275223
|-end|p1a: G3-X|Quark Drive|[silent]
|switch|p1a: Tetsuya Sawaki|Alomomola, L99, M|100/100
|move|p2a: P!nk|Knock Off|p1a: Tetsuya Sawaki
|-damage|p1a: Tetsuya Sawaki|90/100
|-enditem|p1a: Tetsuya Sawaki|Assault Vest|[from] move: Knock Off|[of] p2a: P!nk
|
|upkeep
|turn|23
|
|t:|1781275230
|move|p2a: P!nk|Stealth Rock|p1a: Tetsuya Sawaki
|-sidestart|p1: ykykp|move: Stealth Rock
|move|p1a: Tetsuya Sawaki|Scald|p2a: P!nk
|-damage|p2a: P!nk|88/100
|
|-heal|p2a: P!nk|94/100|[from] item: Leftovers
|upkeep
|turn|24
|
|t:|1781275234
|move|p2a: P!nk|Moonblast|p1a: Tetsuya Sawaki
|-damage|p1a: Tetsuya Sawaki|66/100
|-unboost|p1a: Tetsuya Sawaki|spa|1
|move|p1a: Tetsuya Sawaki|Flip Turn|p2a: P!nk
|-damage|p2a: P!nk|83/100
|
|t:|1781275243
|switch|p1a: G3-X|Iron Valiant, shiny|100/100|[from] Flip Turn
|-damage|p1a: G3-X|94/100|[from] Stealth Rock
|
|-heal|p2a: P!nk|89/100|[from] item: Leftovers
|upkeep
|turn|25
|
|t:|1781275253
|-terastallize|p1a: G3-X|Fairy
|move|p1a: G3-X|Moonblast|p2a: P!nk
|-damage|p2a: P!nk|0 fnt
|faint|p2a: P!nk
|
|upkeep
|
|t:|1781275257
|switch|p2a: Alchemist|Slowking-Galar, M|53/100
|turn|26
|
|t:|1781275261
|-end|p1a: G3-X|Quark Drive|[silent]
|switch|p1a: Tetsuya Sawaki|Alomomola, L99, M|99/100
|-damage|p1a: Tetsuya Sawaki|87/100|[from] Stealth Rock
|move|p2a: Alchemist|Sludge Bomb|p1a: Tetsuya Sawaki
|-damage|p1a: Tetsuya Sawaki|52/100
|
|upkeep
|turn|27
|
|t:|1781275265
|move|p2a: Alchemist|Sludge Bomb|p1a: Tetsuya Sawaki
|-damage|p1a: Tetsuya Sawaki|16/100
|move|p1a: Tetsuya Sawaki|Mirror Coat|p2a: Alchemist
|-damage|p2a: Alchemist|0 fnt
|faint|p2a: Alchemist
|
|upkeep
|-message|juli<33 forfeited.
|
|win|ykykp
|raw|ykykp's rating: 1685 &rarr; <strong>1710</strong><br />(+25 for winning)
|raw|juli&lt;33's rating: 1775 &rarr; <strong>1750</strong><br />(-25 for losing)
|l|☆juli<33
|player|p2|
|l|☆ykykp
|player|p1|
