|j|☆Brassendaer
|j|☆Floundso
|t:|1781013884
|gametype|singles
|player|p1|Brassendaer|policeman-gen4|1632
|player|p2|Floundso|giovanni|1737
|gen|9
|tier|[Gen 9] OU
|rated|
|rule|HP Percentage Mod: HP is shown in percentages
|rule|Endless Battle Clause: Forcing endless battles is banned
|rule|Species Clause: Limit one of each Pokémon
|rule|OHKO Clause: OHKO moves are banned
|rule|Evasion Items Clause: Evasion items are banned
|rule|Evasion Moves Clause: Evasion moves are banned
|rule|Evasion Abilities Clause: Evasion abilities are banned
|rule|Sleep Moves Clause: Sleep-inducing moves are banned
|clearpoke
|poke|p1|Clefable, M|
|poke|p1|Mandibuzz, F|
|poke|p1|Tyranitar, M|
|poke|p1|Metagross|
|poke|p1|Greninja-*, M|
|poke|p1|Zamazenta-*|
|poke|p2|Ogerpon-Wellspring, F|
|poke|p2|Glimmora, M|
|poke|p2|Cresselia, F|
|poke|p2|Gholdengo|
|poke|p2|Gliscor, M|
|poke|p2|Raging Bolt|
|teampreview
|inactive|Battle timer is ON: inactive players will automatically lose when time's up. (requested by Brassendaer)
|
|t:|1781013895
|teamsize|p1|6
|teamsize|p2|6
|start
|switch|p1a: Greninja|Greninja, M|100/100
|switch|p2a: Glimmora|Glimmora, M|100/100
|turn|1
|
|t:|1781013906
|move|p1a: Greninja|Extrasensory|p2a: Glimmora
|-start|p1a: Greninja|typechange|Psychic|[from] ability: Protean
|-supereffective|p2a: Glimmora
|-damage|p2a: Glimmora|0 fnt
|faint|p2a: Glimmora
|-damage|p1a: Greninja|91/100|[from] item: Life Orb
|
|upkeep
|
|t:|1781013912
|switch|p2a: Gholdengo|Gholdengo|100/100
|turn|2
|
|t:|1781013923
|switch|p1a: Mandibuzz|Mandibuzz, F|100/100
|move|p2a: Gholdengo|Make It Rain|p1a: Mandibuzz
|-damage|p1a: Mandibuzz|51/100
|-unboost|p2a: Gholdengo|spa|1
|
|upkeep
|turn|3
|
|t:|1781013928
|switch|p2a: Gliscor|Gliscor, M|100/100
|move|p1a: Mandibuzz|Roost|p1a: Mandibuzz
|-heal|p1a: Mandibuzz|100/100
|-singleturn|p1a: Mandibuzz|move: Roost
|
|-status|p2a: Gliscor|tox|[from] item: Toxic Orb
|upkeep
|turn|4
|
|t:|1781013940
|switch|p1a: Clefable|Clefable, M, shiny|100/100
|move|p2a: Gliscor|Knock Off|p1a: Clefable
|-resisted|p1a: Clefable
|-damage|p1a: Clefable|92/100
|-enditem|p1a: Clefable|Leftovers|[from] move: Knock Off|[of] p2a: Gliscor
|
|upkeep
|turn|5
|
|t:|1781013948
|move|p2a: Gliscor|Swords Dance|p2a: Gliscor
|-boost|p2a: Gliscor|atk|2
|move|p1a: Clefable|Moonblast|p2a: Gliscor
|-damage|p2a: Gliscor|72/100 tox
|
|-heal|p2a: Gliscor|85/100 tox|[from] ability: Poison Heal
|upkeep
|turn|6
|
|t:|1781013954
|switch|p1a: Mandibuzz|Mandibuzz, F|100/100
|move|p2a: Gliscor|Facade|p1a: Mandibuzz
|-damage|p1a: Mandibuzz|68/100
|
|-heal|p2a: Gliscor|97/100 tox|[from] ability: Poison Heal
|upkeep
|turn|7
|
|t:|1781013961
|switch|p2a: Raging Bolt|Raging Bolt|100/100
|-enditem|p2a: Raging Bolt|Booster Energy
|-activate|p2a: Raging Bolt|ability: Protosynthesis|[fromitem]
|-start|p2a: Raging Bolt|protosynthesisspa
|move|p1a: Mandibuzz|Foul Play|p2a: Raging Bolt
|-damage|p2a: Raging Bolt|79/100
|
|upkeep
|turn|8
|
|t:|1781013967
|switch|p1a: Metagross|Metagross|100/100
|move|p2a: Raging Bolt|Calm Mind|p2a: Raging Bolt
|-boost|p2a: Raging Bolt|spa|1
|-boost|p2a: Raging Bolt|spd|1
|
|upkeep
|turn|9
|
|t:|1781013970
|move|p2a: Raging Bolt|Thunderbolt|p1a: Metagross
|-damage|p1a: Metagross|8/100
|move|p1a: Metagross|Psychic Fangs|p2a: Raging Bolt
|-damage|p2a: Raging Bolt|31/100
|
|upkeep
|turn|10
|
|t:|1781013977
|move|p1a: Metagross|Bullet Punch|p2a: Raging Bolt
|-resisted|p2a: Raging Bolt
|-damage|p2a: Raging Bolt|21/100
|move|p2a: Raging Bolt|Dragon Pulse|p1a: Metagross
|-resisted|p1a: Metagross
|-damage|p1a: Metagross|0 fnt
|faint|p1a: Metagross
|
|upkeep
|
|t:|1781013982
|switch|p1a: Tyranitar|Tyranitar, M|100/100
|-weather|Sandstorm|[from] ability: Sand Stream|[of] p1a: Tyranitar
|turn|11
|
|t:|1781013988
|move|p2a: Raging Bolt|Thunderbolt|p1a: Tyranitar
|-damage|p1a: Tyranitar|36/100
|move|p1a: Tyranitar|Ice Punch|p2a: Raging Bolt
|-supereffective|p2a: Raging Bolt
|-damage|p2a: Raging Bolt|0 fnt
|faint|p2a: Raging Bolt
|-end|p2a: Raging Bolt|Protosynthesis|[silent]
|
|-weather|Sandstorm|[upkeep]
|upkeep
|
|t:|1781013991
|switch|p2a: Ogerpon|Ogerpon-Wellspring, F|100/100
|turn|12
|
|t:|1781013994
|switch|p1a: Mandibuzz|Mandibuzz, F|68/100
|move|p2a: Ogerpon|Spikes|p1a: Mandibuzz
|-sidestart|p1: Brassendaer|Spikes
|
|-weather|Sandstorm|[upkeep]
|-damage|p2a: Ogerpon|95/100|[from] Sandstorm
|upkeep
|turn|13
|
|t:|1781014000
|move|p2a: Ogerpon|Taunt|p1a: Mandibuzz
|-start|p1a: Mandibuzz|move: Taunt
|cant|p1a: Mandibuzz|move: Taunt|Roost
|
|-weather|Sandstorm|[upkeep]
|-damage|p2a: Ogerpon|89/100|[from] Sandstorm
|upkeep
|turn|14
|inactive|Floundso has 120 seconds left.
|
|t:|1781014035
|move|p2a: Ogerpon|Ivy Cudgel|p1a: Mandibuzz|[anim] Ivy Cudgel Water
|-crit|p1a: Mandibuzz
|-damage|p1a: Mandibuzz|14/100
|move|p1a: Mandibuzz|Foul Play|p2a: Ogerpon
|-damage|p2a: Ogerpon|25/100
|
|-weather|Sandstorm|[upkeep]
|-damage|p2a: Ogerpon|19/100|[from] Sandstorm
|upkeep
|turn|15
|
|t:|1781014045
|move|p2a: Ogerpon|Ivy Cudgel|p1a: Mandibuzz|[anim] Ivy Cudgel Water
|-crit|p1a: Mandibuzz
|-damage|p1a: Mandibuzz|0 fnt
|faint|p1a: Mandibuzz
|
|-weather|none
|upkeep
|
|t:|1781014061
|switch|p1a: Zamazenta|Zamazenta|100/100
|-damage|p1a: Zamazenta|88/100|[from] Spikes
|-ability|p1a: Zamazenta|Dauntless Shield|boost
|-boost|p1a: Zamazenta|def|1
|turn|16
|
|t:|1781014065
|move|p1a: Zamazenta|Iron Defense|p1a: Zamazenta
|-boost|p1a: Zamazenta|def|2
|move|p2a: Ogerpon|Ivy Cudgel|p1a: Zamazenta|[anim] Ivy Cudgel Water
|-damage|p1a: Zamazenta|70/100
|
|upkeep
|turn|17
|
|t:|1781014070
|switch|p2a: Gholdengo|Gholdengo|100/100
|move|p1a: Zamazenta|Iron Defense|p1a: Zamazenta
|-boost|p1a: Zamazenta|def|2
|
|upkeep
|turn|18
|
|t:|1781014082
|-terastallize|p1a: Zamazenta|Dark
|move|p2a: Gholdengo|Make It Rain|p1a: Zamazenta
|-damage|p1a: Zamazenta|18/100
|-unboost|p2a: Gholdengo|spa|1
|move|p1a: Zamazenta|Crunch|p2a: Gholdengo
|-supereffective|p2a: Gholdengo
|-damage|p2a: Gholdengo|28/100
|
|upkeep
|turn|19
|
|t:|1781014093
|switch|p1a: Tyranitar|Tyranitar, M|36/100
|-damage|p1a: Tyranitar|24/100|[from] Spikes
|-weather|Sandstorm|[from] ability: Sand Stream|[of] p1a: Tyranitar
|move|p2a: Gholdengo|Make It Rain|p1a: Tyranitar
|-supereffective|p1a: Tyranitar
|-damage|p1a: Tyranitar|0 fnt
|-unboost|p2a: Gholdengo|spa|1
|faint|p1a: Tyranitar
|
|-weather|Sandstorm|[upkeep]
|upkeep
|
|t:|1781014096
|switch|p1a: Greninja|Greninja, M|91/100
|-damage|p1a: Greninja|78/100|[from] Spikes
|turn|20
|
|t:|1781014103
|switch|p2a: Gliscor|Gliscor, M|97/100 tox
|move|p1a: Greninja|U-turn|p2a: Gliscor
|-start|p1a: Greninja|typechange|Bug|[from] ability: Protean
|-resisted|p2a: Gliscor
|-damage|p2a: Gliscor|86/100 tox
|-damage|p1a: Greninja|69/100|[from] item: Life Orb
|
|t:|1781014106
|switch|p1a: Zamazenta|Zamazenta, tera:Dark|18/100|[from] U-turn
|-damage|p1a: Zamazenta|5/100|[from] Spikes
|
|-weather|Sandstorm|[upkeep]
|-damage|p1a: Zamazenta|0 fnt|[from] Sandstorm
|faint|p1a: Zamazenta
|-heal|p2a: Gliscor|98/100 tox|[from] ability: Poison Heal
|upkeep
|
|t:|1781014112
|switch|p1a: Clefable|Clefable, M, shiny|92/100
|turn|21
|
|t:|1781014114
|move|p2a: Gliscor|Swords Dance|p2a: Gliscor
|-boost|p2a: Gliscor|atk|2
|move|p1a: Clefable|Moonblast|p2a: Gliscor
|-damage|p2a: Gliscor|71/100 tox
|
|-weather|Sandstorm|[upkeep]
|-heal|p2a: Gliscor|83/100 tox|[from] ability: Poison Heal
|upkeep
|turn|22
|
|t:|1781014117
|move|p2a: Gliscor|Facade|p1a: Clefable
|-damage|p1a: Clefable|42/100
|move|p1a: Clefable|Moonblast|p2a: Gliscor
|-damage|p2a: Gliscor|57/100 tox
|
|-weather|Sandstorm|[upkeep]
|-heal|p2a: Gliscor|69/100 tox|[from] ability: Poison Heal
|upkeep
|turn|23
|
|t:|1781014123
|move|p2a: Gliscor|Facade|p1a: Clefable
|-damage|p1a: Clefable|0 fnt
|faint|p1a: Clefable
|
|-weather|none
|-heal|p2a: Gliscor|82/100 tox|[from] ability: Poison Heal
|upkeep
|
|t:|1781014125
|switch|p1a: Greninja|Greninja, M|69/100
|-damage|p1a: Greninja|56/100|[from] Spikes
|turn|24
|
|t:|1781014131
|-terastallize|p2a: Gliscor|Water
|move|p1a: Greninja|Surf|p2a: Gliscor
|-start|p1a: Greninja|typechange|Water|[from] ability: Protean
|-resisted|p2a: Gliscor
|-damage|p2a: Gliscor|60/100 tox
|-damage|p1a: Greninja|46/100|[from] item: Life Orb
|move|p2a: Gliscor|Facade|p1a: Greninja
|-damage|p1a: Greninja|0 fnt
|faint|p1a: Greninja
|
|win|Floundso
|raw|Brassendaer's rating: 1632 &rarr; <strong>1618</strong><br />(-14 for losing)
|raw|Floundso's rating: 1737 &rarr; <strong>1751</strong><br />(+14 for winning)
|l|☆Brassendaer
|player|p1|
|l|☆Floundso
|player|p2|
