|j|☆superbad69
|j|☆Luisowbro
|t:|1781111352
|gametype|singles
|player|p1|superbad69|170|1492
|player|p2|Luisowbro|ingo|1531
|gen|9
|tier|[Gen 9] OU
|rated|
|rule|HP Percentage Mod: HP is shown in percentages
|rule|Endless Battle Clause: Forcing endless battles is banned
|rule|Species Clause: Limit one of each Pokémon
|rule|OHKO Clause: OHKO moves are banned
|rule|Evasion Items Clause: Evasion items are banned
|rule|Evasion Moves Clause: Evasion moves are banned
|rule|Evasion Abilities Clause: Evasion abilities are banned
|rule|Sleep Moves Clause: Sleep-inducing moves are banned
|clearpoke
|poke|p1|Meloetta|
|poke|p1|Clefable, F|
|poke|p1|Darkrai|
|poke|p1|Dragonite, F|
|poke|p1|Iron Treads|
|poke|p1|Volcanion|
|poke|p2|Moltres-Galar|
|poke|p2|Haxorus, M|
|poke|p2|Thundurus-Therian, M|
|poke|p2|Scizor, M|
|poke|p2|Volcanion|
|poke|p2|Ninetales-Alola, F|
|teampreview
|
|t:|1781111379
|teamsize|p1|6
|teamsize|p2|6
|start
|switch|p1a: Meloetta|Meloetta|100/100
|switch|p2a: Scizor|Scizor, M|100/100
|turn|1
|
|t:|1781111392
|switch|p1a: Dragonite|Dragonite, F|100/100
|move|p2a: Scizor|U-turn|p1a: Dragonite
|-resisted|p1a: Dragonite
|-damage|p1a: Dragonite|91/100
|-damage|p2a: Scizor|84/100|[from] item: Rocky Helmet|[of] p1a: Dragonite
|j| gorduricap
|
|t:|1781111402
|switch|p2a: Haxorus|Haxorus, M, shiny|100/100|[from] U-turn
|-ability|p2a: Haxorus|Mold Breaker
|
|upkeep
|turn|2
|
|t:|1781111407
|switch|p1a: Clefable|Clefable, F|100/100
|move|p2a: Haxorus|Scale Shot|p1a: Clefable
|-immune|p1a: Clefable
|
|upkeep
|turn|3
|
|t:|1781111413
|switch|p2a: Volcanion|Volcanion|100/100
|move|p1a: Clefable|Stealth Rock|p2a: Volcanion
|-sidestart|p2: Luisowbro|move: Stealth Rock
|
|upkeep
|turn|4
|
|t:|1781111420
|switch|p1a: Meloetta|Meloetta|100/100
|move|p2a: Volcanion|Sludge Bomb|p1a: Meloetta
|-damage|p1a: Meloetta|89/100
|
|upkeep
|turn|5
|
|t:|1781111426
|switch|p2a: Scizor|Scizor, M|84/100
|-damage|p2a: Scizor|72/100|[from] Stealth Rock
|move|p1a: Meloetta|Knock Off|p2a: Scizor
|-damage|p2a: Scizor|56/100
|-enditem|p2a: Scizor|Choice Band|[from] move: Knock Off|[of] p1a: Meloetta
|
|upkeep
|turn|6
|
|t:|1781111433
|switch|p1a: Dragonite|Dragonite, F|91/100
|move|p2a: Scizor|Defog|p1a: Dragonite
|-unboost|p1a: Dragonite|evasion|1
|-sideend|p2: Luisowbro|Stealth Rock|[from] move: Defog|[of] p2a: Scizor
|
|upkeep
|turn|7
|
|t:|1781111442
|switch|p2a: Ninetales|Ninetales-Alola, F, shiny|100/100
|-weather|Snowscape|[from] ability: Snow Warning|[of] p2a: Ninetales
|move|p1a: Dragonite|Thunder Wave|p2a: Ninetales
|-status|p2a: Ninetales|par
|
|-weather|Snowscape|[upkeep]
|upkeep
|turn|8
|
|t:|1781111450
|switch|p1a: Clefable|Clefable, F|100/100
|move|p2a: Ninetales|Aurora Veil|p2a: Ninetales
|-sidestart|p2: Luisowbro|move: Aurora Veil
|
|-weather|Snowscape|[upkeep]
|upkeep
|turn|9
|
|t:|1781111457
|switch|p2a: Scizor|Scizor, M|56/100
|move|p1a: Clefable|Stealth Rock|p2a: Scizor
|-sidestart|p2: Luisowbro|move: Stealth Rock
|
|-weather|Snowscape|[upkeep]
|upkeep
|turn|10
|
|t:|1781111462
|switch|p1a: Dragonite|Dragonite, F|91/100
|move|p2a: Scizor|Defog|p1a: Dragonite
|-unboost|p1a: Dragonite|evasion|1
|-sideend|p2: Luisowbro|Stealth Rock|[from] move: Defog|[of] p2a: Scizor
|
|-weather|Snowscape|[upkeep]
|upkeep
|turn|11
|
|t:|1781111473
|switch|p2a: Thundurus|Thundurus-Therian, M, shiny|100/100
|move|p1a: Dragonite|Encore||[still]
|-fail|p1a: Dragonite
|
|-weather|none
|upkeep
|turn|12
|
|t:|1781111482
|move|p2a: Thundurus|Focus Blast|p1a: Dragonite
|-resisted|p1a: Dragonite
|-damage|p1a: Dragonite|71/100
|move|p1a: Dragonite|Roost|p1a: Dragonite
|-heal|p1a: Dragonite|100/100
|-singleturn|p1a: Dragonite|move: Roost
|
|upkeep
|turn|13
|
|t:|1781111491
|switch|p2a: Haxorus|Haxorus, M, shiny|100/100
|-ability|p2a: Haxorus|Mold Breaker
|move|p1a: Dragonite|Ice Beam|p2a: Haxorus
|-supereffective|p2a: Haxorus
|-damage|p2a: Haxorus|68/100
|
|upkeep
|turn|14
|
|t:|1781111501
|switch|p1a: Clefable|Clefable, F|100/100
|move|p2a: Haxorus|Swords Dance|p2a: Haxorus
|-boost|p2a: Haxorus|atk|2
|
|upkeep
|turn|15
|
|t:|1781111512
|switch|p2a: Scizor|Scizor, M|56/100
|move|p1a: Clefable|Stealth Rock|p2a: Scizor
|-sidestart|p2: Luisowbro|move: Stealth Rock
|
|-sideend|p2: Luisowbro|move: Aurora Veil
|upkeep
|turn|16
|
|t:|1781111518
|switch|p1a: Dragonite|Dragonite, F|100/100
|move|p2a: Scizor|Bullet Punch|p1a: Dragonite
|-damage|p1a: Dragonite|88/100
|-damage|p2a: Scizor|39/100|[from] item: Rocky Helmet|[of] p1a: Dragonite
|
|upkeep
|turn|17
|
|t:|1781111529
|switch|p2a: Thundurus|Thundurus-Therian, M, shiny|100/100
|-damage|p2a: Thundurus|76/100|[from] Stealth Rock
|move|p1a: Dragonite|Ice Beam|p2a: Thundurus
|-supereffective|p2a: Thundurus
|-damage|p2a: Thundurus|24/100
|
|upkeep
|turn|18
|
|t:|1781111535
|switch|p1a: Iron Treads|Iron Treads|100/100
|-enditem|p1a: Iron Treads|Booster Energy
|-activate|p1a: Iron Treads|ability: Quark Drive|[fromitem]
|-start|p1a: Iron Treads|quarkdriveatk
|move|p2a: Thundurus|Volt Switch|p1a: Iron Treads
|-immune|p1a: Iron Treads
|
|upkeep
|turn|19
|
|t:|1781111547
|switch|p2a: Scizor|Scizor, M|39/100
|-damage|p2a: Scizor|27/100|[from] Stealth Rock
|move|p1a: Iron Treads|Rapid Spin|p2a: Scizor
|-resisted|p2a: Scizor
|-damage|p2a: Scizor|16/100
|-boost|p1a: Iron Treads|spe|1
|
|upkeep
|turn|20
|
|t:|1781111557
|move|p2a: Scizor|Bullet Punch|p1a: Iron Treads
|-resisted|p1a: Iron Treads
|-damage|p1a: Iron Treads|88/100
|move|p1a: Iron Treads|Earthquake|p2a: Scizor
|-damage|p2a: Scizor|0 fnt
|faint|p2a: Scizor
|
|upkeep
|
|t:|1781111572
|switch|p2a: Volcanion|Volcanion|100/100
|-damage|p2a: Volcanion|76/100|[from] Stealth Rock
|turn|21
|
|t:|1781111576
|-terastallize|p2a: Volcanion|Ground
|move|p1a: Iron Treads|Earthquake|p2a: Volcanion
|-damage|p2a: Volcanion|18/100
|move|p2a: Volcanion|Flamethrower|p1a: Iron Treads
|-supereffective|p1a: Iron Treads
|-damage|p1a: Iron Treads|0 fnt
|faint|p1a: Iron Treads
|-end|p1a: Iron Treads|Quark Drive|[silent]
|
|upkeep
|
|t:|1781111590
|switch|p1a: Darkrai|Darkrai|100/100
|turn|22
|
|t:|1781111595
|move|p1a: Darkrai|Focus Blast|p2a: Volcanion
|-damage|p2a: Volcanion|0 fnt
|faint|p2a: Volcanion
|
|upkeep
|
|t:|1781111601
|switch|p2a: Haxorus|Haxorus, M, shiny|68/100
|-damage|p2a: Haxorus|55/100|[from] Stealth Rock
|-ability|p2a: Haxorus|Mold Breaker
|turn|23
|
|t:|1781111610
|switch|p1a: Clefable|Clefable, F|100/100
|move|p2a: Haxorus|Close Combat|p1a: Clefable
|-resisted|p1a: Clefable
|-damage|p1a: Clefable|83/100
|-unboost|p2a: Haxorus|def|1
|-unboost|p2a: Haxorus|spd|1
|
|-heal|p1a: Clefable|89/100|[from] item: Leftovers
|upkeep
|turn|24
|
|t:|1781111619
|switch|p2a: Ninetales|Ninetales-Alola, F, shiny|100/100 par
|-damage|p2a: Ninetales|76/100 par|[from] Stealth Rock
|-weather|Snowscape|[from] ability: Snow Warning|[of] p2a: Ninetales
|move|p1a: Clefable|Moonblast|p2a: Ninetales
|-damage|p2a: Ninetales|45/100 par
|-unboost|p2a: Ninetales|spa|1
|
|-weather|Snowscape|[upkeep]
|-heal|p1a: Clefable|95/100|[from] item: Leftovers
|upkeep
|turn|25
|
|t:|1781111630
|move|p2a: Ninetales|Aurora Veil|p2a: Ninetales
|-sidestart|p2: Luisowbro|move: Aurora Veil
|move|p1a: Clefable|Wish|p1a: Clefable
|
|-weather|Snowscape|[upkeep]
|-heal|p1a: Clefable|100/100|[from] item: Leftovers
|upkeep
|turn|26
|
|t:|1781111635
|switch|p1a: Dragonite|Dragonite, F|88/100
|move|p2a: Ninetales|Freeze-Dry|p1a: Dragonite
|-supereffective|p1a: Dragonite
|-damage|p1a: Dragonite|44/100
|
|-weather|Snowscape|[upkeep]
|-heal|p1a: Dragonite|95/100|[from] move: Wish|[wisher] Clefable
|upkeep
|turn|27
|
|t:|1781111643
|switch|p1a: Clefable|Clefable, F|100/100
|cant|p2a: Ninetales|par
|
|-weather|Snowscape|[upkeep]
|upkeep
|turn|28
|
|t:|1781111649
|switch|p2a: Moltres|Moltres-Galar, shiny|100/100
|-damage|p2a: Moltres|75/100|[from] Stealth Rock
|move|p1a: Clefable|Wish|p1a: Clefable
|
|-weather|none
|upkeep
|turn|29
|
|t:|1781111659
|switch|p1a: Dragonite|Dragonite, F|95/100
|move|p2a: Moltres|Agility|p2a: Moltres
|-boost|p2a: Moltres|spe|2
|
|-heal|p1a: Dragonite|100/100|[from] move: Wish|[wisher] Clefable
|upkeep
|turn|30
|
|t:|1781111667
|move|p2a: Moltres|Nasty Plot|p2a: Moltres
|-boost|p2a: Moltres|spa|2
|move|p1a: Dragonite|Encore|p2a: Moltres
|-start|p2a: Moltres|Encore
|
|upkeep
|turn|31
|
|t:|1781111674
|move|p2a: Moltres|Nasty Plot|p2a: Moltres
|-boost|p2a: Moltres|spa|2
|move|p1a: Dragonite|Thunder Wave|p2a: Moltres
|-status|p2a: Moltres|par
|
|upkeep
|turn|32
|
|t:|1781111680
|move|p2a: Moltres|Nasty Plot|p2a: Moltres
|-boost|p2a: Moltres|spa|2
|move|p1a: Dragonite|Ice Beam|p2a: Moltres
|-supereffective|p2a: Moltres
|-damage|p2a: Moltres|60/100 par
|
|-sideend|p2: Luisowbro|move: Aurora Veil
|upkeep
|turn|33
|
|t:|1781111693
|switch|p1a: Clefable|Clefable, F|100/100
|cant|p2a: Moltres|par
|
|-end|p2a: Moltres|Encore
|upkeep
|turn|34
|
|t:|1781111699
|move|p2a: Moltres|Air Slash|p1a: Clefable
|-damage|p1a: Clefable|67/100
|move|p1a: Clefable|Wish|p1a: Clefable
|
|-heal|p1a: Clefable|73/100|[from] item: Leftovers
|upkeep
|turn|35
|
|t:|1781111705
|move|p2a: Moltres|Air Slash|p1a: Clefable
|-damage|p1a: Clefable|43/100
|move|p1a: Clefable|Moonblast|p2a: Moltres
|-supereffective|p2a: Moltres
|-damage|p2a: Moltres|17/100 par
|-enditem|p2a: Moltres|Sitrus Berry|[eat]
|-heal|p2a: Moltres|42/100 par|[from] item: Sitrus Berry
|
|-heal|p1a: Clefable|93/100|[from] move: Wish|[wisher] Clefable
|-heal|p1a: Clefable|99/100|[from] item: Leftovers
|upkeep
|turn|36
|
|t:|1781111715
|move|p2a: Moltres|Air Slash|p1a: Clefable
|-damage|p1a: Clefable|68/100
|move|p1a: Clefable|Wish|p1a: Clefable
|
|-heal|p1a: Clefable|74/100|[from] item: Leftovers
|upkeep
|turn|37
|
|t:|1781111725
|move|p2a: Moltres|Air Slash|p1a: Clefable
|-damage|p1a: Clefable|41/100
|move|p1a: Clefable|Moonblast|p2a: Moltres
|-supereffective|p2a: Moltres
|-damage|p2a: Moltres|1/100 par
|
|-heal|p1a: Clefable|91/100|[from] move: Wish|[wisher] Clefable
|-heal|p1a: Clefable|97/100|[from] item: Leftovers
|upkeep
|turn|38
|
|t:|1781111733
|cant|p2a: Moltres|par
|move|p1a: Clefable|Wish|p1a: Clefable
|
|-heal|p1a: Clefable|100/100|[from] item: Leftovers
|upkeep
|turn|39
|-message|Luisowbro forfeited.
|
|win|superbad69
|raw|superbad69's rating: 1492 &rarr; <strong>1514</strong><br />(+22 for winning)
|raw|Luisowbro's rating: 1531 &rarr; <strong>1509</strong><br />(-22 for losing)
|l|☆Luisowbro
|player|p2|
|l| gorduricap
