|j|☆phreshoatmeal
|j|☆Snurke
|t:|1781401650
|gametype|singles
|player|p1|phreshoatmeal|169|1566
|player|p2|Snurke|265|1615
|gen|9
|tier|[Gen 9] OU
|rated|
|rule|HP Percentage Mod: HP is shown in percentages
|rule|Endless Battle Clause: Forcing endless battles is banned
|rule|Species Clause: Limit one of each Pokémon
|rule|OHKO Clause: OHKO moves are banned
|rule|Evasion Items Clause: Evasion items are banned
|rule|Evasion Moves Clause: Evasion moves are banned
|rule|Evasion Abilities Clause: Evasion abilities are banned
|rule|Sleep Moves Clause: Sleep-inducing moves are banned
|clearpoke
|poke|p1|Tyranitar, F|
|poke|p1|Hatterene, F|
|poke|p1|Excadrill, F|
|poke|p1|Amoonguss, F|
|poke|p1|Pawmot, F|
|poke|p1|Alomomola, M|
|poke|p2|Cinderace, F|
|poke|p2|Torkoal, M|
|poke|p2|Walking Wake|
|poke|p2|Enamorus, F|
|poke|p2|Kingambit, F|
|poke|p2|Great Tusk|
|teampreview
|inactive|Battle timer is ON: inactive players will automatically lose when time's up. (requested by Snurke)
|
|t:|1781401686
|teamsize|p1|6
|teamsize|p2|6
|start
|switch|p1a: Hatterene|Hatterene, F|100/100
|switch|p2a: Great Tusk|Great Tusk|100/100
|turn|1
|
|t:|1781401695
|-end|p2a: Great Tusk|Protosynthesis|[silent]
|switch|p2a: Torkoal|Torkoal, M, shiny|100/100
|-weather|SunnyDay|[from] ability: Drought|[of] p2a: Torkoal
|move|p1a: Hatterene|Gravity|p1a: Hatterene
|-fieldstart|move: Gravity
|
|-weather|SunnyDay|[upkeep]
|upkeep
|turn|2
|
|t:|1781401714
|switch|p1a: Alomomola|Alomomola, M|100/100
|move|p2a: Torkoal|Lava Plume|p1a: Alomomola
|-resisted|p1a: Alomomola
|-damage|p1a: Alomomola|78/100
|-enditem|p1a: Alomomola|Eject Button
|
|t:|1781401718
|switch|p1a: Excadrill|Excadrill, F|100/100
|
|-weather|SunnyDay|[upkeep]
|upkeep
|turn|3
|
|t:|1781401726
|switch|p2a: Great Tusk|Great Tusk|100/100
|-activate|p2a: Great Tusk|ability: Protosynthesis
|-start|p2a: Great Tusk|protosynthesisatk
|move|p1a: Excadrill|Earthquake|p2a: Great Tusk
|-damage|p2a: Great Tusk|35/100
|
|-weather|SunnyDay|[upkeep]
|upkeep
|turn|4
|
|t:|1781401750
|switch|p1a: Amoonguss|Amoonguss, F|100/100
|move|p2a: Great Tusk|Headlong Rush|p1a: Amoonguss
|-damage|p1a: Amoonguss|41/100
|-unboost|p2a: Great Tusk|def|1
|-unboost|p2a: Great Tusk|spd|1
|-enditem|p1a: Amoonguss|Eject Button
|
|t:|1781401755
|switch|p1a: Alomomola|Alomomola, M|100/100
|
|-weather|SunnyDay|[upkeep]
|upkeep
|turn|5
|
|t:|1781401773
|-end|p2a: Great Tusk|Protosynthesis|[silent]
|switch|p2a: Walking Wake|Walking Wake|100/100
|-activate|p2a: Walking Wake|ability: Protosynthesis
|-start|p2a: Walking Wake|protosynthesisspe
|move|p1a: Alomomola|Acrobatics|p2a: Walking Wake
|-damage|p2a: Walking Wake|80/100
|
|-weather|SunnyDay|[upkeep]
|-fieldend|move: Gravity
|upkeep
|turn|6
|
|t:|1781401785
|move|p2a: Walking Wake|Draco Meteor|p1a: Alomomola|[miss]
|-miss|p2a: Walking Wake|p1a: Alomomola
|move|p1a: Alomomola|Flip Turn|p2a: Walking Wake
|-resisted|p2a: Walking Wake
|-damage|p2a: Walking Wake|78/100
|
|t:|1781401788
|switch|p1a: Tyranitar|Tyranitar, F|100/100|[from] Flip Turn
|-weather|Sandstorm|[from] ability: Sand Stream|[of] p1a: Tyranitar
|-end|p2a: Walking Wake|Protosynthesis
|
|-weather|Sandstorm|[upkeep]
|-damage|p2a: Walking Wake|72/100|[from] Sandstorm
|upkeep
|turn|7
|
|t:|1781401798
|-end|p2a: Walking Wake|Protosynthesis|[silent]
|switch|p2a: Torkoal|Torkoal, M, shiny|100/100
|-weather|SunnyDay|[from] ability: Drought|[of] p2a: Torkoal
|switch|p1a: Excadrill|Excadrill, F|100/100
|
|-weather|SunnyDay|[upkeep]
|upkeep
|turn|8
|
|t:|1781401807
|-terastallize|p2a: Torkoal|Grass
|move|p1a: Excadrill|Rock Slide|p2a: Torkoal
|-damage|p2a: Torkoal|67/100
|move|p2a: Torkoal|Lava Plume|p1a: Excadrill
|-supereffective|p1a: Excadrill
|-damage|p1a: Excadrill|0 fnt
|faint|p1a: Excadrill
|
|-weather|SunnyDay|[upkeep]
|upkeep
|
|t:|1781401817
|switch|p1a: Tyranitar|Tyranitar, F|100/100
|-weather|Sandstorm|[from] ability: Sand Stream|[of] p1a: Tyranitar
|turn|9
|
|t:|1781401826
|switch|p2a: Enamorus|Enamorus, F|100/100
|move|p1a: Tyranitar|Ice Beam|p2a: Enamorus
|-supereffective|p2a: Enamorus
|-damage|p2a: Enamorus|40/100
|
|-weather|Sandstorm|[upkeep]
|-damage|p2a: Enamorus|33/100|[from] Sandstorm
|upkeep
|turn|10
|
|t:|1781401846
|move|p2a: Enamorus|Moonblast|p1a: Tyranitar
|-supereffective|p1a: Tyranitar
|-damage|p1a: Tyranitar|56/100
|move|p1a: Tyranitar|Knock Off|p2a: Enamorus
|-resisted|p2a: Enamorus
|-damage|p2a: Enamorus|0 fnt
|-enditem|p2a: Enamorus|Choice Scarf|[from] move: Knock Off|[of] p1a: Tyranitar
|faint|p2a: Enamorus
|
|-weather|Sandstorm|[upkeep]
|upkeep
|
|t:|1781401856
|switch|p2a: Cinderace|Cinderace, F, shiny|100/100
|turn|11
|
|t:|1781401863
|switch|p1a: Alomomola|Alomomola, M|100/100
|move|p2a: Cinderace|U-turn|p1a: Alomomola
|-start|p2a: Cinderace|typechange|Bug|[from] ability: Libero
|-damage|p1a: Alomomola|71/100
|
|t:|1781401868
|switch|p2a: Torkoal|Torkoal, M, shiny, tera:Grass|67/100|[from] U-turn
|-weather|SunnyDay|[from] ability: Drought|[of] p2a: Torkoal
|
|-weather|SunnyDay|[upkeep]
|upkeep
|turn|12
|
|t:|1781401873
|move|p1a: Alomomola|Flip Turn|p2a: Torkoal
|-resisted|p2a: Torkoal
|-damage|p2a: Torkoal|64/100
|
|t:|1781401884
|switch|p1a: Tyranitar|Tyranitar, F|56/100|[from] Flip Turn
|-weather|Sandstorm|[from] ability: Sand Stream|[of] p1a: Tyranitar
|move|p2a: Torkoal|Stealth Rock|p1a: Tyranitar
|-sidestart|p1: phreshoatmeal|move: Stealth Rock
|
|-weather|Sandstorm|[upkeep]
|-damage|p2a: Torkoal|58/100|[from] Sandstorm
|upkeep
|turn|13
|
|t:|1781401902
|switch|p2a: Walking Wake|Walking Wake|72/100
|move|p1a: Tyranitar|Ice Beam|p2a: Walking Wake
|-damage|p2a: Walking Wake|49/100
|
|-weather|Sandstorm|[upkeep]
|-damage|p2a: Walking Wake|43/100|[from] Sandstorm
|upkeep
|turn|14
|inactive|Snurke has 120 seconds left.
|
|t:|1781401936
|move|p2a: Walking Wake|Hydro Steam|p1a: Tyranitar
|-supereffective|p1a: Tyranitar
|-damage|p1a: Tyranitar|2/100
|move|p1a: Tyranitar|Knock Off|p2a: Walking Wake
|-damage|p2a: Walking Wake|0 fnt
|-enditem|p2a: Walking Wake|Choice Specs|[from] move: Knock Off|[of] p1a: Tyranitar
|faint|p2a: Walking Wake
|-end|p2a: Walking Wake|Protosynthesis|[silent]
|
|-weather|Sandstorm|[upkeep]
|upkeep
|
|t:|1781401940
|switch|p2a: Cinderace|Cinderace, F, shiny|100/100
|turn|15
|
|t:|1781401948
|move|p2a: Cinderace|U-turn|p1a: Tyranitar
|-start|p2a: Cinderace|typechange|Bug|[from] ability: Libero
|-supereffective|p1a: Tyranitar
|-damage|p1a: Tyranitar|0 fnt
|faint|p1a: Tyranitar
|
|t:|1781401955
|switch|p2a: Torkoal|Torkoal, M, shiny, tera:Grass|58/100|[from] U-turn
|-weather|SunnyDay|[from] ability: Drought|[of] p2a: Torkoal
|
|-weather|SunnyDay|[upkeep]
|upkeep
|
|t:|1781401971
|switch|p1a: Hatterene|Hatterene, F|100/100
|-damage|p1a: Hatterene|88/100|[from] Stealth Rock
|turn|16
|
|t:|1781401979
|move|p1a: Hatterene|Future Sight|p2a: Torkoal
|-start|p1a: Hatterene|move: Future Sight
|move|p2a: Torkoal|Lava Plume|p1a: Hatterene
|-damage|p1a: Hatterene|34/100
|-status|p1a: Hatterene|brn
|
|-weather|SunnyDay|[upkeep]
|-heal|p1a: Hatterene|40/100 brn|[from] item: Leftovers
|-damage|p1a: Hatterene|34/100 brn|[from] brn
|upkeep
|turn|17
|
|t:|1781401991
|move|p1a: Hatterene|Draining Kiss|p2a: Torkoal
|-damage|p2a: Torkoal|29/100
|-heal|p1a: Hatterene|58/100 brn|[from] drain|[of] p2a: Torkoal
|move|p2a: Torkoal|Lava Plume|p1a: Hatterene
|-crit|p1a: Hatterene
|-damage|p1a: Hatterene|0 fnt
|faint|p1a: Hatterene
|
|-weather|SunnyDay|[upkeep]
|upkeep
|
|t:|1781401999
|switch|p1a: Pawmot|Pawmot, F|100/100
|-damage|p1a: Pawmot|94/100|[from] Stealth Rock
|turn|18
|
|t:|1781402007
|switch|p2a: Kingambit|Kingambit, F, shiny|100/100
|-activate|p2a: Kingambit|ability: Supreme Overlord
|-start|p2a: Kingambit|fallen2|[silent]
|move|p1a: Pawmot|Revival Blessing|p1a: Pawmot
|-enditem|p1a: Pawmot|Leppa Berry|[eat]
|-activate|p1a: Pawmot|item: Leppa Berry|Revival Blessing|[consumed]
|
|t:|1781402012
|-heal|p1: Tyranitar|50/100|[from] move: Revival Blessing
|
|-weather|SunnyDay|[upkeep]
|-end|p2a: Kingambit|move: Future Sight
|-immune|p2a: Kingambit
|upkeep
|turn|19
|
|t:|1781402024
|-end|p2a: Kingambit|fallen2|[silent]
|switch|p2a: Great Tusk|Great Tusk|35/100
|-activate|p2a: Great Tusk|ability: Protosynthesis
|-start|p2a: Great Tusk|protosynthesisatk
|move|p1a: Pawmot|Revival Blessing|p1a: Pawmot
|
|t:|1781402027
|-heal|p1: Excadrill|50/100|[from] move: Revival Blessing
|
|-weather|SunnyDay|[upkeep]
|upkeep
|turn|20
|
|t:|1781402041
|switch|p1a: Alomomola|Alomomola, M|100/100
|-damage|p1a: Alomomola|88/100|[from] Stealth Rock
|move|p2a: Great Tusk|Headlong Rush|p1a: Alomomola
|-damage|p1a: Alomomola|42/100
|-unboost|p2a: Great Tusk|def|1
|-unboost|p2a: Great Tusk|spd|1
|
|-weather|SunnyDay|[upkeep]
|upkeep
|turn|21
|
|t:|1781402061
|-terastallize|p1a: Alomomola|Grass
|move|p2a: Great Tusk|Headlong Rush|p1a: Alomomola
|-resisted|p1a: Alomomola
|-damage|p1a: Alomomola|17/100
|-unboost|p2a: Great Tusk|def|1
|-unboost|p2a: Great Tusk|spd|1
|move|p1a: Alomomola|Acrobatics|p2a: Great Tusk
|-supereffective|p2a: Great Tusk
|-damage|p2a: Great Tusk|0 fnt
|-damage|p1a: Alomomola|0 fnt|[from] item: Rocky Helmet|[of] p2a: Great Tusk
|faint|p2a: Great Tusk
|-end|p2a: Great Tusk|Protosynthesis|[silent]
|faint|p1a: Alomomola
|
|-weather|SunnyDay|[upkeep]
|upkeep
|
|t:|1781402076
|switch|p2a: Cinderace|Cinderace, F, shiny|100/100
|switch|p1a: Tyranitar|Tyranitar, F|50/100
|-damage|p1a: Tyranitar|38/100|[from] Stealth Rock
|-weather|Sandstorm|[from] ability: Sand Stream|[of] p1a: Tyranitar
|turn|22
|inactive|phreshoatmeal has 120 seconds left.
|
|t:|1781402093
|switch|p1a: Amoonguss|Amoonguss, F|74/100
|-damage|p1a: Amoonguss|62/100|[from] Stealth Rock
|move|p2a: Cinderace|U-turn|p1a: Amoonguss
|-start|p2a: Cinderace|typechange|Bug|[from] ability: Libero
|-damage|p1a: Amoonguss|22/100
|inactive|Snurke has 120 seconds left.
|
|t:|1781402120
|switch|p2a: Kingambit|Kingambit, F, shiny|100/100|[from] U-turn
|-activate|p2a: Kingambit|ability: Supreme Overlord
|-start|p2a: Kingambit|fallen3|[silent]
|
|-weather|Sandstorm|[upkeep]
|-damage|p1a: Amoonguss|16/100|[from] Sandstorm
|upkeep
|turn|23
|inactive|Snurke has 120 seconds left.
|
|t:|1781402140
|switch|p1a: Pawmot|Pawmot, F|94/100
|-damage|p1a: Pawmot|88/100|[from] Stealth Rock
|move|p2a: Kingambit|Iron Head|p1a: Pawmot
|-resisted|p1a: Pawmot
|-damage|p1a: Pawmot|59/100
|
|-weather|Sandstorm|[upkeep]
|-damage|p1a: Pawmot|53/100|[from] Sandstorm
|upkeep
|turn|24
|
|t:|1781402153
|-end|p2a: Kingambit|fallen3|[silent]
|switch|p2a: Cinderace|Cinderace, F, shiny|100/100
|move|p1a: Pawmot|Low Kick|p2a: Cinderace
|-damage|p2a: Cinderace|70/100
|
|-weather|Sandstorm|[upkeep]
|-damage|p2a: Cinderace|64/100|[from] Sandstorm
|-damage|p1a: Pawmot|46/100|[from] Sandstorm
|upkeep
|turn|25
|
|t:|1781402170
|switch|p1a: Amoonguss|Amoonguss, F|49/100
|-damage|p1a: Amoonguss|37/100|[from] Stealth Rock
|move|p2a: Cinderace|Pyro Ball|p1a: Amoonguss
|-supereffective|p1a: Amoonguss
|-damage|p1a: Amoonguss|0 fnt
|faint|p1a: Amoonguss
|
|-weather|Sandstorm|[upkeep]
|-damage|p2a: Cinderace|58/100|[from] Sandstorm
|upkeep
|
|t:|1781402173
|switch|p1a: Excadrill|Excadrill, F|50/100
|-damage|p1a: Excadrill|47/100|[from] Stealth Rock
|turn|26
|
|t:|1781402179
|switch|p2a: Torkoal|Torkoal, M, shiny, tera:Grass|29/100
|-weather|SunnyDay|[from] ability: Drought|[of] p2a: Torkoal
|move|p1a: Excadrill|Earthquake|p2a: Torkoal
|-resisted|p2a: Torkoal
|-damage|p2a: Torkoal|0 fnt
|faint|p2a: Torkoal
|
|-weather|SunnyDay|[upkeep]
|upkeep
|
|t:|1781402189
|switch|p2a: Cinderace|Cinderace, F, shiny|58/100
|turn|27
|
|t:|1781402199
|switch|p1a: Tyranitar|Tyranitar, F|38/100
|-damage|p1a: Tyranitar|26/100|[from] Stealth Rock
|-weather|Sandstorm|[from] ability: Sand Stream|[of] p1a: Tyranitar
|move|p2a: Cinderace|Pyro Ball|p1a: Tyranitar
|-resisted|p1a: Tyranitar
|-damage|p1a: Tyranitar|0 fnt
|faint|p1a: Tyranitar
|
|-weather|Sandstorm|[upkeep]
|-damage|p2a: Cinderace|52/100|[from] Sandstorm
|upkeep
|
|t:|1781402206
|switch|p1a: Excadrill|Excadrill, F|47/100
|-damage|p1a: Excadrill|44/100|[from] Stealth Rock
|turn|28
|
|t:|1781402211
|move|p1a: Excadrill|Earthquake|p2a: Cinderace
|-supereffective|p2a: Cinderace
|-damage|p2a: Cinderace|0 fnt
|faint|p2a: Cinderace
|
|-weather|Sandstorm|[upkeep]
|upkeep
|
|t:|1781402212
|switch|p2a: Kingambit|Kingambit, F, shiny|100/100
|-activate|p2a: Kingambit|ability: Supreme Overlord
|-start|p2a: Kingambit|fallen5|[silent]
|turn|29
|
|t:|1781402219
|move|p2a: Kingambit|Sucker Punch|p1a: Excadrill
|-damage|p1a: Excadrill|0 fnt
|faint|p1a: Excadrill
|
|-weather|Sandstorm|[upkeep]
|upkeep
|
|t:|1781402220
|switch|p1a: Pawmot|Pawmot, F|46/100
|-damage|p1a: Pawmot|40/100|[from] Stealth Rock
|turn|30
|
|t:|1781402223
|move|p2a: Kingambit|Sucker Punch|p1a: Pawmot
|-resisted|p1a: Pawmot
|-damage|p1a: Pawmot|6/100
|move|p1a: Pawmot|Low Kick|p2a: Kingambit
|-supereffective|p2a: Kingambit
|-damage|p2a: Kingambit|0 fnt
|faint|p2a: Kingambit
|-end|p2a: Kingambit|fallen5|[silent]
|
|win|phreshoatmeal
|raw|phreshoatmeal's rating: 1566 &rarr; <strong>1589</strong><br />(+23 for winning)
|raw|Snurke's rating: 1615 &rarr; <strong>1592</strong><br />(-23 for losing)
|l|☆phreshoatmeal
|player|p1|
|l|☆Snurke
|player|p2|
