|j|☆crck like alakazam
|j|‽LT_Alt1
|t:|1781316583
|gametype|singles
|player|p1|crck like alakazam|psychic-gen4|1714
|player|p2|LT_Alt1|1|1813
|gen|9
|tier|[Gen 9] OU
|rated|
|rule|HP Percentage Mod: HP is shown in percentages
|rule|Endless Battle Clause: Forcing endless battles is banned
|rule|Species Clause: Limit one of each Pokémon
|rule|OHKO Clause: OHKO moves are banned
|rule|Evasion Items Clause: Evasion items are banned
|rule|Evasion Moves Clause: Evasion moves are banned
|rule|Evasion Abilities Clause: Evasion abilities are banned
|rule|Sleep Moves Clause: Sleep-inducing moves are banned
|clearpoke
|poke|p1|Iron Treads|
|poke|p1|Pelipper, F|
|poke|p1|Dondozo, M|
|poke|p1|Overqwil, M|
|poke|p1|Enamorus, F|
|poke|p1|Raging Bolt|
|poke|p2|Kyurem|
|poke|p2|Raging Bolt|
|poke|p2|Hatterene, F|
|poke|p2|Slowking-Galar, M|
|poke|p2|Ting-Lu|
|poke|p2|Corviknight, F|
|teampreview
|inactive|Battle timer is ON: inactive players will automatically lose when time's up. (requested by crck like alakazam)
|
|t:|1781316605
|teamsize|p1|6
|teamsize|p2|6
|start
|switch|p1a: WishABozoWould|Dondozo, M|100/100
|switch|p2a: Slowking|Slowking-Galar, M|100/100
|turn|1
|
|t:|1781316628
|move|p1a: WishABozoWould|Wave Crash|p2a: Slowking
|-damage|p2a: Slowking|21/100
|-damage|p1a: WishABozoWould|78/100|[from] Recoil
|-prepare|p2a: Slowking|Chilly Reception|[premajor]
|move|p2a: Slowking|Chilly Reception|p2a: Slowking
|-weather|Snowscape
|
|t:|1781316633
|switch|p2a: Kyurem|Kyurem|100/100|[from] Chilly Reception
|-ability|p2a: Kyurem|Pressure
|
|-weather|Snowscape|[upkeep]
|upkeep
|turn|2
|
|t:|1781316637
|switch|p1a: C.T.E.Spins|Iron Treads|100/100
|-enditem|p1a: C.T.E.Spins|Booster Energy
|-activate|p1a: C.T.E.Spins|ability: Quark Drive|[fromitem]
|-start|p1a: C.T.E.Spins|quarkdrivespe
|move|p2a: Kyurem|Blizzard|p1a: C.T.E.Spins
|-damage|p1a: C.T.E.Spins|0 fnt
|faint|p1a: C.T.E.Spins
|-end|p1a: C.T.E.Spins|Quark Drive|[silent]
|
|-weather|Snowscape|[upkeep]
|upkeep
|
|t:|1781316651
|switch|p1a: WishABozoWould|Dondozo, M|78/100
|turn|3
|
|t:|1781316680
|switch|p2a: Corviknight|Corviknight, F|100/100
|-ability|p2a: Corviknight|Pressure
|move|p1a: WishABozoWould|Outrage|p2a: Corviknight
|-resisted|p2a: Corviknight
|-damage|p2a: Corviknight|81/100
|-damage|p1a: WishABozoWould|62/100|[from] item: Rocky Helmet|[of] p2a: Corviknight
|
|-weather|Snowscape|[upkeep]
|upkeep
|turn|4
|j| mak7xr
|
|t:|1781316689
|move|p2a: Corviknight|Body Press|p1a: WishABozoWould
|-damage|p1a: WishABozoWould|46/100
|move|p1a: WishABozoWould|Outrage|p2a: Corviknight|[from] lockedmove
|-resisted|p2a: Corviknight
|-damage|p2a: Corviknight|60/100
|-damage|p1a: WishABozoWould|30/100|[from] item: Rocky Helmet|[of] p2a: Corviknight
|-start|p1a: WishABozoWould|confusion|[fatigue]
|
|-weather|Snowscape|[upkeep]
|upkeep
|turn|5
|l| mak7xr
|
|t:|1781316701
|move|p2a: Corviknight|Roost|p2a: Corviknight
|-heal|p2a: Corviknight|100/100
|-singleturn|p2a: Corviknight|move: Roost
|-activate|p1a: WishABozoWould|confusion
|move|p1a: WishABozoWould|Outrage|p2a: Corviknight
|-resisted|p2a: Corviknight
|-damage|p2a: Corviknight|83/100
|-damage|p1a: WishABozoWould|13/100|[from] item: Rocky Helmet|[of] p2a: Corviknight
|
|-weather|none
|upkeep
|turn|6
|
|t:|1781316709
|move|p2a: Corviknight|Body Press|p1a: WishABozoWould
|-damage|p1a: WishABozoWould|0 fnt
|faint|p1a: WishABozoWould
|
|upkeep
|
|t:|1781316719
|switch|p1a: 4Pc Peliac Combo|Pelipper, F|100/100
|-weather|RainDance|[from] ability: Drizzle|[of] p1a: 4Pc Peliac Combo
|turn|7
|
|t:|1781316723
|switch|p2a: Raging Bolt|Raging Bolt|100/100
|move|p1a: 4Pc Peliac Combo|U-turn|p2a: Raging Bolt
|-damage|p2a: Raging Bolt|92/100
|
|t:|1781316741
|switch|p1a: Ol'DirtyBolt|Raging Bolt|100/100|[from] U-turn
|-enditem|p1a: Ol'DirtyBolt|Booster Energy
|-activate|p1a: Ol'DirtyBolt|ability: Protosynthesis|[fromitem]
|-start|p1a: Ol'DirtyBolt|protosynthesisspa
|
|-weather|RainDance|[upkeep]
|upkeep
|turn|8
|
|t:|1781316769
|move|p1a: Ol'DirtyBolt|Dragon Pulse|p2a: Raging Bolt
|-supereffective|p2a: Raging Bolt
|-damage|p2a: Raging Bolt|17/100
|move|p2a: Raging Bolt|Draco Meteor|p1a: Ol'DirtyBolt
|-supereffective|p1a: Ol'DirtyBolt
|-crit|p1a: Ol'DirtyBolt
|-damage|p1a: Ol'DirtyBolt|0 fnt
|-unboost|p2a: Raging Bolt|spa|2
|faint|p1a: Ol'DirtyBolt
|-end|p1a: Ol'DirtyBolt|Protosynthesis|[silent]
|
|-weather|RainDance|[upkeep]
|upkeep
|
|t:|1781316784
|switch|p1a: PurpleRain|Overqwil, M, shiny|100/100
|turn|9
|inactive|LT_Alt1 has 120 seconds left.
|
|t:|1781316808
|move|p1a: PurpleRain|Waterfall|p2a: Raging Bolt
|-resisted|p2a: Raging Bolt
|-damage|p2a: Raging Bolt|0 fnt
|faint|p2a: Raging Bolt
|-end|p2a: Raging Bolt|Protosynthesis|[silent]
|-damage|p1a: PurpleRain|91/100|[from] item: Life Orb
|
|-weather|RainDance|[upkeep]
|upkeep
|inactive|LT_Alt1 has 120 seconds left.
|
|t:|1781316820
|switch|p2a: Ting-Lu|Ting-Lu|100/100
|-ability|p2a: Ting-Lu|Vessel of Ruin
|turn|10
|inactive|LT_Alt1 has 120 seconds left.
|
|t:|1781316836
|-terastallize|p1a: PurpleRain|Water
|move|p1a: PurpleRain|Swords Dance|p1a: PurpleRain
|-boost|p1a: PurpleRain|atk|2
|move|p2a: Ting-Lu|Earthquake|p1a: PurpleRain
|-damage|p1a: PurpleRain|51/100
|
|-weather|RainDance|[upkeep]
|upkeep
|turn|11
|inactive|LT_Alt1 has 120 seconds left.
|
|t:|1781316851
|switch|p2a: Corviknight|Corviknight, F|83/100
|-ability|p2a: Corviknight|Pressure
|move|p1a: PurpleRain|Waterfall|p2a: Corviknight
|-damage|p2a: Corviknight|0 fnt
|-damage|p1a: PurpleRain|35/100|[from] item: Rocky Helmet|[of] p2a: Corviknight
|faint|p2a: Corviknight
|-damage|p1a: PurpleRain|25/100|[from] item: Life Orb
|
|-weather|RainDance|[upkeep]
|upkeep
|inactive|LT_Alt1 has 120 seconds left.
|
|t:|1781316858
|switch|p2a: Slowking|Slowking-Galar, M|54/100
|turn|12
|
|t:|1781316862
|switch|p2a: Hatterene|Hatterene, F|100/100
|move|p1a: PurpleRain|Waterfall|p2a: Hatterene
|-damage|p2a: Hatterene|0 fnt
|faint|p2a: Hatterene
|-damage|p1a: PurpleRain|15/100|[from] item: Life Orb
|
|-weather|RainDance|[upkeep]
|upkeep
|
|t:|1781316869
|switch|p2a: Slowking|Slowking-Galar, M|87/100
|turn|13
|
|t:|1781316880
|switch|p2a: Ting-Lu|Ting-Lu|100/100
|-ability|p2a: Ting-Lu|Vessel of Ruin
|move|p1a: PurpleRain|Waterfall|p2a: Ting-Lu
|-supereffective|p2a: Ting-Lu
|-damage|p2a: Ting-Lu|0 fnt
|faint|p2a: Ting-Lu
|-damage|p1a: PurpleRain|5/100|[from] item: Life Orb
|
|-weather|RainDance|[upkeep]
|upkeep
|
|t:|1781316885
|switch|p2a: Slowking|Slowking-Galar, M|100/100
|turn|14
|
|t:|1781316898
|switch|p1a: GangStarrFromAbove|Enamorus, F|100/100
|move|p2a: Slowking|Future Sight|p1a: GangStarrFromAbove
|-start|p2a: Slowking|move: Future Sight
|
|-weather|none
|upkeep
|turn|15
|
|t:|1781316917
|move|p1a: GangStarrFromAbove|Healing Wish|p1a: GangStarrFromAbove
|faint|p1a: GangStarrFromAbove
|move|p2a: Slowking|Sludge Bomb|p1: GangStarrFromAbove|[notarget]
|-fail|p2a: Slowking
|
|upkeep
|
|t:|1781316935
|switch|p1a: 4Pc Peliac Combo|Pelipper, F|100/100
|-weather|RainDance|[from] ability: Drizzle|[of] p1a: 4Pc Peliac Combo
|turn|16
|inactive|crck like alakazam has 120 seconds left.
|inactive|LT_Alt1 has 120 seconds left.
|j| nesnot
|l| nesnot
|inactive|LT_Alt1 has 90 seconds left.
|inactive|LT_Alt1 has 60 seconds left.
|inactive|LT_Alt1 has 30 seconds left.
|inactive|LT_Alt1 has 20 seconds left.
|l|‽LT_Alt1
|inactive|LT_Alt1 disconnected and has a minute to reconnect!
|player|p2|
|inactive|LT_Alt1 has 15 seconds left.
|inactive|LT_Alt1 has 10 seconds left.
|inactive|LT_Alt1 has 5 seconds left.
|-message|LT_Alt1 lost due to inactivity.
|
|win|crck like alakazam
|raw|crck like alakazam's rating: 1714 &rarr; <strong>1740</strong><br />(+26 for winning)
|raw|LT_Alt1's rating: 1813 &rarr; <strong>1787</strong><br />(-26 for losing)
