|j|☆hypervortex7
|j|☆Johnny tots
|t:|1781263388
|gametype|singles
|player|p1|hypervortex7|102|1658
|player|p2|Johnny tots|1|1702
|gen|9
|tier|[Gen 9] OU
|rated|
|rule|HP Percentage Mod: HP is shown in percentages
|rule|Endless Battle Clause: Forcing endless battles is banned
|rule|Species Clause: Limit one of each Pokémon
|rule|OHKO Clause: OHKO moves are banned
|rule|Evasion Items Clause: Evasion items are banned
|rule|Evasion Moves Clause: Evasion moves are banned
|rule|Evasion Abilities Clause: Evasion abilities are banned
|rule|Sleep Moves Clause: Sleep-inducing moves are banned
|clearpoke
|poke|p1|Dragonite, M|
|poke|p1|Scizor, F|
|poke|p1|Corviknight, M|
|poke|p1|Zamazenta-*|
|poke|p1|Iron Moth|
|poke|p1|Great Tusk|
|poke|p2|Clefable, F|
|poke|p2|Dragonite, M|
|poke|p2|Thundurus-Therian, M|
|poke|p2|Manaphy|
|poke|p2|Iron Valiant|
|poke|p2|Klefki, F|
|teampreview
|l|☆Johnny tots
|player|p2|
|j| darkrat18
|j|☆Johnny tots
|player|p2|Johnny tots|1|
|inactive|Battle timer is ON: inactive players will automatically lose when time's up. (requested by Johnny tots)
|inactive|hypervortex7 has 120 seconds left.
|
|t:|1781263465
|teamsize|p1|6
|teamsize|p2|6
|start
|switch|p1a: Dragonite|Dragonite, M|100/100
|switch|p2a: Klefki|Klefki, F|100/100
|turn|1
|
|t:|1781263469
|move|p2a: Klefki|Reflect|p2a: Klefki
|-sidestart|p2: Johnny tots|Reflect
|move|p1a: Dragonite|Earthquake|p2a: Klefki
|-supereffective|p2a: Klefki
|-damage|p2a: Klefki|69/100
|
|upkeep
|turn|2
|
|t:|1781263473
|move|p2a: Klefki|Thunder Wave|p1a: Dragonite|[miss]
|-miss|p2a: Klefki|p1a: Dragonite
|move|p1a: Dragonite|Dragon Dance|p1a: Dragonite
|-boost|p1a: Dragonite|atk|1
|-boost|p1a: Dragonite|spe|1
|
|upkeep
|turn|3
|
|t:|1781263478
|move|p2a: Klefki|Light Screen|p2a: Klefki
|-sidestart|p2: Johnny tots|move: Light Screen
|move|p1a: Dragonite|Dragon Dance|p1a: Dragonite
|-boost|p1a: Dragonite|atk|1
|-boost|p1a: Dragonite|spe|1
|
|upkeep
|turn|4
|j| HonchkrowLover27
|
|t:|1781263481
|move|p2a: Klefki|Thunder Wave|p1a: Dragonite
|-status|p1a: Dragonite|par
|-enditem|p1a: Dragonite|Lum Berry|[eat]
|-curestatus|p1a: Dragonite|par|[msg]
|move|p1a: Dragonite|Earthquake|p2a: Klefki
|-supereffective|p2a: Klefki
|-damage|p2a: Klefki|8/100
|
|upkeep
|turn|5
|j| lord shiddenfards
|
|t:|1781263487
|move|p1a: Dragonite|Extreme Speed|p2a: Klefki
|-resisted|p2a: Klefki
|-damage|p2a: Klefki|0 fnt
|faint|p2a: Klefki
|
|upkeep
|
|t:|1781263490
|switch|p2a: Manaphy|Manaphy|100/100
|turn|6
|
|t:|1781263493
|move|p1a: Dragonite|Outrage|p2a: Manaphy
|-damage|p2a: Manaphy|43/100
|move|p2a: Manaphy|Acid Armor|p2a: Manaphy
|-boost|p2a: Manaphy|def|2
|
|-heal|p2a: Manaphy|49/100|[from] item: Leftovers
|upkeep
|turn|7
|
|t:|1781263500
|move|p1a: Dragonite|Outrage|p2a: Manaphy|[from] lockedmove
|-damage|p2a: Manaphy|20/100
|-start|p1a: Dragonite|confusion|[fatigue]
|move|p2a: Manaphy|Acid Armor|p2a: Manaphy
|-boost|p2a: Manaphy|def|2
|
|-heal|p2a: Manaphy|26/100|[from] item: Leftovers
|upkeep
|turn|8
|
|t:|1781263505
|-activate|p1a: Dragonite|confusion
|move|p1a: Dragonite|Dragon Dance|p1a: Dragonite
|-boost|p1a: Dragonite|atk|1
|-boost|p1a: Dragonite|spe|1
|move|p2a: Manaphy|Scald|p1a: Dragonite
|-resisted|p1a: Dragonite
|-damage|p1a: Dragonite|91/100
|-status|p1a: Dragonite|brn
|
|-heal|p2a: Manaphy|32/100|[from] item: Leftovers
|-damage|p1a: Dragonite|84/100 brn|[from] brn
|-sideend|p2: Johnny tots|Reflect
|upkeep
|turn|9
|
|t:|1781263511
|-activate|p1a: Dragonite|confusion
|move|p1a: Dragonite|Dragon Dance|p1a: Dragonite
|-boost|p1a: Dragonite|atk|1
|-boost|p1a: Dragonite|spe|1
|move|p2a: Manaphy|Acid Armor|p2a: Manaphy
|-boost|p2a: Manaphy|def|2
|
|-heal|p2a: Manaphy|38/100|[from] item: Leftovers
|-damage|p1a: Dragonite|78/100 brn|[from] brn
|upkeep
|turn|10
|j| Puyu paz
|
|t:|1781263515
|-activate|p1a: Dragonite|confusion
|move|p1a: Dragonite|Dragon Dance|p1a: Dragonite
|-boost|p1a: Dragonite|atk|1
|-boost|p1a: Dragonite|spe|1
|move|p2a: Manaphy|Stored Power|p1a: Dragonite
|-damage|p1a: Dragonite|34/100 brn
|
|-heal|p2a: Manaphy|44/100|[from] item: Leftovers
|-damage|p1a: Dragonite|27/100 brn|[from] brn
|-sideend|p2: Johnny tots|move: Light Screen
|upkeep
|turn|11
|
|t:|1781263525
|-end|p1a: Dragonite|confusion
|move|p1a: Dragonite|Outrage|p2a: Manaphy
|-damage|p2a: Manaphy|17/100
|move|p2a: Manaphy|Stored Power|p1a: Dragonite
|-damage|p1a: Dragonite|0 fnt
|faint|p1a: Dragonite
|
|-heal|p2a: Manaphy|23/100|[from] item: Leftovers
|upkeep
|
|t:|1781263532
|switch|p1a: Iron Moth|Iron Moth|100/100
|-enditem|p1a: Iron Moth|Booster Energy
|-activate|p1a: Iron Moth|ability: Quark Drive|[fromitem]
|-start|p1a: Iron Moth|quarkdrivespa
|turn|12
|
|t:|1781263537
|move|p1a: Iron Moth|Sludge Wave|p2a: Manaphy
|-damage|p2a: Manaphy|0 fnt
|faint|p2a: Manaphy
|
|upkeep
|
|t:|1781263540
|switch|p2a: Dragonite|Dragonite, M|100/100
|turn|13
|
|t:|1781263543
|move|p1a: Iron Moth|Sludge Wave|p2a: Dragonite
|-damage|p2a: Dragonite|63/100
|move|p2a: Dragonite|Earthquake|p1a: Iron Moth
|-supereffective|p1a: Iron Moth
|-damage|p1a: Iron Moth|0 fnt
|faint|p1a: Iron Moth
|-end|p1a: Iron Moth|Quark Drive|[silent]
|
|upkeep
|
|t:|1781263546
|switch|p1a: Great Tusk|Great Tusk|100/100
|-enditem|p1a: Great Tusk|Booster Energy
|-activate|p1a: Great Tusk|ability: Protosynthesis|[fromitem]
|-start|p1a: Great Tusk|protosynthesisatk
|turn|14
|
|t:|1781263550
|move|p1a: Great Tusk|Rapid Spin|p2a: Dragonite
|-damage|p2a: Dragonite|35/100
|-boost|p1a: Great Tusk|spe|1
|move|p2a: Dragonite|Ice Spinner|p1a: Great Tusk
|-supereffective|p1a: Great Tusk
|-damage|p1a: Great Tusk|54/100
|
|upkeep
|turn|15
|
|t:|1781263559
|move|p1a: Great Tusk|Knock Off|p2a: Dragonite
|-damage|p2a: Dragonite|0 fnt
|-enditem|p2a: Dragonite|Heavy-Duty Boots|[from] move: Knock Off|[of] p1a: Great Tusk
|faint|p2a: Dragonite
|
|upkeep
|
|t:|1781263561
|switch|p2a: Iron Valiant|Iron Valiant|100/100
|-enditem|p2a: Iron Valiant|Booster Energy
|-activate|p2a: Iron Valiant|ability: Quark Drive|[fromitem]
|-start|p2a: Iron Valiant|quarkdrivespe
|turn|16
|
|t:|1781263564
|move|p2a: Iron Valiant|Moonblast|p1a: Great Tusk
|-supereffective|p1a: Great Tusk
|-damage|p1a: Great Tusk|0 fnt
|faint|p1a: Great Tusk
|-end|p1a: Great Tusk|Protosynthesis|[silent]
|
|upkeep
|
|t:|1781263565
|switch|p1a: Scizor|Scizor, F|100/100
|turn|17
|
|t:|1781263568
|move|p2a: Iron Valiant|Shadow Ball|p1a: Scizor
|-damage|p1a: Scizor|66/100
|-unboost|p1a: Scizor|spd|1
|move|p1a: Scizor|Swords Dance|p1a: Scizor
|-boost|p1a: Scizor|atk|2
|
|upkeep
|turn|18
|
|t:|1781263570
|move|p1a: Scizor|Bullet Punch|p2a: Iron Valiant
|-supereffective|p2a: Iron Valiant
|-damage|p2a: Iron Valiant|0 fnt
|faint|p2a: Iron Valiant
|-end|p2a: Iron Valiant|Quark Drive|[silent]
|-damage|p1a: Scizor|57/100|[from] item: Life Orb
|
|upkeep
|
|t:|1781263588
|switch|p2a: Thundurus|Thundurus-Therian, M|100/100
|turn|19
|
|t:|1781263591
|-terastallize|p1a: Scizor|Normal
|move|p1a: Scizor|Quick Attack|p2a: Thundurus
|-damage|p2a: Thundurus|0 fnt
|faint|p2a: Thundurus
|-damage|p1a: Scizor|47/100|[from] item: Life Orb
|
|upkeep
|c|☆Johnny tots|Sicko
|c|☆hypervortex7|xd
|
|t:|1781263603
|switch|p2a: Clefable|Clefable, F|100/100
|turn|20
|
|t:|1781263609
|move|p1a: Scizor|Bullet Punch|p2a: Clefable
|-supereffective|p2a: Clefable
|-damage|p2a: Clefable|0 fnt
|faint|p2a: Clefable
|-damage|p1a: Scizor|37/100|[from] item: Life Orb
|
|win|hypervortex7
|raw|hypervortex7's rating: 1658 &rarr; <strong>1681</strong><br />(+23 for winning)
|raw|Johnny tots's rating: 1702 &rarr; <strong>1679</strong><br />(-23 for losing)
|c|☆hypervortex7|gg
|c|☆Johnny tots|Gg
|l|☆Johnny tots
|player|p2|
|l|☆hypervortex7
|player|p1|
|l| lord shiddenfards
|l| HonchkrowLover27
|l| Puyu paz
