|j|☆manabi.portoviejo
|j|☆kooopooolooo
|t:|1781274016
|gametype|singles
|player|p1|manabi.portoviejo|2|1552
|player|p2|kooopooolooo|169|1569
|gen|9
|tier|[Gen 9] OU
|rated|
|rule|HP Percentage Mod: HP is shown in percentages
|rule|Endless Battle Clause: Forcing endless battles is banned
|rule|Species Clause: Limit one of each Pokémon
|rule|OHKO Clause: OHKO moves are banned
|rule|Evasion Items Clause: Evasion items are banned
|rule|Evasion Moves Clause: Evasion moves are banned
|rule|Evasion Abilities Clause: Evasion abilities are banned
|rule|Sleep Moves Clause: Sleep-inducing moves are banned
|clearpoke
|poke|p1|Hoopa-Unbound|
|poke|p1|Hawlucha, F|
|poke|p1|Iron Crown|
|poke|p1|Indeedee-F, F|
|poke|p1|Hatterene, F|
|poke|p1|Cloyster, M|
|poke|p2|Lokix, F|
|poke|p2|Hatterene, F|
|poke|p2|Excadrill, F|
|poke|p2|Tyranitar, M|
|poke|p2|Dragapult, M|
|poke|p2|Zapdos|
|teampreview
|inactive|Battle timer is ON: inactive players will automatically lose when time's up. (requested by manabi.portoviejo)
|
|t:|1781274048
|teamsize|p1|6
|teamsize|p2|6
|start
|switch|p1a: Indeedee|Indeedee-F, F|100/100
|switch|p2a: Tyranitar|Tyranitar, M|100/100
|-weather|Sandstorm|[from] ability: Sand Stream|[of] p2a: Tyranitar
|-fieldstart|move: Psychic Terrain|[from] ability: Psychic Surge|[of] p1a: Indeedee
|turn|1
|inactive|manabi.portoviejo has 120 seconds left.
|
|t:|1781274083
|switch|p1a: Hatterene|Hatterene, F|100/100
|move|p2a: Tyranitar|Knock Off|p1a: Hatterene
|-damage|p1a: Hatterene|43/100
|-enditem|p1a: Hatterene|Eject Button|[from] move: Knock Off|[of] p2a: Tyranitar
|
|-weather|Sandstorm|[upkeep]
|-damage|p1a: Hatterene|37/100|[from] Sandstorm
|upkeep
|turn|2
|
|t:|1781274106
|move|p2a: Tyranitar|Stone Edge|p1a: Hatterene
|-damage|p1a: Hatterene|0 fnt
|faint|p1a: Hatterene
|
|-weather|Sandstorm|[upkeep]
|upkeep
|
|t:|1781274109
|switch|p1a: Hawlucha|Hawlucha, F|100/100
|-enditem|p1a: Hawlucha|Psychic Seed
|-boost|p1a: Hawlucha|spd|1|[from] item: Psychic Seed
|turn|3
|
|t:|1781274114
|switch|p2a: Zapdos|Zapdos|100/100
|move|p1a: Hawlucha|Swords Dance|p1a: Hawlucha
|-boost|p1a: Hawlucha|atk|2
|
|-weather|Sandstorm|[upkeep]
|-damage|p1a: Hawlucha|94/100|[from] Sandstorm
|-damage|p2a: Zapdos|94/100|[from] Sandstorm
|upkeep
|turn|4
|
|t:|1781274122
|-terastallize|p1a: Hawlucha|Electric
|move|p1a: Hawlucha|Swords Dance|p1a: Hawlucha
|-boost|p1a: Hawlucha|atk|2
|move|p2a: Zapdos|Thunderbolt|p1a: Hawlucha
|-resisted|p1a: Hawlucha
|-damage|p1a: Hawlucha|78/100
|
|-weather|Sandstorm|[upkeep]
|-damage|p1a: Hawlucha|72/100|[from] Sandstorm
|-damage|p2a: Zapdos|88/100|[from] Sandstorm
|upkeep
|turn|5
|inactive|kooopooolooo has 120 seconds left.
|
|t:|1781274162
|move|p1a: Hawlucha|Acrobatics|p2a: Zapdos
|-resisted|p2a: Zapdos
|-damage|p2a: Zapdos|25/100
|move|p2a: Zapdos|Thunderbolt|p1a: Hawlucha
|-resisted|p1a: Hawlucha
|-damage|p1a: Hawlucha|55/100
|
|-weather|none
|-fieldend|move: Psychic Terrain
|upkeep
|turn|6
|inactive|kooopooolooo has 120 seconds left.
|
|t:|1781274169
|move|p1a: Hawlucha|Drain Punch|p2a: Zapdos
|-resisted|p2a: Zapdos
|-damage|p2a: Zapdos|0 fnt
|-heal|p1a: Hawlucha|68/100|[from] drain|[of] p2a: Zapdos
|faint|p2a: Zapdos
|
|upkeep
|
|t:|1781274172
|switch|p2a: Lokix|Lokix, F|100/100
|turn|7
|inactive|manabi.portoviejo has 120 seconds left.
|
|t:|1781274207
|move|p2a: Lokix|First Impression|p1a: Hawlucha
|-damage|p1a: Hawlucha|3/100
|move|p1a: Hawlucha|Acrobatics|p2a: Lokix
|-supereffective|p2a: Lokix
|-damage|p2a: Lokix|0 fnt
|faint|p2a: Lokix
|
|upkeep
|
|t:|1781274211
|switch|p2a: Hatterene|Hatterene, F|100/100
|turn|8
|
|t:|1781274214
|move|p1a: Hawlucha|Acrobatics|p2a: Hatterene
|-damage|p2a: Hatterene|0 fnt
|-damage|p1a: Hawlucha|0 fnt|[from] item: Rocky Helmet|[of] p2a: Hatterene
|faint|p2a: Hatterene
|faint|p1a: Hawlucha
|
|upkeep
|
|t:|1781274237
|switch|p1a: Indeedee|Indeedee-F, F|100/100
|switch|p2a: Tyranitar|Tyranitar, M|100/100
|-weather|Sandstorm|[from] ability: Sand Stream|[of] p2a: Tyranitar
|-fieldstart|move: Psychic Terrain|[from] ability: Psychic Surge|[of] p1a: Indeedee
|turn|9
|inactive|manabi.portoviejo has 120 seconds left.
|
|t:|1781274277
|move|p2a: Tyranitar|Knock Off|p1a: Indeedee
|-supereffective|p1a: Indeedee
|-damage|p1a: Indeedee|0 fnt
|-enditem|p1a: Indeedee|Light Clay|[from] move: Knock Off|[of] p2a: Tyranitar
|faint|p1a: Indeedee
|
|-weather|Sandstorm|[upkeep]
|upkeep
|inactive|manabi.portoviejo has 90 seconds left.
|
|t:|1781274293
|switch|p1a: Iron Crown|Iron Crown|100/100
|-enditem|p1a: Iron Crown|Booster Energy
|-activate|p1a: Iron Crown|ability: Quark Drive|[fromitem]
|-start|p1a: Iron Crown|quarkdrivespa
|turn|10
|
|t:|1781274296
|move|p1a: Iron Crown|Focus Blast|p2a: Tyranitar
|-supereffective|p2a: Tyranitar
|-damage|p2a: Tyranitar|0 fnt
|faint|p2a: Tyranitar
|
|-weather|Sandstorm|[upkeep]
|upkeep
|
|t:|1781274298
|switch|p2a: Excadrill|Excadrill, F|100/100
|turn|11
|
|t:|1781274309
|move|p2a: Excadrill|High Horsepower|p1a: Iron Crown
|-supereffective|p1a: Iron Crown
|-damage|p1a: Iron Crown|20/100
|move|p1a: Iron Crown|Expanding Force|p2a: Excadrill
|-resisted|p2a: Excadrill
|-damage|p2a: Excadrill|46/100
|
|-weather|Sandstorm|[upkeep]
|upkeep
|turn|12
|inactive|kooopooolooo has 120 seconds left.
|
|t:|1781274344
|move|p2a: Excadrill|High Horsepower|p1a: Iron Crown
|-supereffective|p1a: Iron Crown
|-damage|p1a: Iron Crown|0 fnt
|faint|p1a: Iron Crown
|-end|p1a: Iron Crown|Quark Drive|[silent]
|
|-weather|Sandstorm|[upkeep]
|upkeep
|
|t:|1781274353
|switch|p1a: Cloyster|Cloyster, M|100/100
|turn|13
|
|t:|1781274364
|move|p2a: Excadrill|Iron Head|p1a: Cloyster
|-damage|p1a: Cloyster|71/100
|move|p1a: Cloyster|Icicle Spear|p2a: Excadrill
|-damage|p2a: Excadrill|29/100
|-damage|p2a: Excadrill|13/100
|-damage|p2a: Excadrill|0 fnt
|faint|p2a: Excadrill
|-hitcount|p2: Excadrill|3
|
|-weather|none
|-fieldend|move: Psychic Terrain
|upkeep
|
|t:|1781274368
|switch|p2a: Dragapult|Dragapult, M|100/100
|turn|14
|
|t:|1781274373
|move|p2a: Dragapult|Shadow Ball|p1a: Cloyster
|-damage|p1a: Cloyster|0 fnt
|faint|p1a: Cloyster
|
|upkeep
|
|t:|1781274376
|switch|p1a: Hoopa|Hoopa-Unbound|100/100
|turn|15
|
|t:|1781274386
|move|p2a: Dragapult|Shadow Ball|p1a: Hoopa
|-damage|p1a: Hoopa|64/100
|move|p1a: Hoopa|Hyperspace Fury|p2a: Dragapult
|-supereffective|p2a: Dragapult
|-damage|p2a: Dragapult|0 fnt
|-unboost|p1a: Hoopa|def|1
|faint|p2a: Dragapult
|
|win|manabi.portoviejo
|raw|manabi.portoviejo's rating: 1552 &rarr; <strong>1573</strong><br />(+21 for winning)
|raw|kooopooolooo's rating: 1569 &rarr; <strong>1548</strong><br />(-21 for losing)
|l|☆kooopooolooo
|player|p2|
