|j|☆thebambi1234
|j|☆Izlymoney
|t:|1781199912
|gametype|singles
|player|p1|thebambi1234|blackbelt-gen4dp|1659
|player|p2|Izlymoney|101|1682
|gen|9
|tier|[Gen 9] OU
|rated|
|rule|HP Percentage Mod: HP is shown in percentages
|rule|Endless Battle Clause: Forcing endless battles is banned
|rule|Species Clause: Limit one of each Pokémon
|rule|OHKO Clause: OHKO moves are banned
|rule|Evasion Items Clause: Evasion items are banned
|rule|Evasion Moves Clause: Evasion moves are banned
|rule|Evasion Abilities Clause: Evasion abilities are banned
|rule|Sleep Moves Clause: Sleep-inducing moves are banned
|clearpoke
|poke|p1|Gliscor, M|
|poke|p1|Corviknight, M|
|poke|p1|Dondozo, F|
|poke|p1|Blissey, F|
|poke|p1|Weezing-Galar, F|
|poke|p1|Garganacl, F|
|poke|p2|Cramorant, F|
|poke|p2|Gallade, M|
|poke|p2|Kingambit, M|
|poke|p2|Iron Moth|
|poke|p2|Enamorus, F|
|poke|p2|Ogerpon-Cornerstone, F|
|teampreview
|inactive|Battle timer is ON: inactive players will automatically lose when time's up. (requested by thebambi1234)
|
|t:|1781199926
|teamsize|p1|6
|teamsize|p2|6
|start
|switch|p1a: Gliscor|Gliscor, M, shiny|100/100
|switch|p2a: Cramorant|Cramorant, F, shiny|100/100
|turn|1
|
|t:|1781199931
|move|p1a: Gliscor|Protect|p1a: Gliscor
|-singleturn|p1a: Gliscor|Protect
|move|p2a: Cramorant|Surf|p1a: Gliscor
|-activate|p1a: Gliscor|move: Protect
|
|-status|p1a: Gliscor|tox|[from] item: Toxic Orb
|upkeep
|turn|2
|
|t:|1781199937
|switch|p1a: Blissey|Blissey, F|100/100
|move|p2a: Cramorant|Surf|p1a: Blissey
|-formechange|p2a: Cramorant|Cramorant-Gulping|
|-damage|p1a: Blissey|90/100
|
|-heal|p1a: Blissey|96/100|[from] item: Leftovers
|upkeep
|turn|3
|
|t:|1781199943
|switch|p2a: Gallade|Gallade, M|100/100
|move|p1a: Blissey|Seismic Toss|p2a: Gallade
|-damage|p2a: Gallade|64/100
|
|-heal|p1a: Blissey|100/100|[from] item: Leftovers
|upkeep
|turn|4
|
|t:|1781199952
|switch|p1a: Corviknight|Corviknight, M|100/100
|-ability|p1a: Corviknight|Pressure
|move|p2a: Gallade|Sacred Sword|p1a: Corviknight
|-damage|p1a: Corviknight|62/100
|-damage|p2a: Gallade|48/100|[from] item: Rocky Helmet|[of] p1a: Corviknight
|
|upkeep
|turn|5
|
|t:|1781199959
|switch|p2a: Cramorant|Cramorant, F, shiny|100/100
|move|p1a: Corviknight|U-turn|p2a: Cramorant
|-resisted|p2a: Cramorant
|-damage|p2a: Cramorant|86/100
|
|t:|1781199964
|switch|p1a: Garganacl|Garganacl, F, shiny|100/100|[from] U-turn
|
|upkeep
|turn|6
|
|t:|1781199967
|-terastallize|p1a: Garganacl|Water
|move|p2a: Cramorant|Surf|p1a: Garganacl
|-formechange|p2a: Cramorant|Cramorant-Gulping|
|-resisted|p1a: Garganacl
|-damage|p1a: Garganacl|89/100
|move|p1a: Garganacl|Salt Cure|p2a: Cramorant
|-supereffective|p2a: Cramorant
|-damage|p2a: Cramorant|33/100
|-start|p2a: Cramorant|Salt Cure
|-damage|p1a: Garganacl|64/100|[from] ability: Gulp Missile|[of] p2a: Cramorant
|-unboost|p1a: Garganacl|def|1
|-formechange|p2a: Cramorant|Cramorant|
|
|-heal|p1a: Garganacl|70/100|[from] item: Leftovers
|-damage|p2a: Cramorant|8/100|[from] Salt Cure
|upkeep
|turn|7
|
|t:|1781199981
|switch|p2a: Gallade|Gallade, M|48/100
|move|p1a: Garganacl|Stealth Rock|p2a: Gallade
|-sidestart|p2: Izlymoney|move: Stealth Rock
|
|-heal|p1a: Garganacl|76/100|[from] item: Leftovers
|upkeep
|turn|8
|
|t:|1781199984
|move|p1a: Garganacl|Protect|p1a: Garganacl
|-singleturn|p1a: Garganacl|Protect
|move|p2a: Gallade|Swords Dance|p2a: Gallade
|-boost|p2a: Gallade|atk|2
|
|-heal|p1a: Garganacl|83/100|[from] item: Leftovers
|upkeep
|turn|9
|
|t:|1781199987
|switch|p1a: Dondozo|Dondozo, F|100/100
|move|p2a: Gallade|Sacred Sword|p1a: Dondozo
|-damage|p1a: Dondozo|70/100
|
|-heal|p1a: Dondozo|76/100|[from] item: Leftovers
|upkeep
|turn|10
|
|t:|1781199993
|move|p2a: Gallade|Sacred Sword|p1a: Dondozo
|-damage|p1a: Dondozo|44/100
|move|p1a: Dondozo|Waterfall|p2a: Gallade
|-damage|p2a: Gallade|0 fnt
|faint|p2a: Gallade
|
|-heal|p1a: Dondozo|50/100|[from] item: Leftovers
|upkeep
|
|t:|1781199995
|switch|p2a: Ogerpon|Ogerpon-Cornerstone, F|100/100
|-damage|p2a: Ogerpon|88/100|[from] Stealth Rock
|turn|11
|
|t:|1781199998
|switch|p1a: Corviknight|Corviknight, M|62/100
|-ability|p1a: Corviknight|Pressure
|move|p2a: Ogerpon|Swords Dance|p2a: Ogerpon
|-boost|p2a: Ogerpon|atk|2
|
|upkeep
|turn|12
|
|t:|1781200003
|-terastallize|p2a: Ogerpon|Rock
|detailschange|p2a: Ogerpon|Ogerpon-Cornerstone-Tera, F, tera:Rock
|-ability|p2a: Ogerpon|Embody Aspect (Cornerstone)|boost
|-boost|p2a: Ogerpon|def|1
|move|p2a: Ogerpon|Ivy Cudgel|p1a: Corviknight|[anim] Ivy Cudgel Rock
|-damage|p1a: Corviknight|0 fnt
|faint|p1a: Corviknight
|
|upkeep
|
|t:|1781200014
|switch|p1a: Gliscor|Gliscor, M, shiny|100/100 tox
|turn|13
|
|t:|1781200016
|move|p2a: Ogerpon|Ivy Cudgel|p1a: Gliscor|[anim] Ivy Cudgel Rock
|-damage|p1a: Gliscor|6/100 tox
|move|p1a: Gliscor|Toxic|p2a: Ogerpon
|-status|p2a: Ogerpon|tox
|
|-damage|p2a: Ogerpon|82/100 tox|[from] psn
|-heal|p1a: Gliscor|18/100 tox|[from] ability: Poison Heal
|upkeep
|turn|14
|
|t:|1781200023
|switch|p1a: Dondozo|Dondozo, F|50/100
|move|p2a: Ogerpon|Ivy Cudgel|p1a: Dondozo|[anim] Ivy Cudgel Rock
|-damage|p1a: Dondozo|15/100
|
|-heal|p1a: Dondozo|21/100|[from] item: Leftovers
|-damage|p2a: Ogerpon|70/100 tox|[from] psn
|upkeep
|turn|15
|
|t:|1781200029
|move|p2a: Ogerpon|Ivy Cudgel|p1a: Dondozo|[anim] Ivy Cudgel Rock
|-damage|p1a: Dondozo|0 fnt
|faint|p1a: Dondozo
|
|-damage|p2a: Ogerpon|52/100 tox|[from] psn
|upkeep
|
|t:|1781200030
|switch|p1a: Gliscor|Gliscor, M, shiny|18/100 tox
|turn|16
|
|t:|1781200037
|move|p1a: Gliscor|Protect|p1a: Gliscor
|-singleturn|p1a: Gliscor|Protect
|move|p2a: Ogerpon|Ivy Cudgel|p1a: Gliscor|[anim] Ivy Cudgel Rock
|-activate|p1a: Gliscor|move: Protect
|
|-damage|p2a: Ogerpon|28/100 tox|[from] psn
|-heal|p1a: Gliscor|30/100 tox|[from] ability: Poison Heal
|upkeep
|turn|17
|
|t:|1781200045
|switch|p1a: Weezing|Weezing-Galar, F|100/100
|-ability|p1a: Weezing|Neutralizing Gas
|move|p2a: Ogerpon|Ivy Cudgel|p1a: Weezing|[anim] Ivy Cudgel Rock
|-damage|p1a: Weezing|0 fnt
|faint|p1a: Weezing
|-end|p1a: Weezing|ability: Neutralizing Gas
|
|-damage|p2a: Ogerpon|0 fnt|[from] psn
|faint|p2a: Ogerpon
|detailschange|p2: Ogerpon|Ogerpon-Cornerstone, F|[silent]
|upkeep
|
|t:|1781200051
|switch|p2a: Cramorant|Cramorant, F, shiny|8/100
|switch|p1a: Garganacl|Garganacl, F, shiny, tera:Water|83/100
|-damage|p2a: Cramorant|0 fnt|[from] Stealth Rock
|faint|p2a: Cramorant
|
|t:|1781200066
|switch|p2a: Iron Moth|Iron Moth|100/100
|-damage|p2a: Iron Moth|76/100|[from] Stealth Rock
|-enditem|p2a: Iron Moth|Booster Energy
|-activate|p2a: Iron Moth|ability: Quark Drive|[fromitem]
|-start|p2a: Iron Moth|quarkdrivespe
|turn|18
|
|t:|1781200070
|switch|p1a: Blissey|Blissey, F|100/100
|move|p2a: Iron Moth|Energy Ball|p1a: Blissey
|-damage|p1a: Blissey|92/100
|
|-heal|p1a: Blissey|98/100|[from] item: Leftovers
|upkeep
|turn|19
|
|t:|1781200076
|-end|p2a: Iron Moth|Quark Drive|[silent]
|switch|p2a: Kingambit|Kingambit, M|100/100
|-damage|p2a: Kingambit|94/100|[from] Stealth Rock
|-activate|p2a: Kingambit|ability: Supreme Overlord
|-start|p2a: Kingambit|fallen3|[silent]
|move|p1a: Blissey|Seismic Toss|p2a: Kingambit
|-damage|p2a: Kingambit|65/100
|
|-heal|p1a: Blissey|100/100|[from] item: Leftovers
|upkeep
|turn|20
|j| Almirante Matthew
|
|t:|1781200082
|switch|p1a: Gliscor|Gliscor, M, shiny|30/100 tox
|move|p2a: Kingambit|Swords Dance|p2a: Kingambit
|-boost|p2a: Kingambit|atk|2
|
|-heal|p1a: Gliscor|43/100 tox|[from] ability: Poison Heal
|upkeep
|turn|21
|
|t:|1781200087
|move|p1a: Gliscor|Protect|p1a: Gliscor
|-singleturn|p1a: Gliscor|Protect
|move|p2a: Kingambit|Iron Head|p1a: Gliscor
|-activate|p1a: Gliscor|move: Protect
|
|-heal|p1a: Gliscor|55/100 tox|[from] ability: Poison Heal
|upkeep
|turn|22
|
|t:|1781200093
|move|p1a: Gliscor|Earthquake|p2a: Kingambit
|-supereffective|p2a: Kingambit
|-damage|p2a: Kingambit|0 fnt
|faint|p2a: Kingambit
|-end|p2a: Kingambit|fallen3|[silent]
|
|-heal|p1a: Gliscor|68/100 tox|[from] ability: Poison Heal
|upkeep
|l| Almirante Matthew
|l|☆Izlymoney
|inactive|Izlymoney disconnected and has a minute to reconnect!
|player|p2|
|inactive|Izlymoney has 30 seconds to reconnect!
|inactive|Izlymoney has 20 seconds to reconnect!
|inactive|Izlymoney has 15 seconds to reconnect!
|inactive|Izlymoney has 10 seconds to reconnect!
|inactive|Izlymoney has 5 seconds to reconnect!
|-message|Izlymoney lost due to inactivity.
|
|win|thebambi1234
|raw|thebambi1234's rating: 1659 &rarr; <strong>1680</strong><br />(+21 for winning)
|raw|Izlymoney's rating: 1682 &rarr; <strong>1661</strong><br />(-21 for losing)
|l|☆thebambi1234
|player|p1|
