|j|☆KurisuChestnutOU
|j|☆bigtestsofbig
|t:|1781138649
|gametype|singles
|player|p1|KurisuChestnutOU|may-contest|1530
|player|p2|bigtestsofbig|265|1580
|gen|9
|tier|[Gen 9] OU
|rated|
|rule|HP Percentage Mod: HP is shown in percentages
|rule|Endless Battle Clause: Forcing endless battles is banned
|rule|Species Clause: Limit one of each Pokémon
|rule|OHKO Clause: OHKO moves are banned
|rule|Evasion Items Clause: Evasion items are banned
|rule|Evasion Moves Clause: Evasion moves are banned
|rule|Evasion Abilities Clause: Evasion abilities are banned
|rule|Sleep Moves Clause: Sleep-inducing moves are banned
|clearpoke
|poke|p1|Ting-Lu|
|poke|p1|Corviknight, F|
|poke|p1|Clodsire, F|
|poke|p1|Moltres|
|poke|p1|Dragapult, M|
|poke|p1|Garganacl, F|
|poke|p2|Bisharp, F|
|poke|p2|Moltres|
|poke|p2|Great Tusk|
|poke|p2|Primarina, M|
|poke|p2|Iron Boulder|
|poke|p2|Darkrai|
|teampreview
|inactive|Battle timer is ON: inactive players will automatically lose when time's up. (requested by KurisuChestnutOU)
|
|t:|1781138656
|teamsize|p1|6
|teamsize|p2|6
|start
|switch|p1a: Ting-Lu|Ting-Lu|100/100
|switch|p2a: Darkrai|Darkrai|100/100
|-ability|p1a: Ting-Lu|Vessel of Ruin
|turn|1
|
|t:|1781138664
|move|p2a: Darkrai|Focus Blast|p1a: Ting-Lu
|-supereffective|p1a: Ting-Lu
|-damage|p1a: Ting-Lu|65/100
|move|p1a: Ting-Lu|Ruination|p2a: Darkrai
|-damage|p2a: Darkrai|51/100
|
|-heal|p1a: Ting-Lu|71/100|[from] item: Leftovers
|upkeep
|turn|2
|
|t:|1781138669
|switch|p2a: Primarina|Primarina, M|100/100
|move|p1a: Ting-Lu|Earthquake|p2a: Primarina
|-damage|p2a: Primarina|47/100
|
|-heal|p1a: Ting-Lu|78/100|[from] item: Leftovers
|upkeep
|turn|3
|
|t:|1781138676
|move|p2a: Primarina|Moonblast|p1a: Ting-Lu
|-supereffective|p1a: Ting-Lu
|-damage|p1a: Ting-Lu|37/100
|move|p1a: Ting-Lu|Earthquake|p2a: Primarina
|-damage|p2a: Primarina|0 fnt
|faint|p2a: Primarina
|
|-heal|p1a: Ting-Lu|43/100|[from] item: Leftovers
|upkeep
|
|t:|1781138681
|switch|p2a: Bisharp|Bisharp, F|100/100
|turn|4
|
|t:|1781138685
|move|p2a: Bisharp|Low Kick|p1a: Ting-Lu
|-supereffective|p1a: Ting-Lu
|-damage|p1a: Ting-Lu|0 fnt
|faint|p1a: Ting-Lu
|
|upkeep
|
|t:|1781138691
|switch|p1a: Moltres|Moltres|100/100
|turn|5
|
|t:|1781138695
|switch|p2a: Moltres|Moltres|100/100
|move|p1a: Moltres|Hurricane|p2a: Moltres
|-damage|p2a: Moltres|53/100
|
|upkeep
|turn|6
|
|t:|1781138699
|move|p1a: Moltres|Hurricane|p2a: Moltres
|-damage|p2a: Moltres|6/100
|move|p2a: Moltres|Roost|p2a: Moltres
|-heal|p2a: Moltres|56/100
|-singleturn|p2a: Moltres|move: Roost
|
|upkeep
|turn|7
|
|t:|1781138708
|move|p1a: Moltres|Hurricane|p2a: Moltres
|-damage|p2a: Moltres|9/100
|move|p2a: Moltres|Roost|p2a: Moltres
|-heal|p2a: Moltres|59/100
|-singleturn|p2a: Moltres|move: Roost
|
|upkeep
|turn|8
|
|t:|1781138712
|move|p1a: Moltres|Hurricane|p2a: Moltres
|-damage|p2a: Moltres|14/100
|-start|p2a: Moltres|confusion
|-activate|p2a: Moltres|confusion
|move|p2a: Moltres|Roost|p2a: Moltres
|-heal|p2a: Moltres|64/100
|-singleturn|p2a: Moltres|move: Roost
|
|upkeep
|turn|9
|
|t:|1781138719
|switch|p2a: Iron Boulder|Iron Boulder|100/100
|move|p1a: Moltres|Hurricane|p2a: Iron Boulder
|-resisted|p2a: Iron Boulder
|-damage|p2a: Iron Boulder|77/100
|
|upkeep
|turn|10
|
|t:|1781138728
|-terastallize|p1a: Moltres|Grass
|move|p2a: Iron Boulder|Close Combat|p1a: Moltres
|-damage|p1a: Moltres|61/100
|-unboost|p2a: Iron Boulder|def|1
|-unboost|p2a: Iron Boulder|spd|1
|move|p1a: Moltres|U-turn|p2a: Iron Boulder
|-supereffective|p2a: Iron Boulder
|-damage|p2a: Iron Boulder|29/100
|
|t:|1781138734
|switch|p1a: Dragapult|Dragapult, M|100/100|[from] U-turn
|
|upkeep
|turn|11
|
|t:|1781138740
|-end|p2a: Iron Boulder|Quark Drive|[silent]
|switch|p2a: Moltres|Moltres|64/100
|move|p1a: Dragapult|Flamethrower|p2a: Moltres
|-resisted|p2a: Moltres
|-damage|p2a: Moltres|50/100
|
|upkeep
|turn|12
|
|t:|1781138746
|move|p1a: Dragapult|Draco Meteor|p2a: Moltres
|-damage|p2a: Moltres|0 fnt
|-unboost|p1a: Dragapult|spa|2
|faint|p2a: Moltres
|
|upkeep
|
|t:|1781138750
|switch|p2a: Bisharp|Bisharp, F|100/100
|turn|13
|
|t:|1781138753
|move|p1a: Dragapult|U-turn|p2a: Bisharp
|-damage|p2a: Bisharp|90/100
|
|t:|1781138757
|switch|p1a: Moltres|Moltres, tera:Grass|61/100|[from] U-turn
|move|p2a: Bisharp|Swords Dance|p2a: Bisharp
|-boost|p2a: Bisharp|atk|2
|
|upkeep
|turn|14
|
|t:|1781138762
|move|p2a: Bisharp|Sucker Punch|p1a: Moltres
|-damage|p1a: Moltres|6/100
|move|p1a: Moltres|Flamethrower|p2a: Bisharp
|-supereffective|p2a: Bisharp
|-damage|p2a: Bisharp|22/100
|
|upkeep
|turn|15
|
|t:|1781138770
|move|p2a: Bisharp|Sucker Punch|p1a: Moltres
|-damage|p1a: Moltres|0 fnt
|-status|p2a: Bisharp|brn|[from] ability: Flame Body|[of] p1a: Moltres
|faint|p1a: Moltres
|
|-damage|p2a: Bisharp|16/100 brn|[from] brn
|upkeep
|
|t:|1781138773
|switch|p1a: Corviknight|Corviknight, F|100/100
|-ability|p1a: Corviknight|Pressure
|turn|16
|
|t:|1781138780
|move|p2a: Bisharp|Throat Chop|p1a: Corviknight
|-damage|p1a: Corviknight|73/100
|-start|p1a: Corviknight|Throat Chop|[silent]
|move|p1a: Corviknight|Body Press|p2a: Bisharp
|-supereffective|p2a: Bisharp
|-damage|p2a: Bisharp|0 fnt
|faint|p2a: Bisharp
|
|-heal|p1a: Corviknight|80/100|[from] item: Leftovers
|upkeep
|
|t:|1781138788
|switch|p2a: Iron Boulder|Iron Boulder|29/100
|turn|17
|
|t:|1781138793
|move|p2a: Iron Boulder|Mighty Cleave|p1a: Corviknight
|-damage|p1a: Corviknight|35/100
|move|p1a: Corviknight|Roost|p1a: Corviknight
|-heal|p1a: Corviknight|85/100
|-singleturn|p1a: Corviknight|move: Roost
|
|-heal|p1a: Corviknight|91/100|[from] item: Leftovers
|-end|p1a: Corviknight|Throat Chop|[silent]
|upkeep
|turn|18
|
|t:|1781138797
|move|p2a: Iron Boulder|Mighty Cleave|p1a: Corviknight
|-damage|p1a: Corviknight|44/100
|move|p1a: Corviknight|Body Press|p2a: Iron Boulder
|-damage|p2a: Iron Boulder|0 fnt
|faint|p2a: Iron Boulder
|-end|p2a: Iron Boulder|Quark Drive|[silent]
|
|-heal|p1a: Corviknight|51/100|[from] item: Leftovers
|upkeep
|
|t:|1781138802
|switch|p2a: Darkrai|Darkrai|51/100
|turn|19
|
|t:|1781138808
|-terastallize|p2a: Darkrai|Poison
|move|p2a: Darkrai|Dark Pulse|p1a: Corviknight
|-crit|p1a: Corviknight
|-damage|p1a: Corviknight|0 fnt
|faint|p1a: Corviknight
|
|upkeep
|
|t:|1781138812
|switch|p1a: Dragapult|Dragapult, M|100/100
|turn|20
|
|t:|1781138818
|move|p2a: Darkrai|Dark Pulse|p1a: Dragapult
|-supereffective|p1a: Dragapult
|-damage|p1a: Dragapult|0 fnt
|faint|p1a: Dragapult
|
|upkeep
|
|t:|1781138821
|switch|p1a: Garganacl|Garganacl, F|100/100
|turn|21
|
|t:|1781138831
|move|p2a: Darkrai|Dark Pulse|p1a: Garganacl
|-damage|p1a: Garganacl|72/100
|move|p1a: Garganacl|Salt Cure|p2a: Darkrai
|-damage|p2a: Darkrai|33/100
|-start|p2a: Darkrai|Salt Cure
|
|-heal|p1a: Garganacl|78/100|[from] item: Leftovers
|-damage|p2a: Darkrai|20/100|[from] Salt Cure
|upkeep
|turn|22
|
|t:|1781138837
|switch|p2a: Great Tusk|Great Tusk|100/100
|move|p1a: Garganacl|Salt Cure|p2a: Great Tusk
|-resisted|p2a: Great Tusk
|-damage|p2a: Great Tusk|98/100
|-start|p2a: Great Tusk|Salt Cure
|
|-heal|p1a: Garganacl|84/100|[from] item: Leftovers
|-damage|p2a: Great Tusk|86/100|[from] Salt Cure
|upkeep
|turn|23
|
|t:|1781138844
|move|p1a: Garganacl|Protect|p1a: Garganacl
|-singleturn|p1a: Garganacl|Protect
|move|p2a: Great Tusk|Headlong Rush|p1a: Garganacl
|-activate|p1a: Garganacl|move: Protect
|
|-heal|p1a: Garganacl|90/100|[from] item: Leftovers
|-damage|p2a: Great Tusk|73/100|[from] Salt Cure
|upkeep
|turn|24
|
|t:|1781138849
|move|p2a: Great Tusk|Headlong Rush|p1a: Garganacl
|-supereffective|p1a: Garganacl
|-damage|p1a: Garganacl|0 fnt
|-unboost|p2a: Great Tusk|def|1
|-unboost|p2a: Great Tusk|spd|1
|faint|p1a: Garganacl
|
|-damage|p2a: Great Tusk|61/100|[from] Salt Cure
|upkeep
|
|t:|1781138852
|switch|p1a: Clodsire|Clodsire, F|100/100
|turn|25
|
|t:|1781138859
|move|p2a: Great Tusk|Headlong Rush|p1a: Clodsire
|-supereffective|p1a: Clodsire
|-damage|p1a: Clodsire|0 fnt
|-unboost|p2a: Great Tusk|def|1
|-unboost|p2a: Great Tusk|spd|1
|faint|p1a: Clodsire
|
|win|bigtestsofbig
|raw|KurisuChestnutOU's rating: 1547 &rarr; <strong>1529</strong><br />(-18 for losing)
|raw|bigtestsofbig's rating: 1580 &rarr; <strong>1598</strong><br />(+18 for winning)
|l|☆KurisuChestnutOU
|player|p1|
|l|☆bigtestsofbig
|player|p2|
