|badge|p2|bronze|gen9ou|100-9
|uhtml|medal-msg|<div class="broadcast-blue">Curious what those medals under the avatar are? PS now has Ladder Seasons! For more information, check out the <a href="https://www.smogon.com/forums/threads/3740067/">thread on Smogon.</a></div>
|j|☆The real kurt tay
|j|☆dsekop
|t:|1781588862
|gametype|singles
|player|p1|The real kurt tay|1|1676
|player|p2|dsekop|unknown|1825
|gen|9
|tier|[Gen 9] OU
|rated|
|rule|HP Percentage Mod: HP is shown in percentages
|rule|Endless Battle Clause: Forcing endless battles is banned
|rule|Species Clause: Limit one of each Pokémon
|rule|OHKO Clause: OHKO moves are banned
|rule|Evasion Items Clause: Evasion items are banned
|rule|Evasion Moves Clause: Evasion moves are banned
|rule|Evasion Abilities Clause: Evasion abilities are banned
|rule|Sleep Moves Clause: Sleep-inducing moves are banned
|clearpoke
|poke|p1|Slowking-Galar, M|
|poke|p1|Ting-Lu|
|poke|p1|Hydrapple, M|
|poke|p1|Corviknight, M|
|poke|p1|Cinderace, F|
|poke|p1|Dondozo, M|
|poke|p2|Glimmora, M|
|poke|p2|Iron Treads|
|poke|p2|Polteageist-Antique|
|poke|p2|Raging Bolt|
|poke|p2|Dragonite, F|
|poke|p2|Zamazenta-*|
|teampreview
|inactive|Battle timer is ON: inactive players will automatically lose when time's up. (requested by dsekop)
|
|t:|1781588877
|teamsize|p1|6
|teamsize|p2|6
|start
|switch|p1a: Slowking|Slowking-Galar, M|100/100
|switch|p2a: Iron Treads|Iron Treads|100/100
|-enditem|p2a: Iron Treads|Booster Energy
|-activate|p2a: Iron Treads|ability: Quark Drive|[fromitem]
|-start|p2a: Iron Treads|quarkdrivespe
|turn|1
|
|t:|1781588884
|switch|p1a: Ting-Lu|Ting-Lu|100/100
|-ability|p1a: Ting-Lu|Vessel of Ruin
|move|p2a: Iron Treads|Knock Off|p1a: Ting-Lu
|-resisted|p1a: Ting-Lu
|-damage|p1a: Ting-Lu|94/100
|-enditem|p1a: Ting-Lu|Leftovers|[from] move: Knock Off|[of] p2a: Iron Treads
|
|upkeep
|turn|2
|
|t:|1781588887
|move|p2a: Iron Treads|Stealth Rock|p1a: Ting-Lu
|-sidestart|p1: The real kurt tay|move: Stealth Rock
|move|p1a: Ting-Lu|Earthquake|p2a: Iron Treads
|-supereffective|p2a: Iron Treads
|-damage|p2a: Iron Treads|49/100
|
|upkeep
|turn|3
|
|t:|1781588891
|move|p2a: Iron Treads|Endeavor|p1a: Ting-Lu
|-damage|p1a: Ting-Lu|37/100
|move|p1a: Ting-Lu|Earthquake|p2a: Iron Treads
|-supereffective|p2a: Iron Treads
|-damage|p2a: Iron Treads|0 fnt
|faint|p2a: Iron Treads
|-end|p2a: Iron Treads|Quark Drive|[silent]
|
|upkeep
|
|t:|1781588900
|switch|p2a: Zamazenta|Zamazenta|100/100
|-ability|p2a: Zamazenta|Dauntless Shield|boost
|-boost|p2a: Zamazenta|def|1
|turn|4
|
|t:|1781588908
|switch|p1a: Corviknight|Corviknight, M, shiny|100/100
|-damage|p1a: Corviknight|88/100|[from] Stealth Rock
|-ability|p1a: Corviknight|Pressure
|move|p2a: Zamazenta|Body Press|p1a: Corviknight
|-damage|p1a: Corviknight|56/100
|-damage|p2a: Zamazenta|84/100|[from] item: Rocky Helmet|[of] p1a: Corviknight
|
|-heal|p2a: Zamazenta|90/100|[from] item: Leftovers
|upkeep
|turn|5
|
|t:|1781588922
|switch|p2a: Glimmora|Glimmora, M|100/100
|move|p1a: Corviknight|Roost|p1a: Corviknight
|-heal|p1a: Corviknight|100/100
|-singleturn|p1a: Corviknight|move: Roost
|
|upkeep
|turn|6
|inactive|The real kurt tay has 120 seconds left.
|
|t:|1781588965
|switch|p1a: Hydrapple|Hydrapple, M|100/100
|-damage|p1a: Hydrapple|88/100|[from] Stealth Rock
|move|p2a: Glimmora|Power Gem|p1a: Hydrapple
|-damage|p1a: Hydrapple|45/100
|
|-heal|p1a: Hydrapple|51/100|[from] item: Leftovers
|upkeep
|turn|7
|
|t:|1781588974
|switch|p2a: 快龙一定要快|Dragonite, F|100/100
|switch|p1a: Slowking|Slowking-Galar, M|100/100
|-damage|p1a: Slowking|88/100|[from] Stealth Rock
|
|-heal|p1a: Slowking|94/100|[from] item: Black Sludge
|upkeep
|turn|8
|
|t:|1781588978
|move|p2a: 快龙一定要快|Fire Punch|p1a: Slowking
|-damage|p1a: Slowking|63/100
|move|p1a: Slowking|Ice Beam|p2a: 快龙一定要快
|-supereffective|p2a: 快龙一定要快
|-damage|p2a: 快龙一定要快|63/100
|
|-heal|p1a: Slowking|69/100|[from] item: Black Sludge
|upkeep
|turn|9
|
|t:|1781588987
|switch|p2a: Glimmora|Glimmora, M|100/100
|switch|p1a: Cinderace|Cinderace, F|100/100
|
|upkeep
|turn|10
|
|t:|1781588998
|move|p2a: Glimmora|Power Gem|p1a: Cinderace
|-supereffective|p1a: Cinderace
|-damage|p1a: Cinderace|6/100
|move|p1a: Cinderace|Will-O-Wisp|p2a: Glimmora
|-status|p2a: Glimmora|brn
|
|-damage|p2a: Glimmora|94/100 brn|[from] brn
|upkeep
|turn|11
|
|t:|1781589014
|move|p2a: Glimmora|Power Gem|p1a: Cinderace
|-supereffective|p1a: Cinderace
|-damage|p1a: Cinderace|0 fnt
|faint|p1a: Cinderace
|
|-damage|p2a: Glimmora|88/100 brn|[from] brn
|upkeep
|
|t:|1781589018
|switch|p1a: Ting-Lu|Ting-Lu|37/100
|-damage|p1a: Ting-Lu|30/100|[from] Stealth Rock
|-ability|p1a: Ting-Lu|Vessel of Ruin
|turn|12
|
|t:|1781589023
|switch|p2a: 快龙一定要快|Dragonite, F|63/100
|move|p1a: Ting-Lu|Rest|p1a: Ting-Lu
|-status|p1a: Ting-Lu|slp|[from] move: Rest
|-heal|p1a: Ting-Lu|100/100 slp|[silent]
|
|upkeep
|turn|13
|
|t:|1781589028
|move|p2a: 快龙一定要快|Outrage|p1a: Ting-Lu
|-damage|p1a: Ting-Lu|45/100 slp
|cant|p1a: Ting-Lu|slp
|move|p1a: Ting-Lu|Sleep Talk|p1a: Ting-Lu
|move|p1a: Ting-Lu|Rest||[from] move: Sleep Talk|[still]
|-fail|p1a: Ting-Lu
|
|upkeep
|turn|14
|
|t:|1781589033
|switch|p1a: Corviknight|Corviknight, M, shiny|100/100
|-damage|p1a: Corviknight|88/100|[from] Stealth Rock
|-ability|p1a: Corviknight|Pressure
|move|p2a: 快龙一定要快|Outrage|p1a: Corviknight|[from] lockedmove
|-resisted|p1a: Corviknight
|-damage|p1a: Corviknight|58/100
|-damage|p2a: 快龙一定要快|46/100|[from] item: Rocky Helmet|[of] p1a: Corviknight
|-start|p2a: 快龙一定要快|confusion|[fatigue]
|
|upkeep
|turn|15
|
|t:|1781589039
|switch|p2a: Raging Bolt|Raging Bolt|100/100
|-enditem|p2a: Raging Bolt|Booster Energy
|-activate|p2a: Raging Bolt|ability: Protosynthesis|[fromitem]
|-start|p2a: Raging Bolt|protosynthesisspa
|move|p1a: Corviknight|Defog|p2a: Raging Bolt
|-unboost|p2a: Raging Bolt|evasion|1
|-sideend|p1: The real kurt tay|Stealth Rock|[from] move: Defog|[of] p1a: Corviknight
|
|upkeep
|turn|16
|j| roucer
|
|t:|1781589048
|switch|p1a: Slowking|Slowking-Galar, M|100/100
|move|p2a: Raging Bolt|Calm Mind|p2a: Raging Bolt
|-boost|p2a: Raging Bolt|spa|1
|-boost|p2a: Raging Bolt|spd|1
|
|upkeep
|turn|17
|
|t:|1781589051
|move|p2a: Raging Bolt|Thunderbolt|p1a: Slowking
|-crit|p1a: Slowking
|-damage|p1a: Slowking|0 fnt
|faint|p1a: Slowking
|
|upkeep
|
|t:|1781589056
|switch|p1a: Ting-Lu|Ting-Lu|45/100 slp
|-ability|p1a: Ting-Lu|Vessel of Ruin
|turn|18
|
|t:|1781589059
|move|p2a: Raging Bolt|Dragon Pulse|p1a: Ting-Lu
|-crit|p1a: Ting-Lu
|-damage|p1a: Ting-Lu|0 fnt
|faint|p1a: Ting-Lu
|
|upkeep
|c|☆dsekop|sry
|
|t:|1781589069
|switch|p1a: Hydrapple|Hydrapple, M|85/100
|turn|19
|
|t:|1781589078
|-terastallize|p1a: Hydrapple|Steel
|move|p2a: Raging Bolt|Thunderbolt|p1a: Hydrapple
|-damage|p1a: Hydrapple|0 fnt
|faint|p1a: Hydrapple
|
|upkeep
|-message|The real kurt tay forfeited.
|
|win|dsekop
|raw|The real kurt tay's rating: 1676 &rarr; <strong>1664</strong><br />(-12 for losing)
|raw|dsekop's rating: 1825 &rarr; <strong>1837</strong><br />(+12 for winning)
|l|☆The real kurt tay
|player|p1|
|l|☆dsekop
|player|p2|
|l| roucer
