|j|☆tuanquewang
|j|☆bettercalltilin
|t:|1781281110
|gametype|singles
|player|p1|tuanquewang|backersf|1780
|player|p2|bettercalltilin|2|1685
|gen|9
|tier|[Gen 9] OU
|rated|
|rule|HP Percentage Mod: HP is shown in percentages
|rule|Endless Battle Clause: Forcing endless battles is banned
|rule|Species Clause: Limit one of each Pokémon
|rule|OHKO Clause: OHKO moves are banned
|rule|Evasion Items Clause: Evasion items are banned
|rule|Evasion Moves Clause: Evasion moves are banned
|rule|Evasion Abilities Clause: Evasion abilities are banned
|rule|Sleep Moves Clause: Sleep-inducing moves are banned
|clearpoke
|poke|p1|Slowking-Galar, M|
|poke|p1|Hydrapple, F|
|poke|p1|Cinderace, M|
|poke|p1|Alomomola, F|
|poke|p1|Mamoswine, M|
|poke|p1|Gholdengo|
|poke|p2|Ogerpon, F|
|poke|p2|Samurott-Hisui, F|
|poke|p2|Gholdengo|
|poke|p2|Iron Treads|
|poke|p2|Zapdos|
|poke|p2|Iron Valiant|
|teampreview
|inactive|Battle timer is ON: inactive players will automatically lose when time's up. (requested by bettercalltilin)
|inactive|tuanquewang also wants the timer to be on.
|
|t:|1781281129
|teamsize|p1|6
|teamsize|p2|6
|start
|switch|p1a: Hydrapple|Hydrapple, F, shiny|100/100
|switch|p2a: Ogerpon|Ogerpon, F|100/100
|turn|1
|
|t:|1781281135
|move|p2a: Ogerpon|U-turn|p1a: Hydrapple
|-supereffective|p1a: Hydrapple
|-damage|p1a: Hydrapple|47/100
|
|t:|1781281139
|switch|p2a: Zapdos|Zapdos|100/100|[from] U-turn
|move|p1a: Hydrapple|Draco Meteor|p2a: Zapdos
|-damage|p2a: Zapdos|0 fnt
|-unboost|p1a: Hydrapple|spa|2
|faint|p2a: Zapdos
|
|upkeep
|
|t:|1781281148
|switch|p2a: Iron Valiant|Iron Valiant|100/100
|turn|2
|
|t:|1781281152
|switch|p1a: Slowking|Slowking-Galar, M|100/100
|move|p2a: Iron Valiant|Shadow Ball|p1a: Slowking
|-supereffective|p1a: Slowking
|-damage|p1a: Slowking|55/100
|
|-heal|p1a: Slowking|61/100|[from] item: Black Sludge
|upkeep
|turn|3
|
|t:|1781281157
|switch|p1a: Alomomola|Alomomola, F|100/100
|move|p2a: Iron Valiant|Shadow Ball|p1a: Alomomola
|-damage|p1a: Alomomola|50/100
|
|-heal|p1a: Alomomola|56/100|[from] item: Leftovers
|upkeep
|turn|4
|
|t:|1781281162
|move|p1a: Alomomola|Protect|p1a: Alomomola
|-singleturn|p1a: Alomomola|Protect
|move|p2a: Iron Valiant|Shadow Ball|p1a: Alomomola
|-activate|p1a: Alomomola|move: Protect
|
|-heal|p1a: Alomomola|62/100|[from] item: Leftovers
|upkeep
|turn|5
|
|t:|1781281165
|-end|p2a: Iron Valiant|Quark Drive|[silent]
|switch|p2a: Samurott|Samurott-Hisui, F|100/100
|move|p1a: Alomomola|Mirror Coat||[still]
|-fail|p1a: Alomomola
|
|-heal|p1a: Alomomola|68/100|[from] item: Leftovers
|upkeep
|turn|6
|
|t:|1781281168
|move|p1a: Alomomola|Protect|p1a: Alomomola
|-singleturn|p1a: Alomomola|Protect
|move|p2a: Samurott|Ceaseless Edge|p1a: Alomomola
|-activate|p1a: Alomomola|move: Protect
|
|-heal|p1a: Alomomola|75/100|[from] item: Leftovers
|upkeep
|turn|7
|
|t:|1781281171
|move|p2a: Samurott|Knock Off|p1a: Alomomola
|-damage|p1a: Alomomola|51/100
|-enditem|p1a: Alomomola|Leftovers|[from] move: Knock Off|[of] p2a: Samurott
|move|p1a: Alomomola|Flip Turn|p2a: Samurott
|-resisted|p2a: Samurott
|-damage|p2a: Samurott|91/100
|
|t:|1781281174
|switch|p1a: Cinderace|Cinderace, M|100/100|[from] Flip Turn
|
|upkeep
|turn|8
|
|t:|1781281188
|move|p1a: Cinderace|High Jump Kick|p2a: Samurott
|-start|p1a: Cinderace|typechange|Fighting|[from] ability: Libero
|-supereffective|p2a: Samurott
|-damage|p2a: Samurott|0 fnt
|faint|p2a: Samurott
|
|upkeep
|
|t:|1781281192
|switch|p2a: Iron Valiant|Iron Valiant|100/100
|turn|9
|
|t:|1781281199
|move|p1a: Cinderace|U-turn|p2a: Iron Valiant
|-resisted|p2a: Iron Valiant
|-damage|p2a: Iron Valiant|94/100
|
|t:|1781281200
|switch|p1a: Slowking|Slowking-Galar, M|95/100|[from] U-turn
|move|p2a: Iron Valiant|Shadow Ball|p1a: Slowking
|-supereffective|p1a: Slowking
|-damage|p1a: Slowking|46/100
|
|-heal|p1a: Slowking|52/100|[from] item: Black Sludge
|upkeep
|turn|10
|
|t:|1781281206
|move|p2a: Iron Valiant|Shadow Ball|p1a: Slowking
|-supereffective|p1a: Slowking
|-damage|p1a: Slowking|4/100
|move|p1a: Slowking|Psychic Noise|p2a: Iron Valiant
|-supereffective|p2a: Iron Valiant
|-damage|p2a: Iron Valiant|0 fnt
|faint|p2a: Iron Valiant
|-end|p2a: Iron Valiant|Quark Drive|[silent]
|
|-heal|p1a: Slowking|10/100|[from] item: Black Sludge
|upkeep
|
|t:|1781281215
|switch|p2a: Iron Treads|Iron Treads|100/100
|turn|11
|
|t:|1781281218
|switch|p1a: Alomomola|Alomomola, F|85/100
|move|p2a: Iron Treads|Knock Off|p1a: Alomomola
|-damage|p1a: Alomomola|73/100
|
|upkeep
|turn|12
|
|t:|1781281223
|-end|p2a: Iron Treads|Quark Drive|[silent]
|switch|p2a: Ogerpon|Ogerpon, F|100/100
|move|p1a: Alomomola|Wish|p1a: Alomomola
|
|upkeep
|turn|13
|
|t:|1781281229
|-terastallize|p2a: Ogerpon|Grass
|detailschange|p2a: Ogerpon|Ogerpon-Teal-Tera, F, tera:Grass
|-ability|p2a: Ogerpon|Embody Aspect (Teal)|boost
|-boost|p2a: Ogerpon|spe|1
|move|p1a: Alomomola|Protect|p1a: Alomomola
|-singleturn|p1a: Alomomola|Protect
|move|p2a: Ogerpon|Ivy Cudgel|p1a: Alomomola
|-activate|p1a: Alomomola|move: Protect
|
|-heal|p1a: Alomomola|100/100|[from] move: Wish|[wisher] Alomomola
|upkeep
|turn|14
|
|t:|1781281232
|switch|p1a: Hydrapple|Hydrapple, F, shiny|80/100
|move|p2a: Ogerpon|Ivy Cudgel|p1a: Hydrapple
|-resisted|p1a: Hydrapple
|-damage|p1a: Hydrapple|62/100
|
|upkeep
|turn|15
|
|t:|1781281239
|switch|p2a: Iron Treads|Iron Treads|100/100
|move|p1a: Hydrapple|Hydro Pump|p2a: Iron Treads
|-supereffective|p2a: Iron Treads
|-damage|p2a: Iron Treads|0 fnt
|faint|p2a: Iron Treads
|-end|p2a: Iron Treads|Quark Drive|[silent]
|
|upkeep
|
|t:|1781281243
|switch|p2a: Ogerpon|Ogerpon-Teal-Tera, F, tera:Grass|100/100
|-ability|p2a: Ogerpon|Embody Aspect (Teal)|boost
|-boost|p2a: Ogerpon|spe|1
|turn|16
|
|t:|1781281251
|switch|p1a: Slowking|Slowking-Galar, M|43/100
|move|p2a: Ogerpon|U-turn|p1a: Slowking
|-damage|p1a: Slowking|5/100
|
|t:|1781281254
|switch|p2a: Gholdengo|Gholdengo|100/100|[from] U-turn
|-item|p2a: Gholdengo|Air Balloon
|
|-heal|p1a: Slowking|11/100|[from] item: Black Sludge
|upkeep
|turn|17
|
|t:|1781281256
|move|p2a: Gholdengo|Hex|p1a: Slowking
|-supereffective|p1a: Slowking
|-damage|p1a: Slowking|0 fnt
|faint|p1a: Slowking
|
|upkeep
|
|t:|1781281258
|switch|p1a: Cinderace|Cinderace, M|100/100
|turn|18
|
|t:|1781281261
|move|p1a: Cinderace|Pyro Ball|p2a: Gholdengo
|-supereffective|p2a: Gholdengo
|-damage|p2a: Gholdengo|23/100
|-enditem|p2a: Gholdengo|Air Balloon
|move|p2a: Gholdengo|Thunder Wave|p1a: Cinderace
|-status|p1a: Cinderace|par
|
|upkeep
|turn|19
|
|t:|1781281269
|switch|p1a: Gholdengo|Gholdengo, shiny|100/100
|move|p2a: Gholdengo|Hex|p1a: Gholdengo
|-supereffective|p1a: Gholdengo
|-damage|p1a: Gholdengo|34/100
|
|upkeep
|turn|20
|
|t:|1781281275
|switch|p2a: Ogerpon|Ogerpon-Teal-Tera, F, tera:Grass|100/100
|-ability|p2a: Ogerpon|Embody Aspect (Teal)|boost
|-boost|p2a: Ogerpon|spe|1
|move|p1a: Gholdengo|Shadow Ball|p2a: Ogerpon
|-damage|p2a: Ogerpon|49/100
|
|upkeep
|turn|21
|
|t:|1781281279
|switch|p1a: Alomomola|Alomomola, F|100/100
|move|p2a: Ogerpon|Ivy Cudgel|p1a: Alomomola
|-supereffective|p1a: Alomomola
|-damage|p1a: Alomomola|4/100
|
|upkeep
|turn|22
|
|t:|1781281284
|switch|p2a: Gholdengo|Gholdengo|23/100
|move|p1a: Alomomola|Flip Turn|p2a: Gholdengo
|-damage|p2a: Gholdengo|11/100
|
|t:|1781281285
|switch|p1a: Gholdengo|Gholdengo, shiny|34/100|[from] Flip Turn
|
|upkeep
|turn|23
|
|t:|1781281288
|move|p1a: Gholdengo|Shadow Ball|p2a: Gholdengo
|-supereffective|p2a: Gholdengo
|-damage|p2a: Gholdengo|0 fnt
|faint|p2a: Gholdengo
|
|upkeep
|
|t:|1781281289
|switch|p2a: Ogerpon|Ogerpon-Teal-Tera, F, tera:Grass|49/100
|-ability|p2a: Ogerpon|Embody Aspect (Teal)|boost
|-boost|p2a: Ogerpon|spe|1
|turn|24
|
|t:|1781281292
|move|p2a: Ogerpon|Ivy Cudgel|p1a: Gholdengo
|-resisted|p1a: Gholdengo
|-damage|p1a: Gholdengo|0 fnt
|faint|p1a: Gholdengo
|
|upkeep
|
|t:|1781281294
|switch|p1a: Hydrapple|Hydrapple, F, shiny|95/100
|turn|25
|-message|bettercalltilin forfeited.
|
|win|tuanquewang
|raw|tuanquewang's rating: 1780 &rarr; <strong>1795</strong><br />(+15 for winning)
|raw|bettercalltilin's rating: 1685 &rarr; <strong>1670</strong><br />(-15 for losing)
|l|☆bettercalltilin
|player|p2|
|l|☆tuanquewang
|player|p1|
