|j|☆Sushigengu
|j|‽ayerbe
|t:|1781273223
|gametype|singles
|player|p1|Sushigengu|unknown|1614
|player|p2|ayerbe|blackbelt-gen4dp|1627
|gen|9
|tier|[Gen 9] OU
|rated|
|rule|HP Percentage Mod: HP is shown in percentages
|rule|Endless Battle Clause: Forcing endless battles is banned
|rule|Species Clause: Limit one of each Pokémon
|rule|OHKO Clause: OHKO moves are banned
|rule|Evasion Items Clause: Evasion items are banned
|rule|Evasion Moves Clause: Evasion moves are banned
|rule|Evasion Abilities Clause: Evasion abilities are banned
|rule|Sleep Moves Clause: Sleep-inducing moves are banned
|clearpoke
|poke|p1|Kyurem|
|poke|p1|Slowking-Galar, M|
|poke|p1|Great Tusk|
|poke|p1|Cinderace, F|
|poke|p1|Tornadus-Therian, M|
|poke|p1|Corviknight, M|
|poke|p2|Great Tusk|
|poke|p2|Scizor, M|
|poke|p2|Garganacl, M|
|poke|p2|Ting-Lu|
|poke|p2|Raging Bolt|
|poke|p2|Gholdengo|
|teampreview
|inactive|Battle timer is ON: inactive players will automatically lose when time's up. (requested by ayerbe)
|
|t:|1781273238
|teamsize|p1|6
|teamsize|p2|6
|start
|switch|p1a: Tornadus|Tornadus-Therian, M|100/100
|switch|p2a: Garganacl|Garganacl, M|100/100
|turn|1
|
|t:|1781273259
|move|p1a: Tornadus|Knock Off|p2a: Garganacl
|-damage|p2a: Garganacl|91/100
|-enditem|p2a: Garganacl|Leftovers|[from] move: Knock Off|[of] p1a: Tornadus
|move|p2a: Garganacl|Salt Cure|p1a: Tornadus
|-supereffective|p1a: Tornadus
|-damage|p1a: Tornadus|69/100
|-start|p1a: Tornadus|Salt Cure
|
|-damage|p1a: Tornadus|56/100|[from] Salt Cure
|upkeep
|turn|2
|
|t:|1781273265
|move|p1a: Tornadus|U-turn|p2a: Garganacl
|-damage|p2a: Garganacl|83/100
|
|t:|1781273271
|switch|p1a: Slowking|Slowking-Galar, M|100/100|[from] U-turn
|move|p2a: Garganacl|Curse|p2a: Garganacl
|-unboost|p2a: Garganacl|spe|1
|-boost|p2a: Garganacl|atk|1
|-boost|p2a: Garganacl|def|1
|
|upkeep
|turn|3
|j| Puyu paz
|
|t:|1781273279
|move|p2a: Garganacl|Salt Cure|p1a: Slowking
|-damage|p1a: Slowking|85/100
|-start|p1a: Slowking|Salt Cure
|-prepare|p1a: Slowking|Chilly Reception|[premajor]
|move|p1a: Slowking|Chilly Reception|p1a: Slowking
|-weather|Snowscape
|
|t:|1781273285
|switch|p1a: Great Tusk|Great Tusk|100/100|[from] Chilly Reception
|
|-weather|Snowscape|[upkeep]
|upkeep
|turn|4
|
|t:|1781273289
|move|p1a: Great Tusk|Headlong Rush|p2a: Garganacl
|-supereffective|p2a: Garganacl
|-damage|p2a: Garganacl|39/100
|-unboost|p1a: Great Tusk|def|1
|-unboost|p1a: Great Tusk|spd|1
|move|p2a: Garganacl|Block|p1a: Great Tusk
|-activate|p1a: Great Tusk|trapped
|
|-weather|Snowscape|[upkeep]
|upkeep
|turn|5
|
|t:|1781273298
|-terastallize|p2a: Garganacl|Ghost
|move|p1a: Great Tusk|Headlong Rush|p2a: Garganacl
|-damage|p2a: Garganacl|19/100
|-unboost|p1a: Great Tusk|def|1
|-unboost|p1a: Great Tusk|spd|1
|move|p2a: Garganacl|Recover|p2a: Garganacl
|-heal|p2a: Garganacl|69/100
|
|-weather|Snowscape|[upkeep]
|upkeep
|turn|6
|
|t:|1781273302
|move|p1a: Great Tusk|Headlong Rush|p2a: Garganacl
|-damage|p2a: Garganacl|47/100
|-unboost|p1a: Great Tusk|def|1
|-unboost|p1a: Great Tusk|spd|1
|move|p2a: Garganacl|Salt Cure|p1a: Great Tusk
|-resisted|p1a: Great Tusk
|-damage|p1a: Great Tusk|91/100
|-start|p1a: Great Tusk|Salt Cure
|
|-weather|Snowscape|[upkeep]
|-damage|p1a: Great Tusk|78/100|[from] Salt Cure
|upkeep
|turn|7
|
|t:|1781273305
|move|p1a: Great Tusk|Headlong Rush|p2a: Garganacl
|-damage|p2a: Garganacl|27/100
|-unboost|p1a: Great Tusk|def|1
|-unboost|p1a: Great Tusk|spd|1
|move|p2a: Garganacl|Recover|p2a: Garganacl
|-heal|p2a: Garganacl|77/100
|
|-weather|none
|-damage|p1a: Great Tusk|66/100|[from] Salt Cure
|upkeep
|turn|8
|
|t:|1781273310
|move|p1a: Great Tusk|Headlong Rush|p2a: Garganacl
|-damage|p2a: Garganacl|56/100
|-unboost|p1a: Great Tusk|def|1
|-unboost|p1a: Great Tusk|spd|1
|move|p2a: Garganacl|Recover|p2a: Garganacl
|-heal|p2a: Garganacl|100/100
|
|-damage|p1a: Great Tusk|54/100|[from] Salt Cure
|upkeep
|turn|9
|
|t:|1781273312
|move|p1a: Great Tusk|Headlong Rush|p2a: Garganacl
|-damage|p2a: Garganacl|77/100
|-unboost|p1a: Great Tusk|def|1
|-unboost|p1a: Great Tusk|spd|1
|move|p2a: Garganacl|Salt Cure|p1a: Great Tusk
|-resisted|p1a: Great Tusk
|-damage|p1a: Great Tusk|39/100
|
|-damage|p1a: Great Tusk|26/100|[from] Salt Cure
|upkeep
|turn|10
|
|t:|1781273315
|move|p1a: Great Tusk|Headlong Rush|p2a: Garganacl
|-damage|p2a: Garganacl|58/100
|move|p2a: Garganacl|Salt Cure|p1a: Great Tusk
|-resisted|p1a: Great Tusk
|-damage|p1a: Great Tusk|11/100
|
|-damage|p1a: Great Tusk|0 fnt|[from] Salt Cure
|faint|p1a: Great Tusk
|-end|p1a: Great Tusk|Protosynthesis|[silent]
|upkeep
|
|t:|1781273323
|switch|p1a: Kyurem|Kyurem|100/100
|-ability|p1a: Kyurem|Pressure
|turn|11
|
|t:|1781273326
|move|p1a: Kyurem|Draco Meteor|p2a: Garganacl
|-damage|p2a: Garganacl|0 fnt
|-unboost|p1a: Kyurem|spa|2
|faint|p2a: Garganacl
|
|upkeep
|
|t:|1781273334
|switch|p2a: Scizor|Scizor, M|100/100
|turn|12
|
|t:|1781273338
|switch|p1a: Slowking|Slowking-Galar, M|100/100
|move|p2a: Scizor|Knock Off|p1a: Slowking
|-supereffective|p1a: Slowking
|-crit|p1a: Slowking
|-enditem|p1a: Slowking|Colbur Berry|[eat]
|-enditem|p1a: Slowking|Colbur Berry|[weaken]
|-damage|p1a: Slowking|55/100
|
|upkeep
|turn|13
|
|t:|1781273342
|move|p2a: Scizor|U-turn|p1a: Slowking
|-damage|p1a: Slowking|27/100
|
|t:|1781273346
|switch|p2a: Gholdengo|Gholdengo|100/100|[from] U-turn
|move|p1a: Slowking|Thunder Wave|p2a: Gholdengo
|-immune|p2a: Gholdengo|[from] ability: Good as Gold
|
|upkeep
|turn|14
|
|t:|1781273352
|switch|p1a: Tornadus|Tornadus-Therian, M|90/100
|move|p2a: Gholdengo|Shadow Ball|p1a: Tornadus
|-damage|p1a: Tornadus|59/100
|
|upkeep
|turn|15
|
|t:|1781273355
|switch|p2a: Raging Bolt|Raging Bolt|100/100
|move|p1a: Tornadus|Knock Off|p2a: Raging Bolt
|-damage|p2a: Raging Bolt|82/100
|-enditem|p2a: Raging Bolt|Assault Vest|[from] move: Knock Off|[of] p1a: Tornadus
|
|upkeep
|turn|16
|
|t:|1781273366
|move|p1a: Tornadus|U-turn|p2a: Raging Bolt
|-damage|p2a: Raging Bolt|69/100
|
|t:|1781273370
|switch|p1a: Slowking|Slowking-Galar, M|61/100|[from] U-turn
|move|p2a: Raging Bolt|Dragon Pulse|p1a: Slowking
|-damage|p1a: Slowking|17/100
|
|upkeep
|turn|17
|
|t:|1781273382
|switch|p1a: Corviknight|Corviknight, M|100/100
|-ability|p1a: Corviknight|Pressure
|move|p2a: Raging Bolt|Volt Switch|p1a: Corviknight
|-supereffective|p1a: Corviknight
|-damage|p1a: Corviknight|40/100
|
|t:|1781273386
|-end|p2a: Raging Bolt|Protosynthesis|[silent]
|switch|p2a: Gholdengo|Gholdengo|100/100|[from] Volt Switch
|
|-heal|p1a: Corviknight|46/100|[from] item: Leftovers
|upkeep
|turn|18
|
|t:|1781273391
|move|p2a: Gholdengo|Thunderbolt|p1a: Corviknight
|-supereffective|p1a: Corviknight
|-damage|p1a: Corviknight|2/100
|-status|p1a: Corviknight|par
|move|p1a: Corviknight|Roost|p1a: Corviknight
|-heal|p1a: Corviknight|52/100 par
|-singleturn|p1a: Corviknight|move: Roost
|
|-heal|p1a: Corviknight|58/100 par|[from] item: Leftovers
|upkeep
|turn|19
|
|t:|1781273400
|switch|p1a: Kyurem|Kyurem|100/100
|-ability|p1a: Kyurem|Pressure
|move|p2a: Gholdengo|Thunderbolt|p1a: Kyurem
|-resisted|p1a: Kyurem
|-damage|p1a: Kyurem|86/100
|
|upkeep
|turn|20
|
|t:|1781273408
|switch|p2a: Scizor|Scizor, M|100/100
|move|p1a: Kyurem|Ice Beam|p2a: Scizor
|-resisted|p2a: Scizor
|-damage|p2a: Scizor|55/100
|
|upkeep
|turn|21
|
|t:|1781273413
|switch|p1a: Corviknight|Corviknight, M|58/100 par
|-ability|p1a: Corviknight|Pressure
|move|p2a: Scizor|U-turn|p1a: Corviknight
|-resisted|p1a: Corviknight
|-damage|p1a: Corviknight|49/100 par
|
|t:|1781273418
|switch|p2a: Raging Bolt|Raging Bolt|69/100|[from] U-turn
|
|-heal|p1a: Corviknight|55/100 par|[from] item: Leftovers
|upkeep
|turn|22
|
|t:|1781273421
|move|p2a: Raging Bolt|Dragon Pulse|p1a: Corviknight
|-resisted|p1a: Corviknight
|-damage|p1a: Corviknight|37/100 par
|move|p1a: Corviknight|Roost|p1a: Corviknight
|-heal|p1a: Corviknight|87/100 par
|-singleturn|p1a: Corviknight|move: Roost
|
|-heal|p1a: Corviknight|93/100 par|[from] item: Leftovers
|upkeep
|turn|23
|
|t:|1781273427
|move|p2a: Raging Bolt|Dragon Pulse|p1a: Corviknight
|-resisted|p1a: Corviknight
|-damage|p1a: Corviknight|77/100 par
|move|p1a: Corviknight|Body Press|p2a: Raging Bolt
|-damage|p2a: Raging Bolt|52/100
|
|-heal|p1a: Corviknight|83/100 par|[from] item: Leftovers
|upkeep
|turn|24
|
|t:|1781273430
|switch|p1a: Kyurem|Kyurem|86/100
|-ability|p1a: Kyurem|Pressure
|move|p2a: Raging Bolt|Dragon Pulse|p1a: Kyurem
|-supereffective|p1a: Kyurem
|-damage|p1a: Kyurem|0 fnt
|faint|p1a: Kyurem
|
|upkeep
|
|t:|1781273438
|switch|p1a: Tornadus|Tornadus-Therian, M|92/100
|turn|25
|
|t:|1781273441
|move|p1a: Tornadus|Bleakwind Storm|p2a: Raging Bolt
|-resisted|p2a: Raging Bolt
|-damage|p2a: Raging Bolt|37/100
|-unboost|p2a: Raging Bolt|spe|1
|move|p2a: Raging Bolt|Volt Switch|p1a: Tornadus
|-supereffective|p1a: Tornadus
|-damage|p1a: Tornadus|37/100
|
|t:|1781273448
|-end|p2a: Raging Bolt|Protosynthesis|[silent]
|switch|p2a: Gholdengo|Gholdengo|100/100|[from] Volt Switch
|
|upkeep
|turn|26
|
|t:|1781273455
|switch|p2a: Raging Bolt|Raging Bolt|37/100
|switch|p1a: Corviknight|Corviknight, M|83/100 par
|-ability|p1a: Corviknight|Pressure
|
|-heal|p1a: Corviknight|89/100 par|[from] item: Leftovers
|upkeep
|turn|27
|
|t:|1781273458
|move|p2a: Raging Bolt|Volt Switch|p1a: Corviknight
|-supereffective|p1a: Corviknight
|-damage|p1a: Corviknight|37/100 par
|
|t:|1781273460
|-end|p2a: Raging Bolt|Protosynthesis|[silent]
|switch|p2a: Gholdengo|Gholdengo|100/100|[from] Volt Switch
|move|p1a: Corviknight|Body Press|p2a: Gholdengo
|-immune|p2a: Gholdengo
|
|-heal|p1a: Corviknight|43/100 par|[from] item: Leftovers
|upkeep
|turn|28
|
|t:|1781273464
|move|p2a: Gholdengo|Thunderbolt|p1a: Corviknight
|-supereffective|p1a: Corviknight
|-damage|p1a: Corviknight|0 fnt
|faint|p1a: Corviknight
|
|upkeep
|
|t:|1781273466
|switch|p1a: Cinderace|Cinderace, F|100/100
|turn|29
|
|t:|1781273481
|switch|p2a: Scizor|Scizor, M|55/100
|move|p1a: Cinderace|Pyro Ball|p2a: Scizor
|-supereffective|p2a: Scizor
|-damage|p2a: Scizor|0 fnt
|faint|p2a: Scizor
|
|upkeep
|
|t:|1781273482
|switch|p2a: Gholdengo|Gholdengo|100/100
|turn|30
|
|t:|1781273489
|switch|p1a: Tornadus|Tornadus-Therian, M|70/100
|move|p2a: Gholdengo|Trick|p1a: Tornadus
|-activate|p2a: Gholdengo|move: Trick|[of] p1a: Tornadus
|-item|p1a: Tornadus|Choice Scarf|[from] move: Trick
|-item|p2a: Gholdengo|Assault Vest|[from] move: Trick
|
|upkeep
|turn|31
|
|t:|1781273497
|switch|p2a: Ting-Lu|Ting-Lu|100/100
|-ability|p2a: Ting-Lu|Vessel of Ruin
|move|p1a: Tornadus|Knock Off|p2a: Ting-Lu
|-resisted|p2a: Ting-Lu
|-damage|p2a: Ting-Lu|95/100
|-enditem|p2a: Ting-Lu|Leftovers|[from] move: Knock Off|[of] p1a: Tornadus
|
|upkeep
|turn|32
|
|t:|1781273501
|switch|p1a: Slowking|Slowking-Galar, M|50/100
|switch|p2a: Great Tusk|Great Tusk|100/100
|
|upkeep
|turn|33
|
|t:|1781273503
|switch|p1a: Tornadus|Tornadus-Therian, M|100/100
|move|p2a: Great Tusk|Headlong Rush|p1a: Tornadus
|-immune|p1a: Tornadus
|
|upkeep
|turn|34
|
|t:|1781273509
|-end|p2a: Great Tusk|Protosynthesis|[silent]
|switch|p2a: Raging Bolt|Raging Bolt|37/100
|move|p1a: Tornadus|U-turn|p2a: Raging Bolt
|-damage|p2a: Raging Bolt|24/100
|
|t:|1781273511
|switch|p1a: Cinderace|Cinderace, F|100/100|[from] U-turn
|
|upkeep
|turn|35
|
|t:|1781273513
|move|p2a: Raging Bolt|Thunderclap|p1a: Cinderace
|-damage|p1a: Cinderace|52/100
|move|p1a: Cinderace|Pyro Ball|p2a: Raging Bolt
|-resisted|p2a: Raging Bolt
|-damage|p2a: Raging Bolt|1/100
|
|upkeep
|turn|36
|
|t:|1781273520
|move|p2a: Raging Bolt|Thunderclap||[still]
|-fail|p2a: Raging Bolt
|move|p1a: Cinderace|Will-O-Wisp|p2a: Raging Bolt
|-status|p2a: Raging Bolt|brn
|
|-damage|p2a: Raging Bolt|0 fnt|[from] brn
|faint|p2a: Raging Bolt
|-end|p2a: Raging Bolt|Protosynthesis|[silent]
|upkeep
|
|t:|1781273526
|switch|p2a: Great Tusk|Great Tusk|100/100
|turn|37
|
|t:|1781273530
|switch|p1a: Tornadus|Tornadus-Therian, M|100/100
|move|p2a: Great Tusk|Headlong Rush|p1a: Tornadus
|-immune|p1a: Tornadus
|
|upkeep
|turn|38
|
|t:|1781273537
|-end|p2a: Great Tusk|Protosynthesis|[silent]
|switch|p2a: Ting-Lu|Ting-Lu|95/100
|-ability|p2a: Ting-Lu|Vessel of Ruin
|move|p1a: Tornadus|Bleakwind Storm|p2a: Ting-Lu|[miss]
|-miss|p1a: Tornadus|p2a: Ting-Lu
|
|upkeep
|turn|39
|
|t:|1781273543
|switch|p1a: Slowking|Slowking-Galar, M|84/100
|move|p2a: Ting-Lu|Stealth Rock|p1a: Slowking
|-sidestart|p1: Sushigengu|move: Stealth Rock
|
|upkeep
|turn|40
|
|t:|1781273551
|move|p2a: Ting-Lu|Spikes|p1a: Slowking
|-sidestart|p1: Sushigengu|Spikes
|-prepare|p1a: Slowking|Chilly Reception|[premajor]
|move|p1a: Slowking|Chilly Reception|p1a: Slowking
|-weather|Snowscape
|
|t:|1781273556
|switch|p1a: Tornadus|Tornadus-Therian, M|100/100|[from] Chilly Reception
|-damage|p1a: Tornadus|76/100|[from] Stealth Rock
|
|-weather|Snowscape|[upkeep]
|upkeep
|turn|41
|
|t:|1781273561
|move|p1a: Tornadus|U-turn|p2a: Ting-Lu
|-supereffective|p2a: Ting-Lu
|-damage|p2a: Ting-Lu|77/100
|
|t:|1781273564
|switch|p1a: Slowking|Slowking-Galar, M|100/100|[from] U-turn
|-damage|p1a: Slowking|88/100|[from] Stealth Rock
|-damage|p1a: Slowking|76/100|[from] Spikes
|move|p2a: Ting-Lu|Spikes|p1a: Slowking
|-sidestart|p1: Sushigengu|Spikes
|
|-weather|Snowscape|[upkeep]
|upkeep
|turn|42
|
|t:|1781273567
|move|p2a: Ting-Lu|Heavy Slam|p1a: Slowking
|-damage|p1a: Slowking|54/100
|move|p1a: Slowking|Sludge Bomb|p2a: Ting-Lu
|-resisted|p2a: Ting-Lu
|-damage|p2a: Ting-Lu|70/100
|
|-weather|Snowscape|[upkeep]
|upkeep
|turn|43
|
|t:|1781273571
|switch|p1a: Tornadus|Tornadus-Therian, M|100/100
|-damage|p1a: Tornadus|76/100|[from] Stealth Rock
|move|p2a: Ting-Lu|Spikes|p1a: Tornadus
|-sidestart|p1: Sushigengu|Spikes
|
|-weather|Snowscape|[upkeep]
|upkeep
|turn|44
|
|t:|1781273575
|move|p1a: Tornadus|U-turn|p2a: Ting-Lu
|-supereffective|p2a: Ting-Lu
|-damage|p2a: Ting-Lu|53/100
|
|t:|1781273578
|switch|p1a: Slowking|Slowking-Galar, M|88/100|[from] U-turn
|-damage|p1a: Slowking|75/100|[from] Stealth Rock
|-damage|p1a: Slowking|50/100|[from] Spikes
|move|p2a: Ting-Lu|Whirlwind|p1a: Slowking
|drag|p1a: Tornadus|Tornadus-Therian, M|100/100
|-damage|p1a: Tornadus|76/100|[from] Stealth Rock
|
|-weather|none
|upkeep
|turn|45
|l| Puyu paz
|
|t:|1781273583
|switch|p2a: Great Tusk|Great Tusk|100/100
|move|p1a: Tornadus|U-turn|p2a: Great Tusk
|-resisted|p2a: Great Tusk
|-damage|p2a: Great Tusk|96/100
|
|t:|1781273586
|switch|p1a: Slowking|Slowking-Galar, M|84/100|[from] U-turn
|-damage|p1a: Slowking|71/100|[from] Stealth Rock
|-damage|p1a: Slowking|46/100|[from] Spikes
|
|upkeep
|turn|46
|
|t:|1781273589
|switch|p1a: Tornadus|Tornadus-Therian, M|100/100
|-damage|p1a: Tornadus|76/100|[from] Stealth Rock
|move|p2a: Great Tusk|Rapid Spin|p1a: Tornadus
|-crit|p1a: Tornadus
|-damage|p1a: Tornadus|48/100
|-boost|p2a: Great Tusk|spe|1
|
|upkeep
|turn|47
|
|t:|1781273594
|move|p1a: Tornadus|Bleakwind Storm|p2a: Great Tusk
|-supereffective|p2a: Great Tusk
|-damage|p2a: Great Tusk|0 fnt
|faint|p2a: Great Tusk
|-end|p2a: Great Tusk|Protosynthesis|[silent]
|
|upkeep
|
|t:|1781273599
|switch|p2a: Gholdengo|Gholdengo|100/100
|turn|48
|
|t:|1781273610
|switch|p1a: Slowking|Slowking-Galar, M|80/100
|-damage|p1a: Slowking|67/100|[from] Stealth Rock
|-damage|p1a: Slowking|42/100|[from] Spikes
|move|p2a: Gholdengo|Shadow Ball|p1a: Slowking
|-supereffective|p1a: Slowking
|-damage|p1a: Slowking|0 fnt
|faint|p1a: Slowking
|
|upkeep
|
|t:|1781273623
|switch|p1a: Cinderace|Cinderace, F|52/100
|turn|49
|
|t:|1781273626
|-terastallize|p1a: Cinderace|Fire
|move|p1a: Cinderace|Pyro Ball|p2a: Gholdengo
|-supereffective|p2a: Gholdengo
|-damage|p2a: Gholdengo|0 fnt
|faint|p2a: Gholdengo
|
|upkeep
|
|t:|1781273628
|switch|p2a: Ting-Lu|Ting-Lu|53/100
|-ability|p2a: Ting-Lu|Vessel of Ruin
|turn|50
|
|t:|1781273631
|move|p1a: Cinderace|U-turn|p2a: Ting-Lu
|-supereffective|p2a: Ting-Lu
|-damage|p2a: Ting-Lu|31/100
|
|t:|1781273634
|switch|p1a: Tornadus|Tornadus-Therian, M|82/100|[from] U-turn
|-damage|p1a: Tornadus|57/100|[from] Stealth Rock
|move|p2a: Ting-Lu|Heavy Slam|p1a: Tornadus
|-damage|p1a: Tornadus|24/100
|
|upkeep
|turn|51
|
|t:|1781273641
|move|p1a: Tornadus|U-turn|p2a: Ting-Lu
|-supereffective|p2a: Ting-Lu
|-damage|p2a: Ting-Lu|15/100
|
|t:|1781273642
|switch|p1a: Cinderace|Cinderace, F, tera:Fire|52/100|[from] U-turn
|move|p2a: Ting-Lu|Heavy Slam|p1a: Cinderace
|-resisted|p1a: Cinderace
|-damage|p1a: Cinderace|35/100
|
|upkeep
|turn|52
|
|t:|1781273644
|move|p1a: Cinderace|Pyro Ball|p2a: Ting-Lu
|-damage|p2a: Ting-Lu|0 fnt
|faint|p2a: Ting-Lu
|
|win|Sushigengu
|raw|Sushigengu's rating: 1614 &rarr; <strong>1635</strong><br />(+21 for winning)
|raw|ayerbe's rating: 1627 &rarr; <strong>1606</strong><br />(-21 for losing)
|l|‽ayerbe
|player|p2|
|l|☆Sushigengu
|player|p1|
