|j|☆KurisuChestnutOU
|j|☆LOUSINETCOKI
|t:|1781182116
|gametype|singles
|player|p1|KurisuChestnutOU|may-contest|1524
|player|p2|LOUSINETCOKI|2|1543
|gen|9
|tier|[Gen 9] OU
|rated|
|rule|HP Percentage Mod: HP is shown in percentages
|rule|Endless Battle Clause: Forcing endless battles is banned
|rule|Species Clause: Limit one of each Pokémon
|rule|OHKO Clause: OHKO moves are banned
|rule|Evasion Items Clause: Evasion items are banned
|rule|Evasion Moves Clause: Evasion moves are banned
|rule|Evasion Abilities Clause: Evasion abilities are banned
|rule|Sleep Moves Clause: Sleep-inducing moves are banned
|clearpoke
|poke|p1|Kingambit, M|
|poke|p1|Kommo-o, M|
|poke|p1|Iron Valiant|
|poke|p1|Kyurem|
|poke|p1|Iron Treads|
|poke|p1|Iron Crown|
|poke|p2|Torkoal, F|
|poke|p2|Hatterene, F|
|poke|p2|Walking Wake|
|poke|p2|Great Tusk|
|poke|p2|Ceruledge, F|
|poke|p2|Raging Bolt|
|teampreview
|
|t:|1781182122
|teamsize|p1|6
|teamsize|p2|6
|start
|switch|p1a: Iron Valiant|Iron Valiant|100/100
|switch|p2a: Torkoal|Torkoal, F|100/100
|-weather|SunnyDay|[from] ability: Drought|[of] p2a: Torkoal
|-enditem|p1a: Iron Valiant|Booster Energy
|-activate|p1a: Iron Valiant|ability: Quark Drive|[fromitem]
|-start|p1a: Iron Valiant|quarkdrivespe
|turn|1
|inactive|Battle timer is ON: inactive players will automatically lose when time's up. (requested by KurisuChestnutOU)
|
|t:|1781182131
|move|p1a: Iron Valiant|Calm Mind|p1a: Iron Valiant
|-boost|p1a: Iron Valiant|spa|1
|-boost|p1a: Iron Valiant|spd|1
|move|p2a: Torkoal|Lava Plume|p1a: Iron Valiant
|-damage|p1a: Iron Valiant|58/100
|
|-weather|SunnyDay|[upkeep]
|upkeep
|turn|2
|
|t:|1781182140
|switch|p2a: Hatterene|Hatterene, F|100/100
|move|p1a: Iron Valiant|Shadow Ball|p2a: Hatterene
|-supereffective|p2a: Hatterene
|-damage|p2a: Hatterene|46/100
|-enditem|p2a: Hatterene|Eject Button
|
|t:|1781182146
|switch|p2a: Ceruledge|Ceruledge, F|100/100
|
|-weather|SunnyDay|[upkeep]
|upkeep
|turn|3
|
|t:|1781182155
|move|p1a: Iron Valiant|Shadow Ball|p2a: Ceruledge
|-supereffective|p2a: Ceruledge
|-damage|p2a: Ceruledge|10/100
|move|p2a: Ceruledge|Bitter Blade|p1a: Iron Valiant
|-damage|p1a: Iron Valiant|0 fnt
|-heal|p2a: Ceruledge|38/100|[from] drain|[of] p1a: Iron Valiant
|faint|p1a: Iron Valiant
|-end|p1a: Iron Valiant|Quark Drive|[silent]
|
|-weather|SunnyDay|[upkeep]
|upkeep
|
|t:|1781182165
|switch|p1a: Iron Crown|Iron Crown|100/100
|-enditem|p1a: Iron Crown|Booster Energy
|-activate|p1a: Iron Crown|ability: Quark Drive|[fromitem]
|-start|p1a: Iron Crown|quarkdrivespe
|turn|4
|
|t:|1781182174
|move|p2a: Ceruledge|Shadow Sneak|p1a: Iron Crown
|-supereffective|p1a: Iron Crown
|-damage|p1a: Iron Crown|57/100
|move|p1a: Iron Crown|Psychic Noise|p2a: Ceruledge
|-damage|p2a: Ceruledge|0 fnt
|faint|p2a: Ceruledge
|
|-weather|SunnyDay|[upkeep]
|upkeep
|
|t:|1781182184
|switch|p2a: Walking Wake|Walking Wake|100/100
|-activate|p2a: Walking Wake|ability: Protosynthesis
|-start|p2a: Walking Wake|protosynthesisspe
|turn|5
|
|t:|1781182195
|move|p2a: Walking Wake|Draco Meteor|p1a: Iron Crown|[miss]
|-miss|p2a: Walking Wake|p1a: Iron Crown
|move|p1a: Iron Crown|Psychic Noise|p2a: Walking Wake
|-damage|p2a: Walking Wake|61/100
|-start|p2a: Walking Wake|move: Heal Block
|
|-weather|SunnyDay|[upkeep]
|upkeep
|turn|6
|
|t:|1781182204
|-end|p2a: Walking Wake|Protosynthesis|[silent]
|switch|p2a: Hatterene|Hatterene, F|46/100
|move|p1a: Iron Crown|Psychic Noise|p2a: Hatterene
|-resisted|p2a: Hatterene
|-damage|p2a: Hatterene|34/100
|-start|p2a: Hatterene|move: Heal Block
|
|-weather|SunnyDay|[upkeep]
|upkeep
|turn|7
|
|t:|1781182212
|move|p1a: Iron Crown|Tachyon Cutter|p2a: Hatterene
|-supereffective|p2a: Hatterene
|-damage|p2a: Hatterene|0 fnt
|faint|p2a: Hatterene
|-hitcount|p2: Hatterene|1
|
|-weather|SunnyDay|[upkeep]
|upkeep
|
|t:|1781182219
|switch|p2a: Walking Wake|Walking Wake|61/100
|-activate|p2a: Walking Wake|ability: Protosynthesis
|-start|p2a: Walking Wake|protosynthesisspe
|turn|8
|
|t:|1781182224
|move|p2a: Walking Wake|Hydro Steam|p1a: Iron Crown
|-damage|p1a: Iron Crown|0 fnt
|faint|p1a: Iron Crown
|-end|p1a: Iron Crown|Quark Drive|[silent]
|
|-weather|none
|-end|p2a: Walking Wake|Protosynthesis
|upkeep
|
|t:|1781182228
|switch|p1a: Kyurem|Kyurem|100/100
|-ability|p1a: Kyurem|Pressure
|turn|9
|
|t:|1781182233
|-end|p2a: Walking Wake|Protosynthesis|[silent]
|switch|p2a: Torkoal|Torkoal, F|100/100
|-weather|SunnyDay|[from] ability: Drought|[of] p2a: Torkoal
|move|p1a: Kyurem|Dragon Dance|p1a: Kyurem
|-boost|p1a: Kyurem|atk|1
|-boost|p1a: Kyurem|spe|1
|
|-weather|SunnyDay|[upkeep]
|upkeep
|turn|10
|
|t:|1781182243
|move|p1a: Kyurem|Earth Power|p2a: Torkoal
|-supereffective|p2a: Torkoal
|-damage|p2a: Torkoal|33/100
|move|p2a: Torkoal|Will-O-Wisp|p1a: Kyurem
|-status|p1a: Kyurem|brn
|
|-weather|SunnyDay|[upkeep]
|-damage|p1a: Kyurem|94/100 brn|[from] brn
|upkeep
|turn|11
|
|t:|1781182252
|switch|p2a: Great Tusk|Great Tusk|100/100
|-activate|p2a: Great Tusk|ability: Protosynthesis
|-start|p2a: Great Tusk|protosynthesisatk
|move|p1a: Kyurem|Earth Power|p2a: Great Tusk
|-damage|p2a: Great Tusk|62/100
|
|-weather|SunnyDay|[upkeep]
|-damage|p1a: Kyurem|88/100 brn|[from] brn
|upkeep
|turn|12
|
|t:|1781182262
|-terastallize|p1a: Kyurem|Ground
|-terastallize|p2a: Great Tusk|Steel
|move|p1a: Kyurem|Earth Power|p2a: Great Tusk
|-supereffective|p2a: Great Tusk
|-damage|p2a: Great Tusk|0 fnt
|faint|p2a: Great Tusk
|-end|p2a: Great Tusk|Protosynthesis|[silent]
|
|-weather|SunnyDay|[upkeep]
|-damage|p1a: Kyurem|82/100 brn|[from] brn
|upkeep
|
|t:|1781182271
|switch|p2a: Walking Wake|Walking Wake|61/100
|-activate|p2a: Walking Wake|ability: Protosynthesis
|-start|p2a: Walking Wake|protosynthesisspe
|turn|13
|
|t:|1781182277
|move|p2a: Walking Wake|Hydro Steam|p1a: Kyurem
|-supereffective|p1a: Kyurem
|-damage|p1a: Kyurem|0 fnt
|faint|p1a: Kyurem
|
|-weather|SunnyDay|[upkeep]
|upkeep
|
|t:|1781182284
|switch|p1a: Kommo-o|Kommo-o, M|100/100
|turn|14
|
|t:|1781182293
|move|p2a: Walking Wake|Hydro Steam|p1a: Kommo-o
|-resisted|p1a: Kommo-o
|-crit|p1a: Kommo-o
|-damage|p1a: Kommo-o|37/100
|move|p1a: Kommo-o|Drain Punch|p2a: Walking Wake
|-damage|p2a: Walking Wake|32/100
|-heal|p1a: Kommo-o|51/100|[from] drain|[of] p2a: Walking Wake
|
|-weather|SunnyDay|[upkeep]
|-heal|p1a: Kommo-o|57/100|[from] item: Leftovers
|upkeep
|turn|15
|
|t:|1781182303
|move|p2a: Walking Wake|Hydro Steam|p1a: Kommo-o
|-resisted|p1a: Kommo-o
|-damage|p1a: Kommo-o|14/100
|move|p1a: Kommo-o|Drain Punch|p2a: Walking Wake
|-damage|p2a: Walking Wake|3/100
|-heal|p1a: Kommo-o|28/100|[from] drain|[of] p2a: Walking Wake
|
|-weather|SunnyDay|[upkeep]
|-heal|p1a: Kommo-o|34/100|[from] item: Leftovers
|upkeep
|turn|16
|
|t:|1781182312
|move|p2a: Walking Wake|Hydro Steam|p1a: Kommo-o
|-resisted|p1a: Kommo-o
|-damage|p1a: Kommo-o|0 fnt
|faint|p1a: Kommo-o
|
|-weather|none
|-end|p2a: Walking Wake|Protosynthesis
|upkeep
|
|t:|1781182317
|switch|p1a: Iron Treads|Iron Treads|100/100
|-enditem|p1a: Iron Treads|Booster Energy
|-activate|p1a: Iron Treads|ability: Quark Drive|[fromitem]
|-start|p1a: Iron Treads|quarkdrivespe
|turn|17
|
|t:|1781182322
|-end|p2a: Walking Wake|Protosynthesis|[silent]
|switch|p2a: Torkoal|Torkoal, F|33/100
|-weather|SunnyDay|[from] ability: Drought|[of] p2a: Torkoal
|move|p1a: Iron Treads|Rapid Spin|p2a: Torkoal
|-damage|p2a: Torkoal|26/100
|-boost|p1a: Iron Treads|spe|1
|
|-weather|SunnyDay|[upkeep]
|upkeep
|turn|18
|
|t:|1781182334
|move|p1a: Iron Treads|Earthquake|p2a: Torkoal
|-supereffective|p2a: Torkoal
|-damage|p2a: Torkoal|0 fnt
|faint|p2a: Torkoal
|
|-weather|SunnyDay|[upkeep]
|upkeep
|
|t:|1781182341
|switch|p2a: Raging Bolt|Raging Bolt|100/100
|-activate|p2a: Raging Bolt|ability: Protosynthesis
|-start|p2a: Raging Bolt|protosynthesisspa
|turn|19
|
|t:|1781182345
|move|p1a: Iron Treads|Earthquake|p2a: Raging Bolt
|-supereffective|p2a: Raging Bolt
|-damage|p2a: Raging Bolt|31/100
|move|p2a: Raging Bolt|Weather Ball|p1a: Iron Treads
|-supereffective|p1a: Iron Treads
|-damage|p1a: Iron Treads|0 fnt
|faint|p1a: Iron Treads
|-end|p1a: Iron Treads|Quark Drive|[silent]
|
|-weather|SunnyDay|[upkeep]
|upkeep
|
|t:|1781182349
|switch|p1a: Kingambit|Kingambit, M|100/100
|-activate|p1a: Kingambit|ability: Supreme Overlord
|-start|p1a: Kingambit|fallen5|[silent]
|turn|20
|
|t:|1781182357
|move|p2a: Raging Bolt|Weather Ball|p1a: Kingambit
|-supereffective|p1a: Kingambit
|-damage|p1a: Kingambit|0 fnt
|faint|p1a: Kingambit
|-end|p1a: Kingambit|fallen5|[silent]
|
|win|LOUSINETCOKI
|raw|KurisuChestnutOU's rating: 1553 &rarr; <strong>1532</strong><br />(-21 for losing)
|raw|LOUSINETCOKI's rating: 1543 &rarr; <strong>1564</strong><br />(+21 for winning)
