|j|☆warning 1313
|j|☆imperimento
|t:|1780903588
|gametype|singles
|player|p1|warning 1313|guitarist|1592
|player|p2|imperimento|169|1685
|gen|9
|tier|[Gen 9] OU
|rated|
|rule|HP Percentage Mod: HP is shown in percentages
|rule|Endless Battle Clause: Forcing endless battles is banned
|rule|Species Clause: Limit one of each Pokémon
|rule|OHKO Clause: OHKO moves are banned
|rule|Evasion Items Clause: Evasion items are banned
|rule|Evasion Moves Clause: Evasion moves are banned
|rule|Evasion Abilities Clause: Evasion abilities are banned
|rule|Sleep Moves Clause: Sleep-inducing moves are banned
|clearpoke
|poke|p1|Iron Moth|
|poke|p1|Gliscor, M|
|poke|p1|Hatterene, F|
|poke|p1|Ogerpon-Wellspring, F|
|poke|p1|Raging Bolt|
|poke|p1|Zamazenta-*|
|poke|p2|Moltres|
|poke|p2|Samurott-Hisui, F|
|poke|p2|Gholdengo|
|poke|p2|Pecharunt|
|poke|p2|Walking Wake|
|poke|p2|Ting-Lu|
|teampreview
|
|t:|1780903620
|teamsize|p1|6
|teamsize|p2|6
|start
|switch|p1a: Zamazenta|Zamazenta|100/100
|switch|p2a: Pecharunt|Pecharunt|100/100
|-ability|p1a: Zamazenta|Dauntless Shield|boost
|-boost|p1a: Zamazenta|def|1
|turn|1
|
|t:|1780903628
|move|p1a: Zamazenta|Light Screen|p1a: Zamazenta
|-sidestart|p1: warning 1313|move: Light Screen
|move|p2a: Pecharunt|Malignant Chain|p1a: Zamazenta
|-damage|p1a: Zamazenta|88/100
|
|upkeep
|turn|2
|
|t:|1780903639
|move|p1a: Zamazenta|Reflect|p1a: Zamazenta
|-sidestart|p1: warning 1313|Reflect
|move|p2a: Pecharunt|Malignant Chain|p1a: Zamazenta
|-damage|p1a: Zamazenta|75/100
|-status|p1a: Zamazenta|tox
|-start|p1a: Zamazenta|confusion|[from] ability: Poison Puppeteer|[of] p2a: Pecharunt
|
|-damage|p1a: Zamazenta|69/100 tox|[from] psn
|upkeep
|turn|3
|
|t:|1780903659
|switch|p1a: Gliscor|Gliscor, M|100/100
|switch|p2a: Ting-Lu|Ting-Lu|100/100
|-ability|p2a: Ting-Lu|Vessel of Ruin
|
|-status|p1a: Gliscor|tox|[from] item: Toxic Orb
|upkeep
|turn|4
|
|t:|1780903698
|move|p1a: Gliscor|Earthquake|p2a: Ting-Lu
|-damage|p2a: Ting-Lu|75/100
|move|p2a: Ting-Lu|Ruination|p1a: Gliscor
|-damage|p1a: Gliscor|50/100 tox
|
|-heal|p2a: Ting-Lu|81/100|[from] item: Leftovers
|-heal|p1a: Gliscor|63/100 tox|[from] ability: Poison Heal
|upkeep
|turn|5
|
|t:|1780903720
|switch|p1a: Hatterene|Hatterene, F|100/100
|move|p2a: Ting-Lu|Whirlwind|p1a: Hatterene
|move|p1a: Hatterene|Whirlwind|p2a: Ting-Lu|[from] ability: Magic Bounce
|drag|p2a: Gholdengo|Gholdengo|100/100
|
|upkeep
|turn|6
|
|t:|1780903747
|-terastallize|p1a: Hatterene|Water
|move|p2a: Gholdengo|Shadow Ball|p1a: Hatterene
|-damage|p1a: Hatterene|81/100
|move|p1a: Hatterene|Calm Mind|p1a: Hatterene
|-boost|p1a: Hatterene|spa|1
|-boost|p1a: Hatterene|spd|1
|
|-heal|p1a: Hatterene|87/100|[from] item: Leftovers
|upkeep
|turn|7
|
|t:|1780903758
|switch|p2a: Pecharunt|Pecharunt|100/100
|move|p1a: Hatterene|Calm Mind|p1a: Hatterene
|-boost|p1a: Hatterene|spa|1
|-boost|p1a: Hatterene|spd|1
|
|-heal|p1a: Hatterene|93/100|[from] item: Leftovers
|upkeep
|turn|8
|inactive|Battle timer is ON: inactive players will automatically lose when time's up. (requested by imperimento)
|
|t:|1780903799
|switch|p2a: Gholdengo|Gholdengo|100/100
|move|p1a: Hatterene|Stored Power|p2a: Gholdengo
|-resisted|p2a: Gholdengo
|-damage|p2a: Gholdengo|44/100
|
|-heal|p1a: Hatterene|99/100|[from] item: Leftovers
|-sideend|p1: warning 1313|move: Light Screen
|upkeep
|turn|9
|
|t:|1780903815
|move|p2a: Gholdengo|Trick|p1a: Hatterene
|-activate|p2a: Gholdengo|move: Trick|[of] p1a: Hatterene
|-item|p1a: Hatterene|Choice Scarf|[from] move: Trick
|-item|p2a: Gholdengo|Leftovers|[from] move: Trick
|move|p1a: Hatterene|Stored Power|p2a: Gholdengo
|-resisted|p2a: Gholdengo
|-damage|p2a: Gholdengo|0 fnt
|faint|p2a: Gholdengo
|
|-sideend|p1: warning 1313|Reflect
|upkeep
|
|t:|1780903823
|switch|p2a: Samurott|Samurott-Hisui, F|100/100
|turn|10
|
|t:|1780903834
|switch|p1a: Zamazenta|Zamazenta|69/100 tox
|move|p2a: Samurott|Ceaseless Edge|p1a: Zamazenta
|-resisted|p1a: Zamazenta
|-damage|p1a: Zamazenta|53/100 tox
|-sidestart|p1: warning 1313|Spikes
|
|-damage|p1a: Zamazenta|47/100 tox|[from] psn
|upkeep
|turn|11
|
|t:|1780903849
|move|p1a: Zamazenta|Reflect|p1a: Zamazenta
|-sidestart|p1: warning 1313|Reflect
|move|p2a: Samurott|Ceaseless Edge|p1a: Zamazenta|[miss]
|-miss|p2a: Samurott|p1a: Zamazenta
|
|-damage|p1a: Zamazenta|35/100 tox|[from] psn
|upkeep
|turn|12
|
|t:|1780903859
|move|p1a: Zamazenta|Reflect||[still]
|-fail|p1a: Zamazenta
|move|p2a: Samurott|Ceaseless Edge|p1a: Zamazenta
|-resisted|p1a: Zamazenta
|-damage|p1a: Zamazenta|27/100 tox
|-sidestart|p1: warning 1313|Spikes
|
|-damage|p1a: Zamazenta|9/100 tox|[from] psn
|upkeep
|turn|13
|inactive|imperimento has 120 seconds left.
|
|t:|1780903891
|move|p1a: Zamazenta|Close Combat|p2a: Samurott
|-supereffective|p2a: Samurott
|-damage|p2a: Samurott|0 fnt
|-unboost|p1a: Zamazenta|def|1
|-unboost|p1a: Zamazenta|spd|1
|faint|p2a: Samurott
|
|-damage|p1a: Zamazenta|0 fnt|[from] psn
|faint|p1a: Zamazenta
|upkeep
|inactive|imperimento has 120 seconds left.
|
|t:|1780903914
|switch|p1a: Ogerpon|Ogerpon-Wellspring, F|100/100
|switch|p2a: Walking Wake|Walking Wake|100/100
|-damage|p1a: Ogerpon|84/100|[from] Spikes
|turn|14
|inactive|imperimento has 120 seconds left.
|
|t:|1780903926
|-end|p2a: Walking Wake|Protosynthesis|[silent]
|switch|p2a: Pecharunt|Pecharunt|100/100
|switch|p1a: Hatterene|Hatterene, F, tera:Water|99/100
|-damage|p1a: Hatterene|83/100|[from] Spikes
|
|upkeep
|turn|15
|inactive|imperimento has 120 seconds left.
|
|t:|1780903952
|move|p2a: Pecharunt|Nasty Plot|p2a: Pecharunt
|-boost|p2a: Pecharunt|spa|2
|move|p1a: Hatterene|Stored Power|p2a: Pecharunt
|-supereffective|p2a: Pecharunt
|-damage|p2a: Pecharunt|83/100
|
|upkeep
|turn|16
|
|t:|1780903962
|move|p2a: Pecharunt|Malignant Chain|p1a: Hatterene
|-damage|p1a: Hatterene|25/100
|-status|p1a: Hatterene|tox
|-start|p1a: Hatterene|confusion|[from] ability: Poison Puppeteer|[of] p2a: Pecharunt
|-activate|p1a: Hatterene|confusion
|move|p1a: Hatterene|Stored Power|p2a: Pecharunt
|-supereffective|p2a: Pecharunt
|-damage|p2a: Pecharunt|64/100
|
|-damage|p1a: Hatterene|19/100 tox|[from] psn
|upkeep
|turn|17
|inactive|imperimento has 120 seconds left.
|
|t:|1780903978
|move|p2a: Pecharunt|Recover|p2a: Pecharunt
|-heal|p2a: Pecharunt|100/100
|-activate|p1a: Hatterene|confusion
|move|p1a: Hatterene|Stored Power|p2a: Pecharunt
|-supereffective|p2a: Pecharunt
|-damage|p2a: Pecharunt|83/100
|
|-damage|p1a: Hatterene|7/100 tox|[from] psn
|upkeep
|turn|18
|inactive|imperimento has 120 seconds left.
|
|t:|1780903992
|move|p2a: Pecharunt|Shadow Ball|p1a: Hatterene
|-damage|p1a: Hatterene|0 fnt
|faint|p1a: Hatterene
|
|-sideend|p1: warning 1313|Reflect
|upkeep
|
|t:|1780903999
|switch|p1a: Raging Bolt|Raging Bolt|100/100
|-damage|p1a: Raging Bolt|84/100|[from] Spikes
|-enditem|p1a: Raging Bolt|Booster Energy
|-activate|p1a: Raging Bolt|ability: Protosynthesis|[fromitem]
|-start|p1a: Raging Bolt|protosynthesisspa
|turn|19
|inactive|imperimento has 120 seconds left.
|
|t:|1780904020
|switch|p2a: Ting-Lu|Ting-Lu|81/100
|-ability|p2a: Ting-Lu|Vessel of Ruin
|move|p1a: Raging Bolt|Thunderbolt|p2a: Ting-Lu
|-immune|p2a: Ting-Lu
|
|-heal|p2a: Ting-Lu|88/100|[from] item: Leftovers
|upkeep
|turn|20
|inactive|imperimento has 120 seconds left.
|
|t:|1780904036
|move|p1a: Raging Bolt|Dragon Pulse|p2a: Ting-Lu
|-damage|p2a: Ting-Lu|62/100
|move|p2a: Ting-Lu|Stealth Rock|p1a: Raging Bolt
|-sidestart|p1: warning 1313|move: Stealth Rock
|
|-heal|p2a: Ting-Lu|68/100|[from] item: Leftovers
|upkeep
|turn|21
|
|t:|1780904049
|move|p1a: Raging Bolt|Dragon Pulse|p2a: Ting-Lu
|-damage|p2a: Ting-Lu|39/100
|move|p2a: Ting-Lu|Earthquake|p1a: Raging Bolt
|-supereffective|p1a: Raging Bolt
|-damage|p1a: Raging Bolt|11/100
|
|-heal|p2a: Ting-Lu|45/100|[from] item: Leftovers
|upkeep
|turn|22
|
|t:|1780904060
|move|p1a: Raging Bolt|Dragon Pulse|p2a: Ting-Lu
|-damage|p2a: Ting-Lu|20/100
|move|p2a: Ting-Lu|Whirlwind|p1a: Raging Bolt
|-end|p1a: Raging Bolt|Protosynthesis|[silent]
|drag|p1a: Iron Moth|Iron Moth|100/100
|-damage|p1a: Iron Moth|84/100|[from] Spikes
|-damage|p1a: Iron Moth|59/100|[from] Stealth Rock
|-enditem|p1a: Iron Moth|Booster Energy
|-activate|p1a: Iron Moth|ability: Quark Drive|[fromitem]
|-start|p1a: Iron Moth|quarkdrivespe
|
|-heal|p2a: Ting-Lu|26/100|[from] item: Leftovers
|upkeep
|turn|23
|inactive|imperimento has 90 seconds left.
|
|t:|1780904097
|move|p1a: Iron Moth|Fiery Dance|p2a: Ting-Lu
|-damage|p2a: Ting-Lu|9/100
|move|p2a: Ting-Lu|Earthquake|p1a: Iron Moth
|-supereffective|p1a: Iron Moth
|-damage|p1a: Iron Moth|0 fnt
|faint|p1a: Iron Moth
|-end|p1a: Iron Moth|Quark Drive|[silent]
|
|-heal|p2a: Ting-Lu|16/100|[from] item: Leftovers
|upkeep
|
|t:|1780904108
|switch|p1a: Ogerpon|Ogerpon-Wellspring, F|84/100
|-damage|p1a: Ogerpon|67/100|[from] Spikes
|-damage|p1a: Ogerpon|55/100|[from] Stealth Rock
|turn|24
|
|t:|1780904115
|move|p1a: Ogerpon|Swords Dance|p1a: Ogerpon
|-boost|p1a: Ogerpon|atk|2
|move|p2a: Ting-Lu|Whirlwind|p1a: Ogerpon
|drag|p1a: Raging Bolt|Raging Bolt|11/100
|-damage|p1a: Raging Bolt|0 fnt|[from] Spikes
|faint|p1a: Raging Bolt
|-end|p1a: Raging Bolt|Protosynthesis|[silent]
|
|-heal|p2a: Ting-Lu|22/100|[from] item: Leftovers
|upkeep
|
|t:|1780904121
|switch|p1a: Ogerpon|Ogerpon-Wellspring, F|55/100
|-damage|p1a: Ogerpon|38/100|[from] Spikes
|-damage|p1a: Ogerpon|26/100|[from] Stealth Rock
|turn|25
|
|t:|1780904128
|move|p1a: Ogerpon|Trailblaze|p2a: Ting-Lu
|-supereffective|p2a: Ting-Lu
|-damage|p2a: Ting-Lu|0 fnt
|-boost|p1a: Ogerpon|spe|1
|faint|p2a: Ting-Lu
|
|upkeep
|
|t:|1780904133
|switch|p2a: Pecharunt|Pecharunt|83/100
|turn|26
|
|t:|1780904161
|move|p1a: Ogerpon|Ivy Cudgel|p2a: Pecharunt|[anim] Ivy Cudgel Water
|-damage|p2a: Pecharunt|42/100
|move|p2a: Pecharunt|Malignant Chain|p1a: Ogerpon
|-supereffective|p1a: Ogerpon
|-damage|p1a: Ogerpon|0 fnt
|faint|p1a: Ogerpon
|
|upkeep
|
|t:|1780904166
|switch|p1a: Gliscor|Gliscor, M|63/100 tox
|-damage|p1a: Gliscor|50/100 tox|[from] Stealth Rock
|turn|27
|
|t:|1780904179
|move|p2a: Pecharunt|Recover|p2a: Pecharunt
|-heal|p2a: Pecharunt|92/100
|move|p1a: Gliscor|Agility|p1a: Gliscor
|-boost|p1a: Gliscor|spe|2
|
|-heal|p1a: Gliscor|63/100 tox|[from] ability: Poison Heal
|upkeep
|turn|28
|inactive|imperimento has 120 seconds left.
|
|t:|1780904195
|move|p1a: Gliscor|Swords Dance|p1a: Gliscor
|-boost|p1a: Gliscor|atk|2
|move|p2a: Pecharunt|Nasty Plot|p2a: Pecharunt
|-boost|p2a: Pecharunt|spa|2
|
|-heal|p1a: Gliscor|75/100 tox|[from] ability: Poison Heal
|upkeep
|turn|29
|inactive|imperimento has 120 seconds left.
|
|t:|1780904223
|-terastallize|p2a: Pecharunt|Water
|move|p1a: Gliscor|Earthquake|p2a: Pecharunt
|-damage|p2a: Pecharunt|41/100
|move|p2a: Pecharunt|Shadow Ball|p1a: Gliscor
|-damage|p1a: Gliscor|5/100 tox
|
|-heal|p1a: Gliscor|17/100 tox|[from] ability: Poison Heal
|upkeep
|turn|30
|
|t:|1780904233
|move|p1a: Gliscor|Earthquake|p2a: Pecharunt
|-damage|p2a: Pecharunt|0 fnt
|faint|p2a: Pecharunt
|
|-heal|p1a: Gliscor|30/100 tox|[from] ability: Poison Heal
|upkeep
|
|t:|1780904244
|switch|p2a: Walking Wake|Walking Wake|100/100
|turn|31
|
|t:|1780904248
|move|p1a: Gliscor|Earthquake|p2a: Walking Wake
|-damage|p2a: Walking Wake|4/100
|move|p2a: Walking Wake|Surf|p1a: Gliscor
|-supereffective|p1a: Gliscor
|-damage|p1a: Gliscor|0 fnt
|faint|p1a: Gliscor
|
|win|imperimento
|raw|warning 1313's rating: 1569 &rarr; <strong>1555</strong><br />(-14 for losing)
|raw|imperimento's rating: 1685 &rarr; <strong>1699</strong><br />(+14 for winning)
|l|☆warning 1313
|player|p1|
|l|☆imperimento
|player|p2|
|j|☆imperimento
|player|p2|imperimento|169|
