|j|☆isaac_gam3r
|j|‽LT_Alt1
|t:|1781153452
|gametype|singles
|player|p1|isaac_gam3r|acetrainer-gen4dp|1783
|player|p2|LT_Alt1|266|1673
|gen|9
|tier|[Gen 9] OU
|rated|
|rule|HP Percentage Mod: HP is shown in percentages
|rule|Endless Battle Clause: Forcing endless battles is banned
|rule|Species Clause: Limit one of each Pokémon
|rule|OHKO Clause: OHKO moves are banned
|rule|Evasion Items Clause: Evasion items are banned
|rule|Evasion Moves Clause: Evasion moves are banned
|rule|Evasion Abilities Clause: Evasion abilities are banned
|rule|Sleep Moves Clause: Sleep-inducing moves are banned
|clearpoke
|poke|p1|Primarina, F|
|poke|p1|Raging Bolt|
|poke|p1|Heatran, M|
|poke|p1|Weezing-Galar, M|
|poke|p1|Garchomp, M|
|poke|p1|Weavile, F|
|poke|p2|Kyurem|
|poke|p2|Raging Bolt|
|poke|p2|Hatterene, F|
|poke|p2|Slowking-Galar, M|
|poke|p2|Ting-Lu|
|poke|p2|Corviknight, F|
|teampreview
|
|t:|1781153466
|teamsize|p1|6
|teamsize|p2|6
|start
|switch|p1a: Primarina|Primarina, F, shiny|100/100
|switch|p2a: Corviknight|Corviknight, F|100/100
|-ability|p2a: Corviknight|Pressure
|turn|1
|
|t:|1781153473
|switch|p2a: Slowking|Slowking-Galar, M|100/100
|move|p1a: Primarina|Calm Mind|p1a: Primarina
|-boost|p1a: Primarina|spa|1
|-boost|p1a: Primarina|spd|1
|
|upkeep
|turn|2
|
|t:|1781153477
|move|p1a: Primarina|Calm Mind|p1a: Primarina
|-boost|p1a: Primarina|spa|1
|-boost|p1a: Primarina|spd|1
|move|p2a: Slowking|Sludge Bomb|p1a: Primarina
|-supereffective|p1a: Primarina
|-damage|p1a: Primarina|74/100
|
|-heal|p1a: Primarina|80/100|[from] item: Leftovers
|upkeep
|turn|3
|
|t:|1781153481
|move|p1a: Primarina|Sparkling Aria|p2a: Slowking
|-damage|p2a: Slowking|36/100
|move|p2a: Slowking|Sludge Bomb|p1a: Primarina
|-supereffective|p1a: Primarina
|-damage|p1a: Primarina|53/100
|-status|p1a: Primarina|psn
|
|-heal|p1a: Primarina|59/100 psn|[from] item: Leftovers
|-damage|p1a: Primarina|47/100 psn|[from] psn
|upkeep
|turn|4
|
|t:|1781153487
|move|p1a: Primarina|Sparkling Aria|p2a: Slowking
|-damage|p2a: Slowking|0 fnt
|faint|p2a: Slowking
|
|-heal|p1a: Primarina|53/100 psn|[from] item: Leftovers
|-damage|p1a: Primarina|41/100 psn|[from] psn
|upkeep
|
|t:|1781153492
|switch|p2a: Raging Bolt|Raging Bolt|100/100
|turn|5
|inactive|Battle timer is ON: inactive players will automatically lose when time's up. (requested by isaac_gam3r)
|
|t:|1781153498
|move|p2a: Raging Bolt|Thunderbolt|p1a: Primarina
|-supereffective|p1a: Primarina
|-damage|p1a: Primarina|0 fnt
|faint|p1a: Primarina
|
|upkeep
|
|t:|1781153502
|switch|p1a: Heatran|Heatran, M|100/100
|turn|6
|
|t:|1781153507
|move|p2a: Raging Bolt|Thunderbolt|p1a: Heatran
|-damage|p1a: Heatran|70/100
|move|p1a: Heatran|Earth Power|p2a: Raging Bolt
|-supereffective|p2a: Raging Bolt
|-damage|p2a: Raging Bolt|67/100
|
|upkeep
|turn|7
|
|t:|1781153514
|move|p2a: Raging Bolt|Thunderbolt|p1a: Heatran
|-damage|p1a: Heatran|40/100
|move|p1a: Heatran|Earth Power|p2a: Raging Bolt
|-supereffective|p2a: Raging Bolt
|-damage|p2a: Raging Bolt|35/100
|
|upkeep
|turn|8
|
|t:|1781153520
|switch|p1a: Garchomp|Garchomp, M|100/100
|move|p2a: Raging Bolt|Thunderbolt|p1a: Garchomp
|-immune|p1a: Garchomp
|
|upkeep
|turn|9
|
|t:|1781153523
|move|p1a: Garchomp|Earthquake|p2a: Raging Bolt
|-supereffective|p2a: Raging Bolt
|-damage|p2a: Raging Bolt|0 fnt
|faint|p2a: Raging Bolt
|-end|p2a: Raging Bolt|Protosynthesis|[silent]
|
|upkeep
|
|t:|1781153527
|switch|p2a: Kyurem|Kyurem|100/100
|-ability|p2a: Kyurem|Pressure
|turn|10
|
|t:|1781153533
|move|p1a: Garchomp|Earthquake|p2a: Kyurem
|-damage|p2a: Kyurem|48/100
|move|p2a: Kyurem|Freeze-Dry|p1a: Garchomp
|-supereffective|p1a: Garchomp
|-damage|p1a: Garchomp|0 fnt
|faint|p1a: Garchomp
|
|upkeep
|
|t:|1781153535
|switch|p1a: Weavile|Weavile, F|100/100
|-ability|p1a: Weavile|Pressure
|turn|11
|
|t:|1781153539
|move|p1a: Weavile|Knock Off|p2a: Kyurem
|-damage|p2a: Kyurem|2/100
|-enditem|p2a: Kyurem|Choice Specs|[from] move: Knock Off|[of] p1a: Weavile
|move|p2a: Kyurem|Freeze-Dry|p1a: Weavile
|-resisted|p1a: Weavile
|-damage|p1a: Weavile|77/100
|
|upkeep
|turn|12
|
|t:|1781153553
|move|p1a: Weavile|Knock Off|p2a: Kyurem
|-damage|p2a: Kyurem|0 fnt
|faint|p2a: Kyurem
|
|upkeep
|
|t:|1781153559
|switch|p2a: Corviknight|Corviknight, F|100/100
|-ability|p2a: Corviknight|Pressure
|turn|13
|
|t:|1781153563
|switch|p2a: Hatterene|Hatterene, F|100/100
|move|p1a: Weavile|Knock Off|p2a: Hatterene
|-damage|p2a: Hatterene|54/100
|-enditem|p2a: Hatterene|Leftovers|[from] move: Knock Off|[of] p1a: Weavile
|
|upkeep
|turn|14
|
|t:|1781153568
|move|p1a: Weavile|Triple Axel|p2a: Hatterene
|-damage|p2a: Hatterene|44/100
|-damage|p2a: Hatterene|25/100
|-damage|p2a: Hatterene|0 fnt
|faint|p2a: Hatterene
|-hitcount|p2: Hatterene|3
|
|upkeep
|
|t:|1781153570
|switch|p2a: Corviknight|Corviknight, F|100/100
|-ability|p2a: Corviknight|Pressure
|turn|15
|
|t:|1781153573
|move|p1a: Weavile|Knock Off|p2a: Corviknight
|-damage|p2a: Corviknight|68/100
|-damage|p1a: Weavile|61/100|[from] item: Rocky Helmet|[of] p2a: Corviknight
|-enditem|p2a: Corviknight|Rocky Helmet|[from] move: Knock Off|[of] p1a: Weavile
|move|p2a: Corviknight|Body Press|p1a: Weavile
|-supereffective|p1a: Weavile
|-damage|p1a: Weavile|0 fnt
|faint|p1a: Weavile
|
|upkeep
|
|t:|1781153575
|switch|p1a: Raging Bolt|Raging Bolt|100/100
|turn|16
|
|t:|1781153578
|switch|p2a: Ting-Lu|Ting-Lu|100/100
|-ability|p2a: Ting-Lu|Vessel of Ruin
|move|p1a: Raging Bolt|Calm Mind|p1a: Raging Bolt
|-boost|p1a: Raging Bolt|spa|1
|-boost|p1a: Raging Bolt|spd|1
|
|upkeep
|turn|17
|
|t:|1781153581
|-terastallize|p1a: Raging Bolt|Fairy
|move|p1a: Raging Bolt|Calm Mind|p1a: Raging Bolt
|-boost|p1a: Raging Bolt|spa|1
|-boost|p1a: Raging Bolt|spd|1
|move|p2a: Ting-Lu|Earthquake|p1a: Raging Bolt
|-crit|p1a: Raging Bolt
|-damage|p1a: Raging Bolt|51/100
|
|-heal|p1a: Raging Bolt|57/100|[from] item: Leftovers
|upkeep
|turn|18
|
|t:|1781153585
|move|p1a: Raging Bolt|Dragon Pulse|p2a: Ting-Lu
|-damage|p2a: Ting-Lu|57/100
|move|p2a: Ting-Lu|Whirlwind|p1a: Raging Bolt
|-end|p1a: Raging Bolt|Protosynthesis|[silent]
|drag|p1a: Weezing|Weezing-Galar, M, shiny|100/100
|
|-heal|p2a: Ting-Lu|63/100|[from] item: Leftovers
|upkeep
|turn|19
|
|t:|1781153594
|move|p1a: Weezing|Will-O-Wisp|p2a: Ting-Lu
|-status|p2a: Ting-Lu|brn
|move|p2a: Ting-Lu|Earthquake|p1a: Weezing
|-immune|p1a: Weezing|[from] ability: Levitate
|
|-heal|p2a: Ting-Lu|70/100 brn|[from] item: Leftovers
|-damage|p2a: Ting-Lu|63/100 brn|[from] brn
|upkeep
|turn|20
|
|t:|1781153599
|move|p1a: Weezing|Strange Steam|p2a: Ting-Lu
|-supereffective|p2a: Ting-Lu
|-damage|p2a: Ting-Lu|36/100 brn
|move|p2a: Ting-Lu|Ruination|p1a: Weezing
|-damage|p1a: Weezing|50/100
|
|-heal|p1a: Weezing|56/100|[from] item: Black Sludge
|-heal|p2a: Ting-Lu|43/100 brn|[from] item: Leftovers
|-damage|p2a: Ting-Lu|36/100 brn|[from] brn
|upkeep
|turn|21
|-message|LT_Alt1 forfeited.
|
|win|isaac_gam3r
|raw|isaac_gam3r's rating: 1783 &rarr; <strong>1797</strong><br />(+14 for winning)
|raw|LT_Alt1's rating: 1673 &rarr; <strong>1659</strong><br />(-14 for losing)
|l|‽LT_Alt1
|player|p2|
|l|☆isaac_gam3r
|player|p1|
