|j|☆KingCSAlt
|j|☆cataclyst03
|t:|1781212276
|gametype|singles
|player|p1|KingCSAlt|psychicf|1541
|player|p2|cataclyst03|hilbert|1585
|gen|9
|tier|[Gen 9] OU
|rated|
|rule|HP Percentage Mod: HP is shown in percentages
|rule|Endless Battle Clause: Forcing endless battles is banned
|rule|Species Clause: Limit one of each Pokémon
|rule|OHKO Clause: OHKO moves are banned
|rule|Evasion Items Clause: Evasion items are banned
|rule|Evasion Moves Clause: Evasion moves are banned
|rule|Evasion Abilities Clause: Evasion abilities are banned
|rule|Sleep Moves Clause: Sleep-inducing moves are banned
|clearpoke
|poke|p1|Scrafty, M|
|poke|p1|Hatterene, F|
|poke|p1|Gholdengo|
|poke|p1|Zapdos|
|poke|p1|Ogerpon, F|
|poke|p1|Great Tusk|
|poke|p2|Gallade, M|
|poke|p2|Indeedee, M|
|poke|p2|Hatterene, F|
|poke|p2|Dragapult, M|
|poke|p2|Kingambit, M|
|poke|p2|Ursaluna, F|
|teampreview
|inactive|Battle timer is ON: inactive players will automatically lose when time's up. (requested by cataclyst03)
|inactive|KingCSAlt has 120 seconds left.
|
|t:|1781212312
|teamsize|p1|6
|teamsize|p2|6
|start
|switch|p1a: Scrafty|Scrafty, M, shiny|100/100
|switch|p2a: Indeedee|Indeedee, M|100/100
|-fieldstart|move: Psychic Terrain|[from] ability: Psychic Surge|[of] p2a: Indeedee
|-ability|p1a: Scrafty|Intimidate|boost
|-unboost|p2a: Indeedee|atk|1
|turn|1
|
|t:|1781212319
|move|p2a: Indeedee|Dazzling Gleam|p1a: Scrafty
|-supereffective|p1a: Scrafty
|-damage|p1a: Scrafty|31/100
|move|p1a: Scrafty|Knock Off|p2a: Indeedee
|-supereffective|p2a: Indeedee
|-damage|p2a: Indeedee|0 fnt
|-enditem|p2a: Indeedee|Terrain Extender|[from] move: Knock Off|[of] p1a: Scrafty
|faint|p2a: Indeedee
|
|-heal|p1a: Scrafty|37/100|[from] item: Leftovers
|upkeep
|
|t:|1781212326
|switch|p2a: Gallade|Gallade, M|100/100
|turn|2
|
|t:|1781212330
|move|p1a: Scrafty|Protect|p1a: Scrafty
|-singleturn|p1a: Scrafty|Protect
|move|p2a: Gallade|Agility|p2a: Gallade
|-boost|p2a: Gallade|spe|2
|
|-heal|p1a: Scrafty|44/100|[from] item: Leftovers
|upkeep
|turn|3
|
|t:|1781212351
|switch|p1a: Hatterene|Hatterene, F|100/100
|move|p2a: Gallade|Night Slash|p1a: Hatterene
|-crit|p1a: Hatterene
|-damage|p1a: Hatterene|20/100
|-damage|p2a: Gallade|91/100|[from] item: Life Orb
|
|upkeep
|turn|4
|
|t:|1781212368
|move|p2a: Gallade|Psycho Cut|p1a: Hatterene
|-resisted|p1a: Hatterene
|-damage|p1a: Hatterene|0 fnt
|faint|p1a: Hatterene
|-damage|p2a: Gallade|81/100|[from] item: Life Orb
|
|upkeep
|
|t:|1781212373
|switch|p1a: Scrafty|Scrafty, M, shiny|44/100
|-ability|p1a: Scrafty|Intimidate|boost
|-unboost|p2a: Gallade|atk|1
|turn|5
|
|t:|1781212380
|move|p1a: Scrafty|Protect|p1a: Scrafty
|-singleturn|p1a: Scrafty|Protect
|move|p2a: Gallade|Agility|p2a: Gallade
|-boost|p2a: Gallade|spe|2
|
|-heal|p1a: Scrafty|50/100|[from] item: Leftovers
|upkeep
|turn|6
|
|t:|1781212401
|-terastallize|p1a: Scrafty|Poison
|move|p2a: Gallade|Sacred Sword|p1a: Scrafty
|-resisted|p1a: Scrafty
|-damage|p1a: Scrafty|25/100
|-damage|p2a: Gallade|71/100|[from] item: Life Orb
|move|p1a: Scrafty|Knock Off|p2a: Gallade
|-damage|p2a: Gallade|5/100
|-enditem|p2a: Gallade|Life Orb|[from] move: Knock Off|[of] p1a: Scrafty
|
|-heal|p1a: Scrafty|31/100|[from] item: Leftovers
|upkeep
|turn|7
|
|t:|1781212412
|move|p1a: Scrafty|Protect|p1a: Scrafty
|-singleturn|p1a: Scrafty|Protect
|move|p2a: Gallade|Psycho Cut|p1a: Scrafty
|-activate|p1a: Scrafty|move: Protect
|
|-heal|p1a: Scrafty|37/100|[from] item: Leftovers
|upkeep
|turn|8
|inactive|KingCSAlt has 120 seconds left.
|
|t:|1781212439
|switch|p1a: Gholdengo|Gholdengo|100/100
|move|p2a: Gallade|Psycho Cut|p1a: Gholdengo
|-resisted|p1a: Gholdengo
|-crit|p1a: Gholdengo
|-damage|p1a: Gholdengo|35/100
|
|-fieldend|move: Psychic Terrain
|upkeep
|turn|9
|
|t:|1781212453
|move|p2a: Gallade|Night Slash|p1a: Gholdengo
|-supereffective|p1a: Gholdengo
|-damage|p1a: Gholdengo|0 fnt
|faint|p1a: Gholdengo
|
|upkeep
|
|t:|1781212462
|switch|p1a: Zapdos|Zapdos|100/100
|turn|10
|
|t:|1781212469
|switch|p2a: Ursaluna|Ursaluna, F|100/100
|move|p1a: Zapdos|Volt Switch|p2a: Ursaluna
|-immune|p2a: Ursaluna
|
|-status|p2a: Ursaluna|brn|[from] item: Flame Orb
|upkeep
|turn|11
|inactive|KingCSAlt has 120 seconds left.
|
|t:|1781212483
|switch|p1a: Scrafty|Scrafty, M, shiny, tera:Poison|37/100
|-ability|p1a: Scrafty|Intimidate|boost
|-unboost|p2a: Ursaluna|atk|1
|move|p2a: Ursaluna|Facade|p1a: Scrafty
|-damage|p1a: Scrafty|0 fnt
|faint|p1a: Scrafty
|
|-damage|p2a: Ursaluna|94/100 brn|[from] brn
|upkeep
|inactive|KingCSAlt has 120 seconds left.
|
|t:|1781212498
|switch|p1a: Ogerpon|Ogerpon, F|100/100
|turn|12
|
|t:|1781212509
|switch|p2a: Gallade|Gallade, M|5/100
|move|p1a: Ogerpon|Ivy Cudgel|p2a: Gallade
|-damage|p2a: Gallade|0 fnt
|faint|p2a: Gallade
|
|upkeep
|
|t:|1781212520
|switch|p2a: Hatterene|Hatterene, F|100/100
|turn|13
|
|t:|1781212530
|switch|p1a: Zapdos|Zapdos|100/100
|move|p2a: Hatterene|Draining Kiss|p1a: Zapdos
|-damage|p1a: Zapdos|80/100
|
|upkeep
|turn|14
|
|t:|1781212545
|switch|p2a: Dragapult|Dragapult, M|100/100
|move|p1a: Zapdos|Hurricane|p2a: Dragapult
|-damage|p2a: Dragapult|32/100
|-start|p2a: Dragapult|confusion
|
|upkeep
|turn|15
|
|t:|1781212560
|-activate|p2a: Dragapult|confusion
|-damage|p2a: Dragapult|20/100|[from] confusion
|move|p1a: Zapdos|Hurricane|p2a: Dragapult|[miss]
|-miss|p1a: Zapdos|p2a: Dragapult
|
|upkeep
|turn|16
|
|t:|1781212564
|-activate|p2a: Dragapult|confusion
|-damage|p2a: Dragapult|6/100|[from] confusion
|move|p1a: Zapdos|Roost|p1a: Zapdos
|-heal|p1a: Zapdos|100/100
|-singleturn|p1a: Zapdos|move: Roost
|
|upkeep
|turn|17
|
|t:|1781212569
|-activate|p2a: Dragapult|confusion
|move|p2a: Dragapult|Draco Meteor|p1a: Zapdos
|-damage|p1a: Zapdos|16/100
|-unboost|p2a: Dragapult|spa|2
|move|p1a: Zapdos|Volt Switch|p2a: Dragapult
|-resisted|p2a: Dragapult
|-damage|p2a: Dragapult|0 fnt
|faint|p2a: Dragapult
|
|t:|1781212579
|switch|p1a: Great Tusk|Great Tusk|100/100|[from] Volt Switch
|
|upkeep
|
|t:|1781212586
|switch|p2a: Hatterene|Hatterene, F|100/100
|turn|18
|
|t:|1781212592
|move|p1a: Great Tusk|Headlong Rush|p2a: Hatterene
|-damage|p2a: Hatterene|48/100
|-unboost|p1a: Great Tusk|def|1
|-unboost|p1a: Great Tusk|spd|1
|-enditem|p2a: Hatterene|Eject Button
|
|t:|1781212596
|switch|p2a: Ursaluna|Ursaluna, F|94/100 brn
|
|-damage|p2a: Ursaluna|88/100 brn|[from] brn
|upkeep
|turn|19
|
|t:|1781212602
|move|p1a: Great Tusk|Headlong Rush|p2a: Ursaluna
|-damage|p2a: Ursaluna|34/100 brn
|-unboost|p1a: Great Tusk|def|1
|-unboost|p1a: Great Tusk|spd|1
|move|p2a: Ursaluna|Trailblaze|p1a: Great Tusk
|-supereffective|p1a: Great Tusk
|-damage|p1a: Great Tusk|16/100
|-boost|p2a: Ursaluna|spe|1
|
|-damage|p2a: Ursaluna|28/100 brn|[from] brn
|upkeep
|turn|20
|
|t:|1781212610
|move|p2a: Ursaluna|Trailblaze|p1a: Great Tusk
|-supereffective|p1a: Great Tusk
|-damage|p1a: Great Tusk|0 fnt
|-boost|p2a: Ursaluna|spe|1
|faint|p1a: Great Tusk
|-end|p1a: Great Tusk|Protosynthesis|[silent]
|
|-damage|p2a: Ursaluna|22/100 brn|[from] brn
|upkeep
|
|t:|1781212616
|switch|p1a: Zapdos|Zapdos|16/100
|turn|21
|
|t:|1781212621
|move|p2a: Ursaluna|Facade|p1a: Zapdos
|-damage|p1a: Zapdos|0 fnt
|faint|p1a: Zapdos
|
|-damage|p2a: Ursaluna|15/100 brn|[from] brn
|upkeep
|
|t:|1781212625
|switch|p1a: Ogerpon|Ogerpon, F|100/100
|turn|22
|
|t:|1781212627
|-terastallize|p2a: Ursaluna|Normal
|move|p2a: Ursaluna|Facade|p1a: Ogerpon
|-damage|p1a: Ogerpon|0 fnt
|faint|p1a: Ogerpon
|
|win|cataclyst03
|raw|KingCSAlt's rating: 1541 &rarr; <strong>1524</strong><br />(-17 for losing)
|raw|cataclyst03's rating: 1585 &rarr; <strong>1602</strong><br />(+17 for winning)
|l|☆cataclyst03
|player|p2|
|l|☆KingCSAlt
|player|p1|
