|j|☆leltrell
|j|☆fearow sniper
|t:|1780977641
|gametype|singles
|player|p1|leltrell|265|1548
|player|p2|fearow sniper|backersf|1521
|gen|9
|tier|[Gen 9] OU
|rated|
|rule|HP Percentage Mod: HP is shown in percentages
|rule|Endless Battle Clause: Forcing endless battles is banned
|rule|Species Clause: Limit one of each Pokémon
|rule|OHKO Clause: OHKO moves are banned
|rule|Evasion Items Clause: Evasion items are banned
|rule|Evasion Moves Clause: Evasion moves are banned
|rule|Evasion Abilities Clause: Evasion abilities are banned
|rule|Sleep Moves Clause: Sleep-inducing moves are banned
|clearpoke
|poke|p1|Alomomola, F|
|poke|p1|Sinistcha-Masterpiece|
|poke|p1|Gliscor, F|
|poke|p1|Blissey, F|
|poke|p1|Iron Treads|
|poke|p1|Meowscarada, F|
|poke|p2|Mamoswine, F|
|poke|p2|Raging Bolt|
|poke|p2|Hatterene, F|
|poke|p2|Corviknight, F|
|poke|p2|Heatran, F|
|poke|p2|Zamazenta-*|
|teampreview
|inactive|Battle timer is ON: inactive players will automatically lose when time's up. (requested by leltrell)
|
|t:|1780977649
|teamsize|p1|6
|teamsize|p2|6
|start
|switch|p1a: Meowscarada|Meowscarada, F|100/100
|switch|p2a: Ice on my tusk|Mamoswine, F|100/100
|turn|1
|
|t:|1780977656
|-terastallize|p2a: Ice on my tusk|Ice
|move|p2a: Ice on my tusk|Ice Shard|p1a: Meowscarada
|-supereffective|p1a: Meowscarada
|-damage|p1a: Meowscarada|0 fnt
|faint|p1a: Meowscarada
|
|upkeep
|
|t:|1780977663
|switch|p1a: Alomomola|Alomomola, F|100/100
|turn|2
|
|t:|1780977667
|move|p2a: Ice on my tusk|Freeze-Dry|p1a: Alomomola
|-supereffective|p1a: Alomomola
|-damage|p1a: Alomomola|35/100
|move|p1a: Alomomola|Flip Turn|p2a: Ice on my tusk
|-damage|p2a: Ice on my tusk|81/100
|
|t:|1780977675
|switch|p1a: Iron Treads|Iron Treads|100/100|[from] Flip Turn
|
|upkeep
|turn|3
|
|t:|1780977685
|move|p1a: Iron Treads|Earthquake|p2a: Ice on my tusk
|-damage|p2a: Ice on my tusk|31/100
|move|p2a: Ice on my tusk|Icicle Crash|p1a: Iron Treads
|-damage|p1a: Iron Treads|33/100
|
|-heal|p1a: Iron Treads|40/100|[from] item: Leftovers
|upkeep
|turn|4
|
|t:|1780977694
|switch|p2a: LeLouch|Corviknight, F|100/100
|-ability|p2a: LeLouch|Pressure
|move|p1a: Iron Treads|Earthquake|p2a: LeLouch
|-immune|p2a: LeLouch
|
|-heal|p1a: Iron Treads|46/100|[from] item: Leftovers
|upkeep
|turn|5
|
|t:|1780977703
|-end|p1a: Iron Treads|Quark Drive|[silent]
|switch|p1a: Gliscor|Gliscor, F|100/100
|switch|p2a: Hi 5|Hatterene, F|100/100
|
|-status|p1a: Gliscor|tox|[from] item: Toxic Orb
|upkeep
|turn|6
|
|t:|1780977713
|move|p1a: Gliscor|Earthquake|p2a: Hi 5
|-damage|p2a: Hi 5|75/100
|-enditem|p2a: Hi 5|Eject Button
|
|t:|1780977718
|switch|p2a: Ice on my tusk|Mamoswine, F, tera:Ice|31/100
|
|upkeep
|turn|7
|
|t:|1780977724
|switch|p2a: LeLouch|Corviknight, F|100/100
|-ability|p2a: LeLouch|Pressure
|switch|p1a: Alomomola|Alomomola, F|69/100
|
|upkeep
|turn|8
|
|t:|1780977737
|move|p2a: LeLouch|U-turn|p1a: Alomomola
|-damage|p1a: Alomomola|62/100
|
|t:|1780977739
|switch|p2a: Hi 5|Hatterene, F|75/100|[from] U-turn
|move|p1a: Alomomola|Flip Turn|p2a: Hi 5
|-damage|p2a: Hi 5|61/100
|
|t:|1780977746
|switch|p1a: Iron Treads|Iron Treads|46/100|[from] Flip Turn
|
|-heal|p1a: Iron Treads|52/100|[from] item: Leftovers
|upkeep
|turn|9
|
|t:|1780977752
|move|p1a: Iron Treads|Earthquake|p2a: Hi 5
|-damage|p2a: Hi 5|19/100
|move|p2a: Hi 5|Healing Wish|p2a: Hi 5
|faint|p2a: Hi 5
|
|-heal|p1a: Iron Treads|58/100|[from] item: Leftovers
|upkeep
|
|t:|1780977762
|switch|p2a: Ice on my tusk|Mamoswine, F, tera:Ice|31/100
|-heal|p2a: Ice on my tusk|100/100|[from] move: Healing Wish
|turn|10
|
|t:|1780977769
|move|p1a: Iron Treads|Knock Off|p2a: Ice on my tusk
|-damage|p2a: Ice on my tusk|66/100
|-enditem|p2a: Ice on my tusk|Never-Melt Ice|[from] move: Knock Off|[of] p1a: Iron Treads
|move|p2a: Ice on my tusk|Icicle Crash|p1a: Iron Treads
|-damage|p1a: Iron Treads|1/100
|
|-heal|p1a: Iron Treads|7/100|[from] item: Leftovers
|upkeep
|turn|11
|
|t:|1780977777
|-end|p1a: Iron Treads|Quark Drive|[silent]
|switch|p1a: Alomomola|Alomomola, F|95/100
|move|p2a: Ice on my tusk|Ice Shard|p1a: Alomomola
|-resisted|p1a: Alomomola
|-damage|p1a: Alomomola|86/100
|
|upkeep
|turn|12
|
|t:|1780977783
|move|p2a: Ice on my tusk|Freeze-Dry|p1a: Alomomola
|-supereffective|p1a: Alomomola
|-damage|p1a: Alomomola|29/100
|move|p1a: Alomomola|Tickle|p2a: Ice on my tusk
|-unboost|p2a: Ice on my tusk|atk|1
|-unboost|p2a: Ice on my tusk|def|1
|
|upkeep
|turn|13
|
|t:|1780977793
|switch|p1a: Blissey|Blissey, F|100/100
|move|p2a: Ice on my tusk|Freeze-Dry|p1a: Blissey
|-damage|p1a: Blissey|93/100
|
|upkeep
|turn|14
|j| hongyi233
|
|t:|1780977802
|switch|p2a: HeatRan2Atlanta|Heatran, F|100/100
|move|p1a: Blissey|Thunder Wave|p2a: HeatRan2Atlanta
|-status|p2a: HeatRan2Atlanta|par
|
|upkeep
|turn|15
|
|t:|1780977809
|move|p1a: Blissey|Stealth Rock|p2a: HeatRan2Atlanta
|-sidestart|p2: fearow sniper|move: Stealth Rock
|cant|p2a: HeatRan2Atlanta|par
|
|upkeep
|turn|16
|
|t:|1780977817
|switch|p1a: Gliscor|Gliscor, F|100/100 tox
|move|p2a: HeatRan2Atlanta|Stealth Rock|p1a: Gliscor
|-sidestart|p1: leltrell|move: Stealth Rock
|
|upkeep
|turn|17
|
|t:|1780977825
|switch|p2a: LeLouch|Corviknight, F|100/100
|-damage|p2a: LeLouch|88/100|[from] Stealth Rock
|-ability|p2a: LeLouch|Pressure
|move|p1a: Gliscor|Earthquake|p2a: LeLouch
|-immune|p2a: LeLouch
|
|upkeep
|turn|18
|
|t:|1780977834
|move|p1a: Gliscor|Spikes|p2a: LeLouch
|-sidestart|p2: fearow sniper|Spikes
|move|p2a: LeLouch|Defog|p1a: Gliscor
|-unboost|p1a: Gliscor|evasion|1
|-sideend|p1: leltrell|Stealth Rock|[from] move: Defog|[of] p2a: LeLouch
|-sideend|p2: fearow sniper|Spikes|[from] move: Defog|[of] p2a: LeLouch
|-sideend|p2: fearow sniper|Stealth Rock|[from] move: Defog|[of] p2a: LeLouch
|
|upkeep
|turn|19
|
|t:|1780977842
|switch|p1a: Alomomola|Alomomola, F|62/100
|switch|p2a: Ice on my tusk|Mamoswine, F, tera:Ice|66/100
|
|upkeep
|turn|20
|
|t:|1780977855
|switch|p1a: Blissey|Blissey, F|93/100
|move|p2a: Ice on my tusk|Freeze-Dry|p1a: Blissey
|-damage|p1a: Blissey|85/100
|
|upkeep
|turn|21
|
|t:|1780977866
|switch|p2a: HeatRan2Atlanta|Heatran, F|100/100 par
|move|p1a: Blissey|Thunder Wave|p2a: HeatRan2Atlanta
|-fail|p2a: HeatRan2Atlanta|par
|
|upkeep
|turn|22
|
|t:|1780977879
|switch|p1a: Alomomola|Alomomola, F|95/100
|switch|p2a: Zazazenta|Zamazenta|100/100
|-ability|p2a: Zazazenta|Dauntless Shield|boost
|-boost|p2a: Zazazenta|def|1
|
|upkeep
|turn|23
|
|t:|1780977891
|switch|p2a: Raging Neck|Raging Bolt|100/100
|move|p1a: Alomomola|Tickle|p2a: Raging Neck
|-unboost|p2a: Raging Neck|atk|1
|-unboost|p2a: Raging Neck|def|1
|
|upkeep
|turn|24
|
|t:|1780977899
|switch|p1a: Blissey|Blissey, F|85/100
|move|p2a: Raging Neck|Draco Meteor|p1a: Blissey
|-damage|p1a: Blissey|48/100
|-unboost|p2a: Raging Neck|spa|2
|
|upkeep
|turn|25
|
|t:|1780977908
|-end|p2a: Raging Neck|Protosynthesis|[silent]
|switch|p2a: Zazazenta|Zamazenta|100/100
|move|p1a: Blissey|Soft-Boiled|p1a: Blissey
|-heal|p1a: Blissey|98/100
|
|upkeep
|turn|26
|
|t:|1780977914
|switch|p2a: Raging Neck|Raging Bolt|100/100
|switch|p1a: Sinistcha|Sinistcha-Masterpiece|100/100
|
|upkeep
|turn|27
|
|t:|1780977922
|move|p2a: Raging Neck|Draco Meteor|p1a: Sinistcha
|-damage|p1a: Sinistcha|0 fnt
|-unboost|p2a: Raging Neck|spa|2
|faint|p1a: Sinistcha
|
|upkeep
|
|t:|1780977927
|switch|p1a: Gliscor|Gliscor, F|100/100 tox
|turn|28
|-message|leltrell forfeited.
|
|win|fearow sniper
|raw|leltrell's rating: 1548 &rarr; <strong>1526</strong><br />(-22 for losing)
|raw|fearow sniper's rating: 1521 &rarr; <strong>1543</strong><br />(+22 for winning)
|l|☆leltrell
|player|p1|
|c|☆fearow sniper|ez
|c|☆fearow sniper|stall is ahh
|l|☆fearow sniper
|player|p2|
