|j|☆Vitriso
|j|☆KurisuChestnutOU
|t:|1781173804
|gametype|singles
|player|p1|Vitriso|102|1503
|player|p2|KurisuChestnutOU|may-contest|1575
|gen|9
|tier|[Gen 9] OU
|rated|
|rule|HP Percentage Mod: HP is shown in percentages
|rule|Endless Battle Clause: Forcing endless battles is banned
|rule|Species Clause: Limit one of each Pokémon
|rule|OHKO Clause: OHKO moves are banned
|rule|Evasion Items Clause: Evasion items are banned
|rule|Evasion Moves Clause: Evasion moves are banned
|rule|Evasion Abilities Clause: Evasion abilities are banned
|rule|Sleep Moves Clause: Sleep-inducing moves are banned
|clearpoke
|poke|p1|Hatterene, F|
|poke|p1|Great Tusk|
|poke|p1|Tornadus-Therian, M|
|poke|p1|Kyurem|
|poke|p1|Slowking-Galar, F|
|poke|p1|Kingambit, M|
|poke|p2|Gliscor, M|
|poke|p2|Dondozo, F|
|poke|p2|Slowking-Galar, F|
|poke|p2|Gholdengo|
|poke|p2|Great Tusk|
|poke|p2|Kingambit, M|
|teampreview
|inactive|Battle timer is ON: inactive players will automatically lose when time's up. (requested by KurisuChestnutOU)
|
|t:|1781173815
|teamsize|p1|6
|teamsize|p2|6
|start
|switch|p1a: Tornadus|Tornadus-Therian, M|100/100
|switch|p2a: Gholdengo|Gholdengo|100/100
|-item|p2a: Gholdengo|Air Balloon
|turn|1
|
|t:|1781173820
|-terastallize|p2a: Gholdengo|Flying
|move|p1a: Tornadus|Heat Wave|p2a: Gholdengo
|-damage|p2a: Gholdengo|72/100
|-enditem|p2a: Gholdengo|Air Balloon
|move|p2a: Gholdengo|Nasty Plot|p2a: Gholdengo
|-boost|p2a: Gholdengo|spa|2
|
|upkeep
|turn|2
|
|t:|1781173833
|move|p1a: Tornadus|U-turn|p2a: Gholdengo
|-resisted|p2a: Gholdengo
|-damage|p2a: Gholdengo|65/100
|
|t:|1781173840
|switch|p1a: Kingambit|Kingambit, M|100/100|[from] U-turn
|move|p2a: Gholdengo|Recover|p2a: Gholdengo
|-heal|p2a: Gholdengo|100/100
|
|upkeep
|turn|3
|
|t:|1781173845
|move|p2a: Gholdengo|Make It Rain|p1a: Kingambit
|-resisted|p1a: Kingambit
|-damage|p1a: Kingambit|42/100
|-unboost|p2a: Gholdengo|spa|1
|move|p1a: Kingambit|Kowtow Cleave|p2a: Gholdengo
|-damage|p2a: Gholdengo|48/100
|
|-heal|p1a: Kingambit|48/100|[from] item: Leftovers
|upkeep
|turn|4
|
|t:|1781173857
|move|p2a: Gholdengo|Make It Rain|p1a: Kingambit
|-resisted|p1a: Kingambit
|-damage|p1a: Kingambit|0 fnt
|-unboost|p2a: Gholdengo|spa|1
|faint|p1a: Kingambit
|-end|p1a: Kingambit|fallenundefined|[silent]
|
|upkeep
|
|t:|1781173860
|switch|p1a: Kyurem|Kyurem|100/100
|-ability|p1a: Kyurem|Pressure
|turn|5
|
|t:|1781173864
|switch|p2a: Slowking|Slowking-Galar, F|100/100
|move|p1a: Kyurem|Ice Beam|p2a: Slowking
|-damage|p2a: Slowking|71/100
|
|upkeep
|turn|6
|
|t:|1781173870
|switch|p1a: Slowking|Slowking-Galar, F|100/100
|move|p2a: Slowking|Sludge Bomb|p1a: Slowking
|-resisted|p1a: Slowking
|-damage|p1a: Slowking|87/100
|
|-heal|p1a: Slowking|93/100|[from] item: Black Sludge
|upkeep
|turn|7
|
|t:|1781173878
|move|p2a: Slowking|Future Sight|p1a: Slowking
|-start|p2a: Slowking|move: Future Sight
|move|p1a: Slowking|Future Sight|p2a: Slowking
|-start|p1a: Slowking|move: Future Sight
|
|-heal|p1a: Slowking|99/100|[from] item: Black Sludge
|upkeep
|turn|8
|
|t:|1781173882
|switch|p2a: Kingambit|Kingambit, M|100/100
|-prepare|p1a: Slowking|Chilly Reception|[premajor]
|move|p1a: Slowking|Chilly Reception|p1a: Slowking
|-weather|Snowscape
|
|t:|1781173891
|switch|p1a: Tornadus|Tornadus-Therian, M|100/100|[from] Chilly Reception
|
|-weather|Snowscape|[upkeep]
|upkeep
|turn|9
|
|t:|1781173894
|move|p1a: Tornadus|Heat Wave|p2a: Kingambit
|-supereffective|p2a: Kingambit
|-damage|p2a: Kingambit|44/100
|move|p2a: Kingambit|Iron Head|p1a: Tornadus
|-damage|p1a: Tornadus|42/100
|
|-weather|Snowscape|[upkeep]
|-end|p1a: Tornadus|move: Future Sight
|-damage|p1a: Tornadus|14/100
|-end|p2a: Kingambit|move: Future Sight
|-immune|p2a: Kingambit
|-heal|p2a: Kingambit|50/100|[from] item: Leftovers
|upkeep
|turn|10
|
|t:|1781173905
|switch|p1a: Great Tusk|Great Tusk|100/100
|move|p2a: Kingambit|Iron Head|p1a: Great Tusk
|-damage|p1a: Great Tusk|63/100
|-damage|p2a: Kingambit|33/100|[from] item: Rocky Helmet|[of] p1a: Great Tusk
|
|-weather|Snowscape|[upkeep]
|-heal|p2a: Kingambit|39/100|[from] item: Leftovers
|upkeep
|turn|11
|
|t:|1781173916
|-end|p2a: Kingambit|fallenundefined|[silent]
|switch|p2a: Great Tusk|Great Tusk|100/100
|move|p1a: Great Tusk|Ice Spinner|p2a: Great Tusk
|-supereffective|p2a: Great Tusk
|-damage|p2a: Great Tusk|59/100
|
|-weather|Snowscape|[upkeep]
|upkeep
|turn|12
|
|t:|1781173923
|-end|p2a: Great Tusk|Protosynthesis|[silent]
|switch|p2a: Dondozo|Dondozo, F|100/100
|-end|p1a: Great Tusk|Protosynthesis|[silent]
|switch|p1a: Tornadus|Tornadus-Therian, M|47/100
|
|-weather|none
|upkeep
|turn|13
|
|t:|1781173928
|move|p1a: Tornadus|Knock Off|p2a: Dondozo
|-damage|p2a: Dondozo|91/100
|-enditem|p2a: Dondozo|Leftovers|[from] move: Knock Off|[of] p1a: Tornadus
|move|p2a: Dondozo|Body Press|p1a: Tornadus
|-resisted|p1a: Tornadus
|-damage|p1a: Tornadus|30/100
|
|upkeep
|turn|14
|
|t:|1781173934
|move|p1a: Tornadus|U-turn|p2a: Dondozo
|-damage|p2a: Dondozo|85/100
|
|t:|1781173936
|switch|p1a: Slowking|Slowking-Galar, F|100/100|[from] U-turn
|move|p2a: Dondozo|Wave Crash|p1a: Slowking
|-crit|p1a: Slowking
|-damage|p1a: Slowking|59/100
|-damage|p2a: Dondozo|74/100|[from] Recoil
|
|-heal|p1a: Slowking|65/100|[from] item: Black Sludge
|upkeep
|turn|15
|
|t:|1781173943
|switch|p2a: Gholdengo|Gholdengo, tera:Flying|48/100
|move|p1a: Slowking|Future Sight|p2a: Gholdengo
|-start|p1a: Slowking|move: Future Sight
|
|-heal|p1a: Slowking|71/100|[from] item: Black Sludge
|upkeep
|turn|16
|
|t:|1781173947
|move|p2a: Gholdengo|Make It Rain|p1a: Slowking
|-damage|p1a: Slowking|17/100
|-unboost|p2a: Gholdengo|spa|1
|-prepare|p1a: Slowking|Chilly Reception|[premajor]
|move|p1a: Slowking|Chilly Reception|p1a: Slowking
|-weather|Snowscape
|
|t:|1781173951
|switch|p1a: Kyurem|Kyurem|100/100|[from] Chilly Reception
|-ability|p1a: Kyurem|Pressure
|
|-weather|Snowscape|[upkeep]
|upkeep
|turn|17
|
|t:|1781173955
|switch|p2a: Slowking|Slowking-Galar, F|100/100
|move|p1a: Kyurem|Blizzard|p2a: Slowking
|-damage|p2a: Slowking|69/100
|-status|p2a: Slowking|frz
|
|-weather|Snowscape|[upkeep]
|-end|p2a: Slowking|move: Future Sight
|-damage|p2a: Slowking|52/100 frz
|upkeep
|turn|18
|
|t:|1781173960
|move|p1a: Kyurem|Blizzard|p2a: Slowking
|-crit|p2a: Slowking
|-damage|p2a: Slowking|3/100 frz
|cant|p2a: Slowking|frz
|
|-weather|Snowscape|[upkeep]
|upkeep
|turn|19
|
|t:|1781173966
|move|p1a: Kyurem|Blizzard|p2a: Slowking
|-crit|p2a: Slowking
|-damage|p2a: Slowking|0 fnt
|faint|p2a: Slowking
|
|-weather|Snowscape|[upkeep]
|upkeep
|
|t:|1781173969
|switch|p2a: Gholdengo|Gholdengo, tera:Flying|48/100
|turn|20
|
|t:|1781173979
|move|p1a: Kyurem|Blizzard|p2a: Gholdengo
|-supereffective|p2a: Gholdengo
|-damage|p2a: Gholdengo|0 fnt
|faint|p2a: Gholdengo
|
|-weather|none
|upkeep
|
|t:|1781173986
|switch|p2a: Kingambit|Kingambit, M|39/100
|-activate|p2a: Kingambit|ability: Supreme Overlord
|-start|p2a: Kingambit|fallen2|[silent]
|turn|21
|
|t:|1781173991
|switch|p1a: Great Tusk|Great Tusk|63/100
|move|p2a: Kingambit|Sucker Punch||[still]
|-fail|p2a: Kingambit
|
|-heal|p2a: Kingambit|46/100|[from] item: Leftovers
|upkeep
|turn|22
|
|t:|1781174004
|-end|p2a: Kingambit|fallen2|[silent]
|switch|p2a: Gliscor|Gliscor, M|100/100
|move|p1a: Great Tusk|Headlong Rush|p2a: Gliscor
|-immune|p2a: Gliscor
|
|-status|p2a: Gliscor|tox|[from] item: Toxic Orb
|upkeep
|turn|23
|
|t:|1781174013
|-end|p1a: Great Tusk|Protosynthesis|[silent]
|switch|p1a: Slowking|Slowking-Galar, F|50/100
|move|p2a: Gliscor|Spikes|p1a: Slowking
|-sidestart|p1: Vitriso|Spikes
|
|-heal|p1a: Slowking|56/100|[from] item: Black Sludge
|upkeep
|turn|24
|
|t:|1781174019
|move|p2a: Gliscor|Earthquake|p1a: Slowking
|-supereffective|p1a: Slowking
|-damage|p1a: Slowking|8/100
|-prepare|p1a: Slowking|Chilly Reception|[premajor]
|move|p1a: Slowking|Chilly Reception|p1a: Slowking
|-weather|Snowscape
|
|t:|1781174022
|switch|p1a: Kyurem|Kyurem|100/100|[from] Chilly Reception
|-damage|p1a: Kyurem|88/100|[from] Spikes
|-ability|p1a: Kyurem|Pressure
|
|-weather|Snowscape|[upkeep]
|upkeep
|turn|25
|
|t:|1781174027
|move|p2a: Gliscor|Protect|p2a: Gliscor
|-singleturn|p2a: Gliscor|Protect
|move|p1a: Kyurem|Freeze-Dry|p2a: Gliscor
|-activate|p2a: Gliscor|move: Protect
|
|-weather|Snowscape|[upkeep]
|upkeep
|turn|26
|
|t:|1781174034
|switch|p2a: Kingambit|Kingambit, M|46/100
|-activate|p2a: Kingambit|ability: Supreme Overlord
|-start|p2a: Kingambit|fallen2|[silent]
|-terastallize|p1a: Kyurem|Ice
|move|p1a: Kyurem|Freeze-Dry|p2a: Kingambit
|-resisted|p2a: Kingambit
|-damage|p2a: Kingambit|5/100
|
|-weather|Snowscape|[upkeep]
|-heal|p2a: Kingambit|12/100|[from] item: Leftovers
|upkeep
|turn|27
|
|t:|1781174037
|move|p2a: Kingambit|Sucker Punch|p1a: Kyurem
|-damage|p1a: Kyurem|60/100
|move|p1a: Kyurem|Freeze-Dry|p2a: Kingambit
|-resisted|p2a: Kingambit
|-damage|p2a: Kingambit|0 fnt
|faint|p2a: Kingambit
|-end|p2a: Kingambit|fallen2|[silent]
|
|-weather|Snowscape|[upkeep]
|upkeep
|
|t:|1781174042
|switch|p2a: Gliscor|Gliscor, M|100/100 tox
|turn|28
|
|t:|1781174047
|move|p2a: Gliscor|Protect|p2a: Gliscor
|-singleturn|p2a: Gliscor|Protect
|move|p1a: Kyurem|Freeze-Dry|p2a: Gliscor
|-activate|p2a: Gliscor|move: Protect
|
|-weather|none
|upkeep
|turn|29
|
|t:|1781174050
|move|p2a: Gliscor|Protect||[still]
|-fail|p2a: Gliscor
|move|p1a: Kyurem|Freeze-Dry|p2a: Gliscor
|-supereffective|p2a: Gliscor
|-damage|p2a: Gliscor|0 fnt
|faint|p2a: Gliscor
|
|upkeep
|
|t:|1781174053
|switch|p2a: Great Tusk|Great Tusk|59/100
|turn|30
|
|t:|1781174058
|move|p1a: Kyurem|Freeze-Dry|p2a: Great Tusk
|-supereffective|p2a: Great Tusk
|-damage|p2a: Great Tusk|0 fnt
|faint|p2a: Great Tusk
|-end|p2a: Great Tusk|Protosynthesis|[silent]
|
|upkeep
|
|t:|1781174061
|switch|p2a: Dondozo|Dondozo, F|74/100
|turn|31
|
|t:|1781174064
|move|p1a: Kyurem|Freeze-Dry|p2a: Dondozo
|-supereffective|p2a: Dondozo
|-damage|p2a: Dondozo|0 fnt
|faint|p2a: Dondozo
|
|win|Vitriso
|raw|Vitriso's rating: 1503 &rarr; <strong>1527</strong><br />(+24 for winning)
|raw|KurisuChestnutOU's rating: 1569 &rarr; <strong>1545</strong><br />(-24 for losing)
