|j|☆Slashutu
|j|☆GODKUD
|t:|1781022985
|gametype|singles
|player|p1|Slashutu|102|1582
|player|p2|GODKUD|ghetsis|1543
|gen|9
|tier|[Gen 9] OU
|rated|
|rule|HP Percentage Mod: HP is shown in percentages
|rule|Endless Battle Clause: Forcing endless battles is banned
|rule|Species Clause: Limit one of each Pokémon
|rule|OHKO Clause: OHKO moves are banned
|rule|Evasion Items Clause: Evasion items are banned
|rule|Evasion Moves Clause: Evasion moves are banned
|rule|Evasion Abilities Clause: Evasion abilities are banned
|rule|Sleep Moves Clause: Sleep-inducing moves are banned
|clearpoke
|poke|p1|Ting-Lu|
|poke|p1|Gliscor, M|
|poke|p1|Sinistcha-Masterpiece|
|poke|p1|Keldeo|
|poke|p1|Tinkaton, F|
|poke|p1|Dragonite, F|
|poke|p2|Hydreigon, M|
|poke|p2|Corviknight, F|
|poke|p2|Slowking-Galar, M|
|poke|p2|Sandy Shocks|
|poke|p2|Quaquaval, M|
|poke|p2|Ceruledge, M|
|teampreview
|inactive|Battle timer is ON: inactive players will automatically lose when time's up. (requested by GODKUD)
|
|t:|1781023000
|teamsize|p1|6
|teamsize|p2|6
|start
|switch|p1a: Tinkki Minaj|Tinkaton, F|100/100
|switch|p2a: Sandy Shocks|Sandy Shocks|100/100
|-ability|p1a: Tinkki Minaj|Mold Breaker
|-item|p1a: Tinkki Minaj|Air Balloon
|-enditem|p2a: Sandy Shocks|Booster Energy
|-activate|p2a: Sandy Shocks|ability: Protosynthesis|[fromitem]
|-start|p2a: Sandy Shocks|protosynthesisspe
|turn|1
|
|t:|1781023006
|move|p2a: Sandy Shocks|Stealth Rock|p1a: Tinkki Minaj
|-sidestart|p1: Slashutu|move: Stealth Rock
|move|p1a: Tinkki Minaj|Stealth Rock|p2a: Sandy Shocks
|-sidestart|p2: GODKUD|move: Stealth Rock
|
|upkeep
|turn|2
|
|t:|1781023013
|switch|p1a: Jarhead|Ting-Lu|100/100
|-damage|p1a: Jarhead|94/100|[from] Stealth Rock
|-ability|p1a: Jarhead|Vessel of Ruin
|move|p2a: Sandy Shocks|Spikes|p1a: Jarhead
|-sidestart|p1: Slashutu|Spikes
|
|-heal|p1a: Jarhead|100/100|[from] item: Leftovers
|upkeep
|turn|3
|
|t:|1781023016
|move|p2a: Sandy Shocks|Spikes|p1a: Jarhead
|-sidestart|p1: Slashutu|Spikes
|move|p1a: Jarhead|Spikes|p2a: Sandy Shocks
|-sidestart|p2: GODKUD|Spikes
|
|upkeep
|turn|4
|
|t:|1781023020
|move|p2a: Sandy Shocks|Spikes|p1a: Jarhead
|-sidestart|p1: Slashutu|Spikes
|move|p1a: Jarhead|Spikes|p2a: Sandy Shocks
|-sidestart|p2: GODKUD|Spikes
|
|upkeep
|turn|5
|
|t:|1781023023
|-end|p2a: Sandy Shocks|Protosynthesis|[silent]
|switch|p2a: Corviknight|Corviknight, F|100/100
|-damage|p2a: Corviknight|88/100|[from] Stealth Rock
|-ability|p2a: Corviknight|Pressure
|move|p1a: Jarhead|Spikes|p2a: Corviknight
|-sidestart|p2: GODKUD|Spikes
|
|upkeep
|turn|6
|
|t:|1781023028
|move|p2a: Corviknight|Iron Defense|p2a: Corviknight
|-boost|p2a: Corviknight|def|2
|move|p1a: Jarhead|Ruination|p2a: Corviknight
|-damage|p2a: Corviknight|44/100
|
|upkeep
|turn|7
|
|t:|1781023033
|switch|p1a: Tinkki Minaj|Tinkaton, F|100/100
|-damage|p1a: Tinkki Minaj|94/100|[from] Stealth Rock
|-ability|p1a: Tinkki Minaj|Mold Breaker
|-item|p1a: Tinkki Minaj|Air Balloon
|move|p2a: Corviknight|Roost|p2a: Corviknight
|-heal|p2a: Corviknight|94/100
|-singleturn|p2a: Corviknight|move: Roost
|
|upkeep
|turn|8
|
|t:|1781023040
|move|p1a: Tinkki Minaj|Encore|p2a: Corviknight
|-start|p2a: Corviknight|Encore
|move|p2a: Corviknight|Roost|p2a: Corviknight
|-heal|p2a: Corviknight|100/100
|-singleturn|p2a: Corviknight|move: Roost
|
|upkeep
|turn|9
|
|t:|1781023045
|switch|p2a: Quaquaval|Quaquaval, M|100/100
|-damage|p2a: Quaquaval|94/100|[from] Stealth Rock
|-damage|p2a: Quaquaval|70/100|[from] Spikes
|move|p1a: Tinkki Minaj|Thunder Wave|p2a: Quaquaval
|-status|p2a: Quaquaval|par
|
|upkeep
|turn|10
|
|t:|1781023054
|switch|p1a: Tchavis Scott|Sinistcha-Masterpiece|100/100
|cant|p2a: Quaquaval|par
|
|upkeep
|turn|11
|
|t:|1781023059
|move|p1a: Tchavis Scott|Matcha Gotcha|p2a: Quaquaval|[miss]
|-miss|p1a: Tchavis Scott|p2a: Quaquaval
|cant|p2a: Quaquaval|par
|
|upkeep
|turn|12
|
|t:|1781023063
|move|p1a: Tchavis Scott|Matcha Gotcha|p2a: Quaquaval
|-supereffective|p2a: Quaquaval
|-damage|p2a: Quaquaval|20/100 par
|cant|p2a: Quaquaval|par
|
|upkeep
|turn|13
|
|t:|1781023069
|move|p1a: Tchavis Scott|Shadow Ball|p2a: Quaquaval
|-damage|p2a: Quaquaval|0 fnt
|faint|p2a: Quaquaval
|
|upkeep
|
|t:|1781023071
|switch|p2a: God of Destruction|Hydreigon, M|100/100
|-damage|p2a: God of Destruction|88/100|[from] Stealth Rock
|turn|14
|
|t:|1781023077
|switch|p1a: Tinkki Minaj|Tinkaton, F|94/100
|-damage|p1a: Tinkki Minaj|88/100|[from] Stealth Rock
|-ability|p1a: Tinkki Minaj|Mold Breaker
|-item|p1a: Tinkki Minaj|Air Balloon
|move|p2a: God of Destruction|Nasty Plot|p2a: God of Destruction
|-boost|p2a: God of Destruction|spa|2
|
|upkeep
|turn|15
|
|t:|1781023086
|move|p2a: God of Destruction|Flash Cannon|p1a: Tinkki Minaj
|-crit|p1a: Tinkki Minaj
|-damage|p1a: Tinkki Minaj|3/100
|-unboost|p1a: Tinkki Minaj|spd|1
|-enditem|p1a: Tinkki Minaj|Air Balloon
|-damage|p2a: God of Destruction|78/100|[from] item: Life Orb
|move|p1a: Tinkki Minaj|Thunder Wave|p2a: God of Destruction
|-status|p2a: God of Destruction|par
|
|upkeep
|turn|16
|
|t:|1781023094
|move|p1a: Tinkki Minaj|Gigaton Hammer|p2a: God of Destruction
|-damage|p2a: God of Destruction|28/100 par
|move|p2a: God of Destruction|Dark Pulse|p1a: Tinkki Minaj
|-resisted|p1a: Tinkki Minaj
|-damage|p1a: Tinkki Minaj|0 fnt
|faint|p1a: Tinkki Minaj
|-damage|p2a: God of Destruction|19/100 par|[from] item: Life Orb
|
|upkeep
|-message|GODKUD forfeited.
|
|win|Slashutu
|raw|Slashutu's rating: 1582 &rarr; <strong>1600</strong><br />(+18 for winning)
|raw|GODKUD's rating: 1543 &rarr; <strong>1525</strong><br />(-18 for losing)
|l|☆GODKUD
|player|p2|
|l|☆Slashutu
|player|p1|
