|j|☆cachowcapow
|j|‽pinkacordhater
|t:|1781086893
|gametype|singles
|player|p1|cachowcapow|265|1651
|player|p2|pinkacordhater|artistf-gen6|1742
|gen|9
|tier|[Gen 9] OU
|rated|
|rule|HP Percentage Mod: HP is shown in percentages
|rule|Endless Battle Clause: Forcing endless battles is banned
|rule|Species Clause: Limit one of each Pokémon
|rule|OHKO Clause: OHKO moves are banned
|rule|Evasion Items Clause: Evasion items are banned
|rule|Evasion Moves Clause: Evasion moves are banned
|rule|Evasion Abilities Clause: Evasion abilities are banned
|rule|Sleep Moves Clause: Sleep-inducing moves are banned
|clearpoke
|poke|p1|Cinderace, F|
|poke|p1|Slither Wing|
|poke|p1|Alomomola, F|
|poke|p1|Great Tusk|
|poke|p1|Meowscarada, F|
|poke|p1|Froslass, F|
|poke|p2|Great Tusk|
|poke|p2|Samurott-Hisui, M|
|poke|p2|Pecharunt|
|poke|p2|Gholdengo|
|poke|p2|Darkrai|
|poke|p2|Dragonite, M|
|teampreview
|inactive|Battle timer is ON: inactive players will automatically lose when time's up. (requested by pinkacordhater)
|inactive|cachowcapow has 120 seconds left.
|
|t:|1781086939
|teamsize|p1|6
|teamsize|p2|6
|start
|switch|p1a: Slither Wing|Slither Wing|100/100
|switch|p2a: Pecharunt|Pecharunt|100/100
|turn|1
|j| Peter97
|j| CLICK BEFORE CALC
|
|t:|1781086953
|-end|p1a: Slither Wing|Protosynthesis|[silent]
|switch|p1a: Alomomola|Alomomola, F|100/100
|move|p2a: Pecharunt|Toxic|p1a: Alomomola
|-status|p1a: Alomomola|tox
|-start|p1a: Alomomola|confusion|[from] ability: Poison Puppeteer|[of] p2a: Pecharunt
|
|-damage|p1a: Alomomola|94/100 tox|[from] psn
|upkeep
|turn|2
|
|t:|1781086962
|move|p2a: Pecharunt|Shadow Ball|p1a: Alomomola
|-damage|p1a: Alomomola|83/100 tox
|-activate|p1a: Alomomola|confusion
|move|p1a: Alomomola|Flip Turn|p2a: Pecharunt
|-damage|p2a: Pecharunt|93/100
|-damage|p1a: Alomomola|66/100 tox|[from] item: Rocky Helmet|[of] p2a: Pecharunt
|inactive|cachowcapow has 120 seconds left.
|
|t:|1781086998
|switch|p1a: Meowscarada|Meowscarada, F|100/100|[from] Flip Turn
|
|upkeep
|turn|3
|
|t:|1781087001
|move|p1a: Meowscarada|Dark Pulse|p2a: Pecharunt
|-start|p1a: Meowscarada|typechange|Dark|[from] ability: Protean
|-supereffective|p2a: Pecharunt
|-damage|p2a: Pecharunt|6/100
|cant|p2a: Pecharunt|flinch
|
|upkeep
|turn|4
|inactive|pinkacordhater has 120 seconds left.
|j| kanaete onegai
|
|t:|1781087053
|switch|p2a: Dragonite|Dragonite, M|100/100
|move|p1a: Meowscarada|Dark Pulse|p2a: Dragonite
|-damage|p2a: Dragonite|75/100
|
|upkeep
|turn|5
|
|t:|1781087059
|move|p1a: Meowscarada|Dark Pulse|p2a: Dragonite
|-damage|p2a: Dragonite|27/100
|move|p2a: Dragonite|Roost|p2a: Dragonite
|-heal|p2a: Dragonite|78/100
|-singleturn|p2a: Dragonite|move: Roost
|
|upkeep
|turn|6
|
|t:|1781087066
|move|p1a: Meowscarada|Dark Pulse|p2a: Dragonite
|-damage|p2a: Dragonite|30/100
|cant|p2a: Dragonite|flinch
|
|upkeep
|turn|7
|
|t:|1781087070
|move|p2a: Dragonite|Extreme Speed|p1a: Meowscarada
|-damage|p1a: Meowscarada|49/100
|move|p1a: Meowscarada|Dark Pulse|p2a: Dragonite
|-damage|p2a: Dragonite|0 fnt
|faint|p2a: Dragonite
|
|upkeep
|
|t:|1781087073
|switch|p2a: Darkrai|Darkrai|100/100
|turn|8
|
|t:|1781087080
|switch|p1a: Alomomola|Alomomola, F|99/100 tox
|move|p2a: Darkrai|Knock Off|p1a: Alomomola
|-damage|p1a: Alomomola|69/100 tox
|-enditem|p1a: Alomomola|Assault Vest|[from] move: Knock Off|[of] p2a: Darkrai
|
|-damage|p1a: Alomomola|63/100 tox|[from] psn
|upkeep
|turn|9
|
|t:|1781087086
|move|p2a: Darkrai|Dark Pulse|p1a: Alomomola
|-damage|p1a: Alomomola|30/100 tox
|move|p1a: Alomomola|Flip Turn|p2a: Darkrai
|-damage|p2a: Darkrai|77/100
|
|t:|1781087095
|switch|p1a: Slither Wing|Slither Wing|100/100|[from] Flip Turn
|
|upkeep
|turn|10
|
|t:|1781087097
|switch|p2a: Great Tusk|Great Tusk|100/100
|move|p1a: Slither Wing|U-turn|p2a: Great Tusk
|-resisted|p2a: Great Tusk
|-damage|p2a: Great Tusk|89/100
|
|t:|1781087110
|-end|p1a: Slither Wing|Protosynthesis|[silent]
|switch|p1a: Meowscarada|Meowscarada, F|49/100|[from] U-turn
|
|upkeep
|turn|11
|
|t:|1781087113
|-end|p2a: Great Tusk|Protosynthesis|[silent]
|switch|p2a: Gholdengo|Gholdengo|100/100
|move|p1a: Meowscarada|Grass Knot|p2a: Gholdengo
|-start|p1a: Meowscarada|typechange|Grass|[from] ability: Protean
|-resisted|p2a: Gholdengo
|-damage|p2a: Gholdengo|82/100
|
|upkeep
|turn|12
|
|t:|1781087119
|switch|p1a: Alomomola|Alomomola, F|63/100 tox
|move|p2a: Gholdengo|Shadow Ball|p1a: Alomomola
|-damage|p1a: Alomomola|30/100 tox
|
|-damage|p1a: Alomomola|24/100 tox|[from] psn
|upkeep
|turn|13
|
|t:|1781087126
|move|p1a: Alomomola|Aqua Jet|p2a: Gholdengo
|-damage|p2a: Gholdengo|69/100
|move|p2a: Gholdengo|Shadow Ball|p1a: Alomomola
|-damage|p1a: Alomomola|0 fnt
|faint|p1a: Alomomola
|
|upkeep
|
|t:|1781087129
|switch|p1a: Froslass|Froslass, F|100/100
|turn|14
|
|t:|1781087132
|switch|p2a: Samurott|Samurott-Hisui, M|100/100
|move|p1a: Froslass|Poltergeist|p2a: Samurott
|-activate|p2a: Samurott|move: Poltergeist|Assault Vest
|-resisted|p2a: Samurott
|-damage|p2a: Samurott|79/100
|
|upkeep
|turn|15
|j| wuxinshushu1
|
|t:|1781087137
|switch|p1a: Slither Wing|Slither Wing|100/100
|move|p2a: Samurott|Ceaseless Edge|p1a: Slither Wing
|-resisted|p1a: Slither Wing
|-damage|p1a: Slither Wing|84/100
|-damage|p2a: Samurott|62/100|[from] item: Rocky Helmet|[of] p1a: Slither Wing
|-sidestart|p1: cachowcapow|Spikes
|
|upkeep
|turn|16
|
|t:|1781087141
|switch|p2a: Pecharunt|Pecharunt|6/100
|move|p1a: Slither Wing|U-turn|p2a: Pecharunt
|-resisted|p2a: Pecharunt
|-damage|p2a: Pecharunt|2/100
|-damage|p1a: Slither Wing|68/100|[from] item: Rocky Helmet|[of] p2a: Pecharunt
|
|t:|1781087148
|-end|p1a: Slither Wing|Protosynthesis|[silent]
|switch|p1a: Cinderace|Cinderace, F|100/100|[from] U-turn
|
|upkeep
|turn|17
|
|t:|1781087151
|move|p1a: Cinderace|Pyro Ball|p2a: Pecharunt
|-damage|p2a: Pecharunt|0 fnt
|faint|p2a: Pecharunt
|
|upkeep
|
|t:|1781087158
|switch|p2a: Great Tusk|Great Tusk|89/100
|turn|18
|
|t:|1781087162
|switch|p1a: Slither Wing|Slither Wing|68/100
|-damage|p1a: Slither Wing|56/100|[from] Spikes
|move|p2a: Great Tusk|Headlong Rush|p1a: Slither Wing
|-resisted|p1a: Slither Wing
|-damage|p1a: Slither Wing|34/100
|-unboost|p2a: Great Tusk|def|1
|-unboost|p2a: Great Tusk|spd|1
|-damage|p2a: Great Tusk|72/100|[from] item: Rocky Helmet|[of] p1a: Slither Wing
|
|upkeep
|turn|19
|
|t:|1781087167
|move|p2a: Great Tusk|Stealth Rock|p1a: Slither Wing
|-sidestart|p1: cachowcapow|move: Stealth Rock
|move|p1a: Slither Wing|Morning Sun|p1a: Slither Wing
|-heal|p1a: Slither Wing|84/100
|
|upkeep
|turn|20
|
|t:|1781087169
|-end|p2a: Great Tusk|Protosynthesis|[silent]
|switch|p2a: Gholdengo|Gholdengo|69/100
|move|p1a: Slither Wing|U-turn|p2a: Gholdengo
|-resisted|p2a: Gholdengo
|-damage|p2a: Gholdengo|60/100
|
|t:|1781087174
|-end|p1a: Slither Wing|Protosynthesis|[silent]
|switch|p1a: Great Tusk|Great Tusk|100/100|[from] U-turn
|-damage|p1a: Great Tusk|88/100|[from] Spikes
|-damage|p1a: Great Tusk|85/100|[from] Stealth Rock
|
|upkeep
|turn|21
|
|t:|1781087180
|move|p1a: Great Tusk|Headlong Rush|p2a: Gholdengo
|-supereffective|p2a: Gholdengo
|-damage|p2a: Gholdengo|0 fnt
|-unboost|p1a: Great Tusk|def|1
|-unboost|p1a: Great Tusk|spd|1
|faint|p2a: Gholdengo
|
|upkeep
|
|t:|1781087183
|switch|p2a: Great Tusk|Great Tusk|72/100
|turn|22
|
|t:|1781087186
|-end|p1a: Great Tusk|Protosynthesis|[silent]
|switch|p1a: Slither Wing|Slither Wing|84/100
|-damage|p1a: Slither Wing|72/100|[from] Spikes
|-damage|p1a: Slither Wing|59/100|[from] Stealth Rock
|-end|p2a: Great Tusk|Protosynthesis|[silent]
|switch|p2a: Samurott|Samurott-Hisui, M|62/100
|
|upkeep
|turn|23
|
|t:|1781087190
|-terastallize|p2a: Samurott|Poison
|move|p1a: Slither Wing|First Impression|p2a: Samurott
|-resisted|p2a: Samurott
|-damage|p2a: Samurott|39/100
|move|p2a: Samurott|Razor Shell|p1a: Slither Wing
|-damage|p1a: Slither Wing|18/100
|-unboost|p1a: Slither Wing|def|1
|-damage|p2a: Samurott|23/100|[from] item: Rocky Helmet|[of] p1a: Slither Wing
|
|upkeep
|turn|24
|
|t:|1781087197
|move|p2a: Samurott|Ceaseless Edge|p1a: Slither Wing
|-resisted|p1a: Slither Wing
|-damage|p1a: Slither Wing|0 fnt
|-damage|p2a: Samurott|7/100|[from] item: Rocky Helmet|[of] p1a: Slither Wing
|-sidestart|p1: cachowcapow|Spikes
|faint|p1a: Slither Wing
|-end|p1a: Slither Wing|Protosynthesis|[silent]
|
|upkeep
|
|t:|1781087199
|switch|p1a: Cinderace|Cinderace, F|100/100
|turn|25
|
|t:|1781087202
|move|p1a: Cinderace|Court Change|p1a: Cinderace
|-start|p1a: Cinderace|typechange|Normal|[from] ability: Libero
|-swapsideconditions
|-activate|p1a: Cinderace|move: Court Change
|move|p2a: Samurott|Razor Shell|p1a: Cinderace
|-damage|p1a: Cinderace|35/100
|-unboost|p1a: Cinderace|def|1
|
|upkeep
|turn|26
|
|t:|1781087205
|move|p2a: Samurott|Sucker Punch|p1a: Cinderace
|-damage|p1a: Cinderace|0 fnt
|faint|p1a: Cinderace
|
|upkeep
|
|t:|1781087219
|switch|p1a: Great Tusk|Great Tusk|85/100
|turn|27
|
|t:|1781087224
|move|p1a: Great Tusk|Close Combat|p2a: Samurott
|-resisted|p2a: Samurott
|-damage|p2a: Samurott|0 fnt
|-unboost|p1a: Great Tusk|def|1
|-unboost|p1a: Great Tusk|spd|1
|faint|p2a: Samurott
|
|upkeep
|
|t:|1781087227
|switch|p2a: Great Tusk|Great Tusk|72/100
|turn|28
|
|t:|1781087230
|-end|p1a: Great Tusk|Protosynthesis|[silent]
|switch|p1a: Froslass|Froslass, F|100/100
|move|p2a: Great Tusk|Rapid Spin|p1a: Froslass
|-immune|p1a: Froslass
|
|upkeep
|turn|29
|
|t:|1781087237
|move|p1a: Froslass|Destiny Bond|p1a: Froslass
|-singlemove|p1a: Froslass|Destiny Bond
|move|p2a: Great Tusk|Headlong Rush|p1a: Froslass
|-damage|p1a: Froslass|6/100
|-unboost|p2a: Great Tusk|def|1
|-unboost|p2a: Great Tusk|spd|1
|
|upkeep
|turn|30
|
|t:|1781087241
|move|p2a: Great Tusk|Headlong Rush|p1a: Froslass
|-damage|p1a: Froslass|0 fnt
|-unboost|p2a: Great Tusk|def|1
|-unboost|p2a: Great Tusk|spd|1
|-start|p2a: Great Tusk|Disable|Headlong Rush|[from] ability: Cursed Body|[of] p1a: Froslass
|faint|p1a: Froslass
|-activate|p1a: Froslass|move: Destiny Bond
|faint|p2a: Great Tusk
|-end|p2a: Great Tusk|Protosynthesis|[silent]
|
|upkeep
|
|t:|1781087243
|switch|p1a: Great Tusk|Great Tusk|85/100
|switch|p2a: Darkrai|Darkrai|77/100
|-damage|p2a: Darkrai|61/100|[from] Spikes
|-damage|p2a: Darkrai|48/100|[from] Stealth Rock
|turn|31
|
|t:|1781087245
|move|p1a: Great Tusk|Close Combat|p2a: Darkrai
|-supereffective|p2a: Darkrai
|-crit|p2a: Darkrai
|-damage|p2a: Darkrai|0 fnt
|-unboost|p1a: Great Tusk|def|1
|-unboost|p1a: Great Tusk|spd|1
|faint|p2a: Darkrai
|
|win|cachowcapow
|raw|cachowcapow's rating: 1633 &rarr; <strong>1659</strong><br />(+26 for winning)
|raw|pinkacordhater's rating: 1742 &rarr; <strong>1716</strong><br />(-26 for losing)
|l|‽pinkacordhater
|player|p2|
|l|☆cachowcapow
|player|p1|
|l| Peter97
|l| wuxinshushu1
|l| CLICK BEFORE CALC
