|j|☆n1ghtzz33
|j|☆Yespoleon
|t:|1781280420
|gametype|singles
|player|p1|n1ghtzz33|parasollady|1535
|player|p2|Yespoleon|lucas-gen4pt|1543
|gen|9
|tier|[Gen 9] OU
|rated|
|rule|HP Percentage Mod: HP is shown in percentages
|rule|Endless Battle Clause: Forcing endless battles is banned
|rule|Species Clause: Limit one of each Pokémon
|rule|OHKO Clause: OHKO moves are banned
|rule|Evasion Items Clause: Evasion items are banned
|rule|Evasion Moves Clause: Evasion moves are banned
|rule|Evasion Abilities Clause: Evasion abilities are banned
|rule|Sleep Moves Clause: Sleep-inducing moves are banned
|clearpoke
|poke|p1|Corviknight, M|
|poke|p1|Clefable, M|
|poke|p1|Alomomola, M|
|poke|p1|Clodsire, M|
|poke|p1|Toxapex, F|
|poke|p1|Quagsire, M|
|poke|p2|Darkrai|
|poke|p2|Garchomp, F|
|poke|p2|Alomomola, F|
|poke|p2|Corviknight, M|
|poke|p2|Weezing-Galar, M|
|poke|p2|Ogerpon, F|
|teampreview
|inactive|Battle timer is ON: inactive players will automatically lose when time's up. (requested by Yespoleon)
|inactive|n1ghtzz33 also wants the timer to be on.
|
|t:|1781280439
|teamsize|p1|6
|teamsize|p2|6
|start
|switch|p1a: Toxapex|Toxapex, F|100/100
|switch|p2a: Corviknight|Corviknight, M|100/100
|-ability|p2a: Corviknight|Pressure
|turn|1
|
|t:|1781280452
|move|p2a: Corviknight|U-turn|p1a: Toxapex
|-resisted|p1a: Toxapex
|-damage|p1a: Toxapex|96/100
|
|t:|1781280459
|switch|p2a: Weezing|Weezing-Galar, M|100/100|[from] U-turn
|-ability|p2a: Weezing|Neutralizing Gas
|move|p1a: Toxapex|Toxic|p2a: Weezing
|-immune|p2a: Weezing
|
|upkeep
|turn|2
|j| Giragono
|
|t:|1781280472
|switch|p1a: Clefable|Clefable, M|100/100
|move|p2a: Weezing|Will-O-Wisp|p1a: Clefable|[miss]
|-miss|p2a: Weezing|p1a: Clefable
|
|upkeep
|turn|3
|
|t:|1781280486
|move|p2a: Weezing|Sludge Bomb|p1a: Clefable
|-supereffective|p1a: Clefable
|-damage|p1a: Clefable|65/100
|-status|p1a: Clefable|psn
|move|p1a: Clefable|Moonblast|p2a: Weezing
|-resisted|p2a: Weezing
|-damage|p2a: Weezing|78/100
|-unboost|p2a: Weezing|spa|1
|
|-heal|p2a: Weezing|84/100|[from] item: Leftovers
|-heal|p1a: Clefable|72/100 psn|[from] item: Leftovers
|-damage|p1a: Clefable|59/100 psn|[from] psn
|upkeep
|turn|4
|
|t:|1781280504
|move|p2a: Weezing|Will-O-Wisp||[still]
|-fail|p2a: Weezing
|move|p1a: Clefable|Ice Beam|p2a: Weezing
|-damage|p2a: Weezing|57/100
|-status|p2a: Weezing|frz
|
|-heal|p2a: Weezing|63/100 frz|[from] item: Leftovers
|-heal|p1a: Clefable|65/100 psn|[from] item: Leftovers
|-damage|p1a: Clefable|53/100 psn|[from] psn
|upkeep
|turn|5
|
|t:|1781280519
|cant|p2a: Weezing|frz
|move|p1a: Clefable|Ice Beam|p2a: Weezing
|-damage|p2a: Weezing|34/100 frz
|
|-heal|p2a: Weezing|40/100 frz|[from] item: Leftovers
|-heal|p1a: Clefable|59/100 psn|[from] item: Leftovers
|-damage|p1a: Clefable|46/100 psn|[from] psn
|upkeep
|turn|6
|
|t:|1781280533
|cant|p2a: Weezing|frz
|move|p1a: Clefable|Ice Beam|p2a: Weezing
|-damage|p2a: Weezing|10/100 frz
|
|-heal|p2a: Weezing|16/100 frz|[from] item: Leftovers
|-heal|p1a: Clefable|53/100 psn|[from] item: Leftovers
|-damage|p1a: Clefable|40/100 psn|[from] psn
|upkeep
|turn|7
|
|t:|1781280548
|cant|p2a: Weezing|frz
|move|p1a: Clefable|Moonlight|p1a: Clefable
|-heal|p1a: Clefable|90/100 psn
|
|-heal|p2a: Weezing|22/100 frz|[from] item: Leftovers
|-heal|p1a: Clefable|96/100 psn|[from] item: Leftovers
|-damage|p1a: Clefable|84/100 psn|[from] psn
|upkeep
|turn|8
|
|t:|1781280562
|-curestatus|p2a: Weezing|frz|[msg]
|move|p2a: Weezing|Pain Split|p1a: Clefable
|-sethp|p1a: Clefable|51/100 psn|[from] move: Pain Split|[silent]
|-sethp|p2a: Weezing|61/100|[from] move: Pain Split
|move|p1a: Clefable|Ice Beam|p2a: Weezing
|-damage|p2a: Weezing|29/100
|
|-heal|p2a: Weezing|35/100|[from] item: Leftovers
|-heal|p1a: Clefable|57/100 psn|[from] item: Leftovers
|-damage|p1a: Clefable|45/100 psn|[from] psn
|upkeep
|turn|9
|
|t:|1781280570
|move|p2a: Weezing|Sludge Bomb|p1a: Clefable
|-supereffective|p1a: Clefable
|-damage|p1a: Clefable|17/100 psn
|move|p1a: Clefable|Moonlight|p1a: Clefable
|-heal|p1a: Clefable|67/100 psn
|
|-heal|p2a: Weezing|41/100|[from] item: Leftovers
|-heal|p1a: Clefable|73/100 psn|[from] item: Leftovers
|-damage|p1a: Clefable|61/100 psn|[from] psn
|upkeep
|turn|10
|
|t:|1781280579
|move|p2a: Weezing|Sludge Bomb|p1a: Clefable
|-supereffective|p1a: Clefable
|-damage|p1a: Clefable|33/100 psn
|move|p1a: Clefable|Ice Beam|p2a: Weezing
|-damage|p2a: Weezing|11/100
|
|-heal|p2a: Weezing|17/100|[from] item: Leftovers
|-heal|p1a: Clefable|39/100 psn|[from] item: Leftovers
|-damage|p1a: Clefable|27/100 psn|[from] psn
|upkeep
|turn|11
|
|t:|1781280587
|-terastallize|p1a: Clefable|Ice
|move|p2a: Weezing|Sludge Bomb|p1a: Clefable
|-damage|p1a: Clefable|13/100 psn
|move|p1a: Clefable|Moonlight|p1a: Clefable
|-heal|p1a: Clefable|63/100 psn
|
|-heal|p2a: Weezing|23/100|[from] item: Leftovers
|-heal|p1a: Clefable|69/100 psn|[from] item: Leftovers
|-damage|p1a: Clefable|57/100 psn|[from] psn
|upkeep
|turn|12
|
|t:|1781280595
|-end|p2a: Weezing|ability: Neutralizing Gas
|switch|p2a: Alomomola|Alomomola, F|100/100
|move|p1a: Clefable|Moonlight|p1a: Clefable
|-heal|p1a: Clefable|100/100 psn
|
|upkeep
|turn|13
|
|t:|1781280609
|move|p2a: Alomomola|Flip Turn|p1a: Clefable
|-damage|p1a: Clefable|81/100 psn
|
|t:|1781280612
|switch|p2a: Corviknight|Corviknight, M|100/100|[from] Flip Turn
|-ability|p2a: Corviknight|Pressure
|move|p1a: Clefable|Knock Off|p2a: Corviknight
|-damage|p2a: Corviknight|87/100
|-enditem|p2a: Corviknight|Leftovers|[from] move: Knock Off|[of] p1a: Clefable
|
|-heal|p1a: Clefable|88/100 psn|[from] item: Leftovers
|upkeep
|turn|14
|
|t:|1781280629
|move|p2a: Corviknight|Brave Bird|p1a: Clefable
|-damage|p1a: Clefable|48/100 psn
|-damage|p2a: Corviknight|74/100|[from] Recoil
|move|p1a: Clefable|Ice Beam|p2a: Corviknight
|-damage|p2a: Corviknight|53/100
|
|-heal|p1a: Clefable|55/100 psn|[from] item: Leftovers
|upkeep
|turn|15
|
|t:|1781280647
|move|p2a: Corviknight|Brave Bird|p1a: Clefable
|-damage|p1a: Clefable|11/100 psn
|-damage|p2a: Corviknight|38/100|[from] Recoil
|move|p1a: Clefable|Moonlight|p1a: Clefable
|-heal|p1a: Clefable|61/100 psn
|
|-heal|p1a: Clefable|67/100 psn|[from] item: Leftovers
|upkeep
|turn|16
|
|t:|1781280665
|move|p2a: Corviknight|Roost|p2a: Corviknight
|-heal|p2a: Corviknight|88/100
|-singleturn|p2a: Corviknight|move: Roost
|move|p1a: Clefable|Moonlight|p1a: Clefable
|-heal|p1a: Clefable|100/100 psn
|
|upkeep
|turn|17
|
|t:|1781280672
|move|p2a: Corviknight|Brave Bird|p1a: Clefable
|-damage|p1a: Clefable|57/100 psn
|-damage|p2a: Corviknight|74/100|[from] Recoil
|move|p1a: Clefable|Ice Beam|p2a: Corviknight
|-damage|p2a: Corviknight|53/100
|-status|p2a: Corviknight|frz
|
|-heal|p1a: Clefable|63/100 psn|[from] item: Leftovers
|upkeep
|turn|18
|
|t:|1781280680
|cant|p2a: Corviknight|frz
|move|p1a: Clefable|Moonlight|p1a: Clefable
|-heal|p1a: Clefable|100/100 psn
|
|upkeep
|turn|19
|
|t:|1781280687
|-curestatus|p2a: Corviknight|frz|[msg]
|move|p2a: Corviknight|Roost|p2a: Corviknight
|-heal|p2a: Corviknight|100/100
|-singleturn|p2a: Corviknight|move: Roost
|move|p1a: Clefable|Ice Beam|p2a: Corviknight
|-resisted|p2a: Corviknight
|-damage|p2a: Corviknight|89/100
|
|upkeep
|turn|20
|
|t:|1781280695
|move|p2a: Corviknight|Brave Bird|p1a: Clefable
|-damage|p1a: Clefable|56/100 psn
|-damage|p2a: Corviknight|75/100|[from] Recoil
|move|p1a: Clefable|Ice Beam|p2a: Corviknight
|-damage|p2a: Corviknight|54/100
|
|-heal|p1a: Clefable|62/100 psn|[from] item: Leftovers
|upkeep
|turn|21
|j| darkrat18
|
|t:|1781280703
|move|p2a: Corviknight|Brave Bird|p1a: Clefable
|-damage|p1a: Clefable|21/100 psn
|-damage|p2a: Corviknight|41/100|[from] Recoil
|move|p1a: Clefable|Moonlight|p1a: Clefable
|-heal|p1a: Clefable|71/100 psn
|
|-heal|p1a: Clefable|77/100 psn|[from] item: Leftovers
|upkeep
|turn|22
|l| Giragono
|
|t:|1781280711
|move|p2a: Corviknight|Roost|p2a: Corviknight
|-heal|p2a: Corviknight|91/100
|-singleturn|p2a: Corviknight|move: Roost
|move|p1a: Clefable|Moonblast|p2a: Corviknight
|-resisted|p2a: Corviknight
|-damage|p2a: Corviknight|79/100
|
|-heal|p1a: Clefable|83/100 psn|[from] item: Leftovers
|upkeep
|turn|23
|
|t:|1781280718
|switch|p1a: Quagsire|Quagsire, M|100/100
|move|p2a: Corviknight|Brave Bird|p1a: Quagsire
|-damage|p1a: Quagsire|77/100
|-damage|p2a: Corviknight|71/100|[from] Recoil
|
|upkeep
|turn|24
|
|t:|1781280728
|move|p2a: Corviknight|Brave Bird|p1a: Quagsire
|-damage|p1a: Quagsire|49/100
|-damage|p2a: Corviknight|62/100|[from] Recoil
|move|p1a: Quagsire|Stealth Rock|p2a: Corviknight
|-sidestart|p2: Yespoleon|move: Stealth Rock
|
|upkeep
|turn|25
|
|t:|1781280735
|move|p2a: Corviknight|Defog|p1a: Quagsire
|-unboost|p1a: Quagsire|evasion|1
|-sideend|p2: Yespoleon|Stealth Rock|[from] move: Defog|[of] p2a: Corviknight
|move|p1a: Quagsire|Recover|p1a: Quagsire
|-heal|p1a: Quagsire|99/100
|
|upkeep
|turn|26
|
|t:|1781280743
|move|p2a: Corviknight|Roost|p2a: Corviknight
|-heal|p2a: Corviknight|100/100
|-singleturn|p2a: Corviknight|move: Roost
|move|p1a: Quagsire|Stealth Rock|p2a: Corviknight
|-sidestart|p2: Yespoleon|move: Stealth Rock
|
|upkeep
|turn|27
|
|t:|1781280749
|move|p2a: Corviknight|Defog|p1a: Quagsire
|-unboost|p1a: Quagsire|evasion|1
|-sideend|p2: Yespoleon|Stealth Rock|[from] move: Defog|[of] p2a: Corviknight
|move|p1a: Quagsire|Stealth Rock|p2a: Corviknight
|-sidestart|p2: Yespoleon|move: Stealth Rock
|
|upkeep
|turn|28
|
|t:|1781280757
|move|p2a: Corviknight|Defog|p1a: Quagsire
|-unboost|p1a: Quagsire|evasion|1
|-sideend|p2: Yespoleon|Stealth Rock|[from] move: Defog|[of] p2a: Corviknight
|move|p1a: Quagsire|Stealth Rock|p2a: Corviknight
|-sidestart|p2: Yespoleon|move: Stealth Rock
|
|upkeep
|turn|29
|
|t:|1781280764
|switch|p1a: Clefable|Clefable, M, tera:Ice|83/100 psn
|move|p2a: Corviknight|Defog|p1a: Clefable
|-unboost|p1a: Clefable|evasion|1
|-sideend|p2: Yespoleon|Stealth Rock|[from] move: Defog|[of] p2a: Corviknight
|
|-heal|p1a: Clefable|89/100 psn|[from] item: Leftovers
|upkeep
|turn|30
|
|t:|1781280771
|move|p2a: Corviknight|U-turn|p1a: Clefable
|-damage|p1a: Clefable|73/100 psn
|
|t:|1781280774
|switch|p2a: Alomomola|Alomomola, F|100/100|[from] U-turn
|move|p1a: Clefable|Ice Beam|p2a: Alomomola
|-resisted|p2a: Alomomola
|-damage|p2a: Alomomola|93/100
|
|-heal|p1a: Clefable|79/100 psn|[from] item: Leftovers
|upkeep
|turn|31
|
|t:|1781280790
|move|p2a: Alomomola|Flip Turn|p1a: Clefable
|-damage|p1a: Clefable|60/100 psn
|
|t:|1781280794
|switch|p2a: Corviknight|Corviknight, M|100/100|[from] Flip Turn
|-ability|p2a: Corviknight|Pressure
|move|p1a: Clefable|Ice Beam|p2a: Corviknight
|-damage|p2a: Corviknight|78/100
|
|-heal|p1a: Clefable|66/100 psn|[from] item: Leftovers
|upkeep
|turn|32
|
|t:|1781280801
|move|p2a: Corviknight|U-turn|p1a: Clefable
|-damage|p1a: Clefable|49/100 psn
|
|t:|1781280804
|switch|p2a: Weezing|Weezing-Galar, M|23/100|[from] U-turn
|-ability|p2a: Weezing|Neutralizing Gas
|move|p1a: Clefable|Moonblast|p2a: Weezing
|-resisted|p2a: Weezing
|-damage|p2a: Weezing|0 fnt
|faint|p2a: Weezing
|-end|p2a: Weezing|ability: Neutralizing Gas
|
|-heal|p1a: Clefable|55/100 psn|[from] item: Leftovers
|upkeep
|
|t:|1781280828
|switch|p2a: Alomomola|Alomomola, F|100/100
|turn|33
|
|t:|1781280842
|switch|p1a: Toxapex|Toxapex, F|96/100
|move|p2a: Alomomola|Flip Turn|p1a: Toxapex
|-resisted|p1a: Toxapex
|-damage|p1a: Toxapex|91/100
|
|t:|1781280845
|switch|p2a: Ogerpon|Ogerpon, F|100/100|[from] Flip Turn
|
|upkeep
|turn|34
|
|t:|1781280859
|switch|p2a: Corviknight|Corviknight, M|78/100
|-ability|p2a: Corviknight|Pressure
|move|p1a: Toxapex|Toxic|p2a: Corviknight
|-immune|p2a: Corviknight
|
|upkeep
|turn|35
|
|t:|1781280866
|move|p2a: Corviknight|Brave Bird|p1a: Toxapex
|-damage|p1a: Toxapex|70/100
|-damage|p2a: Corviknight|72/100|[from] Recoil
|move|p1a: Toxapex|Toxic|p2a: Corviknight
|-immune|p2a: Corviknight
|
|upkeep
|turn|36
|
|t:|1781280874
|switch|p1a: Corviknight|Corviknight, M|100/100
|-ability|p1a: Corviknight|Pressure
|move|p2a: Corviknight|Brave Bird|p1a: Corviknight
|-resisted|p1a: Corviknight
|-damage|p1a: Corviknight|88/100
|-damage|p2a: Corviknight|68/100|[from] Recoil
|
|upkeep
|turn|37
|
|t:|1781280881
|move|p1a: Corviknight|Iron Defense|p1a: Corviknight
|-boost|p1a: Corviknight|def|2
|move|p2a: Corviknight|U-turn|p1a: Corviknight
|-resisted|p1a: Corviknight
|-damage|p1a: Corviknight|87/100
|
|t:|1781280889
|switch|p2a: Darkrai|Darkrai|100/100|[from] U-turn
|
|upkeep
|turn|38
|
|t:|1781280904
|-terastallize|p2a: Darkrai|Dark
|move|p2a: Darkrai|Dark Pulse|p1a: Corviknight
|-damage|p1a: Corviknight|7/100
|move|p1a: Corviknight|Body Press|p2a: Darkrai
|-supereffective|p2a: Darkrai
|-damage|p2a: Darkrai|0 fnt
|faint|p2a: Darkrai
|
|upkeep
|
|t:|1781280916
|switch|p2a: Ogerpon|Ogerpon, F|100/100
|turn|39
|
|t:|1781280930
|switch|p1a: Toxapex|Toxapex, F|100/100
|move|p2a: Ogerpon|Knock Off|p1a: Toxapex
|-damage|p1a: Toxapex|80/100
|-enditem|p1a: Toxapex|Heavy-Duty Boots|[from] move: Knock Off|[of] p2a: Ogerpon
|
|upkeep
|turn|40
|
|t:|1781280944
|switch|p2a: Corviknight|Corviknight, M|68/100
|-ability|p2a: Corviknight|Pressure
|move|p1a: Toxapex|Poison Jab|p2a: Corviknight
|-immune|p2a: Corviknight
|
|upkeep
|turn|41
|
|t:|1781280952
|switch|p1a: Alomomola|Alomomola, M|100/100
|move|p2a: Corviknight|U-turn|p1a: Alomomola
|-damage|p1a: Alomomola|92/100
|
|t:|1781280954
|switch|p2a: Garchomp|Garchomp, F|100/100|[from] U-turn
|
|upkeep
|turn|42
|
|t:|1781280968
|move|p2a: Garchomp|Stealth Rock|p1a: Alomomola
|-sidestart|p1: n1ghtzz33|move: Stealth Rock
|move|p1a: Alomomola|Flip Turn|p2a: Garchomp
|-damage|p2a: Garchomp|90/100
|-damage|p1a: Alomomola|79/100|[from] ability: Rough Skin|[of] p2a: Garchomp
|-damage|p1a: Alomomola|63/100|[from] item: Rocky Helmet|[of] p2a: Garchomp
|
|t:|1781280983
|switch|p1a: Corviknight|Corviknight, M|7/100|[from] Flip Turn
|-ability|p1a: Corviknight|Pressure
|
|upkeep
|turn|43
|
|t:|1781280996
|move|p1a: Corviknight|Roost|p1a: Corviknight
|-heal|p1a: Corviknight|57/100
|-singleturn|p1a: Corviknight|move: Roost
|move|p2a: Garchomp|Dragon Tail|p1a: Corviknight
|-resisted|p1a: Corviknight
|-damage|p1a: Corviknight|49/100
|drag|p1a: Clefable|Clefable, M, tera:Ice|55/100 psn
|
|-heal|p1a: Clefable|61/100 psn|[from] item: Leftovers
|upkeep
|turn|44
|
|t:|1781281010
|switch|p2a: Alomomola|Alomomola, F|100/100
|move|p1a: Clefable|Moonblast|p2a: Alomomola
|-damage|p2a: Alomomola|84/100
|
|-heal|p1a: Clefable|67/100 psn|[from] item: Leftovers
|upkeep
|turn|45
|
|t:|1781281024
|switch|p1a: Corviknight|Corviknight, M|49/100
|-ability|p1a: Corviknight|Pressure
|move|p2a: Alomomola|Flip Turn|p1a: Corviknight
|-damage|p1a: Corviknight|38/100
|
|t:|1781281037
|switch|p2a: Ogerpon|Ogerpon, F|100/100|[from] Flip Turn
|
|upkeep
|turn|46
|
|t:|1781281053
|move|p2a: Ogerpon|Swords Dance|p2a: Ogerpon
|-boost|p2a: Ogerpon|atk|2
|move|p1a: Corviknight|Roost|p1a: Corviknight
|-heal|p1a: Corviknight|88/100
|-singleturn|p1a: Corviknight|move: Roost
|
|upkeep
|turn|47
|
|t:|1781281066
|move|p2a: Ogerpon|Encore|p1a: Corviknight
|-start|p1a: Corviknight|Encore
|move|p1a: Corviknight|Roost|p1a: Corviknight
|-heal|p1a: Corviknight|100/100
|-singleturn|p1a: Corviknight|move: Roost
|
|upkeep
|turn|48
|
|t:|1781281073
|move|p2a: Ogerpon|Swords Dance|p2a: Ogerpon
|-boost|p2a: Ogerpon|atk|2
|move|p1a: Corviknight|Roost||[still]
|-fail|p1a: Corviknight|heal
|
|upkeep
|turn|49
|
|t:|1781281081
|move|p2a: Ogerpon|Swords Dance|p2a: Ogerpon
|-boost|p2a: Ogerpon|atk|2
|move|p1a: Corviknight|Roost||[still]
|-fail|p1a: Corviknight|heal
|
|-end|p1a: Corviknight|Encore
|upkeep
|turn|50
|
|t:|1781281088
|switch|p1a: Clodsire|Clodsire, M|100/100
|move|p2a: Ogerpon|Encore||[still]
|-fail|p2a: Ogerpon
|
|upkeep
|turn|51
|
|t:|1781281095
|move|p2a: Ogerpon|Ivy Cudgel|p1a: Clodsire
|-crit|p1a: Clodsire
|-damage|p1a: Clodsire|19/100
|move|p1a: Clodsire|Toxic|p2a: Ogerpon
|-status|p2a: Ogerpon|tox
|
|-damage|p2a: Ogerpon|95/100 tox|[from] psn
|upkeep
|turn|52
|
|t:|1781281102
|move|p2a: Ogerpon|Knock Off|p1a: Clodsire
|-crit|p1a: Clodsire
|-damage|p1a: Clodsire|0 fnt
|-enditem|p1a: Clodsire|Heavy-Duty Boots|[from] move: Knock Off|[of] p2a: Ogerpon
|faint|p1a: Clodsire
|
|-damage|p2a: Ogerpon|83/100 tox|[from] psn
|upkeep
|
|t:|1781281109
|switch|p1a: Corviknight|Corviknight, M|100/100
|-ability|p1a: Corviknight|Pressure
|turn|53
|
|t:|1781281116
|move|p2a: Ogerpon|Knock Off|p1a: Corviknight
|-damage|p1a: Corviknight|16/100
|-enditem|p1a: Corviknight|Heavy-Duty Boots|[from] move: Knock Off|[of] p2a: Ogerpon
|move|p1a: Corviknight|Roost|p1a: Corviknight
|-heal|p1a: Corviknight|66/100
|-singleturn|p1a: Corviknight|move: Roost
|
|-damage|p2a: Ogerpon|65/100 tox|[from] psn
|upkeep
|turn|54
|
|t:|1781281126
|switch|p2a: Garchomp|Garchomp, F|90/100
|move|p1a: Corviknight|Roost|p1a: Corviknight
|-heal|p1a: Corviknight|100/100
|-singleturn|p1a: Corviknight|move: Roost
|
|upkeep
|turn|55
|
|t:|1781281140
|move|p1a: Corviknight|Defog|p2a: Garchomp
|-unboost|p2a: Garchomp|evasion|1
|-sideend|p1: n1ghtzz33|Stealth Rock|[from] move: Defog|[of] p1a: Corviknight
|move|p2a: Garchomp|Dragon Tail|p1a: Corviknight
|-resisted|p1a: Corviknight
|-damage|p1a: Corviknight|91/100
|drag|p1a: Clefable|Clefable, M, tera:Ice|67/100 psn
|
|-heal|p1a: Clefable|73/100 psn|[from] item: Leftovers
|upkeep
|turn|56
|
|t:|1781281154
|switch|p2a: Alomomola|Alomomola, F|100/100
|move|p1a: Clefable|Moonblast|p2a: Alomomola
|-damage|p2a: Alomomola|85/100
|
|-heal|p1a: Clefable|79/100 psn|[from] item: Leftovers
|upkeep
|turn|57
|
|t:|1781281168
|switch|p1a: Alomomola|Alomomola, M|96/100
|move|p2a: Alomomola|Flip Turn|p1a: Alomomola
|-resisted|p1a: Alomomola
|-damage|p1a: Alomomola|91/100
|
|t:|1781281174
|switch|p2a: Garchomp|Garchomp, F|90/100|[from] Flip Turn
|
|upkeep
|turn|58
|
|t:|1781281188
|move|p2a: Garchomp|Stealth Rock|p1a: Alomomola
|-sidestart|p1: n1ghtzz33|move: Stealth Rock
|move|p1a: Alomomola|Flip Turn|p2a: Garchomp
|-damage|p2a: Garchomp|81/100
|-damage|p1a: Alomomola|78/100|[from] ability: Rough Skin|[of] p2a: Garchomp
|-damage|p1a: Alomomola|62/100|[from] item: Rocky Helmet|[of] p2a: Garchomp
|
|t:|1781281202
|switch|p1a: Quagsire|Quagsire, M|99/100|[from] Flip Turn
|
|upkeep
|turn|59
|
|t:|1781281216
|switch|p2a: Corviknight|Corviknight, M|68/100
|-ability|p2a: Corviknight|Pressure
|move|p1a: Quagsire|Stealth Rock|p2a: Corviknight
|-sidestart|p2: Yespoleon|move: Stealth Rock
|
|upkeep
|turn|60
|
|t:|1781281223
|switch|p1a: Alomomola|Alomomola, M|95/100
|move|p2a: Corviknight|Defog|p1a: Alomomola
|-unboost|p1a: Alomomola|evasion|1
|-sideend|p1: n1ghtzz33|Stealth Rock|[from] move: Defog|[of] p2a: Corviknight
|-sideend|p2: Yespoleon|Stealth Rock|[from] move: Defog|[of] p2a: Corviknight
|
|upkeep
|turn|61
|
|t:|1781281230
|move|p2a: Corviknight|Brave Bird|p1a: Alomomola
|-damage|p1a: Alomomola|68/100
|-damage|p2a: Corviknight|58/100|[from] Recoil
|move|p1a: Alomomola|Wish|p1a: Alomomola
|
|upkeep
|turn|62
|
|t:|1781281238
|move|p2a: Corviknight|Roost|p2a: Corviknight
|-heal|p2a: Corviknight|100/100
|-singleturn|p2a: Corviknight|move: Roost
|move|p1a: Alomomola|Flip Turn|p2a: Corviknight
|-damage|p2a: Corviknight|87/100
|
|t:|1781281245
|switch|p1a: Clefable|Clefable, M, tera:Ice|79/100 psn|[from] Flip Turn
|
|-heal|p1a: Clefable|100/100 psn|[from] move: Wish|[wisher] Alomomola
|upkeep
|turn|63
|
|t:|1781281258
|switch|p1a: Quagsire|Quagsire, M|99/100
|move|p2a: Corviknight|Brave Bird|p1a: Quagsire
|-damage|p1a: Quagsire|74/100
|-damage|p2a: Corviknight|78/100|[from] Recoil
|
|upkeep
|turn|64
|
|t:|1781281266
|move|p2a: Corviknight|Brave Bird|p1a: Quagsire
|-damage|p1a: Quagsire|51/100
|-damage|p2a: Corviknight|71/100|[from] Recoil
|move|p1a: Quagsire|Recover|p1a: Quagsire
|-heal|p1a: Quagsire|100/100
|
|upkeep
|turn|65
|
|t:|1781281273
|move|p2a: Corviknight|Brave Bird|p1a: Quagsire
|-damage|p1a: Quagsire|77/100
|-damage|p2a: Corviknight|63/100|[from] Recoil
|move|p1a: Quagsire|Stealth Rock|p2a: Corviknight
|-sidestart|p2: Yespoleon|move: Stealth Rock
|
|upkeep
|turn|66
|
|t:|1781281281
|move|p2a: Corviknight|Defog|p1a: Quagsire
|-unboost|p1a: Quagsire|evasion|1
|-sideend|p2: Yespoleon|Stealth Rock|[from] move: Defog|[of] p2a: Corviknight
|move|p1a: Quagsire|Recover|p1a: Quagsire
|-heal|p1a: Quagsire|100/100
|
|upkeep
|turn|67
|
|t:|1781281295
|move|p2a: Corviknight|Brave Bird|p1a: Quagsire
|-damage|p1a: Quagsire|76/100
|-damage|p2a: Corviknight|55/100|[from] Recoil
|move|p1a: Quagsire|Stealth Rock|p2a: Corviknight
|-sidestart|p2: Yespoleon|move: Stealth Rock
|
|upkeep
|turn|68
|
|t:|1781281303
|move|p2a: Corviknight|Defog|p1a: Quagsire
|-unboost|p1a: Quagsire|evasion|1
|-sideend|p2: Yespoleon|Stealth Rock|[from] move: Defog|[of] p2a: Corviknight
|move|p1a: Quagsire|Recover|p1a: Quagsire
|-heal|p1a: Quagsire|100/100
|
|upkeep
|turn|69
|
|t:|1781281310
|move|p2a: Corviknight|Brave Bird|p1a: Quagsire
|-damage|p1a: Quagsire|74/100
|-damage|p2a: Corviknight|46/100|[from] Recoil
|move|p1a: Quagsire|Recover|p1a: Quagsire
|-heal|p1a: Quagsire|100/100
|
|upkeep
|turn|70
|
|t:|1781281317
|move|p2a: Corviknight|Brave Bird|p1a: Quagsire
|-damage|p1a: Quagsire|77/100
|-damage|p2a: Corviknight|38/100|[from] Recoil
|move|p1a: Quagsire|Stealth Rock|p2a: Corviknight
|-sidestart|p2: Yespoleon|move: Stealth Rock
|
|upkeep
|turn|71
|
|t:|1781281325
|move|p2a: Corviknight|Defog|p1a: Quagsire
|-unboost|p1a: Quagsire|evasion|1
|-sideend|p2: Yespoleon|Stealth Rock|[from] move: Defog|[of] p2a: Corviknight
|move|p1a: Quagsire|Recover|p1a: Quagsire
|-heal|p1a: Quagsire|100/100
|
|upkeep
|turn|72
|
|t:|1781281333
|move|p2a: Corviknight|Roost|p2a: Corviknight
|-heal|p2a: Corviknight|88/100
|-singleturn|p2a: Corviknight|move: Roost
|move|p1a: Quagsire|Stealth Rock|p2a: Corviknight
|-sidestart|p2: Yespoleon|move: Stealth Rock
|
|upkeep
|turn|73
|
|t:|1781281340
|switch|p1a: Corviknight|Corviknight, M|91/100
|-ability|p1a: Corviknight|Pressure
|move|p2a: Corviknight|Defog|p1a: Corviknight
|-unboost|p1a: Corviknight|evasion|1
|-sideend|p2: Yespoleon|Stealth Rock|[from] move: Defog|[of] p2a: Corviknight
|
|upkeep
|turn|74
|
|t:|1781281347
|move|p1a: Corviknight|Iron Defense|p1a: Corviknight
|-boost|p1a: Corviknight|def|2
|move|p2a: Corviknight|U-turn|p1a: Corviknight
|-resisted|p1a: Corviknight
|-damage|p1a: Corviknight|90/100
|
|t:|1781281354
|switch|p2a: Garchomp|Garchomp, F|81/100|[from] U-turn
|
|upkeep
|turn|75
|
|t:|1781281367
|move|p1a: Corviknight|Body Press|p2a: Garchomp
|-damage|p2a: Garchomp|49/100
|-damage|p1a: Corviknight|78/100|[from] ability: Rough Skin|[of] p2a: Garchomp
|-damage|p1a: Corviknight|62/100|[from] item: Rocky Helmet|[of] p2a: Garchomp
|move|p2a: Garchomp|Dragon Tail|p1a: Corviknight
|-resisted|p1a: Corviknight
|-damage|p1a: Corviknight|57/100
|drag|p1a: Clefable|Clefable, M, tera:Ice|100/100 psn
|
|upkeep
|turn|76
|
|t:|1781281382
|switch|p2a: Alomomola|Alomomola, F|100/100
|move|p1a: Clefable|Moonblast|p2a: Alomomola
|-damage|p2a: Alomomola|84/100
|
|upkeep
|turn|77
|
|t:|1781281395
|switch|p1a: Corviknight|Corviknight, M|57/100
|-ability|p1a: Corviknight|Pressure
|move|p2a: Alomomola|Flip Turn|p1a: Corviknight
|-damage|p1a: Corviknight|47/100
|
|t:|1781281403
|switch|p2a: Garchomp|Garchomp, F|49/100|[from] Flip Turn
|
|upkeep
|turn|78
|
|t:|1781281416
|move|p2a: Garchomp|Stealth Rock|p1a: Corviknight
|-sidestart|p1: n1ghtzz33|move: Stealth Rock
|move|p1a: Corviknight|Roost|p1a: Corviknight
|-heal|p1a: Corviknight|97/100
|-singleturn|p1a: Corviknight|move: Roost
|
|upkeep
|turn|79
|l| darkrat18
|
|t:|1781281430
|move|p1a: Corviknight|Defog|p2a: Garchomp
|-unboost|p2a: Garchomp|evasion|1
|-sideend|p1: n1ghtzz33|Stealth Rock|[from] move: Defog|[of] p1a: Corviknight
|move|p2a: Garchomp|Dragon Tail|p1a: Corviknight
|-resisted|p1a: Corviknight
|-damage|p1a: Corviknight|89/100
|drag|p1a: Clefable|Clefable, M, tera:Ice|100/100 psn
|
|upkeep
|turn|80
|
|t:|1781281444
|switch|p2a: Alomomola|Alomomola, F|100/100
|move|p1a: Clefable|Moonblast|p2a: Alomomola
|-damage|p2a: Alomomola|84/100
|-unboost|p2a: Alomomola|spa|1
|
|upkeep
|turn|81
|
|t:|1781281457
|switch|p1a: Toxapex|Toxapex, F|100/100
|move|p2a: Alomomola|Flip Turn|p1a: Toxapex
|-resisted|p1a: Toxapex
|-crit|p1a: Toxapex
|-damage|p1a: Toxapex|93/100
|
|t:|1781281461
|switch|p2a: Corviknight|Corviknight, M|88/100|[from] Flip Turn
|-ability|p2a: Corviknight|Pressure
|
|upkeep
|turn|82
|
|t:|1781281469
|move|p2a: Corviknight|Brave Bird|p1a: Toxapex
|-damage|p1a: Toxapex|71/100
|-damage|p2a: Corviknight|83/100|[from] Recoil
|move|p1a: Toxapex|Toxic|p2a: Corviknight
|-immune|p2a: Corviknight
|
|upkeep
|turn|83
|
|t:|1781281476
|switch|p1a: Alomomola|Alomomola, M|100/100
|move|p2a: Corviknight|Brave Bird|p1a: Alomomola
|-crit|p1a: Alomomola
|-damage|p1a: Alomomola|64/100
|-damage|p2a: Corviknight|69/100|[from] Recoil
|
|upkeep
|turn|84
|
|t:|1781281485
|move|p2a: Corviknight|U-turn|p1a: Alomomola
|-damage|p1a: Alomomola|55/100
|
|t:|1781281487
|switch|p2a: Alomomola|Alomomola, F|100/100|[from] U-turn
|move|p1a: Alomomola|Flip Turn|p2a: Alomomola
|-resisted|p2a: Alomomola
|-damage|p2a: Alomomola|94/100
|
|t:|1781281501
|switch|p1a: Corviknight|Corviknight, M|89/100|[from] Flip Turn
|-ability|p1a: Corviknight|Pressure
|
|upkeep
|turn|85
|
|t:|1781281514
|move|p1a: Corviknight|Iron Defense|p1a: Corviknight
|-boost|p1a: Corviknight|def|2
|move|p2a: Alomomola|Flip Turn|p1a: Corviknight
|-damage|p1a: Corviknight|83/100
|
|t:|1781281517
|switch|p2a: Garchomp|Garchomp, F|49/100|[from] Flip Turn
|
|upkeep
|turn|86
|
|t:|1781281531
|move|p1a: Corviknight|Body Press|p2a: Garchomp
|-damage|p2a: Garchomp|21/100
|-damage|p1a: Corviknight|71/100|[from] ability: Rough Skin|[of] p2a: Garchomp
|-damage|p1a: Corviknight|55/100|[from] item: Rocky Helmet|[of] p2a: Garchomp
|move|p2a: Garchomp|Dragon Tail|p1a: Corviknight
|-resisted|p1a: Corviknight
|-damage|p1a: Corviknight|51/100
|drag|p1a: Toxapex|Toxapex, F|100/100
|
|upkeep
|turn|87
|
|t:|1781281545
|move|p2a: Garchomp|Earthquake|p1a: Toxapex
|-supereffective|p1a: Toxapex
|-damage|p1a: Toxapex|47/100
|move|p1a: Toxapex|Toxic|p2a: Garchomp
|-status|p2a: Garchomp|tox
|
|-damage|p2a: Garchomp|14/100 tox|[from] psn
|upkeep
|turn|88
|
|t:|1781281552
|switch|p1a: Alomomola|Alomomola, M|88/100
|move|p2a: Garchomp|Stealth Rock|p1a: Alomomola
|-sidestart|p1: n1ghtzz33|move: Stealth Rock
|
|-damage|p2a: Garchomp|2/100 tox|[from] psn
|upkeep
|turn|89
|
|t:|1781281560
|move|p2a: Garchomp|Spikes|p1a: Alomomola
|-sidestart|p1: n1ghtzz33|Spikes
|move|p1a: Alomomola|Wish|p1a: Alomomola
|
|-damage|p2a: Garchomp|0 fnt|[from] psn
|faint|p2a: Garchomp
|upkeep
|
|t:|1781281566
|switch|p2a: Alomomola|Alomomola, F|100/100
|turn|90
|
|t:|1781281579
|switch|p1a: Corviknight|Corviknight, M|51/100
|-damage|p1a: Corviknight|38/100|[from] Stealth Rock
|-ability|p1a: Corviknight|Pressure
|move|p2a: Alomomola|Flip Turn|p1a: Corviknight
|-damage|p1a: Corviknight|28/100
|
|t:|1781281584
|switch|p2a: Ogerpon|Ogerpon, F|65/100 tox|[from] Flip Turn
|
|-heal|p1a: Corviknight|88/100|[from] move: Wish|[wisher] Alomomola
|-damage|p2a: Ogerpon|59/100 tox|[from] psn
|upkeep
|turn|91
|
|t:|1781281591
|move|p2a: Ogerpon|Swords Dance|p2a: Ogerpon
|-boost|p2a: Ogerpon|atk|2
|move|p1a: Corviknight|Defog|p2a: Ogerpon
|-unboost|p2a: Ogerpon|evasion|1
|-ability|p2a: Ogerpon|Defiant|boost
|-boost|p2a: Ogerpon|atk|2
|-sideend|p1: n1ghtzz33|Spikes|[from] move: Defog|[of] p1a: Corviknight
|-sideend|p1: n1ghtzz33|Stealth Rock|[from] move: Defog|[of] p1a: Corviknight
|
|-damage|p2a: Ogerpon|47/100 tox|[from] psn
|upkeep
|turn|92
|-message|Yespoleon forfeited.
|
|win|n1ghtzz33
|raw|n1ghtzz33's rating: 1535 &rarr; <strong>1555</strong><br />(+20 for winning)
|raw|Yespoleon's rating: 1543 &rarr; <strong>1523</strong><br />(-20 for losing)
|l|☆Yespoleon
|player|p2|
