|j|☆ja hoi
|j|☆dsekop
|t:|1780912116
|gametype|singles
|player|p1|ja hoi|101|1574
|player|p2|dsekop|unknown|1633
|gen|9
|tier|[Gen 9] OU
|rated|
|rule|HP Percentage Mod: HP is shown in percentages
|rule|Endless Battle Clause: Forcing endless battles is banned
|rule|Species Clause: Limit one of each Pokémon
|rule|OHKO Clause: OHKO moves are banned
|rule|Evasion Items Clause: Evasion items are banned
|rule|Evasion Moves Clause: Evasion moves are banned
|rule|Evasion Abilities Clause: Evasion abilities are banned
|rule|Sleep Moves Clause: Sleep-inducing moves are banned
|clearpoke
|poke|p1|Quaquaval, F|
|poke|p1|Zamazenta-*|
|poke|p1|Dragapult, M|
|poke|p1|Garganacl, M|
|poke|p1|Grimmsnarl, M|
|poke|p1|Iron Moth|
|poke|p2|Glimmora, F|
|poke|p2|Iron Treads|
|poke|p2|Polteageist-Antique|
|poke|p2|Raging Bolt|
|poke|p2|Dragonite, F|
|poke|p2|Zamazenta-*|
|teampreview
|inactive|Battle timer is ON: inactive players will automatically lose when time's up. (requested by dsekop)
|inactive|ja hoi has 120 seconds left.
|
|t:|1780912151
|teamsize|p1|6
|teamsize|p2|6
|start
|switch|p1a: Grimmsnarl|Grimmsnarl, M|100/100
|switch|p2a: Iron Treads|Iron Treads|100/100
|-enditem|p2a: Iron Treads|Booster Energy
|-activate|p2a: Iron Treads|ability: Quark Drive|[fromitem]
|-start|p2a: Iron Treads|quarkdrivespe
|turn|1
|
|t:|1780912160
|move|p1a: Grimmsnarl|Taunt|p2a: Iron Treads
|-start|p2a: Iron Treads|move: Taunt
|cant|p2a: Iron Treads|move: Taunt|Stealth Rock
|
|upkeep
|turn|2
|
|t:|1780912165
|move|p1a: Grimmsnarl|Reflect|p1a: Grimmsnarl
|-sidestart|p1: ja hoi|Reflect
|move|p2a: Iron Treads|Knock Off|p1a: Grimmsnarl
|-resisted|p1a: Grimmsnarl
|-damage|p1a: Grimmsnarl|97/100
|-enditem|p1a: Grimmsnarl|Light Clay|[from] move: Knock Off|[of] p2a: Iron Treads
|
|upkeep
|turn|3
|
|t:|1780912170
|move|p1a: Grimmsnarl|Light Screen|p1a: Grimmsnarl
|-sidestart|p1: ja hoi|move: Light Screen
|move|p2a: Iron Treads|Knock Off|p1a: Grimmsnarl
|-resisted|p1a: Grimmsnarl
|-damage|p1a: Grimmsnarl|94/100
|
|-end|p2a: Iron Treads|move: Taunt
|upkeep
|turn|4
|
|t:|1780912176
|move|p1a: Grimmsnarl|Parting Shot|p2a: Iron Treads
|-unboost|p2a: Iron Treads|atk|1
|-unboost|p2a: Iron Treads|spa|1
|
|t:|1780912181
|switch|p1a: Quaquaval|Quaquaval, F|100/100|[from] Parting Shot
|move|p2a: Iron Treads|Knock Off|p1a: Quaquaval
|-resisted|p1a: Quaquaval
|-damage|p1a: Quaquaval|95/100
|-enditem|p1a: Quaquaval|Mystic Water|[from] move: Knock Off|[of] p2a: Iron Treads
|
|upkeep
|turn|5
|
|t:|1780912189
|move|p2a: Iron Treads|Stealth Rock|p1a: Quaquaval
|-sidestart|p1: ja hoi|move: Stealth Rock
|move|p1a: Quaquaval|Aqua Step|p2a: Iron Treads
|-supereffective|p2a: Iron Treads
|-damage|p2a: Iron Treads|40/100
|-boost|p1a: Quaquaval|spe|1
|
|upkeep
|turn|6
|
|t:|1780912195
|-end|p2a: Iron Treads|Quark Drive|[silent]
|switch|p2a: Polteageist|Polteageist-Antique|100/100
|move|p1a: Quaquaval|Aqua Step|p2a: Polteageist
|-damage|p2a: Polteageist|26/100
|-boost|p1a: Quaquaval|spe|1
|-ability|p2a: Polteageist|Weak Armor|boost
|-unboost|p2a: Polteageist|def|1
|-boost|p2a: Polteageist|spe|2
|
|upkeep
|turn|7
|
|t:|1780912204
|move|p1a: Quaquaval|Aqua Jet|p2a: Polteageist
|-damage|p2a: Polteageist|0 fnt
|faint|p2a: Polteageist
|-ability|p1a: Quaquaval|Moxie|boost
|-boost|p1a: Quaquaval|atk|1
|
|-sideend|p1: ja hoi|move: Light Screen
|upkeep
|
|t:|1780912212
|switch|p2a: Raging Bolt|Raging Bolt|100/100
|-enditem|p2a: Raging Bolt|Booster Energy
|-activate|p2a: Raging Bolt|ability: Protosynthesis|[fromitem]
|-start|p2a: Raging Bolt|protosynthesisspa
|turn|8
|
|t:|1780912218
|switch|p1a: Grimmsnarl|Grimmsnarl, M|94/100
|-damage|p1a: Grimmsnarl|82/100|[from] Stealth Rock
|move|p2a: Raging Bolt|Thunderclap||[still]
|-fail|p2a: Raging Bolt
|
|upkeep
|turn|9
|
|t:|1780912224
|move|p1a: Grimmsnarl|Light Screen|p1a: Grimmsnarl
|-sidestart|p1: ja hoi|move: Light Screen
|move|p2a: Raging Bolt|Calm Mind|p2a: Raging Bolt
|-boost|p2a: Raging Bolt|spa|1
|-boost|p2a: Raging Bolt|spd|1
|
|-sideend|p1: ja hoi|Reflect
|upkeep
|turn|10
|
|t:|1780912229
|move|p1a: Grimmsnarl|Taunt|p2a: Raging Bolt
|-start|p2a: Raging Bolt|move: Taunt
|cant|p2a: Raging Bolt|move: Taunt|Calm Mind
|
|upkeep
|turn|11
|
|t:|1780912258
|move|p1a: Grimmsnarl|Reflect|p1a: Grimmsnarl
|-sidestart|p1: ja hoi|Reflect
|move|p2a: Raging Bolt|Thunderbolt|p1a: Grimmsnarl
|-damage|p1a: Grimmsnarl|46/100
|
|upkeep
|turn|12
|
|t:|1780912267
|move|p1a: Grimmsnarl|Parting Shot|p2a: Raging Bolt
|-unboost|p2a: Raging Bolt|atk|1
|-unboost|p2a: Raging Bolt|spa|1
|
|t:|1780912286
|switch|p1a: Garganacl|Garganacl, M|100/100|[from] Parting Shot
|-damage|p1a: Garganacl|88/100|[from] Stealth Rock
|move|p2a: Raging Bolt|Dragon Pulse|p1a: Garganacl
|-damage|p1a: Garganacl|67/100
|
|-heal|p1a: Garganacl|73/100|[from] item: Leftovers
|-end|p2a: Raging Bolt|move: Taunt
|upkeep
|turn|13
|
|t:|1780912295
|move|p2a: Raging Bolt|Thunderbolt|p1a: Garganacl
|-damage|p1a: Garganacl|52/100
|move|p1a: Garganacl|Salt Cure|p2a: Raging Bolt
|-damage|p2a: Raging Bolt|88/100
|-start|p2a: Raging Bolt|Salt Cure
|
|-heal|p1a: Garganacl|58/100|[from] item: Leftovers
|-damage|p2a: Raging Bolt|76/100|[from] Salt Cure
|-sideend|p1: ja hoi|move: Light Screen
|upkeep
|turn|14
|
|t:|1780912305
|move|p2a: Raging Bolt|Thunderbolt|p1a: Garganacl
|-crit|p1a: Garganacl
|-damage|p1a: Garganacl|0 fnt
|faint|p1a: Garganacl
|
|-damage|p2a: Raging Bolt|64/100|[from] Salt Cure
|upkeep
|
|t:|1780912310
|switch|p1a: Grimmsnarl|Grimmsnarl, M|46/100
|-damage|p1a: Grimmsnarl|33/100|[from] Stealth Rock
|turn|15
|
|t:|1780912317
|move|p1a: Grimmsnarl|Light Screen|p1a: Grimmsnarl
|-sidestart|p1: ja hoi|move: Light Screen
|move|p2a: Raging Bolt|Calm Mind|p2a: Raging Bolt
|-boost|p2a: Raging Bolt|spa|1
|-boost|p2a: Raging Bolt|spd|1
|
|-damage|p2a: Raging Bolt|51/100|[from] Salt Cure
|-sideend|p1: ja hoi|Reflect
|upkeep
|turn|16
|
|t:|1780912324
|move|p1a: Grimmsnarl|Reflect|p1a: Grimmsnarl
|-sidestart|p1: ja hoi|Reflect
|move|p2a: Raging Bolt|Calm Mind|p2a: Raging Bolt
|-boost|p2a: Raging Bolt|spa|1
|-boost|p2a: Raging Bolt|spd|1
|
|-damage|p2a: Raging Bolt|39/100|[from] Salt Cure
|upkeep
|turn|17
|
|t:|1780912332
|move|p1a: Grimmsnarl|Taunt|p2a: Raging Bolt
|-start|p2a: Raging Bolt|move: Taunt
|cant|p2a: Raging Bolt|move: Taunt|Calm Mind
|
|-damage|p2a: Raging Bolt|27/100|[from] Salt Cure
|upkeep
|turn|18
|
|t:|1780912339
|move|p1a: Grimmsnarl|Taunt||[still]
|-fail|p1a: Grimmsnarl
|move|p2a: Raging Bolt|Thunderbolt|p1a: Grimmsnarl
|-damage|p1a: Grimmsnarl|0 fnt
|faint|p1a: Grimmsnarl
|
|-damage|p2a: Raging Bolt|15/100|[from] Salt Cure
|upkeep
|
|t:|1780912347
|switch|p1a: Quaquaval|Quaquaval, F|95/100
|-damage|p1a: Quaquaval|89/100|[from] Stealth Rock
|turn|19
|
|t:|1780912354
|-terastallize|p1a: Quaquaval|Water
|move|p1a: Quaquaval|Aqua Jet|p2a: Raging Bolt
|-resisted|p2a: Raging Bolt
|-damage|p2a: Raging Bolt|2/100
|move|p2a: Raging Bolt|Thunderbolt|p1a: Quaquaval
|-supereffective|p1a: Quaquaval
|-damage|p1a: Quaquaval|0 fnt
|faint|p1a: Quaquaval
|
|-damage|p2a: Raging Bolt|0 fnt|[from] Salt Cure
|faint|p2a: Raging Bolt
|-end|p2a: Raging Bolt|Protosynthesis|[silent]
|-sideend|p1: ja hoi|move: Light Screen
|upkeep
|c|☆ja hoi|ahhhhhhhhhhhhhhhhhhhhhhhhhhhhhhhhhhhhhhhhhhhhh
|
|t:|1780912367
|switch|p1a: Zamazenta|Zamazenta|100/100
|switch|p2a: Glimmora|Glimmora, F|100/100
|-damage|p1a: Zamazenta|94/100|[from] Stealth Rock
|-ability|p1a: Zamazenta|Dauntless Shield|boost
|-boost|p1a: Zamazenta|def|1
|turn|20
|
|t:|1780912374
|move|p2a: Glimmora|Sludge Wave|p1a: Zamazenta
|-damage|p1a: Zamazenta|55/100
|move|p1a: Zamazenta|Iron Defense|p1a: Zamazenta
|-boost|p1a: Zamazenta|def|2
|
|-heal|p1a: Zamazenta|61/100|[from] item: Leftovers
|-sideend|p1: ja hoi|Reflect
|upkeep
|turn|21
|
|t:|1780912383
|move|p2a: Glimmora|Sludge Wave|p1a: Zamazenta
|-damage|p1a: Zamazenta|21/100
|move|p1a: Zamazenta|Body Press|p2a: Glimmora
|-damage|p2a: Glimmora|6/100
|-activate|p2a: Glimmora|ability: Toxic Debris
|-sidestart|p1: ja hoi|move: Toxic Spikes
|
|-heal|p1a: Zamazenta|27/100|[from] item: Leftovers
|upkeep
|turn|22
|
|t:|1780912392
|move|p2a: Glimmora|Sludge Wave|p1a: Zamazenta
|-damage|p1a: Zamazenta|0 fnt
|faint|p1a: Zamazenta
|
|upkeep
|
|t:|1780912396
|switch|p1a: Iron Moth|Iron Moth|100/100
|-damage|p1a: Iron Moth|76/100|[from] Stealth Rock
|-sideend|p1: ja hoi|move: Toxic Spikes|[of] p1a: Iron Moth
|-enditem|p1a: Iron Moth|Booster Energy
|-activate|p1a: Iron Moth|ability: Quark Drive|[fromitem]
|-start|p1a: Iron Moth|quarkdrivespa
|turn|23
|
|t:|1780912403
|switch|p2a: Iron Treads|Iron Treads|40/100
|move|p1a: Iron Moth|Agility|p1a: Iron Moth
|-boost|p1a: Iron Moth|spe|2
|
|upkeep
|turn|24
|
|t:|1780912408
|move|p1a: Iron Moth|Fiery Dance|p2a: Iron Treads
|-supereffective|p2a: Iron Treads
|-damage|p2a: Iron Treads|0 fnt
|faint|p2a: Iron Treads
|-end|p2a: Iron Treads|Quark Drive|[silent]
|
|upkeep
|
|t:|1780912410
|switch|p2a: 快龙一定要快|Dragonite, F|100/100
|turn|25
|
|t:|1780912416
|-terastallize|p2a: 快龙一定要快|Normal
|move|p1a: Iron Moth|Sludge Wave|p2a: 快龙一定要快
|-damage|p2a: 快龙一定要快|65/100
|move|p2a: 快龙一定要快|Earthquake|p1a: Iron Moth
|-supereffective|p1a: Iron Moth
|-damage|p1a: Iron Moth|0 fnt
|faint|p1a: Iron Moth
|-end|p1a: Iron Moth|Quark Drive|[silent]
|
|upkeep
|
|t:|1780912424
|switch|p1a: Dragapult|Dragapult, M|100/100
|-damage|p1a: Dragapult|88/100|[from] Stealth Rock
|turn|26
|
|t:|1780912428
|move|p1a: Dragapult|Dragon Dance|p1a: Dragapult
|-boost|p1a: Dragapult|atk|1
|-boost|p1a: Dragapult|spe|1
|move|p2a: 快龙一定要快|Earthquake|p1a: Dragapult
|-damage|p1a: Dragapult|5/100
|
|-heal|p1a: Dragapult|11/100|[from] item: Leftovers
|upkeep
|turn|27
|
|t:|1780912435
|move|p1a: Dragapult|Dragon Darts|p2a: 快龙一定要快
|-damage|p2a: 快龙一定要快|27/100
|-anim|p1a: Dragapult|Dragon Darts|p2a: 快龙一定要快
|-damage|p2a: 快龙一定要快|0 fnt
|faint|p2a: 快龙一定要快
|
|-heal|p1a: Dragapult|17/100|[from] item: Leftovers
|upkeep
|
|t:|1780912439
|switch|p2a: Zamazenta|Zamazenta|100/100
|-ability|p2a: Zamazenta|Dauntless Shield|boost
|-boost|p2a: Zamazenta|def|1
|turn|28
|
|t:|1780912445
|move|p1a: Dragapult|Dragon Darts|p2a: Zamazenta
|-damage|p2a: Zamazenta|81/100
|-anim|p1a: Dragapult|Dragon Darts|p2a: Zamazenta
|-damage|p2a: Zamazenta|61/100
|move|p2a: Zamazenta|Crunch|p1a: Dragapult
|-supereffective|p1a: Dragapult
|-damage|p1a: Dragapult|0 fnt
|faint|p1a: Dragapult
|
|win|dsekop
|raw|ja hoi's rating: 1574 &rarr; <strong>1557</strong><br />(-17 for losing)
|raw|dsekop's rating: 1633 &rarr; <strong>1650</strong><br />(+17 for winning)
|l|☆ja hoi
|player|p1|
