|j|☆ChessDennis
|j|☆CheetosD
|t:|1780962953
|gametype|singles
|player|p1|ChessDennis|102|1526
|player|p2|CheetosD|hexmaniac-gen6|1565
|gen|9
|tier|[Gen 9] OU
|rated|
|rule|HP Percentage Mod: HP is shown in percentages
|rule|Endless Battle Clause: Forcing endless battles is banned
|rule|Species Clause: Limit one of each Pokémon
|rule|OHKO Clause: OHKO moves are banned
|rule|Evasion Items Clause: Evasion items are banned
|rule|Evasion Moves Clause: Evasion moves are banned
|rule|Evasion Abilities Clause: Evasion abilities are banned
|rule|Sleep Moves Clause: Sleep-inducing moves are banned
|clearpoke
|poke|p1|Ninetales-Alola, F|
|poke|p1|Iron Crown|
|poke|p1|Meowscarada, F|
|poke|p1|Ursaluna, F|
|poke|p1|Alomomola, M|
|poke|p1|Hatterene, F|
|poke|p2|Kleavor, M|
|poke|p2|Ogerpon-Wellspring, F|
|poke|p2|Goodra-Hisui, M|
|poke|p2|Weezing-Galar, F|
|poke|p2|Armarouge, M|
|poke|p2|Kingambit, M|
|teampreview
|inactive|Battle timer is ON: inactive players will automatically lose when time's up. (requested by CheetosD)
|inactive|ChessDennis has 120 seconds left.
|
|t:|1780962988
|teamsize|p1|6
|teamsize|p2|6
|start
|switch|p1a: Alomomola|Alomomola, M|100/100
|switch|p2a: Kleavor|Kleavor, M|100/100
|turn|1
|
|t:|1780962995
|move|p2a: Kleavor|Stone Axe|p1a: Alomomola
|-damage|p1a: Alomomola|61/100
|-sidestart|p1: ChessDennis|move: Stealth Rock
|move|p1a: Alomomola|Flip Turn|p2a: Kleavor
|-supereffective|p2a: Kleavor
|-damage|p2a: Kleavor|13/100
|
|t:|1780963000
|switch|p1a: Meowscarada|Meowscarada, F|100/100|[from] Flip Turn
|-damage|p1a: Meowscarada|88/100|[from] Stealth Rock
|
|upkeep
|turn|2
|
|t:|1780963006
|switch|p2a: Weezing|Weezing-Galar, F|100/100
|move|p1a: Meowscarada|Knock Off|p2a: Weezing
|-start|p1a: Meowscarada|typechange|Dark|[from] ability: Protean
|-resisted|p2a: Weezing
|-damage|p2a: Weezing|84/100
|-enditem|p2a: Weezing|Heavy-Duty Boots|[from] move: Knock Off|[of] p1a: Meowscarada
|
|upkeep
|turn|3
|
|t:|1780963013
|switch|p1a: Hatterene|Hatterene, F|100/100
|move|p2a: Weezing|Will-O-Wisp|p1a: Hatterene
|move|p1a: Hatterene|Will-O-Wisp|p2a: Weezing|[from] ability: Magic Bounce
|-status|p2a: Weezing|brn
|
|-damage|p2a: Weezing|78/100 brn|[from] brn
|upkeep
|turn|4
|
|t:|1780963023
|switch|p1a: Iron Crown|Iron Crown|100/100
|-damage|p1a: Iron Crown|94/100|[from] Stealth Rock
|move|p2a: Weezing|Strange Steam|p1a: Iron Crown
|-resisted|p1a: Iron Crown
|-damage|p1a: Iron Crown|82/100
|
|-damage|p2a: Weezing|72/100 brn|[from] brn
|upkeep
|turn|5
|
|t:|1780963030
|switch|p2a: Goodra|Goodra-Hisui, M|100/100
|move|p1a: Iron Crown|Agility|p1a: Iron Crown
|-boost|p1a: Iron Crown|spe|2
|
|upkeep
|turn|6
|
|t:|1780963039
|move|p1a: Iron Crown|Calm Mind|p1a: Iron Crown
|-boost|p1a: Iron Crown|spa|1
|-boost|p1a: Iron Crown|spd|1
|move|p2a: Goodra|Knock Off|p1a: Iron Crown
|-supereffective|p1a: Iron Crown
|-damage|p1a: Iron Crown|43/100
|-enditem|p1a: Iron Crown|Weakness Policy
|-boost|p1a: Iron Crown|atk|2|[from] item: Weakness Policy
|-boost|p1a: Iron Crown|spa|2|[from] item: Weakness Policy
|
|upkeep
|turn|7
|
|t:|1780963048
|-terastallize|p1a: Iron Crown|Steel
|move|p1a: Iron Crown|Stored Power|p2a: Goodra
|-resisted|p2a: Goodra
|-damage|p2a: Goodra|57/100
|move|p2a: Goodra|Earthquake|p1a: Iron Crown
|-supereffective|p1a: Iron Crown
|-damage|p1a: Iron Crown|10/100
|
|upkeep
|turn|8
|
|t:|1780963056
|move|p1a: Iron Crown|Stored Power|p2a: Goodra
|-resisted|p2a: Goodra
|-damage|p2a: Goodra|13/100
|move|p2a: Goodra|Earthquake|p1a: Iron Crown
|-supereffective|p1a: Iron Crown
|-damage|p1a: Iron Crown|0 fnt
|faint|p1a: Iron Crown
|-end|p1a: Iron Crown|Quark Drive|[silent]
|
|upkeep
|
|t:|1780963062
|switch|p1a: Meowscarada|Meowscarada, F|88/100
|-damage|p1a: Meowscarada|76/100|[from] Stealth Rock
|turn|9
|j| kanitanku
|
|t:|1780963067
|switch|p2a: Weezing|Weezing-Galar, F|72/100 brn
|move|p1a: Meowscarada|Knock Off|p2a: Weezing
|-start|p1a: Meowscarada|typechange|Dark|[from] ability: Protean
|-resisted|p2a: Weezing
|-damage|p2a: Weezing|61/100 brn
|
|-damage|p2a: Weezing|55/100 brn|[from] brn
|upkeep
|turn|10
|
|t:|1780963076
|switch|p1a: Hatterene|Hatterene, F|100/100
|move|p2a: Weezing|Pain Split|p1a: Hatterene
|-sethp|p1a: Hatterene|82/100|[from] move: Pain Split|[silent]
|-sethp|p2a: Weezing|71/100 brn|[from] move: Pain Split
|
|-damage|p2a: Weezing|65/100 brn|[from] brn
|upkeep
|turn|11
|
|t:|1780963081
|switch|p2a: Goodra|Goodra-Hisui, M|13/100
|move|p1a: Hatterene|Trick Room|p1a: Hatterene
|-fieldstart|move: Trick Room|[of] p1a: Hatterene
|
|upkeep
|turn|12
|
|t:|1780963085
|move|p1a: Hatterene|Draining Kiss|p2a: Goodra
|-damage|p2a: Goodra|0 fnt
|-heal|p1a: Hatterene|94/100|[from] drain|[of] p2a: Goodra
|faint|p2a: Goodra
|
|upkeep
|
|t:|1780963092
|switch|p2a: Kingambit|Kingambit, M|100/100
|-activate|p2a: Kingambit|ability: Supreme Overlord
|-start|p2a: Kingambit|fallen1|[silent]
|turn|13
|
|t:|1780963097
|move|p1a: Hatterene|Draining Kiss|p2a: Kingambit
|-damage|p2a: Kingambit|72/100
|-heal|p1a: Hatterene|100/100|[from] drain|[of] p2a: Kingambit
|move|p2a: Kingambit|Iron Head|p1a: Hatterene
|-supereffective|p1a: Hatterene
|-damage|p1a: Hatterene|0 fnt
|faint|p1a: Hatterene
|
|-heal|p2a: Kingambit|78/100|[from] item: Leftovers
|upkeep
|
|t:|1780963099
|switch|p1a: Ursaluna|Ursaluna, F|100/100
|-damage|p1a: Ursaluna|94/100|[from] Stealth Rock
|turn|14
|
|t:|1780963110
|-end|p2a: Kingambit|fallen1|[silent]
|switch|p2a: Weezing|Weezing-Galar, F|65/100 brn
|move|p1a: Ursaluna|Facade|p2a: Weezing
|-damage|p2a: Weezing|32/100 brn
|
|-damage|p2a: Weezing|26/100 brn|[from] brn
|-status|p1a: Ursaluna|brn|[from] item: Flame Orb
|upkeep
|turn|15
|
|t:|1780963115
|move|p1a: Ursaluna|Facade|p2a: Weezing
|-damage|p2a: Weezing|0 fnt
|faint|p2a: Weezing
|
|-damage|p1a: Ursaluna|88/100 brn|[from] brn
|-fieldend|move: Trick Room
|upkeep
|
|t:|1780963119
|switch|p2a: Ogerpon|Ogerpon-Wellspring, F|100/100
|turn|16
|
|t:|1780963127
|switch|p1a: Ninetales|Ninetales-Alola, F|100/100
|-damage|p1a: Ninetales|76/100|[from] Stealth Rock
|-weather|Snowscape|[from] ability: Snow Warning|[of] p1a: Ninetales
|move|p2a: Ogerpon|Ivy Cudgel|p1a: Ninetales|[anim] Ivy Cudgel Water
|-damage|p1a: Ninetales|27/100
|
|-weather|Snowscape|[upkeep]
|upkeep
|turn|17
|
|t:|1780963136
|move|p1a: Ninetales|Pain Split|p2a: Ogerpon
|-sethp|p2a: Ogerpon|64/100|[from] move: Pain Split|[silent]
|-sethp|p1a: Ninetales|64/100|[from] move: Pain Split
|move|p2a: Ogerpon|Ivy Cudgel|p1a: Ninetales|[anim] Ivy Cudgel Water
|-crit|p1a: Ninetales
|-damage|p1a: Ninetales|0 fnt
|faint|p1a: Ninetales
|
|-weather|Snowscape|[upkeep]
|upkeep
|
|t:|1780963139
|switch|p1a: Meowscarada|Meowscarada, F|76/100
|-damage|p1a: Meowscarada|64/100|[from] Stealth Rock
|turn|18
|
|t:|1780963142
|switch|p2a: Kingambit|Kingambit, M|78/100
|-activate|p2a: Kingambit|ability: Supreme Overlord
|-start|p2a: Kingambit|fallen2|[silent]
|move|p1a: Meowscarada|U-turn|p2a: Kingambit
|-start|p1a: Meowscarada|typechange|Bug|[from] ability: Protean
|-damage|p2a: Kingambit|58/100
|
|t:|1780963145
|switch|p1a: Alomomola|Alomomola, M|94/100|[from] U-turn
|-damage|p1a: Alomomola|82/100|[from] Stealth Rock
|
|-weather|Snowscape|[upkeep]
|-heal|p2a: Kingambit|64/100|[from] item: Leftovers
|upkeep
|turn|19
|
|t:|1780963150
|move|p2a: Kingambit|Kowtow Cleave|p1a: Alomomola
|-damage|p1a: Alomomola|32/100
|move|p1a: Alomomola|Flip Turn|p2a: Kingambit
|-damage|p2a: Kingambit|38/100
|
|t:|1780963152
|switch|p1a: Meowscarada|Meowscarada, F|64/100|[from] Flip Turn
|-damage|p1a: Meowscarada|51/100|[from] Stealth Rock
|
|-weather|Snowscape|[upkeep]
|-heal|p2a: Kingambit|44/100|[from] item: Leftovers
|upkeep
|turn|20
|
|t:|1780963156
|move|p2a: Kingambit|Sucker Punch|p1a: Meowscarada
|-resisted|p1a: Meowscarada
|-damage|p1a: Meowscarada|22/100
|move|p1a: Meowscarada|U-turn|p2a: Kingambit
|-start|p1a: Meowscarada|typechange|Bug|[from] ability: Protean
|-damage|p2a: Kingambit|25/100
|
|t:|1780963159
|switch|p1a: Alomomola|Alomomola, M|65/100|[from] U-turn
|-damage|p1a: Alomomola|53/100|[from] Stealth Rock
|
|-weather|none
|-heal|p2a: Kingambit|31/100|[from] item: Leftovers
|upkeep
|turn|21
|
|t:|1780963162
|-end|p2a: Kingambit|fallen2|[silent]
|switch|p2a: Ogerpon|Ogerpon-Wellspring, F|64/100
|move|p1a: Alomomola|Aqua Jet|p2a: Ogerpon
|-heal|p2a: Ogerpon|89/100|[from] ability: Water Absorb|[of] p1a: Alomomola
|
|upkeep
|turn|22
|
|t:|1780963167
|switch|p1a: Meowscarada|Meowscarada, F|22/100
|-damage|p1a: Meowscarada|9/100|[from] Stealth Rock
|move|p2a: Ogerpon|Horn Leech|p1a: Meowscarada
|-resisted|p1a: Meowscarada
|-damage|p1a: Meowscarada|0 fnt
|-heal|p2a: Ogerpon|93/100|[from] drain|[of] p1a: Meowscarada
|faint|p1a: Meowscarada
|
|upkeep
|
|t:|1780963169
|switch|p1a: Alomomola|Alomomola, M|86/100
|-damage|p1a: Alomomola|74/100|[from] Stealth Rock
|turn|23
|
|t:|1780963171
|move|p2a: Ogerpon|Horn Leech|p1a: Alomomola
|-supereffective|p1a: Alomomola
|-damage|p1a: Alomomola|0 fnt
|-heal|p2a: Ogerpon|100/100|[from] drain|[of] p1a: Alomomola
|faint|p1a: Alomomola
|
|upkeep
|
|t:|1780963174
|switch|p1a: Ursaluna|Ursaluna, F|88/100 brn
|-damage|p1a: Ursaluna|82/100 brn|[from] Stealth Rock
|turn|24
|
|t:|1780963177
|-terastallize|p2a: Ogerpon|Water
|detailschange|p2a: Ogerpon|Ogerpon-Wellspring-Tera, F, tera:Water
|-ability|p2a: Ogerpon|Embody Aspect (Wellspring)|boost
|-boost|p2a: Ogerpon|spd|1
|move|p2a: Ogerpon|Ivy Cudgel|p1a: Ursaluna|[anim] Ivy Cudgel Water
|-supereffective|p1a: Ursaluna
|-damage|p1a: Ursaluna|0 fnt
|faint|p1a: Ursaluna
|
|win|CheetosD
|raw|ChessDennis's rating: 1526 &rarr; <strong>1509</strong><br />(-17 for losing)
|raw|CheetosD's rating: 1587 &rarr; <strong>1604</strong><br />(+17 for winning)
|l| kanitanku
