|j|☆employment devil
|j|‽roxty
|t:|1781032909
|gametype|singles
|player|p1|employment devil|lusamine-nihilego|1653
|player|p2|roxty|265|1753
|gen|9
|tier|[Gen 9] OU
|rated|
|rule|HP Percentage Mod: HP is shown in percentages
|rule|Endless Battle Clause: Forcing endless battles is banned
|rule|Species Clause: Limit one of each Pokémon
|rule|OHKO Clause: OHKO moves are banned
|rule|Evasion Items Clause: Evasion items are banned
|rule|Evasion Moves Clause: Evasion moves are banned
|rule|Evasion Abilities Clause: Evasion abilities are banned
|rule|Sleep Moves Clause: Sleep-inducing moves are banned
|clearpoke
|poke|p1|Torkoal, F|
|poke|p1|Raging Bolt|
|poke|p1|Walking Wake|
|poke|p1|Great Tusk|
|poke|p1|Hatterene, F|
|poke|p1|Slither Wing|
|poke|p2|Gliscor, F|
|poke|p2|Blissey, F|
|poke|p2|Clefable, F|
|poke|p2|Toxapex, F|
|poke|p2|Dondozo, F|
|poke|p2|Corviknight, M|
|teampreview
|inactive|Battle timer is ON: inactive players will automatically lose when time's up. (requested by roxty)
|c|☆employment devil|hf
|
|t:|1781032917
|teamsize|p1|6
|teamsize|p2|6
|start
|switch|p1a: 10 packs deep|Torkoal, F, shiny|100/100
|switch|p2a: Gliscor|Gliscor, F, shiny|100/100
|-weather|SunnyDay|[from] ability: Drought|[of] p1a: 10 packs deep
|turn|1
|
|t:|1781032922
|switch|p1a: Gyatt in the hat|Hatterene, F, shiny|100/100
|move|p2a: Gliscor|Protect||[still]
|-fail|p2a: Gliscor
|
|-weather|SunnyDay|[upkeep]
|-status|p2a: Gliscor|tox|[from] item: Toxic Orb
|upkeep
|turn|2
|
|t:|1781032928
|move|p2a: Gliscor|Knock Off|p1a: Gyatt in the hat
|-damage|p1a: Gyatt in the hat|85/100
|-enditem|p1a: Gyatt in the hat|Eject Button|[from] move: Knock Off|[of] p2a: Gliscor
|move|p1a: Gyatt in the hat|Psychic Noise|p2a: Gliscor
|-crit|p2a: Gliscor
|-damage|p2a: Gliscor|44/100 tox
|-start|p2a: Gliscor|move: Heal Block
|
|-weather|SunnyDay|[upkeep]
|upkeep
|turn|3
|
|t:|1781032931
|move|p2a: Gliscor|Protect|p2a: Gliscor
|-singleturn|p2a: Gliscor|Protect
|move|p1a: Gyatt in the hat|Psychic Noise|p2a: Gliscor
|-activate|p2a: Gliscor|move: Protect
|
|-weather|SunnyDay|[upkeep]
|-end|p2a: Gliscor|move: Heal Block
|upkeep
|turn|4
|
|t:|1781032941
|switch|p2a: Blissey|Blissey, F|100/100
|move|p1a: Gyatt in the hat|Psychic Noise|p2a: Blissey
|-damage|p2a: Blissey|90/100
|-start|p2a: Blissey|move: Heal Block
|
|-weather|SunnyDay|[upkeep]
|upkeep
|turn|5
|
|t:|1781032945
|switch|p1a: name censored|Great Tusk, shiny|100/100
|-activate|p1a: name censored|ability: Protosynthesis
|-start|p1a: name censored|protosynthesisatk
|move|p2a: Blissey|Calm Mind|p2a: Blissey
|-boost|p2a: Blissey|spa|1
|-boost|p2a: Blissey|spd|1
|
|-weather|SunnyDay|[upkeep]
|-end|p2a: Blissey|move: Heal Block
|upkeep
|turn|6
|
|t:|1781032949
|switch|p2a: Dondozo|Dondozo, F, shiny|100/100
|move|p1a: name censored|Headlong Rush|p2a: Dondozo
|-damage|p2a: Dondozo|63/100
|-unboost|p1a: name censored|def|1
|-unboost|p1a: name censored|spd|1
|
|-weather|SunnyDay|[upkeep]
|upkeep
|turn|7
|
|t:|1781032954
|move|p1a: name censored|Headlong Rush|p2a: Dondozo
|-damage|p2a: Dondozo|26/100
|-unboost|p1a: name censored|def|1
|-unboost|p1a: name censored|spd|1
|move|p2a: Dondozo|Rest|p2a: Dondozo
|-status|p2a: Dondozo|slp|[from] move: Rest
|-heal|p2a: Dondozo|100/100 slp|[silent]
|
|-weather|SunnyDay|[upkeep]
|upkeep
|turn|8
|
|t:|1781032961
|switch|p2a: Corviknight|Corviknight, M, shiny|100/100
|-ability|p2a: Corviknight|Pressure
|move|p1a: name censored|Headlong Rush|p2a: Corviknight
|-immune|p2a: Corviknight
|
|-weather|none
|-end|p1a: name censored|Protosynthesis
|upkeep
|turn|9
|
|t:|1781032965
|-end|p1a: name censored|Protosynthesis|[silent]
|switch|p1a: 10 packs deep|Torkoal, F, shiny|100/100
|-weather|SunnyDay|[from] ability: Drought|[of] p1a: 10 packs deep
|switch|p2a: Gliscor|Gliscor, F, shiny|44/100 tox
|
|-weather|SunnyDay|[upkeep]
|-heal|p2a: Gliscor|57/100 tox|[from] ability: Poison Heal
|upkeep
|turn|10
|
|t:|1781032970
|switch|p1a: Gyatt in the hat|Hatterene, F, shiny|85/100
|move|p2a: Gliscor|Knock Off|p1a: Gyatt in the hat
|-damage|p1a: Gyatt in the hat|76/100
|
|-weather|SunnyDay|[upkeep]
|-heal|p2a: Gliscor|69/100 tox|[from] ability: Poison Heal
|upkeep
|turn|11
|
|t:|1781032973
|move|p2a: Gliscor|Protect|p2a: Gliscor
|-singleturn|p2a: Gliscor|Protect
|move|p1a: Gyatt in the hat|Psychic Noise|p2a: Gliscor
|-activate|p2a: Gliscor|move: Protect
|
|-weather|SunnyDay|[upkeep]
|-heal|p2a: Gliscor|82/100 tox|[from] ability: Poison Heal
|upkeep
|turn|12
|
|t:|1781032977
|switch|p2a: Clefable|Clefable, F|100/100
|move|p1a: Gyatt in the hat|Psychic Noise|p2a: Clefable
|-damage|p2a: Clefable|69/100
|-start|p2a: Clefable|move: Heal Block
|
|-weather|SunnyDay|[upkeep]
|upkeep
|turn|13
|
|t:|1781032989
|move|p2a: Clefable|Moonblast|p1a: Gyatt in the hat
|-damage|p1a: Gyatt in the hat|44/100
|move|p1a: Gyatt in the hat|Dazzling Gleam|p2a: Clefable
|-damage|p2a: Clefable|32/100
|
|-weather|SunnyDay|[upkeep]
|-end|p2a: Clefable|move: Heal Block
|upkeep
|turn|14
|
|t:|1781032996
|move|p2a: Clefable|Moonlight|p2a: Clefable
|-heal|p2a: Clefable|99/100
|move|p1a: Gyatt in the hat|Psychic Noise|p2a: Clefable
|-damage|p2a: Clefable|69/100
|-start|p2a: Clefable|move: Heal Block
|
|-weather|SunnyDay|[upkeep]
|upkeep
|turn|15
|
|t:|1781033002
|move|p2a: Clefable|Moonblast|p1a: Gyatt in the hat
|-damage|p1a: Gyatt in the hat|12/100
|move|p1a: Gyatt in the hat|Psychic Noise|p2a: Clefable
|-damage|p2a: Clefable|35/100
|
|-weather|SunnyDay|[upkeep]
|-end|p2a: Clefable|move: Heal Block
|upkeep
|turn|16
|
|t:|1781033008
|move|p2a: Clefable|Moonlight|p2a: Clefable
|-heal|p2a: Clefable|100/100
|move|p1a: Gyatt in the hat|Psychic Noise|p2a: Clefable
|-damage|p2a: Clefable|71/100
|-start|p2a: Clefable|move: Heal Block
|
|-weather|none
|upkeep
|turn|17
|
|t:|1781033014
|move|p2a: Clefable|Moonblast|p1a: Gyatt in the hat
|-damage|p1a: Gyatt in the hat|0 fnt
|faint|p1a: Gyatt in the hat
|
|-end|p2a: Clefable|move: Heal Block
|upkeep
|
|t:|1781033025
|switch|p1a: RagingStormZoner|Raging Bolt|100/100
|turn|18
|
|t:|1781033029
|move|p1a: RagingStormZoner|Volt Switch|p2a: Clefable
|-damage|p2a: Clefable|11/100
|
|t:|1781033041
|-end|p1a: RagingStormZoner|Protosynthesis|[silent]
|switch|p1a: Dangerous flaps|Slither Wing, shiny|100/100|[from] Volt Switch
|move|p2a: Clefable|Knock Off|p1a: Dangerous flaps
|-resisted|p1a: Dangerous flaps
|-damage|p1a: Dangerous flaps|95/100
|-enditem|p1a: Dangerous flaps|Rocky Helmet|[from] move: Knock Off|[of] p2a: Clefable
|
|upkeep
|turn|19
|
|t:|1781033047
|switch|p2a: Toxapex|Toxapex, F, shiny|100/100
|move|p1a: Dangerous flaps|U-turn|p2a: Toxapex
|-resisted|p2a: Toxapex
|-damage|p2a: Toxapex|89/100
|
|t:|1781033050
|-end|p1a: Dangerous flaps|Protosynthesis|[silent]
|switch|p1a: 10 packs deep|Torkoal, F, shiny|100/100|[from] U-turn
|-weather|SunnyDay|[from] ability: Drought|[of] p1a: 10 packs deep
|
|-weather|SunnyDay|[upkeep]
|upkeep
|turn|20
|
|t:|1781033053
|move|p2a: Toxapex|Toxic|p1a: 10 packs deep
|-status|p1a: 10 packs deep|tox
|move|p1a: 10 packs deep|Stealth Rock|p2a: Toxapex
|-sidestart|p2: roxty|move: Stealth Rock
|
|-weather|SunnyDay|[upkeep]
|-damage|p1a: 10 packs deep|94/100 tox|[from] psn
|upkeep
|turn|21
|
|t:|1781033058
|switch|p1a: Dangerous flaps|Slither Wing, shiny|95/100
|-activate|p1a: Dangerous flaps|ability: Protosynthesis
|-start|p1a: Dangerous flaps|protosynthesisdef
|move|p2a: Toxapex|Infestation|p1a: Dangerous flaps
|-resisted|p1a: Dangerous flaps
|-damage|p1a: Dangerous flaps|94/100
|-activate|p1a: Dangerous flaps|move: Infestation|[of] p2a: Toxapex
|
|-weather|SunnyDay|[upkeep]
|-damage|p1a: Dangerous flaps|82/100|[from] move: Infestation|[partiallytrapped]
|upkeep
|turn|22
|
|t:|1781033063
|move|p1a: Dangerous flaps|Will-O-Wisp|p2a: Toxapex
|-status|p2a: Toxapex|brn
|move|p2a: Toxapex|Recover|p2a: Toxapex
|-heal|p2a: Toxapex|100/100 brn
|
|-weather|SunnyDay|[upkeep]
|-damage|p2a: Toxapex|95/100 brn|[from] brn
|-damage|p1a: Dangerous flaps|69/100|[from] move: Infestation|[partiallytrapped]
|upkeep
|turn|23
|
|t:|1781033067
|move|p1a: Dangerous flaps|U-turn|p2a: Toxapex
|-resisted|p2a: Toxapex
|-damage|p2a: Toxapex|84/100 brn
|
|t:|1781033069
|-end|p1a: Dangerous flaps|Protosynthesis|[silent]
|switch|p1a: name censored|Great Tusk, shiny|100/100|[from] U-turn
|-activate|p1a: name censored|ability: Protosynthesis
|-start|p1a: name censored|protosynthesisatk
|move|p2a: Toxapex|Toxic|p1a: name censored
|-status|p1a: name censored|tox
|
|-weather|SunnyDay|[upkeep]
|-damage|p1a: name censored|94/100 tox|[from] psn
|-damage|p2a: Toxapex|78/100 brn|[from] brn
|upkeep
|turn|24
|
|t:|1781033074
|switch|p2a: Corviknight|Corviknight, M, shiny|100/100
|-damage|p2a: Corviknight|88/100|[from] Stealth Rock
|-ability|p2a: Corviknight|Pressure
|move|p1a: name censored|Headlong Rush|p2a: Corviknight
|-immune|p2a: Corviknight
|
|-weather|SunnyDay|[upkeep]
|-heal|p2a: Corviknight|94/100|[from] item: Leftovers
|-damage|p1a: name censored|82/100 tox|[from] psn
|upkeep
|turn|25
|
|t:|1781033078
|move|p2a: Corviknight|Protect|p2a: Corviknight
|-singleturn|p2a: Corviknight|Protect
|move|p1a: name censored|Temper Flare|p2a: Corviknight
|-activate|p2a: Corviknight|move: Protect
|
|-weather|SunnyDay|[upkeep]
|-heal|p2a: Corviknight|99/100|[from] item: Leftovers
|-damage|p1a: name censored|63/100 tox|[from] psn
|upkeep
|turn|26
|
|t:|1781033086
|switch|p2a: Clefable|Clefable, F|11/100
|move|p1a: name censored|Ice Spinner|p2a: Clefable
|-damage|p2a: Clefable|0 fnt
|faint|p2a: Clefable
|
|-weather|none
|-end|p1a: name censored|Protosynthesis
|-damage|p1a: name censored|39/100 tox|[from] psn
|upkeep
|
|t:|1781033094
|switch|p2a: Dondozo|Dondozo, F, shiny|100/100 slp
|turn|27
|
|t:|1781033097
|-end|p1a: name censored|Protosynthesis|[silent]
|switch|p1a: 10 packs deep|Torkoal, F, shiny|94/100 tox
|-weather|SunnyDay|[from] ability: Drought|[of] p1a: 10 packs deep
|switch|p2a: Gliscor|Gliscor, F, shiny|82/100 tox
|-damage|p2a: Gliscor|69/100 tox|[from] Stealth Rock
|
|-weather|SunnyDay|[upkeep]
|-heal|p2a: Gliscor|82/100 tox|[from] ability: Poison Heal
|-damage|p1a: 10 packs deep|88/100 tox|[from] psn
|upkeep
|turn|28
|
|t:|1781033104
|switch|p1a: name censored|Great Tusk, shiny|39/100 tox
|-activate|p1a: name censored|ability: Protosynthesis
|-start|p1a: name censored|protosynthesisatk
|move|p2a: Gliscor|Spikes|p1a: name censored
|-sidestart|p1: employment devil|Spikes
|
|-weather|SunnyDay|[upkeep]
|-heal|p2a: Gliscor|94/100 tox|[from] ability: Poison Heal
|-damage|p1a: name censored|32/100 tox|[from] psn
|upkeep
|turn|29
|
|t:|1781033109
|move|p2a: Gliscor|Protect|p2a: Gliscor
|-singleturn|p2a: Gliscor|Protect
|move|p1a: name censored|Rapid Spin|p2a: Gliscor
|-activate|p2a: Gliscor|move: Protect
|
|-weather|SunnyDay|[upkeep]
|-heal|p2a: Gliscor|100/100 tox|[from] ability: Poison Heal
|-damage|p1a: name censored|20/100 tox|[from] psn
|upkeep
|turn|30
|
|t:|1781033127
|move|p2a: Gliscor|Spikes|p1a: name censored
|-sidestart|p1: employment devil|Spikes
|move|p1a: name censored|Rapid Spin|p2a: Gliscor
|-damage|p2a: Gliscor|82/100 tox
|-boost|p1a: name censored|spe|1
|-sideend|p1: employment devil|Spikes|[from] move: Rapid Spin|[of] p1a: name censored
|
|-weather|SunnyDay|[upkeep]
|-damage|p1a: name censored|1/100 tox|[from] psn
|-heal|p2a: Gliscor|94/100 tox|[from] ability: Poison Heal
|upkeep
|turn|31
|
|t:|1781033131
|move|p2a: Gliscor|Protect|p2a: Gliscor
|-singleturn|p2a: Gliscor|Protect
|move|p1a: name censored|Ice Spinner|p2a: Gliscor
|-activate|p2a: Gliscor|move: Protect
|
|-weather|SunnyDay|[upkeep]
|-damage|p1a: name censored|0 fnt|[from] psn
|faint|p1a: name censored
|-end|p1a: name censored|Protosynthesis|[silent]
|-heal|p2a: Gliscor|100/100 tox|[from] ability: Poison Heal
|upkeep
|
|t:|1781033137
|switch|p1a: Waking Bad|Walking Wake|100/100
|-activate|p1a: Waking Bad|ability: Protosynthesis
|-start|p1a: Waking Bad|protosynthesisspe
|turn|32
|
|t:|1781033161
|switch|p2a: Toxapex|Toxapex, F, shiny|100/100 brn
|move|p1a: Waking Bad|Hydro Steam|p2a: Toxapex
|-resisted|p2a: Toxapex
|-damage|p2a: Toxapex|72/100 brn
|
|-weather|SunnyDay|[upkeep]
|-damage|p2a: Toxapex|66/100 brn|[from] brn
|upkeep
|turn|33
|
|t:|1781033169
|-end|p1a: Waking Bad|Protosynthesis|[silent]
|switch|p1a: Dangerous flaps|Slither Wing, shiny|69/100
|-activate|p1a: Dangerous flaps|ability: Protosynthesis
|-start|p1a: Dangerous flaps|protosynthesisdef
|move|p2a: Toxapex|Recover|p2a: Toxapex
|-heal|p2a: Toxapex|100/100 brn
|
|-weather|SunnyDay|[upkeep]
|-damage|p2a: Toxapex|95/100 brn|[from] brn
|upkeep
|turn|34
|
|t:|1781033175
|move|p1a: Dangerous flaps|First Impression|p2a: Toxapex
|-resisted|p2a: Toxapex
|-crit|p2a: Toxapex
|-damage|p2a: Toxapex|71/100 brn
|move|p2a: Toxapex|Toxic|p1a: Dangerous flaps
|-status|p1a: Dangerous flaps|tox
|
|-weather|none
|-end|p1a: Dangerous flaps|Protosynthesis
|-damage|p1a: Dangerous flaps|63/100 tox|[from] psn
|-damage|p2a: Toxapex|65/100 brn|[from] brn
|upkeep
|turn|35
|
|t:|1781033179
|-end|p1a: Dangerous flaps|Protosynthesis|[silent]
|switch|p1a: 10 packs deep|Torkoal, F, shiny|88/100 tox
|-weather|SunnyDay|[from] ability: Drought|[of] p1a: 10 packs deep
|switch|p2a: Gliscor|Gliscor, F, shiny|100/100 tox
|-damage|p2a: Gliscor|88/100 tox|[from] Stealth Rock
|
|-weather|SunnyDay|[upkeep]
|-heal|p2a: Gliscor|100/100 tox|[from] ability: Poison Heal
|-damage|p1a: 10 packs deep|82/100 tox|[from] psn
|upkeep
|turn|36
|
|t:|1781033185
|switch|p1a: Dangerous flaps|Slither Wing, shiny|63/100 tox
|-activate|p1a: Dangerous flaps|ability: Protosynthesis
|-start|p1a: Dangerous flaps|protosynthesisdef
|move|p2a: Gliscor|Spikes|p1a: Dangerous flaps
|-sidestart|p1: employment devil|Spikes
|
|-weather|SunnyDay|[upkeep]
|-damage|p1a: Dangerous flaps|57/100 tox|[from] psn
|upkeep
|turn|37
|
|t:|1781033188
|move|p2a: Gliscor|Spikes|p1a: Dangerous flaps
|-sidestart|p1: employment devil|Spikes
|move|p1a: Dangerous flaps|U-turn|p2a: Gliscor
|-resisted|p2a: Gliscor
|-damage|p2a: Gliscor|88/100 tox
|
|t:|1781033190
|-end|p1a: Dangerous flaps|Protosynthesis|[silent]
|switch|p1a: RagingStormZoner|Raging Bolt|100/100|[from] U-turn
|-damage|p1a: RagingStormZoner|84/100|[from] Spikes
|-activate|p1a: RagingStormZoner|ability: Protosynthesis
|-start|p1a: RagingStormZoner|protosynthesisspa
|
|-weather|SunnyDay|[upkeep]
|-heal|p2a: Gliscor|100/100 tox|[from] ability: Poison Heal
|upkeep
|turn|38
|
|t:|1781033198
|move|p2a: Gliscor|Protect|p2a: Gliscor
|-singleturn|p2a: Gliscor|Protect
|move|p1a: RagingStormZoner|Weather Ball|p2a: Gliscor
|-activate|p2a: Gliscor|move: Protect
|
|-weather|SunnyDay|[upkeep]
|upkeep
|turn|39
|
|t:|1781033206
|switch|p2a: Toxapex|Toxapex, F, shiny|99/100 brn
|-terastallize|p1a: RagingStormZoner|Fire
|move|p1a: RagingStormZoner|Weather Ball|p2a: Toxapex
|-resisted|p2a: Toxapex
|-damage|p2a: Toxapex|43/100 brn
|
|-weather|SunnyDay|[upkeep]
|-damage|p2a: Toxapex|37/100 brn|[from] brn
|upkeep
|turn|40
|
|t:|1781033214
|switch|p2a: Blissey|Blissey, F|90/100
|move|p1a: RagingStormZoner|Weather Ball|p2a: Blissey
|-damage|p2a: Blissey|36/100
|
|-weather|SunnyDay|[upkeep]
|upkeep
|turn|41
|
|t:|1781033228
|switch|p2a: Toxapex|Toxapex, F, shiny|70/100 brn
|move|p1a: RagingStormZoner|Weather Ball|p2a: Toxapex
|-resisted|p2a: Toxapex
|-damage|p2a: Toxapex|19/100 brn
|
|-weather|SunnyDay|[upkeep]
|-damage|p2a: Toxapex|13/100 brn|[from] brn
|upkeep
|turn|42
|
|t:|1781033231
|move|p1a: RagingStormZoner|Weather Ball|p2a: Toxapex
|-resisted|p2a: Toxapex
|-damage|p2a: Toxapex|0 fnt
|faint|p2a: Toxapex
|
|-weather|none
|-end|p1a: RagingStormZoner|Protosynthesis
|upkeep
|
|t:|1781033235
|switch|p2a: Gliscor|Gliscor, F, shiny|100/100 tox
|-damage|p2a: Gliscor|88/100 tox|[from] Stealth Rock
|turn|43
|
|t:|1781033239
|-end|p1a: RagingStormZoner|Protosynthesis|[silent]
|switch|p1a: 10 packs deep|Torkoal, F, shiny|82/100 tox
|-damage|p1a: 10 packs deep|66/100 tox|[from] Spikes
|-weather|SunnyDay|[from] ability: Drought|[of] p1a: 10 packs deep
|move|p2a: Gliscor|Spikes|p1a: 10 packs deep
|-sidestart|p1: employment devil|Spikes
|
|-weather|SunnyDay|[upkeep]
|-heal|p2a: Gliscor|100/100 tox|[from] ability: Poison Heal
|-damage|p1a: 10 packs deep|59/100 tox|[from] psn
|upkeep
|turn|44
|
|t:|1781033244
|switch|p1a: Waking Bad|Walking Wake|100/100
|-damage|p1a: Waking Bad|76/100|[from] Spikes
|-activate|p1a: Waking Bad|ability: Protosynthesis
|-start|p1a: Waking Bad|protosynthesisspe
|move|p2a: Gliscor|Protect||[still]
|-fail|p2a: Gliscor
|
|-weather|SunnyDay|[upkeep]
|upkeep
|turn|45
|
|t:|1781033247
|move|p2a: Gliscor|Protect|p2a: Gliscor
|-singleturn|p2a: Gliscor|Protect
|move|p1a: Waking Bad|Hydro Steam|p2a: Gliscor
|-activate|p2a: Gliscor|move: Protect
|
|-weather|SunnyDay|[upkeep]
|upkeep
|turn|46
|
|t:|1781033256
|switch|p2a: Dondozo|Dondozo, F, shiny|100/100 slp
|move|p1a: Waking Bad|Hydro Steam|p2a: Dondozo
|-resisted|p2a: Dondozo
|-damage|p2a: Dondozo|59/100 slp
|
|-weather|SunnyDay|[upkeep]
|upkeep
|turn|47
|
|t:|1781033261
|move|p1a: Waking Bad|Hydro Steam|p2a: Dondozo
|-resisted|p2a: Dondozo
|-damage|p2a: Dondozo|17/100 slp
|cant|p2a: Dondozo|slp
|move|p2a: Dondozo|Sleep Talk|p2a: Dondozo
|move|p2a: Dondozo|Body Press|p1a: Waking Bad|[from] move: Sleep Talk
|-damage|p1a: Waking Bad|45/100
|
|-weather|SunnyDay|[upkeep]
|upkeep
|turn|48
|
|t:|1781033266
|move|p1a: Waking Bad|Hydro Steam|p2a: Dondozo
|-resisted|p2a: Dondozo
|-damage|p2a: Dondozo|0 fnt
|faint|p2a: Dondozo
|
|-weather|SunnyDay|[upkeep]
|upkeep
|
|t:|1781033268
|switch|p2a: Blissey|Blissey, F|36/100
|turn|49
|
|t:|1781033272
|move|p1a: Waking Bad|Hydro Steam|p2a: Blissey
|-damage|p2a: Blissey|6/100
|move|p2a: Blissey|Soft-Boiled|p2a: Blissey
|-heal|p2a: Blissey|56/100
|
|-weather|SunnyDay|[upkeep]
|upkeep
|turn|50
|
|t:|1781033276
|move|p1a: Waking Bad|Hydro Steam|p2a: Blissey
|-crit|p2a: Blissey
|-damage|p2a: Blissey|13/100
|move|p2a: Blissey|Soft-Boiled|p2a: Blissey
|-heal|p2a: Blissey|63/100
|
|-weather|none
|-end|p1a: Waking Bad|Protosynthesis
|upkeep
|turn|51
|
|t:|1781033281
|-end|p1a: Waking Bad|Protosynthesis|[silent]
|switch|p1a: 10 packs deep|Torkoal, F, shiny|59/100 tox
|-damage|p1a: 10 packs deep|35/100 tox|[from] Spikes
|-weather|SunnyDay|[from] ability: Drought|[of] p1a: 10 packs deep
|move|p2a: Blissey|Seismic Toss|p1a: 10 packs deep
|-damage|p1a: 10 packs deep|5/100 tox
|
|-weather|SunnyDay|[upkeep]
|-damage|p1a: 10 packs deep|0 fnt|[from] psn
|faint|p1a: 10 packs deep
|upkeep
|
|t:|1781033284
|switch|p1a: RagingStormZoner|Raging Bolt, tera:Fire|84/100
|-damage|p1a: RagingStormZoner|59/100|[from] Spikes
|-activate|p1a: RagingStormZoner|ability: Protosynthesis
|-start|p1a: RagingStormZoner|protosynthesisspa
|turn|52
|
|t:|1781033291
|move|p1a: RagingStormZoner|Weather Ball|p2a: Blissey
|-damage|p2a: Blissey|15/100
|move|p2a: Blissey|Soft-Boiled|p2a: Blissey
|-heal|p2a: Blissey|65/100
|
|-weather|SunnyDay|[upkeep]
|upkeep
|turn|53
|
|t:|1781033295
|move|p1a: RagingStormZoner|Weather Ball|p2a: Blissey
|-damage|p2a: Blissey|9/100
|move|p2a: Blissey|Soft-Boiled|p2a: Blissey
|-heal|p2a: Blissey|59/100
|
|-weather|SunnyDay|[upkeep]
|upkeep
|turn|54
|
|t:|1781033298
|move|p1a: RagingStormZoner|Weather Ball|p2a: Blissey
|-damage|p2a: Blissey|4/100
|move|p2a: Blissey|Soft-Boiled|p2a: Blissey
|-heal|p2a: Blissey|54/100
|
|-weather|SunnyDay|[upkeep]
|upkeep
|turn|55
|
|t:|1781033301
|move|p1a: RagingStormZoner|Weather Ball|p2a: Blissey
|-damage|p2a: Blissey|0 fnt
|faint|p2a: Blissey
|
|-weather|SunnyDay|[upkeep]
|upkeep
|
|t:|1781033311
|switch|p2a: Gliscor|Gliscor, F, shiny|100/100 tox
|-damage|p2a: Gliscor|88/100 tox|[from] Stealth Rock
|turn|56
|
|t:|1781033314
|move|p2a: Gliscor|Protect|p2a: Gliscor
|-singleturn|p2a: Gliscor|Protect
|move|p1a: RagingStormZoner|Weather Ball|p2a: Gliscor
|-activate|p2a: Gliscor|move: Protect
|
|-weather|SunnyDay|[upkeep]
|-heal|p2a: Gliscor|100/100 tox|[from] ability: Poison Heal
|upkeep
|turn|57
|
|t:|1781033316
|move|p2a: Gliscor|Knock Off|p1a: RagingStormZoner
|-damage|p1a: RagingStormZoner|42/100
|-enditem|p1a: RagingStormZoner|Choice Specs|[from] move: Knock Off|[of] p2a: Gliscor
|move|p1a: RagingStormZoner|Weather Ball|p2a: Gliscor
|-damage|p2a: Gliscor|0 fnt
|faint|p2a: Gliscor
|
|-weather|SunnyDay|[upkeep]
|upkeep
|
|t:|1781033323
|switch|p2a: Corviknight|Corviknight, M, shiny|99/100
|-damage|p2a: Corviknight|88/100|[from] Stealth Rock
|-ability|p2a: Corviknight|Pressure
|turn|58
|c|☆employment devil|gg
|
|t:|1781033326
|move|p2a: Corviknight|Protect|p2a: Corviknight
|-singleturn|p2a: Corviknight|Protect
|move|p1a: RagingStormZoner|Weather Ball|p2a: Corviknight
|-activate|p2a: Corviknight|move: Protect
|
|-weather|none
|-end|p1a: RagingStormZoner|Protosynthesis
|-heal|p2a: Corviknight|94/100|[from] item: Leftovers
|upkeep
|turn|59
|
|t:|1781033347
|-end|p1a: RagingStormZoner|Protosynthesis|[silent]
|switch|p1a: Dangerous flaps|Slither Wing, shiny|57/100 tox
|-damage|p1a: Dangerous flaps|32/100 tox|[from] Spikes
|move|p2a: Corviknight|Substitute|p2a: Corviknight
|-start|p2a: Corviknight|Substitute
|-damage|p2a: Corviknight|69/100
|
|-heal|p2a: Corviknight|75/100|[from] item: Leftovers
|-damage|p1a: Dangerous flaps|26/100 tox|[from] psn
|upkeep
|turn|60
|
|t:|1781033353
|move|p2a: Corviknight|Protect|p2a: Corviknight
|-singleturn|p2a: Corviknight|Protect
|move|p1a: Dangerous flaps|U-turn|p2a: Corviknight
|-activate|p2a: Corviknight|move: Protect
|
|-heal|p2a: Corviknight|81/100|[from] item: Leftovers
|-damage|p1a: Dangerous flaps|13/100 tox|[from] psn
|upkeep
|turn|61
|
|t:|1781033358
|move|p2a: Corviknight|Substitute|p2a: Corviknight
|-fail|p2a: Corviknight|move: Substitute
|move|p1a: Dangerous flaps|Morning Sun|p1a: Dangerous flaps
|-heal|p1a: Dangerous flaps|63/100 tox
|
|-heal|p2a: Corviknight|87/100|[from] item: Leftovers
|-damage|p1a: Dangerous flaps|45/100 tox|[from] psn
|upkeep
|turn|62
|
|t:|1781033371
|move|p2a: Corviknight|Protect|p2a: Corviknight
|-singleturn|p2a: Corviknight|Protect
|move|p1a: Dangerous flaps|Morning Sun|p1a: Dangerous flaps
|-heal|p1a: Dangerous flaps|95/100 tox
|
|-heal|p2a: Corviknight|93/100|[from] item: Leftovers
|-damage|p1a: Dangerous flaps|70/100 tox|[from] psn
|upkeep
|turn|63
|
|t:|1781033381
|move|p2a: Corviknight|Spite|p1a: Dangerous flaps
|-activate|p1a: Dangerous flaps|move: Spite|Morning Sun|4
|move|p1a: Dangerous flaps|Morning Sun|p1a: Dangerous flaps
|-heal|p1a: Dangerous flaps|100/100 tox
|
|-heal|p2a: Corviknight|99/100|[from] item: Leftovers
|-damage|p1a: Dangerous flaps|69/100 tox|[from] psn
|upkeep
|turn|64
|
|t:|1781033392
|move|p2a: Corviknight|Protect|p2a: Corviknight
|-singleturn|p2a: Corviknight|Protect
|move|p1a: Dangerous flaps|Will-O-Wisp|p2a: Corviknight
|-activate|p2a: Corviknight|move: Protect
|
|-heal|p2a: Corviknight|100/100|[from] item: Leftovers
|-damage|p1a: Dangerous flaps|32/100 tox|[from] psn
|upkeep
|turn|65
|
|t:|1781033403
|move|p1a: Dangerous flaps|First Impression||[still]
|-hint|First Impression only works on your first turn out.
|-fail|p1a: Dangerous flaps
|move|p2a: Corviknight|Substitute|p2a: Corviknight
|-fail|p2a: Corviknight|move: Substitute
|
|-damage|p1a: Dangerous flaps|0 fnt|[from] psn
|faint|p1a: Dangerous flaps
|-end|p1a: Dangerous flaps|Protosynthesis|[silent]
|upkeep
|
|t:|1781033408
|switch|p1a: Waking Bad|Walking Wake|45/100
|-damage|p1a: Waking Bad|21/100|[from] Spikes
|turn|66
|
|t:|1781033413
|move|p2a: Corviknight|Protect|p2a: Corviknight
|-singleturn|p2a: Corviknight|Protect
|move|p1a: Waking Bad|Hydro Steam|p2a: Corviknight
|-activate|p2a: Corviknight|move: Protect
|
|upkeep
|turn|67
|
|t:|1781033417
|move|p1a: Waking Bad|Hydro Steam|p2a: Corviknight
|-end|p2a: Corviknight|Substitute
|move|p2a: Corviknight|Substitute|p2a: Corviknight
|-start|p2a: Corviknight|Substitute
|-damage|p2a: Corviknight|76/100
|
|-heal|p2a: Corviknight|82/100|[from] item: Leftovers
|upkeep
|turn|68
|
|t:|1781033419
|move|p2a: Corviknight|Protect|p2a: Corviknight
|-singleturn|p2a: Corviknight|Protect
|move|p1a: Waking Bad|Hydro Steam|p2a: Corviknight
|-activate|p2a: Corviknight|move: Protect
|
|-heal|p2a: Corviknight|88/100|[from] item: Leftovers
|upkeep
|turn|69
|
|t:|1781033422
|move|p1a: Waking Bad|Hydro Steam|p2a: Corviknight
|-end|p2a: Corviknight|Substitute
|move|p2a: Corviknight|Substitute|p2a: Corviknight
|-start|p2a: Corviknight|Substitute
|-damage|p2a: Corviknight|63/100
|
|-heal|p2a: Corviknight|69/100|[from] item: Leftovers
|upkeep
|turn|70
|
|t:|1781033425
|move|p2a: Corviknight|Protect|p2a: Corviknight
|-singleturn|p2a: Corviknight|Protect
|move|p1a: Waking Bad|Hydro Steam|p2a: Corviknight
|-activate|p2a: Corviknight|move: Protect
|
|-heal|p2a: Corviknight|75/100|[from] item: Leftovers
|upkeep
|turn|71
|
|t:|1781033428
|move|p1a: Waking Bad|Hydro Steam|p2a: Corviknight
|-end|p2a: Corviknight|Substitute
|move|p2a: Corviknight|Substitute|p2a: Corviknight
|-start|p2a: Corviknight|Substitute
|-damage|p2a: Corviknight|50/100
|
|-heal|p2a: Corviknight|56/100|[from] item: Leftovers
|upkeep
|turn|72
|
|t:|1781033432
|move|p1a: Waking Bad|Hydro Steam|p2a: Corviknight
|-end|p2a: Corviknight|Substitute
|move|p2a: Corviknight|Spite|p1a: Waking Bad
|-activate|p1a: Waking Bad|move: Spite|Hydro Steam|3
|
|-heal|p2a: Corviknight|62/100|[from] item: Leftovers
|upkeep
|turn|73
|
|t:|1781033435
|-activate|p1a: Waking Bad|move: Struggle
|move|p1a: Waking Bad|Struggle|p2a: Corviknight
|-damage|p2a: Corviknight|55/100
|-damage|p1a: Waking Bad|0 fnt|[from] recoil
|faint|p1a: Waking Bad
|-end|p1a: Waking Bad|Protosynthesis|[silent]
|move|p2a: Corviknight|Substitute|p2a: Corviknight
|-start|p2a: Corviknight|Substitute
|-damage|p2a: Corviknight|31/100
|
|-heal|p2a: Corviknight|37/100|[from] item: Leftovers
|upkeep
|
|t:|1781033438
|switch|p1a: RagingStormZoner|Raging Bolt, tera:Fire|42/100
|-damage|p1a: RagingStormZoner|17/100|[from] Spikes
|turn|74
|
|t:|1781033442
|move|p2a: Corviknight|Protect|p2a: Corviknight
|-singleturn|p2a: Corviknight|Protect
|move|p1a: RagingStormZoner|Volt Switch|p2a: Corviknight
|-activate|p2a: Corviknight|move: Protect
|
|-heal|p2a: Corviknight|43/100|[from] item: Leftovers
|upkeep
|turn|75
|
|t:|1781033454
|move|p1a: RagingStormZoner|Volt Switch|p2a: Corviknight
|-supereffective|p2a: Corviknight
|-end|p2a: Corviknight|Substitute
|move|p2a: Corviknight|Roost|p2a: Corviknight
|-heal|p2a: Corviknight|93/100
|-singleturn|p2a: Corviknight|move: Roost
|
|-heal|p2a: Corviknight|99/100|[from] item: Leftovers
|upkeep
|turn|76
|
|t:|1781033465
|-terastallize|p2a: Corviknight|Dark
|move|p1a: RagingStormZoner|Volt Switch|p2a: Corviknight
|-damage|p2a: Corviknight|62/100
|move|p2a: Corviknight|Substitute|p2a: Corviknight
|-start|p2a: Corviknight|Substitute
|-damage|p2a: Corviknight|37/100
|
|-heal|p2a: Corviknight|43/100|[from] item: Leftovers
|upkeep
|turn|77
|
|t:|1781033468
|move|p2a: Corviknight|Protect|p2a: Corviknight
|-singleturn|p2a: Corviknight|Protect
|move|p1a: RagingStormZoner|Volt Switch|p2a: Corviknight
|-activate|p2a: Corviknight|move: Protect
|
|-heal|p2a: Corviknight|49/100|[from] item: Leftovers
|upkeep
|turn|78
|
|t:|1781033472
|move|p1a: RagingStormZoner|Volt Switch|p2a: Corviknight
|-end|p2a: Corviknight|Substitute
|move|p2a: Corviknight|Roost|p2a: Corviknight
|-heal|p2a: Corviknight|99/100
|
|-heal|p2a: Corviknight|100/100|[from] item: Leftovers
|upkeep
|turn|79
|
|t:|1781033474
|move|p1a: RagingStormZoner|Volt Switch|p2a: Corviknight
|-damage|p2a: Corviknight|68/100
|move|p2a: Corviknight|Substitute|p2a: Corviknight
|-start|p2a: Corviknight|Substitute
|-damage|p2a: Corviknight|43/100
|
|-heal|p2a: Corviknight|49/100|[from] item: Leftovers
|upkeep
|turn|80
|
|t:|1781033477
|move|p2a: Corviknight|Protect|p2a: Corviknight
|-singleturn|p2a: Corviknight|Protect
|move|p1a: RagingStormZoner|Volt Switch|p2a: Corviknight
|-activate|p2a: Corviknight|move: Protect
|
|-heal|p2a: Corviknight|55/100|[from] item: Leftovers
|upkeep
|turn|81
|
|t:|1781033481
|move|p1a: RagingStormZoner|Volt Switch|p2a: Corviknight
|-end|p2a: Corviknight|Substitute
|move|p2a: Corviknight|Substitute|p2a: Corviknight
|-start|p2a: Corviknight|Substitute
|-damage|p2a: Corviknight|30/100
|
|-heal|p2a: Corviknight|36/100|[from] item: Leftovers
|upkeep
|turn|82
|
|t:|1781033484
|move|p2a: Corviknight|Protect|p2a: Corviknight
|-singleturn|p2a: Corviknight|Protect
|move|p1a: RagingStormZoner|Volt Switch|p2a: Corviknight
|-activate|p2a: Corviknight|move: Protect
|
|-heal|p2a: Corviknight|42/100|[from] item: Leftovers
|upkeep
|turn|83
|
|t:|1781033488
|move|p1a: RagingStormZoner|Volt Switch|p2a: Corviknight
|-end|p2a: Corviknight|Substitute
|move|p2a: Corviknight|Roost|p2a: Corviknight
|-heal|p2a: Corviknight|92/100
|
|-heal|p2a: Corviknight|98/100|[from] item: Leftovers
|upkeep
|turn|84
|
|t:|1781033495
|move|p1a: RagingStormZoner|Volt Switch|p2a: Corviknight
|-damage|p2a: Corviknight|65/100
|move|p2a: Corviknight|Substitute|p2a: Corviknight
|-start|p2a: Corviknight|Substitute
|-damage|p2a: Corviknight|41/100
|
|-heal|p2a: Corviknight|47/100|[from] item: Leftovers
|upkeep
|turn|85
|
|t:|1781033502
|move|p2a: Corviknight|Protect|p2a: Corviknight
|-singleturn|p2a: Corviknight|Protect
|move|p1a: RagingStormZoner|Volt Switch|p2a: Corviknight
|-activate|p2a: Corviknight|move: Protect
|
|-heal|p2a: Corviknight|53/100|[from] item: Leftovers
|upkeep
|turn|86
|
|t:|1781033507
|move|p1a: RagingStormZoner|Volt Switch|p2a: Corviknight
|-end|p2a: Corviknight|Substitute
|move|p2a: Corviknight|Substitute|p2a: Corviknight
|-start|p2a: Corviknight|Substitute
|-damage|p2a: Corviknight|28/100
|
|-heal|p2a: Corviknight|34/100|[from] item: Leftovers
|upkeep
|turn|87
|
|t:|1781033512
|move|p1a: RagingStormZoner|Thunderclap||[still]
|-fail|p1a: RagingStormZoner
|move|p2a: Corviknight|Roost|p2a: Corviknight
|-heal|p2a: Corviknight|84/100
|
|-heal|p2a: Corviknight|90/100|[from] item: Leftovers
|upkeep
|turn|88
|
|t:|1781033520
|move|p1a: RagingStormZoner|Weather Ball|p2a: Corviknight
|-activate|p2a: Corviknight|move: Substitute|[damage]
|move|p2a: Corviknight|Spite|p1a: RagingStormZoner
|-activate|p1a: RagingStormZoner|move: Spite|Weather Ball|1
|
|-heal|p2a: Corviknight|96/100|[from] item: Leftovers
|upkeep
|turn|89
|
|t:|1781033525
|move|p1a: RagingStormZoner|Volt Switch|p2a: Corviknight
|-end|p2a: Corviknight|Substitute
|move|p2a: Corviknight|Spite|p1a: RagingStormZoner
|-activate|p1a: RagingStormZoner|move: Spite|Volt Switch|3
|
|-heal|p2a: Corviknight|100/100|[from] item: Leftovers
|upkeep
|turn|90
|
|t:|1781033530
|move|p1a: RagingStormZoner|Draco Meteor|p2a: Corviknight
|-damage|p2a: Corviknight|39/100
|-unboost|p1a: RagingStormZoner|spa|2
|move|p2a: Corviknight|Substitute|p2a: Corviknight
|-start|p2a: Corviknight|Substitute
|-damage|p2a: Corviknight|14/100
|
|-heal|p2a: Corviknight|20/100|[from] item: Leftovers
|upkeep
|turn|91
|
|t:|1781033535
|move|p2a: Corviknight|Protect|p2a: Corviknight
|-singleturn|p2a: Corviknight|Protect
|move|p1a: RagingStormZoner|Draco Meteor|p2a: Corviknight
|-activate|p2a: Corviknight|move: Protect
|
|-heal|p2a: Corviknight|26/100|[from] item: Leftovers
|upkeep
|turn|92
|c|☆employment devil|gg
|
|t:|1781033539
|move|p1a: RagingStormZoner|Draco Meteor|p2a: Corviknight
|-end|p2a: Corviknight|Substitute
|-unboost|p1a: RagingStormZoner|spa|2
|move|p2a: Corviknight|Roost|p2a: Corviknight
|-heal|p2a: Corviknight|76/100
|
|-heal|p2a: Corviknight|82/100|[from] item: Leftovers
|upkeep
|turn|93
|
|t:|1781033544
|move|p1a: RagingStormZoner|Draco Meteor|p2a: Corviknight|[miss]
|-miss|p1a: RagingStormZoner|p2a: Corviknight
|move|p2a: Corviknight|Spite||[still]
|-fail|p2a: Corviknight
|
|-heal|p2a: Corviknight|88/100|[from] item: Leftovers
|upkeep
|turn|94
|
|t:|1781033547
|move|p1a: RagingStormZoner|Thunderclap||[still]
|-fail|p1a: RagingStormZoner
|move|p2a: Corviknight|Spite|p1a: RagingStormZoner
|-activate|p1a: RagingStormZoner|move: Spite|Thunderclap|4
|
|-heal|p2a: Corviknight|94/100|[from] item: Leftovers
|upkeep
|turn|95
|
|t:|1781033550
|move|p2a: Corviknight|Protect|p2a: Corviknight
|-singleturn|p2a: Corviknight|Protect
|-activate|p1a: RagingStormZoner|move: Struggle
|move|p1a: RagingStormZoner|Struggle|p2a: Corviknight
|-activate|p2a: Corviknight|move: Protect
|
|-heal|p2a: Corviknight|99/100|[from] item: Leftovers
|upkeep
|turn|96
|
|t:|1781033552
|-activate|p1a: RagingStormZoner|move: Struggle
|move|p1a: RagingStormZoner|Struggle|p2a: Corviknight
|-damage|p2a: Corviknight|94/100
|-damage|p1a: RagingStormZoner|0 fnt|[from] recoil
|faint|p1a: RagingStormZoner
|-end|p1a: RagingStormZoner|Protosynthesis|[silent]
|
|win|roxty
|raw|employment devil's rating: 1653 &rarr; <strong>1639</strong><br />(-14 for losing)
|raw|roxty's rating: 1753 &rarr; <strong>1767</strong><br />(+14 for winning)
|l|‽roxty
|player|p2|
|l|☆employment devil
|player|p1|
