|j|☆pyxr
|j|☆Iggy Sent Me
|t:|1781493593
|gametype|singles
|player|p1|pyxr|boarder|1536
|player|p2|Iggy Sent Me|veteran|1486
|gen|9
|tier|[Gen 9] OU
|rated|
|rule|HP Percentage Mod: HP is shown in percentages
|rule|Endless Battle Clause: Forcing endless battles is banned
|rule|Species Clause: Limit one of each Pokémon
|rule|OHKO Clause: OHKO moves are banned
|rule|Evasion Items Clause: Evasion items are banned
|rule|Evasion Moves Clause: Evasion moves are banned
|rule|Evasion Abilities Clause: Evasion abilities are banned
|rule|Sleep Moves Clause: Sleep-inducing moves are banned
|clearpoke
|poke|p1|Volcanion|
|poke|p1|Slowking-Galar, F|
|poke|p1|Zamazenta-*|
|poke|p1|Corviknight, M|
|poke|p1|Hatterene, F|
|poke|p1|Ting-Lu|
|poke|p2|Rotom-Heat|
|poke|p2|Garchomp, M|
|poke|p2|Tornadus-Therian, M|
|poke|p2|Hatterene, F|
|poke|p2|Great Tusk|
|poke|p2|Darkrai|
|teampreview
|inactive|Battle timer is ON: inactive players will automatically lose when time's up. (requested by Iggy Sent Me)
|
|t:|1781493611
|teamsize|p1|6
|teamsize|p2|6
|start
|switch|p1a: Volcanion|Volcanion|100/100
|switch|p2a: Rotom|Rotom-Heat|100/100
|turn|1
|
|t:|1781493619
|switch|p1a: Ting-Lu|Ting-Lu|100/100
|-ability|p1a: Ting-Lu|Vessel of Ruin
|move|p2a: Rotom|Volt Switch|p1a: Ting-Lu
|-immune|p1a: Ting-Lu
|
|upkeep
|turn|2
|
|t:|1781493623
|switch|p2a: Hatterene|Hatterene, F|100/100
|move|p1a: Ting-Lu|Payback|p2a: Hatterene
|-damage|p2a: Hatterene|86/100
|
|-heal|p2a: Hatterene|92/100|[from] item: Leftovers
|upkeep
|turn|3
|
|t:|1781493633
|switch|p1a: Slowking|Slowking-Galar, F, shiny|100/100
|move|p2a: Hatterene|Psychic Noise|p1a: Slowking
|-damage|p1a: Slowking|75/100
|-start|p1a: Slowking|move: Heal Block
|
|-heal|p2a: Hatterene|98/100|[from] item: Leftovers
|upkeep
|turn|4
|
|t:|1781493642
|switch|p2a: Rotom|Rotom-Heat|100/100
|move|p1a: Slowking|Future Sight|p2a: Rotom
|-start|p1a: Slowking|move: Future Sight
|
|-end|p1a: Slowking|move: Heal Block
|upkeep
|turn|5
|
|t:|1781493649
|move|p2a: Rotom|Trick|p1a: Slowking
|-activate|p2a: Rotom|move: Trick|[of] p1a: Slowking
|-item|p1a: Slowking|Choice Scarf|[from] move: Trick
|-item|p2a: Rotom|Black Sludge|[from] move: Trick
|-prepare|p1a: Slowking|Chilly Reception|[premajor]
|move|p1a: Slowking|Chilly Reception|p1a: Slowking
|-weather|Snowscape
|
|t:|1781493657
|switch|p1a: Ting-Lu|Ting-Lu|100/100|[from] Chilly Reception
|-ability|p1a: Ting-Lu|Vessel of Ruin
|
|-weather|Snowscape|[upkeep]
|-damage|p2a: Rotom|88/100|[from] item: Black Sludge
|upkeep
|turn|6
|
|t:|1781493662
|switch|p1a: Slowking|Slowking-Galar, F, shiny|100/100
|move|p2a: Rotom|Trick|p1a: Slowking
|-activate|p2a: Rotom|move: Trick|[of] p1a: Slowking
|-item|p1a: Slowking|Black Sludge|[from] move: Trick
|-item|p2a: Rotom|Choice Scarf|[from] move: Trick
|
|-weather|Snowscape|[upkeep]
|-end|p2a: Rotom|move: Future Sight
|-damage|p2a: Rotom|33/100
|upkeep
|turn|7
|
|t:|1781493670
|move|p2a: Rotom|Will-O-Wisp|p1a: Slowking
|-status|p1a: Slowking|brn
|move|p1a: Slowking|Future Sight|p2a: Rotom
|-start|p1a: Slowking|move: Future Sight
|
|-weather|Snowscape|[upkeep]
|-damage|p1a: Slowking|94/100 brn|[from] brn
|upkeep
|turn|8
|
|t:|1781493679
|switch|p2a: Tornadus|Tornadus-Therian, M|100/100
|-prepare|p1a: Slowking|Chilly Reception|[premajor]
|move|p1a: Slowking|Chilly Reception|p1a: Slowking
|
|t:|1781493690
|switch|p1a: Hatterene|Hatterene, F|100/100|[from] Chilly Reception
|
|-weather|Snowscape|[upkeep]
|upkeep
|turn|9
|
|t:|1781493695
|move|p2a: Tornadus|Knock Off|p1a: Hatterene
|-damage|p1a: Hatterene|84/100
|-damage|p2a: Tornadus|84/100|[from] item: Rocky Helmet|[of] p1a: Hatterene
|-enditem|p1a: Hatterene|Rocky Helmet|[from] move: Knock Off|[of] p2a: Tornadus
|move|p1a: Hatterene|Nuzzle|p2a: Tornadus
|-supereffective|p2a: Tornadus
|-damage|p2a: Tornadus|76/100
|-status|p2a: Tornadus|par
|
|-weather|none
|-end|p2a: Tornadus|move: Future Sight
|-damage|p2a: Tornadus|43/100 par
|upkeep
|turn|10
|
|t:|1781493700
|move|p2a: Tornadus|Bleakwind Storm|p1a: Hatterene
|-damage|p1a: Hatterene|44/100
|move|p1a: Hatterene|Draining Kiss|p2a: Tornadus
|-damage|p2a: Tornadus|27/100 par
|-heal|p1a: Hatterene|58/100|[from] drain|[of] p2a: Tornadus
|
|upkeep
|turn|11
|
|t:|1781493703
|move|p2a: Tornadus|Bleakwind Storm|p1a: Hatterene|[miss]
|-miss|p2a: Tornadus|p1a: Hatterene
|move|p1a: Hatterene|Draining Kiss|p2a: Tornadus
|-damage|p2a: Tornadus|12/100 par
|-heal|p1a: Hatterene|71/100|[from] drain|[of] p2a: Tornadus
|
|upkeep
|turn|12
|
|t:|1781493708
|move|p2a: Tornadus|Bleakwind Storm|p1a: Hatterene
|-damage|p1a: Hatterene|28/100
|move|p1a: Hatterene|Psychic Noise|p2a: Tornadus
|-damage|p2a: Tornadus|0 fnt
|faint|p2a: Tornadus
|
|upkeep
|
|t:|1781493715
|switch|p2a: Garchomp|Garchomp, M|100/100
|turn|13
|
|t:|1781493720
|switch|p1a: Corviknight|Corviknight, M, shiny|100/100
|-ability|p1a: Corviknight|Pressure
|move|p2a: Garchomp|Earthquake|p1a: Corviknight
|-immune|p1a: Corviknight
|
|upkeep
|turn|14
|
|t:|1781493724
|switch|p1a: Hatterene|Hatterene, F|28/100
|move|p2a: Garchomp|Stealth Rock|p1a: Hatterene
|move|p1a: Hatterene|Stealth Rock|p2a: Garchomp|[from] ability: Magic Bounce
|-sidestart|p2: Iggy Sent Me|move: Stealth Rock
|
|upkeep
|turn|15
|
|t:|1781493731
|move|p2a: Garchomp|Earthquake|p1a: Hatterene
|-damage|p1a: Hatterene|0 fnt
|faint|p1a: Hatterene
|
|upkeep
|
|t:|1781493740
|switch|p1a: Corviknight|Corviknight, M, shiny|100/100
|-ability|p1a: Corviknight|Pressure
|turn|16
|
|t:|1781493744
|move|p2a: Garchomp|Stealth Rock|p1a: Corviknight
|-sidestart|p1: pyxr|move: Stealth Rock
|move|p1a: Corviknight|Iron Defense|p1a: Corviknight
|-boost|p1a: Corviknight|def|2
|
|upkeep
|turn|17
|
|t:|1781493751
|move|p2a: Garchomp|Spikes|p1a: Corviknight
|-sidestart|p1: pyxr|Spikes
|move|p1a: Corviknight|Iron Defense|p1a: Corviknight
|-boost|p1a: Corviknight|def|2
|
|upkeep
|turn|18
|
|t:|1781493756
|move|p2a: Garchomp|Spikes|p1a: Corviknight
|-sidestart|p1: pyxr|Spikes
|move|p1a: Corviknight|Body Press|p2a: Garchomp
|-damage|p2a: Garchomp|47/100
|-damage|p1a: Corviknight|88/100|[from] ability: Rough Skin|[of] p2a: Garchomp
|-damage|p1a: Corviknight|72/100|[from] item: Rocky Helmet|[of] p2a: Garchomp
|
|upkeep
|turn|19
|
|t:|1781493765
|switch|p2a: Hatterene|Hatterene, F|98/100
|-damage|p2a: Hatterene|86/100|[from] Stealth Rock
|move|p1a: Corviknight|Defog|p2a: Hatterene
|move|p2a: Hatterene|Defog|p1a: Corviknight|[from] ability: Magic Bounce
|-unboost|p1a: Corviknight|evasion|1
|-sideend|p1: pyxr|Spikes|[from] move: Defog|[of] p2a: Hatterene
|-sideend|p1: pyxr|Stealth Rock|[from] move: Defog|[of] p2a: Hatterene
|-sideend|p2: Iggy Sent Me|Stealth Rock|[from] move: Defog|[of] p2a: Hatterene
|
|-heal|p2a: Hatterene|92/100|[from] item: Leftovers
|upkeep
|turn|20
|
|t:|1781493774
|switch|p1a: Slowking|Slowking-Galar, F, shiny|100/100 brn
|move|p2a: Hatterene|Psychic Noise|p1a: Slowking
|-damage|p1a: Slowking|75/100 brn
|-start|p1a: Slowking|move: Heal Block
|
|-heal|p2a: Hatterene|98/100|[from] item: Leftovers
|-damage|p1a: Slowking|69/100 brn|[from] brn
|upkeep
|turn|21
|
|t:|1781493785
|switch|p2a: Garchomp|Garchomp, M|47/100
|move|p1a: Slowking|Trick|p2a: Garchomp
|-activate|p1a: Slowking|move: Trick|[of] p2a: Garchomp
|-item|p2a: Garchomp|Black Sludge|[from] move: Trick
|-item|p1a: Slowking|Rocky Helmet|[from] move: Trick
|
|-damage|p2a: Garchomp|35/100|[from] item: Black Sludge
|-damage|p1a: Slowking|62/100 brn|[from] brn
|-end|p1a: Slowking|move: Heal Block
|upkeep
|turn|22
|
|t:|1781493791
|switch|p1a: Corviknight|Corviknight, M, shiny|72/100
|-ability|p1a: Corviknight|Pressure
|move|p2a: Garchomp|Stealth Rock|p1a: Corviknight
|-sidestart|p1: pyxr|move: Stealth Rock
|
|-damage|p2a: Garchomp|23/100|[from] item: Black Sludge
|upkeep
|turn|23
|
|t:|1781493800
|switch|p2a: Darkrai|Darkrai|100/100
|move|p1a: Corviknight|Defog|p2a: Darkrai
|-unboost|p2a: Darkrai|evasion|1
|-sideend|p1: pyxr|Stealth Rock|[from] move: Defog|[of] p1a: Corviknight
|
|upkeep
|turn|24
|
|t:|1781493804
|move|p2a: Darkrai|Nasty Plot|p2a: Darkrai
|-boost|p2a: Darkrai|spa|2
|move|p1a: Corviknight|Roost|p1a: Corviknight
|-heal|p1a: Corviknight|100/100
|-singleturn|p1a: Corviknight|move: Roost
|
|upkeep
|turn|25
|
|t:|1781493810
|switch|p1a: Ting-Lu|Ting-Lu|100/100
|-ability|p1a: Ting-Lu|Vessel of Ruin
|move|p2a: Darkrai|Dark Pulse|p1a: Ting-Lu
|-resisted|p1a: Ting-Lu
|-damage|p1a: Ting-Lu|81/100
|
|-heal|p1a: Ting-Lu|87/100|[from] item: Leftovers
|upkeep
|turn|26
|
|t:|1781493813
|move|p2a: Darkrai|Ice Beam|p1a: Ting-Lu
|-supereffective|p1a: Ting-Lu
|-damage|p1a: Ting-Lu|31/100
|move|p1a: Ting-Lu|Earthquake|p2a: Darkrai
|-crit|p2a: Darkrai
|-damage|p2a: Darkrai|24/100
|
|-heal|p2a: Darkrai|30/100|[from] item: Leftovers
|-heal|p1a: Ting-Lu|37/100|[from] item: Leftovers
|upkeep
|turn|27
|
|t:|1781493818
|move|p2a: Darkrai|Ice Beam|p1a: Ting-Lu
|-supereffective|p1a: Ting-Lu
|-damage|p1a: Ting-Lu|0 fnt
|faint|p1a: Ting-Lu
|
|-heal|p2a: Darkrai|36/100|[from] item: Leftovers
|upkeep
|
|t:|1781493821
|switch|p1a: Zamazenta|Zamazenta|100/100
|-ability|p1a: Zamazenta|Dauntless Shield|boost
|-boost|p1a: Zamazenta|def|1
|turn|28
|
|t:|1781493830
|switch|p2a: Hatterene|Hatterene, F|98/100
|move|p1a: Zamazenta|Heavy Slam|p2a: Hatterene
|-supereffective|p2a: Hatterene
|-damage|p2a: Hatterene|2/100
|
|-heal|p2a: Hatterene|8/100|[from] item: Leftovers
|upkeep
|turn|29
|
|t:|1781493834
|switch|p2a: Rotom|Rotom-Heat|33/100
|move|p1a: Zamazenta|Heavy Slam|p2a: Rotom
|-resisted|p2a: Rotom
|-damage|p2a: Rotom|11/100
|
|upkeep
|turn|30
|
|t:|1781493843
|switch|p2a: Great Tusk|Great Tusk|100/100
|switch|p1a: Slowking|Slowking-Galar, F, shiny|96/100 brn
|
|-damage|p1a: Slowking|90/100 brn|[from] brn
|upkeep
|turn|31
|
|t:|1781493848
|-end|p2a: Great Tusk|Protosynthesis|[silent]
|switch|p2a: Garchomp|Garchomp, M|23/100
|switch|p1a: Corviknight|Corviknight, M, shiny|100/100
|-ability|p1a: Corviknight|Pressure
|
|-damage|p2a: Garchomp|10/100|[from] item: Black Sludge
|upkeep
|turn|32
|
|t:|1781493853
|move|p2a: Garchomp|Stealth Rock|p1a: Corviknight
|-sidestart|p1: pyxr|move: Stealth Rock
|move|p1a: Corviknight|Body Press|p2a: Garchomp
|-damage|p2a: Garchomp|0 fnt
|-damage|p1a: Corviknight|88/100|[from] ability: Rough Skin|[of] p2a: Garchomp
|faint|p2a: Garchomp
|
|upkeep
|
|t:|1781493857
|switch|p2a: Rotom|Rotom-Heat|11/100
|turn|33
|
|t:|1781493862
|switch|p1a: Slowking|Slowking-Galar, F, shiny|100/100 brn
|-damage|p1a: Slowking|88/100 brn|[from] Stealth Rock
|move|p2a: Rotom|Volt Switch|p1a: Slowking
|-damage|p1a: Slowking|64/100 brn
|
|t:|1781493870
|switch|p2a: Darkrai|Darkrai|36/100|[from] Volt Switch
|
|-heal|p2a: Darkrai|42/100|[from] item: Leftovers
|-damage|p1a: Slowking|58/100 brn|[from] brn
|upkeep
|turn|34
|
|t:|1781493880
|switch|p1a: Corviknight|Corviknight, M, shiny|88/100
|-damage|p1a: Corviknight|76/100|[from] Stealth Rock
|-ability|p1a: Corviknight|Pressure
|move|p2a: Darkrai|Dark Pulse|p1a: Corviknight
|-damage|p1a: Corviknight|34/100
|
|-heal|p2a: Darkrai|48/100|[from] item: Leftovers
|upkeep
|turn|35
|
|t:|1781493886
|move|p2a: Darkrai|Dark Pulse|p1a: Corviknight
|-damage|p1a: Corviknight|0 fnt
|faint|p1a: Corviknight
|
|-heal|p2a: Darkrai|54/100|[from] item: Leftovers
|upkeep
|
|t:|1781493889
|switch|p1a: Zamazenta|Zamazenta|100/100
|-damage|p1a: Zamazenta|94/100|[from] Stealth Rock
|turn|36
|
|t:|1781493895
|switch|p2a: Hatterene|Hatterene, F|8/100
|move|p1a: Zamazenta|Close Combat|p2a: Hatterene
|-resisted|p2a: Hatterene
|-damage|p2a: Hatterene|0 fnt
|-unboost|p1a: Zamazenta|def|1
|-unboost|p1a: Zamazenta|spd|1
|faint|p2a: Hatterene
|
|upkeep
|
|t:|1781493903
|switch|p2a: Great Tusk|Great Tusk|100/100
|turn|37
|
|t:|1781493916
|switch|p1a: Volcanion|Volcanion|100/100
|-damage|p1a: Volcanion|76/100|[from] Stealth Rock
|move|p2a: Great Tusk|Rapid Spin|p1a: Volcanion
|-damage|p1a: Volcanion|59/100
|-boost|p2a: Great Tusk|spe|1
|
|upkeep
|turn|38
|
|t:|1781493922
|move|p2a: Great Tusk|Headlong Rush|p1a: Volcanion
|-supereffective|p1a: Volcanion
|-damage|p1a: Volcanion|0 fnt
|-unboost|p2a: Great Tusk|def|1
|-unboost|p2a: Great Tusk|spd|1
|faint|p1a: Volcanion
|
|upkeep
|
|t:|1781493928
|switch|p1a: Zamazenta|Zamazenta|94/100
|-damage|p1a: Zamazenta|88/100|[from] Stealth Rock
|turn|39
|
|t:|1781493955
|move|p2a: Great Tusk|Ice Spinner|p1a: Zamazenta
|-damage|p1a: Zamazenta|62/100
|move|p1a: Zamazenta|Close Combat|p2a: Great Tusk
|-damage|p2a: Great Tusk|3/100
|-unboost|p1a: Zamazenta|def|1
|-unboost|p1a: Zamazenta|spd|1
|
|upkeep
|turn|40
|
|t:|1781493963
|move|p2a: Great Tusk|Headlong Rush|p1a: Zamazenta
|-damage|p1a: Zamazenta|0 fnt
|-unboost|p2a: Great Tusk|def|1
|-unboost|p2a: Great Tusk|spd|1
|faint|p1a: Zamazenta
|
|upkeep
|
|t:|1781493966
|switch|p1a: Slowking|Slowking-Galar, F, shiny|91/100 brn
|-damage|p1a: Slowking|78/100 brn|[from] Stealth Rock
|turn|41
|
|t:|1781493975
|-terastallize|p1a: Slowking|Grass
|move|p2a: Great Tusk|Headlong Rush|p1a: Slowking
|-resisted|p1a: Slowking
|-damage|p1a: Slowking|57/100 brn
|-unboost|p2a: Great Tusk|def|1
|-unboost|p2a: Great Tusk|spd|1
|-damage|p2a: Great Tusk|0 fnt|[from] item: Rocky Helmet|[of] p1a: Slowking
|faint|p2a: Great Tusk
|-end|p2a: Great Tusk|Protosynthesis|[silent]
|move|p1a: Slowking|Sludge Bomb|p2: Great Tusk|[notarget]
|-fail|p1a: Slowking
|
|-damage|p1a: Slowking|51/100 brn|[from] brn
|upkeep
|
|t:|1781493980
|switch|p2a: Rotom|Rotom-Heat|11/100
|turn|42
|
|t:|1781493983
|move|p2a: Rotom|Overheat|p1a: Slowking
|-supereffective|p1a: Slowking
|-damage|p1a: Slowking|0 fnt
|-unboost|p2a: Rotom|spa|2
|faint|p1a: Slowking
|
|win|Iggy Sent Me
|raw|pyxr's rating: 1536 &rarr; <strong>1513</strong><br />(-23 for losing)
|raw|Iggy Sent Me's rating: 1486 &rarr; <strong>1509</strong><br />(+23 for winning)
|l|☆pyxr
|player|p1|
|l|☆Iggy Sent Me
|player|p2|
