|j|☆ftaochaphet
|j|☆Alfblu3
|t:|1780928791
|gametype|singles
|player|p1|ftaochaphet|102|1530
|player|p2|Alfblu3|fisherman-gen4|1591
|gen|9
|tier|[Gen 9] OU
|rated|
|rule|HP Percentage Mod: HP is shown in percentages
|rule|Endless Battle Clause: Forcing endless battles is banned
|rule|Species Clause: Limit one of each Pokémon
|rule|OHKO Clause: OHKO moves are banned
|rule|Evasion Items Clause: Evasion items are banned
|rule|Evasion Moves Clause: Evasion moves are banned
|rule|Evasion Abilities Clause: Evasion abilities are banned
|rule|Sleep Moves Clause: Sleep-inducing moves are banned
|clearpoke
|poke|p1|Enamorus, F|
|poke|p1|Samurott-Hisui, F|
|poke|p1|Gholdengo|
|poke|p1|Great Tusk|
|poke|p1|Kingambit, F|
|poke|p1|Alomomola, M|
|poke|p2|Pawmot, F|
|poke|p2|Cresselia, F|
|poke|p2|Entei|
|poke|p2|Iron Treads|
|poke|p2|Fezandipiti, M|
|poke|p2|Darkrai|
|teampreview
|inactive|Battle timer is ON: inactive players will automatically lose when time's up. (requested by Alfblu3)
|
|t:|1780928815
|teamsize|p1|6
|teamsize|p2|6
|start
|switch|p1a: Great Tusk|Great Tusk|100/100
|switch|p2a: Fezandipiti|Fezandipiti, M|100/100
|turn|1
|
|t:|1780928818
|switch|p2a: Cresselia|Cresselia, F|100/100
|move|p1a: Great Tusk|Headlong Rush|p2a: Cresselia
|-immune|p2a: Cresselia|[from] ability: Levitate
|
|upkeep
|turn|2
|
|t:|1780928822
|move|p1a: Great Tusk|Stealth Rock|p2a: Cresselia
|-sidestart|p2: Alfblu3|move: Stealth Rock
|move|p2a: Cresselia|Ice Beam|p1a: Great Tusk
|-supereffective|p1a: Great Tusk
|-damage|p1a: Great Tusk|50/100
|
|upkeep
|turn|3
|
|t:|1780928826
|-end|p1a: Great Tusk|Protosynthesis|[silent]
|switch|p1a: Samurott|Samurott-Hisui, F|100/100
|move|p2a: Cresselia|Ice Beam|p1a: Samurott
|-resisted|p1a: Samurott
|-damage|p1a: Samurott|94/100
|
|upkeep
|turn|4
|
|t:|1780928830
|move|p1a: Samurott|Ceaseless Edge|p2a: Cresselia
|-supereffective|p2a: Cresselia
|-damage|p2a: Cresselia|53/100
|-damage|p1a: Samurott|78/100|[from] item: Rocky Helmet|[of] p2a: Cresselia
|-sidestart|p2: Alfblu3|Spikes
|move|p2a: Cresselia|Thunder Wave|p1a: Samurott
|-status|p1a: Samurott|par
|
|upkeep
|turn|5
|j| testingrainteam1
|
|t:|1780928836
|switch|p2a: Fezandipiti|Fezandipiti, M|100/100
|cant|p1a: Samurott|par
|
|upkeep
|turn|6
|
|t:|1780928840
|move|p2a: Fezandipiti|Play Rough|p1a: Samurott
|-supereffective|p1a: Samurott
|-damage|p1a: Samurott|21/100 par
|cant|p1a: Samurott|par
|
|upkeep
|turn|7
|
|t:|1780928845
|switch|p1a: Alomomola|Alomomola, M|100/100
|move|p2a: Fezandipiti|U-turn|p1a: Alomomola
|-crit|p1a: Alomomola
|-damage|p1a: Alomomola|89/100
|-status|p1a: Alomomola|tox|[from] ability: Toxic Chain|[of] p2a: Fezandipiti
|l| testingrainteam1
|
|t:|1780928849
|switch|p2a: Iron Treads|Iron Treads|100/100|[from] U-turn
|-damage|p2a: Iron Treads|97/100|[from] Stealth Rock
|-damage|p2a: Iron Treads|85/100|[from] Spikes
|
|-heal|p2a: Iron Treads|91/100|[from] item: Leftovers
|-damage|p1a: Alomomola|83/100 tox|[from] psn
|upkeep
|turn|8
|
|t:|1780928853
|switch|p1a: Gholdengo|Gholdengo|100/100
|move|p2a: Iron Treads|Rapid Spin|p1a: Gholdengo
|-immune|p1a: Gholdengo
|
|-heal|p2a: Iron Treads|97/100|[from] item: Leftovers
|upkeep
|turn|9
|
|t:|1780928865
|switch|p1a: Enamorus|Enamorus, F|100/100
|move|p2a: Iron Treads|Earthquake|p1a: Enamorus
|-immune|p1a: Enamorus
|
|-heal|p2a: Iron Treads|100/100|[from] item: Leftovers
|upkeep
|turn|10
|
|t:|1780928868
|move|p1a: Enamorus|Earth Power|p2a: Iron Treads
|-supereffective|p2a: Iron Treads
|-damage|p2a: Iron Treads|1/100
|move|p2a: Iron Treads|Rapid Spin|p1a: Enamorus
|-damage|p1a: Enamorus|75/100
|-boost|p2a: Iron Treads|spe|1
|-sideend|p2: Alfblu3|Spikes|[from] move: Rapid Spin|[of] p2a: Iron Treads
|-sideend|p2: Alfblu3|Stealth Rock|[from] move: Rapid Spin|[of] p2a: Iron Treads
|
|-heal|p2a: Iron Treads|7/100|[from] item: Leftovers
|upkeep
|turn|11
|
|t:|1780928872
|-end|p2a: Iron Treads|Quark Drive|[silent]
|switch|p2a: Cresselia|Cresselia, F|53/100
|move|p1a: Enamorus|Earth Power|p2a: Cresselia
|-immune|p2a: Cresselia|[from] ability: Levitate
|
|upkeep
|turn|12
|
|t:|1780928878
|switch|p1a: Alomomola|Alomomola, M|100/100 tox
|move|p2a: Cresselia|Ice Beam|p1a: Alomomola
|-resisted|p1a: Alomomola
|-damage|p1a: Alomomola|92/100 tox
|
|-damage|p1a: Alomomola|85/100 tox|[from] psn
|upkeep
|turn|13
|
|t:|1780928881
|move|p2a: Cresselia|Moonlight|p2a: Cresselia
|-heal|p2a: Cresselia|100/100
|move|p1a: Alomomola|Wish|p1a: Alomomola
|
|-damage|p1a: Alomomola|73/100 tox|[from] psn
|upkeep
|turn|14
|
|t:|1780928887
|switch|p2a: Pawmot|Pawmot, F, shiny|100/100
|move|p1a: Alomomola|Flip Turn|p2a: Pawmot
|-damage|p2a: Pawmot|72/100
|
|t:|1780928892
|switch|p1a: Great Tusk|Great Tusk|50/100|[from] Flip Turn
|
|-heal|p1a: Great Tusk|100/100|[from] move: Wish|[wisher] Alomomola
|upkeep
|turn|15
|
|t:|1780928896
|move|p2a: Pawmot|Ice Punch|p1a: Great Tusk
|-supereffective|p1a: Great Tusk
|-damage|p1a: Great Tusk|35/100
|-status|p1a: Great Tusk|frz
|cant|p1a: Great Tusk|frz
|
|upkeep
|turn|16
|-message|ftaochaphet forfeited.
|
|win|Alfblu3
|raw|ftaochaphet's rating: 1530 &rarr; <strong>1513</strong><br />(-17 for losing)
|raw|Alfblu3's rating: 1591 &rarr; <strong>1608</strong><br />(+17 for winning)
|l|☆ftaochaphet
|player|p1|
|l|☆Alfblu3
|player|p2|
