|j|☆Roseofrosarade
|j|☆sawquarete
|t:|1781410872
|gametype|singles
|player|p1|Roseofrosarade|266|1646
|player|p2|sawquarete|li|1622
|gen|9
|tier|[Gen 9] OU
|rated|
|rule|HP Percentage Mod: HP is shown in percentages
|rule|Endless Battle Clause: Forcing endless battles is banned
|rule|Species Clause: Limit one of each Pokémon
|rule|OHKO Clause: OHKO moves are banned
|rule|Evasion Items Clause: Evasion items are banned
|rule|Evasion Moves Clause: Evasion moves are banned
|rule|Evasion Abilities Clause: Evasion abilities are banned
|rule|Sleep Moves Clause: Sleep-inducing moves are banned
|clearpoke
|poke|p1|Umbreon, F|
|poke|p1|Sinistcha|
|poke|p1|Iron Treads|
|poke|p1|Slowking, F|
|poke|p1|Tornadus-Therian, M|
|poke|p1|Zamazenta-*|
|poke|p2|Great Tusk|
|poke|p2|Kingambit, M|
|poke|p2|Gholdengo|
|poke|p2|Ting-Lu|
|poke|p2|Alomomola, F|
|poke|p2|Zamazenta-*|
|teampreview
|
|t:|1781410883
|teamsize|p1|6
|teamsize|p2|6
|start
|switch|p1a: Tornadus|Tornadus-Therian, M|100/100
|switch|p2a: Alomomola|Alomomola, F|100/100
|turn|1
|inactive|Battle timer is ON: inactive players will automatically lose when time's up. (requested by Roseofrosarade)
|
|t:|1781410889
|move|p1a: Tornadus|Knock Off|p2a: Alomomola
|-damage|p2a: Alomomola|85/100
|-enditem|p2a: Alomomola|Assault Vest|[from] move: Knock Off|[of] p1a: Tornadus
|move|p2a: Alomomola|Flip Turn|p1a: Tornadus
|-damage|p1a: Tornadus|79/100
|
|t:|1781410897
|switch|p2a: Ting-Lu|Ting-Lu|100/100|[from] Flip Turn
|-ability|p2a: Ting-Lu|Vessel of Ruin
|
|upkeep
|turn|2
|
|t:|1781410905
|switch|p1a: Sinistcha|Sinistcha|100/100
|move|p2a: Ting-Lu|Stealth Rock|p1a: Sinistcha
|-sidestart|p1: Roseofrosarade|move: Stealth Rock
|
|upkeep
|turn|3
|
|t:|1781410911
|move|p1a: Sinistcha|Matcha Gotcha|p2a: Ting-Lu|[miss]
|-miss|p1a: Sinistcha|p2a: Ting-Lu
|move|p2a: Ting-Lu|Ruination|p1a: Sinistcha
|-damage|p1a: Sinistcha|50/100
|
|upkeep
|turn|4
|
|t:|1781410917
|move|p1a: Sinistcha|Shadow Ball|p2a: Ting-Lu
|-resisted|p2a: Ting-Lu
|-crit|p2a: Ting-Lu
|-damage|p2a: Ting-Lu|91/100
|move|p2a: Ting-Lu|Whirlwind|p1a: Sinistcha
|drag|p1a: Iron Treads|Iron Treads|100/100
|-damage|p1a: Iron Treads|97/100|[from] Stealth Rock
|
|-heal|p1a: Iron Treads|100/100|[from] item: Leftovers
|-heal|p2a: Ting-Lu|97/100|[from] item: Leftovers
|upkeep
|turn|5
|
|t:|1781410924
|move|p1a: Iron Treads|Stealth Rock|p2a: Ting-Lu
|-sidestart|p2: sawquarete|move: Stealth Rock
|move|p2a: Ting-Lu|Earthquake|p1a: Iron Treads
|-supereffective|p1a: Iron Treads
|-damage|p1a: Iron Treads|41/100
|
|-heal|p1a: Iron Treads|47/100|[from] item: Leftovers
|-heal|p2a: Ting-Lu|100/100|[from] item: Leftovers
|upkeep
|turn|6
|
|t:|1781410929
|-end|p1a: Iron Treads|Quark Drive|[silent]
|switch|p1a: Sinistcha|Sinistcha|50/100
|move|p2a: Ting-Lu|Earthquake|p1a: Sinistcha
|-resisted|p1a: Sinistcha
|-damage|p1a: Sinistcha|38/100
|
|upkeep
|turn|7
|
|t:|1781410934
|move|p1a: Sinistcha|Matcha Gotcha|p2a: Ting-Lu
|-supereffective|p2a: Ting-Lu
|-damage|p2a: Ting-Lu|75/100
|-heal|p1a: Sinistcha|57/100|[from] drain|[of] p2a: Ting-Lu
|move|p2a: Ting-Lu|Whirlwind|p1a: Sinistcha
|drag|p1a: Slowking|Slowking, F|100/100
|-damage|p1a: Slowking|88/100|[from] Stealth Rock
|
|-heal|p2a: Ting-Lu|81/100|[from] item: Leftovers
|upkeep
|turn|8
|
|t:|1781410944
|move|p2a: Ting-Lu|Ruination|p1a: Slowking
|-damage|p1a: Slowking|44/100
|move|p1a: Slowking|Scald|p2a: Ting-Lu
|-supereffective|p2a: Ting-Lu
|-damage|p2a: Ting-Lu|58/100
|
|-heal|p2a: Ting-Lu|64/100|[from] item: Leftovers
|upkeep
|turn|9
|
|t:|1781410947
|move|p2a: Ting-Lu|Ruination|p1a: Slowking
|-damage|p1a: Slowking|23/100
|move|p1a: Slowking|Scald|p2a: Ting-Lu
|-supereffective|p2a: Ting-Lu
|-damage|p2a: Ting-Lu|39/100
|
|-heal|p2a: Ting-Lu|46/100|[from] item: Leftovers
|upkeep
|turn|10
|
|t:|1781410950
|switch|p1a: Tornadus|Tornadus-Therian, M|100/100
|-damage|p1a: Tornadus|75/100|[from] Stealth Rock
|move|p2a: Ting-Lu|Earthquake|p1a: Tornadus
|-immune|p1a: Tornadus
|
|-heal|p2a: Ting-Lu|52/100|[from] item: Leftovers
|upkeep
|turn|11
|
|t:|1781410954
|move|p1a: Tornadus|Focus Blast|p2a: Ting-Lu|[miss]
|-miss|p1a: Tornadus|p2a: Ting-Lu
|move|p2a: Ting-Lu|Ruination|p1a: Tornadus
|-damage|p1a: Tornadus|38/100
|
|-heal|p2a: Ting-Lu|58/100|[from] item: Leftovers
|upkeep
|turn|12
|
|t:|1781410966
|switch|p2a: Alomomola|Alomomola, F|100/100
|-damage|p2a: Alomomola|88/100|[from] Stealth Rock
|move|p1a: Tornadus|Focus Blast|p2a: Alomomola
|-damage|p2a: Alomomola|49/100
|-unboost|p2a: Alomomola|spd|1
|
|upkeep
|turn|13
|
|t:|1781410970
|move|p1a: Tornadus|Focus Blast|p2a: Alomomola
|-damage|p2a: Alomomola|0 fnt
|faint|p2a: Alomomola
|
|upkeep
|
|t:|1781410980
|switch|p2a: Kingambit|Kingambit, M|100/100
|-damage|p2a: Kingambit|94/100|[from] Stealth Rock
|-activate|p2a: Kingambit|ability: Supreme Overlord
|-start|p2a: Kingambit|fallen1|[silent]
|turn|14
|
|t:|1781410993
|switch|p1a: Umbreon|Umbreon, F|100/100
|-damage|p1a: Umbreon|88/100|[from] Stealth Rock
|move|p2a: Kingambit|Kowtow Cleave|p1a: Umbreon
|-resisted|p1a: Umbreon
|-damage|p1a: Umbreon|70/100
|
|-heal|p1a: Umbreon|76/100|[from] item: Leftovers
|upkeep
|turn|15
|
|t:|1781410996
|move|p2a: Kingambit|Swords Dance|p2a: Kingambit
|-boost|p2a: Kingambit|atk|2
|move|p1a: Umbreon|Foul Play|p2a: Kingambit
|-resisted|p2a: Kingambit
|-damage|p2a: Kingambit|44/100
|
|-heal|p1a: Umbreon|82/100|[from] item: Leftovers
|upkeep
|turn|16
|
|t:|1781411007
|-terastallize|p1a: Umbreon|Water
|move|p2a: Kingambit|Iron Head|p1a: Umbreon
|-resisted|p1a: Umbreon
|-damage|p1a: Umbreon|52/100
|move|p1a: Umbreon|Foul Play|p2a: Kingambit
|-resisted|p2a: Kingambit
|-damage|p2a: Kingambit|0 fnt
|faint|p2a: Kingambit
|-end|p2a: Kingambit|fallen1|[silent]
|
|-heal|p1a: Umbreon|58/100|[from] item: Leftovers
|upkeep
|
|t:|1781411025
|switch|p2a: Zamazenta|Zamazenta|100/100
|-damage|p2a: Zamazenta|94/100|[from] Stealth Rock
|-ability|p2a: Zamazenta|Dauntless Shield|boost
|-boost|p2a: Zamazenta|def|1
|turn|17
|
|t:|1781411033
|move|p2a: Zamazenta|Iron Defense|p2a: Zamazenta
|-boost|p2a: Zamazenta|def|2
|move|p1a: Umbreon|Wish|p1a: Umbreon
|
|-heal|p2a: Zamazenta|100/100|[from] item: Leftovers
|-heal|p1a: Umbreon|64/100|[from] item: Leftovers
|upkeep
|turn|18
|
|t:|1781411037
|move|p2a: Zamazenta|Iron Defense|p2a: Zamazenta
|-boost|p2a: Zamazenta|def|2
|move|p1a: Umbreon|Toxic|p2a: Zamazenta
|-status|p2a: Zamazenta|tox
|
|-heal|p1a: Umbreon|100/100|[from] move: Wish|[wisher] Umbreon
|-damage|p2a: Zamazenta|94/100 tox|[from] psn
|upkeep
|turn|19
|
|t:|1781411041
|move|p1a: Umbreon|Protect|p1a: Umbreon
|-singleturn|p1a: Umbreon|Protect
|move|p2a: Zamazenta|Body Press|p1a: Umbreon
|-activate|p1a: Umbreon|move: Protect
|
|-heal|p2a: Zamazenta|100/100 tox|[from] item: Leftovers
|-damage|p2a: Zamazenta|88/100 tox|[from] psn
|upkeep
|turn|20
|
|t:|1781411051
|switch|p1a: Iron Treads|Iron Treads|47/100
|-damage|p1a: Iron Treads|44/100|[from] Stealth Rock
|move|p2a: Zamazenta|Crunch|p1a: Iron Treads
|-damage|p1a: Iron Treads|28/100
|
|-heal|p2a: Zamazenta|94/100 tox|[from] item: Leftovers
|-heal|p1a: Iron Treads|34/100|[from] item: Leftovers
|-damage|p2a: Zamazenta|76/100 tox|[from] psn
|upkeep
|turn|21
|
|t:|1781411059
|move|p2a: Zamazenta|Body Press|p1a: Iron Treads
|-supereffective|p1a: Iron Treads
|-damage|p1a: Iron Treads|0 fnt
|faint|p1a: Iron Treads
|-end|p1a: Iron Treads|Quark Drive|[silent]
|
|-heal|p2a: Zamazenta|82/100 tox|[from] item: Leftovers
|-damage|p2a: Zamazenta|57/100 tox|[from] psn
|upkeep
|
|t:|1781411062
|switch|p1a: Sinistcha|Sinistcha|57/100
|turn|22
|
|t:|1781411066
|switch|p2a: Gholdengo|Gholdengo|100/100
|-damage|p2a: Gholdengo|94/100|[from] Stealth Rock
|-item|p2a: Gholdengo|Air Balloon
|move|p1a: Sinistcha|Strength Sap|p2a: Gholdengo
|-immune|p2a: Gholdengo|[from] ability: Good as Gold
|
|upkeep
|turn|23
|
|t:|1781411073
|switch|p1a: Zamazenta|Zamazenta|100/100
|-damage|p1a: Zamazenta|94/100|[from] Stealth Rock
|-ability|p1a: Zamazenta|Dauntless Shield|boost
|-boost|p1a: Zamazenta|def|1
|move|p2a: Gholdengo|Thunder Wave|p1a: Zamazenta
|-status|p1a: Zamazenta|par
|
|upkeep
|turn|24
|
|t:|1781411081
|move|p2a: Gholdengo|Hex|p1a: Zamazenta
|-damage|p1a: Zamazenta|42/100 par
|cant|p1a: Zamazenta|par
|
|upkeep
|turn|25
|
|t:|1781411087
|move|p2a: Gholdengo|Hex|p1a: Zamazenta
|-damage|p1a: Zamazenta|0 fnt
|faint|p1a: Zamazenta
|
|upkeep
|
|t:|1781411090
|switch|p1a: Tornadus|Tornadus-Therian, M|71/100
|-damage|p1a: Tornadus|46/100|[from] Stealth Rock
|turn|26
|
|t:|1781411096
|-terastallize|p2a: Gholdengo|Fairy
|move|p1a: Tornadus|Heat Wave|p2a: Gholdengo
|-damage|p2a: Gholdengo|54/100
|-enditem|p2a: Gholdengo|Air Balloon
|move|p2a: Gholdengo|Thunder Wave|p1a: Tornadus|[miss]
|-miss|p2a: Gholdengo|p1a: Tornadus
|
|upkeep
|turn|27
|
|t:|1781411109
|switch|p1a: Slowking|Slowking, F|56/100
|-damage|p1a: Slowking|43/100|[from] Stealth Rock
|move|p2a: Gholdengo|Recover|p2a: Gholdengo
|-heal|p2a: Gholdengo|100/100
|
|upkeep
|turn|28
|
|t:|1781411114
|move|p2a: Gholdengo|Hex|p1a: Slowking
|-supereffective|p1a: Slowking
|-damage|p1a: Slowking|20/100
|move|p1a: Slowking|Future Sight|p2a: Gholdengo
|-start|p1a: Slowking|move: Future Sight
|
|upkeep
|turn|29
|
|t:|1781411117
|switch|p1a: Tornadus|Tornadus-Therian, M|80/100
|-damage|p1a: Tornadus|55/100|[from] Stealth Rock
|move|p2a: Gholdengo|Thunder Wave|p1a: Tornadus
|-status|p1a: Tornadus|par
|
|upkeep
|turn|30
|
|t:|1781411123
|move|p2a: Gholdengo|Hex|p1a: Tornadus
|-damage|p1a: Tornadus|0 fnt
|faint|p1a: Tornadus
|
|-end|p2a: Gholdengo|move: Future Sight
|-damage|p2a: Gholdengo|58/100
|upkeep
|
|t:|1781411129
|switch|p1a: Slowking|Slowking, F|53/100
|-damage|p1a: Slowking|41/100|[from] Stealth Rock
|turn|31
|
|t:|1781411132
|move|p2a: Gholdengo|Recover|p2a: Gholdengo
|-heal|p2a: Gholdengo|100/100
|move|p1a: Slowking|Psychic Noise|p2a: Gholdengo
|-damage|p2a: Gholdengo|73/100
|-start|p2a: Gholdengo|move: Heal Block
|
|upkeep
|turn|32
|
|t:|1781411134
|move|p2a: Gholdengo|Thunder Wave|p1a: Slowking
|-status|p1a: Slowking|par
|move|p1a: Slowking|Scald|p2a: Gholdengo
|-damage|p2a: Gholdengo|44/100
|
|-end|p2a: Gholdengo|move: Heal Block
|upkeep
|turn|33
|
|t:|1781411137
|switch|p1a: Umbreon|Umbreon, F, tera:Water|100/100
|-damage|p1a: Umbreon|88/100|[from] Stealth Rock
|move|p2a: Gholdengo|Recover|p2a: Gholdengo
|-heal|p2a: Gholdengo|94/100
|
|-heal|p1a: Umbreon|94/100|[from] item: Leftovers
|upkeep
|turn|34
|
|t:|1781411141
|switch|p1a: Slowking|Slowking, F|74/100 par
|-damage|p1a: Slowking|62/100 par|[from] Stealth Rock
|move|p2a: Gholdengo|Thunder Wave|p1a: Slowking
|-fail|p1a: Slowking|par
|
|upkeep
|turn|35
|
|t:|1781411144
|switch|p1a: Umbreon|Umbreon, F, tera:Water|94/100
|-damage|p1a: Umbreon|82/100|[from] Stealth Rock
|move|p2a: Gholdengo|Hex|p1a: Umbreon
|-damage|p1a: Umbreon|60/100
|
|-heal|p1a: Umbreon|66/100|[from] item: Leftovers
|upkeep
|turn|36
|
|t:|1781411149
|move|p1a: Umbreon|Protect|p1a: Umbreon
|-singleturn|p1a: Umbreon|Protect
|move|p2a: Gholdengo|Thunder Wave|p1a: Umbreon
|-activate|p1a: Umbreon|move: Protect
|
|-heal|p1a: Umbreon|73/100|[from] item: Leftovers
|upkeep
|turn|37
|
|t:|1781411157
|move|p2a: Gholdengo|Thunder Wave|p1a: Umbreon
|-status|p1a: Umbreon|par
|move|p1a: Umbreon|Foul Play|p2a: Gholdengo
|-resisted|p2a: Gholdengo
|-damage|p2a: Gholdengo|88/100
|
|-heal|p1a: Umbreon|79/100 par|[from] item: Leftovers
|upkeep
|turn|38
|
|t:|1781411162
|move|p1a: Umbreon|Protect|p1a: Umbreon
|-singleturn|p1a: Umbreon|Protect
|move|p2a: Gholdengo|Hex|p1a: Umbreon
|-activate|p1a: Umbreon|move: Protect
|
|-heal|p1a: Umbreon|85/100 par|[from] item: Leftovers
|upkeep
|turn|39
|
|t:|1781411168
|move|p2a: Gholdengo|Hex|p1a: Umbreon
|-damage|p1a: Umbreon|44/100 par
|move|p1a: Umbreon|Wish|p1a: Umbreon
|
|-heal|p1a: Umbreon|50/100 par|[from] item: Leftovers
|upkeep
|turn|40
|
|t:|1781411177
|switch|p2a: Zamazenta|Zamazenta|57/100 tox
|-damage|p2a: Zamazenta|51/100 tox|[from] Stealth Rock
|move|p1a: Umbreon|Protect||[still]
|-fail|p1a: Umbreon
|
|-heal|p1a: Umbreon|99/100 par|[from] move: Wish|[wisher] Umbreon
|-heal|p2a: Zamazenta|57/100 tox|[from] item: Leftovers
|-heal|p1a: Umbreon|100/100 par|[from] item: Leftovers
|-damage|p2a: Zamazenta|51/100 tox|[from] psn
|upkeep
|turn|41
|
|t:|1781411181
|move|p2a: Zamazenta|Iron Defense|p2a: Zamazenta
|-boost|p2a: Zamazenta|def|2
|move|p1a: Umbreon|Wish|p1a: Umbreon
|
|-heal|p2a: Zamazenta|57/100 tox|[from] item: Leftovers
|-damage|p2a: Zamazenta|45/100 tox|[from] psn
|upkeep
|turn|42
|
|t:|1781411187
|switch|p1a: Sinistcha|Sinistcha|57/100
|move|p2a: Zamazenta|Iron Defense|p2a: Zamazenta
|-boost|p2a: Zamazenta|def|2
|
|-heal|p1a: Sinistcha|100/100|[from] move: Wish|[wisher] Umbreon
|-heal|p2a: Zamazenta|51/100 tox|[from] item: Leftovers
|-damage|p2a: Zamazenta|32/100 tox|[from] psn
|upkeep
|turn|43
|
|t:|1781411192
|move|p2a: Zamazenta|Crunch|p1a: Sinistcha
|-supereffective|p1a: Sinistcha
|-damage|p1a: Sinistcha|72/100
|move|p1a: Sinistcha|Strength Sap|p2a: Zamazenta
|-unboost|p2a: Zamazenta|atk|1
|-heal|p1a: Sinistcha|100/100
|
|-heal|p2a: Zamazenta|39/100 tox|[from] item: Leftovers
|-damage|p2a: Zamazenta|14/100 tox|[from] psn
|upkeep
|turn|44
|
|t:|1781411195
|move|p2a: Zamazenta|Crunch|p1a: Sinistcha
|-supereffective|p1a: Sinistcha
|-damage|p1a: Sinistcha|79/100
|move|p1a: Sinistcha|Strength Sap|p2a: Zamazenta
|-unboost|p2a: Zamazenta|atk|1
|-heal|p1a: Sinistcha|100/100
|
|-heal|p2a: Zamazenta|20/100 tox|[from] item: Leftovers
|-damage|p2a: Zamazenta|0 fnt|[from] psn
|faint|p2a: Zamazenta
|upkeep
|
|t:|1781411199
|switch|p2a: Gholdengo|Gholdengo, tera:Fairy|88/100
|-damage|p2a: Gholdengo|76/100|[from] Stealth Rock
|turn|45
|
|t:|1781411208
|move|p2a: Gholdengo|Hex|p1a: Sinistcha
|-supereffective|p1a: Sinistcha
|-damage|p1a: Sinistcha|29/100
|move|p1a: Sinistcha|Matcha Gotcha|p2a: Gholdengo
|-damage|p2a: Gholdengo|45/100
|-heal|p1a: Sinistcha|46/100|[from] drain|[of] p2a: Gholdengo
|
|upkeep
|turn|46
|
|t:|1781411218
|switch|p1a: Umbreon|Umbreon, F, tera:Water|100/100 par
|-damage|p1a: Umbreon|88/100 par|[from] Stealth Rock
|move|p2a: Gholdengo|Hex|p1a: Umbreon
|-damage|p1a: Umbreon|49/100 par
|
|-heal|p1a: Umbreon|55/100 par|[from] item: Leftovers
|upkeep
|turn|47
|
|t:|1781411222
|switch|p1a: Slowking|Slowking, F|95/100 par
|-damage|p1a: Slowking|82/100 par|[from] Stealth Rock
|move|p2a: Gholdengo|Hex|p1a: Slowking
|-supereffective|p1a: Slowking
|-damage|p1a: Slowking|35/100 par
|
|upkeep
|turn|48
|
|t:|1781411230
|move|p2a: Gholdengo|Hex|p1a: Slowking
|-supereffective|p1a: Slowking
|-damage|p1a: Slowking|0 fnt
|faint|p1a: Slowking
|
|upkeep
|
|t:|1781411232
|switch|p1a: Umbreon|Umbreon, F, tera:Water|55/100 par
|-damage|p1a: Umbreon|43/100 par|[from] Stealth Rock
|turn|49
|
|t:|1781411235
|move|p2a: Gholdengo|Hex|p1a: Umbreon
|-damage|p1a: Umbreon|4/100 par
|move|p1a: Umbreon|Wish|p1a: Umbreon
|
|-heal|p1a: Umbreon|10/100 par|[from] item: Leftovers
|upkeep
|turn|50
|
|t:|1781411240
|move|p1a: Umbreon|Protect|p1a: Umbreon
|-singleturn|p1a: Umbreon|Protect
|move|p2a: Gholdengo|Recover|p2a: Gholdengo
|-heal|p2a: Gholdengo|95/100
|
|-heal|p1a: Umbreon|60/100 par|[from] move: Wish|[wisher] Umbreon
|-heal|p1a: Umbreon|66/100 par|[from] item: Leftovers
|upkeep
|turn|51
|
|t:|1781411245
|switch|p2a: Great Tusk|Great Tusk|100/100
|move|p1a: Umbreon|Wish|p1a: Umbreon
|
|-heal|p1a: Umbreon|72/100 par|[from] item: Leftovers
|upkeep
|turn|52
|
|t:|1781411252
|move|p2a: Great Tusk|Ice Spinner|p1a: Umbreon
|-resisted|p1a: Umbreon
|-damage|p1a: Umbreon|64/100 par
|move|p1a: Umbreon|Toxic|p2a: Great Tusk
|-status|p2a: Great Tusk|tox
|
|-heal|p1a: Umbreon|100/100 par|[from] move: Wish|[wisher] Umbreon
|-damage|p2a: Great Tusk|94/100 tox|[from] psn
|upkeep
|turn|53
|
|t:|1781411258
|move|p2a: Great Tusk|Rapid Spin|p1a: Umbreon
|-damage|p1a: Umbreon|90/100 par
|-boost|p2a: Great Tusk|spe|1
|-sideend|p2: sawquarete|Stealth Rock|[from] move: Rapid Spin|[of] p2a: Great Tusk
|move|p1a: Umbreon|Wish|p1a: Umbreon
|
|-heal|p1a: Umbreon|96/100 par|[from] item: Leftovers
|-damage|p2a: Great Tusk|82/100 tox|[from] psn
|upkeep
|turn|54
|
|t:|1781411264
|switch|p1a: Sinistcha|Sinistcha|46/100
|move|p2a: Great Tusk|Rapid Spin|p1a: Sinistcha
|-immune|p1a: Sinistcha
|
|-heal|p1a: Sinistcha|100/100|[from] move: Wish|[wisher] Umbreon
|-damage|p2a: Great Tusk|63/100 tox|[from] psn
|upkeep
|turn|55
|
|t:|1781411269
|move|p2a: Great Tusk|Ice Spinner|p1a: Sinistcha
|-supereffective|p1a: Sinistcha
|-damage|p1a: Sinistcha|65/100
|move|p1a: Sinistcha|Calm Mind|p1a: Sinistcha
|-boost|p1a: Sinistcha|spa|1
|-boost|p1a: Sinistcha|spd|1
|
|-damage|p2a: Great Tusk|39/100 tox|[from] psn
|upkeep
|turn|56
|
|t:|1781411272
|move|p2a: Great Tusk|Ice Spinner|p1a: Sinistcha
|-supereffective|p1a: Sinistcha
|-damage|p1a: Sinistcha|29/100
|move|p1a: Sinistcha|Strength Sap|p2a: Great Tusk
|-unboost|p2a: Great Tusk|atk|1
|-heal|p1a: Sinistcha|100/100
|
|-damage|p2a: Great Tusk|8/100 tox|[from] psn
|upkeep
|turn|57
|
|t:|1781411276
|move|p2a: Great Tusk|Ice Spinner|p1a: Sinistcha
|-supereffective|p1a: Sinistcha
|-damage|p1a: Sinistcha|74/100
|move|p1a: Sinistcha|Calm Mind|p1a: Sinistcha
|-boost|p1a: Sinistcha|spa|1
|-boost|p1a: Sinistcha|spd|1
|
|-damage|p2a: Great Tusk|0 fnt|[from] psn
|faint|p2a: Great Tusk
|-end|p2a: Great Tusk|Protosynthesis|[silent]
|upkeep
|
|t:|1781411280
|switch|p2a: Ting-Lu|Ting-Lu|58/100
|-ability|p2a: Ting-Lu|Vessel of Ruin
|turn|58
|
|t:|1781411284
|move|p1a: Sinistcha|Matcha Gotcha|p2a: Ting-Lu
|-supereffective|p2a: Ting-Lu
|-damage|p2a: Ting-Lu|8/100
|-heal|p1a: Sinistcha|100/100|[from] drain|[of] p2a: Ting-Lu
|move|p2a: Ting-Lu|Whirlwind|p1a: Sinistcha
|drag|p1a: Umbreon|Umbreon, F, tera:Water|96/100 par
|-damage|p1a: Umbreon|83/100 par|[from] Stealth Rock
|
|-heal|p2a: Ting-Lu|14/100|[from] item: Leftovers
|-heal|p1a: Umbreon|90/100 par|[from] item: Leftovers
|upkeep
|turn|59
|
|t:|1781411289
|move|p2a: Ting-Lu|Ruination|p1a: Umbreon
|-damage|p1a: Umbreon|45/100 par
|move|p1a: Umbreon|Wish|p1a: Umbreon
|
|-heal|p2a: Ting-Lu|20/100|[from] item: Leftovers
|-heal|p1a: Umbreon|51/100 par|[from] item: Leftovers
|upkeep
|turn|60
|
|t:|1781411292
|move|p2a: Ting-Lu|Ruination|p1a: Umbreon
|-damage|p1a: Umbreon|26/100 par
|move|p1a: Umbreon|Toxic|p2a: Ting-Lu
|-status|p2a: Ting-Lu|tox
|
|-heal|p1a: Umbreon|76/100 par|[from] move: Wish|[wisher] Umbreon
|-heal|p2a: Ting-Lu|26/100 tox|[from] item: Leftovers
|-heal|p1a: Umbreon|82/100 par|[from] item: Leftovers
|-damage|p2a: Ting-Lu|20/100 tox|[from] psn
|upkeep
|turn|61
|
|t:|1781411295
|move|p1a: Umbreon|Protect|p1a: Umbreon
|-singleturn|p1a: Umbreon|Protect
|move|p2a: Ting-Lu|Ruination|p1a: Umbreon
|-activate|p1a: Umbreon|move: Protect
|
|-heal|p2a: Ting-Lu|26/100 tox|[from] item: Leftovers
|-heal|p1a: Umbreon|88/100 par|[from] item: Leftovers
|-damage|p2a: Ting-Lu|14/100 tox|[from] psn
|upkeep
|turn|62
|
|t:|1781411297
|switch|p1a: Sinistcha|Sinistcha|100/100
|move|p2a: Ting-Lu|Ruination|p1a: Sinistcha
|-damage|p1a: Sinistcha|50/100
|
|-heal|p2a: Ting-Lu|20/100 tox|[from] item: Leftovers
|-damage|p2a: Ting-Lu|1/100 tox|[from] psn
|upkeep
|turn|63
|
|t:|1781411300
|move|p1a: Sinistcha|Strength Sap|p2a: Ting-Lu
|-unboost|p2a: Ting-Lu|atk|1
|-heal|p1a: Sinistcha|100/100
|move|p2a: Ting-Lu|Ruination|p1a: Sinistcha
|-damage|p1a: Sinistcha|50/100
|
|-heal|p2a: Ting-Lu|8/100 tox|[from] item: Leftovers
|-damage|p2a: Ting-Lu|0 fnt|[from] psn
|faint|p2a: Ting-Lu
|upkeep
|
|t:|1781411303
|switch|p2a: Gholdengo|Gholdengo, tera:Fairy|95/100
|turn|64
|
|t:|1781411311
|move|p2a: Gholdengo|Hex|p1a: Sinistcha
|-supereffective|p1a: Sinistcha
|-damage|p1a: Sinistcha|0 fnt
|faint|p1a: Sinistcha
|
|upkeep
|
|t:|1781411314
|switch|p1a: Umbreon|Umbreon, F, tera:Water|88/100 par
|-damage|p1a: Umbreon|76/100 par|[from] Stealth Rock
|turn|65
|c|☆sawquarete|ggs
|
|t:|1781411321
|move|p2a: Gholdengo|Thunder Wave|p1a: Umbreon
|-fail|p1a: Umbreon|par
|move|p1a: Umbreon|Wish|p1a: Umbreon
|
|-heal|p1a: Umbreon|82/100 par|[from] item: Leftovers
|upkeep
|turn|66
|
|t:|1781411328
|move|p2a: Gholdengo|Thunder Wave|p1a: Umbreon
|-fail|p1a: Umbreon|par
|move|p1a: Umbreon|Foul Play|p2a: Gholdengo
|-resisted|p2a: Gholdengo
|-damage|p2a: Gholdengo|90/100
|
|-heal|p1a: Umbreon|100/100 par|[from] move: Wish|[wisher] Umbreon
|upkeep
|turn|67
|
|t:|1781411331
|move|p1a: Umbreon|Protect|p1a: Umbreon
|-singleturn|p1a: Umbreon|Protect
|move|p2a: Gholdengo|Thunder Wave|p1a: Umbreon
|-activate|p1a: Umbreon|move: Protect
|
|upkeep
|turn|68
|
|t:|1781411338
|move|p2a: Gholdengo|Thunder Wave|p1a: Umbreon
|-fail|p1a: Umbreon|par
|move|p1a: Umbreon|Toxic|p2a: Gholdengo
|-immune|p2a: Gholdengo|[from] ability: Good as Gold
|
|upkeep
|turn|69
|
|t:|1781411342
|move|p2a: Gholdengo|Thunder Wave|p1a: Umbreon
|-fail|p1a: Umbreon|par
|move|p1a: Umbreon|Toxic|p2a: Gholdengo
|-immune|p2a: Gholdengo|[from] ability: Good as Gold
|
|upkeep
|turn|70
|
|t:|1781411348
|move|p2a: Gholdengo|Hex|p1a: Umbreon
|-crit|p1a: Umbreon
|-damage|p1a: Umbreon|39/100 par
|move|p1a: Umbreon|Toxic|p2a: Gholdengo
|-immune|p2a: Gholdengo|[from] ability: Good as Gold
|
|-heal|p1a: Umbreon|45/100 par|[from] item: Leftovers
|upkeep
|turn|71
|
|t:|1781411353
|move|p2a: Gholdengo|Hex|p1a: Umbreon
|-damage|p1a: Umbreon|8/100 par
|move|p1a: Umbreon|Wish|p1a: Umbreon
|
|-heal|p1a: Umbreon|14/100 par|[from] item: Leftovers
|upkeep
|turn|72
|
|t:|1781411358
|move|p1a: Umbreon|Protect|p1a: Umbreon
|-singleturn|p1a: Umbreon|Protect
|move|p2a: Gholdengo|Thunder Wave|p1a: Umbreon
|-activate|p1a: Umbreon|move: Protect
|
|-heal|p1a: Umbreon|64/100 par|[from] move: Wish|[wisher] Umbreon
|-heal|p1a: Umbreon|71/100 par|[from] item: Leftovers
|upkeep
|turn|73
|
|t:|1781411361
|cant|p1a: Umbreon|par
|move|p2a: Gholdengo|Thunder Wave|p1a: Umbreon
|-fail|p1a: Umbreon|par
|
|-heal|p1a: Umbreon|77/100 par|[from] item: Leftovers
|upkeep
|turn|74
|
|t:|1781411369
|move|p2a: Gholdengo|Thunder Wave|p1a: Umbreon|[miss]
|-miss|p2a: Gholdengo|p1a: Umbreon
|move|p1a: Umbreon|Foul Play|p2a: Gholdengo
|-resisted|p2a: Gholdengo
|-crit|p2a: Gholdengo
|-damage|p2a: Gholdengo|82/100
|
|-heal|p1a: Umbreon|83/100 par|[from] item: Leftovers
|upkeep
|turn|75
|
|t:|1781411375
|move|p2a: Gholdengo|Thunder Wave|p1a: Umbreon
|-fail|p1a: Umbreon|par
|move|p1a: Umbreon|Wish|p1a: Umbreon
|
|-heal|p1a: Umbreon|89/100 par|[from] item: Leftovers
|upkeep
|turn|76
|
|t:|1781411380
|move|p2a: Gholdengo|Thunder Wave|p1a: Umbreon
|-fail|p1a: Umbreon|par
|cant|p1a: Umbreon|par
|
|-heal|p1a: Umbreon|100/100 par|[from] move: Wish|[wisher] Umbreon
|upkeep
|turn|77
|
|t:|1781411384
|move|p2a: Gholdengo|Thunder Wave|p1a: Umbreon
|-fail|p1a: Umbreon|par
|move|p1a: Umbreon|Foul Play|p2a: Gholdengo
|-resisted|p2a: Gholdengo
|-damage|p2a: Gholdengo|76/100
|
|upkeep
|turn|78
|
|t:|1781411389
|move|p2a: Gholdengo|Thunder Wave|p1a: Umbreon
|-fail|p1a: Umbreon|par
|move|p1a: Umbreon|Foul Play|p2a: Gholdengo
|-resisted|p2a: Gholdengo
|-damage|p2a: Gholdengo|71/100
|
|upkeep
|turn|79
|
|t:|1781411392
|move|p2a: Gholdengo|Thunder Wave|p1a: Umbreon
|-fail|p1a: Umbreon|par
|move|p1a: Umbreon|Foul Play|p2a: Gholdengo
|-resisted|p2a: Gholdengo
|-damage|p2a: Gholdengo|65/100
|
|upkeep
|turn|80
|
|t:|1781411395
|move|p2a: Gholdengo|Thunder Wave|p1a: Umbreon
|-fail|p1a: Umbreon|par
|move|p1a: Umbreon|Foul Play|p2a: Gholdengo
|-resisted|p2a: Gholdengo
|-damage|p2a: Gholdengo|59/100
|
|upkeep
|turn|81
|
|t:|1781411399
|move|p2a: Gholdengo|Thunder Wave|p1a: Umbreon
|-fail|p1a: Umbreon|par
|move|p1a: Umbreon|Toxic|p2a: Gholdengo
|-immune|p2a: Gholdengo|[from] ability: Good as Gold
|
|upkeep
|turn|82
|
|t:|1781411401
|move|p2a: Gholdengo|Thunder Wave|p1a: Umbreon
|-fail|p1a: Umbreon|par
|move|p1a: Umbreon|Foul Play|p2a: Gholdengo
|-resisted|p2a: Gholdengo
|-damage|p2a: Gholdengo|54/100
|
|upkeep
|turn|83
|
|t:|1781411404
|move|p2a: Gholdengo|Thunder Wave|p1a: Umbreon
|-fail|p1a: Umbreon|par
|move|p1a: Umbreon|Foul Play|p2a: Gholdengo
|-resisted|p2a: Gholdengo
|-damage|p2a: Gholdengo|48/100
|
|upkeep
|turn|84
|
|t:|1781411406
|move|p2a: Gholdengo|Thunder Wave|p1a: Umbreon|[miss]
|-miss|p2a: Gholdengo|p1a: Umbreon
|move|p1a: Umbreon|Foul Play|p2a: Gholdengo
|-resisted|p2a: Gholdengo
|-damage|p2a: Gholdengo|43/100
|
|upkeep
|turn|85
|
|t:|1781411410
|move|p2a: Gholdengo|Thunder Wave|p1a: Umbreon
|-fail|p1a: Umbreon|par
|cant|p1a: Umbreon|par
|
|upkeep
|turn|86
|
|t:|1781411413
|move|p2a: Gholdengo|Thunder Wave|p1a: Umbreon
|-fail|p1a: Umbreon|par
|move|p1a: Umbreon|Foul Play|p2a: Gholdengo
|-resisted|p2a: Gholdengo
|-damage|p2a: Gholdengo|38/100
|
|upkeep
|turn|87
|
|t:|1781411416
|move|p2a: Gholdengo|Thunder Wave|p1a: Umbreon
|-fail|p1a: Umbreon|par
|move|p1a: Umbreon|Foul Play|p2a: Gholdengo
|-resisted|p2a: Gholdengo
|-damage|p2a: Gholdengo|32/100
|
|upkeep
|turn|88
|
|t:|1781411418
|move|p2a: Gholdengo|Thunder Wave|p1a: Umbreon
|-fail|p1a: Umbreon|par
|move|p1a: Umbreon|Foul Play|p2a: Gholdengo
|-resisted|p2a: Gholdengo
|-damage|p2a: Gholdengo|27/100
|
|upkeep
|turn|89
|
|t:|1781411421
|move|p2a: Gholdengo|Thunder Wave|p1a: Umbreon
|-fail|p1a: Umbreon|par
|cant|p1a: Umbreon|par
|
|upkeep
|turn|90
|
|t:|1781411424
|move|p2a: Gholdengo|Thunder Wave|p1a: Umbreon|[miss]
|-miss|p2a: Gholdengo|p1a: Umbreon
|move|p1a: Umbreon|Foul Play|p2a: Gholdengo
|-resisted|p2a: Gholdengo
|-damage|p2a: Gholdengo|21/100
|
|upkeep
|turn|91
|
|t:|1781411428
|move|p2a: Gholdengo|Recover|p2a: Gholdengo
|-heal|p2a: Gholdengo|71/100
|move|p1a: Umbreon|Foul Play|p2a: Gholdengo
|-resisted|p2a: Gholdengo
|-damage|p2a: Gholdengo|66/100
|
|upkeep
|turn|92
|
|t:|1781411432
|move|p2a: Gholdengo|Thunder Wave|p1a: Umbreon
|-fail|p1a: Umbreon|par
|cant|p1a: Umbreon|par
|
|upkeep
|turn|93
|j| chet homogren
|
|t:|1781411434
|move|p2a: Gholdengo|Hex|p1a: Umbreon
|-damage|p1a: Umbreon|58/100 par
|move|p1a: Umbreon|Toxic|p2a: Gholdengo
|-immune|p2a: Gholdengo|[from] ability: Good as Gold
|
|-heal|p1a: Umbreon|64/100 par|[from] item: Leftovers
|upkeep
|turn|94
|
|t:|1781411438
|move|p2a: Gholdengo|Make It Rain|p1a: Umbreon
|-resisted|p1a: Umbreon
|-crit|p1a: Umbreon
|-damage|p1a: Umbreon|38/100 par
|-unboost|p2a: Gholdengo|spa|1
|move|p1a: Umbreon|Wish|p1a: Umbreon
|
|-heal|p1a: Umbreon|44/100 par|[from] item: Leftovers
|upkeep
|turn|95
|
|t:|1781411446
|move|p1a: Umbreon|Protect|p1a: Umbreon
|-singleturn|p1a: Umbreon|Protect
|move|p2a: Gholdengo|Recover|p2a: Gholdengo
|-heal|p2a: Gholdengo|100/100
|
|-heal|p1a: Umbreon|94/100 par|[from] move: Wish|[wisher] Umbreon
|-heal|p1a: Umbreon|99/100 par|[from] item: Leftovers
|upkeep
|turn|96
|c| chet homogren|lets go Roseofrosarade
|
|t:|1781411454
|move|p2a: Gholdengo|Make It Rain|p1a: Umbreon
|-resisted|p1a: Umbreon
|-damage|p1a: Umbreon|87/100 par
|-unboost|p2a: Gholdengo|spa|1
|cant|p1a: Umbreon|par
|
|-heal|p1a: Umbreon|93/100 par|[from] item: Leftovers
|upkeep
|turn|97
|
|t:|1781411457
|move|p2a: Gholdengo|Make It Rain|p1a: Umbreon
|-resisted|p1a: Umbreon
|-damage|p1a: Umbreon|84/100 par
|-unboost|p2a: Gholdengo|spa|1
|move|p1a: Umbreon|Toxic|p2a: Gholdengo
|-immune|p2a: Gholdengo|[from] ability: Good as Gold
|
|-heal|p1a: Umbreon|90/100 par|[from] item: Leftovers
|upkeep
|turn|98
|
|t:|1781411464
|move|p2a: Gholdengo|Make It Rain|p1a: Umbreon
|-resisted|p1a: Umbreon
|-damage|p1a: Umbreon|82/100 par
|-unboost|p2a: Gholdengo|spa|1
|cant|p1a: Umbreon|par
|
|-heal|p1a: Umbreon|89/100 par|[from] item: Leftovers
|upkeep
|turn|99
|c| chet homogren|clutch umbreon wi
|c| chet homogren|win
|c|☆sawquarete|cringe umbreon n
|
|t:|1781411475
|move|p2a: Gholdengo|Make It Rain|p1a: Umbreon
|-resisted|p1a: Umbreon
|-damage|p1a: Umbreon|83/100 par
|-unboost|p2a: Gholdengo|spa|1
|move|p1a: Umbreon|Foul Play|p2a: Gholdengo
|-resisted|p2a: Gholdengo
|-damage|p2a: Gholdengo|95/100
|
|-heal|p1a: Umbreon|89/100 par|[from] item: Leftovers
|upkeep
|turn|100
|c| chet homogren|y
|-message|sawquarete forfeited.
|
|win|Roseofrosarade
|raw|Roseofrosarade's rating: 1646 &rarr; <strong>1665</strong><br />(+19 for winning)
|raw|sawquarete's rating: 1622 &rarr; <strong>1603</strong><br />(-19 for losing)
|c| chet homogren|lol
|l|☆Roseofrosarade
|player|p1|
|c| chet homogren|gg
|l| chet homogren
|c|☆sawquarete|its always so anoying
|c|☆sawquarete|ggs
|l|☆sawquarete
|player|p2|
