|j|☆Justin UA
|j|☆melonsourgummy
|t:|1781575525
|gametype|singles
|player|p1|Justin UA|169|1664
|player|p2|melonsourgummy|170|1596
|gen|9
|tier|[Gen 9] OU
|rated|
|rule|HP Percentage Mod: HP is shown in percentages
|rule|Endless Battle Clause: Forcing endless battles is banned
|rule|Species Clause: Limit one of each Pokémon
|rule|OHKO Clause: OHKO moves are banned
|rule|Evasion Items Clause: Evasion items are banned
|rule|Evasion Moves Clause: Evasion moves are banned
|rule|Evasion Abilities Clause: Evasion abilities are banned
|rule|Sleep Moves Clause: Sleep-inducing moves are banned
|clearpoke
|poke|p1|Slowking-Galar, F|
|poke|p1|Hatterene, F|
|poke|p1|Kyurem|
|poke|p1|Kingambit, F|
|poke|p1|Cinderace, F|
|poke|p1|Zapdos|
|poke|p2|Suicune|
|poke|p2|Cresselia, F|
|poke|p2|Clefable, F|
|poke|p2|Corviknight, M|
|poke|p2|Cinderace, F|
|poke|p2|Clodsire, F|
|teampreview
|inactive|Battle timer is ON: inactive players will automatically lose when time's up. (requested by Justin UA)
|
|t:|1781575547
|teamsize|p1|6
|teamsize|p2|6
|start
|switch|p1a: Slowking|Slowking-Galar, F|100/100
|switch|p2a: Cresselia|Cresselia, F|100/100
|turn|1
|
|t:|1781575552
|move|p2a: Cresselia|Trick|p1a: Slowking
|-activate|p2a: Cresselia|move: Trick|[of] p1a: Slowking
|-item|p1a: Slowking|Choice Scarf|[from] move: Trick
|-item|p2a: Cresselia|Colbur Berry|[from] move: Trick
|move|p1a: Slowking|Thunder Wave|p2a: Cresselia
|-status|p2a: Cresselia|par
|
|upkeep
|turn|2
|
|t:|1781575571
|switch|p2a: Clodsire|Clodsire, F|100/100
|switch|p1a: Zapdos|Zapdos, shiny|100/100
|
|upkeep
|turn|3
|
|t:|1781575574
|switch|p1a: Slowking|Slowking-Galar, F|100/100
|move|p2a: Clodsire|Spikes|p1a: Slowking
|-sidestart|p1: Justin UA|Spikes
|
|upkeep
|turn|4
|
|t:|1781575579
|-prepare|p1a: Slowking|Chilly Reception|[premajor]
|move|p1a: Slowking|Chilly Reception|p1a: Slowking
|-weather|Snowscape
|
|t:|1781575587
|switch|p1a: Cinderace|Cinderace, F|100/100|[from] Chilly Reception
|move|p2a: Clodsire|Earthquake|p1a: Cinderace
|-supereffective|p1a: Cinderace
|-damage|p1a: Cinderace|28/100
|
|-weather|Snowscape|[upkeep]
|upkeep
|turn|5
|
|t:|1781575597
|switch|p2a: Cinderace|Cinderace, F|100/100
|move|p1a: Cinderace|U-turn|p2a: Cinderace
|-resisted|p2a: Cinderace
|-damage|p2a: Cinderace|89/100
|
|t:|1781575603
|switch|p1a: Zapdos|Zapdos, shiny|100/100|[from] U-turn
|
|-weather|Snowscape|[upkeep]
|upkeep
|turn|6
|
|t:|1781575607
|switch|p2a: Clodsire|Clodsire, F|100/100
|move|p1a: Zapdos|Hurricane|p2a: Clodsire
|-damage|p2a: Clodsire|75/100
|
|-weather|Snowscape|[upkeep]
|-heal|p2a: Clodsire|82/100|[from] item: Leftovers
|upkeep
|turn|7
|
|t:|1781575610
|switch|p1a: Hatterene|Hatterene, F|100/100
|-damage|p1a: Hatterene|88/100|[from] Spikes
|move|p2a: Clodsire|Poison Jab|p1a: Hatterene
|-supereffective|p1a: Hatterene
|-damage|p1a: Hatterene|48/100
|
|-weather|Snowscape|[upkeep]
|-heal|p1a: Hatterene|54/100|[from] item: Leftovers
|-heal|p2a: Clodsire|88/100|[from] item: Leftovers
|upkeep
|turn|8
|
|t:|1781575613
|move|p1a: Hatterene|Pain Split|p2a: Clodsire
|-sethp|p2a: Clodsire|63/100|[from] move: Pain Split|[silent]
|-sethp|p1a: Hatterene|91/100|[from] move: Pain Split
|move|p2a: Clodsire|Poison Jab|p1a: Hatterene
|-supereffective|p1a: Hatterene
|-damage|p1a: Hatterene|51/100
|
|-weather|none
|-heal|p1a: Hatterene|57/100|[from] item: Leftovers
|-heal|p2a: Clodsire|69/100|[from] item: Leftovers
|upkeep
|turn|9
|
|t:|1781575617
|move|p1a: Hatterene|Psychic Noise|p2a: Clodsire
|-supereffective|p2a: Clodsire
|-damage|p2a: Clodsire|33/100
|-start|p2a: Clodsire|move: Heal Block
|cant|p2a: Clodsire|move: Heal Block|Recover
|
|-heal|p1a: Hatterene|63/100|[from] item: Leftovers
|upkeep
|turn|10
|
|t:|1781575629
|switch|p2a: Corviknight|Corviknight, M|100/100
|-ability|p2a: Corviknight|Pressure
|move|p1a: Hatterene|Psychic Noise|p2a: Corviknight
|-resisted|p2a: Corviknight
|-damage|p2a: Corviknight|85/100
|-start|p2a: Corviknight|move: Heal Block
|
|-heal|p1a: Hatterene|69/100|[from] item: Leftovers
|upkeep
|turn|11
|
|t:|1781575637
|switch|p2a: Cresselia|Cresselia, F|100/100 par
|move|p1a: Hatterene|Nuzzle|p2a: Cresselia
|-damage|p2a: Cresselia|97/100 par
|
|-heal|p1a: Hatterene|75/100|[from] item: Leftovers
|upkeep
|turn|12
|
|t:|1781575653
|switch|p2a: Clodsire|Clodsire, F|33/100
|switch|p1a: Slowking|Slowking-Galar, F|100/100
|-damage|p1a: Slowking|88/100|[from] Spikes
|
|-heal|p2a: Clodsire|40/100|[from] item: Leftovers
|upkeep
|turn|13
|
|t:|1781575659
|switch|p1a: Kyurem|Kyurem|100/100
|-damage|p1a: Kyurem|88/100|[from] Spikes
|-ability|p1a: Kyurem|Pressure
|move|p2a: Clodsire|Earthquake|p1a: Kyurem
|-damage|p1a: Kyurem|60/100
|
|-heal|p2a: Clodsire|46/100|[from] item: Leftovers
|upkeep
|turn|14
|
|t:|1781575663
|switch|p2a: Cinderace|Cinderace, F|89/100
|move|p1a: Kyurem|Ice Beam|p2a: Cinderace
|-resisted|p2a: Cinderace
|-damage|p2a: Cinderace|48/100
|
|upkeep
|turn|15
|
|t:|1781575672
|switch|p1a: Zapdos|Zapdos, shiny|100/100
|move|p2a: Cinderace|Will-O-Wisp|p1a: Zapdos
|-status|p1a: Zapdos|brn
|
|-damage|p1a: Zapdos|94/100 brn|[from] brn
|upkeep
|turn|16
|
|t:|1781575687
|switch|p2a: Clodsire|Clodsire, F|46/100
|switch|p1a: Hatterene|Hatterene, F|75/100
|-damage|p1a: Hatterene|63/100|[from] Spikes
|
|-heal|p1a: Hatterene|69/100|[from] item: Leftovers
|-heal|p2a: Clodsire|52/100|[from] item: Leftovers
|upkeep
|turn|17
|
|t:|1781575692
|move|p1a: Hatterene|Psychic Noise|p2a: Clodsire
|-supereffective|p2a: Clodsire
|-damage|p2a: Clodsire|13/100
|-start|p2a: Clodsire|move: Heal Block
|move|p2a: Clodsire|Poison Jab|p1a: Hatterene
|-supereffective|p1a: Hatterene
|-damage|p1a: Hatterene|29/100
|
|-heal|p1a: Hatterene|35/100|[from] item: Leftovers
|upkeep
|turn|18
|
|t:|1781575701
|switch|p2a: Cresselia|Cresselia, F|97/100 par
|move|p1a: Hatterene|Psychic Noise|p2a: Cresselia
|-resisted|p2a: Cresselia
|-damage|p2a: Cresselia|85/100 par
|-start|p2a: Cresselia|move: Heal Block
|
|-heal|p1a: Hatterene|41/100|[from] item: Leftovers
|upkeep
|turn|19
|
|t:|1781575712
|cant|p2a: Cresselia|par
|move|p1a: Hatterene|Draining Kiss|p2a: Cresselia
|-damage|p2a: Cresselia|72/100 par
|-heal|p1a: Hatterene|55/100|[from] drain|[of] p2a: Cresselia
|
|-heal|p1a: Hatterene|61/100|[from] item: Leftovers
|-end|p2a: Cresselia|move: Heal Block
|upkeep
|turn|20
|
|t:|1781575717
|switch|p1a: Slowking|Slowking-Galar, F|100/100
|-damage|p1a: Slowking|88/100|[from] Spikes
|move|p2a: Cresselia|Lunar Dance|p2a: Cresselia
|faint|p2a: Cresselia
|
|upkeep
|
|t:|1781575720
|switch|p2a: Clodsire|Clodsire, F|13/100
|-heal|p2a: Clodsire|100/100|[from] move: Lunar Dance
|turn|21
|
|t:|1781575748
|-prepare|p1a: Slowking|Chilly Reception|[premajor]
|move|p1a: Slowking|Chilly Reception|p1a: Slowking
|-weather|Snowscape
|
|t:|1781575755
|switch|p1a: Hatterene|Hatterene, F|61/100|[from] Chilly Reception
|-damage|p1a: Hatterene|49/100|[from] Spikes
|move|p2a: Clodsire|Poison Jab|p1a: Hatterene
|-supereffective|p1a: Hatterene
|-damage|p1a: Hatterene|12/100
|
|-weather|Snowscape|[upkeep]
|-heal|p1a: Hatterene|18/100|[from] item: Leftovers
|upkeep
|turn|22
|c|☆melonsourgummy|Can a bitch get a poison
|
|t:|1781575769
|switch|p2a: Cinderace|Cinderace, F|48/100
|move|p1a: Hatterene|Pain Split|p2a: Cinderace
|-sethp|p2a: Cinderace|32/100|[from] move: Pain Split|[silent]
|-sethp|p1a: Hatterene|36/100|[from] move: Pain Split
|
|-weather|Snowscape|[upkeep]
|-heal|p1a: Hatterene|42/100|[from] item: Leftovers
|upkeep
|turn|23
|
|t:|1781575775
|switch|p1a: Zapdos|Zapdos, shiny|94/100 brn
|move|p2a: Cinderace|Pyro Ball|p1a: Zapdos
|-damage|p1a: Zapdos|62/100 brn
|
|-weather|Snowscape|[upkeep]
|-damage|p1a: Zapdos|56/100 brn|[from] brn
|upkeep
|turn|24
|
|t:|1781575785
|switch|p2a: Clodsire|Clodsire, F|100/100
|move|p1a: Zapdos|Hurricane|p2a: Clodsire
|-damage|p2a: Clodsire|77/100
|-start|p2a: Clodsire|confusion
|
|-weather|Snowscape|[upkeep]
|-heal|p2a: Clodsire|83/100|[from] item: Leftovers
|-damage|p1a: Zapdos|50/100 brn|[from] brn
|upkeep
|turn|25
|
|t:|1781575800
|move|p1a: Zapdos|Roost|p1a: Zapdos
|-heal|p1a: Zapdos|99/100 brn
|-singleturn|p1a: Zapdos|move: Roost
|-activate|p2a: Clodsire|confusion
|move|p2a: Clodsire|Earthquake|p1a: Zapdos
|-supereffective|p1a: Zapdos
|-damage|p1a: Zapdos|59/100 brn
|
|-weather|none
|-heal|p2a: Clodsire|90/100|[from] item: Leftovers
|-damage|p1a: Zapdos|53/100 brn|[from] brn
|upkeep
|turn|26
|j| Mega Delibird X
|
|t:|1781575808
|move|p1a: Zapdos|Roost|p1a: Zapdos
|-heal|p1a: Zapdos|100/100 brn
|-singleturn|p1a: Zapdos|move: Roost
|-end|p2a: Clodsire|confusion
|move|p2a: Clodsire|Spikes|p1a: Zapdos
|-sidestart|p1: Justin UA|Spikes
|
|-heal|p2a: Clodsire|96/100|[from] item: Leftovers
|-damage|p1a: Zapdos|94/100 brn|[from] brn
|upkeep
|turn|27
|
|t:|1781575813
|switch|p1a: Hatterene|Hatterene, F|42/100
|-damage|p1a: Hatterene|25/100|[from] Spikes
|move|p2a: Clodsire|Earthquake|p1a: Hatterene
|-damage|p1a: Hatterene|0 fnt
|faint|p1a: Hatterene
|
|-heal|p2a: Clodsire|100/100|[from] item: Leftovers
|upkeep
|
|t:|1781575816
|switch|p1a: Cinderace|Cinderace, F|28/100
|turn|28
|
|t:|1781575819
|move|p1a: Cinderace|Court Change|p1a: Cinderace
|-swapsideconditions
|-activate|p1a: Cinderace|move: Court Change
|move|p2a: Clodsire|Earthquake|p1a: Cinderace
|-supereffective|p1a: Cinderace
|-damage|p1a: Cinderace|0 fnt
|faint|p1a: Cinderace
|
|upkeep
|
|t:|1781575822
|switch|p1a: Kyurem|Kyurem|60/100
|-ability|p1a: Kyurem|Pressure
|turn|29
|
|t:|1781575837
|move|p1a: Kyurem|Ice Beam|p2a: Clodsire
|-supereffective|p2a: Clodsire
|-damage|p2a: Clodsire|24/100
|-status|p2a: Clodsire|frz
|-curestatus|p2a: Clodsire|frz|[msg]
|move|p2a: Clodsire|Earthquake|p1a: Kyurem
|-damage|p1a: Kyurem|32/100
|
|-heal|p2a: Clodsire|30/100|[from] item: Leftovers
|upkeep
|turn|30
|
|t:|1781575840
|move|p1a: Kyurem|Ice Beam|p2a: Clodsire
|-supereffective|p2a: Clodsire
|-damage|p2a: Clodsire|0 fnt
|faint|p2a: Clodsire
|
|upkeep
|
|t:|1781575841
|switch|p2a: Cinderace|Cinderace, F|32/100
|turn|31
|
|t:|1781575847
|switch|p1a: Zapdos|Zapdos, shiny|94/100 brn
|move|p2a: Cinderace|Pyro Ball|p1a: Zapdos
|-damage|p1a: Zapdos|59/100 brn
|
|-damage|p1a: Zapdos|53/100 brn|[from] brn
|upkeep
|turn|32
|
|t:|1781575850
|move|p2a: Cinderace|Court Change|p2a: Cinderace
|-start|p2a: Cinderace|typechange|Normal|[from] ability: Libero
|-swapsideconditions
|-activate|p2a: Cinderace|move: Court Change
|move|p1a: Zapdos|Roost|p1a: Zapdos
|-heal|p1a: Zapdos|100/100 brn
|-singleturn|p1a: Zapdos|move: Roost
|
|-damage|p1a: Zapdos|94/100 brn|[from] brn
|upkeep
|turn|33
|
|t:|1781575856
|switch|p2a: Clefable|Clefable, F|100/100
|move|p1a: Zapdos|Thunder Wave|p2a: Clefable
|-status|p2a: Clefable|par
|
|-damage|p1a: Zapdos|88/100 brn|[from] brn
|upkeep
|turn|34
|
|t:|1781575860
|move|p1a: Zapdos|Volt Switch|p2a: Clefable
|-crit|p2a: Clefable
|-damage|p2a: Clefable|58/100 par
|
|t:|1781575863
|switch|p1a: Slowking|Slowking-Galar, F|100/100|[from] Volt Switch
|-damage|p1a: Slowking|84/100|[from] Spikes
|move|p2a: Clefable|Wish|p2a: Clefable
|
|-heal|p2a: Clefable|64/100 par|[from] item: Leftovers
|upkeep
|turn|35
|
|t:|1781575871
|-prepare|p1a: Slowking|Chilly Reception|[premajor]
|move|p1a: Slowking|Chilly Reception|p1a: Slowking
|-weather|Snowscape
|
|t:|1781575877
|switch|p1a: Kingambit|Kingambit, F|100/100|[from] Chilly Reception
|-damage|p1a: Kingambit|84/100|[from] Spikes
|-activate|p1a: Kingambit|ability: Supreme Overlord
|-start|p1a: Kingambit|fallen2|[silent]
|move|p2a: Clefable|Thunder Wave|p1a: Kingambit
|-status|p1a: Kingambit|par
|
|-weather|Snowscape|[upkeep]
|-heal|p2a: Clefable|100/100 par|[from] move: Wish|[wisher] Clefable
|-heal|p1a: Kingambit|90/100 par|[from] item: Leftovers
|upkeep
|turn|36
|
|t:|1781575886
|-end|p1a: Kingambit|fallen2|[silent]
|switch|p1a: Slowking|Slowking-Galar, F|100/100
|-damage|p1a: Slowking|84/100|[from] Spikes
|switch|p2a: Corviknight|Corviknight, M|85/100
|-ability|p2a: Corviknight|Pressure
|
|-weather|Snowscape|[upkeep]
|upkeep
|turn|37
|
|t:|1781575891
|switch|p2a: Clefable|Clefable, F|100/100 par
|-prepare|p1a: Slowking|Chilly Reception|[premajor]
|move|p1a: Slowking|Chilly Reception|p1a: Slowking
|
|t:|1781575898
|switch|p1a: Zapdos|Zapdos, shiny|88/100 brn|[from] Chilly Reception
|
|-weather|Snowscape|[upkeep]
|-damage|p1a: Zapdos|82/100 brn|[from] brn
|upkeep
|turn|38
|
|t:|1781575901
|move|p1a: Zapdos|Hurricane|p2a: Clefable
|-damage|p2a: Clefable|54/100 par
|move|p2a: Clefable|Wish|p2a: Clefable
|
|-weather|Snowscape|[upkeep]
|-heal|p2a: Clefable|60/100 par|[from] item: Leftovers
|-damage|p1a: Zapdos|76/100 brn|[from] brn
|upkeep
|turn|39
|
|t:|1781575912
|move|p2a: Clefable|Protect|p2a: Clefable
|-singleturn|p2a: Clefable|Protect
|move|p1a: Zapdos|Hurricane|p2a: Clefable
|-activate|p2a: Clefable|move: Protect
|
|-weather|none
|-heal|p2a: Clefable|100/100 par|[from] move: Wish|[wisher] Clefable
|-damage|p1a: Zapdos|70/100 brn|[from] brn
|upkeep
|turn|40
|
|t:|1781575917
|move|p1a: Zapdos|Hurricane|p2a: Clefable
|-damage|p2a: Clefable|55/100 par
|move|p2a: Clefable|Moonblast|p1a: Zapdos
|-damage|p1a: Zapdos|39/100 brn
|
|-heal|p2a: Clefable|61/100 par|[from] item: Leftovers
|-damage|p1a: Zapdos|33/100 brn|[from] brn
|upkeep
|turn|41
|
|t:|1781575925
|move|p1a: Zapdos|Roost|p1a: Zapdos
|-heal|p1a: Zapdos|83/100 brn
|-singleturn|p1a: Zapdos|move: Roost
|move|p2a: Clefable|Moonblast|p1a: Zapdos
|-damage|p1a: Zapdos|55/100 brn
|
|-heal|p2a: Clefable|67/100 par|[from] item: Leftovers
|-damage|p1a: Zapdos|49/100 brn|[from] brn
|upkeep
|turn|42
|
|t:|1781575928
|move|p1a: Zapdos|Hurricane|p2a: Clefable|[miss]
|-miss|p1a: Zapdos|p2a: Clefable
|cant|p2a: Clefable|par
|
|-heal|p2a: Clefable|73/100 par|[from] item: Leftovers
|-damage|p1a: Zapdos|43/100 brn|[from] brn
|upkeep
|turn|43
|
|t:|1781575935
|move|p1a: Zapdos|Hurricane|p2a: Clefable
|-damage|p2a: Clefable|32/100 par
|move|p2a: Clefable|Moonblast|p1a: Zapdos
|-damage|p1a: Zapdos|14/100 brn
|-unboost|p1a: Zapdos|spa|1
|
|-heal|p2a: Clefable|38/100 par|[from] item: Leftovers
|-damage|p1a: Zapdos|8/100 brn|[from] brn
|upkeep
|turn|44
|
|t:|1781575942
|move|p1a: Zapdos|Roost|p1a: Zapdos
|-heal|p1a: Zapdos|58/100 brn
|-singleturn|p1a: Zapdos|move: Roost
|move|p2a: Clefable|Wish|p2a: Clefable
|
|-heal|p2a: Clefable|44/100 par|[from] item: Leftovers
|-damage|p1a: Zapdos|52/100 brn|[from] brn
|upkeep
|turn|45
|
|t:|1781575945
|cant|p2a: Clefable|par
|move|p1a: Zapdos|Roost|p1a: Zapdos
|-heal|p1a: Zapdos|100/100 brn
|-singleturn|p1a: Zapdos|move: Roost
|
|-heal|p2a: Clefable|94/100 par|[from] move: Wish|[wisher] Clefable
|-heal|p2a: Clefable|99/100 par|[from] item: Leftovers
|-damage|p1a: Zapdos|94/100 brn|[from] brn
|upkeep
|turn|46
|
|t:|1781575948
|move|p1a: Zapdos|Volt Switch|p2a: Clefable
|-damage|p2a: Clefable|82/100 par
|
|t:|1781575950
|switch|p1a: Slowking|Slowking-Galar, F|100/100|[from] Volt Switch
|-damage|p1a: Slowking|84/100|[from] Spikes
|move|p2a: Clefable|Wish|p2a: Clefable
|
|-heal|p2a: Clefable|88/100 par|[from] item: Leftovers
|upkeep
|turn|47
|
|t:|1781575952
|switch|p2a: Cinderace|Cinderace, F|32/100
|move|p1a: Slowking|Future Sight|p2a: Cinderace
|-start|p1a: Slowking|move: Future Sight
|
|-heal|p2a: Cinderace|87/100|[from] move: Wish|[wisher] Clefable
|upkeep
|turn|48
|
|t:|1781575960
|switch|p1a: Zapdos|Zapdos, shiny|94/100 brn
|move|p2a: Cinderace|Pyro Ball|p1a: Zapdos
|-damage|p1a: Zapdos|60/100 brn
|
|-damage|p1a: Zapdos|54/100 brn|[from] brn
|upkeep
|turn|49
|
|t:|1781575970
|switch|p2a: Clefable|Clefable, F|88/100 par
|move|p1a: Zapdos|Volt Switch|p2a: Clefable
|-damage|p2a: Clefable|58/100 par
|
|t:|1781575973
|switch|p1a: Kyurem|Kyurem|32/100|[from] Volt Switch
|-damage|p1a: Kyurem|15/100|[from] Spikes
|-ability|p1a: Kyurem|Pressure
|
|-end|p2a: Clefable|move: Future Sight
|-crit|p2a: Clefable
|-damage|p2a: Clefable|0 fnt
|faint|p2a: Clefable
|upkeep
|
|t:|1781575979
|switch|p2a: Cinderace|Cinderace, F|87/100
|turn|50
|
|t:|1781575983
|move|p2a: Cinderace|Pyro Ball|p1a: Kyurem
|-damage|p1a: Kyurem|0 fnt
|faint|p1a: Kyurem
|
|upkeep
|
|t:|1781575987
|switch|p1a: Slowking|Slowking-Galar, F|100/100
|-damage|p1a: Slowking|84/100|[from] Spikes
|turn|51
|
|t:|1781575990
|move|p2a: Cinderace|Pyro Ball|p1a: Slowking
|-damage|p1a: Slowking|37/100
|move|p1a: Slowking|Thunder Wave|p2a: Cinderace
|-status|p2a: Cinderace|par
|
|upkeep
|turn|52
|
|t:|1781575993
|cant|p2a: Cinderace|par
|move|p1a: Slowking|Thunder Wave|p2a: Cinderace
|-fail|p2a: Cinderace|par
|
|upkeep
|turn|53
|
|t:|1781575998
|switch|p1a: Zapdos|Zapdos, shiny|54/100 brn
|cant|p2a: Cinderace|par
|
|-damage|p1a: Zapdos|48/100 brn|[from] brn
|upkeep
|turn|54
|
|t:|1781576002
|move|p1a: Zapdos|Roost|p1a: Zapdos
|-heal|p1a: Zapdos|98/100 brn
|-singleturn|p1a: Zapdos|move: Roost
|move|p2a: Cinderace|U-turn|p1a: Zapdos
|-start|p2a: Cinderace|typechange|Bug|[from] ability: Libero
|-damage|p1a: Zapdos|77/100 brn
|
|t:|1781576005
|switch|p2a: Suicune|Suicune|100/100|[from] U-turn
|-ability|p2a: Suicune|Pressure
|
|-damage|p1a: Zapdos|71/100 brn|[from] brn
|upkeep
|turn|55
|
|t:|1781576008
|move|p2a: Suicune|Protect|p2a: Suicune
|-singleturn|p2a: Suicune|Protect
|move|p1a: Zapdos|Thunder Wave|p2a: Suicune
|-activate|p2a: Suicune|move: Protect
|
|-damage|p1a: Zapdos|65/100 brn|[from] brn
|upkeep
|turn|56
|
|t:|1781576028
|move|p2a: Suicune|Substitute|p2a: Suicune
|-start|p2a: Suicune|Substitute
|-damage|p2a: Suicune|75/100
|move|p1a: Zapdos|Thunder Wave|p2a: Suicune|[miss]
|-miss|p1a: Zapdos|p2a: Suicune
|
|-heal|p2a: Suicune|82/100|[from] item: Leftovers
|-damage|p1a: Zapdos|59/100 brn|[from] brn
|upkeep
|turn|57
|
|t:|1781576030
|move|p2a: Suicune|Calm Mind|p2a: Suicune
|-boost|p2a: Suicune|spa|1
|-boost|p2a: Suicune|spd|1
|move|p1a: Zapdos|Volt Switch|p2a: Suicune
|-supereffective|p2a: Suicune
|-end|p2a: Suicune|Substitute
|
|t:|1781576034
|switch|p1a: Kingambit|Kingambit, F|90/100 par|[from] Volt Switch
|-damage|p1a: Kingambit|74/100 par|[from] Spikes
|-activate|p1a: Kingambit|ability: Supreme Overlord
|-start|p1a: Kingambit|fallen3|[silent]
|
|-heal|p2a: Suicune|88/100|[from] item: Leftovers
|-heal|p1a: Kingambit|80/100 par|[from] item: Leftovers
|upkeep
|turn|58
|
|t:|1781576041
|move|p2a: Suicune|Substitute|p2a: Suicune
|-start|p2a: Suicune|Substitute
|-damage|p2a: Suicune|63/100
|move|p1a: Kingambit|Kowtow Cleave|p2a: Suicune
|-end|p2a: Suicune|Substitute
|
|-heal|p2a: Suicune|69/100|[from] item: Leftovers
|-heal|p1a: Kingambit|86/100 par|[from] item: Leftovers
|upkeep
|turn|59
|
|t:|1781576044
|move|p2a: Suicune|Protect|p2a: Suicune
|-singleturn|p2a: Suicune|Protect
|move|p1a: Kingambit|Kowtow Cleave|p2a: Suicune
|-activate|p2a: Suicune|move: Protect
|
|-heal|p2a: Suicune|75/100|[from] item: Leftovers
|-heal|p1a: Kingambit|92/100 par|[from] item: Leftovers
|upkeep
|turn|60
|
|t:|1781576046
|move|p2a: Suicune|Substitute|p2a: Suicune
|-start|p2a: Suicune|Substitute
|-damage|p2a: Suicune|50/100
|move|p1a: Kingambit|Kowtow Cleave|p2a: Suicune
|-end|p2a: Suicune|Substitute
|
|-heal|p2a: Suicune|56/100|[from] item: Leftovers
|-heal|p1a: Kingambit|98/100 par|[from] item: Leftovers
|upkeep
|turn|61
|
|t:|1781576052
|move|p2a: Suicune|Substitute|p2a: Suicune
|-start|p2a: Suicune|Substitute
|-damage|p2a: Suicune|31/100
|move|p1a: Kingambit|Kowtow Cleave|p2a: Suicune
|-end|p2a: Suicune|Substitute
|
|-heal|p2a: Suicune|38/100|[from] item: Leftovers
|-heal|p1a: Kingambit|100/100 par|[from] item: Leftovers
|upkeep
|turn|62
|
|t:|1781576059
|move|p2a: Suicune|Protect|p2a: Suicune
|-singleturn|p2a: Suicune|Protect
|move|p1a: Kingambit|Kowtow Cleave|p2a: Suicune
|-activate|p2a: Suicune|move: Protect
|
|-heal|p2a: Suicune|44/100|[from] item: Leftovers
|upkeep
|turn|63
|
|t:|1781576063
|switch|p2a: Corviknight|Corviknight, M|85/100
|-ability|p2a: Corviknight|Pressure
|move|p1a: Kingambit|Kowtow Cleave|p2a: Corviknight
|-damage|p2a: Corviknight|38/100
|-damage|p1a: Kingambit|84/100 par|[from] item: Rocky Helmet|[of] p2a: Corviknight
|
|-heal|p1a: Kingambit|90/100 par|[from] item: Leftovers
|upkeep
|turn|64
|
|t:|1781576070
|-end|p1a: Kingambit|fallen3|[silent]
|switch|p1a: Zapdos|Zapdos, shiny|59/100 brn
|move|p2a: Corviknight|Roost|p2a: Corviknight
|-heal|p2a: Corviknight|88/100
|-singleturn|p2a: Corviknight|move: Roost
|
|-damage|p1a: Zapdos|53/100 brn|[from] brn
|upkeep
|turn|65
|
|t:|1781576074
|switch|p2a: Cinderace|Cinderace, F|87/100 par
|move|p1a: Zapdos|Volt Switch|p2a: Cinderace
|-damage|p2a: Cinderace|49/100 par
|
|t:|1781576078
|switch|p1a: Slowking|Slowking-Galar, F|70/100|[from] Volt Switch
|-damage|p1a: Slowking|53/100|[from] Spikes
|
|upkeep
|turn|66
|
|t:|1781576083
|move|p2a: Cinderace|Pyro Ball|p1a: Slowking
|-crit|p1a: Slowking
|-damage|p1a: Slowking|0 fnt
|faint|p1a: Slowking
|
|upkeep
|
|t:|1781576086
|switch|p1a: Zapdos|Zapdos, shiny|53/100 brn
|turn|67
|
|t:|1781576089
|move|p1a: Zapdos|Roost|p1a: Zapdos
|-heal|p1a: Zapdos|100/100 brn
|-singleturn|p1a: Zapdos|move: Roost
|move|p2a: Cinderace|U-turn|p1a: Zapdos
|-start|p2a: Cinderace|typechange|Bug|[from] ability: Libero
|-damage|p1a: Zapdos|78/100 brn
|
|t:|1781576090
|switch|p2a: Suicune|Suicune|44/100|[from] U-turn
|-ability|p2a: Suicune|Pressure
|
|-heal|p2a: Suicune|50/100|[from] item: Leftovers
|-damage|p1a: Zapdos|72/100 brn|[from] brn
|upkeep
|turn|68
|
|t:|1781576093
|move|p2a: Suicune|Protect|p2a: Suicune
|-singleturn|p2a: Suicune|Protect
|move|p1a: Zapdos|Volt Switch|p2a: Suicune
|-activate|p2a: Suicune|move: Protect
|
|-heal|p2a: Suicune|56/100|[from] item: Leftovers
|-damage|p1a: Zapdos|66/100 brn|[from] brn
|upkeep
|turn|69
|
|t:|1781576101
|switch|p2a: Cinderace|Cinderace, F|49/100 par
|move|p1a: Zapdos|Volt Switch|p2a: Cinderace
|-damage|p2a: Cinderace|16/100 par
|
|t:|1781576103
|switch|p1a: Kingambit|Kingambit, F|90/100 par|[from] Volt Switch
|-damage|p1a: Kingambit|74/100 par|[from] Spikes
|-activate|p1a: Kingambit|ability: Supreme Overlord
|-start|p1a: Kingambit|fallen4|[silent]
|
|-heal|p1a: Kingambit|80/100 par|[from] item: Leftovers
|upkeep
|turn|70
|
|t:|1781576114
|-end|p1a: Kingambit|fallen4|[silent]
|switch|p1a: Zapdos|Zapdos, shiny|66/100 brn
|move|p2a: Cinderace|Pyro Ball|p1a: Zapdos
|-damage|p1a: Zapdos|32/100 brn
|
|-damage|p1a: Zapdos|26/100 brn|[from] brn
|upkeep
|turn|71
|
|t:|1781576117
|move|p1a: Zapdos|Volt Switch|p2a: Cinderace
|-damage|p2a: Cinderace|0 fnt
|faint|p2a: Cinderace
|
|t:|1781576119
|switch|p1a: Kingambit|Kingambit, F|80/100 par|[from] Volt Switch
|-damage|p1a: Kingambit|63/100 par|[from] Spikes
|-activate|p1a: Kingambit|ability: Supreme Overlord
|-start|p1a: Kingambit|fallen4|[silent]
|
|-heal|p1a: Kingambit|69/100 par|[from] item: Leftovers
|upkeep
|
|t:|1781576123
|switch|p2a: Corviknight|Corviknight, M|88/100
|-ability|p2a: Corviknight|Pressure
|turn|72
|
|t:|1781576127
|switch|p2a: Suicune|Suicune|56/100
|-ability|p2a: Suicune|Pressure
|-terastallize|p1a: Kingambit|Ghost
|move|p1a: Kingambit|Swords Dance|p1a: Kingambit
|-boost|p1a: Kingambit|atk|2
|
|-heal|p2a: Suicune|62/100|[from] item: Leftovers
|-heal|p1a: Kingambit|75/100 par|[from] item: Leftovers
|upkeep
|turn|73
|
|t:|1781576131
|move|p2a: Suicune|Protect|p2a: Suicune
|-singleturn|p2a: Suicune|Protect
|move|p1a: Kingambit|Iron Head|p2a: Suicune
|-activate|p2a: Suicune|move: Protect
|
|-heal|p2a: Suicune|69/100|[from] item: Leftovers
|-heal|p1a: Kingambit|82/100 par|[from] item: Leftovers
|upkeep
|turn|74
|
|t:|1781576134
|move|p2a: Suicune|Substitute|p2a: Suicune
|-start|p2a: Suicune|Substitute
|-damage|p2a: Suicune|44/100
|move|p1a: Kingambit|Iron Head|p2a: Suicune
|-resisted|p2a: Suicune
|-end|p2a: Suicune|Substitute
|
|-heal|p2a: Suicune|50/100|[from] item: Leftovers
|-heal|p1a: Kingambit|88/100 par|[from] item: Leftovers
|upkeep
|turn|75
|
|t:|1781576142
|switch|p2a: Corviknight|Corviknight, M|88/100
|-ability|p2a: Corviknight|Pressure
|cant|p1a: Kingambit|par
|
|-heal|p1a: Kingambit|94/100 par|[from] item: Leftovers
|upkeep
|turn|76
|
|t:|1781576145
|move|p2a: Corviknight|Iron Defense|p2a: Corviknight
|-boost|p2a: Corviknight|def|2
|cant|p1a: Kingambit|par
|
|-heal|p1a: Kingambit|99/100 par|[from] item: Leftovers
|upkeep
|turn|77
|
|t:|1781576148
|move|p2a: Corviknight|Iron Defense|p2a: Corviknight
|-boost|p2a: Corviknight|def|2
|move|p1a: Kingambit|Kowtow Cleave|p2a: Corviknight
|-damage|p2a: Corviknight|59/100
|-damage|p1a: Kingambit|83/100 par|[from] item: Rocky Helmet|[of] p2a: Corviknight
|
|-heal|p1a: Kingambit|90/100 par|[from] item: Leftovers
|upkeep
|turn|78
|
|t:|1781576152
|-end|p1a: Kingambit|fallen4|[silent]
|switch|p1a: Zapdos|Zapdos, shiny|26/100 brn
|move|p2a: Corviknight|Iron Defense|p2a: Corviknight
|-boost|p2a: Corviknight|def|2
|
|-damage|p1a: Zapdos|20/100 brn|[from] brn
|upkeep
|turn|79
|
|t:|1781576165
|move|p1a: Zapdos|Volt Switch|p2a: Corviknight
|-supereffective|p2a: Corviknight
|-damage|p2a: Corviknight|0 fnt
|faint|p2a: Corviknight
|
|t:|1781576168
|switch|p1a: Kingambit|Kingambit, F, tera:Ghost|90/100 par|[from] Volt Switch
|-damage|p1a: Kingambit|73/100 par|[from] Spikes
|-activate|p1a: Kingambit|ability: Supreme Overlord
|-start|p1a: Kingambit|fallen4|[silent]
|
|-heal|p1a: Kingambit|79/100 par|[from] item: Leftovers
|upkeep
|
|t:|1781576170
|switch|p2a: Suicune|Suicune|50/100
|-ability|p2a: Suicune|Pressure
|turn|80
|
|t:|1781576172
|move|p2a: Suicune|Substitute|p2a: Suicune
|-start|p2a: Suicune|Substitute
|-damage|p2a: Suicune|25/100
|cant|p1a: Kingambit|par
|
|-heal|p2a: Suicune|31/100|[from] item: Leftovers
|-heal|p1a: Kingambit|85/100 par|[from] item: Leftovers
|upkeep
|turn|81
|
|t:|1781576177
|move|p2a: Suicune|Scald|p1a: Kingambit
|-damage|p1a: Kingambit|58/100 par
|move|p1a: Kingambit|Swords Dance|p1a: Kingambit
|-boost|p1a: Kingambit|atk|2
|
|-heal|p2a: Suicune|37/100|[from] item: Leftovers
|-heal|p1a: Kingambit|64/100 par|[from] item: Leftovers
|upkeep
|turn|82
|
|t:|1781576182
|move|p2a: Suicune|Protect|p2a: Suicune
|-singleturn|p2a: Suicune|Protect
|move|p1a: Kingambit|Sucker Punch||[still]
|-fail|p1a: Kingambit
|
|-heal|p2a: Suicune|43/100|[from] item: Leftovers
|-heal|p1a: Kingambit|70/100 par|[from] item: Leftovers
|upkeep
|turn|83
|
|t:|1781576187
|move|p2a: Suicune|Calm Mind|p2a: Suicune
|-boost|p2a: Suicune|spa|1
|-boost|p2a: Suicune|spd|1
|move|p1a: Kingambit|Iron Head|p2a: Suicune
|-resisted|p2a: Suicune
|-end|p2a: Suicune|Substitute
|
|-heal|p2a: Suicune|50/100|[from] item: Leftovers
|-heal|p1a: Kingambit|77/100 par|[from] item: Leftovers
|upkeep
|turn|84
|
|t:|1781576193
|move|p2a: Suicune|Protect|p2a: Suicune
|-singleturn|p2a: Suicune|Protect
|cant|p1a: Kingambit|par
|
|-heal|p2a: Suicune|56/100|[from] item: Leftovers
|-heal|p1a: Kingambit|83/100 par|[from] item: Leftovers
|upkeep
|turn|85
|
|t:|1781576202
|move|p2a: Suicune|Substitute|p2a: Suicune
|-start|p2a: Suicune|Substitute
|-damage|p2a: Suicune|31/100
|move|p1a: Kingambit|Iron Head|p2a: Suicune
|-resisted|p2a: Suicune
|-end|p2a: Suicune|Substitute
|
|-heal|p2a: Suicune|37/100|[from] item: Leftovers
|-heal|p1a: Kingambit|89/100 par|[from] item: Leftovers
|upkeep
|turn|86
|
|t:|1781576206
|move|p2a: Suicune|Protect|p2a: Suicune
|-singleturn|p2a: Suicune|Protect
|move|p1a: Kingambit|Iron Head|p2a: Suicune
|-activate|p2a: Suicune|move: Protect
|
|-heal|p2a: Suicune|43/100|[from] item: Leftovers
|-heal|p1a: Kingambit|95/100 par|[from] item: Leftovers
|upkeep
|turn|87
|
|t:|1781576209
|move|p2a: Suicune|Substitute|p2a: Suicune
|-start|p2a: Suicune|Substitute
|-damage|p2a: Suicune|18/100
|cant|p1a: Kingambit|par
|
|-heal|p2a: Suicune|24/100|[from] item: Leftovers
|-heal|p1a: Kingambit|100/100 par|[from] item: Leftovers
|upkeep
|turn|88
|
|t:|1781576215
|move|p2a: Suicune|Protect|p2a: Suicune
|-singleturn|p2a: Suicune|Protect
|move|p1a: Kingambit|Iron Head|p2a: Suicune
|-activate|p2a: Suicune|move: Protect
|
|-heal|p2a: Suicune|30/100|[from] item: Leftovers
|upkeep
|turn|89
|
|t:|1781576222
|move|p2a: Suicune|Calm Mind|p2a: Suicune
|-boost|p2a: Suicune|spa|1
|-boost|p2a: Suicune|spd|1
|cant|p1a: Kingambit|par
|
|-heal|p2a: Suicune|37/100|[from] item: Leftovers
|upkeep
|turn|90
|
|t:|1781576224
|move|p2a: Suicune|Protect|p2a: Suicune
|-singleturn|p2a: Suicune|Protect
|move|p1a: Kingambit|Iron Head|p2a: Suicune
|-activate|p2a: Suicune|move: Protect
|
|-heal|p2a: Suicune|43/100|[from] item: Leftovers
|upkeep
|turn|91
|
|t:|1781576234
|move|p2a: Suicune|Scald|p1a: Kingambit
|-damage|p1a: Kingambit|48/100 par
|move|p1a: Kingambit|Iron Head|p2a: Suicune
|-resisted|p2a: Suicune
|-end|p2a: Suicune|Substitute
|
|-heal|p2a: Suicune|49/100|[from] item: Leftovers
|-heal|p1a: Kingambit|54/100 par|[from] item: Leftovers
|upkeep
|turn|92
|
|t:|1781576246
|move|p2a: Suicune|Protect|p2a: Suicune
|-singleturn|p2a: Suicune|Protect
|move|p1a: Kingambit|Swords Dance|p1a: Kingambit
|-boost|p1a: Kingambit|atk|2
|
|-heal|p2a: Suicune|55/100|[from] item: Leftovers
|-heal|p1a: Kingambit|60/100 par|[from] item: Leftovers
|upkeep
|turn|93
|
|t:|1781576251
|move|p2a: Suicune|Substitute|p2a: Suicune
|-start|p2a: Suicune|Substitute
|-damage|p2a: Suicune|30/100
|move|p1a: Kingambit|Iron Head|p2a: Suicune
|-resisted|p2a: Suicune
|-crit|p2a: Suicune
|-end|p2a: Suicune|Substitute
|
|-heal|p2a: Suicune|36/100|[from] item: Leftovers
|-heal|p1a: Kingambit|66/100 par|[from] item: Leftovers
|upkeep
|turn|94
|
|t:|1781576259
|move|p2a: Suicune|Protect|p2a: Suicune
|-singleturn|p2a: Suicune|Protect
|cant|p1a: Kingambit|par
|
|-heal|p2a: Suicune|43/100|[from] item: Leftovers
|-heal|p1a: Kingambit|72/100 par|[from] item: Leftovers
|upkeep
|turn|95
|
|t:|1781576265
|move|p2a: Suicune|Substitute|p2a: Suicune
|-start|p2a: Suicune|Substitute
|-damage|p2a: Suicune|18/100
|move|p1a: Kingambit|Iron Head|p2a: Suicune
|-resisted|p2a: Suicune
|-end|p2a: Suicune|Substitute
|
|-heal|p2a: Suicune|24/100|[from] item: Leftovers
|-heal|p1a: Kingambit|78/100 par|[from] item: Leftovers
|upkeep
|turn|96
|
|t:|1781576269
|move|p2a: Suicune|Protect|p2a: Suicune
|-singleturn|p2a: Suicune|Protect
|cant|p1a: Kingambit|par
|
|-heal|p2a: Suicune|30/100|[from] item: Leftovers
|-heal|p1a: Kingambit|84/100 par|[from] item: Leftovers
|upkeep
|turn|97
|
|t:|1781576274
|move|p2a: Suicune|Substitute|p2a: Suicune
|-start|p2a: Suicune|Substitute
|-damage|p2a: Suicune|5/100
|move|p1a: Kingambit|Iron Head|p2a: Suicune
|-resisted|p2a: Suicune
|-end|p2a: Suicune|Substitute
|
|-heal|p2a: Suicune|11/100|[from] item: Leftovers
|-heal|p1a: Kingambit|90/100 par|[from] item: Leftovers
|upkeep
|turn|98
|
|t:|1781576279
|move|p2a: Suicune|Protect|p2a: Suicune
|-singleturn|p2a: Suicune|Protect
|move|p1a: Kingambit|Swords Dance|p1a: Kingambit
|-boost|p1a: Kingambit|atk|2
|
|-heal|p2a: Suicune|17/100|[from] item: Leftovers
|-heal|p1a: Kingambit|97/100 par|[from] item: Leftovers
|upkeep
|turn|99
|
|t:|1781576285
|move|p2a: Suicune|Scald|p1a: Kingambit
|-damage|p1a: Kingambit|44/100 par
|move|p1a: Kingambit|Kowtow Cleave|p2a: Suicune
|-damage|p2a: Suicune|0 fnt
|faint|p2a: Suicune
|
|win|Justin UA
|raw|Justin UA's rating: 1664 &rarr; <strong>1680</strong><br />(+16 for winning)
|raw|melonsourgummy's rating: 1596 &rarr; <strong>1580</strong><br />(-16 for losing)
|l|☆Justin UA
|player|p1|
|l| Mega Delibird X
