|j|☆suprya
|j|☆GummyDeino
|t:|1781141935
|gametype|singles
|player|p1|suprya|clown|1745
|player|p2|GummyDeino|lady|1811
|gen|9
|tier|[Gen 9] OU
|rated|
|rule|HP Percentage Mod: HP is shown in percentages
|rule|Endless Battle Clause: Forcing endless battles is banned
|rule|Species Clause: Limit one of each Pokémon
|rule|OHKO Clause: OHKO moves are banned
|rule|Evasion Items Clause: Evasion items are banned
|rule|Evasion Moves Clause: Evasion moves are banned
|rule|Evasion Abilities Clause: Evasion abilities are banned
|rule|Sleep Moves Clause: Sleep-inducing moves are banned
|clearpoke
|poke|p1|Pelipper, F|
|poke|p1|Dragonite, M|
|poke|p1|Ogerpon-Wellspring, F|
|poke|p1|Iron Treads|
|poke|p1|Basculegion, M|
|poke|p1|Fezandipiti, M|
|poke|p2|Dragonite, F|
|poke|p2|Gholdengo|
|poke|p2|Kingambit, F|
|poke|p2|Hatterene, F|
|poke|p2|Great Tusk|
|poke|p2|Samurott-Hisui, F|
|teampreview
|inactive|Battle timer is ON: inactive players will automatically lose when time's up. (requested by GummyDeino)
|inactive|suprya also wants the timer to be on.
|
|t:|1781141963
|teamsize|p1|6
|teamsize|p2|6
|start
|switch|p1a: Ogerpon|Ogerpon-Wellspring, F|100/100
|switch|p2a: Cleave|Samurott-Hisui, F, shiny|100/100
|turn|1
|
|t:|1781141978
|switch|p2a: Satoru Gholdo|Gholdengo, shiny|100/100
|move|p1a: Ogerpon|U-turn|p2a: Satoru Gholdo
|-resisted|p2a: Satoru Gholdo
|-damage|p2a: Satoru Gholdo|92/100
|
|t:|1781141984
|switch|p1a: Iron Treads|Iron Treads|100/100|[from] U-turn
|
|upkeep
|turn|2
|
|t:|1781141989
|switch|p2a: Behemoth|Great Tusk, shiny|100/100
|move|p1a: Iron Treads|Earthquake|p2a: Behemoth
|-damage|p2a: Behemoth|68/100
|
|upkeep
|turn|3
|
|t:|1781141998
|-end|p2a: Behemoth|Protosynthesis|[silent]
|switch|p2a: Cleave|Samurott-Hisui, F, shiny|100/100
|-end|p1a: Iron Treads|Quark Drive|[silent]
|switch|p1a: Pelipper|Pelipper, F|100/100
|-weather|RainDance|[from] ability: Drizzle|[of] p1a: Pelipper
|
|-weather|RainDance|[upkeep]
|upkeep
|turn|4
|
|t:|1781142003
|move|p2a: Cleave|Knock Off|p1a: Pelipper
|-damage|p1a: Pelipper|69/100
|-enditem|p1a: Pelipper|Heavy-Duty Boots|[from] move: Knock Off|[of] p2a: Cleave
|move|p1a: Pelipper|U-turn|p2a: Cleave
|-supereffective|p2a: Cleave
|-damage|p2a: Cleave|81/100
|
|t:|1781142011
|switch|p1a: Ogerpon|Ogerpon-Wellspring, F|100/100|[from] U-turn
|
|-weather|RainDance|[upkeep]
|upkeep
|turn|5
|
|t:|1781142016
|move|p1a: Ogerpon|Power Whip|p2a: Cleave
|-supereffective|p2a: Cleave
|-crit|p2a: Cleave
|-damage|p2a: Cleave|0 fnt
|faint|p2a: Cleave
|
|-weather|RainDance|[upkeep]
|upkeep
|
|t:|1781142024
|switch|p2a: Satoru Gholdo|Gholdengo, shiny|92/100
|turn|6
|j| choispecs ironmoth
|j| Kiviruweinau
|inactive|suprya has 120 seconds left.
|
|t:|1781142054
|move|p2a: Satoru Gholdo|Shadow Ball|p1a: Ogerpon
|-damage|p1a: Ogerpon|49/100
|move|p1a: Ogerpon|Ivy Cudgel|p2a: Satoru Gholdo|[anim] Ivy Cudgel Water
|-damage|p2a: Satoru Gholdo|0 fnt
|faint|p2a: Satoru Gholdo
|
|-weather|RainDance|[upkeep]
|upkeep
|
|t:|1781142061
|switch|p2a: Dismantle|Kingambit, F, shiny|100/100
|-activate|p2a: Dismantle|ability: Supreme Overlord
|-start|p2a: Dismantle|fallen2|[silent]
|-item|p2a: Dismantle|Air Balloon
|turn|7
|
|t:|1781142072
|move|p2a: Dismantle|Sucker Punch||[still]
|-fail|p2a: Dismantle
|move|p1a: Ogerpon|Spikes|p2a: Dismantle
|-sidestart|p2: GummyDeino|Spikes
|
|-weather|none
|upkeep
|turn|8
|
|t:|1781142078
|move|p2a: Dismantle|Sucker Punch|p1a: Ogerpon
|-damage|p1a: Ogerpon|0 fnt
|faint|p1a: Ogerpon
|
|upkeep
|
|t:|1781142080
|switch|p1a: Dragonite|Dragonite, M|100/100
|turn|9
|
|t:|1781142084
|-end|p2a: Dismantle|fallen2|[silent]
|switch|p2a: Tengen|Hatterene, F, shiny|100/100
|-damage|p2a: Tengen|88/100|[from] Spikes
|move|p1a: Dragonite|Dragon Tail|p2a: Tengen
|-immune|p2a: Tengen
|
|upkeep
|turn|10
|
|t:|1781142091
|switch|p1a: Iron Treads|Iron Treads|100/100
|switch|p2a: Behemoth|Great Tusk, shiny|68/100
|
|upkeep
|turn|11
|
|t:|1781142103
|-end|p1a: Iron Treads|Quark Drive|[silent]
|switch|p1a: Pelipper|Pelipper, F|69/100
|-weather|RainDance|[from] ability: Drizzle|[of] p1a: Pelipper
|move|p2a: Behemoth|Rapid Spin|p1a: Pelipper
|-damage|p1a: Pelipper|56/100
|-boost|p2a: Behemoth|spe|1
|-sideend|p2: GummyDeino|Spikes|[from] move: Rapid Spin|[of] p2a: Behemoth
|
|-weather|RainDance|[upkeep]
|upkeep
|turn|12
|
|t:|1781142115
|-end|p2a: Behemoth|Protosynthesis|[silent]
|switch|p2a: Tengen|Hatterene, F, shiny|88/100
|move|p1a: Pelipper|Hurricane|p2a: Tengen
|-damage|p2a: Tengen|47/100
|
|-weather|RainDance|[upkeep]
|upkeep
|turn|13
|
|t:|1781142125
|move|p1a: Pelipper|U-turn|p2a: Tengen
|-damage|p2a: Tengen|39/100
|-damage|p1a: Pelipper|40/100|[from] item: Rocky Helmet|[of] p2a: Tengen
|
|t:|1781142131
|switch|p1a: Iron Treads|Iron Treads|100/100|[from] U-turn
|move|p2a: Tengen|Psychic Noise|p1a: Iron Treads
|-resisted|p1a: Iron Treads
|-damage|p1a: Iron Treads|85/100
|-start|p1a: Iron Treads|move: Heal Block
|
|-weather|RainDance|[upkeep]
|upkeep
|turn|14
|
|t:|1781142138
|move|p1a: Iron Treads|Earthquake|p2a: Tengen
|-damage|p2a: Tengen|1/100
|move|p2a: Tengen|Pain Split|p1a: Iron Treads
|-sethp|p1a: Iron Treads|43/100|[from] move: Pain Split|[silent]
|-sethp|p2a: Tengen|52/100|[from] move: Pain Split
|
|-weather|RainDance|[upkeep]
|-end|p1a: Iron Treads|move: Heal Block
|upkeep
|turn|15
|
|t:|1781142161
|move|p1a: Iron Treads|Earthquake|p2a: Tengen
|-damage|p2a: Tengen|16/100
|move|p2a: Tengen|Psychic Noise|p1a: Iron Treads
|-resisted|p1a: Iron Treads
|-damage|p1a: Iron Treads|27/100
|-start|p1a: Iron Treads|move: Heal Block
|
|-weather|none
|upkeep
|turn|16
|
|t:|1781142170
|move|p1a: Iron Treads|Knock Off|p2a: Tengen
|-damage|p2a: Tengen|0 fnt
|-damage|p1a: Iron Treads|11/100|[from] item: Rocky Helmet|[of] p2a: Tengen
|-enditem|p2a: Tengen|Rocky Helmet|[from] move: Knock Off|[of] p1a: Iron Treads
|faint|p2a: Tengen
|
|-end|p1a: Iron Treads|move: Heal Block
|upkeep
|
|t:|1781142175
|switch|p2a: Behemoth|Great Tusk, shiny|68/100
|turn|17
|
|t:|1781142183
|move|p2a: Behemoth|Stealth Rock|p1a: Iron Treads
|-sidestart|p1: suprya|move: Stealth Rock
|move|p1a: Iron Treads|Earthquake|p2a: Behemoth
|-damage|p2a: Behemoth|33/100
|
|-heal|p1a: Iron Treads|17/100|[from] item: Leftovers
|upkeep
|turn|18
|inactive|suprya has 120 seconds left.
|
|t:|1781142222
|move|p2a: Behemoth|Rapid Spin|p1a: Iron Treads
|-resisted|p1a: Iron Treads
|-damage|p1a: Iron Treads|9/100
|-boost|p2a: Behemoth|spe|1
|move|p1a: Iron Treads|Earthquake|p2a: Behemoth
|-damage|p2a: Behemoth|4/100
|
|-heal|p1a: Iron Treads|15/100|[from] item: Leftovers
|upkeep
|turn|19
|inactive|suprya has 120 seconds left.
|
|t:|1781142233
|-end|p1a: Iron Treads|Quark Drive|[silent]
|switch|p1a: Dragonite|Dragonite, M|100/100
|move|p2a: Behemoth|Ice Spinner|p1a: Dragonite
|-supereffective|p1a: Dragonite
|-damage|p1a: Dragonite|44/100
|
|upkeep
|turn|20
|
|t:|1781142238
|move|p1a: Dragonite|Extreme Speed|p2a: Behemoth
|-damage|p2a: Behemoth|0 fnt
|faint|p2a: Behemoth
|-end|p2a: Behemoth|Protosynthesis|[silent]
|
|upkeep
|
|t:|1781142247
|switch|p2a: Dismantle|Kingambit, F, shiny|100/100
|-activate|p2a: Dismantle|ability: Supreme Overlord
|-start|p2a: Dismantle|fallen4|[silent]
|-item|p2a: Dismantle|Air Balloon
|turn|21
|
|t:|1781142254
|move|p2a: Dismantle|Kowtow Cleave|p1a: Dragonite
|-damage|p1a: Dragonite|0 fnt
|faint|p1a: Dragonite
|
|upkeep
|
|t:|1781142257
|switch|p1a: Fezandipiti|Fezandipiti, M|100/100
|turn|22
|
|t:|1781142259
|-end|p2a: Dismantle|fallen4|[silent]
|switch|p2a: Hollow Purple|Dragonite, F|100/100
|move|p1a: Fezandipiti|Heat Wave|p2a: Hollow Purple
|-resisted|p2a: Hollow Purple
|-damage|p2a: Hollow Purple|96/100
|
|upkeep
|turn|23
|
|t:|1781142269
|-terastallize|p1a: Fezandipiti|Grass
|move|p2a: Hollow Purple|Encore|p1a: Fezandipiti
|-start|p1a: Fezandipiti|Encore
|move|p1a: Fezandipiti|Heat Wave|p2a: Hollow Purple
|-resisted|p2a: Hollow Purple
|-damage|p2a: Hollow Purple|88/100
|-status|p2a: Hollow Purple|tox|[from] ability: Toxic Chain|[of] p1a: Fezandipiti
|
|-damage|p2a: Hollow Purple|82/100 tox|[from] psn
|upkeep
|turn|24
|
|t:|1781142280
|switch|p1a: Pelipper|Pelipper, F|40/100
|-damage|p1a: Pelipper|15/100|[from] Stealth Rock
|-weather|RainDance|[from] ability: Drizzle|[of] p1a: Pelipper
|move|p2a: Hollow Purple|Dragon Dance|p2a: Hollow Purple
|-boost|p2a: Hollow Purple|atk|1
|-boost|p2a: Hollow Purple|spe|1
|
|-weather|RainDance|[upkeep]
|-damage|p2a: Hollow Purple|70/100 tox|[from] psn
|upkeep
|turn|25
|
|t:|1781142289
|switch|p1a: Fezandipiti|Fezandipiti, M, tera:Grass|100/100
|move|p2a: Hollow Purple|Fire Punch|p1a: Fezandipiti
|-supereffective|p1a: Fezandipiti
|-damage|p1a: Fezandipiti|44/100
|-damage|p2a: Hollow Purple|60/100 tox|[from] item: Life Orb
|
|-weather|RainDance|[upkeep]
|-damage|p2a: Hollow Purple|41/100 tox|[from] psn
|upkeep
|turn|26
|
|t:|1781142313
|switch|p1a: Iron Treads|Iron Treads|15/100
|-damage|p1a: Iron Treads|13/100|[from] Stealth Rock
|move|p2a: Hollow Purple|Fire Punch|p1a: Iron Treads
|-supereffective|p1a: Iron Treads
|-damage|p1a: Iron Treads|0 fnt
|faint|p1a: Iron Treads
|-end|p1a: Iron Treads|Quark Drive|[silent]
|-damage|p2a: Hollow Purple|31/100 tox|[from] item: Life Orb
|
|-weather|RainDance|[upkeep]
|-damage|p2a: Hollow Purple|6/100 tox|[from] psn
|upkeep
|
|t:|1781142323
|switch|p1a: Basculegion|Basculegion, M|100/100
|-damage|p1a: Basculegion|88/100|[from] Stealth Rock
|turn|27
|
|t:|1781142325
|switch|p1a: Pelipper|Pelipper, F|15/100
|-damage|p1a: Pelipper|0 fnt|[from] Stealth Rock
|faint|p1a: Pelipper
|move|p2a: Hollow Purple|Outrage|p1: Pelipper|[notarget]
|-fail|p2a: Hollow Purple
|
|-weather|RainDance|[upkeep]
|-damage|p2a: Hollow Purple|0 fnt|[from] psn
|faint|p2a: Hollow Purple
|upkeep
|
|t:|1781142331
|switch|p2a: Dismantle|Kingambit, F, shiny|100/100
|switch|p1a: Basculegion|Basculegion, M|88/100
|-damage|p1a: Basculegion|76/100|[from] Stealth Rock
|-activate|p2a: Dismantle|ability: Supreme Overlord
|-start|p2a: Dismantle|fallen5|[silent]
|-item|p2a: Dismantle|Air Balloon
|turn|28
|
|t:|1781142338
|move|p2a: Dismantle|Sucker Punch|p1a: Basculegion
|-supereffective|p1a: Basculegion
|-damage|p1a: Basculegion|0 fnt
|faint|p1a: Basculegion
|
|-weather|none
|upkeep
|
|t:|1781142342
|switch|p1a: Fezandipiti|Fezandipiti, M, tera:Grass|44/100
|turn|29
|
|t:|1781142345
|-terastallize|p2a: Dismantle|Fire
|move|p1a: Fezandipiti|Heat Wave|p2a: Dismantle
|-resisted|p2a: Dismantle
|-damage|p2a: Dismantle|93/100
|-enditem|p2a: Dismantle|Air Balloon
|-status|p2a: Dismantle|tox|[from] ability: Toxic Chain|[of] p1a: Fezandipiti
|move|p2a: Dismantle|Kowtow Cleave|p1a: Fezandipiti
|-damage|p1a: Fezandipiti|0 fnt
|faint|p1a: Fezandipiti
|
|win|GummyDeino
|raw|suprya's rating: 1745 &rarr; <strong>1729</strong><br />(-16 for losing)
|raw|GummyDeino's rating: 1811 &rarr; <strong>1827</strong><br />(+16 for winning)
|l|☆suprya
|player|p1|
|l|☆GummyDeino
|player|p2|
