|j|☆afdragonite
|j|☆PepeNike
|t:|1781488726
|gametype|singles
|player|p1|afdragonite|gentleman-gen4dp|1583
|player|p2|PepeNike|169|1635
|gen|9
|tier|[Gen 9] OU
|rated|
|rule|HP Percentage Mod: HP is shown in percentages
|rule|Endless Battle Clause: Forcing endless battles is banned
|rule|Species Clause: Limit one of each Pokémon
|rule|OHKO Clause: OHKO moves are banned
|rule|Evasion Items Clause: Evasion items are banned
|rule|Evasion Moves Clause: Evasion moves are banned
|rule|Evasion Abilities Clause: Evasion abilities are banned
|rule|Sleep Moves Clause: Sleep-inducing moves are banned
|clearpoke
|poke|p1|Rillaboom, M|
|poke|p1|Ogerpon, F|
|poke|p1|Hawlucha, M|
|poke|p1|Slowking-Galar, F|
|poke|p1|Great Tusk|
|poke|p1|Cloyster, M|
|poke|p2|Kleavor, M|
|poke|p2|Samurott-Hisui, M|
|poke|p2|Gholdengo|
|poke|p2|Ceruledge, F|
|poke|p2|Greninja-*, M|
|poke|p2|Dragapult, F|
|teampreview
|inactive|Battle timer is ON: inactive players will automatically lose when time's up. (requested by PepeNike)
|inactive|afdragonite also wants the timer to be on.
|j| Aiiekkskqqqqqq
|inactive|afdragonite has 120 seconds left.
|inactive|PepeNike has 120 seconds left.
|
|t:|1781488777
|teamsize|p1|6
|teamsize|p2|6
|start
|switch|p1a: Ogerpon|Ogerpon, F|100/100
|switch|p2a: Kleavor|Kleavor, M|100/100
|turn|1
|
|t:|1781488780
|-terastallize|p1a: Ogerpon|Grass
|detailschange|p1a: Ogerpon|Ogerpon-Teal-Tera, F, tera:Grass
|-ability|p1a: Ogerpon|Embody Aspect (Teal)|boost
|-boost|p1a: Ogerpon|spe|1
|move|p1a: Ogerpon|Ivy Cudgel|p2a: Kleavor
|-enditem|p2a: Kleavor|Focus Sash
|-damage|p2a: Kleavor|1/100
|move|p2a: Kleavor|Stone Axe|p1a: Ogerpon
|-damage|p1a: Ogerpon|27/100
|-sidestart|p1: afdragonite|move: Stealth Rock
|
|upkeep
|turn|2
|
|t:|1781488804
|move|p1a: Ogerpon|Ivy Cudgel|p2a: Kleavor
|-damage|p2a: Kleavor|0 fnt
|faint|p2a: Kleavor
|
|upkeep
|inactive|PepeNike has 120 seconds left.
|
|t:|1781488841
|switch|p2a: Ceruledge|Ceruledge, F|100/100
|turn|3
|
|t:|1781488856
|switch|p1a: Great Tusk|Great Tusk|100/100
|-damage|p1a: Great Tusk|98/100|[from] Stealth Rock
|-enditem|p1a: Great Tusk|Booster Energy
|-activate|p1a: Great Tusk|ability: Protosynthesis|[fromitem]
|-start|p1a: Great Tusk|protosynthesisatk
|move|p2a: Ceruledge|Swords Dance|p2a: Ceruledge
|-boost|p2a: Ceruledge|atk|2
|
|upkeep
|turn|4
|
|t:|1781488869
|move|p1a: Great Tusk|Ice Spinner|p2a: Ceruledge
|-resisted|p2a: Ceruledge
|-damage|p2a: Ceruledge|76/100
|-ability|p2a: Ceruledge|Weak Armor|boost
|-unboost|p2a: Ceruledge|def|1
|-boost|p2a: Ceruledge|spe|2
|move|p2a: Ceruledge|Swords Dance|p2a: Ceruledge
|-boost|p2a: Ceruledge|atk|2
|
|upkeep
|turn|5
|inactive|PepeNike has 120 seconds left.
|
|t:|1781488878
|-terastallize|p2a: Ceruledge|Flying
|move|p2a: Ceruledge|Bitter Blade|p1a: Great Tusk
|-damage|p1a: Great Tusk|0 fnt
|-heal|p2a: Ceruledge|100/100|[from] drain|[of] p1a: Great Tusk
|faint|p1a: Great Tusk
|-end|p1a: Great Tusk|Protosynthesis|[silent]
|
|upkeep
|j| samurajen
|
|t:|1781488887
|switch|p1a: Rillaboom|Rillaboom, M|100/100
|-damage|p1a: Rillaboom|88/100|[from] Stealth Rock
|-fieldstart|move: Grassy Terrain|[from] ability: Grassy Surge|[of] p1a: Rillaboom
|turn|6
|inactive|PepeNike has 120 seconds left.
|
|t:|1781488904
|move|p1a: Rillaboom|Grassy Glide|p2a: Ceruledge
|-resisted|p2a: Ceruledge
|-damage|p2a: Ceruledge|42/100
|-ability|p2a: Ceruledge|Weak Armor|boost
|-unboost|p2a: Ceruledge|def|1
|-boost|p2a: Ceruledge|spe|2
|move|p2a: Ceruledge|Bitter Blade|p1a: Rillaboom
|-supereffective|p1a: Rillaboom
|-damage|p1a: Rillaboom|0 fnt
|-heal|p2a: Ceruledge|94/100|[from] drain|[of] p1a: Rillaboom
|faint|p1a: Rillaboom
|
|upkeep
|
|t:|1781488912
|switch|p1a: Hawlucha|Hawlucha, M|100/100
|-damage|p1a: Hawlucha|88/100|[from] Stealth Rock
|-enditem|p1a: Hawlucha|Grassy Seed
|-boost|p1a: Hawlucha|def|1|[from] item: Grassy Seed
|turn|7
|
|t:|1781488917
|move|p2a: Ceruledge|Bitter Blade|p1a: Hawlucha
|-damage|p1a: Hawlucha|0 fnt
|-heal|p2a: Ceruledge|100/100|[from] drain|[of] p1a: Hawlucha
|faint|p1a: Hawlucha
|
|upkeep
|
|t:|1781488923
|switch|p1a: Slowking|Slowking-Galar, F|100/100
|-damage|p1a: Slowking|88/100|[from] Stealth Rock
|turn|8
|
|t:|1781488935
|move|p2a: Ceruledge|Poltergeist|p1a: Slowking
|-activate|p1a: Slowking|move: Poltergeist|Assault Vest
|-supereffective|p1a: Slowking
|-damage|p1a: Slowking|0 fnt
|faint|p1a: Slowking
|
|upkeep
|c| Aiiekkskqqqqqq|Choked
|
|t:|1781488939
|switch|p1a: Cloyster|Cloyster, M|100/100
|-damage|p1a: Cloyster|76/100|[from] Stealth Rock
|turn|9
|c|☆afdragonite|bru
|
|t:|1781488958
|move|p2a: Ceruledge|Bitter Blade|p1a: Cloyster
|-damage|p1a: Cloyster|0 fnt
|faint|p1a: Cloyster
|
|upkeep
|c|☆afdragonite|was this thing even sash
|
|t:|1781488964
|switch|p1a: Ogerpon|Ogerpon-Teal-Tera, F, tera:Grass|27/100
|-damage|p1a: Ogerpon|14/100|[from] Stealth Rock
|-ability|p1a: Ogerpon|Embody Aspect (Teal)|boost
|-boost|p1a: Ogerpon|spe|1
|turn|10
|inactive|PepeNike has 120 seconds left.
|
|t:|1781489000
|move|p2a: Ceruledge|Bitter Blade|p1a: Ogerpon
|-supereffective|p1a: Ogerpon
|-damage|p1a: Ogerpon|0 fnt
|faint|p1a: Ogerpon
|detailschange|p1: Ogerpon|Ogerpon, F|[silent]
|
|win|PepeNike
|raw|afdragonite's rating: 1583 &rarr; <strong>1566</strong><br />(-17 for losing)
|raw|PepeNike's rating: 1635 &rarr; <strong>1652</strong><br />(+17 for winning)
|l| Aiiekkskqqqqqq
|l|☆PepeNike
|player|p2|
