|j|☆kooopooolooo
|j|☆myree
|t:|1781199903
|gametype|singles
|player|p1|kooopooolooo|102|1586
|player|p2|myree|benga|1639
|gen|9
|tier|[Gen 9] OU
|rated|
|rule|HP Percentage Mod: HP is shown in percentages
|rule|Endless Battle Clause: Forcing endless battles is banned
|rule|Species Clause: Limit one of each Pokémon
|rule|OHKO Clause: OHKO moves are banned
|rule|Evasion Items Clause: Evasion items are banned
|rule|Evasion Moves Clause: Evasion moves are banned
|rule|Evasion Abilities Clause: Evasion abilities are banned
|rule|Sleep Moves Clause: Sleep-inducing moves are banned
|clearpoke
|poke|p1|Lokix, M|
|poke|p1|Hatterene, F|
|poke|p1|Excadrill, F|
|poke|p1|Tyranitar, M|
|poke|p1|Dragapult, M|
|poke|p1|Zapdos|
|poke|p2|Ting-Lu|
|poke|p2|Hydrapple, F|
|poke|p2|Iron Boulder|
|poke|p2|Iron Crown|
|poke|p2|Pecharunt|
|poke|p2|Enamorus-Therian, F|
|teampreview
|
|t:|1781199928
|teamsize|p1|6
|teamsize|p2|6
|start
|switch|p1a: Dragapult|Dragapult, M|100/100
|switch|p2a: na'am tee|Enamorus-Therian, F|100/100
|turn|1
|
|t:|1781199936
|switch|p2a: mrz. puff|Pecharunt|100/100
|move|p1a: Dragapult|U-turn|p2a: mrz. puff
|-resisted|p2a: mrz. puff
|-damage|p2a: mrz. puff|98/100
|-damage|p1a: Dragapult|84/100|[from] item: Rocky Helmet|[of] p2a: mrz. puff
|
|t:|1781199941
|switch|p1a: Tyranitar|Tyranitar, M|100/100|[from] U-turn
|-weather|Sandstorm|[from] ability: Sand Stream|[of] p1a: Tyranitar
|
|-weather|Sandstorm|[upkeep]
|-damage|p2a: mrz. puff|92/100|[from] Sandstorm
|upkeep
|turn|2
|
|t:|1781199948
|switch|p2a: gov. gen.|Ting-Lu|100/100
|-ability|p2a: gov. gen.|Vessel of Ruin
|move|p1a: Tyranitar|Knock Off|p2a: gov. gen.
|-resisted|p2a: gov. gen.
|-damage|p2a: gov. gen.|88/100
|-enditem|p2a: gov. gen.|Leftovers|[from] move: Knock Off|[of] p1a: Tyranitar
|
|-weather|Sandstorm|[upkeep]
|upkeep
|turn|3
|
|t:|1781199955
|switch|p1a: Hatterene|Hatterene, F|100/100
|move|p2a: gov. gen.|Ruination|p1a: Hatterene
|-damage|p1a: Hatterene|50/100
|
|-weather|Sandstorm|[upkeep]
|-damage|p1a: Hatterene|45/100|[from] Sandstorm
|upkeep
|turn|4
|
|t:|1781199969
|switch|p2a: s. kaiki|Iron Crown|100/100
|move|p1a: Hatterene|Pain Split|p2a: s. kaiki
|-sethp|p2a: s. kaiki|70/100|[from] move: Pain Split|[silent]
|-sethp|p1a: Hatterene|78/100|[from] move: Pain Split
|
|-weather|Sandstorm|[upkeep]
|-damage|p1a: Hatterene|73/100|[from] Sandstorm
|upkeep
|turn|5
|
|t:|1781199979
|-end|p2a: s. kaiki|Quark Drive|[silent]
|switch|p2a: gov. gen.|Ting-Lu|88/100
|-ability|p2a: gov. gen.|Vessel of Ruin
|switch|p1a: Zapdos|Zapdos|100/100
|
|-weather|none
|upkeep
|turn|6
|
|t:|1781199987
|move|p1a: Zapdos|U-turn|p2a: gov. gen.
|-supereffective|p2a: gov. gen.
|-damage|p2a: gov. gen.|74/100
|
|t:|1781199989
|switch|p1a: Hatterene|Hatterene, F|73/100|[from] U-turn
|move|p2a: gov. gen.|Ruination|p1a: Hatterene
|-damage|p1a: Hatterene|37/100
|
|upkeep
|turn|7
|
|t:|1781199998
|move|p2a: gov. gen.|Earthquake|p1a: Hatterene
|-damage|p1a: Hatterene|8/100
|move|p1a: Hatterene|Pain Split|p2a: gov. gen.
|-sethp|p2a: gov. gen.|39/100|[from] move: Pain Split|[silent]
|-sethp|p1a: Hatterene|63/100|[from] move: Pain Split
|
|upkeep
|turn|8
|
|t:|1781200008
|move|p2a: gov. gen.|Ruination|p1a: Hatterene
|-damage|p1a: Hatterene|32/100
|move|p1a: Hatterene|Nuzzle|p2a: gov. gen.
|-immune|p2a: gov. gen.
|
|upkeep
|turn|9
|
|t:|1781200018
|move|p2a: gov. gen.|Earthquake|p1a: Hatterene
|-damage|p1a: Hatterene|0 fnt
|faint|p1a: Hatterene
|
|upkeep
|
|t:|1781200022
|switch|p1a: Lokix|Lokix, M|100/100
|turn|10
|
|t:|1781200041
|move|p1a: Lokix|U-turn|p2a: gov. gen.
|-supereffective|p2a: gov. gen.
|-damage|p2a: gov. gen.|0 fnt
|faint|p2a: gov. gen.
|
|t:|1781200055
|switch|p1a: Dragapult|Dragapult, M|84/100|[from] U-turn
|
|upkeep
|
|t:|1781200068
|switch|p2a: s. kaiki|Iron Crown|70/100
|turn|11
|
|t:|1781200078
|move|p1a: Dragapult|Shadow Ball|p2a: s. kaiki
|-supereffective|p2a: s. kaiki
|-damage|p2a: s. kaiki|13/100
|move|p2a: s. kaiki|Metal Burst|p1a: Dragapult
|-damage|p1a: Dragapult|0 fnt
|faint|p1a: Dragapult
|
|upkeep
|
|t:|1781200084
|switch|p1a: Lokix|Lokix, M|100/100
|turn|12
|
|t:|1781200092
|move|p1a: Lokix|Knock Off|p2a: s. kaiki
|-supereffective|p2a: s. kaiki
|-damage|p2a: s. kaiki|0 fnt
|-enditem|p2a: s. kaiki|Assault Vest|[from] move: Knock Off|[of] p1a: Lokix
|faint|p2a: s. kaiki
|-end|p2a: s. kaiki|Quark Drive|[silent]
|
|upkeep
|
|t:|1781200108
|switch|p2a: na'am tee|Enamorus-Therian, F|100/100
|turn|13
|
|t:|1781200114
|switch|p1a: Excadrill|Excadrill, F|100/100
|move|p2a: na'am tee|Calm Mind|p2a: na'am tee
|-boost|p2a: na'am tee|spa|1
|-boost|p2a: na'am tee|spd|1
|
|upkeep
|turn|14
|
|t:|1781200136
|-terastallize|p2a: na'am tee|Electric
|move|p1a: Excadrill|Stealth Rock|p2a: na'am tee
|-sidestart|p2: myree|move: Stealth Rock
|move|p2a: na'am tee|Iron Defense|p2a: na'am tee
|-boost|p2a: na'am tee|def|2
|
|upkeep
|turn|15
|
|t:|1781200146
|move|p1a: Excadrill|High Horsepower|p2a: na'am tee
|-supereffective|p2a: na'am tee
|-damage|p2a: na'am tee|62/100
|move|p2a: na'am tee|Earth Power|p1a: Excadrill
|-supereffective|p1a: Excadrill
|-damage|p1a: Excadrill|0 fnt
|faint|p1a: Excadrill
|
|upkeep
|
|t:|1781200152
|switch|p1a: Tyranitar|Tyranitar, M|100/100
|-weather|Sandstorm|[from] ability: Sand Stream|[of] p1a: Tyranitar
|turn|16
|
|t:|1781200156
|move|p1a: Tyranitar|Stone Edge|p2a: na'am tee
|-crit|p2a: na'am tee
|-damage|p2a: na'am tee|0 fnt
|faint|p2a: na'am tee
|
|-weather|Sandstorm|[upkeep]
|upkeep
|
|t:|1781200187
|switch|p2a: dr. hyd-raa|Hydrapple, F|100/100
|-damage|p2a: dr. hyd-raa|88/100|[from] Stealth Rock
|turn|17
|
|t:|1781200191
|move|p1a: Tyranitar|Ice Beam|p2a: dr. hyd-raa
|-supereffective|p2a: dr. hyd-raa
|-damage|p2a: dr. hyd-raa|0 fnt
|faint|p2a: dr. hyd-raa
|
|-weather|Sandstorm|[upkeep]
|upkeep
|
|t:|1781200193
|switch|p2a: chef boul-dar-D|Iron Boulder|100/100
|turn|18
|
|t:|1781200197
|-terastallize|p1a: Tyranitar|Water
|move|p2a: chef boul-dar-D|Close Combat|p1a: Tyranitar
|-damage|p1a: Tyranitar|58/100
|-unboost|p2a: chef boul-dar-D|def|1
|-unboost|p2a: chef boul-dar-D|spd|1
|move|p1a: Tyranitar|Knock Off|p2a: chef boul-dar-D
|-supereffective|p2a: chef boul-dar-D
|-damage|p2a: chef boul-dar-D|0 fnt
|-enditem|p2a: chef boul-dar-D|Heavy-Duty Boots|[from] move: Knock Off|[of] p1a: Tyranitar
|faint|p2a: chef boul-dar-D
|-end|p2a: chef boul-dar-D|Quark Drive|[silent]
|
|-weather|Sandstorm|[upkeep]
|-damage|p1a: Tyranitar|52/100|[from] Sandstorm
|-heal|p1a: Tyranitar|58/100|[from] item: Leftovers
|upkeep
|
|t:|1781200204
|switch|p2a: mrz. puff|Pecharunt|92/100
|-damage|p2a: mrz. puff|80/100|[from] Stealth Rock
|turn|19
|
|t:|1781200208
|move|p2a: mrz. puff|Malignant Chain|p1a: Tyranitar
|-damage|p1a: Tyranitar|20/100
|-status|p1a: Tyranitar|tox
|-start|p1a: Tyranitar|confusion|[from] ability: Poison Puppeteer|[of] p2a: mrz. puff
|-activate|p1a: Tyranitar|confusion
|move|p1a: Tyranitar|Knock Off|p2a: mrz. puff
|-supereffective|p2a: mrz. puff
|-damage|p2a: mrz. puff|19/100
|-damage|p1a: Tyranitar|4/100 tox|[from] item: Rocky Helmet|[of] p2a: mrz. puff
|-enditem|p2a: mrz. puff|Rocky Helmet|[from] move: Knock Off|[of] p1a: Tyranitar
|
|-weather|Sandstorm|[upkeep]
|-damage|p2a: mrz. puff|12/100|[from] Sandstorm
|-damage|p1a: Tyranitar|0 fnt|[from] Sandstorm
|faint|p1a: Tyranitar
|upkeep
|
|t:|1781200211
|switch|p1a: Lokix|Lokix, M|100/100
|turn|20
|
|t:|1781200214
|move|p1a: Lokix|Knock Off|p2a: mrz. puff
|-supereffective|p2a: mrz. puff
|-damage|p2a: mrz. puff|0 fnt
|faint|p2a: mrz. puff
|
|win|kooopooolooo
|raw|kooopooolooo's rating: 1586 &rarr; <strong>1609</strong><br />(+23 for winning)
|raw|myree's rating: 1639 &rarr; <strong>1616</strong><br />(-23 for losing)
|l|☆myree
|player|p2|
