|j|☆Ausar48
|j|☆lockheed shartin
|t:|1781585048
|gametype|singles
|player|p1|Ausar48|ghetsis|1532
|player|p2|lockheed shartin|fisherman|1581
|gen|9
|tier|[Gen 9] OU
|rated|
|rule|HP Percentage Mod: HP is shown in percentages
|rule|Endless Battle Clause: Forcing endless battles is banned
|rule|Species Clause: Limit one of each Pokémon
|rule|OHKO Clause: OHKO moves are banned
|rule|Evasion Items Clause: Evasion items are banned
|rule|Evasion Moves Clause: Evasion moves are banned
|rule|Evasion Abilities Clause: Evasion abilities are banned
|rule|Sleep Moves Clause: Sleep-inducing moves are banned
|clearpoke
|poke|p1|Pelipper, F|
|poke|p1|Noivern, F|
|poke|p1|Ogerpon-Wellspring, F|
|poke|p1|Samurott-Hisui, F|
|poke|p1|Iron Valiant|
|poke|p1|Iron Treads|
|poke|p2|Cinderace, F|
|poke|p2|Kyurem|
|poke|p2|Zamazenta-*|
|poke|p2|Great Tusk|
|poke|p2|Gholdengo|
|poke|p2|Slowking-Galar, M|
|teampreview
|inactive|Battle timer is ON: inactive players will automatically lose when time's up. (requested by lockheed shartin)
|
|t:|1781585068
|teamsize|p1|6
|teamsize|p2|6
|start
|switch|p1a: Samurott|Samurott-Hisui, F, shiny|100/100
|switch|p2a: Kyurem|Kyurem|100/100
|-ability|p2a: Kyurem|Pressure
|turn|1
|
|t:|1781585091
|move|p2a: Kyurem|Freeze-Dry|p1a: Samurott
|-supereffective|p1a: Samurott
|-damage|p1a: Samurott|28/100
|-status|p1a: Samurott|frz
|cant|p1a: Samurott|frz
|
|upkeep
|turn|2
|
|t:|1781585097
|cant|p1a: Samurott|frz
|move|p2a: Kyurem|Freeze-Dry|p1a: Samurott
|-supereffective|p1a: Samurott
|-damage|p1a: Samurott|0 fnt
|faint|p1a: Samurott
|
|upkeep
|inactive|Ausar48 has 120 seconds left.
|
|t:|1781585121
|switch|p1a: Noivern|Noivern, F|100/100
|turn|3
|
|t:|1781585127
|switch|p2a: Slowking|Slowking-Galar, M|100/100
|move|p1a: Noivern|Draco Meteor|p2a: Slowking
|-damage|p2a: Slowking|48/100
|-unboost|p1a: Noivern|spa|2
|
|upkeep
|turn|4
|
|t:|1781585133
|switch|p1a: Iron Treads|Iron Treads|100/100
|-prepare|p2a: Slowking|Chilly Reception|[premajor]
|move|p2a: Slowking|Chilly Reception|p2a: Slowking
|-weather|Snowscape
|
|t:|1781585136
|switch|p2a: Kyurem|Kyurem|100/100|[from] Chilly Reception
|-ability|p2a: Kyurem|Pressure
|
|-weather|Snowscape|[upkeep]
|upkeep
|turn|5
|
|t:|1781585152
|move|p1a: Iron Treads|Stealth Rock|p2a: Kyurem
|-sidestart|p2: lockheed shartin|move: Stealth Rock
|move|p2a: Kyurem|Earth Power|p1a: Iron Treads
|-supereffective|p1a: Iron Treads
|-damage|p1a: Iron Treads|0 fnt
|faint|p1a: Iron Treads
|-end|p1a: Iron Treads|Quark Drive|[silent]
|
|-weather|Snowscape|[upkeep]
|upkeep
|
|t:|1781585157
|switch|p1a: Noivern|Noivern, F|100/100
|turn|6
|
|t:|1781585164
|switch|p2a: Slowking|Slowking-Galar, M|81/100
|move|p1a: Noivern|Boomburst|p2a: Slowking
|-damage|p2a: Slowking|44/100
|
|-weather|Snowscape|[upkeep]
|upkeep
|turn|7
|
|t:|1781585171
|switch|p2a: Gholdengo|Gholdengo|100/100
|-damage|p2a: Gholdengo|94/100|[from] Stealth Rock
|-terastallize|p1a: Noivern|Normal
|move|p1a: Noivern|Boomburst|p2a: Gholdengo
|-immune|p2a: Gholdengo
|
|-weather|Snowscape|[upkeep]
|upkeep
|turn|8
|
|t:|1781585177
|switch|p1a: Ogerpon|Ogerpon-Wellspring, F|100/100
|move|p2a: Gholdengo|Nasty Plot|p2a: Gholdengo
|-boost|p2a: Gholdengo|spa|2
|
|-weather|none
|upkeep
|turn|9
|
|t:|1781585184
|move|p1a: Ogerpon|Knock Off|p2a: Gholdengo
|-supereffective|p2a: Gholdengo
|-damage|p2a: Gholdengo|3/100
|-enditem|p2a: Gholdengo|Metal Coat|[from] move: Knock Off|[of] p1a: Ogerpon
|move|p2a: Gholdengo|Shadow Ball|p1a: Ogerpon
|-damage|p1a: Ogerpon|0 fnt
|faint|p1a: Ogerpon
|
|upkeep
|
|t:|1781585189
|switch|p1a: Noivern|Noivern, F, tera:Normal|100/100
|turn|10
|
|t:|1781585191
|move|p1a: Noivern|U-turn|p2a: Gholdengo
|-resisted|p2a: Gholdengo
|-damage|p2a: Gholdengo|0 fnt
|faint|p2a: Gholdengo
|
|t:|1781585196
|switch|p1a: Pelipper|Pelipper, F|100/100|[from] U-turn
|-weather|RainDance|[from] ability: Drizzle|[of] p1a: Pelipper
|
|-weather|RainDance|[upkeep]
|upkeep
|
|t:|1781585201
|switch|p2a: Slowking|Slowking-Galar, M|77/100
|turn|11
|
|t:|1781585204
|move|p1a: Pelipper|U-turn|p2a: Slowking
|-damage|p2a: Slowking|68/100
|
|t:|1781585207
|switch|p1a: Noivern|Noivern, F, tera:Normal|100/100|[from] U-turn
|move|p2a: Slowking|Thunder Wave|p1a: Noivern
|-status|p1a: Noivern|par
|
|-weather|RainDance|[upkeep]
|upkeep
|turn|12
|
|t:|1781585211
|move|p1a: Noivern|Hurricane|p2a: Slowking
|-damage|p2a: Slowking|27/100
|-start|p2a: Slowking|confusion
|-prepare|p2a: Slowking|Chilly Reception|[premajor]
|-activate|p2a: Slowking|confusion
|-damage|p2a: Slowking|20/100|[from] confusion
|
|-weather|RainDance|[upkeep]
|upkeep
|turn|13
|
|t:|1781585217
|switch|p2a: Cinderace|Cinderace, F|100/100
|move|p1a: Noivern|Hurricane|p2a: Cinderace
|-damage|p2a: Cinderace|0 fnt
|faint|p2a: Cinderace
|
|-weather|RainDance|[upkeep]
|upkeep
|
|t:|1781585221
|switch|p2a: Zamazenta|Zamazenta|100/100
|-ability|p2a: Zamazenta|Dauntless Shield|boost
|-boost|p2a: Zamazenta|def|1
|turn|14
|
|t:|1781585228
|switch|p1a: Pelipper|Pelipper, F|100/100
|move|p2a: Zamazenta|Stone Edge|p1a: Pelipper
|-supereffective|p1a: Pelipper
|-damage|p1a: Pelipper|47/100
|
|-weather|RainDance|[upkeep]
|upkeep
|turn|15
|
|t:|1781585232
|move|p2a: Zamazenta|Stone Edge|p1a: Pelipper
|-supereffective|p1a: Pelipper
|-damage|p1a: Pelipper|0 fnt
|faint|p1a: Pelipper
|
|-weather|RainDance|[upkeep]
|upkeep
|
|t:|1781585235
|switch|p1a: Iron Valiant|Iron Valiant|100/100
|-enditem|p1a: Iron Valiant|Booster Energy
|-activate|p1a: Iron Valiant|ability: Quark Drive|[fromitem]
|-start|p1a: Iron Valiant|quarkdrivespe
|turn|16
|
|t:|1781585239
|move|p1a: Iron Valiant|Moonblast|p2a: Zamazenta
|-supereffective|p2a: Zamazenta
|-damage|p2a: Zamazenta|14/100
|move|p2a: Zamazenta|Heavy Slam|p1a: Iron Valiant
|-supereffective|p1a: Iron Valiant
|-damage|p1a: Iron Valiant|0 fnt
|faint|p1a: Iron Valiant
|-end|p1a: Iron Valiant|Quark Drive|[silent]
|
|-weather|RainDance|[upkeep]
|upkeep
|-message|Ausar48 forfeited.
|
|win|lockheed shartin
|raw|Ausar48's rating: 1532 &rarr; <strong>1515</strong><br />(-17 for losing)
|raw|lockheed shartin's rating: 1581 &rarr; <strong>1598</strong><br />(+17 for winning)
|l|☆Ausar48
|player|p1|
|l|☆lockheed shartin
|player|p2|
