|j|☆OscarGamble
|j|☆G10HY_HXL
|t:|1781104702
|gametype|singles
|player|p1|OscarGamble|265|1574
|player|p2|G10HY_HXL|169|1557
|gen|9
|tier|[Gen 9] OU
|rated|
|rule|HP Percentage Mod: HP is shown in percentages
|rule|Endless Battle Clause: Forcing endless battles is banned
|rule|Species Clause: Limit one of each Pokémon
|rule|OHKO Clause: OHKO moves are banned
|rule|Evasion Items Clause: Evasion items are banned
|rule|Evasion Moves Clause: Evasion moves are banned
|rule|Evasion Abilities Clause: Evasion abilities are banned
|rule|Sleep Moves Clause: Sleep-inducing moves are banned
|clearpoke
|poke|p1|Araquanid, F|
|poke|p1|Gholdengo|
|poke|p1|Raging Bolt|
|poke|p1|Dragonite, M|
|poke|p1|Zamazenta-*|
|poke|p1|Ogerpon-Cornerstone, F|
|poke|p2|Ting-Lu|
|poke|p2|Gliscor, M|
|poke|p2|Sinistcha-Masterpiece|
|poke|p2|Keldeo|
|poke|p2|Tinkaton, F|
|poke|p2|Dragonite, M|
|teampreview
|inactive|Battle timer is ON: inactive players will automatically lose when time's up. (requested by OscarGamble)
|
|t:|1781104736
|teamsize|p1|6
|teamsize|p2|6
|start
|switch|p1a: Gholdengo|Gholdengo, shiny|100/100
|switch|p2a: Tinkki Minaj|Tinkaton, F|100/100
|-ability|p2a: Tinkki Minaj|Mold Breaker
|-item|p2a: Tinkki Minaj|Air Balloon
|-item|p1a: Gholdengo|Air Balloon
|turn|1
|
|t:|1781104749
|switch|p2a: Jarhead|Ting-Lu|100/100
|-ability|p2a: Jarhead|Vessel of Ruin
|move|p1a: Gholdengo|Nasty Plot|p1a: Gholdengo
|-boost|p1a: Gholdengo|spa|2
|
|upkeep
|turn|2
|
|t:|1781104757
|move|p1a: Gholdengo|Focus Blast|p2a: Jarhead
|-supereffective|p2a: Jarhead
|-damage|p2a: Jarhead|32/100
|move|p2a: Jarhead|Ruination|p1a: Gholdengo
|-damage|p1a: Gholdengo|51/100
|-enditem|p1a: Gholdengo|Air Balloon
|
|-heal|p2a: Jarhead|38/100|[from] item: Leftovers
|upkeep
|turn|3
|
|t:|1781104768
|move|p1a: Gholdengo|Make It Rain|p2a: Jarhead
|-damage|p2a: Jarhead|0 fnt
|-unboost|p1a: Gholdengo|spa|1
|faint|p2a: Jarhead
|
|upkeep
|
|t:|1781104772
|switch|p2a: Secret Service|Dragonite, M|100/100
|turn|4
|
|t:|1781104777
|switch|p1a: Araquanid|Araquanid, F, shiny|100/100
|move|p2a: Secret Service|Earthquake|p1a: Araquanid
|-resisted|p1a: Araquanid
|-damage|p1a: Araquanid|81/100
|
|upkeep
|turn|5
|
|t:|1781104781
|switch|p2a: Tinkki Minaj|Tinkaton, F|100/100
|-ability|p2a: Tinkki Minaj|Mold Breaker
|-item|p2a: Tinkki Minaj|Air Balloon
|move|p1a: Araquanid|Lunge|p2a: Tinkki Minaj
|-resisted|p2a: Tinkki Minaj
|-damage|p2a: Tinkki Minaj|95/100
|-unboost|p2a: Tinkki Minaj|atk|1
|-enditem|p2a: Tinkki Minaj|Air Balloon
|
|upkeep
|turn|6
|
|t:|1781104787
|move|p2a: Tinkki Minaj|Stealth Rock|p1a: Araquanid
|-sidestart|p1: OscarGamble|move: Stealth Rock
|move|p1a: Araquanid|Surf|p2a: Tinkki Minaj
|-crit|p2a: Tinkki Minaj
|-damage|p2a: Tinkki Minaj|52/100
|
|upkeep
|turn|7
|
|t:|1781104796
|switch|p2a: Tchavis Scott|Sinistcha-Masterpiece|100/100
|move|p1a: Araquanid|Surf|p2a: Tchavis Scott
|-resisted|p2a: Tchavis Scott
|-damage|p2a: Tchavis Scott|77/100
|
|upkeep
|turn|8
|
|t:|1781104813
|switch|p1a: Raging Bolt|Raging Bolt|100/100
|-damage|p1a: Raging Bolt|88/100|[from] Stealth Rock
|-enditem|p1a: Raging Bolt|Booster Energy
|-activate|p1a: Raging Bolt|ability: Protosynthesis|[fromitem]
|-start|p1a: Raging Bolt|protosynthesisspa
|move|p2a: Tchavis Scott|Shadow Ball|p1a: Raging Bolt
|-damage|p1a: Raging Bolt|60/100
|
|upkeep
|turn|9
|
|t:|1781104833
|switch|p2a: Tinkki Minaj|Tinkaton, F|52/100
|-ability|p2a: Tinkki Minaj|Mold Breaker
|move|p1a: Raging Bolt|Thunderbolt|p2a: Tinkki Minaj
|-damage|p2a: Tinkki Minaj|0 fnt
|faint|p2a: Tinkki Minaj
|
|upkeep
|
|t:|1781104838
|switch|p2a: Dance Armstrong|Gliscor, M|100/100
|turn|10
|j| ty-tyui↻
|
|t:|1781104846
|move|p2a: Dance Armstrong|Swords Dance|p2a: Dance Armstrong
|-boost|p2a: Dance Armstrong|atk|2
|move|p1a: Raging Bolt|Calm Mind|p1a: Raging Bolt
|-boost|p1a: Raging Bolt|spa|1
|-boost|p1a: Raging Bolt|spd|1
|
|-status|p2a: Dance Armstrong|tox|[from] item: Toxic Orb
|upkeep
|turn|11
|
|t:|1781104853
|move|p2a: Dance Armstrong|Facade|p1a: Raging Bolt
|-damage|p1a: Raging Bolt|1/100
|move|p1a: Raging Bolt|Dragon Pulse|p2a: Dance Armstrong
|-damage|p2a: Dance Armstrong|0 fnt
|faint|p2a: Dance Armstrong
|
|upkeep
|
|t:|1781104858
|switch|p2a: My Little Pwny|Keldeo|100/100
|turn|12
|
|t:|1781104860
|move|p2a: My Little Pwny|Vacuum Wave|p1a: Raging Bolt
|-damage|p1a: Raging Bolt|0 fnt
|faint|p1a: Raging Bolt
|-end|p1a: Raging Bolt|Protosynthesis|[silent]
|
|upkeep
|
|t:|1781104863
|switch|p1a: Araquanid|Araquanid, F, shiny|81/100
|-damage|p1a: Araquanid|56/100|[from] Stealth Rock
|turn|13
|
|t:|1781104868
|move|p2a: My Little Pwny|Flip Turn|p1a: Araquanid
|-resisted|p1a: Araquanid
|-damage|p1a: Araquanid|49/100
|
|t:|1781104871
|switch|p2a: Tchavis Scott|Sinistcha-Masterpiece|77/100|[from] Flip Turn
|move|p1a: Araquanid|Sticky Web|p2a: Tchavis Scott
|-sidestart|p2: G10HY_HXL|move: Sticky Web
|
|upkeep
|turn|14
|
|t:|1781104882
|switch|p1a: Dragonite|Dragonite, M|100/100
|move|p2a: Tchavis Scott|Calm Mind|p2a: Tchavis Scott
|-boost|p2a: Tchavis Scott|spa|1
|-boost|p2a: Tchavis Scott|spd|1
|
|upkeep
|turn|15
|l| ty-tyui↻
|
|t:|1781104890
|move|p1a: Dragonite|Encore|p2a: Tchavis Scott
|-start|p2a: Tchavis Scott|Encore
|move|p2a: Tchavis Scott|Calm Mind|p2a: Tchavis Scott
|-boost|p2a: Tchavis Scott|spa|1
|-boost|p2a: Tchavis Scott|spd|1
|
|upkeep
|turn|16
|
|t:|1781104896
|switch|p2a: My Little Pwny|Keldeo|100/100
|move|p1a: Dragonite|Dragon Dance|p1a: Dragonite
|-boost|p1a: Dragonite|atk|1
|-boost|p1a: Dragonite|spe|1
|
|upkeep
|turn|17
|
|t:|1781104905
|move|p1a: Dragonite|Earthquake|p2a: My Little Pwny
|-damage|p2a: My Little Pwny|35/100
|move|p2a: My Little Pwny|Flip Turn|p1a: Dragonite
|-resisted|p1a: Dragonite
|-damage|p1a: Dragonite|97/100
|
|t:|1781104910
|switch|p2a: Secret Service|Dragonite, M|100/100|[from] Flip Turn
|
|upkeep
|turn|18
|
|t:|1781104916
|move|p1a: Dragonite|Extreme Speed|p2a: Secret Service
|-damage|p2a: Secret Service|78/100
|move|p2a: Secret Service|Dragon Tail|p1a: Dragonite
|-supereffective|p1a: Dragonite
|-damage|p1a: Dragonite|20/100
|drag|p1a: Gholdengo|Gholdengo, shiny|51/100
|-damage|p1a: Gholdengo|45/100|[from] Stealth Rock
|
|upkeep
|turn|19
|
|t:|1781104927
|switch|p1a: Araquanid|Araquanid, F, shiny|49/100
|-damage|p1a: Araquanid|24/100|[from] Stealth Rock
|move|p2a: Secret Service|Roost|p2a: Secret Service
|-heal|p2a: Secret Service|100/100
|-singleturn|p2a: Secret Service|move: Roost
|
|upkeep
|turn|20
|-enditem|p1a: Araquanid|Custap Berry|[eat]
|-activate|p1a: Araquanid|item: Custap Berry|[consumed]
|
|t:|1781104947
|move|p2a: Secret Service|Extreme Speed|p1a: Araquanid
|-damage|p1a: Araquanid|0 fnt
|faint|p1a: Araquanid
|
|upkeep
|
|t:|1781104953
|switch|p1a: Ogerpon|Ogerpon-Cornerstone, F|100/100
|-damage|p1a: Ogerpon|88/100|[from] Stealth Rock
|turn|21
|
|t:|1781104964
|switch|p2a: My Little Pwny|Keldeo|35/100
|move|p1a: Ogerpon|Ivy Cudgel|p2a: My Little Pwny|[anim] Ivy Cudgel Rock
|-resisted|p2a: My Little Pwny
|-damage|p2a: My Little Pwny|0 fnt
|faint|p2a: My Little Pwny
|
|upkeep
|
|t:|1781104970
|switch|p2a: Tchavis Scott|Sinistcha-Masterpiece|77/100
|turn|22
|
|t:|1781104984
|move|p1a: Ogerpon|Swords Dance|p1a: Ogerpon
|-boost|p1a: Ogerpon|atk|2
|move|p2a: Tchavis Scott|Strength Sap|p1a: Ogerpon
|-unboost|p1a: Ogerpon|atk|1
|-heal|p2a: Tchavis Scott|100/100
|
|upkeep
|turn|23
|
|t:|1781104990
|move|p1a: Ogerpon|Knock Off|p2a: Tchavis Scott
|-supereffective|p2a: Tchavis Scott
|-damage|p2a: Tchavis Scott|12/100
|-enditem|p2a: Tchavis Scott|Heavy-Duty Boots|[from] move: Knock Off|[of] p1a: Ogerpon
|move|p2a: Tchavis Scott|Strength Sap|p1a: Ogerpon
|-unboost|p1a: Ogerpon|atk|1
|-heal|p2a: Tchavis Scott|100/100
|
|upkeep
|turn|24
|
|t:|1781104999
|move|p1a: Ogerpon|Swords Dance|p1a: Ogerpon
|-boost|p1a: Ogerpon|atk|2
|move|p2a: Tchavis Scott|Calm Mind|p2a: Tchavis Scott
|-boost|p2a: Tchavis Scott|spa|1
|-boost|p2a: Tchavis Scott|spd|1
|
|upkeep
|turn|25
|
|t:|1781105007
|move|p1a: Ogerpon|Swords Dance|p1a: Ogerpon
|-boost|p1a: Ogerpon|atk|2
|move|p2a: Tchavis Scott|Strength Sap|p1a: Ogerpon
|-unboost|p1a: Ogerpon|atk|1
|
|upkeep
|turn|26
|
|t:|1781105012
|move|p1a: Ogerpon|Ivy Cudgel|p2a: Tchavis Scott|[anim] Ivy Cudgel Rock
|-damage|p2a: Tchavis Scott|0 fnt
|faint|p2a: Tchavis Scott
|
|upkeep
|-message|G10HY_HXL forfeited.
|
|win|OscarGamble
|raw|OscarGamble's rating: 1574 &rarr; <strong>1593</strong><br />(+19 for winning)
|raw|G10HY_HXL's rating: 1557 &rarr; <strong>1538</strong><br />(-19 for losing)
|l|☆G10HY_HXL
|player|p2|
|l|☆OscarGamble
|player|p1|
