|j|☆n5v
|j|☆Drakolise
|t:|1781371109
|gametype|singles
|player|p1|n5v|leon-masters|1711
|player|p2|Drakolise|anabel|1621
|gen|9
|tier|[Gen 9] OU
|rated|
|rule|HP Percentage Mod: HP is shown in percentages
|rule|Endless Battle Clause: Forcing endless battles is banned
|rule|Species Clause: Limit one of each Pokémon
|rule|OHKO Clause: OHKO moves are banned
|rule|Evasion Items Clause: Evasion items are banned
|rule|Evasion Moves Clause: Evasion moves are banned
|rule|Evasion Abilities Clause: Evasion abilities are banned
|rule|Sleep Moves Clause: Sleep-inducing moves are banned
|clearpoke
|poke|p1|Raging Bolt|
|poke|p1|Enamorus, F|
|poke|p1|Rillaboom, M|
|poke|p1|Kingambit, M|
|poke|p1|Great Tusk|
|poke|p1|Slowking-Galar, M|
|poke|p2|Great Tusk|
|poke|p2|Cinderace, M|
|poke|p2|Kyurem|
|poke|p2|Hatterene, F|
|poke|p2|Gholdengo|
|poke|p2|Salamence, F|
|teampreview
|j| Puyu paz
|c|☆n5v|glhf
|inactive|Battle timer is ON: inactive players will automatically lose when time's up. (requested by Drakolise)
|
|t:|1781371132
|teamsize|p1|6
|teamsize|p2|6
|start
|switch|p1a: gay alladin|Enamorus, F|100/100
|switch|p2a: Cinderace|Cinderace, M, shiny|100/100
|turn|1
|
|t:|1781371137
|switch|p2a: Salamence|Salamence, F|100/100
|move|p1a: gay alladin|Earth Power|p2a: Salamence
|-immune|p2a: Salamence
|
|upkeep
|turn|2
|
|t:|1781371149
|switch|p1a: cheap tusk|Great Tusk|100/100
|move|p2a: Salamence|Earthquake|p1a: cheap tusk
|-damage|p1a: cheap tusk|77/100
|
|upkeep
|turn|3
|
|t:|1781371156
|switch|p2a: Hatterene|Hatterene, F, shiny|100/100
|move|p1a: cheap tusk|Ice Spinner|p2a: Hatterene
|-damage|p2a: Hatterene|81/100
|-damage|p1a: cheap tusk|61/100|[from] item: Rocky Helmet|[of] p2a: Hatterene
|
|upkeep
|turn|4
|
|t:|1781371164
|-end|p1a: cheap tusk|Protosynthesis|[silent]
|switch|p1a: goobing bolt|Raging Bolt|100/100
|move|p2a: Hatterene|Psychic Noise|p1a: goobing bolt
|-damage|p1a: goobing bolt|69/100
|-start|p1a: goobing bolt|move: Heal Block
|
|upkeep
|turn|5
|
|t:|1781371179
|switch|p2a: Kyurem|Kyurem, shiny|100/100
|-ability|p2a: Kyurem|Pressure
|move|p1a: goobing bolt|Thunderbolt|p2a: Kyurem
|-resisted|p2a: Kyurem
|-damage|p2a: Kyurem|78/100
|
|-end|p1a: goobing bolt|move: Heal Block
|upkeep
|turn|6
|
|t:|1781371188
|-end|p1a: goobing bolt|Protosynthesis|[silent]
|switch|p1a: wake not walking|Slowking-Galar, M|100/100
|move|p2a: Kyurem|Ice Beam|p1a: wake not walking
|-damage|p1a: wake not walking|76/100
|
|upkeep
|turn|7
|
|t:|1781371207
|switch|p2a: Gholdengo|Gholdengo, shiny|100/100
|move|p1a: wake not walking|Sludge Bomb|p2a: Gholdengo
|-immune|p2a: Gholdengo
|
|upkeep
|turn|8
|
|t:|1781371215
|switch|p1a: neededaghostresist|Kingambit, M, shiny|100/100
|move|p2a: Gholdengo|Shadow Ball|p1a: neededaghostresist
|-resisted|p1a: neededaghostresist
|-damage|p1a: neededaghostresist|77/100
|
|-heal|p1a: neededaghostresist|83/100|[from] item: Leftovers
|upkeep
|turn|9
|
|t:|1781371228
|switch|p2a: Great Tusk|Great Tusk|100/100
|-enditem|p2a: Great Tusk|Booster Energy
|-activate|p2a: Great Tusk|ability: Protosynthesis|[fromitem]
|-start|p2a: Great Tusk|protosynthesisatk
|move|p1a: neededaghostresist|Sucker Punch||[still]
|-fail|p1a: neededaghostresist
|
|-heal|p1a: neededaghostresist|89/100|[from] item: Leftovers
|upkeep
|turn|10
|
|t:|1781371241
|-end|p1a: neededaghostresist|fallenundefined|[silent]
|switch|p1a: diddy kong|Rillaboom, M, shiny|100/100
|-fieldstart|move: Grassy Terrain|[from] ability: Grassy Surge|[of] p1a: diddy kong
|move|p2a: Great Tusk|Close Combat|p1a: diddy kong
|-damage|p1a: diddy kong|10/100
|-unboost|p2a: Great Tusk|def|1
|-unboost|p2a: Great Tusk|spd|1
|
|-heal|p1a: diddy kong|17/100|[from] Grassy Terrain
|upkeep
|turn|11
|
|t:|1781371247
|-end|p2a: Great Tusk|Protosynthesis|[silent]
|switch|p2a: Hatterene|Hatterene, F, shiny|81/100
|move|p1a: diddy kong|Grassy Glide|p2a: Hatterene
|-damage|p2a: Hatterene|28/100
|-damage|p1a: diddy kong|0 fnt|[from] item: Rocky Helmet|[of] p2a: Hatterene
|faint|p1a: diddy kong
|
|-heal|p2a: Hatterene|34/100|[from] Grassy Terrain
|upkeep
|
|t:|1781371262
|switch|p1a: goobing bolt|Raging Bolt|69/100
|turn|12
|inactive|Drakolise has 120 seconds left.
|
|t:|1781371311
|move|p1a: goobing bolt|Draco Meteor|p2a: Hatterene
|-immune|p2a: Hatterene
|move|p2a: Hatterene|Draining Kiss|p1a: goobing bolt
|-supereffective|p1a: goobing bolt
|-damage|p1a: goobing bolt|27/100
|-heal|p2a: Hatterene|73/100|[from] drain|[of] p1a: goobing bolt
|
|-heal|p1a: goobing bolt|33/100|[from] Grassy Terrain
|-heal|p2a: Hatterene|79/100|[from] Grassy Terrain
|upkeep
|turn|13
|
|t:|1781371322
|-end|p1a: goobing bolt|Protosynthesis|[silent]
|switch|p1a: wake not walking|Slowking-Galar, M|100/100
|move|p2a: Hatterene|Draining Kiss|p1a: wake not walking
|-resisted|p1a: wake not walking
|-damage|p1a: wake not walking|95/100
|-heal|p2a: Hatterene|84/100|[from] drain|[of] p1a: wake not walking
|
|-heal|p2a: Hatterene|90/100|[from] Grassy Terrain
|-heal|p1a: wake not walking|100/100|[from] Grassy Terrain
|upkeep
|turn|14
|
|t:|1781371327
|move|p2a: Hatterene|Nuzzle|p1a: wake not walking
|-damage|p1a: wake not walking|97/100
|-status|p1a: wake not walking|par
|cant|p1a: wake not walking|par
|
|-heal|p2a: Hatterene|96/100|[from] Grassy Terrain
|-heal|p1a: wake not walking|100/100 par|[from] Grassy Terrain
|-fieldend|move: Grassy Terrain
|upkeep
|turn|15
|
|t:|1781371335
|switch|p2a: Great Tusk|Great Tusk|100/100
|move|p1a: wake not walking|Sludge Bomb|p2a: Great Tusk
|-resisted|p2a: Great Tusk
|-damage|p2a: Great Tusk|66/100
|
|upkeep
|turn|16
|inactive|Drakolise has 120 seconds left.
|inactive|Drakolise has 90 seconds left.
|
|t:|1781371376
|switch|p1a: gay alladin|Enamorus, F|100/100
|move|p2a: Great Tusk|Headlong Rush|p1a: gay alladin
|-immune|p1a: gay alladin
|
|upkeep
|turn|17
|inactive|Drakolise has 90 seconds left.
|
|t:|1781371396
|-end|p2a: Great Tusk|Protosynthesis|[silent]
|switch|p2a: Hatterene|Hatterene, F, shiny|96/100
|move|p1a: gay alladin|Mystical Fire|p2a: Hatterene
|-damage|p2a: Hatterene|64/100
|-unboost|p2a: Hatterene|spa|1
|
|upkeep
|turn|18
|inactive|Drakolise has 60 seconds left.
|
|t:|1781371427
|switch|p1a: wake not walking|Slowking-Galar, M|100/100 par
|switch|p2a: Gholdengo|Gholdengo, shiny|100/100
|
|upkeep
|turn|19
|
|t:|1781371437
|move|p2a: Gholdengo|Trick|p1a: wake not walking
|-activate|p2a: Gholdengo|move: Trick|[of] p1a: wake not walking
|-item|p1a: wake not walking|Choice Scarf|[from] move: Trick
|-item|p2a: Gholdengo|Assault Vest|[from] move: Trick
|cant|p1a: wake not walking|par
|
|upkeep
|turn|20
|
|t:|1781371442
|move|p2a: Gholdengo|Shadow Ball|p1a: wake not walking
|-supereffective|p1a: wake not walking
|-damage|p1a: wake not walking|35/100 par
|move|p1a: wake not walking|Flamethrower|p2a: Gholdengo
|-supereffective|p2a: Gholdengo
|-damage|p2a: Gholdengo|59/100
|
|upkeep
|turn|21
|
|t:|1781371447
|switch|p1a: neededaghostresist|Kingambit, M, shiny|89/100
|-activate|p1a: neededaghostresist|ability: Supreme Overlord
|-start|p1a: neededaghostresist|fallen1|[silent]
|move|p2a: Gholdengo|Focus Blast|p1a: neededaghostresist|[miss]
|-miss|p2a: Gholdengo|p1a: neededaghostresist
|
|-heal|p1a: neededaghostresist|95/100|[from] item: Leftovers
|upkeep
|turn|22
|
|t:|1781371457
|move|p2a: Gholdengo|Focus Blast|p1a: neededaghostresist
|-supereffective|p1a: neededaghostresist
|-damage|p1a: neededaghostresist|0 fnt
|faint|p1a: neededaghostresist
|-end|p1a: neededaghostresist|fallen1|[silent]
|
|upkeep
|
|t:|1781371481
|switch|p1a: cheap tusk|Great Tusk|61/100
|turn|23
|inactive|Drakolise has 90 seconds left.
|
|t:|1781371519
|switch|p2a: Hatterene|Hatterene, F, shiny|64/100
|move|p1a: cheap tusk|Headlong Rush|p2a: Hatterene
|-damage|p2a: Hatterene|22/100
|-unboost|p1a: cheap tusk|def|1
|-unboost|p1a: cheap tusk|spd|1
|-damage|p1a: cheap tusk|44/100|[from] item: Rocky Helmet|[of] p2a: Hatterene
|
|upkeep
|turn|24
|
|t:|1781371527
|move|p1a: cheap tusk|Headlong Rush|p2a: Hatterene
|-damage|p2a: Hatterene|0 fnt
|-unboost|p1a: cheap tusk|def|1
|-unboost|p1a: cheap tusk|spd|1
|-damage|p1a: cheap tusk|28/100|[from] item: Rocky Helmet|[of] p2a: Hatterene
|faint|p2a: Hatterene
|
|upkeep
|
|t:|1781371537
|switch|p2a: Great Tusk|Great Tusk|66/100
|turn|25
|
|t:|1781371546
|-end|p1a: cheap tusk|Protosynthesis|[silent]
|switch|p1a: gay alladin|Enamorus, F|100/100
|move|p2a: Great Tusk|Rapid Spin|p1a: gay alladin
|-damage|p1a: gay alladin|74/100
|-boost|p2a: Great Tusk|spe|1
|
|upkeep
|turn|26
|
|t:|1781371554
|-end|p2a: Great Tusk|Protosynthesis|[silent]
|switch|p2a: Gholdengo|Gholdengo, shiny|59/100
|move|p1a: gay alladin|Moonblast|p2a: Gholdengo
|-resisted|p2a: Gholdengo
|-damage|p2a: Gholdengo|39/100
|
|upkeep
|turn|27
|
|t:|1781371561
|switch|p1a: wake not walking|Slowking-Galar, M|68/100 par
|move|p2a: Gholdengo|Shadow Ball|p1a: wake not walking
|-supereffective|p1a: wake not walking
|-damage|p1a: wake not walking|7/100 par
|
|upkeep
|turn|28
|
|t:|1781371564
|move|p2a: Gholdengo|Shadow Ball|p1a: wake not walking
|-supereffective|p1a: wake not walking
|-damage|p1a: wake not walking|0 fnt
|faint|p1a: wake not walking
|
|upkeep
|
|t:|1781371568
|switch|p1a: cheap tusk|Great Tusk|28/100
|turn|29
|
|t:|1781371586
|move|p1a: cheap tusk|Ice Spinner|p2a: Gholdengo
|-resisted|p2a: Gholdengo
|-damage|p2a: Gholdengo|26/100
|move|p2a: Gholdengo|Shadow Ball|p1a: cheap tusk
|-damage|p1a: cheap tusk|0 fnt
|faint|p1a: cheap tusk
|-end|p1a: cheap tusk|Protosynthesis|[silent]
|
|upkeep
|
|t:|1781371595
|switch|p1a: goobing bolt|Raging Bolt|33/100
|turn|30
|
|t:|1781371607
|move|p1a: goobing bolt|Thunderclap|p2a: Gholdengo
|-damage|p2a: Gholdengo|0 fnt
|faint|p2a: Gholdengo
|
|upkeep
|
|t:|1781371615
|switch|p2a: Kyurem|Kyurem, shiny|78/100
|-ability|p2a: Kyurem|Pressure
|turn|31
|
|t:|1781371625
|move|p1a: goobing bolt|Thunderclap|p2a: Kyurem
|-resisted|p2a: Kyurem
|-damage|p2a: Kyurem|62/100
|move|p2a: Kyurem|Ice Beam|p1a: goobing bolt
|-supereffective|p1a: goobing bolt
|-damage|p1a: goobing bolt|0 fnt
|faint|p1a: goobing bolt
|-end|p1a: goobing bolt|Protosynthesis|[silent]
|
|upkeep
|
|t:|1781371627
|switch|p1a: gay alladin|Enamorus, F|74/100
|turn|32
|
|t:|1781371635
|move|p1a: gay alladin|Moonblast|p2a: Kyurem
|-supereffective|p2a: Kyurem
|-damage|p2a: Kyurem|0 fnt
|faint|p2a: Kyurem
|
|upkeep
|
|t:|1781371640
|switch|p2a: Cinderace|Cinderace, M, shiny|100/100
|turn|33
|
|t:|1781371647
|-terastallize|p1a: gay alladin|Ground
|move|p1a: gay alladin|Moonblast|p2a: Cinderace
|-resisted|p2a: Cinderace
|-damage|p2a: Cinderace|59/100
|-unboost|p2a: Cinderace|spa|1
|move|p2a: Cinderace|Pyro Ball|p1a: gay alladin
|-damage|p1a: gay alladin|0 fnt
|faint|p1a: gay alladin
|
|win|Drakolise
|raw|n5v's rating: 1711 &rarr; <strong>1686</strong><br />(-25 for losing)
|raw|Drakolise's rating: 1621 &rarr; <strong>1646</strong><br />(+25 for winning)
|l|☆n5v
|player|p1|
|l| Puyu paz
