|j|☆goonarmy
|j|☆tauros3
|t:|1781569574
|gametype|singles
|player|p1|goonarmy|hiker-gen4|1622
|player|p2|tauros3|swimmer-gen4dp|1592
|gen|9
|tier|[Gen 9] OU
|rated|
|rule|HP Percentage Mod: HP is shown in percentages
|rule|Endless Battle Clause: Forcing endless battles is banned
|rule|Species Clause: Limit one of each Pokémon
|rule|OHKO Clause: OHKO moves are banned
|rule|Evasion Items Clause: Evasion items are banned
|rule|Evasion Moves Clause: Evasion moves are banned
|rule|Evasion Abilities Clause: Evasion abilities are banned
|rule|Sleep Moves Clause: Sleep-inducing moves are banned
|clearpoke
|poke|p1|Gholdengo|
|poke|p1|Ting-Lu|
|poke|p1|Zamazenta-*|
|poke|p1|Deoxys-Speed|
|poke|p1|Dragonite, M|
|poke|p1|Clefable, M|
|poke|p2|Ninetales-Alola, M|
|poke|p2|Kyurem|
|poke|p2|Moltres-Galar|
|poke|p2|Ursaluna, F|
|poke|p2|Diancie|
|poke|p2|Hatterene, F|
|teampreview
|inactive|Battle timer is ON: inactive players will automatically lose when time's up. (requested by tauros3)
|
|t:|1781569599
|teamsize|p1|6
|teamsize|p2|6
|start
|switch|p1a: Gholdengo|Gholdengo|100/100
|switch|p2a: Pink Triangle|Hatterene, F|100/100
|turn|1
|l|☆tauros3
|inactive|tauros3 disconnected and has a minute to reconnect!
|player|p2|
|inactive|tauros3 has 30 seconds to reconnect!
|inactive|tauros3 has 20 seconds to reconnect!
|inactive|tauros3 has 15 seconds to reconnect!
|j|☆tauros3
|inactive|tauros3 reconnected and has 100 seconds left.
|player|p2|tauros3|swimmer-gen4dp|
|
|t:|1781569656
|move|p1a: Gholdengo|Make It Rain|p2a: Pink Triangle
|-supereffective|p2a: Pink Triangle
|-enditem|p2a: Pink Triangle|Focus Sash
|-damage|p2a: Pink Triangle|1/100
|-unboost|p1a: Gholdengo|spa|1
|move|p2a: Pink Triangle|Trick Room|p2a: Pink Triangle
|-fieldstart|move: Trick Room|[of] p2a: Pink Triangle
|
|upkeep
|turn|2
|
|t:|1781569669
|switch|p2a: El Scorcho|Ursaluna, F|100/100
|move|p1a: Gholdengo|Hex|p2a: El Scorcho
|-immune|p2a: El Scorcho
|
|-status|p2a: El Scorcho|brn|[from] item: Flame Orb
|upkeep
|turn|3
|
|t:|1781569683
|switch|p1a: Clefable|Clefable, M|100/100
|move|p2a: El Scorcho|Swords Dance|p2a: El Scorcho
|-boost|p2a: El Scorcho|atk|2
|
|-damage|p2a: El Scorcho|94/100 brn|[from] brn
|upkeep
|turn|4
|
|t:|1781569694
|move|p2a: El Scorcho|Fire Punch|p1a: Clefable
|-damage|p1a: Clefable|21/100
|-damage|p2a: El Scorcho|78/100 brn|[from] item: Rocky Helmet|[of] p1a: Clefable
|move|p1a: Clefable|Stealth Rock|p2a: El Scorcho
|-sidestart|p2: tauros3|move: Stealth Rock
|
|-damage|p2a: El Scorcho|72/100 brn|[from] brn
|upkeep
|turn|5
|
|t:|1781569702
|move|p2a: El Scorcho|Facade|p1a: Clefable
|-damage|p1a: Clefable|0 fnt
|-damage|p2a: El Scorcho|55/100 brn|[from] item: Rocky Helmet|[of] p1a: Clefable
|faint|p1a: Clefable
|
|-damage|p2a: El Scorcho|49/100 brn|[from] brn
|-fieldend|move: Trick Room
|upkeep
|
|t:|1781569705
|switch|p1a: Zamazenta|Zamazenta|100/100
|-ability|p1a: Zamazenta|Dauntless Shield|boost
|-boost|p1a: Zamazenta|def|1
|turn|6
|
|t:|1781569710
|switch|p2a: Pink Triangle|Hatterene, F|1/100
|-damage|p2a: Pink Triangle|0 fnt|[from] Stealth Rock
|faint|p2a: Pink Triangle
|move|p1a: Zamazenta|Close Combat|p2: Pink Triangle|[notarget]
|-fail|p1a: Zamazenta
|
|upkeep
|
|t:|1781569715
|switch|p2a: No Other One|Diancie|100/100
|-damage|p2a: No Other One|88/100|[from] Stealth Rock
|turn|7
|
|t:|1781569719
|switch|p1a: Ting-Lu|Ting-Lu|100/100
|-ability|p1a: Ting-Lu|Vessel of Ruin
|move|p2a: No Other One|Trick Room|p2a: No Other One
|-fieldstart|move: Trick Room|[of] p2a: No Other One
|
|upkeep
|turn|8
|
|t:|1781569727
|move|p2a: No Other One|Meteor Beam||[still]
|-prepare|p2a: No Other One|Meteor Beam
|-boost|p2a: No Other One|spa|1
|-enditem|p2a: No Other One|Power Herb
|-anim|p2a: No Other One|Meteor Beam|p1a: Ting-Lu
|-resisted|p1a: Ting-Lu
|-damage|p1a: Ting-Lu|83/100
|move|p1a: Ting-Lu|Whirlwind|p2a: No Other One
|drag|p2a: Getchoo|Kyurem|100/100
|-damage|p2a: Getchoo|76/100|[from] Stealth Rock
|-ability|p2a: Getchoo|Pressure
|
|upkeep
|turn|9
|
|t:|1781569735
|move|p1a: Ting-Lu|Ruination|p2a: Getchoo|[miss]
|-miss|p1a: Ting-Lu|p2a: Getchoo
|move|p2a: Getchoo|Icicle Spear|p1a: Ting-Lu
|-supereffective|p1a: Ting-Lu
|-damage|p1a: Ting-Lu|65/100
|-supereffective|p1a: Ting-Lu
|-damage|p1a: Ting-Lu|50/100
|-supereffective|p1a: Ting-Lu
|-damage|p1a: Ting-Lu|34/100
|-hitcount|p1a: Ting-Lu|3
|
|upkeep
|turn|10
|
|t:|1781569748
|move|p1a: Ting-Lu|Spikes|p2a: Getchoo
|-sidestart|p2: tauros3|Spikes
|move|p2a: Getchoo|Icicle Spear|p1a: Ting-Lu
|-supereffective|p1a: Ting-Lu
|-damage|p1a: Ting-Lu|19/100
|-supereffective|p1a: Ting-Lu
|-damage|p1a: Ting-Lu|4/100
|-supereffective|p1a: Ting-Lu
|-damage|p1a: Ting-Lu|0 fnt
|faint|p1a: Ting-Lu
|-hitcount|p1: Ting-Lu|3
|
|upkeep
|
|t:|1781569756
|switch|p1a: Zamazenta|Zamazenta|100/100
|turn|11
|
|t:|1781569763
|move|p2a: Getchoo|Freeze-Dry|p1a: Zamazenta
|-damage|p1a: Zamazenta|64/100
|move|p1a: Zamazenta|Close Combat|p2a: Getchoo
|-supereffective|p2a: Getchoo
|-damage|p2a: Getchoo|0 fnt
|-unboost|p1a: Zamazenta|def|1
|-unboost|p1a: Zamazenta|spd|1
|faint|p2a: Getchoo
|
|-fieldend|move: Trick Room
|upkeep
|
|t:|1781569769
|switch|p2a: No Other One|Diancie|88/100
|-damage|p2a: No Other One|76/100|[from] Stealth Rock
|-damage|p2a: No Other One|64/100|[from] Spikes
|turn|12
|
|t:|1781569771
|move|p1a: Zamazenta|Close Combat|p2a: No Other One
|-crit|p2a: No Other One
|-damage|p2a: No Other One|0 fnt
|-unboost|p1a: Zamazenta|def|1
|-unboost|p1a: Zamazenta|spd|1
|faint|p2a: No Other One
|
|upkeep
|
|t:|1781569776
|switch|p2a: Butterfly|Moltres-Galar|100/100
|-damage|p2a: Butterfly|75/100|[from] Stealth Rock
|turn|13
|
|t:|1781569779
|-terastallize|p2a: Butterfly|Ghost
|move|p1a: Zamazenta|Stone Edge|p2a: Butterfly
|-damage|p2a: Butterfly|38/100
|-ability|p2a: Butterfly|Berserk|boost
|-boost|p2a: Butterfly|spa|1
|-enditem|p2a: Butterfly|Sitrus Berry|[eat]
|-heal|p2a: Butterfly|63/100|[from] item: Sitrus Berry
|move|p2a: Butterfly|Agility|p2a: Butterfly
|-boost|p2a: Butterfly|spe|2
|
|upkeep
|turn|14
|
|t:|1781569802
|move|p2a: Butterfly|Fiery Wrath|p1a: Zamazenta
|-resisted|p1a: Zamazenta
|-damage|p1a: Zamazenta|3/100
|move|p1a: Zamazenta|Crunch|p2a: Butterfly
|-supereffective|p2a: Butterfly
|-damage|p2a: Butterfly|5/100
|-ability|p2a: Butterfly|Berserk|boost
|-boost|p2a: Butterfly|spa|1
|
|upkeep
|turn|15
|
|t:|1781569810
|move|p2a: Butterfly|Fiery Wrath|p1a: Zamazenta
|-resisted|p1a: Zamazenta
|-damage|p1a: Zamazenta|0 fnt
|faint|p1a: Zamazenta
|
|upkeep
|
|t:|1781569813
|switch|p1a: Dragonite|Dragonite, M|100/100
|turn|16
|
|t:|1781569818
|move|p2a: Butterfly|Fiery Wrath|p1a: Dragonite
|-damage|p1a: Dragonite|64/100
|move|p1a: Dragonite|Earthquake|p2a: Butterfly
|-damage|p2a: Butterfly|0 fnt
|faint|p2a: Butterfly
|
|upkeep
|
|t:|1781569828
|switch|p2a: The Good Life|Ninetales-Alola, M|100/100
|-damage|p2a: The Good Life|76/100|[from] Stealth Rock
|-damage|p2a: The Good Life|63/100|[from] Spikes
|-weather|Snowscape|[from] ability: Snow Warning|[of] p2a: The Good Life
|turn|17
|
|t:|1781569832
|switch|p1a: Gholdengo|Gholdengo|100/100
|move|p2a: The Good Life|Aurora Veil|p2a: The Good Life
|-sidestart|p2: tauros3|move: Aurora Veil
|
|-weather|Snowscape|[upkeep]
|upkeep
|turn|18
|
|t:|1781569840
|move|p2a: The Good Life|Freeze-Dry|p1a: Gholdengo
|-resisted|p1a: Gholdengo
|-damage|p1a: Gholdengo|90/100
|-status|p1a: Gholdengo|frz
|cant|p1a: Gholdengo|frz
|
|-weather|Snowscape|[upkeep]
|upkeep
|turn|19
|
|t:|1781569843
|switch|p2a: El Scorcho|Ursaluna, F|49/100 brn
|-damage|p2a: El Scorcho|43/100 brn|[from] Stealth Rock
|-damage|p2a: El Scorcho|31/100 brn|[from] Spikes
|cant|p1a: Gholdengo|frz
|
|-weather|Snowscape|[upkeep]
|-damage|p2a: El Scorcho|25/100 brn|[from] brn
|upkeep
|turn|20
|
|t:|1781569847
|-curestatus|p1a: Gholdengo|frz|[msg]
|move|p1a: Gholdengo|Thunder Wave|p2a: El Scorcho
|-immune|p2a: El Scorcho
|move|p2a: El Scorcho|Swords Dance|p2a: El Scorcho
|-boost|p2a: El Scorcho|atk|2
|
|-weather|Snowscape|[upkeep]
|-damage|p2a: El Scorcho|19/100 brn|[from] brn
|upkeep
|turn|21
|
|t:|1781569850
|move|p1a: Gholdengo|Make It Rain|p2a: El Scorcho
|-damage|p2a: El Scorcho|0 fnt
|-unboost|p1a: Gholdengo|spa|1
|faint|p2a: El Scorcho
|
|-weather|none
|upkeep
|-message|tauros3 forfeited.
|
|win|goonarmy
|raw|goonarmy's rating: 1622 &rarr; <strong>1640</strong><br />(+18 for winning)
|raw|tauros3's rating: 1592 &rarr; <strong>1574</strong><br />(-18 for losing)
|l|☆tauros3
|player|p2|
|l|☆goonarmy
|player|p1|
