|j|☆LetsgoBrandonJ
|j|☆n5v
|t:|1781466912
|gametype|singles
|player|p1|LetsgoBrandonJ|palmer|1637
|player|p2|n5v|leon-masters|1660
|gen|9
|tier|[Gen 9] OU
|rated|
|rule|HP Percentage Mod: HP is shown in percentages
|rule|Endless Battle Clause: Forcing endless battles is banned
|rule|Species Clause: Limit one of each Pokémon
|rule|OHKO Clause: OHKO moves are banned
|rule|Evasion Items Clause: Evasion items are banned
|rule|Evasion Moves Clause: Evasion moves are banned
|rule|Evasion Abilities Clause: Evasion abilities are banned
|rule|Sleep Moves Clause: Sleep-inducing moves are banned
|clearpoke
|poke|p1|Araquanid, M|
|poke|p1|Gholdengo|
|poke|p1|Iron Moth|
|poke|p1|Iron Valiant|
|poke|p1|Raging Bolt|
|poke|p1|Kingambit, M|
|poke|p2|Raging Bolt|
|poke|p2|Enamorus, F|
|poke|p2|Rillaboom, M|
|poke|p2|Kingambit, F|
|poke|p2|Great Tusk|
|poke|p2|Slowking-Galar, F|
|teampreview
|inactive|Battle timer is ON: inactive players will automatically lose when time's up. (requested by LetsgoBrandonJ)
|
|t:|1781466927
|teamsize|p1|6
|teamsize|p2|6
|start
|switch|p1a: Araquanid|Araquanid, M, shiny|100/100
|switch|p2a: goobing bolt|Raging Bolt|100/100
|turn|1
|
|t:|1781466934
|move|p2a: goobing bolt|Thunderbolt|p1a: Araquanid
|-supereffective|p1a: Araquanid
|-damage|p1a: Araquanid|0 fnt
|faint|p1a: Araquanid
|
|upkeep
|
|t:|1781466940
|switch|p1a: Iron Valiant|Iron Valiant|100/100
|-enditem|p1a: Iron Valiant|Booster Energy
|-activate|p1a: Iron Valiant|ability: Quark Drive|[fromitem]
|-start|p1a: Iron Valiant|quarkdrivespa
|turn|2
|
|t:|1781466945
|-terastallize|p2a: goobing bolt|Bug
|move|p1a: Iron Valiant|Moonblast|p2a: goobing bolt
|-damage|p2a: goobing bolt|40/100
|move|p2a: goobing bolt|Thunderbolt|p1a: Iron Valiant
|-damage|p1a: Iron Valiant|0 fnt
|faint|p1a: Iron Valiant
|-end|p1a: Iron Valiant|Quark Drive|[silent]
|
|upkeep
|
|t:|1781466954
|switch|p1a: Iron Moth|Iron Moth|100/100
|-enditem|p1a: Iron Moth|Booster Energy
|-activate|p1a: Iron Moth|ability: Quark Drive|[fromitem]
|-start|p1a: Iron Moth|quarkdrivespa
|turn|3
|j| Blitz4Raidon
|
|t:|1781466965
|-end|p2a: goobing bolt|Protosynthesis|[silent]
|switch|p2a: wake not walking|Slowking-Galar, F, shiny|100/100
|move|p1a: Iron Moth|Fiery Dance|p2a: wake not walking
|-damage|p2a: wake not walking|74/100
|
|upkeep
|turn|4
|j| kadu99
|
|t:|1781466976
|move|p1a: Iron Moth|Substitute|p1a: Iron Moth
|-start|p1a: Iron Moth|Substitute
|-damage|p1a: Iron Moth|76/100
|move|p2a: wake not walking|Psyshock|p1a: Iron Moth
|-supereffective|p1a: Iron Moth
|-end|p1a: Iron Moth|Substitute
|
|upkeep
|turn|5
|
|t:|1781466987
|-end|p1a: Iron Moth|Quark Drive|[silent]
|switch|p1a: Gholdengo|Gholdengo|100/100
|-item|p1a: Gholdengo|Air Balloon
|move|p2a: wake not walking|Psyshock|p1a: Gholdengo
|-resisted|p1a: Gholdengo
|-damage|p1a: Gholdengo|79/100
|-enditem|p1a: Gholdengo|Air Balloon
|
|upkeep
|turn|6
|
|t:|1781467001
|switch|p2a: cheap tusk|Great Tusk, shiny|100/100
|move|p1a: Gholdengo|Shadow Ball|p2a: cheap tusk
|-damage|p2a: cheap tusk|42/100
|-unboost|p2a: cheap tusk|spd|1
|
|upkeep
|turn|7
|
|t:|1781467012
|-terastallize|p1a: Gholdengo|Flying
|move|p2a: cheap tusk|Ice Spinner|p1a: Gholdengo
|-supereffective|p1a: Gholdengo
|-damage|p1a: Gholdengo|24/100
|move|p1a: Gholdengo|Shadow Ball|p2a: cheap tusk
|-damage|p2a: cheap tusk|0 fnt
|faint|p2a: cheap tusk
|-end|p2a: cheap tusk|Protosynthesis|[silent]
|
|upkeep
|
|t:|1781467030
|switch|p2a: diddy kong|Rillaboom, M, shiny|100/100
|-fieldstart|move: Grassy Terrain|[from] ability: Grassy Surge|[of] p2a: diddy kong
|turn|8
|
|t:|1781467036
|move|p2a: diddy kong|Grassy Glide|p1a: Gholdengo
|-resisted|p1a: Gholdengo
|-damage|p1a: Gholdengo|0 fnt
|faint|p1a: Gholdengo
|-damage|p2a: diddy kong|91/100|[from] item: Life Orb
|
|-heal|p2a: diddy kong|97/100|[from] Grassy Terrain
|upkeep
|
|t:|1781467047
|switch|p1a: Raging Bolt|Raging Bolt|100/100
|-enditem|p1a: Raging Bolt|Booster Energy
|-activate|p1a: Raging Bolt|ability: Protosynthesis|[fromitem]
|-start|p1a: Raging Bolt|protosynthesisspa
|turn|9
|
|t:|1781467052
|move|p2a: diddy kong|U-turn|p1a: Raging Bolt
|-damage|p1a: Raging Bolt|69/100
|-damage|p2a: diddy kong|87/100|[from] item: Life Orb
|
|t:|1781467056
|switch|p2a: wake not walking|Slowking-Galar, F, shiny|100/100|[from] U-turn
|move|p1a: Raging Bolt|Calm Mind|p1a: Raging Bolt
|-boost|p1a: Raging Bolt|spa|1
|-boost|p1a: Raging Bolt|spd|1
|
|-heal|p1a: Raging Bolt|75/100|[from] Grassy Terrain
|upkeep
|turn|10
|
|t:|1781467066
|move|p1a: Raging Bolt|Thunderbolt|p2a: wake not walking
|-damage|p2a: wake not walking|50/100
|move|p2a: wake not walking|Ice Beam|p1a: Raging Bolt
|-supereffective|p1a: Raging Bolt
|-damage|p1a: Raging Bolt|43/100
|
|-heal|p1a: Raging Bolt|49/100|[from] Grassy Terrain
|-heal|p2a: wake not walking|56/100|[from] Grassy Terrain
|upkeep
|turn|11
|
|t:|1781467078
|move|p1a: Raging Bolt|Thunderbolt|p2a: wake not walking
|-damage|p2a: wake not walking|5/100
|move|p2a: wake not walking|Ice Beam|p1a: Raging Bolt
|-supereffective|p1a: Raging Bolt
|-damage|p1a: Raging Bolt|11/100
|
|-heal|p1a: Raging Bolt|17/100|[from] Grassy Terrain
|-heal|p2a: wake not walking|11/100|[from] Grassy Terrain
|upkeep
|turn|12
|
|t:|1781467087
|move|p1a: Raging Bolt|Thunderbolt|p2a: wake not walking
|-damage|p2a: wake not walking|0 fnt
|faint|p2a: wake not walking
|
|-heal|p1a: Raging Bolt|23/100|[from] Grassy Terrain
|-fieldend|move: Grassy Terrain
|upkeep
|
|t:|1781467089
|switch|p2a: diddy kong|Rillaboom, M, shiny|87/100
|-fieldstart|move: Grassy Terrain|[from] ability: Grassy Surge|[of] p2a: diddy kong
|turn|13
|
|t:|1781467097
|move|p2a: diddy kong|Grassy Glide|p1a: Raging Bolt
|-resisted|p1a: Raging Bolt
|-damage|p1a: Raging Bolt|0 fnt
|faint|p1a: Raging Bolt
|-end|p1a: Raging Bolt|Protosynthesis|[silent]
|-damage|p2a: diddy kong|77/100|[from] item: Life Orb
|
|-heal|p2a: diddy kong|83/100|[from] Grassy Terrain
|upkeep
|
|t:|1781467106
|switch|p1a: Iron Moth|Iron Moth|76/100
|turn|14
|
|t:|1781467112
|move|p1a: Iron Moth|Fiery Dance|p2a: diddy kong
|-supereffective|p2a: diddy kong
|-damage|p2a: diddy kong|0 fnt
|-boost|p1a: Iron Moth|spa|1
|faint|p2a: diddy kong
|
|-heal|p1a: Iron Moth|82/100|[from] Grassy Terrain
|upkeep
|
|t:|1781467115
|switch|p2a: gay alladin|Enamorus, F|100/100
|turn|15
|
|t:|1781467123
|-end|p1a: Iron Moth|Quark Drive|[silent]
|switch|p1a: Kingambit|Kingambit, M, shiny|100/100
|-activate|p1a: Kingambit|ability: Supreme Overlord
|-start|p1a: Kingambit|fallen4|[silent]
|-item|p1a: Kingambit|Air Balloon
|move|p2a: gay alladin|Earth Power|p1a: Kingambit
|-immune|p1a: Kingambit
|
|upkeep
|turn|16
|
|t:|1781467136
|switch|p2a: neededaghostresist|Kingambit, F, shiny|100/100
|-activate|p2a: neededaghostresist|ability: Supreme Overlord
|-start|p2a: neededaghostresist|fallen3|[silent]
|-end|p1a: Kingambit|fallen4|[silent]
|switch|p1a: Iron Moth|Iron Moth|82/100
|
|-heal|p1a: Iron Moth|88/100|[from] Grassy Terrain
|upkeep
|turn|17
|
|t:|1781467145
|-end|p2a: neededaghostresist|fallen3|[silent]
|switch|p2a: goobing bolt|Raging Bolt, tera:Bug|40/100
|move|p1a: Iron Moth|Fiery Dance|p2a: goobing bolt
|-supereffective|p2a: goobing bolt
|-damage|p2a: goobing bolt|0 fnt
|-boost|p1a: Iron Moth|spa|1
|faint|p2a: goobing bolt
|-end|p2a: goobing bolt|Protosynthesis|[silent]
|
|-heal|p1a: Iron Moth|94/100|[from] Grassy Terrain
|-fieldend|move: Grassy Terrain
|upkeep
|
|t:|1781467147
|switch|p2a: gay alladin|Enamorus, F|100/100
|turn|18
|
|t:|1781467159
|-end|p1a: Iron Moth|Quark Drive|[silent]
|switch|p1a: Kingambit|Kingambit, M, shiny|100/100
|-activate|p1a: Kingambit|ability: Supreme Overlord
|-start|p1a: Kingambit|fallen4|[silent]
|-item|p1a: Kingambit|Air Balloon
|move|p2a: gay alladin|Earth Power|p1a: Kingambit
|-immune|p1a: Kingambit
|
|upkeep
|turn|19
|
|t:|1781467168
|switch|p2a: neededaghostresist|Kingambit, F, shiny|100/100
|-activate|p2a: neededaghostresist|ability: Supreme Overlord
|-start|p2a: neededaghostresist|fallen4|[silent]
|move|p1a: Kingambit|Iron Head|p2a: neededaghostresist
|-resisted|p2a: neededaghostresist
|-damage|p2a: neededaghostresist|74/100
|
|upkeep
|turn|20
|
|t:|1781467178
|-end|p1a: Kingambit|fallen4|[silent]
|switch|p1a: Iron Moth|Iron Moth|94/100
|move|p2a: neededaghostresist|Iron Head|p1a: Iron Moth
|-resisted|p1a: Iron Moth
|-damage|p1a: Iron Moth|39/100
|
|upkeep
|turn|21
|
|t:|1781467185
|-end|p2a: neededaghostresist|fallen4|[silent]
|switch|p2a: gay alladin|Enamorus, F|100/100
|move|p1a: Iron Moth|Substitute|p1a: Iron Moth
|-start|p1a: Iron Moth|Substitute
|-damage|p1a: Iron Moth|14/100
|
|upkeep
|turn|22
|l| kadu99
|
|t:|1781467192
|move|p2a: gay alladin|Earth Power|p1a: Iron Moth
|-supereffective|p1a: Iron Moth
|-end|p1a: Iron Moth|Substitute
|move|p1a: Iron Moth|Sludge Wave|p2a: gay alladin
|-supereffective|p2a: gay alladin
|-damage|p2a: gay alladin|0 fnt
|faint|p2a: gay alladin
|
|upkeep
|
|t:|1781467194
|switch|p2a: neededaghostresist|Kingambit, F, shiny|74/100
|-activate|p2a: neededaghostresist|ability: Supreme Overlord
|-start|p2a: neededaghostresist|fallen5|[silent]
|turn|23
|
|t:|1781467204
|move|p2a: neededaghostresist|Sucker Punch|p1a: Iron Moth
|-damage|p1a: Iron Moth|0 fnt
|faint|p1a: Iron Moth
|-end|p1a: Iron Moth|Quark Drive|[silent]
|
|upkeep
|
|t:|1781467209
|switch|p1a: Kingambit|Kingambit, M, shiny|100/100
|-activate|p1a: Kingambit|ability: Supreme Overlord
|-start|p1a: Kingambit|fallen5|[silent]
|-item|p1a: Kingambit|Air Balloon
|turn|24
|c|☆n5v|gg
|
|t:|1781467215
|move|p1a: Kingambit|Swords Dance|p1a: Kingambit
|-boost|p1a: Kingambit|atk|2
|move|p2a: neededaghostresist|Low Kick|p1a: Kingambit
|-supereffective|p1a: Kingambit
|-damage|p1a: Kingambit|0 fnt
|-enditem|p1a: Kingambit|Air Balloon
|faint|p1a: Kingambit
|-end|p1a: Kingambit|fallen5|[silent]
|
|win|n5v
|raw|LetsgoBrandonJ's rating: 1637 &rarr; <strong>1618</strong><br />(-19 for losing)
|raw|n5v's rating: 1660 &rarr; <strong>1679</strong><br />(+19 for winning)
|l|☆n5v
|player|p2|
|l|☆LetsgoBrandonJ
|player|p1|
|j|☆n5v
|player|p2|n5v|leon-masters|
