|j|☆LowEL0God
|j|☆my2005
|t:|1781240594
|gametype|singles
|player|p1|LowEL0God|265|1642
|player|p2|my2005|170|1663
|gen|9
|tier|[Gen 9] OU
|rated|
|rule|HP Percentage Mod: HP is shown in percentages
|rule|Endless Battle Clause: Forcing endless battles is banned
|rule|Species Clause: Limit one of each Pokémon
|rule|OHKO Clause: OHKO moves are banned
|rule|Evasion Items Clause: Evasion items are banned
|rule|Evasion Moves Clause: Evasion moves are banned
|rule|Evasion Abilities Clause: Evasion abilities are banned
|rule|Sleep Moves Clause: Sleep-inducing moves are banned
|clearpoke
|poke|p1|Pelipper, F|
|poke|p1|Raging Bolt|
|poke|p1|Overqwil, F|
|poke|p1|Barraskewda, F|
|poke|p1|Iron Treads|
|poke|p1|Kingambit, F|
|poke|p2|Slowking-Galar, M|
|poke|p2|Whimsicott, M|
|poke|p2|Kyurem|
|poke|p2|Cinderace, M|
|poke|p2|Great Tusk|
|poke|p2|Alomomola, M|
|teampreview
|c|☆LowEL0God|hf
|inactive|Battle timer is ON: inactive players will automatically lose when time's up. (requested by LowEL0God)
|
|t:|1781240604
|teamsize|p1|6
|teamsize|p2|6
|start
|switch|p1a: Barraskewda|Barraskewda, F|100/100
|switch|p2a: Kyurem|Kyurem|100/100
|-ability|p2a: Kyurem|Pressure
|turn|1
|
|t:|1781240608
|move|p2a: Kyurem|Protect|p2a: Kyurem
|-singleturn|p2a: Kyurem|Protect
|move|p1a: Barraskewda|Close Combat|p2a: Kyurem
|-activate|p2a: Kyurem|move: Protect
|
|upkeep
|turn|2
|
|t:|1781240612
|switch|p2a: Whimsicott|Whimsicott, M|100/100
|move|p1a: Barraskewda|Close Combat|p2a: Whimsicott
|-resisted|p2a: Whimsicott
|-damage|p2a: Whimsicott|74/100
|-unboost|p1a: Barraskewda|def|1
|-unboost|p1a: Barraskewda|spd|1
|
|-heal|p2a: Whimsicott|80/100|[from] item: Leftovers
|upkeep
|turn|3
|
|t:|1781240617
|switch|p1a: Kingambit|Kingambit, F|100/100
|move|p2a: Whimsicott|U-turn|p1a: Kingambit
|-damage|p1a: Kingambit|92/100
|
|t:|1781240623
|switch|p2a: Cinderace|Cinderace, M|100/100|[from] U-turn
|
|-heal|p1a: Kingambit|98/100|[from] item: Leftovers
|upkeep
|turn|4
|
|t:|1781240626
|-end|p1a: Kingambit|fallenundefined|[silent]
|switch|p1a: Pelipper|Pelipper, F|100/100
|-weather|RainDance|[from] ability: Drizzle|[of] p1a: Pelipper
|move|p2a: Cinderace|U-turn|p1a: Pelipper
|-start|p2a: Cinderace|typechange|Bug|[from] ability: Libero
|-resisted|p1a: Pelipper
|-damage|p1a: Pelipper|88/100
|
|t:|1781240628
|switch|p2a: Kyurem|Kyurem|100/100|[from] U-turn
|-ability|p2a: Kyurem|Pressure
|
|-weather|RainDance|[upkeep]
|upkeep
|turn|5
|
|t:|1781240629
|switch|p1a: Kingambit|Kingambit, F|98/100
|move|p2a: Kyurem|Substitute|p2a: Kyurem
|-start|p2a: Kyurem|Substitute
|-damage|p2a: Kyurem|76/100
|
|-weather|RainDance|[upkeep]
|-heal|p2a: Kyurem|82/100|[from] item: Leftovers
|-heal|p1a: Kingambit|100/100|[from] item: Leftovers
|upkeep
|turn|6
|
|t:|1781240632
|-terastallize|p1a: Kingambit|Dark
|move|p2a: Kyurem|Earth Power|p1a: Kingambit
|-damage|p1a: Kingambit|72/100
|move|p1a: Kingambit|Iron Head|p2a: Kyurem
|-supereffective|p2a: Kyurem
|-end|p2a: Kyurem|Substitute
|
|-weather|RainDance|[upkeep]
|-heal|p2a: Kyurem|88/100|[from] item: Leftovers
|-heal|p1a: Kingambit|79/100|[from] item: Leftovers
|upkeep
|turn|7
|
|t:|1781240647
|switch|p2a: Alomomola|Alomomola, M|100/100
|move|p1a: Kingambit|Swords Dance|p1a: Kingambit
|-boost|p1a: Kingambit|atk|2
|
|-weather|RainDance|[upkeep]
|-heal|p1a: Kingambit|85/100|[from] item: Leftovers
|upkeep
|turn|8
|
|t:|1781240652
|move|p1a: Kingambit|Iron Head|p2a: Alomomola
|-resisted|p2a: Alomomola
|-damage|p2a: Alomomola|74/100
|-damage|p1a: Kingambit|68/100|[from] item: Rocky Helmet|[of] p2a: Alomomola
|move|p2a: Alomomola|Flip Turn|p1a: Kingambit
|-damage|p1a: Kingambit|50/100
|
|t:|1781240680
|switch|p2a: Great Tusk|Great Tusk|100/100|[from] Flip Turn
|-enditem|p2a: Great Tusk|Booster Energy
|-activate|p2a: Great Tusk|ability: Protosynthesis|[fromitem]
|-start|p2a: Great Tusk|protosynthesisspe
|
|-weather|RainDance|[upkeep]
|-heal|p1a: Kingambit|56/100|[from] item: Leftovers
|upkeep
|turn|9
|
|t:|1781240689
|-end|p1a: Kingambit|fallenundefined|[silent]
|switch|p1a: Pelipper|Pelipper, F|88/100
|move|p2a: Great Tusk|Bulk Up|p2a: Great Tusk
|-boost|p2a: Great Tusk|atk|1
|-boost|p2a: Great Tusk|def|1
|
|-weather|RainDance|[upkeep]
|upkeep
|turn|10
|
|t:|1781240699
|-end|p2a: Great Tusk|Protosynthesis|[silent]
|switch|p2a: Kyurem|Kyurem|88/100
|-ability|p2a: Kyurem|Pressure
|move|p1a: Pelipper|Hurricane|p2a: Kyurem
|-damage|p2a: Kyurem|54/100
|
|-weather|RainDance|[upkeep]
|-heal|p2a: Kyurem|60/100|[from] item: Leftovers
|upkeep
|turn|11
|
|t:|1781240702
|switch|p1a: Kingambit|Kingambit, F, tera:Dark|56/100
|move|p2a: Kyurem|Substitute|p2a: Kyurem
|-start|p2a: Kyurem|Substitute
|-damage|p2a: Kyurem|35/100
|
|-weather|none
|-heal|p2a: Kyurem|41/100|[from] item: Leftovers
|-heal|p1a: Kingambit|62/100|[from] item: Leftovers
|upkeep
|turn|12
|
|t:|1781240706
|move|p1a: Kingambit|Sucker Punch|p2a: Kyurem
|-end|p2a: Kyurem|Substitute
|move|p2a: Kyurem|Freeze-Dry|p1a: Kingambit
|-damage|p1a: Kingambit|27/100
|
|-heal|p2a: Kyurem|47/100|[from] item: Leftovers
|-heal|p1a: Kingambit|33/100|[from] item: Leftovers
|upkeep
|turn|13
|
|t:|1781240712
|move|p1a: Kingambit|Sucker Punch|p2a: Kyurem
|-damage|p2a: Kyurem|0 fnt
|faint|p2a: Kyurem
|
|-heal|p1a: Kingambit|39/100|[from] item: Leftovers
|upkeep
|
|t:|1781240725
|switch|p2a: Cinderace|Cinderace, M|100/100
|turn|14
|
|t:|1781240727
|-end|p1a: Kingambit|fallenundefined|[silent]
|switch|p1a: Pelipper|Pelipper, F|88/100
|-weather|RainDance|[from] ability: Drizzle|[of] p1a: Pelipper
|move|p2a: Cinderace|U-turn|p1a: Pelipper
|-start|p2a: Cinderace|typechange|Bug|[from] ability: Libero
|-resisted|p1a: Pelipper
|-damage|p1a: Pelipper|75/100
|
|t:|1781240731
|switch|p2a: Slowking|Slowking-Galar, M|100/100|[from] U-turn
|
|-weather|RainDance|[upkeep]
|upkeep
|turn|15
|
|t:|1781240739
|move|p1a: Pelipper|Hurricane|p2a: Slowking
|-damage|p2a: Slowking|81/100
|move|p2a: Slowking|Ice Beam|p1a: Pelipper
|-damage|p1a: Pelipper|35/100
|
|-weather|RainDance|[upkeep]
|upkeep
|turn|16
|
|t:|1781240744
|move|p1a: Pelipper|Roost|p1a: Pelipper
|-heal|p1a: Pelipper|86/100
|-singleturn|p1a: Pelipper|move: Roost
|move|p2a: Slowking|Ice Beam|p1a: Pelipper
|-resisted|p1a: Pelipper
|-damage|p1a: Pelipper|64/100
|
|-weather|RainDance|[upkeep]
|upkeep
|turn|17
|
|t:|1781240749
|switch|p1a: Overqwil|Overqwil, F|100/100
|move|p2a: Slowking|Sludge Wave|p1a: Overqwil
|-resisted|p1a: Overqwil
|-damage|p1a: Overqwil|67/100
|
|-weather|RainDance|[upkeep]
|upkeep
|turn|18
|
|t:|1781240754
|switch|p2a: Alomomola|Alomomola, M|100/100
|move|p1a: Overqwil|Swords Dance|p1a: Overqwil
|-boost|p1a: Overqwil|atk|2
|
|-weather|RainDance|[upkeep]
|upkeep
|turn|19
|
|t:|1781240756
|move|p1a: Overqwil|Gunk Shot|p2a: Alomomola
|-damage|p2a: Alomomola|16/100
|-damage|p1a: Overqwil|57/100|[from] item: Life Orb
|move|p2a: Alomomola|Flip Turn|p1a: Overqwil
|-damage|p1a: Overqwil|31/100
|
|t:|1781240779
|switch|p2a: Cinderace|Cinderace, M|100/100|[from] Flip Turn
|
|-weather|RainDance|[upkeep]
|upkeep
|turn|20
|
|t:|1781240782
|move|p2a: Cinderace|Sucker Punch|p1a: Overqwil
|-start|p2a: Cinderace|typechange|Dark|[from] ability: Libero
|-resisted|p1a: Overqwil
|-damage|p1a: Overqwil|12/100
|move|p1a: Overqwil|Gunk Shot|p2a: Cinderace
|-damage|p2a: Cinderace|0 fnt
|faint|p2a: Cinderace
|-damage|p1a: Overqwil|2/100|[from] item: Life Orb
|
|-weather|RainDance|[upkeep]
|upkeep
|
|t:|1781240789
|switch|p2a: Alomomola|Alomomola, M|49/100
|turn|21
|
|t:|1781240792
|move|p2a: Alomomola|Aqua Jet|p1a: Overqwil
|-damage|p1a: Overqwil|0 fnt
|faint|p1a: Overqwil
|
|-weather|none
|upkeep
|
|t:|1781240794
|switch|p1a: Kingambit|Kingambit, F, tera:Dark|39/100
|-activate|p1a: Kingambit|ability: Supreme Overlord
|-start|p1a: Kingambit|fallen1|[silent]
|turn|22
|
|t:|1781240797
|move|p1a: Kingambit|Swords Dance|p1a: Kingambit
|-boost|p1a: Kingambit|atk|2
|move|p2a: Alomomola|Flip Turn|p1a: Kingambit
|-damage|p1a: Kingambit|26/100
|
|t:|1781240800
|switch|p2a: Great Tusk|Great Tusk|100/100|[from] Flip Turn
|
|-heal|p1a: Kingambit|33/100|[from] item: Leftovers
|upkeep
|turn|23
|
|t:|1781240806
|-end|p1a: Kingambit|fallen1|[silent]
|switch|p1a: Pelipper|Pelipper, F|64/100
|-weather|RainDance|[from] ability: Drizzle|[of] p1a: Pelipper
|move|p2a: Great Tusk|Headlong Rush|p1a: Pelipper
|-immune|p1a: Pelipper
|
|-weather|RainDance|[upkeep]
|upkeep
|turn|24
|
|t:|1781240816
|-end|p2a: Great Tusk|Protosynthesis|[silent]
|switch|p2a: Slowking|Slowking-Galar, M|100/100
|move|p1a: Pelipper|Weather Ball|p2a: Slowking
|-damage|p2a: Slowking|71/100
|
|-weather|RainDance|[upkeep]
|upkeep
|turn|25
|
|t:|1781240820
|switch|p1a: Iron Treads|Iron Treads|100/100
|-enditem|p1a: Iron Treads|Booster Energy
|-activate|p1a: Iron Treads|ability: Quark Drive|[fromitem]
|-start|p1a: Iron Treads|quarkdrivespe
|move|p2a: Slowking|Ice Beam|p1a: Iron Treads
|-damage|p1a: Iron Treads|57/100
|
|-weather|RainDance|[upkeep]
|upkeep
|turn|26
|
|t:|1781240826
|switch|p2a: Alomomola|Alomomola, M|83/100
|move|p1a: Iron Treads|Earth Power|p2a: Alomomola
|-damage|p2a: Alomomola|38/100
|
|-weather|RainDance|[upkeep]
|upkeep
|turn|27
|
|t:|1781240833
|switch|p2a: Whimsicott|Whimsicott, M|80/100
|move|p1a: Iron Treads|Earth Power|p2a: Whimsicott
|-resisted|p2a: Whimsicott
|-damage|p2a: Whimsicott|56/100
|
|-weather|RainDance|[upkeep]
|-heal|p2a: Whimsicott|62/100|[from] item: Leftovers
|upkeep
|turn|28
|
|t:|1781240837
|move|p2a: Whimsicott|Encore|p1a: Iron Treads
|-start|p1a: Iron Treads|Encore
|move|p1a: Iron Treads|Earth Power|p2a: Whimsicott
|-resisted|p2a: Whimsicott
|-damage|p2a: Whimsicott|41/100
|-unboost|p2a: Whimsicott|spd|1
|
|-weather|RainDance|[upkeep]
|-heal|p2a: Whimsicott|47/100|[from] item: Leftovers
|upkeep
|turn|29
|
|t:|1781240839
|move|p2a: Whimsicott|Leech Seed|p1a: Iron Treads
|-start|p1a: Iron Treads|move: Leech Seed
|move|p1a: Iron Treads|Earth Power|p2a: Whimsicott
|-resisted|p2a: Whimsicott
|-damage|p2a: Whimsicott|14/100
|
|-weather|RainDance|[upkeep]
|-heal|p2a: Whimsicott|20/100|[from] item: Leftovers
|-damage|p1a: Iron Treads|44/100|[from] Leech Seed|[of] p2a: Whimsicott
|-heal|p2a: Whimsicott|32/100|[silent]
|upkeep
|turn|30
|
|t:|1781240851
|switch|p2a: Great Tusk|Great Tusk|100/100
|move|p1a: Iron Treads|Earth Power|p2a: Great Tusk
|-damage|p2a: Great Tusk|55/100
|
|-weather|none
|-damage|p1a: Iron Treads|32/100|[from] Leech Seed|[of] p2a: Great Tusk
|-heal|p2a: Great Tusk|64/100|[silent]
|-end|p1a: Iron Treads|Encore
|upkeep
|turn|31
|
|t:|1781240861
|-end|p1a: Iron Treads|Quark Drive|[silent]
|switch|p1a: Pelipper|Pelipper, F|64/100
|-weather|RainDance|[from] ability: Drizzle|[of] p1a: Pelipper
|move|p2a: Great Tusk|Ice Spinner|p1a: Pelipper
|-damage|p1a: Pelipper|48/100
|
|-weather|RainDance|[upkeep]
|upkeep
|turn|32
|
|t:|1781240866
|-end|p2a: Great Tusk|Protosynthesis|[silent]
|switch|p2a: Slowking|Slowking-Galar, M|100/100
|move|p1a: Pelipper|Hurricane|p2a: Slowking
|-damage|p2a: Slowking|80/100
|
|-weather|RainDance|[upkeep]
|upkeep
|turn|33
|
|t:|1781240872
|move|p1a: Pelipper|Roost|p1a: Pelipper
|-heal|p1a: Pelipper|98/100
|-singleturn|p1a: Pelipper|move: Roost
|move|p2a: Slowking|Ice Beam|p1a: Pelipper
|-resisted|p1a: Pelipper
|-damage|p1a: Pelipper|78/100
|
|-weather|RainDance|[upkeep]
|upkeep
|turn|34
|
|t:|1781240877
|move|p1a: Pelipper|U-turn|p2a: Slowking
|-damage|p2a: Slowking|71/100
|
|t:|1781240878
|switch|p1a: Iron Treads|Iron Treads|32/100|[from] U-turn
|move|p2a: Slowking|Ice Beam|p1a: Iron Treads
|-damage|p1a: Iron Treads|0 fnt
|faint|p1a: Iron Treads
|-end|p1a: Iron Treads|Quark Drive|[silent]
|
|-weather|RainDance|[upkeep]
|upkeep
|
|t:|1781240878
|switch|p1a: Kingambit|Kingambit, F, tera:Dark|33/100
|-activate|p1a: Kingambit|ability: Supreme Overlord
|-start|p1a: Kingambit|fallen2|[silent]
|turn|35
|
|t:|1781240888
|-terastallize|p2a: Slowking|Bug
|move|p1a: Kingambit|Kowtow Cleave|p2a: Slowking
|-damage|p2a: Slowking|0 fnt
|faint|p2a: Slowking
|
|-weather|RainDance|[upkeep]
|-heal|p1a: Kingambit|39/100|[from] item: Leftovers
|upkeep
|
|t:|1781240898
|switch|p2a: Great Tusk|Great Tusk|64/100
|turn|36
|-message|my2005 forfeited.
|
|win|LowEL0God
|raw|LowEL0God's rating: 1642 &rarr; <strong>1663</strong><br />(+21 for winning)
|raw|my2005's rating: 1663 &rarr; <strong>1642</strong><br />(-21 for losing)
|l|☆my2005
|player|p2|
|c|☆LowEL0God|gg
|l|☆LowEL0God
|player|p1|
