|j|☆hillbilly z
|j|☆LowEL0God
|t:|1780977633
|gametype|singles
|player|p1|hillbilly z|265|1526
|player|p2|LowEL0God|265|1564
|gen|9
|tier|[Gen 9] OU
|rated|
|rule|HP Percentage Mod: HP is shown in percentages
|rule|Endless Battle Clause: Forcing endless battles is banned
|rule|Species Clause: Limit one of each Pokémon
|rule|OHKO Clause: OHKO moves are banned
|rule|Evasion Items Clause: Evasion items are banned
|rule|Evasion Moves Clause: Evasion moves are banned
|rule|Evasion Abilities Clause: Evasion abilities are banned
|rule|Sleep Moves Clause: Sleep-inducing moves are banned
|clearpoke
|poke|p1|Torkoal, F|
|poke|p1|Scovillain, M|
|poke|p1|Walking Wake|
|poke|p1|Hatterene, F|
|poke|p1|Great Tusk|
|poke|p1|Ceruledge, F|
|poke|p2|Pelipper, F|
|poke|p2|Torkoal, F|
|poke|p2|Walking Wake|
|poke|p2|Kyurem|
|poke|p2|Ninetales-Alola, M|
|poke|p2|Ogerpon-Wellspring, F|
|teampreview
|
|t:|1780977635
|teamsize|p1|6
|teamsize|p2|6
|start
|switch|p1a: Walking Wake|Walking Wake|100/100
|switch|p2a: Walking Wake|Walking Wake|100/100
|turn|1
|c|☆LowEL0God|hf
|inactive|Battle timer is ON: inactive players will automatically lose when time's up. (requested by LowEL0God)
|inactive|hillbilly z also wants the timer to be on.
|
|t:|1780977639
|-end|p1a: Walking Wake|Protosynthesis|[silent]
|switch|p1a: Hatterene|Hatterene, F|100/100
|move|p2a: Walking Wake|Draco Meteor|p1a: Hatterene
|-immune|p1a: Hatterene
|
|upkeep
|turn|2
|
|t:|1780977645
|-end|p2a: Walking Wake|Protosynthesis|[silent]
|switch|p2a: Ninetales|Ninetales-Alola, M|100/100
|-weather|Snowscape|[from] ability: Snow Warning|[of] p2a: Ninetales
|move|p1a: Hatterene|Psyshock|p2a: Ninetales
|-damage|p2a: Ninetales|72/100
|
|-weather|Snowscape|[upkeep]
|upkeep
|turn|3
|
|t:|1780977647
|move|p2a: Ninetales|Aurora Veil|p2a: Ninetales
|-sidestart|p2: LowEL0God|move: Aurora Veil
|move|p1a: Hatterene|Draining Kiss|p2a: Ninetales
|-damage|p2a: Ninetales|62/100
|
|-weather|Snowscape|[upkeep]
|upkeep
|turn|4
|
|t:|1780977651
|switch|p2a: Hurricane Spam|Pelipper, F, shiny|100/100
|-weather|RainDance|[from] ability: Drizzle|[of] p2a: Hurricane Spam
|move|p1a: Hatterene|Mystical Fire|p2a: Hurricane Spam
|-resisted|p2a: Hurricane Spam
|-damage|p2a: Hurricane Spam|96/100
|-unboost|p2a: Hurricane Spam|spa|1
|
|-weather|RainDance|[upkeep]
|upkeep
|turn|5
|
|t:|1780977654
|move|p2a: Hurricane Spam|Weather Ball|p1a: Hatterene
|-damage|p1a: Hatterene|41/100
|-enditem|p1a: Hatterene|Eject Button
|
|t:|1780977658
|switch|p1a: Torkoal|Torkoal, F|100/100
|-weather|SunnyDay|[from] ability: Drought|[of] p1a: Torkoal
|
|-weather|SunnyDay|[upkeep]
|upkeep
|turn|6
|
|t:|1780977662
|switch|p2a: Walking Wake|Walking Wake|100/100
|-activate|p2a: Walking Wake|ability: Protosynthesis
|-start|p2a: Walking Wake|protosynthesisspe
|move|p1a: Torkoal|Stealth Rock|p2a: Walking Wake
|-sidestart|p2: LowEL0God|move: Stealth Rock
|
|-weather|SunnyDay|[upkeep]
|upkeep
|turn|7
|
|t:|1780977665
|switch|p1a: Hatterene|Hatterene, F|41/100
|move|p2a: Walking Wake|Hydro Steam|p1a: Hatterene
|-damage|p1a: Hatterene|0 fnt
|faint|p1a: Hatterene
|
|-weather|SunnyDay|[upkeep]
|-sideend|p2: LowEL0God|move: Aurora Veil
|upkeep
|
|t:|1780977667
|switch|p1a: Walking Wake|Walking Wake|100/100
|-activate|p1a: Walking Wake|ability: Protosynthesis
|-start|p1a: Walking Wake|protosynthesisspa
|turn|8
|
|t:|1780977672
|-end|p2a: Walking Wake|Protosynthesis|[silent]
|switch|p2a: Ninetales|Ninetales-Alola, M|62/100
|-damage|p2a: Ninetales|37/100|[from] Stealth Rock
|-weather|Snowscape|[from] ability: Snow Warning|[of] p2a: Ninetales
|-end|p1a: Walking Wake|Protosynthesis
|move|p1a: Walking Wake|Hydro Steam|p2a: Ninetales
|-damage|p2a: Ninetales|0 fnt
|faint|p2a: Ninetales
|
|-weather|Snowscape|[upkeep]
|upkeep
|
|t:|1780977673
|switch|p2a: Walking Wake|Walking Wake|100/100
|-damage|p2a: Walking Wake|88/100|[from] Stealth Rock
|turn|9
|
|t:|1780977677
|move|p2a: Walking Wake|Dragon Pulse|p1a: Walking Wake
|-supereffective|p1a: Walking Wake
|-damage|p1a: Walking Wake|0 fnt
|faint|p1a: Walking Wake
|-end|p1a: Walking Wake|Protosynthesis|[silent]
|
|-weather|Snowscape|[upkeep]
|upkeep
|
|t:|1780977679
|switch|p1a: Torkoal|Torkoal, F|100/100
|-weather|SunnyDay|[from] ability: Drought|[of] p1a: Torkoal
|-activate|p2a: Walking Wake|ability: Protosynthesis
|-start|p2a: Walking Wake|protosynthesisspe
|turn|10
|
|t:|1780977685
|-terastallize|p1a: Torkoal|Fairy
|move|p2a: Walking Wake|Dragon Pulse|p1a: Torkoal
|-immune|p1a: Torkoal
|move|p1a: Torkoal|Flamethrower|p2a: Walking Wake
|-resisted|p2a: Walking Wake
|-damage|p2a: Walking Wake|73/100
|
|-weather|SunnyDay|[upkeep]
|upkeep
|turn|11
|
|t:|1780977693
|-end|p2a: Walking Wake|Protosynthesis|[silent]
|switch|p2a: Hurricane Spam|Pelipper, F, shiny|96/100
|-damage|p2a: Hurricane Spam|71/100|[from] Stealth Rock
|-weather|RainDance|[from] ability: Drizzle|[of] p2a: Hurricane Spam
|switch|p1a: Scovillain|Scovillain, M|100/100
|
|-weather|RainDance|[upkeep]
|upkeep
|turn|12
|
|t:|1780977695
|switch|p1a: Torkoal|Torkoal, F, tera:Fairy|100/100
|-weather|SunnyDay|[from] ability: Drought|[of] p1a: Torkoal
|move|p2a: Hurricane Spam|Weather Ball|p1a: Torkoal
|-damage|p1a: Torkoal|26/100
|
|-weather|SunnyDay|[upkeep]
|upkeep
|turn|13
|
|t:|1780977699
|switch|p1a: Ceruledge|Ceruledge, F|100/100
|move|p2a: Hurricane Spam|Weather Ball|p1a: Ceruledge
|-resisted|p1a: Ceruledge
|-damage|p1a: Ceruledge|61/100
|
|-weather|SunnyDay|[upkeep]
|upkeep
|turn|14
|
|t:|1780977701
|move|p1a: Ceruledge|Swords Dance|p1a: Ceruledge
|-boost|p1a: Ceruledge|atk|2
|move|p2a: Hurricane Spam|Weather Ball|p1a: Ceruledge
|-resisted|p1a: Ceruledge
|-damage|p1a: Ceruledge|26/100
|
|-weather|SunnyDay|[upkeep]
|upkeep
|turn|15
|
|t:|1780977703
|switch|p2a: Walking Wake|Walking Wake|73/100
|-damage|p2a: Walking Wake|60/100|[from] Stealth Rock
|-activate|p2a: Walking Wake|ability: Protosynthesis
|-start|p2a: Walking Wake|protosynthesisspe
|move|p1a: Ceruledge|Bitter Blade|p2a: Walking Wake
|-resisted|p2a: Walking Wake
|-damage|p2a: Walking Wake|20/100
|-heal|p1a: Ceruledge|50/100|[from] drain|[of] p2a: Walking Wake
|
|-weather|SunnyDay|[upkeep]
|upkeep
|turn|16
|
|t:|1780977705
|move|p1a: Ceruledge|Shadow Sneak|p2a: Walking Wake
|-damage|p2a: Walking Wake|0 fnt
|faint|p2a: Walking Wake
|-end|p2a: Walking Wake|Protosynthesis|[silent]
|
|-weather|SunnyDay|[upkeep]
|upkeep
|
|t:|1780977706
|switch|p2a: Kyurem|Kyurem|100/100
|-damage|p2a: Kyurem|76/100|[from] Stealth Rock
|-ability|p2a: Kyurem|Pressure
|turn|17
|
|t:|1780977708
|move|p1a: Ceruledge|Shadow Sneak|p2a: Kyurem
|-damage|p2a: Kyurem|29/100
|move|p2a: Kyurem|Earth Power|p1a: Ceruledge
|-supereffective|p1a: Ceruledge
|-damage|p1a: Ceruledge|0 fnt
|faint|p1a: Ceruledge
|
|-weather|SunnyDay|[upkeep]
|upkeep
|
|t:|1780977711
|switch|p1a: Scovillain|Scovillain, M|100/100
|turn|18
|
|t:|1780977712
|switch|p2a: Hurricane Spam|Pelipper, F, shiny|71/100
|-damage|p2a: Hurricane Spam|47/100|[from] Stealth Rock
|-weather|RainDance|[from] ability: Drizzle|[of] p2a: Hurricane Spam
|move|p1a: Scovillain|Giga Drain|p2a: Hurricane Spam
|-damage|p2a: Hurricane Spam|0 fnt
|faint|p2a: Hurricane Spam
|-damage|p1a: Scovillain|91/100|[from] item: Life Orb
|
|-weather|RainDance|[upkeep]
|upkeep
|
|t:|1780977714
|switch|p2a: Ogerpon|Ogerpon-Wellspring, F|100/100
|-damage|p2a: Ogerpon|88/100|[from] Stealth Rock
|turn|19
|
|t:|1780977718
|switch|p1a: Torkoal|Torkoal, F, tera:Fairy|26/100
|-weather|SunnyDay|[from] ability: Drought|[of] p1a: Torkoal
|move|p2a: Ogerpon|Swords Dance|p2a: Ogerpon
|-boost|p2a: Ogerpon|atk|2
|
|-weather|SunnyDay|[upkeep]
|upkeep
|turn|20
|
|t:|1780977720
|move|p2a: Ogerpon|Horn Leech|p1a: Torkoal
|-damage|p1a: Torkoal|0 fnt
|-heal|p2a: Ogerpon|100/100|[from] drain|[of] p1a: Torkoal
|faint|p1a: Torkoal
|
|-weather|SunnyDay|[upkeep]
|upkeep
|
|t:|1780977721
|switch|p1a: Scovillain|Scovillain, M|91/100
|turn|21
|
|t:|1780977725
|move|p1a: Scovillain|Overheat|p2a: Ogerpon
|-damage|p2a: Ogerpon|0 fnt
|-unboost|p1a: Scovillain|spa|2
|faint|p2a: Ogerpon
|-damage|p1a: Scovillain|81/100|[from] item: Life Orb
|
|-weather|SunnyDay|[upkeep]
|upkeep
|
|t:|1780977727
|switch|p2a: Torkoal|Torkoal, F|100/100
|-damage|p2a: Torkoal|76/100|[from] Stealth Rock
|turn|22
|
|t:|1780977729
|switch|p1a: Don|Great Tusk|100/100
|-activate|p1a: Don|ability: Protosynthesis
|-start|p1a: Don|protosynthesisatk
|move|p2a: Torkoal|Rapid Spin|p1a: Don
|-damage|p1a: Don|94/100
|-boost|p2a: Torkoal|spe|1
|-damage|p2a: Torkoal|59/100|[from] item: Rocky Helmet|[of] p1a: Don
|-sideend|p2: LowEL0God|Stealth Rock|[from] move: Rapid Spin|[of] p2a: Torkoal
|
|-weather|SunnyDay|[upkeep]
|upkeep
|turn|23
|
|t:|1780977730
|-terastallize|p2a: Torkoal|Flying
|move|p1a: Don|Headlong Rush|p2a: Torkoal
|-immune|p2a: Torkoal
|move|p2a: Torkoal|Lava Plume|p1a: Don
|-damage|p1a: Don|42/100
|
|-weather|SunnyDay|[upkeep]
|upkeep
|turn|24
|
|t:|1780977732
|move|p1a: Don|Ice Spinner|p2a: Torkoal
|-supereffective|p2a: Torkoal
|-damage|p2a: Torkoal|14/100
|move|p2a: Torkoal|Lava Plume|p1a: Don
|-damage|p1a: Don|0 fnt
|faint|p1a: Don
|-end|p1a: Don|Protosynthesis|[silent]
|
|-weather|SunnyDay|[upkeep]
|upkeep
|
|t:|1780977735
|switch|p1a: Scovillain|Scovillain, M|81/100
|turn|25
|
|t:|1780977737
|move|p1a: Scovillain|Flamethrower|p2a: Torkoal
|-damage|p2a: Torkoal|0 fnt
|faint|p2a: Torkoal
|-damage|p1a: Scovillain|71/100|[from] item: Life Orb
|
|-weather|SunnyDay|[upkeep]
|upkeep
|
|t:|1780977738
|switch|p2a: Kyurem|Kyurem|29/100
|-ability|p2a: Kyurem|Pressure
|turn|26
|
|t:|1780977741
|move|p1a: Scovillain|Flamethrower|p2a: Kyurem
|-damage|p2a: Kyurem|0 fnt
|faint|p2a: Kyurem
|-damage|p1a: Scovillain|61/100|[from] item: Life Orb
|
|win|hillbilly z
|raw|hillbilly z's rating: 1526 &rarr; <strong>1548</strong><br />(+22 for winning)
|raw|LowEL0God's rating: 1564 &rarr; <strong>1542</strong><br />(-22 for losing)
