|j|☆phreshoatmeal
|j|☆mongwong
|t:|1781500618
|gametype|singles
|player|p1|phreshoatmeal|265|1754
|player|p2|mongwong|eusine-gen2|1708
|gen|9
|tier|[Gen 9] OU
|rated|
|rule|HP Percentage Mod: HP is shown in percentages
|rule|Endless Battle Clause: Forcing endless battles is banned
|rule|Species Clause: Limit one of each Pokémon
|rule|OHKO Clause: OHKO moves are banned
|rule|Evasion Items Clause: Evasion items are banned
|rule|Evasion Moves Clause: Evasion moves are banned
|rule|Evasion Abilities Clause: Evasion abilities are banned
|rule|Sleep Moves Clause: Sleep-inducing moves are banned
|clearpoke
|poke|p1|Tyranitar, M|
|poke|p1|Excadrill, F|
|poke|p1|Hatterene, F|
|poke|p1|Iron Valiant|
|poke|p1|Amoonguss, M|
|poke|p1|Alomomola, M|
|poke|p2|Indeedee, M|
|poke|p2|Polteageist-Antique|
|poke|p2|Hawlucha, F|
|poke|p2|Primarina, M|
|poke|p2|Iron Valiant|
|poke|p2|Great Tusk|
|teampreview
|inactive|Battle timer is ON: inactive players will automatically lose when time's up. (requested by mongwong)
|
|t:|1781500638
|teamsize|p1|6
|teamsize|p2|6
|start
|switch|p1a: Iron Valiant|Iron Valiant|100/100
|switch|p2a: Great Tusk|Great Tusk|100/100
|turn|1
|
|t:|1781500650
|-end|p2a: Great Tusk|Protosynthesis|[silent]
|switch|p2a: Primarina|Primarina, M|100/100
|move|p1a: Iron Valiant|Moonblast|p2a: Primarina
|-damage|p2a: Primarina|72/100
|-unboost|p2a: Primarina|spa|1
|-damage|p1a: Iron Valiant|91/100|[from] item: Life Orb
|
|upkeep
|turn|2
|
|t:|1781500658
|-end|p1a: Iron Valiant|Quark Drive|[silent]
|switch|p1a: Amoonguss|Amoonguss, M|100/100
|move|p2a: Primarina|Flip Turn|p1a: Amoonguss
|-resisted|p1a: Amoonguss
|-damage|p1a: Amoonguss|95/100
|-enditem|p1a: Amoonguss|Eject Button
|
|t:|1781500665
|switch|p1a: Excadrill|Excadrill, F|100/100
|
|upkeep
|turn|3
|
|t:|1781500672
|switch|p2a: Great Tusk|Great Tusk|100/100
|move|p1a: Excadrill|Earthquake|p2a: Great Tusk
|-damage|p2a: Great Tusk|62/100
|
|upkeep
|turn|4
|
|t:|1781500677
|switch|p1a: Hatterene|Hatterene, F|100/100
|-end|p2a: Great Tusk|Protosynthesis|[silent]
|switch|p2a: Indeedee|Indeedee, M|100/100
|-fieldstart|move: Psychic Terrain|[from] ability: Psychic Surge|[of] p2a: Indeedee
|
|upkeep
|turn|5
|
|t:|1781500688
|switch|p2a: Primarina|Primarina, M|72/100
|move|p1a: Hatterene|Future Sight|p2a: Primarina
|-start|p1a: Hatterene|move: Future Sight
|
|upkeep
|turn|6
|
|t:|1781500695
|switch|p1a: Amoonguss|Amoonguss, M|100/100
|move|p2a: Primarina|Moonblast|p1a: Amoonguss
|-resisted|p1a: Amoonguss
|-damage|p1a: Amoonguss|73/100
|
|upkeep
|turn|7
|
|t:|1781500705
|move|p2a: Primarina|Psychic Noise|p1a: Amoonguss
|-supereffective|p1a: Amoonguss
|-crit|p1a: Amoonguss
|-damage|p1a: Amoonguss|0 fnt
|faint|p1a: Amoonguss
|
|-end|p2a: Primarina|move: Future Sight
|-damage|p2a: Primarina|33/100
|upkeep
|
|t:|1781500712
|switch|p1a: Iron Valiant|Iron Valiant|91/100
|turn|8
|
|t:|1781500725
|move|p1a: Iron Valiant|Thunderbolt|p2a: Primarina
|-supereffective|p2a: Primarina
|-damage|p2a: Primarina|0 fnt
|faint|p2a: Primarina
|-damage|p1a: Iron Valiant|81/100|[from] item: Life Orb
|
|upkeep
|
|t:|1781500728
|switch|p2a: Great Tusk|Great Tusk|62/100
|turn|9
|
|t:|1781500744
|-end|p1a: Iron Valiant|Quark Drive|[silent]
|switch|p1a: Hatterene|Hatterene, F|100/100
|move|p2a: Great Tusk|Knock Off|p1a: Hatterene
|-damage|p1a: Hatterene|76/100
|-enditem|p1a: Hatterene|Leftovers|[from] move: Knock Off|[of] p2a: Great Tusk
|
|upkeep
|turn|10
|
|t:|1781500754
|move|p2a: Great Tusk|Earthquake|p1a: Hatterene
|-damage|p1a: Hatterene|43/100
|move|p1a: Hatterene|Draining Kiss|p2a: Great Tusk
|-supereffective|p2a: Great Tusk
|-damage|p2a: Great Tusk|1/100
|-heal|p1a: Hatterene|100/100|[from] drain|[of] p2a: Great Tusk
|-damage|p1a: Hatterene|84/100|[from] item: Rocky Helmet|[of] p2a: Great Tusk
|
|upkeep
|turn|11
|
|t:|1781500769
|move|p2a: Great Tusk|Earthquake|p1a: Hatterene
|-damage|p1a: Hatterene|47/100
|move|p1a: Hatterene|Future Sight|p2a: Great Tusk
|-start|p1a: Hatterene|move: Future Sight
|
|-fieldend|move: Psychic Terrain
|upkeep
|turn|12
|
|t:|1781500778
|move|p2a: Great Tusk|Earthquake|p1a: Hatterene
|-damage|p1a: Hatterene|11/100
|move|p1a: Hatterene|Draining Kiss|p2a: Great Tusk
|-supereffective|p2a: Great Tusk
|-damage|p2a: Great Tusk|0 fnt
|-heal|p1a: Hatterene|12/100|[from] drain|[of] p2a: Great Tusk
|-damage|p1a: Hatterene|0 fnt|[from] item: Rocky Helmet|[of] p2a: Great Tusk
|faint|p2a: Great Tusk
|-end|p2a: Great Tusk|Protosynthesis|[silent]
|faint|p1a: Hatterene
|
|upkeep
|inactive|mongwong has 120 seconds left.
|
|t:|1781500810
|switch|p2a: Indeedee|Indeedee, M|100/100
|switch|p1a: Tyranitar|Tyranitar, M|100/100
|-fieldstart|move: Psychic Terrain|[from] ability: Psychic Surge|[of] p2a: Indeedee
|-weather|Sandstorm|[from] ability: Sand Stream|[of] p1a: Tyranitar
|turn|13
|
|t:|1781500817
|switch|p2a: Iron Valiant|Iron Valiant|100/100
|-enditem|p2a: Iron Valiant|Booster Energy
|-activate|p2a: Iron Valiant|ability: Quark Drive|[fromitem]
|-start|p2a: Iron Valiant|quarkdrivespe
|move|p1a: Tyranitar|Knock Off|p2a: Iron Valiant
|-resisted|p2a: Iron Valiant
|-crit|p2a: Iron Valiant
|-damage|p2a: Iron Valiant|86/100
|
|-weather|Sandstorm|[upkeep]
|-damage|p2a: Iron Valiant|80/100|[from] Sandstorm
|-end|p2a: Iron Valiant|move: Future Sight
|-supereffective|p2a: Iron Valiant
|-damage|p2a: Iron Valiant|0 fnt
|faint|p2a: Iron Valiant
|-end|p2a: Iron Valiant|Quark Drive|[silent]
|upkeep
|
|t:|1781500824
|switch|p2a: Hawlucha|Hawlucha, F|100/100
|-enditem|p2a: Hawlucha|Psychic Seed
|-boost|p2a: Hawlucha|spd|1|[from] item: Psychic Seed
|turn|14
|inactive|phreshoatmeal has 120 seconds left.
|
|t:|1781500858
|switch|p1a: Alomomola|Alomomola, M|100/100
|move|p2a: Hawlucha|Swords Dance|p2a: Hawlucha
|-boost|p2a: Hawlucha|atk|2
|
|-weather|Sandstorm|[upkeep]
|-damage|p2a: Hawlucha|94/100|[from] Sandstorm
|-damage|p1a: Alomomola|94/100|[from] Sandstorm
|upkeep
|turn|15
|inactive|phreshoatmeal has 120 seconds left.
|
|t:|1781500881
|move|p2a: Hawlucha|Close Combat|p1a: Alomomola
|-damage|p1a: Alomomola|29/100
|-unboost|p2a: Hawlucha|def|1
|-unboost|p2a: Hawlucha|spd|1
|-enditem|p1a: Alomomola|Eject Button
|
|t:|1781500888
|switch|p1a: Tyranitar|Tyranitar, M|100/100
|
|-weather|Sandstorm|[upkeep]
|-damage|p2a: Hawlucha|88/100|[from] Sandstorm
|upkeep
|turn|16
|
|t:|1781500898
|-terastallize|p1a: Tyranitar|Ghost
|move|p2a: Hawlucha|Acrobatics|p1a: Tyranitar
|-damage|p1a: Tyranitar|23/100
|move|p1a: Tyranitar|Roar|p2a: Hawlucha
|drag|p2a: Polteageist|Polteageist-Antique|100/100
|
|-weather|Sandstorm|[upkeep]
|-damage|p2a: Polteageist|94/100|[from] Sandstorm
|-damage|p1a: Tyranitar|16/100|[from] Sandstorm
|upkeep
|turn|17
|
|t:|1781500921
|switch|p1a: Excadrill|Excadrill, F|100/100
|move|p2a: Polteageist|Giga Drain|p1a: Excadrill
|-damage|p1a: Excadrill|59/100
|-heal|p2a: Polteageist|100/100|[from] drain|[of] p1a: Excadrill
|
|-weather|Sandstorm|[upkeep]
|-damage|p2a: Polteageist|94/100|[from] Sandstorm
|upkeep
|turn|18
|
|t:|1781500929
|-terastallize|p2a: Polteageist|Grass
|move|p1a: Excadrill|Iron Head|p2a: Polteageist
|-damage|p2a: Polteageist|0 fnt
|faint|p2a: Polteageist
|
|-weather|Sandstorm|[upkeep]
|upkeep
|
|t:|1781500933
|switch|p2a: Hawlucha|Hawlucha, F|88/100
|turn|19
|
|t:|1781500939
|move|p1a: Excadrill|Iron Head|p2a: Hawlucha
|-damage|p2a: Hawlucha|0 fnt
|faint|p2a: Hawlucha
|
|-weather|Sandstorm|[upkeep]
|upkeep
|-message|mongwong forfeited.
|
|win|phreshoatmeal
|raw|phreshoatmeal's rating: 1754 &rarr; <strong>1771</strong><br />(+17 for winning)
|raw|mongwong's rating: 1708 &rarr; <strong>1691</strong><br />(-17 for losing)
|l|☆mongwong
|player|p2|
|l|☆phreshoatmeal
|player|p1|
