|j|☆retsewe
|j|☆Floundso
|t:|1781119546
|gametype|singles
|player|p1|retsewe|101|1654
|player|p2|Floundso|giovanni|1731
|gen|9
|tier|[Gen 9] OU
|rated|
|rule|HP Percentage Mod: HP is shown in percentages
|rule|Endless Battle Clause: Forcing endless battles is banned
|rule|Species Clause: Limit one of each Pokémon
|rule|OHKO Clause: OHKO moves are banned
|rule|Evasion Items Clause: Evasion items are banned
|rule|Evasion Moves Clause: Evasion moves are banned
|rule|Evasion Abilities Clause: Evasion abilities are banned
|rule|Sleep Moves Clause: Sleep-inducing moves are banned
|clearpoke
|poke|p1|Kyurem|
|poke|p1|Grimmsnarl, M|
|poke|p1|Gyarados, M|
|poke|p1|Dragonite, M|
|poke|p1|Hatterene, F|
|poke|p1|Heatran, F|
|poke|p2|Hoopa-Unbound|
|poke|p2|Pecharunt|
|poke|p2|Landorus-Therian, M|
|poke|p2|Cinderace, M|
|poke|p2|Alomomola, M|
|poke|p2|Iron Valiant|
|teampreview
|inactive|Battle timer is ON: inactive players will automatically lose when time's up. (requested by retsewe)
|
|t:|1781119562
|teamsize|p1|6
|teamsize|p2|6
|start
|switch|p1a: Hatterene|Hatterene, F|100/100
|switch|p2a: Calamity|Iron Valiant, shiny|100/100
|turn|1
|
|t:|1781119569
|-end|p2a: Calamity|Quark Drive|[silent]
|switch|p2a: Enten|Landorus-Therian, M, shiny|100/100
|-ability|p2a: Enten|Intimidate|boost
|-unboost|p1a: Hatterene|atk|1
|move|p1a: Hatterene|Nuzzle|p2a: Enten
|-immune|p2a: Enten
|
|upkeep
|turn|2
|
|t:|1781119584
|move|p2a: Enten|U-turn|p1a: Hatterene
|-damage|p1a: Hatterene|76/100
|
|t:|1781119595
|switch|p2a: Liberacy|Cinderace, M, shiny|100/100|[from] U-turn
|move|p1a: Hatterene|Calm Mind|p1a: Hatterene
|-boost|p1a: Hatterene|spa|1
|-boost|p1a: Hatterene|spd|1
|
|-heal|p1a: Hatterene|82/100|[from] item: Leftovers
|upkeep
|turn|3
|inactive|retsewe has 120 seconds left.
|
|t:|1781119639
|move|p2a: Liberacy|Pyro Ball|p1a: Hatterene
|-damage|p1a: Hatterene|25/100
|move|p1a: Hatterene|Nuzzle|p2a: Liberacy
|-damage|p2a: Liberacy|97/100
|-status|p2a: Liberacy|par
|
|-heal|p1a: Hatterene|31/100|[from] item: Leftovers
|upkeep
|turn|4
|
|t:|1781119649
|move|p2a: Liberacy|U-turn|p1a: Hatterene
|-start|p2a: Liberacy|typechange|Bug|[from] ability: Libero
|-damage|p1a: Hatterene|0 fnt
|faint|p1a: Hatterene
|
|t:|1781119656
|switch|p2a: Calamity|Iron Valiant, shiny|100/100|[from] U-turn
|
|upkeep
|inactive|retsewe has 120 seconds left.
|
|t:|1781119672
|switch|p1a: Heatran|Heatran, F|100/100
|turn|5
|
|t:|1781119679
|-end|p2a: Calamity|Quark Drive|[silent]
|switch|p2a: Pisces|Alomomola, M, shiny|100/100
|move|p1a: Heatran|Flamethrower|p2a: Pisces
|-resisted|p2a: Pisces
|-damage|p2a: Pisces|88/100
|
|upkeep
|turn|6
|inactive|retsewe has 120 seconds left.
|
|t:|1781119686
|switch|p1a: Kyurem|Kyurem|100/100
|-ability|p1a: Kyurem|Pressure
|move|p2a: Pisces|Flip Turn|p1a: Kyurem
|-resisted|p1a: Kyurem
|-damage|p1a: Kyurem|92/100
|
|t:|1781119696
|switch|p2a: Calamity|Iron Valiant, shiny|100/100|[from] Flip Turn
|
|upkeep
|turn|7
|
|t:|1781119703
|-terastallize|p1a: Kyurem|Ice
|move|p2a: Calamity|Moonblast|p1a: Kyurem
|-damage|p1a: Kyurem|25/100
|move|p1a: Kyurem|Ice Beam|p2a: Calamity
|-damage|p2a: Calamity|0 fnt
|faint|p2a: Calamity
|-end|p2a: Calamity|Quark Drive|[silent]
|
|upkeep
|
|t:|1781119711
|switch|p2a: Enten|Landorus-Therian, M, shiny|100/100
|-ability|p2a: Enten|Intimidate|boost
|-unboost|p1a: Kyurem|atk|1
|turn|8
|
|t:|1781119717
|move|p2a: Enten|Stone Edge|p1a: Kyurem|[miss]
|-miss|p2a: Enten|p1a: Kyurem
|move|p1a: Kyurem|Ice Beam|p2a: Enten
|-supereffective|p2a: Enten
|-damage|p2a: Enten|0 fnt
|faint|p2a: Enten
|
|upkeep
|
|t:|1781119720
|switch|p2a: Pisces|Alomomola, M, shiny|100/100
|turn|9
|
|t:|1781119727
|move|p1a: Kyurem|Freeze-Dry|p2a: Pisces
|-supereffective|p2a: Pisces
|-damage|p2a: Pisces|38/100
|move|p2a: Pisces|Flip Turn|p1a: Kyurem
|-damage|p1a: Kyurem|8/100
|
|t:|1781119735
|switch|p2a: Liberacy|Cinderace, M, shiny|97/100 par|[from] Flip Turn
|
|upkeep
|turn|10
|
|t:|1781119740
|move|p2a: Liberacy|Sucker Punch|p1a: Kyurem
|-start|p2a: Liberacy|typechange|Dark|[from] ability: Libero
|-damage|p1a: Kyurem|0 fnt
|faint|p1a: Kyurem
|
|upkeep
|
|t:|1781119747
|switch|p1a: Grimmsnarl|Grimmsnarl, M, shiny|100/100
|turn|11
|
|t:|1781119752
|switch|p2a: Overseer|Pecharunt|100/100
|move|p1a: Grimmsnarl|Spirit Break|p2a: Overseer
|-resisted|p2a: Overseer
|-damage|p2a: Overseer|93/100
|-unboost|p2a: Overseer|spa|1
|
|upkeep
|turn|12
|
|t:|1781119761
|switch|p1a: Heatran|Heatran, F|100/100
|move|p2a: Overseer|Malignant Chain|p1a: Heatran
|-immune|p1a: Heatran
|
|upkeep
|turn|13
|
|t:|1781119768
|switch|p2a: Pisces|Alomomola, M, shiny|72/100
|move|p1a: Heatran|Stealth Rock|p2a: Pisces
|-sidestart|p2: Floundso|move: Stealth Rock
|
|upkeep
|turn|14
|
|t:|1781119778
|switch|p1a: Grimmsnarl|Grimmsnarl, M, shiny|100/100
|move|p2a: Pisces|Body Slam|p1a: Grimmsnarl
|-damage|p1a: Grimmsnarl|82/100
|
|-heal|p1a: Grimmsnarl|88/100|[from] item: Leftovers
|upkeep
|turn|15
|
|t:|1781119787
|move|p1a: Grimmsnarl|Bulk Up|p1a: Grimmsnarl
|-boost|p1a: Grimmsnarl|atk|1
|-boost|p1a: Grimmsnarl|def|1
|move|p2a: Pisces|Flip Turn|p1a: Grimmsnarl
|-damage|p1a: Grimmsnarl|74/100
|
|t:|1781119793
|switch|p2a: Overseer|Pecharunt|93/100|[from] Flip Turn
|
|-heal|p1a: Grimmsnarl|80/100|[from] item: Leftovers
|upkeep
|turn|16
|
|t:|1781119800
|move|p1a: Grimmsnarl|Sucker Punch|p2a: Overseer
|-supereffective|p2a: Overseer
|-damage|p2a: Overseer|43/100
|move|p2a: Overseer|Malignant Chain|p1a: Grimmsnarl
|-supereffective|p1a: Grimmsnarl
|-damage|p1a: Grimmsnarl|31/100
|
|-heal|p1a: Grimmsnarl|37/100|[from] item: Leftovers
|upkeep
|turn|17
|
|t:|1781119809
|move|p2a: Overseer|Recover|p2a: Overseer
|-heal|p2a: Overseer|93/100
|move|p1a: Grimmsnarl|Spirit Break|p2a: Overseer
|-resisted|p2a: Overseer
|-damage|p2a: Overseer|80/100
|-unboost|p2a: Overseer|spa|1
|
|-heal|p1a: Grimmsnarl|43/100|[from] item: Leftovers
|upkeep
|turn|18
|
|t:|1781119822
|move|p1a: Grimmsnarl|Sucker Punch||[still]
|-fail|p1a: Grimmsnarl
|move|p2a: Overseer|Recover|p2a: Overseer
|-heal|p2a: Overseer|100/100
|
|-heal|p1a: Grimmsnarl|49/100|[from] item: Leftovers
|upkeep
|turn|19
|
|t:|1781119829
|move|p2a: Overseer|Malignant Chain|p1a: Grimmsnarl
|-supereffective|p1a: Grimmsnarl
|-damage|p1a: Grimmsnarl|14/100
|move|p1a: Grimmsnarl|Spirit Break|p2a: Overseer
|-resisted|p2a: Overseer
|-damage|p2a: Overseer|89/100
|-unboost|p2a: Overseer|spa|1
|
|-heal|p1a: Grimmsnarl|21/100|[from] item: Leftovers
|upkeep
|turn|20
|
|t:|1781119841
|move|p1a: Grimmsnarl|Sucker Punch||[still]
|-fail|p1a: Grimmsnarl
|move|p2a: Overseer|Parting Shot|p1a: Grimmsnarl
|-unboost|p1a: Grimmsnarl|atk|1
|-unboost|p1a: Grimmsnarl|spa|1
|
|t:|1781119844
|switch|p2a: Pisces|Alomomola, M, shiny|100/100|[from] Parting Shot
|-damage|p2a: Pisces|88/100|[from] Stealth Rock
|
|-heal|p1a: Grimmsnarl|27/100|[from] item: Leftovers
|upkeep
|turn|21
|
|t:|1781119853
|move|p1a: Grimmsnarl|Spirit Break|p2a: Pisces
|-damage|p2a: Pisces|64/100
|-unboost|p2a: Pisces|spa|1
|move|p2a: Pisces|Flip Turn|p1a: Grimmsnarl
|-damage|p1a: Grimmsnarl|13/100
|
|t:|1781119857
|switch|p2a: Overseer|Pecharunt|89/100|[from] Flip Turn
|
|-heal|p1a: Grimmsnarl|19/100|[from] item: Leftovers
|upkeep
|turn|22
|
|t:|1781119865
|move|p1a: Grimmsnarl|Taunt|p2a: Overseer
|-start|p2a: Overseer|move: Taunt
|move|p2a: Overseer|Malignant Chain|p1a: Grimmsnarl
|-supereffective|p1a: Grimmsnarl
|-damage|p1a: Grimmsnarl|0 fnt
|faint|p1a: Grimmsnarl
|
|upkeep
|
|t:|1781119884
|switch|p1a: Heatran|Heatran, F|100/100
|turn|23
|
|t:|1781119887
|switch|p1a: Dragonite|Dragonite, M|100/100
|switch|p2a: Pisces|Alomomola, M, shiny|97/100
|-damage|p2a: Pisces|85/100|[from] Stealth Rock
|
|upkeep
|turn|24
|
|t:|1781119894
|move|p1a: Dragonite|Dragon Dance|p1a: Dragonite
|-boost|p1a: Dragonite|atk|1
|-boost|p1a: Dragonite|spe|1
|move|p2a: Pisces|Flip Turn|p1a: Dragonite
|-resisted|p1a: Dragonite
|-damage|p1a: Dragonite|96/100
|
|t:|1781119898
|switch|p2a: Overseer|Pecharunt|89/100|[from] Flip Turn
|
|upkeep
|turn|25
|
|t:|1781119904
|-terastallize|p2a: Overseer|Dark
|move|p1a: Dragonite|Earthquake|p2a: Overseer
|-damage|p2a: Overseer|63/100
|move|p2a: Overseer|Foul Play|p1a: Dragonite
|-damage|p1a: Dragonite|0 fnt
|faint|p1a: Dragonite
|
|upkeep
|-message|retsewe forfeited.
|
|win|Floundso
|raw|retsewe's rating: 1654 &rarr; <strong>1638</strong><br />(-16 for losing)
|raw|Floundso's rating: 1731 &rarr; <strong>1747</strong><br />(+16 for winning)
|l|☆retsewe
|player|p1|
|l|☆Floundso
|player|p2|
