|j|☆Derevien
|j|☆Mca player 11
|t:|1781029895
|gametype|singles
|player|p1|Derevien|pokemonbreederf-gen4|1520
|player|p2|Mca player 11|skierf|1542
|gen|9
|tier|[Gen 9] OU
|rated|
|rule|HP Percentage Mod: HP is shown in percentages
|rule|Endless Battle Clause: Forcing endless battles is banned
|rule|Species Clause: Limit one of each Pokémon
|rule|OHKO Clause: OHKO moves are banned
|rule|Evasion Items Clause: Evasion items are banned
|rule|Evasion Moves Clause: Evasion moves are banned
|rule|Evasion Abilities Clause: Evasion abilities are banned
|rule|Sleep Moves Clause: Sleep-inducing moves are banned
|clearpoke
|poke|p1|Blaziken, F|
|poke|p1|Alomomola, F|
|poke|p1|Rillaboom, F|
|poke|p1|Slowking-Galar, M|
|poke|p1|Ting-Lu|
|poke|p1|Weezing-Galar, M|
|poke|p2|Deoxys-Speed|
|poke|p2|Iron Moth|
|poke|p2|Zamazenta-*|
|poke|p2|Gholdengo|
|poke|p2|Rillaboom, M|
|poke|p2|Iron Jugulis|
|teampreview
|
|t:|1781029918
|teamsize|p1|6
|teamsize|p2|6
|start
|switch|p1a: Slowking|Slowking-Galar, M|100/100
|switch|p2a: Deoxys|Deoxys-Speed|100/100
|-ability|p2a: Deoxys|Pressure
|turn|1
|
|t:|1781029922
|move|p2a: Deoxys|Spikes|p1a: Slowking
|-sidestart|p1: Derevien|Spikes
|move|p1a: Slowking|Sludge Bomb|p2a: Deoxys
|-damage|p2a: Deoxys|62/100
|
|upkeep
|turn|2
|
|t:|1781029925
|move|p2a: Deoxys|Spikes|p1a: Slowking
|-sidestart|p1: Derevien|Spikes
|move|p1a: Slowking|Sludge Bomb|p2a: Deoxys
|-damage|p2a: Deoxys|22/100
|
|upkeep
|turn|3
|
|t:|1781029928
|move|p2a: Deoxys|Pain Split|p1a: Slowking
|-sethp|p1a: Slowking|59/100|[from] move: Pain Split|[silent]
|-sethp|p2a: Deoxys|76/100|[from] move: Pain Split
|move|p1a: Slowking|Sludge Bomb|p2a: Deoxys
|-damage|p2a: Deoxys|34/100
|
|upkeep
|turn|4
|
|t:|1781029930
|move|p2a: Deoxys|Stealth Rock|p1a: Slowking
|-sidestart|p1: Derevien|move: Stealth Rock
|move|p1a: Slowking|Sludge Bomb|p2a: Deoxys
|-damage|p2a: Deoxys|0 fnt
|faint|p2a: Deoxys
|
|upkeep
|
|t:|1781029933
|switch|p2a: Iron Jugulis|Iron Jugulis, shiny|100/100
|-enditem|p2a: Iron Jugulis|Booster Energy
|-activate|p2a: Iron Jugulis|ability: Quark Drive|[fromitem]
|-start|p2a: Iron Jugulis|quarkdrivespe
|turn|5
|
|t:|1781029936
|switch|p1a: Ting-Lu|Ting-Lu|100/100
|-damage|p1a: Ting-Lu|84/100|[from] Spikes
|-damage|p1a: Ting-Lu|78/100|[from] Stealth Rock
|-ability|p1a: Ting-Lu|Vessel of Ruin
|move|p2a: Iron Jugulis|Knock Off|p1a: Ting-Lu
|-resisted|p1a: Ting-Lu
|-damage|p1a: Ting-Lu|70/100
|-enditem|p1a: Ting-Lu|Leftovers|[from] move: Knock Off|[of] p2a: Iron Jugulis
|
|upkeep
|turn|6
|
|t:|1781029940
|move|p2a: Iron Jugulis|Taunt|p1a: Ting-Lu
|-start|p1a: Ting-Lu|move: Taunt
|cant|p1a: Ting-Lu|move: Taunt|Stealth Rock
|
|upkeep
|turn|7
|
|t:|1781029943
|move|p2a: Iron Jugulis|Earth Power|p1a: Ting-Lu
|-damage|p1a: Ting-Lu|58/100
|move|p1a: Ting-Lu|Ruination|p2a: Iron Jugulis
|-damage|p2a: Iron Jugulis|51/100
|
|upkeep
|turn|8
|
|t:|1781029946
|move|p2a: Iron Jugulis|Earth Power|p1a: Ting-Lu
|-damage|p1a: Ting-Lu|45/100
|-unboost|p1a: Ting-Lu|spd|1
|move|p1a: Ting-Lu|Ruination|p2a: Iron Jugulis
|-damage|p2a: Iron Jugulis|26/100
|
|-end|p1a: Ting-Lu|move: Taunt
|upkeep
|turn|9
|
|t:|1781029949
|switch|p1a: Rillaboom|Rillaboom, F|100/100
|-damage|p1a: Rillaboom|84/100|[from] Spikes
|-damage|p1a: Rillaboom|72/100|[from] Stealth Rock
|-fieldstart|move: Grassy Terrain|[from] ability: Grassy Surge|[of] p1a: Rillaboom
|move|p2a: Iron Jugulis|Taunt|p1a: Rillaboom
|-start|p1a: Rillaboom|move: Taunt
|
|-heal|p1a: Rillaboom|78/100|[from] Grassy Terrain
|upkeep
|turn|10
|
|t:|1781029952
|-end|p2a: Iron Jugulis|Quark Drive|[silent]
|switch|p2a: Iron Moth|Iron Moth, shiny|100/100
|-enditem|p2a: Iron Moth|Booster Energy
|-activate|p2a: Iron Moth|ability: Quark Drive|[fromitem]
|-start|p2a: Iron Moth|quarkdrivespe
|move|p1a: Rillaboom|Grassy Glide|p2a: Iron Moth
|-resisted|p2a: Iron Moth
|-damage|p2a: Iron Moth|78/100
|
|-heal|p2a: Iron Moth|84/100|[from] Grassy Terrain
|-heal|p1a: Rillaboom|84/100|[from] Grassy Terrain
|upkeep
|turn|11
|
|t:|1781029956
|switch|p1a: Slowking|Slowking-Galar, M|92/100
|move|p2a: Iron Moth|Fiery Dance|p1a: Slowking
|-damage|p1a: Slowking|69/100
|
|-heal|p2a: Iron Moth|90/100|[from] Grassy Terrain
|-heal|p1a: Slowking|75/100|[from] Grassy Terrain
|upkeep
|turn|12
|
|t:|1781029959
|move|p2a: Iron Moth|Fiery Dance|p1a: Slowking
|-damage|p1a: Slowking|51/100
|-boost|p2a: Iron Moth|spa|1
|move|p1a: Slowking|Future Sight|p2a: Iron Moth
|-start|p1a: Slowking|move: Future Sight
|
|-heal|p2a: Iron Moth|96/100|[from] Grassy Terrain
|-heal|p1a: Slowking|57/100|[from] Grassy Terrain
|upkeep
|turn|13
|
|t:|1781029962
|move|p2a: Iron Moth|Fiery Dance|p1a: Slowking
|-damage|p1a: Slowking|22/100
|-boost|p2a: Iron Moth|spa|1
|-prepare|p1a: Slowking|Chilly Reception|[premajor]
|move|p1a: Slowking|Chilly Reception|p1a: Slowking
|-weather|Snowscape
|
|t:|1781029979
|switch|p1a: Blaziken|Blaziken, F|100/100|[from] Chilly Reception
|-damage|p1a: Blaziken|84/100|[from] Spikes
|-damage|p1a: Blaziken|72/100|[from] Stealth Rock
|
|-weather|Snowscape|[upkeep]
|-heal|p2a: Iron Moth|100/100|[from] Grassy Terrain
|-heal|p1a: Blaziken|78/100|[from] Grassy Terrain
|-fieldend|move: Grassy Terrain
|upkeep
|turn|14
|
|t:|1781029984
|move|p1a: Blaziken|Protect|p1a: Blaziken
|-singleturn|p1a: Blaziken|Protect
|move|p2a: Iron Moth|Sludge Wave|p1a: Blaziken
|-activate|p1a: Blaziken|move: Protect
|
|-weather|Snowscape|[upkeep]
|-end|p2a: Iron Moth|move: Future Sight
|-supereffective|p2a: Iron Moth
|-damage|p2a: Iron Moth|6/100
|-ability|p1a: Blaziken|Speed Boost|boost
|-boost|p1a: Blaziken|spe|1
|upkeep
|turn|15
|
|t:|1781029990
|switch|p1a: Ting-Lu|Ting-Lu|45/100
|-damage|p1a: Ting-Lu|29/100|[from] Spikes
|-damage|p1a: Ting-Lu|22/100|[from] Stealth Rock
|-ability|p1a: Ting-Lu|Vessel of Ruin
|move|p2a: Iron Moth|Sludge Wave|p1a: Ting-Lu
|-resisted|p1a: Ting-Lu
|-crit|p1a: Ting-Lu
|-damage|p1a: Ting-Lu|0 fnt
|faint|p1a: Ting-Lu
|
|-weather|Snowscape|[upkeep]
|upkeep
|
|t:|1781029991
|switch|p1a: Rillaboom|Rillaboom, F|84/100
|-damage|p1a: Rillaboom|68/100|[from] Spikes
|-damage|p1a: Rillaboom|55/100|[from] Stealth Rock
|-fieldstart|move: Grassy Terrain|[from] ability: Grassy Surge|[of] p1a: Rillaboom
|turn|16
|
|t:|1781029994
|-end|p2a: Iron Moth|Quark Drive|[silent]
|switch|p2a: Gholdengo|Gholdengo, shiny|100/100
|-enditem|p2a: Gholdengo|Grassy Seed
|-boost|p2a: Gholdengo|def|1|[from] item: Grassy Seed
|move|p1a: Rillaboom|Grassy Glide|p2a: Gholdengo
|-resisted|p2a: Gholdengo
|-damage|p2a: Gholdengo|82/100
|
|-weather|Snowscape|[upkeep]
|-heal|p1a: Rillaboom|61/100|[from] Grassy Terrain
|-heal|p2a: Gholdengo|88/100|[from] Grassy Terrain
|upkeep
|turn|17
|
|t:|1781030003
|switch|p1a: Blaziken|Blaziken, F|78/100
|-damage|p1a: Blaziken|61/100|[from] Spikes
|-damage|p1a: Blaziken|49/100|[from] Stealth Rock
|move|p2a: Gholdengo|Nasty Plot|p2a: Gholdengo
|-boost|p2a: Gholdengo|spa|2
|
|-weather|none
|-heal|p1a: Blaziken|55/100|[from] Grassy Terrain
|-heal|p2a: Gholdengo|94/100|[from] Grassy Terrain
|upkeep
|turn|18
|
|t:|1781030009
|-terastallize|p2a: Gholdengo|Water
|move|p1a: Blaziken|Swords Dance|p1a: Blaziken
|-boost|p1a: Blaziken|atk|2
|move|p2a: Gholdengo|Shadow Ball|p1a: Blaziken
|-damage|p1a: Blaziken|0 fnt
|faint|p1a: Blaziken
|
|-heal|p2a: Gholdengo|100/100|[from] Grassy Terrain
|upkeep
|
|t:|1781030013
|switch|p1a: Rillaboom|Rillaboom, F|61/100
|-damage|p1a: Rillaboom|45/100|[from] Spikes
|-damage|p1a: Rillaboom|33/100|[from] Stealth Rock
|turn|19
|
|t:|1781030020
|switch|p2a: Iron Moth|Iron Moth, shiny|6/100
|-terastallize|p1a: Rillaboom|Grass
|move|p1a: Rillaboom|Grassy Glide|p2a: Iron Moth
|-resisted|p2a: Iron Moth
|-damage|p2a: Iron Moth|0 fnt
|faint|p2a: Iron Moth
|-end|p2a: Iron Moth|Quark Drive|[silent]
|
|-heal|p1a: Rillaboom|39/100|[from] Grassy Terrain
|upkeep
|
|t:|1781030024
|switch|p2a: Zamazenta|Zamazenta, shiny|100/100
|-ability|p2a: Zamazenta|Dauntless Shield|boost
|-boost|p2a: Zamazenta|def|1
|turn|20
|
|t:|1781030027
|switch|p2a: Gholdengo|Gholdengo, shiny, tera:Water|100/100
|switch|p1a: Weezing|Weezing-Galar, M|100/100
|-ability|p1a: Weezing|Neutralizing Gas
|
|-fieldend|move: Grassy Terrain
|upkeep
|turn|21
|
|t:|1781030031
|move|p2a: Gholdengo|Make It Rain|p1a: Weezing
|-supereffective|p1a: Weezing
|-damage|p1a: Weezing|0 fnt
|-unboost|p2a: Gholdengo|spa|1
|faint|p1a: Weezing
|-end|p1a: Weezing|ability: Neutralizing Gas
|
|upkeep
|
|t:|1781030034
|switch|p1a: Slowking|Slowking-Galar, M|55/100
|turn|22
|
|t:|1781030038
|switch|p2a: Rillaboom|Rillaboom, M, shiny|100/100
|-fieldstart|move: Grassy Terrain|[from] ability: Grassy Surge|[of] p2a: Rillaboom
|move|p1a: Slowking|Future Sight|p2a: Rillaboom
|-start|p1a: Slowking|move: Future Sight
|
|-heal|p1a: Slowking|61/100|[from] Grassy Terrain
|upkeep
|turn|23
|
|t:|1781030042
|move|p2a: Rillaboom|Knock Off|p1a: Slowking
|-supereffective|p1a: Slowking
|-damage|p1a: Slowking|0 fnt
|-enditem|p1a: Slowking|Heavy-Duty Boots|[from] move: Knock Off|[of] p2a: Rillaboom
|faint|p1a: Slowking
|-damage|p2a: Rillaboom|91/100|[from] item: Life Orb
|
|-heal|p2a: Rillaboom|97/100|[from] Grassy Terrain
|upkeep
|
|t:|1781030046
|switch|p1a: Alomomola|Alomomola, F|100/100
|turn|24
|
|t:|1781030054
|switch|p2a: Iron Jugulis|Iron Jugulis, shiny|26/100
|move|p1a: Alomomola|Wish|p1a: Alomomola
|
|-end|p2a: Iron Jugulis|move: Future Sight
|-immune|p2a: Iron Jugulis
|upkeep
|turn|25
|
|t:|1781030057
|move|p2a: Iron Jugulis|Knock Off|p1a: Alomomola
|-damage|p1a: Alomomola|83/100
|-enditem|p1a: Alomomola|Heavy-Duty Boots|[from] move: Knock Off|[of] p2a: Iron Jugulis
|move|p1a: Alomomola|Flip Turn|p2a: Iron Jugulis
|-damage|p2a: Iron Jugulis|5/100
|
|t:|1781030059
|switch|p1a: Rillaboom|Rillaboom, F, tera:Grass|39/100|[from] Flip Turn
|-damage|p1a: Rillaboom|22/100|[from] Spikes
|-damage|p1a: Rillaboom|10/100|[from] Stealth Rock
|
|-heal|p1a: Rillaboom|79/100|[from] move: Wish|[wisher] Alomomola
|-heal|p1a: Rillaboom|86/100|[from] Grassy Terrain
|upkeep
|turn|26
|
|t:|1781030064
|move|p1a: Rillaboom|Grassy Glide|p2a: Iron Jugulis
|-resisted|p2a: Iron Jugulis
|-damage|p2a: Iron Jugulis|0 fnt
|faint|p2a: Iron Jugulis
|-end|p2a: Iron Jugulis|Quark Drive|[silent]
|
|-heal|p1a: Rillaboom|92/100|[from] Grassy Terrain
|-fieldend|move: Grassy Terrain
|upkeep
|
|t:|1781030067
|switch|p2a: Zamazenta|Zamazenta, shiny|100/100
|turn|27
|
|t:|1781030073
|switch|p1a: Alomomola|Alomomola, F|100/100
|-damage|p1a: Alomomola|84/100|[from] Spikes
|-damage|p1a: Alomomola|72/100|[from] Stealth Rock
|move|p2a: Zamazenta|Close Combat|p1a: Alomomola
|-damage|p1a: Alomomola|16/100
|-unboost|p2a: Zamazenta|def|1
|-unboost|p2a: Zamazenta|spd|1
|
|upkeep
|turn|28
|
|t:|1781030080
|move|p2a: Zamazenta|Close Combat|p1a: Alomomola
|-damage|p1a: Alomomola|0 fnt
|-unboost|p2a: Zamazenta|def|1
|-unboost|p2a: Zamazenta|spd|1
|faint|p1a: Alomomola
|
|upkeep
|
|t:|1781030081
|switch|p1a: Rillaboom|Rillaboom, F, tera:Grass|92/100
|-damage|p1a: Rillaboom|75/100|[from] Spikes
|-damage|p1a: Rillaboom|63/100|[from] Stealth Rock
|-fieldstart|move: Grassy Terrain|[from] ability: Grassy Surge|[of] p1a: Rillaboom
|turn|29
|
|t:|1781030084
|switch|p2a: Rillaboom|Rillaboom, M, shiny|97/100
|move|p1a: Rillaboom|Grassy Glide|p2a: Rillaboom
|-resisted|p2a: Rillaboom
|-damage|p2a: Rillaboom|57/100
|
|-heal|p1a: Rillaboom|69/100|[from] Grassy Terrain
|-heal|p2a: Rillaboom|63/100|[from] Grassy Terrain
|upkeep
|turn|30
|
|t:|1781030087
|move|p1a: Rillaboom|Grassy Glide|p2a: Rillaboom
|-resisted|p2a: Rillaboom
|-damage|p2a: Rillaboom|19/100
|move|p2a: Rillaboom|Knock Off|p1a: Rillaboom
|-damage|p1a: Rillaboom|17/100
|-enditem|p1a: Rillaboom|Choice Band|[from] move: Knock Off|[of] p2a: Rillaboom
|-damage|p2a: Rillaboom|9/100|[from] item: Life Orb
|
|-heal|p2a: Rillaboom|15/100|[from] Grassy Terrain
|-heal|p1a: Rillaboom|23/100|[from] Grassy Terrain
|upkeep
|turn|31
|
|t:|1781030089
|move|p1a: Rillaboom|Grassy Glide|p2a: Rillaboom
|-resisted|p2a: Rillaboom
|-damage|p2a: Rillaboom|0 fnt
|faint|p2a: Rillaboom
|
|-heal|p1a: Rillaboom|29/100|[from] Grassy Terrain
|upkeep
|
|t:|1781030090
|switch|p2a: Zamazenta|Zamazenta, shiny|100/100
|turn|32
|
|t:|1781030092
|move|p1a: Rillaboom|Grassy Glide|p2a: Zamazenta
|-damage|p2a: Zamazenta|54/100
|move|p2a: Zamazenta|Close Combat|p1a: Rillaboom
|-damage|p1a: Rillaboom|0 fnt
|-unboost|p2a: Zamazenta|def|1
|-unboost|p2a: Zamazenta|spd|1
|faint|p1a: Rillaboom
|
|win|Mca player 11
|raw|Derevien's rating: 1520 &rarr; <strong>1501</strong><br />(-19 for losing)
|raw|Mca player 11's rating: 1542 &rarr; <strong>1561</strong><br />(+19 for winning)
|l|☆Derevien
|player|p1|
