|j|☆tommytt22
|j|☆erjuanzas
|t:|1781511649
|gametype|singles
|player|p1|tommytt22|shadowtriad|1489
|player|p2|erjuanzas|linebacker|1535
|gen|9
|tier|[Gen 9] OU
|rated|
|rule|HP Percentage Mod: HP is shown in percentages
|rule|Endless Battle Clause: Forcing endless battles is banned
|rule|Species Clause: Limit one of each Pokémon
|rule|OHKO Clause: OHKO moves are banned
|rule|Evasion Items Clause: Evasion items are banned
|rule|Evasion Moves Clause: Evasion moves are banned
|rule|Evasion Abilities Clause: Evasion abilities are banned
|rule|Sleep Moves Clause: Sleep-inducing moves are banned
|clearpoke
|poke|p1|Goodra-Hisui, M|
|poke|p1|Alomomola, M|
|poke|p1|Iron Treads|
|poke|p1|Tornadus-Therian, M|
|poke|p1|Zamazenta-*|
|poke|p1|Ogerpon, F|
|poke|p2|Pelipper, F|
|poke|p2|Overqwil, M|
|poke|p2|Barraskewda, M|
|poke|p2|Raging Bolt|
|poke|p2|Iron Treads|
|poke|p2|Kingambit, M|
|teampreview
|
|t:|1781511684
|teamsize|p1|6
|teamsize|p2|6
|start
|switch|p1a: Tornadus|Tornadus-Therian, M|100/100
|switch|p2a: Pelipas|Pelipper, F, shiny|100/100
|-weather|RainDance|[from] ability: Drizzle|[of] p2a: Pelipas
|turn|1
|inactive|Battle timer is ON: inactive players will automatically lose when time's up. (requested by erjuanzas)
|
|t:|1781511699
|switch|p2a: Iron Treads|Iron Treads|100/100
|-enditem|p2a: Iron Treads|Booster Energy
|-activate|p2a: Iron Treads|ability: Quark Drive|[fromitem]
|-start|p2a: Iron Treads|quarkdrivespe
|move|p1a: Tornadus|Knock Off|p2a: Iron Treads
|-damage|p2a: Iron Treads|87/100
|
|-weather|RainDance|[upkeep]
|upkeep
|turn|2
|
|t:|1781511728
|move|p2a: Iron Treads|Stealth Rock|p1a: Tornadus
|-sidestart|p1: tommytt22|move: Stealth Rock
|move|p1a: Tornadus|U-turn|p2a: Iron Treads
|-resisted|p2a: Iron Treads
|-damage|p2a: Iron Treads|81/100
|inactive|tommytt22 has 120 seconds left.
|
|t:|1781511739
|switch|p1a: Alomomola|Alomomola, M|100/100|[from] U-turn
|-damage|p1a: Alomomola|88/100|[from] Stealth Rock
|
|-weather|RainDance|[upkeep]
|upkeep
|turn|3
|
|t:|1781511750
|-end|p2a: Iron Treads|Quark Drive|[silent]
|switch|p2a: Pelipas|Pelipper, F, shiny|100/100
|move|p1a: Alomomola|Tickle|p2a: Pelipas
|-unboost|p2a: Pelipas|atk|1
|-unboost|p2a: Pelipas|def|1
|
|-weather|RainDance|[upkeep]
|upkeep
|turn|4
|
|t:|1781511758
|move|p1a: Alomomola|Wish|p1a: Alomomola
|move|p2a: Pelipas|U-turn|p1a: Alomomola
|-damage|p1a: Alomomola|84/100
|-damage|p2a: Pelipas|84/100|[from] item: Rocky Helmet|[of] p1a: Alomomola
|
|t:|1781511762
|switch|p2a: Raging Bolt|Raging Bolt|100/100|[from] U-turn
|-enditem|p2a: Raging Bolt|Booster Energy
|-activate|p2a: Raging Bolt|ability: Protosynthesis|[fromitem]
|-start|p2a: Raging Bolt|protosynthesisspa
|
|-weather|RainDance|[upkeep]
|upkeep
|turn|5
|
|t:|1781511773
|switch|p1a: Goodra|Goodra-Hisui, M|100/100
|-damage|p1a: Goodra|94/100|[from] Stealth Rock
|move|p2a: Raging Bolt|Thunder|p1a: Goodra
|-resisted|p1a: Goodra
|-damage|p1a: Goodra|66/100
|
|-weather|RainDance|[upkeep]
|-heal|p1a: Goodra|100/100|[from] move: Wish|[wisher] Alomomola
|upkeep
|turn|6
|
|t:|1781511783
|-end|p2a: Raging Bolt|Protosynthesis|[silent]
|switch|p2a: Iron Treads|Iron Treads|81/100
|move|p1a: Goodra|Dragon Tail|p2a: Iron Treads
|-resisted|p2a: Iron Treads
|-damage|p2a: Iron Treads|69/100
|-end|p2a: Iron Treads|Quark Drive|[silent]
|drag|p2a: Overqwil|Overqwil, M|100/100
|
|-weather|RainDance|[upkeep]
|upkeep
|turn|7
|
|t:|1781511805
|move|p2a: Overqwil|Crunch|p1a: Goodra
|-damage|p1a: Goodra|47/100
|-damage|p2a: Overqwil|91/100|[from] item: Life Orb
|move|p1a: Goodra|Curse|p1a: Goodra
|-unboost|p1a: Goodra|spe|1
|-boost|p1a: Goodra|atk|1
|-boost|p1a: Goodra|def|1
|
|-weather|RainDance|[upkeep]
|-heal|p1a: Goodra|53/100|[from] item: Leftovers
|upkeep
|turn|8
|
|t:|1781511824
|move|p2a: Overqwil|Crunch|p1a: Goodra
|-damage|p1a: Goodra|20/100
|-damage|p2a: Overqwil|81/100|[from] item: Life Orb
|move|p1a: Goodra|Life Dew|p1a: Goodra
|-heal|p1a: Goodra|45/100
|
|-weather|none
|-heal|p1a: Goodra|51/100|[from] item: Leftovers
|upkeep
|turn|9
|
|t:|1781511834
|move|p2a: Overqwil|Swords Dance|p2a: Overqwil
|-boost|p2a: Overqwil|atk|2
|move|p1a: Goodra|Gyro Ball|p2a: Overqwil
|-damage|p2a: Overqwil|12/100
|
|-heal|p1a: Goodra|57/100|[from] item: Leftovers
|upkeep
|turn|10
|
|t:|1781511845
|switch|p1a: Alomomola|Alomomola, M|100/100
|-damage|p1a: Alomomola|88/100|[from] Stealth Rock
|move|p2a: Overqwil|Crunch|p1a: Alomomola
|-damage|p1a: Alomomola|25/100
|-damage|p2a: Overqwil|0 fnt|[from] item: Rocky Helmet|[of] p1a: Alomomola
|faint|p2a: Overqwil
|
|upkeep
|
|t:|1781511857
|switch|p2a: La Cabra|Barraskewda, M|100/100
|turn|11
|
|t:|1781511886
|switch|p1a: Ogerpon|Ogerpon, F|100/100
|-terastallize|p2a: La Cabra|Water
|move|p2a: La Cabra|Liquidation|p1a: Ogerpon
|-resisted|p1a: Ogerpon
|-damage|p1a: Ogerpon|36/100
|
|upkeep
|turn|12
|
|t:|1781511892
|move|p2a: La Cabra|Liquidation|p1a: Ogerpon
|-resisted|p1a: Ogerpon
|-crit|p1a: Ogerpon
|-damage|p1a: Ogerpon|0 fnt
|faint|p1a: Ogerpon
|
|upkeep
|
|t:|1781511895
|switch|p1a: Alomomola|Alomomola, M|59/100
|-damage|p1a: Alomomola|46/100|[from] Stealth Rock
|turn|13
|
|t:|1781511899
|switch|p2a: Pelipas|Pelipper, F, shiny|84/100
|-weather|RainDance|[from] ability: Drizzle|[of] p2a: Pelipas
|move|p1a: Alomomola|Wish|p1a: Alomomola
|
|-weather|RainDance|[upkeep]
|upkeep
|turn|14
|
|t:|1781511910
|switch|p2a: Raging Bolt|Raging Bolt|100/100
|move|p1a: Alomomola|Flip Turn|p2a: Raging Bolt
|-resisted|p2a: Raging Bolt
|-damage|p2a: Raging Bolt|89/100
|
|t:|1781511914
|switch|p1a: Goodra|Goodra-Hisui, M|57/100|[from] Flip Turn
|-damage|p1a: Goodra|51/100|[from] Stealth Rock
|
|-weather|RainDance|[upkeep]
|-heal|p1a: Goodra|100/100|[from] move: Wish|[wisher] Alomomola
|upkeep
|turn|15
|
|t:|1781511926
|-end|p2a: Raging Bolt|Protosynthesis|[silent]
|switch|p2a: Iron Treads|Iron Treads|69/100
|move|p1a: Goodra|Curse|p1a: Goodra
|-unboost|p1a: Goodra|spe|1
|-boost|p1a: Goodra|atk|1
|-boost|p1a: Goodra|def|1
|
|-weather|RainDance|[upkeep]
|upkeep
|turn|16
|
|t:|1781511935
|move|p2a: Iron Treads|Earth Power|p1a: Goodra
|-supereffective|p1a: Goodra
|-damage|p1a: Goodra|54/100
|move|p1a: Goodra|Curse|p1a: Goodra
|-unboost|p1a: Goodra|spe|1
|-boost|p1a: Goodra|atk|1
|-boost|p1a: Goodra|def|1
|
|-weather|RainDance|[upkeep]
|-heal|p1a: Goodra|60/100|[from] item: Leftovers
|upkeep
|turn|17
|
|t:|1781511952
|switch|p1a: Tornadus|Tornadus-Therian, M|100/100
|-damage|p1a: Tornadus|76/100|[from] Stealth Rock
|move|p2a: Iron Treads|Earth Power|p1a: Tornadus
|-immune|p1a: Tornadus
|
|-weather|RainDance|[upkeep]
|upkeep
|turn|18
|
|t:|1781511961
|-end|p2a: Iron Treads|Quark Drive|[silent]
|switch|p2a: Kingambit|Kingambit, M|100/100
|-activate|p2a: Kingambit|ability: Supreme Overlord
|-start|p2a: Kingambit|fallen1|[silent]
|move|p1a: Tornadus|Bleakwind Storm|p2a: Kingambit
|-resisted|p2a: Kingambit
|-damage|p2a: Kingambit|82/100
|
|-weather|RainDance|[upkeep]
|-heal|p2a: Kingambit|88/100|[from] item: Leftovers
|upkeep
|turn|19
|
|t:|1781511969
|move|p1a: Tornadus|Knock Off|p2a: Kingambit
|-resisted|p2a: Kingambit
|-damage|p2a: Kingambit|81/100
|-enditem|p2a: Kingambit|Leftovers|[from] move: Knock Off|[of] p1a: Tornadus
|move|p2a: Kingambit|Kowtow Cleave|p1a: Tornadus
|-damage|p1a: Tornadus|12/100
|
|-weather|RainDance|[upkeep]
|upkeep
|turn|20
|j| Schlafparalyse
|
|t:|1781511982
|switch|p1a: Alomomola|Alomomola, M|79/100
|-damage|p1a: Alomomola|67/100|[from] Stealth Rock
|move|p2a: Kingambit|Sucker Punch||[still]
|-fail|p2a: Kingambit
|
|-weather|none
|upkeep
|turn|21
|
|t:|1781511999
|move|p2a: Kingambit|Swords Dance|p2a: Kingambit
|-boost|p2a: Kingambit|atk|2
|move|p1a: Alomomola|Wish|p1a: Alomomola
|
|upkeep
|turn|22
|
|t:|1781512005
|switch|p1a: Zamazenta|Zamazenta|100/100
|-damage|p1a: Zamazenta|94/100|[from] Stealth Rock
|-ability|p1a: Zamazenta|Dauntless Shield|boost
|-boost|p1a: Zamazenta|def|1
|move|p2a: Kingambit|Kowtow Cleave|p1a: Zamazenta
|-resisted|p1a: Zamazenta
|-damage|p1a: Zamazenta|58/100
|
|-heal|p1a: Zamazenta|100/100|[from] move: Wish|[wisher] Alomomola
|upkeep
|turn|23
|
|t:|1781512013
|-end|p2a: Kingambit|fallen1|[silent]
|switch|p2a: Pelipas|Pelipper, F, shiny|84/100
|-weather|RainDance|[from] ability: Drizzle|[of] p2a: Pelipas
|move|p1a: Zamazenta|Close Combat|p2a: Pelipas
|-resisted|p2a: Pelipas
|-damage|p2a: Pelipas|44/100
|-unboost|p1a: Zamazenta|def|1
|-unboost|p1a: Zamazenta|spd|1
|
|-weather|RainDance|[upkeep]
|upkeep
|turn|24
|
|t:|1781512026
|switch|p1a: Goodra|Goodra-Hisui, M|60/100
|-damage|p1a: Goodra|54/100|[from] Stealth Rock
|move|p2a: Pelipas|Roost|p2a: Pelipas
|-heal|p2a: Pelipas|94/100
|-singleturn|p2a: Pelipas|move: Roost
|
|-weather|RainDance|[upkeep]
|-heal|p1a: Goodra|60/100|[from] item: Leftovers
|upkeep
|turn|25
|
|t:|1781512045
|switch|p2a: Iron Treads|Iron Treads|69/100
|move|p1a: Goodra|Dragon Tail|p2a: Iron Treads
|-resisted|p2a: Iron Treads
|-damage|p2a: Iron Treads|55/100
|-end|p2a: Iron Treads|Quark Drive|[silent]
|drag|p2a: Kingambit|Kingambit, M|81/100
|-activate|p2a: Kingambit|ability: Supreme Overlord
|-start|p2a: Kingambit|fallen1|[silent]
|
|-weather|RainDance|[upkeep]
|-heal|p1a: Goodra|66/100|[from] item: Leftovers
|upkeep
|turn|26
|
|t:|1781512053
|switch|p1a: Alomomola|Alomomola, M|99/100
|-damage|p1a: Alomomola|88/100|[from] Stealth Rock
|move|p2a: Kingambit|Kowtow Cleave|p1a: Alomomola
|-damage|p1a: Alomomola|56/100
|-damage|p2a: Kingambit|65/100|[from] item: Rocky Helmet|[of] p1a: Alomomola
|
|-weather|RainDance|[upkeep]
|upkeep
|turn|27
|
|t:|1781512063
|-end|p2a: Kingambit|fallen1|[silent]
|switch|p2a: Raging Bolt|Raging Bolt|89/100
|move|p1a: Alomomola|Flip Turn|p2a: Raging Bolt
|-resisted|p2a: Raging Bolt
|-damage|p2a: Raging Bolt|78/100
|
|t:|1781512067
|switch|p1a: Iron Treads|Iron Treads|100/100|[from] Flip Turn
|-damage|p1a: Iron Treads|97/100|[from] Stealth Rock
|
|-weather|RainDance|[upkeep]
|-heal|p1a: Iron Treads|100/100|[from] item: Leftovers
|upkeep
|turn|28
|
|t:|1781512072
|-end|p2a: Raging Bolt|Protosynthesis|[silent]
|switch|p2a: Pelipas|Pelipper, F, shiny|94/100
|move|p1a: Iron Treads|Earthquake|p2a: Pelipas
|-immune|p2a: Pelipas
|
|-weather|RainDance|[upkeep]
|upkeep
|turn|29
|
|t:|1781512102
|move|p1a: Iron Treads|Stealth Rock|p2a: Pelipas
|-sidestart|p2: erjuanzas|move: Stealth Rock
|move|p2a: Pelipas|Weather Ball|p1a: Iron Treads
|-supereffective|p1a: Iron Treads
|-damage|p1a: Iron Treads|0 fnt
|faint|p1a: Iron Treads
|-end|p1a: Iron Treads|Quark Drive|[silent]
|
|-weather|RainDance|[upkeep]
|upkeep
|inactive|tommytt22 has 120 seconds left.
|
|t:|1781512114
|switch|p1a: Alomomola|Alomomola, M|89/100
|-damage|p1a: Alomomola|77/100|[from] Stealth Rock
|turn|30
|
|t:|1781512116
|move|p2a: Pelipas|U-turn|p1a: Alomomola
|-damage|p1a: Alomomola|71/100
|-damage|p2a: Pelipas|78/100|[from] item: Rocky Helmet|[of] p1a: Alomomola
|
|t:|1781512124
|switch|p2a: Iron Treads|Iron Treads|55/100|[from] U-turn
|-damage|p2a: Iron Treads|52/100|[from] Stealth Rock
|move|p1a: Alomomola|Flip Turn|p2a: Iron Treads
|-supereffective|p2a: Iron Treads
|-damage|p2a: Iron Treads|8/100
|
|t:|1781512133
|switch|p1a: Tornadus|Tornadus-Therian, M|45/100|[from] Flip Turn
|-damage|p1a: Tornadus|20/100|[from] Stealth Rock
|
|-weather|none
|upkeep
|turn|31
|
|t:|1781512154
|move|p1a: Tornadus|Knock Off|p2a: Iron Treads
|-damage|p2a: Iron Treads|0 fnt
|faint|p2a: Iron Treads
|-end|p2a: Iron Treads|Quark Drive|[silent]
|
|upkeep
|
|t:|1781512161
|switch|p2a: Pelipas|Pelipper, F, shiny|78/100
|-damage|p2a: Pelipas|53/100|[from] Stealth Rock
|-weather|RainDance|[from] ability: Drizzle|[of] p2a: Pelipas
|turn|32
|
|t:|1781512166
|move|p1a: Tornadus|Bleakwind Storm|p2a: Pelipas
|-damage|p2a: Pelipas|0 fnt
|faint|p2a: Pelipas
|
|-weather|RainDance|[upkeep]
|upkeep
|
|t:|1781512170
|switch|p2a: Raging Bolt|Raging Bolt|78/100
|-damage|p2a: Raging Bolt|65/100|[from] Stealth Rock
|turn|33
|
|t:|1781512189
|move|p1a: Tornadus|Bleakwind Storm|p2a: Raging Bolt
|-resisted|p2a: Raging Bolt
|-damage|p2a: Raging Bolt|49/100
|move|p2a: Raging Bolt|Thunder|p1a: Tornadus
|-supereffective|p1a: Tornadus
|-damage|p1a: Tornadus|0 fnt
|faint|p1a: Tornadus
|
|-weather|RainDance|[upkeep]
|upkeep
|
|t:|1781512201
|switch|p1a: Zamazenta|Zamazenta|100/100
|-damage|p1a: Zamazenta|94/100|[from] Stealth Rock
|turn|34
|
|t:|1781512205
|move|p2a: Raging Bolt|Thunderclap|p1a: Zamazenta
|-damage|p1a: Zamazenta|58/100
|move|p1a: Zamazenta|Close Combat|p2a: Raging Bolt
|-damage|p2a: Raging Bolt|0 fnt
|-unboost|p1a: Zamazenta|def|1
|-unboost|p1a: Zamazenta|spd|1
|faint|p2a: Raging Bolt
|-end|p2a: Raging Bolt|Protosynthesis|[silent]
|
|-weather|RainDance|[upkeep]
|upkeep
|
|t:|1781512209
|switch|p2a: La Cabra|Barraskewda, M, tera:Water|100/100
|-damage|p2a: La Cabra|88/100|[from] Stealth Rock
|turn|35
|
|t:|1781512213
|switch|p1a: Alomomola|Alomomola, M|100/100
|-damage|p1a: Alomomola|88/100|[from] Stealth Rock
|move|p2a: La Cabra|Liquidation|p1a: Alomomola
|-resisted|p1a: Alomomola
|-damage|p1a: Alomomola|48/100
|-damage|p2a: La Cabra|71/100|[from] item: Rocky Helmet|[of] p1a: Alomomola
|
|-weather|RainDance|[upkeep]
|upkeep
|turn|36
|
|t:|1781512223
|move|p2a: La Cabra|Liquidation|p1a: Alomomola
|-resisted|p1a: Alomomola
|-damage|p1a: Alomomola|3/100
|-unboost|p1a: Alomomola|def|1
|-damage|p2a: La Cabra|55/100|[from] item: Rocky Helmet|[of] p1a: Alomomola
|move|p1a: Alomomola|Wish|p1a: Alomomola
|
|-weather|RainDance|[upkeep]
|upkeep
|turn|37
|
|t:|1781512236
|switch|p1a: Goodra|Goodra-Hisui, M|66/100
|-damage|p1a: Goodra|60/100|[from] Stealth Rock
|move|p2a: La Cabra|Liquidation|p1a: Goodra
|-resisted|p1a: Goodra
|-damage|p1a: Goodra|0 fnt
|faint|p1a: Goodra
|
|-weather|RainDance|[upkeep]
|upkeep
|
|t:|1781512241
|switch|p1a: Alomomola|Alomomola, M|37/100
|-damage|p1a: Alomomola|24/100|[from] Stealth Rock
|turn|38
|c|☆erjuanzas|gg
|
|t:|1781512248
|move|p1a: Alomomola|Protect|p1a: Alomomola
|-singleturn|p1a: Alomomola|Protect
|move|p2a: La Cabra|Liquidation|p1a: Alomomola
|-activate|p1a: Alomomola|move: Protect
|
|-weather|RainDance|[upkeep]
|upkeep
|turn|39
|c|☆tommytt22|gg
|
|t:|1781512262
|move|p2a: La Cabra|Liquidation|p1a: Alomomola
|-resisted|p1a: Alomomola
|-damage|p1a: Alomomola|0 fnt
|-damage|p2a: La Cabra|38/100|[from] item: Rocky Helmet|[of] p1a: Alomomola
|faint|p1a: Alomomola
|
|-weather|none
|upkeep
|
|t:|1781512264
|switch|p1a: Zamazenta|Zamazenta|58/100
|-damage|p1a: Zamazenta|52/100|[from] Stealth Rock
|turn|40
|inactive|erjuanzas has 120 seconds left.
|
|t:|1781512302
|move|p1a: Zamazenta|Close Combat|p2a: La Cabra
|-damage|p2a: La Cabra|0 fnt
|-unboost|p1a: Zamazenta|def|1
|-unboost|p1a: Zamazenta|spd|1
|faint|p2a: La Cabra
|
|upkeep
|
|t:|1781512304
|switch|p2a: Kingambit|Kingambit, M|65/100
|-damage|p2a: Kingambit|58/100|[from] Stealth Rock
|-activate|p2a: Kingambit|ability: Supreme Overlord
|-start|p2a: Kingambit|fallen5|[silent]
|turn|41
|
|t:|1781512307
|move|p2a: Kingambit|Sucker Punch|p1a: Zamazenta
|-resisted|p1a: Zamazenta
|-damage|p1a: Zamazenta|10/100
|move|p1a: Zamazenta|Close Combat|p2a: Kingambit
|-supereffective|p2a: Kingambit
|-damage|p2a: Kingambit|0 fnt
|-unboost|p1a: Zamazenta|def|1
|-unboost|p1a: Zamazenta|spd|1
|faint|p2a: Kingambit
|-end|p2a: Kingambit|fallen5|[silent]
|
|win|tommytt22
|raw|tommytt22's rating: 1489 &rarr; <strong>1512</strong><br />(+23 for winning)
|raw|erjuanzas's rating: 1535 &rarr; <strong>1512</strong><br />(-23 for losing)
|l|☆erjuanzas
|player|p2|
|l|☆tommytt22
|player|p1|
