|j|☆apple sauce mafia
|j|☆CIodSuspectTest
|t:|1781003897
|gametype|singles
|player|p1|apple sauce mafia|2|1521
|player|p2|CIodSuspectTest|169|1569
|gen|9
|tier|[Gen 9] OU
|rated|
|rule|HP Percentage Mod: HP is shown in percentages
|rule|Endless Battle Clause: Forcing endless battles is banned
|rule|Species Clause: Limit one of each Pokémon
|rule|OHKO Clause: OHKO moves are banned
|rule|Evasion Items Clause: Evasion items are banned
|rule|Evasion Moves Clause: Evasion moves are banned
|rule|Evasion Abilities Clause: Evasion abilities are banned
|rule|Sleep Moves Clause: Sleep-inducing moves are banned
|clearpoke
|poke|p1|Weezing-Galar, F|
|poke|p1|Alomomola, M|
|poke|p1|Iron Treads|
|poke|p1|Tornadus-Therian, M|
|poke|p1|Zamazenta-*|
|poke|p1|Lokix, M|
|poke|p2|Zoroark-Hisui, M|
|poke|p2|Zamazenta-*|
|poke|p2|Clodsire, F|
|poke|p2|Ogerpon-Wellspring, F|
|poke|p2|Cinderace, M|
|poke|p2|Deoxys-Speed|
|teampreview
|j| lord shiddenfards
|
|t:|1781003913
|teamsize|p1|6
|teamsize|p2|6
|start
|switch|p1a: Lokix|Lokix, M|100/100
|switch|p2a: Clodsire|Clodsire, F|100/100
|-item|p2a: Clodsire|Air Balloon
|turn|1
|inactive|Battle timer is ON: inactive players will automatically lose when time's up. (requested by CIodSuspectTest)
|
|t:|1781003919
|move|p2a: Clodsire|Protect|p2a: Clodsire
|-singleturn|p2a: Clodsire|Protect
|move|p1a: Lokix|Knock Off|p2a: Clodsire
|-activate|p2a: Clodsire|move: Protect
|
|upkeep
|turn|2
|
|t:|1781003921
|move|p2a: Clodsire|Will-O-Wisp|p1a: Lokix
|-status|p1a: Lokix|brn
|move|p1a: Lokix|Knock Off|p2a: Clodsire
|-supereffective|p2a: Clodsire
|-damage|p2a: Clodsire|0 fnt
|replace|p2a: just zoroark|Zoroark-Hisui, M, shiny
|-end|p2a: just zoroark|Illusion
|-enditem|p2a: just zoroark|Air Balloon
|faint|p2a: just zoroark
|
|-damage|p1a: Lokix|94/100 brn|[from] brn
|upkeep
|
|t:|1781003923
|switch|p2a: Ogerpon|Ogerpon-Wellspring, F|100/100
|turn|3
|
|t:|1781003929
|switch|p1a: Alomomola|Alomomola, M|100/100
|-terastallize|p2a: Ogerpon|Water
|detailschange|p2a: Ogerpon|Ogerpon-Wellspring-Tera, F, tera:Water
|-ability|p2a: Ogerpon|Embody Aspect (Wellspring)|boost
|-boost|p2a: Ogerpon|spd|1
|move|p2a: Ogerpon|Ivy Cudgel|p1a: Alomomola|[anim] Ivy Cudgel Water
|-resisted|p1a: Alomomola
|-damage|p1a: Alomomola|75/100
|
|upkeep
|turn|4
|
|t:|1781003933
|move|p2a: Ogerpon|Horn Leech|p1a: Alomomola
|-supereffective|p1a: Alomomola
|-damage|p1a: Alomomola|17/100
|-damage|p2a: Ogerpon|84/100|[from] item: Rocky Helmet|[of] p1a: Alomomola
|move|p1a: Alomomola|Tickle|p2a: Ogerpon
|-unboost|p2a: Ogerpon|atk|1
|-unboost|p2a: Ogerpon|def|1
|
|upkeep
|turn|5
|
|t:|1781003937
|switch|p1a: Tornadus|Tornadus-Therian, M|100/100
|move|p2a: Ogerpon|Ivy Cudgel|p1a: Tornadus|[anim] Ivy Cudgel Water
|-damage|p1a: Tornadus|41/100
|
|upkeep
|turn|6
|
|t:|1781003943
|switch|p1a: Alomomola|Alomomola, M|50/100
|move|p2a: Ogerpon|Ivy Cudgel|p1a: Alomomola|[anim] Ivy Cudgel Water
|-resisted|p1a: Alomomola
|-damage|p1a: Alomomola|36/100
|
|upkeep
|turn|7
|
|t:|1781003949
|move|p2a: Ogerpon|Horn Leech|p1a: Alomomola
|-supereffective|p1a: Alomomola
|-damage|p1a: Alomomola|0 fnt
|-heal|p2a: Ogerpon|100/100|[from] drain|[of] p1a: Alomomola
|-damage|p2a: Ogerpon|84/100|[from] item: Rocky Helmet|[of] p1a: Alomomola
|faint|p1a: Alomomola
|
|upkeep
|
|t:|1781003954
|switch|p1a: Zamazenta|Zamazenta|100/100
|-ability|p1a: Zamazenta|Dauntless Shield|boost
|-boost|p1a: Zamazenta|def|1
|turn|8
|
|t:|1781003957
|switch|p2a: Clodsire|Clodsire, F|100/100
|move|p1a: Zamazenta|Close Combat|p2a: Clodsire
|-resisted|p2a: Clodsire
|-damage|p2a: Clodsire|49/100
|-unboost|p1a: Zamazenta|def|1
|-unboost|p1a: Zamazenta|spd|1
|
|-heal|p2a: Clodsire|55/100|[from] item: Leftovers
|upkeep
|turn|9
|
|t:|1781003964
|switch|p1a: Iron Treads|Iron Treads|100/100
|move|p2a: Clodsire|Toxic Spikes|p1a: Iron Treads
|-sidestart|p1: apple sauce mafia|move: Toxic Spikes
|
|-heal|p2a: Clodsire|61/100|[from] item: Leftovers
|upkeep
|turn|10
|
|t:|1781003967
|switch|p2a: Zamazenta|Zamazenta|100/100
|-ability|p2a: Zamazenta|Dauntless Shield|boost
|-boost|p2a: Zamazenta|def|1
|move|p1a: Iron Treads|Earthquake|p2a: Zamazenta
|-damage|p2a: Zamazenta|77/100
|
|upkeep
|turn|11
|
|t:|1781003971
|-end|p1a: Iron Treads|Quark Drive|[silent]
|switch|p1a: Weezing|Weezing-Galar, F|100/100
|-ability|p1a: Weezing|Neutralizing Gas
|-sideend|p1: apple sauce mafia|move: Toxic Spikes|[of] p1a: Weezing
|move|p2a: Zamazenta|Close Combat|p1a: Weezing
|-resisted|p1a: Weezing
|-damage|p1a: Weezing|90/100
|-unboost|p2a: Zamazenta|def|1
|-unboost|p2a: Zamazenta|spd|1
|
|-heal|p1a: Weezing|96/100|[from] item: Leftovers
|upkeep
|turn|12
|
|t:|1781003975
|switch|p2a: gay lil chud|Cinderace, M|100/100
|move|p1a: Weezing|Will-O-Wisp|p2a: gay lil chud|[miss]
|-miss|p1a: Weezing|p2a: gay lil chud
|
|-heal|p1a: Weezing|100/100|[from] item: Leftovers
|upkeep
|turn|13
|
|t:|1781003978
|move|p2a: gay lil chud|Pyro Ball|p1a: Weezing
|-crit|p1a: Weezing
|-damage|p1a: Weezing|46/100
|move|p1a: Weezing|Toxic|p2a: gay lil chud
|-status|p2a: gay lil chud|tox
|
|-heal|p1a: Weezing|52/100|[from] item: Leftovers
|-damage|p2a: gay lil chud|95/100 tox|[from] psn
|upkeep
|turn|14
|
|t:|1781003981
|move|p1a: Weezing|Protect|p1a: Weezing
|-singleturn|p1a: Weezing|Protect
|move|p2a: gay lil chud|Pyro Ball|p1a: Weezing
|-activate|p1a: Weezing|move: Protect
|
|-heal|p1a: Weezing|58/100|[from] item: Leftovers
|-damage|p2a: gay lil chud|83/100 tox|[from] psn
|upkeep
|turn|15
|
|t:|1781003985
|move|p1a: Weezing|Protect||[still]
|-fail|p1a: Weezing
|move|p2a: gay lil chud|Pyro Ball|p1a: Weezing
|-damage|p1a: Weezing|21/100
|
|-heal|p1a: Weezing|27/100|[from] item: Leftovers
|-damage|p2a: gay lil chud|65/100 tox|[from] psn
|upkeep
|turn|16
|
|t:|1781003989
|switch|p2a: Ogerpon|Ogerpon-Wellspring-Tera, F, tera:Water|84/100
|move|p1a: Weezing|Protect||[still]
|-fail|p1a: Weezing
|
|-heal|p1a: Weezing|33/100|[from] item: Leftovers
|upkeep
|turn|17
|
|t:|1781003992
|move|p2a: Ogerpon|Ivy Cudgel|p1a: Weezing|[anim] Ivy Cudgel Water
|-crit|p1a: Weezing
|-damage|p1a: Weezing|0 fnt
|faint|p1a: Weezing
|-end|p1a: Weezing|ability: Neutralizing Gas
|-ability|p2a: Ogerpon|Embody Aspect (Wellspring)|boost
|-boost|p2a: Ogerpon|spd|1
|
|upkeep
|
|t:|1781003997
|switch|p1a: Zamazenta|Zamazenta|100/100
|turn|18
|
|t:|1781003999
|switch|p2a: gay lil chud|Cinderace, M|65/100 tox
|move|p1a: Zamazenta|Close Combat|p2a: gay lil chud
|-damage|p2a: gay lil chud|0 fnt
|-unboost|p1a: Zamazenta|def|1
|-unboost|p1a: Zamazenta|spd|1
|faint|p2a: gay lil chud
|
|upkeep
|
|t:|1781004003
|switch|p2a: Deoxys|Deoxys-Speed|100/100
|-ability|p2a: Deoxys|Pressure
|turn|19
|
|t:|1781004006
|switch|p1a: Lokix|Lokix, M|94/100 brn
|move|p2a: Deoxys|Ice Beam|p1a: Lokix
|-damage|p1a: Lokix|31/100 brn
|-damage|p2a: Deoxys|91/100|[from] item: Life Orb
|
|-damage|p1a: Lokix|25/100 brn|[from] brn
|upkeep
|turn|20
|
|t:|1781004009
|move|p2a: Deoxys|Protect|p2a: Deoxys
|-singleturn|p2a: Deoxys|Protect
|move|p1a: Lokix|First Impression|p2a: Deoxys
|-activate|p2a: Deoxys|move: Protect
|
|-damage|p1a: Lokix|19/100 brn|[from] brn
|upkeep
|turn|21
|
|t:|1781004013
|switch|p1a: Tornadus|Tornadus-Therian, M|74/100
|move|p2a: Deoxys|Ice Beam|p1a: Tornadus
|-supereffective|p1a: Tornadus
|-damage|p1a: Tornadus|27/100
|-damage|p2a: Deoxys|81/100|[from] item: Life Orb
|
|upkeep
|turn|22
|
|t:|1781004015
|switch|p1a: Iron Treads|Iron Treads|100/100
|move|p2a: Deoxys|Ice Beam|p1a: Iron Treads
|-damage|p1a: Iron Treads|62/100
|-damage|p2a: Deoxys|72/100|[from] item: Life Orb
|
|-heal|p1a: Iron Treads|68/100|[from] item: Leftovers
|upkeep
|turn|23
|
|t:|1781004023
|switch|p2a: Zamazenta|Zamazenta|77/100
|-end|p1a: Iron Treads|Quark Drive|[silent]
|switch|p1a: Tornadus|Tornadus-Therian, M|60/100
|
|upkeep
|turn|24
|
|t:|1781004025
|move|p2a: Zamazenta|Wild Charge|p1a: Tornadus
|-supereffective|p1a: Tornadus
|-damage|p1a: Tornadus|0 fnt
|faint|p1a: Tornadus
|-damage|p2a: Zamazenta|61/100|[from] Recoil
|
|upkeep
|
|t:|1781004028
|switch|p1a: Zamazenta|Zamazenta|100/100
|turn|25
|
|t:|1781004031
|switch|p2a: Clodsire|Clodsire, F|61/100
|move|p1a: Zamazenta|Close Combat|p2a: Clodsire
|-resisted|p2a: Clodsire
|-damage|p2a: Clodsire|4/100
|-unboost|p1a: Zamazenta|def|1
|-unboost|p1a: Zamazenta|spd|1
|
|-heal|p2a: Clodsire|11/100|[from] item: Leftovers
|upkeep
|turn|26
|
|t:|1781004032
|move|p1a: Zamazenta|Close Combat|p2a: Clodsire
|-resisted|p2a: Clodsire
|-damage|p2a: Clodsire|0 fnt
|-unboost|p1a: Zamazenta|def|1
|-unboost|p1a: Zamazenta|spd|1
|faint|p2a: Clodsire
|
|upkeep
|
|t:|1781004035
|switch|p2a: Deoxys|Deoxys-Speed|72/100
|-ability|p2a: Deoxys|Pressure
|turn|27
|
|t:|1781004038
|switch|p1a: Lokix|Lokix, M|19/100 brn
|move|p2a: Deoxys|Psycho Boost|p1a: Lokix
|-immune|p1a: Lokix
|
|-damage|p1a: Lokix|13/100 brn|[from] brn
|upkeep
|turn|28
|
|t:|1781004042
|move|p2a: Deoxys|Protect|p2a: Deoxys
|-singleturn|p2a: Deoxys|Protect
|move|p1a: Lokix|Knock Off|p2a: Deoxys
|-activate|p2a: Deoxys|move: Protect
|
|-damage|p1a: Lokix|7/100 brn|[from] brn
|upkeep
|turn|29
|
|t:|1781004049
|move|p2a: Deoxys|Ice Beam|p1a: Lokix
|-damage|p1a: Lokix|0 fnt
|faint|p1a: Lokix
|-damage|p2a: Deoxys|62/100|[from] item: Life Orb
|
|upkeep
|
|t:|1781004056
|switch|p1a: Zamazenta|Zamazenta|100/100
|turn|30
|
|t:|1781004060
|-terastallize|p1a: Zamazenta|Dark
|move|p2a: Deoxys|Psycho Boost|p1a: Zamazenta
|-immune|p1a: Zamazenta
|move|p1a: Zamazenta|Close Combat|p2a: Deoxys
|-resisted|p2a: Deoxys
|-damage|p2a: Deoxys|0 fnt
|-unboost|p1a: Zamazenta|def|1
|-unboost|p1a: Zamazenta|spd|1
|faint|p2a: Deoxys
|
|upkeep
|
|t:|1781004061
|switch|p2a: Zamazenta|Zamazenta|61/100
|turn|31
|
|t:|1781004063
|switch|p1a: Iron Treads|Iron Treads|68/100
|move|p2a: Zamazenta|Close Combat|p1a: Iron Treads
|-supereffective|p1a: Iron Treads
|-damage|p1a: Iron Treads|0 fnt
|-unboost|p2a: Zamazenta|def|1
|-unboost|p2a: Zamazenta|spd|1
|faint|p1a: Iron Treads
|-end|p1a: Iron Treads|Quark Drive|[silent]
|
|upkeep
|
|t:|1781004065
|switch|p1a: Zamazenta|Zamazenta, tera:Dark|100/100
|turn|32
|
|t:|1781004067
|switch|p2a: Ogerpon|Ogerpon-Wellspring-Tera, F, tera:Water|84/100
|-ability|p2a: Ogerpon|Embody Aspect (Wellspring)|boost
|-boost|p2a: Ogerpon|spd|1
|move|p1a: Zamazenta|Close Combat|p2a: Ogerpon
|-damage|p2a: Ogerpon|0 fnt
|-unboost|p1a: Zamazenta|def|1
|-unboost|p1a: Zamazenta|spd|1
|faint|p2a: Ogerpon
|detailschange|p2: Ogerpon|Ogerpon-Wellspring, F|[silent]
|
|upkeep
|
|t:|1781004069
|switch|p2a: Zamazenta|Zamazenta|61/100
|turn|33
|
|t:|1781004070
|move|p2a: Zamazenta|Close Combat|p1a: Zamazenta
|-supereffective|p1a: Zamazenta
|-damage|p1a: Zamazenta|0 fnt
|-unboost|p2a: Zamazenta|def|1
|-unboost|p2a: Zamazenta|spd|1
|faint|p1a: Zamazenta
|
|win|CIodSuspectTest
|raw|apple sauce mafia's rating: 1521 &rarr; <strong>1504</strong><br />(-17 for losing)
|raw|CIodSuspectTest's rating: 1569 &rarr; <strong>1586</strong><br />(+17 for winning)
|l|☆apple sauce mafia
|player|p1|
|l| lord shiddenfards
