|badge|p2|bronze|gen9ou|100-9
|badge|p2|bronze|gen9randombattle|100-9
|badge|p2|bronze|gen9ubers|100-9
|uhtml|medal-msg|<div class="broadcast-blue">Curious what those medals under the avatar are? PS now has Ladder Seasons! For more information, check out the <a href="https://www.smogon.com/forums/threads/3740067/">thread on Smogon.</a></div>
|j|☆epicgamer069420
|j|☆oddishlover4
|t:|1781295538
|gametype|singles
|player|p1|epicgamer069420|102|1745
|player|p2|oddishlover4|acetrainerf|1762
|gen|9
|tier|[Gen 9] OU
|rated|
|rule|HP Percentage Mod: HP is shown in percentages
|rule|Endless Battle Clause: Forcing endless battles is banned
|rule|Species Clause: Limit one of each Pokémon
|rule|OHKO Clause: OHKO moves are banned
|rule|Evasion Items Clause: Evasion items are banned
|rule|Evasion Moves Clause: Evasion moves are banned
|rule|Evasion Abilities Clause: Evasion abilities are banned
|rule|Sleep Moves Clause: Sleep-inducing moves are banned
|clearpoke
|poke|p1|Darkrai|
|poke|p1|Iron Treads|
|poke|p1|Ogerpon-Wellspring, F|
|poke|p1|Zamazenta-*|
|poke|p1|Slowking-Galar, F|
|poke|p1|Dragonite, F|
|poke|p2|Kyurem|
|poke|p2|Hatterene, F|
|poke|p2|Darkrai|
|poke|p2|Great Tusk|
|poke|p2|Dragonite, F|
|poke|p2|Gholdengo|
|teampreview
|inactive|Battle timer is ON: inactive players will automatically lose when time's up. (requested by epicgamer069420)
|c|☆oddishlover4|gl/hf!
|inactive|oddishlover4 also wants the timer to be on.
|
|t:|1781295559
|teamsize|p1|6
|teamsize|p2|6
|start
|switch|p1a: Ogerpon|Ogerpon-Wellspring, F|100/100
|switch|p2a: Boompala|Kyurem|100/100
|-ability|p2a: Boompala|Pressure
|turn|1
|
|t:|1781295577
|move|p1a: Ogerpon|U-turn|p2a: Boompala
|-damage|p2a: Boompala|81/100
|
|t:|1781295580
|switch|p1a: Slowking|Slowking-Galar, F|100/100|[from] U-turn
|move|p2a: Boompala|Ice Beam|p1a: Slowking
|-damage|p1a: Slowking|75/100
|
|upkeep
|turn|2
|
|t:|1781295598
|move|p2a: Boompala|Ice Beam|p1a: Slowking
|-damage|p1a: Slowking|53/100
|-status|p1a: Slowking|frz
|-curestatus|p1a: Slowking|frz|[msg]
|move|p1a: Slowking|Flamethrower|p2a: Boompala
|-damage|p2a: Boompala|63/100
|
|upkeep
|turn|3
|
|t:|1781295617
|move|p2a: Boompala|Ice Beam|p1a: Slowking
|-damage|p1a: Slowking|27/100
|move|p1a: Slowking|Sludge Bomb|p2a: Boompala
|-damage|p2a: Boompala|34/100
|
|upkeep
|turn|4
|
|t:|1781295635
|move|p2a: Boompala|Ice Beam|p1a: Slowking
|-damage|p1a: Slowking|2/100
|move|p1a: Slowking|Sludge Bomb|p2a: Boompala
|-damage|p2a: Boompala|6/100
|
|upkeep
|turn|5
|inactive|oddishlover4 has 120 seconds left.
|
|t:|1781295653
|switch|p1a: Darkrai|Darkrai|100/100
|move|p2a: Boompala|Ice Beam|p1a: Darkrai
|-damage|p1a: Darkrai|30/100
|-status|p1a: Darkrai|frz
|
|-heal|p1a: Darkrai|36/100 frz|[from] item: Leftovers
|upkeep
|turn|6
|inactive|oddishlover4 has 120 seconds left.
|j| LucianWeedDealer
|
|t:|1781295672
|cant|p1a: Darkrai|frz
|move|p2a: Boompala|Ice Beam|p1a: Darkrai
|-crit|p1a: Darkrai
|-damage|p1a: Darkrai|0 fnt
|faint|p1a: Darkrai
|
|upkeep
|
|t:|1781295677
|switch|p1a: Ogerpon|Ogerpon-Wellspring, F|100/100
|turn|7
|l| LucianWeedDealer
|inactive|oddishlover4 has 120 seconds left.
|
|t:|1781295695
|switch|p2a: Bluebeard's Wife|Dragonite, F|100/100
|move|p1a: Ogerpon|U-turn|p2a: Bluebeard's Wife
|-resisted|p2a: Bluebeard's Wife
|-damage|p2a: Bluebeard's Wife|94/100
|
|t:|1781295702
|switch|p1a: Slowking|Slowking-Galar, F|35/100|[from] U-turn
|
|upkeep
|turn|8
|inactive|oddishlover4 has 120 seconds left.
|
|t:|1781295720
|switch|p2a: Celebration|Gholdengo|100/100
|switch|p1a: Zamazenta|Zamazenta|100/100
|-ability|p1a: Zamazenta|Dauntless Shield|boost
|-boost|p1a: Zamazenta|def|1
|
|upkeep
|turn|9
|inactive|oddishlover4 has 120 seconds left.
|
|t:|1781295743
|switch|p1a: Iron Treads|Iron Treads|100/100
|move|p2a: Celebration|Nasty Plot|p2a: Celebration
|-boost|p2a: Celebration|spa|2
|
|upkeep
|turn|10
|
|t:|1781295761
|-terastallize|p2a: Celebration|Fairy
|move|p1a: Iron Treads|Knock Off|p2a: Celebration
|-resisted|p2a: Celebration
|-damage|p2a: Celebration|87/100
|-enditem|p2a: Celebration|Custap Berry|[from] move: Knock Off|[of] p1a: Iron Treads
|move|p2a: Celebration|Shadow Ball|p1a: Iron Treads
|-damage|p1a: Iron Treads|21/100
|
|upkeep
|turn|11
|
|t:|1781295780
|move|p1a: Iron Treads|Earthquake|p2a: Celebration
|-damage|p2a: Celebration|42/100
|move|p2a: Celebration|Recover|p2a: Celebration
|-heal|p2a: Celebration|93/100
|
|upkeep
|turn|12
|
|t:|1781295798
|move|p1a: Iron Treads|Earthquake|p2a: Celebration
|-damage|p2a: Celebration|49/100
|move|p2a: Celebration|Recover|p2a: Celebration
|-heal|p2a: Celebration|99/100
|
|upkeep
|turn|13
|inactive|oddishlover4 has 90 seconds left.
|
|t:|1781295817
|move|p1a: Iron Treads|Earthquake|p2a: Celebration
|-damage|p2a: Celebration|55/100
|move|p2a: Celebration|Recover|p2a: Celebration
|-heal|p2a: Celebration|100/100
|
|upkeep
|turn|14
|inactive|oddishlover4 has 90 seconds left.
|
|t:|1781295835
|move|p1a: Iron Treads|Earthquake|p2a: Celebration
|-damage|p2a: Celebration|62/100
|move|p2a: Celebration|Recover|p2a: Celebration
|-heal|p2a: Celebration|100/100
|
|upkeep
|turn|15
|inactive|oddishlover4 has 90 seconds left.
|
|t:|1781295853
|move|p1a: Iron Treads|Earthquake|p2a: Celebration
|-damage|p2a: Celebration|56/100
|move|p2a: Celebration|Recover|p2a: Celebration
|-heal|p2a: Celebration|100/100
|
|upkeep
|turn|16
|j| deadbyflinch
|
|t:|1781295871
|move|p1a: Iron Treads|Earthquake|p2a: Celebration
|-damage|p2a: Celebration|58/100
|move|p2a: Celebration|Recover|p2a: Celebration
|-heal|p2a: Celebration|100/100
|
|upkeep
|turn|17
|
|t:|1781295889
|move|p1a: Iron Treads|Earthquake|p2a: Celebration
|-damage|p2a: Celebration|57/100
|move|p2a: Celebration|Recover|p2a: Celebration
|-heal|p2a: Celebration|100/100
|
|upkeep
|turn|18
|
|t:|1781295907
|move|p1a: Iron Treads|Earthquake|p2a: Celebration
|-damage|p2a: Celebration|59/100
|move|p2a: Celebration|Recover|p2a: Celebration
|-heal|p2a: Celebration|100/100
|
|upkeep
|turn|19
|inactive|oddishlover4 has 60 seconds left.
|
|t:|1781295925
|move|p1a: Iron Treads|Earthquake|p2a: Celebration
|-crit|p2a: Celebration
|-damage|p2a: Celebration|34/100
|move|p2a: Celebration|Shadow Ball|p1a: Iron Treads
|-damage|p1a: Iron Treads|0 fnt
|faint|p1a: Iron Treads
|-end|p1a: Iron Treads|Quark Drive|[silent]
|
|upkeep
|
|t:|1781295933
|switch|p1a: Ogerpon|Ogerpon-Wellspring, F|100/100
|turn|20
|inactive|oddishlover4 has 60 seconds left.
|
|t:|1781295951
|switch|p2a: Bluebeard's Wife|Dragonite, F|94/100
|move|p1a: Ogerpon|Ivy Cudgel|p2a: Bluebeard's Wife|[anim] Ivy Cudgel Water
|-resisted|p2a: Bluebeard's Wife
|-damage|p2a: Bluebeard's Wife|65/100
|
|upkeep
|turn|21
|inactive|oddishlover4 has 60 seconds left.
|
|t:|1781295969
|move|p1a: Ogerpon|U-turn|p2a: Bluebeard's Wife
|-resisted|p2a: Bluebeard's Wife
|-damage|p2a: Bluebeard's Wife|52/100
|
|t:|1781295972
|switch|p1a: Zamazenta|Zamazenta|100/100|[from] U-turn
|move|p2a: Bluebeard's Wife|Roost|p2a: Bluebeard's Wife
|-heal|p2a: Bluebeard's Wife|100/100
|-singleturn|p2a: Bluebeard's Wife|move: Roost
|
|upkeep
|turn|22
|inactive|oddishlover4 has 60 seconds left.
|
|t:|1781295991
|move|p2a: Bluebeard's Wife|Extreme Speed|p1a: Zamazenta
|-damage|p1a: Zamazenta|74/100
|move|p1a: Zamazenta|Heavy Slam|p2a: Bluebeard's Wife
|-damage|p2a: Bluebeard's Wife|94/100
|
|upkeep
|turn|23
|inactive|oddishlover4 has 60 seconds left.
|
|t:|1781296009
|move|p1a: Zamazenta|Stone Edge|p2a: Bluebeard's Wife
|-supereffective|p2a: Bluebeard's Wife
|-crit|p2a: Bluebeard's Wife
|-damage|p2a: Bluebeard's Wife|0 fnt
|faint|p2a: Bluebeard's Wife
|
|upkeep
|c|☆epicgamer069420|that's rough
|c|☆epicgamer069420|sry
|
|t:|1781296028
|switch|p2a: Perfect Night|Darkrai|100/100
|turn|24
|
|t:|1781296037
|switch|p2a: Antifragile|Hatterene, F|100/100
|move|p1a: Zamazenta|Close Combat|p2a: Antifragile
|-resisted|p2a: Antifragile
|-damage|p2a: Antifragile|89/100
|-unboost|p1a: Zamazenta|def|1
|-unboost|p1a: Zamazenta|spd|1
|-damage|p1a: Zamazenta|57/100|[from] item: Rocky Helmet|[of] p2a: Antifragile
|
|upkeep
|turn|25
|
|t:|1781296047
|switch|p1a: Slowking|Slowking-Galar, F|68/100
|move|p2a: Antifragile|Nuzzle|p1a: Slowking
|-damage|p1a: Slowking|64/100
|-status|p1a: Slowking|par
|
|upkeep
|turn|26
|l| deadbyflinch
|
|t:|1781296056
|switch|p2a: Boompala|Kyurem|6/100
|-ability|p2a: Boompala|Pressure
|move|p1a: Slowking|Sludge Bomb|p2a: Boompala
|-damage|p2a: Boompala|0 fnt
|faint|p2a: Boompala
|
|upkeep
|
|t:|1781296065
|switch|p2a: Perfect Night|Darkrai|100/100
|turn|27
|inactive|oddishlover4 has 60 seconds left.
|
|t:|1781296076
|switch|p1a: Zamazenta|Zamazenta|57/100
|move|p2a: Perfect Night|Dark Pulse|p1a: Zamazenta
|-resisted|p1a: Zamazenta
|-damage|p1a: Zamazenta|36/100
|
|upkeep
|turn|28
|
|t:|1781296085
|switch|p2a: Antifragile|Hatterene, F|89/100
|move|p1a: Zamazenta|Close Combat|p2a: Antifragile
|-resisted|p2a: Antifragile
|-damage|p2a: Antifragile|76/100
|-unboost|p1a: Zamazenta|def|1
|-unboost|p1a: Zamazenta|spd|1
|-damage|p1a: Zamazenta|19/100|[from] item: Rocky Helmet|[of] p2a: Antifragile
|
|upkeep
|turn|29
|
|t:|1781296095
|switch|p1a: Slowking|Slowking-Galar, F|98/100 par
|switch|p2a: Fearless|Great Tusk|100/100
|
|upkeep
|turn|30
|
|t:|1781296114
|-end|p2a: Fearless|Protosynthesis|[silent]
|switch|p2a: Perfect Night|Darkrai|100/100
|switch|p1a: Ogerpon|Ogerpon-Wellspring, F|100/100
|
|upkeep
|turn|31
|inactive|oddishlover4 has 60 seconds left.
|
|t:|1781296132
|-terastallize|p1a: Ogerpon|Water
|detailschange|p1a: Ogerpon|Ogerpon-Wellspring-Tera, F, tera:Water
|-ability|p1a: Ogerpon|Embody Aspect (Wellspring)|boost
|-boost|p1a: Ogerpon|spd|1
|move|p2a: Perfect Night|Dark Pulse|p1a: Ogerpon
|-damage|p1a: Ogerpon|65/100
|move|p1a: Ogerpon|Ivy Cudgel|p2a: Perfect Night|[anim] Ivy Cudgel Water
|-crit|p2a: Perfect Night
|-damage|p2a: Perfect Night|0 fnt
|faint|p2a: Perfect Night
|
|upkeep
|inactive|oddishlover4 has 60 seconds left.
|
|t:|1781296150
|switch|p2a: Fearless|Great Tusk|100/100
|turn|32
|
|t:|1781296167
|move|p1a: Ogerpon|Ivy Cudgel|p2a: Fearless|[anim] Ivy Cudgel Water
|-supereffective|p2a: Fearless
|-crit|p2a: Fearless
|-damage|p2a: Fearless|0 fnt
|faint|p2a: Fearless
|-end|p2a: Fearless|Protosynthesis|[silent]
|
|upkeep
|j| Goobshiester1st
|
|t:|1781296175
|switch|p2a: Antifragile|Hatterene, F|76/100
|turn|33
|
|t:|1781296182
|move|p1a: Ogerpon|Ivy Cudgel|p2a: Antifragile|[anim] Ivy Cudgel Water
|-damage|p2a: Antifragile|8/100
|move|p2a: Antifragile|Nuzzle|p1a: Ogerpon
|-supereffective|p1a: Ogerpon
|-damage|p1a: Ogerpon|56/100
|-status|p1a: Ogerpon|par
|
|upkeep
|turn|34
|
|t:|1781296190
|move|p1a: Ogerpon|Ivy Cudgel|p2a: Antifragile|[anim] Ivy Cudgel Water
|-crit|p2a: Antifragile
|-damage|p2a: Antifragile|0 fnt
|faint|p2a: Antifragile
|
|upkeep
|
|t:|1781296195
|switch|p2a: Celebration|Gholdengo, tera:Fairy|34/100
|turn|35
|
|t:|1781296199
|move|p2a: Celebration|Shadow Ball|p1a: Ogerpon
|-damage|p1a: Ogerpon|21/100 par
|move|p1a: Ogerpon|Ivy Cudgel|p2a: Celebration|[anim] Ivy Cudgel Water
|-damage|p2a: Celebration|0 fnt
|faint|p2a: Celebration
|
|win|epicgamer069420
|raw|epicgamer069420's rating: 1745 &rarr; <strong>1766</strong><br />(+21 for winning)
|raw|oddishlover4's rating: 1762 &rarr; <strong>1741</strong><br />(-21 for losing)
|c|☆oddishlover4|GG!
|c|☆epicgamer069420|sry bro
|c|☆epicgamer069420|gg
|c|☆epicgamer069420|i robbed u with the crits
|l| Goobshiester1st
|l|☆epicgamer069420
|player|p1|
