|j|☆Luisowbro
|j|☆arturohdez
|t:|1781281802
|gametype|singles
|player|p1|Luisowbro|ingo|1606
|player|p2|arturohdez|lucas|1670
|gen|9
|tier|[Gen 9] OU
|rated|
|rule|HP Percentage Mod: HP is shown in percentages
|rule|Endless Battle Clause: Forcing endless battles is banned
|rule|Species Clause: Limit one of each Pokémon
|rule|OHKO Clause: OHKO moves are banned
|rule|Evasion Items Clause: Evasion items are banned
|rule|Evasion Moves Clause: Evasion moves are banned
|rule|Evasion Abilities Clause: Evasion abilities are banned
|rule|Sleep Moves Clause: Sleep-inducing moves are banned
|clearpoke
|poke|p1|Moltres-Galar|
|poke|p1|Haxorus, M|
|poke|p1|Thundurus-Therian, M|
|poke|p1|Scizor, M|
|poke|p1|Volcanion|
|poke|p1|Ninetales-Alola, F|
|poke|p2|Landorus-Therian, M|
|poke|p2|Gholdengo|
|poke|p2|Rillaboom, M|
|poke|p2|Walking Wake|
|poke|p2|Volcanion|
|poke|p2|Zamazenta-*|
|teampreview
|
|t:|1781281830
|teamsize|p1|6
|teamsize|p2|6
|start
|switch|p1a: Scizor|Scizor, M|100/100
|switch|p2a: Gholdengo|Gholdengo|100/100
|turn|1
|inactive|Battle timer is ON: inactive players will automatically lose when time's up. (requested by arturohdez)
|
|t:|1781281837
|switch|p2a: Landorus|Landorus-Therian, M|100/100
|-ability|p2a: Landorus|Intimidate|boost
|-unboost|p1a: Scizor|atk|1
|move|p1a: Scizor|Knock Off|p2a: Landorus
|-damage|p2a: Landorus|68/100
|-damage|p1a: Scizor|84/100|[from] item: Rocky Helmet|[of] p2a: Landorus
|-enditem|p2a: Landorus|Rocky Helmet|[from] move: Knock Off|[of] p1a: Scizor
|
|upkeep
|turn|2
|
|t:|1781281852
|switch|p1a: Ninetales|Ninetales-Alola, F, shiny|100/100
|-weather|Snowscape|[from] ability: Snow Warning|[of] p1a: Ninetales
|move|p2a: Landorus|Stealth Rock|p1a: Ninetales
|-sidestart|p1: Luisowbro|move: Stealth Rock
|
|-weather|Snowscape|[upkeep]
|upkeep
|turn|3
|
|t:|1781281861
|move|p1a: Ninetales|Freeze-Dry|p2a: Landorus
|-supereffective|p2a: Landorus
|-damage|p2a: Landorus|0 fnt
|faint|p2a: Landorus
|
|-weather|Snowscape|[upkeep]
|upkeep
|
|t:|1781281866
|switch|p2a: Volcanion|Volcanion|100/100
|turn|4
|
|t:|1781281878
|switch|p1a: Thundurus|Thundurus-Therian, M, shiny|100/100
|-damage|p1a: Thundurus|76/100|[from] Stealth Rock
|move|p2a: Volcanion|Flamethrower|p1a: Thundurus
|-damage|p1a: Thundurus|9/100
|
|-weather|Snowscape|[upkeep]
|upkeep
|turn|5
|
|t:|1781281885
|switch|p2a: Rillaboom|Rillaboom, M|100/100
|-fieldstart|move: Grassy Terrain|[from] ability: Grassy Surge|[of] p2a: Rillaboom
|move|p1a: Thundurus|Volt Switch|p2a: Rillaboom
|-resisted|p2a: Rillaboom
|-damage|p2a: Rillaboom|73/100
|
|t:|1781281892
|switch|p1a: Scizor|Scizor, M|84/100|[from] Volt Switch
|-damage|p1a: Scizor|72/100|[from] Stealth Rock
|
|-weather|Snowscape|[upkeep]
|-heal|p2a: Rillaboom|79/100|[from] Grassy Terrain
|-heal|p1a: Scizor|78/100|[from] Grassy Terrain
|upkeep
|turn|6
|
|t:|1781281901
|switch|p2a: Gholdengo|Gholdengo|100/100
|-enditem|p2a: Gholdengo|Grassy Seed
|-boost|p2a: Gholdengo|def|1|[from] item: Grassy Seed
|move|p1a: Scizor|Defog|p2a: Gholdengo
|-immune|p2a: Gholdengo|[from] ability: Good as Gold
|
|-weather|none
|-heal|p1a: Scizor|84/100|[from] Grassy Terrain
|upkeep
|turn|7
|
|t:|1781281911
|switch|p1a: Volcanion|Volcanion|100/100
|-damage|p1a: Volcanion|76/100|[from] Stealth Rock
|move|p2a: Gholdengo|Nasty Plot|p2a: Gholdengo
|-boost|p2a: Gholdengo|spa|2
|
|-heal|p1a: Volcanion|82/100|[from] Grassy Terrain
|upkeep
|turn|8
|
|t:|1781281919
|move|p2a: Gholdengo|Shadow Ball|p1a: Volcanion
|-damage|p1a: Volcanion|26/100
|move|p1a: Volcanion|Flamethrower|p2a: Gholdengo
|-supereffective|p2a: Gholdengo
|-damage|p2a: Gholdengo|19/100
|
|-heal|p2a: Gholdengo|25/100|[from] Grassy Terrain
|-heal|p1a: Volcanion|32/100|[from] Grassy Terrain
|upkeep
|turn|9
|
|t:|1781281931
|move|p2a: Gholdengo|Shadow Ball|p1a: Volcanion
|-damage|p1a: Volcanion|0 fnt
|faint|p1a: Volcanion
|
|-heal|p2a: Gholdengo|32/100|[from] Grassy Terrain
|-fieldend|move: Grassy Terrain
|upkeep
|inactive|Luisowbro has 120 seconds left.
|
|t:|1781281971
|switch|p1a: Scizor|Scizor, M|84/100
|-damage|p1a: Scizor|72/100|[from] Stealth Rock
|turn|10
|
|t:|1781281975
|-terastallize|p1a: Scizor|Steel
|move|p1a: Scizor|Bullet Punch|p2a: Gholdengo
|-resisted|p2a: Gholdengo
|-damage|p2a: Gholdengo|11/100
|move|p2a: Gholdengo|Recover|p2a: Gholdengo
|-heal|p2a: Gholdengo|61/100
|
|upkeep
|turn|11
|inactive|Luisowbro has 120 seconds left.
|
|t:|1781281992
|switch|p1a: Moltres|Moltres-Galar, shiny|100/100
|-damage|p1a: Moltres|75/100|[from] Stealth Rock
|move|p2a: Gholdengo|Recover|p2a: Gholdengo
|-heal|p2a: Gholdengo|100/100
|
|upkeep
|turn|12
|inactive|Luisowbro has 120 seconds left.
|
|t:|1781282002
|move|p1a: Moltres|Fiery Wrath|p2a: Gholdengo
|-supereffective|p2a: Gholdengo
|-damage|p2a: Gholdengo|30/100
|cant|p2a: Gholdengo|flinch
|
|upkeep
|turn|13
|
|t:|1781282017
|switch|p2a: Zamazenta|Zamazenta|100/100
|-ability|p2a: Zamazenta|Dauntless Shield|boost
|-boost|p2a: Zamazenta|def|1
|move|p1a: Moltres|Fiery Wrath|p2a: Zamazenta
|-resisted|p2a: Zamazenta
|-damage|p2a: Zamazenta|80/100
|
|upkeep
|turn|14
|
|t:|1781282026
|move|p2a: Zamazenta|Close Combat|p1a: Moltres
|-damage|p1a: Moltres|0 fnt
|-unboost|p2a: Zamazenta|def|1
|-unboost|p2a: Zamazenta|spd|1
|faint|p1a: Moltres
|-damage|p2a: Zamazenta|70/100|[from] item: Life Orb
|
|upkeep
|
|t:|1781282035
|switch|p1a: Scizor|Scizor, M, tera:Steel|72/100
|-damage|p1a: Scizor|66/100|[from] Stealth Rock
|turn|15
|
|t:|1781282040
|move|p1a: Scizor|Bullet Punch|p2a: Zamazenta
|-damage|p2a: Zamazenta|1/100
|move|p2a: Zamazenta|Close Combat|p1a: Scizor
|-supereffective|p1a: Scizor
|-damage|p1a: Scizor|0 fnt
|-unboost|p2a: Zamazenta|def|1
|-unboost|p2a: Zamazenta|spd|1
|faint|p1a: Scizor
|-damage|p2a: Zamazenta|0 fnt|[from] item: Life Orb
|faint|p2a: Zamazenta
|
|upkeep
|
|t:|1781282059
|switch|p2a: Volcanion|Volcanion|100/100
|switch|p1a: Ninetales|Ninetales-Alola, F, shiny|100/100
|-damage|p1a: Ninetales|76/100|[from] Stealth Rock
|-weather|Snowscape|[from] ability: Snow Warning|[of] p1a: Ninetales
|turn|16
|
|t:|1781282066
|move|p1a: Ninetales|Aurora Veil|p1a: Ninetales
|-sidestart|p1: Luisowbro|move: Aurora Veil
|move|p2a: Volcanion|Flamethrower|p1a: Ninetales
|-supereffective|p1a: Ninetales
|-damage|p1a: Ninetales|28/100
|-status|p1a: Ninetales|brn
|
|-weather|Snowscape|[upkeep]
|-damage|p1a: Ninetales|22/100 brn|[from] brn
|upkeep
|turn|17
|
|t:|1781282078
|move|p1a: Ninetales|Freeze-Dry|p2a: Volcanion
|-damage|p2a: Volcanion|77/100
|move|p2a: Volcanion|Flamethrower|p1a: Ninetales
|-supereffective|p1a: Ninetales
|-damage|p1a: Ninetales|0 fnt
|faint|p1a: Ninetales
|
|-weather|Snowscape|[upkeep]
|upkeep
|
|t:|1781282085
|switch|p1a: Haxorus|Haxorus, M, shiny|100/100
|-damage|p1a: Haxorus|88/100|[from] Stealth Rock
|-ability|p1a: Haxorus|Mold Breaker
|turn|18
|
|t:|1781282090
|move|p1a: Haxorus|Scale Shot|p2a: Volcanion
|-damage|p2a: Volcanion|64/100
|-damage|p2a: Volcanion|51/100
|-damage|p2a: Volcanion|39/100
|-damage|p2a: Volcanion|26/100
|-damage|p2a: Volcanion|12/100
|-hitcount|p2a: Volcanion|5
|-unboost|p1a: Haxorus|def|1
|-boost|p1a: Haxorus|spe|1
|move|p2a: Volcanion|Will-O-Wisp|p1a: Haxorus
|-status|p1a: Haxorus|brn
|
|-weather|Snowscape|[upkeep]
|-damage|p1a: Haxorus|82/100 brn|[from] brn
|upkeep
|turn|19
|
|t:|1781282107
|switch|p2a: Rillaboom|Rillaboom, M|79/100
|-fieldstart|move: Grassy Terrain|[from] ability: Grassy Surge|[of] p2a: Rillaboom
|move|p1a: Haxorus|Swords Dance|p1a: Haxorus
|-boost|p1a: Haxorus|atk|2
|
|-weather|Snowscape|[upkeep]
|-heal|p1a: Haxorus|88/100 brn|[from] Grassy Terrain
|-heal|p2a: Rillaboom|85/100|[from] Grassy Terrain
|-damage|p1a: Haxorus|82/100 brn|[from] brn
|upkeep
|turn|20
|
|t:|1781282120
|move|p1a: Haxorus|Scale Shot|p2a: Rillaboom
|-damage|p2a: Rillaboom|71/100
|-damage|p2a: Rillaboom|56/100
|-damage|p2a: Rillaboom|43/100
|-damage|p2a: Rillaboom|28/100
|-damage|p2a: Rillaboom|13/100
|-hitcount|p2a: Rillaboom|5
|-unboost|p1a: Haxorus|def|1
|-boost|p1a: Haxorus|spe|1
|move|p2a: Rillaboom|Knock Off|p1a: Haxorus
|-damage|p1a: Haxorus|21/100 brn
|-enditem|p1a: Haxorus|Loaded Dice|[from] move: Knock Off|[of] p2a: Rillaboom
|-damage|p2a: Rillaboom|4/100|[from] item: Life Orb
|
|-weather|none
|-heal|p1a: Haxorus|27/100 brn|[from] Grassy Terrain
|-heal|p2a: Rillaboom|10/100|[from] Grassy Terrain
|-damage|p1a: Haxorus|21/100 brn|[from] brn
|upkeep
|turn|21
|
|t:|1781282138
|move|p2a: Rillaboom|Grassy Glide|p1a: Haxorus
|-resisted|p1a: Haxorus
|-damage|p1a: Haxorus|0 fnt
|faint|p1a: Haxorus
|-damage|p2a: Rillaboom|0 fnt|[from] item: Life Orb
|faint|p2a: Rillaboom
|
|upkeep
|
|t:|1781282146
|switch|p1a: Thundurus|Thundurus-Therian, M, shiny|9/100
|switch|p2a: Gholdengo|Gholdengo|30/100
|-damage|p1a: Thundurus|0 fnt|[from] Stealth Rock
|faint|p1a: Thundurus
|
|win|arturohdez
|raw|Luisowbro's rating: 1606 &rarr; <strong>1590</strong><br />(-16 for losing)
|raw|arturohdez's rating: 1670 &rarr; <strong>1686</strong><br />(+16 for winning)
|l|☆Luisowbro
|player|p1|
|l|☆arturohdez
|player|p2|
