|j|☆Chinatownz
|j|☆kefka ffxiv
|t:|1781065535
|gametype|singles
|player|p1|Chinatownz|fisherman-gen4|1528
|player|p2|kefka ffxiv|roxie|1540
|gen|9
|tier|[Gen 9] OU
|rated|
|rule|HP Percentage Mod: HP is shown in percentages
|rule|Endless Battle Clause: Forcing endless battles is banned
|rule|Species Clause: Limit one of each Pokémon
|rule|OHKO Clause: OHKO moves are banned
|rule|Evasion Items Clause: Evasion items are banned
|rule|Evasion Moves Clause: Evasion moves are banned
|rule|Evasion Abilities Clause: Evasion abilities are banned
|rule|Sleep Moves Clause: Sleep-inducing moves are banned
|clearpoke
|poke|p1|Glimmora, M|
|poke|p1|Goodra-Hisui, F|
|poke|p1|Meowscarada, F|
|poke|p1|Great Tusk|
|poke|p1|Shaymin|
|poke|p1|Dragonite, F|
|poke|p2|Tinkaton, F|
|poke|p2|Ogerpon, F|
|poke|p2|Great Tusk|
|poke|p2|Pecharunt|
|poke|p2|Alomomola, M|
|poke|p2|Hydreigon, M|
|teampreview
|inactive|Battle timer is ON: inactive players will automatically lose when time's up. (requested by Chinatownz)
|
|t:|1781065547
|teamsize|p1|6
|teamsize|p2|6
|start
|switch|p1a: Goodra|Goodra-Hisui, F|100/100
|switch|p2a: Smile.exe|Tinkaton, F, shiny|100/100
|-item|p2a: Smile.exe|Air Balloon
|turn|1
|
|t:|1781065552
|move|p2a: Smile.exe|Stealth Rock|p1a: Goodra
|-sidestart|p1: Chinatownz|move: Stealth Rock
|move|p1a: Goodra|Flamethrower|p2a: Smile.exe
|-supereffective|p2a: Smile.exe
|-damage|p2a: Smile.exe|37/100
|-status|p2a: Smile.exe|brn
|-enditem|p2a: Smile.exe|Air Balloon
|
|-damage|p2a: Smile.exe|31/100 brn|[from] brn
|upkeep
|turn|2
|
|t:|1781065562
|switch|p2a: Pisces|Alomomola, M, shiny|100/100
|move|p1a: Goodra|Flamethrower|p2a: Pisces
|-resisted|p2a: Pisces
|-damage|p2a: Pisces|93/100
|
|upkeep
|turn|3
|
|t:|1781065565
|move|p1a: Goodra|Thunderbolt|p2a: Pisces
|-supereffective|p2a: Pisces
|-damage|p2a: Pisces|62/100
|move|p2a: Pisces|Mirror Coat|p1a: Goodra
|-damage|p1a: Goodra|9/100
|
|upkeep
|turn|4
|
|t:|1781065568
|move|p1a: Goodra|Thunderbolt|p2a: Pisces
|-supereffective|p2a: Pisces
|-damage|p2a: Pisces|31/100
|move|p2a: Pisces|Flip Turn|p1a: Goodra
|-resisted|p1a: Goodra
|-damage|p1a: Goodra|1/100
|-ability|p1a: Goodra|Gooey
|-unboost|p2a: Pisces|spe|1
|
|t:|1781065579
|switch|p2a: Anonymous|Ogerpon, F|100/100|[from] Flip Turn
|
|upkeep
|turn|5
|
|t:|1781065582
|move|p2a: Anonymous|U-turn|p1a: Goodra
|-resisted|p1a: Goodra
|-damage|p1a: Goodra|0 fnt
|-ability|p1a: Goodra|Gooey
|-unboost|p2a: Anonymous|spe|1
|-ability|p2a: Anonymous|Defiant|boost
|-boost|p2a: Anonymous|atk|2
|faint|p1a: Goodra
|
|t:|1781065585
|switch|p2a: Smile.exe|Tinkaton, F, shiny|31/100 brn|[from] U-turn
|
|-damage|p2a: Smile.exe|25/100 brn|[from] brn
|upkeep
|
|t:|1781065591
|switch|p1a: Meowscarada|Meowscarada, F|100/100
|-damage|p1a: Meowscarada|88/100|[from] Stealth Rock
|turn|6
|
|t:|1781065617
|move|p1a: Meowscarada|Knock Off|p2a: Smile.exe
|-start|p1a: Meowscarada|typechange|Dark|[from] ability: Protean
|-resisted|p2a: Smile.exe
|-damage|p2a: Smile.exe|0 fnt
|faint|p2a: Smile.exe
|
|upkeep
|
|t:|1781065624
|switch|p2a: Behemoth|Great Tusk, shiny|100/100
|turn|7
|
|t:|1781065630
|switch|p1a: Shaymin|Shaymin|100/100
|-damage|p1a: Shaymin|88/100|[from] Stealth Rock
|move|p2a: Behemoth|Close Combat|p1a: Shaymin
|-damage|p1a: Shaymin|28/100
|-unboost|p2a: Behemoth|def|1
|-unboost|p2a: Behemoth|spd|1
|
|upkeep
|turn|8
|
|t:|1781065637
|-end|p2a: Behemoth|Protosynthesis|[silent]
|switch|p2a: Hybrid|Hydreigon, M, shiny|100/100
|move|p1a: Shaymin|Seed Flare|p2a: Hybrid
|-resisted|p2a: Hybrid
|-damage|p2a: Hybrid|69/100
|
|upkeep
|turn|9
|
|t:|1781065644
|move|p1a: Shaymin|Seed Flare|p2a: Hybrid
|-resisted|p2a: Hybrid
|-damage|p2a: Hybrid|40/100
|-unboost|p2a: Hybrid|spd|2
|move|p2a: Hybrid|Draco Meteor|p1a: Shaymin
|-damage|p1a: Shaymin|0 fnt
|-unboost|p2a: Hybrid|spa|2
|faint|p1a: Shaymin
|
|upkeep
|
|t:|1781065648
|switch|p1a: Glimmora|Glimmora, M|100/100
|-damage|p1a: Glimmora|88/100|[from] Stealth Rock
|turn|10
|
|t:|1781065652
|switch|p2a: Pisces|Alomomola, M, shiny|64/100
|move|p1a: Glimmora|Mortal Spin|p2a: Pisces
|-crit|p2a: Pisces
|-damage|p2a: Pisces|57/100
|-status|p2a: Pisces|psn
|-sideend|p1: Chinatownz|Stealth Rock|[from] move: Mortal Spin|[of] p1a: Glimmora
|
|-damage|p2a: Pisces|45/100 psn|[from] psn
|upkeep
|turn|11
|
|t:|1781065655
|move|p1a: Glimmora|Meteor Beam||[still]
|-prepare|p1a: Glimmora|Meteor Beam
|-boost|p1a: Glimmora|spa|1
|-enditem|p1a: Glimmora|Power Herb
|-anim|p1a: Glimmora|Meteor Beam|p2a: Pisces
|-damage|p2a: Pisces|0 fnt
|faint|p2a: Pisces
|
|upkeep
|
|t:|1781065659
|switch|p2a: Anonymous|Ogerpon, F|100/100
|turn|12
|
|t:|1781065662
|move|p2a: Anonymous|Ivy Cudgel|p1a: Glimmora
|-crit|p1a: Glimmora
|-damage|p1a: Glimmora|0 fnt
|-activate|p1a: Glimmora|ability: Toxic Debris
|-sidestart|p2: kefka ffxiv|move: Toxic Spikes
|faint|p1a: Glimmora
|
|upkeep
|
|t:|1781065668
|switch|p1a: Meowscarada|Meowscarada, F|88/100
|turn|13
|
|t:|1781065676
|switch|p2a: Hybrid|Hydreigon, M, shiny|40/100
|move|p1a: Meowscarada|U-turn|p2a: Hybrid
|-start|p1a: Meowscarada|typechange|Bug|[from] ability: Protean
|-supereffective|p2a: Hybrid
|-damage|p2a: Hybrid|0 fnt
|faint|p2a: Hybrid
|
|t:|1781065680
|switch|p1a: Dragonite|Dragonite, F|100/100|[from] U-turn
|
|upkeep
|
|t:|1781065685
|switch|p2a: Overseer|Pecharunt|100/100
|-sideend|p2: kefka ffxiv|move: Toxic Spikes|[of] p2a: Overseer
|turn|14
|
|t:|1781065690
|move|p1a: Dragonite|Dragon Dance|p1a: Dragonite
|-boost|p1a: Dragonite|atk|1
|-boost|p1a: Dragonite|spe|1
|move|p2a: Overseer|Malignant Chain|p1a: Dragonite
|-damage|p1a: Dragonite|87/100
|-status|p1a: Dragonite|tox
|-start|p1a: Dragonite|confusion|[from] ability: Poison Puppeteer|[of] p2a: Overseer
|
|-heal|p1a: Dragonite|93/100 tox|[from] item: Leftovers
|-damage|p1a: Dragonite|87/100 tox|[from] psn
|upkeep
|turn|15
|
|t:|1781065699
|-activate|p1a: Dragonite|confusion
|-damage|p1a: Dragonite|70/100 tox|[from] confusion
|move|p2a: Overseer|Parting Shot|p1a: Dragonite
|-unboost|p1a: Dragonite|atk|1
|-unboost|p1a: Dragonite|spa|1
|
|t:|1781065701
|switch|p2a: Behemoth|Great Tusk, shiny|100/100|[from] Parting Shot
|
|-heal|p1a: Dragonite|77/100 tox|[from] item: Leftovers
|-damage|p1a: Dragonite|64/100 tox|[from] psn
|upkeep
|turn|16
|
|t:|1781065707
|-terastallize|p1a: Dragonite|Normal
|-activate|p1a: Dragonite|confusion
|move|p1a: Dragonite|Dragon Dance|p1a: Dragonite
|-boost|p1a: Dragonite|atk|1
|-boost|p1a: Dragonite|spe|1
|move|p2a: Behemoth|Ice Spinner|p1a: Dragonite
|-damage|p1a: Dragonite|39/100 tox
|
|-heal|p1a: Dragonite|45/100 tox|[from] item: Leftovers
|-damage|p1a: Dragonite|27/100 tox|[from] psn
|upkeep
|turn|17
|
|t:|1781065719
|-activate|p1a: Dragonite|confusion
|-damage|p1a: Dragonite|10/100 tox|[from] confusion
|move|p2a: Behemoth|Ice Spinner|p1a: Dragonite
|-damage|p1a: Dragonite|0 fnt
|faint|p1a: Dragonite
|
|upkeep
|
|t:|1781065722
|switch|p1a: Meowscarada|Meowscarada, F|88/100
|turn|18
|
|t:|1781065726
|move|p1a: Meowscarada|Triple Axel|p2a: Behemoth
|-start|p1a: Meowscarada|typechange|Ice|[from] ability: Protean
|-supereffective|p2a: Behemoth
|-damage|p2a: Behemoth|81/100
|-supereffective|p2a: Behemoth
|-damage|p2a: Behemoth|39/100
|-supereffective|p2a: Behemoth
|-damage|p2a: Behemoth|0 fnt
|faint|p2a: Behemoth
|-end|p2a: Behemoth|Protosynthesis|[silent]
|-hitcount|p2: Behemoth|3
|
|upkeep
|
|t:|1781065737
|switch|p2a: Anonymous|Ogerpon, F|100/100
|turn|19
|
|t:|1781065738
|-terastallize|p2a: Anonymous|Grass
|detailschange|p2a: Anonymous|Ogerpon-Teal-Tera, F, tera:Grass
|-ability|p2a: Anonymous|Embody Aspect (Teal)|boost
|-boost|p2a: Anonymous|spe|1
|move|p2a: Anonymous|Ivy Cudgel|p1a: Meowscarada
|-damage|p1a: Meowscarada|0 fnt
|faint|p1a: Meowscarada
|
|upkeep
|
|t:|1781065745
|switch|p1a: Great Tusk|Great Tusk|100/100
|-enditem|p1a: Great Tusk|Booster Energy
|-activate|p1a: Great Tusk|ability: Protosynthesis|[fromitem]
|-start|p1a: Great Tusk|protosynthesisatk
|turn|20
|
|t:|1781065751
|move|p2a: Anonymous|Ivy Cudgel|p1a: Great Tusk
|-supereffective|p1a: Great Tusk
|-damage|p1a: Great Tusk|0 fnt
|faint|p1a: Great Tusk
|-end|p1a: Great Tusk|Protosynthesis|[silent]
|
|win|kefka ffxiv
|raw|Chinatownz's rating: 1528 &rarr; <strong>1509</strong><br />(-19 for losing)
|raw|kefka ffxiv's rating: 1540 &rarr; <strong>1559</strong><br />(+19 for winning)
|l|☆kefka ffxiv
|player|p2|
|l|☆Chinatownz
|player|p1|
