|j|☆Aegisrio
|j|☆BoostingTyranntrum
|t:|1780990028
|gametype|singles
|player|p1|Aegisrio|ghetsis|1562
|player|p2|BoostingTyranntrum|1|1546
|gen|9
|tier|[Gen 9] OU
|rated|
|rule|HP Percentage Mod: HP is shown in percentages
|rule|Endless Battle Clause: Forcing endless battles is banned
|rule|Species Clause: Limit one of each Pokémon
|rule|OHKO Clause: OHKO moves are banned
|rule|Evasion Items Clause: Evasion items are banned
|rule|Evasion Moves Clause: Evasion moves are banned
|rule|Evasion Abilities Clause: Evasion abilities are banned
|rule|Sleep Moves Clause: Sleep-inducing moves are banned
|clearpoke
|poke|p1|Cinderace, F|
|poke|p1|Pecharunt|
|poke|p1|Landorus-Therian, M|
|poke|p1|Corviknight, F|
|poke|p1|Kyurem|
|poke|p1|Lucario, M|
|poke|p2|Kyurem|
|poke|p2|Kingambit, M|
|poke|p2|Great Tusk|
|poke|p2|Cinderace, M|
|poke|p2|Slowking-Galar, M|
|poke|p2|Enamorus-Therian, F|
|teampreview
|
|t:|1780990065
|teamsize|p1|6
|teamsize|p2|6
|start
|switch|p1a: Cinderace|Cinderace, F, shiny|100/100
|switch|p2a: Great Tusk|Great Tusk, shiny|100/100
|turn|1
|
|t:|1780990070
|move|p2a: Great Tusk|Headlong Rush|p1a: Cinderace
|-supereffective|p1a: Cinderace
|-damage|p1a: Cinderace|0 fnt
|-unboost|p2a: Great Tusk|def|1
|-unboost|p2a: Great Tusk|spd|1
|faint|p1a: Cinderace
|
|upkeep
|
|t:|1780990079
|switch|p1a: Kyurem|Kyurem, shiny|100/100
|-ability|p1a: Kyurem|Pressure
|turn|2
|
|t:|1780990083
|-end|p2a: Great Tusk|Protosynthesis|[silent]
|switch|p2a: Slowking|Slowking-Galar, M, shiny|100/100
|move|p1a: Kyurem|Ice Beam|p2a: Slowking
|-damage|p2a: Slowking|64/100
|
|upkeep
|turn|3
|
|t:|1780990087
|move|p1a: Kyurem|Ice Beam|p2a: Slowking
|-damage|p2a: Slowking|25/100
|move|p2a: Slowking|Sludge Bomb|p1a: Kyurem
|-damage|p1a: Kyurem|60/100
|-status|p1a: Kyurem|psn
|
|-damage|p1a: Kyurem|47/100 psn|[from] psn
|upkeep
|turn|4
|
|t:|1780990094
|switch|p2a: Kyurem|Kyurem, shiny|100/100
|-ability|p2a: Kyurem|Pressure
|move|p1a: Kyurem|Ice Beam|p2a: Kyurem
|-damage|p2a: Kyurem|61/100
|
|-damage|p1a: Kyurem|35/100 psn|[from] psn
|upkeep
|turn|5
|
|t:|1780990100
|switch|p1a: Corviknight|Corviknight, F, shiny|100/100
|-ability|p1a: Corviknight|Pressure
|move|p2a: Kyurem|Ice Beam|p1a: Corviknight
|-damage|p1a: Corviknight|74/100
|
|-heal|p1a: Corviknight|80/100|[from] item: Leftovers
|upkeep
|turn|6
|
|t:|1780990106
|switch|p2a: Cinderace|Cinderace, M, shiny|100/100
|move|p1a: Corviknight|U-turn|p2a: Cinderace
|-resisted|p2a: Cinderace
|-damage|p2a: Cinderace|90/100
|
|t:|1780990112
|switch|p1a: Landorus|Landorus-Therian, M, shiny|100/100|[from] U-turn
|-ability|p1a: Landorus|Intimidate|boost
|-unboost|p2a: Cinderace|atk|1
|
|upkeep
|turn|7
|
|t:|1780990115
|switch|p2a: Great Tusk|Great Tusk, shiny|100/100
|move|p1a: Landorus|Earthquake|p2a: Great Tusk
|-damage|p2a: Great Tusk|62/100
|
|upkeep
|turn|8
|
|t:|1780990121
|switch|p1a: Corviknight|Corviknight, F, shiny|80/100
|-ability|p1a: Corviknight|Pressure
|move|p2a: Great Tusk|Headlong Rush|p1a: Corviknight
|-immune|p1a: Corviknight
|
|-heal|p1a: Corviknight|86/100|[from] item: Leftovers
|upkeep
|turn|9
|
|t:|1780990125
|-end|p2a: Great Tusk|Protosynthesis|[silent]
|switch|p2a: Slowking|Slowking-Galar, M, shiny|59/100
|move|p1a: Corviknight|U-turn|p2a: Slowking
|-damage|p2a: Slowking|45/100
|
|t:|1780990134
|switch|p1a: Landorus|Landorus-Therian, M, shiny|100/100|[from] U-turn
|-ability|p1a: Landorus|Intimidate|boost
|-unboost|p2a: Slowking|atk|1
|
|upkeep
|turn|10
|
|t:|1780990137
|switch|p2a: Great Tusk|Great Tusk, shiny|62/100
|move|p1a: Landorus|Stone Edge|p2a: Great Tusk
|-resisted|p2a: Great Tusk
|-damage|p2a: Great Tusk|55/100
|
|upkeep
|turn|11
|
|t:|1780990142
|switch|p1a: Pecharunt|Pecharunt|100/100
|-end|p2a: Great Tusk|Protosynthesis|[silent]
|switch|p2a: Cinderace|Cinderace, M, shiny|90/100
|
|upkeep
|turn|12
|
|t:|1780990146
|move|p2a: Cinderace|U-turn|p1a: Pecharunt
|-start|p2a: Cinderace|typechange|Bug|[from] ability: Libero
|-resisted|p1a: Pecharunt
|-damage|p1a: Pecharunt|97/100
|-damage|p2a: Cinderace|73/100|[from] item: Rocky Helmet|[of] p1a: Pecharunt
|
|t:|1780990150
|switch|p2a: Kyurem|Kyurem, shiny|61/100|[from] U-turn
|-ability|p2a: Kyurem|Pressure
|move|p1a: Pecharunt|Malignant Chain|p2a: Kyurem
|-damage|p2a: Kyurem|42/100
|-status|p2a: Kyurem|tox
|-start|p2a: Kyurem|confusion|[from] ability: Poison Puppeteer|[of] p1a: Pecharunt
|
|-damage|p2a: Kyurem|36/100 tox|[from] psn
|upkeep
|turn|13
|
|t:|1780990154
|switch|p1a: Corviknight|Corviknight, F, shiny|86/100
|-ability|p1a: Corviknight|Pressure
|-activate|p2a: Kyurem|confusion
|move|p2a: Kyurem|Ice Beam|p1a: Corviknight
|-crit|p1a: Corviknight
|-damage|p1a: Corviknight|48/100
|
|-heal|p1a: Corviknight|54/100|[from] item: Leftovers
|-damage|p2a: Kyurem|24/100 tox|[from] psn
|upkeep
|turn|14
|
|t:|1780990161
|switch|p2a: Cinderace|Cinderace, M, shiny|73/100
|move|p1a: Corviknight|Roost|p1a: Corviknight
|-heal|p1a: Corviknight|100/100
|-singleturn|p1a: Corviknight|move: Roost
|
|upkeep
|turn|15
|
|t:|1780990164
|switch|p1a: Pecharunt|Pecharunt|97/100
|move|p2a: Cinderace|Pyro Ball|p1a: Pecharunt
|-damage|p1a: Pecharunt|70/100
|
|upkeep
|turn|16
|
|t:|1780990168
|move|p2a: Cinderace|U-turn|p1a: Pecharunt
|-start|p2a: Cinderace|typechange|Bug|[from] ability: Libero
|-resisted|p1a: Pecharunt
|-damage|p1a: Pecharunt|67/100
|-damage|p2a: Cinderace|57/100|[from] item: Rocky Helmet|[of] p1a: Pecharunt
|
|t:|1780990171
|switch|p2a: Kyurem|Kyurem, shiny|24/100 tox|[from] U-turn
|-ability|p2a: Kyurem|Pressure
|move|p1a: Pecharunt|Parting Shot|p2a: Kyurem
|-unboost|p2a: Kyurem|atk|1
|-unboost|p2a: Kyurem|spa|1
|
|t:|1780990178
|switch|p1a: Landorus|Landorus-Therian, M, shiny|100/100|[from] Parting Shot
|-ability|p1a: Landorus|Intimidate|boost
|-unboost|p2a: Kyurem|atk|1
|
|-damage|p2a: Kyurem|18/100 tox|[from] psn
|upkeep
|turn|17
|
|t:|1780990180
|move|p1a: Landorus|U-turn|p2a: Kyurem
|-damage|p2a: Kyurem|3/100 tox
|
|t:|1780990184
|switch|p1a: Corviknight|Corviknight, F, shiny|100/100|[from] U-turn
|-ability|p1a: Corviknight|Pressure
|move|p2a: Kyurem|Ice Beam|p1a: Corviknight
|-damage|p1a: Corviknight|83/100
|-status|p1a: Corviknight|frz
|
|-heal|p1a: Corviknight|89/100 frz|[from] item: Leftovers
|-damage|p2a: Kyurem|0 fnt|[from] psn
|faint|p2a: Kyurem
|upkeep
|
|t:|1780990192
|switch|p2a: Slowking|Slowking-Galar, M, shiny|78/100
|turn|18
|
|t:|1780990196
|cant|p1a: Corviknight|frz
|move|p2a: Slowking|Flamethrower|p1a: Corviknight
|-supereffective|p1a: Corviknight
|-damage|p1a: Corviknight|50/100 frz
|-curestatus|p1a: Corviknight|frz|[msg]
|
|-heal|p1a: Corviknight|56/100|[from] item: Leftovers
|upkeep
|turn|19
|
|t:|1780990199
|move|p1a: Corviknight|Roost|p1a: Corviknight
|-heal|p1a: Corviknight|100/100
|-singleturn|p1a: Corviknight|move: Roost
|move|p2a: Slowking|Flamethrower|p1a: Corviknight
|-supereffective|p1a: Corviknight
|-damage|p1a: Corviknight|59/100
|
|-heal|p1a: Corviknight|65/100|[from] item: Leftovers
|upkeep
|turn|20
|
|t:|1780990203
|move|p1a: Corviknight|U-turn|p2a: Slowking
|-damage|p2a: Slowking|64/100
|
|t:|1780990208
|switch|p1a: Landorus|Landorus-Therian, M, shiny|100/100|[from] U-turn
|-ability|p1a: Landorus|Intimidate|boost
|-unboost|p2a: Slowking|atk|1
|move|p2a: Slowking|Flamethrower|p1a: Landorus
|-damage|p1a: Landorus|53/100
|
|upkeep
|turn|21
|
|t:|1780990212
|switch|p2a: Great Tusk|Great Tusk, shiny|55/100
|move|p1a: Landorus|Earthquake|p2a: Great Tusk
|-damage|p2a: Great Tusk|16/100
|
|upkeep
|turn|22
|
|t:|1780990216
|-end|p2a: Great Tusk|Protosynthesis|[silent]
|switch|p2a: Kingambit|Kingambit, M, shiny|100/100
|-activate|p2a: Kingambit|ability: Supreme Overlord
|-start|p2a: Kingambit|fallen1|[silent]
|-item|p2a: Kingambit|Air Balloon
|move|p1a: Landorus|Earthquake|p2a: Kingambit
|-immune|p2a: Kingambit
|
|upkeep
|turn|23
|j| Ostenberg
|
|t:|1780990223
|switch|p1a: Lucario|Lucario, M, shiny|100/100
|move|p2a: Kingambit|Swords Dance|p2a: Kingambit
|-boost|p2a: Kingambit|atk|2
|
|upkeep
|turn|24
|
|t:|1780990227
|-end|p2a: Kingambit|fallen1|[silent]
|switch|p2a: Great Tusk|Great Tusk, shiny|16/100
|move|p1a: Lucario|Vacuum Wave|p2a: Great Tusk
|-damage|p2a: Great Tusk|0 fnt
|faint|p2a: Great Tusk
|-end|p2a: Great Tusk|Protosynthesis|[silent]
|-damage|p1a: Lucario|91/100|[from] item: Life Orb
|
|upkeep
|
|t:|1780990229
|switch|p2a: Cinderace|Cinderace, M, shiny|57/100
|turn|25
|
|t:|1780990232
|switch|p1a: Pecharunt|Pecharunt|67/100
|move|p2a: Cinderace|U-turn|p1a: Pecharunt
|-start|p2a: Cinderace|typechange|Bug|[from] ability: Libero
|-resisted|p1a: Pecharunt
|-damage|p1a: Pecharunt|63/100
|-damage|p2a: Cinderace|40/100|[from] item: Rocky Helmet|[of] p1a: Pecharunt
|
|t:|1780990238
|switch|p2a: Slowking|Slowking-Galar, M, shiny|97/100|[from] U-turn
|
|upkeep
|turn|26
|
|t:|1780990244
|move|p1a: Pecharunt|Recover|p1a: Pecharunt
|-heal|p1a: Pecharunt|100/100
|move|p2a: Slowking|Flamethrower|p1a: Pecharunt
|-damage|p1a: Pecharunt|69/100
|
|upkeep
|turn|27
|
|t:|1780990248
|move|p1a: Pecharunt|Parting Shot|p2a: Slowking
|-unboost|p2a: Slowking|atk|1
|-unboost|p2a: Slowking|spa|1
|
|t:|1780990251
|switch|p1a: Landorus|Landorus-Therian, M, shiny|53/100|[from] Parting Shot
|-ability|p1a: Landorus|Intimidate|boost
|-unboost|p2a: Slowking|atk|1
|move|p2a: Slowking|Psyshock|p1a: Landorus
|-damage|p1a: Landorus|20/100
|
|upkeep
|turn|28
|
|t:|1780990255
|move|p1a: Landorus|Stone Edge|p2a: Slowking
|-damage|p2a: Slowking|56/100
|move|p2a: Slowking|Psyshock|p1a: Landorus
|-damage|p1a: Landorus|0 fnt
|faint|p1a: Landorus
|
|upkeep
|
|t:|1780990270
|switch|p1a: Lucario|Lucario, M, shiny|91/100
|turn|29
|
|t:|1780990274
|move|p1a: Lucario|Nasty Plot|p1a: Lucario
|-boost|p1a: Lucario|spa|2
|move|p2a: Slowking|Flamethrower|p1a: Lucario
|-supereffective|p1a: Lucario
|-damage|p1a: Lucario|25/100
|
|upkeep
|turn|30
|
|t:|1780990280
|move|p1a: Lucario|Dark Pulse|p2a: Slowking
|-supereffective|p2a: Slowking
|-damage|p2a: Slowking|0 fnt
|faint|p2a: Slowking
|-damage|p1a: Lucario|15/100|[from] item: Life Orb
|
|upkeep
|
|t:|1780990286
|switch|p2a: Cinderace|Cinderace, M, shiny|40/100
|turn|31
|
|t:|1780990289
|move|p2a: Cinderace|Sucker Punch|p1a: Lucario
|-start|p2a: Cinderace|typechange|Dark|[from] ability: Libero
|-resisted|p1a: Lucario
|-damage|p1a: Lucario|0 fnt
|faint|p1a: Lucario
|
|upkeep
|
|t:|1780990296
|switch|p1a: Pecharunt|Pecharunt|69/100
|turn|32
|
|t:|1780990301
|move|p2a: Cinderace|Pyro Ball|p1a: Pecharunt
|-damage|p1a: Pecharunt|50/100
|move|p1a: Pecharunt|Parting Shot|p2a: Cinderace
|-unboost|p2a: Cinderace|atk|1
|-unboost|p2a: Cinderace|spa|1
|
|t:|1780990305
|switch|p1a: Corviknight|Corviknight, F, shiny|65/100|[from] Parting Shot
|-ability|p1a: Corviknight|Pressure
|
|-heal|p1a: Corviknight|71/100|[from] item: Leftovers
|upkeep
|turn|33
|
|t:|1780990310
|move|p2a: Cinderace|U-turn|p1a: Corviknight
|-resisted|p1a: Corviknight
|-damage|p1a: Corviknight|68/100
|
|t:|1780990312
|switch|p2a: Enamorus|Enamorus-Therian, F|100/100|[from] U-turn
|move|p1a: Corviknight|Roost|p1a: Corviknight
|-heal|p1a: Corviknight|100/100
|-singleturn|p1a: Corviknight|move: Roost
|
|upkeep
|turn|34
|
|t:|1780990316
|move|p1a: Corviknight|U-turn|p2a: Enamorus
|-resisted|p2a: Enamorus
|-damage|p2a: Enamorus|98/100
|
|t:|1780990320
|switch|p1a: Pecharunt|Pecharunt|50/100|[from] U-turn
|move|p2a: Enamorus|Calm Mind|p2a: Enamorus
|-boost|p2a: Enamorus|spa|1
|-boost|p2a: Enamorus|spd|1
|
|-heal|p2a: Enamorus|100/100|[from] item: Leftovers
|upkeep
|turn|35
|
|t:|1780990324
|-terastallize|p2a: Enamorus|Poison
|move|p1a: Pecharunt|Malignant Chain|p2a: Enamorus
|-resisted|p2a: Enamorus
|-damage|p2a: Enamorus|91/100
|move|p2a: Enamorus|Calm Mind|p2a: Enamorus
|-boost|p2a: Enamorus|spa|1
|-boost|p2a: Enamorus|spd|1
|
|-heal|p2a: Enamorus|97/100|[from] item: Leftovers
|upkeep
|turn|36
|
|t:|1780990328
|move|p1a: Pecharunt|Parting Shot|p2a: Enamorus
|-unboost|p2a: Enamorus|atk|1
|-unboost|p2a: Enamorus|spa|1
|
|t:|1780990331
|switch|p1a: Corviknight|Corviknight, F, shiny|100/100|[from] Parting Shot
|-ability|p1a: Corviknight|Pressure
|move|p2a: Enamorus|Calm Mind|p2a: Enamorus
|-boost|p2a: Enamorus|spa|1
|-boost|p2a: Enamorus|spd|1
|
|-heal|p2a: Enamorus|100/100|[from] item: Leftovers
|upkeep
|turn|37
|-message|Aegisrio forfeited.
|
|win|BoostingTyranntrum
|raw|Aegisrio's rating: 1562 &rarr; <strong>1541</strong><br />(-21 for losing)
|raw|BoostingTyranntrum's rating: 1546 &rarr; <strong>1567</strong><br />(+21 for winning)
|l|☆Aegisrio
|player|p1|
|l|☆BoostingTyranntrum
|player|p2|
