|j|☆skayotest
|j|☆my2005
|t:|1781256646
|gametype|singles
|player|p1|skayotest|1|1661
|player|p2|my2005|170|1741
|gen|9
|tier|[Gen 9] OU
|rated|
|rule|HP Percentage Mod: HP is shown in percentages
|rule|Endless Battle Clause: Forcing endless battles is banned
|rule|Species Clause: Limit one of each Pokémon
|rule|OHKO Clause: OHKO moves are banned
|rule|Evasion Items Clause: Evasion items are banned
|rule|Evasion Moves Clause: Evasion moves are banned
|rule|Evasion Abilities Clause: Evasion abilities are banned
|rule|Sleep Moves Clause: Sleep-inducing moves are banned
|clearpoke
|poke|p1|Samurott-Hisui, F|
|poke|p1|Rillaboom, M|
|poke|p1|Garchomp, M|
|poke|p1|Gholdengo|
|poke|p1|Slowking-Galar, F|
|poke|p1|Cinderace, M|
|poke|p2|Slowking-Galar, M|
|poke|p2|Whimsicott, F|
|poke|p2|Kyurem|
|poke|p2|Cinderace, F|
|poke|p2|Alomomola, F|
|poke|p2|Gliscor, F|
|teampreview
|
|t:|1781256651
|teamsize|p1|6
|teamsize|p2|6
|start
|switch|p1a: Gholdengo|Gholdengo|100/100
|switch|p2a: Kyurem|Kyurem|100/100
|-ability|p2a: Kyurem|Pressure
|turn|1
|
|t:|1781256654
|move|p2a: Kyurem|Protect|p2a: Kyurem
|-singleturn|p2a: Kyurem|Protect
|move|p1a: Gholdengo|Make It Rain|p2a: Kyurem
|-activate|p2a: Kyurem|move: Protect
|
|upkeep
|turn|2
|
|t:|1781256659
|switch|p1a: Rillaboom|Rillaboom, M|100/100
|-fieldstart|move: Grassy Terrain|[from] ability: Grassy Surge|[of] p1a: Rillaboom
|switch|p2a: Alomomola|Alomomola, F|100/100
|
|upkeep
|turn|3
|
|t:|1781256663
|move|p2a: Alomomola|Protect|p2a: Alomomola
|-singleturn|p2a: Alomomola|Protect
|move|p1a: Rillaboom|Wood Hammer|p2a: Alomomola
|-activate|p2a: Alomomola|move: Protect
|
|upkeep
|turn|4
|
|t:|1781256670
|switch|p2a: Kyurem|Kyurem|100/100
|-ability|p2a: Kyurem|Pressure
|move|p1a: Rillaboom|Wood Hammer|p2a: Kyurem
|-resisted|p2a: Kyurem
|-damage|p2a: Kyurem|35/100
|-damage|p1a: Rillaboom|79/100|[from] Recoil
|
|-heal|p2a: Kyurem|41/100|[from] Grassy Terrain
|-heal|p2a: Kyurem|47/100|[from] item: Leftovers
|-heal|p1a: Rillaboom|85/100|[from] Grassy Terrain
|upkeep
|turn|5
|inactive|Battle timer is ON: inactive players will automatically lose when time's up. (requested by my2005)
|
|t:|1781256679
|switch|p1a: Slowking|Slowking-Galar, F|100/100
|move|p2a: Kyurem|Substitute|p2a: Kyurem
|-start|p2a: Kyurem|Substitute
|-damage|p2a: Kyurem|22/100
|
|-heal|p2a: Kyurem|28/100|[from] Grassy Terrain
|-heal|p2a: Kyurem|34/100|[from] item: Leftovers
|upkeep
|turn|6
|
|t:|1781256683
|move|p2a: Kyurem|Protect|p2a: Kyurem
|-singleturn|p2a: Kyurem|Protect
|move|p1a: Slowking|Future Sight|p2a: Kyurem
|-start|p1a: Slowking|move: Future Sight
|
|-heal|p2a: Kyurem|40/100|[from] Grassy Terrain
|-heal|p2a: Kyurem|46/100|[from] item: Leftovers
|-fieldend|move: Grassy Terrain
|upkeep
|turn|7
|j| TheSacredJackal⨕
|
|t:|1781256686
|move|p2a: Kyurem|Earth Power|p1a: Slowking
|-supereffective|p1a: Slowking
|-damage|p1a: Slowking|64/100
|move|p1a: Slowking|Sludge Bomb|p2a: Kyurem
|-end|p2a: Kyurem|Substitute
|
|-heal|p2a: Kyurem|52/100|[from] item: Leftovers
|upkeep
|turn|8
|
|t:|1781256694
|switch|p2a: Slowking|Slowking-Galar, M|100/100
|-prepare|p1a: Slowking|Chilly Reception|[premajor]
|move|p1a: Slowking|Chilly Reception|p1a: Slowking
|-weather|Snowscape
|
|t:|1781256697
|switch|p1a: Samurott|Samurott-Hisui, F|100/100|[from] Chilly Reception
|
|-weather|Snowscape|[upkeep]
|-end|p2a: Slowking|move: Future Sight
|-damage|p2a: Slowking|76/100
|upkeep
|turn|9
|
|t:|1781256720
|switch|p2a: Whimsicott|Whimsicott, F|100/100
|move|p1a: Samurott|Ceaseless Edge|p2a: Whimsicott
|-resisted|p2a: Whimsicott
|-damage|p2a: Whimsicott|79/100
|-sidestart|p2: my2005|Spikes
|
|-weather|Snowscape|[upkeep]
|-heal|p2a: Whimsicott|85/100|[from] item: Leftovers
|upkeep
|turn|10
|
|t:|1781256729
|move|p2a: Whimsicott|U-turn|p1a: Samurott
|-supereffective|p1a: Samurott
|-damage|p1a: Samurott|72/100
|
|t:|1781256741
|switch|p2a: Alomomola|Alomomola, F|100/100|[from] U-turn
|-damage|p2a: Alomomola|88/100|[from] Spikes
|move|p1a: Samurott|Ceaseless Edge|p2a: Alomomola
|-damage|p2a: Alomomola|62/100
|-damage|p1a: Samurott|56/100|[from] item: Rocky Helmet|[of] p2a: Alomomola
|-sidestart|p2: my2005|Spikes
|
|-weather|Snowscape|[upkeep]
|-heal|p1a: Samurott|62/100|[from] item: Leftovers
|upkeep
|turn|11
|
|t:|1781256752
|switch|p1a: Garchomp|Garchomp, M|100/100
|move|p2a: Alomomola|Flip Turn|p1a: Garchomp
|-damage|p1a: Garchomp|90/100
|-damage|p2a: Alomomola|50/100|[from] ability: Rough Skin|[of] p1a: Garchomp
|-damage|p2a: Alomomola|33/100|[from] item: Rocky Helmet|[of] p1a: Garchomp
|
|t:|1781256759
|switch|p2a: Gliscor|Gliscor, F|100/100|[from] Flip Turn
|
|-weather|Snowscape|[upkeep]
|-status|p2a: Gliscor|tox|[from] item: Toxic Orb
|upkeep
|turn|12
|
|t:|1781256768
|move|p2a: Gliscor|Swords Dance|p2a: Gliscor
|-boost|p2a: Gliscor|atk|2
|move|p1a: Garchomp|Stealth Rock|p2a: Gliscor
|-sidestart|p2: my2005|move: Stealth Rock
|
|-weather|none
|upkeep
|turn|13
|
|t:|1781256772
|move|p2a: Gliscor|Earthquake|p1a: Garchomp
|-damage|p1a: Garchomp|50/100
|move|p1a: Garchomp|Dragon Tail|p2a: Gliscor
|-damage|p2a: Gliscor|80/100 tox
|drag|p2a: Kyurem|Kyurem|52/100
|-damage|p2a: Kyurem|36/100|[from] Spikes
|-damage|p2a: Kyurem|11/100|[from] Stealth Rock
|-ability|p2a: Kyurem|Pressure
|
|-heal|p2a: Kyurem|17/100|[from] item: Leftovers
|upkeep
|turn|14
|
|t:|1781256783
|switch|p1a: Gholdengo|Gholdengo|100/100
|move|p2a: Kyurem|Protect||[still]
|-fail|p2a: Kyurem
|
|-heal|p2a: Kyurem|23/100|[from] item: Leftovers
|upkeep
|turn|15
|
|t:|1781256791
|move|p2a: Kyurem|Protect|p2a: Kyurem
|-singleturn|p2a: Kyurem|Protect
|move|p1a: Gholdengo|Shadow Ball|p2a: Kyurem
|-activate|p2a: Kyurem|move: Protect
|
|-heal|p2a: Kyurem|29/100|[from] item: Leftovers
|upkeep
|turn|16
|
|t:|1781256799
|switch|p2a: Cinderace|Cinderace, F|100/100
|move|p1a: Gholdengo|Shadow Ball|p2a: Cinderace
|-damage|p2a: Cinderace|35/100
|
|upkeep
|turn|17
|
|t:|1781256811
|switch|p2a: Whimsicott|Whimsicott, F|85/100
|-damage|p2a: Whimsicott|68/100|[from] Spikes
|-damage|p2a: Whimsicott|56/100|[from] Stealth Rock
|move|p1a: Gholdengo|Shadow Ball|p2a: Whimsicott
|-damage|p2a: Whimsicott|0 fnt
|faint|p2a: Whimsicott
|
|upkeep
|
|t:|1781256819
|switch|p2a: Gliscor|Gliscor, F|80/100 tox
|-damage|p2a: Gliscor|67/100 tox|[from] Stealth Rock
|turn|18
|
|t:|1781256829
|-terastallize|p2a: Gliscor|Dark
|move|p1a: Gholdengo|Shadow Ball|p2a: Gliscor
|-resisted|p2a: Gliscor
|-damage|p2a: Gliscor|40/100 tox
|move|p2a: Gliscor|Swords Dance|p2a: Gliscor
|-boost|p2a: Gliscor|atk|2
|
|-heal|p2a: Gliscor|52/100 tox|[from] ability: Poison Heal
|upkeep
|turn|19
|
|t:|1781256853
|switch|p1a: Samurott|Samurott-Hisui, F|62/100
|move|p2a: Gliscor|Swords Dance|p2a: Gliscor
|-boost|p2a: Gliscor|atk|2
|
|-heal|p1a: Samurott|68/100|[from] item: Leftovers
|-heal|p2a: Gliscor|65/100 tox|[from] ability: Poison Heal
|upkeep
|turn|20
|
|t:|1781256858
|move|p2a: Gliscor|Earthquake|p1a: Samurott
|-damage|p1a: Samurott|0 fnt
|faint|p1a: Samurott
|
|-heal|p2a: Gliscor|77/100 tox|[from] ability: Poison Heal
|upkeep
|
|t:|1781256876
|switch|p1a: Gholdengo|Gholdengo|100/100
|turn|21
|
|t:|1781256879
|move|p1a: Gholdengo|Make It Rain|p2a: Gliscor
|-damage|p2a: Gliscor|4/100 tox
|-unboost|p1a: Gholdengo|spa|1
|move|p2a: Gliscor|Earthquake|p1a: Gholdengo
|-supereffective|p1a: Gholdengo
|-damage|p1a: Gholdengo|0 fnt
|faint|p1a: Gholdengo
|
|-heal|p2a: Gliscor|16/100 tox|[from] ability: Poison Heal
|upkeep
|c| TheSacredJackal⨕|thats so depressing
|
|t:|1781256890
|switch|p1a: Rillaboom|Rillaboom, M|85/100
|-fieldstart|move: Grassy Terrain|[from] ability: Grassy Surge|[of] p1a: Rillaboom
|turn|22
|j| lord shiddenfards
|
|t:|1781256894
|move|p1a: Rillaboom|Grassy Glide|p2a: Gliscor
|-damage|p2a: Gliscor|0 fnt
|faint|p2a: Gliscor
|
|-heal|p1a: Rillaboom|91/100|[from] Grassy Terrain
|upkeep
|
|t:|1781256897
|switch|p2a: Cinderace|Cinderace, F|35/100
|turn|23
|
|t:|1781256902
|-terastallize|p1a: Rillaboom|Grass
|move|p1a: Rillaboom|Grassy Glide|p2a: Cinderace
|-resisted|p2a: Cinderace
|-damage|p2a: Cinderace|0 fnt
|faint|p2a: Cinderace
|
|-heal|p1a: Rillaboom|97/100|[from] Grassy Terrain
|upkeep
|
|t:|1781256905
|switch|p2a: Slowking|Slowking-Galar, M|100/100
|-damage|p2a: Slowking|84/100|[from] Spikes
|-damage|p2a: Slowking|72/100|[from] Stealth Rock
|turn|24
|
|t:|1781256915
|switch|p1a: Slowking|Slowking-Galar, F|97/100
|move|p2a: Slowking|Psychic Noise|p1a: Slowking
|-damage|p1a: Slowking|76/100
|-start|p1a: Slowking|move: Heal Block
|
|-heal|p2a: Slowking|78/100|[from] Grassy Terrain
|upkeep
|turn|25
|-message|my2005 forfeited.
|
|win|skayotest
|raw|skayotest's rating: 1661 &rarr; <strong>1686</strong><br />(+25 for winning)
|raw|my2005's rating: 1741 &rarr; <strong>1716</strong><br />(-25 for losing)
|j| choispecs ironmoth
|l|☆my2005
|player|p2|
|c|☆skayotest|gg
|l| lord shiddenfards
|l|☆skayotest
|player|p1|
|l| TheSacredJackal⨕
