|j|☆Nick Suzuki
|j|☆unamedturd
|t:|1781317251
|gametype|singles
|player|p1|Nick Suzuki|skier|1519
|player|p2|unamedturd|li|1549
|gen|9
|tier|[Gen 9] OU
|rated|
|rule|HP Percentage Mod: HP is shown in percentages
|rule|Endless Battle Clause: Forcing endless battles is banned
|rule|Species Clause: Limit one of each Pokémon
|rule|OHKO Clause: OHKO moves are banned
|rule|Evasion Items Clause: Evasion items are banned
|rule|Evasion Moves Clause: Evasion moves are banned
|rule|Evasion Abilities Clause: Evasion abilities are banned
|rule|Sleep Moves Clause: Sleep-inducing moves are banned
|clearpoke
|poke|p1|Scizor, M|
|poke|p1|Kyurem|
|poke|p1|Cinderace, M|
|poke|p1|Slowking-Galar, F|
|poke|p1|Raging Bolt|
|poke|p1|Landorus-Therian, M|
|poke|p2|Zamazenta-*|
|poke|p2|Sinistcha-Masterpiece|
|poke|p2|Kleavor, M|
|poke|p2|Kingambit, F|
|poke|p2|Dragapult, F|
|poke|p2|Iron Treads|
|teampreview
|inactive|Battle timer is ON: inactive players will automatically lose when time's up. (requested by unamedturd)
|
|t:|1781317277
|teamsize|p1|6
|teamsize|p2|6
|start
|switch|p1a: Landorus|Landorus-Therian, M|100/100
|switch|p2a: Dragapult|Dragapult, F|100/100
|-ability|p1a: Landorus|Intimidate|boost
|-unboost|p2a: Dragapult|atk|1
|turn|1
|
|t:|1781317287
|move|p2a: Dragapult|Shadow Ball|p1a: Landorus
|-damage|p1a: Landorus|44/100
|-unboost|p1a: Landorus|spd|1
|move|p1a: Landorus|Earthquake|p2a: Dragapult
|-damage|p2a: Dragapult|26/100
|
|upkeep
|turn|2
|
|t:|1781317312
|switch|p1a: Slowking|Slowking-Galar, F|100/100
|move|p2a: Dragapult|Shadow Ball|p1a: Slowking
|-supereffective|p1a: Slowking
|-damage|p1a: Slowking|55/100
|
|upkeep
|turn|3
|
|t:|1781317320
|switch|p2a: Kleavor|Kleavor, M|100/100
|-prepare|p1a: Slowking|Chilly Reception|[premajor]
|move|p1a: Slowking|Chilly Reception|p1a: Slowking
|-weather|Snowscape
|
|t:|1781317328
|switch|p1a: Landorus|Landorus-Therian, M|44/100|[from] Chilly Reception
|-ability|p1a: Landorus|Intimidate|boost
|-unboost|p2a: Kleavor|atk|1
|
|-weather|Snowscape|[upkeep]
|upkeep
|turn|4
|
|t:|1781317341
|move|p1a: Landorus|U-turn|p2a: Kleavor
|-damage|p2a: Kleavor|65/100
|
|t:|1781317344
|switch|p1a: Scizor|Scizor, M|100/100|[from] U-turn
|move|p2a: Kleavor|Stone Axe|p1a: Scizor
|-damage|p1a: Scizor|65/100
|-sidestart|p1: Nick Suzuki|move: Stealth Rock
|
|-weather|Snowscape|[upkeep]
|-heal|p1a: Scizor|72/100|[from] item: Leftovers
|upkeep
|turn|5
|
|t:|1781317362
|switch|p2a: Zamazenta|Zamazenta|100/100
|-ability|p2a: Zamazenta|Dauntless Shield|boost
|-boost|p2a: Zamazenta|def|1
|move|p1a: Scizor|Swords Dance|p1a: Scizor
|-boost|p1a: Scizor|atk|2
|
|-weather|Snowscape|[upkeep]
|-heal|p1a: Scizor|78/100|[from] item: Leftovers
|upkeep
|turn|6
|
|t:|1781317372
|switch|p1a: Slowking|Slowking-Galar, F|88/100
|move|p2a: Zamazenta|Body Press|p1a: Slowking
|-resisted|p1a: Slowking
|-damage|p1a: Slowking|73/100
|
|-weather|Snowscape|[upkeep]
|upkeep
|turn|7
|
|t:|1781317382
|-terastallize|p2a: Zamazenta|Dark
|move|p2a: Zamazenta|Crunch|p1a: Slowking
|-supereffective|p1a: Slowking
|-damage|p1a: Slowking|11/100
|-unboost|p1a: Slowking|def|1
|-prepare|p1a: Slowking|Chilly Reception|[premajor]
|move|p1a: Slowking|Chilly Reception|p1a: Slowking
|
|t:|1781317391
|switch|p1a: Raging Bolt|Raging Bolt|100/100|[from] Chilly Reception
|-damage|p1a: Raging Bolt|88/100|[from] Stealth Rock
|
|-weather|none
|upkeep
|turn|8
|
|t:|1781317398
|switch|p2a: Iron Treads|Iron Treads|100/100
|move|p1a: Raging Bolt|Draco Meteor|p2a: Iron Treads
|-resisted|p2a: Iron Treads
|-damage|p2a: Iron Treads|69/100
|-unboost|p1a: Raging Bolt|spa|2
|
|upkeep
|turn|9
|
|t:|1781317412
|-end|p1a: Raging Bolt|Protosynthesis|[silent]
|switch|p1a: Landorus|Landorus-Therian, M|44/100
|-damage|p1a: Landorus|32/100|[from] Stealth Rock
|-ability|p1a: Landorus|Intimidate|boost
|-unboost|p2a: Iron Treads|atk|1
|-end|p2a: Iron Treads|Quark Drive|[silent]
|switch|p2a: Kleavor|Kleavor, M|65/100
|
|upkeep
|turn|10
|
|t:|1781317426
|switch|p2a: Sinistcha|Sinistcha-Masterpiece|100/100
|move|p1a: Landorus|Earthquake|p2a: Sinistcha
|-resisted|p2a: Sinistcha
|-damage|p2a: Sinistcha|82/100
|
|-heal|p2a: Sinistcha|88/100|[from] item: Leftovers
|upkeep
|turn|11
|
|t:|1781317436
|switch|p1a: Cinderace|Cinderace, M|100/100
|move|p2a: Sinistcha|Shadow Ball|p1a: Cinderace
|-damage|p1a: Cinderace|62/100
|
|-heal|p2a: Sinistcha|94/100|[from] item: Leftovers
|upkeep
|turn|12
|
|t:|1781317444
|move|p1a: Cinderace|Court Change|p1a: Cinderace
|-start|p1a: Cinderace|typechange|Normal|[from] ability: Libero
|-swapsideconditions
|-activate|p1a: Cinderace|move: Court Change
|move|p2a: Sinistcha|Calm Mind|p2a: Sinistcha
|-boost|p2a: Sinistcha|spa|1
|-boost|p2a: Sinistcha|spd|1
|
|-heal|p2a: Sinistcha|99/100|[from] item: Leftovers
|upkeep
|turn|13
|
|t:|1781317453
|move|p1a: Cinderace|U-turn|p2a: Sinistcha
|-damage|p2a: Sinistcha|87/100
|
|t:|1781317469
|switch|p1a: Raging Bolt|Raging Bolt|88/100|[from] U-turn
|move|p2a: Sinistcha|Calm Mind|p2a: Sinistcha
|-boost|p2a: Sinistcha|spa|1
|-boost|p2a: Sinistcha|spd|1
|
|-heal|p2a: Sinistcha|93/100|[from] item: Leftovers
|upkeep
|turn|14
|
|t:|1781317477
|move|p1a: Raging Bolt|Volt Switch|p2a: Sinistcha
|-resisted|p2a: Sinistcha
|-damage|p2a: Sinistcha|74/100
|
|t:|1781317484
|-end|p1a: Raging Bolt|Protosynthesis|[silent]
|switch|p1a: Landorus|Landorus-Therian, M|32/100|[from] Volt Switch
|-ability|p1a: Landorus|Intimidate|boost
|-unboost|p2a: Sinistcha|atk|1
|move|p2a: Sinistcha|Shadow Ball|p1a: Landorus
|-damage|p1a: Landorus|0 fnt
|faint|p1a: Landorus
|
|-heal|p2a: Sinistcha|80/100|[from] item: Leftovers
|upkeep
|
|t:|1781317489
|switch|p1a: Scizor|Scizor, M|78/100
|turn|15
|
|t:|1781317499
|move|p1a: Scizor|Knock Off|p2a: Sinistcha
|-supereffective|p2a: Sinistcha
|-damage|p2a: Sinistcha|25/100
|-enditem|p2a: Sinistcha|Leftovers|[from] move: Knock Off|[of] p1a: Scizor
|move|p2a: Sinistcha|Shadow Ball|p1a: Scizor
|-damage|p1a: Scizor|0 fnt
|faint|p1a: Scizor
|
|upkeep
|
|t:|1781317510
|switch|p1a: Kyurem|Kyurem|100/100
|-ability|p1a: Kyurem|Pressure
|turn|16
|
|t:|1781317514
|move|p1a: Kyurem|Freeze-Dry|p2a: Sinistcha
|-supereffective|p2a: Sinistcha
|-damage|p2a: Sinistcha|0 fnt
|faint|p2a: Sinistcha
|
|upkeep
|
|t:|1781317520
|switch|p2a: Iron Treads|Iron Treads|69/100
|-damage|p2a: Iron Treads|66/100|[from] Stealth Rock
|turn|17
|
|t:|1781317525
|move|p1a: Kyurem|Substitute|p1a: Kyurem
|-start|p1a: Kyurem|Substitute
|-damage|p1a: Kyurem|75/100
|move|p2a: Iron Treads|Rapid Spin|p1a: Kyurem
|-activate|p1a: Kyurem|move: Substitute|[damage]
|-sideend|p2: unamedturd|Stealth Rock|[from] move: Rapid Spin|[of] p2a: Iron Treads
|-boost|p2a: Iron Treads|spe|1
|
|-heal|p1a: Kyurem|82/100|[from] item: Leftovers
|upkeep
|turn|18
|
|t:|1781317535
|move|p2a: Iron Treads|Earthquake|p1a: Kyurem
|-end|p1a: Kyurem|Substitute
|move|p1a: Kyurem|Earth Power|p2a: Iron Treads
|-supereffective|p2a: Iron Treads
|-damage|p2a: Iron Treads|32/100
|
|-heal|p1a: Kyurem|88/100|[from] item: Leftovers
|upkeep
|turn|19
|
|t:|1781317544
|move|p2a: Iron Treads|Steel Beam|p1a: Kyurem
|-supereffective|p1a: Kyurem
|-damage|p1a: Kyurem|24/100
|-damage|p2a: Iron Treads|0 fnt|[from] steelbeam
|faint|p2a: Iron Treads
|-end|p2a: Iron Treads|Quark Drive|[silent]
|move|p1a: Kyurem|Earth Power|p2: Iron Treads|[notarget]
|-fail|p1a: Kyurem
|
|-heal|p1a: Kyurem|30/100|[from] item: Leftovers
|upkeep
|
|t:|1781317554
|switch|p2a: Kleavor|Kleavor, M|65/100
|turn|20
|
|t:|1781317567
|switch|p1a: Slowking|Slowking-Galar, F|44/100
|move|p2a: Kleavor|Stone Axe|p1a: Slowking
|-damage|p1a: Slowking|0 fnt
|-sidestart|p1: Nick Suzuki|move: Stealth Rock
|faint|p1a: Slowking
|
|upkeep
|
|t:|1781317569
|switch|p1a: Raging Bolt|Raging Bolt|88/100
|-damage|p1a: Raging Bolt|76/100|[from] Stealth Rock
|turn|21
|
|t:|1781317584
|move|p2a: Kleavor|Stone Axe|p1a: Raging Bolt
|-damage|p1a: Raging Bolt|25/100
|move|p1a: Raging Bolt|Thunderbolt|p2a: Kleavor
|-damage|p2a: Kleavor|0 fnt
|faint|p2a: Kleavor
|
|upkeep
|-message|Nick Suzuki forfeited.
|
|win|unamedturd
|raw|Nick Suzuki's rating: 1519 &rarr; <strong>1501</strong><br />(-18 for losing)
|raw|unamedturd's rating: 1549 &rarr; <strong>1567</strong><br />(+18 for winning)
|l|☆Nick Suzuki
|player|p1|
|l|☆unamedturd
|player|p2|
