|j|☆KurisuChestnutLab
|j|☆kadu99
|t:|1781160530
|gametype|singles
|player|p1|KurisuChestnutLab|may-contest|1608
|player|p2|kadu99|policeman-gen4|1579
|gen|9
|tier|[Gen 9] OU
|rated|
|rule|HP Percentage Mod: HP is shown in percentages
|rule|Endless Battle Clause: Forcing endless battles is banned
|rule|Species Clause: Limit one of each Pokémon
|rule|OHKO Clause: OHKO moves are banned
|rule|Evasion Items Clause: Evasion items are banned
|rule|Evasion Moves Clause: Evasion moves are banned
|rule|Evasion Abilities Clause: Evasion abilities are banned
|rule|Sleep Moves Clause: Sleep-inducing moves are banned
|clearpoke
|poke|p1|Primarina, M|
|poke|p1|Hippowdon, F|
|poke|p1|Skarmory, M|
|poke|p1|Zapdos|
|poke|p1|Dragonite, F|
|poke|p1|Slowking, F|
|poke|p2|Iron Valiant|
|poke|p2|Ogerpon-Wellspring, F|
|poke|p2|Ting-Lu|
|poke|p2|Pecharunt|
|poke|p2|Cinderace, M|
|poke|p2|Dragonite, M|
|teampreview
|inactive|Battle timer is ON: inactive players will automatically lose when time's up. (requested by kadu99)
|inactive|KurisuChestnutLab also wants the timer to be on.
|
|t:|1781160539
|teamsize|p1|6
|teamsize|p2|6
|start
|switch|p1a: Hippowdon|Hippowdon, F|100/100
|switch|p2a: Cherrypop|Pecharunt|100/100
|-weather|Sandstorm|[from] ability: Sand Stream|[of] p1a: Hippowdon
|turn|1
|
|t:|1781160543
|move|p2a: Cherrypop|Malignant Chain|p1a: Hippowdon
|-resisted|p1a: Hippowdon
|-damage|p1a: Hippowdon|79/100
|-status|p1a: Hippowdon|tox
|-start|p1a: Hippowdon|confusion|[from] ability: Poison Puppeteer|[of] p2a: Cherrypop
|-activate|p1a: Hippowdon|confusion
|-damage|p1a: Hippowdon|74/100 tox|[from] confusion
|
|-weather|Sandstorm|[upkeep]
|-damage|p2a: Cherrypop|95/100|[from] Sandstorm
|-heal|p1a: Hippowdon|80/100 tox|[from] item: Leftovers
|-damage|p1a: Hippowdon|74/100 tox|[from] psn
|upkeep
|turn|2
|
|t:|1781160548
|move|p2a: Cherrypop|Nasty Plot|p2a: Cherrypop
|-boost|p2a: Cherrypop|spa|2
|-end|p1a: Hippowdon|confusion
|move|p1a: Hippowdon|Stealth Rock|p2a: Cherrypop
|-sidestart|p2: kadu99|move: Stealth Rock
|
|-weather|Sandstorm|[upkeep]
|-damage|p2a: Cherrypop|89/100|[from] Sandstorm
|-heal|p1a: Hippowdon|80/100 tox|[from] item: Leftovers
|-damage|p1a: Hippowdon|68/100 tox|[from] psn
|upkeep
|turn|3
|
|t:|1781160551
|move|p2a: Cherrypop|Shadow Ball|p1a: Hippowdon
|-damage|p1a: Hippowdon|4/100 tox
|move|p1a: Hippowdon|Whirlwind|p2a: Cherrypop
|drag|p2a: Ronaldinho|Cinderace, M|100/100
|
|-weather|Sandstorm|[upkeep]
|-damage|p2a: Ronaldinho|95/100|[from] Sandstorm
|-heal|p1a: Hippowdon|10/100 tox|[from] item: Leftovers
|-damage|p1a: Hippowdon|0 fnt|[from] psn
|faint|p1a: Hippowdon
|upkeep
|
|t:|1781160555
|switch|p1a: Primarina|Primarina, M|100/100
|turn|4
|
|t:|1781160561
|move|p2a: Ronaldinho|Court Change|p2a: Ronaldinho
|-start|p2a: Ronaldinho|typechange|Normal|[from] ability: Libero
|-swapsideconditions
|-activate|p2a: Ronaldinho|move: Court Change
|move|p1a: Primarina|Surf|p2a: Ronaldinho
|-damage|p2a: Ronaldinho|25/100
|
|-weather|Sandstorm|[upkeep]
|-damage|p2a: Ronaldinho|19/100|[from] Sandstorm
|-damage|p1a: Primarina|94/100|[from] Sandstorm
|upkeep
|turn|5
|
|t:|1781160565
|move|p2a: Ronaldinho|U-turn|p1a: Primarina
|-resisted|p1a: Primarina
|-damage|p1a: Primarina|80/100
|
|t:|1781160577
|switch|p2a: Ludicolo Fan|Ogerpon-Wellspring, F|100/100|[from] U-turn
|move|p1a: Primarina|Moonblast|p2a: Ludicolo Fan
|-damage|p2a: Ludicolo Fan|33/100
|-unboost|p2a: Ludicolo Fan|spa|1
|
|-weather|none
|upkeep
|turn|6
|
|t:|1781160584
|move|p2a: Ludicolo Fan|Swords Dance|p2a: Ludicolo Fan
|-boost|p2a: Ludicolo Fan|atk|2
|move|p1a: Primarina|Moonblast|p2a: Ludicolo Fan
|-damage|p2a: Ludicolo Fan|0 fnt
|faint|p2a: Ludicolo Fan
|
|upkeep
|
|t:|1781160587
|switch|p2a: Cherrypop|Pecharunt|89/100
|turn|7
|
|t:|1781160600
|switch|p2a: LooTing|Ting-Lu|100/100
|-ability|p2a: LooTing|Vessel of Ruin
|move|p1a: Primarina|Surf|p2a: LooTing
|-supereffective|p2a: LooTing
|-damage|p2a: LooTing|60/100
|
|-heal|p2a: LooTing|66/100|[from] item: Leftovers
|upkeep
|turn|8
|
|t:|1781160607
|move|p1a: Primarina|Moonblast|p2a: LooTing
|-supereffective|p2a: LooTing
|-crit|p2a: LooTing
|-damage|p2a: LooTing|5/100
|-unboost|p2a: LooTing|spa|1
|move|p2a: LooTing|Earthquake|p1a: Primarina
|-damage|p1a: Primarina|34/100
|
|-heal|p2a: LooTing|11/100|[from] item: Leftovers
|upkeep
|turn|9
|
|t:|1781160611
|move|p1a: Primarina|Moonblast|p2a: LooTing
|-supereffective|p2a: LooTing
|-damage|p2a: LooTing|0 fnt
|faint|p2a: LooTing
|
|upkeep
|
|t:|1781160618
|switch|p2a: Ronaldinho|Cinderace, M|19/100
|turn|10
|
|t:|1781160622
|move|p2a: Ronaldinho|Pyro Ball|p1a: Primarina
|-resisted|p1a: Primarina
|-damage|p1a: Primarina|2/100
|move|p1a: Primarina|Moonblast|p2a: Ronaldinho
|-resisted|p2a: Ronaldinho
|-damage|p2a: Ronaldinho|0 fnt
|faint|p2a: Ronaldinho
|
|upkeep
|
|t:|1781160635
|switch|p2a: Cherrypop|Pecharunt|89/100
|turn|11
|
|t:|1781160639
|move|p2a: Cherrypop|Shadow Ball|p1a: Primarina
|-damage|p1a: Primarina|0 fnt
|faint|p1a: Primarina
|
|upkeep
|
|t:|1781160643
|switch|p1a: Zapdos|Zapdos|100/100
|turn|12
|
|t:|1781160650
|move|p2a: Cherrypop|Malignant Chain|p1a: Zapdos
|-damage|p1a: Zapdos|58/100
|-status|p1a: Zapdos|tox
|-start|p1a: Zapdos|confusion|[from] ability: Poison Puppeteer|[of] p2a: Cherrypop
|-activate|p1a: Zapdos|confusion
|move|p1a: Zapdos|Hurricane|p2a: Cherrypop
|-damage|p2a: Cherrypop|35/100
|
|-damage|p1a: Zapdos|52/100 tox|[from] psn
|upkeep
|turn|13
|
|t:|1781160655
|move|p2a: Cherrypop|Recover|p2a: Cherrypop
|-heal|p2a: Cherrypop|85/100
|-activate|p1a: Zapdos|confusion
|move|p1a: Zapdos|Volt Switch|p2a: Cherrypop
|-damage|p2a: Cherrypop|52/100
|
|t:|1781160660
|switch|p1a: Dragonite|Dragonite, F|100/100|[from] Volt Switch
|
|upkeep
|turn|14
|
|t:|1781160666
|-terastallize|p2a: Cherrypop|Ghost
|move|p2a: Cherrypop|Recover|p2a: Cherrypop
|-heal|p2a: Cherrypop|100/100
|move|p1a: Dragonite|Dragon Dance|p1a: Dragonite
|-boost|p1a: Dragonite|atk|1
|-boost|p1a: Dragonite|spe|1
|
|upkeep
|turn|15
|
|t:|1781160669
|move|p1a: Dragonite|Dragon Dance|p1a: Dragonite
|-boost|p1a: Dragonite|atk|1
|-boost|p1a: Dragonite|spe|1
|move|p2a: Cherrypop|Malignant Chain|p1a: Dragonite
|-damage|p1a: Dragonite|79/100
|-status|p1a: Dragonite|tox
|-start|p1a: Dragonite|confusion|[from] ability: Poison Puppeteer|[of] p2a: Cherrypop
|
|-damage|p1a: Dragonite|73/100 tox|[from] psn
|upkeep
|turn|16
|
|t:|1781160676
|-activate|p1a: Dragonite|confusion
|move|p1a: Dragonite|Earthquake|p2a: Cherrypop
|-damage|p2a: Cherrypop|40/100
|move|p2a: Cherrypop|Shadow Ball|p1a: Dragonite
|-damage|p1a: Dragonite|29/100 tox
|
|-damage|p1a: Dragonite|17/100 tox|[from] psn
|upkeep
|turn|17
|
|t:|1781160680
|switch|p2a: s26 ultra 5g 512gb|Dragonite, M|100/100
|-activate|p1a: Dragonite|confusion
|-damage|p1a: Dragonite|0 fnt|[from] confusion
|faint|p1a: Dragonite
|
|upkeep
|
|t:|1781160684
|switch|p1a: Zapdos|Zapdos|52/100 tox
|turn|18
|
|t:|1781160690
|move|p1a: Zapdos|Hurricane|p2a: s26 ultra 5g 512gb
|-damage|p2a: s26 ultra 5g 512gb|81/100
|-start|p2a: s26 ultra 5g 512gb|confusion
|-activate|p2a: s26 ultra 5g 512gb|confusion
|move|p2a: s26 ultra 5g 512gb|Dragon Tail|p1a: Zapdos|[miss]
|-miss|p2a: s26 ultra 5g 512gb|p1a: Zapdos
|
|-damage|p1a: Zapdos|46/100 tox|[from] psn
|upkeep
|turn|19
|
|t:|1781160695
|-terastallize|p1a: Zapdos|Steel
|-activate|p2a: s26 ultra 5g 512gb|confusion
|-damage|p2a: s26 ultra 5g 512gb|65/100|[from] confusion
|move|p1a: Zapdos|Hurricane|p2a: s26 ultra 5g 512gb|[miss]
|-miss|p1a: Zapdos|p2a: s26 ultra 5g 512gb
|
|-damage|p1a: Zapdos|34/100 tox|[from] psn
|upkeep
|turn|20
|
|t:|1781160700
|move|p1a: Zapdos|Hurricane|p2a: s26 ultra 5g 512gb
|-damage|p2a: s26 ultra 5g 512gb|28/100
|-end|p2a: s26 ultra 5g 512gb|confusion
|move|p2a: s26 ultra 5g 512gb|Earthquake|p1a: Zapdos
|-supereffective|p1a: Zapdos
|-damage|p1a: Zapdos|0 fnt
|faint|p1a: Zapdos
|
|upkeep
|
|t:|1781160704
|switch|p1a: Slowking|Slowking, F|100/100
|turn|21
|
|t:|1781160710
|move|p2a: s26 ultra 5g 512gb|Roost|p2a: s26 ultra 5g 512gb
|-heal|p2a: s26 ultra 5g 512gb|78/100
|-singleturn|p2a: s26 ultra 5g 512gb|move: Roost
|move|p1a: Slowking|Scald|p2a: s26 ultra 5g 512gb
|-resisted|p2a: s26 ultra 5g 512gb
|-damage|p2a: s26 ultra 5g 512gb|66/100
|-status|p2a: s26 ultra 5g 512gb|brn
|
|-damage|p2a: s26 ultra 5g 512gb|60/100 brn|[from] brn
|upkeep
|turn|22
|
|t:|1781160716
|move|p2a: s26 ultra 5g 512gb|Earthquake|p1a: Slowking
|-damage|p1a: Slowking|81/100
|move|p1a: Slowking|Scald|p2a: s26 ultra 5g 512gb
|-resisted|p2a: s26 ultra 5g 512gb
|-damage|p2a: s26 ultra 5g 512gb|48/100 brn
|
|-damage|p2a: s26 ultra 5g 512gb|42/100 brn|[from] brn
|upkeep
|turn|23
|
|t:|1781160721
|move|p2a: s26 ultra 5g 512gb|Earthquake|p1a: Slowking
|-damage|p1a: Slowking|62/100
|move|p1a: Slowking|Scald|p2a: s26 ultra 5g 512gb
|-resisted|p2a: s26 ultra 5g 512gb
|-damage|p2a: s26 ultra 5g 512gb|31/100 brn
|
|-damage|p2a: s26 ultra 5g 512gb|24/100 brn|[from] brn
|upkeep
|turn|24
|
|t:|1781160726
|move|p2a: s26 ultra 5g 512gb|Earthquake|p1a: Slowking
|-damage|p1a: Slowking|42/100
|move|p1a: Slowking|Scald|p2a: s26 ultra 5g 512gb
|-resisted|p2a: s26 ultra 5g 512gb
|-damage|p2a: s26 ultra 5g 512gb|13/100 brn
|
|-damage|p2a: s26 ultra 5g 512gb|6/100 brn|[from] brn
|upkeep
|turn|25
|
|t:|1781160735
|move|p2a: s26 ultra 5g 512gb|Earthquake|p1a: Slowking
|-damage|p1a: Slowking|22/100
|move|p1a: Slowking|Scald|p2a: s26 ultra 5g 512gb
|-resisted|p2a: s26 ultra 5g 512gb
|-damage|p2a: s26 ultra 5g 512gb|0 fnt
|faint|p2a: s26 ultra 5g 512gb
|
|upkeep
|
|t:|1781160737
|switch|p2a: Cherrypop|Pecharunt, tera:Ghost|40/100
|turn|26
|
|t:|1781160742
|switch|p1a: Skarmory|Skarmory, M|100/100
|-damage|p1a: Skarmory|88/100|[from] Stealth Rock
|move|p2a: Cherrypop|Shadow Ball|p1a: Skarmory
|-damage|p1a: Skarmory|33/100
|
|-heal|p1a: Skarmory|39/100|[from] item: Leftovers
|upkeep
|turn|27
|
|t:|1781160745
|switch|p1a: Slowking|Slowking, F|55/100
|move|p2a: Cherrypop|Shadow Ball|p1a: Slowking
|-supereffective|p1a: Slowking
|-damage|p1a: Slowking|6/100
|
|upkeep
|turn|28
|
|t:|1781160752
|switch|p1a: Skarmory|Skarmory, M|39/100
|-damage|p1a: Skarmory|27/100|[from] Stealth Rock
|move|p2a: Cherrypop|Shadow Ball|p1a: Skarmory
|-damage|p1a: Skarmory|0 fnt
|faint|p1a: Skarmory
|
|upkeep
|
|t:|1781160754
|switch|p1a: Slowking|Slowking, F|39/100
|turn|29
|
|t:|1781160757
|move|p2a: Cherrypop|Shadow Ball|p1a: Slowking
|-supereffective|p1a: Slowking
|-damage|p1a: Slowking|0 fnt
|faint|p1a: Slowking
|
|win|kadu99
|raw|KurisuChestnutLab's rating: 1580 &rarr; <strong>1560</strong><br />(-20 for losing)
|raw|kadu99's rating: 1579 &rarr; <strong>1599</strong><br />(+20 for winning)
