|j|☆LowEL0God
|j|☆mr 2 sheist-clay
|t:|1781484044
|gametype|singles
|player|p1|LowEL0God|265|1667
|player|p2|mr 2 sheist-clay|eusine|1701
|gen|9
|tier|[Gen 9] OU
|rated|
|rule|HP Percentage Mod: HP is shown in percentages
|rule|Endless Battle Clause: Forcing endless battles is banned
|rule|Species Clause: Limit one of each Pokémon
|rule|OHKO Clause: OHKO moves are banned
|rule|Evasion Items Clause: Evasion items are banned
|rule|Evasion Moves Clause: Evasion moves are banned
|rule|Evasion Abilities Clause: Evasion abilities are banned
|rule|Sleep Moves Clause: Sleep-inducing moves are banned
|clearpoke
|poke|p1|Pelipper, M|
|poke|p1|Raging Bolt|
|poke|p1|Overqwil, F|
|poke|p1|Barraskewda, F|
|poke|p1|Iron Treads|
|poke|p1|Kingambit, F|
|poke|p2|Ceruledge, M|
|poke|p2|Iron Valiant|
|poke|p2|Ting-Lu|
|poke|p2|Zapdos|
|poke|p2|Kyurem|
|poke|p2|Gholdengo|
|teampreview
|c|☆LowEL0God|hf
|inactive|Battle timer is ON: inactive players will automatically lose when time's up. (requested by LowEL0God)
|
|t:|1781484055
|teamsize|p1|6
|teamsize|p2|6
|start
|switch|p1a: Kingambit|Kingambit, F|100/100
|switch|p2a: RAWWWWWR|Kyurem|100/100
|-ability|p2a: RAWWWWWR|Pressure
|turn|1
|
|t:|1781484058
|switch|p2a: KWAHHHHH|Zapdos|100/100
|move|p1a: Kingambit|Iron Head|p2a: KWAHHHHH
|-resisted|p2a: KWAHHHHH
|-damage|p2a: KWAHHHHH|85/100
|
|upkeep
|turn|2
|
|t:|1781484060
|move|p2a: KWAHHHHH|Volt Switch|p1a: Kingambit
|-damage|p1a: Kingambit|74/100
|
|t:|1781484066
|switch|p2a: Figarland Garling|Iron Valiant|100/100|[from] Volt Switch
|move|p1a: Kingambit|Swords Dance|p1a: Kingambit
|-boost|p1a: Kingambit|atk|2
|
|-heal|p1a: Kingambit|81/100|[from] item: Leftovers
|upkeep
|turn|3
|
|t:|1781484068
|move|p2a: Figarland Garling|Vacuum Wave|p1a: Kingambit
|-supereffective|p1a: Kingambit
|-damage|p1a: Kingambit|0 fnt
|faint|p1a: Kingambit
|-end|p1a: Kingambit|fallenundefined|[silent]
|
|upkeep
|
|t:|1781484069
|switch|p1a: Barraskewda|Barraskewda, F|100/100
|turn|4
|
|t:|1781484076
|-end|p2a: Figarland Garling|Quark Drive|[silent]
|switch|p2a: RAWWWWWR|Kyurem|100/100
|-ability|p2a: RAWWWWWR|Pressure
|move|p1a: Barraskewda|Liquidation|p2a: RAWWWWWR
|-resisted|p2a: RAWWWWWR
|-damage|p2a: RAWWWWWR|65/100
|
|upkeep
|turn|5
|
|t:|1781484079
|move|p2a: RAWWWWWR|Earth Power|p1a: Barraskewda
|-damage|p1a: Barraskewda|32/100
|move|p1a: Barraskewda|Liquidation|p2a: RAWWWWWR
|-resisted|p2a: RAWWWWWR
|-damage|p2a: RAWWWWWR|29/100
|
|upkeep
|turn|6
|
|t:|1781484081
|switch|p1a: Pelipper|Pelipper, M|100/100
|-weather|RainDance|[from] ability: Drizzle|[of] p1a: Pelipper
|move|p2a: RAWWWWWR|Earth Power|p1a: Pelipper
|-immune|p1a: Pelipper
|
|-weather|RainDance|[upkeep]
|upkeep
|turn|7
|inactive|mr 2 sheist-clay has 120 seconds left.
|
|t:|1781484112
|switch|p2a: Edward Scizorhands|Ceruledge, M|100/100
|move|p1a: Pelipper|Weather Ball|p2a: Edward Scizorhands
|-supereffective|p2a: Edward Scizorhands
|-damage|p2a: Edward Scizorhands|0 fnt
|faint|p2a: Edward Scizorhands
|
|-weather|RainDance|[upkeep]
|upkeep
|inactive|mr 2 sheist-clay has 120 seconds left.
|
|t:|1781484120
|switch|p2a: RAWWWWWR|Kyurem|29/100
|-ability|p2a: RAWWWWWR|Pressure
|turn|8
|
|t:|1781484122
|switch|p1a: Barraskewda|Barraskewda, F|32/100
|move|p2a: RAWWWWWR|Freeze-Dry|p1a: Barraskewda
|-supereffective|p1a: Barraskewda
|-damage|p1a: Barraskewda|0 fnt
|faint|p1a: Barraskewda
|
|-weather|RainDance|[upkeep]
|upkeep
|
|t:|1781484123
|switch|p1a: Overqwil|Overqwil, F|100/100
|turn|9
|
|t:|1781484126
|move|p1a: Overqwil|Swords Dance|p1a: Overqwil
|-boost|p1a: Overqwil|atk|2
|move|p2a: RAWWWWWR|Freeze-Dry|p1a: Overqwil
|-damage|p1a: Overqwil|43/100
|
|-weather|RainDance|[upkeep]
|upkeep
|turn|10
|
|t:|1781484128
|move|p1a: Overqwil|Liquidation|p2a: RAWWWWWR
|-resisted|p2a: RAWWWWWR
|-damage|p2a: RAWWWWWR|0 fnt
|faint|p2a: RAWWWWWR
|-damage|p1a: Overqwil|33/100|[from] item: Life Orb
|
|-weather|RainDance|[upkeep]
|upkeep
|
|t:|1781484133
|switch|p2a: 3 Day Old POOP|Ting-Lu|100/100
|-ability|p2a: 3 Day Old POOP|Vessel of Ruin
|turn|11
|
|t:|1781484135
|-terastallize|p2a: 3 Day Old POOP|Ghost
|move|p1a: Overqwil|Liquidation|p2a: 3 Day Old POOP
|-damage|p2a: 3 Day Old POOP|32/100
|-damage|p1a: Overqwil|23/100|[from] item: Life Orb
|move|p2a: 3 Day Old POOP|Earthquake|p1a: Overqwil
|-supereffective|p1a: Overqwil
|-damage|p1a: Overqwil|0 fnt
|faint|p1a: Overqwil
|
|-weather|RainDance|[upkeep]
|-heal|p2a: 3 Day Old POOP|38/100|[from] item: Leftovers
|upkeep
|
|t:|1781484137
|switch|p1a: Raging Bolt|Raging Bolt|100/100
|-enditem|p1a: Raging Bolt|Booster Energy
|-activate|p1a: Raging Bolt|ability: Protosynthesis|[fromitem]
|-start|p1a: Raging Bolt|protosynthesisspa
|turn|12
|
|t:|1781484148
|move|p1a: Raging Bolt|Thunder|p2a: 3 Day Old POOP
|-damage|p2a: 3 Day Old POOP|1/100
|move|p2a: 3 Day Old POOP|Earthquake|p1a: Raging Bolt
|-supereffective|p1a: Raging Bolt
|-damage|p1a: Raging Bolt|39/100
|
|-weather|RainDance|[upkeep]
|-heal|p2a: 3 Day Old POOP|8/100|[from] item: Leftovers
|upkeep
|turn|13
|j| dilf huntr
|
|t:|1781484153
|move|p1a: Raging Bolt|Thunder|p2a: 3 Day Old POOP
|-damage|p2a: 3 Day Old POOP|0 fnt
|faint|p2a: 3 Day Old POOP
|
|-weather|none
|upkeep
|
|t:|1781484167
|switch|p2a: Figarland Garling|Iron Valiant|100/100
|turn|14
|
|t:|1781484174
|move|p1a: Raging Bolt|Thunderclap|p2a: Figarland Garling
|-damage|p2a: Figarland Garling|0 fnt
|faint|p2a: Figarland Garling
|-end|p2a: Figarland Garling|Quark Drive|[silent]
|
|upkeep
|
|t:|1781484179
|switch|p2a: Linguini|Gholdengo|100/100
|-item|p2a: Linguini|Air Balloon
|turn|15
|
|t:|1781484183
|move|p1a: Raging Bolt|Thunderclap||[still]
|-fail|p1a: Raging Bolt
|move|p2a: Linguini|Nasty Plot|p2a: Linguini
|-boost|p2a: Linguini|spa|2
|
|upkeep
|turn|16
|
|t:|1781484186
|move|p1a: Raging Bolt|Thunderclap|p2a: Linguini
|-damage|p2a: Linguini|57/100
|-enditem|p2a: Linguini|Air Balloon
|move|p2a: Linguini|Shadow Ball|p1a: Raging Bolt
|-damage|p1a: Raging Bolt|0 fnt
|faint|p1a: Raging Bolt
|-end|p1a: Raging Bolt|Protosynthesis|[silent]
|
|upkeep
|
|t:|1781484188
|switch|p1a: Iron Treads|Iron Treads|100/100
|-enditem|p1a: Iron Treads|Booster Energy
|-activate|p1a: Iron Treads|ability: Quark Drive|[fromitem]
|-start|p1a: Iron Treads|quarkdrivespe
|turn|17
|
|t:|1781484189
|move|p1a: Iron Treads|Earth Power|p2a: Linguini
|-supereffective|p2a: Linguini
|-damage|p2a: Linguini|0 fnt
|faint|p2a: Linguini
|
|upkeep
|
|t:|1781484192
|switch|p2a: KWAHHHHH|Zapdos|85/100
|turn|18
|
|t:|1781484196
|move|p1a: Iron Treads|Rapid Spin|p2a: KWAHHHHH
|-damage|p2a: KWAHHHHH|77/100
|-boost|p1a: Iron Treads|spe|1
|move|p2a: KWAHHHHH|Hurricane|p1a: Iron Treads
|-resisted|p1a: Iron Treads
|-damage|p1a: Iron Treads|66/100
|
|upkeep
|turn|19
|
|t:|1781484199
|move|p1a: Iron Treads|Rapid Spin|p2a: KWAHHHHH
|-damage|p2a: KWAHHHHH|70/100
|-boost|p1a: Iron Treads|spe|1
|move|p2a: KWAHHHHH|Hurricane|p1a: Iron Treads
|-resisted|p1a: Iron Treads
|-damage|p1a: Iron Treads|33/100
|-start|p1a: Iron Treads|confusion
|
|upkeep
|turn|20
|
|t:|1781484201
|-activate|p1a: Iron Treads|confusion
|move|p1a: Iron Treads|Steel Beam|p2a: KWAHHHHH
|-resisted|p2a: KWAHHHHH
|-damage|p2a: KWAHHHHH|44/100
|-damage|p1a: Iron Treads|0 fnt|[from] steelbeam
|faint|p1a: Iron Treads
|-end|p1a: Iron Treads|Quark Drive|[silent]
|move|p2a: KWAHHHHH|Hurricane|p1: Iron Treads|[notarget]
|-fail|p2a: KWAHHHHH
|
|upkeep
|
|t:|1781484202
|switch|p1a: Pelipper|Pelipper, M|100/100
|-weather|RainDance|[from] ability: Drizzle|[of] p1a: Pelipper
|turn|21
|
|t:|1781484205
|move|p2a: KWAHHHHH|Volt Switch|p1a: Pelipper
|-supereffective|p1a: Pelipper
|-damage|p1a: Pelipper|0 fnt
|faint|p1a: Pelipper
|
|win|mr 2 sheist-clay
|raw|LowEL0God's rating: 1667 &rarr; <strong>1649</strong><br />(-18 for losing)
|raw|mr 2 sheist-clay's rating: 1701 &rarr; <strong>1719</strong><br />(+18 for winning)
|l| dilf huntr
|c|☆LowEL0God|gg
|l|☆LowEL0God
|player|p1|
|l|☆mr 2 sheist-clay
|player|p2|
