|j|☆maxcondones
|j|☆KurisuChestnutOU
|t:|1781164871
|gametype|singles
|player|p1|maxcondones|102|1560
|player|p2|KurisuChestnutOU|may-contest|1513
|gen|9
|tier|[Gen 9] OU
|rated|
|rule|HP Percentage Mod: HP is shown in percentages
|rule|Endless Battle Clause: Forcing endless battles is banned
|rule|Species Clause: Limit one of each Pokémon
|rule|OHKO Clause: OHKO moves are banned
|rule|Evasion Items Clause: Evasion items are banned
|rule|Evasion Moves Clause: Evasion moves are banned
|rule|Evasion Abilities Clause: Evasion abilities are banned
|rule|Sleep Moves Clause: Sleep-inducing moves are banned
|clearpoke
|poke|p1|Excadrill, F|
|poke|p1|Deoxys-Speed|
|poke|p1|Tyranitar, M|
|poke|p1|Tornadus-Therian, M|
|poke|p1|Hippowdon, F|
|poke|p1|Landorus-Therian, M|
|poke|p2|Zamazenta-*|
|poke|p2|Zapdos|
|poke|p2|Garganacl, F|
|poke|p2|Clefable, M|
|poke|p2|Samurott-Hisui, M|
|poke|p2|Gholdengo|
|teampreview
|inactive|Battle timer is ON: inactive players will automatically lose when time's up. (requested by KurisuChestnutOU)
|
|t:|1781164893
|teamsize|p1|6
|teamsize|p2|6
|start
|switch|p1a: hedijeans|Landorus-Therian, M, shiny|100/100
|switch|p2a: Gholdengo|Gholdengo|100/100
|-ability|p1a: hedijeans|Intimidate|boost
|-unboost|p2a: Gholdengo|atk|1
|turn|1
|
|t:|1781164902
|move|p2a: Gholdengo|Make It Rain|p1a: hedijeans
|-damage|p1a: hedijeans|22/100
|-unboost|p2a: Gholdengo|spa|1
|move|p1a: hedijeans|Gravity|p1a: hedijeans
|-fieldstart|move: Gravity
|
|upkeep
|turn|2
|
|t:|1781164917
|switch|p1a: exco2k|Excadrill, F|100/100
|move|p2a: Gholdengo|Make It Rain|p1a: exco2k
|-resisted|p1a: exco2k
|-damage|p1a: exco2k|70/100
|-unboost|p2a: Gholdengo|spa|1
|
|upkeep
|turn|3
|
|t:|1781164922
|switch|p2a: Samurott|Samurott-Hisui, M|100/100
|move|p1a: exco2k|Earthquake|p2a: Samurott
|-damage|p2a: Samurott|0 fnt
|faint|p2a: Samurott
|
|upkeep
|
|t:|1781164927
|switch|p2a: Zamazenta|Zamazenta|100/100
|-ability|p2a: Zamazenta|Dauntless Shield|boost
|-boost|p2a: Zamazenta|def|1
|turn|4
|
|t:|1781164934
|switch|p1a: yhippojj|Hippowdon, F|100/100
|-weather|Sandstorm|[from] ability: Sand Stream|[of] p1a: yhippojj
|move|p2a: Zamazenta|Iron Defense|p2a: Zamazenta
|-boost|p2a: Zamazenta|def|2
|
|-weather|Sandstorm|[upkeep]
|-damage|p2a: Zamazenta|94/100|[from] Sandstorm
|-heal|p2a: Zamazenta|100/100|[from] item: Leftovers
|upkeep
|turn|5
|
|t:|1781164938
|switch|p2a: Garganacl|Garganacl, F|100/100
|move|p1a: yhippojj|Roar|p2a: Garganacl
|drag|p2a: Clefable|Clefable, M|100/100
|
|-weather|Sandstorm|[upkeep]
|-damage|p2a: Clefable|94/100|[from] Sandstorm
|-fieldend|move: Gravity
|upkeep
|turn|6
|
|t:|1781164943
|switch|p2a: Garganacl|Garganacl, F|100/100
|move|p1a: yhippojj|Stealth Rock|p2a: Garganacl
|-sidestart|p2: KurisuChestnutOU|move: Stealth Rock
|
|-weather|Sandstorm|[upkeep]
|upkeep
|turn|7
|
|t:|1781164955
|move|p1a: yhippojj|Earthquake|p2a: Garganacl
|-supereffective|p2a: Garganacl
|-damage|p2a: Garganacl|52/100
|move|p2a: Garganacl|Stealth Rock|p1a: yhippojj
|-sidestart|p1: maxcondones|move: Stealth Rock
|
|-weather|Sandstorm|[upkeep]
|-heal|p2a: Garganacl|59/100|[from] item: Leftovers
|upkeep
|turn|8
|
|t:|1781164971
|switch|p1a: exco2k|Excadrill, F|70/100
|-damage|p1a: exco2k|67/100|[from] Stealth Rock
|-terastallize|p2a: Garganacl|Water
|move|p2a: Garganacl|Recover|p2a: Garganacl
|-heal|p2a: Garganacl|100/100
|
|-weather|none
|upkeep
|turn|9
|
|t:|1781164986
|move|p1a: exco2k|Rapid Spin|p2a: Garganacl
|-damage|p2a: Garganacl|80/100
|-boost|p1a: exco2k|spe|1
|-sideend|p1: maxcondones|Stealth Rock|[from] move: Rapid Spin|[of] p1a: exco2k
|move|p2a: Garganacl|Earthquake|p1a: exco2k
|-supereffective|p1a: exco2k
|-damage|p1a: exco2k|0 fnt
|faint|p1a: exco2k
|
|-heal|p2a: Garganacl|87/100|[from] item: Leftovers
|upkeep
|
|t:|1781164997
|switch|p1a: jeremyscotts|Tornadus-Therian, M|100/100
|turn|10
|
|t:|1781165000
|move|p1a: jeremyscotts|Bleakwind Storm|p2a: Garganacl
|-damage|p2a: Garganacl|61/100
|move|p2a: Garganacl|Stealth Rock|p1a: jeremyscotts
|-sidestart|p1: maxcondones|move: Stealth Rock
|
|-heal|p2a: Garganacl|67/100|[from] item: Leftovers
|upkeep
|turn|11
|
|t:|1781165006
|move|p1a: jeremyscotts|Knock Off|p2a: Garganacl
|-damage|p2a: Garganacl|55/100
|-enditem|p2a: Garganacl|Leftovers|[from] move: Knock Off|[of] p1a: jeremyscotts
|move|p2a: Garganacl|Recover|p2a: Garganacl
|-heal|p2a: Garganacl|100/100
|
|upkeep
|turn|12
|-message|maxcondones forfeited.
|
|win|KurisuChestnutOU
|raw|maxcondones's rating: 1560 &rarr; <strong>1537</strong><br />(-23 for losing)
|raw|KurisuChestnutOU's rating: 1513 &rarr; <strong>1536</strong><br />(+23 for winning)
|l|☆maxcondones
|player|p1|
