|j|☆Igoodnamename
|j|☆omari p
|t:|1781309965
|gametype|singles
|player|p1|Igoodnamename|winona|1720
|player|p2|omari p|pokemonrangerf|1625
|gen|9
|tier|[Gen 9] OU
|rated|
|rule|HP Percentage Mod: HP is shown in percentages
|rule|Endless Battle Clause: Forcing endless battles is banned
|rule|Species Clause: Limit one of each Pokémon
|rule|OHKO Clause: OHKO moves are banned
|rule|Evasion Items Clause: Evasion items are banned
|rule|Evasion Moves Clause: Evasion moves are banned
|rule|Evasion Abilities Clause: Evasion abilities are banned
|rule|Sleep Moves Clause: Sleep-inducing moves are banned
|clearpoke
|poke|p1|Raging Bolt|
|poke|p1|Rillaboom, M|
|poke|p1|Great Tusk|
|poke|p1|Ting-Lu|
|poke|p1|Skeledirge, F|
|poke|p1|Enamorus, F|
|poke|p2|Torkoal, F|
|poke|p2|Sunflora, M|
|poke|p2|Walking Wake|
|poke|p2|Great Tusk|
|poke|p2|Hatterene, F|
|poke|p2|Cresselia, F|
|teampreview
|inactive|Battle timer is ON: inactive players will automatically lose when time's up. (requested by omari p)
|
|t:|1781310002
|teamsize|p1|6
|teamsize|p2|6
|start
|switch|p1a: Raging Bolt|Raging Bolt|100/100
|switch|p2a: Hatterene|Hatterene, F|100/100
|turn|1
|inactive|Igoodnamename has 120 seconds left.
|
|t:|1781310054
|switch|p2a: Great Tusk|Great Tusk|100/100
|move|p1a: Raging Bolt|Volt Switch|p2a: Great Tusk
|-immune|p2a: Great Tusk
|
|upkeep
|turn|2
|
|t:|1781310065
|-end|p1a: Raging Bolt|Protosynthesis|[silent]
|switch|p1a: Enamorus|Enamorus, F|100/100
|move|p2a: Great Tusk|Ice Spinner|p1a: Enamorus
|-supereffective|p1a: Enamorus
|-damage|p1a: Enamorus|29/100
|
|upkeep
|turn|3
|j| october gods
|inactive|Igoodnamename has 90 seconds left.
|l| october gods
|j| october gods
|inactive|Igoodnamename has 60 seconds left.
|
|t:|1781310145
|-end|p2a: Great Tusk|Protosynthesis|[silent]
|switch|p2a: Cresselia|Cresselia, F|100/100
|move|p1a: Enamorus|Moonblast|p2a: Cresselia
|-damage|p2a: Cresselia|71/100
|
|upkeep
|turn|4
|j| Pokemh
|
|t:|1781310152
|switch|p1a: Ting-Lu|Ting-Lu|100/100
|-ability|p1a: Ting-Lu|Vessel of Ruin
|move|p2a: Cresselia|Trick Room|p2a: Cresselia
|-fieldstart|move: Trick Room|[of] p2a: Cresselia
|
|upkeep
|turn|5
|
|t:|1781310165
|switch|p2a: Torkoal|Torkoal, F|100/100
|-weather|SunnyDay|[from] ability: Drought|[of] p2a: Torkoal
|move|p1a: Ting-Lu|Ruination|p2a: Torkoal
|-damage|p2a: Torkoal|50/100
|
|-weather|SunnyDay|[upkeep]
|upkeep
|turn|6
|
|t:|1781310171
|move|p2a: Torkoal|Will-O-Wisp|p1a: Ting-Lu
|-status|p1a: Ting-Lu|brn
|move|p1a: Ting-Lu|Stealth Rock|p2a: Torkoal
|-sidestart|p2: omari p|move: Stealth Rock
|
|-weather|SunnyDay|[upkeep]
|-damage|p1a: Ting-Lu|94/100 brn|[from] brn
|upkeep
|turn|7
|
|t:|1781310175
|switch|p1a: Skeledirge|Skeledirge, F|100/100
|move|p2a: Torkoal|Stealth Rock|p1a: Skeledirge
|-sidestart|p1: Igoodnamename|move: Stealth Rock
|
|-weather|SunnyDay|[upkeep]
|upkeep
|turn|8
|
|t:|1781310180
|switch|p2a: Walking Wake|Walking Wake|100/100
|-damage|p2a: Walking Wake|88/100|[from] Stealth Rock
|-activate|p2a: Walking Wake|ability: Protosynthesis
|-start|p2a: Walking Wake|protosynthesisspe
|move|p1a: Skeledirge|Torch Song|p2a: Walking Wake
|-resisted|p2a: Walking Wake
|-damage|p2a: Walking Wake|75/100
|-boost|p1a: Skeledirge|spa|1
|
|-weather|SunnyDay|[upkeep]
|-fieldend|move: Trick Room
|upkeep
|turn|9
|
|t:|1781310197
|switch|p1a: Ting-Lu|Ting-Lu|94/100 brn
|-damage|p1a: Ting-Lu|88/100 brn|[from] Stealth Rock
|-ability|p1a: Ting-Lu|Vessel of Ruin
|move|p2a: Walking Wake|Hydro Steam|p1a: Ting-Lu
|-supereffective|p1a: Ting-Lu
|-damage|p1a: Ting-Lu|15/100 brn
|
|-weather|SunnyDay|[upkeep]
|-heal|p1a: Ting-Lu|22/100 brn|[from] item: Leftovers
|-damage|p1a: Ting-Lu|15/100 brn|[from] brn
|upkeep
|turn|10
|inactive|omari p has 120 seconds left.
|
|t:|1781310228
|move|p2a: Walking Wake|Hydro Steam|p1a: Ting-Lu
|-supereffective|p1a: Ting-Lu
|-damage|p1a: Ting-Lu|0 fnt
|faint|p1a: Ting-Lu
|
|-weather|SunnyDay|[upkeep]
|upkeep
|
|t:|1781310243
|switch|p1a: Rillaboom|Rillaboom, M|100/100
|-damage|p1a: Rillaboom|88/100|[from] Stealth Rock
|-fieldstart|move: Grassy Terrain|[from] ability: Grassy Surge|[of] p1a: Rillaboom
|turn|11
|l| Pokemh
|j| HITMAN9191
|
|t:|1781310258
|-end|p2a: Walking Wake|Protosynthesis|[silent]
|switch|p2a: Cresselia|Cresselia, F|71/100
|-damage|p2a: Cresselia|59/100|[from] Stealth Rock
|move|p1a: Rillaboom|Wood Hammer|p2a: Cresselia
|-damage|p2a: Cresselia|0 fnt
|faint|p2a: Cresselia
|-damage|p1a: Rillaboom|63/100|[from] Recoil
|
|-weather|SunnyDay|[upkeep]
|-heal|p1a: Rillaboom|69/100|[from] Grassy Terrain
|upkeep
|
|t:|1781310263
|switch|p2a: Walking Wake|Walking Wake|75/100
|-damage|p2a: Walking Wake|62/100|[from] Stealth Rock
|-activate|p2a: Walking Wake|ability: Protosynthesis
|-start|p2a: Walking Wake|protosynthesisspe
|turn|12
|
|t:|1781310274
|switch|p1a: Enamorus|Enamorus, F|29/100
|-damage|p1a: Enamorus|4/100|[from] Stealth Rock
|move|p2a: Walking Wake|Hydro Steam|p1a: Enamorus
|-crit|p1a: Enamorus
|-damage|p1a: Enamorus|0 fnt
|faint|p1a: Enamorus
|
|-weather|none
|-end|p2a: Walking Wake|Protosynthesis
|-heal|p2a: Walking Wake|69/100|[from] Grassy Terrain
|upkeep
|
|t:|1781310277
|switch|p1a: Raging Bolt|Raging Bolt|100/100
|-damage|p1a: Raging Bolt|88/100|[from] Stealth Rock
|turn|13
|
|t:|1781310287
|-end|p2a: Walking Wake|Protosynthesis|[silent]
|switch|p2a: Hatterene|Hatterene, F|100/100
|-damage|p2a: Hatterene|88/100|[from] Stealth Rock
|move|p1a: Raging Bolt|Volt Switch|p2a: Hatterene
|-damage|p2a: Hatterene|27/100
|-enditem|p2a: Hatterene|Eject Button
|
|t:|1781310290
|switch|p2a: Great Tusk|Great Tusk|100/100
|-damage|p2a: Great Tusk|98/100|[from] Stealth Rock
|
|-heal|p2a: Great Tusk|100/100|[from] Grassy Terrain
|-heal|p1a: Raging Bolt|94/100|[from] Grassy Terrain
|upkeep
|turn|14
|inactive|Igoodnamename has 90 seconds left.
|
|t:|1781310299
|-end|p1a: Raging Bolt|Protosynthesis|[silent]
|switch|p1a: Great Tusk|Great Tusk|100/100
|move|p2a: Great Tusk|Rapid Spin|p1a: Great Tusk
|-damage|p1a: Great Tusk|89/100
|-boost|p2a: Great Tusk|spe|1
|-sideend|p2: omari p|Stealth Rock|[from] move: Rapid Spin|[of] p2a: Great Tusk
|
|-heal|p1a: Great Tusk|95/100|[from] Grassy Terrain
|upkeep
|turn|15
|
|t:|1781310303
|-end|p2a: Great Tusk|Protosynthesis|[silent]
|switch|p2a: Hatterene|Hatterene, F|27/100
|move|p1a: Great Tusk|Rapid Spin|p2a: Hatterene
|-damage|p2a: Hatterene|13/100
|-boost|p1a: Great Tusk|spe|1
|-sideend|p1: Igoodnamename|Stealth Rock|[from] move: Rapid Spin|[of] p1a: Great Tusk
|
|-heal|p1a: Great Tusk|100/100|[from] Grassy Terrain
|-heal|p2a: Hatterene|19/100|[from] Grassy Terrain
|-fieldend|move: Grassy Terrain
|upkeep
|turn|16
|
|t:|1781310307
|move|p1a: Great Tusk|Ice Spinner|p2a: Hatterene
|-damage|p2a: Hatterene|0 fnt
|faint|p2a: Hatterene
|
|upkeep
|
|t:|1781310309
|switch|p2a: Walking Wake|Walking Wake|69/100
|turn|17
|inactive|Igoodnamename has 120 seconds left.
|inactive|omari p has 120 seconds left.
|
|t:|1781310352
|-terastallize|p1a: Great Tusk|Steel
|move|p1a: Great Tusk|Rapid Spin|p2a: Walking Wake
|-damage|p2a: Walking Wake|50/100
|-boost|p1a: Great Tusk|spe|1
|move|p2a: Walking Wake|Flip Turn|p1a: Great Tusk
|-damage|p1a: Great Tusk|89/100
|l| october gods
|
|t:|1781310368
|-end|p2a: Walking Wake|Protosynthesis|[silent]
|switch|p2a: Torkoal|Torkoal, F|50/100|[from] Flip Turn
|-weather|SunnyDay|[from] ability: Drought|[of] p2a: Torkoal
|-activate|p1a: Great Tusk|ability: Protosynthesis
|-start|p1a: Great Tusk|protosynthesisspe
|
|-weather|SunnyDay|[upkeep]
|upkeep
|turn|18
|l| HITMAN9191
|
|t:|1781310378
|-terastallize|p2a: Torkoal|Ground
|move|p1a: Great Tusk|Headlong Rush|p2a: Torkoal
|-damage|p2a: Torkoal|7/100
|-unboost|p1a: Great Tusk|def|1
|-unboost|p1a: Great Tusk|spd|1
|move|p2a: Torkoal|Will-O-Wisp|p1a: Great Tusk
|-status|p1a: Great Tusk|brn
|
|-weather|SunnyDay|[upkeep]
|-damage|p1a: Great Tusk|83/100 brn|[from] brn
|upkeep
|turn|19
|inactive|Igoodnamename has 120 seconds left.
|inactive|omari p has 120 seconds left.
|
|t:|1781310390
|move|p1a: Great Tusk|Ice Spinner|p2a: Torkoal
|-supereffective|p2a: Torkoal
|-damage|p2a: Torkoal|0 fnt
|faint|p2a: Torkoal
|
|-weather|SunnyDay|[upkeep]
|-damage|p1a: Great Tusk|77/100 brn|[from] brn
|upkeep
|
|t:|1781310392
|switch|p2a: Sunflora|Sunflora, M|100/100
|turn|20
|inactive|Igoodnamename has 120 seconds left.
|j| october gods
|
|t:|1781310426
|move|p1a: Great Tusk|Close Combat|p2a: Sunflora
|-damage|p2a: Sunflora|59/100
|-unboost|p1a: Great Tusk|def|1
|-unboost|p1a: Great Tusk|spd|1
|move|p2a: Sunflora|Weather Ball|p1a: Great Tusk
|-supereffective|p1a: Great Tusk
|-damage|p1a: Great Tusk|0 fnt
|faint|p1a: Great Tusk
|-end|p1a: Great Tusk|Protosynthesis|[silent]
|-damage|p2a: Sunflora|49/100|[from] item: Life Orb
|
|-weather|SunnyDay|[upkeep]
|-damage|p2a: Sunflora|37/100|[from] ability: Solar Power|[of] p2a: Sunflora
|upkeep
|
|t:|1781310438
|switch|p1a: Skeledirge|Skeledirge, F|100/100
|turn|21
|
|t:|1781310442
|move|p1a: Skeledirge|Torch Song|p2a: Sunflora
|-supereffective|p2a: Sunflora
|-damage|p2a: Sunflora|0 fnt
|-boost|p1a: Skeledirge|spa|1
|faint|p2a: Sunflora
|
|-weather|SunnyDay|[upkeep]
|upkeep
|
|t:|1781310443
|switch|p2a: Walking Wake|Walking Wake|50/100
|-activate|p2a: Walking Wake|ability: Protosynthesis
|-start|p2a: Walking Wake|protosynthesisspe
|turn|22
|inactive|Igoodnamename has 120 seconds left.
|
|t:|1781310450
|switch|p1a: Raging Bolt|Raging Bolt|94/100
|-activate|p1a: Raging Bolt|ability: Protosynthesis
|-start|p1a: Raging Bolt|protosynthesisspa
|move|p2a: Walking Wake|Hydro Steam|p1a: Raging Bolt
|-resisted|p1a: Raging Bolt
|-damage|p1a: Raging Bolt|50/100
|
|-weather|SunnyDay|[upkeep]
|upkeep
|turn|23
|
|t:|1781310459
|-end|p2a: Walking Wake|Protosynthesis|[silent]
|switch|p2a: Great Tusk|Great Tusk|100/100
|-activate|p2a: Great Tusk|ability: Protosynthesis
|-start|p2a: Great Tusk|protosynthesisspe
|move|p1a: Raging Bolt|Draco Meteor|p2a: Great Tusk
|-crit|p2a: Great Tusk
|-damage|p2a: Great Tusk|0 fnt
|-unboost|p1a: Raging Bolt|spa|2
|faint|p2a: Great Tusk
|-end|p2a: Great Tusk|Protosynthesis|[silent]
|
|-weather|SunnyDay|[upkeep]
|upkeep
|
|t:|1781310469
|switch|p2a: Walking Wake|Walking Wake|50/100
|-activate|p2a: Walking Wake|ability: Protosynthesis
|-start|p2a: Walking Wake|protosynthesisspe
|turn|24
|
|t:|1781310473
|-end|p1a: Raging Bolt|Protosynthesis|[silent]
|switch|p1a: Skeledirge|Skeledirge, F|100/100
|move|p2a: Walking Wake|Hydro Steam|p1a: Skeledirge
|-supereffective|p1a: Skeledirge
|-damage|p1a: Skeledirge|0 fnt
|faint|p1a: Skeledirge
|
|-weather|none
|-end|p2a: Walking Wake|Protosynthesis
|upkeep
|
|t:|1781310480
|switch|p1a: Rillaboom|Rillaboom, M|69/100
|-fieldstart|move: Grassy Terrain|[from] ability: Grassy Surge|[of] p1a: Rillaboom
|turn|25
|
|t:|1781310482
|move|p1a: Rillaboom|Grassy Glide|p2a: Walking Wake
|-damage|p2a: Walking Wake|0 fnt
|faint|p2a: Walking Wake
|-end|p2a: Walking Wake|Protosynthesis|[silent]
|
|win|Igoodnamename
|raw|Igoodnamename's rating: 1694 &rarr; <strong>1710</strong><br />(+16 for winning)
|raw|omari p's rating: 1625 &rarr; <strong>1609</strong><br />(-16 for losing)
|l|☆omari p
|player|p2|
|l| october gods
|l|☆Igoodnamename
|player|p1|
