|j|☆extra-pseudo man
|j|☆katz motel
|t:|1781055807
|gametype|singles
|player|p1|extra-pseudo man|2|1609
|player|p2|katz motel|101|1591
|gen|9
|tier|[Gen 9] OU
|rated|
|rule|HP Percentage Mod: HP is shown in percentages
|rule|Endless Battle Clause: Forcing endless battles is banned
|rule|Species Clause: Limit one of each Pokémon
|rule|OHKO Clause: OHKO moves are banned
|rule|Evasion Items Clause: Evasion items are banned
|rule|Evasion Moves Clause: Evasion moves are banned
|rule|Evasion Abilities Clause: Evasion abilities are banned
|rule|Sleep Moves Clause: Sleep-inducing moves are banned
|clearpoke
|poke|p1|Dragonite, M|
|poke|p1|Dragapult, M|
|poke|p1|Tyranitar, F|
|poke|p1|Metagross|
|poke|p1|Goodra-Hisui, F|
|poke|p1|Garchomp, M|
|poke|p2|Walking Wake|
|poke|p2|Ting-Lu|
|poke|p2|Gholdengo|
|poke|p2|Moltres|
|poke|p2|Ogerpon, F|
|poke|p2|Dragonite, F|
|teampreview
|inactive|Battle timer is ON: inactive players will automatically lose when time's up. (requested by katz motel)
|inactive|extra-pseudo man has 120 seconds left.
|c|☆extra-pseudo man|gl
|
|t:|1781055873
|teamsize|p1|6
|teamsize|p2|6
|start
|switch|p1a: He pulten on it|Dragapult, M|100/100
|switch|p2a: Walking Wake|Walking Wake|100/100
|turn|1
|c|☆katz motel|u2
|
|t:|1781055884
|switch|p1a: Tyranocif|Tyranitar, F|100/100
|-weather|Sandstorm|[from] ability: Sand Stream|[of] p1a: Tyranocif
|-end|p2a: Walking Wake|Protosynthesis|[silent]
|switch|p2a: Ting-Lu|Ting-Lu|100/100
|-ability|p2a: Ting-Lu|Vessel of Ruin
|
|-weather|Sandstorm|[upkeep]
|upkeep
|turn|2
|
|t:|1781055888
|move|p1a: Tyranocif|Knock Off|p2a: Ting-Lu
|-resisted|p2a: Ting-Lu
|-damage|p2a: Ting-Lu|89/100
|-enditem|p2a: Ting-Lu|Leftovers|[from] move: Knock Off|[of] p1a: Tyranocif
|move|p2a: Ting-Lu|Stealth Rock|p1a: Tyranocif
|-sidestart|p1: extra-pseudo man|move: Stealth Rock
|
|-weather|Sandstorm|[upkeep]
|upkeep
|turn|3
|
|t:|1781055891
|move|p1a: Tyranocif|Stealth Rock|p2a: Ting-Lu
|-sidestart|p2: katz motel|move: Stealth Rock
|move|p2a: Ting-Lu|Spikes|p1a: Tyranocif
|-sidestart|p1: extra-pseudo man|Spikes
|
|-weather|Sandstorm|[upkeep]
|upkeep
|turn|4
|
|t:|1781055895
|switch|p1a: He pulten on it|Dragapult, M|100/100
|move|p2a: Ting-Lu|Spikes|p1a: He pulten on it
|-sidestart|p1: extra-pseudo man|Spikes
|
|-weather|Sandstorm|[upkeep]
|-damage|p1a: He pulten on it|95/100|[from] Sandstorm
|upkeep
|turn|5
|
|t:|1781055898
|move|p1a: He pulten on it|Will-O-Wisp|p2a: Ting-Lu
|-status|p2a: Ting-Lu|brn
|move|p2a: Ting-Lu|Ruination|p1a: He pulten on it
|-damage|p1a: He pulten on it|48/100
|
|-weather|none
|-damage|p2a: Ting-Lu|83/100 brn|[from] brn
|upkeep
|turn|6
|
|t:|1781055904
|move|p1a: He pulten on it|U-turn|p2a: Ting-Lu
|-supereffective|p2a: Ting-Lu
|-damage|p2a: Ting-Lu|65/100 brn
|
|t:|1781055906
|switch|p1a: Marill me|Garchomp, M|100/100|[from] U-turn
|-damage|p1a: Marill me|94/100|[from] Stealth Rock
|-damage|p1a: Marill me|78/100|[from] Spikes
|move|p2a: Ting-Lu|Spikes|p1a: Marill me
|-sidestart|p1: extra-pseudo man|Spikes
|
|-damage|p2a: Ting-Lu|59/100 brn|[from] brn
|upkeep
|turn|7
|
|t:|1781055909
|move|p1a: Marill me|Spikes|p2a: Ting-Lu
|-sidestart|p2: katz motel|Spikes
|move|p2a: Ting-Lu|Whirlwind|p1a: Marill me
|drag|p1a: The goot|Goodra-Hisui, F|100/100
|-damage|p1a: The goot|94/100|[from] Stealth Rock
|-damage|p1a: The goot|70/100|[from] Spikes
|
|-damage|p2a: Ting-Lu|52/100 brn|[from] brn
|upkeep
|turn|8
|
|t:|1781055913
|move|p1a: The goot|Ice Beam|p2a: Ting-Lu
|-supereffective|p2a: Ting-Lu
|-damage|p2a: Ting-Lu|15/100 brn
|move|p2a: Ting-Lu|Whirlwind|p1a: The goot
|drag|p1a: Chud|Dragonite, M|100/100
|
|-damage|p2a: Ting-Lu|9/100 brn|[from] brn
|upkeep
|turn|9
|
|t:|1781055919
|move|p1a: Chud|Earthquake|p2a: Ting-Lu
|-damage|p2a: Ting-Lu|0 fnt
|faint|p2a: Ting-Lu
|
|upkeep
|
|t:|1781055924
|switch|p2a: Moltres|Moltres|100/100
|turn|10
|
|t:|1781055928
|switch|p1a: Tyranocif|Tyranitar, F|100/100
|-damage|p1a: Tyranocif|88/100|[from] Stealth Rock
|-damage|p1a: Tyranocif|63/100|[from] Spikes
|-weather|Sandstorm|[from] ability: Sand Stream|[of] p1a: Tyranocif
|move|p2a: Moltres|Will-O-Wisp|p1a: Tyranocif
|-status|p1a: Tyranocif|brn
|
|-weather|Sandstorm|[upkeep]
|-damage|p2a: Moltres|94/100|[from] Sandstorm
|-heal|p1a: Tyranocif|69/100 brn|[from] item: Leftovers
|-damage|p1a: Tyranocif|63/100 brn|[from] brn
|upkeep
|turn|11
|
|t:|1781055938
|switch|p2a: Ogerpon|Ogerpon, F|100/100
|move|p1a: Tyranocif|Knock Off|p2a: Ogerpon
|-damage|p2a: Ogerpon|73/100
|-enditem|p2a: Ogerpon|Heavy-Duty Boots|[from] move: Knock Off|[of] p1a: Tyranocif
|
|-weather|Sandstorm|[upkeep]
|-damage|p2a: Ogerpon|67/100|[from] Sandstorm
|-heal|p1a: Tyranocif|69/100 brn|[from] item: Leftovers
|-damage|p1a: Tyranocif|63/100 brn|[from] brn
|upkeep
|turn|12
|
|t:|1781055944
|switch|p1a: Marill me|Garchomp, M|78/100
|-damage|p1a: Marill me|71/100|[from] Stealth Rock
|-damage|p1a: Marill me|46/100|[from] Spikes
|move|p2a: Ogerpon|Knock Off|p1a: Marill me
|-crit|p1a: Marill me
|-damage|p1a: Marill me|16/100
|-damage|p2a: Ogerpon|54/100|[from] ability: Rough Skin|[of] p1a: Marill me
|-damage|p2a: Ogerpon|38/100|[from] item: Rocky Helmet|[of] p1a: Marill me
|-enditem|p1a: Marill me|Rocky Helmet|[from] move: Knock Off|[of] p2a: Ogerpon
|
|-weather|Sandstorm|[upkeep]
|-damage|p2a: Ogerpon|32/100|[from] Sandstorm
|upkeep
|turn|13
|
|t:|1781055948
|move|p2a: Ogerpon|Ivy Cudgel|p1a: Marill me
|-damage|p1a: Marill me|0 fnt
|faint|p1a: Marill me
|
|-weather|Sandstorm|[upkeep]
|-damage|p2a: Ogerpon|26/100|[from] Sandstorm
|upkeep
|
|t:|1781055952
|switch|p1a: He pulten on it|Dragapult, M|48/100
|turn|14
|
|t:|1781055970
|switch|p2a: Moltres|Moltres|94/100
|move|p1a: He pulten on it|Hex|p2a: Moltres
|-damage|p2a: Moltres|63/100
|
|-weather|none
|upkeep
|turn|15
|
|t:|1781055973
|move|p1a: He pulten on it|U-turn|p2a: Moltres
|-resisted|p2a: Moltres
|-damage|p2a: Moltres|60/100
|
|t:|1781055975
|switch|p1a: Tyranocif|Tyranitar, F|63/100 brn|[from] U-turn
|-damage|p1a: Tyranocif|51/100 brn|[from] Stealth Rock
|-damage|p1a: Tyranocif|26/100 brn|[from] Spikes
|-weather|Sandstorm|[from] ability: Sand Stream|[of] p1a: Tyranocif
|move|p2a: Moltres|Roost|p2a: Moltres
|-heal|p2a: Moltres|100/100
|-singleturn|p2a: Moltres|move: Roost
|
|-weather|Sandstorm|[upkeep]
|-damage|p2a: Moltres|94/100|[from] Sandstorm
|-heal|p1a: Tyranocif|32/100 brn|[from] item: Leftovers
|-damage|p1a: Tyranocif|26/100 brn|[from] brn
|upkeep
|turn|16
|j| nepturee
|
|t:|1781056003
|switch|p2a: Ogerpon|Ogerpon, F|26/100
|-damage|p2a: Ogerpon|13/100|[from] Stealth Rock
|-damage|p2a: Ogerpon|1/100|[from] Spikes
|move|p1a: Tyranocif|Knock Off|p2a: Ogerpon
|-damage|p2a: Ogerpon|0 fnt
|faint|p2a: Ogerpon
|
|-weather|Sandstorm|[upkeep]
|-heal|p1a: Tyranocif|32/100 brn|[from] item: Leftovers
|-damage|p1a: Tyranocif|26/100 brn|[from] brn
|upkeep
|
|t:|1781056008
|switch|p2a: Walking Wake|Walking Wake|100/100
|turn|17
|
|t:|1781056011
|switch|p1a: The goot|Goodra-Hisui, F|70/100
|-damage|p1a: The goot|64/100|[from] Stealth Rock
|-damage|p1a: The goot|39/100|[from] Spikes
|move|p2a: Walking Wake|Surf|p1a: The goot
|-resisted|p1a: The goot
|-damage|p1a: The goot|22/100
|
|-weather|Sandstorm|[upkeep]
|-damage|p2a: Walking Wake|94/100|[from] Sandstorm
|upkeep
|turn|18
|
|t:|1781056021
|move|p2a: Walking Wake|Draco Meteor|p1a: The goot
|-damage|p1a: The goot|0 fnt
|-unboost|p2a: Walking Wake|spa|2
|faint|p1a: The goot
|
|-weather|Sandstorm|[upkeep]
|-damage|p2a: Walking Wake|88/100|[from] Sandstorm
|upkeep
|
|t:|1781056025
|switch|p1a: He pulten on it|Dragapult, M|48/100
|turn|19
|
|t:|1781056030
|-end|p2a: Walking Wake|Protosynthesis|[silent]
|switch|p2a: Moltres|Moltres|94/100
|move|p1a: He pulten on it|Draco Meteor|p2a: Moltres
|-damage|p2a: Moltres|38/100
|-unboost|p1a: He pulten on it|spa|2
|
|-weather|none
|upkeep
|turn|20
|
|t:|1781056035
|move|p1a: He pulten on it|U-turn|p2a: Moltres
|-resisted|p2a: Moltres
|-damage|p2a: Moltres|35/100
|
|t:|1781056036
|switch|p1a: Tyranocif|Tyranitar, F|26/100 brn|[from] U-turn
|-damage|p1a: Tyranocif|13/100 brn|[from] Stealth Rock
|-damage|p1a: Tyranocif|0 fnt|[from] Spikes
|faint|p1a: Tyranocif
|move|p2a: Moltres|Roost|p2a: Moltres
|-heal|p2a: Moltres|86/100
|-singleturn|p2a: Moltres|move: Roost
|
|upkeep
|
|t:|1781056045
|switch|p1a: kaboom|Metagross|100/100
|-damage|p1a: kaboom|95/100|[from] Stealth Rock
|-damage|p1a: kaboom|70/100|[from] Spikes
|turn|21
|
|t:|1781056048
|move|p1a: kaboom|Knock Off|p2a: Moltres
|-damage|p2a: Moltres|49/100
|-enditem|p2a: Moltres|Heavy-Duty Boots|[from] move: Knock Off|[of] p1a: kaboom
|move|p2a: Moltres|Will-O-Wisp|p1a: kaboom
|-status|p1a: kaboom|brn
|
|-damage|p1a: kaboom|64/100 brn|[from] brn
|upkeep
|turn|22
|
|t:|1781056052
|switch|p1a: He pulten on it|Dragapult, M|48/100
|move|p2a: Moltres|Roost|p2a: Moltres
|-heal|p2a: Moltres|99/100
|-singleturn|p2a: Moltres|move: Roost
|
|upkeep
|turn|23
|
|t:|1781056056
|move|p1a: He pulten on it|Hex|p2a: Moltres
|-damage|p2a: Moltres|72/100
|move|p2a: Moltres|Will-O-Wisp|p1a: He pulten on it|[miss]
|-miss|p2a: Moltres|p1a: He pulten on it
|
|upkeep
|turn|24
|
|t:|1781056063
|move|p1a: He pulten on it|Hex|p2a: Moltres
|-damage|p2a: Moltres|41/100
|move|p2a: Moltres|Roost|p2a: Moltres
|-heal|p2a: Moltres|92/100
|-singleturn|p2a: Moltres|move: Roost
|
|upkeep
|turn|25
|l| nepturee
|
|t:|1781056070
|move|p1a: He pulten on it|Hex|p2a: Moltres
|-crit|p2a: Moltres
|-damage|p2a: Moltres|49/100
|move|p2a: Moltres|Will-O-Wisp|p1a: He pulten on it
|-status|p1a: He pulten on it|brn
|
|-damage|p1a: He pulten on it|42/100 brn|[from] brn
|upkeep
|turn|26
|
|t:|1781056073
|move|p1a: He pulten on it|Draco Meteor|p2a: Moltres
|-damage|p2a: Moltres|0 fnt
|-unboost|p1a: He pulten on it|spa|2
|faint|p2a: Moltres
|
|-damage|p1a: He pulten on it|36/100 brn|[from] brn
|upkeep
|
|t:|1781056091
|switch|p2a: Walking Wake|Walking Wake|88/100
|turn|27
|
|t:|1781056093
|move|p1a: He pulten on it|U-turn|p2a: Walking Wake
|-crit|p2a: Walking Wake
|-damage|p2a: Walking Wake|74/100
|
|t:|1781056095
|switch|p1a: kaboom|Metagross|64/100 brn|[from] U-turn
|-damage|p1a: kaboom|58/100 brn|[from] Stealth Rock
|-damage|p1a: kaboom|33/100 brn|[from] Spikes
|move|p2a: Walking Wake|Knock Off|p1a: kaboom
|-supereffective|p1a: kaboom
|-damage|p1a: kaboom|0 fnt
|-enditem|p1a: kaboom|Choice Band|[from] move: Knock Off|[of] p2a: Walking Wake
|faint|p1a: kaboom
|
|upkeep
|j| nepturee
|
|t:|1781056100
|switch|p1a: Chud|Dragonite, M|100/100
|turn|28
|
|t:|1781056105
|-terastallize|p1a: Chud|Normal
|move|p2a: Walking Wake|Knock Off|p1a: Chud
|-damage|p1a: Chud|91/100
|-enditem|p1a: Chud|Heavy-Duty Boots|[from] move: Knock Off|[of] p2a: Walking Wake
|move|p1a: Chud|Dragon Dance|p1a: Chud
|-boost|p1a: Chud|atk|1
|-boost|p1a: Chud|spe|1
|
|upkeep
|turn|29
|
|t:|1781056111
|move|p1a: Chud|Dragon Dance|p1a: Chud
|-boost|p1a: Chud|atk|1
|-boost|p1a: Chud|spe|1
|move|p2a: Walking Wake|Draco Meteor|p1a: Chud
|-damage|p1a: Chud|21/100
|-unboost|p2a: Walking Wake|spa|2
|
|upkeep
|turn|30
|
|t:|1781056124
|move|p1a: Chud|Extreme Speed|p2a: Walking Wake
|-damage|p2a: Walking Wake|0 fnt
|faint|p2a: Walking Wake
|-end|p2a: Walking Wake|Protosynthesis|[silent]
|
|upkeep
|
|t:|1781056138
|switch|p2a: Dragonite|Dragonite, F|100/100
|turn|31
|
|t:|1781056143
|-terastallize|p2a: Dragonite|Ground
|move|p1a: Chud|Extreme Speed|p2a: Dragonite
|-damage|p2a: Dragonite|46/100
|move|p2a: Dragonite|Earthquake|p1a: Chud
|-damage|p1a: Chud|0 fnt
|faint|p1a: Chud
|
|upkeep
|
|t:|1781056147
|switch|p1a: He pulten on it|Dragapult, M|36/100 brn
|turn|32
|
|t:|1781056151
|move|p1a: He pulten on it|Draco Meteor|p2a: Dragonite
|-damage|p2a: Dragonite|0 fnt
|-unboost|p1a: He pulten on it|spa|2
|faint|p2a: Dragonite
|
|-damage|p1a: He pulten on it|30/100 brn|[from] brn
|upkeep
|
|t:|1781056153
|switch|p2a: Gholdengo|Gholdengo|100/100
|-damage|p2a: Gholdengo|94/100|[from] Stealth Rock
|-damage|p2a: Gholdengo|82/100|[from] Spikes
|turn|33
|
|t:|1781056154
|move|p2a: Gholdengo|Shadow Ball|p1a: He pulten on it
|-supereffective|p1a: He pulten on it
|-damage|p1a: He pulten on it|0 fnt
|faint|p1a: He pulten on it
|
|win|katz motel
|raw|extra-pseudo man's rating: 1609 &rarr; <strong>1588</strong><br />(-21 for losing)
|raw|katz motel's rating: 1591 &rarr; <strong>1612</strong><br />(+21 for winning)
|l| nepturee
|l|☆extra-pseudo man
|player|p1|
|l|☆katz motel
|player|p2|
