|j|☆IsoCon
|j|☆diav
|t:|1780953504
|gametype|singles
|player|p1|IsoCon|blackbelt-gen2|1554
|player|p2|diav|flannery|1574
|gen|9
|tier|[Gen 9] OU
|rated|
|rule|HP Percentage Mod: HP is shown in percentages
|rule|Endless Battle Clause: Forcing endless battles is banned
|rule|Species Clause: Limit one of each Pokémon
|rule|OHKO Clause: OHKO moves are banned
|rule|Evasion Items Clause: Evasion items are banned
|rule|Evasion Moves Clause: Evasion moves are banned
|rule|Evasion Abilities Clause: Evasion abilities are banned
|rule|Sleep Moves Clause: Sleep-inducing moves are banned
|clearpoke
|poke|p1|Ogerpon, F|
|poke|p1|Samurott-Hisui, F|
|poke|p1|Blissey, F|
|poke|p1|Gliscor, F|
|poke|p1|Skarmory, F|
|poke|p1|Pecharunt|
|poke|p2|Deoxys-Speed|
|poke|p2|Kommo-o, F|
|poke|p2|Iron Crown|
|poke|p2|Great Tusk|
|poke|p2|Latias, F|
|poke|p2|Scizor, F|
|teampreview
|inactive|Battle timer is ON: inactive players will automatically lose when time's up. (requested by diav)
|
|t:|1780953518
|teamsize|p1|6
|teamsize|p2|6
|start
|switch|p1a: Samurott|Samurott-Hisui, F|100/100
|switch|p2a: Soul|Kommo-o, F|100/100
|turn|1
|
|t:|1780953540
|move|p2a: Soul|Clangorous Soul|p2a: Soul
|-boost|p2a: Soul|atk|1
|-boost|p2a: Soul|def|1
|-boost|p2a: Soul|spa|1
|-boost|p2a: Soul|spd|1
|-boost|p2a: Soul|spe|1
|-damage|p2a: Soul|68/100
|-enditem|p2a: Soul|Throat Spray
|-boost|p2a: Soul|spa|1|[from] item: Throat Spray
|move|p1a: Samurott|Encore|p2a: Soul
|-start|p2a: Soul|Encore
|
|upkeep
|turn|2
|
|t:|1780953545
|switch|p2a: Strenght|Great Tusk|100/100
|-enditem|p2a: Strenght|Booster Energy
|-activate|p2a: Strenght|ability: Protosynthesis|[fromitem]
|-start|p2a: Strenght|protosynthesisspe
|move|p1a: Samurott|Ceaseless Edge|p2a: Strenght|[miss]
|-miss|p1a: Samurott|p2a: Strenght
|
|upkeep
|turn|3
|
|t:|1780953559
|switch|p1a: Pecharunt|Pecharunt|100/100
|move|p2a: Strenght|Bulk Up|p2a: Strenght
|-boost|p2a: Strenght|atk|1
|-boost|p2a: Strenght|def|1
|
|upkeep
|turn|4
|
|t:|1780953565
|move|p2a: Strenght|Headlong Rush|p1a: Pecharunt
|-supereffective|p1a: Pecharunt
|-damage|p1a: Pecharunt|24/100
|-unboost|p2a: Strenght|def|1
|-unboost|p2a: Strenght|spd|1
|move|p1a: Pecharunt|Toxic|p2a: Strenght
|-status|p2a: Strenght|tox
|-start|p2a: Strenght|confusion|[from] ability: Poison Puppeteer|[of] p1a: Pecharunt
|
|-damage|p2a: Strenght|94/100 tox|[from] psn
|upkeep
|turn|5
|
|t:|1780953572
|switch|p1a: Skarmory|Skarmory, F|100/100
|-activate|p2a: Strenght|confusion
|move|p2a: Strenght|Head Smash|p1a: Skarmory
|-damage|p1a: Skarmory|63/100
|-damage|p2a: Strenght|80/100 tox|[from] Recoil
|
|-damage|p2a: Strenght|68/100 tox|[from] psn
|upkeep
|turn|6
|
|t:|1780953579
|-activate|p2a: Strenght|confusion
|move|p2a: Strenght|Taunt|p1a: Skarmory
|-start|p1a: Skarmory|move: Taunt
|cant|p1a: Skarmory|move: Taunt|Stealth Rock
|
|-damage|p2a: Strenght|49/100 tox|[from] psn
|upkeep
|turn|7
|
|t:|1780953584
|switch|p1a: Pecharunt|Pecharunt|24/100
|-activate|p2a: Strenght|confusion
|-damage|p2a: Strenght|38/100 tox|[from] confusion
|
|-damage|p2a: Strenght|13/100 tox|[from] psn
|upkeep
|turn|8
|
|t:|1780953594
|switch|p1a: Skarmory|Skarmory, F|63/100
|-end|p2a: Strenght|confusion
|move|p2a: Strenght|Head Smash|p1a: Skarmory
|-damage|p1a: Skarmory|28/100
|-damage|p2a: Strenght|0 fnt|[from] Recoil
|faint|p2a: Strenght
|-end|p2a: Strenght|Protosynthesis|[silent]
|
|upkeep
|
|t:|1780953603
|switch|p2a: Soul|Kommo-o, F|68/100
|turn|9
|
|t:|1780953612
|move|p2a: Soul|Flamethrower|p1a: Skarmory
|-supereffective|p1a: Skarmory
|-damage|p1a: Skarmory|0 fnt
|faint|p1a: Skarmory
|
|upkeep
|
|t:|1780953635
|switch|p1a: Gliscor|Gliscor, F|100/100
|turn|10
|
|t:|1780953641
|move|p2a: Soul|Boomburst|p1a: Gliscor
|-damage|p1a: Gliscor|67/100
|move|p1a: Gliscor|Earthquake|p2a: Soul
|-damage|p2a: Soul|37/100
|
|-status|p1a: Gliscor|tox|[from] item: Toxic Orb
|upkeep
|turn|11
|
|t:|1780953653
|move|p2a: Soul|Boomburst|p1a: Gliscor
|-damage|p1a: Gliscor|33/100 tox
|move|p1a: Gliscor|Facade|p2a: Soul
|-damage|p2a: Soul|6/100
|
|-heal|p1a: Gliscor|46/100 tox|[from] ability: Poison Heal
|upkeep
|turn|12
|
|t:|1780953656
|move|p1a: Gliscor|Protect|p1a: Gliscor
|-singleturn|p1a: Gliscor|Protect
|move|p2a: Soul|Boomburst|p1a: Gliscor
|-activate|p1a: Gliscor|move: Protect
|
|-heal|p1a: Gliscor|58/100 tox|[from] ability: Poison Heal
|upkeep
|turn|13
|
|t:|1780953662
|move|p2a: Soul|Boomburst|p1a: Gliscor
|-damage|p1a: Gliscor|26/100 tox
|move|p1a: Gliscor|Facade|p2a: Soul
|-damage|p2a: Soul|0 fnt
|faint|p2a: Soul
|
|-heal|p1a: Gliscor|38/100 tox|[from] ability: Poison Heal
|upkeep
|
|t:|1780953666
|switch|p2a: Justice|Iron Crown|100/100
|-enditem|p2a: Justice|Booster Energy
|-activate|p2a: Justice|ability: Quark Drive|[fromitem]
|-start|p2a: Justice|quarkdrivespe
|turn|14
|inactive|IsoCon has 120 seconds left.
|
|t:|1780953719
|switch|p1a: Samurott|Samurott-Hisui, F|100/100
|move|p2a: Justice|Calm Mind|p2a: Justice
|-boost|p2a: Justice|spa|1
|-boost|p2a: Justice|spd|1
|
|upkeep
|turn|15
|
|t:|1780953727
|-terastallize|p1a: Samurott|Water
|move|p2a: Justice|Focus Blast|p1a: Samurott
|-damage|p1a: Samurott|16/100
|move|p1a: Samurott|Encore|p2a: Justice
|-start|p2a: Justice|Encore
|
|upkeep
|turn|16
|
|t:|1780953733
|switch|p1a: Pecharunt|Pecharunt|24/100
|move|p2a: Justice|Focus Blast|p1a: Pecharunt
|-immune|p1a: Pecharunt
|
|upkeep
|turn|17
|
|t:|1780953742
|move|p2a: Justice|Focus Blast|p1a: Pecharunt
|-immune|p1a: Pecharunt
|move|p1a: Pecharunt|Shadow Ball|p2a: Justice
|-supereffective|p2a: Justice
|-damage|p2a: Justice|71/100
|-unboost|p2a: Justice|spd|1
|
|upkeep
|turn|18
|inactive|IsoCon has 120 seconds left.
|
|t:|1780953757
|move|p2a: Justice|Focus Blast|p1a: Pecharunt
|-immune|p1a: Pecharunt
|move|p1a: Pecharunt|Shadow Ball|p2a: Justice
|-supereffective|p2a: Justice
|-damage|p2a: Justice|26/100
|-unboost|p2a: Justice|spd|1
|
|-end|p2a: Justice|Encore
|upkeep
|turn|19
|inactive|IsoCon has 120 seconds left.
|c|☆diav|before this i legit hit 0 out of 4 focus blasts
|
|t:|1780953779
|switch|p1a: Gliscor|Gliscor, F|38/100 tox
|move|p2a: Justice|Psyshock|p1a: Gliscor
|-damage|p1a: Gliscor|0 fnt
|faint|p1a: Gliscor
|
|upkeep
|c|☆diav|now that im encored i hit all of them in a row
|
|t:|1780953787
|switch|p1a: Blissey|Blissey, F|100/100
|turn|20
|
|t:|1780953797
|move|p2a: Justice|Psyshock|p1a: Blissey
|-damage|p1a: Blissey|45/100
|move|p1a: Blissey|Shadow Ball|p2a: Justice
|-supereffective|p2a: Justice
|-damage|p2a: Justice|0 fnt
|faint|p2a: Justice
|-end|p2a: Justice|Quark Drive|[silent]
|
|upkeep
|
|t:|1780953801
|switch|p2a: bug|Scizor, F|100/100
|turn|21
|
|t:|1780953818
|switch|p1a: Ogerpon|Ogerpon, F|100/100
|move|p2a: bug|Swords Dance|p2a: bug
|-boost|p2a: bug|atk|2
|
|upkeep
|turn|22
|
|t:|1780953823
|move|p2a: bug|Bullet Punch|p1a: Ogerpon
|-damage|p1a: Ogerpon|11/100
|move|p1a: Ogerpon|Encore|p2a: bug
|-start|p2a: bug|Encore
|
|upkeep
|turn|23
|c|☆IsoCon|gg
|inactive|IsoCon has 120 seconds left.
|-message|IsoCon forfeited.
|
|win|diav
|raw|IsoCon's rating: 1554 &rarr; <strong>1535</strong><br />(-19 for losing)
|raw|diav's rating: 1574 &rarr; <strong>1593</strong><br />(+19 for winning)
|l|☆IsoCon
|player|p1|
|l|☆diav
|player|p2|
