|badge|p2|bronze|gen9ubers|100-9
|uhtml|medal-msg|<div class="broadcast-blue">Curious what those medals under the avatar are? PS now has Ladder Seasons! For more information, check out the <a href="https://www.smogon.com/forums/threads/3740067/">thread on Smogon.</a></div>
|j|☆cacao1
|j|☆mister_ttar
|t:|1781431309
|gametype|singles
|player|p1|cacao1|101|1515
|player|p2|mister_ttar|vince|1557
|gen|9
|tier|[Gen 9] OU
|rated|
|rule|HP Percentage Mod: HP is shown in percentages
|rule|Endless Battle Clause: Forcing endless battles is banned
|rule|Species Clause: Limit one of each Pokémon
|rule|OHKO Clause: OHKO moves are banned
|rule|Evasion Items Clause: Evasion items are banned
|rule|Evasion Moves Clause: Evasion moves are banned
|rule|Evasion Abilities Clause: Evasion abilities are banned
|rule|Sleep Moves Clause: Sleep-inducing moves are banned
|clearpoke
|poke|p1|Heatran, F|
|poke|p1|Torkoal, F|
|poke|p1|Hatterene, F|
|poke|p1|Walking Wake|
|poke|p1|Lilligant-Hisui, F|
|poke|p1|Great Tusk|
|poke|p2|Ceruledge, F|
|poke|p2|Iron Valiant|
|poke|p2|Ditto|
|poke|p2|Mamoswine, F|
|poke|p2|Armarouge, M|
|poke|p2|Cinderace, M|
|teampreview
|inactive|Battle timer is ON: inactive players will automatically lose when time's up. (requested by cacao1)
|
|t:|1781431324
|teamsize|p1|6
|teamsize|p2|6
|start
|switch|p1a: Great Tusk|Great Tusk|100/100
|switch|p2a: The Indian Swine|Mamoswine, F|100/100
|turn|1
|
|t:|1781431345
|move|p1a: Great Tusk|Close Combat|p2a: The Indian Swine
|-supereffective|p2a: The Indian Swine
|-enditem|p2a: The Indian Swine|Focus Sash
|-damage|p2a: The Indian Swine|1/100
|-unboost|p1a: Great Tusk|def|1
|-unboost|p1a: Great Tusk|spd|1
|move|p2a: The Indian Swine|Icicle Crash|p1a: Great Tusk
|-supereffective|p1a: Great Tusk
|-damage|p1a: Great Tusk|0 fnt
|faint|p1a: Great Tusk
|-end|p1a: Great Tusk|Protosynthesis|[silent]
|
|upkeep
|
|t:|1781431359
|switch|p1a: Walking Wake|Walking Wake|100/100
|turn|2
|
|t:|1781431365
|move|p2a: The Indian Swine|Ice Shard|p1a: Walking Wake
|-damage|p1a: Walking Wake|77/100
|move|p1a: Walking Wake|Hydro Steam|p2a: The Indian Swine
|-supereffective|p2a: The Indian Swine
|-damage|p2a: The Indian Swine|0 fnt
|faint|p2a: The Indian Swine
|
|upkeep
|
|t:|1781431375
|switch|p2a: He's/Him|Iron Valiant|100/100
|-enditem|p2a: He's/Him|Booster Energy
|-activate|p2a: He's/Him|ability: Quark Drive|[fromitem]
|-start|p2a: He's/Him|quarkdrivespe
|turn|3
|
|t:|1781431381
|-end|p1a: Walking Wake|Protosynthesis|[silent]
|switch|p1a: Torkoal|Torkoal, F|100/100
|-weather|SunnyDay|[from] ability: Drought|[of] p1a: Torkoal
|move|p2a: He's/Him|Calm Mind|p2a: He's/Him
|-boost|p2a: He's/Him|spa|1
|-boost|p2a: He's/Him|spd|1
|
|-weather|SunnyDay|[upkeep]
|upkeep
|turn|4
|inactive|mister_ttar has 120 seconds left.
|
|t:|1781431421
|move|p2a: He's/Him|Thunderbolt|p1a: Torkoal
|-damage|p1a: Torkoal|46/100
|move|p1a: Torkoal|Stealth Rock|p2a: He's/Him
|-sidestart|p2: mister_ttar|move: Stealth Rock
|
|-weather|SunnyDay|[upkeep]
|upkeep
|turn|5
|
|t:|1781431430
|switch|p1a: Hatterene|Hatterene, F|100/100
|move|p2a: He's/Him|Thunderbolt|p1a: Hatterene
|-damage|p1a: Hatterene|57/100
|
|-weather|SunnyDay|[upkeep]
|-heal|p1a: Hatterene|63/100|[from] item: Leftovers
|upkeep
|turn|6
|
|t:|1781431441
|-terastallize|p1a: Hatterene|Steel
|move|p2a: He's/Him|Shadow Ball|p1a: Hatterene
|-damage|p1a: Hatterene|19/100
|move|p1a: Hatterene|Nuzzle|p2a: He's/Him
|-damage|p2a: He's/Him|95/100
|-status|p2a: He's/Him|par
|
|-weather|SunnyDay|[upkeep]
|-heal|p1a: Hatterene|25/100|[from] item: Leftovers
|upkeep
|turn|7
|
|t:|1781431450
|move|p2a: He's/Him|Shadow Ball|p1a: Hatterene
|-damage|p1a: Hatterene|0 fnt
|faint|p1a: Hatterene
|
|-weather|SunnyDay|[upkeep]
|upkeep
|
|t:|1781431457
|switch|p1a: Lilligant|Lilligant-Hisui, F|100/100
|turn|8
|
|t:|1781431461
|move|p1a: Lilligant|Solar Blade||[still]
|-prepare|p1a: Lilligant|Solar Blade
|-anim|p1a: Lilligant|Solar Blade|p2a: He's/Him
|-damage|p2a: He's/Him|0 fnt
|faint|p2a: He's/Him
|-end|p2a: He's/Him|Quark Drive|[silent]
|-damage|p1a: Lilligant|91/100|[from] item: Life Orb
|
|-weather|SunnyDay|[upkeep]
|upkeep
|
|t:|1781431464
|switch|p2a: Thumper|Cinderace, M|100/100
|-damage|p2a: Thumper|76/100|[from] Stealth Rock
|turn|9
|
|t:|1781431474
|switch|p1a: Walking Wake|Walking Wake|77/100
|-activate|p1a: Walking Wake|ability: Protosynthesis
|-start|p1a: Walking Wake|protosynthesisspe
|move|p2a: Thumper|Court Change|p2a: Thumper
|-start|p2a: Thumper|typechange|Normal|[from] ability: Libero
|-swapsideconditions
|-activate|p2a: Thumper|move: Court Change
|
|-weather|SunnyDay|[upkeep]
|upkeep
|turn|10
|
|t:|1781431480
|move|p2a: Thumper|Sucker Punch||[still]
|-fail|p2a: Thumper
|move|p1a: Walking Wake|Substitute|p1a: Walking Wake
|-start|p1a: Walking Wake|Substitute
|-damage|p1a: Walking Wake|52/100
|
|-weather|none
|-end|p1a: Walking Wake|Protosynthesis
|upkeep
|turn|11
|
|t:|1781431485
|move|p1a: Walking Wake|Hydro Steam|p2a: Thumper
|-damage|p2a: Thumper|16/100
|move|p2a: Thumper|High Jump Kick|p1a: Walking Wake
|-end|p1a: Walking Wake|Substitute
|
|upkeep
|turn|12
|
|t:|1781431492
|move|p1a: Walking Wake|Hydro Steam|p2a: Thumper
|-damage|p2a: Thumper|0 fnt
|faint|p2a: Thumper
|
|upkeep
|
|t:|1781431495
|switch|p2a: Jabba|Ditto|100/100
|-transform|p2a: Jabba|p1a: Walking Wake|[from] ability: Imposter
|turn|13
|
|t:|1781431503
|-end|p1a: Walking Wake|Protosynthesis|[silent]
|switch|p1a: Torkoal|Torkoal, F|46/100
|-damage|p1a: Torkoal|21/100|[from] Stealth Rock
|-weather|SunnyDay|[from] ability: Drought|[of] p1a: Torkoal
|move|p2a: Jabba|Draco Meteor|p1a: Torkoal
|-damage|p1a: Torkoal|0 fnt
|-unboost|p2a: Jabba|spa|2
|faint|p1a: Torkoal
|
|-weather|SunnyDay|[upkeep]
|upkeep
|
|t:|1781431520
|switch|p1a: Heatran|Heatran, F|100/100
|-damage|p1a: Heatran|88/100|[from] Stealth Rock
|turn|14
|
|t:|1781431524
|-end|p2a: Jabba|Protosynthesis|[silent]
|switch|p2a: Anna De Armas|Armarouge, M|100/100
|move|p1a: Heatran|Earth Power|p2a: Anna De Armas
|-supereffective|p2a: Anna De Armas
|-enditem|p2a: Anna De Armas|Focus Sash
|-damage|p2a: Anna De Armas|1/100
|
|-weather|SunnyDay|[upkeep]
|upkeep
|turn|15
|
|t:|1781431530
|move|p1a: Heatran|Earth Power|p2a: Anna De Armas
|-supereffective|p2a: Anna De Armas
|-damage|p2a: Anna De Armas|0 fnt
|faint|p2a: Anna De Armas
|
|-weather|SunnyDay|[upkeep]
|upkeep
|
|t:|1781431539
|switch|p2a: The Main Character|Ceruledge, F, shiny|100/100
|turn|16
|
|t:|1781431542
|move|p1a: Heatran|Earth Power|p2a: The Main Character
|-supereffective|p2a: The Main Character
|-enditem|p2a: The Main Character|Focus Sash
|-damage|p2a: The Main Character|1/100
|move|p2a: The Main Character|Close Combat|p1a: Heatran
|-supereffective|p1a: Heatran
|-damage|p1a: Heatran|0 fnt
|-unboost|p2a: The Main Character|def|1
|-unboost|p2a: The Main Character|spd|1
|faint|p1a: Heatran
|
|-weather|SunnyDay|[upkeep]
|upkeep
|
|t:|1781431566
|switch|p1a: Walking Wake|Walking Wake|52/100
|-activate|p1a: Walking Wake|ability: Protosynthesis
|-start|p1a: Walking Wake|protosynthesisspe
|turn|17
|
|t:|1781431573
|move|p2a: The Main Character|Shadow Sneak|p1a: Walking Wake
|-damage|p1a: Walking Wake|29/100
|move|p1a: Walking Wake|Hydro Steam|p2a: The Main Character
|-supereffective|p2a: The Main Character
|-damage|p2a: The Main Character|0 fnt
|faint|p2a: The Main Character
|
|-weather|SunnyDay|[upkeep]
|upkeep
|
|t:|1781431575
|switch|p2a: Jabba|Ditto|100/100
|-transform|p2a: Jabba|p1a: Walking Wake|[from] ability: Imposter
|turn|18
|
|t:|1781431585
|move|p1a: Walking Wake|Draco Meteor|p2a: Jabba|[miss]
|-miss|p1a: Walking Wake|p2a: Jabba
|move|p2a: Jabba|Draco Meteor|p1a: Walking Wake
|-supereffective|p1a: Walking Wake
|-damage|p1a: Walking Wake|0 fnt
|-unboost|p2a: Jabba|spa|2
|faint|p1a: Walking Wake
|-end|p1a: Walking Wake|Protosynthesis|[silent]
|
|-weather|SunnyDay|[upkeep]
|upkeep
|
|t:|1781431591
|switch|p1a: Lilligant|Lilligant-Hisui, F|91/100
|-damage|p1a: Lilligant|85/100|[from] Stealth Rock
|turn|19
|
|t:|1781431599
|move|p1a: Lilligant|Solar Blade||[still]
|-prepare|p1a: Lilligant|Solar Blade
|-anim|p1a: Lilligant|Solar Blade|p2a: Jabba
|-enditem|p2a: Jabba|Focus Sash
|-damage|p2a: Jabba|1/100
|-damage|p1a: Lilligant|75/100|[from] item: Life Orb
|move|p2a: Jabba|Flamethrower|p1a: Lilligant
|-supereffective|p1a: Lilligant
|-damage|p1a: Lilligant|7/100
|
|-weather|SunnyDay|[upkeep]
|upkeep
|turn|20
|
|t:|1781431610
|move|p1a: Lilligant|Solar Blade||[still]
|-prepare|p1a: Lilligant|Solar Blade
|-anim|p1a: Lilligant|Solar Blade|p2a: Jabba
|-damage|p2a: Jabba|0 fnt
|faint|p2a: Jabba
|-end|p2a: Jabba|Protosynthesis|[silent]
|-damage|p1a: Lilligant|0 fnt|[from] item: Life Orb
|faint|p1a: Lilligant
|
|win|cacao1
|raw|cacao1's rating: 1515 &rarr; <strong>1537</strong><br />(+22 for winning)
|raw|mister_ttar's rating: 1557 &rarr; <strong>1535</strong><br />(-22 for losing)
|l|☆mister_ttar
|player|p2|
|c|☆cacao1|Gg!
|l|☆cacao1
|player|p1|
|j|☆cacao1
|player|p1|cacao1|101|
|l|☆cacao1
|player|p1|
