|badge|p2|bronze|gen9ubers|100-9
|uhtml|medal-msg|<div class="broadcast-blue">Curious what those medals under the avatar are? PS now has Ladder Seasons! For more information, check out the <a href="https://www.smogon.com/forums/threads/3740067/">thread on Smogon.</a></div>
|j|☆Floundso
|j|☆goodnightnite
|t:|1781006452
|gametype|singles
|player|p1|Floundso|giovanni|1651
|player|p2|goodnightnite|miku-water|1651
|gen|9
|tier|[Gen 9] OU
|rated|
|rule|HP Percentage Mod: HP is shown in percentages
|rule|Endless Battle Clause: Forcing endless battles is banned
|rule|Species Clause: Limit one of each Pokémon
|rule|OHKO Clause: OHKO moves are banned
|rule|Evasion Items Clause: Evasion items are banned
|rule|Evasion Moves Clause: Evasion moves are banned
|rule|Evasion Abilities Clause: Evasion abilities are banned
|rule|Sleep Moves Clause: Sleep-inducing moves are banned
|clearpoke
|poke|p1|Kyurem|
|poke|p1|Kingambit, M|
|poke|p1|Great Tusk|
|poke|p1|Cinderace, M|
|poke|p1|Slowking-Galar, M|
|poke|p1|Enamorus-Therian, F|
|poke|p2|Hatterene, F|
|poke|p2|Great Tusk|
|poke|p2|Tornadus-Therian, M|
|poke|p2|Kyurem|
|poke|p2|Slowking-Galar, M|
|poke|p2|Kingambit, F|
|teampreview
|inactive|Battle timer is ON: inactive players will automatically lose when time's up. (requested by goodnightnite)
|
|t:|1781006472
|teamsize|p1|6
|teamsize|p2|6
|start
|switch|p1a: Kyurem|Kyurem, shiny|100/100
|switch|p2a: Slowking|Slowking-Galar, M|100/100
|-ability|p1a: Kyurem|Pressure
|turn|1
|
|t:|1781006482
|switch|p1a: Slowking|Slowking-Galar, M, shiny|100/100
|move|p2a: Slowking|Trick|p1a: Slowking
|-activate|p2a: Slowking|move: Trick|[of] p1a: Slowking
|-item|p1a: Slowking|Black Sludge|[from] move: Trick
|-item|p2a: Slowking|Assault Vest|[from] move: Trick
|
|upkeep
|turn|2
|
|t:|1781006493
|move|p1a: Slowking|Flamethrower|p2a: Slowking
|-damage|p2a: Slowking|84/100
|move|p2a: Slowking|Future Sight|p1a: Slowking
|-start|p2a: Slowking|move: Future Sight
|
|upkeep
|turn|3
|
|t:|1781006500
|switch|p2a: Tornadus|Tornadus-Therian, M|100/100
|move|p1a: Slowking|Psyshock|p2a: Tornadus
|-damage|p2a: Tornadus|49/100
|
|upkeep
|turn|4
|
|t:|1781006507
|move|p2a: Tornadus|Knock Off|p1a: Slowking
|-supereffective|p1a: Slowking
|-crit|p1a: Slowking
|-damage|p1a: Slowking|33/100
|-enditem|p1a: Slowking|Black Sludge|[from] move: Knock Off|[of] p2a: Tornadus
|move|p1a: Slowking|Flamethrower|p2a: Tornadus
|-damage|p2a: Tornadus|30/100
|-status|p2a: Tornadus|brn
|
|-end|p1a: Slowking|move: Future Sight
|-damage|p1a: Slowking|0 fnt
|faint|p1a: Slowking
|-damage|p2a: Tornadus|24/100 brn|[from] brn
|upkeep
|
|t:|1781006519
|switch|p1a: Kyurem|Kyurem, shiny|100/100
|-ability|p1a: Kyurem|Pressure
|turn|5
|
|t:|1781006524
|move|p2a: Tornadus|Knock Off|p1a: Kyurem
|-damage|p1a: Kyurem|94/100
|-enditem|p1a: Kyurem|Assault Vest|[from] move: Knock Off|[of] p2a: Tornadus
|move|p1a: Kyurem|Ice Beam|p2a: Tornadus
|-supereffective|p2a: Tornadus
|-damage|p2a: Tornadus|0 fnt
|faint|p2a: Tornadus
|
|upkeep
|
|t:|1781006530
|switch|p2a: Kyurem|Kyurem|100/100
|-ability|p2a: Kyurem|Pressure
|turn|6
|
|t:|1781006536
|switch|p2a: Hatterene|Hatterene, F|100/100
|move|p1a: Kyurem|Ice Beam|p2a: Hatterene
|-damage|p2a: Hatterene|59/100
|
|upkeep
|turn|7
|
|t:|1781006541
|move|p1a: Kyurem|Ice Beam|p2a: Hatterene
|-damage|p2a: Hatterene|21/100
|move|p2a: Hatterene|Pain Split|p1a: Kyurem
|-sethp|p1a: Kyurem|55/100|[from] move: Pain Split|[silent]
|-sethp|p2a: Hatterene|75/100|[from] move: Pain Split
|
|upkeep
|turn|8
|
|t:|1781006549
|move|p1a: Kyurem|Ice Beam|p2a: Hatterene
|-damage|p2a: Hatterene|31/100
|move|p2a: Hatterene|Pain Split|p1a: Kyurem
|-sethp|p1a: Kyurem|39/100|[from] move: Pain Split|[silent]
|-sethp|p2a: Hatterene|53/100|[from] move: Pain Split
|
|upkeep
|turn|9
|
|t:|1781006553
|move|p1a: Kyurem|Ice Beam|p2a: Hatterene
|-damage|p2a: Hatterene|14/100
|move|p2a: Hatterene|Draining Kiss|p1a: Kyurem
|-supereffective|p1a: Kyurem
|-damage|p1a: Kyurem|1/100
|-heal|p2a: Hatterene|52/100|[from] drain|[of] p1a: Kyurem
|
|upkeep
|turn|10
|
|t:|1781006559
|move|p1a: Kyurem|Ice Beam|p2a: Hatterene
|-damage|p2a: Hatterene|9/100
|move|p2a: Hatterene|Draining Kiss|p1a: Kyurem
|-supereffective|p1a: Kyurem
|-damage|p1a: Kyurem|0 fnt
|-heal|p2a: Hatterene|10/100|[from] drain|[of] p1a: Kyurem
|faint|p1a: Kyurem
|
|upkeep
|j| yuureisuisei
|
|t:|1781006581
|switch|p1a: Kingambit|Kingambit, M, shiny|100/100
|-activate|p1a: Kingambit|ability: Supreme Overlord
|-start|p1a: Kingambit|fallen2|[silent]
|-item|p1a: Kingambit|Air Balloon
|turn|11
|inactive|goodnightnite has 120 seconds left.
|
|t:|1781006627
|move|p1a: Kingambit|Iron Head|p2a: Hatterene
|-supereffective|p2a: Hatterene
|-damage|p2a: Hatterene|0 fnt
|-damage|p1a: Kingambit|84/100|[from] item: Rocky Helmet|[of] p2a: Hatterene
|faint|p2a: Hatterene
|
|upkeep
|
|t:|1781006634
|switch|p2a: Great Tusk|Great Tusk|100/100
|turn|12
|
|t:|1781006644
|-end|p1a: Kingambit|fallen2|[silent]
|switch|p1a: Cinderace|Cinderace, M, shiny|100/100
|move|p2a: Great Tusk|Stealth Rock|p1a: Cinderace
|-sidestart|p1: Floundso|move: Stealth Rock
|
|upkeep
|turn|13
|inactive|goodnightnite has 120 seconds left.
|
|t:|1781006650
|-end|p2a: Great Tusk|Protosynthesis|[silent]
|switch|p2a: Slowking|Slowking-Galar, M|100/100
|move|p1a: Cinderace|Court Change|p1a: Cinderace
|-start|p1a: Cinderace|typechange|Normal|[from] ability: Libero
|-swapsideconditions
|-activate|p1a: Cinderace|move: Court Change
|
|upkeep
|turn|14
|
|t:|1781006658
|move|p1a: Cinderace|U-turn|p2a: Slowking
|-damage|p2a: Slowking|84/100
|
|t:|1781006660
|switch|p1a: Kingambit|Kingambit, M, shiny|84/100|[from] U-turn
|-activate|p1a: Kingambit|ability: Supreme Overlord
|-start|p1a: Kingambit|fallen2|[silent]
|-item|p1a: Kingambit|Air Balloon
|move|p2a: Slowking|Sludge Bomb|p1a: Kingambit
|-immune|p1a: Kingambit
|
|upkeep
|turn|15
|
|t:|1781006665
|move|p1a: Kingambit|Iron Head|p2a: Slowking
|-damage|p2a: Slowking|46/100
|move|p2a: Slowking|Future Sight|p1a: Kingambit
|-start|p2a: Slowking|move: Future Sight
|
|upkeep
|turn|16
|
|t:|1781006672
|switch|p2a: Great Tusk|Great Tusk|100/100
|-damage|p2a: Great Tusk|98/100|[from] Stealth Rock
|move|p1a: Kingambit|Iron Head|p2a: Great Tusk
|-damage|p2a: Great Tusk|58/100
|-damage|p1a: Kingambit|68/100|[from] item: Rocky Helmet|[of] p2a: Great Tusk
|
|upkeep
|turn|17
|
|t:|1781006681
|move|p2a: Great Tusk|Rapid Spin|p1a: Kingambit
|-resisted|p1a: Kingambit
|-damage|p1a: Kingambit|60/100
|-boost|p2a: Great Tusk|spe|1
|-enditem|p1a: Kingambit|Air Balloon
|-sideend|p2: goodnightnite|Stealth Rock|[from] move: Rapid Spin|[of] p2a: Great Tusk
|move|p1a: Kingambit|Iron Head|p2a: Great Tusk
|-damage|p2a: Great Tusk|23/100
|-damage|p1a: Kingambit|44/100|[from] item: Rocky Helmet|[of] p2a: Great Tusk
|
|-end|p1a: Kingambit|move: Future Sight
|-immune|p1a: Kingambit
|upkeep
|turn|18
|
|t:|1781006693
|move|p2a: Great Tusk|Headlong Rush|p1a: Kingambit
|-supereffective|p1a: Kingambit
|-damage|p1a: Kingambit|0 fnt
|-unboost|p2a: Great Tusk|def|1
|-unboost|p2a: Great Tusk|spd|1
|faint|p1a: Kingambit
|-end|p1a: Kingambit|fallen2|[silent]
|
|upkeep
|
|t:|1781006706
|switch|p1a: Enamorus|Enamorus-Therian, F|100/100
|turn|19
|
|t:|1781006711
|move|p2a: Great Tusk|Ice Spinner|p1a: Enamorus
|-supereffective|p1a: Enamorus
|-damage|p1a: Enamorus|65/100
|move|p1a: Enamorus|Iron Defense|p1a: Enamorus
|-boost|p1a: Enamorus|def|2
|
|-heal|p1a: Enamorus|71/100|[from] item: Leftovers
|upkeep
|turn|20
|
|t:|1781006718
|-end|p2a: Great Tusk|Protosynthesis|[silent]
|switch|p2a: Slowking|Slowking-Galar, M|80/100
|move|p1a: Enamorus|Calm Mind|p1a: Enamorus
|-boost|p1a: Enamorus|spa|1
|-boost|p1a: Enamorus|spd|1
|
|-heal|p1a: Enamorus|77/100|[from] item: Leftovers
|upkeep
|turn|21
|
|t:|1781006725
|-terastallize|p1a: Enamorus|Poison
|move|p1a: Enamorus|Calm Mind|p1a: Enamorus
|-boost|p1a: Enamorus|spa|1
|-boost|p1a: Enamorus|spd|1
|move|p2a: Slowking|Sludge Bomb|p1a: Enamorus
|-resisted|p1a: Enamorus
|-damage|p1a: Enamorus|69/100
|
|-heal|p1a: Enamorus|75/100|[from] item: Leftovers
|upkeep
|turn|22
|
|t:|1781006732
|move|p1a: Enamorus|Calm Mind|p1a: Enamorus
|-boost|p1a: Enamorus|spa|1
|-boost|p1a: Enamorus|spd|1
|move|p2a: Slowking|Future Sight|p1a: Enamorus
|-start|p2a: Slowking|move: Future Sight
|
|-heal|p1a: Enamorus|81/100|[from] item: Leftovers
|upkeep
|turn|23
|
|t:|1781006739
|switch|p2a: Great Tusk|Great Tusk|23/100
|move|p1a: Enamorus|Calm Mind|p1a: Enamorus
|-boost|p1a: Enamorus|spa|1
|-boost|p1a: Enamorus|spd|1
|
|-heal|p1a: Enamorus|87/100|[from] item: Leftovers
|upkeep
|turn|24
|
|t:|1781006747
|move|p2a: Great Tusk|Headlong Rush|p1a: Enamorus
|-supereffective|p1a: Enamorus
|-damage|p1a: Enamorus|47/100
|-unboost|p2a: Great Tusk|def|1
|-unboost|p2a: Great Tusk|spd|1
|move|p1a: Enamorus|Draining Kiss|p2a: Great Tusk
|-supereffective|p2a: Great Tusk
|-damage|p2a: Great Tusk|0 fnt
|-heal|p1a: Enamorus|65/100|[from] drain|[of] p2a: Great Tusk
|-damage|p1a: Enamorus|48/100|[from] item: Rocky Helmet|[of] p2a: Great Tusk
|faint|p2a: Great Tusk
|-end|p2a: Great Tusk|Protosynthesis|[silent]
|
|-end|p1a: Enamorus|move: Future Sight
|-supereffective|p1a: Enamorus
|-damage|p1a: Enamorus|20/100
|-heal|p1a: Enamorus|26/100|[from] item: Leftovers
|upkeep
|
|t:|1781006761
|switch|p2a: Kyurem|Kyurem|100/100
|-ability|p2a: Kyurem|Pressure
|turn|25
|
|t:|1781006766
|move|p2a: Kyurem|Earth Power|p1a: Enamorus
|-supereffective|p1a: Enamorus
|-damage|p1a: Enamorus|0 fnt
|faint|p1a: Enamorus
|
|upkeep
|
|t:|1781006773
|switch|p1a: Great Tusk|Great Tusk, shiny|100/100
|turn|26
|
|t:|1781006777
|switch|p2a: Slowking|Slowking-Galar, M|100/100
|move|p1a: Great Tusk|Close Combat|p2a: Slowking
|-resisted|p2a: Slowking
|-damage|p2a: Slowking|90/100
|-unboost|p1a: Great Tusk|def|1
|-unboost|p1a: Great Tusk|spd|1
|
|upkeep
|turn|27
|
|t:|1781006784
|-end|p1a: Great Tusk|Protosynthesis|[silent]
|switch|p1a: Cinderace|Cinderace, M, shiny|100/100
|move|p2a: Slowking|Future Sight|p1a: Cinderace
|-start|p2a: Slowking|move: Future Sight
|
|upkeep
|turn|28
|
|t:|1781006789
|move|p1a: Cinderace|U-turn|p2a: Slowking
|-start|p1a: Cinderace|typechange|Bug|[from] ability: Libero
|-damage|p2a: Slowking|64/100
|
|t:|1781006791
|switch|p1a: Great Tusk|Great Tusk, shiny|100/100|[from] U-turn
|move|p2a: Slowking|Sludge Bomb|p1a: Great Tusk
|-resisted|p1a: Great Tusk
|-damage|p1a: Great Tusk|73/100
|
|upkeep
|turn|29
|
|t:|1781006795
|-end|p1a: Great Tusk|Protosynthesis|[silent]
|switch|p1a: Cinderace|Cinderace, M, shiny|100/100
|move|p2a: Slowking|Sludge Bomb|p1a: Cinderace
|-damage|p1a: Cinderace|55/100
|
|-end|p1a: Cinderace|move: Future Sight
|-damage|p1a: Cinderace|0 fnt
|faint|p1a: Cinderace
|upkeep
|
|t:|1781006798
|switch|p1a: Great Tusk|Great Tusk, shiny|73/100
|turn|30
|
|t:|1781006803
|move|p1a: Great Tusk|Headlong Rush|p2a: Slowking
|-supereffective|p2a: Slowking
|-damage|p2a: Slowking|0 fnt
|-unboost|p1a: Great Tusk|def|1
|-unboost|p1a: Great Tusk|spd|1
|faint|p2a: Slowking
|
|upkeep
|
|t:|1781006807
|switch|p2a: Kyurem|Kyurem|100/100
|-ability|p2a: Kyurem|Pressure
|turn|31
|
|t:|1781006811
|move|p1a: Great Tusk|Headlong Rush|p2a: Kyurem
|-damage|p2a: Kyurem|45/100
|-unboost|p1a: Great Tusk|def|1
|-unboost|p1a: Great Tusk|spd|1
|move|p2a: Kyurem|Ice Beam|p1a: Great Tusk
|-supereffective|p1a: Great Tusk
|-damage|p1a: Great Tusk|0 fnt
|faint|p1a: Great Tusk
|-end|p1a: Great Tusk|Protosynthesis|[silent]
|
|win|goodnightnite
|raw|Floundso's rating: 1651 &rarr; <strong>1631</strong><br />(-20 for losing)
|raw|goodnightnite's rating: 1651 &rarr; <strong>1671</strong><br />(+20 for winning)
|l|☆Floundso
|player|p1|
