|j|☆thiccdug
|j|☆Yellowishnesses
|t:|1781349995
|gametype|singles
|player|p1|thiccdug|169|1479
|player|p2|Yellowishnesses|evelyn|1582
|gen|9
|tier|[Gen 9] OU
|rated|
|rule|HP Percentage Mod: HP is shown in percentages
|rule|Endless Battle Clause: Forcing endless battles is banned
|rule|Species Clause: Limit one of each Pokémon
|rule|OHKO Clause: OHKO moves are banned
|rule|Evasion Items Clause: Evasion items are banned
|rule|Evasion Moves Clause: Evasion moves are banned
|rule|Evasion Abilities Clause: Evasion abilities are banned
|rule|Sleep Moves Clause: Sleep-inducing moves are banned
|clearpoke
|poke|p1|Dragonite, M|
|poke|p1|Gholdengo|
|poke|p1|Ting-Lu|
|poke|p1|Gliscor, F|
|poke|p1|Sinistcha-Masterpiece|
|poke|p1|Keldeo-Resolute|
|poke|p2|Blissey, F|
|poke|p2|Ogerpon-Wellspring, F|
|poke|p2|Alomomola, M|
|poke|p2|Lokix, F|
|poke|p2|Weezing-Galar, F|
|poke|p2|Cinderace, M|
|teampreview
|inactive|Battle timer is ON: inactive players will automatically lose when time's up. (requested by thiccdug)
|
|t:|1781350009
|teamsize|p1|6
|teamsize|p2|6
|start
|switch|p1a: Gliscor|Gliscor, F|100/100
|switch|p2a: Ogerpon|Ogerpon-Wellspring, F|100/100
|turn|1
|
|t:|1781350012
|move|p1a: Gliscor|Protect|p1a: Gliscor
|-singleturn|p1a: Gliscor|Protect
|move|p2a: Ogerpon|Ivy Cudgel|p1a: Gliscor|[anim] Ivy Cudgel Water
|-activate|p1a: Gliscor|move: Protect
|
|-status|p1a: Gliscor|tox|[from] item: Toxic Orb
|upkeep
|turn|2
|
|t:|1781350016
|switch|p1a: Sinistcha|Sinistcha-Masterpiece|100/100
|move|p2a: Ogerpon|Ivy Cudgel|p1a: Sinistcha|[anim] Ivy Cudgel Water
|-resisted|p1a: Sinistcha
|-crit|p1a: Sinistcha
|-damage|p1a: Sinistcha|65/100
|
|upkeep
|turn|3
|
|t:|1781350020
|move|p2a: Ogerpon|Knock Off|p1a: Sinistcha
|-supereffective|p1a: Sinistcha
|-damage|p1a: Sinistcha|2/100
|-enditem|p1a: Sinistcha|Heavy-Duty Boots|[from] move: Knock Off|[of] p2a: Ogerpon
|move|p1a: Sinistcha|Strength Sap|p2a: Ogerpon
|-unboost|p2a: Ogerpon|atk|1
|-heal|p1a: Sinistcha|100/100
|
|upkeep
|turn|4
|
|t:|1781350024
|move|p2a: Ogerpon|Encore|p1a: Sinistcha
|-start|p1a: Sinistcha|Encore
|move|p1a: Sinistcha|Strength Sap|p2a: Ogerpon
|-unboost|p2a: Ogerpon|atk|1
|
|upkeep
|turn|5
|
|t:|1781350032
|switch|p1a: Ting-Lu|Ting-Lu|100/100
|-ability|p1a: Ting-Lu|Vessel of Ruin
|move|p2a: Ogerpon|Knock Off|p1a: Ting-Lu
|-resisted|p1a: Ting-Lu
|-damage|p1a: Ting-Lu|96/100
|-enditem|p1a: Ting-Lu|Leftovers|[from] move: Knock Off|[of] p2a: Ogerpon
|
|upkeep
|turn|6
|
|t:|1781350039
|switch|p2a: Lokix|Lokix, F|100/100
|move|p1a: Ting-Lu|Stealth Rock|p2a: Lokix
|-sidestart|p2: Yellowishnesses|move: Stealth Rock
|
|upkeep
|turn|7
|
|t:|1781350043
|switch|p1a: Gliscor|Gliscor, F|100/100 tox
|move|p2a: Lokix|U-turn|p1a: Gliscor
|-resisted|p1a: Gliscor
|-damage|p1a: Gliscor|62/100 tox
|
|t:|1781350046
|switch|p2a: Ogerpon|Ogerpon-Wellspring, F|100/100|[from] U-turn
|-damage|p2a: Ogerpon|88/100|[from] Stealth Rock
|
|-heal|p1a: Gliscor|75/100 tox|[from] ability: Poison Heal
|upkeep
|turn|8
|
|t:|1781350051
|switch|p1a: Sinistcha|Sinistcha-Masterpiece|100/100
|move|p2a: Ogerpon|Ivy Cudgel|p1a: Sinistcha|[anim] Ivy Cudgel Water
|-resisted|p1a: Sinistcha
|-damage|p1a: Sinistcha|77/100
|
|upkeep
|turn|9
|
|t:|1781350055
|move|p2a: Ogerpon|Knock Off|p1a: Sinistcha
|-supereffective|p1a: Sinistcha
|-damage|p1a: Sinistcha|35/100
|move|p1a: Sinistcha|Matcha Gotcha|p2a: Ogerpon
|-damage|p2a: Ogerpon|49/100
|-heal|p1a: Sinistcha|53/100|[from] drain|[of] p2a: Ogerpon
|-status|p2a: Ogerpon|brn
|
|-damage|p2a: Ogerpon|43/100 brn|[from] brn
|upkeep
|turn|10
|
|t:|1781350066
|switch|p2a: Blissey|Blissey, F|100/100
|move|p1a: Sinistcha|Strength Sap|p2a: Blissey
|-unboost|p2a: Blissey|atk|1
|-heal|p1a: Sinistcha|59/100
|
|upkeep
|turn|11
|
|t:|1781350075
|switch|p1a: Gholdengo|Gholdengo|100/100
|move|p2a: Blissey|Thunder Wave|p1a: Gholdengo
|-immune|p1a: Gholdengo|[from] ability: Good as Gold
|
|upkeep
|turn|12
|
|t:|1781350081
|switch|p2a: Cinderace|Cinderace, M|100/100
|move|p1a: Gholdengo|Trick|p2a: Cinderace
|-activate|p1a: Gholdengo|move: Trick|[of] p2a: Cinderace
|-item|p2a: Cinderace|Choice Scarf|[from] move: Trick
|-item|p1a: Gholdengo|Heavy-Duty Boots|[from] move: Trick
|
|upkeep
|turn|13
|
|t:|1781350111
|switch|p1a: Gliscor|Gliscor, F|75/100 tox
|move|p2a: Cinderace|Court Change|p2a: Cinderace
|-start|p2a: Cinderace|typechange|Normal|[from] ability: Libero
|-swapsideconditions
|-activate|p2a: Cinderace|move: Court Change
|
|-heal|p1a: Gliscor|87/100 tox|[from] ability: Poison Heal
|upkeep
|turn|14
|
|t:|1781350116
|switch|p2a: Blissey|Blissey, F|100/100
|move|p1a: Gliscor|Knock Off|p2a: Blissey
|-damage|p2a: Blissey|78/100
|-enditem|p2a: Blissey|Heavy-Duty Boots|[from] move: Knock Off|[of] p1a: Gliscor
|
|-heal|p1a: Gliscor|99/100 tox|[from] ability: Poison Heal
|upkeep
|turn|15
|
|t:|1781350121
|move|p1a: Gliscor|Toxic|p2a: Blissey
|-status|p2a: Blissey|tox
|move|p2a: Blissey|Heal Bell|p2a: Blissey
|-activate|p2a: Blissey|move: Heal Bell
|-curestatus|p2a: Blissey|tox|[msg]
|-curestatus|p2: Ogerpon|brn|[msg]
|
|-heal|p1a: Gliscor|100/100 tox|[from] ability: Poison Heal
|upkeep
|turn|16
|
|t:|1781350139
|move|p1a: Gliscor|Toxic|p2a: Blissey
|-status|p2a: Blissey|tox
|move|p2a: Blissey|Thunder Wave|p1a: Gliscor
|-immune|p1a: Gliscor
|
|-damage|p2a: Blissey|72/100 tox|[from] psn
|upkeep
|turn|17
|
|t:|1781350142
|move|p1a: Gliscor|Earthquake|p2a: Blissey
|-damage|p2a: Blissey|41/100 tox
|move|p2a: Blissey|Thunder Wave|p1a: Gliscor
|-immune|p1a: Gliscor
|
|-damage|p2a: Blissey|29/100 tox|[from] psn
|upkeep
|turn|18
|
|t:|1781350151
|-curestatus|p2a: Blissey|tox|[from] ability: Natural Cure|[silent]
|switch|p2a: Alomomola|Alomomola, M|100/100
|move|p1a: Gliscor|Earthquake|p2a: Alomomola
|-damage|p2a: Alomomola|83/100
|
|upkeep
|turn|19
|
|t:|1781350156
|move|p2a: Alomomola|Protect|p2a: Alomomola
|-singleturn|p2a: Alomomola|Protect
|move|p1a: Gliscor|Toxic|p2a: Alomomola
|-activate|p2a: Alomomola|move: Protect
|
|upkeep
|turn|20
|
|t:|1781350164
|move|p1a: Gliscor|Toxic|p2a: Alomomola
|-status|p2a: Alomomola|tox
|move|p2a: Alomomola|Wish|p2a: Alomomola
|
|-damage|p2a: Alomomola|77/100 tox|[from] psn
|upkeep
|turn|21
|
|t:|1781350168
|move|p1a: Gliscor|Knock Off|p2a: Alomomola
|-damage|p2a: Alomomola|65/100 tox
|-damage|p1a: Gliscor|84/100 tox|[from] item: Rocky Helmet|[of] p2a: Alomomola
|-enditem|p2a: Alomomola|Rocky Helmet|[from] move: Knock Off|[of] p1a: Gliscor
|move|p2a: Alomomola|Flip Turn|p1a: Gliscor
|-supereffective|p1a: Gliscor
|-damage|p1a: Gliscor|56/100 tox
|
|t:|1781350171
|switch|p2a: Ogerpon|Ogerpon-Wellspring, F|43/100|[from] Flip Turn
|
|-heal|p2a: Ogerpon|100/100|[from] move: Wish|[wisher] Alomomola
|-heal|p1a: Gliscor|69/100 tox|[from] ability: Poison Heal
|upkeep
|turn|22
|inactive|thiccdug has 120 seconds left.
|
|t:|1781350229
|switch|p2a: Lokix|Lokix, F|100/100
|move|p1a: Gliscor|Protect||[still]
|-fail|p1a: Gliscor
|
|-heal|p1a: Gliscor|81/100 tox|[from] ability: Poison Heal
|upkeep
|turn|23
|
|t:|1781350239
|move|p2a: Lokix|U-turn|p1a: Gliscor
|-resisted|p1a: Gliscor
|-damage|p1a: Gliscor|38/100 tox
|
|t:|1781350242
|switch|p2a: Weezing|Weezing-Galar, F|100/100|[from] U-turn
|-ability|p2a: Weezing|Neutralizing Gas
|move|p1a: Gliscor|Toxic|p2a: Weezing
|-immune|p2a: Weezing
|
|-damage|p1a: Gliscor|0 fnt|[from] psn
|faint|p1a: Gliscor
|upkeep
|
|t:|1781350264
|switch|p1a: Keldeo|Keldeo-Resolute|100/100
|turn|24
|
|t:|1781350275
|move|p1a: Keldeo|Secret Sword|p2a: Weezing
|-resisted|p2a: Weezing
|-damage|p2a: Weezing|92/100
|move|p2a: Weezing|Strange Steam|p1a: Keldeo
|-supereffective|p1a: Keldeo
|-damage|p1a: Keldeo|35/100
|-start|p1a: Keldeo|confusion
|
|-heal|p2a: Weezing|98/100|[from] item: Leftovers
|upkeep
|turn|25
|
|t:|1781350282
|switch|p1a: Ting-Lu|Ting-Lu|96/100
|-damage|p1a: Ting-Lu|90/100|[from] Stealth Rock
|move|p2a: Weezing|Strange Steam|p1a: Ting-Lu
|-supereffective|p1a: Ting-Lu
|-damage|p1a: Ting-Lu|51/100
|
|-heal|p2a: Weezing|100/100|[from] item: Leftovers
|upkeep
|turn|26
|
|t:|1781350289
|-end|p2a: Weezing|ability: Neutralizing Gas
|-ability|p1a: Ting-Lu|Vessel of Ruin
|switch|p2a: Alomomola|Alomomola, M|99/100 tox
|move|p1a: Ting-Lu|Stealth Rock|p2a: Alomomola
|-sidestart|p2: Yellowishnesses|move: Stealth Rock
|
|-damage|p2a: Alomomola|92/100 tox|[from] psn
|upkeep
|turn|27
|
|t:|1781350294
|move|p1a: Ting-Lu|Spikes|p2a: Alomomola
|-sidestart|p2: Yellowishnesses|Spikes
|move|p2a: Alomomola|Wish|p2a: Alomomola
|
|-damage|p2a: Alomomola|80/100 tox|[from] psn
|upkeep
|turn|28
|
|t:|1781350299
|move|p2a: Alomomola|Flip Turn|p1a: Ting-Lu
|-supereffective|p1a: Ting-Lu
|-damage|p1a: Ting-Lu|35/100
|
|t:|1781350304
|switch|p2a: Cinderace|Cinderace, M|100/100|[from] Flip Turn
|-damage|p2a: Cinderace|76/100|[from] Stealth Rock
|-damage|p2a: Cinderace|63/100|[from] Spikes
|move|p1a: Ting-Lu|Whirlwind|p2a: Cinderace
|drag|p2a: Ogerpon|Ogerpon-Wellspring, F|100/100
|-damage|p2a: Ogerpon|88/100|[from] Stealth Rock
|-damage|p2a: Ogerpon|76/100|[from] Spikes
|
|-heal|p2a: Ogerpon|100/100|[from] move: Wish|[wisher] Alomomola
|upkeep
|turn|29
|
|t:|1781350323
|move|p2a: Ogerpon|Knock Off|p1a: Ting-Lu
|-resisted|p1a: Ting-Lu
|-damage|p1a: Ting-Lu|29/100
|move|p1a: Ting-Lu|Ruination|p2a: Ogerpon
|-damage|p2a: Ogerpon|51/100
|
|upkeep
|turn|30
|
|t:|1781350326
|move|p2a: Ogerpon|Ivy Cudgel|p1a: Ting-Lu|[anim] Ivy Cudgel Water
|-supereffective|p1a: Ting-Lu
|-damage|p1a: Ting-Lu|0 fnt
|faint|p1a: Ting-Lu
|
|upkeep
|
|t:|1781350328
|switch|p1a: Sinistcha|Sinistcha-Masterpiece|59/100
|-damage|p1a: Sinistcha|46/100|[from] Stealth Rock
|turn|31
|
|t:|1781350341
|move|p2a: Ogerpon|Knock Off|p1a: Sinistcha
|-supereffective|p1a: Sinistcha
|-damage|p1a: Sinistcha|6/100
|move|p1a: Sinistcha|Strength Sap|p2a: Ogerpon
|-unboost|p2a: Ogerpon|atk|1
|-heal|p1a: Sinistcha|100/100
|
|upkeep
|turn|32
|
|t:|1781350354
|switch|p2a: Weezing|Weezing-Galar, F|100/100
|-ability|p2a: Weezing|Neutralizing Gas
|-damage|p2a: Weezing|88/100|[from] Stealth Rock
|-damage|p2a: Weezing|76/100|[from] Spikes
|move|p1a: Sinistcha|Matcha Gotcha|p2a: Weezing
|-resisted|p2a: Weezing
|-damage|p2a: Weezing|60/100
|
|-heal|p2a: Weezing|66/100|[from] item: Leftovers
|upkeep
|turn|33
|
|t:|1781350362
|switch|p1a: Gholdengo|Gholdengo|100/100
|move|p2a: Weezing|Defog|p1a: Gholdengo
|-unboost|p1a: Gholdengo|evasion|1
|-sideend|p1: thiccdug|Stealth Rock|[from] move: Defog|[of] p2a: Weezing
|-sideend|p2: Yellowishnesses|Spikes|[from] move: Defog|[of] p2a: Weezing
|-sideend|p2: Yellowishnesses|Stealth Rock|[from] move: Defog|[of] p2a: Weezing
|
|-heal|p2a: Weezing|72/100|[from] item: Leftovers
|upkeep
|turn|34
|
|t:|1781350382
|switch|p1a: Dragonite|Dragonite, M|100/100
|-end|p2a: Weezing|ability: Neutralizing Gas
|switch|p2a: Blissey|Blissey, F|29/100
|
|upkeep
|turn|35
|
|t:|1781350388
|switch|p2a: Alomomola|Alomomola, M|100/100 tox
|move|p1a: Dragonite|Dragon Dance|p1a: Dragonite
|-boost|p1a: Dragonite|atk|1
|-boost|p1a: Dragonite|spe|1
|
|-damage|p2a: Alomomola|94/100 tox|[from] psn
|upkeep
|turn|36
|
|t:|1781350395
|move|p1a: Dragonite|Dragon Dance|p1a: Dragonite
|-boost|p1a: Dragonite|atk|1
|-boost|p1a: Dragonite|spe|1
|move|p2a: Alomomola|Flip Turn|p1a: Dragonite
|-resisted|p1a: Dragonite
|-damage|p1a: Dragonite|97/100
|
|t:|1781350417
|switch|p2a: Weezing|Weezing-Galar, F|72/100|[from] Flip Turn
|-ability|p2a: Weezing|Neutralizing Gas
|
|-heal|p2a: Weezing|78/100|[from] item: Leftovers
|upkeep
|turn|37
|
|t:|1781350423
|-terastallize|p2a: Weezing|Grass
|move|p1a: Dragonite|Earthquake|p2a: Weezing
|-resisted|p2a: Weezing
|-damage|p2a: Weezing|48/100
|move|p2a: Weezing|Clear Smog|p1a: Dragonite
|-damage|p1a: Dragonite|83/100
|-clearboost|p1a: Dragonite
|
|-heal|p2a: Weezing|54/100|[from] item: Leftovers
|upkeep
|turn|38
|
|t:|1781350430
|switch|p1a: Gholdengo|Gholdengo|100/100
|move|p2a: Weezing|Will-O-Wisp|p1a: Gholdengo
|-status|p1a: Gholdengo|brn
|
|-heal|p2a: Weezing|60/100|[from] item: Leftovers
|-damage|p1a: Gholdengo|95/100 brn|[from] brn
|upkeep
|turn|39
|
|t:|1781350438
|-end|p2a: Weezing|ability: Neutralizing Gas
|switch|p2a: Alomomola|Alomomola, M|100/100 tox
|move|p1a: Gholdengo|Make It Rain|p2a: Alomomola
|-resisted|p2a: Alomomola
|-damage|p2a: Alomomola|66/100 tox
|-unboost|p1a: Gholdengo|spa|1
|
|-damage|p2a: Alomomola|60/100 tox|[from] psn
|-damage|p1a: Gholdengo|89/100 brn|[from] brn
|upkeep
|turn|40
|
|t:|1781350459
|switch|p1a: Keldeo|Keldeo-Resolute|35/100
|move|p2a: Alomomola|Wish|p2a: Alomomola
|
|-damage|p2a: Alomomola|47/100 tox|[from] psn
|upkeep
|turn|41
|
|t:|1781350475
|move|p2a: Alomomola|Protect|p2a: Alomomola
|-singleturn|p2a: Alomomola|Protect
|move|p1a: Keldeo|Secret Sword|p2a: Alomomola
|-activate|p2a: Alomomola|move: Protect
|
|-heal|p2a: Alomomola|97/100 tox|[from] move: Wish|[wisher] Alomomola
|-damage|p2a: Alomomola|79/100 tox|[from] psn
|upkeep
|turn|42
|
|t:|1781350481
|switch|p2a: Weezing|Weezing-Galar, F, tera:Grass|60/100
|-ability|p2a: Weezing|Neutralizing Gas
|move|p1a: Keldeo|Secret Sword|p2a: Weezing
|-damage|p2a: Weezing|24/100
|
|-heal|p2a: Weezing|30/100|[from] item: Leftovers
|upkeep
|turn|43
|
|t:|1781350493
|move|p1a: Keldeo|Secret Sword|p2a: Weezing
|-damage|p2a: Weezing|0 fnt
|faint|p2a: Weezing
|-end|p2a: Weezing|ability: Neutralizing Gas
|
|upkeep
|
|t:|1781350496
|switch|p2a: Lokix|Lokix, F|100/100
|turn|44
|
|t:|1781350498
|move|p2a: Lokix|First Impression|p1a: Keldeo
|-resisted|p1a: Keldeo
|-damage|p1a: Keldeo|0 fnt
|faint|p1a: Keldeo
|
|upkeep
|
|t:|1781350501
|switch|p1a: Dragonite|Dragonite, M|83/100
|turn|45
|
|t:|1781350512
|switch|p2a: Alomomola|Alomomola, M|100/100 tox
|move|p1a: Dragonite|Dragon Dance|p1a: Dragonite
|-boost|p1a: Dragonite|atk|1
|-boost|p1a: Dragonite|spe|1
|
|-damage|p2a: Alomomola|94/100 tox|[from] psn
|upkeep
|turn|46
|
|t:|1781350518
|move|p1a: Dragonite|Dragon Dance|p1a: Dragonite
|-boost|p1a: Dragonite|atk|1
|-boost|p1a: Dragonite|spe|1
|move|p2a: Alomomola|Flip Turn|p1a: Dragonite
|-resisted|p1a: Dragonite
|-damage|p1a: Dragonite|76/100
|
|t:|1781350520
|switch|p2a: Lokix|Lokix, F|100/100|[from] Flip Turn
|
|upkeep
|turn|47
|
|t:|1781350524
|move|p1a: Dragonite|Extreme Speed|p2a: Lokix
|-damage|p2a: Lokix|20/100
|move|p2a: Lokix|First Impression|p1a: Dragonite
|-resisted|p1a: Dragonite
|-damage|p1a: Dragonite|19/100
|
|upkeep
|turn|48
|
|t:|1781350533
|switch|p2a: Alomomola|Alomomola, M|100/100 tox
|move|p1a: Dragonite|Roost|p1a: Dragonite
|-heal|p1a: Dragonite|69/100
|-singleturn|p1a: Dragonite|move: Roost
|
|-damage|p2a: Alomomola|94/100 tox|[from] psn
|upkeep
|turn|49
|
|t:|1781350546
|move|p1a: Dragonite|Extreme Speed|p2a: Alomomola
|-damage|p2a: Alomomola|65/100 tox
|move|p2a: Alomomola|Healing Wish|p2a: Alomomola
|faint|p2a: Alomomola
|
|upkeep
|
|t:|1781350551
|switch|p2a: Ogerpon|Ogerpon-Wellspring, F|51/100
|-heal|p2a: Ogerpon|100/100|[from] move: Healing Wish
|turn|50
|
|t:|1781350555
|move|p1a: Dragonite|Extreme Speed|p2a: Ogerpon
|-damage|p2a: Ogerpon|29/100
|move|p2a: Ogerpon|Ivy Cudgel|p1a: Dragonite|[anim] Ivy Cudgel Water
|-resisted|p1a: Dragonite
|-damage|p1a: Dragonite|38/100
|
|upkeep
|turn|51
|
|t:|1781350567
|move|p1a: Dragonite|Roost|p1a: Dragonite
|-heal|p1a: Dragonite|88/100
|-singleturn|p1a: Dragonite|move: Roost
|move|p2a: Ogerpon|Encore|p1a: Dragonite
|-start|p1a: Dragonite|Encore
|
|upkeep
|turn|52
|
|t:|1781350587
|switch|p1a: Sinistcha|Sinistcha-Masterpiece|100/100
|switch|p2a: Blissey|Blissey, F|29/100
|
|upkeep
|turn|53
|
|t:|1781350595
|move|p1a: Sinistcha|Calm Mind|p1a: Sinistcha
|-boost|p1a: Sinistcha|spa|1
|-boost|p1a: Sinistcha|spd|1
|move|p2a: Blissey|Soft-Boiled|p2a: Blissey
|-heal|p2a: Blissey|79/100
|
|upkeep
|turn|54
|
|t:|1781350599
|move|p1a: Sinistcha|Calm Mind|p1a: Sinistcha
|-boost|p1a: Sinistcha|spa|1
|-boost|p1a: Sinistcha|spd|1
|move|p2a: Blissey|Thunder Wave|p1a: Sinistcha
|-status|p1a: Sinistcha|par
|
|upkeep
|turn|55
|
|t:|1781350606
|switch|p2a: Cinderace|Cinderace, M|63/100
|cant|p1a: Sinistcha|par
|
|upkeep
|turn|56
|
|t:|1781350615
|move|p2a: Cinderace|Pyro Ball|p1a: Sinistcha
|-supereffective|p1a: Sinistcha
|-damage|p1a: Sinistcha|64/100 par
|move|p1a: Sinistcha|Shadow Ball|p2a: Cinderace
|-crit|p2a: Cinderace
|-damage|p2a: Cinderace|0 fnt
|faint|p2a: Cinderace
|
|upkeep
|
|t:|1781350622
|switch|p2a: Lokix|Lokix, F|20/100
|turn|57
|
|t:|1781350627
|move|p2a: Lokix|Knock Off|p1a: Sinistcha
|-supereffective|p1a: Sinistcha
|-damage|p1a: Sinistcha|0 fnt
|faint|p1a: Sinistcha
|
|upkeep
|
|t:|1781350632
|switch|p1a: Dragonite|Dragonite, M|88/100
|turn|58
|
|t:|1781350635
|switch|p2a: Blissey|Blissey, F|79/100
|-terastallize|p1a: Dragonite|Normal
|move|p1a: Dragonite|Extreme Speed|p2a: Blissey
|-damage|p2a: Blissey|36/100
|
|upkeep
|turn|59
|
|t:|1781350639
|move|p1a: Dragonite|Extreme Speed|p2a: Blissey
|-damage|p2a: Blissey|0 fnt
|faint|p2a: Blissey
|
|upkeep
|
|t:|1781350646
|switch|p2a: Lokix|Lokix, F|20/100
|turn|60
|
|t:|1781350649
|move|p2a: Lokix|First Impression|p1a: Dragonite
|-damage|p1a: Dragonite|24/100
|move|p1a: Dragonite|Extreme Speed|p2a: Lokix
|-damage|p2a: Lokix|0 fnt
|faint|p2a: Lokix
|
|upkeep
|
|t:|1781350652
|switch|p2a: Ogerpon|Ogerpon-Wellspring, F|29/100
|turn|61
|
|t:|1781350654
|move|p1a: Dragonite|Extreme Speed|p2a: Ogerpon
|-damage|p2a: Ogerpon|0 fnt
|faint|p2a: Ogerpon
|
|win|thiccdug
|raw|thiccdug's rating: 1479 &rarr; <strong>1505</strong><br />(+26 for winning)
|raw|Yellowishnesses's rating: 1582 &rarr; <strong>1556</strong><br />(-26 for losing)
|l|☆Yellowishnesses
|player|p2|
|l|☆thiccdug
|player|p1|
