|badge|p2|bronze|gen9ou|100-9
|uhtml|medal-msg|<div class="broadcast-blue">Curious what those medals under the avatar are? PS now has Ladder Seasons! For more information, check out the <a href="https://www.smogon.com/forums/threads/3740067/">thread on Smogon.</a></div>
|j|☆OP Earthquakes
|j|☆Noamm
|t:|1781116735
|gametype|singles
|player|p1|OP Earthquakes|giovanni-masters|1783
|player|p2|Noamm|gambler|1852
|gen|9
|tier|[Gen 9] OU
|rated|
|rule|HP Percentage Mod: HP is shown in percentages
|rule|Endless Battle Clause: Forcing endless battles is banned
|rule|Species Clause: Limit one of each Pokémon
|rule|OHKO Clause: OHKO moves are banned
|rule|Evasion Items Clause: Evasion items are banned
|rule|Evasion Moves Clause: Evasion moves are banned
|rule|Evasion Abilities Clause: Evasion abilities are banned
|rule|Sleep Moves Clause: Sleep-inducing moves are banned
|clearpoke
|poke|p1|Tyranitar, M|
|poke|p1|Pawmot, F|
|poke|p1|Kyurem|
|poke|p1|Excadrill, M|
|poke|p1|Hawlucha, M|
|poke|p1|Cresselia, F|
|poke|p2|Lokix, F|
|poke|p2|Iron Valiant|
|poke|p2|Alomomola, L99, F|
|poke|p2|Mandibuzz, F|
|poke|p2|Great Tusk|
|poke|p2|Gholdengo|
|teampreview
|inactive|Battle timer is ON: inactive players will automatically lose when time's up. (requested by Noamm)
|inactive|OP Earthquakes also wants the timer to be on.
|c|☆Noamm|Hf
|c|☆OP Earthquakes|Sup Noamm
|c|☆OP Earthquakes|GLHF
|inactive|OP Earthquakes has 120 seconds left.
|
|t:|1781116780
|teamsize|p1|6
|teamsize|p2|6
|start
|switch|p1a: Toshiro|Kyurem, shiny|100/100
|switch|p2a: WinJustiφ'sThePlay|Iron Valiant, shiny|100/100
|-ability|p1a: Toshiro|Pressure
|turn|1
|
|t:|1781116785
|switch|p1a: Cresselia|Cresselia, F, shiny|100/100
|move|p2a: WinJustiφ'sThePlay|Moonblast|p1a: Cresselia
|-damage|p1a: Cresselia|45/100
|
|upkeep
|turn|2
|
|t:|1781116790
|move|p1a: Cresselia|Psychic|p2a: WinJustiφ'sThePlay
|-supereffective|p2a: WinJustiφ'sThePlay
|-damage|p2a: WinJustiφ'sThePlay|0 fnt
|faint|p2a: WinJustiφ'sThePlay
|-end|p2a: WinJustiφ'sThePlay|Quark Drive|[silent]
|
|upkeep
|
|t:|1781116792
|switch|p2a: lens tinting over|Lokix, F, shiny|100/100
|turn|3
|
|t:|1781116797
|switch|p1a: Itachi|Hawlucha, M, shiny|100/100
|-ability|p1a: Itachi|Mold Breaker
|move|p2a: lens tinting over|U-turn|p1a: Itachi
|-resisted|p1a: Itachi
|-damage|p1a: Itachi|66/100
|-enditem|p1a: Itachi|Red Card|[of] p2a: lens tinting over
|drag|p2a: TIME OUT|Alomomola, L99, F|100/100
|
|upkeep
|turn|4
|
|t:|1781116800
|move|p1a: Itachi|Swords Dance|p1a: Itachi
|-boost|p1a: Itachi|atk|2
|move|p2a: TIME OUT|Flip Turn|p1a: Itachi
|-damage|p1a: Itachi|44/100
|
|t:|1781116810
|switch|p2a: lens tinting over|Lokix, F, shiny|100/100|[from] Flip Turn
|
|upkeep
|turn|5
|
|t:|1781116813
|-terastallize|p2a: lens tinting over|Bug
|move|p2a: lens tinting over|First Impression|p1a: Itachi
|-resisted|p1a: Itachi
|-damage|p1a: Itachi|0 fnt
|faint|p1a: Itachi
|
|upkeep
|
|t:|1781116838
|switch|p1a: The sandstorm|Tyranitar, M, shiny|100/100
|-weather|Sandstorm|[from] ability: Sand Stream|[of] p1a: The sandstorm
|turn|6
|
|t:|1781116840
|switch|p2a: STANDING BY|Great Tusk|100/100
|move|p1a: The sandstorm|Stealth Rock|p2a: STANDING BY
|-sidestart|p2: Noamm|move: Stealth Rock
|
|-weather|Sandstorm|[upkeep]
|upkeep
|turn|7
|
|t:|1781116847
|-terastallize|p1a: The sandstorm|Ghost
|move|p2a: STANDING BY|Rapid Spin|p1a: The sandstorm
|-immune|p1a: The sandstorm
|move|p1a: The sandstorm|Ice Beam|p2a: STANDING BY
|-supereffective|p2a: STANDING BY
|-damage|p2a: STANDING BY|21/100
|
|-weather|Sandstorm|[upkeep]
|-damage|p1a: The sandstorm|94/100|[from] Sandstorm
|upkeep
|turn|8
|
|t:|1781116855
|-end|p2a: STANDING BY|Protosynthesis|[silent]
|switch|p2a: WhoCouldBeMyMother|Mandibuzz, F|100/100
|switch|p1a: Cresselia|Cresselia, F, shiny|45/100
|
|-weather|Sandstorm|[upkeep]
|-damage|p1a: Cresselia|39/100|[from] Sandstorm
|-damage|p2a: WhoCouldBeMyMother|94/100|[from] Sandstorm
|upkeep
|turn|9
|
|t:|1781116864
|move|p1a: Cresselia|Ice Beam|p2a: WhoCouldBeMyMother
|-supereffective|p2a: WhoCouldBeMyMother
|-damage|p2a: WhoCouldBeMyMother|55/100
|move|p2a: WhoCouldBeMyMother|Defog|p1a: Cresselia
|-unboost|p1a: Cresselia|evasion|1
|-sideend|p2: Noamm|Stealth Rock|[from] move: Defog|[of] p2a: WhoCouldBeMyMother
|
|-weather|Sandstorm|[upkeep]
|-damage|p1a: Cresselia|33/100|[from] Sandstorm
|-damage|p2a: WhoCouldBeMyMother|49/100|[from] Sandstorm
|upkeep
|turn|10
|
|t:|1781116873
|switch|p1a: Porunga|Pawmot, F|100/100
|switch|p2a: Faint or Alive|Gholdengo|100/100
|
|-weather|Sandstorm|[upkeep]
|-damage|p1a: Porunga|94/100|[from] Sandstorm
|upkeep
|turn|11
|
|t:|1781116883
|move|p2a: Faint or Alive|Shadow Ball|p1a: Porunga
|-crit|p1a: Porunga
|-damage|p1a: Porunga|0 fnt
|faint|p1a: Porunga
|
|-weather|Sandstorm|[upkeep]
|upkeep
|c|☆OP Earthquakes|lol
|c|☆Noamm|Damn
|
|t:|1781116901
|switch|p1a: Toshiro|Kyurem, shiny|100/100
|-ability|p1a: Toshiro|Pressure
|turn|12
|
|t:|1781116908
|move|p2a: Faint or Alive|Shadow Ball|p1a: Toshiro
|-damage|p1a: Toshiro|61/100
|move|p1a: Toshiro|Freeze-Dry|p2a: Faint or Alive
|-resisted|p2a: Faint or Alive
|-damage|p2a: Faint or Alive|79/100
|
|-weather|Sandstorm|[upkeep]
|-damage|p1a: Toshiro|55/100|[from] Sandstorm
|upkeep
|turn|13
|
|t:|1781116913
|move|p2a: Faint or Alive|Shadow Ball|p1a: Toshiro
|-damage|p1a: Toshiro|16/100
|move|p1a: Toshiro|Earth Power|p2a: Faint or Alive
|-supereffective|p2a: Faint or Alive
|-damage|p2a: Faint or Alive|0 fnt
|faint|p2a: Faint or Alive
|
|-weather|none
|upkeep
|
|t:|1781116922
|switch|p2a: TIME OUT|Alomomola, L99, F|100/100
|turn|14
|
|t:|1781116924
|move|p1a: Toshiro|Endeavor|p2a: TIME OUT
|-damage|p2a: TIME OUT|14/100
|move|p2a: TIME OUT|Play Rough|p1a: Toshiro
|-supereffective|p1a: Toshiro
|-damage|p1a: Toshiro|0 fnt
|faint|p1a: Toshiro
|
|upkeep
|
|t:|1781116934
|switch|p1a: OP|Excadrill, M|100/100
|turn|15
|
|t:|1781116938
|move|p1a: OP|Iron Head|p2a: TIME OUT
|-resisted|p2a: TIME OUT
|-damage|p2a: TIME OUT|0 fnt
|faint|p2a: TIME OUT
|
|upkeep
|
|t:|1781116942
|switch|p2a: lens tinting over|Lokix, F, shiny, tera:Bug|100/100
|turn|16
|
|t:|1781116950
|switch|p1a: The sandstorm|Tyranitar, M, shiny, tera:Ghost|94/100
|-weather|Sandstorm|[from] ability: Sand Stream|[of] p1a: The sandstorm
|move|p2a: lens tinting over|First Impression|p1a: The sandstorm
|-resisted|p1a: The sandstorm
|-damage|p1a: The sandstorm|39/100
|
|-weather|Sandstorm|[upkeep]
|-damage|p2a: lens tinting over|94/100|[from] Sandstorm
|-damage|p1a: The sandstorm|33/100|[from] Sandstorm
|upkeep
|turn|17
|
|t:|1781116961
|switch|p2a: STANDING BY|Great Tusk|21/100
|move|p1a: The sandstorm|Ice Beam|p2a: STANDING BY
|-supereffective|p2a: STANDING BY
|-damage|p2a: STANDING BY|0 fnt
|faint|p2a: STANDING BY
|-end|p2a: STANDING BY|Protosynthesis|[silent]
|
|-weather|Sandstorm|[upkeep]
|-damage|p1a: The sandstorm|27/100|[from] Sandstorm
|upkeep
|
|t:|1781116966
|switch|p2a: lens tinting over|Lokix, F, shiny, tera:Bug|94/100
|turn|18
|
|t:|1781116972
|move|p2a: lens tinting over|U-turn|p1a: The sandstorm
|-resisted|p1a: The sandstorm
|-damage|p1a: The sandstorm|0 fnt
|faint|p1a: The sandstorm
|
|t:|1781116973
|switch|p2a: WhoCouldBeMyMother|Mandibuzz, F|49/100|[from] U-turn
|
|-weather|Sandstorm|[upkeep]
|-damage|p2a: WhoCouldBeMyMother|43/100|[from] Sandstorm
|upkeep
|
|t:|1781116984
|switch|p1a: OP|Excadrill, M|100/100
|turn|19
|
|t:|1781116988
|move|p1a: OP|Iron Head|p2a: WhoCouldBeMyMother
|-damage|p2a: WhoCouldBeMyMother|1/100
|move|p2a: WhoCouldBeMyMother|Foul Play|p1a: OP
|-damage|p1a: OP|22/100
|
|-weather|Sandstorm|[upkeep]
|-damage|p2a: WhoCouldBeMyMother|0 fnt|[from] Sandstorm
|faint|p2a: WhoCouldBeMyMother
|upkeep
|
|t:|1781116994
|switch|p2a: lens tinting over|Lokix, F, shiny, tera:Bug|94/100
|turn|20
|
|t:|1781116999
|switch|p1a: Cresselia|Cresselia, F, shiny|33/100
|move|p2a: lens tinting over|Leech Life|p1a: Cresselia
|-supereffective|p1a: Cresselia
|-damage|p1a: Cresselia|0 fnt
|-heal|p2a: lens tinting over|100/100|[from] drain|[of] p1a: Cresselia
|faint|p1a: Cresselia
|
|-weather|Sandstorm|[upkeep]
|-damage|p2a: lens tinting over|94/100|[from] Sandstorm
|upkeep
|
|t:|1781117004
|switch|p1a: OP|Excadrill, M|22/100
|turn|21
|
|t:|1781117006
|move|p1a: OP|Iron Head|p2a: lens tinting over
|-damage|p2a: lens tinting over|0 fnt
|faint|p2a: lens tinting over
|
|win|OP Earthquakes
|raw|OP Earthquakes's rating: 1783 &rarr; <strong>1807</strong><br />(+24 for winning)
|raw|Noamm's rating: 1852 &rarr; <strong>1828</strong><br />(-24 for losing)
|c|☆OP Earthquakes|gg
|c|☆Noamm|Gg
|l|☆Noamm
|player|p2|
|l|☆OP Earthquakes
|player|p1|
