|j|☆ign28
|j|☆iamverykarpy
|t:|1781533082
|gametype|singles
|player|p1|ign28|palmer|1699
|player|p2|iamverykarpy|colress|1695
|gen|9
|tier|[Gen 9] OU
|rated|
|rule|HP Percentage Mod: HP is shown in percentages
|rule|Endless Battle Clause: Forcing endless battles is banned
|rule|Species Clause: Limit one of each Pokémon
|rule|OHKO Clause: OHKO moves are banned
|rule|Evasion Items Clause: Evasion items are banned
|rule|Evasion Moves Clause: Evasion moves are banned
|rule|Evasion Abilities Clause: Evasion abilities are banned
|rule|Sleep Moves Clause: Sleep-inducing moves are banned
|clearpoke
|poke|p1|Great Tusk|
|poke|p1|Darkrai|
|poke|p1|Kyurem|
|poke|p1|Iron Valiant|
|poke|p1|Dragonite, F|
|poke|p1|Gholdengo|
|poke|p2|Cetitan, F|
|poke|p2|Slowking-Galar, M|
|poke|p2|Kyurem|
|poke|p2|Rillaboom, F|
|poke|p2|Alomomola, F|
|poke|p2|Great Tusk|
|teampreview
|inactive|Battle timer is ON: inactive players will automatically lose when time's up. (requested by iamverykarpy)
|inactive|ign28 also wants the timer to be on.
|inactive|ign28 has 120 seconds left.
|
|t:|1781533125
|teamsize|p1|6
|teamsize|p2|6
|start
|switch|p1a: Great Tusk|Great Tusk|100/100
|switch|p2a: Kyurem|Kyurem, shiny|100/100
|-ability|p2a: Kyurem|Pressure
|turn|1
|
|t:|1781533134
|-end|p1a: Great Tusk|Protosynthesis|[silent]
|switch|p1a: Ghold Experience|Gholdengo|100/100
|-item|p1a: Ghold Experience|Air Balloon
|move|p2a: Kyurem|Ice Beam|p1a: Ghold Experience
|-resisted|p1a: Ghold Experience
|-damage|p1a: Ghold Experience|67/100
|-enditem|p1a: Ghold Experience|Air Balloon
|
|upkeep
|turn|2
|
|t:|1781533138
|switch|p2a: Great Tusk|Great Tusk|100/100
|move|p1a: Ghold Experience|Thunder Wave|p2a: Great Tusk
|-immune|p2a: Great Tusk
|
|upkeep
|turn|3
|
|t:|1781533148
|switch|p1a: Iron Valiant|Iron Valiant|100/100
|-enditem|p1a: Iron Valiant|Booster Energy
|-activate|p1a: Iron Valiant|ability: Quark Drive|[fromitem]
|-start|p1a: Iron Valiant|quarkdrivespe
|move|p2a: Great Tusk|Stealth Rock|p1a: Iron Valiant
|-sidestart|p1: ign28|move: Stealth Rock
|
|upkeep
|turn|4
|
|t:|1781533152
|-end|p2a: Great Tusk|Protosynthesis|[silent]
|switch|p2a: Slowking|Slowking-Galar, M, shiny|100/100
|move|p1a: Iron Valiant|Swords Dance|p1a: Iron Valiant
|-boost|p1a: Iron Valiant|atk|2
|
|upkeep
|turn|5
|
|t:|1781533157
|move|p1a: Iron Valiant|Knock Off|p2a: Slowking
|-supereffective|p2a: Slowking
|-enditem|p2a: Slowking|Colbur Berry|[eat]
|-enditem|p2a: Slowking|Colbur Berry|[weaken]
|-damage|p2a: Slowking|29/100
|move|p2a: Slowking|Sludge Bomb|p1a: Iron Valiant
|-supereffective|p1a: Iron Valiant
|-damage|p1a: Iron Valiant|0 fnt
|faint|p1a: Iron Valiant
|-end|p1a: Iron Valiant|Quark Drive|[silent]
|
|upkeep
|
|t:|1781533164
|switch|p1a: Great Tusk|Great Tusk|100/100
|turn|6
|
|t:|1781533168
|switch|p2a: Alomomola|Alomomola, F|100/100
|move|p1a: Great Tusk|Stealth Rock|p2a: Alomomola
|-sidestart|p2: iamverykarpy|move: Stealth Rock
|
|upkeep
|turn|7
|
|t:|1781533170
|move|p1a: Great Tusk|Rapid Spin|p2a: Alomomola
|-damage|p2a: Alomomola|91/100
|-boost|p1a: Great Tusk|spe|1
|-damage|p1a: Great Tusk|84/100|[from] item: Rocky Helmet|[of] p2a: Alomomola
|-sideend|p1: ign28|Stealth Rock|[from] move: Rapid Spin|[of] p1a: Great Tusk
|move|p2a: Alomomola|Scald|p1a: Great Tusk
|-supereffective|p1a: Great Tusk
|-damage|p1a: Great Tusk|42/100
|-status|p1a: Great Tusk|brn
|
|-damage|p1a: Great Tusk|36/100 brn|[from] brn
|upkeep
|turn|8
|
|t:|1781533176
|-end|p1a: Great Tusk|Protosynthesis|[silent]
|switch|p1a: Kyurem|Kyurem, shiny|100/100
|-ability|p1a: Kyurem|Pressure
|move|p2a: Alomomola|Flip Turn|p1a: Kyurem
|-resisted|p1a: Kyurem
|-damage|p1a: Kyurem|94/100
|
|t:|1781533187
|switch|p2a: Great Tusk|Great Tusk|100/100|[from] Flip Turn
|-damage|p2a: Great Tusk|97/100|[from] Stealth Rock
|
|-heal|p2a: Great Tusk|100/100|[from] item: Leftovers
|upkeep
|turn|9
|
|t:|1781533191
|-terastallize|p2a: Great Tusk|Steel
|move|p2a: Great Tusk|Rapid Spin|p1a: Kyurem
|-damage|p1a: Kyurem|78/100
|-boost|p2a: Great Tusk|spe|1
|-sideend|p2: iamverykarpy|Stealth Rock|[from] move: Rapid Spin|[of] p2a: Great Tusk
|move|p1a: Kyurem|Ice Beam|p2a: Great Tusk
|-resisted|p2a: Great Tusk
|-damage|p2a: Great Tusk|64/100
|
|-heal|p2a: Great Tusk|70/100|[from] item: Leftovers
|upkeep
|turn|10
|
|t:|1781533196
|-end|p2a: Great Tusk|Protosynthesis|[silent]
|switch|p2a: Cetitan|Cetitan, F, shiny|100/100
|switch|p1a: Great Tusk|Great Tusk|36/100 brn
|
|-damage|p1a: Great Tusk|30/100 brn|[from] brn
|upkeep
|turn|11
|
|t:|1781533203
|move|p1a: Great Tusk|Stealth Rock|p2a: Cetitan
|-sidestart|p2: iamverykarpy|move: Stealth Rock
|move|p2a: Cetitan|Belly Drum|p2a: Cetitan
|-damage|p2a: Cetitan|50/100
|-setboost|p2a: Cetitan|atk|6|[from] move: Belly Drum
|-enditem|p2a: Cetitan|Sitrus Berry|[eat]
|-heal|p2a: Cetitan|75/100|[from] item: Sitrus Berry
|
|-damage|p1a: Great Tusk|23/100 brn|[from] brn
|upkeep
|turn|12
|
|t:|1781533206
|move|p2a: Cetitan|Ice Shard|p1a: Great Tusk
|-supereffective|p1a: Great Tusk
|-damage|p1a: Great Tusk|0 fnt
|faint|p1a: Great Tusk
|-end|p1a: Great Tusk|Protosynthesis|[silent]
|
|upkeep
|
|t:|1781533210
|switch|p1a: Ghold Experience|Gholdengo|67/100
|turn|13
|
|t:|1781533214
|move|p2a: Cetitan|Ice Shard|p1a: Ghold Experience
|-resisted|p1a: Ghold Experience
|-damage|p1a: Ghold Experience|36/100
|move|p1a: Ghold Experience|Make It Rain|p2a: Cetitan
|-supereffective|p2a: Cetitan
|-damage|p2a: Cetitan|0 fnt
|-unboost|p1a: Ghold Experience|spa|1
|faint|p2a: Cetitan
|
|upkeep
|j| kokosleeping
|
|t:|1781533224
|switch|p2a: Great Tusk|Great Tusk, tera:Steel|70/100
|-damage|p2a: Great Tusk|64/100|[from] Stealth Rock
|turn|14
|
|t:|1781533228
|move|p2a: Great Tusk|Knock Off|p1a: Ghold Experience
|-supereffective|p1a: Ghold Experience
|-damage|p1a: Ghold Experience|6/100
|move|p1a: Ghold Experience|Thunder Wave|p2a: Great Tusk
|-status|p2a: Great Tusk|par
|
|-heal|p2a: Great Tusk|70/100 par|[from] item: Leftovers
|upkeep
|turn|15
|
|t:|1781533231
|move|p1a: Ghold Experience|Hex|p2a: Great Tusk
|-damage|p2a: Great Tusk|18/100 par
|move|p2a: Great Tusk|Knock Off|p1a: Ghold Experience
|-supereffective|p1a: Ghold Experience
|-damage|p1a: Ghold Experience|0 fnt
|faint|p1a: Ghold Experience
|
|-heal|p2a: Great Tusk|24/100 par|[from] item: Leftovers
|upkeep
|
|t:|1781533242
|switch|p1a: Darkrai|Darkrai|100/100
|turn|16
|
|t:|1781533244
|move|p1a: Darkrai|Dark Pulse|p2a: Great Tusk
|-damage|p2a: Great Tusk|0 fnt
|faint|p2a: Great Tusk
|-end|p2a: Great Tusk|Protosynthesis|[silent]
|-damage|p1a: Darkrai|91/100|[from] item: Life Orb
|
|upkeep
|
|t:|1781533250
|switch|p2a: Rillaboom|Rillaboom, F|100/100
|-damage|p2a: Rillaboom|88/100|[from] Stealth Rock
|-fieldstart|move: Grassy Terrain|[from] ability: Grassy Surge|[of] p2a: Rillaboom
|turn|17
|
|t:|1781533254
|move|p1a: Darkrai|Ice Beam|p2a: Rillaboom
|-supereffective|p2a: Rillaboom
|-damage|p2a: Rillaboom|0 fnt
|faint|p2a: Rillaboom
|-damage|p1a: Darkrai|81/100|[from] item: Life Orb
|
|-heal|p1a: Darkrai|87/100|[from] Grassy Terrain
|upkeep
|
|t:|1781533256
|switch|p2a: Kyurem|Kyurem, shiny|100/100
|-damage|p2a: Kyurem|75/100|[from] Stealth Rock
|-ability|p2a: Kyurem|Pressure
|turn|18
|
|t:|1781533259
|move|p1a: Darkrai|Focus Blast|p2a: Kyurem
|-supereffective|p2a: Kyurem
|-damage|p2a: Kyurem|0 fnt
|faint|p2a: Kyurem
|-damage|p1a: Darkrai|77/100|[from] item: Life Orb
|
|-heal|p1a: Darkrai|83/100|[from] Grassy Terrain
|upkeep
|
|t:|1781533265
|switch|p2a: Slowking|Slowking-Galar, M, shiny|63/100
|-damage|p2a: Slowking|50/100|[from] Stealth Rock
|turn|19
|-message|iamverykarpy forfeited.
|
|win|ign28
|raw|ign28's rating: 1699 &rarr; <strong>1719</strong><br />(+20 for winning)
|raw|iamverykarpy's rating: 1695 &rarr; <strong>1675</strong><br />(-20 for losing)
|l|☆iamverykarpy
|player|p2|
|l|☆ign28
|player|p1|
|l| kokosleeping
