|j|☆femotoz
|j|☆InfinityPokeRang3r
|t:|1781570026
|gametype|singles
|player|p1|femotoz|266|1533
|player|p2|InfinityPokeRang3r|ingo|1537
|gen|9
|tier|[Gen 9] OU
|rated|
|rule|HP Percentage Mod: HP is shown in percentages
|rule|Endless Battle Clause: Forcing endless battles is banned
|rule|Species Clause: Limit one of each Pokémon
|rule|OHKO Clause: OHKO moves are banned
|rule|Evasion Items Clause: Evasion items are banned
|rule|Evasion Moves Clause: Evasion moves are banned
|rule|Evasion Abilities Clause: Evasion abilities are banned
|rule|Sleep Moves Clause: Sleep-inducing moves are banned
|clearpoke
|poke|p1|Gholdengo|
|poke|p1|Iron Treads|
|poke|p1|Moltres|
|poke|p1|Zamazenta-*|
|poke|p1|Samurott-Hisui, M|
|poke|p1|Garganacl, M|
|poke|p2|Glimmora, F|
|poke|p2|Zapdos-Galar|
|poke|p2|Kyurem|
|poke|p2|Araquanid, M|
|poke|p2|Iron Treads|
|poke|p2|Sinistcha-Masterpiece|
|teampreview
|inactive|Battle timer is ON: inactive players will automatically lose when time's up. (requested by femotoz)
|c|☆femotoz|glhf
|c|☆InfinityPokeRang3r|glhf
|inactive|femotoz has 120 seconds left.
|
|t:|1781570067
|teamsize|p1|6
|teamsize|p2|6
|start
|switch|p1a: Gholdengo|Gholdengo|100/100
|switch|p2a: Kyurem|Kyurem|100/100
|-ability|p2a: Kyurem|Pressure
|-item|p1a: Gholdengo|Air Balloon
|turn|1
|
|t:|1781570081
|switch|p2a: Iron Treads|Iron Treads|100/100
|move|p1a: Gholdengo|Make It Rain|p2a: Iron Treads
|-resisted|p2a: Iron Treads
|-damage|p2a: Iron Treads|68/100
|-unboost|p1a: Gholdengo|spa|1
|
|upkeep
|turn|2
|
|t:|1781570094
|move|p2a: Iron Treads|Ice Spinner|p1a: Gholdengo
|-resisted|p1a: Gholdengo
|-damage|p1a: Gholdengo|86/100
|-enditem|p1a: Gholdengo|Air Balloon
|move|p1a: Gholdengo|Make It Rain|p2a: Iron Treads
|-resisted|p2a: Iron Treads
|-damage|p2a: Iron Treads|45/100
|-unboost|p1a: Gholdengo|spa|1
|
|upkeep
|turn|3
|
|t:|1781570112
|-end|p2a: Iron Treads|Quark Drive|[silent]
|switch|p2a: Araquanid|Araquanid, M|100/100
|switch|p1a: Zamazenta|Zamazenta|100/100
|-ability|p1a: Zamazenta|Dauntless Shield|boost
|-boost|p1a: Zamazenta|def|1
|
|upkeep
|turn|4
|
|t:|1781570117
|switch|p2a: Sinistcha|Sinistcha-Masterpiece|100/100
|move|p1a: Zamazenta|Stone Edge|p2a: Sinistcha
|-damage|p2a: Sinistcha|72/100
|
|upkeep
|turn|5
|
|t:|1781570127
|move|p1a: Zamazenta|Crunch|p2a: Sinistcha
|-supereffective|p2a: Sinistcha
|-damage|p2a: Sinistcha|17/100
|move|p2a: Sinistcha|Hex|p1a: Zamazenta
|-damage|p1a: Zamazenta|72/100
|
|upkeep
|turn|6
|
|t:|1781570146
|move|p1a: Zamazenta|Ice Fang|p2a: Sinistcha
|-supereffective|p2a: Sinistcha
|-damage|p2a: Sinistcha|0 fnt
|faint|p2a: Sinistcha
|
|upkeep
|
|t:|1781570153
|switch|p2a: Glimmora|Glimmora, F|100/100
|turn|7
|
|t:|1781570174
|switch|p1a: Iron Treads|Iron Treads|100/100
|move|p2a: Glimmora|Stealth Rock|p1a: Iron Treads
|-sidestart|p1: femotoz|move: Stealth Rock
|
|upkeep
|turn|8
|
|t:|1781570182
|switch|p2a: Araquanid|Araquanid, M|100/100
|move|p1a: Iron Treads|Rapid Spin|p2a: Araquanid
|-damage|p2a: Araquanid|86/100
|-boost|p1a: Iron Treads|spe|1
|-sideend|p1: femotoz|Stealth Rock|[from] move: Rapid Spin|[of] p1a: Iron Treads
|
|upkeep
|turn|9
|
|t:|1781570194
|-end|p1a: Iron Treads|Quark Drive|[silent]
|switch|p1a: Samurott|Samurott-Hisui, M|100/100
|move|p2a: Araquanid|Liquidation|p1a: Samurott
|-resisted|p1a: Samurott
|-damage|p1a: Samurott|59/100
|
|upkeep
|turn|10
|
|t:|1781570197
|move|p1a: Samurott|Ceaseless Edge|p2a: Araquanid
|-damage|p2a: Araquanid|35/100
|-sidestart|p2: InfinityPokeRang3r|Spikes
|move|p2a: Araquanid|Leech Life|p1a: Samurott
|-supereffective|p1a: Samurott
|-damage|p1a: Samurott|0 fnt
|-heal|p2a: Araquanid|63/100|[from] drain|[of] p1a: Samurott
|faint|p1a: Samurott
|
|upkeep
|
|t:|1781570204
|switch|p1a: Zamazenta|Zamazenta|72/100
|turn|11
|
|t:|1781570209
|switch|p2a: Glimmora|Glimmora, F|100/100
|-damage|p2a: Glimmora|88/100|[from] Spikes
|move|p1a: Zamazenta|Stone Edge|p2a: Glimmora
|-damage|p2a: Glimmora|53/100
|-activate|p2a: Glimmora|ability: Toxic Debris
|-sidestart|p1: femotoz|move: Toxic Spikes
|
|upkeep
|turn|12
|
|t:|1781570224
|move|p1a: Zamazenta|Close Combat|p2a: Glimmora
|-damage|p2a: Glimmora|0 fnt
|-unboost|p1a: Zamazenta|def|1
|-unboost|p1a: Zamazenta|spd|1
|-activate|p2a: Glimmora|ability: Toxic Debris
|-sidestart|p1: femotoz|move: Toxic Spikes
|faint|p2a: Glimmora
|
|upkeep
|
|t:|1781570230
|switch|p2a: Araquanid|Araquanid, M|63/100
|-damage|p2a: Araquanid|51/100|[from] Spikes
|turn|13
|
|t:|1781570241
|move|p1a: Zamazenta|Stone Edge|p2a: Araquanid|[miss]
|-miss|p1a: Zamazenta|p2a: Araquanid
|move|p2a: Araquanid|Liquidation|p1a: Zamazenta
|-crit|p1a: Zamazenta
|-damage|p1a: Zamazenta|0 fnt
|faint|p1a: Zamazenta
|
|upkeep
|
|t:|1781570243
|switch|p1a: Iron Treads|Iron Treads|100/100
|turn|14
|
|t:|1781570249
|move|p1a: Iron Treads|Rapid Spin|p2a: Araquanid
|-damage|p2a: Araquanid|35/100
|-boost|p1a: Iron Treads|spe|1
|-sideend|p1: femotoz|Toxic Spikes|[from] move: Rapid Spin|[of] p1a: Iron Treads
|move|p2a: Araquanid|Liquidation|p1a: Iron Treads
|-supereffective|p1a: Iron Treads
|-damage|p1a: Iron Treads|0 fnt
|faint|p1a: Iron Treads
|-end|p1a: Iron Treads|Quark Drive|[silent]
|
|upkeep
|
|t:|1781570252
|switch|p1a: Gholdengo|Gholdengo|86/100
|turn|15
|
|t:|1781570255
|move|p1a: Gholdengo|Thunderbolt|p2a: Araquanid
|-supereffective|p2a: Araquanid
|-damage|p2a: Araquanid|0 fnt
|faint|p2a: Araquanid
|
|upkeep
|
|t:|1781570262
|switch|p2a: Zapdos|Zapdos-Galar|100/100
|turn|16
|
|t:|1781570271
|move|p2a: Zapdos|Knock Off|p1a: Gholdengo
|-supereffective|p1a: Gholdengo
|-damage|p1a: Gholdengo|13/100
|move|p1a: Gholdengo|Thunderbolt|p2a: Zapdos
|-supereffective|p2a: Zapdos
|-damage|p2a: Zapdos|29/100
|
|upkeep
|turn|17
|
|t:|1781570279
|switch|p2a: Kyurem|Kyurem|100/100
|-damage|p2a: Kyurem|88/100|[from] Spikes
|-ability|p2a: Kyurem|Pressure
|switch|p1a: Moltres|Moltres|100/100
|
|upkeep
|turn|18
|
|t:|1781570288
|move|p2a: Kyurem|Draco Meteor|p1a: Moltres
|-damage|p1a: Moltres|2/100
|-unboost|p2a: Kyurem|spa|2
|move|p1a: Moltres|Roar|p2a: Kyurem
|drag|p2a: Zapdos|Zapdos-Galar|29/100
|
|upkeep
|turn|19
|
|t:|1781570294
|move|p2a: Zapdos|U-turn|p1a: Moltres
|-resisted|p1a: Moltres
|-damage|p1a: Moltres|0 fnt
|faint|p1a: Moltres
|
|t:|1781570301
|switch|p2a: Iron Treads|Iron Treads|45/100|[from] U-turn
|-damage|p2a: Iron Treads|33/100|[from] Spikes
|
|upkeep
|
|t:|1781570309
|switch|p1a: Gholdengo|Gholdengo|13/100
|turn|20
|
|t:|1781570319
|move|p2a: Iron Treads|Iron Head|p1a: Gholdengo
|-resisted|p1a: Gholdengo
|-damage|p1a: Gholdengo|0 fnt
|faint|p1a: Gholdengo
|
|upkeep
|
|t:|1781570321
|switch|p1a: Garganacl|Garganacl, M|100/100
|turn|21
|
|t:|1781570327
|move|p2a: Iron Treads|Earthquake|p1a: Garganacl
|-supereffective|p1a: Garganacl
|-damage|p1a: Garganacl|33/100
|move|p1a: Garganacl|Curse|p1a: Garganacl
|-unboost|p1a: Garganacl|spe|1
|-boost|p1a: Garganacl|atk|1
|-boost|p1a: Garganacl|def|1
|
|-heal|p1a: Garganacl|39/100|[from] item: Leftovers
|upkeep
|turn|22
|
|t:|1781570338
|-terastallize|p1a: Garganacl|Water
|move|p2a: Iron Treads|Earthquake|p1a: Garganacl
|-damage|p1a: Garganacl|15/100
|move|p1a: Garganacl|Recover|p1a: Garganacl
|-heal|p1a: Garganacl|65/100
|
|-heal|p1a: Garganacl|71/100|[from] item: Leftovers
|upkeep
|turn|23
|
|t:|1781570345
|move|p2a: Iron Treads|Rapid Spin|p1a: Garganacl
|-damage|p1a: Garganacl|62/100
|-boost|p2a: Iron Treads|spe|1
|-sideend|p2: InfinityPokeRang3r|Spikes|[from] move: Rapid Spin|[of] p2a: Iron Treads
|move|p1a: Garganacl|Salt Cure|p2a: Iron Treads
|-resisted|p2a: Iron Treads
|-damage|p2a: Iron Treads|29/100
|-start|p2a: Iron Treads|Salt Cure
|
|-heal|p1a: Garganacl|69/100|[from] item: Leftovers
|-damage|p2a: Iron Treads|4/100|[from] Salt Cure
|upkeep
|turn|24
|
|t:|1781570353
|move|p2a: Iron Treads|Earthquake|p1a: Garganacl
|-damage|p1a: Garganacl|44/100
|move|p1a: Garganacl|Recover|p1a: Garganacl
|-heal|p1a: Garganacl|94/100
|
|-heal|p1a: Garganacl|99/100|[from] item: Leftovers
|-damage|p2a: Iron Treads|0 fnt|[from] Salt Cure
|faint|p2a: Iron Treads
|-end|p2a: Iron Treads|Quark Drive|[silent]
|upkeep
|
|t:|1781570356
|switch|p2a: Kyurem|Kyurem|88/100
|-ability|p2a: Kyurem|Pressure
|turn|25
|
|t:|1781570361
|-terastallize|p2a: Kyurem|Ground
|move|p2a: Kyurem|Freeze-Dry|p1a: Garganacl
|-supereffective|p1a: Garganacl
|-damage|p1a: Garganacl|29/100
|move|p1a: Garganacl|Salt Cure|p2a: Kyurem
|-resisted|p2a: Kyurem
|-damage|p2a: Kyurem|79/100
|-start|p2a: Kyurem|Salt Cure
|
|-heal|p1a: Garganacl|35/100|[from] item: Leftovers
|-damage|p2a: Kyurem|66/100|[from] Salt Cure
|upkeep
|turn|26
|c|☆femotoz|gg
|
|t:|1781570368
|move|p2a: Kyurem|Freeze-Dry|p1a: Garganacl
|-supereffective|p1a: Garganacl
|-damage|p1a: Garganacl|0 fnt
|faint|p1a: Garganacl
|
|win|InfinityPokeRang3r
|raw|femotoz's rating: 1533 &rarr; <strong>1513</strong><br />(-20 for losing)
|raw|InfinityPokeRang3r's rating: 1537 &rarr; <strong>1557</strong><br />(+20 for winning)
|l|☆femotoz
|player|p1|
|c|☆InfinityPokeRang3r|gg
|l|☆InfinityPokeRang3r
|player|p2|
