|j|☆chancemt
|j|☆KurisuChestnutOU
|t:|1781062406
|gametype|singles
|player|p1|chancemt|2|1532
|player|p2|KurisuChestnutOU|may-contest|1456
|gen|9
|tier|[Gen 9] OU
|rated|
|rule|HP Percentage Mod: HP is shown in percentages
|rule|Endless Battle Clause: Forcing endless battles is banned
|rule|Species Clause: Limit one of each Pokémon
|rule|OHKO Clause: OHKO moves are banned
|rule|Evasion Items Clause: Evasion items are banned
|rule|Evasion Moves Clause: Evasion moves are banned
|rule|Evasion Abilities Clause: Evasion abilities are banned
|rule|Sleep Moves Clause: Sleep-inducing moves are banned
|clearpoke
|poke|p1|Kingambit, F|
|poke|p1|Glimmora, M|
|poke|p1|Dragapult, M|
|poke|p1|Enamorus, F|
|poke|p1|Great Tusk|
|poke|p1|Ogerpon-Wellspring, F|
|poke|p2|Kingambit, M|
|poke|p2|Kommo-o, F|
|poke|p2|Iron Valiant|
|poke|p2|Kyurem|
|poke|p2|Iron Treads|
|poke|p2|Iron Crown|
|teampreview
|inactive|Battle timer is ON: inactive players will automatically lose when time's up. (requested by chancemt)
|inactive|KurisuChestnutOU also wants the timer to be on.
|
|t:|1781062431
|teamsize|p1|6
|teamsize|p2|6
|start
|switch|p1a: Dragapult|Dragapult, M|100/100
|switch|p2a: Iron Crown|Iron Crown|100/100
|-enditem|p2a: Iron Crown|Booster Energy
|-activate|p2a: Iron Crown|ability: Quark Drive|[fromitem]
|-start|p2a: Iron Crown|quarkdrivespe
|turn|1
|
|t:|1781062436
|move|p2a: Iron Crown|Tachyon Cutter|p1a: Dragapult
|-damage|p1a: Dragapult|71/100
|-damage|p1a: Dragapult|40/100
|-hitcount|p1a: Dragapult|2
|move|p1a: Dragapult|Shadow Ball|p2a: Iron Crown
|-supereffective|p2a: Iron Crown
|-damage|p2a: Iron Crown|0 fnt
|faint|p2a: Iron Crown
|-end|p2a: Iron Crown|Quark Drive|[silent]
|
|upkeep
|
|t:|1781062449
|switch|p2a: Iron Valiant|Iron Valiant|100/100
|-enditem|p2a: Iron Valiant|Booster Energy
|-activate|p2a: Iron Valiant|ability: Quark Drive|[fromitem]
|-start|p2a: Iron Valiant|quarkdrivespe
|turn|2
|inactive|chancemt has 120 seconds left.
|
|t:|1781062486
|switch|p1a: Glimmora|Glimmora, M|100/100
|move|p2a: Iron Valiant|Moonblast|p1a: Glimmora
|-resisted|p1a: Glimmora
|-damage|p1a: Glimmora|67/100
|
|upkeep
|turn|3
|inactive|chancemt has 120 seconds left.
|
|t:|1781062498
|move|p2a: Iron Valiant|Focus Blast|p1a: Glimmora|[miss]
|-miss|p2a: Iron Valiant|p1a: Glimmora
|move|p1a: Glimmora|Mortal Spin|p2a: Iron Valiant
|-supereffective|p2a: Iron Valiant
|-damage|p2a: Iron Valiant|86/100
|-status|p2a: Iron Valiant|psn
|
|-damage|p2a: Iron Valiant|74/100 psn|[from] psn
|upkeep
|turn|4
|
|t:|1781062508
|move|p2a: Iron Valiant|Focus Blast|p1a: Glimmora
|-damage|p1a: Glimmora|0 fnt
|faint|p1a: Glimmora
|
|-damage|p2a: Iron Valiant|61/100 psn|[from] psn
|upkeep
|inactive|chancemt has 120 seconds left.
|
|t:|1781062524
|switch|p1a: Great Tusk|Great Tusk|100/100
|turn|5
|
|t:|1781062534
|move|p2a: Iron Valiant|Moonblast|p1a: Great Tusk
|-supereffective|p1a: Great Tusk
|-damage|p1a: Great Tusk|12/100
|-unboost|p1a: Great Tusk|spa|1
|move|p1a: Great Tusk|Rapid Spin|p2a: Iron Valiant
|-damage|p2a: Iron Valiant|39/100 psn
|-boost|p1a: Great Tusk|spe|1
|
|-damage|p2a: Iron Valiant|27/100 psn|[from] psn
|upkeep
|turn|6
|
|t:|1781062560
|move|p2a: Iron Valiant|Moonblast|p1a: Great Tusk
|-supereffective|p1a: Great Tusk
|-damage|p1a: Great Tusk|0 fnt
|faint|p1a: Great Tusk
|-end|p1a: Great Tusk|Protosynthesis|[silent]
|
|-damage|p2a: Iron Valiant|14/100 psn|[from] psn
|upkeep
|
|t:|1781062564
|switch|p1a: Kingambit|Kingambit, F|100/100
|-activate|p1a: Kingambit|ability: Supreme Overlord
|-start|p1a: Kingambit|fallen2|[silent]
|turn|7
|
|t:|1781062571
|move|p1a: Kingambit|Sucker Punch|p2a: Iron Valiant
|-resisted|p2a: Iron Valiant
|-damage|p2a: Iron Valiant|0 fnt
|faint|p2a: Iron Valiant
|-end|p2a: Iron Valiant|Quark Drive|[silent]
|
|upkeep
|
|t:|1781062588
|switch|p2a: Kingambit|Kingambit, M|100/100
|-activate|p2a: Kingambit|ability: Supreme Overlord
|-start|p2a: Kingambit|fallen2|[silent]
|turn|8
|
|t:|1781062607
|move|p1a: Kingambit|Iron Head|p2a: Kingambit
|-resisted|p2a: Kingambit
|-crit|p2a: Kingambit
|-damage|p2a: Kingambit|67/100
|move|p2a: Kingambit|Swords Dance|p2a: Kingambit
|-boost|p2a: Kingambit|atk|2
|
|-heal|p2a: Kingambit|73/100|[from] item: Leftovers
|upkeep
|turn|9
|
|t:|1781062627
|move|p2a: Kingambit|Swords Dance|p2a: Kingambit
|-boost|p2a: Kingambit|atk|2
|move|p1a: Kingambit|Swords Dance|p1a: Kingambit
|-boost|p1a: Kingambit|atk|2
|
|-heal|p2a: Kingambit|79/100|[from] item: Leftovers
|upkeep
|turn|10
|
|t:|1781062642
|move|p2a: Kingambit|Iron Head|p1a: Kingambit
|-resisted|p1a: Kingambit
|-damage|p1a: Kingambit|35/100
|move|p1a: Kingambit|Iron Head|p2a: Kingambit
|-resisted|p2a: Kingambit
|-damage|p2a: Kingambit|32/100
|
|-heal|p1a: Kingambit|41/100|[from] item: Leftovers
|-heal|p2a: Kingambit|39/100|[from] item: Leftovers
|upkeep
|turn|11
|inactive|KurisuChestnutOU has 120 seconds left.
|
|t:|1781062664
|move|p2a: Kingambit|Sucker Punch|p1a: Kingambit
|-resisted|p1a: Kingambit
|-damage|p1a: Kingambit|0 fnt
|faint|p1a: Kingambit
|-end|p1a: Kingambit|fallen2|[silent]
|
|-heal|p2a: Kingambit|45/100|[from] item: Leftovers
|upkeep
|
|t:|1781062667
|switch|p1a: Enamorus|Enamorus, F|100/100
|turn|12
|inactive|KurisuChestnutOU has 120 seconds left.
|
|t:|1781062684
|move|p2a: Kingambit|Sucker Punch|p1a: Enamorus
|-resisted|p1a: Enamorus
|-damage|p1a: Enamorus|0 fnt
|faint|p1a: Enamorus
|
|-heal|p2a: Kingambit|51/100|[from] item: Leftovers
|upkeep
|
|t:|1781062689
|switch|p1a: Ogerpon|Ogerpon-Wellspring, F|100/100
|turn|13
|inactive|KurisuChestnutOU has 120 seconds left.
|
|t:|1781062699
|move|p2a: Kingambit|Sucker Punch||[still]
|-fail|p2a: Kingambit
|move|p1a: Ogerpon|Swords Dance|p1a: Ogerpon
|-boost|p1a: Ogerpon|atk|2
|
|-heal|p2a: Kingambit|57/100|[from] item: Leftovers
|upkeep
|turn|14
|inactive|KurisuChestnutOU has 120 seconds left.
|
|t:|1781062711
|move|p2a: Kingambit|Sucker Punch||[still]
|-fail|p2a: Kingambit
|move|p1a: Ogerpon|Swords Dance|p1a: Ogerpon
|-boost|p1a: Ogerpon|atk|2
|
|-heal|p2a: Kingambit|63/100|[from] item: Leftovers
|upkeep
|turn|15
|
|t:|1781062718
|move|p2a: Kingambit|Sucker Punch|p1a: Ogerpon
|-damage|p1a: Ogerpon|0 fnt
|faint|p1a: Ogerpon
|
|-heal|p2a: Kingambit|69/100|[from] item: Leftovers
|upkeep
|-message|chancemt forfeited.
|
|win|KurisuChestnutOU
|raw|chancemt's rating: 1532 &rarr; <strong>1509</strong><br />(-23 for losing)
|raw|KurisuChestnutOU's rating: 1486 &rarr; <strong>1509</strong><br />(+23 for winning)
|l|☆chancemt
|player|p1|
