|j|☆Iggy Sent Me
|j|☆carciox
|t:|1781209264
|gametype|singles
|player|p1|Iggy Sent Me|veteran|1561
|player|p2|carciox|1|1548
|gen|9
|tier|[Gen 9] OU
|rated|
|rule|HP Percentage Mod: HP is shown in percentages
|rule|Endless Battle Clause: Forcing endless battles is banned
|rule|Species Clause: Limit one of each Pokémon
|rule|OHKO Clause: OHKO moves are banned
|rule|Evasion Items Clause: Evasion items are banned
|rule|Evasion Moves Clause: Evasion moves are banned
|rule|Evasion Abilities Clause: Evasion abilities are banned
|rule|Sleep Moves Clause: Sleep-inducing moves are banned
|clearpoke
|poke|p1|Rotom-Heat|
|poke|p1|Garchomp, F|
|poke|p1|Tornadus-Therian, M|
|poke|p1|Hatterene, F|
|poke|p1|Great Tusk|
|poke|p1|Darkrai|
|poke|p2|Kingambit, F|
|poke|p2|Cinderace, F|
|poke|p2|Landorus-Therian, M|
|poke|p2|Iron Valiant|
|poke|p2|Kyurem|
|poke|p2|Slowking-Galar, M|
|teampreview
|inactive|Battle timer is ON: inactive players will automatically lose when time's up. (requested by Iggy Sent Me)
|inactive|carciox also wants the timer to be on.
|
|t:|1781209282
|teamsize|p1|6
|teamsize|p2|6
|start
|switch|p1a: Tornadus|Tornadus-Therian, M|100/100
|switch|p2a: Nyarlatotep|Cinderace, F, shiny|100/100
|turn|1
|
|t:|1781209295
|move|p1a: Tornadus|Knock Off|p2a: Nyarlatotep
|-damage|p2a: Nyarlatotep|77/100
|-enditem|p2a: Nyarlatotep|Heavy-Duty Boots|[from] move: Knock Off|[of] p1a: Tornadus
|move|p2a: Nyarlatotep|U-turn|p1a: Tornadus
|-resisted|p1a: Tornadus
|-damage|p1a: Tornadus|90/100
|
|t:|1781209310
|switch|p2a: The Lord of Sorrow|Kingambit, F|100/100|[from] U-turn
|
|upkeep
|turn|2
|
|t:|1781209321
|move|p1a: Tornadus|U-turn|p2a: The Lord of Sorrow
|-crit|p2a: The Lord of Sorrow
|-damage|p2a: The Lord of Sorrow|83/100
|
|t:|1781209323
|switch|p1a: Garchomp|Garchomp, F|100/100|[from] U-turn
|move|p2a: The Lord of Sorrow|Swords Dance|p2a: The Lord of Sorrow
|-boost|p2a: The Lord of Sorrow|atk|2
|
|-heal|p2a: The Lord of Sorrow|89/100|[from] item: Leftovers
|upkeep
|turn|3
|
|t:|1781209335
|-terastallize|p2a: The Lord of Sorrow|Flying
|move|p1a: Garchomp|Stealth Rock|p2a: The Lord of Sorrow
|-sidestart|p2: carciox|move: Stealth Rock
|move|p2a: The Lord of Sorrow|Swords Dance|p2a: The Lord of Sorrow
|-boost|p2a: The Lord of Sorrow|atk|2
|
|-heal|p2a: The Lord of Sorrow|95/100|[from] item: Leftovers
|upkeep
|turn|4
|
|t:|1781209346
|move|p2a: The Lord of Sorrow|Kowtow Cleave|p1a: Garchomp
|-damage|p1a: Garchomp|0 fnt
|-damage|p2a: The Lord of Sorrow|83/100|[from] ability: Rough Skin|[of] p1a: Garchomp
|-damage|p2a: The Lord of Sorrow|66/100|[from] item: Rocky Helmet|[of] p1a: Garchomp
|faint|p1a: Garchomp
|
|-heal|p2a: The Lord of Sorrow|72/100|[from] item: Leftovers
|upkeep
|
|t:|1781209356
|switch|p1a: Rotom|Rotom-Heat|100/100
|turn|5
|c|☆carciox|So sweet
|
|t:|1781209364
|move|p1a: Rotom|Trick|p2a: The Lord of Sorrow
|-activate|p1a: Rotom|move: Trick|[of] p2a: The Lord of Sorrow
|-item|p2a: The Lord of Sorrow|Choice Scarf|[from] move: Trick
|-item|p1a: Rotom|Leftovers|[from] move: Trick
|move|p2a: The Lord of Sorrow|Kowtow Cleave|p1a: Rotom
|-damage|p1a: Rotom|0 fnt
|faint|p1a: Rotom
|
|upkeep
|
|t:|1781209368
|switch|p1a: Great Tusk|Great Tusk|100/100
|turn|6
|
|t:|1781209380
|move|p2a: The Lord of Sorrow|Kowtow Cleave|p1a: Great Tusk
|-resisted|p1a: Great Tusk
|-damage|p1a: Great Tusk|54/100
|move|p1a: Great Tusk|Ice Spinner|p2a: The Lord of Sorrow
|-supereffective|p2a: The Lord of Sorrow
|-damage|p2a: The Lord of Sorrow|25/100
|
|upkeep
|turn|7
|
|t:|1781209389
|move|p2a: The Lord of Sorrow|Kowtow Cleave|p1a: Great Tusk
|-resisted|p1a: Great Tusk
|-damage|p1a: Great Tusk|6/100
|move|p1a: Great Tusk|Rapid Spin|p2a: The Lord of Sorrow
|-damage|p2a: The Lord of Sorrow|9/100
|-boost|p1a: Great Tusk|spe|1
|
|upkeep
|turn|8
|
|t:|1781209397
|move|p1a: Great Tusk|Ice Spinner|p2a: The Lord of Sorrow
|-supereffective|p2a: The Lord of Sorrow
|-damage|p2a: The Lord of Sorrow|0 fnt
|faint|p2a: The Lord of Sorrow
|-end|p2a: The Lord of Sorrow|fallenundefined|[silent]
|
|upkeep
|
|t:|1781209403
|switch|p2a: Zinzalouk|Landorus-Therian, M, shiny|100/100
|-damage|p2a: Zinzalouk|88/100|[from] Stealth Rock
|-ability|p2a: Zinzalouk|Intimidate|boost
|-unboost|p1a: Great Tusk|atk|1
|turn|9
|
|t:|1781209411
|move|p1a: Great Tusk|Ice Spinner|p2a: Zinzalouk
|-supereffective|p2a: Zinzalouk
|-damage|p2a: Zinzalouk|15/100
|-damage|p1a: Great Tusk|0 fnt|[from] item: Rocky Helmet|[of] p2a: Zinzalouk
|faint|p1a: Great Tusk
|-end|p1a: Great Tusk|Protosynthesis|[silent]
|move|p2a: Zinzalouk|Stealth Rock|p1: Great Tusk
|-sidestart|p1: Iggy Sent Me|move: Stealth Rock
|
|upkeep
|
|t:|1781209422
|switch|p1a: Tornadus|Tornadus-Therian, M|100/100
|-damage|p1a: Tornadus|76/100|[from] Stealth Rock
|turn|10
|
|t:|1781209429
|move|p1a: Tornadus|Heat Wave|p2a: Zinzalouk
|-damage|p2a: Zinzalouk|0 fnt
|faint|p2a: Zinzalouk
|
|upkeep
|
|t:|1781209437
|switch|p2a: Yog Sototh|Slowking-Galar, M, shiny|100/100
|turn|11
|
|t:|1781209441
|move|p1a: Tornadus|Knock Off|p2a: Yog Sototh
|-supereffective|p2a: Yog Sototh
|-damage|p2a: Yog Sototh|57/100
|-enditem|p2a: Yog Sototh|Heavy-Duty Boots|[from] move: Knock Off|[of] p1a: Tornadus
|move|p2a: Yog Sototh|Sludge Bomb|p1a: Tornadus
|-damage|p1a: Tornadus|51/100
|-status|p1a: Tornadus|psn
|
|-damage|p1a: Tornadus|39/100 psn|[from] psn
|upkeep
|turn|12
|c|☆Iggy Sent Me|you're spelling all these wrong
|
|t:|1781209466
|move|p1a: Tornadus|Knock Off|p2a: Yog Sototh
|-supereffective|p2a: Yog Sototh
|-damage|p2a: Yog Sototh|29/100
|move|p2a: Yog Sototh|Sludge Bomb|p1a: Tornadus
|-damage|p1a: Tornadus|16/100 psn
|
|-damage|p1a: Tornadus|3/100 psn|[from] psn
|upkeep
|turn|13
|c|☆carciox|What do you mean
|c|☆carciox|This comment
|c|☆Iggy Sent Me|this should be yog sothoth
|inactive|carciox has 120 seconds left.
|c|☆Iggy Sent Me|and it's nyarlathotep
|c|☆carciox|So quirky
|c|☆carciox|Good catch
|c|☆carciox|I play by ear
|inactive|carciox has 90 seconds left.
|
|t:|1781209531
|move|p1a: Tornadus|Bleakwind Storm|p2a: Yog Sototh
|-damage|p2a: Yog Sototh|8/100
|-prepare|p2a: Yog Sototh|Chilly Reception|[premajor]
|move|p2a: Yog Sototh|Chilly Reception|p2a: Yog Sototh
|-weather|Snowscape
|inactive|carciox has 90 seconds left.
|
|t:|1781209537
|switch|p2a: Axiom of Potency|Kyurem, shiny|100/100|[from] Chilly Reception
|-damage|p2a: Axiom of Potency|76/100|[from] Stealth Rock
|-ability|p2a: Axiom of Potency|Pressure
|
|-weather|Snowscape|[upkeep]
|-heal|p2a: Axiom of Potency|82/100|[from] item: Leftovers
|-damage|p1a: Tornadus|0 fnt|[from] psn
|faint|p1a: Tornadus
|upkeep
|
|t:|1781209541
|switch|p1a: Hatterene|Hatterene, F|100/100
|-damage|p1a: Hatterene|88/100|[from] Stealth Rock
|turn|14
|
|t:|1781209553
|move|p2a: Axiom of Potency|Protect|p2a: Axiom of Potency
|-singleturn|p2a: Axiom of Potency|Protect
|move|p1a: Hatterene|Draining Kiss|p2a: Axiom of Potency
|-activate|p2a: Axiom of Potency|move: Protect
|
|-weather|Snowscape|[upkeep]
|-heal|p2a: Axiom of Potency|88/100|[from] item: Leftovers
|-heal|p1a: Hatterene|94/100|[from] item: Leftovers
|upkeep
|turn|15
|
|t:|1781209564
|switch|p2a: Nyarlatotep|Cinderace, F, shiny|77/100
|-damage|p2a: Nyarlatotep|52/100|[from] Stealth Rock
|move|p1a: Hatterene|Draining Kiss|p2a: Nyarlatotep
|-resisted|p2a: Nyarlatotep
|-damage|p2a: Nyarlatotep|39/100
|-heal|p1a: Hatterene|100/100|[from] drain|[of] p2a: Nyarlatotep
|
|-weather|Snowscape|[upkeep]
|upkeep
|turn|16
|
|t:|1781209574
|move|p2a: Nyarlatotep|Pyro Ball|p1a: Hatterene
|-damage|p1a: Hatterene|62/100
|move|p1a: Hatterene|Psychic Noise|p2a: Nyarlatotep
|-damage|p2a: Nyarlatotep|0 fnt
|faint|p2a: Nyarlatotep
|
|-weather|Snowscape|[upkeep]
|-heal|p1a: Hatterene|67/100|[from] item: Leftovers
|upkeep
|inactive|carciox has 90 seconds left.
|
|t:|1781209589
|switch|p2a: Axiom of Potency|Kyurem, shiny|88/100
|-damage|p2a: Axiom of Potency|63/100|[from] Stealth Rock
|-ability|p2a: Axiom of Potency|Pressure
|turn|17
|
|t:|1781209595
|move|p2a: Axiom of Potency|Substitute|p2a: Axiom of Potency
|-start|p2a: Axiom of Potency|Substitute
|-damage|p2a: Axiom of Potency|38/100
|move|p1a: Hatterene|Draining Kiss|p2a: Axiom of Potency
|-supereffective|p2a: Axiom of Potency
|-end|p2a: Axiom of Potency|Substitute
|-heal|p1a: Hatterene|91/100|[from] drain|[of] p2a: Axiom of Potency
|
|-weather|none
|-heal|p2a: Axiom of Potency|44/100|[from] item: Leftovers
|-heal|p1a: Hatterene|97/100|[from] item: Leftovers
|upkeep
|turn|18
|
|t:|1781209606
|move|p2a: Axiom of Potency|Substitute|p2a: Axiom of Potency
|-start|p2a: Axiom of Potency|Substitute
|-damage|p2a: Axiom of Potency|19/100
|move|p1a: Hatterene|Draining Kiss|p2a: Axiom of Potency
|-supereffective|p2a: Axiom of Potency
|-end|p2a: Axiom of Potency|Substitute
|-heal|p1a: Hatterene|100/100|[from] drain|[of] p2a: Axiom of Potency
|
|-heal|p2a: Axiom of Potency|25/100|[from] item: Leftovers
|upkeep
|turn|19
|
|t:|1781209616
|move|p2a: Axiom of Potency|Protect|p2a: Axiom of Potency
|-singleturn|p2a: Axiom of Potency|Protect
|move|p1a: Hatterene|Psychic Noise|p2a: Axiom of Potency
|-activate|p2a: Axiom of Potency|move: Protect
|
|-heal|p2a: Axiom of Potency|32/100|[from] item: Leftovers
|upkeep
|turn|20
|
|t:|1781209625
|move|p2a: Axiom of Potency|Freeze-Dry|p1a: Hatterene
|-damage|p1a: Hatterene|64/100
|move|p1a: Hatterene|Psychic Noise|p2a: Axiom of Potency
|-damage|p2a: Axiom of Potency|0 fnt
|faint|p2a: Axiom of Potency
|
|-heal|p1a: Hatterene|70/100|[from] item: Leftovers
|upkeep
|
|t:|1781209637
|switch|p2a: Yog Sototh|Slowking-Galar, M, shiny|42/100
|-damage|p2a: Yog Sototh|29/100|[from] Stealth Rock
|turn|21
|
|t:|1781209647
|switch|p1a: Darkrai|Darkrai|100/100
|-damage|p1a: Darkrai|88/100|[from] Stealth Rock
|move|p2a: Yog Sototh|Sludge Bomb|p1a: Darkrai
|-damage|p1a: Darkrai|47/100
|
|-heal|p1a: Darkrai|53/100|[from] item: Leftovers
|upkeep
|turn|22
|
|t:|1781209662
|move|p1a: Darkrai|Dark Pulse|p2a: Yog Sototh
|-supereffective|p2a: Yog Sototh
|-damage|p2a: Yog Sototh|0 fnt
|faint|p2a: Yog Sototh
|
|-heal|p1a: Darkrai|59/100|[from] item: Leftovers
|upkeep
|
|t:|1781209669
|switch|p2a: Succulence|Iron Valiant|100/100
|-damage|p2a: Succulence|94/100|[from] Stealth Rock
|-enditem|p2a: Succulence|Booster Energy
|-activate|p2a: Succulence|ability: Quark Drive|[fromitem]
|-start|p2a: Succulence|quarkdrivespe
|turn|23
|
|t:|1781209681
|-terastallize|p1a: Darkrai|Poison
|move|p2a: Succulence|Encore|p1a: Darkrai
|-start|p1a: Darkrai|Encore
|move|p1a: Darkrai|Dark Pulse|p2a: Succulence
|-resisted|p2a: Succulence
|-damage|p2a: Succulence|76/100
|
|-heal|p1a: Darkrai|65/100|[from] item: Leftovers
|upkeep
|turn|24
|
|t:|1781209691
|switch|p1a: Hatterene|Hatterene, F|70/100
|-damage|p1a: Hatterene|58/100|[from] Stealth Rock
|move|p2a: Succulence|Calm Mind|p2a: Succulence
|-boost|p2a: Succulence|spa|1
|-boost|p2a: Succulence|spd|1
|
|-heal|p1a: Hatterene|64/100|[from] item: Leftovers
|upkeep
|turn|25
|
|t:|1781209701
|move|p2a: Succulence|Shadow Ball|p1a: Hatterene
|-supereffective|p1a: Hatterene
|-damage|p1a: Hatterene|0 fnt
|faint|p1a: Hatterene
|
|upkeep
|
|t:|1781209704
|switch|p1a: Darkrai|Darkrai, tera:Poison|65/100
|-damage|p1a: Darkrai|53/100|[from] Stealth Rock
|turn|26
|inactive|carciox has 120 seconds left.
|
|t:|1781209711
|move|p2a: Succulence|Shadow Ball|p1a: Darkrai
|-damage|p1a: Darkrai|4/100
|move|p1a: Darkrai|Sludge Bomb|p2a: Succulence
|-supereffective|p2a: Succulence
|-damage|p2a: Succulence|0 fnt
|faint|p2a: Succulence
|-end|p2a: Succulence|Quark Drive|[silent]
|
|win|Iggy Sent Me
|raw|Iggy Sent Me's rating: 1561 &rarr; <strong>1580</strong><br />(+19 for winning)
|raw|carciox's rating: 1548 &rarr; <strong>1529</strong><br />(-19 for losing)
|c|☆carciox|GG
|l|☆Iggy Sent Me
|player|p1|
|c|☆carciox|Super game
|l|☆carciox
|player|p2|
