|j|☆KurisuChestnutLab
|j|☆vegancrosfit
|t:|1781178332
|gametype|singles
|player|p1|KurisuChestnutLab|may-contest|1618
|player|p2|vegancrosfit|cyclist-gen4|1583
|gen|9
|tier|[Gen 9] OU
|rated|
|rule|HP Percentage Mod: HP is shown in percentages
|rule|Endless Battle Clause: Forcing endless battles is banned
|rule|Species Clause: Limit one of each Pokémon
|rule|OHKO Clause: OHKO moves are banned
|rule|Evasion Items Clause: Evasion items are banned
|rule|Evasion Moves Clause: Evasion moves are banned
|rule|Evasion Abilities Clause: Evasion abilities are banned
|rule|Sleep Moves Clause: Sleep-inducing moves are banned
|clearpoke
|poke|p1|Primarina, F|
|poke|p1|Hippowdon, M|
|poke|p1|Skarmory, F|
|poke|p1|Zapdos|
|poke|p1|Dragonite, F|
|poke|p1|Slowking, M|
|poke|p2|Pelipper, F|
|poke|p2|Barraskewda, M|
|poke|p2|Ogerpon-Wellspring, F|
|poke|p2|Scizor, M|
|poke|p2|Tornadus-Therian, M|
|poke|p2|Raging Bolt|
|teampreview
|inactive|Battle timer is ON: inactive players will automatically lose when time's up. (requested by KurisuChestnutLab)
|
|t:|1781178341
|teamsize|p1|6
|teamsize|p2|6
|start
|switch|p1a: Hippowdon|Hippowdon, M|100/100
|switch|p2a: Ogerpon|Ogerpon-Wellspring, F|100/100
|-weather|Sandstorm|[from] ability: Sand Stream|[of] p1a: Hippowdon
|turn|1
|
|t:|1781178348
|-terastallize|p1a: Hippowdon|Steel
|move|p2a: Ogerpon|Ivy Cudgel|p1a: Hippowdon|[anim] Ivy Cudgel Water
|-damage|p1a: Hippowdon|72/100
|move|p1a: Hippowdon|Stealth Rock|p2a: Ogerpon
|-sidestart|p2: vegancrosfit|move: Stealth Rock
|
|-weather|Sandstorm|[upkeep]
|-damage|p2a: Ogerpon|95/100|[from] Sandstorm
|-heal|p1a: Hippowdon|79/100|[from] item: Leftovers
|upkeep
|turn|2
|
|t:|1781178356
|move|p2a: Ogerpon|U-turn|p1a: Hippowdon
|-resisted|p1a: Hippowdon
|-damage|p1a: Hippowdon|71/100
|
|t:|1781178359
|switch|p2a: Scizor|Scizor, M|100/100|[from] U-turn
|-damage|p2a: Scizor|88/100|[from] Stealth Rock
|move|p1a: Hippowdon|Earthquake|p2a: Scizor
|-crit|p2a: Scizor
|-damage|p2a: Scizor|35/100
|-enditem|p2a: Scizor|Sitrus Berry|[eat]
|-heal|p2a: Scizor|60/100|[from] item: Sitrus Berry
|
|-weather|Sandstorm|[upkeep]
|-heal|p1a: Hippowdon|77/100|[from] item: Leftovers
|upkeep
|turn|3
|
|t:|1781178365
|move|p2a: Scizor|Defog|p1a: Hippowdon
|-unboost|p1a: Hippowdon|evasion|1
|-sideend|p2: vegancrosfit|Stealth Rock|[from] move: Defog|[of] p2a: Scizor
|move|p1a: Hippowdon|Earthquake|p2a: Scizor
|-damage|p2a: Scizor|20/100
|
|-weather|Sandstorm|[upkeep]
|-heal|p1a: Hippowdon|83/100|[from] item: Leftovers
|upkeep
|turn|4
|
|t:|1781178371
|move|p2a: Scizor|U-turn|p1a: Hippowdon
|-resisted|p1a: Hippowdon
|-damage|p1a: Hippowdon|73/100
|
|t:|1781178375
|switch|p2a: Pelipper|Pelipper, F|100/100|[from] U-turn
|-weather|RainDance|[from] ability: Drizzle|[of] p2a: Pelipper
|move|p1a: Hippowdon|Stealth Rock|p2a: Pelipper
|-sidestart|p2: vegancrosfit|move: Stealth Rock
|
|-weather|RainDance|[upkeep]
|-heal|p1a: Hippowdon|80/100|[from] item: Leftovers
|upkeep
|turn|5
|
|t:|1781178379
|move|p1a: Hippowdon|Slack Off|p1a: Hippowdon
|-heal|p1a: Hippowdon|100/100
|move|p2a: Pelipper|U-turn|p1a: Hippowdon
|-resisted|p1a: Hippowdon
|-damage|p1a: Hippowdon|98/100
|
|t:|1781178389
|switch|p2a: Ogerpon|Ogerpon-Wellspring, F|95/100|[from] U-turn
|-damage|p2a: Ogerpon|82/100|[from] Stealth Rock
|
|-weather|RainDance|[upkeep]
|-heal|p1a: Hippowdon|100/100|[from] item: Leftovers
|upkeep
|turn|6
|
|t:|1781178394
|move|p2a: Ogerpon|Ivy Cudgel|p1a: Hippowdon|[anim] Ivy Cudgel Water
|-damage|p1a: Hippowdon|56/100
|move|p1a: Hippowdon|Slack Off|p1a: Hippowdon
|-heal|p1a: Hippowdon|100/100
|
|-weather|RainDance|[upkeep]
|upkeep
|turn|7
|
|t:|1781178399
|move|p2a: Ogerpon|Ivy Cudgel|p1a: Hippowdon|[anim] Ivy Cudgel Water
|-crit|p1a: Hippowdon
|-damage|p1a: Hippowdon|31/100
|move|p1a: Hippowdon|Earthquake|p2a: Ogerpon
|-resisted|p2a: Ogerpon
|-damage|p2a: Ogerpon|57/100
|
|-weather|RainDance|[upkeep]
|-heal|p1a: Hippowdon|37/100|[from] item: Leftovers
|upkeep
|turn|8
|
|t:|1781178405
|switch|p1a: Dragonite|Dragonite, F|100/100
|move|p2a: Ogerpon|Ivy Cudgel|p1a: Dragonite|[anim] Ivy Cudgel Water
|-resisted|p1a: Dragonite
|-damage|p1a: Dragonite|77/100
|
|-weather|RainDance|[upkeep]
|upkeep
|turn|9
|
|t:|1781178411
|move|p2a: Ogerpon|U-turn|p1a: Dragonite
|-resisted|p1a: Dragonite
|-damage|p1a: Dragonite|63/100
|
|t:|1781178414
|switch|p2a: Scizor|Scizor, M|20/100|[from] U-turn
|-damage|p2a: Scizor|8/100|[from] Stealth Rock
|move|p1a: Dragonite|Dragon Dance|p1a: Dragonite
|-boost|p1a: Dragonite|atk|1
|-boost|p1a: Dragonite|spe|1
|
|-weather|RainDance|[upkeep]
|upkeep
|turn|10
|
|t:|1781178420
|move|p1a: Dragonite|Extreme Speed|p2a: Scizor
|-resisted|p2a: Scizor
|-damage|p2a: Scizor|0 fnt
|faint|p2a: Scizor
|
|-weather|RainDance|[upkeep]
|upkeep
|
|t:|1781178430
|switch|p2a: Pelipper|Pelipper, F|100/100
|-damage|p2a: Pelipper|76/100|[from] Stealth Rock
|turn|11
|
|t:|1781178434
|move|p1a: Dragonite|Roost|p1a: Dragonite
|-heal|p1a: Dragonite|100/100
|-singleturn|p1a: Dragonite|move: Roost
|move|p2a: Pelipper|Feather Dance|p1a: Dragonite
|-unboost|p1a: Dragonite|atk|2
|
|-weather|none
|upkeep
|turn|12
|
|t:|1781178440
|switch|p1a: Primarina|Primarina, F|100/100
|move|p2a: Pelipper|U-turn|p1a: Primarina
|-resisted|p1a: Primarina
|-crit|p1a: Primarina
|-damage|p1a: Primarina|93/100
|
|t:|1781178446
|switch|p2a: Ogerpon|Ogerpon-Wellspring, F|57/100|[from] U-turn
|-damage|p2a: Ogerpon|45/100|[from] Stealth Rock
|
|upkeep
|turn|13
|
|t:|1781178450
|move|p2a: Ogerpon|Horn Leech|p1a: Primarina
|-supereffective|p1a: Primarina
|-damage|p1a: Primarina|0 fnt
|-heal|p2a: Ogerpon|100/100|[from] drain|[of] p1a: Primarina
|faint|p1a: Primarina
|
|upkeep
|
|t:|1781178455
|switch|p1a: Hippowdon|Hippowdon, M, tera:Steel|37/100
|-weather|Sandstorm|[from] ability: Sand Stream|[of] p1a: Hippowdon
|turn|14
|
|t:|1781178463
|move|p2a: Ogerpon|Superpower|p1a: Hippowdon
|-supereffective|p1a: Hippowdon
|-damage|p1a: Hippowdon|0 fnt
|-unboost|p2a: Ogerpon|atk|1
|-unboost|p2a: Ogerpon|def|1
|faint|p1a: Hippowdon
|
|-weather|Sandstorm|[upkeep]
|-damage|p2a: Ogerpon|95/100|[from] Sandstorm
|upkeep
|
|t:|1781178470
|switch|p1a: Dragonite|Dragonite, F|100/100
|turn|15
|
|t:|1781178476
|switch|p2a: Pelipper|Pelipper, F|76/100
|-damage|p2a: Pelipper|51/100|[from] Stealth Rock
|-weather|RainDance|[from] ability: Drizzle|[of] p2a: Pelipper
|move|p1a: Dragonite|Dragon Dance|p1a: Dragonite
|-boost|p1a: Dragonite|atk|1
|-boost|p1a: Dragonite|spe|1
|
|-weather|RainDance|[upkeep]
|upkeep
|turn|16
|
|t:|1781178483
|move|p1a: Dragonite|Extreme Speed|p2a: Pelipper
|-damage|p2a: Pelipper|14/100
|move|p2a: Pelipper|Feather Dance|p1a: Dragonite
|-unboost|p1a: Dragonite|atk|2
|
|-weather|RainDance|[upkeep]
|upkeep
|turn|17
|
|t:|1781178492
|move|p1a: Dragonite|Extreme Speed|p2a: Pelipper
|-damage|p2a: Pelipper|0 fnt
|faint|p2a: Pelipper
|
|-weather|RainDance|[upkeep]
|upkeep
|
|t:|1781178494
|switch|p2a: Barraskewda|Barraskewda, M|100/100
|-damage|p2a: Barraskewda|88/100|[from] Stealth Rock
|turn|18
|
|t:|1781178499
|move|p2a: Barraskewda|Flip Turn|p1a: Dragonite
|-resisted|p1a: Dragonite
|-damage|p1a: Dragonite|79/100
|
|t:|1781178502
|switch|p2a: Tornadus|Tornadus-Therian, M|100/100|[from] Flip Turn
|-damage|p2a: Tornadus|76/100|[from] Stealth Rock
|move|p1a: Dragonite|Earthquake|p2a: Tornadus
|-immune|p2a: Tornadus
|
|-weather|RainDance|[upkeep]
|upkeep
|turn|19
|
|t:|1781178511
|move|p1a: Dragonite|Roost|p1a: Dragonite
|-heal|p1a: Dragonite|100/100
|-singleturn|p1a: Dragonite|move: Roost
|move|p2a: Tornadus|Hurricane|p1a: Dragonite
|-damage|p1a: Dragonite|79/100
|
|-weather|RainDance|[upkeep]
|upkeep
|turn|20
|
|t:|1781178521
|move|p1a: Dragonite|Roost|p1a: Dragonite
|-heal|p1a: Dragonite|100/100
|-singleturn|p1a: Dragonite|move: Roost
|move|p2a: Tornadus|Hurricane|p1a: Dragonite
|-damage|p1a: Dragonite|80/100
|
|-weather|RainDance|[upkeep]
|upkeep
|turn|21
|
|t:|1781178526
|move|p1a: Dragonite|Extreme Speed|p2a: Tornadus
|-damage|p2a: Tornadus|51/100
|move|p2a: Tornadus|Hurricane|p1a: Dragonite
|-damage|p1a: Dragonite|37/100
|-start|p1a: Dragonite|confusion
|
|-weather|RainDance|[upkeep]
|upkeep
|turn|22
|
|t:|1781178532
|switch|p1a: Skarmory|Skarmory, F|100/100
|move|p2a: Tornadus|Hurricane|p1a: Skarmory
|-resisted|p1a: Skarmory
|-damage|p1a: Skarmory|73/100
|
|-weather|none
|-heal|p1a: Skarmory|79/100|[from] item: Leftovers
|upkeep
|turn|23
|
|t:|1781178536
|move|p2a: Tornadus|U-turn|p1a: Skarmory
|-resisted|p1a: Skarmory
|-damage|p1a: Skarmory|77/100
|
|t:|1781178539
|switch|p2a: Raging Bolt|Raging Bolt|100/100|[from] U-turn
|-damage|p2a: Raging Bolt|88/100|[from] Stealth Rock
|move|p1a: Skarmory|Spikes|p2a: Raging Bolt
|-sidestart|p2: vegancrosfit|Spikes
|
|-heal|p1a: Skarmory|83/100|[from] item: Leftovers
|upkeep
|turn|24
|
|t:|1781178546
|switch|p1a: Dragonite|Dragonite, F|37/100
|-terastallize|p2a: Raging Bolt|Electric
|move|p2a: Raging Bolt|Volt Switch|p1a: Dragonite
|-damage|p1a: Dragonite|0 fnt
|faint|p1a: Dragonite
|
|t:|1781178556
|-end|p2a: Raging Bolt|Protosynthesis|[silent]
|switch|p2a: Tornadus|Tornadus-Therian, M|84/100|[from] Volt Switch
|-damage|p2a: Tornadus|59/100|[from] Stealth Rock
|
|upkeep
|
|t:|1781178559
|switch|p1a: Skarmory|Skarmory, F|83/100
|turn|25
|
|t:|1781178564
|move|p2a: Tornadus|Dark Pulse|p1a: Skarmory
|-damage|p1a: Skarmory|54/100
|move|p1a: Skarmory|Roost|p1a: Skarmory
|-heal|p1a: Skarmory|100/100
|-singleturn|p1a: Skarmory|move: Roost
|
|upkeep
|turn|26
|
|t:|1781178568
|move|p2a: Tornadus|Dark Pulse|p1a: Skarmory
|-damage|p1a: Skarmory|75/100
|move|p1a: Skarmory|Body Press|p2a: Tornadus
|-resisted|p2a: Tornadus
|-damage|p2a: Tornadus|41/100
|
|-heal|p1a: Skarmory|81/100|[from] item: Leftovers
|upkeep
|turn|27
|
|t:|1781178575
|move|p2a: Tornadus|Dark Pulse|p1a: Skarmory
|-damage|p1a: Skarmory|54/100
|cant|p1a: Skarmory|flinch
|
|-heal|p1a: Skarmory|60/100|[from] item: Leftovers
|upkeep
|turn|28
|
|t:|1781178582
|move|p2a: Tornadus|U-turn|p1a: Skarmory
|-resisted|p1a: Skarmory
|-damage|p1a: Skarmory|58/100
|
|t:|1781178584
|switch|p2a: Raging Bolt|Raging Bolt, tera:Electric|88/100|[from] U-turn
|-damage|p2a: Raging Bolt|76/100|[from] Stealth Rock
|-damage|p2a: Raging Bolt|63/100|[from] Spikes
|move|p1a: Skarmory|Roost|p1a: Skarmory
|-heal|p1a: Skarmory|100/100
|-singleturn|p1a: Skarmory|move: Roost
|
|upkeep
|turn|29
|
|t:|1781178594
|move|p2a: Raging Bolt|Volt Switch|p1a: Skarmory
|-supereffective|p1a: Skarmory
|-ability|p1a: Skarmory|Sturdy
|-damage|p1a: Skarmory|1/100
|
|t:|1781178599
|-end|p2a: Raging Bolt|Protosynthesis|[silent]
|switch|p2a: Barraskewda|Barraskewda, M|88/100|[from] Volt Switch
|-damage|p2a: Barraskewda|76/100|[from] Stealth Rock
|-damage|p2a: Barraskewda|64/100|[from] Spikes
|move|p1a: Skarmory|Roost|p1a: Skarmory
|-heal|p1a: Skarmory|51/100
|-singleturn|p1a: Skarmory|move: Roost
|
|-heal|p1a: Skarmory|57/100|[from] item: Leftovers
|upkeep
|turn|30
|
|t:|1781178606
|move|p2a: Barraskewda|Flip Turn|p1a: Skarmory
|-damage|p1a: Skarmory|29/100
|
|t:|1781178609
|switch|p2a: Raging Bolt|Raging Bolt, tera:Electric|63/100|[from] Flip Turn
|-damage|p2a: Raging Bolt|51/100|[from] Stealth Rock
|-damage|p2a: Raging Bolt|39/100|[from] Spikes
|move|p1a: Skarmory|Roost|p1a: Skarmory
|-heal|p1a: Skarmory|79/100
|-singleturn|p1a: Skarmory|move: Roost
|
|-heal|p1a: Skarmory|85/100|[from] item: Leftovers
|upkeep
|turn|31
|
|t:|1781178616
|switch|p1a: Slowking|Slowking, M|100/100
|move|p2a: Raging Bolt|Volt Switch|p1a: Slowking
|-supereffective|p1a: Slowking
|-damage|p1a: Slowking|41/100
|
|t:|1781178624
|-end|p2a: Raging Bolt|Protosynthesis|[silent]
|switch|p2a: Ogerpon|Ogerpon-Wellspring, F|95/100|[from] Volt Switch
|-damage|p2a: Ogerpon|82/100|[from] Stealth Rock
|-damage|p2a: Ogerpon|70/100|[from] Spikes
|
|upkeep
|turn|32
|
|t:|1781178626
|switch|p1a: Zapdos|Zapdos|100/100
|move|p2a: Ogerpon|Horn Leech|p1a: Zapdos
|-resisted|p1a: Zapdos
|-damage|p1a: Zapdos|85/100
|-heal|p2a: Ogerpon|80/100|[from] drain|[of] p1a: Zapdos
|
|upkeep
|turn|33
|
|t:|1781178634
|switch|p2a: Tornadus|Tornadus-Therian, M|74/100
|-damage|p2a: Tornadus|49/100|[from] Stealth Rock
|move|p1a: Zapdos|Roost|p1a: Zapdos
|-heal|p1a: Zapdos|100/100
|-singleturn|p1a: Zapdos|move: Roost
|
|upkeep
|turn|34
|
|t:|1781178642
|move|p2a: Tornadus|Dark Pulse|p1a: Zapdos
|-damage|p1a: Zapdos|82/100
|move|p1a: Zapdos|Volt Switch|p2a: Tornadus
|-supereffective|p2a: Tornadus
|-damage|p2a: Tornadus|21/100
|
|t:|1781178648
|switch|p1a: Slowking|Slowking, M|74/100|[from] Volt Switch
|
|upkeep
|turn|35
|
|t:|1781178652
|switch|p1a: Zapdos|Zapdos|82/100
|move|p2a: Tornadus|U-turn|p1a: Zapdos
|-resisted|p1a: Zapdos
|-damage|p1a: Zapdos|77/100
|-status|p2a: Tornadus|par|[from] ability: Static|[of] p1a: Zapdos
|
|t:|1781178661
|switch|p2a: Barraskewda|Barraskewda, M|64/100|[from] U-turn
|-damage|p2a: Barraskewda|52/100|[from] Stealth Rock
|-damage|p2a: Barraskewda|40/100|[from] Spikes
|
|upkeep
|turn|36
|
|t:|1781178665
|move|p2a: Barraskewda|Liquidation|p1a: Zapdos
|-damage|p1a: Zapdos|25/100
|-unboost|p1a: Zapdos|def|1
|move|p1a: Zapdos|Roost|p1a: Zapdos
|-heal|p1a: Zapdos|75/100
|-singleturn|p1a: Zapdos|move: Roost
|
|upkeep
|turn|37
|
|t:|1781178670
|switch|p1a: Slowking|Slowking, M|100/100
|move|p2a: Barraskewda|Liquidation|p1a: Slowking
|-resisted|p1a: Slowking
|-damage|p1a: Slowking|62/100
|-unboost|p1a: Slowking|def|1
|
|upkeep
|turn|38
|
|t:|1781178677
|switch|p1a: Skarmory|Skarmory, F|85/100
|move|p2a: Barraskewda|Liquidation|p1a: Skarmory
|-damage|p1a: Skarmory|41/100
|-unboost|p1a: Skarmory|def|1
|
|-heal|p1a: Skarmory|47/100|[from] item: Leftovers
|upkeep
|turn|39
|
|t:|1781178680
|switch|p1a: Slowking|Slowking, M|95/100
|move|p2a: Barraskewda|Liquidation|p1a: Slowking
|-resisted|p1a: Slowking
|-damage|p1a: Slowking|58/100
|
|upkeep
|turn|40
|
|t:|1781178685
|move|p2a: Barraskewda|Liquidation|p1a: Slowking
|-resisted|p1a: Slowking
|-damage|p1a: Slowking|20/100
|move|p1a: Slowking|Slack Off|p1a: Slowking
|-heal|p1a: Slowking|70/100
|
|upkeep
|turn|41
|
|t:|1781178691
|switch|p2a: Raging Bolt|Raging Bolt, tera:Electric|39/100
|-damage|p2a: Raging Bolt|26/100|[from] Stealth Rock
|-damage|p2a: Raging Bolt|14/100|[from] Spikes
|move|p1a: Slowking|Slack Off|p1a: Slowking
|-heal|p1a: Slowking|100/100
|
|upkeep
|turn|42
|
|t:|1781178697
|move|p2a: Raging Bolt|Thunder|p1a: Slowking|[miss]
|-miss|p2a: Raging Bolt|p1a: Slowking
|move|p1a: Slowking|Slack Off||[still]
|-fail|p1a: Slowking|heal
|
|upkeep
|turn|43
|
|t:|1781178701
|switch|p1a: Skarmory|Skarmory, F|47/100
|move|p2a: Raging Bolt|Thunder|p1a: Skarmory
|-supereffective|p1a: Skarmory
|-damage|p1a: Skarmory|0 fnt
|faint|p1a: Skarmory
|
|upkeep
|
|t:|1781178707
|switch|p1a: Zapdos|Zapdos|75/100
|turn|44
|
|t:|1781178713
|move|p2a: Raging Bolt|Thunder|p1a: Zapdos
|-damage|p1a: Zapdos|15/100
|move|p1a: Zapdos|Heat Wave|p2a: Raging Bolt
|-damage|p2a: Raging Bolt|0 fnt
|faint|p2a: Raging Bolt
|-end|p2a: Raging Bolt|Protosynthesis|[silent]
|
|upkeep
|
|t:|1781178721
|switch|p2a: Ogerpon|Ogerpon-Wellspring, F|80/100
|-damage|p2a: Ogerpon|68/100|[from] Stealth Rock
|-damage|p2a: Ogerpon|55/100|[from] Spikes
|turn|45
|
|t:|1781178726
|switch|p1a: Slowking|Slowking, M|100/100
|move|p2a: Ogerpon|Ivy Cudgel|p1a: Slowking|[anim] Ivy Cudgel Water
|-resisted|p1a: Slowking
|-damage|p1a: Slowking|69/100
|
|upkeep
|turn|46
|
|t:|1781178729
|switch|p1a: Zapdos|Zapdos|15/100
|move|p2a: Ogerpon|Horn Leech|p1a: Zapdos
|-resisted|p1a: Zapdos
|-damage|p1a: Zapdos|0 fnt
|-heal|p2a: Ogerpon|64/100|[from] drain|[of] p1a: Zapdos
|faint|p1a: Zapdos
|
|upkeep
|
|t:|1781178732
|switch|p1a: Slowking|Slowking, M|100/100
|turn|47
|
|t:|1781178735
|move|p2a: Ogerpon|Horn Leech|p1a: Slowking
|-supereffective|p1a: Slowking
|-damage|p1a: Slowking|12/100
|-heal|p2a: Ogerpon|100/100|[from] drain|[of] p1a: Slowking
|move|p1a: Slowking|Slack Off|p1a: Slowking
|-heal|p1a: Slowking|62/100
|
|upkeep
|turn|48
|
|t:|1781178744
|move|p2a: Ogerpon|Horn Leech|p1a: Slowking
|-supereffective|p1a: Slowking
|-damage|p1a: Slowking|0 fnt
|faint|p1a: Slowking
|
|win|vegancrosfit
|raw|KurisuChestnutLab's rating: 1553 &rarr; <strong>1535</strong><br />(-18 for losing)
|raw|vegancrosfit's rating: 1583 &rarr; <strong>1601</strong><br />(+18 for winning)
