|badge|p2|bronze|gen9randombattle|100-9
|badge|p2|bronze|gen9ubers|100-9
|uhtml|medal-msg|<div class="broadcast-blue">Curious what those medals under the avatar are? PS now has Ladder Seasons! For more information, check out the <a href="https://www.smogon.com/forums/threads/3740067/">thread on Smogon.</a></div>
|j|☆smoldracovish
|j|☆oddishlover4
|t:|1780972161
|gametype|singles
|player|p1|smoldracovish|169|1539
|player|p2|oddishlover4|acetrainerf|1626
|gen|9
|tier|[Gen 9] OU
|rated|
|rule|HP Percentage Mod: HP is shown in percentages
|rule|Endless Battle Clause: Forcing endless battles is banned
|rule|Species Clause: Limit one of each Pokémon
|rule|OHKO Clause: OHKO moves are banned
|rule|Evasion Items Clause: Evasion items are banned
|rule|Evasion Moves Clause: Evasion moves are banned
|rule|Evasion Abilities Clause: Evasion abilities are banned
|rule|Sleep Moves Clause: Sleep-inducing moves are banned
|clearpoke
|poke|p1|Gliscor, M|
|poke|p1|Alomomola, F|
|poke|p1|Pecharunt|
|poke|p1|Great Tusk|
|poke|p1|Iron Crown|
|poke|p1|Lokix, F|
|poke|p2|Dragapult, M|
|poke|p2|Gliscor, F|
|poke|p2|Ogerpon-Wellspring, F|
|poke|p2|Iron Crown|
|poke|p2|Ting-Lu|
|poke|p2|Kingambit, M|
|teampreview
|
|t:|1780972180
|teamsize|p1|6
|teamsize|p2|6
|start
|switch|p1a: Lokix|Lokix, F|100/100
|switch|p2a: Iron Crown|Iron Crown|100/100
|-enditem|p2a: Iron Crown|Booster Energy
|-activate|p2a: Iron Crown|ability: Quark Drive|[fromitem]
|-start|p2a: Iron Crown|quarkdrivespe
|turn|1
|c|☆oddishlover4|gl/hf!
|inactive|Battle timer is ON: inactive players will automatically lose when time's up. (requested by oddishlover4)
|
|t:|1780972205
|switch|p1a: Alomomonguss|Alomomola, F|100/100
|move|p2a: Iron Crown|Tachyon Cutter|p1a: Alomomonguss
|-resisted|p1a: Alomomonguss
|-damage|p1a: Alomomonguss|95/100
|-resisted|p1a: Alomomonguss
|-damage|p1a: Alomomonguss|89/100
|-hitcount|p1a: Alomomonguss|2
|
|upkeep
|turn|2
|c|☆smoldracovish|u2
|
|t:|1780972223
|move|p2a: Iron Crown|Calm Mind|p2a: Iron Crown
|-boost|p2a: Iron Crown|spa|1
|-boost|p2a: Iron Crown|spd|1
|move|p1a: Alomomonguss|Body Slam|p2a: Iron Crown
|-resisted|p2a: Iron Crown
|-damage|p2a: Iron Crown|92/100
|
|upkeep
|turn|3
|
|t:|1780972240
|-end|p2a: Iron Crown|Quark Drive|[silent]
|switch|p2a: Ogerpon|Ogerpon-Wellspring, F|100/100
|move|p1a: Alomomonguss|Body Slam|p2a: Ogerpon
|-damage|p2a: Ogerpon|78/100
|-status|p2a: Ogerpon|par
|
|upkeep
|turn|4
|
|t:|1780972258
|switch|p1a: Pecharunt|Pecharunt|100/100
|move|p2a: Ogerpon|Knock Off|p1a: Pecharunt
|-supereffective|p1a: Pecharunt
|-damage|p1a: Pecharunt|62/100
|-enditem|p1a: Pecharunt|Heavy-Duty Boots|[from] move: Knock Off|[of] p2a: Ogerpon
|
|upkeep
|turn|5
|inactive|oddishlover4 has 120 seconds left.
|
|t:|1780972275
|switch|p2a: Gliscor|Gliscor, F|100/100
|move|p1a: Pecharunt|Recover|p1a: Pecharunt
|-heal|p1a: Pecharunt|100/100
|
|-status|p2a: Gliscor|tox|[from] item: Toxic Orb
|upkeep
|turn|6
|inactive|oddishlover4 has 120 seconds left.
|
|t:|1780972293
|move|p1a: Pecharunt|Parting Shot|p2a: Gliscor
|-unboost|p2a: Gliscor|atk|1
|-unboost|p2a: Gliscor|spa|1
|
|t:|1780972304
|switch|p1a: Great Tusk|Great Tusk|100/100|[from] Parting Shot
|move|p2a: Gliscor|Toxic Spikes|p1a: Great Tusk
|-sidestart|p1: smoldracovish|move: Toxic Spikes
|
|upkeep
|turn|7
|inactive|oddishlover4 has 120 seconds left.
|
|t:|1780972321
|move|p1a: Great Tusk|Stealth Rock|p2a: Gliscor
|-sidestart|p2: oddishlover4|move: Stealth Rock
|move|p2a: Gliscor|Toxic|p1a: Great Tusk
|-status|p1a: Great Tusk|tox
|
|-damage|p1a: Great Tusk|94/100 tox|[from] psn
|upkeep
|turn|8
|inactive|oddishlover4 has 120 seconds left.
|
|t:|1780972339
|switch|p2a: Iron Crown|Iron Crown|92/100
|-damage|p2a: Iron Crown|86/100|[from] Stealth Rock
|move|p1a: Great Tusk|Ice Spinner|p2a: Iron Crown
|-resisted|p2a: Iron Crown
|-damage|p2a: Iron Crown|73/100
|
|-damage|p1a: Great Tusk|82/100 tox|[from] psn
|upkeep
|turn|9
|
|t:|1780972363
|move|p2a: Iron Crown|Psychic|p1a: Great Tusk
|-supereffective|p1a: Great Tusk
|-damage|p1a: Great Tusk|0 fnt
|faint|p1a: Great Tusk
|-end|p1a: Great Tusk|Protosynthesis|[silent]
|
|upkeep
|
|t:|1780972369
|switch|p1a: Pecharunt|Pecharunt|100/100
|-sideend|p1: smoldracovish|move: Toxic Spikes|[of] p1a: Pecharunt
|turn|10
|
|t:|1780972386
|-end|p2a: Iron Crown|Quark Drive|[silent]
|switch|p2a: Dragapult|Dragapult, M|100/100
|switch|p1a: Alomomonguss|Alomomola, F|100/100
|
|upkeep
|turn|11
|
|t:|1780972411
|move|p2a: Dragapult|Will-O-Wisp|p1a: Alomomonguss
|-status|p1a: Alomomonguss|brn
|move|p1a: Alomomonguss|Mirror Coat||[still]
|-fail|p1a: Alomomonguss
|
|-damage|p1a: Alomomonguss|94/100 brn|[from] brn
|upkeep
|turn|12
|
|t:|1780972428
|move|p2a: Dragapult|U-turn|p1a: Alomomonguss
|-damage|p1a: Alomomonguss|79/100 brn
|inactive|oddishlover4 has 90 seconds left.
|
|t:|1780972445
|switch|p2a: Ogerpon|Ogerpon-Wellspring, F|78/100 par|[from] U-turn
|-damage|p2a: Ogerpon|65/100 par|[from] Stealth Rock
|move|p1a: Alomomonguss|Body Slam|p2a: Ogerpon
|-damage|p2a: Ogerpon|54/100 par
|
|-damage|p1a: Alomomonguss|73/100 brn|[from] brn
|upkeep
|turn|13
|inactive|oddishlover4 has 90 seconds left.
|
|t:|1780972462
|switch|p1a: Pecharunt|Pecharunt|100/100
|move|p2a: Ogerpon|Ivy Cudgel|p1a: Pecharunt|[anim] Ivy Cudgel Water
|-damage|p1a: Pecharunt|68/100
|
|upkeep
|turn|14
|
|t:|1780972480
|move|p1a: Pecharunt|Parting Shot|p2a: Ogerpon
|-unboost|p2a: Ogerpon|atk|1
|-unboost|p2a: Ogerpon|spa|1
|
|t:|1780972489
|switch|p1a: Alomomonguss|Alomomola, F|100/100 brn|[from] Parting Shot
|move|p2a: Ogerpon|U-turn|p1a: Alomomonguss
|-damage|p1a: Alomomonguss|87/100 brn
|
|t:|1780972506
|switch|p2a: Dragapult|Dragapult, M|100/100|[from] U-turn
|
|-damage|p1a: Alomomonguss|81/100 brn|[from] brn
|upkeep
|turn|15
|
|t:|1780972523
|move|p2a: Dragapult|U-turn|p1a: Alomomonguss
|-damage|p1a: Alomomonguss|65/100 brn
|inactive|oddishlover4 has 60 seconds left.
|
|t:|1780972540
|switch|p2a: Ting-Lu|Ting-Lu|100/100|[from] U-turn
|-damage|p2a: Ting-Lu|94/100|[from] Stealth Rock
|-ability|p2a: Ting-Lu|Vessel of Ruin
|move|p1a: Alomomonguss|Mirror Coat||[still]
|-fail|p1a: Alomomonguss
|
|-damage|p1a: Alomomonguss|59/100 brn|[from] brn
|upkeep
|turn|16
|inactive|oddishlover4 has 60 seconds left.
|
|t:|1780972558
|switch|p1a: Gliscor|Gliscor, M|100/100
|move|p2a: Ting-Lu|Stealth Rock|p1a: Gliscor
|-sidestart|p1: smoldracovish|move: Stealth Rock
|
|-status|p1a: Gliscor|tox|[from] item: Toxic Orb
|upkeep
|turn|17
|
|t:|1780972575
|move|p1a: Gliscor|Spikes|p2a: Ting-Lu
|-sidestart|p2: oddishlover4|Spikes
|move|p2a: Ting-Lu|Ruination|p1a: Gliscor
|-damage|p1a: Gliscor|50/100 tox
|
|-heal|p1a: Gliscor|63/100 tox|[from] ability: Poison Heal
|upkeep
|turn|18
|
|t:|1780972584
|move|p1a: Gliscor|Toxic|p2a: Ting-Lu
|-status|p2a: Ting-Lu|tox
|move|p2a: Ting-Lu|Ruination|p1a: Gliscor
|-damage|p1a: Gliscor|32/100 tox
|
|-heal|p1a: Gliscor|44/100 tox|[from] ability: Poison Heal
|-damage|p2a: Ting-Lu|88/100 tox|[from] psn
|upkeep
|turn|19
|
|t:|1780972593
|switch|p2a: Kingambit|Kingambit, M|100/100
|-damage|p2a: Kingambit|94/100|[from] Stealth Rock
|-item|p2a: Kingambit|Air Balloon
|move|p1a: Gliscor|Spikes|p2a: Kingambit
|-sidestart|p2: oddishlover4|Spikes
|
|-heal|p1a: Gliscor|57/100 tox|[from] ability: Poison Heal
|upkeep
|turn|20
|inactive|oddishlover4 has 60 seconds left.
|
|t:|1780972610
|switch|p1a: Pecharunt|Pecharunt|68/100
|-damage|p1a: Pecharunt|56/100|[from] Stealth Rock
|move|p2a: Kingambit|Swords Dance|p2a: Kingambit
|-boost|p2a: Kingambit|atk|2
|
|upkeep
|turn|21
|inactive|oddishlover4 has 60 seconds left.
|
|t:|1780972627
|-terastallize|p1a: Pecharunt|Dark
|move|p1a: Pecharunt|Foul Play|p2a: Kingambit
|-resisted|p2a: Kingambit
|-damage|p2a: Kingambit|49/100
|-enditem|p2a: Kingambit|Air Balloon
|move|p2a: Kingambit|Kowtow Cleave|p1a: Pecharunt
|-resisted|p1a: Pecharunt
|-damage|p1a: Pecharunt|32/100
|
|upkeep
|turn|22
|inactive|oddishlover4 has 60 seconds left.
|
|t:|1780972636
|move|p1a: Pecharunt|Recover|p1a: Pecharunt
|-heal|p1a: Pecharunt|82/100
|move|p2a: Kingambit|Kowtow Cleave|p1a: Pecharunt
|-resisted|p1a: Pecharunt
|-damage|p1a: Pecharunt|57/100
|
|upkeep
|turn|23
|
|t:|1780972645
|-end|p2a: Kingambit|fallenundefined|[silent]
|switch|p2a: Gliscor|Gliscor, F|100/100 tox
|-damage|p2a: Gliscor|88/100 tox|[from] Stealth Rock
|move|p1a: Pecharunt|Foul Play|p2a: Gliscor
|-damage|p2a: Gliscor|62/100 tox
|
|-heal|p2a: Gliscor|75/100 tox|[from] ability: Poison Heal
|upkeep
|turn|24
|
|t:|1780972654
|move|p2a: Gliscor|Toxic|p1a: Pecharunt
|-status|p1a: Pecharunt|tox
|move|p1a: Pecharunt|Parting Shot|p2a: Gliscor
|-unboost|p2a: Gliscor|atk|1
|-unboost|p2a: Gliscor|spa|1
|
|t:|1780972664
|switch|p1a: Iron Crown|Iron Crown|100/100|[from] Parting Shot
|-damage|p1a: Iron Crown|94/100|[from] Stealth Rock
|
|-heal|p2a: Gliscor|87/100 tox|[from] ability: Poison Heal
|upkeep
|turn|25
|
|t:|1780972682
|move|p1a: Iron Crown|Tachyon Cutter|p2a: Gliscor
|-damage|p2a: Gliscor|51/100 tox
|-damage|p2a: Gliscor|19/100 tox
|-hitcount|p2a: Gliscor|2
|move|p2a: Gliscor|Earthquake|p1a: Iron Crown
|-supereffective|p1a: Iron Crown
|-crit|p1a: Iron Crown
|-damage|p1a: Iron Crown|0 fnt
|faint|p1a: Iron Crown
|-end|p1a: Iron Crown|Quark Drive|[silent]
|
|-heal|p2a: Gliscor|31/100 tox|[from] ability: Poison Heal
|upkeep
|
|t:|1780972697
|switch|p1a: Lokix|Lokix, F|100/100
|-damage|p1a: Lokix|76/100|[from] Stealth Rock
|turn|26
|
|t:|1780972714
|move|p2a: Gliscor|Protect|p2a: Gliscor
|-singleturn|p2a: Gliscor|Protect
|move|p1a: Lokix|Leech Life|p2a: Gliscor
|-activate|p2a: Gliscor|move: Protect
|
|-heal|p2a: Gliscor|44/100 tox|[from] ability: Poison Heal
|upkeep
|turn|27
|
|t:|1780972731
|switch|p2a: Ogerpon|Ogerpon-Wellspring, F|54/100 par
|-damage|p2a: Ogerpon|42/100 par|[from] Stealth Rock
|-damage|p2a: Ogerpon|25/100 par|[from] Spikes
|move|p1a: Lokix|Leech Life|p2a: Ogerpon
|-supereffective|p2a: Ogerpon
|-damage|p2a: Ogerpon|0 fnt
|-heal|p1a: Lokix|89/100|[from] drain|[of] p2a: Ogerpon
|faint|p2a: Ogerpon
|
|upkeep
|inactive|oddishlover4 has 60 seconds left.
|
|t:|1780972749
|switch|p2a: Dragapult|Dragapult, M|100/100
|turn|28
|inactive|oddishlover4 has 60 seconds left.
|
|t:|1780972766
|switch|p1a: Alomomonguss|Alomomola, F|93/100 brn
|-damage|p1a: Alomomonguss|80/100 brn|[from] Stealth Rock
|move|p2a: Dragapult|U-turn|p1a: Alomomonguss
|-crit|p1a: Alomomonguss
|-damage|p1a: Alomomonguss|60/100 brn
|
|t:|1780972783
|switch|p2a: Gliscor|Gliscor, F|44/100 tox|[from] U-turn
|-damage|p2a: Gliscor|31/100 tox|[from] Stealth Rock
|
|-heal|p2a: Gliscor|44/100 tox|[from] ability: Poison Heal
|-damage|p1a: Alomomonguss|53/100 brn|[from] brn
|upkeep
|turn|29
|
|t:|1780972792
|switch|p1a: Gliscor|Gliscor, M|57/100 tox
|-damage|p1a: Gliscor|44/100 tox|[from] Stealth Rock
|move|p2a: Gliscor|Protect||[still]
|-fail|p2a: Gliscor
|
|-heal|p1a: Gliscor|57/100 tox|[from] ability: Poison Heal
|-heal|p2a: Gliscor|56/100 tox|[from] ability: Poison Heal
|upkeep
|turn|30
|
|t:|1780972801
|move|p1a: Gliscor|Spikes|p2a: Gliscor
|-sidestart|p2: oddishlover4|Spikes
|move|p2a: Gliscor|Toxic Spikes|p1a: Gliscor
|-sidestart|p1: smoldracovish|move: Toxic Spikes
|
|-heal|p1a: Gliscor|69/100 tox|[from] ability: Poison Heal
|-heal|p2a: Gliscor|69/100 tox|[from] ability: Poison Heal
|upkeep
|turn|31
|
|t:|1780972815
|move|p1a: Gliscor|Protect|p1a: Gliscor
|-singleturn|p1a: Gliscor|Protect
|move|p2a: Gliscor|Protect||[still]
|-fail|p2a: Gliscor
|
|-heal|p2a: Gliscor|81/100 tox|[from] ability: Poison Heal
|-heal|p1a: Gliscor|82/100 tox|[from] ability: Poison Heal
|upkeep
|turn|32
|inactive|oddishlover4 has 60 seconds left.
|
|t:|1780972824
|move|p1a: Gliscor|Earthquake|p2a: Gliscor
|-immune|p2a: Gliscor
|move|p2a: Gliscor|Toxic Spikes|p1a: Gliscor
|-sidestart|p1: smoldracovish|move: Toxic Spikes
|
|-heal|p2a: Gliscor|94/100 tox|[from] ability: Poison Heal
|-heal|p1a: Gliscor|94/100 tox|[from] ability: Poison Heal
|upkeep
|turn|33
|
|t:|1780972833
|switch|p1a: Alomomonguss|Alomomola, F|87/100 brn
|-damage|p1a: Alomomonguss|74/100 brn|[from] Stealth Rock
|move|p2a: Gliscor|Earthquake|p1a: Alomomonguss
|-crit|p1a: Alomomonguss
|-damage|p1a: Alomomonguss|35/100 brn
|
|-heal|p2a: Gliscor|100/100 tox|[from] ability: Poison Heal
|-damage|p1a: Alomomonguss|29/100 brn|[from] brn
|upkeep
|turn|34
|inactive|oddishlover4 has 60 seconds left.
|
|t:|1780972851
|switch|p1a: Gliscor|Gliscor, M|94/100 tox
|-damage|p1a: Gliscor|82/100 tox|[from] Stealth Rock
|move|p2a: Gliscor|Earthquake|p1a: Gliscor
|-immune|p1a: Gliscor
|
|-heal|p1a: Gliscor|94/100 tox|[from] ability: Poison Heal
|upkeep
|turn|35
|
|t:|1780972861
|move|p1a: Gliscor|Spikes||[still]
|-fail|p1a: Gliscor
|move|p2a: Gliscor|Earthquake|p1a: Gliscor
|-immune|p1a: Gliscor
|
|-heal|p1a: Gliscor|100/100 tox|[from] ability: Poison Heal
|upkeep
|turn|36
|
|t:|1780972870
|move|p2a: Gliscor|Earthquake|p1a: Gliscor
|-immune|p1a: Gliscor
|move|p1a: Gliscor|Toxic|p2a: Gliscor
|-fail|p2a: Gliscor|tox
|
|upkeep
|turn|37
|
|t:|1780972879
|switch|p2a: Iron Crown|Iron Crown|73/100
|-damage|p2a: Iron Crown|67/100|[from] Stealth Rock
|-damage|p2a: Iron Crown|42/100|[from] Spikes
|move|p1a: Gliscor|Spikes||[still]
|-fail|p1a: Gliscor
|
|upkeep
|turn|38
|
|t:|1780972888
|-end|p2a: Iron Crown|Quark Drive|[silent]
|switch|p2a: Gliscor|Gliscor, F|100/100 tox
|-damage|p2a: Gliscor|88/100 tox|[from] Stealth Rock
|switch|p1a: Alomomonguss|Alomomola, F|62/100 brn
|-damage|p1a: Alomomonguss|50/100 brn|[from] Stealth Rock
|
|-heal|p2a: Gliscor|100/100 tox|[from] ability: Poison Heal
|-damage|p1a: Alomomonguss|44/100 brn|[from] brn
|upkeep
|turn|39
|
|t:|1780972906
|switch|p1a: Gliscor|Gliscor, M|100/100 tox
|-damage|p1a: Gliscor|88/100 tox|[from] Stealth Rock
|move|p2a: Gliscor|Earthquake|p1a: Gliscor
|-immune|p1a: Gliscor
|
|-heal|p1a: Gliscor|100/100 tox|[from] ability: Poison Heal
|upkeep
|turn|40
|
|t:|1780972914
|move|p1a: Gliscor|Toxic|p2a: Gliscor
|-fail|p2a: Gliscor|tox
|move|p2a: Gliscor|Earthquake|p1a: Gliscor
|-immune|p1a: Gliscor
|
|upkeep
|turn|41
|
|t:|1780972923
|move|p2a: Gliscor|Earthquake|p1a: Gliscor
|-immune|p1a: Gliscor
|move|p1a: Gliscor|Spikes||[still]
|-fail|p1a: Gliscor
|
|upkeep
|turn|42
|inactive|oddishlover4 has 90 seconds left.
|
|t:|1780972932
|move|p2a: Gliscor|Earthquake|p1a: Gliscor
|-immune|p1a: Gliscor
|move|p1a: Gliscor|Spikes||[still]
|-fail|p1a: Gliscor
|
|upkeep
|turn|43
|
|t:|1780972940
|move|p2a: Gliscor|Earthquake|p1a: Gliscor
|-immune|p1a: Gliscor
|move|p1a: Gliscor|Toxic|p2a: Gliscor|[miss]
|-miss|p1a: Gliscor|p2a: Gliscor
|
|upkeep
|turn|44
|
|t:|1780972949
|move|p2a: Gliscor|Earthquake|p1a: Gliscor
|-immune|p1a: Gliscor
|move|p1a: Gliscor|Spikes||[still]
|-fail|p1a: Gliscor
|
|upkeep
|turn|45
|
|t:|1780972958
|move|p1a: Gliscor|Protect|p1a: Gliscor
|-singleturn|p1a: Gliscor|Protect
|move|p2a: Gliscor|Earthquake|p1a: Gliscor
|-activate|p1a: Gliscor|move: Protect
|
|upkeep
|turn|46
|
|t:|1780972967
|move|p2a: Gliscor|Earthquake|p1a: Gliscor
|-immune|p1a: Gliscor
|move|p1a: Gliscor|Spikes||[still]
|-fail|p1a: Gliscor
|
|upkeep
|turn|47
|
|t:|1780972975
|move|p1a: Gliscor|Spikes||[still]
|-fail|p1a: Gliscor
|move|p2a: Gliscor|Earthquake|p1a: Gliscor
|-immune|p1a: Gliscor
|
|upkeep
|turn|48
|inactive|oddishlover4 has 120 seconds left.
|
|t:|1780972988
|move|p2a: Gliscor|Earthquake|p1a: Gliscor
|-immune|p1a: Gliscor
|move|p1a: Gliscor|Spikes||[still]
|-fail|p1a: Gliscor
|
|upkeep
|turn|49
|
|t:|1780972996
|switch|p2a: Dragapult|Dragapult, M|100/100
|move|p1a: Gliscor|Toxic|p2a: Dragapult
|-status|p2a: Dragapult|tox
|
|-damage|p2a: Dragapult|95/100 tox|[from] psn
|upkeep
|turn|50
|
|t:|1780973007
|switch|p2a: Gliscor|Gliscor, F|100/100 tox
|-damage|p2a: Gliscor|88/100 tox|[from] Stealth Rock
|move|p1a: Gliscor|Protect||[still]
|-fail|p1a: Gliscor
|
|-heal|p2a: Gliscor|100/100 tox|[from] ability: Poison Heal
|upkeep
|turn|51
|
|t:|1780973015
|switch|p1a: Alomomonguss|Alomomola, F|77/100 brn
|-damage|p1a: Alomomonguss|65/100 brn|[from] Stealth Rock
|move|p2a: Gliscor|Toxic||[still]
|-fail|p2a: Gliscor
|
|-damage|p1a: Alomomonguss|59/100 brn|[from] brn
|upkeep
|turn|52
|
|t:|1780973033
|move|p2a: Gliscor|Toxic Spikes||[still]
|-fail|p2a: Gliscor
|move|p1a: Alomomonguss|Flip Turn|p2a: Gliscor
|-supereffective|p2a: Gliscor
|-damage|p2a: Gliscor|86/100 tox
|
|t:|1780973039
|switch|p1a: Pecharunt|Pecharunt, tera:Dark|57/100 tox|[from] Flip Turn
|-damage|p1a: Pecharunt|45/100 tox|[from] Stealth Rock
|
|-damage|p1a: Pecharunt|39/100 tox|[from] psn
|-heal|p2a: Gliscor|98/100 tox|[from] ability: Poison Heal
|upkeep
|turn|53
|
|t:|1780973048
|move|p1a: Pecharunt|Recover|p1a: Pecharunt
|-heal|p1a: Pecharunt|89/100 tox
|move|p2a: Gliscor|Toxic|p1a: Pecharunt
|-fail|p1a: Pecharunt|tox
|
|-damage|p1a: Pecharunt|77/100 tox|[from] psn
|-heal|p2a: Gliscor|100/100 tox|[from] ability: Poison Heal
|upkeep
|turn|54
|
|t:|1780973061
|move|p2a: Gliscor|Protect|p2a: Gliscor
|-singleturn|p2a: Gliscor|Protect
|move|p1a: Pecharunt|Parting Shot|p2a: Gliscor
|-activate|p2a: Gliscor|move: Protect
|
|-damage|p1a: Pecharunt|59/100 tox|[from] psn
|upkeep
|turn|55
|
|t:|1780973070
|switch|p1a: Gliscor|Gliscor, M|100/100 tox
|-damage|p1a: Gliscor|88/100 tox|[from] Stealth Rock
|move|p2a: Gliscor|Toxic Spikes||[still]
|-fail|p2a: Gliscor
|
|-heal|p1a: Gliscor|100/100 tox|[from] ability: Poison Heal
|upkeep
|turn|56
|
|t:|1780973079
|switch|p1a: Alomomonguss|Alomomola, F|92/100 brn
|-damage|p1a: Alomomonguss|80/100 brn|[from] Stealth Rock
|move|p2a: Gliscor|Protect||[still]
|-fail|p2a: Gliscor
|
|-damage|p1a: Alomomonguss|73/100 brn|[from] brn
|upkeep
|turn|57
|
|t:|1780973087
|move|p2a: Gliscor|Toxic Spikes||[still]
|-fail|p2a: Gliscor
|move|p1a: Alomomonguss|Flip Turn|p2a: Gliscor
|-supereffective|p2a: Gliscor
|-damage|p2a: Gliscor|87/100 tox
|
|t:|1780973090
|switch|p1a: Gliscor|Gliscor, M|100/100 tox|[from] Flip Turn
|-damage|p1a: Gliscor|88/100 tox|[from] Stealth Rock
|
|-heal|p2a: Gliscor|99/100 tox|[from] ability: Poison Heal
|-heal|p1a: Gliscor|100/100 tox|[from] ability: Poison Heal
|upkeep
|turn|58
|
|t:|1780973098
|switch|p1a: Alomomonguss|Alomomola, F|100/100 brn
|-damage|p1a: Alomomonguss|88/100 brn|[from] Stealth Rock
|move|p2a: Gliscor|Earthquake|p1a: Alomomonguss
|-damage|p1a: Alomomonguss|64/100 brn
|
|-heal|p2a: Gliscor|100/100 tox|[from] ability: Poison Heal
|-damage|p1a: Alomomonguss|58/100 brn|[from] brn
|upkeep
|turn|59
|
|t:|1780973107
|move|p2a: Gliscor|Toxic|p1a: Alomomonguss|[miss]
|-miss|p2a: Gliscor|p1a: Alomomonguss
|move|p1a: Alomomonguss|Flip Turn|p2a: Gliscor
|-supereffective|p2a: Gliscor
|-damage|p2a: Gliscor|87/100 tox
|
|t:|1780973109
|switch|p1a: Gliscor|Gliscor, M|100/100 tox|[from] Flip Turn
|-damage|p1a: Gliscor|88/100 tox|[from] Stealth Rock
|
|-heal|p1a: Gliscor|100/100 tox|[from] ability: Poison Heal
|-heal|p2a: Gliscor|99/100 tox|[from] ability: Poison Heal
|upkeep
|turn|60
|
|t:|1780973118
|move|p1a: Gliscor|Earthquake|p2a: Gliscor
|-immune|p2a: Gliscor
|move|p2a: Gliscor|Toxic|p1a: Gliscor
|-fail|p1a: Gliscor|tox
|
|-heal|p2a: Gliscor|100/100 tox|[from] ability: Poison Heal
|upkeep
|turn|61
|
|t:|1780973127
|switch|p1a: Alomomonguss|Alomomola, F|92/100 brn
|-damage|p1a: Alomomonguss|79/100 brn|[from] Stealth Rock
|move|p2a: Gliscor|Toxic||[still]
|-fail|p2a: Gliscor
|
|-damage|p1a: Alomomonguss|73/100 brn|[from] brn
|upkeep
|turn|62
|
|t:|1780973135
|move|p2a: Gliscor|Toxic|p1a: Alomomonguss|[miss]
|-miss|p2a: Gliscor|p1a: Alomomonguss
|move|p1a: Alomomonguss|Flip Turn|p2a: Gliscor
|-supereffective|p2a: Gliscor
|-damage|p2a: Gliscor|87/100 tox
|
|t:|1780973137
|switch|p1a: Gliscor|Gliscor, M|100/100 tox|[from] Flip Turn
|-damage|p1a: Gliscor|88/100 tox|[from] Stealth Rock
|
|-heal|p1a: Gliscor|100/100 tox|[from] ability: Poison Heal
|-heal|p2a: Gliscor|99/100 tox|[from] ability: Poison Heal
|upkeep
|turn|63
|
|t:|1780973146
|switch|p1a: Alomomonguss|Alomomola, F|100/100 brn
|-damage|p1a: Alomomonguss|88/100 brn|[from] Stealth Rock
|move|p2a: Gliscor|Toxic Spikes||[still]
|-fail|p2a: Gliscor
|
|-heal|p2a: Gliscor|100/100 tox|[from] ability: Poison Heal
|-damage|p1a: Alomomonguss|82/100 brn|[from] brn
|upkeep
|turn|64
|
|t:|1780973155
|move|p2a: Gliscor|Toxic Spikes||[still]
|-fail|p2a: Gliscor
|move|p1a: Alomomonguss|Flip Turn|p2a: Gliscor
|-supereffective|p2a: Gliscor
|-damage|p2a: Gliscor|86/100 tox
|
|t:|1780973157
|switch|p1a: Gliscor|Gliscor, M|100/100 tox|[from] Flip Turn
|-damage|p1a: Gliscor|88/100 tox|[from] Stealth Rock
|
|-heal|p1a: Gliscor|100/100 tox|[from] ability: Poison Heal
|-heal|p2a: Gliscor|99/100 tox|[from] ability: Poison Heal
|upkeep
|turn|65
|
|t:|1780973166
|switch|p1a: Alomomonguss|Alomomola, F|100/100 brn
|-damage|p1a: Alomomonguss|88/100 brn|[from] Stealth Rock
|move|p2a: Gliscor|Protect||[still]
|-fail|p2a: Gliscor
|
|-heal|p2a: Gliscor|100/100 tox|[from] ability: Poison Heal
|-damage|p1a: Alomomonguss|82/100 brn|[from] brn
|upkeep
|turn|66
|
|t:|1780973174
|move|p2a: Gliscor|Protect|p2a: Gliscor
|-singleturn|p2a: Gliscor|Protect
|move|p1a: Alomomonguss|Flip Turn|p2a: Gliscor
|-activate|p2a: Gliscor|move: Protect
|
|-damage|p1a: Alomomonguss|76/100 brn|[from] brn
|upkeep
|turn|67
|
|t:|1780973183
|move|p2a: Gliscor|Toxic Spikes||[still]
|-fail|p2a: Gliscor
|move|p1a: Alomomonguss|Flip Turn|p2a: Gliscor
|-supereffective|p2a: Gliscor
|-damage|p2a: Gliscor|87/100 tox
|
|t:|1780973185
|switch|p1a: Pecharunt|Pecharunt, tera:Dark|59/100 tox|[from] Flip Turn
|-damage|p1a: Pecharunt|46/100 tox|[from] Stealth Rock
|
|-heal|p2a: Gliscor|99/100 tox|[from] ability: Poison Heal
|-damage|p1a: Pecharunt|40/100 tox|[from] psn
|upkeep
|turn|68
|
|t:|1780973194
|move|p2a: Gliscor|Toxic Spikes||[still]
|-fail|p2a: Gliscor
|move|p1a: Pecharunt|Recover|p1a: Pecharunt
|-heal|p1a: Pecharunt|90/100 tox
|
|-heal|p2a: Gliscor|100/100 tox|[from] ability: Poison Heal
|-damage|p1a: Pecharunt|78/100 tox|[from] psn
|upkeep
|turn|69
|
|t:|1780973203
|switch|p1a: Gliscor|Gliscor, M|100/100 tox
|-damage|p1a: Gliscor|88/100 tox|[from] Stealth Rock
|move|p2a: Gliscor|Toxic|p1a: Gliscor
|-fail|p1a: Gliscor|tox
|
|-heal|p1a: Gliscor|100/100 tox|[from] ability: Poison Heal
|upkeep
|turn|70
|
|t:|1780973212
|switch|p1a: Alomomonguss|Alomomola, F|100/100 brn
|-damage|p1a: Alomomonguss|88/100 brn|[from] Stealth Rock
|move|p2a: Gliscor|Toxic Spikes||[still]
|-fail|p2a: Gliscor
|
|-damage|p1a: Alomomonguss|82/100 brn|[from] brn
|upkeep
|turn|71
|
|t:|1780973221
|switch|p1a: Gliscor|Gliscor, M|100/100 tox
|-damage|p1a: Gliscor|88/100 tox|[from] Stealth Rock
|move|p2a: Gliscor|Protect||[still]
|-fail|p2a: Gliscor
|
|-heal|p1a: Gliscor|100/100 tox|[from] ability: Poison Heal
|upkeep
|turn|72
|
|t:|1780973230
|switch|p1a: Alomomonguss|Alomomola, F|100/100 brn
|-damage|p1a: Alomomonguss|88/100 brn|[from] Stealth Rock
|move|p2a: Gliscor|Protect||[still]
|-fail|p2a: Gliscor
|
|-damage|p1a: Alomomonguss|82/100 brn|[from] brn
|upkeep
|turn|73
|
|t:|1780973238
|switch|p1a: Gliscor|Gliscor, M|100/100 tox
|-damage|p1a: Gliscor|88/100 tox|[from] Stealth Rock
|move|p2a: Gliscor|Toxic Spikes||[still]
|-fail|p2a: Gliscor
|
|-heal|p1a: Gliscor|100/100 tox|[from] ability: Poison Heal
|upkeep
|turn|74
|
|t:|1780973247
|switch|p1a: Alomomonguss|Alomomola, F|100/100 brn
|-damage|p1a: Alomomonguss|88/100 brn|[from] Stealth Rock
|move|p2a: Gliscor|Toxic||[still]
|-fail|p2a: Gliscor
|
|-damage|p1a: Alomomonguss|82/100 brn|[from] brn
|upkeep
|turn|75
|
|t:|1780973256
|switch|p1a: Gliscor|Gliscor, M|100/100 tox
|-damage|p1a: Gliscor|88/100 tox|[from] Stealth Rock
|move|p2a: Gliscor|Toxic|p1a: Gliscor
|-fail|p1a: Gliscor|tox
|
|-heal|p1a: Gliscor|100/100 tox|[from] ability: Poison Heal
|upkeep
|turn|76
|
|t:|1780973265
|switch|p1a: Alomomonguss|Alomomola, F|100/100 brn
|-damage|p1a: Alomomonguss|88/100 brn|[from] Stealth Rock
|move|p2a: Gliscor|Protect||[still]
|-fail|p2a: Gliscor
|
|-damage|p1a: Alomomonguss|82/100 brn|[from] brn
|upkeep
|turn|77
|
|t:|1780973274
|switch|p1a: Gliscor|Gliscor, M|100/100 tox
|-damage|p1a: Gliscor|88/100 tox|[from] Stealth Rock
|move|p2a: Gliscor|Protect||[still]
|-fail|p2a: Gliscor
|
|-heal|p1a: Gliscor|100/100 tox|[from] ability: Poison Heal
|upkeep
|turn|78
|
|t:|1780973283
|switch|p1a: Alomomonguss|Alomomola, F|100/100 brn
|-damage|p1a: Alomomonguss|88/100 brn|[from] Stealth Rock
|move|p2a: Gliscor|Protect||[still]
|-fail|p2a: Gliscor
|
|-damage|p1a: Alomomonguss|82/100 brn|[from] brn
|upkeep
|turn|79
|
|t:|1780973292
|switch|p1a: Gliscor|Gliscor, M|100/100 tox
|-damage|p1a: Gliscor|88/100 tox|[from] Stealth Rock
|move|p2a: Gliscor|Toxic|p1a: Gliscor
|-fail|p1a: Gliscor|tox
|
|-heal|p1a: Gliscor|100/100 tox|[from] ability: Poison Heal
|upkeep
|turn|80
|j| BiscoitoXDBr
|
|t:|1780973301
|switch|p1a: Alomomonguss|Alomomola, F|100/100 brn
|-damage|p1a: Alomomonguss|88/100 brn|[from] Stealth Rock
|move|p2a: Gliscor|Protect||[still]
|-fail|p2a: Gliscor
|
|-damage|p1a: Alomomonguss|82/100 brn|[from] brn
|upkeep
|turn|81
|
|t:|1780973310
|switch|p1a: Gliscor|Gliscor, M|100/100 tox
|-damage|p1a: Gliscor|88/100 tox|[from] Stealth Rock
|move|p2a: Gliscor|Toxic|p1a: Gliscor
|-fail|p1a: Gliscor|tox
|
|-heal|p1a: Gliscor|100/100 tox|[from] ability: Poison Heal
|upkeep
|turn|82
|
|t:|1780973319
|switch|p1a: Alomomonguss|Alomomola, F|100/100 brn
|-damage|p1a: Alomomonguss|88/100 brn|[from] Stealth Rock
|move|p2a: Gliscor|Toxic Spikes||[still]
|-fail|p2a: Gliscor
|
|-damage|p1a: Alomomonguss|82/100 brn|[from] brn
|upkeep
|turn|83
|
|t:|1780973328
|switch|p1a: Gliscor|Gliscor, M|100/100 tox
|-damage|p1a: Gliscor|88/100 tox|[from] Stealth Rock
|move|p2a: Gliscor|Toxic Spikes||[still]
|-fail|p2a: Gliscor
|
|-heal|p1a: Gliscor|100/100 tox|[from] ability: Poison Heal
|upkeep
|turn|84
|
|t:|1780973336
|switch|p1a: Alomomonguss|Alomomola, F|100/100 brn
|-damage|p1a: Alomomonguss|88/100 brn|[from] Stealth Rock
|move|p2a: Gliscor|Toxic Spikes||[still]
|-fail|p2a: Gliscor
|
|-damage|p1a: Alomomonguss|82/100 brn|[from] brn
|upkeep
|turn|85
|
|t:|1780973345
|switch|p1a: Gliscor|Gliscor, M|100/100 tox
|-damage|p1a: Gliscor|88/100 tox|[from] Stealth Rock
|move|p2a: Gliscor|Toxic Spikes||[still]
|-fail|p2a: Gliscor
|
|-heal|p1a: Gliscor|100/100 tox|[from] ability: Poison Heal
|upkeep
|turn|86
|
|t:|1780973354
|switch|p1a: Alomomonguss|Alomomola, F|100/100 brn
|-damage|p1a: Alomomonguss|88/100 brn|[from] Stealth Rock
|move|p2a: Gliscor|Toxic Spikes||[still]
|-fail|p2a: Gliscor
|
|-damage|p1a: Alomomonguss|82/100 brn|[from] brn
|upkeep
|turn|87
|
|t:|1780973363
|switch|p1a: Gliscor|Gliscor, M|100/100 tox
|-damage|p1a: Gliscor|88/100 tox|[from] Stealth Rock
|move|p2a: Gliscor|Toxic Spikes||[still]
|-fail|p2a: Gliscor
|
|-heal|p1a: Gliscor|100/100 tox|[from] ability: Poison Heal
|upkeep
|turn|88
|
|t:|1780973372
|switch|p1a: Alomomonguss|Alomomola, F|100/100 brn
|-damage|p1a: Alomomonguss|88/100 brn|[from] Stealth Rock
|move|p2a: Gliscor|Protect||[still]
|-fail|p2a: Gliscor
|
|-damage|p1a: Alomomonguss|82/100 brn|[from] brn
|upkeep
|turn|89
|
|t:|1780973381
|switch|p1a: Gliscor|Gliscor, M|100/100 tox
|-damage|p1a: Gliscor|88/100 tox|[from] Stealth Rock
|move|p2a: Gliscor|Toxic|p1a: Gliscor
|-fail|p1a: Gliscor|tox
|
|-heal|p1a: Gliscor|100/100 tox|[from] ability: Poison Heal
|upkeep
|turn|90
|
|t:|1780973389
|switch|p1a: Alomomonguss|Alomomola, F|100/100 brn
|-damage|p1a: Alomomonguss|88/100 brn|[from] Stealth Rock
|move|p2a: Gliscor|Toxic Spikes||[still]
|-fail|p2a: Gliscor
|
|-damage|p1a: Alomomonguss|82/100 brn|[from] brn
|upkeep
|turn|91
|
|t:|1780973398
|switch|p1a: Gliscor|Gliscor, M|100/100 tox
|-damage|p1a: Gliscor|88/100 tox|[from] Stealth Rock
|move|p2a: Gliscor|Toxic Spikes||[still]
|-fail|p2a: Gliscor
|
|-heal|p1a: Gliscor|100/100 tox|[from] ability: Poison Heal
|upkeep
|turn|92
|
|t:|1780973407
|switch|p1a: Alomomonguss|Alomomola, F|100/100 brn
|-damage|p1a: Alomomonguss|88/100 brn|[from] Stealth Rock
|move|p2a: Gliscor|Toxic Spikes||[still]
|-fail|p2a: Gliscor
|
|-damage|p1a: Alomomonguss|82/100 brn|[from] brn
|upkeep
|turn|93
|
|t:|1780973416
|switch|p1a: Gliscor|Gliscor, M|100/100 tox
|-damage|p1a: Gliscor|88/100 tox|[from] Stealth Rock
|move|p2a: Gliscor|Toxic Spikes||[still]
|-fail|p2a: Gliscor
|
|-heal|p1a: Gliscor|100/100 tox|[from] ability: Poison Heal
|upkeep
|turn|94
|
|t:|1780973425
|switch|p1a: Alomomonguss|Alomomola, F|100/100 brn
|-damage|p1a: Alomomonguss|88/100 brn|[from] Stealth Rock
|move|p2a: Gliscor|Toxic Spikes||[still]
|-fail|p2a: Gliscor
|
|-damage|p1a: Alomomonguss|82/100 brn|[from] brn
|upkeep
|turn|95
|
|t:|1780973436
|switch|p1a: Gliscor|Gliscor, M|100/100 tox
|-damage|p1a: Gliscor|88/100 tox|[from] Stealth Rock
|move|p2a: Gliscor|Toxic Spikes||[still]
|-fail|p2a: Gliscor
|
|-heal|p1a: Gliscor|100/100 tox|[from] ability: Poison Heal
|upkeep
|turn|96
|
|t:|1780973445
|switch|p1a: Alomomonguss|Alomomola, F|100/100 brn
|-damage|p1a: Alomomonguss|88/100 brn|[from] Stealth Rock
|move|p2a: Gliscor|Toxic Spikes||[still]
|-fail|p2a: Gliscor
|
|-damage|p1a: Alomomonguss|82/100 brn|[from] brn
|upkeep
|turn|97
|
|t:|1780973454
|switch|p1a: Gliscor|Gliscor, M|100/100 tox
|-damage|p1a: Gliscor|88/100 tox|[from] Stealth Rock
|move|p2a: Gliscor|Toxic Spikes||[still]
|-fail|p2a: Gliscor
|
|-heal|p1a: Gliscor|100/100 tox|[from] ability: Poison Heal
|upkeep
|turn|98
|
|t:|1780973463
|switch|p1a: Alomomonguss|Alomomola, F|100/100 brn
|-damage|p1a: Alomomonguss|88/100 brn|[from] Stealth Rock
|move|p2a: Gliscor|Toxic Spikes||[still]
|-fail|p2a: Gliscor
|
|-damage|p1a: Alomomonguss|82/100 brn|[from] brn
|upkeep
|turn|99
|
|t:|1780973471
|switch|p1a: Gliscor|Gliscor, M|100/100 tox
|-damage|p1a: Gliscor|88/100 tox|[from] Stealth Rock
|move|p2a: Gliscor|Toxic Spikes||[still]
|-fail|p2a: Gliscor
|
|-heal|p1a: Gliscor|100/100 tox|[from] ability: Poison Heal
|upkeep
|turn|100
|
|t:|1780973480
|switch|p1a: Alomomonguss|Alomomola, F|100/100 brn
|-damage|p1a: Alomomonguss|88/100 brn|[from] Stealth Rock
|move|p2a: Gliscor|Toxic Spikes||[still]
|-fail|p2a: Gliscor
|
|-damage|p1a: Alomomonguss|82/100 brn|[from] brn
|upkeep
|turn|101
|
|t:|1780973489
|switch|p1a: Gliscor|Gliscor, M|100/100 tox
|-damage|p1a: Gliscor|88/100 tox|[from] Stealth Rock
|move|p2a: Gliscor|Toxic Spikes||[still]
|-fail|p2a: Gliscor
|
|-heal|p1a: Gliscor|100/100 tox|[from] ability: Poison Heal
|upkeep
|turn|102
|
|t:|1780973498
|switch|p1a: Alomomonguss|Alomomola, F|100/100 brn
|-damage|p1a: Alomomonguss|88/100 brn|[from] Stealth Rock
|move|p2a: Gliscor|Protect||[still]
|-fail|p2a: Gliscor
|
|-damage|p1a: Alomomonguss|82/100 brn|[from] brn
|upkeep
|turn|103
|
|t:|1780973507
|switch|p1a: Gliscor|Gliscor, M|100/100 tox
|-damage|p1a: Gliscor|88/100 tox|[from] Stealth Rock
|move|p2a: Gliscor|Toxic|p1a: Gliscor
|-fail|p1a: Gliscor|tox
|
|-heal|p1a: Gliscor|100/100 tox|[from] ability: Poison Heal
|upkeep
|turn|104
|l| BiscoitoXDBr
|
|t:|1780973516
|switch|p2a: Dragapult|Dragapult, M|95/100 tox
|switch|p1a: Alomomonguss|Alomomola, F|100/100 brn
|-damage|p1a: Alomomonguss|88/100 brn|[from] Stealth Rock
|
|-damage|p2a: Dragapult|89/100 tox|[from] psn
|-damage|p1a: Alomomonguss|82/100 brn|[from] brn
|upkeep
|turn|105
|
|t:|1780973525
|move|p2a: Dragapult|Dragon Darts|p1a: Alomomonguss
|-damage|p1a: Alomomonguss|65/100 brn
|-anim|p2a: Dragapult|Dragon Darts|p1a: Alomomonguss
|-damage|p1a: Alomomonguss|48/100 brn
|move|p1a: Alomomonguss|Flip Turn|p2a: Dragapult
|-resisted|p2a: Dragapult
|-damage|p2a: Dragapult|83/100 tox
|j| BiscoitoXDBr
|
|t:|1780973528
|switch|p1a: Gliscor|Gliscor, M|100/100 tox|[from] Flip Turn
|-damage|p1a: Gliscor|88/100 tox|[from] Stealth Rock
|
|-damage|p2a: Dragapult|71/100 tox|[from] psn
|-heal|p1a: Gliscor|100/100 tox|[from] ability: Poison Heal
|upkeep
|turn|106
|
|t:|1780973537
|switch|p2a: Gliscor|Gliscor, F|100/100 tox
|-damage|p2a: Gliscor|88/100 tox|[from] Stealth Rock
|move|p1a: Gliscor|Protect||[still]
|-fail|p1a: Gliscor
|
|-heal|p2a: Gliscor|100/100 tox|[from] ability: Poison Heal
|upkeep
|turn|107
|
|t:|1780973545
|switch|p1a: Alomomonguss|Alomomola, F|82/100 brn
|-damage|p1a: Alomomonguss|69/100 brn|[from] Stealth Rock
|move|p2a: Gliscor|Toxic Spikes||[still]
|-fail|p2a: Gliscor
|
|-damage|p1a: Alomomonguss|63/100 brn|[from] brn
|upkeep
|turn|108
|
|t:|1780973554
|switch|p2a: Dragapult|Dragapult, M|71/100 tox
|switch|p1a: Gliscor|Gliscor, M|100/100 tox
|-damage|p1a: Gliscor|88/100 tox|[from] Stealth Rock
|
|-damage|p2a: Dragapult|65/100 tox|[from] psn
|-heal|p1a: Gliscor|100/100 tox|[from] ability: Poison Heal
|upkeep
|turn|109
|
|t:|1780973563
|switch|p2a: Gliscor|Gliscor, F|100/100 tox
|-damage|p2a: Gliscor|88/100 tox|[from] Stealth Rock
|move|p1a: Gliscor|Protect||[still]
|-fail|p1a: Gliscor
|
|-heal|p2a: Gliscor|100/100 tox|[from] ability: Poison Heal
|upkeep
|turn|110
|
|t:|1780973572
|switch|p2a: Dragapult|Dragapult, M|65/100 tox
|switch|p1a: Alomomonguss|Alomomola, F|96/100 brn
|-damage|p1a: Alomomonguss|84/100 brn|[from] Stealth Rock
|
|-damage|p2a: Dragapult|59/100 tox|[from] psn
|-damage|p1a: Alomomonguss|78/100 brn|[from] brn
|upkeep
|turn|111
|
|t:|1780973581
|move|p2a: Dragapult|Dragon Darts|p1a: Alomomonguss
|-damage|p1a: Alomomonguss|62/100 brn
|-anim|p2a: Dragapult|Dragon Darts|p1a: Alomomonguss
|-damage|p1a: Alomomonguss|47/100 brn
|move|p1a: Alomomonguss|Flip Turn|p2a: Dragapult
|-resisted|p2a: Dragapult
|-damage|p2a: Dragapult|53/100 tox
|
|t:|1780973583
|switch|p1a: Gliscor|Gliscor, M|100/100 tox|[from] Flip Turn
|-damage|p1a: Gliscor|88/100 tox|[from] Stealth Rock
|
|-damage|p2a: Dragapult|41/100 tox|[from] psn
|-heal|p1a: Gliscor|100/100 tox|[from] ability: Poison Heal
|upkeep
|turn|112
|
|t:|1780973592
|switch|p2a: Gliscor|Gliscor, F|100/100 tox
|-damage|p2a: Gliscor|88/100 tox|[from] Stealth Rock
|move|p1a: Gliscor|Protect||[still]
|-fail|p1a: Gliscor
|
|-heal|p2a: Gliscor|100/100 tox|[from] ability: Poison Heal
|upkeep
|turn|113
|
|t:|1780973601
|move|p2a: Gliscor|Toxic|p1a: Gliscor
|-fail|p1a: Gliscor|tox
|move|p1a: Gliscor|Earthquake|p2a: Gliscor
|-immune|p2a: Gliscor
|
|upkeep
|turn|114
|
|t:|1780973610
|switch|p2a: Iron Crown|Iron Crown|42/100
|-damage|p2a: Iron Crown|36/100|[from] Stealth Rock
|-damage|p2a: Iron Crown|11/100|[from] Spikes
|move|p1a: Gliscor|Earthquake|p2a: Iron Crown
|-supereffective|p2a: Iron Crown
|-damage|p2a: Iron Crown|0 fnt
|faint|p2a: Iron Crown
|-end|p2a: Iron Crown|Quark Drive|[silent]
|
|upkeep
|
|t:|1780973619
|switch|p2a: Dragapult|Dragapult, M|41/100 tox
|turn|115
|
|t:|1780973628
|move|p1a: Gliscor|Protect|p1a: Gliscor
|-singleturn|p1a: Gliscor|Protect
|move|p2a: Dragapult|U-turn|p1a: Gliscor
|-activate|p1a: Gliscor|move: Protect
|
|-damage|p2a: Dragapult|35/100 tox|[from] psn
|upkeep
|turn|116
|
|t:|1780973637
|move|p2a: Dragapult|U-turn|p1a: Gliscor
|-resisted|p1a: Gliscor
|-damage|p1a: Gliscor|95/100 tox
|
|t:|1780973646
|switch|p2a: Gliscor|Gliscor, F|100/100 tox|[from] U-turn
|-damage|p2a: Gliscor|88/100 tox|[from] Stealth Rock
|move|p1a: Gliscor|Earthquake|p2a: Gliscor
|-immune|p2a: Gliscor
|
|-heal|p1a: Gliscor|100/100 tox|[from] ability: Poison Heal
|-heal|p2a: Gliscor|100/100 tox|[from] ability: Poison Heal
|upkeep
|turn|117
|
|t:|1780973655
|switch|p1a: Alomomonguss|Alomomola, F|81/100 brn
|-damage|p1a: Alomomonguss|68/100 brn|[from] Stealth Rock
|move|p2a: Gliscor|Protect||[still]
|-fail|p2a: Gliscor
|
|-damage|p1a: Alomomonguss|62/100 brn|[from] brn
|upkeep
|turn|118
|
|t:|1780973663
|switch|p2a: Dragapult|Dragapult, M|35/100 tox
|move|p1a: Alomomonguss|Flip Turn|p2a: Dragapult
|-resisted|p2a: Dragapult
|-damage|p2a: Dragapult|29/100 tox
|
|t:|1780973668
|switch|p1a: Gliscor|Gliscor, M|100/100 tox|[from] Flip Turn
|-damage|p1a: Gliscor|88/100 tox|[from] Stealth Rock
|
|-damage|p2a: Dragapult|23/100 tox|[from] psn
|-heal|p1a: Gliscor|100/100 tox|[from] ability: Poison Heal
|upkeep
|turn|119
|
|t:|1780973679
|move|p1a: Gliscor|Protect|p1a: Gliscor
|-singleturn|p1a: Gliscor|Protect
|move|p2a: Dragapult|U-turn|p1a: Gliscor
|-activate|p1a: Gliscor|move: Protect
|
|-damage|p2a: Dragapult|11/100 tox|[from] psn
|upkeep
|turn|120
|
|t:|1780973691
|move|p1a: Gliscor|Protect|p1a: Gliscor
|-singleturn|p1a: Gliscor|Protect
|move|p2a: Dragapult|U-turn|p1a: Gliscor
|-activate|p1a: Gliscor|move: Protect
|
|-damage|p2a: Dragapult|0 fnt|[from] psn
|faint|p2a: Dragapult
|upkeep
|
|t:|1780973700
|switch|p2a: Gliscor|Gliscor, F|100/100 tox
|-damage|p2a: Gliscor|88/100 tox|[from] Stealth Rock
|turn|121
|
|t:|1780973709
|switch|p1a: Alomomonguss|Alomomola, F|96/100 brn
|-damage|p1a: Alomomonguss|83/100 brn|[from] Stealth Rock
|move|p2a: Gliscor|Toxic Spikes||[still]
|-fail|p2a: Gliscor
|
|-heal|p2a: Gliscor|100/100 tox|[from] ability: Poison Heal
|-damage|p1a: Alomomonguss|77/100 brn|[from] brn
|upkeep
|turn|122
|
|t:|1780973718
|switch|p2a: Ting-Lu|Ting-Lu|88/100 tox
|-damage|p2a: Ting-Lu|82/100 tox|[from] Stealth Rock
|-damage|p2a: Ting-Lu|57/100 tox|[from] Spikes
|-ability|p2a: Ting-Lu|Vessel of Ruin
|move|p1a: Alomomonguss|Flip Turn|p2a: Ting-Lu
|-supereffective|p2a: Ting-Lu
|-damage|p2a: Ting-Lu|46/100 tox
|-damage|p1a: Alomomonguss|60/100 brn|[from] item: Rocky Helmet|[of] p2a: Ting-Lu
|
|t:|1780973722
|switch|p1a: Lokix|Lokix, F|89/100|[from] Flip Turn
|-damage|p1a: Lokix|64/100|[from] Stealth Rock
|-status|p1a: Lokix|tox
|
|-damage|p1a: Lokix|58/100 tox|[from] psn
|-damage|p2a: Ting-Lu|40/100 tox|[from] psn
|upkeep
|turn|123
|
|t:|1780973739
|-terastallize|p2a: Ting-Lu|Water
|move|p1a: Lokix|Leech Life|p2a: Ting-Lu
|-damage|p2a: Ting-Lu|4/100 tox
|-heal|p1a: Lokix|88/100 tox|[from] drain|[of] p2a: Ting-Lu
|-damage|p1a: Lokix|71/100 tox|[from] item: Rocky Helmet|[of] p2a: Ting-Lu
|move|p2a: Ting-Lu|Heavy Slam|p1a: Lokix
|-damage|p1a: Lokix|26/100 tox
|
|-damage|p1a: Lokix|14/100 tox|[from] psn
|-damage|p2a: Ting-Lu|0 fnt|[from] psn
|faint|p2a: Ting-Lu
|upkeep
|l| BiscoitoXDBr
|
|t:|1780973757
|switch|p2a: Kingambit|Kingambit, M|49/100
|-damage|p2a: Kingambit|43/100|[from] Stealth Rock
|-damage|p2a: Kingambit|18/100|[from] Spikes
|-activate|p2a: Kingambit|ability: Supreme Overlord
|-start|p2a: Kingambit|fallen4|[silent]
|turn|124
|inactive|oddishlover4 has 120 seconds left.
|
|t:|1780973773
|move|p2a: Kingambit|Sucker Punch|p1a: Lokix
|-resisted|p1a: Lokix
|-damage|p1a: Lokix|0 fnt
|faint|p1a: Lokix
|
|upkeep
|
|t:|1780973776
|switch|p1a: Gliscor|Gliscor, M|100/100 tox
|-damage|p1a: Gliscor|88/100 tox|[from] Stealth Rock
|turn|125
|inactive|oddishlover4 has 120 seconds left.
|
|t:|1780973785
|move|p2a: Kingambit|Sucker Punch|p1a: Gliscor
|-damage|p1a: Gliscor|52/100 tox
|move|p1a: Gliscor|Earthquake|p2a: Kingambit
|-supereffective|p2a: Kingambit
|-damage|p2a: Kingambit|0 fnt
|faint|p2a: Kingambit
|-end|p2a: Kingambit|fallen4|[silent]
|
|-heal|p1a: Gliscor|65/100 tox|[from] ability: Poison Heal
|upkeep
|inactive|oddishlover4 has 120 seconds left.
|
|t:|1780973794
|switch|p2a: Gliscor|Gliscor, F|100/100 tox
|-damage|p2a: Gliscor|88/100 tox|[from] Stealth Rock
|turn|126
|c|☆smoldracovish|Gg
|inactive|oddishlover4 has 120 seconds left.
|
|t:|1780973803
|move|p1a: Gliscor|Protect|p1a: Gliscor
|-singleturn|p1a: Gliscor|Protect
|-activate|p2a: Gliscor|move: Struggle
|move|p2a: Gliscor|Struggle|p1a: Gliscor
|-activate|p1a: Gliscor|move: Protect
|
|-heal|p1a: Gliscor|77/100 tox|[from] ability: Poison Heal
|-heal|p2a: Gliscor|100/100 tox|[from] ability: Poison Heal
|upkeep
|turn|127
|inactive|oddishlover4 has 120 seconds left.
|
|t:|1780973811
|switch|p1a: Alomomonguss|Alomomola, F|94/100 brn
|-damage|p1a: Alomomonguss|81/100 brn|[from] Stealth Rock
|-activate|p2a: Gliscor|move: Struggle
|move|p2a: Gliscor|Struggle|p1a: Alomomonguss
|-damage|p1a: Alomomonguss|73/100 brn
|-damage|p2a: Gliscor|75/100 tox|[from] recoil
|
|-heal|p2a: Gliscor|88/100 tox|[from] ability: Poison Heal
|-damage|p1a: Alomomonguss|67/100 brn|[from] brn
|upkeep
|turn|128
|inactive|oddishlover4 has 120 seconds left.
|
|t:|1780973820
|-activate|p2a: Gliscor|move: Struggle
|move|p2a: Gliscor|Struggle|p1a: Alomomonguss
|-damage|p1a: Alomomonguss|59/100 brn
|-damage|p2a: Gliscor|63/100 tox|[from] recoil
|move|p1a: Alomomonguss|Flip Turn|p2a: Gliscor
|-supereffective|p2a: Gliscor
|-damage|p2a: Gliscor|48/100 tox
|
|t:|1780973824
|switch|p1a: Pecharunt|Pecharunt, tera:Dark|78/100 tox|[from] Flip Turn
|-damage|p1a: Pecharunt|66/100 tox|[from] Stealth Rock
|
|-heal|p2a: Gliscor|60/100 tox|[from] ability: Poison Heal
|-damage|p1a: Pecharunt|60/100 tox|[from] psn
|upkeep
|turn|129
|
|t:|1780973833
|move|p1a: Pecharunt|Foul Play|p2a: Gliscor
|-damage|p2a: Gliscor|36/100 tox
|-activate|p2a: Gliscor|move: Struggle
|move|p2a: Gliscor|Struggle|p1a: Pecharunt
|-damage|p1a: Pecharunt|54/100 tox
|-damage|p2a: Gliscor|11/100 tox|[from] recoil
|
|-heal|p2a: Gliscor|24/100 tox|[from] ability: Poison Heal
|-damage|p1a: Pecharunt|42/100 tox|[from] psn
|upkeep
|turn|130
|
|t:|1780973836
|-activate|p2a: Gliscor|move: Struggle
|move|p2a: Gliscor|Struggle|p1a: Pecharunt
|-damage|p1a: Pecharunt|36/100 tox
|-damage|p2a: Gliscor|0 fnt|[from] recoil
|faint|p2a: Gliscor
|
|win|smoldracovish
|raw|smoldracovish's rating: 1539 &rarr; <strong>1564</strong><br />(+25 for winning)
|raw|oddishlover4's rating: 1626 &rarr; <strong>1601</strong><br />(-25 for losing)
|c|☆oddishlover4|GG!
|c|☆smoldracovish|Very funny game
|c|☆smoldracovish|Gg
