|j|‽Leap Call
|j|☆SparklingOperetta
|t:|1781271509
|gametype|singles
|player|p1|Leap Call|102|1583
|player|p2|SparklingOperetta|parasollady|1538
|gen|9
|tier|[Gen 9] OU
|rated|
|rule|HP Percentage Mod: HP is shown in percentages
|rule|Endless Battle Clause: Forcing endless battles is banned
|rule|Species Clause: Limit one of each Pokémon
|rule|OHKO Clause: OHKO moves are banned
|rule|Evasion Items Clause: Evasion items are banned
|rule|Evasion Moves Clause: Evasion moves are banned
|rule|Evasion Abilities Clause: Evasion abilities are banned
|rule|Sleep Moves Clause: Sleep-inducing moves are banned
|clearpoke
|poke|p1|Kyurem|
|poke|p1|Slowking-Galar, F|
|poke|p1|Samurott-Hisui, M|
|poke|p1|Hatterene, F|
|poke|p1|Iron Treads|
|poke|p1|Zamazenta-*|
|poke|p2|Hoopa-Unbound|
|poke|p2|Pecharunt|
|poke|p2|Landorus-Therian, M|
|poke|p2|Cinderace, M|
|poke|p2|Alomomola, M|
|poke|p2|Iron Valiant|
|teampreview
|
|t:|1781271526
|teamsize|p1|6
|teamsize|p2|6
|start
|switch|p1a: Slowking|Slowking-Galar, F, shiny|100/100
|switch|p2a: Iron Valiant|Iron Valiant, shiny|100/100
|turn|1
|inactive|Battle timer is ON: inactive players will automatically lose when time's up. (requested by Leap Call)
|l|☆SparklingOperetta
|inactive|SparklingOperetta disconnected and has a minute to reconnect!
|player|p2|
|j|☆SparklingOperetta
|inactive|SparklingOperetta reconnected and has 145 seconds left.
|player|p2|SparklingOperetta|parasollady|
|
|t:|1781271596
|-end|p2a: Iron Valiant|Quark Drive|[silent]
|switch|p2a: Pecharunt|Pecharunt|100/100
|-prepare|p1a: Slowking|Chilly Reception|[premajor]
|move|p1a: Slowking|Chilly Reception|p1a: Slowking
|-weather|Snowscape
|
|t:|1781271599
|switch|p1a: Kyurem|Kyurem, shiny|100/100|[from] Chilly Reception
|-ability|p1a: Kyurem|Pressure
|
|-weather|Snowscape|[upkeep]
|upkeep
|turn|2
|
|t:|1781271613
|switch|p2a: Alomomola|Alomomola, M, shiny|100/100
|move|p1a: Kyurem|Freeze-Dry|p2a: Alomomola
|-supereffective|p2a: Alomomola
|-damage|p2a: Alomomola|44/100
|
|-weather|Snowscape|[upkeep]
|upkeep
|turn|3
|
|t:|1781271634
|switch|p1a: Iron Treads|Iron Treads|100/100
|-terastallize|p2a: Alomomola|Normal
|move|p2a: Alomomola|Flip Turn|p1a: Iron Treads
|-supereffective|p1a: Iron Treads
|-damage|p1a: Iron Treads|72/100
|
|t:|1781271643
|switch|p2a: Landorus|Landorus-Therian, M, shiny|100/100|[from] Flip Turn
|-ability|p2a: Landorus|Intimidate|boost
|-unboost|p1a: Iron Treads|atk|1
|
|-weather|Snowscape|[upkeep]
|-heal|p1a: Iron Treads|78/100|[from] item: Leftovers
|upkeep
|turn|4
|
|t:|1781271647
|-terastallize|p1a: Iron Treads|Ice
|move|p2a: Landorus|Earthquake|p1a: Iron Treads
|-damage|p1a: Iron Treads|44/100
|move|p1a: Iron Treads|Ice Spinner|p2a: Landorus
|-supereffective|p2a: Landorus
|-damage|p2a: Landorus|0 fnt
|faint|p2a: Landorus
|
|-weather|Snowscape|[upkeep]
|-heal|p1a: Iron Treads|51/100|[from] item: Leftovers
|upkeep
|
|t:|1781271657
|switch|p2a: Cinderace|Cinderace, M, shiny|100/100
|turn|5
|
|t:|1781271682
|-end|p1a: Iron Treads|Quark Drive|[silent]
|switch|p1a: Zamazenta|Zamazenta|100/100
|-ability|p1a: Zamazenta|Dauntless Shield|boost
|-boost|p1a: Zamazenta|def|1
|move|p2a: Cinderace|Pyro Ball|p1a: Zamazenta|[miss]
|-miss|p2a: Cinderace|p1a: Zamazenta
|
|-weather|none
|upkeep
|turn|6
|
|t:|1781271694
|switch|p1a: Iron Treads|Iron Treads, tera:Ice|51/100
|switch|p2a: Pecharunt|Pecharunt|100/100
|
|-heal|p1a: Iron Treads|57/100|[from] item: Leftovers
|upkeep
|turn|7
|
|t:|1781271699
|move|p1a: Iron Treads|Stealth Rock|p2a: Pecharunt
|-sidestart|p2: SparklingOperetta|move: Stealth Rock
|move|p2a: Pecharunt|Malignant Chain|p1a: Iron Treads
|-damage|p1a: Iron Treads|14/100
|
|-heal|p1a: Iron Treads|20/100|[from] item: Leftovers
|upkeep
|turn|8
|
|t:|1781271705
|move|p1a: Iron Treads|Earthquake|p2a: Pecharunt
|-supereffective|p2a: Pecharunt
|-damage|p2a: Pecharunt|58/100
|move|p2a: Pecharunt|Malignant Chain|p1a: Iron Treads
|-damage|p1a: Iron Treads|0 fnt
|faint|p1a: Iron Treads
|-end|p1a: Iron Treads|Quark Drive|[silent]
|
|upkeep
|
|t:|1781271709
|switch|p1a: Samurott|Samurott-Hisui, M, shiny|100/100
|turn|9
|
|t:|1781271719
|move|p1a: Samurott|Knock Off|p2a: Pecharunt
|-supereffective|p2a: Pecharunt
|-damage|p2a: Pecharunt|18/100
|-enditem|p2a: Pecharunt|Heavy-Duty Boots|[from] move: Knock Off|[of] p1a: Samurott
|move|p2a: Pecharunt|Parting Shot|p1a: Samurott
|-unboost|p1a: Samurott|atk|1
|-unboost|p1a: Samurott|spa|1
|
|t:|1781271723
|switch|p2a: Cinderace|Cinderace, M, shiny|100/100|[from] Parting Shot
|
|upkeep
|turn|10
|
|t:|1781271726
|move|p2a: Cinderace|Court Change|p2a: Cinderace
|-start|p2a: Cinderace|typechange|Normal|[from] ability: Libero
|-swapsideconditions
|-activate|p2a: Cinderace|move: Court Change
|move|p1a: Samurott|Razor Shell|p2a: Cinderace
|-crit|p2a: Cinderace
|-damage|p2a: Cinderace|0 fnt
|faint|p2a: Cinderace
|
|upkeep
|
|t:|1781271730
|switch|p2a: Hoopa|Hoopa-Unbound|100/100
|turn|11
|
|t:|1781271743
|switch|p1a: Zamazenta|Zamazenta|100/100
|-damage|p1a: Zamazenta|94/100|[from] Stealth Rock
|move|p2a: Hoopa|Hyperspace Fury|p1a: Zamazenta
|-resisted|p1a: Zamazenta
|-damage|p1a: Zamazenta|56/100
|-unboost|p2a: Hoopa|def|1
|
|-heal|p1a: Zamazenta|62/100|[from] item: Leftovers
|upkeep
|turn|12
|
|t:|1781271760
|switch|p2a: Pecharunt|Pecharunt|18/100
|move|p1a: Zamazenta|Iron Defense|p1a: Zamazenta
|-boost|p1a: Zamazenta|def|2
|
|-heal|p1a: Zamazenta|68/100|[from] item: Leftovers
|upkeep
|turn|13
|
|t:|1781271766
|move|p1a: Zamazenta|Crunch|p2a: Pecharunt
|-supereffective|p2a: Pecharunt
|-damage|p2a: Pecharunt|0 fnt
|faint|p2a: Pecharunt
|
|-heal|p1a: Zamazenta|74/100|[from] item: Leftovers
|upkeep
|
|t:|1781271772
|switch|p2a: Iron Valiant|Iron Valiant, shiny|100/100
|turn|14
|
|t:|1781271789
|switch|p1a: Slowking|Slowking-Galar, F, shiny|100/100
|-damage|p1a: Slowking|88/100|[from] Stealth Rock
|move|p2a: Iron Valiant|Moonblast|p1a: Slowking
|-resisted|p1a: Slowking
|-damage|p1a: Slowking|68/100
|
|-heal|p1a: Slowking|74/100|[from] item: Black Sludge
|upkeep
|turn|15
|
|t:|1781271796
|-end|p2a: Iron Valiant|Quark Drive|[silent]
|switch|p2a: Alomomola|Alomomola, M, shiny, tera:Normal|77/100
|-prepare|p1a: Slowking|Chilly Reception|[premajor]
|move|p1a: Slowking|Chilly Reception|p1a: Slowking
|-weather|Snowscape
|
|t:|1781271808
|switch|p1a: Samurott|Samurott-Hisui, M, shiny|100/100|[from] Chilly Reception
|-damage|p1a: Samurott|88/100|[from] Stealth Rock
|
|-weather|Snowscape|[upkeep]
|upkeep
|turn|16
|
|t:|1781271813
|move|p1a: Samurott|Ceaseless Edge|p2a: Alomomola
|-damage|p2a: Alomomola|49/100
|-sidestart|p2: SparklingOperetta|Spikes
|move|p2a: Alomomola|Body Slam|p1a: Samurott
|-damage|p1a: Samurott|62/100
|
|-weather|Snowscape|[upkeep]
|upkeep
|turn|17
|
|t:|1781271820
|move|p1a: Samurott|Ceaseless Edge|p2a: Alomomola
|-damage|p2a: Alomomola|20/100
|-sidestart|p2: SparklingOperetta|Spikes
|move|p2a: Alomomola|Flip Turn|p1a: Samurott
|-resisted|p1a: Samurott
|-crit|p1a: Samurott
|-damage|p1a: Samurott|49/100
|
|t:|1781271824
|switch|p2a: Iron Valiant|Iron Valiant, shiny|100/100|[from] Flip Turn
|-damage|p2a: Iron Valiant|84/100|[from] Spikes
|
|-weather|Snowscape|[upkeep]
|upkeep
|turn|18
|
|t:|1781271830
|move|p1a: Samurott|Sucker Punch|p2a: Iron Valiant
|-resisted|p2a: Iron Valiant
|-damage|p2a: Iron Valiant|74/100
|move|p2a: Iron Valiant|Moonblast|p1a: Samurott
|-supereffective|p1a: Samurott
|-damage|p1a: Samurott|0 fnt
|faint|p1a: Samurott
|
|-weather|Snowscape|[upkeep]
|upkeep
|
|t:|1781271841
|switch|p1a: Slowking|Slowking-Galar, F, shiny|100/100
|-damage|p1a: Slowking|88/100|[from] Stealth Rock
|turn|19
|
|t:|1781271849
|move|p2a: Iron Valiant|Moonblast|p1a: Slowking
|-resisted|p1a: Slowking
|-damage|p1a: Slowking|69/100
|-unboost|p1a: Slowking|spa|1
|move|p1a: Slowking|Future Sight|p2a: Iron Valiant
|-start|p1a: Slowking|move: Future Sight
|
|-weather|none
|-heal|p1a: Slowking|75/100|[from] item: Black Sludge
|upkeep
|turn|20
|
|t:|1781271857
|-end|p2a: Iron Valiant|Quark Drive|[silent]
|switch|p2a: Hoopa|Hoopa-Unbound|100/100
|-damage|p2a: Hoopa|84/100|[from] Spikes
|-prepare|p1a: Slowking|Chilly Reception|[premajor]
|move|p1a: Slowking|Chilly Reception|p1a: Slowking
|-weather|Snowscape
|
|t:|1781271862
|switch|p1a: Zamazenta|Zamazenta|74/100|[from] Chilly Reception
|-damage|p1a: Zamazenta|68/100|[from] Stealth Rock
|
|-weather|Snowscape|[upkeep]
|-heal|p1a: Zamazenta|74/100|[from] item: Leftovers
|upkeep
|turn|21
|
|t:|1781271869
|move|p1a: Zamazenta|Body Press|p2a: Hoopa
|-damage|p2a: Hoopa|37/100
|move|p2a: Hoopa|Zen Headbutt|p1a: Zamazenta
|-supereffective|p1a: Zamazenta
|-damage|p1a: Zamazenta|0 fnt
|faint|p1a: Zamazenta
|
|-weather|Snowscape|[upkeep]
|-end|p2a: Hoopa|move: Future Sight
|-immune|p2a: Hoopa
|upkeep
|
|t:|1781271881
|switch|p1a: Kyurem|Kyurem, shiny|100/100
|-damage|p1a: Kyurem|76/100|[from] Stealth Rock
|-ability|p1a: Kyurem|Pressure
|turn|22
|
|t:|1781271885
|move|p1a: Kyurem|Blizzard|p2a: Hoopa
|-damage|p2a: Hoopa|0 fnt
|faint|p2a: Hoopa
|
|-weather|Snowscape|[upkeep]
|upkeep
|
|t:|1781271891
|switch|p2a: Iron Valiant|Iron Valiant, shiny|74/100
|-damage|p2a: Iron Valiant|57/100|[from] Spikes
|turn|23
|
|t:|1781271907
|switch|p1a: Slowking|Slowking-Galar, F, shiny|100/100
|-damage|p1a: Slowking|88/100|[from] Stealth Rock
|move|p2a: Iron Valiant|Moonblast|p1a: Slowking
|-resisted|p1a: Slowking
|-damage|p1a: Slowking|68/100
|-unboost|p1a: Slowking|spa|1
|
|-weather|Snowscape|[upkeep]
|-heal|p1a: Slowking|74/100|[from] item: Black Sludge
|upkeep
|turn|24
|
|t:|1781271918
|-end|p2a: Iron Valiant|Quark Drive|[silent]
|switch|p2a: Alomomola|Alomomola, M, shiny, tera:Normal|53/100
|-damage|p2a: Alomomola|36/100|[from] Spikes
|move|p1a: Slowking|Future Sight|p2a: Alomomola
|-start|p1a: Slowking|move: Future Sight
|
|-weather|none
|-heal|p1a: Slowking|80/100|[from] item: Black Sludge
|upkeep
|turn|25
|
|t:|1781271926
|move|p2a: Alomomola|Flip Turn|p1a: Slowking
|-damage|p1a: Slowking|62/100
|
|t:|1781271928
|switch|p2a: Iron Valiant|Iron Valiant, shiny|57/100|[from] Flip Turn
|-damage|p2a: Iron Valiant|41/100|[from] Spikes
|-prepare|p1a: Slowking|Chilly Reception|[premajor]
|move|p1a: Slowking|Chilly Reception|p1a: Slowking
|-weather|Snowscape
|
|t:|1781271932
|switch|p1a: Hatterene|Hatterene, F, shiny|100/100|[from] Chilly Reception
|-damage|p1a: Hatterene|88/100|[from] Stealth Rock
|
|-weather|Snowscape|[upkeep]
|upkeep
|turn|26
|
|t:|1781271945
|-end|p2a: Iron Valiant|Quark Drive|[silent]
|switch|p2a: Alomomola|Alomomola, M, shiny, tera:Normal|70/100
|-damage|p2a: Alomomola|53/100|[from] Spikes
|move|p1a: Hatterene|Dazzling Gleam|p2a: Alomomola
|-damage|p2a: Alomomola|34/100
|
|-weather|Snowscape|[upkeep]
|-end|p2a: Alomomola|move: Future Sight
|-damage|p2a: Alomomola|9/100
|upkeep
|turn|27
|
|t:|1781271959
|move|p1a: Hatterene|Psychic Noise|p2a: Alomomola
|-damage|p2a: Alomomola|0 fnt
|faint|p2a: Alomomola
|
|-weather|Snowscape|[upkeep]
|upkeep
|-message|SparklingOperetta forfeited.
|
|win|Leap Call
|raw|Leap Call's rating: 1583 &rarr; <strong>1600</strong><br />(+17 for winning)
|raw|SparklingOperetta's rating: 1538 &rarr; <strong>1521</strong><br />(-17 for losing)
|l|☆SparklingOperetta
|player|p2|
