|j|☆AyushXD
|j|☆jonuz
|t:|1781156642
|gametype|singles
|player|p1|AyushXD|unknown|1628
|player|p2|jonuz|170|1591
|gen|9
|tier|[Gen 9] OU
|rated|
|rule|HP Percentage Mod: HP is shown in percentages
|rule|Endless Battle Clause: Forcing endless battles is banned
|rule|Species Clause: Limit one of each Pokémon
|rule|OHKO Clause: OHKO moves are banned
|rule|Evasion Items Clause: Evasion items are banned
|rule|Evasion Moves Clause: Evasion moves are banned
|rule|Evasion Abilities Clause: Evasion abilities are banned
|rule|Sleep Moves Clause: Sleep-inducing moves are banned
|clearpoke
|poke|p1|Slowking-Galar, F|
|poke|p1|Landorus-Therian, M|
|poke|p1|Kyurem|
|poke|p1|Iron Valiant|
|poke|p1|Cinderace, F|
|poke|p1|Kingambit, F|
|poke|p2|Sinistcha|
|poke|p2|Samurott-Hisui, M|
|poke|p2|Clefable, F|
|poke|p2|Moltres|
|poke|p2|Ting-Lu|
|poke|p2|Kommo-o, F|
|teampreview
|inactive|Battle timer is ON: inactive players will automatically lose when time's up. (requested by AyushXD)
|
|t:|1781156660
|teamsize|p1|6
|teamsize|p2|6
|start
|switch|p1a: Landorus|Landorus-Therian, M|100/100
|switch|p2a: Moltres|Moltres|100/100
|-ability|p1a: Landorus|Intimidate|boost
|-unboost|p2a: Moltres|atk|1
|-ability|p2a: Moltres|Pressure
|turn|1
|
|t:|1781156664
|move|p1a: Landorus|Stealth Rock|p2a: Moltres
|-sidestart|p2: jonuz|move: Stealth Rock
|move|p2a: Moltres|Hurricane|p1a: Landorus
|-damage|p1a: Landorus|36/100
|
|upkeep
|turn|2
|
|t:|1781156669
|switch|p1a: Slowking|Slowking-Galar, F|100/100
|move|p2a: Moltres|Hurricane|p1a: Slowking|[miss]
|-miss|p2a: Moltres|p1a: Slowking
|
|upkeep
|turn|3
|
|t:|1781156672
|move|p2a: Moltres|U-turn|p1a: Slowking
|-damage|p1a: Slowking|91/100
|
|t:|1781156673
|switch|p2a: Ting-Lu|Ting-Lu|100/100|[from] U-turn
|-damage|p2a: Ting-Lu|94/100|[from] Stealth Rock
|-ability|p2a: Ting-Lu|Vessel of Ruin
|-prepare|p1a: Slowking|Chilly Reception|[premajor]
|move|p1a: Slowking|Chilly Reception|p1a: Slowking
|-weather|Snowscape
|
|t:|1781156682
|switch|p1a: Kyurem|Kyurem|100/100|[from] Chilly Reception
|-ability|p1a: Kyurem|Pressure
|
|-weather|Snowscape|[upkeep]
|-heal|p2a: Ting-Lu|100/100|[from] item: Leftovers
|upkeep
|turn|4
|
|t:|1781156686
|-terastallize|p1a: Kyurem|Ice
|-terastallize|p2a: Ting-Lu|Water
|move|p1a: Kyurem|Blizzard|p2a: Ting-Lu
|-resisted|p2a: Ting-Lu
|-damage|p2a: Ting-Lu|75/100
|move|p2a: Ting-Lu|Earthquake|p1a: Kyurem
|-damage|p1a: Kyurem|78/100
|
|-weather|Snowscape|[upkeep]
|-heal|p2a: Ting-Lu|81/100|[from] item: Leftovers
|upkeep
|turn|5
|
|t:|1781156694
|switch|p1a: Slowking|Slowking-Galar, F|100/100
|move|p2a: Ting-Lu|Ruination|p1a: Slowking
|-damage|p1a: Slowking|51/100
|
|-weather|Snowscape|[upkeep]
|-heal|p2a: Ting-Lu|87/100|[from] item: Leftovers
|upkeep
|turn|6
|
|t:|1781156697
|move|p2a: Ting-Lu|Earthquake|p1a: Slowking
|-supereffective|p1a: Slowking
|-damage|p1a: Slowking|0 fnt
|faint|p1a: Slowking
|
|-weather|Snowscape|[upkeep]
|-heal|p2a: Ting-Lu|93/100|[from] item: Leftovers
|upkeep
|
|t:|1781156702
|switch|p1a: Cinderace|Cinderace, F|100/100
|turn|7
|
|t:|1781156707
|move|p1a: Cinderace|Will-O-Wisp|p2a: Ting-Lu
|-status|p2a: Ting-Lu|brn
|move|p2a: Ting-Lu|Earthquake|p1a: Cinderace
|-supereffective|p1a: Cinderace
|-damage|p1a: Cinderace|47/100
|
|-weather|none
|-heal|p2a: Ting-Lu|99/100 brn|[from] item: Leftovers
|-damage|p2a: Ting-Lu|93/100 brn|[from] brn
|upkeep
|turn|8
|
|t:|1781156712
|move|p1a: Cinderace|U-turn|p2a: Ting-Lu
|-start|p1a: Cinderace|typechange|Bug|[from] ability: Libero
|-damage|p2a: Ting-Lu|75/100 brn
|
|t:|1781156715
|switch|p1a: Landorus|Landorus-Therian, M|36/100|[from] U-turn
|-ability|p1a: Landorus|Intimidate|boost
|-unboost|p2a: Ting-Lu|atk|1
|move|p2a: Ting-Lu|Earthquake|p1a: Landorus
|-immune|p1a: Landorus
|
|-heal|p2a: Ting-Lu|81/100 brn|[from] item: Leftovers
|-damage|p2a: Ting-Lu|75/100 brn|[from] brn
|upkeep
|turn|9
|
|t:|1781156722
|switch|p2a: Sinistcha|Sinistcha|100/100
|move|p1a: Landorus|Earthquake|p2a: Sinistcha
|-resisted|p2a: Sinistcha
|-damage|p2a: Sinistcha|84/100
|
|upkeep
|turn|10
|
|t:|1781156726
|move|p1a: Landorus|U-turn|p2a: Sinistcha
|-damage|p2a: Sinistcha|69/100
|
|t:|1781156728
|switch|p1a: Kyurem|Kyurem, tera:Ice|78/100|[from] U-turn
|-ability|p1a: Kyurem|Pressure
|move|p2a: Sinistcha|Shadow Ball|p1a: Kyurem
|-damage|p1a: Kyurem|47/100
|
|upkeep
|turn|11
|
|t:|1781156732
|switch|p2a: Ting-Lu|Ting-Lu, tera:Water|75/100 brn
|-damage|p2a: Ting-Lu|63/100 brn|[from] Stealth Rock
|-ability|p2a: Ting-Lu|Vessel of Ruin
|move|p1a: Kyurem|Freeze-Dry|p2a: Ting-Lu
|-supereffective|p2a: Ting-Lu
|-damage|p2a: Ting-Lu|1/100 brn
|
|-heal|p2a: Ting-Lu|8/100 brn|[from] item: Leftovers
|-damage|p2a: Ting-Lu|1/100 brn|[from] brn
|upkeep
|turn|12
|
|t:|1781156736
|move|p1a: Kyurem|Freeze-Dry|p2a: Ting-Lu
|-supereffective|p2a: Ting-Lu
|-damage|p2a: Ting-Lu|0 fnt
|faint|p2a: Ting-Lu
|
|upkeep
|
|t:|1781156764
|switch|p2a: Clefable|Clefable, F|100/100
|turn|13
|
|t:|1781156767
|move|p1a: Kyurem|Freeze-Dry|p2a: Clefable
|-damage|p2a: Clefable|33/100
|move|p2a: Clefable|Stealth Rock|p1a: Kyurem
|-sidestart|p1: AyushXD|move: Stealth Rock
|
|-heal|p2a: Clefable|40/100|[from] item: Leftovers
|upkeep
|turn|14
|
|t:|1781156786
|move|p1a: Kyurem|Freeze-Dry|p2a: Clefable
|-damage|p2a: Clefable|0 fnt
|faint|p2a: Clefable
|
|upkeep
|
|t:|1781156788
|switch|p2a: Samurott|Samurott-Hisui, M|100/100
|-damage|p2a: Samurott|88/100|[from] Stealth Rock
|turn|15
|
|t:|1781156794
|move|p2a: Samurott|Razor Shell|p1a: Kyurem
|-damage|p1a: Kyurem|0 fnt
|faint|p1a: Kyurem
|
|upkeep
|
|t:|1781156804
|switch|p1a: Iron Valiant|Iron Valiant|100/100
|-damage|p1a: Iron Valiant|94/100|[from] Stealth Rock
|-enditem|p1a: Iron Valiant|Booster Energy
|-activate|p1a: Iron Valiant|ability: Quark Drive|[fromitem]
|-start|p1a: Iron Valiant|quarkdrivespe
|turn|16
|
|t:|1781156814
|switch|p2a: Moltres|Moltres|100/100
|-ability|p2a: Moltres|Pressure
|move|p1a: Iron Valiant|Knock Off|p2a: Moltres
|-damage|p2a: Moltres|74/100
|-enditem|p2a: Moltres|Heavy-Duty Boots|[from] move: Knock Off|[of] p1a: Iron Valiant
|
|upkeep
|turn|17
|
|t:|1781156823
|-end|p1a: Iron Valiant|Quark Drive|[silent]
|switch|p1a: Landorus|Landorus-Therian, M|36/100
|-damage|p1a: Landorus|23/100|[from] Stealth Rock
|-ability|p1a: Landorus|Intimidate|boost
|-unboost|p2a: Moltres|atk|1
|move|p2a: Moltres|Hurricane|p1a: Landorus
|-damage|p1a: Landorus|0 fnt
|faint|p1a: Landorus
|
|upkeep
|
|t:|1781156826
|switch|p1a: Kingambit|Kingambit, F|100/100
|-damage|p1a: Kingambit|94/100|[from] Stealth Rock
|-activate|p1a: Kingambit|ability: Supreme Overlord
|-start|p1a: Kingambit|fallen3|[silent]
|turn|18
|
|t:|1781156830
|move|p2a: Moltres|Overheat|p1a: Kingambit
|-supereffective|p1a: Kingambit
|-damage|p1a: Kingambit|0 fnt
|-unboost|p2a: Moltres|spa|2
|faint|p1a: Kingambit
|-end|p1a: Kingambit|fallen3|[silent]
|
|upkeep
|
|t:|1781156838
|switch|p1a: Cinderace|Cinderace, F|47/100
|turn|19
|
|t:|1781156840
|move|p1a: Cinderace|Pyro Ball|p2a: Moltres
|-resisted|p2a: Moltres
|-damage|p2a: Moltres|47/100
|move|p2a: Moltres|Hurricane|p1a: Cinderace
|-damage|p1a: Cinderace|5/100
|
|upkeep
|turn|20
|
|t:|1781156844
|move|p1a: Cinderace|Pyro Ball|p2a: Moltres
|-resisted|p2a: Moltres
|-damage|p2a: Moltres|21/100
|move|p2a: Moltres|Roost|p2a: Moltres
|-heal|p2a: Moltres|71/100
|-singleturn|p2a: Moltres|move: Roost
|
|upkeep
|turn|21
|
|t:|1781156848
|move|p1a: Cinderace|Pyro Ball|p2a: Moltres
|-resisted|p2a: Moltres
|-damage|p2a: Moltres|41/100
|move|p2a: Moltres|Roost|p2a: Moltres
|-heal|p2a: Moltres|91/100
|-singleturn|p2a: Moltres|move: Roost
|
|upkeep
|turn|22
|
|t:|1781156852
|move|p1a: Cinderace|Pyro Ball|p2a: Moltres
|-resisted|p2a: Moltres
|-damage|p2a: Moltres|65/100
|move|p2a: Moltres|Hurricane|p1a: Cinderace
|-damage|p1a: Cinderace|0 fnt
|faint|p1a: Cinderace
|
|upkeep
|
|t:|1781156856
|switch|p1a: Iron Valiant|Iron Valiant|94/100
|-damage|p1a: Iron Valiant|88/100|[from] Stealth Rock
|turn|23
|
|t:|1781156858
|move|p1a: Iron Valiant|Moonblast|p2a: Moltres
|-resisted|p2a: Moltres
|-damage|p2a: Moltres|39/100
|-unboost|p2a: Moltres|spa|1
|move|p2a: Moltres|Hurricane|p1a: Iron Valiant
|-supereffective|p1a: Iron Valiant
|-damage|p1a: Iron Valiant|0 fnt
|faint|p1a: Iron Valiant
|-end|p1a: Iron Valiant|Quark Drive|[silent]
|
|win|jonuz
|raw|AyushXD's rating: 1628 &rarr; <strong>1606</strong><br />(-22 for losing)
|raw|jonuz's rating: 1591 &rarr; <strong>1613</strong><br />(+22 for winning)
|l|☆AyushXD
|player|p1|
|l|☆jonuz
|player|p2|
