|j|☆lord shiddenfards
|j|☆goodnightnite
|t:|1781598498
|gametype|singles
|player|p1|lord shiddenfards|blaine|1604
|player|p2|goodnightnite|miku-water|1580
|gen|9
|tier|[Gen 9] OU
|rated|
|rule|HP Percentage Mod: HP is shown in percentages
|rule|Endless Battle Clause: Forcing endless battles is banned
|rule|Species Clause: Limit one of each Pokémon
|rule|OHKO Clause: OHKO moves are banned
|rule|Evasion Items Clause: Evasion items are banned
|rule|Evasion Moves Clause: Evasion moves are banned
|rule|Evasion Abilities Clause: Evasion abilities are banned
|rule|Sleep Moves Clause: Sleep-inducing moves are banned
|clearpoke
|poke|p1|Ninetales, F|
|poke|p1|Great Tusk|
|poke|p1|Slither Wing|
|poke|p1|Alomomola, M|
|poke|p1|Iron Moth|
|poke|p1|Raging Bolt|
|poke|p2|Gholdengo|
|poke|p2|Garganacl, M|
|poke|p2|Volcanion|
|poke|p2|Great Tusk|
|poke|p2|Zapdos|
|poke|p2|Meowscarada, F|
|teampreview
|inactive|Battle timer is ON: inactive players will automatically lose when time's up. (requested by goodnightnite)
|j| residd
|
|t:|1781598526
|teamsize|p1|6
|teamsize|p2|6
|start
|switch|p1a: Slither Wing|Slither Wing|100/100
|switch|p2a: Garganacl|Garganacl, M|100/100
|turn|1
|
|t:|1781598531
|move|p2a: Garganacl|Protect|p2a: Garganacl
|-singleturn|p2a: Garganacl|Protect
|move|p1a: Slither Wing|Close Combat|p2a: Garganacl
|-activate|p2a: Garganacl|move: Protect
|
|upkeep
|turn|2
|
|t:|1781598539
|-end|p1a: Slither Wing|Protosynthesis|[silent]
|switch|p1a: Raging Bolt|Raging Bolt|100/100
|switch|p2a: Zapdos|Zapdos|100/100
|
|upkeep
|turn|3
|
|t:|1781598544
|move|p2a: Zapdos|U-turn|p1a: Raging Bolt
|-damage|p1a: Raging Bolt|89/100
|
|t:|1781598546
|switch|p2a: Gholdengo|Gholdengo|100/100|[from] U-turn
|move|p1a: Raging Bolt|Draco Meteor|p2a: Gholdengo
|-resisted|p2a: Gholdengo
|-damage|p2a: Gholdengo|55/100
|-unboost|p1a: Raging Bolt|spa|2
|
|upkeep
|turn|4
|
|t:|1781598551
|switch|p2a: Garganacl|Garganacl, M|100/100
|move|p1a: Raging Bolt|Volt Switch|p2a: Garganacl
|-damage|p2a: Garganacl|86/100
|
|t:|1781598556
|-end|p1a: Raging Bolt|Protosynthesis|[silent]
|switch|p1a: Slither Wing|Slither Wing|100/100|[from] Volt Switch
|
|-heal|p2a: Garganacl|92/100|[from] item: Leftovers
|upkeep
|turn|5
|
|t:|1781598560
|move|p2a: Garganacl|Protect|p2a: Garganacl
|-singleturn|p2a: Garganacl|Protect
|move|p1a: Slither Wing|U-turn|p2a: Garganacl
|-activate|p2a: Garganacl|move: Protect
|
|-heal|p2a: Garganacl|99/100|[from] item: Leftovers
|upkeep
|turn|6
|
|t:|1781598565
|switch|p2a: Zapdos|Zapdos|100/100
|move|p1a: Slither Wing|U-turn|p2a: Zapdos
|-resisted|p2a: Zapdos
|-damage|p2a: Zapdos|80/100
|
|t:|1781598569
|-end|p1a: Slither Wing|Protosynthesis|[silent]
|switch|p1a: Ninetales|Ninetales, F|100/100|[from] U-turn
|-weather|SunnyDay|[from] ability: Drought|[of] p1a: Ninetales
|
|-weather|SunnyDay|[upkeep]
|upkeep
|turn|7
|
|t:|1781598578
|move|p1a: Ninetales|Solar Beam||[still]
|-prepare|p1a: Ninetales|Solar Beam
|-anim|p1a: Ninetales|Solar Beam|p2a: Zapdos
|-resisted|p2a: Zapdos
|-damage|p2a: Zapdos|59/100
|move|p2a: Zapdos|U-turn|p1a: Ninetales
|-resisted|p1a: Ninetales
|-damage|p1a: Ninetales|91/100
|
|t:|1781598583
|switch|p2a: Great Tusk|Great Tusk|100/100|[from] U-turn
|-activate|p2a: Great Tusk|ability: Protosynthesis
|-start|p2a: Great Tusk|protosynthesisatk
|
|-weather|SunnyDay|[upkeep]
|upkeep
|turn|8
|
|t:|1781598593
|switch|p1a: Alomomola|Alomomola, M|100/100
|move|p2a: Great Tusk|Headlong Rush|p1a: Alomomola
|-crit|p1a: Alomomola
|-damage|p1a: Alomomola|14/100
|-unboost|p2a: Great Tusk|def|1
|-unboost|p2a: Great Tusk|spd|1
|-enditem|p1a: Alomomola|Eject Button
|
|t:|1781598608
|switch|p1a: Great Tusk|Great Tusk|100/100
|-activate|p1a: Great Tusk|ability: Protosynthesis
|-start|p1a: Great Tusk|protosynthesisspe
|
|-weather|SunnyDay|[upkeep]
|upkeep
|turn|9
|
|t:|1781598619
|move|p1a: Great Tusk|Ice Spinner|p2a: Great Tusk
|-supereffective|p2a: Great Tusk
|-damage|p2a: Great Tusk|54/100
|move|p2a: Great Tusk|Headlong Rush|p1a: Great Tusk
|-damage|p1a: Great Tusk|48/100
|-unboost|p2a: Great Tusk|def|1
|-unboost|p2a: Great Tusk|spd|1
|
|-weather|SunnyDay|[upkeep]
|upkeep
|turn|10
|
|t:|1781598626
|-end|p2a: Great Tusk|Protosynthesis|[silent]
|switch|p2a: Gholdengo|Gholdengo|55/100
|move|p1a: Great Tusk|Ice Spinner|p2a: Gholdengo
|-resisted|p2a: Gholdengo
|-damage|p2a: Gholdengo|42/100
|
|-weather|none
|-end|p1a: Great Tusk|Protosynthesis
|upkeep
|turn|11
|
|t:|1781598632
|switch|p2a: Zapdos|Zapdos|59/100
|-end|p1a: Great Tusk|Protosynthesis|[silent]
|switch|p1a: Raging Bolt|Raging Bolt|89/100
|
|upkeep
|turn|12
|
|t:|1781598636
|move|p2a: Zapdos|Roost|p2a: Zapdos
|-heal|p2a: Zapdos|100/100
|-singleturn|p2a: Zapdos|move: Roost
|move|p1a: Raging Bolt|Volt Switch|p2a: Zapdos
|-resisted|p2a: Zapdos
|-damage|p2a: Zapdos|79/100
|
|t:|1781598639
|-end|p1a: Raging Bolt|Protosynthesis|[silent]
|switch|p1a: Ninetales|Ninetales, F|91/100|[from] Volt Switch
|-weather|SunnyDay|[from] ability: Drought|[of] p1a: Ninetales
|
|-weather|SunnyDay|[upkeep]
|upkeep
|turn|13
|
|t:|1781598645
|move|p1a: Ninetales|Overheat|p2a: Zapdos
|-damage|p2a: Zapdos|0 fnt
|-unboost|p1a: Ninetales|spa|2
|faint|p2a: Zapdos
|
|-weather|SunnyDay|[upkeep]
|upkeep
|
|t:|1781598649
|switch|p2a: Garganacl|Garganacl, M|99/100
|turn|14
|
|t:|1781598663
|switch|p1a: Alomomola|Alomomola, M|47/100
|move|p2a: Garganacl|Stealth Rock|p1a: Alomomola
|-sidestart|p1: lord shiddenfards|move: Stealth Rock
|
|-weather|SunnyDay|[upkeep]
|-heal|p2a: Garganacl|100/100|[from] item: Leftovers
|upkeep
|turn|15
|
|t:|1781598671
|switch|p2a: Volcanion|Volcanion|100/100
|move|p1a: Alomomola|Wish|p1a: Alomomola
|
|-weather|SunnyDay|[upkeep]
|upkeep
|turn|16
|
|t:|1781598679
|switch|p1a: Raging Bolt|Raging Bolt|89/100
|-damage|p1a: Raging Bolt|77/100|[from] Stealth Rock
|-activate|p1a: Raging Bolt|ability: Protosynthesis
|-start|p1a: Raging Bolt|protosynthesisspa
|move|p2a: Volcanion|Sludge Bomb|p1a: Raging Bolt
|-damage|p1a: Raging Bolt|59/100
|
|-weather|none
|-end|p1a: Raging Bolt|Protosynthesis
|-heal|p1a: Raging Bolt|100/100|[from] move: Wish|[wisher] Alomomola
|upkeep
|turn|17
|
|t:|1781598688
|move|p2a: Volcanion|Sludge Bomb|p1a: Raging Bolt
|-damage|p1a: Raging Bolt|82/100
|move|p1a: Raging Bolt|Draco Meteor|p2a: Volcanion
|-damage|p2a: Volcanion|11/100
|-unboost|p1a: Raging Bolt|spa|2
|
|upkeep
|turn|18
|
|t:|1781598695
|switch|p2a: Great Tusk|Great Tusk|54/100
|move|p1a: Raging Bolt|Volt Switch|p2a: Great Tusk
|-immune|p2a: Great Tusk
|
|upkeep
|turn|19
|
|t:|1781598699
|-end|p1a: Raging Bolt|Protosynthesis|[silent]
|switch|p1a: Alomomola|Alomomola, M|81/100
|-damage|p1a: Alomomola|68/100|[from] Stealth Rock
|move|p2a: Great Tusk|Headlong Rush|p1a: Alomomola
|-damage|p1a: Alomomola|23/100
|-unboost|p2a: Great Tusk|def|1
|-unboost|p2a: Great Tusk|spd|1
|
|upkeep
|turn|20
|
|t:|1781598705
|move|p2a: Great Tusk|Headlong Rush|p1a: Alomomola
|-damage|p1a: Alomomola|0 fnt
|-unboost|p2a: Great Tusk|def|1
|-unboost|p2a: Great Tusk|spd|1
|faint|p1a: Alomomola
|
|upkeep
|
|t:|1781598707
|switch|p1a: Great Tusk|Great Tusk|48/100
|turn|21
|
|t:|1781598712
|move|p2a: Great Tusk|Headlong Rush|p1a: Great Tusk
|-damage|p1a: Great Tusk|9/100
|-unboost|p2a: Great Tusk|def|1
|-unboost|p2a: Great Tusk|spd|1
|move|p1a: Great Tusk|Headlong Rush|p2a: Great Tusk
|-damage|p2a: Great Tusk|0 fnt
|-unboost|p1a: Great Tusk|def|1
|-unboost|p1a: Great Tusk|spd|1
|faint|p2a: Great Tusk
|-end|p2a: Great Tusk|Protosynthesis|[silent]
|
|upkeep
|
|t:|1781598718
|switch|p2a: Meowscarada|Meowscarada, F|100/100
|turn|22
|
|t:|1781598724
|-end|p1a: Great Tusk|Protosynthesis|[silent]
|switch|p1a: Ninetales|Ninetales, F|91/100
|-damage|p1a: Ninetales|66/100|[from] Stealth Rock
|-weather|SunnyDay|[from] ability: Drought|[of] p1a: Ninetales
|move|p2a: Meowscarada|U-turn|p1a: Ninetales
|-start|p2a: Meowscarada|typechange|Bug|[from] ability: Protean
|-resisted|p1a: Ninetales
|-damage|p1a: Ninetales|29/100
|
|t:|1781598730
|switch|p2a: Gholdengo|Gholdengo|42/100|[from] U-turn
|
|-weather|SunnyDay|[upkeep]
|upkeep
|turn|23
|
|t:|1781598735
|move|p2a: Gholdengo|Shadow Ball|p1a: Ninetales
|-damage|p1a: Ninetales|0 fnt
|faint|p1a: Ninetales
|
|-weather|SunnyDay|[upkeep]
|upkeep
|
|t:|1781598739
|switch|p1a: Raging Bolt|Raging Bolt|82/100
|-damage|p1a: Raging Bolt|70/100|[from] Stealth Rock
|-activate|p1a: Raging Bolt|ability: Protosynthesis
|-start|p1a: Raging Bolt|protosynthesisspa
|turn|24
|
|t:|1781598743
|move|p2a: Gholdengo|Shadow Ball|p1a: Raging Bolt
|-damage|p1a: Raging Bolt|43/100
|move|p1a: Raging Bolt|Volt Switch|p2a: Gholdengo
|-damage|p2a: Gholdengo|0 fnt
|faint|p2a: Gholdengo
|
|t:|1781598752
|-end|p1a: Raging Bolt|Protosynthesis|[silent]
|switch|p1a: Great Tusk|Great Tusk|9/100|[from] Volt Switch
|-activate|p1a: Great Tusk|ability: Protosynthesis
|-start|p1a: Great Tusk|protosynthesisspe
|
|-weather|SunnyDay|[upkeep]
|upkeep
|
|t:|1781598759
|switch|p2a: Garganacl|Garganacl, M|100/100
|turn|25
|
|t:|1781598761
|move|p2a: Garganacl|Protect|p2a: Garganacl
|-singleturn|p2a: Garganacl|Protect
|move|p1a: Great Tusk|Rapid Spin|p2a: Garganacl
|-activate|p2a: Garganacl|move: Protect
|
|-weather|SunnyDay|[upkeep]
|upkeep
|turn|26
|
|t:|1781598772
|switch|p2a: Meowscarada|Meowscarada, F|100/100
|move|p1a: Great Tusk|Rapid Spin|p2a: Meowscarada
|-damage|p2a: Meowscarada|77/100
|-boost|p1a: Great Tusk|spe|1
|-sideend|p1: lord shiddenfards|Stealth Rock|[from] move: Rapid Spin|[of] p1a: Great Tusk
|
|-weather|none
|-end|p1a: Great Tusk|Protosynthesis
|upkeep
|turn|27
|
|t:|1781598783
|-end|p1a: Great Tusk|Protosynthesis|[silent]
|switch|p1a: Iron Moth|Iron Moth|100/100
|-enditem|p1a: Iron Moth|Booster Energy
|-activate|p1a: Iron Moth|ability: Quark Drive|[fromitem]
|-start|p1a: Iron Moth|quarkdrivespe
|move|p2a: Meowscarada|U-turn|p1a: Iron Moth
|-start|p2a: Meowscarada|typechange|Bug|[from] ability: Protean
|-resisted|p1a: Iron Moth
|-damage|p1a: Iron Moth|78/100
|
|t:|1781598788
|switch|p2a: Garganacl|Garganacl, M|100/100|[from] U-turn
|
|upkeep
|turn|28
|
|t:|1781598794
|move|p1a: Iron Moth|Psychic|p2a: Garganacl
|-damage|p2a: Garganacl|80/100
|move|p2a: Garganacl|Stealth Rock|p1a: Iron Moth
|-sidestart|p1: lord shiddenfards|move: Stealth Rock
|
|-heal|p2a: Garganacl|87/100|[from] item: Leftovers
|upkeep
|turn|29
|
|t:|1781598799
|move|p1a: Iron Moth|Psychic|p2a: Garganacl
|-damage|p2a: Garganacl|67/100
|move|p2a: Garganacl|Salt Cure|p1a: Iron Moth
|-supereffective|p1a: Iron Moth
|-damage|p1a: Iron Moth|32/100
|-start|p1a: Iron Moth|Salt Cure
|
|-heal|p2a: Garganacl|73/100|[from] item: Leftovers
|-damage|p1a: Iron Moth|20/100|[from] Salt Cure
|upkeep
|turn|30
|
|t:|1781598802
|move|p1a: Iron Moth|Psychic|p2a: Garganacl
|-damage|p2a: Garganacl|52/100
|move|p2a: Garganacl|Recover|p2a: Garganacl
|-heal|p2a: Garganacl|100/100
|
|-damage|p1a: Iron Moth|7/100|[from] Salt Cure
|upkeep
|turn|31
|
|t:|1781598806
|move|p2a: Garganacl|Protect|p2a: Garganacl
|-singleturn|p2a: Garganacl|Protect
|move|p1a: Iron Moth|Psychic|p2a: Garganacl
|-activate|p2a: Garganacl|move: Protect
|
|-damage|p1a: Iron Moth|0 fnt|[from] Salt Cure
|faint|p1a: Iron Moth
|-end|p1a: Iron Moth|Quark Drive|[silent]
|upkeep
|j| avernux
|
|t:|1781598810
|switch|p1a: Slither Wing|Slither Wing|100/100
|-damage|p1a: Slither Wing|88/100|[from] Stealth Rock
|turn|32
|
|t:|1781598814
|-terastallize|p2a: Garganacl|Fairy
|move|p1a: Slither Wing|Close Combat|p2a: Garganacl
|-resisted|p2a: Garganacl
|-damage|p2a: Garganacl|68/100
|-unboost|p1a: Slither Wing|def|1
|-unboost|p1a: Slither Wing|spd|1
|move|p2a: Garganacl|Salt Cure|p1a: Slither Wing
|-damage|p1a: Slither Wing|60/100
|-start|p1a: Slither Wing|Salt Cure
|
|-heal|p2a: Garganacl|75/100|[from] item: Leftovers
|-damage|p1a: Slither Wing|48/100|[from] Salt Cure
|upkeep
|turn|33
|
|t:|1781598822
|-end|p1a: Slither Wing|Protosynthesis|[silent]
|switch|p1a: Raging Bolt|Raging Bolt|43/100
|-damage|p1a: Raging Bolt|31/100|[from] Stealth Rock
|move|p2a: Garganacl|Recover|p2a: Garganacl
|-heal|p2a: Garganacl|100/100
|
|upkeep
|turn|34
|
|t:|1781598841
|move|p2a: Garganacl|Protect|p2a: Garganacl
|-singleturn|p2a: Garganacl|Protect
|move|p1a: Raging Bolt|Weather Ball|p2a: Garganacl
|-activate|p2a: Garganacl|move: Protect
|
|upkeep
|turn|35
|
|t:|1781598847
|move|p1a: Raging Bolt|Thunderclap|p2a: Garganacl
|-damage|p2a: Garganacl|72/100
|move|p2a: Garganacl|Salt Cure|p1a: Raging Bolt
|-damage|p1a: Raging Bolt|19/100
|-start|p1a: Raging Bolt|Salt Cure
|
|-heal|p2a: Garganacl|78/100|[from] item: Leftovers
|-damage|p1a: Raging Bolt|7/100|[from] Salt Cure
|upkeep
|turn|36
|
|t:|1781598857
|move|p1a: Raging Bolt|Weather Ball|p2a: Garganacl
|-damage|p2a: Garganacl|64/100
|move|p2a: Garganacl|Recover|p2a: Garganacl
|-heal|p2a: Garganacl|100/100
|
|-damage|p1a: Raging Bolt|0 fnt|[from] Salt Cure
|faint|p1a: Raging Bolt
|-end|p1a: Raging Bolt|Protosynthesis|[silent]
|upkeep
|
|t:|1781598876
|switch|p1a: Great Tusk|Great Tusk|9/100
|turn|37
|
|t:|1781598880
|move|p1a: Great Tusk|Rapid Spin|p2a: Garganacl
|-damage|p2a: Garganacl|91/100
|-boost|p1a: Great Tusk|spe|1
|-sideend|p1: lord shiddenfards|Stealth Rock|[from] move: Rapid Spin|[of] p1a: Great Tusk
|move|p2a: Garganacl|Salt Cure|p1a: Great Tusk
|-resisted|p1a: Great Tusk
|-damage|p1a: Great Tusk|6/100
|-start|p1a: Great Tusk|Salt Cure
|
|-heal|p2a: Garganacl|98/100|[from] item: Leftovers
|-damage|p1a: Great Tusk|0 fnt|[from] Salt Cure
|faint|p1a: Great Tusk
|-end|p1a: Great Tusk|Protosynthesis|[silent]
|upkeep
|
|t:|1781598882
|switch|p1a: Slither Wing|Slither Wing|48/100
|turn|38
|
|t:|1781598886
|move|p1a: Slither Wing|Earthquake|p2a: Garganacl
|-damage|p2a: Garganacl|56/100
|move|p2a: Garganacl|Salt Cure|p1a: Slither Wing
|-damage|p1a: Slither Wing|31/100
|-start|p1a: Slither Wing|Salt Cure
|
|-heal|p2a: Garganacl|62/100|[from] item: Leftovers
|-damage|p1a: Slither Wing|19/100|[from] Salt Cure
|upkeep
|turn|39
|
|t:|1781598889
|move|p1a: Slither Wing|Earthquake|p2a: Garganacl
|-damage|p2a: Garganacl|23/100
|move|p2a: Garganacl|Recover|p2a: Garganacl
|-heal|p2a: Garganacl|73/100
|
|-heal|p2a: Garganacl|79/100|[from] item: Leftovers
|-damage|p1a: Slither Wing|6/100|[from] Salt Cure
|upkeep
|turn|40
|-message|lord shiddenfards forfeited.
|
|win|goodnightnite
|raw|lord shiddenfards's rating: 1604 &rarr; <strong>1583</strong><br />(-21 for losing)
|raw|goodnightnite's rating: 1580 &rarr; <strong>1601</strong><br />(+21 for winning)
|l|☆lord shiddenfards
|player|p1|
|l|☆goodnightnite
|player|p2|
|l| avernux
