|badge|p1|bronze|gen9ou|100-9
|badge|p1|silver|gen9pu|30-9
|uhtml|medal-msg|<div class="broadcast-blue">Curious what those medals under the avatar are? PS now has Ladder Seasons! For more information, check out the <a href="https://www.smogon.com/forums/threads/3740067/">thread on Smogon.</a></div>
|badge|p2|bronze|gen9ou|100-9
|uhtml|medal-msg|<div class="broadcast-blue">Curious what those medals under the avatar are? PS now has Ladder Seasons! For more information, check out the <a href="https://www.smogon.com/forums/threads/3740067/">thread on Smogon.</a></div>
|j|☆ceo o wo chien
|j|☆isaac_gam3r
|t:|1781245184
|gametype|singles
|player|p1|ceo o wo chien|fisherman-gen4|1859
|player|p2|isaac_gam3r|acetrainer-gen4dp|1818
|gen|9
|tier|[Gen 9] OU
|rated|
|rule|HP Percentage Mod: HP is shown in percentages
|rule|Endless Battle Clause: Forcing endless battles is banned
|rule|Species Clause: Limit one of each Pokémon
|rule|OHKO Clause: OHKO moves are banned
|rule|Evasion Items Clause: Evasion items are banned
|rule|Evasion Moves Clause: Evasion moves are banned
|rule|Evasion Abilities Clause: Evasion abilities are banned
|rule|Sleep Moves Clause: Sleep-inducing moves are banned
|clearpoke
|poke|p1|Iron Treads|
|poke|p1|Wo-Chien|
|poke|p1|Gholdengo|
|poke|p1|Zapdos|
|poke|p1|Samurott-Hisui, F|
|poke|p1|Zamazenta-*|
|poke|p2|Primarina, F|
|poke|p2|Raging Bolt|
|poke|p2|Heatran, M|
|poke|p2|Weezing-Galar, M|
|poke|p2|Garchomp, M|
|poke|p2|Weavile, F|
|teampreview
|inactive|Battle timer is ON: inactive players will automatically lose when time's up. (requested by ceo o wo chien)
|
|t:|1781245196
|teamsize|p1|6
|teamsize|p2|6
|start
|switch|p1a: Zapdos|Zapdos|100/100
|switch|p2a: Primarina|Primarina, F, shiny|100/100
|turn|1
|
|t:|1781245200
|switch|p2a: Garchomp|Garchomp, M|100/100
|move|p1a: Zapdos|Discharge|p2a: Garchomp
|-immune|p2a: Garchomp
|
|upkeep
|turn|2
|
|t:|1781245206
|move|p2a: Garchomp|Rock Slide|p1a: Zapdos|[miss]
|-miss|p2a: Garchomp|p1a: Zapdos
|move|p1a: Zapdos|Hurricane|p2a: Garchomp|[miss]
|-miss|p1a: Zapdos|p2a: Garchomp
|
|upkeep
|turn|3
|j| nakta & ori
|
|t:|1781245210
|switch|p1a: Wo-Chien|Wo-Chien|100/100
|-ability|p1a: Wo-Chien|Tablets of Ruin
|move|p2a: Garchomp|Rock Slide|p1a: Wo-Chien
|-damage|p1a: Wo-Chien|87/100
|
|-heal|p1a: Wo-Chien|93/100|[from] item: Leftovers
|upkeep
|turn|4
|l| nakta & ori
|
|t:|1781245213
|switch|p2a: Weezing|Weezing-Galar, M, shiny|100/100
|move|p1a: Wo-Chien|Leech Seed|p2a: Weezing
|-start|p2a: Weezing|move: Leech Seed
|
|-heal|p1a: Wo-Chien|99/100|[from] item: Leftovers
|-damage|p2a: Weezing|88/100|[from] Leech Seed|[of] p1a: Wo-Chien
|-heal|p1a: Wo-Chien|100/100|[silent]
|upkeep
|turn|5
|
|t:|1781245216
|switch|p1a: Gholdengo|Gholdengo|100/100
|-item|p1a: Gholdengo|Air Balloon
|move|p2a: Weezing|Will-O-Wisp|p1a: Gholdengo
|-immune|p1a: Gholdengo|[from] ability: Good as Gold
|
|-heal|p2a: Weezing|94/100|[from] item: Black Sludge
|-damage|p2a: Weezing|82/100|[from] Leech Seed|[of] p1a: Gholdengo
|upkeep
|turn|6
|
|t:|1781245220
|switch|p2a: Heatran|Heatran, M|100/100
|move|p1a: Gholdengo|Thunder Wave|p2a: Heatran
|-status|p2a: Heatran|par
|
|upkeep
|turn|7
|
|t:|1781245224
|switch|p1a: Samurott|Samurott-Hisui, F|100/100
|move|p2a: Heatran|Lava Plume|p1a: Samurott
|-resisted|p1a: Samurott
|-damage|p1a: Samurott|70/100
|
|upkeep
|turn|8
|
|t:|1781245230
|switch|p2a: Garchomp|Garchomp, M|100/100
|move|p1a: Samurott|Ceaseless Edge|p2a: Garchomp
|-damage|p2a: Garchomp|45/100
|-damage|p1a: Samurott|57/100|[from] ability: Rough Skin|[of] p2a: Garchomp
|-sidestart|p2: isaac_gam3r|Spikes
|
|upkeep
|turn|9
|
|t:|1781245240
|switch|p1a: Zapdos|Zapdos|100/100
|move|p2a: Garchomp|Earthquake|p1a: Zapdos
|-immune|p1a: Zapdos
|
|upkeep
|turn|10
|
|t:|1781245244
|switch|p2a: Raging Bolt|Raging Bolt|100/100
|-damage|p2a: Raging Bolt|88/100|[from] Spikes
|move|p1a: Zapdos|Hurricane|p2a: Raging Bolt
|-resisted|p2a: Raging Bolt
|-damage|p2a: Raging Bolt|69/100
|
|-heal|p2a: Raging Bolt|75/100|[from] item: Leftovers
|upkeep
|turn|11
|
|t:|1781245247
|switch|p1a: Wo-Chien|Wo-Chien|100/100
|-ability|p1a: Wo-Chien|Tablets of Ruin
|move|p2a: Raging Bolt|Calm Mind|p2a: Raging Bolt
|-boost|p2a: Raging Bolt|spa|1
|-boost|p2a: Raging Bolt|spd|1
|
|-heal|p2a: Raging Bolt|81/100|[from] item: Leftovers
|upkeep
|turn|12
|
|t:|1781245249
|move|p1a: Wo-Chien|Leech Seed|p2a: Raging Bolt
|-start|p2a: Raging Bolt|move: Leech Seed
|move|p2a: Raging Bolt|Calm Mind|p2a: Raging Bolt
|-boost|p2a: Raging Bolt|spa|1
|-boost|p2a: Raging Bolt|spd|1
|
|-heal|p2a: Raging Bolt|88/100|[from] item: Leftovers
|-damage|p2a: Raging Bolt|75/100|[from] Leech Seed|[of] p1a: Wo-Chien
|upkeep
|turn|13
|
|t:|1781245252
|move|p1a: Wo-Chien|Knock Off|p2a: Raging Bolt
|-damage|p2a: Raging Bolt|55/100
|-enditem|p2a: Raging Bolt|Leftovers|[from] move: Knock Off|[of] p1a: Wo-Chien
|move|p2a: Raging Bolt|Calm Mind|p2a: Raging Bolt
|-boost|p2a: Raging Bolt|spa|1
|-boost|p2a: Raging Bolt|spd|1
|
|-damage|p2a: Raging Bolt|43/100|[from] Leech Seed|[of] p1a: Wo-Chien
|upkeep
|turn|14
|
|t:|1781245257
|move|p1a: Wo-Chien|Foul Play|p2a: Raging Bolt
|-damage|p2a: Raging Bolt|26/100
|move|p2a: Raging Bolt|Thunderbolt|p1a: Wo-Chien
|-resisted|p1a: Wo-Chien
|-damage|p1a: Wo-Chien|54/100
|
|-heal|p1a: Wo-Chien|60/100|[from] item: Leftovers
|-damage|p2a: Raging Bolt|14/100|[from] Leech Seed|[of] p1a: Wo-Chien
|-heal|p1a: Wo-Chien|75/100|[silent]
|upkeep
|turn|15
|j| yuureisuisei
|
|t:|1781245260
|move|p1a: Wo-Chien|Protect|p1a: Wo-Chien
|-singleturn|p1a: Wo-Chien|Protect
|move|p2a: Raging Bolt|Dragon Pulse|p1a: Wo-Chien
|-activate|p1a: Wo-Chien|move: Protect
|
|-heal|p1a: Wo-Chien|81/100|[from] item: Leftovers
|-damage|p2a: Raging Bolt|2/100|[from] Leech Seed|[of] p1a: Wo-Chien
|-heal|p1a: Wo-Chien|96/100|[silent]
|upkeep
|turn|16
|
|t:|1781245263
|move|p1a: Wo-Chien|Knock Off|p2a: Raging Bolt
|-damage|p2a: Raging Bolt|0 fnt
|faint|p2a: Raging Bolt
|-end|p2a: Raging Bolt|Protosynthesis|[silent]
|
|-heal|p1a: Wo-Chien|100/100|[from] item: Leftovers
|upkeep
|
|t:|1781245266
|switch|p2a: Weezing|Weezing-Galar, M, shiny|82/100
|turn|17
|
|t:|1781245269
|switch|p1a: Iron Treads|Iron Treads|100/100
|move|p2a: Weezing|Defog|p1a: Iron Treads
|-unboost|p1a: Iron Treads|evasion|1
|-sideend|p2: isaac_gam3r|Spikes|[from] move: Defog|[of] p2a: Weezing
|
|-heal|p2a: Weezing|88/100|[from] item: Black Sludge
|upkeep
|turn|18
|
|t:|1781245275
|move|p1a: Iron Treads|Earthquake|p2a: Weezing
|-immune|p2a: Weezing|[from] ability: Levitate
|move|p2a: Weezing|Will-O-Wisp|p1a: Iron Treads
|-status|p1a: Iron Treads|brn
|
|-heal|p2a: Weezing|94/100|[from] item: Black Sludge
|-damage|p1a: Iron Treads|94/100 brn|[from] brn
|upkeep
|turn|19
|
|t:|1781245278
|switch|p2a: Garchomp|Garchomp, M|45/100
|move|p1a: Iron Treads|Stealth Rock|p2a: Garchomp
|-sidestart|p2: isaac_gam3r|move: Stealth Rock
|
|-damage|p1a: Iron Treads|88/100 brn|[from] brn
|upkeep
|turn|20
|
|t:|1781245281
|switch|p2a: Weezing|Weezing-Galar, M, shiny|94/100
|-damage|p2a: Weezing|82/100|[from] Stealth Rock
|-end|p1a: Iron Treads|Quark Drive|[silent]
|switch|p1a: Zapdos|Zapdos|100/100
|
|-heal|p2a: Weezing|88/100|[from] item: Black Sludge
|upkeep
|turn|21
|
|t:|1781245283
|move|p1a: Zapdos|Discharge|p2a: Weezing
|-damage|p2a: Weezing|39/100
|move|p2a: Weezing|Defog|p1a: Zapdos
|-unboost|p1a: Zapdos|evasion|1
|-sideend|p2: isaac_gam3r|Stealth Rock|[from] move: Defog|[of] p2a: Weezing
|
|-heal|p2a: Weezing|45/100|[from] item: Black Sludge
|upkeep
|turn|22
|
|t:|1781245286
|switch|p2a: Garchomp|Garchomp, M|45/100
|move|p1a: Zapdos|Hurricane|p2a: Garchomp|[miss]
|-miss|p1a: Zapdos|p2a: Garchomp
|
|upkeep
|turn|23
|
|t:|1781245290
|switch|p2a: Weavile|Weavile, F|100/100
|-ability|p2a: Weavile|Pressure
|move|p1a: Zapdos|Hurricane|p2a: Weavile
|-damage|p2a: Weavile|42/100
|
|upkeep
|turn|24
|-message|isaac_gam3r forfeited.
|
|win|ceo o wo chien
|raw|ceo o wo chien's rating: 1859 &rarr; <strong>1877</strong><br />(+18 for winning)
|raw|isaac_gam3r's rating: 1818 &rarr; <strong>1800</strong><br />(-18 for losing)
|l|☆isaac_gam3r
|player|p2|
|j|☆isaac_gam3r
|player|p2|isaac_gam3r|acetrainer-gen4dp|
|l|☆ceo o wo chien
|player|p1|
|l|☆isaac_gam3r
|player|p2|
|l| yuureisuisei
