|j|☆adil
|j|☆hawkins0
|t:|1780893572
|gametype|singles
|player|p1|adil|2|1733
|player|p2|hawkins0|169|1724
|gen|9
|tier|[Gen 9] OU
|rated|
|rule|HP Percentage Mod: HP is shown in percentages
|rule|Endless Battle Clause: Forcing endless battles is banned
|rule|Species Clause: Limit one of each Pokémon
|rule|OHKO Clause: OHKO moves are banned
|rule|Evasion Items Clause: Evasion items are banned
|rule|Evasion Moves Clause: Evasion moves are banned
|rule|Evasion Abilities Clause: Evasion abilities are banned
|rule|Sleep Moves Clause: Sleep-inducing moves are banned
|clearpoke
|poke|p1|Great Tusk|
|poke|p1|Tornadus-Therian, M|
|poke|p1|Kyurem|
|poke|p1|Slowking-Galar, M|
|poke|p1|Rillaboom, M|
|poke|p1|Ting-Lu|
|poke|p2|Hoopa-Unbound|
|poke|p2|Pecharunt|
|poke|p2|Landorus-Therian, M|
|poke|p2|Cinderace, M|
|poke|p2|Alomomola, M|
|poke|p2|Iron Valiant|
|teampreview
|
|t:|1780893586
|teamsize|p1|6
|teamsize|p2|6
|start
|switch|p1a: Kyurem|Kyurem|100/100
|switch|p2a: Liberacy|Cinderace, M, shiny|100/100
|-ability|p1a: Kyurem|Pressure
|turn|1
|inactive|Battle timer is ON: inactive players will automatically lose when time's up. (requested by adil)
|
|t:|1780893591
|move|p1a: Kyurem|Protect|p1a: Kyurem
|-singleturn|p1a: Kyurem|Protect
|move|p2a: Liberacy|U-turn|p1a: Kyurem
|-start|p2a: Liberacy|typechange|Bug|[from] ability: Libero
|-activate|p1a: Kyurem|move: Protect
|
|upkeep
|turn|2
|
|t:|1780893596
|move|p2a: Liberacy|U-turn|p1a: Kyurem
|-damage|p1a: Kyurem|66/100
|
|t:|1780893599
|switch|p2a: Khaos|Hoopa-Unbound|100/100|[from] U-turn
|move|p1a: Kyurem|Substitute|p1a: Kyurem
|-start|p1a: Kyurem|Substitute
|-damage|p1a: Kyurem|41/100
|
|-heal|p1a: Kyurem|48/100|[from] item: Leftovers
|upkeep
|turn|3
|
|t:|1780893602
|move|p1a: Kyurem|Protect|p1a: Kyurem
|-singleturn|p1a: Kyurem|Protect
|move|p2a: Khaos|Hyperspace Fury|p1a: Kyurem
|-activate|p1a: Kyurem|move: Hyperspace Fury|[broken]
|-damage|p1a: Kyurem|0 fnt
|-unboost|p2a: Khaos|def|1
|faint|p1a: Kyurem
|
|upkeep
|
|t:|1780893613
|switch|p1a: Rillaboom|Rillaboom, M|100/100
|-fieldstart|move: Grassy Terrain|[from] ability: Grassy Surge|[of] p1a: Rillaboom
|turn|4
|
|t:|1780893616
|switch|p2a: Overseer|Pecharunt|100/100
|move|p1a: Rillaboom|Swords Dance|p1a: Rillaboom
|-boost|p1a: Rillaboom|atk|2
|
|upkeep
|turn|5
|
|t:|1780893622
|-terastallize|p1a: Rillaboom|Dark
|move|p1a: Rillaboom|Knock Off|p2a: Overseer
|-supereffective|p2a: Overseer
|-damage|p2a: Overseer|0 fnt
|-enditem|p2a: Overseer|Heavy-Duty Boots|[from] move: Knock Off|[of] p1a: Rillaboom
|faint|p2a: Overseer
|-damage|p1a: Rillaboom|91/100|[from] item: Life Orb
|
|-heal|p1a: Rillaboom|97/100|[from] Grassy Terrain
|upkeep
|inactive|hawkins0 has 120 seconds left.
|inactive|hawkins0 has 90 seconds left.
|
|t:|1780893688
|switch|p2a: Enten|Landorus-Therian, M, shiny|100/100
|-ability|p2a: Enten|Intimidate|boost
|-unboost|p1a: Rillaboom|atk|1
|turn|6
|
|t:|1780893712
|move|p2a: Enten|U-turn|p1a: Rillaboom
|-supereffective|p1a: Rillaboom
|-damage|p1a: Rillaboom|36/100
|
|t:|1780893715
|switch|p2a: Liberacy|Cinderace, M, shiny|100/100|[from] U-turn
|move|p1a: Rillaboom|Knock Off|p2a: Liberacy
|-damage|p2a: Liberacy|0 fnt
|-enditem|p2a: Liberacy|Heavy-Duty Boots|[from] move: Knock Off|[of] p1a: Rillaboom
|faint|p2a: Liberacy
|-damage|p1a: Rillaboom|26/100|[from] item: Life Orb
|
|-heal|p1a: Rillaboom|32/100|[from] Grassy Terrain
|upkeep
|
|t:|1780893719
|switch|p2a: Calamity|Iron Valiant, shiny|100/100
|turn|7
|
|t:|1780893723
|move|p2a: Calamity|Vacuum Wave|p1a: Rillaboom
|-supereffective|p1a: Rillaboom
|-damage|p1a: Rillaboom|0 fnt
|faint|p1a: Rillaboom
|
|upkeep
|
|t:|1780893726
|switch|p1a: Tornadus|Tornadus-Therian, M|100/100
|turn|8
|
|t:|1780893728
|-end|p2a: Calamity|Quark Drive|[silent]
|switch|p2a: Pisces|Alomomola, M, shiny|100/100
|move|p1a: Tornadus|Bleakwind Storm|p2a: Pisces|[miss]
|-miss|p1a: Tornadus|p2a: Pisces
|
|-fieldend|move: Grassy Terrain
|upkeep
|turn|9
|
|t:|1780893732
|move|p1a: Tornadus|Knock Off|p2a: Pisces
|-damage|p2a: Pisces|86/100
|-enditem|p2a: Pisces|Assault Vest|[from] move: Knock Off|[of] p1a: Tornadus
|move|p2a: Pisces|Body Slam|p1a: Tornadus
|-damage|p1a: Tornadus|83/100
|
|upkeep
|turn|10
|
|t:|1780893738
|move|p1a: Tornadus|U-turn|p2a: Pisces
|-damage|p2a: Pisces|75/100
|
|t:|1780893742
|switch|p1a: Ting-Lu|Ting-Lu|100/100|[from] U-turn
|-ability|p1a: Ting-Lu|Vessel of Ruin
|move|p2a: Pisces|Body Slam|p1a: Ting-Lu
|-damage|p1a: Ting-Lu|92/100
|-status|p1a: Ting-Lu|par
|
|-heal|p1a: Ting-Lu|98/100 par|[from] item: Leftovers
|upkeep
|turn|11
|j| Champion reko
|
|t:|1780893750
|move|p2a: Pisces|Flip Turn|p1a: Ting-Lu
|-supereffective|p1a: Ting-Lu
|-damage|p1a: Ting-Lu|79/100 par
|
|t:|1780893752
|switch|p2a: Calamity|Iron Valiant, shiny|100/100|[from] Flip Turn
|move|p1a: Ting-Lu|Spikes|p2a: Calamity
|-sidestart|p2: hawkins0|Spikes
|
|-heal|p1a: Ting-Lu|86/100 par|[from] item: Leftovers
|upkeep
|turn|12
|
|t:|1780893755
|-end|p2a: Calamity|Quark Drive|[silent]
|switch|p2a: Khaos|Hoopa-Unbound|100/100
|-damage|p2a: Khaos|88/100|[from] Spikes
|switch|p1a: Slowking|Slowking-Galar, M|100/100
|
|upkeep
|turn|13
|
|t:|1780893760
|switch|p1a: Ting-Lu|Ting-Lu|86/100 par
|-ability|p1a: Ting-Lu|Vessel of Ruin
|move|p2a: Khaos|Knock Off|p1a: Ting-Lu
|-resisted|p1a: Ting-Lu
|-crit|p1a: Ting-Lu
|-damage|p1a: Ting-Lu|43/100 par
|-enditem|p1a: Ting-Lu|Leftovers|[from] move: Knock Off|[of] p2a: Khaos
|
|upkeep
|turn|14
|
|t:|1780893767
|switch|p2a: Enten|Landorus-Therian, M, shiny|100/100
|-ability|p2a: Enten|Intimidate|boost
|-unboost|p1a: Ting-Lu|atk|1
|move|p1a: Ting-Lu|Rest|p1a: Ting-Lu
|-status|p1a: Ting-Lu|slp|[from] move: Rest
|-heal|p1a: Ting-Lu|100/100 slp|[silent]
|
|upkeep
|turn|15
|
|t:|1780893772
|switch|p1a: Tornadus|Tornadus-Therian, M|100/100
|move|p2a: Enten|U-turn|p1a: Tornadus
|-resisted|p1a: Tornadus
|-damage|p1a: Tornadus|87/100
|
|t:|1780893777
|switch|p2a: Pisces|Alomomola, M, shiny|100/100|[from] U-turn
|-damage|p2a: Pisces|88/100|[from] Spikes
|
|upkeep
|turn|16
|
|t:|1780893780
|move|p1a: Tornadus|U-turn|p2a: Pisces
|-damage|p2a: Pisces|78/100
|
|t:|1780893783
|switch|p1a: Slowking|Slowking-Galar, M|100/100|[from] U-turn
|move|p2a: Pisces|Flip Turn|p1a: Slowking
|-damage|p1a: Slowking|82/100
|
|t:|1780893787
|switch|p2a: Khaos|Hoopa-Unbound|88/100|[from] Flip Turn
|-damage|p2a: Khaos|76/100|[from] Spikes
|
|upkeep
|turn|17
|
|t:|1780893791
|switch|p1a: Tornadus|Tornadus-Therian, M|100/100
|move|p2a: Khaos|Drain Punch|p1a: Tornadus
|-resisted|p1a: Tornadus
|-damage|p1a: Tornadus|71/100
|-heal|p2a: Khaos|93/100|[from] drain|[of] p1a: Tornadus
|
|upkeep
|turn|18
|
|t:|1780893802
|switch|p2a: Pisces|Alomomola, M, shiny|100/100
|-damage|p2a: Pisces|88/100|[from] Spikes
|move|p1a: Tornadus|Bleakwind Storm|p2a: Pisces
|-damage|p2a: Pisces|55/100
|
|upkeep
|turn|19
|
|t:|1780893806
|move|p1a: Tornadus|U-turn|p2a: Pisces
|-damage|p2a: Pisces|45/100
|
|t:|1780893817
|switch|p1a: Slowking|Slowking-Galar, M|100/100|[from] U-turn
|move|p2a: Pisces|Flip Turn|p1a: Slowking
|-damage|p1a: Slowking|84/100
|
|t:|1780893821
|switch|p2a: Khaos|Hoopa-Unbound|93/100|[from] Flip Turn
|-damage|p2a: Khaos|81/100|[from] Spikes
|
|upkeep
|turn|20
|
|t:|1780893824
|switch|p1a: Ting-Lu|Ting-Lu|100/100 slp
|-ability|p1a: Ting-Lu|Vessel of Ruin
|move|p2a: Khaos|Hyperspace Fury|p1a: Ting-Lu
|-resisted|p1a: Ting-Lu
|-damage|p1a: Ting-Lu|74/100 slp
|-unboost|p2a: Khaos|def|1
|
|upkeep
|turn|21
|
|t:|1780893830
|switch|p1a: Tornadus|Tornadus-Therian, M|100/100
|move|p2a: Khaos|Hyperspace Fury|p1a: Tornadus
|-damage|p1a: Tornadus|0 fnt
|-unboost|p2a: Khaos|def|1
|faint|p1a: Tornadus
|
|upkeep
|
|t:|1780893835
|switch|p1a: Great Tusk|Great Tusk|100/100
|turn|22
|
|t:|1780893845
|switch|p2a: Pisces|Alomomola, M, shiny|78/100
|-damage|p2a: Pisces|66/100|[from] Spikes
|move|p1a: Great Tusk|Rapid Spin|p2a: Pisces
|-damage|p2a: Pisces|55/100
|-boost|p1a: Great Tusk|spe|1
|
|upkeep
|turn|23
|
|t:|1780893851
|move|p1a: Great Tusk|Stealth Rock|p2a: Pisces
|-sidestart|p2: hawkins0|move: Stealth Rock
|move|p2a: Pisces|Flip Turn|p1a: Great Tusk
|-supereffective|p1a: Great Tusk
|-damage|p1a: Great Tusk|76/100
|
|t:|1780893854
|switch|p2a: Enten|Landorus-Therian, M, shiny|100/100|[from] Flip Turn
|-damage|p2a: Enten|88/100|[from] Stealth Rock
|-ability|p2a: Enten|Intimidate|boost
|-unboost|p1a: Great Tusk|atk|1
|
|upkeep
|turn|24
|
|t:|1780893858
|-end|p1a: Great Tusk|Protosynthesis|[silent]
|switch|p1a: Slowking|Slowking-Galar, M|100/100
|move|p2a: Enten|Grass Knot|p1a: Slowking
|-resisted|p1a: Slowking
|-damage|p1a: Slowking|95/100
|
|upkeep
|turn|25
|
|t:|1780893863
|switch|p2a: Pisces|Alomomola, M, shiny|88/100
|-damage|p2a: Pisces|75/100|[from] Spikes
|-damage|p2a: Pisces|63/100|[from] Stealth Rock
|-prepare|p1a: Slowking|Chilly Reception|[premajor]
|move|p1a: Slowking|Chilly Reception|p1a: Slowking
|-weather|Snowscape
|
|t:|1780893869
|switch|p1a: Great Tusk|Great Tusk|76/100|[from] Chilly Reception
|
|-weather|Snowscape|[upkeep]
|upkeep
|turn|26
|
|t:|1780893874
|move|p1a: Great Tusk|Headlong Rush|p2a: Pisces
|-damage|p2a: Pisces|21/100
|-unboost|p1a: Great Tusk|def|1
|-unboost|p1a: Great Tusk|spd|1
|move|p2a: Pisces|Flip Turn|p1a: Great Tusk
|-supereffective|p1a: Great Tusk
|-damage|p1a: Great Tusk|43/100
|
|t:|1780893881
|switch|p2a: Enten|Landorus-Therian, M, shiny|88/100|[from] Flip Turn
|-damage|p2a: Enten|76/100|[from] Stealth Rock
|-ability|p2a: Enten|Intimidate|boost
|-unboost|p1a: Great Tusk|atk|1
|
|-weather|Snowscape|[upkeep]
|upkeep
|turn|27
|
|t:|1780893884
|-end|p1a: Great Tusk|Protosynthesis|[silent]
|switch|p1a: Slowking|Slowking-Galar, M|100/100
|move|p2a: Enten|Earthquake|p1a: Slowking
|-supereffective|p1a: Slowking
|-damage|p1a: Slowking|0 fnt
|faint|p1a: Slowking
|
|-weather|Snowscape|[upkeep]
|upkeep
|
|t:|1780893888
|switch|p1a: Great Tusk|Great Tusk|43/100
|turn|28
|j| oophyte
|
|t:|1780893894
|move|p2a: Enten|Earthquake|p1a: Great Tusk
|-damage|p1a: Great Tusk|2/100
|move|p1a: Great Tusk|Rapid Spin|p2a: Enten
|-damage|p2a: Enten|56/100
|-boost|p1a: Great Tusk|spe|1
|
|-weather|Snowscape|[upkeep]
|upkeep
|turn|29
|
|t:|1780893897
|move|p2a: Enten|Earthquake|p1a: Great Tusk
|-damage|p1a: Great Tusk|0 fnt
|faint|p1a: Great Tusk
|-end|p1a: Great Tusk|Protosynthesis|[silent]
|
|-weather|none
|upkeep
|-message|adil forfeited.
|
|win|hawkins0
|raw|adil's rating: 1733 &rarr; <strong>1712</strong><br />(-21 for losing)
|raw|hawkins0's rating: 1724 &rarr; <strong>1745</strong><br />(+21 for winning)
|l|☆adil
|player|p1|
|l| Champion reko
|l| oophyte
