|j|‽Cte plays
|j|☆runningdan
|t:|1781323347
|gametype|singles
|player|p1|Cte plays|brendan|1604
|player|p2|runningdan|266|1641
|gen|9
|tier|[Gen 9] OU
|rated|
|rule|HP Percentage Mod: HP is shown in percentages
|rule|Endless Battle Clause: Forcing endless battles is banned
|rule|Species Clause: Limit one of each Pokémon
|rule|OHKO Clause: OHKO moves are banned
|rule|Evasion Items Clause: Evasion items are banned
|rule|Evasion Moves Clause: Evasion moves are banned
|rule|Evasion Abilities Clause: Evasion abilities are banned
|rule|Sleep Moves Clause: Sleep-inducing moves are banned
|clearpoke
|poke|p1|Scizor, F|
|poke|p1|Kyurem|
|poke|p1|Cinderace, M|
|poke|p1|Primarina, M|
|poke|p1|Zapdos|
|poke|p1|Iron Valiant|
|poke|p2|Great Tusk|
|poke|p2|Ninetales-Alola, F|
|poke|p2|Darkrai|
|poke|p2|Slowking-Galar, M|
|poke|p2|Dragapult, M|
|poke|p2|Gliscor, F|
|teampreview
|inactive|Battle timer is ON: inactive players will automatically lose when time's up. (requested by runningdan)
|
|t:|1781323378
|teamsize|p1|6
|teamsize|p2|6
|start
|switch|p1a: Kyurem|Kyurem, shiny|100/100
|switch|p2a: Dragapult|Dragapult, M|100/100
|-ability|p1a: Kyurem|Pressure
|turn|1
|
|t:|1781323387
|switch|p1a: Primarina|Primarina, M, shiny|100/100
|move|p2a: Dragapult|U-turn|p1a: Primarina
|-resisted|p1a: Primarina
|-damage|p1a: Primarina|88/100
|
|t:|1781323396
|switch|p2a: Slowking|Slowking-Galar, M|100/100|[from] U-turn
|
|upkeep
|turn|2
|
|t:|1781323401
|move|p1a: Primarina|Flip Turn|p2a: Slowking
|-damage|p2a: Slowking|86/100
|
|t:|1781323405
|switch|p1a: Scizor|Scizor, F, shiny|100/100|[from] Flip Turn
|move|p2a: Slowking|Future Sight|p1a: Scizor
|-start|p2a: Slowking|move: Future Sight
|
|-heal|p2a: Slowking|92/100|[from] item: Leftovers
|upkeep
|turn|3
|
|t:|1781323413
|switch|p2a: Great Tusk|Great Tusk|100/100
|move|p1a: Scizor|Knock Off|p2a: Great Tusk
|-resisted|p2a: Great Tusk
|-damage|p2a: Great Tusk|92/100
|-enditem|p2a: Great Tusk|Leftovers|[from] move: Knock Off|[of] p1a: Scizor
|
|upkeep
|turn|4
|
|t:|1781323436
|switch|p1a: Zapdos|Zapdos, shiny|100/100
|move|p2a: Great Tusk|Bulk Up|p2a: Great Tusk
|-boost|p2a: Great Tusk|atk|1
|-boost|p2a: Great Tusk|def|1
|
|-end|p1a: Zapdos|move: Future Sight
|-damage|p1a: Zapdos|48/100
|upkeep
|turn|5
|
|t:|1781323446
|-end|p2a: Great Tusk|Protosynthesis|[silent]
|switch|p2a: Slowking|Slowking-Galar, M|100/100
|move|p1a: Zapdos|Hurricane|p2a: Slowking|[miss]
|-miss|p1a: Zapdos|p2a: Slowking
|
|upkeep
|turn|6
|
|t:|1781323453
|move|p1a: Zapdos|Roost|p1a: Zapdos
|-heal|p1a: Zapdos|98/100
|-singleturn|p1a: Zapdos|move: Roost
|move|p2a: Slowking|Flamethrower|p1a: Zapdos
|-damage|p1a: Zapdos|71/100
|
|upkeep
|turn|7
|
|t:|1781323461
|move|p1a: Zapdos|Volt Switch|p2a: Slowking
|-damage|p2a: Slowking|77/100
|
|t:|1781323466
|switch|p1a: Cinderace|Cinderace, M, shiny|100/100|[from] Volt Switch
|move|p2a: Slowking|Flamethrower|p1a: Cinderace
|-resisted|p1a: Cinderace
|-damage|p1a: Cinderace|83/100
|
|-heal|p2a: Slowking|83/100|[from] item: Leftovers
|upkeep
|turn|8
|
|t:|1781323477
|move|p1a: Cinderace|Taunt|p2a: Slowking
|-start|p2a: Slowking|move: Taunt
|-prepare|p2a: Slowking|Chilly Reception|[premajor]
|cant|p2a: Slowking|move: Taunt|Chilly Reception
|
|-heal|p2a: Slowking|90/100|[from] item: Leftovers
|upkeep
|turn|9
|
|t:|1781323491
|switch|p2a: Dragapult|Dragapult, M|100/100
|move|p1a: Cinderace|U-turn|p2a: Dragapult
|-resisted|p2a: Dragapult
|-damage|p2a: Dragapult|86/100
|
|t:|1781323497
|switch|p1a: Primarina|Primarina, M, shiny|88/100|[from] U-turn
|
|upkeep
|turn|10
|
|t:|1781323503
|move|p2a: Dragapult|U-turn|p1a: Primarina
|-resisted|p1a: Primarina
|-damage|p1a: Primarina|75/100
|
|t:|1781323508
|switch|p2a: Slowking|Slowking-Galar, M|100/100|[from] U-turn
|move|p1a: Primarina|Flip Turn|p2a: Slowking
|-damage|p2a: Slowking|87/100
|
|t:|1781323517
|switch|p1a: Kyurem|Kyurem, shiny|100/100|[from] Flip Turn
|-ability|p1a: Kyurem|Pressure
|
|-heal|p2a: Slowking|93/100|[from] item: Leftovers
|upkeep
|turn|11
|
|t:|1781323525
|move|p1a: Kyurem|Scale Shot|p2a: Slowking
|-damage|p2a: Slowking|80/100
|-damage|p2a: Slowking|69/100
|-damage|p2a: Slowking|57/100
|-hitcount|p2a: Slowking|3
|-unboost|p1a: Kyurem|def|1
|-boost|p1a: Kyurem|spe|1
|move|p2a: Slowking|Future Sight|p1a: Kyurem
|-start|p2a: Slowking|move: Future Sight
|
|-heal|p2a: Slowking|63/100|[from] item: Leftovers
|upkeep
|turn|12
|
|t:|1781323537
|move|p1a: Kyurem|Earth Power|p2a: Slowking
|-supereffective|p2a: Slowking
|-damage|p2a: Slowking|20/100
|-prepare|p2a: Slowking|Chilly Reception|[premajor]
|move|p2a: Slowking|Chilly Reception|p2a: Slowking
|-weather|Snowscape
|
|t:|1781323544
|switch|p2a: Ninetales|Ninetales-Alola, F|100/100|[from] Chilly Reception
|
|-weather|Snowscape|[upkeep]
|upkeep
|turn|13
|
|t:|1781323557
|switch|p1a: Primarina|Primarina, M, shiny|75/100
|move|p2a: Ninetales|Roar|p1a: Primarina
|drag|p1a: Cinderace|Cinderace, M, shiny|83/100
|
|-weather|Snowscape|[upkeep]
|-end|p1a: Cinderace|move: Future Sight
|-damage|p1a: Cinderace|13/100
|upkeep
|turn|14
|
|t:|1781323570
|switch|p2a: Great Tusk|Great Tusk|92/100
|move|p1a: Cinderace|Pyro Ball|p2a: Great Tusk
|-damage|p2a: Great Tusk|47/100
|
|-weather|Snowscape|[upkeep]
|upkeep
|turn|15
|
|t:|1781323595
|switch|p1a: Zapdos|Zapdos, shiny|71/100
|-end|p2a: Great Tusk|Protosynthesis|[silent]
|switch|p2a: Gliscor|Gliscor, F|100/100
|
|-weather|Snowscape|[upkeep]
|-status|p2a: Gliscor|tox|[from] item: Toxic Orb
|upkeep
|turn|16
|
|t:|1781323605
|move|p1a: Zapdos|Hurricane|p2a: Gliscor|[miss]
|-miss|p1a: Zapdos|p2a: Gliscor
|move|p2a: Gliscor|Knock Off|p1a: Zapdos
|-damage|p1a: Zapdos|52/100
|-enditem|p1a: Zapdos|Heavy-Duty Boots|[from] move: Knock Off|[of] p2a: Gliscor
|
|-weather|none
|upkeep
|turn|17
|
|t:|1781323617
|switch|p2a: Slowking|Slowking-Galar, M|53/100
|move|p1a: Zapdos|Roost|p1a: Zapdos
|-heal|p1a: Zapdos|100/100
|-singleturn|p1a: Zapdos|move: Roost
|
|-heal|p2a: Slowking|59/100|[from] item: Leftovers
|upkeep
|turn|18
|
|t:|1781323627
|switch|p2a: Ninetales|Ninetales-Alola, F|100/100
|-weather|Snowscape|[from] ability: Snow Warning|[of] p2a: Ninetales
|move|p1a: Zapdos|Hurricane|p2a: Ninetales|[miss]
|-miss|p1a: Zapdos|p2a: Ninetales
|
|-weather|Snowscape|[upkeep]
|upkeep
|turn|19
|
|t:|1781323642
|move|p2a: Ninetales|Freeze-Dry|p1a: Zapdos
|-supereffective|p1a: Zapdos
|-damage|p1a: Zapdos|54/100
|move|p1a: Zapdos|Heat Wave|p2a: Ninetales
|-supereffective|p2a: Ninetales
|-damage|p2a: Ninetales|37/100
|
|-weather|Snowscape|[upkeep]
|upkeep
|turn|20
|
|t:|1781323651
|switch|p2a: Slowking|Slowking-Galar, M|93/100
|move|p1a: Zapdos|Roost|p1a: Zapdos
|-heal|p1a: Zapdos|100/100
|-singleturn|p1a: Zapdos|move: Roost
|
|-weather|Snowscape|[upkeep]
|-heal|p2a: Slowking|99/100|[from] item: Leftovers
|upkeep
|turn|21
|
|t:|1781323661
|move|p1a: Zapdos|Volt Switch|p2a: Slowking
|-damage|p2a: Slowking|74/100
|
|t:|1781323665
|switch|p1a: Kyurem|Kyurem, shiny|100/100|[from] Volt Switch
|-ability|p1a: Kyurem|Pressure
|move|p2a: Slowking|Future Sight|p1a: Kyurem
|-start|p2a: Slowking|move: Future Sight
|
|-weather|Snowscape|[upkeep]
|-heal|p2a: Slowking|80/100|[from] item: Leftovers
|upkeep
|turn|22
|
|t:|1781323676
|move|p1a: Kyurem|Earth Power|p2a: Slowking
|-supereffective|p2a: Slowking
|-damage|p2a: Slowking|40/100
|-prepare|p2a: Slowking|Chilly Reception|[premajor]
|move|p2a: Slowking|Chilly Reception|p2a: Slowking
|
|t:|1781323683
|switch|p2a: Ninetales|Ninetales-Alola, F|37/100|[from] Chilly Reception
|
|-weather|none
|upkeep
|turn|23
|
|t:|1781323704
|switch|p2a: Gliscor|Gliscor, F|100/100 tox
|switch|p1a: Primarina|Primarina, M, shiny|75/100
|
|-end|p1a: Primarina|move: Future Sight
|-damage|p1a: Primarina|31/100
|upkeep
|turn|24
|
|t:|1781323713
|switch|p2a: Slowking|Slowking-Galar, M|74/100
|move|p1a: Primarina|Flip Turn|p2a: Slowking
|-damage|p2a: Slowking|59/100
|
|t:|1781323718
|switch|p1a: Cinderace|Cinderace, M, shiny|13/100|[from] Flip Turn
|
|-heal|p2a: Slowking|65/100|[from] item: Leftovers
|upkeep
|turn|25
|
|t:|1781323725
|switch|p2a: Great Tusk|Great Tusk|47/100
|move|p1a: Cinderace|Pyro Ball|p2a: Great Tusk|[miss]
|-miss|p1a: Cinderace|p2a: Great Tusk
|
|upkeep
|turn|26
|
|t:|1781323735
|move|p1a: Cinderace|Pyro Ball|p2a: Great Tusk
|-damage|p2a: Great Tusk|2/100
|move|p2a: Great Tusk|Earthquake|p1a: Cinderace
|-supereffective|p1a: Cinderace
|-damage|p1a: Cinderace|0 fnt
|faint|p1a: Cinderace
|
|upkeep
|
|t:|1781323754
|switch|p1a: Scizor|Scizor, F, shiny|100/100
|turn|27
|
|t:|1781323767
|-end|p2a: Great Tusk|Protosynthesis|[silent]
|switch|p2a: Gliscor|Gliscor, F|100/100 tox
|move|p1a: Scizor|Bullet Punch|p2a: Gliscor
|-damage|p2a: Gliscor|80/100 tox
|
|-heal|p2a: Gliscor|92/100 tox|[from] ability: Poison Heal
|upkeep
|turn|28
|
|t:|1781323777
|switch|p1a: Primarina|Primarina, M, shiny|31/100
|move|p2a: Gliscor|Stealth Rock|p1a: Primarina
|-sidestart|p1: Cte plays|move: Stealth Rock
|
|-heal|p2a: Gliscor|100/100 tox|[from] ability: Poison Heal
|upkeep
|turn|29
|
|t:|1781323792
|switch|p2a: Slowking|Slowking-Galar, M|98/100
|move|p1a: Primarina|Psychic Noise|p2a: Slowking
|-damage|p2a: Slowking|73/100
|-start|p2a: Slowking|move: Heal Block
|
|upkeep
|turn|30
|
|t:|1781323800
|move|p1a: Primarina|Psychic Noise|p2a: Slowking
|-crit|p2a: Slowking
|-damage|p2a: Slowking|35/100
|move|p2a: Slowking|Future Sight|p1a: Primarina
|-start|p2a: Slowking|move: Future Sight
|
|-end|p2a: Slowking|move: Heal Block
|upkeep
|turn|31
|
|t:|1781323810
|switch|p2a: Ninetales|Ninetales-Alola, F|37/100
|-weather|Snowscape|[from] ability: Snow Warning|[of] p2a: Ninetales
|move|p1a: Primarina|Psychic Noise|p2a: Ninetales
|-damage|p2a: Ninetales|2/100
|-start|p2a: Ninetales|move: Heal Block
|
|-weather|Snowscape|[upkeep]
|upkeep
|turn|32
|
|t:|1781323823
|move|p2a: Ninetales|Aurora Veil|p2a: Ninetales
|-sidestart|p2: runningdan|move: Aurora Veil
|move|p1a: Primarina|Psychic Noise|p2a: Ninetales
|-damage|p2a: Ninetales|0 fnt
|faint|p2a: Ninetales
|
|-weather|Snowscape|[upkeep]
|-end|p1a: Primarina|move: Future Sight
|-damage|p1a: Primarina|0 fnt
|faint|p1a: Primarina
|upkeep
|
|t:|1781323843
|switch|p2a: Dragapult|Dragapult, M|86/100
|switch|p1a: Kyurem|Kyurem, shiny|100/100
|-ability|p1a: Kyurem|Pressure
|turn|33
|
|t:|1781323851
|move|p2a: Dragapult|Draco Meteor|p1a: Kyurem
|-supereffective|p1a: Kyurem
|-damage|p1a: Kyurem|0 fnt
|-unboost|p2a: Dragapult|spa|2
|faint|p1a: Kyurem
|
|-weather|Snowscape|[upkeep]
|upkeep
|
|t:|1781323861
|switch|p1a: Scizor|Scizor, F, shiny|100/100
|turn|34
|
|t:|1781323865
|switch|p2a: Great Tusk|Great Tusk|2/100
|move|p1a: Scizor|Swords Dance|p1a: Scizor
|-boost|p1a: Scizor|atk|2
|
|-weather|Snowscape|[upkeep]
|upkeep
|turn|35
|
|t:|1781323874
|move|p1a: Scizor|Bullet Punch|p2a: Great Tusk
|-damage|p2a: Great Tusk|0 fnt
|faint|p2a: Great Tusk
|-end|p2a: Great Tusk|Protosynthesis|[silent]
|
|-weather|none
|upkeep
|
|t:|1781323880
|switch|p2a: Dragapult|Dragapult, M|86/100
|turn|36
|
|t:|1781323884
|-terastallize|p1a: Scizor|Fire
|move|p2a: Dragapult|Fire Blast|p1a: Scizor
|-resisted|p1a: Scizor
|-damage|p1a: Scizor|69/100
|move|p1a: Scizor|Knock Off|p2a: Dragapult
|-supereffective|p2a: Dragapult
|-damage|p2a: Dragapult|0 fnt
|-enditem|p2a: Dragapult|Choice Specs|[from] move: Knock Off|[of] p1a: Scizor
|faint|p2a: Dragapult
|
|upkeep
|
|t:|1781323896
|switch|p2a: Darkrai|Darkrai|100/100
|turn|37
|
|t:|1781323913
|switch|p1a: Iron Valiant|Iron Valiant, shiny|100/100
|-damage|p1a: Iron Valiant|94/100|[from] Stealth Rock
|-enditem|p1a: Iron Valiant|Booster Energy
|-activate|p1a: Iron Valiant|ability: Quark Drive|[fromitem]
|-start|p1a: Iron Valiant|quarkdrivespe
|-terastallize|p2a: Darkrai|Poison
|move|p2a: Darkrai|Dark Pulse|p1a: Iron Valiant
|-resisted|p1a: Iron Valiant
|-damage|p1a: Iron Valiant|77/100
|
|upkeep
|turn|38
|
|t:|1781323934
|switch|p2a: Slowking|Slowking-Galar, M|68/100
|move|p1a: Iron Valiant|Calm Mind|p1a: Iron Valiant
|-boost|p1a: Iron Valiant|spa|1
|-boost|p1a: Iron Valiant|spd|1
|
|-heal|p2a: Slowking|74/100|[from] item: Leftovers
|upkeep
|turn|39
|
|t:|1781323944
|move|p1a: Iron Valiant|Shadow Ball|p2a: Slowking
|-supereffective|p2a: Slowking
|-damage|p2a: Slowking|48/100
|move|p2a: Slowking|Sludge Bomb|p1a: Iron Valiant
|-supereffective|p1a: Iron Valiant
|-damage|p1a: Iron Valiant|0 fnt
|faint|p1a: Iron Valiant
|-end|p1a: Iron Valiant|Quark Drive|[silent]
|
|-heal|p2a: Slowking|54/100|[from] item: Leftovers
|-sideend|p2: runningdan|move: Aurora Veil
|upkeep
|
|t:|1781323955
|switch|p1a: Scizor|Scizor, F, shiny, tera:Fire|69/100
|turn|40
|inactive|runningdan has 120 seconds left.
|
|t:|1781323982
|move|p1a: Scizor|Swords Dance|p1a: Scizor
|-boost|p1a: Scizor|atk|2
|move|p2a: Slowking|Future Sight|p1a: Scizor
|-start|p2a: Slowking|move: Future Sight
|
|-heal|p2a: Slowking|61/100|[from] item: Leftovers
|upkeep
|turn|41
|
|t:|1781323990
|move|p1a: Scizor|Knock Off|p2a: Slowking
|-supereffective|p2a: Slowking
|-damage|p2a: Slowking|0 fnt
|-enditem|p2a: Slowking|Leftovers|[from] move: Knock Off|[of] p1a: Scizor
|faint|p2a: Slowking
|
|upkeep
|
|t:|1781323992
|switch|p2a: Gliscor|Gliscor, F|100/100 tox
|turn|42
|
|t:|1781323998
|move|p1a: Scizor|Bullet Punch|p2a: Gliscor
|-damage|p2a: Gliscor|56/100 tox
|move|p2a: Gliscor|Knock Off|p1a: Scizor
|-damage|p1a: Scizor|45/100
|-enditem|p1a: Scizor|Heavy-Duty Boots|[from] move: Knock Off|[of] p2a: Gliscor
|
|-end|p1a: Scizor|move: Future Sight
|-damage|p1a: Scizor|0 fnt
|faint|p1a: Scizor
|-heal|p2a: Gliscor|69/100 tox|[from] ability: Poison Heal
|upkeep
|
|t:|1781324010
|switch|p1a: Zapdos|Zapdos, shiny|100/100
|-damage|p1a: Zapdos|76/100|[from] Stealth Rock
|turn|43
|
|t:|1781324016
|move|p1a: Zapdos|Hurricane|p2a: Gliscor
|-damage|p2a: Gliscor|2/100 tox
|move|p2a: Gliscor|Toxic|p1a: Zapdos
|-status|p1a: Zapdos|tox
|
|-damage|p1a: Zapdos|70/100 tox|[from] psn
|-heal|p2a: Gliscor|14/100 tox|[from] ability: Poison Heal
|upkeep
|turn|44
|
|t:|1781324025
|move|p1a: Zapdos|Roost|p1a: Zapdos
|-heal|p1a: Zapdos|100/100 tox
|-singleturn|p1a: Zapdos|move: Roost
|move|p2a: Gliscor|Knock Off|p1a: Zapdos
|-damage|p1a: Zapdos|89/100 tox
|
|-damage|p1a: Zapdos|77/100 tox|[from] psn
|-heal|p2a: Gliscor|27/100 tox|[from] ability: Poison Heal
|upkeep
|turn|45
|
|t:|1781324036
|move|p2a: Gliscor|Protect|p2a: Gliscor
|-singleturn|p2a: Gliscor|Protect
|move|p1a: Zapdos|Heat Wave|p2a: Gliscor
|-activate|p2a: Gliscor|move: Protect
|
|-damage|p1a: Zapdos|58/100 tox|[from] psn
|-heal|p2a: Gliscor|39/100 tox|[from] ability: Poison Heal
|upkeep
|turn|46
|
|t:|1781324048
|move|p1a: Zapdos|Hurricane|p2a: Gliscor
|-damage|p2a: Gliscor|0 fnt
|faint|p2a: Gliscor
|
|-damage|p1a: Zapdos|33/100 tox|[from] psn
|upkeep
|
|t:|1781324051
|switch|p2a: Darkrai|Darkrai, tera:Poison|100/100
|turn|47
|-message|Cte plays forfeited.
|
|win|runningdan
|raw|Cte plays's rating: 1604 &rarr; <strong>1586</strong><br />(-18 for losing)
|raw|runningdan's rating: 1641 &rarr; <strong>1659</strong><br />(+18 for winning)
|l|‽Cte plays
|player|p1|
|l|☆runningdan
|player|p2|
