|j|☆kennojex
|j|‽aaagislash
|t:|1781238491
|gametype|singles
|player|p1|kennojex|lucas|1626
|player|p2|aaagislash|265|1601
|gen|9
|tier|[Gen 9] OU
|rated|
|rule|HP Percentage Mod: HP is shown in percentages
|rule|Endless Battle Clause: Forcing endless battles is banned
|rule|Species Clause: Limit one of each Pokémon
|rule|OHKO Clause: OHKO moves are banned
|rule|Evasion Items Clause: Evasion items are banned
|rule|Evasion Moves Clause: Evasion moves are banned
|rule|Evasion Abilities Clause: Evasion abilities are banned
|rule|Sleep Moves Clause: Sleep-inducing moves are banned
|clearpoke
|poke|p1|Grimmsnarl, M|
|poke|p1|Garganacl, M|
|poke|p1|Manaphy|
|poke|p1|Latias, F|
|poke|p1|Corviknight, F|
|poke|p1|Kommo-o, F|
|poke|p2|Regieleki|
|poke|p2|Araquanid, F|
|poke|p2|Dragapult, F|
|poke|p2|Samurott-Hisui, M|
|poke|p2|Great Tusk|
|poke|p2|Zoroark-Hisui, M|
|teampreview
|j| EBT FOOD STAMPS
|inactive|Battle timer is ON: inactive players will automatically lose when time's up. (requested by aaagislash)
|
|t:|1781238543
|teamsize|p1|6
|teamsize|p2|6
|start
|switch|p1a: Latias|Latias, F|100/100
|switch|p2a: Samurott|Samurott-Hisui, M|100/100
|turn|1
|
|t:|1781238548
|move|p1a: Latias|Agility|p1a: Latias
|-boost|p1a: Latias|spe|2
|move|p2a: Samurott|Ceaseless Edge|p1a: Latias
|-supereffective|p1a: Latias
|-damage|p1a: Latias|37/100
|-enditem|p1a: Latias|Weakness Policy
|-boost|p1a: Latias|atk|2|[from] item: Weakness Policy
|-boost|p1a: Latias|spa|2|[from] item: Weakness Policy
|-sidestart|p1: kennojex|Spikes
|
|upkeep
|turn|2
|
|t:|1781238558
|switch|p2a: Araquanid|Araquanid, F|100/100
|move|p1a: Latias|Draining Kiss|p2a: Araquanid
|-damage|p2a: Araquanid|82/100
|-heal|p1a: Latias|50/100|[from] drain|[of] p2a: Araquanid
|-enditem|p2a: Araquanid|Red Card|[of] p1a: Latias
|drag|p1a: Kommo-o|Kommo-o, F|100/100
|-damage|p1a: Kommo-o|88/100|[from] Spikes
|
|upkeep
|turn|3
|inactive|kennojex has 120 seconds left.
|
|t:|1781238601
|move|p1a: Kommo-o|Clangorous Soul|p1a: Kommo-o
|-boost|p1a: Kommo-o|atk|1
|-boost|p1a: Kommo-o|def|1
|-boost|p1a: Kommo-o|spa|1
|-boost|p1a: Kommo-o|spd|1
|-boost|p1a: Kommo-o|spe|1
|-damage|p1a: Kommo-o|55/100
|-enditem|p1a: Kommo-o|Throat Spray
|-boost|p1a: Kommo-o|spa|1|[from] item: Throat Spray
|move|p2a: Araquanid|Surf|p1a: Kommo-o
|-resisted|p1a: Kommo-o
|-damage|p1a: Kommo-o|35/100
|
|upkeep
|turn|4
|
|t:|1781238609
|move|p1a: Kommo-o|Clanging Scales|p2a: Araquanid
|-damage|p2a: Araquanid|7/100
|-unboost|p1a: Kommo-o|def|1
|move|p2a: Araquanid|Surf|p1a: Kommo-o
|-resisted|p1a: Kommo-o
|-damage|p1a: Kommo-o|13/100
|
|upkeep
|turn|5
|
|t:|1781238619
|move|p1a: Kommo-o|Flamethrower|p2a: Araquanid
|-damage|p2a: Araquanid|0 fnt
|faint|p2a: Araquanid
|
|upkeep
|
|t:|1781238621
|switch|p2a: Regieleki|Regieleki|100/100
|turn|6
|
|t:|1781238627
|move|p2a: Regieleki|Thunderbolt|p1a: Kommo-o
|-resisted|p1a: Kommo-o
|-damage|p1a: Kommo-o|0 fnt
|faint|p1a: Kommo-o
|
|upkeep
|
|t:|1781238633
|switch|p1a: Grimmsnarl|Grimmsnarl, M|100/100
|-damage|p1a: Grimmsnarl|88/100|[from] Spikes
|turn|7
|
|t:|1781238636
|switch|p2a: Samurott|Samurott-Hisui, M|100/100
|move|p1a: Grimmsnarl|Light Screen|p1a: Grimmsnarl
|-sidestart|p1: kennojex|move: Light Screen
|
|upkeep
|turn|8
|
|t:|1781238640
|move|p1a: Grimmsnarl|Reflect|p1a: Grimmsnarl
|-sidestart|p1: kennojex|Reflect
|move|p2a: Samurott|Knock Off|p1a: Grimmsnarl
|-resisted|p1a: Grimmsnarl
|-damage|p1a: Grimmsnarl|82/100
|-enditem|p1a: Grimmsnarl|Light Clay|[from] move: Knock Off|[of] p2a: Samurott
|
|upkeep
|turn|9
|
|t:|1781238645
|move|p2a: Samurott|Flip Turn|p1a: Grimmsnarl
|-damage|p1a: Grimmsnarl|67/100
|
|t:|1781238653
|switch|p2a: Samurott|Samurott-Hisui, M|100/100|[from] Flip Turn
|move|p1a: Grimmsnarl|Spirit Break|p2a: Samurott
|-damage|p2a: Samurott|42/100
|-unboost|p2a: Samurott|spa|1
|replace|p2a: Zoroark|Zoroark-Hisui, M
|-end|p2a: Zoroark|Illusion
|
|upkeep
|turn|10
|
|t:|1781238657
|move|p2a: Zoroark|Trick|p1a: Grimmsnarl
|-activate|p2a: Zoroark|move: Trick|[of] p1a: Grimmsnarl
|-item|p1a: Grimmsnarl|Ring Target|[from] move: Trick
|-enditem|p2a: Zoroark|Ring Target|[silent]|[from] move: Trick
|move|p1a: Grimmsnarl|Spirit Break|p2a: Zoroark
|-damage|p2a: Zoroark|0 fnt
|faint|p2a: Zoroark
|
|upkeep
|l| EBT FOOD STAMPS
|
|t:|1781238670
|switch|p2a: Dragapult|Dragapult, F|100/100
|turn|11
|
|t:|1781238673
|move|p2a: Dragapult|Will-O-Wisp|p1a: Grimmsnarl
|-status|p1a: Grimmsnarl|brn
|move|p1a: Grimmsnarl|Spirit Break|p2a: Dragapult
|-supereffective|p2a: Dragapult
|-damage|p2a: Dragapult|58/100
|-enditem|p2a: Dragapult|Weakness Policy
|-boost|p2a: Dragapult|atk|2|[from] item: Weakness Policy
|-boost|p2a: Dragapult|spa|2|[from] item: Weakness Policy
|
|-damage|p1a: Grimmsnarl|61/100 brn|[from] brn
|upkeep
|turn|12
|
|t:|1781238690
|move|p1a: Grimmsnarl|Parting Shot|p2a: Dragapult
|-fail|p2a: Dragapult|unboost|[from] ability: Clear Body|[of] p2a: Dragapult
|move|p2a: Dragapult|Hex|p1a: Grimmsnarl
|-resisted|p1a: Grimmsnarl
|-damage|p1a: Grimmsnarl|40/100 brn
|
|-damage|p1a: Grimmsnarl|34/100 brn|[from] brn
|upkeep
|turn|13
|
|t:|1781238694
|move|p2a: Dragapult|Infestation|p1a: Grimmsnarl
|-damage|p1a: Grimmsnarl|30/100 brn
|-activate|p1a: Grimmsnarl|move: Infestation|[of] p2a: Dragapult
|move|p1a: Grimmsnarl|Spirit Break|p2a: Dragapult
|-supereffective|p2a: Dragapult
|-damage|p2a: Dragapult|20/100
|
|-damage|p1a: Grimmsnarl|24/100 brn|[from] brn
|-damage|p1a: Grimmsnarl|11/100 brn|[from] move: Infestation|[partiallytrapped]
|upkeep
|turn|14
|
|t:|1781238703
|move|p2a: Dragapult|Hex|p1a: Grimmsnarl
|-resisted|p1a: Grimmsnarl
|-damage|p1a: Grimmsnarl|0 fnt
|faint|p1a: Grimmsnarl
|
|-sideend|p1: kennojex|move: Light Screen
|upkeep
|j| Mega Delibird X
|
|t:|1781238711
|switch|p1a: Garganacl|Garganacl, M|100/100
|-damage|p1a: Garganacl|88/100|[from] Spikes
|turn|15
|
|t:|1781238722
|move|p2a: Dragapult|Draco Meteor|p1a: Garganacl
|-damage|p1a: Garganacl|17/100
|-unboost|p2a: Dragapult|spa|2
|move|p1a: Garganacl|Salt Cure|p2a: Dragapult
|-damage|p2a: Dragapult|2/100
|-start|p2a: Dragapult|Salt Cure
|
|-heal|p1a: Garganacl|23/100|[from] item: Leftovers
|-damage|p2a: Dragapult|0 fnt|[from] Salt Cure
|faint|p2a: Dragapult
|-sideend|p1: kennojex|Reflect
|upkeep
|
|t:|1781238731
|switch|p2a: Regieleki|Regieleki|100/100
|turn|16
|
|t:|1781238734
|move|p2a: Regieleki|Thunderbolt|p1a: Garganacl
|-damage|p1a: Garganacl|0 fnt
|faint|p1a: Garganacl
|
|upkeep
|
|t:|1781238742
|switch|p1a: Latias|Latias, F|50/100
|turn|17
|
|t:|1781238745
|-terastallize|p2a: Regieleki|Electric
|move|p2a: Regieleki|Thunderbolt|p1a: Latias
|-resisted|p1a: Latias
|-damage|p1a: Latias|7/100
|move|p1a: Latias|Agility|p1a: Latias
|-boost|p1a: Latias|spe|2
|
|upkeep
|turn|18
|
|t:|1781238751
|move|p1a: Latias|Stored Power|p2a: Regieleki
|-damage|p2a: Regieleki|57/100
|move|p2a: Regieleki|Thunderbolt|p1a: Latias
|-resisted|p1a: Latias
|-damage|p1a: Latias|0 fnt
|faint|p1a: Latias
|
|upkeep
|
|t:|1781238757
|switch|p1a: Corviknight|Corviknight, F, shiny|100/100
|turn|19
|
|t:|1781238771
|-terastallize|p1a: Corviknight|Dragon
|move|p2a: Regieleki|Thunderbolt|p1a: Corviknight
|-resisted|p1a: Corviknight
|-damage|p1a: Corviknight|63/100
|move|p1a: Corviknight|Agility|p1a: Corviknight
|-boost|p1a: Corviknight|spe|2
|
|-heal|p1a: Corviknight|69/100|[from] item: Leftovers
|upkeep
|turn|20
|
|t:|1781238783
|switch|p2a: Great Tusk|Great Tusk|100/100
|-enditem|p2a: Great Tusk|Booster Energy
|-activate|p2a: Great Tusk|ability: Protosynthesis|[fromitem]
|-start|p2a: Great Tusk|protosynthesisatk
|move|p1a: Corviknight|Agility|p1a: Corviknight
|-boost|p1a: Corviknight|spe|2
|
|-heal|p1a: Corviknight|75/100|[from] item: Leftovers
|upkeep
|turn|21
|
|t:|1781238787
|move|p1a: Corviknight|Bulk Up|p1a: Corviknight
|-boost|p1a: Corviknight|atk|1
|-boost|p1a: Corviknight|def|1
|move|p2a: Great Tusk|Ice Spinner|p1a: Corviknight
|-supereffective|p1a: Corviknight
|-damage|p1a: Corviknight|39/100
|
|-heal|p1a: Corviknight|45/100|[from] item: Leftovers
|upkeep
|turn|22
|
|t:|1781238790
|move|p1a: Corviknight|Bulk Up|p1a: Corviknight
|-boost|p1a: Corviknight|atk|1
|-boost|p1a: Corviknight|def|1
|move|p2a: Great Tusk|Ice Spinner|p1a: Corviknight
|-supereffective|p1a: Corviknight
|-damage|p1a: Corviknight|15/100
|
|-heal|p1a: Corviknight|21/100|[from] item: Leftovers
|upkeep
|turn|23
|
|t:|1781238792
|move|p1a: Corviknight|Roost|p1a: Corviknight
|-heal|p1a: Corviknight|71/100
|move|p2a: Great Tusk|Ice Spinner|p1a: Corviknight
|-supereffective|p1a: Corviknight
|-damage|p1a: Corviknight|41/100
|
|-heal|p1a: Corviknight|47/100|[from] item: Leftovers
|upkeep
|turn|24
|
|t:|1781238795
|move|p1a: Corviknight|Bulk Up|p1a: Corviknight
|-boost|p1a: Corviknight|atk|1
|-boost|p1a: Corviknight|def|1
|move|p2a: Great Tusk|Ice Spinner|p1a: Corviknight
|-supereffective|p1a: Corviknight
|-damage|p1a: Corviknight|24/100
|
|-heal|p1a: Corviknight|31/100|[from] item: Leftovers
|upkeep
|turn|25
|
|t:|1781238797
|move|p1a: Corviknight|Roost|p1a: Corviknight
|-heal|p1a: Corviknight|81/100
|move|p2a: Great Tusk|Ice Spinner|p1a: Corviknight
|-supereffective|p1a: Corviknight
|-damage|p1a: Corviknight|58/100
|
|-heal|p1a: Corviknight|64/100|[from] item: Leftovers
|upkeep
|turn|26
|
|t:|1781238800
|move|p1a: Corviknight|Bulk Up|p1a: Corviknight
|-boost|p1a: Corviknight|atk|1
|-boost|p1a: Corviknight|def|1
|move|p2a: Great Tusk|Ice Spinner|p1a: Corviknight
|-supereffective|p1a: Corviknight
|-damage|p1a: Corviknight|44/100
|
|-heal|p1a: Corviknight|50/100|[from] item: Leftovers
|upkeep
|turn|27
|
|t:|1781238802
|move|p1a: Corviknight|Roost|p1a: Corviknight
|-heal|p1a: Corviknight|99/100
|move|p2a: Great Tusk|Ice Spinner|p1a: Corviknight
|-supereffective|p1a: Corviknight
|-damage|p1a: Corviknight|81/100
|
|-heal|p1a: Corviknight|87/100|[from] item: Leftovers
|upkeep
|turn|28
|
|t:|1781238805
|move|p1a: Corviknight|Power Trip|p2a: Great Tusk
|-resisted|p2a: Great Tusk
|-damage|p2a: Great Tusk|41/100
|move|p2a: Great Tusk|Ice Spinner|p1a: Corviknight
|-supereffective|p1a: Corviknight
|-damage|p1a: Corviknight|69/100
|
|-heal|p1a: Corviknight|75/100|[from] item: Leftovers
|upkeep
|turn|29
|
|t:|1781238808
|move|p1a: Corviknight|Power Trip|p2a: Great Tusk
|-resisted|p2a: Great Tusk
|-damage|p2a: Great Tusk|0 fnt
|faint|p2a: Great Tusk
|-end|p2a: Great Tusk|Protosynthesis|[silent]
|
|-heal|p1a: Corviknight|81/100|[from] item: Leftovers
|upkeep
|c|☆kennojex|gg
|
|t:|1781238810
|switch|p2a: Samurott|Samurott-Hisui, M|100/100
|turn|30
|
|t:|1781238813
|move|p1a: Corviknight|Power Trip|p2a: Samurott
|-resisted|p2a: Samurott
|-crit|p2a: Samurott
|-damage|p2a: Samurott|0 fnt
|faint|p2a: Samurott
|
|-heal|p1a: Corviknight|88/100|[from] item: Leftovers
|upkeep
|
|t:|1781238818
|switch|p2a: Regieleki|Regieleki, tera:Electric|57/100
|turn|31
|
|t:|1781238820
|move|p1a: Corviknight|Power Trip|p2a: Regieleki
|-damage|p2a: Regieleki|0 fnt
|faint|p2a: Regieleki
|
|win|kennojex
|raw|kennojex's rating: 1626 &rarr; <strong>1645</strong><br />(+19 for winning)
|raw|aaagislash's rating: 1601 &rarr; <strong>1582</strong><br />(-19 for losing)
|l|‽aaagislash
|player|p2|
|l|☆kennojex
|player|p1|
|l| Mega Delibird X
