|j|☆Laban1024
|j|☆The median voter
|t:|1781197420
|gametype|singles
|player|p1|Laban1024|koga|1523
|player|p2|The median voter|scientist-gen4dp|1548
|gen|9
|tier|[Gen 9] OU
|rated|
|rule|HP Percentage Mod: HP is shown in percentages
|rule|Endless Battle Clause: Forcing endless battles is banned
|rule|Species Clause: Limit one of each Pokémon
|rule|OHKO Clause: OHKO moves are banned
|rule|Evasion Items Clause: Evasion items are banned
|rule|Evasion Moves Clause: Evasion moves are banned
|rule|Evasion Abilities Clause: Evasion abilities are banned
|rule|Sleep Moves Clause: Sleep-inducing moves are banned
|clearpoke
|poke|p1|Zamazenta-*|
|poke|p1|Iron Valiant|
|poke|p1|Deoxys-Speed|
|poke|p1|Iron Treads|
|poke|p1|Ceruledge, F|
|poke|p1|Dragonite, M|
|poke|p2|Zapdos|
|poke|p2|Great Tusk|
|poke|p2|Hoopa-Unbound|
|poke|p2|Alomomola, M|
|poke|p2|Iron Valiant|
|poke|p2|Rillaboom, M|
|teampreview
|c|☆Laban1024|the median voter
|
|t:|1781197446
|teamsize|p1|6
|teamsize|p2|6
|start
|switch|p1a: Deoxys|Deoxys-Speed|100/100
|switch|p2a: Holy Envoy|Alomomola, M|100/100
|-ability|p1a: Deoxys|Pressure
|turn|1
|
|t:|1781197455
|move|p1a: Deoxys|Reflect|p1a: Deoxys
|-sidestart|p1: Laban1024|Reflect
|move|p2a: Holy Envoy|Flip Turn|p1a: Deoxys
|-crit|p1a: Deoxys
|-damage|p1a: Deoxys|73/100
|
|t:|1781197461
|switch|p2a: The End of All|Hoopa-Unbound|100/100|[from] Flip Turn
|
|upkeep
|turn|2
|
|t:|1781197465
|move|p1a: Deoxys|Light Screen|p1a: Deoxys
|-sidestart|p1: Laban1024|move: Light Screen
|move|p2a: The End of All|Hyperspace Fury|p1a: Deoxys
|-supereffective|p1a: Deoxys
|-damage|p1a: Deoxys|0 fnt
|-unboost|p2a: The End of All|def|1
|faint|p1a: Deoxys
|
|upkeep
|
|t:|1781197475
|switch|p1a: Ceruledge|Ceruledge, F|100/100
|turn|3
|
|t:|1781197481
|move|p1a: Ceruledge|Bitter Blade|p2a: The End of All
|-damage|p2a: The End of All|11/100
|move|p2a: The End of All|Psychic Noise|p1a: Ceruledge
|-damage|p1a: Ceruledge|72/100
|-start|p1a: Ceruledge|move: Heal Block
|
|upkeep
|turn|4
|
|t:|1781197485
|move|p1a: Ceruledge|Shadow Sneak|p2a: The End of All
|-damage|p2a: The End of All|0 fnt
|faint|p2a: The End of All
|
|-end|p1a: Ceruledge|move: Heal Block
|upkeep
|
|t:|1781197496
|switch|p2a: Templar|Great Tusk|100/100
|turn|5
|
|t:|1781197508
|move|p1a: Ceruledge|Endure|p1a: Ceruledge
|-singleturn|p1a: Ceruledge|move: Endure
|move|p2a: Templar|Headlong Rush|p1a: Ceruledge
|-supereffective|p1a: Ceruledge
|-activate|p1a: Ceruledge|move: Endure
|-damage|p1a: Ceruledge|1/100
|-unboost|p2a: Templar|def|1
|-unboost|p2a: Templar|spd|1
|-ability|p1a: Ceruledge|Weak Armor|boost
|-unboost|p1a: Ceruledge|def|1
|-boost|p1a: Ceruledge|spe|2
|-enditem|p1a: Ceruledge|Weakness Policy
|-boost|p1a: Ceruledge|atk|2|[from] item: Weakness Policy
|-boost|p1a: Ceruledge|spa|2|[from] item: Weakness Policy
|
|upkeep
|turn|6
|
|t:|1781197514
|move|p1a: Ceruledge|Bitter Blade|p2a: Templar
|-damage|p2a: Templar|0 fnt
|-heal|p1a: Ceruledge|65/100|[from] drain|[of] p2a: Templar
|faint|p2a: Templar
|-end|p2a: Templar|Protosynthesis|[silent]
|
|upkeep
|j| zama stupid dog
|
|t:|1781197526
|switch|p2a: Preacher|Zapdos|100/100
|turn|7
|
|t:|1781197540
|-terastallize|p1a: Ceruledge|Ghost
|move|p1a: Ceruledge|Poltergeist|p2a: Preacher
|-activate|p2a: Preacher|move: Poltergeist|Heavy-Duty Boots
|-damage|p2a: Preacher|0 fnt
|faint|p2a: Preacher
|
|upkeep
|inactive|Battle timer is ON: inactive players will automatically lose when time's up. (requested by Laban1024)
|
|t:|1781197548
|switch|p2a: Holy Envoy|Alomomola, M|100/100
|turn|8
|
|t:|1781197556
|move|p1a: Ceruledge|Poltergeist|p2a: Holy Envoy
|-activate|p2a: Holy Envoy|move: Poltergeist|Assault Vest
|-damage|p2a: Holy Envoy|0 fnt
|faint|p2a: Holy Envoy
|
|-sideend|p1: Laban1024|Reflect
|upkeep
|
|t:|1781197558
|switch|p2a: Zealot|Rillaboom, M|100/100
|-fieldstart|move: Grassy Terrain|[from] ability: Grassy Surge|[of] p2a: Zealot
|turn|9
|
|t:|1781197565
|move|p1a: Ceruledge|Shadow Sneak|p2a: Zealot
|-damage|p2a: Zealot|50/100
|move|p2a: Zealot|Grassy Glide|p1a: Ceruledge
|-damage|p1a: Ceruledge|0 fnt
|faint|p1a: Ceruledge
|
|-heal|p2a: Zealot|57/100|[from] Grassy Terrain
|-sideend|p1: Laban1024|move: Light Screen
|upkeep
|
|t:|1781197579
|switch|p1a: Zamazenta|Zamazenta|100/100
|-ability|p1a: Zamazenta|Dauntless Shield|boost
|-boost|p1a: Zamazenta|def|1
|turn|10
|
|t:|1781197582
|switch|p2a: Acolyte|Iron Valiant|100/100
|-enditem|p2a: Acolyte|Booster Energy
|-activate|p2a: Acolyte|ability: Quark Drive|[fromitem]
|-start|p2a: Acolyte|quarkdrivespe
|move|p1a: Zamazenta|Body Press|p2a: Acolyte
|-resisted|p2a: Acolyte
|-damage|p2a: Acolyte|65/100
|
|-heal|p2a: Acolyte|71/100|[from] Grassy Terrain
|upkeep
|turn|11
|
|t:|1781197586
|move|p2a: Acolyte|Encore|p1a: Zamazenta
|-start|p1a: Zamazenta|Encore
|move|p1a: Zamazenta|Body Press|p2a: Acolyte
|-resisted|p2a: Acolyte
|-damage|p2a: Acolyte|35/100
|
|-heal|p2a: Acolyte|41/100|[from] Grassy Terrain
|upkeep
|turn|12
|
|t:|1781197588
|-terastallize|p2a: Acolyte|Ghost
|move|p2a: Acolyte|Calm Mind|p2a: Acolyte
|-boost|p2a: Acolyte|spa|1
|-boost|p2a: Acolyte|spd|1
|move|p1a: Zamazenta|Body Press|p2a: Acolyte
|-immune|p2a: Acolyte
|
|-heal|p2a: Acolyte|47/100|[from] Grassy Terrain
|upkeep
|turn|13
|
|t:|1781197593
|switch|p1a: Iron Valiant|Iron Valiant|100/100
|-enditem|p1a: Iron Valiant|Booster Energy
|-activate|p1a: Iron Valiant|ability: Quark Drive|[fromitem]
|-start|p1a: Iron Valiant|quarkdrivespe
|move|p2a: Acolyte|Shadow Ball|p1a: Iron Valiant
|-damage|p1a: Iron Valiant|0 fnt
|faint|p1a: Iron Valiant
|-end|p1a: Iron Valiant|Quark Drive|[silent]
|
|-heal|p2a: Acolyte|54/100|[from] Grassy Terrain
|-fieldend|move: Grassy Terrain
|upkeep
|
|t:|1781197600
|switch|p1a: Dragonite|Dragonite, M|100/100
|turn|14
|
|t:|1781197603
|move|p2a: Acolyte|Moonblast|p1a: Dragonite
|-supereffective|p1a: Dragonite
|-damage|p1a: Dragonite|23/100
|-unboost|p1a: Dragonite|spa|1
|move|p1a: Dragonite|Earthquake|p2a: Acolyte
|-damage|p2a: Acolyte|0 fnt
|faint|p2a: Acolyte
|-end|p2a: Acolyte|Quark Drive|[silent]
|
|upkeep
|
|t:|1781197605
|switch|p2a: Zealot|Rillaboom, M|57/100
|-fieldstart|move: Grassy Terrain|[from] ability: Grassy Surge|[of] p2a: Zealot
|turn|15
|
|t:|1781197608
|move|p2a: Zealot|Grassy Glide|p1a: Dragonite
|-resisted|p1a: Dragonite
|-damage|p1a: Dragonite|6/100
|move|p1a: Dragonite|Ice Spinner|p2a: Zealot
|-supereffective|p2a: Zealot
|-damage|p2a: Zealot|0 fnt
|-fieldend|move: Grassy Terrain
|faint|p2a: Zealot
|
|win|Laban1024
|raw|Laban1024's rating: 1523 &rarr; <strong>1544</strong><br />(+21 for winning)
|raw|The median voter's rating: 1548 &rarr; <strong>1527</strong><br />(-21 for losing)
