|j|☆tb poke
|j|☆sumofsquares
|t:|1781541031
|gametype|singles
|player|p1|tb poke|102|1670
|player|p2|sumofsquares|steven|1654
|gen|9
|tier|[Gen 9] OU
|rated|
|rule|HP Percentage Mod: HP is shown in percentages
|rule|Endless Battle Clause: Forcing endless battles is banned
|rule|Species Clause: Limit one of each Pokémon
|rule|OHKO Clause: OHKO moves are banned
|rule|Evasion Items Clause: Evasion items are banned
|rule|Evasion Moves Clause: Evasion moves are banned
|rule|Evasion Abilities Clause: Evasion abilities are banned
|rule|Sleep Moves Clause: Sleep-inducing moves are banned
|clearpoke
|poke|p1|Zamazenta-*|
|poke|p1|Iron Treads|
|poke|p1|Pecharunt|
|poke|p1|Tornadus-Therian, M|
|poke|p1|Hatterene, F|
|poke|p1|Alomomola, F|
|poke|p2|Garchomp, F|
|poke|p2|Ninetales-Alola, M|
|poke|p2|Iron Crown|
|poke|p2|Great Tusk|
|poke|p2|Iron Valiant|
|poke|p2|Zapdos|
|teampreview
|inactive|Battle timer is ON: inactive players will automatically lose when time's up. (requested by tb poke)
|
|t:|1781541062
|teamsize|p1|6
|teamsize|p2|6
|start
|switch|p1a: Pecharunt|Pecharunt|100/100
|switch|p2a: Ninetales|Ninetales-Alola, M|100/100
|-weather|Snowscape|[from] ability: Snow Warning|[of] p2a: Ninetales
|turn|1
|
|t:|1781541075
|move|p2a: Ninetales|Aurora Veil|p2a: Ninetales
|-sidestart|p2: sumofsquares|move: Aurora Veil
|move|p1a: Pecharunt|Malignant Chain|p2a: Ninetales
|-supereffective|p2a: Ninetales
|-damage|p2a: Ninetales|66/100
|-status|p2a: Ninetales|tox
|-start|p2a: Ninetales|confusion|[from] ability: Poison Puppeteer|[of] p1a: Pecharunt
|
|-weather|Snowscape|[upkeep]
|-damage|p2a: Ninetales|60/100 tox|[from] psn
|upkeep
|turn|2
|
|t:|1781541078
|switch|p2a: Iron Crown|Iron Crown|100/100
|move|p1a: Pecharunt|Shadow Ball|p2a: Iron Crown
|-supereffective|p2a: Iron Crown
|-damage|p2a: Iron Crown|79/100
|-enditem|p2a: Iron Crown|Weakness Policy
|-boost|p2a: Iron Crown|atk|2|[from] item: Weakness Policy
|-boost|p2a: Iron Crown|spa|2|[from] item: Weakness Policy
|
|-weather|Snowscape|[upkeep]
|upkeep
|turn|3
|
|t:|1781541085
|switch|p1a: Alomomola|Alomomola, F|100/100
|move|p2a: Iron Crown|Agility|p2a: Iron Crown
|-boost|p2a: Iron Crown|spe|2
|
|-weather|Snowscape|[upkeep]
|upkeep
|turn|4
|
|t:|1781541092
|move|p2a: Iron Crown|Calm Mind|p2a: Iron Crown
|-boost|p2a: Iron Crown|spa|1
|-boost|p2a: Iron Crown|spd|1
|move|p1a: Alomomola|Play Rough|p2a: Iron Crown
|-resisted|p2a: Iron Crown
|-damage|p2a: Iron Crown|76/100
|
|-weather|Snowscape|[upkeep]
|upkeep
|turn|5
|
|t:|1781541099
|move|p2a: Iron Crown|Stored Power|p1a: Alomomola
|-damage|p1a: Alomomola|6/100
|move|p1a: Alomomola|Play Rough|p2a: Iron Crown
|-resisted|p2a: Iron Crown
|-damage|p2a: Iron Crown|72/100
|
|-weather|none
|upkeep
|turn|6
|
|t:|1781541109
|switch|p1a: Hatterene|Hatterene, F|100/100
|move|p2a: Iron Crown|Stored Power|p1a: Hatterene
|-resisted|p1a: Hatterene
|-damage|p1a: Hatterene|1/100
|
|upkeep
|turn|7
|
|t:|1781541115
|move|p2a: Iron Crown|Stored Power|p1a: Hatterene
|-resisted|p1a: Hatterene
|-damage|p1a: Hatterene|0 fnt
|faint|p1a: Hatterene
|
|upkeep
|
|t:|1781541118
|switch|p1a: Alomomola|Alomomola, F|40/100
|turn|8
|
|t:|1781541127
|switch|p1a: Iron Treads|Iron Treads|100/100
|-item|p1a: Iron Treads|Air Balloon
|move|p2a: Iron Crown|Calm Mind|p2a: Iron Crown
|-boost|p2a: Iron Crown|spa|1
|-boost|p2a: Iron Crown|spd|1
|
|-sideend|p2: sumofsquares|move: Aurora Veil
|upkeep
|turn|9
|
|t:|1781541137
|move|p2a: Iron Crown|Stored Power|p1a: Iron Treads
|-resisted|p1a: Iron Treads
|-damage|p1a: Iron Treads|0 fnt
|-enditem|p1a: Iron Treads|Air Balloon
|faint|p1a: Iron Treads
|-end|p1a: Iron Treads|Quark Drive|[silent]
|
|upkeep
|
|t:|1781541140
|switch|p1a: Alomomola|Alomomola, F|73/100
|turn|10
|
|t:|1781541142
|switch|p1a: Tornadus|Tornadus-Therian, M|100/100
|move|p2a: Iron Crown|Stored Power|p1a: Tornadus
|-damage|p1a: Tornadus|0 fnt
|faint|p1a: Tornadus
|
|upkeep
|
|t:|1781541144
|switch|p1a: Alomomola|Alomomola, F|100/100
|turn|11
|
|t:|1781541146
|move|p2a: Iron Crown|Stored Power|p1a: Alomomola
|-damage|p1a: Alomomola|0 fnt
|faint|p1a: Alomomola
|
|upkeep
|-message|tb poke forfeited.
|
|win|sumofsquares
|raw|tb poke's rating: 1670 &rarr; <strong>1649</strong><br />(-21 for losing)
|raw|sumofsquares's rating: 1654 &rarr; <strong>1675</strong><br />(+21 for winning)
|l|☆tb poke
|player|p1|
