|j|☆employment devil
|j|☆hdy nb
|t:|1781323540
|gametype|singles
|player|p1|employment devil|lusamine-nihilego|1677
|player|p2|hdy nb|colress|1626
|gen|9
|tier|[Gen 9] OU
|rated|
|rule|HP Percentage Mod: HP is shown in percentages
|rule|Endless Battle Clause: Forcing endless battles is banned
|rule|Species Clause: Limit one of each Pokémon
|rule|OHKO Clause: OHKO moves are banned
|rule|Evasion Items Clause: Evasion items are banned
|rule|Evasion Moves Clause: Evasion moves are banned
|rule|Evasion Abilities Clause: Evasion abilities are banned
|rule|Sleep Moves Clause: Sleep-inducing moves are banned
|clearpoke
|poke|p1|Landorus-Therian, M|
|poke|p1|Walking Wake|
|poke|p1|Ogerpon-Wellspring, F|
|poke|p1|Samurott-Hisui, F|
|poke|p1|Iron Moth|
|poke|p1|Gholdengo|
|poke|p2|Pelipper, M|
|poke|p2|Zapdos|
|poke|p2|Barraskewda, M|
|poke|p2|Iron Treads|
|poke|p2|Primarina, M|
|poke|p2|Greninja-*, M|
|teampreview
|c|☆employment devil|hf
|
|t:|1781323548
|teamsize|p1|6
|teamsize|p2|6
|start
|switch|p1a: Gholdengo|Gholdengo|100/100
|switch|p2a: Pelipper|Pelipper, M|100/100
|-item|p1a: Gholdengo|Air Balloon
|-weather|RainDance|[from] ability: Drizzle|[of] p2a: Pelipper
|turn|1
|
|t:|1781323557
|move|p1a: Gholdengo|Thunderbolt|p2a: Pelipper
|-supereffective|p2a: Pelipper
|-damage|p2a: Pelipper|0 fnt
|faint|p2a: Pelipper
|
|-weather|RainDance|[upkeep]
|upkeep
|
|t:|1781323564
|switch|p2a: Greninja|Greninja, M|100/100
|turn|2
|
|t:|1781323575
|switch|p1a: Samurott|Samurott-Hisui, F|100/100
|move|p2a: Greninja|Surf|p1a: Samurott
|-start|p2a: Greninja|typechange|Water|[from] ability: Protean
|-resisted|p1a: Samurott
|-damage|p1a: Samurott|40/100
|
|-weather|RainDance|[upkeep]
|upkeep
|turn|3
|
|t:|1781323585
|move|p1a: Samurott|Sucker Punch|p2a: Greninja
|-damage|p2a: Greninja|39/100
|move|p2a: Greninja|Surf|p1a: Samurott
|-resisted|p1a: Samurott
|-damage|p1a: Samurott|0 fnt
|faint|p1a: Samurott
|
|-weather|RainDance|[upkeep]
|upkeep
|
|t:|1781323613
|switch|p1a: Iron Moth|Iron Moth|100/100
|-enditem|p1a: Iron Moth|Booster Energy
|-activate|p1a: Iron Moth|ability: Quark Drive|[fromitem]
|-start|p1a: Iron Moth|quarkdrivespe
|turn|4
|
|t:|1781323621
|move|p1a: Iron Moth|Sludge Wave|p2a: Greninja
|-damage|p2a: Greninja|0 fnt
|faint|p2a: Greninja
|
|-weather|RainDance|[upkeep]
|upkeep
|
|t:|1781323630
|switch|p2a: Barraskewda|Barraskewda, M|100/100
|turn|5
|
|t:|1781323647
|-end|p1a: Iron Moth|Quark Drive|[silent]
|switch|p1a: Landorus|Landorus-Therian, M|100/100
|-ability|p1a: Landorus|Intimidate|boost
|-unboost|p2a: Barraskewda|atk|1
|move|p2a: Barraskewda|Flip Turn|p1a: Landorus
|-supereffective|p1a: Landorus
|-damage|p1a: Landorus|10/100
|-damage|p2a: Barraskewda|84/100|[from] item: Rocky Helmet|[of] p1a: Landorus
|
|t:|1781323659
|switch|p2a: Iron Treads|Iron Treads|100/100|[from] Flip Turn
|
|-weather|RainDance|[upkeep]
|upkeep
|turn|6
|
|t:|1781323671
|move|p2a: Iron Treads|Rapid Spin|p1a: Landorus
|-damage|p1a: Landorus|0 fnt
|-boost|p2a: Iron Treads|spe|1
|-damage|p2a: Iron Treads|84/100|[from] item: Rocky Helmet|[of] p1a: Landorus
|faint|p1a: Landorus
|
|-weather|RainDance|[upkeep]
|upkeep
|
|t:|1781323674
|switch|p1a: Gholdengo|Gholdengo|100/100
|-item|p1a: Gholdengo|Air Balloon
|turn|7
|
|t:|1781323684
|move|p2a: Iron Treads|Iron Head|p1a: Gholdengo
|-resisted|p1a: Gholdengo
|-damage|p1a: Gholdengo|78/100
|-enditem|p1a: Gholdengo|Air Balloon
|cant|p1a: Gholdengo|flinch
|
|-weather|RainDance|[upkeep]
|upkeep
|turn|8
|
|t:|1781323694
|switch|p1a: Ogerpon|Ogerpon-Wellspring, F|100/100
|move|p2a: Iron Treads|Earthquake|p1a: Ogerpon
|-resisted|p1a: Ogerpon
|-damage|p1a: Ogerpon|72/100
|
|-weather|none
|upkeep
|turn|9
|
|t:|1781323724
|-end|p2a: Iron Treads|Quark Drive|[silent]
|switch|p2a: Barraskewda|Barraskewda, M|84/100
|move|p1a: Ogerpon|Ivy Cudgel|p2a: Barraskewda|[anim] Ivy Cudgel Water
|-resisted|p2a: Barraskewda
|-damage|p2a: Barraskewda|26/100
|
|upkeep
|turn|10
|
|t:|1781323737
|switch|p1a: Gholdengo|Gholdengo|78/100
|move|p2a: Barraskewda|Liquidation|p1a: Gholdengo
|-damage|p1a: Gholdengo|2/100
|
|upkeep
|turn|11
|
|t:|1781323758
|switch|p2a: Zapdos|Zapdos|100/100
|switch|p1a: Ogerpon|Ogerpon-Wellspring, F|72/100
|
|upkeep
|turn|12
|
|t:|1781323764
|switch|p1a: Iron Moth|Iron Moth|100/100
|move|p2a: Zapdos|Hurricane|p1a: Iron Moth
|-damage|p1a: Iron Moth|33/100
|-start|p1a: Iron Moth|confusion
|
|upkeep
|turn|13
|
|t:|1781323777
|-activate|p1a: Iron Moth|confusion
|move|p1a: Iron Moth|Sludge Wave|p2a: Zapdos
|-damage|p2a: Zapdos|52/100
|move|p2a: Zapdos|Hurricane|p1a: Iron Moth
|-damage|p1a: Iron Moth|0 fnt
|faint|p1a: Iron Moth
|-end|p1a: Iron Moth|Quark Drive|[silent]
|
|-heal|p2a: Zapdos|58/100|[from] item: Leftovers
|upkeep
|
|t:|1781323786
|switch|p1a: Walking Wake|Walking Wake|100/100
|-enditem|p1a: Walking Wake|Booster Energy
|-activate|p1a: Walking Wake|ability: Protosynthesis|[fromitem]
|-start|p1a: Walking Wake|protosynthesisspa
|turn|14
|
|t:|1781323798
|move|p1a: Walking Wake|Knock Off|p2a: Zapdos
|-damage|p2a: Zapdos|42/100
|-enditem|p2a: Zapdos|Leftovers|[from] move: Knock Off|[of] p1a: Walking Wake
|move|p2a: Zapdos|Thunder|p1a: Walking Wake|[miss]
|-miss|p2a: Zapdos|p1a: Walking Wake
|
|upkeep
|turn|15
|
|t:|1781323805
|move|p1a: Walking Wake|Surf|p2a: Zapdos
|-damage|p2a: Zapdos|0 fnt
|faint|p2a: Zapdos
|
|upkeep
|
|t:|1781323810
|switch|p2a: Primarina|Primarina, M|100/100
|turn|16
|
|t:|1781323821
|move|p1a: Walking Wake|Knock Off|p2a: Primarina
|-resisted|p2a: Primarina
|-damage|p2a: Primarina|90/100
|-enditem|p2a: Primarina|Leftovers|[from] move: Knock Off|[of] p1a: Walking Wake
|move|p2a: Primarina|Moonblast|p1a: Walking Wake
|-supereffective|p1a: Walking Wake
|-damage|p1a: Walking Wake|0 fnt
|faint|p1a: Walking Wake
|-end|p1a: Walking Wake|Protosynthesis|[silent]
|
|upkeep
|
|t:|1781323825
|switch|p1a: Ogerpon|Ogerpon-Wellspring, F|72/100
|turn|17
|inactive|Battle timer is ON: inactive players will automatically lose when time's up. (requested by employment devil)
|
|t:|1781323877
|move|p1a: Ogerpon|Power Whip|p2a: Primarina
|-supereffective|p2a: Primarina
|-damage|p2a: Primarina|0 fnt
|faint|p2a: Primarina
|
|upkeep
|
|t:|1781323885
|switch|p2a: Barraskewda|Barraskewda, M|26/100
|turn|18
|
|t:|1781323901
|switch|p1a: Gholdengo|Gholdengo|2/100
|move|p2a: Barraskewda|Poison Jab|p1a: Gholdengo
|-immune|p1a: Gholdengo
|
|upkeep
|turn|19
|
|t:|1781323911
|switch|p2a: Iron Treads|Iron Treads|84/100
|switch|p1a: Ogerpon|Ogerpon-Wellspring, F|72/100
|
|upkeep
|turn|20
|
|t:|1781323931
|-terastallize|p2a: Iron Treads|Flying
|move|p1a: Ogerpon|Ivy Cudgel|p2a: Iron Treads|[anim] Ivy Cudgel Water
|-damage|p2a: Iron Treads|35/100
|move|p2a: Iron Treads|Iron Head|p1a: Ogerpon
|-resisted|p1a: Ogerpon
|-damage|p1a: Ogerpon|48/100
|
|upkeep
|turn|21
|
|t:|1781323940
|move|p1a: Ogerpon|Ivy Cudgel|p2a: Iron Treads|[anim] Ivy Cudgel Water
|-crit|p2a: Iron Treads
|-damage|p2a: Iron Treads|0 fnt
|faint|p2a: Iron Treads
|-end|p2a: Iron Treads|Quark Drive|[silent]
|
|upkeep
|
|t:|1781323946
|switch|p2a: Barraskewda|Barraskewda, M|26/100
|turn|22
|-message|hdy nb forfeited.
|
|win|employment devil
|raw|employment devil's rating: 1677 &rarr; <strong>1694</strong><br />(+17 for winning)
|raw|hdy nb's rating: 1626 &rarr; <strong>1609</strong><br />(-17 for losing)
|l|☆hdy nb
|player|p2|
|c|☆employment devil|gg
|l|☆employment devil
|player|p1|
