|badge|p1|bronze|gen9ou|100-9
|uhtml|medal-msg|<div class="broadcast-blue">Curious what those medals under the avatar are? PS now has Ladder Seasons! For more information, check out the <a href="https://www.smogon.com/forums/threads/3740067/">thread on Smogon.</a></div>
|j|☆Auburn Hills
|j|☆extra-pseudo man
|t:|1781488319
|gametype|singles
|player|p1|Auburn Hills|alder|1807
|player|p2|extra-pseudo man|alder|1710
|gen|9
|tier|[Gen 9] OU
|rated|
|rule|HP Percentage Mod: HP is shown in percentages
|rule|Endless Battle Clause: Forcing endless battles is banned
|rule|Species Clause: Limit one of each Pokémon
|rule|OHKO Clause: OHKO moves are banned
|rule|Evasion Items Clause: Evasion items are banned
|rule|Evasion Moves Clause: Evasion moves are banned
|rule|Evasion Abilities Clause: Evasion abilities are banned
|rule|Sleep Moves Clause: Sleep-inducing moves are banned
|clearpoke
|poke|p1|Iron Moth|
|poke|p1|Umbreon, M|
|poke|p1|Garchomp, M|
|poke|p1|Glimmora, M|
|poke|p1|Gholdengo|
|poke|p1|Dragonite, M|
|poke|p2|Dragonite, M|
|poke|p2|Dragapult, M|
|poke|p2|Tyranitar, M|
|poke|p2|Metagross|
|poke|p2|Goodra-Hisui, F|
|poke|p2|Garchomp, M|
|teampreview
|j| Serom 3
|
|t:|1781488354
|teamsize|p1|6
|teamsize|p2|6
|start
|switch|p1a: Rat Tally|Garchomp, M|100/100
|switch|p2a: He pulten on it|Dragapult, M|100/100
|turn|1
|j| Aiiekkskqqqqqq
|
|t:|1781488358
|-terastallize|p1a: Rat Tally|Poison
|move|p2a: He pulten on it|Draco Meteor|p1a: Rat Tally
|-damage|p1a: Rat Tally|37/100
|-unboost|p2a: He pulten on it|spa|2
|move|p1a: Rat Tally|Scale Shot|p2a: He pulten on it
|-supereffective|p2a: He pulten on it
|-damage|p2a: He pulten on it|62/100
|-supereffective|p2a: He pulten on it
|-damage|p2a: He pulten on it|25/100
|-supereffective|p2a: He pulten on it
|-damage|p2a: He pulten on it|0 fnt
|faint|p2a: He pulten on it
|-hitcount|p2: He pulten on it|3
|-unboost|p1a: Rat Tally|def|1
|-boost|p1a: Rat Tally|spe|1
|
|upkeep
|
|t:|1781488383
|switch|p2a: Tyranocif|Tyranitar, M|100/100
|-weather|Sandstorm|[from] ability: Sand Stream|[of] p2a: Tyranocif
|turn|2
|
|t:|1781488391
|move|p1a: Rat Tally|Earthquake|p2a: Tyranocif
|-supereffective|p2a: Tyranocif
|-damage|p2a: Tyranocif|27/100
|move|p2a: Tyranocif|Knock Off|p1a: Rat Tally
|-damage|p1a: Rat Tally|0 fnt
|-damage|p2a: Tyranocif|15/100|[from] ability: Rough Skin|[of] p1a: Rat Tally
|-enditem|p1a: Rat Tally|Loaded Dice|[from] move: Knock Off|[of] p2a: Tyranocif
|faint|p1a: Rat Tally
|
|-weather|Sandstorm|[upkeep]
|-heal|p2a: Tyranocif|21/100|[from] item: Leftovers
|upkeep
|
|t:|1781488395
|switch|p1a: Glimmora|Glimmora, M|100/100
|turn|3
|
|t:|1781488404
|switch|p2a: Marill me|Garchomp, M|100/100
|move|p1a: Glimmora|Earth Power|p2a: Marill me
|-damage|p2a: Marill me|70/100
|
|-weather|Sandstorm|[upkeep]
|upkeep
|turn|4
|
|t:|1781488407
|move|p1a: Glimmora|Earth Power|p2a: Marill me
|-damage|p2a: Marill me|40/100
|move|p2a: Marill me|Earthquake|p1a: Glimmora
|-supereffective|p1a: Glimmora
|-crit|p1a: Glimmora
|-enditem|p1a: Glimmora|Focus Sash
|-damage|p1a: Glimmora|1/100
|-activate|p1a: Glimmora|ability: Toxic Debris
|-sidestart|p2: extra-pseudo man|move: Toxic Spikes
|
|-weather|Sandstorm|[upkeep]
|upkeep
|turn|5
|
|t:|1781488413
|move|p1a: Glimmora|Stealth Rock|p2a: Marill me
|-sidestart|p2: extra-pseudo man|move: Stealth Rock
|move|p2a: Marill me|Spikes|p1a: Glimmora
|-sidestart|p1: Auburn Hills|Spikes
|
|-weather|Sandstorm|[upkeep]
|upkeep
|turn|6
|
|t:|1781488421
|move|p1a: Glimmora|Earth Power|p2a: Marill me
|-damage|p2a: Marill me|12/100
|move|p2a: Marill me|Spikes|p1a: Glimmora
|-sidestart|p1: Auburn Hills|Spikes
|
|-weather|none
|upkeep
|turn|7
|
|t:|1781488424
|move|p1a: Glimmora|Earth Power|p2a: Marill me
|-damage|p2a: Marill me|0 fnt
|faint|p2a: Marill me
|
|upkeep
|
|t:|1781488431
|switch|p2a: kaboom|Metagross|100/100
|-damage|p2a: kaboom|95/100|[from] Stealth Rock
|turn|8
|
|t:|1781488438
|move|p2a: kaboom|Bullet Punch|p1a: Glimmora
|-supereffective|p1a: Glimmora
|-damage|p1a: Glimmora|0 fnt
|-activate|p1a: Glimmora|ability: Toxic Debris
|-sidestart|p2: extra-pseudo man|move: Toxic Spikes
|faint|p1a: Glimmora
|
|upkeep
|
|t:|1781488441
|switch|p1a: Elucid|Dragonite, M|100/100
|turn|9
|
|t:|1781488445
|switch|p2a: Tyranocif|Tyranitar, M|21/100
|-status|p2a: Tyranocif|tox
|-damage|p2a: Tyranocif|9/100 tox|[from] Stealth Rock
|-weather|Sandstorm|[from] ability: Sand Stream|[of] p2a: Tyranocif
|move|p1a: Elucid|Dragon Dance|p1a: Elucid
|-boost|p1a: Elucid|atk|1
|-boost|p1a: Elucid|spe|1
|
|-weather|Sandstorm|[upkeep]
|-damage|p1a: Elucid|94/100|[from] Sandstorm
|-heal|p2a: Tyranocif|15/100 tox|[from] item: Leftovers
|-damage|p2a: Tyranocif|9/100 tox|[from] psn
|upkeep
|turn|10
|
|t:|1781488449
|move|p1a: Elucid|Earthquake|p2a: Tyranocif
|-supereffective|p2a: Tyranocif
|-damage|p2a: Tyranocif|0 fnt
|faint|p2a: Tyranocif
|
|-weather|Sandstorm|[upkeep]
|-damage|p1a: Elucid|88/100|[from] Sandstorm
|upkeep
|inactive|Battle timer is ON: inactive players will automatically lose when time's up. (requested by Auburn Hills)
|
|t:|1781488463
|switch|p2a: Chud|Dragonite, M|100/100
|turn|11
|
|t:|1781488475
|-terastallize|p2a: Chud|Normal
|move|p2a: Chud|Extreme Speed|p1a: Elucid
|-damage|p1a: Elucid|33/100
|move|p1a: Elucid|Ice Spinner|p2a: Chud
|-damage|p2a: Chud|76/100
|
|-weather|Sandstorm|[upkeep]
|-damage|p1a: Elucid|27/100|[from] Sandstorm
|-damage|p2a: Chud|70/100|[from] Sandstorm
|upkeep
|turn|12
|
|t:|1781488483
|move|p1a: Elucid|Extreme Speed|p2a: Chud
|-damage|p2a: Chud|16/100
|move|p2a: Chud|Extreme Speed|p1a: Elucid
|-damage|p1a: Elucid|0 fnt
|faint|p1a: Elucid
|
|-weather|Sandstorm|[upkeep]
|-damage|p2a: Chud|10/100|[from] Sandstorm
|upkeep
|
|t:|1781488487
|switch|p1a: Smino|Gholdengo|100/100
|-damage|p1a: Smino|84/100|[from] Spikes
|turn|13
|
|t:|1781488492
|move|p1a: Smino|Shadow Ball|p2a: Chud
|-immune|p2a: Chud
|move|p2a: Chud|Earthquake|p1a: Smino
|-supereffective|p1a: Smino
|-crit|p1a: Smino
|-damage|p1a: Smino|0 fnt
|faint|p1a: Smino
|
|-weather|none
|upkeep
|
|t:|1781488512
|switch|p1a: Alvvays|Umbreon, M|100/100
|-damage|p1a: Alvvays|84/100|[from] Spikes
|turn|14
|n| Aiiekkskqqqqqq|aiiekkskqqqqqq
|
|t:|1781488524
|move|p2a: Chud|Extreme Speed|p1a: Alvvays
|-damage|p1a: Alvvays|44/100
|move|p1a: Alvvays|Wish|p1a: Alvvays
|
|-heal|p1a: Alvvays|50/100|[from] item: Leftovers
|upkeep
|turn|15
|c| Aiiekkskqqqqqq|Nice
|
|t:|1781488527
|move|p2a: Chud|Encore|p1a: Alvvays
|-start|p1a: Alvvays|Encore
|move|p1a: Alvvays|Wish||[still]
|-fail|p1a: Alvvays
|
|-heal|p1a: Alvvays|99/100|[from] move: Wish|[wisher] Alvvays
|-heal|p1a: Alvvays|100/100|[from] item: Leftovers
|upkeep
|turn|16
|
|t:|1781488530
|switch|p1a: Carly Rae|Iron Moth|100/100
|-damage|p1a: Carly Rae|84/100|[from] Spikes
|-enditem|p1a: Carly Rae|Booster Energy
|-activate|p1a: Carly Rae|ability: Quark Drive|[fromitem]
|-start|p1a: Carly Rae|quarkdrivespe
|move|p2a: Chud|Dragon Dance|p2a: Chud
|-boost|p2a: Chud|atk|1
|-boost|p2a: Chud|spe|1
|
|upkeep
|turn|17
|
|t:|1781488532
|move|p2a: Chud|Extreme Speed|p1a: Carly Rae
|-damage|p1a: Carly Rae|0 fnt
|faint|p1a: Carly Rae
|-end|p1a: Carly Rae|Quark Drive|[silent]
|
|upkeep
|-message|Auburn Hills forfeited.
|
|win|extra-pseudo man
|raw|Auburn Hills's rating: 1807 &rarr; <strong>1782</strong><br />(-25 for losing)
|raw|extra-pseudo man's rating: 1710 &rarr; <strong>1735</strong><br />(+25 for winning)
|l|☆Auburn Hills
|player|p1|
|j| rexa2
|l| Serom 3
|l| rexa2
|c|☆extra-pseudo man|gg
|l|☆extra-pseudo man
|player|p2|
|l| Aiiekkskqqqqqq
