|j|☆milkymilkeater
|j|‽supmydudetest1
|t:|1781549204
|gametype|singles
|player|p1|milkymilkeater|169|1665
|player|p2|supmydudetest1|169|1635
|gen|9
|tier|[Gen 9] OU
|rated|
|rule|HP Percentage Mod: HP is shown in percentages
|rule|Endless Battle Clause: Forcing endless battles is banned
|rule|Species Clause: Limit one of each Pokémon
|rule|OHKO Clause: OHKO moves are banned
|rule|Evasion Items Clause: Evasion items are banned
|rule|Evasion Moves Clause: Evasion moves are banned
|rule|Evasion Abilities Clause: Evasion abilities are banned
|rule|Sleep Moves Clause: Sleep-inducing moves are banned
|clearpoke
|poke|p1|Slowking-Galar, F|
|poke|p1|Great Tusk|
|poke|p1|Kyurem|
|poke|p1|Kingambit, M|
|poke|p1|Cinderace, M|
|poke|p1|Zapdos|
|poke|p2|Ogerpon-Wellspring, F|
|poke|p2|Raging Bolt|
|poke|p2|Cinderace, F|
|poke|p2|Corviknight, M|
|poke|p2|Ting-Lu|
|poke|p2|Gengar, F|
|teampreview
|inactive|Battle timer is ON: inactive players will automatically lose when time's up. (requested by supmydudetest1)
|
|t:|1781549230
|teamsize|p1|6
|teamsize|p2|6
|start
|switch|p1a: Zapdos|Zapdos, shiny|100/100
|switch|p2a: Cinderace|Cinderace, F|100/100
|turn|1
|
|t:|1781549239
|switch|p1a: Cinderace|Cinderace, M|100/100
|move|p2a: Cinderace|Pyro Ball|p1a: Cinderace
|-resisted|p1a: Cinderace
|-damage|p1a: Cinderace|52/100
|
|upkeep
|turn|2
|
|t:|1781549246
|move|p1a: Cinderace|U-turn|p2a: Cinderace
|-resisted|p2a: Cinderace
|-damage|p2a: Cinderace|86/100
|
|t:|1781549248
|switch|p1a: Great Tusk|Great Tusk|100/100|[from] U-turn
|move|p2a: Cinderace|Pyro Ball|p1a: Great Tusk
|-damage|p1a: Great Tusk|43/100
|
|-heal|p1a: Great Tusk|49/100|[from] item: Leftovers
|upkeep
|turn|3
|
|t:|1781549257
|move|p2a: Cinderace|Pyro Ball|p1a: Great Tusk|[miss]
|-miss|p2a: Cinderace|p1a: Great Tusk
|move|p1a: Great Tusk|Headlong Rush|p2a: Cinderace
|-supereffective|p2a: Cinderace
|-damage|p2a: Cinderace|0 fnt
|-unboost|p1a: Great Tusk|def|1
|-unboost|p1a: Great Tusk|spd|1
|faint|p2a: Cinderace
|
|-heal|p1a: Great Tusk|55/100|[from] item: Leftovers
|upkeep
|
|t:|1781549269
|switch|p2a: Ogerpon|Ogerpon-Wellspring, F|100/100
|turn|4
|
|t:|1781549283
|-end|p1a: Great Tusk|Protosynthesis|[silent]
|switch|p1a: Kyurem|Kyurem|100/100
|-ability|p1a: Kyurem|Pressure
|move|p2a: Ogerpon|Swords Dance|p2a: Ogerpon
|-boost|p2a: Ogerpon|atk|2
|
|upkeep
|turn|5
|
|t:|1781549291
|move|p2a: Ogerpon|Play Rough|p1a: Kyurem
|-supereffective|p1a: Kyurem
|-damage|p1a: Kyurem|0 fnt
|faint|p1a: Kyurem
|
|upkeep
|c|☆milkymilkeater|if i lead wrong its cooked
|c|☆milkymilkeater|what type of sample is ts
|inactive|milkymilkeater has 120 seconds left.
|c|☆milkymilkeater|not prepared for cinder+ogerpon
|
|t:|1781549333
|switch|p1a: Cinderace|Cinderace, M|52/100
|turn|6
|
|t:|1781549342
|switch|p2a: Gengar|Gengar, F|100/100
|move|p1a: Cinderace|Will-O-Wisp|p2a: Gengar
|-status|p2a: Gengar|brn
|
|-damage|p2a: Gengar|94/100 brn|[from] brn
|upkeep
|turn|7
|j| Tre ballers
|
|t:|1781549351
|move|p2a: Gengar|Shadow Ball|p1a: Cinderace
|-crit|p1a: Cinderace
|-damage|p1a: Cinderace|0 fnt
|faint|p1a: Cinderace
|
|-damage|p2a: Gengar|88/100 brn|[from] brn
|upkeep
|
|t:|1781549357
|switch|p1a: Kingambit|Kingambit, M|100/100
|-activate|p1a: Kingambit|ability: Supreme Overlord
|-start|p1a: Kingambit|fallen2|[silent]
|turn|8
|
|t:|1781549363
|switch|p2a: Ting-Lu|Ting-Lu|100/100
|-ability|p2a: Ting-Lu|Vessel of Ruin
|move|p1a: Kingambit|Swords Dance|p1a: Kingambit
|-boost|p1a: Kingambit|atk|2
|
|upkeep
|turn|9
|
|t:|1781549371
|move|p1a: Kingambit|Low Kick|p2a: Ting-Lu
|-supereffective|p2a: Ting-Lu
|-damage|p2a: Ting-Lu|0 fnt
|faint|p2a: Ting-Lu
|
|upkeep
|
|t:|1781549377
|switch|p2a: Raging Bolt|Raging Bolt|100/100
|-enditem|p2a: Raging Bolt|Booster Energy
|-activate|p2a: Raging Bolt|ability: Protosynthesis|[fromitem]
|-start|p2a: Raging Bolt|protosynthesisspa
|turn|10
|
|t:|1781549386
|-terastallize|p2a: Raging Bolt|Fairy
|move|p2a: Raging Bolt|Thunderbolt|p1a: Kingambit
|-damage|p1a: Kingambit|24/100
|move|p1a: Kingambit|Low Kick|p2a: Raging Bolt
|-resisted|p2a: Raging Bolt
|-damage|p2a: Raging Bolt|45/100
|
|-heal|p1a: Kingambit|31/100|[from] item: Leftovers
|upkeep
|turn|11
|
|t:|1781549396
|move|p2a: Raging Bolt|Thunderclap|p1a: Kingambit
|-damage|p1a: Kingambit|0 fnt
|faint|p1a: Kingambit
|-end|p1a: Kingambit|fallen2|[silent]
|
|upkeep
|
|t:|1781549400
|switch|p1a: Slowking|Slowking-Galar, F|100/100
|turn|12
|
|t:|1781549408
|move|p2a: Raging Bolt|Thunderbolt|p1a: Slowking
|-damage|p1a: Slowking|56/100
|move|p1a: Slowking|Future Sight|p2a: Raging Bolt
|-start|p1a: Slowking|move: Future Sight
|
|upkeep
|turn|13
|
|t:|1781549414
|move|p2a: Raging Bolt|Dragon Pulse|p1a: Slowking
|-crit|p1a: Slowking
|-damage|p1a: Slowking|0 fnt
|faint|p1a: Slowking
|
|upkeep
|
|t:|1781549420
|switch|p1a: Great Tusk|Great Tusk|55/100
|turn|14
|
|t:|1781549426
|-end|p2a: Raging Bolt|Protosynthesis|[silent]
|switch|p2a: Corviknight|Corviknight, M|100/100
|move|p1a: Great Tusk|Close Combat|p2a: Corviknight
|-damage|p2a: Corviknight|65/100
|-unboost|p1a: Great Tusk|def|1
|-unboost|p1a: Great Tusk|spd|1
|
|-end|p2a: Corviknight|move: Future Sight
|-resisted|p2a: Corviknight
|-damage|p2a: Corviknight|43/100
|-heal|p1a: Great Tusk|62/100|[from] item: Leftovers
|-heal|p2a: Corviknight|50/100|[from] item: Leftovers
|upkeep
|turn|15
|
|t:|1781549439
|-end|p1a: Great Tusk|Protosynthesis|[silent]
|switch|p1a: Zapdos|Zapdos, shiny|100/100
|move|p2a: Corviknight|Roost|p2a: Corviknight
|-heal|p2a: Corviknight|99/100
|-singleturn|p2a: Corviknight|move: Roost
|
|-heal|p2a: Corviknight|100/100|[from] item: Leftovers
|upkeep
|turn|16
|
|t:|1781549448
|move|p1a: Zapdos|Thunder Wave|p2a: Corviknight
|-status|p2a: Corviknight|par
|move|p2a: Corviknight|U-turn|p1a: Zapdos
|-resisted|p1a: Zapdos
|-damage|p1a: Zapdos|96/100
|
|t:|1781549455
|switch|p2a: Raging Bolt|Raging Bolt, tera:Fairy|45/100|[from] U-turn
|
|upkeep
|turn|17
|
|t:|1781549463
|move|p2a: Raging Bolt|Dragon Pulse|p1a: Zapdos
|-damage|p1a: Zapdos|46/100
|move|p1a: Zapdos|Volt Switch|p2a: Raging Bolt
|-damage|p2a: Raging Bolt|18/100
|
|t:|1781549465
|switch|p1a: Great Tusk|Great Tusk|62/100|[from] Volt Switch
|
|-heal|p1a: Great Tusk|68/100|[from] item: Leftovers
|upkeep
|turn|18
|
|t:|1781549474
|move|p1a: Great Tusk|Headlong Rush|p2a: Raging Bolt
|-damage|p2a: Raging Bolt|0 fnt
|-unboost|p1a: Great Tusk|def|1
|-unboost|p1a: Great Tusk|spd|1
|faint|p2a: Raging Bolt
|-end|p2a: Raging Bolt|Protosynthesis|[silent]
|
|-heal|p1a: Great Tusk|74/100|[from] item: Leftovers
|upkeep
|
|t:|1781549483
|switch|p2a: Ogerpon|Ogerpon-Wellspring, F|100/100
|turn|19
|
|t:|1781549486
|move|p2a: Ogerpon|Swords Dance|p2a: Ogerpon
|-boost|p2a: Ogerpon|atk|2
|move|p1a: Great Tusk|Rapid Spin|p2a: Ogerpon
|-damage|p2a: Ogerpon|79/100
|-boost|p1a: Great Tusk|spe|1
|
|-heal|p1a: Great Tusk|80/100|[from] item: Leftovers
|upkeep
|turn|20
|
|t:|1781549497
|switch|p2a: Gengar|Gengar, F|88/100 brn
|move|p1a: Great Tusk|Close Combat|p2a: Gengar
|-immune|p2a: Gengar
|
|-heal|p1a: Great Tusk|86/100|[from] item: Leftovers
|-damage|p2a: Gengar|82/100 brn|[from] brn
|upkeep
|turn|21
|c|☆milkymilkeater|wp
|
|t:|1781549507
|move|p2a: Gengar|Shadow Ball|p1a: Great Tusk
|-damage|p1a: Great Tusk|0 fnt
|faint|p1a: Great Tusk
|-end|p1a: Great Tusk|Protosynthesis|[silent]
|
|-damage|p2a: Gengar|76/100 brn|[from] brn
|upkeep
|
|t:|1781549510
|switch|p1a: Zapdos|Zapdos, shiny|46/100
|turn|22
|
|t:|1781549516
|move|p2a: Gengar|Shadow Ball|p1a: Zapdos
|-damage|p1a: Zapdos|8/100
|move|p1a: Zapdos|Roost|p1a: Zapdos
|-heal|p1a: Zapdos|58/100
|-singleturn|p1a: Zapdos|move: Roost
|
|-damage|p2a: Gengar|70/100 brn|[from] brn
|upkeep
|turn|23
|c|☆milkymilkeater|supmydudetest1
|c|☆milkymilkeater|weirdo
|c|☆milkymilkeater|say sum
|
|t:|1781549532
|move|p2a: Gengar|Shadow Ball|p1a: Zapdos
|-damage|p1a: Zapdos|14/100
|move|p1a: Zapdos|Roost|p1a: Zapdos
|-heal|p1a: Zapdos|64/100
|-singleturn|p1a: Zapdos|move: Roost
|
|-damage|p2a: Gengar|64/100 brn|[from] brn
|upkeep
|turn|24
|
|t:|1781549542
|move|p2a: Gengar|Shadow Ball|p1a: Zapdos
|-damage|p1a: Zapdos|24/100
|move|p1a: Zapdos|Hurricane|p2a: Gengar
|-damage|p2a: Gengar|0 fnt
|faint|p2a: Gengar
|
|upkeep
|
|t:|1781549550
|switch|p2a: Ogerpon|Ogerpon-Wellspring, F|79/100
|turn|25
|
|t:|1781549555
|-terastallize|p1a: Zapdos|Grass
|move|p2a: Ogerpon|Ivy Cudgel|p1a: Zapdos|[anim] Ivy Cudgel Water
|-resisted|p1a: Zapdos
|-damage|p1a: Zapdos|4/100
|move|p1a: Zapdos|Roost|p1a: Zapdos
|-heal|p1a: Zapdos|54/100
|
|upkeep
|turn|26
|-message|supmydudetest1 forfeited.
|
|win|milkymilkeater
|raw|milkymilkeater's rating: 1665 &rarr; <strong>1683</strong><br />(+18 for winning)
|raw|supmydudetest1's rating: 1635 &rarr; <strong>1617</strong><br />(-18 for losing)
|l|‽supmydudetest1
|player|p2|
|l|☆milkymilkeater
|player|p1|
|l| Tre ballers
