|j|☆Alfblu3
|j|☆cachowcapow
|t:|1780927631
|gametype|singles
|player|p1|Alfblu3|fisherman-gen4|1619
|player|p2|cachowcapow|102|1640
|gen|9
|tier|[Gen 9] OU
|rated|
|rule|HP Percentage Mod: HP is shown in percentages
|rule|Endless Battle Clause: Forcing endless battles is banned
|rule|Species Clause: Limit one of each Pokémon
|rule|OHKO Clause: OHKO moves are banned
|rule|Evasion Items Clause: Evasion items are banned
|rule|Evasion Moves Clause: Evasion moves are banned
|rule|Evasion Abilities Clause: Evasion abilities are banned
|rule|Sleep Moves Clause: Sleep-inducing moves are banned
|clearpoke
|poke|p1|Pawmot, F|
|poke|p1|Cresselia, F|
|poke|p1|Entei|
|poke|p1|Iron Treads|
|poke|p1|Fezandipiti, M|
|poke|p1|Darkrai|
|poke|p2|Cinderace, M|
|poke|p2|Slither Wing|
|poke|p2|Alomomola, F|
|poke|p2|Great Tusk|
|poke|p2|Meowscarada, M|
|poke|p2|Froslass, F|
|teampreview
|inactive|Battle timer is ON: inactive players will automatically lose when time's up. (requested by Alfblu3)
|
|t:|1780927653
|teamsize|p1|6
|teamsize|p2|6
|start
|switch|p1a: Fezandipiti|Fezandipiti, M|100/100
|switch|p2a: Meowscarada|Meowscarada, M|100/100
|turn|1
|
|t:|1780927664
|switch|p2a: Slither Wing|Slither Wing|100/100
|move|p1a: Fezandipiti|Beat Up|p2a: Slither Wing
|-resisted|p2a: Slither Wing
|-damage|p2a: Slither Wing|99/100
|-status|p2a: Slither Wing|tox|[from] ability: Toxic Chain|[of] p1a: Fezandipiti
|-resisted|p2a: Slither Wing
|-damage|p2a: Slither Wing|99/100 tox
|-resisted|p2a: Slither Wing
|-damage|p2a: Slither Wing|97/100 tox
|-resisted|p2a: Slither Wing
|-damage|p2a: Slither Wing|96/100 tox
|-resisted|p2a: Slither Wing
|-damage|p2a: Slither Wing|94/100 tox
|-resisted|p2a: Slither Wing
|-crit|p2a: Slither Wing
|-damage|p2a: Slither Wing|93/100 tox
|-hitcount|p2a: Slither Wing|6
|
|-damage|p2a: Slither Wing|87/100 tox|[from] psn
|upkeep
|turn|2
|
|t:|1780927672
|switch|p1a: Cresselia|Cresselia, F|100/100
|move|p2a: Slither Wing|U-turn|p1a: Cresselia
|-supereffective|p1a: Cresselia
|-damage|p1a: Cresselia|68/100
|-damage|p2a: Slither Wing|70/100 tox|[from] item: Rocky Helmet|[of] p1a: Cresselia
|
|t:|1780927680
|-end|p2a: Slither Wing|Protosynthesis|[silent]
|switch|p2a: Froslass|Froslass, F|100/100|[from] U-turn
|
|upkeep
|turn|3
|
|t:|1780927699
|move|p2a: Froslass|Poltergeist|p1a: Cresselia|[miss]
|-miss|p2a: Froslass|p1a: Cresselia
|move|p1a: Cresselia|Thunder Wave|p2a: Froslass
|-status|p2a: Froslass|par
|
|upkeep
|turn|4
|
|t:|1780927704
|switch|p1a: Darkrai|Darkrai|100/100
|move|p2a: Froslass|Thunder Wave|p1a: Darkrai
|-status|p1a: Darkrai|par
|
|upkeep
|turn|5
|
|t:|1780927709
|switch|p2a: Slither Wing|Slither Wing|70/100 tox
|move|p1a: Darkrai|Dark Pulse|p2a: Slither Wing
|-resisted|p2a: Slither Wing
|-damage|p2a: Slither Wing|51/100 tox
|
|-damage|p2a: Slither Wing|45/100 tox|[from] psn
|upkeep
|turn|6
|
|t:|1780927714
|switch|p1a: Fezandipiti|Fezandipiti, M|100/100
|move|p2a: Slither Wing|U-turn|p1a: Fezandipiti
|-resisted|p1a: Fezandipiti
|-damage|p1a: Fezandipiti|93/100
|
|t:|1780927722
|-end|p2a: Slither Wing|Protosynthesis|[silent]
|switch|p2a: Cinderace|Cinderace, M|100/100|[from] U-turn
|
|upkeep
|turn|7
|
|t:|1780927727
|switch|p1a: Entei|Entei|100/100
|-ability|p1a: Entei|Pressure
|move|p2a: Cinderace|Iron Head|p1a: Entei
|-start|p2a: Cinderace|typechange|Steel|[from] ability: Libero
|-resisted|p1a: Entei
|-damage|p1a: Entei|81/100
|
|-heal|p1a: Entei|87/100|[from] item: Leftovers
|upkeep
|turn|8
|
|t:|1780927734
|switch|p1a: Fezandipiti|Fezandipiti, M|93/100
|move|p2a: Cinderace|U-turn|p1a: Fezandipiti
|-resisted|p1a: Fezandipiti
|-damage|p1a: Fezandipiti|87/100
|
|t:|1780927737
|switch|p2a: Great Tusk|Great Tusk|100/100|[from] U-turn
|
|upkeep
|turn|9
|
|t:|1780927740
|switch|p1a: Cresselia|Cresselia, F|68/100
|move|p2a: Great Tusk|Headlong Rush|p1a: Cresselia
|-immune|p1a: Cresselia|[from] ability: Levitate
|
|upkeep
|turn|10
|
|t:|1780927744
|-end|p2a: Great Tusk|Protosynthesis|[silent]
|switch|p2a: Meowscarada|Meowscarada, M|100/100
|move|p1a: Cresselia|Moonlight|p1a: Cresselia
|-heal|p1a: Cresselia|100/100
|
|upkeep
|turn|11
|
|t:|1780927750
|switch|p2a: Cinderace|Cinderace, M|100/100
|move|p1a: Cresselia|Thunder Wave|p2a: Cinderace
|-status|p2a: Cinderace|par
|
|upkeep
|turn|12
|
|t:|1780927755
|switch|p1a: Entei|Entei|87/100
|-ability|p1a: Entei|Pressure
|move|p2a: Cinderace|U-turn|p1a: Entei
|-start|p2a: Cinderace|typechange|Bug|[from] ability: Libero
|-resisted|p1a: Entei
|-damage|p1a: Entei|72/100
|
|t:|1780927762
|switch|p2a: Meowscarada|Meowscarada, M|100/100|[from] U-turn
|
|-heal|p1a: Entei|78/100|[from] item: Leftovers
|upkeep
|turn|13
|
|t:|1780927766
|move|p1a: Entei|Protect|p1a: Entei
|-singleturn|p1a: Entei|Protect
|move|p2a: Meowscarada|Power Gem|p1a: Entei
|-start|p2a: Meowscarada|typechange|Rock|[from] ability: Protean
|-activate|p1a: Entei|move: Protect
|
|-heal|p1a: Entei|84/100|[from] item: Leftovers
|upkeep
|turn|14
|j| uighuihjiok
|j| takong
|
|t:|1780927780
|switch|p2a: Alomomola|Alomomola, F|100/100
|switch|p1a: Fezandipiti|Fezandipiti, M|87/100
|
|upkeep
|turn|15
|
|t:|1780927784
|move|p1a: Fezandipiti|Beat Up|p2a: Alomomola
|-damage|p2a: Alomomola|98/100
|-status|p2a: Alomomola|tox|[from] ability: Toxic Chain|[of] p1a: Fezandipiti
|-damage|p2a: Alomomola|96/100 tox
|-damage|p2a: Alomomola|94/100 tox
|-damage|p2a: Alomomola|91/100 tox
|-damage|p2a: Alomomola|88/100 tox
|-hitcount|p2a: Alomomola|5
|move|p2a: Alomomola|Flip Turn|p1a: Fezandipiti
|-damage|p1a: Fezandipiti|69/100
|
|t:|1780927787
|switch|p2a: Cinderace|Cinderace, M|100/100 par|[from] Flip Turn
|
|upkeep
|turn|16
|l| takong
|
|t:|1780927796
|move|p1a: Fezandipiti|U-turn|p2a: Cinderace
|-resisted|p2a: Cinderace
|-damage|p2a: Cinderace|89/100 par
|
|t:|1780927797
|switch|p1a: Entei|Entei|84/100|[from] U-turn
|-ability|p1a: Entei|Pressure
|move|p2a: Cinderace|U-turn|p1a: Entei
|-start|p2a: Cinderace|typechange|Bug|[from] ability: Libero
|-resisted|p1a: Entei
|-damage|p1a: Entei|68/100
|
|t:|1780927809
|switch|p2a: Alomomola|Alomomola, F|100/100 tox|[from] U-turn
|
|-heal|p1a: Entei|74/100|[from] item: Leftovers
|-damage|p2a: Alomomola|94/100 tox|[from] psn
|upkeep
|turn|17
|
|t:|1780927812
|move|p1a: Entei|Protect|p1a: Entei
|-singleturn|p1a: Entei|Protect
|move|p2a: Alomomola|Flip Turn|p1a: Entei
|-activate|p1a: Entei|move: Protect
|
|-heal|p1a: Entei|80/100|[from] item: Leftovers
|-damage|p2a: Alomomola|82/100 tox|[from] psn
|upkeep
|turn|18
|
|t:|1780927816
|switch|p1a: Cresselia|Cresselia, F|100/100
|move|p2a: Alomomola|Flip Turn|p1a: Cresselia
|-damage|p1a: Cresselia|91/100
|-damage|p2a: Alomomola|65/100 tox|[from] item: Rocky Helmet|[of] p1a: Cresselia
|
|t:|1780927821
|switch|p2a: Meowscarada|Meowscarada, M|100/100|[from] Flip Turn
|
|upkeep
|turn|19
|
|t:|1780927825
|move|p2a: Meowscarada|Dark Pulse|p1a: Cresselia
|-start|p2a: Meowscarada|typechange|Dark|[from] ability: Protean
|-supereffective|p1a: Cresselia
|-damage|p1a: Cresselia|36/100
|move|p1a: Cresselia|Thunder Wave|p2a: Meowscarada
|-status|p2a: Meowscarada|par
|
|upkeep
|turn|20
|
|t:|1780927829
|switch|p1a: Fezandipiti|Fezandipiti, M|69/100
|switch|p2a: Cinderace|Cinderace, M|89/100 par
|
|upkeep
|turn|21
|
|t:|1780927833
|move|p1a: Fezandipiti|U-turn|p2a: Cinderace
|-resisted|p2a: Cinderace
|-damage|p2a: Cinderace|78/100 par
|
|t:|1780927835
|switch|p1a: Entei|Entei|80/100|[from] U-turn
|-ability|p1a: Entei|Pressure
|move|p2a: Cinderace|Pyro Ball|p1a: Entei|[miss]
|-miss|p2a: Cinderace|p1a: Entei
|
|-heal|p1a: Entei|87/100|[from] item: Leftovers
|upkeep
|turn|22
|
|t:|1780927839
|move|p1a: Entei|Substitute|p1a: Entei
|-start|p1a: Entei|Substitute
|-damage|p1a: Entei|62/100
|move|p2a: Cinderace|U-turn|p1a: Entei
|-start|p2a: Cinderace|typechange|Bug|[from] ability: Libero
|-resisted|p1a: Entei
|-activate|p1a: Entei|move: Substitute|[damage]
|
|t:|1780927841
|switch|p2a: Alomomola|Alomomola, F|99/100 tox|[from] U-turn
|
|-heal|p1a: Entei|68/100|[from] item: Leftovers
|-damage|p2a: Alomomola|93/100 tox|[from] psn
|upkeep
|turn|23
|
|t:|1780927844
|-terastallize|p1a: Entei|Dragon
|move|p1a: Entei|Calm Mind|p1a: Entei
|-boost|p1a: Entei|spa|1
|-boost|p1a: Entei|spd|1
|move|p2a: Alomomola|Flip Turn|p1a: Entei
|-resisted|p1a: Entei
|-activate|p1a: Entei|move: Substitute|[damage]
|
|t:|1780927848
|switch|p2a: Great Tusk|Great Tusk|100/100|[from] Flip Turn
|
|-heal|p1a: Entei|74/100|[from] item: Leftovers
|upkeep
|turn|24
|
|t:|1780927850
|move|p2a: Great Tusk|Ice Spinner|p1a: Entei
|-supereffective|p1a: Entei
|-end|p1a: Entei|Substitute
|move|p1a: Entei|Lava Plume|p2a: Great Tusk
|-damage|p2a: Great Tusk|42/100
|
|-heal|p1a: Entei|80/100|[from] item: Leftovers
|upkeep
|turn|25
|
|t:|1780927853
|switch|p1a: Cresselia|Cresselia, F|36/100
|move|p2a: Great Tusk|Ice Spinner|p1a: Cresselia
|-damage|p1a: Cresselia|20/100
|-damage|p2a: Great Tusk|25/100|[from] item: Rocky Helmet|[of] p1a: Cresselia
|
|upkeep
|turn|26
|
|t:|1780927857
|-end|p2a: Great Tusk|Protosynthesis|[silent]
|switch|p2a: Meowscarada|Meowscarada, M|100/100 par
|move|p1a: Cresselia|Moonlight|p1a: Cresselia
|-heal|p1a: Cresselia|70/100
|
|upkeep
|turn|27
|
|t:|1780927860
|switch|p1a: Fezandipiti|Fezandipiti, M|69/100
|move|p2a: Meowscarada|Aura Sphere|p1a: Fezandipiti
|-start|p2a: Meowscarada|typechange|Fighting|[from] ability: Protean
|-resisted|p1a: Fezandipiti
|-damage|p1a: Fezandipiti|62/100
|
|upkeep
|turn|28
|-message|cachowcapow forfeited.
|
|win|Alfblu3
|raw|Alfblu3's rating: 1619 &rarr; <strong>1640</strong><br />(+21 for winning)
|raw|cachowcapow's rating: 1640 &rarr; <strong>1619</strong><br />(-21 for losing)
|l|☆cachowcapow
|player|p2|
|l|☆Alfblu3
|player|p1|
|l| uighuihjiok
