|j|☆zippitytippity
|j|☆chill element
|t:|1781157494
|gametype|singles
|player|p1|zippitytippity|cynthia-masters4|1563
|player|p2|chill element|youngster|1523
|gen|9
|tier|[Gen 9] OU
|rated|
|rule|HP Percentage Mod: HP is shown in percentages
|rule|Endless Battle Clause: Forcing endless battles is banned
|rule|Species Clause: Limit one of each Pokémon
|rule|OHKO Clause: OHKO moves are banned
|rule|Evasion Items Clause: Evasion items are banned
|rule|Evasion Moves Clause: Evasion moves are banned
|rule|Evasion Abilities Clause: Evasion abilities are banned
|rule|Sleep Moves Clause: Sleep-inducing moves are banned
|clearpoke
|poke|p1|Ursaluna, M|
|poke|p1|Cresselia, F|
|poke|p1|Iron Valiant|
|poke|p1|Hatterene, F|
|poke|p1|Keldeo-Resolute|
|poke|p1|Ogerpon, F|
|poke|p2|Reuniclus, M|
|poke|p2|Samurott-Hisui, F|
|poke|p2|Dragonite, F|
|poke|p2|Iron Valiant|
|poke|p2|Zamazenta-*|
|poke|p2|Blaziken, M|
|teampreview
|
|t:|1781157500
|teamsize|p1|6
|teamsize|p2|6
|start
|switch|p1a: Keldeo|Keldeo-Resolute|100/100
|switch|p2a: Samurott|Samurott-Hisui, F|100/100
|turn|1
|
|t:|1781157504
|move|p1a: Keldeo|Secret Sword|p2a: Samurott
|-supereffective|p2a: Samurott
|-enditem|p2a: Samurott|Focus Sash
|-damage|p2a: Samurott|1/100
|move|p2a: Samurott|Ceaseless Edge|p1a: Keldeo|[miss]
|-miss|p2a: Samurott|p1a: Keldeo
|
|upkeep
|turn|2
|inactive|Battle timer is ON: inactive players will automatically lose when time's up. (requested by zippitytippity)
|
|t:|1781157510
|move|p1a: Keldeo|Secret Sword|p2a: Samurott
|-supereffective|p2a: Samurott
|-damage|p2a: Samurott|0 fnt
|faint|p2a: Samurott
|
|upkeep
|
|t:|1781157512
|switch|p2a: Reuniclus|Reuniclus, M|100/100
|turn|3
|
|t:|1781157517
|switch|p1a: Ursaluna|Ursaluna, M, shiny|100/100
|move|p2a: Reuniclus|Psychic Noise|p1a: Ursaluna
|-damage|p1a: Ursaluna|54/100
|-start|p1a: Ursaluna|move: Heal Block
|
|-status|p1a: Ursaluna|brn|[from] item: Flame Orb
|upkeep
|turn|4
|
|t:|1781157528
|switch|p2a: Zamazenta|Zamazenta|100/100
|-ability|p2a: Zamazenta|Dauntless Shield|boost
|-boost|p2a: Zamazenta|def|1
|move|p1a: Ursaluna|Facade|p2a: Zamazenta
|-damage|p2a: Zamazenta|26/100
|
|-damage|p1a: Ursaluna|48/100 brn|[from] brn
|-end|p1a: Ursaluna|move: Heal Block
|upkeep
|turn|5
|
|t:|1781157533
|switch|p1a: Cresselia|Cresselia, F, shiny|100/100
|move|p2a: Zamazenta|Close Combat|p1a: Cresselia
|-resisted|p1a: Cresselia
|-damage|p1a: Cresselia|84/100
|-unboost|p2a: Zamazenta|def|1
|-unboost|p2a: Zamazenta|spd|1
|-damage|p2a: Zamazenta|9/100|[from] item: Rocky Helmet|[of] p1a: Cresselia
|
|upkeep
|turn|6
|
|t:|1781157536
|move|p2a: Zamazenta|Crunch|p1a: Cresselia
|-supereffective|p1a: Cresselia
|-damage|p1a: Cresselia|56/100
|-damage|p2a: Zamazenta|0 fnt|[from] item: Rocky Helmet|[of] p1a: Cresselia
|faint|p2a: Zamazenta
|move|p1a: Cresselia|Trick Room|p1a: Cresselia
|-fieldstart|move: Trick Room|[of] p1a: Cresselia
|
|upkeep
|
|t:|1781157558
|switch|p2a: Dragonite|Dragonite, F|100/100
|turn|7
|inactive|chill element has 120 seconds left.
|
|t:|1781157595
|move|p1a: Cresselia|Ice Beam|p2a: Dragonite
|-supereffective|p2a: Dragonite
|-damage|p2a: Dragonite|73/100
|move|p2a: Dragonite|Dragon Tail|p1a: Cresselia|[miss]
|-miss|p2a: Dragonite|p1a: Cresselia
|
|upkeep
|turn|8
|
|t:|1781157600
|-terastallize|p2a: Dragonite|Normal
|move|p1a: Cresselia|Ice Beam|p2a: Dragonite
|-damage|p2a: Dragonite|60/100
|-status|p2a: Dragonite|frz
|cant|p2a: Dragonite|frz
|
|upkeep
|turn|9
|inactive|chill element has 120 seconds left.
|
|t:|1781157605
|move|p1a: Cresselia|Lunar Dance|p1a: Cresselia
|faint|p1a: Cresselia
|cant|p2a: Dragonite|frz
|
|upkeep
|c|☆zippitytippity|unfort
|
|t:|1781157608
|switch|p1a: Ursaluna|Ursaluna, M, shiny|48/100 brn
|-heal|p1a: Ursaluna|100/100|[from] move: Lunar Dance
|turn|10
|
|t:|1781157611
|move|p1a: Ursaluna|Headlong Rush|p2a: Dragonite
|-damage|p2a: Dragonite|0 fnt
|-unboost|p1a: Ursaluna|def|1
|-unboost|p1a: Ursaluna|spd|1
|faint|p2a: Dragonite
|
|-fieldend|move: Trick Room
|-status|p1a: Ursaluna|brn|[from] item: Flame Orb
|upkeep
|
|t:|1781157619
|switch|p2a: Iron Valiant|Iron Valiant|100/100
|turn|11
|
|t:|1781157628
|switch|p1a: Ogerpon|Ogerpon, F|100/100
|move|p2a: Iron Valiant|Moonblast|p1a: Ogerpon
|-damage|p1a: Ogerpon|13/100
|
|upkeep
|turn|12
|
|t:|1781157631
|move|p2a: Iron Valiant|Moonblast|p1a: Ogerpon
|-damage|p1a: Ogerpon|0 fnt
|faint|p1a: Ogerpon
|
|upkeep
|
|t:|1781157634
|switch|p1a: Hatterene|Hatterene, F, shiny|100/100
|turn|13
|
|t:|1781157636
|move|p2a: Iron Valiant|Moonblast|p1a: Hatterene
|-damage|p1a: Hatterene|31/100
|move|p1a: Hatterene|Trick Room|p1a: Hatterene
|-fieldstart|move: Trick Room|[of] p1a: Hatterene
|
|upkeep
|turn|14
|
|t:|1781157643
|-end|p2a: Iron Valiant|Quark Drive|[silent]
|switch|p2a: Reuniclus|Reuniclus, M|100/100
|move|p1a: Hatterene|Dazzling Gleam|p2a: Reuniclus
|-crit|p2a: Reuniclus
|-damage|p2a: Reuniclus|34/100
|
|upkeep
|turn|15
|
|t:|1781157650
|move|p1a: Hatterene|Dazzling Gleam|p2a: Reuniclus
|-damage|p2a: Reuniclus|0 fnt
|faint|p2a: Reuniclus
|
|upkeep
|
|t:|1781157652
|switch|p2a: Blaziken|Blaziken, M|100/100
|turn|16
|
|t:|1781157661
|move|p1a: Hatterene|Psychic Noise|p2a: Blaziken
|-supereffective|p2a: Blaziken
|-damage|p2a: Blaziken|0 fnt
|faint|p2a: Blaziken
|
|upkeep
|
|t:|1781157665
|switch|p2a: Iron Valiant|Iron Valiant|100/100
|turn|17
|
|t:|1781157667
|move|p1a: Hatterene|Dazzling Gleam|p2a: Iron Valiant
|-supereffective|p2a: Iron Valiant
|-damage|p2a: Iron Valiant|0 fnt
|faint|p2a: Iron Valiant
|-end|p2a: Iron Valiant|Quark Drive|[silent]
|
|win|zippitytippity
|raw|zippitytippity's rating: 1563 &rarr; <strong>1581</strong><br />(+18 for winning)
|raw|chill element's rating: 1523 &rarr; <strong>1505</strong><br />(-18 for losing)
|l|☆chill element
|player|p2|
|l|☆zippitytippity
|player|p1|
