|j|☆altyWIN
|j|☆ur doggo
|t:|1781411569
|gametype|singles
|player|p1|altyWIN|backpacker|1615
|player|p2|ur doggo|2|1613
|gen|9
|tier|[Gen 9] OU
|rated|
|rule|HP Percentage Mod: HP is shown in percentages
|rule|Endless Battle Clause: Forcing endless battles is banned
|rule|Species Clause: Limit one of each Pokémon
|rule|OHKO Clause: OHKO moves are banned
|rule|Evasion Items Clause: Evasion items are banned
|rule|Evasion Moves Clause: Evasion moves are banned
|rule|Evasion Abilities Clause: Evasion abilities are banned
|rule|Sleep Moves Clause: Sleep-inducing moves are banned
|clearpoke
|poke|p1|Excadrill, M|
|poke|p1|Tyranitar, F|
|poke|p1|Hydrapple, M|
|poke|p1|Alomomola, L99, F|
|poke|p1|Hatterene, F|
|poke|p1|Zapdos|
|poke|p2|Latios, M|
|poke|p2|Darkrai|
|poke|p2|Pecharunt|
|poke|p2|Ting-Lu|
|poke|p2|Corviknight, M|
|poke|p2|Dragonite, F|
|teampreview
|j| chet homogren
|c| chet homogren|here we go looool
|j| Dooblu
|
|t:|1781411600
|teamsize|p1|6
|teamsize|p2|6
|start
|switch|p1a: Kim K|Hatterene, F|100/100
|switch|p2a: Corviknight|Corviknight, M|100/100
|-ability|p2a: Corviknight|Pressure
|turn|1
|
|t:|1781411613
|move|p2a: Corviknight|Brave Bird|p1a: Kim K
|-damage|p1a: Kim K|67/100
|-damage|p2a: Corviknight|91/100|[from] Recoil
|move|p1a: Kim K|Mystical Fire|p2a: Corviknight
|-supereffective|p2a: Corviknight
|-damage|p2a: Corviknight|59/100
|-unboost|p2a: Corviknight|spa|1
|
|-heal|p2a: Corviknight|65/100|[from] item: Leftovers
|upkeep
|turn|2
|l| Dooblu
|
|t:|1781411655
|switch|p1a: Cardi B|Alomomola, L99, F|100/100
|move|p2a: Corviknight|Roost|p2a: Corviknight
|-heal|p2a: Corviknight|100/100
|-singleturn|p2a: Corviknight|move: Roost
|
|upkeep
|turn|3
|inactive|Battle timer is ON: inactive players will automatically lose when time's up. (requested by ur doggo)
|
|t:|1781411675
|move|p2a: Corviknight|Brave Bird|p1a: Cardi B
|-damage|p1a: Cardi B|79/100
|-damage|p2a: Corviknight|91/100|[from] Recoil
|move|p1a: Cardi B|Flip Turn|p2a: Corviknight
|-crit|p2a: Corviknight
|-damage|p2a: Corviknight|70/100
|
|t:|1781411694
|switch|p1a: FreeCaneMerchant|Zapdos|100/100|[from] Flip Turn
|
|-heal|p2a: Corviknight|76/100|[from] item: Leftovers
|upkeep
|turn|4
|
|t:|1781411703
|switch|p2a: Ting-Lu|Ting-Lu|100/100
|-ability|p2a: Ting-Lu|Vessel of Ruin
|move|p1a: FreeCaneMerchant|Hurricane|p2a: Ting-Lu
|-damage|p2a: Ting-Lu|67/100
|
|-heal|p2a: Ting-Lu|73/100|[from] item: Leftovers
|upkeep
|turn|5
|
|t:|1781411718
|switch|p1a: Cardi B|Alomomola, L99, F|100/100
|move|p2a: Ting-Lu|Ruination|p1a: Cardi B
|-damage|p1a: Cardi B|50/100
|
|-heal|p2a: Ting-Lu|80/100|[from] item: Leftovers
|upkeep
|turn|6
|
|t:|1781411724
|move|p2a: Ting-Lu|Ruination|p1a: Cardi B
|-damage|p1a: Cardi B|25/100
|move|p1a: Cardi B|Flip Turn|p2a: Ting-Lu
|-supereffective|p2a: Ting-Lu
|-damage|p2a: Ting-Lu|62/100
|
|t:|1781411732
|switch|p1a: Goatyranny|Tyranitar, F|100/100|[from] Flip Turn
|-weather|Sandstorm|[from] ability: Sand Stream|[of] p1a: Goatyranny
|
|-weather|Sandstorm|[upkeep]
|-heal|p2a: Ting-Lu|68/100|[from] item: Leftovers
|upkeep
|turn|7
|j| 07l中国大妈
|
|t:|1781411742
|move|p1a: Goatyranny|Low Kick|p2a: Ting-Lu
|-supereffective|p2a: Ting-Lu
|-damage|p2a: Ting-Lu|0 fnt
|faint|p2a: Ting-Lu
|
|-weather|Sandstorm|[upkeep]
|upkeep
|j| Dooblu
|
|t:|1781411763
|switch|p2a: Latios|Latios, M|100/100
|turn|8
|l| Dooblu
|c| chet homogren|lol
|
|t:|1781411786
|switch|p1a: Kim K|Hatterene, F|67/100
|move|p2a: Latios|Calm Mind|p2a: Latios
|-boost|p2a: Latios|spa|1
|-boost|p2a: Latios|spd|1
|
|-weather|Sandstorm|[upkeep]
|-damage|p2a: Latios|95/100|[from] Sandstorm
|-damage|p1a: Kim K|61/100|[from] Sandstorm
|upkeep
|turn|9
|
|t:|1781411796
|move|p2a: Latios|Calm Mind|p2a: Latios
|-boost|p2a: Latios|spa|1
|-boost|p2a: Latios|spd|1
|move|p1a: Kim K|Draining Kiss|p2a: Latios
|-supereffective|p2a: Latios
|-damage|p2a: Latios|73/100
|-heal|p1a: Kim K|76/100|[from] drain|[of] p2a: Latios
|
|-weather|Sandstorm|[upkeep]
|-damage|p2a: Latios|67/100|[from] Sandstorm
|-damage|p1a: Kim K|70/100|[from] Sandstorm
|upkeep
|turn|10
|
|t:|1781411800
|move|p2a: Latios|Psychic Noise|p1a: Kim K
|-resisted|p1a: Kim K
|-damage|p1a: Kim K|45/100
|-start|p1a: Kim K|move: Heal Block
|move|p1a: Kim K|Nuzzle|p2a: Latios
|-resisted|p2a: Latios
|-damage|p2a: Latios|64/100
|
|-weather|none
|upkeep
|turn|11
|c| chet homogren|ohhhhh
|c| chet homogren|cloak
|c| chet homogren|looooool
|c|☆altyWIN|son
|c|☆altyWIN|were cooked
|c|☆ur doggo|not drakloak
|c| chet homogren|im wheezing
|c|☆ur doggo|this is latios
|c| chet homogren|mayne
|inactive|altyWIN has 120 seconds left.
|
|t:|1781411844
|switch|p1a: Goatyranny|Tyranitar, F|100/100
|-weather|Sandstorm|[from] ability: Sand Stream|[of] p1a: Goatyranny
|move|p2a: Latios|Recover|p2a: Latios
|-heal|p2a: Latios|100/100
|
|-weather|Sandstorm|[upkeep]
|-damage|p2a: Latios|95/100|[from] Sandstorm
|upkeep
|turn|12
|c|☆altyWIN|and you recover bro
|c| chet homogren|lol
|inactive|altyWIN has 90 seconds left.
|
|t:|1781411876
|switch|p2a: Corviknight|Corviknight, M|76/100
|-ability|p2a: Corviknight|Pressure
|switch|p1a: Hydrippy|Hydrapple, M|100/100
|
|-weather|Sandstorm|[upkeep]
|-damage|p1a: Hydrippy|94/100|[from] Sandstorm
|-heal|p2a: Corviknight|82/100|[from] item: Leftovers
|upkeep
|turn|13
|c|☆ur doggo|are you pursuit
|c| chet homogren|lol
|inactive|altyWIN has 90 seconds left.
|j| choispecs ironmoth
|c|☆altyWIN|yo why are we running laps aorund each other
|c| chet homogren|double the double
|c| chet homogren|in n out
|c|☆ur doggo|im tryna do a 5 km
|l| 07l中国大妈
|
|t:|1781411913
|switch|p1a: FreeCaneMerchant|Zapdos|100/100
|move|p2a: Corviknight|Brave Bird|p1a: FreeCaneMerchant
|-resisted|p1a: FreeCaneMerchant
|-damage|p1a: FreeCaneMerchant|79/100
|-damage|p2a: Corviknight|76/100|[from] Recoil
|
|-weather|Sandstorm|[upkeep]
|-damage|p1a: FreeCaneMerchant|73/100|[from] Sandstorm
|-heal|p2a: Corviknight|82/100|[from] item: Leftovers
|upkeep
|turn|14
|
|t:|1781411928
|switch|p2a: Dragonite|Dragonite, F|100/100
|move|p1a: FreeCaneMerchant|Volt Switch|p2a: Dragonite
|-damage|p2a: Dragonite|76/100
|inactive|altyWIN has 60 seconds left.
|
|t:|1781411944
|switch|p1a: Goatyranny|Tyranitar, F|100/100|[from] Volt Switch
|
|-weather|Sandstorm|[upkeep]
|-damage|p2a: Dragonite|70/100|[from] Sandstorm
|upkeep
|turn|15
|inactive|altyWIN has 60 seconds left.
|
|t:|1781411956
|move|p1a: Goatyranny|Stone Edge|p2a: Dragonite
|-supereffective|p2a: Dragonite
|-damage|p2a: Dragonite|0 fnt
|faint|p2a: Dragonite
|
|-weather|none
|upkeep
|
|t:|1781411977
|switch|p2a: Pecharunt|Pecharunt|100/100
|turn|16
|inactive|altyWIN has 60 seconds left.
|c| chet homogren|you know whats crazy is bolt beam lati had a chance lol
|l| chet homogren
|
|t:|1781411999
|switch|p1a: Childinthemines|Excadrill, M|100/100
|move|p2a: Pecharunt|Nasty Plot|p2a: Pecharunt
|-boost|p2a: Pecharunt|spa|2
|
|upkeep
|turn|17
|
|t:|1781412026
|-terastallize|p2a: Pecharunt|Water
|move|p1a: Childinthemines|Earthquake|p2a: Pecharunt
|-damage|p2a: Pecharunt|52/100
|move|p2a: Pecharunt|Shadow Ball|p1a: Childinthemines
|-damage|p1a: Childinthemines|32/100
|
|upkeep
|turn|18
|inactive|altyWIN has 60 seconds left.
|
|t:|1781412058
|switch|p1a: Goatyranny|Tyranitar, F|100/100
|-weather|Sandstorm|[from] ability: Sand Stream|[of] p1a: Goatyranny
|move|p2a: Pecharunt|Shadow Ball|p1a: Goatyranny
|-resisted|p1a: Goatyranny
|-damage|p1a: Goatyranny|84/100
|
|-weather|Sandstorm|[upkeep]
|-damage|p2a: Pecharunt|46/100|[from] Sandstorm
|upkeep
|turn|19
|inactive|altyWIN has 30 seconds left.
|
|t:|1781412082
|move|p2a: Pecharunt|Recover|p2a: Pecharunt
|-heal|p2a: Pecharunt|96/100
|move|p1a: Goatyranny|Stone Edge|p2a: Pecharunt|[miss]
|-miss|p1a: Goatyranny|p2a: Pecharunt
|
|-weather|Sandstorm|[upkeep]
|-damage|p2a: Pecharunt|90/100|[from] Sandstorm
|upkeep
|turn|20
|inactive|altyWIN has 30 seconds left.
|
|t:|1781412093
|move|p2a: Pecharunt|Malignant Chain|p1a: Goatyranny
|-resisted|p1a: Goatyranny
|-damage|p1a: Goatyranny|63/100
|move|p1a: Goatyranny|Stone Edge|p2a: Pecharunt
|-damage|p2a: Pecharunt|35/100
|
|-weather|Sandstorm|[upkeep]
|-damage|p2a: Pecharunt|29/100|[from] Sandstorm
|upkeep
|turn|21
|inactive|altyWIN has 30 seconds left.
|
|t:|1781412114
|switch|p1a: Childinthemines|Excadrill, M|32/100
|move|p2a: Pecharunt|Recover|p2a: Pecharunt
|-heal|p2a: Pecharunt|79/100
|
|-weather|Sandstorm|[upkeep]
|-damage|p2a: Pecharunt|73/100|[from] Sandstorm
|upkeep
|turn|22
|inactive|altyWIN has 30 seconds left.
|inactive|altyWIN has 20 seconds left.
|
|t:|1781412134
|move|p1a: Childinthemines|Earthquake|p2a: Pecharunt
|-damage|p2a: Pecharunt|28/100
|move|p2a: Pecharunt|Shadow Ball|p1a: Childinthemines
|-crit|p1a: Childinthemines
|-damage|p1a: Childinthemines|0 fnt
|faint|p1a: Childinthemines
|
|-weather|none
|upkeep
|inactive|altyWIN has 25 seconds left this turn.
|
|t:|1781412137
|switch|p1a: FreeCaneMerchant|Zapdos|73/100
|turn|23
|inactive|altyWIN has 30 seconds left.
|
|t:|1781412159
|switch|p2a: Darkrai|Darkrai|100/100
|move|p1a: FreeCaneMerchant|Volt Switch|p2a: Darkrai
|-damage|p2a: Darkrai|24/100
|inactive|altyWIN has 30 seconds left this turn.
|
|t:|1781412167
|switch|p1a: Goatyranny|Tyranitar, F|63/100|[from] Volt Switch
|-weather|Sandstorm|[from] ability: Sand Stream|[of] p1a: Goatyranny
|
|-weather|Sandstorm|[upkeep]
|-damage|p2a: Darkrai|18/100|[from] Sandstorm
|upkeep
|turn|24
|inactive|altyWIN has 30 seconds left.
|
|t:|1781412182
|switch|p1a: Hydrippy|Hydrapple, M|100/100
|move|p2a: Darkrai|Will-O-Wisp|p1a: Hydrippy
|-status|p1a: Hydrippy|brn
|
|-weather|Sandstorm|[upkeep]
|-damage|p2a: Darkrai|12/100|[from] Sandstorm
|-damage|p1a: Hydrippy|94/100 brn|[from] Sandstorm
|-damage|p1a: Hydrippy|88/100 brn|[from] brn
|upkeep
|turn|25
|inactive|altyWIN has 30 seconds left.
|inactive|altyWIN has 20 seconds left.
|
|t:|1781412197
|switch|p1a: Cardi B|Alomomola, L99, F|59/100
|move|p2a: Darkrai|Ice Beam|p1a: Cardi B
|-resisted|p1a: Cardi B
|-damage|p1a: Cardi B|38/100
|
|-weather|Sandstorm|[upkeep]
|-damage|p2a: Darkrai|5/100|[from] Sandstorm
|-damage|p1a: Cardi B|32/100|[from] Sandstorm
|upkeep
|turn|26
|inactive|altyWIN has 30 seconds left this turn.
|inactive|altyWIN has 20 seconds left.
|
|t:|1781412208
|switch|p2a: Corviknight|Corviknight, M|82/100
|-ability|p2a: Corviknight|Pressure
|switch|p1a: Hydrippy|Hydrapple, M|100/100 brn
|
|-weather|Sandstorm|[upkeep]
|-damage|p1a: Hydrippy|94/100 brn|[from] Sandstorm
|-heal|p2a: Corviknight|88/100|[from] item: Leftovers
|-damage|p1a: Hydrippy|88/100 brn|[from] brn
|upkeep
|turn|27
|inactive|altyWIN has 30 seconds left this turn.
|inactive|altyWIN has 20 seconds left.
|inactive|altyWIN has 15 seconds left.
|inactive|altyWIN has 10 seconds left.
|
|t:|1781412230
|switch|p1a: FreeCaneMerchant|Zapdos|73/100
|move|p2a: Corviknight|U-turn|p1a: FreeCaneMerchant
|-resisted|p1a: FreeCaneMerchant
|-damage|p1a: FreeCaneMerchant|64/100
|
|t:|1781412235
|switch|p2a: Darkrai|Darkrai|5/100|[from] U-turn
|
|-weather|none
|upkeep
|turn|28
|inactive|altyWIN has 25 seconds left this turn.
|inactive|altyWIN has 20 seconds left.
|
|t:|1781412250
|switch|p1a: Goatyranny|Tyranitar, F|63/100
|-weather|Sandstorm|[from] ability: Sand Stream|[of] p1a: Goatyranny
|move|p2a: Darkrai|Will-O-Wisp|p1a: Goatyranny|[miss]
|-miss|p2a: Darkrai|p1a: Goatyranny
|
|-weather|Sandstorm|[upkeep]
|-damage|p2a: Darkrai|0 fnt|[from] Sandstorm
|faint|p2a: Darkrai
|upkeep
|
|t:|1781412259
|switch|p2a: Latios|Latios, M|95/100
|turn|29
|inactive|altyWIN has 30 seconds left.
|
|t:|1781412271
|switch|p2a: Corviknight|Corviknight, M|88/100
|-ability|p2a: Corviknight|Pressure
|move|p1a: Goatyranny|Knock Off|p2a: Corviknight
|-damage|p2a: Corviknight|14/100
|-enditem|p2a: Corviknight|Leftovers|[from] move: Knock Off|[of] p1a: Goatyranny
|
|-weather|Sandstorm|[upkeep]
|upkeep
|turn|30
|inactive|altyWIN has 30 seconds left.
|
|t:|1781412286
|move|p1a: Goatyranny|Knock Off|p2a: Corviknight
|-damage|p2a: Corviknight|0 fnt
|faint|p2a: Corviknight
|
|-weather|Sandstorm|[upkeep]
|upkeep
|
|t:|1781412288
|switch|p2a: Latios|Latios, M|95/100
|turn|31
|
|t:|1781412292
|move|p2a: Latios|Aura Sphere|p1a: Goatyranny
|-supereffective|p1a: Goatyranny
|-damage|p1a: Goatyranny|0 fnt
|faint|p1a: Goatyranny
|
|-weather|Sandstorm|[upkeep]
|-damage|p2a: Latios|89/100|[from] Sandstorm
|upkeep
|
|t:|1781412304
|switch|p1a: Kim K|Hatterene, F|45/100
|turn|32
|
|t:|1781412318
|move|p2a: Latios|Calm Mind|p2a: Latios
|-boost|p2a: Latios|spa|1
|-boost|p2a: Latios|spd|1
|move|p1a: Kim K|Draining Kiss|p2a: Latios
|-supereffective|p2a: Latios
|-damage|p2a: Latios|60/100
|-heal|p1a: Kim K|66/100|[from] drain|[of] p2a: Latios
|
|-weather|none
|upkeep
|turn|33
|
|t:|1781412331
|move|p2a: Latios|Calm Mind|p2a: Latios
|-boost|p2a: Latios|spa|1
|-boost|p2a: Latios|spd|1
|move|p1a: Kim K|Mystical Fire|p2a: Latios
|-resisted|p2a: Latios
|-damage|p2a: Latios|54/100
|
|upkeep
|turn|34
|
|t:|1781412337
|move|p2a: Latios|Recover|p2a: Latios
|-heal|p2a: Latios|100/100
|move|p1a: Kim K|Draining Kiss|p2a: Latios
|-supereffective|p2a: Latios
|-damage|p2a: Latios|76/100
|-heal|p1a: Kim K|84/100|[from] drain|[of] p2a: Latios
|
|upkeep
|turn|35
|
|t:|1781412343
|move|p2a: Latios|Psychic Noise|p1a: Kim K
|-resisted|p1a: Kim K
|-damage|p1a: Kim K|58/100
|-start|p1a: Kim K|move: Heal Block
|cant|p1a: Kim K|move: Heal Block|Draining Kiss
|
|upkeep
|turn|36
|inactive|altyWIN has 60 seconds left.
|
|t:|1781412354
|switch|p1a: Hydrippy|Hydrapple, M|100/100 brn
|move|p2a: Latios|Calm Mind|p2a: Latios
|-boost|p2a: Latios|spa|1
|-boost|p2a: Latios|spd|1
|
|-damage|p1a: Hydrippy|94/100 brn|[from] brn
|upkeep
|turn|37
|c|☆altyWIN|ya its gg
|inactive|altyWIN has 60 seconds left.
|c|☆altyWIN|i trolled
|
|t:|1781412368
|move|p2a: Latios|Psychic Noise|p1a: Hydrippy
|-damage|p1a: Hydrippy|0 fnt
|faint|p1a: Hydrippy
|
|upkeep
|
|t:|1781412380
|switch|p1a: Cardi B|Alomomola, L99, F|65/100
|turn|38
|c|☆ur doggo|I was waiting for that tera on the ttar
|
|t:|1781412397
|move|p2a: Latios|Calm Mind|p2a: Latios
|-boost|p2a: Latios|spa|1
|-boost|p2a: Latios|spd|1
|move|p1a: Cardi B|Wish|p1a: Cardi B
|
|upkeep
|turn|39
|c|☆altyWIN|i shouldve
|inactive|altyWIN has 60 seconds left.
|
|t:|1781412407
|move|p2a: Latios|Calm Mind|p2a: Latios
|-boost|p2a: Latios|spa|1
|-boost|p2a: Latios|spd|1
|move|p1a: Cardi B|Flip Turn|p2a: Latios
|-resisted|p2a: Latios
|-crit|p2a: Latios
|-damage|p2a: Latios|60/100
|inactive|altyWIN has 60 seconds left.
|
|t:|1781412418
|switch|p1a: Kim K|Hatterene, F|58/100|[from] Flip Turn
|
|-heal|p1a: Kim K|100/100|[from] move: Wish|[wisher] Cardi B
|upkeep
|turn|40
|
|t:|1781412422
|move|p2a: Latios|Psychic Noise|p1a: Kim K
|-resisted|p1a: Kim K
|-damage|p1a: Kim K|54/100
|-start|p1a: Kim K|move: Heal Block
|cant|p1a: Kim K|move: Heal Block|Draining Kiss
|
|upkeep
|turn|41
|
|t:|1781412426
|move|p2a: Latios|Recover|p2a: Latios
|-heal|p2a: Latios|100/100
|move|p1a: Kim K|Psychic Noise|p2a: Latios
|-resisted|p2a: Latios
|-damage|p2a: Latios|96/100
|
|-end|p1a: Kim K|move: Heal Block
|upkeep
|turn|42
|
|t:|1781412436
|move|p2a: Latios|Psychic Noise|p1a: Kim K
|-resisted|p1a: Kim K
|-damage|p1a: Kim K|12/100
|-start|p1a: Kim K|move: Heal Block
|move|p1a: Kim K|Psychic Noise|p2a: Latios
|-resisted|p2a: Latios
|-damage|p2a: Latios|91/100
|
|upkeep
|turn|43
|
|t:|1781412446
|switch|p1a: FreeCaneMerchant|Zapdos|64/100
|move|p2a: Latios|Psychic Noise|p1a: FreeCaneMerchant
|-damage|p1a: FreeCaneMerchant|0 fnt
|faint|p1a: FreeCaneMerchant
|
|upkeep
|
|t:|1781412450
|switch|p1a: Cardi B|Alomomola, L99, F|98/100
|turn|44
|inactive|altyWIN has 90 seconds left.
|
|t:|1781412460
|move|p2a: Latios|Psychic Noise|p1a: Cardi B
|-damage|p1a: Cardi B|0 fnt
|faint|p1a: Cardi B
|
|upkeep
|
|t:|1781412462
|switch|p1a: Kim K|Hatterene, F|12/100
|turn|45
|c|☆ur doggo|gg
|c|☆altyWIN|gg
|
|t:|1781412466
|move|p2a: Latios|Psychic Noise|p1a: Kim K
|-resisted|p1a: Kim K
|-damage|p1a: Kim K|0 fnt
|faint|p1a: Kim K
|
|win|ur doggo
|raw|altyWIN's rating: 1615 &rarr; <strong>1595</strong><br />(-20 for losing)
|raw|ur doggo's rating: 1613 &rarr; <strong>1633</strong><br />(+20 for winning)
