|j|☆bigballs01
|j|☆kennojex
|t:|1781557677
|gametype|singles
|player|p1|bigballs01|swimmer-gen4dp|1658
|player|p2|kennojex|lucas|1682
|gen|9
|tier|[Gen 9] OU
|rated|
|rule|HP Percentage Mod: HP is shown in percentages
|rule|Endless Battle Clause: Forcing endless battles is banned
|rule|Species Clause: Limit one of each Pokémon
|rule|OHKO Clause: OHKO moves are banned
|rule|Evasion Items Clause: Evasion items are banned
|rule|Evasion Moves Clause: Evasion moves are banned
|rule|Evasion Abilities Clause: Evasion abilities are banned
|rule|Sleep Moves Clause: Sleep-inducing moves are banned
|clearpoke
|poke|p1|Hatterene, F|
|poke|p1|Great Tusk|
|poke|p1|Tornadus-Therian, M|
|poke|p1|Kyurem|
|poke|p1|Slowking-Galar, F|
|poke|p1|Kingambit, F|
|poke|p2|Grimmsnarl, M|
|poke|p2|Garganacl, F|
|poke|p2|Ogerpon-Wellspring, F|
|poke|p2|Latias, F|
|poke|p2|Corviknight, M|
|poke|p2|Okidogi, M|
|teampreview
|inactive|Battle timer is ON: inactive players will automatically lose when time's up. (requested by bigballs01)
|inactive|bigballs01 has 120 seconds left.
|inactive|bigballs01 has 90 seconds left.
|inactive|bigballs01 has 60 seconds left.
|
|t:|1781557774
|teamsize|p1|6
|teamsize|p2|6
|start
|switch|p1a: Tornadus|Tornadus-Therian, M|100/100
|switch|p2a: Ogerpon|Ogerpon-Wellspring, F|100/100
|turn|1
|inactive|bigballs01 has 120 seconds left.
|
|t:|1781557784
|switch|p2a: Garganacl|Garganacl, F|100/100
|move|p1a: Tornadus|U-turn|p2a: Garganacl
|-damage|p2a: Garganacl|90/100
|
|t:|1781557787
|switch|p1a: Slowking|Slowking-Galar, F|100/100|[from] U-turn
|
|-heal|p2a: Garganacl|96/100|[from] item: Leftovers
|upkeep
|turn|2
|
|t:|1781557791
|switch|p2a: Grimmsnarl|Grimmsnarl, M|100/100
|move|p1a: Slowking|Trick|p2a: Grimmsnarl
|-activate|p1a: Slowking|move: Trick|[of] p2a: Grimmsnarl
|-item|p2a: Grimmsnarl|Black Sludge|[from] move: Trick
|-item|p1a: Slowking|Light Clay|[from] move: Trick
|
|-damage|p2a: Grimmsnarl|88/100|[from] item: Black Sludge
|upkeep
|turn|3
|j| Shucklepilled
|
|t:|1781557805
|move|p2a: Grimmsnarl|Parting Shot|p1a: Slowking
|-unboost|p1a: Slowking|atk|1
|-unboost|p1a: Slowking|spa|1
|
|t:|1781557808
|switch|p2a: Garganacl|Garganacl, F|96/100|[from] Parting Shot
|move|p1a: Slowking|Sludge Bomb|p2a: Garganacl
|-resisted|p2a: Garganacl
|-damage|p2a: Garganacl|88/100
|
|-heal|p2a: Garganacl|94/100|[from] item: Leftovers
|upkeep
|turn|4
|
|t:|1781557812
|switch|p2a: Grimmsnarl|Grimmsnarl, M|88/100
|move|p1a: Slowking|Trick|p2a: Grimmsnarl
|-activate|p1a: Slowking|move: Trick|[of] p2a: Grimmsnarl
|-item|p2a: Grimmsnarl|Light Clay|[from] move: Trick
|-item|p1a: Slowking|Black Sludge|[from] move: Trick
|
|upkeep
|turn|5
|
|t:|1781557817
|move|p2a: Grimmsnarl|Parting Shot|p1a: Slowking
|-unboost|p1a: Slowking|atk|1
|-unboost|p1a: Slowking|spa|1
|
|t:|1781557819
|switch|p2a: Okidogi|Okidogi, M|100/100|[from] Parting Shot
|move|p1a: Slowking|Trick|p2a: Okidogi
|-activate|p1a: Slowking|move: Trick|[of] p2a: Okidogi
|-item|p2a: Okidogi|Black Sludge|[from] move: Trick
|-item|p1a: Slowking|Leftovers|[from] move: Trick
|
|upkeep
|turn|6
|c|☆bigballs01|yo son stop
|l| Shucklepilled
|
|t:|1781557833
|move|p2a: Okidogi|Knock Off|p1a: Slowking
|-supereffective|p1a: Slowking
|-damage|p1a: Slowking|63/100
|-enditem|p1a: Slowking|Leftovers|[from] move: Knock Off|[of] p2a: Okidogi
|-prepare|p1a: Slowking|Chilly Reception|[premajor]
|move|p1a: Slowking|Chilly Reception|p1a: Slowking
|-weather|Snowscape
|c|☆kennojex|no?
|
|t:|1781557837
|switch|p1a: Tornadus|Tornadus-Therian, M|100/100|[from] Chilly Reception
|
|-weather|Snowscape|[upkeep]
|upkeep
|turn|7
|
|t:|1781557854
|switch|p2a: Grimmsnarl|Grimmsnarl, M|88/100
|move|p1a: Tornadus|Bleakwind Storm|p2a: Grimmsnarl|[miss]
|-miss|p1a: Tornadus|p2a: Grimmsnarl
|
|-weather|Snowscape|[upkeep]
|upkeep
|turn|8
|
|t:|1781557860
|move|p2a: Grimmsnarl|Light Screen|p2a: Grimmsnarl
|-sidestart|p2: kennojex|move: Light Screen
|move|p1a: Tornadus|Knock Off|p2a: Grimmsnarl
|-resisted|p2a: Grimmsnarl
|-damage|p2a: Grimmsnarl|82/100
|-enditem|p2a: Grimmsnarl|Light Clay|[from] move: Knock Off|[of] p1a: Tornadus
|
|-weather|Snowscape|[upkeep]
|upkeep
|turn|9
|
|t:|1781557864
|move|p2a: Grimmsnarl|Reflect|p2a: Grimmsnarl
|-sidestart|p2: kennojex|Reflect
|move|p1a: Tornadus|U-turn|p2a: Grimmsnarl
|-damage|p2a: Grimmsnarl|73/100
|
|t:|1781557878
|switch|p1a: Hatterene|Hatterene, F|100/100|[from] U-turn
|
|-weather|Snowscape|[upkeep]
|upkeep
|turn|10
|
|t:|1781557882
|switch|p2a: Garganacl|Garganacl, F|94/100
|move|p1a: Hatterene|Nuzzle|p2a: Garganacl
|-damage|p2a: Garganacl|93/100
|
|-weather|none
|-heal|p2a: Garganacl|99/100|[from] item: Leftovers
|upkeep
|turn|11
|
|t:|1781557891
|move|p1a: Hatterene|Psychic Noise|p2a: Garganacl
|-damage|p2a: Garganacl|89/100
|-start|p2a: Garganacl|move: Heal Block
|move|p2a: Garganacl|Curse|p2a: Garganacl
|-unboost|p2a: Garganacl|spe|1
|-boost|p2a: Garganacl|atk|1
|-boost|p2a: Garganacl|def|1
|
|upkeep
|turn|12
|
|t:|1781557899
|move|p1a: Hatterene|Draining Kiss|p2a: Garganacl
|-damage|p2a: Garganacl|81/100
|move|p2a: Garganacl|Salt Cure|p1a: Hatterene
|-damage|p1a: Hatterene|83/100
|-start|p1a: Hatterene|Salt Cure
|
|-damage|p1a: Hatterene|71/100|[from] Salt Cure
|-end|p2a: Garganacl|move: Heal Block
|upkeep
|turn|13
|
|t:|1781557902
|move|p1a: Hatterene|Psychic Noise|p2a: Garganacl
|-damage|p2a: Garganacl|69/100
|-start|p2a: Garganacl|move: Heal Block
|move|p2a: Garganacl|Curse|p2a: Garganacl
|-unboost|p2a: Garganacl|spe|1
|-boost|p2a: Garganacl|atk|1
|-boost|p2a: Garganacl|def|1
|
|-damage|p1a: Hatterene|59/100|[from] Salt Cure
|-sideend|p2: kennojex|Reflect
|upkeep
|turn|14
|
|t:|1781557909
|move|p1a: Hatterene|Draining Kiss|p2a: Garganacl
|-damage|p2a: Garganacl|63/100
|-heal|p1a: Hatterene|65/100|[from] drain|[of] p2a: Garganacl
|move|p2a: Garganacl|Salt Cure|p1a: Hatterene
|-damage|p1a: Hatterene|42/100
|
|-damage|p1a: Hatterene|30/100|[from] Salt Cure
|-end|p2a: Garganacl|move: Heal Block
|upkeep
|turn|15
|
|t:|1781557913
|move|p1a: Hatterene|Psychic Noise|p2a: Garganacl
|-damage|p2a: Garganacl|51/100
|-start|p2a: Garganacl|move: Heal Block
|cant|p2a: Garganacl|move: Heal Block|Recover
|
|-damage|p1a: Hatterene|18/100|[from] Salt Cure
|-sideend|p2: kennojex|move: Light Screen
|upkeep
|turn|16
|
|t:|1781557920
|move|p1a: Hatterene|Draining Kiss|p2a: Garganacl
|-damage|p2a: Garganacl|36/100
|-heal|p1a: Hatterene|31/100|[from] drain|[of] p2a: Garganacl
|move|p2a: Garganacl|Curse|p2a: Garganacl
|-unboost|p2a: Garganacl|spe|1
|-boost|p2a: Garganacl|atk|1
|-boost|p2a: Garganacl|def|1
|
|-damage|p1a: Hatterene|19/100|[from] Salt Cure
|-end|p2a: Garganacl|move: Heal Block
|upkeep
|turn|17
|
|t:|1781557924
|move|p1a: Hatterene|Psychic Noise|p2a: Garganacl
|-damage|p2a: Garganacl|13/100
|-start|p2a: Garganacl|move: Heal Block
|move|p2a: Garganacl|Salt Cure|p1a: Hatterene
|-damage|p1a: Hatterene|0 fnt
|faint|p1a: Hatterene
|
|upkeep
|
|t:|1781557928
|switch|p1a: Kyurem|Kyurem|100/100
|-ability|p1a: Kyurem|Pressure
|turn|18
|
|t:|1781557932
|move|p1a: Kyurem|Ice Beam|p2a: Garganacl
|-damage|p2a: Garganacl|0 fnt
|faint|p2a: Garganacl
|
|upkeep
|
|t:|1781557938
|switch|p2a: Grimmsnarl|Grimmsnarl, M|73/100
|turn|19
|
|t:|1781557942
|move|p1a: Kyurem|Ice Beam|p2a: Grimmsnarl
|-damage|p2a: Grimmsnarl|16/100
|move|p2a: Grimmsnarl|Spirit Break|p1a: Kyurem
|-supereffective|p1a: Kyurem
|-damage|p1a: Kyurem|41/100
|-unboost|p1a: Kyurem|spa|1
|
|upkeep
|turn|20
|
|t:|1781557947
|move|p2a: Grimmsnarl|Parting Shot|p1a: Kyurem
|-unboost|p1a: Kyurem|atk|1
|-unboost|p1a: Kyurem|spa|1
|
|t:|1781557950
|switch|p2a: Okidogi|Okidogi, M|100/100|[from] Parting Shot
|move|p1a: Kyurem|Ice Beam|p2a: Okidogi
|-crit|p2a: Okidogi
|-damage|p2a: Okidogi|19/100
|
|-heal|p2a: Okidogi|25/100|[from] item: Black Sludge
|upkeep
|turn|21
|
|t:|1781557955
|move|p1a: Kyurem|Ice Beam|p2a: Okidogi
|-damage|p2a: Okidogi|0 fnt
|faint|p2a: Okidogi
|
|upkeep
|
|t:|1781557958
|switch|p2a: Ogerpon|Ogerpon-Wellspring, F|100/100
|turn|22
|
|t:|1781557964
|switch|p1a: Tornadus|Tornadus-Therian, M|100/100
|move|p2a: Ogerpon|Trailblaze|p1a: Tornadus
|-resisted|p1a: Tornadus
|-damage|p1a: Tornadus|82/100
|-boost|p2a: Ogerpon|spe|1
|
|upkeep
|turn|23
|
|t:|1781557969
|-terastallize|p2a: Ogerpon|Water
|detailschange|p2a: Ogerpon|Ogerpon-Wellspring-Tera, F, tera:Water
|-ability|p2a: Ogerpon|Embody Aspect (Wellspring)|boost
|-boost|p2a: Ogerpon|spd|1
|move|p2a: Ogerpon|Swords Dance|p2a: Ogerpon
|-boost|p2a: Ogerpon|atk|2
|move|p1a: Tornadus|Bleakwind Storm|p2a: Ogerpon
|-damage|p2a: Ogerpon|72/100
|
|upkeep
|turn|24
|
|t:|1781557973
|move|p2a: Ogerpon|Ivy Cudgel|p1a: Tornadus|[anim] Ivy Cudgel Water
|-damage|p1a: Tornadus|0 fnt
|faint|p1a: Tornadus
|
|upkeep
|
|t:|1781557983
|switch|p1a: Slowking|Slowking-Galar, F|97/100
|turn|25
|
|t:|1781557992
|-terastallize|p1a: Slowking|Grass
|move|p2a: Ogerpon|Trailblaze|p1a: Slowking
|-resisted|p1a: Slowking
|-damage|p1a: Slowking|75/100
|-boost|p2a: Ogerpon|spe|1
|move|p1a: Slowking|Sludge Bomb|p2a: Ogerpon
|-damage|p2a: Ogerpon|47/100
|
|upkeep
|turn|26
|
|t:|1781557997
|move|p2a: Ogerpon|Ivy Cudgel|p1a: Slowking|[anim] Ivy Cudgel Water
|-resisted|p1a: Slowking
|-damage|p1a: Slowking|8/100
|move|p1a: Slowking|Sludge Bomb|p2a: Ogerpon
|-damage|p2a: Ogerpon|22/100
|-status|p2a: Ogerpon|psn
|
|-damage|p2a: Ogerpon|10/100 psn|[from] psn
|upkeep
|turn|27
|
|t:|1781558002
|move|p2a: Ogerpon|Knock Off|p1a: Slowking
|-damage|p1a: Slowking|0 fnt
|faint|p1a: Slowking
|
|-damage|p2a: Ogerpon|0 fnt|[from] psn
|faint|p2a: Ogerpon
|detailschange|p2: Ogerpon|Ogerpon-Wellspring, F|[silent]
|upkeep
|
|t:|1781558008
|switch|p2a: Grimmsnarl|Grimmsnarl, M|16/100
|switch|p1a: Kingambit|Kingambit, F|100/100
|-activate|p1a: Kingambit|ability: Supreme Overlord
|-start|p1a: Kingambit|fallen3|[silent]
|turn|28
|
|t:|1781558018
|move|p2a: Grimmsnarl|Spirit Break|p1a: Kingambit
|-damage|p1a: Kingambit|79/100
|-unboost|p1a: Kingambit|spa|1
|move|p1a: Kingambit|Swords Dance|p1a: Kingambit
|-boost|p1a: Kingambit|atk|2
|
|-heal|p1a: Kingambit|85/100|[from] item: Leftovers
|upkeep
|turn|29
|
|t:|1781558022
|move|p1a: Kingambit|Sucker Punch|p2a: Grimmsnarl
|-resisted|p2a: Grimmsnarl
|-damage|p2a: Grimmsnarl|0 fnt
|faint|p2a: Grimmsnarl
|
|-heal|p1a: Kingambit|91/100|[from] item: Leftovers
|upkeep
|
|t:|1781558024
|switch|p2a: Corviknight|Corviknight, M, shiny|100/100
|turn|30
|
|t:|1781558045
|move|p2a: Corviknight|Bulk Up|p2a: Corviknight
|-boost|p2a: Corviknight|atk|1
|-boost|p2a: Corviknight|def|1
|move|p1a: Kingambit|Kowtow Cleave|p2a: Corviknight
|-damage|p2a: Corviknight|30/100
|
|-heal|p2a: Corviknight|36/100|[from] item: Leftovers
|-heal|p1a: Kingambit|98/100|[from] item: Leftovers
|upkeep
|turn|31
|
|t:|1781558053
|move|p2a: Corviknight|Roost|p2a: Corviknight
|-heal|p2a: Corviknight|86/100
|-singleturn|p2a: Corviknight|move: Roost
|move|p1a: Kingambit|Kowtow Cleave|p2a: Corviknight
|-damage|p2a: Corviknight|15/100
|
|-heal|p2a: Corviknight|21/100|[from] item: Leftovers
|-heal|p1a: Kingambit|100/100|[from] item: Leftovers
|upkeep
|turn|32
|
|t:|1781558056
|move|p2a: Corviknight|Roost|p2a: Corviknight
|-heal|p2a: Corviknight|71/100
|-singleturn|p2a: Corviknight|move: Roost
|move|p1a: Kingambit|Kowtow Cleave|p2a: Corviknight
|-damage|p2a: Corviknight|6/100
|
|-heal|p2a: Corviknight|12/100|[from] item: Leftovers
|upkeep
|turn|33
|
|t:|1781558059
|move|p2a: Corviknight|Roost|p2a: Corviknight
|-heal|p2a: Corviknight|62/100
|-singleturn|p2a: Corviknight|move: Roost
|move|p1a: Kingambit|Kowtow Cleave|p2a: Corviknight
|-damage|p2a: Corviknight|0 fnt
|faint|p2a: Corviknight
|
|upkeep
|
|t:|1781558061
|switch|p2a: Latias|Latias, F|100/100
|turn|34
|
|t:|1781558064
|move|p1a: Kingambit|Sucker Punch||[still]
|-fail|p1a: Kingambit
|move|p2a: Latias|Calm Mind|p2a: Latias
|-boost|p2a: Latias|spa|1
|-boost|p2a: Latias|spd|1
|
|upkeep
|turn|35
|j| Spikenard
|
|t:|1781558067
|move|p1a: Kingambit|Sucker Punch||[still]
|-fail|p1a: Kingambit
|move|p2a: Latias|Calm Mind|p2a: Latias
|-boost|p2a: Latias|spa|1
|-boost|p2a: Latias|spd|1
|
|upkeep
|turn|36
|
|t:|1781558068
|move|p2a: Latias|Calm Mind|p2a: Latias
|-boost|p2a: Latias|spa|1
|-boost|p2a: Latias|spd|1
|move|p1a: Kingambit|Kowtow Cleave|p2a: Latias
|-supereffective|p2a: Latias
|-damage|p2a: Latias|0 fnt
|faint|p2a: Latias
|
|win|bigballs01
|raw|bigballs01's rating: 1658 &rarr; <strong>1679</strong><br />(+21 for winning)
|raw|kennojex's rating: 1682 &rarr; <strong>1661</strong><br />(-21 for losing)
|l|☆kennojex
|player|p2|
|l|☆bigballs01
|player|p1|
|l| Spikenard
