|j|☆adil
|j|☆GintamaXXOO
|t:|1780891860
|gametype|singles
|player|p1|adil|2|1674
|player|p2|GintamaXXOO|magmagruntf|1593
|gen|9
|tier|[Gen 9] OU
|rated|
|rule|HP Percentage Mod: HP is shown in percentages
|rule|Endless Battle Clause: Forcing endless battles is banned
|rule|Species Clause: Limit one of each Pokémon
|rule|OHKO Clause: OHKO moves are banned
|rule|Evasion Items Clause: Evasion items are banned
|rule|Evasion Moves Clause: Evasion moves are banned
|rule|Evasion Abilities Clause: Evasion abilities are banned
|rule|Sleep Moves Clause: Sleep-inducing moves are banned
|clearpoke
|poke|p1|Great Tusk|
|poke|p1|Tornadus-Therian, M|
|poke|p1|Kyurem|
|poke|p1|Slowking-Galar, F|
|poke|p1|Rillaboom, M|
|poke|p1|Ting-Lu|
|poke|p2|Primarina, F|
|poke|p2|Dragonite, F|
|poke|p2|Ting-Lu|
|poke|p2|Pecharunt|
|poke|p2|Zamazenta-*|
|poke|p2|Corviknight, F|
|teampreview
|inactive|Battle timer is ON: inactive players will automatically lose when time's up. (requested by GintamaXXOO)
|
|t:|1780891868
|teamsize|p1|6
|teamsize|p2|6
|start
|switch|p1a: Rillaboom|Rillaboom, M|100/100
|switch|p2a: PossessedSoul|Pecharunt|100/100
|-fieldstart|move: Grassy Terrain|[from] ability: Grassy Surge|[of] p1a: Rillaboom
|turn|1
|
|t:|1780891873
|switch|p1a: Slowking|Slowking-Galar, F|100/100
|move|p2a: PossessedSoul|Nasty Plot|p2a: PossessedSoul
|-boost|p2a: PossessedSoul|spa|2
|
|upkeep
|turn|2
|
|t:|1780891884
|move|p2a: PossessedSoul|Shadow Ball|p1a: Slowking
|-supereffective|p1a: Slowking
|-damage|p1a: Slowking|41/100
|-unboost|p1a: Slowking|spd|1
|move|p1a: Slowking|Thunder Wave|p2a: PossessedSoul
|-status|p2a: PossessedSoul|par
|
|-heal|p1a: Slowking|47/100|[from] Grassy Terrain
|upkeep
|turn|3
|
|t:|1780891894
|switch|p1a: Ting-Lu|Ting-Lu|100/100
|-ability|p1a: Ting-Lu|Vessel of Ruin
|move|p2a: PossessedSoul|Malignant Chain|p1a: Ting-Lu
|-resisted|p1a: Ting-Lu
|-damage|p1a: Ting-Lu|87/100
|-status|p1a: Ting-Lu|tox
|-start|p1a: Ting-Lu|confusion|[from] ability: Poison Puppeteer|[of] p2a: PossessedSoul
|
|-heal|p1a: Ting-Lu|93/100 tox|[from] Grassy Terrain
|-heal|p1a: Ting-Lu|99/100 tox|[from] item: Leftovers
|-damage|p1a: Ting-Lu|93/100 tox|[from] psn
|upkeep
|turn|4
|
|t:|1780891905
|switch|p2a: EyeOnMe|Corviknight, F|100/100
|-ability|p2a: EyeOnMe|Pressure
|switch|p1a: Slowking|Slowking-Galar, F|80/100
|
|-heal|p1a: Slowking|86/100|[from] Grassy Terrain
|upkeep
|turn|5
|
|t:|1780891919
|move|p2a: EyeOnMe|U-turn|p1a: Slowking
|-damage|p1a: Slowking|71/100
|
|t:|1780891920
|switch|p2a: FightForBlocks|Ting-Lu|100/100|[from] U-turn
|-ability|p2a: FightForBlocks|Vessel of Ruin
|-prepare|p1a: Slowking|Chilly Reception|[premajor]
|move|p1a: Slowking|Chilly Reception|p1a: Slowking
|-weather|Snowscape
|
|t:|1780891928
|switch|p1a: Rillaboom|Rillaboom, M|100/100|[from] Chilly Reception
|
|-weather|Snowscape|[upkeep]
|-fieldend|move: Grassy Terrain
|upkeep
|turn|6
|
|t:|1780891935
|switch|p2a: EyeOnMe|Corviknight, F|100/100
|-ability|p2a: EyeOnMe|Pressure
|move|p1a: Rillaboom|Swords Dance|p1a: Rillaboom
|-boost|p1a: Rillaboom|atk|2
|
|-weather|Snowscape|[upkeep]
|upkeep
|turn|7
|
|t:|1780891949
|-terastallize|p1a: Rillaboom|Dark
|move|p1a: Rillaboom|Knock Off|p2a: EyeOnMe
|-damage|p2a: EyeOnMe|16/100
|-damage|p1a: Rillaboom|84/100|[from] item: Rocky Helmet|[of] p2a: EyeOnMe
|-enditem|p2a: EyeOnMe|Rocky Helmet|[from] move: Knock Off|[of] p1a: Rillaboom
|-damage|p1a: Rillaboom|74/100|[from] item: Life Orb
|move|p2a: EyeOnMe|Brave Bird|p1a: Rillaboom
|-damage|p1a: Rillaboom|31/100
|-damage|p2a: EyeOnMe|3/100|[from] Recoil
|
|-weather|Snowscape|[upkeep]
|upkeep
|turn|8
|
|t:|1780891961
|move|p1a: Rillaboom|Knock Off|p2a: EyeOnMe
|-damage|p2a: EyeOnMe|0 fnt
|faint|p2a: EyeOnMe
|-damage|p1a: Rillaboom|21/100|[from] item: Life Orb
|
|-weather|Snowscape|[upkeep]
|upkeep
|
|t:|1780891971
|switch|p2a: MindBody&Soul|Zamazenta|100/100
|-ability|p2a: MindBody&Soul|Dauntless Shield|boost
|-boost|p2a: MindBody&Soul|def|1
|turn|9
|
|t:|1780891980
|switch|p1a: Slowking|Slowking-Galar, F|100/100
|move|p2a: MindBody&Soul|Crunch|p1a: Slowking
|-supereffective|p1a: Slowking
|-damage|p1a: Slowking|54/100
|-unboost|p1a: Slowking|def|1
|
|-weather|none
|upkeep
|turn|10
|
|t:|1780891986
|switch|p1a: Tornadus|Tornadus-Therian, M|100/100
|move|p2a: MindBody&Soul|Crunch|p1a: Tornadus
|-damage|p1a: Tornadus|77/100
|
|upkeep
|turn|11
|
|t:|1780892001
|switch|p2a: DemonSaidToDie|Primarina, F, shiny|100/100
|switch|p1a: Great Tusk|Great Tusk|100/100
|
|upkeep
|turn|12
|
|t:|1780892008
|-end|p1a: Great Tusk|Protosynthesis|[silent]
|switch|p1a: Slowking|Slowking-Galar, F|87/100
|move|p2a: DemonSaidToDie|Moonblast|p1a: Slowking
|-resisted|p1a: Slowking
|-damage|p1a: Slowking|75/100
|
|upkeep
|turn|13
|
|t:|1780892017
|switch|p2a: PossessedSoul|Pecharunt|100/100 par
|-prepare|p1a: Slowking|Chilly Reception|[premajor]
|move|p1a: Slowking|Chilly Reception|p1a: Slowking
|-weather|Snowscape
|
|t:|1780892023
|switch|p1a: Kyurem|Kyurem|100/100|[from] Chilly Reception
|-ability|p1a: Kyurem|Pressure
|
|-weather|Snowscape|[upkeep]
|upkeep
|turn|14
|
|t:|1780892031
|switch|p2a: DemonSaidToDie|Primarina, F, shiny|100/100
|move|p1a: Kyurem|Substitute|p1a: Kyurem
|-start|p1a: Kyurem|Substitute
|-damage|p1a: Kyurem|75/100
|
|-weather|Snowscape|[upkeep]
|-heal|p1a: Kyurem|82/100|[from] item: Leftovers
|upkeep
|turn|15
|inactive|GintamaXXOO has 120 seconds left.
|inactive|GintamaXXOO has 90 seconds left.
|
|t:|1780892111
|switch|p2a: FightForBlocks|Ting-Lu|100/100
|-ability|p2a: FightForBlocks|Vessel of Ruin
|move|p1a: Kyurem|Freeze-Dry|p2a: FightForBlocks
|-supereffective|p2a: FightForBlocks
|-crit|p2a: FightForBlocks
|-damage|p2a: FightForBlocks|55/100
|
|-weather|Snowscape|[upkeep]
|-heal|p1a: Kyurem|88/100|[from] item: Leftovers
|-heal|p2a: FightForBlocks|61/100|[from] item: Leftovers
|upkeep
|turn|16
|inactive|adil has 120 seconds left.
|
|t:|1780892144
|move|p1a: Kyurem|Freeze-Dry|p2a: FightForBlocks
|-supereffective|p2a: FightForBlocks
|-damage|p2a: FightForBlocks|30/100
|move|p2a: FightForBlocks|Whirlwind|p1a: Kyurem
|drag|p1a: Slowking|Slowking-Galar, F|100/100
|
|-weather|Snowscape|[upkeep]
|-heal|p2a: FightForBlocks|37/100|[from] item: Leftovers
|upkeep
|turn|17
|
|t:|1780892151
|switch|p1a: Rillaboom|Rillaboom, M, tera:Dark|21/100
|-fieldstart|move: Grassy Terrain|[from] ability: Grassy Surge|[of] p1a: Rillaboom
|move|p2a: FightForBlocks|Stealth Rock|p1a: Rillaboom
|-sidestart|p1: adil|move: Stealth Rock
|
|-weather|none
|-heal|p1a: Rillaboom|27/100|[from] Grassy Terrain
|-heal|p2a: FightForBlocks|43/100|[from] Grassy Terrain
|-heal|p2a: FightForBlocks|49/100|[from] item: Leftovers
|upkeep
|turn|18
|
|t:|1780892167
|move|p1a: Rillaboom|Grassy Glide|p2a: FightForBlocks
|-supereffective|p2a: FightForBlocks
|-damage|p2a: FightForBlocks|0 fnt
|faint|p2a: FightForBlocks
|-damage|p1a: Rillaboom|17/100|[from] item: Life Orb
|
|-heal|p1a: Rillaboom|23/100|[from] Grassy Terrain
|upkeep
|
|t:|1780892187
|switch|p2a: NineMilliDragon|Dragonite, F|100/100
|turn|19
|
|t:|1780892203
|switch|p1a: Great Tusk|Great Tusk|100/100
|move|p2a: NineMilliDragon|Dragon Dance|p2a: NineMilliDragon
|-boost|p2a: NineMilliDragon|atk|1
|-boost|p2a: NineMilliDragon|spe|1
|
|upkeep
|turn|20
|
|t:|1780892211
|-terastallize|p2a: NineMilliDragon|Fire
|move|p2a: NineMilliDragon|Dragon Dance|p2a: NineMilliDragon
|-boost|p2a: NineMilliDragon|atk|1
|-boost|p2a: NineMilliDragon|spe|1
|move|p1a: Great Tusk|Rapid Spin|p2a: NineMilliDragon
|-damage|p2a: NineMilliDragon|90/100
|-boost|p1a: Great Tusk|spe|1
|-sideend|p1: adil|Stealth Rock|[from] move: Rapid Spin|[of] p1a: Great Tusk
|
|-heal|p2a: NineMilliDragon|96/100|[from] Grassy Terrain
|upkeep
|turn|21
|
|t:|1780892215
|move|p2a: NineMilliDragon|Encore|p1a: Great Tusk
|-start|p1a: Great Tusk|Encore
|move|p1a: Great Tusk|Rapid Spin|p2a: NineMilliDragon
|-damage|p2a: NineMilliDragon|75/100
|-boost|p1a: Great Tusk|spe|1
|
|-heal|p2a: NineMilliDragon|81/100|[from] Grassy Terrain
|-fieldend|move: Grassy Terrain
|upkeep
|turn|22
|
|t:|1780892219
|-end|p1a: Great Tusk|Protosynthesis|[silent]
|switch|p1a: Ting-Lu|Ting-Lu|93/100 tox
|-ability|p1a: Ting-Lu|Vessel of Ruin
|move|p2a: NineMilliDragon|Dragon Dance|p2a: NineMilliDragon
|-boost|p2a: NineMilliDragon|atk|1
|-boost|p2a: NineMilliDragon|spe|1
|
|-heal|p1a: Ting-Lu|99/100 tox|[from] item: Leftovers
|-damage|p1a: Ting-Lu|93/100 tox|[from] psn
|upkeep
|turn|23
|
|t:|1780892224
|move|p2a: NineMilliDragon|Dragon Claw|p1a: Ting-Lu
|-damage|p1a: Ting-Lu|36/100 tox
|move|p1a: Ting-Lu|Whirlwind|p2a: NineMilliDragon
|drag|p2a: MindBody&Soul|Zamazenta|100/100
|
|-heal|p1a: Ting-Lu|43/100 tox|[from] item: Leftovers
|-damage|p1a: Ting-Lu|30/100 tox|[from] psn
|upkeep
|turn|24
|
|t:|1780892234
|switch|p2a: DemonSaidToDie|Primarina, F, shiny|100/100
|switch|p1a: Slowking|Slowking-Galar, F|100/100
|
|upkeep
|turn|25
|
|t:|1780892252
|move|p2a: DemonSaidToDie|Whirlpool|p1a: Slowking
|-damage|p1a: Slowking|92/100
|-activate|p1a: Slowking|move: Whirlpool|[of] p2a: DemonSaidToDie
|-prepare|p1a: Slowking|Chilly Reception|[premajor]
|move|p1a: Slowking|Chilly Reception|p1a: Slowking
|-weather|Snowscape
|
|t:|1780892257
|switch|p1a: Rillaboom|Rillaboom, M, tera:Dark|23/100|[from] Chilly Reception
|-fieldstart|move: Grassy Terrain|[from] ability: Grassy Surge|[of] p1a: Rillaboom
|
|-weather|Snowscape|[upkeep]
|-heal|p1a: Rillaboom|30/100|[from] Grassy Terrain
|upkeep
|turn|26
|
|t:|1780892262
|switch|p2a: NineMilliDragon|Dragonite, F, tera:Fire|81/100
|move|p1a: Rillaboom|Grassy Glide|p2a: NineMilliDragon
|-resisted|p2a: NineMilliDragon
|-damage|p2a: NineMilliDragon|52/100
|-damage|p1a: Rillaboom|20/100|[from] item: Life Orb
|
|-weather|Snowscape|[upkeep]
|-heal|p2a: NineMilliDragon|58/100|[from] Grassy Terrain
|-heal|p1a: Rillaboom|26/100|[from] Grassy Terrain
|upkeep
|turn|27
|inactive|GintamaXXOO has 120 seconds left.
|
|t:|1780892273
|switch|p1a: Great Tusk|Great Tusk|100/100
|move|p2a: NineMilliDragon|Dragon Claw|p1a: Great Tusk
|-damage|p1a: Great Tusk|68/100
|
|-weather|Snowscape|[upkeep]
|-heal|p1a: Great Tusk|74/100|[from] Grassy Terrain
|-heal|p2a: NineMilliDragon|64/100|[from] Grassy Terrain
|upkeep
|turn|28
|inactive|GintamaXXOO has 120 seconds left.
|
|t:|1780892282
|switch|p2a: MindBody&Soul|Zamazenta|100/100
|move|p1a: Great Tusk|Headlong Rush|p2a: MindBody&Soul
|-damage|p2a: MindBody&Soul|59/100
|-unboost|p1a: Great Tusk|def|1
|-unboost|p1a: Great Tusk|spd|1
|
|-weather|Snowscape|[upkeep]
|-heal|p2a: MindBody&Soul|65/100|[from] Grassy Terrain
|-heal|p1a: Great Tusk|80/100|[from] Grassy Terrain
|upkeep
|turn|29
|
|t:|1780892285
|-end|p1a: Great Tusk|Protosynthesis|[silent]
|switch|p1a: Tornadus|Tornadus-Therian, M|100/100
|move|p2a: MindBody&Soul|Iron Defense|p2a: MindBody&Soul
|-boost|p2a: MindBody&Soul|def|2
|
|-weather|none
|-heal|p2a: MindBody&Soul|71/100|[from] Grassy Terrain
|-fieldend|move: Grassy Terrain
|upkeep
|turn|30
|
|t:|1780892295
|move|p2a: MindBody&Soul|Body Press|p1a: Tornadus
|-resisted|p1a: Tornadus
|-damage|p1a: Tornadus|56/100
|move|p1a: Tornadus|Bleakwind Storm|p2a: MindBody&Soul
|-supereffective|p2a: MindBody&Soul
|-damage|p2a: MindBody&Soul|4/100
|
|upkeep
|turn|31
|
|t:|1780892305
|move|p2a: MindBody&Soul|Rest|p2a: MindBody&Soul
|-status|p2a: MindBody&Soul|slp|[from] move: Rest
|-heal|p2a: MindBody&Soul|100/100 slp|[silent]
|-enditem|p2a: MindBody&Soul|Chesto Berry|[eat]
|-curestatus|p2a: MindBody&Soul|slp|[msg]
|move|p1a: Tornadus|Heat Wave|p2a: MindBody&Soul|[miss]
|-miss|p1a: Tornadus|p2a: MindBody&Soul
|
|upkeep
|turn|32
|
|t:|1780892311
|switch|p1a: Slowking|Slowking-Galar, F|100/100
|move|p2a: MindBody&Soul|Iron Defense|p2a: MindBody&Soul
|-boost|p2a: MindBody&Soul|def|2
|
|upkeep
|turn|33
|
|t:|1780892327
|move|p2a: MindBody&Soul|Crunch|p1a: Slowking
|-supereffective|p1a: Slowking
|-damage|p1a: Slowking|54/100
|move|p1a: Slowking|Thunder Wave|p2a: MindBody&Soul
|-status|p2a: MindBody&Soul|par
|
|upkeep
|turn|34
|
|t:|1780892338
|move|p2a: MindBody&Soul|Body Press|p1a: Slowking
|-resisted|p1a: Slowking
|-damage|p1a: Slowking|24/100
|-prepare|p1a: Slowking|Chilly Reception|[premajor]
|move|p1a: Slowking|Chilly Reception|p1a: Slowking
|-weather|Snowscape
|
|t:|1780892346
|switch|p1a: Tornadus|Tornadus-Therian, M|89/100|[from] Chilly Reception
|
|-weather|Snowscape|[upkeep]
|upkeep
|turn|35
|
|t:|1780892348
|move|p1a: Tornadus|Bleakwind Storm|p2a: MindBody&Soul|[miss]
|-miss|p1a: Tornadus|p2a: MindBody&Soul
|move|p2a: MindBody&Soul|Body Press|p1a: Tornadus
|-resisted|p1a: Tornadus
|-damage|p1a: Tornadus|20/100
|
|-weather|Snowscape|[upkeep]
|upkeep
|turn|36
|
|t:|1780892353
|switch|p1a: Slowking|Slowking-Galar, F|58/100
|cant|p2a: MindBody&Soul|par
|
|-weather|Snowscape|[upkeep]
|upkeep
|turn|37
|
|t:|1780892356
|move|p2a: MindBody&Soul|Crunch|p1a: Slowking
|-supereffective|p1a: Slowking
|-damage|p1a: Slowking|11/100
|-prepare|p1a: Slowking|Chilly Reception|[premajor]
|move|p1a: Slowking|Chilly Reception|p1a: Slowking
|
|t:|1780892364
|switch|p1a: Kyurem|Kyurem|88/100|[from] Chilly Reception
|-ability|p1a: Kyurem|Pressure
|
|-weather|Snowscape|[upkeep]
|-heal|p1a: Kyurem|94/100|[from] item: Leftovers
|upkeep
|turn|38
|
|t:|1780892366
|move|p1a: Kyurem|Substitute|p1a: Kyurem
|-start|p1a: Kyurem|Substitute
|-damage|p1a: Kyurem|69/100
|move|p2a: MindBody&Soul|Body Press|p1a: Kyurem
|-supereffective|p1a: Kyurem
|-crit|p1a: Kyurem
|-end|p1a: Kyurem|Substitute
|
|-weather|none
|-heal|p1a: Kyurem|75/100|[from] item: Leftovers
|upkeep
|turn|39
|inactive|GintamaXXOO has 120 seconds left.
|
|t:|1780892408
|switch|p2a: NineMilliDragon|Dragonite, F, tera:Fire|64/100
|move|p1a: Kyurem|Protect||[still]
|-fail|p1a: Kyurem
|
|-heal|p1a: Kyurem|81/100|[from] item: Leftovers
|upkeep
|turn|40
|
|t:|1780892421
|move|p1a: Kyurem|Earth Power|p2a: NineMilliDragon
|-supereffective|p2a: NineMilliDragon
|-damage|p2a: NineMilliDragon|0 fnt
|faint|p2a: NineMilliDragon
|
|-heal|p1a: Kyurem|88/100|[from] item: Leftovers
|upkeep
|-message|GintamaXXOO forfeited.
|
|win|adil
|raw|adil's rating: 1674 &rarr; <strong>1689</strong><br />(+15 for winning)
|raw|GintamaXXOO's rating: 1593 &rarr; <strong>1578</strong><br />(-15 for losing)
|l|☆GintamaXXOO
|player|p2|
|l|☆adil
|player|p1|
