|badge|p2|bronze|gen9ou|100-9
|uhtml|medal-msg|<div class="broadcast-blue">Curious what those medals under the avatar are? PS now has Ladder Seasons! For more information, check out the <a href="https://www.smogon.com/forums/threads/3740067/">thread on Smogon.</a></div>
|j|☆hat40
|j|☆Dat boii fam
|t:|1781117511
|gametype|singles
|player|p1|hat40|1|1678
|player|p2|Dat boii fam|li|1791
|gen|9
|tier|[Gen 9] OU
|rated|
|rule|HP Percentage Mod: HP is shown in percentages
|rule|Endless Battle Clause: Forcing endless battles is banned
|rule|Species Clause: Limit one of each Pokémon
|rule|OHKO Clause: OHKO moves are banned
|rule|Evasion Items Clause: Evasion items are banned
|rule|Evasion Moves Clause: Evasion moves are banned
|rule|Evasion Abilities Clause: Evasion abilities are banned
|rule|Sleep Moves Clause: Sleep-inducing moves are banned
|clearpoke
|poke|p1|Pelipper, F|
|poke|p1|Manaphy|
|poke|p1|Bruxish, M|
|poke|p1|Overqwil, F|
|poke|p1|Iron Treads|
|poke|p1|Raging Bolt|
|poke|p2|Alomomola, F|
|poke|p2|Landorus-Therian, M|
|poke|p2|Zapdos|
|poke|p2|Tornadus-Therian, M|
|poke|p2|Scizor, F|
|poke|p2|Amoonguss, F|
|teampreview
|inactive|Battle timer is ON: inactive players will automatically lose when time's up. (requested by Dat boii fam)
|
|t:|1781117523
|teamsize|p1|6
|teamsize|p2|6
|start
|switch|p1a: Bruxish|Bruxish, M|100/100
|switch|p2a: Zapdos|Zapdos|100/100
|turn|1
|j| Sanatan Dharma
|
|t:|1781117532
|switch|p1a: Iron Treads|Iron Treads|100/100
|-enditem|p1a: Iron Treads|Booster Energy
|-activate|p1a: Iron Treads|ability: Quark Drive|[fromitem]
|-start|p1a: Iron Treads|quarkdrivespe
|switch|p2a: Alomomola|Alomomola, F|100/100
|
|upkeep
|turn|2
|
|t:|1781117539
|move|p1a: Iron Treads|Knock Off|p2a: Alomomola
|-damage|p2a: Alomomola|87/100
|-enditem|p2a: Alomomola|Heavy-Duty Boots|[from] move: Knock Off|[of] p1a: Iron Treads
|move|p2a: Alomomola|Flip Turn|p1a: Iron Treads
|-supereffective|p1a: Iron Treads
|-damage|p1a: Iron Treads|74/100
|
|t:|1781117546
|switch|p2a: Landorus|Landorus-Therian, M|100/100|[from] Flip Turn
|-ability|p2a: Landorus|Intimidate|boost
|-unboost|p1a: Iron Treads|atk|1
|
|upkeep
|turn|3
|
|t:|1781117566
|switch|p2a: Alomomola|Alomomola, F|100/100
|move|p1a: Iron Treads|Stealth Rock|p2a: Alomomola
|-sidestart|p2: Dat boii fam|move: Stealth Rock
|
|upkeep
|turn|4
|
|t:|1781117570
|-end|p1a: Iron Treads|Quark Drive|[silent]
|switch|p1a: Pelipper|Pelipper, F|100/100
|-weather|RainDance|[from] ability: Drizzle|[of] p1a: Pelipper
|move|p2a: Alomomola|Flip Turn|p1a: Pelipper
|-resisted|p1a: Pelipper
|-damage|p1a: Pelipper|91/100
|
|t:|1781117579
|switch|p2a: Zapdos|Zapdos|100/100|[from] Flip Turn
|
|-weather|RainDance|[upkeep]
|upkeep
|turn|5
|
|t:|1781117589
|move|p2a: Zapdos|Hurricane|p1a: Pelipper
|-damage|p1a: Pelipper|10/100
|move|p1a: Pelipper|Weather Ball|p2a: Zapdos
|-damage|p2a: Zapdos|56/100
|
|-weather|RainDance|[upkeep]
|upkeep
|turn|6
|
|t:|1781117597
|move|p2a: Zapdos|Hurricane|p1a: Pelipper
|-damage|p1a: Pelipper|0 fnt
|faint|p1a: Pelipper
|
|-weather|RainDance|[upkeep]
|upkeep
|
|t:|1781117604
|switch|p1a: Overqwil|Overqwil, F|100/100
|turn|7
|
|t:|1781117607
|move|p1a: Overqwil|Gunk Shot|p2a: Zapdos|[miss]
|-miss|p1a: Overqwil|p2a: Zapdos
|move|p2a: Zapdos|Hurricane|p1a: Overqwil
|-damage|p1a: Overqwil|8/100
|
|-weather|RainDance|[upkeep]
|upkeep
|turn|8
|
|t:|1781117614
|switch|p2a: Scizor|Scizor, F|100/100
|move|p1a: Overqwil|Gunk Shot|p2a: Scizor
|-immune|p2a: Scizor
|
|-weather|RainDance|[upkeep]
|upkeep
|turn|9
|-message|hat40 forfeited.
|
|win|Dat boii fam
|raw|hat40's rating: 1678 &rarr; <strong>1664</strong><br />(-14 for losing)
|raw|Dat boii fam's rating: 1791 &rarr; <strong>1805</strong><br />(+14 for winning)
|l|☆hat40
|player|p1|
|l|☆Dat boii fam
|player|p2|
