|j|☆amiruae
|j|☆Fly to LA 4 a week
|t:|1781464372
|gametype|singles
|player|p1|amiruae|palmer|1544
|player|p2|Fly to LA 4 a week|170|1637
|gen|9
|tier|[Gen 9] OU
|rated|
|rule|HP Percentage Mod: HP is shown in percentages
|rule|Endless Battle Clause: Forcing endless battles is banned
|rule|Species Clause: Limit one of each Pokémon
|rule|OHKO Clause: OHKO moves are banned
|rule|Evasion Items Clause: Evasion items are banned
|rule|Evasion Moves Clause: Evasion moves are banned
|rule|Evasion Abilities Clause: Evasion abilities are banned
|rule|Sleep Moves Clause: Sleep-inducing moves are banned
|clearpoke
|poke|p1|Samurott-Hisui, M|
|poke|p1|Zamazenta-*|
|poke|p1|Greninja-*, M|
|poke|p1|Salamence, M|
|poke|p1|Porygon-Z|
|poke|p1|Volcanion|
|poke|p2|Scizor, F|
|poke|p2|Walking Wake|
|poke|p2|Ting-Lu|
|poke|p2|Zamazenta-*|
|poke|p2|Garganacl, M|
|poke|p2|Pecharunt|
|teampreview
|inactive|Battle timer is ON: inactive players will automatically lose when time's up. (requested by amiruae)
|
|t:|1781464398
|teamsize|p1|6
|teamsize|p2|6
|start
|switch|p1a: Greninja|Greninja, M|100/100
|switch|p2a: Walking Wake|Walking Wake|100/100
|turn|1
|
|t:|1781464410
|move|p1a: Greninja|Ice Beam|p2a: Walking Wake
|-start|p1a: Greninja|typechange|Ice|[from] ability: Protean
|-damage|p2a: Walking Wake|25/100
|move|p2a: Walking Wake|Draco Meteor|p1a: Greninja
|-damage|p1a: Greninja|0 fnt
|-unboost|p2a: Walking Wake|spa|2
|faint|p1a: Greninja
|
|upkeep
|
|t:|1781464426
|switch|p1a: Samurott|Samurott-Hisui, M|100/100
|turn|2
|
|t:|1781464434
|move|p2a: Walking Wake|Flip Turn|p1a: Samurott
|-resisted|p1a: Samurott
|-damage|p1a: Samurott|91/100
|
|t:|1781464436
|-end|p2a: Walking Wake|Protosynthesis|[silent]
|switch|p2a: Zamazenta|Zamazenta|100/100|[from] Flip Turn
|-ability|p2a: Zamazenta|Dauntless Shield|boost
|-boost|p2a: Zamazenta|def|1
|move|p1a: Samurott|Aqua Cutter|p2a: Zamazenta
|-crit|p2a: Zamazenta
|-damage|p2a: Zamazenta|21/100
|
|upkeep
|turn|3
|
|t:|1781464448
|switch|p1a: Salamence|Salamence, M|100/100
|-ability|p1a: Salamence|Intimidate|boost
|-unboost|p2a: Zamazenta|atk|1
|move|p2a: Zamazenta|Close Combat|p1a: Salamence
|-resisted|p1a: Salamence
|-damage|p1a: Salamence|78/100
|-unboost|p2a: Zamazenta|def|1
|-unboost|p2a: Zamazenta|spd|1
|
|upkeep
|turn|4
|
|t:|1781464456
|switch|p2a: Garganacl|Garganacl, M|100/100
|move|p1a: Salamence|Dragon Dance|p1a: Salamence
|-boost|p1a: Salamence|atk|1
|-boost|p1a: Salamence|spe|1
|
|upkeep
|turn|5
|
|t:|1781464478
|move|p1a: Salamence|Dragon Dance|p1a: Salamence
|-boost|p1a: Salamence|atk|1
|-boost|p1a: Salamence|spe|1
|move|p2a: Garganacl|Salt Cure|p1a: Salamence
|-supereffective|p1a: Salamence
|-damage|p1a: Salamence|42/100
|-start|p1a: Salamence|Salt Cure
|
|-damage|p1a: Salamence|30/100|[from] Salt Cure
|upkeep
|turn|6
|
|t:|1781464484
|move|p1a: Salamence|Outrage|p2a: Garganacl
|-damage|p2a: Garganacl|11/100
|move|p2a: Garganacl|Curse|p2a: Garganacl
|-unboost|p2a: Garganacl|spe|1
|-boost|p2a: Garganacl|atk|1
|-boost|p2a: Garganacl|def|1
|
|-heal|p2a: Garganacl|17/100|[from] item: Leftovers
|-damage|p1a: Salamence|17/100|[from] Salt Cure
|upkeep
|turn|7
|
|t:|1781464497
|move|p1a: Salamence|Outrage|p2a: Garganacl|[from] lockedmove
|-damage|p2a: Garganacl|0 fnt
|faint|p2a: Garganacl
|
|-damage|p1a: Salamence|5/100|[from] Salt Cure
|upkeep
|
|t:|1781464501
|switch|p2a: Scizor|Scizor, F|100/100
|turn|8
|
|t:|1781464506
|move|p2a: Scizor|Bullet Punch|p1a: Salamence
|-damage|p1a: Salamence|0 fnt
|faint|p1a: Salamence
|
|upkeep
|
|t:|1781464510
|switch|p1a: Volcanion|Volcanion|100/100
|turn|9
|
|t:|1781464523
|switch|p2a: Ting-Lu|Ting-Lu|100/100
|-ability|p2a: Ting-Lu|Vessel of Ruin
|move|p1a: Volcanion|Flamethrower|p2a: Ting-Lu
|-damage|p2a: Ting-Lu|80/100
|-status|p2a: Ting-Lu|brn
|
|-heal|p2a: Ting-Lu|86/100 brn|[from] item: Leftovers
|-damage|p2a: Ting-Lu|80/100 brn|[from] brn
|upkeep
|turn|10
|
|t:|1781464529
|move|p1a: Volcanion|Steam Eruption|p2a: Ting-Lu
|-supereffective|p2a: Ting-Lu
|-damage|p2a: Ting-Lu|24/100 brn
|move|p2a: Ting-Lu|Earthquake|p1a: Volcanion
|-supereffective|p1a: Volcanion
|-damage|p1a: Volcanion|70/100
|
|-heal|p2a: Ting-Lu|30/100 brn|[from] item: Leftovers
|-damage|p2a: Ting-Lu|24/100 brn|[from] brn
|upkeep
|turn|11
|
|t:|1781464539
|move|p1a: Volcanion|Steam Eruption|p2a: Ting-Lu
|-supereffective|p2a: Ting-Lu
|-damage|p2a: Ting-Lu|0 fnt
|faint|p2a: Ting-Lu
|
|upkeep
|
|t:|1781464542
|switch|p2a: Walking Wake|Walking Wake|25/100
|turn|12
|
|t:|1781464546
|move|p2a: Walking Wake|Draco Meteor|p1a: Volcanion
|-damage|p1a: Volcanion|25/100
|-unboost|p2a: Walking Wake|spa|2
|move|p1a: Volcanion|Sludge Bomb|p2a: Walking Wake
|-damage|p2a: Walking Wake|0 fnt
|faint|p2a: Walking Wake
|-end|p2a: Walking Wake|Protosynthesis|[silent]
|
|upkeep
|
|t:|1781464551
|switch|p2a: Zamazenta|Zamazenta|21/100
|turn|13
|
|t:|1781464558
|switch|p1a: Zamazenta|Zamazenta|100/100
|-ability|p1a: Zamazenta|Dauntless Shield|boost
|-boost|p1a: Zamazenta|def|1
|move|p2a: Zamazenta|Stone Edge|p1a: Zamazenta
|-resisted|p1a: Zamazenta
|-damage|p1a: Zamazenta|92/100
|
|-heal|p1a: Zamazenta|98/100|[from] item: Leftovers
|upkeep
|turn|14
|
|t:|1781464568
|switch|p1a: Volcanion|Volcanion|25/100
|switch|p2a: Pecharunt|Pecharunt|100/100
|-item|p2a: Pecharunt|Air Balloon
|
|upkeep
|turn|15
|
|t:|1781464577
|move|p2a: Pecharunt|Malignant Chain|p1a: Volcanion
|-damage|p1a: Volcanion|0 fnt
|faint|p1a: Volcanion
|
|upkeep
|
|t:|1781464585
|switch|p1a: Samurott|Samurott-Hisui, M|91/100
|turn|16
|
|t:|1781464600
|switch|p2a: Scizor|Scizor, F|100/100
|move|p1a: Samurott|Ceaseless Edge|p2a: Scizor
|-damage|p2a: Scizor|49/100
|-sidestart|p2: Fly to LA 4 a week|Spikes
|
|upkeep
|turn|17
|
|t:|1781464610
|move|p2a: Scizor|Bullet Punch|p1a: Samurott
|-resisted|p1a: Samurott
|-crit|p1a: Samurott
|-damage|p1a: Samurott|49/100
|move|p1a: Samurott|Ceaseless Edge|p2a: Scizor
|-damage|p2a: Scizor|0 fnt
|-sidestart|p2: Fly to LA 4 a week|Spikes
|faint|p2a: Scizor
|
|upkeep
|
|t:|1781464613
|switch|p2a: Zamazenta|Zamazenta|21/100
|turn|18
|
|t:|1781464632
|move|p2a: Zamazenta|Close Combat|p1a: Samurott
|-supereffective|p1a: Samurott
|-damage|p1a: Samurott|0 fnt
|-unboost|p2a: Zamazenta|def|1
|-unboost|p2a: Zamazenta|spd|1
|faint|p1a: Samurott
|
|upkeep
|
|t:|1781464637
|switch|p1a: Porygon-Z|Porygon-Z|100/100
|turn|19
|
|t:|1781464652
|-terastallize|p1a: Porygon-Z|Electric
|move|p1a: Porygon-Z|Thunderbolt|p2a: Zamazenta
|-damage|p2a: Zamazenta|0 fnt
|faint|p2a: Zamazenta
|
|upkeep
|
|t:|1781464656
|switch|p2a: Pecharunt|Pecharunt|100/100
|-item|p2a: Pecharunt|Air Balloon
|turn|20
|
|t:|1781464664
|-terastallize|p2a: Pecharunt|Ghost
|move|p1a: Porygon-Z|Thunderbolt|p2a: Pecharunt
|-damage|p2a: Pecharunt|26/100
|-enditem|p2a: Pecharunt|Air Balloon
|move|p2a: Pecharunt|Shadow Ball|p1a: Porygon-Z
|-damage|p1a: Porygon-Z|48/100
|
|upkeep
|turn|21
|-message|Fly to LA 4 a week forfeited.
|
|win|amiruae
|raw|amiruae's rating: 1544 &rarr; <strong>1569</strong><br />(+25 for winning)
|raw|Fly to LA 4 a week's rating: 1637 &rarr; <strong>1612</strong><br />(-25 for losing)
|l|☆Fly to LA 4 a week
|player|p2|
|l|☆amiruae
|player|p1|
