|j|☆Lamperi0n
|j|☆Superhjkdetective
|t:|1781294387
|gametype|singles
|player|p1|Lamperi0n|will|1499
|player|p2|Superhjkdetective|265|1627
|gen|9
|tier|[Gen 9] OU
|rated|
|rule|HP Percentage Mod: HP is shown in percentages
|rule|Endless Battle Clause: Forcing endless battles is banned
|rule|Species Clause: Limit one of each Pokémon
|rule|OHKO Clause: OHKO moves are banned
|rule|Evasion Items Clause: Evasion items are banned
|rule|Evasion Moves Clause: Evasion moves are banned
|rule|Evasion Abilities Clause: Evasion abilities are banned
|rule|Sleep Moves Clause: Sleep-inducing moves are banned
|clearpoke
|poke|p1|Chansey, F|
|poke|p1|Iron Treads|
|poke|p1|Kyurem|
|poke|p1|Mandibuzz, F|
|poke|p1|Dondozo, F|
|poke|p1|Gholdengo|
|poke|p2|Ninetales, M|
|poke|p2|Ceruledge, M|
|poke|p2|Great Tusk|
|poke|p2|Hatterene, F|
|poke|p2|Walking Wake|
|poke|p2|Raging Bolt|
|teampreview
|inactive|Battle timer is ON: inactive players will automatically lose when time's up. (requested by Superhjkdetective)
|
|t:|1781294401
|teamsize|p1|6
|teamsize|p2|6
|start
|switch|p1a: Iron Treads|Iron Treads|100/100
|switch|p2a: Ninetales|Ninetales, M|100/100
|-weather|SunnyDay|[from] ability: Drought|[of] p2a: Ninetales
|turn|1
|
|t:|1781294407
|switch|p2a: Hatterene|Hatterene, F|100/100
|-terastallize|p1a: Iron Treads|Ground
|move|p1a: Iron Treads|Earthquake|p2a: Hatterene
|-damage|p2a: Hatterene|33/100
|-enditem|p2a: Hatterene|Eject Button
|
|t:|1781294416
|switch|p2a: Walking Wake|Walking Wake|100/100
|-activate|p2a: Walking Wake|ability: Protosynthesis
|-start|p2a: Walking Wake|protosynthesisspe
|
|-weather|SunnyDay|[upkeep]
|upkeep
|turn|2
|
|t:|1781294419
|-end|p2a: Walking Wake|Protosynthesis|[silent]
|switch|p2a: Ceruledge|Ceruledge, M|100/100
|-end|p1a: Iron Treads|Quark Drive|[silent]
|switch|p1a: Chansey|Chansey, F|100/100
|
|-weather|SunnyDay|[upkeep]
|upkeep
|turn|3
|
|t:|1781294426
|switch|p1a: Dondozo|Dondozo, F|100/100
|move|p2a: Ceruledge|Swords Dance|p2a: Ceruledge
|-boost|p2a: Ceruledge|atk|2
|
|-weather|SunnyDay|[upkeep]
|upkeep
|turn|4
|
|t:|1781294443
|switch|p2a: Walking Wake|Walking Wake|100/100
|-activate|p2a: Walking Wake|ability: Protosynthesis
|-start|p2a: Walking Wake|protosynthesisspe
|move|p1a: Dondozo|Liquidation|p2a: Walking Wake
|-resisted|p2a: Walking Wake
|-damage|p2a: Walking Wake|97/100
|-unboost|p2a: Walking Wake|def|1
|
|-weather|SunnyDay|[upkeep]
|upkeep
|turn|5
|
|t:|1781294446
|-end|p2a: Walking Wake|Protosynthesis|[silent]
|switch|p2a: Ceruledge|Ceruledge, M|100/100
|switch|p1a: Chansey|Chansey, F|100/100
|
|-weather|SunnyDay|[upkeep]
|upkeep
|turn|6
|
|t:|1781294449
|switch|p1a: Dondozo|Dondozo, F|100/100
|-terastallize|p2a: Ceruledge|Ghost
|move|p2a: Ceruledge|Poltergeist|p1a: Dondozo
|-activate|p1a: Dondozo|move: Poltergeist|Leftovers
|-damage|p1a: Dondozo|66/100
|
|-weather|SunnyDay|[upkeep]
|-heal|p1a: Dondozo|73/100|[from] item: Leftovers
|upkeep
|turn|7
|
|t:|1781294455
|switch|p2a: Raging Bolt|Raging Bolt|100/100
|-activate|p2a: Raging Bolt|ability: Protosynthesis
|-start|p2a: Raging Bolt|protosynthesisspa
|move|p1a: Dondozo|Liquidation|p2a: Raging Bolt
|-resisted|p2a: Raging Bolt
|-damage|p2a: Raging Bolt|94/100
|
|-weather|SunnyDay|[upkeep]
|-heal|p1a: Dondozo|79/100|[from] item: Leftovers
|upkeep
|turn|8
|
|t:|1781294459
|switch|p1a: Chansey|Chansey, F|100/100
|move|p2a: Raging Bolt|Thunderbolt|p1a: Chansey
|-damage|p1a: Chansey|74/100
|-damage|p2a: Raging Bolt|84/100|[from] item: Life Orb
|
|-weather|none
|-end|p2a: Raging Bolt|Protosynthesis
|upkeep
|turn|9
|
|t:|1781294464
|-end|p2a: Raging Bolt|Protosynthesis|[silent]
|switch|p2a: Great Tusk|Great Tusk|100/100
|move|p1a: Chansey|Thunder Wave|p2a: Great Tusk
|-immune|p2a: Great Tusk
|
|upkeep
|turn|10
|
|t:|1781294469
|switch|p1a: Mandibuzz|Mandibuzz, F|100/100
|move|p2a: Great Tusk|Stealth Rock|p1a: Mandibuzz
|-sidestart|p1: Lamperi0n|move: Stealth Rock
|
|upkeep
|turn|11
|
|t:|1781294475
|-end|p2a: Great Tusk|Protosynthesis|[silent]
|switch|p2a: Hatterene|Hatterene, F|33/100
|move|p1a: Mandibuzz|Foul Play|p2a: Hatterene
|-damage|p2a: Hatterene|10/100
|
|upkeep
|turn|12
|
|t:|1781294477
|move|p1a: Mandibuzz|Foul Play|p2a: Hatterene
|-damage|p2a: Hatterene|0 fnt
|faint|p2a: Hatterene
|
|upkeep
|
|t:|1781294479
|switch|p2a: Ninetales|Ninetales, M|100/100
|-weather|SunnyDay|[from] ability: Drought|[of] p2a: Ninetales
|turn|13
|
|t:|1781294495
|switch|p2a: Ceruledge|Ceruledge, M, tera:Ghost|100/100
|move|p1a: Mandibuzz|Defog|p2a: Ceruledge
|-unboost|p2a: Ceruledge|evasion|1
|-sideend|p1: Lamperi0n|Stealth Rock|[from] move: Defog|[of] p1a: Mandibuzz
|
|-weather|SunnyDay|[upkeep]
|upkeep
|turn|14
|
|t:|1781294506
|move|p2a: Ceruledge|Bitter Blade|p1a: Mandibuzz
|-damage|p1a: Mandibuzz|58/100
|move|p1a: Mandibuzz|Foul Play|p2a: Ceruledge
|-supereffective|p2a: Ceruledge
|-enditem|p2a: Ceruledge|Focus Sash
|-damage|p2a: Ceruledge|1/100
|-ability|p2a: Ceruledge|Weak Armor|boost
|-unboost|p2a: Ceruledge|def|1
|-boost|p2a: Ceruledge|spe|2
|
|-weather|SunnyDay|[upkeep]
|upkeep
|turn|15
|
|t:|1781294513
|switch|p1a: Dondozo|Dondozo, F|79/100
|move|p2a: Ceruledge|Bitter Blade|p1a: Dondozo
|-resisted|p1a: Dondozo
|-damage|p1a: Dondozo|63/100
|-heal|p2a: Ceruledge|15/100|[from] drain|[of] p1a: Dondozo
|
|-weather|SunnyDay|[upkeep]
|-heal|p1a: Dondozo|69/100|[from] item: Leftovers
|upkeep
|turn|16
|
|t:|1781294518
|switch|p2a: Raging Bolt|Raging Bolt|84/100
|-activate|p2a: Raging Bolt|ability: Protosynthesis
|-start|p2a: Raging Bolt|protosynthesisspa
|move|p1a: Dondozo|Liquidation|p2a: Raging Bolt
|-resisted|p2a: Raging Bolt
|-damage|p2a: Raging Bolt|77/100
|
|-weather|SunnyDay|[upkeep]
|-heal|p1a: Dondozo|75/100|[from] item: Leftovers
|upkeep
|turn|17
|
|t:|1781294523
|switch|p1a: Chansey|Chansey, F|74/100
|move|p2a: Raging Bolt|Thunderbolt|p1a: Chansey
|-damage|p1a: Chansey|51/100
|-damage|p2a: Raging Bolt|67/100|[from] item: Life Orb
|
|-weather|SunnyDay|[upkeep]
|upkeep
|turn|18
|
|t:|1781294530
|-end|p2a: Raging Bolt|Protosynthesis|[silent]
|switch|p2a: Ceruledge|Ceruledge, M, tera:Ghost|15/100
|move|p1a: Chansey|Soft-Boiled|p1a: Chansey
|-heal|p1a: Chansey|100/100
|
|-weather|SunnyDay|[upkeep]
|upkeep
|turn|19
|
|t:|1781294534
|switch|p1a: Dondozo|Dondozo, F|75/100
|move|p2a: Ceruledge|Poltergeist|p1a: Dondozo
|-activate|p1a: Dondozo|move: Poltergeist|Leftovers
|-damage|p1a: Dondozo|41/100
|
|-weather|SunnyDay|[upkeep]
|-heal|p1a: Dondozo|47/100|[from] item: Leftovers
|upkeep
|turn|20
|
|t:|1781294540
|switch|p2a: Great Tusk|Great Tusk|100/100
|-activate|p2a: Great Tusk|ability: Protosynthesis
|-start|p2a: Great Tusk|protosynthesisatk
|move|p1a: Dondozo|Rest|p1a: Dondozo
|-status|p1a: Dondozo|slp|[from] move: Rest
|-heal|p1a: Dondozo|100/100 slp|[silent]
|
|-weather|none
|-end|p2a: Great Tusk|Protosynthesis
|upkeep
|turn|21
|
|t:|1781294543
|switch|p1a: Kyurem|Kyurem|100/100
|-ability|p1a: Kyurem|Pressure
|move|p2a: Great Tusk|Stealth Rock|p1a: Kyurem
|-sidestart|p1: Lamperi0n|move: Stealth Rock
|
|upkeep
|turn|22
|
|t:|1781294549
|-end|p2a: Great Tusk|Protosynthesis|[silent]
|switch|p2a: Ninetales|Ninetales, M|100/100
|-weather|SunnyDay|[from] ability: Drought|[of] p2a: Ninetales
|move|p1a: Kyurem|Freeze-Dry|p2a: Ninetales
|-resisted|p2a: Ninetales
|-damage|p2a: Ninetales|78/100
|
|-weather|SunnyDay|[upkeep]
|upkeep
|turn|23
|
|t:|1781294557
|move|p2a: Ninetales|Overheat|p1a: Kyurem
|-damage|p1a: Kyurem|33/100
|-unboost|p2a: Ninetales|spa|2
|move|p1a: Kyurem|Substitute|p1a: Kyurem
|-start|p1a: Kyurem|Substitute
|-damage|p1a: Kyurem|8/100
|
|-weather|SunnyDay|[upkeep]
|-heal|p1a: Kyurem|15/100|[from] item: Leftovers
|upkeep
|turn|24
|
|t:|1781294561
|move|p1a: Kyurem|Protect|p1a: Kyurem
|-singleturn|p1a: Kyurem|Protect
|move|p2a: Ninetales|Encore|p1a: Kyurem
|-activate|p1a: Kyurem|move: Protect
|
|-weather|SunnyDay|[upkeep]
|-heal|p1a: Kyurem|21/100|[from] item: Leftovers
|upkeep
|turn|25
|
|t:|1781294575
|move|p2a: Ninetales|Encore|p1a: Kyurem
|-start|p1a: Kyurem|Encore
|move|p1a: Kyurem|Protect||[still]
|-fail|p1a: Kyurem
|
|-weather|SunnyDay|[upkeep]
|-heal|p1a: Kyurem|27/100|[from] item: Leftovers
|upkeep
|turn|26
|
|t:|1781294581
|switch|p2a: Ceruledge|Ceruledge, M, tera:Ghost|15/100
|move|p1a: Kyurem|Protect||[still]
|-fail|p1a: Kyurem
|
|-weather|SunnyDay|[upkeep]
|-heal|p1a: Kyurem|33/100|[from] item: Leftovers
|upkeep
|turn|27
|
|t:|1781294584
|move|p1a: Kyurem|Protect|p1a: Kyurem
|-singleturn|p1a: Kyurem|Protect
|move|p2a: Ceruledge|Bitter Blade|p1a: Kyurem
|-activate|p1a: Kyurem|move: Protect
|
|-weather|SunnyDay|[upkeep]
|-heal|p1a: Kyurem|39/100|[from] item: Leftovers
|-end|p1a: Kyurem|Encore
|upkeep
|turn|28
|
|t:|1781294589
|switch|p2a: Ninetales|Ninetales, M|78/100
|move|p1a: Kyurem|Earth Power|p2a: Ninetales
|-supereffective|p2a: Ninetales
|-damage|p2a: Ninetales|1/100
|-unboost|p2a: Ninetales|spd|1
|
|-weather|SunnyDay|[upkeep]
|-heal|p1a: Kyurem|46/100|[from] item: Leftovers
|upkeep
|turn|29
|
|t:|1781294594
|move|p1a: Kyurem|Protect|p1a: Kyurem
|-singleturn|p1a: Kyurem|Protect
|move|p2a: Ninetales|Healing Wish|p2a: Ninetales
|faint|p2a: Ninetales
|
|-weather|none
|-heal|p1a: Kyurem|52/100|[from] item: Leftovers
|upkeep
|
|t:|1781294602
|switch|p2a: Ceruledge|Ceruledge, M, tera:Ghost|15/100
|-heal|p2a: Ceruledge|100/100|[from] move: Healing Wish
|turn|30
|
|t:|1781294606
|move|p1a: Kyurem|Freeze-Dry|p2a: Ceruledge
|-damage|p2a: Ceruledge|57/100
|move|p2a: Ceruledge|Bitter Blade|p1a: Kyurem
|-end|p1a: Kyurem|Substitute
|-heal|p2a: Ceruledge|75/100|[from] drain|[of] p1a: Kyurem
|
|-heal|p1a: Kyurem|58/100|[from] item: Leftovers
|upkeep
|turn|31
|
|t:|1781294614
|move|p1a: Kyurem|Freeze-Dry|p2a: Ceruledge
|-damage|p2a: Ceruledge|30/100
|move|p2a: Ceruledge|Poltergeist|p1a: Kyurem
|-activate|p1a: Kyurem|move: Poltergeist|Leftovers
|-damage|p1a: Kyurem|0 fnt
|faint|p1a: Kyurem
|
|upkeep
|
|t:|1781294623
|switch|p1a: Mandibuzz|Mandibuzz, F|58/100
|turn|32
|
|t:|1781294629
|switch|p2a: Great Tusk|Great Tusk|100/100
|move|p1a: Mandibuzz|Foul Play|p2a: Great Tusk
|-resisted|p2a: Great Tusk
|-damage|p2a: Great Tusk|81/100
|
|upkeep
|turn|33
|
|t:|1781294638
|switch|p1a: Gholdengo|Gholdengo|100/100
|-damage|p1a: Gholdengo|94/100|[from] Stealth Rock
|-item|p1a: Gholdengo|Air Balloon
|move|p2a: Great Tusk|Stealth Rock||[still]
|-fail|p2a: Great Tusk
|
|upkeep
|turn|34
|
|t:|1781294647
|move|p2a: Great Tusk|Ice Spinner|p1a: Gholdengo
|-resisted|p1a: Gholdengo
|-damage|p1a: Gholdengo|81/100
|-enditem|p1a: Gholdengo|Air Balloon
|move|p1a: Gholdengo|Make It Rain|p2a: Great Tusk
|-crit|p2a: Great Tusk
|-damage|p2a: Great Tusk|0 fnt
|-unboost|p1a: Gholdengo|spa|1
|faint|p2a: Great Tusk
|-end|p2a: Great Tusk|Protosynthesis|[silent]
|
|upkeep
|
|t:|1781294653
|switch|p2a: Raging Bolt|Raging Bolt|67/100
|turn|35
|
|t:|1781294659
|switch|p1a: Chansey|Chansey, F|100/100
|-damage|p1a: Chansey|88/100|[from] Stealth Rock
|move|p2a: Raging Bolt|Dragon Pulse|p1a: Chansey
|-damage|p1a: Chansey|70/100
|-damage|p2a: Raging Bolt|57/100|[from] item: Life Orb
|
|upkeep
|turn|36
|
|t:|1781294668
|move|p2a: Raging Bolt|Dragon Pulse|p1a: Chansey
|-damage|p1a: Chansey|53/100
|-damage|p2a: Raging Bolt|47/100|[from] item: Life Orb
|move|p1a: Chansey|Seismic Toss|p2a: Raging Bolt
|-damage|p2a: Raging Bolt|24/100
|
|upkeep
|turn|37
|
|t:|1781294671
|-end|p2a: Raging Bolt|Protosynthesis|[silent]
|switch|p2a: Ceruledge|Ceruledge, M, tera:Ghost|30/100
|move|p1a: Chansey|Soft-Boiled|p1a: Chansey
|-heal|p1a: Chansey|100/100
|
|upkeep
|turn|38
|
|t:|1781294682
|move|p2a: Ceruledge|Bitter Blade|p1a: Chansey
|-damage|p1a: Chansey|65/100
|-heal|p2a: Ceruledge|69/100|[from] drain|[of] p1a: Chansey
|move|p1a: Chansey|Thunder Wave|p2a: Ceruledge
|-status|p2a: Ceruledge|par
|
|upkeep
|turn|39
|-message|Superhjkdetective forfeited.
|
|win|Lamperi0n
|raw|Lamperi0n's rating: 1499 &rarr; <strong>1526</strong><br />(+27 for winning)
|raw|Superhjkdetective's rating: 1627 &rarr; <strong>1600</strong><br />(-27 for losing)
|l|☆Superhjkdetective
|player|p2|
|l|☆Lamperi0n
|player|p1|
