|j|☆iamverykarpy
|j|☆Johnny tots
|t:|1781190258
|gametype|singles
|player|p1|iamverykarpy|colress|1717
|player|p2|Johnny tots|170|1801
|gen|9
|tier|[Gen 9] OU
|rated|
|rule|HP Percentage Mod: HP is shown in percentages
|rule|Endless Battle Clause: Forcing endless battles is banned
|rule|Species Clause: Limit one of each Pokémon
|rule|OHKO Clause: OHKO moves are banned
|rule|Evasion Items Clause: Evasion items are banned
|rule|Evasion Moves Clause: Evasion moves are banned
|rule|Evasion Abilities Clause: Evasion abilities are banned
|rule|Sleep Moves Clause: Sleep-inducing moves are banned
|clearpoke
|poke|p1|Cetitan, F|
|poke|p1|Slowking-Galar, M|
|poke|p1|Kyurem|
|poke|p1|Rillaboom, F|
|poke|p1|Alomomola, F|
|poke|p1|Great Tusk|
|poke|p2|Rillaboom, M|
|poke|p2|Klefki, M|
|poke|p2|Manaphy|
|poke|p2|Ogerpon-Wellspring, F|
|poke|p2|Dragapult, M|
|poke|p2|Clefable, M|
|teampreview
|inactive|Battle timer is ON: inactive players will automatically lose when time's up. (requested by iamverykarpy)
|j| ArcticJohn
|l| ArcticJohn
|
|t:|1781190279
|teamsize|p1|6
|teamsize|p2|6
|start
|switch|p1a: Slowking|Slowking-Galar, M, shiny|100/100
|switch|p2a: Klefki|Klefki, M|100/100
|turn|1
|
|t:|1781190283
|move|p2a: Klefki|Thunder Wave|p1a: Slowking
|-status|p1a: Slowking|par
|-prepare|p1a: Slowking|Chilly Reception|[premajor]
|cant|p1a: Slowking|par
|
|upkeep
|turn|2
|
|t:|1781190287
|move|p2a: Klefki|Light Screen|p2a: Klefki
|-sidestart|p2: Johnny tots|move: Light Screen
|-prepare|p1a: Slowking|Chilly Reception|[premajor]
|move|p1a: Slowking|Chilly Reception|p1a: Slowking
|-weather|Snowscape
|
|t:|1781190291
|switch|p1a: Great Tusk|Great Tusk|100/100|[from] Chilly Reception
|
|-weather|Snowscape|[upkeep]
|upkeep
|turn|3
|
|t:|1781190293
|move|p2a: Klefki|Reflect|p2a: Klefki
|-sidestart|p2: Johnny tots|Reflect
|move|p1a: Great Tusk|Knock Off|p2a: Klefki
|-resisted|p2a: Klefki
|-damage|p2a: Klefki|95/100
|-enditem|p2a: Klefki|Light Clay|[from] move: Knock Off|[of] p1a: Great Tusk
|
|-weather|Snowscape|[upkeep]
|upkeep
|turn|4
|
|t:|1781190296
|move|p2a: Klefki|Spikes|p1a: Great Tusk
|-sidestart|p1: iamverykarpy|Spikes
|move|p1a: Great Tusk|Headlong Rush|p2a: Klefki
|-supereffective|p2a: Klefki
|-damage|p2a: Klefki|44/100
|-unboost|p1a: Great Tusk|def|1
|-unboost|p1a: Great Tusk|spd|1
|
|-weather|Snowscape|[upkeep]
|upkeep
|turn|5
|
|t:|1781190299
|switch|p2a: Ogerpon|Ogerpon-Wellspring, F|100/100
|move|p1a: Great Tusk|Headlong Rush|p2a: Ogerpon
|-resisted|p2a: Ogerpon
|-damage|p2a: Ogerpon|80/100
|-unboost|p1a: Great Tusk|def|1
|-unboost|p1a: Great Tusk|spd|1
|
|-weather|Snowscape|[upkeep]
|upkeep
|turn|6
|
|t:|1781190303
|-end|p1a: Great Tusk|Protosynthesis|[silent]
|switch|p1a: Rillaboom|Rillaboom, F|100/100
|-damage|p1a: Rillaboom|88/100|[from] Spikes
|-fieldstart|move: Grassy Terrain|[from] ability: Grassy Surge|[of] p1a: Rillaboom
|move|p2a: Ogerpon|Swords Dance|p2a: Ogerpon
|-boost|p2a: Ogerpon|atk|2
|
|-weather|none
|-heal|p2a: Ogerpon|86/100|[from] Grassy Terrain
|-heal|p1a: Rillaboom|94/100|[from] Grassy Terrain
|upkeep
|turn|7
|
|t:|1781190307
|move|p2a: Ogerpon|Power Whip|p1a: Rillaboom
|-resisted|p1a: Rillaboom
|-damage|p1a: Rillaboom|0 fnt
|faint|p1a: Rillaboom
|
|-heal|p2a: Ogerpon|92/100|[from] Grassy Terrain
|upkeep
|
|t:|1781190321
|switch|p1a: Kyurem|Kyurem, shiny|100/100
|-damage|p1a: Kyurem|88/100|[from] Spikes
|-ability|p1a: Kyurem|Pressure
|turn|8
|
|t:|1781190323
|move|p2a: Ogerpon|Power Whip|p1a: Kyurem
|-resisted|p1a: Kyurem
|-damage|p1a: Kyurem|8/100
|move|p1a: Kyurem|Freeze-Dry|p2a: Ogerpon
|-supereffective|p2a: Ogerpon
|-damage|p2a: Ogerpon|0 fnt
|faint|p2a: Ogerpon
|
|-heal|p1a: Kyurem|14/100|[from] Grassy Terrain
|upkeep
|
|t:|1781190342
|switch|p2a: Rillaboom|Rillaboom, M|100/100
|turn|9
|
|t:|1781190345
|switch|p1a: Slowking|Slowking-Galar, M, shiny|100/100 par
|-damage|p1a: Slowking|88/100 par|[from] Spikes
|move|p2a: Rillaboom|Grassy Glide|p1a: Slowking
|-resisted|p1a: Slowking
|-damage|p1a: Slowking|65/100 par
|
|-heal|p1a: Slowking|72/100 par|[from] Grassy Terrain
|-sideend|p2: Johnny tots|move: Light Screen
|upkeep
|turn|10
|
|t:|1781190348
|move|p2a: Rillaboom|High Horsepower|p1a: Slowking
|-supereffective|p1a: Slowking
|-damage|p1a: Slowking|2/100 par
|move|p1a: Slowking|Sludge Bomb|p2a: Rillaboom
|-supereffective|p2a: Rillaboom
|-crit|p2a: Rillaboom
|-damage|p2a: Rillaboom|0 fnt
|faint|p2a: Rillaboom
|
|-heal|p1a: Slowking|8/100 par|[from] Grassy Terrain
|-sideend|p2: Johnny tots|Reflect
|-fieldend|move: Grassy Terrain
|upkeep
|j| kanaete onegai
|
|t:|1781190355
|switch|p2a: Klefki|Klefki, M|44/100
|turn|11
|
|t:|1781190362
|switch|p1a: Great Tusk|Great Tusk|100/100
|-damage|p1a: Great Tusk|88/100|[from] Spikes
|move|p2a: Klefki|Reflect|p2a: Klefki
|-sidestart|p2: Johnny tots|Reflect
|
|-heal|p1a: Great Tusk|94/100|[from] item: Leftovers
|upkeep
|turn|12
|
|t:|1781190365
|switch|p2a: Clefable|Clefable, M|100/100
|move|p1a: Great Tusk|Rapid Spin|p2a: Clefable
|-damage|p2a: Clefable|93/100
|-boost|p1a: Great Tusk|spe|1
|-sideend|p1: iamverykarpy|Spikes|[from] move: Rapid Spin|[of] p1a: Great Tusk
|
|-heal|p1a: Great Tusk|99/100|[from] item: Leftovers
|-heal|p2a: Clefable|99/100|[from] item: Leftovers
|upkeep
|turn|13
|
|t:|1781190369
|move|p1a: Great Tusk|Stealth Rock|p2a: Clefable
|-sidestart|p2: Johnny tots|move: Stealth Rock
|move|p2a: Clefable|Calm Mind|p2a: Clefable
|-boost|p2a: Clefable|spa|1
|-boost|p2a: Clefable|spd|1
|
|-heal|p1a: Great Tusk|100/100|[from] item: Leftovers
|-heal|p2a: Clefable|100/100|[from] item: Leftovers
|upkeep
|turn|14
|
|t:|1781190375
|-end|p1a: Great Tusk|Protosynthesis|[silent]
|switch|p1a: Slowking|Slowking-Galar, M, shiny|41/100 par
|move|p2a: Clefable|Moonblast|p1a: Slowking
|-resisted|p1a: Slowking
|-damage|p1a: Slowking|23/100 par
|
|upkeep
|turn|15
|
|t:|1781190379
|move|p2a: Clefable|Psyshock|p1a: Slowking
|-damage|p1a: Slowking|0 fnt
|faint|p1a: Slowking
|
|-sideend|p2: Johnny tots|Reflect
|upkeep
|
|t:|1781190381
|switch|p1a: Cetitan|Cetitan, F, shiny|100/100
|turn|16
|
|t:|1781190384
|move|p1a: Cetitan|Belly Drum|p1a: Cetitan
|-damage|p1a: Cetitan|50/100
|-setboost|p1a: Cetitan|atk|6|[from] move: Belly Drum
|-enditem|p1a: Cetitan|Sitrus Berry|[eat]
|-heal|p1a: Cetitan|75/100|[from] item: Sitrus Berry
|move|p2a: Clefable|Fire Blast|p1a: Cetitan
|-supereffective|p1a: Cetitan
|-damage|p1a: Cetitan|0 fnt
|faint|p1a: Cetitan
|
|upkeep
|
|t:|1781190388
|switch|p1a: Great Tusk|Great Tusk|100/100
|turn|17
|
|t:|1781190413
|switch|p2a: Manaphy|Manaphy|100/100
|-damage|p2a: Manaphy|88/100|[from] Stealth Rock
|-terastallize|p1a: Great Tusk|Steel
|move|p1a: Great Tusk|Headlong Rush|p2a: Manaphy
|-damage|p2a: Manaphy|33/100
|-unboost|p1a: Great Tusk|def|1
|-unboost|p1a: Great Tusk|spd|1
|
|-heal|p2a: Manaphy|39/100|[from] item: Leftovers
|upkeep
|turn|18
|
|t:|1781190420
|move|p1a: Great Tusk|Headlong Rush|p2a: Manaphy
|-damage|p2a: Manaphy|0 fnt
|-unboost|p1a: Great Tusk|def|1
|-unboost|p1a: Great Tusk|spd|1
|faint|p2a: Manaphy
|
|upkeep
|
|t:|1781190421
|switch|p2a: Klefki|Klefki, M|44/100
|-damage|p2a: Klefki|38/100|[from] Stealth Rock
|turn|19
|
|t:|1781190424
|move|p2a: Klefki|Reflect|p2a: Klefki
|-sidestart|p2: Johnny tots|Reflect
|move|p1a: Great Tusk|Headlong Rush|p2a: Klefki
|-supereffective|p2a: Klefki
|-damage|p2a: Klefki|0 fnt
|-unboost|p1a: Great Tusk|def|1
|-unboost|p1a: Great Tusk|spd|1
|faint|p2a: Klefki
|
|upkeep
|
|t:|1781190435
|switch|p2a: Cutmylifein2|Dragapult, M|100/100
|-damage|p2a: Cutmylifein2|88/100|[from] Stealth Rock
|turn|20
|
|t:|1781190438
|-end|p1a: Great Tusk|Protosynthesis|[silent]
|switch|p1a: Alomomola|Alomomola, F|100/100
|move|p2a: Cutmylifein2|Dragon Dance|p2a: Cutmylifein2
|-boost|p2a: Cutmylifein2|atk|1
|-boost|p2a: Cutmylifein2|spe|1
|
|-heal|p2a: Cutmylifein2|94/100|[from] item: Leftovers
|upkeep
|turn|21
|
|t:|1781190440
|move|p2a: Cutmylifein2|Substitute|p2a: Cutmylifein2
|-start|p2a: Cutmylifein2|Substitute
|-damage|p2a: Cutmylifein2|69/100
|move|p1a: Alomomola|Wish|p1a: Alomomola
|
|-heal|p2a: Cutmylifein2|76/100|[from] item: Leftovers
|upkeep
|turn|22
|
|t:|1781190443
|move|p2a: Cutmylifein2|Dragon Dance|p2a: Cutmylifein2
|-boost|p2a: Cutmylifein2|atk|1
|-boost|p2a: Cutmylifein2|spe|1
|move|p1a: Alomomola|Icy Wind|p2a: Cutmylifein2
|-supereffective|p2a: Cutmylifein2
|-activate|p2a: Cutmylifein2|move: Substitute|[damage]
|
|-heal|p2a: Cutmylifein2|82/100|[from] item: Leftovers
|upkeep
|turn|23
|
|t:|1781190452
|move|p2a: Cutmylifein2|Dragon Dance|p2a: Cutmylifein2
|-boost|p2a: Cutmylifein2|atk|1
|-boost|p2a: Cutmylifein2|spe|1
|move|p1a: Alomomola|Icy Wind|p2a: Cutmylifein2
|-supereffective|p2a: Cutmylifein2
|-end|p2a: Cutmylifein2|Substitute
|
|-heal|p2a: Cutmylifein2|88/100|[from] item: Leftovers
|-sideend|p2: Johnny tots|Reflect
|upkeep
|turn|24
|
|t:|1781190455
|move|p2a: Cutmylifein2|Substitute|p2a: Cutmylifein2
|-start|p2a: Cutmylifein2|Substitute
|-damage|p2a: Cutmylifein2|63/100
|move|p1a: Alomomola|Icy Wind|p2a: Cutmylifein2
|-supereffective|p2a: Cutmylifein2
|-activate|p2a: Cutmylifein2|move: Substitute|[damage]
|
|-heal|p2a: Cutmylifein2|69/100|[from] item: Leftovers
|upkeep
|turn|25
|
|t:|1781190458
|move|p2a: Cutmylifein2|Dragon Dance|p2a: Cutmylifein2
|-boost|p2a: Cutmylifein2|atk|1
|-boost|p2a: Cutmylifein2|spe|1
|move|p1a: Alomomola|Flip Turn|p2a: Cutmylifein2
|-resisted|p2a: Cutmylifein2
|-end|p2a: Cutmylifein2|Substitute
|
|t:|1781190460
|switch|p1a: Great Tusk|Great Tusk, tera:Steel|100/100|[from] Flip Turn
|
|-heal|p2a: Cutmylifein2|75/100|[from] item: Leftovers
|upkeep
|turn|26
|
|t:|1781190473
|-terastallize|p2a: Cutmylifein2|Normal
|move|p2a: Cutmylifein2|Last Resort||[still]
|-fail|p2a: Cutmylifein2
|move|p1a: Great Tusk|Knock Off|p2a: Cutmylifein2
|-damage|p2a: Cutmylifein2|36/100
|-enditem|p2a: Cutmylifein2|Leftovers|[from] move: Knock Off|[of] p1a: Great Tusk
|
|upkeep
|turn|27
|c|☆iamverykarpy|HUHH
|c|☆Johnny tots|wtf
|c|☆Johnny tots|I didn’t click that
|c|☆iamverykarpy|insane tech
|c|☆iamverykarpy|why do you even have that
|inactive|Johnny tots has 120 seconds left.
|
|t:|1781190510
|move|p2a: Cutmylifein2|Dragon Darts|p1a: Great Tusk
|-resisted|p1a: Great Tusk
|-damage|p1a: Great Tusk|75/100
|-anim|p2a: Cutmylifein2|Dragon Darts|p1a: Great Tusk
|-resisted|p1a: Great Tusk
|-damage|p1a: Great Tusk|47/100
|move|p1a: Great Tusk|Headlong Rush|p2a: Cutmylifein2
|-damage|p2a: Cutmylifein2|0 fnt
|-unboost|p1a: Great Tusk|def|1
|-unboost|p1a: Great Tusk|spd|1
|faint|p2a: Cutmylifein2
|
|-heal|p1a: Great Tusk|53/100|[from] item: Leftovers
|upkeep
|
|t:|1781190515
|switch|p2a: Clefable|Clefable, M|100/100
|turn|28
|c|☆iamverykarpy|well
|
|t:|1781190521
|move|p1a: Great Tusk|Headlong Rush|p2a: Clefable
|-damage|p2a: Clefable|47/100
|-unboost|p1a: Great Tusk|def|1
|-unboost|p1a: Great Tusk|spd|1
|move|p2a: Clefable|Moonblast|p1a: Great Tusk
|-resisted|p1a: Great Tusk
|-damage|p1a: Great Tusk|0 fnt
|faint|p1a: Great Tusk
|-end|p1a: Great Tusk|Protosynthesis|[silent]
|
|-heal|p2a: Clefable|53/100|[from] item: Leftovers
|upkeep
|c|☆iamverykarpy|very uh interesting
|
|t:|1781190527
|switch|p1a: Kyurem|Kyurem, shiny|14/100
|-ability|p1a: Kyurem|Pressure
|turn|29
|
|t:|1781190529
|move|p1a: Kyurem|Ice Beam|p2a: Clefable
|-damage|p2a: Clefable|0 fnt
|faint|p2a: Clefable
|
|win|iamverykarpy
|raw|iamverykarpy's rating: 1717 &rarr; <strong>1742</strong><br />(+25 for winning)
|raw|Johnny tots's rating: 1801 &rarr; <strong>1776</strong><br />(-25 for losing)
|c|☆Johnny tots|Gg
|c|☆iamverykarpy|gg
|l|☆Johnny tots
|player|p2|
|l|☆iamverykarpy
|player|p1|
