|j|☆Rextrox
|j|☆Sushigengu
|t:|1781075597
|gametype|singles
|player|p1|Rextrox|birdkeeper-gen4dp|1556
|player|p2|Sushigengu|unknown|1563
|gen|9
|tier|[Gen 9] OU
|rated|
|rule|HP Percentage Mod: HP is shown in percentages
|rule|Endless Battle Clause: Forcing endless battles is banned
|rule|Species Clause: Limit one of each Pokémon
|rule|OHKO Clause: OHKO moves are banned
|rule|Evasion Items Clause: Evasion items are banned
|rule|Evasion Moves Clause: Evasion moves are banned
|rule|Evasion Abilities Clause: Evasion abilities are banned
|rule|Sleep Moves Clause: Sleep-inducing moves are banned
|clearpoke
|poke|p1|Eelektross, F|
|poke|p1|Deoxys-Speed|
|poke|p1|Iron Valiant|
|poke|p1|Pecharunt|
|poke|p1|Dragonite, M|
|poke|p1|Kingambit, M|
|poke|p2|Kyurem|
|poke|p2|Slowking-Galar, F|
|poke|p2|Great Tusk|
|poke|p2|Cinderace, F|
|poke|p2|Tornadus-Therian, M|
|poke|p2|Corviknight, M|
|teampreview
|inactive|Battle timer is ON: inactive players will automatically lose when time's up. (requested by Sushigengu)
|j| just-jaype
|
|t:|1781075624
|teamsize|p1|6
|teamsize|p2|6
|start
|switch|p1a: Deoxys|Deoxys-Speed|100/100
|switch|p2a: Tornadus|Tornadus-Therian, M|100/100
|-ability|p1a: Deoxys|Pressure
|turn|1
|
|t:|1781075633
|move|p1a: Deoxys|Light Screen|p1a: Deoxys
|-sidestart|p1: Rextrox|move: Light Screen
|move|p2a: Tornadus|Knock Off|p1a: Deoxys
|-supereffective|p1a: Deoxys
|-crit|p1a: Deoxys
|-damage|p1a: Deoxys|28/100
|-enditem|p1a: Deoxys|Light Clay|[from] move: Knock Off|[of] p2a: Tornadus
|
|upkeep
|turn|2
|
|t:|1781075640
|move|p1a: Deoxys|Stealth Rock|p2a: Tornadus
|-sidestart|p2: Sushigengu|move: Stealth Rock
|move|p2a: Tornadus|U-turn|p1a: Deoxys
|-supereffective|p1a: Deoxys
|-damage|p1a: Deoxys|0 fnt
|faint|p1a: Deoxys
|
|t:|1781075645
|switch|p2a: Cinderace|Cinderace, F|100/100|[from] U-turn
|
|upkeep
|l| just-jaype
|
|t:|1781075663
|switch|p1a: GG's|Eelektross, F|100/100
|turn|3
|
|t:|1781075671
|move|p2a: Cinderace|Court Change|p2a: Cinderace
|-swapsideconditions
|-activate|p2a: Cinderace|move: Court Change
|move|p1a: GG's|Coil|p1a: GG's
|-boost|p1a: GG's|atk|1
|-boost|p1a: GG's|def|1
|-boost|p1a: GG's|accuracy|1
|
|upkeep
|turn|4
|
|t:|1781075677
|move|p2a: Cinderace|Will-O-Wisp|p1a: GG's
|-status|p1a: GG's|brn
|move|p1a: GG's|Coil|p1a: GG's
|-boost|p1a: GG's|atk|1
|-boost|p1a: GG's|def|1
|-boost|p1a: GG's|accuracy|1
|
|-damage|p1a: GG's|94/100 brn|[from] brn
|upkeep
|turn|5
|
|t:|1781075689
|move|p2a: Cinderace|U-turn|p1a: GG's
|-damage|p1a: GG's|83/100 brn
|
|t:|1781075691
|switch|p2a: Slowking|Slowking-Galar, F|100/100|[from] U-turn
|move|p1a: GG's|Coil|p1a: GG's
|-boost|p1a: GG's|atk|1
|-boost|p1a: GG's|def|1
|-boost|p1a: GG's|accuracy|1
|
|-heal|p1a: GG's|90/100 brn|[from] item: Leftovers
|-damage|p1a: GG's|83/100 brn|[from] brn
|upkeep
|turn|6
|
|t:|1781075704
|move|p1a: GG's|Supercell Slam|p2a: Slowking
|-damage|p2a: Slowking|68/100
|move|p2a: Slowking|Future Sight|p1a: GG's
|-start|p2a: Slowking|move: Future Sight
|
|-heal|p1a: GG's|90/100 brn|[from] item: Leftovers
|-damage|p1a: GG's|83/100 brn|[from] brn
|upkeep
|turn|7
|
|t:|1781075712
|move|p1a: GG's|Coil|p1a: GG's
|-boost|p1a: GG's|atk|1
|-boost|p1a: GG's|def|1
|-boost|p1a: GG's|accuracy|1
|move|p2a: Slowking|Sludge Bomb|p1a: GG's
|-damage|p1a: GG's|58/100 brn
|
|-heal|p1a: GG's|64/100 brn|[from] item: Leftovers
|-damage|p1a: GG's|58/100 brn|[from] brn
|upkeep
|turn|8
|
|t:|1781075716
|move|p1a: GG's|Supercell Slam|p2a: Slowking
|-damage|p2a: Slowking|25/100
|-prepare|p2a: Slowking|Chilly Reception|[premajor]
|move|p2a: Slowking|Chilly Reception|p2a: Slowking
|-weather|Snowscape
|
|t:|1781075723
|switch|p2a: Kyurem|Kyurem|100/100|[from] Chilly Reception
|-ability|p2a: Kyurem|Pressure
|
|-weather|Snowscape|[upkeep]
|-end|p1a: GG's|move: Future Sight
|-damage|p1a: GG's|24/100 brn
|-heal|p1a: GG's|30/100 brn|[from] item: Leftovers
|-damage|p1a: GG's|24/100 brn|[from] brn
|-sideend|p2: Sushigengu|move: Light Screen
|upkeep
|turn|9
|
|t:|1781075732
|move|p2a: Kyurem|Ice Beam|p1a: GG's
|-damage|p1a: GG's|0 fnt
|faint|p1a: GG's
|
|-weather|Snowscape|[upkeep]
|upkeep
|
|t:|1781075738
|switch|p1a: Iron Valiant|Iron Valiant|100/100
|-damage|p1a: Iron Valiant|94/100|[from] Stealth Rock
|-enditem|p1a: Iron Valiant|Booster Energy
|-activate|p1a: Iron Valiant|ability: Quark Drive|[fromitem]
|-start|p1a: Iron Valiant|quarkdrivespe
|turn|10
|
|t:|1781075749
|switch|p2a: Corviknight|Corviknight, M|100/100
|-ability|p2a: Corviknight|Pressure
|move|p1a: Iron Valiant|Calm Mind|p1a: Iron Valiant
|-boost|p1a: Iron Valiant|spa|1
|-boost|p1a: Iron Valiant|spd|1
|
|-weather|Snowscape|[upkeep]
|upkeep
|turn|11
|
|t:|1781075769
|switch|p2a: Slowking|Slowking-Galar, F|58/100
|-terastallize|p1a: Iron Valiant|Ghost
|move|p1a: Iron Valiant|Shadow Ball|p2a: Slowking
|-supereffective|p2a: Slowking
|-damage|p2a: Slowking|0 fnt
|faint|p2a: Slowking
|
|-weather|Snowscape|[upkeep]
|upkeep
|
|t:|1781075777
|switch|p2a: Tornadus|Tornadus-Therian, M|100/100
|turn|12
|
|t:|1781075793
|move|p1a: Iron Valiant|Calm Mind|p1a: Iron Valiant
|-boost|p1a: Iron Valiant|spa|1
|-boost|p1a: Iron Valiant|spd|1
|move|p2a: Tornadus|Bleakwind Storm|p1a: Iron Valiant
|-damage|p1a: Iron Valiant|62/100
|
|-weather|none
|upkeep
|turn|13
|
|t:|1781075802
|move|p1a: Iron Valiant|Calm Mind|p1a: Iron Valiant
|-boost|p1a: Iron Valiant|spa|1
|-boost|p1a: Iron Valiant|spd|1
|move|p2a: Tornadus|Bleakwind Storm|p1a: Iron Valiant
|-damage|p1a: Iron Valiant|37/100
|
|upkeep
|turn|14
|
|t:|1781075808
|move|p1a: Iron Valiant|Moonblast|p2a: Tornadus
|-damage|p2a: Tornadus|19/100
|move|p2a: Tornadus|Knock Off|p1a: Iron Valiant
|-supereffective|p1a: Iron Valiant
|-damage|p1a: Iron Valiant|1/100
|
|upkeep
|turn|15
|
|t:|1781075819
|move|p1a: Iron Valiant|Moonblast|p2a: Tornadus
|-damage|p2a: Tornadus|0 fnt
|faint|p2a: Tornadus
|
|upkeep
|
|t:|1781075821
|switch|p2a: Corviknight|Corviknight, M|100/100
|-ability|p2a: Corviknight|Pressure
|turn|16
|
|t:|1781075823
|move|p1a: Iron Valiant|Shadow Ball|p2a: Corviknight
|-damage|p2a: Corviknight|28/100
|move|p2a: Corviknight|Body Press|p1a: Iron Valiant
|-immune|p1a: Iron Valiant
|
|-heal|p2a: Corviknight|34/100|[from] item: Leftovers
|upkeep
|turn|17
|
|t:|1781075828
|move|p1a: Iron Valiant|Shadow Ball|p2a: Corviknight
|-damage|p2a: Corviknight|0 fnt
|faint|p2a: Corviknight
|
|upkeep
|c|☆Sushigengu|wow
|c|☆Rextrox|bruh
|c|☆Sushigengu|im idiot
|
|t:|1781075842
|switch|p2a: Kyurem|Kyurem|100/100
|-ability|p2a: Kyurem|Pressure
|turn|18
|
|t:|1781075848
|-terastallize|p2a: Kyurem|Ice
|move|p1a: Iron Valiant|Moonblast|p2a: Kyurem
|-damage|p2a: Kyurem|0 fnt
|faint|p2a: Kyurem
|
|upkeep
|-message|Sushigengu forfeited.
|
|win|Rextrox
|raw|Rextrox's rating: 1556 &rarr; <strong>1576</strong><br />(+20 for winning)
|raw|Sushigengu's rating: 1563 &rarr; <strong>1543</strong><br />(-20 for losing)
|l|☆Sushigengu
|player|p2|
|l|☆Rextrox
|player|p1|
