|j|☆Xoli
|j|☆Tunder♚boltz
|t:|1781472438
|gametype|singles
|player|p1|Xoli|veteran|1613
|player|p2|Tunder♚boltz|archer|1602
|gen|9
|tier|[Gen 9] OU
|rated|
|rule|HP Percentage Mod: HP is shown in percentages
|rule|Endless Battle Clause: Forcing endless battles is banned
|rule|Species Clause: Limit one of each Pokémon
|rule|OHKO Clause: OHKO moves are banned
|rule|Evasion Items Clause: Evasion items are banned
|rule|Evasion Moves Clause: Evasion moves are banned
|rule|Evasion Abilities Clause: Evasion abilities are banned
|rule|Sleep Moves Clause: Sleep-inducing moves are banned
|clearpoke
|poke|p1|Raging Bolt|
|poke|p1|Great Tusk|
|poke|p1|Slither Wing|
|poke|p1|Walking Wake|
|poke|p1|Torkoal, F|
|poke|p1|Hatterene, F|
|poke|p2|Haxorus, M|
|poke|p2|Hatterene, F|
|poke|p2|Ceruledge, F|
|poke|p2|Samurott-Hisui, M|
|poke|p2|Garchomp, M|
|poke|p2|Iron Moth|
|teampreview
|inactive|Battle timer is ON: inactive players will automatically lose when time's up. (requested by Tunder♚boltz)
|
|t:|1781472449
|teamsize|p1|6
|teamsize|p2|6
|start
|switch|p1a: Torkoal|Torkoal, F|100/100
|switch|p2a: Raiden|Haxorus, M, shiny|100/100
|-ability|p2a: Raiden|Mold Breaker
|-weather|SunnyDay|[from] ability: Drought|[of] p1a: Torkoal
|turn|1
|
|t:|1781472463
|switch|p1a: Great Tusk|Great Tusk|100/100
|-activate|p1a: Great Tusk|ability: Protosynthesis
|-start|p1a: Great Tusk|protosynthesisspe
|move|p2a: Raiden|Dragon Dance|p2a: Raiden
|-boost|p2a: Raiden|atk|1
|-boost|p2a: Raiden|spe|1
|
|-weather|SunnyDay|[upkeep]
|upkeep
|turn|2
|
|t:|1781472479
|move|p2a: Raiden|Outrage|p1a: Great Tusk
|-damage|p1a: Great Tusk|36/100
|move|p1a: Great Tusk|Ice Spinner|p2a: Raiden
|-supereffective|p2a: Raiden
|-damage|p2a: Raiden|40/100
|
|-weather|SunnyDay|[upkeep]
|upkeep
|turn|3
|
|t:|1781472489
|move|p2a: Raiden|Outrage|p1a: Great Tusk|[from] lockedmove
|-damage|p1a: Great Tusk|0 fnt
|faint|p1a: Great Tusk
|-end|p1a: Great Tusk|Protosynthesis|[silent]
|
|-weather|SunnyDay|[upkeep]
|upkeep
|
|t:|1781472495
|switch|p1a: Hatterene|Hatterene, F|100/100
|turn|4
|
|t:|1781472498
|move|p2a: Raiden|Outrage|p1a: Hatterene|[from] lockedmove
|-immune|p1a: Hatterene
|-start|p2a: Raiden|confusion|[fatigue]
|-enditem|p2a: Raiden|Lum Berry|[eat]
|-end|p2a: Raiden|confusion
|move|p1a: Hatterene|Dazzling Gleam|p2a: Raiden
|-supereffective|p2a: Raiden
|-damage|p2a: Raiden|0 fnt
|faint|p2a: Raiden
|
|-weather|SunnyDay|[upkeep]
|upkeep
|
|t:|1781472505
|switch|p2a: Kyrie|Ceruledge, F|100/100
|turn|5
|
|t:|1781472513
|move|p2a: Kyrie|Poltergeist|p1a: Hatterene
|-activate|p1a: Hatterene|move: Poltergeist|Eject Button
|-supereffective|p1a: Hatterene
|-damage|p1a: Hatterene|2/100
|-enditem|p1a: Hatterene|Eject Button
|
|t:|1781472517
|switch|p1a: Walking Wake|Walking Wake|100/100
|-activate|p1a: Walking Wake|ability: Protosynthesis
|-start|p1a: Walking Wake|protosynthesisspe
|
|-weather|SunnyDay|[upkeep]
|upkeep
|turn|6
|
|t:|1781472524
|move|p1a: Walking Wake|Hydro Steam|p2a: Kyrie
|-supereffective|p2a: Kyrie
|-enditem|p2a: Kyrie|Focus Sash
|-damage|p2a: Kyrie|1/100
|move|p2a: Kyrie|Poltergeist|p1a: Walking Wake|[miss]
|-miss|p2a: Kyrie|p1a: Walking Wake
|
|-weather|SunnyDay|[upkeep]
|upkeep
|turn|7
|
|t:|1781472527
|move|p2a: Kyrie|Shadow Sneak|p1a: Walking Wake
|-crit|p1a: Walking Wake
|-damage|p1a: Walking Wake|65/100
|move|p1a: Walking Wake|Dragon Pulse|p2a: Kyrie
|-damage|p2a: Kyrie|0 fnt
|faint|p2a: Kyrie
|
|-weather|SunnyDay|[upkeep]
|upkeep
|c|☆Tunder♚boltz|peak
|
|t:|1781472534
|switch|p2a: Nero|Samurott-Hisui, M|100/100
|turn|8
|
|t:|1781472543
|-end|p1a: Walking Wake|Protosynthesis|[silent]
|switch|p1a: Slither Wing|Slither Wing|100/100
|-activate|p1a: Slither Wing|ability: Protosynthesis
|-start|p1a: Slither Wing|protosynthesisatk
|move|p2a: Nero|Ceaseless Edge|p1a: Slither Wing
|-resisted|p1a: Slither Wing
|-damage|p1a: Slither Wing|64/100
|-sidestart|p1: Xoli|Spikes
|
|-weather|none
|-end|p1a: Slither Wing|Protosynthesis
|upkeep
|turn|9
|
|t:|1781472551
|switch|p2a: Vergil|Garchomp, M|100/100
|move|p1a: Slither Wing|U-turn|p2a: Vergil
|-damage|p2a: Vergil|48/100
|-damage|p1a: Slither Wing|52/100|[from] ability: Rough Skin|[of] p2a: Vergil
|-damage|p1a: Slither Wing|36/100|[from] item: Rocky Helmet|[of] p2a: Vergil
|
|t:|1781472554
|-end|p1a: Slither Wing|Protosynthesis|[silent]
|switch|p1a: Torkoal|Torkoal, F|100/100|[from] U-turn
|-damage|p1a: Torkoal|88/100|[from] Spikes
|-weather|SunnyDay|[from] ability: Drought|[of] p1a: Torkoal
|
|-weather|SunnyDay|[upkeep]
|upkeep
|turn|10
|
|t:|1781472557
|switch|p1a: Hatterene|Hatterene, F|2/100
|-damage|p1a: Hatterene|0 fnt|[from] Spikes
|faint|p1a: Hatterene
|move|p2a: Vergil|Earthquake|p1: Hatterene|[notarget]
|-fail|p2a: Vergil
|
|-weather|SunnyDay|[upkeep]
|upkeep
|
|t:|1781472560
|switch|p1a: Walking Wake|Walking Wake|65/100
|-damage|p1a: Walking Wake|52/100|[from] Spikes
|-activate|p1a: Walking Wake|ability: Protosynthesis
|-start|p1a: Walking Wake|protosynthesisspe
|turn|11
|
|t:|1781472566
|move|p1a: Walking Wake|Dragon Pulse|p2a: Vergil
|-supereffective|p2a: Vergil
|-damage|p2a: Vergil|0 fnt
|faint|p2a: Vergil
|
|-weather|SunnyDay|[upkeep]
|upkeep
|
|t:|1781472567
|switch|p2a: Teresa|Hatterene, F|100/100
|turn|12
|
|t:|1781472570
|move|p1a: Walking Wake|Hydro Steam|p2a: Teresa
|-damage|p2a: Teresa|41/100
|move|p2a: Teresa|Draining Kiss|p1a: Walking Wake
|-supereffective|p1a: Walking Wake
|-damage|p1a: Walking Wake|20/100
|-heal|p2a: Teresa|67/100|[from] drain|[of] p1a: Walking Wake
|
|-weather|SunnyDay|[upkeep]
|-heal|p2a: Teresa|73/100|[from] item: Leftovers
|upkeep
|turn|13
|
|t:|1781472583
|move|p1a: Walking Wake|Hydro Steam|p2a: Teresa
|-damage|p2a: Teresa|9/100
|move|p2a: Teresa|Draining Kiss|p1a: Walking Wake
|-supereffective|p1a: Walking Wake
|-damage|p1a: Walking Wake|0 fnt
|-heal|p2a: Teresa|25/100|[from] drain|[of] p1a: Walking Wake
|faint|p1a: Walking Wake
|-end|p1a: Walking Wake|Protosynthesis|[silent]
|
|-weather|SunnyDay|[upkeep]
|-heal|p2a: Teresa|31/100|[from] item: Leftovers
|upkeep
|
|t:|1781472586
|switch|p1a: Raging Bolt|Raging Bolt|100/100
|-damage|p1a: Raging Bolt|88/100|[from] Spikes
|-activate|p1a: Raging Bolt|ability: Protosynthesis
|-start|p1a: Raging Bolt|protosynthesisspa
|turn|14
|
|t:|1781472595
|move|p1a: Raging Bolt|Weather Ball|p2a: Teresa
|-damage|p2a: Teresa|0 fnt
|faint|p2a: Teresa
|
|-weather|SunnyDay|[upkeep]
|upkeep
|
|t:|1781472597
|switch|p2a: Nero|Samurott-Hisui, M|100/100
|turn|15
|
|t:|1781472602
|move|p2a: Nero|Sucker Punch|p1a: Raging Bolt
|-damage|p1a: Raging Bolt|48/100
|move|p1a: Raging Bolt|Weather Ball|p2a: Nero
|-resisted|p2a: Nero
|-damage|p2a: Nero|16/100
|
|-weather|SunnyDay|[upkeep]
|upkeep
|turn|16
|c|☆Tunder♚boltz|what??
|
|t:|1781472610
|move|p2a: Nero|Sucker Punch|p1a: Raging Bolt
|-damage|p1a: Raging Bolt|11/100
|move|p1a: Raging Bolt|Weather Ball|p2a: Nero
|-resisted|p2a: Nero
|-damage|p2a: Nero|0 fnt
|faint|p2a: Nero
|
|-weather|none
|-end|p1a: Raging Bolt|Protosynthesis
|upkeep
|
|t:|1781472612
|switch|p2a: MOTH.er|Iron Moth|100/100
|-enditem|p2a: MOTH.er|Booster Energy
|-activate|p2a: MOTH.er|ability: Quark Drive|[fromitem]
|-start|p2a: MOTH.er|quarkdrivespe
|turn|17
|
|t:|1781472616
|-end|p1a: Raging Bolt|Protosynthesis|[silent]
|switch|p1a: Slither Wing|Slither Wing|36/100
|-damage|p1a: Slither Wing|24/100|[from] Spikes
|move|p2a: MOTH.er|Substitute|p2a: MOTH.er
|-start|p2a: MOTH.er|Substitute
|-damage|p2a: MOTH.er|76/100
|
|upkeep
|turn|18
|
|t:|1781472620
|move|p1a: Slither Wing|First Impression|p2a: MOTH.er
|-resisted|p2a: MOTH.er
|-end|p2a: MOTH.er|Substitute
|move|p2a: MOTH.er|Fiery Dance|p1a: Slither Wing
|-supereffective|p1a: Slither Wing
|-damage|p1a: Slither Wing|0 fnt
|faint|p1a: Slither Wing
|-end|p1a: Slither Wing|Protosynthesis|[silent]
|
|upkeep
|
|t:|1781472622
|switch|p1a: Torkoal|Torkoal, F|88/100
|-damage|p1a: Torkoal|76/100|[from] Spikes
|-weather|SunnyDay|[from] ability: Drought|[of] p1a: Torkoal
|turn|19
|
|t:|1781472624
|move|p2a: MOTH.er|Substitute|p2a: MOTH.er
|-start|p2a: MOTH.er|Substitute
|-damage|p2a: MOTH.er|51/100
|move|p1a: Torkoal|Earthquake|p2a: MOTH.er
|-supereffective|p2a: MOTH.er
|-end|p2a: MOTH.er|Substitute
|
|-weather|SunnyDay|[upkeep]
|upkeep
|turn|20
|
|t:|1781472627
|-terastallize|p2a: MOTH.er|Grass
|move|p2a: MOTH.er|Fiery Dance|p1a: Torkoal
|-resisted|p1a: Torkoal
|-damage|p1a: Torkoal|49/100
|-boost|p2a: MOTH.er|spa|1
|move|p1a: Torkoal|Earthquake|p2a: MOTH.er
|-resisted|p2a: MOTH.er
|-damage|p2a: MOTH.er|37/100
|
|-weather|SunnyDay|[upkeep]
|upkeep
|turn|21
|
|t:|1781472635
|move|p2a: MOTH.er|Sludge Wave|p1a: Torkoal
|-damage|p1a: Torkoal|0 fnt
|faint|p1a: Torkoal
|
|-weather|SunnyDay|[upkeep]
|upkeep
|
|t:|1781472637
|switch|p1a: Raging Bolt|Raging Bolt|11/100
|-damage|p1a: Raging Bolt|0 fnt|[from] Spikes
|faint|p1a: Raging Bolt
|-end|p1a: Raging Bolt|Protosynthesis|[silent]
|
|win|Tunder♚boltz
|raw|Xoli's rating: 1613 &rarr; <strong>1592</strong><br />(-21 for losing)
|raw|Tunder♚boltz's rating: 1602 &rarr; <strong>1623</strong><br />(+21 for winning)
|l|☆Xoli
|player|p1|
|l|☆Tunder♚boltz
|player|p2|
|j| WongHung
