|j|☆suprya
|j|☆temporarylight
|t:|1781133284
|gametype|singles
|player|p1|suprya|clown|1727
|player|p2|temporarylight|101|1690
|gen|9
|tier|[Gen 9] OU
|rated|
|rule|HP Percentage Mod: HP is shown in percentages
|rule|Endless Battle Clause: Forcing endless battles is banned
|rule|Species Clause: Limit one of each Pokémon
|rule|OHKO Clause: OHKO moves are banned
|rule|Evasion Items Clause: Evasion items are banned
|rule|Evasion Moves Clause: Evasion moves are banned
|rule|Evasion Abilities Clause: Evasion abilities are banned
|rule|Sleep Moves Clause: Sleep-inducing moves are banned
|clearpoke
|poke|p1|Pelipper, M|
|poke|p1|Dragonite, F|
|poke|p1|Ogerpon-Wellspring, F|
|poke|p1|Iron Treads|
|poke|p1|Basculegion, M|
|poke|p1|Fezandipiti, M|
|poke|p2|Gliscor, M|
|poke|p2|Kyurem|
|poke|p2|Zamazenta-*|
|poke|p2|Weezing-Galar, M|
|poke|p2|Ogerpon, F|
|poke|p2|Jirachi|
|teampreview
|inactive|Battle timer is ON: inactive players will automatically lose when time's up. (requested by suprya)
|
|t:|1781133299
|teamsize|p1|6
|teamsize|p2|6
|start
|switch|p1a: Ogerpon|Ogerpon-Wellspring, F|100/100
|switch|p2a: Kyurem|Kyurem|100/100
|-ability|p2a: Kyurem|Pressure
|turn|1
|
|t:|1781133310
|switch|p1a: Fezandipiti|Fezandipiti, M|100/100
|move|p2a: Kyurem|Freeze-Dry|p1a: Fezandipiti
|-damage|p1a: Fezandipiti|79/100
|
|upkeep
|turn|2
|
|t:|1781133319
|move|p2a: Kyurem|Substitute|p2a: Kyurem
|-start|p2a: Kyurem|Substitute
|-damage|p2a: Kyurem|75/100
|move|p1a: Fezandipiti|U-turn|p2a: Kyurem
|-activate|p2a: Kyurem|move: Substitute|[damage]
|
|t:|1781133327
|switch|p1a: Ogerpon|Ogerpon-Wellspring, F|100/100|[from] U-turn
|
|-heal|p2a: Kyurem|82/100|[from] item: Leftovers
|upkeep
|turn|3
|
|t:|1781133342
|switch|p2a: Zamazenta|Zamazenta|100/100
|-ability|p2a: Zamazenta|Dauntless Shield|boost
|-boost|p2a: Zamazenta|def|1
|move|p1a: Ogerpon|U-turn|p2a: Zamazenta
|-resisted|p2a: Zamazenta
|-damage|p2a: Zamazenta|91/100
|
|t:|1781133349
|switch|p1a: Pelipper|Pelipper, M|100/100|[from] U-turn
|-weather|RainDance|[from] ability: Drizzle|[of] p1a: Pelipper
|
|-weather|RainDance|[upkeep]
|upkeep
|turn|4
|
|t:|1781133354
|move|p2a: Zamazenta|Stone Edge|p1a: Pelipper
|-supereffective|p1a: Pelipper
|-crit|p1a: Pelipper
|-damage|p1a: Pelipper|0 fnt
|faint|p1a: Pelipper
|
|-weather|RainDance|[upkeep]
|upkeep
|
|t:|1781133360
|switch|p1a: Basculegion|Basculegion, M|100/100
|turn|5
|
|t:|1781133378
|switch|p2a: Jirachi|Jirachi|100/100
|-item|p2a: Jirachi|Air Balloon
|move|p1a: Basculegion|Liquidation|p2a: Jirachi
|-damage|p2a: Jirachi|16/100
|-enditem|p2a: Jirachi|Air Balloon
|
|-weather|RainDance|[upkeep]
|upkeep
|turn|6
|
|t:|1781133385
|move|p1a: Basculegion|Liquidation|p2a: Jirachi
|-damage|p2a: Jirachi|0 fnt
|faint|p2a: Jirachi
|
|-weather|RainDance|[upkeep]
|upkeep
|
|t:|1781133406
|switch|p2a: Ogerpon|Ogerpon, F|100/100
|turn|7
|
|t:|1781133411
|switch|p1a: Dragonite|Dragonite, F|100/100
|move|p2a: Ogerpon|Knock Off|p1a: Dragonite
|-crit|p1a: Dragonite
|-damage|p1a: Dragonite|77/100
|-enditem|p1a: Dragonite|Heavy-Duty Boots|[from] move: Knock Off|[of] p2a: Ogerpon
|
|-weather|none
|upkeep
|turn|8
|
|t:|1781133422
|switch|p2a: Weezing|Weezing-Galar, M|100/100
|-ability|p2a: Weezing|Neutralizing Gas
|move|p1a: Dragonite|Roost|p1a: Dragonite
|-heal|p1a: Dragonite|100/100
|-singleturn|p1a: Dragonite|move: Roost
|
|upkeep
|turn|9
|
|t:|1781133432
|switch|p1a: Fezandipiti|Fezandipiti, M|79/100
|-end|p2a: Weezing|ability: Neutralizing Gas
|switch|p2a: Gliscor|Gliscor, M|100/100
|
|-status|p2a: Gliscor|tox|[from] item: Toxic Orb
|upkeep
|turn|10
|j| rexa2
|
|t:|1781133440
|move|p2a: Gliscor|Substitute|p2a: Gliscor
|-start|p2a: Gliscor|Substitute
|-damage|p2a: Gliscor|75/100 tox
|move|p1a: Fezandipiti|U-turn|p2a: Gliscor
|-resisted|p2a: Gliscor
|-activate|p2a: Gliscor|move: Substitute|[damage]
|l| rexa2
|
|t:|1781133454
|switch|p1a: Basculegion|Basculegion, M|100/100|[from] U-turn
|
|-heal|p2a: Gliscor|88/100 tox|[from] ability: Poison Heal
|upkeep
|turn|11
|
|t:|1781133458
|move|p2a: Gliscor|Earthquake|p1a: Basculegion
|-crit|p1a: Basculegion
|-damage|p1a: Basculegion|46/100
|move|p1a: Basculegion|Flip Turn|p2a: Gliscor
|-supereffective|p2a: Gliscor
|-end|p2a: Gliscor|Substitute
|
|t:|1781133463
|switch|p1a: Ogerpon|Ogerpon-Wellspring, F|100/100|[from] Flip Turn
|
|-heal|p2a: Gliscor|100/100 tox|[from] ability: Poison Heal
|upkeep
|turn|12
|
|t:|1781133468
|switch|p2a: Kyurem|Kyurem|82/100
|-ability|p2a: Kyurem|Pressure
|move|p1a: Ogerpon|Spikes|p2a: Kyurem
|-sidestart|p2: temporarylight|Spikes
|
|-heal|p2a: Kyurem|88/100|[from] item: Leftovers
|upkeep
|turn|13
|
|t:|1781133474
|move|p1a: Ogerpon|U-turn|p2a: Kyurem
|-damage|p2a: Kyurem|64/100
|
|t:|1781133476
|switch|p1a: Fezandipiti|Fezandipiti, M|79/100|[from] U-turn
|move|p2a: Kyurem|Substitute|p2a: Kyurem
|-start|p2a: Kyurem|Substitute
|-damage|p2a: Kyurem|39/100
|
|-heal|p2a: Kyurem|46/100|[from] item: Leftovers
|upkeep
|turn|14
|
|t:|1781133480
|move|p2a: Kyurem|Protect|p2a: Kyurem
|-singleturn|p2a: Kyurem|Protect
|move|p1a: Fezandipiti|Moonblast|p2a: Kyurem
|-activate|p2a: Kyurem|move: Protect
|
|-heal|p2a: Kyurem|52/100|[from] item: Leftovers
|upkeep
|turn|15
|
|t:|1781133483
|move|p2a: Kyurem|Earth Power|p1a: Fezandipiti
|-supereffective|p1a: Fezandipiti
|-damage|p1a: Fezandipiti|46/100
|move|p1a: Fezandipiti|Roost|p1a: Fezandipiti
|-heal|p1a: Fezandipiti|96/100
|-singleturn|p1a: Fezandipiti|move: Roost
|
|-heal|p2a: Kyurem|58/100|[from] item: Leftovers
|upkeep
|turn|16
|
|t:|1781133489
|move|p2a: Kyurem|Protect|p2a: Kyurem
|-singleturn|p2a: Kyurem|Protect
|move|p1a: Fezandipiti|Moonblast|p2a: Kyurem
|-activate|p2a: Kyurem|move: Protect
|
|-heal|p2a: Kyurem|64/100|[from] item: Leftovers
|upkeep
|turn|17
|
|t:|1781133497
|move|p2a: Kyurem|Freeze-Dry|p1a: Fezandipiti
|-damage|p1a: Fezandipiti|75/100
|move|p1a: Fezandipiti|Moonblast|p2a: Kyurem
|-supereffective|p2a: Kyurem
|-end|p2a: Kyurem|Substitute
|
|-heal|p2a: Kyurem|70/100|[from] item: Leftovers
|upkeep
|turn|18
|
|t:|1781133505
|move|p2a: Kyurem|Substitute|p2a: Kyurem
|-start|p2a: Kyurem|Substitute
|-damage|p2a: Kyurem|45/100
|move|p1a: Fezandipiti|Sludge Bomb|p2a: Kyurem
|-activate|p2a: Kyurem|move: Substitute|[damage]
|
|-heal|p2a: Kyurem|51/100|[from] item: Leftovers
|upkeep
|turn|19
|
|t:|1781133510
|move|p2a: Kyurem|Protect|p2a: Kyurem
|-singleturn|p2a: Kyurem|Protect
|move|p1a: Fezandipiti|Moonblast|p2a: Kyurem
|-activate|p2a: Kyurem|move: Protect
|
|-heal|p2a: Kyurem|58/100|[from] item: Leftovers
|upkeep
|turn|20
|
|t:|1781133517
|move|p2a: Kyurem|Freeze-Dry|p1a: Fezandipiti
|-damage|p1a: Fezandipiti|54/100
|move|p1a: Fezandipiti|Sludge Bomb|p2a: Kyurem
|-end|p2a: Kyurem|Substitute
|
|-heal|p2a: Kyurem|64/100|[from] item: Leftovers
|upkeep
|turn|21
|
|t:|1781133522
|move|p2a: Kyurem|Earth Power|p1a: Fezandipiti
|-supereffective|p1a: Fezandipiti
|-crit|p1a: Fezandipiti
|-damage|p1a: Fezandipiti|1/100
|move|p1a: Fezandipiti|Moonblast|p2a: Kyurem
|-supereffective|p2a: Kyurem
|-damage|p2a: Kyurem|24/100
|-status|p2a: Kyurem|tox|[from] ability: Toxic Chain|[of] p1a: Fezandipiti
|
|-heal|p2a: Kyurem|30/100 tox|[from] item: Leftovers
|-damage|p2a: Kyurem|24/100 tox|[from] psn
|upkeep
|turn|22
|inactive|suprya has 120 seconds left.
|
|t:|1781133565
|switch|p1a: Iron Treads|Iron Treads|100/100
|move|p2a: Kyurem|Freeze-Dry|p1a: Iron Treads
|-crit|p1a: Iron Treads
|-damage|p1a: Iron Treads|59/100
|
|-heal|p2a: Kyurem|30/100 tox|[from] item: Leftovers
|-heal|p1a: Iron Treads|65/100|[from] item: Leftovers
|-damage|p2a: Kyurem|18/100 tox|[from] psn
|upkeep
|turn|23
|
|t:|1781133578
|move|p2a: Kyurem|Earth Power|p1a: Iron Treads
|-supereffective|p1a: Iron Treads
|-damage|p1a: Iron Treads|14/100
|move|p1a: Iron Treads|Stealth Rock|p2a: Kyurem
|-sidestart|p2: temporarylight|move: Stealth Rock
|
|-heal|p2a: Kyurem|24/100 tox|[from] item: Leftovers
|-heal|p1a: Iron Treads|20/100|[from] item: Leftovers
|-damage|p2a: Kyurem|5/100 tox|[from] psn
|upkeep
|turn|24
|
|t:|1781133594
|switch|p2a: Gliscor|Gliscor, M|100/100 tox
|-damage|p2a: Gliscor|88/100 tox|[from] Stealth Rock
|move|p1a: Iron Treads|Rapid Spin|p2a: Gliscor
|-damage|p2a: Gliscor|78/100 tox
|-boost|p1a: Iron Treads|spe|1
|
|-heal|p1a: Iron Treads|26/100|[from] item: Leftovers
|-heal|p2a: Gliscor|91/100 tox|[from] ability: Poison Heal
|upkeep
|turn|25
|inactive|suprya has 120 seconds left.
|
|t:|1781133609
|-end|p1a: Iron Treads|Quark Drive|[silent]
|switch|p1a: Ogerpon|Ogerpon-Wellspring, F|100/100
|move|p2a: Gliscor|Substitute|p2a: Gliscor
|-start|p2a: Gliscor|Substitute
|-damage|p2a: Gliscor|66/100 tox
|
|-heal|p2a: Gliscor|78/100 tox|[from] ability: Poison Heal
|upkeep
|turn|26
|
|t:|1781133613
|move|p1a: Ogerpon|Ivy Cudgel|p2a: Gliscor|[anim] Ivy Cudgel Water
|-supereffective|p2a: Gliscor
|-crit|p2a: Gliscor
|-end|p2a: Gliscor|Substitute
|move|p2a: Gliscor|Toxic|p1a: Ogerpon
|-status|p1a: Ogerpon|tox
|
|-damage|p1a: Ogerpon|95/100 tox|[from] psn
|-heal|p2a: Gliscor|91/100 tox|[from] ability: Poison Heal
|upkeep
|turn|27
|
|t:|1781133620
|switch|p2a: Kyurem|Kyurem|5/100 tox
|-damage|p2a: Kyurem|0 fnt|[from] Spikes
|faint|p2a: Kyurem
|move|p1a: Ogerpon|Spikes|p2: Kyurem
|-sidestart|p2: temporarylight|Spikes
|
|-damage|p1a: Ogerpon|83/100 tox|[from] psn
|upkeep
|
|t:|1781133622
|switch|p2a: Weezing|Weezing-Galar, M|100/100
|-ability|p2a: Weezing|Neutralizing Gas
|turn|28
|
|t:|1781133627
|switch|p1a: Fezandipiti|Fezandipiti, M|1/100
|move|p2a: Weezing|Defog|p1a: Fezandipiti
|-unboost|p1a: Fezandipiti|evasion|1
|-sideend|p2: temporarylight|Spikes|[from] move: Defog|[of] p2a: Weezing
|-sideend|p2: temporarylight|Stealth Rock|[from] move: Defog|[of] p2a: Weezing
|
|upkeep
|turn|29
|
|t:|1781133636
|-end|p2a: Weezing|ability: Neutralizing Gas
|switch|p2a: Gliscor|Gliscor, M|91/100 tox
|move|p1a: Fezandipiti|Roost|p1a: Fezandipiti
|-heal|p1a: Fezandipiti|51/100
|-singleturn|p1a: Fezandipiti|move: Roost
|
|-heal|p2a: Gliscor|100/100 tox|[from] ability: Poison Heal
|upkeep
|turn|30
|
|t:|1781133649
|switch|p1a: Ogerpon|Ogerpon-Wellspring, F|83/100 tox
|move|p2a: Gliscor|Substitute|p2a: Gliscor
|-start|p2a: Gliscor|Substitute
|-damage|p2a: Gliscor|75/100 tox
|
|-damage|p1a: Ogerpon|77/100 tox|[from] psn
|-heal|p2a: Gliscor|88/100 tox|[from] ability: Poison Heal
|upkeep
|turn|31
|
|t:|1781133654
|move|p1a: Ogerpon|Spikes|p2a: Gliscor
|-sidestart|p2: temporarylight|Spikes
|move|p2a: Gliscor|Earthquake|p1a: Ogerpon
|-resisted|p1a: Ogerpon
|-damage|p1a: Ogerpon|54/100 tox
|
|-damage|p1a: Ogerpon|42/100 tox|[from] psn
|-heal|p2a: Gliscor|100/100 tox|[from] ability: Poison Heal
|upkeep
|turn|32
|
|t:|1781133662
|move|p1a: Ogerpon|Spikes|p2a: Gliscor
|-sidestart|p2: temporarylight|Spikes
|move|p2a: Gliscor|Earthquake|p1a: Ogerpon
|-resisted|p1a: Ogerpon
|-damage|p1a: Ogerpon|21/100 tox
|
|-damage|p1a: Ogerpon|3/100 tox|[from] psn
|upkeep
|turn|33
|-message|suprya forfeited.
|
|win|temporarylight
|raw|suprya's rating: 1727 &rarr; <strong>1705</strong><br />(-22 for losing)
|raw|temporarylight's rating: 1690 &rarr; <strong>1712</strong><br />(+22 for winning)
|l|☆suprya
|player|p1|
|l|☆temporarylight
|player|p2|
