|j|☆belzen
|j|☆winslowyoudog
|t:|1781301856
|gametype|singles
|player|p1|belzen|elesa-masters3|1605
|player|p2|winslowyoudog|265|1577
|gen|9
|tier|[Gen 9] OU
|rated|
|rule|HP Percentage Mod: HP is shown in percentages
|rule|Endless Battle Clause: Forcing endless battles is banned
|rule|Species Clause: Limit one of each Pokémon
|rule|OHKO Clause: OHKO moves are banned
|rule|Evasion Items Clause: Evasion items are banned
|rule|Evasion Moves Clause: Evasion moves are banned
|rule|Evasion Abilities Clause: Evasion abilities are banned
|rule|Sleep Moves Clause: Sleep-inducing moves are banned
|clearpoke
|poke|p1|Slowking-Galar, F|
|poke|p1|Great Tusk|
|poke|p1|Kyurem|
|poke|p1|Kingambit, F|
|poke|p1|Cinderace, M|
|poke|p1|Zapdos|
|poke|p2|Slowbro-Galar, F|
|poke|p2|Indeedee, M|
|poke|p2|Armarouge, M|
|poke|p2|Hatterene, F|
|poke|p2|Iron Treads|
|poke|p2|Hawlucha, F|
|teampreview
|inactive|Battle timer is ON: inactive players will automatically lose when time's up. (requested by belzen)
|
|t:|1781301874
|teamsize|p1|6
|teamsize|p2|6
|start
|switch|p1a: Cinderace|Cinderace, M|100/100
|switch|p2a: Indeedee|Indeedee, M|100/100
|-fieldstart|move: Psychic Terrain|[from] ability: Psychic Surge|[of] p2a: Indeedee
|turn|1
|
|t:|1781301882
|switch|p2a: Armarouge|Armarouge, M|100/100
|move|p1a: Cinderace|Pyro Ball|p2a: Armarouge|[miss]
|-miss|p1a: Cinderace|p2a: Armarouge
|
|upkeep
|turn|2
|
|t:|1781301890
|switch|p1a: Slowking|Slowking-Galar, F|100/100
|move|p2a: Armarouge|Expanding Force|p1a: Slowking
|-damage|p1a: Slowking|53/100
|
|upkeep
|turn|3
|
|t:|1781301892
|move|p2a: Armarouge|Expanding Force|p1a: Slowking
|-damage|p1a: Slowking|4/100
|move|p1a: Slowking|Thunder Wave|p2a: Armarouge|[miss]
|-miss|p1a: Slowking|p2a: Armarouge
|
|upkeep
|turn|4
|
|t:|1781301900
|move|p2a: Armarouge|Expanding Force|p1a: Slowking
|-damage|p1a: Slowking|0 fnt
|faint|p1a: Slowking
|
|upkeep
|
|t:|1781301904
|switch|p1a: Zapdos|Zapdos, shiny|100/100
|turn|5
|
|t:|1781301908
|switch|p2a: Iron Treads|Iron Treads|100/100
|-item|p2a: Iron Treads|Air Balloon
|move|p1a: Zapdos|Volt Switch|p2a: Iron Treads
|-immune|p2a: Iron Treads
|
|upkeep
|turn|6
|
|t:|1781301912
|move|p2a: Iron Treads|Stealth Rock|p1a: Zapdos
|-sidestart|p1: belzen|move: Stealth Rock
|move|p1a: Zapdos|Hurricane|p2a: Iron Treads
|-resisted|p2a: Iron Treads
|-damage|p2a: Iron Treads|68/100
|-enditem|p2a: Iron Treads|Air Balloon
|
|upkeep
|turn|7
|
|t:|1781301918
|switch|p1a: Great Tusk|Great Tusk|100/100
|-damage|p1a: Great Tusk|97/100|[from] Stealth Rock
|move|p2a: Iron Treads|Earthquake|p1a: Great Tusk
|-damage|p1a: Great Tusk|64/100
|
|-heal|p1a: Great Tusk|70/100|[from] item: Leftovers
|upkeep
|turn|8
|
|t:|1781301937
|-end|p2a: Iron Treads|Quark Drive|[silent]
|switch|p2a: Armarouge|Armarouge, M|100/100
|-end|p1a: Great Tusk|Protosynthesis|[silent]
|switch|p1a: Zapdos|Zapdos, shiny|100/100
|
|-fieldend|move: Psychic Terrain
|upkeep
|turn|9
|
|t:|1781301943
|move|p2a: Armarouge|Armor Cannon|p1a: Zapdos
|-damage|p1a: Zapdos|36/100
|-unboost|p2a: Armarouge|def|1
|-unboost|p2a: Armarouge|spd|1
|move|p1a: Zapdos|Hurricane|p2a: Armarouge
|-damage|p2a: Armarouge|13/100
|
|upkeep
|turn|10
|
|t:|1781301953
|move|p2a: Armarouge|Armor Cannon|p1a: Zapdos
|-damage|p1a: Zapdos|0 fnt
|-unboost|p2a: Armarouge|def|1
|-unboost|p2a: Armarouge|spd|1
|faint|p1a: Zapdos
|
|upkeep
|
|t:|1781301957
|switch|p1a: Cinderace|Cinderace, M|100/100
|turn|11
|
|t:|1781301965
|move|p1a: Cinderace|Court Change|p1a: Cinderace
|-swapsideconditions
|-activate|p1a: Cinderace|move: Court Change
|move|p2a: Armarouge|Armor Cannon|p1a: Cinderace
|-resisted|p1a: Cinderace
|-damage|p1a: Cinderace|66/100
|-unboost|p2a: Armarouge|def|1
|-unboost|p2a: Armarouge|spd|1
|
|upkeep
|turn|12
|
|t:|1781301969
|move|p2a: Armarouge|Endure|p2a: Armarouge
|-singleturn|p2a: Armarouge|move: Endure
|move|p1a: Cinderace|U-turn|p2a: Armarouge
|-activate|p2a: Armarouge|move: Endure
|-damage|p2a: Armarouge|1/100
|-ability|p2a: Armarouge|Weak Armor|boost
|-unboost|p2a: Armarouge|def|1
|-boost|p2a: Armarouge|spe|2
|
|t:|1781301972
|switch|p1a: Kingambit|Kingambit, F|100/100|[from] U-turn
|-activate|p1a: Kingambit|ability: Supreme Overlord
|-start|p1a: Kingambit|fallen2|[silent]
|
|upkeep
|turn|13
|
|t:|1781301977
|move|p2a: Armarouge|Endure|p2a: Armarouge
|-singleturn|p2a: Armarouge|move: Endure
|move|p1a: Kingambit|Sucker Punch||[still]
|-fail|p1a: Kingambit
|
|upkeep
|turn|14
|
|t:|1781301980
|move|p2a: Armarouge|Endure||[still]
|-fail|p2a: Armarouge
|move|p1a: Kingambit|Sucker Punch||[still]
|-fail|p1a: Kingambit
|
|upkeep
|turn|15
|
|t:|1781301982
|move|p2a: Armarouge|Endure|p2a: Armarouge
|-singleturn|p2a: Armarouge|move: Endure
|move|p1a: Kingambit|Iron Head|p2a: Armarouge
|-resisted|p2a: Armarouge
|-activate|p2a: Armarouge|move: Endure
|-damage|p2a: Armarouge|1/100
|-ability|p2a: Armarouge|Weak Armor|boost
|-unboost|p2a: Armarouge|def|1
|-boost|p2a: Armarouge|spe|2
|
|upkeep
|turn|16
|
|t:|1781301986
|move|p1a: Kingambit|Sucker Punch|p2a: Armarouge
|-supereffective|p2a: Armarouge
|-damage|p2a: Armarouge|0 fnt
|faint|p2a: Armarouge
|
|upkeep
|
|t:|1781301988
|switch|p2a: Indeedee|Indeedee, M|100/100
|-damage|p2a: Indeedee|88/100|[from] Stealth Rock
|-fieldstart|move: Psychic Terrain|[from] ability: Psychic Surge|[of] p2a: Indeedee
|turn|17
|
|t:|1781301995
|move|p2a: Indeedee|Encore|p1a: Kingambit
|-start|p1a: Kingambit|Encore
|move|p1a: Kingambit|Sucker Punch||[still]
|-fail|p1a: Kingambit
|
|upkeep
|turn|18
|
|t:|1781302003
|switch|p2a: Hawlucha|Hawlucha, F|100/100
|-damage|p2a: Hawlucha|88/100|[from] Stealth Rock
|-enditem|p2a: Hawlucha|Psychic Seed
|-boost|p2a: Hawlucha|spd|1|[from] item: Psychic Seed
|-end|p1a: Kingambit|fallen2|[silent]
|switch|p1a: Cinderace|Cinderace, M|66/100
|
|upkeep
|turn|19
|
|t:|1781302015
|move|p2a: Hawlucha|Swords Dance|p2a: Hawlucha
|-boost|p2a: Hawlucha|atk|2
|move|p1a: Cinderace|Will-O-Wisp|p2a: Hawlucha
|-status|p2a: Hawlucha|brn
|
|-damage|p2a: Hawlucha|82/100 brn|[from] brn
|upkeep
|turn|20
|
|t:|1781302022
|move|p2a: Hawlucha|Encore|p1a: Cinderace
|-start|p1a: Cinderace|Encore
|move|p1a: Cinderace|Will-O-Wisp|p2a: Hawlucha
|-fail|p2a: Hawlucha|brn
|
|-damage|p2a: Hawlucha|76/100 brn|[from] brn
|upkeep
|turn|21
|
|t:|1781302025
|switch|p1a: Kingambit|Kingambit, F|100/100
|-activate|p1a: Kingambit|ability: Supreme Overlord
|-start|p1a: Kingambit|fallen2|[silent]
|move|p2a: Hawlucha|Swords Dance|p2a: Hawlucha
|-boost|p2a: Hawlucha|atk|2
|
|-damage|p2a: Hawlucha|70/100 brn|[from] brn
|upkeep
|turn|22
|
|t:|1781302030
|-terastallize|p1a: Kingambit|Ghost
|move|p2a: Hawlucha|Close Combat|p1a: Kingambit
|-immune|p1a: Kingambit
|move|p1a: Kingambit|Iron Head|p2a: Hawlucha
|-damage|p2a: Hawlucha|0 fnt
|faint|p2a: Hawlucha
|
|upkeep
|
|t:|1781302035
|switch|p2a: Megaman|Slowbro-Galar, F|100/100
|-damage|p2a: Megaman|88/100|[from] Stealth Rock
|turn|23
|-activate|p2a: Megaman|ability: Quick Draw
|
|t:|1781302041
|-end|p1a: Kingambit|fallen2|[silent]
|switch|p1a: Great Tusk|Great Tusk|70/100
|-terastallize|p2a: Megaman|Water
|move|p2a: Megaman|Expanding Force|p1a: Great Tusk
|-supereffective|p1a: Great Tusk
|-damage|p1a: Great Tusk|0 fnt
|faint|p1a: Great Tusk
|-end|p1a: Great Tusk|Protosynthesis|[silent]
|
|upkeep
|
|t:|1781302052
|switch|p1a: Kyurem|Kyurem|100/100
|-ability|p1a: Kyurem|Pressure
|turn|24
|
|t:|1781302057
|switch|p2a: Hatterene|Hatterene, F|100/100
|-damage|p2a: Hatterene|88/100|[from] Stealth Rock
|move|p1a: Kyurem|Freeze-Dry|p2a: Hatterene
|-damage|p2a: Hatterene|31/100
|-enditem|p2a: Hatterene|Eject Button
|
|t:|1781302060
|switch|p2a: Iron Treads|Iron Treads|68/100
|-damage|p2a: Iron Treads|65/100|[from] Stealth Rock
|
|-fieldend|move: Psychic Terrain
|upkeep
|turn|25
|
|t:|1781302068
|switch|p1a: Cinderace|Cinderace, M|66/100
|move|p2a: Iron Treads|Earthquake|p1a: Cinderace
|-supereffective|p1a: Cinderace
|-damage|p1a: Cinderace|0 fnt
|faint|p1a: Cinderace
|
|upkeep
|
|t:|1781302073
|switch|p1a: Kingambit|Kingambit, F, tera:Ghost|100/100
|-activate|p1a: Kingambit|ability: Supreme Overlord
|-start|p1a: Kingambit|fallen4|[silent]
|turn|26
|
|t:|1781302077
|move|p2a: Iron Treads|Knock Off|p1a: Kingambit
|-supereffective|p1a: Kingambit
|-damage|p1a: Kingambit|50/100
|-enditem|p1a: Kingambit|Leftovers|[from] move: Knock Off|[of] p2a: Iron Treads
|move|p1a: Kingambit|Low Kick|p2a: Iron Treads
|-supereffective|p2a: Iron Treads
|-damage|p2a: Iron Treads|0 fnt
|faint|p2a: Iron Treads
|-end|p2a: Iron Treads|Quark Drive|[silent]
|
|upkeep
|
|t:|1781302080
|switch|p2a: Indeedee|Indeedee, M|88/100
|-damage|p2a: Indeedee|76/100|[from] Stealth Rock
|-fieldstart|move: Psychic Terrain|[from] ability: Psychic Surge|[of] p2a: Indeedee
|turn|27
|
|t:|1781302086
|move|p2a: Indeedee|Encore|p1a: Kingambit
|-start|p1a: Kingambit|Encore
|move|p1a: Kingambit|Low Kick|p2a: Indeedee
|-damage|p2a: Indeedee|43/100
|
|upkeep
|turn|28
|
|t:|1781302092
|-end|p1a: Kingambit|fallen4|[silent]
|switch|p1a: Kyurem|Kyurem|100/100
|-ability|p1a: Kyurem|Pressure
|move|p2a: Indeedee|Trick Room|p2a: Indeedee
|-fieldstart|move: Trick Room|[of] p2a: Indeedee
|
|upkeep
|turn|29
|
|t:|1781302102
|move|p2a: Indeedee|Expanding Force|p1a: Kyurem
|-damage|p1a: Kyurem|50/100
|move|p1a: Kyurem|Freeze-Dry|p2a: Indeedee
|-damage|p2a: Indeedee|0 fnt
|faint|p2a: Indeedee
|
|upkeep
|
|t:|1781302105
|switch|p2a: Megaman|Slowbro-Galar, F, tera:Water|88/100
|-damage|p2a: Megaman|76/100|[from] Stealth Rock
|turn|30
|c|☆winslowyoudog|dog
|
|t:|1781302127
|move|p2a: Megaman|Expanding Force|p1a: Kyurem
|-damage|p1a: Kyurem|0 fnt
|faint|p1a: Kyurem
|
|upkeep
|
|t:|1781302130
|switch|p1a: Kingambit|Kingambit, F, tera:Ghost|50/100
|-activate|p1a: Kingambit|ability: Supreme Overlord
|-start|p1a: Kingambit|fallen5|[silent]
|turn|31
|
|t:|1781302132
|move|p2a: Megaman|Expanding Force|p1a: Kingambit
|-damage|p1a: Kingambit|0 fnt
|faint|p1a: Kingambit
|-end|p1a: Kingambit|fallen5|[silent]
|
|win|winslowyoudog
|raw|belzen's rating: 1605 &rarr; <strong>1583</strong><br />(-22 for losing)
|raw|winslowyoudog's rating: 1577 &rarr; <strong>1599</strong><br />(+22 for winning)
|l|☆belzen
|player|p1|
|l|☆winslowyoudog
|player|p2|
