|j|☆St4rfl1tT
|j|‽rrbrru
|t:|1781223564
|gametype|singles
|player|p1|St4rfl1tT|acetrainer|1503
|player|p2|rrbrru|266|1531
|gen|9
|tier|[Gen 9] OU
|rated|
|rule|HP Percentage Mod: HP is shown in percentages
|rule|Endless Battle Clause: Forcing endless battles is banned
|rule|Species Clause: Limit one of each Pokémon
|rule|OHKO Clause: OHKO moves are banned
|rule|Evasion Items Clause: Evasion items are banned
|rule|Evasion Moves Clause: Evasion moves are banned
|rule|Evasion Abilities Clause: Evasion abilities are banned
|rule|Sleep Moves Clause: Sleep-inducing moves are banned
|clearpoke
|poke|p1|Garchomp, M|
|poke|p1|Darkrai|
|poke|p1|Zapdos|
|poke|p1|Zamazenta-*|
|poke|p1|Heatran, M|
|poke|p1|Ogerpon-Wellspring, F|
|poke|p2|Tyranitar, M|
|poke|p2|Excadrill, F|
|poke|p2|Hydrapple, F|
|poke|p2|Tornadus-Therian, M|
|poke|p2|Alomomola, F|
|poke|p2|Houndstone, M|
|teampreview
|inactive|Battle timer is ON: inactive players will automatically lose when time's up. (requested by St4rfl1tT)
|
|t:|1781223596
|teamsize|p1|6
|teamsize|p2|6
|start
|switch|p1a: Zapdos|Zapdos|100/100
|switch|p2a: Tyranitar|Tyranitar, M|100/100
|-weather|Sandstorm|[from] ability: Sand Stream|[of] p2a: Tyranitar
|turn|1
|
|t:|1781223605
|move|p1a: Zapdos|Volt Switch|p2a: Tyranitar
|-damage|p2a: Tyranitar|84/100
|
|t:|1781223610
|switch|p1a: Ogerpon|Ogerpon-Wellspring, F|100/100|[from] Volt Switch
|move|p2a: Tyranitar|Stealth Rock|p1a: Ogerpon
|-sidestart|p1: St4rfl1tT|move: Stealth Rock
|
|-weather|Sandstorm|[upkeep]
|-damage|p1a: Ogerpon|95/100|[from] Sandstorm
|-heal|p2a: Tyranitar|90/100|[from] item: Leftovers
|upkeep
|turn|2
|
|t:|1781223619
|switch|p2a: Houndstone|Houndstone, M|100/100
|move|p1a: Ogerpon|Knock Off|p2a: Houndstone
|-supereffective|p2a: Houndstone
|-damage|p2a: Houndstone|6/100
|-enditem|p2a: Houndstone|Choice Band|[from] move: Knock Off|[of] p1a: Ogerpon
|
|-weather|Sandstorm|[upkeep]
|-damage|p1a: Ogerpon|89/100|[from] Sandstorm
|upkeep
|turn|3
|
|t:|1781223638
|switch|p1a: Darkrai|Darkrai|100/100
|move|p2a: Houndstone|Poltergeist|p1a: Darkrai
|-activate|p1a: Darkrai|move: Poltergeist|Heavy-Duty Boots
|-resisted|p1a: Darkrai
|-damage|p1a: Darkrai|68/100
|
|-weather|Sandstorm|[upkeep]
|-damage|p1a: Darkrai|61/100|[from] Sandstorm
|upkeep
|turn|4
|
|t:|1781223648
|move|p2a: Houndstone|Destiny Bond|p2a: Houndstone
|-singlemove|p2a: Houndstone|Destiny Bond
|move|p1a: Darkrai|Ice Beam|p2a: Houndstone
|-damage|p2a: Houndstone|0 fnt
|faint|p2a: Houndstone
|-activate|p2a: Houndstone|move: Destiny Bond
|faint|p1a: Darkrai
|
|-weather|Sandstorm|[upkeep]
|upkeep
|
|t:|1781223663
|switch|p1a: Garchomp|Garchomp, M|100/100
|switch|p2a: Hydrapple|Hydrapple, F|100/100
|-damage|p1a: Garchomp|94/100|[from] Stealth Rock
|turn|5
|inactive|rrbrru has 120 seconds left.
|
|t:|1781223706
|move|p1a: Garchomp|Scale Shot|p2a: Hydrapple
|-supereffective|p2a: Hydrapple
|-damage|p2a: Hydrapple|82/100
|-supereffective|p2a: Hydrapple
|-damage|p2a: Hydrapple|64/100
|-supereffective|p2a: Hydrapple
|-damage|p2a: Hydrapple|44/100
|-supereffective|p2a: Hydrapple
|-crit|p2a: Hydrapple
|-damage|p2a: Hydrapple|13/100
|-supereffective|p2a: Hydrapple
|-damage|p2a: Hydrapple|0 fnt
|faint|p2a: Hydrapple
|-hitcount|p2: Hydrapple|5
|-unboost|p1a: Garchomp|def|1
|-boost|p1a: Garchomp|spe|1
|
|-weather|none
|upkeep
|
|t:|1781223715
|switch|p2a: Alomomola|Alomomola, F|100/100
|turn|6
|
|t:|1781223723
|move|p1a: Garchomp|Swords Dance|p1a: Garchomp
|-boost|p1a: Garchomp|atk|2
|move|p2a: Alomomola|Flip Turn|p1a: Garchomp
|-damage|p1a: Garchomp|68/100
|-damage|p2a: Alomomola|88/100|[from] ability: Rough Skin|[of] p1a: Garchomp
|
|t:|1781223728
|switch|p2a: Tyranitar|Tyranitar, M|90/100|[from] Flip Turn
|-weather|Sandstorm|[from] ability: Sand Stream|[of] p2a: Tyranitar
|
|-weather|Sandstorm|[upkeep]
|-heal|p2a: Tyranitar|97/100|[from] item: Leftovers
|upkeep
|turn|7
|
|t:|1781223736
|switch|p2a: Tornadus|Tornadus-Therian, M|100/100
|move|p1a: Garchomp|Scale Shot|p2a: Tornadus
|-damage|p2a: Tornadus|72/100
|-damage|p2a: Tornadus|41/100
|-damage|p2a: Tornadus|9/100
|-crit|p2a: Tornadus
|-damage|p2a: Tornadus|0 fnt
|faint|p2a: Tornadus
|-hitcount|p2: Tornadus|4
|-unboost|p1a: Garchomp|def|1
|-boost|p1a: Garchomp|spe|1
|
|-weather|Sandstorm|[upkeep]
|upkeep
|
|t:|1781223741
|switch|p2a: Tyranitar|Tyranitar, M|97/100
|turn|8
|
|t:|1781223750
|-terastallize|p2a: Tyranitar|Flying
|move|p1a: Garchomp|Earthquake|p2a: Tyranitar
|-immune|p2a: Tyranitar
|move|p2a: Tyranitar|Ice Beam|p1a: Garchomp
|-supereffective|p1a: Garchomp
|-damage|p1a: Garchomp|0 fnt
|faint|p1a: Garchomp
|
|-weather|Sandstorm|[upkeep]
|-damage|p2a: Tyranitar|90/100|[from] Sandstorm
|-heal|p2a: Tyranitar|97/100|[from] item: Leftovers
|upkeep
|
|t:|1781223768
|switch|p1a: Zamazenta|Zamazenta|100/100
|-damage|p1a: Zamazenta|94/100|[from] Stealth Rock
|-ability|p1a: Zamazenta|Dauntless Shield|boost
|-boost|p1a: Zamazenta|def|1
|turn|9
|
|t:|1781223790
|move|p1a: Zamazenta|Iron Defense|p1a: Zamazenta
|-boost|p1a: Zamazenta|def|2
|move|p2a: Tyranitar|Knock Off|p1a: Zamazenta
|-resisted|p1a: Zamazenta
|-damage|p1a: Zamazenta|88/100
|-enditem|p1a: Zamazenta|Leftovers|[from] move: Knock Off|[of] p2a: Tyranitar
|
|-weather|Sandstorm|[upkeep]
|-damage|p1a: Zamazenta|82/100|[from] Sandstorm
|-damage|p2a: Tyranitar|90/100|[from] Sandstorm
|-heal|p2a: Tyranitar|97/100|[from] item: Leftovers
|upkeep
|turn|10
|
|t:|1781223799
|move|p1a: Zamazenta|Body Press|p2a: Tyranitar
|-resisted|p2a: Tyranitar
|-damage|p2a: Tyranitar|60/100
|move|p2a: Tyranitar|Ice Beam|p1a: Zamazenta
|-damage|p1a: Zamazenta|64/100
|
|-weather|none
|-heal|p2a: Tyranitar|66/100|[from] item: Leftovers
|upkeep
|turn|11
|
|t:|1781223808
|switch|p2a: Alomomola|Alomomola, F|100/100
|move|p1a: Zamazenta|Body Press|p2a: Alomomola
|-damage|p2a: Alomomola|46/100
|
|upkeep
|turn|12
|
|t:|1781223823
|switch|p2a: Tyranitar|Tyranitar, M, tera:Flying|66/100
|-weather|Sandstorm|[from] ability: Sand Stream|[of] p2a: Tyranitar
|move|p1a: Zamazenta|Body Press|p2a: Tyranitar
|-resisted|p2a: Tyranitar
|-damage|p2a: Tyranitar|34/100
|
|-weather|Sandstorm|[upkeep]
|-damage|p1a: Zamazenta|57/100|[from] Sandstorm
|-damage|p2a: Tyranitar|27/100|[from] Sandstorm
|-heal|p2a: Tyranitar|34/100|[from] item: Leftovers
|upkeep
|turn|13
|
|t:|1781223835
|move|p1a: Zamazenta|Iron Defense|p1a: Zamazenta
|-boost|p1a: Zamazenta|def|2
|move|p2a: Tyranitar|Ice Beam|p1a: Zamazenta
|-damage|p1a: Zamazenta|40/100
|
|-weather|Sandstorm|[upkeep]
|-damage|p1a: Zamazenta|34/100|[from] Sandstorm
|-damage|p2a: Tyranitar|27/100|[from] Sandstorm
|-heal|p2a: Tyranitar|34/100|[from] item: Leftovers
|upkeep
|turn|14
|inactive|rrbrru has 120 seconds left.
|
|t:|1781223866
|move|p1a: Zamazenta|Body Press|p2a: Tyranitar
|-resisted|p2a: Tyranitar
|-crit|p2a: Tyranitar
|-damage|p2a: Tyranitar|0 fnt
|faint|p2a: Tyranitar
|
|-weather|Sandstorm|[upkeep]
|-damage|p1a: Zamazenta|28/100|[from] Sandstorm
|upkeep
|
|t:|1781223869
|switch|p2a: Excadrill|Excadrill, F|100/100
|turn|15
|
|t:|1781223874
|move|p2a: Excadrill|Substitute|p2a: Excadrill
|-start|p2a: Excadrill|Substitute
|-damage|p2a: Excadrill|76/100
|move|p1a: Zamazenta|Body Press|p2a: Excadrill
|-supereffective|p2a: Excadrill
|-end|p2a: Excadrill|Substitute
|
|-weather|Sandstorm|[upkeep]
|-damage|p1a: Zamazenta|22/100|[from] Sandstorm
|-heal|p2a: Excadrill|82/100|[from] item: Leftovers
|upkeep
|turn|16
|
|t:|1781223882
|switch|p2a: Alomomola|Alomomola, F|80/100
|move|p1a: Zamazenta|Body Press|p2a: Alomomola
|-damage|p2a: Alomomola|8/100
|
|-weather|none
|upkeep
|turn|17
|
|t:|1781223887
|move|p1a: Zamazenta|Body Press|p2a: Alomomola
|-damage|p2a: Alomomola|0 fnt
|faint|p2a: Alomomola
|
|upkeep
|-message|rrbrru forfeited.
|
|win|St4rfl1tT
|raw|St4rfl1tT's rating: 1503 &rarr; <strong>1525</strong><br />(+22 for winning)
|raw|rrbrru's rating: 1531 &rarr; <strong>1509</strong><br />(-22 for losing)
|l|‽rrbrru
|player|p2|
|l|☆St4rfl1tT
|player|p1|
