|badge|p2|silver|gen9ou|30-9
|uhtml|medal-msg|<div class="broadcast-blue">Curious what those medals under the avatar are? PS now has Ladder Seasons! For more information, check out the <a href="https://www.smogon.com/forums/threads/3740067/">thread on Smogon.</a></div>
|j|☆COLFOFLOW
|j|☆Auburn Hills
|t:|1780930807
|gametype|singles
|player|p1|COLFOFLOW|volkner|1687
|player|p2|Auburn Hills|alder|1894
|gen|9
|tier|[Gen 9] OU
|rated|
|rule|HP Percentage Mod: HP is shown in percentages
|rule|Endless Battle Clause: Forcing endless battles is banned
|rule|Species Clause: Limit one of each Pokémon
|rule|OHKO Clause: OHKO moves are banned
|rule|Evasion Items Clause: Evasion items are banned
|rule|Evasion Moves Clause: Evasion moves are banned
|rule|Evasion Abilities Clause: Evasion abilities are banned
|rule|Sleep Moves Clause: Sleep-inducing moves are banned
|clearpoke
|poke|p1|Darkrai|
|poke|p1|Clodsire, M|
|poke|p1|Suicune|
|poke|p1|Lokix, F|
|poke|p1|Pecharunt|
|poke|p1|Corviknight, M|
|poke|p2|Iron Moth|
|poke|p2|Umbreon, M|
|poke|p2|Garchomp, M|
|poke|p2|Glimmora, F|
|poke|p2|Gholdengo|
|poke|p2|Dragonite, F|
|teampreview
|inactive|Battle timer is ON: inactive players will automatically lose when time's up. (requested by COLFOFLOW)
|inactive|Auburn Hills has 120 seconds left.
|
|t:|1780930862
|teamsize|p1|6
|teamsize|p2|6
|start
|switch|p1a: Darkrai|Darkrai|100/100
|switch|p2a: Alvvays|Umbreon, M|100/100
|turn|1
|
|t:|1780930868
|move|p1a: Darkrai|Trick|p2a: Alvvays
|-activate|p1a: Darkrai|move: Trick|[of] p2a: Alvvays
|-item|p2a: Alvvays|Choice Specs|[from] move: Trick
|-item|p1a: Darkrai|Leftovers|[from] move: Trick
|move|p2a: Alvvays|Thunder Wave|p1a: Darkrai
|-status|p1a: Darkrai|par
|
|upkeep
|turn|2
|
|t:|1780930877
|switch|p2a: Rat Tally|Garchomp, M|100/100
|move|p1a: Darkrai|Dark Pulse|p2a: Rat Tally
|-damage|p2a: Rat Tally|50/100
|
|upkeep
|turn|3
|
|t:|1780930881
|move|p2a: Rat Tally|Scale Shot|p1a: Darkrai
|-damage|p1a: Darkrai|84/100 par
|-crit|p1a: Darkrai
|-damage|p1a: Darkrai|56/100 par
|-damage|p1a: Darkrai|39/100 par
|-damage|p1a: Darkrai|23/100 par
|-hitcount|p1a: Darkrai|4
|-unboost|p2a: Rat Tally|def|1
|-boost|p2a: Rat Tally|spe|1
|move|p1a: Darkrai|Ice Beam|p2a: Rat Tally
|-supereffective|p2a: Rat Tally
|-crit|p2a: Rat Tally
|-damage|p2a: Rat Tally|0 fnt
|faint|p2a: Rat Tally
|
|-heal|p1a: Darkrai|29/100 par|[from] item: Leftovers
|upkeep
|
|t:|1780930887
|switch|p2a: Glimmora|Glimmora, F|100/100
|turn|4
|
|t:|1780930890
|move|p2a: Glimmora|Earth Power|p1a: Darkrai
|-damage|p1a: Darkrai|0 fnt
|faint|p1a: Darkrai
|
|upkeep
|
|t:|1780930893
|switch|p1a: Suicune|Suicune|100/100
|-ability|p1a: Suicune|Pressure
|turn|5
|
|t:|1780930896
|move|p2a: Glimmora|Mortal Spin|p1a: Suicune
|-damage|p1a: Suicune|97/100
|-status|p1a: Suicune|psn
|move|p1a: Suicune|Calm Mind|p1a: Suicune
|-boost|p1a: Suicune|spa|1
|-boost|p1a: Suicune|spd|1
|
|-heal|p1a: Suicune|100/100 psn|[from] item: Leftovers
|-damage|p1a: Suicune|88/100 psn|[from] psn
|upkeep
|turn|6
|
|t:|1780930902
|switch|p2a: Smino|Gholdengo|100/100
|move|p1a: Suicune|Calm Mind|p1a: Suicune
|-boost|p1a: Suicune|spa|1
|-boost|p1a: Suicune|spd|1
|
|-heal|p1a: Suicune|94/100 psn|[from] item: Leftovers
|-damage|p1a: Suicune|82/100 psn|[from] psn
|upkeep
|turn|7
|
|t:|1780930904
|move|p2a: Smino|Trick|p1a: Suicune
|-activate|p2a: Smino|move: Trick|[of] p1a: Suicune
|-item|p1a: Suicune|Choice Scarf|[from] move: Trick
|-item|p2a: Smino|Leftovers|[from] move: Trick
|move|p1a: Suicune|Scald|p2a: Smino
|-damage|p2a: Smino|38/100
|-status|p2a: Smino|brn
|
|-heal|p2a: Smino|44/100 brn|[from] item: Leftovers
|-damage|p1a: Suicune|70/100 psn|[from] psn
|-damage|p2a: Smino|38/100 brn|[from] brn
|upkeep
|turn|8
|
|t:|1780930910
|switch|p2a: Alvvays|Umbreon, M|100/100
|move|p1a: Suicune|Scald|p2a: Alvvays
|-damage|p2a: Alvvays|72/100
|
|-damage|p1a: Suicune|57/100 psn|[from] psn
|upkeep
|turn|9
|
|t:|1780930915
|move|p1a: Suicune|Scald|p2a: Alvvays
|-damage|p2a: Alvvays|44/100
|move|p2a: Alvvays|Wish|p2a: Alvvays
|
|-damage|p1a: Suicune|45/100 psn|[from] psn
|upkeep
|turn|10
|
|t:|1780930917
|move|p1a: Suicune|Scald|p2a: Alvvays
|-damage|p2a: Alvvays|19/100
|move|p2a: Alvvays|Wish||[still]
|-fail|p2a: Alvvays
|
|-heal|p2a: Alvvays|69/100|[from] move: Wish|[wisher] Alvvays
|-damage|p1a: Suicune|32/100 psn|[from] psn
|upkeep
|turn|11
|
|t:|1780930920
|move|p1a: Suicune|Scald|p2a: Alvvays
|-damage|p2a: Alvvays|40/100
|move|p2a: Alvvays|Wish|p2a: Alvvays
|
|-damage|p1a: Suicune|20/100 psn|[from] psn
|upkeep
|turn|12
|
|t:|1780930923
|move|p1a: Suicune|Scald|p2a: Alvvays
|-damage|p2a: Alvvays|13/100
|move|p2a: Alvvays|Wish||[still]
|-fail|p2a: Alvvays
|
|-heal|p2a: Alvvays|63/100|[from] move: Wish|[wisher] Alvvays
|-damage|p1a: Suicune|8/100 psn|[from] psn
|upkeep
|turn|13
|
|t:|1780930926
|move|p1a: Suicune|Scald|p2a: Alvvays
|-damage|p2a: Alvvays|36/100
|move|p2a: Alvvays|Wish|p2a: Alvvays
|
|-damage|p1a: Suicune|0 fnt|[from] psn
|faint|p1a: Suicune
|upkeep
|
|t:|1780930929
|switch|p1a: Lokix|Lokix, F|100/100
|turn|14
|
|t:|1780930933
|switch|p2a: Smino|Gholdengo|38/100 brn
|move|p1a: Lokix|U-turn|p2a: Smino
|-resisted|p2a: Smino
|-damage|p2a: Smino|11/100 brn
|
|t:|1780930937
|switch|p1a: Clodsire|Clodsire, M|100/100|[from] U-turn
|
|-heal|p2a: Smino|73/100 brn|[from] move: Wish|[wisher] Alvvays
|-heal|p2a: Smino|79/100 brn|[from] item: Leftovers
|-damage|p2a: Smino|73/100 brn|[from] brn
|upkeep
|turn|15
|
|t:|1780930943
|move|p2a: Smino|Psyshock|p1a: Clodsire
|-supereffective|p1a: Clodsire
|-damage|p1a: Clodsire|32/100
|move|p1a: Clodsire|Stealth Rock|p2a: Smino
|-sidestart|p2: Auburn Hills|move: Stealth Rock
|
|-heal|p2a: Smino|79/100 brn|[from] item: Leftovers
|-heal|p1a: Clodsire|38/100|[from] item: Black Sludge
|-damage|p2a: Smino|73/100 brn|[from] brn
|upkeep
|turn|16
|
|t:|1780930948
|switch|p1a: Corviknight|Corviknight, M|100/100
|-ability|p1a: Corviknight|Pressure
|move|p2a: Smino|Shadow Ball|p1a: Corviknight
|-damage|p1a: Corviknight|58/100
|
|-heal|p2a: Smino|79/100 brn|[from] item: Leftovers
|-damage|p2a: Smino|73/100 brn|[from] brn
|upkeep
|turn|17
|
|t:|1780930961
|move|p2a: Smino|Shadow Ball|p1a: Corviknight
|-damage|p1a: Corviknight|17/100
|move|p1a: Corviknight|Roost|p1a: Corviknight
|-heal|p1a: Corviknight|67/100
|-singleturn|p1a: Corviknight|move: Roost
|
|-heal|p2a: Smino|79/100 brn|[from] item: Leftovers
|-damage|p2a: Smino|73/100 brn|[from] brn
|upkeep
|turn|18
|
|t:|1780930977
|move|p2a: Smino|Shadow Ball|p1a: Corviknight
|-damage|p1a: Corviknight|28/100
|move|p1a: Corviknight|U-turn|p2a: Smino
|-resisted|p2a: Smino
|-damage|p2a: Smino|69/100 brn
|
|t:|1780930979
|switch|p1a: Lokix|Lokix, F|100/100|[from] U-turn
|
|-heal|p2a: Smino|75/100 brn|[from] item: Leftovers
|-damage|p2a: Smino|69/100 brn|[from] brn
|upkeep
|turn|19
|inactive|Auburn Hills has 120 seconds left.
|
|t:|1780931029
|switch|p1a: Corviknight|Corviknight, M|28/100
|-ability|p1a: Corviknight|Pressure
|switch|p2a: Elucid|Dragonite, F|100/100
|
|upkeep
|turn|20
|
|t:|1780931035
|move|p2a: Elucid|Dragon Dance|p2a: Elucid
|-boost|p2a: Elucid|atk|1
|-boost|p2a: Elucid|spe|1
|move|p1a: Corviknight|U-turn|p2a: Elucid
|-resisted|p2a: Elucid
|-damage|p2a: Elucid|96/100
|
|t:|1780931037
|switch|p1a: Pecharunt|Pecharunt|100/100|[from] U-turn
|
|upkeep
|turn|21
|
|t:|1780931041
|-terastallize|p1a: Pecharunt|Fighting
|move|p2a: Elucid|Earthquake|p1a: Pecharunt
|-damage|p1a: Pecharunt|74/100
|move|p1a: Pecharunt|Malignant Chain|p2a: Elucid
|-damage|p2a: Elucid|66/100
|
|-damage|p1a: Pecharunt|62/100|[from] item: Black Sludge
|upkeep
|turn|22
|
|t:|1780931049
|switch|p2a: Glimmora|Glimmora, F|100/100
|-damage|p2a: Glimmora|88/100|[from] Stealth Rock
|move|p1a: Pecharunt|Malignant Chain|p2a: Glimmora
|-resisted|p2a: Glimmora
|-damage|p2a: Glimmora|78/100
|
|-damage|p1a: Pecharunt|49/100|[from] item: Black Sludge
|upkeep
|turn|23
|
|t:|1780931053
|move|p2a: Glimmora|Stealth Rock|p1a: Pecharunt
|-sidestart|p1: COLFOFLOW|move: Stealth Rock
|move|p1a: Pecharunt|Recover|p1a: Pecharunt
|-heal|p1a: Pecharunt|99/100
|
|-damage|p1a: Pecharunt|87/100|[from] item: Black Sludge
|upkeep
|turn|24
|
|t:|1780931056
|move|p2a: Glimmora|Mortal Spin|p1a: Pecharunt
|-damage|p1a: Pecharunt|84/100
|-status|p1a: Pecharunt|psn
|-sideend|p2: Auburn Hills|Stealth Rock|[from] move: Mortal Spin|[of] p2a: Glimmora
|move|p1a: Pecharunt|Parting Shot|p2a: Glimmora
|-unboost|p2a: Glimmora|atk|1
|-unboost|p2a: Glimmora|spa|1
|j| michealjackkson
|-message|COLFOFLOW forfeited.
|
|win|Auburn Hills
|raw|COLFOFLOW's rating: 1687 &rarr; <strong>1678</strong><br />(-9 for losing)
|raw|Auburn Hills's rating: 1894 &rarr; <strong>1903</strong><br />(+9 for winning)
|l|☆COLFOFLOW
|player|p1|
|l|☆Auburn Hills
|player|p2|
|l| michealjackkson
