|j|☆bfrhnnlfhroh
|j|☆Johnny tots
|t:|1781476022
|gametype|singles
|player|p1|bfrhnnlfhroh|170|1744
|player|p2|Johnny tots|265|1802
|gen|9
|tier|[Gen 9] OU
|rated|
|rule|HP Percentage Mod: HP is shown in percentages
|rule|Endless Battle Clause: Forcing endless battles is banned
|rule|Species Clause: Limit one of each Pokémon
|rule|OHKO Clause: OHKO moves are banned
|rule|Evasion Items Clause: Evasion items are banned
|rule|Evasion Moves Clause: Evasion moves are banned
|rule|Evasion Abilities Clause: Evasion abilities are banned
|rule|Sleep Moves Clause: Sleep-inducing moves are banned
|clearpoke
|poke|p1|Walking Wake|
|poke|p1|Great Tusk|
|poke|p1|Ninetales, M|
|poke|p1|Cinderace, M|
|poke|p1|Raging Bolt|
|poke|p1|Glimmora, M|
|poke|p2|Rillaboom, F|
|poke|p2|Klefki, F|
|poke|p2|Manaphy|
|poke|p2|Ogerpon-Wellspring, F|
|poke|p2|Dragapult, F|
|poke|p2|Clefable, F|
|teampreview
|l|☆Johnny tots
|player|p2|
|j|☆Johnny tots
|player|p2|Johnny tots|265|
|inactive|Battle timer is ON: inactive players will automatically lose when time's up. (requested by Johnny tots)
|
|t:|1781476068
|teamsize|p1|6
|teamsize|p2|6
|start
|switch|p1a: Cinderace|Cinderace, M|100/100
|switch|p2a: Klefki|Klefki, F|100/100
|turn|1
|
|t:|1781476079
|move|p2a: Klefki|Reflect|p2a: Klefki
|-sidestart|p2: Johnny tots|Reflect
|move|p1a: Cinderace|Pyro Ball|p2a: Klefki
|-supereffective|p2a: Klefki
|-damage|p2a: Klefki|34/100
|
|upkeep
|turn|2
|
|t:|1781476084
|move|p2a: Klefki|Thunder Wave|p1a: Cinderace
|-status|p1a: Cinderace|par
|cant|p1a: Cinderace|par
|
|upkeep
|turn|3
|
|t:|1781476089
|switch|p2a: Rillaboom|Rillaboom, F|100/100
|-fieldstart|move: Grassy Terrain|[from] ability: Grassy Surge|[of] p2a: Rillaboom
|move|p1a: Cinderace|Pyro Ball|p2a: Rillaboom
|-supereffective|p2a: Rillaboom
|-crit|p2a: Rillaboom
|-damage|p2a: Rillaboom|0 fnt
|faint|p2a: Rillaboom
|
|upkeep
|
|t:|1781476093
|switch|p2a: Cutmylifein2|Dragapult, F|100/100
|turn|4
|
|t:|1781476102
|switch|p1a: good|Ninetales, M|100/100
|-weather|SunnyDay|[from] ability: Drought|[of] p1a: good
|move|p2a: Cutmylifein2|Substitute|p2a: Cutmylifein2
|-start|p2a: Cutmylifein2|Substitute
|-damage|p2a: Cutmylifein2|76/100
|
|-weather|SunnyDay|[upkeep]
|-heal|p2a: Cutmylifein2|82/100|[from] Grassy Terrain
|-heal|p2a: Cutmylifein2|88/100|[from] item: Leftovers
|upkeep
|turn|5
|
|t:|1781476112
|move|p2a: Cutmylifein2|Dragon Darts|p1a: good
|-damage|p1a: good|68/100
|-anim|p2a: Cutmylifein2|Dragon Darts|p1a: good
|-damage|p1a: good|32/100
|move|p1a: good|Encore|p2a: Cutmylifein2
|-start|p2a: Cutmylifein2|Encore
|
|-weather|SunnyDay|[upkeep]
|-heal|p2a: Cutmylifein2|94/100|[from] Grassy Terrain
|-heal|p2a: Cutmylifein2|99/100|[from] item: Leftovers
|-heal|p1a: good|38/100|[from] Grassy Terrain
|upkeep
|turn|6
|
|t:|1781476126
|switch|p1a: Glimmora|Glimmora, M|100/100
|move|p2a: Cutmylifein2|Dragon Darts|p1a: Glimmora
|-damage|p1a: Glimmora|66/100
|-activate|p1a: Glimmora|ability: Toxic Debris
|-sidestart|p2: Johnny tots|move: Toxic Spikes
|-anim|p2a: Cutmylifein2|Dragon Darts|p1a: Glimmora
|-damage|p1a: Glimmora|31/100
|-activate|p1a: Glimmora|ability: Toxic Debris
|-sidestart|p2: Johnny tots|move: Toxic Spikes
|
|-weather|SunnyDay|[upkeep]
|-heal|p2a: Cutmylifein2|100/100|[from] Grassy Terrain
|-heal|p1a: Glimmora|38/100|[from] Grassy Terrain
|upkeep
|turn|7
|
|t:|1781476149
|move|p2a: Cutmylifein2|Dragon Darts|p1a: Glimmora
|-damage|p1a: Glimmora|6/100
|-anim|p2a: Cutmylifein2|Dragon Darts|p1a: Glimmora
|-damage|p1a: Glimmora|0 fnt
|faint|p1a: Glimmora
|
|-weather|SunnyDay|[upkeep]
|upkeep
|j| BiscoitoXDBr
|l|☆Johnny tots
|inactive|Johnny tots disconnected and has a minute to reconnect!
|player|p2|
|j| Eliv Thade
|
|t:|1781476159
|switch|p1a: Raging Bolt|Raging Bolt|100/100
|-activate|p1a: Raging Bolt|ability: Protosynthesis
|-start|p1a: Raging Bolt|protosynthesisspa
|turn|8
|j|☆Johnny tots
|inactive|Johnny tots reconnected and has 150 seconds left.
|player|p2|Johnny tots|265|
|
|t:|1781476165
|-terastallize|p1a: Raging Bolt|Fairy
|move|p2a: Cutmylifein2|Dragon Darts|p1a: Raging Bolt
|-immune|p1a: Raging Bolt
|move|p1a: Raging Bolt|Weather Ball|p2a: Cutmylifein2
|-resisted|p2a: Cutmylifein2
|-end|p2a: Cutmylifein2|Substitute
|-damage|p1a: Raging Bolt|91/100|[from] item: Life Orb
|
|-weather|SunnyDay|[upkeep]
|-heal|p1a: Raging Bolt|97/100|[from] Grassy Terrain
|-end|p2a: Cutmylifein2|Encore
|-sideend|p2: Johnny tots|Reflect
|upkeep
|turn|9
|
|t:|1781476182
|move|p2a: Cutmylifein2|Substitute|p2a: Cutmylifein2
|-start|p2a: Cutmylifein2|Substitute
|-damage|p2a: Cutmylifein2|76/100
|move|p1a: Raging Bolt|Draco Meteor|p2a: Cutmylifein2
|-supereffective|p2a: Cutmylifein2
|-end|p2a: Cutmylifein2|Substitute
|-unboost|p1a: Raging Bolt|spa|2
|-damage|p1a: Raging Bolt|87/100|[from] item: Life Orb
|
|-weather|SunnyDay|[upkeep]
|-heal|p2a: Cutmylifein2|82/100|[from] Grassy Terrain
|-heal|p2a: Cutmylifein2|88/100|[from] item: Leftovers
|-heal|p1a: Raging Bolt|93/100|[from] Grassy Terrain
|upkeep
|turn|10
|
|t:|1781476190
|move|p2a: Cutmylifein2|Substitute|p2a: Cutmylifein2
|-start|p2a: Cutmylifein2|Substitute
|-damage|p2a: Cutmylifein2|63/100
|move|p1a: Raging Bolt|Draco Meteor|p2a: Cutmylifein2|[miss]
|-miss|p1a: Raging Bolt|p2a: Cutmylifein2
|
|-weather|SunnyDay|[upkeep]
|-heal|p2a: Cutmylifein2|69/100|[from] Grassy Terrain
|-heal|p2a: Cutmylifein2|75/100|[from] item: Leftovers
|-heal|p1a: Raging Bolt|99/100|[from] Grassy Terrain
|-fieldend|move: Grassy Terrain
|upkeep
|turn|11
|
|t:|1781476200
|move|p2a: Cutmylifein2|Dragon Dance|p2a: Cutmylifein2
|-boost|p2a: Cutmylifein2|atk|1
|-boost|p2a: Cutmylifein2|spe|1
|move|p1a: Raging Bolt|Draco Meteor|p2a: Cutmylifein2
|-supereffective|p2a: Cutmylifein2
|-end|p2a: Cutmylifein2|Substitute
|-unboost|p1a: Raging Bolt|spa|2
|-damage|p1a: Raging Bolt|89/100|[from] item: Life Orb
|
|-weather|none
|-end|p1a: Raging Bolt|Protosynthesis
|-heal|p2a: Cutmylifein2|81/100|[from] item: Leftovers
|upkeep
|turn|12
|inactive|bfrhnnlfhroh has 120 seconds left.
|
|t:|1781476229
|move|p2a: Cutmylifein2|Substitute|p2a: Cutmylifein2
|-start|p2a: Cutmylifein2|Substitute
|-damage|p2a: Cutmylifein2|57/100
|move|p1a: Raging Bolt|Draco Meteor|p2a: Cutmylifein2
|-supereffective|p2a: Cutmylifein2
|-end|p2a: Cutmylifein2|Substitute
|-unboost|p1a: Raging Bolt|spa|2
|-damage|p1a: Raging Bolt|79/100|[from] item: Life Orb
|
|-heal|p2a: Cutmylifein2|63/100|[from] item: Leftovers
|upkeep
|turn|13
|inactive|bfrhnnlfhroh has 120 seconds left.
|l|☆Johnny tots
|inactive|Johnny tots disconnected and has a minute to reconnect!
|player|p2|
|j|☆Johnny tots
|inactive|Johnny tots reconnected and has 135 seconds left.
|player|p2|Johnny tots|265|
|j| Fat_Yogi
|l|☆Johnny tots
|inactive|Johnny tots disconnected and has a minute to reconnect!
|player|p2|
|j|☆Johnny tots
|inactive|Johnny tots reconnected and has 120 seconds left.
|player|p2|Johnny tots|265|
|
|t:|1781476272
|-terastallize|p2a: Cutmylifein2|Normal
|move|p2a: Cutmylifein2|Dragon Dance|p2a: Cutmylifein2
|-boost|p2a: Cutmylifein2|atk|1
|-boost|p2a: Cutmylifein2|spe|1
|move|p1a: Raging Bolt|Draco Meteor|p2a: Cutmylifein2
|-damage|p2a: Cutmylifein2|33/100
|-damage|p1a: Raging Bolt|69/100|[from] item: Life Orb
|
|-heal|p2a: Cutmylifein2|39/100|[from] item: Leftovers
|upkeep
|turn|14
|j| Ricolas385
|
|t:|1781476290
|-end|p1a: Raging Bolt|Protosynthesis|[silent]
|switch|p1a: good|Ninetales, M|38/100
|-weather|SunnyDay|[from] ability: Drought|[of] p1a: good
|move|p2a: Cutmylifein2|Last Resort|p1a: good
|-damage|p1a: good|0 fnt
|faint|p1a: good
|
|-weather|SunnyDay|[upkeep]
|-heal|p2a: Cutmylifein2|45/100|[from] item: Leftovers
|upkeep
|
|t:|1781476298
|switch|p1a: fast|Great Tusk|100/100
|-activate|p1a: fast|ability: Protosynthesis
|-start|p1a: fast|protosynthesisspe
|turn|15
|j| rexa2
|inactive|Johnny tots has 90 seconds left.
|j| Chooir
|l| Chooir
|inactive|Johnny tots has 60 seconds left.
|
|t:|1781476361
|move|p2a: Cutmylifein2|Substitute|p2a: Cutmylifein2
|-start|p2a: Cutmylifein2|Substitute
|-damage|p2a: Cutmylifein2|20/100
|move|p1a: fast|Headlong Rush|p2a: Cutmylifein2
|-end|p2a: Cutmylifein2|Substitute
|-unboost|p1a: fast|def|1
|-unboost|p1a: fast|spd|1
|
|-weather|SunnyDay|[upkeep]
|-heal|p2a: Cutmylifein2|27/100|[from] item: Leftovers
|upkeep
|turn|16
|inactive|bfrhnnlfhroh has 120 seconds left.
|
|t:|1781476372
|move|p2a: Cutmylifein2|Last Resort|p1a: fast
|-damage|p1a: fast|0 fnt
|faint|p1a: fast
|-end|p1a: fast|Protosynthesis|[silent]
|
|-weather|SunnyDay|[upkeep]
|-heal|p2a: Cutmylifein2|33/100|[from] item: Leftovers
|upkeep
|
|t:|1781476381
|switch|p1a: Cinderace|Cinderace, M|100/100 par
|turn|17
|inactive|bfrhnnlfhroh has 120 seconds left.
|
|t:|1781476388
|move|p2a: Cutmylifein2|Substitute|p2a: Cutmylifein2
|-start|p2a: Cutmylifein2|Substitute
|-damage|p2a: Cutmylifein2|8/100
|cant|p1a: Cinderace|par
|
|-weather|SunnyDay|[upkeep]
|-heal|p2a: Cutmylifein2|14/100|[from] item: Leftovers
|upkeep
|turn|18
|inactive|bfrhnnlfhroh has 120 seconds left.
|
|t:|1781476399
|cant|p1a: Cinderace|par
|move|p2a: Cutmylifein2|Dragon Darts|p1a: Cinderace
|-crit|p1a: Cinderace
|-damage|p1a: Cinderace|0 fnt
|faint|p1a: Cinderace
|
|-weather|SunnyDay|[upkeep]
|-heal|p2a: Cutmylifein2|20/100|[from] item: Leftovers
|upkeep
|-message|bfrhnnlfhroh forfeited.
|
|win|Johnny tots
|raw|bfrhnnlfhroh's rating: 1744 &rarr; <strong>1727</strong><br />(-17 for losing)
|raw|Johnny tots's rating: 1802 &rarr; <strong>1819</strong><br />(+17 for winning)
|l|☆bfrhnnlfhroh
|player|p1|
|l|☆Johnny tots
|player|p2|
|l| rexa2
|l| Fat_Yogi
|j| rexa2
|l| BiscoitoXDBr
|l| Ricolas385
|l| rexa2
