|j|☆Indralok
|j|☆LowEL0God
|t:|1781256145
|gametype|singles
|player|p1|Indralok|dawn|1563
|player|p2|LowEL0God|265|1620
|gen|9
|tier|[Gen 9] OU
|rated|
|rule|HP Percentage Mod: HP is shown in percentages
|rule|Endless Battle Clause: Forcing endless battles is banned
|rule|Species Clause: Limit one of each Pokémon
|rule|OHKO Clause: OHKO moves are banned
|rule|Evasion Items Clause: Evasion items are banned
|rule|Evasion Moves Clause: Evasion moves are banned
|rule|Evasion Abilities Clause: Evasion abilities are banned
|rule|Sleep Moves Clause: Sleep-inducing moves are banned
|clearpoke
|poke|p1|Slowking-Galar, F|
|poke|p1|Great Tusk|
|poke|p1|Kyurem|
|poke|p1|Kingambit, F|
|poke|p1|Cinderace, M|
|poke|p1|Zapdos|
|poke|p2|Pelipper, F|
|poke|p2|Raging Bolt|
|poke|p2|Overqwil, M|
|poke|p2|Barraskewda, F|
|poke|p2|Iron Treads|
|poke|p2|Kingambit, F|
|teampreview
|c|☆LowEL0God|hf
|inactive|Battle timer is ON: inactive players will automatically lose when time's up. (requested by LowEL0God)
|c|☆Indralok|you too
|
|t:|1781256157
|teamsize|p1|6
|teamsize|p2|6
|start
|switch|p1a: Slowking|Slowking-Galar, F|100/100
|switch|p2a: Kingambit|Kingambit, F|100/100
|turn|1
|
|t:|1781256161
|switch|p1a: Great Tusk|Great Tusk|100/100
|move|p2a: Kingambit|Swords Dance|p2a: Kingambit
|-boost|p2a: Kingambit|atk|2
|
|upkeep
|turn|2
|
|t:|1781256163
|-terastallize|p2a: Kingambit|Dark
|move|p1a: Great Tusk|Close Combat|p2a: Kingambit
|-supereffective|p2a: Kingambit
|-crit|p2a: Kingambit
|-damage|p2a: Kingambit|0 fnt
|-unboost|p1a: Great Tusk|def|1
|-unboost|p1a: Great Tusk|spd|1
|faint|p2a: Kingambit
|-end|p2a: Kingambit|fallenundefined|[silent]
|
|upkeep
|
|t:|1781256164
|switch|p2a: Barraskewda|Barraskewda, F|100/100
|turn|3
|
|t:|1781256169
|-end|p1a: Great Tusk|Protosynthesis|[silent]
|switch|p1a: Kyurem|Kyurem|100/100
|-ability|p1a: Kyurem|Pressure
|move|p2a: Barraskewda|Liquidation|p1a: Kyurem
|-resisted|p1a: Kyurem
|-damage|p1a: Kyurem|68/100
|
|upkeep
|turn|4
|
|t:|1781256173
|switch|p2a: Iron Treads|Iron Treads|100/100
|-enditem|p2a: Iron Treads|Booster Energy
|-activate|p2a: Iron Treads|ability: Quark Drive|[fromitem]
|-start|p2a: Iron Treads|quarkdrivespe
|move|p1a: Kyurem|Freeze-Dry|p2a: Iron Treads
|-damage|p2a: Iron Treads|16/100
|
|upkeep
|turn|5
|
|t:|1781256179
|switch|p1a: Cinderace|Cinderace, M|100/100
|move|p2a: Iron Treads|Steel Beam|p1a: Cinderace
|-resisted|p1a: Cinderace
|-damage|p1a: Cinderace|68/100
|-damage|p2a: Iron Treads|0 fnt|[from] steelbeam
|faint|p2a: Iron Treads
|-end|p2a: Iron Treads|Quark Drive|[silent]
|
|upkeep
|
|t:|1781256181
|switch|p2a: Barraskewda|Barraskewda, F|100/100
|turn|6
|
|t:|1781256185
|move|p2a: Barraskewda|Liquidation|p1a: Cinderace
|-supereffective|p1a: Cinderace
|-damage|p1a: Cinderace|0 fnt
|faint|p1a: Cinderace
|
|upkeep
|
|t:|1781256189
|switch|p1a: Kyurem|Kyurem|68/100
|-ability|p1a: Kyurem|Pressure
|turn|7
|
|t:|1781256192
|move|p2a: Barraskewda|Liquidation|p1a: Kyurem
|-resisted|p1a: Kyurem
|-damage|p1a: Kyurem|37/100
|move|p1a: Kyurem|Freeze-Dry|p2a: Barraskewda
|-supereffective|p2a: Barraskewda
|-damage|p2a: Barraskewda|0 fnt
|faint|p2a: Barraskewda
|
|upkeep
|
|t:|1781256193
|switch|p2a: Overqwil|Overqwil, M|100/100
|turn|8
|
|t:|1781256198
|switch|p1a: Great Tusk|Great Tusk|100/100
|move|p2a: Overqwil|Crunch|p1a: Great Tusk
|-resisted|p1a: Great Tusk
|-damage|p1a: Great Tusk|83/100
|-damage|p2a: Overqwil|91/100|[from] item: Life Orb
|
|-heal|p1a: Great Tusk|89/100|[from] item: Leftovers
|upkeep
|turn|9
|
|t:|1781256204
|-end|p1a: Great Tusk|Protosynthesis|[silent]
|switch|p1a: Kyurem|Kyurem|37/100
|-ability|p1a: Kyurem|Pressure
|switch|p2a: Pelipper|Pelipper, F|100/100
|-weather|RainDance|[from] ability: Drizzle|[of] p2a: Pelipper
|
|-weather|RainDance|[upkeep]
|upkeep
|turn|10
|
|t:|1781256206
|move|p1a: Kyurem|Freeze-Dry|p2a: Pelipper
|-supereffective|p2a: Pelipper
|-damage|p2a: Pelipper|0 fnt
|faint|p2a: Pelipper
|
|-weather|RainDance|[upkeep]
|upkeep
|
|t:|1781256206
|switch|p2a: Overqwil|Overqwil, M|91/100
|turn|11
|
|t:|1781256212
|switch|p1a: Zapdos|Zapdos, shiny|100/100
|move|p2a: Overqwil|Crunch|p1a: Zapdos
|-damage|p1a: Zapdos|61/100
|-damage|p2a: Overqwil|81/100|[from] item: Life Orb
|
|-weather|RainDance|[upkeep]
|upkeep
|turn|12
|
|t:|1781256215
|move|p2a: Overqwil|Swords Dance|p2a: Overqwil
|-boost|p2a: Overqwil|atk|2
|move|p1a: Zapdos|Thunder Wave|p2a: Overqwil
|-status|p2a: Overqwil|par
|
|-weather|RainDance|[upkeep]
|upkeep
|turn|13
|
|t:|1781256218
|move|p2a: Overqwil|Liquidation|p1a: Zapdos
|-damage|p1a: Zapdos|0 fnt
|faint|p1a: Zapdos
|-damage|p2a: Overqwil|71/100 par|[from] item: Life Orb
|
|-weather|RainDance|[upkeep]
|upkeep
|
|t:|1781256221
|switch|p1a: Great Tusk|Great Tusk|89/100
|turn|14
|
|t:|1781256224
|move|p1a: Great Tusk|Headlong Rush|p2a: Overqwil
|-supereffective|p2a: Overqwil
|-damage|p2a: Overqwil|0 fnt
|-unboost|p1a: Great Tusk|def|1
|-unboost|p1a: Great Tusk|spd|1
|faint|p2a: Overqwil
|
|-weather|RainDance|[upkeep]
|-heal|p1a: Great Tusk|95/100|[from] item: Leftovers
|upkeep
|
|t:|1781256225
|switch|p2a: Raging Bolt|Raging Bolt|100/100
|-enditem|p2a: Raging Bolt|Booster Energy
|-activate|p2a: Raging Bolt|ability: Protosynthesis|[fromitem]
|-start|p2a: Raging Bolt|protosynthesisspa
|turn|15
|
|t:|1781256227
|move|p2a: Raging Bolt|Thunderclap|p1a: Great Tusk
|-immune|p1a: Great Tusk
|move|p1a: Great Tusk|Headlong Rush|p2a: Raging Bolt
|-supereffective|p2a: Raging Bolt
|-damage|p2a: Raging Bolt|0 fnt
|-unboost|p1a: Great Tusk|def|1
|-unboost|p1a: Great Tusk|spd|1
|faint|p2a: Raging Bolt
|-end|p2a: Raging Bolt|Protosynthesis|[silent]
|
|win|Indralok
|raw|Indralok's rating: 1563 &rarr; <strong>1586</strong><br />(+23 for winning)
|raw|LowEL0God's rating: 1620 &rarr; <strong>1597</strong><br />(-23 for losing)
|c|☆Indralok|gg
