|j|☆Jet Pilot Skyla
|j|☆LowEL0God
|t:|1781095040
|gametype|singles
|player|p1|Jet Pilot Skyla|skyla|1554
|player|p2|LowEL0God|265|1612
|gen|9
|tier|[Gen 9] OU
|rated|
|rule|HP Percentage Mod: HP is shown in percentages
|rule|Endless Battle Clause: Forcing endless battles is banned
|rule|Species Clause: Limit one of each Pokémon
|rule|OHKO Clause: OHKO moves are banned
|rule|Evasion Items Clause: Evasion items are banned
|rule|Evasion Moves Clause: Evasion moves are banned
|rule|Evasion Abilities Clause: Evasion abilities are banned
|rule|Sleep Moves Clause: Sleep-inducing moves are banned
|clearpoke
|poke|p1|Porygon-Z|
|poke|p1|Lokix, M|
|poke|p1|Cinderace, M|
|poke|p1|Great Tusk|
|poke|p1|Slowking-Galar, M|
|poke|p1|Alomomola, M|
|poke|p2|Pelipper, M|
|poke|p2|Torkoal, M|
|poke|p2|Walking Wake|
|poke|p2|Kyurem|
|poke|p2|Ninetales-Alola, M|
|poke|p2|Ogerpon-Wellspring, F|
|teampreview
|inactive|Battle timer is ON: inactive players will automatically lose when time's up. (requested by Jet Pilot Skyla)
|c|☆LowEL0God|hf
|inactive|LowEL0God also wants the timer to be on.
|
|t:|1781095047
|teamsize|p1|6
|teamsize|p2|6
|start
|switch|p1a: Shoop da Woop|Porygon-Z|100/100
|switch|p2a: Ninetales|Ninetales-Alola, M|100/100
|-weather|Snowscape|[from] ability: Snow Warning|[of] p2a: Ninetales
|-ability|p1a: Shoop da Woop|Download|boost
|-boost|p1a: Shoop da Woop|atk|1
|turn|1
|
|t:|1781095051
|move|p2a: Ninetales|Aurora Veil|p2a: Ninetales
|-sidestart|p2: LowEL0God|move: Aurora Veil
|move|p1a: Shoop da Woop|Tri Attack|p2a: Ninetales
|-damage|p2a: Ninetales|72/100
|-status|p2a: Ninetales|par
|
|-weather|Snowscape|[upkeep]
|upkeep
|turn|2
|
|t:|1781095057
|switch|p1a: Brain Damage|Slowking-Galar, M|100/100
|switch|p2a: Walking Wake|Walking Wake|100/100
|
|-weather|Snowscape|[upkeep]
|upkeep
|turn|3
|
|t:|1781095061
|move|p2a: Walking Wake|Hydro Steam|p1a: Brain Damage
|-damage|p1a: Brain Damage|52/100
|-prepare|p1a: Brain Damage|Chilly Reception|[premajor]
|move|p1a: Brain Damage|Chilly Reception|p1a: Brain Damage
|
|t:|1781095073
|switch|p1a: da Fish|Alomomola, M|100/100|[from] Chilly Reception
|
|-weather|Snowscape|[upkeep]
|upkeep
|turn|4
|
|t:|1781095077
|move|p2a: Walking Wake|Hydro Steam|p1a: da Fish
|-resisted|p1a: da Fish
|-damage|p1a: da Fish|72/100
|-enditem|p1a: da Fish|Eject Button
|
|t:|1781095082
|switch|p1a: Brain Damage|Slowking-Galar, M|85/100
|
|-weather|Snowscape|[upkeep]
|upkeep
|turn|5
|
|t:|1781095084
|move|p2a: Walking Wake|Hydro Steam|p1a: Brain Damage
|-damage|p1a: Brain Damage|41/100
|move|p1a: Brain Damage|Thunder Wave|p2a: Walking Wake
|-status|p2a: Walking Wake|par
|
|-weather|Snowscape|[upkeep]
|-sideend|p2: LowEL0God|move: Aurora Veil
|upkeep
|turn|6
|
|t:|1781095087
|switch|p1a: da Fish|Alomomola, M|100/100
|move|p2a: Walking Wake|Hydro Steam|p1a: da Fish
|-resisted|p1a: da Fish
|-damage|p1a: da Fish|73/100
|
|-weather|Snowscape|[upkeep]
|upkeep
|turn|7
|
|t:|1781095090
|move|p2a: Walking Wake|Hydro Steam|p1a: da Fish
|-resisted|p1a: da Fish
|-damage|p1a: da Fish|48/100
|move|p1a: da Fish|Wish|p1a: da Fish
|
|-weather|Snowscape|[upkeep]
|upkeep
|turn|8
|
|t:|1781095095
|move|p2a: Walking Wake|Hydro Steam|p1a: da Fish
|-resisted|p1a: da Fish
|-damage|p1a: da Fish|22/100
|move|p1a: da Fish|Flip Turn|p2a: Walking Wake
|-resisted|p2a: Walking Wake
|-damage|p2a: Walking Wake|96/100 par
|
|t:|1781095102
|switch|p1a: Shoop da Woop|Porygon-Z|100/100|[from] Flip Turn
|-ability|p1a: Shoop da Woop|Download|boost
|-boost|p1a: Shoop da Woop|spa|1
|
|-weather|none
|upkeep
|turn|9
|
|t:|1781095107
|-end|p2a: Walking Wake|Protosynthesis|[silent]
|switch|p2a: Ninetales|Ninetales-Alola, M|72/100 par
|-weather|Snowscape|[from] ability: Snow Warning|[of] p2a: Ninetales
|move|p1a: Shoop da Woop|Tri Attack|p2a: Ninetales
|-damage|p2a: Ninetales|0 fnt
|faint|p2a: Ninetales
|
|-weather|Snowscape|[upkeep]
|upkeep
|
|t:|1781095108
|switch|p2a: Ogerpon|Ogerpon-Wellspring, F|100/100
|turn|10
|
|t:|1781095112
|switch|p1a: Brain Damage|Slowking-Galar, M|74/100
|-terastallize|p2a: Ogerpon|Water
|detailschange|p2a: Ogerpon|Ogerpon-Wellspring-Tera, F, tera:Water
|-ability|p2a: Ogerpon|Embody Aspect (Wellspring)|boost
|-boost|p2a: Ogerpon|spd|1
|move|p2a: Ogerpon|Ivy Cudgel|p1a: Brain Damage|[anim] Ivy Cudgel Water
|-damage|p1a: Brain Damage|20/100
|
|-weather|Snowscape|[upkeep]
|upkeep
|turn|11
|
|t:|1781095123
|switch|p1a: Cheese Hater|Great Tusk|100/100
|move|p2a: Ogerpon|Ivy Cudgel|p1a: Cheese Hater|[anim] Ivy Cudgel Water
|-supereffective|p1a: Cheese Hater
|-damage|p1a: Cheese Hater|0 fnt
|faint|p1a: Cheese Hater
|-end|p1a: Cheese Hater|Protosynthesis|[silent]
|
|-weather|Snowscape|[upkeep]
|upkeep
|
|t:|1781095137
|switch|p1a: Red Card Apologist|Cinderace, M|100/100
|turn|12
|
|t:|1781095139
|move|p1a: Red Card Apologist|U-turn|p2a: Ogerpon
|-start|p1a: Red Card Apologist|typechange|Bug|[from] ability: Libero
|-damage|p2a: Ogerpon|54/100
|
|t:|1781095144
|switch|p1a: da Fish|Alomomola, M|55/100|[from] U-turn
|move|p2a: Ogerpon|Ivy Cudgel|p1a: da Fish|[anim] Ivy Cudgel Water
|-resisted|p1a: da Fish
|-damage|p1a: da Fish|30/100
|
|-weather|Snowscape|[upkeep]
|upkeep
|turn|13
|
|t:|1781095152
|move|p2a: Ogerpon|Horn Leech|p1a: da Fish
|-supereffective|p1a: da Fish
|-damage|p1a: da Fish|0 fnt
|-heal|p2a: Ogerpon|78/100|[from] drain|[of] p1a: da Fish
|faint|p1a: da Fish
|
|-weather|Snowscape|[upkeep]
|upkeep
|
|t:|1781095156
|switch|p1a: Blep|Lokix, M|100/100
|turn|14
|
|t:|1781095160
|switch|p2a: Kyurem|Kyurem|100/100
|-ability|p2a: Kyurem|Pressure
|move|p1a: Blep|First Impression|p2a: Kyurem
|-damage|p2a: Kyurem|54/100
|
|-weather|Snowscape|[upkeep]
|upkeep
|turn|15
|
|t:|1781095166
|switch|p1a: Red Card Apologist|Cinderace, M|100/100
|move|p2a: Kyurem|Icicle Spear|p1a: Red Card Apologist
|-resisted|p1a: Red Card Apologist
|-damage|p1a: Red Card Apologist|91/100
|-resisted|p1a: Red Card Apologist
|-damage|p1a: Red Card Apologist|80/100
|-hitcount|p1a: Red Card Apologist|2
|
|-weather|Snowscape|[upkeep]
|upkeep
|turn|16
|
|t:|1781095169
|switch|p2a: Hurricane Spam|Pelipper, M, shiny|100/100
|-weather|RainDance|[from] ability: Drizzle|[of] p2a: Hurricane Spam
|move|p1a: Red Card Apologist|Pyro Ball|p2a: Hurricane Spam
|-resisted|p2a: Hurricane Spam
|-damage|p2a: Hurricane Spam|88/100
|
|-weather|RainDance|[upkeep]
|upkeep
|turn|17
|
|t:|1781095173
|move|p1a: Red Card Apologist|U-turn|p2a: Hurricane Spam
|-start|p1a: Red Card Apologist|typechange|Bug|[from] ability: Libero
|-resisted|p2a: Hurricane Spam
|-damage|p2a: Hurricane Spam|70/100
|
|t:|1781095175
|switch|p1a: Brain Damage|Slowking-Galar, M|53/100|[from] U-turn
|move|p2a: Hurricane Spam|Hurricane|p1a: Brain Damage
|-damage|p1a: Brain Damage|0 fnt
|faint|p1a: Brain Damage
|
|-weather|RainDance|[upkeep]
|upkeep
|
|t:|1781095179
|switch|p1a: Shoop da Woop|Porygon-Z|100/100
|-ability|p1a: Shoop da Woop|Download|boost
|-boost|p1a: Shoop da Woop|spa|1
|turn|18
|
|t:|1781095184
|switch|p2a: Kyurem|Kyurem|54/100
|-ability|p2a: Kyurem|Pressure
|move|p1a: Shoop da Woop|Tri Attack|p2a: Kyurem
|-damage|p2a: Kyurem|0 fnt
|faint|p2a: Kyurem
|
|-weather|RainDance|[upkeep]
|upkeep
|
|t:|1781095185
|switch|p2a: Ogerpon|Ogerpon-Wellspring-Tera, F, tera:Water|78/100
|-ability|p2a: Ogerpon|Embody Aspect (Wellspring)|boost
|-boost|p2a: Ogerpon|spd|1
|turn|19
|
|t:|1781095189
|switch|p1a: Red Card Apologist|Cinderace, M|80/100
|move|p2a: Ogerpon|Ivy Cudgel|p1a: Red Card Apologist|[anim] Ivy Cudgel Water
|-supereffective|p1a: Red Card Apologist
|-damage|p1a: Red Card Apologist|0 fnt
|faint|p1a: Red Card Apologist
|
|-weather|RainDance|[upkeep]
|upkeep
|
|t:|1781095191
|switch|p1a: Blep|Lokix, M|100/100
|turn|20
|
|t:|1781095193
|move|p2a: Ogerpon|Ivy Cudgel|p1a: Blep|[anim] Ivy Cudgel Water
|-damage|p1a: Blep|0 fnt
|faint|p1a: Blep
|
|-weather|none
|upkeep
|-message|Jet Pilot Skyla forfeited.
|
|win|LowEL0God
|raw|Jet Pilot Skyla's rating: 1554 &rarr; <strong>1537</strong><br />(-17 for losing)
|raw|LowEL0God's rating: 1612 &rarr; <strong>1629</strong><br />(+17 for winning)
|l|☆Jet Pilot Skyla
|player|p1|
|c|☆LowEL0God|gg
|l|☆LowEL0God
|player|p2|
