|j|☆Can't swim 7
|j|☆cronem
|t:|1781459870
|gametype|singles
|player|p1|Can't swim 7|fisherman-gen4|1548
|player|p2|cronem|2|1527
|gen|9
|tier|[Gen 9] OU
|rated|
|rule|HP Percentage Mod: HP is shown in percentages
|rule|Endless Battle Clause: Forcing endless battles is banned
|rule|Species Clause: Limit one of each Pokémon
|rule|OHKO Clause: OHKO moves are banned
|rule|Evasion Items Clause: Evasion items are banned
|rule|Evasion Moves Clause: Evasion moves are banned
|rule|Evasion Abilities Clause: Evasion abilities are banned
|rule|Sleep Moves Clause: Sleep-inducing moves are banned
|clearpoke
|poke|p1|Gholdengo|
|poke|p1|Raging Bolt|
|poke|p1|Moltres|
|poke|p1|Dragonite, F|
|poke|p1|Ceruledge, M|
|poke|p1|Great Tusk|
|poke|p2|Iron Crown|
|poke|p2|Deoxys-Speed|
|poke|p2|Iron Valiant|
|poke|p2|Gardevoir, F|
|poke|p2|Samurott-Hisui, M|
|poke|p2|Hoopa-Unbound|
|teampreview
|
|t:|1781459884
|teamsize|p1|6
|teamsize|p2|6
|start
|switch|p1a: Ceruledge|Ceruledge, M|100/100
|switch|p2a: Samurott|Samurott-Hisui, M|100/100
|turn|1
|inactive|Battle timer is ON: inactive players will automatically lose when time's up. (requested by Can't swim 7)
|
|t:|1781459894
|move|p2a: Samurott|Ceaseless Edge|p1a: Ceruledge
|-supereffective|p1a: Ceruledge
|-enditem|p1a: Ceruledge|Focus Sash
|-damage|p1a: Ceruledge|1/100
|-ability|p1a: Ceruledge|Weak Armor|boost
|-unboost|p1a: Ceruledge|def|1
|-boost|p1a: Ceruledge|spe|2
|-sidestart|p1: Can't swim 7|Spikes
|move|p1a: Ceruledge|Close Combat|p2a: Samurott
|-supereffective|p2a: Samurott
|-enditem|p2a: Samurott|Focus Sash
|-damage|p2a: Samurott|1/100
|-unboost|p1a: Ceruledge|def|1
|-unboost|p1a: Ceruledge|spd|1
|
|upkeep
|turn|2
|
|t:|1781459907
|move|p1a: Ceruledge|Shadow Sneak|p2a: Samurott
|-resisted|p2a: Samurott
|-damage|p2a: Samurott|0 fnt
|faint|p2a: Samurott
|
|upkeep
|
|t:|1781459915
|switch|p2a: Iron Valiant|Iron Valiant|100/100
|-enditem|p2a: Iron Valiant|Booster Energy
|-activate|p2a: Iron Valiant|ability: Quark Drive|[fromitem]
|-start|p2a: Iron Valiant|quarkdrivespe
|turn|3
|
|t:|1781459925
|move|p2a: Iron Valiant|Shadow Ball|p1a: Ceruledge
|-supereffective|p1a: Ceruledge
|-damage|p1a: Ceruledge|0 fnt
|faint|p1a: Ceruledge
|
|upkeep
|
|t:|1781459946
|switch|p1a: Moltres|Moltres|100/100
|turn|4
|
|t:|1781459953
|-end|p2a: Iron Valiant|Quark Drive|[silent]
|switch|p2a: Deoxys|Deoxys-Speed|100/100
|-ability|p2a: Deoxys|Pressure
|move|p1a: Moltres|Flamethrower|p2a: Deoxys
|-crit|p2a: Deoxys
|-damage|p2a: Deoxys|8/100
|
|upkeep
|turn|5
|
|t:|1781459961
|move|p2a: Deoxys|Psychic Terrain|p2a: Deoxys
|-fieldstart|move: Psychic Terrain
|move|p1a: Moltres|Flamethrower|p2a: Deoxys
|-damage|p2a: Deoxys|0 fnt
|faint|p2a: Deoxys
|
|upkeep
|
|t:|1781459969
|switch|p2a: Gardevoir|Gardevoir, F, shiny|100/100
|-ability|p2a: Gardevoir|Flame Body|Trace|[from] ability: Trace|[of] p1a: Moltres
|turn|6
|
|t:|1781459985
|switch|p1a: Raging Bolt|Raging Bolt|100/100
|-damage|p1a: Raging Bolt|88/100|[from] Spikes
|-enditem|p1a: Raging Bolt|Booster Energy
|-activate|p1a: Raging Bolt|ability: Protosynthesis|[fromitem]
|-start|p1a: Raging Bolt|protosynthesisspa
|move|p2a: Gardevoir|Expanding Force|p1a: Raging Bolt
|-damage|p1a: Raging Bolt|14/100
|
|upkeep
|turn|7
|
|t:|1781459994
|move|p2a: Gardevoir|Expanding Force|p1a: Raging Bolt
|-damage|p1a: Raging Bolt|0 fnt
|faint|p1a: Raging Bolt
|-end|p1a: Raging Bolt|Protosynthesis|[silent]
|
|upkeep
|
|t:|1781460005
|switch|p1a: Gholdengo|Gholdengo|100/100
|-damage|p1a: Gholdengo|88/100|[from] Spikes
|turn|8
|
|t:|1781460009
|switch|p2a: Hoopa|Hoopa-Unbound|100/100
|move|p1a: Gholdengo|Shadow Ball|p2a: Hoopa
|-damage|p2a: Hoopa|78/100
|
|upkeep
|turn|9
|
|t:|1781460018
|switch|p1a: Great Tusk|Great Tusk|100/100
|-damage|p1a: Great Tusk|88/100|[from] Spikes
|move|p2a: Hoopa|Psychic Noise|p1a: Great Tusk
|-supereffective|p1a: Great Tusk
|-damage|p1a: Great Tusk|0 fnt
|faint|p1a: Great Tusk
|-end|p1a: Great Tusk|Protosynthesis|[silent]
|
|upkeep
|
|t:|1781460033
|switch|p1a: Dragonite|Dragonite, F|100/100
|turn|10
|
|t:|1781460043
|switch|p2a: Gardevoir|Gardevoir, F, shiny|100/100
|-ability|p2a: Gardevoir|Multiscale|Trace|[from] ability: Trace|[of] p1a: Dragonite
|move|p1a: Dragonite|Dragon Dance|p1a: Dragonite
|-boost|p1a: Dragonite|atk|1
|-boost|p1a: Dragonite|spe|1
|
|upkeep
|turn|11
|
|t:|1781460054
|move|p2a: Gardevoir|Expanding Force|p1a: Dragonite
|-damage|p1a: Dragonite|60/100
|move|p1a: Dragonite|Earthquake|p2a: Gardevoir
|-damage|p2a: Gardevoir|53/100
|
|upkeep
|turn|12
|
|t:|1781460079
|switch|p1a: Moltres|Moltres|100/100
|move|p2a: Gardevoir|Expanding Force|p1a: Moltres
|-damage|p1a: Moltres|38/100
|
|-fieldend|move: Psychic Terrain
|upkeep
|turn|13
|
|t:|1781460098
|switch|p2a: Iron Crown|Iron Crown|100/100
|-enditem|p2a: Iron Crown|Booster Energy
|-activate|p2a: Iron Crown|ability: Quark Drive|[fromitem]
|-start|p2a: Iron Crown|quarkdrivespa
|move|p1a: Moltres|Roost|p1a: Moltres
|-heal|p1a: Moltres|88/100
|-singleturn|p1a: Moltres|move: Roost
|
|upkeep
|turn|14
|
|t:|1781460108
|move|p2a: Iron Crown|Expanding Force|p1a: Moltres
|-crit|p1a: Moltres
|-damage|p1a: Moltres|25/100
|move|p1a: Moltres|Flamethrower|p2a: Iron Crown
|-supereffective|p2a: Iron Crown
|-damage|p2a: Iron Crown|25/100
|
|upkeep
|turn|15
|
|t:|1781460118
|switch|p1a: Gholdengo|Gholdengo|88/100
|-damage|p1a: Gholdengo|76/100|[from] Spikes
|move|p2a: Iron Crown|Expanding Force|p1a: Gholdengo
|-resisted|p1a: Gholdengo
|-damage|p1a: Gholdengo|45/100
|
|upkeep
|turn|16
|
|t:|1781460131
|move|p1a: Gholdengo|Dazzling Gleam|p2a: Iron Crown
|-resisted|p2a: Iron Crown
|-damage|p2a: Iron Crown|11/100
|move|p2a: Iron Crown|Tachyon Cutter|p1a: Gholdengo
|-resisted|p1a: Gholdengo
|-damage|p1a: Gholdengo|25/100
|-resisted|p1a: Gholdengo
|-damage|p1a: Gholdengo|4/100
|-hitcount|p1a: Gholdengo|2
|
|upkeep
|turn|17
|
|t:|1781460141
|move|p1a: Gholdengo|Dazzling Gleam|p2a: Iron Crown
|-resisted|p2a: Iron Crown
|-damage|p2a: Iron Crown|0 fnt
|faint|p2a: Iron Crown
|-end|p2a: Iron Crown|Quark Drive|[silent]
|
|upkeep
|inactive|cronem has 120 seconds left.
|
|t:|1781460183
|switch|p2a: Hoopa|Hoopa-Unbound|78/100
|turn|18
|inactive|cronem has 120 seconds left.
|
|t:|1781460189
|move|p1a: Gholdengo|Dazzling Gleam|p2a: Hoopa
|-supereffective|p2a: Hoopa
|-damage|p2a: Hoopa|51/100
|move|p2a: Hoopa|Psychic Noise|p1a: Gholdengo
|-resisted|p1a: Gholdengo
|-damage|p1a: Gholdengo|0 fnt
|faint|p1a: Gholdengo
|
|upkeep
|
|t:|1781460200
|switch|p1a: Dragonite|Dragonite, F|60/100
|turn|19
|
|t:|1781460204
|move|p1a: Dragonite|Dragon Dance|p1a: Dragonite
|-boost|p1a: Dragonite|atk|1
|-boost|p1a: Dragonite|spe|1
|move|p2a: Hoopa|Psychic Noise|p1a: Dragonite
|-damage|p1a: Dragonite|15/100
|-start|p1a: Dragonite|move: Heal Block
|
|upkeep
|turn|20
|
|t:|1781460222
|move|p1a: Dragonite|Earthquake|p2a: Hoopa
|-damage|p2a: Hoopa|0 fnt
|faint|p2a: Hoopa
|
|-end|p1a: Dragonite|move: Heal Block
|upkeep
|
|t:|1781460225
|switch|p2a: Iron Valiant|Iron Valiant|100/100
|turn|21
|
|t:|1781460231
|-terastallize|p1a: Dragonite|Normal
|move|p1a: Dragonite|Extreme Speed|p2a: Iron Valiant
|-damage|p2a: Iron Valiant|12/100
|move|p2a: Iron Valiant|Moonblast|p1a: Dragonite
|-damage|p1a: Dragonite|0 fnt
|faint|p1a: Dragonite
|
|upkeep
|
|t:|1781460242
|switch|p1a: Moltres|Moltres|25/100
|turn|22
|
|t:|1781460246
|move|p2a: Iron Valiant|Knock Off|p1a: Moltres
|-damage|p1a: Moltres|1/100
|-enditem|p1a: Moltres|Heavy-Duty Boots|[from] move: Knock Off|[of] p2a: Iron Valiant
|move|p1a: Moltres|Roost|p1a: Moltres
|-heal|p1a: Moltres|51/100
|-singleturn|p1a: Moltres|move: Roost
|
|upkeep
|turn|23
|
|t:|1781460254
|move|p2a: Iron Valiant|Shadow Ball|p1a: Moltres
|-damage|p1a: Moltres|30/100
|move|p1a: Moltres|Roost|p1a: Moltres
|-heal|p1a: Moltres|80/100
|-singleturn|p1a: Moltres|move: Roost
|
|upkeep
|turn|24
|
|t:|1781460264
|move|p2a: Iron Valiant|Shadow Ball|p1a: Moltres
|-damage|p1a: Moltres|60/100
|move|p1a: Moltres|Roost|p1a: Moltres
|-heal|p1a: Moltres|100/100
|-singleturn|p1a: Moltres|move: Roost
|
|upkeep
|turn|25
|
|t:|1781460271
|move|p2a: Iron Valiant|Shadow Ball|p1a: Moltres
|-damage|p1a: Moltres|81/100
|move|p1a: Moltres|Flamethrower|p2a: Iron Valiant
|-damage|p2a: Iron Valiant|0 fnt
|faint|p2a: Iron Valiant
|-end|p2a: Iron Valiant|Quark Drive|[silent]
|
|upkeep
|
|t:|1781460273
|switch|p2a: Gardevoir|Gardevoir, F, shiny|53/100
|-ability|p2a: Gardevoir|Flame Body|Trace|[from] ability: Trace|[of] p1a: Moltres
|turn|26
|
|t:|1781460284
|-terastallize|p2a: Gardevoir|Electric
|move|p2a: Gardevoir|Thunderbolt|p1a: Moltres
|-supereffective|p1a: Moltres
|-damage|p1a: Moltres|10/100
|-status|p1a: Moltres|par
|cant|p1a: Moltres|par
|
|upkeep
|turn|27
|
|t:|1781460292
|move|p2a: Gardevoir|Thunderbolt|p1a: Moltres
|-supereffective|p1a: Moltres
|-damage|p1a: Moltres|0 fnt
|faint|p1a: Moltres
|
|win|cronem
|raw|Can&apos;t swim 7's rating: 1548 &rarr; <strong>1527</strong><br />(-21 for losing)
|raw|cronem's rating: 1527 &rarr; <strong>1548</strong><br />(+21 for winning)
|l|☆cronem
|player|p2|
|c|☆Can't swim 7|gg
|l|☆Can't swim 7
|player|p1|
