|j|☆LowEL0God
|j|‽rrbrru
|t:|1781501993
|gametype|singles
|player|p1|LowEL0God|265|1607
|player|p2|rrbrru|1|1579
|gen|9
|tier|[Gen 9] OU
|rated|
|rule|HP Percentage Mod: HP is shown in percentages
|rule|Endless Battle Clause: Forcing endless battles is banned
|rule|Species Clause: Limit one of each Pokémon
|rule|OHKO Clause: OHKO moves are banned
|rule|Evasion Items Clause: Evasion items are banned
|rule|Evasion Moves Clause: Evasion moves are banned
|rule|Evasion Abilities Clause: Evasion abilities are banned
|rule|Sleep Moves Clause: Sleep-inducing moves are banned
|clearpoke
|poke|p1|Pelipper, M|
|poke|p1|Raging Bolt|
|poke|p1|Overqwil, M|
|poke|p1|Barraskewda, F|
|poke|p1|Iron Treads|
|poke|p1|Kingambit, M|
|poke|p2|Tyranitar, F|
|poke|p2|Excadrill, F|
|poke|p2|Hydrapple, F|
|poke|p2|Tornadus-Therian, M|
|poke|p2|Alomomola, M|
|poke|p2|Houndstone, F|
|teampreview
|c|☆LowEL0God|hf
|inactive|Battle timer is ON: inactive players will automatically lose when time's up. (requested by LowEL0God)
|
|t:|1781501997
|teamsize|p1|6
|teamsize|p2|6
|start
|switch|p1a: Kingambit|Kingambit, M|100/100
|switch|p2a: Tyranitar|Tyranitar, F|100/100
|-weather|Sandstorm|[from] ability: Sand Stream|[of] p2a: Tyranitar
|turn|1
|
|t:|1781502001
|switch|p2a: Houndstone|Houndstone, F|100/100
|-terastallize|p1a: Kingambit|Dark
|move|p1a: Kingambit|Iron Head|p2a: Houndstone
|-damage|p2a: Houndstone|43/100
|
|-weather|Sandstorm|[upkeep]
|-damage|p1a: Kingambit|94/100|[from] Sandstorm
|-heal|p1a: Kingambit|100/100|[from] item: Leftovers
|upkeep
|turn|2
|
|t:|1781502006
|move|p2a: Houndstone|Destiny Bond|p2a: Houndstone
|-singlemove|p2a: Houndstone|Destiny Bond
|move|p1a: Kingambit|Kowtow Cleave|p2a: Houndstone
|-supereffective|p2a: Houndstone
|-damage|p2a: Houndstone|0 fnt
|faint|p2a: Houndstone
|-activate|p2a: Houndstone|move: Destiny Bond
|faint|p1a: Kingambit
|-end|p1a: Kingambit|fallenundefined|[silent]
|
|-weather|Sandstorm|[upkeep]
|upkeep
|
|t:|1781502010
|switch|p2a: Excadrill|Excadrill, F|100/100
|switch|p1a: Overqwil|Overqwil, M|100/100
|turn|3
|
|t:|1781502017
|switch|p1a: Pelipper|Pelipper, M|100/100
|-weather|RainDance|[from] ability: Drizzle|[of] p1a: Pelipper
|move|p2a: Excadrill|Earthquake|p1a: Pelipper
|-immune|p1a: Pelipper
|
|-weather|RainDance|[upkeep]
|upkeep
|turn|4
|
|t:|1781502022
|switch|p2a: Tyranitar|Tyranitar, F|100/100
|-weather|Sandstorm|[from] ability: Sand Stream|[of] p2a: Tyranitar
|move|p1a: Pelipper|Weather Ball|p2a: Tyranitar
|-damage|p2a: Tyranitar|90/100
|
|-weather|Sandstorm|[upkeep]
|-damage|p1a: Pelipper|94/100|[from] Sandstorm
|-heal|p2a: Tyranitar|96/100|[from] item: Leftovers
|upkeep
|turn|5
|
|t:|1781502030
|switch|p1a: Iron Treads|Iron Treads|100/100
|-enditem|p1a: Iron Treads|Booster Energy
|-activate|p1a: Iron Treads|ability: Quark Drive|[fromitem]
|-start|p1a: Iron Treads|quarkdrivespe
|move|p2a: Tyranitar|Knock Off|p1a: Iron Treads
|-damage|p1a: Iron Treads|73/100
|
|-weather|Sandstorm|[upkeep]
|-heal|p2a: Tyranitar|100/100|[from] item: Leftovers
|upkeep
|turn|6
|
|t:|1781502040
|move|p1a: Iron Treads|Stealth Rock|p2a: Tyranitar
|-sidestart|p2: rrbrru|move: Stealth Rock
|move|p2a: Tyranitar|Low Kick|p1a: Iron Treads
|-supereffective|p1a: Iron Treads
|-damage|p1a: Iron Treads|5/100
|
|-weather|Sandstorm|[upkeep]
|upkeep
|turn|7
|
|t:|1781502043
|move|p1a: Iron Treads|Steel Beam|p2a: Tyranitar
|-supereffective|p2a: Tyranitar
|-damage|p2a: Tyranitar|48/100
|-damage|p1a: Iron Treads|0 fnt|[from] steelbeam
|faint|p1a: Iron Treads
|-end|p1a: Iron Treads|Quark Drive|[silent]
|move|p2a: Tyranitar|Ice Beam|p1: Iron Treads|[notarget]
|-fail|p2a: Tyranitar
|
|-weather|Sandstorm|[upkeep]
|-heal|p2a: Tyranitar|55/100|[from] item: Leftovers
|upkeep
|
|t:|1781502044
|switch|p1a: Barraskewda|Barraskewda, F|100/100
|turn|8
|inactive|rrbrru has 120 seconds left.
|inactive|rrbrru has 90 seconds left.
|l|‽rrbrru
|inactive|rrbrru disconnected and has a minute to reconnect!
|player|p2|
|inactive|rrbrru has 30 seconds to reconnect!
|j|‽rrbrru
|inactive|rrbrru reconnected and has 55 seconds left.
|player|p2|rrbrru|1|
|n|‽rrbrru|rrbrru
|
|t:|1781502149
|switch|p2a: Hydrapple|Hydrapple, F|100/100
|-damage|p2a: Hydrapple|88/100|[from] Stealth Rock
|move|p1a: Barraskewda|Flip Turn|p2a: Hydrapple
|-resisted|p2a: Hydrapple
|-damage|p2a: Hydrapple|79/100
|
|t:|1781502151
|switch|p1a: Raging Bolt|Raging Bolt|100/100|[from] Flip Turn
|-enditem|p1a: Raging Bolt|Booster Energy
|-activate|p1a: Raging Bolt|ability: Protosynthesis|[fromitem]
|-start|p1a: Raging Bolt|protosynthesisspa
|
|-weather|none
|upkeep
|turn|9
|inactive|rrbrru has 60 seconds left.
|
|t:|1781502163
|-terastallize|p2a: Hydrapple|Steel
|move|p1a: Raging Bolt|Draco Meteor|p2a: Hydrapple
|-resisted|p2a: Hydrapple
|-damage|p2a: Hydrapple|28/100
|-unboost|p1a: Raging Bolt|spa|2
|move|p2a: Hydrapple|Draco Meteor|p1a: Raging Bolt
|-supereffective|p1a: Raging Bolt
|-damage|p1a: Raging Bolt|0 fnt
|-unboost|p2a: Hydrapple|spa|2
|faint|p1a: Raging Bolt
|-end|p1a: Raging Bolt|Protosynthesis|[silent]
|-enditem|p2a: Hydrapple|Eject Pack
|
|t:|1781502166
|switch|p2a: Tyranitar|Tyranitar, F|55/100
|-damage|p2a: Tyranitar|42/100|[from] Stealth Rock
|-weather|Sandstorm|[from] ability: Sand Stream|[of] p2a: Tyranitar
|
|-weather|Sandstorm|[upkeep]
|-heal|p2a: Tyranitar|48/100|[from] item: Leftovers
|upkeep
|
|t:|1781502166
|switch|p1a: Barraskewda|Barraskewda, F|100/100
|turn|10
|
|t:|1781502172
|switch|p2a: Alomomola|Alomomola, M|100/100
|move|p1a: Barraskewda|Flip Turn|p2a: Alomomola
|-resisted|p2a: Alomomola
|-damage|p2a: Alomomola|85/100
|
|t:|1781502174
|switch|p1a: Pelipper|Pelipper, M|94/100|[from] Flip Turn
|-weather|RainDance|[from] ability: Drizzle|[of] p1a: Pelipper
|
|-weather|RainDance|[upkeep]
|upkeep
|turn|11
|
|t:|1781502178
|move|p1a: Pelipper|Hurricane|p2a: Alomomola
|-damage|p2a: Alomomola|54/100
|move|p2a: Alomomola|Wish|p2a: Alomomola
|
|-weather|RainDance|[upkeep]
|upkeep
|turn|12
|
|t:|1781502181
|move|p1a: Pelipper|U-turn|p2a: Alomomola
|-damage|p2a: Alomomola|48/100
|
|t:|1781502183
|switch|p1a: Barraskewda|Barraskewda, F|100/100|[from] U-turn
|move|p2a: Alomomola|Flip Turn|p1a: Barraskewda
|-resisted|p1a: Barraskewda
|-damage|p1a: Barraskewda|78/100
|
|t:|1781502186
|switch|p2a: Tyranitar|Tyranitar, F|48/100|[from] Flip Turn
|-damage|p2a: Tyranitar|36/100|[from] Stealth Rock
|-weather|Sandstorm|[from] ability: Sand Stream|[of] p2a: Tyranitar
|
|-weather|Sandstorm|[upkeep]
|-damage|p1a: Barraskewda|72/100|[from] Sandstorm
|-heal|p2a: Tyranitar|95/100|[from] move: Wish|[wisher] Alomomola
|-heal|p2a: Tyranitar|100/100|[from] item: Leftovers
|upkeep
|turn|13
|
|t:|1781502188
|switch|p2a: Alomomola|Alomomola, M|81/100
|move|p1a: Barraskewda|Liquidation|p2a: Alomomola
|-resisted|p2a: Alomomola
|-damage|p2a: Alomomola|59/100
|
|-weather|Sandstorm|[upkeep]
|-damage|p1a: Barraskewda|66/100|[from] Sandstorm
|-damage|p2a: Alomomola|53/100|[from] Sandstorm
|upkeep
|turn|14
|inactive|rrbrru has 120 seconds left.
|
|t:|1781502193
|move|p1a: Barraskewda|Liquidation|p2a: Alomomola
|-resisted|p2a: Alomomola
|-damage|p2a: Alomomola|31/100
|move|p2a: Alomomola|Flip Turn|p1a: Barraskewda
|-resisted|p1a: Barraskewda
|-damage|p1a: Barraskewda|51/100
|
|t:|1781502196
|switch|p2a: Excadrill|Excadrill, F|100/100|[from] Flip Turn
|-damage|p2a: Excadrill|97/100|[from] Stealth Rock
|
|-weather|Sandstorm|[upkeep]
|-damage|p1a: Barraskewda|45/100|[from] Sandstorm
|-heal|p2a: Excadrill|100/100|[from] item: Leftovers
|upkeep
|turn|15
|
|t:|1781502198
|switch|p1a: Pelipper|Pelipper, M|94/100
|-weather|RainDance|[from] ability: Drizzle|[of] p1a: Pelipper
|move|p2a: Excadrill|Rock Slide|p1a: Pelipper
|-supereffective|p1a: Pelipper
|-damage|p1a: Pelipper|48/100
|
|-weather|RainDance|[upkeep]
|upkeep
|turn|16
|
|t:|1781502203
|switch|p2a: Tyranitar|Tyranitar, F|100/100
|-damage|p2a: Tyranitar|88/100|[from] Stealth Rock
|-weather|Sandstorm|[from] ability: Sand Stream|[of] p2a: Tyranitar
|move|p1a: Pelipper|Weather Ball|p2a: Tyranitar
|-damage|p2a: Tyranitar|77/100
|
|-weather|Sandstorm|[upkeep]
|-damage|p1a: Pelipper|42/100|[from] Sandstorm
|-heal|p2a: Tyranitar|84/100|[from] item: Leftovers
|upkeep
|turn|17
|
|t:|1781502207
|move|p2a: Tyranitar|Stealth Rock|p1a: Pelipper
|-sidestart|p1: LowEL0God|move: Stealth Rock
|move|p1a: Pelipper|U-turn|p2a: Tyranitar
|-supereffective|p2a: Tyranitar
|-damage|p2a: Tyranitar|70/100
|
|t:|1781502207
|switch|p1a: Barraskewda|Barraskewda, F|45/100|[from] U-turn
|-damage|p1a: Barraskewda|32/100|[from] Stealth Rock
|
|-weather|Sandstorm|[upkeep]
|-damage|p1a: Barraskewda|26/100|[from] Sandstorm
|-heal|p2a: Tyranitar|76/100|[from] item: Leftovers
|upkeep
|turn|18
|
|t:|1781502211
|switch|p2a: Alomomola|Alomomola, M|64/100
|move|p1a: Barraskewda|Liquidation|p2a: Alomomola
|-resisted|p2a: Alomomola
|-damage|p2a: Alomomola|44/100
|
|-weather|Sandstorm|[upkeep]
|-damage|p1a: Barraskewda|20/100|[from] Sandstorm
|-damage|p2a: Alomomola|38/100|[from] Sandstorm
|upkeep
|turn|19
|
|t:|1781502216
|move|p1a: Barraskewda|Liquidation|p2a: Alomomola
|-resisted|p2a: Alomomola
|-damage|p2a: Alomomola|16/100
|move|p2a: Alomomola|Flip Turn|p1a: Barraskewda
|-resisted|p1a: Barraskewda
|-damage|p1a: Barraskewda|5/100
|
|t:|1781502218
|switch|p2a: Excadrill|Excadrill, F|100/100|[from] Flip Turn
|-damage|p2a: Excadrill|97/100|[from] Stealth Rock
|
|-weather|Sandstorm|[upkeep]
|-damage|p1a: Barraskewda|0 fnt|[from] Sandstorm
|faint|p1a: Barraskewda
|-heal|p2a: Excadrill|100/100|[from] item: Leftovers
|upkeep
|
|t:|1781502219
|switch|p1a: Pelipper|Pelipper, M|42/100
|-damage|p1a: Pelipper|18/100|[from] Stealth Rock
|-weather|RainDance|[from] ability: Drizzle|[of] p1a: Pelipper
|turn|20
|
|t:|1781502221
|move|p2a: Excadrill|Rapid Spin|p1a: Pelipper
|-damage|p1a: Pelipper|3/100
|-boost|p2a: Excadrill|spe|1
|-sideend|p2: rrbrru|Stealth Rock|[from] move: Rapid Spin|[of] p2a: Excadrill
|move|p1a: Pelipper|Roost|p1a: Pelipper
|-heal|p1a: Pelipper|53/100
|-singleturn|p1a: Pelipper|move: Roost
|
|-weather|RainDance|[upkeep]
|upkeep
|turn|21
|
|t:|1781502225
|switch|p2a: Tyranitar|Tyranitar, F|76/100
|-weather|Sandstorm|[from] ability: Sand Stream|[of] p2a: Tyranitar
|move|p1a: Pelipper|Roost|p1a: Pelipper
|-heal|p1a: Pelipper|100/100
|-singleturn|p1a: Pelipper|move: Roost
|
|-weather|Sandstorm|[upkeep]
|-damage|p1a: Pelipper|94/100|[from] Sandstorm
|-heal|p2a: Tyranitar|82/100|[from] item: Leftovers
|upkeep
|turn|22
|
|t:|1781502230
|move|p2a: Tyranitar|Knock Off|p1a: Pelipper
|-damage|p1a: Pelipper|54/100
|-enditem|p1a: Pelipper|Damp Rock|[from] move: Knock Off|[of] p2a: Tyranitar
|move|p1a: Pelipper|U-turn|p2a: Tyranitar
|-supereffective|p2a: Tyranitar
|-damage|p2a: Tyranitar|68/100
|
|t:|1781502230
|switch|p1a: Overqwil|Overqwil, M|100/100|[from] U-turn
|-damage|p1a: Overqwil|88/100|[from] Stealth Rock
|
|-weather|Sandstorm|[upkeep]
|-damage|p1a: Overqwil|82/100|[from] Sandstorm
|-heal|p2a: Tyranitar|74/100|[from] item: Leftovers
|upkeep
|turn|23
|
|t:|1781502236
|switch|p2a: Hydrapple|Hydrapple, F, tera:Steel|61/100
|move|p1a: Overqwil|Swords Dance|p1a: Overqwil
|-boost|p1a: Overqwil|atk|2
|
|-weather|Sandstorm|[upkeep]
|-damage|p1a: Overqwil|76/100|[from] Sandstorm
|upkeep
|turn|24
|
|t:|1781502238
|move|p1a: Overqwil|Crunch|p2a: Hydrapple
|-damage|p2a: Hydrapple|0 fnt
|faint|p2a: Hydrapple
|-damage|p1a: Overqwil|67/100|[from] item: Life Orb
|
|-weather|Sandstorm|[upkeep]
|-damage|p1a: Overqwil|61/100|[from] Sandstorm
|upkeep
|
|t:|1781502241
|switch|p2a: Excadrill|Excadrill, F|100/100
|turn|25
|
|t:|1781502245
|switch|p1a: Pelipper|Pelipper, M|54/100
|-damage|p1a: Pelipper|30/100|[from] Stealth Rock
|-weather|RainDance|[from] ability: Drizzle|[of] p1a: Pelipper
|move|p2a: Excadrill|Earthquake|p1a: Pelipper
|-immune|p1a: Pelipper
|
|-weather|RainDance|[upkeep]
|upkeep
|turn|26
|
|t:|1781502247
|switch|p1a: Overqwil|Overqwil, M|61/100
|-damage|p1a: Overqwil|48/100|[from] Stealth Rock
|move|p2a: Excadrill|Rock Slide|p1a: Overqwil|[miss]
|-miss|p2a: Excadrill|p1a: Overqwil
|
|-weather|RainDance|[upkeep]
|upkeep
|turn|27
|
|t:|1781502250
|switch|p2a: Tyranitar|Tyranitar, F|74/100
|-weather|Sandstorm|[from] ability: Sand Stream|[of] p2a: Tyranitar
|move|p1a: Overqwil|Liquidation|p2a: Tyranitar
|-supereffective|p2a: Tyranitar
|-damage|p2a: Tyranitar|11/100
|-damage|p1a: Overqwil|39/100|[from] item: Life Orb
|
|-weather|Sandstorm|[upkeep]
|-damage|p1a: Overqwil|33/100|[from] Sandstorm
|-heal|p2a: Tyranitar|17/100|[from] item: Leftovers
|upkeep
|turn|28
|
|t:|1781502254
|switch|p2a: Tornadus|Tornadus-Therian, M|100/100
|move|p1a: Overqwil|Crunch|p2a: Tornadus
|-damage|p2a: Tornadus|38/100
|-unboost|p2a: Tornadus|def|1
|-damage|p1a: Overqwil|23/100|[from] item: Life Orb
|
|-weather|Sandstorm|[upkeep]
|-damage|p2a: Tornadus|32/100|[from] Sandstorm
|-damage|p1a: Overqwil|17/100|[from] Sandstorm
|upkeep
|turn|29
|
|t:|1781502259
|move|p2a: Tornadus|Bleakwind Storm|p1a: Overqwil
|-damage|p1a: Overqwil|0 fnt
|faint|p1a: Overqwil
|
|-weather|Sandstorm|[upkeep]
|-damage|p2a: Tornadus|25/100|[from] Sandstorm
|upkeep
|
|t:|1781502260
|switch|p1a: Pelipper|Pelipper, M|30/100
|-damage|p1a: Pelipper|5/100|[from] Stealth Rock
|-weather|RainDance|[from] ability: Drizzle|[of] p1a: Pelipper
|turn|30
|
|t:|1781502262
|move|p2a: Tornadus|Knock Off|p1a: Pelipper
|-damage|p1a: Pelipper|0 fnt
|faint|p1a: Pelipper
|
|win|rrbrru
|raw|LowEL0God's rating: 1607 &rarr; <strong>1585</strong><br />(-22 for losing)
|raw|rrbrru's rating: 1579 &rarr; <strong>1601</strong><br />(+22 for winning)
|l|‽rrbrru
|player|p2|
|c|☆LowEL0God|gg
|l|☆LowEL0God
|player|p1|
