|j|☆lolcano46
|j|☆AllHailLechuguita
|t:|1781583045
|gametype|singles
|player|p1|lolcano46|fisherman-gen4|1493
|player|p2|AllHailLechuguita|170|1503
|gen|9
|tier|[Gen 9] OU
|rated|
|rule|HP Percentage Mod: HP is shown in percentages
|rule|Endless Battle Clause: Forcing endless battles is banned
|rule|Species Clause: Limit one of each Pokémon
|rule|OHKO Clause: OHKO moves are banned
|rule|Evasion Items Clause: Evasion items are banned
|rule|Evasion Moves Clause: Evasion moves are banned
|rule|Evasion Abilities Clause: Evasion abilities are banned
|rule|Sleep Moves Clause: Sleep-inducing moves are banned
|clearpoke
|poke|p1|Azelf|
|poke|p1|Ogerpon-Wellspring, F|
|poke|p1|Scizor, F|
|poke|p1|Gengar, M|
|poke|p1|Raging Bolt|
|poke|p1|Cinderace, M|
|poke|p2|Ribombee, F|
|poke|p2|Ogerpon-Wellspring, F|
|poke|p2|Great Tusk|
|poke|p2|Kingambit, F|
|poke|p2|Skeledirge, F|
|poke|p2|Gholdengo|
|teampreview
|inactive|Battle timer is ON: inactive players will automatically lose when time's up. (requested by lolcano46)
|
|t:|1781583050
|teamsize|p1|6
|teamsize|p2|6
|start
|switch|p1a: Gengar|Gengar, M|100/100
|switch|p2a: Ribombee|Ribombee, F, shiny|100/100
|turn|1
|
|t:|1781583065
|move|p1a: Gengar|Trick|p2a: Ribombee
|-activate|p1a: Gengar|move: Trick|[of] p2a: Ribombee
|-item|p2a: Ribombee|Choice Scarf|[from] move: Trick
|-item|p1a: Gengar|Focus Sash|[from] move: Trick
|move|p2a: Ribombee|Sticky Web|p1a: Gengar
|-sidestart|p1: lolcano46|move: Sticky Web
|
|upkeep
|turn|2
|
|t:|1781583073
|switch|p2a: Kingambit|Kingambit, F, shiny|100/100
|move|p1a: Gengar|Sludge Bomb|p2a: Kingambit
|-immune|p2a: Kingambit
|
|upkeep
|turn|3
|
|t:|1781583080
|move|p1a: Gengar|Shadow Ball|p2a: Kingambit
|-resisted|p2a: Kingambit
|-damage|p2a: Kingambit|78/100
|-unboost|p2a: Kingambit|spd|1
|move|p2a: Kingambit|Swords Dance|p2a: Kingambit
|-boost|p2a: Kingambit|atk|2
|
|upkeep
|turn|4
|
|t:|1781583084
|move|p2a: Kingambit|Sucker Punch|p1a: Gengar
|-supereffective|p1a: Gengar
|-enditem|p1a: Gengar|Focus Sash
|-damage|p1a: Gengar|1/100
|-start|p2a: Kingambit|Disable|Sucker Punch|[from] ability: Cursed Body|[of] p1a: Gengar
|move|p1a: Gengar|Shadow Ball|p2a: Kingambit
|-resisted|p2a: Kingambit
|-damage|p2a: Kingambit|47/100
|-unboost|p2a: Kingambit|spd|1
|
|upkeep
|turn|5
|
|t:|1781583087
|move|p1a: Gengar|Shadow Ball|p2a: Kingambit
|-resisted|p2a: Kingambit
|-damage|p2a: Kingambit|5/100
|move|p2a: Kingambit|Iron Head|p1a: Gengar
|-damage|p1a: Gengar|0 fnt
|faint|p1a: Gengar
|
|upkeep
|
|t:|1781583092
|switch|p1a: Cinderace|Cinderace, M|100/100
|turn|6
|
|t:|1781583101
|-end|p2a: Kingambit|fallenundefined|[silent]
|switch|p2a: Great Tusk|Great Tusk, shiny|100/100
|move|p1a: Cinderace|Pyro Ball|p2a: Great Tusk
|-damage|p2a: Great Tusk|64/100
|-status|p2a: Great Tusk|brn
|
|-heal|p2a: Great Tusk|70/100 brn|[from] item: Leftovers
|-damage|p2a: Great Tusk|64/100 brn|[from] brn
|upkeep
|turn|7
|
|t:|1781583104
|move|p1a: Cinderace|Pyro Ball|p2a: Great Tusk
|-damage|p2a: Great Tusk|25/100 brn
|move|p2a: Great Tusk|Rapid Spin|p1a: Cinderace
|-damage|p1a: Cinderace|89/100
|-boost|p2a: Great Tusk|spe|1
|
|-heal|p2a: Great Tusk|31/100 brn|[from] item: Leftovers
|-damage|p2a: Great Tusk|25/100 brn|[from] brn
|upkeep
|turn|8
|
|t:|1781583108
|move|p2a: Great Tusk|Earthquake|p1a: Cinderace
|-supereffective|p1a: Cinderace
|-damage|p1a: Cinderace|24/100
|move|p1a: Cinderace|Pyro Ball|p2a: Great Tusk
|-damage|p2a: Great Tusk|0 fnt
|faint|p2a: Great Tusk
|-end|p2a: Great Tusk|Protosynthesis|[silent]
|
|upkeep
|
|t:|1781583116
|switch|p2a: Ribombee|Ribombee, F, shiny|100/100
|turn|9
|
|t:|1781583118
|move|p2a: Ribombee|Moonblast|p1a: Cinderace
|-resisted|p1a: Cinderace
|-damage|p1a: Cinderace|0 fnt
|faint|p1a: Cinderace
|
|upkeep
|
|t:|1781583123
|switch|p1a: Scizor|Scizor, F|100/100
|-activate|p1a: Scizor|move: Sticky Web
|-unboost|p1a: Scizor|spe|1
|turn|10
|
|t:|1781583128
|switch|p2a: Skeledirge|Skeledirge, F|100/100
|move|p1a: Scizor|Swords Dance|p1a: Scizor
|-boost|p1a: Scizor|atk|2
|
|upkeep
|turn|11
|
|t:|1781583132
|-terastallize|p1a: Scizor|Fire
|move|p2a: Skeledirge|Will-O-Wisp|p1a: Scizor|[miss]
|-miss|p2a: Skeledirge|p1a: Scizor
|move|p1a: Scizor|Knock Off|p2a: Skeledirge
|-supereffective|p2a: Skeledirge
|-crit|p2a: Skeledirge
|-damage|p2a: Skeledirge|6/100
|-enditem|p2a: Skeledirge|Heavy-Duty Boots|[from] move: Knock Off|[of] p1a: Scizor
|
|upkeep
|turn|12
|
|t:|1781583140
|move|p1a: Scizor|Bullet Punch|p2a: Skeledirge
|-resisted|p2a: Skeledirge
|-damage|p2a: Skeledirge|0 fnt
|faint|p2a: Skeledirge
|
|upkeep
|
|t:|1781583144
|switch|p2a: Ogerpon|Ogerpon-Wellspring, F|100/100
|turn|13
|
|t:|1781583147
|switch|p1a: Ogerpon|Ogerpon-Wellspring, F|100/100
|-activate|p1a: Ogerpon|move: Sticky Web
|-unboost|p1a: Ogerpon|spe|1
|move|p2a: Ogerpon|Ivy Cudgel|p1a: Ogerpon|[anim] Ivy Cudgel Water
|-immune|p1a: Ogerpon|[from] ability: Water Absorb
|
|upkeep
|turn|14
|
|t:|1781583151
|move|p2a: Ogerpon|Swords Dance|p2a: Ogerpon
|-boost|p2a: Ogerpon|atk|2
|move|p1a: Ogerpon|Horn Leech|p2a: Ogerpon
|-damage|p2a: Ogerpon|37/100
|
|upkeep
|turn|15
|
|t:|1781583155
|switch|p1a: Raging Bolt|Raging Bolt|100/100
|-activate|p1a: Raging Bolt|move: Sticky Web
|-unboost|p1a: Raging Bolt|spe|1
|-enditem|p1a: Raging Bolt|Booster Energy
|-activate|p1a: Raging Bolt|ability: Protosynthesis|[fromitem]
|-start|p1a: Raging Bolt|protosynthesisspa
|move|p2a: Ogerpon|Horn Leech|p1a: Raging Bolt
|-resisted|p1a: Raging Bolt
|-damage|p1a: Raging Bolt|57/100
|-heal|p2a: Ogerpon|66/100|[from] drain|[of] p1a: Raging Bolt
|
|upkeep
|turn|16
|
|t:|1781583167
|move|p1a: Raging Bolt|Thunderclap|p2a: Ogerpon
|-damage|p2a: Ogerpon|3/100
|move|p2a: Ogerpon|Ivy Cudgel|p1a: Raging Bolt|[anim] Ivy Cudgel Water
|-resisted|p1a: Raging Bolt
|-damage|p1a: Raging Bolt|0 fnt
|faint|p1a: Raging Bolt
|-end|p1a: Raging Bolt|Protosynthesis|[silent]
|
|upkeep
|
|t:|1781583170
|switch|p1a: Scizor|Scizor, F, tera:Fire|100/100
|-activate|p1a: Scizor|move: Sticky Web
|-unboost|p1a: Scizor|spe|1
|turn|17
|
|t:|1781583174
|move|p1a: Scizor|Bullet Punch|p2a: Ogerpon
|-resisted|p2a: Ogerpon
|-damage|p2a: Ogerpon|0 fnt
|faint|p2a: Ogerpon
|
|upkeep
|
|t:|1781583177
|switch|p2a: Gholdengo|Gholdengo|100/100
|-item|p2a: Gholdengo|Air Balloon
|turn|18
|
|t:|1781583182
|switch|p1a: Ogerpon|Ogerpon-Wellspring, F|100/100
|-activate|p1a: Ogerpon|move: Sticky Web
|-unboost|p1a: Ogerpon|spe|1
|-terastallize|p2a: Gholdengo|Fairy
|move|p2a: Gholdengo|Thunder Wave|p1a: Ogerpon
|-status|p1a: Ogerpon|par
|
|upkeep
|turn|19
|
|t:|1781583188
|move|p2a: Gholdengo|Hex|p1a: Ogerpon
|-damage|p1a: Ogerpon|17/100 par
|move|p1a: Ogerpon|Ivy Cudgel|p2a: Gholdengo|[anim] Ivy Cudgel Water
|-damage|p2a: Gholdengo|39/100
|-enditem|p2a: Gholdengo|Air Balloon
|
|upkeep
|turn|20
|
|t:|1781583193
|move|p2a: Gholdengo|Hex|p1a: Ogerpon
|-damage|p1a: Ogerpon|0 fnt
|faint|p1a: Ogerpon
|
|upkeep
|
|t:|1781583195
|switch|p1a: Azelf|Azelf|100/100
|turn|21
|
|t:|1781583199
|move|p1a: Azelf|Mystical Power|p2a: Gholdengo
|-damage|p2a: Gholdengo|0 fnt
|-boost|p1a: Azelf|spa|1
|faint|p2a: Gholdengo
|
|upkeep
|
|t:|1781583202
|switch|p2a: Ribombee|Ribombee, F, shiny|100/100
|turn|22
|
|t:|1781583204
|move|p2a: Ribombee|Bug Buzz|p1a: Azelf
|-supereffective|p1a: Azelf
|-damage|p1a: Azelf|0 fnt
|faint|p1a: Azelf
|
|upkeep
|
|t:|1781583206
|switch|p1a: Scizor|Scizor, F, tera:Fire|100/100
|-activate|p1a: Scizor|move: Sticky Web
|-unboost|p1a: Scizor|spe|1
|turn|23
|
|t:|1781583207
|move|p1a: Scizor|Bullet Punch|p2a: Ribombee
|-supereffective|p2a: Ribombee
|-damage|p2a: Ribombee|0 fnt
|faint|p2a: Ribombee
|
|upkeep
|
|t:|1781583210
|switch|p2a: Kingambit|Kingambit, F, shiny|5/100
|-activate|p2a: Kingambit|ability: Supreme Overlord
|-start|p2a: Kingambit|fallen5|[silent]
|turn|24
|
|t:|1781583212
|move|p2a: Kingambit|Sucker Punch|p1a: Scizor
|-damage|p1a: Scizor|41/100
|move|p1a: Scizor|Bullet Punch|p2a: Kingambit
|-resisted|p2a: Kingambit
|-damage|p2a: Kingambit|0 fnt
|faint|p2a: Kingambit
|-end|p2a: Kingambit|fallen5|[silent]
|
|win|lolcano46
|raw|lolcano46's rating: 1493 &rarr; <strong>1515</strong><br />(+22 for winning)
|raw|AllHailLechuguita's rating: 1523 &rarr; <strong>1501</strong><br />(-22 for losing)
|l|☆AllHailLechuguita
|player|p2|
|l|☆lolcano46
|player|p1|
