|j|☆Thederpa1
|j|☆Archerdadon
|t:|1781188311
|gametype|singles
|player|p1|Thederpa1|swimmer-gen4dp|1545
|player|p2|Archerdadon|marshal|1543
|gen|9
|tier|[Gen 9] OU
|rated|
|rule|HP Percentage Mod: HP is shown in percentages
|rule|Endless Battle Clause: Forcing endless battles is banned
|rule|Species Clause: Limit one of each Pokémon
|rule|OHKO Clause: OHKO moves are banned
|rule|Evasion Items Clause: Evasion items are banned
|rule|Evasion Moves Clause: Evasion moves are banned
|rule|Evasion Abilities Clause: Evasion abilities are banned
|rule|Sleep Moves Clause: Sleep-inducing moves are banned
|clearpoke
|poke|p1|Alomomola, M|
|poke|p1|Salazzle, F|
|poke|p1|Mamoswine, M|
|poke|p1|Hoopa-Unbound|
|poke|p1|Latias, F|
|poke|p1|Corviknight, M|
|poke|p2|Dondozo, M|
|poke|p2|Great Tusk|
|poke|p2|Samurott-Hisui, F|
|poke|p2|Ting-Lu|
|poke|p2|Hydrapple, F|
|poke|p2|Gholdengo|
|teampreview
|
|t:|1781188316
|teamsize|p1|6
|teamsize|p2|6
|start
|switch|p1a: Hoopa|Hoopa-Unbound|100/100
|switch|p2a: Samurott|Samurott-Hisui, F|100/100
|turn|1
|inactive|Battle timer is ON: inactive players will automatically lose when time's up. (requested by Thederpa1)
|
|t:|1781188321
|switch|p1a: Alomomola|Alomomola, M|100/100
|move|p2a: Samurott|Ceaseless Edge|p1a: Alomomola
|-damage|p1a: Alomomola|78/100
|-damage|p2a: Samurott|84/100|[from] item: Rocky Helmet|[of] p1a: Alomomola
|-sidestart|p1: Thederpa1|Spikes
|
|upkeep
|turn|2
|
|t:|1781188326
|move|p2a: Samurott|Ceaseless Edge|p1a: Alomomola
|-damage|p1a: Alomomola|56/100
|-damage|p2a: Samurott|67/100|[from] item: Rocky Helmet|[of] p1a: Alomomola
|-sidestart|p1: Thederpa1|Spikes
|move|p1a: Alomomola|Flip Turn|p2a: Samurott
|-resisted|p2a: Samurott
|-damage|p2a: Samurott|56/100
|
|t:|1781188334
|switch|p1a: Latias|Latias, F|100/100|[from] Flip Turn
|
|upkeep
|turn|3
|
|t:|1781188361
|switch|p1a: Alomomola|Alomomola, M|90/100
|-damage|p1a: Alomomola|73/100|[from] Spikes
|move|p2a: Samurott|Ceaseless Edge|p1a: Alomomola
|-damage|p1a: Alomomola|48/100
|-damage|p2a: Samurott|40/100|[from] item: Rocky Helmet|[of] p1a: Alomomola
|-sidestart|p1: Thederpa1|Spikes
|
|upkeep
|turn|4
|
|t:|1781188369
|move|p2a: Samurott|Ceaseless Edge|p1a: Alomomola|[miss]
|-miss|p2a: Samurott|p1a: Alomomola
|move|p1a: Alomomola|Flip Turn|p2a: Samurott
|-resisted|p2a: Samurott
|-damage|p2a: Samurott|29/100
|
|t:|1781188375
|switch|p1a: Corviknight|Corviknight, M|100/100|[from] Flip Turn
|-ability|p1a: Corviknight|Pressure
|
|upkeep
|turn|5
|
|t:|1781188381
|switch|p2a: Gholdengo|Gholdengo|100/100
|move|p1a: Corviknight|Brave Bird|p2a: Gholdengo
|-resisted|p2a: Gholdengo
|-damage|p2a: Gholdengo|84/100
|-damage|p1a: Corviknight|95/100|[from] Recoil
|
|-heal|p2a: Gholdengo|90/100|[from] item: Leftovers
|-heal|p1a: Corviknight|100/100|[from] item: Leftovers
|upkeep
|turn|6
|
|t:|1781188393
|move|p2a: Gholdengo|Shadow Ball|p1a: Corviknight
|-crit|p1a: Corviknight
|-damage|p1a: Corviknight|49/100
|move|p1a: Corviknight|Bulk Up|p1a: Corviknight
|-boost|p1a: Corviknight|atk|1
|-boost|p1a: Corviknight|def|1
|
|-heal|p2a: Gholdengo|96/100|[from] item: Leftovers
|-heal|p1a: Corviknight|56/100|[from] item: Leftovers
|upkeep
|turn|7
|
|t:|1781188399
|move|p2a: Gholdengo|Nasty Plot|p2a: Gholdengo
|-boost|p2a: Gholdengo|spa|2
|move|p1a: Corviknight|Roost|p1a: Corviknight
|-heal|p1a: Corviknight|100/100
|-singleturn|p1a: Corviknight|move: Roost
|
|-heal|p2a: Gholdengo|100/100|[from] item: Leftovers
|upkeep
|turn|8
|
|t:|1781188416
|switch|p1a: Alomomola|Alomomola, M|81/100
|-damage|p1a: Alomomola|56/100|[from] Spikes
|move|p2a: Gholdengo|Shadow Ball|p1a: Alomomola
|-damage|p1a: Alomomola|0 fnt
|faint|p1a: Alomomola
|
|upkeep
|
|t:|1781188420
|switch|p1a: Latias|Latias, F|100/100
|turn|9
|
|t:|1781188427
|-terastallize|p1a: Latias|Normal
|move|p1a: Latias|Calm Mind|p1a: Latias
|-boost|p1a: Latias|spa|1
|-boost|p1a: Latias|spd|1
|move|p2a: Gholdengo|Shadow Ball|p1a: Latias
|-immune|p1a: Latias
|
|upkeep
|turn|10
|
|t:|1781188436
|move|p1a: Latias|Calm Mind|p1a: Latias
|-boost|p1a: Latias|spa|1
|-boost|p1a: Latias|spd|1
|move|p2a: Gholdengo|Make It Rain|p1a: Latias
|-damage|p1a: Latias|49/100
|-unboost|p2a: Gholdengo|spa|1
|
|-heal|p1a: Latias|55/100|[from] item: Leftovers
|upkeep
|turn|11
|
|t:|1781188447
|move|p1a: Latias|Calm Mind|p1a: Latias
|-boost|p1a: Latias|spa|1
|-boost|p1a: Latias|spd|1
|move|p2a: Gholdengo|Nasty Plot|p2a: Gholdengo
|-boost|p2a: Gholdengo|spa|2
|
|-heal|p1a: Latias|61/100|[from] item: Leftovers
|upkeep
|turn|12
|
|t:|1781188458
|switch|p2a: Dondozo|Dondozo, M|100/100
|move|p1a: Latias|Recover|p1a: Latias
|-heal|p1a: Latias|100/100
|
|upkeep
|turn|13
|
|t:|1781188464
|-terastallize|p2a: Dondozo|Dark
|move|p1a: Latias|Stored Power|p2a: Dondozo
|-immune|p2a: Dondozo
|move|p2a: Dondozo|Curse|p2a: Dondozo
|-unboost|p2a: Dondozo|spe|1
|-boost|p2a: Dondozo|atk|1
|-boost|p2a: Dondozo|def|1
|
|upkeep
|turn|14
|
|t:|1781188468
|move|p1a: Latias|Aura Sphere|p2a: Dondozo
|-supereffective|p2a: Dondozo
|-damage|p2a: Dondozo|59/100
|move|p2a: Dondozo|Curse|p2a: Dondozo
|-unboost|p2a: Dondozo|spe|1
|-boost|p2a: Dondozo|atk|1
|-boost|p2a: Dondozo|def|1
|
|-heal|p2a: Dondozo|65/100|[from] item: Leftovers
|upkeep
|turn|15
|
|t:|1781188473
|move|p1a: Latias|Aura Sphere|p2a: Dondozo
|-supereffective|p2a: Dondozo
|-damage|p2a: Dondozo|27/100
|move|p2a: Dondozo|Rest|p2a: Dondozo
|-status|p2a: Dondozo|slp|[from] move: Rest
|-heal|p2a: Dondozo|100/100 slp|[silent]
|
|upkeep
|turn|16
|
|t:|1781188478
|move|p1a: Latias|Aura Sphere|p2a: Dondozo
|-supereffective|p2a: Dondozo
|-damage|p2a: Dondozo|61/100 slp
|cant|p2a: Dondozo|slp
|move|p2a: Dondozo|Sleep Talk|p2a: Dondozo
|move|p2a: Dondozo|Curse|p2a: Dondozo|[from] move: Sleep Talk
|-unboost|p2a: Dondozo|spe|1
|-boost|p2a: Dondozo|atk|1
|-boost|p2a: Dondozo|def|1
|
|-heal|p2a: Dondozo|67/100 slp|[from] item: Leftovers
|upkeep
|turn|17
|
|t:|1781188487
|move|p1a: Latias|Aura Sphere|p2a: Dondozo
|-supereffective|p2a: Dondozo
|-damage|p2a: Dondozo|30/100 slp
|cant|p2a: Dondozo|slp
|move|p2a: Dondozo|Sleep Talk|p2a: Dondozo
|move|p2a: Dondozo|Waterfall|p1a: Latias|[from] move: Sleep Talk
|-damage|p1a: Latias|44/100
|
|-heal|p1a: Latias|50/100|[from] item: Leftovers
|-heal|p2a: Dondozo|36/100 slp|[from] item: Leftovers
|upkeep
|turn|18
|
|t:|1781188497
|move|p1a: Latias|Aura Sphere|p2a: Dondozo
|-supereffective|p2a: Dondozo
|-damage|p2a: Dondozo|0 fnt
|faint|p2a: Dondozo
|
|-heal|p1a: Latias|56/100|[from] item: Leftovers
|upkeep
|
|t:|1781188499
|switch|p2a: Samurott|Samurott-Hisui, F|29/100
|turn|19
|
|t:|1781188525
|move|p2a: Samurott|Sacred Sword|p1a: Latias
|-supereffective|p1a: Latias
|-damage|p1a: Latias|0 fnt
|faint|p1a: Latias
|
|upkeep
|
|t:|1781188531
|switch|p1a: Mamoswine|Mamoswine, M|100/100
|turn|20
|
|t:|1781188537
|move|p2a: Samurott|Sacred Sword|p1a: Mamoswine
|-supereffective|p1a: Mamoswine
|-damage|p1a: Mamoswine|13/100
|move|p1a: Mamoswine|Earthquake|p2a: Samurott
|-damage|p2a: Samurott|0 fnt
|faint|p2a: Samurott
|
|upkeep
|
|t:|1781188547
|switch|p2a: Great Tusk|Great Tusk|100/100
|turn|21
|
|t:|1781188550
|switch|p1a: Corviknight|Corviknight, M|100/100
|-ability|p1a: Corviknight|Pressure
|move|p2a: Great Tusk|Rapid Spin|p1a: Corviknight
|-resisted|p1a: Corviknight
|-damage|p1a: Corviknight|94/100
|-boost|p2a: Great Tusk|spe|1
|
|-heal|p1a: Corviknight|100/100|[from] item: Leftovers
|upkeep
|turn|22
|
|t:|1781188553
|-end|p2a: Great Tusk|Protosynthesis|[silent]
|switch|p2a: Gholdengo|Gholdengo|100/100
|move|p1a: Corviknight|Defog|p2a: Gholdengo
|-immune|p2a: Gholdengo|[from] ability: Good as Gold
|
|upkeep
|turn|23
|
|t:|1781188560
|switch|p1a: Salazzle|Salazzle, F|100/100
|-damage|p1a: Salazzle|76/100|[from] Spikes
|move|p2a: Gholdengo|Make It Rain|p1a: Salazzle
|-resisted|p1a: Salazzle
|-damage|p1a: Salazzle|24/100
|-unboost|p2a: Gholdengo|spa|1
|
|-heal|p1a: Salazzle|30/100|[from] item: Leftovers
|upkeep
|turn|24
|
|t:|1781188568
|switch|p2a: Ting-Lu|Ting-Lu|100/100
|-ability|p2a: Ting-Lu|Vessel of Ruin
|move|p1a: Salazzle|Substitute|p1a: Salazzle
|-start|p1a: Salazzle|Substitute
|-damage|p1a: Salazzle|6/100
|
|-heal|p1a: Salazzle|12/100|[from] item: Leftovers
|upkeep
|turn|25
|
|t:|1781188574
|move|p1a: Salazzle|Toxic|p2a: Ting-Lu
|-status|p2a: Ting-Lu|tox
|move|p2a: Ting-Lu|Stealth Rock|p1a: Salazzle
|-sidestart|p1: Thederpa1|move: Stealth Rock
|
|-heal|p1a: Salazzle|18/100|[from] item: Leftovers
|-damage|p2a: Ting-Lu|94/100 tox|[from] psn
|upkeep
|turn|26
|
|t:|1781188581
|move|p1a: Salazzle|Flamethrower|p2a: Ting-Lu
|-damage|p2a: Ting-Lu|80/100 tox
|move|p2a: Ting-Lu|Earthquake|p1a: Salazzle
|-supereffective|p1a: Salazzle
|-end|p1a: Salazzle|Substitute
|
|-heal|p1a: Salazzle|24/100|[from] item: Leftovers
|-heal|p2a: Ting-Lu|86/100 tox|[from] item: Leftovers
|-damage|p2a: Ting-Lu|74/100 tox|[from] psn
|upkeep
|turn|27
|
|t:|1781188588
|move|p1a: Salazzle|Protect|p1a: Salazzle
|-singleturn|p1a: Salazzle|Protect
|move|p2a: Ting-Lu|Earthquake|p1a: Salazzle
|-activate|p1a: Salazzle|move: Protect
|
|-heal|p1a: Salazzle|30/100|[from] item: Leftovers
|-heal|p2a: Ting-Lu|80/100 tox|[from] item: Leftovers
|-damage|p2a: Ting-Lu|61/100 tox|[from] psn
|upkeep
|turn|28
|
|t:|1781188598
|move|p1a: Salazzle|Substitute|p1a: Salazzle
|-start|p1a: Salazzle|Substitute
|-damage|p1a: Salazzle|6/100
|move|p2a: Ting-Lu|Rest|p2a: Ting-Lu
|-status|p2a: Ting-Lu|slp|[from] move: Rest
|-heal|p2a: Ting-Lu|100/100 slp|[silent]
|
|-heal|p1a: Salazzle|12/100|[from] item: Leftovers
|upkeep
|turn|29
|
|t:|1781188607
|switch|p1a: Mamoswine|Mamoswine, M|13/100
|cant|p2a: Ting-Lu|slp
|
|upkeep
|turn|30
|
|t:|1781188622
|switch|p2a: Great Tusk|Great Tusk|100/100
|move|p1a: Mamoswine|Icicle Crash|p2a: Great Tusk
|-supereffective|p2a: Great Tusk
|-damage|p2a: Great Tusk|54/100
|
|upkeep
|turn|31
|
|t:|1781188640
|move|p1a: Mamoswine|Icicle Crash|p2a: Great Tusk
|-supereffective|p2a: Great Tusk
|-damage|p2a: Great Tusk|6/100
|move|p2a: Great Tusk|Body Press|p1a: Mamoswine
|-supereffective|p1a: Mamoswine
|-damage|p1a: Mamoswine|0 fnt
|faint|p1a: Mamoswine
|
|upkeep
|
|t:|1781188648
|switch|p1a: Corviknight|Corviknight, M|100/100
|-damage|p1a: Corviknight|88/100|[from] Stealth Rock
|-ability|p1a: Corviknight|Pressure
|turn|32
|
|t:|1781188654
|-end|p2a: Great Tusk|Protosynthesis|[silent]
|switch|p2a: Gholdengo|Gholdengo|100/100
|switch|p1a: Hoopa|Hoopa-Unbound|100/100
|-damage|p1a: Hoopa|75/100|[from] Spikes
|-damage|p1a: Hoopa|63/100|[from] Stealth Rock
|
|upkeep
|turn|33
|
|t:|1781188662
|move|p2a: Gholdengo|Make It Rain|p1a: Hoopa
|-damage|p1a: Hoopa|30/100
|-unboost|p2a: Gholdengo|spa|1
|move|p1a: Hoopa|Future Sight|p2a: Gholdengo
|-start|p1a: Hoopa|move: Future Sight
|
|upkeep
|turn|34
|
|t:|1781188670
|move|p2a: Gholdengo|Shadow Ball|p1a: Hoopa
|-damage|p1a: Hoopa|14/100
|move|p1a: Hoopa|Knock Off|p2a: Gholdengo
|-supereffective|p2a: Gholdengo
|-damage|p2a: Gholdengo|9/100
|-enditem|p2a: Gholdengo|Leftovers|[from] move: Knock Off|[of] p1a: Hoopa
|
|upkeep
|turn|35
|
|t:|1781188688
|switch|p2a: Ting-Lu|Ting-Lu|100/100 slp
|-ability|p2a: Ting-Lu|Vessel of Ruin
|move|p1a: Hoopa|Drain Punch|p2a: Ting-Lu
|-supereffective|p2a: Ting-Lu
|-damage|p2a: Ting-Lu|72/100 slp
|-heal|p1a: Hoopa|34/100|[from] drain|[of] p2a: Ting-Lu
|
|-end|p2a: Ting-Lu|move: Future Sight
|-immune|p2a: Ting-Lu
|-heal|p2a: Ting-Lu|79/100 slp|[from] item: Leftovers
|upkeep
|turn|36
|
|t:|1781188700
|switch|p1a: Corviknight|Corviknight, M|88/100
|-damage|p1a: Corviknight|75/100|[from] Stealth Rock
|-ability|p1a: Corviknight|Pressure
|switch|p2a: Gholdengo|Gholdengo|9/100
|
|-heal|p1a: Corviknight|82/100|[from] item: Leftovers
|upkeep
|turn|37
|
|t:|1781188704
|move|p2a: Gholdengo|Recover|p2a: Gholdengo
|-heal|p2a: Gholdengo|59/100
|move|p1a: Corviknight|Brave Bird|p2a: Gholdengo
|-resisted|p2a: Gholdengo
|-damage|p2a: Gholdengo|43/100
|-damage|p1a: Corviknight|76/100|[from] Recoil
|
|-heal|p1a: Corviknight|83/100|[from] item: Leftovers
|upkeep
|turn|38
|-message|Thederpa1 forfeited.
|
|win|Archerdadon
|raw|Thederpa1's rating: 1545 &rarr; <strong>1525</strong><br />(-20 for losing)
|raw|Archerdadon's rating: 1543 &rarr; <strong>1563</strong><br />(+20 for winning)
|l|☆Thederpa1
|player|p1|
|l|☆Archerdadon
|player|p2|
