|j|☆saxafrax
|j|☆thegreatestnone
|t:|1781027810
|gametype|singles
|player|p1|saxafrax|dancer|1623
|player|p2|thegreatestnone|170|1594
|gen|9
|tier|[Gen 9] OU
|rated|
|rule|HP Percentage Mod: HP is shown in percentages
|rule|Endless Battle Clause: Forcing endless battles is banned
|rule|Species Clause: Limit one of each Pokémon
|rule|OHKO Clause: OHKO moves are banned
|rule|Evasion Items Clause: Evasion items are banned
|rule|Evasion Moves Clause: Evasion moves are banned
|rule|Evasion Abilities Clause: Evasion abilities are banned
|rule|Sleep Moves Clause: Sleep-inducing moves are banned
|clearpoke
|poke|p1|Araquanid, F|
|poke|p1|Ceruledge, F|
|poke|p1|Enamorus, F|
|poke|p1|Iron Treads|
|poke|p1|Kingambit, F|
|poke|p1|Pecharunt|
|poke|p2|Pawmot, F|
|poke|p2|Ting-Lu|
|poke|p2|Skeledirge, F|
|poke|p2|Greninja-*, F|
|poke|p2|Weezing-Galar, M|
|poke|p2|Slowking, F|
|teampreview
|
|t:|1781027817
|teamsize|p1|6
|teamsize|p2|6
|start
|switch|p1a: Araquanid|Araquanid, F|100/100
|switch|p2a: Pawmot|Pawmot, F|100/100
|turn|1
|
|t:|1781027824
|switch|p1a: Iron Treads|Iron Treads|100/100
|-enditem|p1a: Iron Treads|Booster Energy
|-activate|p1a: Iron Treads|ability: Quark Drive|[fromitem]
|-start|p1a: Iron Treads|quarkdrivespe
|move|p2a: Pawmot|Double Shock|p1a: Iron Treads
|-immune|p1a: Iron Treads
|
|upkeep
|turn|2
|
|t:|1781027832
|switch|p2a: Weezing|Weezing-Galar, M|100/100
|move|p1a: Iron Treads|Earth Power|p2a: Weezing
|-immune|p2a: Weezing|[from] ability: Levitate
|
|upkeep
|turn|3
|
|t:|1781027840
|move|p1a: Iron Treads|Stealth Rock|p2a: Weezing
|-sidestart|p2: thegreatestnone|move: Stealth Rock
|move|p2a: Weezing|Will-O-Wisp|p1a: Iron Treads
|-status|p1a: Iron Treads|brn
|
|-damage|p1a: Iron Treads|94/100 brn|[from] brn
|upkeep
|turn|4
|
|t:|1781027845
|-end|p1a: Iron Treads|Quark Drive|[silent]
|switch|p1a: Araquanid|Araquanid, F|100/100
|move|p2a: Weezing|Defog|p1a: Araquanid
|-unboost|p1a: Araquanid|evasion|1
|-sideend|p2: thegreatestnone|Stealth Rock|[from] move: Defog|[of] p2a: Weezing
|
|upkeep
|turn|5
|
|t:|1781027852
|move|p2a: Weezing|Sludge Bomb|p1a: Araquanid
|-damage|p1a: Araquanid|75/100
|move|p1a: Araquanid|Surf|p2a: Weezing
|-damage|p2a: Weezing|32/100
|
|-heal|p2a: Weezing|38/100|[from] item: Leftovers
|upkeep
|turn|6
|
|t:|1781027857
|move|p2a: Weezing|Pain Split|p1a: Araquanid
|-sethp|p1a: Araquanid|56/100|[from] move: Pain Split|[silent]
|-sethp|p2a: Weezing|57/100|[from] move: Pain Split
|move|p1a: Araquanid|Surf|p2a: Weezing
|-damage|p2a: Weezing|0 fnt
|faint|p2a: Weezing
|
|upkeep
|
|t:|1781027865
|switch|p2a: Pawmot|Pawmot, F|100/100
|turn|7
|
|t:|1781027872
|switch|p1a: Iron Treads|Iron Treads|94/100 brn
|move|p2a: Pawmot|Close Combat|p1a: Iron Treads
|-supereffective|p1a: Iron Treads
|-damage|p1a: Iron Treads|0 fnt
|-unboost|p2a: Pawmot|def|1
|-unboost|p2a: Pawmot|spd|1
|faint|p1a: Iron Treads
|-end|p1a: Iron Treads|Quark Drive|[silent]
|
|upkeep
|
|t:|1781027880
|switch|p1a: Araquanid|Araquanid, F|56/100
|turn|8
|
|t:|1781027907
|switch|p2a: Slowking|Slowking, F|100/100
|move|p1a: Araquanid|Sticky Web|p2a: Slowking
|-sidestart|p2: thegreatestnone|move: Sticky Web
|
|upkeep
|turn|9
|
|t:|1781027918
|switch|p1a: Kingambit|Kingambit, F|100/100
|-activate|p1a: Kingambit|ability: Supreme Overlord
|-start|p1a: Kingambit|fallen1|[silent]
|-prepare|p2a: Slowking|Chilly Reception|[premajor]
|move|p2a: Slowking|Chilly Reception|p2a: Slowking
|-weather|Snowscape
|
|t:|1781027927
|switch|p2a: Pawmot|Pawmot, F|100/100|[from] Chilly Reception
|-activate|p2a: Pawmot|move: Sticky Web
|-unboost|p2a: Pawmot|spe|1
|
|-weather|Snowscape|[upkeep]
|upkeep
|turn|10
|
|t:|1781027946
|switch|p2a: Greninja|Greninja, F|100/100
|-activate|p2a: Greninja|move: Sticky Web
|-unboost|p2a: Greninja|spe|1
|-end|p1a: Kingambit|fallen1|[silent]
|switch|p1a: Ceruledge|Ceruledge, F|100/100
|
|-weather|Snowscape|[upkeep]
|upkeep
|turn|11
|
|t:|1781027958
|switch|p1a: Araquanid|Araquanid, F|56/100
|move|p2a: Greninja|Dark Pulse|p1a: Araquanid
|-start|p2a: Greninja|typechange|Dark|[from] ability: Protean
|-damage|p1a: Araquanid|12/100
|
|-weather|Snowscape|[upkeep]
|upkeep
|turn|12
|-enditem|p1a: Araquanid|Custap Berry|[eat]
|-activate|p1a: Araquanid|item: Custap Berry|[consumed]
|
|t:|1781027969
|switch|p2a: Skeledirge|Skeledirge, F|100/100
|move|p1a: Araquanid|Endeavor|p2a: Skeledirge
|-immune|p2a: Skeledirge
|
|-weather|Snowscape|[upkeep]
|upkeep
|turn|13
|
|t:|1781027978
|move|p2a: Skeledirge|Torch Song|p1a: Araquanid
|-damage|p1a: Araquanid|1/100
|-boost|p2a: Skeledirge|spa|1
|move|p1a: Araquanid|Surf|p2a: Skeledirge
|-supereffective|p2a: Skeledirge
|-damage|p2a: Skeledirge|0 fnt
|faint|p2a: Skeledirge
|
|-weather|none
|upkeep
|
|t:|1781027986
|switch|p2a: Greninja|Greninja, F|100/100
|-activate|p2a: Greninja|move: Sticky Web
|-unboost|p2a: Greninja|spe|1
|turn|14
|
|t:|1781027998
|move|p2a: Greninja|U-turn|p1a: Araquanid
|-start|p2a: Greninja|typechange|Bug|[from] ability: Protean
|-damage|p1a: Araquanid|0 fnt
|faint|p1a: Araquanid
|
|t:|1781028005
|switch|p2a: Pawmot|Pawmot, F|100/100|[from] U-turn
|-activate|p2a: Pawmot|move: Sticky Web
|-unboost|p2a: Pawmot|spe|1
|
|upkeep
|
|t:|1781028010
|switch|p1a: Enamorus|Enamorus, F|100/100
|turn|15
|
|t:|1781028022
|switch|p2a: Slowking|Slowking, F|100/100
|move|p1a: Enamorus|Moonblast|p2a: Slowking
|-damage|p2a: Slowking|52/100
|
|upkeep
|turn|16
|
|t:|1781028036
|move|p1a: Enamorus|Moonblast|p2a: Slowking
|-damage|p2a: Slowking|6/100
|-prepare|p2a: Slowking|Chilly Reception|[premajor]
|move|p2a: Slowking|Chilly Reception|p2a: Slowking
|-weather|Snowscape
|
|t:|1781028048
|switch|p2a: Pawmot|Pawmot, F|100/100|[from] Chilly Reception
|-activate|p2a: Pawmot|move: Sticky Web
|-unboost|p2a: Pawmot|spe|1
|
|-weather|Snowscape|[upkeep]
|upkeep
|turn|17
|-message|thegreatestnone forfeited.
|
|win|saxafrax
|raw|saxafrax's rating: 1623 &rarr; <strong>1641</strong><br />(+18 for winning)
|raw|thegreatestnone's rating: 1594 &rarr; <strong>1576</strong><br />(-18 for losing)
|l|☆thegreatestnone
|player|p2|
|l|☆saxafrax
|player|p1|
