|j|☆sylvr7070
|j|☆bigtestsofbig
|t:|1781138890
|gametype|singles
|player|p1|sylvr7070|fairytalegirl|1615
|player|p2|bigtestsofbig|265|1598
|gen|9
|tier|[Gen 9] OU
|rated|
|rule|HP Percentage Mod: HP is shown in percentages
|rule|Endless Battle Clause: Forcing endless battles is banned
|rule|Species Clause: Limit one of each Pokémon
|rule|OHKO Clause: OHKO moves are banned
|rule|Evasion Items Clause: Evasion items are banned
|rule|Evasion Moves Clause: Evasion moves are banned
|rule|Evasion Abilities Clause: Evasion abilities are banned
|rule|Sleep Moves Clause: Sleep-inducing moves are banned
|clearpoke
|poke|p1|Hoopa-Unbound|
|poke|p1|Zamazenta-*|
|poke|p1|Iron Treads|
|poke|p1|Pecharunt|
|poke|p1|Primarina, F|
|poke|p1|Dragonite, F|
|poke|p2|Bisharp, F|
|poke|p2|Moltres|
|poke|p2|Great Tusk|
|poke|p2|Primarina, F|
|poke|p2|Iron Boulder|
|poke|p2|Darkrai|
|teampreview
|inactive|Battle timer is ON: inactive players will automatically lose when time's up. (requested by sylvr7070)
|
|t:|1781138904
|teamsize|p1|6
|teamsize|p2|6
|start
|switch|p1a: hateberry|Pecharunt|100/100
|switch|p2a: Iron Boulder|Iron Boulder|100/100
|-item|p1a: hateberry|Air Balloon
|turn|1
|
|t:|1781138921
|-end|p2a: Iron Boulder|Quark Drive|[silent]
|switch|p2a: Bisharp|Bisharp, F|100/100
|switch|p1a: Hoopa-Band|Hoopa-Unbound|100/100
|
|upkeep
|turn|2
|
|t:|1781138929
|switch|p2a: Moltres|Moltres|100/100
|move|p1a: Hoopa-Band|Focus Blast|p2a: Moltres
|-resisted|p2a: Moltres
|-damage|p2a: Moltres|56/100
|
|upkeep
|turn|3
|
|t:|1781138934
|switch|p1a: blonde... scary|Primarina, F, shiny|100/100
|switch|p2a: Iron Boulder|Iron Boulder|100/100
|
|upkeep
|turn|4
|
|t:|1781138956
|move|p2a: Iron Boulder|Mighty Cleave|p1a: blonde... scary
|-damage|p1a: blonde... scary|14/100
|move|p1a: blonde... scary|Surf|p2a: Iron Boulder
|-supereffective|p2a: Iron Boulder
|-damage|p2a: Iron Boulder|0 fnt
|faint|p2a: Iron Boulder
|-end|p2a: Iron Boulder|Quark Drive|[silent]
|
|upkeep
|
|t:|1781138964
|switch|p2a: Bisharp|Bisharp, F|100/100
|turn|5
|
|t:|1781138971
|move|p2a: Bisharp|Low Kick|p1a: blonde... scary
|-resisted|p1a: blonde... scary
|-damage|p1a: blonde... scary|0 fnt
|faint|p1a: blonde... scary
|
|upkeep
|
|t:|1781138977
|switch|p1a: Hoopa-Band|Hoopa-Unbound|100/100
|turn|6
|j| Barryshambles
|
|t:|1781138983
|switch|p2a: Primarina|Primarina, F|100/100
|move|p1a: Hoopa-Band|Thunderbolt|p2a: Primarina
|-supereffective|p2a: Primarina
|-damage|p2a: Primarina|19/100
|
|upkeep
|turn|7
|
|t:|1781138991
|switch|p2a: Great Tusk|Great Tusk|100/100
|move|p1a: Hoopa-Band|Thunderbolt|p2a: Great Tusk
|-immune|p2a: Great Tusk
|
|upkeep
|turn|8
|
|t:|1781138995
|switch|p1a: hateberry|Pecharunt|100/100
|-item|p1a: hateberry|Air Balloon
|move|p2a: Great Tusk|Stealth Rock|p1a: hateberry
|-sidestart|p1: sylvr7070|move: Stealth Rock
|
|upkeep
|turn|9
|
|t:|1781139001
|-end|p2a: Great Tusk|Protosynthesis|[silent]
|switch|p2a: Bisharp|Bisharp, F|100/100
|move|p1a: hateberry|Toxic|p2a: Bisharp
|-immune|p2a: Bisharp
|
|upkeep
|turn|10
|
|t:|1781139013
|switch|p1a: indolence|Zamazenta|100/100
|-damage|p1a: indolence|94/100|[from] Stealth Rock
|-ability|p1a: indolence|Dauntless Shield|boost
|-boost|p1a: indolence|def|1
|move|p2a: Bisharp|Low Kick|p1a: indolence
|-damage|p1a: indolence|66/100
|
|upkeep
|turn|11
|
|t:|1781139027
|switch|p2a: Primarina|Primarina, F|19/100
|move|p1a: indolence|Stone Edge|p2a: Primarina|[miss]
|-miss|p1a: indolence|p2a: Primarina
|
|upkeep
|turn|12
|
|t:|1781139038
|move|p1a: indolence|Heavy Slam|p2a: Primarina
|-damage|p2a: Primarina|0 fnt
|faint|p2a: Primarina
|
|upkeep
|inactive|bigtestsofbig has 120 seconds left.
|
|t:|1781139068
|switch|p2a: Great Tusk|Great Tusk|100/100
|turn|13
|inactive|sylvr7070 has 120 seconds left.
|inactive|bigtestsofbig has 120 seconds left.
|inactive|sylvr7070 has 90 seconds left.
|inactive|bigtestsofbig has 90 seconds left.
|
|t:|1781139169
|switch|p1a: hateberry|Pecharunt|100/100
|-damage|p1a: hateberry|88/100|[from] Stealth Rock
|-item|p1a: hateberry|Air Balloon
|move|p2a: Great Tusk|Headlong Rush|p1a: hateberry
|-immune|p1a: hateberry
|
|upkeep
|turn|14
|l| Barryshambles
|
|t:|1781139176
|move|p2a: Great Tusk|Ice Spinner|p1a: hateberry
|-damage|p1a: hateberry|74/100
|-enditem|p1a: hateberry|Air Balloon
|move|p1a: hateberry|Parting Shot|p2a: Great Tusk
|-unboost|p2a: Great Tusk|atk|1
|-unboost|p2a: Great Tusk|spa|1
|
|t:|1781139181
|switch|p1a: Hoopa-Band|Hoopa-Unbound|100/100|[from] Parting Shot
|-damage|p1a: Hoopa-Band|88/100|[from] Stealth Rock
|
|upkeep
|turn|15
|
|t:|1781139187
|-terastallize|p2a: Great Tusk|Ground
|move|p2a: Great Tusk|Headlong Rush|p1a: Hoopa-Band
|-damage|p1a: Hoopa-Band|0 fnt
|-unboost|p2a: Great Tusk|def|1
|-unboost|p2a: Great Tusk|spd|1
|faint|p1a: Hoopa-Band
|
|upkeep
|
|t:|1781139191
|switch|p1a: dory go nighty|Dragonite, F|100/100
|turn|16
|inactive|sylvr7070 has 90 seconds left.
|
|t:|1781139223
|-end|p2a: Great Tusk|Protosynthesis|[silent]
|switch|p2a: Moltres|Moltres|56/100
|-terastallize|p1a: dory go nighty|Normal
|move|p1a: dory go nighty|Dragon Dance|p1a: dory go nighty
|-boost|p1a: dory go nighty|atk|1
|-boost|p1a: dory go nighty|spe|1
|
|upkeep
|turn|17
|
|t:|1781139232
|move|p1a: dory go nighty|Scale Shot|p2a: Moltres
|-damage|p2a: Moltres|39/100
|-damage|p2a: Moltres|23/100
|-damage|p2a: Moltres|5/100
|-hitcount|p2a: Moltres|3
|-unboost|p1a: dory go nighty|def|1
|-boost|p1a: dory go nighty|spe|1
|move|p2a: Moltres|Will-O-Wisp|p1a: dory go nighty
|-status|p1a: dory go nighty|brn
|
|-damage|p1a: dory go nighty|94/100 brn|[from] brn
|upkeep
|turn|18
|
|t:|1781139243
|move|p1a: dory go nighty|Encore|p2a: Moltres
|-start|p2a: Moltres|Encore
|move|p2a: Moltres|Will-O-Wisp|p1a: dory go nighty
|-fail|p1a: dory go nighty|brn
|
|-damage|p1a: dory go nighty|88/100 brn|[from] brn
|upkeep
|turn|19
|c|☆sylvr7070|messed my set up a bit on this
|
|t:|1781139253
|switch|p2a: Great Tusk|Great Tusk, tera:Ground|100/100
|move|p1a: dory go nighty|Dragon Dance|p1a: dory go nighty
|-boost|p1a: dory go nighty|atk|1
|-boost|p1a: dory go nighty|spe|1
|
|-damage|p1a: dory go nighty|82/100 brn|[from] brn
|upkeep
|turn|20
|inactive|bigtestsofbig has 120 seconds left.
|
|t:|1781139259
|move|p1a: dory go nighty|Ice Spinner|p2a: Great Tusk
|-supereffective|p2a: Great Tusk
|-damage|p2a: Great Tusk|58/100
|move|p2a: Great Tusk|Headlong Rush|p1a: dory go nighty
|-damage|p1a: dory go nighty|0 fnt
|-unboost|p2a: Great Tusk|def|1
|-unboost|p2a: Great Tusk|spd|1
|faint|p1a: dory go nighty
|
|upkeep
|
|t:|1781139272
|switch|p1a: indolence|Zamazenta|66/100
|-damage|p1a: indolence|59/100|[from] Stealth Rock
|turn|21
|
|t:|1781139278
|-end|p2a: Great Tusk|Protosynthesis|[silent]
|switch|p2a: Moltres|Moltres|5/100
|move|p1a: indolence|Close Combat|p2a: Moltres
|-resisted|p2a: Moltres
|-damage|p2a: Moltres|0 fnt
|-unboost|p1a: indolence|def|1
|-unboost|p1a: indolence|spd|1
|-status|p1a: indolence|brn|[from] ability: Flame Body|[of] p2a: Moltres
|faint|p2a: Moltres
|
|-damage|p1a: indolence|53/100 brn|[from] brn
|upkeep
|
|t:|1781139285
|switch|p2a: Great Tusk|Great Tusk, tera:Ground|58/100
|turn|22
|
|t:|1781139289
|switch|p1a: hateberry|Pecharunt|74/100
|-damage|p1a: hateberry|62/100|[from] Stealth Rock
|move|p2a: Great Tusk|Headlong Rush|p1a: hateberry
|-supereffective|p1a: hateberry
|-damage|p1a: hateberry|0 fnt
|-unboost|p2a: Great Tusk|def|1
|-unboost|p2a: Great Tusk|spd|1
|faint|p1a: hateberry
|
|upkeep
|
|t:|1781139292
|switch|p1a: spinpig|Iron Treads|100/100
|-damage|p1a: spinpig|97/100|[from] Stealth Rock
|turn|23
|
|t:|1781139298
|-end|p2a: Great Tusk|Protosynthesis|[silent]
|switch|p2a: Bisharp|Bisharp, F|100/100
|move|p1a: spinpig|Earthquake|p2a: Bisharp
|-supereffective|p2a: Bisharp
|-damage|p2a: Bisharp|40/100
|
|-heal|p1a: spinpig|100/100|[from] item: Leftovers
|upkeep
|turn|24
|c|☆sylvr7070|my hubris...
|inactive|bigtestsofbig has 120 seconds left.
|
|t:|1781139337
|move|p1a: spinpig|Earthquake|p2a: Bisharp
|-supereffective|p2a: Bisharp
|-damage|p2a: Bisharp|0 fnt
|faint|p2a: Bisharp
|
|upkeep
|
|t:|1781139340
|switch|p2a: Darkrai|Darkrai|100/100
|turn|25
|
|t:|1781139348
|move|p2a: Darkrai|Focus Blast|p1a: spinpig
|-supereffective|p1a: spinpig
|-damage|p1a: spinpig|33/100
|move|p1a: spinpig|Earthquake|p2a: Darkrai
|-damage|p2a: Darkrai|48/100
|
|-heal|p1a: spinpig|40/100|[from] item: Leftovers
|upkeep
|turn|26
|
|t:|1781139358
|move|p2a: Darkrai|Focus Blast|p1a: spinpig|[miss]
|-miss|p2a: Darkrai|p1a: spinpig
|move|p1a: spinpig|Earthquake|p2a: Darkrai
|-damage|p2a: Darkrai|0 fnt
|faint|p2a: Darkrai
|
|-heal|p1a: spinpig|46/100|[from] item: Leftovers
|upkeep
|
|t:|1781139361
|switch|p2a: Great Tusk|Great Tusk, tera:Ground|58/100
|turn|27
|
|t:|1781139369
|move|p2a: Great Tusk|Rapid Spin|p1a: spinpig
|-resisted|p1a: spinpig
|-damage|p1a: spinpig|39/100
|-boost|p2a: Great Tusk|spe|1
|move|p1a: spinpig|Ice Spinner|p2a: Great Tusk
|-supereffective|p2a: Great Tusk
|-damage|p2a: Great Tusk|26/100
|
|-heal|p1a: spinpig|45/100|[from] item: Leftovers
|upkeep
|turn|28
|
|t:|1781139376
|move|p2a: Great Tusk|Headlong Rush|p1a: spinpig
|-supereffective|p1a: spinpig
|-damage|p1a: spinpig|0 fnt
|-unboost|p2a: Great Tusk|def|1
|-unboost|p2a: Great Tusk|spd|1
|faint|p1a: spinpig
|-end|p1a: spinpig|Quark Drive|[silent]
|
|upkeep
|
|t:|1781139378
|switch|p1a: indolence|Zamazenta|53/100 brn
|-damage|p1a: indolence|47/100 brn|[from] Stealth Rock
|turn|29
|
|t:|1781139380
|move|p2a: Great Tusk|Headlong Rush|p1a: indolence
|-crit|p1a: indolence
|-damage|p1a: indolence|0 fnt
|-unboost|p2a: Great Tusk|def|1
|-unboost|p2a: Great Tusk|spd|1
|faint|p1a: indolence
|
|win|bigtestsofbig
|raw|sylvr7070's rating: 1615 &rarr; <strong>1594</strong><br />(-21 for losing)
|raw|bigtestsofbig's rating: 1598 &rarr; <strong>1619</strong><br />(+21 for winning)
|c|☆sylvr7070|gg
|l|☆bigtestsofbig
|player|p2|
|c|☆sylvr7070|tch
|l|☆sylvr7070
|player|p1|
