|j|☆clickdontthink
|j|☆omari p
|t:|1781376402
|gametype|singles
|player|p1|clickdontthink|bruno-gen2|1600
|player|p2|omari p|pokemonrangerf|1619
|gen|9
|tier|[Gen 9] OU
|rated|
|rule|HP Percentage Mod: HP is shown in percentages
|rule|Endless Battle Clause: Forcing endless battles is banned
|rule|Species Clause: Limit one of each Pokémon
|rule|OHKO Clause: OHKO moves are banned
|rule|Evasion Items Clause: Evasion items are banned
|rule|Evasion Moves Clause: Evasion moves are banned
|rule|Evasion Abilities Clause: Evasion abilities are banned
|rule|Sleep Moves Clause: Sleep-inducing moves are banned
|clearpoke
|poke|p1|Ogerpon-Wellspring, F|
|poke|p1|Kingambit, M|
|poke|p1|Kyurem|
|poke|p1|Blaziken, M|
|poke|p1|Iron Valiant|
|poke|p1|Deoxys-Speed|
|poke|p2|Klefki, M|
|poke|p2|Keldeo-Resolute|
|poke|p2|Garchomp, M|
|poke|p2|Landorus-Therian, M|
|poke|p2|Iron Valiant|
|poke|p2|Coalossal, M|
|teampreview
|c|☆clickdontthink|ok
|c|☆clickdontthink|this is real heat
|c|☆clickdontthink|hf
|c|☆omari p|lol ty ty
|c|☆omari p|gl
|inactive|Battle timer is ON: inactive players will automatically lose when time's up. (requested by omari p)
|
|t:|1781376462
|teamsize|p1|6
|teamsize|p2|6
|start
|switch|p1a: Deoxys|Deoxys-Speed|100/100
|switch|p2a: Klefki|Klefki, M|100/100
|-ability|p1a: Deoxys|Pressure
|turn|1
|
|t:|1781376470
|move|p2a: Klefki|Thunder Wave|p1a: Deoxys|[miss]
|-miss|p2a: Klefki|p1a: Deoxys
|move|p1a: Deoxys|Taunt|p2a: Klefki
|-start|p2a: Klefki|move: Taunt
|
|upkeep
|turn|2
|
|t:|1781376485
|switch|p2a: Landorus|Landorus-Therian, M|100/100
|-ability|p2a: Landorus|Intimidate|boost
|-unboost|p1a: Deoxys|atk|1
|move|p1a: Deoxys|Reflect|p1a: Deoxys
|-sidestart|p1: clickdontthink|Reflect
|
|upkeep
|turn|3
|
|t:|1781376491
|move|p1a: Deoxys|Taunt|p2a: Landorus
|-start|p2a: Landorus|move: Taunt
|move|p2a: Landorus|U-turn|p1a: Deoxys
|-supereffective|p1a: Deoxys
|-damage|p1a: Deoxys|73/100
|
|t:|1781376494
|switch|p2a: Klefki|Klefki, M|100/100|[from] U-turn
|
|upkeep
|turn|4
|
|t:|1781376498
|move|p2a: Klefki|Thunder Wave|p1a: Deoxys
|-status|p1a: Deoxys|par
|move|p1a: Deoxys|Stealth Rock|p2a: Klefki
|-sidestart|p2: omari p|move: Stealth Rock
|
|upkeep
|turn|5
|
|t:|1781376504
|move|p2a: Klefki|Spikes|p1a: Deoxys
|-sidestart|p1: clickdontthink|Spikes
|move|p1a: Deoxys|Taunt|p2a: Klefki
|-start|p2a: Klefki|move: Taunt
|
|upkeep
|turn|6
|
|t:|1781376512
|switch|p1a: Ogerpon|Ogerpon-Wellspring, F|100/100
|-damage|p1a: Ogerpon|88/100|[from] Spikes
|switch|p2a: Coalossal|Coalossal, M|100/100
|-damage|p2a: Coalossal|76/100|[from] Stealth Rock
|-item|p2a: Coalossal|Air Balloon
|
|upkeep
|turn|7
|
|t:|1781376521
|-terastallize|p2a: Coalossal|Ghost
|move|p1a: Ogerpon|Ivy Cudgel|p2a: Coalossal|[anim] Ivy Cudgel Water
|-damage|p2a: Coalossal|37/100
|-enditem|p2a: Coalossal|Air Balloon
|move|p2a: Coalossal|Tar Shot|p1a: Ogerpon
|-unboost|p1a: Ogerpon|spe|1
|-start|p1a: Ogerpon|Tar Shot
|
|upkeep
|turn|8
|c|☆clickdontthink|!dt tar shot
|c|☆clickdontthink|/raw <ul class="utilichart"><li class="result"><span class="col movenamecol"><a href="https://dex.pokemonshowdown.com/moves/tarshot">Tar Shot</a></span> <span class="col typecol"><img src="//play.pokemonshowdown.com/sprites/types/Rock.png" alt="Rock" width="32" height="14"><img src="//play.pokemonshowdown.com/sprites/categories/Status.png" alt="Status" width="32" height="14"></span> <span class="col widelabelcol"><em>Accuracy</em><br>100%</span> <span class="col pplabelcol"><em>PP</em><br>24</span> <span class="col movedesccol">Target gets -1 Spe and becomes weaker to Fire.</span> </li><li style="clear:both"></li></ul>
|c|☆clickdontthink|/raw <font size="1"><font color="#686868">Priority:</font> 0&nbsp;|&ThickSpace;<font color="#686868">Gen:</font> 8&nbsp;|&ThickSpace;&#10003; Bounceable&nbsp;|&ThickSpace;<font color="#686868">Z-Effect:</font> None&nbsp;|&ThickSpace;<font color="#686868">Target:</font> One Adjacent Pokémon</font>

|c|☆clickdontthink|huh
|
|t:|1781376543
|move|p1a: Ogerpon|Ivy Cudgel|p2a: Coalossal|[anim] Ivy Cudgel Water
|-damage|p2a: Coalossal|0 fnt
|faint|p2a: Coalossal
|
|upkeep
|
|t:|1781376549
|switch|p2a: Klefki|Klefki, M|100/100
|-damage|p2a: Klefki|95/100|[from] Stealth Rock
|turn|9
|
|t:|1781376559
|switch|p1a: Deoxys|Deoxys-Speed|73/100 par
|-damage|p1a: Deoxys|61/100 par|[from] Spikes
|-ability|p1a: Deoxys|Pressure
|move|p2a: Klefki|Spikes|p1a: Deoxys
|-sidestart|p1: clickdontthink|Spikes
|
|-heal|p2a: Klefki|100/100|[from] item: Leftovers
|-sideend|p1: clickdontthink|Reflect
|upkeep
|turn|10
|
|t:|1781376583
|move|p2a: Klefki|Spikes|p1a: Deoxys
|-sidestart|p1: clickdontthink|Spikes
|move|p1a: Deoxys|Light Screen|p1a: Deoxys
|-sidestart|p1: clickdontthink|move: Light Screen
|
|upkeep
|turn|11
|
|t:|1781376587
|switch|p2a: Garchomp|Garchomp, M|100/100
|-damage|p2a: Garchomp|94/100|[from] Stealth Rock
|cant|p1a: Deoxys|par
|
|upkeep
|turn|12
|
|t:|1781376592
|move|p2a: Garchomp|Stealth Rock|p1a: Deoxys
|-sidestart|p1: clickdontthink|move: Stealth Rock
|move|p1a: Deoxys|Reflect|p1a: Deoxys
|-sidestart|p1: clickdontthink|Reflect
|
|upkeep
|turn|13
|
|t:|1781376599
|switch|p2a: Klefki|Klefki, M|100/100
|-damage|p2a: Klefki|95/100|[from] Stealth Rock
|move|p1a: Deoxys|Taunt|p2a: Klefki
|-start|p2a: Klefki|move: Taunt
|
|-heal|p2a: Klefki|100/100|[from] item: Leftovers
|upkeep
|turn|14
|
|t:|1781376601
|switch|p1a: Blaziken|Blaziken, M|100/100
|-damage|p1a: Blaziken|88/100|[from] Stealth Rock
|-item|p1a: Blaziken|Air Balloon
|switch|p2a: Landorus|Landorus-Therian, M|100/100
|-damage|p2a: Landorus|88/100|[from] Stealth Rock
|-ability|p2a: Landorus|Intimidate|boost
|-unboost|p1a: Blaziken|atk|1
|
|upkeep
|turn|15
|
|t:|1781376605
|move|p2a: Landorus|U-turn|p1a: Blaziken
|-resisted|p1a: Blaziken
|-damage|p1a: Blaziken|84/100
|-enditem|p1a: Blaziken|Air Balloon
|
|t:|1781376608
|switch|p2a: Garchomp|Garchomp, M|94/100|[from] U-turn
|-damage|p2a: Garchomp|88/100|[from] Stealth Rock
|move|p1a: Blaziken|Swords Dance|p1a: Blaziken
|-boost|p1a: Blaziken|atk|2
|
|-ability|p1a: Blaziken|Speed Boost|boost
|-boost|p1a: Blaziken|spe|1
|upkeep
|turn|16
|
|t:|1781376616
|move|p1a: Blaziken|Knock Off|p2a: Garchomp
|-damage|p2a: Garchomp|52/100
|-damage|p1a: Blaziken|71/100|[from] ability: Rough Skin|[of] p2a: Garchomp
|-damage|p1a: Blaziken|55/100|[from] item: Rocky Helmet|[of] p2a: Garchomp
|-enditem|p2a: Garchomp|Rocky Helmet|[from] move: Knock Off|[of] p1a: Blaziken
|move|p2a: Garchomp|Dragon Tail|p1a: Blaziken
|-damage|p1a: Blaziken|34/100
|drag|p1a: Kingambit|Kingambit, M|100/100
|-damage|p1a: Kingambit|76/100|[from] Spikes
|-damage|p1a: Kingambit|70/100|[from] Stealth Rock
|
|-heal|p1a: Kingambit|76/100|[from] item: Leftovers
|upkeep
|turn|17
|
|t:|1781376635
|-end|p1a: Kingambit|fallenundefined|[silent]
|switch|p1a: Blaziken|Blaziken, M|34/100
|-damage|p1a: Blaziken|9/100|[from] Spikes
|-damage|p1a: Blaziken|0 fnt|[from] Stealth Rock
|faint|p1a: Blaziken
|move|p2a: Garchomp|Dragon Tail|p1: Blaziken|[notarget]
|-fail|p2a: Garchomp
|
|-sideend|p1: clickdontthink|move: Light Screen
|upkeep
|
|t:|1781376641
|switch|p1a: Kyurem|Kyurem|100/100
|-damage|p1a: Kyurem|76/100|[from] Spikes
|-damage|p1a: Kyurem|51/100|[from] Stealth Rock
|-ability|p1a: Kyurem|Pressure
|turn|18
|
|t:|1781376646
|move|p1a: Kyurem|Substitute|p1a: Kyurem
|-start|p1a: Kyurem|Substitute
|-damage|p1a: Kyurem|26/100
|move|p2a: Garchomp|Dragon Tail|p1a: Kyurem
|-supereffective|p1a: Kyurem
|-end|p1a: Kyurem|Substitute
|
|upkeep
|turn|19
|
|t:|1781376649
|switch|p2a: Klefki|Klefki, M|100/100
|-damage|p2a: Klefki|95/100|[from] Stealth Rock
|move|p1a: Kyurem|Icicle Spear|p2a: Klefki
|-resisted|p2a: Klefki
|-damage|p2a: Klefki|88/100
|-resisted|p2a: Klefki
|-damage|p2a: Klefki|79/100
|-resisted|p2a: Klefki
|-damage|p2a: Klefki|72/100
|-resisted|p2a: Klefki
|-damage|p2a: Klefki|65/100
|-resisted|p2a: Klefki
|-damage|p2a: Klefki|57/100
|-hitcount|p2a: Klefki|5
|
|-heal|p2a: Klefki|63/100|[from] item: Leftovers
|-sideend|p1: clickdontthink|Reflect
|upkeep
|turn|20
|
|t:|1781376655
|move|p2a: Klefki|Thunder Wave|p1a: Kyurem|[miss]
|-miss|p2a: Klefki|p1a: Kyurem
|move|p1a: Kyurem|Icicle Spear|p2a: Klefki
|-resisted|p2a: Klefki
|-damage|p2a: Klefki|55/100
|-resisted|p2a: Klefki
|-damage|p2a: Klefki|47/100
|-resisted|p2a: Klefki
|-damage|p2a: Klefki|40/100
|-resisted|p2a: Klefki
|-damage|p2a: Klefki|32/100
|-resisted|p2a: Klefki
|-damage|p2a: Klefki|24/100
|-hitcount|p2a: Klefki|5
|
|-heal|p2a: Klefki|30/100|[from] item: Leftovers
|upkeep
|turn|21
|
|t:|1781376659
|move|p2a: Klefki|Thunder Wave|p1a: Kyurem
|-status|p1a: Kyurem|par
|move|p1a: Kyurem|Icicle Spear|p2a: Klefki
|-resisted|p2a: Klefki
|-damage|p2a: Klefki|23/100
|-resisted|p2a: Klefki
|-damage|p2a: Klefki|15/100
|-resisted|p2a: Klefki
|-damage|p2a: Klefki|8/100
|-resisted|p2a: Klefki
|-damage|p2a: Klefki|0 fnt
|faint|p2a: Klefki
|-hitcount|p2: Klefki|4
|
|upkeep
|
|t:|1781376664
|switch|p2a: Garchomp|Garchomp, M|52/100
|-damage|p2a: Garchomp|46/100|[from] Stealth Rock
|turn|22
|
|t:|1781376668
|move|p2a: Garchomp|Earthquake|p1a: Kyurem
|-damage|p1a: Kyurem|0 fnt
|faint|p1a: Kyurem
|
|upkeep
|
|t:|1781376681
|switch|p1a: Iron Valiant|Iron Valiant|100/100
|-damage|p1a: Iron Valiant|76/100|[from] Spikes
|-damage|p1a: Iron Valiant|69/100|[from] Stealth Rock
|-enditem|p1a: Iron Valiant|Booster Energy
|-activate|p1a: Iron Valiant|ability: Quark Drive|[fromitem]
|-start|p1a: Iron Valiant|quarkdrivespe
|turn|23
|
|t:|1781376697
|move|p1a: Iron Valiant|Calm Mind|p1a: Iron Valiant
|-boost|p1a: Iron Valiant|spa|1
|-boost|p1a: Iron Valiant|spd|1
|move|p2a: Garchomp|Earthquake|p1a: Iron Valiant
|-damage|p1a: Iron Valiant|11/100
|
|upkeep
|turn|24
|
|t:|1781376703
|move|p1a: Iron Valiant|Moonblast|p2a: Garchomp
|-supereffective|p2a: Garchomp
|-damage|p2a: Garchomp|0 fnt
|faint|p2a: Garchomp
|
|upkeep
|
|t:|1781376704
|switch|p2a: Iron Valiant|Iron Valiant|100/100
|-damage|p2a: Iron Valiant|94/100|[from] Stealth Rock
|-enditem|p2a: Iron Valiant|Booster Energy
|-activate|p2a: Iron Valiant|ability: Quark Drive|[fromitem]
|-start|p2a: Iron Valiant|quarkdrivespe
|turn|25
|
|t:|1781376709
|-terastallize|p1a: Iron Valiant|Ghost
|move|p2a: Iron Valiant|Shadow Ball|p1a: Iron Valiant
|-supereffective|p1a: Iron Valiant
|-damage|p1a: Iron Valiant|0 fnt
|faint|p1a: Iron Valiant
|-end|p1a: Iron Valiant|Quark Drive|[silent]
|
|upkeep
|
|t:|1781376716
|switch|p1a: Kingambit|Kingambit, M|76/100
|-damage|p1a: Kingambit|51/100|[from] Spikes
|-damage|p1a: Kingambit|45/100|[from] Stealth Rock
|-activate|p1a: Kingambit|ability: Supreme Overlord
|-start|p1a: Kingambit|fallen3|[silent]
|turn|26
|
|t:|1781376723
|move|p2a: Iron Valiant|Moonblast|p1a: Kingambit
|-damage|p1a: Kingambit|0 fnt
|faint|p1a: Kingambit
|-end|p1a: Kingambit|fallen3|[silent]
|
|upkeep
|c|☆clickdontthink|gg, wp, cool tar shot tech. Never even knew that existed
|-message|clickdontthink forfeited.
|
|win|omari p
|raw|clickdontthink's rating: 1600 &rarr; <strong>1581</strong><br />(-19 for losing)
|raw|omari p's rating: 1619 &rarr; <strong>1638</strong><br />(+19 for winning)
|l|☆clickdontthink
|player|p1|
