|j|☆ethereallovefr
|j|☆Real Glim Shady
|t:|1781267889
|gametype|singles
|player|p1|ethereallovefr|266|1570
|player|p2|Real Glim Shady|dragontamer|1575
|gen|9
|tier|[Gen 9] OU
|rated|
|rule|HP Percentage Mod: HP is shown in percentages
|rule|Endless Battle Clause: Forcing endless battles is banned
|rule|Species Clause: Limit one of each Pokémon
|rule|OHKO Clause: OHKO moves are banned
|rule|Evasion Items Clause: Evasion items are banned
|rule|Evasion Moves Clause: Evasion moves are banned
|rule|Evasion Abilities Clause: Evasion abilities are banned
|rule|Sleep Moves Clause: Sleep-inducing moves are banned
|clearpoke
|poke|p1|Cresselia, F|
|poke|p1|Porygon2|
|poke|p1|Ursaluna, F|
|poke|p1|Crawdaunt, F|
|poke|p1|Iron Hands|
|poke|p1|Kingambit, F|
|poke|p2|Cinderace, F|
|poke|p2|Corviknight, F|
|poke|p2|Garganacl, M|
|poke|p2|Darkrai|
|poke|p2|Garchomp, F|
|poke|p2|Slowking-Galar, F|
|teampreview
|inactive|Battle timer is ON: inactive players will automatically lose when time's up. (requested by Real Glim Shady)
|
|t:|1781267905
|teamsize|p1|6
|teamsize|p2|6
|start
|switch|p1a: 🤖|Porygon2|100/100
|switch|p2a: Darkrai|Darkrai|100/100
|-ability|p1a: 🤖|Download|boost
|-boost|p1a: 🤖|spa|1
|turn|1
|
|t:|1781267907
|move|p2a: Darkrai|Trick|p1a: 🤖
|-activate|p2a: Darkrai|move: Trick|[of] p1a: 🤖
|-item|p1a: 🤖|Choice Scarf|[from] move: Trick
|-item|p2a: Darkrai|Eviolite|[from] move: Trick
|move|p1a: 🤖|Trick Room|p1a: 🤖
|-fieldstart|move: Trick Room|[of] p1a: 🤖
|
|upkeep
|turn|2
|
|t:|1781267918
|switch|p1a: ✋👄✋|Iron Hands|100/100
|-enditem|p1a: ✋👄✋|Booster Energy
|-activate|p1a: ✋👄✋|ability: Quark Drive|[fromitem]
|-start|p1a: ✋👄✋|quarkdriveatk
|move|p2a: Darkrai|Trick|p1a: ✋👄✋
|-activate|p2a: Darkrai|move: Trick|[of] p1a: ✋👄✋
|-item|p1a: ✋👄✋|Eviolite|[from] move: Trick
|-enditem|p2a: Darkrai|Eviolite|[silent]|[from] move: Trick
|
|upkeep
|turn|3
|
|t:|1781267932
|move|p1a: ✋👄✋|Swords Dance|p1a: ✋👄✋
|-boost|p1a: ✋👄✋|atk|2
|move|p2a: Darkrai|Sludge Bomb|p1a: ✋👄✋
|-damage|p1a: ✋👄✋|68/100
|
|upkeep
|turn|4
|
|t:|1781267943
|switch|p2a: Slowking|Slowking-Galar, F|100/100
|move|p1a: ✋👄✋|Drain Punch|p2a: Slowking
|-resisted|p2a: Slowking
|-damage|p2a: Slowking|69/100
|-heal|p1a: ✋👄✋|81/100|[from] drain|[of] p2a: Slowking
|
|upkeep
|turn|5
|
|t:|1781267949
|switch|p2a: Darkrai|Darkrai|100/100
|move|p1a: ✋👄✋|Wild Charge|p2a: Darkrai
|-crit|p2a: Darkrai
|-damage|p2a: Darkrai|0 fnt
|faint|p2a: Darkrai
|-damage|p1a: ✋👄✋|67/100|[from] Recoil
|
|-fieldend|move: Trick Room
|upkeep
|
|t:|1781267971
|switch|p2a: Cinderace|Cinderace, F|100/100
|turn|6
|
|t:|1781267975
|move|p2a: Cinderace|Will-O-Wisp|p1a: ✋👄✋|[miss]
|-miss|p2a: Cinderace|p1a: ✋👄✋
|move|p1a: ✋👄✋|Drain Punch|p2a: Cinderace
|-damage|p2a: Cinderace|0 fnt
|-heal|p1a: ✋👄✋|100/100|[from] drain|[of] p2a: Cinderace
|faint|p2a: Cinderace
|
|upkeep
|
|t:|1781267977
|switch|p2a: Garchomp|Garchomp, F, shiny|100/100
|turn|7
|
|t:|1781267979
|move|p2a: Garchomp|Earthquake|p1a: ✋👄✋
|-supereffective|p1a: ✋👄✋
|-damage|p1a: ✋👄✋|31/100
|move|p1a: ✋👄✋|Ice Punch|p2a: Garchomp
|-supereffective|p2a: Garchomp
|-damage|p2a: Garchomp|0 fnt
|-damage|p1a: ✋👄✋|19/100|[from] ability: Rough Skin|[of] p2a: Garchomp
|faint|p2a: Garchomp
|
|upkeep
|
|t:|1781267982
|switch|p2a: Slowking|Slowking-Galar, F|100/100
|turn|8
|
|t:|1781267985
|move|p2a: Slowking|Psychic Noise|p1a: ✋👄✋
|-supereffective|p1a: ✋👄✋
|-damage|p1a: ✋👄✋|0 fnt
|faint|p1a: ✋👄✋
|-end|p1a: ✋👄✋|Quark Drive|[silent]
|
|upkeep
|
|t:|1781267987
|switch|p1a: 🤖|Porygon2|100/100
|-ability|p1a: 🤖|Download|boost
|-boost|p1a: 🤖|atk|1
|turn|9
|
|t:|1781267990
|move|p2a: Slowking|Toxic Spikes|p1a: 🤖
|-sidestart|p1: ethereallovefr|move: Toxic Spikes
|move|p1a: 🤖|Trick Room|p1a: 🤖
|-fieldstart|move: Trick Room|[of] p1a: 🤖
|
|upkeep
|turn|10
|
|t:|1781267995
|switch|p1a: 🦀|Crawdaunt, F, shiny|100/100
|-status|p1a: 🦀|psn
|-prepare|p2a: Slowking|Chilly Reception|[premajor]
|move|p2a: Slowking|Chilly Reception|p2a: Slowking
|-weather|Snowscape
|
|t:|1781268007
|switch|p2a: Corviknight|Corviknight, F|100/100|[from] Chilly Reception
|-ability|p2a: Corviknight|Pressure
|
|-weather|Snowscape|[upkeep]
|-damage|p1a: 🦀|88/100 psn|[from] psn
|upkeep
|turn|11
|
|t:|1781268015
|move|p1a: 🦀|Knock Off|p2a: Corviknight
|-damage|p2a: Corviknight|44/100
|-damage|p1a: 🦀|71/100 psn|[from] item: Rocky Helmet|[of] p2a: Corviknight
|-enditem|p2a: Corviknight|Rocky Helmet|[from] move: Knock Off|[of] p1a: 🦀
|-damage|p1a: 🦀|61/100 psn|[from] item: Life Orb
|move|p2a: Corviknight|Roost|p2a: Corviknight
|-heal|p2a: Corviknight|94/100
|-singleturn|p2a: Corviknight|move: Roost
|
|-weather|Snowscape|[upkeep]
|-damage|p1a: 🦀|49/100 psn|[from] psn
|upkeep
|turn|12
|
|t:|1781268024
|move|p1a: 🦀|Swords Dance|p1a: 🦀
|-boost|p1a: 🦀|atk|2
|move|p2a: Corviknight|Body Press|p1a: 🦀
|-supereffective|p1a: 🦀
|-damage|p1a: 🦀|0 fnt
|faint|p1a: 🦀
|
|-weather|Snowscape|[upkeep]
|upkeep
|
|t:|1781268034
|switch|p1a: 🤖|Porygon2|100/100
|-status|p1a: 🤖|psn
|-ability|p1a: 🤖|Download|boost
|-boost|p1a: 🤖|spa|1
|turn|13
|
|t:|1781268042
|switch|p2a: Garganacl|Garganacl, M|100/100
|move|p1a: 🤖|Ice Beam|p2a: Garganacl
|-damage|p2a: Garganacl|73/100
|
|-weather|Snowscape|[upkeep]
|-heal|p2a: Garganacl|79/100|[from] item: Leftovers
|-damage|p1a: 🤖|88/100 psn|[from] psn
|-fieldend|move: Trick Room
|upkeep
|turn|14
|
|t:|1781268048
|switch|p1a: 🌟|Cresselia, F, shiny|100/100
|move|p2a: Garganacl|Salt Cure|p1a: 🌟
|-damage|p1a: 🌟|91/100
|-start|p1a: 🌟|Salt Cure
|
|-weather|none
|-heal|p2a: Garganacl|86/100|[from] item: Leftovers
|-damage|p1a: 🌟|79/100|[from] Salt Cure
|upkeep
|turn|15
|
|t:|1781268052
|switch|p2a: Slowking|Slowking-Galar, F|100/100
|move|p1a: 🌟|Trick Room|p1a: 🌟
|-fieldstart|move: Trick Room|[of] p1a: 🌟
|
|-damage|p1a: 🌟|66/100|[from] Salt Cure
|upkeep
|turn|16
|
|t:|1781268058
|-prepare|p2a: Slowking|Chilly Reception|[premajor]
|move|p2a: Slowking|Chilly Reception|p2a: Slowking
|-weather|Snowscape
|
|t:|1781268061
|switch|p2a: Corviknight|Corviknight, F|94/100|[from] Chilly Reception
|-ability|p2a: Corviknight|Pressure
|move|p1a: 🌟|Thunder Wave|p2a: Corviknight
|-status|p2a: Corviknight|par
|
|-weather|Snowscape|[upkeep]
|-damage|p1a: 🌟|54/100|[from] Salt Cure
|upkeep
|turn|17
|
|t:|1781268070
|move|p2a: Corviknight|U-turn|p1a: 🌟
|-supereffective|p1a: 🌟
|-damage|p1a: 🌟|36/100
|
|t:|1781268088
|switch|p2a: Garganacl|Garganacl, M|86/100|[from] U-turn
|move|p1a: 🌟|Trick Room|p1a: 🌟
|-fieldend|move: Trick Room
|
|-weather|Snowscape|[upkeep]
|-heal|p2a: Garganacl|92/100|[from] item: Leftovers
|-damage|p1a: 🌟|24/100|[from] Salt Cure
|upkeep
|turn|18
|
|t:|1781268100
|move|p2a: Garganacl|Stealth Rock|p1a: 🌟
|-sidestart|p1: ethereallovefr|move: Stealth Rock
|move|p1a: 🌟|Trick Room|p1a: 🌟
|-fieldstart|move: Trick Room|[of] p1a: 🌟
|
|-weather|Snowscape|[upkeep]
|-heal|p2a: Garganacl|98/100|[from] item: Leftovers
|-damage|p1a: 🌟|11/100|[from] Salt Cure
|upkeep
|turn|19
|
|t:|1781268109
|move|p2a: Garganacl|Protect|p2a: Garganacl
|-singleturn|p2a: Garganacl|Protect
|move|p1a: 🌟|Lunar Dance|p1a: 🌟
|faint|p1a: 🌟
|
|-weather|Snowscape|[upkeep]
|-heal|p2a: Garganacl|100/100|[from] item: Leftovers
|upkeep
|l|☆ethereallovefr
|inactive|ethereallovefr disconnected and has a minute to reconnect!
|player|p1|
|j|☆ethereallovefr
|inactive|ethereallovefr reconnected and has 135 seconds left.
|player|p1|ethereallovefr|266|
|
|t:|1781268130
|switch|p1a: 🐾|Ursaluna, F, shiny|100/100
|-status|p1a: 🐾|psn
|-damage|p1a: 🐾|94/100 psn|[from] Stealth Rock
|turn|20
|
|t:|1781268141
|-terastallize|p2a: Garganacl|Water
|move|p2a: Garganacl|Salt Cure|p1a: 🐾
|-resisted|p1a: 🐾
|-damage|p1a: 🐾|90/100 psn
|-start|p1a: 🐾|Salt Cure
|move|p1a: 🐾|Swords Dance|p1a: 🐾
|-boost|p1a: 🐾|atk|2
|
|-weather|none
|-damage|p1a: 🐾|77/100 psn|[from] psn
|-damage|p1a: 🐾|65/100 psn|[from] Salt Cure
|upkeep
|turn|21
|
|t:|1781268152
|move|p2a: Garganacl|Protect|p2a: Garganacl
|-singleturn|p2a: Garganacl|Protect
|move|p1a: 🐾|Swords Dance|p1a: 🐾
|-boost|p1a: 🐾|atk|2
|
|-damage|p1a: 🐾|52/100 psn|[from] psn
|-damage|p1a: 🐾|40/100 psn|[from] Salt Cure
|upkeep
|turn|22
|
|t:|1781268162
|switch|p2a: Slowking|Slowking-Galar, F|100/100
|move|p1a: 🐾|Drain Punch|p2a: Slowking
|-resisted|p2a: Slowking
|-damage|p2a: Slowking|63/100
|-heal|p1a: 🐾|55/100 psn|[from] drain|[of] p2a: Slowking
|
|-damage|p1a: 🐾|43/100 psn|[from] psn
|-damage|p1a: 🐾|30/100 psn|[from] Salt Cure
|-fieldend|move: Trick Room
|upkeep
|turn|23
|
|t:|1781268176
|move|p2a: Slowking|Psychic Noise|p1a: 🐾
|-damage|p1a: 🐾|8/100 psn
|-start|p1a: 🐾|move: Heal Block
|cant|p1a: 🐾|move: Heal Block|Drain Punch
|
|-damage|p1a: 🐾|0 fnt|[from] psn
|faint|p1a: 🐾
|upkeep
|
|t:|1781268181
|switch|p1a: 🤖|Porygon2|88/100 psn
|-heal|p1a: 🤖|100/100|[from] move: Lunar Dance
|-status|p1a: 🤖|psn
|-damage|p1a: 🤖|88/100 psn|[from] Stealth Rock
|-ability|p1a: 🤖|Download|boost
|-boost|p1a: 🤖|atk|1
|turn|24
|
|t:|1781268186
|move|p1a: 🤖|Tri Attack|p2a: Slowking
|-damage|p2a: Slowking|43/100
|-prepare|p2a: Slowking|Chilly Reception|[premajor]
|move|p2a: Slowking|Chilly Reception|p2a: Slowking
|-weather|Snowscape
|
|t:|1781268190
|switch|p2a: Corviknight|Corviknight, F|94/100 par|[from] Chilly Reception
|-ability|p2a: Corviknight|Pressure
|
|-weather|Snowscape|[upkeep]
|-damage|p1a: 🤖|75/100 psn|[from] psn
|upkeep
|turn|25
|
|t:|1781268200
|switch|p1a: ⚔️|Kingambit, F|100/100
|-damage|p1a: ⚔️|94/100|[from] Stealth Rock
|-activate|p1a: ⚔️|ability: Supreme Overlord
|-start|p1a: ⚔️|fallen4|[silent]
|move|p2a: Corviknight|Body Press|p1a: ⚔️
|-supereffective|p1a: ⚔️
|-damage|p1a: ⚔️|22/100
|
|-weather|Snowscape|[upkeep]
|upkeep
|turn|26
|
|t:|1781268216
|-terastallize|p1a: ⚔️|Flying
|move|p1a: ⚔️|Swords Dance|p1a: ⚔️
|-boost|p1a: ⚔️|atk|2
|move|p2a: Corviknight|Body Press|p1a: ⚔️
|-resisted|p1a: ⚔️
|-damage|p1a: ⚔️|12/100
|
|-weather|Snowscape|[upkeep]
|upkeep
|turn|27
|
|t:|1781268221
|move|p1a: ⚔️|Kowtow Cleave|p2a: Corviknight
|-damage|p2a: Corviknight|0 fnt
|faint|p2a: Corviknight
|
|-weather|Snowscape|[upkeep]
|upkeep
|
|t:|1781268227
|switch|p2a: Garganacl|Garganacl, M, tera:Water|100/100
|turn|28
|
|t:|1781268229
|move|p1a: ⚔️|Sucker Punch|p2a: Garganacl
|-damage|p2a: Garganacl|1/100
|move|p2a: Garganacl|Salt Cure|p1a: ⚔️
|-supereffective|p1a: ⚔️
|-damage|p1a: ⚔️|0 fnt
|faint|p1a: ⚔️
|-end|p1a: ⚔️|fallen4|[silent]
|
|-weather|none
|-heal|p2a: Garganacl|8/100|[from] item: Leftovers
|upkeep
|
|t:|1781268231
|switch|p1a: 🤖|Porygon2|75/100 psn
|-damage|p1a: 🤖|63/100 psn|[from] Stealth Rock
|-ability|p1a: 🤖|Download|boost
|-boost|p1a: 🤖|atk|1
|turn|29
|
|t:|1781268238
|move|p2a: Garganacl|Protect|p2a: Garganacl
|-singleturn|p2a: Garganacl|Protect
|move|p1a: 🤖|Tri Attack|p2a: Garganacl
|-activate|p2a: Garganacl|move: Protect
|
|-heal|p2a: Garganacl|14/100|[from] item: Leftovers
|-damage|p1a: 🤖|50/100 psn|[from] psn
|upkeep
|turn|30
|
|t:|1781268244
|switch|p2a: Slowking|Slowking-Galar, F|76/100
|move|p1a: 🤖|Tri Attack|p2a: Slowking
|-damage|p2a: Slowking|55/100
|
|-damage|p1a: 🤖|38/100 psn|[from] psn
|upkeep
|turn|31
|
|t:|1781268249
|move|p1a: 🤖|Tri Attack|p2a: Slowking
|-damage|p2a: Slowking|34/100
|-prepare|p2a: Slowking|Chilly Reception|[premajor]
|move|p2a: Slowking|Chilly Reception|p2a: Slowking
|-weather|Snowscape
|
|t:|1781268250
|switch|p2a: Garganacl|Garganacl, M, tera:Water|14/100|[from] Chilly Reception
|
|-weather|Snowscape|[upkeep]
|-heal|p2a: Garganacl|20/100|[from] item: Leftovers
|-damage|p1a: 🤖|25/100 psn|[from] psn
|upkeep
|turn|32
|
|t:|1781268253
|move|p2a: Garganacl|Protect|p2a: Garganacl
|-singleturn|p2a: Garganacl|Protect
|move|p1a: 🤖|Tri Attack|p2a: Garganacl
|-activate|p2a: Garganacl|move: Protect
|
|-weather|Snowscape|[upkeep]
|-heal|p2a: Garganacl|26/100|[from] item: Leftovers
|-damage|p1a: 🤖|13/100 psn|[from] psn
|upkeep
|turn|33
|
|t:|1781268258
|switch|p2a: Slowking|Slowking-Galar, F|67/100
|move|p1a: 🤖|Tri Attack|p2a: Slowking
|-damage|p2a: Slowking|47/100
|
|-weather|Snowscape|[upkeep]
|-damage|p1a: 🤖|0 fnt|[from] psn
|faint|p1a: 🤖
|
|win|Real Glim Shady
|raw|ethereallovefr's rating: 1570 &rarr; <strong>1550</strong><br />(-20 for losing)
|raw|Real Glim Shady's rating: 1575 &rarr; <strong>1595</strong><br />(+20 for winning)
|l|☆Real Glim Shady
|player|p2|
|l|☆ethereallovefr
|player|p1|
