|j|☆uniandes5
|j|☆tiftif
|t:|1781040035
|gametype|singles
|player|p1|uniandes5|265|1550
|player|p2|tiftif|102|1537
|gen|9
|tier|[Gen 9] OU
|rated|
|rule|HP Percentage Mod: HP is shown in percentages
|rule|Endless Battle Clause: Forcing endless battles is banned
|rule|Species Clause: Limit one of each Pokémon
|rule|OHKO Clause: OHKO moves are banned
|rule|Evasion Items Clause: Evasion items are banned
|rule|Evasion Moves Clause: Evasion moves are banned
|rule|Evasion Abilities Clause: Evasion abilities are banned
|rule|Sleep Moves Clause: Sleep-inducing moves are banned
|clearpoke
|poke|p1|Grimmsnarl, M|
|poke|p1|Latias, F|
|poke|p1|Tinkaton, F|
|poke|p1|Volcanion|
|poke|p1|Mew|
|poke|p1|Dragapult, M|
|poke|p2|Pelipper, M|
|poke|p2|Iron Treads|
|poke|p2|Barraskewda, M|
|poke|p2|Raging Bolt|
|poke|p2|Talonflame, M|
|poke|p2|Keldeo-Resolute|
|teampreview
|inactive|Battle timer is ON: inactive players will automatically lose when time's up. (requested by tiftif)
|inactive|uniandes5 has 120 seconds left.
|inactive|uniandes5 has 90 seconds left.
|
|t:|1781040122
|teamsize|p1|6
|teamsize|p2|6
|start
|switch|p1a: Dragapult|Dragapult, M|100/100
|switch|p2a: Bec qui pend|Pelipper, M|100/100
|-weather|RainDance|[from] ability: Drizzle|[of] p2a: Bec qui pend
|turn|1
|
|t:|1781040127
|switch|p2a: Great Tusk Wish|Iron Treads|100/100
|-enditem|p2a: Great Tusk Wish|Booster Energy
|-activate|p2a: Great Tusk Wish|ability: Quark Drive|[fromitem]
|-start|p2a: Great Tusk Wish|quarkdrivespe
|move|p1a: Dragapult|Thunder Wave|p2a: Great Tusk Wish
|-immune|p2a: Great Tusk Wish
|
|-weather|RainDance|[upkeep]
|upkeep
|turn|2
|
|t:|1781040130
|move|p2a: Great Tusk Wish|Stealth Rock|p1a: Dragapult
|-sidestart|p1: uniandes5|move: Stealth Rock
|move|p1a: Dragapult|Hydro Pump|p2a: Great Tusk Wish
|-supereffective|p2a: Great Tusk Wish
|-damage|p2a: Great Tusk Wish|0 fnt
|faint|p2a: Great Tusk Wish
|-end|p2a: Great Tusk Wish|Quark Drive|[silent]
|
|-weather|RainDance|[upkeep]
|upkeep
|
|t:|1781040141
|switch|p2a: Le Talon Ducul|Talonflame, M|100/100
|turn|3
|
|t:|1781040145
|move|p2a: Le Talon Ducul|Hurricane|p1a: Dragapult
|-damage|p1a: Dragapult|0 fnt
|faint|p1a: Dragapult
|
|-weather|RainDance|[upkeep]
|upkeep
|
|t:|1781040154
|switch|p1a: Tinkaton|Tinkaton, F|100/100
|-damage|p1a: Tinkaton|94/100|[from] Stealth Rock
|-ability|p1a: Tinkaton|Mold Breaker
|turn|4
|
|t:|1781040163
|switch|p2a: Sophie|Raging Bolt|100/100
|-enditem|p2a: Sophie|Booster Energy
|-activate|p2a: Sophie|ability: Protosynthesis|[fromitem]
|-start|p2a: Sophie|protosynthesisspa
|move|p1a: Tinkaton|Thunder Wave|p2a: Sophie
|-immune|p2a: Sophie
|
|-weather|RainDance|[upkeep]
|upkeep
|turn|5
|
|t:|1781040169
|move|p2a: Sophie|Thunder|p1a: Tinkaton
|-damage|p1a: Tinkaton|18/100
|-enditem|p1a: Tinkaton|Red Card|[of] p2a: Sophie
|-end|p2a: Sophie|Protosynthesis|[silent]
|drag|p2a: Kaideos|Keldeo-Resolute|100/100
|move|p1a: Tinkaton|Thunder Wave|p2a: Kaideos
|-status|p2a: Kaideos|par
|
|-weather|RainDance|[upkeep]
|upkeep
|turn|6
|
|t:|1781040176
|move|p1a: Tinkaton|Knock Off|p2a: Kaideos
|-resisted|p2a: Kaideos
|-damage|p2a: Kaideos|87/100 par
|-ability|p2a: Kaideos|Justified|boost
|-boost|p2a: Kaideos|atk|1
|-enditem|p2a: Kaideos|Leftovers|[from] move: Knock Off|[of] p1a: Tinkaton
|cant|p2a: Kaideos|par
|
|-weather|RainDance|[upkeep]
|upkeep
|turn|7
|
|t:|1781040187
|move|p1a: Tinkaton|Foul Play|p2a: Kaideos
|-resisted|p2a: Kaideos
|-damage|p2a: Kaideos|75/100 par
|-ability|p2a: Kaideos|Justified|boost
|-boost|p2a: Kaideos|atk|1
|move|p2a: Kaideos|Secret Sword|p1a: Tinkaton
|-damage|p1a: Tinkaton|0 fnt
|faint|p1a: Tinkaton
|
|-weather|RainDance|[upkeep]
|upkeep
|
|t:|1781040194
|switch|p1a: Grimmsnarl|Grimmsnarl, M|100/100
|-damage|p1a: Grimmsnarl|88/100|[from] Stealth Rock
|turn|8
|
|t:|1781040208
|move|p1a: Grimmsnarl|Light Screen|p1a: Grimmsnarl
|-sidestart|p1: uniandes5|move: Light Screen
|move|p2a: Kaideos|Surf|p1a: Grimmsnarl
|-damage|p1a: Grimmsnarl|57/100
|
|-weather|none
|upkeep
|turn|9
|
|t:|1781040211
|move|p1a: Grimmsnarl|Reflect|p1a: Grimmsnarl
|-sidestart|p1: uniandes5|Reflect
|move|p2a: Kaideos|Substitute|p2a: Kaideos
|-start|p2a: Kaideos|Substitute
|-damage|p2a: Kaideos|51/100 par
|
|upkeep
|turn|10
|
|t:|1781040215
|switch|p1a: Mew|Mew|100/100
|-damage|p1a: Mew|88/100|[from] Stealth Rock
|cant|p2a: Kaideos|par
|
|upkeep
|turn|11
|
|t:|1781040218
|move|p1a: Mew|Dragon Dance|p1a: Mew
|-boost|p1a: Mew|atk|1
|-boost|p1a: Mew|spe|1
|move|p2a: Kaideos|Calm Mind|p2a: Kaideos
|-boost|p2a: Kaideos|spa|1
|-boost|p2a: Kaideos|spd|1
|
|upkeep
|turn|12
|
|t:|1781040222
|move|p1a: Mew|Dragon Dance|p1a: Mew
|-boost|p1a: Mew|atk|1
|-boost|p1a: Mew|spe|1
|cant|p2a: Kaideos|par
|
|upkeep
|turn|13
|
|t:|1781040226
|move|p1a: Mew|Drain Punch|p2a: Kaideos
|-end|p2a: Kaideos|Substitute
|-heal|p1a: Mew|98/100|[from] drain|[of] p2a: Kaideos
|move|p2a: Kaideos|Surf|p1a: Mew
|-damage|p1a: Mew|65/100
|
|upkeep
|turn|14
|
|t:|1781040232
|switch|p2a: Bec qui pend|Pelipper, M|100/100
|-weather|RainDance|[from] ability: Drizzle|[of] p2a: Bec qui pend
|move|p1a: Mew|Drain Punch|p2a: Bec qui pend
|-resisted|p2a: Bec qui pend
|-damage|p2a: Bec qui pend|87/100
|-heal|p1a: Mew|70/100|[from] drain|[of] p2a: Bec qui pend
|
|-weather|RainDance|[upkeep]
|upkeep
|turn|15
|
|t:|1781040235
|move|p1a: Mew|Dragon Dance|p1a: Mew
|-boost|p1a: Mew|atk|1
|-boost|p1a: Mew|spe|1
|move|p2a: Bec qui pend|U-turn|p1a: Mew
|-supereffective|p1a: Mew
|-damage|p1a: Mew|64/100
|-enditem|p1a: Mew|Weakness Policy
|-boost|p1a: Mew|atk|2|[from] item: Weakness Policy
|-boost|p1a: Mew|spa|2|[from] item: Weakness Policy
|
|t:|1781040243
|switch|p2a: Kaideos|Keldeo-Resolute|51/100 par|[from] U-turn
|
|-weather|RainDance|[upkeep]
|-sideend|p1: uniandes5|move: Light Screen
|upkeep
|turn|16
|
|t:|1781040247
|move|p1a: Mew|Drain Punch|p2a: Kaideos
|-crit|p2a: Kaideos
|-damage|p2a: Kaideos|0 fnt
|-heal|p1a: Mew|84/100|[from] drain|[of] p2a: Kaideos
|faint|p2a: Kaideos
|
|-weather|RainDance|[upkeep]
|-sideend|p1: uniandes5|Reflect
|upkeep
|
|t:|1781040250
|switch|p2a: Le Talon Ducul|Talonflame, M|100/100
|turn|17
|
|t:|1781040254
|move|p2a: Le Talon Ducul|Hurricane|p1a: Mew
|-damage|p1a: Mew|18/100
|-start|p1a: Mew|confusion
|-activate|p1a: Mew|confusion
|-damage|p1a: Mew|0 fnt|[from] confusion
|faint|p1a: Mew
|
|-weather|RainDance|[upkeep]
|upkeep
|
|t:|1781040261
|switch|p1a: Grimmsnarl|Grimmsnarl, M|57/100
|-damage|p1a: Grimmsnarl|45/100|[from] Stealth Rock
|turn|18
|
|t:|1781040264
|move|p2a: Le Talon Ducul|Hurricane|p1a: Grimmsnarl
|-damage|p1a: Grimmsnarl|0 fnt
|faint|p1a: Grimmsnarl
|
|-weather|RainDance|[upkeep]
|upkeep
|
|t:|1781040268
|switch|p1a: Volcanion|Volcanion|100/100
|turn|19
|
|t:|1781040271
|move|p2a: Le Talon Ducul|Hurricane|p1a: Volcanion
|-damage|p1a: Volcanion|27/100
|-start|p1a: Volcanion|confusion
|-activate|p1a: Volcanion|confusion
|move|p1a: Volcanion|Steam Eruption|p2a: Le Talon Ducul
|-supereffective|p2a: Le Talon Ducul
|-damage|p2a: Le Talon Ducul|0 fnt
|faint|p2a: Le Talon Ducul
|
|-weather|RainDance|[upkeep]
|upkeep
|
|t:|1781040282
|switch|p2a: Sophie|Raging Bolt|100/100
|turn|20
|
|t:|1781040303
|move|p2a: Sophie|Thunder|p1a: Volcanion
|-supereffective|p1a: Volcanion
|-damage|p1a: Volcanion|0 fnt
|faint|p1a: Volcanion
|
|-weather|RainDance|[upkeep]
|upkeep
|
|t:|1781040306
|switch|p1a: Latias|Latias, F|100/100
|-damage|p1a: Latias|88/100|[from] Stealth Rock
|turn|21
|
|t:|1781040311
|move|p1a: Latias|Calm Mind|p1a: Latias
|-boost|p1a: Latias|spa|1
|-boost|p1a: Latias|spd|1
|move|p2a: Sophie|Dragon Pulse|p1a: Latias
|-supereffective|p1a: Latias
|-damage|p1a: Latias|38/100
|
|-weather|none
|upkeep
|turn|22
|
|t:|1781040321
|move|p1a: Latias|Recover|p1a: Latias
|-heal|p1a: Latias|88/100
|move|p2a: Sophie|Dragon Pulse|p1a: Latias
|-supereffective|p1a: Latias
|-damage|p1a: Latias|40/100
|
|upkeep
|turn|23
|
|t:|1781040341
|-terastallize|p1a: Latias|Poison
|move|p1a: Latias|Recover|p1a: Latias
|-heal|p1a: Latias|90/100
|move|p2a: Sophie|Dragon Pulse|p1a: Latias
|-damage|p1a: Latias|66/100
|
|upkeep
|turn|24
|
|t:|1781040346
|-end|p2a: Sophie|Protosynthesis|[silent]
|switch|p2a: Bec qui pend|Pelipper, M|87/100
|-weather|RainDance|[from] ability: Drizzle|[of] p2a: Bec qui pend
|move|p1a: Latias|Calm Mind|p1a: Latias
|-boost|p1a: Latias|spa|1
|-boost|p1a: Latias|spd|1
|
|-weather|RainDance|[upkeep]
|upkeep
|turn|25
|
|t:|1781040352
|move|p1a: Latias|Recover|p1a: Latias
|-heal|p1a: Latias|100/100
|move|p2a: Bec qui pend|U-turn|p1a: Latias
|-resisted|p1a: Latias
|-damage|p1a: Latias|97/100
|
|t:|1781040356
|switch|p2a: Haskwakoubeh|Barraskewda, M|100/100|[from] U-turn
|
|-weather|RainDance|[upkeep]
|upkeep
|turn|26
|
|t:|1781040358
|-terastallize|p2a: Haskwakoubeh|Water
|move|p2a: Haskwakoubeh|Liquidation|p1a: Latias
|-damage|p1a: Latias|0 fnt
|faint|p1a: Latias
|
|win|tiftif
|raw|uniandes5's rating: 1550 &rarr; <strong>1529</strong><br />(-21 for losing)
|raw|tiftif's rating: 1537 &rarr; <strong>1558</strong><br />(+21 for winning)
|l|☆uniandes5
|player|p1|
|l|☆tiftif
|player|p2|
