|j|☆Decease·Perdition
|j|☆LordoftheGarbodors
|t:|1781162019
|gametype|singles
|player|p1|Decease·Perdition|waitress|1524
|player|p2|LordoftheGarbodors|marley|1499
|gen|9
|tier|[Gen 9] OU
|rated|
|rule|HP Percentage Mod: HP is shown in percentages
|rule|Endless Battle Clause: Forcing endless battles is banned
|rule|Species Clause: Limit one of each Pokémon
|rule|OHKO Clause: OHKO moves are banned
|rule|Evasion Items Clause: Evasion items are banned
|rule|Evasion Moves Clause: Evasion moves are banned
|rule|Evasion Abilities Clause: Evasion abilities are banned
|rule|Sleep Moves Clause: Sleep-inducing moves are banned
|clearpoke
|poke|p1|Gardevoir, F|
|poke|p1|Great Tusk|
|poke|p1|Gholdengo|
|poke|p1|Corviknight, M|
|poke|p1|Dragapult, M|
|poke|p1|Toxapex, M|
|poke|p2|Hoopa-Unbound|
|poke|p2|Lokix, M|
|poke|p2|Raging Bolt|
|poke|p2|Great Tusk|
|poke|p2|Alomomola, F|
|poke|p2|Pecharunt|
|teampreview
|
|t:|1781162035
|teamsize|p1|6
|teamsize|p2|6
|start
|switch|p1a: Gardevoir|Gardevoir, F, shiny|100/100
|switch|p2a: Raging Bolt|Raging Bolt|100/100
|turn|1
|inactive|Battle timer is ON: inactive players will automatically lose when time's up. (requested by LordoftheGarbodors)
|
|t:|1781162045
|-end|p2a: Raging Bolt|Protosynthesis|[silent]
|switch|p2a: Alomomola|Alomomola, F|100/100
|-ability|p1a: Gardevoir|Regenerator|Trace|[from] ability: Trace|[of] p2a: Alomomola
|-terastallize|p1a: Gardevoir|Fairy
|move|p1a: Gardevoir|Moonblast|p2a: Alomomola
|-damage|p2a: Alomomola|65/100
|
|upkeep
|turn|2
|
|t:|1781162060
|switch|p1a: Great Tusk|Great Tusk|100/100
|move|p2a: Alomomola|Flip Turn|p1a: Great Tusk
|-supereffective|p1a: Great Tusk
|-damage|p1a: Great Tusk|85/100
|
|t:|1781162067
|switch|p2a: Hoopa|Hoopa-Unbound|100/100|[from] Flip Turn
|
|-heal|p1a: Great Tusk|92/100|[from] item: Leftovers
|upkeep
|turn|3
|
|t:|1781162074
|-end|p1a: Great Tusk|Protosynthesis|[silent]
|switch|p1a: Corviknight|Corviknight, M|100/100
|move|p2a: Hoopa|Zen Headbutt|p1a: Corviknight
|-resisted|p1a: Corviknight
|-damage|p1a: Corviknight|75/100
|-damage|p2a: Hoopa|84/100|[from] item: Rocky Helmet|[of] p1a: Corviknight
|
|upkeep
|turn|4
|
|t:|1781162084
|switch|p2a: Alomomola|Alomomola, F|98/100
|move|p1a: Corviknight|U-turn|p2a: Alomomola
|-damage|p2a: Alomomola|88/100
|
|t:|1781162090
|switch|p1a: Great Tusk|Great Tusk|92/100|[from] U-turn
|
|-heal|p1a: Great Tusk|98/100|[from] item: Leftovers
|upkeep
|turn|5
|
|t:|1781162097
|move|p1a: Great Tusk|Knock Off|p2a: Alomomola
|-damage|p2a: Alomomola|69/100
|-enditem|p2a: Alomomola|Assault Vest|[from] move: Knock Off|[of] p1a: Great Tusk
|move|p2a: Alomomola|Flip Turn|p1a: Great Tusk
|-supereffective|p1a: Great Tusk
|-damage|p1a: Great Tusk|83/100
|
|t:|1781162109
|switch|p2a: Raging Bolt|Raging Bolt|100/100|[from] Flip Turn
|
|-heal|p1a: Great Tusk|89/100|[from] item: Leftovers
|upkeep
|turn|6
|
|t:|1781162119
|-end|p2a: Raging Bolt|Protosynthesis|[silent]
|switch|p2a: Alomomola|Alomomola, F|100/100
|-end|p1a: Great Tusk|Protosynthesis|[silent]
|switch|p1a: Gardevoir|Gardevoir, F, shiny, tera:Fairy|100/100
|-ability|p1a: Gardevoir|Regenerator|Trace|[from] ability: Trace|[of] p2a: Alomomola
|
|upkeep
|turn|7
|
|t:|1781162127
|move|p1a: Gardevoir|Moonblast|p2a: Alomomola
|-damage|p2a: Alomomola|52/100
|move|p2a: Alomomola|Mirror Coat|p1a: Gardevoir
|-damage|p1a: Gardevoir|0 fnt
|faint|p1a: Gardevoir
|
|upkeep
|
|t:|1781162135
|switch|p1a: Dragapult|Dragapult, M|100/100
|turn|8
|
|t:|1781162142
|move|p1a: Dragapult|Draco Meteor|p2a: Alomomola
|-damage|p2a: Alomomola|0 fnt
|-unboost|p1a: Dragapult|spa|2
|faint|p2a: Alomomola
|
|upkeep
|
|t:|1781162145
|switch|p2a: Lokix|Lokix, M|100/100
|turn|9
|
|t:|1781162155
|switch|p1a: Corviknight|Corviknight, M|75/100
|move|p2a: Lokix|Knock Off|p1a: Corviknight
|-damage|p1a: Corviknight|27/100
|-damage|p2a: Lokix|84/100|[from] item: Rocky Helmet|[of] p1a: Corviknight
|-enditem|p1a: Corviknight|Rocky Helmet|[from] move: Knock Off|[of] p2a: Lokix
|
|upkeep
|turn|10
|
|t:|1781162164
|move|p2a: Lokix|Knock Off|p1a: Corviknight
|-damage|p1a: Corviknight|0 fnt
|faint|p1a: Corviknight
|
|upkeep
|
|t:|1781162170
|switch|p1a: Toxapex|Toxapex, M|100/100
|turn|11
|
|t:|1781162174
|move|p2a: Lokix|Knock Off|p1a: Toxapex
|-damage|p1a: Toxapex|55/100
|-damage|p2a: Lokix|67/100|[from] item: Rocky Helmet|[of] p1a: Toxapex
|-enditem|p1a: Toxapex|Rocky Helmet|[from] move: Knock Off|[of] p2a: Lokix
|move|p1a: Toxapex|Toxic|p2a: Lokix
|-status|p2a: Lokix|tox
|
|-damage|p2a: Lokix|61/100 tox|[from] psn
|upkeep
|turn|12
|
|t:|1781162184
|switch|p2a: Hoopa|Hoopa-Unbound|84/100
|move|p1a: Toxapex|Recover|p1a: Toxapex
|-heal|p1a: Toxapex|100/100
|
|upkeep
|turn|13
|
|t:|1781162192
|switch|p1a: Dragapult|Dragapult, M|100/100
|move|p2a: Hoopa|Zen Headbutt|p1a: Dragapult
|-damage|p1a: Dragapult|0 fnt
|faint|p1a: Dragapult
|
|upkeep
|-message|Decease·Perdition forfeited.
|
|win|LordoftheGarbodors
|raw|Decease·Perdition's rating: 1524 &rarr; <strong>1503</strong><br />(-21 for losing)
|raw|LordoftheGarbodors's rating: 1499 &rarr; <strong>1520</strong><br />(+21 for winning)
|l|☆Decease·Perdition
|player|p1|
|l|☆LordoftheGarbodors
|player|p2|
