|j|☆alexander90281
|j|☆chip wittley
|t:|1780978411
|gametype|singles
|player|p1|alexander90281|tateandliza-gen3|1685
|player|p2|chip wittley|lance|1695
|gen|9
|tier|[Gen 9] OU
|rated|
|rule|HP Percentage Mod: HP is shown in percentages
|rule|Endless Battle Clause: Forcing endless battles is banned
|rule|Species Clause: Limit one of each Pokémon
|rule|OHKO Clause: OHKO moves are banned
|rule|Evasion Items Clause: Evasion items are banned
|rule|Evasion Moves Clause: Evasion moves are banned
|rule|Evasion Abilities Clause: Evasion abilities are banned
|rule|Sleep Moves Clause: Sleep-inducing moves are banned
|clearpoke
|poke|p1|Mimikyu, M|
|poke|p1|Hatterene, F|
|poke|p1|Ursaluna, F|
|poke|p1|Iron Valiant|
|poke|p1|Skeledirge, M|
|poke|p1|Garchomp, F|
|poke|p2|Araquanid, M|
|poke|p2|Flygon, M|
|poke|p2|Gholdengo|
|poke|p2|Cacturne, M|
|poke|p2|Iron Moth|
|poke|p2|Mimikyu, F|
|teampreview
|
|t:|1780978436
|teamsize|p1|6
|teamsize|p2|6
|start
|switch|p1a: Hatterene|Hatterene, F|100/100
|switch|p2a: Araquanid|Araquanid, M|100/100
|turn|1
|
|t:|1780978444
|move|p2a: Araquanid|Liquidation|p1a: Hatterene
|-damage|p1a: Hatterene|33/100
|-unboost|p1a: Hatterene|def|1
|move|p1a: Hatterene|Trick Room|p1a: Hatterene
|-fieldstart|move: Trick Room|[of] p1a: Hatterene
|
|upkeep
|turn|2
|
|t:|1780978450
|move|p1a: Hatterene|Psychic Noise|p2a: Araquanid
|-damage|p2a: Araquanid|63/100
|-start|p2a: Araquanid|move: Heal Block
|move|p2a: Araquanid|Liquidation|p1a: Hatterene
|-damage|p1a: Hatterene|0 fnt
|faint|p1a: Hatterene
|
|upkeep
|
|t:|1780978457
|switch|p1a: Ursaluna|Ursaluna, F|100/100
|turn|3
|
|t:|1780978477
|-terastallize|p1a: Ursaluna|Ghost
|move|p1a: Ursaluna|Swords Dance|p1a: Ursaluna
|-boost|p1a: Ursaluna|atk|2
|move|p2a: Araquanid|Liquidation|p1a: Ursaluna
|-damage|p1a: Ursaluna|57/100
|
|-end|p2a: Araquanid|move: Heal Block
|-status|p1a: Ursaluna|brn|[from] item: Flame Orb
|upkeep
|turn|4
|
|t:|1780978481
|move|p2a: Araquanid|Endure|p2a: Araquanid
|-singleturn|p2a: Araquanid|move: Endure
|move|p1a: Ursaluna|Crunch|p2a: Araquanid
|-activate|p2a: Araquanid|move: Endure
|-damage|p2a: Araquanid|1/100
|
|-damage|p1a: Ursaluna|51/100 brn|[from] brn
|upkeep
|turn|5
|-enditem|p2a: Araquanid|Custap Berry|[eat]
|-activate|p2a: Araquanid|item: Custap Berry|[consumed]
|
|t:|1780978497
|switch|p1a: Mimikyu|Mimikyu, M|100/100
|move|p2a: Araquanid|Liquidation|p1a: Mimikyu
|-activate|p1a: Mimikyu|ability: Disguise
|-damage|p1a: Mimikyu|100/100
|detailschange|p1a: Mimikyu|Mimikyu-Busted, M
|-damage|p1a: Mimikyu|88/100|[from] pokemon: Mimikyu-Busted
|
|-fieldend|move: Trick Room
|upkeep
|turn|6
|
|t:|1780978503
|move|p1a: Mimikyu|Play Rough|p2a: Araquanid
|-damage|p2a: Araquanid|0 fnt
|faint|p2a: Araquanid
|
|upkeep
|j| rizz of reko
|
|t:|1780978537
|switch|p2a: Gholdengo|Gholdengo|100/100
|-item|p2a: Gholdengo|Air Balloon
|turn|7
|j| blackblurspidey
|
|t:|1780978541
|switch|p1a: Skeledirge|Skeledirge, M|100/100
|move|p2a: Gholdengo|Shadow Ball|p1a: Skeledirge
|-supereffective|p1a: Skeledirge
|-damage|p1a: Skeledirge|17/100
|
|upkeep
|turn|8
|
|t:|1780978549
|move|p2a: Gholdengo|Psyshock|p1a: Skeledirge
|-damage|p1a: Skeledirge|0 fnt
|faint|p1a: Skeledirge
|
|upkeep
|
|t:|1780978553
|switch|p1a: Garchomp|Garchomp, F|100/100
|turn|9
|
|t:|1780978566
|move|p1a: Garchomp|Fire Fang|p2a: Gholdengo
|-supereffective|p2a: Gholdengo
|-damage|p2a: Gholdengo|49/100
|-enditem|p2a: Gholdengo|Air Balloon
|move|p2a: Gholdengo|Shadow Ball|p1a: Garchomp
|-damage|p1a: Garchomp|57/100
|
|upkeep
|turn|10
|
|t:|1780978576
|switch|p2a: Cacturne|Cacturne, M|100/100
|move|p1a: Garchomp|Earthquake|p2a: Cacturne
|-resisted|p2a: Cacturne
|-damage|p2a: Cacturne|57/100
|
|upkeep
|turn|11
|
|t:|1780978580
|move|p2a: Cacturne|Sucker Punch||[still]
|-fail|p2a: Cacturne
|move|p1a: Garchomp|Swords Dance|p1a: Garchomp
|-boost|p1a: Garchomp|atk|2
|
|upkeep
|turn|12
|
|t:|1780978591
|move|p2a: Cacturne|Sucker Punch||[still]
|-fail|p2a: Cacturne
|move|p1a: Garchomp|Swords Dance|p1a: Garchomp
|-boost|p1a: Garchomp|atk|2
|
|upkeep
|turn|13
|
|t:|1780978593
|move|p2a: Cacturne|Sucker Punch|p1a: Garchomp
|-damage|p1a: Garchomp|8/100
|-damage|p2a: Cacturne|44/100|[from] ability: Rough Skin|[of] p1a: Garchomp
|-damage|p2a: Cacturne|35/100|[from] item: Life Orb
|move|p1a: Garchomp|Scale Shot|p2a: Cacturne
|-damage|p2a: Cacturne|0 fnt
|faint|p2a: Cacturne
|-hitcount|p2: Cacturne|1
|-unboost|p1a: Garchomp|def|1
|-boost|p1a: Garchomp|spe|1
|
|upkeep
|
|t:|1780978596
|switch|p2a: Mimikyu|Mimikyu, F|100/100
|turn|14
|
|t:|1780978600
|move|p2a: Mimikyu|Shadow Sneak|p1a: Garchomp
|-damage|p1a: Garchomp|0 fnt
|-damage|p2a: Mimikyu|88/100|[from] ability: Rough Skin|[of] p1a: Garchomp
|faint|p1a: Garchomp
|
|upkeep
|
|t:|1780978603
|switch|p1a: Mimikyu|Mimikyu-Busted, M|88/100
|turn|15
|
|t:|1780978608
|move|p2a: Mimikyu|Shadow Claw|p1a: Mimikyu
|-supereffective|p1a: Mimikyu
|-crit|p1a: Mimikyu
|-damage|p1a: Mimikyu|2/100
|move|p1a: Mimikyu|Trick Room|p1a: Mimikyu
|-fieldstart|move: Trick Room|[of] p1a: Mimikyu
|
|upkeep
|turn|16
|
|t:|1780978611
|move|p2a: Mimikyu|Shadow Sneak|p1a: Mimikyu
|-supereffective|p1a: Mimikyu
|-crit|p1a: Mimikyu
|-damage|p1a: Mimikyu|0 fnt
|faint|p1a: Mimikyu
|
|upkeep
|
|t:|1780978614
|switch|p1a: Ursaluna|Ursaluna, F, tera:Ghost|51/100 brn
|turn|17
|
|t:|1780978619
|switch|p2a: Gholdengo|Gholdengo|49/100
|move|p1a: Ursaluna|Crunch|p2a: Gholdengo
|-supereffective|p2a: Gholdengo
|-damage|p2a: Gholdengo|0 fnt
|faint|p2a: Gholdengo
|
|-damage|p1a: Ursaluna|44/100 brn|[from] brn
|upkeep
|
|t:|1780978621
|switch|p2a: Flygon|Flygon, M|100/100
|turn|18
|
|t:|1780978624
|move|p1a: Ursaluna|Crunch|p2a: Flygon
|-damage|p2a: Flygon|33/100
|move|p2a: Flygon|Dragon Pulse|p1a: Ursaluna
|-damage|p1a: Ursaluna|16/100 brn
|
|-damage|p1a: Ursaluna|10/100 brn|[from] brn
|upkeep
|turn|19
|
|t:|1780978629
|move|p1a: Ursaluna|Crunch|p2a: Flygon
|-damage|p2a: Flygon|0 fnt
|faint|p2a: Flygon
|
|-damage|p1a: Ursaluna|4/100 brn|[from] brn
|-fieldend|move: Trick Room
|upkeep
|
|t:|1780978634
|switch|p2a: Iron Moth|Iron Moth|100/100
|turn|20
|
|t:|1780978642
|move|p2a: Iron Moth|Fiery Dance|p1a: Ursaluna
|-damage|p1a: Ursaluna|0 fnt
|faint|p1a: Ursaluna
|
|upkeep
|
|t:|1780978644
|switch|p1a: Iron Valiant|Iron Valiant|100/100
|-enditem|p1a: Iron Valiant|Booster Energy
|-activate|p1a: Iron Valiant|ability: Quark Drive|[fromitem]
|-start|p1a: Iron Valiant|quarkdrivespe
|turn|21
|
|t:|1780978646
|move|p1a: Iron Valiant|Calm Mind|p1a: Iron Valiant
|-boost|p1a: Iron Valiant|spa|1
|-boost|p1a: Iron Valiant|spd|1
|move|p2a: Iron Moth|Sludge Wave|p1a: Iron Valiant
|-supereffective|p1a: Iron Valiant
|-damage|p1a: Iron Valiant|0 fnt
|faint|p1a: Iron Valiant
|-end|p1a: Iron Valiant|Quark Drive|[silent]
|
|win|chip wittley
|raw|alexander90281's rating: 1685 &rarr; <strong>1664</strong><br />(-21 for losing)
|raw|chip wittley's rating: 1675 &rarr; <strong>1696</strong><br />(+21 for winning)
|l|☆alexander90281
|player|p1|
|l| rizz of reko
|l|☆chip wittley
|player|p2|
|l| blackblurspidey
