|j|☆Yujiro-Jamon
|j|☆myree
|t:|1781288062
|gametype|singles
|player|p1|Yujiro-Jamon|alder|1531
|player|p2|myree|benga|1619
|gen|9
|tier|[Gen 9] OU
|rated|
|rule|HP Percentage Mod: HP is shown in percentages
|rule|Endless Battle Clause: Forcing endless battles is banned
|rule|Species Clause: Limit one of each Pokémon
|rule|OHKO Clause: OHKO moves are banned
|rule|Evasion Items Clause: Evasion items are banned
|rule|Evasion Moves Clause: Evasion moves are banned
|rule|Evasion Abilities Clause: Evasion abilities are banned
|rule|Sleep Moves Clause: Sleep-inducing moves are banned
|clearpoke
|poke|p1|Deoxys-Speed|
|poke|p1|Clefable, F|
|poke|p1|Conkeldurr, M|
|poke|p1|Blaziken, F|
|poke|p1|Ting-Lu|
|poke|p1|Corviknight, M|
|poke|p2|Iron Valiant|
|poke|p2|Ogerpon-Cornerstone, F|
|poke|p2|Iron Treads|
|poke|p2|Fezandipiti, M|
|poke|p2|Samurott-Hisui, M|
|poke|p2|Goodra-Hisui, M|
|teampreview
|
|t:|1781288066
|teamsize|p1|6
|teamsize|p2|6
|start
|switch|p1a: Conkeldurr|Conkeldurr, M|100/100
|switch|p2a: Samurott|Samurott-Hisui, M|100/100
|turn|1
|inactive|Battle timer is ON: inactive players will automatically lose when time's up. (requested by Yujiro-Jamon)
|
|t:|1781288072
|switch|p2a: fezanskibidi|Fezandipiti, M|100/100
|-item|p2a: fezanskibidi|Air Balloon
|move|p1a: Conkeldurr|Drain Punch|p2a: fezanskibidi
|-resisted|p2a: fezanskibidi
|-damage|p2a: fezanskibidi|87/100
|-enditem|p2a: fezanskibidi|Air Balloon
|
|upkeep
|turn|2
|
|t:|1781288075
|switch|p1a: Corviknight|Corviknight, M|100/100
|move|p2a: fezanskibidi|Moonblast|p1a: Corviknight
|-resisted|p1a: Corviknight
|-damage|p1a: Corviknight|86/100
|-ability|p1a: Corviknight|Mirror Armor
|-unboost|p2a: fezanskibidi|spa|1
|
|upkeep
|turn|3
|
|t:|1781288102
|move|p2a: fezanskibidi|Nasty Plot|p2a: fezanskibidi
|-boost|p2a: fezanskibidi|spa|2
|move|p1a: Corviknight|Iron Head|p2a: fezanskibidi
|-supereffective|p2a: fezanskibidi
|-damage|p2a: fezanskibidi|28/100
|
|upkeep
|turn|4
|
|t:|1781288108
|move|p2a: fezanskibidi|Roost|p2a: fezanskibidi
|-heal|p2a: fezanskibidi|78/100
|-singleturn|p2a: fezanskibidi|move: Roost
|move|p1a: Corviknight|Iron Head|p2a: fezanskibidi
|-supereffective|p2a: fezanskibidi
|-damage|p2a: fezanskibidi|21/100
|
|upkeep
|turn|5
|
|t:|1781288112
|move|p2a: fezanskibidi|Heat Wave|p1a: Corviknight
|-supereffective|p1a: Corviknight
|-damage|p1a: Corviknight|19/100
|move|p1a: Corviknight|Iron Head|p2a: fezanskibidi
|-supereffective|p2a: fezanskibidi
|-damage|p2a: fezanskibidi|0 fnt
|faint|p2a: fezanskibidi
|
|upkeep
|
|t:|1781288115
|switch|p2a: Samurott|Samurott-Hisui, M|100/100
|turn|6
|
|t:|1781288137
|move|p2a: Samurott|Razor Shell|p1a: Corviknight
|-damage|p1a: Corviknight|0 fnt
|-damage|p2a: Samurott|84/100|[from] item: Rocky Helmet|[of] p1a: Corviknight
|faint|p1a: Corviknight
|
|upkeep
|
|t:|1781288150
|switch|p1a: Conkeldurr|Conkeldurr, M|100/100
|turn|7
|
|t:|1781288162
|switch|p2a: Iron Valiant|Iron Valiant|100/100
|move|p1a: Conkeldurr|Knock Off|p2a: Iron Valiant
|-resisted|p2a: Iron Valiant
|-damage|p2a: Iron Valiant|86/100
|-enditem|p2a: Iron Valiant|Heavy-Duty Boots|[from] move: Knock Off|[of] p1a: Conkeldurr
|
|upkeep
|turn|8
|
|t:|1781288167
|switch|p1a: Clefable|Clefable, F|100/100
|move|p2a: Iron Valiant|Moonblast|p1a: Clefable
|-damage|p1a: Clefable|72/100
|
|-heal|p1a: Clefable|78/100|[from] item: Leftovers
|upkeep
|turn|9
|
|t:|1781288172
|-end|p2a: Iron Valiant|Quark Drive|[silent]
|switch|p2a: best treadist|Iron Treads|100/100
|move|p1a: Clefable|Wish|p1a: Clefable
|
|-heal|p1a: Clefable|85/100|[from] item: Leftovers
|upkeep
|turn|10
|
|t:|1781288177
|switch|p1a: Ting-Lu|Ting-Lu|100/100
|-ability|p1a: Ting-Lu|Vessel of Ruin
|move|p2a: best treadist|Iron Head|p1a: Ting-Lu
|-damage|p1a: Ting-Lu|82/100
|
|-heal|p1a: Ting-Lu|100/100|[from] move: Wish|[wisher] Clefable
|upkeep
|turn|11
|
|t:|1781288186
|-end|p2a: best treadist|Quark Drive|[silent]
|switch|p2a: Samurott|Samurott-Hisui, M|84/100
|move|p1a: Ting-Lu|Stealth Rock|p2a: Samurott
|-sidestart|p2: myree|move: Stealth Rock
|
|upkeep
|turn|12
|
|t:|1781288191
|switch|p1a: Conkeldurr|Conkeldurr, M|100/100
|move|p2a: Samurott|Razor Shell|p1a: Conkeldurr
|-damage|p1a: Conkeldurr|55/100
|
|upkeep
|turn|13
|
|t:|1781288199
|switch|p2a: Iron Valiant|Iron Valiant|86/100
|-damage|p2a: Iron Valiant|79/100|[from] Stealth Rock
|move|p1a: Conkeldurr|Drain Punch|p2a: Iron Valiant
|-resisted|p2a: Iron Valiant
|-damage|p2a: Iron Valiant|45/100
|-heal|p1a: Conkeldurr|67/100|[from] drain|[of] p2a: Iron Valiant
|
|upkeep
|turn|14
|
|t:|1781288206
|switch|p1a: Clefable|Clefable, F|85/100
|move|p2a: Iron Valiant|Moonblast|p1a: Clefable
|-damage|p1a: Clefable|56/100
|
|-heal|p1a: Clefable|62/100|[from] item: Leftovers
|upkeep
|turn|15
|
|t:|1781288213
|-end|p2a: Iron Valiant|Quark Drive|[silent]
|switch|p2a: best treadist|Iron Treads|100/100
|-damage|p2a: best treadist|97/100|[from] Stealth Rock
|move|p1a: Clefable|Wish|p1a: Clefable
|
|-heal|p1a: Clefable|68/100|[from] item: Leftovers
|upkeep
|turn|16
|
|t:|1781288221
|-end|p2a: best treadist|Quark Drive|[silent]
|switch|p2a: roxc-bree|Ogerpon-Cornerstone, F|100/100
|-damage|p2a: roxc-bree|88/100|[from] Stealth Rock
|switch|p1a: Conkeldurr|Conkeldurr, M|67/100
|
|-heal|p1a: Conkeldurr|100/100|[from] move: Wish|[wisher] Clefable
|upkeep
|turn|17
|j| dark_rat05
|
|t:|1781288229
|switch|p2a: Iron Valiant|Iron Valiant|45/100
|-damage|p2a: Iron Valiant|39/100|[from] Stealth Rock
|move|p1a: Conkeldurr|Drain Punch|p2a: Iron Valiant
|-resisted|p2a: Iron Valiant
|-damage|p2a: Iron Valiant|8/100
|
|upkeep
|turn|18
|
|t:|1781288234
|move|p1a: Conkeldurr|Mach Punch|p2a: Iron Valiant
|-resisted|p2a: Iron Valiant
|-damage|p2a: Iron Valiant|0 fnt
|faint|p2a: Iron Valiant
|-end|p2a: Iron Valiant|Quark Drive|[silent]
|
|upkeep
|
|t:|1781288254
|switch|p2a: best treadist|Iron Treads|97/100
|-damage|p2a: best treadist|94/100|[from] Stealth Rock
|turn|19
|
|t:|1781288257
|move|p2a: best treadist|Rapid Spin|p1a: Conkeldurr
|-damage|p1a: Conkeldurr|86/100
|-boost|p2a: best treadist|spe|1
|-sideend|p2: myree|Stealth Rock|[from] move: Rapid Spin|[of] p2a: best treadist
|move|p1a: Conkeldurr|Drain Punch|p2a: best treadist
|-supereffective|p2a: best treadist
|-damage|p2a: best treadist|32/100
|-heal|p1a: Conkeldurr|100/100|[from] drain|[of] p2a: best treadist
|
|upkeep
|turn|20
|
|t:|1781288282
|-terastallize|p2a: best treadist|Flying
|move|p1a: Conkeldurr|Mach Punch|p2a: best treadist
|-resisted|p2a: best treadist
|-damage|p2a: best treadist|22/100
|move|p2a: best treadist|Iron Head|p1a: Conkeldurr
|-damage|p1a: Conkeldurr|65/100
|
|upkeep
|turn|21
|
|t:|1781288290
|move|p2a: best treadist|Earthquake|p1a: Conkeldurr
|-damage|p1a: Conkeldurr|21/100
|move|p1a: Conkeldurr|Ice Punch|p2a: best treadist
|-supereffective|p2a: best treadist
|-damage|p2a: best treadist|0 fnt
|faint|p2a: best treadist
|-end|p2a: best treadist|Quark Drive|[silent]
|
|upkeep
|-message|myree forfeited.
|
|win|Yujiro-Jamon
|raw|Yujiro-Jamon's rating: 1531 &rarr; <strong>1556</strong><br />(+25 for winning)
|raw|myree's rating: 1619 &rarr; <strong>1594</strong><br />(-25 for losing)
|l|☆myree
|player|p2|
|l|☆Yujiro-Jamon
|player|p1|
