|j|☆achbeet
|j|☆omari p
|t:|1781302758
|gametype|singles
|player|p1|achbeet|101|1623
|player|p2|omari p|pokemonrangerf|1628
|gen|9
|tier|[Gen 9] OU
|rated|
|rule|HP Percentage Mod: HP is shown in percentages
|rule|Endless Battle Clause: Forcing endless battles is banned
|rule|Species Clause: Limit one of each Pokémon
|rule|OHKO Clause: OHKO moves are banned
|rule|Evasion Items Clause: Evasion items are banned
|rule|Evasion Moves Clause: Evasion moves are banned
|rule|Evasion Abilities Clause: Evasion abilities are banned
|rule|Sleep Moves Clause: Sleep-inducing moves are banned
|clearpoke
|poke|p1|Darkrai|
|poke|p1|Okidogi, M|
|poke|p1|Sandy Shocks|
|poke|p1|Araquanid, M|
|poke|p1|Gholdengo|
|poke|p1|Iron Moth|
|poke|p2|Cinderace, F|
|poke|p2|Skeledirge, F|
|poke|p2|Latios, M|
|poke|p2|Mandibuzz, F|
|poke|p2|Gallade, M|
|poke|p2|Gastrodon, M|
|teampreview
|
|t:|1781302783
|teamsize|p1|6
|teamsize|p2|6
|start
|switch|p1a: Araquanid|Araquanid, M|100/100
|switch|p2a: Gallade|Gallade, M|100/100
|turn|1
|
|t:|1781302786
|move|p2a: Gallade|Psycho Cut|p1a: Araquanid
|-damage|p1a: Araquanid|4/100
|move|p1a: Araquanid|Sticky Web|p2a: Gallade
|-sidestart|p2: omari p|move: Sticky Web
|
|upkeep
|turn|2
|-enditem|p1a: Araquanid|Custap Berry|[eat]
|-activate|p1a: Araquanid|item: Custap Berry|[consumed]
|
|t:|1781302793
|move|p1a: Araquanid|Endeavor|p2a: Gallade
|-damage|p2a: Gallade|5/100
|move|p2a: Gallade|Psycho Cut|p1a: Araquanid
|-damage|p1a: Araquanid|0 fnt
|faint|p1a: Araquanid
|
|upkeep
|inactive|Battle timer is ON: inactive players will automatically lose when time's up. (requested by omari p)
|
|t:|1781302807
|switch|p1a: Iron Moth|Iron Moth|100/100
|-enditem|p1a: Iron Moth|Booster Energy
|-activate|p1a: Iron Moth|ability: Quark Drive|[fromitem]
|-start|p1a: Iron Moth|quarkdrivespa
|turn|3
|
|t:|1781302813
|switch|p2a: Gastrodon|Gastrodon, M|100/100
|-activate|p2a: Gastrodon|move: Sticky Web
|-unboost|p2a: Gastrodon|spe|1
|move|p1a: Iron Moth|Fiery Dance|p2a: Gastrodon
|-resisted|p2a: Gastrodon
|-damage|p2a: Gastrodon|80/100
|
|-heal|p2a: Gastrodon|86/100|[from] item: Leftovers
|upkeep
|turn|4
|
|t:|1781302822
|move|p1a: Iron Moth|Dazzling Gleam|p2a: Gastrodon
|-damage|p2a: Gastrodon|61/100
|move|p2a: Gastrodon|Earth Power|p1a: Iron Moth
|-supereffective|p1a: Iron Moth
|-crit|p1a: Iron Moth
|-damage|p1a: Iron Moth|0 fnt
|faint|p1a: Iron Moth
|-end|p1a: Iron Moth|Quark Drive|[silent]
|
|-heal|p2a: Gastrodon|67/100|[from] item: Leftovers
|upkeep
|
|t:|1781302826
|switch|p1a: Darkrai|Darkrai|100/100
|turn|5
|
|t:|1781302830
|move|p1a: Darkrai|Nasty Plot|p1a: Darkrai
|-boost|p1a: Darkrai|spa|2
|move|p2a: Gastrodon|Recover|p2a: Gastrodon
|-heal|p2a: Gastrodon|100/100
|
|upkeep
|turn|6
|
|t:|1781302836
|move|p1a: Darkrai|Nasty Plot|p1a: Darkrai
|-boost|p1a: Darkrai|spa|2
|move|p2a: Gastrodon|Earth Power|p1a: Darkrai
|-damage|p1a: Darkrai|58/100
|
|upkeep
|turn|7
|
|t:|1781302843
|switch|p2a: Gallade|Gallade, M|5/100
|-activate|p2a: Gallade|move: Sticky Web
|-unboost|p2a: Gallade|spe|1
|move|p1a: Darkrai|Dark Pulse|p2a: Gallade
|-damage|p2a: Gallade|0 fnt
|faint|p2a: Gallade
|-damage|p1a: Darkrai|48/100|[from] item: Life Orb
|
|upkeep
|
|t:|1781302845
|switch|p2a: Latios|Latios, M|100/100
|turn|8
|
|t:|1781302847
|move|p2a: Latios|Draco Meteor|p1a: Darkrai
|-damage|p1a: Darkrai|0 fnt
|-unboost|p2a: Latios|spa|2
|faint|p1a: Darkrai
|
|upkeep
|
|t:|1781302859
|switch|p1a: Gholdengo|Gholdengo|100/100
|-item|p1a: Gholdengo|Air Balloon
|turn|9
|
|t:|1781302863
|switch|p2a: Cinderace|Cinderace, F|100/100
|move|p1a: Gholdengo|Nasty Plot|p1a: Gholdengo
|-boost|p1a: Gholdengo|spa|2
|
|upkeep
|turn|10
|
|t:|1781302866
|move|p2a: Cinderace|Sucker Punch|p1a: Gholdengo
|-start|p2a: Cinderace|typechange|Dark|[from] ability: Libero
|-supereffective|p1a: Gholdengo
|-damage|p1a: Gholdengo|28/100
|-enditem|p1a: Gholdengo|Air Balloon
|move|p1a: Gholdengo|Shadow Ball|p2a: Cinderace
|-resisted|p2a: Cinderace
|-damage|p2a: Cinderace|39/100
|
|upkeep
|turn|11
|
|t:|1781302872
|move|p2a: Cinderace|Court Change|p2a: Cinderace
|-swapsideconditions
|-activate|p2a: Cinderace|move: Court Change
|move|p1a: Gholdengo|Make It Rain|p2a: Cinderace
|-damage|p2a: Cinderace|0 fnt
|-unboost|p1a: Gholdengo|spa|1
|faint|p2a: Cinderace
|
|upkeep
|
|t:|1781302877
|switch|p2a: Gastrodon|Gastrodon, M|100/100
|turn|12
|
|t:|1781302881
|move|p1a: Gholdengo|Shadow Ball|p2a: Gastrodon
|-damage|p2a: Gastrodon|50/100
|move|p2a: Gastrodon|Earth Power|p1a: Gholdengo
|-supereffective|p1a: Gholdengo
|-damage|p1a: Gholdengo|0 fnt
|faint|p1a: Gholdengo
|
|-heal|p2a: Gastrodon|56/100|[from] item: Leftovers
|upkeep
|c|☆omari p|wait
|c|☆omari p|i forgot i was boots
|
|t:|1781302890
|switch|p1a: Okidogi|Okidogi, M|100/100
|-activate|p1a: Okidogi|move: Sticky Web
|-unboost|p1a: Okidogi|spe|1
|turn|13
|
|t:|1781302895
|move|p1a: Okidogi|Drain Punch|p2a: Gastrodon
|-damage|p2a: Gastrodon|18/100
|move|p2a: Gastrodon|Earth Power|p1a: Okidogi
|-supereffective|p1a: Okidogi
|-damage|p1a: Okidogi|36/100
|
|-heal|p1a: Okidogi|42/100|[from] item: Leftovers
|-heal|p2a: Gastrodon|24/100|[from] item: Leftovers
|upkeep
|turn|14
|
|t:|1781302901
|move|p1a: Okidogi|Drain Punch|p2a: Gastrodon
|-damage|p2a: Gastrodon|0 fnt
|-heal|p1a: Okidogi|55/100|[from] drain|[of] p2a: Gastrodon
|faint|p2a: Gastrodon
|
|-heal|p1a: Okidogi|61/100|[from] item: Leftovers
|upkeep
|
|t:|1781302905
|switch|p2a: Latios|Latios, M|100/100
|turn|15
|
|t:|1781302921
|move|p2a: Latios|Luster Purge|p1a: Okidogi
|-supereffective|p1a: Okidogi
|-damage|p1a: Okidogi|0 fnt
|faint|p1a: Okidogi
|
|upkeep
|-message|achbeet forfeited.
|
|win|omari p
|raw|achbeet's rating: 1623 &rarr; <strong>1603</strong><br />(-20 for losing)
|raw|omari p's rating: 1628 &rarr; <strong>1648</strong><br />(+20 for winning)
|l|☆achbeet
|player|p1|
