|badge|p1|bronze|gen9ubers|100-9
|uhtml|medal-msg|<div class="broadcast-blue">Curious what those medals under the avatar are? PS now has Ladder Seasons! For more information, check out the <a href="https://www.smogon.com/forums/threads/3740067/">thread on Smogon.</a></div>
|j|☆itztrip
|j|☆18dabloons
|t:|1781371322
|gametype|singles
|player|p1|itztrip|proton|1650
|player|p2|18dabloons|caitlin|1669
|gen|9
|tier|[Gen 9] OU
|rated|
|rule|HP Percentage Mod: HP is shown in percentages
|rule|Endless Battle Clause: Forcing endless battles is banned
|rule|Species Clause: Limit one of each Pokémon
|rule|OHKO Clause: OHKO moves are banned
|rule|Evasion Items Clause: Evasion items are banned
|rule|Evasion Moves Clause: Evasion moves are banned
|rule|Evasion Abilities Clause: Evasion abilities are banned
|rule|Sleep Moves Clause: Sleep-inducing moves are banned
|clearpoke
|poke|p1|Kingambit, M|
|poke|p1|Deoxys-Speed|
|poke|p1|Great Tusk|
|poke|p1|Dragonite, M|
|poke|p1|Iron Moth|
|poke|p1|Primarina, F|
|poke|p2|Ursaluna, F|
|poke|p2|Rillaboom, F|
|poke|p2|Hatterene, F|
|poke|p2|Kingambit, F|
|poke|p2|Keldeo-Resolute|
|poke|p2|Deoxys-Speed|
|teampreview
|inactive|Battle timer is ON: inactive players will automatically lose when time's up. (requested by itztrip)
|
|t:|1781371336
|teamsize|p1|6
|teamsize|p2|6
|start
|switch|p1a: Primarina|Primarina, F|100/100
|switch|p2a: Keldeo|Keldeo-Resolute|100/100
|turn|1
|
|t:|1781371338
|move|p2a: Keldeo|Flip Turn|p1a: Primarina
|-resisted|p1a: Primarina
|-damage|p1a: Primarina|90/100
|
|t:|1781371342
|switch|p2a: Rillaboom|Rillaboom, F|100/100|[from] Flip Turn
|-fieldstart|move: Grassy Terrain|[from] ability: Grassy Surge|[of] p2a: Rillaboom
|move|p1a: Primarina|Psychic Noise|p2a: Rillaboom
|-damage|p2a: Rillaboom|77/100
|-start|p2a: Rillaboom|move: Heal Block
|
|-heal|p1a: Primarina|96/100|[from] Grassy Terrain
|upkeep
|turn|2
|
|t:|1781371351
|switch|p1a: Iron Moth|Iron Moth|100/100
|-enditem|p1a: Iron Moth|Booster Energy
|-activate|p1a: Iron Moth|ability: Quark Drive|[fromitem]
|-start|p1a: Iron Moth|quarkdrivespe
|move|p2a: Rillaboom|Knock Off|p1a: Iron Moth
|-damage|p1a: Iron Moth|63/100
|
|-heal|p1a: Iron Moth|69/100|[from] Grassy Terrain
|-end|p2a: Rillaboom|move: Heal Block
|upkeep
|turn|3
|
|t:|1781371365
|switch|p2a: Keldeo|Keldeo-Resolute|100/100
|move|p1a: Iron Moth|Toxic Spikes|p2a: Keldeo
|-sidestart|p2: 18dabloons|move: Toxic Spikes
|
|-heal|p1a: Iron Moth|75/100|[from] Grassy Terrain
|upkeep
|turn|4
|
|t:|1781371379
|move|p1a: Iron Moth|Sludge Wave|p2a: Keldeo
|-damage|p2a: Keldeo|45/100
|move|p2a: Keldeo|Flip Turn|p1a: Iron Moth
|-supereffective|p1a: Iron Moth
|-damage|p1a: Iron Moth|34/100
|
|t:|1781371386
|switch|p2a: Deoxys|Deoxys-Speed|100/100|[from] Flip Turn
|-status|p2a: Deoxys|psn
|-ability|p2a: Deoxys|Pressure
|
|-heal|p1a: Iron Moth|40/100|[from] Grassy Terrain
|-damage|p2a: Deoxys|88/100 psn|[from] psn
|upkeep
|turn|5
|
|t:|1781371395
|move|p1a: Iron Moth|Substitute|p1a: Iron Moth
|-start|p1a: Iron Moth|Substitute
|-damage|p1a: Iron Moth|15/100
|move|p2a: Deoxys|Psycho Boost|p1a: Iron Moth
|-supereffective|p1a: Iron Moth
|-end|p1a: Iron Moth|Substitute
|-unboost|p2a: Deoxys|spa|2
|-enditem|p2a: Deoxys|Eject Pack
|
|t:|1781371412
|switch|p2a: Kingambit|Kingambit, F|100/100
|
|-heal|p1a: Iron Moth|21/100|[from] Grassy Terrain
|-fieldend|move: Grassy Terrain
|upkeep
|turn|6
|
|t:|1781371420
|move|p1a: Iron Moth|Fiery Dance|p2a: Kingambit
|-supereffective|p2a: Kingambit
|-crit|p2a: Kingambit
|-damage|p2a: Kingambit|0 fnt
|-boost|p1a: Iron Moth|spa|1
|faint|p2a: Kingambit
|-end|p2a: Kingambit|fallenundefined|[silent]
|
|upkeep
|
|t:|1781371427
|switch|p2a: Deoxys|Deoxys-Speed|88/100 psn
|-ability|p2a: Deoxys|Pressure
|turn|7
|
|t:|1781371429
|move|p1a: Iron Moth|Toxic Spikes|p2a: Deoxys
|-sidestart|p2: 18dabloons|move: Toxic Spikes
|move|p2a: Deoxys|Psycho Boost|p1a: Iron Moth
|-supereffective|p1a: Iron Moth
|-damage|p1a: Iron Moth|0 fnt
|-unboost|p2a: Deoxys|spa|2
|faint|p1a: Iron Moth
|-end|p1a: Iron Moth|Quark Drive|[silent]
|
|-damage|p2a: Deoxys|76/100 psn|[from] psn
|upkeep
|
|t:|1781371434
|switch|p1a: Primarina|Primarina, F|96/100
|turn|8
|
|t:|1781371442
|-terastallize|p2a: Deoxys|Poison
|move|p2a: Deoxys|Stealth Rock|p1a: Primarina
|-sidestart|p1: itztrip|move: Stealth Rock
|move|p1a: Primarina|Surf|p2a: Deoxys
|-damage|p2a: Deoxys|0 fnt
|faint|p2a: Deoxys
|
|upkeep
|inactive|18dabloons has 120 seconds left.
|c|☆18dabloons|Honestly thought tera poison would get rid of the spikes hmmm
|c|☆18dabloons|Well gg probably lol
|
|t:|1781371488
|switch|p2a: Rillaboom|Rillaboom, F|77/100
|-status|p2a: Rillaboom|tox
|-fieldstart|move: Grassy Terrain|[from] ability: Grassy Surge|[of] p2a: Rillaboom
|turn|9
|j| Puyu paz
|
|t:|1781371502
|move|p2a: Rillaboom|U-turn|p1a: Primarina
|-resisted|p1a: Primarina
|-damage|p1a: Primarina|77/100
|
|t:|1781371527
|switch|p2a: Keldeo|Keldeo-Resolute|45/100|[from] U-turn
|-status|p2a: Keldeo|tox
|move|p1a: Primarina|Moonblast|p2a: Keldeo
|-supereffective|p2a: Keldeo
|-damage|p2a: Keldeo|0 fnt
|faint|p2a: Keldeo
|
|-heal|p1a: Primarina|83/100|[from] Grassy Terrain
|upkeep
|
|t:|1781371530
|switch|p2a: Ursaluna|Ursaluna, F|100/100
|-status|p2a: Ursaluna|tox
|turn|10
|
|t:|1781371538
|move|p1a: Primarina|Surf|p2a: Ursaluna
|-supereffective|p2a: Ursaluna
|-damage|p2a: Ursaluna|0 fnt
|faint|p2a: Ursaluna
|
|-heal|p1a: Primarina|90/100|[from] Grassy Terrain
|upkeep
|-message|18dabloons forfeited.
|
|win|itztrip
|raw|itztrip's rating: 1650 &rarr; <strong>1671</strong><br />(+21 for winning)
|raw|18dabloons's rating: 1669 &rarr; <strong>1648</strong><br />(-21 for losing)
|l|☆18dabloons
|player|p2|
|l| Puyu paz
|l|☆itztrip
|player|p1|
