|j|☆KurisuChestnutOU
|j|☆tommyfuckingshelby
|t:|1781129818
|gametype|singles
|player|p1|KurisuChestnutOU|may-contest|1563
|player|p2|tommyfuckingshelby|266|1513
|gen|9
|tier|[Gen 9] OU
|rated|
|rule|HP Percentage Mod: HP is shown in percentages
|rule|Endless Battle Clause: Forcing endless battles is banned
|rule|Species Clause: Limit one of each Pokémon
|rule|OHKO Clause: OHKO moves are banned
|rule|Evasion Items Clause: Evasion items are banned
|rule|Evasion Moves Clause: Evasion moves are banned
|rule|Evasion Abilities Clause: Evasion abilities are banned
|rule|Sleep Moves Clause: Sleep-inducing moves are banned
|clearpoke
|poke|p1|Gliscor, M|
|poke|p1|Dondozo, F|
|poke|p1|Slowking-Galar, F|
|poke|p1|Gholdengo|
|poke|p1|Great Tusk|
|poke|p1|Kingambit, F|
|poke|p2|Corviknight, F|
|poke|p2|Slowking-Galar, F|
|poke|p2|Azumarill, F|
|poke|p2|Hydrapple, M|
|poke|p2|Ursaluna, F|
|poke|p2|Porygon2|
|teampreview
|inactive|Battle timer is ON: inactive players will automatically lose when time's up. (requested by KurisuChestnutOU)
|
|t:|1781129831
|teamsize|p1|6
|teamsize|p2|6
|start
|switch|p1a: Slowking|Slowking-Galar, F|100/100
|switch|p2a: Azumarill|Azumarill, F|100/100
|turn|1
|
|t:|1781129838
|move|p2a: Azumarill|Knock Off|p1a: Slowking
|-supereffective|p1a: Slowking
|-damage|p1a: Slowking|13/100
|-enditem|p1a: Slowking|Assault Vest|[from] move: Knock Off|[of] p2a: Azumarill
|move|p1a: Slowking|Sludge Bomb|p2a: Azumarill
|-supereffective|p2a: Azumarill
|-damage|p2a: Azumarill|31/100
|
|upkeep
|turn|2
|
|t:|1781129848
|switch|p1a: Kingambit|Kingambit, F|100/100
|move|p2a: Azumarill|Knock Off|p1a: Kingambit
|-resisted|p1a: Kingambit
|-damage|p1a: Kingambit|82/100
|-enditem|p1a: Kingambit|Leftovers|[from] move: Knock Off|[of] p2a: Azumarill
|
|upkeep
|turn|3
|
|t:|1781129855
|move|p1a: Kingambit|Iron Head|p2a: Azumarill
|-damage|p2a: Azumarill|0 fnt
|faint|p2a: Azumarill
|
|upkeep
|
|t:|1781129862
|switch|p2a: Corviknight|Corviknight, F|100/100
|turn|4
|
|t:|1781129865
|move|p1a: Kingambit|Swords Dance|p1a: Kingambit
|-boost|p1a: Kingambit|atk|2
|move|p2a: Corviknight|U-turn|p1a: Kingambit
|-damage|p1a: Kingambit|69/100
|
|t:|1781129878
|switch|p2a: Porygon2|Porygon2|100/100|[from] U-turn
|-ability|p2a: Porygon2|Download|boost
|-boost|p2a: Porygon2|spa|1
|
|upkeep
|turn|5
|
|t:|1781129882
|switch|p2a: Corviknight|Corviknight, F|100/100
|move|p1a: Kingambit|Iron Head|p2a: Corviknight
|-resisted|p2a: Corviknight
|-damage|p2a: Corviknight|71/100
|-damage|p1a: Kingambit|52/100|[from] item: Rocky Helmet|[of] p2a: Corviknight
|
|upkeep
|turn|6
|
|t:|1781129889
|move|p1a: Kingambit|Swords Dance|p1a: Kingambit
|-boost|p1a: Kingambit|atk|2
|move|p2a: Corviknight|Body Press|p1a: Kingambit
|-supereffective|p1a: Kingambit
|-damage|p1a: Kingambit|0 fnt
|faint|p1a: Kingambit
|-end|p1a: Kingambit|fallenundefined|[silent]
|
|upkeep
|
|t:|1781129895
|switch|p1a: Gholdengo|Gholdengo|100/100
|-item|p1a: Gholdengo|Air Balloon
|turn|7
|inactive|tommyfuckingshelby has 120 seconds left.
|
|t:|1781129931
|move|p1a: Gholdengo|Nasty Plot|p1a: Gholdengo
|-boost|p1a: Gholdengo|spa|2
|move|p2a: Corviknight|U-turn|p1a: Gholdengo
|-resisted|p1a: Gholdengo
|-damage|p1a: Gholdengo|97/100
|-enditem|p1a: Gholdengo|Air Balloon
|
|t:|1781129939
|switch|p2a: Porygon2|Porygon2|100/100|[from] U-turn
|-ability|p2a: Porygon2|Download|boost
|-boost|p2a: Porygon2|spa|1
|
|upkeep
|turn|8
|
|t:|1781129943
|move|p1a: Gholdengo|Nasty Plot|p1a: Gholdengo
|-boost|p1a: Gholdengo|spa|2
|move|p2a: Porygon2|Trick Room|p2a: Porygon2
|-fieldstart|move: Trick Room|[of] p2a: Porygon2
|
|upkeep
|turn|9
|
|t:|1781129956
|-terastallize|p1a: Gholdengo|Flying
|move|p2a: Porygon2|Shadow Ball|p1a: Gholdengo
|-damage|p1a: Gholdengo|66/100
|move|p1a: Gholdengo|Make It Rain|p2a: Porygon2
|-damage|p2a: Porygon2|15/100
|-unboost|p1a: Gholdengo|spa|1
|
|upkeep
|turn|10
|
|t:|1781129963
|move|p2a: Porygon2|Ice Beam|p1a: Gholdengo
|-supereffective|p1a: Gholdengo
|-damage|p1a: Gholdengo|0 fnt
|faint|p1a: Gholdengo
|
|upkeep
|
|t:|1781129970
|switch|p1a: Slowking|Slowking-Galar, F|46/100
|turn|11
|
|t:|1781129977
|move|p1a: Slowking|Sludge Bomb|p2a: Porygon2
|-damage|p2a: Porygon2|0 fnt
|faint|p2a: Porygon2
|
|upkeep
|
|t:|1781129993
|switch|p2a: Corviknight|Corviknight, F|71/100
|turn|12
|
|t:|1781129998
|move|p1a: Slowking|Flamethrower|p2a: Corviknight
|-supereffective|p2a: Corviknight
|-damage|p2a: Corviknight|27/100
|move|p2a: Corviknight|Roost|p2a: Corviknight
|-heal|p2a: Corviknight|77/100
|-singleturn|p2a: Corviknight|move: Roost
|
|-fieldend|move: Trick Room
|upkeep
|turn|13
|
|t:|1781130005
|switch|p1a: Dondozo|Dondozo, F|100/100
|move|p2a: Corviknight|U-turn|p1a: Dondozo
|-damage|p1a: Dondozo|94/100
|
|t:|1781130013
|switch|p2a: Hydrapple|Hydrapple, M|100/100|[from] U-turn
|
|-heal|p1a: Dondozo|99/100|[from] item: Leftovers
|upkeep
|turn|14
|
|t:|1781130018
|switch|p1a: Slowking|Slowking-Galar, F|80/100
|move|p2a: Hydrapple|Giga Drain|p1a: Slowking
|-resisted|p1a: Slowking
|-damage|p1a: Slowking|67/100
|
|upkeep
|turn|15
|
|t:|1781130025
|switch|p2a: Slowking|Slowking-Galar, F|100/100
|switch|p1a: Dondozo|Dondozo, F|99/100
|
|-heal|p1a: Dondozo|100/100|[from] item: Leftovers
|upkeep
|turn|16
|
|t:|1781130030
|switch|p1a: Great Tusk|Great Tusk|100/100
|move|p2a: Slowking|Future Sight|p1a: Great Tusk
|-start|p2a: Slowking|move: Future Sight
|
|upkeep
|turn|17
|
|t:|1781130034
|switch|p2a: Corviknight|Corviknight, F|77/100
|move|p1a: Great Tusk|Knock Off|p2a: Corviknight
|-damage|p2a: Corviknight|58/100
|-damage|p1a: Great Tusk|84/100|[from] item: Rocky Helmet|[of] p2a: Corviknight
|-enditem|p2a: Corviknight|Rocky Helmet|[from] move: Knock Off|[of] p1a: Great Tusk
|
|upkeep
|turn|18
|
|t:|1781130042
|-end|p1a: Great Tusk|Protosynthesis|[silent]
|switch|p1a: Slowking|Slowking-Galar, F|99/100
|move|p2a: Corviknight|U-turn|p1a: Slowking
|-damage|p1a: Slowking|83/100
|
|t:|1781130048
|switch|p2a: Ursaluna|Ursaluna, F|100/100|[from] U-turn
|
|-end|p1a: Slowking|move: Future Sight
|-damage|p1a: Slowking|54/100
|-status|p2a: Ursaluna|brn|[from] item: Flame Orb
|upkeep
|turn|19
|
|t:|1781130056
|switch|p1a: Gliscor|Gliscor, M|100/100
|move|p2a: Ursaluna|Facade|p1a: Gliscor
|-damage|p1a: Gliscor|23/100
|
|-damage|p2a: Ursaluna|94/100 brn|[from] brn
|-status|p1a: Gliscor|tox|[from] item: Toxic Orb
|upkeep
|turn|20
|
|t:|1781130066
|move|p1a: Gliscor|Protect|p1a: Gliscor
|-singleturn|p1a: Gliscor|Protect
|move|p2a: Ursaluna|Facade|p1a: Gliscor
|-activate|p1a: Gliscor|move: Protect
|
|-heal|p1a: Gliscor|35/100 tox|[from] ability: Poison Heal
|-damage|p2a: Ursaluna|88/100 brn|[from] brn
|upkeep
|turn|21
|
|t:|1781130073
|move|p1a: Gliscor|Earthquake|p2a: Ursaluna
|-damage|p2a: Ursaluna|64/100 brn
|move|p2a: Ursaluna|Facade|p1a: Gliscor
|-damage|p1a: Gliscor|0 fnt
|faint|p1a: Gliscor
|
|-damage|p2a: Ursaluna|58/100 brn|[from] brn
|upkeep
|
|t:|1781130078
|switch|p1a: Dondozo|Dondozo, F|100/100
|turn|22
|
|t:|1781130088
|switch|p1a: Slowking|Slowking-Galar, F|87/100
|move|p2a: Ursaluna|Facade|p1a: Slowking
|-damage|p1a: Slowking|0 fnt
|faint|p1a: Slowking
|
|-damage|p2a: Ursaluna|52/100 brn|[from] brn
|upkeep
|
|t:|1781130094
|switch|p1a: Dondozo|Dondozo, F|100/100
|turn|23
|
|t:|1781130107
|move|p2a: Ursaluna|Facade|p1a: Dondozo
|-damage|p1a: Dondozo|40/100
|move|p1a: Dondozo|Body Press|p2a: Ursaluna
|-supereffective|p2a: Ursaluna
|-damage|p2a: Ursaluna|10/100 brn
|
|-heal|p1a: Dondozo|46/100|[from] item: Leftovers
|-damage|p2a: Ursaluna|4/100 brn|[from] brn
|upkeep
|turn|24
|
|t:|1781130114
|move|p2a: Ursaluna|Facade|p1a: Dondozo
|-damage|p1a: Dondozo|0 fnt
|faint|p1a: Dondozo
|
|-damage|p2a: Ursaluna|0 fnt|[from] brn
|faint|p2a: Ursaluna
|upkeep
|
|t:|1781130124
|switch|p2a: Hydrapple|Hydrapple, M|100/100
|switch|p1a: Great Tusk|Great Tusk|84/100
|turn|25
|
|t:|1781130129
|move|p1a: Great Tusk|Ice Spinner|p2a: Hydrapple
|-supereffective|p2a: Hydrapple
|-damage|p2a: Hydrapple|9/100
|move|p2a: Hydrapple|Giga Drain|p1a: Great Tusk
|-supereffective|p1a: Great Tusk
|-damage|p1a: Great Tusk|0 fnt
|-heal|p2a: Hydrapple|46/100|[from] drain|[of] p1a: Great Tusk
|faint|p1a: Great Tusk
|-end|p1a: Great Tusk|Protosynthesis|[silent]
|
|win|tommyfuckingshelby
|raw|KurisuChestnutOU's rating: 1556 &rarr; <strong>1534</strong><br />(-22 for losing)
|raw|tommyfuckingshelby's rating: 1513 &rarr; <strong>1535</strong><br />(+22 for winning)
|l|☆KurisuChestnutOU
|player|p1|
|l|☆tommyfuckingshelby
|player|p2|
