|j|☆MyNameEthanReyes
|j|☆ohlookarock3
|t:|1781324959
|gametype|singles
|player|p1|MyNameEthanReyes|teamrocket|1578
|player|p2|ohlookarock3|geeta|1559
|gen|9
|tier|[Gen 9] OU
|rated|
|rule|HP Percentage Mod: HP is shown in percentages
|rule|Endless Battle Clause: Forcing endless battles is banned
|rule|Species Clause: Limit one of each Pokémon
|rule|OHKO Clause: OHKO moves are banned
|rule|Evasion Items Clause: Evasion items are banned
|rule|Evasion Moves Clause: Evasion moves are banned
|rule|Evasion Abilities Clause: Evasion abilities are banned
|rule|Sleep Moves Clause: Sleep-inducing moves are banned
|clearpoke
|poke|p1|Scizor, F|
|poke|p1|Ogerpon-Wellspring, F|
|poke|p1|Garganacl, M|
|poke|p1|Slowking-Galar, M|
|poke|p1|Great Tusk|
|poke|p1|Zapdos|
|poke|p2|Araquanid, F|
|poke|p2|Dragonite, F|
|poke|p2|Gholdengo|
|poke|p2|Iron Moth|
|poke|p2|Iron Valiant|
|poke|p2|Iron Treads|
|teampreview
|inactive|Battle timer is ON: inactive players will automatically lose when time's up. (requested by MyNameEthanReyes)
|inactive|ohlookarock3 also wants the timer to be on.
|
|t:|1781324984
|teamsize|p1|6
|teamsize|p2|6
|start
|switch|p1a: Pokemon|Zapdos, shiny|100/100
|switch|p2a: Yumame|Araquanid, F, shiny|100/100
|turn|1
|
|t:|1781324989
|move|p1a: Pokemon|Discharge|p2a: Yumame
|-supereffective|p2a: Yumame
|-damage|p2a: Yumame|46/100
|move|p2a: Yumame|Sticky Web|p1a: Pokemon
|-sidestart|p1: MyNameEthanReyes|move: Sticky Web
|
|upkeep
|turn|2
|
|t:|1781325005
|move|p1a: Pokemon|Hurricane|p2a: Yumame
|-supereffective|p2a: Yumame
|-damage|p2a: Yumame|0 fnt
|faint|p2a: Yumame
|
|upkeep
|
|t:|1781325014
|switch|p2a: Tenshi|Iron Treads|100/100
|-enditem|p2a: Tenshi|Booster Energy
|-activate|p2a: Tenshi|ability: Quark Drive|[fromitem]
|-start|p2a: Tenshi|quarkdriveatk
|turn|3
|
|t:|1781325022
|move|p2a: Tenshi|Supercell Slam|p1a: Pokemon
|-damage|p1a: Pokemon|69/100
|move|p1a: Pokemon|U-turn|p2a: Tenshi
|-resisted|p2a: Tenshi
|-damage|p2a: Tenshi|95/100
|
|t:|1781325032
|switch|p1a: Two Sided Dido|Great Tusk|100/100|[from] U-turn
|
|upkeep
|turn|4
|
|t:|1781325047
|-end|p2a: Tenshi|Quark Drive|[silent]
|switch|p2a: Chimata|Gholdengo|100/100
|-item|p2a: Chimata|Air Balloon
|move|p1a: Two Sided Dido|Ice Spinner|p2a: Chimata
|-resisted|p2a: Chimata
|-damage|p2a: Chimata|86/100
|-enditem|p2a: Chimata|Air Balloon
|
|upkeep
|turn|5
|
|t:|1781325057
|-end|p1a: Two Sided Dido|Protosynthesis|[silent]
|switch|p1a: Yeast Infection|Slowking-Galar, M|100/100
|move|p2a: Chimata|Dazzling Gleam|p1a: Yeast Infection
|-resisted|p1a: Yeast Infection
|-damage|p1a: Yeast Infection|91/100
|
|upkeep
|turn|6
|
|t:|1781325063
|switch|p2a: Tenshi|Iron Treads|95/100
|-prepare|p1a: Yeast Infection|Chilly Reception|[premajor]
|move|p1a: Yeast Infection|Chilly Reception|p1a: Yeast Infection
|-weather|Snowscape
|
|t:|1781325067
|switch|p1a: Two Sided Dido|Great Tusk|100/100|[from] Chilly Reception
|
|-weather|Snowscape|[upkeep]
|upkeep
|turn|7
|
|t:|1781325072
|-end|p2a: Tenshi|Quark Drive|[silent]
|switch|p2a: Chimata|Gholdengo|86/100
|move|p1a: Two Sided Dido|Close Combat|p2a: Chimata
|-immune|p2a: Chimata
|
|-weather|Snowscape|[upkeep]
|upkeep
|turn|8
|c|☆MyNameEthanReyes|missclick fuck
|
|t:|1781325079
|-end|p1a: Two Sided Dido|Protosynthesis|[silent]
|switch|p1a: Yeast Infection|Slowking-Galar, M|100/100
|move|p2a: Chimata|Shadow Ball|p1a: Yeast Infection
|-supereffective|p1a: Yeast Infection
|-damage|p1a: Yeast Infection|49/100
|
|-weather|Snowscape|[upkeep]
|upkeep
|turn|9
|inactive|MyNameEthanReyes has 120 seconds left.
|
|t:|1781325110
|switch|p1a: Domestic Abuse|Garganacl, M|100/100
|-activate|p1a: Domestic Abuse|move: Sticky Web
|-unboost|p1a: Domestic Abuse|spe|1
|move|p2a: Chimata|Shadow Ball|p1a: Domestic Abuse
|-damage|p1a: Domestic Abuse|85/100
|
|-weather|Snowscape|[upkeep]
|-heal|p1a: Domestic Abuse|91/100|[from] item: Leftovers
|upkeep
|turn|10
|
|t:|1781325119
|switch|p2a: Patchouli|Iron Valiant|100/100
|-enditem|p2a: Patchouli|Booster Energy
|-activate|p2a: Patchouli|ability: Quark Drive|[fromitem]
|-start|p2a: Patchouli|quarkdrivespa
|move|p1a: Domestic Abuse|Protect||[still]
|-fail|p1a: Domestic Abuse
|
|-weather|none
|-heal|p1a: Domestic Abuse|97/100|[from] item: Leftovers
|upkeep
|turn|11
|inactive|MyNameEthanReyes has 120 seconds left.
|
|t:|1781325135
|switch|p1a: WhatLesbiansDo|Scizor, F, shiny|100/100
|-activate|p1a: WhatLesbiansDo|move: Sticky Web
|-unboost|p1a: WhatLesbiansDo|spe|1
|move|p2a: Patchouli|Calm Mind|p2a: Patchouli
|-boost|p2a: Patchouli|spa|1
|-boost|p2a: Patchouli|spd|1
|
|upkeep
|turn|12
|
|t:|1781325147
|-terastallize|p2a: Patchouli|Ghost
|move|p1a: WhatLesbiansDo|Bullet Punch|p2a: Patchouli
|-damage|p2a: Patchouli|35/100
|move|p2a: Patchouli|Shadow Ball|p1a: WhatLesbiansDo
|-damage|p1a: WhatLesbiansDo|0 fnt
|faint|p1a: WhatLesbiansDo
|
|upkeep
|inactive|MyNameEthanReyes has 120 seconds left.
|
|t:|1781325163
|switch|p1a: Domestic Abuse|Garganacl, M|97/100
|-activate|p1a: Domestic Abuse|move: Sticky Web
|-unboost|p1a: Domestic Abuse|spe|1
|turn|13
|inactive|MyNameEthanReyes has 120 seconds left.
|
|t:|1781325174
|move|p2a: Patchouli|Moonblast|p1a: Domestic Abuse
|-crit|p1a: Domestic Abuse
|-damage|p1a: Domestic Abuse|0 fnt
|faint|p1a: Domestic Abuse
|
|upkeep
|c|☆MyNameEthanReyes|alright
|-message|MyNameEthanReyes forfeited.
|
|win|ohlookarock3
|raw|MyNameEthanReyes's rating: 1578 &rarr; <strong>1557</strong><br />(-21 for losing)
|raw|ohlookarock3's rating: 1559 &rarr; <strong>1580</strong><br />(+21 for winning)
|l|☆MyNameEthanReyes
|player|p1|
|l|☆ohlookarock3
|player|p2|
