|j|☆thegreatestnone
|j|☆OscarGamble
|t:|1781027237
|gametype|singles
|player|p1|thegreatestnone|170|1619
|player|p2|OscarGamble|102|1531
|gen|9
|tier|[Gen 9] OU
|rated|
|rule|HP Percentage Mod: HP is shown in percentages
|rule|Endless Battle Clause: Forcing endless battles is banned
|rule|Species Clause: Limit one of each Pokémon
|rule|OHKO Clause: OHKO moves are banned
|rule|Evasion Items Clause: Evasion items are banned
|rule|Evasion Moves Clause: Evasion moves are banned
|rule|Evasion Abilities Clause: Evasion abilities are banned
|rule|Sleep Moves Clause: Sleep-inducing moves are banned
|clearpoke
|poke|p1|Pawmot, F|
|poke|p1|Ting-Lu|
|poke|p1|Skeledirge, F|
|poke|p1|Greninja-*, F|
|poke|p1|Weezing-Galar, F|
|poke|p1|Slowking, M|
|poke|p2|Hoopa-Unbound|
|poke|p2|Pecharunt|
|poke|p2|Landorus-Therian, M|
|poke|p2|Cinderace, M|
|poke|p2|Alomomola, M|
|poke|p2|Iron Valiant|
|teampreview
|j| KangkongNation
|l| KangkongNation
|
|t:|1781027257
|teamsize|p1|6
|teamsize|p2|6
|start
|switch|p1a: Greninja|Greninja, F|100/100
|switch|p2a: Landorus|Landorus-Therian, M, shiny|100/100
|-ability|p2a: Landorus|Intimidate|boost
|-unboost|p1a: Greninja|atk|1
|turn|1
|inactive|Battle timer is ON: inactive players will automatically lose when time's up. (requested by OscarGamble)
|
|t:|1781027278
|switch|p2a: Alomomola|Alomomola, M, shiny|100/100
|switch|p1a: Weezing|Weezing-Galar, F|100/100
|
|upkeep
|turn|2
|
|t:|1781027281
|move|p1a: Weezing|Will-O-Wisp|p2a: Alomomola
|-status|p2a: Alomomola|brn
|move|p2a: Alomomola|Flip Turn|p1a: Weezing
|-damage|p1a: Weezing|94/100
|
|t:|1781027295
|switch|p2a: Landorus|Landorus-Therian, M, shiny|100/100|[from] Flip Turn
|-ability|p2a: Landorus|Intimidate|boost
|-unboost|p1a: Weezing|atk|1
|
|-heal|p1a: Weezing|99/100|[from] item: Leftovers
|upkeep
|turn|3
|
|t:|1781027299
|move|p2a: Landorus|Earthquake|p1a: Weezing
|-immune|p1a: Weezing|[from] ability: Levitate
|move|p1a: Weezing|Will-O-Wisp|p2a: Landorus
|-status|p2a: Landorus|brn
|
|-heal|p1a: Weezing|100/100|[from] item: Leftovers
|-damage|p2a: Landorus|95/100 brn|[from] brn
|upkeep
|turn|4
|
|t:|1781027312
|switch|p2a: Alomomola|Alomomola, M, shiny|100/100 brn
|move|p1a: Weezing|Sludge Bomb|p2a: Alomomola
|-damage|p2a: Alomomola|85/100 brn
|
|-damage|p2a: Alomomola|79/100 brn|[from] brn
|upkeep
|turn|5
|
|t:|1781027325
|move|p1a: Weezing|Sludge Bomb|p2a: Alomomola
|-damage|p2a: Alomomola|63/100 brn
|move|p2a: Alomomola|Flip Turn|p1a: Weezing
|-damage|p1a: Weezing|95/100
|
|t:|1781027330
|switch|p2a: Hoopa|Hoopa-Unbound|100/100|[from] Flip Turn
|
|-heal|p1a: Weezing|100/100|[from] item: Leftovers
|upkeep
|turn|6
|j| KangkongNation
|
|t:|1781027348
|switch|p1a: Ting-Lu|Ting-Lu|100/100
|-ability|p1a: Ting-Lu|Vessel of Ruin
|move|p2a: Hoopa|Zen Headbutt|p1a: Ting-Lu
|-immune|p1a: Ting-Lu
|
|upkeep
|turn|7
|
|t:|1781027358
|switch|p2a: Landorus|Landorus-Therian, M, shiny|95/100 brn
|-ability|p2a: Landorus|Intimidate|boost
|-unboost|p1a: Ting-Lu|atk|1
|move|p1a: Ting-Lu|Ruination|p2a: Landorus
|-damage|p2a: Landorus|48/100 brn
|
|-damage|p2a: Landorus|42/100 brn|[from] brn
|upkeep
|turn|8
|
|t:|1781027370
|switch|p1a: Weezing|Weezing-Galar, F|100/100
|move|p2a: Landorus|U-turn|p1a: Weezing
|-resisted|p1a: Weezing
|-damage|p1a: Weezing|98/100
|l| KangkongNation
|
|t:|1781027376
|switch|p2a: Cinderace|Cinderace, M, shiny|100/100|[from] U-turn
|
|-heal|p1a: Weezing|100/100|[from] item: Leftovers
|upkeep
|turn|9
|
|t:|1781027387
|move|p2a: Cinderace|Pyro Ball|p1a: Weezing
|-damage|p1a: Weezing|56/100
|-status|p1a: Weezing|brn
|move|p1a: Weezing|Sludge Bomb|p2a: Cinderace
|-damage|p2a: Cinderace|59/100
|
|-heal|p1a: Weezing|62/100 brn|[from] item: Leftovers
|-damage|p1a: Weezing|56/100 brn|[from] brn
|upkeep
|turn|10
|
|t:|1781027406
|switch|p1a: Skeledirge|Skeledirge, F|100/100
|move|p2a: Cinderace|U-turn|p1a: Skeledirge
|-start|p2a: Cinderace|typechange|Bug|[from] ability: Libero
|-resisted|p1a: Skeledirge
|-damage|p1a: Skeledirge|96/100
|
|t:|1781027411
|switch|p2a: Hoopa|Hoopa-Unbound|100/100|[from] U-turn
|
|upkeep
|turn|11
|
|t:|1781027417
|-terastallize|p1a: Skeledirge|Water
|move|p2a: Hoopa|Hyperspace Fury|p1a: Skeledirge
|-damage|p1a: Skeledirge|32/100
|-unboost|p2a: Hoopa|def|1
|move|p1a: Skeledirge|Will-O-Wisp|p2a: Hoopa
|-status|p2a: Hoopa|brn
|
|-damage|p2a: Hoopa|94/100 brn|[from] brn
|upkeep
|turn|12
|
|t:|1781027423
|switch|p1a: Weezing|Weezing-Galar, F|56/100 brn
|move|p2a: Hoopa|Hyperspace Fury|p1a: Weezing
|-resisted|p1a: Weezing
|-damage|p1a: Weezing|38/100 brn
|-unboost|p2a: Hoopa|def|1
|
|-heal|p1a: Weezing|44/100 brn|[from] item: Leftovers
|-damage|p2a: Hoopa|88/100 brn|[from] brn
|-damage|p1a: Weezing|38/100 brn|[from] brn
|upkeep
|turn|13
|
|t:|1781027433
|switch|p2a: Cinderace|Cinderace, M, shiny|59/100
|move|p1a: Weezing|Pain Split|p2a: Cinderace
|-sethp|p2a: Cinderace|51/100|[from] move: Pain Split|[silent]
|-sethp|p1a: Weezing|46/100 brn|[from] move: Pain Split
|
|-heal|p1a: Weezing|52/100 brn|[from] item: Leftovers
|-damage|p1a: Weezing|46/100 brn|[from] brn
|upkeep
|turn|14
|
|t:|1781027441
|switch|p1a: Slowking|Slowking, M|100/100
|move|p2a: Cinderace|Pyro Ball|p1a: Slowking
|-resisted|p1a: Slowking
|-damage|p1a: Slowking|73/100
|
|upkeep
|turn|15
|
|t:|1781027445
|move|p2a: Cinderace|U-turn|p1a: Slowking
|-start|p2a: Cinderace|typechange|Bug|[from] ability: Libero
|-supereffective|p1a: Slowking
|-damage|p1a: Slowking|0 fnt
|faint|p1a: Slowking
|
|t:|1781027453
|switch|p2a: Landorus|Landorus-Therian, M, shiny|42/100 brn|[from] U-turn
|
|-damage|p2a: Landorus|36/100 brn|[from] brn
|upkeep
|
|t:|1781027465
|switch|p1a: Greninja|Greninja, F|100/100
|turn|16
|
|t:|1781027469
|switch|p2a: Alomomola|Alomomola, M, shiny|96/100 brn
|move|p1a: Greninja|U-turn|p2a: Alomomola
|-start|p1a: Greninja|typechange|Bug|[from] ability: Protean
|-damage|p2a: Alomomola|82/100 brn
|
|t:|1781027474
|switch|p1a: Skeledirge|Skeledirge, F, tera:Water|32/100|[from] U-turn
|
|-damage|p2a: Alomomola|75/100 brn|[from] brn
|upkeep
|turn|17
|
|t:|1781027488
|move|p1a: Skeledirge|Slack Off|p1a: Skeledirge
|-heal|p1a: Skeledirge|82/100
|move|p2a: Alomomola|Flip Turn|p1a: Skeledirge
|-resisted|p1a: Skeledirge
|-damage|p1a: Skeledirge|79/100
|
|t:|1781027491
|switch|p2a: Iron Valiant|Iron Valiant, shiny|100/100|[from] Flip Turn
|
|upkeep
|turn|18
|
|t:|1781027507
|switch|p1a: Ting-Lu|Ting-Lu|100/100
|-ability|p1a: Ting-Lu|Vessel of Ruin
|move|p2a: Iron Valiant|Moonblast|p1a: Ting-Lu
|-supereffective|p1a: Ting-Lu
|-damage|p1a: Ting-Lu|46/100
|
|-heal|p1a: Ting-Lu|53/100|[from] item: Leftovers
|upkeep
|turn|19
|
|t:|1781027524
|move|p2a: Iron Valiant|Moonblast|p1a: Ting-Lu
|-supereffective|p1a: Ting-Lu
|-damage|p1a: Ting-Lu|0 fnt
|faint|p1a: Ting-Lu
|
|upkeep
|
|t:|1781027534
|switch|p1a: Pawmot|Pawmot, F|100/100
|turn|20
|
|t:|1781027544
|move|p1a: Pawmot|Revival Blessing|p1a: Pawmot
|
|t:|1781027547
|-heal|p1: Slowking|50/100|[from] move: Revival Blessing
|move|p2a: Iron Valiant|Moonblast|p1a: Pawmot
|-supereffective|p1a: Pawmot
|-damage|p1a: Pawmot|0 fnt
|faint|p1a: Pawmot
|
|upkeep
|
|t:|1781027550
|switch|p1a: Slowking|Slowking, M|50/100
|turn|21
|
|t:|1781027555
|-end|p2a: Iron Valiant|Quark Drive|[silent]
|switch|p2a: Alomomola|Alomomola, M, shiny|100/100 brn
|move|p1a: Slowking|Slack Off|p1a: Slowking
|-heal|p1a: Slowking|100/100
|
|-damage|p2a: Alomomola|94/100 brn|[from] brn
|upkeep
|turn|22
|
|t:|1781027559
|move|p2a: Alomomola|Flip Turn|p1a: Slowking
|-resisted|p1a: Slowking
|-damage|p1a: Slowking|96/100
|
|t:|1781027562
|switch|p2a: Pecharunt|Pecharunt|100/100|[from] Flip Turn
|move|p1a: Slowking|Calm Mind|p1a: Slowking
|-boost|p1a: Slowking|spa|1
|-boost|p1a: Slowking|spd|1
|
|upkeep
|turn|23
|j| KangkongNation
|
|t:|1781027568
|switch|p1a: Weezing|Weezing-Galar, F|46/100 brn
|move|p2a: Pecharunt|Malignant Chain|p1a: Weezing
|-damage|p1a: Weezing|3/100 brn
|
|-heal|p1a: Weezing|9/100 brn|[from] item: Leftovers
|-damage|p1a: Weezing|3/100 brn|[from] brn
|upkeep
|turn|24
|l| KangkongNation
|
|t:|1781027576
|move|p2a: Pecharunt|Shadow Ball|p1a: Weezing
|-damage|p1a: Weezing|0 fnt
|faint|p1a: Weezing
|
|upkeep
|
|t:|1781027582
|switch|p1a: Greninja|Greninja, F|100/100
|turn|25
|
|t:|1781027585
|switch|p2a: Alomomola|Alomomola, M, shiny|100/100 brn
|move|p1a: Greninja|Dark Pulse|p2a: Alomomola
|-start|p1a: Greninja|typechange|Dark|[from] ability: Protean
|-damage|p2a: Alomomola|74/100 brn
|
|-damage|p2a: Alomomola|68/100 brn|[from] brn
|upkeep
|turn|26
|
|t:|1781027595
|move|p1a: Greninja|Dark Pulse|p2a: Alomomola
|-damage|p2a: Alomomola|41/100 brn
|move|p2a: Alomomola|Flip Turn|p1a: Greninja
|-damage|p1a: Greninja|86/100
|
|t:|1781027598
|switch|p2a: Iron Valiant|Iron Valiant, shiny|100/100|[from] Flip Turn
|
|upkeep
|turn|27
|
|t:|1781027604
|switch|p1a: Slowking|Slowking, M|100/100
|move|p2a: Iron Valiant|Moonblast|p1a: Slowking
|-damage|p1a: Slowking|57/100
|
|upkeep
|turn|28
|
|t:|1781027613
|-end|p2a: Iron Valiant|Quark Drive|[silent]
|switch|p2a: Alomomola|Alomomola, M, shiny|74/100 brn
|move|p1a: Slowking|Scald|p2a: Alomomola
|-resisted|p2a: Alomomola
|-damage|p2a: Alomomola|67/100 brn
|
|-damage|p2a: Alomomola|61/100 brn|[from] brn
|upkeep
|turn|29
|
|t:|1781027619
|move|p2a: Alomomola|Flip Turn|p1a: Slowking
|-resisted|p1a: Slowking
|-crit|p1a: Slowking
|-damage|p1a: Slowking|51/100
|
|t:|1781027644
|switch|p2a: Hoopa|Hoopa-Unbound|88/100 brn|[from] Flip Turn
|move|p1a: Slowking|Slack Off|p1a: Slowking
|-heal|p1a: Slowking|100/100
|
|-damage|p2a: Hoopa|82/100 brn|[from] brn
|upkeep
|turn|30
|
|t:|1781027654
|switch|p1a: Skeledirge|Skeledirge, F, tera:Water|79/100
|move|p2a: Hoopa|Hyperspace Fury|p1a: Skeledirge
|-damage|p1a: Skeledirge|50/100
|-unboost|p2a: Hoopa|def|1
|
|-damage|p2a: Hoopa|76/100 brn|[from] brn
|upkeep
|turn|31
|
|t:|1781027662
|switch|p2a: Alomomola|Alomomola, M, shiny|94/100 brn
|move|p1a: Skeledirge|Slack Off|p1a: Skeledirge
|-heal|p1a: Skeledirge|99/100
|
|-damage|p2a: Alomomola|88/100 brn|[from] brn
|upkeep
|turn|32
|
|t:|1781027672
|move|p1a: Skeledirge|Torch Song|p2a: Alomomola
|-resisted|p2a: Alomomola
|-damage|p2a: Alomomola|80/100 brn
|-boost|p1a: Skeledirge|spa|1
|move|p2a: Alomomola|Flip Turn|p1a: Skeledirge
|-resisted|p1a: Skeledirge
|-crit|p1a: Skeledirge
|-damage|p1a: Skeledirge|97/100
|
|t:|1781027675
|switch|p2a: Iron Valiant|Iron Valiant, shiny|100/100|[from] Flip Turn
|
|upkeep
|turn|33
|
|t:|1781027678
|move|p2a: Iron Valiant|Thunderbolt|p1a: Skeledirge
|-supereffective|p1a: Skeledirge
|-damage|p1a: Skeledirge|10/100
|move|p1a: Skeledirge|Torch Song|p2a: Iron Valiant
|-damage|p2a: Iron Valiant|17/100
|-boost|p1a: Skeledirge|spa|1
|
|upkeep
|turn|34
|
|t:|1781027690
|switch|p1a: Slowking|Slowking, M|100/100
|move|p2a: Iron Valiant|Thunderbolt|p1a: Slowking
|-supereffective|p1a: Slowking
|-damage|p1a: Slowking|49/100
|
|upkeep
|turn|35
|
|t:|1781027696
|move|p2a: Iron Valiant|Thunderbolt|p1a: Slowking
|-supereffective|p1a: Slowking
|-damage|p1a: Slowking|1/100
|move|p1a: Slowking|Slack Off|p1a: Slowking
|-heal|p1a: Slowking|51/100
|
|upkeep
|turn|36
|
|t:|1781027699
|move|p2a: Iron Valiant|Thunderbolt|p1a: Slowking
|-supereffective|p1a: Slowking
|-damage|p1a: Slowking|2/100
|move|p1a: Slowking|Scald|p2a: Iron Valiant
|-damage|p2a: Iron Valiant|0 fnt
|faint|p2a: Iron Valiant
|-end|p2a: Iron Valiant|Quark Drive|[silent]
|
|upkeep
|
|t:|1781027705
|switch|p2a: Cinderace|Cinderace, M, shiny|51/100
|turn|37
|
|t:|1781027708
|move|p2a: Cinderace|U-turn|p1a: Slowking
|-start|p2a: Cinderace|typechange|Bug|[from] ability: Libero
|-supereffective|p1a: Slowking
|-damage|p1a: Slowking|0 fnt
|faint|p1a: Slowking
|
|t:|1781027717
|switch|p2a: Landorus|Landorus-Therian, M, shiny|36/100 brn|[from] U-turn
|
|-damage|p2a: Landorus|30/100 brn|[from] brn
|upkeep
|
|t:|1781027720
|switch|p1a: Greninja|Greninja, F|86/100
|turn|38
|
|t:|1781027729
|move|p2a: Landorus|U-turn|p1a: Greninja
|-supereffective|p1a: Greninja
|-damage|p1a: Greninja|42/100
|
|t:|1781027732
|switch|p2a: Alomomola|Alomomola, M, shiny|100/100 brn|[from] U-turn
|move|p1a: Greninja|Dark Pulse|p2a: Alomomola
|-start|p1a: Greninja|typechange|Dark|[from] ability: Protean
|-damage|p2a: Alomomola|72/100 brn
|
|-damage|p2a: Alomomola|66/100 brn|[from] brn
|upkeep
|turn|39
|
|t:|1781027738
|move|p1a: Greninja|Dark Pulse|p2a: Alomomola
|-damage|p2a: Alomomola|36/100 brn
|move|p2a: Alomomola|Flip Turn|p1a: Greninja
|-damage|p1a: Greninja|29/100
|
|t:|1781027743
|switch|p2a: Landorus|Landorus-Therian, M, shiny|30/100 brn|[from] Flip Turn
|-ability|p2a: Landorus|Intimidate|boost
|-unboost|p1a: Greninja|atk|1
|
|-damage|p2a: Landorus|24/100 brn|[from] brn
|upkeep
|turn|40
|
|t:|1781027747
|move|p2a: Landorus|U-turn|p1a: Greninja
|-supereffective|p1a: Greninja
|-damage|p1a: Greninja|0 fnt
|faint|p1a: Greninja
|
|t:|1781027758
|switch|p2a: Pecharunt|Pecharunt|100/100|[from] U-turn
|
|upkeep
|
|t:|1781027773
|switch|p1a: Skeledirge|Skeledirge, F, tera:Water|10/100
|turn|41
|
|t:|1781027777
|move|p2a: Pecharunt|Malignant Chain|p1a: Skeledirge
|-damage|p1a: Skeledirge|0 fnt
|faint|p1a: Skeledirge
|
|win|OscarGamble
|raw|thegreatestnone's rating: 1619 &rarr; <strong>1594</strong><br />(-25 for losing)
|raw|OscarGamble's rating: 1531 &rarr; <strong>1556</strong><br />(+25 for winning)
|l|☆OscarGamble
|player|p2|
|l|☆thegreatestnone
|player|p1|
