|j|☆t0usei
|j|☆ykykp
|t:|1781531532
|gametype|singles
|player|p1|t0usei|ghetsis|1548
|player|p2|ykykp|102|1544
|gen|9
|tier|[Gen 9] OU
|rated|
|rule|HP Percentage Mod: HP is shown in percentages
|rule|Endless Battle Clause: Forcing endless battles is banned
|rule|Species Clause: Limit one of each Pokémon
|rule|OHKO Clause: OHKO moves are banned
|rule|Evasion Items Clause: Evasion items are banned
|rule|Evasion Moves Clause: Evasion moves are banned
|rule|Evasion Abilities Clause: Evasion abilities are banned
|rule|Sleep Moves Clause: Sleep-inducing moves are banned
|clearpoke
|poke|p1|Tyranitar, M|
|poke|p1|Great Tusk|
|poke|p1|Slowking-Galar, M|
|poke|p1|Zapdos|
|poke|p1|Gholdengo|
|poke|p1|Ogerpon, F|
|poke|p2|Deoxys-Speed|
|poke|p2|Blastoise, M|
|poke|p2|Iron Crown|
|poke|p2|Great Tusk|
|poke|p2|Ceruledge, F|
|poke|p2|Hydreigon, M|
|teampreview
|inactive|Battle timer is ON: inactive players will automatically lose when time's up. (requested by t0usei)
|
|t:|1781531545
|teamsize|p1|6
|teamsize|p2|6
|start
|switch|p1a: Tyranitar|Tyranitar, M, shiny|100/100
|switch|p2a: Hydreigon|Hydreigon, M|100/100
|-weather|Sandstorm|[from] ability: Sand Stream|[of] p1a: Tyranitar
|turn|1
|
|t:|1781531555
|move|p2a: Hydreigon|Earth Power|p1a: Tyranitar
|-supereffective|p1a: Tyranitar
|-damage|p1a: Tyranitar|41/100
|move|p1a: Tyranitar|Dragon Dance|p1a: Tyranitar
|-boost|p1a: Tyranitar|atk|1
|-boost|p1a: Tyranitar|spe|1
|
|-weather|Sandstorm|[upkeep]
|-damage|p2a: Hydreigon|94/100|[from] Sandstorm
|upkeep
|turn|2
|
|t:|1781531562
|-terastallize|p1a: Tyranitar|Flying
|move|p1a: Tyranitar|Dragon Dance|p1a: Tyranitar
|-boost|p1a: Tyranitar|atk|1
|-boost|p1a: Tyranitar|spe|1
|move|p2a: Hydreigon|Earth Power|p1a: Tyranitar
|-immune|p1a: Tyranitar
|
|-weather|Sandstorm|[upkeep]
|-damage|p1a: Tyranitar|35/100|[from] Sandstorm
|-damage|p2a: Hydreigon|88/100|[from] Sandstorm
|upkeep
|turn|3
|j| nesnot
|
|t:|1781531577
|switch|p2a: Manny|Great Tusk|100/100
|-enditem|p2a: Manny|Booster Energy
|-activate|p2a: Manny|ability: Protosynthesis|[fromitem]
|-start|p2a: Manny|protosynthesisspe
|move|p1a: Tyranitar|Dragon Dance|p1a: Tyranitar
|-boost|p1a: Tyranitar|atk|1
|-boost|p1a: Tyranitar|spe|1
|
|-weather|Sandstorm|[upkeep]
|-damage|p1a: Tyranitar|28/100|[from] Sandstorm
|upkeep
|turn|4
|
|t:|1781531580
|move|p1a: Tyranitar|Ice Punch|p2a: Manny
|-supereffective|p2a: Manny
|-damage|p2a: Manny|11/100
|move|p2a: Manny|Ice Spinner|p1a: Tyranitar
|-supereffective|p1a: Tyranitar
|-damage|p1a: Tyranitar|0 fnt
|faint|p1a: Tyranitar
|
|-weather|Sandstorm|[upkeep]
|upkeep
|
|t:|1781531585
|switch|p1a: Ogerpon|Ogerpon, F|100/100
|turn|5
|
|t:|1781531588
|move|p2a: Manny|Ice Spinner|p1a: Ogerpon
|-supereffective|p1a: Ogerpon
|-crit|p1a: Ogerpon
|-damage|p1a: Ogerpon|15/100
|move|p1a: Ogerpon|Ivy Cudgel|p2a: Manny
|-supereffective|p2a: Manny
|-damage|p2a: Manny|0 fnt
|faint|p2a: Manny
|-end|p2a: Manny|Protosynthesis|[silent]
|
|-weather|none
|upkeep
|
|t:|1781531597
|switch|p2a: Deoxys|Deoxys-Speed|100/100
|-ability|p2a: Deoxys|Pressure
|turn|6
|
|t:|1781531601
|move|p2a: Deoxys|Psycho Boost|p1a: Ogerpon
|-damage|p1a: Ogerpon|0 fnt
|-unboost|p2a: Deoxys|spa|2
|faint|p1a: Ogerpon
|
|upkeep
|
|t:|1781531605
|switch|p1a: Great Tusk|Great Tusk|100/100
|turn|7
|
|t:|1781531610
|move|p2a: Deoxys|Reflect|p2a: Deoxys
|-sidestart|p2: ykykp|Reflect
|move|p1a: Great Tusk|Rapid Spin|p2a: Deoxys
|-damage|p2a: Deoxys|91/100
|-boost|p1a: Great Tusk|spe|1
|
|upkeep
|turn|8
|
|t:|1781531612
|move|p2a: Deoxys|Taunt|p1a: Great Tusk
|-start|p1a: Great Tusk|move: Taunt
|cant|p1a: Great Tusk|move: Taunt|Stealth Rock
|
|upkeep
|turn|9
|
|t:|1781531615
|move|p2a: Deoxys|Psycho Boost|p1a: Great Tusk
|-supereffective|p1a: Great Tusk
|-damage|p1a: Great Tusk|31/100
|-unboost|p2a: Deoxys|spa|2
|move|p1a: Great Tusk|Headlong Rush|p2a: Deoxys
|-damage|p2a: Deoxys|49/100
|-unboost|p1a: Great Tusk|def|1
|-unboost|p1a: Great Tusk|spd|1
|
|upkeep
|turn|10
|
|t:|1781531619
|move|p2a: Deoxys|Psycho Boost|p1a: Great Tusk
|-supereffective|p1a: Great Tusk
|-damage|p1a: Great Tusk|0 fnt
|-unboost|p2a: Deoxys|spa|2
|faint|p1a: Great Tusk
|-end|p1a: Great Tusk|Protosynthesis|[silent]
|
|upkeep
|
|t:|1781531623
|switch|p1a: Gholdengo|Gholdengo|100/100
|turn|11
|
|t:|1781531626
|move|p2a: Deoxys|Light Screen|p2a: Deoxys
|-sidestart|p2: ykykp|move: Light Screen
|move|p1a: Gholdengo|Shadow Ball|p2a: Deoxys
|-supereffective|p2a: Deoxys
|-damage|p2a: Deoxys|0 fnt
|faint|p2a: Deoxys
|
|upkeep
|
|t:|1781531629
|switch|p2a: Gamera|Blastoise, M|100/100
|turn|12
|
|t:|1781531637
|switch|p1a: Slowking|Slowking-Galar, M|100/100
|move|p2a: Gamera|Shell Smash|p2a: Gamera
|-unboost|p2a: Gamera|def|1
|-unboost|p2a: Gamera|spd|1
|-boost|p2a: Gamera|atk|2
|-boost|p2a: Gamera|spa|2
|-boost|p2a: Gamera|spe|2
|-enditem|p2a: Gamera|White Herb
|-clearnegativeboost|p2a: Gamera|[silent]
|
|upkeep
|turn|13
|
|t:|1781531640
|move|p2a: Gamera|Substitute|p2a: Gamera
|-start|p2a: Gamera|Substitute
|-damage|p2a: Gamera|76/100
|move|p1a: Slowking|Sludge Bomb|p2a: Gamera
|-activate|p2a: Gamera|move: Substitute|[damage]
|
|upkeep
|turn|14
|
|t:|1781531645
|move|p2a: Gamera|Shell Smash|p2a: Gamera
|-unboost|p2a: Gamera|def|1
|-unboost|p2a: Gamera|spd|1
|-boost|p2a: Gamera|atk|2
|-boost|p2a: Gamera|spa|2
|-boost|p2a: Gamera|spe|2
|move|p1a: Slowking|Sludge Bomb|p2a: Gamera
|-end|p2a: Gamera|Substitute
|
|-sideend|p2: ykykp|Reflect
|upkeep
|turn|15
|
|t:|1781531651
|move|p2a: Gamera|Surf|p1a: Slowking
|-damage|p1a: Slowking|50/100
|move|p1a: Slowking|Sludge Bomb|p2a: Gamera
|-damage|p2a: Gamera|42/100
|-status|p2a: Gamera|psn
|
|-damage|p2a: Gamera|30/100 psn|[from] psn
|upkeep
|turn|16
|
|t:|1781531654
|move|p2a: Gamera|Surf|p1a: Slowking
|-damage|p1a: Slowking|0 fnt
|faint|p1a: Slowking
|
|-damage|p2a: Gamera|17/100 psn|[from] psn
|upkeep
|
|t:|1781531657
|switch|p1a: Gholdengo|Gholdengo|100/100
|turn|17
|
|t:|1781531658
|move|p2a: Gamera|Surf|p1a: Gholdengo
|-crit|p1a: Gholdengo
|-damage|p1a: Gholdengo|0 fnt
|faint|p1a: Gholdengo
|
|-damage|p2a: Gamera|5/100 psn|[from] psn
|upkeep
|
|t:|1781531661
|switch|p1a: Zapdos|Zapdos|100/100
|turn|18
|
|t:|1781531662
|move|p2a: Gamera|Surf|p1a: Zapdos
|-damage|p1a: Zapdos|0 fnt
|faint|p1a: Zapdos
|
|win|ykykp
|raw|t0usei's rating: 1548 &rarr; <strong>1528</strong><br />(-20 for losing)
|raw|ykykp's rating: 1544 &rarr; <strong>1564</strong><br />(+20 for winning)
|l| nesnot
|l|☆t0usei
|player|p1|
|l|☆ykykp
|player|p2|
