|j|☆suprya
|j|☆pivotslophaxmaxxer
|t:|1781549164
|gametype|singles
|player|p1|suprya|clown|1723
|player|p2|pivotslophaxmaxxer|thorton|1693
|gen|9
|tier|[Gen 9] OU
|rated|
|rule|HP Percentage Mod: HP is shown in percentages
|rule|Endless Battle Clause: Forcing endless battles is banned
|rule|Species Clause: Limit one of each Pokémon
|rule|OHKO Clause: OHKO moves are banned
|rule|Evasion Items Clause: Evasion items are banned
|rule|Evasion Moves Clause: Evasion moves are banned
|rule|Evasion Abilities Clause: Evasion abilities are banned
|rule|Sleep Moves Clause: Sleep-inducing moves are banned
|clearpoke
|poke|p1|Pelipper, F|
|poke|p1|Hydrapple, F|
|poke|p1|Iron Treads|
|poke|p1|Gholdengo|
|poke|p1|Slowking-Galar, M|
|poke|p1|Greninja-*, M|
|poke|p2|Ninetales-Alola, M|
|poke|p2|Tyranitar, F|
|poke|p2|Ogerpon-Wellspring, F|
|poke|p2|Hatterene, F|
|poke|p2|Gliscor, F|
|poke|p2|Maushold|
|teampreview
|inactive|Battle timer is ON: inactive players will automatically lose when time's up. (requested by suprya)
|
|t:|1781549169
|teamsize|p1|6
|teamsize|p2|6
|start
|switch|p1a: Pelipper|Pelipper, F|100/100
|switch|p2a: Ninetales|Ninetales-Alola, M|100/100
|-weather|Snowscape|[from] ability: Snow Warning|[of] p2a: Ninetales
|-weather|RainDance|[from] ability: Drizzle|[of] p1a: Pelipper
|turn|1
|
|t:|1781549176
|switch|p1a: Gholdengo|Gholdengo|100/100
|move|p2a: Ninetales|Freeze-Dry|p1a: Gholdengo
|-resisted|p1a: Gholdengo
|-damage|p1a: Gholdengo|89/100
|
|-weather|RainDance|[upkeep]
|upkeep
|turn|2
|
|t:|1781549181
|switch|p2a: Ogerpon|Ogerpon-Wellspring, F|100/100
|move|p1a: Gholdengo|Make It Rain|p2a: Ogerpon
|-resisted|p2a: Ogerpon
|-damage|p2a: Ogerpon|63/100
|-unboost|p1a: Gholdengo|spa|1
|
|-weather|RainDance|[upkeep]
|upkeep
|turn|3
|
|t:|1781549185
|switch|p1a: Hydrapple|Hydrapple, F|100/100
|switch|p2a: Ninetales|Ninetales-Alola, M|100/100
|-weather|Snowscape|[from] ability: Snow Warning|[of] p2a: Ninetales
|
|-weather|Snowscape|[upkeep]
|upkeep
|turn|4
|inactive|suprya has 120 seconds left.
|
|t:|1781549217
|switch|p1a: Iron Treads|Iron Treads|100/100
|move|p2a: Ninetales|Aurora Veil|p2a: Ninetales
|-sidestart|p2: pivotslophaxmaxxer|move: Aurora Veil
|
|-weather|Snowscape|[upkeep]
|upkeep
|turn|5
|
|t:|1781549220
|switch|p2a: Hatterene|Hatterene, F|100/100
|move|p1a: Iron Treads|Stealth Rock|p2a: Hatterene
|move|p2a: Hatterene|Stealth Rock|p1a: Iron Treads|[from] ability: Magic Bounce
|-sidestart|p1: suprya|move: Stealth Rock
|
|-weather|Snowscape|[upkeep]
|upkeep
|turn|6
|inactive|suprya has 120 seconds left.
|
|t:|1781549266
|move|p1a: Iron Treads|Rapid Spin|p2a: Hatterene
|-damage|p2a: Hatterene|95/100
|-boost|p1a: Iron Treads|spe|1
|-sideend|p1: suprya|Stealth Rock|[from] move: Rapid Spin|[of] p1a: Iron Treads
|move|p2a: Hatterene|Mystical Fire|p1a: Iron Treads
|-supereffective|p1a: Iron Treads
|-damage|p1a: Iron Treads|63/100
|-unboost|p1a: Iron Treads|spa|1
|
|-weather|Snowscape|[upkeep]
|-heal|p1a: Iron Treads|69/100|[from] item: Leftovers
|-heal|p2a: Hatterene|100/100|[from] item: Leftovers
|upkeep
|turn|7
|
|t:|1781549276
|-end|p1a: Iron Treads|Quark Drive|[silent]
|switch|p1a: Slowking|Slowking-Galar, M|100/100
|move|p2a: Hatterene|Mystical Fire|p1a: Slowking
|-damage|p1a: Slowking|89/100
|-unboost|p1a: Slowking|spa|1
|
|-weather|none
|upkeep
|turn|8
|
|t:|1781549281
|switch|p2a: Tyranitar|Tyranitar, F|100/100
|-weather|Sandstorm|[from] ability: Sand Stream|[of] p2a: Tyranitar
|move|p1a: Slowking|Sludge Bomb|p2a: Tyranitar
|-resisted|p2a: Tyranitar
|-damage|p2a: Tyranitar|96/100
|-status|p2a: Tyranitar|psn
|
|-weather|Sandstorm|[upkeep]
|-damage|p1a: Slowking|83/100|[from] Sandstorm
|-heal|p2a: Tyranitar|100/100 psn|[from] item: Leftovers
|-damage|p2a: Tyranitar|88/100 psn|[from] psn
|upkeep
|turn|9
|inactive|suprya has 120 seconds left.
|
|t:|1781549286
|switch|p1a: Hydrapple|Hydrapple, F|100/100
|move|p2a: Tyranitar|Dragon Dance|p2a: Tyranitar
|-boost|p2a: Tyranitar|atk|1
|-boost|p2a: Tyranitar|spe|1
|
|-weather|Sandstorm|[upkeep]
|-damage|p1a: Hydrapple|94/100|[from] Sandstorm
|-heal|p2a: Tyranitar|94/100 psn|[from] item: Leftovers
|-damage|p2a: Tyranitar|82/100 psn|[from] psn
|upkeep
|turn|10
|inactive|suprya has 120 seconds left.
|
|t:|1781549306
|move|p2a: Tyranitar|Knock Off|p1a: Hydrapple
|-damage|p1a: Hydrapple|52/100
|-enditem|p1a: Hydrapple|Heavy-Duty Boots|[from] move: Knock Off|[of] p2a: Tyranitar
|move|p1a: Hydrapple|Giga Drain|p2a: Tyranitar
|-supereffective|p2a: Tyranitar
|-damage|p2a: Tyranitar|61/100 psn
|-heal|p1a: Hydrapple|61/100|[from] drain|[of] p2a: Tyranitar
|
|-weather|Sandstorm|[upkeep]
|-damage|p1a: Hydrapple|55/100|[from] Sandstorm
|-heal|p2a: Tyranitar|67/100 psn|[from] item: Leftovers
|-damage|p2a: Tyranitar|54/100 psn|[from] psn
|upkeep
|turn|11
|inactive|suprya has 120 seconds left.
|
|t:|1781549316
|move|p2a: Tyranitar|Stone Edge|p1a: Hydrapple
|-damage|p1a: Hydrapple|10/100
|move|p1a: Hydrapple|Giga Drain|p2a: Tyranitar
|-supereffective|p2a: Tyranitar
|-damage|p2a: Tyranitar|36/100 psn
|-heal|p1a: Hydrapple|18/100|[from] drain|[of] p2a: Tyranitar
|
|-weather|Sandstorm|[upkeep]
|-damage|p1a: Hydrapple|12/100|[from] Sandstorm
|-heal|p2a: Tyranitar|42/100 psn|[from] item: Leftovers
|-damage|p2a: Tyranitar|30/100 psn|[from] psn
|-sideend|p2: pivotslophaxmaxxer|move: Aurora Veil
|upkeep
|turn|12
|inactive|suprya has 120 seconds left.
|
|t:|1781549341
|switch|p1a: Iron Treads|Iron Treads|69/100
|move|p2a: Tyranitar|Knock Off|p1a: Iron Treads
|-damage|p1a: Iron Treads|13/100
|-enditem|p1a: Iron Treads|Leftovers|[from] move: Knock Off|[of] p2a: Tyranitar
|
|-weather|none
|-heal|p2a: Tyranitar|36/100 psn|[from] item: Leftovers
|-damage|p2a: Tyranitar|23/100 psn|[from] psn
|upkeep
|turn|13
|
|t:|1781549346
|move|p2a: Tyranitar|Knock Off|p1a: Iron Treads
|-damage|p1a: Iron Treads|0 fnt
|faint|p1a: Iron Treads
|-end|p1a: Iron Treads|Quark Drive|[silent]
|
|-heal|p2a: Tyranitar|29/100 psn|[from] item: Leftovers
|-damage|p2a: Tyranitar|17/100 psn|[from] psn
|upkeep
|
|t:|1781549352
|switch|p1a: Gholdengo|Gholdengo|89/100
|turn|14
|
|t:|1781549356
|move|p1a: Gholdengo|Make It Rain|p2a: Tyranitar
|-supereffective|p2a: Tyranitar
|-damage|p2a: Tyranitar|0 fnt
|-unboost|p1a: Gholdengo|spa|1
|faint|p2a: Tyranitar
|
|upkeep
|
|t:|1781549362
|switch|p2a: Ogerpon|Ogerpon-Wellspring, F|63/100
|turn|15
|
|t:|1781549370
|switch|p1a: Hydrapple|Hydrapple, F|45/100
|move|p2a: Ogerpon|Swords Dance|p2a: Ogerpon
|-boost|p2a: Ogerpon|atk|2
|
|upkeep
|turn|16
|
|t:|1781549375
|move|p2a: Ogerpon|Play Rough|p1a: Hydrapple|[miss]
|-miss|p2a: Ogerpon|p1a: Hydrapple
|move|p1a: Hydrapple|Giga Drain|p2a: Ogerpon
|-damage|p2a: Ogerpon|25/100
|-heal|p1a: Hydrapple|59/100|[from] drain|[of] p2a: Ogerpon
|
|upkeep
|turn|17
|
|t:|1781549381
|move|p2a: Ogerpon|Play Rough|p1a: Hydrapple
|-supereffective|p1a: Hydrapple
|-damage|p1a: Hydrapple|0 fnt
|faint|p1a: Hydrapple
|
|upkeep
|
|t:|1781549383
|switch|p1a: Greninja|Greninja, M|100/100
|turn|18
|
|t:|1781549388
|switch|p2a: Ninetales|Ninetales-Alola, M|100/100
|-weather|Snowscape|[from] ability: Snow Warning|[of] p2a: Ninetales
|move|p1a: Greninja|Dark Pulse|p2a: Ninetales
|-resisted|p2a: Ninetales
|-damage|p2a: Ninetales|75/100
|
|-weather|Snowscape|[upkeep]
|upkeep
|turn|19
|
|t:|1781549395
|switch|p1a: Pelipper|Pelipper, F|100/100
|-weather|RainDance|[from] ability: Drizzle|[of] p1a: Pelipper
|move|p2a: Ninetales|Aurora Veil||[still]
|-fail|p2a: Ninetales
|
|-weather|RainDance|[upkeep]
|upkeep
|turn|20
|
|t:|1781549405
|switch|p2a: Maushold|Maushold|100/100
|switch|p1a: Gholdengo|Gholdengo|89/100
|
|-weather|RainDance|[upkeep]
|upkeep
|turn|21
|
|t:|1781549425
|-terastallize|p2a: Maushold|Electric
|move|p1a: Gholdengo|Make It Rain|p2a: Maushold
|-resisted|p2a: Maushold
|-damage|p2a: Maushold|50/100
|-unboost|p1a: Gholdengo|spa|1
|move|p2a: Maushold|Tidy Up|p2a: Maushold
|-boost|p2a: Maushold|atk|1
|-boost|p2a: Maushold|spe|1
|
|-weather|RainDance|[upkeep]
|upkeep
|turn|22
|
|t:|1781549438
|move|p2a: Maushold|Bite|p1a: Gholdengo
|-supereffective|p1a: Gholdengo
|-damage|p1a: Gholdengo|20/100
|move|p1a: Gholdengo|Make It Rain|p2a: Maushold
|-resisted|p2a: Maushold
|-damage|p2a: Maushold|18/100
|-unboost|p1a: Gholdengo|spa|1
|
|-weather|RainDance|[upkeep]
|upkeep
|turn|23
|
|t:|1781549454
|switch|p1a: Greninja|Greninja, M|100/100
|move|p2a: Maushold|Bite|p1a: Greninja
|-resisted|p1a: Greninja
|-damage|p1a: Greninja|75/100
|
|-weather|none
|upkeep
|turn|24
|
|t:|1781549459
|switch|p2a: Ogerpon|Ogerpon-Wellspring, F|25/100
|move|p1a: Greninja|Water Shuriken|p2a: Ogerpon
|-heal|p2a: Ogerpon|50/100|[from] ability: Water Absorb|[of] p1a: Greninja
|
|upkeep
|turn|25
|
|t:|1781549462
|switch|p1a: Pelipper|Pelipper, F|100/100
|-weather|RainDance|[from] ability: Drizzle|[of] p1a: Pelipper
|switch|p2a: Ninetales|Ninetales-Alola, M|75/100
|-weather|Snowscape|[from] ability: Snow Warning|[of] p2a: Ninetales
|
|-weather|Snowscape|[upkeep]
|upkeep
|turn|26
|
|t:|1781549468
|switch|p1a: Slowking|Slowking-Galar, M|100/100
|move|p2a: Ninetales|Aurora Veil|p2a: Ninetales
|-sidestart|p2: pivotslophaxmaxxer|move: Aurora Veil
|
|-weather|Snowscape|[upkeep]
|upkeep
|turn|27
|
|t:|1781549473
|switch|p2a: Gliscor|Gliscor, F|100/100
|move|p1a: Slowking|Ice Beam|p2a: Gliscor
|-supereffective|p2a: Gliscor
|-damage|p2a: Gliscor|47/100
|
|-weather|Snowscape|[upkeep]
|-status|p2a: Gliscor|tox|[from] item: Toxic Orb
|upkeep
|turn|28
|
|t:|1781549480
|-terastallize|p1a: Slowking|Fairy
|move|p2a: Gliscor|Earthquake|p1a: Slowking
|-damage|p1a: Slowking|66/100
|move|p1a: Slowking|Ice Beam|p2a: Gliscor
|-supereffective|p2a: Gliscor
|-damage|p2a: Gliscor|0 fnt
|faint|p2a: Gliscor
|
|-weather|Snowscape|[upkeep]
|upkeep
|
|t:|1781549496
|switch|p2a: Maushold|Maushold, tera:Electric|18/100
|turn|29
|
|t:|1781549502
|move|p2a: Maushold|Population Bomb|p1a: Slowking
|-damage|p1a: Slowking|55/100
|-damage|p1a: Slowking|43/100
|-damage|p1a: Slowking|31/100
|-damage|p1a: Slowking|19/100
|-damage|p1a: Slowking|7/100
|-damage|p1a: Slowking|0 fnt
|faint|p1a: Slowking
|-hitcount|p1: Slowking|6
|
|-weather|none
|upkeep
|
|t:|1781549505
|switch|p1a: Gholdengo|Gholdengo|20/100
|turn|30
|
|t:|1781549507
|move|p1a: Gholdengo|Shadow Ball|p2a: Maushold
|-damage|p2a: Maushold|0 fnt
|faint|p2a: Maushold
|
|upkeep
|
|t:|1781549522
|switch|p2a: Ninetales|Ninetales-Alola, M|75/100
|-weather|Snowscape|[from] ability: Snow Warning|[of] p2a: Ninetales
|turn|31
|
|t:|1781549525
|move|p1a: Gholdengo|Shadow Ball|p2a: Ninetales
|-damage|p2a: Ninetales|56/100
|-unboost|p2a: Ninetales|spd|1
|move|p2a: Ninetales|Freeze-Dry|p1a: Gholdengo
|-resisted|p1a: Gholdengo
|-damage|p1a: Gholdengo|8/100
|
|-weather|Snowscape|[upkeep]
|upkeep
|turn|32
|
|t:|1781549534
|move|p1a: Gholdengo|Shadow Ball|p2a: Ninetales
|-damage|p2a: Ninetales|24/100
|move|p2a: Ninetales|Freeze-Dry|p1a: Gholdengo
|-resisted|p1a: Gholdengo
|-damage|p1a: Gholdengo|0 fnt
|faint|p1a: Gholdengo
|
|-weather|Snowscape|[upkeep]
|upkeep
|
|t:|1781549541
|switch|p1a: Greninja|Greninja, M|75/100
|turn|33
|
|t:|1781549547
|move|p1a: Greninja|Hydro Pump|p2a: Ninetales
|-damage|p2a: Ninetales|0 fnt
|faint|p2a: Ninetales
|-ability|p1a: Greninja|Battle Bond|boost
|-boost|p1a: Greninja|atk|1
|-boost|p1a: Greninja|spa|1
|-boost|p1a: Greninja|spe|1
|-activate|p1a: Greninja|ability: Battle Bond
|
|-weather|Snowscape|[upkeep]
|-sideend|p2: pivotslophaxmaxxer|move: Aurora Veil
|upkeep
|
|t:|1781549551
|switch|p2a: Hatterene|Hatterene, F|100/100
|turn|34
|
|t:|1781549558
|switch|p1a: Pelipper|Pelipper, F|100/100
|-weather|RainDance|[from] ability: Drizzle|[of] p1a: Pelipper
|move|p2a: Hatterene|Draining Kiss|p1a: Pelipper
|-damage|p1a: Pelipper|71/100
|
|-weather|RainDance|[upkeep]
|upkeep
|turn|35
|
|t:|1781549562
|move|p1a: Pelipper|Surf|p2a: Hatterene
|-damage|p2a: Hatterene|51/100
|move|p2a: Hatterene|Calm Mind|p2a: Hatterene
|-boost|p2a: Hatterene|spa|1
|-boost|p2a: Hatterene|spd|1
|
|-weather|RainDance|[upkeep]
|-heal|p2a: Hatterene|57/100|[from] item: Leftovers
|upkeep
|turn|36
|
|t:|1781549569
|move|p1a: Pelipper|Surf|p2a: Hatterene
|-damage|p2a: Hatterene|23/100
|move|p2a: Hatterene|Draining Kiss|p1a: Pelipper
|-damage|p1a: Pelipper|25/100
|-heal|p2a: Hatterene|58/100|[from] drain|[of] p1a: Pelipper
|
|-weather|RainDance|[upkeep]
|-heal|p2a: Hatterene|64/100|[from] item: Leftovers
|upkeep
|turn|37
|
|t:|1781549576
|move|p1a: Pelipper|Surf|p2a: Hatterene
|-damage|p2a: Hatterene|34/100
|move|p2a: Hatterene|Draining Kiss|p1a: Pelipper
|-damage|p1a: Pelipper|0 fnt
|-heal|p2a: Hatterene|53/100|[from] drain|[of] p1a: Pelipper
|faint|p1a: Pelipper
|
|-weather|RainDance|[upkeep]
|-heal|p2a: Hatterene|59/100|[from] item: Leftovers
|upkeep
|
|t:|1781549579
|switch|p1a: Greninja|Greninja, M|75/100
|turn|38
|
|t:|1781549583
|move|p1a: Greninja|Dark Pulse|p2a: Hatterene
|-damage|p2a: Hatterene|19/100
|move|p2a: Hatterene|Draining Kiss|p1a: Greninja
|-supereffective|p1a: Greninja
|-damage|p1a: Greninja|0 fnt
|-heal|p2a: Hatterene|70/100|[from] drain|[of] p1a: Greninja
|faint|p1a: Greninja
|
|win|pivotslophaxmaxxer
|raw|suprya's rating: 1701 &rarr; <strong>1681</strong><br />(-20 for losing)
|raw|pivotslophaxmaxxer's rating: 1693 &rarr; <strong>1713</strong><br />(+20 for winning)
|l|☆suprya
|player|p1|
|l|☆pivotslophaxmaxxer
|player|p2|
