|j|☆thebambi1234
|j|☆cenotaphs
|t:|1781218784
|gametype|singles
|player|p1|thebambi1234|blackbelt-gen4dp|1630
|player|p2|cenotaphs|lady|1612
|gen|9
|tier|[Gen 9] OU
|rated|
|rule|HP Percentage Mod: HP is shown in percentages
|rule|Endless Battle Clause: Forcing endless battles is banned
|rule|Species Clause: Limit one of each Pokémon
|rule|OHKO Clause: OHKO moves are banned
|rule|Evasion Items Clause: Evasion items are banned
|rule|Evasion Moves Clause: Evasion moves are banned
|rule|Evasion Abilities Clause: Evasion abilities are banned
|rule|Sleep Moves Clause: Sleep-inducing moves are banned
|clearpoke
|poke|p1|Staraptor, F|
|poke|p1|Glimmora, F|
|poke|p1|Gholdengo|
|poke|p1|Great Tusk|
|poke|p1|Kingambit, M|
|poke|p1|Ogerpon-Wellspring, F|
|poke|p2|Cresselia, F|
|poke|p2|Great Tusk|
|poke|p2|Gholdengo|
|poke|p2|Ting-Lu|
|poke|p2|Enamorus, F|
|poke|p2|Pecharunt|
|teampreview
|inactive|Battle timer is ON: inactive players will automatically lose when time's up. (requested by cenotaphs)
|inactive|thebambi1234 also wants the timer to be on.
|
|t:|1781218806
|teamsize|p1|6
|teamsize|p2|6
|start
|switch|p1a: Staraptor|Staraptor, F|100/100
|switch|p2a: læstumくまのう|Pecharunt|100/100
|-ability|p1a: Staraptor|Intimidate|boost
|-unboost|p2a: læstumくまのう|atk|1
|-item|p2a: læstumくまのう|Air Balloon
|turn|1
|
|t:|1781218810
|move|p1a: Staraptor|U-turn|p2a: læstumくまのう
|-resisted|p2a: læstumくまのう
|-damage|p2a: læstumくまのう|98/100
|-enditem|p2a: læstumくまのう|Air Balloon
|
|t:|1781218820
|switch|p1a: Gholdengo|Gholdengo|100/100|[from] U-turn
|-item|p1a: Gholdengo|Air Balloon
|move|p2a: læstumくまのう|Malignant Chain|p1a: Gholdengo
|-immune|p1a: Gholdengo
|
|upkeep
|turn|2
|
|t:|1781218832
|switch|p2a: ↂ⑳ↂ ㈨|Great Tusk, shiny|100/100
|move|p1a: Gholdengo|Shadow Ball|p2a: ↂ⑳ↂ ㈨
|-damage|p2a: ↂ⑳ↂ ㈨|51/100
|
|upkeep
|turn|3
|
|t:|1781218839
|move|p2a: ↂ⑳ↂ ㈨|Ice Spinner|p1a: Gholdengo
|-resisted|p1a: Gholdengo
|-damage|p1a: Gholdengo|90/100
|-enditem|p1a: Gholdengo|Air Balloon
|move|p1a: Gholdengo|Make It Rain|p2a: ↂ⑳ↂ ㈨
|-damage|p2a: ↂ⑳ↂ ㈨|0 fnt
|-unboost|p1a: Gholdengo|spa|1
|faint|p2a: ↂ⑳ↂ ㈨
|-end|p2a: ↂ⑳ↂ ㈨|Protosynthesis|[silent]
|
|upkeep
|
|t:|1781218848
|switch|p2a: €€€€€€€€€€€€€|Ting-Lu, shiny|100/100
|-ability|p2a: €€€€€€€€€€€€€|Vessel of Ruin
|turn|4
|
|t:|1781218852
|switch|p1a: Ogerpon|Ogerpon-Wellspring, F|100/100
|move|p2a: €€€€€€€€€€€€€|Spikes|p1a: Ogerpon
|-sidestart|p1: thebambi1234|Spikes
|
|upkeep
|turn|5
|
|t:|1781218860
|move|p1a: Ogerpon|Swords Dance|p1a: Ogerpon
|-boost|p1a: Ogerpon|atk|2
|move|p2a: €€€€€€€€€€€€€|Whirlwind|p1a: Ogerpon
|drag|p1a: Glimmora|Glimmora, F|100/100
|-damage|p1a: Glimmora|88/100|[from] Spikes
|
|upkeep
|turn|6
|
|t:|1781218865
|move|p1a: Glimmora|Mortal Spin|p2a: €€€€€€€€€€€€€
|-resisted|p2a: €€€€€€€€€€€€€
|-damage|p2a: €€€€€€€€€€€€€|99/100
|-status|p2a: €€€€€€€€€€€€€|psn
|-sideend|p1: thebambi1234|Spikes|[from] move: Mortal Spin|[of] p1a: Glimmora
|move|p2a: €€€€€€€€€€€€€|Stealth Rock|p1a: Glimmora
|-sidestart|p1: thebambi1234|move: Stealth Rock
|
|-heal|p2a: €€€€€€€€€€€€€|100/100 psn|[from] item: Leftovers
|-damage|p2a: €€€€€€€€€€€€€|88/100 psn|[from] psn
|upkeep
|turn|7
|
|t:|1781218873
|switch|p2a: ☯☯⧲☯☯|Gholdengo, shiny|100/100
|move|p1a: Glimmora|Stealth Rock|p2a: ☯☯⧲☯☯
|-sidestart|p2: cenotaphs|move: Stealth Rock
|
|upkeep
|turn|8
|
|t:|1781218883
|move|p2a: ☯☯⧲☯☯|Make It Rain|p1a: Glimmora
|-supereffective|p1a: Glimmora
|-damage|p1a: Glimmora|0 fnt
|-unboost|p2a: ☯☯⧲☯☯|spa|1
|faint|p1a: Glimmora
|
|upkeep
|
|t:|1781218892
|switch|p1a: Ogerpon|Ogerpon-Wellspring, F|100/100
|-damage|p1a: Ogerpon|88/100|[from] Stealth Rock
|turn|9
|
|t:|1781218896
|switch|p2a: læstumくまのう|Pecharunt|98/100
|-damage|p2a: læstumくまのう|85/100|[from] Stealth Rock
|-terastallize|p1a: Ogerpon|Water
|detailschange|p1a: Ogerpon|Ogerpon-Wellspring-Tera, F, tera:Water
|-ability|p1a: Ogerpon|Embody Aspect (Wellspring)|boost
|-boost|p1a: Ogerpon|spd|1
|move|p1a: Ogerpon|Swords Dance|p1a: Ogerpon
|-boost|p1a: Ogerpon|atk|2
|
|upkeep
|turn|10
|
|t:|1781218905
|move|p1a: Ogerpon|Swords Dance|p1a: Ogerpon
|-boost|p1a: Ogerpon|atk|2
|move|p2a: læstumくまのう|Malignant Chain|p1a: Ogerpon
|-damage|p1a: Ogerpon|52/100
|-status|p1a: Ogerpon|tox
|-start|p1a: Ogerpon|confusion|[from] ability: Poison Puppeteer|[of] p2a: læstumくまのう
|
|-damage|p1a: Ogerpon|46/100 tox|[from] psn
|upkeep
|turn|11
|
|t:|1781218910
|-activate|p1a: Ogerpon|confusion
|move|p1a: Ogerpon|Ivy Cudgel|p2a: læstumくまのう|[anim] Ivy Cudgel Water
|-crit|p2a: læstumくまのう
|-damage|p2a: læstumくまのう|0 fnt
|faint|p2a: læstumくまのう
|
|-damage|p1a: Ogerpon|34/100 tox|[from] psn
|upkeep
|
|t:|1781218913
|switch|p2a: ☯☯⧲☯☯|Gholdengo, shiny|100/100
|-damage|p2a: ☯☯⧲☯☯|94/100|[from] Stealth Rock
|turn|12
|
|t:|1781218918
|move|p2a: ☯☯⧲☯☯|Shadow Ball|p1a: Ogerpon
|-damage|p1a: Ogerpon|0 fnt
|faint|p1a: Ogerpon
|detailschange|p1: Ogerpon|Ogerpon-Wellspring, F|[silent]
|
|upkeep
|
|t:|1781218947
|switch|p1a: Kingambit|Kingambit, M|100/100
|-damage|p1a: Kingambit|94/100|[from] Stealth Rock
|-activate|p1a: Kingambit|ability: Supreme Overlord
|-start|p1a: Kingambit|fallen2|[silent]
|turn|13
|
|t:|1781218956
|switch|p2a: €€€€€€€€€€€€€|Ting-Lu, shiny|88/100 psn
|-damage|p2a: €€€€€€€€€€€€€|82/100 psn|[from] Stealth Rock
|-ability|p2a: €€€€€€€€€€€€€|Vessel of Ruin
|move|p1a: Kingambit|Swords Dance|p1a: Kingambit
|-boost|p1a: Kingambit|atk|2
|
|-heal|p2a: €€€€€€€€€€€€€|88/100 psn|[from] item: Leftovers
|-damage|p2a: €€€€€€€€€€€€€|76/100 psn|[from] psn
|upkeep
|turn|14
|j| rexa2
|
|t:|1781218960
|move|p1a: Kingambit|Iron Head|p2a: €€€€€€€€€€€€€
|-damage|p2a: €€€€€€€€€€€€€|14/100 psn
|move|p2a: €€€€€€€€€€€€€|Whirlwind|p1a: Kingambit
|-end|p1a: Kingambit|fallen2|[silent]
|drag|p1a: Gholdengo|Gholdengo|90/100
|-damage|p1a: Gholdengo|84/100|[from] Stealth Rock
|
|-heal|p2a: €€€€€€€€€€€€€|21/100 psn|[from] item: Leftovers
|-damage|p2a: €€€€€€€€€€€€€|8/100 psn|[from] psn
|upkeep
|turn|15
|
|t:|1781218968
|move|p1a: Gholdengo|Make It Rain|p2a: €€€€€€€€€€€€€
|-damage|p2a: €€€€€€€€€€€€€|0 fnt
|-unboost|p1a: Gholdengo|spa|1
|faint|p2a: €€€€€€€€€€€€€
|
|upkeep
|
|t:|1781218977
|switch|p2a: 𝄞𝄢°❀⋆.ೃ࿔*:･|Cresselia, F, shiny|100/100
|-damage|p2a: 𝄞𝄢°❀⋆.ೃ࿔*:･|88/100|[from] Stealth Rock
|turn|16
|
|t:|1781218991
|switch|p1a: Kingambit|Kingambit, M|94/100
|-damage|p1a: Kingambit|88/100|[from] Stealth Rock
|-activate|p1a: Kingambit|ability: Supreme Overlord
|-start|p1a: Kingambit|fallen2|[silent]
|move|p2a: 𝄞𝄢°❀⋆.ೃ࿔*:･|Calm Mind|p2a: 𝄞𝄢°❀⋆.ೃ࿔*:･
|-boost|p2a: 𝄞𝄢°❀⋆.ೃ࿔*:･|spa|1
|-boost|p2a: 𝄞𝄢°❀⋆.ೃ࿔*:･|spd|1
|
|-heal|p2a: 𝄞𝄢°❀⋆.ೃ࿔*:･|94/100|[from] item: Leftovers
|upkeep
|turn|17
|
|t:|1781218998
|-terastallize|p2a: 𝄞𝄢°❀⋆.ೃ࿔*:･|Poison
|move|p2a: 𝄞𝄢°❀⋆.ೃ࿔*:･|Moonblast|p1a: Kingambit
|-damage|p1a: Kingambit|60/100
|move|p1a: Kingambit|Swords Dance|p1a: Kingambit
|-boost|p1a: Kingambit|atk|2
|
|-heal|p2a: 𝄞𝄢°❀⋆.ೃ࿔*:･|99/100|[from] item: Leftovers
|upkeep
|turn|18
|
|t:|1781219009
|move|p2a: 𝄞𝄢°❀⋆.ೃ࿔*:･|Moonblast|p1a: Kingambit
|-crit|p1a: Kingambit
|-damage|p1a: Kingambit|20/100
|move|p1a: Kingambit|Kowtow Cleave|p2a: 𝄞𝄢°❀⋆.ೃ࿔*:･
|-damage|p2a: 𝄞𝄢°❀⋆.ೃ࿔*:･|20/100
|
|-heal|p2a: 𝄞𝄢°❀⋆.ೃ࿔*:･|26/100|[from] item: Leftovers
|upkeep
|turn|19
|
|t:|1781219013
|move|p2a: 𝄞𝄢°❀⋆.ೃ࿔*:･|Moonlight|p2a: 𝄞𝄢°❀⋆.ೃ࿔*:･
|-heal|p2a: 𝄞𝄢°❀⋆.ೃ࿔*:･|76/100
|move|p1a: Kingambit|Kowtow Cleave|p2a: 𝄞𝄢°❀⋆.ೃ࿔*:･
|-damage|p2a: 𝄞𝄢°❀⋆.ೃ࿔*:･|0 fnt
|faint|p2a: 𝄞𝄢°❀⋆.ೃ࿔*:･
|
|upkeep
|
|t:|1781219018
|switch|p2a: ㊊ Ξ愛愛愛|Enamorus, F|100/100
|-damage|p2a: ㊊ Ξ愛愛愛|76/100|[from] Stealth Rock
|turn|20
|
|t:|1781219021
|move|p1a: Kingambit|Sucker Punch|p2a: ㊊ Ξ愛愛愛
|-resisted|p2a: ㊊ Ξ愛愛愛
|-damage|p2a: ㊊ Ξ愛愛愛|0 fnt
|faint|p2a: ㊊ Ξ愛愛愛
|
|upkeep
|-message|cenotaphs forfeited.
|
|win|thebambi1234
|raw|thebambi1234's rating: 1630 &rarr; <strong>1649</strong><br />(+19 for winning)
|raw|cenotaphs's rating: 1612 &rarr; <strong>1593</strong><br />(-19 for losing)
|l|☆cenotaphs
|player|p2|
|l|☆thebambi1234
|player|p1|
|l| rexa2
