|j|☆retsewe
|j|☆crck like alakazam
|t:|1781276939
|gametype|singles
|player|p1|retsewe|169|1532
|player|p2|crck like alakazam|psychicf-gen4|1579
|gen|9
|tier|[Gen 9] OU
|rated|
|rule|HP Percentage Mod: HP is shown in percentages
|rule|Endless Battle Clause: Forcing endless battles is banned
|rule|Species Clause: Limit one of each Pokémon
|rule|OHKO Clause: OHKO moves are banned
|rule|Evasion Items Clause: Evasion items are banned
|rule|Evasion Moves Clause: Evasion moves are banned
|rule|Evasion Abilities Clause: Evasion abilities are banned
|rule|Sleep Moves Clause: Sleep-inducing moves are banned
|clearpoke
|poke|p1|Kyurem|
|poke|p1|Grimmsnarl, M|
|poke|p1|Gyarados, M|
|poke|p1|Dragonite, F|
|poke|p1|Hatterene, F|
|poke|p1|Heatran, M|
|poke|p2|Iron Treads|
|poke|p2|Pelipper, M|
|poke|p2|Dondozo, M|
|poke|p2|Overqwil, F|
|poke|p2|Enamorus, F|
|poke|p2|Raging Bolt|
|teampreview
|inactive|Battle timer is ON: inactive players will automatically lose when time's up. (requested by crck like alakazam)
|
|t:|1781276961
|teamsize|p1|6
|teamsize|p2|6
|start
|switch|p1a: Hatterene|Hatterene, F|100/100
|switch|p2a: 4Pc Peliac Combo|Pelipper, M|100/100
|-weather|RainDance|[from] ability: Drizzle|[of] p2a: 4Pc Peliac Combo
|turn|1
|
|t:|1781276969
|move|p2a: 4Pc Peliac Combo|Weather Ball|p1a: Hatterene
|-damage|p1a: Hatterene|50/100
|move|p1a: Hatterene|Nuzzle|p2a: 4Pc Peliac Combo
|-supereffective|p2a: 4Pc Peliac Combo
|-damage|p2a: 4Pc Peliac Combo|87/100
|-status|p2a: 4Pc Peliac Combo|par
|
|-weather|RainDance|[upkeep]
|-heal|p1a: Hatterene|56/100|[from] item: Leftovers
|upkeep
|turn|2
|
|t:|1781276979
|move|p1a: Hatterene|Draining Kiss|p2a: 4Pc Peliac Combo
|-damage|p2a: 4Pc Peliac Combo|50/100 par
|-heal|p1a: Hatterene|84/100|[from] drain|[of] p2a: 4Pc Peliac Combo
|move|p2a: 4Pc Peliac Combo|Weather Ball|p1a: Hatterene
|-damage|p1a: Hatterene|27/100
|
|-weather|RainDance|[upkeep]
|-heal|p1a: Hatterene|33/100|[from] item: Leftovers
|upkeep
|turn|3
|
|t:|1781276989
|switch|p2a: GangStarrFromAbove|Enamorus, F|100/100
|move|p1a: Hatterene|Draining Kiss|p2a: GangStarrFromAbove
|-damage|p2a: GangStarrFromAbove|65/100
|-heal|p1a: Hatterene|57/100|[from] drain|[of] p2a: GangStarrFromAbove
|
|-weather|RainDance|[upkeep]
|-heal|p1a: Hatterene|63/100|[from] item: Leftovers
|upkeep
|turn|4
|
|t:|1781276999
|move|p2a: GangStarrFromAbove|Weather Ball|p1a: Hatterene
|-damage|p1a: Hatterene|0 fnt
|faint|p1a: Hatterene
|
|-weather|RainDance|[upkeep]
|upkeep
|n|☆crck like alakazam|crcklikealakazam
|
|t:|1781277027
|switch|p1a: Gyarados|Gyarados, M|100/100
|turn|5
|inactive|crck like alakazam has 120 seconds left.
|
|t:|1781277070
|switch|p2a: PurpleRain|Overqwil, F, shiny|100/100
|move|p1a: Gyarados|Waterfall|p2a: PurpleRain
|-damage|p2a: PurpleRain|18/100
|
|-weather|RainDance|[upkeep]
|upkeep
|turn|6
|
|t:|1781277081
|switch|p1a: Heatran|Heatran, M|100/100
|move|p2a: PurpleRain|Gunk Shot|p1a: Heatran
|-immune|p1a: Heatran
|
|-weather|RainDance|[upkeep]
|upkeep
|turn|7
|
|t:|1781277092
|move|p2a: PurpleRain|Waterfall|p1a: Heatran
|-supereffective|p1a: Heatran
|-damage|p1a: Heatran|0 fnt
|-status|p2a: PurpleRain|brn|[from] ability: Flame Body|[of] p1a: Heatran
|faint|p1a: Heatran
|-damage|p2a: PurpleRain|8/100 brn|[from] item: Life Orb
|
|-weather|RainDance|[upkeep]
|-damage|p2a: PurpleRain|1/100 brn|[from] brn
|upkeep
|inactive|retsewe has 120 seconds left.
|
|t:|1781277129
|switch|p1a: Grimmsnarl|Grimmsnarl, M, shiny|100/100
|turn|8
|inactive|crck like alakazam has 120 seconds left.
|
|t:|1781277145
|switch|p2a: GangStarrFromAbove|Enamorus, F|65/100
|move|p1a: Grimmsnarl|Sucker Punch||[still]
|-fail|p1a: Grimmsnarl
|
|-weather|none
|upkeep
|turn|9
|inactive|retsewe has 120 seconds left.
|
|t:|1781277169
|move|p1a: Grimmsnarl|Sucker Punch|p2a: GangStarrFromAbove
|-resisted|p2a: GangStarrFromAbove
|-damage|p2a: GangStarrFromAbove|39/100
|move|p2a: GangStarrFromAbove|Moonblast|p1a: Grimmsnarl
|-supereffective|p1a: Grimmsnarl
|-damage|p1a: Grimmsnarl|3/100
|-unboost|p1a: Grimmsnarl|spa|1
|
|-heal|p1a: Grimmsnarl|9/100|[from] item: Leftovers
|upkeep
|turn|10
|
|t:|1781277180
|move|p1a: Grimmsnarl|Sucker Punch|p2a: GangStarrFromAbove
|-resisted|p2a: GangStarrFromAbove
|-damage|p2a: GangStarrFromAbove|13/100
|move|p2a: GangStarrFromAbove|Moonblast|p1a: Grimmsnarl
|-supereffective|p1a: Grimmsnarl
|-damage|p1a: Grimmsnarl|0 fnt
|faint|p1a: Grimmsnarl
|
|upkeep
|
|t:|1781277189
|switch|p1a: Dragonite|Dragonite, F|100/100
|turn|11
|
|t:|1781277193
|switch|p2a: C.T.E.Spins|Iron Treads|100/100
|-enditem|p2a: C.T.E.Spins|Booster Energy
|-activate|p2a: C.T.E.Spins|ability: Quark Drive|[fromitem]
|-start|p2a: C.T.E.Spins|quarkdrivespe
|move|p1a: Dragonite|Extreme Speed|p2a: C.T.E.Spins
|-resisted|p2a: C.T.E.Spins
|-damage|p2a: C.T.E.Spins|88/100
|
|upkeep
|turn|12
|
|t:|1781277202
|move|p2a: C.T.E.Spins|Volt Switch|p1a: Dragonite
|-damage|p1a: Dragonite|94/100
|
|t:|1781277205
|-end|p2a: C.T.E.Spins|Quark Drive|[silent]
|switch|p2a: WishABozoWould|Dondozo, M|100/100|[from] Volt Switch
|move|p1a: Dragonite|Earthquake|p2a: WishABozoWould
|-damage|p2a: WishABozoWould|74/100
|
|upkeep
|turn|13
|
|t:|1781277212
|switch|p1a: Kyurem|Kyurem|100/100
|-ability|p1a: Kyurem|Pressure
|move|p2a: WishABozoWould|Avalanche|p1a: Kyurem
|-damage|p1a: Kyurem|73/100
|
|upkeep
|turn|14
|
|t:|1781277226
|switch|p2a: 4Pc Peliac Combo|Pelipper, M|50/100 par
|-weather|RainDance|[from] ability: Drizzle|[of] p2a: 4Pc Peliac Combo
|move|p1a: Kyurem|Substitute|p1a: Kyurem
|-start|p1a: Kyurem|Substitute
|-damage|p1a: Kyurem|48/100
|
|-weather|RainDance|[upkeep]
|upkeep
|turn|15
|
|t:|1781277241
|move|p1a: Kyurem|Freeze-Dry|p2a: 4Pc Peliac Combo
|-supereffective|p2a: 4Pc Peliac Combo
|-damage|p2a: 4Pc Peliac Combo|0 fnt
|faint|p2a: 4Pc Peliac Combo
|
|-weather|RainDance|[upkeep]
|upkeep
|
|t:|1781277248
|switch|p2a: C.T.E.Spins|Iron Treads|88/100
|turn|16
|
|t:|1781277252
|move|p2a: C.T.E.Spins|Earthquake|p1a: Kyurem
|-end|p1a: Kyurem|Substitute
|move|p1a: Kyurem|Earth Power|p2a: C.T.E.Spins
|-supereffective|p2a: C.T.E.Spins
|-damage|p2a: C.T.E.Spins|1/100
|
|-weather|RainDance|[upkeep]
|upkeep
|turn|17
|
|t:|1781277260
|move|p2a: C.T.E.Spins|Stealth Rock|p1a: Kyurem
|-sidestart|p1: retsewe|move: Stealth Rock
|move|p1a: Kyurem|Earth Power|p2a: C.T.E.Spins
|-supereffective|p2a: C.T.E.Spins
|-damage|p2a: C.T.E.Spins|0 fnt
|faint|p2a: C.T.E.Spins
|-end|p2a: C.T.E.Spins|Quark Drive|[silent]
|
|-weather|RainDance|[upkeep]
|upkeep
|
|t:|1781277265
|switch|p2a: GangStarrFromAbove|Enamorus, F|13/100
|turn|18
|
|t:|1781277271
|move|p2a: GangStarrFromAbove|Moonblast|p1a: Kyurem
|-supereffective|p1a: Kyurem
|-damage|p1a: Kyurem|0 fnt
|faint|p1a: Kyurem
|
|-weather|RainDance|[upkeep]
|upkeep
|
|t:|1781277278
|switch|p1a: Dragonite|Dragonite, F|94/100
|turn|19
|
|t:|1781277284
|move|p1a: Dragonite|Extreme Speed|p2a: GangStarrFromAbove
|-damage|p2a: GangStarrFromAbove|0 fnt
|faint|p2a: GangStarrFromAbove
|
|-weather|RainDance|[upkeep]
|upkeep
|
|t:|1781277287
|switch|p2a: Ol'DirtyBolt|Raging Bolt|100/100
|-enditem|p2a: Ol'DirtyBolt|Booster Energy
|-activate|p2a: Ol'DirtyBolt|ability: Protosynthesis|[fromitem]
|-start|p2a: Ol'DirtyBolt|protosynthesisspa
|turn|20
|
|t:|1781277304
|move|p1a: Dragonite|Extreme Speed|p2a: Ol'DirtyBolt
|-damage|p2a: Ol'DirtyBolt|73/100
|move|p2a: Ol'DirtyBolt|Thunder|p1a: Dragonite
|-damage|p1a: Dragonite|1/100
|-status|p1a: Dragonite|par
|
|-weather|RainDance|[upkeep]
|upkeep
|turn|21
|
|t:|1781277314
|move|p1a: Dragonite|Extreme Speed|p2a: Ol'DirtyBolt
|-damage|p2a: Ol'DirtyBolt|43/100
|move|p2a: Ol'DirtyBolt|Dragon Pulse|p1a: Dragonite
|-supereffective|p1a: Dragonite
|-damage|p1a: Dragonite|0 fnt
|faint|p1a: Dragonite
|
|-weather|none
|upkeep
|
|t:|1781277323
|switch|p1a: Gyarados|Gyarados, M|100/100
|-damage|p1a: Gyarados|76/100|[from] Stealth Rock
|turn|22
|
|t:|1781277329
|-terastallize|p1a: Gyarados|Ground
|move|p1a: Gyarados|Dragon Dance|p1a: Gyarados
|-boost|p1a: Gyarados|atk|1
|-boost|p1a: Gyarados|spe|1
|move|p2a: Ol'DirtyBolt|Dragon Pulse|p1a: Gyarados
|-damage|p1a: Gyarados|8/100
|
|upkeep
|turn|23
|
|t:|1781277337
|move|p1a: Gyarados|Earthquake|p2a: Ol'DirtyBolt
|-supereffective|p2a: Ol'DirtyBolt
|-damage|p2a: Ol'DirtyBolt|0 fnt
|faint|p2a: Ol'DirtyBolt
|-end|p2a: Ol'DirtyBolt|Protosynthesis|[silent]
|-ability|p1a: Gyarados|Moxie|boost
|-boost|p1a: Gyarados|atk|1
|
|upkeep
|
|t:|1781277339
|switch|p2a: WishABozoWould|Dondozo, M|74/100
|turn|24
|
|t:|1781277346
|move|p1a: Gyarados|Earthquake|p2a: WishABozoWould
|-damage|p2a: WishABozoWould|37/100
|move|p2a: WishABozoWould|Wave Crash|p1a: Gyarados
|-supereffective|p1a: Gyarados
|-damage|p1a: Gyarados|0 fnt
|faint|p1a: Gyarados
|-damage|p2a: WishABozoWould|35/100|[from] Recoil
|
|win|crck like alakazam
|raw|retsewe's rating: 1532 &rarr; <strong>1514</strong><br />(-18 for losing)
|raw|crck like alakazam's rating: 1560 &rarr; <strong>1578</strong><br />(+18 for winning)
|l|☆retsewe
|player|p1|
