|j|☆Mailiam
|j|☆deathprofessor21
|t:|1781205298
|gametype|singles
|player|p1|Mailiam|az|1687
|player|p2|deathprofessor21|101|1604
|gen|9
|tier|[Gen 9] OU
|rated|
|rule|HP Percentage Mod: HP is shown in percentages
|rule|Endless Battle Clause: Forcing endless battles is banned
|rule|Species Clause: Limit one of each Pokémon
|rule|OHKO Clause: OHKO moves are banned
|rule|Evasion Items Clause: Evasion items are banned
|rule|Evasion Moves Clause: Evasion moves are banned
|rule|Evasion Abilities Clause: Evasion abilities are banned
|rule|Sleep Moves Clause: Sleep-inducing moves are banned
|clearpoke
|poke|p1|Rabsca, M|
|poke|p1|Landorus-Therian, M|
|poke|p1|Excadrill, M|
|poke|p1|Darkrai|
|poke|p1|Tyranitar, F|
|poke|p1|Zapdos|
|poke|p2|Slowking-Galar, F|
|poke|p2|Hydrapple, M|
|poke|p2|Moltres|
|poke|p2|Raging Bolt|
|poke|p2|Zamazenta-*|
|poke|p2|Scizor, F|
|teampreview
|inactive|Battle timer is ON: inactive players will automatically lose when time's up. (requested by Mailiam)
|
|t:|1781205314
|teamsize|p1|6
|teamsize|p2|6
|start
|switch|p1a: Game Therian|Landorus-Therian, M|100/100
|switch|p2a: Hydrapple|Hydrapple, M|100/100
|-ability|p1a: Game Therian|Intimidate|boost
|-unboost|p2a: Hydrapple|atk|1
|turn|1
|
|t:|1781205317
|switch|p2a: Moltres|Moltres|100/100
|-ability|p2a: Moltres|Pressure
|move|p1a: Game Therian|U-turn|p2a: Moltres
|-resisted|p2a: Moltres
|-damage|p2a: Moltres|96/100
|
|t:|1781205321
|switch|p1a: Stormserver|Tyranitar, F|100/100|[from] U-turn
|-weather|Sandstorm|[from] ability: Sand Stream|[of] p1a: Stormserver
|
|-weather|Sandstorm|[upkeep]
|-damage|p2a: Moltres|90/100|[from] Sandstorm
|upkeep
|turn|2
|
|t:|1781205325
|move|p2a: Moltres|U-turn|p1a: Stormserver
|-supereffective|p1a: Stormserver
|-damage|p1a: Stormserver|80/100
|
|t:|1781205330
|switch|p2a: Scizor|Scizor, F|100/100|[from] U-turn
|move|p1a: Stormserver|Knock Off|p2a: Scizor
|-damage|p2a: Scizor|57/100
|-enditem|p2a: Scizor|Leftovers|[from] move: Knock Off|[of] p1a: Stormserver
|
|-weather|Sandstorm|[upkeep]
|upkeep
|turn|3
|
|t:|1781205334
|switch|p1a: Game Therian|Landorus-Therian, M|100/100
|-ability|p1a: Game Therian|Intimidate|boost
|-unboost|p2a: Scizor|atk|1
|move|p2a: Scizor|U-turn|p1a: Game Therian
|-resisted|p1a: Game Therian
|-damage|p1a: Game Therian|86/100
|-damage|p2a: Scizor|40/100|[from] item: Rocky Helmet|[of] p1a: Game Therian
|
|t:|1781205343
|switch|p2a: Hydrapple|Hydrapple, M|100/100|[from] U-turn
|
|-weather|Sandstorm|[upkeep]
|-damage|p2a: Hydrapple|94/100|[from] Sandstorm
|upkeep
|turn|4
|
|t:|1781205346
|switch|p2a: Moltres|Moltres|90/100
|-ability|p2a: Moltres|Pressure
|move|p1a: Game Therian|U-turn|p2a: Moltres
|-resisted|p2a: Moltres
|-crit|p2a: Moltres
|-damage|p2a: Moltres|84/100
|
|t:|1781205350
|switch|p1a: The Zapper|Zapdos|100/100|[from] U-turn
|
|-weather|Sandstorm|[upkeep]
|-damage|p1a: The Zapper|94/100|[from] Sandstorm
|-damage|p2a: Moltres|78/100|[from] Sandstorm
|upkeep
|turn|5
|
|t:|1781205353
|switch|p2a: Slowking|Slowking-Galar, F|100/100
|move|p1a: The Zapper|U-turn|p2a: Slowking
|-damage|p2a: Slowking|87/100
|
|t:|1781205358
|switch|p1a: Game Therian|Landorus-Therian, M|86/100|[from] U-turn
|-ability|p1a: Game Therian|Intimidate|boost
|-unboost|p2a: Slowking|atk|1
|
|-weather|Sandstorm|[upkeep]
|-damage|p2a: Slowking|80/100|[from] Sandstorm
|upkeep
|turn|6
|
|t:|1781205363
|move|p1a: Game Therian|Gravity|p1a: Game Therian
|-fieldstart|move: Gravity
|move|p2a: Slowking|Ice Beam|p1a: Game Therian
|-supereffective|p1a: Game Therian
|-damage|p1a: Game Therian|0 fnt
|faint|p1a: Game Therian
|
|-weather|Sandstorm|[upkeep]
|-damage|p2a: Slowking|74/100|[from] Sandstorm
|upkeep
|
|t:|1781205366
|switch|p1a: Second Stint|Excadrill, M|100/100
|turn|7
|
|t:|1781205378
|switch|p2a: Hydrapple|Hydrapple, M|100/100
|move|p1a: Second Stint|Iron Head|p2a: Hydrapple
|-damage|p2a: Hydrapple|63/100
|
|-weather|Sandstorm|[upkeep]
|-damage|p2a: Hydrapple|57/100|[from] Sandstorm
|upkeep
|turn|8
|
|t:|1781205384
|move|p1a: Second Stint|Iron Head|p2a: Hydrapple
|-damage|p2a: Hydrapple|20/100
|move|p2a: Hydrapple|Leaf Storm|p1a: Second Stint
|-damage|p1a: Second Stint|0 fnt
|-unboost|p2a: Hydrapple|spa|2
|faint|p1a: Second Stint
|-damage|p2a: Hydrapple|11/100|[from] item: Life Orb
|
|-weather|none
|upkeep
|
|t:|1781205392
|switch|p1a: The Zapper|Zapdos|94/100
|turn|9
|
|t:|1781205395
|switch|p2a: Slowking|Slowking-Galar, F|100/100
|move|p1a: The Zapper|U-turn|p2a: Slowking
|-damage|p2a: Slowking|87/100
|
|t:|1781205398
|switch|p1a: Stormserver|Tyranitar, F|80/100|[from] U-turn
|-weather|Sandstorm|[from] ability: Sand Stream|[of] p1a: Stormserver
|
|-weather|Sandstorm|[upkeep]
|-damage|p2a: Slowking|80/100|[from] Sandstorm
|upkeep
|turn|10
|
|t:|1781205404
|switch|p2a: Moltres|Moltres|78/100
|-ability|p2a: Moltres|Pressure
|move|p1a: Stormserver|Stealth Rock|p2a: Moltres
|-sidestart|p2: deathprofessor21|move: Stealth Rock
|
|-weather|Sandstorm|[upkeep]
|-damage|p2a: Moltres|72/100|[from] Sandstorm
|-fieldend|move: Gravity
|upkeep
|turn|11
|
|t:|1781205407
|move|p2a: Moltres|U-turn|p1a: Stormserver
|-supereffective|p1a: Stormserver
|-damage|p1a: Stormserver|57/100
|
|t:|1781205412
|switch|p2a: Scizor|Scizor, F|40/100|[from] U-turn
|-damage|p2a: Scizor|28/100|[from] Stealth Rock
|move|p1a: Stormserver|Knock Off|p2a: Scizor
|-damage|p2a: Scizor|1/100
|
|-weather|Sandstorm|[upkeep]
|upkeep
|turn|12
|
|t:|1781205418
|switch|p1a: The Zapper|Zapdos|94/100
|move|p2a: Scizor|Defog|p1a: The Zapper
|-unboost|p1a: The Zapper|evasion|1
|-sideend|p2: deathprofessor21|Stealth Rock|[from] move: Defog|[of] p2a: Scizor
|
|-weather|Sandstorm|[upkeep]
|-damage|p1a: The Zapper|88/100|[from] Sandstorm
|upkeep
|turn|13
|
|t:|1781205423
|switch|p2a: Hydrapple|Hydrapple, M|44/100
|move|p1a: The Zapper|U-turn|p2a: Hydrapple
|-supereffective|p2a: Hydrapple
|-damage|p2a: Hydrapple|24/100
|
|t:|1781205426
|switch|p1a: Buried Bodies|Darkrai|100/100|[from] U-turn
|
|-weather|Sandstorm|[upkeep]
|-damage|p1a: Buried Bodies|94/100|[from] Sandstorm
|-damage|p2a: Hydrapple|18/100|[from] Sandstorm
|upkeep
|turn|14
|j| kanaete onegai
|
|t:|1781205438
|switch|p2a: Moltres|Moltres|72/100
|-ability|p2a: Moltres|Pressure
|move|p1a: Buried Bodies|Dark Pulse|p2a: Moltres
|-damage|p2a: Moltres|40/100
|
|-weather|Sandstorm|[upkeep]
|-damage|p1a: Buried Bodies|88/100|[from] Sandstorm
|-damage|p2a: Moltres|34/100|[from] Sandstorm
|upkeep
|turn|15
|inactive|Mailiam has 120 seconds left.
|
|t:|1781205471
|move|p1a: Buried Bodies|Thunder|p2a: Moltres|[miss]
|-miss|p1a: Buried Bodies|p2a: Moltres
|move|p2a: Moltres|Roost|p2a: Moltres
|-heal|p2a: Moltres|84/100
|-singleturn|p2a: Moltres|move: Roost
|
|-weather|Sandstorm|[upkeep]
|-damage|p1a: Buried Bodies|82/100|[from] Sandstorm
|-damage|p2a: Moltres|78/100|[from] Sandstorm
|upkeep
|turn|16
|
|t:|1781205480
|move|p1a: Buried Bodies|Dark Pulse|p2a: Moltres
|-damage|p2a: Moltres|46/100
|cant|p2a: Moltres|flinch
|
|-weather|none
|upkeep
|turn|17
|
|t:|1781205486
|move|p1a: Buried Bodies|Thunder|p2a: Moltres
|-supereffective|p2a: Moltres
|-damage|p2a: Moltres|0 fnt
|faint|p2a: Moltres
|
|upkeep
|
|t:|1781205489
|switch|p2a: Raging Bolt|Raging Bolt|100/100
|turn|18
|
|t:|1781205496
|switch|p1a: Stormserver|Tyranitar, F|57/100
|-weather|Sandstorm|[from] ability: Sand Stream|[of] p1a: Stormserver
|move|p2a: Raging Bolt|Draco Meteor|p1a: Stormserver
|-damage|p1a: Stormserver|27/100
|-unboost|p2a: Raging Bolt|spa|2
|
|-weather|Sandstorm|[upkeep]
|-damage|p2a: Raging Bolt|94/100|[from] Sandstorm
|upkeep
|turn|19
|
|t:|1781205506
|-end|p2a: Raging Bolt|Protosynthesis|[silent]
|switch|p2a: Hydrapple|Hydrapple, M|51/100
|switch|p1a: Bill Clinton|Rabsca, M, shiny|100/100
|
|-weather|Sandstorm|[upkeep]
|-damage|p1a: Bill Clinton|94/100|[from] Sandstorm
|-damage|p2a: Hydrapple|45/100|[from] Sandstorm
|upkeep
|turn|20
|
|t:|1781205512
|move|p1a: Bill Clinton|Revival Blessing|p1a: Bill Clinton
|-enditem|p1a: Bill Clinton|Leppa Berry|[eat]
|-activate|p1a: Bill Clinton|item: Leppa Berry|Revival Blessing|[consumed]
|
|t:|1781205516
|-heal|p1: Second Stint|50/100|[from] move: Revival Blessing
|move|p2a: Hydrapple|Fickle Beam|p1a: Bill Clinton
|-damage|p1a: Bill Clinton|56/100
|-damage|p2a: Hydrapple|35/100|[from] item: Life Orb
|
|-weather|Sandstorm|[upkeep]
|-damage|p1a: Bill Clinton|50/100|[from] Sandstorm
|-damage|p2a: Hydrapple|29/100|[from] Sandstorm
|upkeep
|turn|21
|
|t:|1781205523
|move|p1a: Bill Clinton|Recover|p1a: Bill Clinton
|-heal|p1a: Bill Clinton|99/100
|move|p2a: Hydrapple|Fickle Beam|p1a: Bill Clinton
|-damage|p1a: Bill Clinton|58/100
|-damage|p2a: Hydrapple|20/100|[from] item: Life Orb
|
|-weather|Sandstorm|[upkeep]
|-damage|p1a: Bill Clinton|52/100|[from] Sandstorm
|-damage|p2a: Hydrapple|14/100|[from] Sandstorm
|upkeep
|turn|22
|
|t:|1781205534
|switch|p2a: Slowking|Slowking-Galar, F|100/100
|move|p1a: Bill Clinton|Recover|p1a: Bill Clinton
|-heal|p1a: Bill Clinton|100/100
|
|-weather|Sandstorm|[upkeep]
|-damage|p1a: Bill Clinton|94/100|[from] Sandstorm
|-damage|p2a: Slowking|94/100|[from] Sandstorm
|upkeep
|turn|23
|
|t:|1781205544
|move|p1a: Bill Clinton|Psychic Noise|p2a: Slowking
|-damage|p2a: Slowking|78/100
|-start|p2a: Slowking|move: Heal Block
|move|p2a: Slowking|Flamethrower|p1a: Bill Clinton
|-supereffective|p1a: Bill Clinton
|-damage|p1a: Bill Clinton|52/100
|
|-weather|Sandstorm|[upkeep]
|-damage|p1a: Bill Clinton|46/100|[from] Sandstorm
|-damage|p2a: Slowking|72/100|[from] Sandstorm
|upkeep
|turn|24
|
|t:|1781205553
|switch|p2a: Hydrapple|Hydrapple, M|47/100
|move|p1a: Bill Clinton|Recover|p1a: Bill Clinton
|-heal|p1a: Bill Clinton|96/100
|
|-weather|Sandstorm|[upkeep]
|-damage|p1a: Bill Clinton|90/100|[from] Sandstorm
|-damage|p2a: Hydrapple|41/100|[from] Sandstorm
|upkeep
|turn|25
|
|t:|1781205558
|switch|p2a: Slowking|Slowking-Galar, F|100/100
|move|p1a: Bill Clinton|Psychic Noise|p2a: Slowking
|-damage|p2a: Slowking|83/100
|-start|p2a: Slowking|move: Heal Block
|
|-weather|none
|upkeep
|turn|26
|
|t:|1781205564
|switch|p1a: Stormserver|Tyranitar, F|27/100
|-weather|Sandstorm|[from] ability: Sand Stream|[of] p1a: Stormserver
|move|p2a: Slowking|Flamethrower|p1a: Stormserver
|-resisted|p1a: Stormserver
|-damage|p1a: Stormserver|20/100
|-status|p1a: Stormserver|brn
|
|-weather|Sandstorm|[upkeep]
|-damage|p2a: Slowking|77/100|[from] Sandstorm
|-damage|p1a: Stormserver|14/100 brn|[from] brn
|-end|p2a: Slowking|move: Heal Block
|upkeep
|turn|27
|
|t:|1781205586
|switch|p2a: Zamazenta|Zamazenta|100/100
|-ability|p2a: Zamazenta|Dauntless Shield|boost
|-boost|p2a: Zamazenta|def|1
|move|p1a: Stormserver|Stealth Rock|p2a: Zamazenta
|-sidestart|p2: deathprofessor21|move: Stealth Rock
|
|-weather|Sandstorm|[upkeep]
|-damage|p2a: Zamazenta|94/100|[from] Sandstorm
|-heal|p2a: Zamazenta|100/100|[from] item: Leftovers
|-damage|p1a: Stormserver|8/100 brn|[from] brn
|upkeep
|turn|28
|
|t:|1781205594
|switch|p1a: The Zapper|Zapdos|88/100
|move|p2a: Zamazenta|Substitute|p2a: Zamazenta
|-start|p2a: Zamazenta|Substitute
|-damage|p2a: Zamazenta|76/100
|
|-weather|Sandstorm|[upkeep]
|-damage|p2a: Zamazenta|69/100|[from] Sandstorm
|-damage|p1a: The Zapper|82/100|[from] Sandstorm
|-heal|p2a: Zamazenta|76/100|[from] item: Leftovers
|upkeep
|turn|29
|
|t:|1781205601
|move|p2a: Zamazenta|Crunch|p1a: The Zapper
|-damage|p1a: The Zapper|66/100
|-status|p2a: Zamazenta|par|[from] ability: Static|[of] p1a: The Zapper
|move|p1a: The Zapper|Hurricane|p2a: Zamazenta|[miss]
|-miss|p1a: The Zapper|p2a: Zamazenta
|
|-weather|Sandstorm|[upkeep]
|-damage|p1a: The Zapper|60/100|[from] Sandstorm
|-damage|p2a: Zamazenta|69/100 par|[from] Sandstorm
|-heal|p2a: Zamazenta|76/100 par|[from] item: Leftovers
|upkeep
|turn|30
|
|t:|1781205616
|switch|p2a: Slowking|Slowking-Galar, F|100/100
|-damage|p2a: Slowking|88/100|[from] Stealth Rock
|move|p1a: The Zapper|Roost|p1a: The Zapper
|-heal|p1a: The Zapper|100/100
|-singleturn|p1a: The Zapper|move: Roost
|
|-weather|Sandstorm|[upkeep]
|-damage|p1a: The Zapper|94/100|[from] Sandstorm
|-damage|p2a: Slowking|82/100|[from] Sandstorm
|upkeep
|turn|31
|
|t:|1781205622
|move|p1a: The Zapper|U-turn|p2a: Slowking
|-damage|p2a: Slowking|68/100
|
|t:|1781205624
|switch|p1a: Stormserver|Tyranitar, F|8/100 brn|[from] U-turn
|move|p2a: Slowking|Flamethrower|p1a: Stormserver
|-resisted|p1a: Stormserver
|-damage|p1a: Stormserver|2/100 brn
|
|-weather|Sandstorm|[upkeep]
|-damage|p2a: Slowking|62/100|[from] Sandstorm
|-damage|p1a: Stormserver|0 fnt|[from] brn
|faint|p1a: Stormserver
|upkeep
|
|t:|1781205628
|switch|p1a: Second Stint|Excadrill, M|50/100
|turn|32
|
|t:|1781205636
|switch|p2a: Raging Bolt|Raging Bolt|94/100
|-damage|p2a: Raging Bolt|82/100|[from] Stealth Rock
|move|p1a: Second Stint|Iron Head|p2a: Raging Bolt
|-resisted|p2a: Raging Bolt
|-damage|p2a: Raging Bolt|58/100
|
|-weather|Sandstorm|[upkeep]
|-damage|p2a: Raging Bolt|52/100|[from] Sandstorm
|upkeep
|turn|33
|
|t:|1781205643
|-end|p2a: Raging Bolt|Protosynthesis|[silent]
|switch|p2a: Zamazenta|Zamazenta|76/100 par
|-damage|p2a: Zamazenta|69/100 par|[from] Stealth Rock
|move|p1a: Second Stint|Earthquake|p2a: Zamazenta
|-damage|p2a: Zamazenta|11/100 par
|
|-weather|none
|-heal|p2a: Zamazenta|17/100 par|[from] item: Leftovers
|upkeep
|turn|34
|
|t:|1781205649
|move|p1a: Second Stint|Earthquake|p2a: Zamazenta
|-damage|p2a: Zamazenta|0 fnt
|faint|p2a: Zamazenta
|
|upkeep
|
|t:|1781205656
|switch|p2a: Hydrapple|Hydrapple, M|74/100
|-damage|p2a: Hydrapple|62/100|[from] Stealth Rock
|turn|35
|
|t:|1781205660
|switch|p1a: Bill Clinton|Rabsca, M, shiny|90/100
|move|p2a: Hydrapple|Fickle Beam|p1a: Bill Clinton|[anim] Fickle Beam All Out
|-activate|p2a: Hydrapple|move: Fickle Beam
|-damage|p1a: Bill Clinton|6/100
|-damage|p2a: Hydrapple|52/100|[from] item: Life Orb
|
|upkeep
|turn|36
|
|t:|1781205666
|move|p1a: Bill Clinton|Recover|p1a: Bill Clinton
|-heal|p1a: Bill Clinton|56/100
|move|p2a: Hydrapple|Fickle Beam|p1a: Bill Clinton|[anim] Fickle Beam All Out
|-activate|p2a: Hydrapple|move: Fickle Beam
|-damage|p1a: Bill Clinton|0 fnt
|faint|p1a: Bill Clinton
|-damage|p2a: Hydrapple|42/100|[from] item: Life Orb
|
|upkeep
|
|t:|1781205674
|switch|p1a: Buried Bodies|Darkrai|82/100
|turn|37
|
|t:|1781205686
|switch|p2a: Scizor|Scizor, F|1/100
|-damage|p2a: Scizor|0 fnt|[from] Stealth Rock
|faint|p2a: Scizor
|move|p1a: Buried Bodies|Dark Pulse|p2: Scizor|[notarget]
|-fail|p1a: Buried Bodies
|
|upkeep
|
|t:|1781205688
|switch|p2a: Raging Bolt|Raging Bolt|52/100
|-damage|p2a: Raging Bolt|40/100|[from] Stealth Rock
|turn|38
|
|t:|1781205692
|switch|p1a: The Zapper|Zapdos|94/100
|move|p2a: Raging Bolt|Draco Meteor|p1a: The Zapper
|-damage|p1a: The Zapper|24/100
|-unboost|p2a: Raging Bolt|spa|2
|
|upkeep
|turn|39
|
|t:|1781205695
|move|p2a: Raging Bolt|Draco Meteor|p1a: The Zapper
|-damage|p1a: The Zapper|0 fnt
|-unboost|p2a: Raging Bolt|spa|2
|faint|p1a: The Zapper
|
|upkeep
|
|t:|1781205697
|switch|p1a: Second Stint|Excadrill, M|50/100
|turn|40
|
|t:|1781205702
|move|p2a: Raging Bolt|Draco Meteor|p1a: Second Stint
|-resisted|p1a: Second Stint
|-damage|p1a: Second Stint|33/100
|-unboost|p2a: Raging Bolt|spa|2
|move|p1a: Second Stint|Iron Head|p2a: Raging Bolt
|-resisted|p2a: Raging Bolt
|-damage|p2a: Raging Bolt|19/100
|
|upkeep
|turn|41
|
|t:|1781205705
|move|p2a: Raging Bolt|Draco Meteor|p1a: Second Stint
|-resisted|p1a: Second Stint
|-damage|p1a: Second Stint|19/100
|move|p1a: Second Stint|Iron Head|p2a: Raging Bolt
|-resisted|p2a: Raging Bolt
|-damage|p2a: Raging Bolt|0 fnt
|faint|p2a: Raging Bolt
|-end|p2a: Raging Bolt|Protosynthesis|[silent]
|
|upkeep
|
|t:|1781205711
|switch|p2a: Hydrapple|Hydrapple, M|75/100
|-damage|p2a: Hydrapple|63/100|[from] Stealth Rock
|turn|42
|
|t:|1781205721
|-terastallize|p2a: Hydrapple|Steel
|move|p1a: Second Stint|Iron Head|p2a: Hydrapple
|-resisted|p2a: Hydrapple
|-damage|p2a: Hydrapple|44/100
|cant|p2a: Hydrapple|flinch
|
|upkeep
|turn|43
|
|t:|1781205724
|move|p1a: Second Stint|Earthquake|p2a: Hydrapple
|-supereffective|p2a: Hydrapple
|-crit|p2a: Hydrapple
|-damage|p2a: Hydrapple|0 fnt
|faint|p2a: Hydrapple
|
|upkeep
|
|t:|1781205731
|switch|p2a: Slowking|Slowking-Galar, F|95/100
|-damage|p2a: Slowking|83/100|[from] Stealth Rock
|turn|44
|
|t:|1781205733
|move|p1a: Second Stint|Earthquake|p2a: Slowking
|-supereffective|p2a: Slowking
|-damage|p2a: Slowking|0 fnt
|faint|p2a: Slowking
|
|win|Mailiam
|raw|Mailiam's rating: 1687 &rarr; <strong>1702</strong><br />(+15 for winning)
|raw|deathprofessor21's rating: 1604 &rarr; <strong>1589</strong><br />(-15 for losing)
|l|☆Mailiam
|player|p1|
|l|☆deathprofessor21
|player|p2|
