|j|☆tauros3
|j|☆LowEL0God
|t:|1781560909
|gametype|singles
|player|p1|tauros3|swimmer-gen4dp|1570
|player|p2|LowEL0God|265|1590
|gen|9
|tier|[Gen 9] OU
|rated|
|rule|HP Percentage Mod: HP is shown in percentages
|rule|Endless Battle Clause: Forcing endless battles is banned
|rule|Species Clause: Limit one of each Pokémon
|rule|OHKO Clause: OHKO moves are banned
|rule|Evasion Items Clause: Evasion items are banned
|rule|Evasion Moves Clause: Evasion moves are banned
|rule|Evasion Abilities Clause: Evasion abilities are banned
|rule|Sleep Moves Clause: Sleep-inducing moves are banned
|clearpoke
|poke|p1|Ninetales-Alola, M|
|poke|p1|Kyurem|
|poke|p1|Moltres-Galar|
|poke|p1|Ursaluna, F|
|poke|p1|Diancie|
|poke|p1|Hatterene, F|
|poke|p2|Pelipper, M|
|poke|p2|Raging Bolt|
|poke|p2|Overqwil, M|
|poke|p2|Barraskewda, M|
|poke|p2|Iron Treads|
|poke|p2|Kingambit, F|
|teampreview
|inactive|Battle timer is ON: inactive players will automatically lose when time's up. (requested by tauros3)
|c|☆LowEL0God|hf
|inactive|LowEL0God also wants the timer to be on.
|
|t:|1781560934
|teamsize|p1|6
|teamsize|p2|6
|start
|switch|p1a: Pink Triangle|Hatterene, F|100/100
|switch|p2a: Barraskewda|Barraskewda, M|100/100
|turn|1
|
|t:|1781560940
|move|p2a: Barraskewda|Liquidation|p1a: Pink Triangle
|-damage|p1a: Pink Triangle|20/100
|-unboost|p1a: Pink Triangle|def|1
|move|p1a: Pink Triangle|Trick Room|p1a: Pink Triangle
|-fieldstart|move: Trick Room|[of] p1a: Pink Triangle
|
|upkeep
|turn|2
|
|t:|1781560950
|switch|p2a: Kingambit|Kingambit, F|100/100
|move|p1a: Pink Triangle|Dazzling Gleam|p2a: Kingambit
|-damage|p2a: Kingambit|51/100
|
|-heal|p2a: Kingambit|57/100|[from] item: Leftovers
|upkeep
|turn|3
|
|t:|1781560954
|move|p1a: Pink Triangle|Dazzling Gleam|p2a: Kingambit
|-damage|p2a: Kingambit|9/100
|move|p2a: Kingambit|Iron Head|p1a: Pink Triangle
|-supereffective|p1a: Pink Triangle
|-damage|p1a: Pink Triangle|0 fnt
|faint|p1a: Pink Triangle
|
|-heal|p2a: Kingambit|15/100|[from] item: Leftovers
|upkeep
|
|t:|1781560965
|switch|p1a: No Other One|Diancie|100/100
|turn|4
|
|t:|1781560967
|move|p2a: Kingambit|Sucker Punch|p1a: No Other One
|-resisted|p1a: No Other One
|-damage|p1a: No Other One|84/100
|move|p1a: No Other One|Moonblast|p2a: Kingambit
|-damage|p2a: Kingambit|0 fnt
|faint|p2a: Kingambit
|-end|p2a: Kingambit|fallenundefined|[silent]
|
|upkeep
|
|t:|1781560968
|switch|p2a: Pelipper|Pelipper, M|100/100
|-weather|RainDance|[from] ability: Drizzle|[of] p2a: Pelipper
|turn|5
|
|t:|1781560977
|move|p1a: No Other One|Meteor Beam||[still]
|-prepare|p1a: No Other One|Meteor Beam
|-boost|p1a: No Other One|spa|1
|-enditem|p1a: No Other One|Power Herb
|-anim|p1a: No Other One|Meteor Beam|p2a: Pelipper|[miss]
|-miss|p1a: No Other One|p2a: Pelipper
|move|p2a: Pelipper|Weather Ball|p1a: No Other One
|-supereffective|p1a: No Other One
|-damage|p1a: No Other One|5/100
|
|-weather|RainDance|[upkeep]
|-fieldend|move: Trick Room
|upkeep
|turn|6
|
|t:|1781560986
|switch|p2a: Iron Treads|Iron Treads|100/100
|-enditem|p2a: Iron Treads|Booster Energy
|-activate|p2a: Iron Treads|ability: Quark Drive|[fromitem]
|-start|p2a: Iron Treads|quarkdrivespe
|move|p1a: No Other One|Trick Room|p1a: No Other One
|-fieldstart|move: Trick Room|[of] p1a: No Other One
|
|-weather|RainDance|[upkeep]
|upkeep
|turn|7
|
|t:|1781560990
|move|p1a: No Other One|Earth Power|p2a: Iron Treads
|-supereffective|p2a: Iron Treads
|-damage|p2a: Iron Treads|0 fnt
|faint|p2a: Iron Treads
|-end|p2a: Iron Treads|Quark Drive|[silent]
|
|-weather|RainDance|[upkeep]
|upkeep
|
|t:|1781560991
|switch|p2a: Pelipper|Pelipper, M|100/100
|turn|8
|
|t:|1781560994
|move|p1a: No Other One|Moonblast|p2a: Pelipper
|-damage|p2a: Pelipper|0 fnt
|faint|p2a: Pelipper
|
|-weather|RainDance|[upkeep]
|upkeep
|
|t:|1781560995
|switch|p2a: Barraskewda|Barraskewda, M|100/100
|turn|9
|
|t:|1781561004
|move|p2a: Barraskewda|Aqua Jet|p1a: No Other One
|-supereffective|p1a: No Other One
|-damage|p1a: No Other One|0 fnt
|faint|p1a: No Other One
|
|-weather|RainDance|[upkeep]
|upkeep
|
|t:|1781561006
|switch|p1a: The Good Life|Ninetales-Alola, M|100/100
|-weather|Snowscape|[from] ability: Snow Warning|[of] p1a: The Good Life
|turn|10
|
|t:|1781561009
|switch|p2a: Overqwil|Overqwil, M|100/100
|move|p1a: The Good Life|Aurora Veil|p1a: The Good Life
|-sidestart|p1: tauros3|move: Aurora Veil
|
|-weather|Snowscape|[upkeep]
|-fieldend|move: Trick Room
|upkeep
|turn|11
|
|t:|1781561015
|switch|p1a: Getchoo|Kyurem|100/100
|-ability|p1a: Getchoo|Pressure
|move|p2a: Overqwil|Swords Dance|p2a: Overqwil
|-boost|p2a: Overqwil|atk|2
|
|-weather|Snowscape|[upkeep]
|upkeep
|turn|12
|
|t:|1781561019
|move|p1a: Getchoo|Dragon Dance|p1a: Getchoo
|-boost|p1a: Getchoo|atk|1
|-boost|p1a: Getchoo|spe|1
|move|p2a: Overqwil|Gunk Shot|p1a: Getchoo
|-damage|p1a: Getchoo|49/100
|-status|p1a: Getchoo|psn
|-damage|p2a: Overqwil|91/100|[from] item: Life Orb
|
|-weather|Snowscape|[upkeep]
|-damage|p1a: Getchoo|37/100 psn|[from] psn
|upkeep
|turn|13
|
|t:|1781561023
|move|p1a: Getchoo|Icicle Spear|p2a: Overqwil
|-damage|p2a: Overqwil|66/100
|-damage|p2a: Overqwil|41/100
|-hitcount|p2a: Overqwil|2
|move|p2a: Overqwil|Crunch|p1a: Getchoo
|-damage|p1a: Getchoo|2/100 psn
|-damage|p2a: Overqwil|31/100|[from] item: Life Orb
|
|-weather|Snowscape|[upkeep]
|-damage|p1a: Getchoo|0 fnt|[from] psn
|faint|p1a: Getchoo
|upkeep
|
|t:|1781561035
|switch|p1a: El Scorcho|Ursaluna, F|100/100
|turn|14
|
|t:|1781561040
|move|p2a: Overqwil|Liquidation|p1a: El Scorcho
|-supereffective|p1a: El Scorcho
|-damage|p1a: El Scorcho|50/100
|-damage|p2a: Overqwil|22/100|[from] item: Life Orb
|move|p1a: El Scorcho|Facade|p2a: Overqwil
|-damage|p2a: Overqwil|0 fnt
|faint|p2a: Overqwil
|
|-weather|none
|-status|p1a: El Scorcho|brn|[from] item: Flame Orb
|upkeep
|
|t:|1781561043
|switch|p2a: Barraskewda|Barraskewda, M|100/100
|turn|15
|
|t:|1781561048
|switch|p1a: The Good Life|Ninetales-Alola, M|100/100
|-weather|Snowscape|[from] ability: Snow Warning|[of] p1a: The Good Life
|move|p2a: Barraskewda|Close Combat|p1a: The Good Life
|-damage|p1a: The Good Life|73/100
|-unboost|p2a: Barraskewda|def|1
|-unboost|p2a: Barraskewda|spd|1
|
|-weather|Snowscape|[upkeep]
|upkeep
|turn|16
|
|t:|1781561050
|switch|p2a: Raging Bolt|Raging Bolt|100/100
|-enditem|p2a: Raging Bolt|Booster Energy
|-activate|p2a: Raging Bolt|ability: Protosynthesis|[fromitem]
|-start|p2a: Raging Bolt|protosynthesisspa
|move|p1a: The Good Life|Freeze-Dry|p2a: Raging Bolt
|-supereffective|p2a: Raging Bolt
|-damage|p2a: Raging Bolt|66/100
|
|-weather|Snowscape|[upkeep]
|upkeep
|turn|17
|
|t:|1781561054
|move|p1a: The Good Life|Freeze-Dry|p2a: Raging Bolt
|-supereffective|p2a: Raging Bolt
|-damage|p2a: Raging Bolt|32/100
|move|p2a: Raging Bolt|Thunder|p1a: The Good Life
|-damage|p1a: The Good Life|32/100
|
|-weather|Snowscape|[upkeep]
|-sideend|p1: tauros3|move: Aurora Veil
|upkeep
|turn|18
|
|t:|1781561057
|-end|p2a: Raging Bolt|Protosynthesis|[silent]
|switch|p2a: Barraskewda|Barraskewda, M|100/100
|move|p1a: The Good Life|Aurora Veil|p1a: The Good Life
|-sidestart|p1: tauros3|move: Aurora Veil
|
|-weather|Snowscape|[upkeep]
|upkeep
|turn|19
|
|t:|1781561059
|move|p2a: Barraskewda|Liquidation|p1a: The Good Life
|-damage|p1a: The Good Life|2/100
|-unboost|p1a: The Good Life|def|1
|move|p1a: The Good Life|Freeze-Dry|p2a: Barraskewda
|-supereffective|p2a: Barraskewda
|-damage|p2a: Barraskewda|14/100
|
|-weather|none
|upkeep
|turn|20
|
|t:|1781561063
|move|p2a: Barraskewda|Liquidation|p1a: The Good Life
|-damage|p1a: The Good Life|0 fnt
|faint|p1a: The Good Life
|
|upkeep
|
|t:|1781561065
|switch|p1a: Butterfly|Moltres-Galar|100/100
|turn|21
|
|t:|1781561069
|move|p2a: Barraskewda|Liquidation|p1a: Butterfly
|-damage|p1a: Butterfly|61/100
|move|p1a: Butterfly|Fiery Wrath|p2a: Barraskewda
|-damage|p2a: Barraskewda|0 fnt
|faint|p2a: Barraskewda
|
|upkeep
|
|t:|1781561071
|switch|p2a: Raging Bolt|Raging Bolt|32/100
|turn|22
|
|t:|1781561074
|-terastallize|p1a: Butterfly|Ghost
|-terastallize|p2a: Raging Bolt|Fairy
|move|p1a: Butterfly|Fiery Wrath|p2a: Raging Bolt
|-resisted|p2a: Raging Bolt
|-damage|p2a: Raging Bolt|13/100
|move|p2a: Raging Bolt|Thunder|p1a: Butterfly|[miss]
|-miss|p2a: Raging Bolt|p1a: Butterfly
|
|upkeep
|turn|23
|
|t:|1781561077
|move|p2a: Raging Bolt|Thunderclap|p1a: Butterfly
|-damage|p1a: Butterfly|42/100
|-ability|p1a: Butterfly|Berserk|boost
|-boost|p1a: Butterfly|spa|1
|-enditem|p1a: Butterfly|Sitrus Berry|[eat]
|-heal|p1a: Butterfly|67/100|[from] item: Sitrus Berry
|move|p1a: Butterfly|Air Slash|p2a: Raging Bolt
|-damage|p2a: Raging Bolt|0 fnt
|faint|p2a: Raging Bolt
|-end|p2a: Raging Bolt|Protosynthesis|[silent]
|
|win|tauros3
|raw|tauros3's rating: 1570 &rarr; <strong>1591</strong><br />(+21 for winning)
|raw|LowEL0God's rating: 1590 &rarr; <strong>1569</strong><br />(-21 for losing)
|l|☆tauros3
|player|p1|
|c|☆LowEL0God|gg
|l|☆LowEL0God
|player|p2|
