|j|☆Kloakri#2
|j|☆Yellowishnesses
|t:|1781245821
|gametype|singles
|player|p1|Kloakri#2|101|1515
|player|p2|Yellowishnesses|evelyn|1537
|gen|9
|tier|[Gen 9] OU
|rated|
|rule|HP Percentage Mod: HP is shown in percentages
|rule|Endless Battle Clause: Forcing endless battles is banned
|rule|Species Clause: Limit one of each Pokémon
|rule|OHKO Clause: OHKO moves are banned
|rule|Evasion Items Clause: Evasion items are banned
|rule|Evasion Moves Clause: Evasion moves are banned
|rule|Evasion Abilities Clause: Evasion abilities are banned
|rule|Sleep Moves Clause: Sleep-inducing moves are banned
|clearpoke
|poke|p1|Indeedee, M|
|poke|p1|Hatterene, F|
|poke|p1|Ursaluna, F|
|poke|p1|Iron Hands|
|poke|p1|Hoopa-Unbound|
|poke|p1|Mimikyu, F|
|poke|p2|Blissey, F|
|poke|p2|Ogerpon-Wellspring, F|
|poke|p2|Alomomola, F|
|poke|p2|Lokix, F|
|poke|p2|Weezing-Galar, M|
|poke|p2|Cinderace, F|
|teampreview
|inactive|Battle timer is ON: inactive players will automatically lose when time's up. (requested by Kloakri#2)
|j| euphoricpoptarts
|
|t:|1781245838
|teamsize|p1|6
|teamsize|p2|6
|start
|switch|p1a: Subaru|Indeedee, M, shiny|100/100
|switch|p2a: Alomomola|Alomomola, F|100/100
|-fieldstart|move: Psychic Terrain|[from] ability: Psychic Surge|[of] p1a: Subaru
|turn|1
|
|t:|1781245842
|move|p1a: Subaru|Expanding Force|p2a: Alomomola
|-damage|p2a: Alomomola|30/100
|move|p2a: Alomomola|Flip Turn|p1a: Subaru
|-damage|p1a: Subaru|83/100
|
|t:|1781245845
|switch|p2a: Lokix|Lokix, F|100/100|[from] Flip Turn
|
|upkeep
|turn|2
|
|t:|1781245853
|switch|p1a: LEBRON|Iron Hands, shiny|100/100
|-enditem|p1a: LEBRON|Booster Energy
|-activate|p1a: LEBRON|ability: Quark Drive|[fromitem]
|-start|p1a: LEBRON|quarkdriveatk
|move|p2a: Lokix|U-turn|p1a: LEBRON
|-resisted|p1a: LEBRON
|-damage|p1a: LEBRON|66/100
|
|t:|1781245865
|switch|p2a: Weezing|Weezing-Galar, M|100/100|[from] U-turn
|-ability|p2a: Weezing|Neutralizing Gas
|
|upkeep
|turn|3
|
|t:|1781245867
|move|p2a: Weezing|Strange Steam|p1a: LEBRON
|-supereffective|p1a: LEBRON
|-damage|p1a: LEBRON|23/100
|move|p1a: LEBRON|Heavy Slam|p2a: Weezing
|-supereffective|p2a: Weezing
|-damage|p2a: Weezing|30/100
|
|-heal|p2a: Weezing|36/100|[from] item: Leftovers
|upkeep
|turn|4
|
|t:|1781245872
|move|p2a: Weezing|Strange Steam|p1a: LEBRON
|-supereffective|p1a: LEBRON
|-damage|p1a: LEBRON|0 fnt
|faint|p1a: LEBRON
|-end|p1a: LEBRON|Quark Drive|[silent]
|
|-heal|p2a: Weezing|42/100|[from] item: Leftovers
|upkeep
|
|t:|1781245879
|switch|p1a: Satella|Hatterene, F, shiny|100/100
|turn|5
|
|t:|1781245884
|move|p2a: Weezing|Will-O-Wisp|p1a: Satella
|-status|p1a: Satella|brn
|move|p1a: Satella|Expanding Force|p2a: Weezing
|-supereffective|p2a: Weezing
|-damage|p2a: Weezing|0 fnt
|faint|p2a: Weezing
|-end|p2a: Weezing|ability: Neutralizing Gas
|-damage|p1a: Satella|91/100 brn|[from] item: Life Orb
|
|-damage|p1a: Satella|85/100 brn|[from] brn
|upkeep
|
|t:|1781245891
|switch|p2a: Lokix|Lokix, F|100/100
|turn|6
|inactive|Kloakri#2 has 120 seconds left.
|
|t:|1781245928
|move|p2a: Lokix|U-turn|p1a: Satella
|-damage|p1a: Satella|27/100 brn
|
|t:|1781245930
|switch|p2a: Blissey|Blissey, F|100/100|[from] U-turn
|move|p1a: Satella|Draining Kiss|p2a: Blissey
|-damage|p2a: Blissey|88/100
|-heal|p1a: Satella|46/100 brn|[from] drain|[of] p2a: Blissey
|-damage|p1a: Satella|36/100 brn|[from] item: Life Orb
|
|-damage|p1a: Satella|30/100 brn|[from] brn
|upkeep
|turn|7
|
|t:|1781245939
|switch|p1a: Crashout YN|Ursaluna, F, shiny|100/100
|move|p2a: Blissey|Seismic Toss|p1a: Crashout YN
|-damage|p1a: Crashout YN|79/100
|
|-status|p1a: Crashout YN|brn|[from] item: Flame Orb
|upkeep
|turn|8
|
|t:|1781245945
|switch|p2a: Alomomola|Alomomola, F|63/100
|-terastallize|p1a: Crashout YN|Normal
|move|p1a: Crashout YN|Facade|p2a: Alomomola
|-damage|p2a: Alomomola|0 fnt
|-damage|p1a: Crashout YN|62/100 brn|[from] item: Rocky Helmet|[of] p2a: Alomomola
|faint|p2a: Alomomola
|
|-damage|p1a: Crashout YN|56/100 brn|[from] brn
|-fieldend|move: Psychic Terrain
|upkeep
|
|t:|1781245952
|switch|p2a: Cinderace|Cinderace, F|100/100
|turn|9
|
|t:|1781245963
|switch|p1a: Mimi|Mimikyu, F, shiny|100/100
|move|p2a: Cinderace|Pyro Ball|p1a: Mimi
|-activate|p1a: Mimi|ability: Disguise
|-damage|p1a: Mimi|100/100
|detailschange|p1a: Mimi|Mimikyu-Busted, F, shiny
|-damage|p1a: Mimi|88/100|[from] pokemon: Mimikyu-Busted
|-enditem|p1a: Mimi|Red Card|[of] p2a: Cinderace
|drag|p2a: Lokix|Lokix, F|100/100
|
|upkeep
|turn|10
|
|t:|1781245976
|move|p2a: Lokix|U-turn|p1a: Mimi
|-resisted|p1a: Mimi
|-damage|p1a: Mimi|67/100
|
|t:|1781245988
|switch|p2a: Cinderace|Cinderace, F|100/100|[from] U-turn
|move|p1a: Mimi|Trick Room|p1a: Mimi
|-fieldstart|move: Trick Room|[of] p1a: Mimi
|
|upkeep
|turn|11
|
|t:|1781245994
|move|p1a: Mimi|Curse|p2a: Cinderace
|-start|p2a: Cinderace|Curse|[of] p1a: Mimi
|-damage|p1a: Mimi|17/100
|move|p2a: Cinderace|U-turn|p1a: Mimi
|-start|p2a: Cinderace|typechange|Bug|[from] ability: Libero
|-resisted|p1a: Mimi
|-damage|p1a: Mimi|9/100
|
|t:|1781246003
|switch|p2a: Lokix|Lokix, F|100/100|[from] U-turn
|
|upkeep
|turn|12
|
|t:|1781246023
|move|p2a: Lokix|First Impression|p1a: Mimi
|-resisted|p1a: Mimi
|-damage|p1a: Mimi|0 fnt
|faint|p1a: Mimi
|
|upkeep
|
|t:|1781246027
|switch|p1a: Crashout YN|Ursaluna, F, shiny, tera:Normal|56/100 brn
|turn|13
|
|t:|1781246042
|switch|p2a: Blissey|Blissey, F|88/100
|move|p1a: Crashout YN|Facade|p2a: Blissey
|-damage|p2a: Blissey|0 fnt
|faint|p2a: Blissey
|
|-damage|p1a: Crashout YN|50/100 brn|[from] brn
|upkeep
|
|t:|1781246051
|switch|p2a: Lokix|Lokix, F|100/100
|turn|14
|
|t:|1781246059
|switch|p1a: Subaru|Indeedee, M, shiny|83/100
|-fieldstart|move: Psychic Terrain|[from] ability: Psychic Surge|[of] p1a: Subaru
|-terastallize|p2a: Lokix|Bug
|move|p2a: Lokix|First Impression|p1a: Subaru
|-activate|p1a: Subaru|move: Psychic Terrain
|
|-fieldend|move: Trick Room
|upkeep
|turn|15
|
|t:|1781246069
|switch|p2a: Ogerpon|Ogerpon-Wellspring, F|100/100
|move|p1a: Subaru|Trick Room|p1a: Subaru
|-fieldstart|move: Trick Room|[of] p1a: Subaru
|
|upkeep
|turn|16
|
|t:|1781246072
|move|p1a: Subaru|Expanding Force|p2a: Ogerpon
|-damage|p2a: Ogerpon|40/100
|move|p2a: Ogerpon|Encore|p1a: Subaru
|-start|p1a: Subaru|Encore
|
|upkeep
|turn|17
|
|t:|1781246075
|switch|p2a: Lokix|Lokix, F, tera:Bug|100/100
|move|p1a: Subaru|Expanding Force|p2a: Lokix
|-damage|p2a: Lokix|0 fnt
|faint|p2a: Lokix
|
|upkeep
|
|t:|1781246078
|switch|p2a: Cinderace|Cinderace, F|100/100
|turn|18
|
|t:|1781246091
|move|p1a: Subaru|Expanding Force|p2a: Cinderace
|-damage|p2a: Cinderace|21/100
|move|p2a: Cinderace|Court Change||[still]
|-start|p2a: Cinderace|typechange|Normal|[from] ability: Libero
|-fail|p2a: Cinderace
|
|upkeep
|turn|19
|
|t:|1781246097
|move|p1a: Subaru|Expanding Force|p2a: Cinderace
|-damage|p2a: Cinderace|0 fnt
|faint|p2a: Cinderace
|
|-end|p1a: Subaru|Encore
|-fieldend|move: Trick Room
|upkeep
|
|t:|1781246099
|switch|p2a: Ogerpon|Ogerpon-Wellspring, F|40/100
|turn|20
|
|t:|1781246103
|move|p2a: Ogerpon|Knock Off|p1a: Subaru
|-supereffective|p1a: Subaru
|-damage|p1a: Subaru|0 fnt
|-enditem|p1a: Subaru|Terrain Extender|[from] move: Knock Off|[of] p2a: Ogerpon
|faint|p1a: Subaru
|
|upkeep
|
|t:|1781246110
|switch|p1a: King Von|Hoopa-Unbound|100/100
|-enditem|p1a: King Von|Psychic Seed
|-boost|p1a: King Von|spd|1|[from] item: Psychic Seed
|turn|21
|
|t:|1781246115
|move|p2a: Ogerpon|Ivy Cudgel|p1a: King Von|[anim] Ivy Cudgel Water
|-damage|p1a: King Von|25/100
|move|p1a: King Von|Trick Room|p1a: King Von
|-fieldstart|move: Trick Room|[of] p1a: King Von
|
|-fieldend|move: Psychic Terrain
|upkeep
|turn|22
|
|t:|1781246120
|move|p1a: King Von|Hyperspace Fury|p2a: Ogerpon
|-damage|p2a: Ogerpon|0 fnt
|-unboost|p1a: King Von|def|1
|faint|p2a: Ogerpon
|
|win|Kloakri#2
|raw|Kloakri#2's rating: 1515 &rarr; <strong>1536</strong><br />(+21 for winning)
|raw|Yellowishnesses's rating: 1537 &rarr; <strong>1516</strong><br />(-21 for losing)
|l|☆Kloakri#2
|player|p1|
|l|☆Yellowishnesses
|player|p2|
|l| euphoricpoptarts
