|j|☆2001civic
|j|☆runningdan
|t:|1781325853
|gametype|singles
|player|p1|2001civic|1|1634
|player|p2|runningdan|266|1676
|gen|9
|tier|[Gen 9] OU
|rated|
|rule|HP Percentage Mod: HP is shown in percentages
|rule|Endless Battle Clause: Forcing endless battles is banned
|rule|Species Clause: Limit one of each Pokémon
|rule|OHKO Clause: OHKO moves are banned
|rule|Evasion Items Clause: Evasion items are banned
|rule|Evasion Moves Clause: Evasion moves are banned
|rule|Evasion Abilities Clause: Evasion abilities are banned
|rule|Sleep Moves Clause: Sleep-inducing moves are banned
|clearpoke
|poke|p1|Torkoal, M|
|poke|p1|Great Tusk|
|poke|p1|Walking Wake|
|poke|p1|Kingambit, F|
|poke|p1|Slither Wing|
|poke|p1|Venusaur, F|
|poke|p2|Great Tusk|
|poke|p2|Ninetales-Alola, F|
|poke|p2|Darkrai|
|poke|p2|Slowking-Galar, M|
|poke|p2|Dragapult, F|
|poke|p2|Gliscor, F|
|teampreview
|inactive|Battle timer is ON: inactive players will automatically lose when time's up. (requested by runningdan)
|inactive|2001civic has 120 seconds left.
|j| dalty dalty dalty
|
|t:|1781325902
|teamsize|p1|6
|teamsize|p2|6
|start
|switch|p1a: Slither Wing|Slither Wing|100/100
|switch|p2a: Dragapult|Dragapult, F|100/100
|turn|1
|
|t:|1781325913
|move|p2a: Dragapult|U-turn|p1a: Slither Wing
|-resisted|p1a: Slither Wing
|-damage|p1a: Slither Wing|89/100
|
|t:|1781325918
|switch|p2a: Great Tusk|Great Tusk|100/100|[from] U-turn
|move|p1a: Slither Wing|U-turn|p2a: Great Tusk
|-resisted|p2a: Great Tusk
|-damage|p2a: Great Tusk|86/100
|
|t:|1781325926
|-end|p1a: Slither Wing|Protosynthesis|[silent]
|switch|p1a: Walking Wake|Walking Wake|100/100|[from] U-turn
|
|-heal|p2a: Great Tusk|92/100|[from] item: Leftovers
|upkeep
|turn|2
|
|t:|1781325936
|-end|p2a: Great Tusk|Protosynthesis|[silent]
|switch|p2a: Slowking|Slowking-Galar, M|100/100
|move|p1a: Walking Wake|Draco Meteor|p2a: Slowking
|-damage|p2a: Slowking|38/100
|-unboost|p1a: Walking Wake|spa|2
|
|-heal|p2a: Slowking|44/100|[from] item: Leftovers
|upkeep
|turn|3
|
|t:|1781325945
|switch|p2a: Ninetales|Ninetales-Alola, F|100/100
|-weather|Snowscape|[from] ability: Snow Warning|[of] p2a: Ninetales
|move|p1a: Walking Wake|Draco Meteor|p2a: Ninetales
|-immune|p2a: Ninetales
|
|-weather|Snowscape|[upkeep]
|upkeep
|turn|4
|
|t:|1781325953
|-end|p1a: Walking Wake|Protosynthesis|[silent]
|switch|p1a: Slither Wing|Slither Wing|89/100
|switch|p2a: Dragapult|Dragapult, F|100/100
|
|-weather|Snowscape|[upkeep]
|upkeep
|turn|5
|
|t:|1781325957
|move|p2a: Dragapult|U-turn|p1a: Slither Wing
|-resisted|p1a: Slither Wing
|-damage|p1a: Slither Wing|77/100
|
|t:|1781325960
|switch|p2a: Great Tusk|Great Tusk|92/100|[from] U-turn
|move|p1a: Slither Wing|U-turn|p2a: Great Tusk
|-resisted|p2a: Great Tusk
|-damage|p2a: Great Tusk|78/100
|
|t:|1781325969
|-end|p1a: Slither Wing|Protosynthesis|[silent]
|switch|p1a: Walking Wake|Walking Wake|100/100|[from] U-turn
|
|-weather|Snowscape|[upkeep]
|-heal|p2a: Great Tusk|84/100|[from] item: Leftovers
|upkeep
|turn|6
|
|t:|1781325976
|-end|p2a: Great Tusk|Protosynthesis|[silent]
|switch|p2a: Slowking|Slowking-Galar, M|77/100
|move|p1a: Walking Wake|Draco Meteor|p2a: Slowking
|-damage|p2a: Slowking|19/100
|-unboost|p1a: Walking Wake|spa|2
|
|-weather|Snowscape|[upkeep]
|-heal|p2a: Slowking|25/100|[from] item: Leftovers
|upkeep
|turn|7
|
|t:|1781325985
|-end|p1a: Walking Wake|Protosynthesis|[silent]
|switch|p1a: Kingambit|Kingambit, F|100/100
|switch|p2a: Ninetales|Ninetales-Alola, F|100/100
|
|-weather|none
|upkeep
|turn|8
|
|t:|1781325996
|switch|p2a: Great Tusk|Great Tusk|84/100
|move|p1a: Kingambit|Swords Dance|p1a: Kingambit
|-boost|p1a: Kingambit|atk|2
|
|-heal|p2a: Great Tusk|90/100|[from] item: Leftovers
|upkeep
|turn|9
|
|t:|1781326003
|-terastallize|p1a: Kingambit|Ghost
|move|p2a: Great Tusk|Earthquake|p1a: Kingambit
|-damage|p1a: Kingambit|66/100
|move|p1a: Kingambit|Iron Head|p2a: Great Tusk
|-damage|p2a: Great Tusk|40/100
|
|-heal|p2a: Great Tusk|47/100|[from] item: Leftovers
|-heal|p1a: Kingambit|72/100|[from] item: Leftovers
|upkeep
|turn|10
|
|t:|1781326010
|move|p2a: Great Tusk|Bulk Up|p2a: Great Tusk
|-boost|p2a: Great Tusk|atk|1
|-boost|p2a: Great Tusk|def|1
|move|p1a: Kingambit|Iron Head|p2a: Great Tusk
|-damage|p2a: Great Tusk|14/100
|
|-heal|p2a: Great Tusk|20/100|[from] item: Leftovers
|-heal|p1a: Kingambit|79/100|[from] item: Leftovers
|upkeep
|turn|11
|
|t:|1781326020
|move|p2a: Great Tusk|Earthquake|p1a: Kingambit
|-damage|p1a: Kingambit|29/100
|move|p1a: Kingambit|Iron Head|p2a: Great Tusk
|-damage|p2a: Great Tusk|0 fnt
|faint|p2a: Great Tusk
|-end|p2a: Great Tusk|Protosynthesis|[silent]
|
|-heal|p1a: Kingambit|35/100|[from] item: Leftovers
|upkeep
|
|t:|1781326030
|switch|p2a: Darkrai|Darkrai|100/100
|turn|12
|
|t:|1781326033
|-end|p1a: Kingambit|fallenundefined|[silent]
|switch|p1a: Slither Wing|Slither Wing|77/100
|move|p2a: Darkrai|Dark Pulse|p1a: Slither Wing
|-resisted|p1a: Slither Wing
|-damage|p1a: Slither Wing|55/100
|
|upkeep
|turn|13
|
|t:|1781326039
|switch|p2a: Gliscor|Gliscor, F|100/100
|move|p1a: Slither Wing|U-turn|p2a: Gliscor
|-resisted|p2a: Gliscor
|-damage|p2a: Gliscor|82/100
|
|t:|1781326047
|-end|p1a: Slither Wing|Protosynthesis|[silent]
|switch|p1a: Walking Wake|Walking Wake|100/100|[from] U-turn
|
|-status|p2a: Gliscor|tox|[from] item: Toxic Orb
|upkeep
|turn|14
|
|t:|1781326059
|switch|p2a: Ninetales|Ninetales-Alola, F|100/100
|-weather|Snowscape|[from] ability: Snow Warning|[of] p2a: Ninetales
|move|p1a: Walking Wake|Hydro Steam|p2a: Ninetales
|-damage|p2a: Ninetales|39/100
|
|-weather|Snowscape|[upkeep]
|upkeep
|turn|15
|
|t:|1781326067
|switch|p2a: Slowking|Slowking-Galar, M|59/100
|-end|p1a: Walking Wake|Protosynthesis|[silent]
|switch|p1a: Torkoal|Torkoal, M|100/100
|-weather|SunnyDay|[from] ability: Drought|[of] p1a: Torkoal
|
|-weather|SunnyDay|[upkeep]
|-heal|p2a: Slowking|65/100|[from] item: Leftovers
|upkeep
|turn|16
|
|t:|1781326076
|-prepare|p2a: Slowking|Chilly Reception|[premajor]
|move|p2a: Slowking|Chilly Reception|p2a: Slowking
|-weather|Snowscape
|
|t:|1781326081
|switch|p2a: Gliscor|Gliscor, F|82/100 tox|[from] Chilly Reception
|move|p1a: Torkoal|Stealth Rock|p2a: Gliscor
|-sidestart|p2: runningdan|move: Stealth Rock
|
|-weather|Snowscape|[upkeep]
|-heal|p2a: Gliscor|94/100 tox|[from] ability: Poison Heal
|upkeep
|turn|17
|
|t:|1781326107
|switch|p1a: Venusaur|Venusaur, F|100/100
|move|p2a: Gliscor|Toxic|p1a: Venusaur
|-immune|p1a: Venusaur
|
|-weather|Snowscape|[upkeep]
|-heal|p2a: Gliscor|100/100 tox|[from] ability: Poison Heal
|upkeep
|turn|18
|
|t:|1781326114
|switch|p2a: Slowking|Slowking-Galar, M|98/100
|-damage|p2a: Slowking|85/100|[from] Stealth Rock
|move|p1a: Venusaur|Weather Ball|p2a: Slowking
|-damage|p2a: Slowking|60/100
|-damage|p1a: Venusaur|91/100|[from] item: Life Orb
|
|-weather|Snowscape|[upkeep]
|-heal|p2a: Slowking|66/100|[from] item: Leftovers
|upkeep
|turn|19
|
|t:|1781326120
|switch|p1a: Kingambit|Kingambit, F, tera:Ghost|35/100
|move|p2a: Slowking|Future Sight|p1a: Kingambit
|-start|p2a: Slowking|move: Future Sight
|
|-weather|Snowscape|[upkeep]
|-heal|p1a: Kingambit|41/100|[from] item: Leftovers
|-heal|p2a: Slowking|72/100|[from] item: Leftovers
|upkeep
|turn|20
|
|t:|1781326129
|switch|p2a: Darkrai|Darkrai|100/100
|-damage|p2a: Darkrai|88/100|[from] Stealth Rock
|move|p1a: Kingambit|Kowtow Cleave|p2a: Darkrai
|-resisted|p2a: Darkrai
|-damage|p2a: Darkrai|57/100
|
|-weather|none
|-heal|p2a: Darkrai|63/100|[from] item: Leftovers
|-heal|p1a: Kingambit|47/100|[from] item: Leftovers
|upkeep
|turn|21
|l| dalty dalty dalty
|
|t:|1781326141
|move|p1a: Kingambit|Sucker Punch||[still]
|-fail|p1a: Kingambit
|move|p2a: Darkrai|Nasty Plot|p2a: Darkrai
|-boost|p2a: Darkrai|spa|2
|
|-end|p1a: Kingambit|move: Future Sight
|-damage|p1a: Kingambit|3/100
|-heal|p2a: Darkrai|69/100|[from] item: Leftovers
|-heal|p1a: Kingambit|9/100|[from] item: Leftovers
|upkeep
|turn|22
|
|t:|1781326156
|move|p1a: Kingambit|Sucker Punch||[still]
|-fail|p1a: Kingambit
|move|p2a: Darkrai|Nasty Plot|p2a: Darkrai
|-boost|p2a: Darkrai|spa|2
|
|-heal|p2a: Darkrai|75/100|[from] item: Leftovers
|-heal|p1a: Kingambit|15/100|[from] item: Leftovers
|upkeep
|turn|23
|
|t:|1781326161
|move|p1a: Kingambit|Sucker Punch|p2a: Darkrai
|-resisted|p2a: Darkrai
|-damage|p2a: Darkrai|49/100
|move|p2a: Darkrai|Dark Pulse|p1a: Kingambit
|-supereffective|p1a: Kingambit
|-damage|p1a: Kingambit|0 fnt
|faint|p1a: Kingambit
|-end|p1a: Kingambit|fallenundefined|[silent]
|
|-heal|p2a: Darkrai|55/100|[from] item: Leftovers
|upkeep
|
|t:|1781326164
|switch|p1a: Slither Wing|Slither Wing|55/100
|turn|24
|
|t:|1781326172
|-end|p1a: Slither Wing|Protosynthesis|[silent]
|switch|p1a: Torkoal|Torkoal, M|100/100
|-weather|SunnyDay|[from] ability: Drought|[of] p1a: Torkoal
|move|p2a: Darkrai|Psyshock|p1a: Torkoal
|-damage|p1a: Torkoal|52/100
|
|-weather|SunnyDay|[upkeep]
|-heal|p2a: Darkrai|61/100|[from] item: Leftovers
|upkeep
|turn|25
|
|t:|1781326180
|switch|p1a: Great Tusk|Great Tusk|100/100
|-activate|p1a: Great Tusk|ability: Protosynthesis
|-start|p1a: Great Tusk|protosynthesisspe
|move|p2a: Darkrai|Dark Pulse|p1a: Great Tusk
|-resisted|p1a: Great Tusk
|-damage|p1a: Great Tusk|22/100
|
|-weather|SunnyDay|[upkeep]
|-heal|p1a: Great Tusk|28/100|[from] item: Leftovers
|-heal|p2a: Darkrai|67/100|[from] item: Leftovers
|upkeep
|turn|26
|
|t:|1781326199
|switch|p2a: Ninetales|Ninetales-Alola, F|39/100
|-damage|p2a: Ninetales|14/100|[from] Stealth Rock
|-weather|Snowscape|[from] ability: Snow Warning|[of] p2a: Ninetales
|-end|p1a: Great Tusk|Protosynthesis
|move|p1a: Great Tusk|Ice Spinner|p2a: Ninetales
|-resisted|p2a: Ninetales
|-damage|p2a: Ninetales|5/100
|
|-weather|Snowscape|[upkeep]
|-heal|p1a: Great Tusk|35/100|[from] item: Leftovers
|upkeep
|turn|27
|
|t:|1781326213
|switch|p2a: Gliscor|Gliscor, F|100/100 tox
|-damage|p2a: Gliscor|88/100 tox|[from] Stealth Rock
|-end|p1a: Great Tusk|Protosynthesis|[silent]
|switch|p1a: Torkoal|Torkoal, M|52/100
|-weather|SunnyDay|[from] ability: Drought|[of] p1a: Torkoal
|
|-weather|SunnyDay|[upkeep]
|-heal|p2a: Gliscor|100/100 tox|[from] ability: Poison Heal
|upkeep
|turn|28
|
|t:|1781326226
|switch|p1a: Venusaur|Venusaur, F|91/100
|move|p2a: Gliscor|Toxic|p1a: Venusaur
|-immune|p1a: Venusaur
|
|-weather|SunnyDay|[upkeep]
|upkeep
|turn|29
|
|t:|1781326237
|move|p1a: Venusaur|Growth|p1a: Venusaur
|-boost|p1a: Venusaur|atk|2
|-boost|p1a: Venusaur|spa|2
|move|p2a: Gliscor|Knock Off|p1a: Venusaur
|-damage|p1a: Venusaur|61/100
|-enditem|p1a: Venusaur|Life Orb|[from] move: Knock Off|[of] p2a: Gliscor
|
|-weather|SunnyDay|[upkeep]
|upkeep
|turn|30
|
|t:|1781326252
|switch|p2a: Ninetales|Ninetales-Alola, F|5/100
|-damage|p2a: Ninetales|0 fnt|[from] Stealth Rock
|faint|p2a: Ninetales
|move|p1a: Venusaur|Weather Ball|p2: Ninetales|[notarget]
|-fail|p1a: Venusaur
|
|-weather|SunnyDay|[upkeep]
|upkeep
|
|t:|1781326254
|switch|p2a: Slowking|Slowking-Galar, M|100/100
|-damage|p2a: Slowking|88/100|[from] Stealth Rock
|turn|31
|
|t:|1781326261
|move|p1a: Venusaur|Weather Ball|p2a: Slowking
|-damage|p2a: Slowking|28/100
|-prepare|p2a: Slowking|Chilly Reception|[premajor]
|move|p2a: Slowking|Chilly Reception|p2a: Slowking
|-weather|Snowscape
|
|t:|1781326276
|switch|p2a: Darkrai|Darkrai|67/100|[from] Chilly Reception
|-damage|p2a: Darkrai|55/100|[from] Stealth Rock
|
|-weather|Snowscape|[upkeep]
|-heal|p2a: Darkrai|61/100|[from] item: Leftovers
|upkeep
|turn|32
|
|t:|1781326281
|switch|p1a: Torkoal|Torkoal, M|52/100
|-weather|SunnyDay|[from] ability: Drought|[of] p1a: Torkoal
|move|p2a: Darkrai|Psyshock|p1a: Torkoal
|-damage|p1a: Torkoal|36/100
|
|-weather|SunnyDay|[upkeep]
|-heal|p2a: Darkrai|67/100|[from] item: Leftovers
|upkeep
|turn|33
|
|t:|1781326289
|switch|p1a: Great Tusk|Great Tusk|35/100
|-activate|p1a: Great Tusk|ability: Protosynthesis
|-start|p1a: Great Tusk|protosynthesisspe
|move|p2a: Darkrai|Psyshock|p1a: Great Tusk
|-supereffective|p1a: Great Tusk
|-damage|p1a: Great Tusk|0 fnt
|faint|p1a: Great Tusk
|-end|p1a: Great Tusk|Protosynthesis|[silent]
|
|-weather|SunnyDay|[upkeep]
|-heal|p2a: Darkrai|73/100|[from] item: Leftovers
|upkeep
|
|t:|1781326298
|switch|p1a: Walking Wake|Walking Wake|100/100
|-activate|p1a: Walking Wake|ability: Protosynthesis
|-start|p1a: Walking Wake|protosynthesisspe
|turn|34
|
|t:|1781326306
|move|p1a: Walking Wake|Dragon Pulse|p2a: Darkrai
|-damage|p2a: Darkrai|0 fnt
|faint|p2a: Darkrai
|
|-weather|SunnyDay|[upkeep]
|upkeep
|
|t:|1781326310
|switch|p2a: Slowking|Slowking-Galar, M|62/100
|-damage|p2a: Slowking|49/100|[from] Stealth Rock
|turn|35
|
|t:|1781326318
|move|p1a: Walking Wake|Dragon Pulse|p2a: Slowking
|-damage|p2a: Slowking|6/100
|-prepare|p2a: Slowking|Chilly Reception|[premajor]
|move|p2a: Slowking|Chilly Reception|p2a: Slowking
|-weather|Snowscape
|-end|p1a: Walking Wake|Protosynthesis
|
|t:|1781326334
|switch|p2a: Gliscor|Gliscor, F|100/100 tox|[from] Chilly Reception
|-damage|p2a: Gliscor|88/100 tox|[from] Stealth Rock
|
|-weather|Snowscape|[upkeep]
|-heal|p2a: Gliscor|100/100 tox|[from] ability: Poison Heal
|upkeep
|turn|36
|
|t:|1781326338
|move|p1a: Walking Wake|Dragon Pulse|p2a: Gliscor
|-damage|p2a: Gliscor|21/100 tox
|move|p2a: Gliscor|Stealth Rock|p1a: Walking Wake
|-sidestart|p1: 2001civic|move: Stealth Rock
|
|-weather|Snowscape|[upkeep]
|-heal|p2a: Gliscor|34/100 tox|[from] ability: Poison Heal
|upkeep
|turn|37
|
|t:|1781326353
|move|p1a: Walking Wake|Dragon Pulse|p2a: Gliscor
|-damage|p2a: Gliscor|0 fnt
|faint|p2a: Gliscor
|
|-weather|Snowscape|[upkeep]
|upkeep
|
|t:|1781326367
|switch|p2a: Dragapult|Dragapult, F|100/100
|-damage|p2a: Dragapult|88/100|[from] Stealth Rock
|turn|38
|
|t:|1781326377
|-end|p1a: Walking Wake|Protosynthesis|[silent]
|switch|p1a: Torkoal|Torkoal, M|36/100
|-damage|p1a: Torkoal|11/100|[from] Stealth Rock
|-weather|SunnyDay|[from] ability: Drought|[of] p1a: Torkoal
|move|p2a: Dragapult|Draco Meteor|p1a: Torkoal
|-damage|p1a: Torkoal|0 fnt
|-unboost|p2a: Dragapult|spa|2
|faint|p1a: Torkoal
|
|-weather|SunnyDay|[upkeep]
|upkeep
|
|t:|1781326380
|switch|p1a: Walking Wake|Walking Wake|100/100
|-damage|p1a: Walking Wake|88/100|[from] Stealth Rock
|-activate|p1a: Walking Wake|ability: Protosynthesis
|-start|p1a: Walking Wake|protosynthesisspe
|turn|39
|-message|runningdan forfeited.
|
|win|2001civic
|raw|2001civic's rating: 1634 &rarr; <strong>1656</strong><br />(+22 for winning)
|raw|runningdan's rating: 1676 &rarr; <strong>1654</strong><br />(-22 for losing)
|l|☆runningdan
|player|p2|
|l|☆2001civic
|player|p1|
