|badge|p2|bronze|gen9ou|100-9
|uhtml|medal-msg|<div class="broadcast-blue">Curious what those medals under the avatar are? PS now has Ladder Seasons! For more information, check out the <a href="https://www.smogon.com/forums/threads/3740067/">thread on Smogon.</a></div>
|j|☆tuanquewang
|j|☆noob1877 test
|t:|1781281919
|gametype|singles
|player|p1|tuanquewang|backersf|1781
|player|p2|noob1877 test|1|1832
|gen|9
|tier|[Gen 9] OU
|rated|
|rule|HP Percentage Mod: HP is shown in percentages
|rule|Endless Battle Clause: Forcing endless battles is banned
|rule|Species Clause: Limit one of each Pokémon
|rule|OHKO Clause: OHKO moves are banned
|rule|Evasion Items Clause: Evasion items are banned
|rule|Evasion Moves Clause: Evasion moves are banned
|rule|Evasion Abilities Clause: Evasion abilities are banned
|rule|Sleep Moves Clause: Sleep-inducing moves are banned
|clearpoke
|poke|p1|Slowking-Galar, M|
|poke|p1|Hydrapple, F|
|poke|p1|Cinderace, M|
|poke|p1|Alomomola, F|
|poke|p1|Mamoswine, M|
|poke|p1|Gholdengo|
|poke|p2|Pelipper, M|
|poke|p2|Slither Wing|
|poke|p2|Barraskewda, M|
|poke|p2|Thundurus-Therian, M|
|poke|p2|Tentacruel, M|
|poke|p2|Ogerpon-Wellspring, F|
|teampreview
|inactive|Battle timer is ON: inactive players will automatically lose when time's up. (requested by tuanquewang)
|
|t:|1781281940
|teamsize|p1|6
|teamsize|p2|6
|start
|switch|p1a: Slowking|Slowking-Galar, M|100/100
|switch|p2a: Barraskewda|Barraskewda, M|100/100
|turn|1
|
|t:|1781281944
|switch|p1a: Hydrapple|Hydrapple, F, shiny|100/100
|move|p2a: Barraskewda|Flip Turn|p1a: Hydrapple
|-resisted|p1a: Hydrapple
|-damage|p1a: Hydrapple|91/100
|
|t:|1781281946
|switch|p2a: Pelipper|Pelipper, M|100/100|[from] Flip Turn
|-weather|RainDance|[from] ability: Drizzle|[of] p2a: Pelipper
|
|-weather|RainDance|[upkeep]
|upkeep
|turn|2
|
|t:|1781281970
|switch|p2a: Tentacruel|Tentacruel, M|100/100
|switch|p1a: Slowking|Slowking-Galar, M|100/100
|
|-weather|RainDance|[upkeep]
|upkeep
|turn|3
|
|t:|1781281977
|move|p2a: Tentacruel|Flip Turn|p1a: Slowking
|-damage|p1a: Slowking|78/100
|
|t:|1781281982
|switch|p2a: Thundurus|Thundurus-Therian, M|100/100|[from] Flip Turn
|move|p1a: Slowking|Psychic Noise|p2a: Thundurus
|-damage|p2a: Thundurus|64/100
|-start|p2a: Thundurus|move: Heal Block
|
|-weather|RainDance|[upkeep]
|-heal|p1a: Slowking|84/100|[from] item: Black Sludge
|upkeep
|turn|4
|
|t:|1781281988
|move|p2a: Thundurus|Volt Switch|p1a: Slowking
|-damage|p1a: Slowking|50/100
|
|t:|1781281990
|switch|p2a: Tentacruel|Tentacruel, M|100/100|[from] Volt Switch
|-prepare|p1a: Slowking|Chilly Reception|[premajor]
|move|p1a: Slowking|Chilly Reception|p1a: Slowking
|-weather|Snowscape
|
|t:|1781281995
|switch|p1a: Mamoswine|Mamoswine, M|100/100|[from] Chilly Reception
|
|-weather|Snowscape|[upkeep]
|upkeep
|turn|5
|
|t:|1781281999
|switch|p2a: Slither Wing|Slither Wing|100/100
|move|p1a: Mamoswine|Stone Edge|p2a: Slither Wing
|-damage|p2a: Slither Wing|54/100
|
|-weather|Snowscape|[upkeep]
|upkeep
|turn|6
|j| nesnot
|
|t:|1781282006
|switch|p1a: Alomomola|Alomomola, F|100/100
|move|p2a: Slither Wing|Morning Sun|p2a: Slither Wing
|-heal|p2a: Slither Wing|79/100
|
|-weather|Snowscape|[upkeep]
|upkeep
|turn|7
|
|t:|1781282015
|move|p2a: Slither Wing|Will-O-Wisp|p1a: Alomomola
|-status|p1a: Alomomola|brn
|move|p1a: Alomomola|Wish|p1a: Alomomola
|
|-weather|Snowscape|[upkeep]
|-damage|p1a: Alomomola|94/100 brn|[from] brn
|upkeep
|turn|8
|
|t:|1781282031
|-end|p2a: Slither Wing|Protosynthesis|[silent]
|switch|p2a: Ogerpon|Ogerpon-Wellspring, F|100/100
|move|p1a: Alomomola|Flip Turn|p2a: Ogerpon
|-immune|p2a: Ogerpon|[from] ability: Water Absorb
|
|-weather|none
|-heal|p1a: Alomomola|100/100 brn|[from] move: Wish|[wisher] Alomomola
|-damage|p1a: Alomomola|94/100 brn|[from] brn
|upkeep
|turn|9
|
|t:|1781282040
|switch|p2a: Pelipper|Pelipper, M|100/100
|-weather|RainDance|[from] ability: Drizzle|[of] p2a: Pelipper
|switch|p1a: Hydrapple|Hydrapple, F, shiny|100/100
|
|-weather|RainDance|[upkeep]
|upkeep
|turn|10
|j| lord shiddenfards
|
|t:|1781282051
|switch|p2a: Tentacruel|Tentacruel, M|100/100
|move|p1a: Hydrapple|Draco Meteor|p2a: Tentacruel|[miss]
|-miss|p1a: Hydrapple|p2a: Tentacruel
|
|-weather|RainDance|[upkeep]
|upkeep
|turn|11
|
|t:|1781282057
|move|p2a: Tentacruel|Flip Turn|p1a: Hydrapple
|-resisted|p1a: Hydrapple
|-damage|p1a: Hydrapple|97/100
|j| Puyu paz
|inactive|noob1877 test has 120 seconds left.
|j| pallettownnoob
|
|t:|1781282108
|switch|p2a: Thundurus|Thundurus-Therian, M|64/100|[from] Flip Turn
|move|p1a: Hydrapple|Draco Meteor|p2a: Thundurus
|-damage|p2a: Thundurus|0 fnt
|-unboost|p1a: Hydrapple|spa|2
|faint|p2a: Thundurus
|
|-weather|RainDance|[upkeep]
|upkeep
|
|t:|1781282109
|switch|p2a: Ogerpon|Ogerpon-Wellspring, F|100/100
|turn|12
|
|t:|1781282115
|move|p2a: Ogerpon|Swords Dance|p2a: Ogerpon
|-boost|p2a: Ogerpon|atk|2
|move|p1a: Hydrapple|Draco Meteor|p2a: Ogerpon
|-damage|p2a: Ogerpon|36/100
|-unboost|p1a: Hydrapple|spa|2
|
|-weather|RainDance|[upkeep]
|upkeep
|turn|13
|
|t:|1781282127
|switch|p1a: Alomomola|Alomomola, F|100/100 brn
|move|p2a: Ogerpon|Knock Off|p1a: Alomomola
|-damage|p1a: Alomomola|57/100 brn
|-enditem|p1a: Alomomola|Leftovers|[from] move: Knock Off|[of] p2a: Ogerpon
|
|-weather|RainDance|[upkeep]
|-damage|p1a: Alomomola|51/100 brn|[from] brn
|upkeep
|turn|14
|
|t:|1781282136
|move|p2a: Ogerpon|Ivy Cudgel|p1a: Alomomola|[anim] Ivy Cudgel Water
|-resisted|p1a: Alomomola
|-damage|p1a: Alomomola|5/100 brn
|move|p1a: Alomomola|Wish|p1a: Alomomola
|
|-weather|RainDance|[upkeep]
|-damage|p1a: Alomomola|0 fnt|[from] brn
|faint|p1a: Alomomola
|upkeep
|
|t:|1781282141
|switch|p1a: Cinderace|Cinderace, M|100/100
|turn|15
|
|t:|1781282147
|switch|p2a: Pelipper|Pelipper, M|100/100
|move|p1a: Cinderace|U-turn|p2a: Pelipper
|-start|p1a: Cinderace|typechange|Bug|[from] ability: Libero
|-resisted|p2a: Pelipper
|-damage|p2a: Pelipper|87/100
|
|t:|1781282149
|switch|p1a: Slowking|Slowking-Galar, M|83/100|[from] U-turn
|
|-weather|RainDance|[upkeep]
|-heal|p1a: Slowking|100/100|[from] move: Wish|[wisher] Alomomola
|upkeep
|turn|16
|
|t:|1781282162
|move|p2a: Pelipper|U-turn|p1a: Slowking
|-damage|p1a: Slowking|90/100
|l| Puyu paz
|
|t:|1781282166
|switch|p2a: Barraskewda|Barraskewda, M|100/100|[from] U-turn
|-prepare|p1a: Slowking|Chilly Reception|[premajor]
|move|p1a: Slowking|Chilly Reception|p1a: Slowking
|-weather|Snowscape
|
|t:|1781282168
|switch|p1a: Hydrapple|Hydrapple, F, shiny|100/100|[from] Chilly Reception
|
|-weather|Snowscape|[upkeep]
|upkeep
|turn|17
|l| nesnot
|
|t:|1781282173
|move|p2a: Barraskewda|Flip Turn|p1a: Hydrapple
|-resisted|p1a: Hydrapple
|-damage|p1a: Hydrapple|92/100
|
|t:|1781282174
|switch|p2a: Tentacruel|Tentacruel, M|100/100|[from] Flip Turn
|move|p1a: Hydrapple|Draco Meteor|p2a: Tentacruel
|-damage|p2a: Tentacruel|58/100
|-unboost|p1a: Hydrapple|spa|2
|
|-weather|Snowscape|[upkeep]
|upkeep
|turn|18
|
|t:|1781282180
|switch|p1a: Slowking|Slowking-Galar, M|100/100
|move|p2a: Tentacruel|Flip Turn|p1a: Slowking
|-damage|p1a: Slowking|87/100
|
|t:|1781282181
|switch|p2a: Ogerpon|Ogerpon-Wellspring, F|36/100|[from] Flip Turn
|
|-weather|Snowscape|[upkeep]
|-heal|p1a: Slowking|93/100|[from] item: Black Sludge
|upkeep
|turn|19
|
|t:|1781282185
|switch|p1a: Cinderace|Cinderace, M|100/100
|move|p2a: Ogerpon|Knock Off|p1a: Cinderace
|-damage|p1a: Cinderace|44/100
|-enditem|p1a: Cinderace|Heavy-Duty Boots|[from] move: Knock Off|[of] p2a: Ogerpon
|
|-weather|Snowscape|[upkeep]
|upkeep
|turn|20
|
|t:|1781282196
|switch|p2a: Pelipper|Pelipper, M|87/100
|-weather|RainDance|[from] ability: Drizzle|[of] p2a: Pelipper
|move|p1a: Cinderace|U-turn|p2a: Pelipper
|-start|p1a: Cinderace|typechange|Bug|[from] ability: Libero
|-resisted|p2a: Pelipper
|-damage|p2a: Pelipper|74/100
|
|t:|1781282203
|switch|p1a: Slowking|Slowking-Galar, M|100/100|[from] U-turn
|
|-weather|RainDance|[upkeep]
|upkeep
|turn|21
|j| nesnot
|
|t:|1781282213
|move|p2a: Pelipper|U-turn|p1a: Slowking
|-damage|p1a: Slowking|92/100
|
|t:|1781282214
|switch|p2a: Slither Wing|Slither Wing|79/100|[from] U-turn
|-prepare|p1a: Slowking|Chilly Reception|[premajor]
|move|p1a: Slowking|Chilly Reception|p1a: Slowking
|-weather|Snowscape
|
|t:|1781282221
|switch|p1a: Mamoswine|Mamoswine, M|100/100|[from] Chilly Reception
|
|-weather|Snowscape|[upkeep]
|upkeep
|turn|22
|
|t:|1781282228
|move|p1a: Mamoswine|Icicle Crash|p2a: Slither Wing
|-damage|p2a: Slither Wing|26/100
|move|p2a: Slither Wing|Will-O-Wisp|p1a: Mamoswine
|-status|p1a: Mamoswine|brn
|
|-weather|Snowscape|[upkeep]
|-damage|p1a: Mamoswine|94/100 brn|[from] brn
|upkeep
|turn|23
|
|t:|1781282232
|-end|p2a: Slither Wing|Protosynthesis|[silent]
|switch|p2a: Pelipper|Pelipper, M|74/100
|-weather|RainDance|[from] ability: Drizzle|[of] p2a: Pelipper
|move|p1a: Mamoswine|Icicle Crash|p2a: Pelipper|[miss]
|-miss|p1a: Mamoswine|p2a: Pelipper
|
|-weather|RainDance|[upkeep]
|-damage|p1a: Mamoswine|88/100 brn|[from] brn
|upkeep
|turn|24
|
|t:|1781282236
|move|p1a: Mamoswine|Icicle Crash|p2a: Pelipper|[miss]
|-miss|p1a: Mamoswine|p2a: Pelipper
|move|p2a: Pelipper|U-turn|p1a: Mamoswine
|-damage|p1a: Mamoswine|79/100 brn
|l| lord shiddenfards
|j| Puyu paz
|
|t:|1781282246
|switch|p2a: Ogerpon|Ogerpon-Wellspring, F|36/100|[from] U-turn
|
|-weather|RainDance|[upkeep]
|-damage|p1a: Mamoswine|73/100 brn|[from] brn
|upkeep
|turn|25
|
|t:|1781282250
|switch|p1a: Hydrapple|Hydrapple, F, shiny|100/100
|move|p2a: Ogerpon|Ivy Cudgel|p1a: Hydrapple|[anim] Ivy Cudgel Water
|-resisted|p1a: Hydrapple
|-damage|p1a: Hydrapple|83/100
|
|-weather|RainDance|[upkeep]
|upkeep
|turn|26
|
|t:|1781282259
|switch|p2a: Tentacruel|Tentacruel, M|58/100
|move|p1a: Hydrapple|Earth Power|p2a: Tentacruel
|-supereffective|p2a: Tentacruel
|-damage|p2a: Tentacruel|17/100
|
|-weather|RainDance|[upkeep]
|-heal|p2a: Tentacruel|23/100|[from] ability: Rain Dish
|upkeep
|turn|27
|l| Puyu paz
|j| nelsoNJ
|
|t:|1781282272
|move|p2a: Tentacruel|Flip Turn|p1a: Hydrapple
|-resisted|p1a: Hydrapple
|-damage|p1a: Hydrapple|79/100
|
|t:|1781282275
|switch|p2a: Pelipper|Pelipper, M|74/100|[from] Flip Turn
|move|p1a: Hydrapple|Earth Power|p2a: Pelipper
|-immune|p2a: Pelipper
|
|-weather|RainDance|[upkeep]
|upkeep
|turn|28
|
|t:|1781282283
|switch|p1a: Slowking|Slowking-Galar, M|100/100
|move|p2a: Pelipper|U-turn|p1a: Slowking
|-damage|p1a: Slowking|91/100
|
|t:|1781282293
|switch|p2a: Ogerpon|Ogerpon-Wellspring, F|36/100|[from] U-turn
|
|-weather|RainDance|[upkeep]
|-heal|p1a: Slowking|97/100|[from] item: Black Sludge
|upkeep
|turn|29
|
|t:|1781282321
|switch|p1a: Hydrapple|Hydrapple, F, shiny|100/100
|move|p2a: Ogerpon|Swords Dance|p2a: Ogerpon
|-boost|p2a: Ogerpon|atk|2
|
|-weather|RainDance|[upkeep]
|upkeep
|turn|30
|j| Puyu paz
|
|t:|1781282329
|move|p2a: Ogerpon|Knock Off|p1a: Hydrapple
|-damage|p1a: Hydrapple|40/100
|-enditem|p1a: Hydrapple|Choice Specs|[from] move: Knock Off|[of] p2a: Ogerpon
|move|p1a: Hydrapple|Leaf Storm|p2a: Ogerpon
|-damage|p2a: Ogerpon|0 fnt
|-unboost|p1a: Hydrapple|spa|2
|faint|p2a: Ogerpon
|
|-weather|none
|upkeep
|
|t:|1781282336
|switch|p2a: Barraskewda|Barraskewda, M|100/100
|turn|31
|l| Puyu paz
|
|t:|1781282341
|switch|p1a: Mamoswine|Mamoswine, M|73/100 brn
|move|p2a: Barraskewda|Flip Turn|p1a: Mamoswine
|-supereffective|p1a: Mamoswine
|-damage|p1a: Mamoswine|0 fnt
|faint|p1a: Mamoswine
|
|t:|1781282356
|switch|p2a: Slither Wing|Slither Wing|26/100|[from] Flip Turn
|
|upkeep
|
|t:|1781282362
|switch|p1a: Gholdengo|Gholdengo, shiny|100/100
|turn|32
|
|t:|1781282368
|-end|p2a: Slither Wing|Protosynthesis|[silent]
|switch|p2a: Pelipper|Pelipper, M|74/100
|-weather|RainDance|[from] ability: Drizzle|[of] p2a: Pelipper
|move|p1a: Gholdengo|Shadow Ball|p2a: Pelipper
|-damage|p2a: Pelipper|10/100
|
|-weather|RainDance|[upkeep]
|upkeep
|turn|33
|
|t:|1781282371
|switch|p2a: Barraskewda|Barraskewda, M|100/100
|move|p1a: Gholdengo|Shadow Ball|p2a: Barraskewda
|-damage|p2a: Barraskewda|2/100
|
|-weather|RainDance|[upkeep]
|upkeep
|turn|34
|
|t:|1781282378
|switch|p1a: Hydrapple|Hydrapple, F, shiny|73/100
|move|p2a: Barraskewda|Flip Turn|p1a: Hydrapple
|-resisted|p1a: Hydrapple
|-damage|p1a: Hydrapple|59/100
|
|t:|1781282381
|switch|p2a: Tentacruel|Tentacruel, M|23/100|[from] Flip Turn
|
|-weather|RainDance|[upkeep]
|-heal|p2a: Tentacruel|29/100|[from] ability: Rain Dish
|upkeep
|turn|35
|
|t:|1781282395
|switch|p1a: Slowking|Slowking-Galar, M|100/100
|move|p2a: Tentacruel|Flip Turn|p1a: Slowking
|-damage|p1a: Slowking|77/100
|
|t:|1781282397
|switch|p2a: Barraskewda|Barraskewda, M|2/100|[from] Flip Turn
|
|-weather|RainDance|[upkeep]
|-heal|p1a: Slowking|83/100|[from] item: Black Sludge
|upkeep
|turn|36
|
|t:|1781282400
|switch|p1a: Hydrapple|Hydrapple, F, shiny|92/100
|move|p2a: Barraskewda|Close Combat|p1a: Hydrapple
|-damage|p1a: Hydrapple|40/100
|-unboost|p2a: Barraskewda|def|1
|-unboost|p2a: Barraskewda|spd|1
|
|-weather|RainDance|[upkeep]
|upkeep
|turn|37
|
|t:|1781282407
|switch|p2a: Slither Wing|Slither Wing|26/100
|switch|p1a: Gholdengo|Gholdengo, shiny|100/100
|
|-weather|RainDance|[upkeep]
|upkeep
|turn|38
|-message|noob1877 test forfeited.
|
|win|tuanquewang
|raw|tuanquewang's rating: 1781 &rarr; <strong>1804</strong><br />(+23 for winning)
|raw|noob1877 test's rating: 1832 &rarr; <strong>1809</strong><br />(-23 for losing)
|l|☆noob1877 test
|player|p2|
|l| nesnot
|l|☆tuanquewang
|player|p1|
|l| nelsoNJ
