|j|☆LOUSINETCOKI
|j|☆CassiusAuBellossom
|t:|1781532570
|gametype|singles
|player|p1|LOUSINETCOKI|102|1523
|player|p2|CassiusAuBellossom|102|1547
|gen|9
|tier|[Gen 9] OU
|rated|
|rule|HP Percentage Mod: HP is shown in percentages
|rule|Endless Battle Clause: Forcing endless battles is banned
|rule|Species Clause: Limit one of each Pokémon
|rule|OHKO Clause: OHKO moves are banned
|rule|Evasion Items Clause: Evasion items are banned
|rule|Evasion Moves Clause: Evasion moves are banned
|rule|Evasion Abilities Clause: Evasion abilities are banned
|rule|Sleep Moves Clause: Sleep-inducing moves are banned
|clearpoke
|poke|p1|Torkoal, M|
|poke|p1|Hatterene, F|
|poke|p1|Walking Wake|
|poke|p1|Great Tusk|
|poke|p1|Ceruledge, F|
|poke|p1|Raging Bolt|
|poke|p2|Pelipper, F|
|poke|p2|Beartic, F|
|poke|p2|Barraskewda, M|
|poke|p2|Zapdos|
|poke|p2|Ogerpon-Wellspring, F|
|poke|p2|Hatterene, F|
|teampreview
|inactive|Battle timer is ON: inactive players will automatically lose when time's up. (requested by LOUSINETCOKI)
|
|t:|1781532579
|teamsize|p1|6
|teamsize|p2|6
|start
|switch|p1a: Torkoal|Torkoal, M|100/100
|switch|p2a: Mikasa|Ogerpon-Wellspring, F|100/100
|-weather|SunnyDay|[from] ability: Drought|[of] p1a: Torkoal
|turn|1
|
|t:|1781532589
|switch|p2a: Annie|Hatterene, F|100/100
|switch|p1a: Hatterene|Hatterene, F|100/100
|
|-weather|SunnyDay|[upkeep]
|upkeep
|turn|2
|
|t:|1781532597
|switch|p2a: Armin|Pelipper, F|100/100
|-weather|RainDance|[from] ability: Drizzle|[of] p2a: Armin
|move|p1a: Hatterene|Nuzzle|p2a: Armin
|-supereffective|p2a: Armin
|-damage|p2a: Armin|88/100
|-status|p2a: Armin|par
|
|-weather|RainDance|[upkeep]
|upkeep
|turn|3
|
|t:|1781532608
|switch|p2a: Annie|Hatterene, F|100/100
|move|p1a: Hatterene|Psyshock|p2a: Annie
|-resisted|p2a: Annie
|-crit|p2a: Annie
|-damage|p2a: Annie|79/100
|-enditem|p2a: Annie|Eject Button
|
|t:|1781532619
|switch|p2a: Zeke|Zapdos|100/100
|
|-weather|RainDance|[upkeep]
|upkeep
|turn|4
|
|t:|1781532647
|move|p2a: Zeke|Volt Switch|p1a: Hatterene
|-damage|p1a: Hatterene|75/100
|-enditem|p1a: Hatterene|Eject Button
|inactive|LOUSINETCOKI has 120 seconds left.
|
|t:|1781532668
|switch|p1a: Walking Wake|Walking Wake|100/100
|
|-weather|RainDance|[upkeep]
|upkeep
|turn|5
|
|t:|1781532676
|move|p1a: Walking Wake|Draco Meteor|p2a: Zeke
|-damage|p2a: Zeke|29/100
|-unboost|p1a: Walking Wake|spa|2
|move|p2a: Zeke|Thunder|p1a: Walking Wake
|-damage|p1a: Walking Wake|39/100
|
|-weather|RainDance|[upkeep]
|upkeep
|turn|6
|inactive|LOUSINETCOKI has 120 seconds left.
|
|t:|1781532693
|-end|p1a: Walking Wake|Protosynthesis|[silent]
|switch|p1a: Hatterene|Hatterene, F|75/100
|switch|p2a: Annie|Hatterene, F|79/100
|
|-weather|RainDance|[upkeep]
|upkeep
|turn|7
|inactive|LOUSINETCOKI has 120 seconds left.
|
|t:|1781532700
|move|p1a: Hatterene|Nuzzle|p2a: Annie
|-damage|p2a: Annie|75/100
|-status|p2a: Annie|par
|move|p2a: Annie|Dazzling Gleam|p1a: Hatterene
|-damage|p1a: Hatterene|46/100
|
|-weather|RainDance|[upkeep]
|upkeep
|turn|8
|inactive|LOUSINETCOKI has 120 seconds left.
|
|t:|1781532713
|move|p1a: Hatterene|Draining Kiss|p2a: Annie
|-damage|p2a: Annie|50/100 par
|-heal|p1a: Hatterene|65/100|[from] drain|[of] p2a: Annie
|move|p2a: Annie|Psychic Noise|p1a: Hatterene
|-resisted|p1a: Hatterene
|-damage|p1a: Hatterene|53/100
|-start|p1a: Hatterene|move: Heal Block
|
|-weather|RainDance|[upkeep]
|upkeep
|turn|9
|
|t:|1781532741
|switch|p2a: Mikasa|Ogerpon-Wellspring, F|100/100
|move|p1a: Hatterene|Mystical Fire|p2a: Mikasa
|-damage|p2a: Mikasa|89/100
|-unboost|p2a: Mikasa|spa|1
|
|-weather|none
|-end|p1a: Hatterene|move: Heal Block
|upkeep
|turn|10
|
|t:|1781532751
|move|p2a: Mikasa|Power Whip|p1a: Hatterene
|-damage|p1a: Hatterene|0 fnt
|faint|p1a: Hatterene
|
|upkeep
|
|t:|1781532759
|switch|p1a: Torkoal|Torkoal, M|100/100
|-weather|SunnyDay|[from] ability: Drought|[of] p1a: Torkoal
|turn|11
|
|t:|1781532763
|switch|p2a: Annie|Hatterene, F|50/100 par
|switch|p1a: Walking Wake|Walking Wake|39/100
|-activate|p1a: Walking Wake|ability: Protosynthesis
|-start|p1a: Walking Wake|protosynthesisspe
|
|-weather|SunnyDay|[upkeep]
|upkeep
|turn|12
|
|t:|1781532773
|move|p1a: Walking Wake|Flamethrower|p2a: Annie
|-damage|p2a: Annie|0 fnt
|faint|p2a: Annie
|
|-weather|SunnyDay|[upkeep]
|upkeep
|
|t:|1781532780
|switch|p2a: Armin|Pelipper, F|88/100 par
|-weather|RainDance|[from] ability: Drizzle|[of] p2a: Armin
|-end|p1a: Walking Wake|Protosynthesis
|turn|13
|
|t:|1781532796
|-end|p1a: Walking Wake|Protosynthesis|[silent]
|switch|p1a: Torkoal|Torkoal, M|100/100
|-weather|SunnyDay|[from] ability: Drought|[of] p1a: Torkoal
|switch|p2a: Mikasa|Ogerpon-Wellspring, F|89/100
|
|-weather|SunnyDay|[upkeep]
|upkeep
|turn|14
|
|t:|1781532807
|switch|p2a: Armin|Pelipper, F|88/100 par
|-weather|RainDance|[from] ability: Drizzle|[of] p2a: Armin
|switch|p1a: Ceruledge|Ceruledge, F|100/100
|
|-weather|RainDance|[upkeep]
|upkeep
|turn|15
|
|t:|1781532817
|switch|p1a: Torkoal|Torkoal, M|100/100
|-weather|SunnyDay|[from] ability: Drought|[of] p1a: Torkoal
|move|p2a: Armin|U-turn|p1a: Torkoal
|-resisted|p1a: Torkoal
|-damage|p1a: Torkoal|98/100
|
|t:|1781532824
|switch|p2a: Levi|Barraskewda, M|100/100|[from] U-turn
|
|-weather|SunnyDay|[upkeep]
|upkeep
|turn|16
|
|t:|1781532829
|move|p2a: Levi|Flip Turn|p1a: Torkoal
|-supereffective|p1a: Torkoal
|-damage|p1a: Torkoal|73/100
|
|t:|1781532833
|switch|p2a: Armin|Pelipper, F|88/100 par|[from] Flip Turn
|-weather|RainDance|[from] ability: Drizzle|[of] p2a: Armin
|move|p1a: Torkoal|Stealth Rock|p2a: Armin
|-sidestart|p2: CassiusAuBellossom|move: Stealth Rock
|
|-weather|RainDance|[upkeep]
|upkeep
|turn|17
|
|t:|1781532841
|switch|p1a: Raging Bolt|Raging Bolt|100/100
|move|p2a: Armin|U-turn|p1a: Raging Bolt
|-damage|p1a: Raging Bolt|92/100
|
|t:|1781532846
|switch|p2a: Eren|Beartic, F|100/100|[from] U-turn
|-damage|p2a: Eren|76/100|[from] Stealth Rock
|
|-weather|RainDance|[upkeep]
|upkeep
|turn|18
|
|t:|1781532854
|move|p2a: Eren|Earthquake|p1a: Raging Bolt
|-supereffective|p1a: Raging Bolt
|-damage|p1a: Raging Bolt|16/100
|move|p1a: Raging Bolt|Volt Switch|p2a: Eren
|-damage|p2a: Eren|28/100
|
|t:|1781532869
|-end|p1a: Raging Bolt|Protosynthesis|[silent]
|switch|p1a: Torkoal|Torkoal, M|73/100|[from] Volt Switch
|-weather|SunnyDay|[from] ability: Drought|[of] p1a: Torkoal
|
|-weather|SunnyDay|[upkeep]
|upkeep
|turn|19
|
|t:|1781532881
|switch|p1a: Great Tusk|Great Tusk|100/100
|-activate|p1a: Great Tusk|ability: Protosynthesis
|-start|p1a: Great Tusk|protosynthesisatk
|move|p2a: Eren|Earthquake|p1a: Great Tusk
|-damage|p1a: Great Tusk|73/100
|
|-weather|SunnyDay|[upkeep]
|upkeep
|turn|20
|
|t:|1781532894
|move|p1a: Great Tusk|Supercell Slam|p2a: Eren
|-damage|p2a: Eren|0 fnt
|faint|p2a: Eren
|
|-weather|SunnyDay|[upkeep]
|upkeep
|
|t:|1781532901
|switch|p2a: Armin|Pelipper, F|88/100 par
|-damage|p2a: Armin|63/100 par|[from] Stealth Rock
|-weather|RainDance|[from] ability: Drizzle|[of] p2a: Armin
|-end|p1a: Great Tusk|Protosynthesis
|turn|21
|
|t:|1781532907
|switch|p2a: Zeke|Zapdos|29/100
|-damage|p2a: Zeke|5/100|[from] Stealth Rock
|move|p1a: Great Tusk|Supercell Slam|p2a: Zeke
|-damage|p2a: Zeke|0 fnt
|faint|p2a: Zeke
|
|-weather|RainDance|[upkeep]
|upkeep
|
|t:|1781532919
|switch|p2a: Levi|Barraskewda, M|100/100
|-damage|p2a: Levi|88/100|[from] Stealth Rock
|turn|22
|
|t:|1781532927
|-end|p1a: Great Tusk|Protosynthesis|[silent]
|switch|p1a: Torkoal|Torkoal, M|73/100
|-weather|SunnyDay|[from] ability: Drought|[of] p1a: Torkoal
|move|p2a: Levi|Liquidation|p1a: Torkoal
|-supereffective|p1a: Torkoal
|-damage|p1a: Torkoal|44/100
|
|-weather|SunnyDay|[upkeep]
|upkeep
|turn|23
|
|t:|1781532937
|switch|p1a: Walking Wake|Walking Wake|39/100
|-activate|p1a: Walking Wake|ability: Protosynthesis
|-start|p1a: Walking Wake|protosynthesisspe
|-terastallize|p2a: Levi|Water
|move|p2a: Levi|Flip Turn|p1a: Walking Wake
|-resisted|p1a: Walking Wake
|-damage|p1a: Walking Wake|32/100
|
|t:|1781532946
|switch|p2a: Armin|Pelipper, F|63/100 par|[from] Flip Turn
|-damage|p2a: Armin|38/100 par|[from] Stealth Rock
|-weather|RainDance|[from] ability: Drizzle|[of] p2a: Armin
|-end|p1a: Walking Wake|Protosynthesis
|
|-weather|RainDance|[upkeep]
|upkeep
|turn|24
|
|t:|1781532954
|switch|p2a: Mikasa|Ogerpon-Wellspring, F|89/100
|-damage|p2a: Mikasa|76/100|[from] Stealth Rock
|move|p1a: Walking Wake|Draco Meteor|p2a: Mikasa
|-damage|p2a: Mikasa|0 fnt
|-unboost|p1a: Walking Wake|spa|2
|faint|p2a: Mikasa
|
|-weather|RainDance|[upkeep]
|upkeep
|
|t:|1781532965
|switch|p2a: Levi|Barraskewda, M, tera:Water|88/100
|-damage|p2a: Levi|76/100|[from] Stealth Rock
|turn|25
|
|t:|1781532972
|-end|p1a: Walking Wake|Protosynthesis|[silent]
|switch|p1a: Raging Bolt|Raging Bolt|16/100
|move|p2a: Levi|Liquidation|p1a: Raging Bolt
|-resisted|p1a: Raging Bolt
|-damage|p1a: Raging Bolt|0 fnt
|faint|p1a: Raging Bolt
|-end|p1a: Raging Bolt|Protosynthesis|[silent]
|
|-weather|RainDance|[upkeep]
|upkeep
|
|t:|1781532979
|switch|p1a: Torkoal|Torkoal, M|44/100
|-weather|SunnyDay|[from] ability: Drought|[of] p1a: Torkoal
|turn|26
|
|t:|1781532989
|switch|p1a: Ceruledge|Ceruledge, F|100/100
|move|p2a: Levi|Flip Turn|p1a: Ceruledge
|-supereffective|p1a: Ceruledge
|-damage|p1a: Ceruledge|19/100
|-ability|p1a: Ceruledge|Weak Armor|boost
|-unboost|p1a: Ceruledge|def|1
|-boost|p1a: Ceruledge|spe|2
|
|t:|1781532997
|switch|p2a: Armin|Pelipper, F|38/100 par|[from] Flip Turn
|-damage|p2a: Armin|13/100 par|[from] Stealth Rock
|-weather|RainDance|[from] ability: Drizzle|[of] p2a: Armin
|
|-weather|RainDance|[upkeep]
|upkeep
|turn|27
|
|t:|1781533009
|move|p1a: Ceruledge|Bitter Blade|p2a: Armin
|-resisted|p2a: Armin
|-damage|p2a: Armin|3/100 par
|-heal|p1a: Ceruledge|25/100|[from] drain|[of] p2a: Armin
|move|p2a: Armin|Roost|p2a: Armin
|-heal|p2a: Armin|53/100 par
|-singleturn|p2a: Armin|move: Roost
|
|-weather|RainDance|[upkeep]
|upkeep
|turn|28
|
|t:|1781533020
|switch|p1a: Torkoal|Torkoal, M|44/100
|-weather|SunnyDay|[from] ability: Drought|[of] p1a: Torkoal
|move|p2a: Armin|U-turn|p1a: Torkoal
|-resisted|p1a: Torkoal
|-crit|p1a: Torkoal
|-damage|p1a: Torkoal|39/100
|
|t:|1781533026
|switch|p2a: Levi|Barraskewda, M, tera:Water|76/100|[from] U-turn
|-damage|p2a: Levi|64/100|[from] Stealth Rock
|
|-weather|SunnyDay|[upkeep]
|upkeep
|turn|29
|
|t:|1781533034
|switch|p1a: Ceruledge|Ceruledge, F|25/100
|move|p2a: Levi|Flip Turn|p1a: Ceruledge
|-supereffective|p1a: Ceruledge
|-damage|p1a: Ceruledge|0 fnt
|faint|p1a: Ceruledge
|
|t:|1781533040
|switch|p2a: Armin|Pelipper, F|53/100 par|[from] Flip Turn
|-damage|p2a: Armin|28/100 par|[from] Stealth Rock
|-weather|RainDance|[from] ability: Drizzle|[of] p2a: Armin
|
|-weather|RainDance|[upkeep]
|upkeep
|
|t:|1781533047
|switch|p1a: Walking Wake|Walking Wake|32/100
|turn|30
|
|t:|1781533051
|-terastallize|p1a: Walking Wake|Water
|move|p1a: Walking Wake|Hydro Steam|p2a: Armin
|-resisted|p2a: Armin
|-crit|p2a: Armin
|-damage|p2a: Armin|0 fnt
|faint|p2a: Armin
|
|-weather|RainDance|[upkeep]
|upkeep
|
|t:|1781533059
|switch|p2a: Levi|Barraskewda, M, tera:Water|64/100
|-damage|p2a: Levi|52/100|[from] Stealth Rock
|turn|31
|
|t:|1781533063
|-end|p1a: Walking Wake|Protosynthesis|[silent]
|switch|p1a: Torkoal|Torkoal, M|39/100
|-weather|SunnyDay|[from] ability: Drought|[of] p1a: Torkoal
|move|p2a: Levi|Liquidation|p1a: Torkoal
|-supereffective|p1a: Torkoal
|-damage|p1a: Torkoal|0 fnt
|faint|p1a: Torkoal
|
|-weather|SunnyDay|[upkeep]
|upkeep
|
|t:|1781533073
|switch|p1a: Great Tusk|Great Tusk|73/100
|-activate|p1a: Great Tusk|ability: Protosynthesis
|-start|p1a: Great Tusk|protosynthesisatk
|turn|32
|
|t:|1781533078
|move|p2a: Levi|Liquidation|p1a: Great Tusk
|-supereffective|p1a: Great Tusk
|-damage|p1a: Great Tusk|21/100
|-damage|p2a: Levi|35/100|[from] item: Rocky Helmet|[of] p1a: Great Tusk
|move|p1a: Great Tusk|Supercell Slam|p2a: Levi
|-supereffective|p2a: Levi
|-damage|p2a: Levi|0 fnt
|faint|p2a: Levi
|
|win|LOUSINETCOKI
|raw|LOUSINETCOKI's rating: 1523 &rarr; <strong>1544</strong><br />(+21 for winning)
|raw|CassiusAuBellossom's rating: 1547 &rarr; <strong>1526</strong><br />(-21 for losing)
|c|☆CassiusAuBellossom|Gg
|l|☆CassiusAuBellossom
|player|p2|
|l|☆LOUSINETCOKI
|player|p1|
