|j|☆phreshoatmeal
|j|☆looniertunes
|t:|1781459790
|gametype|singles
|player|p1|phreshoatmeal|265|1575
|player|p2|looniertunes|cynthia|1546
|gen|9
|tier|[Gen 9] OU
|rated|
|rule|HP Percentage Mod: HP is shown in percentages
|rule|Endless Battle Clause: Forcing endless battles is banned
|rule|Species Clause: Limit one of each Pokémon
|rule|OHKO Clause: OHKO moves are banned
|rule|Evasion Items Clause: Evasion items are banned
|rule|Evasion Moves Clause: Evasion moves are banned
|rule|Evasion Abilities Clause: Evasion abilities are banned
|rule|Sleep Moves Clause: Sleep-inducing moves are banned
|clearpoke
|poke|p1|Excadrill, M|
|poke|p1|Alomomola, F|
|poke|p1|Tyranitar, M|
|poke|p1|Hatterene, F|
|poke|p1|Iron Valiant|
|poke|p1|Amoonguss, F|
|poke|p2|Tyranitar, M|
|poke|p2|Sinistcha|
|poke|p2|Conkeldurr, F|
|poke|p2|Excadrill, F|
|poke|p2|Corviknight, F|
|poke|p2|Primarina, M|
|teampreview
|
|t:|1781459821
|teamsize|p1|6
|teamsize|p2|6
|start
|switch|p1a: Iron Valiant|Iron Valiant|100/100
|switch|p2a: Corviknight|Corviknight, F|100/100
|-ability|p2a: Corviknight|Pressure
|turn|1
|
|t:|1781459834
|move|p1a: Iron Valiant|Knock Off|p2a: Corviknight
|-damage|p2a: Corviknight|79/100
|-damage|p1a: Iron Valiant|84/100|[from] item: Rocky Helmet|[of] p2a: Corviknight
|-enditem|p2a: Corviknight|Rocky Helmet|[from] move: Knock Off|[of] p1a: Iron Valiant
|-damage|p1a: Iron Valiant|74/100|[from] item: Life Orb
|move|p2a: Corviknight|Brave Bird|p1a: Iron Valiant
|-supereffective|p1a: Iron Valiant
|-damage|p1a: Iron Valiant|0 fnt
|faint|p1a: Iron Valiant
|-end|p1a: Iron Valiant|Quark Drive|[silent]
|-damage|p2a: Corviknight|61/100|[from] Recoil
|
|upkeep
|
|t:|1781459844
|switch|p1a: Hatterene|Hatterene, F|100/100
|turn|2
|
|t:|1781459849
|move|p2a: Corviknight|U-turn|p1a: Hatterene
|-damage|p1a: Hatterene|90/100
|
|t:|1781459855
|switch|p2a: Primarina|Primarina, M|100/100|[from] U-turn
|move|p1a: Hatterene|Future Sight|p2a: Primarina
|-start|p1a: Hatterene|move: Future Sight
|
|-heal|p1a: Hatterene|96/100|[from] item: Leftovers
|upkeep
|turn|3
|
|t:|1781459870
|move|p2a: Primarina|Moonblast|p1a: Hatterene
|-damage|p1a: Hatterene|44/100
|-unboost|p1a: Hatterene|spa|1
|move|p1a: Hatterene|Pain Split|p2a: Primarina
|-sethp|p2a: Primarina|72/100|[from] move: Pain Split|[silent]
|-sethp|p1a: Hatterene|73/100|[from] move: Pain Split
|
|-heal|p1a: Hatterene|78/100|[from] item: Leftovers
|upkeep
|turn|4
|
|t:|1781459875
|switch|p1a: Amoonguss|Amoonguss, F|100/100
|move|p2a: Primarina|Psychic Noise|p1a: Amoonguss
|-supereffective|p1a: Amoonguss
|-damage|p1a: Amoonguss|51/100
|-start|p1a: Amoonguss|move: Heal Block
|-enditem|p1a: Amoonguss|Eject Button
|
|t:|1781459880
|switch|p1a: Excadrill|Excadrill, M|100/100
|
|-end|p2a: Primarina|move: Future Sight
|-damage|p2a: Primarina|39/100
|upkeep
|turn|5
|
|t:|1781459885
|switch|p2a: Corviknight|Corviknight, F|61/100
|-ability|p2a: Corviknight|Pressure
|move|p1a: Excadrill|Iron Head|p2a: Corviknight
|-resisted|p2a: Corviknight
|-damage|p2a: Corviknight|41/100
|
|upkeep
|turn|6
|
|t:|1781459892
|move|p1a: Excadrill|Iron Head|p2a: Corviknight
|-resisted|p2a: Corviknight
|-damage|p2a: Corviknight|20/100
|move|p2a: Corviknight|Roost|p2a: Corviknight
|-heal|p2a: Corviknight|70/100
|-singleturn|p2a: Corviknight|move: Roost
|
|upkeep
|turn|7
|
|t:|1781459899
|switch|p1a: Hatterene|Hatterene, F|78/100
|move|p2a: Corviknight|Roost|p2a: Corviknight
|-heal|p2a: Corviknight|100/100
|-singleturn|p2a: Corviknight|move: Roost
|
|-heal|p1a: Hatterene|84/100|[from] item: Leftovers
|upkeep
|turn|8
|
|t:|1781459902
|move|p2a: Corviknight|Brave Bird|p1a: Hatterene
|-damage|p1a: Hatterene|55/100
|-damage|p2a: Corviknight|93/100|[from] Recoil
|move|p1a: Hatterene|Gravity|p1a: Hatterene
|-fieldstart|move: Gravity
|
|-heal|p1a: Hatterene|61/100|[from] item: Leftovers
|upkeep
|turn|9
|
|t:|1781459908
|switch|p1a: Alomomola|Alomomola, F|100/100
|move|p2a: Corviknight|U-turn|p1a: Alomomola
|-damage|p1a: Alomomola|92/100
|-enditem|p1a: Alomomola|Eject Button
|
|t:|1781459913
|switch|p1a: Excadrill|Excadrill, M|100/100
|
|upkeep
|turn|10
|
|t:|1781459948
|switch|p2a: Sinistcha|Sinistcha|100/100
|-terastallize|p1a: Excadrill|Ground
|move|p1a: Excadrill|Earthquake|p2a: Sinistcha
|-resisted|p2a: Sinistcha
|-damage|p2a: Sinistcha|59/100
|
|upkeep
|turn|11
|
|t:|1781459954
|switch|p1a: Hatterene|Hatterene, F|61/100
|move|p2a: Sinistcha|Matcha Gotcha|p1a: Hatterene
|-damage|p1a: Hatterene|28/100
|-heal|p2a: Sinistcha|74/100|[from] drain|[of] p1a: Hatterene
|
|-heal|p1a: Hatterene|34/100|[from] item: Leftovers
|upkeep
|turn|12
|
|t:|1781459963
|switch|p1a: Tyranitar|Tyranitar, M|100/100
|-weather|Sandstorm|[from] ability: Sand Stream|[of] p1a: Tyranitar
|move|p2a: Sinistcha|Shadow Ball|p1a: Tyranitar
|-resisted|p1a: Tyranitar
|-damage|p1a: Tyranitar|94/100
|
|-weather|Sandstorm|[upkeep]
|-damage|p2a: Sinistcha|68/100|[from] Sandstorm
|-fieldend|move: Gravity
|upkeep
|turn|13
|inactive|Battle timer is ON: inactive players will automatically lose when time's up. (requested by phreshoatmeal)
|
|t:|1781460002
|switch|p2a: Corviknight|Corviknight, F|93/100
|-ability|p2a: Corviknight|Pressure
|switch|p1a: Hatterene|Hatterene, F|34/100
|
|-weather|Sandstorm|[upkeep]
|-damage|p1a: Hatterene|28/100|[from] Sandstorm
|-heal|p1a: Hatterene|34/100|[from] item: Leftovers
|upkeep
|turn|14
|
|t:|1781460006
|move|p2a: Corviknight|Brave Bird|p1a: Hatterene
|-damage|p1a: Hatterene|2/100
|-damage|p2a: Corviknight|84/100|[from] Recoil
|move|p1a: Hatterene|Pain Split|p2a: Corviknight
|-sethp|p2a: Corviknight|43/100|[from] move: Pain Split|[silent]
|-sethp|p1a: Hatterene|54/100|[from] move: Pain Split
|
|-weather|Sandstorm|[upkeep]
|-damage|p1a: Hatterene|48/100|[from] Sandstorm
|-heal|p1a: Hatterene|54/100|[from] item: Leftovers
|upkeep
|turn|15
|
|t:|1781460017
|move|p2a: Corviknight|Roost|p2a: Corviknight
|-heal|p2a: Corviknight|93/100
|-singleturn|p2a: Corviknight|move: Roost
|move|p1a: Hatterene|Pain Split|p2a: Corviknight
|-sethp|p2a: Corviknight|68/100|[from] move: Pain Split|[silent]
|-sethp|p1a: Hatterene|85/100|[from] move: Pain Split
|
|-weather|Sandstorm|[upkeep]
|-damage|p1a: Hatterene|79/100|[from] Sandstorm
|-heal|p1a: Hatterene|85/100|[from] item: Leftovers
|upkeep
|turn|16
|
|t:|1781460026
|move|p2a: Corviknight|Brave Bird|p1a: Hatterene
|-damage|p1a: Hatterene|58/100
|-damage|p2a: Corviknight|61/100|[from] Recoil
|move|p1a: Hatterene|Gravity|p1a: Hatterene
|-fieldstart|move: Gravity
|
|-weather|Sandstorm|[upkeep]
|-damage|p1a: Hatterene|52/100|[from] Sandstorm
|-heal|p1a: Hatterene|58/100|[from] item: Leftovers
|upkeep
|turn|17
|
|t:|1781460047
|switch|p1a: Excadrill|Excadrill, M, tera:Ground|100/100
|move|p2a: Corviknight|U-turn|p1a: Excadrill
|-damage|p1a: Excadrill|80/100
|
|t:|1781460055
|switch|p2a: Sinistcha|Sinistcha|68/100|[from] U-turn
|
|-weather|Sandstorm|[upkeep]
|-damage|p2a: Sinistcha|62/100|[from] Sandstorm
|upkeep
|turn|18
|
|t:|1781460061
|move|p1a: Excadrill|Iron Head|p2a: Sinistcha
|-damage|p2a: Sinistcha|14/100
|cant|p2a: Sinistcha|flinch
|
|-weather|Sandstorm|[upkeep]
|-damage|p2a: Sinistcha|8/100|[from] Sandstorm
|upkeep
|turn|19
|
|t:|1781460077
|switch|p2a: Primarina|Primarina, M|39/100
|move|p1a: Excadrill|Iron Head|p2a: Primarina
|-damage|p2a: Primarina|0 fnt
|faint|p2a: Primarina
|
|-weather|none
|upkeep
|
|t:|1781460095
|switch|p2a: Tyranitar|Tyranitar, M|100/100
|-weather|Sandstorm|[from] ability: Sand Stream|[of] p2a: Tyranitar
|turn|20
|
|t:|1781460102
|switch|p1a: Alomomola|Alomomola, F|100/100
|move|p2a: Tyranitar|Ice Beam|p1a: Alomomola
|-resisted|p1a: Alomomola
|-damage|p1a: Alomomola|88/100
|
|-weather|Sandstorm|[upkeep]
|-damage|p1a: Alomomola|82/100|[from] Sandstorm
|-fieldend|move: Gravity
|upkeep
|turn|21
|
|t:|1781460113
|switch|p1a: Hatterene|Hatterene, F|58/100
|move|p2a: Tyranitar|Stealth Rock|p1a: Hatterene
|move|p1a: Hatterene|Stealth Rock|p2a: Tyranitar|[from] ability: Magic Bounce
|-sidestart|p2: looniertunes|move: Stealth Rock
|
|-weather|Sandstorm|[upkeep]
|-damage|p1a: Hatterene|52/100|[from] Sandstorm
|-heal|p1a: Hatterene|58/100|[from] item: Leftovers
|upkeep
|turn|22
|c|☆looniertunes|oops
|
|t:|1781460119
|move|p2a: Tyranitar|Knock Off|p1a: Hatterene
|-damage|p1a: Hatterene|23/100
|-enditem|p1a: Hatterene|Leftovers|[from] move: Knock Off|[of] p2a: Tyranitar
|move|p1a: Hatterene|Pain Split|p2a: Tyranitar
|-sethp|p2a: Tyranitar|59/100|[from] move: Pain Split|[silent]
|-sethp|p1a: Hatterene|75/100|[from] move: Pain Split
|
|-weather|Sandstorm|[upkeep]
|-damage|p1a: Hatterene|69/100|[from] Sandstorm
|upkeep
|turn|23
|
|t:|1781460142
|move|p2a: Tyranitar|Ice Beam|p1a: Hatterene
|-damage|p1a: Hatterene|47/100
|move|p1a: Hatterene|Draining Kiss|p2a: Tyranitar
|-supereffective|p2a: Tyranitar
|-damage|p2a: Tyranitar|40/100
|-heal|p1a: Hatterene|65/100|[from] drain|[of] p2a: Tyranitar
|
|-weather|Sandstorm|[upkeep]
|-damage|p1a: Hatterene|59/100|[from] Sandstorm
|upkeep
|turn|24
|
|t:|1781460149
|switch|p2a: Corviknight|Corviknight, F|61/100
|-damage|p2a: Corviknight|49/100|[from] Stealth Rock
|-ability|p2a: Corviknight|Pressure
|move|p1a: Hatterene|Draining Kiss|p2a: Corviknight
|-resisted|p2a: Corviknight
|-damage|p2a: Corviknight|38/100
|-heal|p1a: Hatterene|69/100|[from] drain|[of] p2a: Corviknight
|
|-weather|Sandstorm|[upkeep]
|-damage|p1a: Hatterene|63/100|[from] Sandstorm
|upkeep
|turn|25
|
|t:|1781460159
|move|p2a: Corviknight|Roost|p2a: Corviknight
|-heal|p2a: Corviknight|88/100
|-singleturn|p2a: Corviknight|move: Roost
|move|p1a: Hatterene|Gravity|p1a: Hatterene
|-fieldstart|move: Gravity
|
|-weather|Sandstorm|[upkeep]
|-damage|p1a: Hatterene|57/100|[from] Sandstorm
|upkeep
|turn|26
|
|t:|1781460168
|switch|p1a: Alomomola|Alomomola, F|100/100
|move|p2a: Corviknight|Brave Bird|p1a: Alomomola
|-damage|p1a: Alomomola|74/100
|-damage|p2a: Corviknight|78/100|[from] Recoil
|
|-weather|Sandstorm|[upkeep]
|-damage|p1a: Alomomola|68/100|[from] Sandstorm
|upkeep
|turn|27
|
|t:|1781460173
|move|p2a: Corviknight|Defog|p1a: Alomomola
|-unboost|p1a: Alomomola|evasion|1
|-sideend|p2: looniertunes|Stealth Rock|[from] move: Defog|[of] p2a: Corviknight
|move|p1a: Alomomola|Flip Turn|p2a: Corviknight
|-damage|p2a: Corviknight|64/100
|
|t:|1781460175
|switch|p1a: Excadrill|Excadrill, M, tera:Ground|80/100|[from] Flip Turn
|
|-weather|none
|upkeep
|turn|28
|
|t:|1781460197
|move|p1a: Excadrill|Earthquake|p2a: Corviknight
|-supereffective|p2a: Corviknight
|-damage|p2a: Corviknight|0 fnt
|faint|p2a: Corviknight
|
|upkeep
|
|t:|1781460200
|switch|p2a: Tyranitar|Tyranitar, M|40/100
|-weather|Sandstorm|[from] ability: Sand Stream|[of] p2a: Tyranitar
|turn|29
|
|t:|1781460204
|move|p1a: Excadrill|Earthquake|p2a: Tyranitar
|-supereffective|p2a: Tyranitar
|-damage|p2a: Tyranitar|0 fnt
|faint|p2a: Tyranitar
|
|-weather|Sandstorm|[upkeep]
|-fieldend|move: Gravity
|upkeep
|
|t:|1781460208
|switch|p2a: Conkeldurr|Conkeldurr, F|100/100
|turn|30
|
|t:|1781460211
|move|p1a: Excadrill|Earthquake|p2a: Conkeldurr
|-damage|p2a: Conkeldurr|0 fnt
|faint|p2a: Conkeldurr
|
|-weather|Sandstorm|[upkeep]
|upkeep
|
|t:|1781460213
|switch|p2a: Excadrill|Excadrill, F|100/100
|turn|31
|
|t:|1781460219
|move|p2a: Excadrill|Earthquake|p1a: Excadrill
|-damage|p1a: Excadrill|0 fnt
|faint|p1a: Excadrill
|-damage|p2a: Excadrill|91/100|[from] item: Life Orb
|
|-weather|Sandstorm|[upkeep]
|upkeep
|
|t:|1781460224
|switch|p1a: Alomomola|Alomomola, F|100/100
|turn|32
|
|t:|1781460242
|-terastallize|p2a: Excadrill|Ghost
|move|p1a: Alomomola|Aqua Jet|p2a: Excadrill
|-damage|p2a: Excadrill|70/100
|move|p2a: Excadrill|Swords Dance|p2a: Excadrill
|-boost|p2a: Excadrill|atk|2
|
|-weather|Sandstorm|[upkeep]
|-damage|p1a: Alomomola|94/100|[from] Sandstorm
|upkeep
|turn|33
|inactive|phreshoatmeal has 120 seconds left.
|
|t:|1781460270
|move|p2a: Excadrill|Earthquake|p1a: Alomomola
|-damage|p1a: Alomomola|0 fnt
|faint|p1a: Alomomola
|-damage|p2a: Excadrill|60/100|[from] item: Life Orb
|
|-weather|Sandstorm|[upkeep]
|upkeep
|inactive|phreshoatmeal has 120 seconds left.
|
|t:|1781460276
|switch|p1a: Amoonguss|Amoonguss, F|84/100
|turn|34
|
|t:|1781460278
|move|p2a: Excadrill|Earthquake|p1a: Amoonguss
|-damage|p1a: Amoonguss|0 fnt
|faint|p1a: Amoonguss
|-damage|p2a: Excadrill|50/100|[from] item: Life Orb
|
|-weather|Sandstorm|[upkeep]
|upkeep
|
|t:|1781460284
|switch|p1a: Tyranitar|Tyranitar, M|94/100
|turn|35
|
|t:|1781460288
|move|p2a: Excadrill|Earthquake|p1a: Tyranitar
|-supereffective|p1a: Tyranitar
|-damage|p1a: Tyranitar|0 fnt
|faint|p1a: Tyranitar
|-damage|p2a: Excadrill|40/100|[from] item: Life Orb
|
|-weather|Sandstorm|[upkeep]
|upkeep
|-message|phreshoatmeal forfeited.
|
|win|looniertunes
|raw|phreshoatmeal's rating: 1575 &rarr; <strong>1553</strong><br />(-22 for losing)
|raw|looniertunes's rating: 1546 &rarr; <strong>1568</strong><br />(+22 for winning)
|l|☆phreshoatmeal
|player|p1|
|l|☆looniertunes
|player|p2|
