|j|☆flamesjefferyx
|j|☆gabboh
|t:|1781530262
|gametype|singles
|player|p1|flamesjefferyx|zinnia|1552
|player|p2|gabboh|266|1535
|gen|9
|tier|[Gen 9] OU
|rated|
|rule|HP Percentage Mod: HP is shown in percentages
|rule|Endless Battle Clause: Forcing endless battles is banned
|rule|Species Clause: Limit one of each Pokémon
|rule|OHKO Clause: OHKO moves are banned
|rule|Evasion Items Clause: Evasion items are banned
|rule|Evasion Moves Clause: Evasion moves are banned
|rule|Evasion Abilities Clause: Evasion abilities are banned
|rule|Sleep Moves Clause: Sleep-inducing moves are banned
|clearpoke
|poke|p1|Overqwil, M|
|poke|p1|Raging Bolt|
|poke|p1|Regieleki|
|poke|p1|Greninja-*, M|
|poke|p1|Pelipper, M|
|poke|p1|Iron Treads|
|poke|p2|Comfey, F|
|poke|p2|Walking Wake|
|poke|p2|Great Tusk|
|poke|p2|Ninetales, F|
|poke|p2|Whimsicott, F|
|poke|p2|Iron Moth|
|teampreview
|inactive|Battle timer is ON: inactive players will automatically lose when time's up. (requested by flamesjefferyx)
|
|t:|1781530277
|teamsize|p1|6
|teamsize|p2|6
|start
|switch|p1a: dog|Overqwil, M, shiny|100/100
|switch|p2a: Walking Wake|Walking Wake|100/100
|turn|1
|
|t:|1781530285
|move|p2a: Walking Wake|Hydro Steam|p1a: dog
|-damage|p1a: dog|46/100
|move|p1a: dog|Gunk Shot|p2a: Walking Wake
|-damage|p2a: Walking Wake|28/100
|-damage|p1a: dog|37/100|[from] item: Life Orb
|
|upkeep
|turn|2
|
|t:|1781530315
|switch|p1a: cat|Raging Bolt|100/100
|-enditem|p1a: cat|Booster Energy
|-activate|p1a: cat|ability: Protosynthesis|[fromitem]
|-start|p1a: cat|protosynthesisspa
|move|p2a: Walking Wake|Hydro Steam|p1a: cat
|-resisted|p1a: cat
|-damage|p1a: cat|85/100
|
|upkeep
|turn|3
|
|t:|1781530327
|-end|p1a: cat|Protosynthesis|[silent]
|switch|p1a: big cat|Iron Treads, shiny|100/100
|-enditem|p1a: big cat|Booster Energy
|-activate|p1a: big cat|ability: Quark Drive|[fromitem]
|-start|p1a: big cat|quarkdrivespe
|move|p2a: Walking Wake|Draco Meteor|p1a: big cat
|-resisted|p1a: big cat
|-damage|p1a: big cat|56/100
|-unboost|p2a: Walking Wake|spa|2
|
|upkeep
|turn|4
|inactive|flamesjefferyx has 120 seconds left.
|
|t:|1781530357
|-end|p2a: Walking Wake|Protosynthesis|[silent]
|switch|p2a: Great Tusk|Great Tusk|100/100
|move|p1a: big cat|Steel Beam|p2a: Great Tusk
|-damage|p2a: Great Tusk|33/100
|-damage|p1a: big cat|5/100|[from] steelbeam
|
|upkeep
|turn|5
|
|t:|1781530364
|move|p1a: big cat|Stealth Rock|p2a: Great Tusk
|-sidestart|p2: gabboh|move: Stealth Rock
|move|p2a: Great Tusk|Rapid Spin|p1a: big cat
|-resisted|p1a: big cat
|-damage|p1a: big cat|0 fnt
|-boost|p2a: Great Tusk|spe|1
|-sideend|p2: gabboh|Stealth Rock|[from] move: Rapid Spin|[of] p2a: Great Tusk
|faint|p1a: big cat
|-end|p1a: big cat|Quark Drive|[silent]
|
|upkeep
|
|t:|1781530368
|switch|p1a: AHHHHHH!!!|Greninja, M|100/100
|turn|6
|
|t:|1781530384
|move|p1a: AHHHHHH!!!|Water Shuriken|p2a: Great Tusk
|-supereffective|p2a: Great Tusk
|-damage|p2a: Great Tusk|10/100
|-supereffective|p2a: Great Tusk
|-damage|p2a: Great Tusk|0 fnt
|faint|p2a: Great Tusk
|-end|p2a: Great Tusk|Protosynthesis|[silent]
|-ability|p1a: AHHHHHH!!!|Battle Bond|boost
|-boost|p1a: AHHHHHH!!!|atk|1
|-boost|p1a: AHHHHHH!!!|spa|1
|-boost|p1a: AHHHHHH!!!|spe|1
|-activate|p1a: AHHHHHH!!!|ability: Battle Bond
|-hitcount|p2: Great Tusk|2
|-damage|p1a: AHHHHHH!!!|91/100|[from] item: Life Orb
|
|upkeep
|
|t:|1781530401
|switch|p2a: Comfey|Comfey, F|100/100
|turn|7
|
|t:|1781530407
|move|p1a: AHHHHHH!!!|Surf|p2a: Comfey
|-damage|p2a: Comfey|20/100
|-damage|p1a: AHHHHHH!!!|81/100|[from] item: Life Orb
|move|p2a: Comfey|Growth|p2a: Comfey
|-boost|p2a: Comfey|atk|1
|-boost|p2a: Comfey|spa|1
|
|upkeep
|turn|8
|
|t:|1781530414
|move|p2a: Comfey|Draining Kiss|p1a: AHHHHHH!!!
|-supereffective|p1a: AHHHHHH!!!
|-damage|p1a: AHHHHHH!!!|0 fnt
|-heal|p2a: Comfey|76/100|[from] drain|[of] p1a: AHHHHHH!!!
|faint|p1a: AHHHHHH!!!
|-damage|p2a: Comfey|66/100|[from] item: Life Orb
|
|upkeep
|
|t:|1781530422
|switch|p1a: david|Pelipper, M, shiny|100/100
|-weather|RainDance|[from] ability: Drizzle|[of] p1a: david
|turn|9
|
|t:|1781530430
|move|p2a: Comfey|Draining Kiss|p1a: david
|-damage|p1a: david|32/100
|-heal|p2a: Comfey|100/100|[from] drain|[of] p1a: david
|-damage|p2a: Comfey|91/100|[from] item: Life Orb
|move|p1a: david|U-turn|p2a: Comfey
|-resisted|p2a: Comfey
|-damage|p2a: Comfey|85/100
|
|t:|1781530433
|switch|p1a: dog|Overqwil, M, shiny|37/100|[from] U-turn
|
|-weather|RainDance|[upkeep]
|upkeep
|turn|10
|
|t:|1781530440
|move|p2a: Comfey|Draining Kiss|p1a: dog
|-damage|p1a: dog|0 fnt
|-heal|p2a: Comfey|100/100|[from] drain|[of] p1a: dog
|faint|p1a: dog
|-damage|p2a: Comfey|91/100|[from] item: Life Orb
|
|-weather|RainDance|[upkeep]
|upkeep
|
|t:|1781530444
|switch|p1a: lol|Regieleki|100/100
|turn|11
|
|t:|1781530451
|-terastallize|p1a: lol|Normal
|move|p2a: Comfey|Draining Kiss|p1a: lol
|-damage|p1a: lol|27/100
|-heal|p2a: Comfey|100/100|[from] drain|[of] p1a: lol
|-damage|p2a: Comfey|91/100|[from] item: Life Orb
|move|p1a: lol|Thunder|p2a: Comfey
|-damage|p2a: Comfey|0 fnt
|faint|p2a: Comfey
|
|-weather|RainDance|[upkeep]
|upkeep
|
|t:|1781530464
|switch|p2a: Ninetales|Ninetales, F, shiny|100/100
|-weather|SunnyDay|[from] ability: Drought|[of] p2a: Ninetales
|turn|12
|j| Shimeon91
|
|t:|1781530470
|switch|p1a: david|Pelipper, M, shiny|32/100
|-weather|RainDance|[from] ability: Drizzle|[of] p1a: david
|switch|p2a: Walking Wake|Walking Wake|28/100
|
|-weather|RainDance|[upkeep]
|upkeep
|turn|13
|
|t:|1781530477
|move|p2a: Walking Wake|Hydro Steam|p1a: david
|-resisted|p1a: david
|-damage|p1a: david|0 fnt
|faint|p1a: david
|
|-weather|RainDance|[upkeep]
|upkeep
|
|t:|1781530480
|switch|p1a: cat|Raging Bolt|85/100
|turn|14
|
|t:|1781530486
|move|p1a: cat|Thunderclap|p2a: Walking Wake
|-damage|p2a: Walking Wake|0 fnt
|faint|p2a: Walking Wake
|-end|p2a: Walking Wake|Protosynthesis|[silent]
|
|-weather|RainDance|[upkeep]
|upkeep
|
|t:|1781530490
|switch|p2a: Ninetales|Ninetales, F, shiny|100/100
|-weather|SunnyDay|[from] ability: Drought|[of] p2a: Ninetales
|-activate|p1a: cat|ability: Protosynthesis
|-start|p1a: cat|protosynthesisspa
|turn|15
|
|t:|1781530496
|move|p2a: Ninetales|Encore|p1a: cat
|-start|p1a: cat|Encore
|move|p1a: cat|Thunderclap||[still]
|-fail|p1a: cat
|
|-weather|SunnyDay|[upkeep]
|upkeep
|turn|16
|
|t:|1781530509
|switch|p2a: Whimsicott|Whimsicott, F|100/100
|-end|p1a: cat|Protosynthesis|[silent]
|switch|p1a: lol|Regieleki, tera:Normal|27/100
|
|-weather|SunnyDay|[upkeep]
|upkeep
|turn|17
|
|t:|1781530516
|move|p2a: Whimsicott|Moonblast|p1a: lol
|-damage|p1a: lol|0 fnt
|faint|p1a: lol
|-damage|p2a: Whimsicott|91/100|[from] item: Life Orb
|
|-weather|SunnyDay|[upkeep]
|upkeep
|
|t:|1781530520
|switch|p1a: cat|Raging Bolt|85/100
|-activate|p1a: cat|ability: Protosynthesis
|-start|p1a: cat|protosynthesisspa
|turn|18
|
|t:|1781530525
|move|p2a: Whimsicott|Moonblast|p1a: cat
|-supereffective|p1a: cat
|-damage|p1a: cat|0 fnt
|faint|p1a: cat
|-end|p1a: cat|Protosynthesis|[silent]
|-damage|p2a: Whimsicott|81/100|[from] item: Life Orb
|
|win|gabboh
|raw|flamesjefferyx's rating: 1552 &rarr; <strong>1531</strong><br />(-21 for losing)
|raw|gabboh's rating: 1535 &rarr; <strong>1556</strong><br />(+21 for winning)
|l|☆flamesjefferyx
|player|p1|
|l| Shimeon91
|l|☆gabboh
|player|p2|
