|j|☆yappyy
|j|☆The median voter
|t:|1781190379
|gametype|singles
|player|p1|yappyy|2|1569
|player|p2|The median voter|scientist-gen4dp|1648
|gen|9
|tier|[Gen 9] OU
|rated|
|rule|HP Percentage Mod: HP is shown in percentages
|rule|Endless Battle Clause: Forcing endless battles is banned
|rule|Species Clause: Limit one of each Pokémon
|rule|OHKO Clause: OHKO moves are banned
|rule|Evasion Items Clause: Evasion items are banned
|rule|Evasion Moves Clause: Evasion moves are banned
|rule|Evasion Abilities Clause: Evasion abilities are banned
|rule|Sleep Moves Clause: Sleep-inducing moves are banned
|clearpoke
|poke|p1|Araquanid, F|
|poke|p1|Raging Bolt|
|poke|p1|Iron Moth|
|poke|p1|Hatterene, F|
|poke|p1|Samurott-Hisui, M|
|poke|p1|Ceruledge, F|
|poke|p2|Zapdos|
|poke|p2|Great Tusk|
|poke|p2|Hoopa-Unbound|
|poke|p2|Alomomola, F|
|poke|p2|Iron Valiant|
|poke|p2|Rillaboom, M|
|teampreview
|l|☆The median voter
|player|p2|
|l|☆yappyy
|player|p1|
|j|☆yappyy
|player|p1|yappyy|2|
|inactive|Battle timer is ON: inactive players will automatically lose when time's up. (requested by yappyy)
|j|☆The median voter
|inactive|The median voter reconnected.
|player|p2|The median voter|scientist-gen4dp|
|
|t:|1781190419
|teamsize|p1|6
|teamsize|p2|6
|start
|switch|p1a: Iron Moth|Iron Moth|100/100
|switch|p2a: Zealot|Rillaboom, M|100/100
|-fieldstart|move: Grassy Terrain|[from] ability: Grassy Surge|[of] p2a: Zealot
|-enditem|p1a: Iron Moth|Booster Energy
|-activate|p1a: Iron Moth|ability: Quark Drive|[fromitem]
|-start|p1a: Iron Moth|quarkdrivespa
|turn|1
|
|t:|1781190425
|switch|p2a: The End of All|Hoopa-Unbound|100/100
|move|p1a: Iron Moth|Substitute|p1a: Iron Moth
|-start|p1a: Iron Moth|Substitute
|-damage|p1a: Iron Moth|76/100
|
|-heal|p1a: Iron Moth|82/100|[from] Grassy Terrain
|upkeep
|turn|2
|
|t:|1781190432
|move|p1a: Iron Moth|Sludge Wave|p2a: The End of All
|-damage|p2a: The End of All|66/100
|move|p2a: The End of All|Psychic Noise|p1a: Iron Moth
|-supereffective|p1a: Iron Moth
|-damage|p1a: Iron Moth|0 fnt
|faint|p1a: Iron Moth
|-end|p1a: Iron Moth|Quark Drive|[silent]
|
|-heal|p2a: The End of All|72/100|[from] Grassy Terrain
|upkeep
|l|☆The median voter
|inactive|The median voter disconnected and has a minute to reconnect!
|player|p2|
|
|t:|1781190445
|switch|p1a: Araquanid|Araquanid, F|100/100
|turn|3
|j|☆The median voter
|inactive|The median voter reconnected and has 130 seconds left.
|player|p2|The median voter|scientist-gen4dp|
|
|t:|1781190471
|switch|p2a: Zealot|Rillaboom, M|100/100
|move|p1a: Araquanid|Sticky Web|p2a: Zealot
|-sidestart|p2: The median voter|move: Sticky Web
|
|upkeep
|turn|4
|
|t:|1781190479
|move|p1a: Araquanid|Endure|p1a: Araquanid
|-singleturn|p1a: Araquanid|move: Endure
|move|p2a: Zealot|Wood Hammer|p1a: Araquanid
|-activate|p1a: Araquanid|move: Endure
|-damage|p1a: Araquanid|1/100
|-damage|p2a: Zealot|71/100|[from] Recoil
|
|-heal|p2a: Zealot|78/100|[from] Grassy Terrain
|-heal|p1a: Araquanid|7/100|[from] Grassy Terrain
|upkeep
|turn|5
|-enditem|p1a: Araquanid|Custap Berry|[eat]
|-activate|p1a: Araquanid|item: Custap Berry|[consumed]
|
|t:|1781190496
|switch|p2a: Holy Envoy|Alomomola, F|100/100
|-activate|p2a: Holy Envoy|move: Sticky Web
|-unboost|p2a: Holy Envoy|spe|1
|move|p1a: Araquanid|Endeavor|p2a: Holy Envoy
|-damage|p2a: Holy Envoy|5/100
|
|-heal|p1a: Araquanid|13/100|[from] Grassy Terrain
|-heal|p2a: Holy Envoy|11/100|[from] Grassy Terrain
|-fieldend|move: Grassy Terrain
|upkeep
|turn|6
|
|t:|1781190500
|move|p1a: Araquanid|Liquidation|p2a: Holy Envoy
|-resisted|p2a: Holy Envoy
|-damage|p2a: Holy Envoy|0 fnt
|faint|p2a: Holy Envoy
|
|upkeep
|
|t:|1781190505
|switch|p2a: Templar|Great Tusk|100/100
|turn|7
|
|t:|1781190512
|switch|p1a: Ceruledge|Ceruledge, F|100/100
|move|p2a: Templar|Headlong Rush|p1a: Ceruledge
|-supereffective|p1a: Ceruledge
|-damage|p1a: Ceruledge|0 fnt
|-unboost|p2a: Templar|def|1
|-unboost|p2a: Templar|spd|1
|faint|p1a: Ceruledge
|
|upkeep
|
|t:|1781190520
|switch|p1a: Samurott|Samurott-Hisui, M|100/100
|turn|8
|
|t:|1781190524
|-end|p2a: Templar|Protosynthesis|[silent]
|switch|p2a: Preacher|Zapdos|100/100
|-terastallize|p1a: Samurott|Ghost
|move|p1a: Samurott|Aqua Cutter|p2a: Preacher
|-damage|p2a: Preacher|67/100
|
|upkeep
|turn|9
|
|t:|1781190528
|switch|p1a: Araquanid|Araquanid, F|13/100
|move|p2a: Preacher|Discharge|p1a: Araquanid
|-supereffective|p1a: Araquanid
|-damage|p1a: Araquanid|0 fnt
|faint|p1a: Araquanid
|
|upkeep
|
|t:|1781190531
|switch|p1a: Raging Bolt|Raging Bolt|100/100
|-enditem|p1a: Raging Bolt|Booster Energy
|-activate|p1a: Raging Bolt|ability: Protosynthesis|[fromitem]
|-start|p1a: Raging Bolt|protosynthesisspa
|turn|10
|
|t:|1781190536
|move|p1a: Raging Bolt|Dragon Pulse|p2a: Preacher
|-damage|p2a: Preacher|1/100
|move|p2a: Preacher|U-turn|p1a: Raging Bolt
|-damage|p1a: Raging Bolt|87/100
|
|t:|1781190540
|switch|p2a: The End of All|Hoopa-Unbound|72/100|[from] U-turn
|-activate|p2a: The End of All|move: Sticky Web
|-unboost|p2a: The End of All|spe|1
|
|upkeep
|turn|11
|
|t:|1781190548
|move|p1a: Raging Bolt|Calm Mind|p1a: Raging Bolt
|-boost|p1a: Raging Bolt|spa|1
|-boost|p1a: Raging Bolt|spd|1
|move|p2a: The End of All|Psychic Noise|p1a: Raging Bolt
|-damage|p1a: Raging Bolt|58/100
|-start|p1a: Raging Bolt|move: Heal Block
|
|upkeep
|turn|12
|
|t:|1781190552
|move|p1a: Raging Bolt|Thunderbolt|p2a: The End of All
|-damage|p2a: The End of All|17/100
|move|p2a: The End of All|Drain Punch|p1a: Raging Bolt
|-damage|p1a: Raging Bolt|30/100
|-heal|p2a: The End of All|33/100|[from] drain|[of] p1a: Raging Bolt
|
|-end|p1a: Raging Bolt|move: Heal Block
|upkeep
|turn|13
|
|t:|1781190558
|move|p1a: Raging Bolt|Dragon Pulse|p2a: The End of All
|-crit|p2a: The End of All
|-damage|p2a: The End of All|0 fnt
|faint|p2a: The End of All
|
|upkeep
|
|t:|1781190564
|switch|p2a: Zealot|Rillaboom, M|78/100
|-activate|p2a: Zealot|move: Sticky Web
|-unboost|p2a: Zealot|spe|1
|-fieldstart|move: Grassy Terrain|[from] ability: Grassy Surge|[of] p2a: Zealot
|turn|14
|
|t:|1781190569
|-terastallize|p2a: Zealot|Grass
|move|p2a: Zealot|Grassy Glide|p1a: Raging Bolt
|-resisted|p1a: Raging Bolt
|-crit|p1a: Raging Bolt
|-damage|p1a: Raging Bolt|0 fnt
|faint|p1a: Raging Bolt
|-end|p1a: Raging Bolt|Protosynthesis|[silent]
|
|-heal|p2a: Zealot|84/100|[from] Grassy Terrain
|upkeep
|-message|yappyy forfeited.
|
|win|The median voter
|raw|yappyy's rating: 1569 &rarr; <strong>1553</strong><br />(-16 for losing)
|raw|The median voter's rating: 1648 &rarr; <strong>1664</strong><br />(+16 for winning)
|l|☆yappyy
|player|p1|
