|j|☆lolcano46
|j|☆Bigkyuza18
|t:|1781051206
|gametype|singles
|player|p1|lolcano46|fisherman-gen4|1637
|player|p2|Bigkyuza18|1|1665
|gen|9
|tier|[Gen 9] OU
|rated|
|rule|HP Percentage Mod: HP is shown in percentages
|rule|Endless Battle Clause: Forcing endless battles is banned
|rule|Species Clause: Limit one of each Pokémon
|rule|OHKO Clause: OHKO moves are banned
|rule|Evasion Items Clause: Evasion items are banned
|rule|Evasion Moves Clause: Evasion moves are banned
|rule|Evasion Abilities Clause: Evasion abilities are banned
|rule|Sleep Moves Clause: Sleep-inducing moves are banned
|clearpoke
|poke|p1|Azelf|
|poke|p1|Ogerpon-Wellspring, F|
|poke|p1|Scizor, F|
|poke|p1|Gengar, M|
|poke|p1|Raging Bolt|
|poke|p1|Cinderace, F|
|poke|p2|Tyranitar, F|
|poke|p2|Excadrill, M|
|poke|p2|Tornadus-Therian, M|
|poke|p2|Sinistcha|
|poke|p2|Toxapex, F|
|poke|p2|Tinkaton, F|
|teampreview
|inactive|Battle timer is ON: inactive players will automatically lose when time's up. (requested by lolcano46)
|
|t:|1781051216
|teamsize|p1|6
|teamsize|p2|6
|start
|switch|p1a: Scizor|Scizor, F|100/100
|switch|p2a: Tinkaton|Tinkaton, F|100/100
|-ability|p2a: Tinkaton|Mold Breaker
|-item|p2a: Tinkaton|Air Balloon
|turn|1
|
|t:|1781051222
|move|p2a: Tinkaton|Stealth Rock|p1a: Scizor
|-sidestart|p1: lolcano46|move: Stealth Rock
|move|p1a: Scizor|Swords Dance|p1a: Scizor
|-boost|p1a: Scizor|atk|2
|
|upkeep
|turn|2
|
|t:|1781051229
|move|p1a: Scizor|Bullet Punch|p2a: Tinkaton
|-damage|p2a: Tinkaton|18/100
|-enditem|p2a: Tinkaton|Air Balloon
|move|p2a: Tinkaton|Encore|p1a: Scizor
|-start|p1a: Scizor|Encore
|
|upkeep
|turn|3
|
|t:|1781051232
|switch|p2a: Toxapex|Toxapex, F|100/100
|move|p1a: Scizor|Bullet Punch|p2a: Toxapex
|-resisted|p2a: Toxapex
|-damage|p2a: Toxapex|70/100
|-enditem|p2a: Toxapex|Eject Button
|
|t:|1781051236
|switch|p2a: Excadrill|Excadrill, M|100/100
|
|upkeep
|turn|4
|
|t:|1781051238
|move|p1a: Scizor|Bullet Punch|p2a: Excadrill
|-resisted|p2a: Excadrill
|-damage|p2a: Excadrill|47/100
|move|p2a: Excadrill|Earthquake|p1a: Scizor
|-damage|p1a: Scizor|34/100
|
|upkeep
|turn|5
|
|t:|1781051243
|switch|p2a: Toxapex|Toxapex, F|100/100
|move|p1a: Scizor|Bullet Punch|p2a: Toxapex
|-resisted|p2a: Toxapex
|-damage|p2a: Toxapex|71/100
|
|-end|p1a: Scizor|Encore
|upkeep
|turn|6
|
|t:|1781051245
|move|p1a: Scizor|Knock Off|p2a: Toxapex
|-damage|p2a: Toxapex|32/100
|move|p2a: Toxapex|Haze|p2a: Toxapex
|-clearallboost
|
|upkeep
|turn|7
|
|t:|1781051249
|move|p1a: Scizor|Swords Dance|p1a: Scizor
|-boost|p1a: Scizor|atk|2
|move|p2a: Toxapex|Recover|p2a: Toxapex
|-heal|p2a: Toxapex|82/100
|
|upkeep
|turn|8
|
|t:|1781051252
|switch|p1a: Cinderace|Cinderace, F|100/100
|move|p2a: Toxapex|Haze|p2a: Toxapex
|-clearallboost
|
|upkeep
|turn|9
|
|t:|1781051254
|move|p1a: Cinderace|Court Change|p1a: Cinderace
|-start|p1a: Cinderace|typechange|Normal|[from] ability: Libero
|-swapsideconditions
|-activate|p1a: Cinderace|move: Court Change
|move|p2a: Toxapex|Toxic|p1a: Cinderace
|-status|p1a: Cinderace|tox
|
|-damage|p1a: Cinderace|95/100 tox|[from] psn
|upkeep
|turn|10
|
|t:|1781051257
|switch|p1a: Raging Bolt|Raging Bolt|100/100
|-enditem|p1a: Raging Bolt|Booster Energy
|-activate|p1a: Raging Bolt|ability: Protosynthesis|[fromitem]
|-start|p1a: Raging Bolt|protosynthesisspa
|move|p2a: Toxapex|Toxic Spikes|p1a: Raging Bolt
|-sidestart|p1: lolcano46|move: Toxic Spikes
|
|upkeep
|turn|11
|
|t:|1781051262
|switch|p2a: Tinkaton|Tinkaton, F|18/100
|-damage|p2a: Tinkaton|12/100|[from] Stealth Rock
|-ability|p2a: Tinkaton|Mold Breaker
|move|p1a: Raging Bolt|Dragon Pulse|p2a: Tinkaton
|-immune|p2a: Tinkaton
|
|upkeep
|turn|12
|
|t:|1781051268
|-end|p1a: Raging Bolt|Protosynthesis|[silent]
|switch|p1a: Cinderace|Cinderace, F|95/100 tox
|move|p2a: Tinkaton|Stealth Rock|p1a: Cinderace
|-sidestart|p1: lolcano46|move: Stealth Rock
|
|-damage|p1a: Cinderace|89/100 tox|[from] psn
|upkeep
|turn|13
|
|t:|1781051298
|move|p1a: Cinderace|Pyro Ball|p2a: Tinkaton
|-supereffective|p2a: Tinkaton
|-damage|p2a: Tinkaton|0 fnt
|faint|p2a: Tinkaton
|
|-damage|p1a: Cinderace|77/100 tox|[from] psn
|upkeep
|
|t:|1781051302
|switch|p2a: Tornadus|Tornadus-Therian, M|100/100
|-damage|p2a: Tornadus|76/100|[from] Stealth Rock
|turn|14
|
|t:|1781051306
|move|p2a: Tornadus|Bleakwind Storm|p1a: Cinderace
|-damage|p1a: Cinderace|0 fnt
|faint|p1a: Cinderace
|
|upkeep
|
|t:|1781051311
|switch|p1a: Gengar|Gengar, M|100/100
|-sideend|p1: lolcano46|move: Toxic Spikes|[of] p1a: Gengar
|-damage|p1a: Gengar|88/100|[from] Stealth Rock
|turn|15
|
|t:|1781051314
|switch|p1a: Raging Bolt|Raging Bolt|100/100
|-damage|p1a: Raging Bolt|88/100|[from] Stealth Rock
|move|p2a: Tornadus|Bleakwind Storm|p1a: Raging Bolt
|-resisted|p1a: Raging Bolt
|-damage|p1a: Raging Bolt|54/100
|
|upkeep
|turn|16
|
|t:|1781051318
|switch|p2a: Excadrill|Excadrill, M|47/100
|-damage|p2a: Excadrill|44/100|[from] Stealth Rock
|move|p1a: Raging Bolt|Dragon Pulse|p2a: Excadrill
|-resisted|p2a: Excadrill
|-damage|p2a: Excadrill|8/100
|
|upkeep
|turn|17
|
|t:|1781051324
|-end|p1a: Raging Bolt|Protosynthesis|[silent]
|switch|p1a: Azelf|Azelf|100/100
|-damage|p1a: Azelf|88/100|[from] Stealth Rock
|move|p2a: Excadrill|Earthquake|p1a: Azelf
|-immune|p1a: Azelf|[from] ability: Levitate
|
|upkeep
|turn|18
|
|t:|1781051330
|switch|p2a: Tyranitar|Tyranitar, F|100/100
|-damage|p2a: Tyranitar|88/100|[from] Stealth Rock
|-weather|Sandstorm|[from] ability: Sand Stream|[of] p2a: Tyranitar
|move|p1a: Azelf|Mystical Power|p2a: Tyranitar
|-immune|p2a: Tyranitar
|
|-weather|Sandstorm|[upkeep]
|-damage|p1a: Azelf|82/100|[from] Sandstorm
|upkeep
|turn|19
|
|t:|1781051334
|-terastallize|p1a: Azelf|Fairy
|move|p1a: Azelf|Dazzling Gleam|p2a: Tyranitar
|-supereffective|p2a: Tyranitar
|-damage|p2a: Tyranitar|27/100
|move|p2a: Tyranitar|Knock Off|p1a: Azelf
|-resisted|p1a: Azelf
|-damage|p1a: Azelf|19/100
|-enditem|p1a: Azelf|Expert Belt|[from] move: Knock Off|[of] p2a: Tyranitar
|
|-weather|Sandstorm|[upkeep]
|-damage|p1a: Azelf|12/100|[from] Sandstorm
|upkeep
|turn|20
|
|t:|1781051341
|move|p1a: Azelf|Dazzling Gleam|p2a: Tyranitar
|-supereffective|p2a: Tyranitar
|-damage|p2a: Tyranitar|0 fnt
|faint|p2a: Tyranitar
|
|-weather|Sandstorm|[upkeep]
|-damage|p1a: Azelf|6/100|[from] Sandstorm
|upkeep
|
|t:|1781051343
|switch|p2a: Excadrill|Excadrill, M|8/100
|-damage|p2a: Excadrill|5/100|[from] Stealth Rock
|turn|21
|
|t:|1781051350
|switch|p1a: Raging Bolt|Raging Bolt|54/100
|-damage|p1a: Raging Bolt|41/100|[from] Stealth Rock
|move|p2a: Excadrill|Rock Blast|p1a: Raging Bolt
|-damage|p1a: Raging Bolt|32/100
|-damage|p1a: Raging Bolt|23/100
|-damage|p1a: Raging Bolt|14/100
|-damage|p1a: Raging Bolt|4/100
|-damage|p1a: Raging Bolt|0 fnt
|faint|p1a: Raging Bolt
|-end|p1a: Raging Bolt|Protosynthesis|[silent]
|-hitcount|p1: Raging Bolt|5
|
|-weather|Sandstorm|[upkeep]
|upkeep
|
|t:|1781051352
|switch|p1a: Scizor|Scizor, F|34/100
|-damage|p1a: Scizor|21/100|[from] Stealth Rock
|turn|22
|
|t:|1781051356
|move|p1a: Scizor|Bullet Punch|p2a: Excadrill
|-resisted|p2a: Excadrill
|-damage|p2a: Excadrill|0 fnt
|faint|p2a: Excadrill
|
|-weather|none
|upkeep
|
|t:|1781051361
|switch|p2a: Tornadus|Tornadus-Therian, M|100/100
|-damage|p2a: Tornadus|76/100|[from] Stealth Rock
|turn|23
|
|t:|1781051366
|move|p1a: Scizor|Bullet Punch|p2a: Tornadus
|-damage|p2a: Tornadus|23/100
|move|p2a: Tornadus|Heat Wave|p1a: Scizor
|-supereffective|p1a: Scizor
|-damage|p1a: Scizor|0 fnt
|faint|p1a: Scizor
|
|upkeep
|
|t:|1781051373
|switch|p1a: Gengar|Gengar, M|88/100
|-damage|p1a: Gengar|76/100|[from] Stealth Rock
|turn|24
|j| kanaete onegai
|
|t:|1781051376
|switch|p2a: Toxapex|Toxapex, F|100/100
|-damage|p2a: Toxapex|88/100|[from] Stealth Rock
|move|p1a: Gengar|Shadow Ball|p2a: Toxapex
|-damage|p2a: Toxapex|61/100
|
|upkeep
|turn|25
|
|t:|1781051383
|move|p1a: Gengar|Shadow Ball|p2a: Toxapex
|-damage|p2a: Toxapex|33/100
|-unboost|p2a: Toxapex|spd|1
|move|p2a: Toxapex|Recover|p2a: Toxapex
|-heal|p2a: Toxapex|83/100
|
|upkeep
|turn|26
|
|t:|1781051387
|move|p1a: Gengar|Shadow Ball|p2a: Toxapex
|-damage|p2a: Toxapex|40/100
|move|p2a: Toxapex|Toxic Spikes|p1a: Gengar
|-sidestart|p1: lolcano46|move: Toxic Spikes
|
|upkeep
|turn|27
|
|t:|1781051391
|switch|p2a: Tornadus|Tornadus-Therian, M|56/100
|-damage|p2a: Tornadus|31/100|[from] Stealth Rock
|move|p1a: Gengar|Shadow Ball|p2a: Tornadus
|-damage|p2a: Tornadus|0 fnt
|faint|p2a: Tornadus
|
|upkeep
|
|t:|1781051394
|switch|p2a: Toxapex|Toxapex, F|73/100
|-damage|p2a: Toxapex|61/100|[from] Stealth Rock
|turn|28
|
|t:|1781051396
|move|p1a: Gengar|Shadow Ball|p2a: Toxapex
|-damage|p2a: Toxapex|35/100
|move|p2a: Toxapex|Recover|p2a: Toxapex
|-heal|p2a: Toxapex|85/100
|
|upkeep
|turn|29
|
|t:|1781051399
|move|p1a: Gengar|Shadow Ball|p2a: Toxapex
|-damage|p2a: Toxapex|59/100
|move|p2a: Toxapex|Toxic Spikes|p1a: Gengar
|-sidestart|p1: lolcano46|move: Toxic Spikes
|
|upkeep
|turn|30
|
|t:|1781051404
|move|p1a: Gengar|Shadow Ball|p2a: Toxapex
|-damage|p2a: Toxapex|32/100
|move|p2a: Toxapex|Recover|p2a: Toxapex
|-heal|p2a: Toxapex|82/100
|
|upkeep
|turn|31
|
|t:|1781051409
|switch|p1a: Azelf|Azelf, tera:Fairy|6/100
|-damage|p1a: Azelf|0 fnt|[from] Stealth Rock
|faint|p1a: Azelf
|move|p2a: Toxapex|Recover|p2a: Toxapex
|-heal|p2a: Toxapex|100/100
|
|upkeep
|
|t:|1781051411
|switch|p1a: Gengar|Gengar, M|76/100
|-damage|p1a: Gengar|64/100|[from] Stealth Rock
|-sideend|p1: lolcano46|move: Toxic Spikes|[of] p1a: Gengar
|turn|32
|
|t:|1781051413
|move|p1a: Gengar|Trick|p2a: Toxapex
|-activate|p1a: Gengar|move: Trick|[of] p2a: Toxapex
|-item|p2a: Toxapex|Choice Scarf|[from] move: Trick
|-enditem|p1a: Gengar|Choice Scarf|[silent]|[from] move: Trick
|move|p2a: Toxapex|Toxic Spikes|p1a: Gengar
|-sidestart|p1: lolcano46|move: Toxic Spikes
|
|upkeep
|turn|33
|
|t:|1781051418
|move|p1a: Gengar|Shadow Ball|p2a: Toxapex
|-damage|p2a: Toxapex|74/100
|move|p2a: Toxapex|Toxic Spikes|p1a: Gengar
|-sidestart|p1: lolcano46|move: Toxic Spikes
|
|upkeep
|turn|34
|
|t:|1781051422
|move|p1a: Gengar|Shadow Ball|p2a: Toxapex
|-damage|p2a: Toxapex|47/100
|move|p2a: Toxapex|Toxic Spikes||[still]
|-fail|p2a: Toxapex
|
|upkeep
|turn|35
|
|t:|1781051429
|move|p1a: Gengar|Shadow Ball|p2a: Toxapex
|-crit|p2a: Toxapex
|-damage|p2a: Toxapex|8/100
|move|p2a: Toxapex|Toxic Spikes||[still]
|-fail|p2a: Toxapex
|
|upkeep
|turn|36
|
|t:|1781051432
|move|p1a: Gengar|Shadow Ball|p2a: Toxapex
|-damage|p2a: Toxapex|0 fnt
|faint|p2a: Toxapex
|
|upkeep
|
|t:|1781051434
|switch|p2a: Sinistcha|Sinistcha|100/100
|turn|37
|
|t:|1781051436
|-terastallize|p2a: Sinistcha|Poison
|move|p1a: Gengar|Sludge Bomb|p2a: Sinistcha
|-resisted|p2a: Sinistcha
|-damage|p2a: Sinistcha|73/100
|move|p2a: Sinistcha|Shadow Ball|p1a: Gengar
|-supereffective|p1a: Gengar
|-damage|p1a: Gengar|0 fnt
|faint|p1a: Gengar
|
|upkeep
|
|t:|1781051439
|switch|p1a: Ogerpon|Ogerpon-Wellspring, F|100/100
|-damage|p1a: Ogerpon|88/100|[from] Stealth Rock
|-status|p1a: Ogerpon|tox
|turn|38
|
|t:|1781051442
|move|p1a: Ogerpon|Ivy Cudgel|p2a: Sinistcha|[anim] Ivy Cudgel Water
|-damage|p2a: Sinistcha|30/100
|move|p2a: Sinistcha|Strength Sap|p1a: Ogerpon
|-unboost|p1a: Ogerpon|atk|1
|-heal|p2a: Sinistcha|100/100
|
|-damage|p1a: Ogerpon|82/100 tox|[from] psn
|upkeep
|turn|39
|
|t:|1781051445
|move|p1a: Ogerpon|Swords Dance|p1a: Ogerpon
|-boost|p1a: Ogerpon|atk|2
|move|p2a: Sinistcha|Matcha Gotcha|p1a: Ogerpon
|-damage|p1a: Ogerpon|41/100 tox
|
|-damage|p1a: Ogerpon|29/100 tox|[from] psn
|upkeep
|turn|40
|
|t:|1781051448
|move|p1a: Ogerpon|Ivy Cudgel|p2a: Sinistcha|[anim] Ivy Cudgel Water
|-damage|p2a: Sinistcha|39/100
|move|p2a: Sinistcha|Strength Sap|p1a: Ogerpon
|-unboost|p1a: Ogerpon|atk|1
|-heal|p2a: Sinistcha|100/100
|
|-damage|p1a: Ogerpon|11/100 tox|[from] psn
|upkeep
|turn|41
|
|t:|1781051453
|move|p1a: Ogerpon|Ivy Cudgel|p2a: Sinistcha|[anim] Ivy Cudgel Water
|-damage|p2a: Sinistcha|59/100
|move|p2a: Sinistcha|Strength Sap|p1a: Ogerpon
|-unboost|p1a: Ogerpon|atk|1
|-heal|p2a: Sinistcha|100/100
|
|-damage|p1a: Ogerpon|0 fnt|[from] psn
|faint|p1a: Ogerpon
|
|win|Bigkyuza18
|raw|lolcano46's rating: 1637 &rarr; <strong>1619</strong><br />(-18 for losing)
|raw|Bigkyuza18's rating: 1665 &rarr; <strong>1683</strong><br />(+18 for winning)
|l|☆lolcano46
|player|p1|
|l|☆Bigkyuza18
|player|p2|
