|j|☆pepinoloko
|j|☆snurke
|t:|1780955186
|gametype|singles
|player|p1|pepinoloko|byron|1568
|player|p2|snurke|sisandbro|1592
|gen|9
|tier|[Gen 9] OU
|rated|
|rule|HP Percentage Mod: HP is shown in percentages
|rule|Endless Battle Clause: Forcing endless battles is banned
|rule|Species Clause: Limit one of each Pokémon
|rule|OHKO Clause: OHKO moves are banned
|rule|Evasion Items Clause: Evasion items are banned
|rule|Evasion Moves Clause: Evasion moves are banned
|rule|Evasion Abilities Clause: Evasion abilities are banned
|rule|Sleep Moves Clause: Sleep-inducing moves are banned
|clearpoke
|poke|p1|Zoroark-Hisui, F|
|poke|p1|Cinderace, F|
|poke|p1|Araquanid, F|
|poke|p1|Breloom, M|
|poke|p1|Hydrapple, M|
|poke|p1|Grimmsnarl, M|
|poke|p2|Ogerpon-Wellspring, F|
|poke|p2|Garganacl, M|
|poke|p2|Rillaboom, M|
|poke|p2|Hawlucha, M|
|poke|p2|Iron Treads|
|poke|p2|Moltres|
|teampreview
|inactive|Battle timer is ON: inactive players will automatically lose when time's up. (requested by pepinoloko)
|inactive|snurke has 120 seconds left.
|
|t:|1780955254
|teamsize|p1|6
|teamsize|p2|6
|start
|switch|p1a: Breloom|Breloom, M|100/100
|switch|p2a: Rillaboom|Rillaboom, M, shiny|100/100
|-fieldstart|move: Grassy Terrain|[from] ability: Grassy Surge|[of] p2a: Rillaboom
|turn|1
|
|t:|1780955260
|move|p1a: Breloom|Rock Tomb|p2a: Rillaboom
|-damage|p2a: Rillaboom|60/100
|-unboost|p2a: Rillaboom|spe|1
|-damage|p1a: Breloom|91/100|[from] item: Life Orb
|move|p2a: Rillaboom|Knock Off|p1a: Breloom
|-resisted|p1a: Breloom
|-damage|p1a: Breloom|60/100
|-enditem|p1a: Breloom|Life Orb|[from] move: Knock Off|[of] p2a: Rillaboom
|
|-heal|p1a: Breloom|67/100|[from] Grassy Terrain
|-heal|p2a: Rillaboom|66/100|[from] Grassy Terrain
|upkeep
|turn|2
|
|t:|1780955275
|switch|p1a: Hydrapple|Hydrapple, M|100/100
|move|p2a: Rillaboom|U-turn|p1a: Hydrapple
|-supereffective|p1a: Hydrapple
|-damage|p1a: Hydrapple|73/100
|-damage|p2a: Rillaboom|49/100|[from] item: Rocky Helmet|[of] p1a: Hydrapple
|
|t:|1780955289
|switch|p2a: Ogerpon|Ogerpon-Wellspring, F|100/100|[from] U-turn
|
|-heal|p1a: Hydrapple|79/100|[from] Grassy Terrain
|upkeep
|turn|3
|
|t:|1780955295
|move|p2a: Ogerpon|Swords Dance|p2a: Ogerpon
|-boost|p2a: Ogerpon|atk|2
|move|p1a: Hydrapple|Fickle Beam|p2a: Ogerpon|[anim] Fickle Beam All Out
|-activate|p1a: Hydrapple|move: Fickle Beam
|-damage|p2a: Ogerpon|21/100
|
|-heal|p2a: Ogerpon|27/100|[from] Grassy Terrain
|-heal|p1a: Hydrapple|85/100|[from] Grassy Terrain
|upkeep
|turn|4
|
|t:|1780955304
|move|p2a: Ogerpon|Knock Off|p1a: Hydrapple
|-damage|p1a: Hydrapple|43/100
|-damage|p2a: Ogerpon|10/100|[from] item: Rocky Helmet|[of] p1a: Hydrapple
|-enditem|p1a: Hydrapple|Rocky Helmet|[from] move: Knock Off|[of] p2a: Ogerpon
|move|p1a: Hydrapple|Giga Drain|p2a: Ogerpon
|-damage|p2a: Ogerpon|0 fnt
|-heal|p1a: Hydrapple|46/100|[from] drain|[of] p2a: Ogerpon
|faint|p2a: Ogerpon
|
|-heal|p1a: Hydrapple|52/100|[from] Grassy Terrain
|upkeep
|
|t:|1780955310
|switch|p2a: Rillaboom|Rillaboom, M, shiny|49/100
|turn|5
|
|t:|1780955313
|move|p2a: Rillaboom|U-turn|p1a: Hydrapple
|-supereffective|p1a: Hydrapple
|-damage|p1a: Hydrapple|23/100
|
|t:|1780955317
|switch|p2a: Moltres|Moltres, shiny|100/100|[from] U-turn
|move|p1a: Hydrapple|Fickle Beam|p2a: Moltres|[anim] Fickle Beam All Out
|-activate|p1a: Hydrapple|move: Fickle Beam
|-damage|p2a: Moltres|36/100
|
|-heal|p1a: Hydrapple|29/100|[from] Grassy Terrain
|upkeep
|turn|6
|
|t:|1780955322
|switch|p1a: Araquanid|Araquanid, F|100/100
|move|p2a: Moltres|U-turn|p1a: Araquanid
|-damage|p1a: Araquanid|83/100
|
|t:|1780955330
|switch|p2a: Rillaboom|Rillaboom, M, shiny|49/100|[from] U-turn
|
|-heal|p2a: Rillaboom|55/100|[from] Grassy Terrain
|-heal|p1a: Araquanid|90/100|[from] Grassy Terrain
|-heal|p1a: Araquanid|96/100|[from] item: Leftovers
|upkeep
|turn|7
|
|t:|1780955341
|switch|p1a: U-Turn from sin|Cinderace, F|100/100
|move|p2a: Rillaboom|U-turn|p1a: U-Turn from sin
|-resisted|p1a: U-Turn from sin
|-damage|p1a: U-Turn from sin|81/100
|
|t:|1780955346
|switch|p2a: Moltres|Moltres, shiny|36/100|[from] U-turn
|
|-heal|p1a: U-Turn from sin|87/100|[from] Grassy Terrain
|upkeep
|turn|8
|
|t:|1780955354
|switch|p1a: Hydrapple|Hydrapple, M|100/100
|move|p2a: Moltres|Roost|p2a: Moltres
|-heal|p2a: Moltres|86/100
|-singleturn|p2a: Moltres|move: Roost
|
|-heal|p2a: Moltres|92/100|[from] Grassy Terrain
|-fieldend|move: Grassy Terrain
|upkeep
|turn|9
|
|t:|1780955359
|move|p1a: Hydrapple|Hyper Voice|p2a: Moltres
|-damage|p2a: Moltres|24/100
|move|p2a: Moltres|Roost|p2a: Moltres
|-heal|p2a: Moltres|74/100
|-singleturn|p2a: Moltres|move: Roost
|
|upkeep
|turn|10
|
|t:|1780955369
|switch|p1a: Breloom|Breloom, M|67/100
|switch|p2a: Iron Treads|Iron Treads, shiny|100/100
|
|upkeep
|turn|11
|
|t:|1780955373
|-end|p2a: Iron Treads|Quark Drive|[silent]
|switch|p2a: Moltres|Moltres, shiny|74/100
|move|p1a: Breloom|Bullet Seed|p2a: Moltres
|-resisted|p2a: Moltres
|-damage|p2a: Moltres|70/100
|-resisted|p2a: Moltres
|-damage|p2a: Moltres|67/100
|-resisted|p2a: Moltres
|-damage|p2a: Moltres|64/100
|-hitcount|p2a: Moltres|3
|
|upkeep
|turn|12
|
|t:|1780955380
|move|p1a: Breloom|Rock Tomb|p2a: Moltres
|-supereffective|p2a: Moltres
|-damage|p2a: Moltres|0 fnt
|faint|p2a: Moltres
|
|upkeep
|
|t:|1780955385
|switch|p2a: Rillaboom|Rillaboom, M, shiny|55/100
|-fieldstart|move: Grassy Terrain|[from] ability: Grassy Surge|[of] p2a: Rillaboom
|turn|13
|
|t:|1780955393
|switch|p1a: Hydrapple|Hydrapple, M|63/100
|move|p2a: Rillaboom|Body Slam|p1a: Hydrapple
|-damage|p1a: Hydrapple|45/100
|-status|p1a: Hydrapple|par
|
|-heal|p2a: Rillaboom|61/100|[from] Grassy Terrain
|-heal|p1a: Hydrapple|51/100 par|[from] Grassy Terrain
|upkeep
|turn|14
|
|t:|1780955399
|switch|p1a: U-Turn from sin|Cinderace, F|87/100
|move|p2a: Rillaboom|U-turn|p1a: U-Turn from sin
|-resisted|p1a: U-Turn from sin
|-damage|p1a: U-Turn from sin|67/100
|
|t:|1780955410
|switch|p2a: The Process|Garganacl, M, shiny|100/100|[from] U-turn
|
|-heal|p1a: U-Turn from sin|73/100|[from] Grassy Terrain
|upkeep
|turn|15
|
|t:|1780955415
|move|p1a: U-Turn from sin|U-turn|p2a: The Process
|-start|p1a: U-Turn from sin|typechange|Bug|[from] ability: Libero
|-damage|p2a: The Process|77/100
|
|t:|1780955417
|switch|p1a: Love has a name|Grimmsnarl, M|100/100|[from] U-turn
|move|p2a: The Process|Salt Cure|p1a: Love has a name
|-damage|p1a: Love has a name|86/100
|-start|p1a: Love has a name|Salt Cure
|
|-heal|p1a: Love has a name|92/100|[from] Grassy Terrain
|-heal|p2a: The Process|83/100|[from] Grassy Terrain
|-heal|p2a: The Process|89/100|[from] item: Leftovers
|-damage|p1a: Love has a name|79/100|[from] Salt Cure
|upkeep
|turn|16
|
|t:|1780955427
|switch|p2a: Iron Treads|Iron Treads, shiny|100/100
|move|p1a: Love has a name|Trick|p2a: Iron Treads
|-activate|p1a: Love has a name|move: Trick|[of] p2a: Iron Treads
|-item|p2a: Iron Treads|Choice Scarf|[from] move: Trick
|-item|p1a: Love has a name|Leftovers|[from] move: Trick
|
|-heal|p1a: Love has a name|85/100|[from] Grassy Terrain
|-heal|p1a: Love has a name|91/100|[from] item: Leftovers
|-damage|p1a: Love has a name|79/100|[from] Salt Cure
|upkeep
|turn|17
|
|t:|1780955439
|move|p1a: Love has a name|Parting Shot|p2a: Iron Treads
|-unboost|p2a: Iron Treads|atk|1
|-unboost|p2a: Iron Treads|spa|1
|
|t:|1780955445
|switch|p1a: U-Turn from sin|Cinderace, F|73/100|[from] Parting Shot
|move|p2a: Iron Treads|Stealth Rock|p1a: U-Turn from sin
|-sidestart|p1: pepinoloko|move: Stealth Rock
|
|-heal|p1a: U-Turn from sin|79/100|[from] Grassy Terrain
|upkeep
|turn|18
|
|t:|1780955448
|-end|p2a: Iron Treads|Quark Drive|[silent]
|switch|p2a: The Process|Garganacl, M, shiny|89/100
|move|p1a: U-Turn from sin|Court Change|p1a: U-Turn from sin
|-start|p1a: U-Turn from sin|typechange|Normal|[from] ability: Libero
|-swapsideconditions
|-activate|p1a: U-Turn from sin|move: Court Change
|
|-heal|p1a: U-Turn from sin|85/100|[from] Grassy Terrain
|-heal|p2a: The Process|95/100|[from] Grassy Terrain
|-heal|p2a: The Process|100/100|[from] item: Leftovers
|upkeep
|turn|19
|
|t:|1780955450
|move|p1a: U-Turn from sin|U-turn|p2a: The Process
|-damage|p2a: The Process|86/100
|
|t:|1780955453
|switch|p1a: Araquanid|Araquanid, F|96/100|[from] U-turn
|move|p2a: The Process|Salt Cure|p1a: Araquanid
|-supereffective|p1a: Araquanid
|-damage|p1a: Araquanid|62/100
|-start|p1a: Araquanid|Salt Cure
|
|-heal|p1a: Araquanid|68/100|[from] Grassy Terrain
|-heal|p1a: Araquanid|75/100|[from] item: Leftovers
|-heal|p2a: The Process|92/100|[from] Grassy Terrain
|-heal|p2a: The Process|98/100|[from] item: Leftovers
|-damage|p1a: Araquanid|50/100|[from] Salt Cure
|upkeep
|turn|20
|
|t:|1780955458
|switch|p2a: Iron Treads|Iron Treads, shiny|100/100
|-damage|p2a: Iron Treads|98/100|[from] Stealth Rock
|move|p1a: Araquanid|Sticky Web|p2a: Iron Treads
|-sidestart|p2: snurke|move: Sticky Web
|
|-heal|p2a: Iron Treads|100/100|[from] Grassy Terrain
|-heal|p1a: Araquanid|56/100|[from] Grassy Terrain
|-heal|p1a: Araquanid|62/100|[from] item: Leftovers
|-damage|p1a: Araquanid|37/100|[from] Salt Cure
|-fieldend|move: Grassy Terrain
|upkeep
|turn|21
|
|t:|1780955472
|move|p2a: Iron Treads|Iron Head|p1a: Araquanid
|-resisted|p1a: Araquanid
|-damage|p1a: Araquanid|19/100
|move|p1a: Araquanid|Liquidation|p2a: Iron Treads
|-supereffective|p2a: Iron Treads
|-damage|p2a: Iron Treads|39/100
|
|-heal|p1a: Araquanid|25/100|[from] item: Leftovers
|-damage|p1a: Araquanid|0 fnt|[from] Salt Cure
|faint|p1a: Araquanid
|upkeep
|
|t:|1780955484
|switch|p1a: U-Turn from sin|Cinderace, F|85/100
|turn|22
|
|t:|1780955496
|-end|p2a: Iron Treads|Quark Drive|[silent]
|switch|p2a: The Process|Garganacl, M, shiny|98/100
|-damage|p2a: The Process|86/100|[from] Stealth Rock
|-activate|p2a: The Process|move: Sticky Web
|-unboost|p2a: The Process|spe|1
|move|p1a: U-Turn from sin|U-turn|p2a: The Process
|-start|p1a: U-Turn from sin|typechange|Bug|[from] ability: Libero
|-damage|p2a: The Process|66/100
|
|t:|1780955499
|switch|p1a: Breloom|Breloom, M|67/100|[from] U-turn
|
|-heal|p2a: The Process|72/100|[from] item: Leftovers
|upkeep
|turn|23
|inactive|snurke has 120 seconds left.
|
|t:|1780955550
|switch|p2a: Rillaboom|Rillaboom, M, shiny|61/100
|-damage|p2a: Rillaboom|49/100|[from] Stealth Rock
|-activate|p2a: Rillaboom|move: Sticky Web
|-unboost|p2a: Rillaboom|spe|1
|-fieldstart|move: Grassy Terrain|[from] ability: Grassy Surge|[of] p2a: Rillaboom
|move|p1a: Breloom|Swords Dance|p1a: Breloom
|-boost|p1a: Breloom|atk|2
|
|-heal|p1a: Breloom|73/100|[from] Grassy Terrain
|-heal|p2a: Rillaboom|55/100|[from] Grassy Terrain
|upkeep
|turn|24
|
|t:|1780955563
|move|p1a: Breloom|Mach Punch|p2a: Rillaboom
|-damage|p2a: Rillaboom|0 fnt
|faint|p2a: Rillaboom
|
|-heal|p1a: Breloom|79/100|[from] Grassy Terrain
|upkeep
|
|t:|1780955569
|switch|p2a: Hawlucha|Hawlucha, M, shiny|100/100
|-damage|p2a: Hawlucha|88/100|[from] Stealth Rock
|-enditem|p2a: Hawlucha|Grassy Seed
|-boost|p2a: Hawlucha|def|1|[from] item: Grassy Seed
|turn|25
|
|t:|1780955576
|move|p2a: Hawlucha|Encore|p1a: Breloom
|-start|p1a: Breloom|Encore
|move|p1a: Breloom|Mach Punch|p2a: Hawlucha
|-resisted|p2a: Hawlucha
|-damage|p2a: Hawlucha|60/100
|
|-heal|p1a: Breloom|85/100|[from] Grassy Terrain
|upkeep
|turn|26
|inactive|snurke has 90 seconds left.
|
|t:|1780955620
|switch|p1a: Love has a name|Grimmsnarl, M|79/100
|move|p2a: Hawlucha|Swords Dance|p2a: Hawlucha
|-boost|p2a: Hawlucha|atk|2
|
|-heal|p1a: Love has a name|85/100|[from] Grassy Terrain
|-heal|p1a: Love has a name|91/100|[from] item: Leftovers
|upkeep
|turn|27
|
|t:|1780955624
|move|p1a: Love has a name|Thunder Wave|p2a: Hawlucha
|-status|p2a: Hawlucha|par
|move|p2a: Hawlucha|Drain Punch|p1a: Love has a name
|-damage|p1a: Love has a name|19/100
|-heal|p2a: Hawlucha|100/100 par|[from] drain|[of] p1a: Love has a name
|
|-heal|p1a: Love has a name|25/100|[from] Grassy Terrain
|-heal|p1a: Love has a name|31/100|[from] item: Leftovers
|upkeep
|turn|28
|inactive|snurke has 90 seconds left.
|
|t:|1780955635
|move|p1a: Love has a name|Parting Shot|p2a: Hawlucha
|-unboost|p2a: Hawlucha|atk|1
|-unboost|p2a: Hawlucha|spa|1
|
|t:|1780955638
|switch|p1a: Hydrapple|Hydrapple, M|85/100 par|[from] Parting Shot
|cant|p2a: Hawlucha|par
|
|-heal|p1a: Hydrapple|91/100 par|[from] Grassy Terrain
|upkeep
|turn|29
|
|t:|1780955644
|move|p2a: Hawlucha|Acrobatics|p1a: Hydrapple
|-supereffective|p1a: Hydrapple
|-damage|p1a: Hydrapple|10/100 par
|move|p1a: Hydrapple|Fickle Beam|p2a: Hawlucha|[anim] Fickle Beam All Out
|-activate|p1a: Hydrapple|move: Fickle Beam
|-damage|p2a: Hawlucha|13/100 par
|
|-heal|p1a: Hydrapple|16/100 par|[from] Grassy Terrain
|upkeep
|turn|30
|
|t:|1780955655
|switch|p1a: Love has a name|Grimmsnarl, M|31/100
|move|p2a: Hawlucha|Drain Punch|p1a: Love has a name
|-damage|p1a: Love has a name|0 fnt
|-heal|p2a: Hawlucha|32/100 par|[from] drain|[of] p1a: Love has a name
|faint|p1a: Love has a name
|
|-fieldend|move: Grassy Terrain
|upkeep
|
|t:|1780955662
|switch|p1a: U-Turn from sin|Cinderace, F|85/100
|turn|31
|inactive|snurke has 120 seconds left.
|
|t:|1780955672
|move|p1a: U-Turn from sin|Pyro Ball|p2a: Hawlucha
|-damage|p2a: Hawlucha|0 fnt
|faint|p2a: Hawlucha
|
|upkeep
|
|t:|1780955676
|switch|p2a: The Process|Garganacl, M, shiny|72/100
|-damage|p2a: The Process|59/100|[from] Stealth Rock
|-activate|p2a: The Process|move: Sticky Web
|-unboost|p2a: The Process|spe|1
|turn|32
|
|t:|1780955679
|move|p1a: U-Turn from sin|U-turn|p2a: The Process
|-start|p1a: U-Turn from sin|typechange|Bug|[from] ability: Libero
|-damage|p2a: The Process|36/100
|
|t:|1780955684
|switch|p1a: Breloom|Breloom, M|85/100|[from] U-turn
|move|p2a: The Process|Recover|p2a: The Process
|-heal|p2a: The Process|86/100
|
|-heal|p2a: The Process|92/100|[from] item: Leftovers
|upkeep
|turn|33
|inactive|snurke has 120 seconds left.
|
|t:|1780955725
|move|p2a: The Process|Protect|p2a: The Process
|-singleturn|p2a: The Process|Protect
|move|p1a: Breloom|Swords Dance|p1a: Breloom
|-boost|p1a: Breloom|atk|2
|
|-heal|p2a: The Process|99/100|[from] item: Leftovers
|upkeep
|turn|34
|-message|snurke forfeited.
|
|win|pepinoloko
|raw|pepinoloko's rating: 1568 &rarr; <strong>1589</strong><br />(+21 for winning)
|raw|snurke's rating: 1592 &rarr; <strong>1571</strong><br />(-21 for losing)
|l|☆snurke
|player|p2|
|l|☆pepinoloko
|player|p1|
