|j|☆The real kurt tay
|j|☆KurisuChestnutOU
|t:|1781152487
|gametype|singles
|player|p1|The real kurt tay|2|1573
|player|p2|KurisuChestnutOU|may-contest|1523
|gen|9
|tier|[Gen 9] OU
|rated|
|rule|HP Percentage Mod: HP is shown in percentages
|rule|Endless Battle Clause: Forcing endless battles is banned
|rule|Species Clause: Limit one of each Pokémon
|rule|OHKO Clause: OHKO moves are banned
|rule|Evasion Items Clause: Evasion items are banned
|rule|Evasion Moves Clause: Evasion moves are banned
|rule|Evasion Abilities Clause: Evasion abilities are banned
|rule|Sleep Moves Clause: Sleep-inducing moves are banned
|clearpoke
|poke|p1|Ting-Lu|
|poke|p1|Dragonite, F|
|poke|p1|Zapdos|
|poke|p1|Zamazenta-*|
|poke|p1|Gholdengo|
|poke|p1|Cinderace, F|
|poke|p2|Hawlucha, F|
|poke|p2|Samurott-Hisui, F|
|poke|p2|Rillaboom, F|
|poke|p2|Gholdengo|
|poke|p2|Kyurem|
|poke|p2|Landorus-Therian, M|
|teampreview
|inactive|Battle timer is ON: inactive players will automatically lose when time's up. (requested by KurisuChestnutOU)
|
|t:|1781152503
|teamsize|p1|6
|teamsize|p2|6
|start
|switch|p1a: Zapdos|Zapdos|100/100
|switch|p2a: Kyurem|Kyurem|100/100
|-ability|p2a: Kyurem|Pressure
|turn|1
|
|t:|1781152508
|switch|p1a: Gholdengo|Gholdengo|100/100
|-item|p1a: Gholdengo|Air Balloon
|move|p2a: Kyurem|Ice Beam|p1a: Gholdengo
|-resisted|p1a: Gholdengo
|-damage|p1a: Gholdengo|73/100
|-status|p1a: Gholdengo|frz
|-enditem|p1a: Gholdengo|Air Balloon
|
|upkeep
|turn|2
|
|t:|1781152515
|move|p2a: Kyurem|Earth Power|p1a: Gholdengo
|-supereffective|p1a: Gholdengo
|-damage|p1a: Gholdengo|0 fnt
|faint|p1a: Gholdengo
|
|upkeep
|
|t:|1781152519
|switch|p1a: Zamazenta|Zamazenta|100/100
|-ability|p1a: Zamazenta|Dauntless Shield|boost
|-boost|p1a: Zamazenta|def|1
|turn|3
|
|t:|1781152527
|-terastallize|p2a: Kyurem|Poison
|move|p1a: Zamazenta|Ice Fang|p2a: Kyurem
|-damage|p2a: Kyurem|78/100
|cant|p2a: Kyurem|flinch
|
|upkeep
|turn|4
|
|t:|1781152548
|move|p1a: Zamazenta|Crunch|p2a: Kyurem
|-damage|p2a: Kyurem|52/100
|move|p2a: Kyurem|Ice Beam|p1a: Zamazenta
|-damage|p1a: Zamazenta|54/100
|
|upkeep
|turn|5
|
|t:|1781152556
|move|p1a: Zamazenta|Crunch|p2a: Kyurem
|-damage|p2a: Kyurem|27/100
|-unboost|p2a: Kyurem|def|1
|move|p2a: Kyurem|Ice Beam|p1a: Zamazenta
|-damage|p1a: Zamazenta|9/100
|
|upkeep
|turn|6
|
|t:|1781152563
|switch|p2a: Gholdengo|Gholdengo|100/100
|move|p1a: Zamazenta|Close Combat|p2a: Gholdengo
|-immune|p2a: Gholdengo
|
|upkeep
|turn|7
|
|t:|1781152573
|switch|p2a: Rillaboom|Rillaboom, F|100/100
|-fieldstart|move: Grassy Terrain|[from] ability: Grassy Surge|[of] p2a: Rillaboom
|move|p1a: Zamazenta|Crunch|p2a: Rillaboom
|-damage|p2a: Rillaboom|74/100
|
|-heal|p1a: Zamazenta|15/100|[from] Grassy Terrain
|-heal|p2a: Rillaboom|80/100|[from] Grassy Terrain
|upkeep
|turn|8
|
|t:|1781152584
|switch|p1a: Cinderace|Cinderace, F|100/100
|move|p2a: Rillaboom|Grassy Glide|p1a: Cinderace
|-resisted|p1a: Cinderace
|-damage|p1a: Cinderace|70/100
|
|-heal|p1a: Cinderace|76/100|[from] Grassy Terrain
|-heal|p2a: Rillaboom|86/100|[from] Grassy Terrain
|upkeep
|turn|9
|
|t:|1781152598
|switch|p1a: Zapdos|Zapdos|100/100
|move|p2a: Rillaboom|Knock Off|p1a: Zapdos
|-damage|p1a: Zapdos|75/100
|-enditem|p1a: Zapdos|Heavy-Duty Boots|[from] move: Knock Off|[of] p2a: Rillaboom
|
|-heal|p2a: Rillaboom|92/100|[from] Grassy Terrain
|upkeep
|turn|10
|
|t:|1781152602
|switch|p2a: Samurott|Samurott-Hisui, F|100/100
|move|p1a: Zapdos|Hurricane|p2a: Samurott
|-damage|p2a: Samurott|71/100
|
|-heal|p2a: Samurott|78/100|[from] Grassy Terrain
|upkeep
|turn|11
|
|t:|1781152620
|move|p1a: Zapdos|Hurricane|p2a: Samurott
|-damage|p2a: Samurott|46/100
|move|p2a: Samurott|Flip Turn|p1a: Zapdos
|-damage|p1a: Zapdos|58/100
|
|t:|1781152624
|switch|p2a: Kyurem|Kyurem, tera:Poison|27/100|[from] Flip Turn
|-ability|p2a: Kyurem|Pressure
|
|-heal|p2a: Kyurem|33/100|[from] Grassy Terrain
|-fieldend|move: Grassy Terrain
|upkeep
|turn|12
|
|t:|1781152629
|move|p2a: Kyurem|Ice Beam|p1a: Zapdos
|-supereffective|p1a: Zapdos
|-damage|p1a: Zapdos|0 fnt
|faint|p1a: Zapdos
|
|upkeep
|
|t:|1781152631
|switch|p1a: Ting-Lu|Ting-Lu|100/100
|-ability|p1a: Ting-Lu|Vessel of Ruin
|turn|13
|
|t:|1781152637
|move|p2a: Kyurem|Ice Beam|p1a: Ting-Lu
|-supereffective|p1a: Ting-Lu
|-crit|p1a: Ting-Lu
|-damage|p1a: Ting-Lu|40/100
|-status|p1a: Ting-Lu|frz
|cant|p1a: Ting-Lu|frz
|
|-heal|p1a: Ting-Lu|46/100 frz|[from] item: Leftovers
|upkeep
|turn|14
|
|t:|1781152643
|move|p2a: Kyurem|Ice Beam|p1a: Ting-Lu
|-supereffective|p1a: Ting-Lu
|-damage|p1a: Ting-Lu|8/100 frz
|cant|p1a: Ting-Lu|frz
|
|-heal|p1a: Ting-Lu|14/100 frz|[from] item: Leftovers
|upkeep
|turn|15
|
|t:|1781152654
|move|p2a: Kyurem|Earth Power|p1a: Ting-Lu
|-damage|p1a: Ting-Lu|1/100 frz
|cant|p1a: Ting-Lu|frz
|
|-heal|p1a: Ting-Lu|8/100 frz|[from] item: Leftovers
|upkeep
|turn|16
|
|t:|1781152658
|switch|p2a: Rillaboom|Rillaboom, F|92/100
|-fieldstart|move: Grassy Terrain|[from] ability: Grassy Surge|[of] p2a: Rillaboom
|cant|p1a: Ting-Lu|frz
|
|-heal|p2a: Rillaboom|99/100|[from] Grassy Terrain
|-heal|p1a: Ting-Lu|14/100 frz|[from] Grassy Terrain
|-heal|p1a: Ting-Lu|20/100 frz|[from] item: Leftovers
|upkeep
|turn|17
|
|t:|1781152661
|move|p2a: Rillaboom|Swords Dance|p2a: Rillaboom
|-boost|p2a: Rillaboom|atk|2
|cant|p1a: Ting-Lu|frz
|
|-heal|p2a: Rillaboom|100/100|[from] Grassy Terrain
|-heal|p1a: Ting-Lu|26/100 frz|[from] Grassy Terrain
|-heal|p1a: Ting-Lu|33/100 frz|[from] item: Leftovers
|upkeep
|turn|18
|inactive|The real kurt tay has 120 seconds left.
|l|☆The real kurt tay
|inactive|The real kurt tay disconnected and has a minute to reconnect!
|player|p1|
|inactive|The real kurt tay has 30 seconds to reconnect!
|inactive|The real kurt tay has 20 seconds to reconnect!
|inactive|The real kurt tay has 15 seconds to reconnect!
|inactive|The real kurt tay has 10 seconds to reconnect!
|inactive|The real kurt tay has 5 seconds to reconnect!
|-message|The real kurt tay lost due to inactivity.
|
|win|KurisuChestnutOU
|raw|The real kurt tay's rating: 1573 &rarr; <strong>1550</strong><br />(-23 for losing)
|raw|KurisuChestnutOU's rating: 1518 &rarr; <strong>1541</strong><br />(+23 for winning)
