|badge|p2|bronze|gen9ou|100-9
|uhtml|medal-msg|<div class="broadcast-blue">Curious what those medals under the avatar are? PS now has Ladder Seasons! For more information, check out the <a href="https://www.smogon.com/forums/threads/3740067/">thread on Smogon.</a></div>
|j|☆dilf huntr
|j|☆Floundso
|t:|1781601333
|gametype|singles
|player|p1|dilf huntr|1|1733
|player|p2|Floundso|giovanni|1837
|gen|9
|tier|[Gen 9] OU
|rated|
|rule|HP Percentage Mod: HP is shown in percentages
|rule|Endless Battle Clause: Forcing endless battles is banned
|rule|Species Clause: Limit one of each Pokémon
|rule|OHKO Clause: OHKO moves are banned
|rule|Evasion Items Clause: Evasion items are banned
|rule|Evasion Moves Clause: Evasion moves are banned
|rule|Evasion Abilities Clause: Evasion abilities are banned
|rule|Sleep Moves Clause: Sleep-inducing moves are banned
|clearpoke
|poke|p1|Araquanid, F|
|poke|p1|Iron Valiant|
|poke|p1|Ceruledge, M|
|poke|p1|Deoxys-Speed|
|poke|p1|Gholdengo|
|poke|p1|Raging Bolt|
|poke|p2|Hoopa-Unbound|
|poke|p2|Pecharunt|
|poke|p2|Landorus-Therian, M|
|poke|p2|Cinderace, M|
|poke|p2|Alomomola, M|
|poke|p2|Iron Valiant|
|teampreview
|inactive|Battle timer is ON: inactive players will automatically lose when time's up. (requested by dilf huntr)
|inactive|dilf huntr has 120 seconds left.
|
|t:|1781601383
|teamsize|p1|6
|teamsize|p2|6
|start
|switch|p1a: Araquanid|Araquanid, F|100/100
|switch|p2a: Enten|Landorus-Therian, M, shiny|100/100
|-ability|p2a: Enten|Intimidate|boost
|-unboost|p1a: Araquanid|atk|1
|turn|1
|inactive|Floundso has 120 seconds left.
|
|t:|1781601424
|move|p2a: Enten|U-turn|p1a: Araquanid
|-damage|p1a: Araquanid|71/100
|
|t:|1781601427
|switch|p2a: Khaos|Hoopa-Unbound|100/100|[from] U-turn
|move|p1a: Araquanid|Surf|p2a: Khaos
|-damage|p2a: Khaos|67/100
|
|upkeep
|turn|2
|
|t:|1781601431
|move|p2a: Khaos|Hyperspace Fury|p1a: Araquanid
|-damage|p1a: Araquanid|0 fnt
|-unboost|p2a: Khaos|def|1
|faint|p1a: Araquanid
|
|upkeep
|
|t:|1781601437
|switch|p1a: Iron Valiant|Iron Valiant|100/100
|-enditem|p1a: Iron Valiant|Booster Energy
|-activate|p1a: Iron Valiant|ability: Quark Drive|[fromitem]
|-start|p1a: Iron Valiant|quarkdrivespa
|turn|3
|
|t:|1781601443
|switch|p2a: Pisces|Alomomola, M, shiny|100/100
|move|p1a: Iron Valiant|Moonblast|p2a: Pisces
|-damage|p2a: Pisces|65/100
|
|upkeep
|turn|4
|
|t:|1781601446
|move|p1a: Iron Valiant|Moonblast|p2a: Pisces
|-damage|p2a: Pisces|27/100
|move|p2a: Pisces|Flip Turn|p1a: Iron Valiant
|-damage|p1a: Iron Valiant|80/100
|j| NlGGABUTT
|
|t:|1781601449
|switch|p2a: Calamity|Iron Valiant, shiny|100/100|[from] Flip Turn
|
|upkeep
|turn|5
|l| NlGGABUTT
|
|t:|1781601456
|-end|p1a: Iron Valiant|Quark Drive|[silent]
|switch|p1a: Ceruledge|Ceruledge, M|100/100
|move|p2a: Calamity|Moonblast|p1a: Ceruledge
|-resisted|p1a: Ceruledge
|-damage|p1a: Ceruledge|62/100
|-unboost|p1a: Ceruledge|spa|1
|
|upkeep
|turn|6
|
|t:|1781601468
|-end|p2a: Calamity|Quark Drive|[silent]
|switch|p2a: Enten|Landorus-Therian, M, shiny|100/100
|-ability|p2a: Enten|Intimidate|boost
|-unboost|p1a: Ceruledge|atk|1
|move|p1a: Ceruledge|Poltergeist|p2a: Enten|[miss]
|-miss|p1a: Ceruledge|p2a: Enten
|
|upkeep
|turn|7
|
|t:|1781601477
|move|p1a: Ceruledge|Shadow Sneak|p2a: Enten
|-damage|p2a: Enten|84/100
|move|p2a: Enten|Earthquake|p1a: Ceruledge
|-supereffective|p1a: Ceruledge
|-damage|p1a: Ceruledge|0 fnt
|faint|p1a: Ceruledge
|
|upkeep
|
|t:|1781601487
|switch|p1a: Deoxys|Deoxys-Speed|100/100
|-ability|p1a: Deoxys|Pressure
|turn|8
|
|t:|1781601500
|switch|p2a: Khaos|Hoopa-Unbound|67/100
|move|p1a: Deoxys|Nasty Plot|p1a: Deoxys
|-boost|p1a: Deoxys|spa|2
|
|upkeep
|turn|9
|
|t:|1781601502
|move|p1a: Deoxys|Focus Blast|p2a: Khaos
|-damage|p2a: Khaos|0 fnt
|faint|p2a: Khaos
|-damage|p1a: Deoxys|91/100|[from] item: Life Orb
|
|upkeep
|
|t:|1781601509
|switch|p2a: Liberacy|Cinderace, M, shiny|100/100
|turn|10
|inactive|dilf huntr has 120 seconds left.
|inactive|dilf huntr has 90 seconds left.
|
|t:|1781601573
|-terastallize|p1a: Deoxys|Fighting
|move|p1a: Deoxys|Focus Blast|p2a: Liberacy
|-damage|p2a: Liberacy|0 fnt
|faint|p2a: Liberacy
|-damage|p1a: Deoxys|81/100|[from] item: Life Orb
|
|upkeep
|
|t:|1781601601
|switch|p2a: Overseer|Pecharunt|100/100
|turn|11
|inactive|dilf huntr has 90 seconds left.
|
|t:|1781601643
|move|p1a: Deoxys|Focus Blast|p2a: Overseer
|-immune|p2a: Overseer
|move|p2a: Overseer|Malignant Chain|p1a: Deoxys
|-damage|p1a: Deoxys|33/100
|-status|p1a: Deoxys|tox
|-start|p1a: Deoxys|confusion|[from] ability: Poison Puppeteer|[of] p2a: Overseer
|
|-damage|p1a: Deoxys|27/100 tox|[from] psn
|upkeep
|turn|12
|inactive|Floundso has 120 seconds left.
|
|t:|1781601683
|-activate|p1a: Deoxys|confusion
|move|p1a: Deoxys|Focus Blast|p2a: Overseer
|-immune|p2a: Overseer
|move|p2a: Overseer|Malignant Chain|p1a: Deoxys
|-damage|p1a: Deoxys|0 fnt
|faint|p1a: Deoxys
|
|upkeep
|
|t:|1781601690
|switch|p1a: Gholdengo|Gholdengo|100/100
|-item|p1a: Gholdengo|Air Balloon
|turn|13
|
|t:|1781601696
|switch|p2a: Pisces|Alomomola, M, shiny|60/100
|move|p1a: Gholdengo|Thunder Wave|p2a: Pisces
|-status|p2a: Pisces|par
|
|upkeep
|turn|14
|
|t:|1781601700
|move|p1a: Gholdengo|Hex|p2a: Pisces
|-damage|p2a: Pisces|28/100 par
|move|p2a: Pisces|Flip Turn|p1a: Gholdengo
|-crit|p1a: Gholdengo
|-damage|p1a: Gholdengo|82/100
|-enditem|p1a: Gholdengo|Air Balloon
|
|t:|1781601705
|switch|p2a: Enten|Landorus-Therian, M, shiny|84/100|[from] Flip Turn
|-ability|p2a: Enten|Intimidate|boost
|-unboost|p1a: Gholdengo|atk|1
|
|upkeep
|turn|15
|
|t:|1781601713
|move|p2a: Enten|U-turn|p1a: Gholdengo
|-resisted|p1a: Gholdengo
|-damage|p1a: Gholdengo|78/100
|
|t:|1781601715
|switch|p2a: Pisces|Alomomola, M, shiny|62/100 par|[from] U-turn
|move|p1a: Gholdengo|Make It Rain|p2a: Pisces
|-resisted|p2a: Pisces
|-damage|p2a: Pisces|48/100 par
|-unboost|p1a: Gholdengo|spa|1
|
|upkeep
|turn|16
|
|t:|1781601721
|move|p1a: Gholdengo|Recover|p1a: Gholdengo
|-heal|p1a: Gholdengo|100/100
|move|p2a: Pisces|Flip Turn|p1a: Gholdengo
|-damage|p1a: Gholdengo|89/100
|
|t:|1781601729
|switch|p2a: Calamity|Iron Valiant, shiny|100/100|[from] Flip Turn
|
|upkeep
|turn|17
|
|t:|1781601738
|-end|p2a: Calamity|Quark Drive|[silent]
|switch|p2a: Pisces|Alomomola, M, shiny|81/100 par
|switch|p1a: Raging Bolt|Raging Bolt|100/100
|-enditem|p1a: Raging Bolt|Booster Energy
|-activate|p1a: Raging Bolt|ability: Protosynthesis|[fromitem]
|-start|p1a: Raging Bolt|protosynthesisspa
|
|upkeep
|turn|18
|
|t:|1781601751
|move|p1a: Raging Bolt|Calm Mind|p1a: Raging Bolt
|-boost|p1a: Raging Bolt|spa|1
|-boost|p1a: Raging Bolt|spd|1
|move|p2a: Pisces|Mirror Coat||[still]
|-fail|p2a: Pisces
|
|upkeep
|turn|19
|
|t:|1781601762
|switch|p2a: Enten|Landorus-Therian, M, shiny|84/100
|-ability|p2a: Enten|Intimidate|boost
|-unboost|p1a: Raging Bolt|atk|1
|move|p1a: Raging Bolt|Calm Mind|p1a: Raging Bolt
|-boost|p1a: Raging Bolt|spa|1
|-boost|p1a: Raging Bolt|spd|1
|
|upkeep
|turn|20
|
|t:|1781601770
|move|p2a: Enten|U-turn|p1a: Raging Bolt
|-damage|p1a: Raging Bolt|78/100
|
|t:|1781601772
|switch|p2a: Pisces|Alomomola, M, shiny|100/100 par|[from] U-turn
|move|p1a: Raging Bolt|Draco Meteor|p2a: Pisces
|-damage|p2a: Pisces|0 fnt
|-unboost|p1a: Raging Bolt|spa|2
|faint|p2a: Pisces
|
|upkeep
|
|t:|1781601783
|switch|p2a: Calamity|Iron Valiant, shiny|100/100
|turn|21
|
|t:|1781601789
|move|p1a: Raging Bolt|Thunderclap|p2a: Calamity
|-damage|p2a: Calamity|3/100
|move|p2a: Calamity|Moonblast|p1a: Raging Bolt
|-supereffective|p1a: Raging Bolt
|-damage|p1a: Raging Bolt|22/100
|-unboost|p1a: Raging Bolt|spa|1
|
|upkeep
|turn|22
|j| devil chao
|-message|dilf huntr forfeited.
|
|win|Floundso
|raw|dilf huntr's rating: 1733 &rarr; <strong>1719</strong><br />(-14 for losing)
|raw|Floundso's rating: 1837 &rarr; <strong>1851</strong><br />(+14 for winning)
|l|☆dilf huntr
|player|p1|
|l|☆Floundso
|player|p2|
