|j|‽ClRCUS MAXIMUS
|j|‽yesterdaymister
|t:|1780959304
|gametype|singles
|player|p1|ClRCUS MAXIMUS|rood|1690
|player|p2|yesterdaymister|striker|1689
|gen|9
|tier|[Gen 9] OU
|rated|
|rule|HP Percentage Mod: HP is shown in percentages
|rule|Endless Battle Clause: Forcing endless battles is banned
|rule|Species Clause: Limit one of each Pokémon
|rule|OHKO Clause: OHKO moves are banned
|rule|Evasion Items Clause: Evasion items are banned
|rule|Evasion Moves Clause: Evasion moves are banned
|rule|Evasion Abilities Clause: Evasion abilities are banned
|rule|Sleep Moves Clause: Sleep-inducing moves are banned
|clearpoke
|poke|p1|Enamorus, F|
|poke|p1|Gholdengo|
|poke|p1|Ogerpon-Cornerstone, F|
|poke|p1|Great Tusk|
|poke|p1|Manaphy|
|poke|p1|Ribombee, F|
|poke|p2|Ninetales, F|
|poke|p2|Ceruledge, F|
|poke|p2|Venusaur, M|
|poke|p2|Hatterene, F|
|poke|p2|Great Tusk|
|poke|p2|Walking Wake|
|teampreview
|inactive|Battle timer is ON: inactive players will automatically lose when time's up. (requested by yesterdaymister)
|j| Hakone Outbound
|
|t:|1780959311
|teamsize|p1|6
|teamsize|p2|6
|start
|switch|p1a: Ribombee|Ribombee, F, shiny|100/100
|switch|p2a: Ninetales|Ninetales, F|100/100
|-weather|SunnyDay|[from] ability: Drought|[of] p2a: Ninetales
|turn|1
|
|t:|1780959313
|switch|p2a: Hatterene|Hatterene, F|100/100
|move|p1a: Ribombee|Skill Swap|p2a: Hatterene
|-activate|p1a: Ribombee|Skill Swap|Magic Bounce|Shield Dust|[of] p2a: Hatterene
|
|-weather|SunnyDay|[upkeep]
|upkeep
|turn|2
|
|t:|1780959318
|move|p1a: Ribombee|Sticky Web|p2a: Hatterene
|-sidestart|p2: yesterdaymister|move: Sticky Web
|move|p2a: Hatterene|Nuzzle|p1a: Ribombee
|-damage|p1a: Ribombee|93/100
|-status|p1a: Ribombee|par
|
|-weather|SunnyDay|[upkeep]
|upkeep
|turn|3
|
|t:|1780959323
|move|p1a: Ribombee|Moonblast|p2a: Hatterene
|-damage|p2a: Hatterene|65/100
|-enditem|p2a: Hatterene|Eject Button
|j| soldadodecristo
|
|t:|1780959325
|switch|p2a: Great Tusk|Great Tusk|100/100
|-activate|p2a: Great Tusk|move: Sticky Web
|-unboost|p2a: Great Tusk|spe|1
|-activate|p2a: Great Tusk|ability: Protosynthesis
|-start|p2a: Great Tusk|protosynthesisatk
|
|-weather|SunnyDay|[upkeep]
|upkeep
|turn|4
|
|t:|1780959333
|switch|p1a: Gholdengo|Gholdengo, shiny|100/100
|-item|p1a: Gholdengo|Air Balloon
|move|p2a: Great Tusk|Ice Spinner|p1a: Gholdengo
|-resisted|p1a: Gholdengo
|-damage|p1a: Gholdengo|85/100
|-enditem|p1a: Gholdengo|Air Balloon
|
|-weather|SunnyDay|[upkeep]
|upkeep
|turn|5
|
|t:|1780959336
|move|p1a: Gholdengo|Shadow Ball|p2a: Great Tusk
|-damage|p2a: Great Tusk|44/100
|-unboost|p2a: Great Tusk|spd|1
|move|p2a: Great Tusk|Headlong Rush|p1a: Gholdengo
|-supereffective|p1a: Gholdengo
|-damage|p1a: Gholdengo|0 fnt
|-unboost|p2a: Great Tusk|def|1
|-unboost|p2a: Great Tusk|spd|1
|faint|p1a: Gholdengo
|
|-weather|SunnyDay|[upkeep]
|upkeep
|
|t:|1780959340
|switch|p1a: Manaphy|Manaphy, shiny|100/100
|turn|6
|
|t:|1780959350
|-end|p2a: Great Tusk|Protosynthesis|[silent]
|switch|p2a: Venusaur|Venusaur, M|100/100
|-activate|p2a: Venusaur|move: Sticky Web
|-unboost|p2a: Venusaur|spe|1
|move|p1a: Manaphy|Scald|p2a: Venusaur
|-resisted|p2a: Venusaur
|-damage|p2a: Venusaur|91/100
|-status|p2a: Venusaur|brn
|
|-weather|SunnyDay|[upkeep]
|-damage|p2a: Venusaur|85/100 brn|[from] brn
|upkeep
|turn|7
|j| blackgokuking
|
|t:|1780959356
|switch|p1a: Ribombee|Ribombee, F, shiny|93/100 par
|move|p2a: Venusaur|Growth|p2a: Venusaur
|-boost|p2a: Venusaur|atk|2
|-boost|p2a: Venusaur|spa|2
|
|-weather|SunnyDay|[upkeep]
|-damage|p2a: Venusaur|79/100 brn|[from] brn
|upkeep
|turn|8
|
|t:|1780959360
|move|p2a: Venusaur|Weather Ball|p1a: Ribombee
|-supereffective|p1a: Ribombee
|-damage|p1a: Ribombee|0 fnt
|faint|p1a: Ribombee
|-damage|p2a: Venusaur|69/100 brn|[from] item: Life Orb
|
|-weather|none
|-damage|p2a: Venusaur|63/100 brn|[from] brn
|upkeep
|l| blackgokuking
|
|t:|1780959366
|switch|p1a: Ogerpon|Ogerpon-Cornerstone, F|100/100
|turn|9
|
|t:|1780959381
|switch|p2a: Hatterene|Hatterene, F|65/100
|-activate|p2a: Hatterene|move: Sticky Web
|-unboost|p2a: Hatterene|spe|1
|move|p1a: Ogerpon|Ivy Cudgel|p2a: Hatterene|[anim] Ivy Cudgel Rock
|-damage|p2a: Hatterene|18/100
|
|upkeep
|turn|10
|
|t:|1780959384
|move|p1a: Ogerpon|Ivy Cudgel|p2a: Hatterene|[anim] Ivy Cudgel Rock
|-damage|p2a: Hatterene|0 fnt
|faint|p2a: Hatterene
|
|upkeep
|
|t:|1780959388
|switch|p2a: Ceruledge|Ceruledge, F|100/100
|-activate|p2a: Ceruledge|move: Sticky Web
|-unboost|p2a: Ceruledge|spe|1
|turn|11
|
|t:|1780959394
|move|p1a: Ogerpon|Swords Dance|p1a: Ogerpon
|-boost|p1a: Ogerpon|atk|2
|move|p2a: Ceruledge|Poltergeist|p1a: Ogerpon|[miss]
|-miss|p2a: Ceruledge|p1a: Ogerpon
|
|upkeep
|turn|12
|
|t:|1780959408
|switch|p1a: Great Tusk|Great Tusk, shiny|100/100
|-enditem|p1a: Great Tusk|Booster Energy
|-activate|p1a: Great Tusk|ability: Protosynthesis|[fromitem]
|-start|p1a: Great Tusk|protosynthesisatk
|move|p2a: Ceruledge|Poltergeist||[still]
|-fail|p2a: Ceruledge
|
|upkeep
|turn|13
|
|t:|1780959418
|switch|p2a: Ninetales|Ninetales, F|100/100
|-activate|p2a: Ninetales|move: Sticky Web
|-unboost|p2a: Ninetales|spe|1
|-weather|SunnyDay|[from] ability: Drought|[of] p2a: Ninetales
|move|p1a: Great Tusk|Ice Spinner|p2a: Ninetales
|-resisted|p2a: Ninetales
|-damage|p2a: Ninetales|79/100
|
|-weather|SunnyDay|[upkeep]
|upkeep
|turn|14
|
|t:|1780959429
|switch|p2a: Great Tusk|Great Tusk|44/100
|-activate|p2a: Great Tusk|move: Sticky Web
|-unboost|p2a: Great Tusk|spe|1
|-activate|p2a: Great Tusk|ability: Protosynthesis
|-start|p2a: Great Tusk|protosynthesisatk
|move|p1a: Great Tusk|Headlong Rush|p2a: Great Tusk
|-damage|p2a: Great Tusk|0 fnt
|-unboost|p1a: Great Tusk|def|1
|-unboost|p1a: Great Tusk|spd|1
|-damage|p1a: Great Tusk|84/100|[from] item: Rocky Helmet|[of] p2a: Great Tusk
|faint|p2a: Great Tusk
|-end|p2a: Great Tusk|Protosynthesis|[silent]
|
|-weather|SunnyDay|[upkeep]
|upkeep
|
|t:|1780959444
|switch|p2a: Ceruledge|Ceruledge, F|100/100
|-activate|p2a: Ceruledge|move: Sticky Web
|-unboost|p2a: Ceruledge|spe|1
|turn|15
|
|t:|1780959455
|-end|p1a: Great Tusk|Protosynthesis|[silent]
|switch|p1a: Manaphy|Manaphy, shiny|100/100
|move|p2a: Ceruledge|Swords Dance|p2a: Ceruledge
|-boost|p2a: Ceruledge|atk|2
|
|-weather|SunnyDay|[upkeep]
|upkeep
|turn|16
|
|t:|1780959463
|move|p1a: Manaphy|Scald|p2a: Ceruledge
|-supereffective|p2a: Ceruledge
|-damage|p2a: Ceruledge|63/100
|move|p2a: Ceruledge|Poltergeist|p1a: Manaphy
|-activate|p1a: Manaphy|move: Poltergeist|Leftovers
|-damage|p1a: Manaphy|0 fnt
|faint|p1a: Manaphy
|
|-weather|SunnyDay|[upkeep]
|upkeep
|
|t:|1780959471
|switch|p1a: Great Tusk|Great Tusk, shiny|84/100
|-activate|p1a: Great Tusk|ability: Protosynthesis
|-start|p1a: Great Tusk|protosynthesisatk
|turn|17
|
|t:|1780959478
|switch|p2a: Walking Wake|Walking Wake|100/100
|-activate|p2a: Walking Wake|move: Sticky Web
|-unboost|p2a: Walking Wake|spe|1
|-activate|p2a: Walking Wake|ability: Protosynthesis
|-start|p2a: Walking Wake|protosynthesisspa
|move|p1a: Great Tusk|Headlong Rush|p2a: Walking Wake
|-damage|p2a: Walking Wake|19/100
|-unboost|p1a: Great Tusk|def|1
|-unboost|p1a: Great Tusk|spd|1
|
|-weather|SunnyDay|[upkeep]
|upkeep
|turn|18
|
|t:|1780959487
|-end|p2a: Walking Wake|Protosynthesis|[silent]
|switch|p2a: Ceruledge|Ceruledge, F|63/100
|-activate|p2a: Ceruledge|move: Sticky Web
|-unboost|p2a: Ceruledge|spe|1
|move|p1a: Great Tusk|Rapid Spin|p2a: Ceruledge
|-immune|p2a: Ceruledge
|
|-weather|SunnyDay|[upkeep]
|upkeep
|turn|19
|
|t:|1780959491
|move|p1a: Great Tusk|Headlong Rush|p2a: Ceruledge
|-supereffective|p2a: Ceruledge
|-damage|p2a: Ceruledge|0 fnt
|-unboost|p1a: Great Tusk|def|1
|-unboost|p1a: Great Tusk|spd|1
|faint|p2a: Ceruledge
|
|-weather|SunnyDay|[upkeep]
|upkeep
|
|t:|1780959493
|switch|p2a: Venusaur|Venusaur, M|63/100 brn
|-activate|p2a: Venusaur|move: Sticky Web
|-unboost|p2a: Venusaur|spe|1
|turn|20
|
|t:|1780959503
|move|p2a: Venusaur|Weather Ball|p1a: Great Tusk
|-damage|p1a: Great Tusk|0 fnt
|faint|p1a: Great Tusk
|-end|p1a: Great Tusk|Protosynthesis|[silent]
|-damage|p2a: Venusaur|53/100 brn|[from] item: Life Orb
|
|-weather|none
|-damage|p2a: Venusaur|47/100 brn|[from] brn
|upkeep
|
|t:|1780959505
|switch|p1a: Ogerpon|Ogerpon-Cornerstone, F|100/100
|turn|21
|
|t:|1780959509
|switch|p2a: Ninetales|Ninetales, F|79/100
|-activate|p2a: Ninetales|move: Sticky Web
|-unboost|p2a: Ninetales|spe|1
|-weather|SunnyDay|[from] ability: Drought|[of] p2a: Ninetales
|move|p1a: Ogerpon|Ivy Cudgel|p2a: Ninetales|[anim] Ivy Cudgel Rock
|-supereffective|p2a: Ninetales
|-damage|p2a: Ninetales|0 fnt
|faint|p2a: Ninetales
|
|-weather|SunnyDay|[upkeep]
|upkeep
|
|t:|1780959511
|switch|p2a: Venusaur|Venusaur, M|47/100 brn
|-activate|p2a: Venusaur|move: Sticky Web
|-unboost|p2a: Venusaur|spe|1
|turn|22
|
|t:|1780959514
|move|p1a: Ogerpon|Ivy Cudgel|p2a: Venusaur|[anim] Ivy Cudgel Rock
|-damage|p2a: Venusaur|0 fnt
|faint|p2a: Venusaur
|
|-weather|SunnyDay|[upkeep]
|upkeep
|
|t:|1780959517
|switch|p2a: Walking Wake|Walking Wake|19/100
|-activate|p2a: Walking Wake|move: Sticky Web
|-unboost|p2a: Walking Wake|spe|1
|-activate|p2a: Walking Wake|ability: Protosynthesis
|-start|p2a: Walking Wake|protosynthesisspa
|turn|23
|
|t:|1780959520
|move|p1a: Ogerpon|Ivy Cudgel|p2a: Walking Wake|[anim] Ivy Cudgel Rock
|-damage|p2a: Walking Wake|0 fnt
|faint|p2a: Walking Wake
|-end|p2a: Walking Wake|Protosynthesis|[silent]
|
|win|ClRCUS MAXIMUS
|raw|ClRCUS MAXIMUS's rating: 1690 &rarr; <strong>1710</strong><br />(+20 for winning)
|raw|yesterdaymister's rating: 1689 &rarr; <strong>1669</strong><br />(-20 for losing)
|l|‽yesterdaymister
|player|p2|
|l|‽ClRCUS MAXIMUS
|player|p1|
