|j|☆wegs
|j|☆punaise2lit
|t:|1781536665
|gametype|singles
|player|p1|wegs|steven|1618
|player|p2|punaise2lit|gentleman-gen4|1571
|gen|9
|tier|[Gen 9] OU
|rated|
|rule|HP Percentage Mod: HP is shown in percentages
|rule|Endless Battle Clause: Forcing endless battles is banned
|rule|Species Clause: Limit one of each Pokémon
|rule|OHKO Clause: OHKO moves are banned
|rule|Evasion Items Clause: Evasion items are banned
|rule|Evasion Moves Clause: Evasion moves are banned
|rule|Evasion Abilities Clause: Evasion abilities are banned
|rule|Sleep Moves Clause: Sleep-inducing moves are banned
|clearpoke
|poke|p1|Dragonite, M|
|poke|p1|Blaziken, M|
|poke|p1|Landorus-Therian, M|
|poke|p1|Iron Crown|
|poke|p1|Dragapult, F|
|poke|p1|Samurott-Hisui, F|
|poke|p2|Zarude|
|poke|p2|Ting-Lu|
|poke|p2|Weezing-Galar, F|
|poke|p2|Zapdos|
|poke|p2|Zamazenta-*|
|poke|p2|Kyurem|
|teampreview
|inactive|Battle timer is ON: inactive players will automatically lose when time's up. (requested by punaise2lit)
|
|t:|1781536683
|teamsize|p1|6
|teamsize|p2|6
|start
|switch|p1a: Blaziken|Blaziken, M|100/100
|switch|p2a: Zapdos|Zapdos|100/100
|turn|1
|
|t:|1781536689
|switch|p1a: Iron Crown|Iron Crown|100/100
|move|p2a: Zapdos|Hurricane|p1a: Iron Crown|[miss]
|-miss|p2a: Zapdos|p1a: Iron Crown
|
|upkeep
|turn|2
|
|t:|1781536698
|move|p1a: Iron Crown|Psychic Noise|p2a: Zapdos
|-damage|p2a: Zapdos|62/100
|-start|p2a: Zapdos|move: Heal Block
|move|p2a: Zapdos|Volt Switch|p1a: Iron Crown
|-damage|p1a: Iron Crown|83/100
|
|t:|1781536701
|switch|p2a: Ting-Lu|Ting-Lu|100/100|[from] Volt Switch
|-ability|p2a: Ting-Lu|Vessel of Ruin
|
|upkeep
|turn|3
|
|t:|1781536705
|-end|p1a: Iron Crown|Quark Drive|[silent]
|switch|p1a: Landorus|Landorus-Therian, M|100/100
|-ability|p1a: Landorus|Intimidate|boost
|-unboost|p2a: Ting-Lu|atk|1
|move|p2a: Ting-Lu|Stealth Rock|p1a: Landorus
|-sidestart|p1: wegs|move: Stealth Rock
|
|upkeep
|turn|4
|
|t:|1781536716
|move|p1a: Landorus|Stealth Rock|p2a: Ting-Lu
|-sidestart|p2: punaise2lit|move: Stealth Rock
|move|p2a: Ting-Lu|Spikes|p1a: Landorus
|-sidestart|p1: wegs|Spikes
|
|upkeep
|turn|5
|
|t:|1781536723
|switch|p2a: Zapdos|Zapdos|62/100
|move|p1a: Landorus|Grass Knot|p2a: Zapdos
|-resisted|p2a: Zapdos
|-damage|p2a: Zapdos|52/100
|
|upkeep
|turn|6
|
|t:|1781536726
|move|p1a: Landorus|Smack Down|p2a: Zapdos
|-supereffective|p2a: Zapdos
|-damage|p2a: Zapdos|29/100
|-start|p2a: Zapdos|Smack Down
|move|p2a: Zapdos|Roost|p2a: Zapdos
|-heal|p2a: Zapdos|79/100
|-singleturn|p2a: Zapdos|move: Roost
|
|upkeep
|turn|7
|
|t:|1781536735
|switch|p2a: Zamazenta|Zamazenta|100/100
|-damage|p2a: Zamazenta|94/100|[from] Stealth Rock
|-ability|p2a: Zamazenta|Dauntless Shield|boost
|-boost|p2a: Zamazenta|def|1
|move|p1a: Landorus|Earth Power|p2a: Zamazenta
|-damage|p2a: Zamazenta|67/100
|
|-heal|p2a: Zamazenta|73/100|[from] item: Leftovers
|upkeep
|turn|8
|
|t:|1781536746
|switch|p2a: Zapdos|Zapdos|79/100
|switch|p1a: Samurott|Samurott-Hisui, F|100/100
|-damage|p1a: Samurott|88/100|[from] Stealth Rock
|-damage|p1a: Samurott|76/100|[from] Spikes
|
|upkeep
|turn|9
|
|t:|1781536752
|move|p1a: Samurott|Ceaseless Edge|p2a: Zapdos
|-damage|p2a: Zapdos|47/100
|-sidestart|p2: punaise2lit|Spikes
|move|p2a: Zapdos|Volt Switch|p1a: Samurott
|-supereffective|p1a: Samurott
|-damage|p1a: Samurott|0 fnt
|faint|p1a: Samurott
|
|t:|1781536760
|switch|p2a: Weezing|Weezing-Galar, F|100/100|[from] Volt Switch
|-ability|p2a: Weezing|Neutralizing Gas
|
|upkeep
|
|t:|1781536766
|switch|p1a: Dragapult|Dragapult, F|100/100
|-damage|p1a: Dragapult|88/100|[from] Stealth Rock
|-damage|p1a: Dragapult|76/100|[from] Spikes
|turn|10
|
|t:|1781536772
|move|p1a: Dragapult|Substitute|p1a: Dragapult
|-start|p1a: Dragapult|Substitute
|-damage|p1a: Dragapult|51/100
|move|p2a: Weezing|Will-O-Wisp||[still]
|-fail|p2a: Weezing
|
|-heal|p1a: Dragapult|57/100|[from] item: Leftovers
|upkeep
|turn|11
|
|t:|1781536778
|-end|p2a: Weezing|ability: Neutralizing Gas
|switch|p2a: Zamazenta|Zamazenta|73/100
|-damage|p2a: Zamazenta|67/100|[from] Stealth Rock
|-damage|p2a: Zamazenta|55/100|[from] Spikes
|move|p1a: Dragapult|Dragon Dance|p1a: Dragapult
|-boost|p1a: Dragapult|atk|1
|-boost|p1a: Dragapult|spe|1
|
|-heal|p1a: Dragapult|63/100|[from] item: Leftovers
|-heal|p2a: Zamazenta|61/100|[from] item: Leftovers
|upkeep
|turn|12
|
|t:|1781536788
|move|p1a: Dragapult|Dragon Dance|p1a: Dragapult
|-boost|p1a: Dragapult|atk|1
|-boost|p1a: Dragapult|spe|1
|move|p2a: Zamazenta|Roar|p1a: Dragapult
|drag|p1a: Iron Crown|Iron Crown|83/100
|-damage|p1a: Iron Crown|77/100|[from] Stealth Rock
|-damage|p1a: Iron Crown|64/100|[from] Spikes
|
|-heal|p2a: Zamazenta|67/100|[from] item: Leftovers
|upkeep
|turn|13
|
|t:|1781536796
|switch|p2a: Ting-Lu|Ting-Lu|100/100
|-damage|p2a: Ting-Lu|94/100|[from] Stealth Rock
|-damage|p2a: Ting-Lu|82/100|[from] Spikes
|-ability|p2a: Ting-Lu|Vessel of Ruin
|move|p1a: Iron Crown|Focus Blast|p2a: Ting-Lu
|-supereffective|p2a: Ting-Lu
|-crit|p2a: Ting-Lu
|-damage|p2a: Ting-Lu|28/100
|
|-heal|p2a: Ting-Lu|34/100|[from] item: Leftovers
|upkeep
|turn|14
|
|t:|1781536804
|-end|p1a: Iron Crown|Quark Drive|[silent]
|switch|p1a: Landorus|Landorus-Therian, M|100/100
|-damage|p1a: Landorus|88/100|[from] Stealth Rock
|-ability|p1a: Landorus|Intimidate|boost
|-unboost|p2a: Ting-Lu|atk|1
|move|p2a: Ting-Lu|Earthquake|p1a: Landorus
|-immune|p1a: Landorus
|
|-heal|p2a: Ting-Lu|40/100|[from] item: Leftovers
|upkeep
|turn|15
|j| missbeckett
|
|t:|1781536814
|switch|p2a: Zapdos|Zapdos|47/100
|move|p1a: Landorus|Smack Down|p2a: Zapdos
|-supereffective|p2a: Zapdos
|-damage|p2a: Zapdos|25/100
|-start|p2a: Zapdos|Smack Down
|
|upkeep
|turn|16
|
|t:|1781536818
|move|p1a: Landorus|Earth Power|p2a: Zapdos
|-supereffective|p2a: Zapdos
|-damage|p2a: Zapdos|0 fnt
|faint|p2a: Zapdos
|
|upkeep
|
|t:|1781536833
|switch|p2a: Zarude|Zarude|100/100
|-damage|p2a: Zarude|88/100|[from] Stealth Rock
|-damage|p2a: Zarude|76/100|[from] Spikes
|turn|17
|l| missbeckett
|
|t:|1781536848
|switch|p1a: Dragonite|Dragonite, M|100/100
|move|p2a: Zarude|Bulk Up|p2a: Zarude
|-boost|p2a: Zarude|atk|1
|-boost|p2a: Zarude|def|1
|
|-heal|p2a: Zarude|82/100|[from] item: Leftovers
|upkeep
|turn|18
|
|t:|1781536852
|move|p2a: Zarude|Knock Off|p1a: Dragonite
|-damage|p1a: Dragonite|63/100
|-enditem|p1a: Dragonite|Heavy-Duty Boots|[from] move: Knock Off|[of] p2a: Zarude
|move|p1a: Dragonite|Dragon Dance|p1a: Dragonite
|-boost|p1a: Dragonite|atk|1
|-boost|p1a: Dragonite|spe|1
|
|-heal|p2a: Zarude|88/100|[from] item: Leftovers
|upkeep
|turn|19
|
|t:|1781536858
|move|p1a: Dragonite|Ice Spinner|p2a: Zarude
|-supereffective|p2a: Zarude
|-damage|p2a: Zarude|33/100
|move|p2a: Zarude|Bulk Up|p2a: Zarude
|-boost|p2a: Zarude|atk|1
|-boost|p2a: Zarude|def|1
|
|-heal|p2a: Zarude|39/100|[from] item: Leftovers
|upkeep
|turn|20
|
|t:|1781536869
|-terastallize|p2a: Zarude|Poison
|move|p1a: Dragonite|Ice Spinner|p2a: Zarude
|-damage|p2a: Zarude|20/100
|move|p2a: Zarude|Knock Off|p1a: Dragonite
|-damage|p1a: Dragonite|0 fnt
|faint|p1a: Dragonite
|
|-heal|p2a: Zarude|26/100|[from] item: Leftovers
|upkeep
|
|t:|1781536882
|switch|p1a: Landorus|Landorus-Therian, M|88/100
|-damage|p1a: Landorus|76/100|[from] Stealth Rock
|-ability|p1a: Landorus|Intimidate|boost
|-unboost|p2a: Zarude|atk|1
|turn|21
|
|t:|1781536885
|move|p2a: Zarude|Knock Off|p1a: Landorus
|-damage|p1a: Landorus|12/100
|-damage|p2a: Zarude|10/100|[from] item: Rocky Helmet|[of] p1a: Landorus
|-enditem|p1a: Landorus|Rocky Helmet|[from] move: Knock Off|[of] p2a: Zarude
|move|p1a: Landorus|Earth Power|p2a: Zarude
|-supereffective|p2a: Zarude
|-damage|p2a: Zarude|0 fnt
|faint|p2a: Zarude
|
|upkeep
|
|t:|1781536895
|switch|p2a: Kyurem|Kyurem|100/100
|-damage|p2a: Kyurem|76/100|[from] Stealth Rock
|-damage|p2a: Kyurem|63/100|[from] Spikes
|-ability|p2a: Kyurem|Pressure
|turn|22
|
|t:|1781536902
|move|p2a: Kyurem|Ice Beam|p1a: Landorus
|-supereffective|p1a: Landorus
|-damage|p1a: Landorus|0 fnt
|faint|p1a: Landorus
|
|upkeep
|
|t:|1781536913
|switch|p1a: Iron Crown|Iron Crown|64/100
|-damage|p1a: Iron Crown|58/100|[from] Stealth Rock
|-damage|p1a: Iron Crown|46/100|[from] Spikes
|turn|23
|
|t:|1781536916
|switch|p2a: Weezing|Weezing-Galar, F|100/100
|-ability|p2a: Weezing|Neutralizing Gas
|move|p1a: Iron Crown|Tachyon Cutter|p2a: Weezing
|-supereffective|p2a: Weezing
|-damage|p2a: Weezing|27/100
|-supereffective|p2a: Weezing
|-damage|p2a: Weezing|0 fnt
|faint|p2a: Weezing
|-end|p2a: Weezing|ability: Neutralizing Gas
|-hitcount|p2: Weezing|2
|
|upkeep
|
|t:|1781536918
|switch|p2a: Ting-Lu|Ting-Lu|40/100
|-damage|p2a: Ting-Lu|34/100|[from] Stealth Rock
|-damage|p2a: Ting-Lu|22/100|[from] Spikes
|-ability|p2a: Ting-Lu|Vessel of Ruin
|turn|24
|
|t:|1781536923
|move|p1a: Iron Crown|Tachyon Cutter|p2a: Ting-Lu
|-damage|p2a: Ting-Lu|10/100
|-damage|p2a: Ting-Lu|0 fnt
|faint|p2a: Ting-Lu
|-hitcount|p2: Ting-Lu|2
|
|upkeep
|
|t:|1781536927
|switch|p2a: Zamazenta|Zamazenta|67/100
|-damage|p2a: Zamazenta|61/100|[from] Stealth Rock
|-damage|p2a: Zamazenta|48/100|[from] Spikes
|turn|25
|
|t:|1781536937
|move|p2a: Zamazenta|Crunch|p1a: Iron Crown
|-supereffective|p1a: Iron Crown
|-damage|p1a: Iron Crown|6/100
|move|p1a: Iron Crown|Psychic Noise|p2a: Zamazenta
|-supereffective|p2a: Zamazenta
|-damage|p2a: Zamazenta|0 fnt
|faint|p2a: Zamazenta
|
|upkeep
|-message|punaise2lit forfeited.
|
|win|wegs
|raw|wegs's rating: 1618 &rarr; <strong>1635</strong><br />(+17 for winning)
|raw|punaise2lit's rating: 1571 &rarr; <strong>1554</strong><br />(-17 for losing)
|l|☆punaise2lit
|player|p2|
|l|☆wegs
|player|p1|
