|j|☆my2005
|j|☆KurisuChestnutOU
|t:|1781161538
|gametype|singles
|player|p1|my2005|101|1533
|player|p2|KurisuChestnutOU|may-contest|1547
|gen|9
|tier|[Gen 9] OU
|rated|
|rule|HP Percentage Mod: HP is shown in percentages
|rule|Endless Battle Clause: Forcing endless battles is banned
|rule|Species Clause: Limit one of each Pokémon
|rule|OHKO Clause: OHKO moves are banned
|rule|Evasion Items Clause: Evasion items are banned
|rule|Evasion Moves Clause: Evasion moves are banned
|rule|Evasion Abilities Clause: Evasion abilities are banned
|rule|Sleep Moves Clause: Sleep-inducing moves are banned
|clearpoke
|poke|p1|Kyurem|
|poke|p1|Cinderace, M|
|poke|p1|Hoopa-Unbound|
|poke|p1|Gliscor, M|
|poke|p1|Raging Bolt|
|poke|p1|Slowking-Galar, F|
|poke|p2|Hawlucha, F|
|poke|p2|Samurott-Hisui, F|
|poke|p2|Rillaboom, F|
|poke|p2|Gholdengo|
|poke|p2|Kyurem|
|poke|p2|Landorus-Therian, M|
|teampreview
|inactive|Battle timer is ON: inactive players will automatically lose when time's up. (requested by KurisuChestnutOU)
|inactive|my2005 has 120 seconds left.
|
|t:|1781161583
|teamsize|p1|6
|teamsize|p2|6
|start
|switch|p1a: Kyurem|Kyurem|100/100
|switch|p2a: Kyurem|Kyurem|100/100
|-ability|p2a: Kyurem|Pressure
|-ability|p1a: Kyurem|Pressure
|turn|1
|
|t:|1781161587
|-terastallize|p2a: Kyurem|Poison
|move|p1a: Kyurem|Protect|p1a: Kyurem
|-singleturn|p1a: Kyurem|Protect
|move|p2a: Kyurem|Focus Blast|p1a: Kyurem
|-activate|p1a: Kyurem|move: Protect
|
|upkeep
|turn|2
|
|t:|1781161593
|move|p2a: Kyurem|Focus Blast|p1a: Kyurem
|-supereffective|p1a: Kyurem
|-damage|p1a: Kyurem|14/100
|-unboost|p1a: Kyurem|spd|1
|move|p1a: Kyurem|Earth Power|p2a: Kyurem
|-supereffective|p2a: Kyurem
|-damage|p2a: Kyurem|61/100
|
|-heal|p1a: Kyurem|20/100|[from] item: Leftovers
|upkeep
|turn|3
|
|t:|1781161599
|move|p1a: Kyurem|Protect|p1a: Kyurem
|-singleturn|p1a: Kyurem|Protect
|move|p2a: Kyurem|Ice Beam|p1a: Kyurem
|-activate|p1a: Kyurem|move: Protect
|
|-heal|p1a: Kyurem|26/100|[from] item: Leftovers
|upkeep
|turn|4
|
|t:|1781161605
|switch|p1a: Slowking|Slowking-Galar, F|100/100
|move|p2a: Kyurem|Ice Beam|p1a: Slowking
|-damage|p1a: Slowking|65/100
|
|upkeep
|turn|5
|
|t:|1781161613
|move|p2a: Kyurem|Ice Beam|p1a: Slowking
|-damage|p1a: Slowking|26/100
|-prepare|p1a: Slowking|Chilly Reception|[premajor]
|move|p1a: Slowking|Chilly Reception|p1a: Slowking
|-weather|Snowscape
|
|t:|1781161633
|switch|p1a: Raging Bolt|Raging Bolt|100/100|[from] Chilly Reception
|-enditem|p1a: Raging Bolt|Booster Energy
|-activate|p1a: Raging Bolt|ability: Protosynthesis|[fromitem]
|-start|p1a: Raging Bolt|protosynthesisspa
|
|-weather|Snowscape|[upkeep]
|upkeep
|turn|6
|
|t:|1781161639
|move|p1a: Raging Bolt|Thunderclap|p2a: Kyurem
|-damage|p2a: Kyurem|24/100
|move|p2a: Kyurem|Earth Power|p1a: Raging Bolt
|-supereffective|p1a: Raging Bolt
|-damage|p1a: Raging Bolt|48/100
|
|-weather|Snowscape|[upkeep]
|upkeep
|turn|7
|
|t:|1781161648
|switch|p2a: Landorus|Landorus-Therian, M|100/100
|-ability|p2a: Landorus|Intimidate|boost
|-unboost|p1a: Raging Bolt|atk|1
|move|p1a: Raging Bolt|Thunderclap||[still]
|-fail|p1a: Raging Bolt
|
|-weather|Snowscape|[upkeep]
|upkeep
|turn|8
|
|t:|1781161654
|-end|p1a: Raging Bolt|Protosynthesis|[silent]
|switch|p1a: Gliscor|Gliscor, M|100/100
|move|p2a: Landorus|Earth Power|p1a: Gliscor
|-immune|p1a: Gliscor
|
|-weather|Snowscape|[upkeep]
|-status|p1a: Gliscor|tox|[from] item: Toxic Orb
|upkeep
|turn|9
|
|t:|1781161659
|switch|p1a: Kyurem|Kyurem|26/100
|-ability|p1a: Kyurem|Pressure
|move|p2a: Landorus|Stealth Rock|p1a: Kyurem
|-sidestart|p1: my2005|move: Stealth Rock
|
|-weather|none
|-heal|p1a: Kyurem|32/100|[from] item: Leftovers
|upkeep
|turn|10
|
|t:|1781161663
|move|p1a: Kyurem|Freeze-Dry|p2a: Landorus
|-supereffective|p2a: Landorus
|-damage|p2a: Landorus|0 fnt
|faint|p2a: Landorus
|
|-heal|p1a: Kyurem|38/100|[from] item: Leftovers
|upkeep
|
|t:|1781161666
|switch|p2a: Gholdengo|Gholdengo|100/100
|turn|11
|
|t:|1781161669
|move|p1a: Kyurem|Protect|p1a: Kyurem
|-singleturn|p1a: Kyurem|Protect
|move|p2a: Gholdengo|Shadow Ball|p1a: Kyurem
|-activate|p1a: Kyurem|move: Protect
|
|-heal|p1a: Kyurem|44/100|[from] item: Leftovers
|upkeep
|turn|12
|
|t:|1781161682
|switch|p1a: Cinderace|Cinderace, M|100/100
|move|p2a: Gholdengo|Shadow Ball|p1a: Cinderace
|-damage|p1a: Cinderace|36/100
|-unboost|p1a: Cinderace|spd|1
|
|upkeep
|turn|13
|
|t:|1781161693
|move|p1a: Cinderace|Sucker Punch|p2a: Gholdengo
|-start|p1a: Cinderace|typechange|Dark|[from] ability: Libero
|-supereffective|p2a: Gholdengo
|-damage|p2a: Gholdengo|24/100
|move|p2a: Gholdengo|Shadow Ball|p1a: Cinderace
|-resisted|p1a: Cinderace
|-damage|p1a: Cinderace|0 fnt
|faint|p1a: Cinderace
|
|upkeep
|
|t:|1781161702
|switch|p1a: Raging Bolt|Raging Bolt|48/100
|-damage|p1a: Raging Bolt|36/100|[from] Stealth Rock
|turn|14
|
|t:|1781161707
|move|p2a: Gholdengo|Shadow Ball|p1a: Raging Bolt
|-damage|p1a: Raging Bolt|0 fnt
|faint|p1a: Raging Bolt
|-end|p1a: Raging Bolt|Protosynthesis|[silent]
|
|upkeep
|
|t:|1781161711
|switch|p1a: Gliscor|Gliscor, M|100/100 tox
|-damage|p1a: Gliscor|88/100 tox|[from] Stealth Rock
|turn|15
|
|t:|1781161714
|-terastallize|p1a: Gliscor|Normal
|move|p2a: Gholdengo|Shadow Ball|p1a: Gliscor
|-immune|p1a: Gliscor
|move|p1a: Gliscor|Agility|p1a: Gliscor
|-boost|p1a: Gliscor|spe|2
|
|-heal|p1a: Gliscor|100/100 tox|[from] ability: Poison Heal
|upkeep
|turn|16
|
|t:|1781161720
|switch|p2a: Kyurem|Kyurem, tera:Poison|24/100
|-ability|p2a: Kyurem|Pressure
|move|p1a: Gliscor|Swords Dance|p1a: Gliscor
|-boost|p1a: Gliscor|atk|2
|
|upkeep
|turn|17
|
|t:|1781161730
|move|p1a: Gliscor|Facade|p2a: Kyurem
|-damage|p2a: Kyurem|0 fnt
|faint|p2a: Kyurem
|
|upkeep
|
|t:|1781161737
|switch|p2a: Gholdengo|Gholdengo|24/100
|turn|18
|
|t:|1781161749
|move|p1a: Gliscor|Earthquake|p2a: Gholdengo
|-supereffective|p2a: Gholdengo
|-damage|p2a: Gholdengo|0 fnt
|faint|p2a: Gholdengo
|
|upkeep
|
|t:|1781161756
|switch|p2a: Rillaboom|Rillaboom, F|100/100
|-fieldstart|move: Grassy Terrain|[from] ability: Grassy Surge|[of] p2a: Rillaboom
|turn|19
|
|t:|1781161762
|move|p1a: Gliscor|Facade|p2a: Rillaboom
|-damage|p2a: Rillaboom|0 fnt
|faint|p2a: Rillaboom
|
|upkeep
|
|t:|1781161769
|switch|p2a: Samurott|Samurott-Hisui, F|100/100
|turn|20
|
|t:|1781161774
|move|p1a: Gliscor|Agility|p1a: Gliscor
|-boost|p1a: Gliscor|spe|2
|move|p2a: Samurott|Ceaseless Edge|p1a: Gliscor
|-damage|p1a: Gliscor|71/100 tox
|-sidestart|p1: my2005|Spikes
|
|-heal|p1a: Gliscor|77/100 tox|[from] Grassy Terrain
|-heal|p1a: Gliscor|89/100 tox|[from] ability: Poison Heal
|upkeep
|turn|21
|
|t:|1781161782
|move|p1a: Gliscor|Agility|p1a: Gliscor
|-boost|p1a: Gliscor|spe|2
|move|p2a: Samurott|Ceaseless Edge|p1a: Gliscor
|-damage|p1a: Gliscor|56/100 tox
|-sidestart|p1: my2005|Spikes
|
|-heal|p1a: Gliscor|63/100 tox|[from] Grassy Terrain
|-heal|p1a: Gliscor|75/100 tox|[from] ability: Poison Heal
|upkeep
|turn|22
|
|t:|1781161787
|move|p1a: Gliscor|Facade|p2a: Samurott
|-damage|p2a: Samurott|0 fnt
|faint|p2a: Samurott
|
|-heal|p1a: Gliscor|81/100 tox|[from] Grassy Terrain
|-heal|p1a: Gliscor|94/100 tox|[from] ability: Poison Heal
|upkeep
|
|t:|1781161792
|switch|p2a: Hawlucha|Hawlucha, F|100/100
|-enditem|p2a: Hawlucha|Grassy Seed
|-boost|p2a: Hawlucha|def|1|[from] item: Grassy Seed
|turn|23
|
|t:|1781161799
|move|p1a: Gliscor|Facade|p2a: Hawlucha
|-damage|p2a: Hawlucha|0 fnt
|faint|p2a: Hawlucha
|
|win|my2005
|raw|my2005's rating: 1533 &rarr; <strong>1554</strong><br />(+21 for winning)
|raw|KurisuChestnutOU's rating: 1552 &rarr; <strong>1531</strong><br />(-21 for losing)
