|j|☆soulspark
|j|☆kemious
|t:|1781228724
|gametype|singles
|player|p1|soulspark|101|1567
|player|p2|kemious|2|1519
|gen|9
|tier|[Gen 9] OU
|rated|
|rule|HP Percentage Mod: HP is shown in percentages
|rule|Endless Battle Clause: Forcing endless battles is banned
|rule|Species Clause: Limit one of each Pokémon
|rule|OHKO Clause: OHKO moves are banned
|rule|Evasion Items Clause: Evasion items are banned
|rule|Evasion Moves Clause: Evasion moves are banned
|rule|Evasion Abilities Clause: Evasion abilities are banned
|rule|Sleep Moves Clause: Sleep-inducing moves are banned
|clearpoke
|poke|p1|Meowscarada, M|
|poke|p1|Iron Crown|
|poke|p1|Alomomola, F|
|poke|p1|Hoopa-Unbound|
|poke|p1|Goodra-Hisui, F|
|poke|p1|Corviknight, F|
|poke|p2|Chesnaught, M|
|poke|p2|Gastrodon, F|
|poke|p2|Kilowattrel, M|
|poke|p2|Glimmora, F|
|poke|p2|Ceruledge, M|
|poke|p2|Goodra-Hisui, F|
|teampreview
|
|t:|1781228734
|teamsize|p1|6
|teamsize|p2|6
|start
|switch|p1a: Goodra|Goodra-Hisui, F|100/100
|switch|p2a: Kilowattrel|Kilowattrel, M, shiny|100/100
|turn|1
|
|t:|1781228746
|move|p2a: Kilowattrel|Volt Switch|p1a: Goodra
|-resisted|p1a: Goodra
|-damage|p1a: Goodra|95/100
|
|t:|1781228752
|switch|p2a: Ceruledge|Ceruledge, M|100/100|[from] Volt Switch
|move|p1a: Goodra|Knock Off|p2a: Ceruledge
|-supereffective|p2a: Ceruledge
|-damage|p2a: Ceruledge|55/100
|-enditem|p2a: Ceruledge|Heavy-Duty Boots|[from] move: Knock Off|[of] p1a: Goodra
|
|upkeep
|turn|2
|
|t:|1781228766
|move|p2a: Ceruledge|Bitter Blade|p1a: Goodra
|-damage|p1a: Goodra|47/100
|-heal|p2a: Ceruledge|85/100|[from] drain|[of] p1a: Goodra
|move|p1a: Goodra|Earthquake|p2a: Ceruledge
|-supereffective|p2a: Ceruledge
|-damage|p2a: Ceruledge|34/100
|
|upkeep
|turn|3
|
|t:|1781228776
|switch|p1a: Alomomola|Alomomola, F|100/100
|move|p2a: Ceruledge|Bitter Blade|p1a: Alomomola
|-resisted|p1a: Alomomola
|-damage|p1a: Alomomola|86/100
|-heal|p2a: Ceruledge|47/100|[from] drain|[of] p1a: Alomomola
|
|upkeep
|turn|4
|
|t:|1781228784
|move|p2a: Ceruledge|Poltergeist|p1a: Alomomola|[miss]
|-miss|p2a: Ceruledge|p1a: Alomomola
|move|p1a: Alomomola|Flip Turn|p2a: Ceruledge
|-supereffective|p2a: Ceruledge
|-damage|p2a: Ceruledge|13/100
|
|t:|1781228792
|switch|p1a: Meowscarada|Meowscarada, M|100/100|[from] Flip Turn
|
|upkeep
|turn|5
|
|t:|1781228799
|switch|p2a: Glimmora|Glimmora, F|100/100
|move|p1a: Meowscarada|Copycat|p1a: Meowscarada
|move|p1a: Meowscarada|Flip Turn|p2a: Glimmora|[from] move: Copycat
|-start|p1a: Meowscarada|typechange|Water|[from] ability: Protean
|-supereffective|p2a: Glimmora
|-damage|p2a: Glimmora|61/100
|-activate|p2a: Glimmora|ability: Toxic Debris
|-sidestart|p1: soulspark|move: Toxic Spikes
|-enditem|p2a: Glimmora|Red Card|[of] p1a: Meowscarada
|drag|p1a: Alomomola|Alomomola, F|100/100
|-status|p1a: Alomomola|psn
|
|-damage|p1a: Alomomola|88/100 psn|[from] psn
|upkeep
|turn|6
|
|t:|1781228819
|move|p2a: Glimmora|Stealth Rock|p1a: Alomomola
|-sidestart|p1: soulspark|move: Stealth Rock
|move|p1a: Alomomola|Wish|p1a: Alomomola
|
|-damage|p1a: Alomomola|76/100 psn|[from] psn
|upkeep
|turn|7
|
|t:|1781228829
|switch|p2a: Gastrodon|Gastrodon, F|100/100
|move|p1a: Alomomola|Flip Turn|p2a: Gastrodon
|-ability|p2a: Gastrodon|Storm Drain|boost
|-boost|p2a: Gastrodon|spa|1
|
|-heal|p1a: Alomomola|100/100 psn|[from] move: Wish|[wisher] Alomomola
|-damage|p1a: Alomomola|88/100 psn|[from] psn
|upkeep
|turn|8
|
|t:|1781228836
|move|p1a: Alomomola|Wish|p1a: Alomomola
|move|p2a: Gastrodon|Spikes|p1a: Alomomola
|-sidestart|p1: soulspark|Spikes
|
|-damage|p1a: Alomomola|76/100 psn|[from] psn
|upkeep
|turn|9
|
|t:|1781228844
|switch|p1a: Goodra|Goodra-Hisui, F|47/100
|-damage|p1a: Goodra|41/100|[from] Stealth Rock
|-damage|p1a: Goodra|29/100|[from] Spikes
|move|p2a: Gastrodon|Earth Power|p1a: Goodra
|-supereffective|p1a: Goodra
|-damage|p1a: Goodra|0 fnt
|faint|p1a: Goodra
|
|upkeep
|
|t:|1781228855
|switch|p1a: Corviknight|Corviknight, F|100/100
|-damage|p1a: Corviknight|88/100|[from] Stealth Rock
|turn|10
|
|t:|1781228858
|move|p1a: Corviknight|Defog|p2a: Gastrodon
|-unboost|p2a: Gastrodon|evasion|1
|-sideend|p1: soulspark|Spikes|[from] move: Defog|[of] p1a: Corviknight
|-sideend|p1: soulspark|Toxic Spikes|[from] move: Defog|[of] p1a: Corviknight
|-sideend|p1: soulspark|Stealth Rock|[from] move: Defog|[of] p1a: Corviknight
|move|p2a: Gastrodon|Surf|p1a: Corviknight
|-damage|p1a: Corviknight|41/100
|
|upkeep
|turn|11
|
|t:|1781228868
|move|p1a: Corviknight|U-turn|p2a: Gastrodon
|-damage|p2a: Gastrodon|84/100
|
|t:|1781228895
|switch|p1a: Alomomola|Alomomola, F|100/100 psn|[from] U-turn
|move|p2a: Gastrodon|Earth Power|p1a: Alomomola
|-damage|p1a: Alomomola|51/100 psn
|
|-heal|p2a: Gastrodon|90/100|[from] item: Leftovers
|-damage|p1a: Alomomola|39/100 psn|[from] psn
|upkeep
|turn|12
|
|t:|1781228906
|switch|p1a: Meowscarada|Meowscarada, M|100/100
|move|p2a: Gastrodon|Earth Power|p1a: Meowscarada
|-resisted|p1a: Meowscarada
|-damage|p1a: Meowscarada|62/100
|
|-heal|p2a: Gastrodon|96/100|[from] item: Leftovers
|upkeep
|turn|13
|
|t:|1781228918
|switch|p2a: Glimmora|Glimmora, F|61/100
|move|p1a: Meowscarada|Flower Trick|p2a: Glimmora
|-start|p1a: Meowscarada|typechange|Grass|[from] ability: Protean
|-crit|p2a: Glimmora
|-damage|p2a: Glimmora|28/100
|-activate|p2a: Glimmora|ability: Toxic Debris
|-sidestart|p1: soulspark|move: Toxic Spikes
|
|upkeep
|turn|14
|
|t:|1781228925
|switch|p2a: Goodra|Goodra-Hisui, F|100/100
|move|p1a: Meowscarada|Flower Trick|p2a: Goodra
|-ability|p2a: Goodra|Sap Sipper|boost
|-boost|p2a: Goodra|atk|1
|
|upkeep
|turn|15
|
|t:|1781228941
|switch|p1a: Corviknight|Corviknight, F|41/100
|move|p2a: Goodra|Ice Beam|p1a: Corviknight
|-damage|p1a: Corviknight|15/100
|
|upkeep
|turn|16
|
|t:|1781228948
|move|p1a: Corviknight|Roost|p1a: Corviknight
|-heal|p1a: Corviknight|65/100
|-singleturn|p1a: Corviknight|move: Roost
|move|p2a: Goodra|Ice Beam|p1a: Corviknight
|-resisted|p1a: Corviknight
|-damage|p1a: Corviknight|52/100
|
|upkeep
|turn|17
|
|t:|1781228957
|switch|p2a: Kilowattrel|Kilowattrel, M, shiny|100/100
|move|p1a: Corviknight|Defog|p2a: Kilowattrel
|-unboost|p2a: Kilowattrel|evasion|1
|-sideend|p1: soulspark|Toxic Spikes|[from] move: Defog|[of] p1a: Corviknight
|
|upkeep
|turn|18
|
|t:|1781228969
|switch|p1a: Alomomola|Alomomola, F|72/100 psn
|move|p2a: Kilowattrel|Discharge|p1a: Alomomola
|-supereffective|p1a: Alomomola
|-enditem|p1a: Alomomola|Wacan Berry|[eat]
|-enditem|p1a: Alomomola|Wacan Berry|[weaken]
|-damage|p1a: Alomomola|37/100 psn
|
|-damage|p1a: Alomomola|24/100 psn|[from] psn
|upkeep
|turn|19
|
|t:|1781228982
|switch|p1a: Meowscarada|Meowscarada, M|62/100
|move|p2a: Kilowattrel|Discharge|p1a: Meowscarada
|-resisted|p1a: Meowscarada
|-damage|p1a: Meowscarada|31/100
|
|upkeep
|turn|20
|
|t:|1781228997
|switch|p2a: Glimmora|Glimmora, F|28/100
|move|p1a: Meowscarada|Copycat|p1a: Meowscarada
|move|p1a: Meowscarada|Discharge|p2a: Glimmora|[from] move: Copycat
|-start|p1a: Meowscarada|typechange|Electric|[from] ability: Protean
|-damage|p2a: Glimmora|1/100
|-status|p2a: Glimmora|par
|
|upkeep
|turn|21
|
|t:|1781229011
|switch|p2a: Kilowattrel|Kilowattrel, M, shiny|100/100
|move|p1a: Meowscarada|Copycat|p1a: Meowscarada
|move|p1a: Meowscarada|Discharge|p2a: Kilowattrel|[from] move: Copycat
|-immune|p2a: Kilowattrel|[from] ability: Volt Absorb
|
|upkeep
|turn|22
|
|t:|1781229060
|switch|p1a: Corviknight|Corviknight, F|52/100
|move|p2a: Kilowattrel|Discharge|p1a: Corviknight
|-supereffective|p1a: Corviknight
|-damage|p1a: Corviknight|0 fnt
|faint|p1a: Corviknight
|
|upkeep
|
|t:|1781229069
|switch|p1a: Hoopa|Hoopa-Unbound|100/100
|turn|23
|
|t:|1781229079
|move|p2a: Kilowattrel|Thunder Wave|p1a: Hoopa
|-status|p1a: Hoopa|par
|move|p1a: Hoopa|Future Sight|p2a: Kilowattrel
|-start|p1a: Hoopa|move: Future Sight
|
|upkeep
|turn|24
|
|t:|1781229085
|move|p2a: Kilowattrel|Volt Switch|p1a: Hoopa
|-damage|p1a: Hoopa|75/100 par
|-enditem|p1a: Hoopa|Red Card|[of] p2a: Kilowattrel
|drag|p2a: Glimmora|Glimmora, F|1/100 par
|move|p1a: Hoopa|Substitute|p1a: Hoopa
|-start|p1a: Hoopa|Substitute
|-damage|p1a: Hoopa|50/100 par
|
|upkeep
|turn|25
|
|t:|1781229096
|move|p2a: Glimmora|Power Gem|p1a: Hoopa
|-activate|p1a: Hoopa|move: Substitute|[damage]
|move|p1a: Hoopa|Substitute|p1a: Hoopa
|-fail|p1a: Hoopa|move: Substitute
|
|-end|p2a: Glimmora|move: Future Sight
|-supereffective|p2a: Glimmora
|-damage|p2a: Glimmora|0 fnt
|faint|p2a: Glimmora
|upkeep
|
|t:|1781229106
|switch|p2a: Kilowattrel|Kilowattrel, M, shiny|100/100
|turn|26
|
|t:|1781229117
|move|p2a: Kilowattrel|Volt Switch|p1a: Hoopa
|-end|p1a: Hoopa|Substitute
|
|t:|1781229121
|switch|p2a: Ceruledge|Ceruledge, M|13/100|[from] Volt Switch
|move|p1a: Hoopa|Substitute|p1a: Hoopa
|-start|p1a: Hoopa|Substitute
|-damage|p1a: Hoopa|25/100 par
|
|upkeep
|turn|27
|
|t:|1781229129
|move|p2a: Ceruledge|Bitter Blade|p1a: Hoopa
|-crit|p1a: Hoopa
|-end|p1a: Hoopa|Substitute
|-heal|p2a: Ceruledge|29/100|[from] drain|[of] p1a: Hoopa
|move|p1a: Hoopa|Hyperspace Fury|p2a: Ceruledge
|-supereffective|p2a: Ceruledge
|-damage|p2a: Ceruledge|0 fnt
|-unboost|p1a: Hoopa|def|1
|faint|p2a: Ceruledge
|
|upkeep
|
|t:|1781229139
|switch|p2a: Chesnaught|Chesnaught, M|100/100
|turn|28
|
|t:|1781229148
|move|p2a: Chesnaught|Body Press|p1a: Hoopa
|-damage|p1a: Hoopa|0 fnt
|faint|p1a: Hoopa
|
|upkeep
|
|t:|1781229154
|switch|p1a: Meowscarada|Meowscarada, M|31/100
|turn|29
|
|t:|1781229165
|move|p1a: Meowscarada|Triple Axel|p2a: Chesnaught
|-start|p1a: Meowscarada|typechange|Ice|[from] ability: Protean
|-supereffective|p2a: Chesnaught
|-damage|p2a: Chesnaught|88/100
|-supereffective|p2a: Chesnaught
|-damage|p2a: Chesnaught|62/100
|-supereffective|p2a: Chesnaught
|-damage|p2a: Chesnaught|25/100
|-hitcount|p2a: Chesnaught|3
|move|p2a: Chesnaught|Body Press|p1a: Meowscarada
|-supereffective|p1a: Meowscarada
|-damage|p1a: Meowscarada|0 fnt
|faint|p1a: Meowscarada
|
|-heal|p2a: Chesnaught|31/100|[from] item: Leftovers
|upkeep
|
|t:|1781229176
|switch|p1a: Iron Crown|Iron Crown|100/100
|-enditem|p1a: Iron Crown|Booster Energy
|-activate|p1a: Iron Crown|ability: Quark Drive|[fromitem]
|-start|p1a: Iron Crown|quarkdrivespe
|turn|30
|
|t:|1781229190
|move|p1a: Iron Crown|Iron Defense|p1a: Iron Crown
|-boost|p1a: Iron Crown|def|2
|move|p2a: Chesnaught|Knock Off|p1a: Iron Crown
|-supereffective|p1a: Iron Crown
|-damage|p1a: Iron Crown|85/100
|
|-heal|p2a: Chesnaught|37/100|[from] item: Leftovers
|upkeep
|turn|31
|
|t:|1781229201
|move|p1a: Iron Crown|Calm Mind|p1a: Iron Crown
|-boost|p1a: Iron Crown|spa|1
|-boost|p1a: Iron Crown|spd|1
|move|p2a: Chesnaught|Leech Seed|p1a: Iron Crown
|-start|p1a: Iron Crown|move: Leech Seed
|
|-heal|p2a: Chesnaught|43/100|[from] item: Leftovers
|-damage|p1a: Iron Crown|73/100|[from] Leech Seed|[of] p2a: Chesnaught
|-heal|p2a: Chesnaught|56/100|[silent]
|upkeep
|turn|32
|
|t:|1781229207
|move|p1a: Iron Crown|Calm Mind|p1a: Iron Crown
|-boost|p1a: Iron Crown|spa|1
|-boost|p1a: Iron Crown|spd|1
|move|p2a: Chesnaught|Body Press|p1a: Iron Crown
|-damage|p1a: Iron Crown|49/100
|
|-heal|p2a: Chesnaught|62/100|[from] item: Leftovers
|-damage|p1a: Iron Crown|37/100|[from] Leech Seed|[of] p2a: Chesnaught
|-heal|p2a: Chesnaught|74/100|[silent]
|upkeep
|turn|33
|
|t:|1781229217
|switch|p2a: Goodra|Goodra-Hisui, F|100/100
|move|p1a: Iron Crown|Stored Power|p2a: Goodra
|-resisted|p2a: Goodra
|-damage|p2a: Goodra|75/100
|
|-damage|p1a: Iron Crown|24/100|[from] Leech Seed|[of] p2a: Goodra
|-heal|p2a: Goodra|89/100|[silent]
|upkeep
|turn|34
|
|t:|1781229231
|switch|p2a: Gastrodon|Gastrodon, F|96/100
|move|p1a: Iron Crown|Tachyon Cutter|p2a: Gastrodon
|-resisted|p2a: Gastrodon
|-damage|p2a: Gastrodon|79/100
|-resisted|p2a: Gastrodon
|-damage|p2a: Gastrodon|62/100
|-hitcount|p2a: Gastrodon|2
|
|-heal|p2a: Gastrodon|68/100|[from] item: Leftovers
|-damage|p1a: Iron Crown|12/100|[from] Leech Seed|[of] p2a: Gastrodon
|-heal|p2a: Gastrodon|78/100|[silent]
|upkeep
|turn|35
|
|t:|1781229245
|-end|p1a: Iron Crown|Quark Drive|[silent]
|switch|p1a: Alomomola|Alomomola, F|58/100 psn
|switch|p2a: Goodra|Goodra-Hisui, F|89/100
|
|-damage|p1a: Alomomola|45/100 psn|[from] psn
|upkeep
|turn|36
|
|t:|1781229252
|move|p1a: Alomomola|Wish|p1a: Alomomola
|move|p2a: Goodra|Knock Off|p1a: Alomomola
|-damage|p1a: Alomomola|36/100 psn
|
|-damage|p1a: Alomomola|24/100 psn|[from] psn
|upkeep
|turn|37
|
|t:|1781229259
|switch|p1a: Iron Crown|Iron Crown|12/100
|switch|p2a: Kilowattrel|Kilowattrel, M, shiny|100/100
|
|-heal|p1a: Iron Crown|87/100|[from] move: Wish|[wisher] Alomomola
|upkeep
|turn|38
|
|t:|1781229270
|-terastallize|p1a: Iron Crown|Ground
|move|p2a: Kilowattrel|Discharge|p1a: Iron Crown
|-immune|p1a: Iron Crown
|move|p1a: Iron Crown|Calm Mind|p1a: Iron Crown
|-boost|p1a: Iron Crown|spa|1
|-boost|p1a: Iron Crown|spd|1
|
|upkeep
|turn|39
|
|t:|1781229279
|switch|p2a: Goodra|Goodra-Hisui, F|89/100
|move|p1a: Iron Crown|Calm Mind|p1a: Iron Crown
|-boost|p1a: Iron Crown|spa|1
|-boost|p1a: Iron Crown|spd|1
|
|upkeep
|turn|40
|
|t:|1781229291
|move|p1a: Iron Crown|Tachyon Cutter|p2a: Goodra
|-resisted|p2a: Goodra
|-damage|p2a: Goodra|78/100
|-resisted|p2a: Goodra
|-damage|p2a: Goodra|68/100
|-hitcount|p2a: Goodra|2
|move|p2a: Goodra|Dragon Tail|p1a: Iron Crown
|-damage|p1a: Iron Crown|68/100
|-end|p1a: Iron Crown|Quark Drive|[silent]
|drag|p1a: Alomomola|Alomomola, F|57/100 psn
|
|-damage|p1a: Alomomola|45/100 psn|[from] psn
|upkeep
|turn|41
|
|t:|1781229301
|switch|p2a: Gastrodon|Gastrodon, F|78/100
|move|p1a: Alomomola|Wish|p1a: Alomomola
|
|-heal|p2a: Gastrodon|84/100|[from] item: Leftovers
|-damage|p1a: Alomomola|32/100 psn|[from] psn
|upkeep
|turn|42
|
|t:|1781229311
|switch|p1a: Iron Crown|Iron Crown, tera:Ground|68/100
|move|p2a: Gastrodon|Spikes|p1a: Iron Crown
|-sidestart|p1: soulspark|Spikes
|
|-heal|p1a: Iron Crown|100/100|[from] move: Wish|[wisher] Alomomola
|-heal|p2a: Gastrodon|90/100|[from] item: Leftovers
|upkeep
|turn|43
|
|t:|1781229319
|move|p1a: Iron Crown|Calm Mind|p1a: Iron Crown
|-boost|p1a: Iron Crown|spa|1
|-boost|p1a: Iron Crown|spd|1
|move|p2a: Gastrodon|Surf|p1a: Iron Crown
|-supereffective|p1a: Iron Crown
|-damage|p1a: Iron Crown|63/100
|
|-heal|p2a: Gastrodon|96/100|[from] item: Leftovers
|upkeep
|turn|44
|
|t:|1781229325
|switch|p2a: Goodra|Goodra-Hisui, F|68/100
|move|p1a: Iron Crown|Calm Mind|p1a: Iron Crown
|-boost|p1a: Iron Crown|spa|1
|-boost|p1a: Iron Crown|spd|1
|
|upkeep
|turn|45
|
|t:|1781229328
|move|p1a: Iron Crown|Tachyon Cutter|p2a: Goodra
|-resisted|p2a: Goodra
|-damage|p2a: Goodra|59/100
|-resisted|p2a: Goodra
|-damage|p2a: Goodra|49/100
|-hitcount|p2a: Goodra|2
|move|p2a: Goodra|Dragon Tail|p1a: Iron Crown
|-damage|p1a: Iron Crown|42/100
|-end|p1a: Iron Crown|Quark Drive|[silent]
|drag|p1a: Alomomola|Alomomola, F|66/100 psn
|-damage|p1a: Alomomola|53/100 psn|[from] Spikes
|
|-damage|p1a: Alomomola|41/100 psn|[from] psn
|upkeep
|turn|46
|
|t:|1781229339
|move|p1a: Alomomola|Wish|p1a: Alomomola
|move|p2a: Goodra|Flash Cannon|p1a: Alomomola
|-resisted|p1a: Alomomola
|-damage|p1a: Alomomola|22/100 psn
|
|-damage|p1a: Alomomola|10/100 psn|[from] psn
|upkeep
|turn|47
|
|t:|1781229346
|move|p1a: Alomomola|Protect|p1a: Alomomola
|-singleturn|p1a: Alomomola|Protect
|move|p2a: Goodra|Ice Beam|p1a: Alomomola
|-activate|p1a: Alomomola|move: Protect
|
|-heal|p1a: Alomomola|60/100 psn|[from] move: Wish|[wisher] Alomomola
|-damage|p1a: Alomomola|48/100 psn|[from] psn
|upkeep
|turn|48
|
|t:|1781229350
|switch|p2a: Gastrodon|Gastrodon, F|96/100
|move|p1a: Alomomola|Mirror Coat||[still]
|-fail|p1a: Alomomola
|
|-heal|p2a: Gastrodon|100/100|[from] item: Leftovers
|-damage|p1a: Alomomola|35/100 psn|[from] psn
|upkeep
|turn|49
|
|t:|1781229354
|move|p1a: Alomomola|Wish|p1a: Alomomola
|move|p2a: Gastrodon|Spikes|p1a: Alomomola
|-sidestart|p1: soulspark|Spikes
|
|-damage|p1a: Alomomola|23/100 psn|[from] psn
|upkeep
|turn|50
|
|t:|1781229363
|move|p2a: Gastrodon|Surf|p1a: Alomomola
|-resisted|p1a: Alomomola
|-damage|p1a: Alomomola|8/100 psn
|move|p1a: Alomomola|Mirror Coat|p2a: Gastrodon
|-damage|p2a: Gastrodon|65/100
|
|-heal|p1a: Alomomola|58/100 psn|[from] move: Wish|[wisher] Alomomola
|-heal|p2a: Gastrodon|71/100|[from] item: Leftovers
|-damage|p1a: Alomomola|46/100 psn|[from] psn
|upkeep
|turn|51
|
|t:|1781229369
|move|p1a: Alomomola|Wish|p1a: Alomomola
|move|p2a: Gastrodon|Spikes|p1a: Alomomola
|-sidestart|p1: soulspark|Spikes
|
|-heal|p2a: Gastrodon|77/100|[from] item: Leftovers
|-damage|p1a: Alomomola|34/100 psn|[from] psn
|upkeep
|turn|52
|
|t:|1781229376
|move|p1a: Alomomola|Protect|p1a: Alomomola
|-singleturn|p1a: Alomomola|Protect
|move|p2a: Gastrodon|Surf|p1a: Alomomola
|-activate|p1a: Alomomola|move: Protect
|
|-heal|p1a: Alomomola|84/100 psn|[from] move: Wish|[wisher] Alomomola
|-heal|p2a: Gastrodon|84/100|[from] item: Leftovers
|-damage|p1a: Alomomola|71/100 psn|[from] psn
|upkeep
|turn|53
|
|t:|1781229379
|move|p1a: Alomomola|Wish|p1a: Alomomola
|move|p2a: Gastrodon|Earth Power|p1a: Alomomola
|-damage|p1a: Alomomola|39/100 psn
|
|-heal|p2a: Gastrodon|90/100|[from] item: Leftovers
|-damage|p1a: Alomomola|27/100 psn|[from] psn
|upkeep
|turn|54
|
|t:|1781229386
|move|p1a: Alomomola|Protect|p1a: Alomomola
|-singleturn|p1a: Alomomola|Protect
|move|p2a: Gastrodon|Earth Power|p1a: Alomomola
|-activate|p1a: Alomomola|move: Protect
|
|-heal|p1a: Alomomola|77/100 psn|[from] move: Wish|[wisher] Alomomola
|-heal|p2a: Gastrodon|96/100|[from] item: Leftovers
|-damage|p1a: Alomomola|65/100 psn|[from] psn
|upkeep
|turn|55
|
|t:|1781229389
|move|p1a: Alomomola|Wish|p1a: Alomomola
|move|p2a: Gastrodon|Earth Power|p1a: Alomomola
|-damage|p1a: Alomomola|35/100 psn
|
|-heal|p2a: Gastrodon|100/100|[from] item: Leftovers
|-damage|p1a: Alomomola|23/100 psn|[from] psn
|upkeep
|turn|56
|
|t:|1781229396
|switch|p1a: Iron Crown|Iron Crown, tera:Ground|42/100
|-damage|p1a: Iron Crown|17/100|[from] Spikes
|move|p2a: Gastrodon|Earth Power|p1a: Iron Crown
|-damage|p1a: Iron Crown|0 fnt
|faint|p1a: Iron Crown
|-end|p1a: Iron Crown|Quark Drive|[silent]
|
|upkeep
|
|t:|1781229398
|switch|p1a: Alomomola|Alomomola, F|56/100 psn
|-damage|p1a: Alomomola|31/100 psn|[from] Spikes
|turn|57
|
|t:|1781229403
|move|p1a: Alomomola|Wish|p1a: Alomomola
|move|p2a: Gastrodon|Earth Power|p1a: Alomomola
|-damage|p1a: Alomomola|2/100 psn
|-unboost|p1a: Alomomola|spd|1
|
|-damage|p1a: Alomomola|0 fnt|[from] psn
|faint|p1a: Alomomola
|
|win|kemious
|raw|soulspark's rating: 1567 &rarr; <strong>1544</strong><br />(-23 for losing)
|raw|kemious's rating: 1519 &rarr; <strong>1542</strong><br />(+23 for winning)
|l|☆soulspark
|player|p1|
|l|☆kemious
|player|p2|
