|j|‽LT_Alt1
|j|☆18dabloons
|t:|1780899401
|gametype|singles
|player|p1|LT_Alt1|265|1692
|player|p2|18dabloons|caitlin|1769
|gen|9
|tier|[Gen 9] OU
|rated|
|rule|HP Percentage Mod: HP is shown in percentages
|rule|Endless Battle Clause: Forcing endless battles is banned
|rule|Species Clause: Limit one of each Pokémon
|rule|OHKO Clause: OHKO moves are banned
|rule|Evasion Items Clause: Evasion items are banned
|rule|Evasion Moves Clause: Evasion moves are banned
|rule|Evasion Abilities Clause: Evasion abilities are banned
|rule|Sleep Moves Clause: Sleep-inducing moves are banned
|clearpoke
|poke|p1|Garganacl, F|
|poke|p1|Slowking-Galar, F|
|poke|p1|Kyurem|
|poke|p1|Weezing-Galar, F|
|poke|p1|Moltres|
|poke|p1|Iron Treads|
|poke|p2|Ursaluna, F|
|poke|p2|Alomomola, F|
|poke|p2|Excadrill, F|
|poke|p2|Tyranitar, F|
|poke|p2|Pecharunt|
|poke|p2|Keldeo-Resolute|
|teampreview
|
|t:|1780899417
|teamsize|p1|6
|teamsize|p2|6
|start
|switch|p1a: Iron Treads|Iron Treads|100/100
|switch|p2a: Tyranitar|Tyranitar, F|100/100
|-weather|Sandstorm|[from] ability: Sand Stream|[of] p2a: Tyranitar
|turn|1
|
|t:|1780899426
|move|p1a: Iron Treads|Knock Off|p2a: Tyranitar
|-resisted|p2a: Tyranitar
|-damage|p2a: Tyranitar|91/100
|-enditem|p2a: Tyranitar|Smooth Rock|[from] move: Knock Off|[of] p1a: Iron Treads
|move|p2a: Tyranitar|Low Kick|p1a: Iron Treads
|-supereffective|p1a: Iron Treads
|-crit|p1a: Iron Treads
|-damage|p1a: Iron Treads|23/100
|
|-weather|Sandstorm|[upkeep]
|-heal|p1a: Iron Treads|29/100|[from] item: Leftovers
|upkeep
|turn|2
|j| SagaSFull
|
|t:|1780899440
|switch|p2a: Alomomola|Alomomola, F|100/100
|move|p1a: Iron Treads|Stealth Rock|p2a: Alomomola
|-sidestart|p2: 18dabloons|move: Stealth Rock
|
|-weather|Sandstorm|[upkeep]
|-damage|p2a: Alomomola|94/100|[from] Sandstorm
|-heal|p1a: Iron Treads|35/100|[from] item: Leftovers
|upkeep
|turn|3
|
|t:|1780899446
|move|p1a: Iron Treads|Knock Off|p2a: Alomomola
|-damage|p2a: Alomomola|80/100
|-damage|p1a: Iron Treads|18/100|[from] item: Rocky Helmet|[of] p2a: Alomomola
|-enditem|p2a: Alomomola|Rocky Helmet|[from] move: Knock Off|[of] p1a: Iron Treads
|move|p2a: Alomomola|Flip Turn|p1a: Iron Treads
|-supereffective|p1a: Iron Treads
|-damage|p1a: Iron Treads|0 fnt
|faint|p1a: Iron Treads
|-end|p1a: Iron Treads|Quark Drive|[silent]
|
|t:|1780899474
|switch|p2a: Tyranitar|Tyranitar, F|91/100|[from] Flip Turn
|-damage|p2a: Tyranitar|78/100|[from] Stealth Rock
|
|-weather|Sandstorm|[upkeep]
|upkeep
|
|t:|1780899479
|switch|p1a: Weezing|Weezing-Galar, F|100/100
|-ability|p1a: Weezing|Neutralizing Gas
|turn|4
|
|t:|1780899496
|switch|p2a: Pecharunt|Pecharunt|100/100
|move|p1a: Weezing|Will-O-Wisp|p2a: Pecharunt
|-status|p2a: Pecharunt|brn
|
|-weather|Sandstorm|[upkeep]
|-damage|p2a: Pecharunt|94/100 brn|[from] Sandstorm
|-damage|p1a: Weezing|94/100|[from] Sandstorm
|-heal|p1a: Weezing|100/100|[from] item: Leftovers
|-damage|p2a: Pecharunt|88/100 brn|[from] brn
|upkeep
|turn|5
|
|t:|1780899509
|move|p2a: Pecharunt|Parting Shot|p1a: Weezing
|-unboost|p1a: Weezing|atk|1
|-unboost|p1a: Weezing|spa|1
|
|t:|1780899524
|switch|p2a: Keldeo|Keldeo-Resolute|100/100|[from] Parting Shot
|-damage|p2a: Keldeo|94/100|[from] Stealth Rock
|move|p1a: Weezing|Will-O-Wisp|p2a: Keldeo
|-status|p2a: Keldeo|brn
|
|-weather|Sandstorm|[upkeep]
|-damage|p2a: Keldeo|88/100 brn|[from] Sandstorm
|-damage|p1a: Weezing|94/100|[from] Sandstorm
|-heal|p1a: Weezing|100/100|[from] item: Leftovers
|-damage|p2a: Keldeo|82/100 brn|[from] brn
|upkeep
|turn|6
|
|t:|1780899530
|move|p2a: Keldeo|Surf|p1a: Weezing
|-crit|p1a: Weezing
|-damage|p1a: Weezing|0 fnt
|faint|p1a: Weezing
|-end|p1a: Weezing|ability: Neutralizing Gas
|
|-weather|Sandstorm|[upkeep]
|-damage|p2a: Keldeo|76/100 brn|[from] Sandstorm
|-damage|p2a: Keldeo|70/100 brn|[from] brn
|upkeep
|
|t:|1780899534
|switch|p1a: Slowking|Slowking-Galar, F|100/100
|turn|7
|
|t:|1780899540
|move|p2a: Keldeo|Surf|p1a: Slowking
|-damage|p1a: Slowking|61/100
|-prepare|p1a: Slowking|Chilly Reception|[premajor]
|move|p1a: Slowking|Chilly Reception|p1a: Slowking
|-weather|Snowscape
|
|t:|1780899545
|switch|p1a: Kyurem|Kyurem|100/100|[from] Chilly Reception
|-ability|p1a: Kyurem|Pressure
|
|-weather|Snowscape|[upkeep]
|-damage|p2a: Keldeo|63/100 brn|[from] brn
|upkeep
|turn|8
|j| kirbyphoenix25
|
|t:|1780899584
|switch|p2a: Tyranitar|Tyranitar, F|78/100
|-damage|p2a: Tyranitar|66/100|[from] Stealth Rock
|-weather|Sandstorm|[from] ability: Sand Stream|[of] p2a: Tyranitar
|move|p1a: Kyurem|Scale Shot|p2a: Tyranitar
|-damage|p2a: Tyranitar|58/100
|-damage|p2a: Tyranitar|50/100
|-damage|p2a: Tyranitar|42/100
|-damage|p2a: Tyranitar|34/100
|-hitcount|p2a: Tyranitar|4
|-unboost|p1a: Kyurem|def|1
|-boost|p1a: Kyurem|spe|1
|
|-weather|Sandstorm|[upkeep]
|-damage|p1a: Kyurem|94/100|[from] Sandstorm
|upkeep
|turn|9
|
|t:|1780899607
|move|p1a: Kyurem|Scale Shot|p2a: Tyranitar
|-damage|p2a: Tyranitar|27/100
|-damage|p2a: Tyranitar|19/100
|-damage|p2a: Tyranitar|10/100
|-damage|p2a: Tyranitar|3/100
|-damage|p2a: Tyranitar|0 fnt
|faint|p2a: Tyranitar
|-hitcount|p2: Tyranitar|5
|-unboost|p1a: Kyurem|def|1
|-boost|p1a: Kyurem|spe|1
|
|-weather|Sandstorm|[upkeep]
|-damage|p1a: Kyurem|88/100|[from] Sandstorm
|upkeep
|
|t:|1780899610
|switch|p2a: Pecharunt|Pecharunt|88/100 brn
|turn|10
|
|t:|1780899613
|-terastallize|p2a: Pecharunt|Dark
|move|p1a: Kyurem|Earth Power|p2a: Pecharunt
|-damage|p2a: Pecharunt|54/100 brn
|move|p2a: Pecharunt|Foul Play|p1a: Kyurem
|-damage|p1a: Kyurem|50/100
|
|-weather|Sandstorm|[upkeep]
|-damage|p1a: Kyurem|44/100|[from] Sandstorm
|-damage|p2a: Pecharunt|48/100 brn|[from] Sandstorm
|-damage|p2a: Pecharunt|42/100 brn|[from] brn
|upkeep
|turn|11
|
|t:|1780899630
|move|p1a: Kyurem|Freeze-Dry|p2a: Pecharunt
|-damage|p2a: Pecharunt|3/100 brn
|move|p2a: Pecharunt|Recover|p2a: Pecharunt
|-heal|p2a: Pecharunt|53/100 brn
|
|-weather|Sandstorm|[upkeep]
|-damage|p1a: Kyurem|38/100|[from] Sandstorm
|-damage|p2a: Pecharunt|47/100 brn|[from] Sandstorm
|-damage|p2a: Pecharunt|40/100 brn|[from] brn
|upkeep
|turn|12
|
|t:|1780899654
|move|p1a: Kyurem|Ice Beam|p2a: Pecharunt
|-damage|p2a: Pecharunt|0 fnt
|faint|p2a: Pecharunt
|
|-weather|none
|upkeep
|
|t:|1780899666
|switch|p2a: Keldeo|Keldeo-Resolute|63/100 brn
|-damage|p2a: Keldeo|57/100 brn|[from] Stealth Rock
|turn|13
|
|t:|1780899670
|switch|p1a: Slowking|Slowking-Galar, F|94/100
|move|p2a: Keldeo|Vacuum Wave|p1a: Slowking
|-resisted|p1a: Slowking
|-damage|p1a: Slowking|89/100
|
|-damage|p2a: Keldeo|51/100 brn|[from] brn
|upkeep
|turn|14
|
|t:|1780899680
|switch|p2a: Excadrill|Excadrill, F|100/100
|-damage|p2a: Excadrill|97/100|[from] Stealth Rock
|-item|p2a: Excadrill|Air Balloon
|-prepare|p1a: Slowking|Chilly Reception|[premajor]
|move|p1a: Slowking|Chilly Reception|p1a: Slowking
|-weather|Snowscape
|
|t:|1780899693
|switch|p1a: Garganacl|Garganacl, F|100/100|[from] Chilly Reception
|
|-weather|Snowscape|[upkeep]
|upkeep
|turn|15
|
|t:|1780899700
|move|p2a: Excadrill|Rapid Spin|p1a: Garganacl
|-resisted|p1a: Garganacl
|-damage|p1a: Garganacl|94/100
|-boost|p2a: Excadrill|spe|1
|-sideend|p2: 18dabloons|Stealth Rock|[from] move: Rapid Spin|[of] p2a: Excadrill
|move|p1a: Garganacl|Salt Cure|p2a: Excadrill
|-resisted|p2a: Excadrill
|-damage|p2a: Excadrill|93/100
|-start|p2a: Excadrill|Salt Cure
|-enditem|p2a: Excadrill|Air Balloon
|
|-weather|Snowscape|[upkeep]
|-heal|p1a: Garganacl|99/100|[from] item: Leftovers
|-damage|p2a: Excadrill|68/100|[from] Salt Cure
|upkeep
|turn|16
|
|t:|1780899705
|switch|p2a: Ursaluna|Ursaluna, F|100/100
|move|p1a: Garganacl|Salt Cure|p2a: Ursaluna
|-resisted|p2a: Ursaluna
|-damage|p2a: Ursaluna|95/100
|-start|p2a: Ursaluna|Salt Cure
|
|-weather|Snowscape|[upkeep]
|-heal|p1a: Garganacl|100/100|[from] item: Leftovers
|-damage|p2a: Ursaluna|83/100|[from] Salt Cure
|-status|p2a: Ursaluna|brn|[from] item: Flame Orb
|upkeep
|turn|17
|
|t:|1780899711
|-terastallize|p1a: Garganacl|Fairy
|move|p2a: Ursaluna|Swords Dance|p2a: Ursaluna
|-boost|p2a: Ursaluna|atk|2
|move|p1a: Garganacl|Body Press|p2a: Ursaluna
|-supereffective|p2a: Ursaluna
|-damage|p2a: Ursaluna|42/100 brn
|
|-weather|Snowscape|[upkeep]
|-damage|p2a: Ursaluna|36/100 brn|[from] brn
|-damage|p2a: Ursaluna|23/100 brn|[from] Salt Cure
|upkeep
|turn|18
|
|t:|1780899722
|move|p2a: Ursaluna|Facade|p1a: Garganacl
|-damage|p1a: Garganacl|0 fnt
|faint|p1a: Garganacl
|
|-weather|none
|-damage|p2a: Ursaluna|17/100 brn|[from] brn
|-damage|p2a: Ursaluna|5/100 brn|[from] Salt Cure
|upkeep
|
|t:|1780899725
|switch|p1a: Kyurem|Kyurem|38/100
|-ability|p1a: Kyurem|Pressure
|turn|19
|inactive|Battle timer is ON: inactive players will automatically lose when time's up. (requested by LT_Alt1)
|
|t:|1780899786
|switch|p2a: Excadrill|Excadrill, F|68/100
|move|p1a: Kyurem|Scale Shot|p2a: Excadrill
|-resisted|p2a: Excadrill
|-crit|p2a: Excadrill
|-damage|p2a: Excadrill|57/100
|-resisted|p2a: Excadrill
|-damage|p2a: Excadrill|50/100
|-resisted|p2a: Excadrill
|-damage|p2a: Excadrill|43/100
|-resisted|p2a: Excadrill
|-damage|p2a: Excadrill|36/100
|-hitcount|p2a: Excadrill|4
|-unboost|p1a: Kyurem|def|1
|-boost|p1a: Kyurem|spe|1
|
|upkeep
|turn|20
|
|t:|1780899791
|move|p1a: Kyurem|Earth Power|p2a: Excadrill
|-supereffective|p2a: Excadrill
|-damage|p2a: Excadrill|0 fnt
|faint|p2a: Excadrill
|
|upkeep
|
|t:|1780899793
|switch|p2a: Keldeo|Keldeo-Resolute|51/100 brn
|turn|21
|
|t:|1780899800
|switch|p1a: Slowking|Slowking-Galar, F|100/100
|move|p2a: Keldeo|Vacuum Wave|p1a: Slowking
|-resisted|p1a: Slowking
|-damage|p1a: Slowking|96/100
|
|-damage|p2a: Keldeo|45/100 brn|[from] brn
|upkeep
|turn|22
|
|t:|1780899806
|switch|p2a: Alomomola|Alomomola, F|100/100
|move|p1a: Slowking|Future Sight|p2a: Alomomola
|-start|p1a: Slowking|move: Future Sight
|
|upkeep
|turn|23
|
|t:|1780899809
|move|p2a: Alomomola|Wish|p2a: Alomomola
|-prepare|p1a: Slowking|Chilly Reception|[premajor]
|move|p1a: Slowking|Chilly Reception|p1a: Slowking
|-weather|Snowscape
|
|t:|1780899812
|switch|p1a: Kyurem|Kyurem|38/100|[from] Chilly Reception
|-ability|p1a: Kyurem|Pressure
|
|-weather|Snowscape|[upkeep]
|upkeep
|turn|24
|
|t:|1780899820
|move|p1a: Kyurem|Freeze-Dry|p2a: Alomomola
|-supereffective|p2a: Alomomola
|-damage|p2a: Alomomola|34/100
|move|p2a: Alomomola|Body Slam|p1a: Kyurem
|-damage|p1a: Kyurem|29/100
|
|-weather|Snowscape|[upkeep]
|-end|p2a: Alomomola|move: Future Sight
|-damage|p2a: Alomomola|0 fnt
|faint|p2a: Alomomola
|upkeep
|
|t:|1780899831
|switch|p2a: Keldeo|Keldeo-Resolute|45/100 brn
|turn|25
|
|t:|1780899836
|move|p2a: Keldeo|Surf|p1a: Kyurem
|-resisted|p1a: Kyurem
|-damage|p1a: Kyurem|0 fnt
|faint|p1a: Kyurem
|
|-weather|Snowscape|[upkeep]
|-damage|p2a: Keldeo|39/100 brn|[from] brn
|upkeep
|
|t:|1780899838
|switch|p1a: Slowking|Slowking-Galar, F|100/100
|turn|26
|c|☆18dabloons|gg
|
|t:|1780899852
|move|p2a: Keldeo|Surf|p1a: Slowking
|-damage|p1a: Slowking|56/100
|move|p1a: Slowking|Sludge Bomb|p2a: Keldeo
|-damage|p2a: Keldeo|0 fnt
|faint|p2a: Keldeo
|
|-weather|Snowscape|[upkeep]
|upkeep
|
|t:|1780899855
|switch|p2a: Ursaluna|Ursaluna, F|5/100 brn
|turn|27
|
|t:|1780899857
|move|p2a: Ursaluna|Facade|p1a: Slowking
|-damage|p1a: Slowking|0 fnt
|faint|p1a: Slowking
|
|-weather|none
|-damage|p2a: Ursaluna|0 fnt|[from] brn
|faint|p2a: Ursaluna
|
|win|LT_Alt1
|raw|LT_Alt1's rating: 1692 &rarr; <strong>1716</strong><br />(+24 for winning)
|raw|18dabloons's rating: 1769 &rarr; <strong>1745</strong><br />(-24 for losing)
|l|☆18dabloons
|player|p2|
|l| SagaSFull
|l| kirbyphoenix25
