|badge|p2|bronze|gen9ou|100-9
|uhtml|medal-msg|<div class="broadcast-blue">Curious what those medals under the avatar are? PS now has Ladder Seasons! For more information, check out the <a href="https://www.smogon.com/forums/threads/3740067/">thread on Smogon.</a></div>
|j|☆ur doggo
|j|☆isaac_gam3r
|t:|1781245513
|gametype|singles
|player|p1|ur doggo|1|1682
|player|p2|isaac_gam3r|acetrainer-gen4dp|1817
|gen|9
|tier|[Gen 9] OU
|rated|
|rule|HP Percentage Mod: HP is shown in percentages
|rule|Endless Battle Clause: Forcing endless battles is banned
|rule|Species Clause: Limit one of each Pokémon
|rule|OHKO Clause: OHKO moves are banned
|rule|Evasion Items Clause: Evasion items are banned
|rule|Evasion Moves Clause: Evasion moves are banned
|rule|Evasion Abilities Clause: Evasion abilities are banned
|rule|Sleep Moves Clause: Sleep-inducing moves are banned
|clearpoke
|poke|p1|Latios, M|
|poke|p1|Darkrai|
|poke|p1|Ting-Lu|
|poke|p1|Corviknight, F|
|poke|p1|Dragonite, F|
|poke|p1|Clefable, F|
|poke|p2|Primarina, F|
|poke|p2|Raging Bolt|
|poke|p2|Heatran, M|
|poke|p2|Weezing-Galar, M|
|poke|p2|Garchomp, M|
|poke|p2|Weavile, M|
|teampreview
|inactive|Battle timer is ON: inactive players will automatically lose when time's up. (requested by isaac_gam3r)
|
|t:|1781245542
|teamsize|p1|6
|teamsize|p2|6
|start
|switch|p1a: Corviknight|Corviknight, F|100/100
|switch|p2a: Primarina|Primarina, F, shiny|100/100
|-ability|p1a: Corviknight|Pressure
|turn|1
|
|t:|1781245545
|move|p1a: Corviknight|Brave Bird|p2a: Primarina
|-damage|p2a: Primarina|54/100
|-damage|p1a: Corviknight|86/100|[from] Recoil
|move|p2a: Primarina|Calm Mind|p2a: Primarina
|-boost|p2a: Primarina|spa|1
|-boost|p2a: Primarina|spd|1
|
|-heal|p1a: Corviknight|92/100|[from] item: Leftovers
|-heal|p2a: Primarina|60/100|[from] item: Leftovers
|upkeep
|turn|2
|
|t:|1781245553
|move|p2a: Primarina|Protect|p2a: Primarina
|-singleturn|p2a: Primarina|Protect
|move|p1a: Corviknight|Brave Bird|p2a: Primarina
|-activate|p2a: Primarina|move: Protect
|
|-heal|p1a: Corviknight|98/100|[from] item: Leftovers
|-heal|p2a: Primarina|66/100|[from] item: Leftovers
|upkeep
|turn|3
|
|t:|1781245555
|move|p1a: Corviknight|Brave Bird|p2a: Primarina
|-damage|p2a: Primarina|24/100
|-damage|p1a: Corviknight|86/100|[from] Recoil
|move|p2a: Primarina|Sparkling Aria|p1a: Corviknight
|-damage|p1a: Corviknight|5/100
|
|-heal|p1a: Corviknight|11/100|[from] item: Leftovers
|-heal|p2a: Primarina|30/100|[from] item: Leftovers
|upkeep
|turn|4
|
|t:|1781245566
|switch|p2a: Garchomp|Garchomp, M|100/100
|move|p1a: Corviknight|Roost|p1a: Corviknight
|-heal|p1a: Corviknight|61/100
|-singleturn|p1a: Corviknight|move: Roost
|
|-heal|p1a: Corviknight|67/100|[from] item: Leftovers
|upkeep
|turn|5
|
|t:|1781245572
|move|p2a: Garchomp|Fire Blast|p1a: Corviknight
|-supereffective|p1a: Corviknight
|-damage|p1a: Corviknight|40/100
|move|p1a: Corviknight|Roost|p1a: Corviknight
|-heal|p1a: Corviknight|90/100
|-singleturn|p1a: Corviknight|move: Roost
|
|-heal|p1a: Corviknight|96/100|[from] item: Leftovers
|upkeep
|turn|6
|
|t:|1781245579
|switch|p1a: Clefable|Clefable, F|100/100
|move|p2a: Garchomp|Fire Blast|p1a: Clefable
|-damage|p1a: Clefable|81/100
|
|upkeep
|turn|7
|
|t:|1781245581
|switch|p2a: Heatran|Heatran, M|100/100
|move|p1a: Clefable|Stealth Rock|p2a: Heatran
|-sidestart|p2: isaac_gam3r|move: Stealth Rock
|
|upkeep
|turn|8
|
|t:|1781245586
|switch|p1a: Ting-Lu|Ting-Lu|100/100
|-ability|p1a: Ting-Lu|Vessel of Ruin
|move|p2a: Heatran|Lava Plume|p1a: Ting-Lu
|-damage|p1a: Ting-Lu|83/100
|-status|p1a: Ting-Lu|brn
|
|-heal|p1a: Ting-Lu|89/100 brn|[from] item: Leftovers
|-damage|p1a: Ting-Lu|83/100 brn|[from] brn
|upkeep
|turn|9
|
|t:|1781245594
|switch|p2a: Weezing|Weezing-Galar, M, shiny|100/100
|-damage|p2a: Weezing|88/100|[from] Stealth Rock
|move|p1a: Ting-Lu|Spikes|p2a: Weezing
|-sidestart|p2: isaac_gam3r|Spikes
|
|-heal|p2a: Weezing|94/100|[from] item: Black Sludge
|-heal|p1a: Ting-Lu|89/100 brn|[from] item: Leftovers
|-damage|p1a: Ting-Lu|83/100 brn|[from] brn
|upkeep
|turn|10
|
|t:|1781245604
|switch|p1a: Latios|Latios, M|100/100
|move|p2a: Weezing|Defog|p1a: Latios
|-unboost|p1a: Latios|evasion|1
|-sideend|p2: isaac_gam3r|Spikes|[from] move: Defog|[of] p2a: Weezing
|-sideend|p2: isaac_gam3r|Stealth Rock|[from] move: Defog|[of] p2a: Weezing
|
|-heal|p2a: Weezing|99/100|[from] item: Black Sludge
|upkeep
|turn|11
|
|t:|1781245607
|switch|p2a: Heatran|Heatran, M|100/100
|move|p1a: Latios|Psychic Noise|p2a: Heatran
|-resisted|p2a: Heatran
|-damage|p2a: Heatran|90/100
|-start|p2a: Heatran|move: Heal Block
|
|upkeep
|turn|12
|
|t:|1781245612
|switch|p2a: Weavile|Weavile, M|100/100
|-ability|p2a: Weavile|Pressure
|move|p1a: Latios|Calm Mind|p1a: Latios
|-boost|p1a: Latios|spa|1
|-boost|p1a: Latios|spd|1
|
|upkeep
|turn|13
|
|t:|1781245621
|-terastallize|p1a: Latios|Electric
|move|p2a: Weavile|Knock Off|p1a: Latios
|-crit|p1a: Latios
|-damage|p1a: Latios|6/100
|-enditem|p1a: Latios|Covert Cloak|[from] move: Knock Off|[of] p2a: Weavile
|move|p1a: Latios|Aura Sphere|p2a: Weavile
|-supereffective|p2a: Weavile
|-enditem|p2a: Weavile|Focus Sash
|-damage|p2a: Weavile|1/100
|
|upkeep
|turn|14
|
|t:|1781245629
|switch|p1a: Corviknight|Corviknight, F|96/100
|-ability|p1a: Corviknight|Pressure
|move|p2a: Weavile|Knock Off|p1a: Corviknight
|-damage|p1a: Corviknight|56/100
|-enditem|p1a: Corviknight|Leftovers|[from] move: Knock Off|[of] p2a: Weavile
|
|upkeep
|turn|15
|
|t:|1781245632
|switch|p2a: Raging Bolt|Raging Bolt|100/100
|move|p1a: Corviknight|U-turn|p2a: Raging Bolt
|-damage|p2a: Raging Bolt|89/100
|
|t:|1781245639
|switch|p1a: Ting-Lu|Ting-Lu|83/100 brn|[from] U-turn
|-ability|p1a: Ting-Lu|Vessel of Ruin
|
|-heal|p2a: Raging Bolt|95/100|[from] item: Leftovers
|-heal|p1a: Ting-Lu|89/100 brn|[from] item: Leftovers
|-damage|p1a: Ting-Lu|83/100 brn|[from] brn
|upkeep
|turn|16
|
|t:|1781245647
|-end|p2a: Raging Bolt|Protosynthesis|[silent]
|switch|p2a: Weavile|Weavile, M|1/100
|-ability|p2a: Weavile|Pressure
|move|p1a: Ting-Lu|Spikes|p2a: Weavile
|-sidestart|p2: isaac_gam3r|Spikes
|
|-heal|p1a: Ting-Lu|89/100 brn|[from] item: Leftovers
|-damage|p1a: Ting-Lu|83/100 brn|[from] brn
|upkeep
|turn|17
|
|t:|1781245649
|switch|p1a: Corviknight|Corviknight, F|56/100
|-ability|p1a: Corviknight|Pressure
|move|p2a: Weavile|Triple Axel|p1a: Corviknight
|-damage|p1a: Corviknight|48/100
|-damage|p1a: Corviknight|31/100
|-damage|p1a: Corviknight|7/100
|-hitcount|p1a: Corviknight|3
|
|upkeep
|turn|18
|
|t:|1781245659
|move|p2a: Weavile|Ice Shard|p1a: Corviknight
|-damage|p1a: Corviknight|0 fnt
|faint|p1a: Corviknight
|
|upkeep
|j| euphoricpoptarts
|
|t:|1781245665
|switch|p1a: Clefable|Clefable, F|81/100
|turn|19
|
|t:|1781245668
|move|p2a: Weavile|Knock Off|p1a: Clefable
|-resisted|p1a: Clefable
|-damage|p1a: Clefable|64/100
|-damage|p2a: Weavile|0 fnt|[from] item: Rocky Helmet|[of] p1a: Clefable
|faint|p2a: Weavile
|move|p1a: Clefable|Stealth Rock|p2: Weavile
|-sidestart|p2: isaac_gam3r|move: Stealth Rock
|
|upkeep
|
|t:|1781245673
|switch|p2a: Heatran|Heatran, M|90/100
|-damage|p2a: Heatran|77/100|[from] Spikes
|-damage|p2a: Heatran|65/100|[from] Stealth Rock
|turn|20
|
|t:|1781245677
|switch|p1a: Ting-Lu|Ting-Lu|83/100 brn
|-ability|p1a: Ting-Lu|Vessel of Ruin
|move|p2a: Heatran|Flash Cannon|p1a: Ting-Lu
|-damage|p1a: Ting-Lu|64/100 brn
|
|-heal|p1a: Ting-Lu|70/100 brn|[from] item: Leftovers
|-damage|p1a: Ting-Lu|64/100 brn|[from] brn
|upkeep
|turn|21
|
|t:|1781245682
|switch|p2a: Weezing|Weezing-Galar, M, shiny|99/100
|-damage|p2a: Weezing|88/100|[from] Stealth Rock
|move|p1a: Ting-Lu|Spikes|p2a: Weezing
|-sidestart|p2: isaac_gam3r|Spikes
|
|-heal|p2a: Weezing|94/100|[from] item: Black Sludge
|-heal|p1a: Ting-Lu|70/100 brn|[from] item: Leftovers
|-damage|p1a: Ting-Lu|64/100 brn|[from] brn
|upkeep
|turn|22
|
|t:|1781245685
|switch|p1a: Latios|Latios, M, tera:Electric|6/100
|move|p2a: Weezing|Defog|p1a: Latios
|-unboost|p1a: Latios|evasion|1
|-sideend|p2: isaac_gam3r|Spikes|[from] move: Defog|[of] p2a: Weezing
|-sideend|p2: isaac_gam3r|Stealth Rock|[from] move: Defog|[of] p2a: Weezing
|
|-heal|p2a: Weezing|99/100|[from] item: Black Sludge
|upkeep
|turn|23
|
|t:|1781245691
|switch|p2a: Garchomp|Garchomp, M|100/100
|move|p1a: Latios|Psychic Noise|p2a: Garchomp
|-damage|p2a: Garchomp|49/100
|-start|p2a: Garchomp|move: Heal Block
|
|upkeep
|turn|24
|
|t:|1781245697
|move|p2a: Garchomp|Rock Slide|p1a: Latios
|-damage|p1a: Latios|0 fnt
|faint|p1a: Latios
|
|-end|p2a: Garchomp|move: Heal Block
|upkeep
|
|t:|1781245710
|switch|p1a: Darkrai|Darkrai|100/100
|turn|25
|
|t:|1781245713
|switch|p2a: Heatran|Heatran, M|65/100
|move|p1a: Darkrai|Ice Beam|p2a: Heatran
|-resisted|p2a: Heatran
|-damage|p2a: Heatran|60/100
|
|upkeep
|turn|26
|
|t:|1781245716
|switch|p1a: Ting-Lu|Ting-Lu|64/100 brn
|-ability|p1a: Ting-Lu|Vessel of Ruin
|move|p2a: Heatran|Flash Cannon|p1a: Ting-Lu
|-damage|p1a: Ting-Lu|47/100 brn
|
|-heal|p1a: Ting-Lu|53/100 brn|[from] item: Leftovers
|-damage|p1a: Ting-Lu|47/100 brn|[from] brn
|upkeep
|turn|27
|j| yuureisuisei
|
|t:|1781245720
|switch|p2a: Primarina|Primarina, F, shiny|30/100
|move|p1a: Ting-Lu|Spikes|p2a: Primarina
|-sidestart|p2: isaac_gam3r|Spikes
|
|-heal|p2a: Primarina|36/100|[from] item: Leftovers
|-heal|p1a: Ting-Lu|53/100 brn|[from] item: Leftovers
|-damage|p1a: Ting-Lu|47/100 brn|[from] brn
|upkeep
|turn|28
|
|t:|1781245724
|move|p2a: Primarina|Draining Kiss|p1a: Ting-Lu
|-supereffective|p1a: Ting-Lu
|-damage|p1a: Ting-Lu|25/100 brn
|-heal|p2a: Primarina|60/100|[from] drain|[of] p1a: Ting-Lu
|move|p1a: Ting-Lu|Earthquake|p2a: Primarina
|-damage|p2a: Primarina|37/100
|
|-heal|p2a: Primarina|43/100|[from] item: Leftovers
|-heal|p1a: Ting-Lu|31/100 brn|[from] item: Leftovers
|-damage|p1a: Ting-Lu|25/100 brn|[from] brn
|upkeep
|turn|29
|-message|ur doggo forfeited.
|
|win|isaac_gam3r
|raw|ur doggo's rating: 1682 &rarr; <strong>1669</strong><br />(-13 for losing)
|raw|isaac_gam3r's rating: 1817 &rarr; <strong>1830</strong><br />(+13 for winning)
|l|☆ur doggo
|player|p1|
|l|☆isaac_gam3r
|player|p2|
|l| yuureisuisei
|l| euphoricpoptarts
