|j|☆rum daddy jr.
|j|☆Noamm
|t:|1781111548
|gametype|singles
|player|p1|rum daddy jr.|2|1710
|player|p2|Noamm|gambler|1787
|gen|9
|tier|[Gen 9] OU
|rated|
|rule|HP Percentage Mod: HP is shown in percentages
|rule|Endless Battle Clause: Forcing endless battles is banned
|rule|Species Clause: Limit one of each Pokémon
|rule|OHKO Clause: OHKO moves are banned
|rule|Evasion Items Clause: Evasion items are banned
|rule|Evasion Moves Clause: Evasion moves are banned
|rule|Evasion Abilities Clause: Evasion abilities are banned
|rule|Sleep Moves Clause: Sleep-inducing moves are banned
|clearpoke
|poke|p1|Dondozo, M|
|poke|p1|Blissey, F|
|poke|p1|Gliscor, F|
|poke|p1|Cinderace, M|
|poke|p1|Cresselia, F|
|poke|p1|Darkrai|
|poke|p2|Lokix, M|
|poke|p2|Iron Valiant|
|poke|p2|Alomomola, L99, M|
|poke|p2|Mandibuzz, F|
|poke|p2|Great Tusk|
|poke|p2|Gholdengo|
|teampreview
|inactive|Battle timer is ON: inactive players will automatically lose when time's up. (requested by Noamm)
|c|☆Noamm|Hf
|
|t:|1781111558
|teamsize|p1|6
|teamsize|p2|6
|start
|switch|p1a: Gliscor|Gliscor, F|100/100
|switch|p2a: STANDING BY|Great Tusk|100/100
|turn|1
|
|t:|1781111572
|move|p1a: Gliscor|Knock Off|p2a: STANDING BY
|-resisted|p2a: STANDING BY
|-damage|p2a: STANDING BY|91/100
|-enditem|p2a: STANDING BY|Heavy-Duty Boots|[from] move: Knock Off|[of] p1a: Gliscor
|move|p2a: STANDING BY|Stealth Rock|p1a: Gliscor
|-sidestart|p1: rum daddy jr.|move: Stealth Rock
|
|-status|p1a: Gliscor|tox|[from] item: Toxic Orb
|upkeep
|turn|2
|
|t:|1781111579
|switch|p1a: Cresselia|Cresselia, F|100/100
|-damage|p1a: Cresselia|88/100|[from] Stealth Rock
|move|p2a: STANDING BY|Ice Spinner|p1a: Cresselia
|-damage|p1a: Cresselia|73/100
|
|upkeep
|turn|3
|
|t:|1781111583
|-end|p2a: STANDING BY|Protosynthesis|[silent]
|switch|p2a: Faint or Alive|Gholdengo|100/100
|move|p1a: Cresselia|Moonlight|p1a: Cresselia
|-heal|p1a: Cresselia|100/100
|
|upkeep
|turn|4
|
|t:|1781111587
|switch|p1a: Cinderace|Cinderace, M|100/100
|move|p2a: Faint or Alive|Trick|p1a: Cinderace
|-activate|p2a: Faint or Alive|move: Trick|[of] p1a: Cinderace
|-item|p1a: Cinderace|Choice Scarf|[from] move: Trick
|-item|p2a: Faint or Alive|Heavy-Duty Boots|[from] move: Trick
|
|upkeep
|turn|5
|
|t:|1781111594
|switch|p2a: STANDING BY|Great Tusk|91/100
|move|p1a: Cinderace|Court Change|p1a: Cinderace
|-swapsideconditions
|-activate|p1a: Cinderace|move: Court Change
|
|upkeep
|turn|6
|
|t:|1781111597
|switch|p1a: Darkrai|Darkrai|100/100
|move|p2a: STANDING BY|Rapid Spin|p1a: Darkrai
|-crit|p1a: Darkrai
|-damage|p1a: Darkrai|63/100
|-boost|p2a: STANDING BY|spe|1
|-sideend|p2: Noamm|Stealth Rock|[from] move: Rapid Spin|[of] p2a: STANDING BY
|
|upkeep
|turn|7
|
|t:|1781111603
|-end|p2a: STANDING BY|Protosynthesis|[silent]
|switch|p2a: TIME OUT|Alomomola, L99, M|100/100
|move|p1a: Darkrai|Ice Beam|p2a: TIME OUT
|-resisted|p2a: TIME OUT
|-damage|p2a: TIME OUT|92/100
|
|upkeep
|turn|8
|
|t:|1781111616
|switch|p1a: Gliscor|Gliscor, F|100/100 tox
|move|p2a: TIME OUT|Flip Turn|p1a: Gliscor
|-supereffective|p1a: Gliscor
|-damage|p1a: Gliscor|71/100 tox
|
|t:|1781111621
|switch|p2a: STANDING BY|Great Tusk|91/100|[from] Flip Turn
|
|-heal|p1a: Gliscor|83/100 tox|[from] ability: Poison Heal
|upkeep
|turn|9
|
|t:|1781111626
|-terastallize|p1a: Gliscor|Normal
|move|p1a: Gliscor|Facade|p2a: STANDING BY
|-damage|p2a: STANDING BY|48/100
|move|p2a: STANDING BY|Ice Spinner|p1a: Gliscor
|-damage|p1a: Gliscor|55/100 tox
|
|-heal|p1a: Gliscor|67/100 tox|[from] ability: Poison Heal
|upkeep
|turn|10
|
|t:|1781111637
|move|p1a: Gliscor|Protect|p1a: Gliscor
|-singleturn|p1a: Gliscor|Protect
|move|p2a: STANDING BY|Headlong Rush|p1a: Gliscor
|-activate|p1a: Gliscor|move: Protect
|
|-heal|p1a: Gliscor|80/100 tox|[from] ability: Poison Heal
|upkeep
|turn|11
|
|t:|1781111647
|move|p1a: Gliscor|Swords Dance|p1a: Gliscor
|-boost|p1a: Gliscor|atk|2
|move|p2a: STANDING BY|Headlong Rush|p1a: Gliscor
|-damage|p1a: Gliscor|24/100 tox
|-unboost|p2a: STANDING BY|def|1
|-unboost|p2a: STANDING BY|spd|1
|
|-heal|p1a: Gliscor|36/100 tox|[from] ability: Poison Heal
|upkeep
|turn|12
|
|t:|1781111652
|move|p1a: Gliscor|Protect|p1a: Gliscor
|-singleturn|p1a: Gliscor|Protect
|move|p2a: STANDING BY|Headlong Rush|p1a: Gliscor
|-activate|p1a: Gliscor|move: Protect
|
|-heal|p1a: Gliscor|48/100 tox|[from] ability: Poison Heal
|upkeep
|turn|13
|
|t:|1781111655
|move|p1a: Gliscor|Facade|p2a: STANDING BY
|-damage|p2a: STANDING BY|0 fnt
|faint|p2a: STANDING BY
|-end|p2a: STANDING BY|Protosynthesis|[silent]
|
|-heal|p1a: Gliscor|61/100 tox|[from] ability: Poison Heal
|upkeep
|inactive|Noamm has 120 seconds left.
|j| akabrithan
|l| akabrithan
|inactive|Noamm has 90 seconds left.
|
|t:|1781111745
|switch|p2a: WinJustiφ'sThePlay|Iron Valiant, shiny|100/100
|turn|14
|
|t:|1781111752
|move|p2a: WinJustiφ'sThePlay|Moonblast|p1a: Gliscor
|-damage|p1a: Gliscor|0 fnt
|faint|p1a: Gliscor
|
|upkeep
|
|t:|1781111756
|switch|p1a: Cinderace|Cinderace, M|100/100
|turn|15
|
|t:|1781111759
|-end|p2a: WinJustiφ'sThePlay|Quark Drive|[silent]
|switch|p2a: TIME OUT|Alomomola, L99, M|100/100
|move|p1a: Cinderace|Pyro Ball|p2a: TIME OUT
|-resisted|p2a: TIME OUT
|-damage|p2a: TIME OUT|82/100
|
|upkeep
|turn|16
|
|t:|1781111763
|switch|p1a: Blissey|Blissey, F|100/100
|move|p2a: TIME OUT|Flip Turn|p1a: Blissey
|-damage|p1a: Blissey|87/100
|
|t:|1781111765
|switch|p2a: lens tinting over|Lokix, M, shiny|100/100|[from] Flip Turn
|
|upkeep
|turn|17
|
|t:|1781111769
|move|p2a: lens tinting over|U-turn|p1a: Blissey
|-damage|p1a: Blissey|42/100
|
|t:|1781111771
|switch|p2a: WinJustiφ'sThePlay|Iron Valiant, shiny|100/100|[from] U-turn
|move|p1a: Blissey|Thunder Wave|p2a: WinJustiφ'sThePlay|[miss]
|-miss|p1a: Blissey|p2a: WinJustiφ'sThePlay
|
|upkeep
|turn|18
|
|t:|1781111773
|-end|p2a: WinJustiφ'sThePlay|Quark Drive|[silent]
|switch|p2a: Faint or Alive|Gholdengo|100/100
|move|p1a: Blissey|Thunder Wave|p2a: Faint or Alive
|-immune|p2a: Faint or Alive|[from] ability: Good as Gold
|
|upkeep
|turn|19
|
|t:|1781111777
|move|p2a: Faint or Alive|Nasty Plot|p2a: Faint or Alive
|-boost|p2a: Faint or Alive|spa|2
|move|p1a: Blissey|Thunder Wave|p2a: Faint or Alive
|-immune|p2a: Faint or Alive|[from] ability: Good as Gold
|
|upkeep
|turn|20
|
|t:|1781111779
|move|p2a: Faint or Alive|Make It Rain|p1a: Blissey
|-damage|p1a: Blissey|0 fnt
|-unboost|p2a: Faint or Alive|spa|1
|faint|p1a: Blissey
|
|upkeep
|
|t:|1781111784
|switch|p1a: Cinderace|Cinderace, M|100/100
|turn|21
|
|t:|1781111787
|switch|p1a: Cresselia|Cresselia, F|100/100
|switch|p2a: TIME OUT|Alomomola, L99, M|100/100
|
|upkeep
|turn|22
|
|t:|1781111788
|move|p1a: Cresselia|Calm Mind|p1a: Cresselia
|-boost|p1a: Cresselia|spa|1
|-boost|p1a: Cresselia|spd|1
|move|p2a: TIME OUT|Flip Turn|p1a: Cresselia
|-damage|p1a: Cresselia|91/100
|
|t:|1781111792
|switch|p2a: lens tinting over|Lokix, M, shiny|100/100|[from] Flip Turn
|
|upkeep
|turn|23
|
|t:|1781111797
|-terastallize|p2a: lens tinting over|Bug
|move|p2a: lens tinting over|Leech Life|p1a: Cresselia
|-supereffective|p1a: Cresselia
|-damage|p1a: Cresselia|11/100
|move|p1a: Cresselia|Moonlight|p1a: Cresselia
|-heal|p1a: Cresselia|61/100
|
|upkeep
|turn|24
|
|t:|1781111801
|move|p2a: lens tinting over|Leech Life|p1a: Cresselia
|-supereffective|p1a: Cresselia
|-damage|p1a: Cresselia|0 fnt
|faint|p1a: Cresselia
|
|upkeep
|
|t:|1781111804
|switch|p1a: Darkrai|Darkrai|63/100
|turn|25
|
|t:|1781111806
|switch|p2a: TIME OUT|Alomomola, L99, M|100/100
|move|p1a: Darkrai|Dark Pulse|p2a: TIME OUT
|-damage|p2a: TIME OUT|77/100
|
|upkeep
|turn|26
|-message|rum daddy jr. forfeited.
|
|win|Noamm
|raw|rum daddy jr.'s rating: 1710 &rarr; <strong>1694</strong><br />(-16 for losing)
|raw|Noamm's rating: 1787 &rarr; <strong>1803</strong><br />(+16 for winning)
|l|☆rum daddy jr.
|player|p1|
