|j|☆Davy12345
|j|☆Mr Tpen
|t:|1781191703
|gametype|singles
|player|p1|Davy12345|drayden|1571
|player|p2|Mr Tpen|266|1522
|gen|9
|tier|[Gen 9] OU
|rated|
|rule|HP Percentage Mod: HP is shown in percentages
|rule|Endless Battle Clause: Forcing endless battles is banned
|rule|Species Clause: Limit one of each Pokémon
|rule|OHKO Clause: OHKO moves are banned
|rule|Evasion Items Clause: Evasion items are banned
|rule|Evasion Moves Clause: Evasion moves are banned
|rule|Evasion Abilities Clause: Evasion abilities are banned
|rule|Sleep Moves Clause: Sleep-inducing moves are banned
|clearpoke
|poke|p1|Sandy Shocks|
|poke|p1|Ogerpon, F|
|poke|p1|Latios, M|
|poke|p1|Scizor, F|
|poke|p1|Manaphy|
|poke|p1|Iron Jugulis|
|poke|p2|Moltres|
|poke|p2|Corviknight, M|
|poke|p2|Gliscor, F|
|poke|p2|Ogerpon-Wellspring, F|
|poke|p2|Gholdengo|
|poke|p2|Hatterene, F|
|teampreview
|inactive|Battle timer is ON: inactive players will automatically lose when time's up. (requested by Davy12345)
|
|t:|1781191722
|teamsize|p1|6
|teamsize|p2|6
|start
|switch|p1a: Sandy Shocks|Sandy Shocks|100/100
|switch|p2a: Gliscor|Gliscor, F|100/100
|-enditem|p1a: Sandy Shocks|Booster Energy
|-activate|p1a: Sandy Shocks|ability: Protosynthesis|[fromitem]
|-start|p1a: Sandy Shocks|protosynthesisspe
|turn|1
|
|t:|1781191731
|switch|p2a: Corviknight|Corviknight, M|100/100
|-ability|p2a: Corviknight|Pressure
|move|p1a: Sandy Shocks|Stealth Rock|p2a: Corviknight
|-sidestart|p2: Mr Tpen|move: Stealth Rock
|
|upkeep
|turn|2
|
|t:|1781191734
|move|p2a: Corviknight|Protect|p2a: Corviknight
|-singleturn|p2a: Corviknight|Protect
|move|p1a: Sandy Shocks|Discharge|p2a: Corviknight
|-activate|p2a: Corviknight|move: Protect
|
|upkeep
|turn|3
|
|t:|1781191739
|-end|p1a: Sandy Shocks|Protosynthesis|[silent]
|switch|p1a: Manaphy|Manaphy|100/100
|switch|p2a: Gliscor|Gliscor, F|100/100
|-damage|p2a: Gliscor|88/100|[from] Stealth Rock
|
|-status|p2a: Gliscor|tox|[from] item: Toxic Orb
|upkeep
|turn|4
|
|t:|1781191745
|switch|p2a: Ogerpon|Ogerpon-Wellspring, F|100/100
|-damage|p2a: Ogerpon|88/100|[from] Stealth Rock
|move|p1a: Manaphy|Ice Beam|p2a: Ogerpon
|-damage|p2a: Ogerpon|58/100
|
|upkeep
|turn|5
|
|t:|1781191751
|-terastallize|p1a: Manaphy|Grass
|move|p2a: Ogerpon|Trailblaze|p1a: Manaphy
|-resisted|p1a: Manaphy
|-damage|p1a: Manaphy|86/100
|-boost|p2a: Ogerpon|spe|1
|move|p1a: Manaphy|Tail Glow|p1a: Manaphy
|-boost|p1a: Manaphy|spa|3
|
|upkeep
|turn|6
|j| yuureisuisei
|
|t:|1781191757
|move|p2a: Ogerpon|Encore|p1a: Manaphy
|-start|p1a: Manaphy|Encore
|move|p1a: Manaphy|Tail Glow|p1a: Manaphy
|-boost|p1a: Manaphy|spa|3
|
|upkeep
|turn|7
|
|t:|1781191761
|move|p2a: Ogerpon|Swords Dance|p2a: Ogerpon
|-boost|p2a: Ogerpon|atk|2
|move|p1a: Manaphy|Tail Glow|p1a: Manaphy
|-boost|p1a: Manaphy|spa|0
|
|upkeep
|turn|8
|
|t:|1781191766
|move|p2a: Ogerpon|Swords Dance|p2a: Ogerpon
|-boost|p2a: Ogerpon|atk|2
|move|p1a: Manaphy|Tail Glow|p1a: Manaphy
|-boost|p1a: Manaphy|spa|0
|
|-end|p1a: Manaphy|Encore
|upkeep
|turn|9
|
|t:|1781191770
|switch|p1a: Iron Jugulis|Iron Jugulis|100/100
|-enditem|p1a: Iron Jugulis|Booster Energy
|-activate|p1a: Iron Jugulis|ability: Quark Drive|[fromitem]
|-start|p1a: Iron Jugulis|quarkdrivespe
|move|p2a: Ogerpon|Encore||[still]
|-fail|p2a: Ogerpon
|
|upkeep
|turn|10
|
|t:|1781191775
|move|p2a: Ogerpon|Ivy Cudgel|p1a: Iron Jugulis|[anim] Ivy Cudgel Water
|-crit|p1a: Iron Jugulis
|-damage|p1a: Iron Jugulis|0 fnt
|faint|p1a: Iron Jugulis
|-end|p1a: Iron Jugulis|Quark Drive|[silent]
|
|upkeep
|
|t:|1781191785
|switch|p1a: Manaphy|Manaphy, tera:Grass|86/100
|turn|11
|
|t:|1781191788
|move|p2a: Ogerpon|Ivy Cudgel|p1a: Manaphy|[anim] Ivy Cudgel Water
|-resisted|p1a: Manaphy
|-damage|p1a: Manaphy|0 fnt
|faint|p1a: Manaphy
|
|upkeep
|
|t:|1781191792
|switch|p1a: Ogerpon|Ogerpon, F|100/100
|turn|12
|-message|Davy12345 forfeited.
|
|win|Mr Tpen
|raw|Davy12345's rating: 1571 &rarr; <strong>1548</strong><br />(-23 for losing)
|raw|Mr Tpen's rating: 1522 &rarr; <strong>1545</strong><br />(+23 for winning)
|l|☆Davy12345
|player|p1|
|l|☆Mr Tpen
|player|p2|
|l| yuureisuisei
