|j|☆bot_91023
|j|☆Jsparxs
|t:|1781207954
|gametype|singles
|player|p1|bot_91023|psychic-gen4|1697
|player|p2|Jsparxs|1|1640
|gen|9
|tier|[Gen 9] OU
|rated|
|rule|HP Percentage Mod: HP is shown in percentages
|rule|Endless Battle Clause: Forcing endless battles is banned
|rule|Species Clause: Limit one of each Pokémon
|rule|OHKO Clause: OHKO moves are banned
|rule|Evasion Items Clause: Evasion items are banned
|rule|Evasion Moves Clause: Evasion moves are banned
|rule|Evasion Abilities Clause: Evasion abilities are banned
|rule|Sleep Moves Clause: Sleep-inducing moves are banned
|clearpoke
|poke|p1|Samurott-Hisui, F|
|poke|p1|Kingambit, M|
|poke|p1|Gliscor, M|
|poke|p1|Cinderace, F|
|poke|p1|Slowking-Galar, M|
|poke|p1|Dondozo, M|
|poke|p2|Great Tusk|
|poke|p2|Zamazenta-*|
|poke|p2|Iron Valiant|
|poke|p2|Gallade, M|
|poke|p2|Kommo-o, F|
|poke|p2|Okidogi, M|
|teampreview
|c|☆Jsparxs|glhf
|
|t:|1781207974
|teamsize|p1|6
|teamsize|p2|6
|start
|switch|p1a: Gliscor|Gliscor, M|100/100
|switch|p2a: Okidogi|Okidogi, M|100/100
|turn|1
|
|t:|1781207988
|move|p1a: Gliscor|Protect|p1a: Gliscor
|-singleturn|p1a: Gliscor|Protect
|move|p2a: Okidogi|Drain Punch|p1a: Gliscor
|-activate|p1a: Gliscor|move: Protect
|
|-status|p1a: Gliscor|tox|[from] item: Toxic Orb
|upkeep
|turn|2
|
|t:|1781207992
|move|p1a: Gliscor|Earthquake|p2a: Okidogi
|-supereffective|p2a: Okidogi
|-damage|p2a: Okidogi|43/100
|move|p2a: Okidogi|Ice Punch|p1a: Gliscor
|-supereffective|p1a: Gliscor
|-damage|p1a: Gliscor|0 fnt
|faint|p1a: Gliscor
|
|upkeep
|
|t:|1781207996
|switch|p1a: Cinderace|Cinderace, F|100/100
|turn|3
|
|t:|1781208004
|switch|p2a: Kommo-o|Kommo-o, F|100/100
|move|p1a: Cinderace|Pyro Ball|p2a: Kommo-o
|-resisted|p2a: Kommo-o
|-damage|p2a: Kommo-o|74/100
|
|upkeep
|turn|4
|
|t:|1781208020
|move|p1a: Cinderace|High Jump Kick|p2a: Kommo-o
|-start|p1a: Cinderace|typechange|Fighting|[from] ability: Libero
|-damage|p2a: Kommo-o|10/100
|move|p2a: Kommo-o|Clanging Scales|p1a: Cinderace
|-damage|p1a: Cinderace|35/100
|-unboost|p2a: Kommo-o|def|1
|-enditem|p2a: Kommo-o|Throat Spray
|-boost|p2a: Kommo-o|spa|1|[from] item: Throat Spray
|
|upkeep
|turn|5
|l|☆bot_91023
|player|p1|
|j|☆bot_91023
|player|p1|bot_91023|psychic-gen4|
|
|t:|1781208052
|move|p1a: Cinderace|High Jump Kick|p2a: Kommo-o
|-damage|p2a: Kommo-o|0 fnt
|faint|p2a: Kommo-o
|
|upkeep
|
|t:|1781208075
|switch|p2a: Iron Valiant|Iron Valiant|100/100
|-enditem|p2a: Iron Valiant|Booster Energy
|-activate|p2a: Iron Valiant|ability: Quark Drive|[fromitem]
|-start|p2a: Iron Valiant|quarkdrivespe
|turn|6
|l|☆bot_91023
|player|p1|
|j|☆bot_91023
|player|p1|bot_91023|psychic-gen4|
|
|t:|1781208102
|move|p2a: Iron Valiant|Psyshock|p1a: Cinderace
|-supereffective|p1a: Cinderace
|-damage|p1a: Cinderace|0 fnt
|faint|p1a: Cinderace
|
|upkeep
|
|t:|1781208105
|switch|p1a: Slowking|Slowking-Galar, M, shiny|100/100
|turn|7
|
|t:|1781208119
|-end|p2a: Iron Valiant|Quark Drive|[silent]
|switch|p2a: Okidogi|Okidogi, M|43/100
|move|p1a: Slowking|Sludge Bomb|p2a: Okidogi
|-resisted|p2a: Okidogi
|-damage|p2a: Okidogi|24/100
|
|upkeep
|turn|8
|
|t:|1781208128
|move|p2a: Okidogi|Crunch|p1a: Slowking
|-supereffective|p1a: Slowking
|-damage|p1a: Slowking|24/100
|move|p1a: Slowking|Future Sight|p2a: Okidogi
|-start|p1a: Slowking|move: Future Sight
|
|-heal|p1a: Slowking|30/100|[from] item: Black Sludge
|upkeep
|turn|9
|
|t:|1781208132
|switch|p1a: Dondozo|Dondozo, M|100/100
|move|p2a: Okidogi|Drain Punch|p1a: Dondozo
|-damage|p1a: Dondozo|81/100
|-heal|p2a: Okidogi|37/100|[from] drain|[of] p1a: Dondozo
|-status|p1a: Dondozo|tox|[from] ability: Toxic Chain|[of] p2a: Okidogi
|
|-heal|p1a: Dondozo|87/100 tox|[from] item: Leftovers
|-damage|p1a: Dondozo|81/100 tox|[from] psn
|upkeep
|turn|10
|
|t:|1781208139
|move|p2a: Okidogi|Drain Punch|p1a: Dondozo
|-damage|p1a: Dondozo|60/100 tox
|-heal|p2a: Okidogi|51/100|[from] drain|[of] p1a: Dondozo
|move|p1a: Dondozo|Waterfall|p2a: Okidogi
|-damage|p2a: Okidogi|30/100
|
|-end|p2a: Okidogi|move: Future Sight
|-supereffective|p2a: Okidogi
|-damage|p2a: Okidogi|0 fnt
|faint|p2a: Okidogi
|-heal|p1a: Dondozo|67/100 tox|[from] item: Leftovers
|-damage|p1a: Dondozo|54/100 tox|[from] psn
|upkeep
|
|t:|1781208145
|switch|p2a: Iron Valiant|Iron Valiant|100/100
|turn|11
|
|t:|1781208167
|-terastallize|p2a: Iron Valiant|Electric
|move|p2a: Iron Valiant|Thunderbolt|p1a: Dondozo
|-supereffective|p1a: Dondozo
|-damage|p1a: Dondozo|0 fnt
|faint|p1a: Dondozo
|
|upkeep
|
|t:|1781208170
|switch|p1a: Slowking|Slowking-Galar, M, shiny|64/100
|turn|12
|
|t:|1781208175
|move|p2a: Iron Valiant|Thunderbolt|p1a: Slowking
|-damage|p1a: Slowking|35/100
|move|p1a: Slowking|Future Sight|p2a: Iron Valiant
|-start|p1a: Slowking|move: Future Sight
|
|-heal|p1a: Slowking|41/100|[from] item: Black Sludge
|upkeep
|turn|13
|
|t:|1781208184
|move|p2a: Iron Valiant|Thunderbolt|p1a: Slowking
|-damage|p1a: Slowking|18/100
|move|p1a: Slowking|Sludge Bomb|p2a: Iron Valiant
|-damage|p2a: Iron Valiant|43/100
|
|-heal|p1a: Slowking|24/100|[from] item: Black Sludge
|upkeep
|turn|14
|
|t:|1781208191
|-end|p2a: Iron Valiant|Quark Drive|[silent]
|switch|p2a: Great Tusk|Great Tusk|100/100
|-enditem|p2a: Great Tusk|Booster Energy
|-activate|p2a: Great Tusk|ability: Protosynthesis|[fromitem]
|-start|p2a: Great Tusk|protosynthesisatk
|-prepare|p1a: Slowking|Chilly Reception|[premajor]
|move|p1a: Slowking|Chilly Reception|p1a: Slowking
|-weather|Snowscape
|
|t:|1781208212
|switch|p1a: Samurott|Samurott-Hisui, F, shiny|100/100|[from] Chilly Reception
|
|-weather|Snowscape|[upkeep]
|-end|p2a: Great Tusk|move: Future Sight
|-supereffective|p2a: Great Tusk
|-damage|p2a: Great Tusk|0 fnt
|faint|p2a: Great Tusk
|-end|p2a: Great Tusk|Protosynthesis|[silent]
|upkeep
|
|t:|1781208218
|switch|p2a: Zamazenta|Zamazenta|100/100
|-ability|p2a: Zamazenta|Dauntless Shield|boost
|-boost|p2a: Zamazenta|def|1
|turn|15
|j| Cotowol
|
|t:|1781208246
|-terastallize|p1a: Samurott|Ghost
|move|p2a: Zamazenta|Iron Defense|p2a: Zamazenta
|-boost|p2a: Zamazenta|def|2
|move|p1a: Samurott|Sacred Sword|p2a: Zamazenta
|-damage|p2a: Zamazenta|67/100
|
|-weather|Snowscape|[upkeep]
|-heal|p2a: Zamazenta|73/100|[from] item: Leftovers
|upkeep
|turn|16
|
|t:|1781208254
|move|p2a: Zamazenta|Crunch|p1a: Samurott
|-supereffective|p1a: Samurott
|-damage|p1a: Samurott|40/100
|move|p1a: Samurott|Sacred Sword|p2a: Zamazenta
|-damage|p2a: Zamazenta|36/100
|
|-weather|Snowscape|[upkeep]
|-heal|p2a: Zamazenta|42/100|[from] item: Leftovers
|upkeep
|turn|17
|
|t:|1781208257
|move|p2a: Zamazenta|Crunch|p1a: Samurott
|-supereffective|p1a: Samurott
|-damage|p1a: Samurott|0 fnt
|faint|p1a: Samurott
|
|-weather|Snowscape|[upkeep]
|-heal|p2a: Zamazenta|48/100|[from] item: Leftovers
|upkeep
|
|t:|1781208261
|switch|p1a: Slowking|Slowking-Galar, M, shiny|57/100
|turn|18
|
|t:|1781208263
|move|p2a: Zamazenta|Crunch|p1a: Slowking
|-supereffective|p1a: Slowking
|-damage|p1a: Slowking|6/100
|move|p1a: Slowking|Sludge Bomb|p2a: Zamazenta
|-damage|p2a: Zamazenta|17/100
|
|-weather|none
|-heal|p2a: Zamazenta|23/100|[from] item: Leftovers
|-heal|p1a: Slowking|12/100|[from] item: Black Sludge
|upkeep
|turn|19
|
|t:|1781208277
|move|p2a: Zamazenta|Body Press|p1a: Slowking
|-resisted|p1a: Slowking
|-damage|p1a: Slowking|0 fnt
|faint|p1a: Slowking
|
|-heal|p2a: Zamazenta|29/100|[from] item: Leftovers
|upkeep
|c|☆Jsparxs|gg
|l|☆bot_91023
|player|p1|
|inactive|Battle timer is ON: inactive players will automatically lose when time's up. (requested by Jsparxs)
|j|☆bot_91023
|inactive|bot_91023 reconnected and has 145 seconds left.
|player|p1|bot_91023|psychic-gen4|
|
|t:|1781208318
|switch|p1a: Kingambit|Kingambit, M|100/100
|-activate|p1a: Kingambit|ability: Supreme Overlord
|-start|p1a: Kingambit|fallen5|[silent]
|turn|20
|
|t:|1781208322
|move|p2a: Zamazenta|Body Press|p1a: Kingambit
|-supereffective|p1a: Kingambit
|-damage|p1a: Kingambit|0 fnt
|faint|p1a: Kingambit
|-end|p1a: Kingambit|fallen5|[silent]
|
|win|Jsparxs
|raw|bot_91023's rating: 1697 &rarr; <strong>1674</strong><br />(-23 for losing)
|raw|Jsparxs's rating: 1640 &rarr; <strong>1663</strong><br />(+23 for winning)
|l|☆bot_91023
|player|p1|
|l|☆Jsparxs
|player|p2|
