|j|☆n5v
|j|☆ur doggo
|t:|1781421194
|gametype|singles
|player|p1|n5v|leon-masters|1720
|player|p2|ur doggo|2|1708
|gen|9
|tier|[Gen 9] OU
|rated|
|rule|HP Percentage Mod: HP is shown in percentages
|rule|Endless Battle Clause: Forcing endless battles is banned
|rule|Species Clause: Limit one of each Pokémon
|rule|OHKO Clause: OHKO moves are banned
|rule|Evasion Items Clause: Evasion items are banned
|rule|Evasion Moves Clause: Evasion moves are banned
|rule|Evasion Abilities Clause: Evasion abilities are banned
|rule|Sleep Moves Clause: Sleep-inducing moves are banned
|clearpoke
|poke|p1|Raging Bolt|
|poke|p1|Enamorus, F|
|poke|p1|Rillaboom, F|
|poke|p1|Kingambit, M|
|poke|p1|Great Tusk|
|poke|p1|Slowking-Galar, F|
|poke|p2|Latios, M|
|poke|p2|Darkrai|
|poke|p2|Pecharunt|
|poke|p2|Ting-Lu|
|poke|p2|Corviknight, F|
|poke|p2|Dragonite, F|
|teampreview
|c|☆n5v|glhf
|c|☆ur doggo|hf
|inactive|Battle timer is ON: inactive players will automatically lose when time's up. (requested by n5v)
|
|t:|1781421222
|teamsize|p1|6
|teamsize|p2|6
|start
|switch|p1a: goobing bolt|Raging Bolt|100/100
|switch|p2a: Corviknight|Corviknight, F|100/100
|-ability|p2a: Corviknight|Pressure
|turn|1
|
|t:|1781421233
|switch|p2a: Ting-Lu|Ting-Lu|100/100
|-ability|p2a: Ting-Lu|Vessel of Ruin
|move|p1a: goobing bolt|Draco Meteor|p2a: Ting-Lu
|-damage|p2a: Ting-Lu|49/100
|-unboost|p1a: goobing bolt|spa|2
|
|-heal|p2a: Ting-Lu|55/100|[from] item: Leftovers
|upkeep
|turn|2
|
|t:|1781421251
|-end|p1a: goobing bolt|Protosynthesis|[silent]
|switch|p1a: diddy kong|Rillaboom, F, shiny|100/100
|-fieldstart|move: Grassy Terrain|[from] ability: Grassy Surge|[of] p1a: diddy kong
|move|p2a: Ting-Lu|Stealth Rock|p1a: diddy kong
|-sidestart|p1: n5v|move: Stealth Rock
|
|-heal|p2a: Ting-Lu|61/100|[from] Grassy Terrain
|-heal|p2a: Ting-Lu|68/100|[from] item: Leftovers
|upkeep
|turn|3
|
|t:|1781421257
|switch|p2a: Corviknight|Corviknight, F|100/100
|-ability|p2a: Corviknight|Pressure
|move|p1a: diddy kong|Knock Off|p2a: Corviknight
|-damage|p2a: Corviknight|59/100
|-enditem|p2a: Corviknight|Leftovers|[from] move: Knock Off|[of] p1a: diddy kong
|
|upkeep
|turn|4
|
|t:|1781421260
|switch|p1a: goobing bolt|Raging Bolt|100/100
|-damage|p1a: goobing bolt|88/100|[from] Stealth Rock
|move|p2a: Corviknight|U-turn|p1a: goobing bolt
|-damage|p1a: goobing bolt|75/100
|
|t:|1781421270
|switch|p2a: Ting-Lu|Ting-Lu|68/100|[from] U-turn
|-ability|p2a: Ting-Lu|Vessel of Ruin
|
|-heal|p1a: goobing bolt|81/100|[from] Grassy Terrain
|-heal|p2a: Ting-Lu|74/100|[from] Grassy Terrain
|-heal|p2a: Ting-Lu|80/100|[from] item: Leftovers
|upkeep
|turn|5
|
|t:|1781421273
|move|p1a: goobing bolt|Draco Meteor|p2a: Ting-Lu
|-damage|p2a: Ting-Lu|30/100
|-unboost|p1a: goobing bolt|spa|2
|move|p2a: Ting-Lu|Ruination|p1a: goobing bolt
|-damage|p1a: goobing bolt|41/100
|
|-heal|p1a: goobing bolt|47/100|[from] Grassy Terrain
|-heal|p2a: Ting-Lu|37/100|[from] Grassy Terrain
|-heal|p2a: Ting-Lu|43/100|[from] item: Leftovers
|upkeep
|turn|6
|
|t:|1781421281
|-end|p1a: goobing bolt|Protosynthesis|[silent]
|switch|p1a: diddy kong|Rillaboom, F, shiny|100/100
|-damage|p1a: diddy kong|88/100|[from] Stealth Rock
|move|p2a: Ting-Lu|Spikes|p1a: diddy kong
|-sidestart|p1: n5v|Spikes
|
|-heal|p1a: diddy kong|94/100|[from] Grassy Terrain
|-heal|p2a: Ting-Lu|49/100|[from] Grassy Terrain
|-heal|p2a: Ting-Lu|55/100|[from] item: Leftovers
|-fieldend|move: Grassy Terrain
|upkeep
|turn|7
|
|t:|1781421286
|switch|p2a: Corviknight|Corviknight, F|59/100
|-ability|p2a: Corviknight|Pressure
|move|p1a: diddy kong|Wood Hammer|p2a: Corviknight
|-resisted|p2a: Corviknight
|-damage|p2a: Corviknight|38/100
|-damage|p1a: diddy kong|86/100|[from] Recoil
|
|upkeep
|turn|8
|
|t:|1781421310
|switch|p1a: cheap tusk|Great Tusk, shiny|100/100
|-damage|p1a: cheap tusk|98/100|[from] Stealth Rock
|-damage|p1a: cheap tusk|85/100|[from] Spikes
|move|p2a: Corviknight|Roost|p2a: Corviknight
|-heal|p2a: Corviknight|88/100
|-singleturn|p2a: Corviknight|move: Roost
|
|upkeep
|turn|9
|
|t:|1781421315
|move|p1a: cheap tusk|Ice Spinner|p2a: Corviknight
|-damage|p2a: Corviknight|69/100
|move|p2a: Corviknight|Brave Bird|p1a: cheap tusk
|-supereffective|p1a: cheap tusk
|-damage|p1a: cheap tusk|38/100
|-damage|p2a: Corviknight|53/100|[from] item: Rocky Helmet|[of] p1a: cheap tusk
|-damage|p2a: Corviknight|36/100|[from] Recoil
|
|upkeep
|turn|10
|
|t:|1781421318
|switch|p2a: Pecharunt|Pecharunt|100/100
|move|p1a: cheap tusk|Rapid Spin|p2a: Pecharunt
|-immune|p2a: Pecharunt
|
|upkeep
|turn|11
|
|t:|1781421320
|move|p2a: Pecharunt|Shadow Ball|p1a: cheap tusk
|-damage|p1a: cheap tusk|6/100
|move|p1a: cheap tusk|Headlong Rush|p2a: Pecharunt
|-supereffective|p2a: Pecharunt
|-damage|p2a: Pecharunt|40/100
|-unboost|p1a: cheap tusk|def|1
|-unboost|p1a: cheap tusk|spd|1
|
|upkeep
|turn|12
|
|t:|1781421331
|move|p2a: Pecharunt|Shadow Ball|p1a: cheap tusk
|-damage|p1a: cheap tusk|0 fnt
|faint|p1a: cheap tusk
|-end|p1a: cheap tusk|Protosynthesis|[silent]
|
|upkeep
|
|t:|1781421344
|switch|p1a: neededaghostresist|Kingambit, M, shiny|100/100
|-damage|p1a: neededaghostresist|94/100|[from] Stealth Rock
|-damage|p1a: neededaghostresist|82/100|[from] Spikes
|-activate|p1a: neededaghostresist|ability: Supreme Overlord
|-start|p1a: neededaghostresist|fallen1|[silent]
|turn|13
|
|t:|1781421353
|switch|p2a: Dragonite|Dragonite, F|100/100
|move|p1a: neededaghostresist|Swords Dance|p1a: neededaghostresist
|-boost|p1a: neededaghostresist|atk|2
|
|-heal|p1a: neededaghostresist|88/100|[from] item: Leftovers
|upkeep
|turn|14
|
|t:|1781421370
|-terastallize|p1a: neededaghostresist|Flying
|move|p2a: Dragonite|Low Kick|p1a: neededaghostresist
|-resisted|p1a: neededaghostresist
|-crit|p1a: neededaghostresist
|-damage|p1a: neededaghostresist|64/100
|move|p1a: neededaghostresist|Kowtow Cleave|p2a: Dragonite
|-damage|p2a: Dragonite|55/100
|
|-heal|p1a: neededaghostresist|71/100|[from] item: Leftovers
|upkeep
|turn|15
|
|t:|1781421388
|move|p2a: Dragonite|Roost|p2a: Dragonite
|-heal|p2a: Dragonite|100/100
|-singleturn|p2a: Dragonite|move: Roost
|move|p1a: neededaghostresist|Kowtow Cleave|p2a: Dragonite
|-damage|p2a: Dragonite|56/100
|
|-heal|p1a: neededaghostresist|77/100|[from] item: Leftovers
|upkeep
|turn|16
|
|t:|1781421397
|move|p2a: Dragonite|Extreme Speed|p1a: neededaghostresist
|-damage|p1a: neededaghostresist|49/100
|move|p1a: neededaghostresist|Swords Dance|p1a: neededaghostresist
|-boost|p1a: neededaghostresist|atk|2
|
|-heal|p1a: neededaghostresist|55/100|[from] item: Leftovers
|upkeep
|turn|17
|
|t:|1781421404
|move|p2a: Dragonite|Extreme Speed|p1a: neededaghostresist
|-damage|p1a: neededaghostresist|31/100
|move|p1a: neededaghostresist|Swords Dance|p1a: neededaghostresist
|-boost|p1a: neededaghostresist|atk|2
|
|-heal|p1a: neededaghostresist|37/100|[from] item: Leftovers
|upkeep
|turn|18
|inactive|ur doggo has 120 seconds left.
|
|t:|1781421440
|-terastallize|p2a: Dragonite|Normal
|move|p2a: Dragonite|Extreme Speed|p1a: neededaghostresist
|-damage|p1a: neededaghostresist|0 fnt
|faint|p1a: neededaghostresist
|-end|p1a: neededaghostresist|fallen1|[silent]
|
|upkeep
|
|t:|1781421457
|switch|p1a: diddy kong|Rillaboom, F, shiny|86/100
|-damage|p1a: diddy kong|74/100|[from] Stealth Rock
|-damage|p1a: diddy kong|61/100|[from] Spikes
|-fieldstart|move: Grassy Terrain|[from] ability: Grassy Surge|[of] p1a: diddy kong
|turn|19
|
|t:|1781421463
|switch|p2a: Corviknight|Corviknight, F|36/100
|-ability|p2a: Corviknight|Pressure
|move|p1a: diddy kong|Grassy Glide|p2a: Corviknight
|-resisted|p2a: Corviknight
|-damage|p2a: Corviknight|23/100
|
|-heal|p1a: diddy kong|68/100|[from] Grassy Terrain
|upkeep
|turn|20
|inactive|ur doggo has 120 seconds left.
|
|t:|1781421480
|switch|p1a: goobing bolt|Raging Bolt|47/100
|-damage|p1a: goobing bolt|35/100|[from] Stealth Rock
|-damage|p1a: goobing bolt|22/100|[from] Spikes
|move|p2a: Corviknight|Roost|p2a: Corviknight
|-heal|p2a: Corviknight|73/100
|-singleturn|p2a: Corviknight|move: Roost
|
|-heal|p1a: goobing bolt|28/100|[from] Grassy Terrain
|-heal|p2a: Corviknight|79/100|[from] Grassy Terrain
|upkeep
|turn|21
|
|t:|1781421488
|switch|p2a: Ting-Lu|Ting-Lu|55/100
|-ability|p2a: Ting-Lu|Vessel of Ruin
|move|p1a: goobing bolt|Draco Meteor|p2a: Ting-Lu
|-damage|p2a: Ting-Lu|4/100
|-unboost|p1a: goobing bolt|spa|2
|
|-heal|p1a: goobing bolt|35/100|[from] Grassy Terrain
|-heal|p2a: Ting-Lu|11/100|[from] Grassy Terrain
|-heal|p2a: Ting-Lu|17/100|[from] item: Leftovers
|upkeep
|turn|22
|
|t:|1781421492
|switch|p2a: Corviknight|Corviknight, F|79/100
|-ability|p2a: Corviknight|Pressure
|move|p1a: goobing bolt|Draco Meteor|p2a: Corviknight
|-resisted|p2a: Corviknight
|-damage|p2a: Corviknight|60/100
|-unboost|p1a: goobing bolt|spa|2
|
|-heal|p1a: goobing bolt|41/100|[from] Grassy Terrain
|upkeep
|turn|23
|
|t:|1781421495
|-end|p1a: goobing bolt|Protosynthesis|[silent]
|switch|p1a: gay alladin|Enamorus, F|100/100
|-damage|p1a: gay alladin|76/100|[from] Stealth Rock
|move|p2a: Corviknight|U-turn|p1a: gay alladin
|-resisted|p1a: gay alladin
|-damage|p1a: gay alladin|70/100
|
|t:|1781421516
|switch|p2a: Ting-Lu|Ting-Lu|17/100|[from] U-turn
|-ability|p2a: Ting-Lu|Vessel of Ruin
|
|-heal|p2a: Ting-Lu|23/100|[from] Grassy Terrain
|-heal|p2a: Ting-Lu|29/100|[from] item: Leftovers
|-fieldend|move: Grassy Terrain
|upkeep
|turn|24
|
|t:|1781421520
|move|p1a: gay alladin|Moonblast|p2a: Ting-Lu
|-supereffective|p2a: Ting-Lu
|-damage|p2a: Ting-Lu|0 fnt
|faint|p2a: Ting-Lu
|
|upkeep
|
|t:|1781421523
|switch|p2a: Corviknight|Corviknight, F|60/100
|-ability|p2a: Corviknight|Pressure
|turn|25
|
|t:|1781421526
|switch|p1a: diddy kong|Rillaboom, F, shiny|68/100
|-damage|p1a: diddy kong|55/100|[from] Stealth Rock
|-damage|p1a: diddy kong|43/100|[from] Spikes
|-fieldstart|move: Grassy Terrain|[from] ability: Grassy Surge|[of] p1a: diddy kong
|move|p2a: Corviknight|Brave Bird|p1a: diddy kong
|-supereffective|p1a: diddy kong
|-damage|p1a: diddy kong|0 fnt
|faint|p1a: diddy kong
|-damage|p2a: Corviknight|48/100|[from] Recoil
|
|upkeep
|
|t:|1781421537
|switch|p1a: gay alladin|Enamorus, F|70/100
|-damage|p1a: gay alladin|45/100|[from] Stealth Rock
|turn|26
|
|t:|1781421540
|move|p1a: gay alladin|Healing Wish|p1a: gay alladin
|faint|p1a: gay alladin
|move|p2a: Corviknight|Brave Bird|p1: gay alladin|[notarget]
|-fail|p2a: Corviknight
|
|upkeep
|
|t:|1781421541
|switch|p1a: goobing bolt|Raging Bolt|41/100
|-heal|p1a: goobing bolt|100/100|[from] move: Healing Wish
|-damage|p1a: goobing bolt|88/100|[from] Stealth Rock
|-damage|p1a: goobing bolt|75/100|[from] Spikes
|turn|27
|
|t:|1781421550
|move|p1a: goobing bolt|Thunderbolt|p2a: Corviknight
|-supereffective|p2a: Corviknight
|-damage|p2a: Corviknight|0 fnt
|faint|p2a: Corviknight
|
|-heal|p1a: goobing bolt|82/100|[from] Grassy Terrain
|upkeep
|
|t:|1781421559
|switch|p2a: Darkrai|Darkrai|100/100
|turn|28
|
|t:|1781421562
|move|p2a: Darkrai|Ice Beam|p1a: goobing bolt
|-supereffective|p1a: goobing bolt
|-damage|p1a: goobing bolt|17/100
|move|p1a: goobing bolt|Thunderbolt|p2a: Darkrai
|-damage|p2a: Darkrai|0 fnt
|faint|p2a: Darkrai
|
|-heal|p1a: goobing bolt|23/100|[from] Grassy Terrain
|upkeep
|
|t:|1781421570
|switch|p2a: Latios|Latios, M|100/100
|turn|29
|
|t:|1781421577
|-end|p1a: goobing bolt|Protosynthesis|[silent]
|switch|p1a: wake not walking|Slowking-Galar, F, shiny|100/100
|-damage|p1a: wake not walking|88/100|[from] Stealth Rock
|-damage|p1a: wake not walking|76/100|[from] Spikes
|move|p2a: Latios|Psychic Noise|p1a: wake not walking
|-damage|p1a: wake not walking|56/100
|-start|p1a: wake not walking|move: Heal Block
|
|-fieldend|move: Grassy Terrain
|upkeep
|turn|30
|
|t:|1781421584
|move|p2a: Latios|Calm Mind|p2a: Latios
|-boost|p2a: Latios|spa|1
|-boost|p2a: Latios|spd|1
|move|p1a: wake not walking|Ice Beam|p2a: Latios
|-supereffective|p2a: Latios
|-damage|p2a: Latios|64/100
|
|-end|p1a: wake not walking|move: Heal Block
|upkeep
|turn|31
|
|t:|1781421588
|move|p2a: Latios|Psychic Noise|p1a: wake not walking
|-damage|p1a: wake not walking|26/100
|-start|p1a: wake not walking|move: Heal Block
|move|p1a: wake not walking|Ice Beam|p2a: Latios
|-supereffective|p2a: Latios
|-damage|p2a: Latios|23/100
|
|upkeep
|turn|32
|
|t:|1781421594
|move|p2a: Latios|Psychic Noise|p1a: wake not walking
|-damage|p1a: wake not walking|0 fnt
|faint|p1a: wake not walking
|
|upkeep
|
|t:|1781421595
|switch|p1a: goobing bolt|Raging Bolt|23/100
|-damage|p1a: goobing bolt|10/100|[from] Stealth Rock
|-damage|p1a: goobing bolt|0 fnt|[from] Spikes
|faint|p1a: goobing bolt
|-end|p1a: goobing bolt|Protosynthesis|[silent]
|
|win|ur doggo
|raw|n5v's rating: 1720 &rarr; <strong>1699</strong><br />(-21 for losing)
|raw|ur doggo's rating: 1708 &rarr; <strong>1729</strong><br />(+21 for winning)
|l|☆ur doggo
|player|p2|
|l|☆n5v
|player|p1|
