|j|☆rekjllj
|j|☆PiggLad
|t:|1781316621
|gametype|singles
|player|p1|rekjllj|169|1667
|player|p2|PiggLad|grimsley-gen7|1684
|gen|9
|tier|[Gen 9] OU
|rated|
|rule|HP Percentage Mod: HP is shown in percentages
|rule|Endless Battle Clause: Forcing endless battles is banned
|rule|Species Clause: Limit one of each Pokémon
|rule|OHKO Clause: OHKO moves are banned
|rule|Evasion Items Clause: Evasion items are banned
|rule|Evasion Moves Clause: Evasion moves are banned
|rule|Evasion Abilities Clause: Evasion abilities are banned
|rule|Sleep Moves Clause: Sleep-inducing moves are banned
|clearpoke
|poke|p1|Kingambit, F|
|poke|p1|Kommo-o, M|
|poke|p1|Iron Valiant|
|poke|p1|Kyurem|
|poke|p1|Iron Treads|
|poke|p1|Iron Crown|
|poke|p2|Tyranitar, M|
|poke|p2|Hydrapple, M|
|poke|p2|Enamorus, F|
|poke|p2|Garganacl, F|
|poke|p2|Excadrill, M|
|poke|p2|Alomomola, F|
|teampreview
|c|☆rekjllj|hf
|inactive|Battle timer is ON: inactive players will automatically lose when time's up. (requested by rekjllj)
|
|t:|1781316638
|teamsize|p1|6
|teamsize|p2|6
|start
|switch|p1a: Iron Crown|Iron Crown|100/100
|switch|p2a: Jevils To This|Garganacl, F, shiny|100/100
|-enditem|p1a: Iron Crown|Booster Energy
|-activate|p1a: Iron Crown|ability: Quark Drive|[fromitem]
|-start|p1a: Iron Crown|quarkdrivespe
|turn|1
|
|t:|1781316651
|move|p1a: Iron Crown|Tachyon Cutter|p2a: Jevils To This
|-supereffective|p2a: Jevils To This
|-crit|p2a: Jevils To This
|-damage|p2a: Jevils To This|52/100
|-supereffective|p2a: Jevils To This
|-damage|p2a: Jevils To This|20/100
|-hitcount|p2a: Jevils To This|2
|move|p2a: Jevils To This|Salt Cure|p1a: Iron Crown
|-resisted|p1a: Iron Crown
|-damage|p1a: Iron Crown|93/100
|-start|p1a: Iron Crown|Salt Cure
|
|-heal|p2a: Jevils To This|26/100|[from] item: Leftovers
|-damage|p1a: Iron Crown|68/100|[from] Salt Cure
|upkeep
|turn|2
|
|t:|1781316659
|move|p2a: Jevils To This|Protect|p2a: Jevils To This
|-singleturn|p2a: Jevils To This|Protect
|move|p1a: Iron Crown|Tachyon Cutter|p2a: Jevils To This
|-activate|p2a: Jevils To This|move: Protect
|
|-heal|p2a: Jevils To This|32/100|[from] item: Leftovers
|-damage|p1a: Iron Crown|43/100|[from] Salt Cure
|upkeep
|turn|3
|
|t:|1781316665
|switch|p2a: Alo Cortisol|Alomomola, F|100/100
|move|p1a: Iron Crown|Tachyon Cutter|p2a: Alo Cortisol
|-resisted|p2a: Alo Cortisol
|-damage|p2a: Alo Cortisol|94/100
|-resisted|p2a: Alo Cortisol
|-damage|p2a: Alo Cortisol|88/100
|-hitcount|p2a: Alo Cortisol|2
|
|-damage|p1a: Iron Crown|18/100|[from] Salt Cure
|upkeep
|turn|4
|
|t:|1781316673
|-end|p1a: Iron Crown|Quark Drive|[silent]
|switch|p1a: Kyurem|Kyurem|100/100
|-ability|p1a: Kyurem|Pressure
|move|p2a: Alo Cortisol|Flip Turn|p1a: Kyurem
|-resisted|p1a: Kyurem
|-damage|p1a: Kyurem|93/100
|
|t:|1781316685
|switch|p2a: WhoBEdginTheyStone|Tyranitar, M|100/100|[from] Flip Turn
|-weather|Sandstorm|[from] ability: Sand Stream|[of] p2a: WhoBEdginTheyStone
|
|-weather|Sandstorm|[upkeep]
|-damage|p1a: Kyurem|87/100|[from] Sandstorm
|upkeep
|turn|5
|
|t:|1781316691
|switch|p1a: Kingambit|Kingambit, F|100/100
|move|p2a: WhoBEdginTheyStone|Knock Off|p1a: Kingambit
|-resisted|p1a: Kingambit
|-damage|p1a: Kingambit|65/100
|-enditem|p1a: Kingambit|Leftovers|[from] move: Knock Off|[of] p2a: WhoBEdginTheyStone
|
|-weather|Sandstorm|[upkeep]
|upkeep
|turn|6
|
|t:|1781316698
|switch|p2a: Alo Cortisol|Alomomola, F|100/100
|move|p1a: Kingambit|Swords Dance|p1a: Kingambit
|-boost|p1a: Kingambit|atk|2
|
|-weather|Sandstorm|[upkeep]
|-damage|p2a: Alo Cortisol|94/100|[from] Sandstorm
|upkeep
|turn|7
|
|t:|1781316703
|move|p1a: Kingambit|Swords Dance|p1a: Kingambit
|-boost|p1a: Kingambit|atk|2
|move|p2a: Alo Cortisol|Flip Turn|p1a: Kingambit
|-damage|p1a: Kingambit|50/100
|
|t:|1781316713
|switch|p2a: ExGon'SpinIntoYa|Excadrill, M|100/100|[from] Flip Turn
|
|-weather|Sandstorm|[upkeep]
|upkeep
|turn|8
|
|t:|1781316719
|move|p1a: Kingambit|Sucker Punch||[still]
|-fail|p1a: Kingambit
|move|p2a: ExGon'SpinIntoYa|Substitute|p2a: ExGon'SpinIntoYa
|-start|p2a: ExGon'SpinIntoYa|Substitute
|-damage|p2a: ExGon'SpinIntoYa|76/100
|
|-weather|none
|-heal|p2a: ExGon'SpinIntoYa|82/100|[from] item: Leftovers
|upkeep
|turn|9
|
|t:|1781316724
|move|p1a: Kingambit|Sucker Punch|p2a: ExGon'SpinIntoYa
|-end|p2a: ExGon'SpinIntoYa|Substitute
|move|p2a: ExGon'SpinIntoYa|Earthquake|p1a: Kingambit
|-supereffective|p1a: Kingambit
|-damage|p1a: Kingambit|0 fnt
|faint|p1a: Kingambit
|-end|p1a: Kingambit|fallenundefined|[silent]
|
|-heal|p2a: ExGon'SpinIntoYa|88/100|[from] item: Leftovers
|upkeep
|
|t:|1781316732
|switch|p1a: Kyurem|Kyurem|87/100
|-ability|p1a: Kyurem|Pressure
|turn|10
|
|t:|1781316751
|switch|p1a: Kommo-o|Kommo-o, M|100/100
|switch|p2a: Alo Cortisol|Alomomola, F|100/100
|
|upkeep
|turn|11
|
|t:|1781316756
|move|p1a: Kommo-o|Clangorous Soul|p1a: Kommo-o
|-boost|p1a: Kommo-o|atk|1
|-boost|p1a: Kommo-o|def|1
|-boost|p1a: Kommo-o|spa|1
|-boost|p1a: Kommo-o|spd|1
|-boost|p1a: Kommo-o|spe|1
|-damage|p1a: Kommo-o|68/100
|move|p2a: Alo Cortisol|Flip Turn|p1a: Kommo-o
|-resisted|p1a: Kommo-o
|-damage|p1a: Kommo-o|63/100
|inactive|PiggLad has 120 seconds left.
|
|t:|1781316795
|switch|p2a: Let The Goons Out|Hydrapple, M, shiny|100/100|[from] Flip Turn
|
|-heal|p1a: Kommo-o|70/100|[from] item: Leftovers
|upkeep
|turn|12
|
|t:|1781316801
|move|p1a: Kommo-o|Substitute|p1a: Kommo-o
|-start|p1a: Kommo-o|Substitute
|-damage|p1a: Kommo-o|45/100
|move|p2a: Let The Goons Out|Fickle Beam|p1a: Kommo-o
|-supereffective|p1a: Kommo-o
|-end|p1a: Kommo-o|Substitute
|
|-heal|p1a: Kommo-o|51/100|[from] item: Leftovers
|upkeep
|turn|13
|
|t:|1781316806
|-terastallize|p1a: Kommo-o|Ghost
|move|p1a: Kommo-o|Drain Punch|p2a: Let The Goons Out
|-damage|p2a: Let The Goons Out|76/100
|-heal|p1a: Kommo-o|65/100|[from] drain|[of] p2a: Let The Goons Out
|-damage|p1a: Kommo-o|49/100|[from] item: Rocky Helmet|[of] p2a: Let The Goons Out
|move|p2a: Let The Goons Out|Fickle Beam|p1a: Kommo-o
|-damage|p1a: Kommo-o|28/100
|
|-heal|p1a: Kommo-o|34/100|[from] item: Leftovers
|upkeep
|turn|14
|
|t:|1781316814
|move|p1a: Kommo-o|Drain Punch|p2a: Let The Goons Out
|-damage|p2a: Let The Goons Out|53/100
|-heal|p1a: Kommo-o|48/100|[from] drain|[of] p2a: Let The Goons Out
|-damage|p1a: Kommo-o|31/100|[from] item: Rocky Helmet|[of] p2a: Let The Goons Out
|move|p2a: Let The Goons Out|Giga Drain|p1a: Kommo-o
|-damage|p1a: Kommo-o|13/100
|-heal|p2a: Let The Goons Out|61/100|[from] drain|[of] p1a: Kommo-o
|
|-heal|p1a: Kommo-o|20/100|[from] item: Leftovers
|upkeep
|turn|15
|
|t:|1781316823
|move|p1a: Kommo-o|Drain Punch|p2a: Let The Goons Out
|-damage|p2a: Let The Goons Out|36/100
|-heal|p1a: Kommo-o|34/100|[from] drain|[of] p2a: Let The Goons Out
|-damage|p1a: Kommo-o|18/100|[from] item: Rocky Helmet|[of] p2a: Let The Goons Out
|move|p2a: Let The Goons Out|Giga Drain|p1a: Kommo-o
|-damage|p1a: Kommo-o|0 fnt
|-heal|p2a: Let The Goons Out|44/100|[from] drain|[of] p1a: Kommo-o
|faint|p1a: Kommo-o
|
|upkeep
|
|t:|1781316829
|switch|p1a: Iron Valiant|Iron Valiant|100/100
|-enditem|p1a: Iron Valiant|Booster Energy
|-activate|p1a: Iron Valiant|ability: Quark Drive|[fromitem]
|-start|p1a: Iron Valiant|quarkdrivespe
|turn|16
|inactive|PiggLad has 120 seconds left.
|
|t:|1781316863
|-terastallize|p2a: Let The Goons Out|Poison
|move|p1a: Iron Valiant|Calm Mind|p1a: Iron Valiant
|-boost|p1a: Iron Valiant|spa|1
|-boost|p1a: Iron Valiant|spd|1
|move|p2a: Let The Goons Out|Giga Drain|p1a: Iron Valiant
|-damage|p1a: Iron Valiant|66/100
|-heal|p2a: Let The Goons Out|56/100|[from] drain|[of] p1a: Iron Valiant
|
|upkeep
|turn|17
|
|t:|1781316869
|move|p1a: Iron Valiant|Calm Mind|p1a: Iron Valiant
|-boost|p1a: Iron Valiant|spa|1
|-boost|p1a: Iron Valiant|spd|1
|move|p2a: Let The Goons Out|Giga Drain|p1a: Iron Valiant
|-damage|p1a: Iron Valiant|40/100
|-heal|p2a: Let The Goons Out|65/100|[from] drain|[of] p1a: Iron Valiant
|
|upkeep
|turn|18
|inactive|PiggLad has 120 seconds left.
|
|t:|1781316897
|move|p1a: Iron Valiant|Moonblast|p2a: Let The Goons Out
|-resisted|p2a: Let The Goons Out
|-damage|p2a: Let The Goons Out|16/100
|-unboost|p2a: Let The Goons Out|spa|1
|move|p2a: Let The Goons Out|Giga Drain|p1a: Iron Valiant
|-damage|p1a: Iron Valiant|23/100
|-heal|p2a: Let The Goons Out|22/100|[from] drain|[of] p1a: Iron Valiant
|
|upkeep
|turn|19
|
|t:|1781316906
|switch|p2a: Jevils To This|Garganacl, F, shiny|32/100
|move|p1a: Iron Valiant|Moonblast|p2a: Jevils To This
|-damage|p2a: Jevils To This|0 fnt
|faint|p2a: Jevils To This
|
|upkeep
|
|t:|1781316910
|switch|p2a: WhoBEdginTheyStone|Tyranitar, M|100/100
|-weather|Sandstorm|[from] ability: Sand Stream|[of] p2a: WhoBEdginTheyStone
|turn|20
|
|t:|1781316916
|switch|p2a: ExGon'SpinIntoYa|Excadrill, M|88/100
|move|p1a: Iron Valiant|Focus Blast|p2a: ExGon'SpinIntoYa
|-supereffective|p2a: ExGon'SpinIntoYa
|-damage|p2a: ExGon'SpinIntoYa|0 fnt
|faint|p2a: ExGon'SpinIntoYa
|
|-weather|Sandstorm|[upkeep]
|-damage|p1a: Iron Valiant|16/100|[from] Sandstorm
|upkeep
|inactive|PiggLad has 120 seconds left.
|
|t:|1781316927
|switch|p2a: Alo Cortisol|Alomomola, F|100/100
|turn|21
|
|t:|1781316933
|move|p1a: Iron Valiant|Focus Blast|p2a: Alo Cortisol
|-damage|p2a: Alo Cortisol|41/100
|move|p2a: Alo Cortisol|Flip Turn|p1a: Iron Valiant
|-damage|p1a: Iron Valiant|0 fnt
|faint|p1a: Iron Valiant
|-end|p1a: Iron Valiant|Quark Drive|[silent]
|inactive|PiggLad has 120 seconds left.
|
|t:|1781316957
|switch|p2a: Larpin Diddy Foid|Enamorus, F|100/100|[from] Flip Turn
|
|-weather|Sandstorm|[upkeep]
|-damage|p2a: Larpin Diddy Foid|94/100|[from] Sandstorm
|upkeep
|
|t:|1781316962
|switch|p1a: Iron Treads|Iron Treads|100/100
|-enditem|p1a: Iron Treads|Booster Energy
|-activate|p1a: Iron Treads|ability: Quark Drive|[fromitem]
|-start|p1a: Iron Treads|quarkdrivespe
|turn|22
|inactive|PiggLad has 120 seconds left.
|
|t:|1781316974
|switch|p2a: Alo Cortisol|Alomomola, F|74/100
|move|p1a: Iron Treads|Stealth Rock|p2a: Alo Cortisol
|-sidestart|p2: PiggLad|move: Stealth Rock
|
|-weather|Sandstorm|[upkeep]
|-damage|p2a: Alo Cortisol|68/100|[from] Sandstorm
|upkeep
|turn|23
|
|t:|1781316980
|move|p1a: Iron Treads|Earthquake|p2a: Alo Cortisol
|-damage|p2a: Alo Cortisol|43/100
|move|p2a: Alo Cortisol|Flip Turn|p1a: Iron Treads
|-supereffective|p1a: Iron Treads
|-damage|p1a: Iron Treads|75/100
|
|t:|1781316990
|switch|p2a: Let The Goons Out|Hydrapple, M, shiny, tera:Poison|55/100|[from] Flip Turn
|-damage|p2a: Let The Goons Out|43/100|[from] Stealth Rock
|
|-weather|Sandstorm|[upkeep]
|-damage|p2a: Let The Goons Out|37/100|[from] Sandstorm
|upkeep
|turn|24
|
|t:|1781316995
|switch|p2a: Alo Cortisol|Alomomola, F|76/100
|-damage|p2a: Alo Cortisol|63/100|[from] Stealth Rock
|move|p1a: Iron Treads|Earthquake|p2a: Alo Cortisol
|-damage|p2a: Alo Cortisol|37/100
|
|-weather|none
|upkeep
|turn|25
|
|t:|1781317001
|move|p1a: Iron Treads|Earthquake|p2a: Alo Cortisol
|-damage|p2a: Alo Cortisol|11/100
|move|p2a: Alo Cortisol|Flip Turn|p1a: Iron Treads
|-supereffective|p1a: Iron Treads
|-damage|p1a: Iron Treads|50/100
|
|t:|1781317008
|switch|p2a: Larpin Diddy Foid|Enamorus, F|94/100|[from] Flip Turn
|-damage|p2a: Larpin Diddy Foid|69/100|[from] Stealth Rock
|
|upkeep
|turn|26
|
|t:|1781317014
|move|p1a: Iron Treads|Rapid Spin|p2a: Larpin Diddy Foid
|-damage|p2a: Larpin Diddy Foid|49/100
|-boost|p1a: Iron Treads|spe|1
|move|p2a: Larpin Diddy Foid|Mystical Fire|p1a: Iron Treads
|-supereffective|p1a: Iron Treads
|-damage|p1a: Iron Treads|0 fnt
|faint|p1a: Iron Treads
|-end|p1a: Iron Treads|Quark Drive|[silent]
|
|upkeep
|
|t:|1781317022
|switch|p1a: Iron Crown|Iron Crown|18/100
|turn|27
|
|t:|1781317027
|move|p2a: Larpin Diddy Foid|Mystical Fire|p1a: Iron Crown
|-supereffective|p1a: Iron Crown
|-damage|p1a: Iron Crown|0 fnt
|faint|p1a: Iron Crown
|-end|p1a: Iron Crown|Quark Drive|[silent]
|
|upkeep
|
|t:|1781317034
|switch|p1a: Kyurem|Kyurem|87/100
|-ability|p1a: Kyurem|Pressure
|turn|28
|
|t:|1781317040
|switch|p2a: WhoBEdginTheyStone|Tyranitar, M|100/100
|-damage|p2a: WhoBEdginTheyStone|88/100|[from] Stealth Rock
|-weather|Sandstorm|[from] ability: Sand Stream|[of] p2a: WhoBEdginTheyStone
|move|p1a: Kyurem|Icicle Spear|p2a: WhoBEdginTheyStone
|-damage|p2a: WhoBEdginTheyStone|76/100
|-damage|p2a: WhoBEdginTheyStone|63/100
|-damage|p2a: WhoBEdginTheyStone|50/100
|-damage|p2a: WhoBEdginTheyStone|37/100
|-hitcount|p2a: WhoBEdginTheyStone|4
|
|-weather|Sandstorm|[upkeep]
|-damage|p1a: Kyurem|81/100|[from] Sandstorm
|upkeep
|turn|29
|
|t:|1781317045
|move|p1a: Kyurem|Icicle Spear|p2a: WhoBEdginTheyStone
|-damage|p2a: WhoBEdginTheyStone|25/100
|-damage|p2a: WhoBEdginTheyStone|13/100
|-damage|p2a: WhoBEdginTheyStone|2/100
|-damage|p2a: WhoBEdginTheyStone|0 fnt
|faint|p2a: WhoBEdginTheyStone
|-hitcount|p2: WhoBEdginTheyStone|4
|
|-weather|Sandstorm|[upkeep]
|-damage|p1a: Kyurem|74/100|[from] Sandstorm
|upkeep
|
|t:|1781317061
|switch|p2a: Alo Cortisol|Alomomola, F|44/100
|-damage|p2a: Alo Cortisol|31/100|[from] Stealth Rock
|turn|30
|
|t:|1781317066
|move|p1a: Kyurem|Earth Power|p2a: Alo Cortisol
|-damage|p2a: Alo Cortisol|17/100
|move|p2a: Alo Cortisol|Body Slam|p1a: Kyurem
|-damage|p1a: Kyurem|60/100
|-status|p1a: Kyurem|par
|
|-weather|Sandstorm|[upkeep]
|-damage|p1a: Kyurem|54/100 par|[from] Sandstorm
|-damage|p2a: Alo Cortisol|11/100|[from] Sandstorm
|upkeep
|turn|31
|
|t:|1781317072
|move|p1a: Kyurem|Earth Power|p2a: Alo Cortisol
|-damage|p2a: Alo Cortisol|0 fnt
|faint|p2a: Alo Cortisol
|
|-weather|Sandstorm|[upkeep]
|-damage|p1a: Kyurem|48/100 par|[from] Sandstorm
|upkeep
|
|t:|1781317075
|switch|p2a: Larpin Diddy Foid|Enamorus, F|49/100
|-damage|p2a: Larpin Diddy Foid|24/100|[from] Stealth Rock
|turn|32
|
|t:|1781317080
|move|p2a: Larpin Diddy Foid|Moonblast|p1a: Kyurem
|-supereffective|p1a: Kyurem
|-damage|p1a: Kyurem|0 fnt
|faint|p1a: Kyurem
|
|win|PiggLad
|raw|rekjllj's rating: 1667 &rarr; <strong>1648</strong><br />(-19 for losing)
|raw|PiggLad's rating: 1684 &rarr; <strong>1703</strong><br />(+19 for winning)
|c|☆rekjllj|gg
|l|☆rekjllj
|player|p1|
|c|☆PiggLad|gg
|l|☆PiggLad
|player|p2|
