|j|☆BlackStar150520
|j|☆FP.//06
|t:|1781069028
|gametype|singles
|player|p1|BlackStar150520|unknown|1569
|player|p2|FP.//06|lucas|1615
|gen|9
|tier|[Gen 9] OU
|rated|
|rule|HP Percentage Mod: HP is shown in percentages
|rule|Endless Battle Clause: Forcing endless battles is banned
|rule|Species Clause: Limit one of each Pokémon
|rule|OHKO Clause: OHKO moves are banned
|rule|Evasion Items Clause: Evasion items are banned
|rule|Evasion Moves Clause: Evasion moves are banned
|rule|Evasion Abilities Clause: Evasion abilities are banned
|rule|Sleep Moves Clause: Sleep-inducing moves are banned
|clearpoke
|poke|p1|Raging Bolt|
|poke|p1|Kingambit, M|
|poke|p1|Iron Moth|
|poke|p1|Ogerpon-Wellspring, F|
|poke|p1|Scizor, F|
|poke|p1|Great Tusk|
|poke|p2|Ogerpon, F|
|poke|p2|Samurott-Hisui, F|
|poke|p2|Blissey, F|
|poke|p2|Gliscor, M|
|poke|p2|Skarmory, F|
|poke|p2|Pecharunt|
|teampreview
|inactive|Battle timer is ON: inactive players will automatically lose when time's up. (requested by FP.//06)
|inactive|BlackStar150520 also wants the timer to be on.
|inactive|BlackStar150520 has 120 seconds left.
|
|t:|1781069077
|teamsize|p1|6
|teamsize|p2|6
|start
|switch|p1a: Red Lightning|Scizor, F|100/100
|switch|p2a: Skarmory|Skarmory, F|100/100
|turn|1
|
|t:|1781069083
|move|p2a: Skarmory|Stealth Rock|p1a: Red Lightning
|-sidestart|p1: BlackStar150520|move: Stealth Rock
|move|p1a: Red Lightning|Knock Off|p2a: Skarmory
|-crit|p2a: Skarmory
|-damage|p2a: Skarmory|50/100
|-damage|p1a: Red Lightning|84/100|[from] item: Rocky Helmet|[of] p2a: Skarmory
|-enditem|p2a: Skarmory|Rocky Helmet|[from] move: Knock Off|[of] p1a: Red Lightning
|
|upkeep
|turn|2
|
|t:|1781069086
|switch|p1a: Mega Donphan|Great Tusk|100/100
|move|p2a: Skarmory|Roost|p2a: Skarmory
|-heal|p2a: Skarmory|99/100
|-singleturn|p2a: Skarmory|move: Roost
|
|upkeep
|turn|3
|
|t:|1781069089
|move|p1a: Mega Donphan|Stealth Rock|p2a: Skarmory
|-sidestart|p2: FP.//06|move: Stealth Rock
|move|p2a: Skarmory|Body Press|p1a: Mega Donphan
|-damage|p1a: Mega Donphan|79/100
|
|upkeep
|turn|4
|
|t:|1781069091
|switch|p2a: Pecharunt|Pecharunt|100/100
|move|p1a: Mega Donphan|Rapid Spin|p2a: Pecharunt
|-immune|p2a: Pecharunt
|
|upkeep
|turn|5
|
|t:|1781069094
|-terastallize|p2a: Pecharunt|Ghost
|move|p1a: Mega Donphan|Headlong Rush|p2a: Pecharunt
|-damage|p2a: Pecharunt|68/100
|-unboost|p1a: Mega Donphan|def|1
|-unboost|p1a: Mega Donphan|spd|1
|move|p2a: Pecharunt|Toxic|p1a: Mega Donphan
|-status|p1a: Mega Donphan|tox
|-start|p1a: Mega Donphan|confusion|[from] ability: Poison Puppeteer|[of] p2a: Pecharunt
|
|-damage|p1a: Mega Donphan|73/100 tox|[from] psn
|upkeep
|turn|6
|
|t:|1781069098
|-end|p1a: Mega Donphan|Protosynthesis|[silent]
|switch|p1a: Red Lightning|Scizor, F|84/100
|-damage|p1a: Red Lightning|72/100|[from] Stealth Rock
|move|p2a: Pecharunt|Parting Shot|p1a: Red Lightning
|-unboost|p1a: Red Lightning|atk|1
|-unboost|p1a: Red Lightning|spa|1
|
|t:|1781069101
|switch|p2a: Gliscor|Gliscor, M|100/100|[from] Parting Shot
|-damage|p2a: Gliscor|88/100|[from] Stealth Rock
|
|-status|p2a: Gliscor|tox|[from] item: Toxic Orb
|upkeep
|turn|7
|
|t:|1781069105
|move|p2a: Gliscor|Protect|p2a: Gliscor
|-singleturn|p2a: Gliscor|Protect
|move|p1a: Red Lightning|U-turn|p2a: Gliscor
|-activate|p2a: Gliscor|move: Protect
|
|-heal|p2a: Gliscor|100/100 tox|[from] ability: Poison Heal
|upkeep
|turn|8
|
|t:|1781069108
|move|p2a: Gliscor|U-turn|p1a: Red Lightning
|-resisted|p1a: Red Lightning
|-damage|p1a: Red Lightning|64/100
|
|t:|1781069111
|switch|p2a: Skarmory|Skarmory, F|99/100|[from] U-turn
|-damage|p2a: Skarmory|88/100|[from] Stealth Rock
|move|p1a: Red Lightning|U-turn|p2a: Skarmory
|-resisted|p2a: Skarmory
|-damage|p2a: Skarmory|82/100
|
|t:|1781069118
|switch|p1a: ⚡️|Raging Bolt|100/100|[from] U-turn
|-damage|p1a: ⚡️|88/100|[from] Stealth Rock
|
|-heal|p1a: ⚡️|94/100|[from] item: Leftovers
|upkeep
|turn|9
|
|t:|1781069121
|-end|p1a: ⚡️|Protosynthesis|[silent]
|switch|p1a: Red Lightning|Scizor, F|64/100
|-damage|p1a: Red Lightning|52/100|[from] Stealth Rock
|switch|p2a: Blissey|Blissey, F|100/100
|
|upkeep
|turn|10
|
|t:|1781069126
|switch|p2a: Skarmory|Skarmory, F|82/100
|-damage|p2a: Skarmory|70/100|[from] Stealth Rock
|move|p1a: Red Lightning|U-turn|p2a: Skarmory
|-resisted|p2a: Skarmory
|-damage|p2a: Skarmory|61/100
|
|t:|1781069136
|switch|p1a: 🎭|Ogerpon-Wellspring, F|100/100|[from] U-turn
|-damage|p1a: 🎭|88/100|[from] Stealth Rock
|
|upkeep
|turn|11
|
|t:|1781069139
|move|p1a: 🎭|Knock Off|p2a: Skarmory
|-damage|p2a: Skarmory|44/100
|move|p2a: Skarmory|Roost|p2a: Skarmory
|-heal|p2a: Skarmory|94/100
|-singleturn|p2a: Skarmory|move: Roost
|
|upkeep
|turn|12
|
|t:|1781069142
|switch|p2a: Ogerpon|Ogerpon, F|100/100
|move|p1a: 🎭|Encore||[still]
|-fail|p1a: 🎭
|
|upkeep
|turn|13
|
|t:|1781069145
|move|p1a: 🎭|U-turn|p2a: Ogerpon
|-supereffective|p2a: Ogerpon
|-damage|p2a: Ogerpon|29/100
|
|t:|1781069149
|switch|p1a: Red Lightning|Scizor, F|52/100|[from] U-turn
|-damage|p1a: Red Lightning|40/100|[from] Stealth Rock
|move|p2a: Ogerpon|U-turn|p1a: Red Lightning
|-resisted|p1a: Red Lightning
|-damage|p1a: Red Lightning|28/100
|
|t:|1781069152
|switch|p2a: Samurott|Samurott-Hisui, F|100/100|[from] U-turn
|
|upkeep
|turn|14
|
|t:|1781069161
|move|p1a: Red Lightning|Bullet Punch|p2a: Samurott
|-resisted|p2a: Samurott
|-damage|p2a: Samurott|67/100
|move|p2a: Samurott|Ceaseless Edge|p1a: Red Lightning
|-damage|p1a: Red Lightning|0 fnt
|-sidestart|p1: BlackStar150520|Spikes
|faint|p1a: Red Lightning
|
|upkeep
|
|t:|1781069169
|switch|p1a: Mega Donphan|Great Tusk|73/100 tox
|turn|15
|
|t:|1781069172
|switch|p2a: Pecharunt|Pecharunt, tera:Ghost|68/100
|move|p1a: Mega Donphan|Headlong Rush|p2a: Pecharunt
|-damage|p2a: Pecharunt|42/100
|-unboost|p1a: Mega Donphan|def|1
|-unboost|p1a: Mega Donphan|spd|1
|
|-damage|p1a: Mega Donphan|67/100 tox|[from] psn
|upkeep
|turn|16
|
|t:|1781069182
|-end|p1a: Mega Donphan|Protosynthesis|[silent]
|switch|p1a: 🎭|Ogerpon-Wellspring, F|88/100
|-damage|p1a: 🎭|76/100|[from] Stealth Rock
|-damage|p1a: 🎭|64/100|[from] Spikes
|move|p2a: Pecharunt|Recover|p2a: Pecharunt
|-heal|p2a: Pecharunt|92/100
|
|upkeep
|turn|17
|
|t:|1781069187
|move|p1a: 🎭|Knock Off|p2a: Pecharunt
|-supereffective|p2a: Pecharunt
|-damage|p2a: Pecharunt|56/100
|-enditem|p2a: Pecharunt|Heavy-Duty Boots|[from] move: Knock Off|[of] p1a: 🎭
|move|p2a: Pecharunt|Toxic|p1a: 🎭
|-status|p1a: 🎭|tox
|-start|p1a: 🎭|confusion|[from] ability: Poison Puppeteer|[of] p2a: Pecharunt
|
|-damage|p1a: 🎭|58/100 tox|[from] psn
|upkeep
|turn|18
|
|t:|1781069194
|-activate|p1a: 🎭|confusion
|move|p1a: 🎭|Encore|p2a: Pecharunt
|-start|p2a: Pecharunt|Encore
|move|p2a: Pecharunt|Toxic|p1a: 🎭
|-fail|p1a: 🎭|tox
|
|-damage|p1a: 🎭|46/100 tox|[from] psn
|upkeep
|turn|19
|
|t:|1781069197
|switch|p2a: Skarmory|Skarmory, F|94/100
|-damage|p2a: Skarmory|82/100|[from] Stealth Rock
|-activate|p1a: 🎭|confusion
|move|p1a: 🎭|Ivy Cudgel|p2a: Skarmory|[anim] Ivy Cudgel Water
|-damage|p2a: Skarmory|48/100
|
|-damage|p1a: 🎭|28/100 tox|[from] psn
|upkeep
|turn|20
|
|t:|1781069202
|-activate|p1a: 🎭|confusion
|-damage|p1a: 🎭|11/100 tox|[from] confusion
|move|p2a: Skarmory|Roost|p2a: Skarmory
|-heal|p2a: Skarmory|98/100
|-singleturn|p2a: Skarmory|move: Roost
|
|-damage|p1a: 🎭|0 fnt|[from] psn
|faint|p1a: 🎭
|upkeep
|
|t:|1781069209
|switch|p1a: ⚡️|Raging Bolt|94/100
|-damage|p1a: ⚡️|82/100|[from] Stealth Rock
|-damage|p1a: ⚡️|69/100|[from] Spikes
|turn|21
|
|t:|1781069211
|switch|p2a: Blissey|Blissey, F|100/100
|move|p1a: ⚡️|Calm Mind|p1a: ⚡️
|-boost|p1a: ⚡️|spa|1
|-boost|p1a: ⚡️|spd|1
|
|-heal|p1a: ⚡️|75/100|[from] item: Leftovers
|upkeep
|turn|22
|
|t:|1781069213
|move|p1a: ⚡️|Calm Mind|p1a: ⚡️
|-boost|p1a: ⚡️|spa|1
|-boost|p1a: ⚡️|spd|1
|move|p2a: Blissey|Calm Mind|p2a: Blissey
|-boost|p2a: Blissey|spa|1
|-boost|p2a: Blissey|spd|1
|
|-heal|p1a: ⚡️|81/100|[from] item: Leftovers
|upkeep
|turn|23
|
|t:|1781069215
|move|p1a: ⚡️|Calm Mind|p1a: ⚡️
|-boost|p1a: ⚡️|spa|1
|-boost|p1a: ⚡️|spd|1
|move|p2a: Blissey|Calm Mind|p2a: Blissey
|-boost|p2a: Blissey|spa|1
|-boost|p2a: Blissey|spd|1
|
|-heal|p1a: ⚡️|87/100|[from] item: Leftovers
|upkeep
|turn|24
|
|t:|1781069216
|move|p1a: ⚡️|Calm Mind|p1a: ⚡️
|-boost|p1a: ⚡️|spa|1
|-boost|p1a: ⚡️|spd|1
|move|p2a: Blissey|Calm Mind|p2a: Blissey
|-boost|p2a: Blissey|spa|1
|-boost|p2a: Blissey|spd|1
|
|-heal|p1a: ⚡️|94/100|[from] item: Leftovers
|upkeep
|turn|25
|
|t:|1781069217
|move|p1a: ⚡️|Calm Mind|p1a: ⚡️
|-boost|p1a: ⚡️|spa|1
|-boost|p1a: ⚡️|spd|1
|move|p2a: Blissey|Calm Mind|p2a: Blissey
|-boost|p2a: Blissey|spa|1
|-boost|p2a: Blissey|spd|1
|
|-heal|p1a: ⚡️|99/100|[from] item: Leftovers
|upkeep
|turn|26
|
|t:|1781069218
|move|p1a: ⚡️|Calm Mind|p1a: ⚡️
|-boost|p1a: ⚡️|spa|1
|-boost|p1a: ⚡️|spd|1
|move|p2a: Blissey|Calm Mind|p2a: Blissey
|-boost|p2a: Blissey|spa|1
|-boost|p2a: Blissey|spd|1
|
|-heal|p1a: ⚡️|100/100|[from] item: Leftovers
|upkeep
|turn|27
|
|t:|1781069219
|move|p1a: ⚡️|Thunderbolt|p2a: Blissey
|-damage|p2a: Blissey|83/100
|move|p2a: Blissey|Calm Mind|p2a: Blissey
|-boost|p2a: Blissey|spa|1
|-boost|p2a: Blissey|spd|1
|
|upkeep
|turn|28
|
|t:|1781069221
|move|p1a: ⚡️|Thunderbolt|p2a: Blissey
|-damage|p2a: Blissey|67/100
|-status|p2a: Blissey|par
|move|p2a: Blissey|Seismic Toss|p1a: ⚡️
|-damage|p1a: ⚡️|75/100
|
|-heal|p1a: ⚡️|81/100|[from] item: Leftovers
|upkeep
|turn|29
|
|t:|1781069223
|move|p1a: ⚡️|Thunderbolt|p2a: Blissey
|-damage|p2a: Blissey|50/100 par
|cant|p2a: Blissey|par
|
|-heal|p1a: ⚡️|87/100|[from] item: Leftovers
|upkeep
|turn|30
|
|t:|1781069225
|move|p1a: ⚡️|Thunderbolt|p2a: Blissey
|-damage|p2a: Blissey|33/100 par
|cant|p2a: Blissey|par
|
|-heal|p1a: ⚡️|93/100|[from] item: Leftovers
|upkeep
|turn|31
|
|t:|1781069227
|move|p1a: ⚡️|Thunderbolt|p2a: Blissey
|-damage|p2a: Blissey|15/100 par
|cant|p2a: Blissey|par
|
|-heal|p1a: ⚡️|99/100|[from] item: Leftovers
|upkeep
|turn|32
|c|☆FP.//06|holy
|
|t:|1781069234
|move|p1a: ⚡️|Thunderbolt|p2a: Blissey
|-damage|p2a: Blissey|0 fnt
|faint|p2a: Blissey
|
|-heal|p1a: ⚡️|100/100|[from] item: Leftovers
|upkeep
|
|t:|1781069239
|switch|p2a: Pecharunt|Pecharunt, tera:Ghost|56/100
|-damage|p2a: Pecharunt|43/100|[from] Stealth Rock
|turn|33
|
|t:|1781069242
|move|p1a: ⚡️|Thunderbolt|p2a: Pecharunt
|-damage|p2a: Pecharunt|0 fnt
|faint|p2a: Pecharunt
|
|upkeep
|-message|FP.//06 forfeited.
|
|win|BlackStar150520
|raw|BlackStar150520's rating: 1588 &rarr; <strong>1610</strong><br />(+22 for winning)
|raw|FP.&#x2f;&#x2f;06's rating: 1615 &rarr; <strong>1593</strong><br />(-22 for losing)
|l|☆FP.//06
|player|p2|
