|j|☆lucy cobblestone
|j|☆PepeNike
|t:|1780956850
|gametype|singles
|player|p1|lucy cobblestone|guitarist|1614
|player|p2|PepeNike|101|1543
|gen|9
|tier|[Gen 9] OU
|rated|
|rule|HP Percentage Mod: HP is shown in percentages
|rule|Endless Battle Clause: Forcing endless battles is banned
|rule|Species Clause: Limit one of each Pokémon
|rule|OHKO Clause: OHKO moves are banned
|rule|Evasion Items Clause: Evasion items are banned
|rule|Evasion Moves Clause: Evasion moves are banned
|rule|Evasion Abilities Clause: Evasion abilities are banned
|rule|Sleep Moves Clause: Sleep-inducing moves are banned
|clearpoke
|poke|p1|Iron Moth|
|poke|p1|Gliscor, F|
|poke|p1|Hatterene, F|
|poke|p1|Ogerpon-Wellspring, F|
|poke|p1|Raging Bolt|
|poke|p1|Zamazenta-*|
|poke|p2|Kleavor, M|
|poke|p2|Samurott-Hisui, F|
|poke|p2|Gholdengo|
|poke|p2|Ceruledge, F|
|poke|p2|Greninja-*, M|
|poke|p2|Dragapult, F|
|teampreview
|inactive|Battle timer is ON: inactive players will automatically lose when time's up. (requested by PepeNike)
|
|t:|1780956857
|teamsize|p1|6
|teamsize|p2|6
|start
|switch|p1a: Zamazenta|Zamazenta|100/100
|switch|p2a: Kleavor|Kleavor, M|100/100
|-ability|p1a: Zamazenta|Dauntless Shield|boost
|-boost|p1a: Zamazenta|def|1
|turn|1
|inactive|PepeNike has 120 seconds left.
|
|t:|1780956889
|move|p1a: Zamazenta|Reflect|p1a: Zamazenta
|-sidestart|p1: lucy cobblestone|Reflect
|move|p2a: Kleavor|Stone Axe|p1a: Zamazenta
|-resisted|p1a: Zamazenta
|-damage|p1a: Zamazenta|93/100
|-sidestart|p1: lucy cobblestone|move: Stealth Rock
|
|upkeep
|turn|2
|
|t:|1780956897
|switch|p2a: Samurott|Samurott-Hisui, F|100/100
|move|p1a: Zamazenta|Close Combat|p2a: Samurott
|-supereffective|p2a: Samurott
|-damage|p2a: Samurott|2/100
|-unboost|p1a: Zamazenta|def|1
|-unboost|p1a: Zamazenta|spd|1
|
|upkeep
|turn|3
|
|t:|1780956901
|switch|p2a: Gholdengo|Gholdengo|100/100
|-item|p2a: Gholdengo|Air Balloon
|move|p1a: Zamazenta|Ice Fang|p2a: Gholdengo
|-resisted|p2a: Gholdengo
|-damage|p2a: Gholdengo|94/100
|-enditem|p2a: Gholdengo|Air Balloon
|
|upkeep
|turn|4
|
|t:|1780956907
|move|p1a: Zamazenta|Light Screen|p1a: Zamazenta
|-sidestart|p1: lucy cobblestone|move: Light Screen
|move|p2a: Gholdengo|Thunder Wave|p1a: Zamazenta
|-status|p1a: Zamazenta|par
|
|upkeep
|turn|5
|inactive|PepeNike has 120 seconds left.
|
|t:|1780956941
|switch|p1a: Gliscor|Gliscor, F|100/100
|-damage|p1a: Gliscor|88/100|[from] Stealth Rock
|move|p2a: Gholdengo|Hex|p1a: Gliscor
|-damage|p1a: Gliscor|70/100
|
|-status|p1a: Gliscor|tox|[from] item: Toxic Orb
|upkeep
|turn|6
|inactive|PepeNike has 120 seconds left.
|inactive|lucy cobblestone has 120 seconds left.
|inactive|PepeNike has 90 seconds left.
|
|t:|1780957003
|-terastallize|p1a: Gliscor|Normal
|move|p1a: Gliscor|Agility|p1a: Gliscor
|-boost|p1a: Gliscor|spe|2
|move|p2a: Gholdengo|Hex|p1a: Gliscor
|-immune|p1a: Gliscor
|
|-heal|p1a: Gliscor|82/100 tox|[from] ability: Poison Heal
|upkeep
|turn|7
|
|t:|1780957007
|switch|p2a: Kleavor|Kleavor, M|100/100
|move|p1a: Gliscor|Swords Dance|p1a: Gliscor
|-boost|p1a: Gliscor|atk|2
|
|-heal|p1a: Gliscor|95/100 tox|[from] ability: Poison Heal
|upkeep
|turn|8
|
|t:|1780957015
|move|p1a: Gliscor|Earthquake|p2a: Kleavor
|-enditem|p2a: Kleavor|Focus Sash
|-damage|p2a: Kleavor|1/100
|move|p2a: Kleavor|Tailwind|p2a: Kleavor
|-sidestart|p2: PepeNike|move: Tailwind
|
|-heal|p1a: Gliscor|100/100 tox|[from] ability: Poison Heal
|-sideend|p1: lucy cobblestone|Reflect
|upkeep
|turn|9
|
|t:|1780957021
|move|p2a: Kleavor|Close Combat|p1a: Gliscor
|-supereffective|p1a: Gliscor
|-damage|p1a: Gliscor|27/100 tox
|-unboost|p2a: Kleavor|def|1
|-unboost|p2a: Kleavor|spd|1
|move|p1a: Gliscor|Agility|p1a: Gliscor
|-boost|p1a: Gliscor|spe|2
|
|-heal|p1a: Gliscor|40/100 tox|[from] ability: Poison Heal
|upkeep
|turn|10
|
|t:|1780957026
|move|p1a: Gliscor|Earthquake|p2a: Kleavor
|-damage|p2a: Kleavor|0 fnt
|faint|p2a: Kleavor
|
|-heal|p1a: Gliscor|52/100 tox|[from] ability: Poison Heal
|upkeep
|inactive|PepeNike has 90 seconds left.
|inactive|PepeNike has 60 seconds left.
|
|t:|1780957078
|switch|p2a: Ceruledge|Ceruledge, F|100/100
|turn|11
|
|t:|1780957083
|move|p1a: Gliscor|Earthquake|p2a: Ceruledge
|-supereffective|p2a: Ceruledge
|-enditem|p2a: Ceruledge|Focus Sash
|-damage|p2a: Ceruledge|1/100
|-ability|p2a: Ceruledge|Weak Armor|boost
|-unboost|p2a: Ceruledge|def|1
|-boost|p2a: Ceruledge|spe|2
|move|p2a: Ceruledge|Bitter Blade|p1a: Gliscor
|-damage|p1a: Gliscor|9/100 tox
|-heal|p2a: Ceruledge|26/100|[from] drain|[of] p1a: Gliscor
|
|-heal|p1a: Gliscor|21/100 tox|[from] ability: Poison Heal
|-sideend|p1: lucy cobblestone|move: Light Screen
|-sideend|p2: PepeNike|move: Tailwind
|upkeep
|turn|12
|
|t:|1780957098
|-terastallize|p2a: Ceruledge|Flying
|move|p1a: Gliscor|Earthquake|p2a: Ceruledge
|-immune|p2a: Ceruledge
|move|p2a: Ceruledge|Bitter Blade|p1a: Gliscor
|-damage|p1a: Gliscor|0 fnt
|-heal|p2a: Ceruledge|38/100|[from] drain|[of] p1a: Gliscor
|faint|p1a: Gliscor
|
|upkeep
|
|t:|1780957102
|switch|p1a: Raging Bolt|Raging Bolt|100/100
|-damage|p1a: Raging Bolt|88/100|[from] Stealth Rock
|-enditem|p1a: Raging Bolt|Booster Energy
|-activate|p1a: Raging Bolt|ability: Protosynthesis|[fromitem]
|-start|p1a: Raging Bolt|protosynthesisspa
|turn|13
|
|t:|1780957110
|move|p2a: Ceruledge|Shadow Sneak|p1a: Raging Bolt
|-damage|p1a: Raging Bolt|66/100
|move|p1a: Raging Bolt|Thunderbolt|p2a: Ceruledge
|-supereffective|p2a: Ceruledge
|-damage|p2a: Ceruledge|0 fnt
|faint|p2a: Ceruledge
|
|upkeep
|
|t:|1780957113
|switch|p2a: Dragapult|Dragapult, F|100/100
|turn|14
|
|t:|1780957129
|move|p1a: Raging Bolt|Thunderclap|p2a: Dragapult
|-resisted|p2a: Dragapult
|-damage|p2a: Dragapult|65/100
|move|p2a: Dragapult|Dragon Darts|p1a: Raging Bolt
|-supereffective|p1a: Raging Bolt
|-damage|p1a: Raging Bolt|0 fnt
|faint|p1a: Raging Bolt
|-end|p1a: Raging Bolt|Protosynthesis|[silent]
|
|upkeep
|
|t:|1780957134
|switch|p1a: Zamazenta|Zamazenta|93/100 par
|-damage|p1a: Zamazenta|87/100 par|[from] Stealth Rock
|turn|15
|
|t:|1780957151
|switch|p2a: Gholdengo|Gholdengo|94/100
|move|p1a: Zamazenta|Light Screen|p1a: Zamazenta
|-sidestart|p1: lucy cobblestone|move: Light Screen
|
|upkeep
|turn|16
|
|t:|1780957155
|move|p1a: Zamazenta|Reflect|p1a: Zamazenta
|-sidestart|p1: lucy cobblestone|Reflect
|move|p2a: Gholdengo|Hex|p1a: Zamazenta
|-damage|p1a: Zamazenta|63/100 par
|
|upkeep
|turn|17
|
|t:|1780957162
|switch|p1a: Iron Moth|Iron Moth|100/100
|-damage|p1a: Iron Moth|76/100|[from] Stealth Rock
|-enditem|p1a: Iron Moth|Booster Energy
|-activate|p1a: Iron Moth|ability: Quark Drive|[fromitem]
|-start|p1a: Iron Moth|quarkdrivespe
|move|p2a: Gholdengo|Hex|p1a: Iron Moth
|-damage|p1a: Iron Moth|62/100
|
|upkeep
|turn|18
|inactive|PepeNike has 120 seconds left.
|
|t:|1780957190
|move|p1a: Iron Moth|Fiery Dance|p2a: Gholdengo
|-supereffective|p2a: Gholdengo
|-damage|p2a: Gholdengo|13/100
|-boost|p1a: Iron Moth|spa|1
|move|p2a: Gholdengo|Thunder Wave|p1a: Iron Moth
|-status|p1a: Iron Moth|par
|
|upkeep
|turn|19
|
|t:|1780957205
|switch|p2a: Samurott|Samurott-Hisui, F|2/100
|cant|p1a: Iron Moth|par
|
|upkeep
|turn|20
|
|t:|1780957209
|move|p2a: Samurott|Sucker Punch|p1a: Iron Moth
|-damage|p1a: Iron Moth|31/100 par
|move|p1a: Iron Moth|Fiery Dance|p2a: Samurott
|-resisted|p2a: Samurott
|-damage|p2a: Samurott|0 fnt
|faint|p2a: Samurott
|
|upkeep
|
|t:|1780957214
|switch|p2a: Greninja|Greninja, M|100/100
|turn|21
|
|t:|1780957219
|move|p2a: Greninja|Water Shuriken|p1a: Iron Moth
|-supereffective|p1a: Iron Moth
|-damage|p1a: Iron Moth|22/100 par
|-supereffective|p1a: Iron Moth
|-damage|p1a: Iron Moth|12/100 par
|-supereffective|p1a: Iron Moth
|-damage|p1a: Iron Moth|3/100 par
|-hitcount|p1a: Iron Moth|3
|-damage|p2a: Greninja|91/100|[from] item: Life Orb
|move|p1a: Iron Moth|Sludge Wave|p2a: Greninja
|-crit|p2a: Greninja
|-damage|p2a: Greninja|0 fnt
|faint|p2a: Greninja
|
|upkeep
|
|t:|1780957226
|switch|p2a: Dragapult|Dragapult, F|65/100
|turn|22
|
|t:|1780957236
|move|p2a: Dragapult|U-turn|p1a: Iron Moth
|-resisted|p1a: Iron Moth
|-damage|p1a: Iron Moth|0 fnt
|faint|p1a: Iron Moth
|-end|p1a: Iron Moth|Quark Drive|[silent]
|
|t:|1780957244
|switch|p2a: Gholdengo|Gholdengo|13/100|[from] U-turn
|
|-sideend|p1: lucy cobblestone|move: Light Screen
|upkeep
|
|t:|1780957251
|switch|p1a: Ogerpon|Ogerpon-Wellspring, F|100/100
|-damage|p1a: Ogerpon|88/100|[from] Stealth Rock
|turn|23
|
|t:|1780957261
|switch|p2a: Dragapult|Dragapult, F|65/100
|move|p1a: Ogerpon|Ivy Cudgel|p2a: Dragapult|[anim] Ivy Cudgel Water
|-resisted|p2a: Dragapult
|-crit|p2a: Dragapult
|-damage|p2a: Dragapult|0 fnt
|faint|p2a: Dragapult
|
|-sideend|p1: lucy cobblestone|Reflect
|upkeep
|-message|PepeNike forfeited.
|
|win|lucy cobblestone
|raw|lucy cobblestone's rating: 1614 &rarr; <strong>1630</strong><br />(+16 for winning)
|raw|PepeNike's rating: 1543 &rarr; <strong>1527</strong><br />(-16 for losing)
|l|☆PepeNike
|player|p2|
|l|☆lucy cobblestone
|player|p1|
