|j|☆U_Quokka
|j|☆lianxiaonian
|t:|1780985575
|gametype|singles
|player|p1|U_Quokka|iono|1590
|player|p2|lianxiaonian|169|1660
|gen|9
|tier|[Gen 9] OU
|rated|
|rule|HP Percentage Mod: HP is shown in percentages
|rule|Endless Battle Clause: Forcing endless battles is banned
|rule|Species Clause: Limit one of each Pokémon
|rule|OHKO Clause: OHKO moves are banned
|rule|Evasion Items Clause: Evasion items are banned
|rule|Evasion Moves Clause: Evasion moves are banned
|rule|Evasion Abilities Clause: Evasion abilities are banned
|rule|Sleep Moves Clause: Sleep-inducing moves are banned
|clearpoke
|poke|p1|Kingambit, F|
|poke|p1|Cinderace, F|
|poke|p1|Landorus-Therian, M|
|poke|p1|Iron Valiant|
|poke|p1|Kyurem|
|poke|p1|Slowking-Galar, M|
|poke|p2|Talonflame, F|
|poke|p2|Pelipper, F|
|poke|p2|Hatterene, F|
|poke|p2|Raging Bolt|
|poke|p2|Barraskewda, M|
|poke|p2|Iron Treads|
|teampreview
|inactive|Battle timer is ON: inactive players will automatically lose when time's up. (requested by lianxiaonian)
|
|t:|1780985599
|teamsize|p1|6
|teamsize|p2|6
|start
|switch|p1a: Landorus|Landorus-Therian, M|100/100
|switch|p2a: 工具象|Iron Treads|100/100
|-item|p2a: 工具象|Air Balloon
|-ability|p1a: Landorus|Intimidate|boost
|-unboost|p2a: 工具象|atk|1
|turn|1
|
|t:|1780985608
|-end|p2a: 工具象|Quark Drive|[silent]
|switch|p2a: Pelipper|Pelipper, F, shiny|100/100
|-weather|RainDance|[from] ability: Drizzle|[of] p2a: Pelipper
|move|p1a: Landorus|U-turn|p2a: Pelipper
|-resisted|p2a: Pelipper
|-damage|p2a: Pelipper|91/100
|
|t:|1780985610
|switch|p1a: Slowking|Slowking-Galar, M, shiny|100/100|[from] U-turn
|
|-weather|RainDance|[upkeep]
|upkeep
|turn|2
|
|t:|1780985637
|switch|p2a: 工具象|Iron Treads|100/100
|-item|p2a: 工具象|Air Balloon
|-prepare|p1a: Slowking|Chilly Reception|[premajor]
|move|p1a: Slowking|Chilly Reception|p1a: Slowking
|-weather|Snowscape
|
|t:|1780985643
|switch|p1a: Cinderace|Cinderace, F|100/100|[from] Chilly Reception
|
|-weather|Snowscape|[upkeep]
|upkeep
|turn|3
|
|t:|1780985656
|-end|p2a: 工具象|Quark Drive|[silent]
|switch|p2a: Pelipper|Pelipper, F, shiny|91/100
|-weather|RainDance|[from] ability: Drizzle|[of] p2a: Pelipper
|move|p1a: Cinderace|U-turn|p2a: Pelipper
|-resisted|p2a: Pelipper
|-damage|p2a: Pelipper|85/100
|
|t:|1780985662
|switch|p1a: Slowking|Slowking-Galar, M, shiny|100/100|[from] U-turn
|
|-weather|RainDance|[upkeep]
|upkeep
|turn|4
|
|t:|1780985664
|move|p2a: Pelipper|U-turn|p1a: Slowking
|-damage|p1a: Slowking|91/100
|
|t:|1780985666
|switch|p2a: 工具象|Iron Treads|100/100|[from] U-turn
|-item|p2a: 工具象|Air Balloon
|-prepare|p1a: Slowking|Chilly Reception|[premajor]
|move|p1a: Slowking|Chilly Reception|p1a: Slowking
|-weather|Snowscape
|
|t:|1780985670
|switch|p1a: Cinderace|Cinderace, F|100/100|[from] Chilly Reception
|
|-weather|Snowscape|[upkeep]
|upkeep
|turn|5
|
|t:|1780985673
|-end|p2a: 工具象|Quark Drive|[silent]
|switch|p2a: Pelipper|Pelipper, F, shiny|85/100
|-weather|RainDance|[from] ability: Drizzle|[of] p2a: Pelipper
|move|p1a: Cinderace|U-turn|p2a: Pelipper
|-resisted|p2a: Pelipper
|-damage|p2a: Pelipper|78/100
|
|t:|1780985676
|switch|p1a: Slowking|Slowking-Galar, M, shiny|100/100|[from] U-turn
|
|-weather|RainDance|[upkeep]
|upkeep
|turn|6
|
|t:|1780985678
|move|p2a: Pelipper|U-turn|p1a: Slowking
|-crit|p1a: Slowking
|-damage|p1a: Slowking|85/100
|
|t:|1780985680
|switch|p2a: 工具象|Iron Treads|100/100|[from] U-turn
|-item|p2a: 工具象|Air Balloon
|-prepare|p1a: Slowking|Chilly Reception|[premajor]
|move|p1a: Slowking|Chilly Reception|p1a: Slowking
|-weather|Snowscape
|
|t:|1780985683
|switch|p1a: Cinderace|Cinderace, F|100/100|[from] Chilly Reception
|
|-weather|Snowscape|[upkeep]
|upkeep
|turn|7
|
|t:|1780985686
|-end|p2a: 工具象|Quark Drive|[silent]
|switch|p2a: Pelipper|Pelipper, F, shiny|78/100
|-weather|RainDance|[from] ability: Drizzle|[of] p2a: Pelipper
|move|p1a: Cinderace|U-turn|p2a: Pelipper
|-resisted|p2a: Pelipper
|-damage|p2a: Pelipper|70/100
|
|t:|1780985689
|switch|p1a: Slowking|Slowking-Galar, M, shiny|100/100|[from] U-turn
|
|-weather|RainDance|[upkeep]
|upkeep
|turn|8
|
|t:|1780985692
|move|p2a: Pelipper|U-turn|p1a: Slowking
|-damage|p1a: Slowking|92/100
|
|t:|1780985693
|switch|p2a: 工具象|Iron Treads|100/100|[from] U-turn
|-item|p2a: 工具象|Air Balloon
|-prepare|p1a: Slowking|Chilly Reception|[premajor]
|move|p1a: Slowking|Chilly Reception|p1a: Slowking
|-weather|Snowscape
|
|t:|1780985713
|switch|p1a: Cinderace|Cinderace, F|100/100|[from] Chilly Reception
|
|-weather|Snowscape|[upkeep]
|upkeep
|turn|9
|
|t:|1780985715
|-end|p2a: 工具象|Quark Drive|[silent]
|switch|p2a: Pelipper|Pelipper, F, shiny|70/100
|-weather|RainDance|[from] ability: Drizzle|[of] p2a: Pelipper
|move|p1a: Cinderace|U-turn|p2a: Pelipper
|-resisted|p2a: Pelipper
|-damage|p2a: Pelipper|63/100
|
|t:|1780985745
|switch|p1a: Kyurem|Kyurem|100/100|[from] U-turn
|-ability|p1a: Kyurem|Pressure
|
|-weather|RainDance|[upkeep]
|upkeep
|turn|10
|
|t:|1780985748
|switch|p2a: 工具帽|Hatterene, F, shiny|100/100
|move|p1a: Kyurem|Substitute|p1a: Kyurem
|-start|p1a: Kyurem|Substitute
|-damage|p1a: Kyurem|76/100
|
|-weather|RainDance|[upkeep]
|-heal|p1a: Kyurem|82/100|[from] item: Leftovers
|upkeep
|turn|11
|
|t:|1780985751
|move|p1a: Kyurem|Freeze-Dry|p2a: 工具帽
|-damage|p2a: 工具帽|67/100
|-enditem|p2a: 工具帽|Eject Button
|
|t:|1780985755
|switch|p2a: 工具象|Iron Treads|100/100
|-item|p2a: 工具象|Air Balloon
|
|-weather|RainDance|[upkeep]
|-heal|p1a: Kyurem|88/100|[from] item: Leftovers
|upkeep
|turn|12
|
|t:|1780985767
|move|p2a: 工具象|Earthquake|p1a: Kyurem
|-end|p1a: Kyurem|Substitute
|move|p1a: Kyurem|Freeze-Dry|p2a: 工具象
|-damage|p2a: 工具象|55/100
|-enditem|p2a: 工具象|Air Balloon
|
|-weather|RainDance|[upkeep]
|-heal|p1a: Kyurem|94/100|[from] item: Leftovers
|upkeep
|turn|13
|
|t:|1780985773
|switch|p1a: Landorus|Landorus-Therian, M|100/100
|-ability|p1a: Landorus|Intimidate|boost
|-unboost|p2a: 工具象|atk|1
|move|p2a: 工具象|Earthquake|p1a: Landorus
|-immune|p1a: Landorus
|
|-weather|RainDance|[upkeep]
|upkeep
|turn|14
|
|t:|1780985779
|move|p2a: 工具象|Ice Spinner|p1a: Landorus
|-supereffective|p1a: Landorus
|-damage|p1a: Landorus|36/100
|-damage|p2a: 工具象|38/100|[from] item: Rocky Helmet|[of] p1a: Landorus
|move|p1a: Landorus|U-turn|p2a: 工具象
|-resisted|p2a: 工具象
|-damage|p2a: 工具象|29/100
|
|t:|1780985784
|switch|p1a: Cinderace|Cinderace, F|100/100|[from] U-turn
|
|-weather|RainDance|[upkeep]
|upkeep
|turn|15
|
|t:|1780985790
|-end|p2a: 工具象|Quark Drive|[silent]
|switch|p2a: 最快的男人|Barraskewda, M, shiny|100/100
|move|p1a: Cinderace|U-turn|p2a: 最快的男人
|-damage|p2a: 最快的男人|63/100
|
|t:|1780985800
|switch|p1a: Landorus|Landorus-Therian, M|36/100|[from] U-turn
|-ability|p1a: Landorus|Intimidate|boost
|-unboost|p2a: 最快的男人|atk|1
|
|-weather|RainDance|[upkeep]
|upkeep
|turn|16
|
|t:|1780985803
|switch|p1a: Kyurem|Kyurem|94/100
|-ability|p1a: Kyurem|Pressure
|move|p2a: 最快的男人|Flip Turn|p1a: Kyurem
|-resisted|p1a: Kyurem
|-damage|p1a: Kyurem|72/100
|
|t:|1780985807
|switch|p2a: 工具象|Iron Treads|29/100|[from] Flip Turn
|
|-weather|none
|-heal|p1a: Kyurem|79/100|[from] item: Leftovers
|upkeep
|turn|17
|
|t:|1780985813
|move|p2a: 工具象|Earthquake|p1a: Kyurem
|-damage|p1a: Kyurem|32/100
|move|p1a: Kyurem|Freeze-Dry|p2a: 工具象
|-damage|p2a: 工具象|0 fnt
|faint|p2a: 工具象
|-end|p2a: 工具象|Quark Drive|[silent]
|
|-heal|p1a: Kyurem|39/100|[from] item: Leftovers
|upkeep
|
|t:|1780985816
|switch|p2a: 最快的男人|Barraskewda, M, shiny|63/100
|turn|18
|
|t:|1780985824
|-terastallize|p2a: 最快的男人|Water
|move|p2a: 最快的男人|Liquidation|p1a: Kyurem
|-resisted|p1a: Kyurem
|-damage|p1a: Kyurem|0 fnt
|faint|p1a: Kyurem
|
|upkeep
|
|t:|1780985850
|switch|p1a: Kingambit|Kingambit, F|100/100
|-activate|p1a: Kingambit|ability: Supreme Overlord
|-start|p1a: Kingambit|fallen1|[silent]
|turn|19
|
|t:|1780985860
|-end|p1a: Kingambit|fallen1|[silent]
|switch|p1a: Slowking|Slowking-Galar, M, shiny|100/100
|move|p2a: 最快的男人|Liquidation|p1a: Slowking
|-damage|p1a: Slowking|3/100
|
|upkeep
|turn|20
|-message|U_Quokka forfeited.
|
|win|lianxiaonian
|raw|U_Quokka's rating: 1590 &rarr; <strong>1574</strong><br />(-16 for losing)
|raw|lianxiaonian's rating: 1660 &rarr; <strong>1676</strong><br />(+16 for winning)
|l|☆U_Quokka
|player|p1|
|l|☆lianxiaonian
|player|p2|
