|j|☆Joegirl
|j|☆sunwukongftw
|t:|1781118836
|gametype|singles
|player|p1|Joegirl|1|1543
|player|p2|sunwukongftw|265|1609
|gen|9
|tier|[Gen 9] OU
|rated|
|rule|HP Percentage Mod: HP is shown in percentages
|rule|Endless Battle Clause: Forcing endless battles is banned
|rule|Species Clause: Limit one of each Pokémon
|rule|OHKO Clause: OHKO moves are banned
|rule|Evasion Items Clause: Evasion items are banned
|rule|Evasion Moves Clause: Evasion moves are banned
|rule|Evasion Abilities Clause: Evasion abilities are banned
|rule|Sleep Moves Clause: Sleep-inducing moves are banned
|clearpoke
|poke|p1|Hatterene, F|
|poke|p1|Oricorio-Pom-Pom, F|
|poke|p1|Grimmsnarl, M|
|poke|p1|Cinderace, M|
|poke|p1|Gliscor, M|
|poke|p1|Dragonite, M|
|poke|p2|Torkoal, M|
|poke|p2|Walking Wake|
|poke|p2|Iron Moth|
|poke|p2|Landorus-Therian, M|
|poke|p2|Hatterene, F|
|poke|p2|Slither Wing|
|teampreview
|inactive|Battle timer is ON: inactive players will automatically lose when time's up. (requested by Joegirl)
|
|t:|1781118844
|teamsize|p1|6
|teamsize|p2|6
|start
|switch|p1a: Grimmsnarl|Grimmsnarl, M|100/100
|switch|p2a: Torkoal|Torkoal, M|100/100
|-weather|SunnyDay|[from] ability: Drought|[of] p2a: Torkoal
|turn|1
|
|t:|1781118857
|switch|p2a: Hatterene|Hatterene, F|100/100
|move|p1a: Grimmsnarl|Taunt|p2a: Hatterene
|move|p2a: Hatterene|Taunt|p1a: Grimmsnarl|[from] ability: Magic Bounce
|-start|p1a: Grimmsnarl|move: Taunt
|
|-weather|SunnyDay|[upkeep]
|upkeep
|turn|2
|
|t:|1781118870
|switch|p1a: Cinderace|Cinderace, M|100/100
|move|p2a: Hatterene|Psychic Noise|p1a: Cinderace
|-damage|p1a: Cinderace|61/100
|-start|p1a: Cinderace|move: Heal Block
|
|-weather|SunnyDay|[upkeep]
|upkeep
|turn|3
|
|t:|1781118882
|move|p1a: Cinderace|U-turn|p2a: Hatterene
|-start|p1a: Cinderace|typechange|Bug|[from] ability: Libero
|-damage|p2a: Hatterene|79/100
|-enditem|p2a: Hatterene|Eject Button
|
|t:|1781118890
|switch|p2a: Walking Wake|Walking Wake|100/100
|-activate|p2a: Walking Wake|ability: Protosynthesis
|-start|p2a: Walking Wake|protosynthesisspe
|
|-weather|SunnyDay|[upkeep]
|-end|p1a: Cinderace|move: Heal Block
|upkeep
|turn|4
|
|t:|1781118894
|switch|p1a: Grimmsnarl|Grimmsnarl, M|100/100
|move|p2a: Walking Wake|Hydro Steam|p1a: Grimmsnarl
|-damage|p1a: Grimmsnarl|9/100
|
|-weather|SunnyDay|[upkeep]
|upkeep
|turn|5
|
|t:|1781118904
|-end|p2a: Walking Wake|Protosynthesis|[silent]
|switch|p2a: Hatterene|Hatterene, F|79/100
|move|p1a: Grimmsnarl|Light Screen|p1a: Grimmsnarl
|-sidestart|p1: Joegirl|move: Light Screen
|
|-weather|SunnyDay|[upkeep]
|upkeep
|turn|6
|
|t:|1781118928
|move|p1a: Grimmsnarl|Reflect|p1a: Grimmsnarl
|-sidestart|p1: Joegirl|Reflect
|move|p2a: Hatterene|Dazzling Gleam|p1a: Grimmsnarl
|-supereffective|p1a: Grimmsnarl
|-damage|p1a: Grimmsnarl|0 fnt
|faint|p1a: Grimmsnarl
|
|-weather|SunnyDay|[upkeep]
|upkeep
|
|t:|1781118932
|switch|p1a: Gliscor|Gliscor, M|100/100
|turn|7
|
|t:|1781118945
|-terastallize|p1a: Gliscor|Normal
|move|p1a: Gliscor|Agility|p1a: Gliscor
|-boost|p1a: Gliscor|spe|2
|move|p2a: Hatterene|Psychic Noise|p1a: Gliscor
|-damage|p1a: Gliscor|80/100
|-start|p1a: Gliscor|move: Heal Block
|
|-weather|SunnyDay|[upkeep]
|-status|p1a: Gliscor|tox|[from] item: Toxic Orb
|upkeep
|turn|8
|
|t:|1781118954
|switch|p2a: Landorus|Landorus-Therian, M|100/100
|-ability|p2a: Landorus|Intimidate|boost
|-unboost|p1a: Gliscor|atk|1
|move|p1a: Gliscor|Swords Dance|p1a: Gliscor
|-boost|p1a: Gliscor|atk|2
|
|-weather|none
|-end|p1a: Gliscor|move: Heal Block
|upkeep
|turn|9
|
|t:|1781118961
|move|p1a: Gliscor|Swords Dance|p1a: Gliscor
|-boost|p1a: Gliscor|atk|2
|move|p2a: Landorus|U-turn|p1a: Gliscor
|-damage|p1a: Gliscor|69/100 tox
|
|t:|1781118964
|switch|p2a: Hatterene|Hatterene, F|79/100|[from] U-turn
|
|-heal|p1a: Gliscor|81/100 tox|[from] ability: Poison Heal
|upkeep
|turn|10
|
|t:|1781118984
|move|p1a: Gliscor|Swords Dance|p1a: Gliscor
|-boost|p1a: Gliscor|atk|2
|move|p2a: Hatterene|Psychic Noise|p1a: Gliscor
|-crit|p1a: Gliscor
|-damage|p1a: Gliscor|19/100 tox
|-start|p1a: Gliscor|move: Heal Block
|
|upkeep
|turn|11
|
|t:|1781118991
|move|p1a: Gliscor|Facade|p2a: Hatterene
|-damage|p2a: Hatterene|0 fnt
|faint|p2a: Hatterene
|
|-end|p1a: Gliscor|move: Heal Block
|upkeep
|
|t:|1781118994
|switch|p2a: Slither Wing|Slither Wing|100/100
|turn|12
|
|t:|1781119000
|move|p2a: Slither Wing|First Impression|p1a: Gliscor
|-damage|p1a: Gliscor|0 fnt
|faint|p1a: Gliscor
|
|-sideend|p1: Joegirl|move: Light Screen
|upkeep
|
|t:|1781119005
|switch|p1a: Dragonite|Dragonite, M|100/100
|turn|13
|
|t:|1781119009
|move|p2a: Slither Wing|U-turn|p1a: Dragonite
|-resisted|p1a: Dragonite
|-damage|p1a: Dragonite|95/100
|j| silver jay#2240
|
|t:|1781119015
|-end|p2a: Slither Wing|Protosynthesis|[silent]
|switch|p2a: Torkoal|Torkoal, M|100/100|[from] U-turn
|-weather|SunnyDay|[from] ability: Drought|[of] p2a: Torkoal
|move|p1a: Dragonite|Dragon Dance|p1a: Dragonite
|-boost|p1a: Dragonite|atk|1
|-boost|p1a: Dragonite|spe|1
|
|-weather|SunnyDay|[upkeep]
|-sideend|p1: Joegirl|Reflect
|upkeep
|turn|14
|
|t:|1781119020
|move|p1a: Dragonite|Scale Shot|p2a: Torkoal
|-damage|p2a: Torkoal|88/100
|-damage|p2a: Torkoal|75/100
|-damage|p2a: Torkoal|63/100
|-damage|p2a: Torkoal|50/100
|-hitcount|p2a: Torkoal|4
|-unboost|p1a: Dragonite|def|1
|-boost|p1a: Dragonite|spe|1
|move|p2a: Torkoal|Will-O-Wisp|p1a: Dragonite|[miss]
|-miss|p2a: Torkoal|p1a: Dragonite
|
|-weather|SunnyDay|[upkeep]
|upkeep
|turn|15
|
|t:|1781119031
|switch|p2a: Landorus|Landorus-Therian, M|100/100
|-ability|p2a: Landorus|Intimidate|boost
|-unboost|p1a: Dragonite|atk|1
|move|p1a: Dragonite|Scale Shot|p2a: Landorus
|-damage|p2a: Landorus|81/100
|-damage|p2a: Landorus|64/100
|-crit|p2a: Landorus
|-damage|p2a: Landorus|37/100
|-damage|p2a: Landorus|19/100
|-hitcount|p2a: Landorus|4
|-unboost|p1a: Dragonite|def|1
|-boost|p1a: Dragonite|spe|1
|
|-weather|SunnyDay|[upkeep]
|upkeep
|turn|16
|
|t:|1781119037
|move|p1a: Dragonite|Scale Shot|p2a: Landorus
|-damage|p2a: Landorus|0 fnt
|faint|p2a: Landorus
|-hitcount|p2: Landorus|1
|-unboost|p1a: Dragonite|def|1
|-boost|p1a: Dragonite|spe|1
|
|-weather|SunnyDay|[upkeep]
|upkeep
|
|t:|1781119051
|switch|p2a: Slither Wing|Slither Wing|100/100
|-activate|p2a: Slither Wing|ability: Protosynthesis
|-start|p2a: Slither Wing|protosynthesisatk
|turn|17
|
|t:|1781119057
|switch|p1a: Cinderace|Cinderace, M|61/100
|-terastallize|p2a: Slither Wing|Ground
|move|p2a: Slither Wing|Close Combat|p1a: Cinderace
|-damage|p1a: Cinderace|0 fnt
|-unboost|p2a: Slither Wing|def|1
|-unboost|p2a: Slither Wing|spd|1
|faint|p1a: Cinderace
|
|-weather|SunnyDay|[upkeep]
|upkeep
|
|t:|1781119070
|switch|p1a: Oricorio|Oricorio-Pom-Pom, F|100/100
|turn|18
|
|t:|1781119090
|move|p2a: Slither Wing|U-turn|p1a: Oricorio
|-resisted|p1a: Oricorio
|-damage|p1a: Oricorio|79/100
|
|t:|1781119093
|-end|p2a: Slither Wing|Protosynthesis|[silent]
|switch|p2a: Walking Wake|Walking Wake|100/100|[from] U-turn
|-activate|p2a: Walking Wake|ability: Protosynthesis
|-start|p2a: Walking Wake|protosynthesisspe
|move|p1a: Oricorio|Quiver Dance|p1a: Oricorio
|-boost|p1a: Oricorio|spa|1
|-boost|p1a: Oricorio|spd|1
|-boost|p1a: Oricorio|spe|1
|
|-weather|SunnyDay|[upkeep]
|upkeep
|turn|19
|
|t:|1781119103
|move|p2a: Walking Wake|Hydro Steam|p1a: Oricorio
|-damage|p1a: Oricorio|3/100
|move|p1a: Oricorio|Quiver Dance|p1a: Oricorio
|-boost|p1a: Oricorio|spa|1
|-boost|p1a: Oricorio|spd|1
|-boost|p1a: Oricorio|spe|1
|
|-weather|SunnyDay|[upkeep]
|upkeep
|turn|20
|
|t:|1781119113
|-end|p2a: Walking Wake|Protosynthesis|[silent]
|switch|p2a: Slither Wing|Slither Wing, tera:Ground|100/100
|-activate|p2a: Slither Wing|ability: Protosynthesis
|-start|p2a: Slither Wing|protosynthesisatk
|move|p1a: Oricorio|Revelation Dance|p2a: Slither Wing
|-immune|p2a: Slither Wing
|
|-weather|none
|-end|p2a: Slither Wing|Protosynthesis
|upkeep
|turn|21
|
|t:|1781119123
|move|p2a: Slither Wing|First Impression|p1a: Oricorio
|-resisted|p1a: Oricorio
|-damage|p1a: Oricorio|0 fnt
|faint|p1a: Oricorio
|
|upkeep
|
|t:|1781119125
|switch|p1a: Hatterene|Hatterene, F|100/100
|turn|22
|
|t:|1781119131
|move|p2a: Slither Wing|U-turn|p1a: Hatterene
|-damage|p1a: Hatterene|65/100
|
|t:|1781119135
|-end|p2a: Slither Wing|Protosynthesis|[silent]
|switch|p2a: Torkoal|Torkoal, M|50/100|[from] U-turn
|-weather|SunnyDay|[from] ability: Drought|[of] p2a: Torkoal
|move|p1a: Hatterene|Calm Mind|p1a: Hatterene
|-boost|p1a: Hatterene|spa|1
|-boost|p1a: Hatterene|spd|1
|
|-weather|SunnyDay|[upkeep]
|upkeep
|turn|23
|
|t:|1781119152
|move|p1a: Hatterene|Calm Mind|p1a: Hatterene
|-boost|p1a: Hatterene|spa|1
|-boost|p1a: Hatterene|spd|1
|move|p2a: Torkoal|Lava Plume|p1a: Hatterene
|-damage|p1a: Hatterene|46/100
|
|-weather|SunnyDay|[upkeep]
|upkeep
|turn|24
|
|t:|1781119159
|move|p1a: Hatterene|Calm Mind|p1a: Hatterene
|-boost|p1a: Hatterene|spa|1
|-boost|p1a: Hatterene|spd|1
|move|p2a: Torkoal|Lava Plume|p1a: Hatterene
|-damage|p1a: Hatterene|30/100
|
|-weather|SunnyDay|[upkeep]
|upkeep
|turn|25
|
|t:|1781119163
|move|p1a: Hatterene|Draining Kiss|p2a: Torkoal
|-resisted|p2a: Torkoal
|-damage|p2a: Torkoal|14/100
|-heal|p1a: Hatterene|60/100|[from] drain|[of] p2a: Torkoal
|move|p2a: Torkoal|Lava Plume|p1a: Hatterene
|-damage|p1a: Hatterene|45/100
|
|-weather|SunnyDay|[upkeep]
|upkeep
|turn|26
|
|t:|1781119166
|move|p1a: Hatterene|Draining Kiss|p2a: Torkoal
|-resisted|p2a: Torkoal
|-damage|p2a: Torkoal|0 fnt
|-heal|p1a: Hatterene|56/100|[from] drain|[of] p2a: Torkoal
|faint|p2a: Torkoal
|
|-weather|SunnyDay|[upkeep]
|upkeep
|
|t:|1781119173
|switch|p2a: Slither Wing|Slither Wing, tera:Ground|100/100
|-activate|p2a: Slither Wing|ability: Protosynthesis
|-start|p2a: Slither Wing|protosynthesisatk
|turn|27
|
|t:|1781119177
|move|p2a: Slither Wing|Earthquake|p1a: Hatterene
|-damage|p1a: Hatterene|0 fnt
|faint|p1a: Hatterene
|
|-weather|SunnyDay|[upkeep]
|upkeep
|
|t:|1781119180
|switch|p1a: Dragonite|Dragonite, M|95/100
|turn|28
|
|t:|1781119186
|move|p2a: Slither Wing|U-turn|p1a: Dragonite
|-resisted|p1a: Dragonite
|-damage|p1a: Dragonite|66/100
|
|t:|1781119189
|-end|p2a: Slither Wing|Protosynthesis|[silent]
|switch|p2a: Walking Wake|Walking Wake|100/100|[from] U-turn
|-activate|p2a: Walking Wake|ability: Protosynthesis
|-start|p2a: Walking Wake|protosynthesisspe
|move|p1a: Dragonite|Dragon Dance|p1a: Dragonite
|-boost|p1a: Dragonite|atk|1
|-boost|p1a: Dragonite|spe|1
|
|-weather|SunnyDay|[upkeep]
|upkeep
|turn|29
|
|t:|1781119192
|move|p2a: Walking Wake|Dragon Pulse|p1a: Dragonite
|-supereffective|p1a: Dragonite
|-damage|p1a: Dragonite|0 fnt
|faint|p1a: Dragonite
|
|win|sunwukongftw
|raw|Joegirl's rating: 1543 &rarr; <strong>1527</strong><br />(-16 for losing)
|raw|sunwukongftw's rating: 1609 &rarr; <strong>1625</strong><br />(+16 for winning)
|l|☆Joegirl
|player|p1|
|l| silver jay#2240
|l|☆sunwukongftw
|player|p2|
