|j|☆Railio
|j|☆runningdan
|t:|1781329868
|gametype|singles
|player|p1|Railio|102|1496
|player|p2|runningdan|266|1606
|gen|9
|tier|[Gen 9] OU
|rated|
|rule|HP Percentage Mod: HP is shown in percentages
|rule|Endless Battle Clause: Forcing endless battles is banned
|rule|Species Clause: Limit one of each Pokémon
|rule|OHKO Clause: OHKO moves are banned
|rule|Evasion Items Clause: Evasion items are banned
|rule|Evasion Moves Clause: Evasion moves are banned
|rule|Evasion Abilities Clause: Evasion abilities are banned
|rule|Sleep Moves Clause: Sleep-inducing moves are banned
|clearpoke
|poke|p1|Hoopa-Unbound|
|poke|p1|Hatterene, F|
|poke|p1|Ursaluna, M|
|poke|p1|Kingambit, F|
|poke|p1|Indeedee, M|
|poke|p1|Raging Bolt|
|poke|p2|Great Tusk|
|poke|p2|Ninetales-Alola, M|
|poke|p2|Darkrai|
|poke|p2|Slowking-Galar, F|
|poke|p2|Dragapult, M|
|poke|p2|Gliscor, M|
|teampreview
|inactive|Battle timer is ON: inactive players will automatically lose when time's up. (requested by Railio)
|inactive|runningdan also wants the timer to be on.
|inactive|runningdan has 120 seconds left.
|inactive|runningdan has 90 seconds left.
|
|t:|1781329930
|teamsize|p1|6
|teamsize|p2|6
|start
|switch|p1a: Hatterene|Hatterene, F|100/100
|switch|p2a: Dragapult|Dragapult, M|100/100
|turn|1
|
|t:|1781329935
|move|p2a: Dragapult|U-turn|p1a: Hatterene
|-damage|p1a: Hatterene|80/100
|
|t:|1781329940
|switch|p2a: Slowking|Slowking-Galar, F|100/100|[from] U-turn
|move|p1a: Hatterene|Trick Room|p1a: Hatterene
|-fieldstart|move: Trick Room|[of] p1a: Hatterene
|
|upkeep
|turn|2
|
|t:|1781329949
|switch|p1a: Ursaluna|Ursaluna, M|100/100
|move|p2a: Slowking|Sludge Bomb|p1a: Ursaluna
|-resisted|p1a: Ursaluna
|-damage|p1a: Ursaluna|85/100
|
|-status|p1a: Ursaluna|brn|[from] item: Flame Orb
|upkeep
|turn|3
|
|t:|1781329962
|switch|p2a: Gliscor|Gliscor, M|100/100
|move|p1a: Ursaluna|Facade|p2a: Gliscor
|-damage|p2a: Gliscor|27/100
|
|-damage|p1a: Ursaluna|79/100 brn|[from] brn
|-status|p2a: Gliscor|tox|[from] item: Toxic Orb
|upkeep
|turn|4
|
|t:|1781329971
|move|p2a: Gliscor|Protect|p2a: Gliscor
|-singleturn|p2a: Gliscor|Protect
|move|p1a: Ursaluna|Ice Punch|p2a: Gliscor
|-activate|p2a: Gliscor|move: Protect
|
|-heal|p2a: Gliscor|39/100 tox|[from] ability: Poison Heal
|-damage|p1a: Ursaluna|73/100 brn|[from] brn
|upkeep
|turn|5
|
|t:|1781329980
|switch|p2a: Great Tusk|Great Tusk|100/100
|move|p1a: Ursaluna|Ice Punch|p2a: Great Tusk
|-supereffective|p2a: Great Tusk
|-crit|p2a: Great Tusk
|-damage|p2a: Great Tusk|35/100
|
|-heal|p2a: Great Tusk|41/100|[from] item: Leftovers
|-damage|p1a: Ursaluna|67/100 brn|[from] brn
|-fieldend|move: Trick Room
|upkeep
|turn|6
|
|t:|1781329990
|switch|p1a: Hatterene|Hatterene, F|80/100
|move|p2a: Great Tusk|Ice Spinner|p1a: Hatterene
|-damage|p1a: Hatterene|52/100
|
|-heal|p2a: Great Tusk|47/100|[from] item: Leftovers
|upkeep
|turn|7
|
|t:|1781329997
|move|p2a: Great Tusk|Earthquake|p1a: Hatterene
|-crit|p1a: Hatterene
|-damage|p1a: Hatterene|0 fnt
|faint|p1a: Hatterene
|
|-heal|p2a: Great Tusk|54/100|[from] item: Leftovers
|upkeep
|
|t:|1781330002
|switch|p1a: Indeedee|Indeedee, M|100/100
|-fieldstart|move: Psychic Terrain|[from] ability: Psychic Surge|[of] p1a: Indeedee
|turn|8
|
|t:|1781330006
|move|p2a: Great Tusk|Earthquake|p1a: Indeedee
|-damage|p1a: Indeedee|23/100
|move|p1a: Indeedee|Trick Room|p1a: Indeedee
|-fieldstart|move: Trick Room|[of] p1a: Indeedee
|
|-heal|p2a: Great Tusk|60/100|[from] item: Leftovers
|upkeep
|turn|9
|
|t:|1781330014
|-end|p2a: Great Tusk|Protosynthesis|[silent]
|switch|p2a: Slowking|Slowking-Galar, F|100/100
|move|p1a: Indeedee|Dazzling Gleam|p2a: Slowking
|-resisted|p2a: Slowking
|-damage|p2a: Slowking|93/100
|
|-heal|p2a: Slowking|99/100|[from] item: Leftovers
|upkeep
|turn|10
|
|t:|1781330023
|-prepare|p2a: Slowking|Chilly Reception|[premajor]
|move|p2a: Slowking|Chilly Reception|p2a: Slowking
|-weather|Snowscape
|
|t:|1781330026
|switch|p2a: Ninetales|Ninetales-Alola, M|100/100|[from] Chilly Reception
|move|p1a: Indeedee|Healing Wish|p1a: Indeedee
|faint|p1a: Indeedee
|
|-weather|Snowscape|[upkeep]
|upkeep
|
|t:|1781330029
|switch|p1a: Kingambit|Kingambit, F|100/100
|-activate|p1a: Kingambit|ability: Supreme Overlord
|-start|p1a: Kingambit|fallen2|[silent]
|turn|11
|
|t:|1781330045
|move|p1a: Kingambit|Iron Head|p2a: Ninetales
|-supereffective|p2a: Ninetales
|-damage|p2a: Ninetales|0 fnt
|faint|p2a: Ninetales
|
|-weather|Snowscape|[upkeep]
|upkeep
|
|t:|1781330058
|switch|p2a: Slowking|Slowking-Galar, F|100/100
|turn|12
|
|t:|1781330061
|switch|p2a: Gliscor|Gliscor, M|39/100 tox
|move|p1a: Kingambit|Kowtow Cleave|p2a: Gliscor
|-damage|p2a: Gliscor|0 fnt
|faint|p2a: Gliscor
|
|-weather|Snowscape|[upkeep]
|-fieldend|move: Trick Room
|-fieldend|move: Psychic Terrain
|upkeep
|
|t:|1781330069
|switch|p2a: Darkrai|Darkrai|100/100
|turn|13
|
|t:|1781330079
|-end|p1a: Kingambit|fallen2|[silent]
|switch|p1a: Raging Bolt|Raging Bolt|100/100
|-enditem|p1a: Raging Bolt|Booster Energy
|-activate|p1a: Raging Bolt|ability: Protosynthesis|[fromitem]
|-start|p1a: Raging Bolt|protosynthesisspa
|move|p2a: Darkrai|Focus Blast|p1a: Raging Bolt
|-damage|p1a: Raging Bolt|67/100
|
|-weather|Snowscape|[upkeep]
|upkeep
|turn|14
|
|t:|1781330088
|move|p2a: Darkrai|Dark Pulse|p1a: Raging Bolt
|-damage|p1a: Raging Bolt|28/100
|move|p1a: Raging Bolt|Dragon Pulse|p2a: Darkrai
|-crit|p2a: Darkrai
|-damage|p2a: Darkrai|0 fnt
|faint|p2a: Darkrai
|
|-weather|none
|upkeep
|
|t:|1781330107
|switch|p2a: Slowking|Slowking-Galar, F|100/100
|turn|15
|
|t:|1781330111
|move|p1a: Raging Bolt|Dragon Pulse|p2a: Slowking
|-damage|p2a: Slowking|58/100
|move|p2a: Slowking|Sludge Bomb|p1a: Raging Bolt
|-damage|p1a: Raging Bolt|0 fnt
|faint|p1a: Raging Bolt
|-end|p1a: Raging Bolt|Protosynthesis|[silent]
|
|-heal|p2a: Slowking|64/100|[from] item: Leftovers
|upkeep
|
|t:|1781330115
|switch|p1a: Hoopa|Hoopa-Unbound|100/100
|turn|16
|
|t:|1781330123
|move|p2a: Slowking|Sludge Bomb|p1a: Hoopa
|-damage|p1a: Hoopa|72/100
|move|p1a: Hoopa|Trick Room|p1a: Hoopa
|-fieldstart|move: Trick Room|[of] p1a: Hoopa
|
|-heal|p2a: Slowking|70/100|[from] item: Leftovers
|-heal|p1a: Hoopa|79/100|[from] item: Leftovers
|upkeep
|turn|17
|
|t:|1781330128
|move|p2a: Slowking|Sludge Bomb|p1a: Hoopa
|-damage|p1a: Hoopa|49/100
|-status|p1a: Hoopa|psn
|move|p1a: Hoopa|Psychic|p2a: Slowking
|-damage|p2a: Slowking|29/100
|
|-heal|p2a: Slowking|35/100|[from] item: Leftovers
|-heal|p1a: Hoopa|55/100 psn|[from] item: Leftovers
|-damage|p1a: Hoopa|42/100 psn|[from] psn
|upkeep
|turn|18
|
|t:|1781330153
|switch|p2a: Dragapult|Dragapult, M|100/100
|move|p1a: Hoopa|Psychic|p2a: Dragapult
|-damage|p2a: Dragapult|11/100
|-unboost|p2a: Dragapult|spd|1
|
|-heal|p1a: Hoopa|48/100 psn|[from] item: Leftovers
|-damage|p1a: Hoopa|36/100 psn|[from] psn
|upkeep
|turn|19
|
|t:|1781330168
|move|p1a: Hoopa|Psychic|p2a: Dragapult
|-damage|p2a: Dragapult|0 fnt
|faint|p2a: Dragapult
|
|-heal|p1a: Hoopa|42/100 psn|[from] item: Leftovers
|-damage|p1a: Hoopa|30/100 psn|[from] psn
|upkeep
|
|t:|1781330173
|switch|p2a: Slowking|Slowking-Galar, F|68/100
|turn|20
|
|t:|1781330178
|move|p2a: Slowking|Sludge Bomb|p1a: Hoopa
|-damage|p1a: Hoopa|1/100 psn
|move|p1a: Hoopa|Hyperspace Fury|p2a: Slowking
|-supereffective|p2a: Slowking
|-damage|p2a: Slowking|0 fnt
|-unboost|p1a: Hoopa|def|1
|faint|p2a: Slowking
|
|-heal|p1a: Hoopa|7/100 psn|[from] item: Leftovers
|-damage|p1a: Hoopa|0 fnt|[from] psn
|faint|p1a: Hoopa
|-fieldend|move: Trick Room
|upkeep
|
|t:|1781330186
|switch|p1a: Ursaluna|Ursaluna, M|67/100 brn
|switch|p2a: Great Tusk|Great Tusk|60/100
|-heal|p1a: Ursaluna|100/100|[from] move: Healing Wish
|turn|21
|
|t:|1781330197
|-terastallize|p1a: Ursaluna|Ghost
|move|p2a: Great Tusk|Bulk Up|p2a: Great Tusk
|-boost|p2a: Great Tusk|atk|1
|-boost|p2a: Great Tusk|def|1
|move|p1a: Ursaluna|Ice Punch|p2a: Great Tusk
|-supereffective|p2a: Great Tusk
|-damage|p2a: Great Tusk|39/100
|
|-heal|p2a: Great Tusk|45/100|[from] item: Leftovers
|-status|p1a: Ursaluna|brn|[from] item: Flame Orb
|upkeep
|turn|22
|inactive|runningdan has 120 seconds left.
|
|t:|1781330230
|move|p2a: Great Tusk|Bulk Up|p2a: Great Tusk
|-boost|p2a: Great Tusk|atk|1
|-boost|p2a: Great Tusk|def|1
|move|p1a: Ursaluna|Facade|p2a: Great Tusk
|-damage|p2a: Great Tusk|11/100
|
|-heal|p2a: Great Tusk|17/100|[from] item: Leftovers
|-damage|p1a: Ursaluna|94/100 brn|[from] brn
|upkeep
|turn|23
|
|t:|1781330240
|move|p2a: Great Tusk|Earthquake|p1a: Ursaluna
|-damage|p1a: Ursaluna|30/100 brn
|move|p1a: Ursaluna|Facade|p2a: Great Tusk
|-damage|p2a: Great Tusk|0 fnt
|faint|p2a: Great Tusk
|-end|p2a: Great Tusk|Protosynthesis|[silent]
|
|win|Railio
|raw|Railio's rating: 1496 &rarr; <strong>1522</strong><br />(+26 for winning)
|raw|runningdan's rating: 1606 &rarr; <strong>1580</strong><br />(-26 for losing)
|l|☆Railio
|player|p1|
|l|☆runningdan
|player|p2|
