|j|☆vernost72
|j|☆jonuz
|t:|1781154523
|gametype|singles
|player|p1|vernost72|hoopster|1492
|player|p2|jonuz|170|1524
|gen|9
|tier|[Gen 9] OU
|rated|
|rule|HP Percentage Mod: HP is shown in percentages
|rule|Endless Battle Clause: Forcing endless battles is banned
|rule|Species Clause: Limit one of each Pokémon
|rule|OHKO Clause: OHKO moves are banned
|rule|Evasion Items Clause: Evasion items are banned
|rule|Evasion Moves Clause: Evasion moves are banned
|rule|Evasion Abilities Clause: Evasion abilities are banned
|rule|Sleep Moves Clause: Sleep-inducing moves are banned
|clearpoke
|poke|p1|Ursaluna, F|
|poke|p1|Ninetales-Alola, M|
|poke|p1|Iron Crown|
|poke|p1|Alomomola, M|
|poke|p1|Kyurem|
|poke|p1|Talonflame, M|
|poke|p2|Sinistcha|
|poke|p2|Samurott-Hisui, M|
|poke|p2|Clefable, F|
|poke|p2|Kingambit, M|
|poke|p2|Moltres|
|poke|p2|Dragapult, F|
|teampreview
|inactive|Battle timer is ON: inactive players will automatically lose when time's up. (requested by vernost72)
|
|t:|1781154541
|teamsize|p1|6
|teamsize|p2|6
|start
|switch|p1a: Iron Crown|Iron Crown|100/100
|switch|p2a: Moltres|Moltres|100/100
|turn|1
|
|t:|1781154549
|move|p1a: Iron Crown|Future Sight|p2a: Moltres
|-start|p1a: Iron Crown|move: Future Sight
|move|p2a: Moltres|Hurricane|p1a: Iron Crown|[miss]
|-miss|p2a: Moltres|p1a: Iron Crown
|
|upkeep
|turn|2
|
|t:|1781154552
|move|p1a: Iron Crown|Volt Switch|p2a: Moltres
|-supereffective|p2a: Moltres
|-damage|p2a: Moltres|54/100
|
|t:|1781154556
|-end|p1a: Iron Crown|Quark Drive|[silent]
|switch|p1a: Ursaluna|Ursaluna, F|100/100|[from] Volt Switch
|move|p2a: Moltres|Overheat|p1a: Ursaluna
|-damage|p1a: Ursaluna|50/100
|-unboost|p2a: Moltres|spa|2
|
|-status|p1a: Ursaluna|brn|[from] item: Flame Orb
|upkeep
|turn|3
|
|t:|1781154565
|move|p2a: Moltres|U-turn|p1a: Ursaluna
|-damage|p1a: Ursaluna|39/100 brn
|
|t:|1781154567
|switch|p2a: Kingambit|Kingambit, M|100/100|[from] U-turn
|move|p1a: Ursaluna|Drain Punch|p2a: Kingambit
|-supereffective|p2a: Kingambit
|-damage|p2a: Kingambit|0 fnt
|-heal|p1a: Ursaluna|82/100 brn|[from] drain|[of] p2a: Kingambit
|faint|p2a: Kingambit
|-end|p2a: Kingambit|fallenundefined|[silent]
|
|-hint|Future Sight did not hit because the target is fainted.
|-damage|p1a: Ursaluna|76/100 brn|[from] brn
|upkeep
|
|t:|1781154570
|switch|p2a: Samurott|Samurott-Hisui, M|100/100
|turn|4
|
|t:|1781154576
|switch|p1a: Iron Crown|Iron Crown|100/100
|move|p2a: Samurott|Razor Shell|p1a: Iron Crown
|-damage|p1a: Iron Crown|44/100
|-unboost|p1a: Iron Crown|def|1
|
|upkeep
|turn|5
|
|t:|1781154579
|move|p1a: Iron Crown|Volt Switch|p2a: Samurott
|-supereffective|p2a: Samurott
|-damage|p2a: Samurott|33/100
|
|t:|1781154582
|-end|p1a: Iron Crown|Quark Drive|[silent]
|switch|p1a: Ninetales|Ninetales-Alola, M|100/100|[from] Volt Switch
|-weather|Snowscape|[from] ability: Snow Warning|[of] p1a: Ninetales
|move|p2a: Samurott|Ceaseless Edge|p1a: Ninetales
|-resisted|p1a: Ninetales
|-damage|p1a: Ninetales|79/100
|-sidestart|p1: vernost72|Spikes
|
|-weather|Snowscape|[upkeep]
|upkeep
|turn|6
|
|t:|1781154586
|switch|p2a: Moltres|Moltres|54/100
|move|p1a: Ninetales|Aurora Veil|p1a: Ninetales
|-sidestart|p1: vernost72|move: Aurora Veil
|
|-weather|Snowscape|[upkeep]
|upkeep
|turn|7
|
|t:|1781154589
|switch|p1a: Alomomola|Alomomola, M|100/100
|move|p2a: Moltres|Roost|p2a: Moltres
|-heal|p2a: Moltres|100/100
|-singleturn|p2a: Moltres|move: Roost
|
|-weather|Snowscape|[upkeep]
|upkeep
|turn|8
|
|t:|1781154592
|move|p2a: Moltres|Hurricane|p1a: Alomomola
|-damage|p1a: Alomomola|75/100
|move|p1a: Alomomola|Flip Turn|p2a: Moltres
|-supereffective|p2a: Moltres
|-damage|p2a: Moltres|67/100
|
|t:|1781154597
|switch|p1a: Ursaluna|Ursaluna, F|76/100 brn|[from] Flip Turn
|-damage|p1a: Ursaluna|63/100 brn|[from] Spikes
|
|-weather|Snowscape|[upkeep]
|-damage|p1a: Ursaluna|57/100 brn|[from] brn
|upkeep
|turn|9
|
|t:|1781154605
|move|p2a: Moltres|U-turn|p1a: Ursaluna
|-damage|p1a: Ursaluna|52/100 brn
|
|t:|1781154607
|switch|p2a: Sinistcha|Sinistcha|100/100|[from] U-turn
|move|p1a: Ursaluna|Swords Dance|p1a: Ursaluna
|-boost|p1a: Ursaluna|atk|2
|
|-weather|none
|-damage|p1a: Ursaluna|45/100 brn|[from] brn
|upkeep
|turn|10
|
|t:|1781154612
|move|p2a: Sinistcha|Matcha Gotcha|p1a: Ursaluna
|-supereffective|p1a: Ursaluna
|-damage|p1a: Ursaluna|23/100 brn
|move|p1a: Ursaluna|Crunch|p2a: Sinistcha
|-supereffective|p2a: Sinistcha
|-damage|p2a: Sinistcha|0 fnt
|faint|p2a: Sinistcha
|
|-damage|p1a: Ursaluna|17/100 brn|[from] brn
|upkeep
|
|t:|1781154616
|switch|p2a: Samurott|Samurott-Hisui, M|33/100
|turn|11
|
|t:|1781154620
|switch|p1a: Alomomola|Alomomola, M|100/100
|move|p2a: Samurott|Razor Shell|p1a: Alomomola
|-resisted|p1a: Alomomola
|-damage|p1a: Alomomola|92/100
|-unboost|p1a: Alomomola|def|1
|
|upkeep
|turn|12
|
|t:|1781154622
|move|p2a: Samurott|Ceaseless Edge|p1a: Alomomola
|-damage|p1a: Alomomola|72/100
|-sidestart|p1: vernost72|Spikes
|move|p1a: Alomomola|Wish|p1a: Alomomola
|
|upkeep
|turn|13
|
|t:|1781154627
|move|p2a: Samurott|Knock Off|p1a: Alomomola
|-damage|p1a: Alomomola|50/100
|-enditem|p1a: Alomomola|Heavy-Duty Boots|[from] move: Knock Off|[of] p2a: Samurott
|move|p1a: Alomomola|Flip Turn|p2a: Samurott
|-resisted|p2a: Samurott
|-damage|p2a: Samurott|24/100
|
|t:|1781154628
|switch|p1a: Iron Crown|Iron Crown|44/100|[from] Flip Turn
|-damage|p1a: Iron Crown|28/100|[from] Spikes
|
|-heal|p1a: Iron Crown|99/100|[from] move: Wish|[wisher] Alomomola
|-sideend|p1: vernost72|move: Aurora Veil
|upkeep
|turn|14
|
|t:|1781154634
|move|p1a: Iron Crown|Volt Switch|p2a: Samurott
|-supereffective|p2a: Samurott
|-damage|p2a: Samurott|0 fnt
|faint|p2a: Samurott
|
|t:|1781154636
|-end|p1a: Iron Crown|Quark Drive|[silent]
|switch|p1a: Alomomola|Alomomola, M|83/100|[from] Volt Switch
|-damage|p1a: Alomomola|67/100|[from] Spikes
|
|upkeep
|
|t:|1781154653
|switch|p2a: Clefable|Clefable, F|100/100
|turn|15
|
|t:|1781154658
|move|p2a: Clefable|Stealth Rock|p1a: Alomomola
|-sidestart|p1: vernost72|move: Stealth Rock
|move|p1a: Alomomola|Flip Turn|p2a: Clefable
|-damage|p2a: Clefable|89/100
|
|t:|1781154660
|switch|p1a: Talonflame|Talonflame, M|100/100|[from] Flip Turn
|
|-heal|p2a: Clefable|95/100|[from] item: Leftovers
|upkeep
|turn|16
|
|t:|1781154663
|move|p1a: Talonflame|Defog|p2a: Clefable
|-unboost|p2a: Clefable|evasion|1
|-sideend|p1: vernost72|Spikes|[from] move: Defog|[of] p1a: Talonflame
|-sideend|p1: vernost72|Stealth Rock|[from] move: Defog|[of] p1a: Talonflame
|move|p2a: Clefable|Knock Off|p1a: Talonflame
|-damage|p1a: Talonflame|82/100
|-status|p2a: Clefable|brn|[from] ability: Flame Body|[of] p1a: Talonflame
|-enditem|p1a: Talonflame|Heavy-Duty Boots|[from] move: Knock Off|[of] p2a: Clefable
|
|-heal|p2a: Clefable|100/100 brn|[from] item: Leftovers
|upkeep
|turn|17
|
|t:|1781154673
|switch|p1a: Iron Crown|Iron Crown|99/100
|move|p2a: Clefable|Stealth Rock|p1a: Iron Crown
|-sidestart|p1: vernost72|move: Stealth Rock
|
|upkeep
|turn|18
|
|t:|1781154684
|-terastallize|p2a: Clefable|Water
|move|p1a: Iron Crown|Tachyon Cutter|p2a: Clefable
|-resisted|p2a: Clefable
|-damage|p2a: Clefable|89/100 brn
|-resisted|p2a: Clefable
|-damage|p2a: Clefable|78/100 brn
|-hitcount|p2a: Clefable|2
|move|p2a: Clefable|Knock Off|p1a: Iron Crown
|-supereffective|p1a: Iron Crown
|-damage|p1a: Iron Crown|84/100
|-enditem|p1a: Iron Crown|Assault Vest|[from] move: Knock Off|[of] p2a: Clefable
|
|-heal|p2a: Clefable|84/100 brn|[from] item: Leftovers
|upkeep
|turn|19
|
|t:|1781154690
|switch|p2a: Dragapult|Dragapult, F|100/100
|move|p1a: Iron Crown|Future Sight|p2a: Dragapult
|-start|p1a: Iron Crown|move: Future Sight
|
|upkeep
|turn|20
|
|t:|1781154702
|-terastallize|p1a: Iron Crown|Fighting
|move|p2a: Dragapult|Shadow Ball|p1a: Iron Crown
|-damage|p1a: Iron Crown|30/100
|move|p1a: Iron Crown|Tachyon Cutter|p2a: Dragapult
|-damage|p2a: Dragapult|65/100
|-damage|p2a: Dragapult|29/100
|-hitcount|p2a: Dragapult|2
|
|upkeep
|turn|21
|
|t:|1781154715
|switch|p2a: Moltres|Moltres|67/100
|move|p1a: Iron Crown|Tachyon Cutter|p2a: Moltres
|-resisted|p2a: Moltres
|-damage|p2a: Moltres|55/100
|-resisted|p2a: Moltres
|-damage|p2a: Moltres|42/100
|-hitcount|p2a: Moltres|2
|
|-end|p2a: Moltres|move: Future Sight
|-damage|p2a: Moltres|0 fnt
|faint|p2a: Moltres
|upkeep
|
|t:|1781154720
|switch|p2a: Dragapult|Dragapult, F|29/100
|turn|22
|
|t:|1781154726
|move|p2a: Dragapult|Draco Meteor|p1a: Iron Crown
|-damage|p1a: Iron Crown|0 fnt
|-unboost|p2a: Dragapult|spa|2
|faint|p1a: Iron Crown
|-end|p1a: Iron Crown|Quark Drive|[silent]
|
|upkeep
|
|t:|1781154730
|switch|p1a: Ninetales|Ninetales-Alola, M|79/100
|-damage|p1a: Ninetales|54/100|[from] Stealth Rock
|-weather|Snowscape|[from] ability: Snow Warning|[of] p1a: Ninetales
|turn|23
|
|t:|1781154732
|switch|p2a: Clefable|Clefable, F, tera:Water|84/100 brn
|move|p1a: Ninetales|Aurora Veil|p1a: Ninetales
|-sidestart|p1: vernost72|move: Aurora Veil
|
|-weather|Snowscape|[upkeep]
|-heal|p2a: Clefable|90/100 brn|[from] item: Leftovers
|upkeep
|turn|24
|
|t:|1781154735
|move|p1a: Ninetales|Freeze-Dry|p2a: Clefable
|-supereffective|p2a: Clefable
|-damage|p2a: Clefable|37/100 brn
|move|p2a: Clefable|Knock Off|p1a: Ninetales
|-resisted|p1a: Ninetales
|-damage|p1a: Ninetales|52/100
|-enditem|p1a: Ninetales|Light Clay|[from] move: Knock Off|[of] p2a: Clefable
|
|-weather|Snowscape|[upkeep]
|-heal|p2a: Clefable|43/100 brn|[from] item: Leftovers
|upkeep
|turn|25
|
|t:|1781154741
|move|p1a: Ninetales|Freeze-Dry|p2a: Clefable
|-supereffective|p2a: Clefable
|-damage|p2a: Clefable|0 fnt
|faint|p2a: Clefable
|
|-weather|Snowscape|[upkeep]
|upkeep
|-message|jonuz forfeited.
|
|win|vernost72
|raw|vernost72's rating: 1492 &rarr; <strong>1514</strong><br />(+22 for winning)
|raw|jonuz's rating: 1524 &rarr; <strong>1502</strong><br />(-22 for losing)
|l|☆jonuz
|player|p2|
|l|☆vernost72
|player|p1|
