|j|☆Roseofrosarade
|j|☆DON family
|t:|1781562227
|gametype|singles
|player|p1|Roseofrosarade|170|1628
|player|p2|DON family|170|1673
|gen|9
|tier|[Gen 9] OU
|rated|
|rule|HP Percentage Mod: HP is shown in percentages
|rule|Endless Battle Clause: Forcing endless battles is banned
|rule|Species Clause: Limit one of each Pokémon
|rule|OHKO Clause: OHKO moves are banned
|rule|Evasion Items Clause: Evasion items are banned
|rule|Evasion Moves Clause: Evasion moves are banned
|rule|Evasion Abilities Clause: Evasion abilities are banned
|rule|Sleep Moves Clause: Sleep-inducing moves are banned
|clearpoke
|poke|p1|Rotom-Wash|
|poke|p1|Landorus-Therian, M|
|poke|p1|Gholdengo|
|poke|p1|Meowscarada, M|
|poke|p1|Glimmora, M|
|poke|p1|Iron Valiant|
|poke|p2|Kingambit, M|
|poke|p2|Kommo-o, M|
|poke|p2|Iron Valiant|
|poke|p2|Kyurem|
|poke|p2|Iron Treads|
|poke|p2|Iron Crown|
|teampreview
|
|t:|1781562264
|teamsize|p1|6
|teamsize|p2|6
|start
|switch|p1a: Rotom|Rotom-Wash|100/100
|switch|p2a: Iron Treads|Iron Treads|100/100
|-enditem|p2a: Iron Treads|Booster Energy
|-activate|p2a: Iron Treads|ability: Quark Drive|[fromitem]
|-start|p2a: Iron Treads|quarkdrivespe
|turn|1
|
|t:|1781562268
|move|p2a: Iron Treads|Stealth Rock|p1a: Rotom
|-sidestart|p1: Roseofrosarade|move: Stealth Rock
|move|p1a: Rotom|Hydro Pump|p2a: Iron Treads
|-supereffective|p2a: Iron Treads
|-damage|p2a: Iron Treads|11/100
|
|upkeep
|turn|2
|
|t:|1781562273
|move|p2a: Iron Treads|Endeavor|p1a: Rotom
|-damage|p1a: Rotom|13/100
|move|p1a: Rotom|Hydro Pump|p2a: Iron Treads|[miss]
|-miss|p1a: Rotom|p2a: Iron Treads
|
|-heal|p1a: Rotom|20/100|[from] item: Leftovers
|upkeep
|turn|3
|
|t:|1781562279
|move|p2a: Iron Treads|Rapid Spin|p1a: Rotom
|-damage|p1a: Rotom|9/100
|-boost|p2a: Iron Treads|spe|1
|move|p1a: Rotom|Hydro Pump|p2a: Iron Treads
|-supereffective|p2a: Iron Treads
|-damage|p2a: Iron Treads|0 fnt
|faint|p2a: Iron Treads
|-end|p2a: Iron Treads|Quark Drive|[silent]
|
|-heal|p1a: Rotom|15/100|[from] item: Leftovers
|upkeep
|
|t:|1781562283
|switch|p2a: Kommo-o|Kommo-o, M|100/100
|turn|4
|
|t:|1781562286
|move|p2a: Kommo-o|Substitute|p2a: Kommo-o
|-start|p2a: Kommo-o|Substitute
|-damage|p2a: Kommo-o|75/100
|move|p1a: Rotom|Will-O-Wisp||[still]
|-fail|p1a: Rotom
|
|-heal|p2a: Kommo-o|82/100|[from] item: Leftovers
|-heal|p1a: Rotom|21/100|[from] item: Leftovers
|upkeep
|turn|5
|
|t:|1781562290
|move|p2a: Kommo-o|Clangorous Soul|p2a: Kommo-o
|-boost|p2a: Kommo-o|atk|1
|-boost|p2a: Kommo-o|def|1
|-boost|p2a: Kommo-o|spa|1
|-boost|p2a: Kommo-o|spd|1
|-boost|p2a: Kommo-o|spe|1
|-damage|p2a: Kommo-o|49/100
|move|p1a: Rotom|Pain Split||[still]
|-fail|p1a: Rotom
|
|-heal|p2a: Kommo-o|55/100|[from] item: Leftovers
|-heal|p1a: Rotom|27/100|[from] item: Leftovers
|upkeep
|turn|6
|
|t:|1781562295
|move|p2a: Kommo-o|Clangorous Soul|p2a: Kommo-o
|-boost|p2a: Kommo-o|atk|1
|-boost|p2a: Kommo-o|def|1
|-boost|p2a: Kommo-o|spa|1
|-boost|p2a: Kommo-o|spd|1
|-boost|p2a: Kommo-o|spe|1
|-damage|p2a: Kommo-o|22/100
|move|p1a: Rotom|Hydro Pump|p2a: Kommo-o
|-resisted|p2a: Kommo-o
|-activate|p2a: Kommo-o|move: Substitute|[damage]
|
|-heal|p2a: Kommo-o|28/100|[from] item: Leftovers
|-heal|p1a: Rotom|34/100|[from] item: Leftovers
|upkeep
|turn|7
|
|t:|1781562302
|move|p2a: Kommo-o|Drain Punch|p1a: Rotom
|-damage|p1a: Rotom|0 fnt
|-heal|p2a: Kommo-o|43/100|[from] drain|[of] p1a: Rotom
|faint|p1a: Rotom
|
|-heal|p2a: Kommo-o|49/100|[from] item: Leftovers
|upkeep
|
|t:|1781562304
|switch|p1a: Landorus|Landorus-Therian, M|100/100
|-damage|p1a: Landorus|88/100|[from] Stealth Rock
|-ability|p1a: Landorus|Intimidate|boost
|-immune|p2a: Kommo-o
|turn|8
|
|t:|1781562316
|-terastallize|p2a: Kommo-o|Ghost
|move|p2a: Kommo-o|Shadow Claw|p1a: Landorus
|-damage|p1a: Landorus|35/100
|-damage|p2a: Kommo-o|33/100|[from] item: Rocky Helmet|[of] p1a: Landorus
|move|p1a: Landorus|Earthquake|p2a: Kommo-o
|-end|p2a: Kommo-o|Substitute
|
|-heal|p2a: Kommo-o|39/100|[from] item: Leftovers
|upkeep
|turn|9
|
|t:|1781562325
|switch|p1a: Meowscarada|Meowscarada, M|100/100
|-damage|p1a: Meowscarada|88/100|[from] Stealth Rock
|move|p2a: Kommo-o|Shadow Claw|p1a: Meowscarada
|-resisted|p1a: Meowscarada
|-crit|p1a: Meowscarada
|-damage|p1a: Meowscarada|23/100
|
|-heal|p2a: Kommo-o|45/100|[from] item: Leftovers
|upkeep
|turn|10
|
|t:|1781562330
|switch|p1a: Landorus|Landorus-Therian, M|35/100
|-damage|p1a: Landorus|22/100|[from] Stealth Rock
|-ability|p1a: Landorus|Intimidate|boost
|-unboost|p2a: Kommo-o|atk|1
|move|p2a: Kommo-o|Shadow Claw|p1a: Landorus
|-damage|p1a: Landorus|0 fnt
|-damage|p2a: Kommo-o|29/100|[from] item: Rocky Helmet|[of] p1a: Landorus
|faint|p1a: Landorus
|
|-heal|p2a: Kommo-o|35/100|[from] item: Leftovers
|upkeep
|
|t:|1781562340
|switch|p1a: Iron Valiant|Iron Valiant|100/100
|-damage|p1a: Iron Valiant|94/100|[from] Stealth Rock
|-enditem|p1a: Iron Valiant|Booster Energy
|-activate|p1a: Iron Valiant|ability: Quark Drive|[fromitem]
|-start|p1a: Iron Valiant|quarkdrivespe
|turn|11
|
|t:|1781562346
|move|p2a: Kommo-o|Shadow Claw|p1a: Iron Valiant
|-damage|p1a: Iron Valiant|38/100
|move|p1a: Iron Valiant|Shadow Ball|p2a: Kommo-o
|-supereffective|p2a: Kommo-o
|-damage|p2a: Kommo-o|9/100
|
|-heal|p2a: Kommo-o|16/100|[from] item: Leftovers
|upkeep
|turn|12
|
|t:|1781562351
|move|p2a: Kommo-o|Shadow Claw|p1a: Iron Valiant
|-damage|p1a: Iron Valiant|0 fnt
|faint|p1a: Iron Valiant
|-end|p1a: Iron Valiant|Quark Drive|[silent]
|
|-heal|p2a: Kommo-o|22/100|[from] item: Leftovers
|upkeep
|-message|Roseofrosarade forfeited.
|
|win|DON family
|raw|Roseofrosarade's rating: 1628 &rarr; <strong>1611</strong><br />(-17 for losing)
|raw|DON family's rating: 1673 &rarr; <strong>1690</strong><br />(+17 for winning)
|l|☆DON family
|player|p2|
