|j|☆Liaoa
|j|☆BoostingTyranntrum
|t:|1780901245
|gametype|singles
|player|p1|Liaoa|bellelba|1526
|player|p2|BoostingTyranntrum|101|1553
|gen|9
|tier|[Gen 9] OU
|rated|
|rule|HP Percentage Mod: HP is shown in percentages
|rule|Endless Battle Clause: Forcing endless battles is banned
|rule|Species Clause: Limit one of each Pokémon
|rule|OHKO Clause: OHKO moves are banned
|rule|Evasion Items Clause: Evasion items are banned
|rule|Evasion Moves Clause: Evasion moves are banned
|rule|Evasion Abilities Clause: Evasion abilities are banned
|rule|Sleep Moves Clause: Sleep-inducing moves are banned
|clearpoke
|poke|p1|Clefable, M|
|poke|p1|Dondozo, M|
|poke|p1|Alomomola, F|
|poke|p1|Ting-Lu|
|poke|p1|Skeledirge, F|
|poke|p1|Corviknight, F|
|poke|p2|Hoopa-Unbound|
|poke|p2|Pecharunt|
|poke|p2|Landorus-Therian, M|
|poke|p2|Cinderace, M|
|poke|p2|Alomomola, M|
|poke|p2|Iron Valiant|
|teampreview
|inactive|Battle timer is ON: inactive players will automatically lose when time's up. (requested by Liaoa)
|
|t:|1780901258
|teamsize|p1|6
|teamsize|p2|6
|start
|switch|p1a: Clefable|Clefable, M|100/100
|switch|p2a: Pisces|Alomomola, M, shiny|100/100
|turn|1
|
|t:|1780901264
|switch|p1a: Alomomola|Alomomola, F|100/100
|move|p2a: Pisces|Flip Turn|p1a: Alomomola
|-resisted|p1a: Alomomola
|-damage|p1a: Alomomola|95/100
|
|t:|1780901268
|switch|p2a: Khaos|Hoopa-Unbound|100/100|[from] Flip Turn
|
|upkeep
|turn|2
|
|t:|1780901274
|-terastallize|p1a: Alomomola|Fairy
|move|p2a: Khaos|Knock Off|p1a: Alomomola
|-resisted|p1a: Alomomola
|-damage|p1a: Alomomola|57/100
|-enditem|p1a: Alomomola|Choice Band|[from] move: Knock Off|[of] p2a: Khaos
|move|p1a: Alomomola|Play Rough|p2a: Khaos|[miss]
|-miss|p1a: Alomomola|p2a: Khaos
|
|upkeep
|turn|3
|
|t:|1780901282
|switch|p2a: Overseer|Pecharunt|100/100
|move|p1a: Alomomola|Flip Turn|p2a: Overseer
|-damage|p2a: Overseer|88/100
|
|t:|1780901285
|switch|p1a: Skeledirge|Skeledirge, F|100/100|[from] Flip Turn
|
|upkeep
|turn|4
|
|t:|1780901287
|move|p1a: Skeledirge|Shadow Ball|p2a: Overseer
|-supereffective|p2a: Overseer
|-damage|p2a: Overseer|9/100
|move|p2a: Overseer|Shadow Ball|p1a: Skeledirge
|-supereffective|p1a: Skeledirge
|-damage|p1a: Skeledirge|40/100
|-unboost|p1a: Skeledirge|spd|1
|
|upkeep
|turn|5
|
|t:|1780901292
|switch|p1a: Clefable|Clefable, M|100/100
|switch|p2a: Pisces|Alomomola, M, shiny|100/100
|
|upkeep
|turn|6
|
|t:|1780901294
|move|p1a: Clefable|Trick|p2a: Pisces
|-activate|p1a: Clefable|move: Trick|[of] p2a: Pisces
|-item|p2a: Pisces|Choice Scarf|[from] move: Trick
|-item|p1a: Clefable|Assault Vest|[from] move: Trick
|move|p2a: Pisces|Flip Turn|p1a: Clefable
|-damage|p1a: Clefable|78/100
|
|t:|1780901300
|switch|p2a: Overseer|Pecharunt|9/100|[from] Flip Turn
|
|upkeep
|turn|7
|
|t:|1780901305
|move|p1a: Clefable|Flamethrower|p2a: Overseer
|-damage|p2a: Overseer|0 fnt
|faint|p2a: Overseer
|
|upkeep
|
|t:|1780901308
|switch|p2a: Calamity|Iron Valiant, shiny|100/100
|turn|8
|
|t:|1780901311
|-terastallize|p2a: Calamity|Fairy
|move|p2a: Calamity|Moonblast|p1a: Clefable
|-damage|p1a: Clefable|10/100
|move|p1a: Clefable|Moonblast|p2a: Calamity
|-damage|p2a: Calamity|33/100
|
|upkeep
|turn|9
|
|t:|1780901319
|switch|p1a: Corviknight|Corviknight, F|100/100
|move|p2a: Calamity|Moonblast|p1a: Corviknight
|-resisted|p1a: Corviknight
|-damage|p1a: Corviknight|47/100
|
|upkeep
|turn|10
|
|t:|1780901323
|move|p1a: Corviknight|Brave Bird|p2a: Calamity
|-damage|p2a: Calamity|0 fnt
|faint|p2a: Calamity
|-end|p2a: Calamity|Quark Drive|[silent]
|-damage|p1a: Corviknight|38/100|[from] Recoil
|
|upkeep
|
|t:|1780901327
|switch|p2a: Liberacy|Cinderace, M, shiny|100/100
|turn|11
|
|t:|1780901329
|move|p1a: Corviknight|Brave Bird|p2a: Liberacy
|-damage|p2a: Liberacy|30/100
|-damage|p1a: Corviknight|17/100|[from] Recoil
|move|p2a: Liberacy|U-turn|p1a: Corviknight
|-start|p2a: Liberacy|typechange|Bug|[from] ability: Libero
|-resisted|p1a: Corviknight
|-damage|p1a: Corviknight|9/100
|
|t:|1780901334
|switch|p2a: Pisces|Alomomola, M, shiny|100/100|[from] U-turn
|
|upkeep
|turn|12
|
|t:|1780901342
|switch|p1a: Ting-Lu|Ting-Lu|100/100
|-ability|p1a: Ting-Lu|Vessel of Ruin
|move|p2a: Pisces|Flip Turn|p1a: Ting-Lu
|-supereffective|p1a: Ting-Lu
|-damage|p1a: Ting-Lu|81/100
|
|t:|1780901345
|switch|p2a: Enten|Landorus-Therian, M, shiny|100/100|[from] Flip Turn
|-ability|p2a: Enten|Intimidate|boost
|-unboost|p1a: Ting-Lu|atk|1
|
|upkeep
|turn|13
|
|t:|1780901349
|move|p2a: Enten|Grass Knot|p1a: Ting-Lu
|-supereffective|p1a: Ting-Lu
|-damage|p1a: Ting-Lu|45/100
|move|p1a: Ting-Lu|Stealth Rock|p2a: Enten
|-sidestart|p2: BoostingTyranntrum|move: Stealth Rock
|
|upkeep
|turn|14
|
|t:|1780901355
|switch|p1a: Clefable|Clefable, M|10/100
|move|p2a: Enten|Grass Knot|p1a: Clefable
|-damage|p1a: Clefable|0 fnt
|faint|p1a: Clefable
|
|upkeep
|
|t:|1780901357
|switch|p1a: Alomomola|Alomomola, F, tera:Fairy|90/100
|turn|15
|
|t:|1780901359
|switch|p2a: Pisces|Alomomola, M, shiny|100/100
|-damage|p2a: Pisces|88/100|[from] Stealth Rock
|move|p1a: Alomomola|Flip Turn|p2a: Pisces
|-resisted|p2a: Pisces
|-damage|p2a: Pisces|80/100
|
|t:|1780901365
|switch|p1a: Dondozo|Dondozo, M|100/100|[from] Flip Turn
|
|upkeep
|turn|16
|
|t:|1780901368
|move|p2a: Pisces|Flip Turn|p1a: Dondozo
|-resisted|p1a: Dondozo
|-damage|p1a: Dondozo|95/100
|
|t:|1780901371
|switch|p2a: Enten|Landorus-Therian, M, shiny|100/100|[from] Flip Turn
|-damage|p2a: Enten|88/100|[from] Stealth Rock
|-ability|p2a: Enten|Intimidate|boost
|-unboost|p1a: Dondozo|atk|1
|move|p1a: Dondozo|Body Slam|p2a: Enten
|-damage|p2a: Enten|57/100
|
|upkeep
|turn|17
|
|t:|1780901376
|switch|p1a: Alomomola|Alomomola, F, tera:Fairy|100/100
|move|p2a: Enten|U-turn|p1a: Alomomola
|-resisted|p1a: Alomomola
|-damage|p1a: Alomomola|89/100
|
|t:|1780901381
|switch|p2a: Pisces|Alomomola, M, shiny|100/100|[from] U-turn
|-damage|p2a: Pisces|88/100|[from] Stealth Rock
|
|upkeep
|turn|18
|
|t:|1780901383
|move|p2a: Pisces|Flip Turn|p1a: Alomomola
|-damage|p1a: Alomomola|77/100
|
|t:|1780901387
|switch|p2a: Enten|Landorus-Therian, M, shiny|57/100|[from] Flip Turn
|-damage|p2a: Enten|45/100|[from] Stealth Rock
|-ability|p2a: Enten|Intimidate|boost
|-unboost|p1a: Alomomola|atk|1
|move|p1a: Alomomola|Body Slam|p2a: Enten
|-damage|p2a: Enten|28/100
|-status|p2a: Enten|par
|
|upkeep
|turn|19
|
|t:|1780901394
|move|p2a: Enten|U-turn|p1a: Alomomola
|-resisted|p1a: Alomomola
|-damage|p1a: Alomomola|67/100
|
|t:|1780901395
|switch|p2a: Pisces|Alomomola, M, shiny|100/100|[from] U-turn
|-damage|p2a: Pisces|88/100|[from] Stealth Rock
|move|p1a: Alomomola|Flip Turn|p2a: Pisces
|-resisted|p2a: Pisces
|-damage|p2a: Pisces|82/100
|
|t:|1780901399
|switch|p1a: Dondozo|Dondozo, M|95/100|[from] Flip Turn
|
|upkeep
|turn|20
|
|t:|1780901401
|move|p2a: Pisces|Body Slam|p1a: Dondozo
|-damage|p1a: Dondozo|86/100
|-status|p1a: Dondozo|par
|move|p1a: Dondozo|Body Slam|p2a: Pisces
|-damage|p2a: Pisces|55/100
|-status|p2a: Pisces|par
|
|upkeep
|turn|21
|
|t:|1780901407
|switch|p2a: Enten|Landorus-Therian, M, shiny|28/100 par
|-damage|p2a: Enten|16/100 par|[from] Stealth Rock
|-ability|p2a: Enten|Intimidate|boost
|-unboost|p1a: Dondozo|atk|1
|move|p1a: Dondozo|Body Slam|p2a: Enten
|-damage|p2a: Enten|0 fnt
|faint|p2a: Enten
|
|upkeep
|
|t:|1780901410
|switch|p2a: Khaos|Hoopa-Unbound|100/100
|-damage|p2a: Khaos|88/100|[from] Stealth Rock
|turn|22
|
|t:|1780901416
|switch|p1a: Ting-Lu|Ting-Lu|45/100
|-ability|p1a: Ting-Lu|Vessel of Ruin
|move|p2a: Khaos|Hyperspace Fury|p1a: Ting-Lu
|-resisted|p1a: Ting-Lu
|-damage|p1a: Ting-Lu|19/100
|-unboost|p2a: Khaos|def|1
|
|upkeep
|turn|23
|-enditem|p1a: Ting-Lu|Custap Berry|[eat]
|-activate|p1a: Ting-Lu|item: Custap Berry|[consumed]
|
|t:|1780901419
|move|p1a: Ting-Lu|Earthquake|p2a: Khaos
|-damage|p2a: Khaos|0 fnt
|faint|p2a: Khaos
|
|upkeep
|
|t:|1780901424
|switch|p2a: Liberacy|Cinderace, M, shiny|30/100
|turn|24
|
|t:|1780901427
|move|p2a: Liberacy|Pyro Ball|p1a: Ting-Lu|[miss]
|-miss|p2a: Liberacy|p1a: Ting-Lu
|move|p1a: Ting-Lu|Earthquake|p2a: Liberacy
|-supereffective|p2a: Liberacy
|-crit|p2a: Liberacy
|-damage|p2a: Liberacy|0 fnt
|faint|p2a: Liberacy
|
|upkeep
|-message|BoostingTyranntrum forfeited.
|
|win|Liaoa
|raw|Liaoa's rating: 1526 &rarr; <strong>1548</strong><br />(+22 for winning)
|raw|BoostingTyranntrum's rating: 1553 &rarr; <strong>1531</strong><br />(-22 for losing)
|l|☆Liaoa
|player|p1|
