|j|☆Steez Ibanez
|j|☆juli<33
|t:|1781283393
|gametype|singles
|player|p1|Steez Ibanez|willow-casual|1736
|player|p2|juli<33|caitlin-masters|1767
|gen|9
|tier|[Gen 9] OU
|rated|
|rule|HP Percentage Mod: HP is shown in percentages
|rule|Endless Battle Clause: Forcing endless battles is banned
|rule|Species Clause: Limit one of each Pokémon
|rule|OHKO Clause: OHKO moves are banned
|rule|Evasion Items Clause: Evasion items are banned
|rule|Evasion Moves Clause: Evasion moves are banned
|rule|Evasion Abilities Clause: Evasion abilities are banned
|rule|Sleep Moves Clause: Sleep-inducing moves are banned
|clearpoke
|poke|p1|Kyurem|
|poke|p1|Ceruledge, M|
|poke|p1|Hatterene, F|
|poke|p1|Landorus-Therian, M|
|poke|p1|Kingambit, F|
|poke|p1|Zamazenta-*|
|poke|p2|Slither Wing|
|poke|p2|Ninetales, M|
|poke|p2|Ceruledge, F|
|poke|p2|Great Tusk|
|poke|p2|Walking Wake|
|poke|p2|Venusaur, F|
|teampreview
|inactive|Battle timer is ON: inactive players will automatically lose when time's up. (requested by juli<33)
|j| peeekapeee
|
|t:|1781283404
|teamsize|p1|6
|teamsize|p2|6
|start
|switch|p1a: Landorus|Landorus-Therian, M|100/100
|switch|p2a: naruto|Ninetales, M|100/100
|-weather|SunnyDay|[from] ability: Drought|[of] p2a: naruto
|-ability|p1a: Landorus|Intimidate|boost
|-unboost|p2a: naruto|atk|1
|turn|1
|
|t:|1781283410
|switch|p2a: Nah I'd Spin|Great Tusk|100/100
|-activate|p2a: Nah I'd Spin|ability: Protosynthesis
|-start|p2a: Nah I'd Spin|protosynthesisspe
|move|p1a: Landorus|Stealth Rock|p2a: Nah I'd Spin
|-sidestart|p2: juli<33|move: Stealth Rock
|
|-weather|SunnyDay|[upkeep]
|upkeep
|turn|2
|
|t:|1781283415
|switch|p1a: Hatterene|Hatterene, F|100/100
|move|p2a: Nah I'd Spin|Ice Spinner|p1a: Hatterene
|-damage|p1a: Hatterene|82/100
|-damage|p2a: Nah I'd Spin|84/100|[from] item: Rocky Helmet|[of] p1a: Hatterene
|
|-weather|SunnyDay|[upkeep]
|upkeep
|turn|3
|
|t:|1781283419
|-end|p2a: Nah I'd Spin|Protosynthesis|[silent]
|switch|p2a: Red judas|Ceruledge, F|100/100
|-damage|p2a: Red judas|76/100|[from] Stealth Rock
|-item|p2a: Red judas|Air Balloon
|move|p1a: Hatterene|Psychic Noise|p2a: Red judas
|-damage|p2a: Red judas|36/100
|-start|p2a: Red judas|move: Heal Block
|-enditem|p2a: Red judas|Air Balloon
|
|-weather|SunnyDay|[upkeep]
|upkeep
|turn|4
|
|t:|1781283431
|switch|p2a: Nah I'd Spin|Great Tusk|84/100
|-damage|p2a: Nah I'd Spin|81/100|[from] Stealth Rock
|-activate|p2a: Nah I'd Spin|ability: Protosynthesis
|-start|p2a: Nah I'd Spin|protosynthesisspe
|switch|p1a: Landorus|Landorus-Therian, M|100/100
|-ability|p1a: Landorus|Intimidate|boost
|-unboost|p2a: Nah I'd Spin|atk|1
|
|-weather|SunnyDay|[upkeep]
|upkeep
|turn|5
|
|t:|1781283436
|switch|p1a: Ceruledge|Ceruledge, M|100/100
|move|p2a: Nah I'd Spin|Rapid Spin|p1a: Ceruledge
|-immune|p1a: Ceruledge
|
|-weather|SunnyDay|[upkeep]
|upkeep
|turn|6
|
|t:|1781283444
|switch|p1a: Landorus|Landorus-Therian, M|100/100
|-ability|p1a: Landorus|Intimidate|boost
|-unboost|p2a: Nah I'd Spin|atk|1
|move|p2a: Nah I'd Spin|Rapid Spin|p1a: Landorus
|-damage|p1a: Landorus|92/100
|-boost|p2a: Nah I'd Spin|spe|1
|-damage|p2a: Nah I'd Spin|64/100|[from] item: Rocky Helmet|[of] p1a: Landorus
|-sideend|p2: juli<33|Stealth Rock|[from] move: Rapid Spin|[of] p2a: Nah I'd Spin
|
|-weather|SunnyDay|[upkeep]
|upkeep
|turn|7
|
|t:|1781283447
|move|p2a: Nah I'd Spin|Stealth Rock|p1a: Landorus
|-sidestart|p1: Steez Ibanez|move: Stealth Rock
|move|p1a: Landorus|Stealth Rock|p2a: Nah I'd Spin
|-sidestart|p2: juli<33|move: Stealth Rock
|
|-weather|SunnyDay|[upkeep]
|upkeep
|turn|8
|
|t:|1781283452
|move|p2a: Nah I'd Spin|Rapid Spin|p1a: Landorus
|-damage|p1a: Landorus|83/100
|-boost|p2a: Nah I'd Spin|spe|1
|-damage|p2a: Nah I'd Spin|48/100|[from] item: Rocky Helmet|[of] p1a: Landorus
|-sideend|p2: juli<33|Stealth Rock|[from] move: Rapid Spin|[of] p2a: Nah I'd Spin
|move|p1a: Landorus|Earth Power|p2a: Nah I'd Spin
|-damage|p2a: Nah I'd Spin|3/100
|
|-weather|none
|-end|p2a: Nah I'd Spin|Protosynthesis
|upkeep
|turn|9
|
|t:|1781283455
|move|p2a: Nah I'd Spin|Ice Spinner|p1a: Landorus
|-supereffective|p1a: Landorus
|-damage|p1a: Landorus|33/100
|-damage|p2a: Nah I'd Spin|0 fnt|[from] item: Rocky Helmet|[of] p1a: Landorus
|faint|p2a: Nah I'd Spin
|-end|p2a: Nah I'd Spin|Protosynthesis|[silent]
|move|p1a: Landorus|Stealth Rock|p2: Nah I'd Spin
|-sidestart|p2: juli<33|move: Stealth Rock
|
|upkeep
|
|t:|1781283458
|switch|p2a: Walkenheimer|Walking Wake|100/100
|-damage|p2a: Walkenheimer|88/100|[from] Stealth Rock
|turn|10
|
|t:|1781283461
|move|p2a: Walkenheimer|Hydro Steam|p1a: Landorus
|-supereffective|p1a: Landorus
|-damage|p1a: Landorus|0 fnt
|faint|p1a: Landorus
|
|upkeep
|
|t:|1781283463
|switch|p1a: Kyurem|Kyurem|100/100
|-damage|p1a: Kyurem|76/100|[from] Stealth Rock
|-ability|p1a: Kyurem|Pressure
|turn|11
|
|t:|1781283466
|-end|p2a: Walkenheimer|Protosynthesis|[silent]
|switch|p2a: naruto|Ninetales, M|100/100
|-damage|p2a: naruto|76/100|[from] Stealth Rock
|-weather|SunnyDay|[from] ability: Drought|[of] p2a: naruto
|move|p1a: Kyurem|Dragon Dance|p1a: Kyurem
|-boost|p1a: Kyurem|atk|1
|-boost|p1a: Kyurem|spe|1
|
|-weather|SunnyDay|[upkeep]
|upkeep
|turn|12
|
|t:|1781283475
|move|p1a: Kyurem|Earth Power|p2a: naruto
|-supereffective|p2a: naruto
|-damage|p2a: naruto|0 fnt
|faint|p2a: naruto
|
|-weather|SunnyDay|[upkeep]
|upkeep
|c|☆juli<33|im genuinely going to
|c|☆juli<33|shoot showdex
|c|☆juli<33|in game ofc
|
|t:|1781283503
|switch|p2a: Flowey|Venusaur, F|100/100
|-damage|p2a: Flowey|88/100|[from] Stealth Rock
|turn|13
|c|☆juli<33|i misclicked
|
|t:|1781283514
|-terastallize|p2a: Flowey|Fire
|move|p2a: Flowey|Weather Ball|p1a: Kyurem
|-damage|p1a: Kyurem|0 fnt
|faint|p1a: Kyurem
|-damage|p2a: Flowey|78/100|[from] item: Life Orb
|
|-weather|SunnyDay|[upkeep]
|upkeep
|
|t:|1781283522
|switch|p1a: Zamazenta|Zamazenta|100/100
|-damage|p1a: Zamazenta|95/100|[from] Stealth Rock
|-ability|p1a: Zamazenta|Dauntless Shield|boost
|-boost|p1a: Zamazenta|def|1
|turn|14
|
|t:|1781283531
|move|p2a: Flowey|Growth|p2a: Flowey
|-boost|p2a: Flowey|atk|2
|-boost|p2a: Flowey|spa|2
|move|p1a: Zamazenta|Body Press|p2a: Flowey
|-damage|p2a: Flowey|15/100
|
|-weather|SunnyDay|[upkeep]
|-heal|p1a: Zamazenta|100/100|[from] item: Leftovers
|upkeep
|turn|15
|
|t:|1781283541
|-terastallize|p1a: Zamazenta|Fire
|move|p2a: Flowey|Weather Ball|p1a: Zamazenta
|-resisted|p1a: Zamazenta
|-damage|p1a: Zamazenta|30/100
|-damage|p2a: Flowey|6/100|[from] item: Life Orb
|move|p1a: Zamazenta|Body Press|p2a: Flowey
|-damage|p2a: Flowey|0 fnt
|faint|p2a: Flowey
|
|-weather|SunnyDay|[upkeep]
|-heal|p1a: Zamazenta|36/100|[from] item: Leftovers
|upkeep
|
|t:|1781283546
|switch|p2a: Walkenheimer|Walking Wake|88/100
|-damage|p2a: Walkenheimer|76/100|[from] Stealth Rock
|-activate|p2a: Walkenheimer|ability: Protosynthesis
|-start|p2a: Walkenheimer|protosynthesisspe
|turn|16
|
|t:|1781283548
|move|p2a: Walkenheimer|Hydro Steam|p1a: Zamazenta
|-supereffective|p1a: Zamazenta
|-damage|p1a: Zamazenta|0 fnt
|faint|p1a: Zamazenta
|
|-weather|SunnyDay|[upkeep]
|upkeep
|
|t:|1781283550
|switch|p1a: Hatterene|Hatterene, F|82/100
|-damage|p1a: Hatterene|69/100|[from] Stealth Rock
|turn|17
|
|t:|1781283553
|move|p2a: Walkenheimer|Hydro Steam|p1a: Hatterene
|-damage|p1a: Hatterene|3/100
|move|p1a: Hatterene|Draining Kiss|p2a: Walkenheimer
|-supereffective|p2a: Walkenheimer
|-damage|p2a: Walkenheimer|20/100
|-heal|p1a: Hatterene|48/100|[from] drain|[of] p2a: Walkenheimer
|
|-weather|SunnyDay|[upkeep]
|upkeep
|turn|18
|
|t:|1781283557
|move|p2a: Walkenheimer|Hydro Steam|p1a: Hatterene
|-damage|p1a: Hatterene|0 fnt
|faint|p1a: Hatterene
|
|-weather|none
|-end|p2a: Walkenheimer|Protosynthesis
|upkeep
|
|t:|1781283559
|switch|p1a: Ceruledge|Ceruledge, M|100/100
|-damage|p1a: Ceruledge|76/100|[from] Stealth Rock
|turn|19
|
|t:|1781283561
|move|p1a: Ceruledge|Shadow Sneak|p2a: Walkenheimer
|-crit|p2a: Walkenheimer
|-damage|p2a: Walkenheimer|0 fnt
|faint|p2a: Walkenheimer
|-end|p2a: Walkenheimer|Protosynthesis|[silent]
|-damage|p1a: Ceruledge|66/100|[from] item: Life Orb
|
|upkeep
|
|t:|1781283567
|switch|p2a: Red judas|Ceruledge, F|36/100
|-damage|p2a: Red judas|11/100|[from] Stealth Rock
|turn|20
|
|t:|1781283571
|move|p1a: Ceruledge|Shadow Sneak|p2a: Red judas
|-supereffective|p2a: Red judas
|-damage|p2a: Red judas|0 fnt
|faint|p2a: Red judas
|-damage|p1a: Ceruledge|56/100|[from] item: Life Orb
|
|upkeep
|
|t:|1781283573
|switch|p2a: OMG ILY|Slither Wing|100/100
|-damage|p2a: OMG ILY|88/100|[from] Stealth Rock
|turn|21
|
|t:|1781283581
|move|p2a: OMG ILY|First Impression|p1a: Ceruledge
|-resisted|p1a: Ceruledge
|-damage|p1a: Ceruledge|37/100
|-ability|p1a: Ceruledge|Weak Armor|boost
|-unboost|p1a: Ceruledge|def|1
|-boost|p1a: Ceruledge|spe|2
|move|p1a: Ceruledge|Bitter Blade|p2a: OMG ILY
|-supereffective|p2a: OMG ILY
|-damage|p2a: OMG ILY|0 fnt
|-heal|p1a: Ceruledge|90/100|[from] drain|[of] p2a: OMG ILY
|faint|p2a: OMG ILY
|-end|p2a: OMG ILY|Protosynthesis|[silent]
|-damage|p1a: Ceruledge|80/100|[from] item: Life Orb
|
|win|Steez Ibanez
|raw|Steez Ibanez's rating: 1736 &rarr; <strong>1758</strong><br />(+22 for winning)
|raw|juli&lt;33's rating: 1767 &rarr; <strong>1745</strong><br />(-22 for losing)
|l|☆juli<33
|player|p2|
|l|☆Steez Ibanez
|player|p1|
|l| peeekapeee
