|j|☆yuji00
|j|☆n5v
|t:|1781269163
|gametype|singles
|player|p1|yuji00|2|1569
|player|p2|n5v|leon-masters|1631
|gen|9
|tier|[Gen 9] OU
|rated|
|rule|HP Percentage Mod: HP is shown in percentages
|rule|Endless Battle Clause: Forcing endless battles is banned
|rule|Species Clause: Limit one of each Pokémon
|rule|OHKO Clause: OHKO moves are banned
|rule|Evasion Items Clause: Evasion items are banned
|rule|Evasion Moves Clause: Evasion moves are banned
|rule|Evasion Abilities Clause: Evasion abilities are banned
|rule|Sleep Moves Clause: Sleep-inducing moves are banned
|clearpoke
|poke|p1|Slowking-Galar, F|
|poke|p1|Dragapult, M|
|poke|p1|Iron Treads|
|poke|p1|Raging Bolt|
|poke|p1|Moltres|
|poke|p1|Kingambit, M|
|poke|p2|Raging Bolt|
|poke|p2|Iron Crown|
|poke|p2|Enamorus, F|
|poke|p2|Great Tusk|
|poke|p2|Kingambit, F|
|poke|p2|Rillaboom, M|
|teampreview
|c|☆n5v|glhf
|inactive|Battle timer is ON: inactive players will automatically lose when time's up. (requested by n5v)
|
|t:|1781269178
|teamsize|p1|6
|teamsize|p2|6
|start
|switch|p1a: Iron Treads|Iron Treads|100/100
|switch|p2a: cheap tusk|Great Tusk, shiny|100/100
|turn|1
|
|t:|1781269185
|move|p1a: Iron Treads|Stealth Rock|p2a: cheap tusk
|-sidestart|p2: n5v|move: Stealth Rock
|move|p2a: cheap tusk|Headlong Rush|p1a: Iron Treads
|-supereffective|p1a: Iron Treads
|-damage|p1a: Iron Treads|29/100
|-unboost|p2a: cheap tusk|def|1
|-unboost|p2a: cheap tusk|spd|1
|
|-heal|p1a: Iron Treads|35/100|[from] item: Leftovers
|upkeep
|turn|2
|
|t:|1781269195
|-end|p1a: Iron Treads|Quark Drive|[silent]
|switch|p1a: Dragapult|Dragapult, M|100/100
|move|p2a: cheap tusk|Stealth Rock|p1a: Dragapult
|-sidestart|p1: yuji00|move: Stealth Rock
|
|upkeep
|turn|3
|
|t:|1781269205
|-end|p2a: cheap tusk|Protosynthesis|[silent]
|switch|p2a: le-tachyon|Iron Crown|100/100
|-damage|p2a: le-tachyon|94/100|[from] Stealth Rock
|move|p1a: Dragapult|Will-O-Wisp|p2a: le-tachyon
|-status|p2a: le-tachyon|brn
|
|-damage|p2a: le-tachyon|88/100 brn|[from] brn
|upkeep
|turn|4
|
|t:|1781269216
|move|p1a: Dragapult|Hex|p2a: le-tachyon
|-supereffective|p2a: le-tachyon
|-damage|p2a: le-tachyon|25/100 brn
|move|p2a: le-tachyon|Volt Switch|p1a: Dragapult
|-resisted|p1a: Dragapult
|-crit|p1a: Dragapult
|-damage|p1a: Dragapult|82/100
|
|t:|1781269223
|-end|p2a: le-tachyon|Quark Drive|[silent]
|switch|p2a: gay alladin|Enamorus, F|100/100|[from] Volt Switch
|-damage|p2a: gay alladin|76/100|[from] Stealth Rock
|
|upkeep
|turn|5
|
|t:|1781269232
|switch|p1a: Moltres|Moltres|100/100
|move|p2a: gay alladin|Moonblast|p1a: Moltres
|-resisted|p1a: Moltres
|-damage|p1a: Moltres|77/100
|
|upkeep
|turn|6
|
|t:|1781269245
|switch|p2a: goobing bolt|Raging Bolt|100/100
|-damage|p2a: goobing bolt|88/100|[from] Stealth Rock
|move|p1a: Moltres|Will-O-Wisp|p2a: goobing bolt|[miss]
|-miss|p1a: Moltres|p2a: goobing bolt
|
|upkeep
|turn|7
|
|t:|1781269253
|move|p2a: goobing bolt|Draco Meteor|p1a: Moltres
|-damage|p1a: Moltres|0 fnt
|-unboost|p2a: goobing bolt|spa|2
|faint|p1a: Moltres
|
|upkeep
|
|t:|1781269266
|switch|p1a: Iron Treads|Iron Treads|35/100
|-damage|p1a: Iron Treads|33/100|[from] Stealth Rock
|turn|8
|
|t:|1781269272
|-terastallize|p2a: goobing bolt|Bug
|move|p1a: Iron Treads|Rapid Spin|p2a: goobing bolt
|-damage|p2a: goobing bolt|77/100
|-boost|p1a: Iron Treads|spe|1
|-sideend|p1: yuji00|Stealth Rock|[from] move: Rapid Spin|[of] p1a: Iron Treads
|move|p2a: goobing bolt|Draco Meteor|p1a: Iron Treads
|-resisted|p1a: Iron Treads
|-damage|p1a: Iron Treads|1/100
|-unboost|p2a: goobing bolt|spa|2
|
|-heal|p1a: Iron Treads|7/100|[from] item: Leftovers
|upkeep
|turn|9
|
|t:|1781269286
|-end|p1a: Iron Treads|Quark Drive|[silent]
|switch|p1a: Slowking|Slowking-Galar, F|100/100
|-end|p2a: goobing bolt|Protosynthesis|[silent]
|switch|p2a: cheap tusk|Great Tusk, shiny|100/100
|-damage|p2a: cheap tusk|97/100|[from] Stealth Rock
|
|-heal|p2a: cheap tusk|100/100|[from] item: Leftovers
|upkeep
|turn|10
|
|t:|1781269296
|switch|p1a: Dragapult|Dragapult, M|82/100
|move|p2a: cheap tusk|Ice Spinner|p1a: Dragapult
|-supereffective|p1a: Dragapult
|-damage|p1a: Dragapult|12/100
|
|upkeep
|turn|11
|
|t:|1781269308
|-end|p2a: cheap tusk|Protosynthesis|[silent]
|switch|p2a: le-tachyon|Iron Crown|25/100 brn
|-damage|p2a: le-tachyon|19/100 brn|[from] Stealth Rock
|move|p1a: Dragapult|Draco Meteor|p2a: le-tachyon|[miss]
|-miss|p1a: Dragapult|p2a: le-tachyon
|
|-damage|p2a: le-tachyon|12/100 brn|[from] brn
|upkeep
|turn|12
|
|t:|1781269320
|move|p1a: Dragapult|Hex|p2a: le-tachyon
|-supereffective|p2a: le-tachyon
|-damage|p2a: le-tachyon|0 fnt
|faint|p2a: le-tachyon
|-end|p2a: le-tachyon|Quark Drive|[silent]
|
|upkeep
|
|t:|1781269326
|switch|p2a: gay alladin|Enamorus, F|76/100
|-damage|p2a: gay alladin|51/100|[from] Stealth Rock
|turn|13
|
|t:|1781269331
|switch|p1a: Iron Treads|Iron Treads|7/100
|move|p2a: gay alladin|Earth Power|p1a: Iron Treads
|-supereffective|p1a: Iron Treads
|-damage|p1a: Iron Treads|0 fnt
|faint|p1a: Iron Treads
|-end|p1a: Iron Treads|Quark Drive|[silent]
|
|upkeep
|
|t:|1781269357
|switch|p1a: Raging Bolt|Raging Bolt|100/100
|-enditem|p1a: Raging Bolt|Booster Energy
|-activate|p1a: Raging Bolt|ability: Protosynthesis|[fromitem]
|-start|p1a: Raging Bolt|protosynthesisspa
|turn|14
|
|t:|1781269377
|switch|p2a: cheap tusk|Great Tusk, shiny|100/100
|-damage|p2a: cheap tusk|97/100|[from] Stealth Rock
|move|p1a: Raging Bolt|Calm Mind|p1a: Raging Bolt
|-boost|p1a: Raging Bolt|spa|1
|-boost|p1a: Raging Bolt|spd|1
|
|-heal|p2a: cheap tusk|100/100|[from] item: Leftovers
|upkeep
|turn|15
|
|t:|1781269387
|-terastallize|p1a: Raging Bolt|Flying
|move|p2a: cheap tusk|Headlong Rush|p1a: Raging Bolt
|-immune|p1a: Raging Bolt
|move|p1a: Raging Bolt|Dragon Pulse|p2a: cheap tusk
|-damage|p2a: cheap tusk|0 fnt
|faint|p2a: cheap tusk
|-end|p2a: cheap tusk|Protosynthesis|[silent]
|
|upkeep
|
|t:|1781269400
|switch|p2a: neededaghostresist|Kingambit, F, shiny|100/100
|-damage|p2a: neededaghostresist|94/100|[from] Stealth Rock
|-activate|p2a: neededaghostresist|ability: Supreme Overlord
|-start|p2a: neededaghostresist|fallen2|[silent]
|turn|16
|
|t:|1781269408
|move|p2a: neededaghostresist|Sucker Punch|p1a: Raging Bolt
|-damage|p1a: Raging Bolt|51/100
|move|p1a: Raging Bolt|Thunderbolt|p2a: neededaghostresist
|-damage|p2a: neededaghostresist|0 fnt
|faint|p2a: neededaghostresist
|-end|p2a: neededaghostresist|fallen2|[silent]
|
|upkeep
|
|t:|1781269410
|switch|p2a: goobing bolt|Raging Bolt, tera:Bug|77/100
|-damage|p2a: goobing bolt|52/100|[from] Stealth Rock
|turn|17
|
|t:|1781269421
|move|p1a: Raging Bolt|Thunderclap|p2a: goobing bolt
|-damage|p2a: goobing bolt|0 fnt
|faint|p2a: goobing bolt
|-end|p2a: goobing bolt|Protosynthesis|[silent]
|
|upkeep
|
|t:|1781269424
|switch|p2a: gay alladin|Enamorus, F|51/100
|-damage|p2a: gay alladin|26/100|[from] Stealth Rock
|turn|18
|c|☆n5v|gg
|
|t:|1781269429
|move|p1a: Raging Bolt|Thunderclap|p2a: gay alladin
|-supereffective|p2a: gay alladin
|-damage|p2a: gay alladin|0 fnt
|faint|p2a: gay alladin
|
|upkeep
|-message|n5v forfeited.
|
|win|yuji00
|raw|yuji00's rating: 1569 &rarr; <strong>1593</strong><br />(+24 for winning)
|raw|n5v's rating: 1631 &rarr; <strong>1607</strong><br />(-24 for losing)
|l|☆n5v
|player|p2|
