|j|☆tiftif
|j|☆billythekid95
|t:|1781009544
|gametype|singles
|player|p1|tiftif|2|1538
|player|p2|billythekid95|265|1531
|gen|9
|tier|[Gen 9] OU
|rated|
|rule|HP Percentage Mod: HP is shown in percentages
|rule|Endless Battle Clause: Forcing endless battles is banned
|rule|Species Clause: Limit one of each Pokémon
|rule|OHKO Clause: OHKO moves are banned
|rule|Evasion Items Clause: Evasion items are banned
|rule|Evasion Moves Clause: Evasion moves are banned
|rule|Evasion Abilities Clause: Evasion abilities are banned
|rule|Sleep Moves Clause: Sleep-inducing moves are banned
|clearpoke
|poke|p1|Pelipper, F|
|poke|p1|Iron Treads|
|poke|p1|Barraskewda, M|
|poke|p1|Raging Bolt|
|poke|p1|Talonflame, M|
|poke|p1|Keldeo-Resolute|
|poke|p2|Quaquaval, F|
|poke|p2|Ninetales-Alola, F|
|poke|p2|Iron Treads|
|poke|p2|Latias, F|
|poke|p2|Ogerpon, F|
|poke|p2|Gholdengo|
|teampreview
|inactive|Battle timer is ON: inactive players will automatically lose when time's up. (requested by tiftif)
|inactive|billythekid95 has 120 seconds left.
|inactive|billythekid95 has 90 seconds left.
|inactive|billythekid95 has 60 seconds left.
|
|t:|1781009683
|teamsize|p1|6
|teamsize|p2|6
|start
|switch|p1a: Iron Treads|Iron Treads|100/100
|switch|p2a: Iron Treads|Iron Treads|100/100
|-enditem|p1a: Iron Treads|Booster Energy
|-activate|p1a: Iron Treads|ability: Quark Drive|[fromitem]
|-start|p1a: Iron Treads|quarkdrivespe
|-enditem|p2a: Iron Treads|Booster Energy
|-activate|p2a: Iron Treads|ability: Quark Drive|[fromitem]
|-start|p2a: Iron Treads|quarkdrivespe
|turn|1
|
|t:|1781009710
|move|p1a: Iron Treads|Earthquake|p2a: Iron Treads
|-supereffective|p2a: Iron Treads
|-damage|p2a: Iron Treads|18/100
|move|p2a: Iron Treads|Earthquake|p1a: Iron Treads
|-supereffective|p1a: Iron Treads
|-damage|p1a: Iron Treads|12/100
|
|upkeep
|turn|2
|
|t:|1781009716
|move|p2a: Iron Treads|Earthquake|p1a: Iron Treads
|-supereffective|p1a: Iron Treads
|-damage|p1a: Iron Treads|0 fnt
|faint|p1a: Iron Treads
|-end|p1a: Iron Treads|Quark Drive|[silent]
|
|upkeep
|
|t:|1781009723
|switch|p1a: Pelipper|Pelipper, F|100/100
|-weather|RainDance|[from] ability: Drizzle|[of] p1a: Pelipper
|turn|3
|
|t:|1781009727
|move|p2a: Iron Treads|Stealth Rock|p1a: Pelipper
|-sidestart|p1: tiftif|move: Stealth Rock
|move|p1a: Pelipper|U-turn|p2a: Iron Treads
|-resisted|p2a: Iron Treads
|-damage|p2a: Iron Treads|14/100
|
|t:|1781009733
|switch|p1a: Barraskewda|Barraskewda, M|100/100|[from] U-turn
|-damage|p1a: Barraskewda|88/100|[from] Stealth Rock
|
|-weather|RainDance|[upkeep]
|upkeep
|turn|4
|
|t:|1781009738
|move|p1a: Barraskewda|Flip Turn|p2a: Iron Treads
|-supereffective|p2a: Iron Treads
|-damage|p2a: Iron Treads|0 fnt
|faint|p2a: Iron Treads
|-end|p2a: Iron Treads|Quark Drive|[silent]
|
|t:|1781009747
|switch|p1a: Keldeo|Keldeo-Resolute|100/100|[from] Flip Turn
|-damage|p1a: Keldeo|94/100|[from] Stealth Rock
|
|-weather|RainDance|[upkeep]
|-heal|p1a: Keldeo|100/100|[from] item: Leftovers
|upkeep
|
|t:|1781009753
|switch|p2a: Ogerpon|Ogerpon, F|100/100
|turn|5
|
|t:|1781009757
|switch|p1a: Talonflame|Talonflame, M|100/100
|-damage|p1a: Talonflame|51/100|[from] Stealth Rock
|move|p2a: Ogerpon|Ivy Cudgel|p1a: Talonflame
|-resisted|p1a: Talonflame
|-damage|p1a: Talonflame|32/100
|
|-weather|RainDance|[upkeep]
|upkeep
|turn|6
|
|t:|1781009768
|switch|p2a: Gholdengo|Gholdengo|100/100
|move|p1a: Talonflame|Overheat|p2a: Gholdengo
|-supereffective|p2a: Gholdengo
|-damage|p2a: Gholdengo|9/100
|-unboost|p1a: Talonflame|spa|2
|
|-weather|RainDance|[upkeep]
|upkeep
|turn|7
|
|t:|1781009775
|move|p2a: Gholdengo|Shadow Ball|p1a: Talonflame
|-damage|p1a: Talonflame|0 fnt
|faint|p1a: Talonflame
|
|-weather|RainDance|[upkeep]
|upkeep
|
|t:|1781009787
|switch|p1a: Barraskewda|Barraskewda, M|88/100
|-damage|p1a: Barraskewda|76/100|[from] Stealth Rock
|turn|8
|
|t:|1781009796
|move|p1a: Barraskewda|Flip Turn|p2a: Gholdengo
|-damage|p2a: Gholdengo|0 fnt
|faint|p2a: Gholdengo
|
|t:|1781009801
|switch|p1a: Keldeo|Keldeo-Resolute|100/100|[from] Flip Turn
|-damage|p1a: Keldeo|94/100|[from] Stealth Rock
|
|-weather|RainDance|[upkeep]
|-heal|p1a: Keldeo|100/100|[from] item: Leftovers
|upkeep
|
|t:|1781009809
|switch|p2a: Ogerpon|Ogerpon, F|100/100
|turn|9
|
|t:|1781009820
|switch|p1a: Raging Bolt|Raging Bolt|100/100
|-damage|p1a: Raging Bolt|88/100|[from] Stealth Rock
|-enditem|p1a: Raging Bolt|Booster Energy
|-activate|p1a: Raging Bolt|ability: Protosynthesis|[fromitem]
|-start|p1a: Raging Bolt|protosynthesisspa
|move|p2a: Ogerpon|Ivy Cudgel|p1a: Raging Bolt
|-resisted|p1a: Raging Bolt
|-damage|p1a: Raging Bolt|66/100
|
|-weather|RainDance|[upkeep]
|upkeep
|turn|10
|
|t:|1781009843
|switch|p2a: Ninetales|Ninetales-Alola, F|100/100
|-weather|Snowscape|[from] ability: Snow Warning|[of] p2a: Ninetales
|move|p1a: Raging Bolt|Thunder|p2a: Ninetales
|-damage|p2a: Ninetales|14/100
|
|-weather|Snowscape|[upkeep]
|upkeep
|turn|11
|
|t:|1781009851
|-end|p1a: Raging Bolt|Protosynthesis|[silent]
|switch|p1a: Pelipper|Pelipper, F|100/100
|-damage|p1a: Pelipper|76/100|[from] Stealth Rock
|-weather|RainDance|[from] ability: Drizzle|[of] p1a: Pelipper
|move|p2a: Ninetales|Freeze-Dry|p1a: Pelipper
|-supereffective|p1a: Pelipper
|-damage|p1a: Pelipper|0 fnt
|faint|p1a: Pelipper
|
|-weather|RainDance|[upkeep]
|upkeep
|
|t:|1781009854
|switch|p1a: Barraskewda|Barraskewda, M|76/100
|-damage|p1a: Barraskewda|64/100|[from] Stealth Rock
|turn|12
|
|t:|1781009864
|switch|p2a: Quaquaval|Quaquaval, F|100/100
|move|p1a: Barraskewda|Liquidation|p2a: Quaquaval
|-resisted|p2a: Quaquaval
|-crit|p2a: Quaquaval
|-damage|p2a: Quaquaval|0 fnt
|faint|p2a: Quaquaval
|
|-weather|RainDance|[upkeep]
|upkeep
|
|t:|1781009872
|switch|p2a: Ninetales|Ninetales-Alola, F|14/100
|-weather|Snowscape|[from] ability: Snow Warning|[of] p2a: Ninetales
|turn|13
|
|t:|1781009876
|move|p1a: Barraskewda|Liquidation|p2a: Ninetales
|-damage|p2a: Ninetales|0 fnt
|faint|p2a: Ninetales
|
|-weather|Snowscape|[upkeep]
|upkeep
|
|t:|1781009881
|switch|p2a: Ogerpon|Ogerpon, F|100/100
|turn|14
|
|t:|1781009885
|switch|p1a: Raging Bolt|Raging Bolt|66/100
|-damage|p1a: Raging Bolt|53/100|[from] Stealth Rock
|move|p2a: Ogerpon|Ivy Cudgel|p1a: Raging Bolt
|-resisted|p1a: Raging Bolt
|-damage|p1a: Raging Bolt|29/100
|
|-weather|Snowscape|[upkeep]
|upkeep
|turn|15
|
|t:|1781009901
|move|p2a: Ogerpon|Knock Off|p1a: Raging Bolt
|-damage|p1a: Raging Bolt|7/100
|move|p1a: Raging Bolt|Weather Ball|p2a: Ogerpon
|-supereffective|p2a: Ogerpon
|-damage|p2a: Ogerpon|3/100
|
|-weather|Snowscape|[upkeep]
|upkeep
|turn|16
|
|t:|1781009907
|move|p1a: Raging Bolt|Thunderclap|p2a: Ogerpon
|-resisted|p2a: Ogerpon
|-damage|p2a: Ogerpon|0 fnt
|faint|p2a: Ogerpon
|
|-weather|Snowscape|[upkeep]
|upkeep
|
|t:|1781009912
|switch|p2a: Latias|Latias, F|100/100
|turn|17
|
|t:|1781009916
|-terastallize|p2a: Latias|Fairy
|move|p2a: Latias|Agility|p2a: Latias
|-boost|p2a: Latias|spe|2
|move|p1a: Raging Bolt|Dragon Pulse|p2a: Latias
|-immune|p2a: Latias
|
|-weather|none
|upkeep
|turn|18
|
|t:|1781009928
|move|p2a: Latias|Calm Mind|p2a: Latias
|-boost|p2a: Latias|spa|1
|-boost|p2a: Latias|spd|1
|move|p1a: Raging Bolt|Thunder|p2a: Latias
|-damage|p2a: Latias|70/100
|
|-heal|p2a: Latias|76/100|[from] item: Leftovers
|upkeep
|turn|19
|
|t:|1781009954
|move|p2a: Latias|Draining Kiss|p1a: Raging Bolt
|-supereffective|p1a: Raging Bolt
|-damage|p1a: Raging Bolt|0 fnt
|-heal|p2a: Latias|81/100|[from] drain|[of] p1a: Raging Bolt
|faint|p1a: Raging Bolt
|-end|p1a: Raging Bolt|Protosynthesis|[silent]
|
|-heal|p2a: Latias|87/100|[from] item: Leftovers
|upkeep
|
|t:|1781009958
|switch|p1a: Keldeo|Keldeo-Resolute|100/100
|-damage|p1a: Keldeo|94/100|[from] Stealth Rock
|turn|20
|
|t:|1781009963
|-terastallize|p1a: Keldeo|Steel
|move|p2a: Latias|Stored Power|p1a: Keldeo
|-resisted|p1a: Keldeo
|-damage|p1a: Keldeo|62/100
|move|p1a: Keldeo|Calm Mind|p1a: Keldeo
|-boost|p1a: Keldeo|spa|1
|-boost|p1a: Keldeo|spd|1
|
|-heal|p2a: Latias|93/100|[from] item: Leftovers
|-heal|p1a: Keldeo|69/100|[from] item: Leftovers
|upkeep
|turn|21
|
|t:|1781009972
|move|p2a: Latias|Calm Mind|p2a: Latias
|-boost|p2a: Latias|spa|1
|-boost|p2a: Latias|spd|1
|move|p1a: Keldeo|Calm Mind|p1a: Keldeo
|-boost|p1a: Keldeo|spa|1
|-boost|p1a: Keldeo|spd|1
|
|-heal|p2a: Latias|99/100|[from] item: Leftovers
|-heal|p1a: Keldeo|75/100|[from] item: Leftovers
|upkeep
|turn|22
|
|t:|1781009979
|move|p2a: Latias|Calm Mind|p2a: Latias
|-boost|p2a: Latias|spa|1
|-boost|p2a: Latias|spd|1
|move|p1a: Keldeo|Calm Mind|p1a: Keldeo
|-boost|p1a: Keldeo|spa|1
|-boost|p1a: Keldeo|spd|1
|
|-heal|p2a: Latias|100/100|[from] item: Leftovers
|-heal|p1a: Keldeo|81/100|[from] item: Leftovers
|upkeep
|turn|23
|
|t:|1781009987
|move|p2a: Latias|Calm Mind|p2a: Latias
|-boost|p2a: Latias|spa|1
|-boost|p2a: Latias|spd|1
|move|p1a: Keldeo|Substitute|p1a: Keldeo
|-start|p1a: Keldeo|Substitute
|-damage|p1a: Keldeo|56/100
|
|-heal|p1a: Keldeo|62/100|[from] item: Leftovers
|upkeep
|turn|24
|
|t:|1781009994
|move|p2a: Latias|Stored Power|p1a: Keldeo
|-resisted|p1a: Keldeo
|-end|p1a: Keldeo|Substitute
|move|p1a: Keldeo|Calm Mind|p1a: Keldeo
|-boost|p1a: Keldeo|spa|1
|-boost|p1a: Keldeo|spd|1
|
|-heal|p1a: Keldeo|69/100|[from] item: Leftovers
|upkeep
|turn|25
|
|t:|1781010002
|move|p2a: Latias|Stored Power|p1a: Keldeo
|-resisted|p1a: Keldeo
|-damage|p1a: Keldeo|18/100
|move|p1a: Keldeo|Calm Mind|p1a: Keldeo
|-boost|p1a: Keldeo|spa|1
|-boost|p1a: Keldeo|spd|1
|
|-heal|p1a: Keldeo|25/100|[from] item: Leftovers
|upkeep
|turn|26
|-message|tiftif forfeited.
|
|win|billythekid95
|raw|tiftif's rating: 1538 &rarr; <strong>1518</strong><br />(-20 for losing)
|raw|billythekid95's rating: 1531 &rarr; <strong>1551</strong><br />(+20 for winning)
|l|☆tiftif
|player|p1|
|l|☆billythekid95
|player|p2|
