|j|☆GLOWKING AGENDA
|j|☆bingbong441
|t:|1781107566
|gametype|singles
|player|p1|GLOWKING AGENDA|irida|1687
|player|p2|bingbong441|pokemaniac|1806
|gen|9
|tier|[Gen 9] OU
|rated|
|rule|HP Percentage Mod: HP is shown in percentages
|rule|Endless Battle Clause: Forcing endless battles is banned
|rule|Species Clause: Limit one of each Pokémon
|rule|OHKO Clause: OHKO moves are banned
|rule|Evasion Items Clause: Evasion items are banned
|rule|Evasion Moves Clause: Evasion moves are banned
|rule|Evasion Abilities Clause: Evasion abilities are banned
|rule|Sleep Moves Clause: Sleep-inducing moves are banned
|clearpoke
|poke|p1|Tinkaton, F|
|poke|p1|Ogerpon, F|
|poke|p1|Great Tusk|
|poke|p1|Pecharunt|
|poke|p1|Alomomola, M|
|poke|p1|Hydreigon, M|
|poke|p2|Rillaboom, M|
|poke|p2|Alomomola, F|
|poke|p2|Cinderace, F|
|poke|p2|Hoopa-Unbound|
|poke|p2|Fezandipiti, M|
|poke|p2|Zamazenta-*|
|teampreview
|inactive|Battle timer is ON: inactive players will automatically lose when time's up. (requested by GLOWKING AGENDA)
|
|t:|1781107574
|teamsize|p1|6
|teamsize|p2|6
|start
|switch|p1a: Overseer|Pecharunt|100/100
|switch|p2a: Cinderace|Cinderace, F|100/100
|turn|1
|
|t:|1781107578
|move|p2a: Cinderace|U-turn|p1a: Overseer
|-start|p2a: Cinderace|typechange|Bug|[from] ability: Libero
|-resisted|p1a: Overseer
|-damage|p1a: Overseer|97/100
|-damage|p2a: Cinderace|84/100|[from] item: Rocky Helmet|[of] p1a: Overseer
|
|t:|1781107583
|switch|p2a: Fezandipiti|Fezandipiti, M|100/100|[from] U-turn
|move|p1a: Overseer|Parting Shot|p2a: Fezandipiti
|-unboost|p2a: Fezandipiti|atk|1
|-unboost|p2a: Fezandipiti|spa|1
|
|t:|1781107586
|switch|p1a: Behemoth|Great Tusk, shiny|100/100|[from] Parting Shot
|
|upkeep
|turn|2
|
|t:|1781107592
|switch|p2a: Alomomola|Alomomola, F|100/100
|move|p1a: Behemoth|Headlong Rush|p2a: Alomomola
|-damage|p2a: Alomomola|67/100
|-unboost|p1a: Behemoth|def|1
|-unboost|p1a: Behemoth|spd|1
|-damage|p1a: Behemoth|84/100|[from] item: Rocky Helmet|[of] p2a: Alomomola
|
|upkeep
|turn|3
|
|t:|1781107598
|-end|p1a: Behemoth|Protosynthesis|[silent]
|switch|p1a: Smile.exe|Tinkaton, F, shiny|100/100
|-item|p1a: Smile.exe|Air Balloon
|move|p2a: Alomomola|Flip Turn|p1a: Smile.exe
|-damage|p1a: Smile.exe|79/100
|-enditem|p1a: Smile.exe|Air Balloon
|-enditem|p2a: Alomomola|Rocky Helmet|[silent]|[from] ability: Pickpocket|[of] p2a: Alomomola
|-item|p1a: Smile.exe|Rocky Helmet|[from] ability: Pickpocket|[of] p2a: Alomomola
|j| BiscoitoXDBr
|
|t:|1781107621
|switch|p2a: Cinderace|Cinderace, F|84/100|[from] Flip Turn
|
|upkeep
|turn|4
|
|t:|1781107626
|switch|p1a: Pisces|Alomomola, M, shiny|100/100
|move|p2a: Cinderace|U-turn|p1a: Pisces
|-start|p2a: Cinderace|typechange|Bug|[from] ability: Libero
|-damage|p1a: Pisces|72/100
|
|t:|1781107639
|switch|p2a: Rillaboom|Rillaboom, M|100/100|[from] U-turn
|-fieldstart|move: Grassy Terrain|[from] ability: Grassy Surge|[of] p2a: Rillaboom
|
|-heal|p1a: Pisces|79/100|[from] Grassy Terrain
|upkeep
|turn|5
|
|t:|1781107642
|switch|p1a: Overseer|Pecharunt|97/100
|move|p2a: Rillaboom|Knock Off|p1a: Overseer
|-supereffective|p1a: Overseer
|-damage|p1a: Overseer|48/100
|-damage|p2a: Rillaboom|84/100|[from] item: Rocky Helmet|[of] p1a: Overseer
|-enditem|p1a: Overseer|Rocky Helmet|[from] move: Knock Off|[of] p2a: Rillaboom
|
|-heal|p2a: Rillaboom|90/100|[from] Grassy Terrain
|-heal|p1a: Overseer|54/100|[from] Grassy Terrain
|upkeep
|turn|6
|
|t:|1781107655
|switch|p2a: Hoopa|Hoopa-Unbound|100/100
|move|p1a: Overseer|Recover|p1a: Overseer
|-heal|p1a: Overseer|100/100
|
|upkeep
|turn|7
|j| Hakone Outbound
|
|t:|1781107671
|switch|p1a: Smile.exe|Tinkaton, F, shiny|79/100
|move|p2a: Hoopa|Knock Off|p1a: Smile.exe
|-resisted|p1a: Smile.exe
|-damage|p1a: Smile.exe|46/100
|-damage|p2a: Hoopa|84/100|[from] item: Rocky Helmet|[of] p1a: Smile.exe
|-enditem|p1a: Smile.exe|Rocky Helmet|[from] move: Knock Off|[of] p2a: Hoopa
|-enditem|p2a: Hoopa|Assault Vest|[silent]|[from] ability: Pickpocket|[of] p2a: Hoopa
|-item|p1a: Smile.exe|Assault Vest|[from] ability: Pickpocket|[of] p2a: Hoopa
|-item|p2a: Hoopa|Assault Vest|[from] ability: Magician|[of] p1a: Smile.exe
|
|-heal|p1a: Smile.exe|52/100|[from] Grassy Terrain
|-heal|p2a: Hoopa|90/100|[from] Grassy Terrain
|upkeep
|turn|8
|c|☆bingbong441|lol
|c|☆bingbong441|incredible interraction
|c|☆GLOWKING AGENDA|kappachungus
|inactive|bingbong441 has 120 seconds left.
|
|t:|1781107721
|switch|p1a: Anonymous|Ogerpon, F|100/100
|switch|p2a: Alomomola|Alomomola, F|100/100
|
|-fieldend|move: Grassy Terrain
|upkeep
|turn|9
|
|t:|1781107733
|-terastallize|p1a: Anonymous|Grass
|detailschange|p1a: Anonymous|Ogerpon-Teal-Tera, F, tera:Grass
|-ability|p1a: Anonymous|Embody Aspect (Teal)|boost
|-boost|p1a: Anonymous|spe|1
|move|p1a: Anonymous|Ivy Cudgel|p2a: Alomomola
|-supereffective|p2a: Alomomola
|-damage|p2a: Alomomola|0 fnt
|faint|p2a: Alomomola
|
|upkeep
|inactive|bingbong441 has 90 seconds left.
|
|t:|1781107756
|switch|p2a: Fezandipiti|Fezandipiti, M|100/100
|turn|10
|
|t:|1781107766
|switch|p1a: Smile.exe|Tinkaton, F, shiny|52/100
|move|p2a: Fezandipiti|U-turn|p1a: Smile.exe
|-resisted|p1a: Smile.exe
|-damage|p1a: Smile.exe|47/100
|-enditem|p2a: Fezandipiti|Heavy-Duty Boots|[silent]|[from] ability: Pickpocket|[of] p2a: Fezandipiti
|-item|p1a: Smile.exe|Heavy-Duty Boots|[from] ability: Pickpocket|[of] p2a: Fezandipiti
|
|t:|1781107774
|switch|p2a: Cinderace|Cinderace, F|84/100|[from] U-turn
|
|upkeep
|turn|11
|inactive|bingbong441 has 90 seconds left.
|
|t:|1781107784
|switch|p1a: Pisces|Alomomola, M, shiny|100/100
|move|p2a: Cinderace|U-turn|p1a: Pisces
|-start|p2a: Cinderace|typechange|Bug|[from] ability: Libero
|-damage|p1a: Pisces|74/100
|
|t:|1781107802
|switch|p2a: Hoopa|Hoopa-Unbound|90/100|[from] U-turn
|
|upkeep
|turn|12
|
|t:|1781107822
|move|p2a: Hoopa|Thunderbolt|p1a: Pisces
|-supereffective|p1a: Pisces
|-damage|p1a: Pisces|35/100
|move|p1a: Pisces|Flip Turn|p2a: Hoopa
|-damage|p2a: Hoopa|73/100
|
|t:|1781107825
|switch|p1a: Anonymous|Ogerpon-Teal-Tera, F, tera:Grass|100/100|[from] Flip Turn
|-ability|p1a: Anonymous|Embody Aspect (Teal)|boost
|-boost|p1a: Anonymous|spe|1
|
|upkeep
|turn|13
|inactive|bingbong441 has 60 seconds left.
|
|t:|1781107863
|-terastallize|p2a: Hoopa|Poison
|move|p1a: Anonymous|Ivy Cudgel|p2a: Hoopa
|-resisted|p2a: Hoopa
|-damage|p2a: Hoopa|22/100
|move|p2a: Hoopa|Psychic Noise|p1a: Anonymous
|-damage|p1a: Anonymous|49/100
|-start|p1a: Anonymous|move: Heal Block
|
|upkeep
|turn|14
|
|t:|1781107874
|switch|p2a: Fezandipiti|Fezandipiti, M|100/100
|move|p1a: Anonymous|Ivy Cudgel|p2a: Fezandipiti
|-resisted|p2a: Fezandipiti
|-damage|p2a: Fezandipiti|52/100
|
|-end|p1a: Anonymous|move: Heal Block
|upkeep
|turn|15
|
|t:|1781107883
|switch|p1a: Overseer|Pecharunt|100/100
|move|p2a: Fezandipiti|Roost|p2a: Fezandipiti
|-heal|p2a: Fezandipiti|100/100
|-singleturn|p2a: Fezandipiti|move: Roost
|
|upkeep
|turn|16
|
|t:|1781107891
|move|p2a: Fezandipiti|Beat Up|p1a: Overseer
|-supereffective|p1a: Overseer
|-damage|p1a: Overseer|98/100
|-supereffective|p1a: Overseer
|-crit|p1a: Overseer
|-damage|p1a: Overseer|91/100
|-supereffective|p1a: Overseer
|-damage|p1a: Overseer|87/100
|-supereffective|p1a: Overseer
|-damage|p1a: Overseer|83/100
|-supereffective|p1a: Overseer
|-damage|p1a: Overseer|80/100
|-hitcount|p1a: Overseer|5
|move|p1a: Overseer|Parting Shot|p2a: Fezandipiti
|-unboost|p2a: Fezandipiti|atk|1
|-unboost|p2a: Fezandipiti|spa|1
|
|t:|1781107894
|switch|p1a: Behemoth|Great Tusk, shiny|84/100|[from] Parting Shot
|
|upkeep
|turn|17
|inactive|bingbong441 has 60 seconds left.
|
|t:|1781107922
|switch|p2a: Rillaboom|Rillaboom, M|90/100
|-fieldstart|move: Grassy Terrain|[from] ability: Grassy Surge|[of] p2a: Rillaboom
|move|p1a: Behemoth|Headlong Rush|p2a: Rillaboom
|-resisted|p2a: Rillaboom
|-damage|p2a: Rillaboom|59/100
|-unboost|p1a: Behemoth|def|1
|-unboost|p1a: Behemoth|spd|1
|
|-heal|p1a: Behemoth|90/100|[from] Grassy Terrain
|-heal|p2a: Rillaboom|65/100|[from] Grassy Terrain
|upkeep
|turn|18
|
|t:|1781107939
|-end|p1a: Behemoth|Protosynthesis|[silent]
|switch|p1a: Overseer|Pecharunt|80/100
|move|p2a: Rillaboom|U-turn|p1a: Overseer
|-resisted|p1a: Overseer
|-damage|p1a: Overseer|75/100
|
|t:|1781107942
|switch|p2a: Hoopa|Hoopa-Unbound, tera:Poison|22/100|[from] U-turn
|
|-heal|p1a: Overseer|81/100|[from] Grassy Terrain
|-heal|p2a: Hoopa|28/100|[from] Grassy Terrain
|upkeep
|turn|19
|l| BiscoitoXDBr
|
|t:|1781107954
|switch|p1a: Smile.exe|Tinkaton, F, shiny|47/100
|move|p2a: Hoopa|Psychic Noise|p1a: Smile.exe
|-resisted|p1a: Smile.exe
|-damage|p1a: Smile.exe|22/100
|-start|p1a: Smile.exe|move: Heal Block
|
|-heal|p2a: Hoopa|34/100|[from] Grassy Terrain
|upkeep
|turn|20
|
|t:|1781107976
|switch|p2a: Cinderace|Cinderace, F|84/100
|move|p1a: Smile.exe|Gigaton Hammer|p2a: Cinderace
|-resisted|p2a: Cinderace
|-damage|p2a: Cinderace|44/100
|
|-heal|p2a: Cinderace|50/100|[from] Grassy Terrain
|-end|p1a: Smile.exe|move: Heal Block
|upkeep
|turn|21
|
|t:|1781107984
|move|p2a: Cinderace|U-turn|p1a: Smile.exe
|-start|p2a: Cinderace|typechange|Bug|[from] ability: Libero
|-resisted|p1a: Smile.exe
|-damage|p1a: Smile.exe|11/100
|
|t:|1781107992
|switch|p2a: Fezandipiti|Fezandipiti, M|100/100|[from] U-turn
|move|p1a: Smile.exe|Stealth Rock|p2a: Fezandipiti
|-sidestart|p2: bingbong441|move: Stealth Rock
|
|-heal|p1a: Smile.exe|17/100|[from] Grassy Terrain
|-fieldend|move: Grassy Terrain
|upkeep
|turn|22
|
|t:|1781108005
|switch|p2a: Zamazenta|Zamazenta|100/100
|-damage|p2a: Zamazenta|94/100|[from] Stealth Rock
|-ability|p2a: Zamazenta|Dauntless Shield|boost
|-boost|p2a: Zamazenta|def|1
|move|p1a: Smile.exe|Gigaton Hammer|p2a: Zamazenta
|-damage|p2a: Zamazenta|66/100
|
|-heal|p2a: Zamazenta|72/100|[from] item: Leftovers
|upkeep
|turn|23
|
|t:|1781108013
|switch|p1a: Overseer|Pecharunt|81/100
|move|p2a: Zamazenta|Substitute|p2a: Zamazenta
|-start|p2a: Zamazenta|Substitute
|-damage|p2a: Zamazenta|47/100
|
|-heal|p2a: Zamazenta|54/100|[from] item: Leftovers
|upkeep
|turn|24
|
|t:|1781108018
|move|p2a: Zamazenta|Crunch|p1a: Overseer
|-supereffective|p1a: Overseer
|-damage|p1a: Overseer|61/100
|move|p1a: Overseer|Malignant Chain|p2a: Zamazenta
|-activate|p2a: Zamazenta|move: Substitute|[damage]
|
|-heal|p2a: Zamazenta|60/100|[from] item: Leftovers
|upkeep
|turn|25
|inactive|bingbong441 has 60 seconds left.
|
|t:|1781108028
|move|p2a: Zamazenta|Crunch|p1a: Overseer
|-supereffective|p1a: Overseer
|-damage|p1a: Overseer|40/100
|move|p1a: Overseer|Recover|p1a: Overseer
|-heal|p1a: Overseer|90/100
|
|-heal|p2a: Zamazenta|66/100|[from] item: Leftovers
|upkeep
|turn|26
|inactive|bingbong441 has 60 seconds left.
|
|t:|1781108034
|move|p2a: Zamazenta|Crunch|p1a: Overseer
|-supereffective|p1a: Overseer
|-damage|p1a: Overseer|69/100
|move|p1a: Overseer|Parting Shot|p2a: Zamazenta
|-unboost|p2a: Zamazenta|atk|1
|-unboost|p2a: Zamazenta|spa|1
|
|t:|1781108039
|switch|p1a: Anonymous|Ogerpon-Teal-Tera, F, tera:Grass|49/100|[from] Parting Shot
|-ability|p1a: Anonymous|Embody Aspect (Teal)|boost
|-boost|p1a: Anonymous|spe|1
|
|-heal|p2a: Zamazenta|72/100|[from] item: Leftovers
|upkeep
|turn|27
|
|t:|1781108049
|move|p1a: Anonymous|U-turn|p2a: Zamazenta
|-resisted|p2a: Zamazenta
|-end|p2a: Zamazenta|Substitute
|
|t:|1781108053
|switch|p1a: Overseer|Pecharunt|69/100|[from] U-turn
|move|p2a: Zamazenta|Iron Defense|p2a: Zamazenta
|-boost|p2a: Zamazenta|def|2
|
|-heal|p2a: Zamazenta|78/100|[from] item: Leftovers
|upkeep
|turn|28
|
|t:|1781108058
|move|p2a: Zamazenta|Substitute|p2a: Zamazenta
|-start|p2a: Zamazenta|Substitute
|-damage|p2a: Zamazenta|53/100
|move|p1a: Overseer|Malignant Chain|p2a: Zamazenta
|-end|p2a: Zamazenta|Substitute
|
|-heal|p2a: Zamazenta|60/100|[from] item: Leftovers
|upkeep
|turn|29
|
|t:|1781108064
|move|p2a: Zamazenta|Substitute|p2a: Zamazenta
|-start|p2a: Zamazenta|Substitute
|-damage|p2a: Zamazenta|35/100
|move|p1a: Overseer|Malignant Chain|p2a: Zamazenta
|-end|p2a: Zamazenta|Substitute
|
|-heal|p2a: Zamazenta|41/100|[from] item: Leftovers
|upkeep
|turn|30
|
|t:|1781108071
|move|p2a: Zamazenta|Substitute|p2a: Zamazenta
|-start|p2a: Zamazenta|Substitute
|-damage|p2a: Zamazenta|16/100
|move|p1a: Overseer|Malignant Chain|p2a: Zamazenta
|-activate|p2a: Zamazenta|move: Substitute|[damage]
|
|-heal|p2a: Zamazenta|22/100|[from] item: Leftovers
|upkeep
|turn|31
|inactive|bingbong441 has 90 seconds left.
|
|t:|1781108079
|move|p2a: Zamazenta|Crunch|p1a: Overseer
|-supereffective|p1a: Overseer
|-damage|p1a: Overseer|55/100
|-unboost|p1a: Overseer|def|1
|move|p1a: Overseer|Shadow Ball|p2a: Zamazenta
|-end|p2a: Zamazenta|Substitute
|
|-heal|p2a: Zamazenta|28/100|[from] item: Leftovers
|upkeep
|turn|32
|inactive|bingbong441 has 90 seconds left.
|
|t:|1781108091
|move|p2a: Zamazenta|Crunch|p1a: Overseer
|-supereffective|p1a: Overseer
|-damage|p1a: Overseer|34/100
|move|p1a: Overseer|Recover|p1a: Overseer
|-heal|p1a: Overseer|84/100
|
|-heal|p2a: Zamazenta|34/100|[from] item: Leftovers
|upkeep
|turn|33
|
|t:|1781108097
|move|p2a: Zamazenta|Substitute|p2a: Zamazenta
|-start|p2a: Zamazenta|Substitute
|-damage|p2a: Zamazenta|9/100
|move|p1a: Overseer|Parting Shot|p2a: Zamazenta
|-unboost|p2a: Zamazenta|atk|1
|-unboost|p2a: Zamazenta|spa|1
|
|t:|1781108099
|switch|p1a: Anonymous|Ogerpon-Teal-Tera, F, tera:Grass|49/100|[from] Parting Shot
|-ability|p1a: Anonymous|Embody Aspect (Teal)|boost
|-boost|p1a: Anonymous|spe|1
|
|-heal|p2a: Zamazenta|15/100|[from] item: Leftovers
|upkeep
|turn|34
|
|t:|1781108109
|move|p1a: Anonymous|U-turn|p2a: Zamazenta
|-resisted|p2a: Zamazenta
|-activate|p2a: Zamazenta|move: Substitute|[damage]
|
|t:|1781108111
|switch|p1a: Overseer|Pecharunt|84/100|[from] U-turn
|move|p2a: Zamazenta|Crunch|p1a: Overseer
|-supereffective|p1a: Overseer
|-damage|p1a: Overseer|74/100
|
|-heal|p2a: Zamazenta|22/100|[from] item: Leftovers
|upkeep
|turn|35
|
|t:|1781108115
|move|p2a: Zamazenta|Crunch|p1a: Overseer
|-supereffective|p1a: Overseer
|-damage|p1a: Overseer|63/100
|-unboost|p1a: Overseer|def|1
|move|p1a: Overseer|Malignant Chain|p2a: Zamazenta
|-end|p2a: Zamazenta|Substitute
|
|-heal|p2a: Zamazenta|28/100|[from] item: Leftovers
|upkeep
|turn|36
|
|t:|1781108123
|move|p2a: Zamazenta|Crunch|p1a: Overseer
|-supereffective|p1a: Overseer
|-damage|p1a: Overseer|49/100
|-unboost|p1a: Overseer|def|1
|move|p1a: Overseer|Recover|p1a: Overseer
|-heal|p1a: Overseer|99/100
|
|-heal|p2a: Zamazenta|34/100|[from] item: Leftovers
|upkeep
|turn|37
|inactive|bingbong441 has 120 seconds left.
|
|t:|1781108140
|move|p2a: Zamazenta|Crunch|p1a: Overseer
|-supereffective|p1a: Overseer
|-damage|p1a: Overseer|80/100
|move|p1a: Overseer|Parting Shot|p2a: Zamazenta
|-unboost|p2a: Zamazenta|atk|1
|-unboost|p2a: Zamazenta|spa|1
|
|t:|1781108147
|switch|p1a: Anonymous|Ogerpon-Teal-Tera, F, tera:Grass|49/100|[from] Parting Shot
|-ability|p1a: Anonymous|Embody Aspect (Teal)|boost
|-boost|p1a: Anonymous|spe|1
|
|-heal|p2a: Zamazenta|40/100|[from] item: Leftovers
|upkeep
|turn|38
|
|t:|1781108159
|move|p1a: Anonymous|U-turn|p2a: Zamazenta
|-resisted|p2a: Zamazenta
|-damage|p2a: Zamazenta|35/100
|
|t:|1781108162
|switch|p1a: Overseer|Pecharunt|80/100|[from] U-turn
|move|p2a: Zamazenta|Crunch|p1a: Overseer
|-supereffective|p1a: Overseer
|-damage|p1a: Overseer|71/100
|-unboost|p1a: Overseer|def|1
|
|-heal|p2a: Zamazenta|41/100|[from] item: Leftovers
|upkeep
|turn|39
|c|☆bingbong441|gg
|-message|bingbong441 forfeited.
|
|win|GLOWKING AGENDA
|raw|GLOWKING AGENDA's rating: 1687 &rarr; <strong>1714</strong><br />(+27 for winning)
|raw|bingbong441's rating: 1806 &rarr; <strong>1779</strong><br />(-27 for losing)
|c|☆GLOWKING AGENDA|ggs
|l|☆bingbong441
|player|p2|
|l|☆GLOWKING AGENDA
|player|p1|
