|j|☆Dillnchill
|j|☆llachiee
|t:|1781411694
|gametype|singles
|player|p1|Dillnchill|roxie|1594
|player|p2|llachiee|169|1593
|gen|9
|tier|[Gen 9] OU
|rated|
|rule|HP Percentage Mod: HP is shown in percentages
|rule|Endless Battle Clause: Forcing endless battles is banned
|rule|Species Clause: Limit one of each Pokémon
|rule|OHKO Clause: OHKO moves are banned
|rule|Evasion Items Clause: Evasion items are banned
|rule|Evasion Moves Clause: Evasion moves are banned
|rule|Evasion Abilities Clause: Evasion abilities are banned
|rule|Sleep Moves Clause: Sleep-inducing moves are banned
|clearpoke
|poke|p1|Great Tusk|
|poke|p1|Corviknight, M|
|poke|p1|Clefable, F|
|poke|p1|Dragapult, F|
|poke|p1|Samurott-Hisui, M|
|poke|p1|Slowking-Galar, M|
|poke|p2|Gliscor, F|
|poke|p2|Blissey, F|
|poke|p2|Clefable, F|
|poke|p2|Toxapex, F|
|poke|p2|Dondozo, F|
|poke|p2|Corviknight, F|
|teampreview
|
|t:|1781411708
|teamsize|p1|6
|teamsize|p2|6
|start
|switch|p1a: Samurott|Samurott-Hisui, M|100/100
|switch|p2a: Adder|Gliscor, F|100/100
|turn|1
|inactive|Battle timer is ON: inactive players will automatically lose when time's up. (requested by llachiee)
|
|t:|1781411711
|switch|p1a: Clefable|Clefable, F|100/100
|move|p2a: Adder|Protect||[still]
|-fail|p2a: Adder
|
|-status|p2a: Adder|tox|[from] item: Toxic Orb
|upkeep
|turn|2
|
|t:|1781411717
|switch|p2a: Lash|Toxapex, F, shiny|100/100
|move|p1a: Clefable|Stealth Rock|p2a: Lash
|-sidestart|p2: llachiee|move: Stealth Rock
|
|upkeep
|turn|3
|
|t:|1781411722
|switch|p1a: Slowking|Slowking-Galar, M|100/100
|switch|p2a: Adder|Gliscor, F|100/100 tox
|-damage|p2a: Adder|88/100 tox|[from] Stealth Rock
|
|-heal|p2a: Adder|100/100 tox|[from] ability: Poison Heal
|upkeep
|turn|4
|
|t:|1781411733
|-terastallize|p2a: Adder|Ghost
|move|p2a: Adder|Spikes|p1a: Slowking
|-sidestart|p1: Dillnchill|Spikes
|move|p1a: Slowking|Ice Beam|p2a: Adder
|-damage|p2a: Adder|63/100 tox
|
|-heal|p2a: Adder|75/100 tox|[from] ability: Poison Heal
|upkeep
|turn|5
|
|t:|1781411746
|switch|p1a: Samurott|Samurott-Hisui, M|100/100
|-damage|p1a: Samurott|88/100|[from] Spikes
|move|p2a: Adder|Knock Off|p1a: Samurott
|-resisted|p1a: Samurott
|-damage|p1a: Samurott|75/100
|-enditem|p1a: Samurott|Choice Scarf|[from] move: Knock Off|[of] p2a: Adder
|
|-heal|p2a: Adder|88/100 tox|[from] ability: Poison Heal
|upkeep
|turn|6
|
|t:|1781411753
|move|p2a: Adder|Protect|p2a: Adder
|-singleturn|p2a: Adder|Protect
|move|p1a: Samurott|Ceaseless Edge|p2a: Adder
|-activate|p2a: Adder|move: Protect
|
|-heal|p2a: Adder|99/100 tox|[from] ability: Poison Heal
|upkeep
|turn|7
|
|t:|1781411761
|switch|p2a: Nell|Clefable, F|100/100
|move|p1a: Samurott|Flip Turn|p2a: Nell
|-damage|p2a: Nell|79/100
|
|t:|1781411765
|switch|p1a: Slowking|Slowking-Galar, M|100/100|[from] Flip Turn
|-damage|p1a: Slowking|88/100|[from] Spikes
|
|upkeep
|turn|8
|
|t:|1781411773
|move|p2a: Nell|Trick|p1a: Slowking
|-activate|p2a: Nell|move: Trick|[of] p1a: Slowking
|-enditem|p1a: Slowking|Assault Vest|[silent]|[from] move: Trick
|-item|p2a: Nell|Assault Vest|[from] move: Trick
|move|p1a: Slowking|Psyshock|p2a: Nell
|-damage|p2a: Nell|50/100
|
|upkeep
|turn|9
|
|t:|1781411785
|switch|p2a: Adder|Gliscor, F, tera:Ghost|99/100 tox
|-damage|p2a: Adder|88/100 tox|[from] Stealth Rock
|move|p1a: Slowking|Psyshock|p2a: Adder
|-damage|p2a: Adder|62/100 tox
|
|-heal|p2a: Adder|74/100 tox|[from] ability: Poison Heal
|upkeep
|turn|10
|
|t:|1781411791
|switch|p1a: Samurott|Samurott-Hisui, M|75/100
|-damage|p1a: Samurott|62/100|[from] Spikes
|move|p2a: Adder|Spikes|p1a: Samurott
|-sidestart|p1: Dillnchill|Spikes
|
|-heal|p2a: Adder|87/100 tox|[from] ability: Poison Heal
|-damage|p1a: Samurott|50/100|[from] item: Sticky Barb
|upkeep
|turn|11
|
|t:|1781411799
|move|p2a: Adder|Protect|p2a: Adder
|-singleturn|p2a: Adder|Protect
|move|p1a: Samurott|Ceaseless Edge|p2a: Adder
|-activate|p2a: Adder|move: Protect
|
|-heal|p2a: Adder|99/100 tox|[from] ability: Poison Heal
|-damage|p1a: Samurott|38/100|[from] item: Sticky Barb
|upkeep
|turn|12
|
|t:|1781411812
|move|p1a: Samurott|Ceaseless Edge|p2a: Adder|[miss]
|-miss|p1a: Samurott|p2a: Adder
|move|p2a: Adder|Toxic|p1a: Samurott
|-status|p1a: Samurott|tox
|
|-damage|p1a: Samurott|31/100 tox|[from] psn
|-heal|p2a: Adder|100/100 tox|[from] ability: Poison Heal
|-damage|p1a: Samurott|19/100 tox|[from] item: Sticky Barb
|upkeep
|turn|13
|-message|Dillnchill forfeited.
|
|win|llachiee
|raw|Dillnchill's rating: 1594 &rarr; <strong>1574</strong><br />(-20 for losing)
|raw|llachiee's rating: 1593 &rarr; <strong>1613</strong><br />(+20 for winning)
|l|☆Dillnchill
|player|p1|
|l|☆llachiee
|player|p2|
