|j|☆Liker of Mudkips
|j|‽Arboks Fangs
|t:|1781585033
|gametype|singles
|player|p1|Liker of Mudkips|acetrainerf|1598
|player|p2|Arboks Fangs|galacticgruntf|1695
|gen|9
|tier|[Gen 9] OU
|rated|
|rule|HP Percentage Mod: HP is shown in percentages
|rule|Endless Battle Clause: Forcing endless battles is banned
|rule|Species Clause: Limit one of each Pokémon
|rule|OHKO Clause: OHKO moves are banned
|rule|Evasion Items Clause: Evasion items are banned
|rule|Evasion Moves Clause: Evasion moves are banned
|rule|Evasion Abilities Clause: Evasion abilities are banned
|rule|Sleep Moves Clause: Sleep-inducing moves are banned
|clearpoke
|poke|p1|Dragapult, F|
|poke|p1|Ogerpon-Wellspring, F|
|poke|p1|Slowking-Galar, F|
|poke|p1|Great Tusk|
|poke|p1|Zapdos|
|poke|p1|Kingambit, M|
|poke|p2|Ninetales-Alola, F|
|poke|p2|Klefki, F|
|poke|p2|Maushold-Four|
|poke|p2|Latias, F|
|poke|p2|Okidogi, M|
|poke|p2|Ogerpon-Wellspring, F|
|teampreview
|j| pls game
|inactive|Battle timer is ON: inactive players will automatically lose when time's up. (requested by Arboks Fangs)
|
|t:|1781585045
|teamsize|p1|6
|teamsize|p2|6
|start
|switch|p1a: Larxene|Zapdos|100/100
|switch|p2a: Ninetales|Ninetales-Alola, F|100/100
|-weather|Snowscape|[from] ability: Snow Warning|[of] p2a: Ninetales
|turn|1
|
|t:|1781585052
|move|p2a: Ninetales|Aurora Veil|p2a: Ninetales
|-sidestart|p2: Arboks Fangs|move: Aurora Veil
|move|p1a: Larxene|Heat Wave|p2a: Ninetales
|-supereffective|p2a: Ninetales
|-damage|p2a: Ninetales|68/100
|
|-weather|Snowscape|[upkeep]
|upkeep
|turn|2
|
|t:|1781585059
|switch|p1a: Pants|Slowking-Galar, F|100/100
|move|p2a: Ninetales|Misty Terrain|p2a: Ninetales
|-fieldstart|move: Misty Terrain
|
|-weather|Snowscape|[upkeep]
|upkeep
|turn|3
|
|t:|1781585066
|switch|p2a: Maushold|Maushold-Four|100/100
|move|p1a: Pants|Sludge Bomb|p2a: Maushold
|-damage|p2a: Maushold|77/100
|
|-weather|Snowscape|[upkeep]
|upkeep
|turn|4
|j| Spgdd
|
|t:|1781585074
|switch|p1a: Baku|Great Tusk|100/100
|move|p2a: Maushold|Tidy Up|p2a: Maushold
|-boost|p2a: Maushold|atk|1
|-boost|p2a: Maushold|spe|1
|
|-weather|Snowscape|[upkeep]
|upkeep
|turn|5
|
|t:|1781585084
|-terastallize|p1a: Baku|Steel
|move|p2a: Maushold|Tidy Up|p2a: Maushold
|-boost|p2a: Maushold|atk|1
|-boost|p2a: Maushold|spe|1
|move|p1a: Baku|Headlong Rush|p2a: Maushold
|-damage|p2a: Maushold|32/100
|-unboost|p1a: Baku|def|1
|-unboost|p1a: Baku|spd|1
|
|-weather|none
|upkeep
|turn|6
|
|t:|1781585094
|move|p2a: Maushold|Population Bomb|p1a: Baku
|-resisted|p1a: Baku
|-damage|p1a: Baku|88/100
|-damage|p2a: Maushold|16/100|[from] item: Rocky Helmet|[of] p1a: Baku
|-resisted|p1a: Baku
|-damage|p1a: Baku|75/100
|-damage|p2a: Maushold|0 fnt|[from] item: Rocky Helmet|[of] p1a: Baku
|faint|p2a: Maushold
|-hitcount|p1a: Baku|2
|move|p1a: Baku|Headlong Rush|p2: Maushold|[notarget]
|-fail|p1a: Baku
|
|-fieldend|Misty Terrain
|upkeep
|
|t:|1781585107
|switch|p2a: Latias|Latias, F|100/100
|turn|7
|
|t:|1781585113
|-end|p1a: Baku|Protosynthesis|[silent]
|switch|p1a: Pants|Slowking-Galar, F|100/100
|move|p2a: Latias|Agility|p2a: Latias
|-boost|p2a: Latias|spe|2
|
|upkeep
|turn|8
|
|t:|1781585119
|-terastallize|p2a: Latias|Steel
|move|p2a: Latias|Calm Mind|p2a: Latias
|-boost|p2a: Latias|spa|1
|-boost|p2a: Latias|spd|1
|move|p1a: Pants|Sludge Bomb|p2a: Latias
|-immune|p2a: Latias
|
|-sideend|p2: Arboks Fangs|move: Aurora Veil
|upkeep
|turn|9
|
|t:|1781585129
|move|p2a: Latias|Calm Mind|p2a: Latias
|-boost|p2a: Latias|spa|1
|-boost|p2a: Latias|spd|1
|move|p1a: Pants|Flamethrower|p2a: Latias
|-supereffective|p2a: Latias
|-damage|p2a: Latias|81/100
|-enditem|p2a: Latias|Weakness Policy
|-boost|p2a: Latias|atk|2|[from] item: Weakness Policy
|-boost|p2a: Latias|spa|2|[from] item: Weakness Policy
|
|upkeep
|turn|10
|
|t:|1781585138
|move|p2a: Latias|Stored Power|p1a: Pants
|-damage|p1a: Pants|0 fnt
|faint|p1a: Pants
|
|upkeep
|
|t:|1781585146
|switch|p1a: Nobunaga|Kingambit, M|100/100
|-activate|p1a: Nobunaga|ability: Supreme Overlord
|-start|p1a: Nobunaga|fallen1|[silent]
|-item|p1a: Nobunaga|Air Balloon
|turn|11
|
|t:|1781585154
|move|p2a: Latias|Aura Sphere|p1a: Nobunaga
|-supereffective|p1a: Nobunaga
|-damage|p1a: Nobunaga|0 fnt
|-enditem|p1a: Nobunaga|Air Balloon
|faint|p1a: Nobunaga
|-end|p1a: Nobunaga|fallen1|[silent]
|
|upkeep
|l| Spgdd
|
|t:|1781585170
|switch|p1a: Kos|Dragapult, F|100/100
|turn|12
|
|t:|1781585173
|move|p2a: Latias|Stored Power|p1a: Kos
|-damage|p1a: Kos|0 fnt
|faint|p1a: Kos
|
|upkeep
|-message|Liker of Mudkips forfeited.
|
|win|Arboks Fangs
|raw|Liker of Mudkips's rating: 1598 &rarr; <strong>1583</strong><br />(-15 for losing)
|raw|Arboks Fangs's rating: 1695 &rarr; <strong>1710</strong><br />(+15 for winning)
|l|☆Liker of Mudkips
|player|p1|
|l| pls game
|l|‽Arboks Fangs
|player|p2|
