|j|☆icylikedecember
|j|☆dnites
|t:|1780970323
|gametype|singles
|player|p1|icylikedecember|skierf|1693
|player|p2|dnites|265|1645
|gen|9
|tier|[Gen 9] OU
|rated|
|rule|HP Percentage Mod: HP is shown in percentages
|rule|Endless Battle Clause: Forcing endless battles is banned
|rule|Species Clause: Limit one of each Pokémon
|rule|OHKO Clause: OHKO moves are banned
|rule|Evasion Items Clause: Evasion items are banned
|rule|Evasion Moves Clause: Evasion moves are banned
|rule|Evasion Abilities Clause: Evasion abilities are banned
|rule|Sleep Moves Clause: Sleep-inducing moves are banned
|clearpoke
|poke|p1|Corviknight, M|
|poke|p1|Slowking-Galar, M|
|poke|p1|Darkrai|
|poke|p1|Kyurem|
|poke|p1|Zamazenta-*|
|poke|p1|Crawdaunt, M|
|poke|p2|Pincurchin, F|
|poke|p2|Hawlucha, F|
|poke|p2|Iron Valiant|
|poke|p2|Latias, F|
|poke|p2|Raichu-Alola, M|
|poke|p2|Iron Moth|
|teampreview
|
|t:|1780970328
|teamsize|p1|6
|teamsize|p2|6
|start
|switch|p1a: Slowking|Slowking-Galar, M, shiny|100/100
|switch|p2a: Pincurchin|Pincurchin, F|100/100
|-fieldstart|move: Electric Terrain|[from] ability: Electric Surge|[of] p2a: Pincurchin
|turn|1
|inactive|Battle timer is ON: inactive players will automatically lose when time's up. (requested by icylikedecember)
|
|t:|1780970334
|move|p1a: Slowking|Sludge Bomb|p2a: Pincurchin
|-damage|p2a: Pincurchin|42/100
|-status|p2a: Pincurchin|psn
|move|p2a: Pincurchin|Spikes|p1a: Slowking
|-sidestart|p1: icylikedecember|Spikes
|
|-damage|p2a: Pincurchin|30/100 psn|[from] psn
|upkeep
|turn|2
|
|t:|1780970341
|switch|p2a: Iron Moth|Iron Moth|100/100
|-activate|p2a: Iron Moth|ability: Quark Drive
|-start|p2a: Iron Moth|quarkdrivespa
|move|p1a: Slowking|Sludge Bomb|p2a: Iron Moth
|-resisted|p2a: Iron Moth
|-damage|p2a: Iron Moth|78/100
|
|upkeep
|turn|3
|
|t:|1780970344
|move|p2a: Iron Moth|U-turn|p1a: Slowking
|-damage|p1a: Slowking|90/100
|
|t:|1780970349
|-end|p2a: Iron Moth|Quark Drive|[silent]
|switch|p2a: Raichu|Raichu-Alola, M|100/100|[from] U-turn
|move|p1a: Slowking|Psyshock|p2a: Raichu
|-resisted|p2a: Raichu
|-damage|p2a: Raichu|57/100
|
|upkeep
|turn|4
|
|t:|1780970358
|move|p2a: Raichu|Volt Switch|p1a: Slowking
|-damage|p1a: Slowking|57/100
|
|t:|1780970361
|switch|p2a: Latias|Latias, F|100/100|[from] Volt Switch
|-enditem|p2a: Latias|Electric Seed
|-boost|p2a: Latias|def|1|[from] item: Electric Seed
|move|p1a: Slowking|Sludge Bomb|p2a: Latias
|-damage|p2a: Latias|66/100
|-status|p2a: Latias|psn
|
|-damage|p2a: Latias|54/100 psn|[from] psn
|upkeep
|turn|5
|
|t:|1780970369
|move|p2a: Latias|Calm Mind|p2a: Latias
|-boost|p2a: Latias|spa|1
|-boost|p2a: Latias|spd|1
|move|p1a: Slowking|Sludge Bomb|p2a: Latias
|-damage|p2a: Latias|34/100 psn
|
|-damage|p2a: Latias|22/100 psn|[from] psn
|upkeep
|turn|6
|
|t:|1780970383
|move|p2a: Latias|Recover|p2a: Latias
|-heal|p2a: Latias|72/100 psn
|move|p1a: Slowking|Sludge Bomb|p2a: Latias
|-damage|p2a: Latias|49/100 psn
|
|-damage|p2a: Latias|37/100 psn|[from] psn
|upkeep
|turn|7
|j| gvcbcbmnmbnmb
|l| gvcbcbmnmbnmb
|
|t:|1780970394
|move|p2a: Latias|Calm Mind|p2a: Latias
|-boost|p2a: Latias|spa|1
|-boost|p2a: Latias|spd|1
|move|p1a: Slowking|Sludge Bomb|p2a: Latias
|-damage|p2a: Latias|21/100 psn
|
|-damage|p2a: Latias|9/100 psn|[from] psn
|upkeep
|turn|8
|
|t:|1780970397
|move|p2a: Latias|Recover|p2a: Latias
|-heal|p2a: Latias|59/100 psn
|move|p1a: Slowking|Sludge Bomb|p2a: Latias
|-damage|p2a: Latias|41/100 psn
|
|-damage|p2a: Latias|29/100 psn|[from] psn
|-fieldend|move: Electric Terrain
|upkeep
|turn|9
|
|t:|1780970400
|move|p2a: Latias|Recover|p2a: Latias
|-heal|p2a: Latias|79/100 psn
|move|p1a: Slowking|Sludge Bomb|p2a: Latias
|-damage|p2a: Latias|63/100 psn
|
|-damage|p2a: Latias|50/100 psn|[from] psn
|upkeep
|turn|10
|
|t:|1780970404
|move|p2a: Latias|Calm Mind|p2a: Latias
|-boost|p2a: Latias|spa|1
|-boost|p2a: Latias|spd|1
|move|p1a: Slowking|Sludge Bomb|p2a: Latias
|-damage|p2a: Latias|38/100 psn
|
|-damage|p2a: Latias|26/100 psn|[from] psn
|upkeep
|turn|11
|
|t:|1780970407
|switch|p1a: Darkrai|Darkrai|100/100
|-damage|p1a: Darkrai|88/100|[from] Spikes
|move|p2a: Latias|Recover|p2a: Latias
|-heal|p2a: Latias|76/100 psn
|
|-damage|p2a: Latias|64/100 psn|[from] psn
|upkeep
|turn|12
|
|t:|1780970410
|move|p1a: Darkrai|Dark Pulse|p2a: Latias
|-supereffective|p2a: Latias
|-damage|p2a: Latias|34/100 psn
|move|p2a: Latias|Aura Sphere|p1a: Darkrai
|-supereffective|p1a: Darkrai
|-damage|p1a: Darkrai|0 fnt
|faint|p1a: Darkrai
|
|-damage|p2a: Latias|22/100 psn|[from] psn
|upkeep
|
|t:|1780970425
|switch|p1a: Crawdaunt|Crawdaunt, M|100/100
|-damage|p1a: Crawdaunt|88/100|[from] Spikes
|turn|13
|
|t:|1780970433
|-terastallize|p1a: Crawdaunt|Water
|move|p1a: Crawdaunt|Aqua Jet|p2a: Latias
|-resisted|p2a: Latias
|-damage|p2a: Latias|9/100 psn
|move|p2a: Latias|Aura Sphere|p1a: Crawdaunt
|-crit|p1a: Crawdaunt
|-damage|p1a: Crawdaunt|0 fnt
|faint|p1a: Crawdaunt
|
|-damage|p2a: Latias|0 fnt|[from] psn
|faint|p2a: Latias
|upkeep
|
|t:|1780970442
|switch|p2a: Pincurchin|Pincurchin, F|30/100 psn
|switch|p1a: Slowking|Slowking-Galar, M, shiny|90/100
|-damage|p1a: Slowking|78/100|[from] Spikes
|-fieldstart|move: Electric Terrain|[from] ability: Electric Surge|[of] p2a: Pincurchin
|turn|14
|
|t:|1780970448
|move|p2a: Pincurchin|Sucker Punch|p1a: Slowking
|-supereffective|p1a: Slowking
|-damage|p1a: Slowking|47/100
|move|p1a: Slowking|Sludge Bomb|p2a: Pincurchin
|-damage|p2a: Pincurchin|0 fnt
|faint|p2a: Pincurchin
|
|upkeep
|
|t:|1780970452
|switch|p2a: Raichu|Raichu-Alola, M|57/100
|turn|15
|
|t:|1780970461
|switch|p1a: Kyurem|Kyurem|100/100
|-damage|p1a: Kyurem|88/100|[from] Spikes
|-ability|p1a: Kyurem|Pressure
|move|p2a: Raichu|Thunderbolt|p1a: Kyurem
|-resisted|p1a: Kyurem
|-damage|p1a: Kyurem|53/100
|-status|p1a: Kyurem|par
|
|upkeep
|turn|16
|
|t:|1780970468
|switch|p2a: Iron Moth|Iron Moth|78/100
|-activate|p2a: Iron Moth|ability: Quark Drive
|-start|p2a: Iron Moth|quarkdrivespa
|move|p1a: Kyurem|Ice Beam|p2a: Iron Moth
|-resisted|p2a: Iron Moth
|-damage|p2a: Iron Moth|42/100
|
|upkeep
|turn|17
|
|t:|1780970476
|move|p2a: Iron Moth|Fiery Dance|p1a: Kyurem
|-damage|p1a: Kyurem|1/100 par
|-boost|p2a: Iron Moth|spa|1
|cant|p1a: Kyurem|par
|
|upkeep
|turn|18
|
|t:|1780970483
|move|p2a: Iron Moth|Fiery Dance|p1a: Kyurem
|-damage|p1a: Kyurem|0 fnt
|-boost|p2a: Iron Moth|spa|1
|faint|p1a: Kyurem
|
|upkeep
|
|t:|1780970494
|switch|p1a: Slowking|Slowking-Galar, M, shiny|80/100
|-damage|p1a: Slowking|68/100|[from] Spikes
|turn|19
|
|t:|1780970503
|-terastallize|p2a: Iron Moth|Fire
|move|p2a: Iron Moth|Fiery Dance|p1a: Slowking
|-damage|p1a: Slowking|0 fnt
|faint|p1a: Slowking
|
|upkeep
|
|t:|1780970507
|switch|p1a: Zamazenta|Zamazenta|100/100
|-damage|p1a: Zamazenta|88/100|[from] Spikes
|-ability|p1a: Zamazenta|Dauntless Shield|boost
|-boost|p1a: Zamazenta|def|1
|turn|20
|
|t:|1780970517
|-end|p2a: Iron Moth|Quark Drive|[silent]
|switch|p2a: Raichu|Raichu-Alola, M|57/100
|move|p1a: Zamazenta|Body Press|p2a: Raichu
|-resisted|p2a: Raichu
|-damage|p2a: Raichu|0 fnt
|faint|p2a: Raichu
|
|-heal|p1a: Zamazenta|94/100|[from] item: Leftovers
|upkeep
|
|t:|1780970519
|switch|p2a: Iron Valiant|Iron Valiant|100/100
|-activate|p2a: Iron Valiant|ability: Quark Drive
|-start|p2a: Iron Valiant|quarkdriveatk
|turn|21
|
|t:|1780970525
|move|p1a: Zamazenta|Iron Defense|p1a: Zamazenta
|-boost|p1a: Zamazenta|def|2
|move|p2a: Iron Valiant|Spirit Break|p1a: Zamazenta
|-supereffective|p1a: Zamazenta
|-damage|p1a: Zamazenta|51/100
|-unboost|p1a: Zamazenta|spa|1
|
|-heal|p1a: Zamazenta|57/100|[from] item: Leftovers
|-fieldend|move: Electric Terrain
|-end|p2a: Iron Valiant|Quark Drive
|upkeep
|turn|22
|
|t:|1780970542
|move|p1a: Zamazenta|Body Press|p2a: Iron Valiant
|-resisted|p2a: Iron Valiant
|-damage|p2a: Iron Valiant|47/100
|move|p2a: Iron Valiant|Spirit Break|p1a: Zamazenta
|-supereffective|p1a: Zamazenta
|-damage|p1a: Zamazenta|23/100
|-unboost|p1a: Zamazenta|spa|1
|
|-heal|p1a: Zamazenta|29/100|[from] item: Leftovers
|upkeep
|turn|23
|
|t:|1780970554
|move|p1a: Zamazenta|Body Press|p2a: Iron Valiant
|-resisted|p2a: Iron Valiant
|-damage|p2a: Iron Valiant|0 fnt
|faint|p2a: Iron Valiant
|-end|p2a: Iron Valiant|Quark Drive|[silent]
|
|-heal|p1a: Zamazenta|36/100|[from] item: Leftovers
|upkeep
|
|t:|1780970556
|switch|p2a: Hawlucha|Hawlucha, F|100/100
|turn|24
|
|t:|1780970564
|switch|p1a: Corviknight|Corviknight, M, shiny|100/100
|-ability|p1a: Corviknight|Pressure
|move|p2a: Hawlucha|Encore||[still]
|-fail|p2a: Hawlucha
|
|upkeep
|turn|25
|
|t:|1780970568
|move|p2a: Hawlucha|Swords Dance|p2a: Hawlucha
|-boost|p2a: Hawlucha|atk|2
|move|p1a: Corviknight|Brave Bird|p2a: Hawlucha
|-supereffective|p2a: Hawlucha
|-damage|p2a: Hawlucha|16/100
|-damage|p1a: Corviknight|76/100|[from] Recoil
|
|upkeep
|turn|26
|
|t:|1780970570
|move|p2a: Hawlucha|Drain Punch|p1a: Corviknight
|-damage|p1a: Corviknight|36/100
|-heal|p2a: Hawlucha|38/100|[from] drain|[of] p1a: Corviknight
|-damage|p2a: Hawlucha|22/100|[from] item: Rocky Helmet|[of] p1a: Corviknight
|move|p1a: Corviknight|Brave Bird|p2a: Hawlucha
|-supereffective|p2a: Hawlucha
|-damage|p2a: Hawlucha|0 fnt
|faint|p2a: Hawlucha
|-damage|p1a: Corviknight|30/100|[from] Recoil
|
|upkeep
|
|t:|1780970573
|switch|p2a: Iron Moth|Iron Moth, tera:Fire|42/100
|turn|27
|
|t:|1780970575
|move|p2a: Iron Moth|Fiery Dance|p1a: Corviknight
|-supereffective|p1a: Corviknight
|-damage|p1a: Corviknight|0 fnt
|faint|p1a: Corviknight
|
|upkeep
|
|t:|1780970576
|switch|p1a: Zamazenta|Zamazenta|36/100
|-damage|p1a: Zamazenta|23/100|[from] Spikes
|turn|28
|
|t:|1780970578
|move|p1a: Zamazenta|Body Press|p2a: Iron Moth
|-damage|p2a: Iron Moth|0 fnt
|faint|p2a: Iron Moth
|-end|p2a: Iron Moth|Quark Drive|[silent]
|
|win|icylikedecember
|raw|icylikedecember's rating: 1693 &rarr; <strong>1710</strong><br />(+17 for winning)
|raw|dnites's rating: 1645 &rarr; <strong>1628</strong><br />(-17 for losing)
|l|☆dnites
|player|p2|
|l|☆icylikedecember
|player|p1|
