|j|☆blackgokuking
|j|☆KurisuChestnutLab
|t:|1781120460
|gametype|singles
|player|p1|blackgokuking|101|1656
|player|p2|KurisuChestnutLab|may-contest|1567
|gen|9
|tier|[Gen 9] OU
|rated|
|rule|HP Percentage Mod: HP is shown in percentages
|rule|Endless Battle Clause: Forcing endless battles is banned
|rule|Species Clause: Limit one of each Pokémon
|rule|OHKO Clause: OHKO moves are banned
|rule|Evasion Items Clause: Evasion items are banned
|rule|Evasion Moves Clause: Evasion moves are banned
|rule|Evasion Abilities Clause: Evasion abilities are banned
|rule|Sleep Moves Clause: Sleep-inducing moves are banned
|clearpoke
|poke|p1|Kingambit, F|
|poke|p1|Kommo-o, F|
|poke|p1|Iron Valiant|
|poke|p1|Kyurem|
|poke|p1|Iron Treads|
|poke|p1|Iron Crown|
|poke|p2|Zamazenta-*|
|poke|p2|Zapdos|
|poke|p2|Garganacl, M|
|poke|p2|Clefable, M|
|poke|p2|Samurott-Hisui, F|
|poke|p2|Gholdengo|
|teampreview
|j| gorduricap
|inactive|Battle timer is ON: inactive players will automatically lose when time's up. (requested by KurisuChestnutLab)
|
|t:|1781120472
|teamsize|p1|6
|teamsize|p2|6
|start
|switch|p1a: Iron Treads|Iron Treads|100/100
|switch|p2a: Gholdengo|Gholdengo|100/100
|-enditem|p1a: Iron Treads|Booster Energy
|-activate|p1a: Iron Treads|ability: Quark Drive|[fromitem]
|-start|p1a: Iron Treads|quarkdrivespe
|turn|1
|
|t:|1781120476
|switch|p2a: Zamazenta|Zamazenta|100/100
|-ability|p2a: Zamazenta|Dauntless Shield|boost
|-boost|p2a: Zamazenta|def|1
|move|p1a: Iron Treads|Stealth Rock|p2a: Zamazenta
|-sidestart|p2: KurisuChestnutLab|move: Stealth Rock
|
|upkeep
|turn|2
|
|t:|1781120483
|move|p1a: Iron Treads|Earthquake|p2a: Zamazenta
|-damage|p2a: Zamazenta|80/100
|move|p2a: Zamazenta|Body Press|p1a: Iron Treads
|-supereffective|p1a: Iron Treads
|-damage|p1a: Iron Treads|28/100
|
|-heal|p2a: Zamazenta|87/100|[from] item: Leftovers
|upkeep
|turn|3
|
|t:|1781120491
|move|p1a: Iron Treads|Endeavor|p2a: Zamazenta
|-damage|p2a: Zamazenta|27/100
|move|p2a: Zamazenta|Iron Defense|p2a: Zamazenta
|-boost|p2a: Zamazenta|def|2
|
|-heal|p2a: Zamazenta|33/100|[from] item: Leftovers
|upkeep
|turn|4
|
|t:|1781120495
|move|p1a: Iron Treads|Endeavor|p2a: Zamazenta
|-damage|p2a: Zamazenta|27/100
|move|p2a: Zamazenta|Body Press|p1a: Iron Treads
|-supereffective|p1a: Iron Treads
|-damage|p1a: Iron Treads|0 fnt
|faint|p1a: Iron Treads
|-end|p1a: Iron Treads|Quark Drive|[silent]
|
|-heal|p2a: Zamazenta|33/100|[from] item: Leftovers
|upkeep
|
|t:|1781120505
|switch|p1a: Iron Crown|Iron Crown|100/100
|-enditem|p1a: Iron Crown|Booster Energy
|-activate|p1a: Iron Crown|ability: Quark Drive|[fromitem]
|-start|p1a: Iron Crown|quarkdrivespe
|turn|5
|
|t:|1781120509
|move|p1a: Iron Crown|Tachyon Cutter|p2a: Zamazenta
|-damage|p2a: Zamazenta|14/100
|-damage|p2a: Zamazenta|0 fnt
|faint|p2a: Zamazenta
|-hitcount|p2: Zamazenta|2
|
|upkeep
|
|t:|1781120516
|switch|p2a: Samurott|Samurott-Hisui, F|100/100
|-damage|p2a: Samurott|88/100|[from] Stealth Rock
|turn|6
|
|t:|1781120522
|-end|p1a: Iron Crown|Quark Drive|[silent]
|switch|p1a: Iron Valiant|Iron Valiant|100/100
|-enditem|p1a: Iron Valiant|Booster Energy
|-activate|p1a: Iron Valiant|ability: Quark Drive|[fromitem]
|-start|p1a: Iron Valiant|quarkdrivespe
|move|p2a: Samurott|Ceaseless Edge|p1a: Iron Valiant
|-resisted|p1a: Iron Valiant
|-damage|p1a: Iron Valiant|87/100
|-sidestart|p1: blackgokuking|Spikes
|
|upkeep
|turn|7
|
|t:|1781120530
|move|p1a: Iron Valiant|Shadow Ball|p2a: Samurott
|-resisted|p2a: Samurott
|-damage|p2a: Samurott|68/100
|-unboost|p2a: Samurott|spd|1
|move|p2a: Samurott|Ceaseless Edge|p1a: Iron Valiant
|-resisted|p1a: Iron Valiant
|-damage|p1a: Iron Valiant|73/100
|-sidestart|p1: blackgokuking|Spikes
|
|upkeep
|turn|8
|
|t:|1781120535
|move|p1a: Iron Valiant|Moonblast|p2a: Samurott
|-supereffective|p2a: Samurott
|-damage|p2a: Samurott|0 fnt
|faint|p2a: Samurott
|
|upkeep
|
|t:|1781120539
|switch|p2a: Clefable|Clefable, M|100/100
|turn|9
|
|t:|1781120543
|move|p1a: Iron Valiant|Moonblast|p2a: Clefable
|-damage|p2a: Clefable|56/100
|-unboost|p2a: Clefable|spa|1
|move|p2a: Clefable|Moonblast|p1a: Iron Valiant
|-supereffective|p1a: Iron Valiant
|-damage|p1a: Iron Valiant|0 fnt
|faint|p1a: Iron Valiant
|-end|p1a: Iron Valiant|Quark Drive|[silent]
|
|upkeep
|
|t:|1781120547
|switch|p1a: Iron Crown|Iron Crown|100/100
|-damage|p1a: Iron Crown|84/100|[from] Spikes
|turn|10
|
|t:|1781120550
|switch|p2a: Gholdengo|Gholdengo|100/100
|-damage|p2a: Gholdengo|94/100|[from] Stealth Rock
|move|p1a: Iron Crown|Calm Mind|p1a: Iron Crown
|-boost|p1a: Iron Crown|spa|1
|-boost|p1a: Iron Crown|spd|1
|
|upkeep
|turn|11
|
|t:|1781120573
|move|p2a: Gholdengo|Shadow Ball|p1a: Iron Crown
|-supereffective|p1a: Iron Crown
|-damage|p1a: Iron Crown|31/100
|-unboost|p1a: Iron Crown|spd|1
|move|p1a: Iron Crown|Tachyon Cutter|p2a: Gholdengo
|-resisted|p2a: Gholdengo
|-damage|p2a: Gholdengo|74/100
|-resisted|p2a: Gholdengo
|-damage|p2a: Gholdengo|53/100
|-hitcount|p2a: Gholdengo|2
|
|upkeep
|turn|12
|
|t:|1781120583
|-end|p1a: Iron Crown|Quark Drive|[silent]
|switch|p1a: Kingambit|Kingambit, F|100/100
|-damage|p1a: Kingambit|84/100|[from] Spikes
|-activate|p1a: Kingambit|ability: Supreme Overlord
|-start|p1a: Kingambit|fallen2|[silent]
|move|p2a: Gholdengo|Shadow Ball|p1a: Kingambit
|-resisted|p1a: Kingambit
|-damage|p1a: Kingambit|59/100
|
|-heal|p1a: Kingambit|65/100|[from] item: Leftovers
|upkeep
|turn|13
|
|t:|1781120589
|switch|p2a: Clefable|Clefable, M|56/100
|move|p1a: Kingambit|Swords Dance|p1a: Kingambit
|-boost|p1a: Kingambit|atk|2
|
|-heal|p1a: Kingambit|72/100|[from] item: Leftovers
|upkeep
|turn|14
|
|t:|1781120593
|move|p1a: Kingambit|Iron Head|p2a: Clefable
|-supereffective|p2a: Clefable
|-damage|p2a: Clefable|0 fnt
|faint|p2a: Clefable
|
|-heal|p1a: Kingambit|78/100|[from] item: Leftovers
|upkeep
|
|t:|1781120597
|switch|p2a: Zapdos|Zapdos|100/100
|turn|15
|
|t:|1781120603
|move|p1a: Kingambit|Sucker Punch|p2a: Zapdos
|-damage|p2a: Zapdos|28/100
|move|p2a: Zapdos|Discharge|p1a: Kingambit
|-damage|p1a: Kingambit|39/100
|-status|p1a: Kingambit|par
|
|-heal|p1a: Kingambit|45/100 par|[from] item: Leftovers
|upkeep
|turn|16
|
|t:|1781120608
|move|p2a: Zapdos|Roost|p2a: Zapdos
|-heal|p2a: Zapdos|78/100
|-singleturn|p2a: Zapdos|move: Roost
|move|p1a: Kingambit|Iron Head|p2a: Zapdos
|-resisted|p2a: Zapdos
|-damage|p2a: Zapdos|35/100
|
|-heal|p1a: Kingambit|51/100 par|[from] item: Leftovers
|upkeep
|turn|17
|
|t:|1781120613
|move|p2a: Zapdos|Roost|p2a: Zapdos
|-heal|p2a: Zapdos|85/100
|-singleturn|p2a: Zapdos|move: Roost
|cant|p1a: Kingambit|par
|
|-heal|p1a: Kingambit|58/100 par|[from] item: Leftovers
|upkeep
|turn|18
|
|t:|1781120617
|move|p1a: Kingambit|Sucker Punch|p2a: Zapdos
|-damage|p2a: Zapdos|13/100
|move|p2a: Zapdos|Discharge|p1a: Kingambit
|-damage|p1a: Kingambit|17/100 par
|
|-heal|p1a: Kingambit|23/100 par|[from] item: Leftovers
|upkeep
|turn|19
|
|t:|1781120621
|move|p2a: Zapdos|Roost|p2a: Zapdos
|-heal|p2a: Zapdos|63/100
|-singleturn|p2a: Zapdos|move: Roost
|move|p1a: Kingambit|Iron Head|p2a: Zapdos
|-resisted|p2a: Zapdos
|-damage|p2a: Zapdos|22/100
|
|-heal|p1a: Kingambit|29/100 par|[from] item: Leftovers
|upkeep
|turn|20
|
|t:|1781120625
|move|p2a: Zapdos|Roost|p2a: Zapdos
|-heal|p2a: Zapdos|73/100
|-singleturn|p2a: Zapdos|move: Roost
|move|p1a: Kingambit|Swords Dance|p1a: Kingambit
|-boost|p1a: Kingambit|atk|2
|
|-heal|p1a: Kingambit|36/100 par|[from] item: Leftovers
|upkeep
|turn|21
|
|t:|1781120632
|move|p1a: Kingambit|Sucker Punch||[still]
|-fail|p1a: Kingambit
|move|p2a: Zapdos|Roost|p2a: Zapdos
|-heal|p2a: Zapdos|100/100
|-singleturn|p2a: Zapdos|move: Roost
|
|-heal|p1a: Kingambit|42/100 par|[from] item: Leftovers
|upkeep
|turn|22
|
|t:|1781120638
|switch|p2a: Garganacl|Garganacl, M|100/100
|-damage|p2a: Garganacl|88/100|[from] Stealth Rock
|move|p1a: Kingambit|Sucker Punch||[still]
|-fail|p1a: Kingambit
|
|-heal|p2a: Garganacl|94/100|[from] item: Leftovers
|-heal|p1a: Kingambit|48/100 par|[from] item: Leftovers
|upkeep
|turn|23
|
|t:|1781120643
|move|p2a: Garganacl|Salt Cure|p1a: Kingambit
|-resisted|p1a: Kingambit
|-damage|p1a: Kingambit|43/100 par
|-start|p1a: Kingambit|Salt Cure
|cant|p1a: Kingambit|par
|
|-heal|p2a: Garganacl|100/100|[from] item: Leftovers
|-heal|p1a: Kingambit|49/100 par|[from] item: Leftovers
|-damage|p1a: Kingambit|24/100 par|[from] Salt Cure
|upkeep
|turn|24
|
|t:|1781120648
|switch|p2a: Zapdos|Zapdos|100/100
|move|p1a: Kingambit|Iron Head|p2a: Zapdos
|-resisted|p2a: Zapdos
|-damage|p2a: Zapdos|37/100
|
|-heal|p1a: Kingambit|30/100 par|[from] item: Leftovers
|-damage|p1a: Kingambit|5/100 par|[from] Salt Cure
|upkeep
|turn|25
|
|t:|1781120653
|move|p2a: Zapdos|Volt Switch|p1a: Kingambit
|-damage|p1a: Kingambit|0 fnt
|faint|p1a: Kingambit
|-end|p1a: Kingambit|fallen2|[silent]
|
|t:|1781120660
|switch|p2a: Gholdengo|Gholdengo|53/100|[from] Volt Switch
|-damage|p2a: Gholdengo|47/100|[from] Stealth Rock
|
|upkeep
|
|t:|1781120665
|switch|p1a: Kommo-o|Kommo-o, F|100/100
|-damage|p1a: Kommo-o|84/100|[from] Spikes
|turn|26
|
|t:|1781120670
|move|p2a: Gholdengo|Make It Rain|p1a: Kommo-o
|-damage|p1a: Kommo-o|29/100
|-unboost|p2a: Gholdengo|spa|1
|move|p1a: Kommo-o|Clangorous Soul||[still]
|-fail|p1a: Kommo-o
|
|-heal|p1a: Kommo-o|36/100|[from] item: Leftovers
|upkeep
|turn|27
|
|t:|1781120675
|move|p2a: Gholdengo|Make It Rain|p1a: Kommo-o
|-damage|p1a: Kommo-o|0 fnt
|-unboost|p2a: Gholdengo|spa|1
|faint|p1a: Kommo-o
|
|upkeep
|
|t:|1781120679
|switch|p1a: Iron Crown|Iron Crown|31/100
|-damage|p1a: Iron Crown|15/100|[from] Spikes
|turn|28
|
|t:|1781120683
|move|p2a: Gholdengo|Make It Rain|p1a: Iron Crown
|-resisted|p1a: Iron Crown
|-damage|p1a: Iron Crown|0 fnt
|-unboost|p2a: Gholdengo|spa|1
|faint|p1a: Iron Crown
|-end|p1a: Iron Crown|Quark Drive|[silent]
|
|upkeep
|
|t:|1781120685
|switch|p1a: Kyurem|Kyurem|100/100
|-damage|p1a: Kyurem|84/100|[from] Spikes
|-ability|p1a: Kyurem|Pressure
|turn|29
|
|t:|1781120689
|-terastallize|p1a: Kyurem|Ground
|move|p2a: Gholdengo|Make It Rain|p1a: Kyurem
|-damage|p1a: Kyurem|56/100
|-unboost|p2a: Gholdengo|spa|1
|move|p1a: Kyurem|Dragon Dance|p1a: Kyurem
|-boost|p1a: Kyurem|atk|1
|-boost|p1a: Kyurem|spe|1
|
|upkeep
|turn|30
|
|t:|1781120701
|move|p1a: Kyurem|Dragon Dance|p1a: Kyurem
|-boost|p1a: Kyurem|atk|1
|-boost|p1a: Kyurem|spe|1
|move|p2a: Gholdengo|Make It Rain|p1a: Kyurem
|-damage|p1a: Kyurem|35/100
|-unboost|p2a: Gholdengo|spa|1
|
|upkeep
|turn|31
|
|t:|1781120708
|-terastallize|p2a: Gholdengo|Flying
|move|p1a: Kyurem|Icicle Spear|p2a: Gholdengo
|-supereffective|p2a: Gholdengo
|-damage|p2a: Gholdengo|0 fnt
|faint|p2a: Gholdengo
|-hitcount|p2: Gholdengo|1
|
|upkeep
|
|t:|1781120715
|switch|p2a: Garganacl|Garganacl, M|100/100
|-damage|p2a: Garganacl|88/100|[from] Stealth Rock
|turn|32
|
|t:|1781120720
|move|p1a: Kyurem|Icicle Spear|p2a: Garganacl
|-damage|p2a: Garganacl|72/100
|-damage|p2a: Garganacl|55/100
|-damage|p2a: Garganacl|38/100
|-damage|p2a: Garganacl|21/100
|-hitcount|p2a: Garganacl|4
|move|p2a: Garganacl|Salt Cure|p1a: Kyurem
|-resisted|p1a: Kyurem
|-damage|p1a: Kyurem|29/100
|-start|p1a: Kyurem|Salt Cure
|
|-heal|p2a: Garganacl|27/100|[from] item: Leftovers
|-damage|p1a: Kyurem|16/100|[from] Salt Cure
|upkeep
|turn|33
|
|t:|1781120726
|move|p1a: Kyurem|Icicle Spear|p2a: Garganacl
|-damage|p2a: Garganacl|9/100
|-damage|p2a: Garganacl|0 fnt
|faint|p2a: Garganacl
|-hitcount|p2: Garganacl|2
|
|-damage|p1a: Kyurem|4/100|[from] Salt Cure
|upkeep
|
|t:|1781120732
|switch|p2a: Zapdos|Zapdos|37/100
|turn|34
|
|t:|1781120737
|move|p1a: Kyurem|Icicle Spear|p2a: Zapdos
|-supereffective|p2a: Zapdos
|-damage|p2a: Zapdos|2/100
|-supereffective|p2a: Zapdos
|-damage|p2a: Zapdos|0 fnt
|faint|p2a: Zapdos
|-hitcount|p2: Zapdos|2
|
|win|blackgokuking
|raw|blackgokuking's rating: 1656 &rarr; <strong>1673</strong><br />(+17 for winning)
|raw|KurisuChestnutLab's rating: 1604 &rarr; <strong>1587</strong><br />(-17 for losing)
