|j|☆testingrainteam2
|j|☆mastersannin
|t:|1781023925
|gametype|singles
|player|p1|testingrainteam2|unknown|1556
|player|p2|mastersannin|266|1600
|gen|9
|tier|[Gen 9] OU
|rated|
|rule|HP Percentage Mod: HP is shown in percentages
|rule|Endless Battle Clause: Forcing endless battles is banned
|rule|Species Clause: Limit one of each Pokémon
|rule|OHKO Clause: OHKO moves are banned
|rule|Evasion Items Clause: Evasion items are banned
|rule|Evasion Moves Clause: Evasion moves are banned
|rule|Evasion Abilities Clause: Evasion abilities are banned
|rule|Sleep Moves Clause: Sleep-inducing moves are banned
|clearpoke
|poke|p1|Pelipper, F|
|poke|p1|Hatterene, F|
|poke|p1|Iron Treads|
|poke|p1|Toxicroak, F|
|poke|p1|Barraskewda, F|
|poke|p1|Kilowattrel, M|
|poke|p2|Samurott-Hisui, F|
|poke|p2|Zapdos|
|poke|p2|Iron Treads|
|poke|p2|Ceruledge, M|
|poke|p2|Gholdengo|
|poke|p2|Kingambit, M|
|teampreview
|inactive|Battle timer is ON: inactive players will automatically lose when time's up. (requested by mastersannin)
|inactive|testingrainteam2 also wants the timer to be on.
|
|t:|1781023934
|teamsize|p1|6
|teamsize|p2|6
|start
|switch|p1a: Kilowattrel|Kilowattrel, M|100/100
|switch|p2a: Samurott|Samurott-Hisui, F|100/100
|turn|1
|
|t:|1781023938
|switch|p2a: Iron Treads|Iron Treads|100/100
|move|p1a: Kilowattrel|Volt Switch|p2a: Iron Treads
|-immune|p2a: Iron Treads
|
|upkeep
|turn|2
|
|t:|1781023942
|switch|p1a: Hatterene|Hatterene, F|100/100
|move|p2a: Iron Treads|Stealth Rock|p1a: Hatterene
|move|p1a: Hatterene|Stealth Rock|p2a: Iron Treads|[from] ability: Magic Bounce
|-sidestart|p2: mastersannin|move: Stealth Rock
|
|upkeep
|turn|3
|
|t:|1781023952
|switch|p1a: Pelipper|Pelipper, F|100/100
|-weather|RainDance|[from] ability: Drizzle|[of] p1a: Pelipper
|move|p2a: Iron Treads|Rapid Spin|p1a: Pelipper
|-damage|p1a: Pelipper|83/100
|-boost|p2a: Iron Treads|spe|1
|-sideend|p2: mastersannin|Stealth Rock|[from] move: Rapid Spin|[of] p2a: Iron Treads
|
|-weather|RainDance|[upkeep]
|upkeep
|turn|4
|
|t:|1781023960
|-end|p2a: Iron Treads|Quark Drive|[silent]
|switch|p2a: Samurott|Samurott-Hisui, F|100/100
|switch|p1a: Hatterene|Hatterene, F|100/100
|
|-weather|RainDance|[upkeep]
|upkeep
|turn|5
|
|t:|1781023967
|move|p2a: Samurott|Razor Shell|p1a: Hatterene
|-damage|p1a: Hatterene|29/100
|-unboost|p1a: Hatterene|def|1
|-enditem|p1a: Hatterene|Eject Button
|
|t:|1781023978
|switch|p1a: Kilowattrel|Kilowattrel, M|100/100
|
|-weather|RainDance|[upkeep]
|upkeep
|turn|6
|inactive|testingrainteam2 has 120 seconds left.
|
|t:|1781024023
|move|p1a: Kilowattrel|Hurricane|p2a: Samurott
|-damage|p2a: Samurott|46/100
|move|p2a: Samurott|Razor Shell|p1a: Kilowattrel
|-damage|p1a: Kilowattrel|0 fnt
|faint|p1a: Kilowattrel
|
|-weather|RainDance|[upkeep]
|upkeep
|
|t:|1781024029
|switch|p1a: Toxicroak|Toxicroak, F|100/100
|turn|7
|
|t:|1781024045
|switch|p2a: Gholdengo|Gholdengo|100/100
|-item|p2a: Gholdengo|Air Balloon
|move|p1a: Toxicroak|Drain Punch|p2a: Gholdengo
|-immune|p2a: Gholdengo
|
|-weather|RainDance|[upkeep]
|upkeep
|turn|8
|
|t:|1781024050
|move|p1a: Toxicroak|Knock Off|p2a: Gholdengo
|-supereffective|p2a: Gholdengo
|-damage|p2a: Gholdengo|69/100
|-enditem|p2a: Gholdengo|Air Balloon
|move|p2a: Gholdengo|Thunder Wave|p1a: Toxicroak
|-status|p1a: Toxicroak|par
|
|-weather|RainDance|[upkeep]
|upkeep
|turn|9
|
|t:|1781024059
|switch|p1a: Iron Treads|Iron Treads|100/100
|move|p2a: Gholdengo|Hex|p1a: Iron Treads
|-damage|p1a: Iron Treads|78/100
|
|-weather|RainDance|[upkeep]
|-heal|p1a: Iron Treads|84/100|[from] item: Leftovers
|upkeep
|turn|10
|
|t:|1781024070
|switch|p2a: Zapdos|Zapdos|100/100
|move|p1a: Iron Treads|Volt Switch|p2a: Zapdos
|-damage|p2a: Zapdos|89/100
|
|t:|1781024082
|-end|p1a: Iron Treads|Quark Drive|[silent]
|switch|p1a: Barraskewda|Barraskewda, F|100/100|[from] Volt Switch
|
|-weather|none
|upkeep
|turn|11
|
|t:|1781024090
|-terastallize|p1a: Barraskewda|Water
|move|p1a: Barraskewda|Flip Turn|p2a: Zapdos
|-damage|p2a: Zapdos|38/100
|-status|p1a: Barraskewda|par|[from] ability: Static|[of] p2a: Zapdos
|
|t:|1781024096
|switch|p1a: Iron Treads|Iron Treads|84/100|[from] Flip Turn
|move|p2a: Zapdos|Volt Switch|p1a: Iron Treads
|-immune|p1a: Iron Treads
|
|-heal|p1a: Iron Treads|90/100|[from] item: Leftovers
|upkeep
|turn|12
|
|t:|1781024099
|move|p1a: Iron Treads|Stealth Rock|p2a: Zapdos
|-sidestart|p2: mastersannin|move: Stealth Rock
|move|p2a: Zapdos|Roost|p2a: Zapdos
|-heal|p2a: Zapdos|88/100
|-singleturn|p2a: Zapdos|move: Roost
|
|-heal|p1a: Iron Treads|96/100|[from] item: Leftovers
|upkeep
|turn|13
|
|t:|1781024111
|move|p1a: Iron Treads|Earthquake|p2a: Zapdos
|-immune|p2a: Zapdos
|move|p2a: Zapdos|Volt Switch|p1a: Iron Treads
|-immune|p1a: Iron Treads
|
|-heal|p1a: Iron Treads|100/100|[from] item: Leftovers
|upkeep
|turn|14
|
|t:|1781024114
|move|p1a: Iron Treads|Earthquake|p2a: Zapdos
|-immune|p2a: Zapdos
|move|p2a: Zapdos|Hurricane|p1a: Iron Treads|[miss]
|-miss|p2a: Zapdos|p1a: Iron Treads
|
|upkeep
|turn|15
|
|t:|1781024122
|move|p1a: Iron Treads|Volt Switch|p2a: Zapdos
|-damage|p2a: Zapdos|77/100
|
|t:|1781024123
|-end|p1a: Iron Treads|Quark Drive|[silent]
|switch|p1a: Hatterene|Hatterene, F|29/100|[from] Volt Switch
|move|p2a: Zapdos|Volt Switch|p1a: Hatterene
|-damage|p1a: Hatterene|0 fnt
|faint|p1a: Hatterene
|
|t:|1781024144
|switch|p2a: Samurott|Samurott-Hisui, F|46/100|[from] Volt Switch
|-damage|p2a: Samurott|34/100|[from] Stealth Rock
|
|upkeep
|
|t:|1781024149
|switch|p1a: Toxicroak|Toxicroak, F|100/100 par
|turn|16
|
|t:|1781024158
|move|p2a: Samurott|Ceaseless Edge|p1a: Toxicroak
|-resisted|p1a: Toxicroak
|-damage|p1a: Toxicroak|81/100 par
|-damage|p2a: Samurott|17/100|[from] item: Rocky Helmet|[of] p1a: Toxicroak
|-sidestart|p1: testingrainteam2|Spikes
|cant|p1a: Toxicroak|par
|
|upkeep
|turn|17
|
|t:|1781024170
|move|p2a: Samurott|Razor Shell|p1a: Toxicroak
|-heal|p1a: Toxicroak|100/100 par|[from] ability: Dry Skin|[of] p2a: Samurott
|move|p1a: Toxicroak|Knock Off|p2a: Samurott
|-resisted|p2a: Samurott
|-damage|p2a: Samurott|5/100
|-enditem|p2a: Samurott|Assault Vest|[from] move: Knock Off|[of] p1a: Toxicroak
|
|upkeep
|turn|18
|
|t:|1781024177
|move|p2a: Samurott|Ceaseless Edge|p1a: Toxicroak
|-resisted|p1a: Toxicroak
|-damage|p1a: Toxicroak|82/100 par
|-damage|p2a: Samurott|0 fnt|[from] item: Rocky Helmet|[of] p1a: Toxicroak
|faint|p2a: Samurott
|move|p1a: Toxicroak|Drain Punch|p2: Samurott|[notarget]
|-fail|p1a: Toxicroak
|
|upkeep
|
|t:|1781024186
|switch|p2a: Iron Treads|Iron Treads|100/100
|-damage|p2a: Iron Treads|97/100|[from] Stealth Rock
|turn|19
|
|t:|1781024192
|switch|p1a: Pelipper|Pelipper, F|83/100
|-weather|RainDance|[from] ability: Drizzle|[of] p1a: Pelipper
|move|p2a: Iron Treads|Stealth Rock|p1a: Pelipper
|-sidestart|p1: testingrainteam2|move: Stealth Rock
|
|-weather|RainDance|[upkeep]
|-heal|p2a: Iron Treads|100/100|[from] item: Leftovers
|upkeep
|turn|20
|
|t:|1781024196
|move|p2a: Iron Treads|Knock Off|p1a: Pelipper
|-damage|p1a: Pelipper|51/100
|-enditem|p1a: Pelipper|Damp Rock|[from] move: Knock Off|[of] p2a: Iron Treads
|move|p1a: Pelipper|U-turn|p2a: Iron Treads
|-resisted|p2a: Iron Treads
|-damage|p2a: Iron Treads|96/100
|
|t:|1781024199
|switch|p1a: Barraskewda|Barraskewda, F, tera:Water|100/100 par|[from] U-turn
|-damage|p1a: Barraskewda|88/100 par|[from] Spikes
|-damage|p1a: Barraskewda|76/100 par|[from] Stealth Rock
|
|-weather|RainDance|[upkeep]
|-heal|p2a: Iron Treads|100/100|[from] item: Leftovers
|upkeep
|turn|21
|
|t:|1781024205
|move|p1a: Barraskewda|Liquidation|p2a: Iron Treads
|-supereffective|p2a: Iron Treads
|-damage|p2a: Iron Treads|0 fnt
|faint|p2a: Iron Treads
|-end|p2a: Iron Treads|Quark Drive|[silent]
|
|-weather|RainDance|[upkeep]
|upkeep
|
|t:|1781024208
|switch|p2a: Zapdos|Zapdos|77/100
|turn|22
|
|t:|1781024212
|cant|p1a: Barraskewda|par
|move|p2a: Zapdos|Hurricane|p1a: Barraskewda
|-damage|p1a: Barraskewda|0 fnt
|faint|p1a: Barraskewda
|
|-weather|RainDance|[upkeep]
|upkeep
|
|t:|1781024218
|switch|p1a: Iron Treads|Iron Treads|100/100
|-damage|p1a: Iron Treads|88/100|[from] Spikes
|-damage|p1a: Iron Treads|85/100|[from] Stealth Rock
|turn|23
|
|t:|1781024222
|switch|p2a: Gholdengo|Gholdengo|69/100
|-damage|p2a: Gholdengo|63/100|[from] Stealth Rock
|move|p1a: Iron Treads|Rapid Spin|p2a: Gholdengo
|-immune|p2a: Gholdengo
|
|-weather|RainDance|[upkeep]
|-heal|p1a: Iron Treads|91/100|[from] item: Leftovers
|upkeep
|turn|24
|
|t:|1781024230
|move|p1a: Iron Treads|Earthquake|p2a: Gholdengo
|-supereffective|p2a: Gholdengo
|-damage|p2a: Gholdengo|11/100
|move|p2a: Gholdengo|Recover|p2a: Gholdengo
|-heal|p2a: Gholdengo|61/100
|
|-weather|RainDance|[upkeep]
|-heal|p1a: Iron Treads|97/100|[from] item: Leftovers
|upkeep
|turn|25
|
|t:|1781024241
|move|p1a: Iron Treads|Earthquake|p2a: Gholdengo
|-supereffective|p2a: Gholdengo
|-damage|p2a: Gholdengo|7/100
|move|p2a: Gholdengo|Recover|p2a: Gholdengo
|-heal|p2a: Gholdengo|57/100
|
|-weather|RainDance|[upkeep]
|-heal|p1a: Iron Treads|100/100|[from] item: Leftovers
|upkeep
|turn|26
|
|t:|1781024244
|switch|p2a: Zapdos|Zapdos|77/100
|move|p1a: Iron Treads|Earthquake|p2a: Zapdos
|-immune|p2a: Zapdos
|
|-weather|none
|upkeep
|turn|27
|
|t:|1781024248
|move|p1a: Iron Treads|Rapid Spin|p2a: Zapdos
|-damage|p2a: Zapdos|68/100
|-boost|p1a: Iron Treads|spe|1
|-status|p1a: Iron Treads|par|[from] ability: Static|[of] p2a: Zapdos
|-sideend|p1: testingrainteam2|Spikes|[from] move: Rapid Spin|[of] p1a: Iron Treads
|-sideend|p1: testingrainteam2|Stealth Rock|[from] move: Rapid Spin|[of] p1a: Iron Treads
|move|p2a: Zapdos|Roost|p2a: Zapdos
|-heal|p2a: Zapdos|100/100
|-singleturn|p2a: Zapdos|move: Roost
|
|upkeep
|turn|28
|-message|testingrainteam2 forfeited.
|
|win|mastersannin
|raw|testingrainteam2's rating: 1556 &rarr; <strong>1539</strong><br />(-17 for losing)
|raw|mastersannin's rating: 1600 &rarr; <strong>1617</strong><br />(+17 for winning)
|l|☆testingrainteam2
|player|p1|
|l|☆mastersannin
|player|p2|
