|j|☆drop a baby
|j|☆Igoodnamename
|t:|1781201769
|gametype|singles
|player|p1|drop a baby|chase|1677
|player|p2|Igoodnamename|winona|1718
|gen|9
|tier|[Gen 9] OU
|rated|
|rule|HP Percentage Mod: HP is shown in percentages
|rule|Endless Battle Clause: Forcing endless battles is banned
|rule|Species Clause: Limit one of each Pokémon
|rule|OHKO Clause: OHKO moves are banned
|rule|Evasion Items Clause: Evasion items are banned
|rule|Evasion Moves Clause: Evasion moves are banned
|rule|Evasion Abilities Clause: Evasion abilities are banned
|rule|Sleep Moves Clause: Sleep-inducing moves are banned
|clearpoke
|poke|p1|Darkrai|
|poke|p1|Deoxys-Speed|
|poke|p1|Raging Bolt|
|poke|p1|Kingambit, M|
|poke|p1|Iron Valiant|
|poke|p1|Great Tusk|
|poke|p2|Gholdengo|
|poke|p2|Zamazenta-*|
|poke|p2|Moltres|
|poke|p2|Ting-Lu|
|poke|p2|Serperior, M|
|poke|p2|Kyurem|
|teampreview
|inactive|Battle timer is ON: inactive players will automatically lose when time's up. (requested by drop a baby)
|c|☆drop a baby|Hf bigger bro
|
|t:|1781201784
|teamsize|p1|6
|teamsize|p2|6
|start
|switch|p1a: IMU|Darkrai|100/100
|switch|p2a: Serperior|Serperior, M|100/100
|turn|1
|
|t:|1781201789
|switch|p2a: Ting-Lu|Ting-Lu|100/100
|-ability|p2a: Ting-Lu|Vessel of Ruin
|move|p1a: IMU|Ice Beam|p2a: Ting-Lu
|-supereffective|p2a: Ting-Lu
|-damage|p2a: Ting-Lu|76/100
|-status|p2a: Ting-Lu|frz
|
|-heal|p2a: Ting-Lu|82/100 frz|[from] item: Leftovers
|upkeep
|turn|2
|
|t:|1781201797
|move|p1a: IMU|Nasty Plot|p1a: IMU
|-boost|p1a: IMU|spa|2
|cant|p2a: Ting-Lu|frz
|
|-heal|p2a: Ting-Lu|88/100 frz|[from] item: Leftovers
|upkeep
|turn|3
|
|t:|1781201800
|switch|p2a: Zamazenta|Zamazenta|100/100
|-ability|p2a: Zamazenta|Dauntless Shield|boost
|-boost|p2a: Zamazenta|def|1
|move|p1a: IMU|Ice Beam|p2a: Zamazenta
|-damage|p2a: Zamazenta|54/100
|
|upkeep
|turn|4
|
|t:|1781201803
|move|p2a: Zamazenta|Body Press|p1a: IMU
|-supereffective|p1a: IMU
|-enditem|p1a: IMU|Focus Sash
|-damage|p1a: IMU|1/100
|move|p1a: IMU|Sludge Bomb|p2a: Zamazenta
|-damage|p2a: Zamazenta|7/100
|
|upkeep
|turn|5
|
|t:|1781201811
|switch|p1a: Speedy Gonzales|Deoxys-Speed, shiny|100/100
|-ability|p1a: Speedy Gonzales|Pressure
|move|p2a: Zamazenta|Body Press|p1a: Speedy Gonzales
|-resisted|p1a: Speedy Gonzales
|-damage|p1a: Speedy Gonzales|55/100
|
|upkeep
|turn|6
|
|t:|1781201819
|move|p1a: Speedy Gonzales|Stealth Rock|p2a: Zamazenta
|-sidestart|p2: Igoodnamename|move: Stealth Rock
|move|p2a: Zamazenta|Crunch|p1a: Speedy Gonzales
|-supereffective|p1a: Speedy Gonzales
|-damage|p1a: Speedy Gonzales|0 fnt
|faint|p1a: Speedy Gonzales
|
|upkeep
|
|t:|1781201824
|switch|p1a: BROTD|Great Tusk, shiny|100/100
|-enditem|p1a: BROTD|Booster Energy
|-activate|p1a: BROTD|ability: Protosynthesis|[fromitem]
|-start|p1a: BROTD|protosynthesisspe
|turn|7
|
|t:|1781201831
|move|p1a: BROTD|Bulk Up|p1a: BROTD
|-boost|p1a: BROTD|atk|1
|-boost|p1a: BROTD|def|1
|move|p2a: Zamazenta|Rest|p2a: Zamazenta
|-status|p2a: Zamazenta|slp|[from] move: Rest
|-heal|p2a: Zamazenta|100/100 slp|[silent]
|-enditem|p2a: Zamazenta|Chesto Berry|[eat]
|-curestatus|p2a: Zamazenta|slp|[msg]
|
|upkeep
|turn|8
|
|t:|1781201838
|move|p1a: BROTD|Bulk Up|p1a: BROTD
|-boost|p1a: BROTD|atk|1
|-boost|p1a: BROTD|def|1
|move|p2a: Zamazenta|Iron Defense|p2a: Zamazenta
|-boost|p2a: Zamazenta|def|2
|
|upkeep
|turn|9
|
|t:|1781201840
|move|p1a: BROTD|Taunt|p2a: Zamazenta
|-start|p2a: Zamazenta|move: Taunt
|move|p2a: Zamazenta|Body Press|p1a: BROTD
|-damage|p1a: BROTD|76/100
|
|upkeep
|turn|10
|
|t:|1781201843
|move|p1a: BROTD|Bulk Up|p1a: BROTD
|-boost|p1a: BROTD|atk|1
|-boost|p1a: BROTD|def|1
|move|p2a: Zamazenta|Body Press|p1a: BROTD
|-damage|p1a: BROTD|57/100
|
|upkeep
|turn|11
|
|t:|1781201846
|move|p1a: BROTD|Bulk Up|p1a: BROTD
|-boost|p1a: BROTD|atk|1
|-boost|p1a: BROTD|def|1
|move|p2a: Zamazenta|Body Press|p1a: BROTD
|-damage|p1a: BROTD|39/100
|
|-end|p2a: Zamazenta|move: Taunt
|upkeep
|turn|12
|
|t:|1781201849
|move|p1a: BROTD|Headlong Rush|p2a: Zamazenta
|-damage|p2a: Zamazenta|53/100
|-unboost|p1a: BROTD|def|1
|-unboost|p1a: BROTD|spd|1
|move|p2a: Zamazenta|Body Press|p1a: BROTD
|-damage|p1a: BROTD|20/100
|
|upkeep
|turn|13
|
|t:|1781201852
|move|p1a: BROTD|Headlong Rush|p2a: Zamazenta
|-damage|p2a: Zamazenta|11/100
|-unboost|p1a: BROTD|def|1
|-unboost|p1a: BROTD|spd|1
|move|p2a: Zamazenta|Body Press|p1a: BROTD
|-damage|p1a: BROTD|0 fnt
|faint|p1a: BROTD
|-end|p1a: BROTD|Protosynthesis|[silent]
|
|upkeep
|
|t:|1781201857
|switch|p1a: Hito no mi Model⚡️|Raging Bolt|100/100
|-enditem|p1a: Hito no mi Model⚡️|Booster Energy
|-activate|p1a: Hito no mi Model⚡️|ability: Protosynthesis|[fromitem]
|-start|p1a: Hito no mi Model⚡️|protosynthesisspa
|turn|14
|
|t:|1781201861
|move|p2a: Zamazenta|Body Press|p1a: Hito no mi Model⚡️
|-damage|p1a: Hito no mi Model⚡️|25/100
|move|p1a: Hito no mi Model⚡️|Calm Mind|p1a: Hito no mi Model⚡️
|-boost|p1a: Hito no mi Model⚡️|spa|1
|-boost|p1a: Hito no mi Model⚡️|spd|1
|
|upkeep
|turn|15
|
|t:|1781201867
|move|p2a: Zamazenta|Body Press|p1a: Hito no mi Model⚡️
|-damage|p1a: Hito no mi Model⚡️|0 fnt
|faint|p1a: Hito no mi Model⚡️
|-end|p1a: Hito no mi Model⚡️|Protosynthesis|[silent]
|
|upkeep
|
|t:|1781201870
|switch|p1a: Mihawk|Kingambit, M|100/100
|-activate|p1a: Mihawk|ability: Supreme Overlord
|-start|p1a: Mihawk|fallen3|[silent]
|turn|16
|
|t:|1781201873
|-end|p1a: Mihawk|fallen3|[silent]
|switch|p1a: 🎭|Iron Valiant, shiny|100/100
|-enditem|p1a: 🎭|Booster Energy
|-activate|p1a: 🎭|ability: Quark Drive|[fromitem]
|-start|p1a: 🎭|quarkdrivespe
|move|p2a: Zamazenta|Body Press|p1a: 🎭
|-resisted|p1a: 🎭
|-damage|p1a: 🎭|50/100
|
|upkeep
|turn|17
|
|t:|1781201876
|move|p1a: 🎭|Moonblast|p2a: Zamazenta
|-supereffective|p2a: Zamazenta
|-damage|p2a: Zamazenta|0 fnt
|faint|p2a: Zamazenta
|
|upkeep
|
|t:|1781201878
|switch|p2a: Moltres|Moltres|100/100
|turn|18
|
|t:|1781201880
|move|p1a: 🎭|Shadow Ball|p2a: Moltres
|-damage|p2a: Moltres|71/100
|move|p2a: Moltres|Flamethrower|p1a: 🎭
|-damage|p1a: 🎭|0 fnt
|faint|p1a: 🎭
|-end|p1a: 🎭|Quark Drive|[silent]
|
|upkeep
|
|t:|1781201881
|switch|p1a: IMU|Darkrai|1/100
|turn|19
|
|t:|1781201885
|move|p1a: IMU|Sludge Bomb|p2a: Moltres
|-damage|p2a: Moltres|40/100
|move|p2a: Moltres|Flamethrower|p1a: IMU
|-damage|p1a: IMU|0 fnt
|faint|p1a: IMU
|
|upkeep
|
|t:|1781201889
|switch|p1a: Mihawk|Kingambit, M|100/100
|-activate|p1a: Mihawk|ability: Supreme Overlord
|-start|p1a: Mihawk|fallen5|[silent]
|turn|20
|
|t:|1781201891
|move|p2a: Moltres|Flamethrower|p1a: Mihawk
|-supereffective|p1a: Mihawk
|-damage|p1a: Mihawk|12/100
|-status|p1a: Mihawk|brn
|move|p1a: Mihawk|Kowtow Cleave|p2a: Moltres
|-damage|p2a: Moltres|10/100
|
|-damage|p1a: Mihawk|6/100 brn|[from] brn
|upkeep
|turn|21
|
|t:|1781201899
|move|p2a: Moltres|Roost|p2a: Moltres
|-heal|p2a: Moltres|60/100
|-singleturn|p2a: Moltres|move: Roost
|move|p1a: Mihawk|Kowtow Cleave|p2a: Moltres
|-damage|p2a: Moltres|27/100
|
|-damage|p1a: Mihawk|0 fnt|[from] brn
|faint|p1a: Mihawk
|-end|p1a: Mihawk|fallen5|[silent]
|
|win|Igoodnamename
|raw|drop a baby's rating: 1677 &rarr; <strong>1659</strong><br />(-18 for losing)
|raw|Igoodnamename's rating: 1718 &rarr; <strong>1736</strong><br />(+18 for winning)
|l|☆Igoodnamename
|player|p2|
|l|☆drop a baby
|player|p1|
