|badge|p1|bronze|gen9ou|100-9
|uhtml|medal-msg|<div class="broadcast-blue">Curious what those medals under the avatar are? PS now has Ladder Seasons! For more information, check out the <a href="https://www.smogon.com/forums/threads/3740067/">thread on Smogon.</a></div>
|j|☆mothily ><
|j|☆billythekid95
|t:|1781568610
|gametype|singles
|player|p1|mothily ><|iono-masters|1836
|player|p2|billythekid95|169|1709
|gen|9
|tier|[Gen 9] OU
|rated|
|rule|HP Percentage Mod: HP is shown in percentages
|rule|Endless Battle Clause: Forcing endless battles is banned
|rule|Species Clause: Limit one of each Pokémon
|rule|OHKO Clause: OHKO moves are banned
|rule|Evasion Items Clause: Evasion items are banned
|rule|Evasion Moves Clause: Evasion moves are banned
|rule|Evasion Abilities Clause: Evasion abilities are banned
|rule|Sleep Moves Clause: Sleep-inducing moves are banned
|clearpoke
|poke|p1|Slither Wing|
|poke|p1|Ninetales, M|
|poke|p1|Cinderace, M|
|poke|p1|Walking Wake|
|poke|p1|Raging Bolt|
|poke|p1|Venusaur, M|
|poke|p2|Walking Wake|
|poke|p2|Ribombee, F|
|poke|p2|Gholdengo|
|poke|p2|Torkoal, M|
|poke|p2|Great Tusk|
|poke|p2|Ceruledge, M|
|teampreview
|c|☆mothily ><|hf
|
|t:|1781568627
|teamsize|p1|6
|teamsize|p2|6
|start
|switch|p1a: naruto|Ninetales, M|100/100
|switch|p2a: Ribombee|Ribombee, F|100/100
|-weather|SunnyDay|[from] ability: Drought|[of] p1a: naruto
|turn|1
|
|t:|1781568633
|move|p2a: Ribombee|Stun Spore|p1a: naruto
|-status|p1a: naruto|par
|move|p1a: naruto|Encore|p2a: Ribombee
|-start|p2a: Ribombee|Encore
|
|-weather|SunnyDay|[upkeep]
|upkeep
|turn|2
|
|t:|1781568640
|switch|p2a: Walking Wake|Walking Wake|100/100
|-activate|p2a: Walking Wake|ability: Protosynthesis
|-start|p2a: Walking Wake|protosynthesisspa
|switch|p1a: Raging Bolt|Raging Bolt|100/100
|-activate|p1a: Raging Bolt|ability: Protosynthesis
|-start|p1a: Raging Bolt|protosynthesisspa
|
|-weather|SunnyDay|[upkeep]
|upkeep
|turn|3
|
|t:|1781568649
|move|p1a: Raging Bolt|Thunderclap|p2a: Walking Wake
|-damage|p2a: Walking Wake|22/100
|-damage|p1a: Raging Bolt|91/100|[from] item: Life Orb
|move|p2a: Walking Wake|Dragon Pulse|p1a: Raging Bolt
|-supereffective|p1a: Raging Bolt
|-damage|p1a: Raging Bolt|0 fnt
|faint|p1a: Raging Bolt
|-end|p1a: Raging Bolt|Protosynthesis|[silent]
|
|-weather|SunnyDay|[upkeep]
|upkeep
|
|t:|1781568665
|switch|p1a: Cinderace|Cinderace, M|100/100
|-item|p1a: Cinderace|Air Balloon
|turn|4
|
|t:|1781568674
|-end|p2a: Walking Wake|Protosynthesis|[silent]
|switch|p2a: Torkoal|Torkoal, M|100/100
|move|p1a: Cinderace|U-turn|p2a: Torkoal
|-resisted|p2a: Torkoal
|-crit|p2a: Torkoal
|-damage|p2a: Torkoal|88/100
|
|t:|1781568677
|switch|p1a: Walkenheimer|Walking Wake|100/100|[from] U-turn
|-activate|p1a: Walkenheimer|ability: Protosynthesis
|-start|p1a: Walkenheimer|protosynthesisspe
|
|-weather|SunnyDay|[upkeep]
|upkeep
|turn|5
|
|t:|1781568685
|move|p1a: Walkenheimer|Hydro Steam|p2a: Torkoal
|-supereffective|p2a: Torkoal
|-damage|p2a: Torkoal|0 fnt
|faint|p2a: Torkoal
|
|-weather|SunnyDay|[upkeep]
|upkeep
|
|t:|1781568690
|switch|p2a: Walking Wake|Walking Wake|22/100
|-activate|p2a: Walking Wake|ability: Protosynthesis
|-start|p2a: Walking Wake|protosynthesisspa
|turn|6
|
|t:|1781568694
|move|p1a: Walkenheimer|Draco Meteor|p2a: Walking Wake
|-supereffective|p2a: Walking Wake
|-damage|p2a: Walking Wake|0 fnt
|-unboost|p1a: Walkenheimer|spa|2
|faint|p2a: Walking Wake
|-end|p2a: Walking Wake|Protosynthesis|[silent]
|
|-weather|SunnyDay|[upkeep]
|upkeep
|
|t:|1781568708
|switch|p2a: Ribombee|Ribombee, F|100/100
|turn|7
|
|t:|1781568711
|move|p1a: Walkenheimer|Flip Turn|p2a: Ribombee
|-damage|p2a: Ribombee|82/100
|
|t:|1781568713
|-end|p1a: Walkenheimer|Protosynthesis|[silent]
|switch|p1a: Venusaur|Venusaur, M|100/100|[from] Flip Turn
|move|p2a: Ribombee|Moonblast|p1a: Venusaur
|-resisted|p1a: Venusaur
|-damage|p1a: Venusaur|76/100
|-unboost|p1a: Venusaur|spa|1
|
|-weather|SunnyDay|[upkeep]
|upkeep
|turn|8
|
|t:|1781568721
|move|p1a: Venusaur|Weather Ball|p2a: Ribombee
|-supereffective|p2a: Ribombee
|-damage|p2a: Ribombee|0 fnt
|faint|p2a: Ribombee
|-damage|p1a: Venusaur|66/100|[from] item: Life Orb
|
|-weather|none
|upkeep
|
|t:|1781568735
|switch|p2a: Gholdengo|Gholdengo|100/100
|turn|9
|
|t:|1781568744
|switch|p1a: naruto|Ninetales, M|100/100 par
|-weather|SunnyDay|[from] ability: Drought|[of] p1a: naruto
|move|p2a: Gholdengo|Shadow Ball|p1a: naruto
|-damage|p1a: naruto|47/100 par
|
|-weather|SunnyDay|[upkeep]
|upkeep
|turn|10
|
|t:|1781568751
|move|p2a: Gholdengo|Shadow Ball|p1a: naruto
|-damage|p1a: naruto|0 fnt
|faint|p1a: naruto
|
|-weather|SunnyDay|[upkeep]
|upkeep
|
|t:|1781568753
|switch|p1a: Cinderace|Cinderace, M|100/100
|-item|p1a: Cinderace|Air Balloon
|turn|11
|
|t:|1781568759
|move|p2a: Gholdengo|Shadow Ball|p1a: Cinderace
|-damage|p1a: Cinderace|44/100
|-enditem|p1a: Cinderace|Air Balloon
|move|p1a: Cinderace|Pyro Ball|p2a: Gholdengo|[miss]
|-miss|p1a: Cinderace|p2a: Gholdengo
|
|-weather|SunnyDay|[upkeep]
|upkeep
|turn|12
|
|t:|1781568766
|move|p2a: Gholdengo|Shadow Ball|p1a: Cinderace
|-damage|p1a: Cinderace|0 fnt
|faint|p1a: Cinderace
|
|-weather|SunnyDay|[upkeep]
|upkeep
|
|t:|1781568771
|switch|p1a: Walkenheimer|Walking Wake|100/100
|-activate|p1a: Walkenheimer|ability: Protosynthesis
|-start|p1a: Walkenheimer|protosynthesisspe
|turn|13
|
|t:|1781568775
|move|p1a: Walkenheimer|Weather Ball|p2a: Gholdengo
|-supereffective|p2a: Gholdengo
|-damage|p2a: Gholdengo|0 fnt
|faint|p2a: Gholdengo
|
|-weather|SunnyDay|[upkeep]
|upkeep
|
|t:|1781568782
|switch|p2a: Great Tusk|Great Tusk|100/100
|-activate|p2a: Great Tusk|ability: Protosynthesis
|-start|p2a: Great Tusk|protosynthesisatk
|turn|14
|
|t:|1781568788
|-terastallize|p2a: Great Tusk|Ghost
|move|p1a: Walkenheimer|Hydro Steam|p2a: Great Tusk
|-damage|p2a: Great Tusk|63/100
|move|p2a: Great Tusk|Close Combat|p1a: Walkenheimer
|-damage|p1a: Walkenheimer|23/100
|-unboost|p2a: Great Tusk|def|1
|-unboost|p2a: Great Tusk|spd|1
|
|-weather|SunnyDay|[upkeep]
|upkeep
|turn|15
|
|t:|1781568800
|move|p1a: Walkenheimer|Hydro Steam|p2a: Great Tusk
|-damage|p2a: Great Tusk|0 fnt
|faint|p2a: Great Tusk
|-end|p2a: Great Tusk|Protosynthesis|[silent]
|
|-weather|SunnyDay|[upkeep]
|upkeep
|
|t:|1781568805
|switch|p2a: Ceruledge|Ceruledge, M|100/100
|turn|16
|
|t:|1781568809
|move|p2a: Ceruledge|Shadow Sneak|p1a: Walkenheimer
|-damage|p1a: Walkenheimer|3/100
|move|p1a: Walkenheimer|Hydro Steam|p2a: Ceruledge
|-supereffective|p2a: Ceruledge
|-enditem|p2a: Ceruledge|Focus Sash
|-damage|p2a: Ceruledge|1/100
|
|-weather|none
|-end|p1a: Walkenheimer|Protosynthesis
|upkeep
|turn|17
|
|t:|1781568816
|move|p2a: Ceruledge|Shadow Sneak|p1a: Walkenheimer
|-damage|p1a: Walkenheimer|0 fnt
|faint|p1a: Walkenheimer
|-end|p1a: Walkenheimer|Protosynthesis|[silent]
|
|upkeep
|
|t:|1781568818
|switch|p1a: OMG ILY|Slither Wing|100/100
|turn|18
|
|t:|1781568822
|move|p1a: OMG ILY|First Impression|p2a: Ceruledge
|-resisted|p2a: Ceruledge
|-damage|p2a: Ceruledge|0 fnt
|faint|p2a: Ceruledge
|
|win|mothily ><
|raw|mothily &gt;&lt;'s rating: 1836 &rarr; <strong>1849</strong><br />(+13 for winning)
|raw|billythekid95's rating: 1709 &rarr; <strong>1696</strong><br />(-13 for losing)
|l|☆billythekid95
|player|p2|
