|badge|p2|bronze|gen9ou|100-9
|uhtml|medal-msg|<div class="broadcast-blue">Curious what those medals under the avatar are? PS now has Ladder Seasons! For more information, check out the <a href="https://www.smogon.com/forums/threads/3740067/">thread on Smogon.</a></div>
|j|☆icylikedecember
|j|☆temporarylight
|t:|1781489961
|gametype|singles
|player|p1|icylikedecember|smasher|1806
|player|p2|temporarylight|jogger|1836
|gen|9
|tier|[Gen 9] OU
|rated|
|rule|HP Percentage Mod: HP is shown in percentages
|rule|Endless Battle Clause: Forcing endless battles is banned
|rule|Species Clause: Limit one of each Pokémon
|rule|OHKO Clause: OHKO moves are banned
|rule|Evasion Items Clause: Evasion items are banned
|rule|Evasion Moves Clause: Evasion moves are banned
|rule|Evasion Abilities Clause: Evasion abilities are banned
|rule|Sleep Moves Clause: Sleep-inducing moves are banned
|clearpoke
|poke|p1|Corviknight, F|
|poke|p1|Slowking-Galar, M|
|poke|p1|Darkrai|
|poke|p1|Kyurem|
|poke|p1|Zamazenta-*|
|poke|p1|Crawdaunt, M|
|poke|p2|Ting-Lu|
|poke|p2|Gholdengo|
|poke|p2|Dragonite, F|
|poke|p2|Volcanion|
|poke|p2|Hatterene, F|
|poke|p2|Zapdos-Galar|
|teampreview
|
|t:|1781489970
|teamsize|p1|6
|teamsize|p2|6
|start
|switch|p1a: Slowking|Slowking-Galar, M, shiny|100/100
|switch|p2a: Zapdos|Zapdos-Galar|100/100
|turn|1
|
|t:|1781489975
|switch|p1a: Corviknight|Corviknight, F, shiny|100/100
|-ability|p1a: Corviknight|Pressure
|move|p2a: Zapdos|Knock Off|p1a: Corviknight
|-damage|p1a: Corviknight|79/100
|-damage|p2a: Zapdos|84/100|[from] item: Rocky Helmet|[of] p1a: Corviknight
|-enditem|p1a: Corviknight|Rocky Helmet|[from] move: Knock Off|[of] p2a: Zapdos
|
|upkeep
|turn|2
|
|t:|1781489981
|switch|p2a: Ting-Lu|Ting-Lu|100/100
|-ability|p2a: Ting-Lu|Vessel of Ruin
|move|p1a: Corviknight|Roost|p1a: Corviknight
|-heal|p1a: Corviknight|100/100
|-singleturn|p1a: Corviknight|move: Roost
|
|upkeep
|turn|3
|
|t:|1781489988
|move|p1a: Corviknight|U-turn|p2a: Ting-Lu
|-supereffective|p2a: Ting-Lu
|-damage|p2a: Ting-Lu|88/100
|-damage|p1a: Corviknight|84/100|[from] item: Rocky Helmet|[of] p2a: Ting-Lu
|inactive|Battle timer is ON: inactive players will automatically lose when time's up. (requested by icylikedecember)
|
|t:|1781489992
|switch|p1a: Kyurem|Kyurem|100/100|[from] U-turn
|-ability|p1a: Kyurem|Pressure
|move|p2a: Ting-Lu|Stealth Rock|p1a: Kyurem
|-sidestart|p1: icylikedecember|move: Stealth Rock
|
|upkeep
|turn|4
|
|t:|1781490001
|switch|p2a: Gholdengo|Gholdengo|100/100
|move|p1a: Kyurem|Freeze-Dry|p2a: Gholdengo
|-resisted|p2a: Gholdengo
|-damage|p2a: Gholdengo|70/100
|
|upkeep
|turn|5
|
|t:|1781490010
|switch|p2a: Zapdos|Zapdos-Galar|84/100
|switch|p1a: Slowking|Slowking-Galar, M, shiny|100/100
|-damage|p1a: Slowking|88/100|[from] Stealth Rock
|
|upkeep
|turn|6
|
|t:|1781490014
|switch|p1a: Corviknight|Corviknight, F, shiny|84/100
|-damage|p1a: Corviknight|72/100|[from] Stealth Rock
|-ability|p1a: Corviknight|Pressure
|move|p2a: Zapdos|Brave Bird|p1a: Corviknight
|-resisted|p1a: Corviknight
|-damage|p1a: Corviknight|53/100
|-damage|p2a: Zapdos|76/100|[from] Recoil
|
|upkeep
|turn|7
|
|t:|1781490017
|switch|p2a: Volcanion|Volcanion|100/100
|move|p1a: Corviknight|Roost|p1a: Corviknight
|-heal|p1a: Corviknight|100/100
|-singleturn|p1a: Corviknight|move: Roost
|
|upkeep
|turn|8
|
|t:|1781490020
|switch|p1a: Slowking|Slowking-Galar, M, shiny|100/100
|-damage|p1a: Slowking|88/100|[from] Stealth Rock
|move|p2a: Volcanion|Steam Eruption|p1a: Slowking
|-damage|p1a: Slowking|38/100
|-status|p1a: Slowking|brn
|
|-damage|p1a: Slowking|32/100 brn|[from] brn
|upkeep
|turn|9
|
|t:|1781490025
|switch|p1a: Crawdaunt|Crawdaunt, M|100/100
|-damage|p1a: Crawdaunt|88/100|[from] Stealth Rock
|move|p2a: Volcanion|Steam Eruption|p1a: Crawdaunt
|-resisted|p1a: Crawdaunt
|-damage|p1a: Crawdaunt|0 fnt
|faint|p1a: Crawdaunt
|
|upkeep
|
|t:|1781490029
|switch|p1a: Kyurem|Kyurem|100/100
|-damage|p1a: Kyurem|76/100|[from] Stealth Rock
|-ability|p1a: Kyurem|Pressure
|turn|10
|
|t:|1781490034
|switch|p2a: Magic I Bounce U|Hatterene, F, shiny|100/100
|move|p1a: Kyurem|Ice Beam|p2a: Magic I Bounce U
|-damage|p2a: Magic I Bounce U|26/100
|-status|p2a: Magic I Bounce U|frz
|
|upkeep
|turn|11
|j| peeekapeee
|
|t:|1781490039
|move|p1a: Kyurem|Ice Beam|p2a: Magic I Bounce U
|-damage|p2a: Magic I Bounce U|0 fnt
|faint|p2a: Magic I Bounce U
|
|upkeep
|
|t:|1781490042
|switch|p2a: Gholdengo|Gholdengo|70/100
|turn|12
|
|t:|1781490045
|switch|p1a: Corviknight|Corviknight, F, shiny|100/100
|-damage|p1a: Corviknight|88/100|[from] Stealth Rock
|-ability|p1a: Corviknight|Pressure
|move|p2a: Gholdengo|Shadow Ball|p1a: Corviknight
|-damage|p1a: Corviknight|50/100
|-unboost|p1a: Corviknight|spd|1
|
|upkeep
|turn|13
|
|t:|1781490050
|switch|p2a: Zapdos|Zapdos-Galar|76/100
|switch|p1a: Darkrai|Darkrai|100/100
|-damage|p1a: Darkrai|88/100|[from] Stealth Rock
|
|upkeep
|turn|14
|
|t:|1781490053
|move|p2a: Zapdos|Close Combat|p1a: Darkrai
|-supereffective|p1a: Darkrai
|-damage|p1a: Darkrai|0 fnt
|-unboost|p2a: Zapdos|def|1
|-unboost|p2a: Zapdos|spd|1
|faint|p1a: Darkrai
|
|upkeep
|
|t:|1781490057
|switch|p1a: Slowking|Slowking-Galar, M, shiny|65/100 brn
|-damage|p1a: Slowking|53/100 brn|[from] Stealth Rock
|turn|15
|
|t:|1781490060
|switch|p2a: Gholdengo|Gholdengo|70/100
|switch|p1a: Kyurem|Kyurem|76/100
|-damage|p1a: Kyurem|51/100|[from] Stealth Rock
|-ability|p1a: Kyurem|Pressure
|
|upkeep
|turn|16
|
|t:|1781490065
|switch|p1a: Corviknight|Corviknight, F, shiny|50/100
|-damage|p1a: Corviknight|38/100|[from] Stealth Rock
|-ability|p1a: Corviknight|Pressure
|move|p2a: Gholdengo|Make It Rain|p1a: Corviknight
|-resisted|p1a: Corviknight
|-damage|p1a: Corviknight|6/100
|-unboost|p2a: Gholdengo|spa|1
|
|upkeep
|turn|17
|j| samurajen
|
|t:|1781490067
|move|p2a: Gholdengo|Make It Rain|p1a: Corviknight
|-resisted|p1a: Corviknight
|-damage|p1a: Corviknight|0 fnt
|-unboost|p2a: Gholdengo|spa|1
|faint|p1a: Corviknight
|
|upkeep
|j| LeDernierCri
|
|t:|1781490075
|switch|p1a: Slowking|Slowking-Galar, M, shiny|86/100 brn
|-damage|p1a: Slowking|73/100 brn|[from] Stealth Rock
|turn|18
|
|t:|1781490080
|switch|p2a: Zapdos|Zapdos-Galar|76/100
|move|p1a: Slowking|Ice Beam|p2a: Zapdos
|-supereffective|p2a: Zapdos
|-crit|p2a: Zapdos
|-damage|p2a: Zapdos|0 fnt
|faint|p2a: Zapdos
|
|-damage|p1a: Slowking|67/100 brn|[from] brn
|upkeep
|
|t:|1781490084
|switch|p2a: Dragonite|Dragonite, F, shiny|100/100
|turn|19
|
|t:|1781490091
|switch|p2a: Gholdengo|Gholdengo|70/100
|switch|p1a: Zamazenta|Zamazenta|100/100
|-damage|p1a: Zamazenta|94/100|[from] Stealth Rock
|-ability|p1a: Zamazenta|Dauntless Shield|boost
|-boost|p1a: Zamazenta|def|1
|
|-heal|p1a: Zamazenta|100/100|[from] item: Leftovers
|upkeep
|turn|20
|
|t:|1781490098
|-terastallize|p1a: Zamazenta|Fire
|move|p2a: Gholdengo|Trick|p1a: Zamazenta
|-activate|p2a: Gholdengo|move: Trick|[of] p1a: Zamazenta
|-item|p1a: Zamazenta|Choice Scarf|[from] move: Trick
|-item|p2a: Gholdengo|Leftovers|[from] move: Trick
|move|p1a: Zamazenta|Iron Defense|p1a: Zamazenta
|-boost|p1a: Zamazenta|def|2
|
|-heal|p2a: Gholdengo|76/100|[from] item: Leftovers
|upkeep
|turn|21
|
|t:|1781490105
|switch|p1a: Slowking|Slowking-Galar, M, shiny|100/100 brn
|-damage|p1a: Slowking|88/100 brn|[from] Stealth Rock
|move|p2a: Gholdengo|Shadow Ball|p1a: Slowking
|-supereffective|p1a: Slowking
|-damage|p1a: Slowking|48/100 brn
|-unboost|p1a: Slowking|spd|1
|
|-heal|p2a: Gholdengo|82/100|[from] item: Leftovers
|-damage|p1a: Slowking|42/100 brn|[from] brn
|upkeep
|turn|22
|
|t:|1781490111
|move|p2a: Gholdengo|Shadow Ball|p1a: Slowking
|-supereffective|p1a: Slowking
|-damage|p1a: Slowking|0 fnt
|faint|p1a: Slowking
|
|-heal|p2a: Gholdengo|88/100|[from] item: Leftovers
|upkeep
|-message|icylikedecember forfeited.
|
|win|temporarylight
|raw|icylikedecember's rating: 1806 &rarr; <strong>1788</strong><br />(-18 for losing)
|raw|temporarylight's rating: 1836 &rarr; <strong>1854</strong><br />(+18 for winning)
|l|☆icylikedecember
|player|p1|
|l|☆temporarylight
|player|p2|
|l| peeekapeee
|l| LeDernierCri
