|j|☆Igoodnamename
|j|☆lockheed shartin
|t:|1781112008
|gametype|singles
|player|p1|Igoodnamename|winona|1724
|player|p2|lockheed shartin|preschooler|1673
|gen|9
|tier|[Gen 9] OU
|rated|
|rule|HP Percentage Mod: HP is shown in percentages
|rule|Endless Battle Clause: Forcing endless battles is banned
|rule|Species Clause: Limit one of each Pokémon
|rule|OHKO Clause: OHKO moves are banned
|rule|Evasion Items Clause: Evasion items are banned
|rule|Evasion Moves Clause: Evasion moves are banned
|rule|Evasion Abilities Clause: Evasion abilities are banned
|rule|Sleep Moves Clause: Sleep-inducing moves are banned
|clearpoke
|poke|p1|Gholdengo|
|poke|p1|Zamazenta-*|
|poke|p1|Moltres|
|poke|p1|Ting-Lu|
|poke|p1|Serperior, F|
|poke|p1|Kyurem|
|poke|p2|Dragonite, M|
|poke|p2|Great Tusk|
|poke|p2|Deoxys-Speed|
|poke|p2|Gholdengo|
|poke|p2|Zamazenta-*|
|poke|p2|Iron Valiant|
|teampreview
|inactive|Battle timer is ON: inactive players will automatically lose when time's up. (requested by lockheed shartin)
|inactive|lockheed shartin has 120 seconds left.
|j| nesnot
|
|t:|1781112058
|teamsize|p1|6
|teamsize|p2|6
|start
|switch|p1a: Serperior|Serperior, F|100/100
|switch|p2a: Deoxys|Deoxys-Speed|100/100
|-ability|p2a: Deoxys|Pressure
|turn|1
|
|t:|1781112064
|move|p1a: Serperior|Leaf Storm|p2a: Deoxys
|-damage|p2a: Deoxys|40/100
|-boost|p1a: Serperior|spa|2
|move|p2a: Deoxys|Taunt|p1a: Serperior
|-start|p1a: Serperior|move: Taunt
|
|upkeep
|turn|2
|
|t:|1781112070
|switch|p2a: Dragonite|Dragonite, M|100/100
|move|p1a: Serperior|Leaf Storm|p2a: Dragonite
|-resisted|p2a: Dragonite
|-damage|p2a: Dragonite|88/100
|-boost|p1a: Serperior|spa|2
|
|upkeep
|turn|3
|
|t:|1781112077
|switch|p1a: Moltres|Moltres|100/100
|move|p2a: Dragonite|Dragon Dance|p2a: Dragonite
|-boost|p2a: Dragonite|atk|1
|-boost|p2a: Dragonite|spe|1
|
|upkeep
|turn|4
|
|t:|1781112080
|move|p2a: Dragonite|Outrage|p1a: Moltres
|-damage|p1a: Moltres|6/100
|-damage|p2a: Dragonite|79/100|[from] item: Life Orb
|move|p1a: Moltres|Roar|p2a: Dragonite
|drag|p2a: Zamazenta|Zamazenta|100/100
|-ability|p2a: Zamazenta|Dauntless Shield|boost
|-boost|p2a: Zamazenta|def|1
|
|upkeep
|turn|5
|
|t:|1781112086
|move|p2a: Zamazenta|Crunch|p1a: Moltres
|-damage|p1a: Moltres|0 fnt
|faint|p1a: Moltres
|-damage|p2a: Zamazenta|91/100|[from] item: Life Orb
|
|upkeep
|
|t:|1781112095
|switch|p1a: Serperior|Serperior, F|100/100
|turn|6
|
|t:|1781112098
|move|p1a: Serperior|Leaf Storm|p2a: Zamazenta
|-damage|p2a: Zamazenta|49/100
|-boost|p1a: Serperior|spa|2
|move|p2a: Zamazenta|Close Combat|p1a: Serperior
|-damage|p1a: Serperior|5/100
|-unboost|p2a: Zamazenta|def|1
|-unboost|p2a: Zamazenta|spd|1
|-damage|p2a: Zamazenta|39/100|[from] item: Life Orb
|
|upkeep
|turn|7
|
|t:|1781112104
|switch|p2a: Dragonite|Dragonite, M|79/100
|move|p1a: Serperior|Leaf Storm|p2a: Dragonite
|-resisted|p2a: Dragonite
|-damage|p2a: Dragonite|53/100
|-boost|p1a: Serperior|spa|2
|
|upkeep
|turn|8
|
|t:|1781112109
|move|p2a: Dragonite|Extreme Speed|p1a: Serperior
|-damage|p1a: Serperior|0 fnt
|faint|p1a: Serperior
|-damage|p2a: Dragonite|44/100|[from] item: Life Orb
|
|upkeep
|
|t:|1781112112
|switch|p1a: Kyurem|Kyurem|100/100
|-ability|p1a: Kyurem|Pressure
|turn|9
|
|t:|1781112116
|move|p2a: Dragonite|Extreme Speed|p1a: Kyurem
|-damage|p1a: Kyurem|62/100
|-damage|p2a: Dragonite|34/100|[from] item: Life Orb
|move|p1a: Kyurem|Ice Beam|p2a: Dragonite
|-supereffective|p2a: Dragonite
|-damage|p2a: Dragonite|0 fnt
|faint|p2a: Dragonite
|
|upkeep
|
|t:|1781112119
|switch|p2a: Deoxys|Deoxys-Speed|40/100
|-ability|p2a: Deoxys|Pressure
|turn|10
|
|t:|1781112123
|move|p2a: Deoxys|Stealth Rock|p1a: Kyurem
|-sidestart|p1: Igoodnamename|move: Stealth Rock
|move|p1a: Kyurem|Ice Beam|p2a: Deoxys
|-damage|p2a: Deoxys|0 fnt
|faint|p2a: Deoxys
|
|upkeep
|
|t:|1781112134
|switch|p2a: Zamazenta|Zamazenta|39/100
|turn|11
|
|t:|1781112137
|move|p2a: Zamazenta|Close Combat|p1a: Kyurem
|-supereffective|p1a: Kyurem
|-damage|p1a: Kyurem|0 fnt
|-unboost|p2a: Zamazenta|def|1
|-unboost|p2a: Zamazenta|spd|1
|faint|p1a: Kyurem
|-damage|p2a: Zamazenta|29/100|[from] item: Life Orb
|
|upkeep
|
|t:|1781112144
|switch|p1a: Zamazenta|Zamazenta|100/100
|-damage|p1a: Zamazenta|94/100|[from] Stealth Rock
|-ability|p1a: Zamazenta|Dauntless Shield|boost
|-boost|p1a: Zamazenta|def|1
|turn|12
|
|t:|1781112146
|move|p1a: Zamazenta|Iron Defense|p1a: Zamazenta
|-boost|p1a: Zamazenta|def|2
|move|p2a: Zamazenta|Close Combat|p1a: Zamazenta
|-damage|p1a: Zamazenta|69/100
|-unboost|p2a: Zamazenta|def|1
|-unboost|p2a: Zamazenta|spd|1
|-damage|p2a: Zamazenta|19/100|[from] item: Life Orb
|
|upkeep
|turn|13
|
|t:|1781112150
|switch|p2a: Gholdengo|Gholdengo|100/100
|move|p1a: Zamazenta|Body Press|p2a: Gholdengo
|-immune|p2a: Gholdengo
|
|upkeep
|turn|14
|
|t:|1781112154
|move|p1a: Zamazenta|Crunch|p2a: Gholdengo
|-supereffective|p2a: Gholdengo
|-damage|p2a: Gholdengo|65/100
|move|p2a: Gholdengo|Nasty Plot|p2a: Gholdengo
|-boost|p2a: Gholdengo|spa|2
|
|upkeep
|turn|15
|
|t:|1781112169
|switch|p1a: Ting-Lu|Ting-Lu|100/100
|-damage|p1a: Ting-Lu|94/100|[from] Stealth Rock
|-ability|p1a: Ting-Lu|Vessel of Ruin
|move|p2a: Gholdengo|Make It Rain|p1a: Ting-Lu
|-damage|p1a: Ting-Lu|40/100
|-unboost|p2a: Gholdengo|spa|1
|
|-heal|p1a: Ting-Lu|47/100|[from] item: Leftovers
|upkeep
|turn|16
|
|t:|1781112180
|switch|p2a: Zamazenta|Zamazenta|19/100
|move|p1a: Ting-Lu|Earthquake|p2a: Zamazenta
|-damage|p2a: Zamazenta|0 fnt
|faint|p2a: Zamazenta
|
|-heal|p1a: Ting-Lu|53/100|[from] item: Leftovers
|upkeep
|
|t:|1781112182
|switch|p2a: Iron Valiant|Iron Valiant|100/100
|-enditem|p2a: Iron Valiant|Booster Energy
|-activate|p2a: Iron Valiant|ability: Quark Drive|[fromitem]
|-start|p2a: Iron Valiant|quarkdrivespe
|turn|17
|
|t:|1781112186
|-terastallize|p1a: Ting-Lu|Water
|move|p2a: Iron Valiant|Moonblast|p1a: Ting-Lu
|-damage|p1a: Ting-Lu|32/100
|move|p1a: Ting-Lu|Earthquake|p2a: Iron Valiant
|-damage|p2a: Iron Valiant|56/100
|
|-heal|p1a: Ting-Lu|38/100|[from] item: Leftovers
|upkeep
|turn|18
|
|t:|1781112192
|move|p2a: Iron Valiant|Moonblast|p1a: Ting-Lu
|-damage|p1a: Ting-Lu|20/100
|move|p1a: Ting-Lu|Earthquake|p2a: Iron Valiant
|-damage|p2a: Iron Valiant|3/100
|
|-heal|p1a: Ting-Lu|26/100|[from] item: Leftovers
|upkeep
|turn|19
|
|t:|1781112196
|move|p2a: Iron Valiant|Destiny Bond|p2a: Iron Valiant
|-singlemove|p2a: Iron Valiant|Destiny Bond
|move|p1a: Ting-Lu|Earthquake|p2a: Iron Valiant
|-damage|p2a: Iron Valiant|0 fnt
|faint|p2a: Iron Valiant
|-activate|p2a: Iron Valiant|move: Destiny Bond
|-end|p2a: Iron Valiant|Quark Drive|[silent]
|faint|p1a: Ting-Lu
|
|upkeep
|
|t:|1781112201
|switch|p2a: Great Tusk|Great Tusk|100/100
|switch|p1a: Zamazenta|Zamazenta|69/100
|-damage|p1a: Zamazenta|63/100|[from] Stealth Rock
|-enditem|p2a: Great Tusk|Booster Energy
|-activate|p2a: Great Tusk|ability: Protosynthesis|[fromitem]
|-start|p2a: Great Tusk|protosynthesisspe
|turn|20
|
|t:|1781112206
|move|p2a: Great Tusk|Taunt|p1a: Zamazenta
|-start|p1a: Zamazenta|move: Taunt
|cant|p1a: Zamazenta|move: Taunt|Iron Defense
|
|upkeep
|turn|21
|
|t:|1781112211
|move|p2a: Great Tusk|Bulk Up|p2a: Great Tusk
|-boost|p2a: Great Tusk|atk|1
|-boost|p2a: Great Tusk|def|1
|move|p1a: Zamazenta|Body Press|p2a: Great Tusk
|-damage|p2a: Great Tusk|87/100
|
|upkeep
|turn|22
|
|t:|1781112213
|move|p2a: Great Tusk|Bulk Up|p2a: Great Tusk
|-boost|p2a: Great Tusk|atk|1
|-boost|p2a: Great Tusk|def|1
|move|p1a: Zamazenta|Body Press|p2a: Great Tusk
|-damage|p2a: Great Tusk|77/100
|
|-end|p1a: Zamazenta|move: Taunt
|upkeep
|turn|23
|
|t:|1781112217
|move|p2a: Great Tusk|Taunt|p1a: Zamazenta
|-start|p1a: Zamazenta|move: Taunt
|move|p1a: Zamazenta|Body Press|p2a: Great Tusk
|-damage|p2a: Great Tusk|67/100
|
|upkeep
|turn|24
|
|t:|1781112219
|move|p2a: Great Tusk|Bulk Up|p2a: Great Tusk
|-boost|p2a: Great Tusk|atk|1
|-boost|p2a: Great Tusk|def|1
|move|p1a: Zamazenta|Body Press|p2a: Great Tusk
|-damage|p2a: Great Tusk|58/100
|
|upkeep
|turn|25
|
|t:|1781112225
|move|p2a: Great Tusk|Bulk Up|p2a: Great Tusk
|-boost|p2a: Great Tusk|atk|1
|-boost|p2a: Great Tusk|def|1
|move|p1a: Zamazenta|Body Press|p2a: Great Tusk
|-damage|p2a: Great Tusk|51/100
|
|-end|p1a: Zamazenta|move: Taunt
|upkeep
|turn|26
|
|t:|1781112232
|move|p2a: Great Tusk|Headlong Rush|p1a: Zamazenta
|-damage|p1a: Zamazenta|0 fnt
|-unboost|p2a: Great Tusk|def|1
|-unboost|p2a: Great Tusk|spd|1
|faint|p1a: Zamazenta
|
|upkeep
|-message|Igoodnamename forfeited.
|
|win|lockheed shartin
|raw|Igoodnamename's rating: 1724 &rarr; <strong>1702</strong><br />(-22 for losing)
|raw|lockheed shartin's rating: 1697 &rarr; <strong>1719</strong><br />(+22 for winning)
|l|☆Igoodnamename
|player|p1|
|l|☆lockheed shartin
|player|p2|
|l| nesnot
