|j|☆n5v
|j|☆mothcarona
|t:|1781252871
|gametype|singles
|player|p1|n5v|leon-masters|1675
|player|p2|mothcarona|102|1638
|gen|9
|tier|[Gen 9] OU
|rated|
|rule|HP Percentage Mod: HP is shown in percentages
|rule|Endless Battle Clause: Forcing endless battles is banned
|rule|Species Clause: Limit one of each Pokémon
|rule|OHKO Clause: OHKO moves are banned
|rule|Evasion Items Clause: Evasion items are banned
|rule|Evasion Moves Clause: Evasion moves are banned
|rule|Evasion Abilities Clause: Evasion abilities are banned
|rule|Sleep Moves Clause: Sleep-inducing moves are banned
|clearpoke
|poke|p1|Raging Bolt|
|poke|p1|Iron Crown|
|poke|p1|Enamorus, F|
|poke|p1|Great Tusk|
|poke|p1|Kingambit, M|
|poke|p1|Rillaboom, F|
|poke|p2|Meowscarada, F|
|poke|p2|Ogerpon-Wellspring, F|
|poke|p2|Pecharunt|
|poke|p2|Ting-Lu|
|poke|p2|Kyurem|
|poke|p2|Corviknight, F|
|teampreview
|inactive|Battle timer is ON: inactive players will automatically lose when time's up. (requested by mothcarona)
|c|☆n5v|glhf
|
|t:|1781252888
|teamsize|p1|6
|teamsize|p2|6
|start
|switch|p1a: goobing bolt|Raging Bolt|100/100
|switch|p2a: Meowscarada|Meowscarada, F|100/100
|turn|1
|
|t:|1781252897
|-end|p1a: goobing bolt|Protosynthesis|[silent]
|switch|p1a: neededaghostresist|Kingambit, M, shiny|100/100
|move|p2a: Meowscarada|U-turn|p1a: neededaghostresist
|-start|p2a: Meowscarada|typechange|Bug|[from] ability: Protean
|-damage|p1a: neededaghostresist|76/100
|
|t:|1781252903
|switch|p2a: Ting-Lu|Ting-Lu|100/100|[from] U-turn
|-ability|p2a: Ting-Lu|Vessel of Ruin
|
|-heal|p1a: neededaghostresist|82/100|[from] item: Leftovers
|upkeep
|turn|2
|
|t:|1781252907
|-end|p1a: neededaghostresist|fallenundefined|[silent]
|switch|p1a: diddy kong|Rillaboom, F, shiny|100/100
|-fieldstart|move: Grassy Terrain|[from] ability: Grassy Surge|[of] p1a: diddy kong
|move|p2a: Ting-Lu|Ruination|p1a: diddy kong
|-damage|p1a: diddy kong|50/100
|
|-heal|p1a: diddy kong|57/100|[from] Grassy Terrain
|-heal|p1a: diddy kong|63/100|[from] item: Leftovers
|upkeep
|turn|3
|
|t:|1781252914
|switch|p2a: Corviknight|Corviknight, F|100/100
|-ability|p2a: Corviknight|Pressure
|move|p1a: diddy kong|U-turn|p2a: Corviknight
|-resisted|p2a: Corviknight
|-damage|p2a: Corviknight|97/100
|-damage|p1a: diddy kong|46/100|[from] item: Rocky Helmet|[of] p2a: Corviknight
|
|t:|1781252917
|switch|p1a: goobing bolt|Raging Bolt|100/100|[from] U-turn
|
|upkeep
|turn|4
|
|t:|1781252919
|switch|p2a: Ting-Lu|Ting-Lu|100/100
|-ability|p2a: Ting-Lu|Vessel of Ruin
|move|p1a: goobing bolt|Draco Meteor|p2a: Ting-Lu
|-damage|p2a: Ting-Lu|55/100
|-unboost|p1a: goobing bolt|spa|2
|
|-heal|p2a: Ting-Lu|62/100|[from] Grassy Terrain
|-heal|p2a: Ting-Lu|68/100|[from] item: Leftovers
|upkeep
|turn|5
|
|t:|1781252931
|-end|p1a: goobing bolt|Protosynthesis|[silent]
|switch|p1a: diddy kong|Rillaboom, F, shiny|46/100
|move|p2a: Ting-Lu|Stealth Rock|p1a: diddy kong
|-sidestart|p1: n5v|move: Stealth Rock
|
|-heal|p1a: diddy kong|53/100|[from] Grassy Terrain
|-heal|p1a: diddy kong|59/100|[from] item: Leftovers
|-heal|p2a: Ting-Lu|74/100|[from] Grassy Terrain
|-heal|p2a: Ting-Lu|80/100|[from] item: Leftovers
|upkeep
|turn|6
|
|t:|1781252933
|switch|p2a: Corviknight|Corviknight, F|97/100
|-ability|p2a: Corviknight|Pressure
|move|p1a: diddy kong|Knock Off|p2a: Corviknight
|-damage|p2a: Corviknight|74/100
|-damage|p1a: diddy kong|42/100|[from] item: Rocky Helmet|[of] p2a: Corviknight
|-enditem|p2a: Corviknight|Rocky Helmet|[from] move: Knock Off|[of] p1a: diddy kong
|
|-heal|p1a: diddy kong|49/100|[from] Grassy Terrain
|-heal|p1a: diddy kong|55/100|[from] item: Leftovers
|-fieldend|move: Grassy Terrain
|upkeep
|turn|7
|j| Schlafparalyse
|
|t:|1781252940
|switch|p1a: cheap tusk|Great Tusk, shiny|100/100
|-damage|p1a: cheap tusk|97/100|[from] Stealth Rock
|move|p2a: Corviknight|Body Press|p1a: cheap tusk
|-damage|p1a: cheap tusk|79/100
|
|-heal|p1a: cheap tusk|86/100|[from] item: Leftovers
|upkeep
|turn|8
|
|t:|1781252948
|switch|p2a: Pecharunt|Pecharunt|100/100
|move|p1a: cheap tusk|Stealth Rock|p2a: Pecharunt
|-sidestart|p2: mothcarona|move: Stealth Rock
|
|-heal|p1a: cheap tusk|92/100|[from] item: Leftovers
|upkeep
|turn|9
|
|t:|1781252955
|-end|p1a: cheap tusk|Protosynthesis|[silent]
|switch|p1a: neededaghostresist|Kingambit, M, shiny|82/100
|-damage|p1a: neededaghostresist|76/100|[from] Stealth Rock
|move|p2a: Pecharunt|Parting Shot|p1a: neededaghostresist
|-unboost|p1a: neededaghostresist|atk|1
|-unboost|p1a: neededaghostresist|spa|1
|
|t:|1781252965
|switch|p2a: Kyurem|Kyurem|100/100|[from] Parting Shot
|-damage|p2a: Kyurem|75/100|[from] Stealth Rock
|-ability|p2a: Kyurem|Pressure
|
|-heal|p2a: Kyurem|82/100|[from] item: Leftovers
|-heal|p1a: neededaghostresist|82/100|[from] item: Leftovers
|upkeep
|turn|10
|
|t:|1781252981
|-end|p1a: neededaghostresist|fallenundefined|[silent]
|switch|p1a: le-tachyon|Iron Crown|100/100
|-damage|p1a: le-tachyon|94/100|[from] Stealth Rock
|-terastallize|p2a: Kyurem|Ground
|move|p2a: Kyurem|Earth Power|p1a: le-tachyon
|-supereffective|p1a: le-tachyon
|-damage|p1a: le-tachyon|47/100
|
|-heal|p2a: Kyurem|88/100|[from] item: Leftovers
|upkeep
|turn|11
|
|t:|1781252995
|move|p2a: Kyurem|Protect|p2a: Kyurem
|-singleturn|p2a: Kyurem|Protect
|move|p1a: le-tachyon|Tachyon Cutter|p2a: Kyurem
|-activate|p2a: Kyurem|move: Protect
|
|-heal|p2a: Kyurem|94/100|[from] item: Leftovers
|upkeep
|turn|12
|
|t:|1781253017
|-end|p1a: le-tachyon|Quark Drive|[silent]
|switch|p1a: diddy kong|Rillaboom, F, shiny|55/100
|-damage|p1a: diddy kong|42/100|[from] Stealth Rock
|-fieldstart|move: Grassy Terrain|[from] ability: Grassy Surge|[of] p1a: diddy kong
|move|p2a: Kyurem|Earth Power|p1a: diddy kong
|-resisted|p1a: diddy kong
|-damage|p1a: diddy kong|17/100
|
|-heal|p2a: Kyurem|99/100|[from] Grassy Terrain
|-heal|p2a: Kyurem|100/100|[from] item: Leftovers
|-heal|p1a: diddy kong|23/100|[from] Grassy Terrain
|-heal|p1a: diddy kong|29/100|[from] item: Leftovers
|upkeep
|turn|13
|
|t:|1781253026
|switch|p2a: Pecharunt|Pecharunt|100/100
|move|p1a: diddy kong|Grassy Glide|p2a: Pecharunt
|-resisted|p2a: Pecharunt
|-damage|p2a: Pecharunt|91/100
|
|-heal|p1a: diddy kong|35/100|[from] Grassy Terrain
|-heal|p2a: Pecharunt|97/100|[from] Grassy Terrain
|-heal|p1a: diddy kong|42/100|[from] item: Leftovers
|upkeep
|turn|14
|
|t:|1781253030
|move|p1a: diddy kong|U-turn|p2a: Pecharunt
|-resisted|p2a: Pecharunt
|-damage|p2a: Pecharunt|94/100
|
|t:|1781253033
|switch|p1a: neededaghostresist|Kingambit, M, shiny|82/100|[from] U-turn
|-damage|p1a: neededaghostresist|76/100|[from] Stealth Rock
|move|p2a: Pecharunt|Parting Shot|p1a: neededaghostresist
|-unboost|p1a: neededaghostresist|atk|1
|-unboost|p1a: neededaghostresist|spa|1
|
|t:|1781253035
|switch|p2a: Kyurem|Kyurem, tera:Ground|100/100|[from] Parting Shot
|-damage|p2a: Kyurem|94/100|[from] Stealth Rock
|-ability|p2a: Kyurem|Pressure
|
|-heal|p2a: Kyurem|100/100|[from] Grassy Terrain
|-heal|p1a: neededaghostresist|82/100|[from] Grassy Terrain
|-heal|p1a: neededaghostresist|89/100|[from] item: Leftovers
|upkeep
|turn|15
|
|t:|1781253052
|move|p2a: Kyurem|Substitute|p2a: Kyurem
|-start|p2a: Kyurem|Substitute
|-damage|p2a: Kyurem|75/100
|move|p1a: neededaghostresist|Kowtow Cleave|p2a: Kyurem
|-end|p2a: Kyurem|Substitute
|
|-heal|p2a: Kyurem|82/100|[from] Grassy Terrain
|-heal|p2a: Kyurem|88/100|[from] item: Leftovers
|-heal|p1a: neededaghostresist|95/100|[from] Grassy Terrain
|-heal|p1a: neededaghostresist|100/100|[from] item: Leftovers
|upkeep
|turn|16
|
|t:|1781253056
|-end|p1a: neededaghostresist|fallenundefined|[silent]
|switch|p1a: diddy kong|Rillaboom, F, shiny|42/100
|-damage|p1a: diddy kong|29/100|[from] Stealth Rock
|move|p2a: Kyurem|Earth Power|p1a: diddy kong
|-resisted|p1a: diddy kong
|-damage|p1a: diddy kong|5/100
|
|-heal|p2a: Kyurem|94/100|[from] Grassy Terrain
|-heal|p2a: Kyurem|99/100|[from] item: Leftovers
|-heal|p1a: diddy kong|11/100|[from] Grassy Terrain
|-heal|p1a: diddy kong|18/100|[from] item: Leftovers
|-fieldend|move: Grassy Terrain
|upkeep
|turn|17
|
|t:|1781253061
|move|p2a: Kyurem|Freeze-Dry|p1a: diddy kong
|-supereffective|p1a: diddy kong
|-damage|p1a: diddy kong|0 fnt
|faint|p1a: diddy kong
|
|-heal|p2a: Kyurem|100/100|[from] item: Leftovers
|upkeep
|
|t:|1781253076
|switch|p1a: goobing bolt|Raging Bolt|100/100
|-damage|p1a: goobing bolt|88/100|[from] Stealth Rock
|turn|18
|
|t:|1781253079
|-terastallize|p1a: goobing bolt|Bug
|move|p2a: Kyurem|Substitute|p2a: Kyurem
|-start|p2a: Kyurem|Substitute
|-damage|p2a: Kyurem|75/100
|move|p1a: goobing bolt|Draco Meteor|p2a: Kyurem
|-end|p2a: Kyurem|Substitute
|-unboost|p1a: goobing bolt|spa|2
|
|-heal|p2a: Kyurem|82/100|[from] item: Leftovers
|upkeep
|turn|19
|
|t:|1781253084
|move|p2a: Kyurem|Substitute|p2a: Kyurem
|-start|p2a: Kyurem|Substitute
|-damage|p2a: Kyurem|57/100
|move|p1a: goobing bolt|Draco Meteor|p2a: Kyurem
|-crit|p2a: Kyurem
|-end|p2a: Kyurem|Substitute
|-unboost|p1a: goobing bolt|spa|2
|
|-heal|p2a: Kyurem|63/100|[from] item: Leftovers
|upkeep
|turn|20
|
|t:|1781253096
|-end|p1a: goobing bolt|Protosynthesis|[silent]
|switch|p1a: cheap tusk|Great Tusk, shiny|92/100
|-damage|p1a: cheap tusk|89/100|[from] Stealth Rock
|move|p2a: Kyurem|Substitute|p2a: Kyurem
|-start|p2a: Kyurem|Substitute
|-damage|p2a: Kyurem|38/100
|
|-heal|p2a: Kyurem|44/100|[from] item: Leftovers
|-heal|p1a: cheap tusk|95/100|[from] item: Leftovers
|upkeep
|turn|21
|
|t:|1781253101
|move|p2a: Kyurem|Protect|p2a: Kyurem
|-singleturn|p2a: Kyurem|Protect
|move|p1a: cheap tusk|Ice Spinner|p2a: Kyurem
|-activate|p2a: Kyurem|move: Protect
|
|-heal|p2a: Kyurem|50/100|[from] item: Leftovers
|-heal|p1a: cheap tusk|100/100|[from] item: Leftovers
|upkeep
|turn|22
|
|t:|1781253104
|move|p2a: Kyurem|Freeze-Dry|p1a: cheap tusk
|-supereffective|p1a: cheap tusk
|-damage|p1a: cheap tusk|10/100
|move|p1a: cheap tusk|Ice Spinner|p2a: Kyurem
|-supereffective|p2a: Kyurem
|-end|p2a: Kyurem|Substitute
|
|-heal|p2a: Kyurem|56/100|[from] item: Leftovers
|-heal|p1a: cheap tusk|16/100|[from] item: Leftovers
|upkeep
|turn|23
|
|t:|1781253108
|-end|p1a: cheap tusk|Protosynthesis|[silent]
|switch|p1a: le-tachyon|Iron Crown|47/100
|-damage|p1a: le-tachyon|41/100|[from] Stealth Rock
|move|p2a: Kyurem|Freeze-Dry|p1a: le-tachyon
|-resisted|p1a: le-tachyon
|-damage|p1a: le-tachyon|31/100
|
|-heal|p2a: Kyurem|63/100|[from] item: Leftovers
|upkeep
|turn|24
|
|t:|1781253110
|move|p2a: Kyurem|Protect|p2a: Kyurem
|-singleturn|p2a: Kyurem|Protect
|move|p1a: le-tachyon|Tachyon Cutter|p2a: Kyurem
|-activate|p2a: Kyurem|move: Protect
|
|-heal|p2a: Kyurem|69/100|[from] item: Leftovers
|upkeep
|turn|25
|
|t:|1781253112
|switch|p2a: Ting-Lu|Ting-Lu|80/100
|-damage|p2a: Ting-Lu|74/100|[from] Stealth Rock
|-ability|p2a: Ting-Lu|Vessel of Ruin
|move|p1a: le-tachyon|Tachyon Cutter|p2a: Ting-Lu
|-damage|p2a: Ting-Lu|65/100
|-damage|p2a: Ting-Lu|57/100
|-hitcount|p2a: Ting-Lu|2
|
|-heal|p2a: Ting-Lu|63/100|[from] item: Leftovers
|upkeep
|turn|26
|
|t:|1781253120
|-end|p1a: le-tachyon|Quark Drive|[silent]
|switch|p1a: cheap tusk|Great Tusk, shiny|16/100
|-damage|p1a: cheap tusk|13/100|[from] Stealth Rock
|move|p2a: Ting-Lu|Whirlwind|p1a: cheap tusk
|-end|p1a: cheap tusk|Protosynthesis|[silent]
|drag|p1a: neededaghostresist|Kingambit, M, shiny|100/100
|-damage|p1a: neededaghostresist|94/100|[from] Stealth Rock
|-activate|p1a: neededaghostresist|ability: Supreme Overlord
|-start|p1a: neededaghostresist|fallen1|[silent]
|
|-heal|p1a: neededaghostresist|100/100|[from] item: Leftovers
|-heal|p2a: Ting-Lu|69/100|[from] item: Leftovers
|upkeep
|turn|27
|
|t:|1781253133
|move|p1a: neededaghostresist|Iron Head|p2a: Ting-Lu
|-damage|p2a: Ting-Lu|42/100
|move|p2a: Ting-Lu|Whirlwind|p1a: neededaghostresist
|-end|p1a: neededaghostresist|fallen1|[silent]
|drag|p1a: gay alladin|Enamorus, F|100/100
|-damage|p1a: gay alladin|76/100|[from] Stealth Rock
|
|-heal|p2a: Ting-Lu|48/100|[from] item: Leftovers
|upkeep
|turn|28
|
|t:|1781253137
|switch|p2a: Pecharunt|Pecharunt|94/100
|move|p1a: gay alladin|Moonblast|p2a: Pecharunt
|-resisted|p2a: Pecharunt
|-damage|p2a: Pecharunt|66/100
|-unboost|p2a: Pecharunt|spa|1
|
|upkeep
|turn|29
|
|t:|1781253143
|switch|p1a: goobing bolt|Raging Bolt, tera:Bug|88/100
|-damage|p1a: goobing bolt|63/100|[from] Stealth Rock
|move|p2a: Pecharunt|Recover|p2a: Pecharunt
|-heal|p2a: Pecharunt|100/100
|
|upkeep
|turn|30
|
|t:|1781253147
|move|p1a: goobing bolt|Draco Meteor|p2a: Pecharunt|[miss]
|-miss|p1a: goobing bolt|p2a: Pecharunt
|move|p2a: Pecharunt|Parting Shot|p1a: goobing bolt
|-unboost|p1a: goobing bolt|atk|1
|-unboost|p1a: goobing bolt|spa|1
|
|t:|1781253150
|switch|p2a: Kyurem|Kyurem, tera:Ground|69/100|[from] Parting Shot
|-damage|p2a: Kyurem|63/100|[from] Stealth Rock
|-ability|p2a: Kyurem|Pressure
|
|-heal|p2a: Kyurem|69/100|[from] item: Leftovers
|upkeep
|turn|31
|
|t:|1781253152
|move|p2a: Kyurem|Substitute|p2a: Kyurem
|-start|p2a: Kyurem|Substitute
|-damage|p2a: Kyurem|44/100
|move|p1a: goobing bolt|Draco Meteor|p2a: Kyurem
|-end|p2a: Kyurem|Substitute
|-unboost|p1a: goobing bolt|spa|2
|
|-heal|p2a: Kyurem|50/100|[from] item: Leftovers
|upkeep
|turn|32
|l| Schlafparalyse
|-message|n5v forfeited.
|
|win|mothcarona
|raw|n5v's rating: 1675 &rarr; <strong>1653</strong><br />(-22 for losing)
|raw|mothcarona's rating: 1638 &rarr; <strong>1660</strong><br />(+22 for winning)
|l|☆n5v
|player|p1|
|l|☆mothcarona
|player|p2|
