|j|☆Luisowbro
|j|☆tauros3
|t:|1781189468
|gametype|singles
|player|p1|Luisowbro|ingo|1541
|player|p2|tauros3|swimmer-gen4dp|1547
|gen|9
|tier|[Gen 9] OU
|rated|
|rule|HP Percentage Mod: HP is shown in percentages
|rule|Endless Battle Clause: Forcing endless battles is banned
|rule|Species Clause: Limit one of each Pokémon
|rule|OHKO Clause: OHKO moves are banned
|rule|Evasion Items Clause: Evasion items are banned
|rule|Evasion Moves Clause: Evasion moves are banned
|rule|Evasion Abilities Clause: Evasion abilities are banned
|rule|Sleep Moves Clause: Sleep-inducing moves are banned
|clearpoke
|poke|p1|Moltres-Galar|
|poke|p1|Haxorus, M|
|poke|p1|Thundurus-Therian, M|
|poke|p1|Scizor, M|
|poke|p1|Volcanion|
|poke|p1|Ninetales-Alola, F|
|poke|p2|Ninetales-Alola, M|
|poke|p2|Cloyster, F|
|poke|p2|Moltres-Galar|
|poke|p2|Ursaluna, F|
|poke|p2|Hatterene, F|
|poke|p2|Cinderace, M|
|teampreview
|inactive|Battle timer is ON: inactive players will automatically lose when time's up. (requested by tauros3)
|
|t:|1781189486
|teamsize|p1|6
|teamsize|p2|6
|start
|switch|p1a: Volcanion|Volcanion|100/100
|switch|p2a: Long Time Sunshine|Cinderace, M|100/100
|turn|1
|
|t:|1781189493
|move|p2a: Long Time Sunshine|U-turn|p1a: Volcanion
|-resisted|p1a: Volcanion
|-damage|p1a: Volcanion|93/100
|
|t:|1781189496
|switch|p2a: The Good Life|Ninetales-Alola, M|100/100|[from] U-turn
|-weather|Snowscape|[from] ability: Snow Warning|[of] p2a: The Good Life
|move|p1a: Volcanion|Steam Eruption|p2a: The Good Life
|-damage|p2a: The Good Life|37/100
|-status|p2a: The Good Life|brn
|
|-weather|Snowscape|[upkeep]
|-damage|p2a: The Good Life|31/100 brn|[from] brn
|upkeep
|turn|2
|
|t:|1781189506
|move|p2a: The Good Life|Aurora Veil|p2a: The Good Life
|-sidestart|p2: tauros3|move: Aurora Veil
|move|p1a: Volcanion|Sludge Bomb|p2a: The Good Life
|-supereffective|p2a: The Good Life
|-damage|p2a: The Good Life|0 fnt
|faint|p2a: The Good Life
|
|-weather|Snowscape|[upkeep]
|upkeep
|
|t:|1781189514
|switch|p2a: Butterfly|Moltres-Galar|100/100
|turn|3
|
|t:|1781189519
|switch|p1a: Ninetales|Ninetales-Alola, F, shiny|100/100
|move|p2a: Butterfly|Agility|p2a: Butterfly
|-boost|p2a: Butterfly|spe|2
|
|-weather|Snowscape|[upkeep]
|upkeep
|turn|4
|
|t:|1781189525
|move|p2a: Butterfly|Air Slash|p1a: Ninetales
|-damage|p1a: Ninetales|63/100
|move|p1a: Ninetales|Encore|p2a: Butterfly
|-start|p2a: Butterfly|Encore
|
|-weather|Snowscape|[upkeep]
|upkeep
|turn|5
|
|t:|1781189531
|move|p2a: Butterfly|Air Slash|p1a: Ninetales|[miss]
|-miss|p2a: Butterfly|p1a: Ninetales
|move|p1a: Ninetales|Aurora Veil|p1a: Ninetales
|-sidestart|p1: Luisowbro|move: Aurora Veil
|
|-weather|none
|upkeep
|turn|6
|
|t:|1781189537
|switch|p2a: El Scorcho|Ursaluna, F|100/100
|move|p1a: Ninetales|Moonblast|p2a: El Scorcho
|-damage|p2a: El Scorcho|87/100
|
|-status|p2a: El Scorcho|brn|[from] item: Flame Orb
|upkeep
|turn|7
|
|t:|1781189561
|switch|p1a: Volcanion|Volcanion|93/100
|move|p2a: El Scorcho|Facade|p1a: Volcanion
|-damage|p1a: Volcanion|40/100
|
|-damage|p2a: El Scorcho|81/100 brn|[from] brn
|upkeep
|turn|8
|
|t:|1781189572
|-terastallize|p2a: El Scorcho|Normal
|move|p1a: Volcanion|Steam Eruption|p2a: El Scorcho
|-damage|p2a: El Scorcho|53/100 brn
|move|p2a: El Scorcho|Facade|p1a: Volcanion
|-damage|p1a: Volcanion|0 fnt
|faint|p1a: Volcanion
|
|-damage|p2a: El Scorcho|47/100 brn|[from] brn
|upkeep
|
|t:|1781189585
|switch|p1a: Haxorus|Haxorus, M, shiny|100/100
|-ability|p1a: Haxorus|Mold Breaker
|turn|9
|
|t:|1781189589
|move|p1a: Haxorus|Close Combat|p2a: El Scorcho
|-supereffective|p2a: El Scorcho
|-damage|p2a: El Scorcho|14/100 brn
|-unboost|p1a: Haxorus|def|1
|-unboost|p1a: Haxorus|spd|1
|move|p2a: El Scorcho|Facade|p1a: Haxorus
|-damage|p1a: Haxorus|0 fnt
|faint|p1a: Haxorus
|
|-damage|p2a: El Scorcho|8/100 brn|[from] brn
|-sideend|p2: tauros3|move: Aurora Veil
|upkeep
|
|t:|1781189601
|switch|p1a: Thundurus|Thundurus-Therian, M, shiny|100/100
|turn|10
|
|t:|1781189608
|move|p1a: Thundurus|Volt Switch|p2a: El Scorcho
|-damage|p2a: El Scorcho|0 fnt
|faint|p2a: El Scorcho
|
|t:|1781189616
|switch|p1a: Moltres|Moltres-Galar, shiny|100/100|[from] Volt Switch
|
|upkeep
|
|t:|1781189623
|switch|p2a: Pink Triangle|Hatterene, F|100/100
|turn|11
|
|t:|1781189628
|move|p1a: Moltres|Agility|p1a: Moltres
|-boost|p1a: Moltres|spe|2
|move|p2a: Pink Triangle|Trick Room|p2a: Pink Triangle
|-fieldstart|move: Trick Room|[of] p2a: Pink Triangle
|
|upkeep
|turn|12
|
|t:|1781189638
|move|p2a: Pink Triangle|Dazzling Gleam|p1a: Moltres
|-supereffective|p1a: Moltres
|-damage|p1a: Moltres|66/100
|move|p1a: Moltres|Nasty Plot|p1a: Moltres
|-boost|p1a: Moltres|spa|2
|
|-sideend|p1: Luisowbro|move: Aurora Veil
|upkeep
|turn|13
|
|t:|1781189664
|move|p2a: Pink Triangle|Dazzling Gleam|p1a: Moltres
|-supereffective|p1a: Moltres
|-damage|p1a: Moltres|4/100
|-ability|p1a: Moltres|Berserk|boost
|-boost|p1a: Moltres|spa|1
|-enditem|p1a: Moltres|Sitrus Berry|[eat]
|-heal|p1a: Moltres|29/100|[from] item: Sitrus Berry
|move|p1a: Moltres|Fiery Wrath|p2a: Pink Triangle
|-enditem|p2a: Pink Triangle|Focus Sash
|-damage|p2a: Pink Triangle|1/100
|
|upkeep
|turn|14
|inactive|Luisowbro has 120 seconds left.
|
|t:|1781189683
|move|p2a: Pink Triangle|Dazzling Gleam|p1a: Moltres
|-supereffective|p1a: Moltres
|-damage|p1a: Moltres|0 fnt
|faint|p1a: Moltres
|
|upkeep
|inactive|Luisowbro has 120 seconds left.
|
|t:|1781189694
|switch|p1a: Thundurus|Thundurus-Therian, M, shiny|100/100
|turn|15
|
|t:|1781189700
|move|p2a: Pink Triangle|Dazzling Gleam|p1a: Thundurus
|-damage|p1a: Thundurus|36/100
|move|p1a: Thundurus|Volt Switch|p2a: Pink Triangle
|-damage|p2a: Pink Triangle|0 fnt
|faint|p2a: Pink Triangle
|inactive|Luisowbro has 120 seconds left.
|
|t:|1781189713
|switch|p1a: Ninetales|Ninetales-Alola, F, shiny|63/100|[from] Volt Switch
|-weather|Snowscape|[from] ability: Snow Warning|[of] p1a: Ninetales
|
|-weather|Snowscape|[upkeep]
|-fieldend|move: Trick Room
|upkeep
|
|t:|1781189720
|switch|p2a: Long Time Sunshine|Cinderace, M|100/100
|turn|16
|
|t:|1781189726
|move|p2a: Long Time Sunshine|Pyro Ball|p1a: Ninetales
|-supereffective|p1a: Ninetales
|-damage|p1a: Ninetales|0 fnt
|faint|p1a: Ninetales
|
|-weather|Snowscape|[upkeep]
|upkeep
|
|t:|1781189731
|switch|p1a: Thundurus|Thundurus-Therian, M, shiny|36/100
|turn|17
|
|t:|1781189736
|move|p1a: Thundurus|Thunderbolt|p2a: Long Time Sunshine
|-damage|p2a: Long Time Sunshine|36/100
|move|p2a: Long Time Sunshine|Pyro Ball|p1a: Thundurus
|-damage|p1a: Thundurus|0 fnt
|faint|p1a: Thundurus
|
|-weather|Snowscape|[upkeep]
|upkeep
|
|t:|1781189743
|switch|p1a: Scizor|Scizor, M|100/100
|turn|18
|
|t:|1781189746
|-terastallize|p1a: Scizor|Steel
|move|p1a: Scizor|Bullet Punch|p2a: Long Time Sunshine
|-resisted|p2a: Long Time Sunshine
|-damage|p2a: Long Time Sunshine|0 fnt
|faint|p2a: Long Time Sunshine
|
|-weather|Snowscape|[upkeep]
|upkeep
|
|t:|1781189750
|switch|p2a: Butterfly|Moltres-Galar|100/100
|turn|19
|
|t:|1781189756
|move|p1a: Scizor|Bullet Punch|p2a: Butterfly
|-damage|p2a: Butterfly|17/100
|-ability|p2a: Butterfly|Berserk|boost
|-boost|p2a: Butterfly|spa|1
|-enditem|p2a: Butterfly|Sitrus Berry|[eat]
|-heal|p2a: Butterfly|42/100|[from] item: Sitrus Berry
|move|p2a: Butterfly|Nasty Plot|p2a: Butterfly
|-boost|p2a: Butterfly|spa|2
|
|-weather|none
|upkeep
|turn|20
|
|t:|1781189765
|move|p1a: Scizor|Bullet Punch|p2a: Butterfly
|-damage|p2a: Butterfly|0 fnt
|faint|p2a: Butterfly
|
|upkeep
|
|t:|1781189767
|switch|p2a: Getchoo|Cloyster, F|100/100
|turn|21
|
|t:|1781189771
|move|p1a: Scizor|Bullet Punch|p2a: Getchoo
|-damage|p2a: Getchoo|49/100
|move|p2a: Getchoo|Icicle Spear|p1a: Scizor
|-resisted|p1a: Scizor
|-damage|p1a: Scizor|94/100
|-resisted|p1a: Scizor
|-damage|p1a: Scizor|87/100
|-resisted|p1a: Scizor
|-damage|p1a: Scizor|80/100
|-resisted|p1a: Scizor
|-damage|p1a: Scizor|74/100
|-resisted|p1a: Scizor
|-damage|p1a: Scizor|66/100
|-hitcount|p1a: Scizor|5
|
|upkeep
|turn|22
|
|t:|1781189782
|move|p1a: Scizor|Bullet Punch|p2a: Getchoo
|-damage|p2a: Getchoo|0 fnt
|faint|p2a: Getchoo
|
|win|Luisowbro
|raw|Luisowbro's rating: 1541 &rarr; <strong>1561</strong><br />(+20 for winning)
|raw|tauros3's rating: 1547 &rarr; <strong>1527</strong><br />(-20 for losing)
|l|☆tauros3
|player|p2|
|l|☆Luisowbro
|player|p1|
