|j|☆meio_potato
|j|☆alex12381723898
|t:|1781109684
|gametype|singles
|player|p1|meio_potato|hilda-wonderlauncher|1577
|player|p2|alex12381723898|101|1530
|gen|9
|tier|[Gen 9] OU
|rated|
|rule|HP Percentage Mod: HP is shown in percentages
|rule|Endless Battle Clause: Forcing endless battles is banned
|rule|Species Clause: Limit one of each Pokémon
|rule|OHKO Clause: OHKO moves are banned
|rule|Evasion Items Clause: Evasion items are banned
|rule|Evasion Moves Clause: Evasion moves are banned
|rule|Evasion Abilities Clause: Evasion abilities are banned
|rule|Sleep Moves Clause: Sleep-inducing moves are banned
|clearpoke
|poke|p1|Latias, F|
|poke|p1|Polteageist|
|poke|p1|Zamazenta-*|
|poke|p1|Kingambit, M|
|poke|p1|Ogerpon-Wellspring, F|
|poke|p1|Iron Moth|
|poke|p2|Landorus-Therian, M|
|poke|p2|Sinistcha|
|poke|p2|Tinkaton, F|
|poke|p2|Moltres|
|poke|p2|Samurott-Hisui, M|
|poke|p2|Hydreigon, M|
|teampreview
|inactive|Battle timer is ON: inactive players will automatically lose when time's up. (requested by meio_potato)
|
|t:|1781109687
|teamsize|p1|6
|teamsize|p2|6
|start
|switch|p1a: Ogerpon|Ogerpon-Wellspring, F|100/100
|switch|p2a: Jack Sparrow|Samurott-Hisui, M, shiny|100/100
|turn|1
|
|t:|1781109690
|switch|p2a: Sagittarius|Sinistcha, shiny|100/100
|move|p1a: Ogerpon|Horn Leech|p2a: Sagittarius
|-resisted|p2a: Sagittarius
|-damage|p2a: Sagittarius|86/100
|
|upkeep
|turn|2
|
|t:|1781109693
|move|p1a: Ogerpon|Swords Dance|p1a: Ogerpon
|-boost|p1a: Ogerpon|atk|2
|move|p2a: Sagittarius|Matcha Gotcha|p1a: Ogerpon
|-damage|p1a: Ogerpon|60/100
|-heal|p2a: Sagittarius|100/100|[from] drain|[of] p1a: Ogerpon
|-status|p1a: Ogerpon|brn
|
|-damage|p1a: Ogerpon|54/100 brn|[from] brn
|upkeep
|turn|3
|
|t:|1781109695
|move|p1a: Ogerpon|Knock Off|p2a: Sagittarius
|-supereffective|p2a: Sagittarius
|-damage|p2a: Sagittarius|47/100
|-enditem|p2a: Sagittarius|Heavy-Duty Boots|[from] move: Knock Off|[of] p1a: Ogerpon
|move|p2a: Sagittarius|Matcha Gotcha|p1a: Ogerpon
|-damage|p1a: Ogerpon|14/100 brn
|-heal|p2a: Sagittarius|64/100|[from] drain|[of] p1a: Ogerpon
|
|-damage|p1a: Ogerpon|8/100 brn|[from] brn
|upkeep
|turn|4
|
|t:|1781109700
|move|p1a: Ogerpon|Knock Off|p2a: Sagittarius
|-supereffective|p2a: Sagittarius
|-damage|p2a: Sagittarius|28/100
|move|p2a: Sagittarius|Strength Sap|p1a: Ogerpon
|-unboost|p1a: Ogerpon|atk|1
|-heal|p2a: Sagittarius|100/100
|
|-damage|p1a: Ogerpon|2/100 brn|[from] brn
|upkeep
|turn|5
|
|t:|1781109704
|move|p1a: Ogerpon|Knock Off|p2a: Sagittarius
|-supereffective|p2a: Sagittarius
|-damage|p2a: Sagittarius|72/100
|move|p2a: Sagittarius|Matcha Gotcha|p1a: Ogerpon
|-damage|p1a: Ogerpon|0 fnt
|-heal|p2a: Sagittarius|73/100|[from] drain|[of] p1a: Ogerpon
|faint|p1a: Ogerpon
|
|upkeep
|
|t:|1781109711
|switch|p1a: Kingambit|Kingambit, M|100/100
|turn|6
|
|t:|1781109718
|switch|p2a: Phoenix|Moltres, shiny|100/100
|move|p1a: Kingambit|Kowtow Cleave|p2a: Phoenix
|-damage|p2a: Phoenix|66/100
|-status|p1a: Kingambit|brn|[from] ability: Flame Body|[of] p2a: Phoenix
|
|-damage|p1a: Kingambit|94/100 brn|[from] brn
|upkeep
|turn|7
|
|t:|1781109723
|move|p2a: Phoenix|Flamethrower|p1a: Kingambit
|-supereffective|p1a: Kingambit
|-damage|p1a: Kingambit|34/100 brn
|move|p1a: Kingambit|Kowtow Cleave|p2a: Phoenix
|-damage|p2a: Phoenix|49/100
|
|-damage|p1a: Kingambit|28/100 brn|[from] brn
|upkeep
|turn|8
|
|t:|1781109726
|move|p2a: Phoenix|Flamethrower|p1a: Kingambit
|-supereffective|p1a: Kingambit
|-damage|p1a: Kingambit|0 fnt
|faint|p1a: Kingambit
|
|upkeep
|
|t:|1781109728
|switch|p1a: Polteageist|Polteageist|100/100
|turn|9
|
|t:|1781109732
|switch|p2a: Hybrid|Hydreigon, M, shiny|100/100
|move|p1a: Polteageist|Shell Smash|p1a: Polteageist
|-unboost|p1a: Polteageist|def|1
|-unboost|p1a: Polteageist|spd|1
|-boost|p1a: Polteageist|atk|2
|-boost|p1a: Polteageist|spa|2
|-boost|p1a: Polteageist|spe|2
|
|upkeep
|turn|10
|
|t:|1781109737
|move|p1a: Polteageist|Shadow Ball|p2a: Hybrid
|-resisted|p2a: Hybrid
|-damage|p2a: Hybrid|50/100
|move|p2a: Hybrid|Dark Pulse|p1a: Polteageist
|-supereffective|p1a: Polteageist
|-enditem|p1a: Polteageist|Focus Sash
|-damage|p1a: Polteageist|1/100
|
|upkeep
|turn|11
|
|t:|1781109742
|move|p1a: Polteageist|Shadow Ball|p2a: Hybrid
|-resisted|p2a: Hybrid
|-damage|p2a: Hybrid|0 fnt
|faint|p2a: Hybrid
|
|upkeep
|
|t:|1781109746
|switch|p2a: Jack Sparrow|Samurott-Hisui, M, shiny|100/100
|turn|12
|
|t:|1781109747
|move|p2a: Jack Sparrow|Sucker Punch||[still]
|-fail|p2a: Jack Sparrow
|move|p1a: Polteageist|Shell Smash|p1a: Polteageist
|-unboost|p1a: Polteageist|def|1
|-unboost|p1a: Polteageist|spd|1
|-boost|p1a: Polteageist|atk|2
|-boost|p1a: Polteageist|spa|2
|-boost|p1a: Polteageist|spe|2
|
|upkeep
|turn|13
|
|t:|1781109750
|move|p2a: Jack Sparrow|Sucker Punch||[still]
|-fail|p2a: Jack Sparrow
|move|p1a: Polteageist|Shell Smash|p1a: Polteageist
|-unboost|p1a: Polteageist|def|1
|-unboost|p1a: Polteageist|spd|1
|-boost|p1a: Polteageist|atk|2
|-boost|p1a: Polteageist|spa|2
|-boost|p1a: Polteageist|spe|2
|
|upkeep
|turn|14
|
|t:|1781109752
|move|p1a: Polteageist|Shell Smash|p1a: Polteageist
|-unboost|p1a: Polteageist|def|1
|-unboost|p1a: Polteageist|spd|1
|-boost|p1a: Polteageist|atk|0
|-boost|p1a: Polteageist|spa|0
|-boost|p1a: Polteageist|spe|0
|move|p2a: Jack Sparrow|Ceaseless Edge|p1a: Polteageist
|-supereffective|p1a: Polteageist
|-damage|p1a: Polteageist|0 fnt
|-sidestart|p1: meio_potato|Spikes
|faint|p1a: Polteageist
|
|upkeep
|
|t:|1781109755
|switch|p1a: Latias|Latias, F|100/100
|turn|15
|
|t:|1781109758
|move|p1a: Latias|Agility|p1a: Latias
|-boost|p1a: Latias|spe|2
|move|p2a: Jack Sparrow|Knock Off|p1a: Latias
|-supereffective|p1a: Latias
|-damage|p1a: Latias|14/100
|-enditem|p1a: Latias|Weakness Policy
|-boost|p1a: Latias|atk|2|[from] item: Weakness Policy
|-boost|p1a: Latias|spa|2|[from] item: Weakness Policy
|
|upkeep
|turn|16
|
|t:|1781109761
|-terastallize|p1a: Latias|Fairy
|move|p2a: Jack Sparrow|Sucker Punch|p1a: Latias
|-resisted|p1a: Latias
|-damage|p1a: Latias|0 fnt
|faint|p1a: Latias
|
|upkeep
|
|t:|1781109765
|switch|p1a: Zamazenta|Zamazenta|100/100
|-damage|p1a: Zamazenta|88/100|[from] Spikes
|-ability|p1a: Zamazenta|Dauntless Shield|boost
|-boost|p1a: Zamazenta|def|1
|turn|17
|inactive|alex12381723898 has 120 seconds left.
|
|t:|1781109810
|move|p1a: Zamazenta|Iron Defense|p1a: Zamazenta
|-boost|p1a: Zamazenta|def|2
|move|p2a: Jack Sparrow|Knock Off|p1a: Zamazenta
|-resisted|p1a: Zamazenta
|-damage|p1a: Zamazenta|79/100
|-enditem|p1a: Zamazenta|Leftovers|[from] move: Knock Off|[of] p2a: Jack Sparrow
|
|upkeep
|turn|18
|
|t:|1781109818
|switch|p2a: Smile.exe|Tinkaton, F, shiny|100/100
|-item|p2a: Smile.exe|Air Balloon
|move|p1a: Zamazenta|Iron Defense|p1a: Zamazenta
|-boost|p1a: Zamazenta|def|2
|
|upkeep
|turn|19
|
|t:|1781109820
|move|p1a: Zamazenta|Body Press|p2a: Smile.exe
|-damage|p2a: Smile.exe|0 fnt
|-enditem|p2a: Smile.exe|Air Balloon
|faint|p2a: Smile.exe
|
|upkeep
|
|t:|1781109825
|switch|p2a: Phoenix|Moltres, shiny|49/100
|turn|20
|
|t:|1781109829
|move|p1a: Zamazenta|Body Press|p2a: Phoenix
|-resisted|p2a: Phoenix
|-damage|p2a: Phoenix|5/100
|-status|p1a: Zamazenta|brn|[from] ability: Flame Body|[of] p2a: Phoenix
|move|p2a: Phoenix|Scorching Sands|p1a: Zamazenta
|-damage|p1a: Zamazenta|62/100 brn
|
|-damage|p1a: Zamazenta|56/100 brn|[from] brn
|upkeep
|turn|21
|
|t:|1781109833
|move|p1a: Zamazenta|Body Press|p2a: Phoenix
|-resisted|p2a: Phoenix
|-damage|p2a: Phoenix|0 fnt
|faint|p2a: Phoenix
|
|-damage|p1a: Zamazenta|50/100 brn|[from] brn
|upkeep
|
|t:|1781109835
|switch|p2a: Sagittarius|Sinistcha, shiny|73/100
|turn|22
|
|t:|1781109837
|move|p1a: Zamazenta|Crunch|p2a: Sagittarius
|-supereffective|p2a: Sagittarius
|-damage|p2a: Sagittarius|54/100
|-unboost|p2a: Sagittarius|def|1
|move|p2a: Sagittarius|Calm Mind|p2a: Sagittarius
|-boost|p2a: Sagittarius|spa|1
|-boost|p2a: Sagittarius|spd|1
|
|-damage|p1a: Zamazenta|44/100 brn|[from] brn
|upkeep
|turn|23
|
|t:|1781109839
|move|p1a: Zamazenta|Crunch|p2a: Sagittarius
|-supereffective|p2a: Sagittarius
|-damage|p2a: Sagittarius|28/100
|move|p2a: Sagittarius|Strength Sap|p1a: Zamazenta
|-unboost|p1a: Zamazenta|atk|1
|-heal|p2a: Sagittarius|100/100
|
|-damage|p1a: Zamazenta|37/100 brn|[from] brn
|upkeep
|turn|24
|
|t:|1781109842
|move|p2a: Sagittarius|Calm Mind|p2a: Sagittarius
|-boost|p2a: Sagittarius|spa|1
|-boost|p2a: Sagittarius|spd|1
|move|p1a: Zamazenta|Roar|p2a: Sagittarius
|drag|p2a: Jack Sparrow|Samurott-Hisui, M, shiny|100/100
|
|-damage|p1a: Zamazenta|31/100 brn|[from] brn
|upkeep
|turn|25
|
|t:|1781109845
|switch|p2a: Sagittarius|Sinistcha, shiny|100/100
|move|p1a: Zamazenta|Crunch|p2a: Sagittarius
|-supereffective|p2a: Sagittarius
|-damage|p2a: Sagittarius|87/100
|
|-damage|p1a: Zamazenta|25/100 brn|[from] brn
|upkeep
|turn|26
|
|t:|1781109856
|move|p1a: Zamazenta|Crunch|p2a: Sagittarius
|-supereffective|p2a: Sagittarius
|-damage|p2a: Sagittarius|76/100
|-unboost|p2a: Sagittarius|def|1
|move|p2a: Sagittarius|Calm Mind|p2a: Sagittarius
|-boost|p2a: Sagittarius|spa|1
|-boost|p2a: Sagittarius|spd|1
|
|-damage|p1a: Zamazenta|19/100 brn|[from] brn
|upkeep
|turn|27
|
|t:|1781109868
|move|p1a: Zamazenta|Crunch|p2a: Sagittarius
|-supereffective|p2a: Sagittarius
|-damage|p2a: Sagittarius|58/100
|-unboost|p2a: Sagittarius|def|1
|move|p2a: Sagittarius|Strength Sap|p1a: Zamazenta
|-unboost|p1a: Zamazenta|atk|1
|-heal|p2a: Sagittarius|100/100
|
|-damage|p1a: Zamazenta|13/100 brn|[from] brn
|upkeep
|turn|28
|l|☆alex12381723898
|inactive|alex12381723898 disconnected and has a minute to reconnect!
|player|p2|
|j|☆alex12381723898
|inactive|alex12381723898 reconnected and has 125 seconds left.
|player|p2|alex12381723898|101|
|inactive|alex12381723898 has 120 seconds left.
|
|t:|1781109898
|move|p1a: Zamazenta|Crunch|p2a: Sagittarius
|-supereffective|p2a: Sagittarius
|-damage|p2a: Sagittarius|82/100
|move|p2a: Sagittarius|Matcha Gotcha|p1a: Zamazenta
|-damage|p1a: Zamazenta|0 fnt
|-heal|p2a: Sagittarius|88/100|[from] drain|[of] p1a: Zamazenta
|faint|p1a: Zamazenta
|
|upkeep
|
|t:|1781109901
|switch|p1a: Iron Moth|Iron Moth|100/100
|-damage|p1a: Iron Moth|88/100|[from] Spikes
|turn|29
|
|t:|1781109904
|move|p1a: Iron Moth|Fiery Dance|p2a: Sagittarius
|-supereffective|p2a: Sagittarius
|-damage|p2a: Sagittarius|55/100
|-boost|p1a: Iron Moth|spa|1
|move|p2a: Sagittarius|Shadow Ball|p1a: Iron Moth
|-damage|p1a: Iron Moth|37/100
|
|upkeep
|turn|30
|
|t:|1781109911
|move|p1a: Iron Moth|Sludge Wave|p2a: Sagittarius
|-damage|p2a: Sagittarius|0 fnt
|faint|p2a: Sagittarius
|
|upkeep
|
|t:|1781109914
|switch|p2a: Enten|Landorus-Therian, M, shiny|100/100
|-ability|p2a: Enten|Intimidate|boost
|-unboost|p1a: Iron Moth|atk|1
|turn|31
|
|t:|1781109915
|move|p2a: Enten|Earthquake|p1a: Iron Moth
|-supereffective|p1a: Iron Moth
|-damage|p1a: Iron Moth|0 fnt
|faint|p1a: Iron Moth
|-end|p1a: Iron Moth|Quark Drive|[silent]
|
|win|alex12381723898
|raw|meio_potato's rating: 1577 &rarr; <strong>1554</strong><br />(-23 for losing)
|raw|alex12381723898's rating: 1530 &rarr; <strong>1553</strong><br />(+23 for winning)
|l|☆alex12381723898
|player|p2|
