|j|☆life orb trump
|j|☆EtnaArmpits
|t:|1781271166
|gametype|singles
|player|p1|life orb trump|lucas|1621
|player|p2|EtnaArmpits|265|1706
|gen|9
|tier|[Gen 9] OU
|rated|
|rule|HP Percentage Mod: HP is shown in percentages
|rule|Endless Battle Clause: Forcing endless battles is banned
|rule|Species Clause: Limit one of each Pokémon
|rule|OHKO Clause: OHKO moves are banned
|rule|Evasion Items Clause: Evasion items are banned
|rule|Evasion Moves Clause: Evasion moves are banned
|rule|Evasion Abilities Clause: Evasion abilities are banned
|rule|Sleep Moves Clause: Sleep-inducing moves are banned
|clearpoke
|poke|p1|Ogerpon-Wellspring, F|
|poke|p1|Raging Bolt|
|poke|p1|Glimmora, M|
|poke|p1|Gholdengo|
|poke|p1|Hoopa-Unbound|
|poke|p1|Zamazenta-*|
|poke|p2|Kyurem|
|poke|p2|Deoxys-Speed|
|poke|p2|Iron Valiant|
|poke|p2|Dragonite, F|
|poke|p2|Darkrai|
|poke|p2|Iron Treads|
|teampreview
|inactive|Battle timer is ON: inactive players will automatically lose when time's up. (requested by EtnaArmpits)
|
|t:|1781271178
|teamsize|p1|6
|teamsize|p2|6
|start
|switch|p1a: Ogerpon|Ogerpon-Wellspring, F|100/100
|switch|p2a: Iron Treads|Iron Treads|100/100
|-enditem|p2a: Iron Treads|Booster Energy
|-activate|p2a: Iron Treads|ability: Quark Drive|[fromitem]
|-start|p2a: Iron Treads|quarkdrivespe
|turn|1
|
|t:|1781271181
|move|p2a: Iron Treads|Stealth Rock|p1a: Ogerpon
|-sidestart|p1: life orb trump|move: Stealth Rock
|move|p1a: Ogerpon|Ivy Cudgel|p2a: Iron Treads|[anim] Ivy Cudgel Water
|-supereffective|p2a: Iron Treads
|-damage|p2a: Iron Treads|0 fnt
|faint|p2a: Iron Treads
|-end|p2a: Iron Treads|Quark Drive|[silent]
|
|upkeep
|
|t:|1781271185
|switch|p2a: Kyurem|Kyurem|100/100
|-ability|p2a: Kyurem|Pressure
|turn|2
|
|t:|1781271193
|switch|p1a: Hoopa|Hoopa-Unbound|100/100
|-damage|p1a: Hoopa|88/100|[from] Stealth Rock
|move|p2a: Kyurem|Freeze-Dry|p1a: Hoopa
|-damage|p1a: Hoopa|68/100
|
|upkeep
|turn|3
|
|t:|1781271200
|move|p2a: Kyurem|Icicle Spear|p1a: Hoopa
|-damage|p1a: Hoopa|50/100
|-damage|p1a: Hoopa|35/100
|-hitcount|p1a: Hoopa|2
|move|p1a: Hoopa|Knock Off|p2a: Kyurem
|-damage|p2a: Kyurem|49/100
|-enditem|p2a: Kyurem|Never-Melt Ice|[from] move: Knock Off|[of] p1a: Hoopa
|
|upkeep
|turn|4
|
|t:|1781271204
|move|p2a: Kyurem|Icicle Spear|p1a: Hoopa
|-damage|p1a: Hoopa|19/100
|-damage|p1a: Hoopa|6/100
|-hitcount|p1a: Hoopa|2
|move|p1a: Hoopa|Drain Punch|p2a: Kyurem
|-supereffective|p2a: Kyurem
|-damage|p2a: Kyurem|0 fnt
|-heal|p1a: Hoopa|32/100|[from] drain|[of] p2a: Kyurem
|faint|p2a: Kyurem
|
|upkeep
|j| nesnot
|
|t:|1781271219
|switch|p2a: Darkrai|Darkrai|100/100
|turn|5
|
|t:|1781271222
|-terastallize|p2a: Darkrai|Poison
|move|p2a: Darkrai|Nasty Plot|p2a: Darkrai
|-boost|p2a: Darkrai|spa|2
|move|p1a: Hoopa|Drain Punch|p2a: Darkrai
|-resisted|p2a: Darkrai
|-damage|p2a: Darkrai|84/100
|-heal|p1a: Hoopa|39/100|[from] drain|[of] p2a: Darkrai
|
|upkeep
|turn|6
|
|t:|1781271232
|move|p2a: Darkrai|Dark Pulse|p1a: Hoopa
|-damage|p1a: Hoopa|0 fnt
|faint|p1a: Hoopa
|
|upkeep
|l| nesnot
|
|t:|1781271245
|switch|p1a: Raging Bolt|Raging Bolt|100/100
|-damage|p1a: Raging Bolt|88/100|[from] Stealth Rock
|-enditem|p1a: Raging Bolt|Booster Energy
|-activate|p1a: Raging Bolt|ability: Protosynthesis|[fromitem]
|-start|p1a: Raging Bolt|protosynthesisspa
|turn|7
|
|t:|1781271249
|move|p1a: Raging Bolt|Thunderclap|p2a: Darkrai
|-damage|p2a: Darkrai|15/100
|move|p2a: Darkrai|Sludge Bomb|p1a: Raging Bolt
|-damage|p1a: Raging Bolt|0 fnt
|faint|p1a: Raging Bolt
|-end|p1a: Raging Bolt|Protosynthesis|[silent]
|
|upkeep
|
|t:|1781271252
|switch|p1a: Zamazenta|Zamazenta|100/100
|-damage|p1a: Zamazenta|94/100|[from] Stealth Rock
|-ability|p1a: Zamazenta|Dauntless Shield|boost
|-boost|p1a: Zamazenta|def|1
|turn|8
|
|t:|1781271255
|move|p1a: Zamazenta|Crunch|p2a: Darkrai
|-damage|p2a: Darkrai|0 fnt
|faint|p2a: Darkrai
|-damage|p1a: Zamazenta|84/100|[from] item: Life Orb
|
|upkeep
|
|t:|1781271257
|switch|p2a: Deoxys|Deoxys-Speed|100/100
|-ability|p2a: Deoxys|Pressure
|turn|9
|inactive|life orb trump has 120 seconds left.
|
|t:|1781271303
|switch|p1a: Glimmora|Glimmora, M|100/100
|-damage|p1a: Glimmora|88/100|[from] Stealth Rock
|move|p2a: Deoxys|Psycho Boost|p1a: Glimmora
|-supereffective|p1a: Glimmora
|-damage|p1a: Glimmora|0 fnt
|-unboost|p2a: Deoxys|spa|2
|faint|p1a: Glimmora
|-damage|p2a: Deoxys|91/100|[from] item: Life Orb
|
|upkeep
|
|t:|1781271309
|switch|p1a: Ogerpon|Ogerpon-Wellspring, F|100/100
|-damage|p1a: Ogerpon|88/100|[from] Stealth Rock
|turn|10
|
|t:|1781271319
|switch|p2a: Dragonite|Dragonite, F|100/100
|move|p1a: Ogerpon|U-turn|p2a: Dragonite
|-resisted|p2a: Dragonite
|-damage|p2a: Dragonite|92/100
|
|t:|1781271335
|switch|p1a: Zamazenta|Zamazenta|84/100|[from] U-turn
|-damage|p1a: Zamazenta|78/100|[from] Stealth Rock
|
|upkeep
|turn|11
|
|t:|1781271341
|move|p1a: Zamazenta|Stone Edge|p2a: Dragonite
|-supereffective|p2a: Dragonite
|-damage|p2a: Dragonite|0 fnt
|faint|p2a: Dragonite
|-damage|p1a: Zamazenta|68/100|[from] item: Life Orb
|
|upkeep
|
|t:|1781271346
|switch|p2a: Deoxys|Deoxys-Speed|91/100
|-ability|p2a: Deoxys|Pressure
|turn|12
|
|t:|1781271350
|-terastallize|p1a: Zamazenta|Dark
|move|p2a: Deoxys|Ice Beam|p1a: Zamazenta
|-damage|p1a: Zamazenta|34/100
|-damage|p2a: Deoxys|81/100|[from] item: Life Orb
|move|p1a: Zamazenta|Crunch|p2a: Deoxys
|-supereffective|p2a: Deoxys
|-damage|p2a: Deoxys|0 fnt
|faint|p2a: Deoxys
|-damage|p1a: Zamazenta|24/100|[from] item: Life Orb
|
|upkeep
|
|t:|1781271354
|switch|p2a: Iron Valiant|Iron Valiant|100/100
|-enditem|p2a: Iron Valiant|Booster Energy
|-activate|p2a: Iron Valiant|ability: Quark Drive|[fromitem]
|-start|p2a: Iron Valiant|quarkdrivespe
|turn|13
|
|t:|1781271363
|move|p2a: Iron Valiant|Ice Punch|p1a: Zamazenta
|-damage|p1a: Zamazenta|0 fnt
|faint|p1a: Zamazenta
|
|upkeep
|
|t:|1781271374
|switch|p1a: Ogerpon|Ogerpon-Wellspring, F|88/100
|-damage|p1a: Ogerpon|76/100|[from] Stealth Rock
|turn|14
|
|t:|1781271380
|move|p2a: Iron Valiant|Swords Dance|p2a: Iron Valiant
|-boost|p2a: Iron Valiant|atk|2
|move|p1a: Ogerpon|Ivy Cudgel|p2a: Iron Valiant|[anim] Ivy Cudgel Water
|-damage|p2a: Iron Valiant|11/100
|
|upkeep
|turn|15
|
|t:|1781271384
|move|p2a: Iron Valiant|Close Combat|p1a: Ogerpon
|-damage|p1a: Ogerpon|0 fnt
|-unboost|p2a: Iron Valiant|def|1
|-unboost|p2a: Iron Valiant|spd|1
|faint|p1a: Ogerpon
|
|upkeep
|
|t:|1781271386
|switch|p1a: Gholdengo|Gholdengo|100/100
|-damage|p1a: Gholdengo|94/100|[from] Stealth Rock
|-item|p1a: Gholdengo|Air Balloon
|turn|16
|
|t:|1781271388
|move|p2a: Iron Valiant|Knock Off|p1a: Gholdengo
|-supereffective|p1a: Gholdengo
|-damage|p1a: Gholdengo|1/100
|-enditem|p1a: Gholdengo|Air Balloon
|move|p1a: Gholdengo|Hex|p2a: Iron Valiant
|-crit|p2a: Iron Valiant
|-damage|p2a: Iron Valiant|0 fnt
|faint|p2a: Iron Valiant
|-end|p2a: Iron Valiant|Quark Drive|[silent]
|
|win|life orb trump
|raw|life orb trump's rating: 1621 &rarr; <strong>1646</strong><br />(+25 for winning)
|raw|EtnaArmpits's rating: 1706 &rarr; <strong>1681</strong><br />(-25 for losing)
|c|☆life orb trump|Gg
|l|☆life orb trump
|player|p1|
|l|☆EtnaArmpits
|player|p2|
