|j|☆myree
|j|☆roddyj
|t:|1781472612
|gametype|singles
|player|p1|myree|benga|1624
|player|p2|roddyj|ethan|1603
|gen|9
|tier|[Gen 9] OU
|rated|
|rule|HP Percentage Mod: HP is shown in percentages
|rule|Endless Battle Clause: Forcing endless battles is banned
|rule|Species Clause: Limit one of each Pokémon
|rule|OHKO Clause: OHKO moves are banned
|rule|Evasion Items Clause: Evasion items are banned
|rule|Evasion Moves Clause: Evasion moves are banned
|rule|Evasion Abilities Clause: Evasion abilities are banned
|rule|Sleep Moves Clause: Sleep-inducing moves are banned
|clearpoke
|poke|p1|Tinkaton, F|
|poke|p1|Slither Wing|
|poke|p1|Glimmora, M|
|poke|p1|Iron Hands|
|poke|p1|Wo-Chien|
|poke|p1|Okidogi, M|
|poke|p2|Kommo-o, M|
|poke|p2|Serperior, F|
|poke|p2|Ogerpon-Wellspring, F|
|poke|p2|Weezing-Galar, M|
|poke|p2|Incineroar, F|
|poke|p2|Iron Crown|
|teampreview
|inactive|Battle timer is ON: inactive players will automatically lose when time's up. (requested by roddyj)
|
|t:|1781472662
|teamsize|p1|6
|teamsize|p2|6
|start
|switch|p1a: st. jay g. saturn|Slither Wing|100/100
|switch|p2a: Serperior|Serperior, F, shiny|100/100
|turn|1
|
|t:|1781472670
|move|p1a: st. jay g. saturn|First Impression|p2a: Serperior
|-supereffective|p2a: Serperior
|-damage|p2a: Serperior|0 fnt
|faint|p2a: Serperior
|
|upkeep
|
|t:|1781472672
|switch|p2a: Incineroar|Incineroar, F, shiny|100/100
|-ability|p2a: Incineroar|Intimidate|boost
|-unboost|p1a: st. jay g. saturn|atk|1
|turn|2
|
|t:|1781472679
|move|p1a: st. jay g. saturn|Close Combat|p2a: Incineroar
|-supereffective|p2a: Incineroar
|-damage|p2a: Incineroar|13/100
|-unboost|p1a: st. jay g. saturn|def|1
|-unboost|p1a: st. jay g. saturn|spd|1
|move|p2a: Incineroar|Will-O-Wisp|p1a: st. jay g. saturn
|-status|p1a: st. jay g. saturn|brn
|
|-damage|p1a: st. jay g. saturn|94/100 brn|[from] brn
|upkeep
|turn|3
|inactive|roddyj has 120 seconds left.
|
|t:|1781472715
|-end|p1a: st. jay g. saturn|Protosynthesis|[silent]
|switch|p1a: Glimmora|Glimmora, M|100/100
|move|p2a: Incineroar|Parting Shot|p1a: Glimmora
|-unboost|p1a: Glimmora|atk|1
|-unboost|p1a: Glimmora|spa|1
|
|t:|1781472727
|switch|p2a: Kommo-o|Kommo-o, M, shiny|100/100|[from] Parting Shot
|
|upkeep
|turn|4
|
|t:|1781472735
|switch|p1a: ms. giving|Tinkaton, F|100/100
|-item|p1a: ms. giving|Air Balloon
|move|p2a: Kommo-o|Clangorous Soul|p2a: Kommo-o
|-boost|p2a: Kommo-o|atk|1
|-boost|p2a: Kommo-o|def|1
|-boost|p2a: Kommo-o|spa|1
|-boost|p2a: Kommo-o|spd|1
|-boost|p2a: Kommo-o|spe|1
|-damage|p2a: Kommo-o|68/100
|-enditem|p2a: Kommo-o|Throat Spray
|-boost|p2a: Kommo-o|spa|1|[from] item: Throat Spray
|
|upkeep
|turn|5
|inactive|roddyj has 120 seconds left.
|
|t:|1781472748
|move|p2a: Kommo-o|Aura Sphere|p1a: ms. giving
|-damage|p1a: ms. giving|49/100
|-enditem|p1a: ms. giving|Air Balloon
|move|p1a: ms. giving|Thunder Wave|p2a: Kommo-o
|-status|p2a: Kommo-o|par
|
|upkeep
|turn|6
|
|t:|1781472762
|switch|p1a: chef pzn.|Okidogi, M|100/100
|cant|p2a: Kommo-o|par
|
|upkeep
|turn|7
|
|t:|1781472769
|move|p2a: Kommo-o|Clanging Scales|p1a: chef pzn.
|-damage|p1a: chef pzn.|26/100
|-unboost|p2a: Kommo-o|def|1
|move|p1a: chef pzn.|Ice Punch|p2a: Kommo-o
|-supereffective|p2a: Kommo-o
|-damage|p2a: Kommo-o|30/100 par
|
|-heal|p1a: chef pzn.|33/100|[from] item: Leftovers
|upkeep
|turn|8
|
|t:|1781472774
|switch|p1a: ms. giving|Tinkaton, F|49/100
|move|p2a: Kommo-o|Boomburst|p1a: ms. giving
|-resisted|p1a: ms. giving
|-damage|p1a: ms. giving|21/100
|
|upkeep
|turn|9
|
|t:|1781472782
|move|p1a: ms. giving|Gigaton Hammer|p2a: Kommo-o
|-damage|p2a: Kommo-o|0 fnt
|faint|p2a: Kommo-o
|
|upkeep
|
|t:|1781472788
|switch|p2a: Incineroar|Incineroar, F, shiny|13/100
|-ability|p2a: Incineroar|Intimidate|boost
|-unboost|p1a: ms. giving|atk|1
|turn|10
|
|t:|1781472800
|switch|p1a: Glimmora|Glimmora, M|100/100
|move|p2a: Incineroar|Temper Flare|p1a: Glimmora
|-resisted|p1a: Glimmora
|-damage|p1a: Glimmora|83/100
|-damage|p2a: Incineroar|0 fnt|[from] item: Rocky Helmet|[of] p1a: Glimmora
|-activate|p1a: Glimmora|ability: Toxic Debris
|-sidestart|p2: roddyj|move: Toxic Spikes
|faint|p2a: Incineroar
|
|upkeep
|inactive|roddyj has 120 seconds left.
|
|t:|1781472831
|switch|p2a: Weezing|Weezing-Galar, M, shiny|100/100
|turn|11
|
|t:|1781472836
|move|p1a: Glimmora|Earth Power|p2a: Weezing
|-immune|p2a: Weezing|[from] ability: Levitate
|move|p2a: Weezing|Will-O-Wisp|p1a: Glimmora
|-status|p1a: Glimmora|brn
|
|-damage|p1a: Glimmora|77/100 brn|[from] brn
|upkeep
|turn|12
|
|t:|1781472846
|move|p1a: Glimmora|Power Gem|p2a: Weezing
|-damage|p2a: Weezing|43/100
|move|p2a: Weezing|Defog|p1a: Glimmora
|-unboost|p1a: Glimmora|evasion|1
|-sideend|p2: roddyj|Toxic Spikes|[from] move: Defog|[of] p2a: Weezing
|
|-heal|p2a: Weezing|49/100|[from] item: Leftovers
|-damage|p1a: Glimmora|71/100 brn|[from] brn
|upkeep
|turn|13
|inactive|roddyj has 120 seconds left.
|inactive|roddyj has 90 seconds left.
|
|t:|1781472915
|move|p1a: Glimmora|Power Gem|p2a: Weezing
|-damage|p2a: Weezing|0 fnt
|faint|p2a: Weezing
|
|-damage|p1a: Glimmora|64/100 brn|[from] brn
|upkeep
|
|t:|1781472922
|switch|p2a: Ogerpon|Ogerpon-Wellspring, F|100/100
|turn|14
|
|t:|1781472934
|switch|p1a: st. jay g. saturn|Slither Wing|94/100 brn
|move|p2a: Ogerpon|Swords Dance|p2a: Ogerpon
|-boost|p2a: Ogerpon|atk|2
|
|-damage|p1a: st. jay g. saturn|88/100 brn|[from] brn
|upkeep
|turn|15
|inactive|roddyj has 90 seconds left.
|
|t:|1781472961
|-terastallize|p1a: st. jay g. saturn|Water
|move|p2a: Ogerpon|Ivy Cudgel|p1a: st. jay g. saturn|[anim] Ivy Cudgel Water
|-resisted|p1a: st. jay g. saturn
|-damage|p1a: st. jay g. saturn|27/100 brn
|move|p1a: st. jay g. saturn|Will-O-Wisp|p2a: Ogerpon
|-status|p2a: Ogerpon|brn
|
|-damage|p2a: Ogerpon|95/100 brn|[from] brn
|-damage|p1a: st. jay g. saturn|21/100 brn|[from] brn
|upkeep
|turn|16
|
|t:|1781472967
|-end|p1a: st. jay g. saturn|Protosynthesis|[silent]
|switch|p1a: meethewoo|Wo-Chien|100/100
|-ability|p1a: meethewoo|Tablets of Ruin
|move|p2a: Ogerpon|Encore||[still]
|-fail|p2a: Ogerpon
|
|-damage|p2a: Ogerpon|89/100 brn|[from] brn
|upkeep
|turn|17
|
|t:|1781472974
|move|p2a: Ogerpon|Ivy Cudgel|p1a: meethewoo|[anim] Ivy Cudgel Water
|-resisted|p1a: meethewoo
|-damage|p1a: meethewoo|80/100
|move|p1a: meethewoo|Ruination|p2a: Ogerpon
|-damage|p2a: Ogerpon|45/100 brn
|
|-heal|p1a: meethewoo|86/100|[from] item: Leftovers
|-damage|p2a: Ogerpon|39/100 brn|[from] brn
|upkeep
|turn|18
|
|t:|1781472980
|move|p1a: meethewoo|Protect|p1a: meethewoo
|-singleturn|p1a: meethewoo|Protect
|move|p2a: Ogerpon|Ivy Cudgel|p1a: meethewoo|[anim] Ivy Cudgel Water
|-activate|p1a: meethewoo|move: Protect
|
|-heal|p1a: meethewoo|92/100|[from] item: Leftovers
|-damage|p2a: Ogerpon|33/100 brn|[from] brn
|upkeep
|turn|19
|
|t:|1781472983
|move|p2a: Ogerpon|Encore|p1a: meethewoo
|-start|p1a: meethewoo|Encore
|move|p1a: meethewoo|Protect||[still]
|-fail|p1a: meethewoo
|
|-heal|p1a: meethewoo|98/100|[from] item: Leftovers
|-damage|p2a: Ogerpon|27/100 brn|[from] brn
|upkeep
|turn|20
|
|t:|1781472990
|move|p1a: meethewoo|Protect|p1a: meethewoo
|-singleturn|p1a: meethewoo|Protect
|move|p2a: Ogerpon|Ivy Cudgel|p1a: meethewoo|[anim] Ivy Cudgel Water
|-activate|p1a: meethewoo|move: Protect
|
|-heal|p1a: meethewoo|100/100|[from] item: Leftovers
|-damage|p2a: Ogerpon|21/100 brn|[from] brn
|upkeep
|turn|21
|
|t:|1781472994
|move|p1a: meethewoo|Protect|p1a: meethewoo
|-singleturn|p1a: meethewoo|Protect
|move|p2a: Ogerpon|Ivy Cudgel|p1a: meethewoo|[anim] Ivy Cudgel Water
|-activate|p1a: meethewoo|move: Protect
|
|-damage|p2a: Ogerpon|15/100 brn|[from] brn
|-end|p1a: meethewoo|Encore
|upkeep
|turn|22
|
|t:|1781472999
|move|p2a: Ogerpon|Ivy Cudgel|p1a: meethewoo|[anim] Ivy Cudgel Water
|-resisted|p1a: meethewoo
|-damage|p1a: meethewoo|82/100
|move|p1a: meethewoo|Knock Off|p2a: Ogerpon
|-damage|p2a: Ogerpon|0 fnt
|faint|p2a: Ogerpon
|
|-heal|p1a: meethewoo|88/100|[from] item: Leftovers
|upkeep
|
|t:|1781473002
|switch|p2a: Iron Crown|Iron Crown|100/100
|turn|23
|
|t:|1781473007
|move|p2a: Iron Crown|Calm Mind|p2a: Iron Crown
|-boost|p2a: Iron Crown|spa|1
|-boost|p2a: Iron Crown|spd|1
|move|p1a: meethewoo|Knock Off|p2a: Iron Crown
|-supereffective|p2a: Iron Crown
|-damage|p2a: Iron Crown|46/100
|-enditem|p2a: Iron Crown|Weakness Policy
|-boost|p2a: Iron Crown|atk|2|[from] item: Weakness Policy
|-boost|p2a: Iron Crown|spa|2|[from] item: Weakness Policy
|
|-heal|p1a: meethewoo|94/100|[from] item: Leftovers
|upkeep
|turn|24
|
|t:|1781473013
|-terastallize|p2a: Iron Crown|Ground
|move|p2a: Iron Crown|Tachyon Cutter|p1a: meethewoo
|-damage|p1a: meethewoo|66/100
|-crit|p1a: meethewoo
|-damage|p1a: meethewoo|22/100
|-hitcount|p1a: meethewoo|2
|move|p1a: meethewoo|Ruination|p2a: Iron Crown
|-damage|p2a: Iron Crown|23/100
|
|-heal|p1a: meethewoo|28/100|[from] item: Leftovers
|upkeep
|turn|25
|
|t:|1781473019
|move|p1a: meethewoo|Protect|p1a: meethewoo
|-singleturn|p1a: meethewoo|Protect
|move|p2a: Iron Crown|Tachyon Cutter|p1a: meethewoo
|-activate|p1a: meethewoo|move: Protect
|
|-heal|p1a: meethewoo|34/100|[from] item: Leftovers
|upkeep
|turn|26
|inactive|myree has 120 seconds left.
|
|t:|1781473052
|move|p2a: Iron Crown|Tachyon Cutter|p1a: meethewoo
|-damage|p1a: meethewoo|8/100
|-damage|p1a: meethewoo|0 fnt
|faint|p1a: meethewoo
|-hitcount|p1: meethewoo|2
|
|upkeep
|inactive|myree has 120 seconds left.
|
|t:|1781473057
|switch|p1a: monk-ee d. garp|Iron Hands|100/100
|turn|27
|
|t:|1781473064
|move|p2a: Iron Crown|Stored Power|p1a: monk-ee d. garp
|-supereffective|p1a: monk-ee d. garp
|-damage|p1a: monk-ee d. garp|0 fnt
|faint|p1a: monk-ee d. garp
|-end|p1a: monk-ee d. garp|Quark Drive|[silent]
|
|upkeep
|
|t:|1781473069
|switch|p1a: st. jay g. saturn|Slither Wing, tera:Water|21/100 brn
|turn|28
|
|t:|1781473073
|move|p1a: st. jay g. saturn|First Impression|p2a: Iron Crown
|-damage|p2a: Iron Crown|0 fnt
|faint|p2a: Iron Crown
|-end|p2a: Iron Crown|Quark Drive|[silent]
|
|win|myree
|raw|myree's rating: 1624 &rarr; <strong>1643</strong><br />(+19 for winning)
|raw|roddyj's rating: 1603 &rarr; <strong>1584</strong><br />(-19 for losing)
|l|☆roddyj
|player|p2|
|l|☆myree
|player|p1|
