|j|☆Klopple
|j|☆Liaoa
|t:|1781157529
|gametype|singles
|player|p1|Klopple|sailor|1576
|player|p2|Liaoa|bellelba|1542
|gen|9
|tier|[Gen 9] OU
|rated|
|rule|HP Percentage Mod: HP is shown in percentages
|rule|Endless Battle Clause: Forcing endless battles is banned
|rule|Species Clause: Limit one of each Pokémon
|rule|OHKO Clause: OHKO moves are banned
|rule|Evasion Items Clause: Evasion items are banned
|rule|Evasion Moves Clause: Evasion moves are banned
|rule|Evasion Abilities Clause: Evasion abilities are banned
|rule|Sleep Moves Clause: Sleep-inducing moves are banned
|clearpoke
|poke|p1|Arboliva, M|
|poke|p1|Gliscor, F|
|poke|p1|Iron Crown|
|poke|p1|Zamazenta-*|
|poke|p1|Hatterene, F|
|poke|p1|Dragonite, F|
|poke|p2|Clefable, F|
|poke|p2|Dondozo, M|
|poke|p2|Alomomola, M|
|poke|p2|Ting-Lu|
|poke|p2|Skeledirge, F|
|poke|p2|Corviknight, M|
|teampreview
|
|t:|1781157546
|teamsize|p1|6
|teamsize|p2|6
|start
|switch|p1a: Gliscor|Gliscor, F|100/100
|switch|p2a: Clefable|Clefable, F, shiny|100/100
|turn|1
|inactive|Battle timer is ON: inactive players will automatically lose when time's up. (requested by Liaoa)
|
|t:|1781157553
|move|p1a: Gliscor|Protect|p1a: Gliscor
|-singleturn|p1a: Gliscor|Protect
|move|p2a: Clefable|Trick|p1a: Gliscor
|-activate|p1a: Gliscor|move: Protect
|
|-status|p1a: Gliscor|tox|[from] item: Toxic Orb
|upkeep
|turn|2
|
|t:|1781157562
|switch|p1a: Iron Crown|Iron Crown|100/100
|move|p2a: Clefable|Trick|p1a: Iron Crown
|-activate|p2a: Clefable|move: Trick|[of] p1a: Iron Crown
|-item|p1a: Iron Crown|Choice Scarf|[from] move: Trick
|-item|p2a: Clefable|Assault Vest|[from] move: Trick
|
|upkeep
|turn|3
|
|t:|1781157589
|-end|p1a: Iron Crown|Quark Drive|[silent]
|switch|p1a: Arboliva|Arboliva, M|100/100
|switch|p2a: Ting-Lu|Ting-Lu|100/100
|-ability|p2a: Ting-Lu|Vessel of Ruin
|
|upkeep
|turn|4
|
|t:|1781157594
|move|p2a: Ting-Lu|Stealth Rock|p1a: Arboliva
|-sidestart|p1: Klopple|move: Stealth Rock
|move|p1a: Arboliva|Energy Ball|p2a: Ting-Lu
|-supereffective|p2a: Ting-Lu
|-damage|p2a: Ting-Lu|44/100
|
|upkeep
|turn|5
|
|t:|1781157602
|switch|p2a: Corviknight|Corviknight, M|100/100
|switch|p1a: Gliscor|Gliscor, F|100/100 tox
|-damage|p1a: Gliscor|88/100 tox|[from] Stealth Rock
|
|-heal|p1a: Gliscor|100/100 tox|[from] ability: Poison Heal
|upkeep
|turn|6
|
|t:|1781157605
|move|p2a: Corviknight|U-turn|p1a: Gliscor
|-resisted|p1a: Gliscor
|-damage|p1a: Gliscor|93/100 tox
|
|t:|1781157610
|switch|p2a: Dondozo|Dondozo, M|100/100|[from] U-turn
|move|p1a: Gliscor|Stealth Rock|p2a: Dondozo
|-sidestart|p2: Liaoa|move: Stealth Rock
|
|-heal|p1a: Gliscor|100/100 tox|[from] ability: Poison Heal
|upkeep
|turn|7
|
|t:|1781157615
|move|p1a: Gliscor|Earthquake|p2a: Dondozo
|-damage|p2a: Dondozo|81/100
|move|p2a: Dondozo|Liquidation|p1a: Gliscor
|-supereffective|p1a: Gliscor
|-damage|p1a: Gliscor|1/100 tox
|
|-heal|p1a: Gliscor|14/100 tox|[from] ability: Poison Heal
|upkeep
|turn|8
|
|t:|1781157623
|move|p1a: Gliscor|Protect|p1a: Gliscor
|-singleturn|p1a: Gliscor|Protect
|move|p2a: Dondozo|Liquidation|p1a: Gliscor
|-activate|p1a: Gliscor|move: Protect
|
|-heal|p1a: Gliscor|26/100 tox|[from] ability: Poison Heal
|upkeep
|turn|9
|
|t:|1781157629
|switch|p1a: Arboliva|Arboliva, M|100/100
|-damage|p1a: Arboliva|88/100|[from] Stealth Rock
|switch|p2a: Clefable|Clefable, F, shiny|100/100
|
|upkeep
|turn|10
|
|t:|1781157639
|move|p2a: Clefable|Flamethrower|p1a: Arboliva
|-supereffective|p1a: Arboliva
|-damage|p1a: Arboliva|44/100
|move|p1a: Arboliva|Energy Ball|p2a: Clefable
|-damage|p2a: Clefable|63/100
|
|upkeep
|turn|11
|
|t:|1781157650
|switch|p1a: Dragonite|Dragonite, F|100/100
|move|p2a: Clefable|Flamethrower|p1a: Dragonite
|-resisted|p1a: Dragonite
|-damage|p1a: Dragonite|94/100
|-status|p1a: Dragonite|brn
|
|-damage|p1a: Dragonite|88/100 brn|[from] brn
|upkeep
|turn|12
|
|t:|1781157657
|switch|p1a: Iron Crown|Iron Crown|100/100
|-damage|p1a: Iron Crown|94/100|[from] Stealth Rock
|move|p2a: Clefable|Moonblast|p1a: Iron Crown
|-resisted|p1a: Iron Crown
|-damage|p1a: Iron Crown|76/100
|
|upkeep
|turn|13
|
|t:|1781157664
|switch|p2a: Ting-Lu|Ting-Lu|44/100
|-damage|p2a: Ting-Lu|38/100|[from] Stealth Rock
|-ability|p2a: Ting-Lu|Vessel of Ruin
|move|p1a: Iron Crown|Tachyon Cutter|p2a: Ting-Lu
|-damage|p2a: Ting-Lu|23/100
|-damage|p2a: Ting-Lu|8/100
|-hitcount|p2a: Ting-Lu|2
|
|upkeep
|turn|14
|-enditem|p2a: Ting-Lu|Custap Berry|[eat]
|-activate|p2a: Ting-Lu|item: Custap Berry|[consumed]
|
|t:|1781157672
|move|p2a: Ting-Lu|Earthquake|p1a: Iron Crown
|-supereffective|p1a: Iron Crown
|-damage|p1a: Iron Crown|0 fnt
|faint|p1a: Iron Crown
|-end|p1a: Iron Crown|Quark Drive|[silent]
|
|upkeep
|
|t:|1781157680
|switch|p1a: Gliscor|Gliscor, F|26/100 tox
|-damage|p1a: Gliscor|14/100 tox|[from] Stealth Rock
|turn|15
|
|t:|1781157683
|move|p1a: Gliscor|Earthquake|p2a: Ting-Lu
|-damage|p2a: Ting-Lu|0 fnt
|faint|p2a: Ting-Lu
|
|-heal|p1a: Gliscor|26/100 tox|[from] ability: Poison Heal
|upkeep
|
|t:|1781157688
|switch|p2a: Alomomola|Alomomola, M|100/100
|-damage|p2a: Alomomola|88/100|[from] Stealth Rock
|turn|16
|
|t:|1781157696
|move|p1a: Gliscor|Protect|p1a: Gliscor
|-singleturn|p1a: Gliscor|Protect
|move|p2a: Alomomola|Flip Turn|p1a: Gliscor
|-activate|p1a: Gliscor|move: Protect
|
|-heal|p1a: Gliscor|39/100 tox|[from] ability: Poison Heal
|upkeep
|turn|17
|
|t:|1781157702
|move|p1a: Gliscor|Knock Off|p2a: Alomomola
|-damage|p2a: Alomomola|72/100
|-enditem|p2a: Alomomola|Choice Band|[from] move: Knock Off|[of] p1a: Gliscor
|move|p2a: Alomomola|Flip Turn|p1a: Gliscor
|-supereffective|p1a: Gliscor
|-damage|p1a: Gliscor|1/100 tox
|
|t:|1781157710
|switch|p2a: Skeledirge|Skeledirge, F|100/100|[from] Flip Turn
|-damage|p2a: Skeledirge|76/100|[from] Stealth Rock
|
|-heal|p1a: Gliscor|14/100 tox|[from] ability: Poison Heal
|upkeep
|turn|18
|
|t:|1781157716
|move|p1a: Gliscor|Protect|p1a: Gliscor
|-singleturn|p1a: Gliscor|Protect
|move|p2a: Skeledirge|Torch Song|p1a: Gliscor
|-activate|p1a: Gliscor|move: Protect
|
|-heal|p1a: Gliscor|26/100 tox|[from] ability: Poison Heal
|upkeep
|turn|19
|
|t:|1781157722
|move|p2a: Skeledirge|Torch Song|p1a: Gliscor
|-crit|p1a: Gliscor
|-damage|p1a: Gliscor|0 fnt
|-boost|p2a: Skeledirge|spa|1
|faint|p1a: Gliscor
|
|upkeep
|
|t:|1781157731
|switch|p1a: Arboliva|Arboliva, M|44/100
|-damage|p1a: Arboliva|31/100|[from] Stealth Rock
|turn|20
|
|t:|1781157733
|move|p1a: Arboliva|Endure|p1a: Arboliva
|-singleturn|p1a: Arboliva|move: Endure
|move|p2a: Skeledirge|Torch Song|p1a: Arboliva
|-supereffective|p1a: Arboliva
|-activate|p1a: Arboliva|move: Endure
|-damage|p1a: Arboliva|1/100
|-boost|p2a: Skeledirge|spa|1
|
|upkeep
|turn|21
|-enditem|p1a: Arboliva|Custap Berry|[eat]
|-activate|p1a: Arboliva|item: Custap Berry|[consumed]
|
|t:|1781157740
|move|p1a: Arboliva|Earth Power|p2a: Skeledirge
|-supereffective|p2a: Skeledirge
|-damage|p2a: Skeledirge|0 fnt
|faint|p2a: Skeledirge
|
|-item|p1a: Arboliva|Custap Berry|[from] ability: Harvest
|upkeep
|
|t:|1781157745
|switch|p2a: Alomomola|Alomomola, M|100/100
|-damage|p2a: Alomomola|88/100|[from] Stealth Rock
|turn|22
|-enditem|p1a: Arboliva|Custap Berry|[eat]
|-activate|p1a: Arboliva|item: Custap Berry|[consumed]
|
|t:|1781157750
|move|p2a: Alomomola|Aqua Jet|p1a: Arboliva
|-resisted|p1a: Arboliva
|-damage|p1a: Arboliva|0 fnt
|faint|p1a: Arboliva
|
|upkeep
|
|t:|1781157757
|switch|p1a: Hatterene|Hatterene, F|100/100
|-damage|p1a: Hatterene|88/100|[from] Stealth Rock
|turn|23
|
|t:|1781157763
|switch|p2a: Dondozo|Dondozo, M|81/100
|-damage|p2a: Dondozo|69/100|[from] Stealth Rock
|move|p1a: Hatterene|Psychic Noise|p2a: Dondozo
|-damage|p2a: Dondozo|35/100
|-start|p2a: Dondozo|move: Heal Block
|
|upkeep
|turn|24
|
|t:|1781157780
|move|p1a: Hatterene|Psychic Noise|p2a: Dondozo
|-damage|p2a: Dondozo|1/100
|move|p2a: Dondozo|Heavy Slam|p1a: Hatterene
|-supereffective|p1a: Hatterene
|-damage|p1a: Hatterene|0 fnt
|-damage|p2a: Dondozo|0 fnt|[from] item: Rocky Helmet|[of] p1a: Hatterene
|faint|p1a: Hatterene
|faint|p2a: Dondozo
|
|upkeep
|
|t:|1781157796
|switch|p1a: Dragonite|Dragonite, F|88/100 brn
|switch|p2a: Clefable|Clefable, F, shiny|63/100
|turn|25
|
|t:|1781157808
|move|p2a: Clefable|Ice Beam|p1a: Dragonite
|-supereffective|p1a: Dragonite
|-damage|p1a: Dragonite|0 fnt
|faint|p1a: Dragonite
|
|upkeep
|
|t:|1781157812
|switch|p1a: Zamazenta|Zamazenta|100/100
|-damage|p1a: Zamazenta|94/100|[from] Stealth Rock
|-ability|p1a: Zamazenta|Dauntless Shield|boost
|-boost|p1a: Zamazenta|def|1
|turn|26
|
|t:|1781157825
|move|p1a: Zamazenta|Ice Fang|p2a: Clefable
|-damage|p2a: Clefable|34/100
|move|p2a: Clefable|Moonblast|p1a: Zamazenta
|-supereffective|p1a: Zamazenta
|-damage|p1a: Zamazenta|20/100
|-unboost|p1a: Zamazenta|spa|1
|
|upkeep
|turn|27
|
|t:|1781157833
|-terastallize|p1a: Zamazenta|Fighting
|move|p1a: Zamazenta|Close Combat|p2a: Clefable
|-resisted|p2a: Clefable
|-damage|p2a: Clefable|0 fnt
|-unboost|p1a: Zamazenta|def|1
|-unboost|p1a: Zamazenta|spd|1
|faint|p2a: Clefable
|
|upkeep
|
|t:|1781157835
|switch|p2a: Corviknight|Corviknight, M|100/100
|-damage|p2a: Corviknight|88/100|[from] Stealth Rock
|turn|28
|
|t:|1781157839
|-terastallize|p2a: Corviknight|Flying
|move|p1a: Zamazenta|Close Combat|p2a: Corviknight
|-resisted|p2a: Corviknight
|-damage|p2a: Corviknight|42/100
|-unboost|p1a: Zamazenta|def|1
|-unboost|p1a: Zamazenta|spd|1
|move|p2a: Corviknight|Brave Bird|p1a: Zamazenta
|-supereffective|p1a: Zamazenta
|-damage|p1a: Zamazenta|0 fnt
|faint|p1a: Zamazenta
|-damage|p2a: Corviknight|36/100|[from] Recoil
|
|win|Liaoa
|raw|Klopple's rating: 1576 &rarr; <strong>1554</strong><br />(-22 for losing)
|raw|Liaoa's rating: 1542 &rarr; <strong>1564</strong><br />(+22 for winning)
|l|☆Klopple
|player|p1|
|l|☆Liaoa
|player|p2|
