|j|☆SincereSarje
|j|‽gimmicksrule
|t:|1781454001
|gametype|singles
|player|p1|SincereSarje|morty|1641
|player|p2|gimmicksrule|unknown|1579
|gen|9
|tier|[Gen 9] OU
|rated|
|rule|HP Percentage Mod: HP is shown in percentages
|rule|Endless Battle Clause: Forcing endless battles is banned
|rule|Species Clause: Limit one of each Pokémon
|rule|OHKO Clause: OHKO moves are banned
|rule|Evasion Items Clause: Evasion items are banned
|rule|Evasion Moves Clause: Evasion moves are banned
|rule|Evasion Abilities Clause: Evasion abilities are banned
|rule|Sleep Moves Clause: Sleep-inducing moves are banned
|clearpoke
|poke|p1|Dragonite, F|
|poke|p1|Ogerpon-Wellspring, F|
|poke|p1|Deoxys-Speed|
|poke|p1|Great Tusk|
|poke|p1|Glimmora, F|
|poke|p1|Kingambit, F|
|poke|p2|Araquanid, F|
|poke|p2|Cinderace, M|
|poke|p2|Articuno-Galar|
|poke|p2|Kingambit, M|
|poke|p2|Empoleon, M|
|poke|p2|Serperior, M|
|teampreview
|inactive|Battle timer is ON: inactive players will automatically lose when time's up. (requested by SincereSarje)
|inactive|gimmicksrule also wants the timer to be on.
|l|☆SincereSarje
|inactive|SincereSarje disconnected and has a minute to reconnect!
|player|p1|
|inactive|SincereSarje has 30 seconds to reconnect!
|j|☆SincereSarje
|inactive|SincereSarje reconnected and has 110 seconds left.
|player|p1|SincereSarje|morty|
|
|t:|1781454045
|teamsize|p1|6
|teamsize|p2|6
|start
|switch|p1a: Glimmora|Glimmora, F|100/100
|switch|p2a: Araquanid|Araquanid, F|100/100
|turn|1
|
|t:|1781454060
|switch|p2a: Empoleon|Empoleon, M|100/100
|move|p1a: Glimmora|Mortal Spin|p2a: Empoleon
|-immune|p2a: Empoleon
|
|upkeep
|turn|2
|
|t:|1781454065
|switch|p1a: Ogerpon|Ogerpon-Wellspring, F|100/100
|move|p2a: Empoleon|Surf|p1a: Ogerpon
|-immune|p1a: Ogerpon|[from] ability: Water Absorb
|
|upkeep
|turn|3
|
|t:|1781454072
|switch|p2a: Araquanid|Araquanid, F|100/100
|move|p1a: Ogerpon|Taunt|p2a: Araquanid
|-start|p2a: Araquanid|move: Taunt
|
|upkeep
|turn|4
|
|t:|1781454091
|switch|p1a: Glimmora|Glimmora, F|100/100
|switch|p2a: Serperior|Serperior, M|100/100
|
|upkeep
|turn|5
|
|t:|1781454101
|move|p2a: Serperior|Substitute|p2a: Serperior
|-start|p2a: Serperior|Substitute
|-damage|p2a: Serperior|75/100
|move|p1a: Glimmora|Mortal Spin|p2a: Serperior
|-supereffective|p2a: Serperior
|-activate|p2a: Serperior|move: Substitute|[damage]
|
|-heal|p2a: Serperior|82/100|[from] item: Leftovers
|upkeep
|turn|6
|inactive|SincereSarje has 120 seconds left.
|
|t:|1781454131
|move|p2a: Serperior|Leaf Storm|p1a: Glimmora|[miss]
|-miss|p2a: Serperior|p1a: Glimmora
|move|p1a: Glimmora|Stealth Rock|p2a: Serperior
|-sidestart|p2: gimmicksrule|move: Stealth Rock
|
|-heal|p2a: Serperior|88/100|[from] item: Leftovers
|upkeep
|turn|7
|inactive|gimmicksrule has 120 seconds left.
|
|t:|1781454174
|move|p2a: Serperior|Leaf Storm|p1a: Glimmora|[miss]
|-miss|p2a: Serperior|p1a: Glimmora
|move|p1a: Glimmora|Earth Power|p2a: Serperior
|-resisted|p2a: Serperior
|-end|p2a: Serperior|Substitute
|
|-heal|p2a: Serperior|94/100|[from] item: Leftovers
|upkeep
|turn|8
|
|t:|1781454183
|move|p2a: Serperior|Leaf Storm|p1a: Glimmora
|-damage|p1a: Glimmora|46/100
|-boost|p2a: Serperior|spa|2
|-enditem|p1a: Glimmora|Red Card|[of] p2a: Serperior
|drag|p2a: Cinderace|Cinderace, M|100/100
|-damage|p2a: Cinderace|76/100|[from] Stealth Rock
|move|p1a: Glimmora|Earth Power|p2a: Cinderace
|-supereffective|p2a: Cinderace
|-damage|p2a: Cinderace|16/100
|
|upkeep
|turn|9
|
|t:|1781454191
|move|p2a: Cinderace|Court Change|p2a: Cinderace
|-swapsideconditions
|-activate|p2a: Cinderace|move: Court Change
|move|p1a: Glimmora|Mortal Spin|p2a: Cinderace
|-damage|p2a: Cinderace|9/100
|-status|p2a: Cinderace|psn
|-sideend|p1: SincereSarje|Stealth Rock|[from] move: Mortal Spin|[of] p1a: Glimmora
|
|-damage|p2a: Cinderace|0 fnt|[from] psn
|faint|p2a: Cinderace
|upkeep
|-message|gimmicksrule forfeited.
|
|win|SincereSarje
|raw|SincereSarje's rating: 1641 &rarr; <strong>1657</strong><br />(+16 for winning)
|raw|gimmicksrule's rating: 1579 &rarr; <strong>1563</strong><br />(-16 for losing)
|l|‽gimmicksrule
|player|p2|
|l|☆SincereSarje
|player|p1|
