|j|☆tauros3
|j|☆fearow sniper
|t:|1780968757
|gametype|singles
|player|p1|tauros3|swimmer-gen4dp|1496
|player|p2|fearow sniper|backersf|1541
|gen|9
|tier|[Gen 9] OU
|rated|
|rule|HP Percentage Mod: HP is shown in percentages
|rule|Endless Battle Clause: Forcing endless battles is banned
|rule|Species Clause: Limit one of each Pokémon
|rule|OHKO Clause: OHKO moves are banned
|rule|Evasion Items Clause: Evasion items are banned
|rule|Evasion Moves Clause: Evasion moves are banned
|rule|Evasion Abilities Clause: Evasion abilities are banned
|rule|Sleep Moves Clause: Sleep-inducing moves are banned
|clearpoke
|poke|p1|Rillaboom, M|
|poke|p1|Ogerpon-Wellspring, F|
|poke|p1|Tauros-Paldea-Blaze, M|
|poke|p1|Raging Bolt|
|poke|p1|Muk-Alola, M|
|poke|p1|Iron Treads|
|poke|p2|Mamoswine, M|
|poke|p2|Raging Bolt|
|poke|p2|Hatterene, F|
|poke|p2|Corviknight, M|
|poke|p2|Heatran, M|
|poke|p2|Zamazenta-*|
|teampreview
|inactive|Battle timer is ON: inactive players will automatically lose when time's up. (requested by tauros3)
|inactive|tauros3 has 120 seconds left.
|
|t:|1780968798
|teamsize|p1|6
|teamsize|p2|6
|start
|switch|p1a: HELP|Ogerpon-Wellspring, F|100/100
|switch|p2a: Mamoswine|Mamoswine, M|100/100
|turn|1
|
|t:|1780968809
|switch|p2a: Corviknight|Corviknight, M|100/100
|-ability|p2a: Corviknight|Pressure
|move|p1a: HELP|Ivy Cudgel|p2a: Corviknight|[anim] Ivy Cudgel Water
|-crit|p2a: Corviknight
|-damage|p2a: Corviknight|43/100
|
|upkeep
|turn|2
|
|t:|1780968818
|move|p1a: HELP|Ivy Cudgel|p2a: Corviknight|[anim] Ivy Cudgel Water
|-damage|p2a: Corviknight|6/100
|move|p2a: Corviknight|Roost|p2a: Corviknight
|-heal|p2a: Corviknight|56/100
|-singleturn|p2a: Corviknight|move: Roost
|
|upkeep
|turn|3
|
|t:|1780968824
|switch|p2a: Raging Bolt|Raging Bolt|100/100
|move|p1a: HELP|Ivy Cudgel|p2a: Raging Bolt|[anim] Ivy Cudgel Water
|-resisted|p2a: Raging Bolt
|-damage|p2a: Raging Bolt|72/100
|
|upkeep
|turn|4
|
|t:|1780968832
|switch|p1a: Plastic Flowers|Iron Treads|100/100
|-enditem|p1a: Plastic Flowers|Booster Energy
|-activate|p1a: Plastic Flowers|ability: Quark Drive|[fromitem]
|-start|p1a: Plastic Flowers|quarkdrivespe
|-end|p2a: Raging Bolt|Protosynthesis|[silent]
|switch|p2a: Mamoswine|Mamoswine, M|100/100
|
|upkeep
|turn|5
|
|t:|1780968837
|move|p1a: Plastic Flowers|Steel Beam|p2a: Mamoswine
|-supereffective|p2a: Mamoswine
|-damage|p2a: Mamoswine|0 fnt
|-damage|p1a: Plastic Flowers|50/100|[from] steelbeam
|faint|p2a: Mamoswine
|
|upkeep
|c|☆fearow sniper|BRAHHHHHH
|
|t:|1780968851
|switch|p2a: Corviknight|Corviknight, M|56/100
|-ability|p2a: Corviknight|Pressure
|turn|6
|
|t:|1780968855
|-end|p1a: Plastic Flowers|Quark Drive|[silent]
|switch|p1a: West Virginia|Raging Bolt|100/100
|move|p2a: Corviknight|Roost|p2a: Corviknight
|-heal|p2a: Corviknight|100/100
|-singleturn|p2a: Corviknight|move: Roost
|
|upkeep
|turn|7
|
|t:|1780968865
|-end|p1a: West Virginia|Protosynthesis|[silent]
|switch|p1a: Plastic Flowers|Iron Treads|50/100
|switch|p2a: Hatterene|Hatterene, F|100/100
|
|upkeep
|turn|8
|
|t:|1780968875
|switch|p2a: Corviknight|Corviknight, M|100/100
|-ability|p2a: Corviknight|Pressure
|move|p1a: Plastic Flowers|Stealth Rock|p2a: Corviknight
|-sidestart|p2: fearow sniper|move: Stealth Rock
|
|upkeep
|turn|9
|
|t:|1780968883
|-end|p1a: Plastic Flowers|Quark Drive|[silent]
|switch|p1a: West Virginia|Raging Bolt|100/100
|move|p2a: Corviknight|Defog|p1a: West Virginia
|-unboost|p1a: West Virginia|evasion|1
|-sideend|p2: fearow sniper|Stealth Rock|[from] move: Defog|[of] p2a: Corviknight
|
|upkeep
|turn|10
|
|t:|1780968894
|switch|p2a: Hatterene|Hatterene, F|100/100
|move|p1a: West Virginia|Thunderbolt|p2a: Hatterene
|-damage|p2a: Hatterene|40/100
|-enditem|p2a: Hatterene|Eject Button
|
|t:|1780968899
|switch|p2a: Raging Bolt|Raging Bolt|72/100
|
|upkeep
|turn|11
|
|t:|1780968909
|-end|p1a: West Virginia|Protosynthesis|[silent]
|switch|p1a: Plastic Flowers|Iron Treads|50/100
|move|p2a: Raging Bolt|Draco Meteor|p1a: Plastic Flowers
|-resisted|p1a: Plastic Flowers
|-damage|p1a: Plastic Flowers|0 fnt
|-unboost|p2a: Raging Bolt|spa|2
|faint|p1a: Plastic Flowers
|-end|p1a: Plastic Flowers|Quark Drive|[silent]
|
|upkeep
|
|t:|1780968913
|switch|p1a: 2YL|Muk-Alola, M|100/100
|turn|12
|
|t:|1780968921
|-end|p2a: Raging Bolt|Protosynthesis|[silent]
|switch|p2a: Hatterene|Hatterene, F|40/100
|switch|p1a: West Virginia|Raging Bolt|100/100
|
|upkeep
|turn|13
|
|t:|1780968934
|switch|p2a: Raging Bolt|Raging Bolt|72/100
|move|p1a: West Virginia|Thunderbolt|p2a: Raging Bolt
|-resisted|p2a: Raging Bolt
|-damage|p2a: Raging Bolt|61/100
|
|upkeep
|turn|14
|
|t:|1780968941
|-end|p1a: West Virginia|Protosynthesis|[silent]
|switch|p1a: 2YL|Muk-Alola, M|100/100
|move|p2a: Raging Bolt|Volt Switch|p1a: 2YL
|-damage|p1a: 2YL|73/100
|
|t:|1780968949
|-end|p2a: Raging Bolt|Protosynthesis|[silent]
|switch|p2a: Hatterene|Hatterene, F|40/100|[from] Volt Switch
|
|upkeep
|turn|15
|
|t:|1780968955
|move|p1a: 2YL|Poison Jab|p2a: Hatterene
|-supereffective|p2a: Hatterene
|-damage|p2a: Hatterene|0 fnt
|faint|p2a: Hatterene
|
|upkeep
|
|t:|1780968964
|switch|p2a: Heatran|Heatran, M|100/100
|turn|16
|
|t:|1780968970
|move|p2a: Heatran|Stealth Rock|p1a: 2YL
|-sidestart|p1: tauros3|move: Stealth Rock
|move|p1a: 2YL|Knock Off|p2a: Heatran
|-damage|p2a: Heatran|72/100
|-enditem|p2a: Heatran|Leftovers|[from] move: Knock Off|[of] p1a: 2YL
|
|upkeep
|turn|17
|
|t:|1780968974
|move|p2a: Heatran|Lava Plume|p1a: 2YL
|-damage|p1a: 2YL|61/100
|move|p1a: 2YL|Drain Punch|p2a: Heatran
|-supereffective|p2a: Heatran
|-damage|p2a: Heatran|40/100
|-heal|p1a: 2YL|76/100|[from] drain|[of] p2a: Heatran
|
|upkeep
|turn|18
|
|t:|1780968981
|move|p2a: Heatran|Scorching Sands|p1a: 2YL
|-supereffective|p1a: 2YL
|-damage|p1a: 2YL|59/100
|move|p1a: 2YL|Drain Punch|p2a: Heatran
|-supereffective|p2a: Heatran
|-damage|p2a: Heatran|10/100
|-heal|p1a: 2YL|73/100|[from] drain|[of] p2a: Heatran
|
|upkeep
|turn|19
|
|t:|1780968986
|move|p1a: 2YL|Shadow Sneak|p2a: Heatran
|-damage|p2a: Heatran|1/100
|move|p2a: Heatran|Scorching Sands|p1a: 2YL
|-supereffective|p1a: 2YL
|-damage|p1a: 2YL|57/100
|
|upkeep
|turn|20
|
|t:|1780968991
|move|p1a: 2YL|Shadow Sneak|p2a: Heatran
|-damage|p2a: Heatran|0 fnt
|faint|p2a: Heatran
|
|upkeep
|
|t:|1780969004
|switch|p2a: Corviknight|Corviknight, M|100/100
|-ability|p2a: Corviknight|Pressure
|turn|21
|
|t:|1780969017
|switch|p1a: West Virginia|Raging Bolt|100/100
|-damage|p1a: West Virginia|88/100|[from] Stealth Rock
|move|p2a: Corviknight|Brave Bird|p1a: West Virginia
|-resisted|p1a: West Virginia
|-damage|p1a: West Virginia|72/100
|-damage|p2a: Corviknight|95/100|[from] Recoil
|
|-heal|p1a: West Virginia|78/100|[from] item: Leftovers
|upkeep
|turn|22
|
|t:|1780969022
|move|p1a: West Virginia|Thunderbolt|p2a: Corviknight
|-supereffective|p2a: Corviknight
|-damage|p2a: Corviknight|0 fnt
|faint|p2a: Corviknight
|
|-heal|p1a: West Virginia|85/100|[from] item: Leftovers
|upkeep
|
|t:|1780969025
|switch|p2a: Raging Bolt|Raging Bolt|61/100
|turn|23
|
|t:|1780969029
|-end|p1a: West Virginia|Protosynthesis|[silent]
|switch|p1a: 2YL|Muk-Alola, M|57/100
|-damage|p1a: 2YL|45/100|[from] Stealth Rock
|move|p2a: Raging Bolt|Thunderbolt|p1a: 2YL
|-damage|p1a: 2YL|15/100
|-status|p1a: 2YL|par
|
|upkeep
|turn|24
|
|t:|1780969033
|move|p1a: 2YL|Shadow Sneak|p2a: Raging Bolt
|-damage|p2a: Raging Bolt|51/100
|move|p2a: Raging Bolt|Thunderbolt|p1a: 2YL
|-damage|p1a: 2YL|0 fnt
|faint|p1a: 2YL
|
|upkeep
|
|t:|1780969037
|switch|p1a: West Virginia|Raging Bolt|85/100
|-damage|p1a: West Virginia|72/100|[from] Stealth Rock
|turn|25
|
|t:|1780969045
|move|p2a: Raging Bolt|Thunderbolt|p1a: West Virginia
|-resisted|p1a: West Virginia
|-damage|p1a: West Virginia|55/100
|move|p1a: West Virginia|Thunderbolt|p2a: Raging Bolt
|-resisted|p2a: Raging Bolt
|-damage|p2a: Raging Bolt|37/100
|
|-heal|p1a: West Virginia|61/100|[from] item: Leftovers
|upkeep
|turn|26
|
|t:|1780969049
|move|p2a: Raging Bolt|Thunderbolt|p1a: West Virginia
|-resisted|p1a: West Virginia
|-damage|p1a: West Virginia|41/100
|move|p1a: West Virginia|Draco Meteor|p2a: Raging Bolt
|-supereffective|p2a: Raging Bolt
|-damage|p2a: Raging Bolt|0 fnt
|-unboost|p1a: West Virginia|spa|2
|faint|p2a: Raging Bolt
|-end|p2a: Raging Bolt|Protosynthesis|[silent]
|
|-heal|p1a: West Virginia|47/100|[from] item: Leftovers
|upkeep
|
|t:|1780969052
|switch|p2a: Zamazenta|Zamazenta|100/100
|-ability|p2a: Zamazenta|Dauntless Shield|boost
|-boost|p2a: Zamazenta|def|1
|turn|27
|
|t:|1780969056
|-end|p1a: West Virginia|Protosynthesis|[silent]
|switch|p1a: The Plan|Tauros-Paldea-Blaze, M|100/100
|-damage|p1a: The Plan|88/100|[from] Stealth Rock
|-ability|p1a: The Plan|Intimidate|boost
|-unboost|p2a: Zamazenta|atk|1
|move|p2a: Zamazenta|Iron Defense|p2a: Zamazenta
|-boost|p2a: Zamazenta|def|2
|
|-heal|p1a: The Plan|94/100|[from] item: Leftovers
|upkeep
|turn|28
|
|t:|1780969066
|-terastallize|p2a: Zamazenta|Fire
|move|p2a: Zamazenta|Iron Defense|p2a: Zamazenta
|-boost|p2a: Zamazenta|def|2
|move|p1a: The Plan|Will-O-Wisp|p2a: Zamazenta|[miss]
|-miss|p1a: The Plan|p2a: Zamazenta
|
|-heal|p1a: The Plan|100/100|[from] item: Leftovers
|upkeep
|turn|29
|
|t:|1780969073
|move|p2a: Zamazenta|Body Press|p1a: The Plan
|-damage|p1a: The Plan|20/100
|move|p1a: The Plan|Body Press|p2a: Zamazenta
|-damage|p2a: Zamazenta|92/100
|
|-heal|p2a: Zamazenta|98/100|[from] item: Leftovers
|-heal|p1a: The Plan|27/100|[from] item: Leftovers
|upkeep
|turn|30
|
|t:|1780969080
|switch|p1a: Summer Shandy|Rillaboom, M|100/100
|-damage|p1a: Summer Shandy|88/100|[from] Stealth Rock
|-fieldstart|move: Grassy Terrain|[from] ability: Grassy Surge|[of] p1a: Summer Shandy
|move|p2a: Zamazenta|Iron Defense|p2a: Zamazenta
|-boost|p2a: Zamazenta|def|1
|
|-heal|p2a: Zamazenta|100/100|[from] Grassy Terrain
|-heal|p1a: Summer Shandy|94/100|[from] Grassy Terrain
|upkeep
|turn|31
|
|t:|1780969085
|move|p2a: Zamazenta|Body Press|p1a: Summer Shandy
|-damage|p1a: Summer Shandy|0 fnt
|faint|p1a: Summer Shandy
|
|upkeep
|
|t:|1780969089
|switch|p1a: The Plan|Tauros-Paldea-Blaze, M|27/100
|-damage|p1a: The Plan|14/100|[from] Stealth Rock
|-ability|p1a: The Plan|Intimidate|boost
|-unboost|p2a: Zamazenta|atk|1
|turn|32
|
|t:|1780969092
|switch|p1a: HELP|Ogerpon-Wellspring, F|100/100
|-damage|p1a: HELP|88/100|[from] Stealth Rock
|move|p2a: Zamazenta|Body Press|p1a: HELP
|-damage|p1a: HELP|0 fnt
|faint|p1a: HELP
|
|upkeep
|
|t:|1780969095
|switch|p1a: The Plan|Tauros-Paldea-Blaze, M|14/100
|-damage|p1a: The Plan|2/100|[from] Stealth Rock
|-ability|p1a: The Plan|Intimidate|boost
|-unboost|p2a: Zamazenta|atk|1
|turn|33
|
|t:|1780969103
|move|p2a: Zamazenta|Body Press|p1a: The Plan
|-damage|p1a: The Plan|0 fnt
|faint|p1a: The Plan
|
|upkeep
|
|t:|1780969104
|switch|p1a: West Virginia|Raging Bolt|47/100
|-damage|p1a: West Virginia|35/100|[from] Stealth Rock
|turn|34
|
|t:|1780969109
|-terastallize|p1a: West Virginia|Ghost
|move|p2a: Zamazenta|Body Press|p1a: West Virginia
|-immune|p1a: West Virginia
|move|p1a: West Virginia|Thunderbolt|p2a: Zamazenta
|-damage|p2a: Zamazenta|55/100
|
|-heal|p2a: Zamazenta|62/100|[from] Grassy Terrain
|-heal|p2a: Zamazenta|68/100|[from] item: Leftovers
|-heal|p1a: West Virginia|41/100|[from] Grassy Terrain
|-heal|p1a: West Virginia|47/100|[from] item: Leftovers
|upkeep
|turn|35
|
|t:|1780969114
|move|p2a: Zamazenta|Crunch|p1a: West Virginia
|-supereffective|p1a: West Virginia
|-damage|p1a: West Virginia|33/100
|move|p1a: West Virginia|Thunderbolt|p2a: Zamazenta
|-crit|p2a: Zamazenta
|-damage|p2a: Zamazenta|5/100
|
|-heal|p2a: Zamazenta|11/100|[from] Grassy Terrain
|-heal|p2a: Zamazenta|17/100|[from] item: Leftovers
|-heal|p1a: West Virginia|39/100|[from] Grassy Terrain
|-heal|p1a: West Virginia|45/100|[from] item: Leftovers
|upkeep
|turn|36
|
|t:|1780969117
|move|p2a: Zamazenta|Crunch|p1a: West Virginia
|-supereffective|p1a: West Virginia
|-damage|p1a: West Virginia|29/100
|move|p1a: West Virginia|Thunderbolt|p2a: Zamazenta
|-damage|p2a: Zamazenta|0 fnt
|faint|p2a: Zamazenta
|
|win|tauros3
|raw|tauros3's rating: 1496 &rarr; <strong>1519</strong><br />(+23 for winning)
|raw|fearow sniper's rating: 1541 &rarr; <strong>1518</strong><br />(-23 for losing)
|c|☆fearow sniper|gg
|l|☆fearow sniper
|player|p2|
|l|☆tauros3
|player|p1|
