|j|☆manabi.portoviejo
|j|☆anamchara
|t:|1781272105
|gametype|singles
|player|p1|manabi.portoviejo|2|1624
|player|p2|anamchara|1|1608
|gen|9
|tier|[Gen 9] OU
|rated|
|rule|HP Percentage Mod: HP is shown in percentages
|rule|Endless Battle Clause: Forcing endless battles is banned
|rule|Species Clause: Limit one of each Pokémon
|rule|OHKO Clause: OHKO moves are banned
|rule|Evasion Items Clause: Evasion items are banned
|rule|Evasion Moves Clause: Evasion moves are banned
|rule|Evasion Abilities Clause: Evasion abilities are banned
|rule|Sleep Moves Clause: Sleep-inducing moves are banned
|clearpoke
|poke|p1|Hoopa-Unbound|
|poke|p1|Hawlucha, F|
|poke|p1|Iron Crown|
|poke|p1|Indeedee-F, F|
|poke|p1|Hatterene, F|
|poke|p1|Cloyster, F|
|poke|p2|Slowking-Galar, F|
|poke|p2|Meowscarada, M|
|poke|p2|Iron Valiant|
|poke|p2|Ogerpon-Wellspring, F|
|poke|p2|Glimmora, F|
|poke|p2|Dragapult, F|
|teampreview
|
|t:|1781272110
|teamsize|p1|6
|teamsize|p2|6
|start
|switch|p1a: Indeedee|Indeedee-F, F|100/100
|switch|p2a: Meowscarada|Meowscarada, M|100/100
|-fieldstart|move: Psychic Terrain|[from] ability: Psychic Surge|[of] p1a: Indeedee
|turn|1
|inactive|Battle timer is ON: inactive players will automatically lose when time's up. (requested by manabi.portoviejo)
|
|t:|1781272113
|switch|p1a: Hatterene|Hatterene, F|100/100
|move|p2a: Meowscarada|U-turn|p1a: Hatterene
|-start|p2a: Meowscarada|typechange|Bug|[from] ability: Protean
|-damage|p1a: Hatterene|62/100
|-enditem|p1a: Hatterene|Eject Button
|
|t:|1781272119
|switch|p1a: Iron Crown|Iron Crown|100/100
|-enditem|p1a: Iron Crown|Booster Energy
|-activate|p1a: Iron Crown|ability: Quark Drive|[fromitem]
|-start|p1a: Iron Crown|quarkdrivespa
|
|upkeep
|turn|2
|
|t:|1781272133
|move|p2a: Meowscarada|U-turn|p1a: Iron Crown
|-damage|p1a: Iron Crown|74/100
|
|t:|1781272134
|switch|p2a: Slowking|Slowking-Galar, F|100/100|[from] U-turn
|move|p1a: Iron Crown|Agility|p1a: Iron Crown
|-boost|p1a: Iron Crown|spe|2
|
|upkeep
|turn|3
|
|t:|1781272150
|move|p1a: Iron Crown|Expanding Force|p2a: Slowking
|-damage|p2a: Slowking|40/100
|move|p2a: Slowking|Fire Blast|p1a: Iron Crown|[miss]
|-miss|p2a: Slowking|p1a: Iron Crown
|
|upkeep
|turn|4
|inactive|anamchara has 120 seconds left.
|
|t:|1781272182
|switch|p2a: Meowscarada|Meowscarada, M|100/100
|move|p1a: Iron Crown|Tachyon Cutter|p2a: Meowscarada
|-damage|p2a: Meowscarada|42/100
|-damage|p2a: Meowscarada|0 fnt
|faint|p2a: Meowscarada
|-hitcount|p2: Meowscarada|2
|
|upkeep
|
|t:|1781272184
|switch|p2a: Slowking|Slowking-Galar, F|73/100
|turn|5
|
|t:|1781272203
|move|p1a: Iron Crown|Expanding Force|p2a: Slowking
|-damage|p2a: Slowking|13/100
|move|p2a: Slowking|Fire Blast|p1a: Iron Crown
|-supereffective|p1a: Iron Crown
|-damage|p1a: Iron Crown|19/100
|
|upkeep
|turn|6
|
|t:|1781272208
|move|p1a: Iron Crown|Expanding Force|p2a: Slowking
|-damage|p2a: Slowking|0 fnt
|faint|p2a: Slowking
|
|upkeep
|
|t:|1781272210
|switch|p2a: Ogerpon|Ogerpon-Wellspring, F|100/100
|turn|7
|
|t:|1781272213
|-terastallize|p2a: Ogerpon|Water
|detailschange|p2a: Ogerpon|Ogerpon-Wellspring-Tera, F, tera:Water
|-ability|p2a: Ogerpon|Embody Aspect (Wellspring)|boost
|-boost|p2a: Ogerpon|spd|1
|move|p1a: Iron Crown|Expanding Force|p2a: Ogerpon
|-damage|p2a: Ogerpon|20/100
|move|p2a: Ogerpon|Trailblaze|p1a: Iron Crown
|-resisted|p1a: Iron Crown
|-damage|p1a: Iron Crown|4/100
|-boost|p2a: Ogerpon|spe|1
|
|upkeep
|turn|8
|
|t:|1781272221
|move|p2a: Ogerpon|Horn Leech|p1a: Iron Crown
|-resisted|p1a: Iron Crown
|-damage|p1a: Iron Crown|0 fnt
|-heal|p2a: Ogerpon|22/100|[from] drain|[of] p1a: Iron Crown
|faint|p1a: Iron Crown
|-end|p1a: Iron Crown|Quark Drive|[silent]
|
|-fieldend|move: Psychic Terrain
|upkeep
|
|t:|1781272241
|switch|p1a: Indeedee|Indeedee-F, F|100/100
|-fieldstart|move: Psychic Terrain|[from] ability: Psychic Surge|[of] p1a: Indeedee
|turn|9
|
|t:|1781272256
|move|p2a: Ogerpon|Trailblaze|p1a: Indeedee
|-damage|p1a: Indeedee|53/100
|-boost|p2a: Ogerpon|spe|1
|move|p1a: Indeedee|Trick Room|p1a: Indeedee
|-fieldstart|move: Trick Room|[of] p1a: Indeedee
|
|upkeep
|turn|10
|
|t:|1781272259
|move|p1a: Indeedee|Healing Wish|p1a: Indeedee
|faint|p1a: Indeedee
|move|p2a: Ogerpon|Horn Leech|p1: Indeedee|[notarget]
|-fail|p2a: Ogerpon
|
|upkeep
|
|t:|1781272262
|switch|p1a: Hoopa|Hoopa-Unbound|100/100
|turn|11
|
|t:|1781272267
|move|p1a: Hoopa|Expanding Force|p2a: Ogerpon
|-damage|p2a: Ogerpon|0 fnt
|faint|p2a: Ogerpon
|detailschange|p2: Ogerpon|Ogerpon-Wellspring, F|[silent]
|
|upkeep
|
|t:|1781272272
|switch|p2a: Dragapult|Dragapult, F|100/100
|turn|12
|
|t:|1781272276
|move|p1a: Hoopa|Hyperspace Fury|p2a: Dragapult
|-supereffective|p2a: Dragapult
|-damage|p2a: Dragapult|0 fnt
|-unboost|p1a: Hoopa|def|1
|faint|p2a: Dragapult
|
|upkeep
|-message|anamchara forfeited.
|
|win|manabi.portoviejo
|raw|manabi.portoviejo's rating: 1624 &rarr; <strong>1642</strong><br />(+18 for winning)
|raw|anamchara's rating: 1590 &rarr; <strong>1572</strong><br />(-18 for losing)
|l|☆anamchara
|player|p2|
