|badge|p2|bronze|gen9ubers|100-9
|uhtml|medal-msg|<div class="broadcast-blue">Curious what those medals under the avatar are? PS now has Ladder Seasons! For more information, check out the <a href="https://www.smogon.com/forums/threads/3740067/">thread on Smogon.</a></div>
|j|☆Uberzilla
|j|☆DriftedEx
|t:|1781450844
|gametype|singles
|player|p1|Uberzilla|miku-flying|1598
|player|p2|DriftedEx|rocketgrunt|1679
|gen|9
|tier|[Gen 9] OU
|rated|
|rule|HP Percentage Mod: HP is shown in percentages
|rule|Endless Battle Clause: Forcing endless battles is banned
|rule|Species Clause: Limit one of each Pokémon
|rule|OHKO Clause: OHKO moves are banned
|rule|Evasion Items Clause: Evasion items are banned
|rule|Evasion Moves Clause: Evasion moves are banned
|rule|Evasion Abilities Clause: Evasion abilities are banned
|rule|Sleep Moves Clause: Sleep-inducing moves are banned
|clearpoke
|poke|p1|Iron Valiant|
|poke|p1|Dragonite, M|
|poke|p1|Araquanid, M|
|poke|p1|Iron Moth|
|poke|p1|Great Tusk|
|poke|p1|Raging Bolt|
|poke|p2|Ribombee, M|
|poke|p2|Great Tusk|
|poke|p2|Gholdengo|
|poke|p2|Manaphy|
|poke|p2|Kingambit, F|
|poke|p2|Iron Valiant|
|teampreview
|inactive|Battle timer is ON: inactive players will automatically lose when time's up. (requested by DriftedEx)
|
|t:|1781450853
|teamsize|p1|6
|teamsize|p2|6
|start
|switch|p1a: Amnion|Araquanid, M|100/100
|switch|p2a: Ribombee|Ribombee, M|100/100
|turn|1
|
|t:|1781450858
|move|p2a: Ribombee|Sticky Web|p1a: Amnion
|-sidestart|p1: Uberzilla|move: Sticky Web
|move|p1a: Amnion|Liquidation|p2a: Ribombee
|-damage|p2a: Ribombee|3/100
|
|upkeep
|turn|2
|
|t:|1781450864
|move|p2a: Ribombee|Moonblast|p1a: Amnion
|-damage|p1a: Amnion|71/100
|move|p1a: Amnion|Liquidation|p2a: Ribombee
|-damage|p2a: Ribombee|0 fnt
|faint|p2a: Ribombee
|
|upkeep
|
|t:|1781450868
|switch|p2a: Manaphy|Manaphy|100/100
|turn|3
|
|t:|1781450871
|move|p2a: Manaphy|Substitute|p2a: Manaphy
|-start|p2a: Manaphy|Substitute
|-damage|p2a: Manaphy|76/100
|move|p1a: Amnion|Liquidation|p2a: Manaphy
|-resisted|p2a: Manaphy
|-end|p2a: Manaphy|Substitute
|
|-heal|p2a: Manaphy|82/100|[from] item: Leftovers
|upkeep
|turn|4
|
|t:|1781450874
|move|p2a: Manaphy|Tail Glow|p2a: Manaphy
|-boost|p2a: Manaphy|spa|3
|move|p1a: Amnion|Sticky Web|p2a: Manaphy
|-sidestart|p2: DriftedEx|move: Sticky Web
|
|-heal|p2a: Manaphy|88/100|[from] item: Leftovers
|upkeep
|turn|5
|
|t:|1781450877
|move|p2a: Manaphy|Alluring Voice|p1a: Amnion
|-damage|p1a: Amnion|28/100
|move|p1a: Amnion|Liquidation|p2a: Manaphy
|-resisted|p2a: Manaphy
|-damage|p2a: Manaphy|55/100
|
|-heal|p2a: Manaphy|61/100|[from] item: Leftovers
|upkeep
|turn|6
|
|t:|1781450882
|move|p1a: Amnion|Endure|p1a: Amnion
|-singleturn|p1a: Amnion|move: Endure
|move|p2a: Manaphy|Substitute|p2a: Manaphy
|-start|p2a: Manaphy|Substitute
|-damage|p2a: Manaphy|37/100
|
|-heal|p2a: Manaphy|43/100|[from] item: Leftovers
|upkeep
|turn|7
|
|t:|1781450885
|move|p2a: Manaphy|Alluring Voice|p1a: Amnion
|-damage|p1a: Amnion|0 fnt
|faint|p1a: Amnion
|
|-heal|p2a: Manaphy|49/100|[from] item: Leftovers
|upkeep
|
|t:|1781450894
|switch|p1a: Melville|Iron Moth|100/100
|-activate|p1a: Melville|move: Sticky Web
|-unboost|p1a: Melville|spe|1
|-enditem|p1a: Melville|Booster Energy
|-activate|p1a: Melville|ability: Quark Drive|[fromitem]
|-start|p1a: Melville|quarkdrivespa
|turn|8
|
|t:|1781450896
|-terastallize|p1a: Melville|Grass
|move|p2a: Manaphy|Surf|p1a: Melville
|-resisted|p1a: Melville
|-damage|p1a: Melville|53/100
|move|p1a: Melville|Energy Ball|p2a: Manaphy
|-supereffective|p2a: Manaphy
|-end|p2a: Manaphy|Substitute
|
|-heal|p2a: Manaphy|55/100|[from] item: Leftovers
|upkeep
|turn|9
|
|t:|1781450899
|move|p2a: Manaphy|Alluring Voice|p1a: Melville
|-damage|p1a: Melville|0 fnt
|faint|p1a: Melville
|-end|p1a: Melville|Quark Drive|[silent]
|
|-heal|p2a: Manaphy|61/100|[from] item: Leftovers
|upkeep
|
|t:|1781450908
|switch|p1a: Franklin|Raging Bolt|100/100
|-activate|p1a: Franklin|move: Sticky Web
|-unboost|p1a: Franklin|spe|1
|turn|10
|
|t:|1781450910
|move|p2a: Manaphy|Tail Glow|p2a: Manaphy
|-boost|p2a: Manaphy|spa|3
|move|p1a: Franklin|Dragon Pulse|p2a: Manaphy
|-damage|p2a: Manaphy|18/100
|
|-heal|p2a: Manaphy|24/100|[from] item: Leftovers
|upkeep
|turn|11
|
|t:|1781450916
|move|p1a: Franklin|Thunderclap||[still]
|-fail|p1a: Franklin
|move|p2a: Manaphy|Tail Glow|p2a: Manaphy
|-boost|p2a: Manaphy|spa|0
|
|-heal|p2a: Manaphy|30/100|[from] item: Leftovers
|upkeep
|turn|12
|
|t:|1781450919
|move|p1a: Franklin|Thunderclap|p2a: Manaphy
|-supereffective|p2a: Manaphy
|-damage|p2a: Manaphy|0 fnt
|faint|p2a: Manaphy
|
|upkeep
|
|t:|1781450925
|switch|p2a: Gholdengo|Gholdengo|100/100
|-item|p2a: Gholdengo|Air Balloon
|turn|13
|
|t:|1781450928
|move|p2a: Gholdengo|Nasty Plot|p2a: Gholdengo
|-boost|p2a: Gholdengo|spa|2
|move|p1a: Franklin|Thunderbolt|p2a: Gholdengo
|-damage|p2a: Gholdengo|46/100
|-status|p2a: Gholdengo|par
|-enditem|p2a: Gholdengo|Air Balloon
|
|upkeep
|turn|14
|
|t:|1781450932
|cant|p2a: Gholdengo|par
|move|p1a: Franklin|Calm Mind|p1a: Franklin
|-boost|p1a: Franklin|spa|1
|-boost|p1a: Franklin|spd|1
|
|upkeep
|turn|15
|
|t:|1781450937
|move|p2a: Gholdengo|Dazzling Gleam|p1a: Franklin
|-supereffective|p1a: Franklin
|-damage|p1a: Franklin|34/100
|move|p1a: Franklin|Thunderbolt|p2a: Gholdengo
|-damage|p2a: Gholdengo|0 fnt
|faint|p2a: Gholdengo
|
|-heal|p1a: Franklin|41/100|[from] item: Leftovers
|upkeep
|
|t:|1781450941
|switch|p2a: Great Tusk|Great Tusk|100/100
|-activate|p2a: Great Tusk|move: Sticky Web
|-unboost|p2a: Great Tusk|spe|1
|-enditem|p2a: Great Tusk|Booster Energy
|-activate|p2a: Great Tusk|ability: Protosynthesis|[fromitem]
|-start|p2a: Great Tusk|protosynthesisatk
|turn|16
|
|t:|1781450944
|move|p2a: Great Tusk|Rapid Spin|p1a: Franklin
|-damage|p1a: Franklin|23/100
|-boost|p2a: Great Tusk|spe|1
|-sideend|p2: DriftedEx|Sticky Web|[from] move: Rapid Spin|[of] p2a: Great Tusk
|move|p1a: Franklin|Dragon Pulse|p2a: Great Tusk
|-crit|p2a: Great Tusk
|-damage|p2a: Great Tusk|0 fnt
|faint|p2a: Great Tusk
|-end|p2a: Great Tusk|Protosynthesis|[silent]
|
|-heal|p1a: Franklin|29/100|[from] item: Leftovers
|upkeep
|
|t:|1781450946
|switch|p2a: Iron Valiant|Iron Valiant|100/100
|-enditem|p2a: Iron Valiant|Booster Energy
|-activate|p2a: Iron Valiant|ability: Quark Drive|[fromitem]
|-start|p2a: Iron Valiant|quarkdrivespe
|turn|17
|
|t:|1781450948
|move|p1a: Franklin|Thunderclap||[still]
|-fail|p1a: Franklin
|move|p2a: Iron Valiant|Calm Mind|p2a: Iron Valiant
|-boost|p2a: Iron Valiant|spa|1
|-boost|p2a: Iron Valiant|spd|1
|
|-heal|p1a: Franklin|35/100|[from] item: Leftovers
|upkeep
|turn|18
|
|t:|1781450951
|move|p2a: Iron Valiant|Moonblast|p1a: Franklin
|-supereffective|p1a: Franklin
|-damage|p1a: Franklin|0 fnt
|faint|p1a: Franklin
|-end|p1a: Franklin|Protosynthesis|[silent]
|
|upkeep
|
|t:|1781450960
|switch|p1a: Marcus Aurelius|Great Tusk|100/100
|-activate|p1a: Marcus Aurelius|move: Sticky Web
|-unboost|p1a: Marcus Aurelius|spe|1
|turn|19
|
|t:|1781450964
|move|p2a: Iron Valiant|Moonblast|p1a: Marcus Aurelius
|-supereffective|p1a: Marcus Aurelius
|-damage|p1a: Marcus Aurelius|0 fnt
|faint|p1a: Marcus Aurelius
|-end|p1a: Marcus Aurelius|Protosynthesis|[silent]
|
|upkeep
|
|t:|1781450967
|switch|p1a: Mikiya|Dragonite, M|100/100
|turn|20
|
|t:|1781450968
|move|p1a: Mikiya|Extreme Speed|p2a: Iron Valiant
|-damage|p2a: Iron Valiant|62/100
|move|p2a: Iron Valiant|Moonblast|p1a: Mikiya
|-supereffective|p1a: Mikiya
|-damage|p1a: Mikiya|22/100
|-unboost|p1a: Mikiya|spa|1
|
|upkeep
|turn|21
|
|t:|1781450972
|move|p1a: Mikiya|Extreme Speed|p2a: Iron Valiant
|-damage|p2a: Iron Valiant|20/100
|move|p2a: Iron Valiant|Moonblast|p1a: Mikiya
|-supereffective|p1a: Mikiya
|-damage|p1a: Mikiya|0 fnt
|faint|p1a: Mikiya
|
|upkeep
|-message|Uberzilla forfeited.
|
|win|DriftedEx
|raw|Uberzilla's rating: 1598 &rarr; <strong>1583</strong><br />(-15 for losing)
|raw|DriftedEx's rating: 1679 &rarr; <strong>1694</strong><br />(+15 for winning)
|l|☆Uberzilla
|player|p1|
|l|☆DriftedEx
|player|p2|
