|j|☆LanceStern
|j|☆barbordor
|t:|1781072089
|gametype|singles
|player|p1|LanceStern|brock|1650
|player|p2|barbordor|101|1603
|gen|9
|tier|[Gen 9] OU
|rated|
|rule|HP Percentage Mod: HP is shown in percentages
|rule|Endless Battle Clause: Forcing endless battles is banned
|rule|Species Clause: Limit one of each Pokémon
|rule|OHKO Clause: OHKO moves are banned
|rule|Evasion Items Clause: Evasion items are banned
|rule|Evasion Moves Clause: Evasion moves are banned
|rule|Evasion Abilities Clause: Evasion abilities are banned
|rule|Sleep Moves Clause: Sleep-inducing moves are banned
|clearpoke
|poke|p1|Deoxys-Speed|
|poke|p1|Iron Moth|
|poke|p1|Samurott-Hisui, M|
|poke|p1|Great Tusk|
|poke|p1|Scizor, F|
|poke|p1|Sinistcha-Masterpiece|
|poke|p2|Ceruledge, F|
|poke|p2|Breloom, F|
|poke|p2|Dragonite, F|
|poke|p2|Kingambit, F|
|poke|p2|Great Tusk|
|poke|p2|Weavile, M|
|teampreview
|inactive|Battle timer is ON: inactive players will automatically lose when time's up. (requested by barbordor)
|
|t:|1781072114
|teamsize|p1|6
|teamsize|p2|6
|start
|switch|p1a: Scizor|Scizor, F|100/100
|switch|p2a: Weavile|Weavile, M|100/100
|-ability|p2a: Weavile|Pressure
|turn|1
|j| Overlord Jr.
|
|t:|1781072122
|move|p2a: Weavile|Beat Up|p1a: Scizor
|-damage|p1a: Scizor|91/100
|-damage|p1a: Scizor|83/100
|-damage|p1a: Scizor|74/100
|-damage|p1a: Scizor|65/100
|-damage|p1a: Scizor|56/100
|-damage|p1a: Scizor|47/100
|-hitcount|p1a: Scizor|6
|move|p1a: Scizor|U-turn|p2a: Weavile
|-supereffective|p2a: Weavile
|-enditem|p2a: Weavile|Focus Sash
|-damage|p2a: Weavile|1/100
|
|t:|1781072137
|switch|p1a: Samurott|Samurott-Hisui, M|100/100|[from] U-turn
|
|upkeep
|turn|2
|
|t:|1781072144
|move|p2a: Weavile|Beat Up|p1a: Samurott
|-resisted|p1a: Samurott
|-damage|p1a: Samurott|95/100
|-resisted|p1a: Samurott
|-damage|p1a: Samurott|89/100
|-resisted|p1a: Samurott
|-damage|p1a: Samurott|84/100
|-resisted|p1a: Samurott
|-damage|p1a: Samurott|78/100
|-resisted|p1a: Samurott
|-damage|p1a: Samurott|72/100
|-resisted|p1a: Samurott
|-damage|p1a: Samurott|67/100
|-hitcount|p1a: Samurott|6
|move|p1a: Samurott|Ceaseless Edge|p2a: Weavile
|-resisted|p2a: Weavile
|-damage|p2a: Weavile|0 fnt
|-sidestart|p2: barbordor|Spikes
|faint|p2a: Weavile
|
|upkeep
|
|t:|1781072151
|switch|p2a: Breloom|Breloom, F|100/100
|-damage|p2a: Breloom|88/100|[from] Spikes
|turn|3
|
|t:|1781072165
|switch|p1a: Sinistcha|Sinistcha-Masterpiece|100/100
|move|p2a: Breloom|Rock Tomb|p1a: Sinistcha
|-damage|p1a: Sinistcha|73/100
|
|upkeep
|turn|4
|
|t:|1781072184
|switch|p2a: Ceruledge|Ceruledge, F|100/100
|-damage|p2a: Ceruledge|88/100|[from] Spikes
|move|p1a: Sinistcha|Strength Sap|p2a: Ceruledge
|-unboost|p2a: Ceruledge|atk|1
|-heal|p1a: Sinistcha|100/100
|
|upkeep
|turn|5
|
|t:|1781072194
|move|p2a: Ceruledge|Swords Dance|p2a: Ceruledge
|-boost|p2a: Ceruledge|atk|2
|move|p1a: Sinistcha|Shadow Ball|p2a: Ceruledge
|-supereffective|p2a: Ceruledge
|-damage|p2a: Ceruledge|8/100
|
|upkeep
|turn|6
|
|t:|1781072207
|move|p2a: Ceruledge|Bitter Blade|p1a: Sinistcha
|-supereffective|p1a: Sinistcha
|-damage|p1a: Sinistcha|46/100
|-heal|p2a: Ceruledge|40/100|[from] drain|[of] p1a: Sinistcha
|move|p1a: Sinistcha|Strength Sap|p2a: Ceruledge
|-unboost|p2a: Ceruledge|atk|1
|-heal|p1a: Sinistcha|100/100
|
|upkeep
|turn|7
|l| Overlord Jr.
|
|t:|1781072213
|move|p2a: Ceruledge|Destiny Bond|p2a: Ceruledge
|-singlemove|p2a: Ceruledge|Destiny Bond
|move|p1a: Sinistcha|Shadow Ball|p2a: Ceruledge
|-supereffective|p2a: Ceruledge
|-damage|p2a: Ceruledge|0 fnt
|faint|p2a: Ceruledge
|-activate|p2a: Ceruledge|move: Destiny Bond
|faint|p1a: Sinistcha
|
|upkeep
|
|t:|1781072228
|switch|p2a: Breloom|Breloom, F|88/100
|switch|p1a: Deoxys|Deoxys-Speed|100/100
|-ability|p1a: Deoxys|Pressure
|-damage|p2a: Breloom|76/100|[from] Spikes
|turn|8
|
|t:|1781072237
|move|p1a: Deoxys|Psychic|p2a: Breloom
|-supereffective|p2a: Breloom
|-damage|p2a: Breloom|0 fnt
|faint|p2a: Breloom
|
|upkeep
|
|t:|1781072241
|switch|p2a: Kingambit|Kingambit, F|100/100
|-activate|p2a: Kingambit|ability: Supreme Overlord
|-start|p2a: Kingambit|fallen3|[silent]
|-item|p2a: Kingambit|Air Balloon
|turn|9
|
|t:|1781072251
|-terastallize|p1a: Deoxys|Fighting
|move|p1a: Deoxys|Superpower|p2a: Kingambit
|-supereffective|p2a: Kingambit
|-damage|p2a: Kingambit|0 fnt
|-unboost|p1a: Deoxys|atk|1
|-unboost|p1a: Deoxys|def|1
|-enditem|p2a: Kingambit|Air Balloon
|faint|p2a: Kingambit
|-end|p2a: Kingambit|fallen3|[silent]
|
|upkeep
|
|t:|1781072257
|switch|p2a: Dragonite|Dragonite, F|100/100
|turn|10
|
|t:|1781072261
|move|p1a: Deoxys|Ice Beam|p2a: Dragonite
|-supereffective|p2a: Dragonite
|-damage|p2a: Dragonite|24/100
|move|p2a: Dragonite|Dragon Dance|p2a: Dragonite
|-boost|p2a: Dragonite|atk|1
|-boost|p2a: Dragonite|spe|1
|
|upkeep
|turn|11
|
|t:|1781072288
|switch|p1a: Great Tusk|Great Tusk|100/100
|move|p2a: Dragonite|Fire Punch|p1a: Great Tusk
|-damage|p1a: Great Tusk|71/100
|-damage|p2a: Dragonite|8/100|[from] item: Rocky Helmet|[of] p1a: Great Tusk
|
|upkeep
|turn|12
|
|t:|1781072294
|move|p2a: Dragonite|Fire Punch|p1a: Great Tusk
|-damage|p1a: Great Tusk|44/100
|-damage|p2a: Dragonite|0 fnt|[from] item: Rocky Helmet|[of] p1a: Great Tusk
|faint|p2a: Dragonite
|move|p1a: Great Tusk|Rapid Spin|p2: Dragonite|[notarget]
|-fail|p1a: Great Tusk
|
|upkeep
|
|t:|1781072296
|switch|p2a: Great Tusk|Great Tusk|100/100
|-damage|p2a: Great Tusk|88/100|[from] Spikes
|-enditem|p2a: Great Tusk|Booster Energy
|-activate|p2a: Great Tusk|ability: Protosynthesis|[fromitem]
|-start|p2a: Great Tusk|protosynthesisatk
|turn|13
|
|t:|1781072307
|-end|p1a: Great Tusk|Protosynthesis|[silent]
|switch|p1a: Deoxys|Deoxys-Speed, tera:Fighting|100/100
|-ability|p1a: Deoxys|Pressure
|move|p2a: Great Tusk|Rapid Spin|p1a: Deoxys
|-damage|p1a: Deoxys|60/100
|-boost|p2a: Great Tusk|spe|1
|-sideend|p2: barbordor|Spikes|[from] move: Rapid Spin|[of] p2a: Great Tusk
|
|upkeep
|turn|14
|
|t:|1781072317
|-terastallize|p2a: Great Tusk|Ground
|move|p1a: Deoxys|Psychic|p2a: Great Tusk
|-damage|p2a: Great Tusk|30/100
|move|p2a: Great Tusk|Rapid Spin|p1a: Deoxys
|-damage|p1a: Deoxys|23/100
|-boost|p2a: Great Tusk|spe|1
|
|upkeep
|turn|15
|
|t:|1781072326
|move|p2a: Great Tusk|Rapid Spin|p1a: Deoxys
|-damage|p1a: Deoxys|0 fnt
|-boost|p2a: Great Tusk|spe|1
|faint|p1a: Deoxys
|
|upkeep
|
|t:|1781072332
|switch|p1a: Scizor|Scizor, F|47/100
|turn|16
|
|t:|1781072335
|move|p1a: Scizor|Bullet Punch|p2a: Great Tusk
|-damage|p2a: Great Tusk|0 fnt
|faint|p2a: Great Tusk
|-end|p2a: Great Tusk|Protosynthesis|[silent]
|
|win|LanceStern
|raw|LanceStern's rating: 1650 &rarr; <strong>1667</strong><br />(+17 for winning)
|raw|barbordor's rating: 1603 &rarr; <strong>1586</strong><br />(-17 for losing)
|l|☆barbordor
|player|p2|
