|j|☆bigballs01
|j|☆jd2sleepy
|t:|1781476596
|gametype|singles
|player|p1|bigballs01|swimmer-gen4dp|1625
|player|p2|jd2sleepy|brock|1692
|gen|9
|tier|[Gen 9] OU
|rated|
|rule|HP Percentage Mod: HP is shown in percentages
|rule|Endless Battle Clause: Forcing endless battles is banned
|rule|Species Clause: Limit one of each Pokémon
|rule|OHKO Clause: OHKO moves are banned
|rule|Evasion Items Clause: Evasion items are banned
|rule|Evasion Moves Clause: Evasion moves are banned
|rule|Evasion Abilities Clause: Evasion abilities are banned
|rule|Sleep Moves Clause: Sleep-inducing moves are banned
|clearpoke
|poke|p1|Hatterene, F|
|poke|p1|Great Tusk|
|poke|p1|Tornadus-Therian, M|
|poke|p1|Kyurem|
|poke|p1|Slowking-Galar, M|
|poke|p1|Kingambit, M|
|poke|p2|Toxicroak, M|
|poke|p2|Pelipper, F|
|poke|p2|Floatzel, F|
|poke|p2|Iron Treads|
|poke|p2|Hatterene, F|
|poke|p2|Electivire, M|
|teampreview
|inactive|Battle timer is ON: inactive players will automatically lose when time's up. (requested by bigballs01)
|
|t:|1781476608
|teamsize|p1|6
|teamsize|p2|6
|start
|switch|p1a: Slowking|Slowking-Galar, M|100/100
|switch|p2a: Crash Out|Floatzel, F|100/100
|turn|1
|
|t:|1781476613
|move|p2a: Crash Out|Flip Turn|p1a: Slowking
|-damage|p1a: Slowking|70/100
|
|t:|1781476615
|switch|p2a: Iron Treads|Iron Treads|100/100|[from] Flip Turn
|-prepare|p1a: Slowking|Chilly Reception|[premajor]
|move|p1a: Slowking|Chilly Reception|p1a: Slowking
|-weather|Snowscape
|
|t:|1781476619
|switch|p1a: Great Tusk|Great Tusk|100/100|[from] Chilly Reception
|
|-weather|Snowscape|[upkeep]
|upkeep
|turn|2
|
|t:|1781476622
|-end|p2a: Iron Treads|Quark Drive|[silent]
|switch|p2a: Drizzy|Pelipper, F|100/100
|-weather|RainDance|[from] ability: Drizzle|[of] p2a: Drizzy
|move|p1a: Great Tusk|Headlong Rush|p2a: Drizzy
|-immune|p2a: Drizzy
|
|-weather|RainDance|[upkeep]
|upkeep
|turn|3
|
|t:|1781476625
|-end|p1a: Great Tusk|Protosynthesis|[silent]
|switch|p1a: Slowking|Slowking-Galar, M|100/100
|move|p2a: Drizzy|Knock Off|p1a: Slowking
|-supereffective|p1a: Slowking
|-damage|p1a: Slowking|80/100
|-enditem|p1a: Slowking|Black Sludge|[from] move: Knock Off|[of] p2a: Drizzy
|
|-weather|RainDance|[upkeep]
|upkeep
|turn|4
|
|t:|1781476629
|move|p2a: Drizzy|U-turn|p1a: Slowking
|-damage|p1a: Slowking|74/100
|
|t:|1781476631
|switch|p2a: Iron Treads|Iron Treads|100/100|[from] U-turn
|-prepare|p1a: Slowking|Chilly Reception|[premajor]
|move|p1a: Slowking|Chilly Reception|p1a: Slowking
|-weather|Snowscape
|
|t:|1781476633
|switch|p1a: Great Tusk|Great Tusk|100/100|[from] Chilly Reception
|
|-weather|Snowscape|[upkeep]
|upkeep
|turn|5
|
|t:|1781476635
|-end|p2a: Iron Treads|Quark Drive|[silent]
|switch|p2a: Hatterene|Hatterene, F|100/100
|move|p1a: Great Tusk|Stealth Rock|p2a: Hatterene
|move|p2a: Hatterene|Stealth Rock|p1a: Great Tusk|[from] ability: Magic Bounce
|-sidestart|p1: bigballs01|move: Stealth Rock
|
|-weather|Snowscape|[upkeep]
|upkeep
|turn|6
|c|☆bigballs01|im shit
|c|☆bigballs01|wp
|
|t:|1781476648
|-end|p1a: Great Tusk|Protosynthesis|[silent]
|switch|p1a: Slowking|Slowking-Galar, M|100/100
|-damage|p1a: Slowking|88/100|[from] Stealth Rock
|move|p2a: Hatterene|Dazzling Gleam|p1a: Slowking
|-resisted|p1a: Slowking
|-damage|p1a: Slowking|74/100
|
|-weather|Snowscape|[upkeep]
|upkeep
|turn|7
|
|t:|1781476655
|switch|p2a: Iron Treads|Iron Treads|100/100
|-prepare|p1a: Slowking|Chilly Reception|[premajor]
|move|p1a: Slowking|Chilly Reception|p1a: Slowking
|
|t:|1781476659
|switch|p1a: Great Tusk|Great Tusk|100/100|[from] Chilly Reception
|-damage|p1a: Great Tusk|98/100|[from] Stealth Rock
|
|-weather|Snowscape|[upkeep]
|upkeep
|turn|8
|
|t:|1781476666
|-end|p2a: Iron Treads|Quark Drive|[silent]
|switch|p2a: Drizzy|Pelipper, F|100/100
|-weather|RainDance|[from] ability: Drizzle|[of] p2a: Drizzy
|move|p1a: Great Tusk|Rapid Spin|p2a: Drizzy
|-damage|p2a: Drizzy|81/100
|-boost|p1a: Great Tusk|spe|1
|-sideend|p1: bigballs01|Stealth Rock|[from] move: Rapid Spin|[of] p1a: Great Tusk
|
|-weather|RainDance|[upkeep]
|upkeep
|turn|9
|
|t:|1781476670
|-end|p1a: Great Tusk|Protosynthesis|[silent]
|switch|p1a: Slowking|Slowking-Galar, M|100/100
|move|p2a: Drizzy|U-turn|p1a: Slowking
|-damage|p1a: Slowking|94/100
|
|t:|1781476671
|switch|p2a: Crash Out|Floatzel, F|100/100|[from] U-turn
|
|-weather|RainDance|[upkeep]
|upkeep
|turn|10
|
|t:|1781476688
|-terastallize|p1a: Slowking|Grass
|move|p2a: Crash Out|Flip Turn|p1a: Slowking
|-resisted|p1a: Slowking
|-damage|p1a: Slowking|68/100
|
|t:|1781476691
|switch|p2a: Iron Treads|Iron Treads|100/100|[from] Flip Turn
|-prepare|p1a: Slowking|Chilly Reception|[premajor]
|move|p1a: Slowking|Chilly Reception|p1a: Slowking
|-weather|Snowscape
|
|t:|1781476695
|switch|p1a: Great Tusk|Great Tusk|98/100|[from] Chilly Reception
|
|-weather|Snowscape|[upkeep]
|upkeep
|turn|11
|
|t:|1781476700
|-end|p2a: Iron Treads|Quark Drive|[silent]
|switch|p2a: Drizzy|Pelipper, F|81/100
|-weather|RainDance|[from] ability: Drizzle|[of] p2a: Drizzy
|move|p1a: Great Tusk|Headlong Rush|p2a: Drizzy
|-immune|p2a: Drizzy
|
|-weather|RainDance|[upkeep]
|upkeep
|turn|12
|
|t:|1781476707
|-end|p1a: Great Tusk|Protosynthesis|[silent]
|switch|p1a: Tornadus|Tornadus-Therian, M|100/100
|move|p2a: Drizzy|Hurricane|p1a: Tornadus
|-damage|p1a: Tornadus|78/100
|
|-weather|RainDance|[upkeep]
|upkeep
|turn|13
|
|t:|1781476713
|move|p1a: Tornadus|Bleakwind Storm|p2a: Drizzy
|-damage|p2a: Drizzy|45/100
|move|p2a: Drizzy|U-turn|p1a: Tornadus
|-resisted|p1a: Tornadus
|-damage|p1a: Tornadus|73/100
|
|t:|1781476715
|switch|p2a: Electivire|Electivire, M|100/100|[from] U-turn
|
|-weather|RainDance|[upkeep]
|upkeep
|turn|14
|
|t:|1781476722
|switch|p1a: Great Tusk|Great Tusk|98/100
|switch|p2a: Hatterene|Hatterene, F|100/100
|
|-weather|RainDance|[upkeep]
|upkeep
|turn|15
|
|t:|1781476731
|-end|p1a: Great Tusk|Protosynthesis|[silent]
|switch|p1a: Slowking|Slowking-Galar, M, tera:Grass|100/100
|move|p2a: Hatterene|Nuzzle|p1a: Slowking
|-resisted|p1a: Slowking
|-damage|p1a: Slowking|99/100
|-status|p1a: Slowking|par
|
|-weather|RainDance|[upkeep]
|upkeep
|turn|16
|
|t:|1781476734
|switch|p2a: Iron Treads|Iron Treads|100/100
|-prepare|p1a: Slowking|Chilly Reception|[premajor]
|cant|p1a: Slowking|par
|
|-weather|RainDance|[upkeep]
|upkeep
|turn|17
|
|t:|1781476740
|move|p2a: Iron Treads|Stealth Rock|p1a: Slowking
|-sidestart|p1: bigballs01|move: Stealth Rock
|-prepare|p1a: Slowking|Chilly Reception|[premajor]
|move|p1a: Slowking|Chilly Reception|p1a: Slowking
|-weather|Snowscape
|
|t:|1781476745
|switch|p1a: Great Tusk|Great Tusk|98/100|[from] Chilly Reception
|-damage|p1a: Great Tusk|95/100|[from] Stealth Rock
|
|-weather|Snowscape|[upkeep]
|upkeep
|turn|18
|
|t:|1781476752
|-end|p2a: Iron Treads|Quark Drive|[silent]
|switch|p2a: Hatterene|Hatterene, F|100/100
|move|p1a: Great Tusk|Ice Spinner|p2a: Hatterene
|-damage|p2a: Hatterene|74/100
|-enditem|p2a: Hatterene|Eject Button
|
|t:|1781476763
|switch|p2a: Crash Out|Floatzel, F|100/100
|
|-weather|Snowscape|[upkeep]
|upkeep
|turn|19
|
|t:|1781476768
|-end|p1a: Great Tusk|Protosynthesis|[silent]
|switch|p1a: Slowking|Slowking-Galar, M, tera:Grass|100/100 par
|-damage|p1a: Slowking|88/100 par|[from] Stealth Rock
|move|p2a: Crash Out|Flip Turn|p1a: Slowking
|-resisted|p1a: Slowking
|-damage|p1a: Slowking|70/100 par
|
|t:|1781476770
|switch|p2a: Toxicroak|Toxicroak, M|100/100|[from] Flip Turn
|
|-weather|Snowscape|[upkeep]
|upkeep
|turn|20
|
|t:|1781476782
|switch|p2a: Iron Treads|Iron Treads|100/100
|switch|p1a: Great Tusk|Great Tusk|95/100
|-damage|p1a: Great Tusk|92/100|[from] Stealth Rock
|
|-weather|Snowscape|[upkeep]
|upkeep
|turn|21
|
|t:|1781476789
|move|p1a: Great Tusk|Rapid Spin|p2a: Iron Treads
|-resisted|p2a: Iron Treads
|-damage|p2a: Iron Treads|94/100
|-boost|p1a: Great Tusk|spe|1
|-sideend|p1: bigballs01|Stealth Rock|[from] move: Rapid Spin|[of] p1a: Great Tusk
|move|p2a: Iron Treads|Knock Off|p1a: Great Tusk
|-resisted|p1a: Great Tusk
|-damage|p1a: Great Tusk|83/100
|-damage|p2a: Iron Treads|78/100|[from] item: Rocky Helmet|[of] p1a: Great Tusk
|-enditem|p1a: Great Tusk|Rocky Helmet|[from] move: Knock Off|[of] p2a: Iron Treads
|
|-weather|none
|-heal|p2a: Iron Treads|84/100|[from] item: Leftovers
|upkeep
|turn|22
|
|t:|1781476797
|-end|p1a: Great Tusk|Protosynthesis|[silent]
|switch|p1a: Hatterene|Hatterene, F|100/100
|-end|p2a: Iron Treads|Quark Drive|[silent]
|switch|p2a: Hatterene|Hatterene, F|74/100
|
|upkeep
|turn|23
|
|t:|1781476803
|move|p2a: Hatterene|Nuzzle|p1a: Hatterene
|-damage|p1a: Hatterene|97/100
|-status|p1a: Hatterene|par
|-damage|p2a: Hatterene|57/100|[from] item: Rocky Helmet|[of] p1a: Hatterene
|cant|p1a: Hatterene|par
|
|upkeep
|turn|24
|
|t:|1781476810
|move|p2a: Hatterene|Dazzling Gleam|p1a: Hatterene
|-damage|p1a: Hatterene|59/100 par
|move|p1a: Hatterene|Nuzzle|p2a: Hatterene
|-damage|p2a: Hatterene|53/100
|-status|p2a: Hatterene|par
|
|upkeep
|turn|25
|
|t:|1781476819
|switch|p1a: Slowking|Slowking-Galar, M, tera:Grass|100/100 par
|move|p2a: Hatterene|Psychic Noise|p1a: Slowking
|-damage|p1a: Slowking|73/100 par
|-start|p1a: Slowking|move: Heal Block
|
|upkeep
|turn|26
|
|t:|1781476823
|move|p2a: Hatterene|Healing Wish|p2a: Hatterene
|faint|p2a: Hatterene
|-prepare|p1a: Slowking|Chilly Reception|[premajor]
|cant|p1a: Slowking|par
|
|-end|p1a: Slowking|move: Heal Block
|upkeep
|
|t:|1781476825
|switch|p2a: Drizzy|Pelipper, F|45/100
|-heal|p2a: Drizzy|100/100|[from] move: Healing Wish
|-weather|RainDance|[from] ability: Drizzle|[of] p2a: Drizzy
|turn|27
|
|t:|1781476827
|move|p2a: Drizzy|U-turn|p1a: Slowking
|-supereffective|p1a: Slowking
|-damage|p1a: Slowking|59/100 par
|
|t:|1781476829
|switch|p2a: Iron Treads|Iron Treads|84/100|[from] U-turn
|-prepare|p1a: Slowking|Chilly Reception|[premajor]
|cant|p1a: Slowking|par
|
|-weather|RainDance|[upkeep]
|-heal|p2a: Iron Treads|90/100|[from] item: Leftovers
|upkeep
|turn|28
|
|t:|1781476850
|switch|p1a: Great Tusk|Great Tusk|83/100
|move|p2a: Iron Treads|Stealth Rock|p1a: Great Tusk
|-sidestart|p1: bigballs01|move: Stealth Rock
|
|-weather|RainDance|[upkeep]
|-heal|p2a: Iron Treads|96/100|[from] item: Leftovers
|upkeep
|turn|29
|
|t:|1781476853
|-end|p2a: Iron Treads|Quark Drive|[silent]
|switch|p2a: Drizzy|Pelipper, F|100/100
|move|p1a: Great Tusk|Rapid Spin|p2a: Drizzy
|-damage|p2a: Drizzy|82/100
|-boost|p1a: Great Tusk|spe|1
|-sideend|p1: bigballs01|Stealth Rock|[from] move: Rapid Spin|[of] p1a: Great Tusk
|
|-weather|RainDance|[upkeep]
|upkeep
|turn|30
|
|t:|1781476856
|-end|p1a: Great Tusk|Protosynthesis|[silent]
|switch|p1a: Slowking|Slowking-Galar, M, tera:Grass|92/100 par
|move|p2a: Drizzy|U-turn|p1a: Slowking
|-supereffective|p1a: Slowking
|-damage|p1a: Slowking|78/100 par
|
|t:|1781476860
|switch|p2a: Toxicroak|Toxicroak, M|100/100|[from] U-turn
|
|-weather|RainDance|[upkeep]
|upkeep
|turn|31
|
|t:|1781476864
|switch|p2a: Iron Treads|Iron Treads|96/100
|switch|p1a: Great Tusk|Great Tusk|83/100
|
|-weather|RainDance|[upkeep]
|-heal|p2a: Iron Treads|100/100|[from] item: Leftovers
|upkeep
|turn|32
|
|t:|1781476868
|move|p1a: Great Tusk|Headlong Rush|p2a: Iron Treads
|-supereffective|p2a: Iron Treads
|-damage|p2a: Iron Treads|0 fnt
|-unboost|p1a: Great Tusk|def|1
|-unboost|p1a: Great Tusk|spd|1
|faint|p2a: Iron Treads
|-end|p2a: Iron Treads|Quark Drive|[silent]
|
|-weather|RainDance|[upkeep]
|upkeep
|
|t:|1781476871
|switch|p2a: Electivire|Electivire, M|100/100
|turn|33
|
|t:|1781476876
|-end|p1a: Great Tusk|Protosynthesis|[silent]
|switch|p1a: Hatterene|Hatterene, F|59/100 par
|move|p2a: Electivire|Weather Ball|p1a: Hatterene
|-damage|p1a: Hatterene|14/100 par
|
|-weather|RainDance|[upkeep]
|upkeep
|turn|34
|
|t:|1781476881
|switch|p1a: Slowking|Slowking-Galar, M, tera:Grass|100/100 par
|move|p2a: Electivire|Thunder|p1a: Slowking
|-resisted|p1a: Slowking
|-damage|p1a: Slowking|81/100 par
|
|-weather|none
|upkeep
|turn|35
|-message|jd2sleepy forfeited.
|
|win|bigballs01
|raw|bigballs01's rating: 1625 &rarr; <strong>1649</strong><br />(+24 for winning)
|raw|jd2sleepy's rating: 1692 &rarr; <strong>1668</strong><br />(-24 for losing)
|l|☆jd2sleepy
|player|p2|
|c|☆bigballs01|ok
|l|☆bigballs01
|player|p1|
|j| Ijgrgjhfff
