|j|☆LanceStern
|j|☆wubbybubbyjr
|t:|1780981980
|gametype|singles
|player|p1|LanceStern|brock|1644
|player|p2|wubbybubbyjr|preschooler|1699
|gen|9
|tier|[Gen 9] OU
|rated|
|rule|HP Percentage Mod: HP is shown in percentages
|rule|Endless Battle Clause: Forcing endless battles is banned
|rule|Species Clause: Limit one of each Pokémon
|rule|OHKO Clause: OHKO moves are banned
|rule|Evasion Items Clause: Evasion items are banned
|rule|Evasion Moves Clause: Evasion moves are banned
|rule|Evasion Abilities Clause: Evasion abilities are banned
|rule|Sleep Moves Clause: Sleep-inducing moves are banned
|clearpoke
|poke|p1|Deoxys-Speed|
|poke|p1|Iron Moth|
|poke|p1|Samurott-Hisui, F|
|poke|p1|Great Tusk|
|poke|p1|Scizor, F|
|poke|p1|Sinistcha-Masterpiece|
|poke|p2|Darkrai|
|poke|p2|Deoxys-Speed|
|poke|p2|Gholdengo|
|poke|p2|Great Tusk|
|poke|p2|Ogerpon-Wellspring, F|
|poke|p2|Dragonite, F|
|teampreview
|inactive|Battle timer is ON: inactive players will automatically lose when time's up. (requested by wubbybubbyjr)
|inactive|LanceStern has 120 seconds left.
|
|t:|1780982011
|teamsize|p1|6
|teamsize|p2|6
|start
|switch|p1a: Scizor|Scizor, F|100/100
|switch|p2a: Lightning Mcqueen|Deoxys-Speed|100/100
|-ability|p2a: Lightning Mcqueen|Pressure
|turn|1
|
|t:|1780982014
|move|p2a: Lightning Mcqueen|Stealth Rock|p1a: Scizor
|-sidestart|p1: LanceStern|move: Stealth Rock
|move|p1a: Scizor|U-turn|p2a: Lightning Mcqueen
|-supereffective|p2a: Lightning Mcqueen
|-enditem|p2a: Lightning Mcqueen|Focus Sash
|-damage|p2a: Lightning Mcqueen|1/100
|
|t:|1780982021
|switch|p1a: Iron Moth|Iron Moth|100/100|[from] U-turn
|-damage|p1a: Iron Moth|75/100|[from] Stealth Rock
|-enditem|p1a: Iron Moth|Booster Energy
|-activate|p1a: Iron Moth|ability: Quark Drive|[fromitem]
|-start|p1a: Iron Moth|quarkdrivespe
|
|upkeep
|turn|2
|
|t:|1780982026
|move|p1a: Iron Moth|Fiery Dance|p2a: Lightning Mcqueen
|-damage|p2a: Lightning Mcqueen|0 fnt
|-boost|p1a: Iron Moth|spa|1
|faint|p2a: Lightning Mcqueen
|
|upkeep
|
|t:|1780982031
|switch|p2a: Xonks|Dragonite, F|100/100
|turn|3
|
|t:|1780982033
|move|p1a: Iron Moth|Dazzling Gleam|p2a: Xonks
|-supereffective|p2a: Xonks
|-damage|p2a: Xonks|56/100
|move|p2a: Xonks|Earthquake|p1a: Iron Moth
|-supereffective|p1a: Iron Moth
|-damage|p1a: Iron Moth|0 fnt
|faint|p1a: Iron Moth
|-end|p1a: Iron Moth|Quark Drive|[silent]
|
|upkeep
|
|t:|1780982037
|switch|p1a: Great Tusk|Great Tusk|100/100
|-damage|p1a: Great Tusk|97/100|[from] Stealth Rock
|turn|4
|
|t:|1780982041
|switch|p2a: Golden Child|Gholdengo|100/100
|move|p1a: Great Tusk|Stealth Rock|p2a: Golden Child
|-sidestart|p2: wubbybubbyjr|move: Stealth Rock
|
|upkeep
|turn|5
|
|t:|1780982047
|move|p2a: Golden Child|Make It Rain|p1a: Great Tusk
|-damage|p1a: Great Tusk|12/100
|-unboost|p2a: Golden Child|spa|1
|move|p1a: Great Tusk|Headlong Rush|p2a: Golden Child
|-supereffective|p2a: Golden Child
|-damage|p2a: Golden Child|0 fnt
|-unboost|p1a: Great Tusk|def|1
|-unboost|p1a: Great Tusk|spd|1
|faint|p2a: Golden Child
|
|upkeep
|
|t:|1780982061
|switch|p2a: Big Slappa|Great Tusk|100/100
|turn|6
|
|t:|1780982064
|-end|p1a: Great Tusk|Protosynthesis|[silent]
|switch|p1a: Sinistcha|Sinistcha-Masterpiece|100/100
|-damage|p1a: Sinistcha|88/100|[from] Stealth Rock
|move|p2a: Big Slappa|Rapid Spin|p1a: Sinistcha
|-immune|p1a: Sinistcha
|
|upkeep
|turn|7
|
|t:|1780982071
|move|p2a: Big Slappa|Knock Off|p1a: Sinistcha
|-supereffective|p1a: Sinistcha
|-damage|p1a: Sinistcha|41/100
|-enditem|p1a: Sinistcha|Covert Cloak|[from] move: Knock Off|[of] p2a: Big Slappa
|move|p1a: Sinistcha|Strength Sap|p2a: Big Slappa
|-unboost|p2a: Big Slappa|atk|1
|-heal|p1a: Sinistcha|100/100
|
|upkeep
|turn|8
|
|t:|1780982084
|-end|p2a: Big Slappa|Protosynthesis|[silent]
|switch|p2a: Sheister|Darkrai|100/100
|-damage|p2a: Sheister|88/100|[from] Stealth Rock
|move|p1a: Sinistcha|Trick Room|p1a: Sinistcha
|-fieldstart|move: Trick Room|[of] p1a: Sinistcha
|
|upkeep
|turn|9
|inactive|LanceStern has 120 seconds left.
|
|t:|1780982142
|switch|p1a: Samurott|Samurott-Hisui, F|100/100
|-damage|p1a: Samurott|88/100|[from] Stealth Rock
|move|p2a: Sheister|Dark Pulse|p1a: Samurott
|-resisted|p1a: Samurott
|-damage|p1a: Samurott|42/100
|
|upkeep
|turn|10
|
|t:|1780982150
|move|p1a: Samurott|Sacred Sword|p2a: Sheister
|-supereffective|p2a: Sheister
|-damage|p2a: Sheister|0 fnt
|faint|p2a: Sheister
|
|upkeep
|
|t:|1780982158
|switch|p2a: Big Slappa|Great Tusk|100/100
|turn|11
|
|t:|1780982163
|move|p1a: Samurott|Aqua Cutter|p2a: Big Slappa
|-supereffective|p2a: Big Slappa
|-damage|p2a: Big Slappa|34/100
|move|p2a: Big Slappa|Knock Off|p1a: Samurott
|-resisted|p1a: Samurott
|-damage|p1a: Samurott|19/100
|-enditem|p1a: Samurott|Focus Sash|[from] move: Knock Off|[of] p2a: Big Slappa
|
|upkeep
|turn|12
|-message|wubbybubbyjr forfeited.
|
|win|LanceStern
|raw|LanceStern's rating: 1644 &rarr; <strong>1667</strong><br />(+23 for winning)
|raw|wubbybubbyjr's rating: 1699 &rarr; <strong>1676</strong><br />(-23 for losing)
|l|☆wubbybubbyjr
|player|p2|
