|j|☆LowEL0God
|j|☆KurisuChestnutOU
|t:|1781136816
|gametype|singles
|player|p1|LowEL0God|265|1574
|player|p2|KurisuChestnutOU|may-contest|1516
|gen|9
|tier|[Gen 9] OU
|rated|
|rule|HP Percentage Mod: HP is shown in percentages
|rule|Endless Battle Clause: Forcing endless battles is banned
|rule|Species Clause: Limit one of each Pokémon
|rule|OHKO Clause: OHKO moves are banned
|rule|Evasion Items Clause: Evasion items are banned
|rule|Evasion Moves Clause: Evasion moves are banned
|rule|Evasion Abilities Clause: Evasion abilities are banned
|rule|Sleep Moves Clause: Sleep-inducing moves are banned
|clearpoke
|poke|p1|Pelipper, M|
|poke|p1|Torkoal, F|
|poke|p1|Walking Wake|
|poke|p1|Kyurem|
|poke|p1|Ninetales-Alola, F|
|poke|p1|Ogerpon-Wellspring, F|
|poke|p2|Gliscor, M|
|poke|p2|Dondozo, M|
|poke|p2|Slowking-Galar, F|
|poke|p2|Gholdengo|
|poke|p2|Great Tusk|
|poke|p2|Kingambit, M|
|teampreview
|c|☆LowEL0God|hf
|inactive|Battle timer is ON: inactive players will automatically lose when time's up. (requested by LowEL0God)
|
|t:|1781136820
|teamsize|p1|6
|teamsize|p2|6
|start
|switch|p1a: Ninetales|Ninetales-Alola, F|100/100
|switch|p2a: Slowking|Slowking-Galar, F|100/100
|-weather|Snowscape|[from] ability: Snow Warning|[of] p1a: Ninetales
|turn|1
|inactive|KurisuChestnutOU also wants the timer to be on.
|
|t:|1781136824
|move|p1a: Ninetales|Aurora Veil|p1a: Ninetales
|-sidestart|p1: LowEL0God|move: Aurora Veil
|move|p2a: Slowking|Sludge Bomb|p1a: Ninetales
|-supereffective|p1a: Ninetales
|-damage|p1a: Ninetales|67/100
|
|-weather|Snowscape|[upkeep]
|upkeep
|turn|2
|
|t:|1781136828
|switch|p1a: Walking Wake|Walking Wake|100/100
|move|p2a: Slowking|Future Sight|p1a: Walking Wake
|-start|p2a: Slowking|move: Future Sight
|
|-weather|Snowscape|[upkeep]
|upkeep
|turn|3
|
|t:|1781136831
|move|p1a: Walking Wake|Hydro Steam|p2a: Slowking
|-damage|p2a: Slowking|77/100
|move|p2a: Slowking|Sludge Bomb|p1a: Walking Wake
|-damage|p1a: Walking Wake|80/100
|-status|p1a: Walking Wake|psn
|
|-weather|Snowscape|[upkeep]
|-damage|p1a: Walking Wake|68/100 psn|[from] psn
|upkeep
|turn|4
|
|t:|1781136838
|move|p1a: Walking Wake|Hydro Steam|p2a: Slowking
|-damage|p2a: Slowking|51/100
|move|p2a: Slowking|Sludge Bomb|p1a: Walking Wake
|-damage|p1a: Walking Wake|49/100 psn
|
|-weather|Snowscape|[upkeep]
|-end|p1a: Walking Wake|move: Future Sight
|-damage|p1a: Walking Wake|23/100 psn
|-damage|p1a: Walking Wake|10/100 psn|[from] psn
|upkeep
|turn|5
|
|t:|1781136842
|-end|p1a: Walking Wake|Protosynthesis|[silent]
|switch|p1a: Ninetales|Ninetales-Alola, F|67/100
|move|p2a: Slowking|Future Sight|p1a: Ninetales
|-start|p2a: Slowking|move: Future Sight
|
|-weather|Snowscape|[upkeep]
|-sideend|p1: LowEL0God|move: Aurora Veil
|upkeep
|turn|6
|
|t:|1781136848
|move|p1a: Ninetales|Aurora Veil|p1a: Ninetales
|-sidestart|p1: LowEL0God|move: Aurora Veil
|move|p2a: Slowking|Sludge Bomb|p1a: Ninetales
|-supereffective|p1a: Ninetales
|-damage|p1a: Ninetales|34/100
|
|-weather|Snowscape|[upkeep]
|upkeep
|turn|7
|
|t:|1781136855
|switch|p1a: Walking Wake|Walking Wake|10/100 psn
|move|p2a: Slowking|Psyshock|p1a: Walking Wake
|-damage|p1a: Walking Wake|0 fnt
|faint|p1a: Walking Wake
|-end|p1a: Walking Wake|Protosynthesis|[silent]
|
|-weather|Snowscape|[upkeep]
|-hint|Future Sight did not hit because the target is fainted.
|upkeep
|
|t:|1781136855
|switch|p1a: Hurricane Spam|Pelipper, M, shiny|100/100
|-weather|RainDance|[from] ability: Drizzle|[of] p1a: Hurricane Spam
|turn|8
|
|t:|1781136862
|move|p1a: Hurricane Spam|Weather Ball|p2a: Slowking
|-damage|p2a: Slowking|12/100
|move|p2a: Slowking|Sludge Bomb|p1a: Hurricane Spam
|-damage|p1a: Hurricane Spam|75/100
|
|-weather|RainDance|[upkeep]
|upkeep
|turn|9
|
|t:|1781136868
|switch|p2a: Dondozo|Dondozo, M|100/100
|move|p1a: Hurricane Spam|Weather Ball|p2a: Dondozo
|-resisted|p2a: Dondozo
|-damage|p2a: Dondozo|52/100
|
|-weather|RainDance|[upkeep]
|-heal|p2a: Dondozo|58/100|[from] item: Leftovers
|upkeep
|turn|10
|
|t:|1781136871
|move|p1a: Hurricane Spam|Weather Ball|p2a: Dondozo
|-resisted|p2a: Dondozo
|-damage|p2a: Dondozo|8/100
|move|p2a: Dondozo|Rest|p2a: Dondozo
|-status|p2a: Dondozo|slp|[from] move: Rest
|-heal|p2a: Dondozo|100/100 slp|[silent]
|
|-weather|RainDance|[upkeep]
|-sideend|p1: LowEL0God|move: Aurora Veil
|upkeep
|turn|11
|
|t:|1781136875
|move|p1a: Hurricane Spam|Weather Ball|p2a: Dondozo
|-resisted|p2a: Dondozo
|-damage|p2a: Dondozo|51/100 slp
|cant|p2a: Dondozo|slp
|move|p2a: Dondozo|Sleep Talk|p2a: Dondozo
|move|p2a: Dondozo|Body Press|p1a: Hurricane Spam|[from] move: Sleep Talk
|-resisted|p1a: Hurricane Spam
|-damage|p1a: Hurricane Spam|62/100
|
|-weather|RainDance|[upkeep]
|-heal|p2a: Dondozo|57/100 slp|[from] item: Leftovers
|upkeep
|turn|12
|
|t:|1781136880
|move|p1a: Hurricane Spam|Weather Ball|p2a: Dondozo
|-resisted|p2a: Dondozo
|-damage|p2a: Dondozo|9/100 slp
|cant|p2a: Dondozo|slp
|move|p2a: Dondozo|Sleep Talk|p2a: Dondozo
|move|p2a: Dondozo|Body Press|p1a: Hurricane Spam|[from] move: Sleep Talk
|-resisted|p1a: Hurricane Spam
|-damage|p1a: Hurricane Spam|48/100
|
|-weather|none
|-heal|p2a: Dondozo|15/100 slp|[from] item: Leftovers
|upkeep
|turn|13
|
|t:|1781136884
|switch|p1a: Ninetales|Ninetales-Alola, F|34/100
|-weather|Snowscape|[from] ability: Snow Warning|[of] p1a: Ninetales
|-curestatus|p2a: Dondozo|slp|[msg]
|move|p2a: Dondozo|Rest|p2a: Dondozo
|-status|p2a: Dondozo|slp|[from] move: Rest
|-heal|p2a: Dondozo|100/100 slp|[silent]
|
|-weather|Snowscape|[upkeep]
|upkeep
|turn|14
|
|t:|1781136887
|switch|p2a: Slowking|Slowking-Galar, F|45/100
|move|p1a: Ninetales|Aurora Veil|p1a: Ninetales
|-sidestart|p1: LowEL0God|move: Aurora Veil
|
|-weather|Snowscape|[upkeep]
|upkeep
|turn|15
|
|t:|1781136890
|switch|p1a: Hurricane Spam|Pelipper, M, shiny|48/100
|-weather|RainDance|[from] ability: Drizzle|[of] p1a: Hurricane Spam
|move|p2a: Slowking|Future Sight|p1a: Hurricane Spam
|-start|p2a: Slowking|move: Future Sight
|
|-weather|RainDance|[upkeep]
|upkeep
|turn|16
|
|t:|1781136895
|switch|p2a: Dondozo|Dondozo, M|100/100 slp
|move|p1a: Hurricane Spam|Weather Ball|p2a: Dondozo
|-resisted|p2a: Dondozo
|-damage|p2a: Dondozo|56/100 slp
|
|-weather|RainDance|[upkeep]
|-heal|p2a: Dondozo|62/100 slp|[from] item: Leftovers
|upkeep
|turn|17
|
|t:|1781136900
|switch|p2a: Slowking|Slowking-Galar, F|78/100
|move|p1a: Hurricane Spam|Weather Ball|p2a: Slowking
|-damage|p2a: Slowking|41/100
|
|-weather|RainDance|[upkeep]
|-end|p1a: Hurricane Spam|move: Future Sight
|-damage|p1a: Hurricane Spam|13/100
|upkeep
|turn|18
|
|t:|1781136907
|switch|p2a: Dondozo|Dondozo, M|62/100 slp
|move|p1a: Hurricane Spam|Weather Ball|p2a: Dondozo
|-resisted|p2a: Dondozo
|-damage|p2a: Dondozo|16/100 slp
|
|-weather|RainDance|[upkeep]
|-heal|p2a: Dondozo|22/100 slp|[from] item: Leftovers
|-sideend|p1: LowEL0God|move: Aurora Veil
|upkeep
|turn|19
|
|t:|1781136913
|switch|p1a: Ninetales|Ninetales-Alola, F|34/100
|-weather|Snowscape|[from] ability: Snow Warning|[of] p1a: Ninetales
|cant|p2a: Dondozo|slp
|move|p2a: Dondozo|Sleep Talk|p2a: Dondozo
|move|p2a: Dondozo|Wave Crash|p1a: Ninetales|[from] move: Sleep Talk
|-damage|p1a: Ninetales|0 fnt
|faint|p1a: Ninetales
|-damage|p2a: Dondozo|14/100 slp|[from] Recoil
|
|-weather|Snowscape|[upkeep]
|-heal|p2a: Dondozo|20/100 slp|[from] item: Leftovers
|upkeep
|
|t:|1781136913
|switch|p1a: Hurricane Spam|Pelipper, M, shiny|13/100
|-weather|RainDance|[from] ability: Drizzle|[of] p1a: Hurricane Spam
|turn|20
|
|t:|1781136918
|move|p1a: Hurricane Spam|Weather Ball|p2a: Dondozo
|-resisted|p2a: Dondozo
|-damage|p2a: Dondozo|0 fnt
|faint|p2a: Dondozo
|
|-weather|RainDance|[upkeep]
|upkeep
|
|t:|1781136924
|switch|p2a: Great Tusk|Great Tusk|100/100
|turn|21
|
|t:|1781136930
|move|p2a: Great Tusk|Rapid Spin|p1a: Hurricane Spam
|-damage|p1a: Hurricane Spam|0 fnt
|-boost|p2a: Great Tusk|spe|1
|faint|p1a: Hurricane Spam
|
|-weather|RainDance|[upkeep]
|upkeep
|
|t:|1781136931
|switch|p1a: Ogerpon|Ogerpon-Wellspring, F|100/100
|turn|22
|
|t:|1781136938
|-terastallize|p2a: Great Tusk|Ice
|move|p2a: Great Tusk|Ice Spinner|p1a: Ogerpon
|-damage|p1a: Ogerpon|48/100
|move|p1a: Ogerpon|Ivy Cudgel|p2a: Great Tusk|[anim] Ivy Cudgel Water
|-damage|p2a: Great Tusk|39/100
|
|-weather|RainDance|[upkeep]
|upkeep
|turn|23
|
|t:|1781136942
|move|p2a: Great Tusk|Ice Spinner|p1a: Ogerpon
|-damage|p1a: Ogerpon|0 fnt
|faint|p1a: Ogerpon
|
|-weather|RainDance|[upkeep]
|upkeep
|
|t:|1781136943
|switch|p1a: Torkoal|Torkoal, F|100/100
|-weather|SunnyDay|[from] ability: Drought|[of] p1a: Torkoal
|-activate|p2a: Great Tusk|ability: Protosynthesis
|-start|p2a: Great Tusk|protosynthesisspe
|turn|24
|
|t:|1781136949
|move|p2a: Great Tusk|Headlong Rush|p1a: Torkoal
|-supereffective|p1a: Torkoal
|-damage|p1a: Torkoal|23/100
|-unboost|p2a: Great Tusk|def|1
|-unboost|p2a: Great Tusk|spd|1
|move|p1a: Torkoal|Lava Plume|p2a: Great Tusk
|-supereffective|p2a: Great Tusk
|-damage|p2a: Great Tusk|0 fnt
|faint|p2a: Great Tusk
|-end|p2a: Great Tusk|Protosynthesis|[silent]
|
|-weather|SunnyDay|[upkeep]
|upkeep
|
|t:|1781136955
|switch|p2a: Gholdengo|Gholdengo|100/100
|-item|p2a: Gholdengo|Air Balloon
|turn|25
|
|t:|1781136960
|switch|p1a: Kyurem|Kyurem|100/100
|-ability|p1a: Kyurem|Pressure
|move|p2a: Gholdengo|Shadow Ball|p1a: Kyurem
|-damage|p1a: Kyurem|57/100
|-unboost|p1a: Kyurem|spd|1
|
|-weather|SunnyDay|[upkeep]
|upkeep
|turn|26
|
|t:|1781136964
|switch|p1a: Torkoal|Torkoal, F|23/100
|move|p2a: Gholdengo|Shadow Ball|p1a: Torkoal
|-damage|p1a: Torkoal|0 fnt
|faint|p1a: Torkoal
|
|-weather|SunnyDay|[upkeep]
|upkeep
|
|t:|1781136965
|switch|p1a: Kyurem|Kyurem|57/100
|-ability|p1a: Kyurem|Pressure
|turn|27
|
|t:|1781136968
|move|p1a: Kyurem|Freeze-Dry|p2a: Gholdengo
|-resisted|p2a: Gholdengo
|-damage|p2a: Gholdengo|78/100
|-enditem|p2a: Gholdengo|Air Balloon
|move|p2a: Gholdengo|Make It Rain|p1a: Kyurem
|-supereffective|p1a: Kyurem
|-damage|p1a: Kyurem|0 fnt
|-unboost|p2a: Gholdengo|spa|1
|faint|p1a: Kyurem
|
|win|KurisuChestnutOU
|raw|LowEL0God's rating: 1574 &rarr; <strong>1551</strong><br />(-23 for losing)
|raw|KurisuChestnutOU's rating: 1519 &rarr; <strong>1542</strong><br />(+23 for winning)
