|j|☆michealjackkson
|j|☆thebambi1234
|t:|1781009756
|gametype|singles
|player|p1|michealjackkson|hilbert|1524
|player|p2|thebambi1234|blackbelt-gen4dp|1605
|gen|9
|tier|[Gen 9] OU
|rated|
|rule|HP Percentage Mod: HP is shown in percentages
|rule|Endless Battle Clause: Forcing endless battles is banned
|rule|Species Clause: Limit one of each Pokémon
|rule|OHKO Clause: OHKO moves are banned
|rule|Evasion Items Clause: Evasion items are banned
|rule|Evasion Moves Clause: Evasion moves are banned
|rule|Evasion Abilities Clause: Evasion abilities are banned
|rule|Sleep Moves Clause: Sleep-inducing moves are banned
|clearpoke
|poke|p1|Dragapult, F|
|poke|p1|Hatterene, F|
|poke|p1|Corviknight, M|
|poke|p1|Iron Moth|
|poke|p1|Ting-Lu|
|poke|p1|Chesnaught, M|
|poke|p2|Gliscor, M|
|poke|p2|Corviknight, F|
|poke|p2|Dondozo, M|
|poke|p2|Blissey, F|
|poke|p2|Weezing-Galar, M|
|poke|p2|Garganacl, F|
|teampreview
|inactive|Battle timer is ON: inactive players will automatically lose when time's up. (requested by thebambi1234)
|inactive|michealjackkson has 120 seconds left.
|
|t:|1781009789
|teamsize|p1|6
|teamsize|p2|6
|start
|switch|p1a: Hatterene|Hatterene, F|100/100
|switch|p2a: Garganacl|Garganacl, F, shiny|100/100
|turn|1
|
|t:|1781009809
|move|p2a: Garganacl|Salt Cure|p1a: Hatterene
|-damage|p1a: Hatterene|90/100
|-start|p1a: Hatterene|Salt Cure
|move|p1a: Hatterene|Calm Mind|p1a: Hatterene
|-boost|p1a: Hatterene|spa|1
|-boost|p1a: Hatterene|spd|1
|
|-heal|p1a: Hatterene|96/100|[from] item: Leftovers
|-damage|p1a: Hatterene|84/100|[from] Salt Cure
|upkeep
|turn|2
|
|t:|1781009829
|switch|p2a: Dondozo|Dondozo, M|100/100
|move|p1a: Hatterene|Calm Mind|p1a: Hatterene
|-boost|p1a: Hatterene|spa|1
|-boost|p1a: Hatterene|spd|1
|
|-heal|p1a: Hatterene|89/100|[from] item: Leftovers
|-damage|p1a: Hatterene|77/100|[from] Salt Cure
|upkeep
|turn|3
|
|t:|1781009836
|move|p2a: Dondozo|Waterfall|p1a: Hatterene
|-damage|p1a: Hatterene|56/100
|move|p1a: Hatterene|Draining Kiss|p2a: Dondozo
|-damage|p2a: Dondozo|80/100
|-heal|p1a: Hatterene|81/100|[from] drain|[of] p2a: Dondozo
|
|-heal|p2a: Dondozo|86/100|[from] item: Leftovers
|-heal|p1a: Hatterene|87/100|[from] item: Leftovers
|-damage|p1a: Hatterene|75/100|[from] Salt Cure
|upkeep
|turn|4
|
|t:|1781009847
|switch|p1a: Chesnaught|Chesnaught, M|100/100
|move|p2a: Dondozo|Waterfall|p1a: Chesnaught
|-resisted|p1a: Chesnaught
|-damage|p1a: Chesnaught|93/100
|
|-heal|p1a: Chesnaught|99/100|[from] item: Leftovers
|-heal|p2a: Dondozo|92/100|[from] item: Leftovers
|upkeep
|turn|5
|
|t:|1781009854
|switch|p2a: Corviknight|Corviknight, F|100/100
|-ability|p2a: Corviknight|Pressure
|move|p1a: Chesnaught|Knock Off|p2a: Corviknight
|-damage|p2a: Corviknight|87/100
|-damage|p1a: Chesnaught|82/100|[from] item: Rocky Helmet|[of] p2a: Corviknight
|-enditem|p2a: Corviknight|Rocky Helmet|[from] move: Knock Off|[of] p1a: Chesnaught
|
|-heal|p1a: Chesnaught|88/100|[from] item: Leftovers
|upkeep
|turn|6
|
|t:|1781009862
|switch|p1a: Corviknight|Corviknight, M|100/100
|-ability|p1a: Corviknight|Pressure
|move|p2a: Corviknight|U-turn|p1a: Corviknight
|-resisted|p1a: Corviknight
|-damage|p1a: Corviknight|98/100
|-damage|p2a: Corviknight|70/100|[from] item: Rocky Helmet|[of] p1a: Corviknight
|
|t:|1781009865
|switch|p2a: Garganacl|Garganacl, F, shiny|100/100|[from] U-turn
|
|upkeep
|turn|7
|
|t:|1781009870
|move|p1a: Corviknight|U-turn|p2a: Garganacl
|-crit|p2a: Garganacl
|-damage|p2a: Garganacl|85/100
|
|t:|1781009873
|switch|p1a: Hatterene|Hatterene, F|75/100|[from] U-turn
|move|p2a: Garganacl|Stealth Rock|p1a: Hatterene
|move|p1a: Hatterene|Stealth Rock|p2a: Garganacl|[from] ability: Magic Bounce
|-sidestart|p2: thebambi1234|move: Stealth Rock
|
|-heal|p2a: Garganacl|91/100|[from] item: Leftovers
|-heal|p1a: Hatterene|81/100|[from] item: Leftovers
|upkeep
|turn|8
|
|t:|1781009879
|move|p2a: Garganacl|Salt Cure|p1a: Hatterene
|-damage|p1a: Hatterene|70/100
|-start|p1a: Hatterene|Salt Cure
|move|p1a: Hatterene|Calm Mind|p1a: Hatterene
|-boost|p1a: Hatterene|spa|1
|-boost|p1a: Hatterene|spd|1
|
|-heal|p2a: Garganacl|97/100|[from] item: Leftovers
|-heal|p1a: Hatterene|76/100|[from] item: Leftovers
|-damage|p1a: Hatterene|63/100|[from] Salt Cure
|upkeep
|turn|9
|
|t:|1781009882
|switch|p2a: Gliscor|Gliscor, M, shiny|100/100
|-damage|p2a: Gliscor|88/100|[from] Stealth Rock
|move|p1a: Hatterene|Pain Split|p2a: Gliscor
|-sethp|p2a: Gliscor|73/100|[from] move: Pain Split|[silent]
|-sethp|p1a: Hatterene|81/100|[from] move: Pain Split
|
|-heal|p1a: Hatterene|87/100|[from] item: Leftovers
|-damage|p1a: Hatterene|74/100|[from] Salt Cure
|-status|p2a: Gliscor|tox|[from] item: Toxic Orb
|upkeep
|turn|10
|
|t:|1781009886
|move|p2a: Gliscor|Protect|p2a: Gliscor
|-singleturn|p2a: Gliscor|Protect
|move|p1a: Hatterene|Calm Mind|p1a: Hatterene
|-boost|p1a: Hatterene|spa|1
|-boost|p1a: Hatterene|spd|1
|
|-heal|p1a: Hatterene|80/100|[from] item: Leftovers
|-heal|p2a: Gliscor|85/100 tox|[from] ability: Poison Heal
|-damage|p1a: Hatterene|68/100|[from] Salt Cure
|upkeep
|turn|11
|
|t:|1781009890
|move|p2a: Gliscor|Knock Off|p1a: Hatterene
|-damage|p1a: Hatterene|51/100
|-enditem|p1a: Hatterene|Leftovers|[from] move: Knock Off|[of] p2a: Gliscor
|move|p1a: Hatterene|Draining Kiss|p2a: Gliscor
|-damage|p2a: Gliscor|35/100 tox
|-heal|p1a: Hatterene|93/100|[from] drain|[of] p2a: Gliscor
|
|-heal|p2a: Gliscor|47/100 tox|[from] ability: Poison Heal
|-damage|p1a: Hatterene|81/100|[from] Salt Cure
|upkeep
|turn|12
|
|t:|1781009896
|move|p2a: Gliscor|Protect|p2a: Gliscor
|-singleturn|p2a: Gliscor|Protect
|move|p1a: Hatterene|Calm Mind|p1a: Hatterene
|-boost|p1a: Hatterene|spa|1
|-boost|p1a: Hatterene|spd|1
|
|-heal|p2a: Gliscor|60/100 tox|[from] ability: Poison Heal
|-damage|p1a: Hatterene|69/100|[from] Salt Cure
|upkeep
|turn|13
|
|t:|1781009899
|switch|p2a: Dondozo|Dondozo, M|92/100
|-damage|p2a: Dondozo|80/100|[from] Stealth Rock
|move|p1a: Hatterene|Draining Kiss|p2a: Dondozo
|-damage|p2a: Dondozo|59/100
|-heal|p1a: Hatterene|94/100|[from] drain|[of] p2a: Dondozo
|
|-heal|p2a: Dondozo|65/100|[from] item: Leftovers
|-damage|p1a: Hatterene|82/100|[from] Salt Cure
|upkeep
|turn|14
|
|t:|1781009915
|move|p2a: Dondozo|Waterfall|p1a: Hatterene
|-damage|p1a: Hatterene|59/100
|move|p1a: Hatterene|Nuzzle|p2a: Dondozo
|-supereffective|p2a: Dondozo
|-damage|p2a: Dondozo|60/100
|-status|p2a: Dondozo|par
|
|-heal|p2a: Dondozo|67/100 par|[from] item: Leftovers
|-damage|p1a: Hatterene|46/100|[from] Salt Cure
|upkeep
|turn|15
|
|t:|1781009922
|move|p1a: Hatterene|Pain Split|p2a: Dondozo
|-sethp|p2a: Dondozo|48/100 par|[from] move: Pain Split|[silent]
|-sethp|p1a: Hatterene|76/100|[from] move: Pain Split
|move|p2a: Dondozo|Waterfall|p1a: Hatterene
|-damage|p1a: Hatterene|55/100
|
|-heal|p2a: Dondozo|54/100 par|[from] item: Leftovers
|-damage|p1a: Hatterene|43/100|[from] Salt Cure
|upkeep
|turn|16
|
|t:|1781009929
|move|p1a: Hatterene|Draining Kiss|p2a: Dondozo
|-damage|p2a: Dondozo|32/100 par
|-heal|p1a: Hatterene|69/100|[from] drain|[of] p2a: Dondozo
|cant|p2a: Dondozo|par
|
|-heal|p2a: Dondozo|38/100 par|[from] item: Leftovers
|-damage|p1a: Hatterene|56/100|[from] Salt Cure
|upkeep
|turn|17
|
|t:|1781009936
|move|p1a: Hatterene|Draining Kiss|p2a: Dondozo
|-damage|p2a: Dondozo|15/100 par
|-heal|p1a: Hatterene|84/100|[from] drain|[of] p2a: Dondozo
|cant|p2a: Dondozo|par
|
|-heal|p2a: Dondozo|21/100 par|[from] item: Leftovers
|-damage|p1a: Hatterene|72/100|[from] Salt Cure
|upkeep
|turn|18
|c|☆thebambi1234|2 in a row is ttagic
|c|☆thebambi1234|tragic
|c|☆michealjackkson|agreed
|c|☆thebambi1234|the universe doesnt want me to rest
|-message|thebambi1234 forfeited.
|
|win|michealjackkson
|raw|michealjackkson's rating: 1524 &rarr; <strong>1549</strong><br />(+25 for winning)
|raw|thebambi1234's rating: 1605 &rarr; <strong>1580</strong><br />(-25 for losing)
|l|☆thebambi1234
|player|p2|
|c|☆michealjackkson|why
