|j|☆blueisnoob
|j|☆Liaoa
|t:|1781140439
|gametype|singles
|player|p1|blueisnoob|265|1625
|player|p2|Liaoa|bellelba|1620
|gen|9
|tier|[Gen 9] OU
|rated|
|rule|HP Percentage Mod: HP is shown in percentages
|rule|Endless Battle Clause: Forcing endless battles is banned
|rule|Species Clause: Limit one of each Pokémon
|rule|OHKO Clause: OHKO moves are banned
|rule|Evasion Items Clause: Evasion items are banned
|rule|Evasion Moves Clause: Evasion moves are banned
|rule|Evasion Abilities Clause: Evasion abilities are banned
|rule|Sleep Moves Clause: Sleep-inducing moves are banned
|clearpoke
|poke|p1|Zamazenta-*|
|poke|p1|Ogerpon-Wellspring, F|
|poke|p1|Slowking-Galar, F|
|poke|p1|Great Tusk|
|poke|p1|Kingambit, M|
|poke|p1|Zapdos|
|poke|p2|Clefable, M|
|poke|p2|Dondozo, M|
|poke|p2|Alomomola, M|
|poke|p2|Ting-Lu|
|poke|p2|Skeledirge, F|
|poke|p2|Corviknight, M|
|teampreview
|inactive|Battle timer is ON: inactive players will automatically lose when time's up. (requested by blueisnoob)
|
|t:|1781140452
|teamsize|p1|6
|teamsize|p2|6
|start
|switch|p1a: Ogerpon|Ogerpon-Wellspring, F|100/100
|switch|p2a: Clefable|Clefable, M|100/100
|turn|1
|
|t:|1781140458
|switch|p2a: Corviknight|Corviknight, M|100/100
|-terastallize|p1a: Ogerpon|Water
|detailschange|p1a: Ogerpon|Ogerpon-Wellspring-Tera, F, tera:Water
|-ability|p1a: Ogerpon|Embody Aspect (Wellspring)|boost
|-boost|p1a: Ogerpon|spd|1
|move|p1a: Ogerpon|Ivy Cudgel|p2a: Corviknight|[anim] Ivy Cudgel Water
|-damage|p2a: Corviknight|25/100
|
|upkeep
|turn|2
|
|t:|1781140462
|move|p2a: Corviknight|Brave Bird|p1a: Ogerpon
|-damage|p1a: Ogerpon|43/100
|-damage|p2a: Corviknight|8/100|[from] Recoil
|move|p1a: Ogerpon|Ivy Cudgel|p2a: Corviknight|[anim] Ivy Cudgel Water
|-damage|p2a: Corviknight|0 fnt
|faint|p2a: Corviknight
|
|upkeep
|
|t:|1781140471
|switch|p2a: Clefable|Clefable, M|100/100
|turn|3
|
|t:|1781140474
|move|p2a: Clefable|Moonblast|p1a: Ogerpon
|-damage|p1a: Ogerpon|10/100
|-unboost|p1a: Ogerpon|spa|1
|move|p1a: Ogerpon|Ivy Cudgel|p2a: Clefable|[anim] Ivy Cudgel Water
|-crit|p2a: Clefable
|-damage|p2a: Clefable|0 fnt
|faint|p2a: Clefable
|
|upkeep
|
|t:|1781140485
|switch|p2a: Skeledirge|Skeledirge, F|100/100
|turn|4
|
|t:|1781140489
|switch|p1a: Zapdos|Zapdos|100/100
|move|p2a: Skeledirge|Torch Song|p1a: Zapdos
|-damage|p1a: Zapdos|64/100
|-boost|p2a: Skeledirge|spa|1
|
|upkeep
|turn|5
|
|t:|1781140492
|move|p2a: Skeledirge|Torch Song|p1a: Zapdos
|-damage|p1a: Zapdos|9/100
|-boost|p2a: Skeledirge|spa|1
|move|p1a: Zapdos|Thunder Wave|p2a: Skeledirge
|-status|p2a: Skeledirge|par
|
|upkeep
|turn|6
|
|t:|1781140502
|switch|p1a: Slowking|Slowking-Galar, F|100/100
|move|p2a: Skeledirge|Torch Song|p1a: Slowking
|-damage|p1a: Slowking|61/100
|-boost|p2a: Skeledirge|spa|1
|
|upkeep
|turn|7
|
|t:|1781140510
|switch|p1a: Great Tusk|Great Tusk, shiny|100/100
|move|p2a: Skeledirge|Torch Song|p1a: Great Tusk
|-damage|p1a: Great Tusk|0 fnt
|-boost|p2a: Skeledirge|spa|1
|faint|p1a: Great Tusk
|-end|p1a: Great Tusk|Protosynthesis|[silent]
|
|upkeep
|
|t:|1781140513
|switch|p1a: Ogerpon|Ogerpon-Wellspring-Tera, F, tera:Water|10/100
|-ability|p1a: Ogerpon|Embody Aspect (Wellspring)|boost
|-boost|p1a: Ogerpon|spd|1
|turn|8
|
|t:|1781140521
|switch|p2a: Alomomola|Alomomola, M|100/100
|move|p1a: Ogerpon|Ivy Cudgel|p2a: Alomomola|[anim] Ivy Cudgel Water
|-resisted|p2a: Alomomola
|-damage|p2a: Alomomola|68/100
|
|upkeep
|turn|9
|
|t:|1781140529
|move|p2a: Alomomola|Aqua Jet|p1a: Ogerpon
|-resisted|p1a: Ogerpon
|-damage|p1a: Ogerpon|0 fnt
|faint|p1a: Ogerpon
|detailschange|p1: Ogerpon|Ogerpon-Wellspring, F|[silent]
|
|upkeep
|
|t:|1781140537
|switch|p1a: Slowking|Slowking-Galar, F|94/100
|turn|10
|
|t:|1781140541
|switch|p2a: Ting-Lu|Ting-Lu|100/100
|-ability|p2a: Ting-Lu|Vessel of Ruin
|move|p1a: Slowking|Sludge Bomb|p2a: Ting-Lu
|-resisted|p2a: Ting-Lu
|-damage|p2a: Ting-Lu|88/100
|
|upkeep
|turn|11
|
|t:|1781140544
|switch|p1a: Kingambit|Kingambit, M|100/100
|-activate|p1a: Kingambit|ability: Supreme Overlord
|-start|p1a: Kingambit|fallen2|[silent]
|move|p2a: Ting-Lu|Earthquake|p1a: Kingambit
|-supereffective|p1a: Kingambit
|-damage|p1a: Kingambit|18/100
|
|-heal|p1a: Kingambit|24/100|[from] item: Leftovers
|upkeep
|turn|12
|
|t:|1781140548
|move|p1a: Kingambit|Low Kick|p2a: Ting-Lu
|-supereffective|p2a: Ting-Lu
|-damage|p2a: Ting-Lu|29/100
|move|p2a: Ting-Lu|Stealth Rock|p1a: Kingambit
|-sidestart|p1: blueisnoob|move: Stealth Rock
|
|-heal|p1a: Kingambit|30/100|[from] item: Leftovers
|upkeep
|turn|13
|
|t:|1781140552
|switch|p2a: Alomomola|Alomomola, M|100/100
|move|p1a: Kingambit|Low Kick|p2a: Alomomola
|-damage|p2a: Alomomola|78/100
|
|-heal|p1a: Kingambit|36/100|[from] item: Leftovers
|upkeep
|turn|14
|
|t:|1781140556
|move|p2a: Alomomola|Flip Turn|p1a: Kingambit
|-damage|p1a: Kingambit|10/100
|
|t:|1781140565
|switch|p2a: Ting-Lu|Ting-Lu|29/100|[from] Flip Turn
|-ability|p2a: Ting-Lu|Vessel of Ruin
|move|p1a: Kingambit|Swords Dance|p1a: Kingambit
|-boost|p1a: Kingambit|atk|2
|
|-heal|p1a: Kingambit|16/100|[from] item: Leftovers
|upkeep
|turn|15
|
|t:|1781140570
|switch|p2a: Dondozo|Dondozo, M|100/100
|move|p1a: Kingambit|Low Kick|p2a: Dondozo
|-damage|p2a: Dondozo|69/100
|
|-heal|p1a: Kingambit|22/100|[from] item: Leftovers
|upkeep
|turn|16
|
|t:|1781140573
|move|p1a: Kingambit|Kowtow Cleave|p2a: Dondozo
|-damage|p2a: Dondozo|30/100
|move|p2a: Dondozo|Liquidation|p1a: Kingambit
|-damage|p1a: Kingambit|0 fnt
|faint|p1a: Kingambit
|-end|p1a: Kingambit|fallen2|[silent]
|
|upkeep
|
|t:|1781140578
|switch|p1a: Zapdos|Zapdos|9/100
|turn|17
|
|t:|1781140579
|move|p1a: Zapdos|Volt Switch|p2a: Dondozo
|-supereffective|p2a: Dondozo
|-damage|p2a: Dondozo|0 fnt
|faint|p2a: Dondozo
|
|t:|1781140582
|switch|p1a: Slowking|Slowking-Galar, F|100/100|[from] Volt Switch
|-damage|p1a: Slowking|88/100|[from] Stealth Rock
|
|upkeep
|
|t:|1781140584
|switch|p2a: Ting-Lu|Ting-Lu|29/100
|-ability|p2a: Ting-Lu|Vessel of Ruin
|turn|18
|
|t:|1781140588
|move|p2a: Ting-Lu|Earthquake|p1a: Slowking
|-supereffective|p1a: Slowking
|-damage|p1a: Slowking|0 fnt
|faint|p1a: Slowking
|
|upkeep
|
|t:|1781140590
|switch|p1a: Zamazenta|Zamazenta|100/100
|-damage|p1a: Zamazenta|94/100|[from] Stealth Rock
|-ability|p1a: Zamazenta|Dauntless Shield|boost
|-boost|p1a: Zamazenta|def|1
|turn|19
|
|t:|1781140593
|move|p1a: Zamazenta|Close Combat|p2a: Ting-Lu
|-supereffective|p2a: Ting-Lu
|-damage|p2a: Ting-Lu|0 fnt
|-unboost|p1a: Zamazenta|def|1
|-unboost|p1a: Zamazenta|spd|1
|faint|p2a: Ting-Lu
|
|upkeep
|
|t:|1781140595
|switch|p2a: Skeledirge|Skeledirge, F|100/100 par
|turn|20
|
|t:|1781140598
|-terastallize|p2a: Skeledirge|Fairy
|move|p1a: Zamazenta|Crunch|p2a: Skeledirge
|-resisted|p2a: Skeledirge
|-damage|p2a: Skeledirge|88/100 par
|move|p2a: Skeledirge|Alluring Voice|p1a: Zamazenta
|-supereffective|p1a: Zamazenta
|-damage|p1a: Zamazenta|19/100
|
|upkeep
|turn|21
|
|t:|1781140604
|move|p1a: Zamazenta|Stone Edge|p2a: Skeledirge
|-crit|p2a: Skeledirge
|-damage|p2a: Skeledirge|36/100 par
|move|p2a: Skeledirge|Alluring Voice|p1a: Zamazenta
|-supereffective|p1a: Zamazenta
|-damage|p1a: Zamazenta|0 fnt
|faint|p1a: Zamazenta
|
|upkeep
|
|t:|1781140609
|switch|p1a: Zapdos|Zapdos|9/100
|turn|22
|
|t:|1781140610
|move|p1a: Zapdos|Roost|p1a: Zapdos
|-heal|p1a: Zapdos|60/100
|-singleturn|p1a: Zapdos|move: Roost
|cant|p2a: Skeledirge|par
|
|upkeep
|turn|23
|
|t:|1781140613
|move|p1a: Zapdos|Hurricane|p2a: Skeledirge|[miss]
|-miss|p1a: Zapdos|p2a: Skeledirge
|move|p2a: Skeledirge|Alluring Voice|p1a: Zapdos
|-damage|p1a: Zapdos|25/100
|
|upkeep
|turn|24
|
|t:|1781140619
|move|p1a: Zapdos|Roost|p1a: Zapdos
|-heal|p1a: Zapdos|75/100
|-singleturn|p1a: Zapdos|move: Roost
|move|p2a: Skeledirge|Alluring Voice|p1a: Zapdos
|-damage|p1a: Zapdos|37/100
|
|upkeep
|turn|25
|
|t:|1781140627
|switch|p2a: Alomomola|Alomomola, M|100/100
|move|p1a: Zapdos|Roost|p1a: Zapdos
|-heal|p1a: Zapdos|87/100
|-singleturn|p1a: Zapdos|move: Roost
|
|upkeep
|turn|26
|
|t:|1781140631
|move|p1a: Zapdos|Thunder Wave|p2a: Alomomola
|-status|p2a: Alomomola|par
|move|p2a: Alomomola|Flip Turn|p1a: Zapdos
|-damage|p1a: Zapdos|58/100
|
|t:|1781140636
|switch|p2a: Skeledirge|Skeledirge, F, tera:Fairy|36/100 par|[from] Flip Turn
|
|upkeep
|turn|27
|
|t:|1781140639
|move|p1a: Zapdos|Hurricane|p2a: Skeledirge
|-damage|p2a: Skeledirge|0 fnt
|faint|p2a: Skeledirge
|
|upkeep
|-message|Liaoa forfeited.
|
|win|blueisnoob
|raw|blueisnoob's rating: 1625 &rarr; <strong>1645</strong><br />(+20 for winning)
|raw|Liaoa's rating: 1620 &rarr; <strong>1600</strong><br />(-20 for losing)
|l|☆Liaoa
|player|p2|
