|j|☆suprya
|j|☆waffledogefern
|t:|1781311747
|gametype|singles
|player|p1|suprya|clown|1677
|player|p2|waffledogefern|hero2-conquest|1682
|gen|9
|tier|[Gen 9] OU
|rated|
|rule|HP Percentage Mod: HP is shown in percentages
|rule|Endless Battle Clause: Forcing endless battles is banned
|rule|Species Clause: Limit one of each Pokémon
|rule|OHKO Clause: OHKO moves are banned
|rule|Evasion Items Clause: Evasion items are banned
|rule|Evasion Moves Clause: Evasion moves are banned
|rule|Evasion Abilities Clause: Evasion abilities are banned
|rule|Sleep Moves Clause: Sleep-inducing moves are banned
|clearpoke
|poke|p1|Pelipper, M|
|poke|p1|Hydrapple, M|
|poke|p1|Iron Treads|
|poke|p1|Gholdengo|
|poke|p1|Slowking-Galar, M|
|poke|p1|Greninja-*, M|
|poke|p2|Ribombee, F|
|poke|p2|Lokix, M|
|poke|p2|Great Tusk|
|poke|p2|Raging Bolt|
|poke|p2|Gholdengo|
|poke|p2|Iron Moth|
|teampreview
|inactive|Battle timer is ON: inactive players will automatically lose when time's up. (requested by suprya)
|c|☆waffledogefern|hf
|inactive|waffledogefern has 120 seconds left.
|
|t:|1781311786
|teamsize|p1|6
|teamsize|p2|6
|start
|switch|p1a: Iron Treads|Iron Treads|100/100
|switch|p2a: Ribombee|Ribombee, F|100/100
|turn|1
|
|t:|1781311801
|switch|p2a: Great Tusk|Great Tusk|100/100
|-enditem|p2a: Great Tusk|Booster Energy
|-activate|p2a: Great Tusk|ability: Protosynthesis|[fromitem]
|-start|p2a: Great Tusk|protosynthesisatk
|move|p1a: Iron Treads|Stealth Rock|p2a: Great Tusk
|-sidestart|p2: waffledogefern|move: Stealth Rock
|
|upkeep
|turn|2
|
|t:|1781311810
|-end|p1a: Iron Treads|Quark Drive|[silent]
|switch|p1a: Pelipper|Pelipper, M|100/100
|-weather|RainDance|[from] ability: Drizzle|[of] p1a: Pelipper
|move|p2a: Great Tusk|Head Smash|p1a: Pelipper
|-supereffective|p1a: Pelipper
|-damage|p1a: Pelipper|1/100
|-damage|p2a: Great Tusk|57/100|[from] Recoil
|
|-weather|RainDance|[upkeep]
|upkeep
|turn|3
|
|t:|1781311819
|switch|p1a: Hydrapple|Hydrapple, M|100/100
|move|p2a: Great Tusk|Rapid Spin|p1a: Hydrapple
|-damage|p1a: Hydrapple|87/100
|-boost|p2a: Great Tusk|spe|1
|-sideend|p2: waffledogefern|Stealth Rock|[from] move: Rapid Spin|[of] p2a: Great Tusk
|
|-weather|RainDance|[upkeep]
|upkeep
|turn|4
|
|t:|1781311828
|-end|p2a: Great Tusk|Protosynthesis|[silent]
|switch|p2a: Ribombee|Ribombee, F|100/100
|switch|p1a: Iron Treads|Iron Treads|100/100
|
|-weather|RainDance|[upkeep]
|upkeep
|turn|5
|
|t:|1781311844
|switch|p2a: Lokix|Lokix, M|100/100
|move|p1a: Iron Treads|Stealth Rock|p2a: Lokix
|-sidestart|p2: waffledogefern|move: Stealth Rock
|
|-weather|RainDance|[upkeep]
|upkeep
|turn|6
|
|t:|1781311853
|-end|p1a: Iron Treads|Quark Drive|[silent]
|switch|p1a: Hydrapple|Hydrapple, M|100/100
|move|p2a: Lokix|Knock Off|p1a: Hydrapple
|-damage|p1a: Hydrapple|65/100
|-enditem|p1a: Hydrapple|Heavy-Duty Boots|[from] move: Knock Off|[of] p2a: Lokix
|-damage|p2a: Lokix|91/100|[from] item: Life Orb
|
|-weather|none
|upkeep
|turn|7
|j| nesnot
|
|t:|1781311880
|switch|p1a: Iron Treads|Iron Treads|100/100
|move|p2a: Lokix|Swords Dance|p2a: Lokix
|-boost|p2a: Lokix|atk|2
|
|upkeep
|turn|8
|
|t:|1781311885
|-end|p1a: Iron Treads|Quark Drive|[silent]
|switch|p1a: Pelipper|Pelipper, M|1/100
|-weather|RainDance|[from] ability: Drizzle|[of] p1a: Pelipper
|move|p2a: Lokix|Knock Off|p1a: Pelipper
|-damage|p1a: Pelipper|0 fnt
|-enditem|p1a: Pelipper|Heavy-Duty Boots|[from] move: Knock Off|[of] p2a: Lokix
|faint|p1a: Pelipper
|-damage|p2a: Lokix|81/100|[from] item: Life Orb
|
|-weather|RainDance|[upkeep]
|upkeep
|
|t:|1781311891
|switch|p1a: Greninja|Greninja, M|100/100
|turn|9
|
|t:|1781311894
|-terastallize|p1a: Greninja|Water
|move|p1a: Greninja|Water Shuriken|p2a: Lokix
|-damage|p2a: Lokix|41/100
|-damage|p2a: Lokix|4/100
|-hitcount|p2a: Lokix|2
|move|p2a: Lokix|Sucker Punch||[still]
|-fail|p2a: Lokix
|
|-weather|RainDance|[upkeep]
|upkeep
|turn|10
|
|t:|1781311907
|move|p1a: Greninja|Water Shuriken|p2a: Lokix
|-damage|p2a: Lokix|0 fnt
|faint|p2a: Lokix
|-ability|p1a: Greninja|Battle Bond|boost
|-boost|p1a: Greninja|atk|1
|-boost|p1a: Greninja|spa|1
|-boost|p1a: Greninja|spe|1
|-activate|p1a: Greninja|ability: Battle Bond
|-hitcount|p2: Lokix|1
|
|-weather|RainDance|[upkeep]
|upkeep
|
|t:|1781311913
|switch|p2a: Raging Bolt|Raging Bolt|100/100
|-damage|p2a: Raging Bolt|88/100|[from] Stealth Rock
|-enditem|p2a: Raging Bolt|Booster Energy
|-activate|p2a: Raging Bolt|ability: Protosynthesis|[fromitem]
|-start|p2a: Raging Bolt|protosynthesisspa
|turn|11
|
|t:|1781311916
|switch|p1a: Iron Treads|Iron Treads|100/100
|move|p2a: Raging Bolt|Thunderclap||[still]
|-fail|p2a: Raging Bolt
|
|-weather|RainDance|[upkeep]
|upkeep
|turn|12
|inactive|waffledogefern has 120 seconds left.
|
|t:|1781311958
|-end|p2a: Raging Bolt|Protosynthesis|[silent]
|switch|p2a: Gholdengo|Gholdengo|100/100
|-damage|p2a: Gholdengo|94/100|[from] Stealth Rock
|-item|p2a: Gholdengo|Air Balloon
|move|p1a: Iron Treads|Earthquake|p2a: Gholdengo
|-immune|p2a: Gholdengo
|
|-weather|none
|upkeep
|turn|13
|
|t:|1781311969
|move|p2a: Gholdengo|Shadow Ball|p1a: Iron Treads
|-damage|p1a: Iron Treads|68/100
|-unboost|p1a: Iron Treads|spd|1
|move|p1a: Iron Treads|Knock Off|p2a: Gholdengo
|-supereffective|p2a: Gholdengo
|-damage|p2a: Gholdengo|37/100
|-enditem|p2a: Gholdengo|Air Balloon
|
|-heal|p1a: Iron Treads|74/100|[from] item: Leftovers
|upkeep
|turn|14
|inactive|waffledogefern has 90 seconds left.
|l| nesnot
|j| nesnot
|l| nesnot
|inactive|waffledogefern has 60 seconds left.
|
|t:|1781312050
|move|p2a: Gholdengo|Shadow Ball|p1a: Iron Treads
|-damage|p1a: Iron Treads|24/100
|move|p1a: Iron Treads|Earthquake|p2a: Gholdengo
|-supereffective|p2a: Gholdengo
|-damage|p2a: Gholdengo|0 fnt
|faint|p2a: Gholdengo
|
|-heal|p1a: Iron Treads|30/100|[from] item: Leftovers
|upkeep
|inactive|waffledogefern has 30 seconds left.
|inactive|waffledogefern has 20 seconds left.
|
|t:|1781312076
|switch|p2a: Iron Moth|Iron Moth|100/100
|-damage|p2a: Iron Moth|76/100|[from] Stealth Rock
|-enditem|p2a: Iron Moth|Booster Energy
|-activate|p2a: Iron Moth|ability: Quark Drive|[fromitem]
|-start|p2a: Iron Moth|quarkdrivespa
|turn|15
|inactive|waffledogefern has 30 seconds left this turn.
|
|t:|1781312082
|-end|p1a: Iron Treads|Quark Drive|[silent]
|switch|p1a: Slowking|Slowking-Galar, M|100/100
|move|p2a: Iron Moth|Fiery Dance|p1a: Slowking
|-damage|p1a: Slowking|72/100
|-boost|p2a: Iron Moth|spa|1
|
|upkeep
|turn|16
|inactive|waffledogefern has 30 seconds left.
|
|t:|1781312102
|move|p2a: Iron Moth|Fiery Dance|p1a: Slowking
|-damage|p1a: Slowking|27/100
|move|p1a: Slowking|Psyshock|p2a: Iron Moth
|-supereffective|p2a: Iron Moth
|-crit|p2a: Iron Moth
|-damage|p2a: Iron Moth|0 fnt
|faint|p2a: Iron Moth
|-end|p2a: Iron Moth|Quark Drive|[silent]
|
|upkeep
|inactive|waffledogefern has 30 seconds left this turn.
|
|t:|1781312111
|switch|p2a: Raging Bolt|Raging Bolt|88/100
|-damage|p2a: Raging Bolt|76/100|[from] Stealth Rock
|turn|17
|inactive|waffledogefern has 30 seconds left.
|
|t:|1781312124
|switch|p1a: Gholdengo|Gholdengo|100/100
|move|p2a: Raging Bolt|Dragon Pulse|p1a: Gholdengo
|-resisted|p1a: Gholdengo
|-damage|p1a: Gholdengo|71/100
|
|upkeep
|turn|18
|inactive|waffledogefern has 30 seconds left.
|
|t:|1781312138
|move|p1a: Gholdengo|Shadow Ball|p2a: Raging Bolt
|-damage|p2a: Raging Bolt|38/100
|move|p2a: Raging Bolt|Calm Mind|p2a: Raging Bolt
|-boost|p2a: Raging Bolt|spa|1
|-boost|p2a: Raging Bolt|spd|1
|
|upkeep
|turn|19
|inactive|waffledogefern has 30 seconds left.
|
|t:|1781312150
|move|p2a: Raging Bolt|Thunderclap|p1a: Gholdengo
|-damage|p1a: Gholdengo|0 fnt
|faint|p1a: Gholdengo
|
|upkeep
|
|t:|1781312153
|switch|p1a: Iron Treads|Iron Treads|30/100
|turn|20
|inactive|waffledogefern has 30 seconds left.
|
|t:|1781312173
|-terastallize|p2a: Raging Bolt|Ghost
|move|p1a: Iron Treads|Earthquake|p2a: Raging Bolt
|-damage|p2a: Raging Bolt|3/100
|move|p2a: Raging Bolt|Dragon Pulse|p1a: Iron Treads
|-resisted|p1a: Iron Treads
|-damage|p1a: Iron Treads|1/100
|
|-heal|p1a: Iron Treads|7/100|[from] item: Leftovers
|upkeep
|turn|21
|inactive|waffledogefern has 30 seconds left.
|
|t:|1781312182
|move|p1a: Iron Treads|Earthquake|p2a: Raging Bolt
|-crit|p2a: Raging Bolt
|-damage|p2a: Raging Bolt|0 fnt
|faint|p2a: Raging Bolt
|-end|p2a: Raging Bolt|Protosynthesis|[silent]
|
|-heal|p1a: Iron Treads|13/100|[from] item: Leftovers
|upkeep
|inactive|waffledogefern has 30 seconds left.
|
|t:|1781312191
|switch|p2a: Great Tusk|Great Tusk|57/100
|-damage|p2a: Great Tusk|54/100|[from] Stealth Rock
|turn|22
|
|t:|1781312197
|-end|p1a: Iron Treads|Quark Drive|[silent]
|switch|p1a: Hydrapple|Hydrapple, M|98/100
|move|p2a: Great Tusk|Close Combat|p1a: Hydrapple
|-damage|p1a: Hydrapple|65/100
|-unboost|p2a: Great Tusk|def|1
|-unboost|p2a: Great Tusk|spd|1
|
|upkeep
|turn|23
|
|t:|1781312203
|move|p2a: Great Tusk|Close Combat|p1a: Hydrapple
|-damage|p1a: Hydrapple|30/100
|-unboost|p2a: Great Tusk|def|1
|-unboost|p2a: Great Tusk|spd|1
|move|p1a: Hydrapple|Giga Drain|p2a: Great Tusk
|-supereffective|p2a: Great Tusk
|-damage|p2a: Great Tusk|0 fnt
|-heal|p1a: Hydrapple|54/100|[from] drain|[of] p2a: Great Tusk
|faint|p2a: Great Tusk
|-end|p2a: Great Tusk|Protosynthesis|[silent]
|
|upkeep
|
|t:|1781312206
|switch|p2a: Ribombee|Ribombee, F|100/100
|-damage|p2a: Ribombee|76/100|[from] Stealth Rock
|turn|24
|
|t:|1781312210
|switch|p1a: Slowking|Slowking-Galar, M|60/100
|move|p2a: Ribombee|Moonblast|p1a: Slowking
|-resisted|p1a: Slowking
|-damage|p1a: Slowking|49/100
|
|upkeep
|turn|25
|c|☆waffledogefern|gg
|-message|waffledogefern forfeited.
|
|win|suprya
|raw|suprya's rating: 1677 &rarr; <strong>1697</strong><br />(+20 for winning)
|raw|waffledogefern's rating: 1682 &rarr; <strong>1662</strong><br />(-20 for losing)
|l|☆waffledogefern
|player|p2|
|l|☆suprya
|player|p1|
