|j|☆prakshep
|j|☆amiruae
|t:|1781112052
|gametype|singles
|player|p1|prakshep|nate|1589
|player|p2|amiruae|palmer|1577
|gen|9
|tier|[Gen 9] OU
|rated|
|rule|HP Percentage Mod: HP is shown in percentages
|rule|Endless Battle Clause: Forcing endless battles is banned
|rule|Species Clause: Limit one of each Pokémon
|rule|OHKO Clause: OHKO moves are banned
|rule|Evasion Items Clause: Evasion items are banned
|rule|Evasion Moves Clause: Evasion moves are banned
|rule|Evasion Abilities Clause: Evasion abilities are banned
|rule|Sleep Moves Clause: Sleep-inducing moves are banned
|clearpoke
|poke|p1|Cinderace, M|
|poke|p1|Raging Bolt|
|poke|p1|Zamazenta-*|
|poke|p1|Enamorus, F|
|poke|p1|Kyurem|
|poke|p1|Darkrai|
|poke|p2|Dragonite, M|
|poke|p2|Moltres|
|poke|p2|Iron Moth|
|poke|p2|Iron Boulder|
|poke|p2|Zapdos-Galar|
|poke|p2|Rotom-Wash|
|teampreview
|inactive|Battle timer is ON: inactive players will automatically lose when time's up. (requested by amiruae)
|
|t:|1781112060
|teamsize|p1|6
|teamsize|p2|6
|start
|switch|p1a: Enamorus|Enamorus, F|100/100
|switch|p2a: Zapdos|Zapdos-Galar|100/100
|turn|1
|
|t:|1781112068
|switch|p2a: Iron Moth|Iron Moth|100/100
|-enditem|p2a: Iron Moth|Booster Energy
|-activate|p2a: Iron Moth|ability: Quark Drive|[fromitem]
|-start|p2a: Iron Moth|quarkdrivespe
|move|p1a: Enamorus|Moonblast|p2a: Iron Moth
|-resisted|p2a: Iron Moth
|-damage|p2a: Iron Moth|88/100
|-unboost|p2a: Iron Moth|spa|1
|
|upkeep
|turn|2
|
|t:|1781112084
|move|p2a: Iron Moth|Fiery Dance|p1a: Enamorus
|-damage|p1a: Enamorus|76/100
|move|p1a: Enamorus|Earth Power|p2a: Iron Moth
|-supereffective|p2a: Iron Moth
|-damage|p2a: Iron Moth|0 fnt
|faint|p2a: Iron Moth
|-end|p2a: Iron Moth|Quark Drive|[silent]
|
|upkeep
|
|t:|1781112104
|switch|p2a: Iron Boulder|Iron Boulder|100/100
|-enditem|p2a: Iron Boulder|Booster Energy
|-activate|p2a: Iron Boulder|ability: Quark Drive|[fromitem]
|-start|p2a: Iron Boulder|quarkdrivespe
|turn|3
|
|t:|1781112108
|move|p2a: Iron Boulder|Mighty Cleave|p1a: Enamorus
|-supereffective|p1a: Enamorus
|-damage|p1a: Enamorus|0 fnt
|faint|p1a: Enamorus
|
|upkeep
|
|t:|1781112114
|switch|p1a: Zamazenta|Zamazenta|100/100
|-ability|p1a: Zamazenta|Dauntless Shield|boost
|-boost|p1a: Zamazenta|def|1
|turn|4
|
|t:|1781112118
|move|p2a: Iron Boulder|Swords Dance|p2a: Iron Boulder
|-boost|p2a: Iron Boulder|atk|2
|move|p1a: Zamazenta|Iron Defense|p1a: Zamazenta
|-boost|p1a: Zamazenta|def|2
|
|upkeep
|turn|5
|
|t:|1781112123
|-terastallize|p1a: Zamazenta|Steel
|move|p2a: Iron Boulder|Zen Headbutt|p1a: Zamazenta
|-resisted|p1a: Zamazenta
|-damage|p1a: Zamazenta|89/100
|move|p1a: Zamazenta|Iron Defense|p1a: Zamazenta
|-boost|p1a: Zamazenta|def|2
|
|-heal|p1a: Zamazenta|96/100|[from] item: Leftovers
|upkeep
|turn|6
|
|t:|1781112135
|-end|p2a: Iron Boulder|Quark Drive|[silent]
|switch|p2a: Moltres|Moltres|100/100
|move|p1a: Zamazenta|Body Press|p2a: Moltres
|-resisted|p2a: Moltres
|-damage|p2a: Moltres|39/100
|-status|p1a: Zamazenta|brn|[from] ability: Flame Body|[of] p2a: Moltres
|
|-heal|p1a: Zamazenta|100/100 brn|[from] item: Leftovers
|-damage|p1a: Zamazenta|94/100 brn|[from] brn
|upkeep
|turn|7
|
|t:|1781112141
|move|p1a: Zamazenta|Body Press|p2a: Moltres
|-resisted|p2a: Moltres
|-damage|p2a: Moltres|6/100
|move|p2a: Moltres|Tailwind|p2a: Moltres
|-sidestart|p2: amiruae|move: Tailwind
|
|-heal|p1a: Zamazenta|100/100 brn|[from] item: Leftovers
|-damage|p1a: Zamazenta|94/100 brn|[from] brn
|upkeep
|turn|8
|
|t:|1781112146
|move|p2a: Moltres|Flamethrower|p1a: Zamazenta
|-supereffective|p1a: Zamazenta
|-damage|p1a: Zamazenta|0 fnt
|faint|p1a: Zamazenta
|
|upkeep
|
|t:|1781112150
|switch|p1a: Darkrai|Darkrai|100/100
|turn|9
|
|t:|1781112152
|move|p2a: Moltres|Flamethrower|p1a: Darkrai
|-damage|p1a: Darkrai|30/100
|move|p1a: Darkrai|Nasty Plot|p1a: Darkrai
|-boost|p1a: Darkrai|spa|2
|
|upkeep
|turn|10
|
|t:|1781112178
|move|p2a: Moltres|Scorching Sands|p1a: Darkrai
|-damage|p1a: Darkrai|0 fnt
|faint|p1a: Darkrai
|
|-sideend|p2: amiruae|move: Tailwind
|upkeep
|inactive|prakshep has 120 seconds left.
|
|t:|1781112200
|switch|p1a: Cinderace|Cinderace, M|100/100
|turn|11
|
|t:|1781112206
|move|p1a: Cinderace|Pyro Ball|p2a: Moltres
|-resisted|p2a: Moltres
|-damage|p2a: Moltres|0 fnt
|faint|p2a: Moltres
|
|upkeep
|
|t:|1781112212
|switch|p2a: Iron Boulder|Iron Boulder|100/100
|turn|12
|
|t:|1781112215
|move|p1a: Cinderace|Iron Head|p2a: Iron Boulder
|-start|p1a: Cinderace|typechange|Steel|[from] ability: Libero
|-supereffective|p2a: Iron Boulder
|-damage|p2a: Iron Boulder|3/100
|move|p2a: Iron Boulder|Mighty Cleave|p1a: Cinderace
|-resisted|p1a: Cinderace
|-damage|p1a: Cinderace|63/100
|
|upkeep
|turn|13
|
|t:|1781112234
|-end|p2a: Iron Boulder|Quark Drive|[silent]
|switch|p2a: Zapdos|Zapdos-Galar|100/100
|move|p1a: Cinderace|Pyro Ball|p2a: Zapdos
|-damage|p2a: Zapdos|55/100
|
|upkeep
|turn|14
|
|t:|1781112243
|move|p1a: Cinderace|Iron Head|p2a: Zapdos
|-damage|p2a: Zapdos|16/100
|move|p2a: Zapdos|Thunderous Kick|p1a: Cinderace
|-supereffective|p1a: Cinderace
|-damage|p1a: Cinderace|0 fnt
|faint|p1a: Cinderace
|
|upkeep
|
|t:|1781112248
|switch|p1a: Raging Bolt|Raging Bolt|100/100
|-enditem|p1a: Raging Bolt|Booster Energy
|-activate|p1a: Raging Bolt|ability: Protosynthesis|[fromitem]
|-start|p1a: Raging Bolt|protosynthesisspa
|turn|15
|
|t:|1781112255
|move|p2a: Zapdos|Thunderous Kick|p1a: Raging Bolt
|-damage|p1a: Raging Bolt|53/100
|-unboost|p1a: Raging Bolt|def|1
|move|p1a: Raging Bolt|Thunderbolt|p2a: Zapdos
|-supereffective|p2a: Zapdos
|-damage|p2a: Zapdos|0 fnt
|faint|p2a: Zapdos
|
|upkeep
|
|t:|1781112265
|switch|p2a: Dragonite|Dragonite, M|100/100
|turn|16
|
|t:|1781112269
|move|p2a: Dragonite|Earthquake|p1a: Raging Bolt
|-supereffective|p1a: Raging Bolt
|-damage|p1a: Raging Bolt|0 fnt
|faint|p1a: Raging Bolt
|-end|p1a: Raging Bolt|Protosynthesis|[silent]
|
|upkeep
|
|t:|1781112271
|switch|p1a: Kyurem|Kyurem|100/100
|-ability|p1a: Kyurem|Pressure
|turn|17
|
|t:|1781112291
|-terastallize|p2a: Dragonite|Ground
|move|p1a: Kyurem|Scale Shot|p2a: Dragonite
|-damage|p2a: Dragonite|93/100
|-damage|p2a: Dragonite|78/100
|-damage|p2a: Dragonite|64/100
|-damage|p2a: Dragonite|49/100
|-damage|p2a: Dragonite|36/100
|-hitcount|p2a: Dragonite|5
|-unboost|p1a: Kyurem|def|1
|-boost|p1a: Kyurem|spe|1
|move|p2a: Dragonite|Dragon Dance|p2a: Dragonite
|-boost|p2a: Dragonite|atk|1
|-boost|p2a: Dragonite|spe|1
|
|upkeep
|turn|18
|
|t:|1781112300
|move|p1a: Kyurem|Icicle Spear|p2a: Dragonite
|-supereffective|p2a: Dragonite
|-damage|p2a: Dragonite|7/100
|-supereffective|p2a: Dragonite
|-damage|p2a: Dragonite|0 fnt
|faint|p2a: Dragonite
|-hitcount|p2: Dragonite|2
|
|upkeep
|
|t:|1781112303
|switch|p2a: Iron Boulder|Iron Boulder|3/100
|turn|19
|
|t:|1781112313
|move|p1a: Kyurem|Icicle Spear|p2a: Iron Boulder
|-damage|p2a: Iron Boulder|0 fnt
|faint|p2a: Iron Boulder
|-end|p2a: Iron Boulder|Quark Drive|[silent]
|-hitcount|p2: Iron Boulder|1
|
|upkeep
|
|t:|1781112315
|switch|p2a: Rotom|Rotom-Wash|100/100
|turn|20
|
|t:|1781112319
|move|p1a: Kyurem|Scale Shot|p2a: Rotom
|-damage|p2a: Rotom|87/100
|-damage|p2a: Rotom|72/100
|-damage|p2a: Rotom|57/100
|-damage|p2a: Rotom|42/100
|-crit|p2a: Rotom
|-damage|p2a: Rotom|20/100
|-hitcount|p2a: Rotom|5
|-unboost|p1a: Kyurem|def|1
|-boost|p1a: Kyurem|spe|1
|move|p2a: Rotom|Will-O-Wisp|p1a: Kyurem|[miss]
|-miss|p2a: Rotom|p1a: Kyurem
|
|-heal|p2a: Rotom|26/100|[from] item: Leftovers
|upkeep
|turn|21
|
|t:|1781112328
|move|p1a: Kyurem|Icicle Spear|p2a: Rotom
|-resisted|p2a: Rotom
|-damage|p2a: Rotom|19/100
|-resisted|p2a: Rotom
|-damage|p2a: Rotom|12/100
|-resisted|p2a: Rotom
|-damage|p2a: Rotom|4/100
|-resisted|p2a: Rotom
|-damage|p2a: Rotom|0 fnt
|faint|p2a: Rotom
|-hitcount|p2: Rotom|4
|
|win|prakshep
|raw|prakshep's rating: 1589 &rarr; <strong>1608</strong><br />(+19 for winning)
|raw|amiruae's rating: 1577 &rarr; <strong>1558</strong><br />(-19 for losing)
|l|☆amiruae
|player|p2|
|l|☆prakshep
|player|p1|
