|j|☆theoddkeystone
|j|☆lolcano46
|t:|1781131874
|gametype|singles
|player|p1|theoddkeystone|bruno-gen2|1608
|player|p2|lolcano46|fisherman-gen4|1607
|gen|9
|tier|[Gen 9] OU
|rated|
|rule|HP Percentage Mod: HP is shown in percentages
|rule|Endless Battle Clause: Forcing endless battles is banned
|rule|Species Clause: Limit one of each Pokémon
|rule|OHKO Clause: OHKO moves are banned
|rule|Evasion Items Clause: Evasion items are banned
|rule|Evasion Moves Clause: Evasion moves are banned
|rule|Evasion Abilities Clause: Evasion abilities are banned
|rule|Sleep Moves Clause: Sleep-inducing moves are banned
|clearpoke
|poke|p1|Great Tusk|
|poke|p1|Slowking-Galar, F|
|poke|p1|Kyurem|
|poke|p1|Gliscor, M|
|poke|p1|Zamazenta-*|
|poke|p1|Darkrai|
|poke|p2|Azelf|
|poke|p2|Ogerpon-Wellspring, F|
|poke|p2|Scizor, M|
|poke|p2|Gengar, M|
|poke|p2|Raging Bolt|
|poke|p2|Cinderace, F|
|teampreview
|inactive|Battle timer is ON: inactive players will automatically lose when time's up. (requested by lolcano46)
|
|t:|1781131883
|teamsize|p1|6
|teamsize|p2|6
|start
|switch|p1a: Darkrai|Darkrai|100/100
|switch|p2a: Cinderace|Cinderace, F|100/100
|turn|1
|
|t:|1781131891
|switch|p1a: Slowking|Slowking-Galar, F|100/100
|move|p2a: Cinderace|Pyro Ball|p1a: Slowking
|-damage|p1a: Slowking|40/100
|
|upkeep
|turn|2
|
|t:|1781131896
|switch|p1a: Zamazenta|Zamazenta|100/100
|-ability|p1a: Zamazenta|Dauntless Shield|boost
|-boost|p1a: Zamazenta|def|1
|move|p2a: Cinderace|Will-O-Wisp|p1a: Zamazenta|[miss]
|-miss|p2a: Cinderace|p1a: Zamazenta
|
|upkeep
|turn|3
|
|t:|1781131900
|move|p1a: Zamazenta|Stone Edge|p2a: Cinderace
|-supereffective|p2a: Cinderace
|-crit|p2a: Cinderace
|-damage|p2a: Cinderace|0 fnt
|faint|p2a: Cinderace
|
|upkeep
|
|t:|1781131903
|switch|p2a: Raging Bolt|Raging Bolt|100/100
|-enditem|p2a: Raging Bolt|Booster Energy
|-activate|p2a: Raging Bolt|ability: Protosynthesis|[fromitem]
|-start|p2a: Raging Bolt|protosynthesisspa
|turn|4
|
|t:|1781131911
|switch|p1a: Great Tusk|Great Tusk|100/100
|move|p2a: Raging Bolt|Dragon Pulse|p1a: Great Tusk
|-damage|p1a: Great Tusk|2/100
|
|upkeep
|turn|5
|
|t:|1781131915
|-end|p2a: Raging Bolt|Protosynthesis|[silent]
|switch|p2a: Azelf|Azelf|100/100
|move|p1a: Great Tusk|Stealth Rock|p2a: Azelf
|-sidestart|p2: lolcano46|move: Stealth Rock
|
|upkeep
|turn|6
|
|t:|1781131919
|move|p2a: Azelf|Mystical Power|p1a: Great Tusk
|-supereffective|p1a: Great Tusk
|-damage|p1a: Great Tusk|0 fnt
|-boost|p2a: Azelf|spa|1
|faint|p1a: Great Tusk
|-end|p1a: Great Tusk|Protosynthesis|[silent]
|
|upkeep
|
|t:|1781131923
|switch|p1a: Darkrai|Darkrai|100/100
|turn|7
|
|t:|1781131926
|-terastallize|p2a: Azelf|Fairy
|move|p1a: Darkrai|Dark Pulse|p2a: Azelf
|-resisted|p2a: Azelf
|-damage|p2a: Azelf|67/100
|cant|p2a: Azelf|flinch
|
|upkeep
|turn|8
|
|t:|1781131934
|switch|p1a: Slowking|Slowking-Galar, F|73/100
|switch|p2a: Gengar|Gengar, M|100/100
|-damage|p2a: Gengar|88/100|[from] Stealth Rock
|
|upkeep
|turn|9
|
|t:|1781131938
|move|p2a: Gengar|Trick|p1a: Slowking
|-activate|p2a: Gengar|move: Trick|[of] p1a: Slowking
|-item|p1a: Slowking|Choice Scarf|[from] move: Trick
|-item|p2a: Gengar|Heavy-Duty Boots|[from] move: Trick
|move|p1a: Slowking|Future Sight|p2a: Gengar
|-start|p1a: Slowking|move: Future Sight
|
|upkeep
|turn|10
|
|t:|1781131942
|switch|p1a: Darkrai|Darkrai|100/100
|move|p2a: Gengar|Thunder Wave|p1a: Darkrai
|-status|p1a: Darkrai|par
|
|upkeep
|turn|11
|
|t:|1781131948
|move|p2a: Gengar|Sludge Bomb|p1a: Darkrai
|-damage|p1a: Darkrai|42/100 par
|move|p1a: Darkrai|Dark Pulse|p2a: Gengar
|-supereffective|p2a: Gengar
|-damage|p2a: Gengar|0 fnt
|faint|p2a: Gengar
|
|-hint|Future Sight did not hit because the target is fainted.
|-heal|p1a: Darkrai|48/100 par|[from] item: Leftovers
|upkeep
|
|t:|1781131953
|switch|p2a: Azelf|Azelf, tera:Fairy|67/100
|-damage|p2a: Azelf|54/100|[from] Stealth Rock
|turn|12
|
|t:|1781131958
|switch|p1a: Slowking|Slowking-Galar, F|100/100
|move|p2a: Azelf|Dazzling Gleam|p1a: Slowking
|-resisted|p1a: Slowking
|-damage|p1a: Slowking|89/100
|
|upkeep
|turn|13
|
|t:|1781131962
|move|p2a: Azelf|Mystical Power|p1a: Slowking
|-damage|p1a: Slowking|70/100
|-boost|p2a: Azelf|spa|1
|move|p1a: Slowking|Sludge Bomb|p2a: Azelf
|-supereffective|p2a: Azelf
|-damage|p2a: Azelf|0 fnt
|faint|p2a: Azelf
|
|upkeep
|
|t:|1781131966
|switch|p2a: Scizor|Scizor, M|100/100
|-damage|p2a: Scizor|88/100|[from] Stealth Rock
|turn|14
|
|t:|1781131970
|switch|p1a: Darkrai|Darkrai|48/100 par
|move|p2a: Scizor|Swords Dance|p2a: Scizor
|-boost|p2a: Scizor|atk|2
|
|-heal|p1a: Darkrai|54/100 par|[from] item: Leftovers
|upkeep
|turn|15
|
|t:|1781131973
|move|p2a: Scizor|Bullet Punch|p1a: Darkrai
|-damage|p1a: Darkrai|0 fnt
|faint|p1a: Darkrai
|
|upkeep
|
|t:|1781131976
|switch|p1a: Zamazenta|Zamazenta|100/100
|turn|16
|
|t:|1781131980
|-terastallize|p1a: Zamazenta|Fighting
|move|p2a: Scizor|Bullet Punch|p1a: Zamazenta
|-damage|p1a: Zamazenta|24/100
|move|p1a: Zamazenta|Close Combat|p2a: Scizor
|-damage|p2a: Scizor|0 fnt
|-unboost|p1a: Zamazenta|def|1
|-unboost|p1a: Zamazenta|spd|1
|faint|p2a: Scizor
|
|upkeep
|
|t:|1781131985
|switch|p2a: Raging Bolt|Raging Bolt|100/100
|-damage|p2a: Raging Bolt|88/100|[from] Stealth Rock
|turn|17
|
|t:|1781131989
|switch|p1a: Slowking|Slowking-Galar, F|100/100
|move|p2a: Raging Bolt|Dragon Pulse|p1a: Slowking
|-damage|p1a: Slowking|71/100
|
|upkeep
|turn|18
|
|t:|1781131995
|move|p2a: Raging Bolt|Calm Mind|p2a: Raging Bolt
|-boost|p2a: Raging Bolt|spa|1
|-boost|p2a: Raging Bolt|spd|1
|-prepare|p1a: Slowking|Chilly Reception|[premajor]
|move|p1a: Slowking|Chilly Reception|p1a: Slowking
|-weather|Snowscape
|
|t:|1781132003
|switch|p1a: Kyurem|Kyurem|100/100|[from] Chilly Reception
|-ability|p1a: Kyurem|Pressure
|
|-weather|Snowscape|[upkeep]
|upkeep
|turn|19
|
|t:|1781132008
|move|p1a: Kyurem|Icicle Spear|p2a: Raging Bolt
|-supereffective|p2a: Raging Bolt
|-damage|p2a: Raging Bolt|65/100
|-supereffective|p2a: Raging Bolt
|-damage|p2a: Raging Bolt|43/100
|-hitcount|p2a: Raging Bolt|2
|move|p2a: Raging Bolt|Dragon Pulse|p1a: Kyurem
|-supereffective|p1a: Kyurem
|-damage|p1a: Kyurem|0 fnt
|faint|p1a: Kyurem
|
|-weather|Snowscape|[upkeep]
|upkeep
|
|t:|1781132014
|switch|p1a: Gliscor|Gliscor, M|100/100
|turn|20
|
|t:|1781132020
|move|p1a: Gliscor|Protect|p1a: Gliscor
|-singleturn|p1a: Gliscor|Protect
|move|p2a: Raging Bolt|Dragon Pulse|p1a: Gliscor
|-activate|p1a: Gliscor|move: Protect
|
|-weather|Snowscape|[upkeep]
|-status|p1a: Gliscor|tox|[from] item: Toxic Orb
|upkeep
|turn|21
|
|t:|1781132026
|-end|p2a: Raging Bolt|Protosynthesis|[silent]
|switch|p2a: Ogerpon|Ogerpon-Wellspring, F|100/100
|-damage|p2a: Ogerpon|88/100|[from] Stealth Rock
|move|p1a: Gliscor|Facade|p2a: Ogerpon
|-damage|p2a: Ogerpon|49/100
|
|-weather|Snowscape|[upkeep]
|upkeep
|turn|22
|
|t:|1781132035
|move|p2a: Ogerpon|Ivy Cudgel|p1a: Gliscor|[anim] Ivy Cudgel Water
|-supereffective|p1a: Gliscor
|-damage|p1a: Gliscor|1/100 tox
|move|p1a: Gliscor|Facade|p2a: Ogerpon
|-damage|p2a: Ogerpon|11/100
|
|-weather|none
|-heal|p1a: Gliscor|14/100 tox|[from] ability: Poison Heal
|upkeep
|turn|23
|
|t:|1781132038
|move|p2a: Ogerpon|Horn Leech|p1a: Gliscor
|-damage|p1a: Gliscor|0 fnt
|-heal|p2a: Ogerpon|18/100|[from] drain|[of] p1a: Gliscor
|faint|p1a: Gliscor
|
|upkeep
|
|t:|1781132041
|switch|p1a: Zamazenta|Zamazenta, tera:Fighting|24/100
|turn|24
|
|t:|1781132046
|move|p1a: Zamazenta|Close Combat|p2a: Ogerpon
|-damage|p2a: Ogerpon|0 fnt
|-unboost|p1a: Zamazenta|def|1
|-unboost|p1a: Zamazenta|spd|1
|faint|p2a: Ogerpon
|
|upkeep
|
|t:|1781132048
|switch|p2a: Raging Bolt|Raging Bolt|43/100
|-damage|p2a: Raging Bolt|31/100|[from] Stealth Rock
|turn|25
|
|t:|1781132053
|move|p1a: Zamazenta|Close Combat|p2a: Raging Bolt
|-damage|p2a: Raging Bolt|0 fnt
|-unboost|p1a: Zamazenta|def|1
|-unboost|p1a: Zamazenta|spd|1
|faint|p2a: Raging Bolt
|-end|p2a: Raging Bolt|Protosynthesis|[silent]
|
|win|theoddkeystone
|raw|theoddkeystone's rating: 1608 &rarr; <strong>1628</strong><br />(+20 for winning)
|raw|lolcano46's rating: 1607 &rarr; <strong>1587</strong><br />(-20 for losing)
|l|☆lolcano46
|player|p2|
|l|☆theoddkeystone
|player|p1|
