|j|☆kadu99
|j|☆lianxiaonian
|t:|1781157568
|gametype|singles
|player|p1|kadu99|policeman-gen4|1691
|player|p2|lianxiaonian|cynthia-gen4|1672
|gen|9
|tier|[Gen 9] OU
|rated|
|rule|HP Percentage Mod: HP is shown in percentages
|rule|Endless Battle Clause: Forcing endless battles is banned
|rule|Species Clause: Limit one of each Pokémon
|rule|OHKO Clause: OHKO moves are banned
|rule|Evasion Items Clause: Evasion items are banned
|rule|Evasion Moves Clause: Evasion moves are banned
|rule|Evasion Abilities Clause: Evasion abilities are banned
|rule|Sleep Moves Clause: Sleep-inducing moves are banned
|clearpoke
|poke|p1|Iron Valiant|
|poke|p1|Ogerpon-Wellspring, F|
|poke|p1|Ting-Lu|
|poke|p1|Pecharunt|
|poke|p1|Cinderace, M|
|poke|p1|Dragonite, F|
|poke|p2|Talonflame, M|
|poke|p2|Pelipper, M|
|poke|p2|Hatterene, F|
|poke|p2|Raging Bolt|
|poke|p2|Barraskewda, M|
|poke|p2|Iron Treads|
|teampreview
|inactive|Battle timer is ON: inactive players will automatically lose when time's up. (requested by kadu99)
|inactive|lianxiaonian also wants the timer to be on.
|
|t:|1781157587
|teamsize|p1|6
|teamsize|p2|6
|start
|switch|p1a: LooTing|Ting-Lu|100/100
|switch|p2a: Pelipper|Pelipper, M, shiny|100/100
|-weather|RainDance|[from] ability: Drizzle|[of] p2a: Pelipper
|-ability|p1a: LooTing|Vessel of Ruin
|turn|1
|j| pokemonlover-834
|
|t:|1781157598
|switch|p2a: 工具帽|Hatterene, F, shiny|100/100
|move|p1a: LooTing|Ruination|p2a: 工具帽
|-damage|p2a: 工具帽|50/100
|-enditem|p2a: 工具帽|Eject Button
|
|t:|1781157601
|switch|p2a: 最快的男人|Barraskewda, M, shiny|100/100
|
|-weather|RainDance|[upkeep]
|upkeep
|turn|2
|
|t:|1781157607
|switch|p1a: s26 ultra 5g 512gb|Dragonite, F|100/100
|move|p2a: 最快的男人|Flip Turn|p1a: s26 ultra 5g 512gb
|-resisted|p1a: s26 ultra 5g 512gb
|-damage|p1a: s26 ultra 5g 512gb|82/100
|
|t:|1781157610
|switch|p2a: 工具象|Iron Treads|100/100|[from] Flip Turn
|-item|p2a: 工具象|Air Balloon
|
|-weather|RainDance|[upkeep]
|upkeep
|turn|3
|
|t:|1781157619
|switch|p1a: LooTing|Ting-Lu|100/100
|-ability|p1a: LooTing|Vessel of Ruin
|move|p2a: 工具象|Ice Spinner|p1a: LooTing
|-supereffective|p1a: LooTing
|-damage|p1a: LooTing|71/100
|
|-weather|RainDance|[upkeep]
|-heal|p1a: LooTing|77/100|[from] item: Leftovers
|upkeep
|turn|4
|
|t:|1781157625
|-end|p2a: 工具象|Quark Drive|[silent]
|switch|p2a: 工具帽|Hatterene, F, shiny|50/100
|move|p1a: LooTing|Ruination|p2a: 工具帽
|-damage|p2a: 工具帽|26/100
|
|-weather|RainDance|[upkeep]
|-heal|p1a: LooTing|83/100|[from] item: Leftovers
|upkeep
|turn|5
|
|t:|1781157629
|move|p1a: LooTing|Earthquake|p2a: 工具帽
|-damage|p2a: 工具帽|0 fnt
|faint|p2a: 工具帽
|
|-weather|RainDance|[upkeep]
|-heal|p1a: LooTing|89/100|[from] item: Leftovers
|upkeep
|
|t:|1781157631
|switch|p2a: 最快的男人|Barraskewda, M, shiny|100/100
|turn|6
|
|t:|1781157636
|-terastallize|p1a: LooTing|Water
|move|p2a: 最快的男人|Close Combat|p1a: LooTing
|-damage|p1a: LooTing|53/100
|-unboost|p2a: 最快的男人|def|1
|-unboost|p2a: 最快的男人|spd|1
|move|p1a: LooTing|Earthquake|p2a: 最快的男人
|-damage|p2a: 最快的男人|0 fnt
|faint|p2a: 最快的男人
|
|-weather|RainDance|[upkeep]
|-heal|p1a: LooTing|60/100|[from] item: Leftovers
|upkeep
|
|t:|1781157641
|switch|p2a: 雷电士兵|Raging Bolt|100/100
|turn|7
|
|t:|1781157652
|switch|p1a: Ludicolo Fan|Ogerpon-Wellspring, F|100/100
|move|p2a: 雷电士兵|Volt Switch|p1a: Ludicolo Fan
|-damage|p1a: Ludicolo Fan|50/100
|
|t:|1781157654
|-end|p2a: 雷电士兵|Protosynthesis|[silent]
|switch|p2a: 疾风之翼！|Talonflame, M, shiny|100/100|[from] Volt Switch
|
|-weather|RainDance|[upkeep]
|upkeep
|turn|8
|
|t:|1781157659
|switch|p1a: LooTing|Ting-Lu, tera:Water|60/100
|-ability|p1a: LooTing|Vessel of Ruin
|-terastallize|p2a: 疾风之翼！|Flying
|move|p2a: 疾风之翼！|Hurricane|p1a: LooTing
|-damage|p1a: LooTing|24/100
|
|-weather|none
|-heal|p1a: LooTing|30/100|[from] item: Leftovers
|upkeep
|turn|9
|
|t:|1781157668
|move|p2a: 疾风之翼！|Hurricane|p1a: LooTing
|-damage|p1a: LooTing|0 fnt
|faint|p1a: LooTing
|
|upkeep
|inactive|kadu99 has 120 seconds left.
|
|t:|1781157702
|switch|p1a: s26 ultra 5g 512gb|Dragonite, F|82/100
|turn|10
|
|t:|1781157706
|switch|p2a: Pelipper|Pelipper, M, shiny|100/100
|-weather|RainDance|[from] ability: Drizzle|[of] p2a: Pelipper
|move|p1a: s26 ultra 5g 512gb|Dragon Tail|p2a: Pelipper|[miss]
|-miss|p1a: s26 ultra 5g 512gb|p2a: Pelipper
|
|-weather|RainDance|[upkeep]
|upkeep
|turn|11
|
|t:|1781157712
|move|p1a: s26 ultra 5g 512gb|Roost|p1a: s26 ultra 5g 512gb
|-heal|p1a: s26 ultra 5g 512gb|100/100
|-singleturn|p1a: s26 ultra 5g 512gb|move: Roost
|move|p2a: Pelipper|Ice Beam|p1a: s26 ultra 5g 512gb
|-supereffective|p1a: s26 ultra 5g 512gb
|-damage|p1a: s26 ultra 5g 512gb|83/100
|
|-weather|RainDance|[upkeep]
|upkeep
|turn|12
|
|t:|1781157717
|switch|p1a: Cherrypop|Pecharunt|100/100
|move|p2a: Pelipper|Ice Beam|p1a: Cherrypop
|-damage|p1a: Cherrypop|77/100
|
|-weather|RainDance|[upkeep]
|upkeep
|turn|13
|
|t:|1781157722
|move|p1a: Cherrypop|Malignant Chain|p2a: Pelipper
|-damage|p2a: Pelipper|46/100
|-status|p2a: Pelipper|tox
|-start|p2a: Pelipper|confusion|[from] ability: Poison Puppeteer|[of] p1a: Cherrypop
|-activate|p2a: Pelipper|confusion
|move|p2a: Pelipper|U-turn|p1a: Cherrypop
|-resisted|p1a: Cherrypop
|-damage|p1a: Cherrypop|75/100
|
|t:|1781157726
|switch|p2a: 疾风之翼！|Talonflame, M, shiny, tera:Flying|100/100|[from] U-turn
|
|-weather|RainDance|[upkeep]
|upkeep
|turn|14
|
|t:|1781157733
|move|p2a: 疾风之翼！|Hurricane|p1a: Cherrypop
|-damage|p1a: Cherrypop|0 fnt
|faint|p1a: Cherrypop
|
|-weather|RainDance|[upkeep]
|upkeep
|
|t:|1781157736
|switch|p1a: s26 ultra 5g 512gb|Dragonite, F|83/100
|turn|15
|
|t:|1781157742
|move|p2a: 疾风之翼！|Hurricane|p1a: s26 ultra 5g 512gb
|-damage|p1a: s26 ultra 5g 512gb|7/100
|-start|p1a: s26 ultra 5g 512gb|confusion
|-activate|p1a: s26 ultra 5g 512gb|confusion
|move|p1a: s26 ultra 5g 512gb|Roost|p1a: s26 ultra 5g 512gb
|-heal|p1a: s26 ultra 5g 512gb|57/100
|-singleturn|p1a: s26 ultra 5g 512gb|move: Roost
|
|-weather|RainDance|[upkeep]
|upkeep
|turn|16
|
|t:|1781157745
|-end|p1a: s26 ultra 5g 512gb|confusion
|move|p1a: s26 ultra 5g 512gb|Extreme Speed|p2a: 疾风之翼！
|-damage|p2a: 疾风之翼！|51/100
|move|p2a: 疾风之翼！|Hurricane|p1a: s26 ultra 5g 512gb
|-damage|p1a: s26 ultra 5g 512gb|0 fnt
|faint|p1a: s26 ultra 5g 512gb
|
|-weather|RainDance|[upkeep]
|upkeep
|
|t:|1781157748
|switch|p1a: SwordArtOnline|Iron Valiant|100/100
|turn|17
|
|t:|1781157753
|switch|p2a: 雷电士兵|Raging Bolt|100/100
|move|p1a: SwordArtOnline|Endure||[still]
|-fail|p1a: SwordArtOnline
|
|-weather|none
|upkeep
|turn|18
|
|t:|1781157763
|move|p1a: SwordArtOnline|Moonblast|p2a: 雷电士兵
|-supereffective|p2a: 雷电士兵
|-damage|p2a: 雷电士兵|47/100
|-unboost|p2a: 雷电士兵|spa|1
|move|p2a: 雷电士兵|Volt Switch|p1a: SwordArtOnline
|-damage|p1a: SwordArtOnline|48/100
|
|t:|1781157779
|-end|p2a: 雷电士兵|Protosynthesis|[silent]
|switch|p2a: Pelipper|Pelipper, M, shiny|46/100 tox|[from] Volt Switch
|-weather|RainDance|[from] ability: Drizzle|[of] p2a: Pelipper
|
|-weather|RainDance|[upkeep]
|-damage|p2a: Pelipper|40/100 tox|[from] psn
|upkeep
|turn|19
|
|t:|1781157782
|move|p1a: SwordArtOnline|Moonblast|p2a: Pelipper
|-damage|p2a: Pelipper|0 fnt
|faint|p2a: Pelipper
|
|-weather|RainDance|[upkeep]
|upkeep
|
|t:|1781157787
|switch|p2a: 雷电士兵|Raging Bolt|47/100
|turn|20
|
|t:|1781157798
|move|p1a: SwordArtOnline|Endure|p1a: SwordArtOnline
|-singleturn|p1a: SwordArtOnline|move: Endure
|move|p2a: 雷电士兵|Thunderclap||[still]
|-fail|p2a: 雷电士兵
|
|-weather|RainDance|[upkeep]
|upkeep
|turn|21
|
|t:|1781157817
|move|p1a: SwordArtOnline|Endure||[still]
|-fail|p1a: SwordArtOnline
|move|p2a: 雷电士兵|Volt Switch|p1a: SwordArtOnline
|-damage|p1a: SwordArtOnline|0 fnt
|faint|p1a: SwordArtOnline
|-end|p1a: SwordArtOnline|Quark Drive|[silent]
|
|t:|1781157820
|-end|p2a: 雷电士兵|Protosynthesis|[silent]
|switch|p2a: 疾风之翼！|Talonflame, M, shiny, tera:Flying|51/100|[from] Volt Switch
|
|-weather|RainDance|[upkeep]
|upkeep
|
|t:|1781157823
|switch|p1a: Ronaldinho|Cinderace, M|100/100
|turn|22
|
|t:|1781157838
|switch|p2a: 雷电士兵|Raging Bolt|47/100
|move|p1a: Ronaldinho|Pyro Ball|p2a: 雷电士兵|[miss]
|-miss|p1a: Ronaldinho|p2a: 雷电士兵
|
|-weather|RainDance|[upkeep]
|upkeep
|turn|23
|
|t:|1781157841
|move|p1a: Ronaldinho|Low Kick|p2a: 雷电士兵
|-start|p1a: Ronaldinho|typechange|Fighting|[from] ability: Libero
|-damage|p2a: 雷电士兵|1/100
|move|p2a: 雷电士兵|Draco Meteor|p1a: Ronaldinho
|-damage|p1a: Ronaldinho|0 fnt
|-unboost|p2a: 雷电士兵|spa|2
|faint|p1a: Ronaldinho
|
|-weather|RainDance|[upkeep]
|upkeep
|
|t:|1781157844
|switch|p1a: Ludicolo Fan|Ogerpon-Wellspring, F|50/100
|turn|24
|
|t:|1781157851
|move|p1a: Ludicolo Fan|Ivy Cudgel|p2a: 雷电士兵|[anim] Ivy Cudgel Water
|-resisted|p2a: 雷电士兵
|-damage|p2a: 雷电士兵|0 fnt
|faint|p2a: 雷电士兵
|-end|p2a: 雷电士兵|Protosynthesis|[silent]
|
|-weather|RainDance|[upkeep]
|upkeep
|inactive|lianxiaonian has 120 seconds left.
|
|t:|1781157905
|switch|p2a: 疾风之翼！|Talonflame, M, shiny, tera:Flying|51/100
|turn|25
|
|t:|1781157907
|move|p2a: 疾风之翼！|Hurricane|p1a: Ludicolo Fan
|-supereffective|p1a: Ludicolo Fan
|-damage|p1a: Ludicolo Fan|0 fnt
|faint|p1a: Ludicolo Fan
|
|win|lianxiaonian
|raw|kadu99's rating: 1691 &rarr; <strong>1670</strong><br />(-21 for losing)
|raw|lianxiaonian's rating: 1672 &rarr; <strong>1693</strong><br />(+21 for winning)
|l|☆lianxiaonian
|player|p2|
|l| pokemonlover-834
|l|☆kadu99
|player|p1|
