|j|☆LowEL0God
|j|☆allieway
|t:|1781455197
|gametype|singles
|player|p1|LowEL0God|265|1535
|player|p2|allieway|elesa|1567
|gen|9
|tier|[Gen 9] OU
|rated|
|rule|HP Percentage Mod: HP is shown in percentages
|rule|Endless Battle Clause: Forcing endless battles is banned
|rule|Species Clause: Limit one of each Pokémon
|rule|OHKO Clause: OHKO moves are banned
|rule|Evasion Items Clause: Evasion items are banned
|rule|Evasion Moves Clause: Evasion moves are banned
|rule|Evasion Abilities Clause: Evasion abilities are banned
|rule|Sleep Moves Clause: Sleep-inducing moves are banned
|clearpoke
|poke|p1|Pelipper, M|
|poke|p1|Raging Bolt|
|poke|p1|Overqwil, F|
|poke|p1|Barraskewda, F|
|poke|p1|Iron Treads|
|poke|p1|Kingambit, F|
|poke|p2|Exeggutor-Alola, F|
|poke|p2|Torkoal, M|
|poke|p2|Comfey, F|
|poke|p2|Iron Moth|
|poke|p2|Great Tusk|
|poke|p2|Walking Wake|
|teampreview
|c|☆LowEL0God|hf
|inactive|Battle timer is ON: inactive players will automatically lose when time's up. (requested by LowEL0God)
|c|☆allieway|glhf :3
|inactive|allieway has 120 seconds left.
|
|t:|1781455232
|teamsize|p1|6
|teamsize|p2|6
|start
|switch|p1a: Kingambit|Kingambit, F|100/100
|switch|p2a: Torkoal|Torkoal, M|100/100
|-weather|SunnyDay|[from] ability: Drought|[of] p2a: Torkoal
|turn|1
|
|t:|1781455235
|move|p1a: Kingambit|Swords Dance|p1a: Kingambit
|-boost|p1a: Kingambit|atk|2
|move|p2a: Torkoal|Stealth Rock|p1a: Kingambit
|-sidestart|p1: LowEL0God|move: Stealth Rock
|
|-weather|SunnyDay|[upkeep]
|upkeep
|turn|2
|
|t:|1781455238
|-terastallize|p1a: Kingambit|Dark
|move|p1a: Kingambit|Kowtow Cleave|p2a: Torkoal
|-damage|p2a: Torkoal|19/100
|move|p2a: Torkoal|Lava Plume|p1a: Kingambit
|-damage|p1a: Kingambit|68/100
|
|-weather|SunnyDay|[upkeep]
|-heal|p1a: Kingambit|74/100|[from] item: Leftovers
|upkeep
|turn|3
|
|t:|1781455245
|switch|p2a: Great Tusk|Great Tusk|100/100
|-activate|p2a: Great Tusk|ability: Protosynthesis
|-start|p2a: Great Tusk|protosynthesisdef
|move|p1a: Kingambit|Kowtow Cleave|p2a: Great Tusk
|-resisted|p2a: Great Tusk
|-damage|p2a: Great Tusk|67/100
|
|-weather|SunnyDay|[upkeep]
|-heal|p2a: Great Tusk|73/100|[from] item: Leftovers
|-heal|p1a: Kingambit|80/100|[from] item: Leftovers
|upkeep
|turn|4
|
|t:|1781455251
|move|p2a: Great Tusk|Bulk Up|p2a: Great Tusk
|-boost|p2a: Great Tusk|atk|1
|-boost|p2a: Great Tusk|def|1
|move|p1a: Kingambit|Iron Head|p2a: Great Tusk
|-damage|p2a: Great Tusk|43/100
|
|-weather|SunnyDay|[upkeep]
|-heal|p2a: Great Tusk|49/100|[from] item: Leftovers
|-heal|p1a: Kingambit|86/100|[from] item: Leftovers
|upkeep
|turn|5
|
|t:|1781455259
|move|p2a: Great Tusk|Bulk Up|p2a: Great Tusk
|-boost|p2a: Great Tusk|atk|1
|-boost|p2a: Great Tusk|def|1
|move|p1a: Kingambit|Iron Head|p2a: Great Tusk
|-damage|p2a: Great Tusk|26/100
|
|-weather|SunnyDay|[upkeep]
|-heal|p2a: Great Tusk|33/100|[from] item: Leftovers
|-heal|p1a: Kingambit|93/100|[from] item: Leftovers
|upkeep
|turn|6
|
|t:|1781455262
|move|p2a: Great Tusk|Headlong Rush|p1a: Kingambit
|-damage|p1a: Kingambit|20/100
|-unboost|p2a: Great Tusk|def|1
|-unboost|p2a: Great Tusk|spd|1
|move|p1a: Kingambit|Iron Head|p2a: Great Tusk
|-damage|p2a: Great Tusk|4/100
|
|-weather|SunnyDay|[upkeep]
|-heal|p2a: Great Tusk|10/100|[from] item: Leftovers
|-heal|p1a: Kingambit|26/100|[from] item: Leftovers
|upkeep
|turn|7
|
|t:|1781455268
|move|p1a: Kingambit|Sucker Punch||[still]
|-fail|p1a: Kingambit
|move|p2a: Great Tusk|Bulk Up|p2a: Great Tusk
|-boost|p2a: Great Tusk|atk|1
|-boost|p2a: Great Tusk|def|1
|
|-weather|SunnyDay|[upkeep]
|-heal|p2a: Great Tusk|16/100|[from] item: Leftovers
|-heal|p1a: Kingambit|32/100|[from] item: Leftovers
|upkeep
|turn|8
|
|t:|1781455275
|move|p1a: Kingambit|Sucker Punch|p2a: Great Tusk
|-resisted|p2a: Great Tusk
|-damage|p2a: Great Tusk|4/100
|move|p2a: Great Tusk|Ice Spinner|p1a: Kingambit
|-damage|p1a: Kingambit|0 fnt
|faint|p1a: Kingambit
|-end|p1a: Kingambit|fallenundefined|[silent]
|
|-weather|none
|-end|p2a: Great Tusk|Protosynthesis
|-heal|p2a: Great Tusk|10/100|[from] item: Leftovers
|upkeep
|
|t:|1781455276
|switch|p1a: Iron Treads|Iron Treads|100/100
|-damage|p1a: Iron Treads|97/100|[from] Stealth Rock
|-enditem|p1a: Iron Treads|Booster Energy
|-activate|p1a: Iron Treads|ability: Quark Drive|[fromitem]
|-start|p1a: Iron Treads|quarkdrivespe
|turn|9
|j| 84ieurhd
|
|t:|1781455292
|move|p1a: Iron Treads|Earth Power|p2a: Great Tusk
|-damage|p2a: Great Tusk|0 fnt
|faint|p2a: Great Tusk
|-end|p2a: Great Tusk|Protosynthesis|[silent]
|
|upkeep
|
|t:|1781455302
|switch|p2a: Exeggutor|Exeggutor-Alola, F|100/100
|turn|10
|
|t:|1781455306
|move|p1a: Iron Treads|Rapid Spin|p2a: Exeggutor
|-crit|p2a: Exeggutor
|-damage|p2a: Exeggutor|81/100
|-boost|p1a: Iron Treads|spe|1
|-sideend|p1: LowEL0God|Stealth Rock|[from] move: Rapid Spin|[of] p1a: Iron Treads
|move|p2a: Exeggutor|Flamethrower|p1a: Iron Treads
|-supereffective|p1a: Iron Treads
|-damage|p1a: Iron Treads|0 fnt
|faint|p1a: Iron Treads
|-end|p1a: Iron Treads|Quark Drive|[silent]
|
|upkeep
|
|t:|1781455308
|switch|p1a: Overqwil|Overqwil, F|100/100
|turn|11
|
|t:|1781455325
|move|p2a: Exeggutor|Endure|p2a: Exeggutor
|-singleturn|p2a: Exeggutor|move: Endure
|move|p1a: Overqwil|Gunk Shot|p2a: Exeggutor
|-supereffective|p2a: Exeggutor
|-activate|p2a: Exeggutor|move: Endure
|-damage|p2a: Exeggutor|1/100
|-enditem|p2a: Exeggutor|Starf Berry|[eat]
|-boost|p2a: Exeggutor|spe|2|[from] item: Starf Berry
|-damage|p1a: Overqwil|91/100|[from] item: Life Orb
|
|-item|p2a: Exeggutor|Starf Berry|[from] ability: Harvest
|upkeep
|-enditem|p2a: Exeggutor|Starf Berry|[eat]
|-boost|p2a: Exeggutor|atk|2|[from] item: Starf Berry
|turn|12
|
|t:|1781455339
|move|p2a: Exeggutor|Endure||[still]
|-fail|p2a: Exeggutor
|move|p1a: Overqwil|Liquidation|p2a: Exeggutor
|-resisted|p2a: Exeggutor
|-damage|p2a: Exeggutor|0 fnt
|faint|p2a: Exeggutor
|-damage|p1a: Overqwil|81/100|[from] item: Life Orb
|
|upkeep
|
|t:|1781455349
|switch|p2a: Walking Wake|Walking Wake|100/100
|turn|13
|
|t:|1781455354
|move|p2a: Walking Wake|Dragon Pulse|p1a: Overqwil
|-damage|p1a: Overqwil|0 fnt
|faint|p1a: Overqwil
|
|upkeep
|
|t:|1781455355
|switch|p1a: Barraskewda|Barraskewda, F|100/100
|turn|14
|
|t:|1781455363
|move|p1a: Barraskewda|Close Combat|p2a: Walking Wake
|-crit|p2a: Walking Wake
|-damage|p2a: Walking Wake|0 fnt
|-unboost|p1a: Barraskewda|def|1
|-unboost|p1a: Barraskewda|spd|1
|faint|p2a: Walking Wake
|-end|p2a: Walking Wake|Protosynthesis|[silent]
|
|upkeep
|
|t:|1781455366
|switch|p2a: me on a teusday|Comfey, F|100/100
|turn|15
|
|t:|1781455369
|switch|p1a: Pelipper|Pelipper, M|100/100
|-weather|RainDance|[from] ability: Drizzle|[of] p1a: Pelipper
|move|p2a: me on a teusday|Growth|p2a: me on a teusday
|-boost|p2a: me on a teusday|atk|1
|-boost|p2a: me on a teusday|spa|1
|
|-weather|RainDance|[upkeep]
|upkeep
|turn|16
|
|t:|1781455374
|move|p2a: me on a teusday|Growth|p2a: me on a teusday
|-boost|p2a: me on a teusday|atk|1
|-boost|p2a: me on a teusday|spa|1
|move|p1a: Pelipper|U-turn|p2a: me on a teusday
|-resisted|p2a: me on a teusday
|-damage|p2a: me on a teusday|93/100
|
|t:|1781455376
|switch|p1a: Raging Bolt|Raging Bolt|100/100|[from] U-turn
|-enditem|p1a: Raging Bolt|Booster Energy
|-activate|p1a: Raging Bolt|ability: Protosynthesis|[fromitem]
|-start|p1a: Raging Bolt|protosynthesisspa
|
|-weather|RainDance|[upkeep]
|-heal|p2a: me on a teusday|99/100|[from] item: Leftovers
|upkeep
|turn|17
|
|t:|1781455389
|move|p2a: me on a teusday|Growth|p2a: me on a teusday
|-boost|p2a: me on a teusday|atk|1
|-boost|p2a: me on a teusday|spa|1
|move|p1a: Raging Bolt|Thunder|p2a: me on a teusday
|-damage|p2a: me on a teusday|0 fnt
|faint|p2a: me on a teusday
|
|-weather|RainDance|[upkeep]
|upkeep
|
|t:|1781455399
|switch|p2a: Torkoal|Torkoal, M|19/100
|-weather|SunnyDay|[from] ability: Drought|[of] p2a: Torkoal
|turn|18
|
|t:|1781455402
|move|p1a: Raging Bolt|Weather Ball|p2a: Torkoal
|-resisted|p2a: Torkoal
|-damage|p2a: Torkoal|0 fnt
|faint|p2a: Torkoal
|
|-weather|SunnyDay|[upkeep]
|upkeep
|
|t:|1781455404
|switch|p2a: Iron Moth|Iron Moth|100/100
|-enditem|p2a: Iron Moth|Booster Energy
|-activate|p2a: Iron Moth|ability: Quark Drive|[fromitem]
|-start|p2a: Iron Moth|quarkdrivespe
|turn|19
|
|t:|1781455416
|move|p2a: Iron Moth|Fiery Dance|p1a: Raging Bolt
|-resisted|p1a: Raging Bolt
|-damage|p1a: Raging Bolt|74/100
|move|p1a: Raging Bolt|Draco Meteor|p2a: Iron Moth
|-crit|p2a: Iron Moth
|-damage|p2a: Iron Moth|0 fnt
|-unboost|p1a: Raging Bolt|spa|2
|faint|p2a: Iron Moth
|-end|p2a: Iron Moth|Quark Drive|[silent]
|
|win|LowEL0God
|raw|LowEL0God's rating: 1535 &rarr; <strong>1557</strong><br />(+22 for winning)
|raw|allieway's rating: 1567 &rarr; <strong>1545</strong><br />(-22 for losing)
|l|☆allieway
|player|p2|
|c|☆LowEL0God|gg
|l|☆LowEL0God
|player|p1|
|l| 84ieurhd
