|j|☆sorry4usingstall
|j|☆StarDio
|t:|1781586607
|gametype|singles
|player|p1|sorry4usingstall|colress|1640
|player|p2|StarDio|1|1631
|gen|9
|tier|[Gen 9] OU
|rated|
|rule|HP Percentage Mod: HP is shown in percentages
|rule|Endless Battle Clause: Forcing endless battles is banned
|rule|Species Clause: Limit one of each Pokémon
|rule|OHKO Clause: OHKO moves are banned
|rule|Evasion Items Clause: Evasion items are banned
|rule|Evasion Moves Clause: Evasion moves are banned
|rule|Evasion Abilities Clause: Evasion abilities are banned
|rule|Sleep Moves Clause: Sleep-inducing moves are banned
|clearpoke
|poke|p1|Clodsire, F|
|poke|p1|Dondozo, F|
|poke|p1|Alomomola, F|
|poke|p1|Talonflame, F|
|poke|p1|Toxapex, F|
|poke|p1|Blissey, F|
|poke|p2|Hoopa-Unbound|
|poke|p2|Landorus-Therian, M|
|poke|p2|Cinderace, M|
|poke|p2|Weezing-Galar, M|
|poke|p2|Rotom-Wash|
|poke|p2|Zamazenta-*|
|teampreview
|inactive|Battle timer is ON: inactive players will automatically lose when time's up. (requested by StarDio)
|
|t:|1781586635
|teamsize|p1|6
|teamsize|p2|6
|start
|switch|p1a: Keep Trying.|Toxapex, F|100/100
|switch|p2a: Landorus|Landorus-Therian, M|100/100
|-ability|p2a: Landorus|Intimidate|boost
|-unboost|p1a: Keep Trying.|atk|1
|turn|1
|
|t:|1781586642
|move|p2a: Landorus|Earthquake|p1a: Keep Trying.
|-supereffective|p1a: Keep Trying.
|-damage|p1a: Keep Trying.|25/100
|move|p1a: Keep Trying.|Toxic|p2a: Landorus
|-status|p2a: Landorus|tox
|
|-damage|p2a: Landorus|95/100 tox|[from] psn
|upkeep
|turn|2
|
|t:|1781586645
|switch|p1a: Try Harder.|Alomomola, F, shiny|100/100
|move|p2a: Landorus|Stealth Rock|p1a: Try Harder.
|-sidestart|p1: sorry4usingstall|move: Stealth Rock
|
|-damage|p2a: Landorus|83/100 tox|[from] psn
|upkeep
|turn|3
|
|t:|1781586648
|move|p2a: Landorus|U-turn|p1a: Try Harder.
|-damage|p1a: Try Harder.|86/100
|
|t:|1781586650
|switch|p2a: Rotom|Rotom-Wash|100/100|[from] U-turn
|move|p1a: Try Harder.|Flip Turn|p2a: Rotom
|-resisted|p2a: Rotom
|-damage|p2a: Rotom|94/100
|
|t:|1781586653
|switch|p1a: Keep Trying.|Toxapex, F|59/100|[from] Flip Turn
|
|-heal|p2a: Rotom|99/100|[from] item: Leftovers
|upkeep
|turn|4
|
|t:|1781586658
|switch|p1a: Worth Trying.|Clodsire, F, shiny|100/100
|move|p2a: Rotom|Volt Switch|p1a: Worth Trying.
|-immune|p1a: Worth Trying.
|
|-heal|p2a: Rotom|100/100|[from] item: Leftovers
|upkeep
|turn|5
|
|t:|1781586665
|switch|p2a: Hoopa|Hoopa-Unbound|100/100
|move|p1a: Worth Trying.|Toxic|p2a: Hoopa
|-status|p2a: Hoopa|tox
|
|-damage|p2a: Hoopa|94/100 tox|[from] psn
|upkeep
|turn|6
|
|t:|1781586673
|switch|p1a: Keep Trying.|Toxapex, F|92/100
|move|p2a: Hoopa|Knock Off|p1a: Keep Trying.
|-damage|p1a: Keep Trying.|60/100
|-enditem|p1a: Keep Trying.|Heavy-Duty Boots|[from] move: Knock Off|[of] p2a: Hoopa
|
|-damage|p2a: Hoopa|82/100 tox|[from] psn
|upkeep
|turn|7
|
|t:|1781586680
|-terastallize|p1a: Keep Trying.|Fairy
|move|p2a: Hoopa|Psychic Noise|p1a: Keep Trying.
|-damage|p1a: Keep Trying.|21/100
|-start|p1a: Keep Trying.|move: Heal Block
|cant|p1a: Keep Trying.|move: Heal Block|Recover
|
|-damage|p2a: Hoopa|64/100 tox|[from] psn
|upkeep
|turn|8
|
|t:|1781586687
|switch|p2a: Weezing|Weezing-Galar, M|100/100
|-ability|p2a: Weezing|Neutralizing Gas
|switch|p1a: Try Harder.|Alomomola, F, shiny|100/100
|
|upkeep
|turn|9
|
|t:|1781586695
|move|p2a: Weezing|Will-O-Wisp|p1a: Try Harder.|[miss]
|-miss|p2a: Weezing|p1a: Try Harder.
|move|p1a: Try Harder.|Wish|p1a: Try Harder.
|
|upkeep
|turn|10
|
|t:|1781586700
|switch|p1a: Nice Try.|Talonflame, F, shiny|100/100
|move|p2a: Weezing|Will-O-Wisp|p1a: Nice Try.
|-immune|p1a: Nice Try.
|
|upkeep
|turn|11
|
|t:|1781586706
|-end|p2a: Weezing|ability: Neutralizing Gas
|switch|p2a: Rotom|Rotom-Wash|100/100
|move|p1a: Nice Try.|Will-O-Wisp|p2a: Rotom
|-status|p2a: Rotom|brn
|
|-damage|p2a: Rotom|94/100 brn|[from] brn
|upkeep
|turn|12
|
|t:|1781586711
|switch|p1a: Try Harder.|Alomomola, F, shiny|100/100
|move|p2a: Rotom|Volt Switch|p1a: Try Harder.
|-supereffective|p1a: Try Harder.
|-damage|p1a: Try Harder.|56/100
|
|t:|1781586718
|switch|p2a: Hoopa|Hoopa-Unbound|64/100 tox|[from] Volt Switch
|
|-damage|p2a: Hoopa|58/100 tox|[from] psn
|upkeep
|turn|13
|
|t:|1781586731
|move|p1a: Try Harder.|Protect|p1a: Try Harder.
|-singleturn|p1a: Try Harder.|Protect
|move|p2a: Hoopa|Psychic Noise|p1a: Try Harder.
|-activate|p1a: Try Harder.|move: Protect
|
|-damage|p2a: Hoopa|46/100 tox|[from] psn
|upkeep
|turn|14
|
|t:|1781586734
|switch|p1a: Still Trying?|Blissey, F, shiny|100/100
|move|p2a: Hoopa|Knock Off|p1a: Still Trying?
|-damage|p1a: Still Trying?|48/100
|-enditem|p1a: Still Trying?|Heavy-Duty Boots|[from] move: Knock Off|[of] p2a: Hoopa
|
|-damage|p2a: Hoopa|28/100 tox|[from] psn
|upkeep
|turn|15
|-message|sorry4usingstall forfeited.
|
|win|StarDio
|raw|sorry4usingstall's rating: 1640 &rarr; <strong>1619</strong><br />(-21 for losing)
|raw|StarDio's rating: 1631 &rarr; <strong>1652</strong><br />(+21 for winning)
|l|☆sorry4usingstall
|player|p1|
|l|☆StarDio
|player|p2|
