|j|☆Latin Playboy
|j|☆m5322
|t:|1781429056
|gametype|singles
|player|p1|Latin Playboy|preschooler|1559
|player|p2|m5322|2|1547
|gen|9
|tier|[Gen 9] OU
|rated|
|rule|HP Percentage Mod: HP is shown in percentages
|rule|Endless Battle Clause: Forcing endless battles is banned
|rule|Species Clause: Limit one of each Pokémon
|rule|OHKO Clause: OHKO moves are banned
|rule|Evasion Items Clause: Evasion items are banned
|rule|Evasion Moves Clause: Evasion moves are banned
|rule|Evasion Abilities Clause: Evasion abilities are banned
|rule|Sleep Moves Clause: Sleep-inducing moves are banned
|clearpoke
|poke|p1|Ogerpon-Cornerstone, F|
|poke|p1|Iron Crown|
|poke|p1|Ting-Lu|
|poke|p1|Darkrai|
|poke|p1|Iron Valiant|
|poke|p1|Corviknight, M|
|poke|p2|Weezing-Galar, M|
|poke|p2|Alomomola, F|
|poke|p2|Iron Treads|
|poke|p2|Tornadus-Therian, M|
|poke|p2|Zamazenta-*|
|poke|p2|Lokix, F|
|teampreview
|inactive|Battle timer is ON: inactive players will automatically lose when time's up. (requested by Latin Playboy)
|inactive|Latin Playboy has 120 seconds left.
|
|t:|1781429096
|teamsize|p1|6
|teamsize|p2|6
|start
|switch|p1a: Corviknight|Corviknight, M|100/100
|switch|p2a: Tornadus|Tornadus-Therian, M|100/100
|-ability|p1a: Corviknight|Pressure
|turn|1
|
|t:|1781429119
|switch|p1a: Ting-Lu|Ting-Lu|100/100
|-ability|p1a: Ting-Lu|Vessel of Ruin
|move|p2a: Tornadus|Knock Off|p1a: Ting-Lu
|-resisted|p1a: Ting-Lu
|-damage|p1a: Ting-Lu|95/100
|-enditem|p1a: Ting-Lu|Leftovers|[from] move: Knock Off|[of] p2a: Tornadus
|
|upkeep
|turn|2
|
|t:|1781429128
|move|p2a: Tornadus|U-turn|p1a: Ting-Lu
|-supereffective|p1a: Ting-Lu
|-damage|p1a: Ting-Lu|79/100
|
|t:|1781429134
|switch|p2a: Weezing|Weezing-Galar, M|100/100|[from] U-turn
|-ability|p2a: Weezing|Neutralizing Gas
|move|p1a: Ting-Lu|Ruination|p2a: Weezing
|-damage|p2a: Weezing|51/100
|
|-heal|p2a: Weezing|57/100|[from] item: Leftovers
|upkeep
|turn|3
|
|t:|1781429143
|move|p2a: Weezing|Will-O-Wisp|p1a: Ting-Lu
|-status|p1a: Ting-Lu|brn
|move|p1a: Ting-Lu|Earthquake|p2a: Weezing
|-supereffective|p2a: Weezing
|-damage|p2a: Weezing|32/100
|
|-heal|p2a: Weezing|38/100|[from] item: Leftovers
|-damage|p1a: Ting-Lu|73/100 brn|[from] brn
|upkeep
|turn|4
|
|t:|1781429157
|switch|p1a: Iron Crown|Iron Crown|100/100
|move|p2a: Weezing|Pain Split|p1a: Iron Crown
|-sethp|p1a: Iron Crown|70/100|[from] move: Pain Split|[silent]
|-sethp|p2a: Weezing|67/100|[from] move: Pain Split
|
|-heal|p2a: Weezing|73/100|[from] item: Leftovers
|upkeep
|turn|5
|
|t:|1781429164
|-end|p2a: Weezing|ability: Neutralizing Gas
|switch|p2a: Tornadus|Tornadus-Therian, M|100/100
|move|p1a: Iron Crown|Focus Blast|p2a: Tornadus
|-resisted|p2a: Tornadus
|-damage|p2a: Tornadus|78/100
|
|upkeep
|turn|6
|
|t:|1781429179
|-end|p1a: Iron Crown|Quark Drive|[silent]
|switch|p1a: Ting-Lu|Ting-Lu|73/100 brn
|-ability|p1a: Ting-Lu|Vessel of Ruin
|move|p2a: Tornadus|Knock Off|p1a: Ting-Lu
|-resisted|p1a: Ting-Lu
|-damage|p1a: Ting-Lu|69/100 brn
|
|-damage|p1a: Ting-Lu|63/100 brn|[from] brn
|upkeep
|turn|7
|
|t:|1781429184
|move|p2a: Tornadus|U-turn|p1a: Ting-Lu
|-supereffective|p1a: Ting-Lu
|-damage|p1a: Ting-Lu|48/100 brn
|
|t:|1781429186
|switch|p2a: Alomomola|Alomomola, F|100/100|[from] U-turn
|move|p1a: Ting-Lu|Stealth Rock|p2a: Alomomola
|-sidestart|p2: m5322|move: Stealth Rock
|
|-damage|p1a: Ting-Lu|41/100 brn|[from] brn
|upkeep
|turn|8
|
|t:|1781429190
|move|p1a: Ting-Lu|Ruination|p2a: Alomomola
|-damage|p2a: Alomomola|50/100
|move|p2a: Alomomola|Flip Turn|p1a: Ting-Lu
|-supereffective|p1a: Ting-Lu
|-damage|p1a: Ting-Lu|22/100 brn
|
|t:|1781429196
|switch|p2a: Weezing|Weezing-Galar, M|73/100|[from] Flip Turn
|-ability|p2a: Weezing|Neutralizing Gas
|-damage|p2a: Weezing|61/100|[from] Stealth Rock
|
|-heal|p2a: Weezing|67/100|[from] item: Leftovers
|-damage|p1a: Ting-Lu|16/100 brn|[from] brn
|upkeep
|turn|9
|
|t:|1781429199
|move|p2a: Weezing|Defog|p1a: Ting-Lu
|-unboost|p1a: Ting-Lu|evasion|1
|-sideend|p2: m5322|Stealth Rock|[from] move: Defog|[of] p2a: Weezing
|move|p1a: Ting-Lu|Earthquake|p2a: Weezing
|-supereffective|p2a: Weezing
|-damage|p2a: Weezing|44/100
|
|-heal|p2a: Weezing|50/100|[from] item: Leftovers
|-damage|p1a: Ting-Lu|10/100 brn|[from] brn
|upkeep
|turn|10
|
|t:|1781429204
|move|p2a: Weezing|Defog|p1a: Ting-Lu
|-unboost|p1a: Ting-Lu|evasion|1
|move|p1a: Ting-Lu|Stealth Rock|p2a: Weezing
|-sidestart|p2: m5322|move: Stealth Rock
|
|-heal|p2a: Weezing|56/100|[from] item: Leftovers
|-damage|p1a: Ting-Lu|4/100 brn|[from] brn
|upkeep
|turn|11
|
|t:|1781429213
|move|p2a: Weezing|Defog|p1a: Ting-Lu
|-unboost|p1a: Ting-Lu|evasion|1
|-sideend|p2: m5322|Stealth Rock|[from] move: Defog|[of] p2a: Weezing
|move|p1a: Ting-Lu|Stealth Rock|p2a: Weezing
|-sidestart|p2: m5322|move: Stealth Rock
|
|-heal|p2a: Weezing|62/100|[from] item: Leftovers
|-damage|p1a: Ting-Lu|0 fnt|[from] brn
|faint|p1a: Ting-Lu
|upkeep
|
|t:|1781429228
|switch|p1a: Iron Crown|Iron Crown|70/100
|turn|12
|
|t:|1781429236
|-end|p1a: Iron Crown|Quark Drive|[silent]
|switch|p1a: Ogerpon|Ogerpon-Cornerstone, F|100/100
|-end|p2a: Weezing|ability: Neutralizing Gas
|switch|p2a: Tornadus|Tornadus-Therian, M|100/100
|-damage|p2a: Tornadus|76/100|[from] Stealth Rock
|
|upkeep
|turn|13
|
|t:|1781429252
|move|p2a: Tornadus|U-turn|p1a: Ogerpon
|-supereffective|p1a: Ogerpon
|-damage|p1a: Ogerpon|63/100
|
|t:|1781429255
|switch|p2a: Iron Treads|Iron Treads|100/100|[from] U-turn
|-damage|p2a: Iron Treads|97/100|[from] Stealth Rock
|move|p1a: Ogerpon|Horn Leech|p2a: Iron Treads
|-damage|p2a: Iron Treads|62/100
|-heal|p1a: Ogerpon|84/100|[from] drain|[of] p2a: Iron Treads
|
|-heal|p2a: Iron Treads|68/100|[from] item: Leftovers
|upkeep
|turn|14
|
|t:|1781429263
|move|p1a: Ogerpon|Swords Dance|p1a: Ogerpon
|-boost|p1a: Ogerpon|atk|2
|move|p2a: Iron Treads|Rapid Spin|p1a: Ogerpon
|-resisted|p1a: Ogerpon
|-damage|p1a: Ogerpon|75/100
|-boost|p2a: Iron Treads|spe|1
|-sideend|p2: m5322|Stealth Rock|[from] move: Rapid Spin|[of] p2a: Iron Treads
|
|-heal|p2a: Iron Treads|74/100|[from] item: Leftovers
|upkeep
|turn|15
|
|t:|1781429268
|move|p2a: Iron Treads|Earthquake|p1a: Ogerpon
|-damage|p1a: Ogerpon|22/100
|move|p1a: Ogerpon|Horn Leech|p2a: Iron Treads
|-damage|p2a: Iron Treads|5/100
|-heal|p1a: Ogerpon|64/100|[from] drain|[of] p2a: Iron Treads
|
|-heal|p2a: Iron Treads|11/100|[from] item: Leftovers
|upkeep
|turn|16
|
|t:|1781429283
|switch|p1a: Corviknight|Corviknight, M|100/100
|-ability|p1a: Corviknight|Pressure
|move|p2a: Iron Treads|Earthquake|p1a: Corviknight
|-immune|p1a: Corviknight
|
|-heal|p2a: Iron Treads|17/100|[from] item: Leftovers
|upkeep
|turn|17
|
|t:|1781429293
|-end|p2a: Iron Treads|Quark Drive|[silent]
|switch|p2a: Alomomola|Alomomola, F|84/100
|switch|p1a: Iron Crown|Iron Crown|70/100
|
|upkeep
|turn|18
|
|t:|1781429297
|move|p1a: Iron Crown|Volt Switch|p2a: Alomomola
|-supereffective|p2a: Alomomola
|-damage|p2a: Alomomola|26/100
|
|t:|1781429309
|-end|p1a: Iron Crown|Quark Drive|[silent]
|switch|p1a: Iron Valiant|Iron Valiant|100/100|[from] Volt Switch
|move|p2a: Alomomola|Wish|p2a: Alomomola
|
|upkeep
|turn|19
|
|t:|1781429322
|-end|p1a: Iron Valiant|Quark Drive|[silent]
|switch|p1a: Iron Crown|Iron Crown|70/100
|switch|p2a: Weezing|Weezing-Galar, M|62/100
|-ability|p2a: Weezing|Neutralizing Gas
|
|-heal|p2a: Weezing|100/100|[from] move: Wish|[wisher] Alomomola
|upkeep
|turn|20
|
|t:|1781429337
|-end|p2a: Weezing|ability: Neutralizing Gas
|switch|p2a: Tornadus|Tornadus-Therian, M|100/100
|move|p1a: Iron Crown|Tachyon Cutter|p2a: Tornadus
|-crit|p2a: Tornadus
|-damage|p2a: Tornadus|64/100
|-damage|p2a: Tornadus|39/100
|-hitcount|p2a: Tornadus|2
|
|upkeep
|turn|21
|
|t:|1781429348
|-end|p1a: Iron Crown|Quark Drive|[silent]
|switch|p1a: Darkrai|Darkrai|100/100
|move|p2a: Tornadus|Knock Off|p1a: Darkrai
|-resisted|p1a: Darkrai
|-damage|p1a: Darkrai|87/100
|-enditem|p1a: Darkrai|Heavy-Duty Boots|[from] move: Knock Off|[of] p2a: Tornadus
|
|upkeep
|turn|22
|
|t:|1781429357
|switch|p2a: Lokix|Lokix, F|100/100
|move|p1a: Darkrai|Ice Beam|p2a: Lokix
|-damage|p2a: Lokix|35/100
|
|upkeep
|turn|23
|
|t:|1781429366
|switch|p1a: Corviknight|Corviknight, M|100/100
|-ability|p1a: Corviknight|Pressure
|move|p2a: Lokix|U-turn|p1a: Corviknight
|-resisted|p1a: Corviknight
|-damage|p1a: Corviknight|84/100
|-damage|p2a: Lokix|19/100|[from] item: Rocky Helmet|[of] p1a: Corviknight
|
|t:|1781429379
|switch|p2a: Tornadus|Tornadus-Therian, M|73/100|[from] U-turn
|
|upkeep
|turn|24
|
|t:|1781429401
|switch|p1a: Iron Valiant|Iron Valiant|100/100
|move|p2a: Tornadus|Heat Wave|p1a: Iron Valiant
|-damage|p1a: Iron Valiant|50/100
|
|upkeep
|turn|25
|
|t:|1781429409
|move|p2a: Tornadus|Bleakwind Storm|p1a: Iron Valiant
|-supereffective|p1a: Iron Valiant
|-damage|p1a: Iron Valiant|0 fnt
|faint|p1a: Iron Valiant
|-end|p1a: Iron Valiant|Quark Drive|[silent]
|
|upkeep
|
|t:|1781429414
|switch|p1a: Darkrai|Darkrai|87/100
|turn|26
|
|t:|1781429419
|switch|p2a: Iron Treads|Iron Treads|17/100
|move|p1a: Darkrai|Ice Beam|p2a: Iron Treads
|-damage|p2a: Iron Treads|0 fnt
|faint|p2a: Iron Treads
|-end|p2a: Iron Treads|Quark Drive|[silent]
|
|upkeep
|
|t:|1781429420
|switch|p2a: Lokix|Lokix, F|19/100
|turn|27
|
|t:|1781429432
|switch|p1a: Corviknight|Corviknight, M|84/100
|-ability|p1a: Corviknight|Pressure
|move|p2a: Lokix|First Impression|p1a: Corviknight
|-resisted|p1a: Corviknight
|-damage|p1a: Corviknight|66/100
|-damage|p2a: Lokix|2/100|[from] item: Rocky Helmet|[of] p1a: Corviknight
|
|upkeep
|turn|28
|
|t:|1781429441
|switch|p2a: Alomomola|Alomomola, F|60/100
|switch|p1a: Darkrai|Darkrai|87/100
|
|upkeep
|turn|29
|
|t:|1781429447
|switch|p2a: Weezing|Weezing-Galar, M|100/100
|-ability|p2a: Weezing|Neutralizing Gas
|move|p1a: Darkrai|Dark Pulse|p2a: Weezing
|-resisted|p2a: Weezing
|-damage|p2a: Weezing|70/100
|
|-heal|p2a: Weezing|76/100|[from] item: Leftovers
|upkeep
|turn|30
|
|t:|1781429454
|move|p1a: Darkrai|Nasty Plot|p1a: Darkrai
|-boost|p1a: Darkrai|spa|2
|move|p2a: Weezing|Will-O-Wisp|p1a: Darkrai
|-status|p1a: Darkrai|brn
|
|-heal|p2a: Weezing|82/100|[from] item: Leftovers
|-damage|p1a: Darkrai|81/100 brn|[from] brn
|upkeep
|turn|31
|
|t:|1781429465
|move|p1a: Darkrai|Sludge Bomb|p2a: Weezing
|-damage|p2a: Weezing|0 fnt
|faint|p2a: Weezing
|-end|p2a: Weezing|ability: Neutralizing Gas
|
|-damage|p1a: Darkrai|75/100 brn|[from] brn
|upkeep
|
|t:|1781429470
|switch|p2a: Lokix|Lokix, F|2/100
|turn|32
|
|t:|1781429478
|switch|p1a: Corviknight|Corviknight, M|66/100
|-ability|p1a: Corviknight|Pressure
|switch|p2a: Alomomola|Alomomola, F|93/100
|
|upkeep
|turn|33
|
|t:|1781429484
|switch|p1a: Iron Crown|Iron Crown|70/100
|move|p2a: Alomomola|Wish|p2a: Alomomola
|
|upkeep
|turn|34
|
|t:|1781429501
|move|p1a: Iron Crown|Volt Switch|p2a: Alomomola
|-supereffective|p2a: Alomomola
|-damage|p2a: Alomomola|29/100
|
|t:|1781429510
|-end|p1a: Iron Crown|Quark Drive|[silent]
|switch|p1a: Corviknight|Corviknight, M|66/100|[from] Volt Switch
|-ability|p1a: Corviknight|Pressure
|move|p2a: Alomomola|Flip Turn|p1a: Corviknight
|-damage|p1a: Corviknight|57/100
|-damage|p2a: Alomomola|13/100|[from] item: Rocky Helmet|[of] p1a: Corviknight
|
|t:|1781429513
|switch|p2a: Lokix|Lokix, F|2/100|[from] Flip Turn
|
|-heal|p2a: Lokix|86/100|[from] move: Wish|[wisher] Alomomola
|upkeep
|turn|35
|
|t:|1781429517
|switch|p2a: Alomomola|Alomomola, F|46/100
|move|p1a: Corviknight|Roost|p1a: Corviknight
|-heal|p1a: Corviknight|100/100
|-singleturn|p1a: Corviknight|move: Roost
|
|upkeep
|turn|36
|
|t:|1781429520
|switch|p1a: Iron Crown|Iron Crown|70/100
|move|p2a: Alomomola|Flip Turn|p1a: Iron Crown
|-damage|p1a: Iron Crown|52/100
|
|t:|1781429522
|switch|p2a: Lokix|Lokix, F|86/100|[from] Flip Turn
|
|upkeep
|turn|37
|
|t:|1781429527
|-end|p1a: Iron Crown|Quark Drive|[silent]
|switch|p1a: Corviknight|Corviknight, M|100/100
|-ability|p1a: Corviknight|Pressure
|move|p2a: Lokix|First Impression|p1a: Corviknight
|-resisted|p1a: Corviknight
|-damage|p1a: Corviknight|82/100
|-damage|p2a: Lokix|69/100|[from] item: Rocky Helmet|[of] p1a: Corviknight
|
|upkeep
|turn|38
|
|t:|1781429536
|switch|p2a: Tornadus|Tornadus-Therian, M|100/100
|switch|p1a: Ogerpon|Ogerpon-Cornerstone, F|64/100
|
|upkeep
|turn|39
|
|t:|1781429545
|move|p2a: Tornadus|U-turn|p1a: Ogerpon
|-supereffective|p1a: Ogerpon
|-damage|p1a: Ogerpon|25/100
|
|t:|1781429547
|switch|p2a: Zamazenta|Zamazenta|100/100|[from] U-turn
|-ability|p2a: Zamazenta|Dauntless Shield|boost
|-boost|p2a: Zamazenta|def|1
|move|p1a: Ogerpon|Horn Leech|p2a: Zamazenta
|-damage|p2a: Zamazenta|75/100
|-heal|p1a: Ogerpon|39/100|[from] drain|[of] p2a: Zamazenta
|
|upkeep
|turn|40
|
|t:|1781429552
|switch|p1a: Corviknight|Corviknight, M|82/100
|-ability|p1a: Corviknight|Pressure
|move|p2a: Zamazenta|Close Combat|p1a: Corviknight
|-damage|p1a: Corviknight|23/100
|-unboost|p2a: Zamazenta|def|1
|-unboost|p2a: Zamazenta|spd|1
|-damage|p2a: Zamazenta|58/100|[from] item: Rocky Helmet|[of] p1a: Corviknight
|
|upkeep
|turn|41
|-message|Latin Playboy forfeited.
|
|win|m5322
|raw|Latin Playboy's rating: 1559 &rarr; <strong>1538</strong><br />(-21 for losing)
|raw|m5322's rating: 1547 &rarr; <strong>1568</strong><br />(+21 for winning)
|l|☆Latin Playboy
|player|p1|
|l|☆m5322
|player|p2|
