|j|☆KurisuChestnutOU
|j|‽ayerbe
|t:|1781181965
|gametype|singles
|player|p1|KurisuChestnutOU|may-contest|1557
|player|p2|ayerbe|blackbelt-gen4dp|1650
|gen|9
|tier|[Gen 9] OU
|rated|
|rule|HP Percentage Mod: HP is shown in percentages
|rule|Endless Battle Clause: Forcing endless battles is banned
|rule|Species Clause: Limit one of each Pokémon
|rule|OHKO Clause: OHKO moves are banned
|rule|Evasion Items Clause: Evasion items are banned
|rule|Evasion Moves Clause: Evasion moves are banned
|rule|Evasion Abilities Clause: Evasion abilities are banned
|rule|Sleep Moves Clause: Sleep-inducing moves are banned
|clearpoke
|poke|p1|Gliscor, F|
|poke|p1|Dondozo, F|
|poke|p1|Slowking-Galar, M|
|poke|p1|Gholdengo|
|poke|p1|Great Tusk|
|poke|p1|Kingambit, M|
|poke|p2|Great Tusk|
|poke|p2|Scizor, M|
|poke|p2|Garganacl, M|
|poke|p2|Ting-Lu|
|poke|p2|Raging Bolt|
|poke|p2|Gholdengo|
|teampreview
|inactive|Battle timer is ON: inactive players will automatically lose when time's up. (requested by ayerbe)
|
|t:|1781181972
|teamsize|p1|6
|teamsize|p2|6
|start
|switch|p1a: Great Tusk|Great Tusk|100/100
|switch|p2a: Garganacl|Garganacl, M|100/100
|turn|1
|inactive|KurisuChestnutOU also wants the timer to be on.
|
|t:|1781181978
|-end|p1a: Great Tusk|Protosynthesis|[silent]
|switch|p1a: Gliscor|Gliscor, F|100/100
|move|p2a: Garganacl|Curse|p2a: Garganacl
|-unboost|p2a: Garganacl|spe|1
|-boost|p2a: Garganacl|atk|1
|-boost|p2a: Garganacl|def|1
|
|-status|p1a: Gliscor|tox|[from] item: Toxic Orb
|upkeep
|turn|2
|
|t:|1781181981
|move|p1a: Gliscor|Spikes|p2a: Garganacl
|-sidestart|p2: ayerbe|Spikes
|move|p2a: Garganacl|Block|p1a: Gliscor
|-activate|p1a: Gliscor|trapped
|
|upkeep
|turn|3
|
|t:|1781181985
|move|p1a: Gliscor|Spikes|p2a: Garganacl
|-sidestart|p2: ayerbe|Spikes
|move|p2a: Garganacl|Curse|p2a: Garganacl
|-unboost|p2a: Garganacl|spe|1
|-boost|p2a: Garganacl|atk|1
|-boost|p2a: Garganacl|def|1
|
|upkeep
|turn|4
|
|t:|1781181990
|move|p1a: Gliscor|Spikes|p2a: Garganacl
|-sidestart|p2: ayerbe|Spikes
|move|p2a: Garganacl|Curse|p2a: Garganacl
|-unboost|p2a: Garganacl|spe|1
|-boost|p2a: Garganacl|atk|1
|-boost|p2a: Garganacl|def|1
|
|upkeep
|turn|5
|
|t:|1781181993
|move|p1a: Gliscor|Knock Off|p2a: Garganacl
|-damage|p2a: Garganacl|96/100
|-enditem|p2a: Garganacl|Leftovers|[from] move: Knock Off|[of] p1a: Gliscor
|move|p2a: Garganacl|Curse|p2a: Garganacl
|-unboost|p2a: Garganacl|spe|1
|-boost|p2a: Garganacl|atk|1
|-boost|p2a: Garganacl|def|1
|
|upkeep
|turn|6
|
|t:|1781181999
|move|p1a: Gliscor|Protect|p1a: Gliscor
|-singleturn|p1a: Gliscor|Protect
|move|p2a: Garganacl|Curse|p2a: Garganacl
|-unboost|p2a: Garganacl|spe|1
|-boost|p2a: Garganacl|atk|1
|-boost|p2a: Garganacl|def|1
|
|upkeep
|turn|7
|
|t:|1781182003
|move|p1a: Gliscor|Protect||[still]
|-fail|p1a: Gliscor
|move|p2a: Garganacl|Salt Cure|p1a: Gliscor
|-damage|p1a: Gliscor|72/100 tox
|-start|p1a: Gliscor|Salt Cure
|
|-heal|p1a: Gliscor|85/100 tox|[from] ability: Poison Heal
|-damage|p1a: Gliscor|72/100 tox|[from] Salt Cure
|upkeep
|turn|8
|
|t:|1781182008
|move|p1a: Gliscor|Protect|p1a: Gliscor
|-singleturn|p1a: Gliscor|Protect
|move|p2a: Garganacl|Curse|p2a: Garganacl
|-unboost|p2a: Garganacl|spe|1
|-boost|p2a: Garganacl|atk|1
|-boost|p2a: Garganacl|def|1
|
|-heal|p1a: Gliscor|85/100 tox|[from] ability: Poison Heal
|-damage|p1a: Gliscor|72/100 tox|[from] Salt Cure
|upkeep
|turn|9
|
|t:|1781182011
|move|p1a: Gliscor|Protect||[still]
|-fail|p1a: Gliscor
|move|p2a: Garganacl|Salt Cure|p1a: Gliscor
|-damage|p1a: Gliscor|40/100 tox
|
|-heal|p1a: Gliscor|52/100 tox|[from] ability: Poison Heal
|-damage|p1a: Gliscor|40/100 tox|[from] Salt Cure
|upkeep
|turn|10
|
|t:|1781182016
|move|p1a: Gliscor|Protect|p1a: Gliscor
|-singleturn|p1a: Gliscor|Protect
|move|p2a: Garganacl|Block||[still]
|-fail|p2a: Garganacl
|
|-heal|p1a: Gliscor|52/100 tox|[from] ability: Poison Heal
|-damage|p1a: Gliscor|40/100 tox|[from] Salt Cure
|upkeep
|turn|11
|
|t:|1781182020
|move|p1a: Gliscor|Protect|p1a: Gliscor
|-singleturn|p1a: Gliscor|Protect
|move|p2a: Garganacl|Salt Cure|p1a: Gliscor
|-activate|p1a: Gliscor|move: Protect
|
|-heal|p1a: Gliscor|52/100 tox|[from] ability: Poison Heal
|-damage|p1a: Gliscor|40/100 tox|[from] Salt Cure
|upkeep
|turn|12
|
|t:|1781182024
|move|p1a: Gliscor|Earthquake|p2a: Garganacl
|-supereffective|p2a: Garganacl
|-damage|p2a: Garganacl|87/100
|move|p2a: Garganacl|Salt Cure|p1a: Gliscor
|-damage|p1a: Gliscor|9/100 tox
|
|-heal|p1a: Gliscor|22/100 tox|[from] ability: Poison Heal
|-damage|p1a: Gliscor|9/100 tox|[from] Salt Cure
|upkeep
|turn|13
|
|t:|1781182029
|move|p1a: Gliscor|Earthquake|p2a: Garganacl
|-supereffective|p2a: Garganacl
|-damage|p2a: Garganacl|78/100
|move|p2a: Garganacl|Block||[still]
|-fail|p2a: Garganacl
|
|-heal|p1a: Gliscor|22/100 tox|[from] ability: Poison Heal
|-damage|p1a: Gliscor|9/100 tox|[from] Salt Cure
|upkeep
|turn|14
|
|t:|1781182036
|move|p1a: Gliscor|Earthquake|p2a: Garganacl
|-supereffective|p2a: Garganacl
|-damage|p2a: Garganacl|69/100
|move|p2a: Garganacl|Recover|p2a: Garganacl
|-heal|p2a: Garganacl|100/100
|
|-heal|p1a: Gliscor|22/100 tox|[from] ability: Poison Heal
|-damage|p1a: Gliscor|9/100 tox|[from] Salt Cure
|upkeep
|turn|15
|
|t:|1781182040
|move|p1a: Gliscor|Protect|p1a: Gliscor
|-singleturn|p1a: Gliscor|Protect
|move|p2a: Garganacl|Salt Cure|p1a: Gliscor
|-activate|p1a: Gliscor|move: Protect
|
|-heal|p1a: Gliscor|22/100 tox|[from] ability: Poison Heal
|-damage|p1a: Gliscor|9/100 tox|[from] Salt Cure
|upkeep
|turn|16
|
|t:|1781182046
|move|p1a: Gliscor|Protect||[still]
|-fail|p1a: Gliscor
|move|p2a: Garganacl|Salt Cure|p1a: Gliscor
|-damage|p1a: Gliscor|0 fnt
|faint|p1a: Gliscor
|
|upkeep
|
|t:|1781182050
|switch|p1a: Dondozo|Dondozo, F|100/100
|turn|17
|
|t:|1781182054
|-terastallize|p2a: Garganacl|Ghost
|move|p1a: Dondozo|Wave Crash|p2a: Garganacl
|-damage|p2a: Garganacl|80/100
|-damage|p1a: Dondozo|95/100|[from] Recoil
|move|p2a: Garganacl|Block|p1a: Dondozo
|-activate|p1a: Dondozo|trapped
|
|-heal|p1a: Dondozo|100/100|[from] item: Leftovers
|upkeep
|turn|18
|
|t:|1781182061
|move|p1a: Dondozo|Wave Crash|p2a: Garganacl
|-damage|p2a: Garganacl|61/100
|-damage|p1a: Dondozo|95/100|[from] Recoil
|move|p2a: Garganacl|Salt Cure|p1a: Dondozo
|-damage|p1a: Dondozo|89/100
|-start|p1a: Dondozo|Salt Cure
|
|-heal|p1a: Dondozo|95/100|[from] item: Leftovers
|-damage|p1a: Dondozo|70/100|[from] Salt Cure
|upkeep
|turn|19
|
|t:|1781182065
|move|p1a: Dondozo|Wave Crash|p2a: Garganacl
|-damage|p2a: Garganacl|39/100
|-damage|p1a: Dondozo|65/100|[from] Recoil
|move|p2a: Garganacl|Recover|p2a: Garganacl
|-heal|p2a: Garganacl|89/100
|
|-heal|p1a: Dondozo|71/100|[from] item: Leftovers
|-damage|p1a: Dondozo|46/100|[from] Salt Cure
|upkeep
|turn|20
|
|t:|1781182071
|move|p1a: Dondozo|Wave Crash|p2a: Garganacl
|-damage|p2a: Garganacl|68/100
|-damage|p1a: Dondozo|40/100|[from] Recoil
|move|p2a: Garganacl|Salt Cure|p1a: Dondozo
|-damage|p1a: Dondozo|34/100
|
|-heal|p1a: Dondozo|40/100|[from] item: Leftovers
|-damage|p1a: Dondozo|15/100|[from] Salt Cure
|upkeep
|turn|21
|
|t:|1781182075
|-terastallize|p1a: Dondozo|Dragon
|move|p1a: Dondozo|Rest|p1a: Dondozo
|-status|p1a: Dondozo|slp|[from] move: Rest
|-heal|p1a: Dondozo|100/100 slp|[silent]
|move|p2a: Garganacl|Recover|p2a: Garganacl
|-heal|p2a: Garganacl|100/100
|
|-damage|p1a: Dondozo|88/100 slp|[from] Salt Cure
|upkeep
|turn|22
|
|t:|1781182078
|cant|p1a: Dondozo|slp
|move|p1a: Dondozo|Sleep Talk|p1a: Dondozo
|move|p1a: Dondozo|Body Press|p2a: Garganacl|[from] move: Sleep Talk
|-immune|p2a: Garganacl
|move|p2a: Garganacl|Curse|p1a: Dondozo
|-start|p1a: Dondozo|Curse|[of] p2a: Garganacl
|-damage|p2a: Garganacl|51/100
|
|-heal|p1a: Dondozo|94/100 slp|[from] item: Leftovers
|-damage|p1a: Dondozo|69/100 slp|[from] Curse
|-damage|p1a: Dondozo|57/100 slp|[from] Salt Cure
|upkeep
|turn|23
|
|t:|1781182083
|cant|p1a: Dondozo|slp
|move|p1a: Dondozo|Sleep Talk|p1a: Dondozo
|move|p1a: Dondozo|Rest||[from] move: Sleep Talk|[still]
|-fail|p1a: Dondozo
|move|p2a: Garganacl|Recover|p2a: Garganacl
|-heal|p2a: Garganacl|100/100
|
|-heal|p1a: Dondozo|63/100 slp|[from] item: Leftovers
|-damage|p1a: Dondozo|38/100 slp|[from] Curse
|-damage|p1a: Dondozo|25/100 slp|[from] Salt Cure
|upkeep
|turn|24
|
|t:|1781182088
|-curestatus|p1a: Dondozo|slp|[msg]
|move|p1a: Dondozo|Rest|p1a: Dondozo
|-status|p1a: Dondozo|slp|[from] move: Rest
|-heal|p1a: Dondozo|100/100 slp|[silent]
|move|p2a: Garganacl|Salt Cure|p1a: Dondozo
|-damage|p1a: Dondozo|95/100 slp
|
|-heal|p1a: Dondozo|100/100 slp|[from] item: Leftovers
|-damage|p1a: Dondozo|75/100 slp|[from] Curse
|-damage|p1a: Dondozo|63/100 slp|[from] Salt Cure
|upkeep
|turn|25
|
|t:|1781182093
|cant|p1a: Dondozo|slp
|move|p1a: Dondozo|Sleep Talk|p1a: Dondozo
|move|p1a: Dondozo|Wave Crash|p2a: Garganacl|[from] move: Sleep Talk
|-damage|p2a: Garganacl|80/100
|-damage|p1a: Dondozo|58/100 slp|[from] Recoil
|move|p2a: Garganacl|Salt Cure|p1a: Dondozo
|-damage|p1a: Dondozo|51/100 slp
|
|-heal|p1a: Dondozo|57/100 slp|[from] item: Leftovers
|-damage|p1a: Dondozo|32/100 slp|[from] Curse
|-damage|p1a: Dondozo|20/100 slp|[from] Salt Cure
|upkeep
|turn|26
|
|t:|1781182098
|cant|p1a: Dondozo|slp
|move|p1a: Dondozo|Sleep Talk|p1a: Dondozo
|move|p1a: Dondozo|Wave Crash|p2a: Garganacl|[from] move: Sleep Talk
|-damage|p2a: Garganacl|59/100
|-damage|p1a: Dondozo|14/100 slp|[from] Recoil
|move|p2a: Garganacl|Salt Cure|p1a: Dondozo
|-crit|p1a: Dondozo
|-damage|p1a: Dondozo|6/100 slp
|
|-heal|p1a: Dondozo|12/100 slp|[from] item: Leftovers
|-damage|p1a: Dondozo|0 fnt|[from] Curse
|faint|p1a: Dondozo
|upkeep
|
|t:|1781182108
|switch|p1a: Gholdengo|Gholdengo|100/100
|-item|p1a: Gholdengo|Air Balloon
|turn|27
|
|t:|1781182116
|switch|p2a: Ting-Lu|Ting-Lu|100/100
|-damage|p2a: Ting-Lu|76/100|[from] Spikes
|-ability|p2a: Ting-Lu|Vessel of Ruin
|move|p1a: Gholdengo|Shadow Ball|p2a: Ting-Lu
|-resisted|p2a: Ting-Lu
|-damage|p2a: Ting-Lu|66/100
|
|-heal|p2a: Ting-Lu|72/100|[from] item: Leftovers
|upkeep
|turn|28
|
|t:|1781182124
|move|p1a: Gholdengo|Nasty Plot|p1a: Gholdengo
|-boost|p1a: Gholdengo|spa|2
|move|p2a: Ting-Lu|Stealth Rock|p1a: Gholdengo
|-sidestart|p1: KurisuChestnutOU|move: Stealth Rock
|
|-heal|p2a: Ting-Lu|79/100|[from] item: Leftovers
|upkeep
|turn|29
|
|t:|1781182130
|move|p1a: Gholdengo|Nasty Plot|p1a: Gholdengo
|-boost|p1a: Gholdengo|spa|2
|move|p2a: Ting-Lu|Heavy Slam|p1a: Gholdengo
|-resisted|p1a: Gholdengo
|-damage|p1a: Gholdengo|83/100
|-enditem|p1a: Gholdengo|Air Balloon
|
|-heal|p2a: Ting-Lu|85/100|[from] item: Leftovers
|upkeep
|turn|30
|
|t:|1781182139
|move|p1a: Gholdengo|Recover|p1a: Gholdengo
|-heal|p1a: Gholdengo|100/100
|move|p2a: Ting-Lu|Spikes|p1a: Gholdengo
|-sidestart|p1: KurisuChestnutOU|Spikes
|
|-heal|p2a: Ting-Lu|91/100|[from] item: Leftovers
|upkeep
|turn|31
|
|t:|1781182144
|move|p1a: Gholdengo|Nasty Plot|p1a: Gholdengo
|-boost|p1a: Gholdengo|spa|2
|move|p2a: Ting-Lu|Spikes|p1a: Gholdengo
|-sidestart|p1: KurisuChestnutOU|Spikes
|
|-heal|p2a: Ting-Lu|97/100|[from] item: Leftovers
|upkeep
|turn|32
|
|t:|1781182149
|move|p1a: Gholdengo|Recover||[still]
|-fail|p1a: Gholdengo|heal
|move|p2a: Ting-Lu|Spikes|p1a: Gholdengo
|-sidestart|p1: KurisuChestnutOU|Spikes
|
|-heal|p2a: Ting-Lu|100/100|[from] item: Leftovers
|upkeep
|turn|33
|
|t:|1781182156
|move|p1a: Gholdengo|Recover||[still]
|-fail|p1a: Gholdengo|heal
|move|p2a: Ting-Lu|Heavy Slam|p1a: Gholdengo
|-resisted|p1a: Gholdengo
|-damage|p1a: Gholdengo|84/100
|
|upkeep
|turn|34
|
|t:|1781182163
|move|p1a: Gholdengo|Recover|p1a: Gholdengo
|-heal|p1a: Gholdengo|100/100
|move|p2a: Ting-Lu|Heavy Slam|p1a: Gholdengo
|-resisted|p1a: Gholdengo
|-damage|p1a: Gholdengo|82/100
|
|upkeep
|turn|35
|
|t:|1781182167
|move|p1a: Gholdengo|Recover|p1a: Gholdengo
|-heal|p1a: Gholdengo|100/100
|move|p2a: Ting-Lu|Heavy Slam|p1a: Gholdengo
|-resisted|p1a: Gholdengo
|-damage|p1a: Gholdengo|85/100
|
|upkeep
|turn|36
|
|t:|1781182173
|move|p1a: Gholdengo|Make It Rain|p2a: Ting-Lu
|-crit|p2a: Ting-Lu
|-damage|p2a: Ting-Lu|0 fnt
|-unboost|p1a: Gholdengo|spa|1
|faint|p2a: Ting-Lu
|
|upkeep
|
|t:|1781182176
|switch|p2a: Gholdengo|Gholdengo|100/100
|-damage|p2a: Gholdengo|76/100|[from] Spikes
|turn|37
|
|t:|1781182180
|move|p2a: Gholdengo|Shadow Ball|p1a: Gholdengo
|-supereffective|p1a: Gholdengo
|-damage|p1a: Gholdengo|0 fnt
|faint|p1a: Gholdengo
|
|upkeep
|
|t:|1781182189
|switch|p1a: Great Tusk|Great Tusk|100/100
|turn|38
|
|t:|1781182193
|-end|p1a: Great Tusk|Protosynthesis|[silent]
|switch|p1a: Kingambit|Kingambit, M|100/100
|-damage|p1a: Kingambit|94/100|[from] Stealth Rock
|-damage|p1a: Kingambit|70/100|[from] Spikes
|-activate|p1a: Kingambit|ability: Supreme Overlord
|-start|p1a: Kingambit|fallen3|[silent]
|move|p2a: Gholdengo|Shadow Ball|p1a: Kingambit
|-resisted|p1a: Kingambit
|-damage|p1a: Kingambit|43/100
|
|-heal|p1a: Kingambit|49/100|[from] item: Leftovers
|upkeep
|turn|39
|
|t:|1781182200
|switch|p2a: Great Tusk|Great Tusk|100/100
|move|p1a: Kingambit|Iron Head|p2a: Great Tusk
|-damage|p2a: Great Tusk|59/100
|
|-heal|p1a: Kingambit|55/100|[from] item: Leftovers
|upkeep
|turn|40
|
|t:|1781182205
|move|p2a: Great Tusk|Rapid Spin|p1a: Kingambit
|-resisted|p1a: Kingambit
|-damage|p1a: Kingambit|49/100
|-boost|p2a: Great Tusk|spe|1
|-sideend|p2: ayerbe|Spikes|[from] move: Rapid Spin|[of] p2a: Great Tusk
|move|p1a: Kingambit|Iron Head|p2a: Great Tusk
|-damage|p2a: Great Tusk|19/100
|
|-heal|p1a: Kingambit|55/100|[from] item: Leftovers
|upkeep
|turn|41
|
|t:|1781182212
|-end|p2a: Great Tusk|Protosynthesis|[silent]
|switch|p2a: Gholdengo|Gholdengo|76/100
|move|p1a: Kingambit|Sucker Punch||[still]
|-fail|p1a: Kingambit
|
|-heal|p1a: Kingambit|62/100|[from] item: Leftovers
|upkeep
|turn|42
|
|t:|1781182216
|move|p2a: Gholdengo|Trick|p1a: Kingambit
|-activate|p2a: Gholdengo|move: Trick|[of] p1a: Kingambit
|-item|p1a: Kingambit|Choice Scarf|[from] move: Trick
|-item|p2a: Gholdengo|Leftovers|[from] move: Trick
|move|p1a: Kingambit|Iron Head|p2a: Gholdengo
|-resisted|p2a: Gholdengo
|-damage|p2a: Gholdengo|38/100
|
|-heal|p2a: Gholdengo|44/100|[from] item: Leftovers
|upkeep
|turn|43
|
|t:|1781182225
|move|p1a: Kingambit|Iron Head|p2a: Gholdengo
|-resisted|p2a: Gholdengo
|-damage|p2a: Gholdengo|11/100
|cant|p2a: Gholdengo|flinch
|
|-heal|p2a: Gholdengo|17/100|[from] item: Leftovers
|upkeep
|turn|44
|
|t:|1781182229
|switch|p2a: Raging Bolt|Raging Bolt|100/100
|move|p1a: Kingambit|Iron Head|p2a: Raging Bolt
|-resisted|p2a: Raging Bolt
|-damage|p2a: Raging Bolt|74/100
|
|upkeep
|turn|45
|
|t:|1781182233
|move|p1a: Kingambit|Iron Head|p2a: Raging Bolt
|-resisted|p2a: Raging Bolt
|-damage|p2a: Raging Bolt|50/100
|cant|p2a: Raging Bolt|flinch
|
|upkeep
|turn|46
|
|t:|1781182241
|move|p2a: Raging Bolt|Thunderclap|p1a: Kingambit
|-damage|p1a: Kingambit|12/100
|move|p1a: Kingambit|Iron Head|p2a: Raging Bolt
|-resisted|p2a: Raging Bolt
|-damage|p2a: Raging Bolt|25/100
|
|upkeep
|turn|47
|
|t:|1781182245
|move|p2a: Raging Bolt|Thunderclap|p1a: Kingambit
|-damage|p1a: Kingambit|0 fnt
|faint|p1a: Kingambit
|-end|p1a: Kingambit|fallen3|[silent]
|
|upkeep
|
|t:|1781182252
|switch|p1a: Great Tusk|Great Tusk|100/100
|turn|48
|
|t:|1781182258
|move|p1a: Great Tusk|Ice Spinner|p2a: Raging Bolt
|-supereffective|p2a: Raging Bolt
|-damage|p2a: Raging Bolt|0 fnt
|faint|p2a: Raging Bolt
|-end|p2a: Raging Bolt|Protosynthesis|[silent]
|
|upkeep
|
|t:|1781182264
|switch|p2a: Garganacl|Garganacl, M, tera:Ghost|59/100
|turn|49
|
|t:|1781182269
|move|p1a: Great Tusk|Knock Off|p2a: Garganacl
|-supereffective|p2a: Garganacl
|-damage|p2a: Garganacl|37/100
|move|p2a: Garganacl|Salt Cure|p1a: Great Tusk
|-resisted|p1a: Great Tusk
|-damage|p1a: Great Tusk|98/100
|-start|p1a: Great Tusk|Salt Cure
|
|-damage|p1a: Great Tusk|85/100|[from] Salt Cure
|upkeep
|turn|50
|
|t:|1781182279
|-end|p1a: Great Tusk|Protosynthesis|[silent]
|switch|p1a: Slowking|Slowking-Galar, M|100/100
|-damage|p1a: Slowking|88/100|[from] Stealth Rock
|-damage|p1a: Slowking|63/100|[from] Spikes
|move|p2a: Garganacl|Recover|p2a: Garganacl
|-heal|p2a: Garganacl|87/100
|
|upkeep
|turn|51
|
|t:|1781182282
|move|p2a: Garganacl|Salt Cure|p1a: Slowking
|-damage|p1a: Slowking|48/100
|-start|p1a: Slowking|Salt Cure
|move|p1a: Slowking|Future Sight|p2a: Garganacl
|-start|p1a: Slowking|move: Future Sight
|
|-damage|p1a: Slowking|36/100|[from] Salt Cure
|upkeep
|turn|52
|
|t:|1781182292
|move|p2a: Garganacl|Salt Cure|p1a: Slowking
|-damage|p1a: Slowking|21/100
|move|p1a: Slowking|Flamethrower|p2a: Garganacl
|-damage|p2a: Garganacl|66/100
|
|-damage|p1a: Slowking|9/100|[from] Salt Cure
|upkeep
|turn|53
|
|t:|1781182299
|switch|p2a: Gholdengo|Gholdengo|17/100
|switch|p1a: Great Tusk|Great Tusk|85/100
|
|-end|p2a: Gholdengo|move: Future Sight
|-resisted|p2a: Gholdengo
|-damage|p2a: Gholdengo|0 fnt
|faint|p2a: Gholdengo
|upkeep
|
|t:|1781182304
|switch|p2a: Garganacl|Garganacl, M, tera:Ghost|66/100
|turn|54
|
|t:|1781182308
|move|p1a: Great Tusk|Knock Off|p2a: Garganacl
|-supereffective|p2a: Garganacl
|-damage|p2a: Garganacl|41/100
|move|p2a: Garganacl|Salt Cure|p1a: Great Tusk
|-resisted|p1a: Great Tusk
|-damage|p1a: Great Tusk|83/100
|-start|p1a: Great Tusk|Salt Cure
|
|-damage|p1a: Great Tusk|71/100|[from] Salt Cure
|upkeep
|turn|55
|
|t:|1781182313
|move|p1a: Great Tusk|Knock Off|p2a: Garganacl
|-supereffective|p2a: Garganacl
|-damage|p2a: Garganacl|18/100
|move|p2a: Garganacl|Recover|p2a: Garganacl
|-heal|p2a: Garganacl|68/100
|
|-damage|p1a: Great Tusk|58/100|[from] Salt Cure
|upkeep
|turn|56
|
|t:|1781182323
|move|p1a: Great Tusk|Headlong Rush|p2a: Garganacl
|-damage|p2a: Garganacl|38/100
|-unboost|p1a: Great Tusk|def|1
|-unboost|p1a: Great Tusk|spd|1
|move|p2a: Garganacl|Recover|p2a: Garganacl
|-heal|p2a: Garganacl|88/100
|
|-damage|p1a: Great Tusk|46/100|[from] Salt Cure
|upkeep
|turn|57
|
|t:|1781182330
|move|p1a: Great Tusk|Headlong Rush|p2a: Garganacl
|-damage|p2a: Garganacl|59/100
|-unboost|p1a: Great Tusk|def|1
|-unboost|p1a: Great Tusk|spd|1
|move|p2a: Garganacl|Salt Cure|p1a: Great Tusk
|-resisted|p1a: Great Tusk
|-damage|p1a: Great Tusk|40/100
|
|-damage|p1a: Great Tusk|28/100|[from] Salt Cure
|upkeep
|turn|58
|
|t:|1781182333
|move|p1a: Great Tusk|Rapid Spin|p2a: Garganacl
|-immune|p2a: Garganacl
|move|p2a: Garganacl|Recover|p2a: Garganacl
|-heal|p2a: Garganacl|100/100
|
|-damage|p1a: Great Tusk|16/100|[from] Salt Cure
|upkeep
|turn|59
|
|t:|1781182337
|-end|p1a: Great Tusk|Protosynthesis|[silent]
|switch|p1a: Slowking|Slowking-Galar, M|42/100
|-damage|p1a: Slowking|30/100|[from] Stealth Rock
|-damage|p1a: Slowking|5/100|[from] Spikes
|move|p2a: Garganacl|Salt Cure|p1a: Slowking
|-damage|p1a: Slowking|0 fnt
|faint|p1a: Slowking
|
|upkeep
|
|t:|1781182341
|switch|p1a: Great Tusk|Great Tusk|16/100
|turn|60
|
|t:|1781182343
|move|p1a: Great Tusk|Knock Off|p2a: Garganacl
|-supereffective|p2a: Garganacl
|-damage|p2a: Garganacl|78/100
|move|p2a: Garganacl|Salt Cure|p1a: Great Tusk
|-resisted|p1a: Great Tusk
|-damage|p1a: Great Tusk|13/100
|-start|p1a: Great Tusk|Salt Cure
|
|-damage|p1a: Great Tusk|1/100|[from] Salt Cure
|upkeep
|turn|61
|
|t:|1781182349
|move|p1a: Great Tusk|Headlong Rush|p2a: Garganacl
|-damage|p2a: Garganacl|46/100
|-unboost|p1a: Great Tusk|def|1
|-unboost|p1a: Great Tusk|spd|1
|move|p2a: Garganacl|Curse|p1a: Great Tusk
|-start|p1a: Great Tusk|Curse|[of] p2a: Garganacl
|-damage|p2a: Garganacl|0 fnt
|faint|p2a: Garganacl
|
|-damage|p1a: Great Tusk|0 fnt|[from] Curse
|faint|p1a: Great Tusk
|-end|p1a: Great Tusk|Protosynthesis|[silent]
|
|win|ayerbe
|raw|KurisuChestnutOU's rating: 1568 &rarr; <strong>1553</strong><br />(-15 for losing)
|raw|ayerbe's rating: 1650 &rarr; <strong>1665</strong><br />(+15 for winning)
