|j|☆myree
|j|☆KnightKnaveSpy
|t:|1781385534
|gametype|singles
|player|p1|myree|benga|1614
|player|p2|KnightKnaveSpy|265|1550
|gen|9
|tier|[Gen 9] OU
|rated|
|rule|HP Percentage Mod: HP is shown in percentages
|rule|Endless Battle Clause: Forcing endless battles is banned
|rule|Species Clause: Limit one of each Pokémon
|rule|OHKO Clause: OHKO moves are banned
|rule|Evasion Items Clause: Evasion items are banned
|rule|Evasion Moves Clause: Evasion moves are banned
|rule|Evasion Abilities Clause: Evasion abilities are banned
|rule|Sleep Moves Clause: Sleep-inducing moves are banned
|clearpoke
|poke|p1|Ting-Lu|
|poke|p1|Hydrapple, F|
|poke|p1|Iron Boulder|
|poke|p1|Iron Crown|
|poke|p1|Pecharunt|
|poke|p1|Enamorus-Therian, F|
|poke|p2|Samurott-Hisui, F|
|poke|p2|Blaziken, M|
|poke|p2|Kingambit, M|
|poke|p2|Raging Bolt|
|poke|p2|Ogerpon-Wellspring, F|
|poke|p2|Greninja-*, F|
|teampreview
|inactive|Battle timer is ON: inactive players will automatically lose when time's up. (requested by KnightKnaveSpy)
|
|t:|1781385580
|teamsize|p1|6
|teamsize|p2|6
|start
|switch|p1a: s. kaiki|Iron Crown|100/100
|switch|p2a: Samurott|Samurott-Hisui, F|100/100
|turn|1
|
|t:|1781385584
|move|p2a: Samurott|Sucker Punch|p1a: s. kaiki
|-supereffective|p1a: s. kaiki
|-damage|p1a: s. kaiki|40/100
|move|p1a: s. kaiki|Volt Switch|p2a: Samurott
|-supereffective|p2a: Samurott
|-damage|p2a: Samurott|20/100
|
|t:|1781385593
|-end|p1a: s. kaiki|Quark Drive|[silent]
|switch|p1a: dr. hyd-raa|Hydrapple, F|100/100|[from] Volt Switch
|
|upkeep
|turn|2
|
|t:|1781385596
|move|p2a: Samurott|Ceaseless Edge|p1a: dr. hyd-raa
|-damage|p1a: dr. hyd-raa|68/100
|-damage|p2a: Samurott|4/100|[from] item: Rocky Helmet|[of] p1a: dr. hyd-raa
|-sidestart|p1: myree|Spikes
|move|p1a: dr. hyd-raa|Giga Drain|p2a: Samurott
|-supereffective|p2a: Samurott
|-damage|p2a: Samurott|0 fnt
|-heal|p1a: dr. hyd-raa|70/100|[from] drain|[of] p2a: Samurott
|faint|p2a: Samurott
|
|upkeep
|
|t:|1781385608
|switch|p2a: Greninja|Greninja, F|100/100
|turn|3
|
|t:|1781385615
|switch|p1a: s. kaiki|Iron Crown|40/100
|-damage|p1a: s. kaiki|28/100|[from] Spikes
|move|p2a: Greninja|Dark Pulse|p1a: s. kaiki
|-start|p2a: Greninja|typechange|Dark|[from] ability: Protean
|-supereffective|p1a: s. kaiki
|-damage|p1a: s. kaiki|0 fnt
|faint|p1a: s. kaiki
|-end|p1a: s. kaiki|Quark Drive|[silent]
|
|upkeep
|
|t:|1781385621
|switch|p1a: na'am tee|Enamorus-Therian, F|100/100
|turn|4
|
|t:|1781385645
|-terastallize|p2a: Greninja|Water
|move|p2a: Greninja|Hydro Pump|p1a: na'am tee|[miss]
|-miss|p2a: Greninja|p1a: na'am tee
|move|p1a: na'am tee|Draining Kiss|p2a: Greninja
|-damage|p2a: Greninja|57/100
|
|upkeep
|turn|5
|
|t:|1781385651
|switch|p1a: dr. hyd-raa|Hydrapple, F|100/100
|-damage|p1a: dr. hyd-raa|88/100|[from] Spikes
|move|p2a: Greninja|Hydro Pump|p1a: dr. hyd-raa
|-resisted|p1a: dr. hyd-raa
|-damage|p1a: dr. hyd-raa|77/100
|
|upkeep
|turn|6
|
|t:|1781385660
|move|p2a: Greninja|Ice Beam|p1a: dr. hyd-raa
|-supereffective|p1a: dr. hyd-raa
|-crit|p1a: dr. hyd-raa
|-damage|p1a: dr. hyd-raa|0 fnt
|faint|p1a: dr. hyd-raa
|
|upkeep
|
|t:|1781385666
|switch|p1a: chef boul-dar-D|Iron Boulder|100/100
|turn|7
|
|t:|1781385674
|move|p2a: Greninja|Water Shuriken|p1a: chef boul-dar-D
|-supereffective|p1a: chef boul-dar-D
|-damage|p1a: chef boul-dar-D|87/100
|-supereffective|p1a: chef boul-dar-D
|-damage|p1a: chef boul-dar-D|73/100
|-hitcount|p1a: chef boul-dar-D|2
|move|p1a: chef boul-dar-D|Mighty Cleave|p2a: Greninja
|-damage|p2a: Greninja|0 fnt
|faint|p2a: Greninja
|
|upkeep
|
|t:|1781385692
|switch|p2a: Ogerpon|Ogerpon-Wellspring, F|100/100
|turn|8
|inactive|myree has 120 seconds left.
|
|t:|1781385746
|move|p1a: chef boul-dar-D|Mighty Cleave|p2a: Ogerpon
|-damage|p2a: Ogerpon|38/100
|move|p2a: Ogerpon|Ivy Cudgel|p1a: chef boul-dar-D|[anim] Ivy Cudgel Water
|-supereffective|p1a: chef boul-dar-D
|-damage|p1a: chef boul-dar-D|0 fnt
|faint|p1a: chef boul-dar-D
|-end|p1a: chef boul-dar-D|Quark Drive|[silent]
|
|upkeep
|
|t:|1781385749
|switch|p1a: mrz. puff|Pecharunt|100/100
|-damage|p1a: mrz. puff|88/100|[from] Spikes
|turn|9
|
|t:|1781385756
|move|p2a: Ogerpon|Ivy Cudgel|p1a: mrz. puff|[anim] Ivy Cudgel Water
|-damage|p1a: mrz. puff|59/100
|move|p1a: mrz. puff|Shadow Ball|p2a: Ogerpon
|-damage|p2a: Ogerpon|5/100
|
|upkeep
|turn|10
|
|t:|1781385760
|move|p2a: Ogerpon|Swords Dance|p2a: Ogerpon
|-boost|p2a: Ogerpon|atk|2
|move|p1a: mrz. puff|Recover|p1a: mrz. puff
|-heal|p1a: mrz. puff|100/100
|
|upkeep
|turn|11
|
|t:|1781385762
|move|p2a: Ogerpon|Ivy Cudgel|p1a: mrz. puff|[anim] Ivy Cudgel Water
|-crit|p1a: mrz. puff
|-damage|p1a: mrz. puff|9/100
|move|p1a: mrz. puff|Malignant Chain|p2a: Ogerpon
|-supereffective|p2a: Ogerpon
|-damage|p2a: Ogerpon|0 fnt
|faint|p2a: Ogerpon
|
|upkeep
|
|t:|1781385769
|switch|p2a: Kingambit|Kingambit, M|100/100
|-activate|p2a: Kingambit|ability: Supreme Overlord
|-start|p2a: Kingambit|fallen3|[silent]
|turn|12
|
|t:|1781385774
|move|p1a: mrz. puff|Destiny Bond|p1a: mrz. puff
|-singlemove|p1a: mrz. puff|Destiny Bond
|move|p2a: Kingambit|Kowtow Cleave|p1a: mrz. puff
|-supereffective|p1a: mrz. puff
|-damage|p1a: mrz. puff|0 fnt
|-damage|p2a: Kingambit|84/100|[from] item: Rocky Helmet|[of] p1a: mrz. puff
|faint|p1a: mrz. puff
|-activate|p1a: mrz. puff|move: Destiny Bond
|faint|p2a: Kingambit
|-end|p2a: Kingambit|fallen3|[silent]
|
|upkeep
|
|t:|1781385794
|switch|p1a: na'am tee|Enamorus-Therian, F|100/100
|switch|p2a: Blaziken|Blaziken, M|100/100
|turn|13
|
|t:|1781385803
|move|p2a: Blaziken|Swords Dance|p2a: Blaziken
|-boost|p2a: Blaziken|atk|2
|move|p1a: na'am tee|Earth Power|p2a: Blaziken
|-supereffective|p2a: Blaziken
|-damage|p2a: Blaziken|1/100
|
|-heal|p2a: Blaziken|7/100|[from] item: Leftovers
|-ability|p2a: Blaziken|Speed Boost|boost
|-boost|p2a: Blaziken|spe|1
|upkeep
|turn|14
|
|t:|1781385812
|switch|p2a: Raging Bolt|Raging Bolt|100/100
|-item|p2a: Raging Bolt|Air Balloon
|move|p1a: na'am tee|Draining Kiss|p2a: Raging Bolt
|-supereffective|p2a: Raging Bolt
|-damage|p2a: Raging Bolt|50/100
|-enditem|p2a: Raging Bolt|Air Balloon
|
|upkeep
|turn|15
|-message|KnightKnaveSpy forfeited.
|
|win|myree
|raw|myree's rating: 1614 &rarr; <strong>1630</strong><br />(+16 for winning)
|raw|KnightKnaveSpy's rating: 1550 &rarr; <strong>1534</strong><br />(-16 for losing)
|l|☆KnightKnaveSpy
|player|p2|
|l|☆myree
|player|p1|
