|j|☆thelarpinglarper
|j|☆rblt ryo
|t:|1781590092
|gametype|singles
|player|p1|thelarpinglarper|sordward|1701
|player|p2|rblt ryo|grimsley-gen7|1703
|gen|9
|tier|[Gen 9] OU
|rated|
|rule|HP Percentage Mod: HP is shown in percentages
|rule|Endless Battle Clause: Forcing endless battles is banned
|rule|Species Clause: Limit one of each Pokémon
|rule|OHKO Clause: OHKO moves are banned
|rule|Evasion Items Clause: Evasion items are banned
|rule|Evasion Moves Clause: Evasion moves are banned
|rule|Evasion Abilities Clause: Evasion abilities are banned
|rule|Sleep Moves Clause: Sleep-inducing moves are banned
|clearpoke
|poke|p1|Samurott-Hisui, M|
|poke|p1|Iron Treads|
|poke|p1|Iron Valiant|
|poke|p1|Rotom-Wash|
|poke|p1|Iron Moth|
|poke|p1|Pecharunt|
|poke|p2|Ting-Lu|
|poke|p2|Corviknight, M|
|poke|p2|Hatterene, F|
|poke|p2|Amoonguss, M|
|poke|p2|Dondozo, M|
|poke|p2|Hoopa-Unbound|
|teampreview
|inactive|Battle timer is ON: inactive players will automatically lose when time's up. (requested by thelarpinglarper)
|
|t:|1781590104
|teamsize|p1|6
|teamsize|p2|6
|start
|switch|p1a: Iron Moth|Iron Moth|100/100
|switch|p2a: Hoopa|Hoopa-Unbound|100/100
|turn|1
|
|t:|1781590110
|move|p1a: Iron Moth|U-turn|p2a: Hoopa
|-supereffective|p2a: Hoopa
|-damage|p2a: Hoopa|57/100
|inactive|thelarpinglarper has 120 seconds left.
|
|t:|1781590141
|-end|p1a: Iron Moth|Quark Drive|[silent]
|switch|p1a: Samurott|Samurott-Hisui, M|100/100|[from] U-turn
|move|p2a: Hoopa|Knock Off|p1a: Samurott
|-resisted|p1a: Samurott
|-damage|p1a: Samurott|66/100
|-enditem|p1a: Samurott|Choice Band|[from] move: Knock Off|[of] p2a: Hoopa
|
|upkeep
|turn|2
|
|t:|1781590147
|move|p1a: Samurott|Razor Shell|p2a: Hoopa
|-damage|p2a: Hoopa|4/100
|-unboost|p2a: Hoopa|def|1
|move|p2a: Hoopa|Drain Punch|p1a: Samurott
|-supereffective|p1a: Samurott
|-damage|p1a: Samurott|0 fnt
|-heal|p2a: Hoopa|33/100|[from] drain|[of] p1a: Samurott
|faint|p1a: Samurott
|
|upkeep
|
|t:|1781590152
|switch|p1a: Iron Moth|Iron Moth|100/100
|turn|3
|
|t:|1781590157
|switch|p2a: Ting-Lu|Ting-Lu|100/100
|-ability|p2a: Ting-Lu|Vessel of Ruin
|-terastallize|p1a: Iron Moth|Fire
|move|p1a: Iron Moth|Fiery Dance|p2a: Ting-Lu
|-damage|p2a: Ting-Lu|63/100
|
|-heal|p2a: Ting-Lu|69/100|[from] item: Leftovers
|upkeep
|turn|4
|
|t:|1781590181
|-end|p1a: Iron Moth|Quark Drive|[silent]
|switch|p1a: Rotom|Rotom-Wash|100/100
|switch|p2a: Amoonguss|Amoonguss, M|100/100
|
|upkeep
|turn|5
|
|t:|1781590188
|move|p1a: Rotom|Volt Switch|p2a: Amoonguss
|-resisted|p2a: Amoonguss
|-damage|p2a: Amoonguss|88/100
|
|t:|1781590192
|switch|p1a: Pecharunt|Pecharunt|100/100|[from] Volt Switch
|move|p2a: Amoonguss|Stun Spore|p1a: Pecharunt
|-status|p1a: Pecharunt|par
|
|upkeep
|turn|6
|
|t:|1781590198
|move|p1a: Pecharunt|Parting Shot|p2a: Amoonguss
|-unboost|p2a: Amoonguss|atk|1
|-unboost|p2a: Amoonguss|spa|1
|
|t:|1781590202
|switch|p1a: Rotom|Rotom-Wash|100/100|[from] Parting Shot
|move|p2a: Amoonguss|Stun Spore|p1a: Rotom
|-immune|p1a: Rotom
|
|upkeep
|turn|7
|
|t:|1781590207
|move|p1a: Rotom|Volt Switch|p2a: Amoonguss
|-resisted|p2a: Amoonguss
|-damage|p2a: Amoonguss|77/100
|
|t:|1781590209
|switch|p1a: Pecharunt|Pecharunt|100/100 par|[from] Volt Switch
|move|p2a: Amoonguss|Sludge Bomb|p1a: Pecharunt
|-resisted|p1a: Pecharunt
|-damage|p1a: Pecharunt|96/100 par
|
|upkeep
|turn|8
|
|t:|1781590214
|cant|p1a: Pecharunt|par
|move|p2a: Amoonguss|Sludge Bomb|p1a: Pecharunt
|-resisted|p1a: Pecharunt
|-damage|p1a: Pecharunt|92/100 par
|
|upkeep
|turn|9
|
|t:|1781590216
|move|p1a: Pecharunt|Foul Play|p2a: Amoonguss
|-damage|p2a: Amoonguss|68/100
|move|p2a: Amoonguss|Sludge Bomb|p1a: Pecharunt
|-resisted|p1a: Pecharunt
|-damage|p1a: Pecharunt|87/100 par
|
|upkeep
|turn|10
|
|t:|1781590220
|move|p1a: Pecharunt|Parting Shot|p2a: Amoonguss
|-unboost|p2a: Amoonguss|atk|1
|-unboost|p2a: Amoonguss|spa|1
|
|t:|1781590222
|switch|p1a: Rotom|Rotom-Wash|100/100|[from] Parting Shot
|move|p2a: Amoonguss|Sludge Bomb|p1a: Rotom
|-damage|p1a: Rotom|84/100
|
|upkeep
|turn|11
|
|t:|1781590230
|switch|p2a: Ting-Lu|Ting-Lu|69/100
|-ability|p2a: Ting-Lu|Vessel of Ruin
|move|p1a: Rotom|Volt Switch|p2a: Ting-Lu
|-immune|p2a: Ting-Lu
|
|-heal|p2a: Ting-Lu|75/100|[from] item: Leftovers
|upkeep
|turn|12
|
|t:|1781590233
|switch|p2a: Amoonguss|Amoonguss, M|100/100
|move|p1a: Rotom|Hydro Pump|p2a: Amoonguss
|-resisted|p2a: Amoonguss
|-damage|p2a: Amoonguss|81/100
|
|upkeep
|turn|13
|
|t:|1781590239
|move|p1a: Rotom|Volt Switch|p2a: Amoonguss
|-resisted|p2a: Amoonguss
|-damage|p2a: Amoonguss|70/100
|
|t:|1781590247
|switch|p1a: Pecharunt|Pecharunt|87/100 par|[from] Volt Switch
|move|p2a: Amoonguss|Stun Spore|p1a: Pecharunt
|-fail|p1a: Pecharunt|par
|
|upkeep
|turn|14
|
|t:|1781590251
|move|p1a: Pecharunt|Foul Play|p2a: Amoonguss
|-crit|p2a: Amoonguss
|-damage|p2a: Amoonguss|49/100
|move|p2a: Amoonguss|Sludge Bomb|p1a: Pecharunt
|-resisted|p1a: Pecharunt
|-damage|p1a: Pecharunt|80/100 par
|
|upkeep
|turn|15
|inactive|thelarpinglarper has 120 seconds left.
|
|t:|1781590292
|switch|p2a: Hatterene|Hatterene, F|100/100
|move|p1a: Pecharunt|Parting Shot|p2a: Hatterene
|move|p2a: Hatterene|Parting Shot|p1a: Pecharunt|[from] ability: Magic Bounce
|-unboost|p1a: Pecharunt|atk|1
|-unboost|p1a: Pecharunt|spa|1
|
|t:|1781590296
|switch|p2a: Hoopa|Hoopa-Unbound|33/100|[from] Parting Shot
|
|upkeep
|turn|16
|inactive|thelarpinglarper has 120 seconds left.
|
|t:|1781590301
|move|p2a: Hoopa|Knock Off|p1a: Pecharunt
|-supereffective|p1a: Pecharunt
|-damage|p1a: Pecharunt|31/100 par
|-enditem|p1a: Pecharunt|Heavy-Duty Boots|[from] move: Knock Off|[of] p2a: Hoopa
|cant|p1a: Pecharunt|par
|
|upkeep
|turn|17
|
|t:|1781590313
|move|p2a: Hoopa|Thunderbolt|p1a: Pecharunt
|-damage|p1a: Pecharunt|0 fnt
|faint|p1a: Pecharunt
|
|upkeep
|inactive|thelarpinglarper has 120 seconds left.
|
|t:|1781590329
|switch|p1a: Iron Treads|Iron Treads|100/100
|turn|18
|
|t:|1781590333
|switch|p2a: Hatterene|Hatterene, F|100/100
|move|p1a: Iron Treads|Stealth Rock|p2a: Hatterene
|move|p2a: Hatterene|Stealth Rock|p1a: Iron Treads|[from] ability: Magic Bounce
|-sidestart|p1: thelarpinglarper|move: Stealth Rock
|
|upkeep
|turn|19
|
|t:|1781590340
|move|p1a: Iron Treads|Rapid Spin|p2a: Hatterene
|-damage|p2a: Hatterene|91/100
|-boost|p1a: Iron Treads|spe|1
|-sideend|p1: thelarpinglarper|Stealth Rock|[from] move: Rapid Spin|[of] p1a: Iron Treads
|move|p2a: Hatterene|Calm Mind|p2a: Hatterene
|-boost|p2a: Hatterene|spa|1
|-boost|p2a: Hatterene|spd|1
|
|-heal|p2a: Hatterene|97/100|[from] item: Leftovers
|upkeep
|turn|20
|
|t:|1781590357
|-end|p1a: Iron Treads|Quark Drive|[silent]
|switch|p1a: Iron Moth|Iron Moth, tera:Fire|100/100
|move|p2a: Hatterene|Mystical Fire|p1a: Iron Moth
|-resisted|p1a: Iron Moth
|-damage|p1a: Iron Moth|84/100
|-unboost|p1a: Iron Moth|spa|1
|
|-heal|p2a: Hatterene|100/100|[from] item: Leftovers
|upkeep
|turn|21
|
|t:|1781590373
|switch|p2a: Ting-Lu|Ting-Lu|75/100
|-ability|p2a: Ting-Lu|Vessel of Ruin
|move|p1a: Iron Moth|U-turn|p2a: Ting-Lu
|-supereffective|p2a: Ting-Lu
|-damage|p2a: Ting-Lu|63/100
|
|t:|1781590375
|-end|p1a: Iron Moth|Quark Drive|[silent]
|switch|p1a: Iron Valiant|Iron Valiant|100/100|[from] U-turn
|
|-heal|p2a: Ting-Lu|69/100|[from] item: Leftovers
|upkeep
|turn|22
|
|t:|1781590391
|-end|p1a: Iron Valiant|Quark Drive|[silent]
|switch|p1a: Iron Moth|Iron Moth, tera:Fire|84/100
|-terastallize|p2a: Ting-Lu|Poison
|move|p2a: Ting-Lu|Earthquake|p1a: Iron Moth
|-supereffective|p1a: Iron Moth
|-damage|p1a: Iron Moth|0 fnt
|faint|p1a: Iron Moth
|-end|p1a: Iron Moth|Quark Drive|[silent]
|
|-heal|p2a: Ting-Lu|75/100|[from] item: Leftovers
|upkeep
|-message|thelarpinglarper forfeited.
|
|win|rblt ryo
|raw|thelarpinglarper's rating: 1686 &rarr; <strong>1667</strong><br />(-19 for losing)
|raw|rblt ryo's rating: 1703 &rarr; <strong>1722</strong><br />(+19 for winning)
|l|☆thelarpinglarper
|player|p1|
