|j|‽LT_Alt1
|j|☆juli<33
|t:|1781294625
|gametype|singles
|player|p1|LT_Alt1|1|1673
|player|p2|juli<33|caitlin-masters|1697
|gen|9
|tier|[Gen 9] OU
|rated|
|rule|HP Percentage Mod: HP is shown in percentages
|rule|Endless Battle Clause: Forcing endless battles is banned
|rule|Species Clause: Limit one of each Pokémon
|rule|OHKO Clause: OHKO moves are banned
|rule|Evasion Items Clause: Evasion items are banned
|rule|Evasion Moves Clause: Evasion moves are banned
|rule|Evasion Abilities Clause: Evasion abilities are banned
|rule|Sleep Moves Clause: Sleep-inducing moves are banned
|clearpoke
|poke|p1|Kyurem|
|poke|p1|Raging Bolt|
|poke|p1|Hatterene, F|
|poke|p1|Slowking-Galar, M|
|poke|p1|Ting-Lu|
|poke|p1|Corviknight, M|
|poke|p2|Kyurem|
|poke|p2|Corviknight, F|
|poke|p2|Ting-Lu|
|poke|p2|Dondozo, F|
|poke|p2|Slowking-Galar, F|
|poke|p2|Cinderace, F|
|teampreview
|inactive|Battle timer is ON: inactive players will automatically lose when time's up. (requested by juli<33)
|j| Iggy Sent Me
|c|☆juli<33|diddy ve 'stein ahh matchup
|c|☆juli<33|vs*
|
|t:|1781294648
|teamsize|p1|6
|teamsize|p2|6
|start
|switch|p1a: Slowking|Slowking-Galar, M|100/100
|switch|p2a: Kyurem|Kyurem|100/100
|-ability|p2a: Kyurem|Pressure
|turn|1
|
|t:|1781294656
|switch|p2a: Slowking|Slowking-Galar, F|100/100
|move|p1a: Slowking|Sludge Bomb|p2a: Slowking
|-resisted|p2a: Slowking
|-damage|p2a: Slowking|90/100
|
|upkeep
|turn|2
|
|t:|1781294660
|move|p1a: Slowking|Future Sight|p2a: Slowking
|-start|p1a: Slowking|move: Future Sight
|move|p2a: Slowking|Future Sight|p1a: Slowking
|-start|p2a: Slowking|move: Future Sight
|
|upkeep
|turn|3
|
|t:|1781294665
|-prepare|p1a: Slowking|Chilly Reception|[premajor]
|move|p1a: Slowking|Chilly Reception|p1a: Slowking
|-weather|Snowscape
|
|t:|1781294671
|switch|p1a: Ting-Lu|Ting-Lu|100/100|[from] Chilly Reception
|-ability|p1a: Ting-Lu|Vessel of Ruin
|move|p2a: Slowking|Toxic|p1a: Ting-Lu
|-status|p1a: Ting-Lu|tox
|
|-weather|Snowscape|[upkeep]
|-damage|p1a: Ting-Lu|94/100 tox|[from] psn
|upkeep
|turn|4
|
|t:|1781294675
|move|p1a: Ting-Lu|Spikes|p2a: Slowking
|-sidestart|p2: juli<33|Spikes
|-prepare|p2a: Slowking|Chilly Reception|[premajor]
|move|p2a: Slowking|Chilly Reception|p2a: Slowking
|
|t:|1781294680
|switch|p2a: Ting-Lu|Ting-Lu|100/100|[from] Chilly Reception
|-damage|p2a: Ting-Lu|88/100|[from] Spikes
|-ability|p2a: Ting-Lu|Vessel of Ruin
|
|-weather|Snowscape|[upkeep]
|-end|p2a: Ting-Lu|move: Future Sight
|-immune|p2a: Ting-Lu
|-end|p1a: Ting-Lu|move: Future Sight
|-immune|p1a: Ting-Lu
|-heal|p1a: Ting-Lu|100/100 tox|[from] item: Leftovers
|-heal|p2a: Ting-Lu|94/100|[from] item: Leftovers
|-damage|p1a: Ting-Lu|88/100 tox|[from] psn
|upkeep
|turn|5
|
|t:|1781294686
|switch|p1a: Hatterene|Hatterene, F|100/100
|switch|p2a: Corviknight|Corviknight, F|100/100
|-ability|p2a: Corviknight|Pressure
|
|-weather|Snowscape|[upkeep]
|upkeep
|turn|6
|
|t:|1781294690
|move|p2a: Corviknight|U-turn|p1a: Hatterene
|-damage|p1a: Hatterene|86/100
|
|t:|1781294692
|switch|p2a: Slowking|Slowking-Galar, F|100/100|[from] U-turn
|move|p1a: Hatterene|Nuzzle|p2a: Slowking
|-damage|p2a: Slowking|97/100
|-status|p2a: Slowking|par
|
|-weather|Snowscape|[upkeep]
|-heal|p1a: Hatterene|92/100|[from] item: Leftovers
|upkeep
|turn|7
|
|t:|1781294695
|move|p1a: Hatterene|Psyshock|p2a: Slowking
|-damage|p2a: Slowking|60/100 par
|move|p2a: Slowking|Sludge Bomb|p1a: Hatterene
|-supereffective|p1a: Hatterene
|-damage|p1a: Hatterene|27/100
|
|-weather|none
|-heal|p1a: Hatterene|33/100|[from] item: Leftovers
|upkeep
|turn|8
|
|t:|1781294700
|move|p1a: Hatterene|Psyshock|p2a: Slowking
|-damage|p2a: Slowking|22/100 par
|-prepare|p2a: Slowking|Chilly Reception|[premajor]
|move|p2a: Slowking|Chilly Reception|p2a: Slowking
|-weather|Snowscape
|
|t:|1781294702
|switch|p2a: Cinderace|Cinderace, F|100/100|[from] Chilly Reception
|
|-weather|Snowscape|[upkeep]
|-heal|p1a: Hatterene|39/100|[from] item: Leftovers
|upkeep
|turn|9
|
|t:|1781294707
|-terastallize|p1a: Hatterene|Water
|move|p2a: Cinderace|Pyro Ball|p1a: Hatterene
|-resisted|p1a: Hatterene
|-damage|p1a: Hatterene|15/100
|-status|p1a: Hatterene|brn
|move|p1a: Hatterene|Nuzzle|p2a: Cinderace
|-damage|p2a: Cinderace|99/100
|-status|p2a: Cinderace|par
|
|-weather|Snowscape|[upkeep]
|-heal|p1a: Hatterene|21/100 brn|[from] item: Leftovers
|-damage|p1a: Hatterene|15/100 brn|[from] brn
|upkeep
|turn|10
|
|t:|1781294718
|switch|p1a: Raging Bolt|Raging Bolt|100/100
|move|p2a: Cinderace|Court Change|p2a: Cinderace
|-swapsideconditions
|-activate|p2a: Cinderace|move: Court Change
|
|-weather|Snowscape|[upkeep]
|upkeep
|turn|11
|
|t:|1781294723
|switch|p2a: Ting-Lu|Ting-Lu|94/100
|-ability|p2a: Ting-Lu|Vessel of Ruin
|move|p1a: Raging Bolt|Draco Meteor|p2a: Ting-Lu
|-damage|p2a: Ting-Lu|62/100
|-unboost|p1a: Raging Bolt|spa|2
|
|-weather|Snowscape|[upkeep]
|-heal|p2a: Ting-Lu|68/100|[from] item: Leftovers
|upkeep
|turn|12
|
|t:|1781294730
|-end|p1a: Raging Bolt|Protosynthesis|[silent]
|switch|p1a: Corviknight|Corviknight, M|100/100
|-ability|p1a: Corviknight|Pressure
|move|p2a: Ting-Lu|Payback|p1a: Corviknight
|-damage|p1a: Corviknight|88/100
|-damage|p2a: Ting-Lu|52/100|[from] item: Rocky Helmet|[of] p1a: Corviknight
|
|-weather|none
|-heal|p2a: Ting-Lu|58/100|[from] item: Leftovers
|upkeep
|turn|13
|
|t:|1781294738
|switch|p2a: Slowking|Slowking-Galar, F|55/100 par
|move|p1a: Corviknight|Defog|p2a: Slowking
|-unboost|p2a: Slowking|evasion|1
|-sideend|p1: LT_Alt1|Spikes|[from] move: Defog|[of] p1a: Corviknight
|
|upkeep
|turn|14
|
|t:|1781294741
|switch|p1a: Slowking|Slowking-Galar, M|100/100
|-prepare|p2a: Slowking|Chilly Reception|[premajor]
|move|p2a: Slowking|Chilly Reception|p2a: Slowking
|-weather|Snowscape
|
|t:|1781294749
|switch|p2a: Ting-Lu|Ting-Lu|58/100|[from] Chilly Reception
|-ability|p2a: Ting-Lu|Vessel of Ruin
|
|-weather|Snowscape|[upkeep]
|-heal|p2a: Ting-Lu|64/100|[from] item: Leftovers
|upkeep
|turn|15
|
|t:|1781294753
|move|p2a: Ting-Lu|Earthquake|p1a: Slowking
|-supereffective|p1a: Slowking
|-enditem|p1a: Slowking|Shuca Berry|[eat]
|-enditem|p1a: Slowking|Shuca Berry|[weaken]
|-damage|p1a: Slowking|69/100
|-prepare|p1a: Slowking|Chilly Reception|[premajor]
|move|p1a: Slowking|Chilly Reception|p1a: Slowking
|
|t:|1781294755
|switch|p1a: Kyurem|Kyurem|100/100|[from] Chilly Reception
|-ability|p1a: Kyurem|Pressure
|
|-weather|Snowscape|[upkeep]
|-heal|p2a: Ting-Lu|71/100|[from] item: Leftovers
|upkeep
|turn|16
|
|t:|1781294762
|switch|p2a: Slowking|Slowking-Galar, F|89/100 par
|move|p1a: Kyurem|Blizzard|p2a: Slowking
|-damage|p2a: Slowking|36/100 par
|
|-weather|Snowscape|[upkeep]
|upkeep
|turn|17
|
|t:|1781294767
|switch|p2a: Dondozo|Dondozo, F|100/100
|move|p1a: Kyurem|Blizzard|p2a: Dondozo
|-resisted|p2a: Dondozo
|-damage|p2a: Dondozo|59/100
|
|-weather|Snowscape|[upkeep]
|-heal|p2a: Dondozo|65/100|[from] item: Leftovers
|upkeep
|turn|18
|
|t:|1781294773
|move|p1a: Kyurem|Blizzard|p2a: Dondozo
|-resisted|p2a: Dondozo
|-damage|p2a: Dondozo|28/100
|move|p2a: Dondozo|Body Press|p1a: Kyurem
|-supereffective|p1a: Kyurem
|-damage|p1a: Kyurem|67/100
|
|-weather|none
|-heal|p2a: Dondozo|34/100|[from] item: Leftovers
|upkeep
|turn|19
|
|t:|1781294777
|move|p1a: Kyurem|Blizzard|p2a: Dondozo
|-resisted|p2a: Dondozo
|-damage|p2a: Dondozo|0 fnt
|faint|p2a: Dondozo
|
|upkeep
|
|t:|1781294782
|switch|p2a: Slowking|Slowking-Galar, F|69/100 par
|turn|20
|
|t:|1781294786
|switch|p1a: Slowking|Slowking-Galar, M|100/100
|-terastallize|p2a: Slowking|Water
|move|p2a: Slowking|Toxic|p1a: Slowking
|-immune|p1a: Slowking
|
|upkeep
|turn|21
|
|t:|1781294795
|move|p1a: Slowking|Future Sight|p2a: Slowking
|-start|p1a: Slowking|move: Future Sight
|cant|p2a: Slowking|par
|
|upkeep
|turn|22
|
|t:|1781294804
|move|p1a: Slowking|Sludge Bomb|p2a: Slowking
|-damage|p2a: Slowking|50/100 par
|move|p2a: Slowking|Future Sight|p1a: Slowking
|-start|p2a: Slowking|move: Future Sight
|
|upkeep
|turn|23
|
|t:|1781294811
|move|p1a: Slowking|Sludge Bomb|p2a: Slowking
|-damage|p2a: Slowking|28/100 par
|-prepare|p2a: Slowking|Chilly Reception|[premajor]
|move|p2a: Slowking|Chilly Reception|p2a: Slowking
|-weather|Snowscape
|
|t:|1781294815
|switch|p2a: Ting-Lu|Ting-Lu|71/100|[from] Chilly Reception
|-ability|p2a: Ting-Lu|Vessel of Ruin
|
|-weather|Snowscape|[upkeep]
|-end|p2a: Ting-Lu|move: Future Sight
|-immune|p2a: Ting-Lu
|-heal|p2a: Ting-Lu|77/100|[from] item: Leftovers
|upkeep
|turn|24
|
|t:|1781294823
|switch|p2a: Kyurem|Kyurem|100/100
|-ability|p2a: Kyurem|Pressure
|move|p1a: Slowking|Future Sight|p2a: Kyurem
|-start|p1a: Slowking|move: Future Sight
|
|-weather|Snowscape|[upkeep]
|-end|p1a: Slowking|move: Future Sight
|-damage|p1a: Slowking|69/100
|upkeep
|turn|25
|
|t:|1781294830
|move|p2a: Kyurem|Blizzard|p1a: Slowking
|-damage|p1a: Slowking|12/100
|-prepare|p1a: Slowking|Chilly Reception|[premajor]
|move|p1a: Slowking|Chilly Reception|p1a: Slowking
|
|t:|1781294843
|switch|p1a: Kyurem|Kyurem|67/100|[from] Chilly Reception
|-ability|p1a: Kyurem|Pressure
|
|-weather|Snowscape|[upkeep]
|upkeep
|turn|26
|
|t:|1781294846
|switch|p1a: Hatterene|Hatterene, F, tera:Water|15/100 brn
|move|p2a: Kyurem|Blizzard|p1a: Hatterene
|-resisted|p1a: Hatterene
|-damage|p1a: Hatterene|0 fnt
|faint|p1a: Hatterene
|
|-weather|Snowscape|[upkeep]
|-end|p2a: Kyurem|move: Future Sight
|-damage|p2a: Kyurem|59/100
|upkeep
|
|t:|1781294852
|switch|p1a: Kyurem|Kyurem|67/100
|-ability|p1a: Kyurem|Pressure
|turn|27
|
|t:|1781294859
|move|p2a: Kyurem|Blizzard|p1a: Kyurem
|-damage|p1a: Kyurem|0 fnt
|faint|p1a: Kyurem
|
|-weather|none
|upkeep
|
|t:|1781294865
|switch|p1a: Corviknight|Corviknight, M|88/100
|-ability|p1a: Corviknight|Pressure
|turn|28
|
|t:|1781294868
|switch|p2a: Slowking|Slowking-Galar, F, tera:Water|61/100 par
|move|p1a: Corviknight|Iron Defense|p1a: Corviknight
|-boost|p1a: Corviknight|def|2
|
|upkeep
|turn|29
|
|t:|1781294873
|move|p1a: Corviknight|Body Press|p2a: Slowking
|-damage|p2a: Slowking|12/100 par
|-prepare|p2a: Slowking|Chilly Reception|[premajor]
|move|p2a: Slowking|Chilly Reception|p2a: Slowking
|-weather|Snowscape
|
|t:|1781294875
|switch|p2a: Cinderace|Cinderace, F|99/100 par|[from] Chilly Reception
|
|-weather|Snowscape|[upkeep]
|upkeep
|turn|30
|
|t:|1781294880
|move|p1a: Corviknight|Iron Defense|p1a: Corviknight
|-boost|p1a: Corviknight|def|2
|move|p2a: Cinderace|Will-O-Wisp|p1a: Corviknight
|-status|p1a: Corviknight|brn
|
|-weather|Snowscape|[upkeep]
|-damage|p1a: Corviknight|82/100 brn|[from] brn
|upkeep
|turn|31
|
|t:|1781294884
|move|p1a: Corviknight|Iron Defense|p1a: Corviknight
|-boost|p1a: Corviknight|def|2
|move|p2a: Cinderace|Pyro Ball|p1a: Corviknight
|-supereffective|p1a: Corviknight
|-damage|p1a: Corviknight|65/100 brn
|
|-weather|Snowscape|[upkeep]
|-damage|p1a: Corviknight|59/100 brn|[from] brn
|upkeep
|turn|32
|
|t:|1781294891
|move|p1a: Corviknight|Roost|p1a: Corviknight
|-heal|p1a: Corviknight|100/100 brn
|-singleturn|p1a: Corviknight|move: Roost
|move|p2a: Cinderace|Pyro Ball|p1a: Corviknight
|-supereffective|p1a: Corviknight
|-damage|p1a: Corviknight|85/100 brn
|
|-weather|Snowscape|[upkeep]
|-damage|p1a: Corviknight|79/100 brn|[from] brn
|upkeep
|turn|33
|
|t:|1781294895
|move|p1a: Corviknight|Body Press|p2a: Cinderace
|-damage|p2a: Cinderace|41/100 par
|cant|p2a: Cinderace|par
|
|-weather|none
|-damage|p1a: Corviknight|73/100 brn|[from] brn
|upkeep
|turn|34
|
|t:|1781294898
|switch|p2a: Corviknight|Corviknight, F|100/100
|-ability|p2a: Corviknight|Pressure
|move|p1a: Corviknight|Body Press|p2a: Corviknight
|-damage|p2a: Corviknight|72/100
|-damage|p1a: Corviknight|57/100 brn|[from] item: Rocky Helmet|[of] p2a: Corviknight
|
|-damage|p1a: Corviknight|51/100 brn|[from] brn
|upkeep
|turn|35
|
|t:|1781294904
|move|p1a: Corviknight|Roost|p1a: Corviknight
|-heal|p1a: Corviknight|100/100 brn
|-singleturn|p1a: Corviknight|move: Roost
|move|p2a: Corviknight|Brave Bird|p1a: Corviknight
|-resisted|p1a: Corviknight
|-damage|p1a: Corviknight|97/100 brn
|-damage|p2a: Corviknight|56/100|[from] item: Rocky Helmet|[of] p1a: Corviknight
|-damage|p2a: Corviknight|55/100|[from] Recoil
|
|-damage|p1a: Corviknight|91/100 brn|[from] brn
|upkeep
|turn|36
|
|t:|1781294909
|move|p1a: Corviknight|Body Press|p2a: Corviknight
|-damage|p2a: Corviknight|25/100
|-damage|p1a: Corviknight|74/100 brn|[from] item: Rocky Helmet|[of] p2a: Corviknight
|move|p2a: Corviknight|Roost|p2a: Corviknight
|-heal|p2a: Corviknight|75/100
|-singleturn|p2a: Corviknight|move: Roost
|
|-damage|p1a: Corviknight|68/100 brn|[from] brn
|upkeep
|turn|37
|
|t:|1781294921
|move|p1a: Corviknight|Roost|p1a: Corviknight
|-heal|p1a: Corviknight|100/100 brn
|-singleturn|p1a: Corviknight|move: Roost
|move|p2a: Corviknight|Roost|p2a: Corviknight
|-heal|p2a: Corviknight|100/100
|-singleturn|p2a: Corviknight|move: Roost
|
|-damage|p1a: Corviknight|94/100 brn|[from] brn
|upkeep
|turn|38
|
|t:|1781294928
|move|p1a: Corviknight|Defog|p2a: Corviknight
|-unboost|p2a: Corviknight|evasion|1
|move|p2a: Corviknight|U-turn|p1a: Corviknight
|-resisted|p1a: Corviknight
|-damage|p1a: Corviknight|94/100 brn
|-damage|p2a: Corviknight|84/100|[from] item: Rocky Helmet|[of] p1a: Corviknight
|
|t:|1781294930
|switch|p2a: Kyurem|Kyurem|59/100|[from] U-turn
|-ability|p2a: Kyurem|Pressure
|
|-damage|p1a: Corviknight|88/100 brn|[from] brn
|upkeep
|turn|39
|
|t:|1781294939
|switch|p2a: Corviknight|Corviknight, F|84/100
|-ability|p2a: Corviknight|Pressure
|switch|p1a: Raging Bolt|Raging Bolt|100/100
|
|upkeep
|turn|40
|
|t:|1781294946
|switch|p2a: Ting-Lu|Ting-Lu|77/100
|-ability|p2a: Ting-Lu|Vessel of Ruin
|move|p1a: Raging Bolt|Draco Meteor|p2a: Ting-Lu
|-damage|p2a: Ting-Lu|46/100
|-unboost|p1a: Raging Bolt|spa|2
|
|-heal|p2a: Ting-Lu|52/100|[from] item: Leftovers
|upkeep
|turn|41
|
|t:|1781294955
|-end|p1a: Raging Bolt|Protosynthesis|[silent]
|switch|p1a: Ting-Lu|Ting-Lu|88/100 tox
|-ability|p1a: Ting-Lu|Vessel of Ruin
|switch|p2a: Slowking|Slowking-Galar, F, tera:Water|46/100 par
|
|-heal|p1a: Ting-Lu|94/100 tox|[from] item: Leftovers
|-damage|p1a: Ting-Lu|88/100 tox|[from] psn
|upkeep
|turn|42
|
|t:|1781294957
|move|p1a: Ting-Lu|Spikes|p2a: Slowking
|-sidestart|p2: juli<33|Spikes
|-prepare|p2a: Slowking|Chilly Reception|[premajor]
|move|p2a: Slowking|Chilly Reception|p2a: Slowking
|-weather|Snowscape
|
|t:|1781294961
|switch|p2a: Kyurem|Kyurem|59/100|[from] Chilly Reception
|-damage|p2a: Kyurem|47/100|[from] Spikes
|-ability|p2a: Kyurem|Pressure
|
|-weather|Snowscape|[upkeep]
|-heal|p1a: Ting-Lu|94/100 tox|[from] item: Leftovers
|-damage|p1a: Ting-Lu|82/100 tox|[from] psn
|upkeep
|turn|43
|
|t:|1781294966
|switch|p1a: Slowking|Slowking-Galar, M|45/100
|move|p2a: Kyurem|Blizzard|p1a: Slowking
|-damage|p1a: Slowking|0 fnt
|faint|p1a: Slowking
|
|-weather|Snowscape|[upkeep]
|upkeep
|
|t:|1781294970
|switch|p1a: Corviknight|Corviknight, M|88/100 brn
|-ability|p1a: Corviknight|Pressure
|turn|44
|
|t:|1781294972
|move|p2a: Kyurem|Blizzard|p1a: Corviknight
|-damage|p1a: Corviknight|6/100 brn
|move|p1a: Corviknight|Body Press|p2a: Kyurem
|-supereffective|p2a: Kyurem
|-damage|p2a: Kyurem|31/100
|
|-weather|Snowscape|[upkeep]
|-damage|p1a: Corviknight|0 fnt|[from] brn
|faint|p1a: Corviknight
|upkeep
|
|t:|1781294975
|switch|p1a: Raging Bolt|Raging Bolt|100/100
|turn|45
|
|t:|1781294979
|move|p2a: Kyurem|Blizzard|p1a: Raging Bolt
|-supereffective|p1a: Raging Bolt
|-damage|p1a: Raging Bolt|8/100
|move|p1a: Raging Bolt|Draco Meteor|p2a: Kyurem
|-supereffective|p2a: Kyurem
|-damage|p2a: Kyurem|0 fnt
|-unboost|p1a: Raging Bolt|spa|2
|faint|p2a: Kyurem
|
|-weather|Snowscape|[upkeep]
|upkeep
|
|t:|1781294986
|switch|p2a: Ting-Lu|Ting-Lu|52/100
|-damage|p2a: Ting-Lu|39/100|[from] Spikes
|-ability|p2a: Ting-Lu|Vessel of Ruin
|turn|46
|
|t:|1781294991
|move|p1a: Raging Bolt|Draco Meteor|p2a: Ting-Lu
|-damage|p2a: Ting-Lu|22/100
|-unboost|p1a: Raging Bolt|spa|2
|move|p2a: Ting-Lu|Earthquake|p1a: Raging Bolt
|-supereffective|p1a: Raging Bolt
|-damage|p1a: Raging Bolt|0 fnt
|faint|p1a: Raging Bolt
|-end|p1a: Raging Bolt|Protosynthesis|[silent]
|
|-weather|none
|-heal|p2a: Ting-Lu|29/100|[from] item: Leftovers
|upkeep
|-message|LT_Alt1 forfeited.
|
|win|juli<33
|raw|LT_Alt1's rating: 1673 &rarr; <strong>1654</strong><br />(-19 for losing)
|raw|juli&lt;33's rating: 1697 &rarr; <strong>1716</strong><br />(+19 for winning)
|l|‽LT_Alt1
|player|p1|
|l|☆juli<33
|player|p2|
