|j|☆toasterovens123
|j|☆SincereSarje
|t:|1781426133
|gametype|singles
|player|p1|toasterovens123|volo|1546
|player|p2|SincereSarje|morty|1572
|gen|9
|tier|[Gen 9] OU
|rated|
|rule|HP Percentage Mod: HP is shown in percentages
|rule|Endless Battle Clause: Forcing endless battles is banned
|rule|Species Clause: Limit one of each Pokémon
|rule|OHKO Clause: OHKO moves are banned
|rule|Evasion Items Clause: Evasion items are banned
|rule|Evasion Moves Clause: Evasion moves are banned
|rule|Evasion Abilities Clause: Evasion abilities are banned
|rule|Sleep Moves Clause: Sleep-inducing moves are banned
|clearpoke
|poke|p1|Hatterene, F|
|poke|p1|Great Tusk|
|poke|p1|Tornadus-Therian, M|
|poke|p1|Kyurem|
|poke|p1|Slowking-Galar, M|
|poke|p1|Kingambit, F|
|poke|p2|Deoxys-Speed|
|poke|p2|Keldeo-Resolute|
|poke|p2|Blissey, F|
|poke|p2|Gliscor, F|
|poke|p2|Kingambit, F|
|poke|p2|Pecharunt|
|teampreview
|inactive|Battle timer is ON: inactive players will automatically lose when time's up. (requested by SincereSarje)
|inactive|toasterovens123 also wants the timer to be on.
|
|t:|1781426152
|teamsize|p1|6
|teamsize|p2|6
|start
|switch|p1a: Tornadus|Tornadus-Therian, M|100/100
|switch|p2a: Deoxys|Deoxys-Speed|100/100
|-ability|p2a: Deoxys|Pressure
|turn|1
|
|t:|1781426162
|move|p2a: Deoxys|Ice Beam|p1a: Tornadus
|-supereffective|p1a: Tornadus
|-damage|p1a: Tornadus|66/100
|move|p1a: Tornadus|Knock Off|p2a: Deoxys
|-supereffective|p2a: Deoxys
|-damage|p2a: Deoxys|39/100
|-enditem|p2a: Deoxys|Heavy-Duty Boots|[from] move: Knock Off|[of] p1a: Tornadus
|
|upkeep
|turn|2
|
|t:|1781426171
|move|p2a: Deoxys|Knock Off|p1a: Tornadus
|-damage|p1a: Tornadus|34/100
|-enditem|p1a: Tornadus|Assault Vest|[from] move: Knock Off|[of] p2a: Deoxys
|move|p1a: Tornadus|Bleakwind Storm|p2a: Deoxys|[miss]
|-miss|p1a: Tornadus|p2a: Deoxys
|
|upkeep
|turn|3
|
|t:|1781426184
|switch|p1a: Hatterene|Hatterene, F|100/100
|move|p2a: Deoxys|Knock Off|p1a: Hatterene
|-damage|p1a: Hatterene|78/100
|-damage|p2a: Deoxys|22/100|[from] item: Rocky Helmet|[of] p1a: Hatterene
|-enditem|p1a: Hatterene|Rocky Helmet|[from] move: Knock Off|[of] p2a: Deoxys
|
|upkeep
|turn|4
|
|t:|1781426193
|switch|p2a: Gliscor|Gliscor, F|100/100
|move|p1a: Hatterene|Draining Kiss|p2a: Gliscor
|-damage|p2a: Gliscor|80/100
|-heal|p1a: Hatterene|95/100|[from] drain|[of] p2a: Gliscor
|
|-status|p2a: Gliscor|tox|[from] item: Toxic Orb
|upkeep
|turn|5
|
|t:|1781426202
|move|p2a: Gliscor|Protect|p2a: Gliscor
|-singleturn|p2a: Gliscor|Protect
|move|p1a: Hatterene|Psychic Noise|p2a: Gliscor
|-activate|p2a: Gliscor|move: Protect
|
|-heal|p2a: Gliscor|93/100 tox|[from] ability: Poison Heal
|upkeep
|turn|6
|
|t:|1781426208
|switch|p2a: Kingambit|Kingambit, F|100/100
|move|p1a: Hatterene|Psychic Noise|p2a: Kingambit
|-immune|p2a: Kingambit
|
|upkeep
|turn|7
|
|t:|1781426218
|switch|p1a: Great Tusk|Great Tusk|100/100
|move|p2a: Kingambit|Iron Head|p1a: Great Tusk
|-damage|p1a: Great Tusk|68/100
|-damage|p2a: Kingambit|84/100|[from] item: Rocky Helmet|[of] p1a: Great Tusk
|
|-heal|p2a: Kingambit|90/100|[from] item: Leftovers
|upkeep
|turn|8
|
|t:|1781426223
|-end|p2a: Kingambit|fallenundefined|[silent]
|switch|p2a: Gliscor|Gliscor, F|93/100 tox
|move|p1a: Great Tusk|Stealth Rock|p2a: Gliscor
|-sidestart|p2: SincereSarje|move: Stealth Rock
|
|-heal|p2a: Gliscor|100/100 tox|[from] ability: Poison Heal
|upkeep
|turn|9
|
|t:|1781426229
|switch|p2a: Pecharunt|Pecharunt|100/100
|move|p1a: Great Tusk|Rapid Spin|p2a: Pecharunt
|-immune|p2a: Pecharunt
|
|upkeep
|turn|10
|
|t:|1781426245
|-end|p1a: Great Tusk|Protosynthesis|[silent]
|switch|p1a: Kingambit|Kingambit, F|100/100
|move|p2a: Pecharunt|Malignant Chain|p1a: Kingambit
|-immune|p1a: Kingambit
|
|upkeep
|turn|11
|
|t:|1781426259
|-end|p1a: Kingambit|fallenundefined|[silent]
|switch|p1a: Hatterene|Hatterene, F|95/100
|move|p2a: Pecharunt|Parting Shot|p1a: Hatterene
|move|p1a: Hatterene|Parting Shot|p2a: Pecharunt|[from] ability: Magic Bounce
|-unboost|p2a: Pecharunt|atk|1
|-unboost|p2a: Pecharunt|spa|1
|
|t:|1781426273
|switch|p1a: Kyurem|Kyurem|100/100|[from] Parting Shot
|-ability|p1a: Kyurem|Pressure
|
|upkeep
|turn|12
|
|t:|1781426278
|switch|p2a: Blissey|Blissey, F|100/100
|move|p1a: Kyurem|Earth Power|p2a: Blissey
|-damage|p2a: Blissey|86/100
|-unboost|p2a: Blissey|spd|1
|
|upkeep
|turn|13
|
|t:|1781426284
|switch|p1a: Hatterene|Hatterene, F|95/100
|move|p2a: Blissey|Thunder Wave|p1a: Hatterene
|move|p1a: Hatterene|Thunder Wave|p2a: Blissey|[from] ability: Magic Bounce
|-status|p2a: Blissey|par
|
|upkeep
|turn|14
|
|t:|1781426290
|-curestatus|p2a: Blissey|par|[from] ability: Natural Cure|[silent]
|switch|p2a: Kingambit|Kingambit, F|90/100
|-damage|p2a: Kingambit|84/100|[from] Stealth Rock
|move|p1a: Hatterene|Psychic Noise|p2a: Kingambit
|-immune|p2a: Kingambit
|
|-heal|p2a: Kingambit|90/100|[from] item: Leftovers
|upkeep
|turn|15
|
|t:|1781426306
|switch|p1a: Great Tusk|Great Tusk|68/100
|move|p2a: Kingambit|Iron Head|p1a: Great Tusk
|-damage|p1a: Great Tusk|32/100
|-damage|p2a: Kingambit|73/100|[from] item: Rocky Helmet|[of] p1a: Great Tusk
|
|-heal|p2a: Kingambit|79/100|[from] item: Leftovers
|upkeep
|turn|16
|
|t:|1781426313
|-end|p2a: Kingambit|fallenundefined|[silent]
|switch|p2a: Pecharunt|Pecharunt|100/100
|move|p1a: Great Tusk|Ice Spinner|p2a: Pecharunt
|-damage|p2a: Pecharunt|88/100
|
|upkeep
|turn|17
|
|t:|1781426322
|move|p1a: Great Tusk|Headlong Rush|p2a: Pecharunt
|-supereffective|p2a: Pecharunt
|-damage|p2a: Pecharunt|32/100
|-unboost|p1a: Great Tusk|def|1
|-unboost|p1a: Great Tusk|spd|1
|move|p2a: Pecharunt|Parting Shot|p1a: Great Tusk
|-unboost|p1a: Great Tusk|atk|1
|-unboost|p1a: Great Tusk|spa|1
|
|t:|1781426326
|switch|p2a: Keldeo|Keldeo-Resolute|100/100|[from] Parting Shot
|-damage|p2a: Keldeo|94/100|[from] Stealth Rock
|
|upkeep
|turn|18
|
|t:|1781426341
|switch|p2a: Kingambit|Kingambit, F|79/100
|-damage|p2a: Kingambit|73/100|[from] Stealth Rock
|-end|p1a: Great Tusk|Protosynthesis|[silent]
|switch|p1a: Slowking|Slowking-Galar, M|100/100
|
|-heal|p2a: Kingambit|79/100|[from] item: Leftovers
|upkeep
|turn|19
|
|t:|1781426348
|move|p2a: Kingambit|Iron Head|p1a: Slowking
|-crit|p1a: Slowking
|-damage|p1a: Slowking|54/100
|move|p1a: Slowking|Trick|p2a: Kingambit
|-activate|p1a: Slowking|move: Trick|[of] p2a: Kingambit
|-item|p2a: Kingambit|Black Sludge|[from] move: Trick
|-item|p1a: Slowking|Leftovers|[from] move: Trick
|
|-damage|p2a: Kingambit|67/100|[from] item: Black Sludge
|-heal|p1a: Slowking|60/100|[from] item: Leftovers
|upkeep
|turn|20
|
|t:|1781426358
|switch|p1a: Kingambit|Kingambit, F|100/100
|move|p2a: Kingambit|Iron Head|p1a: Kingambit
|-resisted|p1a: Kingambit
|-damage|p1a: Kingambit|84/100
|
|-damage|p2a: Kingambit|55/100|[from] item: Black Sludge
|-heal|p1a: Kingambit|91/100|[from] item: Leftovers
|upkeep
|turn|21
|
|t:|1781426381
|-end|p2a: Kingambit|fallenundefined|[silent]
|switch|p2a: Gliscor|Gliscor, F|100/100 tox
|-damage|p2a: Gliscor|88/100 tox|[from] Stealth Rock
|-end|p1a: Kingambit|fallenundefined|[silent]
|switch|p1a: Tornadus|Tornadus-Therian, M|68/100
|
|-heal|p2a: Gliscor|100/100 tox|[from] ability: Poison Heal
|upkeep
|turn|22
|
|t:|1781426391
|move|p1a: Tornadus|U-turn|p2a: Gliscor
|-resisted|p2a: Gliscor
|-damage|p2a: Gliscor|95/100 tox
|
|t:|1781426397
|switch|p1a: Slowking|Slowking-Galar, M|93/100|[from] U-turn
|move|p2a: Gliscor|Toxic|p1a: Slowking
|-immune|p1a: Slowking
|
|-heal|p1a: Slowking|99/100|[from] item: Leftovers
|-heal|p2a: Gliscor|100/100 tox|[from] ability: Poison Heal
|upkeep
|turn|23
|
|t:|1781426405
|move|p2a: Gliscor|Spikes|p1a: Slowking
|-sidestart|p1: toasterovens123|Spikes
|move|p1a: Slowking|Future Sight|p2a: Gliscor
|-start|p1a: Slowking|move: Future Sight
|
|-heal|p1a: Slowking|100/100|[from] item: Leftovers
|upkeep
|turn|24
|
|t:|1781426410
|move|p2a: Gliscor|Earthquake|p1a: Slowking
|-supereffective|p1a: Slowking
|-damage|p1a: Slowking|53/100
|-prepare|p1a: Slowking|Chilly Reception|[premajor]
|move|p1a: Slowking|Chilly Reception|p1a: Slowking
|-weather|Snowscape
|
|t:|1781426419
|switch|p1a: Great Tusk|Great Tusk|32/100|[from] Chilly Reception
|-damage|p1a: Great Tusk|20/100|[from] Spikes
|
|-weather|Snowscape|[upkeep]
|upkeep
|turn|25
|
|t:|1781426433
|move|p2a: Gliscor|Protect|p2a: Gliscor
|-singleturn|p2a: Gliscor|Protect
|move|p1a: Great Tusk|Rapid Spin|p2a: Gliscor
|-activate|p2a: Gliscor|move: Protect
|
|-weather|Snowscape|[upkeep]
|-end|p2a: Gliscor|move: Future Sight
|-damage|p2a: Gliscor|57/100 tox
|-heal|p2a: Gliscor|70/100 tox|[from] ability: Poison Heal
|upkeep
|turn|26
|
|t:|1781426444
|switch|p2a: Deoxys|Deoxys-Speed|22/100
|-damage|p2a: Deoxys|10/100|[from] Stealth Rock
|-ability|p2a: Deoxys|Pressure
|move|p1a: Great Tusk|Ice Spinner|p2a: Deoxys
|-damage|p2a: Deoxys|0 fnt
|faint|p2a: Deoxys
|
|-weather|Snowscape|[upkeep]
|upkeep
|
|t:|1781426457
|switch|p2a: Keldeo|Keldeo-Resolute|94/100
|-damage|p2a: Keldeo|88/100|[from] Stealth Rock
|turn|27
|inactive|toasterovens123 has 120 seconds left.
|
|t:|1781426490
|-end|p1a: Great Tusk|Protosynthesis|[silent]
|switch|p1a: Tornadus|Tornadus-Therian, M|100/100
|move|p2a: Keldeo|Surf|p1a: Tornadus
|-damage|p1a: Tornadus|56/100
|
|-weather|Snowscape|[upkeep]
|upkeep
|turn|28
|
|t:|1781426498
|switch|p2a: Blissey|Blissey, F|86/100
|move|p1a: Tornadus|Bleakwind Storm|p2a: Blissey
|-damage|p2a: Blissey|75/100
|
|-weather|none
|upkeep
|turn|29
|
|t:|1781426506
|move|p1a: Tornadus|U-turn|p2a: Blissey
|-damage|p2a: Blissey|61/100
|
|t:|1781426513
|switch|p1a: Great Tusk|Great Tusk|20/100|[from] U-turn
|-damage|p1a: Great Tusk|7/100|[from] Spikes
|move|p2a: Blissey|Seismic Toss|p1a: Great Tusk
|-damage|p1a: Great Tusk|0 fnt
|-damage|p2a: Blissey|44/100|[from] item: Rocky Helmet|[of] p1a: Great Tusk
|faint|p1a: Great Tusk
|-end|p1a: Great Tusk|Protosynthesis|[silent]
|
|upkeep
|
|t:|1781426529
|switch|p1a: Kingambit|Kingambit, F|91/100
|-damage|p1a: Kingambit|78/100|[from] Spikes
|-activate|p1a: Kingambit|ability: Supreme Overlord
|-start|p1a: Kingambit|fallen1|[silent]
|turn|30
|
|t:|1781426556
|switch|p2a: Keldeo|Keldeo-Resolute|88/100
|-damage|p2a: Keldeo|82/100|[from] Stealth Rock
|-end|p1a: Kingambit|fallen1|[silent]
|switch|p1a: Hatterene|Hatterene, F|95/100
|-damage|p1a: Hatterene|83/100|[from] Spikes
|
|upkeep
|turn|31
|
|t:|1781426566
|switch|p2a: Kingambit|Kingambit, F|55/100
|-damage|p2a: Kingambit|49/100|[from] Stealth Rock
|-activate|p2a: Kingambit|ability: Supreme Overlord
|-start|p2a: Kingambit|fallen1|[silent]
|move|p1a: Hatterene|Draining Kiss|p2a: Kingambit
|-damage|p2a: Kingambit|28/100
|-heal|p1a: Hatterene|100/100|[from] drain|[of] p2a: Kingambit
|
|-damage|p2a: Kingambit|16/100|[from] item: Black Sludge
|upkeep
|turn|32
|inactive|toasterovens123 has 120 seconds left.
|
|t:|1781426590
|switch|p1a: Kingambit|Kingambit, F|78/100
|-damage|p1a: Kingambit|66/100|[from] Spikes
|-activate|p1a: Kingambit|ability: Supreme Overlord
|-start|p1a: Kingambit|fallen1|[silent]
|move|p2a: Kingambit|Kowtow Cleave|p1a: Kingambit
|-resisted|p1a: Kingambit
|-damage|p1a: Kingambit|46/100
|
|-damage|p2a: Kingambit|3/100|[from] item: Black Sludge
|-heal|p1a: Kingambit|52/100|[from] item: Leftovers
|upkeep
|turn|33
|
|t:|1781426601
|move|p1a: Kingambit|Sucker Punch|p2a: Kingambit
|-resisted|p2a: Kingambit
|-damage|p2a: Kingambit|0 fnt
|faint|p2a: Kingambit
|-end|p2a: Kingambit|fallen1|[silent]
|
|-heal|p1a: Kingambit|58/100|[from] item: Leftovers
|upkeep
|
|t:|1781426607
|switch|p2a: Keldeo|Keldeo-Resolute|82/100
|-damage|p2a: Keldeo|76/100|[from] Stealth Rock
|turn|34
|inactive|toasterovens123 has 120 seconds left.
|
|t:|1781426627
|-end|p1a: Kingambit|fallen1|[silent]
|switch|p1a: Hatterene|Hatterene, F|100/100
|-damage|p1a: Hatterene|88/100|[from] Spikes
|move|p2a: Keldeo|Surf|p1a: Hatterene
|-damage|p1a: Hatterene|38/100
|
|upkeep
|turn|35
|
|t:|1781426633
|switch|p1a: Kyurem|Kyurem|100/100
|-damage|p1a: Kyurem|88/100|[from] Spikes
|-ability|p1a: Kyurem|Pressure
|move|p2a: Keldeo|Surf|p1a: Kyurem
|-resisted|p1a: Kyurem
|-damage|p1a: Kyurem|67/100
|
|upkeep
|turn|36
|
|t:|1781426646
|move|p2a: Keldeo|Secret Sword|p1a: Kyurem
|-supereffective|p1a: Kyurem
|-damage|p1a: Kyurem|0 fnt
|faint|p1a: Kyurem
|
|upkeep
|
|t:|1781426651
|switch|p1a: Tornadus|Tornadus-Therian, M|89/100
|turn|37
|
|t:|1781426656
|switch|p2a: Gliscor|Gliscor, F|70/100 tox
|-damage|p2a: Gliscor|57/100 tox|[from] Stealth Rock
|move|p1a: Tornadus|Bleakwind Storm|p2a: Gliscor
|-damage|p2a: Gliscor|24/100 tox
|
|-heal|p2a: Gliscor|37/100 tox|[from] ability: Poison Heal
|upkeep
|turn|38
|
|t:|1781426666
|move|p2a: Gliscor|Protect|p2a: Gliscor
|-singleturn|p2a: Gliscor|Protect
|move|p1a: Tornadus|U-turn|p2a: Gliscor
|-activate|p2a: Gliscor|move: Protect
|
|-heal|p2a: Gliscor|49/100 tox|[from] ability: Poison Heal
|upkeep
|turn|39
|
|t:|1781426672
|move|p1a: Tornadus|Bleakwind Storm|p2a: Gliscor
|-damage|p2a: Gliscor|17/100 tox
|-unboost|p2a: Gliscor|spe|1
|move|p2a: Gliscor|Earthquake|p1a: Tornadus
|-immune|p1a: Tornadus
|
|-heal|p2a: Gliscor|29/100 tox|[from] ability: Poison Heal
|upkeep
|turn|40
|l|☆SincereSarje
|inactive|SincereSarje disconnected and has a minute to reconnect!
|player|p2|
|
|t:|1781426699
|move|p2a: Gliscor|Protect|p2a: Gliscor
|-singleturn|p2a: Gliscor|Protect
|move|p1a: Tornadus|Bleakwind Storm|p2a: Gliscor
|-activate|p2a: Gliscor|move: Protect
|
|-heal|p2a: Gliscor|42/100 tox|[from] ability: Poison Heal
|upkeep
|turn|41
|j|☆SincereSarje
|inactive|SincereSarje reconnected and has 140 seconds left.
|player|p2|SincereSarje|morty|
|inactive|toasterovens123 has 120 seconds left.
|
|t:|1781426720
|move|p1a: Tornadus|Bleakwind Storm|p2a: Gliscor
|-damage|p2a: Gliscor|7/100 tox
|move|p2a: Gliscor|Toxic|p1a: Tornadus
|-status|p1a: Tornadus|tox
|
|-damage|p1a: Tornadus|83/100 tox|[from] psn
|-heal|p2a: Gliscor|19/100 tox|[from] ability: Poison Heal
|upkeep
|turn|42
|
|t:|1781426728
|move|p2a: Gliscor|Protect|p2a: Gliscor
|-singleturn|p2a: Gliscor|Protect
|move|p1a: Tornadus|Bleakwind Storm|p2a: Gliscor
|-activate|p2a: Gliscor|move: Protect
|
|-damage|p1a: Tornadus|70/100 tox|[from] psn
|-heal|p2a: Gliscor|32/100 tox|[from] ability: Poison Heal
|upkeep
|turn|43
|
|t:|1781426748
|move|p2a: Gliscor|Protect||[still]
|-fail|p2a: Gliscor
|move|p1a: Tornadus|Bleakwind Storm|p2a: Gliscor
|-damage|p2a: Gliscor|0 fnt
|faint|p2a: Gliscor
|
|-damage|p1a: Tornadus|52/100 tox|[from] psn
|upkeep
|
|t:|1781426753
|switch|p2a: Blissey|Blissey, F|44/100
|turn|44
|
|t:|1781426757
|move|p1a: Tornadus|U-turn|p2a: Blissey
|-damage|p2a: Blissey|29/100
|
|t:|1781426768
|switch|p1a: Hatterene|Hatterene, F|38/100|[from] U-turn
|-damage|p1a: Hatterene|25/100|[from] Spikes
|move|p2a: Blissey|Soft-Boiled|p2a: Blissey
|-heal|p2a: Blissey|79/100
|
|upkeep
|turn|45
|
|t:|1781426785
|move|p2a: Blissey|Seismic Toss|p1a: Hatterene
|-damage|p1a: Hatterene|0 fnt
|faint|p1a: Hatterene
|
|upkeep
|
|t:|1781426802
|switch|p1a: Kingambit|Kingambit, F|58/100
|-damage|p1a: Kingambit|46/100|[from] Spikes
|-activate|p1a: Kingambit|ability: Supreme Overlord
|-start|p1a: Kingambit|fallen3|[silent]
|turn|46
|
|t:|1781426809
|move|p2a: Blissey|Stealth Rock|p1a: Kingambit
|-sidestart|p1: toasterovens123|move: Stealth Rock
|move|p1a: Kingambit|Swords Dance|p1a: Kingambit
|-boost|p1a: Kingambit|atk|2
|
|-heal|p1a: Kingambit|52/100|[from] item: Leftovers
|upkeep
|turn|47
|inactive|toasterovens123 has 120 seconds left.
|
|t:|1781426842
|move|p2a: Blissey|Seismic Toss|p1a: Kingambit
|-damage|p1a: Kingambit|27/100
|move|p1a: Kingambit|Swords Dance|p1a: Kingambit
|-boost|p1a: Kingambit|atk|2
|
|-heal|p1a: Kingambit|33/100|[from] item: Leftovers
|upkeep
|turn|48
|
|t:|1781426850
|move|p1a: Kingambit|Sucker Punch|p2a: Blissey
|-damage|p2a: Blissey|0 fnt
|faint|p2a: Blissey
|
|-heal|p1a: Kingambit|39/100|[from] item: Leftovers
|upkeep
|
|t:|1781426851
|switch|p2a: Keldeo|Keldeo-Resolute|76/100
|-damage|p2a: Keldeo|70/100|[from] Stealth Rock
|turn|49
|
|t:|1781426854
|move|p2a: Keldeo|Vacuum Wave|p1a: Kingambit
|-supereffective|p1a: Kingambit
|-damage|p1a: Kingambit|0 fnt
|faint|p1a: Kingambit
|-end|p1a: Kingambit|fallen3|[silent]
|
|upkeep
|
|t:|1781426859
|switch|p1a: Tornadus|Tornadus-Therian, M|85/100 tox
|-damage|p1a: Tornadus|61/100 tox|[from] Stealth Rock
|turn|50
|
|t:|1781426863
|switch|p2a: Pecharunt|Pecharunt|32/100
|move|p1a: Tornadus|Bleakwind Storm|p2a: Pecharunt|[miss]
|-miss|p1a: Tornadus|p2a: Pecharunt
|
|-damage|p1a: Tornadus|54/100 tox|[from] psn
|upkeep
|turn|51
|
|t:|1781426872
|move|p1a: Tornadus|U-turn|p2a: Pecharunt
|-resisted|p2a: Pecharunt
|-damage|p2a: Pecharunt|31/100
|
|t:|1781426874
|switch|p1a: Slowking|Slowking-Galar, M|86/100|[from] U-turn
|-damage|p1a: Slowking|74/100|[from] Spikes
|-damage|p1a: Slowking|61/100|[from] Stealth Rock
|move|p2a: Pecharunt|Recover|p2a: Pecharunt
|-heal|p2a: Pecharunt|81/100
|
|-heal|p1a: Slowking|67/100|[from] item: Leftovers
|upkeep
|turn|52
|
|t:|1781426877
|move|p2a: Pecharunt|Foul Play|p1a: Slowking
|-supereffective|p1a: Slowking
|-damage|p1a: Slowking|47/100
|move|p1a: Slowking|Future Sight|p2a: Pecharunt
|-start|p1a: Slowking|move: Future Sight
|
|-heal|p1a: Slowking|53/100|[from] item: Leftovers
|upkeep
|turn|53
|
|t:|1781426883
|move|p2a: Pecharunt|Foul Play|p1a: Slowking
|-supereffective|p1a: Slowking
|-damage|p1a: Slowking|37/100
|move|p1a: Slowking|Sludge Bomb|p2a: Pecharunt
|-resisted|p2a: Pecharunt
|-damage|p2a: Pecharunt|72/100
|
|-heal|p1a: Slowking|43/100|[from] item: Leftovers
|upkeep
|turn|54
|inactive|SincereSarje has 120 seconds left.
|
|t:|1781426926
|move|p2a: Pecharunt|Foul Play|p1a: Slowking
|-supereffective|p1a: Slowking
|-damage|p1a: Slowking|25/100
|move|p1a: Slowking|Sludge Bomb|p2a: Pecharunt
|-resisted|p2a: Pecharunt
|-damage|p2a: Pecharunt|63/100
|
|-end|p2a: Pecharunt|move: Future Sight
|-supereffective|p2a: Pecharunt
|-damage|p2a: Pecharunt|0 fnt
|faint|p2a: Pecharunt
|-heal|p1a: Slowking|32/100|[from] item: Leftovers
|upkeep
|
|t:|1781426931
|switch|p2a: Keldeo|Keldeo-Resolute|70/100
|-damage|p2a: Keldeo|63/100|[from] Stealth Rock
|turn|55
|
|t:|1781426934
|-terastallize|p2a: Keldeo|Water
|move|p2a: Keldeo|Surf|p1a: Slowking
|-damage|p1a: Slowking|0 fnt
|faint|p1a: Slowking
|
|upkeep
|
|t:|1781426938
|switch|p1a: Tornadus|Tornadus-Therian, M|88/100 tox
|-damage|p1a: Tornadus|63/100 tox|[from] Stealth Rock
|turn|56
|
|t:|1781426943
|move|p1a: Tornadus|Bleakwind Storm|p2a: Keldeo|[miss]
|-miss|p1a: Tornadus|p2a: Keldeo
|move|p2a: Keldeo|Icy Wind|p1a: Tornadus
|-supereffective|p1a: Tornadus
|-damage|p1a: Tornadus|24/100 tox
|-unboost|p1a: Tornadus|spe|1
|
|-damage|p1a: Tornadus|18/100 tox|[from] psn
|upkeep
|turn|57
|c|☆toasterovens123|...
|
|t:|1781426954
|move|p2a: Keldeo|Surf|p1a: Tornadus
|-damage|p1a: Tornadus|0 fnt
|faint|p1a: Tornadus
|
|win|SincereSarje
|raw|toasterovens123's rating: 1546 &rarr; <strong>1527</strong><br />(-19 for losing)
|raw|SincereSarje's rating: 1572 &rarr; <strong>1591</strong><br />(+19 for winning)
|c|☆toasterovens123|bleakwind miss
|l|☆SincereSarje
|player|p2|
|l|☆toasterovens123
|player|p1|
|j|☆toasterovens123
|player|p1|toasterovens123|volo|
