|j|☆c u soon boi
|j|‽zeep vs zoop
|t:|1781227849
|gametype|singles
|player|p1|c u soon boi|266|1779
|player|p2|zeep vs zoop|iris-gen5bw2|1722
|gen|9
|tier|[Gen 9] OU
|rated|
|rule|HP Percentage Mod: HP is shown in percentages
|rule|Endless Battle Clause: Forcing endless battles is banned
|rule|Species Clause: Limit one of each Pokémon
|rule|OHKO Clause: OHKO moves are banned
|rule|Evasion Items Clause: Evasion items are banned
|rule|Evasion Moves Clause: Evasion moves are banned
|rule|Evasion Abilities Clause: Evasion abilities are banned
|rule|Sleep Moves Clause: Sleep-inducing moves are banned
|clearpoke
|poke|p1|Deoxys-Speed|
|poke|p1|Raging Bolt|
|poke|p1|Kingambit, M|
|poke|p1|Iron Moth|
|poke|p1|Dragonite, M|
|poke|p1|Iron Valiant|
|poke|p2|Zamazenta-*|
|poke|p2|Kingambit, F|
|poke|p2|Dragapult, M|
|poke|p2|Zapdos|
|poke|p2|Volcanion|
|poke|p2|Iron Treads|
|teampreview
|l|☆c u soon boi
|player|p1|
|j|☆c u soon boi
|player|p1|c u soon boi|266|
|
|t:|1781227875
|teamsize|p1|6
|teamsize|p2|6
|start
|switch|p1a: Deoxys|Deoxys-Speed|100/100
|switch|p2a: Iron Treads|Iron Treads|100/100
|-ability|p1a: Deoxys|Pressure
|turn|1
|j| awawattack
|inactive|Battle timer is ON: inactive players will automatically lose when time's up. (requested by zeep vs zoop)
|
|t:|1781227883
|move|p1a: Deoxys|Focus Blast|p2a: Iron Treads
|-supereffective|p2a: Iron Treads
|-damage|p2a: Iron Treads|11/100
|move|p2a: Iron Treads|Rapid Spin|p1a: Deoxys
|-damage|p1a: Deoxys|74/100
|-boost|p2a: Iron Treads|spe|1
|
|-heal|p2a: Iron Treads|18/100|[from] item: Leftovers
|upkeep
|turn|2
|
|t:|1781227893
|move|p2a: Iron Treads|Knock Off|p1a: Deoxys
|-supereffective|p1a: Deoxys
|-damage|p1a: Deoxys|0 fnt
|-enditem|p1a: Deoxys|Focus Sash|[from] move: Knock Off|[of] p2a: Iron Treads
|faint|p1a: Deoxys
|
|-heal|p2a: Iron Treads|24/100|[from] item: Leftovers
|upkeep
|
|t:|1781227903
|switch|p1a: Iron Valiant|Iron Valiant|100/100
|-enditem|p1a: Iron Valiant|Booster Energy
|-activate|p1a: Iron Valiant|ability: Quark Drive|[fromitem]
|-start|p1a: Iron Valiant|quarkdrivespe
|turn|3
|
|t:|1781227908
|-end|p2a: Iron Treads|Quark Drive|[silent]
|switch|p2a: Zapdos|Zapdos|100/100
|move|p1a: Iron Valiant|Shadow Ball|p2a: Zapdos
|-damage|p2a: Zapdos|75/100
|
|upkeep
|turn|4
|
|t:|1781227916
|move|p1a: Iron Valiant|Destiny Bond|p1a: Iron Valiant
|-singlemove|p1a: Iron Valiant|Destiny Bond
|move|p2a: Zapdos|Hurricane|p1a: Iron Valiant|[miss]
|-miss|p2a: Zapdos|p1a: Iron Valiant
|
|upkeep
|turn|5
|
|t:|1781227926
|move|p1a: Iron Valiant|Moonblast|p2a: Zapdos
|-damage|p2a: Zapdos|28/100
|move|p2a: Zapdos|Hurricane|p1a: Iron Valiant
|-supereffective|p1a: Iron Valiant
|-damage|p1a: Iron Valiant|0 fnt
|faint|p1a: Iron Valiant
|-end|p1a: Iron Valiant|Quark Drive|[silent]
|
|upkeep
|
|t:|1781227935
|switch|p1a: Iron Moth|Iron Moth|100/100
|-enditem|p1a: Iron Moth|Booster Energy
|-activate|p1a: Iron Moth|ability: Quark Drive|[fromitem]
|-start|p1a: Iron Moth|quarkdrivespa
|turn|6
|
|t:|1781227951
|switch|p2a: Iron Treads|Iron Treads|24/100
|move|p1a: Iron Moth|Fiery Dance|p2a: Iron Treads
|-supereffective|p2a: Iron Treads
|-crit|p2a: Iron Treads
|-damage|p2a: Iron Treads|0 fnt
|faint|p2a: Iron Treads
|-end|p2a: Iron Treads|Quark Drive|[silent]
|
|upkeep
|
|t:|1781227954
|switch|p2a: Dragapult|Dragapult, M|100/100
|turn|7
|
|t:|1781227961
|move|p2a: Dragapult|Draco Meteor|p1a: Iron Moth|[miss]
|-miss|p2a: Dragapult|p1a: Iron Moth
|move|p1a: Iron Moth|Dazzling Gleam|p2a: Dragapult
|-supereffective|p2a: Dragapult
|-damage|p2a: Dragapult|0 fnt
|faint|p2a: Dragapult
|
|upkeep
|
|t:|1781227966
|switch|p2a: Volcanion|Volcanion|100/100
|turn|8
|
|t:|1781227977
|-end|p1a: Iron Moth|Quark Drive|[silent]
|switch|p1a: Dragonite|Dragonite, M|100/100
|move|p2a: Volcanion|Steam Eruption|p1a: Dragonite
|-resisted|p1a: Dragonite
|-damage|p1a: Dragonite|83/100
|
|upkeep
|turn|9
|
|t:|1781227984
|move|p1a: Dragonite|Dragon Dance|p1a: Dragonite
|-boost|p1a: Dragonite|atk|1
|-boost|p1a: Dragonite|spe|1
|move|p2a: Volcanion|Will-O-Wisp|p1a: Dragonite
|-status|p1a: Dragonite|brn
|
|-damage|p1a: Dragonite|77/100 brn|[from] brn
|upkeep
|turn|10
|
|t:|1781227995
|switch|p2a: Zapdos|Zapdos|28/100
|move|p1a: Dragonite|Dragon Dance|p1a: Dragonite
|-boost|p1a: Dragonite|atk|1
|-boost|p1a: Dragonite|spe|1
|
|-damage|p1a: Dragonite|71/100 brn|[from] brn
|upkeep
|turn|11
|
|t:|1781228003
|move|p1a: Dragonite|Ice Spinner|p2a: Zapdos
|-supereffective|p2a: Zapdos
|-damage|p2a: Zapdos|0 fnt
|faint|p2a: Zapdos
|
|-damage|p1a: Dragonite|65/100 brn|[from] brn
|upkeep
|
|t:|1781228008
|switch|p2a: Zamazenta|Zamazenta|100/100
|-ability|p2a: Zamazenta|Dauntless Shield|boost
|-boost|p2a: Zamazenta|def|1
|turn|12
|
|t:|1781228014
|move|p1a: Dragonite|Earthquake|p2a: Zamazenta
|-damage|p2a: Zamazenta|82/100
|move|p2a: Zamazenta|Iron Defense|p2a: Zamazenta
|-boost|p2a: Zamazenta|def|2
|
|-heal|p2a: Zamazenta|89/100|[from] item: Leftovers
|-damage|p1a: Dragonite|58/100 brn|[from] brn
|upkeep
|turn|13
|
|t:|1781228024
|switch|p1a: Iron Moth|Iron Moth|100/100
|move|p2a: Zamazenta|Iron Defense|p2a: Zamazenta
|-boost|p2a: Zamazenta|def|2
|
|-heal|p2a: Zamazenta|95/100|[from] item: Leftovers
|upkeep
|turn|14
|
|t:|1781228036
|-terastallize|p2a: Zamazenta|Fire
|move|p2a: Zamazenta|Body Press|p1a: Iron Moth
|-resisted|p1a: Iron Moth
|-damage|p1a: Iron Moth|0 fnt
|faint|p1a: Iron Moth
|-end|p1a: Iron Moth|Quark Drive|[silent]
|
|-heal|p2a: Zamazenta|100/100|[from] item: Leftovers
|upkeep
|
|t:|1781228052
|switch|p1a: Dragonite|Dragonite, M|58/100 brn
|turn|15
|
|t:|1781228057
|move|p2a: Zamazenta|Substitute|p2a: Zamazenta
|-start|p2a: Zamazenta|Substitute
|-damage|p2a: Zamazenta|75/100
|move|p1a: Dragonite|Earthquake|p2a: Zamazenta
|-supereffective|p2a: Zamazenta
|-activate|p2a: Zamazenta|move: Substitute|[damage]
|
|-heal|p2a: Zamazenta|82/100|[from] item: Leftovers
|-damage|p1a: Dragonite|52/100 brn|[from] brn
|upkeep
|turn|16
|
|t:|1781228067
|move|p2a: Zamazenta|Body Press|p1a: Dragonite
|-resisted|p1a: Dragonite
|-damage|p1a: Dragonite|0 fnt
|faint|p1a: Dragonite
|
|-heal|p2a: Zamazenta|88/100|[from] item: Leftovers
|upkeep
|
|t:|1781228078
|switch|p1a: Kingambit|Kingambit, M|100/100
|-activate|p1a: Kingambit|ability: Supreme Overlord
|-start|p1a: Kingambit|fallen4|[silent]
|turn|17
|
|t:|1781228083
|-terastallize|p1a: Kingambit|Ghost
|move|p2a: Zamazenta|Crunch|p1a: Kingambit
|-supereffective|p1a: Kingambit
|-damage|p1a: Kingambit|71/100
|move|p1a: Kingambit|Swords Dance|p1a: Kingambit
|-boost|p1a: Kingambit|atk|2
|
|-heal|p2a: Zamazenta|94/100|[from] item: Leftovers
|upkeep
|turn|18
|
|t:|1781228094
|move|p2a: Zamazenta|Crunch|p1a: Kingambit
|-supereffective|p1a: Kingambit
|-damage|p1a: Kingambit|39/100
|move|p1a: Kingambit|Kowtow Cleave|p2a: Zamazenta
|-end|p2a: Zamazenta|Substitute
|
|-heal|p2a: Zamazenta|99/100|[from] item: Leftovers
|upkeep
|turn|19
|
|t:|1781228104
|move|p1a: Kingambit|Sucker Punch|p2a: Zamazenta
|-damage|p2a: Zamazenta|75/100
|move|p2a: Zamazenta|Crunch|p1a: Kingambit
|-supereffective|p1a: Kingambit
|-damage|p1a: Kingambit|9/100
|
|-heal|p2a: Zamazenta|82/100|[from] item: Leftovers
|upkeep
|turn|20
|
|t:|1781228113
|move|p2a: Zamazenta|Crunch|p1a: Kingambit
|-supereffective|p1a: Kingambit
|-damage|p1a: Kingambit|0 fnt
|faint|p1a: Kingambit
|-end|p1a: Kingambit|fallen4|[silent]
|
|-heal|p2a: Zamazenta|88/100|[from] item: Leftovers
|upkeep
|-message|c u soon boi forfeited.
|
|win|zeep vs zoop
|raw|c u soon boi's rating: 1779 &rarr; <strong>1756</strong><br />(-23 for losing)
|raw|zeep vs zoop's rating: 1722 &rarr; <strong>1745</strong><br />(+23 for winning)
|l|☆c u soon boi
|player|p1|
|l|‽zeep vs zoop
|player|p2|
