|j|☆Rj yoip
|j|☆wubbybubbyjr
|t:|1780888431
|gametype|singles
|player|p1|Rj yoip|caitlin-masters|1671
|player|p2|wubbybubbyjr|preschooler|1686
|gen|9
|tier|[Gen 9] OU
|rated|
|rule|HP Percentage Mod: HP is shown in percentages
|rule|Endless Battle Clause: Forcing endless battles is banned
|rule|Species Clause: Limit one of each Pokémon
|rule|OHKO Clause: OHKO moves are banned
|rule|Evasion Items Clause: Evasion items are banned
|rule|Evasion Moves Clause: Evasion moves are banned
|rule|Evasion Abilities Clause: Evasion abilities are banned
|rule|Sleep Moves Clause: Sleep-inducing moves are banned
|clearpoke
|poke|p1|Tyranitar, F|
|poke|p1|Hydrapple, F|
|poke|p1|Enamorus, F|
|poke|p1|Garganacl, M|
|poke|p1|Excadrill, F|
|poke|p1|Alomomola, F|
|poke|p2|Darkrai|
|poke|p2|Deoxys-Speed|
|poke|p2|Gholdengo|
|poke|p2|Great Tusk|
|poke|p2|Ogerpon-Wellspring, F|
|poke|p2|Dragonite, M|
|teampreview
|inactive|Battle timer is ON: inactive players will automatically lose when time's up. (requested by wubbybubbyjr)
|
|t:|1780888455
|teamsize|p1|6
|teamsize|p2|6
|start
|switch|p1a: Garganacl|Garganacl, M|100/100
|switch|p2a: Capone|Ogerpon-Wellspring, F|100/100
|turn|1
|
|t:|1780888459
|move|p2a: Capone|Ivy Cudgel|p1a: Garganacl|[anim] Ivy Cudgel Water
|-supereffective|p1a: Garganacl
|-crit|p1a: Garganacl
|-damage|p1a: Garganacl|0 fnt
|faint|p1a: Garganacl
|
|upkeep
|
|t:|1780888465
|switch|p1a: Enamorus|Enamorus, F|100/100
|turn|2
|
|t:|1780888485
|move|p1a: Enamorus|Moonblast|p2a: Capone
|-damage|p2a: Capone|40/100
|move|p2a: Capone|Ivy Cudgel|p1a: Enamorus|[anim] Ivy Cudgel Water
|-damage|p1a: Enamorus|13/100
|
|upkeep
|turn|3
|
|t:|1780888491
|switch|p2a: Golden Child|Gholdengo|100/100
|move|p1a: Enamorus|Moonblast|p2a: Golden Child
|-resisted|p2a: Golden Child
|-damage|p2a: Golden Child|70/100
|-unboost|p2a: Golden Child|spa|1
|
|upkeep
|turn|4
|
|t:|1780888494
|switch|p1a: Alomomola|Alomomola, F|100/100
|move|p2a: Golden Child|Make It Rain|p1a: Alomomola
|-resisted|p1a: Alomomola
|-damage|p1a: Alomomola|89/100
|-unboost|p2a: Golden Child|spa|1
|
|upkeep
|turn|5
|
|t:|1780888502
|switch|p2a: Capone|Ogerpon-Wellspring, F|40/100
|move|p1a: Alomomola|Body Slam|p2a: Capone
|-damage|p2a: Capone|20/100
|
|upkeep
|turn|6
|
|t:|1780888511
|switch|p1a: Hydrapple|Hydrapple, F|100/100
|move|p2a: Capone|U-turn|p1a: Hydrapple
|-supereffective|p1a: Hydrapple
|-damage|p1a: Hydrapple|71/100
|-damage|p2a: Capone|3/100|[from] item: Rocky Helmet|[of] p1a: Hydrapple
|
|t:|1780888520
|switch|p2a: Sheister|Darkrai|100/100|[from] U-turn
|
|upkeep
|turn|7
|
|t:|1780888530
|switch|p1a: Alomomola|Alomomola, F|100/100
|move|p2a: Sheister|Sludge Bomb|p1a: Alomomola
|-damage|p1a: Alomomola|75/100
|-status|p1a: Alomomola|psn
|
|-damage|p1a: Alomomola|62/100 psn|[from] psn
|upkeep
|turn|8
|
|t:|1780888542
|switch|p2a: Capone|Ogerpon-Wellspring, F|3/100
|move|p1a: Alomomola|Body Slam|p2a: Capone
|-damage|p2a: Capone|0 fnt
|faint|p2a: Capone
|
|-damage|p1a: Alomomola|50/100 psn|[from] psn
|upkeep
|
|t:|1780888564
|switch|p2a: Lightning Mcqueen|Deoxys-Speed|100/100
|-ability|p2a: Lightning Mcqueen|Pressure
|turn|9
|
|t:|1780888572
|move|p2a: Lightning Mcqueen|Stealth Rock|p1a: Alomomola
|-sidestart|p1: Rj yoip|move: Stealth Rock
|move|p1a: Alomomola|Flip Turn|p2a: Lightning Mcqueen
|-damage|p2a: Lightning Mcqueen|73/100
|
|t:|1780888575
|switch|p1a: Tyranitar|Tyranitar, F|100/100|[from] Flip Turn
|-damage|p1a: Tyranitar|88/100|[from] Stealth Rock
|-weather|Sandstorm|[from] ability: Sand Stream|[of] p1a: Tyranitar
|
|-weather|Sandstorm|[upkeep]
|-damage|p2a: Lightning Mcqueen|67/100|[from] Sandstorm
|upkeep
|turn|10
|
|t:|1780888577
|switch|p1a: Alomomola|Alomomola, F|83/100 psn
|-damage|p1a: Alomomola|71/100 psn|[from] Stealth Rock
|move|p2a: Lightning Mcqueen|Spikes|p1a: Alomomola
|-sidestart|p1: Rj yoip|Spikes
|
|-weather|Sandstorm|[upkeep]
|-damage|p2a: Lightning Mcqueen|61/100|[from] Sandstorm
|-damage|p1a: Alomomola|65/100 psn|[from] Sandstorm
|-damage|p1a: Alomomola|52/100 psn|[from] psn
|upkeep
|turn|11
|
|t:|1780888582
|move|p2a: Lightning Mcqueen|Spikes|p1a: Alomomola
|-sidestart|p1: Rj yoip|Spikes
|move|p1a: Alomomola|Flip Turn|p2a: Lightning Mcqueen
|-damage|p2a: Lightning Mcqueen|35/100
|
|t:|1780888584
|switch|p1a: Excadrill|Excadrill, F|100/100|[from] Flip Turn
|-damage|p1a: Excadrill|97/100|[from] Stealth Rock
|-damage|p1a: Excadrill|81/100|[from] Spikes
|
|-weather|Sandstorm|[upkeep]
|-damage|p2a: Lightning Mcqueen|28/100|[from] Sandstorm
|-heal|p1a: Excadrill|87/100|[from] item: Leftovers
|upkeep
|turn|12
|
|t:|1780888594
|-terastallize|p2a: Lightning Mcqueen|Ghost
|move|p1a: Excadrill|Substitute|p1a: Excadrill
|-start|p1a: Excadrill|Substitute
|-damage|p1a: Excadrill|62/100
|move|p2a: Lightning Mcqueen|Psycho Boost|p1a: Excadrill
|-resisted|p1a: Excadrill
|-end|p1a: Excadrill|Substitute
|-unboost|p2a: Lightning Mcqueen|spa|2
|
|-weather|Sandstorm|[upkeep]
|-damage|p2a: Lightning Mcqueen|22/100|[from] Sandstorm
|-heal|p1a: Excadrill|68/100|[from] item: Leftovers
|upkeep
|turn|13
|
|t:|1780888604
|switch|p2a: Big Slappa|Great Tusk|100/100
|move|p1a: Excadrill|Earthquake|p2a: Big Slappa
|-damage|p2a: Big Slappa|61/100
|
|-weather|none
|-heal|p1a: Excadrill|74/100|[from] item: Leftovers
|upkeep
|turn|14
|
|t:|1780888610
|move|p1a: Excadrill|Rapid Spin|p2a: Big Slappa
|-damage|p2a: Big Slappa|49/100
|-boost|p1a: Excadrill|spe|1
|-sideend|p1: Rj yoip|Spikes|[from] move: Rapid Spin|[of] p1a: Excadrill
|-sideend|p1: Rj yoip|Stealth Rock|[from] move: Rapid Spin|[of] p1a: Excadrill
|move|p2a: Big Slappa|Knock Off|p1a: Excadrill
|-damage|p1a: Excadrill|30/100
|-enditem|p1a: Excadrill|Leftovers|[from] move: Knock Off|[of] p2a: Big Slappa
|
|upkeep
|turn|15
|
|t:|1780888618
|move|p1a: Excadrill|Earthquake|p2a: Big Slappa
|-damage|p2a: Big Slappa|9/100
|move|p2a: Big Slappa|Close Combat|p1a: Excadrill
|-supereffective|p1a: Excadrill
|-damage|p1a: Excadrill|0 fnt
|-unboost|p2a: Big Slappa|def|1
|-unboost|p2a: Big Slappa|spd|1
|faint|p1a: Excadrill
|
|upkeep
|
|t:|1780888621
|switch|p1a: Enamorus|Enamorus, F|13/100
|turn|16
|
|t:|1780888625
|move|p1a: Enamorus|Moonblast|p2a: Big Slappa
|-supereffective|p2a: Big Slappa
|-damage|p2a: Big Slappa|0 fnt
|faint|p2a: Big Slappa
|-end|p2a: Big Slappa|Protosynthesis|[silent]
|
|upkeep
|
|t:|1780888627
|switch|p2a: Golden Child|Gholdengo|70/100
|turn|17
|
|t:|1780888636
|switch|p1a: Alomomola|Alomomola, F|85/100 psn
|switch|p2a: Lightning Mcqueen|Deoxys-Speed, tera:Ghost|22/100
|-ability|p2a: Lightning Mcqueen|Pressure
|
|-damage|p1a: Alomomola|73/100 psn|[from] psn
|upkeep
|turn|18
|
|t:|1780888638
|move|p2a: Lightning Mcqueen|Stealth Rock|p1a: Alomomola
|-sidestart|p1: Rj yoip|move: Stealth Rock
|move|p1a: Alomomola|Flip Turn|p2a: Lightning Mcqueen
|-damage|p2a: Lightning Mcqueen|0 fnt
|faint|p2a: Lightning Mcqueen
|
|t:|1780888641
|switch|p1a: Tyranitar|Tyranitar, F|88/100|[from] Flip Turn
|-damage|p1a: Tyranitar|76/100|[from] Stealth Rock
|-weather|Sandstorm|[from] ability: Sand Stream|[of] p1a: Tyranitar
|
|-weather|Sandstorm|[upkeep]
|upkeep
|
|t:|1780888651
|switch|p2a: Xonks|Dragonite, M|100/100
|turn|19
|
|t:|1780888664
|move|p2a: Xonks|Earthquake|p1a: Tyranitar
|-supereffective|p1a: Tyranitar
|-damage|p1a: Tyranitar|1/100
|move|p1a: Tyranitar|Ice Punch|p2a: Xonks
|-supereffective|p2a: Xonks
|-damage|p2a: Xonks|3/100
|
|-weather|Sandstorm|[upkeep]
|-damage|p2a: Xonks|0 fnt|[from] Sandstorm
|faint|p2a: Xonks
|upkeep
|
|t:|1780888672
|switch|p2a: Sheister|Darkrai|100/100
|turn|20
|
|t:|1780888678
|move|p2a: Sheister|Dark Pulse|p1a: Tyranitar
|-resisted|p1a: Tyranitar
|-damage|p1a: Tyranitar|0 fnt
|faint|p1a: Tyranitar
|
|-weather|Sandstorm|[upkeep]
|-damage|p2a: Sheister|94/100|[from] Sandstorm
|upkeep
|
|t:|1780888680
|switch|p1a: Alomomola|Alomomola, F|100/100 psn
|-damage|p1a: Alomomola|88/100 psn|[from] Stealth Rock
|turn|21
|
|t:|1780888682
|move|p2a: Sheister|Dark Pulse|p1a: Alomomola
|-damage|p1a: Alomomola|53/100 psn
|cant|p1a: Alomomola|flinch
|
|-weather|Sandstorm|[upkeep]
|-damage|p2a: Sheister|88/100|[from] Sandstorm
|-damage|p1a: Alomomola|47/100 psn|[from] Sandstorm
|-damage|p1a: Alomomola|35/100 psn|[from] psn
|upkeep
|turn|22
|
|t:|1780888687
|switch|p1a: Hydrapple|Hydrapple, F|100/100
|-damage|p1a: Hydrapple|88/100|[from] Stealth Rock
|move|p2a: Sheister|Dark Pulse|p1a: Hydrapple
|-damage|p1a: Hydrapple|29/100
|
|-weather|none
|upkeep
|turn|23
|
|t:|1780888693
|switch|p1a: Enamorus|Enamorus, F|13/100
|-damage|p1a: Enamorus|0 fnt|[from] Stealth Rock
|faint|p1a: Enamorus
|move|p2a: Sheister|Dark Pulse|p1: Enamorus|[notarget]
|-fail|p2a: Sheister
|
|upkeep
|
|t:|1780888700
|switch|p1a: Alomomola|Alomomola, F|68/100 psn
|-damage|p1a: Alomomola|56/100 psn|[from] Stealth Rock
|turn|24
|
|t:|1780888702
|move|p2a: Sheister|Dark Pulse|p1a: Alomomola
|-damage|p1a: Alomomola|20/100 psn
|move|p1a: Alomomola|Flip Turn|p2a: Sheister
|-damage|p2a: Sheister|66/100
|
|t:|1780888704
|switch|p1a: Hydrapple|Hydrapple, F|62/100|[from] Flip Turn
|-damage|p1a: Hydrapple|50/100|[from] Stealth Rock
|
|upkeep
|turn|25
|
|t:|1780888706
|move|p2a: Sheister|Dark Pulse|p1a: Hydrapple
|-damage|p1a: Hydrapple|0 fnt
|faint|p1a: Hydrapple
|
|upkeep
|-message|Rj yoip forfeited.
|
|win|wubbybubbyjr
|raw|Rj yoip's rating: 1671 &rarr; <strong>1652</strong><br />(-19 for losing)
|raw|wubbybubbyjr's rating: 1686 &rarr; <strong>1705</strong><br />(+19 for winning)
|l|☆Rj yoip
|player|p1|
|l|☆wubbybubbyjr
|player|p2|
