|j|☆KurisuChestnutOU
|j|☆KnightKnaveSpy
|t:|1781135767
|gametype|singles
|player|p1|KurisuChestnutOU|may-contest|1510
|player|p2|KnightKnaveSpy|101|1506
|gen|9
|tier|[Gen 9] OU
|rated|
|rule|HP Percentage Mod: HP is shown in percentages
|rule|Endless Battle Clause: Forcing endless battles is banned
|rule|Species Clause: Limit one of each Pokémon
|rule|OHKO Clause: OHKO moves are banned
|rule|Evasion Items Clause: Evasion items are banned
|rule|Evasion Moves Clause: Evasion moves are banned
|rule|Evasion Abilities Clause: Evasion abilities are banned
|rule|Sleep Moves Clause: Sleep-inducing moves are banned
|clearpoke
|poke|p1|Kingambit, F|
|poke|p1|Kommo-o, F|
|poke|p1|Iron Valiant|
|poke|p1|Kyurem|
|poke|p1|Iron Treads|
|poke|p1|Iron Crown|
|poke|p2|Samurott-Hisui, M|
|poke|p2|Blaziken, F|
|poke|p2|Kingambit, M|
|poke|p2|Raging Bolt|
|poke|p2|Ogerpon-Wellspring, F|
|poke|p2|Greninja-*, M|
|teampreview
|inactive|Battle timer is ON: inactive players will automatically lose when time's up. (requested by KurisuChestnutOU)
|
|t:|1781135779
|teamsize|p1|6
|teamsize|p2|6
|start
|switch|p1a: Kommo-o|Kommo-o, F|100/100
|switch|p2a: Samurott|Samurott-Hisui, M|100/100
|turn|1
|
|t:|1781135789
|switch|p2a: Raging Bolt|Raging Bolt|100/100
|-item|p2a: Raging Bolt|Air Balloon
|move|p1a: Kommo-o|Clangorous Soul|p1a: Kommo-o
|-boost|p1a: Kommo-o|atk|1
|-boost|p1a: Kommo-o|def|1
|-boost|p1a: Kommo-o|spa|1
|-boost|p1a: Kommo-o|spd|1
|-boost|p1a: Kommo-o|spe|1
|-damage|p1a: Kommo-o|68/100
|
|-heal|p1a: Kommo-o|74/100|[from] item: Leftovers
|upkeep
|turn|2
|
|t:|1781135793
|-terastallize|p1a: Kommo-o|Ghost
|-terastallize|p2a: Raging Bolt|Fairy
|move|p1a: Kommo-o|Shadow Claw|p2a: Raging Bolt
|-damage|p2a: Raging Bolt|68/100
|-enditem|p2a: Raging Bolt|Air Balloon
|move|p2a: Raging Bolt|Draco Meteor|p1a: Kommo-o|[miss]
|-miss|p2a: Raging Bolt|p1a: Kommo-o
|
|-heal|p1a: Kommo-o|80/100|[from] item: Leftovers
|upkeep
|turn|3
|
|t:|1781135803
|move|p1a: Kommo-o|Clangorous Soul|p1a: Kommo-o
|-boost|p1a: Kommo-o|atk|1
|-boost|p1a: Kommo-o|def|1
|-boost|p1a: Kommo-o|spa|1
|-boost|p1a: Kommo-o|spd|1
|-boost|p1a: Kommo-o|spe|1
|-damage|p1a: Kommo-o|47/100
|move|p2a: Raging Bolt|Thunderbolt|p1a: Kommo-o
|-crit|p1a: Kommo-o
|-damage|p1a: Kommo-o|0 fnt
|faint|p1a: Kommo-o
|
|upkeep
|
|t:|1781135810
|switch|p1a: Iron Crown|Iron Crown|100/100
|-enditem|p1a: Iron Crown|Booster Energy
|-activate|p1a: Iron Crown|ability: Quark Drive|[fromitem]
|-start|p1a: Iron Crown|quarkdrivespe
|turn|4
|inactive|KnightKnaveSpy has 120 seconds left.
|
|t:|1781135841
|-end|p2a: Raging Bolt|Protosynthesis|[silent]
|switch|p2a: Ogerpon|Ogerpon-Wellspring, F|100/100
|move|p1a: Iron Crown|Tachyon Cutter|p2a: Ogerpon
|-resisted|p2a: Ogerpon
|-damage|p2a: Ogerpon|88/100
|-resisted|p2a: Ogerpon
|-damage|p2a: Ogerpon|74/100
|-hitcount|p2a: Ogerpon|2
|
|upkeep
|turn|5
|
|t:|1781135851
|move|p1a: Iron Crown|Psychic Noise|p2a: Ogerpon
|-damage|p2a: Ogerpon|33/100
|-start|p2a: Ogerpon|move: Heal Block
|move|p2a: Ogerpon|Ivy Cudgel|p1a: Iron Crown|[anim] Ivy Cudgel Water
|-damage|p1a: Iron Crown|39/100
|
|upkeep
|turn|6
|
|t:|1781135857
|switch|p2a: Samurott|Samurott-Hisui, M|100/100
|move|p1a: Iron Crown|Focus Blast|p2a: Samurott|[miss]
|-miss|p1a: Iron Crown|p2a: Samurott
|
|upkeep
|turn|7
|
|t:|1781135861
|move|p1a: Iron Crown|Focus Blast|p2a: Samurott|[miss]
|-miss|p1a: Iron Crown|p2a: Samurott
|move|p2a: Samurott|Ceaseless Edge|p1a: Iron Crown
|-supereffective|p1a: Iron Crown
|-damage|p1a: Iron Crown|0 fnt
|-sidestart|p1: KurisuChestnutOU|Spikes
|faint|p1a: Iron Crown
|-end|p1a: Iron Crown|Quark Drive|[silent]
|
|upkeep
|
|t:|1781135865
|switch|p1a: Iron Valiant|Iron Valiant|100/100
|-damage|p1a: Iron Valiant|88/100|[from] Spikes
|-enditem|p1a: Iron Valiant|Booster Energy
|-activate|p1a: Iron Valiant|ability: Quark Drive|[fromitem]
|-start|p1a: Iron Valiant|quarkdrivespe
|turn|8
|
|t:|1781135869
|move|p1a: Iron Valiant|Calm Mind|p1a: Iron Valiant
|-boost|p1a: Iron Valiant|spa|1
|-boost|p1a: Iron Valiant|spd|1
|move|p2a: Samurott|Aqua Cutter|p1a: Iron Valiant
|-crit|p1a: Iron Valiant
|-damage|p1a: Iron Valiant|0 fnt
|faint|p1a: Iron Valiant
|-end|p1a: Iron Valiant|Quark Drive|[silent]
|
|upkeep
|
|t:|1781135875
|switch|p1a: Kingambit|Kingambit, F|100/100
|-damage|p1a: Kingambit|88/100|[from] Spikes
|-activate|p1a: Kingambit|ability: Supreme Overlord
|-start|p1a: Kingambit|fallen3|[silent]
|turn|9
|
|t:|1781135880
|move|p2a: Samurott|Aqua Cutter|p1a: Kingambit
|-crit|p1a: Kingambit
|-damage|p1a: Kingambit|29/100
|move|p1a: Kingambit|Low Kick|p2a: Samurott
|-supereffective|p2a: Samurott
|-damage|p2a: Samurott|2/100
|
|-heal|p1a: Kingambit|36/100|[from] item: Leftovers
|upkeep
|turn|10
|
|t:|1781135887
|-end|p1a: Kingambit|fallen3|[silent]
|switch|p1a: Kyurem|Kyurem|100/100
|-damage|p1a: Kyurem|88/100|[from] Spikes
|-ability|p1a: Kyurem|Pressure
|move|p2a: Samurott|Aqua Jet|p1a: Kyurem
|-resisted|p1a: Kyurem
|-damage|p1a: Kyurem|79/100
|
|upkeep
|turn|11
|
|t:|1781135890
|move|p1a: Kyurem|Earth Power|p2a: Samurott
|-damage|p2a: Samurott|0 fnt
|faint|p2a: Samurott
|
|upkeep
|
|t:|1781135908
|switch|p2a: Raging Bolt|Raging Bolt, tera:Fairy|68/100
|turn|12
|
|t:|1781135913
|switch|p1a: Iron Treads|Iron Treads|100/100
|-damage|p1a: Iron Treads|88/100|[from] Spikes
|-enditem|p1a: Iron Treads|Booster Energy
|-activate|p1a: Iron Treads|ability: Quark Drive|[fromitem]
|-start|p1a: Iron Treads|quarkdrivespe
|move|p2a: Raging Bolt|Draco Meteor|p1a: Iron Treads
|-resisted|p1a: Iron Treads
|-damage|p1a: Iron Treads|42/100
|-unboost|p2a: Raging Bolt|spa|2
|
|upkeep
|turn|13
|
|t:|1781135926
|-end|p2a: Raging Bolt|Protosynthesis|[silent]
|switch|p2a: Greninja|Greninja, M|100/100
|move|p1a: Iron Treads|Earthquake|p2a: Greninja
|-damage|p2a: Greninja|35/100
|
|upkeep
|turn|14
|
|t:|1781135930
|-end|p1a: Iron Treads|Quark Drive|[silent]
|switch|p1a: Kyurem|Kyurem|79/100
|-damage|p1a: Kyurem|66/100|[from] Spikes
|-ability|p1a: Kyurem|Pressure
|move|p2a: Greninja|Water Shuriken|p1a: Kyurem
|-start|p2a: Greninja|typechange|Water|[from] ability: Protean
|-resisted|p1a: Kyurem
|-damage|p1a: Kyurem|63/100
|-resisted|p1a: Kyurem
|-damage|p1a: Kyurem|59/100
|-hitcount|p1a: Kyurem|2
|
|upkeep
|turn|15
|
|t:|1781135939
|move|p2a: Greninja|Dark Pulse|p1a: Kyurem
|-damage|p1a: Kyurem|34/100
|move|p1a: Kyurem|Dragon Dance|p1a: Kyurem
|-boost|p1a: Kyurem|atk|1
|-boost|p1a: Kyurem|spe|1
|
|upkeep
|turn|16
|
|t:|1781135945
|move|p2a: Greninja|Water Shuriken|p1a: Kyurem
|-resisted|p1a: Kyurem
|-damage|p1a: Kyurem|30/100
|-resisted|p1a: Kyurem
|-damage|p1a: Kyurem|27/100
|-resisted|p1a: Kyurem
|-damage|p1a: Kyurem|23/100
|-hitcount|p1a: Kyurem|3
|move|p1a: Kyurem|Icicle Spear|p2a: Greninja
|-resisted|p2a: Greninja
|-damage|p2a: Greninja|19/100
|-resisted|p2a: Greninja
|-damage|p2a: Greninja|3/100
|-resisted|p2a: Greninja
|-crit|p2a: Greninja
|-damage|p2a: Greninja|0 fnt
|faint|p2a: Greninja
|-hitcount|p2: Greninja|3
|
|upkeep
|
|t:|1781135960
|switch|p2a: Raging Bolt|Raging Bolt, tera:Fairy|68/100
|turn|17
|
|t:|1781135964
|move|p2a: Raging Bolt|Thunderclap|p1a: Kyurem
|-resisted|p1a: Kyurem
|-damage|p1a: Kyurem|3/100
|move|p1a: Kyurem|Icicle Spear|p2a: Raging Bolt
|-damage|p2a: Raging Bolt|51/100
|-damage|p2a: Raging Bolt|36/100
|-damage|p2a: Raging Bolt|20/100
|-damage|p2a: Raging Bolt|3/100
|-damage|p2a: Raging Bolt|0 fnt
|faint|p2a: Raging Bolt
|-end|p2a: Raging Bolt|Protosynthesis|[silent]
|-hitcount|p2: Raging Bolt|5
|
|upkeep
|
|t:|1781135967
|switch|p2a: Kingambit|Kingambit, M|100/100
|-activate|p2a: Kingambit|ability: Supreme Overlord
|-start|p2a: Kingambit|fallen3|[silent]
|turn|18
|
|t:|1781135976
|move|p2a: Kingambit|Sucker Punch|p1a: Kyurem
|-damage|p1a: Kyurem|0 fnt
|faint|p1a: Kyurem
|
|upkeep
|
|t:|1781135980
|switch|p1a: Iron Treads|Iron Treads|42/100
|-damage|p1a: Iron Treads|30/100|[from] Spikes
|turn|19
|
|t:|1781135985
|-end|p2a: Kingambit|fallen3|[silent]
|switch|p2a: Ogerpon|Ogerpon-Wellspring, F|33/100
|move|p1a: Iron Treads|Rapid Spin|p2a: Ogerpon
|-damage|p2a: Ogerpon|16/100
|-boost|p1a: Iron Treads|spe|1
|-sideend|p1: KurisuChestnutOU|Spikes|[from] move: Rapid Spin|[of] p1a: Iron Treads
|
|upkeep
|turn|20
|
|t:|1781135991
|move|p1a: Iron Treads|Earthquake|p2a: Ogerpon
|-resisted|p2a: Ogerpon
|-damage|p2a: Ogerpon|0 fnt
|faint|p2a: Ogerpon
|
|upkeep
|
|t:|1781135993
|switch|p2a: Kingambit|Kingambit, M|100/100
|-activate|p2a: Kingambit|ability: Supreme Overlord
|-start|p2a: Kingambit|fallen4|[silent]
|turn|21
|
|t:|1781135998
|move|p2a: Kingambit|Sucker Punch||[still]
|-fail|p2a: Kingambit
|move|p1a: Iron Treads|Stealth Rock|p2a: Kingambit
|-sidestart|p2: KnightKnaveSpy|move: Stealth Rock
|
|upkeep
|turn|22
|
|t:|1781136001
|move|p1a: Iron Treads|Endeavor|p2a: Kingambit
|-damage|p2a: Kingambit|28/100
|move|p2a: Kingambit|Kowtow Cleave|p1a: Iron Treads
|-damage|p1a: Iron Treads|0 fnt
|faint|p1a: Iron Treads
|-end|p1a: Iron Treads|Quark Drive|[silent]
|
|upkeep
|
|t:|1781136009
|switch|p1a: Kingambit|Kingambit, F|36/100
|-activate|p1a: Kingambit|ability: Supreme Overlord
|-start|p1a: Kingambit|fallen5|[silent]
|turn|23
|
|t:|1781136018
|move|p1a: Kingambit|Swords Dance|p1a: Kingambit
|-boost|p1a: Kingambit|atk|2
|move|p2a: Kingambit|Low Kick|p1a: Kingambit
|-supereffective|p1a: Kingambit
|-damage|p1a: Kingambit|0 fnt
|faint|p1a: Kingambit
|-end|p1a: Kingambit|fallen5|[silent]
|
|win|KnightKnaveSpy
|raw|KurisuChestnutOU's rating: 1591 &rarr; <strong>1566</strong><br />(-25 for losing)
|raw|KnightKnaveSpy's rating: 1506 &rarr; <strong>1531</strong><br />(+25 for winning)
