|j|☆LowEL0God
|j|☆The real kurt tay
|t:|1781433016
|gametype|singles
|player|p1|LowEL0God|265|1606
|player|p2|The real kurt tay|102|1641
|gen|9
|tier|[Gen 9] OU
|rated|
|rule|HP Percentage Mod: HP is shown in percentages
|rule|Endless Battle Clause: Forcing endless battles is banned
|rule|Species Clause: Limit one of each Pokémon
|rule|OHKO Clause: OHKO moves are banned
|rule|Evasion Items Clause: Evasion items are banned
|rule|Evasion Moves Clause: Evasion moves are banned
|rule|Evasion Abilities Clause: Evasion abilities are banned
|rule|Sleep Moves Clause: Sleep-inducing moves are banned
|clearpoke
|poke|p1|Pelipper, F|
|poke|p1|Raging Bolt|
|poke|p1|Overqwil, M|
|poke|p1|Barraskewda, M|
|poke|p1|Iron Treads|
|poke|p1|Kingambit, F|
|poke|p2|Garganacl, M|
|poke|p2|Raging Bolt|
|poke|p2|Gliscor, F|
|poke|p2|Ceruledge, M|
|poke|p2|Gholdengo|
|poke|p2|Samurott-Hisui, M|
|teampreview
|c|☆LowEL0God|hf
|inactive|Battle timer is ON: inactive players will automatically lose when time's up. (requested by LowEL0God)
|
|t:|1781433025
|teamsize|p1|6
|teamsize|p2|6
|start
|switch|p1a: Kingambit|Kingambit, F|100/100
|switch|p2a: Darius|Garganacl, M|100/100
|turn|1
|
|t:|1781433030
|move|p1a: Kingambit|Swords Dance|p1a: Kingambit
|-boost|p1a: Kingambit|atk|2
|move|p2a: Darius|Salt Cure|p1a: Kingambit
|-resisted|p1a: Kingambit
|-damage|p1a: Kingambit|95/100
|-start|p1a: Kingambit|Salt Cure
|
|-heal|p1a: Kingambit|100/100|[from] item: Leftovers
|-damage|p1a: Kingambit|76/100|[from] Salt Cure
|upkeep
|turn|2
|
|t:|1781433036
|move|p2a: Darius|Protect|p2a: Darius
|-singleturn|p2a: Darius|Protect
|move|p1a: Kingambit|Iron Head|p2a: Darius
|-activate|p2a: Darius|move: Protect
|
|-heal|p1a: Kingambit|82/100|[from] item: Leftovers
|-damage|p1a: Kingambit|57/100|[from] Salt Cure
|upkeep
|turn|3
|
|t:|1781433042
|switch|p2a: Samurott|Samurott-Hisui, M|100/100
|move|p1a: Kingambit|Iron Head|p2a: Samurott
|-resisted|p2a: Samurott
|-damage|p2a: Samurott|37/100
|
|-heal|p1a: Kingambit|63/100|[from] item: Leftovers
|-damage|p1a: Kingambit|38/100|[from] Salt Cure
|upkeep
|turn|4
|
|t:|1781433047
|move|p2a: Samurott|Aqua Jet|p1a: Kingambit
|-damage|p1a: Kingambit|25/100
|move|p1a: Kingambit|Sucker Punch||[still]
|-fail|p1a: Kingambit
|
|-heal|p1a: Kingambit|31/100|[from] item: Leftovers
|-damage|p1a: Kingambit|6/100|[from] Salt Cure
|upkeep
|turn|5
|
|t:|1781433052
|move|p2a: Samurott|Aqua Jet|p1a: Kingambit
|-damage|p1a: Kingambit|0 fnt
|faint|p1a: Kingambit
|-end|p1a: Kingambit|fallenundefined|[silent]
|
|upkeep
|
|t:|1781433052
|switch|p1a: Barraskewda|Barraskewda, M|100/100
|turn|6
|
|t:|1781433057
|move|p1a: Barraskewda|Liquidation|p2a: Samurott
|-resisted|p2a: Samurott
|-damage|p2a: Samurott|0 fnt
|faint|p2a: Samurott
|
|upkeep
|
|t:|1781433064
|switch|p2a: Raging Bolt|Raging Bolt|100/100
|turn|7
|
|t:|1781433066
|switch|p1a: Iron Treads|Iron Treads|100/100
|-enditem|p1a: Iron Treads|Booster Energy
|-activate|p1a: Iron Treads|ability: Quark Drive|[fromitem]
|-start|p1a: Iron Treads|quarkdrivespe
|-end|p2a: Raging Bolt|Protosynthesis|[silent]
|switch|p2a: Gliscor|Gliscor, F|100/100
|
|-status|p2a: Gliscor|tox|[from] item: Toxic Orb
|upkeep
|turn|8
|
|t:|1781433070
|move|p1a: Iron Treads|Stealth Rock|p2a: Gliscor
|-sidestart|p2: The real kurt tay|move: Stealth Rock
|move|p2a: Gliscor|Swords Dance|p2a: Gliscor
|-boost|p2a: Gliscor|atk|2
|
|upkeep
|turn|9
|
|t:|1781433072
|-end|p1a: Iron Treads|Quark Drive|[silent]
|switch|p1a: Pelipper|Pelipper, F|100/100
|-weather|RainDance|[from] ability: Drizzle|[of] p1a: Pelipper
|move|p2a: Gliscor|Earthquake|p1a: Pelipper
|-immune|p1a: Pelipper
|
|-weather|RainDance|[upkeep]
|upkeep
|turn|10
|
|t:|1781433077
|move|p2a: Gliscor|Protect|p2a: Gliscor
|-singleturn|p2a: Gliscor|Protect
|move|p1a: Pelipper|U-turn|p2a: Gliscor
|-activate|p2a: Gliscor|move: Protect
|
|-weather|RainDance|[upkeep]
|upkeep
|turn|11
|
|t:|1781433082
|move|p2a: Gliscor|Knock Off|p1a: Pelipper
|-damage|p1a: Pelipper|71/100
|-enditem|p1a: Pelipper|Damp Rock|[from] move: Knock Off|[of] p2a: Gliscor
|move|p1a: Pelipper|Weather Ball|p2a: Gliscor
|-supereffective|p2a: Gliscor
|-damage|p2a: Gliscor|15/100 tox
|
|-weather|RainDance|[upkeep]
|-heal|p2a: Gliscor|28/100 tox|[from] ability: Poison Heal
|upkeep
|turn|12
|
|t:|1781433089
|move|p2a: Gliscor|Protect|p2a: Gliscor
|-singleturn|p2a: Gliscor|Protect
|move|p1a: Pelipper|Weather Ball|p2a: Gliscor
|-activate|p2a: Gliscor|move: Protect
|
|-weather|RainDance|[upkeep]
|-heal|p2a: Gliscor|40/100 tox|[from] ability: Poison Heal
|upkeep
|turn|13
|
|t:|1781433092
|switch|p2a: Raging Bolt|Raging Bolt|100/100
|-damage|p2a: Raging Bolt|88/100|[from] Stealth Rock
|move|p1a: Pelipper|Weather Ball|p2a: Raging Bolt
|-resisted|p2a: Raging Bolt
|-damage|p2a: Raging Bolt|74/100
|
|-weather|RainDance|[upkeep]
|upkeep
|turn|14
|
|t:|1781433101
|-end|p2a: Raging Bolt|Protosynthesis|[silent]
|switch|p2a: Darius|Garganacl, M|100/100
|-damage|p2a: Darius|88/100|[from] Stealth Rock
|switch|p1a: Raging Bolt|Raging Bolt|100/100
|-enditem|p1a: Raging Bolt|Booster Energy
|-activate|p1a: Raging Bolt|ability: Protosynthesis|[fromitem]
|-start|p1a: Raging Bolt|protosynthesisspa
|
|-weather|RainDance|[upkeep]
|-heal|p2a: Darius|94/100|[from] item: Leftovers
|upkeep
|turn|15
|
|t:|1781433110
|move|p1a: Raging Bolt|Weather Ball|p2a: Darius
|-supereffective|p2a: Darius
|-damage|p2a: Darius|0 fnt
|faint|p2a: Darius
|
|-weather|RainDance|[upkeep]
|upkeep
|
|t:|1781433128
|switch|p2a: Ceruledge|Ceruledge, M|100/100
|-damage|p2a: Ceruledge|76/100|[from] Stealth Rock
|-item|p2a: Ceruledge|Air Balloon
|turn|16
|
|t:|1781433132
|move|p2a: Ceruledge|Poltergeist||[still]
|-fail|p2a: Ceruledge
|move|p1a: Raging Bolt|Weather Ball|p2a: Ceruledge
|-supereffective|p2a: Ceruledge
|-damage|p2a: Ceruledge|0 fnt
|-enditem|p2a: Ceruledge|Air Balloon
|faint|p2a: Ceruledge
|
|-weather|none
|upkeep
|
|t:|1781433135
|switch|p2a: Raging Bolt|Raging Bolt|74/100
|-damage|p2a: Raging Bolt|62/100|[from] Stealth Rock
|turn|17
|
|t:|1781433137
|-terastallize|p2a: Raging Bolt|Fairy
|move|p1a: Raging Bolt|Draco Meteor|p2a: Raging Bolt
|-immune|p2a: Raging Bolt
|move|p2a: Raging Bolt|Dragon Pulse|p1a: Raging Bolt
|-supereffective|p1a: Raging Bolt
|-damage|p1a: Raging Bolt|11/100
|
|upkeep
|turn|18
|
|t:|1781433143
|move|p1a: Raging Bolt|Thunder|p2a: Raging Bolt|[miss]
|-miss|p1a: Raging Bolt|p2a: Raging Bolt
|move|p2a: Raging Bolt|Dragon Pulse|p1a: Raging Bolt
|-supereffective|p1a: Raging Bolt
|-damage|p1a: Raging Bolt|0 fnt
|faint|p1a: Raging Bolt
|-end|p1a: Raging Bolt|Protosynthesis|[silent]
|
|upkeep
|
|t:|1781433143
|switch|p1a: Overqwil|Overqwil, M|100/100
|turn|19
|
|t:|1781433147
|move|p1a: Overqwil|Gunk Shot|p2a: Raging Bolt
|-supereffective|p2a: Raging Bolt
|-crit|p2a: Raging Bolt
|-damage|p2a: Raging Bolt|0 fnt
|faint|p2a: Raging Bolt
|-end|p2a: Raging Bolt|Protosynthesis|[silent]
|-damage|p1a: Overqwil|91/100|[from] item: Life Orb
|
|upkeep
|
|t:|1781433150
|switch|p2a: Gliscor|Gliscor, F|40/100 tox
|-damage|p2a: Gliscor|28/100 tox|[from] Stealth Rock
|turn|20
|
|t:|1781433154
|move|p2a: Gliscor|Protect|p2a: Gliscor
|-singleturn|p2a: Gliscor|Protect
|move|p1a: Overqwil|Swords Dance|p1a: Overqwil
|-boost|p1a: Overqwil|atk|2
|
|-heal|p2a: Gliscor|40/100 tox|[from] ability: Poison Heal
|upkeep
|turn|21
|
|t:|1781433156
|move|p1a: Overqwil|Crunch|p2a: Gliscor
|-damage|p2a: Gliscor|0 fnt
|faint|p2a: Gliscor
|-damage|p1a: Overqwil|81/100|[from] item: Life Orb
|
|upkeep
|-message|The real kurt tay forfeited.
|
|win|LowEL0God
|raw|LowEL0God's rating: 1606 &rarr; <strong>1628</strong><br />(+22 for winning)
|raw|The real kurt tay's rating: 1641 &rarr; <strong>1619</strong><br />(-22 for losing)
|l|☆The real kurt tay
|player|p2|
|c|☆LowEL0God|gg
|l|☆LowEL0God
|player|p1|
