|badge|p2|bronze|gen9ou|100-9
|uhtml|medal-msg|<div class="broadcast-blue">Curious what those medals under the avatar are? PS now has Ladder Seasons! For more information, check out the <a href="https://www.smogon.com/forums/threads/3740067/">thread on Smogon.</a></div>
|j|‽yesterdaymister
|j|☆GummyDeino
|t:|1781217016
|gametype|singles
|player|p1|yesterdaymister|striker|1698
|player|p2|GummyDeino|lady|1823
|gen|9
|tier|[Gen 9] OU
|rated|
|rule|HP Percentage Mod: HP is shown in percentages
|rule|Endless Battle Clause: Forcing endless battles is banned
|rule|Species Clause: Limit one of each Pokémon
|rule|OHKO Clause: OHKO moves are banned
|rule|Evasion Items Clause: Evasion items are banned
|rule|Evasion Moves Clause: Evasion moves are banned
|rule|Evasion Abilities Clause: Evasion abilities are banned
|rule|Sleep Moves Clause: Sleep-inducing moves are banned
|clearpoke
|poke|p1|Ninetales, M|
|poke|p1|Ceruledge, M|
|poke|p1|Venusaur, F|
|poke|p1|Hatterene, F|
|poke|p1|Great Tusk|
|poke|p1|Walking Wake|
|poke|p2|Dragonite, F|
|poke|p2|Gholdengo|
|poke|p2|Kingambit, F|
|poke|p2|Hatterene, F|
|poke|p2|Great Tusk|
|poke|p2|Samurott-Hisui, F|
|teampreview
|inactive|Battle timer is ON: inactive players will automatically lose when time's up. (requested by GummyDeino)
|inactive|yesterdaymister also wants the timer to be on.
|
|t:|1781217029
|teamsize|p1|6
|teamsize|p2|6
|start
|switch|p1a: Venusaur|Venusaur, F|100/100
|switch|p2a: Cleave|Samurott-Hisui, F, shiny|100/100
|turn|1
|
|t:|1781217033
|switch|p2a: Satoru Gholdo|Gholdengo, shiny|100/100
|move|p1a: Venusaur|Giga Drain|p2a: Satoru Gholdo
|-resisted|p2a: Satoru Gholdo
|-damage|p2a: Satoru Gholdo|76/100
|-damage|p1a: Venusaur|91/100|[from] item: Life Orb
|
|upkeep
|turn|2
|
|t:|1781217048
|switch|p2a: Cleave|Samurott-Hisui, F, shiny|100/100
|switch|p1a: Ninetales|Ninetales, M|100/100
|-weather|SunnyDay|[from] ability: Drought|[of] p1a: Ninetales
|
|-weather|SunnyDay|[upkeep]
|upkeep
|turn|3
|
|t:|1781217051
|switch|p1a: Great Tusk|Great Tusk|100/100
|-activate|p1a: Great Tusk|ability: Protosynthesis
|-start|p1a: Great Tusk|protosynthesisspe
|move|p2a: Cleave|Knock Off|p1a: Great Tusk
|-resisted|p1a: Great Tusk
|-damage|p1a: Great Tusk|86/100
|-damage|p2a: Cleave|84/100|[from] item: Rocky Helmet|[of] p1a: Great Tusk
|-enditem|p1a: Great Tusk|Rocky Helmet|[from] move: Knock Off|[of] p2a: Cleave
|
|-weather|SunnyDay|[upkeep]
|upkeep
|turn|4
|
|t:|1781217060
|switch|p2a: Tengen|Hatterene, F, shiny|100/100
|move|p1a: Great Tusk|Stealth Rock|p2a: Tengen
|move|p2a: Tengen|Stealth Rock|p1a: Great Tusk|[from] ability: Magic Bounce
|-sidestart|p1: yesterdaymister|move: Stealth Rock
|
|-weather|SunnyDay|[upkeep]
|upkeep
|turn|5
|
|t:|1781217065
|move|p1a: Great Tusk|Rapid Spin|p2a: Tengen
|-damage|p2a: Tengen|88/100
|-boost|p1a: Great Tusk|spe|1
|-damage|p1a: Great Tusk|70/100|[from] item: Rocky Helmet|[of] p2a: Tengen
|-sideend|p1: yesterdaymister|Stealth Rock|[from] move: Rapid Spin|[of] p1a: Great Tusk
|move|p2a: Tengen|Psychic Noise|p1a: Great Tusk
|-supereffective|p1a: Great Tusk
|-damage|p1a: Great Tusk|0 fnt
|faint|p1a: Great Tusk
|-end|p1a: Great Tusk|Protosynthesis|[silent]
|
|-weather|SunnyDay|[upkeep]
|upkeep
|
|t:|1781217068
|switch|p1a: Walking Wake|Walking Wake|100/100
|-activate|p1a: Walking Wake|ability: Protosynthesis
|-start|p1a: Walking Wake|protosynthesisspa
|turn|6
|
|t:|1781217081
|move|p1a: Walking Wake|Hydro Steam|p2a: Tengen
|-damage|p2a: Tengen|0 fnt
|faint|p2a: Tengen
|
|-weather|SunnyDay|[upkeep]
|upkeep
|
|t:|1781217084
|switch|p2a: Cleave|Samurott-Hisui, F, shiny|84/100
|turn|7
|
|t:|1781217089
|move|p1a: Walking Wake|Hydro Steam|p2a: Cleave
|-resisted|p2a: Cleave
|-damage|p2a: Cleave|39/100
|move|p2a: Cleave|Ceaseless Edge|p1a: Walking Wake|[miss]
|-miss|p2a: Cleave|p1a: Walking Wake
|
|-weather|SunnyDay|[upkeep]
|upkeep
|turn|8
|
|t:|1781217099
|move|p2a: Cleave|Sucker Punch|p1a: Walking Wake
|-damage|p1a: Walking Wake|67/100
|move|p1a: Walking Wake|Hydro Steam|p2a: Cleave
|-resisted|p2a: Cleave
|-damage|p2a: Cleave|0 fnt
|faint|p2a: Cleave
|
|-weather|SunnyDay|[upkeep]
|upkeep
|
|t:|1781217108
|switch|p2a: Hollow Purple|Dragonite, F|100/100
|turn|9
|
|t:|1781217114
|move|p1a: Walking Wake|Hydro Steam|p2a: Hollow Purple
|-resisted|p2a: Hollow Purple
|-damage|p2a: Hollow Purple|68/100
|move|p2a: Hollow Purple|Dragon Dance|p2a: Hollow Purple
|-boost|p2a: Hollow Purple|atk|1
|-boost|p2a: Hollow Purple|spe|1
|
|-weather|none
|-end|p1a: Walking Wake|Protosynthesis
|upkeep
|turn|10
|j| deadbyflinch
|
|t:|1781217120
|-end|p1a: Walking Wake|Protosynthesis|[silent]
|switch|p1a: Ninetales|Ninetales, M|100/100
|-weather|SunnyDay|[from] ability: Drought|[of] p1a: Ninetales
|move|p2a: Hollow Purple|Dragon Dance|p2a: Hollow Purple
|-boost|p2a: Hollow Purple|atk|1
|-boost|p2a: Hollow Purple|spe|1
|
|-weather|SunnyDay|[upkeep]
|upkeep
|turn|11
|
|t:|1781217126
|switch|p1a: Hatterene|Hatterene, F|100/100
|move|p2a: Hollow Purple|Outrage|p1a: Hatterene
|-immune|p1a: Hatterene
|
|-weather|SunnyDay|[upkeep]
|upkeep
|turn|12
|
|t:|1781217132
|move|p2a: Hollow Purple|Fire Punch|p1a: Hatterene
|-damage|p1a: Hatterene|4/100
|-enditem|p1a: Hatterene|Eject Button
|-damage|p2a: Hollow Purple|58/100|[from] item: Life Orb
|
|t:|1781217138
|switch|p1a: Ceruledge|Ceruledge, M|100/100
|
|-weather|SunnyDay|[upkeep]
|upkeep
|turn|13
|
|t:|1781217146
|move|p2a: Hollow Purple|Outrage|p1a: Ceruledge
|-enditem|p1a: Ceruledge|Focus Sash
|-damage|p1a: Ceruledge|1/100
|-ability|p1a: Ceruledge|Weak Armor|boost
|-unboost|p1a: Ceruledge|def|1
|-boost|p1a: Ceruledge|spe|2
|-damage|p2a: Hollow Purple|48/100|[from] item: Life Orb
|move|p1a: Ceruledge|Poltergeist|p2a: Hollow Purple
|-activate|p2a: Hollow Purple|move: Poltergeist|Life Orb
|-damage|p2a: Hollow Purple|0 fnt
|faint|p2a: Hollow Purple
|
|-weather|SunnyDay|[upkeep]
|upkeep
|
|t:|1781217161
|switch|p2a: Behemoth|Great Tusk, shiny|100/100
|-activate|p2a: Behemoth|ability: Protosynthesis
|-start|p2a: Behemoth|protosynthesisatk
|turn|14
|
|t:|1781217164
|switch|p1a: Hatterene|Hatterene, F|4/100
|move|p2a: Behemoth|Ice Spinner|p1a: Hatterene
|-damage|p1a: Hatterene|0 fnt
|faint|p1a: Hatterene
|
|-weather|SunnyDay|[upkeep]
|upkeep
|
|t:|1781217167
|switch|p1a: Walking Wake|Walking Wake|67/100
|-activate|p1a: Walking Wake|ability: Protosynthesis
|-start|p1a: Walking Wake|protosynthesisspa
|turn|15
|
|t:|1781217173
|move|p1a: Walking Wake|Hydro Steam|p2a: Behemoth
|-supereffective|p2a: Behemoth
|-damage|p2a: Behemoth|0 fnt
|faint|p2a: Behemoth
|-end|p2a: Behemoth|Protosynthesis|[silent]
|
|-weather|SunnyDay|[upkeep]
|upkeep
|
|t:|1781217175
|switch|p2a: Dismantle|Kingambit, F, shiny|100/100
|-activate|p2a: Dismantle|ability: Supreme Overlord
|-start|p2a: Dismantle|fallen4|[silent]
|-item|p2a: Dismantle|Air Balloon
|turn|16
|
|t:|1781217180
|-end|p1a: Walking Wake|Protosynthesis|[silent]
|switch|p1a: Ceruledge|Ceruledge, M|1/100
|move|p2a: Dismantle|Swords Dance|p2a: Dismantle
|-boost|p2a: Dismantle|atk|2
|
|-weather|SunnyDay|[upkeep]
|upkeep
|turn|17
|
|t:|1781217185
|move|p2a: Dismantle|Sucker Punch|p1a: Ceruledge
|-supereffective|p1a: Ceruledge
|-damage|p1a: Ceruledge|0 fnt
|faint|p1a: Ceruledge
|
|-weather|none
|upkeep
|
|t:|1781217186
|switch|p1a: Ninetales|Ninetales, M|100/100
|-weather|SunnyDay|[from] ability: Drought|[of] p1a: Ninetales
|turn|18
|
|t:|1781217190
|-end|p2a: Dismantle|fallen4|[silent]
|switch|p2a: Satoru Gholdo|Gholdengo, shiny|76/100
|move|p1a: Ninetales|Encore|p2a: Satoru Gholdo
|-immune|p2a: Satoru Gholdo|[from] ability: Good as Gold
|
|-weather|SunnyDay|[upkeep]
|upkeep
|turn|19
|
|t:|1781217196
|switch|p1a: Venusaur|Venusaur, F|91/100
|move|p2a: Satoru Gholdo|Trick|p1a: Venusaur
|-activate|p2a: Satoru Gholdo|move: Trick|[of] p1a: Venusaur
|-item|p1a: Venusaur|Choice Scarf|[from] move: Trick
|-item|p2a: Satoru Gholdo|Life Orb|[from] move: Trick
|
|-weather|SunnyDay|[upkeep]
|upkeep
|turn|20
|
|t:|1781217200
|move|p1a: Venusaur|Weather Ball|p2a: Satoru Gholdo
|-supereffective|p2a: Satoru Gholdo
|-damage|p2a: Satoru Gholdo|0 fnt
|faint|p2a: Satoru Gholdo
|
|-weather|SunnyDay|[upkeep]
|upkeep
|
|t:|1781217202
|switch|p2a: Dismantle|Kingambit, F, shiny|100/100
|-activate|p2a: Dismantle|ability: Supreme Overlord
|-start|p2a: Dismantle|fallen5|[silent]
|-item|p2a: Dismantle|Air Balloon
|turn|21
|
|t:|1781217204
|-terastallize|p2a: Dismantle|Fire
|move|p1a: Venusaur|Weather Ball|p2a: Dismantle
|-resisted|p2a: Dismantle
|-damage|p2a: Dismantle|78/100
|-enditem|p2a: Dismantle|Air Balloon
|move|p2a: Dismantle|Swords Dance|p2a: Dismantle
|-boost|p2a: Dismantle|atk|2
|
|-weather|SunnyDay|[upkeep]
|upkeep
|turn|22
|
|t:|1781217207
|move|p1a: Venusaur|Weather Ball|p2a: Dismantle
|-resisted|p2a: Dismantle
|-damage|p2a: Dismantle|56/100
|move|p2a: Dismantle|Kowtow Cleave|p1a: Venusaur
|-damage|p1a: Venusaur|0 fnt
|faint|p1a: Venusaur
|
|-weather|SunnyDay|[upkeep]
|upkeep
|
|t:|1781217210
|switch|p1a: Ninetales|Ninetales, M|100/100
|turn|23
|
|t:|1781217212
|move|p1a: Ninetales|Encore|p2a: Dismantle
|-start|p2a: Dismantle|Encore
|move|p2a: Dismantle|Kowtow Cleave|p1a: Ninetales
|-damage|p1a: Ninetales|0 fnt
|faint|p1a: Ninetales
|
|-weather|SunnyDay|[upkeep]
|upkeep
|
|t:|1781217213
|switch|p1a: Walking Wake|Walking Wake|67/100
|-activate|p1a: Walking Wake|ability: Protosynthesis
|-start|p1a: Walking Wake|protosynthesisspa
|turn|24
|
|t:|1781217215
|move|p1a: Walking Wake|Hydro Steam|p2a: Dismantle
|-supereffective|p2a: Dismantle
|-damage|p2a: Dismantle|0 fnt
|faint|p2a: Dismantle
|-end|p2a: Dismantle|fallen5|[silent]
|
|win|yesterdaymister
|raw|yesterdaymister's rating: 1698 &rarr; <strong>1725</strong><br />(+27 for winning)
|raw|GummyDeino's rating: 1823 &rarr; <strong>1796</strong><br />(-27 for losing)
|l| deadbyflinch
