|j|☆Roseofrosarade
|j|☆msean3
|t:|1781122027
|gametype|singles
|player|p1|Roseofrosarade|winona|1663
|player|p2|msean3|170|1695
|gen|9
|tier|[Gen 9] OU
|rated|
|rule|HP Percentage Mod: HP is shown in percentages
|rule|Endless Battle Clause: Forcing endless battles is banned
|rule|Species Clause: Limit one of each Pokémon
|rule|OHKO Clause: OHKO moves are banned
|rule|Evasion Items Clause: Evasion items are banned
|rule|Evasion Moves Clause: Evasion moves are banned
|rule|Evasion Abilities Clause: Evasion abilities are banned
|rule|Sleep Moves Clause: Sleep-inducing moves are banned
|clearpoke
|poke|p1|Iron Valiant|
|poke|p1|Garchomp, F|
|poke|p1|Regieleki|
|poke|p1|Corviknight, M|
|poke|p1|Ogerpon-Wellspring, F|
|poke|p1|Kingambit, F|
|poke|p2|Darkrai|
|poke|p2|Alomomola, F|
|poke|p2|Corviknight, F|
|poke|p2|Weezing-Galar, F|
|poke|p2|Garchomp, F|
|poke|p2|Ogerpon, F|
|teampreview
|
|t:|1781122045
|teamsize|p1|6
|teamsize|p2|6
|start
|switch|p1a: Iron Valiant|Iron Valiant|100/100
|switch|p2a: Garchomp|Garchomp, F|100/100
|turn|1
|
|t:|1781122065
|switch|p2a: Alomomola|Alomomola, F|100/100
|move|p1a: Iron Valiant|Moonblast|p2a: Alomomola
|-damage|p2a: Alomomola|69/100
|
|upkeep
|turn|2
|
|t:|1781122075
|-end|p1a: Iron Valiant|Quark Drive|[silent]
|switch|p1a: Ogerpon|Ogerpon-Wellspring, F|100/100
|move|p2a: Alomomola|Mirror Coat||[still]
|-fail|p2a: Alomomola
|
|upkeep
|turn|3
|
|t:|1781122081
|switch|p2a: Weezing|Weezing-Galar, F|100/100
|-ability|p2a: Weezing|Neutralizing Gas
|move|p1a: Ogerpon|Knock Off|p2a: Weezing
|-resisted|p2a: Weezing
|-damage|p2a: Weezing|89/100
|-enditem|p2a: Weezing|Leftovers|[from] move: Knock Off|[of] p1a: Ogerpon
|
|upkeep
|turn|4
|
|t:|1781122084
|move|p1a: Ogerpon|U-turn|p2a: Weezing
|-resisted|p2a: Weezing
|-damage|p2a: Weezing|85/100
|
|t:|1781122087
|switch|p1a: Regieleki|Regieleki|100/100|[from] U-turn
|move|p2a: Weezing|Will-O-Wisp|p1a: Regieleki
|-status|p1a: Regieleki|brn
|
|-damage|p1a: Regieleki|95/100 brn|[from] brn
|upkeep
|turn|5
|
|t:|1781122092
|switch|p1a: Garchomp|Garchomp, F|100/100
|-end|p2a: Weezing|ability: Neutralizing Gas
|switch|p2a: Garchomp|Garchomp, F|100/100
|
|upkeep
|turn|6
|
|t:|1781122095
|switch|p2a: Darkrai|Darkrai|100/100
|move|p1a: Garchomp|Stealth Rock|p2a: Darkrai
|-sidestart|p2: msean3|move: Stealth Rock
|
|upkeep
|turn|7
|
|t:|1781122100
|switch|p1a: Kingambit|Kingambit, F|100/100
|move|p2a: Darkrai|Ice Beam|p1a: Kingambit
|-resisted|p1a: Kingambit
|-damage|p1a: Kingambit|72/100
|
|-heal|p1a: Kingambit|78/100|[from] item: Leftovers
|upkeep
|turn|8
|
|t:|1781122105
|switch|p2a: Garchomp|Garchomp, F|100/100
|-damage|p2a: Garchomp|94/100|[from] Stealth Rock
|-end|p1a: Kingambit|fallenundefined|[silent]
|switch|p1a: Corviknight|Corviknight, M|100/100
|-ability|p1a: Corviknight|Pressure
|
|upkeep
|turn|9
|
|t:|1781122108
|switch|p1a: Iron Valiant|Iron Valiant|100/100
|move|p2a: Garchomp|Stealth Rock|p1a: Iron Valiant
|-sidestart|p1: Roseofrosarade|move: Stealth Rock
|
|upkeep
|turn|10
|
|t:|1781122115
|switch|p2a: Alomomola|Alomomola, F|100/100
|-damage|p2a: Alomomola|88/100|[from] Stealth Rock
|-terastallize|p1a: Iron Valiant|Fairy
|move|p1a: Iron Valiant|Moonblast|p2a: Alomomola
|-damage|p2a: Alomomola|46/100
|-unboost|p2a: Alomomola|spa|1
|
|upkeep
|turn|11
|
|t:|1781122121
|-end|p1a: Iron Valiant|Quark Drive|[silent]
|switch|p1a: Ogerpon|Ogerpon-Wellspring, F|100/100
|-damage|p1a: Ogerpon|88/100|[from] Stealth Rock
|move|p2a: Alomomola|Mirror Coat||[still]
|-fail|p2a: Alomomola
|
|upkeep
|turn|12
|
|t:|1781122125
|switch|p2a: Weezing|Weezing-Galar, F|85/100
|-ability|p2a: Weezing|Neutralizing Gas
|-damage|p2a: Weezing|73/100|[from] Stealth Rock
|move|p1a: Ogerpon|Ivy Cudgel|p2a: Weezing|[anim] Ivy Cudgel Water
|-damage|p2a: Weezing|33/100
|
|upkeep
|turn|13
|
|t:|1781122129
|move|p1a: Ogerpon|Ivy Cudgel|p2a: Weezing|[anim] Ivy Cudgel Water
|-damage|p2a: Weezing|0 fnt
|faint|p2a: Weezing
|-end|p2a: Weezing|ability: Neutralizing Gas
|
|upkeep
|
|t:|1781122132
|switch|p2a: Ogerpon|Ogerpon, F|100/100
|turn|14
|
|t:|1781122137
|switch|p1a: Garchomp|Garchomp, F|100/100
|-damage|p1a: Garchomp|94/100|[from] Stealth Rock
|move|p2a: Ogerpon|U-turn|p1a: Garchomp
|-damage|p1a: Garchomp|80/100
|-damage|p2a: Ogerpon|88/100|[from] ability: Rough Skin|[of] p1a: Garchomp
|-damage|p2a: Ogerpon|72/100|[from] item: Rocky Helmet|[of] p1a: Garchomp
|
|t:|1781122139
|switch|p2a: Darkrai|Darkrai|100/100|[from] U-turn
|-damage|p2a: Darkrai|88/100|[from] Stealth Rock
|
|upkeep
|turn|15
|
|t:|1781122174
|move|p2a: Darkrai|Ice Beam|p1a: Garchomp
|-supereffective|p1a: Garchomp
|-damage|p1a: Garchomp|0 fnt
|faint|p1a: Garchomp
|
|upkeep
|
|t:|1781122186
|switch|p1a: Kingambit|Kingambit, F|78/100
|-damage|p1a: Kingambit|72/100|[from] Stealth Rock
|-activate|p1a: Kingambit|ability: Supreme Overlord
|-start|p1a: Kingambit|fallen1|[silent]
|turn|16
|
|t:|1781122192
|switch|p2a: Garchomp|Garchomp, F|94/100
|-damage|p2a: Garchomp|88/100|[from] Stealth Rock
|move|p1a: Kingambit|Swords Dance|p1a: Kingambit
|-boost|p1a: Kingambit|atk|2
|
|-heal|p1a: Kingambit|78/100|[from] item: Leftovers
|upkeep
|turn|17
|
|t:|1781122201
|-end|p1a: Kingambit|fallen1|[silent]
|switch|p1a: Ogerpon|Ogerpon-Wellspring, F|88/100
|-damage|p1a: Ogerpon|76/100|[from] Stealth Rock
|move|p2a: Garchomp|Earthquake|p1a: Ogerpon
|-resisted|p1a: Ogerpon
|-damage|p1a: Ogerpon|46/100
|
|upkeep
|turn|18
|
|t:|1781122209
|move|p1a: Ogerpon|Synthesis|p1a: Ogerpon
|-heal|p1a: Ogerpon|96/100
|move|p2a: Garchomp|Dragon Tail|p1a: Ogerpon
|-damage|p1a: Ogerpon|60/100
|drag|p1a: Iron Valiant|Iron Valiant, tera:Fairy|100/100
|-damage|p1a: Iron Valiant|88/100|[from] Stealth Rock
|
|upkeep
|turn|19
|
|t:|1781122214
|switch|p2a: Corviknight|Corviknight, F|100/100
|-damage|p2a: Corviknight|88/100|[from] Stealth Rock
|-ability|p2a: Corviknight|Pressure
|move|p1a: Iron Valiant|Moonblast|p2a: Corviknight
|-resisted|p2a: Corviknight
|-damage|p2a: Corviknight|57/100
|-unboost|p2a: Corviknight|spa|1
|
|-heal|p2a: Corviknight|63/100|[from] item: Leftovers
|upkeep
|turn|20
|
|t:|1781122222
|move|p1a: Iron Valiant|Moonblast|p2a: Corviknight
|-resisted|p2a: Corviknight
|-damage|p2a: Corviknight|30/100
|move|p2a: Corviknight|Roost|p2a: Corviknight
|-heal|p2a: Corviknight|80/100
|-singleturn|p2a: Corviknight|move: Roost
|
|-heal|p2a: Corviknight|86/100|[from] item: Leftovers
|upkeep
|turn|21
|
|t:|1781122227
|move|p1a: Iron Valiant|Moonblast|p2a: Corviknight
|-resisted|p2a: Corviknight
|-damage|p2a: Corviknight|52/100
|move|p2a: Corviknight|Brave Bird|p1a: Iron Valiant
|-damage|p1a: Iron Valiant|37/100
|-damage|p2a: Corviknight|39/100|[from] Recoil
|
|-heal|p2a: Corviknight|46/100|[from] item: Leftovers
|upkeep
|turn|22
|
|t:|1781122234
|-end|p1a: Iron Valiant|Quark Drive|[silent]
|switch|p1a: Ogerpon|Ogerpon-Wellspring, F|60/100
|-damage|p1a: Ogerpon|47/100|[from] Stealth Rock
|move|p2a: Corviknight|Roost|p2a: Corviknight
|-heal|p2a: Corviknight|96/100
|-singleturn|p2a: Corviknight|move: Roost
|
|-heal|p2a: Corviknight|100/100|[from] item: Leftovers
|upkeep
|turn|23
|
|t:|1781122238
|switch|p1a: Corviknight|Corviknight, M|100/100
|-damage|p1a: Corviknight|88/100|[from] Stealth Rock
|-ability|p1a: Corviknight|Pressure
|move|p2a: Corviknight|Brave Bird|p1a: Corviknight
|-resisted|p1a: Corviknight
|-damage|p1a: Corviknight|78/100
|-damage|p2a: Corviknight|84/100|[from] item: Rocky Helmet|[of] p1a: Corviknight
|-damage|p2a: Corviknight|80/100|[from] Recoil
|
|-heal|p2a: Corviknight|87/100|[from] item: Leftovers
|upkeep
|turn|24
|
|t:|1781122247
|switch|p2a: Ogerpon|Ogerpon, F|72/100
|move|p1a: Corviknight|U-turn|p2a: Ogerpon
|-supereffective|p2a: Ogerpon
|-damage|p2a: Ogerpon|31/100
|
|t:|1781122260
|switch|p1a: Kingambit|Kingambit, F|78/100|[from] U-turn
|-damage|p1a: Kingambit|72/100|[from] Stealth Rock
|-activate|p1a: Kingambit|ability: Supreme Overlord
|-start|p1a: Kingambit|fallen1|[silent]
|
|-heal|p1a: Kingambit|78/100|[from] item: Leftovers
|upkeep
|turn|25
|
|t:|1781122265
|switch|p2a: Garchomp|Garchomp, F|88/100
|-damage|p2a: Garchomp|82/100|[from] Stealth Rock
|move|p1a: Kingambit|Sucker Punch||[still]
|-fail|p1a: Kingambit
|
|-heal|p1a: Kingambit|84/100|[from] item: Leftovers
|upkeep
|turn|26
|
|t:|1781122273
|-end|p1a: Kingambit|fallen1|[silent]
|switch|p1a: Corviknight|Corviknight, M|78/100
|-damage|p1a: Corviknight|66/100|[from] Stealth Rock
|-ability|p1a: Corviknight|Pressure
|move|p2a: Garchomp|Earthquake|p1a: Corviknight
|-immune|p1a: Corviknight
|
|upkeep
|turn|27
|
|t:|1781122281
|move|p2a: Garchomp|Spikes|p1a: Corviknight
|-sidestart|p1: Roseofrosarade|Spikes
|move|p1a: Corviknight|Roost|p1a: Corviknight
|-heal|p1a: Corviknight|100/100
|-singleturn|p1a: Corviknight|move: Roost
|
|upkeep
|turn|28
|
|t:|1781122298
|move|p1a: Corviknight|U-turn|p2a: Garchomp
|-damage|p2a: Garchomp|72/100
|-damage|p1a: Corviknight|88/100|[from] ability: Rough Skin|[of] p2a: Garchomp
|-damage|p1a: Corviknight|72/100|[from] item: Rocky Helmet|[of] p2a: Garchomp
|
|t:|1781122301
|switch|p1a: Iron Valiant|Iron Valiant, tera:Fairy|37/100|[from] U-turn
|-damage|p1a: Iron Valiant|25/100|[from] Stealth Rock
|-damage|p1a: Iron Valiant|12/100|[from] Spikes
|move|p2a: Garchomp|Dragon Tail|p1a: Iron Valiant
|-immune|p1a: Iron Valiant
|
|upkeep
|turn|29
|
|t:|1781122305
|switch|p2a: Alomomola|Alomomola, F|79/100
|-damage|p2a: Alomomola|66/100|[from] Stealth Rock
|move|p1a: Iron Valiant|Thunderbolt|p2a: Alomomola
|-supereffective|p2a: Alomomola
|-damage|p2a: Alomomola|22/100
|
|upkeep
|turn|30
|
|t:|1781122308
|move|p2a: Alomomola|Aqua Jet|p1a: Iron Valiant
|-damage|p1a: Iron Valiant|0 fnt
|faint|p1a: Iron Valiant
|-end|p1a: Iron Valiant|Quark Drive|[silent]
|
|upkeep
|
|t:|1781122312
|switch|p1a: Regieleki|Regieleki|95/100 brn
|turn|31
|
|t:|1781122314
|switch|p2a: Garchomp|Garchomp, F|72/100
|-damage|p2a: Garchomp|66/100|[from] Stealth Rock
|move|p1a: Regieleki|Rapid Spin|p2a: Garchomp
|-damage|p2a: Garchomp|62/100
|-boost|p1a: Regieleki|spe|1
|-damage|p1a: Regieleki|82/100 brn|[from] ability: Rough Skin|[of] p2a: Garchomp
|-damage|p1a: Regieleki|66/100 brn|[from] item: Rocky Helmet|[of] p2a: Garchomp
|-sideend|p1: Roseofrosarade|Spikes|[from] move: Rapid Spin|[of] p1a: Regieleki
|-sideend|p1: Roseofrosarade|Stealth Rock|[from] move: Rapid Spin|[of] p1a: Regieleki
|
|-damage|p1a: Regieleki|60/100 brn|[from] brn
|upkeep
|turn|32
|
|t:|1781122320
|switch|p1a: Ogerpon|Ogerpon-Wellspring, F|47/100
|move|p2a: Garchomp|Stealth Rock|p1a: Ogerpon
|-sidestart|p1: Roseofrosarade|move: Stealth Rock
|
|upkeep
|turn|33
|
|t:|1781122341
|switch|p2a: Alomomola|Alomomola, F|56/100
|-damage|p2a: Alomomola|43/100|[from] Stealth Rock
|move|p1a: Ogerpon|Ivy Cudgel|p2a: Alomomola|[anim] Ivy Cudgel Water
|-resisted|p2a: Alomomola
|-damage|p2a: Alomomola|20/100
|
|upkeep
|turn|34
|
|t:|1781122345
|move|p1a: Ogerpon|Ivy Cudgel|p2a: Alomomola|[anim] Ivy Cudgel Water
|-resisted|p2a: Alomomola
|-damage|p2a: Alomomola|0 fnt
|faint|p2a: Alomomola
|
|upkeep
|
|t:|1781122359
|switch|p2a: Corviknight|Corviknight, F|87/100
|-damage|p2a: Corviknight|74/100|[from] Stealth Rock
|-ability|p2a: Corviknight|Pressure
|turn|35
|
|t:|1781122364
|switch|p1a: Corviknight|Corviknight, M|72/100
|-damage|p1a: Corviknight|59/100|[from] Stealth Rock
|-ability|p1a: Corviknight|Pressure
|move|p2a: Corviknight|U-turn|p1a: Corviknight
|-resisted|p1a: Corviknight
|-crit|p1a: Corviknight
|-damage|p1a: Corviknight|56/100
|-damage|p2a: Corviknight|58/100|[from] item: Rocky Helmet|[of] p1a: Corviknight
|
|t:|1781122373
|switch|p2a: Darkrai|Darkrai|88/100|[from] U-turn
|-damage|p2a: Darkrai|76/100|[from] Stealth Rock
|
|upkeep
|turn|36
|
|t:|1781122378
|switch|p1a: Kingambit|Kingambit, F|84/100
|-damage|p1a: Kingambit|78/100|[from] Stealth Rock
|-activate|p1a: Kingambit|ability: Supreme Overlord
|-start|p1a: Kingambit|fallen2|[silent]
|move|p2a: Darkrai|Focus Blast|p1a: Kingambit
|-supereffective|p1a: Kingambit
|-damage|p1a: Kingambit|0 fnt
|faint|p1a: Kingambit
|-end|p1a: Kingambit|fallen2|[silent]
|
|upkeep
|
|t:|1781122386
|switch|p1a: Regieleki|Regieleki|60/100 brn
|turn|37
|inactive|Battle timer is ON: inactive players will automatically lose when time's up. (requested by msean3)
|
|t:|1781122397
|switch|p1a: Ogerpon|Ogerpon-Wellspring, F|47/100
|-damage|p1a: Ogerpon|35/100|[from] Stealth Rock
|switch|p2a: Garchomp|Garchomp, F|62/100
|-damage|p2a: Garchomp|56/100|[from] Stealth Rock
|
|upkeep
|turn|38
|
|t:|1781122406
|switch|p2a: Corviknight|Corviknight, F|58/100
|-damage|p2a: Corviknight|45/100|[from] Stealth Rock
|-ability|p2a: Corviknight|Pressure
|move|p1a: Ogerpon|Ivy Cudgel|p2a: Corviknight|[anim] Ivy Cudgel Water
|-damage|p2a: Corviknight|0 fnt
|faint|p2a: Corviknight
|
|upkeep
|
|t:|1781122407
|switch|p2a: Darkrai|Darkrai|76/100
|-damage|p2a: Darkrai|63/100|[from] Stealth Rock
|turn|39
|
|t:|1781122418
|move|p2a: Darkrai|Dark Pulse|p1a: Ogerpon
|-damage|p1a: Ogerpon|0 fnt
|faint|p1a: Ogerpon
|
|upkeep
|
|t:|1781122420
|switch|p1a: Regieleki|Regieleki|60/100 brn
|turn|40
|
|t:|1781122449
|switch|p2a: Garchomp|Garchomp, F|56/100
|-damage|p2a: Garchomp|50/100|[from] Stealth Rock
|move|p1a: Regieleki|Thunder Cage|p2a: Garchomp
|-immune|p2a: Garchomp
|
|-damage|p1a: Regieleki|54/100 brn|[from] brn
|upkeep
|turn|41
|
|t:|1781122455
|move|p1a: Regieleki|Rapid Spin|p2a: Garchomp
|-damage|p2a: Garchomp|46/100
|-boost|p1a: Regieleki|spe|1
|-damage|p1a: Regieleki|41/100 brn|[from] ability: Rough Skin|[of] p2a: Garchomp
|-damage|p1a: Regieleki|25/100 brn|[from] item: Rocky Helmet|[of] p2a: Garchomp
|-sideend|p1: Roseofrosarade|Stealth Rock|[from] move: Rapid Spin|[of] p1a: Regieleki
|move|p2a: Garchomp|Dragon Tail|p1a: Regieleki
|-crit|p1a: Regieleki
|-damage|p1a: Regieleki|0 fnt
|faint|p1a: Regieleki
|
|upkeep
|
|t:|1781122459
|switch|p1a: Corviknight|Corviknight, M|56/100
|-ability|p1a: Corviknight|Pressure
|turn|42
|
|t:|1781122463
|switch|p2a: Ogerpon|Ogerpon, F|31/100
|move|p1a: Corviknight|Roost|p1a: Corviknight
|-heal|p1a: Corviknight|100/100
|-singleturn|p1a: Corviknight|move: Roost
|
|upkeep
|turn|43
|
|t:|1781122467
|move|p2a: Ogerpon|Encore|p1a: Corviknight
|-start|p1a: Corviknight|Encore
|move|p1a: Corviknight|Roost||[still]
|-fail|p1a: Corviknight|heal
|
|upkeep
|turn|44
|
|t:|1781122471
|move|p2a: Ogerpon|Knock Off|p1a: Corviknight
|-damage|p1a: Corviknight|82/100
|-damage|p2a: Ogerpon|15/100|[from] item: Rocky Helmet|[of] p1a: Corviknight
|-enditem|p1a: Corviknight|Rocky Helmet|[from] move: Knock Off|[of] p2a: Ogerpon
|move|p1a: Corviknight|Roost|p1a: Corviknight
|-heal|p1a: Corviknight|100/100
|-singleturn|p1a: Corviknight|move: Roost
|
|upkeep
|turn|45
|
|t:|1781122474
|move|p2a: Ogerpon|Knock Off|p1a: Corviknight
|-damage|p1a: Corviknight|88/100
|move|p1a: Corviknight|Roost|p1a: Corviknight
|-heal|p1a: Corviknight|100/100
|-singleturn|p1a: Corviknight|move: Roost
|
|-end|p1a: Corviknight|Encore
|upkeep
|turn|46
|
|t:|1781122478
|move|p2a: Ogerpon|Encore|p1a: Corviknight
|-start|p1a: Corviknight|Encore
|move|p1a: Corviknight|Roost||[still]
|-fail|p1a: Corviknight|heal
|
|upkeep
|turn|47
|
|t:|1781122481
|move|p2a: Ogerpon|Knock Off|p1a: Corviknight
|-damage|p1a: Corviknight|88/100
|move|p1a: Corviknight|Roost|p1a: Corviknight
|-heal|p1a: Corviknight|100/100
|-singleturn|p1a: Corviknight|move: Roost
|
|upkeep
|turn|48
|
|t:|1781122485
|move|p2a: Ogerpon|Knock Off|p1a: Corviknight
|-crit|p1a: Corviknight
|-damage|p1a: Corviknight|81/100
|move|p1a: Corviknight|Roost|p1a: Corviknight
|-heal|p1a: Corviknight|100/100
|-singleturn|p1a: Corviknight|move: Roost
|
|-end|p1a: Corviknight|Encore
|upkeep
|turn|49
|
|t:|1781122490
|move|p2a: Ogerpon|Knock Off|p1a: Corviknight
|-damage|p1a: Corviknight|86/100
|move|p1a: Corviknight|Brave Bird|p2a: Ogerpon
|-supereffective|p2a: Ogerpon
|-damage|p2a: Ogerpon|0 fnt
|faint|p2a: Ogerpon
|-damage|p1a: Corviknight|83/100|[from] Recoil
|
|upkeep
|
|t:|1781122493
|switch|p2a: Garchomp|Garchomp, F|46/100
|-damage|p2a: Garchomp|40/100|[from] Stealth Rock
|turn|50
|
|t:|1781122497
|move|p1a: Corviknight|Brave Bird|p2a: Garchomp
|-damage|p2a: Garchomp|16/100
|-damage|p1a: Corviknight|71/100|[from] ability: Rough Skin|[of] p2a: Garchomp
|-damage|p1a: Corviknight|54/100|[from] item: Rocky Helmet|[of] p2a: Garchomp
|-damage|p1a: Corviknight|46/100|[from] Recoil
|move|p2a: Garchomp|Dragon Tail|p1a: Corviknight
|-resisted|p1a: Corviknight
|-damage|p1a: Corviknight|38/100
|
|upkeep
|turn|51
|
|t:|1781122500
|move|p1a: Corviknight|Brave Bird|p2a: Garchomp
|-damage|p2a: Garchomp|0 fnt
|-damage|p1a: Corviknight|26/100|[from] ability: Rough Skin|[of] p2a: Garchomp
|-damage|p1a: Corviknight|10/100|[from] item: Rocky Helmet|[of] p2a: Garchomp
|faint|p2a: Garchomp
|-damage|p1a: Corviknight|4/100|[from] Recoil
|
|upkeep
|
|t:|1781122503
|switch|p2a: Darkrai|Darkrai|63/100
|-damage|p2a: Darkrai|51/100|[from] Stealth Rock
|turn|52
|
|t:|1781122505
|-terastallize|p2a: Darkrai|Dark
|move|p2a: Darkrai|Dark Pulse|p1a: Corviknight
|-damage|p1a: Corviknight|0 fnt
|faint|p1a: Corviknight
|
|win|msean3
|raw|Roseofrosarade's rating: 1663 &rarr; <strong>1645</strong><br />(-18 for losing)
|raw|msean3's rating: 1695 &rarr; <strong>1713</strong><br />(+18 for winning)
|c|☆msean3|gg
|c|☆Roseofrosarade|ggs
|l|☆Roseofrosarade
|player|p1|
|l|☆msean3
|player|p2|
