|badge|p1|bronze|gen9ou|100-9
|uhtml|medal-msg|<div class="broadcast-blue">Curious what those medals under the avatar are? PS now has Ladder Seasons! For more information, check out the <a href="https://www.smogon.com/forums/threads/3740067/">thread on Smogon.</a></div>
|j|☆rblt ryo
|j|☆Miurez
|t:|1780901383
|gametype|singles
|player|p1|rblt ryo|grimsley-gen7|1750
|player|p2|Miurez|pokemonranger-gen4|1774
|gen|9
|tier|[Gen 9] OU
|rated|
|rule|HP Percentage Mod: HP is shown in percentages
|rule|Endless Battle Clause: Forcing endless battles is banned
|rule|Species Clause: Limit one of each Pokémon
|rule|OHKO Clause: OHKO moves are banned
|rule|Evasion Items Clause: Evasion items are banned
|rule|Evasion Moves Clause: Evasion moves are banned
|rule|Evasion Abilities Clause: Evasion abilities are banned
|rule|Sleep Moves Clause: Sleep-inducing moves are banned
|clearpoke
|poke|p1|Metagross|
|poke|p1|Keldeo-Resolute|
|poke|p1|Ting-Lu|
|poke|p1|Pecharunt|
|poke|p1|Dragapult, F|
|poke|p1|Zapdos|
|poke|p2|Iron Moth|
|poke|p2|Gliscor, M|
|poke|p2|Hatterene, F|
|poke|p2|Ogerpon-Wellspring, F|
|poke|p2|Raging Bolt|
|poke|p2|Zamazenta-*|
|teampreview
|
|t:|1780901434
|teamsize|p1|6
|teamsize|p2|6
|start
|switch|p1a: Ting-Lu|Ting-Lu|100/100
|switch|p2a: Zamazenta|Zamazenta|100/100
|-ability|p2a: Zamazenta|Dauntless Shield|boost
|-boost|p2a: Zamazenta|def|1
|-ability|p1a: Ting-Lu|Vessel of Ruin
|turn|1
|
|t:|1780901459
|move|p2a: Zamazenta|Close Combat|p1a: Ting-Lu
|-supereffective|p1a: Ting-Lu
|-damage|p1a: Ting-Lu|46/100
|-unboost|p2a: Zamazenta|def|1
|-unboost|p2a: Zamazenta|spd|1
|move|p1a: Ting-Lu|Ruination|p2a: Zamazenta
|-damage|p2a: Zamazenta|51/100
|
|-heal|p1a: Ting-Lu|52/100|[from] item: Leftovers
|upkeep
|turn|2
|
|t:|1780901469
|switch|p1a: Zapdos|Zapdos|100/100
|move|p2a: Zamazenta|Close Combat|p1a: Zapdos
|-resisted|p1a: Zapdos
|-damage|p1a: Zapdos|70/100
|-unboost|p2a: Zamazenta|def|1
|-unboost|p2a: Zamazenta|spd|1
|-status|p2a: Zamazenta|par|[from] ability: Static|[of] p1a: Zapdos
|
|upkeep
|turn|3
|
|t:|1780901484
|switch|p1a: Ting-Lu|Ting-Lu|52/100
|-ability|p1a: Ting-Lu|Vessel of Ruin
|move|p2a: Zamazenta|Light Screen|p2a: Zamazenta
|-sidestart|p2: Miurez|move: Light Screen
|
|-heal|p1a: Ting-Lu|58/100|[from] item: Leftovers
|upkeep
|turn|4
|
|t:|1780901491
|cant|p2a: Zamazenta|par
|move|p1a: Ting-Lu|Stealth Rock|p2a: Zamazenta
|-sidestart|p2: Miurez|move: Stealth Rock
|
|-heal|p1a: Ting-Lu|64/100|[from] item: Leftovers
|upkeep
|turn|5
|
|t:|1780901495
|switch|p1a: Pecharunt|Pecharunt|100/100
|move|p2a: Zamazenta|Close Combat|p1a: Pecharunt
|-immune|p1a: Pecharunt
|
|upkeep
|turn|6
|
|t:|1780901500
|switch|p2a: Gliscor|Gliscor, M|100/100
|-damage|p2a: Gliscor|88/100|[from] Stealth Rock
|move|p1a: Pecharunt|Parting Shot|p2a: Gliscor
|-unboost|p2a: Gliscor|atk|1
|-unboost|p2a: Gliscor|spa|1
|
|t:|1780901518
|switch|p1a: Keldeo|Keldeo-Resolute, shiny|100/100|[from] Parting Shot
|
|-status|p2a: Gliscor|tox|[from] item: Toxic Orb
|upkeep
|turn|7
|
|t:|1780901521
|switch|p2a: Ogerpon|Ogerpon-Wellspring, F|100/100
|-damage|p2a: Ogerpon|88/100|[from] Stealth Rock
|move|p1a: Keldeo|Surf|p2a: Ogerpon
|-heal|p2a: Ogerpon|100/100|[from] ability: Water Absorb|[of] p1a: Keldeo
|
|upkeep
|turn|8
|
|t:|1780901525
|switch|p1a: Pecharunt|Pecharunt|100/100
|move|p2a: Ogerpon|Swords Dance|p2a: Ogerpon
|-boost|p2a: Ogerpon|atk|2
|
|upkeep
|turn|9
|
|t:|1780901544
|-terastallize|p1a: Pecharunt|Dark
|move|p2a: Ogerpon|Ivy Cudgel|p1a: Pecharunt|[anim] Ivy Cudgel Water
|-damage|p1a: Pecharunt|40/100
|move|p1a: Pecharunt|Foul Play|p2a: Ogerpon
|-damage|p2a: Ogerpon|0 fnt
|faint|p2a: Ogerpon
|
|upkeep
|
|t:|1780901565
|switch|p2a: Iron Moth|Iron Moth|100/100
|-damage|p2a: Iron Moth|76/100|[from] Stealth Rock
|-enditem|p2a: Iron Moth|Booster Energy
|-activate|p2a: Iron Moth|ability: Quark Drive|[fromitem]
|-start|p2a: Iron Moth|quarkdrivespe
|turn|10
|
|t:|1780901575
|switch|p1a: Ting-Lu|Ting-Lu|64/100
|-ability|p1a: Ting-Lu|Vessel of Ruin
|move|p2a: Iron Moth|Toxic Spikes|p1a: Ting-Lu
|-sidestart|p1: rblt ryo|move: Toxic Spikes
|
|-heal|p1a: Ting-Lu|71/100|[from] item: Leftovers
|-sideend|p2: Miurez|move: Light Screen
|upkeep
|turn|11
|j| kadu99
|
|t:|1780901591
|move|p2a: Iron Moth|Fiery Dance|p1a: Ting-Lu
|-damage|p1a: Ting-Lu|52/100
|-boost|p2a: Iron Moth|spa|1
|move|p1a: Ting-Lu|Earthquake|p2a: Iron Moth
|-supereffective|p2a: Iron Moth
|-damage|p2a: Iron Moth|0 fnt
|faint|p2a: Iron Moth
|-end|p2a: Iron Moth|Quark Drive|[silent]
|
|-heal|p1a: Ting-Lu|59/100|[from] item: Leftovers
|upkeep
|
|t:|1780901600
|switch|p2a: Zamazenta|Zamazenta|51/100 par
|-damage|p2a: Zamazenta|45/100 par|[from] Stealth Rock
|turn|12
|
|t:|1780901605
|switch|p1a: Metagross|Metagross, shiny|100/100
|move|p2a: Zamazenta|Light Screen|p2a: Zamazenta
|-sidestart|p2: Miurez|move: Light Screen
|
|upkeep
|turn|13
|
|t:|1780901610
|move|p2a: Zamazenta|Close Combat|p1a: Metagross
|-damage|p1a: Metagross|66/100
|-unboost|p2a: Zamazenta|def|1
|-unboost|p2a: Zamazenta|spd|1
|move|p1a: Metagross|Psychic Fangs|p2a: Zamazenta
|-sideend|p2: Miurez|move: Light Screen
|-supereffective|p2a: Zamazenta
|-damage|p2a: Zamazenta|0 fnt
|faint|p2a: Zamazenta
|
|upkeep
|
|t:|1780901617
|switch|p2a: Gliscor|Gliscor, M|88/100 tox
|-damage|p2a: Gliscor|76/100 tox|[from] Stealth Rock
|turn|14
|
|t:|1780901637
|switch|p1a: Zapdos|Zapdos|70/100
|move|p2a: Gliscor|Swords Dance|p2a: Gliscor
|-boost|p2a: Gliscor|atk|2
|
|-heal|p2a: Gliscor|88/100 tox|[from] ability: Poison Heal
|upkeep
|turn|15
|
|t:|1780901655
|move|p1a: Zapdos|Heat Wave|p2a: Gliscor
|-damage|p2a: Gliscor|49/100 tox
|move|p2a: Gliscor|Agility|p2a: Gliscor
|-boost|p2a: Gliscor|spe|2
|
|-heal|p2a: Gliscor|61/100 tox|[from] ability: Poison Heal
|upkeep
|turn|16
|
|t:|1780901682
|-terastallize|p2a: Gliscor|Normal
|move|p2a: Gliscor|Facade|p1a: Zapdos
|-damage|p1a: Zapdos|0 fnt
|faint|p1a: Zapdos
|
|-heal|p2a: Gliscor|74/100 tox|[from] ability: Poison Heal
|upkeep
|
|t:|1780901697
|switch|p1a: Keldeo|Keldeo-Resolute, shiny|100/100
|-status|p1a: Keldeo|psn
|turn|17
|
|t:|1780901700
|move|p1a: Keldeo|Vacuum Wave|p2a: Gliscor
|-supereffective|p2a: Gliscor
|-damage|p2a: Gliscor|0 fnt
|faint|p2a: Gliscor
|
|-damage|p1a: Keldeo|88/100 psn|[from] psn
|upkeep
|
|t:|1780901720
|switch|p2a: Raging Bolt|Raging Bolt|100/100
|-damage|p2a: Raging Bolt|88/100|[from] Stealth Rock
|-enditem|p2a: Raging Bolt|Booster Energy
|-activate|p2a: Raging Bolt|ability: Protosynthesis|[fromitem]
|-start|p2a: Raging Bolt|protosynthesisspa
|turn|18
|
|t:|1780901728
|switch|p1a: Ting-Lu|Ting-Lu|59/100
|-status|p1a: Ting-Lu|psn
|-ability|p1a: Ting-Lu|Vessel of Ruin
|move|p2a: Raging Bolt|Calm Mind|p2a: Raging Bolt
|-boost|p2a: Raging Bolt|spa|1
|-boost|p2a: Raging Bolt|spd|1
|
|-heal|p1a: Ting-Lu|65/100 psn|[from] item: Leftovers
|-damage|p1a: Ting-Lu|52/100 psn|[from] psn
|upkeep
|turn|19
|
|t:|1780901733
|move|p2a: Raging Bolt|Dragon Pulse|p1a: Ting-Lu
|-damage|p1a: Ting-Lu|8/100 psn
|move|p1a: Ting-Lu|Earthquake|p2a: Raging Bolt
|-supereffective|p2a: Raging Bolt
|-crit|p2a: Raging Bolt
|-damage|p2a: Raging Bolt|0 fnt
|faint|p2a: Raging Bolt
|-end|p2a: Raging Bolt|Protosynthesis|[silent]
|
|-heal|p1a: Ting-Lu|14/100 psn|[from] item: Leftovers
|-damage|p1a: Ting-Lu|2/100 psn|[from] psn
|upkeep
|
|t:|1780901737
|switch|p2a: Hatterene|Hatterene, F|100/100
|-damage|p2a: Hatterene|88/100|[from] Stealth Rock
|turn|20
|
|t:|1780901755
|move|p1a: Ting-Lu|Earthquake|p2a: Hatterene
|-damage|p2a: Hatterene|56/100
|move|p2a: Hatterene|Draining Kiss|p1a: Ting-Lu
|-supereffective|p1a: Ting-Lu
|-damage|p1a: Ting-Lu|0 fnt
|-heal|p2a: Hatterene|57/100|[from] drain|[of] p1a: Ting-Lu
|faint|p1a: Ting-Lu
|
|-heal|p2a: Hatterene|63/100|[from] item: Leftovers
|upkeep
|
|t:|1780901762
|switch|p1a: Dragapult|Dragapult, F|100/100
|-status|p1a: Dragapult|psn
|turn|21
|
|t:|1780901765
|move|p1a: Dragapult|Shadow Ball|p2a: Hatterene
|-supereffective|p2a: Hatterene
|-damage|p2a: Hatterene|0 fnt
|faint|p2a: Hatterene
|
|win|rblt ryo
|raw|rblt ryo's rating: 1750 &rarr; <strong>1771</strong><br />(+21 for winning)
|raw|Miurez's rating: 1774 &rarr; <strong>1753</strong><br />(-21 for losing)
|l| kadu99
|l|☆Miurez
|player|p2|
|l|☆rblt ryo
|player|p1|
|j|☆rblt ryo
|player|p1|rblt ryo|grimsley-gen7|
