|j|☆LowEL0God
|j|☆chaincrush
|t:|1781602251
|gametype|singles
|player|p1|LowEL0God|265|1651
|player|p2|chaincrush|169|1583
|gen|9
|tier|[Gen 9] OU
|rated|
|rule|HP Percentage Mod: HP is shown in percentages
|rule|Endless Battle Clause: Forcing endless battles is banned
|rule|Species Clause: Limit one of each Pokémon
|rule|OHKO Clause: OHKO moves are banned
|rule|Evasion Items Clause: Evasion items are banned
|rule|Evasion Moves Clause: Evasion moves are banned
|rule|Evasion Abilities Clause: Evasion abilities are banned
|rule|Sleep Moves Clause: Sleep-inducing moves are banned
|clearpoke
|poke|p1|Pelipper, F|
|poke|p1|Raging Bolt|
|poke|p1|Overqwil, F|
|poke|p1|Barraskewda, F|
|poke|p1|Iron Treads|
|poke|p1|Kingambit, M|
|poke|p2|Rillaboom, F|
|poke|p2|Hawlucha, F|
|poke|p2|Glimmora, M|
|poke|p2|Slowking-Galar, M|
|poke|p2|Kyurem|
|poke|p2|Hoopa-Unbound|
|teampreview
|c|☆LowEL0God|hf
|inactive|Battle timer is ON: inactive players will automatically lose when time's up. (requested by LowEL0God)
|
|t:|1781602263
|teamsize|p1|6
|teamsize|p2|6
|start
|switch|p1a: Kingambit|Kingambit, M|100/100
|switch|p2a: Rillaboom|Rillaboom, F|100/100
|-fieldstart|move: Grassy Terrain|[from] ability: Grassy Surge|[of] p2a: Rillaboom
|turn|1
|
|t:|1781602269
|move|p2a: Rillaboom|Drain Punch|p1a: Kingambit
|-supereffective|p1a: Kingambit
|-damage|p1a: Kingambit|0 fnt
|faint|p1a: Kingambit
|-end|p1a: Kingambit|fallenundefined|[silent]
|
|upkeep
|
|t:|1781602271
|switch|p1a: Pelipper|Pelipper, F|100/100
|-weather|RainDance|[from] ability: Drizzle|[of] p1a: Pelipper
|turn|2
|
|t:|1781602283
|switch|p2a: Hoopa|Hoopa-Unbound|100/100
|-enditem|p2a: Hoopa|Grassy Seed
|-boost|p2a: Hoopa|def|1|[from] item: Grassy Seed
|move|p1a: Pelipper|Hurricane|p2a: Hoopa
|-damage|p2a: Hoopa|74/100
|
|-weather|RainDance|[upkeep]
|-heal|p2a: Hoopa|80/100|[from] Grassy Terrain
|upkeep
|turn|3
|
|t:|1781602297
|switch|p2a: Glimmora|Glimmora, M|100/100
|switch|p1a: Overqwil|Overqwil, F|100/100
|
|-weather|RainDance|[upkeep]
|upkeep
|turn|4
|
|t:|1781602308
|switch|p1a: Pelipper|Pelipper, F|100/100
|move|p2a: Glimmora|Earth Power|p1a: Pelipper
|-immune|p1a: Pelipper
|
|-weather|RainDance|[upkeep]
|upkeep
|turn|5
|
|t:|1781602311
|move|p2a: Glimmora|Power Gem|p1a: Pelipper
|-supereffective|p1a: Pelipper
|-damage|p1a: Pelipper|0 fnt
|faint|p1a: Pelipper
|
|-weather|RainDance|[upkeep]
|-fieldend|move: Grassy Terrain
|upkeep
|
|t:|1781602312
|switch|p1a: Barraskewda|Barraskewda, F|100/100
|turn|6
|
|t:|1781602326
|switch|p2a: Hoopa|Hoopa-Unbound|80/100
|move|p1a: Barraskewda|Liquidation|p2a: Hoopa
|-damage|p2a: Hoopa|0 fnt
|faint|p2a: Hoopa
|
|-weather|RainDance|[upkeep]
|upkeep
|
|t:|1781602331
|switch|p2a: Rillaboom|Rillaboom, F|100/100
|-fieldstart|move: Grassy Terrain|[from] ability: Grassy Surge|[of] p2a: Rillaboom
|turn|7
|
|t:|1781602337
|switch|p1a: Overqwil|Overqwil, F|100/100
|-terastallize|p2a: Rillaboom|Grass
|move|p2a: Rillaboom|Grassy Glide|p1a: Overqwil
|-resisted|p1a: Overqwil
|-damage|p1a: Overqwil|55/100
|
|-weather|RainDance|[upkeep]
|-heal|p1a: Overqwil|61/100|[from] Grassy Terrain
|upkeep
|turn|8
|
|t:|1781602348
|switch|p2a: Slowking|Slowking-Galar, M|100/100
|move|p1a: Overqwil|Gunk Shot|p2a: Slowking
|-resisted|p2a: Slowking
|-damage|p2a: Slowking|59/100
|-damage|p1a: Overqwil|51/100|[from] item: Life Orb
|
|-weather|RainDance|[upkeep]
|-heal|p1a: Overqwil|57/100|[from] Grassy Terrain
|-heal|p2a: Slowking|65/100|[from] Grassy Terrain
|upkeep
|turn|9
|
|t:|1781602356
|switch|p2a: Hawlucha|Hawlucha, F|100/100
|-enditem|p2a: Hawlucha|Grassy Seed
|-boost|p2a: Hawlucha|def|1|[from] item: Grassy Seed
|move|p1a: Overqwil|Gunk Shot|p2a: Hawlucha
|-damage|p2a: Hawlucha|22/100
|-damage|p1a: Overqwil|47/100|[from] item: Life Orb
|
|-weather|none
|-heal|p1a: Overqwil|53/100|[from] Grassy Terrain
|upkeep
|turn|10
|
|t:|1781602365
|switch|p1a: Raging Bolt|Raging Bolt|100/100
|-enditem|p1a: Raging Bolt|Booster Energy
|-activate|p1a: Raging Bolt|ability: Protosynthesis|[fromitem]
|-start|p1a: Raging Bolt|protosynthesisspa
|move|p2a: Hawlucha|Close Combat|p1a: Raging Bolt
|-damage|p1a: Raging Bolt|52/100
|-unboost|p2a: Hawlucha|def|1
|-unboost|p2a: Hawlucha|spd|1
|
|-heal|p1a: Raging Bolt|58/100|[from] Grassy Terrain
|upkeep
|turn|11
|
|t:|1781602375
|move|p1a: Raging Bolt|Thunderclap|p2a: Hawlucha
|-supereffective|p2a: Hawlucha
|-damage|p2a: Hawlucha|0 fnt
|faint|p2a: Hawlucha
|
|-heal|p1a: Raging Bolt|64/100|[from] Grassy Terrain
|-fieldend|move: Grassy Terrain
|upkeep
|
|t:|1781602379
|switch|p2a: Kyurem|Kyurem|100/100
|-ability|p2a: Kyurem|Pressure
|turn|12
|
|t:|1781602386
|-terastallize|p1a: Raging Bolt|Fairy
|move|p2a: Kyurem|Draco Meteor|p1a: Raging Bolt
|-immune|p1a: Raging Bolt
|move|p1a: Raging Bolt|Draco Meteor|p2a: Kyurem
|-supereffective|p2a: Kyurem
|-damage|p2a: Kyurem|0 fnt
|-unboost|p1a: Raging Bolt|spa|2
|faint|p2a: Kyurem
|
|upkeep
|
|t:|1781602395
|switch|p2a: Rillaboom|Rillaboom, F, tera:Grass|100/100
|-fieldstart|move: Grassy Terrain|[from] ability: Grassy Surge|[of] p2a: Rillaboom
|turn|13
|
|t:|1781602401
|move|p2a: Rillaboom|Grassy Glide|p1a: Raging Bolt
|-damage|p1a: Raging Bolt|0 fnt
|faint|p1a: Raging Bolt
|-end|p1a: Raging Bolt|Protosynthesis|[silent]
|
|upkeep
|
|t:|1781602402
|switch|p1a: Overqwil|Overqwil, F|53/100
|turn|14
|
|t:|1781602408
|switch|p2a: Glimmora|Glimmora, M|100/100
|move|p1a: Overqwil|Gunk Shot|p2a: Glimmora
|-resisted|p2a: Glimmora
|-damage|p2a: Glimmora|74/100
|-activate|p2a: Glimmora|ability: Toxic Debris
|-sidestart|p1: LowEL0God|move: Toxic Spikes
|-damage|p1a: Overqwil|44/100|[from] item: Life Orb
|
|-heal|p2a: Glimmora|80/100|[from] Grassy Terrain
|-heal|p1a: Overqwil|50/100|[from] Grassy Terrain
|upkeep
|turn|15
|
|t:|1781602422
|switch|p1a: Iron Treads|Iron Treads|100/100
|-enditem|p1a: Iron Treads|Booster Energy
|-activate|p1a: Iron Treads|ability: Quark Drive|[fromitem]
|-start|p1a: Iron Treads|quarkdrivespe
|move|p2a: Glimmora|Earth Power|p1a: Iron Treads
|-supereffective|p1a: Iron Treads
|-damage|p1a: Iron Treads|13/100
|
|-heal|p1a: Iron Treads|19/100|[from] Grassy Terrain
|-heal|p2a: Glimmora|86/100|[from] Grassy Terrain
|upkeep
|turn|16
|
|t:|1781602433
|move|p1a: Iron Treads|Earth Power|p2a: Glimmora
|-supereffective|p2a: Glimmora
|-damage|p2a: Glimmora|0 fnt
|faint|p2a: Glimmora
|
|-heal|p1a: Iron Treads|25/100|[from] Grassy Terrain
|upkeep
|
|t:|1781602441
|switch|p2a: Slowking|Slowking-Galar, M|99/100
|turn|17
|
|t:|1781602444
|move|p1a: Iron Treads|Earth Power|p2a: Slowking
|-supereffective|p2a: Slowking
|-damage|p2a: Slowking|60/100
|move|p2a: Slowking|Ice Beam|p1a: Iron Treads
|-damage|p1a: Iron Treads|0 fnt
|faint|p1a: Iron Treads
|-end|p1a: Iron Treads|Quark Drive|[silent]
|
|-heal|p2a: Slowking|66/100|[from] Grassy Terrain
|-fieldend|move: Grassy Terrain
|upkeep
|
|t:|1781602446
|switch|p1a: Overqwil|Overqwil, F|50/100
|-sideend|p1: LowEL0God|move: Toxic Spikes|[of] p1a: Overqwil
|turn|18
|
|t:|1781602456
|switch|p1a: Barraskewda|Barraskewda, F|100/100
|move|p2a: Slowking|Ice Beam|p1a: Barraskewda
|-resisted|p1a: Barraskewda
|-damage|p1a: Barraskewda|74/100
|
|upkeep
|turn|19
|
|t:|1781602462
|switch|p2a: Rillaboom|Rillaboom, F, tera:Grass|100/100
|-fieldstart|move: Grassy Terrain|[from] ability: Grassy Surge|[of] p2a: Rillaboom
|move|p1a: Barraskewda|Close Combat|p2a: Rillaboom
|-damage|p2a: Rillaboom|34/100
|-unboost|p1a: Barraskewda|def|1
|-unboost|p1a: Barraskewda|spd|1
|
|-heal|p1a: Barraskewda|80/100|[from] Grassy Terrain
|-heal|p2a: Rillaboom|40/100|[from] Grassy Terrain
|upkeep
|turn|20
|
|t:|1781602470
|switch|p1a: Overqwil|Overqwil, F|50/100
|move|p2a: Rillaboom|Grassy Glide|p1a: Overqwil
|-resisted|p1a: Overqwil
|-damage|p1a: Overqwil|3/100
|
|-heal|p1a: Overqwil|9/100|[from] Grassy Terrain
|-heal|p2a: Rillaboom|46/100|[from] Grassy Terrain
|upkeep
|turn|21
|
|t:|1781602474
|switch|p1a: Barraskewda|Barraskewda, F|80/100
|move|p2a: Rillaboom|Grassy Glide|p1a: Barraskewda
|-supereffective|p1a: Barraskewda
|-damage|p1a: Barraskewda|0 fnt
|faint|p1a: Barraskewda
|
|-heal|p2a: Rillaboom|52/100|[from] Grassy Terrain
|upkeep
|
|t:|1781602475
|switch|p1a: Overqwil|Overqwil, F|9/100
|turn|22
|
|t:|1781602478
|move|p2a: Rillaboom|Grassy Glide|p1a: Overqwil
|-resisted|p1a: Overqwil
|-damage|p1a: Overqwil|0 fnt
|faint|p1a: Overqwil
|
|win|chaincrush
|raw|LowEL0God's rating: 1651 &rarr; <strong>1627</strong><br />(-24 for losing)
|raw|chaincrush's rating: 1583 &rarr; <strong>1607</strong><br />(+24 for winning)
|c|☆chaincrush|gg
|l|☆chaincrush
|player|p2|
|c|☆LowEL0God|gg
|l|☆LowEL0God
|player|p1|
