|j|☆TwinkleLittleStars
|j|☆AbraviousTinkaton
|t:|1781099862
|gametype|singles
|player|p1|TwinkleLittleStars|alec-anime|1671
|player|p2|AbraviousTinkaton|dana|1779
|gen|9
|tier|[Gen 9] OU
|rated|
|rule|HP Percentage Mod: HP is shown in percentages
|rule|Endless Battle Clause: Forcing endless battles is banned
|rule|Species Clause: Limit one of each Pokémon
|rule|OHKO Clause: OHKO moves are banned
|rule|Evasion Items Clause: Evasion items are banned
|rule|Evasion Moves Clause: Evasion moves are banned
|rule|Evasion Abilities Clause: Evasion abilities are banned
|rule|Sleep Moves Clause: Sleep-inducing moves are banned
|clearpoke
|poke|p1|Pelipper, M|
|poke|p1|Raging Bolt|
|poke|p1|Crawdaunt, M|
|poke|p1|Barraskewda, M|
|poke|p1|Iron Treads|
|poke|p1|Kingambit, F|
|poke|p2|Ogerpon-Wellspring, F|
|poke|p2|Kingambit, F|
|poke|p2|Landorus-Therian, M|
|poke|p2|Glimmora, F|
|poke|p2|Dragapult, F|
|poke|p2|Iron Valiant|
|teampreview
|
|t:|1781099871
|teamsize|p1|6
|teamsize|p2|6
|start
|switch|p1a: Iron Treads|Iron Treads|100/100
|switch|p2a: Dragapult|Dragapult, F|100/100
|-enditem|p1a: Iron Treads|Booster Energy
|-activate|p1a: Iron Treads|ability: Quark Drive|[fromitem]
|-start|p1a: Iron Treads|quarkdrivespe
|turn|1
|
|t:|1781099879
|move|p1a: Iron Treads|Stealth Rock|p2a: Dragapult
|-sidestart|p2: AbraviousTinkaton|move: Stealth Rock
|move|p2a: Dragapult|Flamethrower|p1a: Iron Treads
|-supereffective|p1a: Iron Treads
|-damage|p1a: Iron Treads|0 fnt
|faint|p1a: Iron Treads
|-end|p1a: Iron Treads|Quark Drive|[silent]
|
|upkeep
|
|t:|1781099884
|switch|p1a: Pelipper|Pelipper, M|100/100
|-weather|RainDance|[from] ability: Drizzle|[of] p1a: Pelipper
|turn|2
|
|t:|1781099897
|switch|p2a: Glimmora|Glimmora, F|100/100
|-damage|p2a: Glimmora|88/100|[from] Stealth Rock
|move|p1a: Pelipper|Weather Ball|p2a: Glimmora
|-supereffective|p2a: Glimmora
|-damage|p2a: Glimmora|0 fnt
|faint|p2a: Glimmora
|
|-weather|RainDance|[upkeep]
|upkeep
|
|t:|1781099902
|switch|p2a: Dragapult|Dragapult, F|100/100
|-damage|p2a: Dragapult|88/100|[from] Stealth Rock
|turn|3
|
|t:|1781099905
|switch|p1a: Kingambit|Kingambit, F|100/100
|-activate|p1a: Kingambit|ability: Supreme Overlord
|-start|p1a: Kingambit|fallen1|[silent]
|move|p2a: Dragapult|U-turn|p1a: Kingambit
|-damage|p1a: Kingambit|89/100
|
|t:|1781099908
|switch|p2a: Landorus|Landorus-Therian, M|100/100|[from] U-turn
|-damage|p2a: Landorus|88/100|[from] Stealth Rock
|-ability|p2a: Landorus|Intimidate|boost
|-unboost|p1a: Kingambit|atk|1
|
|-weather|RainDance|[upkeep]
|-heal|p1a: Kingambit|95/100|[from] item: Leftovers
|upkeep
|turn|4
|
|t:|1781099915
|-end|p1a: Kingambit|fallen1|[silent]
|switch|p1a: Pelipper|Pelipper, M|100/100
|move|p2a: Landorus|Stealth Rock|p1a: Pelipper
|-sidestart|p1: TwinkleLittleStars|move: Stealth Rock
|
|-weather|RainDance|[upkeep]
|upkeep
|turn|5
|
|t:|1781099919
|move|p2a: Landorus|U-turn|p1a: Pelipper
|-resisted|p1a: Pelipper
|-damage|p1a: Pelipper|91/100
|j| Fat_Yogi
|
|t:|1781099926
|switch|p2a: Dragapult|Dragapult, F|88/100|[from] U-turn
|-damage|p2a: Dragapult|76/100|[from] Stealth Rock
|move|p1a: Pelipper|U-turn|p2a: Dragapult
|-resisted|p2a: Dragapult
|-damage|p2a: Dragapult|69/100
|
|t:|1781099941
|switch|p1a: Kingambit|Kingambit, F|95/100|[from] U-turn
|-damage|p1a: Kingambit|89/100|[from] Stealth Rock
|-activate|p1a: Kingambit|ability: Supreme Overlord
|-start|p1a: Kingambit|fallen1|[silent]
|
|-weather|RainDance|[upkeep]
|-heal|p1a: Kingambit|95/100|[from] item: Leftovers
|upkeep
|turn|6
|
|t:|1781099953
|move|p2a: Dragapult|U-turn|p1a: Kingambit
|-damage|p1a: Kingambit|84/100
|
|t:|1781099956
|switch|p2a: Landorus|Landorus-Therian, M|88/100|[from] U-turn
|-damage|p2a: Landorus|76/100|[from] Stealth Rock
|-ability|p2a: Landorus|Intimidate|boost
|-unboost|p1a: Kingambit|atk|1
|move|p1a: Kingambit|Iron Head|p2a: Landorus
|-damage|p2a: Landorus|39/100
|-damage|p1a: Kingambit|68/100|[from] item: Rocky Helmet|[of] p2a: Landorus
|
|-weather|RainDance|[upkeep]
|-heal|p1a: Kingambit|74/100|[from] item: Leftovers
|upkeep
|turn|7
|j| Puyu paz
|
|t:|1781099961
|-end|p1a: Kingambit|fallen1|[silent]
|switch|p1a: Pelipper|Pelipper, M|91/100
|-damage|p1a: Pelipper|66/100|[from] Stealth Rock
|move|p2a: Landorus|U-turn|p1a: Pelipper
|-resisted|p1a: Pelipper
|-damage|p1a: Pelipper|57/100
|
|t:|1781099965
|switch|p2a: Dragapult|Dragapult, F|69/100|[from] U-turn
|-damage|p2a: Dragapult|57/100|[from] Stealth Rock
|
|-weather|RainDance|[upkeep]
|upkeep
|turn|8
|
|t:|1781099971
|move|p2a: Dragapult|Shadow Ball|p1a: Pelipper
|-damage|p1a: Pelipper|0 fnt
|faint|p1a: Pelipper
|
|-weather|RainDance|[upkeep]
|upkeep
|
|t:|1781099976
|switch|p1a: Crawdaunt|Crawdaunt, M|100/100
|-damage|p1a: Crawdaunt|88/100|[from] Stealth Rock
|turn|9
|
|t:|1781099988
|switch|p2a: Landorus|Landorus-Therian, M|39/100
|-damage|p2a: Landorus|27/100|[from] Stealth Rock
|-ability|p2a: Landorus|Intimidate|boost
|-unboost|p1a: Crawdaunt|atk|1
|move|p1a: Crawdaunt|Liquidation|p2a: Landorus
|-supereffective|p2a: Landorus
|-damage|p2a: Landorus|0 fnt
|-damage|p1a: Crawdaunt|72/100|[from] item: Rocky Helmet|[of] p2a: Landorus
|faint|p2a: Landorus
|-damage|p1a: Crawdaunt|62/100|[from] item: Life Orb
|
|-weather|none
|upkeep
|
|t:|1781099991
|switch|p2a: Ogerpon|Ogerpon-Wellspring, F|100/100
|-damage|p2a: Ogerpon|88/100|[from] Stealth Rock
|turn|10
|
|t:|1781099994
|move|p2a: Ogerpon|Horn Leech|p1a: Crawdaunt
|-supereffective|p1a: Crawdaunt
|-damage|p1a: Crawdaunt|0 fnt
|-heal|p2a: Ogerpon|100/100|[from] drain|[of] p1a: Crawdaunt
|faint|p1a: Crawdaunt
|
|upkeep
|
|t:|1781099998
|switch|p1a: Barraskewda|Barraskewda, M|100/100
|-damage|p1a: Barraskewda|88/100|[from] Stealth Rock
|turn|11
|
|t:|1781100008
|switch|p2a: Dragapult|Dragapult, F|57/100
|-damage|p2a: Dragapult|45/100|[from] Stealth Rock
|move|p1a: Barraskewda|Poison Jab|p2a: Dragapult
|-resisted|p2a: Dragapult
|-damage|p2a: Dragapult|25/100
|-status|p2a: Dragapult|psn
|
|-damage|p2a: Dragapult|13/100 psn|[from] psn
|upkeep
|turn|12
|j| newhere1310
|
|t:|1781100018
|move|p2a: Dragapult|Shadow Ball|p1a: Barraskewda
|-damage|p1a: Barraskewda|0 fnt
|faint|p1a: Barraskewda
|
|-damage|p2a: Dragapult|1/100 psn|[from] psn
|upkeep
|
|t:|1781100020
|switch|p1a: Kingambit|Kingambit, F|74/100
|-damage|p1a: Kingambit|68/100|[from] Stealth Rock
|-activate|p1a: Kingambit|ability: Supreme Overlord
|-start|p1a: Kingambit|fallen4|[silent]
|turn|13
|
|t:|1781100024
|switch|p2a: Iron Valiant|Iron Valiant|100/100
|-damage|p2a: Iron Valiant|94/100|[from] Stealth Rock
|-enditem|p2a: Iron Valiant|Booster Energy
|-activate|p2a: Iron Valiant|ability: Quark Drive|[fromitem]
|-start|p2a: Iron Valiant|quarkdrivespe
|move|p1a: Kingambit|Swords Dance|p1a: Kingambit
|-boost|p1a: Kingambit|atk|2
|
|-heal|p1a: Kingambit|74/100|[from] item: Leftovers
|upkeep
|turn|14
|
|t:|1781100027
|move|p2a: Iron Valiant|Encore|p1a: Kingambit
|-start|p1a: Kingambit|Encore
|move|p1a: Kingambit|Swords Dance|p1a: Kingambit
|-boost|p1a: Kingambit|atk|2
|
|-heal|p1a: Kingambit|80/100|[from] item: Leftovers
|upkeep
|turn|15
|-message|TwinkleLittleStars forfeited.
|
|win|AbraviousTinkaton
|raw|TwinkleLittleStars's rating: 1671 &rarr; <strong>1657</strong><br />(-14 for losing)
|raw|AbraviousTinkaton's rating: 1779 &rarr; <strong>1793</strong><br />(+14 for winning)
|l|☆TwinkleLittleStars
|player|p1|
|l|☆AbraviousTinkaton
|player|p2|
|l| Fat_Yogi
|l| newhere1310
|l| Puyu paz
