|j|☆bongzongweedluvr
|j|☆crck like alakazam
|t:|1781325556
|gametype|singles
|player|p1|bongzongweedluvr|102|1677
|player|p2|crck like alakazam|psychicf-gen4|1740
|gen|9
|tier|[Gen 9] OU
|rated|
|rule|HP Percentage Mod: HP is shown in percentages
|rule|Endless Battle Clause: Forcing endless battles is banned
|rule|Species Clause: Limit one of each Pokémon
|rule|OHKO Clause: OHKO moves are banned
|rule|Evasion Items Clause: Evasion items are banned
|rule|Evasion Moves Clause: Evasion moves are banned
|rule|Evasion Abilities Clause: Evasion abilities are banned
|rule|Sleep Moves Clause: Sleep-inducing moves are banned
|clearpoke
|poke|p1|Greninja-*, M|
|poke|p1|Glimmora, F|
|poke|p1|Garchomp, M|
|poke|p1|Iron Valiant|
|poke|p1|Ceruledge, F|
|poke|p1|Kingambit, M|
|poke|p2|Iron Treads|
|poke|p2|Pelipper, M|
|poke|p2|Dondozo, M|
|poke|p2|Overqwil, M|
|poke|p2|Enamorus, F|
|poke|p2|Raging Bolt|
|teampreview
|inactive|Battle timer is ON: inactive players will automatically lose when time's up. (requested by crck like alakazam)
|inactive|bongzongweedluvr also wants the timer to be on.
|inactive|crck like alakazam has 120 seconds left.
|
|t:|1781325606
|teamsize|p1|6
|teamsize|p2|6
|start
|switch|p1a: Glimmora|Glimmora, F|100/100
|switch|p2a: 4Pc Peliac Combo|Pelipper, M|100/100
|-weather|RainDance|[from] ability: Drizzle|[of] p2a: 4Pc Peliac Combo
|turn|1
|
|t:|1781325611
|switch|p2a: C.T.E.Spins|Iron Treads|100/100
|-enditem|p2a: C.T.E.Spins|Booster Energy
|-activate|p2a: C.T.E.Spins|ability: Quark Drive|[fromitem]
|-start|p2a: C.T.E.Spins|quarkdrivespe
|move|p1a: Glimmora|Meteor Beam||[still]
|-prepare|p1a: Glimmora|Meteor Beam
|-boost|p1a: Glimmora|spa|1
|-enditem|p1a: Glimmora|Power Herb
|-anim|p1a: Glimmora|Meteor Beam|p2a: C.T.E.Spins
|-resisted|p2a: C.T.E.Spins
|-damage|p2a: C.T.E.Spins|73/100
|
|-weather|RainDance|[upkeep]
|upkeep
|turn|2
|
|t:|1781325623
|move|p2a: C.T.E.Spins|Earthquake|p1a: Glimmora
|-supereffective|p1a: Glimmora
|-damage|p1a: Glimmora|0 fnt
|-activate|p1a: Glimmora|ability: Toxic Debris
|-sidestart|p2: crck like alakazam|move: Toxic Spikes
|faint|p1a: Glimmora
|
|-weather|RainDance|[upkeep]
|upkeep
|
|t:|1781325625
|switch|p1a: Greninja|Greninja, M|100/100
|turn|3
|
|t:|1781325629
|move|p2a: C.T.E.Spins|Rapid Spin|p1a: Greninja
|-damage|p1a: Greninja|79/100
|-boost|p2a: C.T.E.Spins|spe|1
|-sideend|p2: crck like alakazam|Toxic Spikes|[from] move: Rapid Spin|[of] p2a: C.T.E.Spins
|move|p1a: Greninja|Ice Beam|p2a: C.T.E.Spins
|-damage|p2a: C.T.E.Spins|42/100
|-status|p2a: C.T.E.Spins|frz
|
|-weather|RainDance|[upkeep]
|upkeep
|turn|4
|j| dalty dalty dalty
|
|t:|1781325637
|cant|p2a: C.T.E.Spins|frz
|move|p1a: Greninja|Ice Beam|p2a: C.T.E.Spins
|-damage|p2a: C.T.E.Spins|11/100 frz
|
|-weather|RainDance|[upkeep]
|upkeep
|turn|5
|
|t:|1781325641
|-end|p2a: C.T.E.Spins|Quark Drive|[silent]
|switch|p2a: WishABozoWould|Dondozo, M|100/100
|move|p1a: Greninja|Ice Beam|p2a: WishABozoWould
|-resisted|p2a: WishABozoWould
|-damage|p2a: WishABozoWould|87/100
|
|-weather|RainDance|[upkeep]
|upkeep
|turn|6
|
|t:|1781325647
|switch|p1a: Iron Valiant|Iron Valiant|100/100
|-enditem|p1a: Iron Valiant|Booster Energy
|-activate|p1a: Iron Valiant|ability: Quark Drive|[fromitem]
|-start|p1a: Iron Valiant|quarkdrivespe
|move|p2a: WishABozoWould|Wave Crash|p1a: Iron Valiant
|-damage|p1a: Iron Valiant|0 fnt
|faint|p1a: Iron Valiant
|-end|p1a: Iron Valiant|Quark Drive|[silent]
|-damage|p2a: WishABozoWould|67/100|[from] Recoil
|
|-weather|RainDance|[upkeep]
|upkeep
|
|t:|1781325654
|switch|p1a: Garchomp|Garchomp, M|100/100
|turn|7
|
|t:|1781325657
|move|p1a: Garchomp|Scale Shot|p2a: WishABozoWould
|-damage|p2a: WishABozoWould|58/100
|-damage|p2a: WishABozoWould|48/100
|-damage|p2a: WishABozoWould|38/100
|-damage|p2a: WishABozoWould|28/100
|-damage|p2a: WishABozoWould|19/100
|-hitcount|p2a: WishABozoWould|5
|-unboost|p1a: Garchomp|def|1
|-boost|p1a: Garchomp|spe|1
|move|p2a: WishABozoWould|Wave Crash|p1a: Garchomp
|-damage|p1a: Garchomp|0 fnt
|-damage|p2a: WishABozoWould|7/100|[from] ability: Rough Skin|[of] p1a: Garchomp
|faint|p1a: Garchomp
|-damage|p2a: WishABozoWould|0 fnt|[from] Recoil
|faint|p2a: WishABozoWould
|
|-weather|RainDance|[upkeep]
|upkeep
|
|t:|1781325668
|switch|p1a: Greninja|Greninja, M|79/100
|switch|p2a: GangStarrFromAbove|Enamorus, F|100/100
|turn|8
|
|t:|1781325675
|move|p2a: GangStarrFromAbove|Moonblast|p1a: Greninja
|-supereffective|p1a: Greninja
|-damage|p1a: Greninja|0 fnt
|faint|p1a: Greninja
|
|-weather|none
|upkeep
|
|t:|1781325677
|switch|p1a: Ceruledge|Ceruledge, F|100/100
|-item|p1a: Ceruledge|Air Balloon
|turn|9
|
|t:|1781325683
|move|p2a: GangStarrFromAbove|Moonblast|p1a: Ceruledge
|-resisted|p1a: Ceruledge
|-damage|p1a: Ceruledge|70/100
|-enditem|p1a: Ceruledge|Air Balloon
|move|p1a: Ceruledge|Swords Dance|p1a: Ceruledge
|-boost|p1a: Ceruledge|atk|2
|
|upkeep
|turn|10
|
|t:|1781325689
|move|p2a: GangStarrFromAbove|Moonblast|p1a: Ceruledge
|-resisted|p1a: Ceruledge
|-damage|p1a: Ceruledge|39/100
|move|p1a: Ceruledge|Bitter Blade|p2a: GangStarrFromAbove
|-damage|p2a: GangStarrFromAbove|0 fnt
|-heal|p1a: Ceruledge|89/100|[from] drain|[of] p2a: GangStarrFromAbove
|faint|p2a: GangStarrFromAbove
|
|upkeep
|
|t:|1781325692
|switch|p2a: 4Pc Peliac Combo|Pelipper, M|100/100
|-weather|RainDance|[from] ability: Drizzle|[of] p2a: 4Pc Peliac Combo
|turn|11
|
|t:|1781325697
|move|p1a: Ceruledge|Poltergeist|p2a: 4Pc Peliac Combo
|-activate|p2a: 4Pc Peliac Combo|move: Poltergeist|Damp Rock
|-damage|p2a: 4Pc Peliac Combo|16/100
|move|p2a: 4Pc Peliac Combo|Weather Ball|p1a: Ceruledge
|-supereffective|p1a: Ceruledge
|-damage|p1a: Ceruledge|0 fnt
|faint|p1a: Ceruledge
|
|-weather|RainDance|[upkeep]
|upkeep
|
|t:|1781325701
|switch|p1a: Kingambit|Kingambit, M|100/100
|-activate|p1a: Kingambit|ability: Supreme Overlord
|-start|p1a: Kingambit|fallen5|[silent]
|turn|12
|
|t:|1781325704
|move|p1a: Kingambit|Kowtow Cleave|p2a: 4Pc Peliac Combo
|-damage|p2a: 4Pc Peliac Combo|0 fnt
|faint|p2a: 4Pc Peliac Combo
|
|-weather|RainDance|[upkeep]
|upkeep
|
|t:|1781325706
|switch|p2a: Ol'DirtyBolt|Raging Bolt|100/100
|-enditem|p2a: Ol'DirtyBolt|Booster Energy
|-activate|p2a: Ol'DirtyBolt|ability: Protosynthesis|[fromitem]
|-start|p2a: Ol'DirtyBolt|protosynthesisspa
|turn|13
|
|t:|1781325710
|-terastallize|p2a: Ol'DirtyBolt|Fairy
|-terastallize|p1a: Kingambit|Dark
|move|p2a: Ol'DirtyBolt|Thunder|p1a: Kingambit
|-damage|p1a: Kingambit|2/100
|move|p1a: Kingambit|Kowtow Cleave|p2a: Ol'DirtyBolt
|-resisted|p2a: Ol'DirtyBolt
|-crit|p2a: Ol'DirtyBolt
|-damage|p2a: Ol'DirtyBolt|15/100
|
|-weather|RainDance|[upkeep]
|upkeep
|turn|14
|
|t:|1781325718
|move|p2a: Ol'DirtyBolt|Dragon Pulse|p1a: Kingambit
|-damage|p1a: Kingambit|0 fnt
|faint|p1a: Kingambit
|-end|p1a: Kingambit|fallen5|[silent]
|
|win|crck like alakazam
|raw|bongzongweedluvr's rating: 1677 &rarr; <strong>1661</strong><br />(-16 for losing)
|raw|crck like alakazam's rating: 1740 &rarr; <strong>1756</strong><br />(+16 for winning)
|l|☆bongzongweedluvr
|player|p1|
|l|☆crck like alakazam
|player|p2|
|j|☆crck like alakazam
|player|p2|crck like alakazam|psychicf-gen4|
|l|☆crck like alakazam
|player|p2|
|l| dalty dalty dalty
