|j|☆zxrkawa
|j|☆erjuanzas
|t:|1781089102
|gametype|singles
|player|p1|zxrkawa|elesa|1564
|player|p2|erjuanzas|linebacker|1523
|gen|9
|tier|[Gen 9] OU
|rated|
|rule|HP Percentage Mod: HP is shown in percentages
|rule|Endless Battle Clause: Forcing endless battles is banned
|rule|Species Clause: Limit one of each Pokémon
|rule|OHKO Clause: OHKO moves are banned
|rule|Evasion Items Clause: Evasion items are banned
|rule|Evasion Moves Clause: Evasion moves are banned
|rule|Evasion Abilities Clause: Evasion abilities are banned
|rule|Sleep Moves Clause: Sleep-inducing moves are banned
|clearpoke
|poke|p1|Meowscarada, M|
|poke|p1|Pecharunt|
|poke|p1|Enamorus, F|
|poke|p1|Iron Treads|
|poke|p1|Skarmory, M|
|poke|p1|Slowking, F|
|poke|p2|Pelipper, M|
|poke|p2|Overqwil, F|
|poke|p2|Barraskewda, M|
|poke|p2|Raging Bolt|
|poke|p2|Iron Treads|
|poke|p2|Kingambit, M|
|teampreview
|inactive|Battle timer is ON: inactive players will automatically lose when time's up. (requested by zxrkawa)
|
|t:|1781089123
|teamsize|p1|6
|teamsize|p2|6
|start
|switch|p1a: Meowscarada|Meowscarada, M|100/100
|switch|p2a: Iron Treads|Iron Treads|100/100
|-enditem|p2a: Iron Treads|Booster Energy
|-activate|p2a: Iron Treads|ability: Quark Drive|[fromitem]
|-start|p2a: Iron Treads|quarkdrivespe
|turn|1
|
|t:|1781089138
|move|p2a: Iron Treads|Stealth Rock|p1a: Meowscarada
|-sidestart|p1: zxrkawa|move: Stealth Rock
|move|p1a: Meowscarada|Flower Trick|p2a: Iron Treads
|-start|p1a: Meowscarada|typechange|Grass|[from] ability: Protean
|-crit|p2a: Iron Treads
|-damage|p2a: Iron Treads|39/100
|
|upkeep
|turn|2
|inactive|erjuanzas has 120 seconds left.
|
|t:|1781089187
|switch|p1a: Iron Treads|Iron Treads|100/100
|-damage|p1a: Iron Treads|98/100|[from] Stealth Rock
|move|p2a: Iron Treads|Steel Beam|p1a: Iron Treads
|-resisted|p1a: Iron Treads
|-damage|p1a: Iron Treads|74/100
|-damage|p2a: Iron Treads|0 fnt|[from] steelbeam
|faint|p2a: Iron Treads
|-end|p2a: Iron Treads|Quark Drive|[silent]
|
|-heal|p1a: Iron Treads|80/100|[from] item: Leftovers
|upkeep
|
|t:|1781089190
|switch|p2a: Pelipas|Pelipper, M, shiny|100/100
|-weather|RainDance|[from] ability: Drizzle|[of] p2a: Pelipas
|turn|3
|
|t:|1781089206
|-end|p1a: Iron Treads|Quark Drive|[silent]
|switch|p1a: Slowking|Slowking, F|100/100
|-damage|p1a: Slowking|88/100|[from] Stealth Rock
|move|p2a: Pelipas|Weather Ball|p1a: Slowking
|-resisted|p1a: Slowking
|-crit|p1a: Slowking
|-damage|p1a: Slowking|71/100
|
|-weather|RainDance|[upkeep]
|upkeep
|turn|4
|inactive|erjuanzas has 120 seconds left.
|
|t:|1781089232
|switch|p1a: Pecharunt|Pecharunt|100/100
|-damage|p1a: Pecharunt|88/100|[from] Stealth Rock
|move|p2a: Pelipas|U-turn|p1a: Pecharunt
|-resisted|p1a: Pecharunt
|-damage|p1a: Pecharunt|87/100
|-damage|p2a: Pelipas|84/100|[from] item: Rocky Helmet|[of] p1a: Pecharunt
|
|t:|1781089240
|switch|p2a: Raging Bolt|Raging Bolt|100/100|[from] U-turn
|-enditem|p2a: Raging Bolt|Booster Energy
|-activate|p2a: Raging Bolt|ability: Protosynthesis|[fromitem]
|-start|p2a: Raging Bolt|protosynthesisspa
|
|-weather|RainDance|[upkeep]
|upkeep
|turn|5
|
|t:|1781089252
|switch|p1a: Slowking|Slowking, F|100/100
|-damage|p1a: Slowking|88/100|[from] Stealth Rock
|move|p2a: Raging Bolt|Thunder|p1a: Slowking
|-supereffective|p1a: Slowking
|-damage|p1a: Slowking|5/100
|
|-weather|RainDance|[upkeep]
|upkeep
|turn|6
|inactive|erjuanzas has 120 seconds left.
|
|t:|1781089260
|switch|p1a: Iron Treads|Iron Treads|80/100
|-damage|p1a: Iron Treads|77/100|[from] Stealth Rock
|move|p2a: Raging Bolt|Weather Ball|p1a: Iron Treads
|-supereffective|p1a: Iron Treads
|-damage|p1a: Iron Treads|0 fnt
|faint|p1a: Iron Treads
|-end|p1a: Iron Treads|Quark Drive|[silent]
|
|-weather|RainDance|[upkeep]
|upkeep
|
|t:|1781089269
|switch|p1a: Meowscarada|Meowscarada, M|100/100
|-damage|p1a: Meowscarada|88/100|[from] Stealth Rock
|turn|7
|
|t:|1781089276
|-end|p2a: Raging Bolt|Protosynthesis|[silent]
|switch|p2a: Kingambit|Kingambit, M|100/100
|-activate|p2a: Kingambit|ability: Supreme Overlord
|-start|p2a: Kingambit|fallen1|[silent]
|move|p1a: Meowscarada|Triple Axel|p2a: Kingambit
|-start|p1a: Meowscarada|typechange|Ice|[from] ability: Protean
|-resisted|p2a: Kingambit
|-damage|p2a: Kingambit|95/100
|-resisted|p2a: Kingambit
|-damage|p2a: Kingambit|85/100
|-resisted|p2a: Kingambit
|-damage|p2a: Kingambit|69/100
|-hitcount|p2a: Kingambit|3
|
|-weather|RainDance|[upkeep]
|-heal|p2a: Kingambit|76/100|[from] item: Leftovers
|upkeep
|turn|8
|
|t:|1781089289
|switch|p1a: Skarmory|Skarmory, M|100/100
|-damage|p1a: Skarmory|88/100|[from] Stealth Rock
|move|p2a: Kingambit|Swords Dance|p2a: Kingambit
|-boost|p2a: Kingambit|atk|2
|
|-weather|RainDance|[upkeep]
|-heal|p2a: Kingambit|82/100|[from] item: Leftovers
|upkeep
|turn|9
|
|t:|1781089292
|move|p1a: Skarmory|Body Press|p2a: Kingambit
|-supereffective|p2a: Kingambit
|-damage|p2a: Kingambit|0 fnt
|faint|p2a: Kingambit
|-end|p2a: Kingambit|fallen1|[silent]
|
|-weather|RainDance|[upkeep]
|upkeep
|
|t:|1781089297
|switch|p2a: Raging Bolt|Raging Bolt|100/100
|turn|10
|inactive|zxrkawa has 120 seconds left.
|inactive|zxrkawa has 90 seconds left.
|
|t:|1781089380
|switch|p1a: Meowscarada|Meowscarada, M|88/100
|-damage|p1a: Meowscarada|76/100|[from] Stealth Rock
|move|p2a: Raging Bolt|Thunder|p1a: Meowscarada
|-resisted|p1a: Meowscarada
|-damage|p1a: Meowscarada|23/100
|-status|p1a: Meowscarada|par
|
|-weather|none
|upkeep
|turn|11
|
|t:|1781089392
|-end|p2a: Raging Bolt|Protosynthesis|[silent]
|switch|p2a: Pelipas|Pelipper, M, shiny|84/100
|-weather|RainDance|[from] ability: Drizzle|[of] p2a: Pelipas
|switch|p1a: Slowking|Slowking, F|38/100
|-damage|p1a: Slowking|26/100|[from] Stealth Rock
|
|-weather|RainDance|[upkeep]
|upkeep
|turn|12
|
|t:|1781089405
|move|p2a: Pelipas|U-turn|p1a: Slowking
|-supereffective|p1a: Slowking
|-damage|p1a: Slowking|7/100
|
|t:|1781089408
|switch|p2a: Raging Bolt|Raging Bolt|100/100|[from] U-turn
|move|p1a: Slowking|Future Sight|p2a: Raging Bolt
|-start|p1a: Slowking|move: Future Sight
|
|-weather|RainDance|[upkeep]
|upkeep
|turn|13
|inactive|zxrkawa has 90 seconds left.
|
|t:|1781089419
|switch|p1a: Skarmory|Skarmory, M|88/100
|-damage|p1a: Skarmory|76/100|[from] Stealth Rock
|move|p2a: Raging Bolt|Thunder|p1a: Skarmory
|-supereffective|p1a: Skarmory
|-damage|p1a: Skarmory|0 fnt
|faint|p1a: Skarmory
|
|-weather|RainDance|[upkeep]
|upkeep
|
|t:|1781089422
|switch|p1a: Slowking|Slowking, F|40/100
|-damage|p1a: Slowking|27/100|[from] Stealth Rock
|turn|14
|inactive|zxrkawa has 90 seconds left.
|
|t:|1781089447
|-end|p2a: Raging Bolt|Protosynthesis|[silent]
|switch|p2a: Overqwil|Overqwil, F|100/100
|-terastallize|p1a: Slowking|Steel
|move|p1a: Slowking|Psyshock|p2a: Overqwil
|-immune|p2a: Overqwil
|
|-weather|RainDance|[upkeep]
|-end|p2a: Overqwil|move: Future Sight
|-immune|p2a: Overqwil
|upkeep
|turn|15
|inactive|zxrkawa has 90 seconds left.
|
|t:|1781089457
|switch|p1a: Pecharunt|Pecharunt|87/100
|-damage|p1a: Pecharunt|75/100|[from] Stealth Rock
|move|p2a: Overqwil|Crunch|p1a: Pecharunt
|-supereffective|p1a: Pecharunt
|-damage|p1a: Pecharunt|25/100
|-damage|p2a: Overqwil|84/100|[from] item: Rocky Helmet|[of] p1a: Pecharunt
|-damage|p2a: Overqwil|74/100|[from] item: Life Orb
|
|-weather|RainDance|[upkeep]
|upkeep
|turn|16
|inactive|zxrkawa has 90 seconds left.
|
|t:|1781089473
|move|p2a: Overqwil|Crunch|p1a: Pecharunt
|-supereffective|p1a: Pecharunt
|-damage|p1a: Pecharunt|0 fnt
|-damage|p2a: Overqwil|57/100|[from] item: Rocky Helmet|[of] p1a: Pecharunt
|faint|p1a: Pecharunt
|-damage|p2a: Overqwil|48/100|[from] item: Life Orb
|
|-weather|RainDance|[upkeep]
|upkeep
|c|☆erjuanzas|gg
|
|t:|1781089481
|switch|p1a: Slowking|Slowking, F, tera:Steel|61/100
|-damage|p1a: Slowking|55/100|[from] Stealth Rock
|turn|17
|
|t:|1781089485
|move|p2a: Overqwil|Crunch|p1a: Slowking
|-damage|p1a: Slowking|3/100
|-damage|p2a: Overqwil|38/100|[from] item: Life Orb
|move|p1a: Slowking|Scald|p2a: Overqwil
|-damage|p2a: Overqwil|0 fnt
|faint|p2a: Overqwil
|
|-weather|RainDance|[upkeep]
|upkeep
|
|t:|1781089492
|switch|p2a: La Cabra|Barraskewda, M|100/100
|turn|18
|
|t:|1781089497
|switch|p1a: Meowscarada|Meowscarada, M|23/100 par
|-damage|p1a: Meowscarada|11/100 par|[from] Stealth Rock
|move|p2a: La Cabra|Liquidation|p1a: Meowscarada
|-resisted|p1a: Meowscarada
|-crit|p1a: Meowscarada
|-damage|p1a: Meowscarada|0 fnt
|faint|p1a: Meowscarada
|
|-weather|none
|upkeep
|
|t:|1781089501
|switch|p1a: Enamorus|Enamorus, F|100/100
|-damage|p1a: Enamorus|76/100|[from] Stealth Rock
|turn|19
|
|t:|1781089505
|switch|p2a: Pelipas|Pelipper, M, shiny|84/100
|-weather|RainDance|[from] ability: Drizzle|[of] p2a: Pelipas
|move|p1a: Enamorus|Moonblast|p2a: Pelipas
|-damage|p2a: Pelipas|10/100
|-unboost|p2a: Pelipas|spa|1
|
|-weather|RainDance|[upkeep]
|upkeep
|turn|20
|
|t:|1781089511
|move|p1a: Enamorus|Moonblast|p2a: Pelipas
|-damage|p2a: Pelipas|0 fnt
|faint|p2a: Pelipas
|
|-weather|RainDance|[upkeep]
|upkeep
|
|t:|1781089514
|switch|p2a: La Cabra|Barraskewda, M|100/100
|turn|21
|
|t:|1781089518
|-terastallize|p2a: La Cabra|Water
|move|p2a: La Cabra|Liquidation|p1a: Enamorus
|-damage|p1a: Enamorus|0 fnt
|faint|p1a: Enamorus
|
|-weather|RainDance|[upkeep]
|upkeep
|c|☆zxrkawa|gg
|
|t:|1781089524
|switch|p1a: Slowking|Slowking, F, tera:Steel|36/100
|-damage|p1a: Slowking|30/100|[from] Stealth Rock
|turn|22
|
|t:|1781089527
|move|p2a: La Cabra|Liquidation|p1a: Slowking
|-damage|p1a: Slowking|0 fnt
|faint|p1a: Slowking
|
|win|erjuanzas
|raw|zxrkawa's rating: 1564 &rarr; <strong>1542</strong><br />(-22 for losing)
|raw|erjuanzas's rating: 1523 &rarr; <strong>1545</strong><br />(+22 for winning)
|l|☆erjuanzas
|player|p2|
|l|☆zxrkawa
|player|p1|
