|j|☆employment devil
|j|☆goonarmy
|t:|1781569874
|gametype|singles
|player|p1|employment devil|lusamine-nihilego|1683
|player|p2|goonarmy|hiker-gen4|1640
|gen|9
|tier|[Gen 9] OU
|rated|
|rule|HP Percentage Mod: HP is shown in percentages
|rule|Endless Battle Clause: Forcing endless battles is banned
|rule|Species Clause: Limit one of each Pokémon
|rule|OHKO Clause: OHKO moves are banned
|rule|Evasion Items Clause: Evasion items are banned
|rule|Evasion Moves Clause: Evasion moves are banned
|rule|Evasion Abilities Clause: Evasion abilities are banned
|rule|Sleep Moves Clause: Sleep-inducing moves are banned
|clearpoke
|poke|p1|Ting-Lu|
|poke|p1|Clefable, M|
|poke|p1|Pecharunt|
|poke|p1|Garganacl, M|
|poke|p1|Skarmory, F|
|poke|p1|Deoxys-Speed|
|poke|p2|Gholdengo|
|poke|p2|Ting-Lu|
|poke|p2|Zamazenta-*|
|poke|p2|Deoxys-Speed|
|poke|p2|Dragonite, F|
|poke|p2|Clefable, M|
|teampreview
|c|☆employment devil|hf
|j| minhngocsibau
|inactive|Battle timer is ON: inactive players will automatically lose when time's up. (requested by goonarmy)
|j| Concept Everything
|
|t:|1781569900
|teamsize|p1|6
|teamsize|p2|6
|start
|switch|p1a: Skarmory|Skarmory, F|100/100
|switch|p2a: Clefable|Clefable, M|100/100
|turn|1
|
|t:|1781569910
|move|p1a: Skarmory|Spikes|p2a: Clefable
|-sidestart|p2: goonarmy|Spikes
|move|p2a: Clefable|Knock Off|p1a: Skarmory
|-damage|p1a: Skarmory|91/100
|-enditem|p1a: Skarmory|Rocky Helmet|[from] move: Knock Off|[of] p2a: Clefable
|
|upkeep
|turn|2
|
|t:|1781569914
|move|p1a: Skarmory|Spikes|p2a: Clefable
|-sidestart|p2: goonarmy|Spikes
|move|p2a: Clefable|Stealth Rock|p1a: Skarmory
|-sidestart|p1: employment devil|move: Stealth Rock
|
|upkeep
|turn|3
|
|t:|1781569917
|switch|p2a: Ting-Lu|Ting-Lu|100/100
|-damage|p2a: Ting-Lu|84/100|[from] Spikes
|-ability|p2a: Ting-Lu|Vessel of Ruin
|move|p1a: Skarmory|Spikes|p2a: Ting-Lu
|-sidestart|p2: goonarmy|Spikes
|
|upkeep
|turn|4
|
|t:|1781569922
|move|p1a: Skarmory|Body Press|p2a: Ting-Lu
|-supereffective|p2a: Ting-Lu
|-damage|p2a: Ting-Lu|48/100
|-damage|p1a: Skarmory|74/100|[from] item: Rocky Helmet|[of] p2a: Ting-Lu
|move|p2a: Ting-Lu|Spikes|p1a: Skarmory
|-sidestart|p1: employment devil|Spikes
|
|upkeep
|turn|5
|
|t:|1781569931
|move|p1a: Skarmory|Roost|p1a: Skarmory
|-heal|p1a: Skarmory|100/100
|-singleturn|p1a: Skarmory|move: Roost
|move|p2a: Ting-Lu|Spikes|p1a: Skarmory
|-sidestart|p1: employment devil|Spikes
|
|upkeep
|turn|6
|
|t:|1781569934
|move|p1a: Skarmory|Iron Defense|p1a: Skarmory
|-boost|p1a: Skarmory|def|2
|move|p2a: Ting-Lu|Spikes|p1a: Skarmory
|-sidestart|p1: employment devil|Spikes
|
|upkeep
|turn|7
|
|t:|1781569936
|move|p1a: Skarmory|Body Press|p2a: Ting-Lu
|-supereffective|p2a: Ting-Lu
|-damage|p2a: Ting-Lu|0 fnt
|-damage|p1a: Skarmory|84/100|[from] item: Rocky Helmet|[of] p2a: Ting-Lu
|faint|p2a: Ting-Lu
|
|upkeep
|
|t:|1781569941
|switch|p2a: Gholdengo|Gholdengo|100/100
|turn|8
|
|t:|1781569945
|switch|p2a: Zamazenta|Zamazenta|100/100
|-ability|p2a: Zamazenta|Dauntless Shield|boost
|-boost|p2a: Zamazenta|def|1
|switch|p1a: Ting-Lu|Ting-Lu|100/100
|-damage|p1a: Ting-Lu|94/100|[from] Stealth Rock
|-damage|p1a: Ting-Lu|69/100|[from] Spikes
|-ability|p1a: Ting-Lu|Vessel of Ruin
|
|-heal|p1a: Ting-Lu|76/100|[from] item: Leftovers
|upkeep
|turn|9
|
|t:|1781569969
|switch|p2a: Deoxys|Deoxys-Speed|100/100
|-ability|p2a: Deoxys|Pressure
|move|p1a: Ting-Lu|Earthquake|p2a: Deoxys
|-damage|p2a: Deoxys|47/100
|
|-heal|p1a: Ting-Lu|82/100|[from] item: Leftovers
|upkeep
|turn|10
|
|t:|1781569977
|switch|p2a: Zamazenta|Zamazenta|100/100
|move|p1a: Ting-Lu|Earthquake|p2a: Zamazenta
|-damage|p2a: Zamazenta|69/100
|
|-heal|p1a: Ting-Lu|88/100|[from] item: Leftovers
|upkeep
|turn|11
|
|t:|1781569980
|switch|p1a: Pecharunt|Pecharunt|100/100
|move|p2a: Zamazenta|Close Combat|p1a: Pecharunt
|-immune|p1a: Pecharunt
|
|upkeep
|turn|12
|
|t:|1781569992
|switch|p2a: Gholdengo|Gholdengo|100/100
|switch|p1a: Garganacl|Garganacl, M|100/100
|
|upkeep
|turn|13
|j| DA COME UP
|
|t:|1781570004
|-terastallize|p1a: Garganacl|Water
|move|p2a: Gholdengo|Make It Rain|p1a: Garganacl
|-resisted|p1a: Garganacl
|-damage|p1a: Garganacl|79/100
|-unboost|p2a: Gholdengo|spa|1
|move|p1a: Garganacl|Stealth Rock|p2a: Gholdengo
|-sidestart|p2: goonarmy|move: Stealth Rock
|
|upkeep
|turn|14
|
|t:|1781570011
|switch|p2a: Clefable|Clefable, M|100/100
|move|p1a: Garganacl|Salt Cure|p2a: Clefable
|-damage|p2a: Clefable|89/100
|-start|p2a: Clefable|Salt Cure
|
|upkeep
|turn|15
|
|t:|1781570016
|switch|p1a: Clefable|Clefable, M|100/100
|move|p2a: Clefable|Knock Off|p1a: Clefable
|-resisted|p1a: Clefable
|-damage|p1a: Clefable|90/100
|-enditem|p1a: Clefable|Life Orb|[from] move: Knock Off|[of] p2a: Clefable
|
|upkeep
|turn|16
|
|t:|1781570027
|switch|p2a: Gholdengo|Gholdengo|100/100
|move|p1a: Clefable|Knock Off|p2a: Gholdengo
|-supereffective|p2a: Gholdengo
|-damage|p2a: Gholdengo|72/100
|-enditem|p2a: Gholdengo|Heavy-Duty Boots|[from] move: Knock Off|[of] p1a: Clefable
|
|upkeep
|turn|17
|
|t:|1781570035
|switch|p1a: Garganacl|Garganacl, M, tera:Water|79/100
|move|p2a: Gholdengo|Make It Rain|p1a: Garganacl
|-resisted|p1a: Garganacl
|-damage|p1a: Garganacl|57/100
|-unboost|p2a: Gholdengo|spa|1
|
|upkeep
|turn|18
|
|t:|1781570041
|switch|p2a: Deoxys|Deoxys-Speed|47/100
|-ability|p2a: Deoxys|Pressure
|move|p1a: Garganacl|Recover|p1a: Garganacl
|-heal|p1a: Garganacl|100/100
|
|upkeep
|turn|19
|
|t:|1781570045
|switch|p1a: Ting-Lu|Ting-Lu|88/100
|-damage|p1a: Ting-Lu|82/100|[from] Stealth Rock
|-damage|p1a: Ting-Lu|57/100|[from] Spikes
|-ability|p1a: Ting-Lu|Vessel of Ruin
|move|p2a: Deoxys|Thunderbolt|p1a: Ting-Lu
|-immune|p1a: Ting-Lu
|
|-heal|p1a: Ting-Lu|63/100|[from] item: Leftovers
|upkeep
|turn|20
|
|t:|1781570050
|switch|p2a: Zamazenta|Zamazenta|69/100
|move|p1a: Ting-Lu|Whirlwind|p2a: Zamazenta
|drag|p2a: Deoxys|Deoxys-Speed|47/100
|-ability|p2a: Deoxys|Pressure
|
|-heal|p1a: Ting-Lu|69/100|[from] item: Leftovers
|upkeep
|turn|21
|
|t:|1781570056
|move|p2a: Deoxys|Ice Beam|p1a: Ting-Lu
|-supereffective|p1a: Ting-Lu
|-damage|p1a: Ting-Lu|45/100
|move|p1a: Ting-Lu|Earthquake|p2a: Deoxys
|-damage|p2a: Deoxys|0 fnt
|faint|p2a: Deoxys
|
|-heal|p1a: Ting-Lu|51/100|[from] item: Leftovers
|upkeep
|
|t:|1781570061
|switch|p2a: Zamazenta|Zamazenta|69/100
|turn|22
|
|t:|1781570064
|switch|p1a: Pecharunt|Pecharunt|100/100
|-terastallize|p2a: Zamazenta|Dark
|move|p2a: Zamazenta|Crunch|p1a: Pecharunt
|-supereffective|p1a: Pecharunt
|-damage|p1a: Pecharunt|64/100
|
|upkeep
|turn|23
|
|t:|1781570066
|move|p2a: Zamazenta|Crunch|p1a: Pecharunt
|-supereffective|p1a: Pecharunt
|-damage|p1a: Pecharunt|29/100
|move|p1a: Pecharunt|Recover|p1a: Pecharunt
|-heal|p1a: Pecharunt|79/100
|
|upkeep
|turn|24
|
|t:|1781570075
|move|p2a: Zamazenta|Crunch|p1a: Pecharunt
|-supereffective|p1a: Pecharunt
|-damage|p1a: Pecharunt|43/100
|move|p1a: Pecharunt|Recover|p1a: Pecharunt
|-heal|p1a: Pecharunt|93/100
|
|upkeep
|turn|25
|-message|goonarmy forfeited.
|
|win|employment devil
|raw|employment devil's rating: 1683 &rarr; <strong>1701</strong><br />(+18 for winning)
|raw|goonarmy's rating: 1640 &rarr; <strong>1622</strong><br />(-18 for losing)
|l|☆goonarmy
|player|p2|
|l|☆employment devil
|player|p1|
