|j|☆SofteLocke
|j|☆Jsparxs
|t:|1781274385
|gametype|singles
|player|p1|SofteLocke|101|1630
|player|p2|Jsparxs|266|1667
|gen|9
|tier|[Gen 9] OU
|rated|
|rule|HP Percentage Mod: HP is shown in percentages
|rule|Endless Battle Clause: Forcing endless battles is banned
|rule|Species Clause: Limit one of each Pokémon
|rule|OHKO Clause: OHKO moves are banned
|rule|Evasion Items Clause: Evasion items are banned
|rule|Evasion Moves Clause: Evasion moves are banned
|rule|Evasion Abilities Clause: Evasion abilities are banned
|rule|Sleep Moves Clause: Sleep-inducing moves are banned
|clearpoke
|poke|p1|Torkoal, F|
|poke|p1|Hatterene, F|
|poke|p1|Walking Wake|
|poke|p1|Blaziken, M|
|poke|p1|Great Tusk|
|poke|p1|Raging Bolt|
|poke|p2|Great Tusk|
|poke|p2|Zamazenta-*|
|poke|p2|Iron Valiant|
|poke|p2|Gallade, M|
|poke|p2|Kommo-o, M|
|poke|p2|Okidogi, M|
|teampreview
|c|☆Jsparxs|glhf
|
|t:|1781274397
|teamsize|p1|6
|teamsize|p2|6
|start
|switch|p1a: Torkoal|Torkoal, F|100/100
|switch|p2a: Kommo-o|Kommo-o, M|100/100
|-weather|SunnyDay|[from] ability: Drought|[of] p1a: Torkoal
|turn|1
|
|t:|1781274401
|switch|p1a: Hatterene|Hatterene, F|100/100
|move|p2a: Kommo-o|Clangorous Soul|p2a: Kommo-o
|-boost|p2a: Kommo-o|atk|1
|-boost|p2a: Kommo-o|def|1
|-boost|p2a: Kommo-o|spa|1
|-boost|p2a: Kommo-o|spd|1
|-boost|p2a: Kommo-o|spe|1
|-damage|p2a: Kommo-o|68/100
|-enditem|p2a: Kommo-o|Throat Spray
|-boost|p2a: Kommo-o|spa|1|[from] item: Throat Spray
|
|-weather|SunnyDay|[upkeep]
|upkeep
|turn|2
|
|t:|1781274407
|-terastallize|p2a: Kommo-o|Fire
|move|p2a: Kommo-o|Flamethrower|p1a: Hatterene
|-damage|p1a: Hatterene|0 fnt
|faint|p1a: Hatterene
|
|-weather|SunnyDay|[upkeep]
|upkeep
|
|t:|1781274412
|switch|p1a: Walking Wake|Walking Wake|100/100
|-activate|p1a: Walking Wake|ability: Protosynthesis
|-start|p1a: Walking Wake|protosynthesisspe
|turn|3
|
|t:|1781274420
|-terastallize|p1a: Walking Wake|Water
|move|p1a: Walking Wake|Hydro Steam|p2a: Kommo-o
|-supereffective|p2a: Kommo-o
|-damage|p2a: Kommo-o|0 fnt
|faint|p2a: Kommo-o
|
|-weather|SunnyDay|[upkeep]
|upkeep
|
|t:|1781274431
|switch|p2a: Gallade|Gallade, M|100/100
|turn|4
|
|t:|1781274434
|move|p1a: Walking Wake|Hydro Steam|p2a: Gallade
|-damage|p2a: Gallade|34/100
|move|p2a: Gallade|Sacred Sword|p1a: Walking Wake
|-damage|p1a: Walking Wake|19/100
|
|-weather|SunnyDay|[upkeep]
|upkeep
|turn|5
|j| Mikeypledge
|
|t:|1781274442
|move|p1a: Walking Wake|Hydro Steam|p2a: Gallade
|-damage|p2a: Gallade|0 fnt
|faint|p2a: Gallade
|
|-weather|SunnyDay|[upkeep]
|upkeep
|l| Mikeypledge
|
|t:|1781274454
|switch|p2a: Zamazenta|Zamazenta|100/100
|-ability|p2a: Zamazenta|Dauntless Shield|boost
|-boost|p2a: Zamazenta|def|1
|turn|6
|
|t:|1781274457
|move|p1a: Walking Wake|Hydro Steam|p2a: Zamazenta
|-damage|p2a: Zamazenta|0 fnt
|faint|p2a: Zamazenta
|
|-weather|SunnyDay|[upkeep]
|upkeep
|
|t:|1781274459
|switch|p2a: Iron Valiant|Iron Valiant|100/100
|-enditem|p2a: Iron Valiant|Booster Energy
|-activate|p2a: Iron Valiant|ability: Quark Drive|[fromitem]
|-start|p2a: Iron Valiant|quarkdrivespe
|turn|7
|
|t:|1781274472
|move|p2a: Iron Valiant|Moonblast|p1a: Walking Wake
|-damage|p1a: Walking Wake|0 fnt
|faint|p1a: Walking Wake
|-end|p1a: Walking Wake|Protosynthesis|[silent]
|
|-weather|SunnyDay|[upkeep]
|upkeep
|
|t:|1781274480
|switch|p1a: Raging Bolt|Raging Bolt|100/100
|-activate|p1a: Raging Bolt|ability: Protosynthesis
|-start|p1a: Raging Bolt|protosynthesisspa
|turn|8
|
|t:|1781274487
|move|p2a: Iron Valiant|Moonblast|p1a: Raging Bolt
|-supereffective|p1a: Raging Bolt
|-damage|p1a: Raging Bolt|48/100
|-unboost|p1a: Raging Bolt|spa|1
|move|p1a: Raging Bolt|Weather Ball|p2a: Iron Valiant
|-damage|p2a: Iron Valiant|16/100
|
|-weather|none
|-end|p1a: Raging Bolt|Protosynthesis
|upkeep
|turn|9
|
|t:|1781274490
|move|p1a: Raging Bolt|Thunderclap||[still]
|-fail|p1a: Raging Bolt
|move|p2a: Iron Valiant|Destiny Bond|p2a: Iron Valiant
|-singlemove|p2a: Iron Valiant|Destiny Bond
|
|upkeep
|turn|10
|
|t:|1781274493
|move|p1a: Raging Bolt|Thunderclap|p2a: Iron Valiant
|-damage|p2a: Iron Valiant|0 fnt
|faint|p2a: Iron Valiant
|-activate|p2a: Iron Valiant|move: Destiny Bond
|-end|p2a: Iron Valiant|Quark Drive|[silent]
|faint|p1a: Raging Bolt
|-end|p1a: Raging Bolt|Protosynthesis|[silent]
|
|upkeep
|
|t:|1781274501
|switch|p2a: Great Tusk|Great Tusk|100/100
|switch|p1a: Torkoal|Torkoal, F|100/100
|-weather|SunnyDay|[from] ability: Drought|[of] p1a: Torkoal
|-activate|p2a: Great Tusk|ability: Protosynthesis
|-start|p2a: Great Tusk|protosynthesisatk
|turn|11
|
|t:|1781274508
|move|p2a: Great Tusk|Headlong Rush|p1a: Torkoal
|-supereffective|p1a: Torkoal
|-damage|p1a: Torkoal|11/100
|-unboost|p2a: Great Tusk|def|1
|-unboost|p2a: Great Tusk|spd|1
|move|p1a: Torkoal|Will-O-Wisp|p2a: Great Tusk
|-status|p2a: Great Tusk|brn
|
|-weather|SunnyDay|[upkeep]
|-damage|p2a: Great Tusk|94/100 brn|[from] brn
|upkeep
|turn|12
|
|t:|1781274519
|move|p2a: Great Tusk|Rapid Spin|p1a: Torkoal
|-damage|p1a: Torkoal|4/100
|-boost|p2a: Great Tusk|spe|1
|move|p1a: Torkoal|Lava Plume|p2a: Great Tusk
|-damage|p2a: Great Tusk|7/100 brn
|
|-weather|SunnyDay|[upkeep]
|-damage|p2a: Great Tusk|0 fnt|[from] brn
|faint|p2a: Great Tusk
|-end|p2a: Great Tusk|Protosynthesis|[silent]
|upkeep
|
|t:|1781274522
|switch|p2a: Okidogi|Okidogi, M|100/100
|turn|13
|
|t:|1781274526
|move|p2a: Okidogi|Drain Punch|p1a: Torkoal
|-damage|p1a: Torkoal|0 fnt
|faint|p1a: Torkoal
|
|-weather|SunnyDay|[upkeep]
|upkeep
|
|t:|1781274552
|switch|p1a: Great Tusk|Great Tusk|100/100
|-activate|p1a: Great Tusk|ability: Protosynthesis
|-start|p1a: Great Tusk|protosynthesisatk
|turn|14
|
|t:|1781274555
|move|p1a: Great Tusk|Bulk Up|p1a: Great Tusk
|-boost|p1a: Great Tusk|atk|1
|-boost|p1a: Great Tusk|def|1
|move|p2a: Okidogi|Ice Punch|p1a: Great Tusk
|-supereffective|p1a: Great Tusk
|-damage|p1a: Great Tusk|70/100
|
|-weather|SunnyDay|[upkeep]
|upkeep
|turn|15
|
|t:|1781274558
|move|p1a: Great Tusk|Headlong Rush|p2a: Okidogi
|-supereffective|p2a: Okidogi
|-damage|p2a: Okidogi|0 fnt
|-unboost|p1a: Great Tusk|def|1
|-unboost|p1a: Great Tusk|spd|1
|faint|p2a: Okidogi
|
|win|SofteLocke
|raw|SofteLocke's rating: 1630 &rarr; <strong>1652</strong><br />(+22 for winning)
|raw|Jsparxs's rating: 1667 &rarr; <strong>1645</strong><br />(-22 for losing)
|l|☆Jsparxs
|player|p2|
|l|☆SofteLocke
|player|p1|
