|j|☆jimola
|j|☆Mawile442
|t:|1781370304
|gametype|singles
|player|p1|jimola|266|1633
|player|p2|Mawile442|170|1676
|gen|9
|tier|[Gen 9] OU
|rated|
|rule|HP Percentage Mod: HP is shown in percentages
|rule|Endless Battle Clause: Forcing endless battles is banned
|rule|Species Clause: Limit one of each Pokémon
|rule|OHKO Clause: OHKO moves are banned
|rule|Evasion Items Clause: Evasion items are banned
|rule|Evasion Moves Clause: Evasion moves are banned
|rule|Evasion Abilities Clause: Evasion abilities are banned
|rule|Sleep Moves Clause: Sleep-inducing moves are banned
|clearpoke
|poke|p1|Iron Treads|
|poke|p1|Ceruledge, F|
|poke|p1|Iron Thorns|
|poke|p1|Pincurchin, M|
|poke|p1|Iron Valiant|
|poke|p1|Iron Jugulis|
|poke|p2|Tyranitar, F|
|poke|p2|Excadrill, F|
|poke|p2|Ogerpon-Wellspring, F|
|poke|p2|Zamazenta-*|
|poke|p2|Garganacl, F|
|poke|p2|Moltres|
|teampreview
|inactive|Battle timer is ON: inactive players will automatically lose when time's up. (requested by Mawile442)
|inactive|jimola has 120 seconds left.
|j| BiscoitoXDBr
|
|t:|1781370351
|teamsize|p1|6
|teamsize|p2|6
|start
|switch|p1a: Pincurchin|Pincurchin, M|100/100
|switch|p2a: Ogerpon|Ogerpon-Wellspring, F|100/100
|-fieldstart|move: Electric Terrain|[from] ability: Electric Surge|[of] p1a: Pincurchin
|turn|1
|
|t:|1781370363
|switch|p1a: Iron Jugulis|Iron Jugulis|100/100
|-activate|p1a: Iron Jugulis|ability: Quark Drive
|-start|p1a: Iron Jugulis|quarkdrivespe
|move|p2a: Ogerpon|U-turn|p1a: Iron Jugulis
|-damage|p1a: Iron Jugulis|67/100
|
|t:|1781370373
|switch|p2a: Tyranitar|Tyranitar, F, shiny|100/100|[from] U-turn
|-weather|Sandstorm|[from] ability: Sand Stream|[of] p2a: Tyranitar
|
|-weather|Sandstorm|[upkeep]
|-damage|p1a: Iron Jugulis|61/100|[from] Sandstorm
|upkeep
|turn|2
|
|t:|1781370377
|move|p1a: Iron Jugulis|Meteor Beam||[still]
|-prepare|p1a: Iron Jugulis|Meteor Beam
|-boost|p1a: Iron Jugulis|spa|1
|-enditem|p1a: Iron Jugulis|Power Herb
|-anim|p1a: Iron Jugulis|Meteor Beam|p2a: Tyranitar
|-damage|p2a: Tyranitar|62/100
|move|p2a: Tyranitar|Ice Punch|p1a: Iron Jugulis
|-supereffective|p1a: Iron Jugulis
|-damage|p1a: Iron Jugulis|0 fnt
|faint|p1a: Iron Jugulis
|-end|p1a: Iron Jugulis|Quark Drive|[silent]
|
|-weather|Sandstorm|[upkeep]
|upkeep
|
|t:|1781370402
|switch|p1a: Iron Thorns|Iron Thorns|100/100
|-activate|p1a: Iron Thorns|ability: Quark Drive
|-start|p1a: Iron Thorns|quarkdriveatk
|turn|3
|
|t:|1781370419
|switch|p2a: Ogerpon|Ogerpon-Wellspring, F|100/100
|move|p1a: Iron Thorns|Dragon Dance|p1a: Iron Thorns
|-boost|p1a: Iron Thorns|atk|1
|-boost|p1a: Iron Thorns|spe|1
|
|-weather|Sandstorm|[upkeep]
|-damage|p2a: Ogerpon|95/100|[from] Sandstorm
|upkeep
|turn|4
|j| nesnot
|
|t:|1781370430
|switch|p2a: Excadrill|Excadrill, F, shiny|100/100
|move|p1a: Iron Thorns|Thunder Punch|p2a: Excadrill
|-immune|p2a: Excadrill
|
|-weather|Sandstorm|[upkeep]
|upkeep
|turn|5
|
|t:|1781370437
|-terastallize|p1a: Iron Thorns|Bug
|move|p2a: Excadrill|Earthquake|p1a: Iron Thorns
|-resisted|p1a: Iron Thorns
|-damage|p1a: Iron Thorns|74/100
|move|p1a: Iron Thorns|Low Kick|p2a: Excadrill
|-supereffective|p2a: Excadrill
|-damage|p2a: Excadrill|0 fnt
|faint|p2a: Excadrill
|
|-weather|none
|upkeep
|
|t:|1781370445
|switch|p2a: Zamazenta|Zamazenta, shiny|100/100
|-ability|p2a: Zamazenta|Dauntless Shield|boost
|-boost|p2a: Zamazenta|def|1
|turn|6
|
|t:|1781370451
|move|p2a: Zamazenta|Crunch|p1a: Iron Thorns
|-damage|p1a: Iron Thorns|50/100
|move|p1a: Iron Thorns|Thunder Punch|p2a: Zamazenta
|-damage|p2a: Zamazenta|41/100
|
|upkeep
|turn|7
|
|t:|1781370457
|move|p2a: Zamazenta|Crunch|p1a: Iron Thorns
|-damage|p1a: Iron Thorns|28/100
|-unboost|p1a: Iron Thorns|def|1
|move|p1a: Iron Thorns|Thunder Punch|p2a: Zamazenta
|-damage|p2a: Zamazenta|0 fnt
|faint|p2a: Zamazenta
|
|upkeep
|-message|Mawile442 forfeited.
|
|win|jimola
|raw|jimola's rating: 1633 &rarr; <strong>1655</strong><br />(+22 for winning)
|raw|Mawile442's rating: 1676 &rarr; <strong>1654</strong><br />(-22 for losing)
|l|☆Mawile442
|player|p2|
|l| nesnot
|l| BiscoitoXDBr
|j| BiscoitoXDBr
|l| BiscoitoXDBr
