|j|☆ihymyly
|j|☆Mca Player 11
|t:|1781083984
|gametype|singles
|player|p1|ihymyly|1|1597
|player|p2|Mca Player 11|skierf|1560
|gen|9
|tier|[Gen 9] OU
|rated|
|rule|HP Percentage Mod: HP is shown in percentages
|rule|Endless Battle Clause: Forcing endless battles is banned
|rule|Species Clause: Limit one of each Pokémon
|rule|OHKO Clause: OHKO moves are banned
|rule|Evasion Items Clause: Evasion items are banned
|rule|Evasion Moves Clause: Evasion moves are banned
|rule|Evasion Abilities Clause: Evasion abilities are banned
|rule|Sleep Moves Clause: Sleep-inducing moves are banned
|clearpoke
|poke|p1|Pelipper, M|
|poke|p1|Kingdra, M|
|poke|p1|Zapdos|
|poke|p1|Kingambit, F|
|poke|p1|Iron Treads|
|poke|p1|Iron Valiant|
|poke|p2|Deoxys-Speed|
|poke|p2|Iron Moth|
|poke|p2|Zamazenta-*|
|poke|p2|Gholdengo|
|poke|p2|Rillaboom, M|
|poke|p2|Iron Jugulis|
|teampreview
|
|t:|1781083991
|teamsize|p1|6
|teamsize|p2|6
|start
|switch|p1a: Iron Treads|Iron Treads|100/100
|switch|p2a: Iron Jugulis|Iron Jugulis, shiny|100/100
|-enditem|p2a: Iron Jugulis|Booster Energy
|-activate|p2a: Iron Jugulis|ability: Quark Drive|[fromitem]
|-start|p2a: Iron Jugulis|quarkdrivespe
|turn|1
|
|t:|1781084002
|move|p2a: Iron Jugulis|Taunt|p1a: Iron Treads
|-start|p1a: Iron Treads|move: Taunt
|cant|p1a: Iron Treads|move: Taunt|Stealth Rock
|
|upkeep
|turn|2
|j| lord shiddenfards
|
|t:|1781084017
|move|p2a: Iron Jugulis|Knock Off|p1a: Iron Treads
|-damage|p1a: Iron Treads|76/100
|-enditem|p1a: Iron Treads|Leftovers|[from] move: Knock Off|[of] p2a: Iron Jugulis
|move|p1a: Iron Treads|Rapid Spin|p2a: Iron Jugulis
|-damage|p2a: Iron Jugulis|81/100
|-boost|p1a: Iron Treads|spe|1
|
|upkeep
|turn|3
|
|t:|1781084023
|move|p2a: Iron Jugulis|Earth Power|p1a: Iron Treads
|-supereffective|p1a: Iron Treads
|-damage|p1a: Iron Treads|0 fnt
|faint|p1a: Iron Treads
|-end|p1a: Iron Treads|Quark Drive|[silent]
|
|upkeep
|
|t:|1781084029
|switch|p1a: Iron Valiant|Iron Valiant|100/100
|-enditem|p1a: Iron Valiant|Booster Energy
|-activate|p1a: Iron Valiant|ability: Quark Drive|[fromitem]
|-start|p1a: Iron Valiant|quarkdrivespe
|turn|4
|
|t:|1781084032
|-end|p2a: Iron Jugulis|Quark Drive|[silent]
|switch|p2a: Iron Moth|Iron Moth, shiny|100/100
|-enditem|p2a: Iron Moth|Booster Energy
|-activate|p2a: Iron Moth|ability: Quark Drive|[fromitem]
|-start|p2a: Iron Moth|quarkdrivespe
|move|p1a: Iron Valiant|Moonblast|p2a: Iron Moth
|-resisted|p2a: Iron Moth
|-damage|p2a: Iron Moth|89/100
|
|upkeep
|turn|5
|
|t:|1781084040
|-end|p1a: Iron Valiant|Quark Drive|[silent]
|switch|p1a: Pelipper|Pelipper, M|100/100
|-weather|RainDance|[from] ability: Drizzle|[of] p1a: Pelipper
|move|p2a: Iron Moth|Sludge Wave|p1a: Pelipper
|-damage|p1a: Pelipper|33/100
|
|-weather|RainDance|[upkeep]
|upkeep
|turn|6
|
|t:|1781084051
|switch|p1a: Kingambit|Kingambit, F|100/100
|-activate|p1a: Kingambit|ability: Supreme Overlord
|-start|p1a: Kingambit|fallen1|[silent]
|-item|p1a: Kingambit|Air Balloon
|move|p2a: Iron Moth|Sludge Wave|p1a: Kingambit
|-immune|p1a: Kingambit
|
|-weather|RainDance|[upkeep]
|upkeep
|turn|7
|
|t:|1781084058
|move|p2a: Iron Moth|Fiery Dance|p1a: Kingambit
|-supereffective|p1a: Kingambit
|-damage|p1a: Kingambit|64/100
|-enditem|p1a: Kingambit|Air Balloon
|move|p1a: Kingambit|Kowtow Cleave|p2a: Iron Moth
|-damage|p2a: Iron Moth|8/100
|
|-weather|RainDance|[upkeep]
|upkeep
|turn|8
|
|t:|1781084066
|move|p1a: Kingambit|Sucker Punch||[still]
|-fail|p1a: Kingambit
|move|p2a: Iron Moth|Toxic Spikes|p1a: Kingambit
|-sidestart|p1: ihymyly|move: Toxic Spikes
|
|-weather|RainDance|[upkeep]
|upkeep
|turn|9
|
|t:|1781084069
|move|p1a: Kingambit|Sucker Punch||[still]
|-fail|p1a: Kingambit
|move|p2a: Iron Moth|Toxic Spikes|p1a: Kingambit
|-sidestart|p1: ihymyly|move: Toxic Spikes
|
|-weather|RainDance|[upkeep]
|upkeep
|turn|10
|j| liechiteladihul
|
|t:|1781084074
|move|p1a: Kingambit|Sucker Punch|p2a: Iron Moth
|-damage|p2a: Iron Moth|0 fnt
|faint|p2a: Iron Moth
|-end|p2a: Iron Moth|Quark Drive|[silent]
|
|-weather|RainDance|[upkeep]
|upkeep
|
|t:|1781084078
|switch|p2a: Iron Jugulis|Iron Jugulis, shiny|81/100
|turn|11
|
|t:|1781084085
|-end|p1a: Kingambit|fallen1|[silent]
|switch|p1a: Zapdos|Zapdos|100/100
|move|p2a: Iron Jugulis|Hurricane|p1a: Zapdos
|-resisted|p1a: Zapdos
|-damage|p1a: Zapdos|74/100
|-start|p1a: Zapdos|confusion
|
|-weather|RainDance|[upkeep]
|upkeep
|turn|12
|
|t:|1781084092
|move|p2a: Iron Jugulis|Hurricane|p1a: Zapdos
|-resisted|p1a: Zapdos
|-damage|p1a: Zapdos|46/100
|-activate|p1a: Zapdos|confusion
|move|p1a: Zapdos|Thunder|p2a: Iron Jugulis
|-supereffective|p2a: Iron Jugulis
|-damage|p2a: Iron Jugulis|0 fnt
|faint|p2a: Iron Jugulis
|-end|p2a: Iron Jugulis|Quark Drive|[silent]
|
|-weather|none
|upkeep
|
|t:|1781084094
|switch|p2a: Deoxys|Deoxys-Speed|100/100
|-ability|p2a: Deoxys|Pressure
|turn|13
|
|t:|1781084099
|move|p2a: Deoxys|Stealth Rock|p1a: Zapdos
|-sidestart|p1: ihymyly|move: Stealth Rock
|-activate|p1a: Zapdos|confusion
|move|p1a: Zapdos|U-turn|p2a: Deoxys
|-supereffective|p2a: Deoxys
|-damage|p2a: Deoxys|68/100
|-damage|p1a: Zapdos|30/100|[from] item: Rocky Helmet|[of] p2a: Deoxys
|
|t:|1781084111
|switch|p1a: Kingambit|Kingambit, F|64/100|[from] U-turn
|-damage|p1a: Kingambit|58/100|[from] Stealth Rock
|-activate|p1a: Kingambit|ability: Supreme Overlord
|-start|p1a: Kingambit|fallen1|[silent]
|
|upkeep
|turn|14
|
|t:|1781084115
|move|p2a: Deoxys|Taunt|p1a: Kingambit
|-start|p1a: Kingambit|move: Taunt
|move|p1a: Kingambit|Iron Head|p2a: Deoxys
|-damage|p2a: Deoxys|6/100
|-damage|p1a: Kingambit|41/100|[from] item: Rocky Helmet|[of] p2a: Deoxys
|
|upkeep
|turn|15
|
|t:|1781084119
|move|p2a: Deoxys|Spikes|p1a: Kingambit
|-sidestart|p1: ihymyly|Spikes
|move|p1a: Kingambit|Kowtow Cleave|p2a: Deoxys
|-supereffective|p2a: Deoxys
|-damage|p2a: Deoxys|0 fnt
|-damage|p1a: Kingambit|25/100|[from] item: Rocky Helmet|[of] p2a: Deoxys
|faint|p2a: Deoxys
|
|upkeep
|
|t:|1781084124
|switch|p2a: Zamazenta|Zamazenta, shiny|100/100
|-ability|p2a: Zamazenta|Dauntless Shield|boost
|-boost|p2a: Zamazenta|def|1
|turn|16
|
|t:|1781084131
|move|p2a: Zamazenta|Close Combat|p1a: Kingambit
|-supereffective|p1a: Kingambit
|-damage|p1a: Kingambit|0 fnt
|-unboost|p2a: Zamazenta|def|1
|-unboost|p2a: Zamazenta|spd|1
|faint|p1a: Kingambit
|-end|p1a: Kingambit|fallen1|[silent]
|
|upkeep
|
|t:|1781084136
|switch|p1a: Iron Valiant|Iron Valiant|100/100
|-status|p1a: Iron Valiant|tox
|-damage|p1a: Iron Valiant|94/100 tox|[from] Stealth Rock
|-damage|p1a: Iron Valiant|82/100 tox|[from] Spikes
|turn|17
|
|t:|1781084140
|switch|p2a: Gholdengo|Gholdengo, shiny|100/100
|move|p1a: Iron Valiant|Knock Off|p2a: Gholdengo
|-supereffective|p2a: Gholdengo
|-damage|p2a: Gholdengo|43/100
|-enditem|p2a: Gholdengo|Grassy Seed|[from] move: Knock Off|[of] p1a: Iron Valiant
|
|-damage|p1a: Iron Valiant|76/100 tox|[from] psn
|upkeep
|turn|18
|
|t:|1781084144
|move|p1a: Iron Valiant|Knock Off|p2a: Gholdengo
|-supereffective|p2a: Gholdengo
|-damage|p2a: Gholdengo|9/100
|move|p2a: Gholdengo|Recover|p2a: Gholdengo
|-heal|p2a: Gholdengo|59/100
|
|-damage|p1a: Iron Valiant|63/100 tox|[from] psn
|upkeep
|turn|19
|
|t:|1781084148
|move|p1a: Iron Valiant|Knock Off|p2a: Gholdengo
|-supereffective|p2a: Gholdengo
|-damage|p2a: Gholdengo|26/100
|move|p2a: Gholdengo|Recover|p2a: Gholdengo
|-heal|p2a: Gholdengo|77/100
|
|-damage|p1a: Iron Valiant|44/100 tox|[from] psn
|upkeep
|turn|20
|
|t:|1781084150
|move|p1a: Iron Valiant|Knock Off|p2a: Gholdengo
|-supereffective|p2a: Gholdengo
|-damage|p2a: Gholdengo|38/100
|move|p2a: Gholdengo|Recover|p2a: Gholdengo
|-heal|p2a: Gholdengo|89/100
|
|-damage|p1a: Iron Valiant|20/100 tox|[from] psn
|upkeep
|turn|21
|
|t:|1781084153
|-end|p1a: Iron Valiant|Quark Drive|[silent]
|switch|p1a: Pelipper|Pelipper, M|33/100
|-damage|p1a: Pelipper|8/100|[from] Stealth Rock
|-weather|RainDance|[from] ability: Drizzle|[of] p1a: Pelipper
|move|p2a: Gholdengo|Recover|p2a: Gholdengo
|-heal|p2a: Gholdengo|100/100
|
|-weather|RainDance|[upkeep]
|upkeep
|turn|22
|
|t:|1781084156
|move|p2a: Gholdengo|Shadow Ball|p1a: Pelipper
|-damage|p1a: Pelipper|0 fnt
|faint|p1a: Pelipper
|
|-weather|RainDance|[upkeep]
|upkeep
|
|t:|1781084162
|switch|p1a: Iron Valiant|Iron Valiant|20/100 tox
|-damage|p1a: Iron Valiant|13/100 tox|[from] Stealth Rock
|-damage|p1a: Iron Valiant|1/100 tox|[from] Spikes
|turn|23
|
|t:|1781084165
|move|p1a: Iron Valiant|Knock Off|p2a: Gholdengo
|-supereffective|p2a: Gholdengo
|-damage|p2a: Gholdengo|62/100
|move|p2a: Gholdengo|Recover|p2a: Gholdengo
|-heal|p2a: Gholdengo|100/100
|
|-weather|RainDance|[upkeep]
|-damage|p1a: Iron Valiant|0 fnt|[from] psn
|faint|p1a: Iron Valiant
|-end|p1a: Iron Valiant|Quark Drive|[silent]
|upkeep
|
|t:|1781084168
|switch|p1a: Kingdra|Kingdra, M|100/100
|-status|p1a: Kingdra|tox
|-damage|p1a: Kingdra|88/100 tox|[from] Stealth Rock
|-damage|p1a: Kingdra|76/100 tox|[from] Spikes
|turn|24
|
|t:|1781084173
|-terastallize|p2a: Gholdengo|Water
|move|p1a: Kingdra|Weather Ball|p2a: Gholdengo
|-resisted|p2a: Gholdengo
|-damage|p2a: Gholdengo|68/100
|move|p2a: Gholdengo|Shadow Ball|p1a: Kingdra
|-damage|p1a: Kingdra|30/100 tox
|
|-weather|RainDance|[upkeep]
|-damage|p1a: Kingdra|24/100 tox|[from] psn
|upkeep
|turn|25
|
|t:|1781084179
|move|p1a: Kingdra|Weather Ball|p2a: Gholdengo
|-resisted|p2a: Gholdengo
|-damage|p2a: Gholdengo|34/100
|move|p2a: Gholdengo|Recover|p2a: Gholdengo
|-heal|p2a: Gholdengo|84/100
|
|-weather|RainDance|[upkeep]
|-damage|p1a: Kingdra|12/100 tox|[from] psn
|upkeep
|turn|26
|
|t:|1781084183
|move|p1a: Kingdra|Weather Ball|p2a: Gholdengo
|-resisted|p2a: Gholdengo
|-damage|p2a: Gholdengo|51/100
|move|p2a: Gholdengo|Shadow Ball|p1a: Kingdra
|-damage|p1a: Kingdra|0 fnt
|faint|p1a: Kingdra
|
|-weather|RainDance|[upkeep]
|upkeep
|l| liechiteladihul
|
|t:|1781084185
|switch|p1a: Zapdos|Zapdos|30/100
|turn|27
|
|t:|1781084187
|move|p1a: Zapdos|Roost|p1a: Zapdos
|-heal|p1a: Zapdos|80/100
|-singleturn|p1a: Zapdos|move: Roost
|move|p2a: Gholdengo|Shadow Ball|p1a: Zapdos
|-damage|p1a: Zapdos|46/100
|
|-weather|RainDance|[upkeep]
|upkeep
|turn|28
|
|t:|1781084192
|move|p1a: Zapdos|Roost|p1a: Zapdos
|-heal|p1a: Zapdos|96/100
|-singleturn|p1a: Zapdos|move: Roost
|move|p2a: Gholdengo|Shadow Ball|p1a: Zapdos
|-damage|p1a: Zapdos|60/100
|
|-weather|none
|upkeep
|turn|29
|
|t:|1781084195
|move|p1a: Zapdos|Thunder|p2a: Gholdengo
|-supereffective|p2a: Gholdengo
|-damage|p2a: Gholdengo|0 fnt
|faint|p2a: Gholdengo
|
|upkeep
|
|t:|1781084197
|switch|p2a: Zamazenta|Zamazenta, shiny|100/100
|turn|30
|
|t:|1781084203
|move|p2a: Zamazenta|Stone Edge|p1a: Zapdos
|-supereffective|p1a: Zapdos
|-damage|p1a: Zapdos|0 fnt
|faint|p1a: Zapdos
|
|win|Mca Player 11
|raw|ihymyly's rating: 1597 &rarr; <strong>1575</strong><br />(-22 for losing)
|raw|Mca Player 11's rating: 1560 &rarr; <strong>1582</strong><br />(+22 for winning)
|l|☆ihymyly
|player|p1|
|l|☆Mca Player 11
|player|p2|
|l| lord shiddenfards
