|j|☆drop a baby
|j|☆18dabloons
|t:|1781319477
|gametype|singles
|player|p1|drop a baby|chase|1732
|player|p2|18dabloons|caitlin|1687
|gen|9
|tier|[Gen 9] OU
|rated|
|rule|HP Percentage Mod: HP is shown in percentages
|rule|Endless Battle Clause: Forcing endless battles is banned
|rule|Species Clause: Limit one of each Pokémon
|rule|OHKO Clause: OHKO moves are banned
|rule|Evasion Items Clause: Evasion items are banned
|rule|Evasion Moves Clause: Evasion moves are banned
|rule|Evasion Abilities Clause: Evasion abilities are banned
|rule|Sleep Moves Clause: Sleep-inducing moves are banned
|clearpoke
|poke|p1|Enamorus, F|
|poke|p1|Dragapult, M|
|poke|p1|Iron Valiant|
|poke|p1|Gholdengo|
|poke|p1|Iron Treads|
|poke|p1|Kingambit, M|
|poke|p2|Ursaluna, F|
|poke|p2|Rillaboom, F|
|poke|p2|Zamazenta-*|
|poke|p2|Cinderace, F|
|poke|p2|Hatterene, F|
|poke|p2|Toxapex, M|
|teampreview
|
|t:|1781319501
|teamsize|p1|6
|teamsize|p2|6
|start
|switch|p1a: Enamorus|Enamorus, F|100/100
|switch|p2a: Rillaboom|Rillaboom, F|100/100
|-fieldstart|move: Grassy Terrain|[from] ability: Grassy Surge|[of] p2a: Rillaboom
|turn|1
|
|t:|1781319507
|switch|p2a: Toxapex|Toxapex, M|100/100
|move|p1a: Enamorus|Substitute|p1a: Enamorus
|-start|p1a: Enamorus|Substitute
|-damage|p1a: Enamorus|76/100
|
|-heal|p1a: Enamorus|82/100|[from] item: Leftovers
|upkeep
|turn|2
|
|t:|1781319509
|move|p1a: Enamorus|Calm Mind|p1a: Enamorus
|-boost|p1a: Enamorus|spa|1
|-boost|p1a: Enamorus|spd|1
|move|p2a: Toxapex|Poison Jab|p1a: Enamorus
|-supereffective|p1a: Enamorus
|-end|p1a: Enamorus|Substitute
|
|-heal|p1a: Enamorus|88/100|[from] item: Leftovers
|upkeep
|turn|3
|j| mak7xr
|
|t:|1781319515
|move|p1a: Enamorus|Earth Power|p2a: Toxapex
|-supereffective|p2a: Toxapex
|-damage|p2a: Toxapex|44/100
|-enditem|p2a: Toxapex|Eject Button
|
|t:|1781319538
|switch|p2a: Zamazenta|Zamazenta|100/100
|-ability|p2a: Zamazenta|Dauntless Shield|boost
|-boost|p2a: Zamazenta|def|1
|
|-heal|p1a: Enamorus|94/100|[from] item: Leftovers
|upkeep
|turn|4
|
|t:|1781319547
|switch|p1a: Dragapult|Dragapult, M|100/100
|move|p2a: Zamazenta|Heavy Slam|p1a: Dragapult
|-damage|p1a: Dragapult|39/100
|-damage|p2a: Zamazenta|91/100|[from] item: Life Orb
|
|-heal|p1a: Dragapult|45/100|[from] Grassy Terrain
|-heal|p2a: Zamazenta|97/100|[from] Grassy Terrain
|upkeep
|turn|5
|
|t:|1781319560
|switch|p1a: Enamorus|Enamorus, F|94/100
|switch|p2a: Ursaluna|Ursaluna, F|100/100
|
|-heal|p1a: Enamorus|100/100|[from] item: Leftovers
|-fieldend|move: Grassy Terrain
|-status|p2a: Ursaluna|brn|[from] item: Flame Orb
|upkeep
|turn|6
|
|t:|1781319569
|switch|p1a: Iron Treads|Iron Treads|100/100
|-enditem|p1a: Iron Treads|Booster Energy
|-activate|p1a: Iron Treads|ability: Quark Drive|[fromitem]
|-start|p1a: Iron Treads|quarkdrivespe
|move|p2a: Ursaluna|Fire Punch|p1a: Iron Treads
|-supereffective|p1a: Iron Treads
|-damage|p1a: Iron Treads|31/100
|
|-damage|p2a: Ursaluna|94/100 brn|[from] brn
|upkeep
|turn|7
|
|t:|1781319582
|move|p1a: Iron Treads|Stealth Rock|p2a: Ursaluna
|-sidestart|p2: 18dabloons|move: Stealth Rock
|move|p2a: Ursaluna|Facade|p1a: Iron Treads
|-resisted|p1a: Iron Treads
|-damage|p1a: Iron Treads|0 fnt
|faint|p1a: Iron Treads
|-end|p1a: Iron Treads|Quark Drive|[silent]
|
|-damage|p2a: Ursaluna|88/100 brn|[from] brn
|upkeep
|
|t:|1781319588
|switch|p1a: Iron Valiant|Iron Valiant|100/100
|-enditem|p1a: Iron Valiant|Booster Energy
|-activate|p1a: Iron Valiant|ability: Quark Drive|[fromitem]
|-start|p1a: Iron Valiant|quarkdrivespe
|turn|8
|
|t:|1781319603
|move|p1a: Iron Valiant|Close Combat|p2a: Ursaluna
|-supereffective|p2a: Ursaluna
|-crit|p2a: Ursaluna
|-damage|p2a: Ursaluna|0 fnt
|-unboost|p1a: Iron Valiant|def|1
|-unboost|p1a: Iron Valiant|spd|1
|faint|p2a: Ursaluna
|
|upkeep
|
|t:|1781319630
|switch|p2a: Toxapex|Toxapex, M|77/100
|-damage|p2a: Toxapex|65/100|[from] Stealth Rock
|turn|9
|
|t:|1781319638
|-end|p1a: Iron Valiant|Quark Drive|[silent]
|switch|p1a: Gholdengo|Gholdengo|100/100
|-item|p1a: Gholdengo|Air Balloon
|switch|p2a: Rillaboom|Rillaboom, F|100/100
|-fieldstart|move: Grassy Terrain|[from] ability: Grassy Surge|[of] p2a: Rillaboom
|
|upkeep
|turn|10
|
|t:|1781319647
|move|p1a: Gholdengo|Make It Rain|p2a: Rillaboom
|-damage|p2a: Rillaboom|30/100
|-unboost|p1a: Gholdengo|spa|1
|move|p2a: Rillaboom|U-turn|p1a: Gholdengo
|-resisted|p1a: Gholdengo
|-crit|p1a: Gholdengo
|-damage|p1a: Gholdengo|89/100
|-enditem|p1a: Gholdengo|Air Balloon
|
|t:|1781319677
|switch|p2a: Hatterene|Hatterene, F|100/100|[from] U-turn
|-damage|p2a: Hatterene|88/100|[from] Stealth Rock
|-enditem|p2a: Hatterene|Grassy Seed
|-boost|p2a: Hatterene|def|1|[from] item: Grassy Seed
|
|-heal|p1a: Gholdengo|95/100|[from] Grassy Terrain
|-heal|p2a: Hatterene|94/100|[from] Grassy Terrain
|upkeep
|turn|11
|
|t:|1781319684
|-terastallize|p2a: Hatterene|Water
|move|p1a: Gholdengo|Nasty Plot|p1a: Gholdengo
|-boost|p1a: Gholdengo|spa|2
|move|p2a: Hatterene|Calm Mind|p2a: Hatterene
|-boost|p2a: Hatterene|spa|1
|-boost|p2a: Hatterene|spd|1
|
|-heal|p1a: Gholdengo|100/100|[from] Grassy Terrain
|-heal|p2a: Hatterene|99/100|[from] Grassy Terrain
|upkeep
|turn|12
|
|t:|1781319691
|move|p1a: Gholdengo|Nasty Plot|p1a: Gholdengo
|-boost|p1a: Gholdengo|spa|2
|move|p2a: Hatterene|Calm Mind|p2a: Hatterene
|-boost|p2a: Hatterene|spa|1
|-boost|p2a: Hatterene|spd|1
|
|-heal|p2a: Hatterene|100/100|[from] Grassy Terrain
|upkeep
|turn|13
|
|t:|1781319700
|move|p1a: Gholdengo|Shadow Ball|p2a: Hatterene
|-damage|p2a: Hatterene|42/100
|-unboost|p2a: Hatterene|spd|1
|move|p2a: Hatterene|Draining Kiss|p1a: Gholdengo
|-resisted|p1a: Gholdengo
|-damage|p1a: Gholdengo|74/100
|-heal|p2a: Hatterene|62/100|[from] drain|[of] p1a: Gholdengo
|
|-heal|p1a: Gholdengo|80/100|[from] Grassy Terrain
|-heal|p2a: Hatterene|68/100|[from] Grassy Terrain
|-fieldend|move: Grassy Terrain
|upkeep
|turn|14
|j| HITMAN9191
|l| HITMAN9191
|
|t:|1781319711
|move|p1a: Gholdengo|Shadow Ball|p2a: Hatterene
|-damage|p2a: Hatterene|0 fnt
|faint|p2a: Hatterene
|
|upkeep
|
|t:|1781319719
|switch|p2a: Cinderace|Cinderace, F|100/100
|turn|15
|
|t:|1781319724
|-terastallize|p1a: Gholdengo|Water
|move|p2a: Cinderace|Pyro Ball|p1a: Gholdengo
|-resisted|p1a: Gholdengo
|-damage|p1a: Gholdengo|49/100
|move|p1a: Gholdengo|Shadow Ball|p2a: Cinderace
|-damage|p2a: Cinderace|0 fnt
|faint|p2a: Cinderace
|
|upkeep
|
|t:|1781319733
|switch|p2a: Zamazenta|Zamazenta|97/100
|-damage|p2a: Zamazenta|91/100|[from] Stealth Rock
|turn|16
|
|t:|1781319743
|switch|p1a: Enamorus|Enamorus, F|100/100
|move|p2a: Zamazenta|Crunch|p1a: Enamorus
|-resisted|p1a: Enamorus
|-damage|p1a: Enamorus|71/100
|-damage|p2a: Zamazenta|81/100|[from] item: Life Orb
|
|-heal|p1a: Enamorus|78/100|[from] item: Leftovers
|upkeep
|turn|17
|
|t:|1781319752
|switch|p1a: Gholdengo|Gholdengo, tera:Water|49/100
|move|p2a: Zamazenta|Heavy Slam|p1a: Gholdengo
|-resisted|p1a: Gholdengo
|-damage|p1a: Gholdengo|18/100
|-damage|p2a: Zamazenta|71/100|[from] item: Life Orb
|
|upkeep
|turn|18
|
|t:|1781319759
|move|p2a: Zamazenta|Crunch|p1a: Gholdengo
|-damage|p1a: Gholdengo|0 fnt
|faint|p1a: Gholdengo
|-damage|p2a: Zamazenta|61/100|[from] item: Life Orb
|
|upkeep
|
|t:|1781319761
|switch|p1a: Dragapult|Dragapult, M|45/100
|turn|19
|
|t:|1781319767
|switch|p1a: Kingambit|Kingambit, M|100/100
|-activate|p1a: Kingambit|ability: Supreme Overlord
|-start|p1a: Kingambit|fallen2|[silent]
|switch|p2a: Rillaboom|Rillaboom, F|30/100
|-fieldstart|move: Grassy Terrain|[from] ability: Grassy Surge|[of] p2a: Rillaboom
|
|-heal|p2a: Rillaboom|37/100|[from] Grassy Terrain
|upkeep
|turn|20
|
|t:|1781319769
|move|p1a: Kingambit|Sucker Punch|p2a: Rillaboom
|-damage|p2a: Rillaboom|0 fnt
|faint|p2a: Rillaboom
|
|upkeep
|
|t:|1781319776
|switch|p2a: Zamazenta|Zamazenta|61/100
|-damage|p2a: Zamazenta|55/100|[from] Stealth Rock
|turn|21
|
|t:|1781319782
|-end|p1a: Kingambit|fallen2|[silent]
|switch|p1a: Iron Valiant|Iron Valiant|100/100
|move|p2a: Zamazenta|Crunch|p1a: Iron Valiant
|-resisted|p1a: Iron Valiant
|-damage|p1a: Iron Valiant|87/100
|-damage|p2a: Zamazenta|45/100|[from] item: Life Orb
|
|-heal|p2a: Zamazenta|51/100|[from] Grassy Terrain
|-heal|p1a: Iron Valiant|94/100|[from] Grassy Terrain
|upkeep
|turn|22
|
|t:|1781319788
|-end|p1a: Iron Valiant|Quark Drive|[silent]
|switch|p1a: Kingambit|Kingambit, M|100/100
|-activate|p1a: Kingambit|ability: Supreme Overlord
|-start|p1a: Kingambit|fallen2|[silent]
|move|p2a: Zamazenta|Heavy Slam|p1a: Kingambit
|-resisted|p1a: Kingambit
|-damage|p1a: Kingambit|93/100
|-damage|p2a: Zamazenta|41/100|[from] item: Life Orb
|
|-heal|p2a: Zamazenta|48/100|[from] Grassy Terrain
|-heal|p1a: Kingambit|99/100|[from] Grassy Terrain
|upkeep
|turn|23
|
|t:|1781319794
|-end|p1a: Kingambit|fallen2|[silent]
|switch|p1a: Iron Valiant|Iron Valiant|94/100
|move|p2a: Zamazenta|Close Combat|p1a: Iron Valiant
|-resisted|p1a: Iron Valiant
|-damage|p1a: Iron Valiant|40/100
|-unboost|p2a: Zamazenta|def|1
|-unboost|p2a: Zamazenta|spd|1
|-damage|p2a: Zamazenta|38/100|[from] item: Life Orb
|
|-heal|p2a: Zamazenta|44/100|[from] Grassy Terrain
|-heal|p1a: Iron Valiant|46/100|[from] Grassy Terrain
|-fieldend|move: Grassy Terrain
|upkeep
|turn|24
|
|t:|1781319803
|move|p2a: Zamazenta|Crunch|p1a: Iron Valiant
|-resisted|p1a: Iron Valiant
|-damage|p1a: Iron Valiant|33/100
|-damage|p2a: Zamazenta|34/100|[from] item: Life Orb
|move|p1a: Iron Valiant|Spirit Break|p2a: Zamazenta
|-supereffective|p2a: Zamazenta
|-damage|p2a: Zamazenta|0 fnt
|faint|p2a: Zamazenta
|
|upkeep
|-message|18dabloons forfeited.
|
|win|drop a baby
|raw|drop a baby's rating: 1732 &rarr; <strong>1749</strong><br />(+17 for winning)
|raw|18dabloons's rating: 1687 &rarr; <strong>1670</strong><br />(-17 for losing)
|l|☆18dabloons
|player|p2|
|l| mak7xr
