|j|☆pepinoloko
|j|☆rombizoid
|t:|1780954846
|gametype|singles
|player|p1|pepinoloko|byron|1566
|player|p2|rombizoid|265|1616
|gen|9
|tier|[Gen 9] OU
|rated|
|rule|HP Percentage Mod: HP is shown in percentages
|rule|Endless Battle Clause: Forcing endless battles is banned
|rule|Species Clause: Limit one of each Pokémon
|rule|OHKO Clause: OHKO moves are banned
|rule|Evasion Items Clause: Evasion items are banned
|rule|Evasion Moves Clause: Evasion moves are banned
|rule|Evasion Abilities Clause: Evasion abilities are banned
|rule|Sleep Moves Clause: Sleep-inducing moves are banned
|clearpoke
|poke|p1|Zoroark-Hisui, M|
|poke|p1|Cinderace, F|
|poke|p1|Araquanid, F|
|poke|p1|Breloom, F|
|poke|p1|Hydrapple, F|
|poke|p1|Grimmsnarl, M|
|poke|p2|Alomomola, M|
|poke|p2|Ogerpon, F|
|poke|p2|Dragonite, M|
|poke|p2|Kyurem|
|poke|p2|Slowking-Galar, F|
|poke|p2|Iron Treads|
|teampreview
|inactive|Battle timer is ON: inactive players will automatically lose when time's up. (requested by rombizoid)
|
|t:|1780954893
|teamsize|p1|6
|teamsize|p2|6
|start
|switch|p1a: Breloom|Breloom, F|100/100
|switch|p2a: Iron Treads|Iron Treads|100/100
|turn|1
|
|t:|1780954902
|move|p2a: Iron Treads|Ice Spinner|p1a: Breloom
|-supereffective|p1a: Breloom
|-damage|p1a: Breloom|25/100
|move|p1a: Breloom|Swords Dance|p1a: Breloom
|-boost|p1a: Breloom|atk|2
|
|upkeep
|turn|2
|
|t:|1780954908
|-end|p2a: Iron Treads|Quark Drive|[silent]
|switch|p2a: Dragonite|Dragonite, M|100/100
|move|p1a: Breloom|Mach Punch|p2a: Dragonite
|-resisted|p2a: Dragonite
|-crit|p2a: Dragonite
|-damage|p2a: Dragonite|66/100
|-damage|p1a: Breloom|15/100|[from] item: Life Orb
|
|upkeep
|turn|3
|
|t:|1780954915
|move|p2a: Dragonite|Extreme Speed|p1a: Breloom
|-damage|p1a: Breloom|0 fnt
|faint|p1a: Breloom
|
|upkeep
|
|t:|1780954919
|switch|p1a: Araquanid|Araquanid, F|100/100
|turn|4
|
|t:|1780954931
|move|p1a: Araquanid|Shadow Ball|p2a: Dragonite
|-damage|p2a: Dragonite|0 fnt
|faint|p2a: Dragonite
|
|upkeep
|
|t:|1780954946
|switch|p2a: Iron Treads|Iron Treads|100/100
|turn|5
|
|t:|1780954950
|switch|p1a: Hydrapple|Hydrapple, F|100/100
|move|p2a: Iron Treads|Knock Off|p1a: Hydrapple
|-damage|p1a: Hydrapple|85/100
|-damage|p2a: Iron Treads|84/100|[from] item: Rocky Helmet|[of] p1a: Hydrapple
|-enditem|p1a: Hydrapple|Rocky Helmet|[from] move: Knock Off|[of] p2a: Iron Treads
|
|upkeep
|turn|6
|
|t:|1780954953
|move|p2a: Iron Treads|Ice Spinner|p1a: Hydrapple
|-supereffective|p1a: Hydrapple
|-damage|p1a: Hydrapple|33/100
|move|p1a: Hydrapple|Earth Power|p2a: Iron Treads
|-supereffective|p2a: Iron Treads
|-damage|p2a: Iron Treads|20/100
|
|upkeep
|turn|7
|
|t:|1780954959
|switch|p1a: U-Turn from sin|Cinderace, F|100/100
|move|p2a: Iron Treads|Ice Spinner|p1a: U-Turn from sin
|-resisted|p1a: U-Turn from sin
|-damage|p1a: U-Turn from sin|84/100
|
|upkeep
|turn|8
|
|t:|1780954964
|-end|p2a: Iron Treads|Quark Drive|[silent]
|switch|p2a: Alomomola|Alomomola, M|100/100
|move|p1a: U-Turn from sin|Pyro Ball|p2a: Alomomola
|-resisted|p2a: Alomomola
|-damage|p2a: Alomomola|84/100
|
|upkeep
|turn|9
|
|t:|1780954969
|move|p1a: U-Turn from sin|U-turn|p2a: Alomomola
|-start|p1a: U-Turn from sin|typechange|Bug|[from] ability: Libero
|-damage|p2a: Alomomola|63/100
|
|t:|1780954975
|switch|p1a: Araquanid|Araquanid, F|100/100|[from] U-turn
|move|p2a: Alomomola|Flip Turn|p1a: Araquanid
|-resisted|p1a: Araquanid
|-damage|p1a: Araquanid|92/100
|
|t:|1780954979
|switch|p2a: Ogerpon|Ogerpon, F|100/100|[from] Flip Turn
|
|-heal|p1a: Araquanid|98/100|[from] item: Leftovers
|upkeep
|turn|10
|
|t:|1780954985
|-terastallize|p2a: Ogerpon|Grass
|detailschange|p2a: Ogerpon|Ogerpon-Teal-Tera, F, tera:Grass
|-ability|p2a: Ogerpon|Embody Aspect (Teal)|boost
|-boost|p2a: Ogerpon|spe|1
|move|p2a: Ogerpon|Ivy Cudgel|p1a: Araquanid
|-damage|p1a: Araquanid|0 fnt
|faint|p1a: Araquanid
|
|upkeep
|
|t:|1780954996
|switch|p1a: U-Turn from sin|Cinderace, F|84/100
|turn|11
|
|t:|1780955001
|switch|p2a: Alomomola|Alomomola, M|97/100
|move|p1a: U-Turn from sin|U-turn|p2a: Alomomola
|-start|p1a: U-Turn from sin|typechange|Bug|[from] ability: Libero
|-damage|p2a: Alomomola|78/100
|
|t:|1780955004
|switch|p1a: U-Turn from sin|Cinderace, F|100/100|[from] U-turn
|
|upkeep
|turn|12
|
|t:|1780955009
|move|p2a: Alomomola|Protect|p2a: Alomomola
|-singleturn|p2a: Alomomola|Protect
|move|p1a: U-Turn from sin|Hyper Voice|p2a: Alomomola
|-activate|p2a: Alomomola|move: Protect
|
|upkeep
|turn|13
|
|t:|1780955015
|switch|p2a: Slowking|Slowking-Galar, F|100/100
|move|p1a: U-Turn from sin|Hyper Voice|p2a: Slowking
|-damage|p2a: Slowking|63/100
|
|upkeep
|turn|14
|
|t:|1780955025
|move|p1a: U-Turn from sin|Hyper Voice|p2a: Slowking
|-damage|p2a: Slowking|21/100
|-prepare|p2a: Slowking|Chilly Reception|[premajor]
|move|p2a: Slowking|Chilly Reception|p2a: Slowking
|-weather|Snowscape
|
|t:|1780955028
|switch|p2a: Ogerpon|Ogerpon-Teal-Tera, F, tera:Grass|100/100|[from] Chilly Reception
|-ability|p2a: Ogerpon|Embody Aspect (Teal)|boost
|-boost|p2a: Ogerpon|spe|1
|
|-weather|Snowscape|[upkeep]
|upkeep
|turn|15
|
|t:|1780955034
|switch|p1a: Hydrapple|Hydrapple, F|66/100
|move|p2a: Ogerpon|U-turn|p1a: Hydrapple
|-supereffective|p1a: Hydrapple
|-damage|p1a: Hydrapple|31/100
|
|t:|1780955037
|switch|p2a: Kyurem|Kyurem|100/100|[from] U-turn
|-ability|p2a: Kyurem|Pressure
|
|-weather|Snowscape|[upkeep]
|upkeep
|turn|16
|
|t:|1780955040
|switch|p1a: Love has a name|Grimmsnarl, M|100/100
|move|p2a: Kyurem|Blizzard|p1a: Love has a name
|-damage|p1a: Love has a name|11/100
|-status|p1a: Love has a name|frz
|
|-weather|Snowscape|[upkeep]
|upkeep
|turn|17
|-message|pepinoloko forfeited.
|
|win|rombizoid
|raw|pepinoloko's rating: 1566 &rarr; <strong>1549</strong><br />(-17 for losing)
|raw|rombizoid's rating: 1616 &rarr; <strong>1633</strong><br />(+17 for winning)
|l|☆pepinoloko
|player|p1|
|l|☆rombizoid
|player|p2|
