|j|☆The real kurt tay
|j|☆reallydumb
|t:|1781080745
|gametype|singles
|player|p1|The real kurt tay|2|1651
|player|p2|reallydumb|emmet|1547
|gen|9
|tier|[Gen 9] OU
|rated|
|rule|HP Percentage Mod: HP is shown in percentages
|rule|Endless Battle Clause: Forcing endless battles is banned
|rule|Species Clause: Limit one of each Pokémon
|rule|OHKO Clause: OHKO moves are banned
|rule|Evasion Items Clause: Evasion items are banned
|rule|Evasion Moves Clause: Evasion moves are banned
|rule|Evasion Abilities Clause: Evasion abilities are banned
|rule|Sleep Moves Clause: Sleep-inducing moves are banned
|clearpoke
|poke|p1|Gholdengo|
|poke|p1|Landorus-Therian, M|
|poke|p1|Kingambit, M|
|poke|p1|Cinderace, M|
|poke|p1|Kyurem|
|poke|p1|Deoxys-Speed|
|poke|p2|Pelipper, F|
|poke|p2|Hatterene, F|
|poke|p2|Iron Treads|
|poke|p2|Toxicroak, F|
|poke|p2|Barraskewda, M|
|poke|p2|Zapdos|
|teampreview
|inactive|Battle timer is ON: inactive players will automatically lose when time's up. (requested by reallydumb)
|
|t:|1781080754
|teamsize|p1|6
|teamsize|p2|6
|start
|switch|p1a: Kyurem|Kyurem|100/100
|switch|p2a: Pelipper|Pelipper, F|100/100
|-ability|p1a: Kyurem|Pressure
|-weather|RainDance|[from] ability: Drizzle|[of] p2a: Pelipper
|turn|1
|
|t:|1781080756
|switch|p2a: Hatterene|Hatterene, F, shiny|100/100
|move|p1a: Kyurem|Freeze-Dry|p2a: Hatterene
|-damage|p2a: Hatterene|57/100
|-enditem|p2a: Hatterene|Eject Button
|
|t:|1781080759
|switch|p2a: Zapdos|Zapdos|100/100
|
|-weather|RainDance|[upkeep]
|upkeep
|turn|2
|
|t:|1781080764
|-terastallize|p2a: Zapdos|Flying
|move|p2a: Zapdos|Hurricane|p1a: Kyurem
|-damage|p1a: Kyurem|46/100
|move|p1a: Kyurem|Ice Beam|p2a: Zapdos
|-supereffective|p2a: Zapdos
|-damage|p2a: Zapdos|0 fnt
|faint|p2a: Zapdos
|
|-weather|RainDance|[upkeep]
|upkeep
|
|t:|1781080767
|switch|p2a: Barraskewda|Barraskewda, M|100/100
|turn|3
|
|t:|1781080774
|move|p2a: Barraskewda|Close Combat|p1a: Kyurem
|-supereffective|p1a: Kyurem
|-damage|p1a: Kyurem|0 fnt
|-unboost|p2a: Barraskewda|def|1
|-unboost|p2a: Barraskewda|spd|1
|faint|p1a: Kyurem
|
|-weather|RainDance|[upkeep]
|upkeep
|
|t:|1781080776
|switch|p1a: Landorus|Landorus-Therian, M|100/100
|-ability|p1a: Landorus|Intimidate|boost
|-unboost|p2a: Barraskewda|atk|1
|turn|4
|
|t:|1781080780
|switch|p2a: Hatterene|Hatterene, F, shiny|57/100
|move|p1a: Landorus|U-turn|p2a: Hatterene
|-damage|p2a: Hatterene|36/100
|
|t:|1781080786
|switch|p1a: Cinderace|Cinderace, M|100/100|[from] U-turn
|
|-weather|RainDance|[upkeep]
|upkeep
|turn|5
|
|t:|1781080791
|switch|p2a: Toxicroak|Toxicroak, F|100/100
|move|p1a: Cinderace|Gunk Shot|p2a: Toxicroak
|-start|p1a: Cinderace|typechange|Poison|[from] ability: Libero
|-resisted|p2a: Toxicroak
|-damage|p2a: Toxicroak|75/100
|
|-weather|RainDance|[upkeep]
|-heal|p2a: Toxicroak|87/100|[from] ability: Dry Skin
|upkeep
|turn|6
|
|t:|1781080795
|switch|p1a: Landorus|Landorus-Therian, M|100/100
|-ability|p1a: Landorus|Intimidate|boost
|-unboost|p2a: Toxicroak|atk|1
|move|p2a: Toxicroak|Knock Off|p1a: Landorus
|-damage|p1a: Landorus|84/100
|-damage|p2a: Toxicroak|71/100|[from] item: Rocky Helmet|[of] p1a: Landorus
|-enditem|p1a: Landorus|Rocky Helmet|[from] move: Knock Off|[of] p2a: Toxicroak
|
|-weather|RainDance|[upkeep]
|-heal|p2a: Toxicroak|83/100|[from] ability: Dry Skin
|upkeep
|turn|7
|
|t:|1781080803
|move|p1a: Landorus|Earthquake|p2a: Toxicroak
|-supereffective|p2a: Toxicroak
|-damage|p2a: Toxicroak|0 fnt
|faint|p2a: Toxicroak
|
|-weather|RainDance|[upkeep]
|upkeep
|
|t:|1781080806
|switch|p2a: Barraskewda|Barraskewda, M|100/100
|turn|8
|
|t:|1781080809
|-terastallize|p1a: Landorus|Water
|move|p2a: Barraskewda|Flip Turn|p1a: Landorus
|-resisted|p1a: Landorus
|-damage|p1a: Landorus|44/100
|
|t:|1781080813
|switch|p2a: Pelipper|Pelipper, F|100/100|[from] Flip Turn
|move|p1a: Landorus|Stealth Rock|p2a: Pelipper
|-sidestart|p2: reallydumb|move: Stealth Rock
|
|-weather|none
|upkeep
|turn|9
|
|t:|1781080822
|move|p1a: Landorus|U-turn|p2a: Pelipper
|-resisted|p2a: Pelipper
|-damage|p2a: Pelipper|89/100
|
|t:|1781080826
|switch|p1a: Kingambit|Kingambit, M|100/100|[from] U-turn
|-activate|p1a: Kingambit|ability: Supreme Overlord
|-start|p1a: Kingambit|fallen1|[silent]
|-item|p1a: Kingambit|Air Balloon
|move|p2a: Pelipper|U-turn|p1a: Kingambit
|-damage|p1a: Kingambit|93/100
|-enditem|p1a: Kingambit|Air Balloon
|
|t:|1781080828
|switch|p2a: Iron Treads|Iron Treads|100/100|[from] U-turn
|-damage|p2a: Iron Treads|98/100|[from] Stealth Rock
|
|-heal|p2a: Iron Treads|100/100|[from] item: Leftovers
|upkeep
|turn|10
|
|t:|1781080838
|-end|p1a: Kingambit|fallen1|[silent]
|switch|p1a: Gholdengo|Gholdengo|100/100
|move|p2a: Iron Treads|Earthquake|p1a: Gholdengo
|-supereffective|p1a: Gholdengo
|-damage|p1a: Gholdengo|22/100
|
|upkeep
|turn|11
|
|t:|1781080844
|move|p1a: Gholdengo|Shadow Ball|p2a: Iron Treads
|-damage|p2a: Iron Treads|66/100
|move|p2a: Iron Treads|Earthquake|p1a: Gholdengo
|-supereffective|p1a: Gholdengo
|-damage|p1a: Gholdengo|0 fnt
|faint|p1a: Gholdengo
|
|-heal|p2a: Iron Treads|72/100|[from] item: Leftovers
|upkeep
|
|t:|1781080846
|switch|p1a: Cinderace|Cinderace, M|100/100
|turn|12
|
|t:|1781080852
|move|p1a: Cinderace|Pyro Ball|p2a: Iron Treads
|-supereffective|p2a: Iron Treads
|-damage|p2a: Iron Treads|0 fnt
|faint|p2a: Iron Treads
|-end|p2a: Iron Treads|Quark Drive|[silent]
|
|upkeep
|
|t:|1781080854
|switch|p2a: Pelipper|Pelipper, F|89/100
|-damage|p2a: Pelipper|64/100|[from] Stealth Rock
|-weather|RainDance|[from] ability: Drizzle|[of] p2a: Pelipper
|turn|13
|
|t:|1781080860
|move|p1a: Cinderace|Gunk Shot|p2a: Pelipper|[miss]
|-start|p1a: Cinderace|typechange|Poison|[from] ability: Libero
|-miss|p1a: Cinderace|p2a: Pelipper
|move|p2a: Pelipper|Hurricane|p1a: Cinderace
|-damage|p1a: Cinderace|46/100
|
|-weather|RainDance|[upkeep]
|upkeep
|turn|14
|
|t:|1781080863
|switch|p2a: Hatterene|Hatterene, F, shiny|36/100
|-damage|p2a: Hatterene|24/100|[from] Stealth Rock
|move|p1a: Cinderace|Gunk Shot|p2a: Hatterene
|-supereffective|p2a: Hatterene
|-damage|p2a: Hatterene|0 fnt
|faint|p2a: Hatterene
|
|-weather|RainDance|[upkeep]
|upkeep
|
|t:|1781080865
|switch|p2a: Barraskewda|Barraskewda, M|100/100
|-damage|p2a: Barraskewda|88/100|[from] Stealth Rock
|turn|15
|
|t:|1781080867
|move|p2a: Barraskewda|Liquidation|p1a: Cinderace
|-damage|p1a: Cinderace|0 fnt
|faint|p1a: Cinderace
|
|-weather|RainDance|[upkeep]
|upkeep
|
|t:|1781080869
|switch|p1a: Landorus|Landorus-Therian, M, tera:Water|44/100
|-ability|p1a: Landorus|Intimidate|boost
|-unboost|p2a: Barraskewda|atk|1
|turn|16
|
|t:|1781080871
|move|p2a: Barraskewda|Liquidation|p1a: Landorus
|-resisted|p1a: Landorus
|-damage|p1a: Landorus|9/100
|move|p1a: Landorus|U-turn|p2a: Barraskewda
|-damage|p2a: Barraskewda|43/100
|
|t:|1781080875
|switch|p1a: Kingambit|Kingambit, M|93/100|[from] U-turn
|-activate|p1a: Kingambit|ability: Supreme Overlord
|-start|p1a: Kingambit|fallen3|[silent]
|
|-weather|RainDance|[upkeep]
|upkeep
|turn|17
|-message|reallydumb forfeited.
|
|win|The real kurt tay
|raw|The real kurt tay's rating: 1651 &rarr; <strong>1665</strong><br />(+14 for winning)
|raw|reallydumb's rating: 1547 &rarr; <strong>1533</strong><br />(-14 for losing)
|l|☆reallydumb
|player|p2|
|l|☆The real kurt tay
|player|p1|
