|j|☆typhoon9
|j|☆LowEL0God
|t:|1781214566
|gametype|singles
|player|p1|typhoon9|swimmerf-gen4dp|1490
|player|p2|LowEL0God|265|1525
|gen|9
|tier|[Gen 9] OU
|rated|
|rule|HP Percentage Mod: HP is shown in percentages
|rule|Endless Battle Clause: Forcing endless battles is banned
|rule|Species Clause: Limit one of each Pokémon
|rule|OHKO Clause: OHKO moves are banned
|rule|Evasion Items Clause: Evasion items are banned
|rule|Evasion Moves Clause: Evasion moves are banned
|rule|Evasion Abilities Clause: Evasion abilities are banned
|rule|Sleep Moves Clause: Sleep-inducing moves are banned
|clearpoke
|poke|p1|Hatterene, F|
|poke|p1|Ursaluna, M|
|poke|p1|Porygon2|
|poke|p1|Cresselia, F|
|poke|p1|Iron Hands|
|poke|p1|Volcanion|
|poke|p2|Pelipper, M|
|poke|p2|Raging Bolt|
|poke|p2|Overqwil, M|
|poke|p2|Barraskewda, F|
|poke|p2|Iron Treads|
|poke|p2|Kingambit, F|
|teampreview
|c|☆LowEL0God|hf
|inactive|Battle timer is ON: inactive players will automatically lose when time's up. (requested by LowEL0God)
|
|t:|1781214579
|teamsize|p1|6
|teamsize|p2|6
|start
|switch|p1a: Hatterene|Hatterene, F|100/100
|switch|p2a: Barraskewda|Barraskewda, F|100/100
|turn|1
|
|t:|1781214581
|move|p2a: Barraskewda|Flip Turn|p1a: Hatterene
|-damage|p1a: Hatterene|40/100
|
|t:|1781214583
|switch|p2a: Kingambit|Kingambit, F|100/100|[from] Flip Turn
|move|p1a: Hatterene|Trick Room|p1a: Hatterene
|-fieldstart|move: Trick Room|[of] p1a: Hatterene
|
|upkeep
|turn|2
|
|t:|1781214586
|move|p2a: Kingambit|Sucker Punch||[still]
|-fail|p2a: Kingambit
|move|p1a: Hatterene|Healing Wish|p1a: Hatterene
|faint|p1a: Hatterene
|
|upkeep
|
|t:|1781214589
|switch|p1a: Za Hando|Iron Hands|100/100
|-enditem|p1a: Za Hando|Booster Energy
|-activate|p1a: Za Hando|ability: Quark Drive|[fromitem]
|-start|p1a: Za Hando|quarkdriveatk
|turn|3
|
|t:|1781214595
|-end|p2a: Kingambit|fallenundefined|[silent]
|switch|p2a: Pelipper|Pelipper, M|100/100
|-weather|RainDance|[from] ability: Drizzle|[of] p2a: Pelipper
|move|p1a: Za Hando|Swords Dance|p1a: Za Hando
|-boost|p1a: Za Hando|atk|2
|
|-weather|RainDance|[upkeep]
|upkeep
|turn|4
|
|t:|1781214598
|move|p1a: Za Hando|Wild Charge|p2a: Pelipper
|-supereffective|p2a: Pelipper
|-damage|p2a: Pelipper|0 fnt
|faint|p2a: Pelipper
|-damage|p1a: Za Hando|85/100|[from] Recoil
|
|-weather|RainDance|[upkeep]
|upkeep
|
|t:|1781214599
|switch|p2a: Raging Bolt|Raging Bolt|100/100
|-enditem|p2a: Raging Bolt|Booster Energy
|-activate|p2a: Raging Bolt|ability: Protosynthesis|[fromitem]
|-start|p2a: Raging Bolt|protosynthesisspa
|turn|5
|
|t:|1781214604
|-terastallize|p2a: Raging Bolt|Fairy
|move|p1a: Za Hando|Ice Punch|p2a: Raging Bolt
|-damage|p2a: Raging Bolt|31/100
|move|p2a: Raging Bolt|Weather Ball|p1a: Za Hando
|-damage|p1a: Za Hando|16/100
|
|-weather|RainDance|[upkeep]
|-fieldend|move: Trick Room
|upkeep
|turn|6
|
|t:|1781214611
|-end|p1a: Za Hando|Quark Drive|[silent]
|switch|p1a: Cresselia|Cresselia, F, shiny|100/100
|move|p2a: Raging Bolt|Weather Ball|p1a: Cresselia
|-damage|p1a: Cresselia|54/100
|
|-weather|RainDance|[upkeep]
|upkeep
|turn|7
|
|t:|1781214613
|move|p2a: Raging Bolt|Thunder|p1a: Cresselia
|-damage|p1a: Cresselia|1/100
|move|p1a: Cresselia|Trick Room|p1a: Cresselia
|-fieldstart|move: Trick Room|[of] p1a: Cresselia
|
|-weather|RainDance|[upkeep]
|upkeep
|turn|8
|
|t:|1781214618
|switch|p1a: Za Hando|Iron Hands|16/100
|-heal|p1a: Za Hando|100/100|[from] move: Healing Wish
|move|p2a: Raging Bolt|Weather Ball|p1a: Za Hando
|-damage|p1a: Za Hando|33/100
|
|-weather|RainDance|[upkeep]
|upkeep
|turn|9
|
|t:|1781214623
|move|p1a: Za Hando|Wild Charge|p2a: Raging Bolt
|-damage|p2a: Raging Bolt|0 fnt
|faint|p2a: Raging Bolt
|-end|p2a: Raging Bolt|Protosynthesis|[silent]
|-damage|p1a: Za Hando|27/100|[from] Recoil
|
|-weather|RainDance|[upkeep]
|upkeep
|
|t:|1781214623
|switch|p2a: Barraskewda|Barraskewda, F|100/100
|turn|10
|
|t:|1781214628
|-end|p1a: Za Hando|Quark Drive|[silent]
|switch|p1a: Volcanion|Volcanion|100/100
|move|p2a: Barraskewda|Aqua Jet|p1a: Volcanion
|-immune|p1a: Volcanion|[from] ability: Water Absorb
|
|-weather|none
|upkeep
|turn|11
|
|t:|1781214634
|switch|p2a: Kingambit|Kingambit, F|100/100
|-activate|p2a: Kingambit|ability: Supreme Overlord
|-start|p2a: Kingambit|fallen2|[silent]
|-terastallize|p1a: Volcanion|Water
|move|p1a: Volcanion|Steam Eruption|p2a: Kingambit
|-damage|p2a: Kingambit|0 fnt
|faint|p2a: Kingambit
|-end|p2a: Kingambit|fallen2|[silent]
|
|-fieldend|move: Trick Room
|upkeep
|
|t:|1781214636
|switch|p2a: Overqwil|Overqwil, M|100/100
|turn|12
|
|t:|1781214638
|move|p2a: Overqwil|Gunk Shot|p1a: Volcanion
|-damage|p1a: Volcanion|34/100
|-damage|p2a: Overqwil|91/100|[from] item: Life Orb
|move|p1a: Volcanion|Steam Eruption|p2a: Overqwil
|-crit|p2a: Overqwil
|-damage|p2a: Overqwil|0 fnt
|faint|p2a: Overqwil
|
|upkeep
|
|t:|1781214638
|switch|p2a: Barraskewda|Barraskewda, F|100/100
|turn|13
|
|t:|1781214641
|switch|p1a: Cresselia|Cresselia, F, shiny|1/100
|move|p2a: Barraskewda|Close Combat|p1a: Cresselia
|-resisted|p1a: Cresselia
|-crit|p1a: Cresselia
|-damage|p1a: Cresselia|0 fnt
|-unboost|p2a: Barraskewda|def|1
|-unboost|p2a: Barraskewda|spd|1
|faint|p1a: Cresselia
|
|upkeep
|
|t:|1781214644
|switch|p1a: Porygon2|Porygon2|100/100
|-ability|p1a: Porygon2|Download|boost
|-boost|p1a: Porygon2|spa|1
|turn|14
|
|t:|1781214648
|switch|p2a: Iron Treads|Iron Treads|100/100
|-enditem|p2a: Iron Treads|Booster Energy
|-activate|p2a: Iron Treads|ability: Quark Drive|[fromitem]
|-start|p2a: Iron Treads|quarkdrivespe
|move|p1a: Porygon2|Trick Room|p1a: Porygon2
|-fieldstart|move: Trick Room|[of] p1a: Porygon2
|
|upkeep
|turn|15
|
|t:|1781214651
|move|p1a: Porygon2|Ice Beam|p2a: Iron Treads
|-damage|p2a: Iron Treads|38/100
|move|p2a: Iron Treads|Earth Power|p1a: Porygon2
|-damage|p1a: Porygon2|79/100
|
|upkeep
|turn|16
|
|t:|1781214654
|-end|p2a: Iron Treads|Quark Drive|[silent]
|switch|p2a: Barraskewda|Barraskewda, F|100/100
|move|p1a: Porygon2|Ice Beam|p2a: Barraskewda
|-resisted|p2a: Barraskewda
|-damage|p2a: Barraskewda|51/100
|-status|p2a: Barraskewda|frz
|
|upkeep
|turn|17
|
|t:|1781214657
|switch|p2a: Iron Treads|Iron Treads|38/100
|move|p1a: Porygon2|Shadow Ball|p2a: Iron Treads
|-damage|p2a: Iron Treads|0 fnt
|faint|p2a: Iron Treads
|-end|p2a: Iron Treads|Quark Drive|[silent]
|
|upkeep
|
|t:|1781214657
|switch|p2a: Barraskewda|Barraskewda, F|51/100 frz
|turn|18
|
|t:|1781214659
|move|p1a: Porygon2|Shadow Ball|p2a: Barraskewda
|-damage|p2a: Barraskewda|0 fnt
|faint|p2a: Barraskewda
|
|win|typhoon9
|raw|typhoon9's rating: 1490 &rarr; <strong>1512</strong><br />(+22 for winning)
|raw|LowEL0God's rating: 1525 &rarr; <strong>1503</strong><br />(-22 for losing)
|c|☆typhoon9|gg
|c|☆LowEL0God|gg
|l|☆LowEL0God
|player|p2|
|l|☆typhoon9
|player|p1|
