|j|☆KurisuChestnutOU
|j|☆LowEL0God
|t:|1781123876
|gametype|singles
|player|p1|KurisuChestnutOU|may-contest|1534
|player|p2|LowEL0God|265|1572
|gen|9
|tier|[Gen 9] OU
|rated|
|rule|HP Percentage Mod: HP is shown in percentages
|rule|Endless Battle Clause: Forcing endless battles is banned
|rule|Species Clause: Limit one of each Pokémon
|rule|OHKO Clause: OHKO moves are banned
|rule|Evasion Items Clause: Evasion items are banned
|rule|Evasion Moves Clause: Evasion moves are banned
|rule|Evasion Abilities Clause: Evasion abilities are banned
|rule|Sleep Moves Clause: Sleep-inducing moves are banned
|clearpoke
|poke|p1|Gliscor, M|
|poke|p1|Dondozo, F|
|poke|p1|Slowking-Galar, F|
|poke|p1|Gholdengo|
|poke|p1|Great Tusk|
|poke|p1|Kingambit, M|
|poke|p2|Pelipper, M|
|poke|p2|Torkoal, F|
|poke|p2|Walking Wake|
|poke|p2|Kyurem|
|poke|p2|Ninetales-Alola, M|
|poke|p2|Ogerpon-Wellspring, F|
|teampreview
|c|☆LowEL0God|hf
|inactive|Battle timer is ON: inactive players will automatically lose when time's up. (requested by LowEL0God)
|
|t:|1781123882
|teamsize|p1|6
|teamsize|p2|6
|start
|switch|p1a: Slowking|Slowking-Galar, F|100/100
|switch|p2a: Ninetales|Ninetales-Alola, M|100/100
|-weather|Snowscape|[from] ability: Snow Warning|[of] p2a: Ninetales
|turn|1
|inactive|KurisuChestnutOU also wants the timer to be on.
|
|t:|1781123890
|move|p2a: Ninetales|Aurora Veil|p2a: Ninetales
|-sidestart|p2: LowEL0God|move: Aurora Veil
|move|p1a: Slowking|Sludge Bomb|p2a: Ninetales
|-supereffective|p2a: Ninetales
|-damage|p2a: Ninetales|67/100
|
|-weather|Snowscape|[upkeep]
|upkeep
|turn|2
|
|t:|1781123897
|switch|p2a: Hurricane Spam|Pelipper, M, shiny|100/100
|-weather|RainDance|[from] ability: Drizzle|[of] p2a: Hurricane Spam
|move|p1a: Slowking|Future Sight|p2a: Hurricane Spam
|-start|p1a: Slowking|move: Future Sight
|
|-weather|RainDance|[upkeep]
|upkeep
|turn|3
|
|t:|1781123901
|move|p2a: Hurricane Spam|Weather Ball|p1a: Slowking
|-damage|p1a: Slowking|61/100
|move|p1a: Slowking|Sludge Bomb|p2a: Hurricane Spam
|-crit|p2a: Hurricane Spam
|-damage|p2a: Hurricane Spam|30/100
|
|-weather|RainDance|[upkeep]
|upkeep
|turn|4
|
|t:|1781123907
|switch|p1a: Dondozo|Dondozo, F|100/100
|move|p2a: Hurricane Spam|Weather Ball|p1a: Dondozo
|-resisted|p1a: Dondozo
|-damage|p1a: Dondozo|56/100
|
|-weather|RainDance|[upkeep]
|-end|p2a: Hurricane Spam|move: Future Sight
|-damage|p2a: Hurricane Spam|0 fnt
|faint|p2a: Hurricane Spam
|-heal|p1a: Dondozo|62/100|[from] item: Leftovers
|upkeep
|
|t:|1781123909
|switch|p2a: Walking Wake|Walking Wake|100/100
|turn|5
|
|t:|1781123915
|switch|p1a: Slowking|Slowking-Galar, F|95/100
|move|p2a: Walking Wake|Hydro Steam|p1a: Slowking
|-damage|p1a: Slowking|61/100
|
|-weather|RainDance|[upkeep]
|-sideend|p2: LowEL0God|move: Aurora Veil
|upkeep
|turn|6
|
|t:|1781123920
|-terastallize|p1a: Slowking|Water
|move|p2a: Walking Wake|Hydro Steam|p1a: Slowking
|-resisted|p1a: Slowking
|-damage|p1a: Slowking|44/100
|move|p1a: Slowking|Sludge Bomb|p2a: Walking Wake
|-damage|p2a: Walking Wake|59/100
|
|-weather|none
|upkeep
|turn|7
|
|t:|1781123927
|move|p2a: Walking Wake|Hydro Steam|p1a: Slowking
|-resisted|p1a: Slowking
|-damage|p1a: Slowking|32/100
|move|p1a: Slowking|Sludge Bomb|p2a: Walking Wake
|-damage|p2a: Walking Wake|17/100
|
|upkeep
|turn|8
|
|t:|1781123931
|move|p2a: Walking Wake|Hydro Steam|p1a: Slowking
|-resisted|p1a: Slowking
|-damage|p1a: Slowking|20/100
|move|p1a: Slowking|Sludge Bomb|p2a: Walking Wake
|-damage|p2a: Walking Wake|0 fnt
|faint|p2a: Walking Wake
|-end|p2a: Walking Wake|Protosynthesis|[silent]
|
|upkeep
|
|t:|1781123932
|switch|p2a: Ogerpon|Ogerpon-Wellspring, F|100/100
|turn|9
|
|t:|1781123935
|move|p2a: Ogerpon|Swords Dance|p2a: Ogerpon
|-boost|p2a: Ogerpon|atk|2
|move|p1a: Slowking|Sludge Bomb|p2a: Ogerpon
|-supereffective|p2a: Ogerpon
|-damage|p2a: Ogerpon|23/100
|-status|p2a: Ogerpon|psn
|
|-damage|p2a: Ogerpon|10/100 psn|[from] psn
|upkeep
|turn|10
|
|t:|1781123940
|switch|p1a: Dondozo|Dondozo, F|62/100
|move|p2a: Ogerpon|Horn Leech|p1a: Dondozo
|-supereffective|p1a: Dondozo
|-damage|p1a: Dondozo|24/100
|-heal|p2a: Ogerpon|43/100 psn|[from] drain|[of] p1a: Dondozo
|
|-heal|p1a: Dondozo|30/100|[from] item: Leftovers
|-damage|p2a: Ogerpon|30/100 psn|[from] psn
|upkeep
|turn|11
|
|t:|1781123947
|switch|p1a: Kingambit|Kingambit, M|100/100
|move|p2a: Ogerpon|Horn Leech|p1a: Kingambit
|-resisted|p1a: Kingambit
|-damage|p1a: Kingambit|61/100
|-heal|p2a: Ogerpon|53/100 psn|[from] drain|[of] p1a: Kingambit
|
|-heal|p1a: Kingambit|67/100|[from] item: Leftovers
|-damage|p2a: Ogerpon|41/100 psn|[from] psn
|upkeep
|turn|12
|
|t:|1781123951
|switch|p2a: Ninetales|Ninetales-Alola, M|67/100
|-weather|Snowscape|[from] ability: Snow Warning|[of] p2a: Ninetales
|move|p1a: Kingambit|Sucker Punch||[still]
|-fail|p1a: Kingambit
|
|-weather|Snowscape|[upkeep]
|-heal|p1a: Kingambit|73/100|[from] item: Leftovers
|upkeep
|turn|13
|
|t:|1781123958
|move|p2a: Ninetales|Encore|p1a: Kingambit
|-start|p1a: Kingambit|Encore
|move|p1a: Kingambit|Sucker Punch||[still]
|-fail|p1a: Kingambit
|
|-weather|Snowscape|[upkeep]
|-heal|p1a: Kingambit|79/100|[from] item: Leftovers
|upkeep
|turn|14
|
|t:|1781123962
|-end|p1a: Kingambit|fallenundefined|[silent]
|switch|p1a: Slowking|Slowking-Galar, F, tera:Water|53/100
|move|p2a: Ninetales|Aurora Veil|p2a: Ninetales
|-sidestart|p2: LowEL0God|move: Aurora Veil
|
|-weather|Snowscape|[upkeep]
|upkeep
|turn|15
|
|t:|1781123965
|switch|p2a: Kyurem|Kyurem|100/100
|-ability|p2a: Kyurem|Pressure
|move|p1a: Slowking|Sludge Bomb|p2a: Kyurem
|-damage|p2a: Kyurem|85/100
|
|-weather|Snowscape|[upkeep]
|upkeep
|turn|16
|
|t:|1781123969
|switch|p1a: Gholdengo|Gholdengo|100/100
|-item|p1a: Gholdengo|Air Balloon
|move|p2a: Kyurem|Dragon Dance|p2a: Kyurem
|-boost|p2a: Kyurem|atk|1
|-boost|p2a: Kyurem|spe|1
|
|-weather|Snowscape|[upkeep]
|upkeep
|turn|17
|
|t:|1781123972
|move|p2a: Kyurem|Dragon Dance|p2a: Kyurem
|-boost|p2a: Kyurem|atk|1
|-boost|p2a: Kyurem|spe|1
|move|p1a: Gholdengo|Make It Rain|p2a: Kyurem
|-supereffective|p2a: Kyurem
|-damage|p2a: Kyurem|28/100
|-unboost|p1a: Gholdengo|spa|1
|
|-weather|Snowscape|[upkeep]
|upkeep
|turn|18
|
|t:|1781123977
|switch|p1a: Kingambit|Kingambit, M|79/100
|move|p2a: Kyurem|Freeze-Dry|p1a: Kingambit
|-resisted|p1a: Kingambit
|-crit|p1a: Kingambit
|-damage|p1a: Kingambit|45/100
|
|-weather|Snowscape|[upkeep]
|-heal|p1a: Kingambit|51/100|[from] item: Leftovers
|-sideend|p2: LowEL0God|move: Aurora Veil
|upkeep
|turn|19
|
|t:|1781123981
|move|p2a: Kyurem|Dragon Dance|p2a: Kyurem
|-boost|p2a: Kyurem|atk|1
|-boost|p2a: Kyurem|spe|1
|move|p1a: Kingambit|Iron Head|p2a: Kyurem
|-supereffective|p2a: Kyurem
|-damage|p2a: Kyurem|0 fnt
|faint|p2a: Kyurem
|
|-weather|none
|-heal|p1a: Kingambit|57/100|[from] item: Leftovers
|upkeep
|
|t:|1781123982
|switch|p2a: Torkoal|Torkoal, F|100/100
|-weather|SunnyDay|[from] ability: Drought|[of] p2a: Torkoal
|turn|20
|
|t:|1781123986
|-end|p1a: Kingambit|fallenundefined|[silent]
|switch|p1a: Gholdengo|Gholdengo|100/100
|-item|p1a: Gholdengo|Air Balloon
|move|p2a: Torkoal|Lava Plume|p1a: Gholdengo
|-supereffective|p1a: Gholdengo
|-damage|p1a: Gholdengo|9/100
|-enditem|p1a: Gholdengo|Air Balloon
|
|-weather|SunnyDay|[upkeep]
|upkeep
|turn|21
|
|t:|1781123990
|move|p1a: Gholdengo|Shadow Ball|p2a: Torkoal
|-damage|p2a: Torkoal|44/100
|move|p2a: Torkoal|Lava Plume|p1a: Gholdengo
|-supereffective|p1a: Gholdengo
|-damage|p1a: Gholdengo|0 fnt
|faint|p1a: Gholdengo
|
|-weather|SunnyDay|[upkeep]
|upkeep
|
|t:|1781123994
|switch|p1a: Slowking|Slowking-Galar, F, tera:Water|86/100
|turn|22
|
|t:|1781123997
|move|p1a: Slowking|Sludge Bomb|p2a: Torkoal
|-damage|p2a: Torkoal|1/100
|move|p2a: Torkoal|Body Press|p1a: Slowking
|-damage|p1a: Slowking|51/100
|
|-weather|SunnyDay|[upkeep]
|upkeep
|turn|23
|
|t:|1781124001
|move|p1a: Slowking|Sludge Bomb|p2a: Torkoal
|-damage|p2a: Torkoal|0 fnt
|faint|p2a: Torkoal
|
|-weather|SunnyDay|[upkeep]
|upkeep
|
|t:|1781124001
|switch|p2a: Ninetales|Ninetales-Alola, M|67/100
|-weather|Snowscape|[from] ability: Snow Warning|[of] p2a: Ninetales
|turn|24
|
|t:|1781124008
|move|p2a: Ninetales|Aurora Veil|p2a: Ninetales
|-sidestart|p2: LowEL0God|move: Aurora Veil
|move|p1a: Slowking|Sludge Bomb|p2a: Ninetales
|-supereffective|p2a: Ninetales
|-damage|p2a: Ninetales|36/100
|-status|p2a: Ninetales|psn
|
|-weather|Snowscape|[upkeep]
|-damage|p2a: Ninetales|24/100 psn|[from] psn
|upkeep
|turn|25
|
|t:|1781124014
|switch|p1a: Kingambit|Kingambit, M|57/100
|-activate|p1a: Kingambit|ability: Supreme Overlord
|-start|p1a: Kingambit|fallen1|[silent]
|move|p2a: Ninetales|Freeze-Dry|p1a: Kingambit
|-resisted|p1a: Kingambit
|-damage|p1a: Kingambit|46/100
|-status|p1a: Kingambit|frz
|
|-weather|Snowscape|[upkeep]
|-heal|p1a: Kingambit|52/100 frz|[from] item: Leftovers
|-damage|p2a: Ninetales|12/100 psn|[from] psn
|upkeep
|turn|26
|
|t:|1781124018
|move|p2a: Ninetales|Moonblast|p1a: Kingambit
|-damage|p1a: Kingambit|19/100 frz
|cant|p1a: Kingambit|frz
|
|-weather|Snowscape|[upkeep]
|-heal|p1a: Kingambit|25/100 frz|[from] item: Leftovers
|-damage|p2a: Ninetales|0 fnt|[from] psn
|faint|p2a: Ninetales
|upkeep
|
|t:|1781124019
|switch|p2a: Ogerpon|Ogerpon-Wellspring, F|41/100 psn
|turn|27
|
|t:|1781124022
|move|p2a: Ogerpon|Swords Dance|p2a: Ogerpon
|-boost|p2a: Ogerpon|atk|2
|cant|p1a: Kingambit|frz
|
|-weather|Snowscape|[upkeep]
|-heal|p1a: Kingambit|31/100 frz|[from] item: Leftovers
|-damage|p2a: Ogerpon|28/100 psn|[from] psn
|upkeep
|turn|28
|
|t:|1781124027
|cant|p1a: Kingambit|frz
|move|p2a: Ogerpon|Horn Leech|p1a: Kingambit
|-resisted|p1a: Kingambit
|-damage|p1a: Kingambit|0 fnt
|-heal|p2a: Ogerpon|46/100 psn|[from] drain|[of] p1a: Kingambit
|faint|p1a: Kingambit
|-end|p1a: Kingambit|fallen1|[silent]
|
|-weather|Snowscape|[upkeep]
|-damage|p2a: Ogerpon|33/100 psn|[from] psn
|-sideend|p2: LowEL0God|move: Aurora Veil
|upkeep
|
|t:|1781124030
|switch|p1a: Gliscor|Gliscor, M|100/100
|turn|29
|
|t:|1781124034
|move|p1a: Gliscor|Protect|p1a: Gliscor
|-singleturn|p1a: Gliscor|Protect
|move|p2a: Ogerpon|Horn Leech|p1a: Gliscor
|-activate|p1a: Gliscor|move: Protect
|
|-weather|Snowscape|[upkeep]
|-damage|p2a: Ogerpon|21/100 psn|[from] psn
|-status|p1a: Gliscor|tox|[from] item: Toxic Orb
|upkeep
|turn|30
|
|t:|1781124037
|move|p1a: Gliscor|Protect||[still]
|-fail|p1a: Gliscor
|move|p2a: Ogerpon|Horn Leech|p1a: Gliscor
|-damage|p1a: Gliscor|45/100 tox
|-heal|p2a: Ogerpon|54/100 psn|[from] drain|[of] p1a: Gliscor
|
|-weather|Snowscape|[upkeep]
|-damage|p2a: Ogerpon|41/100 psn|[from] psn
|-heal|p1a: Gliscor|58/100 tox|[from] ability: Poison Heal
|upkeep
|turn|31
|
|t:|1781124043
|move|p1a: Gliscor|Protect|p1a: Gliscor
|-singleturn|p1a: Gliscor|Protect
|move|p2a: Ogerpon|Horn Leech|p1a: Gliscor
|-activate|p1a: Gliscor|move: Protect
|
|-weather|none
|-damage|p2a: Ogerpon|29/100 psn|[from] psn
|-heal|p1a: Gliscor|70/100 tox|[from] ability: Poison Heal
|upkeep
|turn|32
|
|t:|1781124047
|move|p2a: Ogerpon|Horn Leech|p1a: Gliscor
|-damage|p1a: Gliscor|18/100 tox
|-heal|p2a: Ogerpon|60/100 psn|[from] drain|[of] p1a: Gliscor
|move|p1a: Gliscor|Earthquake|p2a: Ogerpon
|-resisted|p2a: Ogerpon
|-damage|p2a: Ogerpon|38/100 psn
|
|-damage|p2a: Ogerpon|25/100 psn|[from] psn
|-heal|p1a: Gliscor|31/100 tox|[from] ability: Poison Heal
|upkeep
|turn|33
|
|t:|1781124053
|-terastallize|p2a: Ogerpon|Water
|detailschange|p2a: Ogerpon|Ogerpon-Wellspring-Tera, F, tera:Water
|-ability|p2a: Ogerpon|Embody Aspect (Wellspring)|boost
|-boost|p2a: Ogerpon|spd|1
|move|p1a: Gliscor|Protect|p1a: Gliscor
|-singleturn|p1a: Gliscor|Protect
|move|p2a: Ogerpon|Horn Leech|p1a: Gliscor
|-activate|p1a: Gliscor|move: Protect
|
|-damage|p2a: Ogerpon|13/100 psn|[from] psn
|-heal|p1a: Gliscor|43/100 tox|[from] ability: Poison Heal
|upkeep
|turn|34
|
|t:|1781124057
|move|p1a: Gliscor|Protect||[still]
|-fail|p1a: Gliscor
|move|p2a: Ogerpon|Horn Leech|p1a: Gliscor
|-damage|p1a: Gliscor|0 fnt
|-heal|p2a: Ogerpon|38/100 psn|[from] drain|[of] p1a: Gliscor
|faint|p1a: Gliscor
|
|-damage|p2a: Ogerpon|26/100 psn|[from] psn
|upkeep
|
|t:|1781124064
|switch|p1a: Great Tusk|Great Tusk|100/100
|turn|35
|
|t:|1781124067
|move|p2a: Ogerpon|Horn Leech|p1a: Great Tusk
|-supereffective|p1a: Great Tusk
|-damage|p1a: Great Tusk|0 fnt
|-heal|p2a: Ogerpon|88/100 psn|[from] drain|[of] p1a: Great Tusk
|faint|p1a: Great Tusk
|-end|p1a: Great Tusk|Protosynthesis|[silent]
|
|-damage|p2a: Ogerpon|75/100 psn|[from] psn
|upkeep
|
|t:|1781124072
|switch|p1a: Slowking|Slowking-Galar, F, tera:Water|85/100
|turn|36
|
|t:|1781124075
|move|p2a: Ogerpon|Horn Leech|p1a: Slowking
|-supereffective|p1a: Slowking
|-damage|p1a: Slowking|0 fnt
|-heal|p2a: Ogerpon|100/100 psn|[from] drain|[of] p1a: Slowking
|faint|p1a: Slowking
|
|-damage|p2a: Ogerpon|88/100 psn|[from] psn
|upkeep
|
|t:|1781124079
|switch|p1a: Dondozo|Dondozo, F|30/100
|turn|37
|
|t:|1781124085
|move|p2a: Ogerpon|Horn Leech|p1a: Dondozo
|-supereffective|p1a: Dondozo
|-damage|p1a: Dondozo|0 fnt
|-heal|p2a: Ogerpon|100/100 psn|[from] drain|[of] p1a: Dondozo
|faint|p1a: Dondozo
|
|win|LowEL0God
|raw|KurisuChestnutOU's rating: 1572 &rarr; <strong>1552</strong><br />(-20 for losing)
|raw|LowEL0God's rating: 1572 &rarr; <strong>1592</strong><br />(+20 for winning)
