|j|☆Palm X
|j|☆suprya
|t:|1780967577
|gametype|singles
|player|p1|Palm X|caitlin|1676
|player|p2|suprya|clown|1704
|gen|9
|tier|[Gen 9] OU
|rated|
|rule|HP Percentage Mod: HP is shown in percentages
|rule|Endless Battle Clause: Forcing endless battles is banned
|rule|Species Clause: Limit one of each Pokémon
|rule|OHKO Clause: OHKO moves are banned
|rule|Evasion Items Clause: Evasion items are banned
|rule|Evasion Moves Clause: Evasion moves are banned
|rule|Evasion Abilities Clause: Evasion abilities are banned
|rule|Sleep Moves Clause: Sleep-inducing moves are banned
|clearpoke
|poke|p1|Dragapult, F|
|poke|p1|Zamazenta-*|
|poke|p1|Slowking-Galar, F|
|poke|p1|Moltres|
|poke|p1|Ting-Lu|
|poke|p1|Weezing-Galar, F|
|poke|p2|Landorus-Therian, M|
|poke|p2|Overqwil, F|
|poke|p2|Tauros-Paldea-Aqua, M|
|poke|p2|Salamence, M|
|poke|p2|Gholdengo|
|poke|p2|Slowking-Galar, F|
|teampreview
|inactive|Battle timer is ON: inactive players will automatically lose when time's up. (requested by suprya)
|inactive|Palm X also wants the timer to be on.
|j| Goobshiester1st
|j| yomamacordyceps
|inactive|Palm X has 120 seconds left.
|
|t:|1780967611
|teamsize|p1|6
|teamsize|p2|6
|start
|switch|p1a: BoySlowDown😭😂✌️|Slowking-Galar, F, shiny|100/100
|switch|p2a: Landorus|Landorus-Therian, M|100/100
|-ability|p2a: Landorus|Intimidate|boost
|-unboost|p1a: BoySlowDown😭😂✌️|atk|1
|turn|1
|
|t:|1780967619
|switch|p1a: NoDominicanPapi|Moltres, shiny|100/100
|move|p2a: Landorus|Stealth Rock|p1a: NoDominicanPapi
|-sidestart|p1: Palm X|move: Stealth Rock
|
|upkeep
|turn|2
|
|t:|1780967624
|switch|p2a: Slowking|Slowking-Galar, F|100/100
|move|p1a: NoDominicanPapi|Will-O-Wisp|p2a: Slowking
|-status|p2a: Slowking|brn
|
|-damage|p2a: Slowking|94/100 brn|[from] brn
|upkeep
|turn|3
|
|t:|1780967627
|switch|p1a: BoySlowDown😭😂✌️|Slowking-Galar, F, shiny|100/100
|-prepare|p2a: Slowking|Chilly Reception|[premajor]
|move|p2a: Slowking|Chilly Reception|p2a: Slowking
|-weather|Snowscape
|
|t:|1780967631
|switch|p2a: Overqwil|Overqwil, F|100/100|[from] Chilly Reception
|-ability|p2a: Overqwil|Intimidate|boost
|-unboost|p1a: BoySlowDown😭😂✌️|atk|1
|
|-weather|Snowscape|[upkeep]
|upkeep
|turn|4
|
|t:|1780967643
|switch|p1a: Perc Nowitzki|Weezing-Galar, F|100/100
|-ability|p1a: Perc Nowitzki|Neutralizing Gas
|move|p2a: Overqwil|Gunk Shot|p1a: Perc Nowitzki
|-damage|p1a: Perc Nowitzki|69/100
|
|-weather|Snowscape|[upkeep]
|upkeep
|turn|5
|
|t:|1780967654
|switch|p2a: Landorus|Landorus-Therian, M|100/100
|move|p1a: Perc Nowitzki|Defog|p2a: Landorus
|-unboost|p2a: Landorus|evasion|1
|-sideend|p1: Palm X|Stealth Rock|[from] move: Defog|[of] p1a: Perc Nowitzki
|
|-weather|Snowscape|[upkeep]
|upkeep
|turn|6
|
|t:|1780967658
|move|p2a: Landorus|Stealth Rock|p1a: Perc Nowitzki
|-sidestart|p1: Palm X|move: Stealth Rock
|move|p1a: Perc Nowitzki|Will-O-Wisp|p2a: Landorus
|-status|p2a: Landorus|brn
|
|-weather|Snowscape|[upkeep]
|-damage|p2a: Landorus|94/100 brn|[from] brn
|upkeep
|turn|7
|
|t:|1780967664
|-end|p1a: Perc Nowitzki|ability: Neutralizing Gas
|-ability|p2a: Landorus|Intimidate|boost
|-unboost|p1a: Perc Nowitzki|atk|1
|switch|p1a: BoySlowDown😭😂✌️|Slowking-Galar, F, shiny|100/100
|move|p2a: Landorus|Earth Power|p1a: BoySlowDown😭😂✌️
|-supereffective|p1a: BoySlowDown😭😂✌️
|-damage|p1a: BoySlowDown😭😂✌️|65/100
|
|-weather|none
|-damage|p2a: Landorus|88/100 brn|[from] brn
|upkeep
|turn|8
|
|t:|1780967674
|move|p2a: Landorus|U-turn|p1a: BoySlowDown😭😂✌️
|-damage|p1a: BoySlowDown😭😂✌️|56/100
|
|t:|1780967677
|switch|p2a: Gholdengo|Gholdengo|100/100|[from] U-turn
|-item|p2a: Gholdengo|Air Balloon
|-prepare|p1a: BoySlowDown😭😂✌️|Chilly Reception|[premajor]
|move|p1a: BoySlowDown😭😂✌️|Chilly Reception|p1a: BoySlowDown😭😂✌️
|-weather|Snowscape
|
|t:|1780967682
|switch|p1a: Dragoonette|Dragapult, F, shiny|100/100|[from] Chilly Reception
|
|-weather|Snowscape|[upkeep]
|upkeep
|turn|9
|
|t:|1780967688
|move|p1a: Dragoonette|U-turn|p2a: Gholdengo
|-resisted|p2a: Gholdengo
|-damage|p2a: Gholdengo|97/100
|-enditem|p2a: Gholdengo|Air Balloon
|
|t:|1780967691
|switch|p1a: LuLu on dat BUTT|Ting-Lu|100/100|[from] U-turn
|-damage|p1a: LuLu on dat BUTT|94/100|[from] Stealth Rock
|-ability|p1a: LuLu on dat BUTT|Vessel of Ruin
|move|p2a: Gholdengo|Shadow Ball|p1a: LuLu on dat BUTT
|-resisted|p1a: LuLu on dat BUTT
|-damage|p1a: LuLu on dat BUTT|87/100
|
|-weather|Snowscape|[upkeep]
|-heal|p1a: LuLu on dat BUTT|93/100|[from] item: Leftovers
|upkeep
|turn|10
|
|t:|1780967697
|switch|p2a: Tauros|Tauros-Paldea-Aqua, M|100/100
|-ability|p2a: Tauros|Intimidate|boost
|-unboost|p1a: LuLu on dat BUTT|atk|1
|move|p1a: LuLu on dat BUTT|Stealth Rock|p2a: Tauros
|-sidestart|p2: suprya|move: Stealth Rock
|
|-weather|Snowscape|[upkeep]
|-heal|p1a: LuLu on dat BUTT|99/100|[from] item: Leftovers
|upkeep
|turn|11
|
|t:|1780967707
|switch|p1a: Dragoonette|Dragapult, F, shiny|100/100
|move|p2a: Tauros|Raging Bull|p1a: Dragoonette
|-resisted|p1a: Dragoonette
|-damage|p1a: Dragoonette|73/100
|
|-weather|Snowscape|[upkeep]
|upkeep
|turn|12
|
|t:|1780967713
|switch|p2a: Slowking|Slowking-Galar, F|100/100 brn
|move|p1a: Dragoonette|Thunder Wave||[still]
|-fail|p1a: Dragoonette
|
|-weather|none
|-damage|p2a: Slowking|94/100 brn|[from] brn
|upkeep
|turn|13
|
|t:|1780967716
|move|p1a: Dragoonette|Hex|p2a: Slowking
|-supereffective|p2a: Slowking
|-damage|p2a: Slowking|33/100 brn
|move|p2a: Slowking|Thunder Wave|p1a: Dragoonette
|-status|p1a: Dragoonette|par
|
|-damage|p2a: Slowking|27/100 brn|[from] brn
|upkeep
|turn|14
|
|t:|1780967726
|switch|p2a: Gholdengo|Gholdengo|97/100
|-damage|p2a: Gholdengo|91/100|[from] Stealth Rock
|move|p1a: Dragoonette|Dragon Darts|p2a: Gholdengo
|-resisted|p2a: Gholdengo
|-damage|p2a: Gholdengo|84/100
|-anim|p1a: Dragoonette|Dragon Darts|p2a: Gholdengo
|-resisted|p2a: Gholdengo
|-damage|p2a: Gholdengo|76/100
|
|upkeep
|turn|15
|
|t:|1780967737
|switch|p1a: LuLu on dat BUTT|Ting-Lu|99/100
|-damage|p1a: LuLu on dat BUTT|93/100|[from] Stealth Rock
|-ability|p1a: LuLu on dat BUTT|Vessel of Ruin
|move|p2a: Gholdengo|Shadow Ball|p1a: LuLu on dat BUTT
|-resisted|p1a: LuLu on dat BUTT
|-damage|p1a: LuLu on dat BUTT|86/100
|-unboost|p1a: LuLu on dat BUTT|spd|1
|
|-heal|p1a: LuLu on dat BUTT|92/100|[from] item: Leftovers
|upkeep
|turn|16
|
|t:|1780967744
|switch|p2a: Tauros|Tauros-Paldea-Aqua, M|100/100
|-damage|p2a: Tauros|95/100|[from] Stealth Rock
|-ability|p2a: Tauros|Intimidate|boost
|-unboost|p1a: LuLu on dat BUTT|atk|1
|move|p1a: LuLu on dat BUTT|Ruination|p2a: Tauros
|-damage|p2a: Tauros|48/100
|
|-heal|p1a: LuLu on dat BUTT|98/100|[from] item: Leftovers
|upkeep
|turn|17
|
|t:|1780967758
|move|p2a: Tauros|Raging Bull|p1a: LuLu on dat BUTT
|-supereffective|p1a: LuLu on dat BUTT
|-damage|p1a: LuLu on dat BUTT|55/100
|move|p1a: LuLu on dat BUTT|Earthquake|p2a: Tauros
|-damage|p2a: Tauros|22/100
|
|-heal|p1a: LuLu on dat BUTT|61/100|[from] item: Leftovers
|upkeep
|turn|18
|
|t:|1780967767
|switch|p1a: Dragoonette|Dragapult, F, shiny|73/100 par
|move|p2a: Tauros|Close Combat|p1a: Dragoonette
|-immune|p1a: Dragoonette
|
|upkeep
|turn|19
|
|t:|1780967782
|switch|p2a: Overqwil|Overqwil, F|100/100
|-ability|p2a: Overqwil|Intimidate|boost
|-unboost|p1a: Dragoonette|atk|1
|cant|p1a: Dragoonette|par
|
|upkeep
|turn|20
|
|t:|1780967793
|cant|p1a: Dragoonette|par
|move|p2a: Overqwil|Spikes|p1a: Dragoonette
|-sidestart|p1: Palm X|Spikes
|
|upkeep
|turn|21
|
|t:|1780967800
|switch|p1a: NoDominicanPapi|Moltres, shiny|100/100
|move|p2a: Overqwil|Crunch|p1a: NoDominicanPapi
|-damage|p1a: NoDominicanPapi|78/100
|
|upkeep
|turn|22
|
|t:|1780967806
|switch|p2a: Slowking|Slowking-Galar, F|61/100 brn
|move|p1a: NoDominicanPapi|Roost|p1a: NoDominicanPapi
|-heal|p1a: NoDominicanPapi|100/100
|-singleturn|p1a: NoDominicanPapi|move: Roost
|
|-damage|p2a: Slowking|55/100 brn|[from] brn
|upkeep
|turn|23
|
|t:|1780967811
|switch|p1a: Dragoonette|Dragapult, F, shiny|73/100 par
|-prepare|p2a: Slowking|Chilly Reception|[premajor]
|move|p2a: Slowking|Chilly Reception|p2a: Slowking
|-weather|Snowscape
|
|t:|1780967816
|switch|p2a: Salamence|Salamence, M|100/100|[from] Chilly Reception
|-ability|p2a: Salamence|Intimidate|boost
|-unboost|p1a: Dragoonette|atk|1
|
|-weather|Snowscape|[upkeep]
|upkeep
|turn|24
|
|t:|1780967823
|move|p2a: Salamence|Draco Meteor|p1a: Dragoonette
|-supereffective|p1a: Dragoonette
|-damage|p1a: Dragoonette|0 fnt
|-unboost|p2a: Salamence|spa|2
|faint|p1a: Dragoonette
|
|-weather|Snowscape|[upkeep]
|upkeep
|
|t:|1780967833
|switch|p1a: BoySlowDown😭😂✌️|Slowking-Galar, F, shiny|89/100
|turn|25
|
|t:|1780967842
|switch|p2a: Overqwil|Overqwil, F|100/100
|-ability|p2a: Overqwil|Intimidate|boost
|-unboost|p1a: BoySlowDown😭😂✌️|atk|1
|move|p1a: BoySlowDown😭😂✌️|Future Sight|p2a: Overqwil
|-start|p1a: BoySlowDown😭😂✌️|move: Future Sight
|
|-weather|Snowscape|[upkeep]
|upkeep
|turn|26
|
|t:|1780967853
|move|p2a: Overqwil|Gunk Shot|p1a: BoySlowDown😭😂✌️
|-resisted|p1a: BoySlowDown😭😂✌️
|-damage|p1a: BoySlowDown😭😂✌️|65/100
|-prepare|p1a: BoySlowDown😭😂✌️|Chilly Reception|[premajor]
|move|p1a: BoySlowDown😭😂✌️|Chilly Reception|p1a: BoySlowDown😭😂✌️
|
|t:|1780967855
|switch|p1a: BillionsMustIDef|Zamazenta|100/100|[from] Chilly Reception
|-damage|p1a: BillionsMustIDef|94/100|[from] Stealth Rock
|-damage|p1a: BillionsMustIDef|82/100|[from] Spikes
|-ability|p1a: BillionsMustIDef|Dauntless Shield|boost
|-boost|p1a: BillionsMustIDef|def|1
|
|-weather|Snowscape|[upkeep]
|-heal|p1a: BillionsMustIDef|88/100|[from] item: Leftovers
|upkeep
|turn|27
|
|t:|1780967861
|move|p1a: BillionsMustIDef|Body Press|p2a: Overqwil
|-damage|p2a: Overqwil|70/100
|move|p2a: Overqwil|Gunk Shot|p1a: BillionsMustIDef
|-damage|p1a: BillionsMustIDef|62/100
|-status|p1a: BillionsMustIDef|psn
|
|-weather|none
|-end|p2a: Overqwil|move: Future Sight
|-immune|p2a: Overqwil
|-heal|p1a: BillionsMustIDef|68/100 psn|[from] item: Leftovers
|-damage|p1a: BillionsMustIDef|56/100 psn|[from] psn
|upkeep
|turn|28
|
|t:|1780967878
|switch|p2a: Salamence|Salamence, M|100/100
|-ability|p2a: Salamence|Intimidate|boost
|-unboost|p1a: BillionsMustIDef|atk|1
|move|p1a: BillionsMustIDef|Stone Edge|p2a: Salamence
|-supereffective|p2a: Salamence
|-damage|p2a: Salamence|68/100
|
|-heal|p1a: BillionsMustIDef|62/100 psn|[from] item: Leftovers
|-damage|p1a: BillionsMustIDef|50/100 psn|[from] psn
|upkeep
|turn|29
|
|t:|1780967887
|switch|p1a: NoDominicanPapi|Moltres, shiny|100/100
|move|p2a: Salamence|Roost|p2a: Salamence
|-heal|p2a: Salamence|100/100
|-singleturn|p2a: Salamence|move: Roost
|
|upkeep
|turn|30
|
|t:|1780967891
|move|p2a: Salamence|Hurricane|p1a: NoDominicanPapi
|-damage|p1a: NoDominicanPapi|57/100
|move|p1a: NoDominicanPapi|Flamethrower|p2a: Salamence
|-resisted|p2a: Salamence
|-damage|p2a: Salamence|82/100
|
|upkeep
|turn|31
|
|t:|1780967898
|switch|p1a: Perc Nowitzki|Weezing-Galar, F|69/100
|-ability|p1a: Perc Nowitzki|Neutralizing Gas
|move|p2a: Salamence|Draco Meteor|p1a: Perc Nowitzki
|-immune|p1a: Perc Nowitzki
|
|upkeep
|turn|32
|
|t:|1780967902
|-end|p1a: Perc Nowitzki|ability: Neutralizing Gas
|-ability|p2a: Salamence|Intimidate|boost
|-unboost|p1a: Perc Nowitzki|atk|1
|switch|p1a: LuLu on dat BUTT|Ting-Lu|61/100
|-damage|p1a: LuLu on dat BUTT|55/100|[from] Stealth Rock
|-damage|p1a: LuLu on dat BUTT|42/100|[from] Spikes
|-ability|p1a: LuLu on dat BUTT|Vessel of Ruin
|move|p2a: Salamence|Hurricane|p1a: LuLu on dat BUTT
|-damage|p1a: LuLu on dat BUTT|25/100
|-start|p1a: LuLu on dat BUTT|confusion
|
|-heal|p1a: LuLu on dat BUTT|32/100|[from] item: Leftovers
|upkeep
|turn|33
|
|t:|1780967916
|switch|p2a: Tauros|Tauros-Paldea-Aqua, M|22/100
|-damage|p2a: Tauros|16/100|[from] Stealth Rock
|-ability|p2a: Tauros|Intimidate|boost
|-unboost|p1a: LuLu on dat BUTT|atk|1
|-activate|p1a: LuLu on dat BUTT|confusion
|move|p1a: LuLu on dat BUTT|Ruination|p2a: Tauros
|-damage|p2a: Tauros|8/100
|
|-heal|p1a: LuLu on dat BUTT|38/100|[from] item: Leftovers
|upkeep
|turn|34
|
|t:|1780967927
|switch|p1a: BoySlowDown😭😂✌️|Slowking-Galar, F, shiny|98/100
|move|p2a: Tauros|Raging Bull|p1a: BoySlowDown😭😂✌️
|-damage|p1a: BoySlowDown😭😂✌️|57/100
|
|upkeep
|turn|35
|
|t:|1780967934
|-terastallize|p2a: Tauros|Water
|move|p2a: Tauros|Raging Bull|p1a: BoySlowDown😭😂✌️
|-damage|p1a: BoySlowDown😭😂✌️|3/100
|move|p1a: BoySlowDown😭😂✌️|Sludge Bomb|p2a: Tauros
|-damage|p2a: Tauros|0 fnt
|faint|p2a: Tauros
|
|upkeep
|
|t:|1780967947
|switch|p2a: Landorus|Landorus-Therian, M|88/100 brn
|-damage|p2a: Landorus|76/100 brn|[from] Stealth Rock
|-ability|p2a: Landorus|Intimidate|boost
|-unboost|p1a: BoySlowDown😭😂✌️|atk|1
|turn|36
|
|t:|1780967951
|switch|p1a: NoDominicanPapi|Moltres, shiny|57/100
|move|p2a: Landorus|U-turn|p1a: NoDominicanPapi
|-resisted|p1a: NoDominicanPapi
|-damage|p1a: NoDominicanPapi|55/100
|
|t:|1780967953
|switch|p2a: Salamence|Salamence, M|82/100|[from] U-turn
|-ability|p2a: Salamence|Intimidate|boost
|-unboost|p1a: NoDominicanPapi|atk|1
|
|upkeep
|turn|37
|
|t:|1780967958
|switch|p1a: BoySlowDown😭😂✌️|Slowking-Galar, F, shiny|36/100
|move|p2a: Salamence|Draco Meteor|p1a: BoySlowDown😭😂✌️
|-damage|p1a: BoySlowDown😭😂✌️|7/100
|-unboost|p2a: Salamence|spa|2
|
|upkeep
|turn|38
|
|t:|1780967968
|switch|p1a: LuLu on dat BUTT|Ting-Lu|38/100
|-damage|p1a: LuLu on dat BUTT|32/100|[from] Stealth Rock
|-damage|p1a: LuLu on dat BUTT|19/100|[from] Spikes
|-ability|p1a: LuLu on dat BUTT|Vessel of Ruin
|move|p2a: Salamence|Hurricane|p1a: LuLu on dat BUTT
|-damage|p1a: LuLu on dat BUTT|10/100
|
|-heal|p1a: LuLu on dat BUTT|16/100|[from] item: Leftovers
|upkeep
|turn|39
|
|t:|1780967978
|switch|p2a: Overqwil|Overqwil, F|70/100
|-ability|p2a: Overqwil|Intimidate|boost
|-unboost|p1a: LuLu on dat BUTT|atk|1
|move|p1a: LuLu on dat BUTT|Earthquake|p2a: Overqwil
|-supereffective|p2a: Overqwil
|-damage|p2a: Overqwil|36/100
|
|-heal|p1a: LuLu on dat BUTT|22/100|[from] item: Leftovers
|upkeep
|turn|40
|j| Hakone Outbound
|
|t:|1780967987
|switch|p2a: Salamence|Salamence, M|82/100
|-ability|p2a: Salamence|Intimidate|boost
|-unboost|p1a: LuLu on dat BUTT|atk|1
|move|p1a: LuLu on dat BUTT|Earthquake|p2a: Salamence
|-immune|p2a: Salamence
|
|-heal|p1a: LuLu on dat BUTT|28/100|[from] item: Leftovers
|upkeep
|turn|41
|l| Hakone Outbound
|
|t:|1780967992
|move|p2a: Salamence|Hurricane|p1a: LuLu on dat BUTT
|-damage|p1a: LuLu on dat BUTT|10/100
|move|p1a: LuLu on dat BUTT|Ruination|p2a: Salamence
|-damage|p2a: Salamence|41/100
|
|-heal|p1a: LuLu on dat BUTT|16/100|[from] item: Leftovers
|upkeep
|turn|42
|
|t:|1780967998
|switch|p1a: BillionsMustIDef|Zamazenta|50/100 psn
|-damage|p1a: BillionsMustIDef|44/100 psn|[from] Stealth Rock
|-damage|p1a: BillionsMustIDef|31/100 psn|[from] Spikes
|move|p2a: Salamence|Hurricane|p1a: BillionsMustIDef
|-supereffective|p1a: BillionsMustIDef
|-damage|p1a: BillionsMustIDef|0 fnt
|faint|p1a: BillionsMustIDef
|
|upkeep
|
|t:|1780968001
|switch|p1a: BoySlowDown😭😂✌️|Slowking-Galar, F, shiny|40/100
|turn|43
|
|t:|1780968006
|switch|p2a: Gholdengo|Gholdengo|76/100
|-damage|p2a: Gholdengo|70/100|[from] Stealth Rock
|move|p1a: BoySlowDown😭😂✌️|Sludge Bomb|p2a: Gholdengo
|-immune|p2a: Gholdengo
|
|upkeep
|turn|44
|
|t:|1780968014
|switch|p1a: LuLu on dat BUTT|Ting-Lu|16/100
|-damage|p1a: LuLu on dat BUTT|10/100|[from] Stealth Rock
|-damage|p1a: LuLu on dat BUTT|0 fnt|[from] Spikes
|faint|p1a: LuLu on dat BUTT
|move|p2a: Gholdengo|Shadow Ball|p1: LuLu on dat BUTT|[notarget]
|-fail|p2a: Gholdengo
|
|upkeep
|
|t:|1780968016
|switch|p1a: NoDominicanPapi|Moltres, shiny|55/100
|turn|45
|
|t:|1780968021
|switch|p2a: Slowking|Slowking-Galar, F|88/100 brn
|move|p1a: NoDominicanPapi|Roost|p1a: NoDominicanPapi
|-heal|p1a: NoDominicanPapi|100/100
|-singleturn|p1a: NoDominicanPapi|move: Roost
|
|-damage|p2a: Slowking|82/100 brn|[from] brn
|upkeep
|turn|46
|
|t:|1780968028
|move|p1a: NoDominicanPapi|Hurricane|p2a: Slowking|[miss]
|-miss|p1a: NoDominicanPapi|p2a: Slowking
|move|p2a: Slowking|Future Sight|p1a: NoDominicanPapi
|-start|p2a: Slowking|move: Future Sight
|
|-damage|p2a: Slowking|76/100 brn|[from] brn
|upkeep
|turn|47
|
|t:|1780968033
|switch|p1a: BoySlowDown😭😂✌️|Slowking-Galar, F, shiny|73/100
|move|p2a: Slowking|Thunder Wave|p1a: BoySlowDown😭😂✌️
|-status|p1a: BoySlowDown😭😂✌️|par
|
|-damage|p2a: Slowking|70/100 brn|[from] brn
|upkeep
|turn|48
|
|t:|1780968041
|-prepare|p2a: Slowking|Chilly Reception|[premajor]
|move|p2a: Slowking|Chilly Reception|p2a: Slowking
|-weather|Snowscape
|
|t:|1780968043
|switch|p2a: Gholdengo|Gholdengo|70/100|[from] Chilly Reception
|-damage|p2a: Gholdengo|64/100|[from] Stealth Rock
|move|p1a: BoySlowDown😭😂✌️|Sludge Bomb|p2a: Gholdengo
|-immune|p2a: Gholdengo
|
|-weather|Snowscape|[upkeep]
|-end|p1a: BoySlowDown😭😂✌️|move: Future Sight
|-damage|p1a: BoySlowDown😭😂✌️|44/100 par
|upkeep
|turn|49
|
|t:|1780968050
|move|p2a: Gholdengo|Recover|p2a: Gholdengo
|-heal|p2a: Gholdengo|100/100
|cant|p1a: BoySlowDown😭😂✌️|par
|
|-weather|Snowscape|[upkeep]
|upkeep
|turn|50
|
|t:|1780968054
|move|p2a: Gholdengo|Shadow Ball|p1a: BoySlowDown😭😂✌️
|-supereffective|p1a: BoySlowDown😭😂✌️
|-damage|p1a: BoySlowDown😭😂✌️|6/100 par
|-prepare|p1a: BoySlowDown😭😂✌️|Chilly Reception|[premajor]
|move|p1a: BoySlowDown😭😂✌️|Chilly Reception|p1a: BoySlowDown😭😂✌️
|
|t:|1780968057
|switch|p1a: NoDominicanPapi|Moltres, shiny|100/100|[from] Chilly Reception
|
|-weather|Snowscape|[upkeep]
|upkeep
|turn|51
|
|t:|1780968061
|switch|p2a: Slowking|Slowking-Galar, F|100/100 brn
|move|p1a: NoDominicanPapi|Flamethrower|p2a: Slowking
|-damage|p2a: Slowking|77/100 brn
|
|-weather|Snowscape|[upkeep]
|-damage|p2a: Slowking|71/100 brn|[from] brn
|upkeep
|turn|52
|inactive|suprya has 120 seconds left.
|
|t:|1780968108
|move|p1a: NoDominicanPapi|Flamethrower|p2a: Slowking
|-damage|p2a: Slowking|49/100 brn
|-prepare|p2a: Slowking|Chilly Reception|[premajor]
|move|p2a: Slowking|Chilly Reception|p2a: Slowking
|inactive|suprya has 90 seconds left.
|
|t:|1780968139
|switch|p2a: Landorus|Landorus-Therian, M|76/100 brn|[from] Chilly Reception
|-damage|p2a: Landorus|64/100 brn|[from] Stealth Rock
|-ability|p2a: Landorus|Intimidate|boost
|-unboost|p1a: NoDominicanPapi|atk|1
|
|-weather|none
|-damage|p2a: Landorus|58/100 brn|[from] brn
|upkeep
|turn|53
|
|t:|1780968150
|move|p2a: Landorus|U-turn|p1a: NoDominicanPapi
|-resisted|p1a: NoDominicanPapi
|-damage|p1a: NoDominicanPapi|99/100
|
|t:|1780968152
|switch|p2a: Slowking|Slowking-Galar, F|82/100 brn|[from] U-turn
|move|p1a: NoDominicanPapi|Hurricane|p2a: Slowking
|-damage|p2a: Slowking|54/100 brn
|
|-damage|p2a: Slowking|48/100 brn|[from] brn
|upkeep
|turn|54
|
|t:|1780968159
|switch|p1a: BoySlowDown😭😂✌️|Slowking-Galar, F, shiny|39/100 par
|move|p2a: Slowking|Thunder Wave|p1a: BoySlowDown😭😂✌️
|-fail|p1a: BoySlowDown😭😂✌️|par
|
|-damage|p2a: Slowking|42/100 brn|[from] brn
|upkeep
|turn|55
|
|t:|1780968164
|move|p2a: Slowking|Future Sight|p1a: BoySlowDown😭😂✌️
|-start|p2a: Slowking|move: Future Sight
|-prepare|p1a: BoySlowDown😭😂✌️|Chilly Reception|[premajor]
|move|p1a: BoySlowDown😭😂✌️|Chilly Reception|p1a: BoySlowDown😭😂✌️
|-weather|Snowscape
|
|t:|1780968167
|switch|p1a: NoDominicanPapi|Moltres, shiny|99/100|[from] Chilly Reception
|
|-weather|Snowscape|[upkeep]
|-damage|p2a: Slowking|36/100 brn|[from] brn
|upkeep
|turn|56
|
|t:|1780968176
|switch|p1a: BoySlowDown😭😂✌️|Slowking-Galar, F, shiny|72/100 par
|switch|p2a: Landorus|Landorus-Therian, M|58/100 brn
|-damage|p2a: Landorus|46/100 brn|[from] Stealth Rock
|-ability|p2a: Landorus|Intimidate|boost
|-unboost|p1a: BoySlowDown😭😂✌️|atk|1
|
|-weather|Snowscape|[upkeep]
|-damage|p2a: Landorus|40/100 brn|[from] brn
|upkeep
|turn|57
|inactive|suprya has 120 seconds left.
|
|t:|1780968184
|move|p2a: Landorus|Earth Power|p1a: BoySlowDown😭😂✌️
|-supereffective|p1a: BoySlowDown😭😂✌️
|-damage|p1a: BoySlowDown😭😂✌️|32/100 par
|move|p1a: BoySlowDown😭😂✌️|Future Sight|p2a: Landorus
|-start|p1a: BoySlowDown😭😂✌️|move: Future Sight
|
|-weather|Snowscape|[upkeep]
|-end|p1a: BoySlowDown😭😂✌️|move: Future Sight
|-damage|p1a: BoySlowDown😭😂✌️|7/100 par
|-damage|p2a: Landorus|33/100 brn|[from] brn
|upkeep
|turn|58
|inactive|suprya has 120 seconds left.
|
|t:|1780968194
|switch|p1a: NoDominicanPapi|Moltres, shiny|99/100
|move|p2a: Landorus|U-turn|p1a: NoDominicanPapi
|-resisted|p1a: NoDominicanPapi
|-damage|p1a: NoDominicanPapi|97/100
|inactive|suprya has 120 seconds left.
|
|t:|1780968201
|switch|p2a: Slowking|Slowking-Galar, F|69/100 brn|[from] U-turn
|
|-weather|Snowscape|[upkeep]
|-damage|p2a: Slowking|63/100 brn|[from] brn
|upkeep
|turn|59
|
|t:|1780968206
|move|p1a: NoDominicanPapi|Flamethrower|p2a: Slowking
|-damage|p2a: Slowking|42/100 brn
|-prepare|p2a: Slowking|Chilly Reception|[premajor]
|move|p2a: Slowking|Chilly Reception|p2a: Slowking
|
|t:|1780968209
|switch|p2a: Overqwil|Overqwil, F|36/100|[from] Chilly Reception
|-ability|p2a: Overqwil|Intimidate|boost
|-unboost|p1a: NoDominicanPapi|atk|1
|
|-weather|none
|-end|p2a: Overqwil|move: Future Sight
|-immune|p2a: Overqwil
|upkeep
|turn|60
|
|t:|1780968218
|move|p1a: NoDominicanPapi|Flamethrower|p2a: Overqwil
|-damage|p2a: Overqwil|0 fnt
|faint|p2a: Overqwil
|
|upkeep
|
|t:|1780968219
|switch|p2a: Slowking|Slowking-Galar, F|76/100 brn
|turn|61
|
|t:|1780968222
|switch|p1a: Perc Nowitzki|Weezing-Galar, F|69/100
|-ability|p1a: Perc Nowitzki|Neutralizing Gas
|move|p2a: Slowking|Future Sight|p1a: Perc Nowitzki
|-start|p2a: Slowking|move: Future Sight
|
|-damage|p2a: Slowking|70/100 brn|[from] brn
|upkeep
|turn|62
|
|t:|1780968235
|move|p1a: Perc Nowitzki|Strange Steam|p2a: Slowking
|-resisted|p2a: Slowking
|-damage|p2a: Slowking|61/100 brn
|move|p2a: Slowking|Sludge Bomb|p1a: Perc Nowitzki
|-crit|p1a: Perc Nowitzki
|-damage|p1a: Perc Nowitzki|0 fnt
|faint|p1a: Perc Nowitzki
|-end|p1a: Perc Nowitzki|ability: Neutralizing Gas
|
|-damage|p2a: Slowking|55/100 brn|[from] brn
|upkeep
|
|t:|1780968241
|switch|p1a: BoySlowDown😭😂✌️|Slowking-Galar, F, shiny|41/100 par
|turn|63
|
|t:|1780968249
|-prepare|p2a: Slowking|Chilly Reception|[premajor]
|move|p2a: Slowking|Chilly Reception|p2a: Slowking
|-weather|Snowscape
|
|t:|1780968252
|switch|p2a: Landorus|Landorus-Therian, M|33/100 brn|[from] Chilly Reception
|-damage|p2a: Landorus|21/100 brn|[from] Stealth Rock
|-ability|p2a: Landorus|Intimidate|boost
|-unboost|p1a: BoySlowDown😭😂✌️|atk|1
|cant|p1a: BoySlowDown😭😂✌️|par
|
|-weather|Snowscape|[upkeep]
|-end|p1a: BoySlowDown😭😂✌️|move: Future Sight
|-damage|p1a: BoySlowDown😭😂✌️|11/100 par
|-damage|p2a: Landorus|15/100 brn|[from] brn
|upkeep
|turn|64
|
|t:|1780968263
|move|p2a: Landorus|U-turn|p1a: BoySlowDown😭😂✌️
|-damage|p1a: BoySlowDown😭😂✌️|2/100 par
|
|t:|1780968265
|switch|p2a: Slowking|Slowking-Galar, F|89/100 brn|[from] U-turn
|-prepare|p1a: BoySlowDown😭😂✌️|Chilly Reception|[premajor]
|move|p1a: BoySlowDown😭😂✌️|Chilly Reception|p1a: BoySlowDown😭😂✌️
|
|t:|1780968270
|switch|p1a: NoDominicanPapi|Moltres, shiny|97/100|[from] Chilly Reception
|
|-weather|Snowscape|[upkeep]
|-damage|p2a: Slowking|82/100 brn|[from] brn
|upkeep
|turn|65
|
|t:|1780968273
|move|p1a: NoDominicanPapi|Hurricane|p2a: Slowking
|-damage|p2a: Slowking|56/100 brn
|-start|p2a: Slowking|confusion
|-activate|p2a: Slowking|confusion
|move|p2a: Slowking|Future Sight|p1a: NoDominicanPapi
|-start|p2a: Slowking|move: Future Sight
|
|-weather|Snowscape|[upkeep]
|-damage|p2a: Slowking|50/100 brn|[from] brn
|upkeep
|turn|66
|
|t:|1780968281
|move|p1a: NoDominicanPapi|Hurricane|p2a: Slowking
|-damage|p2a: Slowking|24/100 brn
|-activate|p2a: Slowking|confusion
|move|p2a: Slowking|Thunder Wave|p1a: NoDominicanPapi
|-status|p1a: NoDominicanPapi|par
|
|-weather|Snowscape|[upkeep]
|-damage|p2a: Slowking|18/100 brn|[from] brn
|upkeep
|turn|67
|
|t:|1780968288
|switch|p2a: Landorus|Landorus-Therian, M|15/100 brn
|-damage|p2a: Landorus|3/100 brn|[from] Stealth Rock
|-ability|p2a: Landorus|Intimidate|boost
|-unboost|p1a: NoDominicanPapi|atk|1
|cant|p1a: NoDominicanPapi|par
|
|-weather|none
|-end|p1a: NoDominicanPapi|move: Future Sight
|-damage|p1a: NoDominicanPapi|51/100 par
|-damage|p2a: Landorus|0 fnt|[from] brn
|faint|p2a: Landorus
|upkeep
|
|t:|1780968300
|switch|p2a: Salamence|Salamence, M|41/100
|-ability|p2a: Salamence|Intimidate|boost
|-unboost|p1a: NoDominicanPapi|atk|1
|turn|68
|
|t:|1780968304
|move|p2a: Salamence|Draco Meteor|p1a: NoDominicanPapi|[miss]
|-miss|p2a: Salamence|p1a: NoDominicanPapi
|move|p1a: NoDominicanPapi|Roost|p1a: NoDominicanPapi
|-heal|p1a: NoDominicanPapi|100/100 par
|-singleturn|p1a: NoDominicanPapi|move: Roost
|
|upkeep
|turn|69
|
|t:|1780968309
|switch|p1a: BoySlowDown😭😂✌️|Slowking-Galar, F, shiny|35/100 par
|move|p2a: Salamence|Roost|p2a: Salamence
|-heal|p2a: Salamence|91/100
|-singleturn|p2a: Salamence|move: Roost
|
|upkeep
|turn|70
|
|t:|1780968314
|move|p2a: Salamence|Hurricane|p1a: BoySlowDown😭😂✌️|[miss]
|-miss|p2a: Salamence|p1a: BoySlowDown😭😂✌️
|move|p1a: BoySlowDown😭😂✌️|Toxic|p2a: Salamence
|-status|p2a: Salamence|tox
|
|-damage|p2a: Salamence|85/100 tox|[from] psn
|upkeep
|turn|71
|
|t:|1780968319
|move|p2a: Salamence|Hurricane|p1a: BoySlowDown😭😂✌️|[miss]
|-miss|p2a: Salamence|p1a: BoySlowDown😭😂✌️
|-prepare|p1a: BoySlowDown😭😂✌️|Chilly Reception|[premajor]
|move|p1a: BoySlowDown😭😂✌️|Chilly Reception|p1a: BoySlowDown😭😂✌️
|-weather|Snowscape
|
|t:|1780968321
|switch|p1a: NoDominicanPapi|Moltres, shiny|100/100 par|[from] Chilly Reception
|
|-weather|Snowscape|[upkeep]
|-damage|p2a: Salamence|73/100 tox|[from] psn
|upkeep
|turn|72
|
|t:|1780968324
|switch|p1a: BoySlowDown😭😂✌️|Slowking-Galar, F, shiny|68/100 par
|move|p2a: Salamence|Hurricane|p1a: BoySlowDown😭😂✌️
|-damage|p1a: BoySlowDown😭😂✌️|45/100 par
|-start|p1a: BoySlowDown😭😂✌️|confusion
|
|-weather|Snowscape|[upkeep]
|-damage|p2a: Salamence|55/100 tox|[from] psn
|upkeep
|turn|73
|
|t:|1780968330
|switch|p2a: Slowking|Slowking-Galar, F|51/100 brn
|-activate|p1a: BoySlowDown😭😂✌️|confusion
|move|p1a: BoySlowDown😭😂✌️|Future Sight|p2a: Slowking
|-start|p1a: BoySlowDown😭😂✌️|move: Future Sight
|
|-weather|Snowscape|[upkeep]
|-damage|p2a: Slowking|45/100 brn|[from] brn
|upkeep
|turn|74
|
|t:|1780968334
|move|p2a: Slowking|Future Sight|p1a: BoySlowDown😭😂✌️
|-start|p2a: Slowking|move: Future Sight
|-prepare|p1a: BoySlowDown😭😂✌️|Chilly Reception|[premajor]
|-activate|p1a: BoySlowDown😭😂✌️|confusion
|-damage|p1a: BoySlowDown😭😂✌️|40/100 par|[from] confusion
|
|-weather|Snowscape|[upkeep]
|-damage|p2a: Slowking|39/100 brn|[from] brn
|upkeep
|turn|75
|
|t:|1780968348
|-prepare|p2a: Slowking|Chilly Reception|[premajor]
|move|p2a: Slowking|Chilly Reception|p2a: Slowking
|
|t:|1780968350
|switch|p2a: Gholdengo|Gholdengo|100/100|[from] Chilly Reception
|-damage|p2a: Gholdengo|94/100|[from] Stealth Rock
|-prepare|p1a: BoySlowDown😭😂✌️|Chilly Reception|[premajor]
|-activate|p1a: BoySlowDown😭😂✌️|confusion
|cant|p1a: BoySlowDown😭😂✌️|par
|
|-weather|none
|-end|p2a: Gholdengo|move: Future Sight
|-resisted|p2a: Gholdengo
|-damage|p2a: Gholdengo|71/100
|upkeep
|turn|76
|
|t:|1780968360
|move|p2a: Gholdengo|Nasty Plot|p2a: Gholdengo
|-boost|p2a: Gholdengo|spa|2
|-prepare|p1a: BoySlowDown😭😂✌️|Chilly Reception|[premajor]
|-end|p1a: BoySlowDown😭😂✌️|confusion
|move|p1a: BoySlowDown😭😂✌️|Chilly Reception|p1a: BoySlowDown😭😂✌️
|-weather|Snowscape
|
|t:|1780968364
|switch|p1a: NoDominicanPapi|Moltres, shiny|100/100 par|[from] Chilly Reception
|
|-weather|Snowscape|[upkeep]
|-end|p1a: NoDominicanPapi|move: Future Sight
|-damage|p1a: NoDominicanPapi|57/100 par
|upkeep
|turn|77
|
|t:|1780968368
|move|p2a: Gholdengo|Shadow Ball|p1a: NoDominicanPapi
|-damage|p1a: NoDominicanPapi|0 fnt
|faint|p1a: NoDominicanPapi
|
|-weather|Snowscape|[upkeep]
|upkeep
|c|☆Palm X|gg
|-message|Palm X forfeited.
|
|win|suprya
|raw|Palm X's rating: 1676 &rarr; <strong>1658</strong><br />(-18 for losing)
|raw|suprya's rating: 1704 &rarr; <strong>1722</strong><br />(+18 for winning)
|l|☆Palm X
|player|p1|
|l|☆suprya
|player|p2|
|l| yomamacordyceps
