|j|☆Titanosaurus
|j|☆zwardo2000
|t:|1781126507
|gametype|singles
|player|p1|Titanosaurus|byron|1523
|player|p2|zwardo2000|giovanni|1547
|gen|9
|tier|[Gen 9] OU
|rated|
|rule|HP Percentage Mod: HP is shown in percentages
|rule|Endless Battle Clause: Forcing endless battles is banned
|rule|Species Clause: Limit one of each Pokémon
|rule|OHKO Clause: OHKO moves are banned
|rule|Evasion Items Clause: Evasion items are banned
|rule|Evasion Moves Clause: Evasion moves are banned
|rule|Evasion Abilities Clause: Evasion abilities are banned
|rule|Sleep Moves Clause: Sleep-inducing moves are banned
|clearpoke
|poke|p1|Galvantula, F|
|poke|p1|Skeledirge, F|
|poke|p1|Cinderace, F|
|poke|p1|Ogerpon-Wellspring, F|
|poke|p1|Kingambit, M|
|poke|p1|Enamorus, F|
|poke|p2|Kyurem|
|poke|p2|Hatterene, F|
|poke|p2|Darkrai|
|poke|p2|Great Tusk|
|poke|p2|Dragonite, F|
|poke|p2|Gholdengo|
|teampreview
|inactive|Battle timer is ON: inactive players will automatically lose when time's up. (requested by Titanosaurus)
|j| SigmaWolf67
|inactive|zwardo2000 has 120 seconds left.
|
|t:|1781126564
|teamsize|p1|6
|teamsize|p2|6
|start
|switch|p1a: Galvantula|Galvantula, F|100/100
|switch|p2a: Darkrai|Darkrai|100/100
|turn|1
|
|t:|1781126576
|switch|p2a: Gholdengo|Gholdengo|100/100
|move|p1a: Galvantula|Thunder|p2a: Gholdengo
|-crit|p2a: Gholdengo
|-damage|p2a: Gholdengo|28/100
|-status|p2a: Gholdengo|par
|
|upkeep
|turn|2
|
|t:|1781126589
|move|p1a: Galvantula|Sticky Web|p2a: Gholdengo
|-sidestart|p2: zwardo2000|move: Sticky Web
|move|p2a: Gholdengo|Psyshock|p1a: Galvantula
|-damage|p1a: Galvantula|46/100
|
|upkeep
|turn|3
|
|t:|1781126595
|switch|p2a: Great Tusk|Great Tusk|100/100
|-activate|p2a: Great Tusk|move: Sticky Web
|-unboost|p2a: Great Tusk|spe|1
|move|p1a: Galvantula|Thunder|p2a: Great Tusk
|-immune|p2a: Great Tusk
|
|upkeep
|turn|4
|
|t:|1781126598
|-terastallize|p1a: Galvantula|Ghost
|move|p1a: Galvantula|Energy Ball|p2a: Great Tusk
|-supereffective|p2a: Great Tusk
|-damage|p2a: Great Tusk|31/100
|move|p2a: Great Tusk|Stealth Rock|p1a: Galvantula
|-sidestart|p1: Titanosaurus|move: Stealth Rock
|
|-heal|p2a: Great Tusk|37/100|[from] item: Leftovers
|upkeep
|turn|5
|
|t:|1781126604
|-end|p2a: Great Tusk|Protosynthesis|[silent]
|switch|p2a: Gholdengo|Gholdengo|28/100 par
|-activate|p2a: Gholdengo|move: Sticky Web
|-unboost|p2a: Gholdengo|spe|1
|move|p1a: Galvantula|Energy Ball|p2a: Gholdengo
|-resisted|p2a: Gholdengo
|-damage|p2a: Gholdengo|15/100 par
|
|upkeep
|turn|6
|
|t:|1781126610
|move|p1a: Galvantula|Thunder|p2a: Gholdengo
|-crit|p2a: Gholdengo
|-damage|p2a: Gholdengo|0 fnt
|faint|p2a: Gholdengo
|
|upkeep
|
|t:|1781126614
|switch|p2a: Darkrai|Darkrai|100/100
|-activate|p2a: Darkrai|move: Sticky Web
|-unboost|p2a: Darkrai|spe|1
|turn|7
|
|t:|1781126617
|move|p2a: Darkrai|Dark Pulse|p1a: Galvantula
|-supereffective|p1a: Galvantula
|-damage|p1a: Galvantula|0 fnt
|faint|p1a: Galvantula
|
|upkeep
|
|t:|1781126620
|switch|p1a: Kingambit|Kingambit, M|100/100
|-damage|p1a: Kingambit|94/100|[from] Stealth Rock
|-activate|p1a: Kingambit|ability: Supreme Overlord
|-start|p1a: Kingambit|fallen1|[silent]
|turn|8
|
|t:|1781126625
|switch|p2a: Great Tusk|Great Tusk|37/100
|-activate|p2a: Great Tusk|move: Sticky Web
|-unboost|p2a: Great Tusk|spe|1
|move|p1a: Kingambit|Swords Dance|p1a: Kingambit
|-boost|p1a: Kingambit|atk|2
|
|-heal|p2a: Great Tusk|43/100|[from] item: Leftovers
|-heal|p1a: Kingambit|100/100|[from] item: Leftovers
|upkeep
|turn|9
|
|t:|1781126630
|move|p2a: Great Tusk|Rapid Spin|p1a: Kingambit
|-resisted|p1a: Kingambit
|-damage|p1a: Kingambit|96/100
|-boost|p2a: Great Tusk|spe|1
|-sideend|p2: zwardo2000|Sticky Web|[from] move: Rapid Spin|[of] p2a: Great Tusk
|move|p1a: Kingambit|Iron Head|p2a: Great Tusk
|-damage|p2a: Great Tusk|0 fnt
|faint|p2a: Great Tusk
|-end|p2a: Great Tusk|Protosynthesis|[silent]
|
|-heal|p1a: Kingambit|100/100|[from] item: Leftovers
|upkeep
|c| SigmaWolf67|not selfweb?
|c|☆zwardo2000|whats that
|
|t:|1781126646
|switch|p2a: Darkrai|Darkrai|100/100
|turn|10
|
|t:|1781126652
|-end|p1a: Kingambit|fallen1|[silent]
|switch|p1a: Enamorus|Enamorus, F|100/100
|-damage|p1a: Enamorus|76/100|[from] Stealth Rock
|move|p2a: Darkrai|Will-O-Wisp|p1a: Enamorus
|-status|p1a: Enamorus|brn
|
|-damage|p1a: Enamorus|69/100 brn|[from] brn
|upkeep
|turn|11
|
|t:|1781126656
|switch|p2a: Hatterene|Hatterene, F|100/100
|move|p1a: Enamorus|Moonblast|p2a: Hatterene
|-damage|p2a: Hatterene|43/100
|
|-damage|p1a: Enamorus|63/100 brn|[from] brn
|upkeep
|turn|12
|
|t:|1781126664
|move|p1a: Enamorus|Moonblast|p2a: Hatterene
|-damage|p2a: Hatterene|0 fnt
|faint|p2a: Hatterene
|
|-damage|p1a: Enamorus|57/100 brn|[from] brn
|upkeep
|
|t:|1781126669
|switch|p2a: Kyurem|Kyurem|100/100
|-ability|p2a: Kyurem|Pressure
|turn|13
|
|t:|1781126674
|switch|p1a: Kingambit|Kingambit, M|100/100
|-damage|p1a: Kingambit|94/100|[from] Stealth Rock
|-activate|p1a: Kingambit|ability: Supreme Overlord
|-start|p1a: Kingambit|fallen1|[silent]
|-terastallize|p2a: Kyurem|Poison
|move|p2a: Kyurem|Freeze-Dry|p1a: Kingambit
|-resisted|p1a: Kingambit
|-damage|p1a: Kingambit|77/100
|
|-heal|p1a: Kingambit|83/100|[from] item: Leftovers
|upkeep
|turn|14
|
|t:|1781126681
|move|p2a: Kyurem|Body Press|p1a: Kingambit
|-supereffective|p1a: Kingambit
|-damage|p1a: Kingambit|20/100
|move|p1a: Kingambit|Iron Head|p2a: Kyurem
|-damage|p2a: Kyurem|61/100
|
|-heal|p1a: Kingambit|26/100|[from] item: Leftovers
|upkeep
|turn|15
|
|t:|1781126684
|switch|p2a: Darkrai|Darkrai|100/100
|move|p1a: Kingambit|Sucker Punch||[still]
|-fail|p1a: Kingambit
|
|-heal|p1a: Kingambit|32/100|[from] item: Leftovers
|upkeep
|turn|16
|
|t:|1781126687
|-end|p1a: Kingambit|fallen1|[silent]
|switch|p1a: Cinderace|Cinderace, F|100/100
|move|p2a: Darkrai|Trick|p1a: Cinderace
|-activate|p2a: Darkrai|move: Trick|[of] p1a: Cinderace
|-item|p1a: Cinderace|Choice Scarf|[from] move: Trick
|-item|p2a: Darkrai|Heavy-Duty Boots|[from] move: Trick
|
|upkeep
|turn|17
|
|t:|1781126693
|move|p1a: Cinderace|Court Change|p1a: Cinderace
|-start|p1a: Cinderace|typechange|Normal|[from] ability: Libero
|-swapsideconditions
|-activate|p1a: Cinderace|move: Court Change
|move|p2a: Darkrai|Will-O-Wisp|p1a: Cinderace
|-status|p1a: Cinderace|brn
|
|-damage|p1a: Cinderace|95/100 brn|[from] brn
|upkeep
|turn|18
|
|t:|1781126702
|switch|p1a: Kingambit|Kingambit, M|32/100
|-activate|p1a: Kingambit|ability: Supreme Overlord
|-start|p1a: Kingambit|fallen1|[silent]
|move|p2a: Darkrai|Ice Beam|p1a: Kingambit
|-resisted|p1a: Kingambit
|-damage|p1a: Kingambit|15/100
|-status|p1a: Kingambit|frz
|
|-heal|p1a: Kingambit|22/100 frz|[from] item: Leftovers
|upkeep
|turn|19
|
|t:|1781126708
|cant|p1a: Kingambit|frz
|move|p2a: Darkrai|Ice Beam|p1a: Kingambit
|-resisted|p1a: Kingambit
|-damage|p1a: Kingambit|5/100 frz
|
|-heal|p1a: Kingambit|11/100 frz|[from] item: Leftovers
|upkeep
|turn|20
|
|t:|1781126711
|cant|p1a: Kingambit|frz
|move|p2a: Darkrai|Ice Beam|p1a: Kingambit
|-resisted|p1a: Kingambit
|-crit|p1a: Kingambit
|-damage|p1a: Kingambit|0 fnt
|faint|p1a: Kingambit
|-end|p1a: Kingambit|fallen1|[silent]
|
|upkeep
|
|t:|1781126714
|switch|p1a: Enamorus|Enamorus, F|57/100 brn
|turn|21
|
|t:|1781126721
|switch|p2a: Kyurem|Kyurem, tera:Poison|61/100
|-damage|p2a: Kyurem|49/100|[from] Stealth Rock
|-ability|p2a: Kyurem|Pressure
|move|p1a: Enamorus|Moonblast|p2a: Kyurem
|-resisted|p2a: Kyurem
|-damage|p2a: Kyurem|31/100
|
|-damage|p1a: Enamorus|51/100 brn|[from] brn
|upkeep
|turn|22
|
|t:|1781126725
|switch|p1a: Cinderace|Cinderace, F|95/100 brn
|move|p2a: Kyurem|Freeze-Dry|p1a: Cinderace
|-resisted|p1a: Cinderace
|-damage|p1a: Cinderace|70/100 brn
|
|-damage|p1a: Cinderace|64/100 brn|[from] brn
|upkeep
|turn|23
|
|t:|1781126729
|move|p1a: Cinderace|Pyro Ball|p2a: Kyurem
|-damage|p2a: Kyurem|11/100
|move|p2a: Kyurem|Earth Power|p1a: Cinderace
|-supereffective|p1a: Cinderace
|-crit|p1a: Cinderace
|-damage|p1a: Cinderace|0 fnt
|faint|p1a: Cinderace
|
|upkeep
|
|t:|1781126733
|switch|p1a: Enamorus|Enamorus, F|51/100 brn
|turn|24
|
|t:|1781126737
|move|p1a: Enamorus|Moonblast|p2a: Kyurem
|-resisted|p2a: Kyurem
|-damage|p2a: Kyurem|0 fnt
|faint|p2a: Kyurem
|
|-damage|p1a: Enamorus|45/100 brn|[from] brn
|upkeep
|
|t:|1781126738
|switch|p2a: Darkrai|Darkrai|100/100
|turn|25
|
|t:|1781126741
|switch|p1a: Ogerpon|Ogerpon-Wellspring, F|100/100
|move|p2a: Darkrai|Ice Beam|p1a: Ogerpon
|-damage|p1a: Ogerpon|65/100
|
|upkeep
|turn|26
|
|t:|1781126745
|move|p2a: Darkrai|Will-O-Wisp|p1a: Ogerpon|[miss]
|-miss|p2a: Darkrai|p1a: Ogerpon
|move|p1a: Ogerpon|Ivy Cudgel|p2a: Darkrai|[anim] Ivy Cudgel Water
|-damage|p2a: Darkrai|9/100
|
|upkeep
|turn|27
|
|t:|1781126750
|move|p2a: Darkrai|Will-O-Wisp|p1a: Ogerpon
|-status|p1a: Ogerpon|brn
|move|p1a: Ogerpon|Trailblaze|p2a: Darkrai
|-damage|p2a: Darkrai|0 fnt
|-boost|p1a: Ogerpon|spe|1
|faint|p2a: Darkrai
|
|-damage|p1a: Ogerpon|59/100 brn|[from] brn
|upkeep
|
|t:|1781126751
|switch|p2a: Dragonite|Dragonite, F|100/100
|turn|28
|
|t:|1781126755
|move|p1a: Ogerpon|Knock Off|p2a: Dragonite
|-damage|p2a: Dragonite|91/100
|-enditem|p2a: Dragonite|Heavy-Duty Boots|[from] move: Knock Off|[of] p1a: Ogerpon
|move|p2a: Dragonite|Dragon Dance|p2a: Dragonite
|-boost|p2a: Dragonite|atk|1
|-boost|p2a: Dragonite|spe|1
|
|-damage|p1a: Ogerpon|53/100 brn|[from] brn
|upkeep
|turn|29
|
|t:|1781126760
|move|p2a: Dragonite|Extreme Speed|p1a: Ogerpon
|-damage|p1a: Ogerpon|0 fnt
|faint|p1a: Ogerpon
|
|upkeep
|
|t:|1781126763
|switch|p1a: Enamorus|Enamorus, F|45/100 brn
|turn|30
|
|t:|1781126768
|move|p2a: Dragonite|Extreme Speed|p1a: Enamorus
|-damage|p1a: Enamorus|0 fnt
|faint|p1a: Enamorus
|
|upkeep
|
|t:|1781126770
|switch|p1a: Skeledirge|Skeledirge, F|100/100
|turn|31
|
|t:|1781126773
|move|p2a: Dragonite|Earthquake|p1a: Skeledirge
|-supereffective|p1a: Skeledirge
|-damage|p1a: Skeledirge|57/100
|move|p1a: Skeledirge|Will-O-Wisp|p2a: Dragonite
|-status|p2a: Dragonite|brn
|
|-heal|p1a: Skeledirge|63/100|[from] item: Leftovers
|-damage|p2a: Dragonite|85/100 brn|[from] brn
|upkeep
|turn|32
|
|t:|1781126776
|move|p2a: Dragonite|Earthquake|p1a: Skeledirge
|-supereffective|p1a: Skeledirge
|-damage|p1a: Skeledirge|43/100
|move|p1a: Skeledirge|Slack Off|p1a: Skeledirge
|-heal|p1a: Skeledirge|93/100
|
|-heal|p1a: Skeledirge|99/100|[from] item: Leftovers
|-damage|p2a: Dragonite|79/100 brn|[from] brn
|upkeep
|turn|33
|
|t:|1781126779
|move|p2a: Dragonite|Earthquake|p1a: Skeledirge
|-supereffective|p1a: Skeledirge
|-damage|p1a: Skeledirge|76/100
|move|p1a: Skeledirge|Hex|p2a: Dragonite
|-damage|p2a: Dragonite|33/100 brn
|
|-heal|p1a: Skeledirge|82/100|[from] item: Leftovers
|-damage|p2a: Dragonite|26/100 brn|[from] brn
|upkeep
|turn|34
|c|☆Titanosaurus|GG
|c|☆zwardo2000|ggs'
|c|☆Titanosaurus|WP
|
|t:|1781126789
|move|p2a: Dragonite|Earthquake|p1a: Skeledirge
|-supereffective|p1a: Skeledirge
|-crit|p1a: Skeledirge
|-damage|p1a: Skeledirge|50/100
|move|p1a: Skeledirge|Hex|p2a: Dragonite
|-damage|p2a: Dragonite|0 fnt
|faint|p2a: Dragonite
|
|win|Titanosaurus
|raw|Titanosaurus's rating: 1523 &rarr; <strong>1544</strong><br />(+21 for winning)
|raw|zwardo2000's rating: 1547 &rarr; <strong>1526</strong><br />(-21 for losing)
|l| SigmaWolf67
|l|☆zwardo2000
|player|p2|
|l|☆Titanosaurus
|player|p1|
