|j|☆theoddkeystone
|j|☆KurisuChestnutLab
|t:|1781132738
|gametype|singles
|player|p1|theoddkeystone|bruno-gen2|1613
|player|p2|KurisuChestnutLab|may-contest|1637
|gen|9
|tier|[Gen 9] OU
|rated|
|rule|HP Percentage Mod: HP is shown in percentages
|rule|Endless Battle Clause: Forcing endless battles is banned
|rule|Species Clause: Limit one of each Pokémon
|rule|OHKO Clause: OHKO moves are banned
|rule|Evasion Items Clause: Evasion items are banned
|rule|Evasion Moves Clause: Evasion moves are banned
|rule|Evasion Abilities Clause: Evasion abilities are banned
|rule|Sleep Moves Clause: Sleep-inducing moves are banned
|clearpoke
|poke|p1|Great Tusk|
|poke|p1|Slowking-Galar, F|
|poke|p1|Kyurem|
|poke|p1|Gliscor, M|
|poke|p1|Zamazenta-*|
|poke|p1|Darkrai|
|poke|p2|Primarina, F|
|poke|p2|Hippowdon, M|
|poke|p2|Skarmory, M|
|poke|p2|Zapdos|
|poke|p2|Dragonite, F|
|poke|p2|Slowking, F|
|teampreview
|inactive|Battle timer is ON: inactive players will automatically lose when time's up. (requested by KurisuChestnutLab)
|
|t:|1781132753
|teamsize|p1|6
|teamsize|p2|6
|start
|switch|p1a: Great Tusk|Great Tusk|100/100
|switch|p2a: Primarina|Primarina, F|100/100
|turn|1
|
|t:|1781132760
|move|p1a: Great Tusk|Stealth Rock|p2a: Primarina
|-sidestart|p2: KurisuChestnutLab|move: Stealth Rock
|move|p2a: Primarina|Moonblast|p1a: Great Tusk
|-supereffective|p1a: Great Tusk
|-damage|p1a: Great Tusk|0 fnt
|faint|p1a: Great Tusk
|-end|p1a: Great Tusk|Protosynthesis|[silent]
|
|upkeep
|
|t:|1781132765
|switch|p1a: Slowking|Slowking-Galar, F|100/100
|turn|2
|
|t:|1781132769
|move|p2a: Primarina|Surf|p1a: Slowking
|-damage|p1a: Slowking|69/100
|-prepare|p1a: Slowking|Chilly Reception|[premajor]
|move|p1a: Slowking|Chilly Reception|p1a: Slowking
|-weather|Snowscape
|
|t:|1781132777
|switch|p1a: Gliscor|Gliscor, M|100/100|[from] Chilly Reception
|
|-weather|Snowscape|[upkeep]
|-status|p1a: Gliscor|tox|[from] item: Toxic Orb
|upkeep
|turn|3
|
|t:|1781132783
|-terastallize|p1a: Gliscor|Normal
|move|p1a: Gliscor|Swords Dance|p1a: Gliscor
|-boost|p1a: Gliscor|atk|2
|move|p2a: Primarina|Surf|p1a: Gliscor
|-damage|p1a: Gliscor|59/100 tox
|
|-weather|Snowscape|[upkeep]
|-heal|p1a: Gliscor|72/100 tox|[from] ability: Poison Heal
|upkeep
|turn|4
|
|t:|1781132787
|switch|p2a: Skarmory|Skarmory, M|100/100
|-damage|p2a: Skarmory|88/100|[from] Stealth Rock
|move|p1a: Gliscor|Knock Off|p2a: Skarmory
|-damage|p2a: Skarmory|62/100
|-enditem|p2a: Skarmory|Leftovers|[from] move: Knock Off|[of] p1a: Gliscor
|
|-weather|Snowscape|[upkeep]
|-heal|p1a: Gliscor|84/100 tox|[from] ability: Poison Heal
|upkeep
|turn|5
|
|t:|1781132794
|move|p1a: Gliscor|Swords Dance|p1a: Gliscor
|-boost|p1a: Gliscor|atk|2
|move|p2a: Skarmory|Body Press|p1a: Gliscor
|-supereffective|p1a: Gliscor
|-damage|p1a: Gliscor|34/100 tox
|
|-weather|Snowscape|[upkeep]
|-heal|p1a: Gliscor|47/100 tox|[from] ability: Poison Heal
|upkeep
|turn|6
|
|t:|1781132798
|move|p1a: Gliscor|Facade|p2a: Skarmory
|-resisted|p2a: Skarmory
|-damage|p2a: Skarmory|24/100
|move|p2a: Skarmory|Body Press|p1a: Gliscor
|-supereffective|p1a: Gliscor
|-damage|p1a: Gliscor|0 fnt
|faint|p1a: Gliscor
|
|-weather|none
|upkeep
|
|t:|1781132805
|switch|p1a: Kyurem|Kyurem|100/100
|-ability|p1a: Kyurem|Pressure
|turn|7
|j| bobrumba
|
|t:|1781132812
|move|p1a: Kyurem|Freeze-Dry|p2a: Skarmory
|-damage|p2a: Skarmory|0 fnt
|faint|p2a: Skarmory
|
|upkeep
|
|t:|1781132817
|switch|p2a: Primarina|Primarina, F|100/100
|-damage|p2a: Primarina|88/100|[from] Stealth Rock
|turn|8
|
|t:|1781132822
|switch|p1a: Slowking|Slowking-Galar, F|100/100
|move|p2a: Primarina|Moonblast|p1a: Slowking
|-resisted|p1a: Slowking
|-damage|p1a: Slowking|85/100
|
|upkeep
|turn|9
|
|t:|1781132828
|move|p2a: Primarina|Surf|p1a: Slowking
|-damage|p1a: Slowking|57/100
|-prepare|p1a: Slowking|Chilly Reception|[premajor]
|move|p1a: Slowking|Chilly Reception|p1a: Slowking
|-weather|Snowscape
|
|t:|1781132831
|switch|p1a: Zamazenta|Zamazenta|100/100|[from] Chilly Reception
|-ability|p1a: Zamazenta|Dauntless Shield|boost
|-boost|p1a: Zamazenta|def|1
|
|-weather|Snowscape|[upkeep]
|upkeep
|turn|10
|
|t:|1781132835
|switch|p1a: Slowking|Slowking-Galar, F|91/100
|move|p2a: Primarina|Surf|p1a: Slowking
|-damage|p1a: Slowking|61/100
|
|-weather|Snowscape|[upkeep]
|upkeep
|turn|11
|
|t:|1781132839
|move|p2a: Primarina|Surf|p1a: Slowking
|-damage|p1a: Slowking|32/100
|move|p1a: Slowking|Sludge Bomb|p2a: Primarina
|-supereffective|p2a: Primarina
|-damage|p2a: Primarina|50/100
|-status|p2a: Primarina|psn
|
|-weather|Snowscape|[upkeep]
|-damage|p2a: Primarina|38/100 psn|[from] psn
|upkeep
|turn|12
|l| bobrumba
|
|t:|1781132845
|switch|p1a: Zamazenta|Zamazenta|100/100
|move|p2a: Primarina|Surf|p1a: Zamazenta
|-damage|p1a: Zamazenta|53/100
|
|-weather|Snowscape|[upkeep]
|-damage|p2a: Primarina|25/100 psn|[from] psn
|upkeep
|turn|13
|
|t:|1781132849
|switch|p1a: Slowking|Slowking-Galar, F|66/100
|move|p2a: Primarina|Surf|p1a: Slowking
|-damage|p1a: Slowking|21/100
|
|-weather|none
|-damage|p2a: Primarina|13/100 psn|[from] psn
|upkeep
|turn|14
|
|t:|1781132857
|switch|p1a: Zamazenta|Zamazenta|53/100
|move|p2a: Primarina|Surf|p1a: Zamazenta
|-damage|p1a: Zamazenta|0 fnt
|faint|p1a: Zamazenta
|
|-damage|p2a: Primarina|1/100 psn|[from] psn
|upkeep
|
|t:|1781132860
|switch|p1a: Darkrai|Darkrai|100/100
|turn|15
|
|t:|1781132864
|move|p1a: Darkrai|Dark Pulse|p2a: Primarina
|-resisted|p2a: Primarina
|-damage|p2a: Primarina|0 fnt
|faint|p2a: Primarina
|
|upkeep
|
|t:|1781132870
|switch|p2a: Dragonite|Dragonite, F|100/100
|turn|16
|
|t:|1781132875
|move|p1a: Darkrai|Knock Off|p2a: Dragonite
|-damage|p2a: Dragonite|84/100
|-enditem|p2a: Dragonite|Heavy-Duty Boots|[from] move: Knock Off|[of] p1a: Darkrai
|move|p2a: Dragonite|Dragon Dance|p2a: Dragonite
|-boost|p2a: Dragonite|atk|1
|-boost|p2a: Dragonite|spe|1
|
|upkeep
|turn|17
|
|t:|1781132880
|-terastallize|p2a: Dragonite|Normal
|move|p2a: Dragonite|Extreme Speed|p1a: Darkrai
|-damage|p1a: Darkrai|0 fnt
|faint|p1a: Darkrai
|
|upkeep
|
|t:|1781132884
|switch|p1a: Kyurem|Kyurem|100/100
|-ability|p1a: Kyurem|Pressure
|turn|18
|
|t:|1781132892
|move|p2a: Dragonite|Roost|p2a: Dragonite
|-heal|p2a: Dragonite|100/100
|move|p1a: Kyurem|Icicle Spear|p2a: Dragonite
|-damage|p2a: Dragonite|94/100
|-damage|p2a: Dragonite|81/100
|-hitcount|p2a: Dragonite|2
|
|upkeep
|turn|19
|
|t:|1781132899
|move|p2a: Dragonite|Extreme Speed|p1a: Kyurem
|-damage|p1a: Kyurem|25/100
|move|p1a: Kyurem|Icicle Spear|p2a: Dragonite
|-damage|p2a: Dragonite|67/100
|-damage|p2a: Dragonite|54/100
|-damage|p2a: Dragonite|39/100
|-damage|p2a: Dragonite|24/100
|-damage|p2a: Dragonite|10/100
|-hitcount|p2a: Dragonite|5
|
|upkeep
|turn|20
|
|t:|1781132904
|move|p2a: Dragonite|Extreme Speed|p1a: Kyurem
|-damage|p1a: Kyurem|0 fnt
|faint|p1a: Kyurem
|
|upkeep
|-message|theoddkeystone forfeited.
|
|win|KurisuChestnutLab
|raw|theoddkeystone's rating: 1613 &rarr; <strong>1593</strong><br />(-20 for losing)
|raw|KurisuChestnutLab's rating: 1615 &rarr; <strong>1635</strong><br />(+20 for winning)
|l|☆theoddkeystone
|player|p1|
