|j|☆blackgokuking
|j|☆Frobisher bay
|t:|1781114672
|gametype|singles
|player|p1|blackgokuking|101|1608
|player|p2|Frobisher bay|skierf|1633
|gen|9
|tier|[Gen 9] OU
|rated|
|rule|HP Percentage Mod: HP is shown in percentages
|rule|Endless Battle Clause: Forcing endless battles is banned
|rule|Species Clause: Limit one of each Pokémon
|rule|OHKO Clause: OHKO moves are banned
|rule|Evasion Items Clause: Evasion items are banned
|rule|Evasion Moves Clause: Evasion moves are banned
|rule|Evasion Abilities Clause: Evasion abilities are banned
|rule|Sleep Moves Clause: Sleep-inducing moves are banned
|clearpoke
|poke|p1|Kingambit, F|
|poke|p1|Kommo-o, F|
|poke|p1|Iron Valiant|
|poke|p1|Kyurem|
|poke|p1|Iron Treads|
|poke|p1|Iron Crown|
|poke|p2|Samurott-Hisui, F|
|poke|p2|Gholdengo|
|poke|p2|Dragonite, F|
|poke|p2|Clefable, F|
|poke|p2|Zamazenta-*|
|poke|p2|Ting-Lu|
|teampreview
|inactive|Battle timer is ON: inactive players will automatically lose when time's up. (requested by Frobisher bay)
|
|t:|1781114682
|teamsize|p1|6
|teamsize|p2|6
|start
|switch|p1a: Kyurem|Kyurem|100/100
|switch|p2a: Thrill Bottle|Gholdengo|100/100
|-ability|p1a: Kyurem|Pressure
|-item|p2a: Thrill Bottle|Air Balloon
|turn|1
|
|t:|1781114689
|switch|p1a: Iron Treads|Iron Treads|100/100
|-enditem|p1a: Iron Treads|Booster Energy
|-activate|p1a: Iron Treads|ability: Quark Drive|[fromitem]
|-start|p1a: Iron Treads|quarkdrivespe
|move|p2a: Thrill Bottle|Thunder Wave|p1a: Iron Treads
|-immune|p1a: Iron Treads
|
|upkeep
|turn|2
|
|t:|1781114696
|move|p1a: Iron Treads|Stealth Rock|p2a: Thrill Bottle
|-sidestart|p2: Frobisher bay|move: Stealth Rock
|move|p2a: Thrill Bottle|Hex|p1a: Iron Treads
|-damage|p1a: Iron Treads|66/100
|
|upkeep
|turn|3
|
|t:|1781114703
|-end|p1a: Iron Treads|Quark Drive|[silent]
|switch|p1a: Iron Crown|Iron Crown|100/100
|-enditem|p1a: Iron Crown|Booster Energy
|-activate|p1a: Iron Crown|ability: Quark Drive|[fromitem]
|-start|p1a: Iron Crown|quarkdrivespe
|move|p2a: Thrill Bottle|Hex|p1a: Iron Crown
|-supereffective|p1a: Iron Crown
|-damage|p1a: Iron Crown|41/100
|
|upkeep
|turn|4
|
|t:|1781114710
|move|p1a: Iron Crown|Tachyon Cutter|p2a: Thrill Bottle
|-resisted|p2a: Thrill Bottle
|-damage|p2a: Thrill Bottle|93/100
|-enditem|p2a: Thrill Bottle|Air Balloon
|-resisted|p2a: Thrill Bottle
|-damage|p2a: Thrill Bottle|85/100
|-hitcount|p2a: Thrill Bottle|2
|move|p2a: Thrill Bottle|Hex|p1a: Iron Crown
|-supereffective|p1a: Iron Crown
|-damage|p1a: Iron Crown|0 fnt
|faint|p1a: Iron Crown
|-end|p1a: Iron Crown|Quark Drive|[silent]
|
|upkeep
|
|t:|1781114719
|switch|p1a: Iron Treads|Iron Treads|66/100
|turn|5
|
|t:|1781114721
|switch|p2a: Felt Like Dirt|Ting-Lu|100/100
|-damage|p2a: Felt Like Dirt|94/100|[from] Stealth Rock
|-ability|p2a: Felt Like Dirt|Vessel of Ruin
|move|p1a: Iron Treads|Earthquake|p2a: Felt Like Dirt
|-damage|p2a: Felt Like Dirt|73/100
|
|-heal|p2a: Felt Like Dirt|79/100|[from] item: Leftovers
|upkeep
|turn|6
|
|t:|1781114727
|move|p1a: Iron Treads|Earthquake|p2a: Felt Like Dirt
|-damage|p2a: Felt Like Dirt|57/100
|move|p2a: Felt Like Dirt|Earthquake|p1a: Iron Treads
|-supereffective|p1a: Iron Treads
|-damage|p1a: Iron Treads|9/100
|
|-heal|p2a: Felt Like Dirt|64/100|[from] item: Leftovers
|upkeep
|turn|7
|
|t:|1781114735
|move|p1a: Iron Treads|Endeavor|p2a: Felt Like Dirt
|-damage|p2a: Felt Like Dirt|7/100
|move|p2a: Felt Like Dirt|Earthquake|p1a: Iron Treads
|-supereffective|p1a: Iron Treads
|-damage|p1a: Iron Treads|0 fnt
|faint|p1a: Iron Treads
|-end|p1a: Iron Treads|Quark Drive|[silent]
|
|-heal|p2a: Felt Like Dirt|13/100|[from] item: Leftovers
|upkeep
|
|t:|1781114744
|switch|p1a: Kyurem|Kyurem|100/100
|-ability|p1a: Kyurem|Pressure
|turn|8
|
|t:|1781114754
|move|p1a: Kyurem|Icicle Spear|p2a: Felt Like Dirt
|-supereffective|p2a: Felt Like Dirt
|-damage|p2a: Felt Like Dirt|0 fnt
|faint|p2a: Felt Like Dirt
|-hitcount|p2: Felt Like Dirt|1
|
|upkeep
|
|t:|1781114759
|switch|p2a: One-Winged Angel|Clefable, F|100/100
|turn|9
|
|t:|1781114771
|move|p1a: Kyurem|Icicle Spear|p2a: One-Winged Angel
|-damage|p2a: One-Winged Angel|90/100
|-damage|p2a: One-Winged Angel|80/100
|-damage|p2a: One-Winged Angel|70/100
|-damage|p2a: One-Winged Angel|59/100
|-hitcount|p2a: One-Winged Angel|4
|move|p2a: One-Winged Angel|Moonblast|p1a: Kyurem
|-supereffective|p1a: Kyurem
|-damage|p1a: Kyurem|30/100
|-unboost|p1a: Kyurem|spa|1
|
|-heal|p2a: One-Winged Angel|65/100|[from] item: Leftovers
|upkeep
|turn|10
|
|t:|1781114779
|move|p1a: Kyurem|Icicle Spear|p2a: One-Winged Angel
|-damage|p2a: One-Winged Angel|55/100
|-crit|p2a: One-Winged Angel
|-damage|p2a: One-Winged Angel|40/100
|-damage|p2a: One-Winged Angel|30/100
|-damage|p2a: One-Winged Angel|20/100
|-hitcount|p2a: One-Winged Angel|4
|move|p2a: One-Winged Angel|Moonlight|p2a: One-Winged Angel
|-heal|p2a: One-Winged Angel|70/100
|
|-heal|p2a: One-Winged Angel|76/100|[from] item: Leftovers
|upkeep
|turn|11
|
|t:|1781114787
|move|p1a: Kyurem|Icicle Spear|p2a: One-Winged Angel
|-damage|p2a: One-Winged Angel|66/100
|-damage|p2a: One-Winged Angel|56/100
|-damage|p2a: One-Winged Angel|46/100
|-crit|p2a: One-Winged Angel
|-damage|p2a: One-Winged Angel|30/100
|-damage|p2a: One-Winged Angel|20/100
|-hitcount|p2a: One-Winged Angel|5
|move|p2a: One-Winged Angel|Moonblast|p1a: Kyurem
|-supereffective|p1a: Kyurem
|-damage|p1a: Kyurem|0 fnt
|faint|p1a: Kyurem
|
|-heal|p2a: One-Winged Angel|26/100|[from] item: Leftovers
|upkeep
|
|t:|1781114799
|switch|p1a: Iron Valiant|Iron Valiant|100/100
|-enditem|p1a: Iron Valiant|Booster Energy
|-activate|p1a: Iron Valiant|ability: Quark Drive|[fromitem]
|-start|p1a: Iron Valiant|quarkdrivespe
|turn|12
|
|t:|1781114801
|move|p1a: Iron Valiant|Moonblast|p2a: One-Winged Angel
|-damage|p2a: One-Winged Angel|0 fnt
|faint|p2a: One-Winged Angel
|
|upkeep
|
|t:|1781114803
|switch|p2a: Thrill Bottle|Gholdengo|85/100
|-damage|p2a: Thrill Bottle|79/100|[from] Stealth Rock
|turn|13
|
|t:|1781114818
|-end|p1a: Iron Valiant|Quark Drive|[silent]
|switch|p1a: Kommo-o|Kommo-o, F|100/100
|move|p2a: Thrill Bottle|Thunder Wave|p1a: Kommo-o
|-status|p1a: Kommo-o|par
|
|upkeep
|turn|14
|
|t:|1781114824
|move|p2a: Thrill Bottle|Hex|p1a: Kommo-o
|-damage|p1a: Kommo-o|47/100 par
|move|p1a: Kommo-o|Clangorous Soul|p1a: Kommo-o
|-boost|p1a: Kommo-o|atk|1
|-boost|p1a: Kommo-o|def|1
|-boost|p1a: Kommo-o|spa|1
|-boost|p1a: Kommo-o|spd|1
|-boost|p1a: Kommo-o|spe|1
|-damage|p1a: Kommo-o|14/100 par
|
|-heal|p1a: Kommo-o|21/100 par|[from] item: Leftovers
|upkeep
|turn|15
|
|t:|1781114829
|move|p1a: Kommo-o|Shadow Claw|p2a: Thrill Bottle
|-supereffective|p2a: Thrill Bottle
|-crit|p2a: Thrill Bottle
|-damage|p2a: Thrill Bottle|0 fnt
|faint|p2a: Thrill Bottle
|
|-heal|p1a: Kommo-o|27/100 par|[from] item: Leftovers
|upkeep
|
|t:|1781114834
|switch|p2a: Extreme Speed|Dragonite, F|100/100
|turn|16
|
|t:|1781114838
|move|p1a: Kommo-o|Shadow Claw|p2a: Extreme Speed
|-damage|p2a: Extreme Speed|88/100
|move|p2a: Extreme Speed|Earthquake|p1a: Kommo-o
|-damage|p1a: Kommo-o|6/100 par
|
|-heal|p1a: Kommo-o|13/100 par|[from] item: Leftovers
|upkeep
|turn|17
|
|t:|1781114844
|move|p1a: Kommo-o|Shadow Claw|p2a: Extreme Speed
|-damage|p2a: Extreme Speed|62/100
|move|p2a: Extreme Speed|Earthquake|p1a: Kommo-o
|-damage|p1a: Kommo-o|0 fnt
|faint|p1a: Kommo-o
|
|upkeep
|
|t:|1781114847
|switch|p1a: Iron Valiant|Iron Valiant|100/100
|turn|18
|
|t:|1781114851
|move|p1a: Iron Valiant|Moonblast|p2a: Extreme Speed
|-supereffective|p2a: Extreme Speed
|-damage|p2a: Extreme Speed|0 fnt
|faint|p2a: Extreme Speed
|
|upkeep
|
|t:|1781114854
|switch|p2a: Battle-Hardened|Zamazenta|100/100
|-ability|p2a: Battle-Hardened|Dauntless Shield|boost
|-boost|p2a: Battle-Hardened|def|1
|turn|19
|
|t:|1781114864
|move|p2a: Battle-Hardened|Heavy Slam|p1a: Iron Valiant
|-supereffective|p1a: Iron Valiant
|-damage|p1a: Iron Valiant|6/100
|move|p1a: Iron Valiant|Moonblast|p2a: Battle-Hardened
|-supereffective|p2a: Battle-Hardened
|-crit|p2a: Battle-Hardened
|-damage|p2a: Battle-Hardened|0 fnt
|faint|p2a: Battle-Hardened
|
|upkeep
|
|t:|1781114867
|switch|p2a: Razorblades|Samurott-Hisui, F|100/100
|turn|20
|
|t:|1781114873
|-terastallize|p2a: Razorblades|Poison
|move|p1a: Iron Valiant|Calm Mind|p1a: Iron Valiant
|-boost|p1a: Iron Valiant|spa|1
|-boost|p1a: Iron Valiant|spd|1
|move|p2a: Razorblades|Knock Off|p1a: Iron Valiant
|-resisted|p1a: Iron Valiant
|-damage|p1a: Iron Valiant|0 fnt
|faint|p1a: Iron Valiant
|-end|p1a: Iron Valiant|Quark Drive|[silent]
|
|upkeep
|
|t:|1781114876
|switch|p1a: Kingambit|Kingambit, F|100/100
|-activate|p1a: Kingambit|ability: Supreme Overlord
|-start|p1a: Kingambit|fallen5|[silent]
|turn|21
|
|t:|1781114881
|-terastallize|p1a: Kingambit|Ghost
|move|p2a: Razorblades|Swords Dance|p2a: Razorblades
|-boost|p2a: Razorblades|atk|2
|move|p1a: Kingambit|Iron Head|p2a: Razorblades
|-damage|p2a: Razorblades|15/100
|
|upkeep
|turn|22
|
|t:|1781114887
|move|p2a: Razorblades|Swords Dance|p2a: Razorblades
|-boost|p2a: Razorblades|atk|2
|move|p1a: Kingambit|Iron Head|p2a: Razorblades
|-damage|p2a: Razorblades|0 fnt
|faint|p2a: Razorblades
|
|win|blackgokuking
|raw|blackgokuking's rating: 1608 &rarr; <strong>1629</strong><br />(+21 for winning)
|raw|Frobisher bay's rating: 1633 &rarr; <strong>1612</strong><br />(-21 for losing)
|l|☆blackgokuking
|player|p1|
|l|☆Frobisher bay
|player|p2|
