|j|☆eros maniac
|j|☆WorkinBorkin
|t:|1781288992
|gametype|singles
|player|p1|eros maniac|hilbert-wonderlauncher|1671
|player|p2|WorkinBorkin|169|1597
|gen|9
|tier|[Gen 9] OU
|rated|
|rule|HP Percentage Mod: HP is shown in percentages
|rule|Endless Battle Clause: Forcing endless battles is banned
|rule|Species Clause: Limit one of each Pokémon
|rule|OHKO Clause: OHKO moves are banned
|rule|Evasion Items Clause: Evasion items are banned
|rule|Evasion Moves Clause: Evasion moves are banned
|rule|Evasion Abilities Clause: Evasion abilities are banned
|rule|Sleep Moves Clause: Sleep-inducing moves are banned
|clearpoke
|poke|p1|Frosmoth, F|
|poke|p1|Maushold-Four|
|poke|p1|Okidogi, M|
|poke|p1|Sinistcha|
|poke|p1|Alomomola, F|
|poke|p1|Weezing-Galar, M|
|poke|p2|Hippowdon, M|
|poke|p2|Excadrill, F|
|poke|p2|Garganacl, M|
|poke|p2|Skarmory, F|
|poke|p2|Sinistcha|
|poke|p2|Weavile, F|
|teampreview
|inactive|Battle timer is ON: inactive players will automatically lose when time's up. (requested by eros maniac)
|
|t:|1781289018
|teamsize|p1|6
|teamsize|p2|6
|start
|switch|p1a: Weezing|Weezing-Galar, M|100/100
|switch|p2a: Hippowdon|Hippowdon, M|100/100
|-ability|p1a: Weezing|Neutralizing Gas
|turn|1
|
|t:|1781289024
|move|p1a: Weezing|Will-O-Wisp|p2a: Hippowdon
|-status|p2a: Hippowdon|brn
|move|p2a: Hippowdon|Earthquake|p1a: Weezing
|-supereffective|p1a: Weezing
|-enditem|p1a: Weezing|Shuca Berry|[eat]
|-enditem|p1a: Weezing|Shuca Berry|[weaken]
|-damage|p1a: Weezing|86/100
|
|-damage|p2a: Hippowdon|94/100 brn|[from] brn
|upkeep
|turn|2
|
|t:|1781289026
|move|p1a: Weezing|Strange Steam|p2a: Hippowdon
|-damage|p2a: Hippowdon|76/100 brn
|move|p2a: Hippowdon|Stealth Rock|p1a: Weezing
|-sidestart|p1: eros maniac|move: Stealth Rock
|
|-damage|p2a: Hippowdon|70/100 brn|[from] brn
|upkeep
|turn|3
|
|t:|1781289029
|move|p1a: Weezing|Defog|p2a: Hippowdon
|-unboost|p2a: Hippowdon|evasion|1
|-sideend|p1: eros maniac|Stealth Rock|[from] move: Defog|[of] p1a: Weezing
|move|p2a: Hippowdon|Earthquake|p1a: Weezing
|-supereffective|p1a: Weezing
|-damage|p1a: Weezing|60/100
|
|-damage|p2a: Hippowdon|64/100 brn|[from] brn
|upkeep
|turn|4
|
|t:|1781289035
|-end|p1a: Weezing|ability: Neutralizing Gas
|-weather|Sandstorm|[from] ability: Sand Stream|[of] p2a: Hippowdon
|switch|p1a: Frosmoth|Frosmoth, F, shiny|100/100
|move|p2a: Hippowdon|Stealth Rock|p1a: Frosmoth
|-sidestart|p1: eros maniac|move: Stealth Rock
|
|-weather|Sandstorm|[upkeep]
|-damage|p1a: Frosmoth|94/100|[from] Sandstorm
|-heal|p1a: Frosmoth|100/100|[from] item: Leftovers
|-damage|p2a: Hippowdon|58/100 brn|[from] brn
|upkeep
|turn|5
|
|t:|1781289040
|switch|p2a: Garganacl|Garganacl, M, shiny|100/100
|move|p1a: Frosmoth|Ice Beam|p2a: Garganacl
|-damage|p2a: Garganacl|79/100
|
|-weather|Sandstorm|[upkeep]
|-damage|p1a: Frosmoth|94/100|[from] Sandstorm
|-heal|p1a: Frosmoth|100/100|[from] item: Leftovers
|-heal|p2a: Garganacl|86/100|[from] item: Leftovers
|upkeep
|turn|6
|
|t:|1781289046
|switch|p1a: Weezing|Weezing-Galar, M|60/100
|-ability|p1a: Weezing|Neutralizing Gas
|-damage|p1a: Weezing|48/100|[from] Stealth Rock
|move|p2a: Garganacl|Salt Cure|p1a: Weezing
|-damage|p1a: Weezing|37/100
|-start|p1a: Weezing|Salt Cure
|
|-weather|Sandstorm|[upkeep]
|-damage|p1a: Weezing|31/100|[from] Sandstorm
|-heal|p2a: Garganacl|92/100|[from] item: Leftovers
|-damage|p1a: Weezing|18/100|[from] Salt Cure
|upkeep
|turn|7
|
|t:|1781289048
|-end|p1a: Weezing|ability: Neutralizing Gas
|switch|p1a: Alomomola|Alomomola, F, shiny|100/100
|-damage|p1a: Alomomola|88/100|[from] Stealth Rock
|switch|p2a: Hippowdon|Hippowdon, M|58/100 brn
|
|-weather|Sandstorm|[upkeep]
|-damage|p1a: Alomomola|82/100|[from] Sandstorm
|-damage|p2a: Hippowdon|51/100 brn|[from] brn
|upkeep
|turn|8
|
|t:|1781289051
|move|p1a: Alomomola|Wish|p1a: Alomomola
|move|p2a: Hippowdon|Slack Off|p2a: Hippowdon
|-heal|p2a: Hippowdon|100/100 brn
|
|-weather|Sandstorm|[upkeep]
|-damage|p1a: Alomomola|76/100|[from] Sandstorm
|-damage|p2a: Hippowdon|94/100 brn|[from] brn
|upkeep
|turn|9
|
|t:|1781289054
|move|p1a: Alomomola|Flip Turn|p2a: Hippowdon
|-supereffective|p2a: Hippowdon
|-damage|p2a: Hippowdon|72/100 brn
|
|t:|1781289061
|switch|p1a: Maushold|Maushold-Four|100/100|[from] Flip Turn
|-damage|p1a: Maushold|88/100|[from] Stealth Rock
|move|p2a: Hippowdon|Whirlwind|p1a: Maushold
|drag|p1a: Alomomola|Alomomola, F, shiny|100/100
|-damage|p1a: Alomomola|88/100|[from] Stealth Rock
|
|-weather|Sandstorm|[upkeep]
|-damage|p1a: Alomomola|82/100|[from] Sandstorm
|-heal|p1a: Alomomola|100/100|[from] move: Wish|[wisher] Alomomola
|-damage|p2a: Hippowdon|66/100 brn|[from] brn
|upkeep
|turn|10
|
|t:|1781289069
|move|p1a: Alomomola|Wish|p1a: Alomomola
|move|p2a: Hippowdon|Slack Off|p2a: Hippowdon
|-heal|p2a: Hippowdon|100/100 brn
|
|-weather|Sandstorm|[upkeep]
|-damage|p1a: Alomomola|94/100|[from] Sandstorm
|-damage|p2a: Hippowdon|94/100 brn|[from] brn
|upkeep
|turn|11
|
|t:|1781289071
|move|p1a: Alomomola|Flip Turn|p2a: Hippowdon
|-supereffective|p2a: Hippowdon
|-damage|p2a: Hippowdon|69/100 brn
|
|t:|1781289074
|switch|p1a: Okidogi|Okidogi, M|100/100|[from] Flip Turn
|-damage|p1a: Okidogi|94/100|[from] Stealth Rock
|move|p2a: Hippowdon|Earthquake|p1a: Okidogi
|-supereffective|p1a: Okidogi
|-damage|p1a: Okidogi|63/100
|
|-weather|none
|-heal|p1a: Okidogi|100/100|[from] move: Wish|[wisher] Alomomola
|-damage|p2a: Hippowdon|63/100 brn|[from] brn
|upkeep
|turn|12
|
|t:|1781289081
|switch|p2a: Skarmory|Skarmory, F|100/100
|move|p1a: Okidogi|Knock Off|p2a: Skarmory
|-damage|p2a: Skarmory|65/100
|-damage|p1a: Okidogi|84/100|[from] item: Rocky Helmet|[of] p2a: Skarmory
|-enditem|p2a: Skarmory|Rocky Helmet|[from] move: Knock Off|[of] p1a: Okidogi
|
|upkeep
|turn|13
|
|t:|1781289084
|switch|p1a: Alomomola|Alomomola, F, shiny|100/100
|-damage|p1a: Alomomola|88/100|[from] Stealth Rock
|move|p2a: Skarmory|Spikes|p1a: Alomomola
|-sidestart|p1: eros maniac|Spikes
|
|upkeep
|turn|14
|
|t:|1781289088
|move|p2a: Skarmory|Spikes|p1a: Alomomola
|-sidestart|p1: eros maniac|Spikes
|move|p1a: Alomomola|Wish|p1a: Alomomola
|
|upkeep
|turn|15
|
|t:|1781289094
|move|p2a: Skarmory|Spikes|p1a: Alomomola
|-sidestart|p1: eros maniac|Spikes
|move|p1a: Alomomola|Flip Turn|p2a: Skarmory
|-damage|p2a: Skarmory|54/100
|
|t:|1781289097
|switch|p1a: Maushold|Maushold-Four|88/100|[from] Flip Turn
|-damage|p1a: Maushold|76/100|[from] Stealth Rock
|-damage|p1a: Maushold|51/100|[from] Spikes
|
|-heal|p1a: Maushold|100/100|[from] move: Wish|[wisher] Alomomola
|upkeep
|turn|16
|
|t:|1781289101
|move|p1a: Maushold|Encore|p2a: Skarmory
|-start|p2a: Skarmory|Encore
|move|p2a: Skarmory|Spikes||[still]
|-fail|p2a: Skarmory
|
|upkeep
|turn|17
|
|t:|1781289105
|switch|p2a: Hippowdon|Hippowdon, M|63/100 brn
|-weather|Sandstorm|[from] ability: Sand Stream|[of] p2a: Hippowdon
|move|p1a: Maushold|Tidy Up|p1a: Maushold
|-sideend|p1: eros maniac|Spikes
|-sideend|p1: eros maniac|Stealth Rock
|-activate|p1a: Maushold|move: Tidy Up
|-boost|p1a: Maushold|atk|1
|-boost|p1a: Maushold|spe|1
|
|-weather|Sandstorm|[upkeep]
|-damage|p1a: Maushold|94/100|[from] Sandstorm
|-damage|p2a: Hippowdon|57/100 brn|[from] brn
|upkeep
|turn|18
|
|t:|1781289111
|switch|p2a: Skarmory|Skarmory, F|54/100
|move|p1a: Maushold|Population Bomb|p2a: Skarmory
|-resisted|p2a: Skarmory
|-damage|p2a: Skarmory|49/100
|-resisted|p2a: Skarmory
|-crit|p2a: Skarmory
|-damage|p2a: Skarmory|41/100
|-resisted|p2a: Skarmory
|-damage|p2a: Skarmory|36/100
|-resisted|p2a: Skarmory
|-damage|p2a: Skarmory|30/100
|-resisted|p2a: Skarmory
|-damage|p2a: Skarmory|25/100
|-resisted|p2a: Skarmory
|-damage|p2a: Skarmory|19/100
|-resisted|p2a: Skarmory
|-damage|p2a: Skarmory|14/100
|-hitcount|p2a: Skarmory|7
|
|-weather|Sandstorm|[upkeep]
|-damage|p1a: Maushold|88/100|[from] Sandstorm
|upkeep
|turn|19
|
|t:|1781289115
|switch|p2a: Sinistcha|Sinistcha, shiny|100/100
|move|p1a: Maushold|Population Bomb|p2a: Sinistcha
|-immune|p2a: Sinistcha
|
|-weather|Sandstorm|[upkeep]
|-damage|p1a: Maushold|82/100|[from] Sandstorm
|-damage|p2a: Sinistcha|94/100|[from] Sandstorm
|upkeep
|turn|20
|
|t:|1781289118
|switch|p1a: Frosmoth|Frosmoth, F, shiny|100/100
|move|p2a: Sinistcha|Matcha Gotcha|p1a: Frosmoth
|-resisted|p1a: Frosmoth
|-damage|p1a: Frosmoth|93/100
|-heal|p2a: Sinistcha|98/100|[from] drain|[of] p1a: Frosmoth
|
|-weather|Sandstorm|[upkeep]
|-damage|p2a: Sinistcha|92/100|[from] Sandstorm
|-damage|p1a: Frosmoth|87/100|[from] Sandstorm
|-heal|p1a: Frosmoth|93/100|[from] item: Leftovers
|upkeep
|turn|21
|
|t:|1781289128
|switch|p2a: Garganacl|Garganacl, M, shiny|92/100
|switch|p1a: Okidogi|Okidogi, M|84/100
|
|-weather|Sandstorm|[upkeep]
|-damage|p1a: Okidogi|78/100|[from] Sandstorm
|-heal|p2a: Garganacl|98/100|[from] item: Leftovers
|upkeep
|turn|22
|
|t:|1781289133
|switch|p2a: Skarmory|Skarmory, F|14/100
|move|p1a: Okidogi|Close Combat|p2a: Skarmory
|-damage|p2a: Skarmory|0 fnt
|-unboost|p1a: Okidogi|def|1
|-unboost|p1a: Okidogi|spd|1
|faint|p2a: Skarmory
|
|-weather|Sandstorm|[upkeep]
|-damage|p1a: Okidogi|72/100|[from] Sandstorm
|upkeep
|
|t:|1781289135
|switch|p2a: Sinistcha|Sinistcha, shiny|92/100
|turn|23
|
|t:|1781289139
|switch|p1a: Frosmoth|Frosmoth, F, shiny|93/100
|move|p2a: Sinistcha|Calm Mind|p2a: Sinistcha
|-boost|p2a: Sinistcha|spa|1
|-boost|p2a: Sinistcha|spd|1
|
|-weather|Sandstorm|[upkeep]
|-damage|p2a: Sinistcha|86/100|[from] Sandstorm
|-damage|p1a: Frosmoth|87/100|[from] Sandstorm
|-heal|p1a: Frosmoth|93/100|[from] item: Leftovers
|upkeep
|turn|24
|
|t:|1781289142
|switch|p2a: Garganacl|Garganacl, M, shiny|98/100
|move|p1a: Frosmoth|Quiver Dance|p1a: Frosmoth
|-boost|p1a: Frosmoth|spa|1
|-boost|p1a: Frosmoth|spd|1
|-boost|p1a: Frosmoth|spe|1
|
|-weather|none
|-heal|p1a: Frosmoth|99/100|[from] item: Leftovers
|-heal|p2a: Garganacl|100/100|[from] item: Leftovers
|upkeep
|turn|25
|
|t:|1781289148
|switch|p1a: Alomomola|Alomomola, F, shiny|100/100
|move|p2a: Garganacl|Salt Cure|p1a: Alomomola
|-damage|p1a: Alomomola|92/100
|-start|p1a: Alomomola|Salt Cure
|
|-damage|p1a: Alomomola|67/100|[from] Salt Cure
|upkeep
|turn|26
|
|t:|1781289150
|move|p1a: Alomomola|Flip Turn|p2a: Garganacl
|-supereffective|p2a: Garganacl
|-damage|p2a: Garganacl|79/100
|
|t:|1781289153
|switch|p1a: Sinistcha|Sinistcha, shiny|100/100|[from] Flip Turn
|move|p2a: Garganacl|Curse|p2a: Garganacl
|-unboost|p2a: Garganacl|spe|1
|-boost|p2a: Garganacl|atk|1
|-boost|p2a: Garganacl|def|1
|
|-heal|p2a: Garganacl|85/100|[from] item: Leftovers
|upkeep
|turn|27
|
|t:|1781289159
|move|p1a: Sinistcha|Matcha Gotcha|p2a: Garganacl
|-supereffective|p2a: Garganacl
|-damage|p2a: Garganacl|34/100
|move|p2a: Garganacl|Salt Cure|p1a: Sinistcha
|-crit|p1a: Sinistcha
|-damage|p1a: Sinistcha|79/100
|-start|p1a: Sinistcha|Salt Cure
|
|-heal|p2a: Garganacl|41/100|[from] item: Leftovers
|-damage|p1a: Sinistcha|67/100|[from] Salt Cure
|upkeep
|turn|28
|
|t:|1781289163
|move|p1a: Sinistcha|Matcha Gotcha|p2a: Garganacl
|-supereffective|p2a: Garganacl
|-damage|p2a: Garganacl|0 fnt
|-heal|p1a: Sinistcha|90/100|[from] drain|[of] p2a: Garganacl
|faint|p2a: Garganacl
|
|-damage|p1a: Sinistcha|78/100|[from] Salt Cure
|upkeep
|
|t:|1781289172
|switch|p2a: Weavile|Weavile, F, shiny|100/100
|-ability|p2a: Weavile|Pressure
|turn|29
|
|t:|1781289179
|switch|p1a: Alomomola|Alomomola, F, shiny|99/100
|move|p2a: Weavile|Swords Dance|p2a: Weavile
|-boost|p2a: Weavile|atk|2
|
|upkeep
|turn|30
|
|t:|1781289181
|move|p2a: Weavile|Swords Dance|p2a: Weavile
|-boost|p2a: Weavile|atk|2
|move|p1a: Alomomola|Flip Turn|p2a: Weavile
|-damage|p2a: Weavile|74/100
|
|t:|1781289186
|switch|p1a: Okidogi|Okidogi, M|72/100|[from] Flip Turn
|
|upkeep
|turn|31
|
|t:|1781289189
|switch|p1a: Alomomola|Alomomola, F, shiny|100/100
|move|p2a: Weavile|Triple Axel|p1a: Alomomola
|-resisted|p1a: Alomomola
|-damage|p1a: Alomomola|90/100
|-damage|p2a: Weavile|57/100|[from] item: Rocky Helmet|[of] p1a: Alomomola
|-hitcount|p1a: Alomomola|1
|
|upkeep
|turn|32
|
|t:|1781289196
|switch|p1a: Weezing|Weezing-Galar, M|18/100
|-ability|p1a: Weezing|Neutralizing Gas
|move|p2a: Weavile|Knock Off|p1a: Weezing
|-resisted|p1a: Weezing
|-damage|p1a: Weezing|0 fnt
|faint|p1a: Weezing
|-end|p1a: Weezing|ability: Neutralizing Gas
|-ability|p2a: Weavile|Pressure
|
|upkeep
|
|t:|1781289197
|switch|p1a: Okidogi|Okidogi, M|72/100
|turn|33
|
|t:|1781289203
|switch|p1a: Alomomola|Alomomola, F, shiny|100/100
|move|p2a: Weavile|Knock Off|p1a: Alomomola
|-damage|p1a: Alomomola|5/100
|-damage|p2a: Weavile|41/100|[from] item: Rocky Helmet|[of] p1a: Alomomola
|-enditem|p1a: Alomomola|Rocky Helmet|[from] move: Knock Off|[of] p2a: Weavile
|
|upkeep
|turn|34
|
|t:|1781289220
|switch|p1a: Maushold|Maushold-Four|82/100
|move|p2a: Weavile|Knock Off|p1a: Maushold
|-damage|p1a: Maushold|0 fnt
|-enditem|p1a: Maushold|Wide Lens|[from] move: Knock Off|[of] p2a: Weavile
|faint|p1a: Maushold
|
|upkeep
|
|t:|1781289224
|switch|p1a: Okidogi|Okidogi, M|72/100
|turn|35
|
|t:|1781289231
|move|p2a: Weavile|Triple Axel|p1a: Okidogi
|-damage|p1a: Okidogi|48/100
|-damage|p1a: Okidogi|0 fnt
|faint|p1a: Okidogi
|-hitcount|p1: Okidogi|2
|
|upkeep
|
|t:|1781289235
|switch|p1a: Alomomola|Alomomola, F, shiny|38/100
|turn|36
|
|t:|1781289240
|switch|p1a: Frosmoth|Frosmoth, F, shiny|99/100
|move|p2a: Weavile|Knock Off|p1a: Frosmoth
|-damage|p1a: Frosmoth|0 fnt
|-enditem|p1a: Frosmoth|Leftovers|[from] move: Knock Off|[of] p2a: Weavile
|faint|p1a: Frosmoth
|
|upkeep
|
|t:|1781289242
|switch|p1a: Alomomola|Alomomola, F, shiny|72/100
|turn|37
|
|t:|1781289243
|move|p2a: Weavile|Knock Off|p1a: Alomomola
|-damage|p1a: Alomomola|12/100
|move|p1a: Alomomola|Flip Turn|p2a: Weavile
|-damage|p2a: Weavile|14/100
|
|t:|1781289245
|switch|p1a: Sinistcha|Sinistcha, shiny|78/100|[from] Flip Turn
|
|upkeep
|turn|38
|-message|eros maniac forfeited.
|
|win|WorkinBorkin
|raw|eros maniac's rating: 1654 &rarr; <strong>1631</strong><br />(-23 for losing)
|raw|WorkinBorkin's rating: 1597 &rarr; <strong>1620</strong><br />(+23 for winning)
|l|☆eros maniac
|player|p1|
