|j|☆imperimento
|j|☆thelarpinglarper
|t:|1781590565
|gametype|singles
|player|p1|imperimento|2|1764
|player|p2|thelarpinglarper|sordward|1684
|gen|9
|tier|[Gen 9] OU
|rated|
|rule|HP Percentage Mod: HP is shown in percentages
|rule|Endless Battle Clause: Forcing endless battles is banned
|rule|Species Clause: Limit one of each Pokémon
|rule|OHKO Clause: OHKO moves are banned
|rule|Evasion Items Clause: Evasion items are banned
|rule|Evasion Moves Clause: Evasion moves are banned
|rule|Evasion Abilities Clause: Evasion abilities are banned
|rule|Sleep Moves Clause: Sleep-inducing moves are banned
|clearpoke
|poke|p1|Gliscor, F|
|poke|p1|Magnezone|
|poke|p1|Garganacl, M|
|poke|p1|Walking Wake|
|poke|p1|Enamorus, F|
|poke|p1|Scizor, F|
|poke|p2|Samurott-Hisui, F|
|poke|p2|Iron Treads|
|poke|p2|Iron Valiant|
|poke|p2|Rotom-Wash|
|poke|p2|Iron Moth|
|poke|p2|Pecharunt|
|teampreview
|inactive|Battle timer is ON: inactive players will automatically lose when time's up. (requested by thelarpinglarper)
|
|t:|1781590571
|teamsize|p1|6
|teamsize|p2|6
|start
|switch|p1a: Enamorus|Enamorus, F|100/100
|switch|p2a: Iron Valiant|Iron Valiant|100/100
|turn|1
|
|t:|1781590579
|-end|p2a: Iron Valiant|Quark Drive|[silent]
|switch|p2a: Rotom|Rotom-Wash|100/100
|move|p1a: Enamorus|Moonblast|p2a: Rotom
|-damage|p2a: Rotom|45/100
|-unboost|p2a: Rotom|spa|1
|
|upkeep
|turn|2
|
|t:|1781590592
|switch|p1a: Gliscor|Gliscor, F|100/100
|switch|p2a: Iron Moth|Iron Moth|100/100
|
|-status|p1a: Gliscor|tox|[from] item: Toxic Orb
|upkeep
|turn|3
|
|t:|1781590601
|move|p2a: Iron Moth|Overheat|p1a: Gliscor
|-damage|p1a: Gliscor|1/100 tox
|-unboost|p2a: Iron Moth|spa|2
|move|p1a: Gliscor|Earthquake|p2a: Iron Moth
|-supereffective|p2a: Iron Moth
|-damage|p2a: Iron Moth|0 fnt
|faint|p2a: Iron Moth
|-end|p2a: Iron Moth|Quark Drive|[silent]
|
|-heal|p1a: Gliscor|14/100 tox|[from] ability: Poison Heal
|upkeep
|
|t:|1781590606
|switch|p2a: Iron Valiant|Iron Valiant|100/100
|turn|4
|
|t:|1781590625
|switch|p1a: Garganacl|Garganacl, M|100/100
|move|p2a: Iron Valiant|Close Combat|p1a: Garganacl
|-supereffective|p1a: Garganacl
|-damage|p1a: Garganacl|0 fnt
|-unboost|p2a: Iron Valiant|def|1
|-unboost|p2a: Iron Valiant|spd|1
|faint|p1a: Garganacl
|-damage|p2a: Iron Valiant|90/100|[from] item: Life Orb
|
|upkeep
|inactive|imperimento has 120 seconds left.
|
|t:|1781590668
|switch|p1a: Scizor|Scizor, F|100/100
|turn|5
|
|t:|1781590677
|-end|p2a: Iron Valiant|Quark Drive|[silent]
|switch|p2a: Iron Treads|Iron Treads|100/100
|move|p1a: Scizor|Swords Dance|p1a: Scizor
|-boost|p1a: Scizor|atk|2
|
|upkeep
|turn|6
|
|t:|1781590687
|move|p2a: Iron Treads|Stealth Rock|p1a: Scizor
|-sidestart|p1: imperimento|move: Stealth Rock
|move|p1a: Scizor|Close Combat|p2a: Iron Treads
|-supereffective|p2a: Iron Treads
|-damage|p2a: Iron Treads|0 fnt
|-unboost|p1a: Scizor|def|1
|-unboost|p1a: Scizor|spd|1
|faint|p2a: Iron Treads
|-end|p2a: Iron Treads|Quark Drive|[silent]
|-damage|p1a: Scizor|91/100|[from] item: Life Orb
|
|upkeep
|
|t:|1781590696
|switch|p2a: Samurott|Samurott-Hisui, F|100/100
|turn|7
|inactive|imperimento has 120 seconds left.
|
|t:|1781590702
|move|p2a: Samurott|Razor Shell|p1a: Scizor
|-damage|p1a: Scizor|0 fnt
|faint|p1a: Scizor
|
|upkeep
|inactive|imperimento has 120 seconds left.
|
|t:|1781590720
|switch|p1a: Magnezone|Magnezone|100/100
|-damage|p1a: Magnezone|94/100|[from] Stealth Rock
|turn|8
|
|t:|1781590748
|move|p1a: Magnezone|Volt Switch|p2a: Samurott
|-supereffective|p2a: Samurott
|-damage|p2a: Samurott|0 fnt
|faint|p2a: Samurott
|
|t:|1781590763
|switch|p1a: Walking Wake|Walking Wake|100/100|[from] Volt Switch
|
|upkeep
|
|t:|1781590767
|switch|p2a: Pecharunt|Pecharunt|100/100
|turn|9
|inactive|imperimento has 90 seconds left.
|
|t:|1781590797
|move|p1a: Walking Wake|Flip Turn|p2a: Pecharunt
|-damage|p2a: Pecharunt|92/100
|
|t:|1781590802
|-end|p1a: Walking Wake|Protosynthesis|[silent]
|switch|p1a: Magnezone|Magnezone|94/100|[from] Flip Turn
|-damage|p1a: Magnezone|88/100|[from] Stealth Rock
|move|p2a: Pecharunt|Toxic|p1a: Magnezone
|-immune|p1a: Magnezone
|
|upkeep
|turn|10
|
|t:|1781590810
|move|p1a: Magnezone|Thunderbolt|p2a: Pecharunt
|-damage|p2a: Pecharunt|49/100
|move|p2a: Pecharunt|Parting Shot|p1a: Magnezone
|-unboost|p1a: Magnezone|atk|1
|-unboost|p1a: Magnezone|spa|1
|
|t:|1781590818
|switch|p2a: Iron Valiant|Iron Valiant|90/100|[from] Parting Shot
|
|upkeep
|turn|11
|inactive|imperimento has 90 seconds left.
|
|t:|1781590847
|move|p2a: Iron Valiant|Moonblast|p1a: Magnezone
|-resisted|p1a: Magnezone
|-damage|p1a: Magnezone|58/100
|-damage|p2a: Iron Valiant|80/100|[from] item: Life Orb
|move|p1a: Magnezone|Thunderbolt|p2a: Iron Valiant
|-damage|p2a: Iron Valiant|20/100
|
|upkeep
|turn|12
|inactive|imperimento has 90 seconds left.
|
|t:|1781590867
|switch|p1a: Gliscor|Gliscor, F|14/100 tox
|-damage|p1a: Gliscor|1/100 tox|[from] Stealth Rock
|move|p2a: Iron Valiant|Close Combat|p1a: Gliscor
|-resisted|p1a: Gliscor
|-damage|p1a: Gliscor|0 fnt
|-unboost|p2a: Iron Valiant|def|1
|-unboost|p2a: Iron Valiant|spd|1
|faint|p1a: Gliscor
|-damage|p2a: Iron Valiant|10/100|[from] item: Life Orb
|
|upkeep
|j| kanaete onegai
|-message|thelarpinglarper forfeited.
|
|win|imperimento
|raw|imperimento's rating: 1764 &rarr; <strong>1779</strong><br />(+15 for winning)
|raw|thelarpinglarper's rating: 1684 &rarr; <strong>1669</strong><br />(-15 for losing)
|l|☆thelarpinglarper
|player|p2|
|l|☆imperimento
|player|p1|
