|badge|p1|bronze|gen9ou|100-9
|uhtml|medal-msg|<div class="broadcast-blue">Curious what those medals under the avatar are? PS now has Ladder Seasons! For more information, check out the <a href="https://www.smogon.com/forums/threads/3740067/">thread on Smogon.</a></div>
|badge|p2|bronze|gen9ou|100-9
|uhtml|medal-msg|<div class="broadcast-blue">Curious what those medals under the avatar are? PS now has Ladder Seasons! For more information, check out the <a href="https://www.smogon.com/forums/threads/3740067/">thread on Smogon.</a></div>
|j|☆a jellyfish
|j|☆Auburn Hills
|t:|1780957358
|gametype|singles
|player|p1|a jellyfish|bianca|1802
|player|p2|Auburn Hills|alder|1867
|gen|9
|tier|[Gen 9] OU
|rated|
|rule|HP Percentage Mod: HP is shown in percentages
|rule|Endless Battle Clause: Forcing endless battles is banned
|rule|Species Clause: Limit one of each Pokémon
|rule|OHKO Clause: OHKO moves are banned
|rule|Evasion Items Clause: Evasion items are banned
|rule|Evasion Moves Clause: Evasion moves are banned
|rule|Evasion Abilities Clause: Evasion abilities are banned
|rule|Sleep Moves Clause: Sleep-inducing moves are banned
|clearpoke
|poke|p1|Great Tusk|
|poke|p1|Darkrai|
|poke|p1|Iron Moth|
|poke|p1|Ogerpon-Wellspring, F|
|poke|p1|Hatterene, F|
|poke|p1|Dragapult, M|
|poke|p2|Iron Moth|
|poke|p2|Umbreon, M|
|poke|p2|Garchomp, F|
|poke|p2|Glimmora, F|
|poke|p2|Gholdengo|
|poke|p2|Dragonite, F|
|teampreview
|inactive|Battle timer is ON: inactive players will automatically lose when time's up. (requested by a jellyfish)
|j| ChrisIs#1
|
|t:|1780957368
|teamsize|p1|6
|teamsize|p2|6
|start
|switch|p1a: Great Tusk|Great Tusk|100/100
|switch|p2a: Glimmora|Glimmora, F|100/100
|turn|1
|
|t:|1780957371
|move|p1a: Great Tusk|Headlong Rush|p2a: Glimmora
|-supereffective|p2a: Glimmora
|-enditem|p2a: Glimmora|Focus Sash
|-damage|p2a: Glimmora|1/100
|-unboost|p1a: Great Tusk|def|1
|-unboost|p1a: Great Tusk|spd|1
|-activate|p2a: Glimmora|ability: Toxic Debris
|-sidestart|p1: a jellyfish|move: Toxic Spikes
|move|p2a: Glimmora|Mortal Spin|p1a: Great Tusk
|-resisted|p1a: Great Tusk
|-damage|p1a: Great Tusk|98/100
|-status|p1a: Great Tusk|psn
|-damage|p2a: Glimmora|0 fnt|[from] item: Rocky Helmet|[of] p1a: Great Tusk
|faint|p2a: Glimmora
|
|-damage|p1a: Great Tusk|86/100 psn|[from] psn
|upkeep
|
|t:|1780957375
|switch|p2a: Smino|Gholdengo|100/100
|turn|2
|
|t:|1780957379
|-end|p1a: Great Tusk|Protosynthesis|[silent]
|switch|p1a: Iron Moth|Iron Moth|100/100
|-sideend|p1: a jellyfish|move: Toxic Spikes|[of] p1a: Iron Moth
|-enditem|p1a: Iron Moth|Booster Energy
|-activate|p1a: Iron Moth|ability: Quark Drive|[fromitem]
|-start|p1a: Iron Moth|quarkdrivespe
|move|p2a: Smino|Shadow Ball|p1a: Iron Moth
|-damage|p1a: Iron Moth|58/100
|
|upkeep
|turn|3
|
|t:|1780957384
|switch|p2a: Alvvays|Umbreon, M|100/100
|move|p1a: Iron Moth|Fiery Dance|p2a: Alvvays
|-damage|p2a: Alvvays|80/100
|
|-heal|p2a: Alvvays|87/100|[from] item: Leftovers
|upkeep
|turn|4
|
|t:|1780957390
|-end|p1a: Iron Moth|Quark Drive|[silent]
|switch|p1a: Great Tusk|Great Tusk|86/100 psn
|move|p2a: Alvvays|Foul Play|p1a: Great Tusk
|-resisted|p1a: Great Tusk
|-crit|p1a: Great Tusk
|-damage|p1a: Great Tusk|67/100 psn
|-damage|p2a: Alvvays|70/100|[from] item: Rocky Helmet|[of] p1a: Great Tusk
|
|-heal|p2a: Alvvays|76/100|[from] item: Leftovers
|-damage|p1a: Great Tusk|54/100 psn|[from] psn
|upkeep
|turn|5
|
|t:|1780957395
|switch|p2a: Smino|Gholdengo|100/100
|move|p1a: Great Tusk|Stealth Rock|p2a: Smino
|-sidestart|p2: Auburn Hills|move: Stealth Rock
|
|-damage|p1a: Great Tusk|42/100 psn|[from] psn
|upkeep
|turn|6
|
|t:|1780957403
|-end|p1a: Great Tusk|Protosynthesis|[silent]
|switch|p1a: Iron Moth|Iron Moth|58/100
|move|p2a: Smino|Shadow Ball|p1a: Iron Moth
|-damage|p1a: Iron Moth|11/100
|
|upkeep
|turn|7
|
|t:|1780957423
|move|p2a: Smino|Shadow Ball|p1a: Iron Moth
|-damage|p1a: Iron Moth|0 fnt
|faint|p1a: Iron Moth
|-end|p1a: Iron Moth|Quark Drive|[silent]
|
|upkeep
|
|t:|1780957425
|switch|p1a: Darkrai|Darkrai|100/100
|turn|8
|j| blackgokuking
|
|t:|1780957451
|switch|p2a: Alvvays|Umbreon, M|76/100
|-damage|p2a: Alvvays|64/100|[from] Stealth Rock
|move|p1a: Darkrai|Dark Pulse|p2a: Alvvays
|-resisted|p2a: Alvvays
|-damage|p2a: Alvvays|49/100
|-damage|p1a: Darkrai|91/100|[from] item: Life Orb
|
|-heal|p2a: Alvvays|55/100|[from] item: Leftovers
|upkeep
|turn|9
|inactive|a jellyfish has 120 seconds left.
|inactive|Auburn Hills has 120 seconds left.
|
|t:|1780957484
|move|p1a: Darkrai|Sludge Bomb|p2a: Alvvays
|-damage|p2a: Alvvays|32/100
|-status|p2a: Alvvays|psn
|-damage|p1a: Darkrai|81/100|[from] item: Life Orb
|move|p2a: Alvvays|Wish|p2a: Alvvays
|
|-heal|p2a: Alvvays|38/100 psn|[from] item: Leftovers
|-damage|p2a: Alvvays|26/100 psn|[from] psn
|upkeep
|turn|10
|
|t:|1780957490
|switch|p1a: Ogerpon|Ogerpon-Wellspring, F|100/100
|move|p2a: Alvvays|Thunder Wave|p1a: Ogerpon
|-status|p1a: Ogerpon|par
|
|-heal|p2a: Alvvays|76/100 psn|[from] move: Wish|[wisher] Alvvays
|-heal|p2a: Alvvays|82/100 psn|[from] item: Leftovers
|-damage|p2a: Alvvays|69/100 psn|[from] psn
|upkeep
|turn|11
|
|t:|1780957499
|move|p1a: Ogerpon|Spikes|p2a: Alvvays
|-sidestart|p2: Auburn Hills|Spikes
|move|p2a: Alvvays|Foul Play|p1a: Ogerpon
|-damage|p1a: Ogerpon|38/100 par
|
|-heal|p2a: Alvvays|75/100 psn|[from] item: Leftovers
|-damage|p2a: Alvvays|63/100 psn|[from] psn
|upkeep
|turn|12
|inactive|a jellyfish has 120 seconds left.
|inactive|Auburn Hills has 120 seconds left.
|
|t:|1780957542
|move|p1a: Ogerpon|Ivy Cudgel|p2a: Alvvays|[anim] Ivy Cudgel Water
|-damage|p2a: Alvvays|17/100 psn
|move|p2a: Alvvays|Foul Play|p1a: Ogerpon
|-damage|p1a: Ogerpon|0 fnt
|faint|p1a: Ogerpon
|
|-heal|p2a: Alvvays|23/100 psn|[from] item: Leftovers
|-damage|p2a: Alvvays|11/100 psn|[from] psn
|upkeep
|
|t:|1780957552
|switch|p1a: Great Tusk|Great Tusk|42/100 psn
|turn|13
|
|t:|1780957556
|move|p1a: Great Tusk|Rapid Spin|p2a: Alvvays
|-damage|p2a: Alvvays|0 fnt
|-boost|p1a: Great Tusk|spe|1
|faint|p2a: Alvvays
|
|-damage|p1a: Great Tusk|29/100 psn|[from] psn
|upkeep
|
|t:|1780957558
|switch|p2a: Carly Rae|Iron Moth|100/100
|-damage|p2a: Carly Rae|76/100|[from] Stealth Rock
|-damage|p2a: Carly Rae|63/100|[from] Spikes
|-enditem|p2a: Carly Rae|Booster Energy
|-activate|p2a: Carly Rae|ability: Quark Drive|[fromitem]
|-start|p2a: Carly Rae|quarkdrivespe
|turn|14
|
|t:|1780957566
|move|p2a: Carly Rae|Fiery Dance|p1a: Great Tusk
|-damage|p1a: Great Tusk|0 fnt
|faint|p1a: Great Tusk
|-end|p1a: Great Tusk|Protosynthesis|[silent]
|
|upkeep
|
|t:|1780957568
|switch|p1a: Dragapult|Dragapult, M|100/100
|turn|15
|
|t:|1780957572
|-terastallize|p2a: Carly Rae|Fairy
|-terastallize|p1a: Dragapult|Ghost
|move|p2a: Carly Rae|Dazzling Gleam|p1a: Dragapult
|-damage|p1a: Dragapult|37/100
|move|p1a: Dragapult|Dragon Darts|p2a: Carly Rae
|-immune|p2a: Carly Rae
|
|upkeep
|turn|16
|-message|a jellyfish forfeited.
|
|win|Auburn Hills
|raw|a jellyfish's rating: 1802 &rarr; <strong>1786</strong><br />(-16 for losing)
|raw|Auburn Hills's rating: 1867 &rarr; <strong>1883</strong><br />(+16 for winning)
|l|☆a jellyfish
|player|p1|
|l|☆Auburn Hills
|player|p2|
|l| blackgokuking
|l| ChrisIs#1
