|j|☆skayotest
|j|‽katholikon
|t:|1781199712
|gametype|singles
|player|p1|skayotest|1|1589
|player|p2|katholikon|2|1536
|gen|9
|tier|[Gen 9] OU
|rated|
|rule|HP Percentage Mod: HP is shown in percentages
|rule|Endless Battle Clause: Forcing endless battles is banned
|rule|Species Clause: Limit one of each Pokémon
|rule|OHKO Clause: OHKO moves are banned
|rule|Evasion Items Clause: Evasion items are banned
|rule|Evasion Moves Clause: Evasion moves are banned
|rule|Evasion Abilities Clause: Evasion abilities are banned
|rule|Sleep Moves Clause: Sleep-inducing moves are banned
|clearpoke
|poke|p1|Samurott-Hisui, M|
|poke|p1|Rillaboom, M|
|poke|p1|Garchomp, F|
|poke|p1|Gholdengo|
|poke|p1|Slowking-Galar, F|
|poke|p1|Cinderace, F|
|poke|p2|Iron Boulder|
|poke|p2|Dragapult, M|
|poke|p2|Raging Bolt|
|poke|p2|Great Tusk|
|poke|p2|Ting-Lu|
|poke|p2|Corviknight, M|
|teampreview
|
|t:|1781199722
|teamsize|p1|6
|teamsize|p2|6
|start
|switch|p1a: Gholdengo|Gholdengo|100/100
|switch|p2a: Dragapult|Dragapult, M|100/100
|turn|1
|
|t:|1781199728
|switch|p2a: Corviknight|Corviknight, M|100/100
|-ability|p2a: Corviknight|Pressure
|move|p1a: Gholdengo|Shadow Ball|p2a: Corviknight
|-damage|p2a: Corviknight|65/100
|
|upkeep
|turn|2
|
|t:|1781199732
|switch|p2a: Ting-Lu|Ting-Lu|100/100
|-ability|p2a: Ting-Lu|Vessel of Ruin
|move|p1a: Gholdengo|Shadow Ball|p2a: Ting-Lu
|-resisted|p2a: Ting-Lu
|-damage|p2a: Ting-Lu|92/100
|
|-heal|p2a: Ting-Lu|98/100|[from] item: Leftovers
|upkeep
|turn|3
|
|t:|1781199736
|switch|p1a: Rillaboom|Rillaboom, M|100/100
|-fieldstart|move: Grassy Terrain|[from] ability: Grassy Surge|[of] p1a: Rillaboom
|move|p2a: Ting-Lu|Stealth Rock|p1a: Rillaboom
|-sidestart|p1: skayotest|move: Stealth Rock
|
|-heal|p2a: Ting-Lu|100/100|[from] Grassy Terrain
|upkeep
|turn|4
|
|t:|1781199741
|switch|p2a: Corviknight|Corviknight, M|65/100
|-ability|p2a: Corviknight|Pressure
|move|p1a: Rillaboom|Knock Off|p2a: Corviknight
|-damage|p2a: Corviknight|28/100
|-damage|p1a: Rillaboom|84/100|[from] item: Rocky Helmet|[of] p2a: Corviknight
|-enditem|p2a: Corviknight|Rocky Helmet|[from] move: Knock Off|[of] p1a: Rillaboom
|
|-heal|p1a: Rillaboom|90/100|[from] Grassy Terrain
|upkeep
|turn|5
|
|t:|1781199750
|switch|p1a: Cinderace|Cinderace, F|100/100
|move|p2a: Corviknight|Roost|p2a: Corviknight
|-heal|p2a: Corviknight|78/100
|-singleturn|p2a: Corviknight|move: Roost
|
|-heal|p2a: Corviknight|84/100|[from] Grassy Terrain
|upkeep
|turn|6
|
|t:|1781199754
|move|p1a: Cinderace|Court Change|p1a: Cinderace
|-swapsideconditions
|-activate|p1a: Cinderace|move: Court Change
|move|p2a: Corviknight|Defog|p1a: Cinderace
|-unboost|p1a: Cinderace|evasion|1
|-sideend|p2: katholikon|Stealth Rock|[from] move: Defog|[of] p2a: Corviknight
|-fieldend|move: Grassy Terrain
|
|upkeep
|turn|7
|
|t:|1781199760
|switch|p2a: Dragapult|Dragapult, M|100/100
|move|p1a: Cinderace|Pyro Ball|p2a: Dragapult
|-resisted|p2a: Dragapult
|-damage|p2a: Dragapult|63/100
|
|upkeep
|turn|8
|
|t:|1781199767
|move|p1a: Cinderace|Sucker Punch|p2a: Dragapult
|-supereffective|p2a: Dragapult
|-damage|p2a: Dragapult|5/100
|move|p2a: Dragapult|Shadow Ball|p1a: Cinderace
|-damage|p1a: Cinderace|20/100
|
|upkeep
|turn|9
|
|t:|1781199774
|switch|p2a: Corviknight|Corviknight, M|84/100
|-ability|p2a: Corviknight|Pressure
|move|p1a: Cinderace|Sucker Punch||[still]
|-fail|p1a: Cinderace
|
|upkeep
|turn|10
|
|t:|1781199779
|switch|p2a: Raging Bolt|Raging Bolt|100/100
|move|p1a: Cinderace|Pyro Ball|p2a: Raging Bolt
|-resisted|p2a: Raging Bolt
|-damage|p2a: Raging Bolt|61/100
|
|upkeep
|turn|11
|
|t:|1781199785
|switch|p1a: Slowking|Slowking-Galar, F|100/100
|move|p2a: Raging Bolt|Draco Meteor|p1a: Slowking
|-damage|p1a: Slowking|32/100
|-unboost|p2a: Raging Bolt|spa|2
|
|upkeep
|turn|12
|
|t:|1781199790
|switch|p1a: Gholdengo|Gholdengo|100/100
|move|p2a: Raging Bolt|Draco Meteor|p1a: Gholdengo
|-resisted|p1a: Gholdengo
|-damage|p1a: Gholdengo|65/100
|-unboost|p2a: Raging Bolt|spa|2
|
|upkeep
|turn|13
|
|t:|1781199794
|-end|p2a: Raging Bolt|Protosynthesis|[silent]
|switch|p2a: Ting-Lu|Ting-Lu|100/100
|-ability|p2a: Ting-Lu|Vessel of Ruin
|move|p1a: Gholdengo|Shadow Ball|p2a: Ting-Lu
|-resisted|p2a: Ting-Lu
|-damage|p2a: Ting-Lu|92/100
|
|-heal|p2a: Ting-Lu|98/100|[from] item: Leftovers
|upkeep
|turn|14
|
|t:|1781199799
|switch|p1a: Rillaboom|Rillaboom, M|90/100
|-fieldstart|move: Grassy Terrain|[from] ability: Grassy Surge|[of] p1a: Rillaboom
|move|p2a: Ting-Lu|Stealth Rock|p1a: Rillaboom
|-sidestart|p1: skayotest|move: Stealth Rock
|
|-heal|p1a: Rillaboom|96/100|[from] Grassy Terrain
|-heal|p2a: Ting-Lu|100/100|[from] Grassy Terrain
|upkeep
|turn|15
|
|t:|1781199802
|switch|p2a: Corviknight|Corviknight, M|84/100
|-ability|p2a: Corviknight|Pressure
|move|p1a: Rillaboom|U-turn|p2a: Corviknight
|-resisted|p2a: Corviknight
|-damage|p2a: Corviknight|77/100
|
|t:|1781199806
|switch|p1a: Cinderace|Cinderace, F|20/100|[from] U-turn
|
|-heal|p1a: Cinderace|26/100|[from] Grassy Terrain
|upkeep
|turn|16
|
|t:|1781199809
|move|p1a: Cinderace|Pyro Ball|p2a: Corviknight
|-supereffective|p2a: Corviknight
|-damage|p2a: Corviknight|0 fnt
|faint|p2a: Corviknight
|
|-heal|p1a: Cinderace|32/100|[from] Grassy Terrain
|upkeep
|
|t:|1781199815
|switch|p2a: Raging Bolt|Raging Bolt|61/100
|turn|17
|
|t:|1781199820
|move|p1a: Cinderace|Court Change|p1a: Cinderace
|-swapsideconditions
|-activate|p1a: Cinderace|move: Court Change
|move|p2a: Raging Bolt|Thunderbolt|p1a: Cinderace
|-damage|p1a: Cinderace|0 fnt
|faint|p1a: Cinderace
|
|-heal|p2a: Raging Bolt|67/100|[from] Grassy Terrain
|upkeep
|
|t:|1781199833
|switch|p1a: Garchomp|Garchomp, F|100/100
|turn|18
|
|t:|1781199861
|-end|p2a: Raging Bolt|Protosynthesis|[silent]
|switch|p2a: Ting-Lu|Ting-Lu|100/100
|-damage|p2a: Ting-Lu|94/100|[from] Stealth Rock
|-ability|p2a: Ting-Lu|Vessel of Ruin
|move|p1a: Garchomp|Dragon Tail|p2a: Ting-Lu
|-damage|p2a: Ting-Lu|80/100
|drag|p2a: Great Tusk|Great Tusk|100/100
|-damage|p2a: Great Tusk|98/100|[from] Stealth Rock
|
|-heal|p2a: Great Tusk|100/100|[from] Grassy Terrain
|-fieldend|move: Grassy Terrain
|upkeep
|turn|19
|
|t:|1781199875
|switch|p1a: Samurott|Samurott-Hisui, M|100/100
|move|p2a: Great Tusk|Ice Spinner|p1a: Samurott
|-resisted|p1a: Samurott
|-damage|p1a: Samurott|75/100
|
|-heal|p1a: Samurott|81/100|[from] item: Leftovers
|upkeep
|turn|20
|
|t:|1781199879
|-end|p2a: Great Tusk|Protosynthesis|[silent]
|switch|p2a: Dragapult|Dragapult, M|5/100
|-damage|p2a: Dragapult|0 fnt|[from] Stealth Rock
|faint|p2a: Dragapult
|move|p1a: Samurott|Razor Shell|p2: Dragapult|[notarget]
|-fail|p1a: Samurott
|
|-heal|p1a: Samurott|87/100|[from] item: Leftovers
|upkeep
|
|t:|1781199884
|switch|p2a: Iron Boulder|Iron Boulder|100/100
|-damage|p2a: Iron Boulder|88/100|[from] Stealth Rock
|-enditem|p2a: Iron Boulder|Booster Energy
|-activate|p2a: Iron Boulder|ability: Quark Drive|[fromitem]
|-start|p2a: Iron Boulder|quarkdrivespe
|turn|21
|
|t:|1781199891
|switch|p1a: Garchomp|Garchomp, F|100/100
|-terastallize|p2a: Iron Boulder|Fighting
|move|p2a: Iron Boulder|Swords Dance|p2a: Iron Boulder
|-boost|p2a: Iron Boulder|atk|2
|
|upkeep
|turn|22
|
|t:|1781199897
|move|p2a: Iron Boulder|Close Combat|p1a: Garchomp
|-damage|p1a: Garchomp|21/100
|-unboost|p2a: Iron Boulder|def|1
|-unboost|p2a: Iron Boulder|spd|1
|-damage|p2a: Iron Boulder|76/100|[from] ability: Rough Skin|[of] p1a: Garchomp
|-damage|p2a: Iron Boulder|59/100|[from] item: Rocky Helmet|[of] p1a: Garchomp
|move|p1a: Garchomp|Dragon Tail|p2a: Iron Boulder|[miss]
|-miss|p1a: Garchomp|p2a: Iron Boulder
|
|upkeep
|turn|23
|
|t:|1781199908
|move|p2a: Iron Boulder|Earthquake|p1a: Garchomp
|-crit|p1a: Garchomp
|-damage|p1a: Garchomp|0 fnt
|faint|p1a: Garchomp
|
|upkeep
|
|t:|1781199911
|switch|p1a: Rillaboom|Rillaboom, M|96/100
|-fieldstart|move: Grassy Terrain|[from] ability: Grassy Surge|[of] p1a: Rillaboom
|turn|24
|
|t:|1781199921
|-end|p2a: Iron Boulder|Quark Drive|[silent]
|switch|p2a: Ting-Lu|Ting-Lu|80/100
|-damage|p2a: Ting-Lu|74/100|[from] Stealth Rock
|-ability|p2a: Ting-Lu|Vessel of Ruin
|-terastallize|p1a: Rillaboom|Grass
|move|p1a: Rillaboom|Grassy Glide|p2a: Ting-Lu
|-supereffective|p2a: Ting-Lu
|-damage|p2a: Ting-Lu|0 fnt
|faint|p2a: Ting-Lu
|
|-heal|p1a: Rillaboom|100/100|[from] Grassy Terrain
|upkeep
|
|t:|1781199924
|switch|p2a: Raging Bolt|Raging Bolt|67/100
|-damage|p2a: Raging Bolt|54/100|[from] Stealth Rock
|turn|25
|
|t:|1781199928
|switch|p1a: Slowking|Slowking-Galar, F|66/100
|move|p2a: Raging Bolt|Volt Switch|p1a: Slowking
|-damage|p1a: Slowking|28/100
|
|t:|1781199930
|-end|p2a: Raging Bolt|Protosynthesis|[silent]
|switch|p2a: Great Tusk|Great Tusk|100/100|[from] Volt Switch
|-damage|p2a: Great Tusk|98/100|[from] Stealth Rock
|
|-heal|p2a: Great Tusk|100/100|[from] Grassy Terrain
|-heal|p1a: Slowking|34/100|[from] Grassy Terrain
|upkeep
|turn|26
|
|t:|1781199935
|move|p2a: Great Tusk|Knock Off|p1a: Slowking
|-supereffective|p1a: Slowking
|-damage|p1a: Slowking|0 fnt
|-enditem|p1a: Slowking|Heavy-Duty Boots|[from] move: Knock Off|[of] p2a: Great Tusk
|faint|p1a: Slowking
|
|upkeep
|
|t:|1781199940
|switch|p1a: Samurott|Samurott-Hisui, M|87/100
|turn|27
|
|t:|1781199943
|-end|p2a: Great Tusk|Protosynthesis|[silent]
|switch|p2a: Iron Boulder|Iron Boulder, tera:Fighting|59/100
|-damage|p2a: Iron Boulder|53/100|[from] Stealth Rock
|move|p1a: Samurott|Razor Shell|p2a: Iron Boulder|[miss]
|-miss|p1a: Samurott|p2a: Iron Boulder
|
|-heal|p2a: Iron Boulder|59/100|[from] Grassy Terrain
|-heal|p1a: Samurott|93/100|[from] Grassy Terrain
|-heal|p1a: Samurott|99/100|[from] item: Leftovers
|upkeep
|turn|28
|
|t:|1781199969
|switch|p1a: Gholdengo|Gholdengo|65/100
|move|p2a: Iron Boulder|Close Combat|p1a: Gholdengo
|-immune|p1a: Gholdengo
|
|-heal|p1a: Gholdengo|71/100|[from] Grassy Terrain
|-heal|p2a: Iron Boulder|65/100|[from] Grassy Terrain
|-fieldend|move: Grassy Terrain
|upkeep
|turn|29
|
|t:|1781199973
|move|p1a: Gholdengo|Make It Rain|p2a: Iron Boulder
|-damage|p2a: Iron Boulder|0 fnt
|-unboost|p1a: Gholdengo|spa|1
|faint|p2a: Iron Boulder
|-end|p2a: Iron Boulder|Quark Drive|[silent]
|
|upkeep
|
|t:|1781199978
|switch|p2a: Great Tusk|Great Tusk|100/100
|-damage|p2a: Great Tusk|98/100|[from] Stealth Rock
|turn|30
|
|t:|1781200028
|move|p1a: Gholdengo|Make It Rain|p2a: Great Tusk
|-damage|p2a: Great Tusk|29/100
|-unboost|p1a: Gholdengo|spa|1
|move|p2a: Great Tusk|Headlong Rush|p1a: Gholdengo
|-supereffective|p1a: Gholdengo
|-damage|p1a: Gholdengo|0 fnt
|-unboost|p2a: Great Tusk|def|1
|-unboost|p2a: Great Tusk|spd|1
|faint|p1a: Gholdengo
|
|upkeep
|
|t:|1781200034
|switch|p1a: Rillaboom|Rillaboom, M, tera:Grass|100/100
|-fieldstart|move: Grassy Terrain|[from] ability: Grassy Surge|[of] p1a: Rillaboom
|turn|31
|
|t:|1781200044
|move|p1a: Rillaboom|Grassy Glide|p2a: Great Tusk
|-supereffective|p2a: Great Tusk
|-damage|p2a: Great Tusk|0 fnt
|faint|p2a: Great Tusk
|-end|p2a: Great Tusk|Protosynthesis|[silent]
|
|upkeep
|
|t:|1781200046
|switch|p2a: Raging Bolt|Raging Bolt|54/100
|-damage|p2a: Raging Bolt|42/100|[from] Stealth Rock
|turn|32
|
|t:|1781200050
|move|p1a: Rillaboom|Grassy Glide|p2a: Raging Bolt
|-resisted|p2a: Raging Bolt
|-damage|p2a: Raging Bolt|4/100
|move|p2a: Raging Bolt|Draco Meteor|p1a: Rillaboom
|-damage|p1a: Rillaboom|0 fnt
|-unboost|p2a: Raging Bolt|spa|2
|faint|p1a: Rillaboom
|
|-heal|p2a: Raging Bolt|10/100|[from] Grassy Terrain
|upkeep
|
|t:|1781200056
|switch|p1a: Samurott|Samurott-Hisui, M|99/100
|turn|33
|
|t:|1781200058
|move|p1a: Samurott|Sucker Punch|p2a: Raging Bolt
|-damage|p2a: Raging Bolt|0 fnt
|faint|p2a: Raging Bolt
|-end|p2a: Raging Bolt|Protosynthesis|[silent]
|
|win|skayotest
|raw|skayotest's rating: 1589 &rarr; <strong>1606</strong><br />(+17 for winning)
|raw|katholikon's rating: 1536 &rarr; <strong>1519</strong><br />(-17 for losing)
|c|☆skayotest|gg
|l|☆skayotest
|player|p1|
|l|‽katholikon
|player|p2|
