|j|☆pranjal singh
|j|☆Laban1024
|t:|1781197631
|gametype|singles
|player|p1|pranjal singh|2|1559
|player|p2|Laban1024|koga|1544
|gen|9
|tier|[Gen 9] OU
|rated|
|rule|HP Percentage Mod: HP is shown in percentages
|rule|Endless Battle Clause: Forcing endless battles is banned
|rule|Species Clause: Limit one of each Pokémon
|rule|OHKO Clause: OHKO moves are banned
|rule|Evasion Items Clause: Evasion items are banned
|rule|Evasion Moves Clause: Evasion moves are banned
|rule|Evasion Abilities Clause: Evasion abilities are banned
|rule|Sleep Moves Clause: Sleep-inducing moves are banned
|clearpoke
|poke|p1|Araquanid, F|
|poke|p1|Gholdengo|
|poke|p1|Iron Moth|
|poke|p1|Iron Valiant|
|poke|p1|Raging Bolt|
|poke|p1|Kingambit, F|
|poke|p2|Zamazenta-*|
|poke|p2|Iron Valiant|
|poke|p2|Deoxys-Speed|
|poke|p2|Iron Treads|
|poke|p2|Ceruledge, M|
|poke|p2|Dragonite, F|
|teampreview
|inactive|Battle timer is ON: inactive players will automatically lose when time's up. (requested by pranjal singh)
|
|t:|1781197653
|teamsize|p1|6
|teamsize|p2|6
|start
|switch|p1a: QUIL|Araquanid, F|100/100
|switch|p2a: Deoxys|Deoxys-Speed|100/100
|-ability|p2a: Deoxys|Pressure
|turn|1
|
|t:|1781197666
|move|p2a: Deoxys|Light Screen|p2a: Deoxys
|-sidestart|p2: Laban1024|move: Light Screen
|move|p1a: QUIL|Surf|p2a: Deoxys
|-damage|p2a: Deoxys|80/100
|
|upkeep
|turn|2
|
|t:|1781197672
|move|p2a: Deoxys|Reflect|p2a: Deoxys
|-sidestart|p2: Laban1024|Reflect
|move|p1a: QUIL|Sticky Web|p2a: Deoxys
|-sidestart|p2: Laban1024|move: Sticky Web
|
|upkeep
|turn|3
|
|t:|1781197676
|move|p1a: QUIL|Surf|p2a: Deoxys
|-damage|p2a: Deoxys|60/100
|move|p2a: Deoxys|Teleport|p2a: Deoxys
|
|t:|1781197678
|switch|p2a: Iron Treads|Iron Treads|100/100|[from] Teleport
|-activate|p2a: Iron Treads|move: Sticky Web
|-unboost|p2a: Iron Treads|spe|1
|-enditem|p2a: Iron Treads|Booster Energy
|-activate|p2a: Iron Treads|ability: Quark Drive|[fromitem]
|-start|p2a: Iron Treads|quarkdriveatk
|
|upkeep
|turn|4
|
|t:|1781197691
|switch|p1a: TREE?|Gholdengo|100/100
|-item|p1a: TREE?|Air Balloon
|move|p2a: Iron Treads|Rapid Spin|p1a: TREE?
|-immune|p1a: TREE?
|
|upkeep
|turn|5
|
|t:|1781197702
|switch|p1a: QUIL|Araquanid, F|100/100
|move|p2a: Iron Treads|Stealth Rock|p1a: QUIL
|-sidestart|p1: pranjal singh|move: Stealth Rock
|
|upkeep
|turn|6
|
|t:|1781197710
|move|p2a: Iron Treads|Ice Spinner|p1a: QUIL
|-resisted|p1a: QUIL
|-damage|p1a: QUIL|85/100
|move|p1a: QUIL|Surf|p2a: Iron Treads
|-supereffective|p2a: Iron Treads
|-damage|p2a: Iron Treads|53/100
|
|upkeep
|turn|7
|
|t:|1781197718
|move|p2a: Iron Treads|Rapid Spin|p1a: QUIL
|-damage|p1a: QUIL|64/100
|-boost|p2a: Iron Treads|spe|1
|-sideend|p2: Laban1024|Sticky Web|[from] move: Rapid Spin|[of] p2a: Iron Treads
|move|p1a: QUIL|Surf|p2a: Iron Treads
|-supereffective|p2a: Iron Treads
|-damage|p2a: Iron Treads|5/100
|
|upkeep
|turn|8
|c|☆Laban1024|uh oh im so ocoked
|
|t:|1781197722
|move|p2a: Iron Treads|Earthquake|p1a: QUIL
|-resisted|p1a: QUIL
|-damage|p1a: QUIL|34/100
|move|p1a: QUIL|Sticky Web|p2a: Iron Treads
|-sidestart|p2: Laban1024|move: Sticky Web
|
|-sideend|p2: Laban1024|move: Light Screen
|upkeep
|turn|9
|
|t:|1781197726
|switch|p1a: TREE?|Gholdengo|100/100
|-damage|p1a: TREE?|94/100|[from] Stealth Rock
|-item|p1a: TREE?|Air Balloon
|move|p2a: Iron Treads|Rapid Spin|p1a: TREE?
|-immune|p1a: TREE?
|
|-sideend|p2: Laban1024|Reflect
|upkeep
|turn|10
|
|t:|1781197732
|move|p2a: Iron Treads|Ice Spinner|p1a: TREE?
|-resisted|p1a: TREE?
|-damage|p1a: TREE?|75/100
|-enditem|p1a: TREE?|Air Balloon
|move|p1a: TREE?|Shadow Ball|p2a: Iron Treads
|-crit|p2a: Iron Treads
|-damage|p2a: Iron Treads|0 fnt
|faint|p2a: Iron Treads
|-end|p2a: Iron Treads|Quark Drive|[silent]
|
|upkeep
|
|t:|1781197741
|switch|p2a: Dragonite|Dragonite, F|100/100
|turn|11
|
|t:|1781197747
|move|p1a: TREE?|Shadow Ball|p2a: Dragonite
|-damage|p2a: Dragonite|78/100
|move|p2a: Dragonite|Dragon Dance|p2a: Dragonite
|-boost|p2a: Dragonite|atk|1
|-boost|p2a: Dragonite|spe|1
|
|upkeep
|turn|12
|
|t:|1781197752
|-terastallize|p2a: Dragonite|Normal
|move|p2a: Dragonite|Dragon Dance|p2a: Dragonite
|-boost|p2a: Dragonite|atk|1
|-boost|p2a: Dragonite|spe|1
|move|p1a: TREE?|Psyshock|p2a: Dragonite
|-damage|p2a: Dragonite|46/100
|
|upkeep
|turn|13
|c|☆Laban1024|why the fuck
|
|t:|1781197759
|-terastallize|p1a: TREE?|Flying
|move|p2a: Dragonite|Earthquake|p1a: TREE?
|-immune|p1a: TREE?
|move|p1a: TREE?|Make It Rain|p2a: Dragonite
|-damage|p2a: Dragonite|0 fnt
|-unboost|p1a: TREE?|spa|1
|faint|p2a: Dragonite
|
|upkeep
|c|☆Laban1024|WHY THE FUCK
|
|t:|1781197769
|switch|p2a: Iron Valiant|Iron Valiant|100/100
|-activate|p2a: Iron Valiant|move: Sticky Web
|-unboost|p2a: Iron Valiant|spe|1
|-enditem|p2a: Iron Valiant|Booster Energy
|-activate|p2a: Iron Valiant|ability: Quark Drive|[fromitem]
|-start|p2a: Iron Valiant|quarkdrivespa
|turn|14
|
|t:|1781197774
|switch|p1a: QUIL|Araquanid, F|34/100
|-damage|p1a: QUIL|9/100|[from] Stealth Rock
|move|p2a: Iron Valiant|Thunderbolt|p1a: QUIL
|-supereffective|p1a: QUIL
|-damage|p1a: QUIL|0 fnt
|faint|p1a: QUIL
|
|upkeep
|c|☆Laban1024|oh thats interesting
|inactive|pranjal singh has 120 seconds left.
|c|☆Laban1024|i got my speed lowered so quark drive did spatk and not speed
|
|t:|1781197819
|switch|p1a: TREE?|Gholdengo, tera:Flying|75/100
|-damage|p1a: TREE?|50/100|[from] Stealth Rock
|turn|15
|
|t:|1781197824
|move|p1a: TREE?|Make It Rain|p2a: Iron Valiant
|-supereffective|p2a: Iron Valiant
|-damage|p2a: Iron Valiant|0 fnt
|-unboost|p1a: TREE?|spa|1
|faint|p2a: Iron Valiant
|-end|p2a: Iron Valiant|Quark Drive|[silent]
|
|upkeep
|
|t:|1781197835
|switch|p2a: Ceruledge|Ceruledge, M|100/100
|-activate|p2a: Ceruledge|move: Sticky Web
|-unboost|p2a: Ceruledge|spe|1
|turn|16
|
|t:|1781197839
|move|p1a: TREE?|Shadow Ball|p2a: Ceruledge
|-supereffective|p2a: Ceruledge
|-damage|p2a: Ceruledge|35/100
|-enditem|p2a: Ceruledge|Weakness Policy
|-boost|p2a: Ceruledge|atk|2|[from] item: Weakness Policy
|-boost|p2a: Ceruledge|spa|2|[from] item: Weakness Policy
|move|p2a: Ceruledge|Bitter Blade|p1a: TREE?
|-damage|p1a: TREE?|0 fnt
|-heal|p2a: Ceruledge|61/100|[from] drain|[of] p1a: TREE?
|faint|p1a: TREE?
|
|upkeep
|
|t:|1781197849
|switch|p1a: QUZZ|Iron Valiant|100/100
|-damage|p1a: QUZZ|94/100|[from] Stealth Rock
|-enditem|p1a: QUZZ|Booster Energy
|-activate|p1a: QUZZ|ability: Quark Drive|[fromitem]
|-start|p1a: QUZZ|quarkdrivespa
|turn|17
|
|t:|1781197851
|move|p2a: Ceruledge|Endure|p2a: Ceruledge
|-singleturn|p2a: Ceruledge|move: Endure
|move|p1a: QUZZ|Shadow Ball|p2a: Ceruledge
|-supereffective|p2a: Ceruledge
|-activate|p2a: Ceruledge|move: Endure
|-damage|p2a: Ceruledge|1/100
|
|upkeep
|turn|18
|
|t:|1781197858
|move|p2a: Ceruledge|Shadow Sneak|p1a: QUZZ
|-damage|p1a: QUZZ|38/100
|move|p1a: QUZZ|Shadow Ball|p2a: Ceruledge
|-supereffective|p2a: Ceruledge
|-damage|p2a: Ceruledge|0 fnt
|faint|p2a: Ceruledge
|
|upkeep
|c|☆Laban1024|shiii i expected a knock
|
|t:|1781197866
|switch|p2a: Deoxys|Deoxys-Speed|60/100
|-activate|p2a: Deoxys|move: Sticky Web
|-unboost|p2a: Deoxys|spe|1
|-ability|p2a: Deoxys|Pressure
|turn|19
|
|t:|1781197869
|move|p2a: Deoxys|Psycho Boost|p1a: QUZZ
|-supereffective|p1a: QUZZ
|-damage|p1a: QUZZ|0 fnt
|-unboost|p2a: Deoxys|spa|2
|faint|p1a: QUZZ
|-end|p1a: QUZZ|Quark Drive|[silent]
|
|upkeep
|
|t:|1781197876
|switch|p1a: DELI|Raging Bolt|100/100
|-damage|p1a: DELI|88/100|[from] Stealth Rock
|-enditem|p1a: DELI|Booster Energy
|-activate|p1a: DELI|ability: Protosynthesis|[fromitem]
|-start|p1a: DELI|protosynthesisspa
|turn|20
|
|t:|1781197886
|move|p2a: Deoxys|Light Screen|p2a: Deoxys
|-sidestart|p2: Laban1024|move: Light Screen
|move|p1a: DELI|Thunderbolt|p2a: Deoxys
|-damage|p2a: Deoxys|18/100
|
|upkeep
|turn|21
|
|t:|1781197889
|move|p2a: Deoxys|Reflect|p2a: Deoxys
|-sidestart|p2: Laban1024|Reflect
|move|p1a: DELI|Calm Mind|p1a: DELI
|-boost|p1a: DELI|spa|1
|-boost|p1a: DELI|spd|1
|
|upkeep
|turn|22
|
|t:|1781197893
|move|p1a: DELI|Thunderclap||[still]
|-fail|p1a: DELI
|move|p2a: Deoxys|Teleport|p2a: Deoxys
|
|t:|1781197895
|switch|p2a: Zamazenta|Zamazenta|100/100|[from] Teleport
|-activate|p2a: Zamazenta|move: Sticky Web
|-unboost|p2a: Zamazenta|spe|1
|-ability|p2a: Zamazenta|Dauntless Shield|boost
|-boost|p2a: Zamazenta|def|1
|
|upkeep
|turn|23
|
|t:|1781197898
|move|p2a: Zamazenta|Substitute|p2a: Zamazenta
|-start|p2a: Zamazenta|Substitute
|-damage|p2a: Zamazenta|76/100
|move|p1a: DELI|Thunderbolt|p2a: Zamazenta
|-end|p2a: Zamazenta|Substitute
|
|-heal|p2a: Zamazenta|82/100|[from] item: Leftovers
|upkeep
|turn|24
|
|t:|1781197902
|move|p2a: Zamazenta|Body Press|p1a: DELI
|-damage|p1a: DELI|31/100
|move|p1a: DELI|Thunderbolt|p2a: Zamazenta
|-damage|p2a: Zamazenta|36/100
|-status|p2a: Zamazenta|par
|
|-heal|p2a: Zamazenta|43/100 par|[from] item: Leftovers
|upkeep
|turn|25
|c|☆Laban1024|bro
|c|☆Laban1024|im alr -speed
|c|☆Laban1024|lemme live
|
|t:|1781197922
|move|p1a: DELI|Thunderbolt|p2a: Zamazenta
|-damage|p2a: Zamazenta|0 fnt
|faint|p2a: Zamazenta
|
|upkeep
|
|t:|1781197927
|switch|p2a: Deoxys|Deoxys-Speed|18/100
|-activate|p2a: Deoxys|move: Sticky Web
|-unboost|p2a: Deoxys|spe|1
|-ability|p2a: Deoxys|Pressure
|turn|26
|
|t:|1781197930
|move|p1a: DELI|Thunderclap|p2a: Deoxys
|-damage|p2a: Deoxys|0 fnt
|faint|p2a: Deoxys
|
|win|pranjal singh
|raw|pranjal singh's rating: 1559 &rarr; <strong>1578</strong><br />(+19 for winning)
|raw|Laban1024's rating: 1544 &rarr; <strong>1525</strong><br />(-19 for losing)
