|j|☆Acastillo631
|j|☆allieway
|t:|1781456147
|gametype|singles
|player|p1|Acastillo631|silver|1624
|player|p2|allieway|elesa|1540
|gen|9
|tier|[Gen 9] OU
|rated|
|rule|HP Percentage Mod: HP is shown in percentages
|rule|Endless Battle Clause: Forcing endless battles is banned
|rule|Species Clause: Limit one of each Pokémon
|rule|OHKO Clause: OHKO moves are banned
|rule|Evasion Items Clause: Evasion items are banned
|rule|Evasion Moves Clause: Evasion moves are banned
|rule|Evasion Abilities Clause: Evasion abilities are banned
|rule|Sleep Moves Clause: Sleep-inducing moves are banned
|clearpoke
|poke|p1|Iron Valiant|
|poke|p1|Sinistcha|
|poke|p1|Tyranitar, M|
|poke|p1|Klefki, M|
|poke|p1|Swampert, F|
|poke|p1|Talonflame, F|
|poke|p2|Exeggutor-Alola, F|
|poke|p2|Torkoal, F|
|poke|p2|Comfey, F|
|poke|p2|Iron Moth|
|poke|p2|Great Tusk|
|poke|p2|Walking Wake|
|teampreview
|
|t:|1781456186
|teamsize|p1|6
|teamsize|p2|6
|start
|switch|p1a: Duff Mcwhalen|Swampert, F|100/100
|switch|p2a: Great Tusk|Great Tusk|100/100
|turn|1
|
|t:|1781456202
|-end|p2a: Great Tusk|Protosynthesis|[silent]
|switch|p2a: me on a teusday|Comfey, F|100/100
|move|p1a: Duff Mcwhalen|Stealth Rock|p2a: me on a teusday
|-sidestart|p2: allieway|move: Stealth Rock
|
|upkeep
|turn|2
|
|t:|1781456209
|move|p2a: me on a teusday|Giga Drain|p1a: Duff Mcwhalen
|-supereffective|p1a: Duff Mcwhalen
|-damage|p1a: Duff Mcwhalen|51/100
|move|p1a: Duff Mcwhalen|Flip Turn|p2a: me on a teusday
|-damage|p2a: me on a teusday|64/100
|
|t:|1781456223
|switch|p1a: Redips|Klefki, M|100/100|[from] Flip Turn
|
|-heal|p2a: me on a teusday|70/100|[from] item: Leftovers
|upkeep
|turn|3
|
|t:|1781456228
|switch|p2a: Great Tusk|Great Tusk|100/100
|-damage|p2a: Great Tusk|98/100|[from] Stealth Rock
|move|p1a: Redips|Dazzling Gleam|p2a: Great Tusk
|-supereffective|p2a: Great Tusk
|-damage|p2a: Great Tusk|32/100
|
|-heal|p2a: Great Tusk|39/100|[from] item: Leftovers
|upkeep
|turn|4
|
|t:|1781456232
|-end|p2a: Great Tusk|Protosynthesis|[silent]
|switch|p2a: Torkoal|Torkoal, F|100/100
|-damage|p2a: Torkoal|76/100|[from] Stealth Rock
|-weather|SunnyDay|[from] ability: Drought|[of] p2a: Torkoal
|move|p1a: Redips|Magnet Rise|p1a: Redips
|-start|p1a: Redips|Magnet Rise
|
|-weather|SunnyDay|[upkeep]
|upkeep
|turn|5
|
|t:|1781456237
|switch|p1a: Eregion|Tyranitar, M|100/100
|-weather|Sandstorm|[from] ability: Sand Stream|[of] p1a: Eregion
|move|p2a: Torkoal|Rapid Spin|p1a: Eregion
|-resisted|p1a: Eregion
|-damage|p1a: Eregion|97/100
|-boost|p2a: Torkoal|spe|1
|-sideend|p2: allieway|Stealth Rock|[from] move: Rapid Spin|[of] p2a: Torkoal
|
|-weather|Sandstorm|[upkeep]
|-damage|p2a: Torkoal|70/100|[from] Sandstorm
|-heal|p1a: Eregion|100/100|[from] item: Leftovers
|upkeep
|turn|6
|
|t:|1781456241
|switch|p2a: Great Tusk|Great Tusk|39/100
|move|p1a: Eregion|Stealth Rock|p2a: Great Tusk
|-sidestart|p2: allieway|move: Stealth Rock
|
|-weather|Sandstorm|[upkeep]
|-heal|p2a: Great Tusk|45/100|[from] item: Leftovers
|upkeep
|turn|7
|
|t:|1781456246
|move|p2a: Great Tusk|Rapid Spin|p1a: Eregion
|-resisted|p1a: Eregion
|-damage|p1a: Eregion|95/100
|-boost|p2a: Great Tusk|spe|1
|-sideend|p2: allieway|Stealth Rock|[from] move: Rapid Spin|[of] p2a: Great Tusk
|move|p1a: Eregion|Ice Beam|p2a: Great Tusk
|-supereffective|p2a: Great Tusk
|-damage|p2a: Great Tusk|0 fnt
|faint|p2a: Great Tusk
|-end|p2a: Great Tusk|Protosynthesis|[silent]
|
|-weather|Sandstorm|[upkeep]
|-heal|p1a: Eregion|100/100|[from] item: Leftovers
|upkeep
|
|t:|1781456270
|switch|p2a: Torkoal|Torkoal, F|70/100
|-weather|SunnyDay|[from] ability: Drought|[of] p2a: Torkoal
|turn|8
|
|t:|1781456276
|switch|p2a: Walking Wake|Walking Wake|100/100
|-activate|p2a: Walking Wake|ability: Protosynthesis
|-start|p2a: Walking Wake|protosynthesisspa
|move|p1a: Eregion|Stealth Rock|p2a: Walking Wake
|-sidestart|p2: allieway|move: Stealth Rock
|
|-weather|SunnyDay|[upkeep]
|upkeep
|turn|9
|
|t:|1781456286
|switch|p1a: Duff Mcwhalen|Swampert, F|51/100
|move|p2a: Walking Wake|Hydro Steam|p1a: Duff Mcwhalen
|-crit|p1a: Duff Mcwhalen
|-damage|p1a: Duff Mcwhalen|0 fnt
|faint|p1a: Duff Mcwhalen
|
|-weather|SunnyDay|[upkeep]
|upkeep
|
|t:|1781456287
|switch|p1a: Eregion|Tyranitar, M|100/100
|-weather|Sandstorm|[from] ability: Sand Stream|[of] p1a: Eregion
|-end|p2a: Walking Wake|Protosynthesis
|turn|10
|
|t:|1781456290
|move|p2a: Walking Wake|Hydro Steam|p1a: Eregion
|-supereffective|p1a: Eregion
|-damage|p1a: Eregion|47/100
|move|p1a: Eregion|Knock Off|p2a: Walking Wake
|-damage|p2a: Walking Wake|52/100
|-enditem|p2a: Walking Wake|Choice Specs|[from] move: Knock Off|[of] p1a: Eregion
|
|-weather|Sandstorm|[upkeep]
|-damage|p2a: Walking Wake|46/100|[from] Sandstorm
|-heal|p1a: Eregion|53/100|[from] item: Leftovers
|upkeep
|turn|11
|
|t:|1781456305
|switch|p1a: Wire Sponge|Sinistcha|100/100
|move|p2a: Walking Wake|Hydro Steam|p1a: Wire Sponge
|-resisted|p1a: Wire Sponge
|-crit|p1a: Wire Sponge
|-damage|p1a: Wire Sponge|64/100
|
|-weather|Sandstorm|[upkeep]
|-damage|p2a: Walking Wake|39/100|[from] Sandstorm
|-damage|p1a: Wire Sponge|58/100|[from] Sandstorm
|upkeep
|turn|12
|
|t:|1781456308
|move|p2a: Walking Wake|Draco Meteor|p1a: Wire Sponge
|-damage|p1a: Wire Sponge|0 fnt
|-unboost|p2a: Walking Wake|spa|2
|faint|p1a: Wire Sponge
|
|-weather|Sandstorm|[upkeep]
|-damage|p2a: Walking Wake|33/100|[from] Sandstorm
|upkeep
|
|t:|1781456316
|switch|p1a: Sage Harpuia|Iron Valiant|100/100
|-enditem|p1a: Sage Harpuia|Booster Energy
|-activate|p1a: Sage Harpuia|ability: Quark Drive|[fromitem]
|-start|p1a: Sage Harpuia|quarkdrivespe
|turn|13
|
|t:|1781456320
|move|p1a: Sage Harpuia|Moonblast|p2a: Walking Wake
|-supereffective|p2a: Walking Wake
|-damage|p2a: Walking Wake|0 fnt
|faint|p2a: Walking Wake
|-end|p2a: Walking Wake|Protosynthesis|[silent]
|
|-weather|Sandstorm|[upkeep]
|-damage|p1a: Sage Harpuia|94/100|[from] Sandstorm
|upkeep
|
|t:|1781456329
|switch|p2a: Torkoal|Torkoal, F|70/100
|-damage|p2a: Torkoal|45/100|[from] Stealth Rock
|-weather|SunnyDay|[from] ability: Drought|[of] p2a: Torkoal
|turn|14
|
|t:|1781456334
|-end|p1a: Sage Harpuia|Quark Drive|[silent]
|switch|p1a: Eregion|Tyranitar, M|53/100
|-weather|Sandstorm|[from] ability: Sand Stream|[of] p1a: Eregion
|move|p2a: Torkoal|Rapid Spin|p1a: Eregion
|-resisted|p1a: Eregion
|-damage|p1a: Eregion|50/100
|-boost|p2a: Torkoal|spe|1
|-sideend|p2: allieway|Stealth Rock|[from] move: Rapid Spin|[of] p2a: Torkoal
|
|-weather|Sandstorm|[upkeep]
|-damage|p2a: Torkoal|39/100|[from] Sandstorm
|-heal|p1a: Eregion|56/100|[from] item: Leftovers
|upkeep
|turn|15
|
|t:|1781456343
|switch|p2a: me on a teusday|Comfey, F|70/100
|move|p1a: Eregion|Stealth Rock|p2a: me on a teusday
|-sidestart|p2: allieway|move: Stealth Rock
|
|-weather|Sandstorm|[upkeep]
|-damage|p2a: me on a teusday|64/100|[from] Sandstorm
|-heal|p2a: me on a teusday|70/100|[from] item: Leftovers
|-heal|p1a: Eregion|62/100|[from] item: Leftovers
|upkeep
|turn|16
|
|t:|1781456350
|switch|p1a: Redips|Klefki, M|100/100
|move|p2a: me on a teusday|Growth|p2a: me on a teusday
|-boost|p2a: me on a teusday|atk|1
|-boost|p2a: me on a teusday|spa|1
|
|-weather|Sandstorm|[upkeep]
|-damage|p2a: me on a teusday|64/100|[from] Sandstorm
|-heal|p2a: me on a teusday|70/100|[from] item: Leftovers
|upkeep
|turn|17
|
|t:|1781456355
|move|p1a: Redips|Thunder Wave|p2a: me on a teusday
|-status|p2a: me on a teusday|par
|move|p2a: me on a teusday|Growth|p2a: me on a teusday
|-boost|p2a: me on a teusday|atk|1
|-boost|p2a: me on a teusday|spa|1
|
|-weather|Sandstorm|[upkeep]
|-damage|p2a: me on a teusday|64/100 par|[from] Sandstorm
|-heal|p2a: me on a teusday|70/100 par|[from] item: Leftovers
|upkeep
|turn|18
|
|t:|1781456408
|switch|p1a: Talonflame|Talonflame, F|100/100
|move|p2a: me on a teusday|Growth|p2a: me on a teusday
|-boost|p2a: me on a teusday|atk|1
|-boost|p2a: me on a teusday|spa|1
|
|-weather|none
|-heal|p2a: me on a teusday|77/100 par|[from] item: Leftovers
|upkeep
|turn|19
|
|t:|1781456415
|move|p1a: Talonflame|Flamethrower|p2a: me on a teusday
|-damage|p2a: me on a teusday|47/100 par
|move|p2a: me on a teusday|Stored Power|p1a: Talonflame
|-damage|p1a: Talonflame|0 fnt
|faint|p1a: Talonflame
|
|-heal|p2a: me on a teusday|53/100 par|[from] item: Leftovers
|upkeep
|
|t:|1781456424
|switch|p1a: Redips|Klefki, M|100/100
|turn|20
|
|t:|1781456429
|move|p2a: me on a teusday|Draining Kiss|p1a: Redips
|-resisted|p1a: Redips
|-damage|p1a: Redips|71/100
|-heal|p2a: me on a teusday|82/100 par|[from] drain|[of] p1a: Redips
|-damage|p2a: me on a teusday|66/100 par|[from] item: Rocky Helmet|[of] p1a: Redips
|move|p1a: Redips|Dazzling Gleam|p2a: me on a teusday
|-damage|p2a: me on a teusday|34/100 par
|
|-heal|p2a: me on a teusday|40/100 par|[from] item: Leftovers
|upkeep
|turn|21
|
|t:|1781456443
|-terastallize|p2a: me on a teusday|Poison
|move|p2a: me on a teusday|Draining Kiss|p1a: Redips
|-resisted|p1a: Redips
|-damage|p1a: Redips|41/100
|-heal|p2a: me on a teusday|70/100 par|[from] drain|[of] p1a: Redips
|-damage|p2a: me on a teusday|54/100 par|[from] item: Rocky Helmet|[of] p1a: Redips
|move|p1a: Redips|Dazzling Gleam|p2a: me on a teusday
|-resisted|p2a: me on a teusday
|-damage|p2a: me on a teusday|40/100 par
|
|-heal|p2a: me on a teusday|46/100 par|[from] item: Leftovers
|upkeep
|turn|22
|
|t:|1781456462
|move|p1a: Redips|Dazzling Gleam|p2a: me on a teusday
|-resisted|p2a: me on a teusday
|-damage|p2a: me on a teusday|31/100 par
|move|p2a: me on a teusday|Stored Power|p1a: Redips
|-resisted|p1a: Redips
|-damage|p1a: Redips|0 fnt
|faint|p1a: Redips
|
|-heal|p2a: me on a teusday|37/100 par|[from] item: Leftovers
|upkeep
|
|t:|1781456467
|switch|p1a: Eregion|Tyranitar, M|62/100
|-weather|Sandstorm|[from] ability: Sand Stream|[of] p1a: Eregion
|turn|23
|
|t:|1781456469
|move|p2a: me on a teusday|Draining Kiss|p1a: Eregion
|-supereffective|p1a: Eregion
|-damage|p1a: Eregion|22/100
|-heal|p2a: me on a teusday|87/100 par|[from] drain|[of] p1a: Eregion
|move|p1a: Eregion|Knock Off|p2a: me on a teusday
|-damage|p2a: me on a teusday|20/100 par
|-enditem|p2a: me on a teusday|Leftovers|[from] move: Knock Off|[of] p1a: Eregion
|
|-weather|Sandstorm|[upkeep]
|-damage|p2a: me on a teusday|14/100 par|[from] Sandstorm
|-heal|p1a: Eregion|28/100|[from] item: Leftovers
|upkeep
|turn|24
|
|t:|1781456478
|move|p2a: me on a teusday|Draining Kiss|p1a: Eregion
|-supereffective|p1a: Eregion
|-damage|p1a: Eregion|0 fnt
|-heal|p2a: me on a teusday|48/100 par|[from] drain|[of] p1a: Eregion
|faint|p1a: Eregion
|
|-weather|Sandstorm|[upkeep]
|-damage|p2a: me on a teusday|42/100 par|[from] Sandstorm
|upkeep
|
|t:|1781456481
|switch|p1a: Sage Harpuia|Iron Valiant|94/100
|turn|25
|
|t:|1781456483
|cant|p2a: me on a teusday|par
|move|p1a: Sage Harpuia|Moonblast|p2a: me on a teusday
|-resisted|p2a: me on a teusday
|-damage|p2a: me on a teusday|10/100 par
|-unboost|p2a: me on a teusday|spa|1
|
|-weather|Sandstorm|[upkeep]
|-damage|p1a: Sage Harpuia|88/100|[from] Sandstorm
|-damage|p2a: me on a teusday|4/100 par|[from] Sandstorm
|upkeep
|turn|26
|-message|Acastillo631 forfeited.
|
|win|allieway
|raw|Acastillo631's rating: 1624 &rarr; <strong>1599</strong><br />(-25 for losing)
|raw|allieway's rating: 1540 &rarr; <strong>1565</strong><br />(+25 for winning)
|l|☆Acastillo631
|player|p1|
|l|☆allieway
|player|p2|
