|badge|p1|silver|gen9ou|30-9
|uhtml|medal-msg|<div class="broadcast-blue">Curious what those medals under the avatar are? PS now has Ladder Seasons! For more information, check out the <a href="https://www.smogon.com/forums/threads/3740067/">thread on Smogon.</a></div>
|badge|p2|bronze|gen9ou|100-9
|uhtml|medal-msg|<div class="broadcast-blue">Curious what those medals under the avatar are? PS now has Ladder Seasons! For more information, check out the <a href="https://www.smogon.com/forums/threads/3740067/">thread on Smogon.</a></div>
|j|☆HO Only Bitch
|j|☆Miurez
|t:|1780970151
|gametype|singles
|player|p1|HO Only Bitch|giovanni|1940
|player|p2|Miurez|pokemonranger-gen4|1807
|gen|9
|tier|[Gen 9] OU
|rated|
|rule|HP Percentage Mod: HP is shown in percentages
|rule|Endless Battle Clause: Forcing endless battles is banned
|rule|Species Clause: Limit one of each Pokémon
|rule|OHKO Clause: OHKO moves are banned
|rule|Evasion Items Clause: Evasion items are banned
|rule|Evasion Moves Clause: Evasion moves are banned
|rule|Evasion Abilities Clause: Evasion abilities are banned
|rule|Sleep Moves Clause: Sleep-inducing moves are banned
|clearpoke
|poke|p1|Clodsire, M|
|poke|p1|Toxapex, M|
|poke|p1|Corviknight, M|
|poke|p1|Dondozo, M|
|poke|p1|Hatterene, F|
|poke|p1|Gliscor, M|
|poke|p2|Iron Moth|
|poke|p2|Gliscor, M|
|poke|p2|Hatterene, F|
|poke|p2|Ogerpon-Wellspring, F|
|poke|p2|Raging Bolt|
|poke|p2|Zamazenta-*|
|teampreview
|inactive|Battle timer is ON: inactive players will automatically lose when time's up. (requested by HO Only Bitch)
|
|t:|1780970181
|teamsize|p1|6
|teamsize|p2|6
|start
|switch|p1a: nothing new there|Gliscor, M|100/100
|switch|p2a: Zamazenta|Zamazenta|100/100
|-ability|p2a: Zamazenta|Dauntless Shield|boost
|-boost|p2a: Zamazenta|def|1
|turn|1
|j| Hakone Outbound
|j| nbxmddkmdd
|
|t:|1780970195
|move|p1a: nothing new there|Protect|p1a: nothing new there
|-singleturn|p1a: nothing new there|Protect
|move|p2a: Zamazenta|Ice Fang|p1a: nothing new there
|-activate|p1a: nothing new there|move: Protect
|
|-status|p1a: nothing new there|tox|[from] item: Toxic Orb
|upkeep
|turn|2
|
|t:|1780970203
|switch|p1a: calm down bro|Toxapex, M|100/100
|move|p2a: Zamazenta|Ice Fang|p1a: calm down bro
|-resisted|p1a: calm down bro
|-crit|p1a: calm down bro
|-damage|p1a: calm down bro|92/100
|
|-heal|p1a: calm down bro|98/100|[from] item: Leftovers
|upkeep
|turn|3
|
|t:|1780970220
|switch|p2a: Gliscor|Gliscor, M|100/100
|move|p1a: calm down bro|Infestation|p2a: Gliscor
|-resisted|p2a: Gliscor
|-damage|p2a: Gliscor|99/100
|-activate|p2a: Gliscor|move: Infestation|[of] p1a: calm down bro
|
|-heal|p1a: calm down bro|100/100|[from] item: Leftovers
|-damage|p2a: Gliscor|86/100|[from] move: Infestation|[partiallytrapped]
|-status|p2a: Gliscor|tox|[from] item: Toxic Orb
|upkeep
|turn|4
|
|t:|1780970232
|switch|p1a: love this for you|Hatterene, F|100/100
|move|p2a: Gliscor|Swords Dance|p2a: Gliscor
|-boost|p2a: Gliscor|atk|2
|
|-heal|p2a: Gliscor|99/100 tox|[from] ability: Poison Heal
|-end|p2a: Gliscor|Infestation|[partiallytrapped]|[silent]
|upkeep
|turn|5
|
|t:|1780970242
|switch|p1a: per my last turn|Corviknight, M|100/100
|-ability|p1a: per my last turn|Pressure
|move|p2a: Gliscor|Swords Dance|p2a: Gliscor
|-boost|p2a: Gliscor|atk|2
|
|-heal|p2a: Gliscor|100/100 tox|[from] ability: Poison Heal
|upkeep
|turn|6
|
|t:|1780970252
|move|p1a: per my last turn|Protect|p1a: per my last turn
|-singleturn|p1a: per my last turn|Protect
|move|p2a: Gliscor|Facade|p1a: per my last turn
|-activate|p1a: per my last turn|move: Protect
|
|upkeep
|turn|7
|
|t:|1780970259
|move|p2a: Gliscor|Facade|p1a: per my last turn
|-resisted|p1a: per my last turn
|-damage|p1a: per my last turn|52/100
|move|p1a: per my last turn|Roost|p1a: per my last turn
|-heal|p1a: per my last turn|100/100
|-singleturn|p1a: per my last turn|move: Roost
|
|upkeep
|turn|8
|
|t:|1780970268
|move|p2a: Gliscor|Swords Dance|p2a: Gliscor
|-boost|p2a: Gliscor|atk|2
|move|p1a: per my last turn|Brave Bird|p2a: Gliscor
|-damage|p2a: Gliscor|68/100 tox
|-damage|p1a: per my last turn|91/100|[from] Recoil
|
|-heal|p1a: per my last turn|98/100|[from] item: Leftovers
|-heal|p2a: Gliscor|80/100 tox|[from] ability: Poison Heal
|upkeep
|turn|9
|
|t:|1780970278
|move|p1a: per my last turn|Protect|p1a: per my last turn
|-singleturn|p1a: per my last turn|Protect
|move|p2a: Gliscor|Agility|p2a: Gliscor
|-boost|p2a: Gliscor|spe|2
|
|-heal|p1a: per my last turn|100/100|[from] item: Leftovers
|-heal|p2a: Gliscor|93/100 tox|[from] ability: Poison Heal
|upkeep
|turn|10
|
|t:|1780970288
|switch|p1a: keep trying|Dondozo, M|100/100
|move|p2a: Gliscor|Facade|p1a: keep trying
|-crit|p1a: keep trying
|-damage|p1a: keep trying|74/100
|
|-heal|p1a: keep trying|80/100|[from] item: Leftovers
|-heal|p2a: Gliscor|100/100 tox|[from] ability: Poison Heal
|upkeep
|turn|11
|j| Goobshiester1st
|
|t:|1780970298
|switch|p2a: Ogerpon|Ogerpon-Wellspring, F|100/100
|move|p1a: keep trying|Crunch|p2a: Ogerpon
|-damage|p2a: Ogerpon|77/100
|
|-heal|p1a: keep trying|86/100|[from] item: Leftovers
|upkeep
|turn|12
|
|t:|1780970306
|switch|p1a: calm down bro|Toxapex, M|100/100
|move|p2a: Ogerpon|Swords Dance|p2a: Ogerpon
|-boost|p2a: Ogerpon|atk|2
|
|upkeep
|turn|13
|
|t:|1780970315
|switch|p2a: Gliscor|Gliscor, M|100/100 tox
|move|p1a: calm down bro|Poison Jab|p2a: Gliscor
|-resisted|p2a: Gliscor
|-damage|p2a: Gliscor|92/100 tox
|
|-heal|p2a: Gliscor|100/100 tox|[from] ability: Poison Heal
|upkeep
|turn|14
|
|t:|1780970324
|switch|p1a: keep trying|Dondozo, M|86/100
|move|p2a: Gliscor|Earthquake|p1a: keep trying
|-damage|p1a: keep trying|64/100
|
|-heal|p1a: keep trying|70/100|[from] item: Leftovers
|upkeep
|turn|15
|
|t:|1780970332
|switch|p2a: Ogerpon|Ogerpon-Wellspring, F|77/100
|move|p1a: keep trying|Crunch|p2a: Ogerpon
|-damage|p2a: Ogerpon|54/100
|-unboost|p2a: Ogerpon|def|1
|
|-heal|p1a: keep trying|77/100|[from] item: Leftovers
|upkeep
|turn|16
|
|t:|1780970342
|switch|p1a: calm down bro|Toxapex, M|100/100
|move|p2a: Ogerpon|Trailblaze|p1a: calm down bro
|-damage|p1a: calm down bro|81/100
|-boost|p2a: Ogerpon|spe|1
|
|-heal|p1a: calm down bro|88/100|[from] item: Leftovers
|upkeep
|turn|17
|
|t:|1780970354
|switch|p2a: Gliscor|Gliscor, M|100/100 tox
|move|p1a: calm down bro|Infestation|p2a: Gliscor
|-resisted|p2a: Gliscor
|-damage|p2a: Gliscor|99/100 tox
|-activate|p2a: Gliscor|move: Infestation|[of] p1a: calm down bro
|
|-heal|p1a: calm down bro|94/100|[from] item: Leftovers
|-heal|p2a: Gliscor|100/100 tox|[from] ability: Poison Heal
|-damage|p2a: Gliscor|88/100 tox|[from] move: Infestation|[partiallytrapped]
|upkeep
|turn|18
|
|t:|1780970365
|switch|p1a: keep trying|Dondozo, M|77/100
|move|p2a: Gliscor|Swords Dance|p2a: Gliscor
|-boost|p2a: Gliscor|atk|2
|
|-heal|p1a: keep trying|83/100|[from] item: Leftovers
|-heal|p2a: Gliscor|100/100 tox|[from] ability: Poison Heal
|-end|p2a: Gliscor|Infestation|[partiallytrapped]|[silent]
|upkeep
|turn|19
|
|t:|1780970374
|switch|p2a: Zamazenta|Zamazenta|100/100
|move|p1a: keep trying|Curse|p1a: keep trying
|-unboost|p1a: keep trying|spe|1
|-boost|p1a: keep trying|atk|1
|-boost|p1a: keep trying|def|1
|
|-heal|p1a: keep trying|89/100|[from] item: Leftovers
|upkeep
|turn|20
|
|t:|1780970383
|switch|p2a: Hatterene|Hatterene, F|100/100
|move|p1a: keep trying|Crunch|p2a: Hatterene
|-crit|p2a: Hatterene
|-damage|p2a: Hatterene|66/100
|
|-heal|p2a: Hatterene|72/100|[from] item: Leftovers
|-heal|p1a: keep trying|95/100|[from] item: Leftovers
|upkeep
|turn|21
|
|t:|1780970392
|switch|p1a: nothing new there|Gliscor, M|100/100 tox
|move|p2a: Hatterene|Draining Kiss|p1a: nothing new there
|-damage|p1a: nothing new there|73/100 tox
|-heal|p2a: Hatterene|95/100|[from] drain|[of] p1a: nothing new there
|
|-heal|p2a: Hatterene|100/100|[from] item: Leftovers
|-heal|p1a: nothing new there|86/100 tox|[from] ability: Poison Heal
|upkeep
|turn|22
|
|t:|1780970403
|switch|p2a: Gliscor|Gliscor, M|100/100 tox
|move|p1a: nothing new there|Protect||[still]
|-fail|p1a: nothing new there
|
|-heal|p1a: nothing new there|98/100 tox|[from] ability: Poison Heal
|upkeep
|turn|23
|
|t:|1780970418
|switch|p1a: per my last turn|Corviknight, M|100/100
|-ability|p1a: per my last turn|Pressure
|switch|p2a: Hatterene|Hatterene, F|100/100
|
|upkeep
|turn|24
|
|t:|1780970425
|switch|p2a: Gliscor|Gliscor, M|100/100 tox
|move|p1a: per my last turn|Protect||[still]
|-fail|p1a: per my last turn
|
|upkeep
|turn|25
|
|t:|1780970437
|move|p2a: Gliscor|Swords Dance|p2a: Gliscor
|-boost|p2a: Gliscor|atk|2
|move|p1a: per my last turn|Brave Bird|p2a: Gliscor
|-damage|p2a: Gliscor|71/100 tox
|-damage|p1a: per my last turn|92/100|[from] Recoil
|
|-heal|p1a: per my last turn|98/100|[from] item: Leftovers
|-heal|p2a: Gliscor|83/100 tox|[from] ability: Poison Heal
|upkeep
|turn|26
|
|t:|1780970448
|move|p2a: Gliscor|Swords Dance|p2a: Gliscor
|-boost|p2a: Gliscor|atk|2
|move|p1a: per my last turn|Brave Bird|p2a: Gliscor
|-damage|p2a: Gliscor|49/100 tox
|-damage|p1a: per my last turn|89/100|[from] Recoil
|
|-heal|p1a: per my last turn|95/100|[from] item: Leftovers
|-heal|p2a: Gliscor|61/100 tox|[from] ability: Poison Heal
|upkeep
|turn|27
|
|t:|1780970461
|move|p1a: per my last turn|Protect|p1a: per my last turn
|-singleturn|p1a: per my last turn|Protect
|move|p2a: Gliscor|Swords Dance|p2a: Gliscor
|-boost|p2a: Gliscor|atk|2
|
|-heal|p1a: per my last turn|100/100|[from] item: Leftovers
|-heal|p2a: Gliscor|74/100 tox|[from] ability: Poison Heal
|upkeep
|turn|28
|
|t:|1780970481
|move|p2a: Gliscor|Facade|p1a: per my last turn
|-resisted|p1a: per my last turn
|-damage|p1a: per my last turn|31/100
|move|p1a: per my last turn|Roost|p1a: per my last turn
|-heal|p1a: per my last turn|81/100
|-singleturn|p1a: per my last turn|move: Roost
|
|-heal|p1a: per my last turn|88/100|[from] item: Leftovers
|-heal|p2a: Gliscor|86/100 tox|[from] ability: Poison Heal
|upkeep
|turn|29
|l| nbxmddkmdd
|
|t:|1780970492
|switch|p1a: keep trying|Dondozo, M|95/100
|move|p2a: Gliscor|Agility|p2a: Gliscor
|-boost|p2a: Gliscor|spe|2
|
|-heal|p1a: keep trying|100/100|[from] item: Leftovers
|-heal|p2a: Gliscor|98/100 tox|[from] ability: Poison Heal
|upkeep
|turn|30
|
|t:|1780970503
|move|p2a: Gliscor|Facade|p1a: keep trying
|-damage|p1a: keep trying|83/100
|move|p1a: keep trying|Curse|p1a: keep trying
|-unboost|p1a: keep trying|spe|1
|-boost|p1a: keep trying|atk|1
|-boost|p1a: keep trying|def|1
|
|-heal|p1a: keep trying|89/100|[from] item: Leftovers
|-heal|p2a: Gliscor|100/100 tox|[from] ability: Poison Heal
|upkeep
|turn|31
|
|t:|1780970518
|switch|p2a: Raging Bolt|Raging Bolt|100/100
|-enditem|p2a: Raging Bolt|Booster Energy
|-activate|p2a: Raging Bolt|ability: Protosynthesis|[fromitem]
|-start|p2a: Raging Bolt|protosynthesisspa
|move|p1a: keep trying|Crunch|p2a: Raging Bolt
|-damage|p2a: Raging Bolt|73/100
|
|-heal|p1a: keep trying|96/100|[from] item: Leftovers
|upkeep
|turn|32
|
|t:|1780970532
|switch|p1a: did you calc that?|Clodsire, M|100/100
|move|p2a: Raging Bolt|Dragon Pulse|p1a: did you calc that?
|-damage|p1a: did you calc that?|65/100
|
|-heal|p1a: did you calc that?|71/100|[from] item: Leftovers
|upkeep
|turn|33
|
|t:|1780970544
|-end|p2a: Raging Bolt|Protosynthesis|[silent]
|switch|p2a: Gliscor|Gliscor, M|100/100 tox
|move|p1a: did you calc that?|Recover|p1a: did you calc that?
|-heal|p1a: did you calc that?|100/100
|
|upkeep
|turn|34
|
|t:|1780970551
|switch|p2a: Hatterene|Hatterene, F|100/100
|switch|p1a: per my last turn|Corviknight, M|88/100
|-ability|p1a: per my last turn|Pressure
|
|-heal|p1a: per my last turn|94/100|[from] item: Leftovers
|upkeep
|turn|35
|
|t:|1780970561
|move|p1a: per my last turn|Protect|p1a: per my last turn
|-singleturn|p1a: per my last turn|Protect
|move|p2a: Hatterene|Calm Mind|p2a: Hatterene
|-boost|p2a: Hatterene|spa|1
|-boost|p2a: Hatterene|spd|1
|
|-heal|p1a: per my last turn|99/100|[from] item: Leftovers
|upkeep
|turn|36
|
|t:|1780970570
|move|p1a: per my last turn|Brave Bird|p2a: Hatterene
|-damage|p2a: Hatterene|69/100
|-damage|p1a: per my last turn|92/100|[from] Recoil
|move|p2a: Hatterene|Calm Mind|p2a: Hatterene
|-boost|p2a: Hatterene|spa|1
|-boost|p2a: Hatterene|spd|1
|
|-heal|p1a: per my last turn|98/100|[from] item: Leftovers
|-heal|p2a: Hatterene|75/100|[from] item: Leftovers
|upkeep
|turn|37
|
|t:|1780970579
|move|p1a: per my last turn|Brave Bird|p2a: Hatterene
|-damage|p2a: Hatterene|43/100
|-damage|p1a: per my last turn|90/100|[from] Recoil
|move|p2a: Hatterene|Mystical Fire|p1a: per my last turn
|-supereffective|p1a: per my last turn
|-damage|p1a: per my last turn|24/100
|-unboost|p1a: per my last turn|spa|1
|
|-heal|p1a: per my last turn|30/100|[from] item: Leftovers
|-heal|p2a: Hatterene|49/100|[from] item: Leftovers
|upkeep
|turn|38
|
|t:|1780970600
|move|p1a: per my last turn|Protect|p1a: per my last turn
|-singleturn|p1a: per my last turn|Protect
|move|p2a: Hatterene|Draining Kiss|p1a: per my last turn
|-activate|p1a: per my last turn|move: Protect
|
|-heal|p1a: per my last turn|37/100|[from] item: Leftovers
|-heal|p2a: Hatterene|55/100|[from] item: Leftovers
|upkeep
|turn|39
|
|t:|1780970610
|switch|p1a: did you calc that?|Clodsire, M|100/100
|move|p2a: Hatterene|Draining Kiss|p1a: did you calc that?
|-resisted|p1a: did you calc that?
|-damage|p1a: did you calc that?|95/100
|-heal|p2a: Hatterene|61/100|[from] drain|[of] p1a: did you calc that?
|
|-heal|p2a: Hatterene|67/100|[from] item: Leftovers
|-heal|p1a: did you calc that?|100/100|[from] item: Leftovers
|upkeep
|turn|40
|
|t:|1780970620
|move|p2a: Hatterene|Stored Power|p1a: did you calc that?
|-supereffective|p1a: did you calc that?
|-damage|p1a: did you calc that?|51/100
|move|p1a: did you calc that?|Poison Jab|p2a: Hatterene
|-supereffective|p2a: Hatterene
|-damage|p2a: Hatterene|31/100
|
|-heal|p2a: Hatterene|37/100|[from] item: Leftovers
|-heal|p1a: did you calc that?|57/100|[from] item: Leftovers
|upkeep
|turn|41
|
|t:|1780970633
|move|p2a: Hatterene|Draining Kiss|p1a: did you calc that?
|-resisted|p1a: did you calc that?
|-damage|p1a: did you calc that?|52/100
|-heal|p2a: Hatterene|43/100|[from] drain|[of] p1a: did you calc that?
|move|p1a: did you calc that?|Recover|p1a: did you calc that?
|-heal|p1a: did you calc that?|100/100
|
|-heal|p2a: Hatterene|49/100|[from] item: Leftovers
|upkeep
|turn|42
|
|t:|1780970646
|move|p2a: Hatterene|Stored Power|p1a: did you calc that?
|-supereffective|p1a: did you calc that?
|-damage|p1a: did you calc that?|52/100
|move|p1a: did you calc that?|Poison Jab|p2a: Hatterene
|-supereffective|p2a: Hatterene
|-damage|p2a: Hatterene|15/100
|
|-heal|p2a: Hatterene|21/100|[from] item: Leftovers
|-heal|p1a: did you calc that?|58/100|[from] item: Leftovers
|upkeep
|turn|43
|
|t:|1780970655
|move|p2a: Hatterene|Stored Power|p1a: did you calc that?
|-supereffective|p1a: did you calc that?
|-damage|p1a: did you calc that?|9/100
|move|p1a: did you calc that?|Recover|p1a: did you calc that?
|-heal|p1a: did you calc that?|59/100
|
|-heal|p2a: Hatterene|27/100|[from] item: Leftovers
|-heal|p1a: did you calc that?|65/100|[from] item: Leftovers
|upkeep
|turn|44
|
|t:|1780970680
|move|p2a: Hatterene|Stored Power|p1a: did you calc that?
|-supereffective|p1a: did you calc that?
|-damage|p1a: did you calc that?|13/100
|move|p1a: did you calc that?|Recover|p1a: did you calc that?
|-heal|p1a: did you calc that?|63/100
|
|-heal|p2a: Hatterene|33/100|[from] item: Leftovers
|-heal|p1a: did you calc that?|69/100|[from] item: Leftovers
|upkeep
|turn|45
|
|t:|1780970689
|move|p2a: Hatterene|Stored Power|p1a: did you calc that?
|-supereffective|p1a: did you calc that?
|-damage|p1a: did you calc that?|21/100
|move|p1a: did you calc that?|Poison Jab|p2a: Hatterene
|-supereffective|p2a: Hatterene
|-damage|p2a: Hatterene|0 fnt
|faint|p2a: Hatterene
|
|-heal|p1a: did you calc that?|27/100|[from] item: Leftovers
|upkeep
|
|t:|1780970708
|switch|p2a: Ogerpon|Ogerpon-Wellspring, F|54/100
|turn|46
|
|t:|1780970713
|switch|p1a: calm down bro|Toxapex, M|100/100
|move|p2a: Ogerpon|Ivy Cudgel|p1a: calm down bro|[anim] Ivy Cudgel Water
|-resisted|p1a: calm down bro
|-damage|p1a: calm down bro|82/100
|
|-heal|p1a: calm down bro|89/100|[from] item: Leftovers
|upkeep
|turn|47
|
|t:|1780970721
|switch|p2a: Gliscor|Gliscor, M|100/100 tox
|move|p1a: calm down bro|Infestation|p2a: Gliscor
|-resisted|p2a: Gliscor
|-damage|p2a: Gliscor|99/100 tox
|-activate|p2a: Gliscor|move: Infestation|[of] p1a: calm down bro
|
|-heal|p1a: calm down bro|95/100|[from] item: Leftovers
|-heal|p2a: Gliscor|100/100 tox|[from] ability: Poison Heal
|-damage|p2a: Gliscor|88/100 tox|[from] move: Infestation|[partiallytrapped]
|upkeep
|turn|48
|
|t:|1780970732
|switch|p1a: per my last turn|Corviknight, M|37/100
|-ability|p1a: per my last turn|Pressure
|move|p2a: Gliscor|Swords Dance|p2a: Gliscor
|-boost|p2a: Gliscor|atk|2
|
|-heal|p1a: per my last turn|43/100|[from] item: Leftovers
|-heal|p2a: Gliscor|100/100 tox|[from] ability: Poison Heal
|-end|p2a: Gliscor|Infestation|[partiallytrapped]|[silent]
|upkeep
|turn|49
|
|t:|1780970760
|switch|p2a: Iron Moth|Iron Moth|100/100
|-enditem|p2a: Iron Moth|Booster Energy
|-activate|p2a: Iron Moth|ability: Quark Drive|[fromitem]
|-start|p2a: Iron Moth|quarkdrivespe
|move|p1a: per my last turn|Roost|p1a: per my last turn
|-heal|p1a: per my last turn|93/100
|-singleturn|p1a: per my last turn|move: Roost
|
|-heal|p1a: per my last turn|99/100|[from] item: Leftovers
|upkeep
|turn|50
|
|t:|1780970771
|move|p2a: Iron Moth|Fiery Dance|p1a: per my last turn
|-supereffective|p1a: per my last turn
|-damage|p1a: per my last turn|39/100
|move|p1a: per my last turn|Brave Bird|p2a: Iron Moth
|-damage|p2a: Iron Moth|48/100
|-damage|p1a: per my last turn|25/100|[from] Recoil
|
|-heal|p1a: per my last turn|31/100|[from] item: Leftovers
|upkeep
|turn|51
|
|t:|1780970781
|move|p1a: per my last turn|Protect|p1a: per my last turn
|-singleturn|p1a: per my last turn|Protect
|move|p2a: Iron Moth|Fiery Dance|p1a: per my last turn
|-activate|p1a: per my last turn|move: Protect
|
|-heal|p1a: per my last turn|37/100|[from] item: Leftovers
|upkeep
|turn|52
|
|t:|1780970789
|switch|p1a: calm down bro|Toxapex, M|100/100
|move|p2a: Iron Moth|Fiery Dance|p1a: calm down bro
|-resisted|p1a: calm down bro
|-crit|p1a: calm down bro
|-damage|p1a: calm down bro|76/100
|
|-heal|p1a: calm down bro|82/100|[from] item: Leftovers
|upkeep
|turn|53
|
|t:|1780970798
|move|p2a: Iron Moth|Toxic Spikes|p1a: calm down bro
|-sidestart|p1: HO Only Bitch|move: Toxic Spikes
|move|p1a: calm down bro|Infestation|p2a: Iron Moth
|-resisted|p2a: Iron Moth
|-damage|p2a: Iron Moth|47/100
|-activate|p2a: Iron Moth|move: Infestation|[of] p1a: calm down bro
|
|-heal|p1a: calm down bro|88/100|[from] item: Leftovers
|-damage|p2a: Iron Moth|35/100|[from] move: Infestation|[partiallytrapped]
|upkeep
|turn|54
|
|t:|1780970809
|move|p1a: calm down bro|Poison Jab|p2a: Iron Moth
|-resisted|p2a: Iron Moth
|-damage|p2a: Iron Moth|20/100
|move|p2a: Iron Moth|Whirlwind|p1a: calm down bro
|drag|p1a: did you calc that?|Clodsire, M|27/100
|-sideend|p1: HO Only Bitch|move: Toxic Spikes|[of] p1a: did you calc that?
|
|-heal|p1a: did you calc that?|33/100|[from] item: Leftovers
|-end|p2a: Iron Moth|Infestation|[partiallytrapped]|[silent]
|upkeep
|turn|55
|
|t:|1780970819
|move|p2a: Iron Moth|Fiery Dance|p1a: did you calc that?
|-damage|p1a: did you calc that?|12/100
|-boost|p2a: Iron Moth|spa|1
|move|p1a: did you calc that?|Recover|p1a: did you calc that?
|-heal|p1a: did you calc that?|62/100
|
|-heal|p1a: did you calc that?|68/100|[from] item: Leftovers
|upkeep
|turn|56
|
|t:|1780970833
|move|p2a: Iron Moth|Fiery Dance|p1a: did you calc that?
|-damage|p1a: did you calc that?|47/100
|-boost|p2a: Iron Moth|spa|1
|move|p1a: did you calc that?|Stealth Rock|p2a: Iron Moth
|-sidestart|p2: Miurez|move: Stealth Rock
|
|-heal|p1a: did you calc that?|53/100|[from] item: Leftovers
|upkeep
|turn|57
|
|t:|1780970841
|move|p2a: Iron Moth|Fiery Dance|p1a: did you calc that?
|-damage|p1a: did you calc that?|32/100
|move|p1a: did you calc that?|Recover|p1a: did you calc that?
|-heal|p1a: did you calc that?|82/100
|
|-heal|p1a: did you calc that?|88/100|[from] item: Leftovers
|upkeep
|turn|58
|
|t:|1780970849
|move|p2a: Iron Moth|Fiery Dance|p1a: did you calc that?
|-damage|p1a: did you calc that?|66/100
|move|p1a: did you calc that?|Earthquake|p2a: Iron Moth
|-supereffective|p2a: Iron Moth
|-damage|p2a: Iron Moth|0 fnt
|faint|p2a: Iron Moth
|-end|p2a: Iron Moth|Quark Drive|[silent]
|
|-heal|p1a: did you calc that?|72/100|[from] item: Leftovers
|upkeep
|j| WANG QIU'ER
|
|t:|1780970863
|switch|p2a: Gliscor|Gliscor, M|100/100 tox
|-damage|p2a: Gliscor|88/100 tox|[from] Stealth Rock
|turn|59
|
|t:|1780970872
|switch|p1a: per my last turn|Corviknight, M|37/100
|-ability|p1a: per my last turn|Pressure
|move|p2a: Gliscor|Swords Dance|p2a: Gliscor
|-boost|p2a: Gliscor|atk|2
|
|-heal|p1a: per my last turn|43/100|[from] item: Leftovers
|-heal|p2a: Gliscor|100/100 tox|[from] ability: Poison Heal
|upkeep
|turn|60
|
|t:|1780970883
|move|p2a: Gliscor|Swords Dance|p2a: Gliscor
|-boost|p2a: Gliscor|atk|2
|move|p1a: per my last turn|Roost|p1a: per my last turn
|-heal|p1a: per my last turn|93/100
|-singleturn|p1a: per my last turn|move: Roost
|
|-heal|p1a: per my last turn|99/100|[from] item: Leftovers
|upkeep
|turn|61
|
|t:|1780970893
|move|p1a: per my last turn|Protect|p1a: per my last turn
|-singleturn|p1a: per my last turn|Protect
|move|p2a: Gliscor|Swords Dance|p2a: Gliscor
|-boost|p2a: Gliscor|atk|2
|
|-heal|p1a: per my last turn|100/100|[from] item: Leftovers
|upkeep
|turn|62
|l| WANG QIU'ER
|
|t:|1780970920
|switch|p1a: keep trying|Dondozo, M|96/100
|-terastallize|p2a: Gliscor|Normal
|move|p2a: Gliscor|Facade|p1a: keep trying
|-damage|p1a: keep trying|68/100
|
|-heal|p1a: keep trying|75/100|[from] item: Leftovers
|upkeep
|turn|63
|
|t:|1780970930
|move|p2a: Gliscor|Facade|p1a: keep trying
|-damage|p1a: keep trying|45/100
|move|p1a: keep trying|Curse|p1a: keep trying
|-unboost|p1a: keep trying|spe|1
|-boost|p1a: keep trying|atk|1
|-boost|p1a: keep trying|def|1
|
|-heal|p1a: keep trying|52/100|[from] item: Leftovers
|upkeep
|turn|64
|
|t:|1780970950
|switch|p2a: Raging Bolt|Raging Bolt|73/100
|-damage|p2a: Raging Bolt|61/100|[from] Stealth Rock
|move|p1a: keep trying|Crunch|p2a: Raging Bolt
|-damage|p2a: Raging Bolt|34/100
|
|-heal|p1a: keep trying|58/100|[from] item: Leftovers
|upkeep
|turn|65
|
|t:|1780970975
|switch|p1a: did you calc that?|Clodsire, M|72/100
|move|p2a: Raging Bolt|Thunderbolt|p1a: did you calc that?
|-immune|p1a: did you calc that?
|
|-heal|p1a: did you calc that?|78/100|[from] item: Leftovers
|upkeep
|turn|66
|
|t:|1780970983
|-end|p2a: Raging Bolt|Protosynthesis|[silent]
|switch|p2a: Gliscor|Gliscor, M, tera:Normal|100/100 tox
|-damage|p2a: Gliscor|88/100 tox|[from] Stealth Rock
|move|p1a: did you calc that?|Poison Jab|p2a: Gliscor
|-damage|p2a: Gliscor|70/100 tox
|
|-heal|p1a: did you calc that?|85/100|[from] item: Leftovers
|-heal|p2a: Gliscor|83/100 tox|[from] ability: Poison Heal
|upkeep
|turn|67
|
|t:|1780970993
|switch|p1a: keep trying|Dondozo, M|58/100
|move|p2a: Gliscor|Swords Dance|p2a: Gliscor
|-boost|p2a: Gliscor|atk|2
|
|-heal|p1a: keep trying|64/100|[from] item: Leftovers
|-heal|p2a: Gliscor|95/100 tox|[from] ability: Poison Heal
|upkeep
|turn|68
|
|t:|1780971010
|switch|p2a: Ogerpon|Ogerpon-Wellspring, F|54/100
|-damage|p2a: Ogerpon|42/100|[from] Stealth Rock
|switch|p1a: per my last turn|Corviknight, M|100/100
|-ability|p1a: per my last turn|Pressure
|
|upkeep
|turn|69
|
|t:|1780971021
|switch|p2a: Raging Bolt|Raging Bolt|34/100
|-damage|p2a: Raging Bolt|22/100|[from] Stealth Rock
|switch|p1a: calm down bro|Toxapex, M|100/100
|
|upkeep
|turn|70
|
|t:|1780971028
|move|p1a: calm down bro|Baneful Bunker|p1a: calm down bro
|-singleturn|p1a: calm down bro|move: Protect
|move|p2a: Raging Bolt|Dragon Pulse|p1a: calm down bro
|-activate|p1a: calm down bro|move: Protect
|
|upkeep
|turn|71
|
|t:|1780971035
|switch|p1a: love this for you|Hatterene, F|100/100
|move|p2a: Raging Bolt|Thunderbolt|p1a: love this for you
|-damage|p1a: love this for you|43/100
|
|-heal|p1a: love this for you|49/100|[from] item: Leftovers
|upkeep
|turn|72
|
|t:|1780971043
|switch|p1a: did you calc that?|Clodsire, M|85/100
|move|p2a: Raging Bolt|Thunderbolt|p1a: did you calc that?
|-immune|p1a: did you calc that?
|
|-heal|p1a: did you calc that?|91/100|[from] item: Leftovers
|upkeep
|turn|73
|
|t:|1780971061
|move|p2a: Raging Bolt|Dragon Pulse|p1a: did you calc that?
|-damage|p1a: did you calc that?|66/100
|move|p1a: did you calc that?|Poison Jab|p2a: Raging Bolt
|-damage|p2a: Raging Bolt|0 fnt
|faint|p2a: Raging Bolt
|-end|p2a: Raging Bolt|Protosynthesis|[silent]
|
|-heal|p1a: did you calc that?|72/100|[from] item: Leftovers
|upkeep
|
|t:|1780971065
|switch|p2a: Gliscor|Gliscor, M, tera:Normal|95/100 tox
|-damage|p2a: Gliscor|83/100 tox|[from] Stealth Rock
|turn|74
|
|t:|1780971074
|switch|p1a: per my last turn|Corviknight, M|100/100
|-ability|p1a: per my last turn|Pressure
|move|p2a: Gliscor|Swords Dance|p2a: Gliscor
|-boost|p2a: Gliscor|atk|2
|
|-heal|p2a: Gliscor|95/100 tox|[from] ability: Poison Heal
|upkeep
|turn|75
|
|t:|1780971084
|switch|p1a: keep trying|Dondozo, M|64/100
|move|p2a: Gliscor|Swords Dance|p2a: Gliscor
|-boost|p2a: Gliscor|atk|2
|
|-heal|p1a: keep trying|70/100|[from] item: Leftovers
|-heal|p2a: Gliscor|100/100 tox|[from] ability: Poison Heal
|upkeep
|turn|76
|
|t:|1780971093
|move|p2a: Gliscor|Facade|p1a: keep trying
|-damage|p1a: keep trying|39/100
|move|p1a: keep trying|Curse|p1a: keep trying
|-unboost|p1a: keep trying|spe|1
|-boost|p1a: keep trying|atk|1
|-boost|p1a: keep trying|def|1
|
|-heal|p1a: keep trying|46/100|[from] item: Leftovers
|upkeep
|turn|77
|
|t:|1780971107
|switch|p2a: Ogerpon|Ogerpon-Wellspring, F|42/100
|-damage|p2a: Ogerpon|30/100|[from] Stealth Rock
|move|p1a: keep trying|Rest|p1a: keep trying
|-status|p1a: keep trying|slp|[from] move: Rest
|-heal|p1a: keep trying|100/100 slp|[silent]
|
|upkeep
|turn|78
|
|t:|1780971132
|move|p2a: Ogerpon|Encore|p1a: keep trying
|-start|p1a: keep trying|Encore
|cant|p1a: keep trying|slp
|
|upkeep
|turn|79
|
|t:|1780971140
|switch|p1a: calm down bro|Toxapex, M|100/100
|move|p2a: Ogerpon|Trailblaze|p1a: calm down bro
|-damage|p1a: calm down bro|79/100
|-boost|p2a: Ogerpon|spe|1
|
|-heal|p1a: calm down bro|86/100|[from] item: Leftovers
|upkeep
|turn|80
|
|t:|1780971162
|switch|p2a: Gliscor|Gliscor, M, tera:Normal|100/100 tox
|-damage|p2a: Gliscor|88/100 tox|[from] Stealth Rock
|move|p1a: calm down bro|Infestation|p2a: Gliscor
|-damage|p2a: Gliscor|85/100 tox
|-activate|p2a: Gliscor|move: Infestation|[of] p1a: calm down bro
|
|-heal|p1a: calm down bro|92/100|[from] item: Leftovers
|-heal|p2a: Gliscor|97/100 tox|[from] ability: Poison Heal
|-damage|p2a: Gliscor|85/100 tox|[from] move: Infestation|[partiallytrapped]
|upkeep
|turn|81
|
|t:|1780971173
|switch|p1a: keep trying|Dondozo, M|100/100 slp
|move|p2a: Gliscor|Swords Dance|p2a: Gliscor
|-boost|p2a: Gliscor|atk|2
|
|-heal|p2a: Gliscor|97/100 tox|[from] ability: Poison Heal
|-end|p2a: Gliscor|Infestation|[partiallytrapped]|[silent]
|upkeep
|turn|82
|
|t:|1780971181
|move|p2a: Gliscor|Facade|p1a: keep trying
|-damage|p1a: keep trying|75/100 slp
|cant|p1a: keep trying|slp
|move|p1a: keep trying|Sleep Talk|p1a: keep trying
|move|p1a: keep trying|Curse|p1a: keep trying|[from] move: Sleep Talk
|-unboost|p1a: keep trying|spe|1
|-boost|p1a: keep trying|atk|1
|-boost|p1a: keep trying|def|1
|
|-heal|p1a: keep trying|81/100 slp|[from] item: Leftovers
|-heal|p2a: Gliscor|100/100 tox|[from] ability: Poison Heal
|upkeep
|turn|83
|
|t:|1780971195
|move|p2a: Gliscor|Facade|p1a: keep trying
|-damage|p1a: keep trying|63/100 slp
|-curestatus|p1a: keep trying|slp|[msg]
|move|p1a: keep trying|Crunch|p2a: Gliscor
|-damage|p2a: Gliscor|78/100 tox
|
|-heal|p1a: keep trying|69/100|[from] item: Leftovers
|-heal|p2a: Gliscor|90/100 tox|[from] ability: Poison Heal
|upkeep
|turn|84
|
|t:|1780971212
|move|p2a: Gliscor|Earthquake|p1a: keep trying
|-damage|p1a: keep trying|56/100
|move|p1a: keep trying|Crunch|p2a: Gliscor
|-damage|p2a: Gliscor|67/100 tox
|
|-heal|p1a: keep trying|62/100|[from] item: Leftovers
|-heal|p2a: Gliscor|79/100 tox|[from] ability: Poison Heal
|upkeep
|turn|85
|
|t:|1780971229
|move|p2a: Gliscor|Earthquake|p1a: keep trying
|-damage|p1a: keep trying|47/100
|move|p1a: keep trying|Crunch|p2a: Gliscor
|-damage|p2a: Gliscor|55/100 tox
|
|-heal|p1a: keep trying|54/100|[from] item: Leftovers
|-heal|p2a: Gliscor|67/100 tox|[from] ability: Poison Heal
|upkeep
|turn|86
|
|t:|1780971242
|switch|p2a: Ogerpon|Ogerpon-Wellspring, F|30/100
|-damage|p2a: Ogerpon|17/100|[from] Stealth Rock
|move|p1a: keep trying|Crunch|p2a: Ogerpon
|-damage|p2a: Ogerpon|0 fnt
|faint|p2a: Ogerpon
|
|-heal|p1a: keep trying|60/100|[from] item: Leftovers
|upkeep
|
|t:|1780971251
|switch|p2a: Zamazenta|Zamazenta|100/100
|-damage|p2a: Zamazenta|94/100|[from] Stealth Rock
|turn|87
|
|t:|1780971260
|move|p2a: Zamazenta|Ice Fang|p1a: keep trying
|-resisted|p1a: keep trying
|-damage|p1a: keep trying|57/100
|move|p1a: keep trying|Rest|p1a: keep trying
|-status|p1a: keep trying|slp|[from] move: Rest
|-heal|p1a: keep trying|100/100 slp|[silent]
|
|upkeep
|turn|88
|
|t:|1780971267
|move|p2a: Zamazenta|Close Combat|p1a: keep trying
|-damage|p1a: keep trying|86/100 slp
|-unboost|p2a: Zamazenta|def|1
|-unboost|p2a: Zamazenta|spd|1
|cant|p1a: keep trying|slp
|move|p1a: keep trying|Sleep Talk|p1a: keep trying
|move|p1a: keep trying|Rest||[from] move: Sleep Talk|[still]
|-fail|p1a: keep trying
|
|-heal|p1a: keep trying|92/100 slp|[from] item: Leftovers
|upkeep
|turn|89
|
|t:|1780971286
|switch|p2a: Gliscor|Gliscor, M, tera:Normal|67/100 tox
|-damage|p2a: Gliscor|55/100 tox|[from] Stealth Rock
|cant|p1a: keep trying|slp
|move|p1a: keep trying|Sleep Talk|p1a: keep trying
|move|p1a: keep trying|Rest||[from] move: Sleep Talk|[still]
|-fail|p1a: keep trying
|
|-heal|p1a: keep trying|98/100 slp|[from] item: Leftovers
|-heal|p2a: Gliscor|67/100 tox|[from] ability: Poison Heal
|upkeep
|turn|90
|
|t:|1780971299
|move|p2a: Gliscor|Earthquake|p1a: keep trying
|-damage|p1a: keep trying|83/100 slp
|-curestatus|p1a: keep trying|slp|[msg]
|move|p1a: keep trying|Curse|p1a: keep trying
|-unboost|p1a: keep trying|spe|1
|-boost|p1a: keep trying|atk|1
|-boost|p1a: keep trying|def|1
|
|-heal|p1a: keep trying|90/100|[from] item: Leftovers
|-heal|p2a: Gliscor|79/100 tox|[from] ability: Poison Heal
|upkeep
|turn|91
|
|t:|1780971311
|move|p2a: Gliscor|Earthquake|p1a: keep trying
|-damage|p1a: keep trying|80/100
|move|p1a: keep trying|Curse|p1a: keep trying
|-unboost|p1a: keep trying|spe|1
|-boost|p1a: keep trying|atk|1
|-boost|p1a: keep trying|def|1
|
|-heal|p1a: keep trying|86/100|[from] item: Leftovers
|-heal|p2a: Gliscor|92/100 tox|[from] ability: Poison Heal
|upkeep
|turn|92
|
|t:|1780971321
|move|p2a: Gliscor|Facade|p1a: keep trying
|-damage|p1a: keep trying|74/100
|move|p1a: keep trying|Curse|p1a: keep trying
|-unboost|p1a: keep trying|spe|1
|-boost|p1a: keep trying|atk|1
|-boost|p1a: keep trying|def|1
|
|-heal|p1a: keep trying|81/100|[from] item: Leftovers
|-heal|p2a: Gliscor|100/100 tox|[from] ability: Poison Heal
|upkeep
|turn|93
|
|t:|1780971333
|move|p2a: Gliscor|Facade|p1a: keep trying
|-damage|p1a: keep trying|71/100
|move|p1a: keep trying|Curse|p1a: keep trying
|-unboost|p1a: keep trying|spe|1
|-boost|p1a: keep trying|atk|1
|-boost|p1a: keep trying|def|1
|
|-heal|p1a: keep trying|77/100|[from] item: Leftovers
|upkeep
|turn|94
|
|t:|1780971343
|move|p2a: Gliscor|Facade|p1a: keep trying
|-crit|p1a: keep trying
|-damage|p1a: keep trying|31/100
|move|p1a: keep trying|Curse|p1a: keep trying
|-unboost|p1a: keep trying|spe|1
|-boost|p1a: keep trying|atk|1
|-boost|p1a: keep trying|def|1
|
|-heal|p1a: keep trying|37/100|[from] item: Leftovers
|upkeep
|turn|95
|
|t:|1780971353
|move|p2a: Gliscor|Facade|p1a: keep trying
|-damage|p1a: keep trying|30/100
|move|p1a: keep trying|Crunch|p2a: Gliscor
|-damage|p2a: Gliscor|41/100 tox
|
|-heal|p1a: keep trying|36/100|[from] item: Leftovers
|-heal|p2a: Gliscor|53/100 tox|[from] ability: Poison Heal
|upkeep
|turn|96
|
|t:|1780971362
|move|p2a: Gliscor|Facade|p1a: keep trying
|-damage|p1a: keep trying|29/100
|move|p1a: keep trying|Crunch|p2a: Gliscor
|-damage|p2a: Gliscor|0 fnt
|faint|p2a: Gliscor
|
|-heal|p1a: keep trying|35/100|[from] item: Leftovers
|upkeep
|
|t:|1780971365
|switch|p2a: Zamazenta|Zamazenta|94/100
|-damage|p2a: Zamazenta|88/100|[from] Stealth Rock
|turn|97
|
|t:|1780971375
|move|p2a: Zamazenta|Close Combat|p1a: keep trying
|-damage|p1a: keep trying|30/100
|-unboost|p2a: Zamazenta|def|1
|-unboost|p2a: Zamazenta|spd|1
|move|p1a: keep trying|Crunch|p2a: Zamazenta
|-resisted|p2a: Zamazenta
|-damage|p2a: Zamazenta|57/100
|
|-heal|p1a: keep trying|36/100|[from] item: Leftovers
|upkeep
|turn|98
|
|t:|1780971385
|move|p2a: Zamazenta|Close Combat|p1a: keep trying
|-damage|p1a: keep trying|31/100
|-unboost|p2a: Zamazenta|def|1
|-unboost|p2a: Zamazenta|spd|1
|move|p1a: keep trying|Crunch|p2a: Zamazenta
|-resisted|p2a: Zamazenta
|-damage|p2a: Zamazenta|29/100
|
|-heal|p1a: keep trying|37/100|[from] item: Leftovers
|upkeep
|turn|99
|
|t:|1780971395
|move|p2a: Zamazenta|Close Combat|p1a: keep trying
|-damage|p1a: keep trying|31/100
|-unboost|p2a: Zamazenta|def|1
|-unboost|p2a: Zamazenta|spd|1
|move|p1a: keep trying|Crunch|p2a: Zamazenta
|-resisted|p2a: Zamazenta
|-damage|p2a: Zamazenta|0 fnt
|faint|p2a: Zamazenta
|
|win|HO Only Bitch
|raw|HO Only Bitch's rating: 1940 &rarr; <strong>1953</strong><br />(+13 for winning)
|raw|Miurez's rating: 1807 &rarr; <strong>1794</strong><br />(-13 for losing)
|l|☆Miurez
|player|p2|
|l|☆HO Only Bitch
|player|p1|
