|j|☆TwinkleLittleStars
|j|☆Superhjkdetective
|t:|1781517763
|gametype|singles
|player|p1|TwinkleLittleStars|alec-anime|1622
|player|p2|Superhjkdetective|2|1600
|gen|9
|tier|[Gen 9] OU
|rated|
|rule|HP Percentage Mod: HP is shown in percentages
|rule|Endless Battle Clause: Forcing endless battles is banned
|rule|Species Clause: Limit one of each Pokémon
|rule|OHKO Clause: OHKO moves are banned
|rule|Evasion Items Clause: Evasion items are banned
|rule|Evasion Moves Clause: Evasion moves are banned
|rule|Evasion Abilities Clause: Evasion abilities are banned
|rule|Sleep Moves Clause: Sleep-inducing moves are banned
|clearpoke
|poke|p1|Zapdos|
|poke|p1|Slowking-Galar, M|
|poke|p1|Great Tusk|
|poke|p1|Clefable, M|
|poke|p1|Darkrai|
|poke|p1|Samurott-Hisui, F|
|poke|p2|Darkrai|
|poke|p2|Kingambit, M|
|poke|p2|Dragonite, F|
|poke|p2|Great Tusk|
|poke|p2|Pecharunt|
|poke|p2|Garganacl, M|
|teampreview
|inactive|Battle timer is ON: inactive players will automatically lose when time's up. (requested by Superhjkdetective)
|
|t:|1781517785
|teamsize|p1|6
|teamsize|p2|6
|start
|switch|p1a: Zapdos|Zapdos|100/100
|switch|p2a: Darkrai|Darkrai|100/100
|turn|1
|
|t:|1781517792
|move|p2a: Darkrai|Dark Pulse|p1a: Zapdos
|-crit|p1a: Zapdos
|-damage|p1a: Zapdos|18/100
|move|p1a: Zapdos|Hurricane|p2a: Darkrai|[miss]
|-miss|p1a: Zapdos|p2a: Darkrai
|
|upkeep
|turn|2
|
|t:|1781517799
|switch|p1a: Clefable|Clefable, M|100/100
|move|p2a: Darkrai|Knock Off|p1a: Clefable
|-resisted|p1a: Clefable
|-damage|p1a: Clefable|88/100
|-enditem|p1a: Clefable|Heavy-Duty Boots|[from] move: Knock Off|[of] p2a: Darkrai
|
|upkeep
|turn|3
|
|t:|1781517812
|switch|p2a: Pecharunt|Pecharunt|100/100
|move|p1a: Clefable|Stealth Rock|p2a: Pecharunt
|-sidestart|p2: Superhjkdetective|move: Stealth Rock
|
|upkeep
|turn|4
|
|t:|1781517820
|move|p2a: Pecharunt|Parting Shot|p1a: Clefable
|-unboost|p1a: Clefable|atk|1
|-unboost|p1a: Clefable|spa|1
|
|t:|1781517827
|switch|p2a: Great Tusk|Great Tusk|100/100|[from] Parting Shot
|-damage|p2a: Great Tusk|98/100|[from] Stealth Rock
|move|p1a: Clefable|Thunder Wave|p2a: Great Tusk
|-immune|p2a: Great Tusk
|
|upkeep
|turn|5
|
|t:|1781517836
|-end|p2a: Great Tusk|Protosynthesis|[silent]
|switch|p2a: Garganacl|Garganacl, M|100/100
|-damage|p2a: Garganacl|88/100|[from] Stealth Rock
|move|p1a: Clefable|Moonblast|p2a: Garganacl
|-damage|p2a: Garganacl|75/100
|
|-heal|p2a: Garganacl|81/100|[from] item: Leftovers
|upkeep
|turn|6
|
|t:|1781517842
|switch|p1a: Great Tusk|Great Tusk|100/100
|move|p2a: Garganacl|Salt Cure|p1a: Great Tusk
|-resisted|p1a: Great Tusk
|-damage|p1a: Great Tusk|99/100
|-start|p1a: Great Tusk|Salt Cure
|
|-heal|p2a: Garganacl|88/100|[from] item: Leftovers
|-damage|p1a: Great Tusk|86/100|[from] Salt Cure
|upkeep
|turn|7
|
|t:|1781517853
|-end|p1a: Great Tusk|Protosynthesis|[silent]
|switch|p1a: Samurott|Samurott-Hisui, F|100/100
|switch|p2a: Great Tusk|Great Tusk|98/100
|-damage|p2a: Great Tusk|95/100|[from] Stealth Rock
|
|upkeep
|turn|8
|
|t:|1781517869
|move|p1a: Samurott|Flip Turn|p2a: Great Tusk
|-supereffective|p2a: Great Tusk
|-damage|p2a: Great Tusk|57/100
|-damage|p1a: Samurott|84/100|[from] item: Rocky Helmet|[of] p2a: Great Tusk
|
|t:|1781517872
|switch|p1a: Zapdos|Zapdos|18/100|[from] Flip Turn
|move|p2a: Great Tusk|Rapid Spin|p1a: Zapdos
|-damage|p1a: Zapdos|0 fnt
|-boost|p2a: Great Tusk|spe|1
|-sideend|p2: Superhjkdetective|Stealth Rock|[from] move: Rapid Spin|[of] p2a: Great Tusk
|faint|p1a: Zapdos
|
|upkeep
|-message|TwinkleLittleStars forfeited.
|
|win|Superhjkdetective
|raw|TwinkleLittleStars's rating: 1622 &rarr; <strong>1601</strong><br />(-21 for losing)
|raw|Superhjkdetective's rating: 1600 &rarr; <strong>1621</strong><br />(+21 for winning)
|l|☆TwinkleLittleStars
|player|p1|
|l|☆Superhjkdetective
|player|p2|
