|j|☆extra-pseudo man
|j|☆icylikedecember
|t:|1781483886
|gametype|singles
|player|p1|extra-pseudo man|alder|1723
|player|p2|icylikedecember|smasher|1818
|gen|9
|tier|[Gen 9] OU
|rated|
|rule|HP Percentage Mod: HP is shown in percentages
|rule|Endless Battle Clause: Forcing endless battles is banned
|rule|Species Clause: Limit one of each Pokémon
|rule|OHKO Clause: OHKO moves are banned
|rule|Evasion Items Clause: Evasion items are banned
|rule|Evasion Moves Clause: Evasion moves are banned
|rule|Evasion Abilities Clause: Evasion abilities are banned
|rule|Sleep Moves Clause: Sleep-inducing moves are banned
|clearpoke
|poke|p1|Dragonite, M|
|poke|p1|Dragapult, M|
|poke|p1|Tyranitar, F|
|poke|p1|Metagross|
|poke|p1|Goodra-Hisui, M|
|poke|p1|Garchomp, M|
|poke|p2|Corviknight, F|
|poke|p2|Slowking-Galar, M|
|poke|p2|Darkrai|
|poke|p2|Kyurem|
|poke|p2|Zamazenta-*|
|poke|p2|Crawdaunt, F|
|teampreview
|c|☆extra-pseudo man|love the craw
|c|☆icylikedecember|ty
|inactive|Battle timer is ON: inactive players will automatically lose when time's up. (requested by icylikedecember)
|
|t:|1781483930
|teamsize|p1|6
|teamsize|p2|6
|start
|switch|p1a: Tyranocif|Tyranitar, F|100/100
|switch|p2a: Darkrai|Darkrai|100/100
|-weather|Sandstorm|[from] ability: Sand Stream|[of] p1a: Tyranocif
|turn|1
|
|t:|1781483934
|move|p2a: Darkrai|Focus Blast|p1a: Tyranocif|[miss]
|-miss|p2a: Darkrai|p1a: Tyranocif
|move|p1a: Tyranocif|Stealth Rock|p2a: Darkrai
|-sidestart|p2: icylikedecember|move: Stealth Rock
|
|-weather|Sandstorm|[upkeep]
|-damage|p2a: Darkrai|94/100|[from] Sandstorm
|upkeep
|turn|2
|
|t:|1781483940
|switch|p2a: Corviknight|Corviknight, F, shiny|100/100
|-damage|p2a: Corviknight|88/100|[from] Stealth Rock
|-ability|p2a: Corviknight|Pressure
|switch|p1a: He pulten on it|Dragapult, M|100/100
|
|-weather|Sandstorm|[upkeep]
|-damage|p1a: He pulten on it|95/100|[from] Sandstorm
|upkeep
|turn|3
|
|t:|1781483943
|move|p1a: He pulten on it|Will-O-Wisp|p2a: Corviknight
|-status|p2a: Corviknight|brn
|move|p2a: Corviknight|Defog|p1a: He pulten on it
|-unboost|p1a: He pulten on it|evasion|1
|-sideend|p2: icylikedecember|Stealth Rock|[from] move: Defog|[of] p2a: Corviknight
|
|-weather|Sandstorm|[upkeep]
|-damage|p1a: He pulten on it|89/100|[from] Sandstorm
|-damage|p2a: Corviknight|82/100 brn|[from] brn
|upkeep
|turn|4
|
|t:|1781483947
|switch|p2a: Slowking|Slowking-Galar, M, shiny|100/100
|move|p1a: He pulten on it|Hex|p2a: Slowking
|-supereffective|p2a: Slowking
|-damage|p2a: Slowking|72/100
|
|-weather|Sandstorm|[upkeep]
|-damage|p1a: He pulten on it|83/100|[from] Sandstorm
|-damage|p2a: Slowking|65/100|[from] Sandstorm
|upkeep
|turn|5
|
|t:|1781483954
|move|p1a: He pulten on it|Will-O-Wisp|p2a: Slowking
|-status|p2a: Slowking|brn
|move|p2a: Slowking|Ice Beam|p1a: He pulten on it
|-supereffective|p1a: He pulten on it
|-damage|p1a: He pulten on it|1/100
|
|-weather|none
|-damage|p2a: Slowking|59/100 brn|[from] brn
|upkeep
|turn|6
|
|t:|1781483958
|move|p1a: He pulten on it|Hex|p2a: Slowking
|-supereffective|p2a: Slowking
|-damage|p2a: Slowking|8/100 brn
|move|p2a: Slowking|Ice Beam|p1a: He pulten on it
|-supereffective|p1a: He pulten on it
|-damage|p1a: He pulten on it|0 fnt
|faint|p1a: He pulten on it
|
|-damage|p2a: Slowking|2/100 brn|[from] brn
|upkeep
|j| James macdonald
|
|t:|1781483966
|switch|p1a: The goot|Goodra-Hisui, M|100/100
|turn|7
|l| James macdonald
|j| nulato
|
|t:|1781483976
|move|p1a: The goot|Thunderbolt|p2a: Slowking
|-damage|p2a: Slowking|0 fnt
|faint|p2a: Slowking
|
|upkeep
|
|t:|1781483995
|switch|p2a: Crawdaunt|Crawdaunt, F|100/100
|turn|8
|
|t:|1781484005
|move|p1a: The goot|Thunderbolt|p2a: Crawdaunt
|-supereffective|p2a: Crawdaunt
|-damage|p2a: Crawdaunt|0 fnt
|faint|p2a: Crawdaunt
|
|upkeep
|
|t:|1781484009
|switch|p2a: Kyurem|Kyurem|100/100
|-ability|p2a: Kyurem|Pressure
|turn|9
|
|t:|1781484015
|switch|p1a: Tyranocif|Tyranitar, F|100/100
|-weather|Sandstorm|[from] ability: Sand Stream|[of] p1a: Tyranocif
|-terastallize|p2a: Kyurem|Ground
|move|p2a: Kyurem|Earth Power|p1a: Tyranocif
|-supereffective|p1a: Tyranocif
|-damage|p1a: Tyranocif|41/100
|
|-weather|Sandstorm|[upkeep]
|-heal|p1a: Tyranocif|47/100|[from] item: Leftovers
|upkeep
|turn|10
|
|t:|1781484024
|move|p2a: Kyurem|Earth Power|p1a: Tyranocif
|-supereffective|p1a: Tyranocif
|-damage|p1a: Tyranocif|0 fnt
|faint|p1a: Tyranocif
|
|-weather|Sandstorm|[upkeep]
|upkeep
|
|t:|1781484033
|switch|p1a: Chud|Dragonite, M|100/100
|turn|11
|
|t:|1781484039
|switch|p2a: Corviknight|Corviknight, F, shiny|82/100 brn
|-ability|p2a: Corviknight|Pressure
|switch|p1a: Marill me|Garchomp, M|100/100
|
|-weather|Sandstorm|[upkeep]
|-damage|p2a: Corviknight|76/100 brn|[from] brn
|upkeep
|turn|12
|
|t:|1781484045
|move|p1a: Marill me|Fire Fang|p2a: Corviknight|[miss]
|-miss|p1a: Marill me|p2a: Corviknight
|move|p2a: Corviknight|U-turn|p1a: Marill me
|-damage|p1a: Marill me|96/100
|-damage|p2a: Corviknight|64/100 brn|[from] ability: Rough Skin|[of] p1a: Marill me
|-damage|p2a: Corviknight|47/100 brn|[from] item: Rocky Helmet|[of] p1a: Marill me
|
|t:|1781484048
|switch|p2a: Kyurem|Kyurem, tera:Ground|100/100|[from] U-turn
|-ability|p2a: Kyurem|Pressure
|
|-weather|Sandstorm|[upkeep]
|upkeep
|turn|13
|j| dilf huntr
|
|t:|1781484053
|switch|p1a: kaboom|Metagross|100/100
|move|p2a: Kyurem|Ice Beam|p1a: kaboom
|-resisted|p1a: kaboom
|-damage|p1a: kaboom|60/100
|
|-weather|none
|upkeep
|turn|14
|
|t:|1781484062
|switch|p2a: Corviknight|Corviknight, F, shiny|47/100 brn
|-ability|p2a: Corviknight|Pressure
|move|p1a: kaboom|Heavy Slam|p2a: Corviknight
|-resisted|p2a: Corviknight
|-damage|p2a: Corviknight|19/100 brn
|-damage|p1a: kaboom|43/100|[from] item: Rocky Helmet|[of] p2a: Corviknight
|
|-damage|p2a: Corviknight|13/100 brn|[from] brn
|upkeep
|turn|15
|
|t:|1781484065
|move|p1a: kaboom|Heavy Slam|p2a: Corviknight
|-resisted|p2a: Corviknight
|-damage|p2a: Corviknight|0 fnt
|-damage|p1a: kaboom|26/100|[from] item: Rocky Helmet|[of] p2a: Corviknight
|faint|p2a: Corviknight
|
|upkeep
|
|t:|1781484068
|switch|p2a: Darkrai|Darkrai|94/100
|turn|16
|
|t:|1781484072
|move|p2a: Darkrai|Dark Pulse|p1a: kaboom
|-supereffective|p1a: kaboom
|-damage|p1a: kaboom|0 fnt
|faint|p1a: kaboom
|
|upkeep
|
|t:|1781484073
|switch|p1a: The goot|Goodra-Hisui, M|100/100
|turn|17
|
|t:|1781484081
|move|p2a: Darkrai|Focus Blast|p1a: The goot
|-supereffective|p1a: The goot
|-damage|p1a: The goot|19/100
|move|p1a: The goot|Draco Meteor|p2a: Darkrai
|-damage|p2a: Darkrai|0 fnt
|-unboost|p1a: The goot|spa|2
|faint|p2a: Darkrai
|
|upkeep
|
|t:|1781484087
|switch|p2a: Kyurem|Kyurem, tera:Ground|100/100
|-ability|p2a: Kyurem|Pressure
|turn|18
|
|t:|1781484089
|move|p2a: Kyurem|Ice Beam|p1a: The goot
|-damage|p1a: The goot|0 fnt
|faint|p1a: The goot
|
|upkeep
|
|t:|1781484094
|switch|p1a: Chud|Dragonite, M|100/100
|turn|19
|
|t:|1781484101
|-terastallize|p1a: Chud|Normal
|move|p2a: Kyurem|Ice Beam|p1a: Chud
|-damage|p1a: Chud|63/100
|move|p1a: Chud|Dragon Dance|p1a: Chud
|-boost|p1a: Chud|atk|1
|-boost|p1a: Chud|spe|1
|
|upkeep
|turn|20
|
|t:|1781484109
|switch|p2a: Zamazenta|Zamazenta|100/100
|-ability|p2a: Zamazenta|Dauntless Shield|boost
|-boost|p2a: Zamazenta|def|1
|move|p1a: Chud|Extreme Speed|p2a: Zamazenta
|-damage|p2a: Zamazenta|64/100
|
|-heal|p2a: Zamazenta|70/100|[from] item: Leftovers
|upkeep
|turn|21
|
|t:|1781484118
|switch|p2a: Kyurem|Kyurem, tera:Ground|100/100
|-ability|p2a: Kyurem|Pressure
|move|p1a: Chud|Dragon Dance|p1a: Chud
|-boost|p1a: Chud|atk|1
|-boost|p1a: Chud|spe|1
|
|upkeep
|turn|22
|
|t:|1781484132
|move|p1a: Chud|Extreme Speed|p2a: Kyurem
|-damage|p2a: Kyurem|15/100
|move|p2a: Kyurem|Draco Meteor|p1a: Chud
|-damage|p1a: Chud|0 fnt
|-unboost|p2a: Kyurem|spa|2
|faint|p1a: Chud
|
|upkeep
|
|t:|1781484135
|switch|p1a: Marill me|Garchomp, M|96/100
|turn|23
|
|t:|1781484139
|move|p2a: Kyurem|Draco Meteor|p1a: Marill me
|-supereffective|p1a: Marill me
|-damage|p1a: Marill me|0 fnt
|-unboost|p2a: Kyurem|spa|2
|faint|p1a: Marill me
|
|win|icylikedecember
|raw|extra-pseudo man's rating: 1723 &rarr; <strong>1708</strong><br />(-15 for losing)
|raw|icylikedecember's rating: 1818 &rarr; <strong>1833</strong><br />(+15 for winning)
|c|☆extra-pseudo man|gg
|c|☆extra-pseudo man|wp
|c|☆icylikedecember|gg
|l| dilf huntr
|l|☆icylikedecember
|player|p2|
|l|☆extra-pseudo man
|player|p1|
|l| nulato
