|j|☆no_dupes
|j|☆kai cyan
|t:|1781575814
|gametype|singles
|player|p1|no_dupes|silver-gen2|1548
|player|p2|kai cyan|skyla|1545
|gen|9
|tier|[Gen 9] OU
|rated|
|rule|HP Percentage Mod: HP is shown in percentages
|rule|Endless Battle Clause: Forcing endless battles is banned
|rule|Species Clause: Limit one of each Pokémon
|rule|OHKO Clause: OHKO moves are banned
|rule|Evasion Items Clause: Evasion items are banned
|rule|Evasion Moves Clause: Evasion moves are banned
|rule|Evasion Abilities Clause: Evasion abilities are banned
|rule|Sleep Moves Clause: Sleep-inducing moves are banned
|clearpoke
|poke|p1|Sinistcha|
|poke|p1|Gliscor, F|
|poke|p1|Tinkaton, F|
|poke|p1|Keldeo|
|poke|p1|Ting-Lu|
|poke|p1|Dragonite, F|
|poke|p2|Zamazenta-*|
|poke|p2|Iron Treads|
|poke|p2|Dragapult, F|
|poke|p2|Slowking-Galar, F|
|poke|p2|Moltres|
|poke|p2|Ogerpon-Wellspring, F|
|teampreview
|inactive|Battle timer is ON: inactive players will automatically lose when time's up. (requested by kai cyan)
|j| Drewisonline
|
|t:|1781575832
|teamsize|p1|6
|teamsize|p2|6
|start
|switch|p1a: Tinkaton|Tinkaton, F|100/100
|switch|p2a: Dragapult|Dragapult, F|100/100
|-ability|p1a: Tinkaton|Mold Breaker
|-item|p1a: Tinkaton|Air Balloon
|turn|1
|
|t:|1781575836
|move|p2a: Dragapult|U-turn|p1a: Tinkaton
|-resisted|p1a: Tinkaton
|-damage|p1a: Tinkaton|96/100
|-enditem|p1a: Tinkaton|Air Balloon
|
|t:|1781575844
|switch|p2a: Moltres|Moltres|100/100|[from] U-turn
|move|p1a: Tinkaton|Stealth Rock|p2a: Moltres
|-sidestart|p2: kai cyan|move: Stealth Rock
|
|upkeep
|turn|2
|
|t:|1781575849
|switch|p1a: Keldeo|Keldeo|100/100
|move|p2a: Moltres|Will-O-Wisp|p1a: Keldeo
|-status|p1a: Keldeo|brn
|
|-damage|p1a: Keldeo|94/100 brn|[from] brn
|upkeep
|turn|3
|
|t:|1781575856
|switch|p1a: Gliscor|Gliscor, F|100/100
|switch|p2a: Slowking|Slowking-Galar, F|100/100
|
|-status|p1a: Gliscor|tox|[from] item: Toxic Orb
|upkeep
|turn|4
|
|t:|1781575867
|move|p1a: Gliscor|Knock Off|p2a: Slowking
|-supereffective|p2a: Slowking
|-damage|p2a: Slowking|54/100
|-enditem|p2a: Slowking|Heavy-Duty Boots|[from] move: Knock Off|[of] p1a: Gliscor
|-prepare|p2a: Slowking|Chilly Reception|[premajor]
|move|p2a: Slowking|Chilly Reception|p2a: Slowking
|-weather|Snowscape
|
|t:|1781575870
|switch|p2a: Ogerpon|Ogerpon-Wellspring, F|100/100|[from] Chilly Reception
|-damage|p2a: Ogerpon|88/100|[from] Stealth Rock
|
|-weather|Snowscape|[upkeep]
|upkeep
|turn|5
|
|t:|1781575877
|switch|p1a: Sinistcha|Sinistcha|100/100
|move|p2a: Ogerpon|Swords Dance|p2a: Ogerpon
|-boost|p2a: Ogerpon|atk|2
|
|-weather|Snowscape|[upkeep]
|upkeep
|turn|6
|
|t:|1781575880
|move|p2a: Ogerpon|Knock Off|p1a: Sinistcha
|-supereffective|p1a: Sinistcha
|-damage|p1a: Sinistcha|0 fnt
|-enditem|p1a: Sinistcha|Heavy-Duty Boots|[from] move: Knock Off|[of] p2a: Ogerpon
|faint|p1a: Sinistcha
|
|-weather|Snowscape|[upkeep]
|upkeep
|
|t:|1781575883
|switch|p1a: Dragonite|Dragonite, F|100/100
|turn|7
|
|t:|1781575887
|move|p2a: Ogerpon|Knock Off|p1a: Dragonite
|-damage|p1a: Dragonite|62/100
|-enditem|p1a: Dragonite|Heavy-Duty Boots|[from] move: Knock Off|[of] p2a: Ogerpon
|move|p1a: Dragonite|Dragon Tail|p2a: Ogerpon
|-damage|p2a: Ogerpon|40/100
|drag|p2a: Slowking|Slowking-Galar, F|87/100
|-damage|p2a: Slowking|75/100|[from] Stealth Rock
|
|-weather|Snowscape|[upkeep]
|upkeep
|turn|8
|
|t:|1781575894
|move|p1a: Dragonite|Earthquake|p2a: Slowking
|-supereffective|p2a: Slowking
|-damage|p2a: Slowking|0 fnt
|faint|p2a: Slowking
|
|-weather|none
|upkeep
|
|t:|1781575898
|switch|p2a: Iron Treads|Iron Treads|100/100
|-damage|p2a: Iron Treads|97/100|[from] Stealth Rock
|-enditem|p2a: Iron Treads|Booster Energy
|-activate|p2a: Iron Treads|ability: Quark Drive|[fromitem]
|-start|p2a: Iron Treads|quarkdrivespe
|turn|9
|
|t:|1781575902
|move|p2a: Iron Treads|Rapid Spin|p1a: Dragonite
|-damage|p1a: Dragonite|46/100
|-boost|p2a: Iron Treads|spe|1
|-sideend|p2: kai cyan|Stealth Rock|[from] move: Rapid Spin|[of] p2a: Iron Treads
|move|p1a: Dragonite|Earthquake|p2a: Iron Treads
|-supereffective|p2a: Iron Treads
|-damage|p2a: Iron Treads|20/100
|
|upkeep
|turn|10
|
|t:|1781575907
|move|p2a: Iron Treads|Ice Spinner|p1a: Dragonite
|-supereffective|p1a: Dragonite
|-damage|p1a: Dragonite|0 fnt
|faint|p1a: Dragonite
|
|upkeep
|
|t:|1781575909
|switch|p1a: Keldeo|Keldeo|94/100 brn
|turn|11
|
|t:|1781575914
|move|p2a: Iron Treads|Knock Off|p1a: Keldeo
|-resisted|p1a: Keldeo
|-damage|p1a: Keldeo|77/100 brn
|-ability|p1a: Keldeo|Justified|boost
|-boost|p1a: Keldeo|atk|1
|-enditem|p1a: Keldeo|Heavy-Duty Boots|[from] move: Knock Off|[of] p2a: Iron Treads
|move|p1a: Keldeo|Flip Turn|p2a: Iron Treads
|-supereffective|p2a: Iron Treads
|-damage|p2a: Iron Treads|0 fnt
|faint|p2a: Iron Treads
|-end|p2a: Iron Treads|Quark Drive|[silent]
|
|t:|1781575919
|switch|p1a: Ting-Lu|Ting-Lu|100/100|[from] Flip Turn
|-ability|p1a: Ting-Lu|Vessel of Ruin
|
|upkeep
|
|t:|1781575927
|switch|p2a: Ogerpon|Ogerpon-Wellspring, F|40/100
|turn|12
|
|t:|1781575943
|-terastallize|p1a: Ting-Lu|Ghost
|move|p2a: Ogerpon|Power Whip|p1a: Ting-Lu
|-damage|p1a: Ting-Lu|63/100
|move|p1a: Ting-Lu|Earthquake|p2a: Ogerpon
|-resisted|p2a: Ogerpon
|-damage|p2a: Ogerpon|15/100
|
|-heal|p1a: Ting-Lu|69/100|[from] item: Leftovers
|upkeep
|turn|13
|
|t:|1781575949
|switch|p1a: Keldeo|Keldeo|77/100 brn
|move|p2a: Ogerpon|Knock Off|p1a: Keldeo
|-resisted|p1a: Keldeo
|-crit|p1a: Keldeo
|-damage|p1a: Keldeo|53/100 brn
|-ability|p1a: Keldeo|Justified|boost
|-boost|p1a: Keldeo|atk|1
|
|-damage|p1a: Keldeo|47/100 brn|[from] brn
|upkeep
|turn|14
|
|t:|1781575954
|move|p1a: Keldeo|Vacuum Wave|p2a: Ogerpon
|-damage|p2a: Ogerpon|0 fnt
|faint|p2a: Ogerpon
|
|-damage|p1a: Keldeo|41/100 brn|[from] brn
|upkeep
|
|t:|1781575956
|switch|p2a: Zamazenta|Zamazenta|100/100
|-ability|p2a: Zamazenta|Dauntless Shield|boost
|-boost|p2a: Zamazenta|def|1
|turn|15
|
|t:|1781575965
|move|p1a: Keldeo|Vacuum Wave|p2a: Zamazenta
|-damage|p2a: Zamazenta|85/100
|move|p2a: Zamazenta|Substitute|p2a: Zamazenta
|-start|p2a: Zamazenta|Substitute
|-damage|p2a: Zamazenta|60/100
|
|-heal|p2a: Zamazenta|66/100|[from] item: Leftovers
|-damage|p1a: Keldeo|35/100 brn|[from] brn
|upkeep
|turn|16
|
|t:|1781575969
|move|p1a: Keldeo|Vacuum Wave|p2a: Zamazenta
|-activate|p2a: Zamazenta|move: Substitute|[damage]
|move|p2a: Zamazenta|Iron Defense|p2a: Zamazenta
|-boost|p2a: Zamazenta|def|2
|
|-heal|p2a: Zamazenta|72/100|[from] item: Leftovers
|-damage|p1a: Keldeo|28/100 brn|[from] brn
|upkeep
|turn|17
|
|t:|1781575972
|switch|p1a: Ting-Lu|Ting-Lu, tera:Ghost|69/100
|-ability|p1a: Ting-Lu|Vessel of Ruin
|move|p2a: Zamazenta|Body Press|p1a: Ting-Lu
|-immune|p1a: Ting-Lu
|
|-heal|p2a: Zamazenta|78/100|[from] item: Leftovers
|-heal|p1a: Ting-Lu|75/100|[from] item: Leftovers
|upkeep
|turn|18
|
|t:|1781575977
|move|p2a: Zamazenta|Heavy Slam|p1a: Ting-Lu
|-damage|p1a: Ting-Lu|69/100
|move|p1a: Ting-Lu|Spikes|p2a: Zamazenta
|-sidestart|p2: kai cyan|Spikes
|
|-heal|p2a: Zamazenta|85/100|[from] item: Leftovers
|-heal|p1a: Ting-Lu|75/100|[from] item: Leftovers
|upkeep
|turn|19
|
|t:|1781575986
|move|p2a: Zamazenta|Heavy Slam|p1a: Ting-Lu
|-damage|p1a: Ting-Lu|69/100
|move|p1a: Ting-Lu|Whirlwind|p2a: Zamazenta
|drag|p2a: Dragapult|Dragapult, F|100/100
|-damage|p2a: Dragapult|88/100|[from] Spikes
|
|-heal|p1a: Ting-Lu|76/100|[from] item: Leftovers
|upkeep
|turn|20
|
|t:|1781575992
|switch|p1a: Tinkaton|Tinkaton, F|96/100
|-ability|p1a: Tinkaton|Mold Breaker
|move|p2a: Dragapult|Shadow Ball|p1a: Tinkaton
|-damage|p1a: Tinkaton|48/100
|
|upkeep
|turn|21
|
|t:|1781575996
|move|p2a: Dragapult|Shadow Ball|p1a: Tinkaton
|-damage|p1a: Tinkaton|1/100
|-unboost|p1a: Tinkaton|spd|1
|move|p1a: Tinkaton|Stealth Rock|p2a: Dragapult
|-sidestart|p2: kai cyan|move: Stealth Rock
|
|upkeep
|turn|22
|
|t:|1781576002
|move|p2a: Dragapult|Shadow Ball|p1a: Tinkaton
|-damage|p1a: Tinkaton|0 fnt
|faint|p1a: Tinkaton
|
|upkeep
|
|t:|1781576003
|switch|p1a: Gliscor|Gliscor, F|100/100 tox
|turn|23
|
|t:|1781576006
|move|p2a: Dragapult|Shadow Ball|p1a: Gliscor
|-damage|p1a: Gliscor|35/100 tox
|move|p1a: Gliscor|Knock Off|p2a: Dragapult
|-supereffective|p2a: Dragapult
|-damage|p2a: Dragapult|28/100
|-enditem|p2a: Dragapult|Choice Specs|[from] move: Knock Off|[of] p1a: Gliscor
|
|-heal|p1a: Gliscor|48/100 tox|[from] ability: Poison Heal
|upkeep
|turn|24
|
|t:|1781576012
|move|p1a: Gliscor|Protect|p1a: Gliscor
|-singleturn|p1a: Gliscor|Protect
|move|p2a: Dragapult|Shadow Ball|p1a: Gliscor
|-activate|p1a: Gliscor|move: Protect
|
|-heal|p1a: Gliscor|60/100 tox|[from] ability: Poison Heal
|upkeep
|turn|25
|
|t:|1781576014
|move|p2a: Dragapult|Draco Meteor|p1a: Gliscor
|-damage|p1a: Gliscor|0 fnt
|-unboost|p2a: Dragapult|spa|2
|faint|p1a: Gliscor
|
|upkeep
|
|t:|1781576016
|switch|p1a: Ting-Lu|Ting-Lu, tera:Ghost|76/100
|-ability|p1a: Ting-Lu|Vessel of Ruin
|turn|26
|
|t:|1781576023
|switch|p2a: Moltres|Moltres|100/100
|move|p1a: Ting-Lu|Earthquake|p2a: Moltres
|-immune|p2a: Moltres
|
|-heal|p1a: Ting-Lu|82/100|[from] item: Leftovers
|upkeep
|turn|27
|
|t:|1781576028
|switch|p1a: Keldeo|Keldeo|28/100 brn
|move|p2a: Moltres|Will-O-Wisp|p1a: Keldeo
|-fail|p1a: Keldeo|brn
|
|-damage|p1a: Keldeo|22/100 brn|[from] brn
|upkeep
|turn|28
|
|t:|1781576035
|switch|p2a: Zamazenta|Zamazenta|85/100
|-damage|p2a: Zamazenta|72/100|[from] Spikes
|-damage|p2a: Zamazenta|66/100|[from] Stealth Rock
|move|p1a: Keldeo|Surf|p2a: Zamazenta
|-damage|p2a: Zamazenta|32/100
|
|-heal|p2a: Zamazenta|39/100|[from] item: Leftovers
|-damage|p1a: Keldeo|16/100 brn|[from] brn
|upkeep
|turn|29
|
|t:|1781576038
|switch|p1a: Ting-Lu|Ting-Lu, tera:Ghost|82/100
|-ability|p1a: Ting-Lu|Vessel of Ruin
|move|p2a: Zamazenta|Body Press|p1a: Ting-Lu
|-immune|p1a: Ting-Lu
|
|-heal|p2a: Zamazenta|45/100|[from] item: Leftovers
|-heal|p1a: Ting-Lu|88/100|[from] item: Leftovers
|upkeep
|turn|30
|
|t:|1781576041
|move|p2a: Zamazenta|Heavy Slam|p1a: Ting-Lu
|-damage|p1a: Ting-Lu|82/100
|move|p1a: Ting-Lu|Spikes|p2a: Zamazenta
|-sidestart|p2: kai cyan|Spikes
|
|-heal|p2a: Zamazenta|51/100|[from] item: Leftovers
|-heal|p1a: Ting-Lu|89/100|[from] item: Leftovers
|upkeep
|turn|31
|
|t:|1781576048
|switch|p2a: Dragapult|Dragapult, F|28/100
|-damage|p2a: Dragapult|12/100|[from] Spikes
|-damage|p2a: Dragapult|0 fnt|[from] Stealth Rock
|faint|p2a: Dragapult
|move|p1a: Ting-Lu|Whirlwind|p2: Dragapult|[notarget]
|-fail|p1a: Ting-Lu
|
|-heal|p1a: Ting-Lu|95/100|[from] item: Leftovers
|upkeep
|
|t:|1781576056
|switch|p2a: Moltres|Moltres|100/100
|turn|32
|
|t:|1781576059
|move|p2a: Moltres|Will-O-Wisp|p1a: Ting-Lu
|-status|p1a: Ting-Lu|brn
|move|p1a: Ting-Lu|Whirlwind|p2a: Moltres
|drag|p2a: Zamazenta|Zamazenta|51/100
|-damage|p2a: Zamazenta|35/100|[from] Spikes
|-damage|p2a: Zamazenta|28/100|[from] Stealth Rock
|
|-heal|p2a: Zamazenta|35/100|[from] item: Leftovers
|-heal|p1a: Ting-Lu|100/100 brn|[from] item: Leftovers
|-damage|p1a: Ting-Lu|94/100 brn|[from] brn
|upkeep
|turn|33
|
|t:|1781576066
|move|p2a: Zamazenta|Heavy Slam|p1a: Ting-Lu
|-damage|p1a: Ting-Lu|88/100 brn
|move|p1a: Ting-Lu|Whirlwind|p2a: Zamazenta
|drag|p2a: Moltres|Moltres|100/100
|
|-heal|p1a: Ting-Lu|95/100 brn|[from] item: Leftovers
|-damage|p1a: Ting-Lu|88/100 brn|[from] brn
|upkeep
|turn|34
|
|t:|1781576072
|move|p2a: Moltres|Flamethrower|p1a: Ting-Lu
|-damage|p1a: Ting-Lu|72/100 brn
|move|p1a: Ting-Lu|Whirlwind|p2a: Moltres
|drag|p2a: Zamazenta|Zamazenta|35/100
|-damage|p2a: Zamazenta|18/100|[from] Spikes
|-damage|p2a: Zamazenta|12/100|[from] Stealth Rock
|
|-heal|p2a: Zamazenta|18/100|[from] item: Leftovers
|-heal|p1a: Ting-Lu|78/100 brn|[from] item: Leftovers
|-damage|p1a: Ting-Lu|72/100 brn|[from] brn
|upkeep
|turn|35
|
|t:|1781576080
|move|p2a: Zamazenta|Heavy Slam|p1a: Ting-Lu
|-damage|p1a: Ting-Lu|66/100 brn
|move|p1a: Ting-Lu|Whirlwind|p2a: Zamazenta
|drag|p2a: Moltres|Moltres|100/100
|
|-heal|p1a: Ting-Lu|72/100 brn|[from] item: Leftovers
|-damage|p1a: Ting-Lu|66/100 brn|[from] brn
|upkeep
|turn|36
|
|t:|1781576083
|move|p2a: Moltres|Flamethrower|p1a: Ting-Lu
|-damage|p1a: Ting-Lu|49/100 brn
|move|p1a: Ting-Lu|Ruination|p2a: Moltres
|-damage|p2a: Moltres|51/100
|
|-heal|p1a: Ting-Lu|55/100 brn|[from] item: Leftovers
|-damage|p1a: Ting-Lu|49/100 brn|[from] brn
|upkeep
|turn|37
|
|t:|1781576089
|move|p2a: Moltres|Flamethrower|p1a: Ting-Lu
|-damage|p1a: Ting-Lu|33/100 brn
|move|p1a: Ting-Lu|Ruination|p2a: Moltres
|-damage|p2a: Moltres|26/100
|
|-heal|p1a: Ting-Lu|39/100 brn|[from] item: Leftovers
|-damage|p1a: Ting-Lu|33/100 brn|[from] brn
|upkeep
|turn|38
|
|t:|1781576104
|move|p2a: Moltres|Roost|p2a: Moltres
|-heal|p2a: Moltres|76/100
|-singleturn|p2a: Moltres|move: Roost
|move|p1a: Ting-Lu|Earthquake|p2a: Moltres
|-supereffective|p2a: Moltres
|-damage|p2a: Moltres|47/100
|
|-heal|p1a: Ting-Lu|39/100 brn|[from] item: Leftovers
|-damage|p1a: Ting-Lu|33/100 brn|[from] brn
|upkeep
|turn|39
|
|t:|1781576108
|move|p2a: Moltres|Roost|p2a: Moltres
|-heal|p2a: Moltres|98/100
|-singleturn|p2a: Moltres|move: Roost
|move|p1a: Ting-Lu|Ruination|p2a: Moltres
|-damage|p2a: Moltres|49/100
|
|-heal|p1a: Ting-Lu|39/100 brn|[from] item: Leftovers
|-damage|p1a: Ting-Lu|33/100 brn|[from] brn
|upkeep
|turn|40
|
|t:|1781576112
|move|p2a: Moltres|Flamethrower|p1a: Ting-Lu
|-damage|p1a: Ting-Lu|17/100 brn
|move|p1a: Ting-Lu|Ruination|p2a: Moltres|[miss]
|-miss|p1a: Ting-Lu|p2a: Moltres
|
|-heal|p1a: Ting-Lu|23/100 brn|[from] item: Leftovers
|-damage|p1a: Ting-Lu|17/100 brn|[from] brn
|upkeep
|turn|41
|
|t:|1781576118
|move|p2a: Moltres|Roost|p2a: Moltres
|-heal|p2a: Moltres|99/100
|-singleturn|p2a: Moltres|move: Roost
|move|p1a: Ting-Lu|Ruination|p2a: Moltres
|-damage|p2a: Moltres|50/100
|
|-heal|p1a: Ting-Lu|23/100 brn|[from] item: Leftovers
|-damage|p1a: Ting-Lu|17/100 brn|[from] brn
|upkeep
|turn|42
|
|t:|1781576124
|move|p2a: Moltres|Flamethrower|p1a: Ting-Lu
|-crit|p1a: Ting-Lu
|-damage|p1a: Ting-Lu|0 fnt
|faint|p1a: Ting-Lu
|
|upkeep
|
|t:|1781576126
|switch|p1a: Keldeo|Keldeo|16/100 brn
|turn|43
|
|t:|1781576132
|switch|p2a: Zamazenta|Zamazenta|18/100
|-damage|p2a: Zamazenta|2/100|[from] Spikes
|-damage|p2a: Zamazenta|0 fnt|[from] Stealth Rock
|faint|p2a: Zamazenta
|move|p1a: Keldeo|Surf|p2: Zamazenta|[notarget]
|-fail|p1a: Keldeo
|
|-damage|p1a: Keldeo|10/100 brn|[from] brn
|upkeep
|
|t:|1781576139
|switch|p2a: Moltres|Moltres|50/100
|turn|44
|
|t:|1781576142
|-terastallize|p2a: Moltres|Fairy
|move|p1a: Keldeo|Surf|p2a: Moltres
|-damage|p2a: Moltres|0 fnt
|faint|p2a: Moltres
|
|win|no_dupes
|raw|no_dupes's rating: 1548 &rarr; <strong>1568</strong><br />(+20 for winning)
|raw|kai cyan's rating: 1545 &rarr; <strong>1525</strong><br />(-20 for losing)
|l|☆kai cyan
|player|p2|
|c|☆no_dupes|gg
|l| Drewisonline
