|j|‽LT_Alt1
|j|☆smithwick1
|t:|1781247636
|gametype|singles
|player|p1|LT_Alt1|102|1662
|player|p2|smithwick1|102|1674
|gen|9
|tier|[Gen 9] OU
|rated|
|rule|HP Percentage Mod: HP is shown in percentages
|rule|Endless Battle Clause: Forcing endless battles is banned
|rule|Species Clause: Limit one of each Pokémon
|rule|OHKO Clause: OHKO moves are banned
|rule|Evasion Items Clause: Evasion items are banned
|rule|Evasion Moves Clause: Evasion moves are banned
|rule|Evasion Abilities Clause: Evasion abilities are banned
|rule|Sleep Moves Clause: Sleep-inducing moves are banned
|clearpoke
|poke|p1|Kyurem|
|poke|p1|Raging Bolt|
|poke|p1|Hatterene, F|
|poke|p1|Slowking-Galar, M|
|poke|p1|Ting-Lu|
|poke|p1|Corviknight, F|
|poke|p2|Zamazenta-*|
|poke|p2|Dragapult, F|
|poke|p2|Pecharunt|
|poke|p2|Ogerpon-Wellspring, F|
|poke|p2|Iron Treads|
|poke|p2|Kingambit, F|
|teampreview
|inactive|Battle timer is ON: inactive players will automatically lose when time's up. (requested by smithwick1)
|inactive|smithwick1 has 120 seconds left.
|
|t:|1781247687
|teamsize|p1|6
|teamsize|p2|6
|start
|switch|p1a: Slowking|Slowking-Galar, M|100/100
|switch|p2a: Zamazenta|Zamazenta|100/100
|-ability|p2a: Zamazenta|Dauntless Shield|boost
|-boost|p2a: Zamazenta|def|1
|turn|1
|
|t:|1781247706
|switch|p1a: Corviknight|Corviknight, F|100/100
|-ability|p1a: Corviknight|Pressure
|move|p2a: Zamazenta|Light Screen|p2a: Zamazenta
|-sidestart|p2: smithwick1|move: Light Screen
|
|upkeep
|turn|2
|inactive|smithwick1 has 120 seconds left.
|
|t:|1781247737
|switch|p2a: Pecharunt|Pecharunt|100/100
|move|p1a: Corviknight|Defog|p2a: Pecharunt
|-unboost|p2a: Pecharunt|evasion|1
|-sideend|p2: smithwick1|move: Light Screen
|
|upkeep
|turn|3
|
|t:|1781247743
|switch|p1a: Slowking|Slowking-Galar, M|100/100
|move|p2a: Pecharunt|Nasty Plot|p2a: Pecharunt
|-boost|p2a: Pecharunt|spa|2
|
|upkeep
|turn|4
|inactive|smithwick1 has 120 seconds left.
|
|t:|1781247777
|move|p2a: Pecharunt|Shadow Ball|p1a: Slowking
|-supereffective|p1a: Slowking
|-damage|p1a: Slowking|38/100
|move|p1a: Slowking|Future Sight|p2a: Pecharunt
|-start|p1a: Slowking|move: Future Sight
|
|upkeep
|turn|5
|
|t:|1781247781
|switch|p1a: Ting-Lu|Ting-Lu|100/100
|-ability|p1a: Ting-Lu|Vessel of Ruin
|move|p2a: Pecharunt|Malignant Chain|p1a: Ting-Lu
|-resisted|p1a: Ting-Lu
|-damage|p1a: Ting-Lu|87/100
|
|-heal|p1a: Ting-Lu|94/100|[from] item: Leftovers
|upkeep
|turn|6
|
|t:|1781247795
|move|p2a: Pecharunt|Malignant Chain|p1a: Ting-Lu
|-resisted|p1a: Ting-Lu
|-damage|p1a: Ting-Lu|80/100
|-status|p1a: Ting-Lu|tox
|-start|p1a: Ting-Lu|confusion|[from] ability: Poison Puppeteer|[of] p2a: Pecharunt
|-activate|p1a: Ting-Lu|confusion
|move|p1a: Ting-Lu|Ruination|p2a: Pecharunt
|-damage|p2a: Pecharunt|51/100
|
|-end|p2a: Pecharunt|move: Future Sight
|-supereffective|p2a: Pecharunt
|-damage|p2a: Pecharunt|0 fnt
|faint|p2a: Pecharunt
|-heal|p1a: Ting-Lu|86/100 tox|[from] item: Leftovers
|-damage|p1a: Ting-Lu|80/100 tox|[from] psn
|upkeep
|
|t:|1781247804
|switch|p2a: Ogerpon|Ogerpon-Wellspring, F|100/100
|turn|7
|
|t:|1781247807
|move|p2a: Ogerpon|Swords Dance|p2a: Ogerpon
|-boost|p2a: Ogerpon|atk|2
|-end|p1a: Ting-Lu|confusion
|move|p1a: Ting-Lu|Whirlwind|p2a: Ogerpon
|drag|p2a: Zamazenta|Zamazenta|100/100
|
|-heal|p1a: Ting-Lu|86/100 tox|[from] item: Leftovers
|-damage|p1a: Ting-Lu|74/100 tox|[from] psn
|upkeep
|turn|8
|
|t:|1781247814
|switch|p2a: Ogerpon|Ogerpon-Wellspring, F|100/100
|switch|p1a: Corviknight|Corviknight, F|100/100
|-ability|p1a: Corviknight|Pressure
|
|upkeep
|turn|9
|
|t:|1781247822
|switch|p2a: Iron Treads|Iron Treads|100/100
|-enditem|p2a: Iron Treads|Booster Energy
|-activate|p2a: Iron Treads|ability: Quark Drive|[fromitem]
|-start|p2a: Iron Treads|quarkdrivespe
|move|p1a: Corviknight|Iron Defense|p1a: Corviknight
|-boost|p1a: Corviknight|def|2
|
|upkeep
|turn|10
|
|t:|1781247827
|move|p2a: Iron Treads|Knock Off|p1a: Corviknight
|-damage|p1a: Corviknight|90/100
|-damage|p2a: Iron Treads|84/100|[from] item: Rocky Helmet|[of] p1a: Corviknight
|-enditem|p1a: Corviknight|Rocky Helmet|[from] move: Knock Off|[of] p2a: Iron Treads
|move|p1a: Corviknight|Body Press|p2a: Iron Treads
|-supereffective|p2a: Iron Treads
|-damage|p2a: Iron Treads|2/100
|
|upkeep
|turn|11
|
|t:|1781247833
|-end|p2a: Iron Treads|Quark Drive|[silent]
|switch|p2a: Dragapult|Dragapult, F|100/100
|move|p1a: Corviknight|Defog||[still]
|-fail|p2a: Dragapult|unboost|[from] ability: Clear Body|[of] p2a: Dragapult
|-fail|p1a: Corviknight
|
|upkeep
|turn|12
|
|t:|1781247844
|switch|p1a: Ting-Lu|Ting-Lu|74/100 tox
|-ability|p1a: Ting-Lu|Vessel of Ruin
|move|p2a: Dragapult|Dragon Dance|p2a: Dragapult
|-boost|p2a: Dragapult|atk|1
|-boost|p2a: Dragapult|spe|1
|
|-heal|p1a: Ting-Lu|80/100 tox|[from] item: Leftovers
|-damage|p1a: Ting-Lu|74/100 tox|[from] psn
|upkeep
|turn|13
|
|t:|1781247856
|move|p2a: Dragapult|Dragon Darts|p1a: Ting-Lu
|-damage|p1a: Ting-Lu|55/100 tox
|-anim|p2a: Dragapult|Dragon Darts|p1a: Ting-Lu
|-damage|p1a: Ting-Lu|33/100 tox
|move|p1a: Ting-Lu|Spikes|p2a: Dragapult
|-sidestart|p2: smithwick1|Spikes
|
|-heal|p1a: Ting-Lu|39/100 tox|[from] item: Leftovers
|-damage|p1a: Ting-Lu|27/100 tox|[from] psn
|upkeep
|turn|14
|
|t:|1781247869
|move|p2a: Dragapult|Dragon Darts|p1a: Ting-Lu
|-damage|p1a: Ting-Lu|6/100 tox
|-anim|p2a: Dragapult|Dragon Darts|p1a: Ting-Lu
|-damage|p1a: Ting-Lu|0 fnt
|faint|p1a: Ting-Lu
|
|upkeep
|
|t:|1781247883
|switch|p1a: Raging Bolt|Raging Bolt|100/100
|turn|15
|inactive|LT_Alt1 has 120 seconds left.
|
|t:|1781247919
|-end|p1a: Raging Bolt|Protosynthesis|[silent]
|switch|p1a: Hatterene|Hatterene, F|100/100
|move|p2a: Dragapult|Phantom Force||[still]
|-prepare|p2a: Dragapult|Phantom Force
|
|upkeep
|turn|16
|
|t:|1781247927
|-terastallize|p1a: Hatterene|Water
|move|p2a: Dragapult|Phantom Force|p1a: Hatterene|[from] lockedmove
|-damage|p1a: Hatterene|26/100
|move|p1a: Hatterene|Nuzzle|p2a: Dragapult
|-resisted|p2a: Dragapult
|-damage|p2a: Dragapult|98/100
|-status|p2a: Dragapult|par
|
|-heal|p2a: Dragapult|100/100 par|[from] item: Leftovers
|-heal|p1a: Hatterene|32/100|[from] item: Leftovers
|upkeep
|turn|17
|
|t:|1781247938
|move|p2a: Dragapult|Dragon Darts|p1a: Hatterene
|-damage|p1a: Hatterene|0 fnt
|faint|p1a: Hatterene
|
|upkeep
|j| dilf huntr
|
|t:|1781247943
|switch|p1a: Kyurem|Kyurem|100/100
|-ability|p1a: Kyurem|Pressure
|turn|18
|
|t:|1781247950
|move|p1a: Kyurem|Freeze-Dry|p2a: Dragapult
|-supereffective|p2a: Dragapult
|-damage|p2a: Dragapult|0 fnt
|faint|p2a: Dragapult
|
|upkeep
|
|t:|1781247960
|switch|p2a: Kingambit|Kingambit, F|100/100
|-damage|p2a: Kingambit|88/100|[from] Spikes
|-activate|p2a: Kingambit|ability: Supreme Overlord
|-start|p2a: Kingambit|fallen2|[silent]
|turn|19
|
|t:|1781247973
|switch|p1a: Corviknight|Corviknight, F|90/100
|-ability|p1a: Corviknight|Pressure
|move|p2a: Kingambit|Swords Dance|p2a: Kingambit
|-boost|p2a: Kingambit|atk|2
|
|-heal|p2a: Kingambit|94/100|[from] item: Leftovers
|upkeep
|turn|20
|
|t:|1781247981
|-terastallize|p2a: Kingambit|Ghost
|move|p1a: Corviknight|Iron Defense|p1a: Corviknight
|-boost|p1a: Corviknight|def|2
|move|p2a: Kingambit|Swords Dance|p2a: Kingambit
|-boost|p2a: Kingambit|atk|2
|
|-heal|p2a: Kingambit|100/100|[from] item: Leftovers
|upkeep
|turn|21
|
|t:|1781247985
|move|p1a: Corviknight|Iron Defense|p1a: Corviknight
|-boost|p1a: Corviknight|def|2
|move|p2a: Kingambit|Kowtow Cleave|p1a: Corviknight
|-damage|p1a: Corviknight|50/100
|
|upkeep
|turn|22
|
|t:|1781247991
|move|p1a: Corviknight|Iron Defense|p1a: Corviknight
|-boost|p1a: Corviknight|def|2
|move|p2a: Kingambit|Swords Dance|p2a: Kingambit
|-boost|p2a: Kingambit|atk|2
|
|upkeep
|turn|23
|
|t:|1781247995
|move|p1a: Corviknight|Roost|p1a: Corviknight
|-heal|p1a: Corviknight|99/100
|-singleturn|p1a: Corviknight|move: Roost
|move|p2a: Kingambit|Kowtow Cleave|p1a: Corviknight
|-damage|p1a: Corviknight|60/100
|
|upkeep
|turn|24
|
|t:|1781248003
|move|p1a: Corviknight|Body Press|p2a: Kingambit
|-immune|p2a: Kingambit
|move|p2a: Kingambit|Kowtow Cleave|p1a: Corviknight
|-damage|p1a: Corviknight|18/100
|
|upkeep
|turn|25
|
|t:|1781248018
|move|p1a: Corviknight|Roost|p1a: Corviknight
|-heal|p1a: Corviknight|68/100
|-singleturn|p1a: Corviknight|move: Roost
|move|p2a: Kingambit|Kowtow Cleave|p1a: Corviknight
|-damage|p1a: Corviknight|29/100
|
|upkeep
|turn|26
|
|t:|1781248024
|move|p1a: Corviknight|Roost|p1a: Corviknight
|-heal|p1a: Corviknight|79/100
|-singleturn|p1a: Corviknight|move: Roost
|move|p2a: Kingambit|Iron Head|p1a: Corviknight
|-resisted|p1a: Corviknight
|-damage|p1a: Corviknight|61/100
|
|upkeep
|turn|27
|
|t:|1781248032
|move|p1a: Corviknight|Defog|p2a: Kingambit
|-unboost|p2a: Kingambit|evasion|1
|-sideend|p2: smithwick1|Spikes|[from] move: Defog|[of] p1a: Corviknight
|move|p2a: Kingambit|Iron Head|p1a: Corviknight
|-resisted|p1a: Corviknight
|-damage|p1a: Corviknight|43/100
|
|upkeep
|turn|28
|
|t:|1781248038
|move|p1a: Corviknight|Roost|p1a: Corviknight
|-heal|p1a: Corviknight|93/100
|-singleturn|p1a: Corviknight|move: Roost
|move|p2a: Kingambit|Iron Head|p1a: Corviknight
|-resisted|p1a: Corviknight
|-damage|p1a: Corviknight|74/100
|
|upkeep
|turn|29
|
|t:|1781248045
|move|p1a: Corviknight|Defog|p2a: Kingambit
|-unboost|p2a: Kingambit|evasion|1
|move|p2a: Kingambit|Iron Head|p1a: Corviknight
|-resisted|p1a: Corviknight
|-damage|p1a: Corviknight|54/100
|
|upkeep
|turn|30
|
|t:|1781248048
|move|p1a: Corviknight|Roost|p1a: Corviknight
|-heal|p1a: Corviknight|100/100
|-singleturn|p1a: Corviknight|move: Roost
|move|p2a: Kingambit|Kowtow Cleave|p1a: Corviknight
|-damage|p1a: Corviknight|62/100
|
|upkeep
|turn|31
|
|t:|1781248058
|move|p1a: Corviknight|Defog|p2a: Kingambit
|-unboost|p2a: Kingambit|evasion|1
|move|p2a: Kingambit|Iron Head|p1a: Corviknight
|-resisted|p1a: Corviknight
|-damage|p1a: Corviknight|42/100
|
|upkeep
|turn|32
|
|t:|1781248062
|move|p1a: Corviknight|Roost|p1a: Corviknight
|-heal|p1a: Corviknight|92/100
|-singleturn|p1a: Corviknight|move: Roost
|move|p2a: Kingambit|Iron Head|p1a: Corviknight
|-resisted|p1a: Corviknight
|-damage|p1a: Corviknight|72/100
|
|upkeep
|turn|33
|
|t:|1781248069
|move|p1a: Corviknight|Defog|p2a: Kingambit
|-unboost|p2a: Kingambit|evasion|1
|move|p2a: Kingambit|Iron Head|p1a: Corviknight
|-resisted|p1a: Corviknight
|-damage|p1a: Corviknight|54/100
|
|upkeep
|turn|34
|
|t:|1781248090
|move|p1a: Corviknight|Defog|p2a: Kingambit
|-unboost|p2a: Kingambit|evasion|1
|move|p2a: Kingambit|Iron Head|p1a: Corviknight
|-resisted|p1a: Corviknight
|-damage|p1a: Corviknight|36/100
|
|upkeep
|turn|35
|
|t:|1781248101
|move|p1a: Corviknight|Roost|p1a: Corviknight
|-heal|p1a: Corviknight|86/100
|-singleturn|p1a: Corviknight|move: Roost
|move|p2a: Kingambit|Kowtow Cleave|p1a: Corviknight
|-damage|p1a: Corviknight|49/100
|
|upkeep
|turn|36
|
|t:|1781248109
|move|p1a: Corviknight|Roost|p1a: Corviknight
|-heal|p1a: Corviknight|99/100
|-singleturn|p1a: Corviknight|move: Roost
|move|p2a: Kingambit|Iron Head|p1a: Corviknight
|-resisted|p1a: Corviknight
|-crit|p1a: Corviknight
|-damage|p1a: Corviknight|0 fnt
|faint|p1a: Corviknight
|
|upkeep
|
|t:|1781248125
|switch|p1a: Raging Bolt|Raging Bolt|100/100
|turn|37
|
|t:|1781248134
|move|p1a: Raging Bolt|Volt Switch|p2a: Kingambit
|-damage|p2a: Kingambit|52/100
|
|t:|1781248145
|-end|p1a: Raging Bolt|Protosynthesis|[silent]
|switch|p1a: Slowking|Slowking-Galar, M|71/100|[from] Volt Switch
|move|p2a: Kingambit|Kowtow Cleave|p1a: Slowking
|-supereffective|p1a: Slowking
|-damage|p1a: Slowking|0 fnt
|faint|p1a: Slowking
|
|-heal|p2a: Kingambit|58/100|[from] item: Leftovers
|upkeep
|
|t:|1781248147
|switch|p1a: Raging Bolt|Raging Bolt|100/100
|turn|38
|
|t:|1781248161
|-end|p2a: Kingambit|fallen2|[silent]
|switch|p2a: Iron Treads|Iron Treads|2/100
|move|p1a: Raging Bolt|Thunderclap||[still]
|-fail|p1a: Raging Bolt
|
|upkeep
|turn|39
|
|t:|1781248173
|-end|p1a: Raging Bolt|Protosynthesis|[silent]
|switch|p1a: Kyurem|Kyurem|100/100
|-ability|p1a: Kyurem|Pressure
|move|p2a: Iron Treads|Knock Off|p1a: Kyurem
|-damage|p1a: Kyurem|72/100
|-enditem|p1a: Kyurem|Choice Specs|[from] move: Knock Off|[of] p2a: Iron Treads
|
|upkeep
|turn|40
|
|t:|1781248184
|-end|p2a: Iron Treads|Quark Drive|[silent]
|switch|p2a: Zamazenta|Zamazenta|100/100
|move|p1a: Kyurem|Freeze-Dry|p2a: Zamazenta
|-damage|p2a: Zamazenta|73/100
|
|upkeep
|turn|41
|
|t:|1781248189
|move|p2a: Zamazenta|Light Screen|p2a: Zamazenta
|-sidestart|p2: smithwick1|move: Light Screen
|move|p1a: Kyurem|Draco Meteor|p2a: Zamazenta
|-damage|p2a: Zamazenta|47/100
|-unboost|p1a: Kyurem|spa|2
|
|upkeep
|turn|42
|
|t:|1781248194
|move|p2a: Zamazenta|Close Combat|p1a: Kyurem
|-supereffective|p1a: Kyurem
|-damage|p1a: Kyurem|0 fnt
|-unboost|p2a: Zamazenta|def|1
|-unboost|p2a: Zamazenta|spd|1
|faint|p1a: Kyurem
|
|upkeep
|
|t:|1781248196
|switch|p1a: Raging Bolt|Raging Bolt|100/100
|turn|43
|
|t:|1781248204
|move|p2a: Zamazenta|Close Combat|p1a: Raging Bolt
|-damage|p1a: Raging Bolt|59/100
|-unboost|p2a: Zamazenta|def|1
|-unboost|p2a: Zamazenta|spd|1
|move|p1a: Raging Bolt|Thunderbolt|p2a: Zamazenta
|-damage|p2a: Zamazenta|4/100
|
|upkeep
|turn|44
|-message|LT_Alt1 forfeited.
|
|win|smithwick1
|raw|LT_Alt1's rating: 1662 &rarr; <strong>1643</strong><br />(-19 for losing)
|raw|smithwick1's rating: 1674 &rarr; <strong>1693</strong><br />(+19 for winning)
|l|‽LT_Alt1
|player|p1|
|l|☆smithwick1
|player|p2|
