|j|☆tuanquewang
|j|☆drop a baby
|t:|1781254836
|gametype|singles
|player|p1|tuanquewang|backersf|1754
|player|p2|drop a baby|chase|1663
|gen|9
|tier|[Gen 9] OU
|rated|
|rule|HP Percentage Mod: HP is shown in percentages
|rule|Endless Battle Clause: Forcing endless battles is banned
|rule|Species Clause: Limit one of each Pokémon
|rule|OHKO Clause: OHKO moves are banned
|rule|Evasion Items Clause: Evasion items are banned
|rule|Evasion Moves Clause: Evasion moves are banned
|rule|Evasion Abilities Clause: Evasion abilities are banned
|rule|Sleep Moves Clause: Sleep-inducing moves are banned
|clearpoke
|poke|p1|Slowking-Galar, M|
|poke|p1|Hydrapple, F|
|poke|p1|Cinderace, M|
|poke|p1|Alomomola, F|
|poke|p1|Mamoswine, M|
|poke|p1|Gholdengo|
|poke|p2|Darkrai|
|poke|p2|Deoxys-Speed|
|poke|p2|Raging Bolt|
|poke|p2|Kingambit, M|
|poke|p2|Iron Valiant|
|poke|p2|Great Tusk|
|teampreview
|inactive|Battle timer is ON: inactive players will automatically lose when time's up. (requested by tuanquewang)
|c|☆drop a baby|Hf bigger bro
|
|t:|1781254850
|teamsize|p1|6
|teamsize|p2|6
|start
|switch|p1a: Gholdengo|Gholdengo, shiny|100/100
|switch|p2a: Speedy Gonzales|Deoxys-Speed, shiny|100/100
|-ability|p2a: Speedy Gonzales|Pressure
|turn|1
|
|t:|1781254856
|move|p2a: Speedy Gonzales|Stealth Rock|p1a: Gholdengo
|-sidestart|p1: tuanquewang|move: Stealth Rock
|move|p1a: Gholdengo|Make It Rain|p2a: Speedy Gonzales
|-damage|p2a: Speedy Gonzales|0 fnt
|-unboost|p1a: Gholdengo|spa|1
|faint|p2a: Speedy Gonzales
|
|upkeep
|
|t:|1781254858
|switch|p2a: IMU|Darkrai|100/100
|turn|2
|
|t:|1781254874
|move|p1a: Gholdengo|Make It Rain|p2a: IMU
|-damage|p2a: IMU|33/100
|-unboost|p1a: Gholdengo|spa|1
|move|p2a: IMU|Nasty Plot|p2a: IMU
|-boost|p2a: IMU|spa|2
|
|upkeep
|turn|3
|
|t:|1781254882
|move|p1a: Gholdengo|Make It Rain|p2a: IMU
|-damage|p2a: IMU|0 fnt
|-unboost|p1a: Gholdengo|spa|1
|faint|p2a: IMU
|
|upkeep
|
|t:|1781254886
|switch|p2a: Mihawk|Kingambit, M|100/100
|-activate|p2a: Mihawk|ability: Supreme Overlord
|-start|p2a: Mihawk|fallen2|[silent]
|turn|4
|
|t:|1781254891
|switch|p1a: Hydrapple|Hydrapple, F, shiny|100/100
|-damage|p1a: Hydrapple|88/100|[from] Stealth Rock
|move|p2a: Mihawk|Kowtow Cleave|p1a: Hydrapple
|-damage|p1a: Hydrapple|33/100
|
|upkeep
|turn|5
|
|t:|1781254900
|move|p2a: Mihawk|Kowtow Cleave|p1a: Hydrapple
|-damage|p1a: Hydrapple|0 fnt
|faint|p1a: Hydrapple
|
|upkeep
|
|t:|1781254903
|switch|p1a: Mamoswine|Mamoswine, M|100/100
|-damage|p1a: Mamoswine|88/100|[from] Stealth Rock
|turn|6
|
|t:|1781254906
|-end|p2a: Mihawk|fallen2|[silent]
|switch|p2a: BROTD|Great Tusk, shiny|100/100
|-enditem|p2a: BROTD|Booster Energy
|-activate|p2a: BROTD|ability: Protosynthesis|[fromitem]
|-start|p2a: BROTD|protosynthesisspe
|move|p1a: Mamoswine|Earthquake|p2a: BROTD
|-damage|p2a: BROTD|45/100
|
|upkeep
|turn|7
|
|t:|1781254911
|switch|p1a: Alomomola|Alomomola, F|100/100
|-damage|p1a: Alomomola|88/100|[from] Stealth Rock
|move|p2a: BROTD|Bulk Up|p2a: BROTD
|-boost|p2a: BROTD|atk|1
|-boost|p2a: BROTD|def|1
|
|-heal|p1a: Alomomola|94/100|[from] item: Leftovers
|upkeep
|turn|8
|
|t:|1781254919
|move|p2a: BROTD|Headlong Rush|p1a: Alomomola
|-damage|p1a: Alomomola|55/100
|-unboost|p2a: BROTD|def|1
|-unboost|p2a: BROTD|spd|1
|move|p1a: Alomomola|Wish|p1a: Alomomola
|
|-heal|p1a: Alomomola|61/100|[from] item: Leftovers
|upkeep
|turn|9
|
|t:|1781254929
|move|p2a: BROTD|Headlong Rush|p1a: Alomomola
|-crit|p1a: Alomomola
|-damage|p1a: Alomomola|0 fnt
|-unboost|p2a: BROTD|def|1
|-unboost|p2a: BROTD|spd|1
|faint|p1a: Alomomola
|
|upkeep
|
|t:|1781254933
|switch|p1a: Mamoswine|Mamoswine, M|88/100
|-damage|p1a: Mamoswine|76/100|[from] Stealth Rock
|turn|10
|
|t:|1781254936
|move|p1a: Mamoswine|Ice Shard|p2a: BROTD
|-supereffective|p2a: BROTD
|-damage|p2a: BROTD|0 fnt
|faint|p2a: BROTD
|-end|p2a: BROTD|Protosynthesis|[silent]
|
|upkeep
|
|t:|1781254937
|switch|p2a: Mihawk|Kingambit, M|100/100
|-activate|p2a: Mihawk|ability: Supreme Overlord
|-start|p2a: Mihawk|fallen3|[silent]
|turn|11
|
|t:|1781254946
|switch|p1a: Slowking|Slowking-Galar, M|100/100
|-damage|p1a: Slowking|88/100|[from] Stealth Rock
|move|p2a: Mihawk|Kowtow Cleave|p1a: Slowking
|-supereffective|p1a: Slowking
|-damage|p1a: Slowking|0 fnt
|faint|p1a: Slowking
|
|upkeep
|
|t:|1781254950
|switch|p1a: Cinderace|Cinderace, M|100/100
|turn|12
|
|t:|1781254956
|-end|p2a: Mihawk|fallen3|[silent]
|switch|p2a: Hito no mi Model⚡️|Raging Bolt|100/100
|-enditem|p2a: Hito no mi Model⚡️|Booster Energy
|-activate|p2a: Hito no mi Model⚡️|ability: Protosynthesis|[fromitem]
|-start|p2a: Hito no mi Model⚡️|protosynthesisspa
|move|p1a: Cinderace|High Jump Kick|p2a: Hito no mi Model⚡️
|-start|p1a: Cinderace|typechange|Fighting|[from] ability: Libero
|-damage|p2a: Hito no mi Model⚡️|43/100
|
|upkeep
|turn|13
|j| PCCWVictorMa
|
|t:|1781254972
|move|p1a: Cinderace|High Jump Kick|p2a: Hito no mi Model⚡️
|-damage|p2a: Hito no mi Model⚡️|0 fnt
|faint|p2a: Hito no mi Model⚡️
|-end|p2a: Hito no mi Model⚡️|Protosynthesis|[silent]
|
|upkeep
|
|t:|1781254974
|switch|p2a: 🎭|Iron Valiant, shiny|100/100
|-enditem|p2a: 🎭|Booster Energy
|-activate|p2a: 🎭|ability: Quark Drive|[fromitem]
|-start|p2a: 🎭|quarkdrivespe
|turn|14
|
|t:|1781254979
|switch|p1a: Gholdengo|Gholdengo, shiny|100/100
|-damage|p1a: Gholdengo|94/100|[from] Stealth Rock
|move|p2a: 🎭|Calm Mind|p2a: 🎭
|-boost|p2a: 🎭|spa|1
|-boost|p2a: 🎭|spd|1
|
|upkeep
|turn|15
|
|t:|1781254993
|-terastallize|p2a: 🎭|Ghost
|-terastallize|p1a: Gholdengo|Fairy
|move|p2a: 🎭|Shadow Ball|p1a: Gholdengo
|-damage|p1a: Gholdengo|30/100
|move|p1a: Gholdengo|Dazzling Gleam|p2a: 🎭
|-damage|p2a: 🎭|43/100
|
|upkeep
|turn|16
|
|t:|1781255001
|move|p2a: 🎭|Shadow Ball|p1a: Gholdengo
|-damage|p1a: Gholdengo|0 fnt
|faint|p1a: Gholdengo
|
|upkeep
|
|t:|1781255002
|switch|p1a: Mamoswine|Mamoswine, M|76/100
|-damage|p1a: Mamoswine|63/100|[from] Stealth Rock
|turn|17
|
|t:|1781255005
|move|p2a: 🎭|Vacuum Wave|p1a: Mamoswine
|-supereffective|p1a: Mamoswine
|-damage|p1a: Mamoswine|0 fnt
|faint|p1a: Mamoswine
|
|upkeep
|-message|tuanquewang forfeited.
|
|win|drop a baby
|raw|tuanquewang's rating: 1754 &rarr; <strong>1729</strong><br />(-25 for losing)
|raw|drop a baby's rating: 1663 &rarr; <strong>1688</strong><br />(+25 for winning)
|l|☆tuanquewang
|player|p1|
|l|☆drop a baby
|player|p2|
|l| PCCWVictorMa
