|j|☆LoseToRU?
|j|☆KurisuChestnutLab
|t:|1781175780
|gametype|singles
|player|p1|LoseToRU?|giovanni-gen1|1611
|player|p2|KurisuChestnutLab|may-contest|1526
|gen|9
|tier|[Gen 9] OU
|rated|
|rule|HP Percentage Mod: HP is shown in percentages
|rule|Endless Battle Clause: Forcing endless battles is banned
|rule|Species Clause: Limit one of each Pokémon
|rule|OHKO Clause: OHKO moves are banned
|rule|Evasion Items Clause: Evasion items are banned
|rule|Evasion Moves Clause: Evasion moves are banned
|rule|Evasion Abilities Clause: Evasion abilities are banned
|rule|Sleep Moves Clause: Sleep-inducing moves are banned
|clearpoke
|poke|p1|Iron Jugulis|
|poke|p1|Moltres-Galar|
|poke|p1|Darkrai|
|poke|p1|Greninja-*, M|
|poke|p1|Weavile, M|
|poke|p1|Zarude-Dada|
|poke|p2|Zamazenta-*|
|poke|p2|Zapdos|
|poke|p2|Garganacl, F|
|poke|p2|Clefable, F|
|poke|p2|Samurott-Hisui, M|
|poke|p2|Gholdengo|
|teampreview
|inactive|Battle timer is ON: inactive players will automatically lose when time's up. (requested by KurisuChestnutLab)
|
|t:|1781175792
|teamsize|p1|6
|teamsize|p2|6
|start
|switch|p1a: Zarude|Zarude-Dada|100/100
|switch|p2a: Garganacl|Garganacl, F|100/100
|turn|1
|
|t:|1781175796
|move|p1a: Zarude|Swords Dance|p1a: Zarude
|-boost|p1a: Zarude|atk|2
|move|p2a: Garganacl|Stealth Rock|p1a: Zarude
|-sidestart|p1: LoseToRU?|move: Stealth Rock
|
|upkeep
|turn|2
|
|t:|1781175800
|switch|p2a: Zamazenta|Zamazenta|100/100
|-ability|p2a: Zamazenta|Dauntless Shield|boost
|-boost|p2a: Zamazenta|def|1
|move|p1a: Zarude|Swords Dance|p1a: Zarude
|-boost|p1a: Zarude|atk|2
|
|upkeep
|turn|3
|
|t:|1781175806
|-terastallize|p1a: Zarude|Fairy
|move|p2a: Zamazenta|Body Press|p1a: Zarude
|-resisted|p1a: Zarude
|-damage|p1a: Zarude|79/100
|move|p1a: Zarude|Swords Dance|p1a: Zarude
|-boost|p1a: Zarude|atk|2
|
|upkeep
|turn|4
|
|t:|1781175809
|move|p1a: Zarude|Drain Punch|p2a: Zamazenta
|-damage|p2a: Zamazenta|51/100
|-heal|p1a: Zarude|100/100|[from] drain|[of] p2a: Zamazenta
|move|p2a: Zamazenta|Roar|p1a: Zarude
|drag|p1a: Moltres|Moltres-Galar|100/100
|-damage|p1a: Moltres|76/100|[from] Stealth Rock
|
|-heal|p2a: Zamazenta|57/100|[from] item: Leftovers
|upkeep
|turn|5
|
|t:|1781175815
|move|p2a: Zamazenta|Iron Defense|p2a: Zamazenta
|-boost|p2a: Zamazenta|def|2
|move|p1a: Moltres|Air Slash|p2a: Zamazenta
|-supereffective|p2a: Zamazenta
|-damage|p2a: Zamazenta|8/100
|
|-heal|p2a: Zamazenta|14/100|[from] item: Leftovers
|upkeep
|turn|6
|
|t:|1781175819
|move|p2a: Zamazenta|Body Press|p1a: Moltres
|-damage|p1a: Moltres|0 fnt
|faint|p1a: Moltres
|
|-heal|p2a: Zamazenta|20/100|[from] item: Leftovers
|upkeep
|
|t:|1781175830
|switch|p1a: Darkrai|Darkrai|100/100
|-damage|p1a: Darkrai|88/100|[from] Stealth Rock
|turn|7
|
|t:|1781175834
|move|p1a: Darkrai|Sludge Bomb|p2a: Zamazenta
|-damage|p2a: Zamazenta|0 fnt
|faint|p2a: Zamazenta
|
|upkeep
|
|t:|1781175839
|switch|p2a: Gholdengo|Gholdengo|100/100
|turn|8
|
|t:|1781175848
|switch|p1a: Iron Jugulis|Iron Jugulis|100/100
|-damage|p1a: Iron Jugulis|76/100|[from] Stealth Rock
|-enditem|p1a: Iron Jugulis|Booster Energy
|-activate|p1a: Iron Jugulis|ability: Quark Drive|[fromitem]
|-start|p1a: Iron Jugulis|quarkdrivespe
|move|p2a: Gholdengo|Make It Rain|p1a: Iron Jugulis
|-damage|p1a: Iron Jugulis|0 fnt
|-unboost|p2a: Gholdengo|spa|1
|faint|p1a: Iron Jugulis
|-end|p1a: Iron Jugulis|Quark Drive|[silent]
|
|upkeep
|
|t:|1781175860
|switch|p1a: Darkrai|Darkrai|88/100
|-damage|p1a: Darkrai|76/100|[from] Stealth Rock
|turn|9
|
|t:|1781175866
|switch|p2a: Clefable|Clefable, F|100/100
|move|p1a: Darkrai|Trick|p2a: Clefable
|-activate|p1a: Darkrai|move: Trick|[of] p2a: Clefable
|-item|p2a: Clefable|Choice Scarf|[from] move: Trick
|-item|p1a: Darkrai|Heavy-Duty Boots|[from] move: Trick
|
|upkeep
|turn|10
|
|t:|1781175870
|move|p1a: Darkrai|Sludge Bomb|p2a: Clefable
|-supereffective|p2a: Clefable
|-damage|p2a: Clefable|41/100
|move|p2a: Clefable|Moonblast|p1a: Darkrai
|-supereffective|p1a: Darkrai
|-damage|p1a: Darkrai|0 fnt
|faint|p1a: Darkrai
|
|upkeep
|
|t:|1781175889
|switch|p1a: Zarude|Zarude-Dada, tera:Fairy|100/100
|-damage|p1a: Zarude|88/100|[from] Stealth Rock
|turn|11
|
|t:|1781175897
|move|p1a: Zarude|Swords Dance|p1a: Zarude
|-boost|p1a: Zarude|atk|2
|move|p2a: Clefable|Moonblast|p1a: Zarude
|-damage|p1a: Zarude|57/100
|
|upkeep
|turn|12
|
|t:|1781175903
|move|p1a: Zarude|Swords Dance|p1a: Zarude
|-boost|p1a: Zarude|atk|2
|move|p2a: Clefable|Moonblast|p1a: Zarude
|-damage|p1a: Zarude|24/100
|-enditem|p1a: Zarude|Salac Berry|[eat]
|-boost|p1a: Zarude|spe|1|[from] item: Salac Berry
|
|upkeep
|turn|13
|
|t:|1781175909
|-terastallize|p2a: Clefable|Steel
|move|p1a: Zarude|Drain Punch|p2a: Clefable
|-supereffective|p2a: Clefable
|-damage|p2a: Clefable|3/100
|-heal|p1a: Zarude|45/100|[from] drain|[of] p2a: Clefable
|move|p2a: Clefable|Moonblast|p1a: Zarude
|-damage|p1a: Zarude|12/100
|
|upkeep
|turn|14
|
|t:|1781175916
|move|p1a: Zarude|Drain Punch|p2a: Clefable
|-supereffective|p2a: Clefable
|-damage|p2a: Clefable|0 fnt
|-heal|p1a: Zarude|14/100|[from] drain|[of] p2a: Clefable
|faint|p2a: Clefable
|
|upkeep
|
|t:|1781175920
|switch|p2a: Samurott|Samurott-Hisui, M|100/100
|turn|15
|
|t:|1781175927
|move|p2a: Samurott|Sucker Punch|p1a: Zarude
|-resisted|p1a: Zarude
|-crit|p1a: Zarude
|-damage|p1a: Zarude|0 fnt
|faint|p1a: Zarude
|
|upkeep
|c|☆LoseToRU?|lol
|
|t:|1781175935
|switch|p1a: Weavile|Weavile, M|100/100
|-damage|p1a: Weavile|76/100|[from] Stealth Rock
|-ability|p1a: Weavile|Pressure
|turn|16
|
|t:|1781175940
|switch|p2a: Zapdos|Zapdos|100/100
|move|p1a: Weavile|Swords Dance|p1a: Weavile
|-boost|p1a: Weavile|atk|2
|
|upkeep
|turn|17
|
|t:|1781175946
|move|p1a: Weavile|Triple Axel|p2a: Zapdos
|-supereffective|p2a: Zapdos
|-damage|p2a: Zapdos|73/100
|-supereffective|p2a: Zapdos
|-damage|p2a: Zapdos|12/100
|-supereffective|p2a: Zapdos
|-damage|p2a: Zapdos|0 fnt
|faint|p2a: Zapdos
|-hitcount|p2: Zapdos|3
|
|upkeep
|
|t:|1781175949
|switch|p2a: Gholdengo|Gholdengo|100/100
|turn|18
|
|t:|1781175960
|move|p2a: Gholdengo|Make It Rain|p1a: Weavile
|-supereffective|p1a: Weavile
|-damage|p1a: Weavile|0 fnt
|-unboost|p2a: Gholdengo|spa|1
|faint|p1a: Weavile
|
|upkeep
|
|t:|1781175961
|switch|p1a: Greninja|Greninja, M|100/100
|-damage|p1a: Greninja|88/100|[from] Stealth Rock
|turn|19
|
|t:|1781175968
|move|p2a: Gholdengo|Make It Rain|p1a: Greninja
|-resisted|p1a: Greninja
|-damage|p1a: Greninja|56/100
|-unboost|p2a: Gholdengo|spa|1
|move|p1a: Greninja|Hydro Pump|p2a: Gholdengo|[miss]
|-miss|p1a: Greninja|p2a: Gholdengo
|
|upkeep
|turn|20
|
|t:|1781175975
|move|p2a: Gholdengo|Make It Rain|p1a: Greninja
|-resisted|p1a: Greninja
|-damage|p1a: Greninja|32/100
|-unboost|p2a: Gholdengo|spa|1
|move|p1a: Greninja|Hydro Pump|p2a: Gholdengo
|-damage|p2a: Gholdengo|41/100
|
|upkeep
|turn|21
|
|t:|1781175979
|move|p2a: Gholdengo|Make It Rain|p1a: Greninja
|-resisted|p1a: Greninja
|-damage|p1a: Greninja|10/100
|-unboost|p2a: Gholdengo|spa|1
|move|p1a: Greninja|Dark Pulse|p2a: Gholdengo
|-supereffective|p2a: Gholdengo
|-damage|p2a: Gholdengo|0 fnt
|faint|p2a: Gholdengo
|-ability|p1a: Greninja|Battle Bond|boost
|-boost|p1a: Greninja|atk|1
|-boost|p1a: Greninja|spa|1
|-boost|p1a: Greninja|spe|1
|-activate|p1a: Greninja|ability: Battle Bond
|
|upkeep
|
|t:|1781175983
|switch|p2a: Samurott|Samurott-Hisui, M|100/100
|turn|22
|inactive|LoseToRU? has 120 seconds left.
|
|t:|1781176018
|move|p1a: Greninja|Dark Pulse|p2a: Samurott
|-resisted|p2a: Samurott
|-damage|p2a: Samurott|62/100
|cant|p2a: Samurott|flinch
|
|upkeep
|turn|23
|
|t:|1781176022
|move|p2a: Samurott|Sucker Punch|p1a: Greninja
|-resisted|p1a: Greninja
|-damage|p1a: Greninja|0 fnt
|faint|p1a: Greninja
|
|win|KurisuChestnutLab
|raw|LoseToRU?'s rating: 1611 &rarr; <strong>1588</strong><br />(-23 for losing)
|raw|KurisuChestnutLab's rating: 1562 &rarr; <strong>1585</strong><br />(+23 for winning)
