|j|☆kingjot
|j|☆Pig Perfect
|t:|1780932163
|gametype|singles
|player|p1|kingjot|caitlin|1564
|player|p2|Pig Perfect|workerice|1534
|gen|9
|tier|[Gen 9] OU
|rated|
|rule|HP Percentage Mod: HP is shown in percentages
|rule|Endless Battle Clause: Forcing endless battles is banned
|rule|Species Clause: Limit one of each Pokémon
|rule|OHKO Clause: OHKO moves are banned
|rule|Evasion Items Clause: Evasion items are banned
|rule|Evasion Moves Clause: Evasion moves are banned
|rule|Evasion Abilities Clause: Evasion abilities are banned
|rule|Sleep Moves Clause: Sleep-inducing moves are banned
|clearpoke
|poke|p1|Hatterene, F|
|poke|p1|Farigiraf, M|
|poke|p1|Mimikyu, F|
|poke|p1|Slither Wing|
|poke|p1|Ursaluna, M|
|poke|p1|Torkoal, M|
|poke|p2|Kyurem|
|poke|p2|Sandslash-Alola, M|
|poke|p2|Slowking-Galar, M|
|poke|p2|Ting-Lu|
|poke|p2|Tornadus-Therian, M|
|poke|p2|Zamazenta-*|
|teampreview
|
|t:|1780932170
|teamsize|p1|6
|teamsize|p2|6
|start
|switch|p1a: Hatterene|Hatterene, F|100/100
|switch|p2a: Intellectual Eric|Slowking-Galar, M|100/100
|turn|1
|
|t:|1780932178
|-prepare|p2a: Intellectual Eric|Chilly Reception|[premajor]
|move|p2a: Intellectual Eric|Chilly Reception|p2a: Intellectual Eric
|-weather|Snowscape
|
|t:|1780932183
|switch|p2a: Deer God...|Ting-Lu|100/100|[from] Chilly Reception
|-ability|p2a: Deer God...|Vessel of Ruin
|move|p1a: Hatterene|Trick Room|p1a: Hatterene
|-fieldstart|move: Trick Room|[of] p1a: Hatterene
|
|-weather|Snowscape|[upkeep]
|upkeep
|turn|2
|
|t:|1780932190
|switch|p1a: Ursaluna|Ursaluna, M|100/100
|move|p2a: Deer God...|Heavy Slam|p1a: Ursaluna
|-damage|p1a: Ursaluna|87/100
|
|-weather|Snowscape|[upkeep]
|-status|p1a: Ursaluna|brn|[from] item: Flame Orb
|upkeep
|turn|3
|
|t:|1780932199
|move|p1a: Ursaluna|Swords Dance|p1a: Ursaluna
|-boost|p1a: Ursaluna|atk|2
|move|p2a: Deer God...|Ruination|p1a: Ursaluna
|-damage|p1a: Ursaluna|44/100 brn
|
|-weather|Snowscape|[upkeep]
|-damage|p1a: Ursaluna|38/100 brn|[from] brn
|upkeep
|turn|4
|
|t:|1780932208
|switch|p2a: Runs & Goses|Sandslash-Alola, M|100/100
|move|p1a: Ursaluna|Facade|p2a: Runs & Goses
|-resisted|p2a: Runs & Goses
|-damage|p2a: Runs & Goses|20/100
|
|-weather|Snowscape|[upkeep]
|-damage|p1a: Ursaluna|32/100 brn|[from] brn
|upkeep
|turn|5
|
|t:|1780932216
|move|p1a: Ursaluna|Facade|p2a: Runs & Goses
|-resisted|p2a: Runs & Goses
|-damage|p2a: Runs & Goses|0 fnt
|faint|p2a: Runs & Goses
|
|-weather|Snowscape|[upkeep]
|-damage|p1a: Ursaluna|25/100 brn|[from] brn
|-fieldend|move: Trick Room
|upkeep
|
|t:|1780932225
|switch|p2a: Deer God...|Ting-Lu|100/100
|-ability|p2a: Deer God...|Vessel of Ruin
|turn|6
|
|t:|1780932230
|move|p2a: Deer God...|Stealth Rock|p1a: Ursaluna
|-sidestart|p1: kingjot|move: Stealth Rock
|move|p1a: Ursaluna|Facade|p2a: Deer God...
|-damage|p2a: Deer God...|0 fnt
|faint|p2a: Deer God...
|
|-weather|Snowscape|[upkeep]
|-damage|p1a: Ursaluna|19/100 brn|[from] brn
|upkeep
|
|t:|1780932236
|switch|p2a: Cuck Zoris|Zamazenta|100/100
|-ability|p2a: Cuck Zoris|Dauntless Shield|boost
|-boost|p2a: Cuck Zoris|def|1
|turn|7
|
|t:|1780932243
|move|p2a: Cuck Zoris|Close Combat|p1a: Ursaluna
|-supereffective|p1a: Ursaluna
|-damage|p1a: Ursaluna|0 fnt
|-unboost|p2a: Cuck Zoris|def|1
|-unboost|p2a: Cuck Zoris|spd|1
|faint|p1a: Ursaluna
|
|-weather|Snowscape|[upkeep]
|upkeep
|
|t:|1780932247
|switch|p1a: Mimikyu|Mimikyu, F|100/100
|-damage|p1a: Mimikyu|88/100|[from] Stealth Rock
|turn|8
|
|t:|1780932250
|move|p2a: Cuck Zoris|Heavy Slam|p1a: Mimikyu
|-activate|p1a: Mimikyu|ability: Disguise
|-damage|p1a: Mimikyu|88/100
|detailschange|p1a: Mimikyu|Mimikyu-Busted, F
|-damage|p1a: Mimikyu|76/100|[from] pokemon: Mimikyu-Busted
|move|p1a: Mimikyu|Trick Room|p1a: Mimikyu
|-fieldstart|move: Trick Room|[of] p1a: Mimikyu
|
|-weather|none
|upkeep
|turn|9
|
|t:|1780932259
|switch|p2a: How many fingers?|Tornadus-Therian, M|100/100
|move|p1a: Mimikyu|Play Rough|p2a: How many fingers?
|-damage|p2a: How many fingers?|45/100
|-damage|p1a: Mimikyu|59/100|[from] item: Rocky Helmet|[of] p2a: How many fingers?
|-damage|p1a: Mimikyu|50/100|[from] item: Life Orb
|
|upkeep
|turn|10
|
|t:|1780932272
|switch|p2a: Intellectual Eric|Slowking-Galar, M|100/100
|move|p1a: Mimikyu|Play Rough|p2a: Intellectual Eric
|-resisted|p2a: Intellectual Eric
|-damage|p2a: Intellectual Eric|72/100
|-damage|p1a: Mimikyu|40/100|[from] item: Life Orb
|
|upkeep
|turn|11
|
|t:|1780932282
|switch|p2a: How many fingers?|Tornadus-Therian, M|78/100
|move|p1a: Mimikyu|Shadow Sneak|p2a: How many fingers?
|-damage|p2a: How many fingers?|51/100
|-damage|p1a: Mimikyu|23/100|[from] item: Rocky Helmet|[of] p2a: How many fingers?
|-damage|p1a: Mimikyu|13/100|[from] item: Life Orb
|
|upkeep
|turn|12
|
|t:|1780932291
|move|p1a: Mimikyu|Play Rough|p2a: How many fingers?
|-damage|p2a: How many fingers?|0 fnt
|-damage|p1a: Mimikyu|0 fnt|[from] item: Rocky Helmet|[of] p2a: How many fingers?
|faint|p2a: How many fingers?
|faint|p1a: Mimikyu
|
|-fieldend|move: Trick Room
|upkeep
|
|t:|1780932319
|switch|p2a: Cuck Zoris|Zamazenta|100/100
|switch|p1a: Slither Wing|Slither Wing|100/100
|-damage|p1a: Slither Wing|88/100|[from] Stealth Rock
|turn|13
|
|t:|1780932330
|switch|p2a: Intellectual Eric|Slowking-Galar, M|100/100
|move|p1a: Slither Wing|Close Combat|p2a: Intellectual Eric
|-resisted|p2a: Intellectual Eric
|-damage|p2a: Intellectual Eric|71/100
|-unboost|p1a: Slither Wing|def|1
|-unboost|p1a: Slither Wing|spd|1
|
|upkeep
|turn|14
|
|t:|1780932335
|-end|p1a: Slither Wing|Protosynthesis|[silent]
|switch|p1a: Farigiraf|Farigiraf, M|100/100
|-damage|p1a: Farigiraf|88/100|[from] Stealth Rock
|-prepare|p2a: Intellectual Eric|Chilly Reception|[premajor]
|move|p2a: Intellectual Eric|Chilly Reception|p2a: Intellectual Eric
|-weather|Snowscape
|
|t:|1780932341
|switch|p2a: Cuck Zoris|Zamazenta|100/100|[from] Chilly Reception
|
|-weather|Snowscape|[upkeep]
|upkeep
|turn|15
|
|t:|1780932345
|-terastallize|p2a: Cuck Zoris|Dark
|move|p2a: Cuck Zoris|Crunch|p1a: Farigiraf
|-supereffective|p1a: Farigiraf
|-damage|p1a: Farigiraf|0 fnt
|faint|p1a: Farigiraf
|
|-weather|Snowscape|[upkeep]
|upkeep
|
|t:|1780932348
|switch|p1a: Hatterene|Hatterene, F|100/100
|-damage|p1a: Hatterene|88/100|[from] Stealth Rock
|turn|16
|
|t:|1780932352
|-terastallize|p1a: Hatterene|Steel
|move|p2a: Cuck Zoris|Heavy Slam|p1a: Hatterene
|-resisted|p1a: Hatterene
|-damage|p1a: Hatterene|66/100
|move|p1a: Hatterene|Trick Room|p1a: Hatterene
|-fieldstart|move: Trick Room|[of] p1a: Hatterene
|
|-weather|Snowscape|[upkeep]
|upkeep
|turn|17
|
|t:|1780932360
|switch|p2a: Intellectual Eric|Slowking-Galar, M|100/100
|move|p1a: Hatterene|Misty Explosion|p2a: Intellectual Eric
|-resisted|p2a: Intellectual Eric
|-damage|p2a: Intellectual Eric|84/100
|faint|p1a: Hatterene
|
|-weather|Snowscape|[upkeep]
|upkeep
|
|t:|1780932372
|switch|p1a: Torkoal|Torkoal, M|100/100
|-damage|p1a: Torkoal|75/100|[from] Stealth Rock
|-weather|SunnyDay|[from] ability: Drought|[of] p1a: Torkoal
|turn|18
|
|t:|1780932380
|move|p1a: Torkoal|Eruption|p2a: Intellectual Eric
|-damage|p2a: Intellectual Eric|21/100
|-prepare|p2a: Intellectual Eric|Chilly Reception|[premajor]
|move|p2a: Intellectual Eric|Chilly Reception|p2a: Intellectual Eric
|-weather|Snowscape
|
|t:|1780932385
|switch|p2a: Cuck Zoris|Zamazenta, tera:Dark|100/100|[from] Chilly Reception
|
|-weather|Snowscape|[upkeep]
|upkeep
|turn|19
|
|t:|1780932389
|move|p1a: Torkoal|Eruption|p2a: Cuck Zoris
|-damage|p2a: Cuck Zoris|32/100
|move|p2a: Cuck Zoris|Stone Edge|p1a: Torkoal
|-supereffective|p1a: Torkoal
|-damage|p1a: Torkoal|21/100
|
|-weather|Snowscape|[upkeep]
|upkeep
|turn|20
|
|t:|1780932398
|move|p1a: Torkoal|Eruption|p2a: Cuck Zoris
|-damage|p2a: Cuck Zoris|14/100
|move|p2a: Cuck Zoris|Crunch|p1a: Torkoal
|-damage|p1a: Torkoal|0 fnt
|faint|p1a: Torkoal
|
|-weather|Snowscape|[upkeep]
|-fieldend|move: Trick Room
|upkeep
|
|t:|1780932401
|switch|p1a: Slither Wing|Slither Wing|88/100
|-damage|p1a: Slither Wing|76/100|[from] Stealth Rock
|turn|21
|
|t:|1780932411
|move|p2a: Cuck Zoris|Close Combat|p1a: Slither Wing
|-resisted|p1a: Slither Wing
|-damage|p1a: Slither Wing|47/100
|-unboost|p2a: Cuck Zoris|def|1
|-unboost|p2a: Cuck Zoris|spd|1
|move|p1a: Slither Wing|Flare Blitz|p2a: Cuck Zoris
|-damage|p2a: Cuck Zoris|0 fnt
|faint|p2a: Cuck Zoris
|-damage|p1a: Slither Wing|42/100|[from] Recoil
|
|-weather|Snowscape|[upkeep]
|upkeep
|
|t:|1780932417
|switch|p2a: Snoddy Batcher|Kyurem|100/100
|-ability|p2a: Snoddy Batcher|Pressure
|turn|22
|
|t:|1780932421
|move|p2a: Snoddy Batcher|Icicle Spear|p1a: Slither Wing
|-damage|p1a: Slither Wing|29/100
|-damage|p1a: Slither Wing|16/100
|-damage|p1a: Slither Wing|4/100
|-damage|p1a: Slither Wing|0 fnt
|faint|p1a: Slither Wing
|-end|p1a: Slither Wing|Protosynthesis|[silent]
|-hitcount|p1: Slither Wing|4
|
|win|Pig Perfect
|raw|kingjot's rating: 1564 &rarr; <strong>1542</strong><br />(-22 for losing)
|raw|Pig Perfect's rating: 1534 &rarr; <strong>1556</strong><br />(+22 for winning)
|l|☆kingjot
|player|p1|
|c|☆Pig Perfect|gg
|l|☆Pig Perfect
|player|p2|
