|j|☆MonkeyMilks
|j|☆Mr.X&Y97
|t:|1781140568
|gametype|singles
|player|p1|MonkeyMilks|unknownf|1529
|player|p2|Mr.X&Y97|ingo|1581
|gen|9
|tier|[Gen 9] OU
|rated|
|rule|HP Percentage Mod: HP is shown in percentages
|rule|Endless Battle Clause: Forcing endless battles is banned
|rule|Species Clause: Limit one of each Pokémon
|rule|OHKO Clause: OHKO moves are banned
|rule|Evasion Items Clause: Evasion items are banned
|rule|Evasion Moves Clause: Evasion moves are banned
|rule|Evasion Abilities Clause: Evasion abilities are banned
|rule|Sleep Moves Clause: Sleep-inducing moves are banned
|clearpoke
|poke|p1|Dragapult, M|
|poke|p1|Garchomp, F|
|poke|p1|Rotom-Wash|
|poke|p1|Muk-Alola, M|
|poke|p1|Toxapex, F|
|poke|p1|Corviknight, F|
|poke|p2|Indeedee, M|
|poke|p2|Armarouge, F|
|poke|p2|Hatterene, F|
|poke|p2|Hawlucha, F|
|poke|p2|Maushold|
|poke|p2|Polteageist|
|teampreview
|inactive|Battle timer is ON: inactive players will automatically lose when time's up. (requested by Mr.X&Y97)
|
|t:|1781140578
|teamsize|p1|6
|teamsize|p2|6
|start
|switch|p1a: Muk|Muk-Alola, M|100/100
|switch|p2a: Indeedee|Indeedee, M|100/100
|-fieldstart|move: Psychic Terrain|[from] ability: Psychic Surge|[of] p2a: Indeedee
|turn|1
|
|t:|1781140586
|switch|p2a: Hatterene|Hatterene, F|100/100
|move|p1a: Muk|Knock Off|p2a: Hatterene
|-damage|p2a: Hatterene|72/100
|-status|p2a: Hatterene|psn|[from] ability: Poison Touch|[of] p1a: Muk
|-enditem|p2a: Hatterene|Eject Button|[from] move: Knock Off|[of] p1a: Muk
|
|-damage|p2a: Hatterene|59/100 psn|[from] psn
|upkeep
|turn|2
|
|t:|1781140589
|move|p1a: Muk|Poison Jab|p2a: Hatterene
|-supereffective|p2a: Hatterene
|-damage|p2a: Hatterene|12/100 psn
|move|p2a: Hatterene|Nuzzle|p1a: Muk
|-damage|p1a: Muk|96/100
|-status|p1a: Muk|par
|
|-damage|p2a: Hatterene|0 fnt|[from] psn
|faint|p2a: Hatterene
|upkeep
|inactive|Mr.X&Y97 has 120 seconds left.
|
|t:|1781140626
|switch|p2a: Hawlucha|Hawlucha, F|100/100
|-enditem|p2a: Hawlucha|Psychic Seed
|-boost|p2a: Hawlucha|spd|1|[from] item: Psychic Seed
|turn|3
|inactive|Mr.X&Y97 has 120 seconds left.
|
|t:|1781140639
|switch|p1a: Toxapex|Toxapex, F|100/100
|-terastallize|p2a: Hawlucha|Steel
|move|p2a: Hawlucha|Swords Dance|p2a: Hawlucha
|-boost|p2a: Hawlucha|atk|2
|
|upkeep
|turn|4
|
|t:|1781140644
|move|p2a: Hawlucha|Acrobatics|p1a: Toxapex
|-damage|p1a: Toxapex|40/100
|move|p1a: Toxapex|Haze|p1a: Toxapex
|-clearallboost
|
|upkeep
|turn|5
|
|t:|1781140649
|move|p2a: Hawlucha|Encore|p1a: Toxapex
|-start|p1a: Toxapex|Encore
|move|p1a: Toxapex|Haze|p1a: Toxapex
|-clearallboost
|
|upkeep
|turn|6
|
|t:|1781140653
|switch|p1a: Rotom|Rotom-Wash|100/100
|move|p2a: Hawlucha|Swords Dance|p2a: Hawlucha
|-boost|p2a: Hawlucha|atk|2
|
|upkeep
|turn|7
|
|t:|1781140659
|move|p2a: Hawlucha|Close Combat|p1a: Rotom
|-damage|p1a: Rotom|0 fnt
|-unboost|p2a: Hawlucha|def|1
|-unboost|p2a: Hawlucha|spd|1
|faint|p1a: Rotom
|
|upkeep
|
|t:|1781140670
|switch|p1a: Toxapex|Toxapex, F|73/100
|turn|8
|
|t:|1781140673
|move|p2a: Hawlucha|Acrobatics|p1a: Toxapex
|-damage|p1a: Toxapex|6/100
|move|p1a: Toxapex|Haze|p1a: Toxapex
|-clearallboost
|
|-fieldend|move: Psychic Terrain
|upkeep
|turn|9
|
|t:|1781140679
|switch|p1a: Dragapult|Dragapult, M|100/100
|move|p2a: Hawlucha|Swords Dance|p2a: Hawlucha
|-boost|p2a: Hawlucha|atk|2
|
|upkeep
|turn|10
|
|t:|1781140684
|switch|p1a: Corviknight|Corviknight, F|100/100
|-ability|p1a: Corviknight|Pressure
|move|p2a: Hawlucha|Acrobatics|p1a: Corviknight
|-resisted|p1a: Corviknight
|-damage|p1a: Corviknight|73/100
|-damage|p2a: Hawlucha|84/100|[from] item: Rocky Helmet|[of] p1a: Corviknight
|
|upkeep
|turn|11
|
|t:|1781140704
|move|p2a: Hawlucha|Swords Dance|p2a: Hawlucha
|-boost|p2a: Hawlucha|atk|2
|move|p1a: Corviknight|U-turn|p2a: Hawlucha
|-resisted|p2a: Hawlucha
|-damage|p2a: Hawlucha|74/100
|
|t:|1781140706
|switch|p1a: Toxapex|Toxapex, F|40/100|[from] U-turn
|
|upkeep
|turn|12
|
|t:|1781140708
|switch|p1a: Corviknight|Corviknight, F|73/100
|-ability|p1a: Corviknight|Pressure
|move|p2a: Hawlucha|Acrobatics|p1a: Corviknight
|-resisted|p1a: Corviknight
|-damage|p1a: Corviknight|26/100
|-damage|p2a: Hawlucha|58/100|[from] item: Rocky Helmet|[of] p1a: Corviknight
|
|upkeep
|turn|13
|
|t:|1781140712
|move|p2a: Hawlucha|Acrobatics|p1a: Corviknight
|-resisted|p1a: Corviknight
|-damage|p1a: Corviknight|0 fnt
|-damage|p2a: Hawlucha|41/100|[from] item: Rocky Helmet|[of] p1a: Corviknight
|faint|p1a: Corviknight
|
|upkeep
|
|t:|1781140714
|switch|p1a: Toxapex|Toxapex, F|73/100
|turn|14
|
|t:|1781140724
|switch|p1a: Dragapult|Dragapult, M|100/100
|move|p2a: Hawlucha|Acrobatics|p1a: Dragapult
|-damage|p1a: Dragapult|0 fnt
|faint|p1a: Dragapult
|
|upkeep
|
|t:|1781140726
|switch|p1a: Toxapex|Toxapex, F|100/100
|turn|15
|
|t:|1781140733
|move|p2a: Hawlucha|Acrobatics|p1a: Toxapex
|-damage|p1a: Toxapex|10/100
|move|p1a: Toxapex|Haze|p1a: Toxapex
|-clearallboost
|
|upkeep
|turn|16
|
|t:|1781140738
|move|p2a: Hawlucha|Encore|p1a: Toxapex
|-start|p1a: Toxapex|Encore
|move|p1a: Toxapex|Haze|p1a: Toxapex
|-clearallboost
|
|upkeep
|turn|17
|
|t:|1781140742
|switch|p1a: Garchomp|Garchomp, F|100/100
|move|p2a: Hawlucha|Swords Dance|p2a: Hawlucha
|-boost|p2a: Hawlucha|atk|2
|
|upkeep
|turn|18
|
|t:|1781140745
|move|p2a: Hawlucha|Close Combat|p1a: Garchomp
|-damage|p1a: Garchomp|0 fnt
|-unboost|p2a: Hawlucha|def|1
|-unboost|p2a: Hawlucha|spd|1
|-damage|p2a: Hawlucha|29/100|[from] ability: Rough Skin|[of] p1a: Garchomp
|faint|p1a: Garchomp
|
|upkeep
|
|t:|1781140748
|switch|p1a: Toxapex|Toxapex, F|43/100
|turn|19
|
|t:|1781140750
|move|p2a: Hawlucha|Acrobatics|p1a: Toxapex
|-damage|p1a: Toxapex|0 fnt
|faint|p1a: Toxapex
|
|upkeep
|
|t:|1781140751
|switch|p1a: Muk|Muk-Alola, M|96/100 par
|turn|20
|
|t:|1781140754
|move|p1a: Muk|Shadow Sneak|p2a: Hawlucha
|-damage|p2a: Hawlucha|10/100
|move|p2a: Hawlucha|Acrobatics|p1a: Muk
|-crit|p1a: Muk
|-damage|p1a: Muk|0 fnt
|faint|p1a: Muk
|
|win|Mr.X&Y97
|raw|MonkeyMilks's rating: 1529 &rarr; <strong>1512</strong><br />(-17 for losing)
|raw|Mr.X&amp;Y97's rating: 1581 &rarr; <strong>1598</strong><br />(+17 for winning)
|l|☆MonkeyMilks
|player|p1|
|l|☆Mr.X&Y97
|player|p2|
