|j|☆qingyunxian
|j|☆omari p
|t:|1781353456
|gametype|singles
|player|p1|qingyunxian|2|1548
|player|p2|omari p|pokemonrangerf|1569
|gen|9
|tier|[Gen 9] OU
|rated|
|rule|HP Percentage Mod: HP is shown in percentages
|rule|Endless Battle Clause: Forcing endless battles is banned
|rule|Species Clause: Limit one of each Pokémon
|rule|OHKO Clause: OHKO moves are banned
|rule|Evasion Items Clause: Evasion items are banned
|rule|Evasion Moves Clause: Evasion moves are banned
|rule|Evasion Abilities Clause: Evasion abilities are banned
|rule|Sleep Moves Clause: Sleep-inducing moves are banned
|clearpoke
|poke|p1|Ceruledge, M|
|poke|p1|Glimmora, F|
|poke|p1|Iron Valiant|
|poke|p1|Ogerpon-Wellspring, F|
|poke|p1|Minior|
|poke|p1|Garchomp, F|
|poke|p2|Cinderace, M|
|poke|p2|Skeledirge, M|
|poke|p2|Latios, M|
|poke|p2|Mandibuzz, F|
|poke|p2|Gallade, M|
|poke|p2|Gastrodon, M|
|teampreview
|inactive|Battle timer is ON: inactive players will automatically lose when time's up. (requested by qingyunxian)
|j| dragasoul
|inactive|omari p has 120 seconds left.
|
|t:|1781353506
|teamsize|p1|6
|teamsize|p2|6
|start
|switch|p1a: Glimmora|Glimmora, F|100/100
|switch|p2a: Gastrodon|Gastrodon, M|100/100
|turn|1
|
|t:|1781353510
|move|p1a: Glimmora|Stealth Rock|p2a: Gastrodon
|-sidestart|p2: omari p|move: Stealth Rock
|move|p2a: Gastrodon|Earth Power|p1a: Glimmora
|-supereffective|p1a: Glimmora
|-crit|p1a: Glimmora
|-enditem|p1a: Glimmora|Focus Sash
|-damage|p1a: Glimmora|1/100
|
|upkeep
|turn|2
|
|t:|1781353515
|move|p1a: Glimmora|Mortal Spin|p2a: Gastrodon
|-resisted|p2a: Gastrodon
|-damage|p2a: Gastrodon|97/100
|-status|p2a: Gastrodon|psn
|move|p2a: Gastrodon|Earth Power|p1a: Glimmora
|-supereffective|p1a: Glimmora
|-damage|p1a: Glimmora|0 fnt
|faint|p1a: Glimmora
|
|-heal|p2a: Gastrodon|100/100 psn|[from] item: Leftovers
|-damage|p2a: Gastrodon|88/100 psn|[from] psn
|upkeep
|
|t:|1781353525
|switch|p1a: Ogerpon|Ogerpon-Wellspring, F|100/100
|turn|3
|
|t:|1781353537
|move|p1a: Ogerpon|Swords Dance|p1a: Ogerpon
|-boost|p1a: Ogerpon|atk|2
|move|p2a: Gastrodon|Ice Beam|p1a: Ogerpon
|-crit|p1a: Ogerpon
|-damage|p1a: Ogerpon|60/100
|
|-heal|p2a: Gastrodon|94/100 psn|[from] item: Leftovers
|-damage|p2a: Gastrodon|82/100 psn|[from] psn
|upkeep
|turn|4
|
|t:|1781353540
|move|p1a: Ogerpon|Horn Leech|p2a: Gastrodon
|-supereffective|p2a: Gastrodon
|-damage|p2a: Gastrodon|0 fnt
|-heal|p1a: Ogerpon|100/100|[from] drain|[of] p2a: Gastrodon
|faint|p2a: Gastrodon
|
|upkeep
|
|t:|1781353542
|switch|p2a: Cinderace|Cinderace, M|100/100
|turn|5
|
|t:|1781353551
|-terastallize|p1a: Ogerpon|Water
|detailschange|p1a: Ogerpon|Ogerpon-Wellspring-Tera, F, tera:Water
|-ability|p1a: Ogerpon|Embody Aspect (Wellspring)|boost
|-boost|p1a: Ogerpon|spd|1
|move|p2a: Cinderace|Court Change|p2a: Cinderace
|-start|p2a: Cinderace|typechange|Normal|[from] ability: Libero
|-swapsideconditions
|-activate|p2a: Cinderace|move: Court Change
|move|p1a: Ogerpon|Ivy Cudgel|p2a: Cinderace|[anim] Ivy Cudgel Water
|-damage|p2a: Cinderace|0 fnt
|faint|p2a: Cinderace
|
|upkeep
|
|t:|1781353554
|switch|p2a: Omari P Bird|Mandibuzz, F, shiny|100/100
|turn|6
|
|t:|1781353566
|-terastallize|p2a: Omari P Bird|Water
|move|p1a: Ogerpon|Ivy Cudgel|p2a: Omari P Bird|[anim] Ivy Cudgel Water
|-resisted|p2a: Omari P Bird
|-damage|p2a: Omari P Bird|58/100
|move|p2a: Omari P Bird|Foul Play|p1a: Ogerpon
|-damage|p1a: Ogerpon|0 fnt
|faint|p1a: Ogerpon
|detailschange|p1: Ogerpon|Ogerpon-Wellspring, F|[silent]
|
|upkeep
|inactive|qingyunxian has 120 seconds left.
|
|t:|1781353612
|switch|p1a: Garchomp|Garchomp, F|100/100
|-damage|p1a: Garchomp|94/100|[from] Stealth Rock
|turn|7
|inactive|qingyunxian has 90 seconds left.
|
|t:|1781353646
|move|p1a: Garchomp|Swords Dance|p1a: Garchomp
|-boost|p1a: Garchomp|atk|2
|move|p2a: Omari P Bird|Roost|p2a: Omari P Bird
|-heal|p2a: Omari P Bird|100/100
|
|upkeep
|turn|8
|inactive|omari p has 120 seconds left.
|inactive|omari p has 90 seconds left.
|
|t:|1781353715
|move|p1a: Garchomp|Scale Shot|p2a: Omari P Bird
|-damage|p2a: Omari P Bird|86/100
|-damage|p2a: Omari P Bird|70/100
|-damage|p2a: Omari P Bird|55/100
|-damage|p2a: Omari P Bird|41/100
|-hitcount|p2a: Omari P Bird|4
|-unboost|p1a: Garchomp|def|1
|-boost|p1a: Garchomp|spe|1
|move|p2a: Omari P Bird|Foul Play|p1a: Garchomp
|-damage|p1a: Garchomp|0 fnt
|-damage|p2a: Omari P Bird|28/100|[from] ability: Rough Skin|[of] p1a: Garchomp
|faint|p1a: Garchomp
|
|upkeep
|inactive|qingyunxian has 90 seconds left.
|
|t:|1781353732
|switch|p1a: Iron Valiant|Iron Valiant|100/100
|-damage|p1a: Iron Valiant|94/100|[from] Stealth Rock
|-enditem|p1a: Iron Valiant|Booster Energy
|-activate|p1a: Iron Valiant|ability: Quark Drive|[fromitem]
|-start|p1a: Iron Valiant|quarkdrivespe
|turn|9
|inactive|qingyunxian has 90 seconds left.
|
|t:|1781353755
|move|p1a: Iron Valiant|Moonblast|p2a: Omari P Bird
|-damage|p2a: Omari P Bird|0 fnt
|faint|p2a: Omari P Bird
|
|upkeep
|
|t:|1781353762
|switch|p2a: Skeledirge|Skeledirge, M|100/100
|turn|10
|inactive|qingyunxian has 90 seconds left.
|
|t:|1781353787
|move|p1a: Iron Valiant|Shadow Ball|p2a: Skeledirge
|-supereffective|p2a: Skeledirge
|-damage|p2a: Skeledirge|48/100
|move|p2a: Skeledirge|Torch Song|p1a: Iron Valiant
|-damage|p1a: Iron Valiant|32/100
|-boost|p2a: Skeledirge|spa|1
|
|upkeep
|turn|11
|
|t:|1781353795
|move|p1a: Iron Valiant|Shadow Ball|p2a: Skeledirge
|-supereffective|p2a: Skeledirge
|-damage|p2a: Skeledirge|0 fnt
|faint|p2a: Skeledirge
|
|upkeep
|
|t:|1781353797
|switch|p2a: Gallade|Gallade, M|100/100
|turn|12
|
|t:|1781353801
|move|p1a: Iron Valiant|Moonblast|p2a: Gallade
|-supereffective|p2a: Gallade
|-damage|p2a: Gallade|12/100
|-unboost|p2a: Gallade|spa|1
|move|p2a: Gallade|Psycho Cut|p1a: Iron Valiant
|-supereffective|p1a: Iron Valiant
|-damage|p1a: Iron Valiant|0 fnt
|faint|p1a: Iron Valiant
|-end|p1a: Iron Valiant|Quark Drive|[silent]
|
|upkeep
|c|☆omari p|that is useful info
|inactive|qingyunxian has 90 seconds left.
|
|t:|1781353824
|switch|p1a: Minior|Minior|100/100
|-damage|p1a: Minior|76/100|[from] Stealth Rock
|-formechange|p1a: Minior|Minior-Meteor||[from] ability: Shields Down
|turn|13
|inactive|omari p has 90 seconds left.
|
|t:|1781353858
|move|p2a: Gallade|Psycho Cut|p1a: Minior
|-damage|p1a: Minior|0 fnt
|faint|p1a: Minior
|
|upkeep
|inactive|qingyunxian has 90 seconds left.
|
|t:|1781353865
|switch|p1a: Ceruledge|Ceruledge, M|100/100
|-damage|p1a: Ceruledge|76/100|[from] Stealth Rock
|turn|14
|inactive|omari p has 90 seconds left.
|inactive|qingyunxian has 90 seconds left.
|inactive|omari p has 60 seconds left.
|
|t:|1781353913
|move|p1a: Ceruledge|Bitter Blade|p2a: Gallade
|-crit|p2a: Gallade
|-damage|p2a: Gallade|0 fnt
|-heal|p1a: Ceruledge|82/100|[from] drain|[of] p2a: Gallade
|faint|p2a: Gallade
|
|upkeep
|
|t:|1781353914
|switch|p2a: Latios|Latios, M|100/100
|turn|15
|
|t:|1781353920
|move|p1a: Ceruledge|Shadow Sneak|p2a: Latios
|-supereffective|p2a: Latios
|-damage|p2a: Latios|41/100
|move|p2a: Latios|Draco Meteor|p1a: Ceruledge
|-damage|p1a: Ceruledge|9/100
|-unboost|p2a: Latios|spa|2
|
|upkeep
|turn|16
|
|t:|1781353925
|move|p1a: Ceruledge|Shadow Sneak|p2a: Latios
|-supereffective|p2a: Latios
|-damage|p2a: Latios|0 fnt
|faint|p2a: Latios
|
|win|qingyunxian
|raw|qingyunxian's rating: 1548 &rarr; <strong>1569</strong><br />(+21 for winning)
|raw|omari p's rating: 1569 &rarr; <strong>1548</strong><br />(-21 for losing)
|l|☆qingyunxian
|player|p1|
|l| dragasoul
