|badge|p2|silver|gen9ou|30-9
|uhtml|medal-msg|<div class="broadcast-blue">Curious what those medals under the avatar are? PS now has Ladder Seasons! For more information, check out the <a href="https://www.smogon.com/forums/threads/3740067/">thread on Smogon.</a></div>
|j|☆temporarylight
|j|☆crck like alakazam
|t:|1781571181
|gametype|singles
|player|p1|temporarylight|jogger|1769
|player|p2|crck like alakazam|psychic-gen4|1912
|gen|9
|tier|[Gen 9] OU
|rated|
|rule|HP Percentage Mod: HP is shown in percentages
|rule|Endless Battle Clause: Forcing endless battles is banned
|rule|Species Clause: Limit one of each Pokémon
|rule|OHKO Clause: OHKO moves are banned
|rule|Evasion Items Clause: Evasion items are banned
|rule|Evasion Moves Clause: Evasion moves are banned
|rule|Evasion Abilities Clause: Evasion abilities are banned
|rule|Sleep Moves Clause: Sleep-inducing moves are banned
|clearpoke
|poke|p1|Serperior, F|
|poke|p1|Heatran, F|
|poke|p1|Ting-Lu|
|poke|p1|Zamazenta-*|
|poke|p1|Gliscor, F|
|poke|p1|Pecharunt|
|poke|p2|Iron Treads|
|poke|p2|Pelipper, M|
|poke|p2|Dondozo, M|
|poke|p2|Overqwil, M|
|poke|p2|Enamorus, F|
|poke|p2|Raging Bolt|
|teampreview
|inactive|Battle timer is ON: inactive players will automatically lose when time's up. (requested by crck like alakazam)
|j| Partynparadise
|c|☆crck like alakazam|glhf
|c|☆temporarylight|glhf
|inactive|temporarylight has 120 seconds left.
|inactive|crck like alakazam has 120 seconds left.
|
|t:|1781571240
|teamsize|p1|6
|teamsize|p2|6
|start
|switch|p1a: Pecharunt|Pecharunt|100/100
|switch|p2a: WishABozoWould|Dondozo, M|100/100
|turn|1
|
|t:|1781571250
|switch|p2a: 4Pc Peliac Combo|Pelipper, M|100/100
|-weather|RainDance|[from] ability: Drizzle|[of] p2a: 4Pc Peliac Combo
|move|p1a: Pecharunt|Malignant Chain|p2a: 4Pc Peliac Combo
|-damage|p2a: 4Pc Peliac Combo|46/100
|-status|p2a: 4Pc Peliac Combo|tox
|-start|p2a: 4Pc Peliac Combo|confusion|[from] ability: Poison Puppeteer|[of] p1a: Pecharunt
|
|-weather|RainDance|[upkeep]
|-damage|p2a: 4Pc Peliac Combo|40/100 tox|[from] psn
|upkeep
|turn|2
|
|t:|1781571269
|switch|p1a: Ting-Lu|Ting-Lu|100/100
|-ability|p1a: Ting-Lu|Vessel of Ruin
|switch|p2a: C.T.E.Spins|Iron Treads|100/100
|-enditem|p2a: C.T.E.Spins|Booster Energy
|-activate|p2a: C.T.E.Spins|ability: Quark Drive|[fromitem]
|-start|p2a: C.T.E.Spins|quarkdrivespe
|
|-weather|RainDance|[upkeep]
|upkeep
|turn|3
|
|t:|1781571279
|-end|p2a: C.T.E.Spins|Quark Drive|[silent]
|switch|p2a: WishABozoWould|Dondozo, M|100/100
|move|p1a: Ting-Lu|Earthquake|p2a: WishABozoWould
|-damage|p2a: WishABozoWould|76/100
|
|-weather|RainDance|[upkeep]
|upkeep
|turn|4
|
|t:|1781571281
|switch|p1a: Serperior|Serperior, F|100/100
|move|p2a: WishABozoWould|Wave Crash|p1a: Serperior
|-resisted|p1a: Serperior
|-damage|p1a: Serperior|39/100
|-damage|p2a: WishABozoWould|60/100|[from] Recoil
|
|-weather|RainDance|[upkeep]
|upkeep
|turn|5
|
|t:|1781571290
|switch|p2a: Ol'DirtyBolt|Raging Bolt|100/100
|-enditem|p2a: Ol'DirtyBolt|Booster Energy
|-activate|p2a: Ol'DirtyBolt|ability: Protosynthesis|[fromitem]
|-start|p2a: Ol'DirtyBolt|protosynthesisspa
|move|p1a: Serperior|Glare|p2a: Ol'DirtyBolt
|-immune|p2a: Ol'DirtyBolt
|
|-weather|RainDance|[upkeep]
|upkeep
|turn|6
|
|t:|1781571317
|move|p1a: Serperior|Leaf Storm|p2a: Ol'DirtyBolt
|-resisted|p2a: Ol'DirtyBolt
|-damage|p2a: Ol'DirtyBolt|82/100
|-boost|p1a: Serperior|spa|2
|move|p2a: Ol'DirtyBolt|Weather Ball|p1a: Serperior
|-resisted|p1a: Serperior
|-damage|p1a: Serperior|0 fnt
|faint|p1a: Serperior
|
|-weather|RainDance|[upkeep]
|upkeep
|inactive|temporarylight has 120 seconds left.
|
|t:|1781571330
|switch|p1a: Pecharunt|Pecharunt|100/100
|turn|7
|
|t:|1781571342
|move|p1a: Pecharunt|Malignant Chain|p2a: Ol'DirtyBolt
|-damage|p2a: Ol'DirtyBolt|40/100
|move|p2a: Ol'DirtyBolt|Thunder|p1a: Pecharunt
|-damage|p1a: Pecharunt|0 fnt
|faint|p1a: Pecharunt
|
|-weather|RainDance|[upkeep]
|upkeep
|
|t:|1781571353
|switch|p1a: Gliscor|Gliscor, F|100/100
|turn|8
|
|t:|1781571361
|-end|p2a: Ol'DirtyBolt|Protosynthesis|[silent]
|switch|p2a: WishABozoWould|Dondozo, M|60/100
|move|p1a: Gliscor|Protect||[still]
|-fail|p1a: Gliscor
|
|-weather|none
|-status|p1a: Gliscor|tox|[from] item: Toxic Orb
|upkeep
|turn|9
|
|t:|1781571364
|move|p1a: Gliscor|Protect|p1a: Gliscor
|-singleturn|p1a: Gliscor|Protect
|move|p2a: WishABozoWould|Wave Crash|p1a: Gliscor
|-activate|p1a: Gliscor|move: Protect
|
|upkeep
|turn|10
|c|☆temporarylight|ts guy cooks
|c|☆crck like alakazam|hes the goat fr
|inactive|temporarylight has 120 seconds left.
|
|t:|1781571403
|switch|p1a: Heatran|Heatran, F|100/100
|move|p2a: WishABozoWould|Wave Crash|p1a: Heatran
|-supereffective|p1a: Heatran
|-damage|p1a: Heatran|0 fnt
|faint|p1a: Heatran
|-damage|p2a: WishABozoWould|32/100|[from] Recoil
|
|upkeep
|
|t:|1781571407
|switch|p1a: Gliscor|Gliscor, F|100/100 tox
|turn|11
|c|☆crck like alakazam|ooh shi
|
|t:|1781571411
|-terastallize|p1a: Gliscor|Normal
|move|p1a: Gliscor|Facade|p2a: WishABozoWould
|-crit|p2a: WishABozoWould
|-damage|p2a: WishABozoWould|0 fnt
|faint|p2a: WishABozoWould
|
|upkeep
|c|☆crck like alakazam|dang crit mattered loll
|c|☆temporarylight|oh actuall
|c|☆temporarylight|y
|c|☆temporarylight|lmao
|
|t:|1781571427
|switch|p2a: 4Pc Peliac Combo|Pelipper, M|40/100 tox
|-weather|RainDance|[from] ability: Drizzle|[of] p2a: 4Pc Peliac Combo
|turn|12
|
|t:|1781571438
|move|p1a: Gliscor|Swords Dance|p1a: Gliscor
|-boost|p1a: Gliscor|atk|2
|move|p2a: 4Pc Peliac Combo|U-turn|p1a: Gliscor
|-damage|p1a: Gliscor|93/100 tox
|
|t:|1781571447
|switch|p2a: PurpleRain|Overqwil, M, shiny|100/100|[from] U-turn
|
|-weather|RainDance|[upkeep]
|-heal|p1a: Gliscor|100/100 tox|[from] ability: Poison Heal
|upkeep
|turn|13
|
|t:|1781571471
|move|p2a: PurpleRain|Destiny Bond|p2a: PurpleRain
|-singlemove|p2a: PurpleRain|Destiny Bond
|move|p1a: Gliscor|Facade|p2a: PurpleRain
|-damage|p2a: PurpleRain|0 fnt
|faint|p2a: PurpleRain
|-activate|p2a: PurpleRain|move: Destiny Bond
|faint|p1a: Gliscor
|
|-weather|RainDance|[upkeep]
|upkeep
|
|t:|1781571481
|switch|p1a: Ting-Lu|Ting-Lu|100/100
|switch|p2a: 4Pc Peliac Combo|Pelipper, M|40/100 tox
|-ability|p1a: Ting-Lu|Vessel of Ruin
|turn|14
|
|t:|1781571485
|move|p1a: Ting-Lu|Spikes|p2a: 4Pc Peliac Combo
|-sidestart|p2: crck like alakazam|Spikes
|move|p2a: 4Pc Peliac Combo|Weather Ball|p1a: Ting-Lu
|-supereffective|p1a: Ting-Lu
|-damage|p1a: Ting-Lu|58/100
|
|-weather|RainDance|[upkeep]
|-heal|p1a: Ting-Lu|64/100|[from] item: Leftovers
|-damage|p2a: 4Pc Peliac Combo|34/100 tox|[from] psn
|upkeep
|turn|15
|
|t:|1781571499
|move|p1a: Ting-Lu|Spikes|p2a: 4Pc Peliac Combo
|-sidestart|p2: crck like alakazam|Spikes
|move|p2a: 4Pc Peliac Combo|Weather Ball|p1a: Ting-Lu
|-supereffective|p1a: Ting-Lu
|-damage|p1a: Ting-Lu|23/100
|
|-weather|RainDance|[upkeep]
|-heal|p1a: Ting-Lu|30/100|[from] item: Leftovers
|-damage|p2a: 4Pc Peliac Combo|22/100 tox|[from] psn
|upkeep
|turn|16
|
|t:|1781571502
|move|p1a: Ting-Lu|Spikes|p2a: 4Pc Peliac Combo
|-sidestart|p2: crck like alakazam|Spikes
|move|p2a: 4Pc Peliac Combo|Weather Ball|p1a: Ting-Lu
|-supereffective|p1a: Ting-Lu
|-damage|p1a: Ting-Lu|0 fnt
|faint|p1a: Ting-Lu
|
|-weather|RainDance|[upkeep]
|-damage|p2a: 4Pc Peliac Combo|3/100 tox|[from] psn
|upkeep
|
|t:|1781571504
|switch|p1a: Zamazenta|Zamazenta|100/100
|-ability|p1a: Zamazenta|Dauntless Shield|boost
|-boost|p1a: Zamazenta|def|1
|turn|17
|
|t:|1781571511
|move|p1a: Zamazenta|Iron Defense|p1a: Zamazenta
|-boost|p1a: Zamazenta|def|2
|move|p2a: 4Pc Peliac Combo|Hurricane|p1a: Zamazenta
|-supereffective|p1a: Zamazenta
|-damage|p1a: Zamazenta|38/100
|-start|p1a: Zamazenta|confusion
|
|-weather|RainDance|[upkeep]
|-heal|p1a: Zamazenta|44/100|[from] item: Leftovers
|-damage|p2a: 4Pc Peliac Combo|0 fnt|[from] psn
|faint|p2a: 4Pc Peliac Combo
|upkeep
|
|t:|1781571513
|switch|p2a: GangStarrFromAbove|Enamorus, F|100/100
|turn|18
|
|t:|1781571515
|move|p2a: GangStarrFromAbove|Moonblast|p1a: Zamazenta
|-supereffective|p1a: Zamazenta
|-damage|p1a: Zamazenta|0 fnt
|faint|p1a: Zamazenta
|
|win|crck like alakazam
|raw|temporarylight's rating: 1769 &rarr; <strong>1757</strong><br />(-12 for losing)
|raw|crck like alakazam's rating: 1912 &rarr; <strong>1924</strong><br />(+12 for winning)
|c|☆crck like alakazam|ggwp
|c|☆temporarylight|gg
|l|☆crck like alakazam
|player|p2|
|l|☆temporarylight
|player|p1|
|l| Partynparadise
