|j|☆Dillnchill
|j|☆No1CelestiaKinnie
|t:|1781411595
|gametype|singles
|player|p1|Dillnchill|roxie|1619
|player|p2|No1CelestiaKinnie|rainbowrocketgruntf|1524
|gen|9
|tier|[Gen 9] OU
|rated|
|rule|HP Percentage Mod: HP is shown in percentages
|rule|Endless Battle Clause: Forcing endless battles is banned
|rule|Species Clause: Limit one of each Pokémon
|rule|OHKO Clause: OHKO moves are banned
|rule|Evasion Items Clause: Evasion items are banned
|rule|Evasion Moves Clause: Evasion moves are banned
|rule|Evasion Abilities Clause: Evasion abilities are banned
|rule|Sleep Moves Clause: Sleep-inducing moves are banned
|clearpoke
|poke|p1|Great Tusk|
|poke|p1|Corviknight, F|
|poke|p1|Clefable, F|
|poke|p1|Dragapult, M|
|poke|p1|Samurott-Hisui, M|
|poke|p1|Slowking-Galar, F|
|poke|p2|Raging Bolt|
|poke|p2|Ogerpon-Wellspring, F|
|poke|p2|Zamazenta-*|
|poke|p2|Cresselia, F|
|poke|p2|Glimmora, M|
|poke|p2|Kingambit, M|
|teampreview
|inactive|Battle timer is ON: inactive players will automatically lose when time's up. (requested by No1CelestiaKinnie)
|
|t:|1781411606
|teamsize|p1|6
|teamsize|p2|6
|start
|switch|p1a: Slowking|Slowking-Galar, F|100/100
|switch|p2a: Trojan|Zamazenta, shiny|100/100
|-ability|p2a: Trojan|Dauntless Shield|boost
|-boost|p2a: Trojan|def|1
|turn|1
|
|t:|1781411611
|move|p2a: Trojan|Light Screen|p2a: Trojan
|-sidestart|p2: No1CelestiaKinnie|move: Light Screen
|move|p1a: Slowking|Psyshock|p2a: Trojan
|-supereffective|p2a: Trojan
|-damage|p2a: Trojan|80/100
|
|upkeep
|turn|2
|
|t:|1781411616
|move|p2a: Trojan|Reflect|p2a: Trojan
|-sidestart|p2: No1CelestiaKinnie|Reflect
|move|p1a: Slowking|Psyshock|p2a: Trojan
|-supereffective|p2a: Trojan
|-damage|p2a: Trojan|61/100
|
|upkeep
|turn|3
|
|t:|1781411622
|switch|p2a: Crescent|Cresselia, F, shiny|100/100
|move|p1a: Slowking|Sludge Bomb|p2a: Crescent
|-damage|p2a: Crescent|85/100
|
|-heal|p2a: Crescent|91/100|[from] item: Leftovers
|upkeep
|turn|4
|
|t:|1781411628
|switch|p1a: Samurott|Samurott-Hisui, M|100/100
|move|p2a: Crescent|Calm Mind|p2a: Crescent
|-boost|p2a: Crescent|spa|1
|-boost|p2a: Crescent|spd|1
|
|-heal|p2a: Crescent|97/100|[from] item: Leftovers
|upkeep
|turn|5
|
|t:|1781411631
|-terastallize|p2a: Crescent|Fairy
|move|p1a: Samurott|Ceaseless Edge|p2a: Crescent
|-resisted|p2a: Crescent
|-damage|p2a: Crescent|88/100
|-sidestart|p2: No1CelestiaKinnie|Spikes
|move|p2a: Crescent|Calm Mind|p2a: Crescent
|-boost|p2a: Crescent|spa|1
|-boost|p2a: Crescent|spd|1
|
|-heal|p2a: Crescent|95/100|[from] item: Leftovers
|upkeep
|turn|6
|
|t:|1781411636
|switch|p1a: Slowking|Slowking-Galar, F|100/100
|move|p2a: Crescent|Moonblast|p1a: Slowking
|-resisted|p1a: Slowking
|-damage|p1a: Slowking|81/100
|
|-heal|p2a: Crescent|100/100|[from] item: Leftovers
|upkeep
|turn|7
|
|t:|1781411638
|move|p2a: Crescent|Calm Mind|p2a: Crescent
|-boost|p2a: Crescent|spa|1
|-boost|p2a: Crescent|spd|1
|move|p1a: Slowking|Sludge Bomb|p2a: Crescent
|-supereffective|p2a: Crescent
|-damage|p2a: Crescent|87/100
|
|-heal|p2a: Crescent|93/100|[from] item: Leftovers
|upkeep
|turn|8
|
|t:|1781411640
|move|p2a: Crescent|Calm Mind|p2a: Crescent
|-boost|p2a: Crescent|spa|1
|-boost|p2a: Crescent|spd|1
|move|p1a: Slowking|Sludge Bomb|p2a: Crescent
|-supereffective|p2a: Crescent
|-damage|p2a: Crescent|83/100
|
|-heal|p2a: Crescent|89/100|[from] item: Leftovers
|-sideend|p2: No1CelestiaKinnie|move: Light Screen
|upkeep
|turn|9
|
|t:|1781411641
|move|p2a: Crescent|Calm Mind|p2a: Crescent
|-boost|p2a: Crescent|spa|1
|-boost|p2a: Crescent|spd|1
|move|p1a: Slowking|Sludge Bomb|p2a: Crescent
|-supereffective|p2a: Crescent
|-damage|p2a: Crescent|70/100
|
|-heal|p2a: Crescent|76/100|[from] item: Leftovers
|-sideend|p2: No1CelestiaKinnie|Reflect
|upkeep
|turn|10
|
|t:|1781411643
|move|p2a: Crescent|Calm Mind|p2a: Crescent
|-boost|p2a: Crescent|spa|1
|-boost|p2a: Crescent|spd|1
|move|p1a: Slowking|Sludge Bomb|p2a: Crescent
|-supereffective|p2a: Crescent
|-damage|p2a: Crescent|61/100
|-status|p2a: Crescent|psn
|
|-heal|p2a: Crescent|67/100 psn|[from] item: Leftovers
|-damage|p2a: Crescent|55/100 psn|[from] psn
|upkeep
|turn|11
|
|t:|1781411646
|move|p2a: Crescent|Lunar Blessing|p2a: Crescent
|-heal|p2a: Crescent|80/100 psn
|-curestatus|p2a: Crescent|psn|[msg]
|move|p1a: Slowking|Sludge Bomb|p2a: Crescent
|-supereffective|p2a: Crescent
|-damage|p2a: Crescent|64/100
|
|-heal|p2a: Crescent|70/100|[from] item: Leftovers
|upkeep
|turn|12
|
|t:|1781411650
|move|p2a: Crescent|Stored Power|p1a: Slowking
|-damage|p1a: Slowking|0 fnt
|faint|p1a: Slowking
|
|-heal|p2a: Crescent|76/100|[from] item: Leftovers
|upkeep
|
|t:|1781411662
|switch|p1a: Samurott|Samurott-Hisui, M|100/100
|turn|13
|
|t:|1781411666
|move|p1a: Samurott|Razor Shell|p2a: Crescent
|-damage|p2a: Crescent|36/100
|move|p2a: Crescent|Moonblast|p1a: Samurott
|-supereffective|p1a: Samurott
|-damage|p1a: Samurott|0 fnt
|faint|p1a: Samurott
|
|-heal|p2a: Crescent|42/100|[from] item: Leftovers
|upkeep
|
|t:|1781411680
|switch|p1a: Dragapult|Dragapult, M, shiny|100/100
|turn|14
|
|t:|1781411685
|-terastallize|p1a: Dragapult|Ghost
|move|p1a: Dragapult|Shadow Ball|p2a: Crescent
|-damage|p2a: Crescent|30/100
|move|p2a: Crescent|Moonblast|p1a: Dragapult
|-crit|p1a: Dragapult
|-damage|p1a: Dragapult|0 fnt
|faint|p1a: Dragapult
|
|-heal|p2a: Crescent|36/100|[from] item: Leftovers
|upkeep
|-message|Dillnchill forfeited.
|
|win|No1CelestiaKinnie
|raw|Dillnchill's rating: 1619 &rarr; <strong>1594</strong><br />(-25 for losing)
|raw|No1CelestiaKinnie's rating: 1524 &rarr; <strong>1549</strong><br />(+25 for winning)
|l|☆Dillnchill
|player|p1|
|l|☆No1CelestiaKinnie
|player|p2|
