|j|☆kshuaib734
|j|☆angel engine
|t:|1781530299
|gametype|singles
|player|p1|kshuaib734|steven|1607
|player|p2|angel engine|dawn|1589
|gen|9
|tier|[Gen 9] OU
|rated|
|rule|HP Percentage Mod: HP is shown in percentages
|rule|Endless Battle Clause: Forcing endless battles is banned
|rule|Species Clause: Limit one of each Pokémon
|rule|OHKO Clause: OHKO moves are banned
|rule|Evasion Items Clause: Evasion items are banned
|rule|Evasion Moves Clause: Evasion moves are banned
|rule|Evasion Abilities Clause: Evasion abilities are banned
|rule|Sleep Moves Clause: Sleep-inducing moves are banned
|clearpoke
|poke|p1|Tyranitar, M|
|poke|p1|Zapdos|
|poke|p1|Pelipper, F|
|poke|p1|Quaquaval, M|
|poke|p1|Kingdra, F|
|poke|p1|Excadrill, F|
|poke|p2|Latios, M|
|poke|p2|Dragapult, F|
|poke|p2|Landorus-Therian, M|
|poke|p2|Iron Crown|
|poke|p2|Volcanion|
|poke|p2|Maushold|
|teampreview
|inactive|Battle timer is ON: inactive players will automatically lose when time's up. (requested by kshuaib734)
|inactive|angel engine also wants the timer to be on.
|
|t:|1781530308
|teamsize|p1|6
|teamsize|p2|6
|start
|switch|p1a: King Tyrant|Tyranitar, M|100/100
|switch|p2a: Landorus|Landorus-Therian, M|100/100
|-ability|p2a: Landorus|Intimidate|boost
|-unboost|p1a: King Tyrant|atk|1
|-weather|Sandstorm|[from] ability: Sand Stream|[of] p1a: King Tyrant
|turn|1
|
|t:|1781530318
|move|p2a: Landorus|Stealth Rock|p1a: King Tyrant
|-sidestart|p1: kshuaib734|move: Stealth Rock
|move|p1a: King Tyrant|Ice Beam|p2a: Landorus
|-supereffective|p2a: Landorus
|-damage|p2a: Landorus|0 fnt
|faint|p2a: Landorus
|
|-weather|Sandstorm|[upkeep]
|upkeep
|
|t:|1781530324
|switch|p2a: Volcanion|Volcanion|100/100
|turn|2
|
|t:|1781530328
|move|p2a: Volcanion|Steam Eruption|p1a: King Tyrant
|-supereffective|p1a: King Tyrant
|-damage|p1a: King Tyrant|36/100
|-enditem|p1a: King Tyrant|Weakness Policy
|-boost|p1a: King Tyrant|atk|2|[from] item: Weakness Policy
|-boost|p1a: King Tyrant|spa|2|[from] item: Weakness Policy
|move|p1a: King Tyrant|Thunderbolt|p2a: Volcanion
|-supereffective|p2a: Volcanion
|-damage|p2a: Volcanion|0 fnt
|faint|p2a: Volcanion
|
|-weather|Sandstorm|[upkeep]
|upkeep
|
|t:|1781530333
|switch|p2a: Iron Crown|Iron Crown|100/100
|-enditem|p2a: Iron Crown|Booster Energy
|-activate|p2a: Iron Crown|ability: Quark Drive|[fromitem]
|-start|p2a: Iron Crown|quarkdrivespe
|turn|3
|
|t:|1781530344
|move|p2a: Iron Crown|Tachyon Cutter|p1a: King Tyrant
|-supereffective|p1a: King Tyrant
|-damage|p1a: King Tyrant|10/100
|-supereffective|p1a: King Tyrant
|-damage|p1a: King Tyrant|0 fnt
|faint|p1a: King Tyrant
|-hitcount|p1: King Tyrant|2
|
|-weather|Sandstorm|[upkeep]
|upkeep
|
|t:|1781530352
|switch|p1a: Tyrant's Legacy|Excadrill, F|100/100
|-damage|p1a: Tyrant's Legacy|97/100|[from] Stealth Rock
|turn|4
|
|t:|1781530356
|-end|p2a: Iron Crown|Quark Drive|[silent]
|switch|p2a: Latios|Latios, M|100/100
|move|p1a: Tyrant's Legacy|Rapid Spin|p2a: Latios
|-damage|p2a: Latios|62/100
|-boost|p1a: Tyrant's Legacy|spe|1
|-sideend|p1: kshuaib734|Stealth Rock|[from] move: Rapid Spin|[of] p1a: Tyrant's Legacy
|-damage|p1a: Tyrant's Legacy|88/100|[from] item: Life Orb
|
|-weather|Sandstorm|[upkeep]
|-damage|p2a: Latios|56/100|[from] Sandstorm
|upkeep
|turn|5
|
|t:|1781530368
|move|p1a: Tyrant's Legacy|Iron Head|p2a: Latios
|-damage|p2a: Latios|0 fnt
|faint|p2a: Latios
|-damage|p1a: Tyrant's Legacy|78/100|[from] item: Life Orb
|
|-weather|none
|upkeep
|
|t:|1781530374
|switch|p2a: Dragapult|Dragapult, F|100/100
|turn|6
|
|t:|1781530377
|move|p2a: Dragapult|Will-O-Wisp|p1a: Tyrant's Legacy
|-status|p1a: Tyrant's Legacy|brn
|move|p1a: Tyrant's Legacy|Throat Chop|p2a: Dragapult
|-supereffective|p2a: Dragapult
|-damage|p2a: Dragapult|46/100
|-start|p2a: Dragapult|Throat Chop|[silent]
|-damage|p1a: Tyrant's Legacy|68/100 brn|[from] item: Life Orb
|
|-damage|p1a: Tyrant's Legacy|62/100 brn|[from] brn
|upkeep
|turn|7
|
|t:|1781530385
|move|p2a: Dragapult|Hex|p1a: Tyrant's Legacy
|-damage|p1a: Tyrant's Legacy|0 fnt
|faint|p1a: Tyrant's Legacy
|
|-end|p2a: Dragapult|Throat Chop|[silent]
|upkeep
|
|t:|1781530397
|switch|p1a: Tyrant's Downpour|Pelipper, F|100/100
|-weather|RainDance|[from] ability: Drizzle|[of] p1a: Tyrant's Downpour
|turn|8
|
|t:|1781530401
|move|p2a: Dragapult|Thunder Wave|p1a: Tyrant's Downpour
|-status|p1a: Tyrant's Downpour|par
|move|p1a: Tyrant's Downpour|U-turn|p2a: Dragapult
|-resisted|p2a: Dragapult
|-damage|p2a: Dragapult|39/100
|
|t:|1781530407
|switch|p1a: Tyrant's Vengeance|Kingdra, F|100/100|[from] U-turn
|
|-weather|RainDance|[upkeep]
|upkeep
|turn|9
|
|t:|1781530412
|move|p1a: Tyrant's Vengeance|Weather Ball|p2a: Dragapult
|-resisted|p2a: Dragapult
|-damage|p2a: Dragapult|0 fnt
|faint|p2a: Dragapult
|
|-weather|RainDance|[upkeep]
|upkeep
|
|t:|1781530418
|switch|p2a: Iron Crown|Iron Crown|100/100
|turn|10
|
|t:|1781530426
|move|p1a: Tyrant's Vengeance|Weather Ball|p2a: Iron Crown
|-damage|p2a: Iron Crown|25/100
|move|p2a: Iron Crown|Psychic Noise|p1a: Tyrant's Vengeance
|-damage|p1a: Tyrant's Vengeance|56/100
|-start|p1a: Tyrant's Vengeance|move: Heal Block
|
|-weather|RainDance|[upkeep]
|upkeep
|turn|11
|
|t:|1781530434
|move|p1a: Tyrant's Vengeance|Weather Ball|p2a: Iron Crown
|-damage|p2a: Iron Crown|0 fnt
|faint|p2a: Iron Crown
|-end|p2a: Iron Crown|Quark Drive|[silent]
|
|-weather|RainDance|[upkeep]
|-end|p1a: Tyrant's Vengeance|move: Heal Block
|upkeep
|
|t:|1781530437
|switch|p2a: Maushold|Maushold|100/100
|turn|12
|
|t:|1781530445
|-terastallize|p1a: Tyrant's Vengeance|Water
|-terastallize|p2a: Maushold|Ghost
|move|p1a: Tyrant's Vengeance|Weather Ball|p2a: Maushold
|-damage|p2a: Maushold|0 fnt
|faint|p2a: Maushold
|
|win|kshuaib734
|raw|kshuaib734's rating: 1607 &rarr; <strong>1626</strong><br />(+19 for winning)
|raw|angel engine's rating: 1589 &rarr; <strong>1570</strong><br />(-19 for losing)
|l|☆angel engine
|player|p2|
|l|☆kshuaib734
|player|p1|
