|j|☆GreninjaMyFav
|j|☆extra-pseudo man
|t:|1781378761
|gametype|singles
|player|p1|GreninjaMyFav|skyla|1770
|player|p2|extra-pseudo man|102|1726
|gen|9
|tier|[Gen 9] OU
|rated|
|rule|HP Percentage Mod: HP is shown in percentages
|rule|Endless Battle Clause: Forcing endless battles is banned
|rule|Species Clause: Limit one of each Pokémon
|rule|OHKO Clause: OHKO moves are banned
|rule|Evasion Items Clause: Evasion items are banned
|rule|Evasion Moves Clause: Evasion moves are banned
|rule|Evasion Abilities Clause: Evasion abilities are banned
|rule|Sleep Moves Clause: Sleep-inducing moves are banned
|clearpoke
|poke|p1|Greninja-*, F|
|poke|p1|Raging Bolt|
|poke|p1|Kingambit, F|
|poke|p1|Great Tusk|
|poke|p1|Slowking-Galar, M|
|poke|p1|Corviknight, F|
|poke|p2|Dragonite, M|
|poke|p2|Dragapult, M|
|poke|p2|Tyranitar, F|
|poke|p2|Metagross|
|poke|p2|Goodra-Hisui, M|
|poke|p2|Garchomp, F|
|teampreview
|c|☆extra-pseudo man|gl
|j| Boga Liso
|c|☆extra-pseudo man|still using gen in 2026?
|c|☆extra-pseudo man|Meta is full pseudo
|c|☆GreninjaMyFav|yuo
|c|☆GreninjaMyFav|yup
|
|t:|1781378801
|teamsize|p1|6
|teamsize|p2|6
|start
|switch|p1a: Greninja|Greninja, F|100/100
|switch|p2a: He pulten on it|Dragapult, M|100/100
|turn|1
|
|t:|1781378804
|switch|p1a: Corviknight|Corviknight, F|100/100
|-ability|p1a: Corviknight|Pressure
|move|p2a: He pulten on it|U-turn|p1a: Corviknight
|-resisted|p1a: Corviknight
|-damage|p1a: Corviknight|98/100
|-damage|p2a: He pulten on it|84/100|[from] item: Rocky Helmet|[of] p1a: Corviknight
|
|t:|1781378815
|switch|p2a: The goot|Goodra-Hisui, M|100/100|[from] U-turn
|
|upkeep
|turn|2
|
|t:|1781378820
|move|p2a: The goot|Thunderbolt|p1a: Corviknight
|-supereffective|p1a: Corviknight
|-damage|p1a: Corviknight|10/100
|move|p1a: Corviknight|U-turn|p2a: The goot
|-resisted|p2a: The goot
|-damage|p2a: The goot|93/100
|-ability|p2a: The goot|Gooey
|-unboost|p1a: Corviknight|spe|1
|
|t:|1781378825
|switch|p1a: Great Tusk|Great Tusk|100/100|[from] U-turn
|
|upkeep
|turn|3
|
|t:|1781378829
|switch|p2a: Marill me|Garchomp, F|100/100
|move|p1a: Great Tusk|Stealth Rock|p2a: Marill me
|-sidestart|p2: extra-pseudo man|move: Stealth Rock
|
|upkeep
|turn|4
|
|t:|1781378833
|-end|p1a: Great Tusk|Protosynthesis|[silent]
|switch|p1a: Corviknight|Corviknight, F|10/100
|-ability|p1a: Corviknight|Pressure
|move|p2a: Marill me|Earthquake|p1a: Corviknight
|-immune|p1a: Corviknight
|
|upkeep
|turn|5
|
|t:|1781378835
|move|p2a: Marill me|Fire Fang|p1a: Corviknight
|-supereffective|p1a: Corviknight
|-damage|p1a: Corviknight|0 fnt
|-damage|p2a: Marill me|84/100|[from] item: Rocky Helmet|[of] p1a: Corviknight
|faint|p1a: Corviknight
|
|upkeep
|
|t:|1781378839
|switch|p1a: Greninja|Greninja, F|100/100
|turn|6
|
|t:|1781378844
|switch|p2a: Tyranocif|Tyranitar, F|100/100
|-damage|p2a: Tyranocif|88/100|[from] Stealth Rock
|-weather|Sandstorm|[from] ability: Sand Stream|[of] p2a: Tyranocif
|move|p1a: Greninja|Ice Beam|p2a: Tyranocif
|-start|p1a: Greninja|typechange|Ice|[from] ability: Protean
|-damage|p2a: Tyranocif|65/100
|
|-weather|Sandstorm|[upkeep]
|-damage|p1a: Greninja|95/100|[from] Sandstorm
|-heal|p2a: Tyranocif|71/100|[from] item: Leftovers
|upkeep
|turn|7
|
|t:|1781378847
|switch|p1a: Great Tusk|Great Tusk|100/100
|move|p2a: Tyranocif|Knock Off|p1a: Great Tusk
|-resisted|p1a: Great Tusk
|-damage|p1a: Great Tusk|84/100
|-enditem|p1a: Great Tusk|Heavy-Duty Boots|[from] move: Knock Off|[of] p2a: Tyranocif
|
|-weather|Sandstorm|[upkeep]
|-heal|p2a: Tyranocif|77/100|[from] item: Leftovers
|upkeep
|turn|8
|
|t:|1781378850
|switch|p2a: Marill me|Garchomp, F|84/100
|-damage|p2a: Marill me|78/100|[from] Stealth Rock
|move|p1a: Great Tusk|Ice Spinner|p2a: Marill me
|-supereffective|p2a: Marill me
|-damage|p2a: Marill me|12/100
|-damage|p1a: Great Tusk|71/100|[from] ability: Rough Skin|[of] p2a: Marill me
|-damage|p1a: Great Tusk|55/100|[from] item: Rocky Helmet|[of] p2a: Marill me
|
|-weather|Sandstorm|[upkeep]
|upkeep
|turn|9
|
|t:|1781378855
|-end|p1a: Great Tusk|Protosynthesis|[silent]
|switch|p1a: Greninja|Greninja, F|95/100
|move|p2a: Marill me|Spikes|p1a: Greninja
|-sidestart|p1: GreninjaMyFav|Spikes
|
|-weather|Sandstorm|[upkeep]
|-damage|p1a: Greninja|89/100|[from] Sandstorm
|upkeep
|turn|10
|
|t:|1781378858
|move|p1a: Greninja|Ice Beam|p2a: Marill me
|-start|p1a: Greninja|typechange|Ice|[from] ability: Protean
|-supereffective|p2a: Marill me
|-damage|p2a: Marill me|0 fnt
|faint|p2a: Marill me
|
|-weather|none
|upkeep
|
|t:|1781378861
|switch|p2a: kaboom|Metagross|100/100
|-damage|p2a: kaboom|95/100|[from] Stealth Rock
|turn|11
|
|t:|1781378878
|switch|p1a: Raging Bolt|Raging Bolt|100/100
|-damage|p1a: Raging Bolt|88/100|[from] Spikes
|move|p2a: kaboom|Heavy Slam|p1a: Raging Bolt
|-resisted|p1a: Raging Bolt
|-damage|p1a: Raging Bolt|71/100
|
|upkeep
|turn|12
|
|t:|1781378883
|switch|p2a: Tyranocif|Tyranitar, F|77/100
|-damage|p2a: Tyranocif|65/100|[from] Stealth Rock
|-weather|Sandstorm|[from] ability: Sand Stream|[of] p2a: Tyranocif
|move|p1a: Raging Bolt|Volt Switch|p2a: Tyranocif
|-damage|p2a: Tyranocif|37/100
|
|t:|1781378885
|-end|p1a: Raging Bolt|Protosynthesis|[silent]
|switch|p1a: Great Tusk|Great Tusk|55/100|[from] Volt Switch
|-damage|p1a: Great Tusk|42/100|[from] Spikes
|
|-weather|Sandstorm|[upkeep]
|-heal|p2a: Tyranocif|44/100|[from] item: Leftovers
|upkeep
|turn|13
|
|t:|1781378891
|move|p1a: Great Tusk|Headlong Rush|p2a: Tyranocif
|-supereffective|p2a: Tyranocif
|-damage|p2a: Tyranocif|0 fnt
|-unboost|p1a: Great Tusk|def|1
|-unboost|p1a: Great Tusk|spd|1
|faint|p2a: Tyranocif
|
|-weather|Sandstorm|[upkeep]
|upkeep
|
|t:|1781378893
|switch|p2a: He pulten on it|Dragapult, M|84/100
|turn|14
|
|t:|1781378896
|-end|p1a: Great Tusk|Protosynthesis|[silent]
|switch|p1a: Slowking|Slowking-Galar, M|100/100
|move|p2a: He pulten on it|Will-O-Wisp|p1a: Slowking
|-status|p1a: Slowking|brn
|
|-weather|Sandstorm|[upkeep]
|-damage|p2a: He pulten on it|78/100|[from] Sandstorm
|-damage|p1a: Slowking|94/100 brn|[from] Sandstorm
|-damage|p1a: Slowking|88/100 brn|[from] brn
|upkeep
|turn|15
|
|t:|1781378899
|move|p2a: He pulten on it|Hex|p1a: Slowking
|-supereffective|p1a: Slowking
|-damage|p1a: Slowking|24/100 brn
|move|p1a: Slowking|Thunder Wave|p2a: He pulten on it
|-status|p2a: He pulten on it|par
|
|-weather|Sandstorm|[upkeep]
|-damage|p2a: He pulten on it|72/100 par|[from] Sandstorm
|-damage|p1a: Slowking|18/100 brn|[from] Sandstorm
|-damage|p1a: Slowking|12/100 brn|[from] brn
|upkeep
|turn|16
|
|t:|1781378904
|move|p2a: He pulten on it|Hex|p1a: Slowking
|-supereffective|p1a: Slowking
|-damage|p1a: Slowking|0 fnt
|faint|p1a: Slowking
|
|-weather|none
|upkeep
|
|t:|1781378907
|switch|p1a: Greninja|Greninja, F|89/100
|-damage|p1a: Greninja|76/100|[from] Spikes
|turn|17
|
|t:|1781378909
|move|p1a: Greninja|Ice Beam|p2a: He pulten on it
|-start|p1a: Greninja|typechange|Ice|[from] ability: Protean
|-supereffective|p2a: He pulten on it
|-damage|p2a: He pulten on it|0 fnt
|faint|p2a: He pulten on it
|
|upkeep
|
|t:|1781378912
|switch|p2a: kaboom|Metagross|95/100
|-damage|p2a: kaboom|89/100|[from] Stealth Rock
|turn|18
|j| DA COME UP
|
|t:|1781378924
|switch|p1a: Raging Bolt|Raging Bolt|71/100
|-damage|p1a: Raging Bolt|59/100|[from] Spikes
|move|p2a: kaboom|Earthquake|p1a: Raging Bolt
|-supereffective|p1a: Raging Bolt
|-damage|p1a: Raging Bolt|0 fnt
|faint|p1a: Raging Bolt
|-end|p1a: Raging Bolt|Protosynthesis|[silent]
|
|upkeep
|
|t:|1781378928
|switch|p1a: Kingambit|Kingambit, F|100/100
|-damage|p1a: Kingambit|88/100|[from] Spikes
|-activate|p1a: Kingambit|ability: Supreme Overlord
|-start|p1a: Kingambit|fallen3|[silent]
|turn|19
|
|t:|1781378934
|-terastallize|p1a: Kingambit|Dark
|move|p2a: kaboom|Earthquake|p1a: Kingambit
|-damage|p1a: Kingambit|48/100
|move|p1a: Kingambit|Kowtow Cleave|p2a: kaboom
|-supereffective|p2a: kaboom
|-damage|p2a: kaboom|0 fnt
|faint|p2a: kaboom
|
|upkeep
|
|t:|1781378942
|switch|p2a: The goot|Goodra-Hisui, M|93/100
|-damage|p2a: The goot|87/100|[from] Stealth Rock
|turn|20
|
|t:|1781378947
|-end|p1a: Kingambit|fallen3|[silent]
|switch|p1a: Greninja|Greninja, F|76/100
|-damage|p1a: Greninja|64/100|[from] Spikes
|move|p2a: The goot|Ice Beam|p1a: Greninja
|-resisted|p1a: Greninja
|-damage|p1a: Greninja|29/100
|
|upkeep
|turn|21
|
|t:|1781378949
|move|p1a: Greninja|Ice Beam|p2a: The goot
|-start|p1a: Greninja|typechange|Ice|[from] ability: Protean
|-damage|p2a: The goot|37/100
|move|p2a: The goot|Ice Beam|p1a: Greninja
|-resisted|p1a: Greninja
|-damage|p1a: Greninja|0 fnt
|faint|p1a: Greninja
|
|upkeep
|
|t:|1781378952
|switch|p1a: Great Tusk|Great Tusk|42/100
|-damage|p1a: Great Tusk|30/100|[from] Spikes
|turn|22
|
|t:|1781378954
|move|p1a: Great Tusk|Headlong Rush|p2a: The goot
|-supereffective|p2a: The goot
|-damage|p2a: The goot|0 fnt
|-unboost|p1a: Great Tusk|def|1
|-unboost|p1a: Great Tusk|spd|1
|-ability|p2a: The goot|Gooey
|-unboost|p1a: Great Tusk|spe|1
|faint|p2a: The goot
|
|upkeep
|
|t:|1781378956
|switch|p2a: Chud|Dragonite, M|100/100
|turn|23
|
|t:|1781378961
|move|p2a: Chud|Encore|p1a: Great Tusk
|-start|p1a: Great Tusk|Encore
|move|p1a: Great Tusk|Headlong Rush|p2a: Chud
|-immune|p2a: Chud
|
|upkeep
|turn|24
|
|t:|1781378964
|-end|p1a: Great Tusk|Protosynthesis|[silent]
|switch|p1a: Kingambit|Kingambit, F, tera:Dark|48/100
|-damage|p1a: Kingambit|35/100|[from] Spikes
|-activate|p1a: Kingambit|ability: Supreme Overlord
|-start|p1a: Kingambit|fallen4|[silent]
|move|p2a: Chud|Dragon Dance|p2a: Chud
|-boost|p2a: Chud|atk|1
|-boost|p2a: Chud|spe|1
|
|upkeep
|turn|25
|
|t:|1781378968
|-terastallize|p2a: Chud|Normal
|move|p2a: Chud|Extreme Speed|p1a: Kingambit
|-damage|p1a: Kingambit|0 fnt
|faint|p1a: Kingambit
|-end|p1a: Kingambit|fallen4|[silent]
|
|upkeep
|c|☆extra-pseudo man|gg
|c|☆GreninjaMyFav|gg
|-message|GreninjaMyFav forfeited.
|
|win|extra-pseudo man
|raw|GreninjaMyFav's rating: 1770 &rarr; <strong>1747</strong><br />(-23 for losing)
|raw|extra-pseudo man's rating: 1726 &rarr; <strong>1749</strong><br />(+23 for winning)
|l|☆extra-pseudo man
|player|p2|
|l|☆GreninjaMyFav
|player|p1|
|l| Boga Liso
