|j|☆Johnny tots
|j|☆juli<33
|t:|1781198098
|gametype|singles
|player|p1|Johnny tots|170|1825
|player|p2|juli<33|irida|1787
|gen|9
|tier|[Gen 9] OU
|rated|
|rule|HP Percentage Mod: HP is shown in percentages
|rule|Endless Battle Clause: Forcing endless battles is banned
|rule|Species Clause: Limit one of each Pokémon
|rule|OHKO Clause: OHKO moves are banned
|rule|Evasion Items Clause: Evasion items are banned
|rule|Evasion Moves Clause: Evasion moves are banned
|rule|Evasion Abilities Clause: Evasion abilities are banned
|rule|Sleep Moves Clause: Sleep-inducing moves are banned
|clearpoke
|poke|p1|Klefki, F|
|poke|p1|Manaphy|
|poke|p1|Kyurem|
|poke|p1|Cinderace, F|
|poke|p1|Iron Valiant|
|poke|p1|Clefable, F|
|poke|p2|Great Tusk|
|poke|p2|Slowking-Galar, M|
|poke|p2|Corviknight, F|
|poke|p2|Clefable, F|
|poke|p2|Samurott-Hisui, M|
|poke|p2|Dragapult, F|
|teampreview
|inactive|Battle timer is ON: inactive players will automatically lose when time's up. (requested by juli<33)
|
|t:|1781198111
|teamsize|p1|6
|teamsize|p2|6
|start
|switch|p1a: Klefki|Klefki, F|100/100
|switch|p2a: P!nk|Clefable, F|100/100
|turn|1
|
|t:|1781198114
|move|p1a: Klefki|Thunder Wave|p2a: P!nk
|-status|p2a: P!nk|par
|move|p2a: P!nk|Knock Off|p1a: Klefki
|-resisted|p1a: Klefki
|-damage|p1a: Klefki|95/100
|-enditem|p1a: Klefki|Light Clay|[from] move: Knock Off|[of] p2a: P!nk
|
|upkeep
|turn|2
|
|t:|1781198117
|move|p1a: Klefki|Spikes|p2a: P!nk
|-sidestart|p2: juli<33|Spikes
|move|p2a: P!nk|Stealth Rock|p1a: Klefki
|-sidestart|p1: Johnny tots|move: Stealth Rock
|
|upkeep
|turn|3
|
|t:|1781198126
|switch|p2a: Loxodonta|Great Tusk|100/100
|-damage|p2a: Loxodonta|88/100|[from] Spikes
|move|p1a: Klefki|Reflect|p1a: Klefki
|-sidestart|p1: Johnny tots|Reflect
|
|-heal|p2a: Loxodonta|94/100|[from] item: Leftovers
|upkeep
|turn|4
|
|t:|1781198137
|switch|p1a: Manaphy|Manaphy|100/100
|-damage|p1a: Manaphy|88/100|[from] Stealth Rock
|move|p2a: Loxodonta|Rapid Spin|p1a: Manaphy
|-damage|p1a: Manaphy|81/100
|-boost|p2a: Loxodonta|spe|1
|-sideend|p2: juli<33|Spikes|[from] move: Rapid Spin|[of] p2a: Loxodonta
|
|-heal|p2a: Loxodonta|100/100|[from] item: Leftovers
|-heal|p1a: Manaphy|87/100|[from] item: Leftovers
|upkeep
|turn|5
|
|t:|1781198152
|move|p2a: Loxodonta|Headlong Rush|p1a: Manaphy
|-damage|p1a: Manaphy|60/100
|-unboost|p2a: Loxodonta|def|1
|-unboost|p2a: Loxodonta|spd|1
|move|p1a: Manaphy|Scald|p2a: Loxodonta
|-supereffective|p2a: Loxodonta
|-damage|p2a: Loxodonta|0 fnt
|faint|p2a: Loxodonta
|-end|p2a: Loxodonta|Protosynthesis|[silent]
|
|-heal|p1a: Manaphy|66/100|[from] item: Leftovers
|upkeep
|
|t:|1781198156
|switch|p2a: Alchemist|Slowking-Galar, M|100/100
|turn|6
|
|t:|1781198160
|switch|p1a: Cinderace|Cinderace, F|100/100
|move|p2a: Alchemist|Sludge Bomb|p1a: Cinderace
|-damage|p1a: Cinderace|45/100
|-status|p1a: Cinderace|psn
|
|-damage|p1a: Cinderace|32/100 psn|[from] psn
|upkeep
|turn|7
|
|t:|1781198167
|move|p1a: Cinderace|Court Change|p1a: Cinderace
|-swapsideconditions
|-activate|p1a: Cinderace|move: Court Change
|move|p2a: Alchemist|Sludge Bomb|p1a: Cinderace
|-damage|p1a: Cinderace|0 fnt
|faint|p1a: Cinderace
|
|-sideend|p2: juli<33|Reflect
|upkeep
|
|t:|1781198171
|switch|p1a: Kyurem|Kyurem|100/100
|-ability|p1a: Kyurem|Pressure
|turn|8
|
|t:|1781198174
|move|p1a: Kyurem|Dragon Dance|p1a: Kyurem
|-boost|p1a: Kyurem|atk|1
|-boost|p1a: Kyurem|spe|1
|move|p2a: Alchemist|Sludge Bomb|p1a: Kyurem
|-damage|p1a: Kyurem|61/100
|
|upkeep
|turn|9
|
|t:|1781198187
|move|p1a: Kyurem|Icicle Spear|p2a: Alchemist
|-damage|p2a: Alchemist|78/100
|-damage|p2a: Alchemist|56/100
|-damage|p2a: Alchemist|32/100
|-damage|p2a: Alchemist|10/100
|-damage|p2a: Alchemist|0 fnt
|faint|p2a: Alchemist
|-hitcount|p2: Alchemist|5
|
|upkeep
|
|t:|1781198196
|switch|p2a: Voyageur|Corviknight, F|100/100
|-damage|p2a: Voyageur|88/100|[from] Stealth Rock
|-ability|p2a: Voyageur|Pressure
|turn|10
|
|t:|1781198210
|-terastallize|p1a: Kyurem|Ghost
|move|p1a: Kyurem|Dragon Dance|p1a: Kyurem
|-boost|p1a: Kyurem|atk|1
|-boost|p1a: Kyurem|spe|1
|move|p2a: Voyageur|Iron Defense|p2a: Voyageur
|-boost|p2a: Voyageur|def|2
|
|upkeep
|turn|11
|
|t:|1781198214
|move|p1a: Kyurem|Icicle Spear|p2a: Voyageur
|-damage|p2a: Voyageur|80/100
|-damage|p2a: Voyageur|71/100
|-damage|p2a: Voyageur|62/100
|-damage|p2a: Voyageur|52/100
|-damage|p2a: Voyageur|43/100
|-hitcount|p2a: Voyageur|5
|move|p2a: Voyageur|Iron Defense|p2a: Voyageur
|-boost|p2a: Voyageur|def|2
|
|upkeep
|turn|12
|
|t:|1781198219
|move|p1a: Kyurem|Shadow Claw|p2a: Voyageur
|-damage|p2a: Voyageur|28/100
|-damage|p1a: Kyurem|44/100|[from] item: Rocky Helmet|[of] p2a: Voyageur
|move|p2a: Voyageur|Roost|p2a: Voyageur
|-heal|p2a: Voyageur|78/100
|-singleturn|p2a: Voyageur|move: Roost
|
|upkeep
|turn|13
|
|t:|1781198225
|move|p1a: Kyurem|Icicle Spear|p2a: Voyageur
|-damage|p2a: Voyageur|72/100
|-damage|p2a: Voyageur|66/100
|-damage|p2a: Voyageur|60/100
|-damage|p2a: Voyageur|54/100
|-damage|p2a: Voyageur|49/100
|-hitcount|p2a: Voyageur|5
|move|p2a: Voyageur|Brave Bird|p1a: Kyurem
|-damage|p1a: Kyurem|8/100
|-damage|p2a: Voyageur|37/100|[from] Recoil
|
|upkeep
|turn|14
|
|t:|1781198234
|switch|p1a: Manaphy|Manaphy|66/100
|move|p2a: Voyageur|Roost|p2a: Voyageur
|-heal|p2a: Voyageur|87/100
|-singleturn|p2a: Voyageur|move: Roost
|
|-heal|p1a: Manaphy|73/100|[from] item: Leftovers
|upkeep
|turn|15
|
|t:|1781198244
|move|p1a: Manaphy|Scald|p2a: Voyageur
|-damage|p2a: Voyageur|48/100
|move|p2a: Voyageur|Brave Bird|p1a: Manaphy
|-damage|p1a: Manaphy|39/100
|-damage|p2a: Voyageur|37/100|[from] Recoil
|
|-heal|p1a: Manaphy|45/100|[from] item: Leftovers
|upkeep
|turn|16
|
|t:|1781198251
|switch|p2a: Bull's-eye|Dragapult, F|100/100
|-damage|p2a: Bull's-eye|88/100|[from] Stealth Rock
|move|p1a: Manaphy|Acid Armor|p1a: Manaphy
|-boost|p1a: Manaphy|def|2
|
|-heal|p1a: Manaphy|51/100|[from] item: Leftovers
|upkeep
|turn|17
|
|t:|1781198265
|switch|p1a: Kyurem|Kyurem, tera:Ghost|8/100
|-ability|p1a: Kyurem|Pressure
|move|p2a: Bull's-eye|Thunderbolt|p1a: Kyurem
|-damage|p1a: Kyurem|0 fnt
|faint|p1a: Kyurem
|
|upkeep
|
|t:|1781198274
|switch|p1a: Iron Valiant|Iron Valiant|100/100
|-enditem|p1a: Iron Valiant|Booster Energy
|-activate|p1a: Iron Valiant|ability: Quark Drive|[fromitem]
|-start|p1a: Iron Valiant|quarkdrivespe
|turn|18
|
|t:|1781198279
|switch|p2a: P!nk|Clefable, F|100/100 par
|move|p1a: Iron Valiant|Calm Mind|p1a: Iron Valiant
|-boost|p1a: Iron Valiant|spa|1
|-boost|p1a: Iron Valiant|spd|1
|
|upkeep
|turn|19
|
|t:|1781198284
|move|p1a: Iron Valiant|Moonblast|p2a: P!nk
|-damage|p2a: P!nk|37/100 par
|cant|p2a: P!nk|par
|
|-heal|p2a: P!nk|43/100 par|[from] item: Leftovers
|upkeep
|turn|20
|
|t:|1781198288
|move|p1a: Iron Valiant|Moonblast|p2a: P!nk
|-damage|p2a: P!nk|0 fnt
|faint|p2a: P!nk
|
|upkeep
|-message|juli<33 forfeited.
|
|win|Johnny tots
|raw|Johnny tots's rating: 1825 &rarr; <strong>1843</strong><br />(+18 for winning)
|raw|juli&lt;33's rating: 1787 &rarr; <strong>1769</strong><br />(-18 for losing)
|l|☆juli<33
|player|p2|
|l|☆Johnny tots
|player|p1|
