|j|☆Archerdadon
|j|☆testingyup
|t:|1781548021
|gametype|singles
|player|p1|Archerdadon|marshal|1563
|player|p2|testingyup|marlon|1578
|gen|9
|tier|[Gen 9] OU
|rated|
|rule|HP Percentage Mod: HP is shown in percentages
|rule|Endless Battle Clause: Forcing endless battles is banned
|rule|Species Clause: Limit one of each Pokémon
|rule|OHKO Clause: OHKO moves are banned
|rule|Evasion Items Clause: Evasion items are banned
|rule|Evasion Moves Clause: Evasion moves are banned
|rule|Evasion Abilities Clause: Evasion abilities are banned
|rule|Sleep Moves Clause: Sleep-inducing moves are banned
|clearpoke
|poke|p1|Dondozo, F|
|poke|p1|Great Tusk|
|poke|p1|Ting-Lu|
|poke|p1|Glimmora, F|
|poke|p1|Primarina, F|
|poke|p1|Hydrapple, F|
|poke|p2|Skeledirge, F|
|poke|p2|Kyurem|
|poke|p2|Cinderace, F|
|poke|p2|Ogerpon-Wellspring, F|
|poke|p2|Pecharunt|
|poke|p2|Tornadus-Therian, M|
|teampreview
|inactive|Battle timer is ON: inactive players will automatically lose when time's up. (requested by testingyup)
|
|t:|1781548026
|teamsize|p1|6
|teamsize|p2|6
|start
|switch|p1a: Glimmora|Glimmora, F|100/100
|switch|p2a: Tornadus|Tornadus-Therian, M|100/100
|turn|1
|
|t:|1781548033
|move|p1a: Glimmora|Power Gem|p2a: Tornadus
|-supereffective|p2a: Tornadus
|-damage|p2a: Tornadus|54/100
|move|p2a: Tornadus|Bleakwind Storm|p1a: Glimmora
|-resisted|p1a: Glimmora
|-damage|p1a: Glimmora|74/100
|-unboost|p1a: Glimmora|spe|1
|
|upkeep
|turn|2
|
|t:|1781548047
|move|p2a: Tornadus|Bleakwind Storm|p1a: Glimmora|[miss]
|-miss|p2a: Tornadus|p1a: Glimmora
|move|p1a: Glimmora|Power Gem|p2a: Tornadus
|-supereffective|p2a: Tornadus
|-damage|p2a: Tornadus|3/100
|
|upkeep
|turn|3
|
|t:|1781548055
|move|p2a: Tornadus|U-turn|p1a: Glimmora
|-resisted|p1a: Glimmora
|-damage|p1a: Glimmora|65/100
|-activate|p1a: Glimmora|ability: Toxic Debris
|-sidestart|p2: testingyup|move: Toxic Spikes
|
|t:|1781548057
|switch|p2a: Pecharunt|Pecharunt|100/100|[from] U-turn
|-sideend|p2: testingyup|move: Toxic Spikes|[of] p2a: Pecharunt
|move|p1a: Glimmora|Earth Power|p2a: Pecharunt
|-supereffective|p2a: Pecharunt
|-damage|p2a: Pecharunt|19/100
|
|upkeep
|turn|4
|
|t:|1781548066
|move|p2a: Pecharunt|Parting Shot|p1a: Glimmora
|-unboost|p1a: Glimmora|atk|1
|-unboost|p1a: Glimmora|spa|1
|
|t:|1781548068
|switch|p2a: Tornadus|Tornadus-Therian, M|36/100|[from] Parting Shot
|move|p1a: Glimmora|Earth Power|p2a: Tornadus
|-immune|p2a: Tornadus
|
|upkeep
|turn|5
|
|t:|1781548074
|move|p2a: Tornadus|Bleakwind Storm|p1a: Glimmora
|-resisted|p1a: Glimmora
|-damage|p1a: Glimmora|40/100
|move|p1a: Glimmora|Power Gem|p2a: Tornadus
|-supereffective|p2a: Tornadus
|-damage|p2a: Tornadus|7/100
|
|upkeep
|turn|6
|
|t:|1781548082
|move|p2a: Tornadus|Bleakwind Storm|p1a: Glimmora|[miss]
|-miss|p2a: Tornadus|p1a: Glimmora
|move|p1a: Glimmora|Earth Power|p2a: Tornadus
|-immune|p2a: Tornadus
|
|upkeep
|turn|7
|
|t:|1781548090
|move|p2a: Tornadus|Bleakwind Storm|p1a: Glimmora|[miss]
|-miss|p2a: Tornadus|p1a: Glimmora
|move|p1a: Glimmora|Earth Power|p2a: Tornadus
|-immune|p2a: Tornadus
|
|upkeep
|turn|8
|
|t:|1781548092
|move|p2a: Tornadus|Bleakwind Storm|p1a: Glimmora
|-resisted|p1a: Glimmora
|-damage|p1a: Glimmora|15/100
|-unboost|p1a: Glimmora|spe|1
|move|p1a: Glimmora|Earth Power|p2a: Tornadus
|-immune|p2a: Tornadus
|
|upkeep
|turn|9
|
|t:|1781548096
|move|p2a: Tornadus|Bleakwind Storm|p1a: Glimmora
|-resisted|p1a: Glimmora
|-damage|p1a: Glimmora|0 fnt
|faint|p1a: Glimmora
|
|upkeep
|
|t:|1781548101
|switch|p1a: Ting-Lu|Ting-Lu|100/100
|-ability|p1a: Ting-Lu|Vessel of Ruin
|turn|10
|
|t:|1781548107
|move|p2a: Tornadus|Knock Off|p1a: Ting-Lu
|-resisted|p1a: Ting-Lu
|-damage|p1a: Ting-Lu|95/100
|-enditem|p1a: Ting-Lu|Leftovers|[from] move: Knock Off|[of] p2a: Tornadus
|move|p1a: Ting-Lu|Payback|p2a: Tornadus
|-damage|p2a: Tornadus|0 fnt
|faint|p2a: Tornadus
|
|upkeep
|
|t:|1781548115
|switch|p2a: Ogerpon|Ogerpon-Wellspring, F|100/100
|turn|11
|
|t:|1781548119
|switch|p1a: Hydrapple|Hydrapple, F|100/100
|move|p2a: Ogerpon|Swords Dance|p2a: Ogerpon
|-boost|p2a: Ogerpon|atk|2
|
|upkeep
|turn|12
|
|t:|1781548127
|switch|p2a: Pecharunt|Pecharunt|19/100
|move|p1a: Hydrapple|Fickle Beam|p2a: Pecharunt
|-damage|p2a: Pecharunt|0 fnt
|faint|p2a: Pecharunt
|
|upkeep
|
|t:|1781548134
|switch|p2a: Skeledirge|Skeledirge, F|100/100
|turn|13
|
|t:|1781548145
|switch|p1a: Primarina|Primarina, F|100/100
|move|p2a: Skeledirge|Torch Song|p1a: Primarina
|-resisted|p1a: Primarina
|-damage|p1a: Primarina|91/100
|-boost|p2a: Skeledirge|spa|1
|
|upkeep
|turn|14
|
|t:|1781548159
|switch|p2a: Ogerpon|Ogerpon-Wellspring, F|100/100
|move|p1a: Primarina|Psychic Noise|p2a: Ogerpon
|-immune|p2a: Ogerpon|[from] ability: Water Absorb
|
|upkeep
|turn|15
|
|t:|1781548166
|switch|p1a: Hydrapple|Hydrapple, F|100/100
|move|p2a: Ogerpon|Knock Off|p1a: Hydrapple
|-damage|p1a: Hydrapple|77/100
|-damage|p2a: Ogerpon|84/100|[from] item: Rocky Helmet|[of] p1a: Hydrapple
|-enditem|p1a: Hydrapple|Rocky Helmet|[from] move: Knock Off|[of] p2a: Ogerpon
|
|upkeep
|turn|16
|
|t:|1781548171
|switch|p2a: Skeledirge|Skeledirge, F|100/100
|move|p1a: Hydrapple|Fickle Beam|p2a: Skeledirge
|-damage|p2a: Skeledirge|76/100
|
|-heal|p2a: Skeledirge|82/100|[from] item: Leftovers
|upkeep
|turn|17
|
|t:|1781548179
|switch|p1a: Primarina|Primarina, F|91/100
|move|p2a: Skeledirge|Shadow Ball|p1a: Primarina
|-damage|p1a: Primarina|72/100
|
|-heal|p2a: Skeledirge|88/100|[from] item: Leftovers
|upkeep
|turn|18
|
|t:|1781548185
|-terastallize|p2a: Skeledirge|Water
|move|p2a: Skeledirge|Torch Song|p1a: Primarina
|-resisted|p1a: Primarina
|-damage|p1a: Primarina|63/100
|-boost|p2a: Skeledirge|spa|1
|move|p1a: Primarina|Moonblast|p2a: Skeledirge
|-damage|p2a: Skeledirge|46/100
|
|-heal|p2a: Skeledirge|52/100|[from] item: Leftovers
|upkeep
|turn|19
|
|t:|1781548196
|move|p2a: Skeledirge|Torch Song|p1a: Primarina
|-resisted|p1a: Primarina
|-damage|p1a: Primarina|51/100
|-boost|p2a: Skeledirge|spa|1
|move|p1a: Primarina|Moonblast|p2a: Skeledirge
|-damage|p2a: Skeledirge|11/100
|-unboost|p2a: Skeledirge|spa|1
|
|-heal|p2a: Skeledirge|17/100|[from] item: Leftovers
|upkeep
|turn|20
|
|t:|1781548204
|move|p2a: Skeledirge|Slack Off|p2a: Skeledirge
|-heal|p2a: Skeledirge|67/100
|move|p1a: Primarina|Psychic Noise|p2a: Skeledirge
|-resisted|p2a: Skeledirge
|-damage|p2a: Skeledirge|50/100
|-start|p2a: Skeledirge|move: Heal Block
|
|upkeep
|turn|21
|
|t:|1781548207
|move|p2a: Skeledirge|Shadow Ball|p1a: Primarina
|-damage|p1a: Primarina|21/100
|-unboost|p1a: Primarina|spd|1
|move|p1a: Primarina|Moonblast|p2a: Skeledirge
|-damage|p2a: Skeledirge|3/100
|
|-end|p2a: Skeledirge|move: Heal Block
|upkeep
|turn|22
|
|t:|1781548217
|move|p2a: Skeledirge|Slack Off|p2a: Skeledirge
|-heal|p2a: Skeledirge|54/100
|move|p1a: Primarina|Psychic Noise|p2a: Skeledirge
|-resisted|p2a: Skeledirge
|-damage|p2a: Skeledirge|37/100
|-start|p2a: Skeledirge|move: Heal Block
|
|upkeep
|turn|23
|
|t:|1781548223
|switch|p1a: Ting-Lu|Ting-Lu|95/100
|-ability|p1a: Ting-Lu|Vessel of Ruin
|move|p2a: Skeledirge|Shadow Ball|p1a: Ting-Lu
|-resisted|p1a: Ting-Lu
|-crit|p1a: Ting-Lu
|-damage|p1a: Ting-Lu|81/100
|
|-end|p2a: Skeledirge|move: Heal Block
|upkeep
|turn|24
|
|t:|1781548229
|move|p2a: Skeledirge|Slack Off|p2a: Skeledirge
|-heal|p2a: Skeledirge|87/100
|move|p1a: Ting-Lu|Earthquake|p2a: Skeledirge
|-damage|p2a: Skeledirge|58/100
|
|-heal|p2a: Skeledirge|64/100|[from] item: Leftovers
|upkeep
|turn|25
|
|t:|1781548235
|switch|p1a: Dondozo|Dondozo, F|100/100
|move|p2a: Skeledirge|Torch Song|p1a: Dondozo
|-resisted|p1a: Dondozo
|-damage|p1a: Dondozo|85/100
|-boost|p2a: Skeledirge|spa|1
|
|-heal|p2a: Skeledirge|71/100|[from] item: Leftovers
|-heal|p1a: Dondozo|91/100|[from] item: Leftovers
|upkeep
|turn|26
|
|t:|1781548240
|move|p2a: Skeledirge|Shadow Ball|p1a: Dondozo
|-damage|p1a: Dondozo|62/100
|move|p1a: Dondozo|Curse|p1a: Dondozo
|-unboost|p1a: Dondozo|spe|1
|-boost|p1a: Dondozo|atk|1
|-boost|p1a: Dondozo|def|1
|
|-heal|p2a: Skeledirge|77/100|[from] item: Leftovers
|-heal|p1a: Dondozo|68/100|[from] item: Leftovers
|upkeep
|turn|27
|
|t:|1781548251
|move|p2a: Skeledirge|Shadow Ball|p1a: Dondozo
|-damage|p1a: Dondozo|35/100
|move|p1a: Dondozo|Waterfall|p2a: Skeledirge
|-resisted|p2a: Skeledirge
|-damage|p2a: Skeledirge|65/100
|
|-heal|p2a: Skeledirge|71/100|[from] item: Leftovers
|-heal|p1a: Dondozo|42/100|[from] item: Leftovers
|upkeep
|turn|28
|
|t:|1781548255
|switch|p1a: Primarina|Primarina, F|21/100
|move|p2a: Skeledirge|Shadow Ball|p1a: Primarina
|-damage|p1a: Primarina|0 fnt
|faint|p1a: Primarina
|
|-heal|p2a: Skeledirge|77/100|[from] item: Leftovers
|upkeep
|
|t:|1781548257
|switch|p1a: Hydrapple|Hydrapple, F|100/100
|turn|29
|
|t:|1781548275
|switch|p2a: Cinderace|Cinderace, F|100/100
|-terastallize|p1a: Hydrapple|Poison
|move|p1a: Hydrapple|Giga Drain|p2a: Cinderace
|-resisted|p2a: Cinderace
|-damage|p2a: Cinderace|77/100
|
|upkeep
|turn|30
|
|t:|1781548283
|move|p2a: Cinderace|Pyro Ball|p1a: Hydrapple
|-damage|p1a: Hydrapple|53/100
|move|p1a: Hydrapple|Earth Power|p2a: Cinderace
|-supereffective|p2a: Cinderace
|-damage|p2a: Cinderace|11/100
|
|upkeep
|turn|31
|
|t:|1781548288
|switch|p1a: Great Tusk|Great Tusk|100/100
|move|p2a: Cinderace|Pyro Ball|p1a: Great Tusk
|-crit|p1a: Great Tusk
|-damage|p1a: Great Tusk|36/100
|-status|p1a: Great Tusk|brn
|
|-damage|p1a: Great Tusk|30/100 brn|[from] brn
|upkeep
|turn|32
|
|t:|1781548294
|move|p2a: Cinderace|Pyro Ball|p1a: Great Tusk|[miss]
|-miss|p2a: Cinderace|p1a: Great Tusk
|move|p1a: Great Tusk|Headlong Rush|p2a: Cinderace
|-supereffective|p2a: Cinderace
|-damage|p2a: Cinderace|0 fnt
|-unboost|p1a: Great Tusk|def|1
|-unboost|p1a: Great Tusk|spd|1
|faint|p2a: Cinderace
|
|-damage|p1a: Great Tusk|24/100 brn|[from] brn
|upkeep
|
|t:|1781548305
|switch|p2a: Ogerpon|Ogerpon-Wellspring, F|84/100
|turn|33
|
|t:|1781548312
|-end|p1a: Great Tusk|Protosynthesis|[silent]
|switch|p1a: Hydrapple|Hydrapple, F, tera:Poison|86/100
|move|p2a: Ogerpon|Swords Dance|p2a: Ogerpon
|-boost|p2a: Ogerpon|atk|2
|
|upkeep
|turn|34
|
|t:|1781548316
|move|p2a: Ogerpon|Ivy Cudgel|p1a: Hydrapple|[anim] Ivy Cudgel Water
|-damage|p1a: Hydrapple|17/100
|move|p1a: Hydrapple|Giga Drain|p2a: Ogerpon
|-damage|p2a: Ogerpon|50/100
|-heal|p1a: Hydrapple|30/100|[from] drain|[of] p2a: Ogerpon
|
|upkeep
|turn|35
|
|t:|1781548322
|switch|p1a: Dondozo|Dondozo, F|42/100
|move|p2a: Ogerpon|Ivy Cudgel|p1a: Dondozo|[anim] Ivy Cudgel Water
|-resisted|p1a: Dondozo
|-crit|p1a: Dondozo
|-damage|p1a: Dondozo|22/100
|
|-heal|p1a: Dondozo|28/100|[from] item: Leftovers
|upkeep
|turn|36
|
|t:|1781548328
|move|p2a: Ogerpon|Trailblaze|p1a: Dondozo
|-supereffective|p1a: Dondozo
|-damage|p1a: Dondozo|0 fnt
|-boost|p2a: Ogerpon|spe|1
|faint|p1a: Dondozo
|
|upkeep
|-message|Archerdadon forfeited.
|
|win|testingyup
|raw|Archerdadon's rating: 1563 &rarr; <strong>1544</strong><br />(-19 for losing)
|raw|testingyup's rating: 1578 &rarr; <strong>1597</strong><br />(+19 for winning)
|l|☆Archerdadon
|player|p1|
|l|☆testingyup
|player|p2|
