|j|☆KurisuChestnutOU
|j|☆Mca Player 11
|t:|1781165805
|gametype|singles
|player|p1|KurisuChestnutOU|may-contest|1649
|player|p2|Mca Player 11|skierf|1592
|gen|9
|tier|[Gen 9] OU
|rated|
|rule|HP Percentage Mod: HP is shown in percentages
|rule|Endless Battle Clause: Forcing endless battles is banned
|rule|Species Clause: Limit one of each Pokémon
|rule|OHKO Clause: OHKO moves are banned
|rule|Evasion Items Clause: Evasion items are banned
|rule|Evasion Moves Clause: Evasion moves are banned
|rule|Evasion Abilities Clause: Evasion abilities are banned
|rule|Sleep Moves Clause: Sleep-inducing moves are banned
|clearpoke
|poke|p1|Hawlucha, F|
|poke|p1|Samurott-Hisui, F|
|poke|p1|Rillaboom, F|
|poke|p1|Gholdengo|
|poke|p1|Kyurem|
|poke|p1|Landorus-Therian, M|
|poke|p2|Deoxys-Speed|
|poke|p2|Iron Moth|
|poke|p2|Zamazenta-*|
|poke|p2|Gholdengo|
|poke|p2|Rillaboom, M|
|poke|p2|Iron Jugulis|
|teampreview
|inactive|Battle timer is ON: inactive players will automatically lose when time's up. (requested by KurisuChestnutOU)
|
|t:|1781165813
|teamsize|p1|6
|teamsize|p2|6
|start
|switch|p1a: Landorus|Landorus-Therian, M|100/100
|switch|p2a: Rillaboom|Rillaboom, M, shiny|100/100
|-ability|p1a: Landorus|Intimidate|boost
|-unboost|p2a: Rillaboom|atk|1
|-fieldstart|move: Grassy Terrain|[from] ability: Grassy Surge|[of] p2a: Rillaboom
|turn|1
|
|t:|1781165819
|switch|p2a: Deoxys|Deoxys-Speed|100/100
|-ability|p2a: Deoxys|Pressure
|move|p1a: Landorus|Stealth Rock|p2a: Deoxys
|-sidestart|p2: Mca Player 11|move: Stealth Rock
|
|upkeep
|turn|2
|
|t:|1781165829
|move|p2a: Deoxys|Stealth Rock|p1a: Landorus
|-sidestart|p1: KurisuChestnutOU|move: Stealth Rock
|move|p1a: Landorus|U-turn|p2a: Deoxys
|-supereffective|p2a: Deoxys
|-damage|p2a: Deoxys|47/100
|-damage|p1a: Landorus|84/100|[from] item: Rocky Helmet|[of] p2a: Deoxys
|
|t:|1781165835
|switch|p1a: Gholdengo|Gholdengo|100/100|[from] U-turn
|-damage|p1a: Gholdengo|94/100|[from] Stealth Rock
|
|-heal|p2a: Deoxys|53/100|[from] Grassy Terrain
|-heal|p1a: Gholdengo|100/100|[from] Grassy Terrain
|upkeep
|turn|3
|
|t:|1781165840
|move|p2a: Deoxys|Spikes|p1a: Gholdengo
|-sidestart|p1: KurisuChestnutOU|Spikes
|move|p1a: Gholdengo|Shadow Ball|p2a: Deoxys
|-supereffective|p2a: Deoxys
|-damage|p2a: Deoxys|0 fnt
|faint|p2a: Deoxys
|
|upkeep
|
|t:|1781165842
|switch|p2a: Iron Jugulis|Iron Jugulis, shiny|100/100
|-damage|p2a: Iron Jugulis|76/100|[from] Stealth Rock
|-enditem|p2a: Iron Jugulis|Booster Energy
|-activate|p2a: Iron Jugulis|ability: Quark Drive|[fromitem]
|-start|p2a: Iron Jugulis|quarkdrivespe
|turn|4
|
|t:|1781165850
|switch|p1a: Samurott|Samurott-Hisui, F|100/100
|-damage|p1a: Samurott|88/100|[from] Stealth Rock
|-damage|p1a: Samurott|76/100|[from] Spikes
|move|p2a: Iron Jugulis|Knock Off|p1a: Samurott
|-resisted|p1a: Samurott
|-damage|p1a: Samurott|60/100
|-enditem|p1a: Samurott|Assault Vest|[from] move: Knock Off|[of] p2a: Iron Jugulis
|
|-heal|p1a: Samurott|66/100|[from] Grassy Terrain
|upkeep
|turn|5
|
|t:|1781165857
|move|p2a: Iron Jugulis|Hurricane|p1a: Samurott
|-damage|p1a: Samurott|17/100
|move|p1a: Samurott|Ceaseless Edge|p2a: Iron Jugulis|[miss]
|-miss|p1a: Samurott|p2a: Iron Jugulis
|
|-heal|p1a: Samurott|23/100|[from] Grassy Terrain
|-fieldend|move: Grassy Terrain
|upkeep
|turn|6
|
|t:|1781165865
|move|p2a: Iron Jugulis|Earth Power|p1a: Samurott
|-damage|p1a: Samurott|0 fnt
|faint|p1a: Samurott
|
|upkeep
|
|t:|1781165867
|switch|p1a: Kyurem|Kyurem|100/100
|-damage|p1a: Kyurem|76/100|[from] Stealth Rock
|-damage|p1a: Kyurem|63/100|[from] Spikes
|-ability|p1a: Kyurem|Pressure
|turn|7
|
|t:|1781165870
|move|p2a: Iron Jugulis|Hurricane|p1a: Kyurem
|-damage|p1a: Kyurem|31/100
|move|p1a: Kyurem|Focus Blast|p2a: Iron Jugulis
|-damage|p2a: Iron Jugulis|21/100
|
|upkeep
|turn|8
|
|t:|1781165877
|move|p2a: Iron Jugulis|Hurricane|p1a: Kyurem
|-damage|p1a: Kyurem|0 fnt
|faint|p1a: Kyurem
|
|upkeep
|
|t:|1781165884
|switch|p1a: Rillaboom|Rillaboom, F|100/100
|-damage|p1a: Rillaboom|88/100|[from] Stealth Rock
|-damage|p1a: Rillaboom|76/100|[from] Spikes
|-fieldstart|move: Grassy Terrain|[from] ability: Grassy Surge|[of] p1a: Rillaboom
|turn|9
|
|t:|1781165887
|move|p1a: Rillaboom|Grassy Glide|p2a: Iron Jugulis
|-resisted|p2a: Iron Jugulis
|-damage|p2a: Iron Jugulis|0 fnt
|faint|p2a: Iron Jugulis
|-end|p2a: Iron Jugulis|Quark Drive|[silent]
|
|-heal|p1a: Rillaboom|82/100|[from] Grassy Terrain
|upkeep
|
|t:|1781165888
|switch|p2a: Iron Moth|Iron Moth, shiny|100/100
|-damage|p2a: Iron Moth|76/100|[from] Stealth Rock
|-enditem|p2a: Iron Moth|Booster Energy
|-activate|p2a: Iron Moth|ability: Quark Drive|[fromitem]
|-start|p2a: Iron Moth|quarkdrivespe
|turn|10
|
|t:|1781165894
|-terastallize|p1a: Rillaboom|Fire
|move|p2a: Iron Moth|Fiery Dance|p1a: Rillaboom
|-resisted|p1a: Rillaboom
|-damage|p1a: Rillaboom|57/100
|-boost|p2a: Iron Moth|spa|1
|move|p1a: Rillaboom|Swords Dance|p1a: Rillaboom
|-boost|p1a: Rillaboom|atk|2
|
|-heal|p2a: Iron Moth|82/100|[from] Grassy Terrain
|-heal|p1a: Rillaboom|64/100|[from] Grassy Terrain
|upkeep
|turn|11
|
|t:|1781165899
|move|p1a: Rillaboom|Grassy Glide|p2a: Iron Moth
|-resisted|p2a: Iron Moth
|-damage|p2a: Iron Moth|53/100
|move|p2a: Iron Moth|Sludge Wave|p1a: Rillaboom
|-damage|p1a: Rillaboom|0 fnt
|faint|p1a: Rillaboom
|
|-heal|p2a: Iron Moth|59/100|[from] Grassy Terrain
|upkeep
|
|t:|1781165905
|switch|p1a: Landorus|Landorus-Therian, M|84/100
|-damage|p1a: Landorus|72/100|[from] Stealth Rock
|-ability|p1a: Landorus|Intimidate|boost
|-unboost|p2a: Iron Moth|atk|1
|turn|12
|
|t:|1781165909
|move|p2a: Iron Moth|Fiery Dance|p1a: Landorus
|-damage|p1a: Landorus|8/100
|move|p1a: Landorus|Earth Power|p2a: Iron Moth
|-supereffective|p2a: Iron Moth
|-damage|p2a: Iron Moth|0 fnt
|faint|p2a: Iron Moth
|-end|p2a: Iron Moth|Quark Drive|[silent]
|
|upkeep
|
|t:|1781165914
|switch|p2a: Rillaboom|Rillaboom, M, shiny|100/100
|-damage|p2a: Rillaboom|88/100|[from] Stealth Rock
|turn|13
|
|t:|1781165917
|move|p2a: Rillaboom|Grassy Glide|p1a: Landorus
|-damage|p1a: Landorus|0 fnt
|-damage|p2a: Rillaboom|72/100|[from] item: Rocky Helmet|[of] p1a: Landorus
|faint|p1a: Landorus
|-damage|p2a: Rillaboom|62/100|[from] item: Life Orb
|
|-heal|p2a: Rillaboom|68/100|[from] Grassy Terrain
|-fieldend|move: Grassy Terrain
|upkeep
|
|t:|1781165921
|switch|p1a: Hawlucha|Hawlucha, F|100/100
|-damage|p1a: Hawlucha|88/100|[from] Stealth Rock
|turn|14
|
|t:|1781165929
|switch|p1a: Gholdengo|Gholdengo|100/100
|-damage|p1a: Gholdengo|94/100|[from] Stealth Rock
|-damage|p1a: Gholdengo|82/100|[from] Spikes
|switch|p2a: Zamazenta|Zamazenta, shiny|100/100
|-damage|p2a: Zamazenta|94/100|[from] Stealth Rock
|-ability|p2a: Zamazenta|Dauntless Shield|boost
|-boost|p2a: Zamazenta|def|1
|
|upkeep
|turn|15
|
|t:|1781165935
|switch|p1a: Hawlucha|Hawlucha, F|88/100
|-damage|p1a: Hawlucha|76/100|[from] Stealth Rock
|move|p2a: Zamazenta|Crunch|p1a: Hawlucha
|-resisted|p1a: Hawlucha
|-damage|p1a: Hawlucha|49/100
|
|upkeep
|turn|16
|
|t:|1781165939
|switch|p1a: Gholdengo|Gholdengo|82/100
|-damage|p1a: Gholdengo|76/100|[from] Stealth Rock
|-damage|p1a: Gholdengo|64/100|[from] Spikes
|move|p2a: Zamazenta|Crunch|p1a: Gholdengo
|-supereffective|p1a: Gholdengo
|-damage|p1a: Gholdengo|0 fnt
|faint|p1a: Gholdengo
|
|upkeep
|
|t:|1781165945
|switch|p1a: Hawlucha|Hawlucha, F|49/100
|-damage|p1a: Hawlucha|37/100|[from] Stealth Rock
|turn|17
|
|t:|1781165950
|move|p2a: Zamazenta|Crunch|p1a: Hawlucha
|-resisted|p1a: Hawlucha
|-damage|p1a: Hawlucha|10/100
|move|p1a: Hawlucha|Acrobatics|p2a: Zamazenta
|-supereffective|p2a: Zamazenta
|-damage|p2a: Zamazenta|63/100
|
|upkeep
|turn|18
|
|t:|1781165954
|move|p2a: Zamazenta|Crunch|p1a: Hawlucha
|-resisted|p1a: Hawlucha
|-damage|p1a: Hawlucha|0 fnt
|faint|p1a: Hawlucha
|
|win|Mca Player 11
|raw|KurisuChestnutOU's rating: 1644 &rarr; <strong>1621</strong><br />(-23 for losing)
|raw|Mca Player 11's rating: 1592 &rarr; <strong>1615</strong><br />(+23 for winning)
|l|☆KurisuChestnutOU
|player|p1|
|l|☆Mca Player 11
|player|p2|
