|j|☆KurisuChestnutOU
|j|☆randomtester4
|t:|1781122291
|gametype|singles
|player|p1|KurisuChestnutOU|may-contest|1580
|player|p2|randomtester4|170|1588
|gen|9
|tier|[Gen 9] OU
|rated|
|rule|HP Percentage Mod: HP is shown in percentages
|rule|Endless Battle Clause: Forcing endless battles is banned
|rule|Species Clause: Limit one of each Pokémon
|rule|OHKO Clause: OHKO moves are banned
|rule|Evasion Items Clause: Evasion items are banned
|rule|Evasion Moves Clause: Evasion moves are banned
|rule|Evasion Abilities Clause: Evasion abilities are banned
|rule|Sleep Moves Clause: Sleep-inducing moves are banned
|clearpoke
|poke|p1|Gliscor, M|
|poke|p1|Dondozo, F|
|poke|p1|Slowking-Galar, F|
|poke|p1|Gholdengo|
|poke|p1|Great Tusk|
|poke|p1|Kingambit, M|
|poke|p2|Glimmora, F|
|poke|p2|Regieleki|
|poke|p2|Kyurem|
|poke|p2|Zamazenta-*|
|poke|p2|Kingambit, M|
|poke|p2|Raging Bolt|
|teampreview
|inactive|Battle timer is ON: inactive players will automatically lose when time's up. (requested by KurisuChestnutOU)
|inactive|randomtester4 also wants the timer to be on.
|
|t:|1781122299
|teamsize|p1|6
|teamsize|p2|6
|start
|switch|p1a: Gholdengo|Gholdengo|100/100
|switch|p2a: Glimmora|Glimmora, F|100/100
|-item|p1a: Gholdengo|Air Balloon
|turn|1
|inactive|randomtester4 has 120 seconds left.
|
|t:|1781122337
|move|p2a: Glimmora|Stealth Rock|p1a: Gholdengo
|-sidestart|p1: KurisuChestnutOU|move: Stealth Rock
|move|p1a: Gholdengo|Shadow Ball|p2a: Glimmora
|-damage|p2a: Glimmora|43/100
|
|upkeep
|turn|2
|inactive|randomtester4 has 120 seconds left.
|
|t:|1781122346
|move|p2a: Glimmora|Spikes|p1a: Gholdengo
|-sidestart|p1: KurisuChestnutOU|Spikes
|move|p1a: Gholdengo|Shadow Ball|p2a: Glimmora
|-damage|p2a: Glimmora|0 fnt
|faint|p2a: Glimmora
|
|upkeep
|inactive|randomtester4 has 120 seconds left.
|inactive|randomtester4 has 90 seconds left.
|inactive|randomtester4 has 60 seconds left.
|
|t:|1781122432
|switch|p2a: Kingambit|Kingambit, M|100/100
|-activate|p2a: Kingambit|ability: Supreme Overlord
|-start|p2a: Kingambit|fallen1|[silent]
|turn|3
|
|t:|1781122440
|switch|p1a: Great Tusk|Great Tusk|100/100
|move|p2a: Kingambit|Kowtow Cleave|p1a: Great Tusk
|-resisted|p1a: Great Tusk
|-damage|p1a: Great Tusk|75/100
|
|upkeep
|turn|4
|inactive|randomtester4 has 30 seconds left.
|inactive|randomtester4 has 20 seconds left.
|
|t:|1781122475
|-end|p2a: Kingambit|fallen1|[silent]
|switch|p2a: Zamazenta|Zamazenta|100/100
|-ability|p2a: Zamazenta|Dauntless Shield|boost
|-boost|p2a: Zamazenta|def|1
|move|p1a: Great Tusk|Rapid Spin|p2a: Zamazenta
|-damage|p2a: Zamazenta|92/100
|-boost|p1a: Great Tusk|spe|1
|-sideend|p1: KurisuChestnutOU|Spikes|[from] move: Rapid Spin|[of] p1a: Great Tusk
|-sideend|p1: KurisuChestnutOU|Stealth Rock|[from] move: Rapid Spin|[of] p1a: Great Tusk
|
|-heal|p2a: Zamazenta|98/100|[from] item: Leftovers
|upkeep
|turn|5
|inactive|randomtester4 has 30 seconds left this turn.
|inactive|randomtester4 has 20 seconds left.
|inactive|randomtester4 has 15 seconds left.
|
|t:|1781122491
|-end|p1a: Great Tusk|Protosynthesis|[silent]
|switch|p1a: Gliscor|Gliscor, M|100/100
|move|p2a: Zamazenta|Body Press|p1a: Gliscor
|-resisted|p1a: Gliscor
|-damage|p1a: Gliscor|83/100
|
|-heal|p2a: Zamazenta|100/100|[from] item: Leftovers
|-status|p1a: Gliscor|tox|[from] item: Toxic Orb
|upkeep
|turn|6
|inactive|randomtester4 has 25 seconds left this turn.
|inactive|randomtester4 has 20 seconds left.
|inactive|randomtester4 has 15 seconds left.
|
|t:|1781122502
|move|p2a: Zamazenta|Iron Defense|p2a: Zamazenta
|-boost|p2a: Zamazenta|def|2
|move|p1a: Gliscor|Spikes|p2a: Zamazenta
|-sidestart|p2: randomtester4|Spikes
|
|-heal|p1a: Gliscor|95/100 tox|[from] ability: Poison Heal
|upkeep
|turn|7
|inactive|randomtester4 has 25 seconds left this turn.
|inactive|randomtester4 has 20 seconds left.
|
|t:|1781122509
|move|p2a: Zamazenta|Iron Defense|p2a: Zamazenta
|-boost|p2a: Zamazenta|def|2
|move|p1a: Gliscor|Spikes|p2a: Zamazenta
|-sidestart|p2: randomtester4|Spikes
|
|-heal|p1a: Gliscor|100/100 tox|[from] ability: Poison Heal
|upkeep
|turn|8
|inactive|randomtester4 has 30 seconds left this turn.
|
|t:|1781122513
|switch|p1a: Dondozo|Dondozo, F|100/100
|move|p2a: Zamazenta|Body Press|p1a: Dondozo
|-damage|p1a: Dondozo|84/100
|
|-heal|p1a: Dondozo|91/100|[from] item: Leftovers
|upkeep
|turn|9
|inactive|randomtester4 has 30 seconds left.
|
|t:|1781122526
|move|p1a: Dondozo|Wave Crash|p2a: Zamazenta
|-damage|p2a: Zamazenta|68/100
|-damage|p1a: Dondozo|84/100|[from] Recoil
|move|p2a: Zamazenta|Roar|p1a: Dondozo
|drag|p1a: Gliscor|Gliscor, M|100/100 tox
|
|-heal|p2a: Zamazenta|74/100|[from] item: Leftovers
|upkeep
|turn|10
|
|t:|1781122533
|move|p2a: Zamazenta|Body Press|p1a: Gliscor
|-resisted|p1a: Gliscor
|-damage|p1a: Gliscor|61/100 tox
|move|p1a: Gliscor|Knock Off|p2a: Zamazenta
|-resisted|p2a: Zamazenta
|-damage|p2a: Zamazenta|72/100
|-enditem|p2a: Zamazenta|Leftovers|[from] move: Knock Off|[of] p1a: Gliscor
|
|-heal|p1a: Gliscor|74/100 tox|[from] ability: Poison Heal
|upkeep
|turn|11
|
|t:|1781122541
|move|p2a: Zamazenta|Crunch|p1a: Gliscor
|-damage|p1a: Gliscor|61/100 tox
|move|p1a: Gliscor|Spikes|p2a: Zamazenta
|-sidestart|p2: randomtester4|Spikes
|
|-heal|p1a: Gliscor|73/100 tox|[from] ability: Poison Heal
|upkeep
|turn|12
|
|t:|1781122547
|switch|p1a: Dondozo|Dondozo, F|84/100
|move|p2a: Zamazenta|Body Press|p1a: Dondozo
|-damage|p1a: Dondozo|67/100
|
|-heal|p1a: Dondozo|73/100|[from] item: Leftovers
|upkeep
|turn|13
|
|t:|1781122568
|switch|p2a: Regieleki|Regieleki|100/100
|-damage|p2a: Regieleki|76/100|[from] Spikes
|move|p1a: Dondozo|Wave Crash|p2a: Regieleki
|-damage|p2a: Regieleki|0 fnt
|faint|p2a: Regieleki
|-damage|p1a: Dondozo|58/100|[from] Recoil
|
|-heal|p1a: Dondozo|64/100|[from] item: Leftovers
|upkeep
|inactive|randomtester4 has 30 seconds left.
|
|t:|1781122580
|switch|p2a: Raging Bolt|Raging Bolt|100/100
|-damage|p2a: Raging Bolt|76/100|[from] Spikes
|-enditem|p2a: Raging Bolt|Booster Energy
|-activate|p2a: Raging Bolt|ability: Protosynthesis|[fromitem]
|-start|p2a: Raging Bolt|protosynthesisspa
|turn|14
|inactive|randomtester4 has 30 seconds left.
|
|t:|1781122592
|switch|p1a: Slowking|Slowking-Galar, F|100/100
|move|p2a: Raging Bolt|Calm Mind|p2a: Raging Bolt
|-boost|p2a: Raging Bolt|spa|1
|-boost|p2a: Raging Bolt|spd|1
|
|upkeep
|turn|15
|
|t:|1781122600
|move|p2a: Raging Bolt|Thunderbolt|p1a: Slowking
|-damage|p1a: Slowking|60/100
|move|p1a: Slowking|Sludge Bomb|p2a: Raging Bolt
|-damage|p2a: Raging Bolt|55/100
|
|upkeep
|turn|16
|
|t:|1781122607
|switch|p1a: Great Tusk|Great Tusk|75/100
|move|p2a: Raging Bolt|Thunderbolt|p1a: Great Tusk
|-immune|p1a: Great Tusk
|
|upkeep
|turn|17
|
|t:|1781122625
|move|p1a: Great Tusk|Headlong Rush|p2a: Raging Bolt
|-supereffective|p2a: Raging Bolt
|-damage|p2a: Raging Bolt|0 fnt
|-unboost|p1a: Great Tusk|def|1
|-unboost|p1a: Great Tusk|spd|1
|faint|p2a: Raging Bolt
|-end|p2a: Raging Bolt|Protosynthesis|[silent]
|
|upkeep
|
|t:|1781122635
|switch|p2a: Kyurem|Kyurem|100/100
|-damage|p2a: Kyurem|76/100|[from] Spikes
|-ability|p2a: Kyurem|Pressure
|turn|18
|
|t:|1781122645
|-end|p1a: Great Tusk|Protosynthesis|[silent]
|switch|p1a: Slowking|Slowking-Galar, F|93/100
|move|p2a: Kyurem|Substitute|p2a: Kyurem
|-start|p2a: Kyurem|Substitute
|-damage|p2a: Kyurem|51/100
|
|upkeep
|turn|19
|
|t:|1781122652
|move|p2a: Kyurem|Dragon Dance|p2a: Kyurem
|-boost|p2a: Kyurem|atk|1
|-boost|p2a: Kyurem|spe|1
|move|p1a: Slowking|Future Sight|p2a: Kyurem
|-start|p1a: Slowking|move: Future Sight
|
|upkeep
|turn|20
|
|t:|1781122662
|move|p2a: Kyurem|Icicle Spear|p1a: Slowking
|-damage|p1a: Slowking|74/100
|-damage|p1a: Slowking|55/100
|-damage|p1a: Slowking|35/100
|-damage|p1a: Slowking|15/100
|-hitcount|p1a: Slowking|4
|move|p1a: Slowking|Sludge Bomb|p2a: Kyurem
|-end|p2a: Kyurem|Substitute
|
|upkeep
|turn|21
|
|t:|1781122675
|switch|p1a: Kingambit|Kingambit, M|100/100
|-terastallize|p2a: Kyurem|Steel
|move|p2a: Kyurem|Icicle Spear|p1a: Kingambit
|-resisted|p1a: Kingambit
|-damage|p1a: Kingambit|92/100
|-resisted|p1a: Kingambit
|-damage|p1a: Kingambit|84/100
|-resisted|p1a: Kingambit
|-damage|p1a: Kingambit|76/100
|-resisted|p1a: Kingambit
|-crit|p1a: Kingambit
|-damage|p1a: Kingambit|63/100
|-hitcount|p1a: Kingambit|4
|
|-end|p2a: Kyurem|move: Future Sight
|-resisted|p2a: Kyurem
|-damage|p2a: Kyurem|29/100
|-heal|p1a: Kingambit|69/100|[from] item: Leftovers
|upkeep
|turn|22
|
|t:|1781122692
|move|p2a: Kyurem|Icicle Spear|p1a: Kingambit
|-resisted|p1a: Kingambit
|-damage|p1a: Kingambit|61/100
|-resisted|p1a: Kingambit
|-damage|p1a: Kingambit|53/100
|-resisted|p1a: Kingambit
|-damage|p1a: Kingambit|44/100
|-resisted|p1a: Kingambit
|-damage|p1a: Kingambit|36/100
|-hitcount|p1a: Kingambit|4
|move|p1a: Kingambit|Low Kick|p2a: Kyurem
|-supereffective|p2a: Kyurem
|-damage|p2a: Kyurem|0 fnt
|faint|p2a: Kyurem
|
|-heal|p1a: Kingambit|42/100|[from] item: Leftovers
|upkeep
|
|t:|1781122704
|switch|p2a: Zamazenta|Zamazenta|72/100
|-damage|p2a: Zamazenta|47/100|[from] Spikes
|turn|23
|
|t:|1781122710
|-end|p1a: Kingambit|fallenundefined|[silent]
|switch|p1a: Dondozo|Dondozo, F|64/100
|move|p2a: Zamazenta|Body Press|p1a: Dondozo
|-damage|p1a: Dondozo|48/100
|
|-heal|p1a: Dondozo|54/100|[from] item: Leftovers
|upkeep
|turn|24
|
|t:|1781122717
|switch|p2a: Kingambit|Kingambit, M|100/100
|-damage|p2a: Kingambit|76/100|[from] Spikes
|-activate|p2a: Kingambit|ability: Supreme Overlord
|-start|p2a: Kingambit|fallen4|[silent]
|move|p1a: Dondozo|Wave Crash|p2a: Kingambit
|-damage|p2a: Kingambit|42/100
|-damage|p1a: Dondozo|46/100|[from] Recoil
|
|-heal|p1a: Dondozo|52/100|[from] item: Leftovers
|upkeep
|turn|25
|
|t:|1781122728
|move|p2a: Kingambit|Kowtow Cleave|p1a: Dondozo
|-damage|p1a: Dondozo|12/100
|move|p1a: Dondozo|Body Press|p2a: Kingambit
|-supereffective|p2a: Kingambit
|-damage|p2a: Kingambit|0 fnt
|faint|p2a: Kingambit
|-end|p2a: Kingambit|fallen4|[silent]
|
|-heal|p1a: Dondozo|19/100|[from] item: Leftovers
|upkeep
|
|t:|1781122736
|switch|p2a: Zamazenta|Zamazenta|47/100
|-damage|p2a: Zamazenta|22/100|[from] Spikes
|turn|26
|
|t:|1781122741
|-terastallize|p1a: Dondozo|Dragon
|move|p2a: Zamazenta|Body Press|p1a: Dondozo
|-damage|p1a: Dondozo|2/100
|move|p1a: Dondozo|Wave Crash|p2a: Zamazenta
|-damage|p2a: Zamazenta|0 fnt
|faint|p2a: Zamazenta
|-damage|p1a: Dondozo|0 fnt|[from] Recoil
|faint|p1a: Dondozo
|
|win|KurisuChestnutOU
|raw|KurisuChestnutOU's rating: 1480 &rarr; <strong>1506</strong><br />(+26 for winning)
|raw|randomtester4's rating: 1588 &rarr; <strong>1562</strong><br />(-26 for losing)
