|j|☆Ivan丶likeTop
|j|☆lord shiddenfards
|t:|1781596997
|gametype|singles
|player|p1|Ivan丶likeTop|cynthia|1559
|player|p2|lord shiddenfards|blaine|1586
|gen|9
|tier|[Gen 9] OU
|rated|
|rule|HP Percentage Mod: HP is shown in percentages
|rule|Endless Battle Clause: Forcing endless battles is banned
|rule|Species Clause: Limit one of each Pokémon
|rule|OHKO Clause: OHKO moves are banned
|rule|Evasion Items Clause: Evasion items are banned
|rule|Evasion Moves Clause: Evasion moves are banned
|rule|Evasion Abilities Clause: Evasion abilities are banned
|rule|Sleep Moves Clause: Sleep-inducing moves are banned
|clearpoke
|poke|p1|Iron Valiant|
|poke|p1|Great Tusk|
|poke|p1|Mamoswine, F|
|poke|p1|Ogerpon, F|
|poke|p1|Raging Bolt|
|poke|p1|Moltres|
|poke|p2|Ninetales, F|
|poke|p2|Great Tusk|
|poke|p2|Slither Wing|
|poke|p2|Alomomola, M|
|poke|p2|Iron Moth|
|poke|p2|Raging Bolt|
|teampreview
|inactive|Battle timer is ON: inactive players will automatically lose when time's up. (requested by Ivan丶likeTop)
|
|t:|1781597008
|teamsize|p1|6
|teamsize|p2|6
|start
|switch|p1a: Raging Bolt|Raging Bolt|100/100
|switch|p2a: Slither Wing|Slither Wing|100/100
|turn|1
|
|t:|1781597018
|move|p2a: Slither Wing|Earthquake|p1a: Raging Bolt
|-supereffective|p1a: Raging Bolt
|-damage|p1a: Raging Bolt|0 fnt
|faint|p1a: Raging Bolt
|-end|p1a: Raging Bolt|Protosynthesis|[silent]
|
|upkeep
|
|t:|1781597041
|switch|p1a: Mamoswine|Mamoswine, F|100/100
|turn|2
|
|t:|1781597049
|-end|p2a: Slither Wing|Protosynthesis|[silent]
|switch|p2a: Alomomola|Alomomola, M|100/100
|move|p1a: Mamoswine|Knock Off|p2a: Alomomola
|-damage|p2a: Alomomola|62/100
|-enditem|p2a: Alomomola|Eject Button|[from] move: Knock Off|[of] p1a: Mamoswine
|
|upkeep
|turn|3
|
|t:|1781597059
|switch|p1a: Moltres|Moltres|100/100
|move|p2a: Alomomola|Flip Turn|p1a: Moltres
|-supereffective|p1a: Moltres
|-damage|p1a: Moltres|80/100
|
|t:|1781597063
|switch|p2a: Raging Bolt|Raging Bolt|100/100|[from] Flip Turn
|
|upkeep
|turn|4
|
|t:|1781597068
|move|p1a: Moltres|U-turn|p2a: Raging Bolt
|-damage|p2a: Raging Bolt|88/100
|
|t:|1781597077
|switch|p1a: Iron Valiant|Iron Valiant|100/100|[from] U-turn
|-enditem|p1a: Iron Valiant|Booster Energy
|-activate|p1a: Iron Valiant|ability: Quark Drive|[fromitem]
|-start|p1a: Iron Valiant|quarkdrivespe
|move|p2a: Raging Bolt|Draco Meteor|p1a: Iron Valiant
|-immune|p1a: Iron Valiant
|
|upkeep
|turn|5
|
|t:|1781597085
|-end|p2a: Raging Bolt|Protosynthesis|[silent]
|switch|p2a: Ninetales|Ninetales, F|100/100
|-weather|SunnyDay|[from] ability: Drought|[of] p2a: Ninetales
|move|p1a: Iron Valiant|Calm Mind|p1a: Iron Valiant
|-boost|p1a: Iron Valiant|spa|1
|-boost|p1a: Iron Valiant|spd|1
|
|-weather|SunnyDay|[upkeep]
|upkeep
|turn|6
|
|t:|1781597092
|move|p1a: Iron Valiant|Shadow Ball|p2a: Ninetales
|-damage|p2a: Ninetales|53/100
|move|p2a: Ninetales|Weather Ball|p1a: Iron Valiant
|-damage|p1a: Iron Valiant|7/100
|
|-weather|SunnyDay|[upkeep]
|upkeep
|turn|7
|
|t:|1781597108
|switch|p2a: Alomomola|Alomomola, M|95/100
|move|p1a: Iron Valiant|Shadow Ball|p2a: Alomomola
|-crit|p2a: Alomomola
|-damage|p2a: Alomomola|50/100
|
|-weather|SunnyDay|[upkeep]
|upkeep
|turn|8
|
|t:|1781597116
|-end|p1a: Iron Valiant|Quark Drive|[silent]
|switch|p1a: Ogerpon|Ogerpon, F|100/100
|move|p2a: Alomomola|Flip Turn|p1a: Ogerpon
|-resisted|p1a: Ogerpon
|-damage|p1a: Ogerpon|96/100
|l|☆Ivan丶likeTop
|inactive|Ivan丶likeTop disconnected and has a minute to reconnect!
|player|p1|
|
|t:|1781597137
|switch|p2a: Raging Bolt|Raging Bolt|88/100|[from] Flip Turn
|-activate|p2a: Raging Bolt|ability: Protosynthesis
|-start|p2a: Raging Bolt|protosynthesisspa
|
|-weather|SunnyDay|[upkeep]
|upkeep
|turn|9
|j|☆Ivan丶likeTop
|inactive|Ivan丶likeTop reconnected and has 135 seconds left.
|player|p1|Ivan丶likeTop|cynthia|
|
|t:|1781597160
|move|p1a: Ogerpon|U-turn|p2a: Raging Bolt
|-damage|p2a: Raging Bolt|59/100
|
|t:|1781597163
|switch|p1a: Moltres|Moltres|80/100|[from] U-turn
|move|p2a: Raging Bolt|Weather Ball|p1a: Moltres
|-resisted|p1a: Moltres
|-damage|p1a: Moltres|38/100
|
|-weather|none
|-end|p2a: Raging Bolt|Protosynthesis
|upkeep
|turn|10
|
|t:|1781597174
|move|p1a: Moltres|Flamethrower|p2a: Raging Bolt
|-resisted|p2a: Raging Bolt
|-damage|p2a: Raging Bolt|49/100
|move|p2a: Raging Bolt|Volt Switch|p1a: Moltres
|-supereffective|p1a: Moltres
|-damage|p1a: Moltres|0 fnt
|faint|p1a: Moltres
|
|t:|1781597182
|-end|p2a: Raging Bolt|Protosynthesis|[silent]
|switch|p2a: Ninetales|Ninetales, F|53/100|[from] Volt Switch
|-weather|SunnyDay|[from] ability: Drought|[of] p2a: Ninetales
|
|-weather|SunnyDay|[upkeep]
|upkeep
|
|t:|1781597188
|switch|p1a: Ogerpon|Ogerpon, F|96/100
|turn|11
|
|t:|1781597206
|switch|p2a: Alomomola|Alomomola, M|83/100
|move|p1a: Ogerpon|Knock Off|p2a: Alomomola
|-damage|p2a: Alomomola|61/100
|
|-weather|SunnyDay|[upkeep]
|upkeep
|turn|12
|
|t:|1781597214
|switch|p1a: Iron Valiant|Iron Valiant|7/100
|move|p2a: Alomomola|Healing Wish|p2a: Alomomola
|faint|p2a: Alomomola
|
|-weather|SunnyDay|[upkeep]
|upkeep
|
|t:|1781597222
|switch|p2a: Iron Moth|Iron Moth|100/100
|-enditem|p2a: Iron Moth|Booster Energy
|-activate|p2a: Iron Moth|ability: Quark Drive|[fromitem]
|-start|p2a: Iron Moth|quarkdrivespe
|turn|13
|
|t:|1781597239
|move|p2a: Iron Moth|Fiery Dance|p1a: Iron Valiant
|-damage|p1a: Iron Valiant|0 fnt
|faint|p1a: Iron Valiant
|-end|p1a: Iron Valiant|Quark Drive|[silent]
|
|-weather|SunnyDay|[upkeep]
|upkeep
|
|t:|1781597240
|switch|p1a: Mamoswine|Mamoswine, F|100/100
|turn|14
|
|t:|1781597254
|-terastallize|p2a: Iron Moth|Flying
|-terastallize|p1a: Mamoswine|Dragon
|move|p2a: Iron Moth|Fiery Dance|p1a: Mamoswine
|-resisted|p1a: Mamoswine
|-damage|p1a: Mamoswine|59/100
|-boost|p2a: Iron Moth|spa|1
|move|p1a: Mamoswine|Earthquake|p2a: Iron Moth
|-immune|p2a: Iron Moth
|
|-weather|none
|upkeep
|turn|15
|
|t:|1781597264
|switch|p1a: Great Tusk|Great Tusk|100/100
|move|p2a: Iron Moth|Sludge Wave|p1a: Great Tusk
|-resisted|p1a: Great Tusk
|-damage|p1a: Great Tusk|45/100
|
|upkeep
|turn|16
|
|t:|1781597271
|-end|p1a: Great Tusk|Protosynthesis|[silent]
|switch|p1a: Mamoswine|Mamoswine, F, tera:Dragon|59/100
|move|p2a: Iron Moth|Fiery Dance|p1a: Mamoswine
|-resisted|p1a: Mamoswine
|-crit|p1a: Mamoswine
|-damage|p1a: Mamoswine|0 fnt
|-boost|p2a: Iron Moth|spa|1
|faint|p1a: Mamoswine
|
|upkeep
|-message|Ivan丶likeTop forfeited.
|
|win|lord shiddenfards
|raw|Ivan丶likeTop's rating: 1559 &rarr; <strong>1541</strong><br />(-18 for losing)
|raw|lord shiddenfards's rating: 1586 &rarr; <strong>1604</strong><br />(+18 for winning)
|l|☆Ivan丶likeTop
|player|p1|
|l|☆lord shiddenfards
|player|p2|
