|j|☆depakine
|j|☆Praise The Salt
|t:|1781291303
|gametype|singles
|player|p1|depakine|102|1661
|player|p2|Praise The Salt|170|1686
|gen|9
|tier|[Gen 9] OU
|rated|
|rule|HP Percentage Mod: HP is shown in percentages
|rule|Endless Battle Clause: Forcing endless battles is banned
|rule|Species Clause: Limit one of each Pokémon
|rule|OHKO Clause: OHKO moves are banned
|rule|Evasion Items Clause: Evasion items are banned
|rule|Evasion Moves Clause: Evasion moves are banned
|rule|Evasion Abilities Clause: Evasion abilities are banned
|rule|Sleep Moves Clause: Sleep-inducing moves are banned
|clearpoke
|poke|p1|Dragapult, M|
|poke|p1|Amoonguss, F|
|poke|p1|Great Tusk|
|poke|p1|Samurott-Hisui, F|
|poke|p1|Cresselia, F|
|poke|p1|Clefable, F|
|poke|p2|Cinderace, M|
|poke|p2|Fezandipiti, M|
|poke|p2|Great Tusk|
|poke|p2|Mandibuzz, F|
|poke|p2|Torkoal, M|
|poke|p2|Volcanion|
|teampreview
|j| cachowcapow
|inactive|Battle timer is ON: inactive players will automatically lose when time's up. (requested by depakine)
|j| omari p
|inactive|Praise The Salt has 120 seconds left.
|inactive|Praise The Salt has 90 seconds left.
|j| n5v
|
|t:|1781291408
|teamsize|p1|6
|teamsize|p2|6
|start
|switch|p1a: Great Tusk|Great Tusk|100/100
|switch|p2a: Torkoal|Torkoal, M, shiny|100/100
|-weather|SunnyDay|[from] ability: Drought|[of] p2a: Torkoal
|-activate|p1a: Great Tusk|ability: Protosynthesis
|-start|p1a: Great Tusk|protosynthesisatk
|turn|1
|inactive|Praise The Salt has 120 seconds left.
|j| alomomola's wishes
|
|t:|1781291463
|switch|p2a: Mandibuzz|Mandibuzz, F, shiny|100/100
|move|p1a: Great Tusk|Headlong Rush|p2a: Mandibuzz
|-immune|p2a: Mandibuzz
|
|-weather|SunnyDay|[upkeep]
|upkeep
|turn|2
|l| n5v
|j| n5v
|l| alomomola's wishes
|inactive|Praise The Salt has 90 seconds left.
|
|t:|1781291482
|switch|p2a: Volcanion|Volcanion|100/100
|move|p1a: Great Tusk|Stealth Rock|p2a: Volcanion
|-sidestart|p2: Praise The Salt|move: Stealth Rock
|
|-weather|SunnyDay|[upkeep]
|upkeep
|turn|3
|inactive|Praise The Salt has 90 seconds left.
|
|t:|1781291515
|switch|p2a: Mandibuzz|Mandibuzz, F, shiny|100/100
|-damage|p2a: Mandibuzz|76/100|[from] Stealth Rock
|move|p1a: Great Tusk|Headlong Rush|p2a: Mandibuzz
|-immune|p2a: Mandibuzz
|
|-weather|SunnyDay|[upkeep]
|upkeep
|turn|4
|
|t:|1781291523
|move|p1a: Great Tusk|Ice Spinner|p2a: Mandibuzz
|-supereffective|p2a: Mandibuzz
|-damage|p2a: Mandibuzz|31/100
|-damage|p1a: Great Tusk|84/100|[from] item: Rocky Helmet|[of] p2a: Mandibuzz
|move|p2a: Mandibuzz|Defog|p1a: Great Tusk
|-unboost|p1a: Great Tusk|evasion|1
|-sideend|p2: Praise The Salt|Stealth Rock|[from] move: Defog|[of] p2a: Mandibuzz
|
|-weather|SunnyDay|[upkeep]
|-heal|p1a: Great Tusk|90/100|[from] item: Leftovers
|upkeep
|turn|5
|j| IMMAAXX
|inactive|Praise The Salt has 60 seconds left.
|l| IMMAAXX
|
|t:|1781291556
|-terastallize|p2a: Mandibuzz|Fairy
|move|p1a: Great Tusk|Ice Spinner|p2a: Mandibuzz
|-damage|p2a: Mandibuzz|10/100
|-damage|p1a: Great Tusk|74/100|[from] item: Rocky Helmet|[of] p2a: Mandibuzz
|move|p2a: Mandibuzz|Roost|p2a: Mandibuzz
|-heal|p2a: Mandibuzz|60/100
|
|-weather|SunnyDay|[upkeep]
|-heal|p1a: Great Tusk|80/100|[from] item: Leftovers
|upkeep
|turn|6
|inactive|Praise The Salt has 60 seconds left.
|
|t:|1781291573
|move|p1a: Great Tusk|Headlong Rush|p2a: Mandibuzz
|-damage|p2a: Mandibuzz|15/100
|-unboost|p1a: Great Tusk|def|1
|-unboost|p1a: Great Tusk|spd|1
|-damage|p1a: Great Tusk|64/100|[from] item: Rocky Helmet|[of] p2a: Mandibuzz
|move|p2a: Mandibuzz|Roost|p2a: Mandibuzz
|-heal|p2a: Mandibuzz|65/100
|
|-weather|SunnyDay|[upkeep]
|-heal|p1a: Great Tusk|70/100|[from] item: Leftovers
|upkeep
|turn|7
|inactive|Praise The Salt has 60 seconds left.
|
|t:|1781291592
|move|p1a: Great Tusk|Stealth Rock|p2a: Mandibuzz
|-sidestart|p2: Praise The Salt|move: Stealth Rock
|move|p2a: Mandibuzz|Roost|p2a: Mandibuzz
|-heal|p2a: Mandibuzz|100/100
|
|-weather|SunnyDay|[upkeep]
|-heal|p1a: Great Tusk|76/100|[from] item: Leftovers
|upkeep
|turn|8
|
|t:|1781291597
|-end|p1a: Great Tusk|Protosynthesis|[silent]
|switch|p1a: Amoonguss|Amoonguss, F|100/100
|move|p2a: Mandibuzz|Defog|p1a: Amoonguss
|-unboost|p1a: Amoonguss|evasion|1
|-sideend|p2: Praise The Salt|Stealth Rock|[from] move: Defog|[of] p2a: Mandibuzz
|
|-weather|none
|upkeep
|turn|9
|inactive|Praise The Salt has 60 seconds left.
|
|t:|1781291620
|switch|p2a: Torkoal|Torkoal, M, shiny|100/100
|-weather|SunnyDay|[from] ability: Drought|[of] p2a: Torkoal
|move|p1a: Amoonguss|Toxic|p2a: Torkoal
|-status|p2a: Torkoal|tox
|
|-weather|SunnyDay|[upkeep]
|-damage|p2a: Torkoal|94/100 tox|[from] psn
|upkeep
|turn|10
|inactive|Praise The Salt has 60 seconds left.
|inactive|Praise The Salt has 30 seconds left.
|
|t:|1781291660
|switch|p1a: Samurott|Samurott-Hisui, F|100/100
|move|p2a: Torkoal|Stealth Rock|p1a: Samurott
|-sidestart|p1: depakine|move: Stealth Rock
|
|-weather|SunnyDay|[upkeep]
|-damage|p2a: Torkoal|82/100 tox|[from] psn
|upkeep
|turn|11
|inactive|Praise The Salt has 30 seconds left.
|
|t:|1781291665
|switch|p2a: Mandibuzz|Mandibuzz, F, shiny, tera:Fairy|100/100
|move|p1a: Samurott|Ceaseless Edge|p2a: Mandibuzz
|-resisted|p2a: Mandibuzz
|-damage|p2a: Mandibuzz|86/100
|-damage|p1a: Samurott|84/100|[from] item: Rocky Helmet|[of] p2a: Mandibuzz
|-sidestart|p2: Praise The Salt|Spikes
|
|-weather|SunnyDay|[upkeep]
|upkeep
|turn|12
|inactive|Praise The Salt has 30 seconds left.
|
|t:|1781291679
|move|p1a: Samurott|Ceaseless Edge|p2a: Mandibuzz
|-resisted|p2a: Mandibuzz
|-damage|p2a: Mandibuzz|69/100
|-damage|p1a: Samurott|67/100|[from] item: Rocky Helmet|[of] p2a: Mandibuzz
|-sidestart|p2: Praise The Salt|Spikes
|move|p2a: Mandibuzz|Roost|p2a: Mandibuzz
|-heal|p2a: Mandibuzz|100/100
|
|-weather|SunnyDay|[upkeep]
|upkeep
|turn|13
|inactive|Praise The Salt has 30 seconds left.
|
|t:|1781291693
|switch|p1a: Clefable|Clefable, F|100/100
|move|p2a: Mandibuzz|Foul Play|p1a: Clefable
|-resisted|p1a: Clefable
|-damage|p1a: Clefable|91/100
|
|-weather|SunnyDay|[upkeep]
|upkeep
|turn|14
|
|t:|1781291698
|switch|p2a: Volcanion|Volcanion|100/100
|-damage|p2a: Volcanion|84/100|[from] Spikes
|move|p1a: Clefable|Knock Off|p2a: Volcanion
|-damage|p2a: Volcanion|72/100
|-enditem|p2a: Volcanion|Choice Specs|[from] move: Knock Off|[of] p1a: Clefable
|
|-weather|SunnyDay|[upkeep]
|upkeep
|turn|15
|
|t:|1781291702
|move|p1a: Clefable|Protect|p1a: Clefable
|-singleturn|p1a: Clefable|Protect
|move|p2a: Volcanion|Fire Blast|p1a: Clefable
|-activate|p1a: Clefable|move: Protect
|
|-weather|SunnyDay|[upkeep]
|upkeep
|turn|16
|j| ovalboi
|
|t:|1781291725
|move|p2a: Volcanion|Fire Blast|p1a: Clefable
|-damage|p1a: Clefable|16/100
|move|p1a: Clefable|Wish|p1a: Clefable
|
|-weather|none
|upkeep
|turn|17
|inactive|Praise The Salt has 60 seconds left.
|
|t:|1781291738
|switch|p2a: Fezandipiti|Fezandipiti, M|100/100
|-damage|p2a: Fezandipiti|84/100|[from] Spikes
|move|p1a: Clefable|Protect||[still]
|-fail|p1a: Clefable
|
|-heal|p1a: Clefable|66/100|[from] move: Wish|[wisher] Clefable
|-heal|p2a: Fezandipiti|90/100|[from] item: Leftovers
|upkeep
|turn|18
|l| ovalboi
|
|t:|1781291747
|switch|p1a: Amoonguss|Amoonguss, F|100/100
|-damage|p1a: Amoonguss|88/100|[from] Stealth Rock
|move|p2a: Fezandipiti|Nasty Plot|p2a: Fezandipiti
|-boost|p2a: Fezandipiti|spa|2
|
|-heal|p2a: Fezandipiti|96/100|[from] item: Leftovers
|upkeep
|turn|19
|j| karlheinzIX
|l| karlheinzIX
|inactive|Praise The Salt has 60 seconds left.
|j| just-jaype
|c| just-jaype|salt man
|
|t:|1781291773
|move|p2a: Fezandipiti|Heat Wave|p1a: Amoonguss
|-supereffective|p1a: Amoonguss
|-damage|p1a: Amoonguss|0 fnt
|faint|p1a: Amoonguss
|
|-heal|p2a: Fezandipiti|100/100|[from] item: Leftovers
|upkeep
|c|☆Praise The Salt|omg hi
|
|t:|1781291783
|switch|p1a: Cresselia|Cresselia, F|100/100
|-damage|p1a: Cresselia|88/100|[from] Stealth Rock
|turn|20
|inactive|Praise The Salt has 60 seconds left.
|c| just-jaype|you win these
|
|t:|1781291799
|-terastallize|p1a: Cresselia|Poison
|move|p2a: Fezandipiti|Moonblast|p1a: Cresselia
|-resisted|p1a: Cresselia
|-damage|p1a: Cresselia|65/100
|move|p1a: Cresselia|Calm Mind|p1a: Cresselia
|-boost|p1a: Cresselia|spa|1
|-boost|p1a: Cresselia|spd|1
|
|upkeep
|turn|21
|c| just-jaype|no shade to opp :sob:
|
|t:|1781291823
|switch|p2a: Torkoal|Torkoal, M, shiny|82/100 tox
|-damage|p2a: Torkoal|66/100 tox|[from] Spikes
|-weather|SunnyDay|[from] ability: Drought|[of] p2a: Torkoal
|move|p1a: Cresselia|Calm Mind|p1a: Cresselia
|-boost|p1a: Cresselia|spa|1
|-boost|p1a: Cresselia|spd|1
|
|-weather|SunnyDay|[upkeep]
|-damage|p2a: Torkoal|60/100 tox|[from] psn
|upkeep
|turn|22
|c| n5v|bro sobs in ps asw
|inactive|Praise The Salt has 30 seconds left.
|c| just-jaype|capp
|inactive|Praise The Salt has 20 seconds left.
|inactive|Praise The Salt has 15 seconds left.
|
|t:|1781291860
|move|p1a: Cresselia|Calm Mind|p1a: Cresselia
|-boost|p1a: Cresselia|spa|1
|-boost|p1a: Cresselia|spd|1
|move|p2a: Torkoal|Rapid Spin|p1a: Cresselia
|-damage|p1a: Cresselia|60/100
|-boost|p2a: Torkoal|spe|1
|-sideend|p2: Praise The Salt|Spikes|[from] move: Rapid Spin|[of] p2a: Torkoal
|
|-weather|SunnyDay|[upkeep]
|-damage|p2a: Torkoal|48/100 tox|[from] psn
|upkeep
|turn|23
|inactive|Praise The Salt has 25 seconds left this turn.
|inactive|Praise The Salt has 20 seconds left.
|inactive|Praise The Salt has 15 seconds left.
|
|t:|1781291871
|switch|p2a: Cinderace|Cinderace, M|100/100
|move|p1a: Cresselia|Stored Power|p2a: Cinderace
|-damage|p2a: Cinderace|0 fnt
|faint|p2a: Cinderace
|
|-weather|SunnyDay|[upkeep]
|upkeep
|inactive|Praise The Salt has 20 seconds left this turn.
|inactive|Praise The Salt has 15 seconds left.
|inactive|Praise The Salt has 10 seconds left.
|inactive|Praise The Salt has 5 seconds left.
|
|t:|1781291888
|switch|p2a: Fezandipiti|Fezandipiti, M|100/100
|turn|24
|inactive|Praise The Salt has 15 seconds left this turn.
|inactive|Praise The Salt has 10 seconds left.
|inactive|Praise The Salt has 5 seconds left.
|
|t:|1781291902
|move|p2a: Fezandipiti|Nasty Plot|p2a: Fezandipiti
|-boost|p2a: Fezandipiti|spa|2
|move|p1a: Cresselia|Stored Power|p2a: Fezandipiti
|-supereffective|p2a: Fezandipiti
|-damage|p2a: Fezandipiti|0 fnt
|faint|p2a: Fezandipiti
|
|-weather|SunnyDay|[upkeep]
|upkeep
|inactive|Praise The Salt has 10 seconds left this turn.
|
|t:|1781291904
|switch|p2a: Volcanion|Volcanion|72/100
|turn|25
|inactive|Praise The Salt has 20 seconds left this turn.
|
|t:|1781291906
|move|p2a: Volcanion|Fire Blast|p1a: Cresselia
|-damage|p1a: Cresselia|37/100
|move|p1a: Cresselia|Moonlight|p1a: Cresselia
|-heal|p1a: Cresselia|100/100
|
|-weather|SunnyDay|[upkeep]
|upkeep
|turn|26
|inactive|Praise The Salt has 30 seconds left this turn.
|
|t:|1781291912
|move|p2a: Volcanion|Fire Blast|p1a: Cresselia
|-damage|p1a: Cresselia|77/100
|move|p1a: Cresselia|Stored Power|p2a: Volcanion
|-damage|p2a: Volcanion|0 fnt
|faint|p2a: Volcanion
|
|-weather|SunnyDay|[upkeep]
|upkeep
|c| omari p|gg
|c| just-jaype|tragic day for the unemployed
|inactive|Praise The Salt has 30 seconds left.
|-message|Praise The Salt forfeited.
|
|win|depakine
|raw|depakine's rating: 1661 &rarr; <strong>1682</strong><br />(+21 for winning)
|raw|Praise The Salt's rating: 1686 &rarr; <strong>1665</strong><br />(-21 for losing)
|l|☆Praise The Salt
|player|p2|
|l| omari p
|l|☆depakine
|player|p1|
|l| just-jaype
|l| cachowcapow
|c| n5v|yeah yeah
|l| n5v
