|j|☆ihymyly
|j|☆Mca Player 11
|t:|1781082795
|gametype|singles
|player|p1|ihymyly|1|1539
|player|p2|Mca Player 11|skierf|1591
|gen|9
|tier|[Gen 9] OU
|rated|
|rule|HP Percentage Mod: HP is shown in percentages
|rule|Endless Battle Clause: Forcing endless battles is banned
|rule|Species Clause: Limit one of each Pokémon
|rule|OHKO Clause: OHKO moves are banned
|rule|Evasion Items Clause: Evasion items are banned
|rule|Evasion Moves Clause: Evasion moves are banned
|rule|Evasion Abilities Clause: Evasion abilities are banned
|rule|Sleep Moves Clause: Sleep-inducing moves are banned
|clearpoke
|poke|p1|Pelipper, M|
|poke|p1|Kingdra, M|
|poke|p1|Zapdos|
|poke|p1|Kingambit, M|
|poke|p1|Iron Treads|
|poke|p1|Iron Valiant|
|poke|p2|Deoxys-Speed|
|poke|p2|Iron Moth|
|poke|p2|Zamazenta-*|
|poke|p2|Gholdengo|
|poke|p2|Rillaboom, M|
|poke|p2|Iron Jugulis|
|teampreview
|
|t:|1781082806
|teamsize|p1|6
|teamsize|p2|6
|start
|switch|p1a: Iron Treads|Iron Treads|100/100
|switch|p2a: Deoxys|Deoxys-Speed|100/100
|-ability|p2a: Deoxys|Pressure
|turn|1
|
|t:|1781082811
|move|p2a: Deoxys|Taunt|p1a: Iron Treads
|-start|p1a: Iron Treads|move: Taunt
|cant|p1a: Iron Treads|move: Taunt|Stealth Rock
|
|upkeep
|turn|2
|j| liechiteladihul
|
|t:|1781082819
|move|p2a: Deoxys|Stealth Rock|p1a: Iron Treads
|-sidestart|p1: ihymyly|move: Stealth Rock
|move|p1a: Iron Treads|Rapid Spin|p2a: Deoxys
|-damage|p2a: Deoxys|79/100
|-boost|p1a: Iron Treads|spe|1
|-damage|p1a: Iron Treads|84/100|[from] item: Rocky Helmet|[of] p2a: Deoxys
|-sideend|p1: ihymyly|Stealth Rock|[from] move: Rapid Spin|[of] p1a: Iron Treads
|
|-heal|p1a: Iron Treads|90/100|[from] item: Leftovers
|upkeep
|turn|3
|
|t:|1781082824
|switch|p2a: Rillaboom|Rillaboom, M, shiny|100/100
|-fieldstart|move: Grassy Terrain|[from] ability: Grassy Surge|[of] p2a: Rillaboom
|move|p1a: Iron Treads|Knock Off|p2a: Rillaboom
|-damage|p2a: Rillaboom|65/100
|-enditem|p2a: Rillaboom|Life Orb|[from] move: Knock Off|[of] p1a: Iron Treads
|
|-heal|p1a: Iron Treads|96/100|[from] Grassy Terrain
|-heal|p1a: Iron Treads|100/100|[from] item: Leftovers
|-heal|p2a: Rillaboom|71/100|[from] Grassy Terrain
|-end|p1a: Iron Treads|move: Taunt
|upkeep
|turn|4
|
|t:|1781082831
|move|p1a: Iron Treads|Stealth Rock|p2a: Rillaboom
|-sidestart|p2: Mca Player 11|move: Stealth Rock
|move|p2a: Rillaboom|Swords Dance|p2a: Rillaboom
|-boost|p2a: Rillaboom|atk|2
|
|-heal|p2a: Rillaboom|77/100|[from] Grassy Terrain
|upkeep
|turn|5
|l|☆Mca Player 11
|player|p2|
|j|☆Mca Player 11
|player|p2|Mca Player 11|skierf|
|
|t:|1781082854
|move|p1a: Iron Treads|Knock Off|p2a: Rillaboom
|-damage|p2a: Rillaboom|57/100
|move|p2a: Rillaboom|Knock Off|p1a: Iron Treads
|-damage|p1a: Iron Treads|29/100
|-enditem|p1a: Iron Treads|Leftovers|[from] move: Knock Off|[of] p2a: Rillaboom
|
|-heal|p1a: Iron Treads|36/100|[from] Grassy Terrain
|-heal|p2a: Rillaboom|63/100|[from] Grassy Terrain
|upkeep
|turn|6
|
|t:|1781082859
|-end|p1a: Iron Treads|Quark Drive|[silent]
|switch|p1a: Zapdos|Zapdos|100/100
|move|p2a: Rillaboom|Swords Dance|p2a: Rillaboom
|-boost|p2a: Rillaboom|atk|2
|
|-heal|p2a: Rillaboom|69/100|[from] Grassy Terrain
|upkeep
|turn|7
|
|t:|1781082863
|-terastallize|p2a: Rillaboom|Electric
|move|p2a: Rillaboom|Knock Off|p1a: Zapdos
|-damage|p1a: Zapdos|19/100
|-enditem|p1a: Zapdos|Heavy-Duty Boots|[from] move: Knock Off|[of] p2a: Rillaboom
|move|p1a: Zapdos|Hurricane|p2a: Rillaboom
|-resisted|p2a: Rillaboom
|-damage|p2a: Rillaboom|37/100
|
|-heal|p2a: Rillaboom|43/100|[from] Grassy Terrain
|-fieldend|move: Grassy Terrain
|upkeep
|turn|8
|
|t:|1781082877
|move|p2a: Rillaboom|Knock Off|p1a: Zapdos
|-damage|p1a: Zapdos|0 fnt
|faint|p1a: Zapdos
|
|upkeep
|
|t:|1781082882
|switch|p1a: Iron Valiant|Iron Valiant|100/100
|-enditem|p1a: Iron Valiant|Booster Energy
|-activate|p1a: Iron Valiant|ability: Quark Drive|[fromitem]
|-start|p1a: Iron Valiant|quarkdrivespe
|turn|9
|
|t:|1781082886
|switch|p2a: Gholdengo|Gholdengo, shiny|100/100
|-damage|p2a: Gholdengo|94/100|[from] Stealth Rock
|move|p1a: Iron Valiant|Moonblast|p2a: Gholdengo
|-resisted|p2a: Gholdengo
|-damage|p2a: Gholdengo|79/100
|
|upkeep
|turn|10
|
|t:|1781082891
|move|p1a: Iron Valiant|Knock Off|p2a: Gholdengo
|-supereffective|p2a: Gholdengo
|-damage|p2a: Gholdengo|24/100
|-enditem|p2a: Gholdengo|Grassy Seed|[from] move: Knock Off|[of] p1a: Iron Valiant
|move|p2a: Gholdengo|Recover|p2a: Gholdengo
|-heal|p2a: Gholdengo|74/100
|
|upkeep
|turn|11
|
|t:|1781082901
|-end|p1a: Iron Valiant|Quark Drive|[silent]
|switch|p1a: Kingambit|Kingambit, M|100/100
|-activate|p1a: Kingambit|ability: Supreme Overlord
|-start|p1a: Kingambit|fallen1|[silent]
|-item|p1a: Kingambit|Air Balloon
|move|p2a: Gholdengo|Make It Rain|p1a: Kingambit
|-resisted|p1a: Kingambit
|-damage|p1a: Kingambit|73/100
|-unboost|p2a: Gholdengo|spa|1
|-enditem|p1a: Kingambit|Air Balloon
|
|upkeep
|turn|12
|
|t:|1781082908
|switch|p2a: Zamazenta|Zamazenta, shiny|100/100
|-damage|p2a: Zamazenta|94/100|[from] Stealth Rock
|-ability|p2a: Zamazenta|Dauntless Shield|boost
|-boost|p2a: Zamazenta|def|1
|move|p1a: Kingambit|Iron Head|p2a: Zamazenta
|-damage|p2a: Zamazenta|65/100
|
|upkeep
|turn|13
|
|t:|1781082913
|-end|p1a: Kingambit|fallen1|[silent]
|switch|p1a: Pelipper|Pelipper, M|100/100
|-weather|RainDance|[from] ability: Drizzle|[of] p1a: Pelipper
|move|p2a: Zamazenta|Close Combat|p1a: Pelipper
|-resisted|p1a: Pelipper
|-damage|p1a: Pelipper|64/100
|-unboost|p2a: Zamazenta|def|1
|-unboost|p2a: Zamazenta|spd|1
|
|-weather|RainDance|[upkeep]
|upkeep
|turn|14
|
|t:|1781082920
|switch|p2a: Deoxys|Deoxys-Speed|79/100
|-damage|p2a: Deoxys|67/100|[from] Stealth Rock
|-ability|p2a: Deoxys|Pressure
|switch|p1a: Iron Treads|Iron Treads|36/100
|
|-weather|RainDance|[upkeep]
|upkeep
|turn|15
|
|t:|1781082931
|move|p2a: Deoxys|Taunt|p1a: Iron Treads
|-start|p1a: Iron Treads|move: Taunt
|move|p1a: Iron Treads|Earthquake|p2a: Deoxys
|-damage|p2a: Deoxys|14/100
|
|-weather|RainDance|[upkeep]
|upkeep
|turn|16
|
|t:|1781082937
|move|p2a: Deoxys|Spikes|p1a: Iron Treads
|-sidestart|p1: ihymyly|Spikes
|move|p1a: Iron Treads|Rapid Spin|p2a: Deoxys
|-damage|p2a: Deoxys|0 fnt
|-boost|p1a: Iron Treads|spe|1
|-damage|p1a: Iron Treads|19/100|[from] item: Rocky Helmet|[of] p2a: Deoxys
|-sideend|p1: ihymyly|Spikes|[from] move: Rapid Spin|[of] p1a: Iron Treads
|faint|p2a: Deoxys
|
|-weather|RainDance|[upkeep]
|upkeep
|
|t:|1781082939
|switch|p2a: Rillaboom|Rillaboom, M, shiny, tera:Electric|43/100
|-damage|p2a: Rillaboom|31/100|[from] Stealth Rock
|-fieldstart|move: Grassy Terrain|[from] ability: Grassy Surge|[of] p2a: Rillaboom
|turn|17
|
|t:|1781082943
|move|p2a: Rillaboom|Grassy Glide|p1a: Iron Treads
|-damage|p1a: Iron Treads|0 fnt
|faint|p1a: Iron Treads
|-end|p1a: Iron Treads|Quark Drive|[silent]
|
|-weather|RainDance|[upkeep]
|-heal|p2a: Rillaboom|37/100|[from] Grassy Terrain
|upkeep
|
|t:|1781082955
|switch|p1a: Pelipper|Pelipper, M|64/100
|turn|18
|
|t:|1781082958
|switch|p2a: Iron Moth|Iron Moth, shiny|100/100
|-damage|p2a: Iron Moth|76/100|[from] Stealth Rock
|-enditem|p2a: Iron Moth|Booster Energy
|-activate|p2a: Iron Moth|ability: Quark Drive|[fromitem]
|-start|p2a: Iron Moth|quarkdrivespe
|move|p1a: Pelipper|Hurricane|p2a: Iron Moth
|-damage|p2a: Iron Moth|40/100
|-start|p2a: Iron Moth|confusion
|
|-weather|RainDance|[upkeep]
|-heal|p2a: Iron Moth|46/100|[from] Grassy Terrain
|upkeep
|turn|19
|
|t:|1781082971
|switch|p1a: Kingdra|Kingdra, M|100/100
|-activate|p2a: Iron Moth|confusion
|-damage|p2a: Iron Moth|39/100|[from] confusion
|
|-weather|RainDance|[upkeep]
|-heal|p2a: Iron Moth|45/100|[from] Grassy Terrain
|upkeep
|turn|20
|
|t:|1781082977
|move|p1a: Kingdra|Weather Ball|p2a: Iron Moth
|-supereffective|p2a: Iron Moth
|-damage|p2a: Iron Moth|0 fnt
|faint|p2a: Iron Moth
|-end|p2a: Iron Moth|Quark Drive|[silent]
|
|-weather|none
|upkeep
|
|t:|1781082981
|switch|p2a: Zamazenta|Zamazenta, shiny|65/100
|-damage|p2a: Zamazenta|59/100|[from] Stealth Rock
|turn|21
|
|t:|1781082984
|switch|p1a: Pelipper|Pelipper, M|64/100
|-weather|RainDance|[from] ability: Drizzle|[of] p1a: Pelipper
|move|p2a: Zamazenta|Close Combat|p1a: Pelipper
|-resisted|p1a: Pelipper
|-damage|p1a: Pelipper|27/100
|-unboost|p2a: Zamazenta|def|1
|-unboost|p2a: Zamazenta|spd|1
|
|-weather|RainDance|[upkeep]
|-heal|p2a: Zamazenta|65/100|[from] Grassy Terrain
|-fieldend|move: Grassy Terrain
|upkeep
|turn|22
|
|t:|1781082988
|move|p2a: Zamazenta|Close Combat|p1a: Pelipper
|-resisted|p1a: Pelipper
|-damage|p1a: Pelipper|0 fnt
|-unboost|p2a: Zamazenta|def|1
|-unboost|p2a: Zamazenta|spd|1
|faint|p1a: Pelipper
|
|-weather|RainDance|[upkeep]
|upkeep
|
|t:|1781082991
|switch|p1a: Kingdra|Kingdra, M|100/100
|turn|23
|
|t:|1781082998
|switch|p2a: Rillaboom|Rillaboom, M, shiny, tera:Electric|37/100
|-damage|p2a: Rillaboom|25/100|[from] Stealth Rock
|-fieldstart|move: Grassy Terrain|[from] ability: Grassy Surge|[of] p2a: Rillaboom
|move|p1a: Kingdra|Weather Ball|p2a: Rillaboom
|-damage|p2a: Rillaboom|0 fnt
|faint|p2a: Rillaboom
|
|-weather|RainDance|[upkeep]
|upkeep
|
|t:|1781083006
|switch|p2a: Gholdengo|Gholdengo, shiny|74/100
|-damage|p2a: Gholdengo|68/100|[from] Stealth Rock
|turn|24
|
|t:|1781083010
|-terastallize|p1a: Kingdra|Water
|move|p1a: Kingdra|Weather Ball|p2a: Gholdengo
|-damage|p2a: Gholdengo|0 fnt
|faint|p2a: Gholdengo
|
|-weather|RainDance|[upkeep]
|upkeep
|
|t:|1781083011
|switch|p2a: Iron Jugulis|Iron Jugulis, shiny|100/100
|-damage|p2a: Iron Jugulis|76/100|[from] Stealth Rock
|-enditem|p2a: Iron Jugulis|Booster Energy
|-activate|p2a: Iron Jugulis|ability: Quark Drive|[fromitem]
|-start|p2a: Iron Jugulis|quarkdrivespe
|turn|25
|
|t:|1781083014
|move|p1a: Kingdra|Weather Ball|p2a: Iron Jugulis
|-damage|p2a: Iron Jugulis|0 fnt
|faint|p2a: Iron Jugulis
|-end|p2a: Iron Jugulis|Quark Drive|[silent]
|
|-weather|RainDance|[upkeep]
|upkeep
|
|t:|1781083016
|switch|p2a: Zamazenta|Zamazenta, shiny|65/100
|-damage|p2a: Zamazenta|59/100|[from] Stealth Rock
|turn|26
|l| liechiteladihul
|c|☆Mca Player 11|gg
|
|t:|1781083019
|move|p1a: Kingdra|Weather Ball|p2a: Zamazenta
|-damage|p2a: Zamazenta|0 fnt
|faint|p2a: Zamazenta
|
|win|ihymyly
|raw|ihymyly's rating: 1539 &rarr; <strong>1562</strong><br />(+23 for winning)
|raw|Mca Player 11's rating: 1591 &rarr; <strong>1568</strong><br />(-23 for losing)
|l|☆ihymyly
|player|p1|
|l|☆Mca Player 11
|player|p2|
