|j|☆11thtiergbone
|j|☆cachowcapow
|t:|1781031643
|gametype|singles
|player|p1|11thtiergbone|265|1644
|player|p2|cachowcapow|102|1593
|gen|9
|tier|[Gen 9] OU
|rated|
|rule|HP Percentage Mod: HP is shown in percentages
|rule|Endless Battle Clause: Forcing endless battles is banned
|rule|Species Clause: Limit one of each Pokémon
|rule|OHKO Clause: OHKO moves are banned
|rule|Evasion Items Clause: Evasion items are banned
|rule|Evasion Moves Clause: Evasion moves are banned
|rule|Evasion Abilities Clause: Evasion abilities are banned
|rule|Sleep Moves Clause: Sleep-inducing moves are banned
|clearpoke
|poke|p1|Keldeo|
|poke|p1|Cinderace, M|
|poke|p1|Sinistcha|
|poke|p1|Iron Valiant|
|poke|p1|Gholdengo|
|poke|p1|Tyranitar, F|
|poke|p2|Alomomola, F|
|poke|p2|Gardevoir, M|
|poke|p2|Scizor, M|
|poke|p2|Slither Wing|
|poke|p2|Mew|
|poke|p2|Meowscarada, M|
|teampreview
|inactive|Battle timer is ON: inactive players will automatically lose when time's up. (requested by 11thtiergbone)
|
|t:|1781031657
|teamsize|p1|6
|teamsize|p2|6
|start
|switch|p1a: Tyranitar|Tyranitar, F|100/100
|switch|p2a: Meowscarada|Meowscarada, M|100/100
|-weather|Sandstorm|[from] ability: Sand Stream|[of] p1a: Tyranitar
|turn|1
|
|t:|1781031668
|move|p2a: Meowscarada|U-turn|p1a: Tyranitar
|-start|p2a: Meowscarada|typechange|Bug|[from] ability: Protean
|-supereffective|p1a: Tyranitar
|-damage|p1a: Tyranitar|64/100
|inactive|cachowcapow has 120 seconds left.
|
|t:|1781031710
|switch|p2a: Slither Wing|Slither Wing|100/100|[from] U-turn
|move|p1a: Tyranitar|Knock Off|p2a: Slither Wing
|-resisted|p2a: Slither Wing
|-damage|p2a: Slither Wing|80/100
|-damage|p1a: Tyranitar|47/100|[from] item: Rocky Helmet|[of] p2a: Slither Wing
|-enditem|p2a: Slither Wing|Rocky Helmet|[from] move: Knock Off|[of] p1a: Tyranitar
|
|-weather|Sandstorm|[upkeep]
|-damage|p2a: Slither Wing|74/100|[from] Sandstorm
|upkeep
|turn|2
|
|t:|1781031717
|switch|p1a: Gholdengo|Gholdengo|100/100
|move|p2a: Slither Wing|U-turn|p1a: Gholdengo
|-resisted|p1a: Gholdengo
|-damage|p1a: Gholdengo|92/100
|inactive|cachowcapow has 120 seconds left.
|
|t:|1781031749
|-end|p2a: Slither Wing|Protosynthesis|[silent]
|switch|p2a: Alomomola|Alomomola, F|100/100|[from] U-turn
|
|-weather|Sandstorm|[upkeep]
|-damage|p2a: Alomomola|94/100|[from] Sandstorm
|upkeep
|turn|3
|
|t:|1781031752
|move|p1a: Gholdengo|Trick|p2a: Alomomola
|-activate|p1a: Gholdengo|move: Trick|[of] p2a: Alomomola
|-item|p2a: Alomomola|Choice Scarf|[from] move: Trick
|-item|p1a: Gholdengo|Choice Band|[from] move: Trick
|move|p2a: Alomomola|Flip Turn|p1a: Gholdengo
|-damage|p1a: Gholdengo|67/100
|
|t:|1781031759
|switch|p2a: Meowscarada|Meowscarada, M|100/100|[from] Flip Turn
|
|-weather|Sandstorm|[upkeep]
|-damage|p2a: Meowscarada|94/100|[from] Sandstorm
|upkeep
|turn|4
|
|t:|1781031768
|switch|p1a: Iron Valiant|Iron Valiant, shiny|100/100
|-enditem|p1a: Iron Valiant|Booster Energy
|-activate|p1a: Iron Valiant|ability: Quark Drive|[fromitem]
|-start|p1a: Iron Valiant|quarkdrivespe
|move|p2a: Meowscarada|U-turn|p1a: Iron Valiant
|-start|p2a: Meowscarada|typechange|Bug|[from] ability: Protean
|-resisted|p1a: Iron Valiant
|-damage|p1a: Iron Valiant|94/100
|inactive|cachowcapow has 120 seconds left.
|
|t:|1781031778
|switch|p2a: Scizor|Scizor, M|100/100|[from] U-turn
|
|-weather|Sandstorm|[upkeep]
|-damage|p1a: Iron Valiant|87/100|[from] Sandstorm
|upkeep
|turn|5
|
|t:|1781031782
|-end|p1a: Iron Valiant|Quark Drive|[silent]
|switch|p1a: Sinistcha|Sinistcha|100/100
|move|p2a: Scizor|Swords Dance|p2a: Scizor
|-boost|p2a: Scizor|atk|2
|
|-weather|none
|upkeep
|turn|6
|
|t:|1781031789
|move|p1a: Sinistcha|Shadow Ball|p2a: Scizor
|-damage|p2a: Scizor|73/100
|move|p2a: Scizor|Knock Off|p1a: Sinistcha
|-supereffective|p1a: Sinistcha
|-damage|p1a: Sinistcha|20/100
|-enditem|p1a: Sinistcha|Heavy-Duty Boots|[from] move: Knock Off|[of] p2a: Scizor
|
|upkeep
|turn|7
|
|t:|1781031796
|move|p2a: Scizor|Bullet Punch|p1a: Sinistcha
|-damage|p1a: Sinistcha|0 fnt
|faint|p1a: Sinistcha
|
|upkeep
|
|t:|1781031800
|switch|p1a: Cinderace|Cinderace, M|100/100
|turn|8
|
|t:|1781031823
|switch|p2a: Alomomola|Alomomola, F|100/100
|move|p1a: Cinderace|Pyro Ball|p2a: Alomomola|[miss]
|-miss|p1a: Cinderace|p2a: Alomomola
|
|upkeep
|turn|9
|
|t:|1781031827
|switch|p1a: Keldeo|Keldeo|100/100
|move|p2a: Alomomola|Flip Turn|p1a: Keldeo
|-resisted|p1a: Keldeo
|-damage|p1a: Keldeo|88/100
|
|t:|1781031832
|switch|p2a: Gardevoir|Gardevoir, M, shiny|100/100|[from] Flip Turn
|-ability|p2a: Gardevoir|Justified|Trace|[from] ability: Trace|[of] p1a: Keldeo
|
|-heal|p1a: Keldeo|94/100|[from] item: Leftovers
|upkeep
|turn|10
|
|t:|1781031837
|switch|p1a: Tyranitar|Tyranitar, F|47/100
|-weather|Sandstorm|[from] ability: Sand Stream|[of] p1a: Tyranitar
|move|p2a: Gardevoir|Moonblast|p1a: Tyranitar
|-supereffective|p1a: Tyranitar
|-damage|p1a: Tyranitar|0 fnt
|faint|p1a: Tyranitar
|
|-weather|Sandstorm|[upkeep]
|-damage|p2a: Gardevoir|94/100|[from] Sandstorm
|upkeep
|
|t:|1781031843
|switch|p1a: Gholdengo|Gholdengo|67/100
|turn|11
|inactive|cachowcapow has 120 seconds left.
|inactive|cachowcapow has 90 seconds left.
|inactive|cachowcapow has 60 seconds left.
|
|t:|1781031943
|switch|p1a: Keldeo|Keldeo|94/100
|switch|p2a: Alomomola|Alomomola, F|100/100
|
|-weather|Sandstorm|[upkeep]
|-damage|p1a: Keldeo|88/100|[from] Sandstorm
|-damage|p2a: Alomomola|94/100|[from] Sandstorm
|-heal|p1a: Keldeo|94/100|[from] item: Leftovers
|upkeep
|turn|12
|
|t:|1781031949
|move|p1a: Keldeo|Calm Mind|p1a: Keldeo
|-boost|p1a: Keldeo|spa|1
|-boost|p1a: Keldeo|spd|1
|move|p2a: Alomomola|Flip Turn|p1a: Keldeo
|-resisted|p1a: Keldeo
|-damage|p1a: Keldeo|81/100
|inactive|cachowcapow has 60 seconds left.
|inactive|cachowcapow has 30 seconds left.
|
|t:|1781031986
|switch|p2a: Meowscarada|Meowscarada, M|94/100|[from] Flip Turn
|
|-weather|Sandstorm|[upkeep]
|-damage|p2a: Meowscarada|88/100|[from] Sandstorm
|-damage|p1a: Keldeo|74/100|[from] Sandstorm
|-heal|p1a: Keldeo|81/100|[from] item: Leftovers
|upkeep
|turn|13
|
|t:|1781031994
|switch|p2a: Slither Wing|Slither Wing|74/100
|move|p1a: Keldeo|Vacuum Wave|p2a: Slither Wing
|-resisted|p2a: Slither Wing
|-damage|p2a: Slither Wing|59/100
|
|-weather|Sandstorm|[upkeep]
|-damage|p1a: Keldeo|74/100|[from] Sandstorm
|-damage|p2a: Slither Wing|52/100|[from] Sandstorm
|-heal|p1a: Keldeo|81/100|[from] item: Leftovers
|upkeep
|turn|14
|
|t:|1781031998
|move|p2a: Slither Wing|First Impression|p1a: Keldeo
|-resisted|p1a: Keldeo
|-damage|p1a: Keldeo|57/100
|move|p1a: Keldeo|Calm Mind|p1a: Keldeo
|-boost|p1a: Keldeo|spa|1
|-boost|p1a: Keldeo|spd|1
|
|-weather|none
|-heal|p1a: Keldeo|63/100|[from] item: Leftovers
|upkeep
|turn|15
|
|t:|1781032005
|move|p1a: Keldeo|Surf|p2a: Slither Wing
|-damage|p2a: Slither Wing|0 fnt
|faint|p2a: Slither Wing
|-end|p2a: Slither Wing|Protosynthesis|[silent]
|
|-heal|p1a: Keldeo|70/100|[from] item: Leftovers
|upkeep
|
|t:|1781032014
|switch|p2a: Gardevoir|Gardevoir, M, shiny|94/100
|-ability|p2a: Gardevoir|Justified|Trace|[from] ability: Trace|[of] p1a: Keldeo
|turn|16
|
|t:|1781032020
|-terastallize|p1a: Keldeo|Water
|move|p1a: Keldeo|Surf|p2a: Gardevoir
|-damage|p2a: Gardevoir|0 fnt
|faint|p2a: Gardevoir
|
|-heal|p1a: Keldeo|76/100|[from] item: Leftovers
|upkeep
|
|t:|1781032025
|switch|p2a: Meowscarada|Meowscarada, M|88/100
|turn|17
|
|t:|1781032028
|-terastallize|p2a: Meowscarada|Ghost
|move|p1a: Keldeo|Vacuum Wave|p2a: Meowscarada
|-immune|p2a: Meowscarada
|move|p2a: Meowscarada|Grass Knot|p1a: Keldeo
|-supereffective|p1a: Keldeo
|-damage|p1a: Keldeo|36/100
|
|-heal|p1a: Keldeo|42/100|[from] item: Leftovers
|upkeep
|turn|18
|
|t:|1781032035
|move|p2a: Meowscarada|Grass Knot|p1a: Keldeo
|-supereffective|p1a: Keldeo
|-damage|p1a: Keldeo|5/100
|move|p1a: Keldeo|Surf|p2a: Meowscarada
|-damage|p2a: Meowscarada|0 fnt
|faint|p2a: Meowscarada
|
|-heal|p1a: Keldeo|11/100|[from] item: Leftovers
|upkeep
|
|t:|1781032041
|switch|p2a: Scizor|Scizor, M|73/100
|turn|19
|
|t:|1781032043
|move|p1a: Keldeo|Vacuum Wave|p2a: Scizor
|-damage|p2a: Scizor|34/100
|move|p2a: Scizor|Bullet Punch|p1a: Keldeo
|-resisted|p1a: Keldeo
|-damage|p1a: Keldeo|0 fnt
|faint|p1a: Keldeo
|
|upkeep
|
|t:|1781032051
|switch|p1a: Cinderace|Cinderace, M|100/100
|turn|20
|
|t:|1781032054
|switch|p2a: Alomomola|Alomomola, F|100/100
|move|p1a: Cinderace|Pyro Ball|p2a: Alomomola
|-resisted|p2a: Alomomola
|-damage|p2a: Alomomola|68/100
|
|upkeep
|turn|21
|
|t:|1781032058
|switch|p1a: Gholdengo|Gholdengo|67/100
|move|p2a: Alomomola|Flip Turn|p1a: Gholdengo
|-damage|p1a: Gholdengo|40/100
|
|t:|1781032064
|switch|p2a: Scizor|Scizor, M|34/100|[from] Flip Turn
|
|upkeep
|turn|22
|
|t:|1781032068
|move|p1a: Gholdengo|Shadow Ball|p2a: Scizor
|-damage|p2a: Scizor|2/100
|move|p2a: Scizor|Knock Off|p1a: Gholdengo
|-supereffective|p1a: Gholdengo
|-damage|p1a: Gholdengo|0 fnt
|-enditem|p1a: Gholdengo|Choice Band|[from] move: Knock Off|[of] p2a: Scizor
|faint|p1a: Gholdengo
|
|upkeep
|
|t:|1781032072
|switch|p1a: Cinderace|Cinderace, M|100/100
|turn|23
|
|t:|1781032075
|switch|p2a: Mew|Mew, shiny|100/100
|move|p1a: Cinderace|U-turn|p2a: Mew
|-supereffective|p2a: Mew
|-damage|p2a: Mew|62/100
|-enditem|p2a: Mew|Weakness Policy
|-boost|p2a: Mew|atk|2|[from] item: Weakness Policy
|-boost|p2a: Mew|spa|2|[from] item: Weakness Policy
|
|t:|1781032079
|switch|p1a: Iron Valiant|Iron Valiant, shiny|87/100|[from] U-turn
|
|upkeep
|turn|24
|
|t:|1781032096
|move|p1a: Iron Valiant|Destiny Bond|p1a: Iron Valiant
|-singlemove|p1a: Iron Valiant|Destiny Bond
|move|p2a: Mew|Draining Kiss|p1a: Iron Valiant
|-supereffective|p1a: Iron Valiant
|-damage|p1a: Iron Valiant|0 fnt
|-heal|p2a: Mew|100/100|[from] drain|[of] p1a: Iron Valiant
|faint|p1a: Iron Valiant
|-activate|p1a: Iron Valiant|move: Destiny Bond
|-end|p1a: Iron Valiant|Quark Drive|[silent]
|faint|p2a: Mew
|
|upkeep
|
|t:|1781032100
|switch|p1a: Cinderace|Cinderace, M|100/100
|switch|p2a: Alomomola|Alomomola, F|100/100
|turn|25
|
|t:|1781032106
|move|p1a: Cinderace|Pyro Ball|p2a: Alomomola|[miss]
|-miss|p1a: Cinderace|p2a: Alomomola
|move|p2a: Alomomola|Flip Turn|p1a: Cinderace
|-supereffective|p1a: Cinderace
|-damage|p1a: Cinderace|32/100
|
|t:|1781032109
|switch|p2a: Scizor|Scizor, M|2/100|[from] Flip Turn
|
|upkeep
|turn|26
|
|t:|1781032111
|move|p2a: Scizor|Bullet Punch|p1a: Cinderace
|-resisted|p1a: Cinderace
|-damage|p1a: Cinderace|13/100
|move|p1a: Cinderace|Pyro Ball|p2a: Scizor|[miss]
|-miss|p1a: Cinderace|p2a: Scizor
|
|upkeep
|turn|27
|-message|11thtiergbone forfeited.
|
|win|cachowcapow
|raw|11thtiergbone's rating: 1644 &rarr; <strong>1622</strong><br />(-22 for losing)
|raw|cachowcapow's rating: 1608 &rarr; <strong>1630</strong><br />(+22 for winning)
|l|☆11thtiergbone
|player|p1|
|l|☆cachowcapow
|player|p2|
