|j|☆temporarylight
|j|☆karakel
|t:|1781223394
|gametype|singles
|player|p1|temporarylight|jogger|1651
|player|p2|karakel|cowgirl|1735
|gen|9
|tier|[Gen 9] OU
|rated|
|rule|HP Percentage Mod: HP is shown in percentages
|rule|Endless Battle Clause: Forcing endless battles is banned
|rule|Species Clause: Limit one of each Pokémon
|rule|OHKO Clause: OHKO moves are banned
|rule|Evasion Items Clause: Evasion items are banned
|rule|Evasion Moves Clause: Evasion moves are banned
|rule|Evasion Abilities Clause: Evasion abilities are banned
|rule|Sleep Moves Clause: Sleep-inducing moves are banned
|clearpoke
|poke|p1|Zamazenta-*|
|poke|p1|Enamorus, F|
|poke|p1|Ogerpon-Wellspring, F|
|poke|p1|Ursaluna, M|
|poke|p1|Glimmora, F|
|poke|p1|Cresselia, F|
|poke|p2|Lilligant-Hisui, F|
|poke|p2|Ninetales, F|
|poke|p2|Great Tusk|
|poke|p2|Walking Wake|
|poke|p2|Cresselia, F|
|poke|p2|Cinderace, F|
|teampreview
|inactive|Battle timer is ON: inactive players will automatically lose when time's up. (requested by temporarylight)
|inactive|karakel also wants the timer to be on.
|
|t:|1781223409
|teamsize|p1|6
|teamsize|p2|6
|start
|switch|p1a: Zamazenta|Zamazenta|100/100
|switch|p2a: Ninetales|Ninetales, F|100/100
|-ability|p1a: Zamazenta|Dauntless Shield|boost
|-boost|p1a: Zamazenta|def|1
|-weather|SunnyDay|[from] ability: Drought|[of] p2a: Ninetales
|turn|1
|j| TheSacredJackal⨕
|inactive|karakel has 120 seconds left.
|
|t:|1781223440
|switch|p2a: Cresselia|Cresselia, F|100/100
|move|p1a: Zamazenta|Light Screen|p1a: Zamazenta
|-sidestart|p1: temporarylight|move: Light Screen
|
|-weather|SunnyDay|[upkeep]
|upkeep
|turn|2
|
|t:|1781223448
|move|p1a: Zamazenta|Reflect|p1a: Zamazenta
|-sidestart|p1: temporarylight|Reflect
|move|p2a: Cresselia|Thunder Wave|p1a: Zamazenta
|-status|p1a: Zamazenta|par
|
|-weather|SunnyDay|[upkeep]
|upkeep
|turn|3
|
|t:|1781223457
|switch|p1a: Ursaluna|Ursaluna, M|100/100
|move|p2a: Cresselia|Ice Beam|p1a: Ursaluna
|-supereffective|p1a: Ursaluna
|-damage|p1a: Ursaluna|85/100
|
|-weather|SunnyDay|[upkeep]
|-status|p1a: Ursaluna|brn|[from] item: Flame Orb
|upkeep
|turn|4
|
|t:|1781223464
|move|p1a: Ursaluna|Swords Dance|p1a: Ursaluna
|-boost|p1a: Ursaluna|atk|2
|move|p2a: Cresselia|Ice Beam|p1a: Ursaluna
|-supereffective|p1a: Ursaluna
|-damage|p1a: Ursaluna|68/100 brn
|
|-weather|SunnyDay|[upkeep]
|-damage|p1a: Ursaluna|62/100 brn|[from] brn
|upkeep
|turn|5
|
|t:|1781223469
|move|p1a: Ursaluna|Trailblaze|p2a: Cresselia
|-damage|p2a: Cresselia|70/100
|-boost|p1a: Ursaluna|spe|1
|-enditem|p2a: Cresselia|Eject Button
|
|t:|1781223473
|switch|p2a: Great Tusk|Great Tusk|100/100
|-activate|p2a: Great Tusk|ability: Protosynthesis
|-start|p2a: Great Tusk|protosynthesisspe
|
|-weather|SunnyDay|[upkeep]
|-damage|p1a: Ursaluna|56/100 brn|[from] brn
|upkeep
|turn|6
|
|t:|1781223498
|move|p2a: Great Tusk|Close Combat|p1a: Ursaluna
|-supereffective|p1a: Ursaluna
|-damage|p1a: Ursaluna|13/100 brn
|-unboost|p2a: Great Tusk|def|1
|-unboost|p2a: Great Tusk|spd|1
|-enditem|p2a: Great Tusk|Eject Pack
|
|t:|1781223503
|-end|p2a: Great Tusk|Protosynthesis|[silent]
|switch|p2a: Cresselia|Cresselia, F|70/100
|move|p1a: Ursaluna|Trailblaze|p2a: Cresselia
|-damage|p2a: Cresselia|35/100
|-boost|p1a: Ursaluna|spe|1
|
|-weather|SunnyDay|[upkeep]
|-damage|p1a: Ursaluna|7/100 brn|[from] brn
|upkeep
|turn|7
|
|t:|1781223509
|move|p1a: Ursaluna|Facade|p2a: Cresselia
|-damage|p2a: Cresselia|0 fnt
|faint|p2a: Cresselia
|
|-weather|SunnyDay|[upkeep]
|-damage|p1a: Ursaluna|0 fnt|[from] brn
|faint|p1a: Ursaluna
|upkeep
|
|t:|1781223521
|switch|p1a: Enamorus|Enamorus, F|100/100
|switch|p2a: Cinderace|Cinderace, F|100/100
|turn|8
|
|t:|1781223534
|switch|p2a: Great Tusk|Great Tusk|100/100
|-activate|p2a: Great Tusk|ability: Protosynthesis
|-start|p2a: Great Tusk|protosynthesisspe
|move|p1a: Enamorus|Earth Power|p2a: Great Tusk
|-damage|p2a: Great Tusk|36/100
|-damage|p1a: Enamorus|91/100|[from] item: Life Orb
|
|-weather|none
|-end|p2a: Great Tusk|Protosynthesis
|-sideend|p1: temporarylight|move: Light Screen
|upkeep
|turn|9
|
|t:|1781223542
|move|p1a: Enamorus|Agility|p1a: Enamorus
|-unboost|p1a: Enamorus|spe|2
|move|p2a: Great Tusk|Ice Spinner|p1a: Enamorus
|-supereffective|p1a: Enamorus
|-damage|p1a: Enamorus|51/100
|
|-sideend|p1: temporarylight|Reflect
|upkeep
|turn|10
|c|☆temporarylight|oops
|
|t:|1781223552
|move|p2a: Great Tusk|Ice Spinner|p1a: Enamorus
|-supereffective|p1a: Enamorus
|-damage|p1a: Enamorus|0 fnt
|faint|p1a: Enamorus
|
|upkeep
|c|☆karakel|real
|c| TheSacredJackal⨕|it happen
|c|☆temporarylight|erm...
|j| have we gone
|c|☆temporarylight|awkward
|c| TheSacredJackal⨕|youre okay
|
|t:|1781223570
|switch|p1a: Ogerpon|Ogerpon-Wellspring, F|100/100
|turn|11
|
|t:|1781223576
|move|p1a: Ogerpon|Trailblaze|p2a: Great Tusk
|-supereffective|p2a: Great Tusk
|-damage|p2a: Great Tusk|0 fnt
|-boost|p1a: Ogerpon|spe|1
|faint|p2a: Great Tusk
|-end|p2a: Great Tusk|Protosynthesis|[silent]
|
|upkeep
|l| have we gone
|
|t:|1781223582
|switch|p2a: Cinderace|Cinderace, F|100/100
|turn|12
|c| TheSacredJackal⨕|also your ursaluna set is so intriguing
|
|t:|1781223590
|move|p2a: Cinderace|U-turn|p1a: Ogerpon
|-start|p2a: Cinderace|typechange|Bug|[from] ability: Libero
|-supereffective|p1a: Ogerpon
|-damage|p1a: Ogerpon|7/100
|j| Gholdman Sacks
|
|t:|1781223595
|switch|p2a: Lilligant|Lilligant-Hisui, F|100/100|[from] U-turn
|move|p1a: Ogerpon|Ivy Cudgel|p2a: Lilligant|[anim] Ivy Cudgel Water
|-resisted|p2a: Lilligant
|-damage|p2a: Lilligant|58/100
|
|-heal|p2a: Lilligant|65/100|[from] item: Leftovers
|upkeep
|turn|13
|
|t:|1781223604
|switch|p1a: Glimmora|Glimmora, F|100/100
|move|p2a: Lilligant|Leaf Blade|p1a: Glimmora
|-damage|p1a: Glimmora|59/100
|-activate|p1a: Glimmora|ability: Toxic Debris
|-sidestart|p2: karakel|move: Toxic Spikes
|-enditem|p1a: Glimmora|Red Card|[of] p2a: Lilligant
|drag|p2a: Cinderace|Cinderace, F|100/100
|-status|p2a: Cinderace|psn
|
|-damage|p2a: Cinderace|88/100 psn|[from] psn
|upkeep
|turn|14
|
|t:|1781223613
|move|p2a: Cinderace|U-turn|p1a: Glimmora
|-start|p2a: Cinderace|typechange|Bug|[from] ability: Libero
|-resisted|p1a: Glimmora
|-damage|p1a: Glimmora|43/100
|-activate|p1a: Glimmora|ability: Toxic Debris
|-sidestart|p2: karakel|move: Toxic Spikes
|
|t:|1781223615
|switch|p2a: Ninetales|Ninetales, F|100/100|[from] U-turn
|-status|p2a: Ninetales|tox
|-weather|SunnyDay|[from] ability: Drought|[of] p2a: Ninetales
|move|p1a: Glimmora|Stealth Rock|p2a: Ninetales
|-sidestart|p2: karakel|move: Stealth Rock
|
|-weather|SunnyDay|[upkeep]
|-damage|p2a: Ninetales|94/100 tox|[from] psn
|upkeep
|turn|15
|
|t:|1781223624
|switch|p2a: Lilligant|Lilligant-Hisui, F|65/100
|-status|p2a: Lilligant|tox
|-damage|p2a: Lilligant|58/100 tox|[from] Stealth Rock
|switch|p1a: Zamazenta|Zamazenta|100/100 par
|
|-weather|SunnyDay|[upkeep]
|-heal|p2a: Lilligant|65/100 tox|[from] item: Leftovers
|-damage|p2a: Lilligant|58/100 tox|[from] psn
|upkeep
|turn|16
|
|t:|1781223630
|move|p2a: Lilligant|Close Combat|p1a: Zamazenta
|-damage|p1a: Zamazenta|56/100 par
|-unboost|p2a: Lilligant|def|1
|-unboost|p2a: Lilligant|spd|1
|move|p1a: Zamazenta|Reflect|p1a: Zamazenta
|-sidestart|p1: temporarylight|Reflect
|
|-weather|SunnyDay|[upkeep]
|-heal|p2a: Lilligant|65/100 tox|[from] item: Leftovers
|-damage|p2a: Lilligant|52/100 tox|[from] psn
|upkeep
|turn|17
|
|t:|1781223637
|switch|p2a: Cinderace|Cinderace, F|88/100 psn
|-damage|p2a: Cinderace|63/100 psn|[from] Stealth Rock
|move|p1a: Zamazenta|Light Screen|p1a: Zamazenta
|-sidestart|p1: temporarylight|move: Light Screen
|
|-weather|SunnyDay|[upkeep]
|-damage|p2a: Cinderace|51/100 psn|[from] psn
|upkeep
|turn|18
|
|t:|1781223641
|move|p2a: Cinderace|Court Change|p2a: Cinderace
|-start|p2a: Cinderace|typechange|Normal|[from] ability: Libero
|-swapsideconditions
|-activate|p2a: Cinderace|move: Court Change
|move|p1a: Zamazenta|Reflect|p1a: Zamazenta
|-sidestart|p1: temporarylight|Reflect
|
|-weather|SunnyDay|[upkeep]
|-damage|p2a: Cinderace|39/100 psn|[from] psn
|upkeep
|turn|19
|
|t:|1781223647
|switch|p2a: Walking Wake|Walking Wake|100/100
|-activate|p2a: Walking Wake|ability: Protosynthesis
|-start|p2a: Walking Wake|protosynthesisspa
|cant|p1a: Zamazenta|par
|
|-weather|SunnyDay|[upkeep]
|upkeep
|turn|20
|c|☆temporarylight|damn
|
|t:|1781223660
|switch|p1a: Glimmora|Glimmora, F|43/100
|-sideend|p1: temporarylight|move: Toxic Spikes|[of] p1a: Glimmora
|-damage|p1a: Glimmora|31/100|[from] Stealth Rock
|move|p2a: Walking Wake|Dragon Pulse|p1a: Glimmora
|-damage|p1a: Glimmora|0 fnt
|faint|p1a: Glimmora
|
|-weather|SunnyDay|[upkeep]
|upkeep
|
|t:|1781223663
|switch|p1a: Cresselia|Cresselia, F|100/100
|-damage|p1a: Cresselia|88/100|[from] Stealth Rock
|turn|21
|
|t:|1781223669
|-terastallize|p1a: Cresselia|Fairy
|move|p2a: Walking Wake|Dragon Pulse|p1a: Cresselia
|-immune|p1a: Cresselia
|move|p1a: Cresselia|Calm Mind|p1a: Cresselia
|-boost|p1a: Cresselia|spa|1
|-boost|p1a: Cresselia|spd|1
|
|-weather|none
|-end|p2a: Walking Wake|Protosynthesis
|-heal|p1a: Cresselia|94/100|[from] item: Leftovers
|upkeep
|turn|22
|c| TheSacredJackal⨕|i love court change against screens
|
|t:|1781223673
|-end|p2a: Walking Wake|Protosynthesis|[silent]
|switch|p2a: Ninetales|Ninetales, F|94/100 tox
|-weather|SunnyDay|[from] ability: Drought|[of] p2a: Ninetales
|move|p1a: Cresselia|Calm Mind|p1a: Cresselia
|-boost|p1a: Cresselia|spa|1
|-boost|p1a: Cresselia|spd|1
|
|-weather|SunnyDay|[upkeep]
|-heal|p1a: Cresselia|100/100|[from] item: Leftovers
|-damage|p2a: Ninetales|88/100 tox|[from] psn
|upkeep
|turn|23
|j| Puyu paz
|
|t:|1781223678
|move|p2a: Ninetales|Encore|p1a: Cresselia
|-start|p1a: Cresselia|Encore
|move|p1a: Cresselia|Calm Mind|p1a: Cresselia
|-boost|p1a: Cresselia|spa|1
|-boost|p1a: Cresselia|spd|1
|
|-weather|SunnyDay|[upkeep]
|-damage|p2a: Ninetales|76/100 tox|[from] psn
|-sideend|p2: karakel|Reflect
|upkeep
|turn|24
|
|t:|1781223680
|move|p1a: Cresselia|Calm Mind|p1a: Cresselia
|-boost|p1a: Cresselia|spa|1
|-boost|p1a: Cresselia|spd|1
|move|p2a: Ninetales|Roar|p1a: Cresselia
|drag|p1a: Zamazenta|Zamazenta|56/100 par
|-damage|p1a: Zamazenta|50/100 par|[from] Stealth Rock
|
|-weather|SunnyDay|[upkeep]
|-damage|p2a: Ninetales|58/100 tox|[from] psn
|-sideend|p2: karakel|move: Light Screen
|upkeep
|turn|25
|
|t:|1781223684
|switch|p2a: Walking Wake|Walking Wake|100/100
|-activate|p2a: Walking Wake|ability: Protosynthesis
|-start|p2a: Walking Wake|protosynthesisspa
|cant|p1a: Zamazenta|par
|
|-weather|SunnyDay|[upkeep]
|-sideend|p1: temporarylight|Reflect
|upkeep
|turn|26
|c|☆temporarylight|bro
|c|☆temporarylight|i clicked light screen both times smh
|c|☆karakel|sry
|
|t:|1781223697
|move|p2a: Walking Wake|Weather Ball|p1a: Zamazenta
|-damage|p1a: Zamazenta|0 fnt
|faint|p1a: Zamazenta
|
|-weather|SunnyDay|[upkeep]
|upkeep
|
|t:|1781223701
|switch|p1a: Cresselia|Cresselia, F, tera:Fairy|100/100
|-damage|p1a: Cresselia|88/100|[from] Stealth Rock
|turn|27
|c| TheSacredJackal⨕|i fought a hail team once and they instantly forfeited when i swapped it lmao
|c|☆karakel|yeah i figured
|
|t:|1781223707
|move|p2a: Walking Wake|Weather Ball|p1a: Cresselia
|-damage|p1a: Cresselia|14/100
|move|p1a: Cresselia|Moonblast|p2a: Walking Wake
|-supereffective|p2a: Walking Wake
|-damage|p2a: Walking Wake|27/100
|
|-weather|SunnyDay|[upkeep]
|-heal|p1a: Cresselia|20/100|[from] item: Leftovers
|upkeep
|turn|28
|
|t:|1781223712
|move|p2a: Walking Wake|Weather Ball|p1a: Cresselia
|-damage|p1a: Cresselia|0 fnt
|faint|p1a: Cresselia
|
|-weather|SunnyDay|[upkeep]
|upkeep
|
|t:|1781223713
|switch|p1a: Ogerpon|Ogerpon-Wellspring, F|7/100
|-damage|p1a: Ogerpon|0 fnt|[from] Stealth Rock
|faint|p1a: Ogerpon
|
|win|karakel
|raw|temporarylight's rating: 1651 &rarr; <strong>1636</strong><br />(-15 for losing)
|raw|karakel's rating: 1735 &rarr; <strong>1750</strong><br />(+15 for winning)
|c|☆karakel|gg
|c|☆temporarylight|gg
|l| Puyu paz
|l|☆temporarylight
|player|p1|
|l| TheSacredJackal⨕
