|j|☆fly casanova
|j|☆lklowxhn
|t:|1781063089
|gametype|singles
|player|p1|fly casanova|gamer-gen3|1531
|player|p2|lklowxhn|miku-ghost|1669
|gen|9
|tier|[Gen 9] OU
|rated|
|rule|HP Percentage Mod: HP is shown in percentages
|rule|Endless Battle Clause: Forcing endless battles is banned
|rule|Species Clause: Limit one of each Pokémon
|rule|OHKO Clause: OHKO moves are banned
|rule|Evasion Items Clause: Evasion items are banned
|rule|Evasion Moves Clause: Evasion moves are banned
|rule|Evasion Abilities Clause: Evasion abilities are banned
|rule|Sleep Moves Clause: Sleep-inducing moves are banned
|clearpoke
|poke|p1|Ting-Lu|
|poke|p1|Gliscor, M|
|poke|p1|Sinistcha-Masterpiece|
|poke|p1|Keldeo|
|poke|p1|Tinkaton, F|
|poke|p1|Dragonite, F|
|poke|p2|Serperior, F|
|poke|p2|Slowbro, F|
|poke|p2|Fezandipiti, M|
|poke|p2|Great Tusk|
|poke|p2|Tornadus-Therian, M|
|poke|p2|Heatran, M|
|teampreview
|inactive|Battle timer is ON: inactive players will automatically lose when time's up. (requested by lklowxhn)
|inactive|fly casanova has 120 seconds left.
|
|t:|1781063131
|teamsize|p1|6
|teamsize|p2|6
|start
|switch|p1a: Gliscor|Gliscor, M|100/100
|switch|p2a: Great Tusk|Great Tusk|100/100
|-enditem|p2a: Great Tusk|Booster Energy
|-activate|p2a: Great Tusk|ability: Protosynthesis|[fromitem]
|-start|p2a: Great Tusk|protosynthesisatk
|turn|1
|inactive|lklowxhn has 120 seconds left.
|
|t:|1781063177
|switch|p1a: Tinkaton|Tinkaton, F|100/100
|-ability|p1a: Tinkaton|Mold Breaker
|-item|p1a: Tinkaton|Air Balloon
|move|p2a: Great Tusk|Ice Spinner|p1a: Tinkaton
|-resisted|p1a: Tinkaton
|-damage|p1a: Tinkaton|81/100
|-enditem|p1a: Tinkaton|Air Balloon
|
|upkeep
|turn|2
|
|t:|1781063181
|move|p1a: Tinkaton|Encore|p2a: Great Tusk
|-start|p2a: Great Tusk|Encore
|move|p2a: Great Tusk|Ice Spinner|p1a: Tinkaton
|-resisted|p1a: Tinkaton
|-damage|p1a: Tinkaton|61/100
|
|upkeep
|turn|3
|j| jsb1233
|inactive|lklowxhn has 120 seconds left.
|
|t:|1781063206
|move|p1a: Tinkaton|Stealth Rock|p2a: Great Tusk
|-sidestart|p2: lklowxhn|move: Stealth Rock
|move|p2a: Great Tusk|Ice Spinner|p1a: Tinkaton
|-resisted|p1a: Tinkaton
|-crit|p1a: Tinkaton
|-damage|p1a: Tinkaton|31/100
|
|upkeep
|turn|4
|
|t:|1781063229
|switch|p1a: Keldeo|Keldeo|100/100
|move|p2a: Great Tusk|Ice Spinner|p1a: Keldeo
|-resisted|p1a: Keldeo
|-damage|p1a: Keldeo|79/100
|
|-end|p2a: Great Tusk|Encore
|upkeep
|turn|5
|
|t:|1781063232
|-end|p2a: Great Tusk|Protosynthesis|[silent]
|switch|p2a: 小树林|Slowbro, F|100/100
|-damage|p2a: 小树林|88/100|[from] Stealth Rock
|move|p1a: Keldeo|Surf|p2a: 小树林
|-resisted|p2a: 小树林
|-damage|p2a: 小树林|63/100
|
|upkeep
|turn|6
|
|t:|1781063239
|move|p1a: Keldeo|Flip Turn|p2a: 小树林
|-resisted|p2a: 小树林
|-damage|p2a: 小树林|59/100
|
|t:|1781063246
|switch|p1a: Tinkaton|Tinkaton, F|31/100|[from] Flip Turn
|-ability|p1a: Tinkaton|Mold Breaker
|move|p2a: 小树林|Future Sight|p1a: Tinkaton
|-start|p2a: 小树林|move: Future Sight
|
|upkeep
|turn|7
|
|t:|1781063257
|switch|p1a: Ting-Lu|Ting-Lu|100/100
|-ability|p1a: Ting-Lu|Vessel of Ruin
|switch|p2a: Great Tusk|Great Tusk|100/100
|-damage|p2a: Great Tusk|98/100|[from] Stealth Rock
|
|upkeep
|turn|8
|
|t:|1781063264
|move|p2a: Great Tusk|Close Combat|p1a: Ting-Lu
|-supereffective|p1a: Ting-Lu
|-damage|p1a: Ting-Lu|36/100
|-unboost|p2a: Great Tusk|def|1
|-unboost|p2a: Great Tusk|spd|1
|move|p1a: Ting-Lu|Ruination|p2a: Great Tusk
|-damage|p2a: Great Tusk|49/100
|
|-end|p1a: Ting-Lu|move: Future Sight
|-immune|p1a: Ting-Lu
|-heal|p1a: Ting-Lu|43/100|[from] item: Leftovers
|upkeep
|turn|9
|
|t:|1781063270
|switch|p1a: Sinistcha|Sinistcha-Masterpiece|100/100
|move|p2a: Great Tusk|Close Combat|p1a: Sinistcha
|-immune|p1a: Sinistcha
|
|upkeep
|turn|10
|
|t:|1781063275
|-end|p2a: Great Tusk|Protosynthesis|[silent]
|switch|p2a: Heatran|Heatran, M|100/100
|-damage|p2a: Heatran|88/100|[from] Stealth Rock
|move|p1a: Sinistcha|Shadow Ball|p2a: Heatran
|-damage|p2a: Heatran|69/100
|
|-heal|p2a: Heatran|75/100|[from] item: Leftovers
|upkeep
|turn|11
|
|t:|1781063280
|switch|p1a: Keldeo|Keldeo|79/100
|move|p2a: Heatran|Magma Storm|p1a: Keldeo|[miss]
|-miss|p2a: Heatran|p1a: Keldeo
|
|-heal|p2a: Heatran|82/100|[from] item: Leftovers
|upkeep
|turn|12
|
|t:|1781063285
|switch|p2a: 小树林|Slowbro, F|92/100
|-damage|p2a: 小树林|79/100|[from] Stealth Rock
|move|p1a: Keldeo|Flip Turn|p2a: 小树林
|-resisted|p2a: 小树林
|-damage|p2a: 小树林|75/100
|
|t:|1781063289
|switch|p1a: Sinistcha|Sinistcha-Masterpiece|100/100|[from] Flip Turn
|
|upkeep
|turn|13
|j| nepturee
|
|t:|1781063296
|switch|p1a: Ting-Lu|Ting-Lu|43/100
|-ability|p1a: Ting-Lu|Vessel of Ruin
|switch|p2a: Heatran|Heatran, M|82/100
|-damage|p2a: Heatran|69/100|[from] Stealth Rock
|
|-heal|p2a: Heatran|75/100|[from] item: Leftovers
|-heal|p1a: Ting-Lu|49/100|[from] item: Leftovers
|upkeep
|turn|14
|
|t:|1781063301
|switch|p2a: Tornadus|Tornadus-Therian, M|100/100
|move|p1a: Ting-Lu|Whirlwind|p2a: Tornadus
|drag|p2a: Fezandipiti|Fezandipiti, M|100/100
|-damage|p2a: Fezandipiti|88/100|[from] Stealth Rock
|
|-heal|p2a: Fezandipiti|94/100|[from] item: Leftovers
|-heal|p1a: Ting-Lu|55/100|[from] item: Leftovers
|upkeep
|turn|15
|
|t:|1781063307
|switch|p1a: Tinkaton|Tinkaton, F|31/100
|-ability|p1a: Tinkaton|Mold Breaker
|move|p2a: Fezandipiti|U-turn|p1a: Tinkaton
|-resisted|p1a: Tinkaton
|-damage|p1a: Tinkaton|27/100
|
|t:|1781063311
|switch|p2a: Tornadus|Tornadus-Therian, M|100/100|[from] U-turn
|
|upkeep
|turn|16
|
|t:|1781063315
|switch|p1a: Ting-Lu|Ting-Lu|55/100
|-ability|p1a: Ting-Lu|Vessel of Ruin
|move|p2a: Tornadus|Heat Wave|p1a: Ting-Lu
|-damage|p1a: Ting-Lu|43/100
|
|-heal|p1a: Ting-Lu|50/100|[from] item: Leftovers
|upkeep
|turn|17
|
|t:|1781063318
|move|p2a: Tornadus|Focus Blast|p1a: Ting-Lu
|-supereffective|p1a: Ting-Lu
|-damage|p1a: Ting-Lu|21/100
|move|p1a: Ting-Lu|Spikes|p2a: Tornadus
|-sidestart|p2: lklowxhn|Spikes
|
|-heal|p1a: Ting-Lu|28/100|[from] item: Leftovers
|upkeep
|turn|18
|
|t:|1781063326
|move|p2a: Tornadus|Nasty Plot|p2a: Tornadus
|-boost|p2a: Tornadus|spa|2
|move|p1a: Ting-Lu|Whirlwind|p2a: Tornadus
|drag|p2a: 小树林|Slowbro, F|100/100
|-damage|p2a: 小树林|88/100|[from] Stealth Rock
|-damage|p2a: 小树林|76/100|[from] Spikes
|
|-heal|p1a: Ting-Lu|34/100|[from] item: Leftovers
|upkeep
|turn|19
|l| jsb1233
|
|t:|1781063336
|move|p1a: Ting-Lu|Spikes|p2a: 小树林
|-sidestart|p2: lklowxhn|Spikes
|move|p2a: 小树林|Body Press|p1a: Ting-Lu
|-supereffective|p1a: Ting-Lu
|-damage|p1a: Ting-Lu|3/100
|
|-heal|p1a: Ting-Lu|9/100|[from] item: Leftovers
|upkeep
|turn|20
|
|t:|1781063342
|switch|p1a: Sinistcha|Sinistcha-Masterpiece|100/100
|move|p2a: 小树林|Scald|p1a: Sinistcha
|-resisted|p1a: Sinistcha
|-damage|p1a: Sinistcha|85/100
|-status|p1a: Sinistcha|brn
|
|-damage|p1a: Sinistcha|82/100 brn|[from] brn
|upkeep
|turn|21
|
|t:|1781063347
|switch|p2a: Tornadus|Tornadus-Therian, M|100/100
|move|p1a: Sinistcha|Shadow Ball|p2a: Tornadus
|-crit|p2a: Tornadus
|-damage|p2a: Tornadus|41/100
|
|-damage|p1a: Sinistcha|79/100 brn|[from] brn
|upkeep
|turn|22
|
|t:|1781063359
|switch|p2a: Great Tusk|Great Tusk|49/100
|-damage|p2a: Great Tusk|46/100|[from] Stealth Rock
|-damage|p2a: Great Tusk|30/100|[from] Spikes
|switch|p1a: Tinkaton|Tinkaton, F|27/100
|-ability|p1a: Tinkaton|Mold Breaker
|
|upkeep
|turn|23
|
|t:|1781063377
|switch|p1a: Sinistcha|Sinistcha-Masterpiece|79/100 brn
|move|p2a: Great Tusk|Rapid Spin|p1a: Sinistcha
|-immune|p1a: Sinistcha
|
|-damage|p1a: Sinistcha|76/100 brn|[from] brn
|upkeep
|turn|24
|
|t:|1781063384
|-end|p2a: Great Tusk|Protosynthesis|[silent]
|switch|p2a: Tornadus|Tornadus-Therian, M|74/100
|move|p1a: Sinistcha|Matcha Gotcha|p2a: Tornadus
|-resisted|p2a: Tornadus
|-damage|p2a: Tornadus|55/100
|-heal|p1a: Sinistcha|85/100 brn|[from] drain|[of] p2a: Tornadus
|
|-damage|p1a: Sinistcha|82/100 brn|[from] brn
|upkeep
|turn|25
|
|t:|1781063389
|switch|p1a: Tinkaton|Tinkaton, F|27/100
|-ability|p1a: Tinkaton|Mold Breaker
|move|p2a: Tornadus|Bleakwind Storm|p1a: Tinkaton
|-resisted|p1a: Tinkaton
|-damage|p1a: Tinkaton|9/100
|-unboost|p1a: Tinkaton|spe|1
|
|upkeep
|turn|26
|j| yuureisuisei
|
|t:|1781063395
|move|p2a: Tornadus|Heat Wave|p1a: Tinkaton
|-supereffective|p1a: Tinkaton
|-damage|p1a: Tinkaton|0 fnt
|faint|p1a: Tinkaton
|
|upkeep
|
|t:|1781063404
|switch|p1a: Dragonite|Dragonite, F|100/100
|turn|27
|
|t:|1781063407
|switch|p2a: 小树林|Slowbro, F|100/100
|-damage|p2a: 小树林|88/100|[from] Stealth Rock
|-damage|p2a: 小树林|72/100|[from] Spikes
|move|p1a: Dragonite|Dragon Tail|p2a: 小树林
|-damage|p2a: 小树林|52/100
|drag|p2a: Tornadus|Tornadus-Therian, M|88/100
|
|upkeep
|turn|28
|
|t:|1781063417
|move|p2a: Tornadus|Bleakwind Storm|p1a: Dragonite
|-damage|p1a: Dragonite|79/100
|move|p1a: Dragonite|Dragon Tail|p2a: Tornadus
|-damage|p2a: Tornadus|42/100
|drag|p2a: Great Tusk|Great Tusk|30/100
|-damage|p2a: Great Tusk|27/100|[from] Stealth Rock
|-damage|p2a: Great Tusk|10/100|[from] Spikes
|
|upkeep
|turn|29
|
|t:|1781063424
|move|p1a: Dragonite|Extreme Speed|p2a: Great Tusk
|-damage|p2a: Great Tusk|0 fnt
|faint|p2a: Great Tusk
|-end|p2a: Great Tusk|Protosynthesis|[silent]
|
|upkeep
|
|t:|1781063429
|switch|p2a: Tornadus|Tornadus-Therian, M|75/100
|turn|30
|
|t:|1781063439
|move|p1a: Dragonite|Extreme Speed|p2a: Tornadus
|-damage|p2a: Tornadus|35/100
|move|p2a: Tornadus|Bleakwind Storm|p1a: Dragonite
|-damage|p1a: Dragonite|36/100
|
|upkeep
|turn|31
|l| yuureisuisei
|
|t:|1781063445
|switch|p2a: 小树林|Slowbro, F|85/100
|-damage|p2a: 小树林|72/100|[from] Stealth Rock
|-damage|p2a: 小树林|56/100|[from] Spikes
|move|p1a: Dragonite|Extreme Speed|p2a: 小树林
|-damage|p2a: 小树林|38/100
|
|upkeep
|turn|32
|
|t:|1781063458
|move|p1a: Dragonite|Roost|p1a: Dragonite
|-heal|p1a: Dragonite|86/100
|-singleturn|p1a: Dragonite|move: Roost
|move|p2a: 小树林|Ice Beam|p1a: Dragonite
|-supereffective|p1a: Dragonite
|-damage|p1a: Dragonite|49/100
|
|upkeep
|turn|33
|
|t:|1781063472
|switch|p1a: Keldeo|Keldeo|79/100
|move|p2a: 小树林|Ice Beam|p1a: Keldeo
|-resisted|p1a: Keldeo
|-damage|p1a: Keldeo|67/100
|
|upkeep
|turn|34
|
|t:|1781063478
|move|p1a: Keldeo|Flip Turn|p2a: 小树林
|-resisted|p2a: 小树林
|-damage|p2a: 小树林|34/100
|
|t:|1781063479
|switch|p1a: Gliscor|Gliscor, M|100/100|[from] Flip Turn
|move|p2a: 小树林|Future Sight|p1a: Gliscor
|-start|p2a: 小树林|move: Future Sight
|
|-status|p1a: Gliscor|tox|[from] item: Toxic Orb
|upkeep
|turn|35
|
|t:|1781063485
|switch|p1a: Keldeo|Keldeo|67/100
|move|p2a: 小树林|Ice Beam|p1a: Keldeo
|-resisted|p1a: Keldeo
|-damage|p1a: Keldeo|56/100
|
|upkeep
|turn|36
|
|t:|1781063492
|move|p1a: Keldeo|Flip Turn|p2a: 小树林
|-resisted|p2a: 小树林
|-damage|p2a: 小树林|29/100
|
|t:|1781063493
|switch|p1a: Ting-Lu|Ting-Lu|9/100|[from] Flip Turn
|-ability|p1a: Ting-Lu|Vessel of Ruin
|move|p2a: 小树林|Ice Beam|p1a: Ting-Lu
|-supereffective|p1a: Ting-Lu
|-damage|p1a: Ting-Lu|0 fnt
|faint|p1a: Ting-Lu
|
|-hint|Future Sight did not hit because the target is fainted.
|upkeep
|
|t:|1781063518
|switch|p1a: Gliscor|Gliscor, M|100/100 tox
|turn|37
|
|t:|1781063533
|switch|p2a: Serperior|Serperior, F|100/100
|-damage|p2a: Serperior|88/100|[from] Stealth Rock
|-damage|p2a: Serperior|72/100|[from] Spikes
|move|p1a: Gliscor|Knock Off|p2a: Serperior
|-damage|p2a: Serperior|47/100
|-enditem|p2a: Serperior|Leftovers|[from] move: Knock Off|[of] p1a: Gliscor
|
|upkeep
|turn|38
|
|t:|1781063560
|switch|p1a: Dragonite|Dragonite, F|49/100
|move|p2a: Serperior|Leech Seed|p1a: Dragonite|[miss]
|-miss|p2a: Serperior|p1a: Dragonite
|
|upkeep
|turn|39
|
|t:|1781063571
|-terastallize|p1a: Dragonite|Normal
|move|p1a: Dragonite|Extreme Speed|p2a: Serperior
|-damage|p2a: Serperior|0 fnt
|faint|p2a: Serperior
|
|upkeep
|
|t:|1781063580
|switch|p2a: Fezandipiti|Fezandipiti, M|94/100
|-damage|p2a: Fezandipiti|82/100|[from] Stealth Rock
|-damage|p2a: Fezandipiti|65/100|[from] Spikes
|turn|40
|
|t:|1781063586
|move|p2a: Fezandipiti|Beat Up|p1a: Dragonite
|-damage|p1a: Dragonite|46/100
|-damage|p1a: Dragonite|43/100
|-damage|p1a: Dragonite|41/100
|-damage|p1a: Dragonite|38/100
|-hitcount|p1a: Dragonite|4
|move|p1a: Dragonite|Earthquake|p2a: Fezandipiti
|-supereffective|p2a: Fezandipiti
|-damage|p2a: Fezandipiti|0 fnt
|faint|p2a: Fezandipiti
|
|upkeep
|
|t:|1781063591
|switch|p2a: Tornadus|Tornadus-Therian, M|68/100
|turn|41
|
|t:|1781063620
|switch|p1a: Keldeo|Keldeo|56/100
|move|p2a: Tornadus|Focus Blast|p1a: Keldeo
|-damage|p1a: Keldeo|11/100
|
|upkeep
|turn|42
|
|t:|1781063625
|move|p1a: Keldeo|Vacuum Wave|p2a: Tornadus
|-resisted|p2a: Tornadus
|-damage|p2a: Tornadus|55/100
|move|p2a: Tornadus|Heat Wave|p1a: Keldeo
|-resisted|p1a: Keldeo
|-damage|p1a: Keldeo|0 fnt
|faint|p1a: Keldeo
|
|upkeep
|
|t:|1781063637
|switch|p1a: Gliscor|Gliscor, M|100/100 tox
|turn|43
|
|t:|1781063640
|switch|p2a: Heatran|Heatran, M|75/100
|-damage|p2a: Heatran|63/100|[from] Stealth Rock
|-damage|p2a: Heatran|46/100|[from] Spikes
|move|p1a: Gliscor|Facade|p2a: Heatran
|-resisted|p2a: Heatran
|-crit|p2a: Heatran
|-damage|p2a: Heatran|26/100
|
|-heal|p2a: Heatran|32/100|[from] item: Leftovers
|upkeep
|turn|44
|
|t:|1781063646
|move|p1a: Gliscor|Swords Dance|p1a: Gliscor
|-boost|p1a: Gliscor|atk|2
|move|p2a: Heatran|Taunt|p1a: Gliscor
|-start|p1a: Gliscor|move: Taunt
|
|-heal|p2a: Heatran|38/100|[from] item: Leftovers
|upkeep
|turn|45
|
|t:|1781063649
|move|p1a: Gliscor|Knock Off|p2a: Heatran
|-damage|p2a: Heatran|3/100
|-enditem|p2a: Heatran|Leftovers|[from] move: Knock Off|[of] p1a: Gliscor
|move|p2a: Heatran|Magma Storm|p1a: Gliscor
|-damage|p1a: Gliscor|44/100 tox
|-activate|p1a: Gliscor|move: Magma Storm|[of] p2a: Heatran
|
|-heal|p1a: Gliscor|57/100 tox|[from] ability: Poison Heal
|-damage|p1a: Gliscor|44/100 tox|[from] move: Magma Storm|[partiallytrapped]
|upkeep
|turn|46
|
|t:|1781063653
|move|p1a: Gliscor|Knock Off|p2a: Heatran
|-damage|p2a: Heatran|0 fnt
|faint|p2a: Heatran
|
|-heal|p1a: Gliscor|57/100 tox|[from] ability: Poison Heal
|-end|p1a: Gliscor|Magma Storm|[partiallytrapped]|[silent]
|upkeep
|
|t:|1781063655
|switch|p2a: Tornadus|Tornadus-Therian, M|88/100
|turn|47
|
|t:|1781063662
|move|p2a: Tornadus|Bleakwind Storm|p1a: Gliscor|[miss]
|-miss|p2a: Tornadus|p1a: Gliscor
|move|p1a: Gliscor|Facade|p2a: Tornadus
|-damage|p2a: Tornadus|0 fnt
|faint|p2a: Tornadus
|
|-heal|p1a: Gliscor|69/100 tox|[from] ability: Poison Heal
|-end|p1a: Gliscor|move: Taunt
|upkeep
|-message|lklowxhn forfeited.
|
|win|fly casanova
|raw|fly casanova's rating: 1531 &rarr; <strong>1559</strong><br />(+28 for winning)
|raw|lklowxhn's rating: 1669 &rarr; <strong>1641</strong><br />(-28 for losing)
