|j|‽I'm evil and spicy
|j|☆Belike
|t:|1781429859
|gametype|singles
|player|p1|I'm evil and spicy|265|1546
|player|p2|Belike|rocketgrunt|1549
|gen|9
|tier|[Gen 9] OU
|rated|
|rule|HP Percentage Mod: HP is shown in percentages
|rule|Endless Battle Clause: Forcing endless battles is banned
|rule|Species Clause: Limit one of each Pokémon
|rule|OHKO Clause: OHKO moves are banned
|rule|Evasion Items Clause: Evasion items are banned
|rule|Evasion Moves Clause: Evasion moves are banned
|rule|Evasion Abilities Clause: Evasion abilities are banned
|rule|Sleep Moves Clause: Sleep-inducing moves are banned
|clearpoke
|poke|p1|Alomomola, M|
|poke|p1|Corviknight, F|
|poke|p1|Toxapex, F|
|poke|p1|Hoopa-Unbound|
|poke|p1|Blissey, F|
|poke|p1|Gliscor, M|
|poke|p2|Zapdos-Galar|
|poke|p2|Garchomp, M|
|poke|p2|Umbreon, M|
|poke|p2|Cinderace, M|
|poke|p2|Thundurus-Therian, M|
|poke|p2|Serperior, F|
|teampreview
|inactive|Battle timer is ON: inactive players will automatically lose when time's up. (requested by Belike)
|
|t:|1781429871
|teamsize|p1|6
|teamsize|p2|6
|start
|switch|p1a: Toxapex|Toxapex, F|100/100
|switch|p2a: Cinderace|Cinderace, M|100/100
|turn|1
|
|t:|1781429878
|move|p2a: Cinderace|U-turn|p1a: Toxapex
|-start|p2a: Cinderace|typechange|Bug|[from] ability: Libero
|-resisted|p1a: Toxapex
|-damage|p1a: Toxapex|87/100
|
|t:|1781429881
|switch|p2a: Thundurus|Thundurus-Therian, M|100/100|[from] U-turn
|move|p1a: Toxapex|Toxic|p2a: Thundurus
|-status|p2a: Thundurus|tox
|
|-damage|p2a: Thundurus|94/100 tox|[from] psn
|upkeep
|turn|2
|
|t:|1781429893
|switch|p1a: Blissey|Blissey, F|100/100
|move|p2a: Thundurus|Dark Pulse|p1a: Blissey
|-damage|p1a: Blissey|91/100
|
|-damage|p2a: Thundurus|82/100 tox|[from] psn
|upkeep
|turn|3
|
|t:|1781429900
|switch|p2a: Garchomp|Garchomp, M|100/100
|move|p1a: Blissey|Stealth Rock|p2a: Garchomp
|-sidestart|p2: Belike|move: Stealth Rock
|
|upkeep
|turn|4
|
|t:|1781429906
|switch|p1a: Corviknight|Corviknight, F|100/100
|-ability|p1a: Corviknight|Pressure
|move|p2a: Garchomp|Stealth Rock|p1a: Corviknight
|-sidestart|p1: I'm evil and spicy|move: Stealth Rock
|
|upkeep
|turn|5
|
|t:|1781429917
|move|p2a: Garchomp|Spikes|p1a: Corviknight
|-sidestart|p1: I'm evil and spicy|Spikes
|move|p1a: Corviknight|Body Press|p2a: Garchomp
|-damage|p2a: Garchomp|78/100
|-damage|p1a: Corviknight|88/100|[from] ability: Rough Skin|[of] p2a: Garchomp
|-damage|p1a: Corviknight|72/100|[from] item: Rocky Helmet|[of] p2a: Garchomp
|
|upkeep
|turn|6
|
|t:|1781429923
|move|p2a: Garchomp|Spikes|p1a: Corviknight
|-sidestart|p1: I'm evil and spicy|Spikes
|move|p1a: Corviknight|Defog|p2a: Garchomp
|-unboost|p2a: Garchomp|evasion|1
|-sideend|p2: Belike|Stealth Rock|[from] move: Defog|[of] p1a: Corviknight
|-sideend|p1: I'm evil and spicy|Spikes|[from] move: Defog|[of] p1a: Corviknight
|-sideend|p1: I'm evil and spicy|Stealth Rock|[from] move: Defog|[of] p1a: Corviknight
|
|upkeep
|turn|7
|
|t:|1781429931
|move|p2a: Garchomp|Stealth Rock|p1a: Corviknight
|-sidestart|p1: I'm evil and spicy|move: Stealth Rock
|move|p1a: Corviknight|Iron Defense|p1a: Corviknight
|-boost|p1a: Corviknight|def|2
|
|upkeep
|turn|8
|
|t:|1781429938
|move|p1a: Corviknight|Body Press|p2a: Garchomp
|-damage|p2a: Garchomp|37/100
|-damage|p1a: Corviknight|59/100|[from] ability: Rough Skin|[of] p2a: Garchomp
|-damage|p1a: Corviknight|43/100|[from] item: Rocky Helmet|[of] p2a: Garchomp
|move|p2a: Garchomp|Dragon Tail|p1a: Corviknight
|-resisted|p1a: Corviknight
|-damage|p1a: Corviknight|37/100
|-damage|p2a: Garchomp|21/100|[from] item: Rocky Helmet|[of] p1a: Corviknight
|drag|p1a: Gliscor|Gliscor, M|100/100
|-damage|p1a: Gliscor|88/100|[from] Stealth Rock
|
|-status|p1a: Gliscor|tox|[from] item: Toxic Orb
|upkeep
|turn|9
|
|t:|1781429948
|move|p2a: Garchomp|Spikes|p1a: Gliscor
|-sidestart|p1: I'm evil and spicy|Spikes
|move|p1a: Gliscor|Spikes|p2a: Garchomp
|-sidestart|p2: Belike|Spikes
|
|-heal|p1a: Gliscor|100/100 tox|[from] ability: Poison Heal
|upkeep
|turn|10
|
|t:|1781429951
|move|p1a: Gliscor|Spikes|p2a: Garchomp
|-sidestart|p2: Belike|Spikes
|move|p2a: Garchomp|Dragon Tail|p1a: Gliscor
|-damage|p1a: Gliscor|75/100 tox
|drag|p1a: Corviknight|Corviknight, F|37/100
|-damage|p1a: Corviknight|25/100|[from] Stealth Rock
|-ability|p1a: Corviknight|Pressure
|
|upkeep
|turn|11
|
|t:|1781429958
|move|p1a: Corviknight|Roost|p1a: Corviknight
|-heal|p1a: Corviknight|75/100
|-singleturn|p1a: Corviknight|move: Roost
|move|p2a: Garchomp|Dragon Tail|p1a: Corviknight
|-resisted|p1a: Corviknight
|-damage|p1a: Corviknight|63/100
|-damage|p2a: Garchomp|4/100|[from] item: Rocky Helmet|[of] p1a: Corviknight
|drag|p1a: Hoopa|Hoopa-Unbound|100/100
|-damage|p1a: Hoopa|88/100|[from] Stealth Rock
|-damage|p1a: Hoopa|76/100|[from] Spikes
|
|upkeep
|turn|12
|
|t:|1781429969
|move|p2a: Garchomp|Earthquake|p1a: Hoopa
|-damage|p1a: Hoopa|15/100
|move|p1a: Hoopa|Psychic Noise|p2a: Garchomp
|-damage|p2a: Garchomp|0 fnt
|faint|p2a: Garchomp
|
|upkeep
|
|t:|1781429974
|switch|p2a: Serperior|Serperior, F|100/100
|-damage|p2a: Serperior|84/100|[from] Spikes
|turn|13
|
|t:|1781429983
|switch|p1a: Blissey|Blissey, F|91/100
|move|p2a: Serperior|Leaf Storm|p1a: Blissey
|-damage|p1a: Blissey|80/100
|-boost|p2a: Serperior|spa|2
|
|-heal|p2a: Serperior|90/100|[from] item: Leftovers
|upkeep
|turn|14
|
|t:|1781429991
|move|p2a: Serperior|Glare|p1a: Blissey
|-status|p1a: Blissey|par
|cant|p1a: Blissey|par
|
|-heal|p2a: Serperior|96/100|[from] item: Leftovers
|upkeep
|turn|15
|
|t:|1781429994
|move|p2a: Serperior|Leech Seed|p1a: Blissey
|-start|p1a: Blissey|move: Leech Seed
|move|p1a: Blissey|Seismic Toss|p2a: Serperior
|-damage|p2a: Serperior|68/100
|
|-heal|p2a: Serperior|74/100|[from] item: Leftovers
|-damage|p1a: Blissey|67/100 par|[from] Leech Seed|[of] p2a: Serperior
|-heal|p2a: Serperior|97/100|[silent]
|upkeep
|turn|16
|
|t:|1781429999
|-curestatus|p1a: Blissey|par|[from] ability: Natural Cure|[silent]
|switch|p1a: Toxapex|Toxapex, F|100/100
|move|p2a: Serperior|Substitute|p2a: Serperior
|-start|p2a: Serperior|Substitute
|-damage|p2a: Serperior|72/100
|
|-heal|p2a: Serperior|78/100|[from] item: Leftovers
|upkeep
|turn|17
|
|t:|1781430004
|-terastallize|p1a: Toxapex|Steel
|move|p2a: Serperior|Glare|p1a: Toxapex
|-status|p1a: Toxapex|par
|move|p1a: Toxapex|Haze|p1a: Toxapex
|-clearallboost
|
|-heal|p2a: Serperior|85/100|[from] item: Leftovers
|upkeep
|turn|18
|
|t:|1781430009
|move|p2a: Serperior|Leech Seed|p1a: Toxapex
|-start|p1a: Toxapex|move: Leech Seed
|move|p1a: Toxapex|Poison Jab|p2a: Serperior
|-supereffective|p2a: Serperior
|-end|p2a: Serperior|Substitute
|
|-heal|p2a: Serperior|91/100|[from] item: Leftovers
|-damage|p1a: Toxapex|88/100 par|[from] Leech Seed|[of] p2a: Serperior
|-heal|p2a: Serperior|100/100|[silent]
|upkeep
|turn|19
|
|t:|1781430019
|switch|p1a: Blissey|Blissey, F|67/100
|move|p2a: Serperior|Substitute|p2a: Serperior
|-start|p2a: Serperior|Substitute
|-damage|p2a: Serperior|76/100
|
|-heal|p2a: Serperior|82/100|[from] item: Leftovers
|upkeep
|turn|20
|
|t:|1781430031
|move|p2a: Serperior|Glare|p1a: Blissey
|-status|p1a: Blissey|par
|cant|p1a: Blissey|par
|
|-heal|p2a: Serperior|88/100|[from] item: Leftovers
|upkeep
|turn|21
|
|t:|1781430037
|move|p2a: Serperior|Leech Seed|p1a: Blissey
|-start|p1a: Blissey|move: Leech Seed
|move|p1a: Blissey|Soft-Boiled|p1a: Blissey
|-heal|p1a: Blissey|100/100 par
|
|-heal|p2a: Serperior|94/100|[from] item: Leftovers
|-damage|p1a: Blissey|88/100 par|[from] Leech Seed|[of] p2a: Serperior
|-heal|p2a: Serperior|100/100|[silent]
|upkeep
|turn|22
|
|t:|1781430040
|-curestatus|p1a: Blissey|par|[from] ability: Natural Cure|[silent]
|switch|p1a: Corviknight|Corviknight, F|63/100
|-damage|p1a: Corviknight|50/100|[from] Stealth Rock
|-ability|p1a: Corviknight|Pressure
|move|p2a: Serperior|Leaf Storm|p1a: Corviknight
|-resisted|p1a: Corviknight
|-damage|p1a: Corviknight|43/100
|-boost|p2a: Serperior|spa|2
|
|upkeep
|turn|23
|
|t:|1781430044
|move|p2a: Serperior|Glare|p1a: Corviknight
|-status|p1a: Corviknight|par
|move|p1a: Corviknight|Roost|p1a: Corviknight
|-heal|p1a: Corviknight|93/100 par
|-singleturn|p1a: Corviknight|move: Roost
|
|upkeep
|turn|24
|
|t:|1781430054
|switch|p1a: Blissey|Blissey, F|88/100
|move|p2a: Serperior|Leech Seed|p1a: Blissey
|-start|p1a: Blissey|move: Leech Seed
|
|-damage|p1a: Blissey|76/100|[from] Leech Seed|[of] p2a: Serperior
|upkeep
|turn|25
|
|t:|1781430060
|move|p2a: Serperior|Leaf Storm|p1a: Blissey
|-damage|p1a: Blissey|55/100
|-boost|p2a: Serperior|spa|2
|move|p1a: Blissey|Calm Mind|p1a: Blissey
|-boost|p1a: Blissey|spa|1
|-boost|p1a: Blissey|spd|1
|
|-damage|p1a: Blissey|42/100|[from] Leech Seed|[of] p2a: Serperior
|upkeep
|turn|26
|
|t:|1781430064
|move|p2a: Serperior|Glare|p1a: Blissey
|-status|p1a: Blissey|par
|move|p1a: Blissey|Soft-Boiled|p1a: Blissey
|-heal|p1a: Blissey|92/100 par
|
|-damage|p1a: Blissey|80/100 par|[from] Leech Seed|[of] p2a: Serperior
|upkeep
|turn|27
|
|t:|1781430070
|move|p2a: Serperior|Glare|p1a: Blissey
|-fail|p1a: Blissey|par
|move|p1a: Blissey|Calm Mind|p1a: Blissey
|-boost|p1a: Blissey|spa|1
|-boost|p1a: Blissey|spd|1
|
|-damage|p1a: Blissey|68/100 par|[from] Leech Seed|[of] p2a: Serperior
|upkeep
|turn|28
|
|t:|1781430076
|-curestatus|p1a: Blissey|par|[from] ability: Natural Cure|[silent]
|switch|p1a: Toxapex|Toxapex, F, tera:Steel|100/100 par
|move|p2a: Serperior|Glare|p1a: Toxapex
|-fail|p1a: Toxapex|par
|
|upkeep
|turn|29
|
|t:|1781430080
|move|p2a: Serperior|Leech Seed|p1a: Toxapex
|-start|p1a: Toxapex|move: Leech Seed
|cant|p1a: Toxapex|par
|
|-damage|p1a: Toxapex|88/100 par|[from] Leech Seed|[of] p2a: Serperior
|upkeep
|turn|30
|
|t:|1781430084
|move|p2a: Serperior|Leaf Storm|p1a: Toxapex
|-resisted|p1a: Toxapex
|-damage|p1a: Toxapex|42/100 par
|-boost|p2a: Serperior|spa|2
|move|p1a: Toxapex|Haze|p1a: Toxapex
|-clearallboost
|
|-damage|p1a: Toxapex|30/100 par|[from] Leech Seed|[of] p2a: Serperior
|upkeep
|turn|31
|
|t:|1781430088
|move|p2a: Serperior|Glare|p1a: Toxapex
|-fail|p1a: Toxapex|par
|move|p1a: Toxapex|Recover|p1a: Toxapex
|-heal|p1a: Toxapex|80/100 par
|
|-damage|p1a: Toxapex|68/100 par|[from] Leech Seed|[of] p2a: Serperior
|upkeep
|turn|32
|
|t:|1781430097
|switch|p1a: Corviknight|Corviknight, F|93/100 par
|-damage|p1a: Corviknight|80/100 par|[from] Stealth Rock
|-ability|p1a: Corviknight|Pressure
|move|p2a: Serperior|Glare|p1a: Corviknight
|-fail|p1a: Corviknight|par
|
|upkeep
|turn|33
|
|t:|1781430107
|move|p2a: Serperior|Leech Seed|p1a: Corviknight
|-start|p1a: Corviknight|move: Leech Seed
|move|p1a: Corviknight|Defog|p2a: Serperior
|-sideend|p2: Belike|Spikes|[from] move: Defog|[of] p1a: Corviknight
|-sideend|p1: I'm evil and spicy|Spikes|[from] move: Defog|[of] p1a: Corviknight
|-sideend|p1: I'm evil and spicy|Stealth Rock|[from] move: Defog|[of] p1a: Corviknight
|
|-damage|p1a: Corviknight|68/100 par|[from] Leech Seed|[of] p2a: Serperior
|upkeep
|turn|34
|
|t:|1781430117
|switch|p1a: Toxapex|Toxapex, F, tera:Steel|100/100 par
|move|p2a: Serperior|Glare|p1a: Toxapex
|-fail|p1a: Toxapex|par
|
|upkeep
|turn|35
|
|t:|1781430125
|switch|p2a: Zapdos|Zapdos-Galar|100/100
|cant|p1a: Toxapex|par
|
|upkeep
|turn|36
|
|t:|1781430141
|switch|p1a: Alomomola|Alomomola, M|100/100
|move|p2a: Zapdos|Thunderous Kick|p1a: Alomomola
|-crit|p1a: Alomomola
|-damage|p1a: Alomomola|56/100
|-unboost|p1a: Alomomola|def|1
|
|-heal|p1a: Alomomola|62/100|[from] item: Leftovers
|upkeep
|turn|37
|
|t:|1781430151
|switch|p1a: Gliscor|Gliscor, M|75/100 tox
|move|p2a: Zapdos|Brave Bird|p1a: Gliscor
|-damage|p1a: Gliscor|26/100 tox
|-damage|p2a: Zapdos|83/100|[from] Recoil
|
|-heal|p1a: Gliscor|39/100 tox|[from] ability: Poison Heal
|upkeep
|turn|38
|
|t:|1781430161
|move|p1a: Gliscor|Protect|p1a: Gliscor
|-singleturn|p1a: Gliscor|Protect
|move|p2a: Zapdos|Brave Bird|p1a: Gliscor
|-activate|p1a: Gliscor|move: Protect
|
|-heal|p1a: Gliscor|51/100 tox|[from] ability: Poison Heal
|upkeep
|turn|39
|
|t:|1781430175
|switch|p2a: Thundurus|Thundurus-Therian, M|82/100 tox
|switch|p1a: Hoopa|Hoopa-Unbound|15/100
|
|-damage|p2a: Thundurus|76/100 tox|[from] psn
|upkeep
|turn|40
|
|t:|1781430194
|switch|p1a: Blissey|Blissey, F|68/100
|move|p2a: Thundurus|Dark Pulse|p1a: Blissey
|-damage|p1a: Blissey|58/100
|
|-damage|p2a: Thundurus|64/100 tox|[from] psn
|upkeep
|turn|41
|
|t:|1781430199
|switch|p2a: Cinderace|Cinderace, M|100/100
|move|p1a: Blissey|Stealth Rock|p2a: Cinderace
|-sidestart|p2: Belike|move: Stealth Rock
|
|upkeep
|turn|42
|
|t:|1781430204
|switch|p1a: Alomomola|Alomomola, M|96/100
|move|p2a: Cinderace|Court Change|p2a: Cinderace
|-start|p2a: Cinderace|typechange|Normal|[from] ability: Libero
|-swapsideconditions
|-activate|p2a: Cinderace|move: Court Change
|
|-heal|p1a: Alomomola|100/100|[from] item: Leftovers
|upkeep
|turn|43
|
|t:|1781430209
|switch|p2a: Serperior|Serperior, F|100/100
|move|p1a: Alomomola|Wish|p1a: Alomomola
|
|upkeep
|turn|44
|
|t:|1781430213
|switch|p1a: Blissey|Blissey, F|58/100
|move|p2a: Serperior|Leaf Storm|p1a: Blissey
|-damage|p1a: Blissey|47/100
|-boost|p2a: Serperior|spa|2
|
|-heal|p1a: Blissey|84/100|[from] move: Wish|[wisher] Alomomola
|upkeep
|turn|45
|
|t:|1781430225
|switch|p2a: Cinderace|Cinderace, M|100/100
|move|p1a: Blissey|Calm Mind|p1a: Blissey
|-boost|p1a: Blissey|spa|1
|-boost|p1a: Blissey|spd|1
|
|upkeep
|turn|46
|
|t:|1781430231
|switch|p1a: Alomomola|Alomomola, M|100/100
|-damage|p1a: Alomomola|88/100|[from] Stealth Rock
|move|p2a: Cinderace|U-turn|p1a: Alomomola
|-start|p2a: Cinderace|typechange|Bug|[from] ability: Libero
|-damage|p1a: Alomomola|56/100
|
|t:|1781430238
|switch|p2a: Thundurus|Thundurus-Therian, M|64/100 tox|[from] U-turn
|
|-heal|p1a: Alomomola|62/100|[from] item: Leftovers
|-damage|p2a: Thundurus|58/100 tox|[from] psn
|upkeep
|turn|47
|
|t:|1781430243
|switch|p1a: Blissey|Blissey, F|84/100
|move|p2a: Thundurus|Volt Switch|p1a: Blissey
|-damage|p1a: Blissey|72/100
|
|t:|1781430245
|switch|p2a: Zapdos|Zapdos-Galar|83/100|[from] Volt Switch
|
|upkeep
|turn|48
|
|t:|1781430251
|switch|p1a: Hoopa|Hoopa-Unbound|15/100
|-damage|p1a: Hoopa|3/100|[from] Stealth Rock
|move|p2a: Zapdos|Knock Off|p1a: Hoopa
|-damage|p1a: Hoopa|0 fnt
|-enditem|p1a: Hoopa|Assault Vest|[from] move: Knock Off|[of] p2a: Zapdos
|faint|p1a: Hoopa
|
|upkeep
|
|t:|1781430270
|switch|p1a: Toxapex|Toxapex, F, tera:Steel|100/100 par
|turn|49
|
|t:|1781430272
|move|p2a: Zapdos|Thunderous Kick|p1a: Toxapex
|-supereffective|p1a: Toxapex
|-damage|p1a: Toxapex|44/100 par
|-unboost|p1a: Toxapex|def|1
|cant|p1a: Toxapex|par
|
|upkeep
|turn|50
|
|t:|1781430282
|move|p2a: Zapdos|Thunderous Kick|p1a: Toxapex
|-supereffective|p1a: Toxapex
|-damage|p1a: Toxapex|0 fnt
|faint|p1a: Toxapex
|
|upkeep
|
|t:|1781430288
|switch|p1a: Corviknight|Corviknight, F|68/100 par
|-damage|p1a: Corviknight|56/100 par|[from] Stealth Rock
|-ability|p1a: Corviknight|Pressure
|turn|51
|
|t:|1781430292
|move|p2a: Zapdos|Thunderous Kick|p1a: Corviknight
|-damage|p1a: Corviknight|27/100 par
|-unboost|p1a: Corviknight|def|1
|move|p1a: Corviknight|Iron Defense|p1a: Corviknight
|-boost|p1a: Corviknight|def|2
|
|upkeep
|turn|52
|
|t:|1781430296
|move|p2a: Zapdos|Thunderous Kick|p1a: Corviknight
|-damage|p1a: Corviknight|9/100 par
|-unboost|p1a: Corviknight|def|1
|move|p1a: Corviknight|Roost|p1a: Corviknight
|-heal|p1a: Corviknight|59/100 par
|-singleturn|p1a: Corviknight|move: Roost
|
|upkeep
|turn|53
|
|t:|1781430305
|move|p2a: Zapdos|Knock Off|p1a: Corviknight
|-damage|p1a: Corviknight|38/100 par
|-enditem|p1a: Corviknight|Rocky Helmet|[from] move: Knock Off|[of] p2a: Zapdos
|move|p1a: Corviknight|Iron Defense|p1a: Corviknight
|-boost|p1a: Corviknight|def|2
|
|upkeep
|turn|54
|
|t:|1781430315
|switch|p2a: Serperior|Serperior, F|100/100
|move|p1a: Corviknight|Roost|p1a: Corviknight
|-heal|p1a: Corviknight|88/100 par
|-singleturn|p1a: Corviknight|move: Roost
|
|upkeep
|turn|55
|
|t:|1781430322
|move|p2a: Serperior|Leech Seed|p1a: Corviknight
|-start|p1a: Corviknight|move: Leech Seed
|move|p1a: Corviknight|Defog|p2a: Serperior
|-boost|p2a: Serperior|evasion|1
|-sideend|p1: I'm evil and spicy|Stealth Rock|[from] move: Defog|[of] p1a: Corviknight
|
|-damage|p1a: Corviknight|76/100 par|[from] Leech Seed|[of] p2a: Serperior
|upkeep
|turn|56
|
|t:|1781430328
|switch|p1a: Blissey|Blissey, F|72/100
|move|p2a: Serperior|Glare|p1a: Blissey
|-status|p1a: Blissey|par
|
|upkeep
|turn|57
|
|t:|1781430339
|move|p2a: Serperior|Leech Seed|p1a: Blissey|[miss]
|-miss|p2a: Serperior|p1a: Blissey
|move|p1a: Blissey|Seismic Toss|p2a: Serperior|[miss]
|-miss|p1a: Blissey|p2a: Serperior
|
|upkeep
|turn|58
|
|t:|1781430353
|move|p2a: Serperior|Leech Seed|p1a: Blissey
|-start|p1a: Blissey|move: Leech Seed
|cant|p1a: Blissey|par
|
|-damage|p1a: Blissey|60/100 par|[from] Leech Seed|[of] p2a: Serperior
|upkeep
|turn|59
|
|t:|1781430359
|switch|p2a: Cinderace|Cinderace, M|100/100
|-curestatus|p1a: Blissey|par|[from] ability: Natural Cure|[silent]
|switch|p1a: Corviknight|Corviknight, F|76/100 par
|-ability|p1a: Corviknight|Pressure
|
|upkeep
|turn|60
|
|t:|1781430365
|switch|p1a: Alomomola|Alomomola, M|95/100
|move|p2a: Cinderace|U-turn|p1a: Alomomola
|-start|p2a: Cinderace|typechange|Bug|[from] ability: Libero
|-crit|p1a: Alomomola
|-damage|p1a: Alomomola|43/100
|
|t:|1781430372
|switch|p2a: Zapdos|Zapdos-Galar|83/100|[from] U-turn
|
|-heal|p1a: Alomomola|49/100|[from] item: Leftovers
|upkeep
|turn|61
|
|t:|1781430386
|move|p1a: Alomomola|Protect|p1a: Alomomola
|-singleturn|p1a: Alomomola|Protect
|move|p2a: Zapdos|Thunderous Kick|p1a: Alomomola
|-activate|p1a: Alomomola|move: Protect
|
|-heal|p1a: Alomomola|55/100|[from] item: Leftovers
|upkeep
|turn|62
|
|t:|1781430395
|move|p2a: Zapdos|Thunderous Kick|p1a: Alomomola
|-damage|p1a: Alomomola|24/100
|-unboost|p1a: Alomomola|def|1
|move|p1a: Alomomola|Wish|p1a: Alomomola
|
|-heal|p1a: Alomomola|30/100|[from] item: Leftovers
|upkeep
|turn|63
|
|t:|1781430405
|move|p1a: Alomomola|Protect|p1a: Alomomola
|-singleturn|p1a: Alomomola|Protect
|move|p2a: Zapdos|Thunderous Kick|p1a: Alomomola
|-activate|p1a: Alomomola|move: Protect
|
|-heal|p1a: Alomomola|80/100|[from] move: Wish|[wisher] Alomomola
|-heal|p1a: Alomomola|86/100|[from] item: Leftovers
|upkeep
|turn|64
|
|t:|1781430412
|switch|p1a: Corviknight|Corviknight, F|76/100 par
|-ability|p1a: Corviknight|Pressure
|move|p2a: Zapdos|Thunderous Kick|p1a: Corviknight
|-damage|p1a: Corviknight|46/100 par
|-unboost|p1a: Corviknight|def|1
|
|upkeep
|turn|65
|
|t:|1781430421
|move|p2a: Zapdos|Thunderous Kick|p1a: Corviknight
|-damage|p1a: Corviknight|2/100 par
|-unboost|p1a: Corviknight|def|1
|move|p1a: Corviknight|Roost|p1a: Corviknight
|-heal|p1a: Corviknight|52/100 par
|-singleturn|p1a: Corviknight|move: Roost
|
|upkeep
|turn|66
|
|t:|1781430429
|switch|p1a: Alomomola|Alomomola, M|100/100
|move|p2a: Zapdos|Thunderous Kick|p1a: Alomomola
|-damage|p1a: Alomomola|69/100
|-unboost|p1a: Alomomola|def|1
|
|-heal|p1a: Alomomola|76/100|[from] item: Leftovers
|upkeep
|turn|67
|
|t:|1781430435
|move|p2a: Zapdos|Brave Bird|p1a: Alomomola
|-damage|p1a: Alomomola|16/100
|-damage|p2a: Zapdos|54/100|[from] Recoil
|move|p1a: Alomomola|Wish|p1a: Alomomola
|
|-heal|p1a: Alomomola|22/100|[from] item: Leftovers
|upkeep
|turn|68
|
|t:|1781430443
|switch|p2a: Thundurus|Thundurus-Therian, M|58/100 tox
|switch|p1a: Corviknight|Corviknight, F|52/100 par
|-ability|p1a: Corviknight|Pressure
|
|-heal|p1a: Corviknight|100/100 par|[from] move: Wish|[wisher] Alomomola
|-damage|p2a: Thundurus|52/100 tox|[from] psn
|upkeep
|turn|69
|
|t:|1781430450
|switch|p1a: Gliscor|Gliscor, M|51/100 tox
|move|p2a: Thundurus|Volt Switch|p1a: Gliscor
|-immune|p1a: Gliscor
|
|-damage|p2a: Thundurus|40/100 tox|[from] psn
|-heal|p1a: Gliscor|64/100 tox|[from] ability: Poison Heal
|upkeep
|turn|70
|
|t:|1781430462
|switch|p2a: Serperior|Serperior, F|100/100
|move|p1a: Gliscor|Spikes|p2a: Serperior
|-sidestart|p2: Belike|Spikes
|
|-heal|p1a: Gliscor|76/100 tox|[from] ability: Poison Heal
|upkeep
|turn|71
|
|t:|1781430467
|move|p2a: Serperior|Leech Seed|p1a: Gliscor
|-start|p1a: Gliscor|move: Leech Seed
|move|p1a: Gliscor|Toxic|p2a: Serperior
|-status|p2a: Serperior|tox
|
|-damage|p1a: Gliscor|64/100 tox|[from] Leech Seed|[of] p2a: Serperior
|-damage|p2a: Serperior|94/100 tox|[from] psn
|-heal|p1a: Gliscor|76/100 tox|[from] ability: Poison Heal
|upkeep
|turn|72
|
|t:|1781430472
|switch|p2a: Thundurus|Thundurus-Therian, M|40/100 tox
|switch|p1a: Blissey|Blissey, F|60/100
|
|-damage|p2a: Thundurus|34/100 tox|[from] psn
|upkeep
|turn|73
|
|t:|1781430479
|move|p2a: Thundurus|Volt Switch|p1a: Blissey
|-damage|p1a: Blissey|49/100
|
|t:|1781430482
|switch|p2a: Cinderace|Cinderace, M|100/100|[from] Volt Switch
|-damage|p2a: Cinderace|88/100|[from] Spikes
|move|p1a: Blissey|Soft-Boiled|p1a: Blissey
|-heal|p1a: Blissey|99/100
|
|upkeep
|turn|74
|
|t:|1781430489
|switch|p1a: Alomomola|Alomomola, M|56/100
|move|p2a: Cinderace|Pyro Ball|p1a: Alomomola
|-resisted|p1a: Alomomola
|-damage|p1a: Alomomola|28/100
|
|-heal|p1a: Alomomola|34/100|[from] item: Leftovers
|upkeep
|turn|75
|
|t:|1781430501
|-terastallize|p2a: Cinderace|Fire
|move|p2a: Cinderace|Pyro Ball|p1a: Alomomola
|-resisted|p1a: Alomomola
|-damage|p1a: Alomomola|0 fnt
|faint|p1a: Alomomola
|
|upkeep
|
|t:|1781430505
|switch|p1a: Gliscor|Gliscor, M|76/100 tox
|turn|76
|
|t:|1781430514
|move|p1a: Gliscor|Protect|p1a: Gliscor
|-singleturn|p1a: Gliscor|Protect
|move|p2a: Cinderace|Pyro Ball|p1a: Gliscor
|-activate|p1a: Gliscor|move: Protect
|
|-heal|p1a: Gliscor|89/100 tox|[from] ability: Poison Heal
|upkeep
|turn|77
|
|t:|1781430524
|switch|p1a: Corviknight|Corviknight, F|100/100 par
|-ability|p1a: Corviknight|Pressure
|move|p2a: Cinderace|Pyro Ball|p1a: Corviknight
|-supereffective|p1a: Corviknight
|-damage|p1a: Corviknight|0 fnt
|faint|p1a: Corviknight
|
|upkeep
|
|t:|1781430530
|switch|p1a: Gliscor|Gliscor, M|89/100 tox
|turn|78
|
|t:|1781430534
|move|p1a: Gliscor|Protect|p1a: Gliscor
|-singleturn|p1a: Gliscor|Protect
|move|p2a: Cinderace|Pyro Ball|p1a: Gliscor
|-activate|p1a: Gliscor|move: Protect
|
|-heal|p1a: Gliscor|100/100 tox|[from] ability: Poison Heal
|upkeep
|turn|79
|
|t:|1781430541
|move|p2a: Cinderace|Pyro Ball|p1a: Gliscor
|-damage|p1a: Gliscor|3/100 tox
|move|p1a: Gliscor|Earthquake|p2a: Cinderace
|-supereffective|p2a: Cinderace
|-damage|p2a: Cinderace|0 fnt
|faint|p2a: Cinderace
|
|-heal|p1a: Gliscor|16/100 tox|[from] ability: Poison Heal
|upkeep
|
|t:|1781430546
|switch|p2a: Zapdos|Zapdos-Galar|54/100
|turn|80
|-message|I'm evil and spicy forfeited.
|
|win|Belike
|raw|I&apos;m evil and spicy's rating: 1546 &rarr; <strong>1526</strong><br />(-20 for losing)
|raw|Belike's rating: 1549 &rarr; <strong>1569</strong><br />(+20 for winning)
|l|‽I'm evil and spicy
|player|p1|
|l|☆Belike
|player|p2|
|j|‽I'm evil and spicy
|player|p1|I'm evil and spicy|265|
|l|‽I'm evil and spicy
|player|p1|
