|j|☆Fruit Punchers
|j|☆raichussuperfan
|t:|1781559320
|gametype|singles
|player|p1|Fruit Punchers|taunie|1685
|player|p2|raichussuperfan|iris-gen5bw2|1658
|gen|9
|tier|[Gen 9] OU
|rated|
|rule|HP Percentage Mod: HP is shown in percentages
|rule|Endless Battle Clause: Forcing endless battles is banned
|rule|Species Clause: Limit one of each Pokémon
|rule|OHKO Clause: OHKO moves are banned
|rule|Evasion Items Clause: Evasion items are banned
|rule|Evasion Moves Clause: Evasion moves are banned
|rule|Evasion Abilities Clause: Evasion abilities are banned
|rule|Sleep Moves Clause: Sleep-inducing moves are banned
|clearpoke
|poke|p1|Iron Treads|
|poke|p1|Pelipper, M|
|poke|p1|Dondozo, F|
|poke|p1|Overqwil, M|
|poke|p1|Enamorus, F|
|poke|p1|Raging Bolt|
|poke|p2|Iron Moth|
|poke|p2|Kingambit, F|
|poke|p2|Iron Valiant|
|poke|p2|Cresselia, F|
|poke|p2|Glimmora, M|
|poke|p2|Great Tusk|
|teampreview
|inactive|Battle timer is ON: inactive players will automatically lose when time's up. (requested by Fruit Punchers)
|j| TheSacredJackal⨕
|l| TheSacredJackal⨕
|inactive|Fruit Punchers has 120 seconds left.
|
|t:|1781559356
|teamsize|p1|6
|teamsize|p2|6
|start
|switch|p1a: C.T.E.Spins|Iron Treads|100/100
|switch|p2a: Glimmora|Glimmora, M|100/100
|-enditem|p1a: C.T.E.Spins|Booster Energy
|-activate|p1a: C.T.E.Spins|ability: Quark Drive|[fromitem]
|-start|p1a: C.T.E.Spins|quarkdrivespe
|turn|1
|c|☆Fruit Punchers|holy shit hes literally me
|c|☆Fruit Punchers|im raichus super fan
|c|☆Fruit Punchers|did you know raichu y gets v-create
|
|t:|1781559383
|move|p1a: C.T.E.Spins|Stealth Rock|p2a: Glimmora
|-sidestart|p2: raichussuperfan|move: Stealth Rock
|move|p2a: Glimmora|Stealth Rock|p1a: C.T.E.Spins
|-sidestart|p1: Fruit Punchers|move: Stealth Rock
|
|upkeep
|turn|2
|c|☆Fruit Punchers|you didnt know cuz its not true
|
|t:|1781559392
|move|p1a: C.T.E.Spins|Earthquake|p2a: Glimmora
|-supereffective|p2a: Glimmora
|-enditem|p2a: Glimmora|Focus Sash
|-damage|p2a: Glimmora|1/100
|-activate|p2a: Glimmora|ability: Toxic Debris
|-sidestart|p1: Fruit Punchers|move: Toxic Spikes
|move|p2a: Glimmora|Earth Power|p1a: C.T.E.Spins
|-supereffective|p1a: C.T.E.Spins
|-crit|p1a: C.T.E.Spins
|-damage|p1a: C.T.E.Spins|0 fnt
|faint|p1a: C.T.E.Spins
|-end|p1a: C.T.E.Spins|Quark Drive|[silent]
|
|upkeep
|j| DA COME UP
|
|t:|1781559417
|switch|p1a: GangStarrFromAbove|Enamorus, F|100/100
|-damage|p1a: GangStarrFromAbove|76/100|[from] Stealth Rock
|turn|3
|
|t:|1781559433
|move|p1a: GangStarrFromAbove|Moonblast|p2a: Glimmora
|-resisted|p2a: Glimmora
|-damage|p2a: Glimmora|0 fnt
|faint|p2a: Glimmora
|
|upkeep
|
|t:|1781559435
|switch|p2a: Iron Moth|Iron Moth|100/100
|-damage|p2a: Iron Moth|76/100|[from] Stealth Rock
|-enditem|p2a: Iron Moth|Booster Energy
|-activate|p2a: Iron Moth|ability: Quark Drive|[fromitem]
|-start|p2a: Iron Moth|quarkdrivespe
|turn|4
|
|t:|1781559442
|switch|p1a: 4Pc Peliac Combo|Pelipper, M|100/100
|-damage|p1a: 4Pc Peliac Combo|76/100|[from] Stealth Rock
|-weather|RainDance|[from] ability: Drizzle|[of] p1a: 4Pc Peliac Combo
|move|p2a: Iron Moth|Sludge Wave|p1a: 4Pc Peliac Combo
|-damage|p1a: 4Pc Peliac Combo|9/100
|
|-weather|RainDance|[upkeep]
|upkeep
|turn|5
|
|t:|1781559455
|switch|p1a: PurpleRain|Overqwil, M, shiny|100/100
|-damage|p1a: PurpleRain|88/100|[from] Stealth Rock
|-sideend|p1: Fruit Punchers|move: Toxic Spikes|[of] p1a: PurpleRain
|move|p2a: Iron Moth|Fiery Dance|p1a: PurpleRain
|-damage|p1a: PurpleRain|58/100
|
|-weather|RainDance|[upkeep]
|upkeep
|turn|6
|
|t:|1781559475
|move|p1a: PurpleRain|Waterfall|p2a: Iron Moth
|-supereffective|p2a: Iron Moth
|-damage|p2a: Iron Moth|0 fnt
|faint|p2a: Iron Moth
|-end|p2a: Iron Moth|Quark Drive|[silent]
|-damage|p1a: PurpleRain|48/100|[from] item: Life Orb
|
|-weather|RainDance|[upkeep]
|upkeep
|
|t:|1781559488
|switch|p2a: Kingambit|Kingambit, F|100/100
|-damage|p2a: Kingambit|94/100|[from] Stealth Rock
|-activate|p2a: Kingambit|ability: Supreme Overlord
|-start|p2a: Kingambit|fallen2|[silent]
|turn|7
|
|t:|1781559495
|move|p2a: Kingambit|Sucker Punch||[still]
|-fail|p2a: Kingambit
|move|p1a: PurpleRain|Destiny Bond|p1a: PurpleRain
|-singlemove|p1a: PurpleRain|Destiny Bond
|
|-weather|RainDance|[upkeep]
|upkeep
|turn|8
|
|t:|1781559501
|move|p1a: PurpleRain|Swords Dance|p1a: PurpleRain
|-boost|p1a: PurpleRain|atk|2
|move|p2a: Kingambit|Kowtow Cleave|p1a: PurpleRain
|-resisted|p1a: PurpleRain
|-damage|p1a: PurpleRain|11/100
|
|-weather|RainDance|[upkeep]
|upkeep
|turn|9
|
|t:|1781559505
|move|p2a: Kingambit|Sucker Punch||[still]
|-fail|p2a: Kingambit
|move|p1a: PurpleRain|Destiny Bond|p1a: PurpleRain
|-singlemove|p1a: PurpleRain|Destiny Bond
|
|-weather|RainDance|[upkeep]
|upkeep
|turn|10
|
|t:|1781559512
|move|p2a: Kingambit|Sucker Punch|p1a: PurpleRain
|-resisted|p1a: PurpleRain
|-damage|p1a: PurpleRain|0 fnt
|faint|p1a: PurpleRain
|-activate|p1a: PurpleRain|move: Destiny Bond
|faint|p2a: Kingambit
|-end|p2a: Kingambit|fallen2|[silent]
|
|-weather|RainDance|[upkeep]
|upkeep
|j| nepturee
|
|t:|1781559524
|switch|p1a: WishABozoWould|Dondozo, F|100/100
|switch|p2a: Iron Valiant|Iron Valiant|100/100
|-damage|p2a: Iron Valiant|94/100|[from] Stealth Rock
|-damage|p1a: WishABozoWould|88/100|[from] Stealth Rock
|-enditem|p2a: Iron Valiant|Booster Energy
|-activate|p2a: Iron Valiant|ability: Quark Drive|[fromitem]
|-start|p2a: Iron Valiant|quarkdrivespe
|turn|11
|l| nepturee
|
|t:|1781559537
|switch|p1a: 4Pc Peliac Combo|Pelipper, M|9/100
|-damage|p1a: 4Pc Peliac Combo|0 fnt|[from] Stealth Rock
|faint|p1a: 4Pc Peliac Combo
|move|p2a: Iron Valiant|Knock Off|p1: 4Pc Peliac Combo|[notarget]
|-fail|p2a: Iron Valiant
|
|-weather|none
|upkeep
|
|t:|1781559550
|switch|p1a: Ol'DirtyBolt|Raging Bolt|100/100
|-damage|p1a: Ol'DirtyBolt|88/100|[from] Stealth Rock
|-enditem|p1a: Ol'DirtyBolt|Booster Energy
|-activate|p1a: Ol'DirtyBolt|ability: Protosynthesis|[fromitem]
|-start|p1a: Ol'DirtyBolt|protosynthesisspa
|turn|12
|
|t:|1781559557
|-terastallize|p1a: Ol'DirtyBolt|Fairy
|move|p2a: Iron Valiant|Spirit Break|p1a: Ol'DirtyBolt
|-damage|p1a: Ol'DirtyBolt|49/100
|-unboost|p1a: Ol'DirtyBolt|spa|1
|move|p1a: Ol'DirtyBolt|Thunder|p2a: Iron Valiant
|-damage|p2a: Iron Valiant|0 fnt
|faint|p2a: Iron Valiant
|-end|p2a: Iron Valiant|Quark Drive|[silent]
|
|upkeep
|
|t:|1781559562
|switch|p2a: Cresselia|Cresselia, F|100/100
|-damage|p2a: Cresselia|88/100|[from] Stealth Rock
|turn|13
|
|t:|1781559572
|-end|p1a: Ol'DirtyBolt|Protosynthesis|[silent]
|switch|p1a: WishABozoWould|Dondozo, F|88/100
|-damage|p1a: WishABozoWould|76/100|[from] Stealth Rock
|move|p2a: Cresselia|Calm Mind|p2a: Cresselia
|-boost|p2a: Cresselia|spa|1
|-boost|p2a: Cresselia|spd|1
|
|upkeep
|turn|14
|
|t:|1781559577
|move|p2a: Cresselia|Calm Mind|p2a: Cresselia
|-boost|p2a: Cresselia|spa|1
|-boost|p2a: Cresselia|spd|1
|move|p1a: WishABozoWould|Wave Crash|p2a: Cresselia
|-damage|p2a: Cresselia|45/100
|-damage|p1a: WishABozoWould|62/100|[from] Recoil
|
|upkeep
|turn|15
|
|t:|1781559584
|move|p2a: Cresselia|Moonlight|p2a: Cresselia
|-heal|p2a: Cresselia|95/100
|move|p1a: WishABozoWould|Wave Crash|p2a: Cresselia
|-damage|p2a: Cresselia|51/100
|-damage|p1a: WishABozoWould|48/100|[from] Recoil
|
|upkeep
|turn|16
|
|t:|1781559590
|move|p2a: Cresselia|Moonlight|p2a: Cresselia
|-heal|p2a: Cresselia|100/100
|move|p1a: WishABozoWould|Wave Crash|p2a: Cresselia
|-damage|p2a: Cresselia|54/100
|-damage|p1a: WishABozoWould|33/100|[from] Recoil
|
|upkeep
|turn|17
|
|t:|1781559592
|move|p2a: Cresselia|Moonlight|p2a: Cresselia
|-heal|p2a: Cresselia|100/100
|move|p1a: WishABozoWould|Wave Crash|p2a: Cresselia
|-damage|p2a: Cresselia|54/100
|-damage|p1a: WishABozoWould|17/100|[from] Recoil
|
|upkeep
|turn|18
|
|t:|1781559594
|move|p2a: Cresselia|Moonlight|p2a: Cresselia
|-heal|p2a: Cresselia|100/100
|move|p1a: WishABozoWould|Wave Crash|p2a: Cresselia
|-damage|p2a: Cresselia|55/100
|-damage|p1a: WishABozoWould|3/100|[from] Recoil
|
|upkeep
|turn|19
|
|t:|1781559604
|switch|p1a: GangStarrFromAbove|Enamorus, F|76/100
|-damage|p1a: GangStarrFromAbove|51/100|[from] Stealth Rock
|move|p2a: Cresselia|Moonblast|p1a: GangStarrFromAbove
|-damage|p1a: GangStarrFromAbove|0 fnt
|faint|p1a: GangStarrFromAbove
|
|upkeep
|
|t:|1781559611
|switch|p1a: WishABozoWould|Dondozo, F|3/100
|-damage|p1a: WishABozoWould|0 fnt|[from] Stealth Rock
|faint|p1a: WishABozoWould
|
|t:|1781559612
|switch|p1a: Ol'DirtyBolt|Raging Bolt, tera:Fairy|49/100
|-damage|p1a: Ol'DirtyBolt|36/100|[from] Stealth Rock
|turn|20
|
|t:|1781559619
|move|p1a: Ol'DirtyBolt|Thunder|p2a: Cresselia
|-damage|p2a: Cresselia|33/100
|move|p2a: Cresselia|Moonlight|p2a: Cresselia
|-heal|p2a: Cresselia|83/100
|
|upkeep
|turn|21
|
|t:|1781559621
|move|p1a: Ol'DirtyBolt|Thunder|p2a: Cresselia
|-damage|p2a: Cresselia|62/100
|move|p2a: Cresselia|Calm Mind|p2a: Cresselia
|-boost|p2a: Cresselia|spa|1
|-boost|p2a: Cresselia|spd|1
|
|upkeep
|turn|22
|
|t:|1781559624
|move|p1a: Ol'DirtyBolt|Thunder|p2a: Cresselia
|-damage|p2a: Cresselia|46/100
|move|p2a: Cresselia|Moonlight|p2a: Cresselia
|-heal|p2a: Cresselia|96/100
|
|upkeep
|turn|23
|
|t:|1781559626
|move|p1a: Ol'DirtyBolt|Thunder|p2a: Cresselia
|-damage|p2a: Cresselia|78/100
|move|p2a: Cresselia|Calm Mind|p2a: Cresselia
|-boost|p2a: Cresselia|spa|1
|-boost|p2a: Cresselia|spd|1
|
|upkeep
|turn|24
|
|t:|1781559627
|move|p1a: Ol'DirtyBolt|Thunder|p2a: Cresselia
|-crit|p2a: Cresselia
|-damage|p2a: Cresselia|10/100
|move|p2a: Cresselia|Calm Mind|p2a: Cresselia
|-boost|p2a: Cresselia|spa|1
|-boost|p2a: Cresselia|spd|1
|
|upkeep
|turn|25
|
|t:|1781559634
|move|p1a: Ol'DirtyBolt|Dragon Pulse|p2a: Cresselia
|-damage|p2a: Cresselia|1/100
|move|p2a: Cresselia|Moonlight|p2a: Cresselia
|-heal|p2a: Cresselia|51/100
|
|upkeep
|turn|26
|j| nepturee
|-message|Fruit Punchers forfeited.
|
|win|raichussuperfan
|raw|Fruit Punchers's rating: 1661 &rarr; <strong>1641</strong><br />(-20 for losing)
|raw|raichussuperfan's rating: 1658 &rarr; <strong>1678</strong><br />(+20 for winning)
|l| nepturee
|l|☆raichussuperfan
|player|p2|
|l| DA COME UP
