|j|☆stevstacks
|j|☆NoobishTrainerJoe
|t:|1781577533
|gametype|singles
|player|p1|stevstacks|102|1628
|player|p2|NoobishTrainerJoe|102|1560
|gen|9
|tier|[Gen 9] OU
|rated|
|rule|HP Percentage Mod: HP is shown in percentages
|rule|Endless Battle Clause: Forcing endless battles is banned
|rule|Species Clause: Limit one of each Pokémon
|rule|OHKO Clause: OHKO moves are banned
|rule|Evasion Items Clause: Evasion items are banned
|rule|Evasion Moves Clause: Evasion moves are banned
|rule|Evasion Abilities Clause: Evasion abilities are banned
|rule|Sleep Moves Clause: Sleep-inducing moves are banned
|clearpoke
|poke|p1|Torkoal, F|
|poke|p1|Corviknight, M|
|poke|p1|Walking Wake|
|poke|p1|Great Tusk|
|poke|p1|Zamazenta-*|
|poke|p1|Raging Bolt|
|poke|p2|Gliscor, F|
|poke|p2|Conkeldurr, F|
|poke|p2|Cinderace, F|
|poke|p2|Ursaluna, F|
|poke|p2|Hatterene, F|
|poke|p2|Cresselia, F|
|teampreview
|inactive|Battle timer is ON: inactive players will automatically lose when time's up. (requested by stevstacks)
|
|t:|1781577557
|teamsize|p1|6
|teamsize|p2|6
|start
|switch|p1a: Great Tusk|Great Tusk, shiny|100/100
|switch|p2a: Gliscor|Gliscor, F|100/100
|turn|1
|inactive|stevstacks has 120 seconds left.
|
|t:|1781577601
|switch|p2a: Hatterene|Hatterene, F|100/100
|move|p1a: Great Tusk|Ice Spinner|p2a: Hatterene
|-damage|p2a: Hatterene|57/100
|-damage|p1a: Great Tusk|91/100|[from] item: Life Orb
|
|upkeep
|turn|2
|
|t:|1781577613
|switch|p2a: Cresselia|Cresselia, F|100/100
|move|p1a: Great Tusk|Headlong Rush|p2a: Cresselia
|-immune|p2a: Cresselia|[from] ability: Levitate
|
|upkeep
|turn|3
|inactive|stevstacks has 120 seconds left.
|
|t:|1781577637
|move|p1a: Great Tusk|Knock Off|p2a: Cresselia
|-supereffective|p2a: Cresselia
|-damage|p2a: Cresselia|51/100
|-enditem|p2a: Cresselia|Mental Herb|[from] move: Knock Off|[of] p1a: Great Tusk
|-damage|p1a: Great Tusk|81/100|[from] item: Life Orb
|move|p2a: Cresselia|Trick Room|p2a: Cresselia
|-fieldstart|move: Trick Room|[of] p2a: Cresselia
|
|upkeep
|turn|4
|
|t:|1781577661
|move|p2a: Cresselia|Moonlight|p2a: Cresselia
|-heal|p2a: Cresselia|100/100
|move|p1a: Great Tusk|Knock Off|p2a: Cresselia
|-supereffective|p2a: Cresselia
|-damage|p2a: Cresselia|69/100
|-damage|p1a: Great Tusk|71/100|[from] item: Life Orb
|
|upkeep
|turn|5
|
|t:|1781577675
|-end|p1a: Great Tusk|Protosynthesis|[silent]
|switch|p1a: Corviknight|Corviknight, M, shiny|100/100
|-ability|p1a: Corviknight|Pressure
|move|p2a: Cresselia|Ice Beam|p1a: Corviknight
|-damage|p1a: Corviknight|89/100
|
|-heal|p1a: Corviknight|95/100|[from] item: Leftovers
|upkeep
|turn|6
|inactive|stevstacks has 90 seconds left.
|
|t:|1781577714
|move|p2a: Cresselia|Moonlight|p2a: Cresselia
|-heal|p2a: Cresselia|100/100
|move|p1a: Corviknight|U-turn|p2a: Cresselia
|-supereffective|p2a: Cresselia
|-damage|p2a: Cresselia|85/100
|
|t:|1781577718
|switch|p1a: Torkoal|Torkoal, F, shiny|100/100|[from] U-turn
|-weather|SunnyDay|[from] ability: Drought|[of] p1a: Torkoal
|
|-weather|SunnyDay|[upkeep]
|upkeep
|turn|7
|
|t:|1781577729
|switch|p2a: Hatterene|Hatterene, F|57/100
|move|p1a: Torkoal|Will-O-Wisp|p2a: Hatterene
|move|p2a: Hatterene|Will-O-Wisp|p1a: Torkoal|[from] ability: Magic Bounce
|-immune|p1a: Torkoal
|
|-weather|SunnyDay|[upkeep]
|-fieldend|move: Trick Room
|upkeep
|turn|8
|
|t:|1781577745
|move|p1a: Torkoal|Overheat|p2a: Hatterene
|-damage|p2a: Hatterene|0 fnt
|-unboost|p1a: Torkoal|spa|2
|faint|p2a: Hatterene
|
|-weather|SunnyDay|[upkeep]
|upkeep
|
|t:|1781577749
|switch|p2a: Gliscor|Gliscor, F|100/100
|turn|9
|inactive|stevstacks has 90 seconds left.
|
|t:|1781577779
|switch|p1a: Great Tusk|Great Tusk, shiny|71/100
|-activate|p1a: Great Tusk|ability: Protosynthesis
|-start|p1a: Great Tusk|protosynthesisatk
|move|p2a: Gliscor|Substitute|p2a: Gliscor
|-start|p2a: Gliscor|Substitute
|-damage|p2a: Gliscor|75/100
|
|-weather|SunnyDay|[upkeep]
|-heal|p2a: Gliscor|82/100|[from] item: Leftovers
|upkeep
|turn|10
|
|t:|1781577786
|move|p2a: Gliscor|Protect|p2a: Gliscor
|-singleturn|p2a: Gliscor|Protect
|move|p1a: Great Tusk|Ice Spinner|p2a: Gliscor
|-activate|p2a: Gliscor|move: Protect
|
|-weather|SunnyDay|[upkeep]
|-heal|p2a: Gliscor|88/100|[from] item: Leftovers
|upkeep
|turn|11
|
|t:|1781577795
|move|p1a: Great Tusk|Ice Spinner|p2a: Gliscor
|-supereffective|p2a: Gliscor
|-end|p2a: Gliscor|Substitute
|-damage|p1a: Great Tusk|61/100|[from] item: Life Orb
|move|p2a: Gliscor|Substitute|p2a: Gliscor
|-start|p2a: Gliscor|Substitute
|-damage|p2a: Gliscor|63/100
|
|-weather|SunnyDay|[upkeep]
|-heal|p2a: Gliscor|69/100|[from] item: Leftovers
|upkeep
|turn|12
|inactive|stevstacks has 90 seconds left.
|inactive|stevstacks has 60 seconds left.
|
|t:|1781577853
|move|p2a: Gliscor|Protect|p2a: Gliscor
|-singleturn|p2a: Gliscor|Protect
|move|p1a: Great Tusk|Ice Spinner|p2a: Gliscor
|-activate|p2a: Gliscor|move: Protect
|
|-weather|SunnyDay|[upkeep]
|-heal|p2a: Gliscor|75/100|[from] item: Leftovers
|upkeep
|turn|13
|
|t:|1781577859
|-terastallize|p2a: Gliscor|Normal
|move|p1a: Great Tusk|Ice Spinner|p2a: Gliscor
|-end|p2a: Gliscor|Substitute
|-damage|p1a: Great Tusk|51/100|[from] item: Life Orb
|move|p2a: Gliscor|Toxic Spikes|p1a: Great Tusk
|-sidestart|p1: stevstacks|move: Toxic Spikes
|
|-weather|none
|-end|p1a: Great Tusk|Protosynthesis
|-heal|p2a: Gliscor|82/100|[from] item: Leftovers
|upkeep
|turn|14
|
|t:|1781577863
|move|p2a: Gliscor|Protect|p2a: Gliscor
|-singleturn|p2a: Gliscor|Protect
|move|p1a: Great Tusk|Close Combat|p2a: Gliscor
|-activate|p2a: Gliscor|move: Protect
|
|-heal|p2a: Gliscor|88/100|[from] item: Leftovers
|upkeep
|turn|15
|
|t:|1781577872
|-end|p1a: Great Tusk|Protosynthesis|[silent]
|switch|p1a: Torkoal|Torkoal, F, shiny|100/100
|-status|p1a: Torkoal|psn
|-weather|SunnyDay|[from] ability: Drought|[of] p1a: Torkoal
|switch|p2a: Cresselia|Cresselia, F|85/100
|
|-weather|SunnyDay|[upkeep]
|-damage|p1a: Torkoal|88/100 psn|[from] psn
|upkeep
|turn|16
|
|t:|1781577885
|switch|p2a: Conkeldurr|Conkeldurr, F|100/100
|move|p1a: Torkoal|Will-O-Wisp|p2a: Conkeldurr
|-status|p2a: Conkeldurr|brn
|
|-weather|SunnyDay|[upkeep]
|-damage|p1a: Torkoal|76/100 psn|[from] psn
|-damage|p2a: Conkeldurr|94/100 brn|[from] brn
|upkeep
|turn|17
|
|t:|1781577895
|switch|p1a: Great Tusk|Great Tusk, shiny|51/100
|-status|p1a: Great Tusk|psn
|-activate|p1a: Great Tusk|ability: Protosynthesis
|-start|p1a: Great Tusk|protosynthesisatk
|move|p2a: Conkeldurr|Facade|p1a: Great Tusk
|-damage|p1a: Great Tusk|0 fnt
|faint|p1a: Great Tusk
|-end|p1a: Great Tusk|Protosynthesis|[silent]
|
|-weather|SunnyDay|[upkeep]
|-damage|p2a: Conkeldurr|88/100 brn|[from] brn
|upkeep
|
|t:|1781577903
|switch|p1a: Corviknight|Corviknight, M, shiny|95/100
|-ability|p1a: Corviknight|Pressure
|turn|18
|
|t:|1781577916
|move|p1a: Corviknight|Brave Bird|p2a: Conkeldurr
|-supereffective|p2a: Conkeldurr
|-damage|p2a: Conkeldurr|26/100 brn
|-damage|p1a: Corviknight|74/100|[from] Recoil
|move|p2a: Conkeldurr|Knock Off|p1a: Corviknight
|-damage|p1a: Corviknight|28/100
|-enditem|p1a: Corviknight|Leftovers|[from] move: Knock Off|[of] p2a: Conkeldurr
|
|-weather|SunnyDay|[upkeep]
|-damage|p2a: Conkeldurr|20/100 brn|[from] brn
|upkeep
|turn|19
|
|t:|1781577941
|move|p1a: Corviknight|Defog|p2a: Conkeldurr
|-unboost|p2a: Conkeldurr|evasion|1
|-sideend|p1: stevstacks|Toxic Spikes|[from] move: Defog|[of] p1a: Corviknight
|move|p2a: Conkeldurr|Drain Punch|p1a: Corviknight
|-damage|p1a: Corviknight|0 fnt
|-heal|p2a: Conkeldurr|33/100 brn|[from] drain|[of] p1a: Corviknight
|faint|p1a: Corviknight
|
|-weather|SunnyDay|[upkeep]
|-damage|p2a: Conkeldurr|27/100 brn|[from] brn
|upkeep
|inactive|stevstacks has 90 seconds left.
|inactive|stevstacks has 60 seconds left.
|inactive|stevstacks has 30 seconds left.
|inactive|stevstacks has 20 seconds left.
|inactive|stevstacks has 15 seconds left.
|inactive|stevstacks has 10 seconds left.
|
|t:|1781578033
|switch|p1a: Walking Wake|Walking Wake|100/100
|-activate|p1a: Walking Wake|ability: Protosynthesis
|-start|p1a: Walking Wake|protosynthesisspe
|turn|20
|inactive|stevstacks has 20 seconds left this turn.
|inactive|NoobishTrainerJoe has 120 seconds left.
|inactive|NoobishTrainerJoe has 90 seconds left.
|l|☆NoobishTrainerJoe
|inactive|NoobishTrainerJoe disconnected and has a minute to reconnect!
|player|p2|
|j|☆NoobishTrainerJoe
|inactive|NoobishTrainerJoe reconnected and has 90 seconds left.
|player|p2|NoobishTrainerJoe|102|
|
|t:|1781578104
|move|p2a: Conkeldurr|Mach Punch|p1a: Walking Wake
|-damage|p1a: Walking Wake|58/100
|move|p1a: Walking Wake|Hydro Steam|p2a: Conkeldurr
|-damage|p2a: Conkeldurr|0 fnt
|faint|p2a: Conkeldurr
|
|-weather|SunnyDay|[upkeep]
|upkeep
|
|t:|1781578110
|switch|p2a: Cresselia|Cresselia, F|85/100
|turn|21
|inactive|stevstacks has 30 seconds left.
|
|t:|1781578119
|-terastallize|p1a: Walking Wake|Water
|move|p1a: Walking Wake|Hydro Steam|p2a: Cresselia
|-damage|p2a: Cresselia|23/100
|move|p2a: Cresselia|Moonlight|p2a: Cresselia
|-heal|p2a: Cresselia|90/100
|
|-weather|SunnyDay|[upkeep]
|upkeep
|turn|22
|
|t:|1781578127
|move|p1a: Walking Wake|Hydro Steam|p2a: Cresselia
|-damage|p2a: Cresselia|30/100
|move|p2a: Cresselia|Trick Room|p2a: Cresselia
|-fieldstart|move: Trick Room|[of] p2a: Cresselia
|
|-weather|none
|-end|p1a: Walking Wake|Protosynthesis
|upkeep
|turn|23
|
|t:|1781578132
|move|p2a: Cresselia|Moonlight|p2a: Cresselia
|-heal|p2a: Cresselia|80/100
|move|p1a: Walking Wake|Hydro Steam|p2a: Cresselia
|-damage|p2a: Cresselia|36/100
|
|upkeep
|turn|24
|
|t:|1781578138
|move|p2a: Cresselia|Moonlight|p2a: Cresselia
|-heal|p2a: Cresselia|86/100
|move|p1a: Walking Wake|Hydro Steam|p2a: Cresselia
|-damage|p2a: Cresselia|45/100
|
|upkeep
|turn|25
|
|t:|1781578140
|move|p2a: Cresselia|Moonlight|p2a: Cresselia
|-heal|p2a: Cresselia|95/100
|move|p1a: Walking Wake|Hydro Steam|p2a: Cresselia
|-damage|p2a: Cresselia|55/100
|
|upkeep
|turn|26
|
|t:|1781578146
|move|p2a: Cresselia|Moonlight|p2a: Cresselia
|-heal|p2a: Cresselia|100/100
|move|p1a: Walking Wake|Hydro Steam|p2a: Cresselia
|-damage|p2a: Cresselia|58/100
|
|-fieldend|move: Trick Room
|upkeep
|turn|27
|
|t:|1781578162
|move|p1a: Walking Wake|Hydro Steam|p2a: Cresselia
|-damage|p2a: Cresselia|11/100
|move|p2a: Cresselia|Trick Room|p2a: Cresselia
|-fieldstart|move: Trick Room|[of] p2a: Cresselia
|
|upkeep
|turn|28
|
|t:|1781578167
|-end|p1a: Walking Wake|Protosynthesis|[silent]
|switch|p1a: Torkoal|Torkoal, F, shiny|76/100 psn
|-weather|SunnyDay|[from] ability: Drought|[of] p1a: Torkoal
|move|p2a: Cresselia|Lunar Dance|p2a: Cresselia
|faint|p2a: Cresselia
|
|-weather|SunnyDay|[upkeep]
|-damage|p1a: Torkoal|64/100 psn|[from] psn
|upkeep
|
|t:|1781578176
|switch|p2a: Ursaluna|Ursaluna, F|100/100
|turn|29
|inactive|stevstacks has 90 seconds left.
|
|t:|1781578213
|move|p1a: Torkoal|Overheat|p2a: Ursaluna|[miss]
|-miss|p1a: Torkoal|p2a: Ursaluna
|move|p2a: Ursaluna|Earthquake|p1a: Torkoal
|-supereffective|p1a: Torkoal
|-damage|p1a: Torkoal|0 fnt
|faint|p1a: Torkoal
|
|-weather|SunnyDay|[upkeep]
|upkeep
|
|t:|1781578220
|switch|p1a: Raging Bolt|Raging Bolt|100/100
|-activate|p1a: Raging Bolt|ability: Protosynthesis
|-start|p1a: Raging Bolt|protosynthesisspa
|turn|30
|
|t:|1781578224
|move|p2a: Ursaluna|Headlong Rush|p1a: Raging Bolt
|-supereffective|p1a: Raging Bolt
|-damage|p1a: Raging Bolt|0 fnt
|-unboost|p2a: Ursaluna|def|1
|-unboost|p2a: Ursaluna|spd|1
|faint|p1a: Raging Bolt
|-end|p1a: Raging Bolt|Protosynthesis|[silent]
|
|-weather|SunnyDay|[upkeep]
|upkeep
|
|t:|1781578227
|switch|p1a: Walking Wake|Walking Wake, tera:Water|58/100
|-activate|p1a: Walking Wake|ability: Protosynthesis
|-start|p1a: Walking Wake|protosynthesisspe
|turn|31
|
|t:|1781578238
|move|p2a: Ursaluna|Headlong Rush|p1a: Walking Wake
|-damage|p1a: Walking Wake|0 fnt
|-unboost|p2a: Ursaluna|def|1
|-unboost|p2a: Ursaluna|spd|1
|faint|p1a: Walking Wake
|-end|p1a: Walking Wake|Protosynthesis|[silent]
|
|-weather|SunnyDay|[upkeep]
|-fieldend|move: Trick Room
|upkeep
|
|t:|1781578241
|switch|p1a: Zamazenta|Zamazenta|100/100
|-ability|p1a: Zamazenta|Dauntless Shield|boost
|-boost|p1a: Zamazenta|def|1
|turn|32
|
|t:|1781578247
|move|p1a: Zamazenta|Iron Defense|p1a: Zamazenta
|-boost|p1a: Zamazenta|def|2
|move|p2a: Ursaluna|Headlong Rush|p1a: Zamazenta
|-damage|p1a: Zamazenta|79/100
|-unboost|p2a: Ursaluna|def|1
|-unboost|p2a: Ursaluna|spd|1
|
|-weather|SunnyDay|[upkeep]
|-heal|p1a: Zamazenta|85/100|[from] item: Leftovers
|upkeep
|turn|33
|
|t:|1781578254
|move|p1a: Zamazenta|Iron Defense|p1a: Zamazenta
|-boost|p1a: Zamazenta|def|2
|move|p2a: Ursaluna|Headlong Rush|p1a: Zamazenta
|-damage|p1a: Zamazenta|71/100
|-unboost|p2a: Ursaluna|def|1
|-unboost|p2a: Ursaluna|spd|1
|
|-weather|SunnyDay|[upkeep]
|-heal|p1a: Zamazenta|77/100|[from] item: Leftovers
|upkeep
|turn|34
|
|t:|1781578256
|move|p1a: Zamazenta|Body Press|p2a: Ursaluna
|-supereffective|p2a: Ursaluna
|-damage|p2a: Ursaluna|0 fnt
|faint|p2a: Ursaluna
|
|-weather|SunnyDay|[upkeep]
|-heal|p1a: Zamazenta|83/100|[from] item: Leftovers
|upkeep
|
|t:|1781578259
|switch|p2a: Cinderace|Cinderace, F|100/100
|turn|35
|
|t:|1781578261
|move|p1a: Zamazenta|Body Press|p2a: Cinderace
|-damage|p2a: Cinderace|0 fnt
|faint|p2a: Cinderace
|
|-weather|none
|-heal|p1a: Zamazenta|90/100|[from] item: Leftovers
|upkeep
|-message|NoobishTrainerJoe forfeited.
|
|win|stevstacks
|raw|stevstacks's rating: 1628 &rarr; <strong>1644</strong><br />(+16 for winning)
|raw|NoobishTrainerJoe's rating: 1560 &rarr; <strong>1544</strong><br />(-16 for losing)
|l|☆NoobishTrainerJoe
|player|p2|
|l|☆stevstacks
|player|p1|
