|j|☆tauros3
|j|☆freakoffweeb
|t:|1780969559
|gametype|singles
|player|p1|tauros3|swimmer-gen4dp|1552
|player|p2|freakoffweeb|1|1513
|gen|9
|tier|[Gen 9] OU
|rated|
|rule|HP Percentage Mod: HP is shown in percentages
|rule|Endless Battle Clause: Forcing endless battles is banned
|rule|Species Clause: Limit one of each Pokémon
|rule|OHKO Clause: OHKO moves are banned
|rule|Evasion Items Clause: Evasion items are banned
|rule|Evasion Moves Clause: Evasion moves are banned
|rule|Evasion Abilities Clause: Evasion abilities are banned
|rule|Sleep Moves Clause: Sleep-inducing moves are banned
|clearpoke
|poke|p1|Rillaboom, F|
|poke|p1|Ogerpon-Wellspring, F|
|poke|p1|Tauros-Paldea-Blaze, M|
|poke|p1|Raging Bolt|
|poke|p1|Muk-Alola, M|
|poke|p1|Iron Treads|
|poke|p2|Rillaboom, M|
|poke|p2|Raging Bolt|
|poke|p2|Great Tusk|
|poke|p2|Tornadus-Therian, M|
|poke|p2|Cinderace, F|
|poke|p2|Garganacl, M|
|teampreview
|inactive|Battle timer is ON: inactive players will automatically lose when time's up. (requested by freakoffweeb)
|inactive|tauros3 also wants the timer to be on.
|
|t:|1780969587
|teamsize|p1|6
|teamsize|p2|6
|start
|switch|p1a: 2YL|Muk-Alola, M|100/100
|switch|p2a: Tornadus|Tornadus-Therian, M, shiny|100/100
|turn|1
|
|t:|1780969615
|move|p2a: Tornadus|U-turn|p1a: 2YL
|-damage|p1a: 2YL|85/100
|
|t:|1780969617
|switch|p2a: Garganacl|Garganacl, M|100/100|[from] U-turn
|move|p1a: 2YL|Knock Off|p2a: Garganacl
|-damage|p2a: Garganacl|75/100
|-enditem|p2a: Garganacl|Leftovers|[from] move: Knock Off|[of] p1a: 2YL
|
|upkeep
|turn|2
|
|t:|1780969624
|switch|p1a: Summer Shandy|Rillaboom, F|100/100
|-fieldstart|move: Grassy Terrain|[from] ability: Grassy Surge|[of] p1a: Summer Shandy
|move|p2a: Garganacl|Salt Cure|p1a: Summer Shandy
|-damage|p1a: Summer Shandy|88/100
|-start|p1a: Summer Shandy|Salt Cure
|
|-heal|p1a: Summer Shandy|94/100|[from] Grassy Terrain
|-heal|p2a: Garganacl|81/100|[from] Grassy Terrain
|-damage|p1a: Summer Shandy|82/100|[from] Salt Cure
|upkeep
|turn|3
|inactive|freakoffweeb has 120 seconds left.
|
|t:|1780969660
|switch|p2a: Cinderace|Cinderace, F|100/100
|move|p1a: Summer Shandy|U-turn|p2a: Cinderace
|-resisted|p2a: Cinderace
|-damage|p2a: Cinderace|84/100
|
|t:|1780969671
|switch|p1a: West Virginia|Raging Bolt|100/100|[from] U-turn
|
|-heal|p2a: Cinderace|90/100|[from] Grassy Terrain
|upkeep
|turn|4
|inactive|freakoffweeb has 120 seconds left.
|inactive|freakoffweeb has 90 seconds left.
|
|t:|1780969721
|move|p2a: Cinderace|U-turn|p1a: West Virginia
|-damage|p1a: West Virginia|85/100
|
|t:|1780969726
|switch|p2a: Great Tusk|Great Tusk|100/100|[from] U-turn
|move|p1a: West Virginia|Calm Mind|p1a: West Virginia
|-boost|p1a: West Virginia|spa|1
|-boost|p1a: West Virginia|spd|1
|
|-heal|p1a: West Virginia|91/100|[from] Grassy Terrain
|-heal|p1a: West Virginia|97/100|[from] item: Leftovers
|upkeep
|turn|5
|inactive|freakoffweeb has 90 seconds left.
|
|t:|1780969740
|-end|p1a: West Virginia|Protosynthesis|[silent]
|switch|p1a: HELP|Ogerpon-Wellspring, F|100/100
|move|p2a: Great Tusk|Headlong Rush|p1a: HELP
|-resisted|p1a: HELP
|-damage|p1a: HELP|69/100
|-unboost|p2a: Great Tusk|def|1
|-unboost|p2a: Great Tusk|spd|1
|
|-heal|p1a: HELP|75/100|[from] Grassy Terrain
|upkeep
|turn|6
|inactive|freakoffweeb has 90 seconds left.
|
|t:|1780969754
|-end|p2a: Great Tusk|Protosynthesis|[silent]
|switch|p2a: MF BOOM|Rillaboom, M, shiny|100/100
|move|p1a: HELP|Ivy Cudgel|p2a: MF BOOM|[anim] Ivy Cudgel Water
|-resisted|p2a: MF BOOM
|-damage|p2a: MF BOOM|71/100
|
|-heal|p1a: HELP|81/100|[from] Grassy Terrain
|-heal|p2a: MF BOOM|77/100|[from] Grassy Terrain
|-heal|p2a: MF BOOM|83/100|[from] item: Leftovers
|upkeep
|turn|7
|
|t:|1780969762
|switch|p1a: The Plan|Tauros-Paldea-Blaze, M|100/100
|-ability|p1a: The Plan|Intimidate|boost
|-unboost|p2a: MF BOOM|atk|1
|move|p2a: MF BOOM|Swords Dance|p2a: MF BOOM
|-boost|p2a: MF BOOM|atk|2
|
|-heal|p2a: MF BOOM|90/100|[from] Grassy Terrain
|-heal|p2a: MF BOOM|96/100|[from] item: Leftovers
|upkeep
|turn|8
|
|t:|1780969767
|switch|p2a: Garganacl|Garganacl, M|81/100
|move|p1a: The Plan|Will-O-Wisp|p2a: Garganacl
|-immune|p2a: Garganacl|[from] ability: Purifying Salt
|
|-heal|p2a: Garganacl|88/100|[from] Grassy Terrain
|upkeep
|turn|9
|
|t:|1780969775
|move|p1a: The Plan|Bulk Up|p1a: The Plan
|-boost|p1a: The Plan|atk|1
|-boost|p1a: The Plan|def|1
|move|p2a: Garganacl|Curse|p2a: Garganacl
|-unboost|p2a: Garganacl|spe|1
|-boost|p2a: Garganacl|atk|1
|-boost|p2a: Garganacl|def|1
|
|-heal|p2a: Garganacl|94/100|[from] Grassy Terrain
|-fieldend|move: Grassy Terrain
|upkeep
|turn|10
|
|t:|1780969786
|switch|p1a: Plastic Flowers|Iron Treads|100/100
|-enditem|p1a: Plastic Flowers|Booster Energy
|-activate|p1a: Plastic Flowers|ability: Quark Drive|[fromitem]
|-start|p1a: Plastic Flowers|quarkdrivespe
|move|p2a: Garganacl|Salt Cure|p1a: Plastic Flowers
|-resisted|p1a: Plastic Flowers
|-damage|p1a: Plastic Flowers|96/100
|-start|p1a: Plastic Flowers|Salt Cure
|
|-damage|p1a: Plastic Flowers|71/100|[from] Salt Cure
|upkeep
|turn|11
|inactive|freakoffweeb has 120 seconds left.
|
|t:|1780969821
|-terastallize|p1a: Plastic Flowers|Ghost
|move|p1a: Plastic Flowers|Earth Power|p2a: Garganacl
|-supereffective|p2a: Garganacl
|-damage|p2a: Garganacl|53/100
|move|p2a: Garganacl|Curse|p2a: Garganacl
|-unboost|p2a: Garganacl|spe|1
|-boost|p2a: Garganacl|atk|1
|-boost|p2a: Garganacl|def|1
|
|-damage|p1a: Plastic Flowers|59/100|[from] Salt Cure
|upkeep
|turn|12
|
|t:|1780969832
|move|p1a: Plastic Flowers|Steel Beam|p2a: Garganacl
|-supereffective|p2a: Garganacl
|-damage|p2a: Garganacl|0 fnt
|-damage|p1a: Plastic Flowers|9/100|[from] steelbeam
|faint|p2a: Garganacl
|
|-damage|p1a: Plastic Flowers|0 fnt|[from] Salt Cure
|faint|p1a: Plastic Flowers
|-end|p1a: Plastic Flowers|Quark Drive|[silent]
|upkeep
|
|t:|1780969841
|switch|p1a: HELP|Ogerpon-Wellspring, F|81/100
|switch|p2a: Raging Bolt|Raging Bolt|100/100
|turn|13
|inactive|freakoffweeb has 120 seconds left.
|
|t:|1780969850
|switch|p1a: 2YL|Muk-Alola, M|85/100
|move|p2a: Raging Bolt|Thunderbolt|p1a: 2YL
|-damage|p1a: 2YL|54/100
|
|upkeep
|turn|14
|
|t:|1780969859
|-end|p2a: Raging Bolt|Protosynthesis|[silent]
|switch|p2a: Great Tusk|Great Tusk|100/100
|move|p1a: 2YL|Knock Off|p2a: Great Tusk
|-resisted|p2a: Great Tusk
|-damage|p2a: Great Tusk|89/100
|-damage|p1a: 2YL|37/100|[from] item: Rocky Helmet|[of] p2a: Great Tusk
|-status|p2a: Great Tusk|psn|[from] ability: Poison Touch|[of] p1a: 2YL
|-enditem|p2a: Great Tusk|Rocky Helmet|[from] move: Knock Off|[of] p1a: 2YL
|
|-damage|p2a: Great Tusk|77/100 psn|[from] psn
|upkeep
|turn|15
|
|t:|1780969869
|switch|p1a: Summer Shandy|Rillaboom, F|82/100
|-fieldstart|move: Grassy Terrain|[from] ability: Grassy Surge|[of] p1a: Summer Shandy
|move|p2a: Great Tusk|Stealth Rock|p1a: Summer Shandy
|-sidestart|p1: tauros3|move: Stealth Rock
|
|-heal|p2a: Great Tusk|83/100 psn|[from] Grassy Terrain
|-heal|p1a: Summer Shandy|88/100|[from] Grassy Terrain
|-damage|p2a: Great Tusk|71/100 psn|[from] psn
|upkeep
|turn|16
|inactive|freakoffweeb has 120 seconds left.
|
|t:|1780969884
|-end|p2a: Great Tusk|Protosynthesis|[silent]
|switch|p2a: Cinderace|Cinderace, F|90/100
|move|p1a: Summer Shandy|Knock Off|p2a: Cinderace
|-damage|p2a: Cinderace|47/100
|-enditem|p2a: Cinderace|Heavy-Duty Boots|[from] move: Knock Off|[of] p1a: Summer Shandy
|
|-heal|p2a: Cinderace|53/100|[from] Grassy Terrain
|-heal|p1a: Summer Shandy|94/100|[from] Grassy Terrain
|upkeep
|turn|17
|inactive|freakoffweeb has 120 seconds left.
|inactive|tauros3 has 120 seconds left.
|
|t:|1780969925
|switch|p1a: The Plan|Tauros-Paldea-Blaze, M|100/100
|-damage|p1a: The Plan|88/100|[from] Stealth Rock
|-ability|p1a: The Plan|Intimidate|boost
|-unboost|p2a: Cinderace|atk|1
|move|p2a: Cinderace|Pyro Ball|p1a: The Plan
|-resisted|p1a: The Plan
|-damage|p1a: The Plan|77/100
|
|-heal|p2a: Cinderace|59/100|[from] Grassy Terrain
|-heal|p1a: The Plan|83/100|[from] Grassy Terrain
|-heal|p1a: The Plan|89/100|[from] item: Leftovers
|upkeep
|turn|18
|
|t:|1780969930
|move|p2a: Cinderace|U-turn|p1a: The Plan
|-resisted|p1a: The Plan
|-damage|p1a: The Plan|87/100
|
|t:|1780969933
|switch|p2a: Great Tusk|Great Tusk|71/100 psn|[from] U-turn
|move|p1a: The Plan|Will-O-Wisp||[still]
|-fail|p1a: The Plan
|
|-heal|p2a: Great Tusk|77/100 psn|[from] Grassy Terrain
|-heal|p1a: The Plan|93/100|[from] Grassy Terrain
|-heal|p1a: The Plan|99/100|[from] item: Leftovers
|-damage|p2a: Great Tusk|64/100 psn|[from] psn
|upkeep
|turn|19
|
|t:|1780969940
|move|p2a: Great Tusk|Headlong Rush|p1a: The Plan
|-supereffective|p1a: The Plan
|-damage|p1a: The Plan|33/100
|-unboost|p2a: Great Tusk|def|1
|-unboost|p2a: Great Tusk|spd|1
|move|p1a: The Plan|Body Press|p2a: Great Tusk
|-damage|p2a: Great Tusk|28/100 psn
|
|-heal|p2a: Great Tusk|35/100 psn|[from] Grassy Terrain
|-heal|p1a: The Plan|40/100|[from] Grassy Terrain
|-heal|p1a: The Plan|46/100|[from] item: Leftovers
|-damage|p2a: Great Tusk|22/100 psn|[from] psn
|upkeep
|turn|20
|inactive|tauros3 has 120 seconds left.
|
|t:|1780969956
|switch|p1a: Summer Shandy|Rillaboom, F|94/100
|-damage|p1a: Summer Shandy|81/100|[from] Stealth Rock
|move|p2a: Great Tusk|Headlong Rush|p1a: Summer Shandy
|-resisted|p1a: Summer Shandy
|-damage|p1a: Summer Shandy|58/100
|-unboost|p2a: Great Tusk|def|1
|-unboost|p2a: Great Tusk|spd|1
|
|-heal|p2a: Great Tusk|28/100 psn|[from] Grassy Terrain
|-heal|p1a: Summer Shandy|64/100|[from] Grassy Terrain
|-damage|p2a: Great Tusk|16/100 psn|[from] psn
|upkeep
|turn|21
|
|t:|1780969982
|-end|p2a: Great Tusk|Protosynthesis|[silent]
|switch|p2a: Cinderace|Cinderace, F|59/100
|move|p1a: Summer Shandy|Grassy Glide|p2a: Cinderace
|-resisted|p2a: Cinderace
|-damage|p2a: Cinderace|34/100
|
|-heal|p2a: Cinderace|40/100|[from] Grassy Terrain
|-heal|p1a: Summer Shandy|70/100|[from] Grassy Terrain
|upkeep
|turn|22
|inactive|freakoffweeb has 120 seconds left.
|
|t:|1780969997
|switch|p1a: The Plan|Tauros-Paldea-Blaze, M|46/100
|-damage|p1a: The Plan|33/100|[from] Stealth Rock
|-ability|p1a: The Plan|Intimidate|boost
|-unboost|p2a: Cinderace|atk|1
|move|p2a: Cinderace|Pyro Ball|p1a: The Plan
|-resisted|p1a: The Plan
|-damage|p1a: The Plan|23/100
|
|-heal|p2a: Cinderace|46/100|[from] Grassy Terrain
|-heal|p1a: The Plan|29/100|[from] Grassy Terrain
|-heal|p1a: The Plan|35/100|[from] item: Leftovers
|-fieldend|move: Grassy Terrain
|upkeep
|turn|23
|inactive|freakoffweeb has 120 seconds left.
|
|t:|1780970013
|move|p2a: Cinderace|U-turn|p1a: The Plan
|-resisted|p1a: The Plan
|-damage|p1a: The Plan|33/100
|
|t:|1780970015
|switch|p2a: Great Tusk|Great Tusk|16/100 psn|[from] U-turn
|move|p1a: The Plan|Body Press|p2a: Great Tusk
|-damage|p2a: Great Tusk|0 fnt
|faint|p2a: Great Tusk
|-end|p2a: Great Tusk|Protosynthesis|[silent]
|
|-heal|p1a: The Plan|40/100|[from] item: Leftovers
|upkeep
|inactive|freakoffweeb has 120 seconds left.
|
|t:|1780970021
|switch|p2a: Raging Bolt|Raging Bolt|100/100
|turn|24
|inactive|freakoffweeb has 120 seconds left.
|
|t:|1780970050
|switch|p1a: 2YL|Muk-Alola, M|37/100
|-damage|p1a: 2YL|25/100|[from] Stealth Rock
|move|p2a: Raging Bolt|Thunderbolt|p1a: 2YL
|-damage|p1a: 2YL|0 fnt
|faint|p1a: 2YL
|
|upkeep
|
|t:|1780970070
|switch|p1a: West Virginia|Raging Bolt|97/100
|-damage|p1a: West Virginia|85/100|[from] Stealth Rock
|turn|25
|
|t:|1780970090
|-end|p2a: Raging Bolt|Protosynthesis|[silent]
|switch|p2a: Cinderace|Cinderace, F|46/100
|move|p1a: West Virginia|Thunderbolt|p2a: Cinderace
|-damage|p2a: Cinderace|0 fnt
|faint|p2a: Cinderace
|
|-heal|p1a: West Virginia|91/100|[from] item: Leftovers
|upkeep
|
|t:|1780970095
|switch|p2a: MF BOOM|Rillaboom, M, shiny|96/100
|-fieldstart|move: Grassy Terrain|[from] ability: Grassy Surge|[of] p2a: MF BOOM
|turn|26
|
|t:|1780970106
|-end|p1a: West Virginia|Protosynthesis|[silent]
|switch|p1a: The Plan|Tauros-Paldea-Blaze, M|40/100
|-damage|p1a: The Plan|27/100|[from] Stealth Rock
|-ability|p1a: The Plan|Intimidate|boost
|-unboost|p2a: MF BOOM|atk|1
|move|p2a: MF BOOM|Swords Dance|p2a: MF BOOM
|-boost|p2a: MF BOOM|atk|2
|
|-heal|p1a: The Plan|33/100|[from] Grassy Terrain
|-heal|p1a: The Plan|40/100|[from] item: Leftovers
|-heal|p2a: MF BOOM|100/100|[from] Grassy Terrain
|upkeep
|turn|27
|
|t:|1780970130
|switch|p2a: Raging Bolt|Raging Bolt|100/100
|move|p1a: The Plan|Will-O-Wisp|p2a: Raging Bolt
|-status|p2a: Raging Bolt|brn
|
|-heal|p1a: The Plan|46/100|[from] Grassy Terrain
|-heal|p1a: The Plan|52/100|[from] item: Leftovers
|-damage|p2a: Raging Bolt|94/100 brn|[from] brn
|upkeep
|turn|28
|
|t:|1780970141
|switch|p1a: Summer Shandy|Rillaboom, F|70/100
|-damage|p1a: Summer Shandy|57/100|[from] Stealth Rock
|move|p2a: Raging Bolt|Draco Meteor|p1a: Summer Shandy
|-damage|p1a: Summer Shandy|0 fnt
|-unboost|p2a: Raging Bolt|spa|2
|faint|p1a: Summer Shandy
|
|-heal|p2a: Raging Bolt|100/100 brn|[from] Grassy Terrain
|-damage|p2a: Raging Bolt|94/100 brn|[from] brn
|upkeep
|
|t:|1780970151
|switch|p1a: HELP|Ogerpon-Wellspring, F|81/100
|-damage|p1a: HELP|68/100|[from] Stealth Rock
|turn|29
|
|t:|1780970167
|-end|p2a: Raging Bolt|Protosynthesis|[silent]
|switch|p2a: Tornadus|Tornadus-Therian, M, shiny|100/100
|move|p1a: HELP|Swords Dance|p1a: HELP
|-boost|p1a: HELP|atk|2
|
|-heal|p1a: HELP|74/100|[from] Grassy Terrain
|upkeep
|turn|30
|
|t:|1780970173
|move|p2a: Tornadus|Bleakwind Storm|p1a: HELP
|-supereffective|p1a: HELP
|-damage|p1a: HELP|0 fnt
|faint|p1a: HELP
|
|-fieldend|move: Grassy Terrain
|upkeep
|
|t:|1780970176
|switch|p1a: West Virginia|Raging Bolt|91/100
|-damage|p1a: West Virginia|79/100|[from] Stealth Rock
|turn|31
|
|t:|1780970182
|-terastallize|p2a: Tornadus|Ice
|move|p2a: Tornadus|Icy Wind|p1a: West Virginia
|-supereffective|p1a: West Virginia
|-damage|p1a: West Virginia|40/100
|-unboost|p1a: West Virginia|spe|1
|move|p1a: West Virginia|Thunderbolt|p2a: Tornadus
|-damage|p2a: Tornadus|71/100
|
|-heal|p1a: West Virginia|46/100|[from] item: Leftovers
|upkeep
|turn|32
|inactive|freakoffweeb has 120 seconds left.
|
|t:|1780970196
|-end|p1a: West Virginia|Protosynthesis|[silent]
|switch|p1a: The Plan|Tauros-Paldea-Blaze, M|52/100
|-damage|p1a: The Plan|40/100|[from] Stealth Rock
|-ability|p1a: The Plan|Intimidate|boost
|-unboost|p2a: Tornadus|atk|1
|move|p2a: Tornadus|Icy Wind|p1a: The Plan
|-resisted|p1a: The Plan
|-damage|p1a: The Plan|24/100
|-unboost|p1a: The Plan|spe|1
|
|-heal|p1a: The Plan|31/100|[from] item: Leftovers
|upkeep
|turn|33
|inactive|freakoffweeb has 120 seconds left.
|
|t:|1780970203
|move|p2a: Tornadus|Bleakwind Storm|p1a: The Plan
|-supereffective|p1a: The Plan
|-damage|p1a: The Plan|0 fnt
|faint|p1a: The Plan
|
|upkeep
|
|t:|1780970205
|switch|p1a: West Virginia|Raging Bolt|46/100
|-damage|p1a: West Virginia|34/100|[from] Stealth Rock
|turn|34
|inactive|freakoffweeb has 120 seconds left.
|
|t:|1780970230
|move|p2a: Tornadus|Icy Wind|p1a: West Virginia
|-supereffective|p1a: West Virginia
|-damage|p1a: West Virginia|0 fnt
|faint|p1a: West Virginia
|-end|p1a: West Virginia|Protosynthesis|[silent]
|
|win|freakoffweeb
|raw|tauros3's rating: 1552 &rarr; <strong>1531</strong><br />(-21 for losing)
|raw|freakoffweeb's rating: 1537 &rarr; <strong>1558</strong><br />(+21 for winning)
|l|☆tauros3
|player|p1|
|l|☆freakoffweeb
|player|p2|
