|j|☆KurisuChestnutLab
|j|☆Klopple
|t:|1781159706
|gametype|singles
|player|p1|KurisuChestnutLab|may-contest|1580
|player|p2|Klopple|sailor|1612
|gen|9
|tier|[Gen 9] OU
|rated|
|rule|HP Percentage Mod: HP is shown in percentages
|rule|Endless Battle Clause: Forcing endless battles is banned
|rule|Species Clause: Limit one of each Pokémon
|rule|OHKO Clause: OHKO moves are banned
|rule|Evasion Items Clause: Evasion items are banned
|rule|Evasion Moves Clause: Evasion moves are banned
|rule|Evasion Abilities Clause: Evasion abilities are banned
|rule|Sleep Moves Clause: Sleep-inducing moves are banned
|clearpoke
|poke|p1|Primarina, F|
|poke|p1|Hippowdon, F|
|poke|p1|Skarmory, M|
|poke|p1|Zapdos|
|poke|p1|Dragonite, F|
|poke|p1|Slowking, M|
|poke|p2|Arboliva, M|
|poke|p2|Gliscor, F|
|poke|p2|Iron Crown|
|poke|p2|Zamazenta-*|
|poke|p2|Hatterene, F|
|poke|p2|Dragonite, F|
|teampreview
|inactive|Battle timer is ON: inactive players will automatically lose when time's up. (requested by KurisuChestnutLab)
|
|t:|1781159740
|teamsize|p1|6
|teamsize|p2|6
|start
|switch|p1a: Primarina|Primarina, F|100/100
|switch|p2a: Gliscor|Gliscor, F|100/100
|turn|1
|
|t:|1781159746
|move|p2a: Gliscor|Protect|p2a: Gliscor
|-singleturn|p2a: Gliscor|Protect
|move|p1a: Primarina|Surf|p2a: Gliscor
|-activate|p2a: Gliscor|move: Protect
|
|-status|p2a: Gliscor|tox|[from] item: Toxic Orb
|upkeep
|turn|2
|
|t:|1781159754
|switch|p2a: Arboliva|Arboliva, M|100/100
|move|p1a: Primarina|Moonblast|p2a: Arboliva
|-damage|p2a: Arboliva|57/100
|-unboost|p2a: Arboliva|spa|1
|
|upkeep
|turn|3
|
|t:|1781159760
|move|p1a: Primarina|Moonblast|p2a: Arboliva
|-damage|p2a: Arboliva|8/100
|move|p2a: Arboliva|Energy Ball|p1a: Primarina
|-supereffective|p1a: Primarina
|-damage|p1a: Primarina|63/100
|
|upkeep
|turn|4
|-enditem|p2a: Arboliva|Custap Berry|[eat]
|-activate|p2a: Arboliva|item: Custap Berry|[consumed]
|
|t:|1781159765
|switch|p1a: Dragonite|Dragonite, F|100/100
|move|p2a: Arboliva|Energy Ball|p1a: Dragonite
|-resisted|p1a: Dragonite
|-damage|p1a: Dragonite|96/100
|
|-item|p2a: Arboliva|Custap Berry|[from] ability: Harvest
|upkeep
|turn|5
|
|t:|1781159773
|switch|p2a: Hatterene|Hatterene, F|100/100
|move|p1a: Dragonite|Dragon Dance|p1a: Dragonite
|-boost|p1a: Dragonite|atk|1
|-boost|p1a: Dragonite|spe|1
|
|upkeep
|turn|6
|
|t:|1781159779
|-terastallize|p1a: Dragonite|Normal
|move|p1a: Dragonite|Extreme Speed|p2a: Hatterene
|-damage|p2a: Hatterene|42/100
|-damage|p1a: Dragonite|80/100|[from] item: Rocky Helmet|[of] p2a: Hatterene
|move|p2a: Hatterene|Nuzzle|p1a: Dragonite
|-damage|p1a: Dragonite|75/100
|-status|p1a: Dragonite|par
|
|upkeep
|turn|7
|
|t:|1781159793
|switch|p2a: Iron Crown|Iron Crown|100/100
|move|p1a: Dragonite|Extreme Speed|p2a: Iron Crown
|-resisted|p2a: Iron Crown
|-damage|p2a: Iron Crown|66/100
|
|upkeep
|turn|8
|
|t:|1781159799
|move|p2a: Iron Crown|Volt Switch|p1a: Dragonite
|-damage|p1a: Dragonite|52/100 par
|
|t:|1781159802
|-end|p2a: Iron Crown|Quark Drive|[silent]
|switch|p2a: Dragonite|Dragonite, F|100/100|[from] Volt Switch
|move|p1a: Dragonite|Earthquake|p2a: Dragonite
|-immune|p2a: Dragonite
|
|upkeep
|turn|9
|
|t:|1781159810
|switch|p1a: Hippowdon|Hippowdon, F|100/100
|-weather|Sandstorm|[from] ability: Sand Stream|[of] p1a: Hippowdon
|move|p2a: Dragonite|Earthquake|p1a: Hippowdon
|-damage|p1a: Hippowdon|80/100
|
|-weather|Sandstorm|[upkeep]
|-damage|p2a: Dragonite|94/100|[from] Sandstorm
|-heal|p1a: Hippowdon|86/100|[from] item: Leftovers
|upkeep
|turn|10
|
|t:|1781159819
|switch|p2a: Gliscor|Gliscor, F|100/100 tox
|move|p1a: Hippowdon|Stealth Rock|p2a: Gliscor
|-sidestart|p2: Klopple|move: Stealth Rock
|
|-weather|Sandstorm|[upkeep]
|-heal|p1a: Hippowdon|92/100|[from] item: Leftovers
|upkeep
|turn|11
|
|t:|1781159826
|switch|p1a: Skarmory|Skarmory, M|100/100
|move|p2a: Gliscor|Stealth Rock|p1a: Skarmory
|-sidestart|p1: KurisuChestnutLab|move: Stealth Rock
|
|-weather|Sandstorm|[upkeep]
|upkeep
|turn|12
|
|t:|1781159830
|move|p2a: Gliscor|Knock Off|p1a: Skarmory
|-damage|p1a: Skarmory|89/100
|-enditem|p1a: Skarmory|Leftovers|[from] move: Knock Off|[of] p2a: Gliscor
|move|p1a: Skarmory|Spikes|p2a: Gliscor
|-sidestart|p2: Klopple|Spikes
|
|-weather|Sandstorm|[upkeep]
|upkeep
|turn|13
|
|t:|1781159838
|switch|p2a: Hatterene|Hatterene, F|42/100
|-damage|p2a: Hatterene|29/100|[from] Stealth Rock
|-damage|p2a: Hatterene|17/100|[from] Spikes
|move|p1a: Skarmory|Spikes|p2a: Hatterene
|move|p2a: Hatterene|Spikes|p1a: Skarmory|[from] ability: Magic Bounce
|-sidestart|p1: KurisuChestnutLab|Spikes
|
|-weather|none
|upkeep
|turn|14
|
|t:|1781159850
|move|p1a: Skarmory|Iron Head|p2a: Hatterene
|-supereffective|p2a: Hatterene
|-damage|p2a: Hatterene|0 fnt
|-damage|p1a: Skarmory|72/100|[from] item: Rocky Helmet|[of] p2a: Hatterene
|faint|p2a: Hatterene
|
|upkeep
|
|t:|1781159860
|switch|p2a: Iron Crown|Iron Crown|66/100
|-damage|p2a: Iron Crown|59/100|[from] Stealth Rock
|-damage|p2a: Iron Crown|47/100|[from] Spikes
|turn|15
|
|t:|1781159864
|switch|p1a: Slowking|Slowking, M|100/100
|move|p2a: Iron Crown|Psychic Noise|p1a: Slowking
|-resisted|p1a: Slowking
|-damage|p1a: Slowking|89/100
|-start|p1a: Slowking|move: Heal Block
|
|upkeep
|turn|16
|
|t:|1781159869
|move|p2a: Iron Crown|Volt Switch|p1a: Slowking
|-supereffective|p1a: Slowking
|-damage|p1a: Slowking|59/100
|
|t:|1781159873
|-end|p2a: Iron Crown|Quark Drive|[silent]
|switch|p2a: Gliscor|Gliscor, F|100/100 tox|[from] Volt Switch
|-damage|p2a: Gliscor|88/100 tox|[from] Stealth Rock
|move|p1a: Slowking|Future Sight|p2a: Gliscor
|-start|p1a: Slowking|move: Future Sight
|
|-heal|p2a: Gliscor|100/100 tox|[from] ability: Poison Heal
|-end|p1a: Slowking|move: Heal Block
|upkeep
|turn|17
|
|t:|1781159882
|switch|p2a: Arboliva|Arboliva, M|8/100
|-damage|p2a: Arboliva|0 fnt|[from] Stealth Rock
|faint|p2a: Arboliva
|switch|p1a: Skarmory|Skarmory, M|72/100
|-damage|p1a: Skarmory|60/100|[from] Stealth Rock
|
|upkeep
|
|t:|1781159891
|switch|p2a: Iron Crown|Iron Crown|47/100
|-damage|p2a: Iron Crown|41/100|[from] Stealth Rock
|-damage|p2a: Iron Crown|28/100|[from] Spikes
|turn|18
|
|t:|1781159894
|switch|p1a: Slowking|Slowking, M|93/100
|move|p2a: Iron Crown|Volt Switch|p1a: Slowking
|-supereffective|p1a: Slowking
|-crit|p1a: Slowking
|-damage|p1a: Slowking|48/100
|
|t:|1781159899
|-end|p2a: Iron Crown|Quark Drive|[silent]
|switch|p2a: Gliscor|Gliscor, F|100/100 tox|[from] Volt Switch
|-damage|p2a: Gliscor|88/100 tox|[from] Stealth Rock
|
|-end|p2a: Gliscor|move: Future Sight
|-damage|p2a: Gliscor|54/100 tox
|-heal|p2a: Gliscor|66/100 tox|[from] ability: Poison Heal
|upkeep
|turn|19
|
|t:|1781159906
|switch|p2a: Zamazenta|Zamazenta|100/100
|-damage|p2a: Zamazenta|94/100|[from] Stealth Rock
|-damage|p2a: Zamazenta|82/100|[from] Spikes
|-ability|p2a: Zamazenta|Dauntless Shield|boost
|-boost|p2a: Zamazenta|def|1
|switch|p1a: Skarmory|Skarmory, M|60/100
|-damage|p1a: Skarmory|48/100|[from] Stealth Rock
|
|upkeep
|turn|20
|
|t:|1781159915
|move|p2a: Zamazenta|Close Combat|p1a: Skarmory
|-damage|p1a: Skarmory|10/100
|-unboost|p2a: Zamazenta|def|1
|-unboost|p2a: Zamazenta|spd|1
|move|p1a: Skarmory|Roost|p1a: Skarmory
|-heal|p1a: Skarmory|60/100
|-singleturn|p1a: Skarmory|move: Roost
|
|upkeep
|turn|21
|
|t:|1781159921
|-terastallize|p2a: Zamazenta|Fighting
|move|p2a: Zamazenta|Close Combat|p1a: Skarmory
|-damage|p1a: Skarmory|11/100
|-unboost|p2a: Zamazenta|def|1
|-unboost|p2a: Zamazenta|spd|1
|move|p1a: Skarmory|Roost|p1a: Skarmory
|-heal|p1a: Skarmory|61/100
|-singleturn|p1a: Skarmory|move: Roost
|
|upkeep
|turn|22
|
|t:|1781159929
|move|p2a: Zamazenta|Close Combat|p1a: Skarmory
|-damage|p1a: Skarmory|8/100
|-unboost|p2a: Zamazenta|def|1
|-unboost|p2a: Zamazenta|spd|1
|move|p1a: Skarmory|Roost|p1a: Skarmory
|-heal|p1a: Skarmory|58/100
|-singleturn|p1a: Skarmory|move: Roost
|
|upkeep
|turn|23
|
|t:|1781159935
|move|p2a: Zamazenta|Close Combat|p1a: Skarmory
|-damage|p1a: Skarmory|3/100
|-unboost|p2a: Zamazenta|def|1
|-unboost|p2a: Zamazenta|spd|1
|move|p1a: Skarmory|Roost|p1a: Skarmory
|-heal|p1a: Skarmory|53/100
|-singleturn|p1a: Skarmory|move: Roost
|
|upkeep
|turn|24
|
|t:|1781159941
|move|p2a: Zamazenta|Close Combat|p1a: Skarmory
|-damage|p1a: Skarmory|0 fnt
|-unboost|p2a: Zamazenta|def|1
|-unboost|p2a: Zamazenta|spd|1
|faint|p1a: Skarmory
|
|upkeep
|
|t:|1781159946
|switch|p1a: Slowking|Slowking, M|81/100
|turn|25
|
|t:|1781159957
|switch|p2a: Gliscor|Gliscor, F|66/100 tox
|-damage|p2a: Gliscor|54/100 tox|[from] Stealth Rock
|move|p1a: Slowking|Scald|p2a: Gliscor
|-supereffective|p2a: Gliscor
|-damage|p2a: Gliscor|8/100 tox
|
|-heal|p2a: Gliscor|20/100 tox|[from] ability: Poison Heal
|upkeep
|turn|26
|
|t:|1781159964
|switch|p1a: Primarina|Primarina, F|63/100
|-damage|p1a: Primarina|50/100|[from] Stealth Rock
|-damage|p1a: Primarina|38/100|[from] Spikes
|move|p2a: Gliscor|Knock Off|p1a: Primarina
|-resisted|p1a: Primarina
|-damage|p1a: Primarina|25/100
|-enditem|p1a: Primarina|Assault Vest|[from] move: Knock Off|[of] p2a: Gliscor
|
|-heal|p2a: Gliscor|33/100 tox|[from] ability: Poison Heal
|upkeep
|turn|27
|
|t:|1781159972
|move|p2a: Gliscor|Protect|p2a: Gliscor
|-singleturn|p2a: Gliscor|Protect
|move|p1a: Primarina|Moonblast|p2a: Gliscor
|-activate|p2a: Gliscor|move: Protect
|
|-heal|p2a: Gliscor|45/100 tox|[from] ability: Poison Heal
|upkeep
|turn|28
|
|t:|1781159976
|move|p2a: Gliscor|Earthquake|p1a: Primarina
|-damage|p1a: Primarina|0 fnt
|faint|p1a: Primarina
|
|-heal|p2a: Gliscor|58/100 tox|[from] ability: Poison Heal
|upkeep
|
|t:|1781159980
|switch|p1a: Hippowdon|Hippowdon, F|92/100
|-damage|p1a: Hippowdon|86/100|[from] Stealth Rock
|-damage|p1a: Hippowdon|74/100|[from] Spikes
|-weather|Sandstorm|[from] ability: Sand Stream|[of] p1a: Hippowdon
|turn|29
|
|t:|1781159987
|move|p2a: Gliscor|Knock Off|p1a: Hippowdon
|-damage|p1a: Hippowdon|62/100
|-enditem|p1a: Hippowdon|Leftovers|[from] move: Knock Off|[of] p2a: Gliscor
|move|p1a: Hippowdon|Whirlwind|p2a: Gliscor
|drag|p2a: Iron Crown|Iron Crown|28/100
|-damage|p2a: Iron Crown|22/100|[from] Stealth Rock
|-damage|p2a: Iron Crown|10/100|[from] Spikes
|
|-weather|Sandstorm|[upkeep]
|upkeep
|turn|30
|
|t:|1781159998
|switch|p1a: Slowking|Slowking, M|100/100
|move|p2a: Iron Crown|Psychic Noise|p1a: Slowking
|-resisted|p1a: Slowking
|-damage|p1a: Slowking|90/100
|-start|p1a: Slowking|move: Heal Block
|
|-weather|Sandstorm|[upkeep]
|-damage|p1a: Slowking|84/100|[from] Sandstorm
|upkeep
|turn|31
|
|t:|1781160005
|move|p2a: Iron Crown|Future Sight|p1a: Slowking
|-start|p2a: Iron Crown|move: Future Sight
|-prepare|p1a: Slowking|Chilly Reception|[premajor]
|move|p1a: Slowking|Chilly Reception|p1a: Slowking
|-weather|Snowscape
|
|t:|1781160011
|switch|p1a: Zapdos|Zapdos|100/100|[from] Chilly Reception
|
|-weather|Snowscape|[upkeep]
|upkeep
|turn|32
|
|t:|1781160017
|switch|p1a: Slowking|Slowking, M|100/100
|move|p2a: Iron Crown|Psychic Noise|p1a: Slowking
|-resisted|p1a: Slowking
|-damage|p1a: Slowking|89/100
|-start|p1a: Slowking|move: Heal Block
|
|-weather|Snowscape|[upkeep]
|upkeep
|turn|33
|
|t:|1781160041
|move|p2a: Iron Crown|Tachyon Cutter|p1a: Slowking
|-resisted|p1a: Slowking
|-crit|p1a: Slowking
|-damage|p1a: Slowking|78/100
|-resisted|p1a: Slowking
|-damage|p1a: Slowking|70/100
|-hitcount|p1a: Slowking|2
|move|p1a: Slowking|Scald|p2a: Iron Crown
|-damage|p2a: Iron Crown|0 fnt
|faint|p2a: Iron Crown
|-end|p2a: Iron Crown|Quark Drive|[silent]
|
|-weather|Snowscape|[upkeep]
|-end|p1a: Slowking|move: Future Sight
|-resisted|p1a: Slowking
|-damage|p1a: Slowking|52/100
|-end|p1a: Slowking|move: Heal Block
|upkeep
|
|t:|1781160052
|switch|p2a: Zamazenta|Zamazenta, tera:Fighting|82/100
|-damage|p2a: Zamazenta|76/100|[from] Stealth Rock
|-damage|p2a: Zamazenta|64/100|[from] Spikes
|turn|34
|
|t:|1781160055
|switch|p1a: Zapdos|Zapdos|100/100
|move|p2a: Zamazenta|Crunch|p1a: Zapdos
|-damage|p1a: Zapdos|80/100
|
|-weather|Snowscape|[upkeep]
|upkeep
|turn|35
|
|t:|1781160061
|move|p2a: Zamazenta|Stone Edge|p1a: Zapdos
|-supereffective|p1a: Zapdos
|-damage|p1a: Zapdos|25/100
|move|p1a: Zapdos|Roost|p1a: Zapdos
|-heal|p1a: Zapdos|75/100
|-singleturn|p1a: Zapdos|move: Roost
|
|-weather|none
|upkeep
|turn|36
|
|t:|1781160068
|switch|p2a: Gliscor|Gliscor, F|58/100 tox
|-damage|p2a: Gliscor|45/100 tox|[from] Stealth Rock
|move|p1a: Zapdos|Roost|p1a: Zapdos
|-heal|p1a: Zapdos|100/100
|-singleturn|p1a: Zapdos|move: Roost
|
|-heal|p2a: Gliscor|58/100 tox|[from] ability: Poison Heal
|upkeep
|turn|37
|
|t:|1781160074
|move|p2a: Gliscor|Protect|p2a: Gliscor
|-singleturn|p2a: Gliscor|Protect
|move|p1a: Zapdos|Hurricane|p2a: Gliscor
|-activate|p2a: Gliscor|move: Protect
|
|-heal|p2a: Gliscor|70/100 tox|[from] ability: Poison Heal
|upkeep
|turn|38
|
|t:|1781160080
|move|p1a: Zapdos|Hurricane|p2a: Gliscor
|-damage|p2a: Gliscor|33/100 tox
|move|p2a: Gliscor|Knock Off|p1a: Zapdos
|-damage|p1a: Zapdos|85/100
|-enditem|p1a: Zapdos|Heavy-Duty Boots|[from] move: Knock Off|[of] p2a: Gliscor
|
|-heal|p2a: Gliscor|46/100 tox|[from] ability: Poison Heal
|upkeep
|turn|39
|
|t:|1781160085
|move|p2a: Gliscor|Protect|p2a: Gliscor
|-singleturn|p2a: Gliscor|Protect
|move|p1a: Zapdos|Hurricane|p2a: Gliscor
|-activate|p2a: Gliscor|move: Protect
|
|-heal|p2a: Gliscor|58/100 tox|[from] ability: Poison Heal
|upkeep
|turn|40
|
|t:|1781160092
|move|p2a: Gliscor|Protect||[still]
|-fail|p2a: Gliscor
|move|p1a: Zapdos|Hurricane|p2a: Gliscor
|-damage|p2a: Gliscor|22/100 tox
|
|-heal|p2a: Gliscor|34/100 tox|[from] ability: Poison Heal
|upkeep
|turn|41
|
|t:|1781160099
|move|p2a: Gliscor|Protect|p2a: Gliscor
|-singleturn|p2a: Gliscor|Protect
|move|p1a: Zapdos|Hurricane|p2a: Gliscor
|-activate|p2a: Gliscor|move: Protect
|
|-heal|p2a: Gliscor|47/100 tox|[from] ability: Poison Heal
|upkeep
|turn|42
|
|t:|1781160104
|move|p2a: Gliscor|Protect|p2a: Gliscor
|-singleturn|p2a: Gliscor|Protect
|move|p1a: Zapdos|Hurricane|p2a: Gliscor
|-activate|p2a: Gliscor|move: Protect
|
|-heal|p2a: Gliscor|59/100 tox|[from] ability: Poison Heal
|upkeep
|turn|43
|
|t:|1781160108
|move|p1a: Zapdos|Hurricane|p2a: Gliscor
|-damage|p2a: Gliscor|20/100 tox
|move|p2a: Gliscor|Knock Off|p1a: Zapdos
|-damage|p1a: Zapdos|75/100
|
|-heal|p2a: Gliscor|32/100 tox|[from] ability: Poison Heal
|upkeep
|turn|44
|
|t:|1781160114
|move|p2a: Gliscor|Protect|p2a: Gliscor
|-singleturn|p2a: Gliscor|Protect
|move|p1a: Zapdos|Hurricane|p2a: Gliscor
|-activate|p2a: Gliscor|move: Protect
|
|-heal|p2a: Gliscor|45/100 tox|[from] ability: Poison Heal
|upkeep
|turn|45
|
|t:|1781160120
|move|p1a: Zapdos|Hurricane|p2a: Gliscor
|-damage|p2a: Gliscor|5/100 tox
|move|p2a: Gliscor|Knock Off|p1a: Zapdos
|-damage|p1a: Zapdos|64/100
|
|-heal|p2a: Gliscor|18/100 tox|[from] ability: Poison Heal
|upkeep
|turn|46
|
|t:|1781160127
|move|p2a: Gliscor|Protect|p2a: Gliscor
|-singleturn|p2a: Gliscor|Protect
|move|p1a: Zapdos|Heat Wave|p2a: Gliscor
|-activate|p2a: Gliscor|move: Protect
|
|-heal|p2a: Gliscor|30/100 tox|[from] ability: Poison Heal
|upkeep
|turn|47
|
|t:|1781160134
|move|p2a: Gliscor|Protect||[still]
|-fail|p2a: Gliscor
|move|p1a: Zapdos|Roost|p1a: Zapdos
|-heal|p1a: Zapdos|100/100
|-singleturn|p1a: Zapdos|move: Roost
|
|-heal|p2a: Gliscor|43/100 tox|[from] ability: Poison Heal
|upkeep
|turn|48
|
|t:|1781160141
|move|p2a: Gliscor|Protect|p2a: Gliscor
|-singleturn|p2a: Gliscor|Protect
|move|p1a: Zapdos|Hurricane|p2a: Gliscor
|-activate|p2a: Gliscor|move: Protect
|
|-heal|p2a: Gliscor|55/100 tox|[from] ability: Poison Heal
|upkeep
|turn|49
|
|t:|1781160146
|move|p1a: Zapdos|Hurricane|p2a: Gliscor
|-damage|p2a: Gliscor|19/100 tox
|move|p2a: Gliscor|Knock Off|p1a: Zapdos
|-damage|p1a: Zapdos|91/100
|
|-heal|p2a: Gliscor|32/100 tox|[from] ability: Poison Heal
|upkeep
|turn|50
|
|t:|1781160152
|move|p2a: Gliscor|Protect|p2a: Gliscor
|-singleturn|p2a: Gliscor|Protect
|move|p1a: Zapdos|Hurricane|p2a: Gliscor
|-activate|p2a: Gliscor|move: Protect
|
|-heal|p2a: Gliscor|44/100 tox|[from] ability: Poison Heal
|upkeep
|turn|51
|
|t:|1781160158
|move|p1a: Zapdos|Hurricane|p2a: Gliscor
|-crit|p2a: Gliscor
|-damage|p2a: Gliscor|0 fnt
|faint|p2a: Gliscor
|
|upkeep
|
|t:|1781160162
|switch|p2a: Dragonite|Dragonite, F|94/100
|turn|52
|
|t:|1781160166
|move|p1a: Zapdos|Hurricane|p2a: Dragonite
|-damage|p2a: Dragonite|54/100
|-start|p2a: Dragonite|confusion
|-activate|p2a: Dragonite|confusion
|move|p2a: Dragonite|Dragon Tail|p1a: Zapdos
|-damage|p1a: Zapdos|65/100
|-status|p2a: Dragonite|par|[from] ability: Static|[of] p1a: Zapdos
|drag|p1a: Slowking|Slowking, M|85/100
|
|upkeep
|turn|53
|
|t:|1781160176
|-activate|p2a: Dragonite|confusion
|move|p2a: Dragonite|Roost|p2a: Dragonite
|-heal|p2a: Dragonite|100/100 par
|-singleturn|p2a: Dragonite|move: Roost
|move|p1a: Slowking|Future Sight|p2a: Dragonite
|-start|p1a: Slowking|move: Future Sight
|
|upkeep
|turn|54
|
|t:|1781160183
|-activate|p2a: Dragonite|confusion
|-damage|p2a: Dragonite|87/100 par|[from] confusion
|move|p1a: Slowking|Scald|p2a: Dragonite
|-resisted|p2a: Dragonite
|-damage|p2a: Dragonite|75/100 par
|
|upkeep
|turn|55
|
|t:|1781160191
|move|p1a: Slowking|Slack Off|p1a: Slowking
|-heal|p1a: Slowking|100/100
|-activate|p2a: Dragonite|confusion
|-damage|p2a: Dragonite|60/100 par|[from] confusion
|
|-end|p2a: Dragonite|move: Future Sight
|-damage|p2a: Dragonite|23/100 par
|upkeep
|turn|56
|
|t:|1781160196
|-end|p2a: Dragonite|confusion
|move|p2a: Dragonite|Roost|p2a: Dragonite
|-heal|p2a: Dragonite|73/100 par
|-singleturn|p2a: Dragonite|move: Roost
|move|p1a: Slowking|Future Sight|p2a: Dragonite
|-start|p1a: Slowking|move: Future Sight
|
|upkeep
|turn|57
|
|t:|1781160204
|switch|p1a: Hippowdon|Hippowdon, F|62/100
|-damage|p1a: Hippowdon|55/100|[from] Stealth Rock
|-damage|p1a: Hippowdon|43/100|[from] Spikes
|-weather|Sandstorm|[from] ability: Sand Stream|[of] p1a: Hippowdon
|move|p2a: Dragonite|Earthquake|p1a: Hippowdon
|-damage|p1a: Hippowdon|24/100
|
|-weather|Sandstorm|[upkeep]
|-damage|p2a: Dragonite|67/100 par|[from] Sandstorm
|upkeep
|turn|58
|
|t:|1781160215
|move|p2a: Dragonite|Earthquake|p1a: Hippowdon
|-damage|p1a: Hippowdon|5/100
|move|p1a: Hippowdon|Whirlwind|p2a: Dragonite
|drag|p2a: Zamazenta|Zamazenta, tera:Fighting|64/100
|-damage|p2a: Zamazenta|58/100|[from] Stealth Rock
|-damage|p2a: Zamazenta|45/100|[from] Spikes
|
|-weather|Sandstorm|[upkeep]
|-damage|p2a: Zamazenta|39/100|[from] Sandstorm
|-end|p2a: Zamazenta|move: Future Sight
|-supereffective|p2a: Zamazenta
|-damage|p2a: Zamazenta|0 fnt
|faint|p2a: Zamazenta
|upkeep
|
|t:|1781160221
|switch|p2a: Dragonite|Dragonite, F|67/100 par
|turn|59
|
|t:|1781160228
|move|p2a: Dragonite|Extreme Speed|p1a: Hippowdon
|-damage|p1a: Hippowdon|0 fnt
|faint|p1a: Hippowdon
|
|-weather|Sandstorm|[upkeep]
|-damage|p2a: Dragonite|61/100 par|[from] Sandstorm
|upkeep
|
|t:|1781160234
|switch|p1a: Zapdos|Zapdos|65/100
|-damage|p1a: Zapdos|40/100|[from] Stealth Rock
|turn|60
|
|t:|1781160239
|move|p1a: Zapdos|Hurricane|p2a: Dragonite|[miss]
|-miss|p1a: Zapdos|p2a: Dragonite
|move|p2a: Dragonite|Roost|p2a: Dragonite
|-heal|p2a: Dragonite|100/100 par
|-singleturn|p2a: Dragonite|move: Roost
|
|-weather|Sandstorm|[upkeep]
|-damage|p1a: Zapdos|34/100|[from] Sandstorm
|-damage|p2a: Dragonite|94/100 par|[from] Sandstorm
|upkeep
|turn|61
|
|t:|1781160244
|move|p1a: Zapdos|Roost|p1a: Zapdos
|-heal|p1a: Zapdos|84/100
|-singleturn|p1a: Zapdos|move: Roost
|move|p2a: Dragonite|Earthquake|p1a: Zapdos
|-supereffective|p1a: Zapdos
|-damage|p1a: Zapdos|28/100
|
|-weather|none
|upkeep
|turn|62
|
|t:|1781160256
|move|p1a: Zapdos|Hurricane|p2a: Dragonite|[miss]
|-miss|p1a: Zapdos|p2a: Dragonite
|cant|p2a: Dragonite|par
|
|upkeep
|turn|63
|
|t:|1781160261
|move|p1a: Zapdos|Roost|p1a: Zapdos
|-heal|p1a: Zapdos|78/100
|-singleturn|p1a: Zapdos|move: Roost
|cant|p2a: Dragonite|par
|
|upkeep
|turn|64
|
|t:|1781160267
|move|p1a: Zapdos|Volt Switch|p2a: Dragonite
|-damage|p2a: Dragonite|68/100 par
|
|t:|1781160273
|switch|p1a: Dragonite|Dragonite, F, tera:Normal|52/100 par|[from] Volt Switch
|move|p2a: Dragonite|Dragon Tail|p1a: Dragonite
|-damage|p1a: Dragonite|13/100 par
|drag|p1a: Slowking|Slowking, M|100/100
|
|upkeep
|turn|65
|
|t:|1781160283
|move|p2a: Dragonite|Earthquake|p1a: Slowking
|-damage|p1a: Slowking|61/100
|move|p1a: Slowking|Future Sight|p2a: Dragonite
|-start|p1a: Slowking|move: Future Sight
|
|upkeep
|turn|66
|
|t:|1781160290
|-prepare|p1a: Slowking|Chilly Reception|[premajor]
|move|p1a: Slowking|Chilly Reception|p1a: Slowking
|-weather|Snowscape
|
|t:|1781160294
|switch|p1a: Dragonite|Dragonite, F, tera:Normal|13/100 par|[from] Chilly Reception
|move|p2a: Dragonite|Dragon Tail|p1a: Dragonite
|-damage|p1a: Dragonite|0 fnt
|faint|p1a: Dragonite
|
|-weather|Snowscape|[upkeep]
|upkeep
|
|t:|1781160299
|switch|p1a: Zapdos|Zapdos|78/100
|-damage|p1a: Zapdos|53/100|[from] Stealth Rock
|turn|67
|
|t:|1781160308
|move|p1a: Zapdos|Roost|p1a: Zapdos
|-heal|p1a: Zapdos|100/100
|-singleturn|p1a: Zapdos|move: Roost
|move|p2a: Dragonite|Roost|p2a: Dragonite
|-heal|p2a: Dragonite|100/100 par
|-singleturn|p2a: Dragonite|move: Roost
|
|-weather|Snowscape|[upkeep]
|-end|p2a: Dragonite|move: Future Sight
|-damage|p2a: Dragonite|83/100 par
|upkeep
|turn|68
|j| Krokmouyoyo
|
|t:|1781160319
|cant|p2a: Dragonite|par
|move|p1a: Zapdos|Volt Switch|p2a: Dragonite
|-damage|p2a: Dragonite|57/100 par
|l| Krokmouyoyo
|
|t:|1781160326
|switch|p1a: Slowking|Slowking, M|94/100|[from] Volt Switch
|
|-weather|Snowscape|[upkeep]
|upkeep
|turn|69
|
|t:|1781160330
|move|p2a: Dragonite|Earthquake|p1a: Slowking
|-damage|p1a: Slowking|51/100
|move|p1a: Slowking|Future Sight|p2a: Dragonite
|-start|p1a: Slowking|move: Future Sight
|
|-weather|Snowscape|[upkeep]
|upkeep
|turn|70
|
|t:|1781160335
|move|p2a: Dragonite|Earthquake|p1a: Slowking
|-damage|p1a: Slowking|13/100
|move|p1a: Slowking|Scald|p2a: Dragonite
|-resisted|p2a: Dragonite
|-damage|p2a: Dragonite|43/100 par
|
|-weather|none
|upkeep
|turn|71
|
|t:|1781160343
|move|p2a: Dragonite|Extreme Speed|p1a: Slowking
|-damage|p1a: Slowking|0 fnt
|faint|p1a: Slowking
|
|-end|p2a: Dragonite|move: Future Sight
|-damage|p2a: Dragonite|6/100 par
|upkeep
|
|t:|1781160348
|switch|p1a: Zapdos|Zapdos|100/100
|-damage|p1a: Zapdos|76/100|[from] Stealth Rock
|turn|72
|
|t:|1781160350
|move|p1a: Zapdos|Volt Switch|p2a: Dragonite
|-damage|p2a: Dragonite|0 fnt
|faint|p2a: Dragonite
|
|win|KurisuChestnutLab
|raw|KurisuChestnutLab's rating: 1587 &rarr; <strong>1608</strong><br />(+21 for winning)
|raw|Klopple's rating: 1612 &rarr; <strong>1591</strong><br />(-21 for losing)
|l|☆KurisuChestnutLab
|player|p1|
|l|☆Klopple
|player|p2|
