|badge|p1|bronze|gen9ou|100-9
|uhtml|medal-msg|<div class="broadcast-blue">Curious what those medals under the avatar are? PS now has Ladder Seasons! For more information, check out the <a href="https://www.smogon.com/forums/threads/3740067/">thread on Smogon.</a></div>
|badge|p2|bronze|gen9ou|100-9
|uhtml|medal-msg|<div class="broadcast-blue">Curious what those medals under the avatar are? PS now has Ladder Seasons! For more information, check out the <a href="https://www.smogon.com/forums/threads/3740067/">thread on Smogon.</a></div>
|j|☆Auburn Hills
|j|☆Klopple
|t:|1781561669
|gametype|singles
|player|p1|Auburn Hills|alder|1816
|player|p2|Klopple|sailor|1854
|gen|9
|tier|[Gen 9] OU
|rated|
|rule|HP Percentage Mod: HP is shown in percentages
|rule|Endless Battle Clause: Forcing endless battles is banned
|rule|Species Clause: Limit one of each Pokémon
|rule|OHKO Clause: OHKO moves are banned
|rule|Evasion Items Clause: Evasion items are banned
|rule|Evasion Moves Clause: Evasion moves are banned
|rule|Evasion Abilities Clause: Evasion abilities are banned
|rule|Sleep Moves Clause: Sleep-inducing moves are banned
|clearpoke
|poke|p1|Iron Moth|
|poke|p1|Umbreon, F|
|poke|p1|Garchomp, F|
|poke|p1|Glimmora, M|
|poke|p1|Gholdengo|
|poke|p1|Dragonite, F|
|poke|p2|Arboliva, M|
|poke|p2|Gliscor, F|
|poke|p2|Iron Crown|
|poke|p2|Zamazenta-*|
|poke|p2|Hatterene, F|
|poke|p2|Dragonite, F|
|teampreview
|
|t:|1781561677
|teamsize|p1|6
|teamsize|p2|6
|start
|switch|p1a: Rat Tally|Garchomp, F|100/100
|switch|p2a: Gliscor|Gliscor, F|100/100
|turn|1
|
|t:|1781561682
|-terastallize|p1a: Rat Tally|Poison
|move|p1a: Rat Tally|Swords Dance|p1a: Rat Tally
|-boost|p1a: Rat Tally|atk|2
|move|p2a: Gliscor|Stealth Rock|p1a: Rat Tally
|-sidestart|p1: Auburn Hills|move: Stealth Rock
|
|-status|p2a: Gliscor|tox|[from] item: Toxic Orb
|upkeep
|turn|2
|j| nepturee
|
|t:|1781561692
|switch|p2a: Hatterene|Hatterene, F|100/100
|move|p1a: Rat Tally|Scale Shot|p2a: Hatterene
|-immune|p2a: Hatterene
|
|upkeep
|turn|3
|
|t:|1781561698
|move|p1a: Rat Tally|Poison Jab|p2a: Hatterene
|-supereffective|p2a: Hatterene
|-damage|p2a: Hatterene|0 fnt
|-damage|p1a: Rat Tally|84/100|[from] item: Rocky Helmet|[of] p2a: Hatterene
|faint|p2a: Hatterene
|
|upkeep
|
|t:|1781561732
|switch|p2a: Zamazenta|Zamazenta|100/100
|-ability|p2a: Zamazenta|Dauntless Shield|boost
|-boost|p2a: Zamazenta|def|1
|turn|4
|
|t:|1781561739
|move|p2a: Zamazenta|Crunch|p1a: Rat Tally
|-damage|p1a: Rat Tally|57/100
|-damage|p2a: Zamazenta|88/100|[from] ability: Rough Skin|[of] p1a: Rat Tally
|move|p1a: Rat Tally|Scale Shot|p2a: Zamazenta
|-damage|p2a: Zamazenta|71/100
|-damage|p2a: Zamazenta|56/100
|-damage|p2a: Zamazenta|41/100
|-damage|p2a: Zamazenta|25/100
|-damage|p2a: Zamazenta|8/100
|-hitcount|p2a: Zamazenta|5
|-unboost|p1a: Rat Tally|def|1
|-boost|p1a: Rat Tally|spe|1
|
|upkeep
|turn|5
|
|t:|1781561757
|move|p1a: Rat Tally|Earthquake|p2a: Zamazenta
|-damage|p2a: Zamazenta|0 fnt
|faint|p2a: Zamazenta
|
|upkeep
|
|t:|1781561762
|switch|p2a: Dragonite|Dragonite, F|100/100
|turn|6
|
|t:|1781561775
|-terastallize|p2a: Dragonite|Normal
|move|p2a: Dragonite|Extreme Speed|p1a: Rat Tally
|-damage|p1a: Rat Tally|0 fnt
|-damage|p2a: Dragonite|88/100|[from] ability: Rough Skin|[of] p1a: Rat Tally
|faint|p1a: Rat Tally
|
|upkeep
|
|t:|1781561779
|switch|p1a: Glimmora|Glimmora, M|100/100
|-damage|p1a: Glimmora|88/100|[from] Stealth Rock
|turn|7
|
|t:|1781561783
|switch|p2a: Iron Crown|Iron Crown|100/100
|move|p1a: Glimmora|Stealth Rock|p2a: Iron Crown
|-sidestart|p2: Klopple|move: Stealth Rock
|
|upkeep
|turn|8
|
|t:|1781561790
|switch|p1a: Alvvays|Umbreon, F|100/100
|-damage|p1a: Alvvays|88/100|[from] Stealth Rock
|move|p2a: Iron Crown|Tachyon Cutter|p1a: Alvvays
|-damage|p1a: Alvvays|75/100
|-damage|p1a: Alvvays|61/100
|-hitcount|p1a: Alvvays|2
|
|-heal|p1a: Alvvays|67/100|[from] item: Leftovers
|upkeep
|turn|9
|
|t:|1781561794
|move|p2a: Iron Crown|Volt Switch|p1a: Alvvays
|-damage|p1a: Alvvays|55/100
|
|t:|1781561799
|-end|p2a: Iron Crown|Quark Drive|[silent]
|switch|p2a: Gliscor|Gliscor, F|100/100 tox|[from] Volt Switch
|-damage|p2a: Gliscor|88/100 tox|[from] Stealth Rock
|move|p1a: Alvvays|Wish|p1a: Alvvays
|
|-heal|p1a: Alvvays|61/100|[from] item: Leftovers
|-heal|p2a: Gliscor|100/100 tox|[from] ability: Poison Heal
|upkeep
|turn|10
|
|t:|1781561812
|move|p1a: Alvvays|Protect|p1a: Alvvays
|-singleturn|p1a: Alvvays|Protect
|move|p2a: Gliscor|Earthquake|p1a: Alvvays
|-activate|p1a: Alvvays|move: Protect
|
|-heal|p1a: Alvvays|100/100|[from] move: Wish|[wisher] Alvvays
|upkeep
|turn|11
|
|t:|1781561815
|switch|p1a: Smino|Gholdengo|100/100
|-damage|p1a: Smino|94/100|[from] Stealth Rock
|move|p2a: Gliscor|Knock Off|p1a: Smino
|-supereffective|p1a: Smino
|-damage|p1a: Smino|51/100
|-enditem|p1a: Smino|Choice Scarf|[from] move: Knock Off|[of] p2a: Gliscor
|
|upkeep
|turn|12
|
|t:|1781561820
|move|p1a: Smino|Make It Rain|p2a: Gliscor
|-damage|p2a: Gliscor|42/100 tox
|-unboost|p1a: Smino|spa|1
|move|p2a: Gliscor|Earthquake|p1a: Smino
|-supereffective|p1a: Smino
|-damage|p1a: Smino|0 fnt
|faint|p1a: Smino
|
|-heal|p2a: Gliscor|55/100 tox|[from] ability: Poison Heal
|upkeep
|
|t:|1781561824
|switch|p1a: Elucid|Dragonite, F|100/100
|turn|13
|
|t:|1781561832
|switch|p2a: Arboliva|Arboliva, M|100/100
|-damage|p2a: Arboliva|88/100|[from] Stealth Rock
|move|p1a: Elucid|Ice Spinner|p2a: Arboliva
|-supereffective|p2a: Arboliva
|-damage|p2a: Arboliva|21/100
|
|upkeep
|turn|14
|-enditem|p2a: Arboliva|Custap Berry|[eat]
|-activate|p2a: Arboliva|item: Custap Berry|[consumed]
|
|t:|1781561839
|move|p2a: Arboliva|Alluring Voice|p1a: Elucid
|-supereffective|p1a: Elucid
|-damage|p1a: Elucid|70/100
|move|p1a: Elucid|Ice Spinner|p2a: Arboliva
|-supereffective|p2a: Arboliva
|-damage|p2a: Arboliva|0 fnt
|faint|p2a: Arboliva
|
|upkeep
|
|t:|1781561851
|switch|p2a: Dragonite|Dragonite, F, tera:Normal|88/100
|turn|15
|
|t:|1781561859
|move|p2a: Dragonite|Extreme Speed|p1a: Elucid
|-damage|p1a: Elucid|18/100
|move|p1a: Elucid|Earthquake|p2a: Dragonite
|-damage|p2a: Dragonite|49/100
|
|upkeep
|turn|16
|
|t:|1781561865
|move|p1a: Elucid|Extreme Speed|p2a: Dragonite
|-damage|p2a: Dragonite|19/100
|move|p2a: Dragonite|Extreme Speed|p1a: Elucid
|-damage|p1a: Elucid|0 fnt
|faint|p1a: Elucid
|
|upkeep
|
|t:|1781561871
|switch|p1a: Glimmora|Glimmora, M|88/100
|-damage|p1a: Glimmora|76/100|[from] Stealth Rock
|turn|17
|
|t:|1781561875
|switch|p2a: Iron Crown|Iron Crown|100/100
|-damage|p2a: Iron Crown|94/100|[from] Stealth Rock
|move|p1a: Glimmora|Earth Power|p2a: Iron Crown
|-supereffective|p2a: Iron Crown
|-damage|p2a: Iron Crown|56/100
|
|upkeep
|turn|18
|
|t:|1781561882
|move|p2a: Iron Crown|Psychic Noise|p1a: Glimmora
|-supereffective|p1a: Glimmora
|-damage|p1a: Glimmora|0 fnt
|faint|p1a: Glimmora
|
|upkeep
|
|t:|1781561884
|switch|p1a: Alvvays|Umbreon, F|100/100
|-damage|p1a: Alvvays|88/100|[from] Stealth Rock
|turn|19
|
|t:|1781561888
|move|p2a: Iron Crown|Future Sight|p1a: Alvvays
|-start|p2a: Iron Crown|move: Future Sight
|move|p1a: Alvvays|Foul Play|p2a: Iron Crown
|-supereffective|p2a: Iron Crown
|-damage|p2a: Iron Crown|12/100
|
|-heal|p1a: Alvvays|94/100|[from] item: Leftovers
|upkeep
|turn|20
|
|t:|1781561893
|move|p2a: Iron Crown|Volt Switch|p1a: Alvvays
|-damage|p1a: Alvvays|81/100
|
|t:|1781561896
|-end|p2a: Iron Crown|Quark Drive|[silent]
|switch|p2a: Gliscor|Gliscor, F|55/100 tox|[from] Volt Switch
|-damage|p2a: Gliscor|42/100 tox|[from] Stealth Rock
|move|p1a: Alvvays|Foul Play|p2a: Gliscor
|-damage|p2a: Gliscor|20/100 tox
|
|-heal|p1a: Alvvays|87/100|[from] item: Leftovers
|-heal|p2a: Gliscor|32/100 tox|[from] ability: Poison Heal
|upkeep
|turn|21
|j| lowladderubersnoob
|
|t:|1781561905
|move|p2a: Gliscor|Knock Off|p1a: Alvvays
|-resisted|p1a: Alvvays
|-damage|p1a: Alvvays|79/100
|-enditem|p1a: Alvvays|Leftovers|[from] move: Knock Off|[of] p2a: Gliscor
|move|p1a: Alvvays|Foul Play|p2a: Gliscor
|-damage|p2a: Gliscor|10/100 tox
|
|-end|p1a: Alvvays|move: Future Sight
|-immune|p1a: Alvvays
|-heal|p2a: Gliscor|22/100 tox|[from] ability: Poison Heal
|upkeep
|turn|22
|
|t:|1781561912
|move|p2a: Gliscor|Protect|p2a: Gliscor
|-singleturn|p2a: Gliscor|Protect
|move|p1a: Alvvays|Foul Play|p2a: Gliscor
|-activate|p2a: Gliscor|move: Protect
|
|-heal|p2a: Gliscor|35/100 tox|[from] ability: Poison Heal
|upkeep
|turn|23
|
|t:|1781561918
|move|p2a: Gliscor|Earthquake|p1a: Alvvays
|-damage|p1a: Alvvays|52/100
|move|p1a: Alvvays|Foul Play|p2a: Gliscor
|-damage|p2a: Gliscor|12/100 tox
|
|-heal|p2a: Gliscor|25/100 tox|[from] ability: Poison Heal
|upkeep
|turn|24
|
|t:|1781561924
|move|p2a: Gliscor|Earthquake|p1a: Alvvays
|-damage|p1a: Alvvays|24/100
|move|p1a: Alvvays|Foul Play|p2a: Gliscor
|-damage|p2a: Gliscor|0 fnt
|faint|p2a: Gliscor
|
|upkeep
|
|t:|1781561929
|switch|p2a: Dragonite|Dragonite, F, tera:Normal|19/100
|turn|25
|
|t:|1781561936
|move|p2a: Dragonite|Extreme Speed|p1a: Alvvays
|-damage|p1a: Alvvays|0 fnt
|faint|p1a: Alvvays
|
|upkeep
|
|t:|1781561939
|switch|p1a: Carly Rae|Iron Moth|100/100
|-damage|p1a: Carly Rae|76/100|[from] Stealth Rock
|-enditem|p1a: Carly Rae|Booster Energy
|-activate|p1a: Carly Rae|ability: Quark Drive|[fromitem]
|-start|p1a: Carly Rae|quarkdrivespe
|turn|26
|
|t:|1781561944
|move|p2a: Dragonite|Extreme Speed|p1a: Carly Rae
|-damage|p1a: Carly Rae|8/100
|move|p1a: Carly Rae|Fiery Dance|p2a: Dragonite
|-damage|p2a: Dragonite|0 fnt
|faint|p2a: Dragonite
|
|upkeep
|
|t:|1781561949
|switch|p2a: Iron Crown|Iron Crown|12/100
|-damage|p2a: Iron Crown|6/100|[from] Stealth Rock
|turn|27
|
|t:|1781561951
|move|p1a: Carly Rae|Fiery Dance|p2a: Iron Crown
|-supereffective|p2a: Iron Crown
|-damage|p2a: Iron Crown|0 fnt
|faint|p2a: Iron Crown
|-end|p2a: Iron Crown|Quark Drive|[silent]
|
|win|Auburn Hills
|raw|Auburn Hills's rating: 1816 &rarr; <strong>1838</strong><br />(+22 for winning)
|raw|Klopple's rating: 1854 &rarr; <strong>1832</strong><br />(-22 for losing)
|l|☆Klopple
|player|p2|
|l|☆Auburn Hills
|player|p1|
|l| nepturee
