|j|☆maple_syrup689hoe
|j|☆ankoro
|t:|1781009662
|gametype|singles
|player|p1|maple_syrup689hoe|266|1533
|player|p2|ankoro|acetrainer-gen2|1577
|gen|9
|tier|[Gen 9] OU
|rated|
|rule|HP Percentage Mod: HP is shown in percentages
|rule|Endless Battle Clause: Forcing endless battles is banned
|rule|Species Clause: Limit one of each Pokémon
|rule|OHKO Clause: OHKO moves are banned
|rule|Evasion Items Clause: Evasion items are banned
|rule|Evasion Moves Clause: Evasion moves are banned
|rule|Evasion Abilities Clause: Evasion abilities are banned
|rule|Sleep Moves Clause: Sleep-inducing moves are banned
|clearpoke
|poke|p1|Jolteon, M|
|poke|p1|Corviknight, F|
|poke|p1|Slowking-Galar, M|
|poke|p1|Alomomola, F|
|poke|p1|Kyurem|
|poke|p1|Kingambit, F|
|poke|p2|Indeedee, M|
|poke|p2|Hatterene, F|
|poke|p2|Ursaluna, F|
|poke|p2|Iron Hands|
|poke|p2|Hoopa-Unbound|
|poke|p2|Mimikyu, F|
|teampreview
|
|t:|1781009680
|teamsize|p1|6
|teamsize|p2|6
|start
|switch|p1a: Kyurem|Kyurem|100/100
|switch|p2a: pessimo|Hatterene, F, shiny|100/100
|-ability|p1a: Kyurem|Pressure
|turn|1
|
|t:|1781009690
|move|p1a: Kyurem|Ice Beam|p2a: pessimo
|-damage|p2a: pessimo|22/100
|move|p2a: pessimo|Trick Room|p2a: pessimo
|-fieldstart|move: Trick Room|[of] p2a: pessimo
|
|upkeep
|turn|2
|inactive|Battle timer is ON: inactive players will automatically lose when time's up. (requested by maple_syrup689hoe)
|
|t:|1781009717
|switch|p1a: Alomomola|Alomomola, F|100/100
|move|p2a: pessimo|Healing Wish|p2a: pessimo
|faint|p2a: pessimo
|
|upkeep
|
|t:|1781009725
|switch|p2a: horrivel|Ursaluna, F, shiny|100/100
|turn|3
|
|t:|1781009742
|move|p1a: Alomomola|Protect|p1a: Alomomola
|-singleturn|p1a: Alomomola|Protect
|move|p2a: horrivel|Facade|p1a: Alomomola
|-activate|p1a: Alomomola|move: Protect
|
|-status|p2a: horrivel|brn|[from] item: Flame Orb
|upkeep
|turn|4
|
|t:|1781009752
|move|p2a: horrivel|Facade|p1a: Alomomola
|-damage|p1a: Alomomola|38/100
|move|p1a: Alomomola|Flip Turn|p2a: horrivel
|-supereffective|p2a: horrivel
|-damage|p2a: horrivel|78/100 brn
|
|t:|1781009757
|switch|p1a: Corviknight|Corviknight, F|100/100|[from] Flip Turn
|-ability|p1a: Corviknight|Pressure
|
|-damage|p2a: horrivel|72/100 brn|[from] brn
|upkeep
|turn|5
|
|t:|1781009760
|move|p2a: horrivel|Supercell Slam|p1a: Corviknight
|-supereffective|p1a: Corviknight
|-damage|p1a: Corviknight|24/100
|-damage|p2a: horrivel|55/100 brn|[from] item: Rocky Helmet|[of] p1a: Corviknight
|move|p1a: Corviknight|U-turn|p2a: horrivel
|-damage|p2a: horrivel|46/100 brn
|
|t:|1781009764
|switch|p1a: Kyurem|Kyurem|100/100|[from] U-turn
|-ability|p1a: Kyurem|Pressure
|
|-damage|p2a: horrivel|40/100 brn|[from] brn
|-fieldend|move: Trick Room
|upkeep
|turn|6
|
|t:|1781009778
|move|p1a: Kyurem|Ice Beam|p2a: horrivel
|-supereffective|p2a: horrivel
|-damage|p2a: horrivel|0 fnt
|faint|p2a: horrivel
|
|upkeep
|
|t:|1781009780
|switch|p2a: terror|Mimikyu, F, shiny|100/100
|turn|7
|
|t:|1781009783
|move|p1a: Kyurem|Ice Beam|p2a: terror
|-activate|p2a: terror|ability: Disguise
|-damage|p2a: terror|100/100
|detailschange|p2a: terror|Mimikyu-Busted, F, shiny
|-damage|p2a: terror|88/100|[from] pokemon: Mimikyu-Busted
|-enditem|p2a: terror|Red Card|[of] p1a: Kyurem
|drag|p1a: Corviknight|Corviknight, F|24/100
|-ability|p1a: Corviknight|Pressure
|move|p2a: terror|Trick Room|p2a: terror
|-fieldstart|move: Trick Room|[of] p2a: terror
|
|upkeep
|turn|8
|
|t:|1781009788
|move|p1a: Corviknight|Roost|p1a: Corviknight
|-heal|p1a: Corviknight|74/100
|-singleturn|p1a: Corviknight|move: Roost
|move|p2a: terror|Curse|p1a: Corviknight
|-start|p1a: Corviknight|Curse|[of] p2a: terror
|-damage|p2a: terror|38/100
|
|-damage|p1a: Corviknight|50/100|[from] Curse
|upkeep
|turn|9
|
|t:|1781009792
|move|p1a: Corviknight|U-turn|p2a: terror
|-resisted|p2a: terror
|-damage|p2a: terror|35/100
|
|t:|1781009794
|switch|p1a: Alomomola|Alomomola, F|71/100|[from] U-turn
|move|p2a: terror|Destiny Bond|p2a: terror
|-singlemove|p2a: terror|Destiny Bond
|
|upkeep
|turn|10
|
|t:|1781009801
|move|p1a: Alomomola|Wish|p1a: Alomomola
|move|p2a: terror|Curse|p1a: Alomomola
|-start|p1a: Alomomola|Curse|[of] p2a: terror
|-damage|p2a: terror|0 fnt
|faint|p2a: terror
|
|-damage|p1a: Alomomola|46/100|[from] Curse
|upkeep
|
|t:|1781009813
|switch|p2a: ruim|Indeedee, M, shiny|100/100
|-fieldstart|move: Psychic Terrain|[from] ability: Psychic Surge|[of] p2a: ruim
|turn|11
|
|t:|1781009817
|switch|p1a: Corviknight|Corviknight, F|50/100
|-ability|p1a: Corviknight|Pressure
|move|p2a: ruim|Encore||[still]
|-fail|p2a: ruim
|
|-heal|p1a: Corviknight|100/100|[from] move: Wish|[wisher] Alomomola
|-fieldend|move: Trick Room
|upkeep
|turn|12
|
|t:|1781009825
|move|p1a: Corviknight|U-turn|p2a: ruim
|-supereffective|p2a: ruim
|-damage|p2a: ruim|72/100
|
|t:|1781009828
|switch|p1a: Kingambit|Kingambit, F|100/100|[from] U-turn
|move|p2a: ruim|Trick Room|p2a: ruim
|-fieldstart|move: Trick Room|[of] p2a: ruim
|
|upkeep
|turn|13
|
|t:|1781009833
|switch|p2a: nojento|Iron Hands, shiny|100/100
|-enditem|p2a: nojento|Booster Energy
|-activate|p2a: nojento|ability: Quark Drive|[fromitem]
|-start|p2a: nojento|quarkdriveatk
|move|p1a: Kingambit|Kowtow Cleave|p2a: nojento
|-resisted|p2a: nojento
|-damage|p2a: nojento|81/100
|
|upkeep
|turn|14
|
|t:|1781009837
|-end|p1a: Kingambit|fallenundefined|[silent]
|switch|p1a: Slowking|Slowking-Galar, M|100/100
|move|p2a: nojento|Close Combat|p1a: Slowking
|-resisted|p1a: Slowking
|-damage|p1a: Slowking|76/100
|-unboost|p2a: nojento|def|1
|-unboost|p2a: nojento|spd|1
|
|upkeep
|turn|15
|
|t:|1781009847
|move|p1a: Slowking|Future Sight|p2a: nojento
|-start|p1a: Slowking|move: Future Sight
|move|p2a: nojento|Supercell Slam|p1a: Slowking
|-damage|p1a: Slowking|0 fnt
|faint|p1a: Slowking
|
|upkeep
|
|t:|1781009855
|switch|p1a: Alomomola|Alomomola, F|80/100
|turn|16
|
|t:|1781009866
|move|p2a: nojento|Supercell Slam|p1a: Alomomola
|-supereffective|p1a: Alomomola
|-damage|p1a: Alomomola|0 fnt
|faint|p1a: Alomomola
|
|-fieldend|move: Trick Room
|upkeep
|
|t:|1781009875
|switch|p1a: Kyurem|Kyurem|100/100
|-ability|p1a: Kyurem|Pressure
|turn|17
|
|t:|1781009890
|-end|p2a: nojento|Quark Drive|[silent]
|switch|p2a: ruim|Indeedee, M, shiny|72/100
|-heal|p2a: ruim|100/100|[from] move: Healing Wish
|move|p1a: Kyurem|Ice Beam|p2a: ruim
|-damage|p2a: ruim|9/100
|
|-end|p2a: ruim|move: Future Sight
|-resisted|p2a: ruim
|-damage|p2a: ruim|0 fnt
|faint|p2a: ruim
|upkeep
|
|t:|1781009892
|switch|p2a: sujo|Hoopa-Unbound|100/100
|-enditem|p2a: sujo|Psychic Seed
|-boost|p2a: sujo|spd|1|[from] item: Psychic Seed
|turn|18
|
|t:|1781009897
|switch|p1a: Jolteon|Jolteon, M|100/100
|move|p2a: sujo|Trick Room|p2a: sujo
|-fieldstart|move: Trick Room|[of] p2a: sujo
|
|-fieldend|move: Psychic Terrain
|upkeep
|turn|19
|
|t:|1781009900
|move|p2a: sujo|Expanding Force|p1a: Jolteon
|-damage|p1a: Jolteon|35/100
|-item|p2a: sujo|Heavy-Duty Boots|[from] ability: Magician|[of] p1a: Jolteon
|move|p1a: Jolteon|Alluring Voice|p2a: sujo
|-supereffective|p2a: sujo
|-damage|p2a: sujo|75/100
|
|upkeep
|turn|20
|
|t:|1781009905
|move|p2a: sujo|Hyperspace Fury|p1a: Jolteon
|-damage|p1a: Jolteon|0 fnt
|-unboost|p2a: sujo|def|1
|faint|p1a: Jolteon
|
|upkeep
|
|t:|1781009908
|switch|p1a: Corviknight|Corviknight, F|100/100
|-ability|p1a: Corviknight|Pressure
|turn|21
|
|t:|1781009912
|switch|p2a: nojento|Iron Hands, shiny|81/100
|move|p1a: Corviknight|U-turn|p2a: nojento
|-resisted|p2a: nojento
|-damage|p2a: nojento|76/100
|
|t:|1781009936
|switch|p1a: Kingambit|Kingambit, F|100/100|[from] U-turn
|-activate|p1a: Kingambit|ability: Supreme Overlord
|-start|p1a: Kingambit|fallen3|[silent]
|
|upkeep
|turn|22
|
|t:|1781009944
|-end|p1a: Kingambit|fallen3|[silent]
|switch|p1a: Corviknight|Corviknight, F|100/100
|-ability|p1a: Corviknight|Pressure
|move|p2a: nojento|Close Combat|p1a: Corviknight
|-damage|p1a: Corviknight|57/100
|-unboost|p2a: nojento|def|1
|-unboost|p2a: nojento|spd|1
|-damage|p2a: nojento|59/100|[from] item: Rocky Helmet|[of] p1a: Corviknight
|
|-fieldend|move: Trick Room
|upkeep
|turn|23
|
|t:|1781009949
|-terastallize|p2a: nojento|Flying
|move|p1a: Corviknight|Brave Bird|p2a: nojento
|-damage|p2a: nojento|20/100
|-damage|p1a: Corviknight|43/100|[from] Recoil
|move|p2a: nojento|Supercell Slam|p1a: Corviknight
|-supereffective|p1a: Corviknight
|-damage|p1a: Corviknight|0 fnt
|-damage|p2a: nojento|3/100|[from] item: Rocky Helmet|[of] p1a: Corviknight
|faint|p1a: Corviknight
|
|upkeep
|
|t:|1781009955
|switch|p1a: Kyurem|Kyurem|100/100
|-ability|p1a: Kyurem|Pressure
|turn|24
|
|t:|1781009979
|move|p1a: Kyurem|Ice Beam|p2a: nojento
|-supereffective|p2a: nojento
|-damage|p2a: nojento|0 fnt
|faint|p2a: nojento
|-end|p2a: nojento|Quark Drive|[silent]
|
|upkeep
|
|t:|1781009981
|switch|p2a: sujo|Hoopa-Unbound|75/100
|turn|25
|
|t:|1781009994
|move|p1a: Kyurem|Ice Beam|p2a: sujo
|-damage|p2a: sujo|12/100
|move|p2a: sujo|Trick Room|p2a: sujo
|-fieldstart|move: Trick Room|[of] p2a: sujo
|
|upkeep
|turn|26
|
|t:|1781009999
|move|p2a: sujo|Focus Blast|p1a: Kyurem|[miss]
|-miss|p2a: sujo|p1a: Kyurem
|move|p1a: Kyurem|Ice Beam|p2a: sujo
|-damage|p2a: sujo|0 fnt
|faint|p2a: sujo
|
|win|maple_syrup689hoe
|raw|maple_syrup689hoe's rating: 1533 &rarr; <strong>1556</strong><br />(+23 for winning)
|raw|ankoro's rating: 1577 &rarr; <strong>1554</strong><br />(-23 for losing)
|l|☆maple_syrup689hoe
|player|p1|
|l|☆ankoro
|player|p2|
