|j|☆bigguy916
|j|☆abGodc
|t:|1781584449
|gametype|singles
|player|p1|bigguy916|unknownf|1644
|player|p2|abGodc|iris-gen5bw2|1690
|gen|9
|tier|[Gen 9] OU
|rated|
|rule|HP Percentage Mod: HP is shown in percentages
|rule|Endless Battle Clause: Forcing endless battles is banned
|rule|Species Clause: Limit one of each Pokémon
|rule|OHKO Clause: OHKO moves are banned
|rule|Evasion Items Clause: Evasion items are banned
|rule|Evasion Moves Clause: Evasion moves are banned
|rule|Evasion Abilities Clause: Evasion abilities are banned
|rule|Sleep Moves Clause: Sleep-inducing moves are banned
|clearpoke
|poke|p1|Ceruledge, M|
|poke|p1|Iron Treads|
|poke|p1|Enamorus, F|
|poke|p1|Raging Bolt|
|poke|p1|Zamazenta-*|
|poke|p1|Araquanid, F|
|poke|p2|Ting-Lu|
|poke|p2|Slowking-Galar, M|
|poke|p2|Corviknight, M|
|poke|p2|Cinderace, M|
|poke|p2|Ogerpon-Wellspring, F|
|poke|p2|Raging Bolt|
|teampreview
|inactive|Battle timer is ON: inactive players will automatically lose when time's up. (requested by bigguy916)
|inactive|abGodc also wants the timer to be on.
|
|t:|1781584469
|teamsize|p1|6
|teamsize|p2|6
|start
|switch|p1a: Enamorus|Enamorus, F|100/100
|switch|p2a: Raging Bolt|Raging Bolt|100/100
|turn|1
|
|t:|1781584479
|switch|p1a: Iron Treads|Iron Treads|100/100
|-enditem|p1a: Iron Treads|Booster Energy
|-activate|p1a: Iron Treads|ability: Quark Drive|[fromitem]
|-start|p1a: Iron Treads|quarkdriveatk
|move|p2a: Raging Bolt|Thunderclap||[still]
|-fail|p2a: Raging Bolt
|
|upkeep
|turn|2
|
|t:|1781584491
|-end|p1a: Iron Treads|Quark Drive|[silent]
|switch|p1a: Ceruledge|Ceruledge, M|100/100
|-end|p2a: Raging Bolt|Protosynthesis|[silent]
|switch|p2a: Corviknight|Corviknight, M|100/100
|-ability|p2a: Corviknight|Pressure
|
|upkeep
|turn|3
|
|t:|1781584497
|switch|p2a: Ting-Lu|Ting-Lu|100/100
|-ability|p2a: Ting-Lu|Vessel of Ruin
|move|p1a: Ceruledge|Bitter Blade|p2a: Ting-Lu
|-damage|p2a: Ting-Lu|71/100
|-damage|p1a: Ceruledge|91/100|[from] item: Life Orb
|
|-heal|p2a: Ting-Lu|77/100|[from] item: Leftovers
|upkeep
|turn|4
|
|t:|1781584503
|switch|p1a: Araquanid|Araquanid, F|100/100
|move|p2a: Ting-Lu|Earthquake|p1a: Araquanid
|-resisted|p1a: Araquanid
|-damage|p1a: Araquanid|83/100
|
|-heal|p2a: Ting-Lu|83/100|[from] item: Leftovers
|upkeep
|turn|5
|
|t:|1781584506
|switch|p2a: Raging Bolt|Raging Bolt|100/100
|move|p1a: Araquanid|Sticky Web|p2a: Raging Bolt
|-sidestart|p2: abGodc|move: Sticky Web
|
|upkeep
|turn|6
|
|t:|1781584510
|switch|p1a: Enamorus|Enamorus, F|100/100
|move|p2a: Raging Bolt|Draco Meteor|p1a: Enamorus
|-immune|p1a: Enamorus
|
|upkeep
|turn|7
|
|t:|1781584521
|-end|p2a: Raging Bolt|Protosynthesis|[silent]
|switch|p2a: Slowking|Slowking-Galar, M|100/100
|move|p1a: Enamorus|Earth Power|p2a: Slowking
|-supereffective|p2a: Slowking
|-damage|p2a: Slowking|36/100
|-damage|p1a: Enamorus|91/100|[from] item: Life Orb
|
|upkeep
|turn|8
|
|t:|1781584526
|switch|p2a: Corviknight|Corviknight, M|100/100
|-ability|p2a: Corviknight|Pressure
|move|p1a: Enamorus|Earth Power|p2a: Corviknight
|-immune|p2a: Corviknight
|
|upkeep
|turn|9
|
|t:|1781584530
|switch|p2a: Cinderace|Cinderace, M|100/100
|move|p1a: Enamorus|Calm Mind|p1a: Enamorus
|-boost|p1a: Enamorus|spa|1
|-boost|p1a: Enamorus|spd|1
|
|upkeep
|turn|10
|
|t:|1781584541
|move|p2a: Cinderace|Court Change|p2a: Cinderace
|-start|p2a: Cinderace|typechange|Normal|[from] ability: Libero
|-swapsideconditions
|-activate|p2a: Cinderace|move: Court Change
|move|p1a: Enamorus|Earth Power|p2a: Cinderace
|-damage|p2a: Cinderace|6/100
|-unboost|p2a: Cinderace|spd|1
|-damage|p1a: Enamorus|81/100|[from] item: Life Orb
|
|upkeep
|turn|11
|
|t:|1781584551
|move|p2a: Cinderace|Pyro Ball|p1a: Enamorus
|-damage|p1a: Enamorus|16/100
|move|p1a: Enamorus|Moonblast|p2a: Cinderace
|-damage|p2a: Cinderace|0 fnt
|faint|p2a: Cinderace
|-damage|p1a: Enamorus|6/100|[from] item: Life Orb
|
|upkeep
|
|t:|1781584553
|switch|p2a: Ogerpon|Ogerpon-Wellspring, F|100/100
|turn|12
|
|t:|1781584563
|move|p2a: Ogerpon|Knock Off|p1a: Enamorus
|-resisted|p1a: Enamorus
|-damage|p1a: Enamorus|0 fnt
|-enditem|p1a: Enamorus|Life Orb|[from] move: Knock Off|[of] p2a: Ogerpon
|faint|p1a: Enamorus
|
|upkeep
|
|t:|1781584566
|switch|p1a: Araquanid|Araquanid, F|83/100
|-activate|p1a: Araquanid|move: Sticky Web
|-unboost|p1a: Araquanid|spe|1
|turn|13
|
|t:|1781584571
|move|p2a: Ogerpon|Knock Off|p1a: Araquanid
|-damage|p1a: Araquanid|40/100
|-enditem|p1a: Araquanid|Custap Berry|[from] move: Knock Off|[of] p2a: Ogerpon
|move|p1a: Araquanid|Sticky Web|p2a: Ogerpon
|-sidestart|p2: abGodc|move: Sticky Web
|
|upkeep
|turn|14
|j| pls game
|
|t:|1781584575
|move|p2a: Ogerpon|Encore|p1a: Araquanid
|-start|p1a: Araquanid|Encore
|move|p1a: Araquanid|Sticky Web||[still]
|-fail|p1a: Araquanid
|
|upkeep
|turn|15
|
|t:|1781584585
|switch|p1a: Raging Bolt|Raging Bolt|100/100
|-activate|p1a: Raging Bolt|move: Sticky Web
|-unboost|p1a: Raging Bolt|spe|1
|-enditem|p1a: Raging Bolt|Booster Energy
|-activate|p1a: Raging Bolt|ability: Protosynthesis|[fromitem]
|-start|p1a: Raging Bolt|protosynthesisspa
|move|p2a: Ogerpon|Ivy Cudgel|p1a: Raging Bolt|[anim] Ivy Cudgel Water
|-resisted|p1a: Raging Bolt
|-damage|p1a: Raging Bolt|73/100
|
|upkeep
|turn|16
|
|t:|1781584595
|move|p2a: Ogerpon|Ivy Cudgel|p1a: Raging Bolt|[anim] Ivy Cudgel Water
|-resisted|p1a: Raging Bolt
|-damage|p1a: Raging Bolt|46/100
|move|p1a: Raging Bolt|Dragon Pulse|p2a: Ogerpon
|-crit|p2a: Ogerpon
|-damage|p2a: Ogerpon|0 fnt
|faint|p2a: Ogerpon
|
|upkeep
|
|t:|1781584601
|switch|p2a: Ting-Lu|Ting-Lu|83/100
|-activate|p2a: Ting-Lu|move: Sticky Web
|-unboost|p2a: Ting-Lu|spe|1
|-ability|p2a: Ting-Lu|Vessel of Ruin
|turn|17
|
|t:|1781584605
|-end|p1a: Raging Bolt|Protosynthesis|[silent]
|switch|p1a: Araquanid|Araquanid, F|40/100
|-activate|p1a: Araquanid|move: Sticky Web
|-unboost|p1a: Araquanid|spe|1
|move|p2a: Ting-Lu|Earthquake|p1a: Araquanid
|-resisted|p1a: Araquanid
|-damage|p1a: Araquanid|22/100
|
|-heal|p2a: Ting-Lu|89/100|[from] item: Leftovers
|upkeep
|turn|18
|
|t:|1781584609
|switch|p2a: Corviknight|Corviknight, M|100/100
|-ability|p2a: Corviknight|Pressure
|move|p1a: Araquanid|Surf|p2a: Corviknight
|-damage|p2a: Corviknight|49/100
|
|upkeep
|turn|19
|
|t:|1781584612
|move|p2a: Corviknight|Defog|p1a: Araquanid
|-unboost|p1a: Araquanid|evasion|1
|-sideend|p1: bigguy916|Sticky Web|[from] move: Defog|[of] p2a: Corviknight
|-sideend|p2: abGodc|Sticky Web|[from] move: Defog|[of] p2a: Corviknight
|move|p1a: Araquanid|Surf|p2a: Corviknight
|-damage|p2a: Corviknight|0 fnt
|faint|p2a: Corviknight
|
|upkeep
|j| choispecs ironmoth
|
|t:|1781584617
|switch|p2a: Raging Bolt|Raging Bolt|100/100
|turn|20
|
|t:|1781584623
|switch|p1a: Iron Treads|Iron Treads|100/100
|move|p2a: Raging Bolt|Draco Meteor|p1a: Iron Treads
|-resisted|p1a: Iron Treads
|-damage|p1a: Iron Treads|20/100
|-unboost|p2a: Raging Bolt|spa|2
|
|upkeep
|turn|21
|
|t:|1781584627
|-end|p1a: Iron Treads|Quark Drive|[silent]
|switch|p1a: Araquanid|Araquanid, F|22/100
|-end|p2a: Raging Bolt|Protosynthesis|[silent]
|switch|p2a: Ting-Lu|Ting-Lu|89/100
|-ability|p2a: Ting-Lu|Vessel of Ruin
|
|-heal|p2a: Ting-Lu|96/100|[from] item: Leftovers
|upkeep
|turn|22
|
|t:|1781584631
|move|p2a: Ting-Lu|Payback|p1a: Araquanid
|-damage|p1a: Araquanid|2/100
|move|p1a: Araquanid|Sticky Web|p2a: Ting-Lu
|-sidestart|p2: abGodc|move: Sticky Web
|
|-heal|p2a: Ting-Lu|100/100|[from] item: Leftovers
|upkeep
|turn|23
|
|t:|1781584634
|move|p2a: Ting-Lu|Payback|p1a: Araquanid
|-damage|p1a: Araquanid|0 fnt
|faint|p1a: Araquanid
|
|upkeep
|
|t:|1781584642
|switch|p1a: Zamazenta|Zamazenta|100/100
|-ability|p1a: Zamazenta|Dauntless Shield|boost
|-boost|p1a: Zamazenta|def|1
|turn|24
|
|t:|1781584644
|switch|p2a: Slowking|Slowking-Galar, M|70/100
|move|p1a: Zamazenta|Body Press|p2a: Slowking
|-resisted|p2a: Slowking
|-damage|p2a: Slowking|61/100
|
|upkeep
|turn|25
|
|t:|1781584649
|switch|p1a: Iron Treads|Iron Treads|20/100
|-terastallize|p2a: Slowking|Fairy
|move|p2a: Slowking|Psychic Noise|p1a: Iron Treads
|-resisted|p1a: Iron Treads
|-damage|p1a: Iron Treads|0 fnt
|faint|p1a: Iron Treads
|-end|p1a: Iron Treads|Quark Drive|[silent]
|
|upkeep
|
|t:|1781584658
|switch|p1a: Ceruledge|Ceruledge, M|91/100
|turn|26
|
|t:|1781584661
|switch|p2a: Ting-Lu|Ting-Lu|100/100
|-activate|p2a: Ting-Lu|move: Sticky Web
|-unboost|p2a: Ting-Lu|spe|1
|-ability|p2a: Ting-Lu|Vessel of Ruin
|move|p1a: Ceruledge|Swords Dance|p1a: Ceruledge
|-boost|p1a: Ceruledge|atk|2
|
|upkeep
|turn|27
|
|t:|1781584689
|-terastallize|p1a: Ceruledge|Ghost
|move|p1a: Ceruledge|Swords Dance|p1a: Ceruledge
|-boost|p1a: Ceruledge|atk|2
|move|p2a: Ting-Lu|Payback|p1a: Ceruledge
|-supereffective|p1a: Ceruledge
|-damage|p1a: Ceruledge|0 fnt
|faint|p1a: Ceruledge
|
|upkeep
|
|t:|1781584693
|switch|p1a: Zamazenta|Zamazenta|100/100
|turn|28
|
|t:|1781584696
|switch|p2a: Slowking|Slowking-Galar, M, tera:Fairy|94/100
|move|p1a: Zamazenta|Iron Defense|p1a: Zamazenta
|-boost|p1a: Zamazenta|def|2
|
|upkeep
|turn|29
|
|t:|1781584699
|move|p1a: Zamazenta|Body Press|p2a: Slowking
|-resisted|p2a: Slowking
|-damage|p2a: Slowking|69/100
|move|p2a: Slowking|Psychic Noise|p1a: Zamazenta
|-supereffective|p1a: Zamazenta
|-damage|p1a: Zamazenta|58/100
|-start|p1a: Zamazenta|move: Heal Block
|
|upkeep
|turn|30
|
|t:|1781584702
|move|p1a: Zamazenta|Body Press|p2a: Slowking
|-resisted|p2a: Slowking
|-damage|p2a: Slowking|46/100
|move|p2a: Slowking|Psychic Noise|p1a: Zamazenta
|-supereffective|p1a: Zamazenta
|-damage|p1a: Zamazenta|13/100
|
|-end|p1a: Zamazenta|move: Heal Block
|upkeep
|turn|31
|
|t:|1781584704
|move|p1a: Zamazenta|Body Press|p2a: Slowking
|-resisted|p2a: Slowking
|-damage|p2a: Slowking|24/100
|move|p2a: Slowking|Psychic Noise|p1a: Zamazenta
|-supereffective|p1a: Zamazenta
|-damage|p1a: Zamazenta|0 fnt
|faint|p1a: Zamazenta
|
|upkeep
|
|t:|1781584705
|switch|p1a: Raging Bolt|Raging Bolt|46/100
|turn|32
|
|t:|1781584708
|move|p1a: Raging Bolt|Thunderbolt|p2a: Slowking
|-damage|p2a: Slowking|0 fnt
|faint|p2a: Slowking
|
|upkeep
|
|t:|1781584709
|switch|p2a: Ting-Lu|Ting-Lu|100/100
|-activate|p2a: Ting-Lu|move: Sticky Web
|-unboost|p2a: Ting-Lu|spe|1
|-ability|p2a: Ting-Lu|Vessel of Ruin
|turn|33
|
|t:|1781584711
|move|p1a: Raging Bolt|Dragon Pulse|p2a: Ting-Lu
|-damage|p2a: Ting-Lu|79/100
|move|p2a: Ting-Lu|Earthquake|p1a: Raging Bolt
|-supereffective|p1a: Raging Bolt
|-damage|p1a: Raging Bolt|0 fnt
|faint|p1a: Raging Bolt
|-end|p1a: Raging Bolt|Protosynthesis|[silent]
|
|win|abGodc
|raw|bigguy916's rating: 1644 &rarr; <strong>1627</strong><br />(-17 for losing)
|raw|abGodc's rating: 1690 &rarr; <strong>1707</strong><br />(+17 for winning)
|l|☆bigguy916
|player|p1|
|l|☆abGodc
|player|p2|
|l| pls game
