|j|‽ayerbe
|j|☆phreshoatmeal
|t:|1781472889
|gametype|singles
|player|p1|ayerbe|blackbelt-gen4dp|1616
|player|p2|phreshoatmeal|265|1627
|gen|9
|tier|[Gen 9] OU
|rated|
|rule|HP Percentage Mod: HP is shown in percentages
|rule|Endless Battle Clause: Forcing endless battles is banned
|rule|Species Clause: Limit one of each Pokémon
|rule|OHKO Clause: OHKO moves are banned
|rule|Evasion Items Clause: Evasion items are banned
|rule|Evasion Moves Clause: Evasion moves are banned
|rule|Evasion Abilities Clause: Evasion abilities are banned
|rule|Sleep Moves Clause: Sleep-inducing moves are banned
|clearpoke
|poke|p1|Great Tusk|
|poke|p1|Scizor, M|
|poke|p1|Garganacl, M|
|poke|p1|Ting-Lu|
|poke|p1|Raging Bolt|
|poke|p1|Gholdengo|
|poke|p2|Tyranitar, M|
|poke|p2|Excadrill, F|
|poke|p2|Hatterene, F|
|poke|p2|Hippowdon, M|
|poke|p2|Toxapex, M|
|poke|p2|Iron Valiant|
|teampreview
|inactive|Battle timer is ON: inactive players will automatically lose when time's up. (requested by ayerbe)
|j| Fat_Yogi
|
|t:|1781472916
|teamsize|p1|6
|teamsize|p2|6
|start
|switch|p1a: Scizor|Scizor, M|100/100
|switch|p2a: Excadrill|Excadrill, F|100/100
|turn|1
|
|t:|1781472936
|switch|p2a: Hatterene|Hatterene, F|100/100
|move|p1a: Scizor|U-turn|p2a: Hatterene
|-damage|p2a: Hatterene|71/100
|
|t:|1781472944
|switch|p1a: Gholdengo|Gholdengo|100/100|[from] U-turn
|
|-heal|p2a: Hatterene|77/100|[from] item: Leftovers
|upkeep
|turn|2
|
|t:|1781472950
|switch|p2a: Tyranitar|Tyranitar, M|100/100
|-weather|Sandstorm|[from] ability: Sand Stream|[of] p2a: Tyranitar
|move|p1a: Gholdengo|Trick|p2a: Tyranitar
|-activate|p1a: Gholdengo|move: Trick|[of] p2a: Tyranitar
|-item|p2a: Tyranitar|Choice Scarf|[from] move: Trick
|-item|p1a: Gholdengo|Eject Button|[from] move: Trick
|
|-weather|Sandstorm|[upkeep]
|upkeep
|turn|3
|
|t:|1781472960
|switch|p1a: Ting-Lu|Ting-Lu|100/100
|-ability|p1a: Ting-Lu|Vessel of Ruin
|switch|p2a: Toxapex|Toxapex, M|100/100
|
|-weather|Sandstorm|[upkeep]
|-damage|p2a: Toxapex|95/100|[from] Sandstorm
|upkeep
|turn|4
|
|t:|1781472963
|switch|p2a: Hatterene|Hatterene, F|77/100
|move|p1a: Ting-Lu|Heavy Slam|p2a: Hatterene
|-supereffective|p2a: Hatterene
|-damage|p2a: Hatterene|32/100
|
|-weather|Sandstorm|[upkeep]
|-damage|p2a: Hatterene|26/100|[from] Sandstorm
|-heal|p2a: Hatterene|32/100|[from] item: Leftovers
|upkeep
|turn|5
|
|t:|1781472979
|switch|p2a: Excadrill|Excadrill, F|100/100
|move|p1a: Ting-Lu|Heavy Slam|p2a: Excadrill
|-resisted|p2a: Excadrill
|-damage|p2a: Excadrill|78/100
|
|-weather|Sandstorm|[upkeep]
|upkeep
|turn|6
|
|t:|1781472983
|-terastallize|p2a: Excadrill|Ground
|move|p2a: Excadrill|Earthquake|p1a: Ting-Lu
|-damage|p1a: Ting-Lu|41/100
|move|p1a: Ting-Lu|Heavy Slam|p2a: Excadrill
|-damage|p2a: Excadrill|38/100
|
|-weather|none
|-heal|p1a: Ting-Lu|47/100|[from] item: Leftovers
|upkeep
|turn|7
|
|t:|1781472990
|switch|p1a: Great Tusk|Great Tusk|100/100
|move|p2a: Excadrill|Earthquake|p1a: Great Tusk
|-damage|p1a: Great Tusk|28/100
|
|upkeep
|turn|8
|
|t:|1781472997
|switch|p2a: Hippowdon|Hippowdon, M|100/100
|-weather|Sandstorm|[from] ability: Sand Stream|[of] p2a: Hippowdon
|move|p1a: Great Tusk|Ice Spinner|p2a: Hippowdon
|-supereffective|p2a: Hippowdon
|-damage|p2a: Hippowdon|74/100
|-enditem|p2a: Hippowdon|Eject Button
|
|t:|1781473002
|switch|p2a: Excadrill|Excadrill, F, tera:Ground|38/100
|
|-weather|Sandstorm|[upkeep]
|upkeep
|turn|9
|
|t:|1781473003
|move|p2a: Excadrill|Earthquake|p1a: Great Tusk
|-damage|p1a: Great Tusk|0 fnt
|faint|p1a: Great Tusk
|-end|p1a: Great Tusk|Protosynthesis|[silent]
|
|-weather|Sandstorm|[upkeep]
|upkeep
|
|t:|1781473009
|switch|p1a: Scizor|Scizor, M|100/100
|turn|10
|
|t:|1781473018
|switch|p2a: Hippowdon|Hippowdon, M|74/100
|-terastallize|p1a: Scizor|Flying
|move|p1a: Scizor|U-turn|p2a: Hippowdon
|-damage|p2a: Hippowdon|54/100
|
|t:|1781473025
|switch|p1a: Ting-Lu|Ting-Lu|47/100|[from] U-turn
|-ability|p1a: Ting-Lu|Vessel of Ruin
|
|-weather|Sandstorm|[upkeep]
|-heal|p1a: Ting-Lu|53/100|[from] item: Leftovers
|upkeep
|turn|11
|
|t:|1781473030
|move|p1a: Ting-Lu|Heavy Slam|p2a: Hippowdon
|-damage|p2a: Hippowdon|45/100
|move|p2a: Hippowdon|Slack Off|p2a: Hippowdon
|-heal|p2a: Hippowdon|95/100
|
|-weather|Sandstorm|[upkeep]
|-heal|p1a: Ting-Lu|60/100|[from] item: Leftovers
|upkeep
|turn|12
|
|t:|1781473039
|move|p1a: Ting-Lu|Heavy Slam|p2a: Hippowdon
|-damage|p2a: Hippowdon|87/100
|move|p2a: Hippowdon|Stealth Rock|p1a: Ting-Lu
|-sidestart|p1: ayerbe|move: Stealth Rock
|
|-weather|none
|-heal|p1a: Ting-Lu|66/100|[from] item: Leftovers
|upkeep
|turn|13
|
|t:|1781473042
|switch|p2a: Hatterene|Hatterene, F|32/100
|move|p1a: Ting-Lu|Stealth Rock|p2a: Hatterene
|move|p2a: Hatterene|Stealth Rock||[from] ability: Magic Bounce|[still]
|-fail|p2a: Hatterene
|
|-heal|p1a: Ting-Lu|72/100|[from] item: Leftovers
|-heal|p2a: Hatterene|38/100|[from] item: Leftovers
|upkeep
|turn|14
|
|t:|1781473059
|move|p1a: Ting-Lu|Heavy Slam|p2a: Hatterene
|-supereffective|p2a: Hatterene
|-crit|p2a: Hatterene
|-damage|p2a: Hatterene|0 fnt
|faint|p2a: Hatterene
|
|-heal|p1a: Ting-Lu|78/100|[from] item: Leftovers
|upkeep
|
|t:|1781473067
|switch|p2a: Iron Valiant|Iron Valiant|100/100
|turn|15
|
|t:|1781473071
|move|p2a: Iron Valiant|Moonblast|p1a: Ting-Lu
|-supereffective|p1a: Ting-Lu
|-damage|p1a: Ting-Lu|34/100
|-unboost|p1a: Ting-Lu|spa|1
|-damage|p2a: Iron Valiant|91/100|[from] item: Life Orb
|move|p1a: Ting-Lu|Heavy Slam|p2a: Iron Valiant
|-supereffective|p2a: Iron Valiant
|-damage|p2a: Iron Valiant|17/100
|
|-heal|p1a: Ting-Lu|40/100|[from] item: Leftovers
|upkeep
|turn|16
|
|t:|1781473074
|move|p2a: Iron Valiant|Drain Punch|p1a: Ting-Lu
|-supereffective|p1a: Ting-Lu
|-damage|p1a: Ting-Lu|0 fnt
|-heal|p2a: Iron Valiant|52/100|[from] drain|[of] p1a: Ting-Lu
|faint|p1a: Ting-Lu
|-damage|p2a: Iron Valiant|42/100|[from] item: Life Orb
|
|upkeep
|
|t:|1781473077
|switch|p1a: Scizor|Scizor, M, tera:Flying|100/100
|-damage|p1a: Scizor|76/100|[from] Stealth Rock
|turn|17
|
|t:|1781473083
|-end|p2a: Iron Valiant|Quark Drive|[silent]
|switch|p2a: Hippowdon|Hippowdon, M|87/100
|-weather|Sandstorm|[from] ability: Sand Stream|[of] p2a: Hippowdon
|move|p1a: Scizor|Bullet Punch|p2a: Hippowdon
|-damage|p2a: Hippowdon|69/100
|
|-weather|Sandstorm|[upkeep]
|-damage|p1a: Scizor|70/100|[from] Sandstorm
|upkeep
|turn|18
|-message|ayerbe forfeited.
|
|win|phreshoatmeal
|raw|ayerbe's rating: 1616 &rarr; <strong>1597</strong><br />(-19 for losing)
|raw|phreshoatmeal's rating: 1627 &rarr; <strong>1646</strong><br />(+19 for winning)
|l|‽ayerbe
|player|p1|
|l|☆phreshoatmeal
|player|p2|
