|j|☆sterster
|j|☆kshuaib734
|t:|1781530497
|gametype|singles
|player|p1|sterster|170|1597
|player|p2|kshuaib734|steven|1626
|gen|9
|tier|[Gen 9] OU
|rated|
|rule|HP Percentage Mod: HP is shown in percentages
|rule|Endless Battle Clause: Forcing endless battles is banned
|rule|Species Clause: Limit one of each Pokémon
|rule|OHKO Clause: OHKO moves are banned
|rule|Evasion Items Clause: Evasion items are banned
|rule|Evasion Moves Clause: Evasion moves are banned
|rule|Evasion Abilities Clause: Evasion abilities are banned
|rule|Sleep Moves Clause: Sleep-inducing moves are banned
|clearpoke
|poke|p1|Kingambit, F|
|poke|p1|Zapdos|
|poke|p1|Primarina, M|
|poke|p1|Clodsire, M|
|poke|p1|Cinderace, F|
|poke|p1|Deoxys-Speed|
|poke|p2|Tyranitar, M|
|poke|p2|Zapdos|
|poke|p2|Pelipper, M|
|poke|p2|Quaquaval, M|
|poke|p2|Kingdra, M|
|poke|p2|Excadrill, F|
|teampreview
|inactive|Battle timer is ON: inactive players will automatically lose when time's up. (requested by kshuaib734)
|
|t:|1781530513
|teamsize|p1|6
|teamsize|p2|6
|start
|switch|p1a: LaurynChill|Primarina, M|100/100
|switch|p2a: King Tyrant|Tyranitar, M|100/100
|-weather|Sandstorm|[from] ability: Sand Stream|[of] p2a: King Tyrant
|turn|1
|
|t:|1781530523
|move|p1a: LaurynChill|Moonblast|p2a: King Tyrant
|-supereffective|p2a: King Tyrant
|-damage|p2a: King Tyrant|41/100
|-enditem|p2a: King Tyrant|Weakness Policy
|-boost|p2a: King Tyrant|atk|2|[from] item: Weakness Policy
|-boost|p2a: King Tyrant|spa|2|[from] item: Weakness Policy
|move|p2a: King Tyrant|Thunderbolt|p1a: LaurynChill
|-supereffective|p1a: LaurynChill
|-damage|p1a: LaurynChill|48/100
|
|-weather|Sandstorm|[upkeep]
|-damage|p1a: LaurynChill|42/100|[from] Sandstorm
|upkeep
|turn|2
|j| cachowcapow
|
|t:|1781530534
|move|p1a: LaurynChill|Surf|p2a: King Tyrant
|-supereffective|p2a: King Tyrant
|-damage|p2a: King Tyrant|0 fnt
|faint|p2a: King Tyrant
|
|-weather|Sandstorm|[upkeep]
|-damage|p1a: LaurynChill|36/100|[from] Sandstorm
|upkeep
|j| Shimeon91
|
|t:|1781530540
|switch|p2a: Tyrant's Legacy|Excadrill, F|100/100
|turn|3
|
|t:|1781530552
|move|p2a: Tyrant's Legacy|Throat Chop|p1a: LaurynChill
|-resisted|p1a: LaurynChill
|-damage|p1a: LaurynChill|11/100
|-start|p1a: LaurynChill|Throat Chop|[silent]
|-damage|p2a: Tyrant's Legacy|91/100|[from] item: Life Orb
|move|p1a: LaurynChill|Surf|p2a: Tyrant's Legacy
|-supereffective|p2a: Tyrant's Legacy
|-crit|p2a: Tyrant's Legacy
|-damage|p2a: Tyrant's Legacy|0 fnt
|faint|p2a: Tyrant's Legacy
|
|-weather|Sandstorm|[upkeep]
|-damage|p1a: LaurynChill|5/100|[from] Sandstorm
|upkeep
|
|t:|1781530562
|switch|p2a: Tyrant's Endgame|Quaquaval, M|100/100
|turn|4
|
|t:|1781530565
|move|p2a: Tyrant's Endgame|Aqua Step|p1a: LaurynChill
|-resisted|p1a: LaurynChill
|-damage|p1a: LaurynChill|0 fnt
|-boost|p2a: Tyrant's Endgame|spe|1
|faint|p1a: LaurynChill
|-ability|p2a: Tyrant's Endgame|Moxie|boost
|-boost|p2a: Tyrant's Endgame|atk|1
|
|-weather|Sandstorm|[upkeep]
|-damage|p2a: Tyrant's Endgame|94/100|[from] Sandstorm
|upkeep
|
|t:|1781530571
|switch|p1a: DosSta.D.I.X|Zapdos|100/100
|turn|5
|
|t:|1781530578
|-terastallize|p2a: Tyrant's Endgame|Water
|move|p2a: Tyrant's Endgame|Wave Crash|p1a: DosSta.D.I.X
|-damage|p1a: DosSta.D.I.X|0 fnt
|-status|p2a: Tyrant's Endgame|par|[from] ability: Static|[of] p1a: DosSta.D.I.X
|faint|p1a: DosSta.D.I.X
|-ability|p2a: Tyrant's Endgame|Moxie|boost
|-boost|p2a: Tyrant's Endgame|atk|1
|-damage|p2a: Tyrant's Endgame|54/100 par|[from] Recoil
|
|-weather|none
|upkeep
|
|t:|1781530588
|switch|p1a: BonnieBoost|Deoxys-Speed|100/100
|-ability|p1a: BonnieBoost|Pressure
|turn|6
|
|t:|1781530592
|cant|p2a: Tyrant's Endgame|par
|move|p1a: BonnieBoost|Psycho Boost|p2a: Tyrant's Endgame
|-damage|p2a: Tyrant's Endgame|0 fnt
|-unboost|p1a: BonnieBoost|spa|2
|faint|p2a: Tyrant's Endgame
|
|upkeep
|
|t:|1781530601
|switch|p2a: Tyrant's Downpour|Pelipper, M|100/100
|-weather|RainDance|[from] ability: Drizzle|[of] p2a: Tyrant's Downpour
|turn|7
|
|t:|1781530617
|switch|p1a: DonnieCourtman|Cinderace, F|100/100
|move|p2a: Tyrant's Downpour|Weather Ball|p1a: DonnieCourtman
|-supereffective|p1a: DonnieCourtman
|-damage|p1a: DonnieCourtman|0 fnt
|faint|p1a: DonnieCourtman
|
|-weather|RainDance|[upkeep]
|upkeep
|
|t:|1781530623
|switch|p1a: BonnieBoost|Deoxys-Speed|100/100
|-ability|p1a: BonnieBoost|Pressure
|turn|8
|
|t:|1781530629
|move|p1a: BonnieBoost|Psycho Boost|p2a: Tyrant's Downpour
|-damage|p2a: Tyrant's Downpour|0 fnt
|-unboost|p1a: BonnieBoost|spa|2
|faint|p2a: Tyrant's Downpour
|
|-weather|RainDance|[upkeep]
|upkeep
|
|t:|1781530635
|switch|p2a: Tyrant's Vengeance|Kingdra, M|100/100
|turn|9
|
|t:|1781530645
|switch|p1a: SwitchinStature|Clodsire, M|100/100
|move|p2a: Tyrant's Vengeance|Weather Ball|p1a: SwitchinStature
|-supereffective|p1a: SwitchinStature
|-damage|p1a: SwitchinStature|0 fnt
|faint|p1a: SwitchinStature
|
|-weather|RainDance|[upkeep]
|upkeep
|
|t:|1781530648
|switch|p1a: OneWingedAngel|Kingambit, F|100/100
|-activate|p1a: OneWingedAngel|ability: Supreme Overlord
|-start|p1a: OneWingedAngel|fallen4|[silent]
|turn|10
|
|t:|1781530656
|move|p2a: Tyrant's Vengeance|Weather Ball|p1a: OneWingedAngel
|-damage|p1a: OneWingedAngel|22/100
|move|p1a: OneWingedAngel|Kowtow Cleave|p2a: Tyrant's Vengeance
|-damage|p2a: Tyrant's Vengeance|20/100
|
|-weather|RainDance|[upkeep]
|-heal|p1a: OneWingedAngel|28/100|[from] item: Leftovers
|upkeep
|turn|11
|
|t:|1781530665
|switch|p2a: Zapdos|Zapdos|100/100
|move|p1a: OneWingedAngel|Sucker Punch||[still]
|-fail|p1a: OneWingedAngel
|
|-weather|RainDance|[upkeep]
|-heal|p1a: OneWingedAngel|34/100|[from] item: Leftovers
|upkeep
|turn|12
|l| Shimeon91
|l| cachowcapow
|
|t:|1781530672
|-end|p1a: OneWingedAngel|fallen4|[silent]
|switch|p1a: BonnieBoost|Deoxys-Speed|100/100
|-ability|p1a: BonnieBoost|Pressure
|move|p2a: Zapdos|Thunder|p1a: BonnieBoost
|-damage|p1a: BonnieBoost|24/100
|
|-weather|RainDance|[upkeep]
|upkeep
|turn|13
|
|t:|1781530683
|move|p1a: BonnieBoost|Psycho Boost|p2a: Zapdos
|-damage|p2a: Zapdos|0 fnt
|-unboost|p1a: BonnieBoost|spa|2
|faint|p2a: Zapdos
|
|-weather|RainDance|[upkeep]
|upkeep
|-message|kshuaib734 forfeited.
|
|win|sterster
|raw|sterster's rating: 1597 &rarr; <strong>1619</strong><br />(+22 for winning)
|raw|kshuaib734's rating: 1626 &rarr; <strong>1604</strong><br />(-22 for losing)
|l|☆kshuaib734
|player|p2|
|l|☆sterster
|player|p1|
