|j|☆icylikedecember
|j|☆KurisuChestnutLab
|t:|1781176799
|gametype|singles
|player|p1|icylikedecember|smasher|1732
|player|p2|KurisuChestnutLab|may-contest|1574
|gen|9
|tier|[Gen 9] OU
|rated|
|rule|HP Percentage Mod: HP is shown in percentages
|rule|Endless Battle Clause: Forcing endless battles is banned
|rule|Species Clause: Limit one of each Pokémon
|rule|OHKO Clause: OHKO moves are banned
|rule|Evasion Items Clause: Evasion items are banned
|rule|Evasion Moves Clause: Evasion moves are banned
|rule|Evasion Abilities Clause: Evasion abilities are banned
|rule|Sleep Moves Clause: Sleep-inducing moves are banned
|clearpoke
|poke|p1|Corviknight, F|
|poke|p1|Slowking-Galar, F|
|poke|p1|Darkrai|
|poke|p1|Kyurem|
|poke|p1|Zamazenta-*|
|poke|p1|Crawdaunt, M|
|poke|p2|Zamazenta-*|
|poke|p2|Zapdos|
|poke|p2|Garganacl, M|
|poke|p2|Clefable, F|
|poke|p2|Samurott-Hisui, F|
|poke|p2|Gholdengo|
|teampreview
|
|t:|1781176805
|teamsize|p1|6
|teamsize|p2|6
|start
|switch|p1a: Corviknight|Corviknight, F, shiny|100/100
|switch|p2a: Zamazenta|Zamazenta|100/100
|-ability|p2a: Zamazenta|Dauntless Shield|boost
|-boost|p2a: Zamazenta|def|1
|-ability|p1a: Corviknight|Pressure
|turn|1
|inactive|Battle timer is ON: inactive players will automatically lose when time's up. (requested by KurisuChestnutLab)
|
|t:|1781176809
|move|p2a: Zamazenta|Iron Defense|p2a: Zamazenta
|-boost|p2a: Zamazenta|def|2
|move|p1a: Corviknight|Brave Bird|p2a: Zamazenta
|-supereffective|p2a: Zamazenta
|-damage|p2a: Zamazenta|77/100
|-damage|p1a: Corviknight|93/100|[from] Recoil
|
|-heal|p2a: Zamazenta|83/100|[from] item: Leftovers
|upkeep
|turn|2
|
|t:|1781176814
|switch|p1a: Slowking|Slowking-Galar, F, shiny|100/100
|move|p2a: Zamazenta|Iron Defense|p2a: Zamazenta
|-boost|p2a: Zamazenta|def|2
|
|-heal|p2a: Zamazenta|89/100|[from] item: Leftovers
|upkeep
|turn|3
|
|t:|1781176819
|move|p2a: Zamazenta|Crunch|p1a: Slowking
|-supereffective|p1a: Slowking
|-damage|p1a: Slowking|53/100
|move|p1a: Slowking|Sludge Bomb|p2a: Zamazenta
|-damage|p2a: Zamazenta|54/100
|
|-heal|p2a: Zamazenta|61/100|[from] item: Leftovers
|upkeep
|turn|4
|
|t:|1781176826
|switch|p1a: Corviknight|Corviknight, F, shiny|93/100
|-ability|p1a: Corviknight|Pressure
|move|p2a: Zamazenta|Crunch|p1a: Corviknight
|-damage|p1a: Corviknight|79/100
|-damage|p2a: Zamazenta|44/100|[from] item: Rocky Helmet|[of] p1a: Corviknight
|
|-heal|p2a: Zamazenta|50/100|[from] item: Leftovers
|upkeep
|turn|5
|
|t:|1781176833
|switch|p1a: Slowking|Slowking-Galar, F, shiny|86/100
|move|p2a: Zamazenta|Body Press|p1a: Slowking
|-resisted|p1a: Slowking
|-damage|p1a: Slowking|59/100
|
|-heal|p2a: Zamazenta|56/100|[from] item: Leftovers
|upkeep
|turn|6
|
|t:|1781176837
|move|p2a: Zamazenta|Crunch|p1a: Slowking
|-supereffective|p1a: Slowking
|-damage|p1a: Slowking|12/100
|move|p1a: Slowking|Sludge Bomb|p2a: Zamazenta
|-damage|p2a: Zamazenta|25/100
|
|-heal|p2a: Zamazenta|31/100|[from] item: Leftovers
|upkeep
|turn|7
|
|t:|1781176846
|switch|p1a: Corviknight|Corviknight, F, shiny|79/100
|-ability|p1a: Corviknight|Pressure
|move|p2a: Zamazenta|Body Press|p1a: Corviknight
|-damage|p1a: Corviknight|13/100
|-damage|p2a: Zamazenta|14/100|[from] item: Rocky Helmet|[of] p1a: Corviknight
|
|-heal|p2a: Zamazenta|21/100|[from] item: Leftovers
|upkeep
|turn|8
|
|t:|1781176854
|move|p2a: Zamazenta|Body Press|p1a: Corviknight
|-damage|p1a: Corviknight|0 fnt
|-damage|p2a: Zamazenta|4/100|[from] item: Rocky Helmet|[of] p1a: Corviknight
|faint|p1a: Corviknight
|
|-heal|p2a: Zamazenta|10/100|[from] item: Leftovers
|upkeep
|
|t:|1781176862
|switch|p1a: Zamazenta|Zamazenta|100/100
|-ability|p1a: Zamazenta|Dauntless Shield|boost
|-boost|p1a: Zamazenta|def|1
|turn|9
|
|t:|1781176865
|move|p2a: Zamazenta|Body Press|p1a: Zamazenta
|-damage|p1a: Zamazenta|52/100
|move|p1a: Zamazenta|Body Press|p2a: Zamazenta
|-crit|p2a: Zamazenta
|-damage|p2a: Zamazenta|0 fnt
|faint|p2a: Zamazenta
|
|-heal|p1a: Zamazenta|58/100|[from] item: Leftovers
|upkeep
|
|t:|1781176871
|switch|p2a: Clefable|Clefable, F|100/100
|turn|10
|
|t:|1781176878
|switch|p1a: Slowking|Slowking-Galar, F, shiny|45/100
|move|p2a: Clefable|Knock Off|p1a: Slowking
|-supereffective|p1a: Slowking
|-damage|p1a: Slowking|16/100
|-enditem|p1a: Slowking|Assault Vest|[from] move: Knock Off|[of] p2a: Clefable
|
|upkeep
|turn|11
|
|t:|1781176888
|move|p2a: Clefable|Knock Off|p1a: Slowking
|-supereffective|p1a: Slowking
|-damage|p1a: Slowking|0 fnt
|faint|p1a: Slowking
|
|upkeep
|
|t:|1781176890
|switch|p1a: Crawdaunt|Crawdaunt, M|100/100
|turn|12
|
|t:|1781176897
|move|p1a: Crawdaunt|Crabhammer|p2a: Clefable
|-damage|p2a: Clefable|18/100
|move|p2a: Clefable|Moonblast|p1a: Crawdaunt
|-supereffective|p1a: Crawdaunt
|-damage|p1a: Crawdaunt|0 fnt
|faint|p1a: Crawdaunt
|
|upkeep
|
|t:|1781176907
|switch|p1a: Darkrai|Darkrai|100/100
|turn|13
|
|t:|1781176911
|switch|p2a: Garganacl|Garganacl, M|100/100
|move|p1a: Darkrai|Sludge Bomb|p2a: Garganacl
|-resisted|p2a: Garganacl
|-damage|p2a: Garganacl|90/100
|
|-heal|p2a: Garganacl|97/100|[from] item: Leftovers
|upkeep
|turn|14
|
|t:|1781176914
|move|p1a: Darkrai|Focus Blast|p2a: Garganacl|[miss]
|-miss|p1a: Darkrai|p2a: Garganacl
|move|p2a: Garganacl|Salt Cure|p1a: Darkrai
|-damage|p1a: Darkrai|82/100
|-start|p1a: Darkrai|Salt Cure
|
|-heal|p2a: Garganacl|100/100|[from] item: Leftovers
|-damage|p1a: Darkrai|70/100|[from] Salt Cure
|upkeep
|turn|15
|
|t:|1781176918
|move|p1a: Darkrai|Focus Blast|p2a: Garganacl
|-supereffective|p2a: Garganacl
|-damage|p2a: Garganacl|30/100
|move|p2a: Garganacl|Stealth Rock|p1a: Darkrai
|-sidestart|p1: icylikedecember|move: Stealth Rock
|
|-heal|p2a: Garganacl|36/100|[from] item: Leftovers
|-damage|p1a: Darkrai|57/100|[from] Salt Cure
|upkeep
|turn|16
|
|t:|1781176924
|move|p1a: Darkrai|Dark Pulse|p2a: Garganacl
|-damage|p2a: Garganacl|10/100
|move|p2a: Garganacl|Recover|p2a: Garganacl
|-heal|p2a: Garganacl|60/100
|
|-heal|p2a: Garganacl|66/100|[from] item: Leftovers
|-damage|p1a: Darkrai|45/100|[from] Salt Cure
|upkeep
|turn|17
|
|t:|1781176930
|move|p1a: Darkrai|Dark Pulse|p2a: Garganacl
|-damage|p2a: Garganacl|39/100
|move|p2a: Garganacl|Recover|p2a: Garganacl
|-heal|p2a: Garganacl|89/100
|
|-heal|p2a: Garganacl|95/100|[from] item: Leftovers
|-damage|p1a: Darkrai|33/100|[from] Salt Cure
|upkeep
|turn|18
|
|t:|1781176934
|move|p1a: Darkrai|Dark Pulse|p2a: Garganacl
|-damage|p2a: Garganacl|69/100
|move|p2a: Garganacl|Recover|p2a: Garganacl
|-heal|p2a: Garganacl|100/100
|
|-damage|p1a: Darkrai|20/100|[from] Salt Cure
|upkeep
|turn|19
|
|t:|1781176938
|move|p1a: Darkrai|Focus Blast|p2a: Garganacl
|-supereffective|p2a: Garganacl
|-damage|p2a: Garganacl|27/100
|move|p2a: Garganacl|Recover|p2a: Garganacl
|-heal|p2a: Garganacl|77/100
|
|-heal|p2a: Garganacl|84/100|[from] item: Leftovers
|-damage|p1a: Darkrai|8/100|[from] Salt Cure
|upkeep
|turn|20
|
|t:|1781176943
|move|p1a: Darkrai|Focus Blast|p2a: Garganacl
|-supereffective|p2a: Garganacl
|-damage|p2a: Garganacl|14/100
|move|p2a: Garganacl|Recover|p2a: Garganacl
|-heal|p2a: Garganacl|64/100
|
|-heal|p2a: Garganacl|70/100|[from] item: Leftovers
|-damage|p1a: Darkrai|0 fnt|[from] Salt Cure
|faint|p1a: Darkrai
|upkeep
|
|t:|1781176948
|switch|p1a: Zamazenta|Zamazenta|58/100
|-damage|p1a: Zamazenta|52/100|[from] Stealth Rock
|turn|21
|
|t:|1781176952
|move|p1a: Zamazenta|Iron Defense|p1a: Zamazenta
|-boost|p1a: Zamazenta|def|2
|move|p2a: Garganacl|Salt Cure|p1a: Zamazenta
|-resisted|p1a: Zamazenta
|-damage|p1a: Zamazenta|49/100
|-start|p1a: Zamazenta|Salt Cure
|
|-heal|p1a: Zamazenta|56/100|[from] item: Leftovers
|-heal|p2a: Garganacl|76/100|[from] item: Leftovers
|-damage|p1a: Zamazenta|43/100|[from] Salt Cure
|upkeep
|turn|22
|
|t:|1781176958
|switch|p2a: Gholdengo|Gholdengo|100/100
|move|p1a: Zamazenta|Body Press|p2a: Gholdengo
|-immune|p2a: Gholdengo
|
|-heal|p1a: Zamazenta|49/100|[from] item: Leftovers
|-damage|p1a: Zamazenta|37/100|[from] Salt Cure
|upkeep
|turn|23
|-message|icylikedecember forfeited.
|
|win|KurisuChestnutLab
|raw|icylikedecember's rating: 1732 &rarr; <strong>1703</strong><br />(-29 for losing)
|raw|KurisuChestnutLab's rating: 1574 &rarr; <strong>1603</strong><br />(+29 for winning)
|l|☆icylikedecember
|player|p1|
