|j|☆kadu99
|j|☆Walvis Timmy
|t:|1781201664
|gametype|singles
|player|p1|kadu99|policeman-gen4|1510
|player|p2|Walvis Timmy|169|1567
|gen|9
|tier|[Gen 9] OU
|rated|
|rule|HP Percentage Mod: HP is shown in percentages
|rule|Endless Battle Clause: Forcing endless battles is banned
|rule|Species Clause: Limit one of each Pokémon
|rule|OHKO Clause: OHKO moves are banned
|rule|Evasion Items Clause: Evasion items are banned
|rule|Evasion Moves Clause: Evasion moves are banned
|rule|Evasion Abilities Clause: Evasion abilities are banned
|rule|Sleep Moves Clause: Sleep-inducing moves are banned
|clearpoke
|poke|p1|Zarude|
|poke|p1|Gliscor, F|
|poke|p1|Blissey, F|
|poke|p1|Skarmory, F|
|poke|p1|Keldeo|
|poke|p1|Pecharunt|
|poke|p2|Weezing-Galar, F|
|poke|p2|Alomomola, M|
|poke|p2|Iron Treads|
|poke|p2|Tornadus-Therian, M|
|poke|p2|Zamazenta-*|
|poke|p2|Lokix, F|
|teampreview
|inactive|Battle timer is ON: inactive players will automatically lose when time's up. (requested by kadu99)
|
|t:|1781201677
|teamsize|p1|6
|teamsize|p2|6
|start
|switch|p1a: Blissey|Blissey, F|100/100
|switch|p2a: Tornadus|Tornadus-Therian, M|100/100
|turn|1
|
|t:|1781201683
|move|p2a: Tornadus|Knock Off|p1a: Blissey
|-damage|p1a: Blissey|79/100
|-enditem|p1a: Blissey|Choice Scarf|[from] move: Knock Off|[of] p2a: Tornadus
|move|p1a: Blissey|Trick|p2a: Tornadus
|-activate|p1a: Blissey|move: Trick|[of] p2a: Tornadus
|-enditem|p2a: Tornadus|Assault Vest|[silent]|[from] move: Trick
|-item|p1a: Blissey|Assault Vest|[from] move: Trick
|
|upkeep
|turn|2
|
|t:|1781201692
|move|p2a: Tornadus|Knock Off|p1a: Blissey
|-damage|p1a: Blissey|59/100
|-enditem|p1a: Blissey|Assault Vest|[from] move: Knock Off|[of] p2a: Tornadus
|move|p1a: Blissey|Seismic Toss|p2a: Tornadus
|-damage|p2a: Tornadus|73/100
|
|upkeep
|turn|3
|
|t:|1781201697
|move|p2a: Tornadus|Knock Off|p1a: Blissey
|-damage|p1a: Blissey|45/100
|move|p1a: Blissey|Stealth Rock|p2a: Tornadus
|-sidestart|p2: Walvis Timmy|move: Stealth Rock
|
|upkeep
|turn|4
|
|t:|1781201699
|move|p2a: Tornadus|Knock Off|p1a: Blissey
|-damage|p1a: Blissey|31/100
|move|p1a: Blissey|Soft-Boiled|p1a: Blissey
|-heal|p1a: Blissey|81/100
|
|upkeep
|turn|5
|
|t:|1781201702
|move|p2a: Tornadus|Knock Off|p1a: Blissey
|-damage|p1a: Blissey|68/100
|move|p1a: Blissey|Seismic Toss|p2a: Tornadus
|-damage|p2a: Tornadus|45/100
|
|upkeep
|turn|6
|
|t:|1781201704
|move|p2a: Tornadus|U-turn|p1a: Blissey
|-damage|p1a: Blissey|54/100
|
|t:|1781201706
|switch|p2a: Iron Treads|Iron Treads|100/100|[from] U-turn
|-damage|p2a: Iron Treads|97/100|[from] Stealth Rock
|move|p1a: Blissey|Soft-Boiled|p1a: Blissey
|-heal|p1a: Blissey|100/100
|
|-heal|p2a: Iron Treads|100/100|[from] item: Leftovers
|upkeep
|turn|7
|
|t:|1781201710
|move|p2a: Iron Treads|Rapid Spin|p1a: Blissey
|-damage|p1a: Blissey|85/100
|-boost|p2a: Iron Treads|spe|1
|-sideend|p2: Walvis Timmy|Stealth Rock|[from] move: Rapid Spin|[of] p2a: Iron Treads
|move|p1a: Blissey|Seismic Toss|p2a: Iron Treads
|-damage|p2a: Iron Treads|73/100
|
|-heal|p2a: Iron Treads|79/100|[from] item: Leftovers
|upkeep
|turn|8
|
|t:|1781201714
|switch|p1a: Skarmory|Skarmory, F|100/100
|move|p2a: Iron Treads|Earthquake|p1a: Skarmory
|-immune|p1a: Skarmory
|
|-heal|p2a: Iron Treads|85/100|[from] item: Leftovers
|upkeep
|turn|9
|
|t:|1781201718
|-end|p2a: Iron Treads|Quark Drive|[silent]
|switch|p2a: Tornadus|Tornadus-Therian, M|78/100
|move|p1a: Skarmory|Spikes|p2a: Tornadus
|-sidestart|p2: Walvis Timmy|Spikes
|
|upkeep
|turn|10
|
|t:|1781201721
|switch|p1a: Blissey|Blissey, F|85/100
|move|p2a: Tornadus|Heat Wave|p1a: Blissey
|-damage|p1a: Blissey|79/100
|
|upkeep
|turn|11
|
|t:|1781201723
|move|p2a: Tornadus|U-turn|p1a: Blissey
|-damage|p1a: Blissey|62/100
|
|t:|1781201725
|switch|p2a: Iron Treads|Iron Treads|85/100|[from] U-turn
|-damage|p2a: Iron Treads|72/100|[from] Spikes
|move|p1a: Blissey|Stealth Rock|p2a: Iron Treads
|-sidestart|p2: Walvis Timmy|move: Stealth Rock
|
|-heal|p2a: Iron Treads|79/100|[from] item: Leftovers
|upkeep
|turn|12
|
|t:|1781201729
|move|p2a: Iron Treads|Rapid Spin|p1a: Blissey
|-damage|p1a: Blissey|48/100
|-boost|p2a: Iron Treads|spe|1
|-sideend|p2: Walvis Timmy|Spikes|[from] move: Rapid Spin|[of] p2a: Iron Treads
|-sideend|p2: Walvis Timmy|Stealth Rock|[from] move: Rapid Spin|[of] p2a: Iron Treads
|move|p1a: Blissey|Seismic Toss|p2a: Iron Treads
|-damage|p2a: Iron Treads|51/100
|
|-heal|p2a: Iron Treads|57/100|[from] item: Leftovers
|upkeep
|turn|13
|
|t:|1781201731
|switch|p1a: Skarmory|Skarmory, F|100/100
|move|p2a: Iron Treads|Stealth Rock|p1a: Skarmory
|-sidestart|p1: kadu99|move: Stealth Rock
|
|-heal|p2a: Iron Treads|63/100|[from] item: Leftovers
|upkeep
|turn|14
|
|t:|1781201736
|-end|p2a: Iron Treads|Quark Drive|[silent]
|switch|p2a: Zamazenta|Zamazenta|100/100
|-ability|p2a: Zamazenta|Dauntless Shield|boost
|-boost|p2a: Zamazenta|def|1
|move|p1a: Skarmory|Spikes|p2a: Zamazenta
|-sidestart|p2: Walvis Timmy|Spikes
|
|upkeep
|turn|15
|
|t:|1781201741
|move|p2a: Zamazenta|Close Combat|p1a: Skarmory
|-damage|p1a: Skarmory|39/100
|-unboost|p2a: Zamazenta|def|1
|-unboost|p2a: Zamazenta|spd|1
|-damage|p2a: Zamazenta|84/100|[from] item: Rocky Helmet|[of] p1a: Skarmory
|move|p1a: Skarmory|Spikes|p2a: Zamazenta
|-sidestart|p2: Walvis Timmy|Spikes
|
|upkeep
|turn|16
|
|t:|1781201747
|switch|p2a: Tornadus|Tornadus-Therian, M|100/100
|switch|p1a: Pecharunt|Pecharunt|100/100
|
|upkeep
|turn|17
|
|t:|1781201750
|switch|p1a: Blissey|Blissey, F|48/100
|-damage|p1a: Blissey|35/100|[from] Stealth Rock
|move|p2a: Tornadus|Knock Off|p1a: Blissey
|-damage|p1a: Blissey|22/100
|
|upkeep
|turn|18
|
|t:|1781201757
|move|p2a: Tornadus|U-turn|p1a: Blissey
|-damage|p1a: Blissey|7/100
|
|t:|1781201759
|switch|p2a: Lokix|Lokix, F|100/100|[from] U-turn
|-damage|p2a: Lokix|84/100|[from] Spikes
|move|p1a: Blissey|Soft-Boiled|p1a: Blissey
|-heal|p1a: Blissey|57/100
|
|upkeep
|turn|19
|
|t:|1781201765
|switch|p1a: Skarmory|Skarmory, F|39/100
|-damage|p1a: Skarmory|27/100|[from] Stealth Rock
|-terastallize|p2a: Lokix|Bug
|move|p2a: Lokix|U-turn|p1a: Skarmory
|-resisted|p1a: Skarmory
|-damage|p1a: Skarmory|6/100
|-damage|p2a: Lokix|67/100|[from] item: Rocky Helmet|[of] p1a: Skarmory
|
|t:|1781201775
|switch|p2a: Tornadus|Tornadus-Therian, M|100/100|[from] U-turn
|
|upkeep
|turn|20
|
|t:|1781201779
|move|p2a: Tornadus|U-turn|p1a: Skarmory
|-resisted|p1a: Skarmory
|-damage|p1a: Skarmory|4/100
|-damage|p2a: Tornadus|84/100|[from] item: Rocky Helmet|[of] p1a: Skarmory
|
|t:|1781201783
|switch|p2a: Lokix|Lokix, F, tera:Bug|67/100|[from] U-turn
|-damage|p2a: Lokix|51/100|[from] Spikes
|move|p1a: Skarmory|Roost|p1a: Skarmory
|-heal|p1a: Skarmory|54/100
|-singleturn|p1a: Skarmory|move: Roost
|
|upkeep
|turn|21
|
|t:|1781201786
|move|p2a: Lokix|First Impression|p1a: Skarmory
|-resisted|p1a: Skarmory
|-damage|p1a: Skarmory|30/100
|-damage|p2a: Lokix|34/100|[from] item: Rocky Helmet|[of] p1a: Skarmory
|move|p1a: Skarmory|Roost|p1a: Skarmory
|-heal|p1a: Skarmory|80/100
|-singleturn|p1a: Skarmory|move: Roost
|
|upkeep
|turn|22
|
|t:|1781201795
|switch|p2a: Alomomola|Alomomola, M|100/100
|-damage|p2a: Alomomola|84/100|[from] Spikes
|move|p1a: Skarmory|Whirlwind|p2a: Alomomola
|drag|p2a: Iron Treads|Iron Treads|63/100
|-damage|p2a: Iron Treads|46/100|[from] Spikes
|
|-heal|p2a: Iron Treads|52/100|[from] item: Leftovers
|upkeep
|turn|23
|
|t:|1781201800
|switch|p1a: Pecharunt|Pecharunt|100/100
|move|p2a: Iron Treads|Rapid Spin|p1a: Pecharunt
|-immune|p1a: Pecharunt
|
|-heal|p2a: Iron Treads|59/100|[from] item: Leftovers
|upkeep
|turn|24
|
|t:|1781201805
|move|p2a: Iron Treads|Earthquake|p1a: Pecharunt
|-supereffective|p1a: Pecharunt
|-damage|p1a: Pecharunt|64/100
|move|p1a: Pecharunt|Parting Shot|p2a: Iron Treads
|-unboost|p2a: Iron Treads|atk|1
|-unboost|p2a: Iron Treads|spa|1
|
|t:|1781201807
|switch|p1a: Keldeo|Keldeo|100/100|[from] Parting Shot
|
|-heal|p2a: Iron Treads|65/100|[from] item: Leftovers
|upkeep
|turn|25
|
|t:|1781201810
|-end|p2a: Iron Treads|Quark Drive|[silent]
|switch|p2a: Tornadus|Tornadus-Therian, M|100/100
|move|p1a: Keldeo|Surf|p2a: Tornadus
|-damage|p2a: Tornadus|51/100
|
|upkeep
|turn|26
|
|t:|1781201817
|switch|p1a: Blissey|Blissey, F|57/100
|-damage|p1a: Blissey|45/100|[from] Stealth Rock
|move|p2a: Tornadus|Bleakwind Storm|p1a: Blissey
|-damage|p1a: Blissey|33/100
|-unboost|p1a: Blissey|spe|1
|
|upkeep
|turn|27
|
|t:|1781201827
|move|p2a: Tornadus|U-turn|p1a: Blissey
|-damage|p1a: Blissey|18/100
|
|t:|1781201829
|switch|p2a: Iron Treads|Iron Treads|65/100|[from] U-turn
|-damage|p2a: Iron Treads|48/100|[from] Spikes
|move|p1a: Blissey|Stealth Rock|p2a: Iron Treads
|-sidestart|p2: Walvis Timmy|move: Stealth Rock
|
|-heal|p2a: Iron Treads|54/100|[from] item: Leftovers
|upkeep
|turn|28
|
|t:|1781201831
|switch|p1a: Pecharunt|Pecharunt|64/100
|move|p2a: Iron Treads|Rapid Spin|p1a: Pecharunt
|-immune|p1a: Pecharunt
|
|-heal|p2a: Iron Treads|60/100|[from] item: Leftovers
|upkeep
|turn|29
|
|t:|1781201834
|move|p2a: Iron Treads|Earthquake|p1a: Pecharunt
|-supereffective|p1a: Pecharunt
|-damage|p1a: Pecharunt|28/100
|move|p1a: Pecharunt|Recover|p1a: Pecharunt
|-heal|p1a: Pecharunt|78/100
|
|-heal|p2a: Iron Treads|66/100|[from] item: Leftovers
|upkeep
|turn|30
|
|t:|1781201839
|move|p2a: Iron Treads|Earthquake|p1a: Pecharunt
|-supereffective|p1a: Pecharunt
|-damage|p1a: Pecharunt|38/100
|move|p1a: Pecharunt|Parting Shot|p2a: Iron Treads
|-unboost|p2a: Iron Treads|atk|1
|-unboost|p2a: Iron Treads|spa|1
|
|t:|1781201841
|switch|p1a: Keldeo|Keldeo|100/100|[from] Parting Shot
|
|-heal|p2a: Iron Treads|72/100|[from] item: Leftovers
|upkeep
|turn|31
|
|t:|1781201850
|-end|p2a: Iron Treads|Quark Drive|[silent]
|switch|p2a: Tornadus|Tornadus-Therian, M|84/100
|-damage|p2a: Tornadus|59/100|[from] Stealth Rock
|-terastallize|p1a: Keldeo|Water
|move|p1a: Keldeo|Surf|p2a: Tornadus
|-damage|p2a: Tornadus|0 fnt
|faint|p2a: Tornadus
|
|upkeep
|
|t:|1781201854
|switch|p2a: Lokix|Lokix, F, tera:Bug|34/100
|-damage|p2a: Lokix|17/100|[from] Spikes
|-damage|p2a: Lokix|0 fnt|[from] Stealth Rock
|faint|p2a: Lokix
|-message|Walvis Timmy forfeited.
|
|win|kadu99
|raw|kadu99's rating: 1510 &rarr; <strong>1533</strong><br />(+23 for winning)
|raw|Walvis Timmy's rating: 1567 &rarr; <strong>1544</strong><br />(-23 for losing)
|l|☆Walvis Timmy
|player|p2|
