|j|☆18dabloons
|j|☆blueisnoob
|t:|1781157950
|gametype|singles
|player|p1|18dabloons|caitlin|1703
|player|p2|blueisnoob|101|1597
|gen|9
|tier|[Gen 9] OU
|rated|
|rule|HP Percentage Mod: HP is shown in percentages
|rule|Endless Battle Clause: Forcing endless battles is banned
|rule|Species Clause: Limit one of each Pokémon
|rule|OHKO Clause: OHKO moves are banned
|rule|Evasion Items Clause: Evasion items are banned
|rule|Evasion Moves Clause: Evasion moves are banned
|rule|Evasion Abilities Clause: Evasion abilities are banned
|rule|Sleep Moves Clause: Sleep-inducing moves are banned
|clearpoke
|poke|p1|Ursaluna, F|
|poke|p1|Alomomola, F|
|poke|p1|Excadrill, M|
|poke|p1|Tyranitar, M|
|poke|p1|Keldeo-Resolute|
|poke|p1|Gholdengo|
|poke|p2|Zamazenta-*|
|poke|p2|Ogerpon-Wellspring, F|
|poke|p2|Slowking-Galar, M|
|poke|p2|Great Tusk|
|poke|p2|Kingambit, M|
|poke|p2|Zapdos|
|teampreview
|inactive|Battle timer is ON: inactive players will automatically lose when time's up. (requested by blueisnoob)
|inactive|18dabloons has 120 seconds left.
|
|t:|1781157997
|teamsize|p1|6
|teamsize|p2|6
|start
|switch|p1a: Keldeo|Keldeo-Resolute|100/100
|switch|p2a: Ogerpon|Ogerpon-Wellspring, F|100/100
|turn|1
|j| pokemonlover-834
|
|t:|1781158004
|move|p2a: Ogerpon|Power Whip|p1a: Keldeo
|-supereffective|p1a: Keldeo
|-damage|p1a: Keldeo|0 fnt
|faint|p1a: Keldeo
|
|upkeep
|
|t:|1781158010
|switch|p1a: Gholdengo|Gholdengo|100/100
|turn|2
|
|t:|1781158014
|switch|p2a: Kingambit|Kingambit, M|100/100
|move|p1a: Gholdengo|Thunder Wave|p2a: Kingambit
|-status|p2a: Kingambit|par
|
|upkeep
|turn|3
|
|t:|1781158016
|move|p1a: Gholdengo|Focus Blast|p2a: Kingambit|[miss]
|-miss|p1a: Gholdengo|p2a: Kingambit
|move|p2a: Kingambit|Kowtow Cleave|p1a: Gholdengo
|-supereffective|p1a: Gholdengo
|-enditem|p1a: Gholdengo|Colbur Berry|[eat]
|-enditem|p1a: Gholdengo|Colbur Berry|[weaken]
|-damage|p1a: Gholdengo|66/100
|
|upkeep
|turn|4
|
|t:|1781158025
|switch|p1a: Alomomola|Alomomola, F, shiny|100/100
|move|p2a: Kingambit|Sucker Punch||[still]
|-fail|p2a: Kingambit
|
|upkeep
|turn|5
|
|t:|1781158029
|-end|p2a: Kingambit|fallenundefined|[silent]
|switch|p2a: Ogerpon|Ogerpon-Wellspring, F|100/100
|move|p1a: Alomomola|Wish|p1a: Alomomola
|
|upkeep
|turn|6
|
|t:|1781158036
|switch|p1a: Gholdengo|Gholdengo|66/100
|move|p2a: Ogerpon|Knock Off|p1a: Gholdengo
|-supereffective|p1a: Gholdengo
|-damage|p1a: Gholdengo|30/100
|
|-heal|p1a: Gholdengo|99/100|[from] move: Wish|[wisher] Alomomola
|upkeep
|turn|7
|
|t:|1781158041
|move|p2a: Ogerpon|U-turn|p1a: Gholdengo
|-resisted|p1a: Gholdengo
|-damage|p1a: Gholdengo|96/100
|
|t:|1781158044
|switch|p2a: Kingambit|Kingambit, M|100/100 par|[from] U-turn
|move|p1a: Gholdengo|Thunder Wave|p2a: Kingambit
|-fail|p2a: Kingambit|par
|
|upkeep
|turn|8
|
|t:|1781158049
|-end|p2a: Kingambit|fallenundefined|[silent]
|switch|p2a: Zapdos|Zapdos|100/100
|move|p1a: Gholdengo|Focus Blast|p2a: Zapdos
|-resisted|p2a: Zapdos
|-damage|p2a: Zapdos|83/100
|
|upkeep
|turn|9
|
|t:|1781158053
|switch|p1a: Tyranitar|Tyranitar, M|100/100
|-weather|Sandstorm|[from] ability: Sand Stream|[of] p1a: Tyranitar
|move|p2a: Zapdos|Hurricane|p1a: Tyranitar|[miss]
|-miss|p2a: Zapdos|p1a: Tyranitar
|
|-weather|Sandstorm|[upkeep]
|-damage|p2a: Zapdos|77/100|[from] Sandstorm
|upkeep
|turn|10
|
|t:|1781158055
|move|p2a: Zapdos|Thunder Wave|p1a: Tyranitar
|-status|p1a: Tyranitar|par
|move|p1a: Tyranitar|Stealth Rock|p2a: Zapdos
|-sidestart|p2: blueisnoob|move: Stealth Rock
|
|-weather|Sandstorm|[upkeep]
|-damage|p2a: Zapdos|71/100|[from] Sandstorm
|upkeep
|turn|11
|
|t:|1781158059
|move|p2a: Zapdos|Volt Switch|p1a: Tyranitar
|-damage|p1a: Tyranitar|88/100 par
|
|t:|1781158063
|switch|p2a: Great Tusk|Great Tusk, shiny|100/100|[from] Volt Switch
|move|p1a: Tyranitar|Ice Beam|p2a: Great Tusk
|-supereffective|p2a: Great Tusk
|-damage|p2a: Great Tusk|44/100
|
|-weather|Sandstorm|[upkeep]
|upkeep
|turn|12
|
|t:|1781158071
|move|p2a: Great Tusk|Headlong Rush|p1a: Tyranitar
|-supereffective|p1a: Tyranitar
|-damage|p1a: Tyranitar|0 fnt
|-unboost|p2a: Great Tusk|def|1
|-unboost|p2a: Great Tusk|spd|1
|faint|p1a: Tyranitar
|
|-weather|Sandstorm|[upkeep]
|upkeep
|
|t:|1781158084
|switch|p1a: Alomomola|Alomomola, F, shiny|100/100
|turn|13
|
|t:|1781158090
|-end|p2a: Great Tusk|Protosynthesis|[silent]
|switch|p2a: Ogerpon|Ogerpon-Wellspring, F|100/100
|-damage|p2a: Ogerpon|88/100|[from] Stealth Rock
|move|p1a: Alomomola|Acrobatics|p2a: Ogerpon
|-supereffective|p2a: Ogerpon
|-damage|p2a: Ogerpon|60/100
|
|-weather|Sandstorm|[upkeep]
|-damage|p2a: Ogerpon|54/100|[from] Sandstorm
|-damage|p1a: Alomomola|94/100|[from] Sandstorm
|upkeep
|turn|14
|
|t:|1781158097
|switch|p1a: Gholdengo|Gholdengo|96/100
|move|p2a: Ogerpon|Power Whip|p1a: Gholdengo
|-resisted|p1a: Gholdengo
|-crit|p1a: Gholdengo
|-damage|p1a: Gholdengo|61/100
|
|-weather|Sandstorm|[upkeep]
|-damage|p2a: Ogerpon|48/100|[from] Sandstorm
|upkeep
|turn|15
|
|t:|1781158107
|move|p2a: Ogerpon|U-turn|p1a: Gholdengo
|-resisted|p1a: Gholdengo
|-damage|p1a: Gholdengo|56/100
|
|t:|1781158110
|switch|p2a: Zapdos|Zapdos|71/100|[from] U-turn
|move|p1a: Gholdengo|Recover|p1a: Gholdengo
|-heal|p1a: Gholdengo|100/100
|
|-weather|Sandstorm|[upkeep]
|-damage|p2a: Zapdos|65/100|[from] Sandstorm
|upkeep
|turn|16
|
|t:|1781158115
|move|p2a: Zapdos|Volt Switch|p1a: Gholdengo
|-damage|p1a: Gholdengo|73/100
|
|t:|1781158117
|switch|p2a: Slowking|Slowking-Galar, M|100/100|[from] Volt Switch
|-damage|p2a: Slowking|88/100|[from] Stealth Rock
|move|p1a: Gholdengo|Hex|p2a: Slowking
|-supereffective|p2a: Slowking
|-crit|p2a: Slowking
|-damage|p2a: Slowking|45/100
|
|-weather|none
|upkeep
|turn|17
|
|t:|1781158126
|move|p1a: Gholdengo|Thunder Wave|p2a: Slowking
|-status|p2a: Slowking|par
|move|p2a: Slowking|Flamethrower|p1a: Gholdengo
|-supereffective|p1a: Gholdengo
|-damage|p1a: Gholdengo|17/100
|
|upkeep
|turn|18
|
|t:|1781158133
|switch|p2a: Zapdos|Zapdos|65/100
|move|p1a: Gholdengo|Recover|p1a: Gholdengo
|-heal|p1a: Gholdengo|67/100
|
|upkeep
|turn|19
|
|t:|1781158142
|switch|p1a: Ursaluna|Ursaluna, F|100/100
|move|p2a: Zapdos|Hurricane|p1a: Ursaluna|[miss]
|-miss|p2a: Zapdos|p1a: Ursaluna
|
|-status|p1a: Ursaluna|brn|[from] item: Flame Orb
|upkeep
|turn|20
|
|t:|1781158147
|move|p2a: Zapdos|Hurricane|p1a: Ursaluna
|-damage|p1a: Ursaluna|56/100 brn
|-start|p1a: Ursaluna|confusion
|-activate|p1a: Ursaluna|confusion
|move|p1a: Ursaluna|Facade|p2a: Zapdos
|-damage|p2a: Zapdos|0 fnt
|faint|p2a: Zapdos
|
|-damage|p1a: Ursaluna|50/100 brn|[from] brn
|upkeep
|
|t:|1781158153
|switch|p2a: Great Tusk|Great Tusk, shiny|44/100
|turn|21
|
|t:|1781158163
|switch|p1a: Alomomola|Alomomola, F, shiny|100/100
|move|p2a: Great Tusk|Stealth Rock|p1a: Alomomola
|-sidestart|p1: 18dabloons|move: Stealth Rock
|
|upkeep
|turn|22
|
|t:|1781158168
|move|p2a: Great Tusk|Rapid Spin|p1a: Alomomola
|-damage|p1a: Alomomola|92/100
|-boost|p2a: Great Tusk|spe|1
|-sideend|p2: blueisnoob|Stealth Rock|[from] move: Rapid Spin|[of] p2a: Great Tusk
|-enditem|p1a: Alomomola|Red Card|[of] p2a: Great Tusk
|-end|p2a: Great Tusk|Protosynthesis|[silent]
|drag|p2a: Zamazenta|Zamazenta|100/100
|-ability|p2a: Zamazenta|Dauntless Shield|boost
|-boost|p2a: Zamazenta|def|1
|move|p1a: Alomomola|Acrobatics|p2a: Zamazenta
|-supereffective|p2a: Zamazenta
|-damage|p2a: Zamazenta|75/100
|
|upkeep
|turn|23
|
|t:|1781158180
|switch|p2a: Kingambit|Kingambit, M|100/100 par
|-activate|p2a: Kingambit|ability: Supreme Overlord
|-start|p2a: Kingambit|fallen1|[silent]
|move|p1a: Alomomola|Wish|p1a: Alomomola
|
|upkeep
|turn|24
|
|t:|1781158185
|move|p1a: Alomomola|Flip Turn|p2a: Kingambit
|-damage|p2a: Kingambit|89/100 par
|
|t:|1781158191
|switch|p1a: Ursaluna|Ursaluna, F|50/100 brn|[from] Flip Turn
|-damage|p1a: Ursaluna|44/100 brn|[from] Stealth Rock
|move|p2a: Kingambit|Swords Dance|p2a: Kingambit
|-boost|p2a: Kingambit|atk|2
|
|-heal|p1a: Ursaluna|100/100 brn|[from] move: Wish|[wisher] Alomomola
|-heal|p2a: Kingambit|95/100 par|[from] item: Leftovers
|-damage|p1a: Ursaluna|94/100 brn|[from] brn
|upkeep
|turn|25
|
|t:|1781158207
|-terastallize|p1a: Ursaluna|Fairy
|-terastallize|p2a: Kingambit|Ghost
|move|p1a: Ursaluna|Headlong Rush|p2a: Kingambit
|-damage|p2a: Kingambit|17/100 par
|-unboost|p1a: Ursaluna|def|1
|-unboost|p1a: Ursaluna|spd|1
|move|p2a: Kingambit|Low Kick|p1a: Ursaluna
|-resisted|p1a: Ursaluna
|-damage|p1a: Ursaluna|39/100 brn
|
|-heal|p2a: Kingambit|24/100 par|[from] item: Leftovers
|-damage|p1a: Ursaluna|33/100 brn|[from] brn
|upkeep
|turn|26
|
|t:|1781158223
|move|p2a: Kingambit|Sucker Punch|p1a: Ursaluna
|-resisted|p1a: Ursaluna
|-damage|p1a: Ursaluna|0 fnt
|faint|p1a: Ursaluna
|
|-heal|p2a: Kingambit|30/100 par|[from] item: Leftovers
|upkeep
|
|t:|1781158236
|switch|p1a: Gholdengo|Gholdengo|67/100
|-damage|p1a: Gholdengo|61/100|[from] Stealth Rock
|turn|27
|
|t:|1781158238
|move|p1a: Gholdengo|Hex|p2a: Kingambit
|-supereffective|p2a: Kingambit
|-damage|p2a: Kingambit|0 fnt
|faint|p2a: Kingambit
|-end|p2a: Kingambit|fallen1|[silent]
|
|upkeep
|
|t:|1781158240
|switch|p2a: Great Tusk|Great Tusk, shiny|44/100
|turn|28
|
|t:|1781158249
|switch|p1a: Alomomola|Alomomola, F, shiny|100/100
|-damage|p1a: Alomomola|88/100|[from] Stealth Rock
|move|p2a: Great Tusk|Headlong Rush|p1a: Alomomola
|-crit|p1a: Alomomola
|-damage|p1a: Alomomola|42/100
|-unboost|p2a: Great Tusk|def|1
|-unboost|p2a: Great Tusk|spd|1
|
|upkeep
|turn|29
|
|t:|1781158266
|-end|p2a: Great Tusk|Protosynthesis|[silent]
|switch|p2a: Slowking|Slowking-Galar, M|79/100 par
|move|p1a: Alomomola|Flip Turn|p2a: Slowking
|-damage|p2a: Slowking|61/100 par
|
|t:|1781158276
|switch|p1a: Gholdengo|Gholdengo|61/100|[from] Flip Turn
|-damage|p1a: Gholdengo|55/100|[from] Stealth Rock
|
|upkeep
|turn|30
|
|t:|1781158280
|move|p1a: Gholdengo|Hex|p2a: Slowking
|-supereffective|p2a: Slowking
|-damage|p2a: Slowking|2/100 par
|move|p2a: Slowking|Flamethrower|p1a: Gholdengo
|-supereffective|p1a: Gholdengo
|-damage|p1a: Gholdengo|0 fnt
|faint|p1a: Gholdengo
|
|upkeep
|
|t:|1781158297
|switch|p1a: Excadrill|Excadrill, M|100/100
|-damage|p1a: Excadrill|97/100|[from] Stealth Rock
|-item|p1a: Excadrill|Air Balloon
|turn|31
|
|t:|1781158304
|move|p1a: Excadrill|Swords Dance|p1a: Excadrill
|-boost|p1a: Excadrill|atk|2
|move|p2a: Slowking|Flamethrower|p1a: Excadrill
|-supereffective|p1a: Excadrill
|-damage|p1a: Excadrill|22/100
|-enditem|p1a: Excadrill|Air Balloon
|
|upkeep
|turn|32
|
|t:|1781158313
|move|p1a: Excadrill|Rapid Spin|p2a: Slowking
|-damage|p2a: Slowking|0 fnt
|-boost|p1a: Excadrill|spe|1
|-sideend|p1: 18dabloons|Stealth Rock|[from] move: Rapid Spin|[of] p1a: Excadrill
|faint|p2a: Slowking
|
|upkeep
|
|t:|1781158315
|switch|p2a: Zamazenta|Zamazenta|75/100
|turn|33
|
|t:|1781158320
|move|p1a: Excadrill|Earthquake|p2a: Zamazenta
|-damage|p2a: Zamazenta|0 fnt
|faint|p2a: Zamazenta
|
|upkeep
|
|t:|1781158323
|switch|p2a: Great Tusk|Great Tusk, shiny|44/100
|turn|34
|
|t:|1781158325
|move|p1a: Excadrill|Earthquake|p2a: Great Tusk
|-damage|p2a: Great Tusk|0 fnt
|faint|p2a: Great Tusk
|-end|p2a: Great Tusk|Protosynthesis|[silent]
|
|upkeep
|
|t:|1781158326
|switch|p2a: Ogerpon|Ogerpon-Wellspring, F|48/100
|turn|35
|
|t:|1781158329
|move|p1a: Excadrill|Earthquake|p2a: Ogerpon
|-resisted|p2a: Ogerpon
|-damage|p2a: Ogerpon|0 fnt
|faint|p2a: Ogerpon
|
|win|18dabloons
|raw|18dabloons's rating: 1703 &rarr; <strong>1717</strong><br />(+14 for winning)
|raw|blueisnoob's rating: 1597 &rarr; <strong>1583</strong><br />(-14 for losing)
|l|☆18dabloons
|player|p1|
|l| pokemonlover-834
|l|☆blueisnoob
|player|p2|
