|j|☆Kogasscarf
|j|☆BlackStar150520
|t:|1781501329
|gametype|singles
|player|p1|Kogasscarf|koga|1568
|player|p2|BlackStar150520|unknown|1807
|gen|9
|tier|[Gen 9] OU
|rated|
|rule|HP Percentage Mod: HP is shown in percentages
|rule|Endless Battle Clause: Forcing endless battles is banned
|rule|Species Clause: Limit one of each Pokémon
|rule|OHKO Clause: OHKO moves are banned
|rule|Evasion Items Clause: Evasion items are banned
|rule|Evasion Moves Clause: Evasion moves are banned
|rule|Evasion Abilities Clause: Evasion abilities are banned
|rule|Sleep Moves Clause: Sleep-inducing moves are banned
|clearpoke
|poke|p1|Iron Hands|
|poke|p1|Latios, M|
|poke|p1|Kingambit, M|
|poke|p1|Gholdengo|
|poke|p1|Great Tusk|
|poke|p1|Grimmsnarl, M|
|poke|p2|Raging Bolt|
|poke|p2|Kingambit, M|
|poke|p2|Iron Moth|
|poke|p2|Ogerpon-Wellspring, F|
|poke|p2|Scizor, M|
|poke|p2|Great Tusk|
|teampreview
|inactive|Battle timer is ON: inactive players will automatically lose when time's up. (requested by BlackStar150520)
|
|t:|1781501348
|teamsize|p1|6
|teamsize|p2|6
|start
|switch|p1a: Great Tusk|Great Tusk|100/100
|switch|p2a: Red Lightning|Scizor, M|100/100
|turn|1
|
|t:|1781501372
|move|p1a: Great Tusk|Bulk Up|p1a: Great Tusk
|-boost|p1a: Great Tusk|atk|1
|-boost|p1a: Great Tusk|def|1
|move|p2a: Red Lightning|U-turn|p1a: Great Tusk
|-resisted|p1a: Great Tusk
|-damage|p1a: Great Tusk|87/100
|l|☆BlackStar150520
|inactive|BlackStar150520 disconnected and has a minute to reconnect!
|player|p2|
|j|☆BlackStar150520
|inactive|BlackStar150520 reconnected and has 135 seconds left.
|player|p2|BlackStar150520|unknown|
|
|t:|1781501393
|switch|p2a: 🎭|Ogerpon-Wellspring, F|100/100|[from] U-turn
|
|upkeep
|turn|2
|
|t:|1781501403
|move|p2a: 🎭|Knock Off|p1a: Great Tusk
|-resisted|p1a: Great Tusk
|-damage|p1a: Great Tusk|77/100
|-enditem|p1a: Great Tusk|Heavy-Duty Boots|[from] move: Knock Off|[of] p2a: 🎭
|move|p1a: Great Tusk|Close Combat|p2a: 🎭
|-damage|p2a: 🎭|0 fnt
|-unboost|p1a: Great Tusk|def|1
|-unboost|p1a: Great Tusk|spd|1
|faint|p2a: 🎭
|
|upkeep
|
|t:|1781501414
|switch|p2a: Robo Rona|Iron Moth|100/100
|-enditem|p2a: Robo Rona|Booster Energy
|-activate|p2a: Robo Rona|ability: Quark Drive|[fromitem]
|-start|p2a: Robo Rona|quarkdrivespe
|turn|3
|
|t:|1781501425
|-end|p1a: Great Tusk|Protosynthesis|[silent]
|switch|p1a: Gholdengo|Gholdengo|100/100
|move|p2a: Robo Rona|Psychic|p1a: Gholdengo
|-resisted|p1a: Gholdengo
|-damage|p1a: Gholdengo|82/100
|
|upkeep
|turn|4
|
|t:|1781501446
|switch|p1a: Grimmsnarl|Grimmsnarl, M|100/100
|move|p2a: Robo Rona|Fiery Dance|p1a: Grimmsnarl
|-damage|p1a: Grimmsnarl|72/100
|-boost|p2a: Robo Rona|spa|1
|
|upkeep
|turn|5
|
|t:|1781501454
|move|p1a: Grimmsnarl|Light Screen|p1a: Grimmsnarl
|-sidestart|p1: Kogasscarf|move: Light Screen
|move|p2a: Robo Rona|Sludge Wave|p1a: Grimmsnarl
|-supereffective|p1a: Grimmsnarl
|-damage|p1a: Grimmsnarl|17/100
|
|upkeep
|turn|6
|
|t:|1781501461
|move|p1a: Grimmsnarl|Thunder Wave|p2a: Robo Rona
|-status|p2a: Robo Rona|par
|move|p2a: Robo Rona|Fiery Dance|p1a: Grimmsnarl
|-damage|p1a: Grimmsnarl|0 fnt
|faint|p1a: Grimmsnarl
|
|upkeep
|
|t:|1781501467
|switch|p1a: Latios|Latios, M|100/100
|turn|7
|
|t:|1781501475
|move|p1a: Latios|Agility|p1a: Latios
|-boost|p1a: Latios|spe|2
|move|p2a: Robo Rona|Dazzling Gleam|p1a: Latios
|-supereffective|p1a: Latios
|-damage|p1a: Latios|61/100
|-enditem|p1a: Latios|Weakness Policy
|-boost|p1a: Latios|atk|2|[from] item: Weakness Policy
|-boost|p1a: Latios|spa|2|[from] item: Weakness Policy
|
|upkeep
|turn|8
|
|t:|1781501487
|move|p1a: Latios|Stored Power|p2a: Robo Rona
|-supereffective|p2a: Robo Rona
|-damage|p2a: Robo Rona|0 fnt
|faint|p2a: Robo Rona
|-end|p2a: Robo Rona|Quark Drive|[silent]
|
|upkeep
|
|t:|1781501493
|switch|p2a: Red Lightning|Scizor, M|100/100
|turn|9
|
|t:|1781501500
|move|p2a: Red Lightning|Bullet Punch|p1a: Latios
|-damage|p1a: Latios|0 fnt
|faint|p1a: Latios
|
|upkeep
|
|t:|1781501506
|switch|p1a: Iron Hands|Iron Hands|100/100
|turn|10
|
|t:|1781501508
|switch|p2a: Mega Donphan|Great Tusk|100/100
|move|p1a: Iron Hands|Swords Dance|p1a: Iron Hands
|-boost|p1a: Iron Hands|atk|2
|
|upkeep
|turn|11
|
|t:|1781501517
|-terastallize|p1a: Iron Hands|Flying
|move|p2a: Mega Donphan|Headlong Rush|p1a: Iron Hands
|-immune|p1a: Iron Hands
|move|p1a: Iron Hands|Ice Punch|p2a: Mega Donphan
|-supereffective|p2a: Mega Donphan
|-damage|p2a: Mega Donphan|7/100
|
|upkeep
|turn|12
|
|t:|1781501525
|move|p2a: Mega Donphan|Ice Spinner|p1a: Iron Hands
|-supereffective|p1a: Iron Hands
|-damage|p1a: Iron Hands|57/100
|move|p1a: Iron Hands|Drain Punch|p2a: Mega Donphan
|-damage|p2a: Mega Donphan|0 fnt
|-heal|p1a: Iron Hands|60/100|[from] drain|[of] p2a: Mega Donphan
|faint|p2a: Mega Donphan
|-end|p2a: Mega Donphan|Protosynthesis|[silent]
|
|-sideend|p1: Kogasscarf|move: Light Screen
|upkeep
|
|t:|1781501531
|switch|p2a: ⚡️|Raging Bolt|100/100
|turn|13
|
|t:|1781501535
|move|p2a: ⚡️|Thunderbolt|p1a: Iron Hands
|-supereffective|p1a: Iron Hands
|-damage|p1a: Iron Hands|0 fnt
|faint|p1a: Iron Hands
|-end|p1a: Iron Hands|Quark Drive|[silent]
|
|upkeep
|
|t:|1781501543
|switch|p1a: Great Tusk|Great Tusk|77/100
|turn|14
|
|t:|1781501548
|-terastallize|p2a: ⚡️|Bug
|move|p1a: Great Tusk|Earthquake|p2a: ⚡️
|-resisted|p2a: ⚡️
|-damage|p2a: ⚡️|73/100
|move|p2a: ⚡️|Dragon Pulse|p1a: Great Tusk
|-damage|p1a: Great Tusk|0 fnt
|faint|p1a: Great Tusk
|-end|p1a: Great Tusk|Protosynthesis|[silent]
|
|-heal|p2a: ⚡️|79/100|[from] item: Leftovers
|upkeep
|
|t:|1781501558
|switch|p1a: Gholdengo|Gholdengo|82/100
|turn|15
|
|t:|1781501563
|-end|p2a: ⚡️|Protosynthesis|[silent]
|switch|p2a: Red Lightning|Scizor, M|100/100
|move|p1a: Gholdengo|Make It Rain|p2a: Red Lightning
|-resisted|p2a: Red Lightning
|-damage|p2a: Red Lightning|38/100
|-unboost|p1a: Gholdengo|spa|1
|
|upkeep
|turn|16
|
|t:|1781501573
|switch|p1a: Kingambit|Kingambit, M|100/100
|-activate|p1a: Kingambit|ability: Supreme Overlord
|-start|p1a: Kingambit|fallen4|[silent]
|move|p2a: Red Lightning|U-turn|p1a: Kingambit
|-damage|p1a: Kingambit|57/100
|
|t:|1781501577
|switch|p2a: ⚡️|Raging Bolt, tera:Bug|79/100|[from] U-turn
|
|-heal|p2a: ⚡️|85/100|[from] item: Leftovers
|upkeep
|turn|17
|
|t:|1781501581
|move|p2a: ⚡️|Thunderbolt|p1a: Kingambit
|-damage|p1a: Kingambit|9/100
|move|p1a: Kingambit|Iron Head|p2a: ⚡️
|-crit|p2a: ⚡️
|-damage|p2a: ⚡️|0 fnt
|faint|p2a: ⚡️
|-end|p2a: ⚡️|Protosynthesis|[silent]
|
|upkeep
|
|t:|1781501589
|switch|p2a: Aizen🗡️|Kingambit, M, shiny|100/100
|-activate|p2a: Aizen🗡️|ability: Supreme Overlord
|-start|p2a: Aizen🗡️|fallen4|[silent]
|turn|18
|-message|Kogasscarf forfeited.
|
|win|BlackStar150520
|raw|Kogasscarf's rating: 1568 &rarr; <strong>1560</strong><br />(-8 for losing)
|raw|BlackStar150520's rating: 1807 &rarr; <strong>1815</strong><br />(+8 for winning)
|l|☆Kogasscarf
|player|p1|
|l|☆BlackStar150520
|player|p2|
