|badge|p2|bronze|gen9ou|100-9
|uhtml|medal-msg|<div class="broadcast-blue">Curious what those medals under the avatar are? PS now has Ladder Seasons! For more information, check out the <a href="https://www.smogon.com/forums/threads/3740067/">thread on Smogon.</a></div>
|j|☆rekjllj
|j|‽LT_Alt1
|t:|1781334103
|gametype|singles
|player|p1|rekjllj|169|1804
|player|p2|LT_Alt1|1|1831
|gen|9
|tier|[Gen 9] OU
|rated|
|rule|HP Percentage Mod: HP is shown in percentages
|rule|Endless Battle Clause: Forcing endless battles is banned
|rule|Species Clause: Limit one of each Pokémon
|rule|OHKO Clause: OHKO moves are banned
|rule|Evasion Items Clause: Evasion items are banned
|rule|Evasion Moves Clause: Evasion moves are banned
|rule|Evasion Abilities Clause: Evasion abilities are banned
|rule|Sleep Moves Clause: Sleep-inducing moves are banned
|clearpoke
|poke|p1|Walking Wake|
|poke|p1|Great Tusk|
|poke|p1|Ninetales, M|
|poke|p1|Cresselia, F|
|poke|p1|Zarude|
|poke|p1|Ceruledge, M|
|poke|p2|Kyurem|
|poke|p2|Raging Bolt|
|poke|p2|Hatterene, F|
|poke|p2|Slowking-Galar, F|
|poke|p2|Ting-Lu|
|poke|p2|Corviknight, F|
|teampreview
|c|☆rekjllj|hf
|inactive|Battle timer is ON: inactive players will automatically lose when time's up. (requested by rekjllj)
|
|t:|1781334118
|teamsize|p1|6
|teamsize|p2|6
|start
|switch|p1a: Great Tusk|Great Tusk|100/100
|switch|p2a: Raging Bolt|Raging Bolt|100/100
|turn|1
|j| testingrainteam1
|
|t:|1781334124
|move|p1a: Great Tusk|Headlong Rush|p2a: Raging Bolt
|-supereffective|p2a: Raging Bolt
|-crit|p2a: Raging Bolt
|-damage|p2a: Raging Bolt|0 fnt
|-unboost|p1a: Great Tusk|def|1
|-unboost|p1a: Great Tusk|spd|1
|faint|p2a: Raging Bolt
|-end|p2a: Raging Bolt|Protosynthesis|[silent]
|
|upkeep
|
|t:|1781334127
|switch|p2a: Kyurem|Kyurem|100/100
|-ability|p2a: Kyurem|Pressure
|turn|2
|
|t:|1781334133
|-terastallize|p1a: Great Tusk|Steel
|move|p2a: Kyurem|Draco Meteor|p1a: Great Tusk
|-resisted|p1a: Great Tusk
|-damage|p1a: Great Tusk|30/100
|-unboost|p2a: Kyurem|spa|2
|move|p1a: Great Tusk|Close Combat|p2a: Kyurem
|-supereffective|p2a: Kyurem
|-damage|p2a: Kyurem|0 fnt
|-unboost|p1a: Great Tusk|def|1
|-unboost|p1a: Great Tusk|spd|1
|faint|p2a: Kyurem
|
|upkeep
|
|t:|1781334140
|switch|p2a: Slowking|Slowking-Galar, F|100/100
|turn|3
|
|t:|1781334146
|move|p1a: Great Tusk|Headlong Rush|p2a: Slowking
|-supereffective|p2a: Slowking
|-enditem|p2a: Slowking|Shuca Berry|[eat]
|-enditem|p2a: Slowking|Shuca Berry|[weaken]
|-damage|p2a: Slowking|36/100
|-unboost|p1a: Great Tusk|def|1
|-unboost|p1a: Great Tusk|spd|1
|move|p2a: Slowking|Flamethrower|p1a: Great Tusk
|-supereffective|p1a: Great Tusk
|-damage|p1a: Great Tusk|0 fnt
|faint|p1a: Great Tusk
|-end|p1a: Great Tusk|Protosynthesis|[silent]
|
|upkeep
|
|t:|1781334153
|switch|p1a: Zarude|Zarude|100/100
|turn|4
|
|t:|1781334161
|switch|p2a: Corviknight|Corviknight, F|100/100
|-ability|p2a: Corviknight|Pressure
|move|p1a: Zarude|Swords Dance|p1a: Zarude
|-boost|p1a: Zarude|atk|2
|
|upkeep
|turn|5
|
|t:|1781334166
|move|p1a: Zarude|Knock Off|p2a: Corviknight
|-damage|p2a: Corviknight|40/100
|-damage|p1a: Zarude|84/100|[from] item: Rocky Helmet|[of] p2a: Corviknight
|-enditem|p2a: Corviknight|Rocky Helmet|[from] move: Knock Off|[of] p1a: Zarude
|move|p2a: Corviknight|Iron Defense|p2a: Corviknight
|-boost|p2a: Corviknight|def|2
|
|-heal|p1a: Zarude|90/100|[from] item: Leftovers
|upkeep
|turn|6
|
|t:|1781334174
|switch|p1a: Ceruledge|Ceruledge, M|100/100
|move|p2a: Corviknight|Roost|p2a: Corviknight
|-heal|p2a: Corviknight|90/100
|-singleturn|p2a: Corviknight|move: Roost
|
|upkeep
|turn|7
|
|t:|1781334180
|switch|p2a: Ting-Lu|Ting-Lu|100/100
|-ability|p2a: Ting-Lu|Vessel of Ruin
|move|p1a: Ceruledge|Swords Dance|p1a: Ceruledge
|-boost|p1a: Ceruledge|atk|2
|
|upkeep
|turn|8
|
|t:|1781334195
|move|p1a: Ceruledge|Bitter Blade|p2a: Ting-Lu
|-damage|p2a: Ting-Lu|51/100
|move|p2a: Ting-Lu|Earthquake|p1a: Ceruledge
|-supereffective|p1a: Ceruledge
|-enditem|p1a: Ceruledge|Focus Sash
|-damage|p1a: Ceruledge|1/100
|-ability|p1a: Ceruledge|Weak Armor|boost
|-unboost|p1a: Ceruledge|def|1
|-boost|p1a: Ceruledge|spe|2
|
|-heal|p2a: Ting-Lu|58/100|[from] item: Leftovers
|upkeep
|turn|9
|
|t:|1781334214
|move|p1a: Ceruledge|Bitter Blade|p2a: Ting-Lu
|-damage|p2a: Ting-Lu|11/100
|-heal|p1a: Ceruledge|42/100|[from] drain|[of] p2a: Ting-Lu
|move|p2a: Ting-Lu|Earthquake|p1a: Ceruledge
|-supereffective|p1a: Ceruledge
|-damage|p1a: Ceruledge|0 fnt
|faint|p1a: Ceruledge
|
|-heal|p2a: Ting-Lu|17/100|[from] item: Leftovers
|upkeep
|
|t:|1781334220
|switch|p1a: Zarude|Zarude|90/100
|turn|10
|
|t:|1781334226
|switch|p1a: Ninetales|Ninetales, M|100/100
|-weather|SunnyDay|[from] ability: Drought|[of] p1a: Ninetales
|switch|p2a: Corviknight|Corviknight, F|90/100
|-ability|p2a: Corviknight|Pressure
|
|-weather|SunnyDay|[upkeep]
|upkeep
|turn|11
|
|t:|1781334232
|switch|p2a: Slowking|Slowking-Galar, F|69/100
|move|p1a: Ninetales|Overheat|p2a: Slowking
|-damage|p2a: Slowking|29/100
|-unboost|p1a: Ninetales|spa|2
|
|-weather|SunnyDay|[upkeep]
|upkeep
|turn|12
|
|t:|1781334238
|switch|p1a: Zarude|Zarude|90/100
|switch|p2a: Hatterene|Hatterene, F|100/100
|
|-weather|SunnyDay|[upkeep]
|-heal|p1a: Zarude|96/100|[from] item: Leftovers
|upkeep
|turn|13
|
|t:|1781334247
|switch|p2a: Corviknight|Corviknight, F|90/100
|-ability|p2a: Corviknight|Pressure
|move|p1a: Zarude|Swords Dance|p1a: Zarude
|-boost|p1a: Zarude|atk|2
|
|-weather|SunnyDay|[upkeep]
|-heal|p1a: Zarude|100/100|[from] item: Leftovers
|upkeep
|turn|14
|
|t:|1781334254
|move|p1a: Zarude|Knock Off|p2a: Corviknight
|-damage|p2a: Corviknight|48/100
|move|p2a: Corviknight|Iron Defense|p2a: Corviknight
|-boost|p2a: Corviknight|def|2
|
|-weather|SunnyDay|[upkeep]
|upkeep
|turn|15
|
|t:|1781334261
|switch|p1a: Walking Wake|Walking Wake|100/100
|-activate|p1a: Walking Wake|ability: Protosynthesis
|-start|p1a: Walking Wake|protosynthesisspe
|move|p2a: Corviknight|Body Press|p1a: Walking Wake
|-damage|p1a: Walking Wake|53/100
|
|-weather|SunnyDay|[upkeep]
|upkeep
|turn|16
|
|t:|1781334273
|switch|p2a: Ting-Lu|Ting-Lu|17/100
|-ability|p2a: Ting-Lu|Vessel of Ruin
|move|p1a: Walking Wake|Hydro Steam|p2a: Ting-Lu
|-supereffective|p2a: Ting-Lu
|-damage|p2a: Ting-Lu|0 fnt
|faint|p2a: Ting-Lu
|
|-weather|SunnyDay|[upkeep]
|upkeep
|
|t:|1781334276
|switch|p2a: Hatterene|Hatterene, F|100/100
|turn|17
|
|t:|1781334281
|move|p1a: Walking Wake|Hydro Steam|p2a: Hatterene
|-damage|p2a: Hatterene|37/100
|move|p2a: Hatterene|Dazzling Gleam|p1a: Walking Wake
|-supereffective|p1a: Walking Wake
|-damage|p1a: Walking Wake|0 fnt
|faint|p1a: Walking Wake
|-end|p1a: Walking Wake|Protosynthesis|[silent]
|
|-weather|none
|-heal|p2a: Hatterene|42/100|[from] item: Leftovers
|upkeep
|
|t:|1781334290
|switch|p1a: Zarude|Zarude|100/100
|turn|18
|
|t:|1781334297
|switch|p2a: Corviknight|Corviknight, F|48/100
|-ability|p2a: Corviknight|Pressure
|move|p1a: Zarude|Knock Off|p2a: Corviknight
|-damage|p2a: Corviknight|26/100
|
|upkeep
|turn|19
|
|t:|1781334300
|switch|p1a: Ninetales|Ninetales, M|100/100
|-weather|SunnyDay|[from] ability: Drought|[of] p1a: Ninetales
|move|p2a: Corviknight|Roost|p2a: Corviknight
|-heal|p2a: Corviknight|77/100
|-singleturn|p2a: Corviknight|move: Roost
|
|-weather|SunnyDay|[upkeep]
|upkeep
|turn|20
|
|t:|1781334304
|switch|p2a: Slowking|Slowking-Galar, F|62/100
|move|p1a: Ninetales|Overheat|p2a: Slowking
|-damage|p2a: Slowking|19/100
|-unboost|p1a: Ninetales|spa|2
|
|-weather|SunnyDay|[upkeep]
|upkeep
|turn|21
|
|t:|1781334310
|switch|p2a: Hatterene|Hatterene, F|42/100
|move|p1a: Ninetales|Overheat|p2a: Hatterene
|-damage|p2a: Hatterene|13/100
|-unboost|p1a: Ninetales|spa|2
|
|-weather|SunnyDay|[upkeep]
|-heal|p2a: Hatterene|19/100|[from] item: Leftovers
|upkeep
|turn|22
|
|t:|1781334317
|switch|p2a: Slowking|Slowking-Galar, F|52/100
|move|p1a: Ninetales|Overheat|p2a: Slowking
|-damage|p2a: Slowking|39/100
|-unboost|p1a: Ninetales|spa|2
|
|-weather|SunnyDay|[upkeep]
|upkeep
|turn|23
|
|t:|1781334327
|switch|p1a: Zarude|Zarude|100/100
|-prepare|p2a: Slowking|Chilly Reception|[premajor]
|move|p2a: Slowking|Chilly Reception|p2a: Slowking
|-weather|Snowscape
|
|t:|1781334330
|switch|p2a: Corviknight|Corviknight, F|77/100|[from] Chilly Reception
|-ability|p2a: Corviknight|Pressure
|
|-weather|Snowscape|[upkeep]
|upkeep
|turn|24
|
|t:|1781334334
|switch|p1a: Cresselia|Cresselia, F|100/100
|move|p2a: Corviknight|Iron Defense|p2a: Corviknight
|-boost|p2a: Corviknight|def|2
|
|-weather|Snowscape|[upkeep]
|upkeep
|turn|25
|
|t:|1781334337
|move|p1a: Cresselia|Thunder Wave|p2a: Corviknight
|-status|p2a: Corviknight|par
|move|p2a: Corviknight|Iron Defense|p2a: Corviknight
|-boost|p2a: Corviknight|def|2
|
|-weather|Snowscape|[upkeep]
|upkeep
|turn|26
|
|t:|1781334341
|move|p1a: Cresselia|Psychic|p2a: Corviknight
|-resisted|p2a: Corviknight
|-damage|p2a: Corviknight|65/100 par
|cant|p2a: Corviknight|par
|
|-weather|Snowscape|[upkeep]
|upkeep
|turn|27
|
|t:|1781334348
|move|p1a: Cresselia|Psychic|p2a: Corviknight
|-resisted|p2a: Corviknight
|-damage|p2a: Corviknight|54/100 par
|move|p2a: Corviknight|Roost|p2a: Corviknight
|-heal|p2a: Corviknight|100/100 par
|-singleturn|p2a: Corviknight|move: Roost
|
|-weather|none
|upkeep
|turn|28
|
|t:|1781334354
|move|p1a: Cresselia|Psychic|p2a: Corviknight
|-resisted|p2a: Corviknight
|-damage|p2a: Corviknight|88/100 par
|move|p2a: Corviknight|Iron Defense|p2a: Corviknight
|-boost|p2a: Corviknight|def|2
|
|upkeep
|turn|29
|
|t:|1781334358
|move|p1a: Cresselia|Psychic|p2a: Corviknight
|-resisted|p2a: Corviknight
|-damage|p2a: Corviknight|76/100 par
|move|p2a: Corviknight|Body Press|p1a: Cresselia
|-resisted|p1a: Cresselia
|-crit|p1a: Cresselia
|-damage|p1a: Cresselia|56/100
|-enditem|p1a: Cresselia|Eject Button
|
|t:|1781334362
|switch|p1a: Ninetales|Ninetales, M|100/100
|-weather|SunnyDay|[from] ability: Drought|[of] p1a: Ninetales
|
|-weather|SunnyDay|[upkeep]
|upkeep
|turn|30
|
|t:|1781334365
|switch|p1a: Cresselia|Cresselia, F|56/100
|switch|p2a: Slowking|Slowking-Galar, F|72/100
|
|-weather|SunnyDay|[upkeep]
|upkeep
|turn|31
|
|t:|1781334371
|move|p1a: Cresselia|Moonlight|p1a: Cresselia
|-heal|p1a: Cresselia|100/100
|-prepare|p2a: Slowking|Chilly Reception|[premajor]
|move|p2a: Slowking|Chilly Reception|p2a: Slowking
|-weather|Snowscape
|
|t:|1781334375
|switch|p2a: Hatterene|Hatterene, F|19/100|[from] Chilly Reception
|
|-weather|Snowscape|[upkeep]
|-heal|p2a: Hatterene|25/100|[from] item: Leftovers
|upkeep
|turn|32
|
|t:|1781334381
|move|p1a: Cresselia|Psychic|p2a: Hatterene
|-resisted|p2a: Hatterene
|-damage|p2a: Hatterene|12/100
|move|p2a: Hatterene|Pain Split|p1a: Cresselia
|-sethp|p1a: Cresselia|54/100|[from] move: Pain Split|[silent]
|-sethp|p2a: Hatterene|84/100|[from] move: Pain Split
|
|-weather|Snowscape|[upkeep]
|-heal|p2a: Hatterene|90/100|[from] item: Leftovers
|upkeep
|turn|33
|
|t:|1781334388
|move|p1a: Cresselia|Moonlight|p1a: Cresselia
|-heal|p1a: Cresselia|79/100
|move|p2a: Hatterene|Nuzzle|p1a: Cresselia
|-damage|p1a: Cresselia|77/100
|-status|p1a: Cresselia|par
|
|-weather|Snowscape|[upkeep]
|-heal|p2a: Hatterene|96/100|[from] item: Leftovers
|upkeep
|turn|34
|
|t:|1781334393
|move|p1a: Cresselia|Moonlight|p1a: Cresselia
|-heal|p1a: Cresselia|100/100 par
|move|p2a: Hatterene|Dazzling Gleam|p1a: Cresselia
|-damage|p1a: Cresselia|79/100 par
|
|-weather|Snowscape|[upkeep]
|-heal|p2a: Hatterene|100/100|[from] item: Leftovers
|upkeep
|turn|35
|
|t:|1781334398
|cant|p1a: Cresselia|par
|move|p2a: Hatterene|Dazzling Gleam|p1a: Cresselia
|-damage|p1a: Cresselia|58/100 par
|
|-weather|none
|upkeep
|turn|36
|
|t:|1781334402
|move|p1a: Cresselia|Moonlight|p1a: Cresselia
|-heal|p1a: Cresselia|100/100 par
|move|p2a: Hatterene|Psyshock|p1a: Cresselia
|-resisted|p1a: Cresselia
|-damage|p1a: Cresselia|90/100 par
|
|upkeep
|turn|37
|
|t:|1781334407
|move|p1a: Cresselia|Psychic|p2a: Hatterene
|-resisted|p2a: Hatterene
|-damage|p2a: Hatterene|88/100
|move|p2a: Hatterene|Psyshock|p1a: Cresselia
|-resisted|p1a: Cresselia
|-damage|p1a: Cresselia|80/100 par
|
|-heal|p2a: Hatterene|94/100|[from] item: Leftovers
|upkeep
|turn|38
|
|t:|1781334412
|move|p1a: Cresselia|Psychic|p2a: Hatterene
|-resisted|p2a: Hatterene
|-damage|p2a: Hatterene|83/100
|-unboost|p2a: Hatterene|spd|1
|move|p2a: Hatterene|Dazzling Gleam|p1a: Cresselia
|-damage|p1a: Cresselia|59/100 par
|
|-heal|p2a: Hatterene|89/100|[from] item: Leftovers
|upkeep
|turn|39
|
|t:|1781334417
|switch|p2a: Slowking|Slowking-Galar, F|100/100
|move|p1a: Cresselia|Moonlight|p1a: Cresselia
|-heal|p1a: Cresselia|100/100 par
|
|upkeep
|turn|40
|
|t:|1781334423
|switch|p2a: Hatterene|Hatterene, F|89/100
|move|p1a: Cresselia|Thunder Wave|p2a: Hatterene
|move|p2a: Hatterene|Thunder Wave|p1a: Cresselia|[from] ability: Magic Bounce
|-fail|p1a: Cresselia|par
|
|-heal|p2a: Hatterene|95/100|[from] item: Leftovers
|upkeep
|turn|41
|
|t:|1781334427
|move|p1a: Cresselia|Psychic|p2a: Hatterene
|-resisted|p2a: Hatterene
|-damage|p2a: Hatterene|84/100
|move|p2a: Hatterene|Psyshock|p1a: Cresselia
|-resisted|p1a: Cresselia
|-damage|p1a: Cresselia|90/100 par
|
|-heal|p2a: Hatterene|90/100|[from] item: Leftovers
|upkeep
|turn|42
|
|t:|1781334432
|move|p1a: Cresselia|Psychic|p2a: Hatterene
|-resisted|p2a: Hatterene
|-damage|p2a: Hatterene|77/100
|move|p2a: Hatterene|Psyshock|p1a: Cresselia
|-resisted|p1a: Cresselia
|-damage|p1a: Cresselia|80/100 par
|
|-heal|p2a: Hatterene|83/100|[from] item: Leftovers
|upkeep
|turn|43
|
|t:|1781334437
|move|p1a: Cresselia|Psychic|p2a: Hatterene
|-resisted|p2a: Hatterene
|-damage|p2a: Hatterene|72/100
|move|p2a: Hatterene|Dazzling Gleam|p1a: Cresselia
|-damage|p1a: Cresselia|59/100 par
|
|-heal|p2a: Hatterene|78/100|[from] item: Leftovers
|upkeep
|turn|44
|
|t:|1781334442
|move|p1a: Cresselia|Moonlight|p1a: Cresselia
|-heal|p1a: Cresselia|100/100 par
|move|p2a: Hatterene|Dazzling Gleam|p1a: Cresselia
|-damage|p1a: Cresselia|82/100 par
|
|-heal|p2a: Hatterene|84/100|[from] item: Leftovers
|upkeep
|turn|45
|
|t:|1781334446
|move|p1a: Cresselia|Psychic|p2a: Hatterene
|-resisted|p2a: Hatterene
|-damage|p2a: Hatterene|73/100
|move|p2a: Hatterene|Pain Split|p1a: Cresselia
|-sethp|p1a: Cresselia|64/100 par|[from] move: Pain Split|[silent]
|-sethp|p2a: Hatterene|99/100|[from] move: Pain Split
|
|-heal|p2a: Hatterene|100/100|[from] item: Leftovers
|upkeep
|turn|46
|
|t:|1781334452
|cant|p1a: Cresselia|par
|move|p2a: Hatterene|Psyshock|p1a: Cresselia
|-resisted|p1a: Cresselia
|-damage|p1a: Cresselia|54/100 par
|
|upkeep
|turn|47
|
|t:|1781334456
|cant|p1a: Cresselia|par
|move|p2a: Hatterene|Pain Split|p1a: Cresselia
|-sethp|p1a: Cresselia|60/100 par|[from] move: Pain Split|[silent]
|-sethp|p2a: Hatterene|92/100|[from] move: Pain Split
|
|-heal|p2a: Hatterene|98/100|[from] item: Leftovers
|upkeep
|turn|48
|
|t:|1781334461
|move|p1a: Cresselia|Moonlight|p1a: Cresselia
|-heal|p1a: Cresselia|100/100 par
|move|p2a: Hatterene|Psyshock|p1a: Cresselia
|-resisted|p1a: Cresselia
|-damage|p1a: Cresselia|90/100 par
|
|-heal|p2a: Hatterene|100/100|[from] item: Leftovers
|upkeep
|turn|49
|
|t:|1781334465
|cant|p1a: Cresselia|par
|move|p2a: Hatterene|Pain Split|p1a: Cresselia
|-sethp|p1a: Cresselia|77/100 par|[from] move: Pain Split|[silent]
|-sethp|p2a: Hatterene|100/100|[from] move: Pain Split
|
|upkeep
|turn|50
|
|t:|1781334471
|move|p1a: Cresselia|Lunar Dance|p1a: Cresselia
|faint|p1a: Cresselia
|move|p2a: Hatterene|Dazzling Gleam|p1: Cresselia|[notarget]
|-fail|p2a: Hatterene
|
|upkeep
|
|t:|1781334474
|switch|p1a: Ninetales|Ninetales, M|100/100
|-heal|p1a: Ninetales|100/100|[from] move: Lunar Dance
|-weather|SunnyDay|[from] ability: Drought|[of] p1a: Ninetales
|turn|51
|
|t:|1781334484
|switch|p1a: Zarude|Zarude|100/100
|move|p2a: Hatterene|Pain Split|p1a: Zarude
|-sethp|p1a: Zarude|90/100|[from] move: Pain Split|[silent]
|-sethp|p2a: Hatterene|100/100|[from] move: Pain Split
|
|-weather|SunnyDay|[upkeep]
|-heal|p1a: Zarude|96/100|[from] item: Leftovers
|upkeep
|turn|52
|
|t:|1781334492
|move|p1a: Zarude|Swords Dance|p1a: Zarude
|-boost|p1a: Zarude|atk|2
|move|p2a: Hatterene|Dazzling Gleam|p1a: Zarude
|-supereffective|p1a: Zarude
|-damage|p1a: Zarude|26/100
|
|-weather|SunnyDay|[upkeep]
|-heal|p1a: Zarude|32/100|[from] item: Leftovers
|upkeep
|turn|53
|
|t:|1781334496
|move|p1a: Zarude|Synthesis|p1a: Zarude
|-heal|p1a: Zarude|98/100
|move|p2a: Hatterene|Dazzling Gleam|p1a: Zarude
|-supereffective|p1a: Zarude
|-damage|p1a: Zarude|28/100
|
|-weather|SunnyDay|[upkeep]
|-heal|p1a: Zarude|34/100|[from] item: Leftovers
|upkeep
|turn|54
|
|t:|1781334501
|move|p1a: Zarude|Synthesis|p1a: Zarude
|-heal|p1a: Zarude|99/100
|move|p2a: Hatterene|Dazzling Gleam|p1a: Zarude
|-supereffective|p1a: Zarude
|-damage|p1a: Zarude|36/100
|
|-weather|SunnyDay|[upkeep]
|-heal|p1a: Zarude|42/100|[from] item: Leftovers
|upkeep
|turn|55
|
|t:|1781334505
|move|p1a: Zarude|Synthesis|p1a: Zarude
|-heal|p1a: Zarude|100/100
|move|p2a: Hatterene|Dazzling Gleam|p1a: Zarude
|-supereffective|p1a: Zarude
|-damage|p1a: Zarude|29/100
|
|-weather|SunnyDay|[upkeep]
|-heal|p1a: Zarude|35/100|[from] item: Leftovers
|upkeep
|turn|56
|
|t:|1781334509
|move|p1a: Zarude|Synthesis|p1a: Zarude
|-heal|p1a: Zarude|100/100
|move|p2a: Hatterene|Dazzling Gleam|p1a: Zarude
|-supereffective|p1a: Zarude
|-damage|p1a: Zarude|31/100
|
|-weather|SunnyDay|[upkeep]
|-heal|p1a: Zarude|38/100|[from] item: Leftovers
|upkeep
|turn|57
|
|t:|1781334513
|move|p1a: Zarude|Synthesis|p1a: Zarude
|-heal|p1a: Zarude|100/100
|move|p2a: Hatterene|Dazzling Gleam|p1a: Zarude
|-supereffective|p1a: Zarude
|-damage|p1a: Zarude|36/100
|
|-weather|SunnyDay|[upkeep]
|-heal|p1a: Zarude|43/100|[from] item: Leftovers
|upkeep
|turn|58
|
|t:|1781334517
|move|p1a: Zarude|Synthesis|p1a: Zarude
|-heal|p1a: Zarude|100/100
|move|p2a: Hatterene|Dazzling Gleam|p1a: Zarude
|-supereffective|p1a: Zarude
|-damage|p1a: Zarude|34/100
|
|-weather|none
|-heal|p1a: Zarude|40/100|[from] item: Leftovers
|upkeep
|turn|59
|
|t:|1781334521
|move|p1a: Zarude|Synthesis|p1a: Zarude
|-heal|p1a: Zarude|90/100
|move|p2a: Hatterene|Dazzling Gleam|p1a: Zarude
|-supereffective|p1a: Zarude
|-damage|p1a: Zarude|18/100
|
|-heal|p1a: Zarude|24/100|[from] item: Leftovers
|upkeep
|turn|60
|
|t:|1781334525
|move|p1a: Zarude|Synthesis|p1a: Zarude
|-heal|p1a: Zarude|74/100
|move|p2a: Hatterene|Dazzling Gleam|p1a: Zarude
|-supereffective|p1a: Zarude
|-damage|p1a: Zarude|5/100
|
|-heal|p1a: Zarude|11/100|[from] item: Leftovers
|upkeep
|turn|61
|
|t:|1781334531
|move|p1a: Zarude|Knock Off|p2a: Hatterene
|-damage|p2a: Hatterene|11/100
|-enditem|p2a: Hatterene|Leftovers|[from] move: Knock Off|[of] p1a: Zarude
|move|p2a: Hatterene|Nuzzle|p1a: Zarude
|-resisted|p1a: Zarude
|-damage|p1a: Zarude|9/100
|-status|p1a: Zarude|par
|
|-heal|p1a: Zarude|16/100 par|[from] item: Leftovers
|upkeep
|turn|62
|
|t:|1781334544
|switch|p2a: Corviknight|Corviknight, F|76/100 par
|-ability|p2a: Corviknight|Pressure
|move|p1a: Zarude|Knock Off|p2a: Corviknight
|-damage|p2a: Corviknight|29/100 par
|
|-heal|p1a: Zarude|22/100 par|[from] item: Leftovers
|upkeep
|turn|63
|
|t:|1781334549
|cant|p1a: Zarude|par
|move|p2a: Corviknight|Body Press|p1a: Zarude
|-supereffective|p1a: Zarude
|-crit|p1a: Zarude
|-damage|p1a: Zarude|0 fnt
|faint|p1a: Zarude
|
|upkeep
|
|t:|1781334552
|switch|p1a: Ninetales|Ninetales, M|100/100
|-weather|SunnyDay|[from] ability: Drought|[of] p1a: Ninetales
|turn|64
|
|t:|1781334557
|move|p1a: Ninetales|Will-O-Wisp||[still]
|-fail|p1a: Ninetales
|move|p2a: Corviknight|Body Press|p1a: Ninetales
|-damage|p1a: Ninetales|71/100
|
|-weather|SunnyDay|[upkeep]
|upkeep
|turn|65
|
|t:|1781334560
|move|p1a: Ninetales|Will-O-Wisp||[still]
|-fail|p1a: Ninetales
|move|p2a: Corviknight|Body Press|p1a: Ninetales
|-damage|p1a: Ninetales|42/100
|
|-weather|SunnyDay|[upkeep]
|upkeep
|turn|66
|
|t:|1781334564
|move|p1a: Ninetales|Encore|p2a: Corviknight
|-start|p2a: Corviknight|Encore
|cant|p2a: Corviknight|par
|
|-weather|SunnyDay|[upkeep]
|upkeep
|turn|67
|
|t:|1781334567
|move|p1a: Ninetales|Encore||[still]
|-fail|p1a: Ninetales
|move|p2a: Corviknight|Body Press|p1a: Ninetales
|-damage|p1a: Ninetales|10/100
|
|-weather|SunnyDay|[upkeep]
|upkeep
|turn|68
|
|t:|1781334571
|move|p1a: Ninetales|Overheat|p2a: Corviknight
|-supereffective|p2a: Corviknight
|-damage|p2a: Corviknight|0 fnt
|-unboost|p1a: Ninetales|spa|2
|faint|p2a: Corviknight
|
|-weather|SunnyDay|[upkeep]
|upkeep
|
|t:|1781334578
|switch|p2a: Slowking|Slowking-Galar, F|100/100
|turn|69
|
|t:|1781334587
|move|p1a: Ninetales|Encore||[still]
|-fail|p1a: Ninetales
|move|p2a: Slowking|Sludge Bomb|p1a: Ninetales
|-damage|p1a: Ninetales|0 fnt
|faint|p1a: Ninetales
|
|win|LT_Alt1
|raw|rekjllj's rating: 1804 &rarr; <strong>1786</strong><br />(-18 for losing)
|raw|LT_Alt1's rating: 1831 &rarr; <strong>1849</strong><br />(+18 for winning)
|c|☆rekjllj|gg
|l|☆rekjllj
|player|p1|
|l| testingrainteam1
