|j|☆SparklingOperetta
|j|☆moodrandom
|t:|1781558917
|gametype|singles
|player|p1|SparklingOperetta|parasollady|1632
|player|p2|moodrandom|thorton|1699
|gen|9
|tier|[Gen 9] OU
|rated|
|rule|HP Percentage Mod: HP is shown in percentages
|rule|Endless Battle Clause: Forcing endless battles is banned
|rule|Species Clause: Limit one of each Pokémon
|rule|OHKO Clause: OHKO moves are banned
|rule|Evasion Items Clause: Evasion items are banned
|rule|Evasion Moves Clause: Evasion moves are banned
|rule|Evasion Abilities Clause: Evasion abilities are banned
|rule|Sleep Moves Clause: Sleep-inducing moves are banned
|clearpoke
|poke|p1|Hoopa-Unbound|
|poke|p1|Pecharunt|
|poke|p1|Landorus-Therian, M|
|poke|p1|Cinderace, M|
|poke|p1|Alomomola, M|
|poke|p1|Iron Valiant|
|poke|p2|Ninetales-Alola, F|
|poke|p2|Maushold|
|poke|p2|Darkrai|
|poke|p2|Scizor, F|
|poke|p2|Gliscor, M|
|poke|p2|Hatterene, F|
|teampreview
|
|t:|1781558965
|teamsize|p1|6
|teamsize|p2|6
|start
|switch|p1a: Hoopa|Hoopa-Unbound|100/100
|switch|p2a: Darkrai|Darkrai|100/100
|turn|1
|
|t:|1781558973
|switch|p2a: Hatterene|Hatterene, F|100/100
|move|p1a: Hoopa|Drain Punch|p2a: Hatterene
|-resisted|p2a: Hatterene
|-damage|p2a: Hatterene|91/100
|
|-heal|p2a: Hatterene|97/100|[from] item: Leftovers
|upkeep
|turn|2
|
|t:|1781558988
|switch|p1a: Alomomola|Alomomola, M, shiny|100/100
|move|p2a: Hatterene|Draining Kiss|p1a: Alomomola
|-damage|p1a: Alomomola|90/100
|-heal|p2a: Hatterene|100/100|[from] drain|[of] p1a: Alomomola
|
|upkeep
|turn|3
|
|t:|1781558995
|switch|p2a: Darkrai|Darkrai|100/100
|move|p1a: Alomomola|Mirror Coat||[still]
|-fail|p1a: Alomomola
|
|upkeep
|turn|4
|
|t:|1781559000
|move|p2a: Darkrai|Nasty Plot|p2a: Darkrai
|-boost|p2a: Darkrai|spa|2
|move|p1a: Alomomola|Flip Turn|p2a: Darkrai
|-damage|p2a: Darkrai|80/100
|
|t:|1781559009
|switch|p1a: Landorus|Landorus-Therian, M, shiny|100/100|[from] Flip Turn
|-ability|p1a: Landorus|Intimidate|boost
|-unboost|p2a: Darkrai|atk|1
|
|-heal|p2a: Darkrai|86/100|[from] item: Leftovers
|upkeep
|turn|5
|
|t:|1781559016
|switch|p2a: Gliscor|Gliscor, M|100/100
|-terastallize|p1a: Landorus|Ground
|move|p1a: Landorus|Earthquake|p2a: Gliscor
|-immune|p2a: Gliscor
|
|-status|p2a: Gliscor|tox|[from] item: Toxic Orb
|upkeep
|turn|6
|
|t:|1781559032
|switch|p1a: Alomomola|Alomomola, M, shiny|100/100
|move|p2a: Gliscor|Agility|p2a: Gliscor
|-boost|p2a: Gliscor|spe|2
|
|upkeep
|turn|7
|
|t:|1781559036
|move|p2a: Gliscor|Swords Dance|p2a: Gliscor
|-boost|p2a: Gliscor|atk|2
|move|p1a: Alomomola|Flip Turn|p2a: Gliscor
|-supereffective|p2a: Gliscor
|-damage|p2a: Gliscor|74/100 tox
|inactive|Battle timer is ON: inactive players will automatically lose when time's up. (requested by moodrandom)
|
|t:|1781559077
|switch|p1a: Iron Valiant|Iron Valiant, shiny|100/100|[from] Flip Turn
|
|-heal|p2a: Gliscor|87/100 tox|[from] ability: Poison Heal
|upkeep
|turn|8
|
|t:|1781559082
|-terastallize|p2a: Gliscor|Normal
|move|p2a: Gliscor|Facade|p1a: Iron Valiant
|-damage|p1a: Iron Valiant|0 fnt
|faint|p1a: Iron Valiant
|-end|p1a: Iron Valiant|Quark Drive|[silent]
|
|-heal|p2a: Gliscor|99/100 tox|[from] ability: Poison Heal
|upkeep
|
|t:|1781559090
|switch|p1a: Landorus|Landorus-Therian, M, shiny, tera:Ground|100/100
|-ability|p1a: Landorus|Intimidate|boost
|-unboost|p2a: Gliscor|atk|1
|turn|9
|
|t:|1781559095
|move|p2a: Gliscor|Facade|p1a: Landorus
|-damage|p1a: Landorus|13/100
|move|p1a: Landorus|Earthquake|p2a: Gliscor
|-damage|p2a: Gliscor|43/100 tox
|
|-heal|p2a: Gliscor|55/100 tox|[from] ability: Poison Heal
|upkeep
|turn|10
|
|t:|1781559100
|move|p2a: Gliscor|Facade|p1a: Landorus
|-damage|p1a: Landorus|0 fnt
|faint|p1a: Landorus
|
|-heal|p2a: Gliscor|68/100 tox|[from] ability: Poison Heal
|upkeep
|
|t:|1781559107
|switch|p1a: Cinderace|Cinderace, M, shiny|100/100
|turn|11
|
|t:|1781559118
|move|p2a: Gliscor|Earthquake|p1a: Cinderace
|-supereffective|p1a: Cinderace
|-damage|p1a: Cinderace|0 fnt
|faint|p1a: Cinderace
|
|-heal|p2a: Gliscor|80/100 tox|[from] ability: Poison Heal
|upkeep
|-message|SparklingOperetta forfeited.
|
|win|moodrandom
|raw|SparklingOperetta's rating: 1632 &rarr; <strong>1616</strong><br />(-16 for losing)
|raw|moodrandom's rating: 1699 &rarr; <strong>1715</strong><br />(+16 for winning)
|l|☆SparklingOperetta
|player|p1|
|j| ihtimylm
|l| ihtimylm
|j| ATulk
|l|☆moodrandom
|player|p2|
|j|☆moodrandom
|player|p2|moodrandom|thorton|
|l| ATulk
