|j|☆ohlookarock3
|j|☆KurisuChestnutOU
|t:|1781138331
|gametype|singles
|player|p1|ohlookarock3|geeta|1604
|player|p2|KurisuChestnutOU|may-contest|1590
|gen|9
|tier|[Gen 9] OU
|rated|
|rule|HP Percentage Mod: HP is shown in percentages
|rule|Endless Battle Clause: Forcing endless battles is banned
|rule|Species Clause: Limit one of each Pokémon
|rule|OHKO Clause: OHKO moves are banned
|rule|Evasion Items Clause: Evasion items are banned
|rule|Evasion Moves Clause: Evasion moves are banned
|rule|Evasion Abilities Clause: Evasion abilities are banned
|rule|Sleep Moves Clause: Sleep-inducing moves are banned
|clearpoke
|poke|p1|Araquanid, F|
|poke|p1|Dragonite, F|
|poke|p1|Gholdengo|
|poke|p1|Iron Moth|
|poke|p1|Iron Valiant|
|poke|p1|Iron Treads|
|poke|p2|Kingambit, F|
|poke|p2|Kommo-o, M|
|poke|p2|Iron Valiant|
|poke|p2|Kyurem|
|poke|p2|Iron Treads|
|poke|p2|Iron Crown|
|teampreview
|inactive|Battle timer is ON: inactive players will automatically lose when time's up. (requested by ohlookarock3)
|
|t:|1781138335
|teamsize|p1|6
|teamsize|p2|6
|start
|switch|p1a: Yumame|Araquanid, F, shiny|100/100
|switch|p2a: Kommo-o|Kommo-o, M|100/100
|turn|1
|inactive|KurisuChestnutOU also wants the timer to be on.
|
|t:|1781138340
|move|p2a: Kommo-o|Clangorous Soul|p2a: Kommo-o
|-boost|p2a: Kommo-o|atk|1
|-boost|p2a: Kommo-o|def|1
|-boost|p2a: Kommo-o|spa|1
|-boost|p2a: Kommo-o|spd|1
|-boost|p2a: Kommo-o|spe|1
|-damage|p2a: Kommo-o|68/100
|move|p1a: Yumame|Sticky Web|p2a: Kommo-o
|-sidestart|p2: KurisuChestnutOU|move: Sticky Web
|
|-heal|p2a: Kommo-o|74/100|[from] item: Leftovers
|upkeep
|turn|2
|
|t:|1781138344
|move|p2a: Kommo-o|Clangorous Soul|p2a: Kommo-o
|-boost|p2a: Kommo-o|atk|1
|-boost|p2a: Kommo-o|def|1
|-boost|p2a: Kommo-o|spa|1
|-boost|p2a: Kommo-o|spd|1
|-boost|p2a: Kommo-o|spe|1
|-damage|p2a: Kommo-o|41/100
|move|p1a: Yumame|Lunge|p2a: Kommo-o
|-resisted|p2a: Kommo-o
|-damage|p2a: Kommo-o|37/100
|-unboost|p2a: Kommo-o|atk|1
|
|-heal|p2a: Kommo-o|43/100|[from] item: Leftovers
|upkeep
|turn|3
|
|t:|1781138348
|move|p2a: Kommo-o|Substitute|p2a: Kommo-o
|-start|p2a: Kommo-o|Substitute
|-damage|p2a: Kommo-o|18/100
|move|p1a: Yumame|Lunge|p2a: Kommo-o
|-resisted|p2a: Kommo-o
|-activate|p2a: Kommo-o|move: Substitute|[damage]
|
|-heal|p2a: Kommo-o|24/100|[from] item: Leftovers
|upkeep
|turn|4
|
|t:|1781138353
|move|p2a: Kommo-o|Shadow Claw|p1a: Yumame
|-damage|p1a: Yumame|81/100
|move|p1a: Yumame|Liquidation|p2a: Kommo-o
|-resisted|p2a: Kommo-o
|-activate|p2a: Kommo-o|move: Substitute|[damage]
|
|-heal|p2a: Kommo-o|31/100|[from] item: Leftovers
|upkeep
|turn|5
|
|t:|1781138359
|move|p2a: Kommo-o|Drain Punch|p1a: Yumame
|-resisted|p1a: Yumame
|-damage|p1a: Yumame|63/100
|-heal|p2a: Kommo-o|39/100|[from] drain|[of] p1a: Yumame
|move|p1a: Yumame|Liquidation|p2a: Kommo-o
|-resisted|p2a: Kommo-o
|-activate|p2a: Kommo-o|move: Substitute|[damage]
|
|-heal|p2a: Kommo-o|45/100|[from] item: Leftovers
|upkeep
|turn|6
|
|t:|1781138363
|move|p2a: Kommo-o|Clangorous Soul|p2a: Kommo-o
|-boost|p2a: Kommo-o|atk|1
|-boost|p2a: Kommo-o|def|1
|-boost|p2a: Kommo-o|spa|1
|-boost|p2a: Kommo-o|spd|1
|-boost|p2a: Kommo-o|spe|1
|-damage|p2a: Kommo-o|12/100
|move|p1a: Yumame|Liquidation|p2a: Kommo-o
|-resisted|p2a: Kommo-o
|-end|p2a: Kommo-o|Substitute
|
|-heal|p2a: Kommo-o|19/100|[from] item: Leftovers
|upkeep
|turn|7
|
|t:|1781138371
|move|p2a: Kommo-o|Drain Punch|p1a: Yumame
|-resisted|p1a: Yumame
|-damage|p1a: Yumame|41/100
|-heal|p2a: Kommo-o|29/100|[from] drain|[of] p1a: Yumame
|move|p1a: Yumame|Liquidation|p2a: Kommo-o
|-resisted|p2a: Kommo-o
|-damage|p2a: Kommo-o|22/100
|
|-heal|p2a: Kommo-o|29/100|[from] item: Leftovers
|upkeep
|turn|8
|
|t:|1781138377
|move|p2a: Kommo-o|Substitute|p2a: Kommo-o
|-start|p2a: Kommo-o|Substitute
|-damage|p2a: Kommo-o|4/100
|move|p1a: Yumame|Liquidation|p2a: Kommo-o
|-resisted|p2a: Kommo-o
|-activate|p2a: Kommo-o|move: Substitute|[damage]
|
|-heal|p2a: Kommo-o|10/100|[from] item: Leftovers
|upkeep
|turn|9
|
|t:|1781138384
|move|p2a: Kommo-o|Shadow Claw|p1a: Yumame
|-damage|p1a: Yumame|12/100
|move|p1a: Yumame|Liquidation|p2a: Kommo-o
|-resisted|p2a: Kommo-o
|-activate|p2a: Kommo-o|move: Substitute|[damage]
|
|-heal|p2a: Kommo-o|16/100|[from] item: Leftovers
|upkeep
|turn|10
|
|t:|1781138395
|move|p2a: Kommo-o|Drain Punch|p1a: Yumame
|-resisted|p1a: Yumame
|-damage|p1a: Yumame|0 fnt
|-heal|p2a: Kommo-o|22/100|[from] drain|[of] p1a: Yumame
|faint|p1a: Yumame
|
|-heal|p2a: Kommo-o|28/100|[from] item: Leftovers
|upkeep
|inactive|ohlookarock3 has 120 seconds left.
|
|t:|1781138449
|switch|p1a: Byakuren|Dragonite, F|100/100
|turn|11
|
|t:|1781138453
|move|p2a: Kommo-o|Drain Punch|p1a: Byakuren
|-resisted|p1a: Byakuren
|-damage|p1a: Byakuren|85/100
|-heal|p2a: Kommo-o|35/100|[from] drain|[of] p1a: Byakuren
|move|p1a: Byakuren|Outrage|p2a: Kommo-o
|-supereffective|p2a: Kommo-o
|-end|p2a: Kommo-o|Substitute
|
|-heal|p2a: Kommo-o|41/100|[from] item: Leftovers
|upkeep
|turn|12
|
|t:|1781138458
|-terastallize|p2a: Kommo-o|Ghost
|move|p2a: Kommo-o|Shadow Claw|p1a: Byakuren
|-crit|p1a: Byakuren
|-damage|p1a: Byakuren|1/100
|move|p1a: Byakuren|Outrage|p2a: Kommo-o|[from] lockedmove
|-damage|p2a: Kommo-o|18/100
|
|-heal|p2a: Kommo-o|24/100|[from] item: Leftovers
|upkeep
|turn|13
|
|t:|1781138463
|move|p2a: Kommo-o|Drain Punch|p1a: Byakuren
|-resisted|p1a: Byakuren
|-damage|p1a: Byakuren|0 fnt
|-heal|p2a: Kommo-o|25/100|[from] drain|[of] p1a: Byakuren
|faint|p1a: Byakuren
|
|-heal|p2a: Kommo-o|31/100|[from] item: Leftovers
|upkeep
|
|t:|1781138474
|switch|p1a: Sumireko|Iron Moth|100/100
|-enditem|p1a: Sumireko|Booster Energy
|-activate|p1a: Sumireko|ability: Quark Drive|[fromitem]
|-start|p1a: Sumireko|quarkdrivespa
|turn|14
|
|t:|1781138480
|move|p2a: Kommo-o|Drain Punch|p1a: Sumireko
|-resisted|p1a: Sumireko
|-damage|p1a: Sumireko|63/100
|-heal|p2a: Kommo-o|47/100|[from] drain|[of] p1a: Sumireko
|move|p1a: Sumireko|Fiery Dance|p2a: Kommo-o
|-damage|p2a: Kommo-o|26/100
|-boost|p1a: Sumireko|spa|1
|
|-heal|p2a: Kommo-o|32/100|[from] item: Leftovers
|upkeep
|turn|15
|inactive|ohlookarock3 has 120 seconds left.
|
|t:|1781138491
|move|p2a: Kommo-o|Shadow Claw|p1a: Sumireko
|-damage|p1a: Sumireko|0 fnt
|faint|p1a: Sumireko
|-end|p1a: Sumireko|Quark Drive|[silent]
|
|-heal|p2a: Kommo-o|39/100|[from] item: Leftovers
|upkeep
|inactive|ohlookarock3 has 120 seconds left.
|
|t:|1781138501
|switch|p1a: Chimata|Gholdengo|100/100
|-item|p1a: Chimata|Air Balloon
|turn|16
|
|t:|1781138506
|-terastallize|p1a: Chimata|Fairy
|move|p2a: Kommo-o|Shadow Claw|p1a: Chimata
|-damage|p1a: Chimata|35/100
|-enditem|p1a: Chimata|Air Balloon
|move|p1a: Chimata|Dazzling Gleam|p2a: Kommo-o
|-damage|p2a: Kommo-o|20/100
|
|-heal|p2a: Kommo-o|26/100|[from] item: Leftovers
|upkeep
|turn|17
|
|t:|1781138521
|move|p2a: Kommo-o|Shadow Claw|p1a: Chimata
|-damage|p1a: Chimata|0 fnt
|faint|p1a: Chimata
|
|-heal|p2a: Kommo-o|32/100|[from] item: Leftovers
|upkeep
|-message|ohlookarock3 forfeited.
|
|win|KurisuChestnutOU
|raw|ohlookarock3's rating: 1604 &rarr; <strong>1581</strong><br />(-23 for losing)
|raw|KurisuChestnutOU's rating: 1544 &rarr; <strong>1567</strong><br />(+23 for winning)
|l|☆ohlookarock3
|player|p1|
