|j|☆jd2sleepy
|j|☆rockeater9000
|t:|1781383370
|gametype|singles
|player|p1|jd2sleepy|blackbelt-gen4dp|1565
|player|p2|rockeater9000|265|1612
|gen|9
|tier|[Gen 9] OU
|rated|
|rule|HP Percentage Mod: HP is shown in percentages
|rule|Endless Battle Clause: Forcing endless battles is banned
|rule|Species Clause: Limit one of each Pokémon
|rule|OHKO Clause: OHKO moves are banned
|rule|Evasion Items Clause: Evasion items are banned
|rule|Evasion Moves Clause: Evasion moves are banned
|rule|Evasion Abilities Clause: Evasion abilities are banned
|rule|Sleep Moves Clause: Sleep-inducing moves are banned
|clearpoke
|poke|p1|Glimmora, F|
|poke|p1|Gholdengo|
|poke|p1|Ceruledge, M|
|poke|p1|Kingambit, M|
|poke|p1|Ogerpon-Wellspring, F|
|poke|p1|Cobalion|
|poke|p2|Greninja-*, M|
|poke|p2|Glimmora, M|
|poke|p2|Garchomp, F|
|poke|p2|Iron Valiant|
|poke|p2|Kingambit, M|
|poke|p2|Ceruledge, M|
|teampreview
|inactive|Battle timer is ON: inactive players will automatically lose when time's up. (requested by rockeater9000)
|
|t:|1781383381
|teamsize|p1|6
|teamsize|p2|6
|start
|switch|p1a: WhySoGlim|Glimmora, F|100/100
|switch|p2a: Glimmora|Glimmora, M|100/100
|turn|1
|
|t:|1781383386
|move|p2a: Glimmora|Earth Power|p1a: WhySoGlim
|-supereffective|p1a: WhySoGlim
|-enditem|p1a: WhySoGlim|Focus Sash
|-damage|p1a: WhySoGlim|1/100
|move|p1a: WhySoGlim|Earth Power|p2a: Glimmora
|-supereffective|p2a: Glimmora
|-damage|p2a: Glimmora|0 fnt
|faint|p2a: Glimmora
|
|upkeep
|
|t:|1781383389
|switch|p2a: Greninja|Greninja, M|100/100
|turn|2
|
|t:|1781383395
|switch|p1a: CoBeBallin|Cobalion|100/100
|move|p2a: Greninja|Dark Pulse|p1a: CoBeBallin
|-resisted|p1a: CoBeBallin
|-damage|p1a: CoBeBallin|75/100
|-ability|p1a: CoBeBallin|Justified|boost
|-boost|p1a: CoBeBallin|atk|1
|-damage|p2a: Greninja|91/100|[from] item: Life Orb
|
|-heal|p1a: CoBeBallin|81/100|[from] item: Leftovers
|upkeep
|turn|3
|
|t:|1781383407
|switch|p2a: Garchomp|Garchomp, F|100/100
|move|p1a: CoBeBallin|Body Press|p2a: Garchomp
|-damage|p2a: Garchomp|51/100
|-damage|p1a: CoBeBallin|68/100|[from] ability: Rough Skin|[of] p2a: Garchomp
|
|-heal|p1a: CoBeBallin|75/100|[from] item: Leftovers
|upkeep
|turn|4
|j| crck like alakazam
|
|t:|1781383415
|switch|p1a: WhySoGlim|Glimmora, F|1/100
|move|p2a: Garchomp|Earthquake|p1a: WhySoGlim
|-supereffective|p1a: WhySoGlim
|-damage|p1a: WhySoGlim|0 fnt
|-activate|p1a: WhySoGlim|ability: Toxic Debris
|-sidestart|p2: rockeater9000|move: Toxic Spikes
|faint|p1a: WhySoGlim
|
|upkeep
|
|t:|1781383425
|switch|p1a: Cudge Judy|Ogerpon-Wellspring, F|100/100
|turn|5
|
|t:|1781383427
|move|p1a: Cudge Judy|Play Rough|p2a: Garchomp
|-supereffective|p2a: Garchomp
|-damage|p2a: Garchomp|0 fnt
|-damage|p1a: Cudge Judy|88/100|[from] ability: Rough Skin|[of] p2a: Garchomp
|faint|p2a: Garchomp
|
|upkeep
|
|t:|1781383436
|switch|p2a: Kingambit|Kingambit, M|100/100
|-activate|p2a: Kingambit|ability: Supreme Overlord
|-start|p2a: Kingambit|fallen2|[silent]
|turn|6
|
|t:|1781383442
|switch|p1a: CoBeBallin|Cobalion|75/100
|move|p2a: Kingambit|Iron Head|p1a: CoBeBallin
|-resisted|p1a: CoBeBallin
|-damage|p1a: CoBeBallin|60/100
|
|-heal|p1a: CoBeBallin|66/100|[from] item: Leftovers
|upkeep
|turn|7
|
|t:|1781383463
|-end|p2a: Kingambit|fallen2|[silent]
|switch|p2a: Ceruledge|Ceruledge, M|100/100
|-item|p2a: Ceruledge|Air Balloon
|move|p1a: CoBeBallin|Body Press|p2a: Ceruledge
|-immune|p2a: Ceruledge
|
|-heal|p1a: CoBeBallin|73/100|[from] item: Leftovers
|upkeep
|turn|8
|inactive|jd2sleepy has 120 seconds left.
|
|t:|1781383491
|move|p2a: Ceruledge|Bitter Blade|p1a: CoBeBallin
|-supereffective|p1a: CoBeBallin
|-damage|p1a: CoBeBallin|21/100
|move|p1a: CoBeBallin|Stone Edge|p2a: Ceruledge
|-supereffective|p2a: Ceruledge
|-damage|p2a: Ceruledge|44/100
|-ability|p2a: Ceruledge|Weak Armor|boost
|-unboost|p2a: Ceruledge|def|1
|-boost|p2a: Ceruledge|spe|2
|-enditem|p2a: Ceruledge|Air Balloon
|
|-heal|p1a: CoBeBallin|27/100|[from] item: Leftovers
|upkeep
|turn|9
|
|t:|1781383497
|move|p2a: Ceruledge|Bitter Blade|p1a: CoBeBallin
|-supereffective|p1a: CoBeBallin
|-crit|p1a: CoBeBallin
|-damage|p1a: CoBeBallin|0 fnt
|-heal|p2a: Ceruledge|62/100|[from] drain|[of] p1a: CoBeBallin
|faint|p1a: CoBeBallin
|
|upkeep
|inactive|jd2sleepy has 120 seconds left.
|
|t:|1781383519
|switch|p1a: Slayboi Carti|Ceruledge, M|100/100
|turn|10
|
|t:|1781383527
|move|p2a: Ceruledge|Shadow Sneak|p1a: Slayboi Carti
|-supereffective|p1a: Slayboi Carti
|-damage|p1a: Slayboi Carti|39/100
|-ability|p1a: Slayboi Carti|Weak Armor|boost
|-unboost|p1a: Slayboi Carti|def|1
|-boost|p1a: Slayboi Carti|spe|2
|move|p1a: Slayboi Carti|Shadow Sneak|p2a: Ceruledge
|-supereffective|p2a: Ceruledge
|-crit|p2a: Ceruledge
|-damage|p2a: Ceruledge|0 fnt
|faint|p2a: Ceruledge
|-damage|p1a: Slayboi Carti|29/100|[from] item: Life Orb
|
|upkeep
|
|t:|1781383532
|switch|p2a: Greninja|Greninja, M|91/100
|-status|p2a: Greninja|psn
|turn|11
|
|t:|1781383541
|move|p1a: Slayboi Carti|Close Combat|p2a: Greninja
|-supereffective|p2a: Greninja
|-damage|p2a: Greninja|0 fnt
|-unboost|p1a: Slayboi Carti|def|1
|-unboost|p1a: Slayboi Carti|spd|1
|faint|p2a: Greninja
|-damage|p1a: Slayboi Carti|19/100|[from] item: Life Orb
|
|upkeep
|
|t:|1781383548
|switch|p2a: Kingambit|Kingambit, M|100/100
|-activate|p2a: Kingambit|ability: Supreme Overlord
|-start|p2a: Kingambit|fallen4|[silent]
|turn|12
|
|t:|1781383553
|move|p2a: Kingambit|Sucker Punch|p1a: Slayboi Carti
|-supereffective|p1a: Slayboi Carti
|-damage|p1a: Slayboi Carti|0 fnt
|faint|p1a: Slayboi Carti
|
|upkeep
|
|t:|1781383557
|switch|p1a: Dengos Domain|Gholdengo|100/100
|turn|13
|
|t:|1781383567
|-end|p2a: Kingambit|fallen4|[silent]
|switch|p2a: Iron Valiant|Iron Valiant|100/100
|-status|p2a: Iron Valiant|psn
|-enditem|p2a: Iron Valiant|Booster Energy
|-activate|p2a: Iron Valiant|ability: Quark Drive|[fromitem]
|-start|p2a: Iron Valiant|quarkdrivespe
|move|p1a: Dengos Domain|Trick|p2a: Iron Valiant
|-activate|p1a: Dengos Domain|move: Trick|[of] p2a: Iron Valiant
|-item|p2a: Iron Valiant|Choice Scarf|[from] move: Trick
|-enditem|p1a: Dengos Domain|Choice Scarf|[silent]|[from] move: Trick
|
|-damage|p2a: Iron Valiant|88/100 psn|[from] psn
|upkeep
|turn|14
|
|t:|1781383571
|switch|p1a: Cudge Judy|Ogerpon-Wellspring, F|88/100
|move|p2a: Iron Valiant|Shadow Ball|p1a: Cudge Judy
|-damage|p1a: Cudge Judy|56/100
|-unboost|p1a: Cudge Judy|spd|1
|
|-damage|p2a: Iron Valiant|76/100 psn|[from] psn
|upkeep
|turn|15
|
|t:|1781383576
|move|p2a: Iron Valiant|Shadow Ball|p1a: Cudge Judy
|-damage|p1a: Cudge Judy|8/100
|move|p1a: Cudge Judy|Ivy Cudgel|p2a: Iron Valiant|[anim] Ivy Cudgel Water
|-crit|p2a: Iron Valiant
|-damage|p2a: Iron Valiant|0 fnt
|faint|p2a: Iron Valiant
|-end|p2a: Iron Valiant|Quark Drive|[silent]
|
|upkeep
|
|t:|1781383579
|switch|p2a: Kingambit|Kingambit, M|100/100
|-activate|p2a: Kingambit|ability: Supreme Overlord
|-start|p2a: Kingambit|fallen5|[silent]
|turn|16
|
|t:|1781383584
|move|p2a: Kingambit|Sucker Punch|p1a: Cudge Judy
|-damage|p1a: Cudge Judy|0 fnt
|faint|p1a: Cudge Judy
|
|upkeep
|
|t:|1781383589
|switch|p1a: 平和|Kingambit, M|100/100
|-activate|p1a: 平和|ability: Supreme Overlord
|-start|p1a: 平和|fallen4|[silent]
|-item|p1a: 平和|Air Balloon
|turn|17
|
|t:|1781383605
|-terastallize|p2a: Kingambit|Dark
|move|p1a: 平和|Low Kick|p2a: Kingambit
|-supereffective|p2a: Kingambit
|-damage|p2a: Kingambit|20/100
|move|p2a: Kingambit|Kowtow Cleave|p1a: 平和
|-resisted|p1a: 平和
|-damage|p1a: 平和|45/100
|-enditem|p1a: 平和|Air Balloon
|
|upkeep
|turn|18
|
|t:|1781383610
|move|p2a: Kingambit|Sucker Punch|p1a: 平和
|-resisted|p1a: 平和
|-damage|p1a: 平和|6/100
|move|p1a: 平和|Low Kick|p2a: Kingambit
|-supereffective|p2a: Kingambit
|-damage|p2a: Kingambit|0 fnt
|faint|p2a: Kingambit
|-end|p2a: Kingambit|fallen5|[silent]
|
|win|jd2sleepy
|raw|jd2sleepy's rating: 1565 &rarr; <strong>1588</strong><br />(+23 for winning)
|raw|rockeater9000's rating: 1612 &rarr; <strong>1589</strong><br />(-23 for losing)
|l|☆rockeater9000
|player|p2|
|l| crck like alakazam
