|j|☆Alemezzagialla
|j|☆PepeNike
|t:|1781043632
|gametype|singles
|player|p1|Alemezzagialla|adaman|1559
|player|p2|PepeNike|101|1604
|gen|9
|tier|[Gen 9] OU
|rated|
|rule|HP Percentage Mod: HP is shown in percentages
|rule|Endless Battle Clause: Forcing endless battles is banned
|rule|Species Clause: Limit one of each Pokémon
|rule|OHKO Clause: OHKO moves are banned
|rule|Evasion Items Clause: Evasion items are banned
|rule|Evasion Moves Clause: Evasion moves are banned
|rule|Evasion Abilities Clause: Evasion abilities are banned
|rule|Sleep Moves Clause: Sleep-inducing moves are banned
|clearpoke
|poke|p1|Dondozo, F|
|poke|p1|Blissey, F|
|poke|p1|Corviknight, M|
|poke|p1|Weezing-Galar, F|
|poke|p1|Gliscor, F|
|poke|p1|Toxapex, M|
|poke|p2|Kleavor, M|
|poke|p2|Samurott-Hisui, F|
|poke|p2|Gholdengo|
|poke|p2|Ceruledge, M|
|poke|p2|Greninja-*, M|
|poke|p2|Dragapult, F|
|teampreview
|inactive|Battle timer is ON: inactive players will automatically lose when time's up. (requested by PepeNike)
|inactive|Alemezzagialla also wants the timer to be on.
|
|t:|1781043639
|teamsize|p1|6
|teamsize|p2|6
|start
|switch|p1a: Toxapex|Toxapex, M|100/100
|switch|p2a: Kleavor|Kleavor, M|100/100
|turn|1
|
|t:|1781043645
|move|p2a: Kleavor|Stone Axe|p1a: Toxapex
|-damage|p1a: Toxapex|53/100
|-sidestart|p1: Alemezzagialla|move: Stealth Rock
|move|p1a: Toxapex|Toxic|p2a: Kleavor
|-status|p2a: Kleavor|tox
|
|-heal|p1a: Toxapex|59/100|[from] item: Leftovers
|-damage|p2a: Kleavor|94/100 tox|[from] psn
|upkeep
|turn|2
|
|t:|1781043649
|switch|p2a: Samurott|Samurott-Hisui, F|100/100
|move|p1a: Toxapex|Recover|p1a: Toxapex
|-heal|p1a: Toxapex|100/100
|
|upkeep
|turn|3
|
|t:|1781043652
|move|p2a: Samurott|Taunt|p1a: Toxapex
|-start|p1a: Toxapex|move: Taunt
|cant|p1a: Toxapex|move: Taunt|Toxic
|
|upkeep
|turn|4
|inactive|PepeNike has 120 seconds left.
|
|t:|1781043703
|move|p2a: Samurott|Ceaseless Edge|p1a: Toxapex
|-damage|p1a: Toxapex|57/100
|-sidestart|p1: Alemezzagialla|Spikes
|move|p1a: Toxapex|Poison Jab|p2a: Samurott
|-damage|p2a: Samurott|82/100
|-status|p2a: Samurott|psn
|
|-heal|p1a: Toxapex|63/100|[from] item: Leftovers
|-damage|p2a: Samurott|70/100 psn|[from] psn
|upkeep
|turn|5
|
|t:|1781043711
|switch|p1a: Weezing|Weezing-Galar, F|100/100
|-ability|p1a: Weezing|Neutralizing Gas
|move|p2a: Samurott|Ceaseless Edge|p1a: Weezing
|-resisted|p1a: Weezing
|-damage|p1a: Weezing|87/100
|-sidestart|p1: Alemezzagialla|Spikes
|
|-damage|p2a: Samurott|58/100 psn|[from] psn
|upkeep
|turn|6
|
|t:|1781043716
|move|p2a: Samurott|Taunt|p1a: Weezing
|-start|p1a: Weezing|move: Taunt
|cant|p1a: Weezing|move: Taunt|Defog
|
|-damage|p2a: Samurott|45/100 psn|[from] psn
|upkeep
|turn|7
|
|t:|1781043722
|-end|p1a: Weezing|ability: Neutralizing Gas
|switch|p1a: Toxapex|Toxapex, M|96/100
|-damage|p1a: Toxapex|84/100|[from] Stealth Rock
|-damage|p1a: Toxapex|67/100|[from] Spikes
|move|p2a: Samurott|Ceaseless Edge|p1a: Toxapex
|-damage|p1a: Toxapex|25/100
|-sidestart|p1: Alemezzagialla|Spikes
|
|-heal|p1a: Toxapex|31/100|[from] item: Leftovers
|-damage|p2a: Samurott|33/100 psn|[from] psn
|upkeep
|turn|8
|
|t:|1781043727
|switch|p1a: Weezing|Weezing-Galar, F|87/100
|-ability|p1a: Weezing|Neutralizing Gas
|move|p2a: Samurott|Taunt|p1a: Weezing
|-start|p1a: Weezing|move: Taunt
|
|-damage|p2a: Samurott|21/100 psn|[from] psn
|upkeep
|turn|9
|
|t:|1781043732
|-end|p1a: Weezing|ability: Neutralizing Gas
|switch|p1a: Corviknight|Corviknight, M|100/100
|-damage|p1a: Corviknight|88/100|[from] Stealth Rock
|-ability|p1a: Corviknight|Pressure
|move|p2a: Samurott|Ceaseless Edge|p1a: Corviknight
|-damage|p1a: Corviknight|54/100
|
|-heal|p1a: Corviknight|60/100|[from] item: Leftovers
|-damage|p2a: Samurott|9/100 psn|[from] psn
|upkeep
|turn|10
|
|t:|1781043738
|switch|p1a: Toxapex|Toxapex, M|64/100
|-damage|p1a: Toxapex|51/100|[from] Stealth Rock
|-damage|p1a: Toxapex|26/100|[from] Spikes
|move|p2a: Samurott|Taunt|p1a: Toxapex
|-start|p1a: Toxapex|move: Taunt
|
|-heal|p1a: Toxapex|33/100|[from] item: Leftovers
|-damage|p2a: Samurott|0 fnt|[from] psn
|faint|p2a: Samurott
|upkeep
|
|t:|1781043744
|switch|p2a: Kleavor|Kleavor, M|94/100 tox
|turn|11
|
|t:|1781043752
|switch|p1a: Gliscor|Gliscor, F|100/100
|-damage|p1a: Gliscor|88/100|[from] Stealth Rock
|move|p2a: Kleavor|U-turn|p1a: Gliscor
|-resisted|p1a: Gliscor
|-crit|p1a: Gliscor
|-damage|p1a: Gliscor|65/100
|
|t:|1781043776
|switch|p2a: Greninja|Greninja, M|100/100|[from] U-turn
|
|-status|p1a: Gliscor|tox|[from] item: Toxic Orb
|upkeep
|turn|12
|
|t:|1781043783
|switch|p1a: Blissey|Blissey, F|100/100
|move|p2a: Greninja|Ice Beam|p1a: Blissey
|-damage|p1a: Blissey|90/100
|-damage|p2a: Greninja|91/100|[from] item: Life Orb
|
|upkeep
|turn|13
|inactive|PepeNike has 120 seconds left.
|
|t:|1781043815
|switch|p2a: Kleavor|Kleavor, M|94/100 tox
|move|p1a: Blissey|Stealth Rock|p2a: Kleavor
|-sidestart|p2: PepeNike|move: Stealth Rock
|
|-damage|p2a: Kleavor|88/100 tox|[from] psn
|upkeep
|turn|14
|
|t:|1781043825
|switch|p1a: Gliscor|Gliscor, F|65/100 tox
|-damage|p1a: Gliscor|53/100 tox|[from] Stealth Rock
|move|p2a: Kleavor|Stone Axe|p1a: Gliscor
|-damage|p1a: Gliscor|6/100 tox
|
|-damage|p2a: Kleavor|76/100 tox|[from] psn
|-heal|p1a: Gliscor|18/100 tox|[from] ability: Poison Heal
|upkeep
|turn|15
|
|t:|1781043831
|move|p1a: Gliscor|Protect|p1a: Gliscor
|-singleturn|p1a: Gliscor|Protect
|move|p2a: Kleavor|Stone Axe|p1a: Gliscor
|-activate|p1a: Gliscor|move: Protect
|
|-damage|p2a: Kleavor|58/100 tox|[from] psn
|-heal|p1a: Gliscor|31/100 tox|[from] ability: Poison Heal
|upkeep
|turn|16
|
|t:|1781043838
|move|p2a: Kleavor|Stone Axe|p1a: Gliscor
|-damage|p1a: Gliscor|0 fnt
|faint|p1a: Gliscor
|
|-damage|p2a: Kleavor|34/100 tox|[from] psn
|upkeep
|
|t:|1781043841
|switch|p1a: Weezing|Weezing-Galar, F|87/100
|-ability|p1a: Weezing|Neutralizing Gas
|turn|17
|
|t:|1781043856
|move|p2a: Kleavor|Stone Axe|p1a: Weezing
|-damage|p1a: Weezing|64/100
|move|p1a: Weezing|Defog|p2a: Kleavor
|-unboost|p2a: Kleavor|evasion|1
|-sideend|p2: PepeNike|Stealth Rock|[from] move: Defog|[of] p1a: Weezing
|-sideend|p1: Alemezzagialla|Spikes|[from] move: Defog|[of] p1a: Weezing
|-sideend|p1: Alemezzagialla|Stealth Rock|[from] move: Defog|[of] p1a: Weezing
|
|-damage|p2a: Kleavor|4/100 tox|[from] psn
|upkeep
|turn|18
|
|t:|1781043865
|move|p2a: Kleavor|Stone Axe|p1a: Weezing
|-damage|p1a: Weezing|39/100
|-sidestart|p1: Alemezzagialla|move: Stealth Rock
|move|p1a: Weezing|Defog|p2a: Kleavor
|-unboost|p2a: Kleavor|evasion|1
|-sideend|p1: Alemezzagialla|Stealth Rock|[from] move: Defog|[of] p1a: Weezing
|
|-damage|p2a: Kleavor|0 fnt|[from] psn
|faint|p2a: Kleavor
|upkeep
|
|t:|1781043871
|switch|p2a: Ceruledge|Ceruledge, M|100/100
|turn|19
|
|t:|1781043876
|-end|p1a: Weezing|ability: Neutralizing Gas
|switch|p1a: Toxapex|Toxapex, M|66/100
|move|p2a: Ceruledge|Poltergeist|p1a: Toxapex
|-activate|p1a: Toxapex|move: Poltergeist|Leftovers
|-damage|p1a: Toxapex|18/100
|
|-heal|p1a: Toxapex|25/100|[from] item: Leftovers
|upkeep
|turn|20
|
|t:|1781043890
|switch|p1a: Blissey|Blissey, F|90/100
|move|p2a: Ceruledge|Swords Dance|p2a: Ceruledge
|-boost|p2a: Ceruledge|atk|2
|
|upkeep
|turn|21
|
|t:|1781043916
|switch|p1a: Dondozo|Dondozo, F|100/100
|move|p2a: Ceruledge|Bitter Blade|p1a: Dondozo
|-resisted|p1a: Dondozo
|-damage|p1a: Dondozo|90/100
|
|-heal|p1a: Dondozo|96/100|[from] item: Leftovers
|upkeep
|turn|22
|
|t:|1781043921
|switch|p2a: Dragapult|Dragapult, F|100/100
|move|p1a: Dondozo|Avalanche|p2a: Dragapult
|-supereffective|p2a: Dragapult
|-damage|p2a: Dragapult|66/100
|
|-heal|p1a: Dondozo|100/100|[from] item: Leftovers
|upkeep
|turn|23
|
|t:|1781043926
|switch|p1a: Toxapex|Toxapex, M|58/100
|move|p2a: Dragapult|U-turn|p1a: Toxapex
|-resisted|p1a: Toxapex
|-damage|p1a: Toxapex|42/100
|
|t:|1781043929
|switch|p2a: Ceruledge|Ceruledge, M|100/100|[from] U-turn
|
|-heal|p1a: Toxapex|49/100|[from] item: Leftovers
|upkeep
|turn|24
|j| SilverDE
|
|t:|1781043944
|move|p2a: Ceruledge|Poltergeist|p1a: Toxapex
|-activate|p1a: Toxapex|move: Poltergeist|Leftovers
|-damage|p1a: Toxapex|2/100
|move|p1a: Toxapex|Toxic|p2a: Ceruledge
|-status|p2a: Ceruledge|tox
|
|-heal|p1a: Toxapex|8/100|[from] item: Leftovers
|-damage|p2a: Ceruledge|94/100 tox|[from] psn
|upkeep
|turn|25
|-message|PepeNike forfeited.
|
|win|Alemezzagialla
|raw|Alemezzagialla's rating: 1559 &rarr; <strong>1582</strong><br />(+23 for winning)
|raw|PepeNike's rating: 1604 &rarr; <strong>1581</strong><br />(-23 for losing)
|l|☆PepeNike
|player|p2|
|l|☆Alemezzagialla
|player|p1|
|l| SilverDE
