|j|☆typhoon9
|j|☆mastersannin
|t:|1781218093
|gametype|singles
|player|p1|typhoon9|swimmerf-gen4dp|1592
|player|p2|mastersannin|101|1547
|gen|9
|tier|[Gen 9] OU
|rated|
|rule|HP Percentage Mod: HP is shown in percentages
|rule|Endless Battle Clause: Forcing endless battles is banned
|rule|Species Clause: Limit one of each Pokémon
|rule|OHKO Clause: OHKO moves are banned
|rule|Evasion Items Clause: Evasion items are banned
|rule|Evasion Moves Clause: Evasion moves are banned
|rule|Evasion Abilities Clause: Evasion abilities are banned
|rule|Sleep Moves Clause: Sleep-inducing moves are banned
|clearpoke
|poke|p1|Hatterene, F|
|poke|p1|Ursaluna, M|
|poke|p1|Porygon2|
|poke|p1|Cresselia, F|
|poke|p1|Iron Hands|
|poke|p1|Volcanion|
|poke|p2|Pelipper, F|
|poke|p2|Raging Bolt|
|poke|p2|Overqwil, M|
|poke|p2|Barraskewda, M|
|poke|p2|Iron Treads|
|poke|p2|Kingambit, F|
|teampreview
|inactive|Battle timer is ON: inactive players will automatically lose when time's up. (requested by mastersannin)
|j| KuroLiie
|l|☆typhoon9
|inactive|typhoon9 disconnected and has a minute to reconnect!
|player|p1|
|j|☆typhoon9
|inactive|typhoon9 reconnected.
|player|p1|typhoon9|swimmerf-gen4dp|
|inactive|mastersannin has 120 seconds left.
|
|t:|1781218125
|teamsize|p1|6
|teamsize|p2|6
|start
|switch|p1a: Hatterene|Hatterene, F|100/100
|switch|p2a: Pelipper|Pelipper, F|100/100
|-weather|RainDance|[from] ability: Drizzle|[of] p2a: Pelipper
|turn|1
|
|t:|1781218130
|move|p2a: Pelipper|Weather Ball|p1a: Hatterene
|-damage|p1a: Hatterene|52/100
|move|p1a: Hatterene|Trick Room|p1a: Hatterene
|-fieldstart|move: Trick Room|[of] p1a: Hatterene
|
|-weather|RainDance|[upkeep]
|upkeep
|turn|2
|
|t:|1781218136
|move|p1a: Hatterene|Dazzling Gleam|p2a: Pelipper
|-damage|p2a: Pelipper|31/100
|move|p2a: Pelipper|U-turn|p1a: Hatterene
|-damage|p1a: Hatterene|41/100
|
|t:|1781218145
|switch|p2a: Kingambit|Kingambit, F|100/100|[from] U-turn
|
|-weather|RainDance|[upkeep]
|upkeep
|turn|3
|
|t:|1781218148
|move|p1a: Hatterene|Healing Wish|p1a: Hatterene
|faint|p1a: Hatterene
|move|p2a: Kingambit|Kowtow Cleave|p1: Hatterene|[notarget]
|-fail|p2a: Kingambit
|
|-weather|RainDance|[upkeep]
|upkeep
|
|t:|1781218150
|switch|p1a: Za Hands|Iron Hands|100/100
|-enditem|p1a: Za Hands|Booster Energy
|-activate|p1a: Za Hands|ability: Quark Drive|[fromitem]
|-start|p1a: Za Hands|quarkdriveatk
|turn|4
|
|t:|1781218159
|-end|p2a: Kingambit|fallenundefined|[silent]
|switch|p2a: Iron Treads|Iron Treads|100/100
|-enditem|p2a: Iron Treads|Booster Energy
|-activate|p2a: Iron Treads|ability: Quark Drive|[fromitem]
|-start|p2a: Iron Treads|quarkdrivespe
|move|p1a: Za Hands|Swords Dance|p1a: Za Hands
|-boost|p1a: Za Hands|atk|2
|
|-weather|RainDance|[upkeep]
|upkeep
|turn|5
|l| KuroLiie
|
|t:|1781218170
|-terastallize|p2a: Iron Treads|Ghost
|move|p1a: Za Hands|Drain Punch|p2a: Iron Treads
|-immune|p2a: Iron Treads
|move|p2a: Iron Treads|Earth Power|p1a: Za Hands
|-supereffective|p1a: Za Hands
|-damage|p1a: Za Hands|31/100
|
|-weather|RainDance|[upkeep]
|-fieldend|move: Trick Room
|upkeep
|turn|6
|
|t:|1781218177
|-terastallize|p1a: Za Hands|Flying
|move|p2a: Iron Treads|Stealth Rock|p1a: Za Hands
|-sidestart|p1: typhoon9|move: Stealth Rock
|move|p1a: Za Hands|Wild Charge|p2a: Iron Treads
|-damage|p2a: Iron Treads|0 fnt
|faint|p2a: Iron Treads
|-end|p2a: Iron Treads|Quark Drive|[silent]
|-damage|p1a: Za Hands|16/100|[from] Recoil
|
|-weather|RainDance|[upkeep]
|upkeep
|
|t:|1781218183
|switch|p2a: Kingambit|Kingambit, F|100/100
|-activate|p2a: Kingambit|ability: Supreme Overlord
|-start|p2a: Kingambit|fallen1|[silent]
|turn|7
|
|t:|1781218190
|-end|p1a: Za Hands|Quark Drive|[silent]
|switch|p1a: Porygon2|Porygon2|100/100
|-damage|p1a: Porygon2|88/100|[from] Stealth Rock
|-ability|p1a: Porygon2|Download|boost
|-boost|p1a: Porygon2|spa|1
|move|p2a: Kingambit|Kowtow Cleave|p1a: Porygon2
|-damage|p1a: Porygon2|53/100
|
|-weather|RainDance|[upkeep]
|upkeep
|turn|8
|
|t:|1781218200
|move|p2a: Kingambit|Swords Dance|p2a: Kingambit
|-boost|p2a: Kingambit|atk|2
|move|p1a: Porygon2|Trick Room|p1a: Porygon2
|-fieldstart|move: Trick Room|[of] p1a: Porygon2
|
|-weather|none
|upkeep
|turn|9
|
|t:|1781218205
|move|p1a: Porygon2|Hyper Beam|p2a: Kingambit
|-resisted|p2a: Kingambit
|-damage|p2a: Kingambit|49/100
|-mustrecharge|p1a: Porygon2
|move|p2a: Kingambit|Kowtow Cleave|p1a: Porygon2
|-damage|p1a: Porygon2|0 fnt
|faint|p1a: Porygon2
|
|-heal|p2a: Kingambit|55/100|[from] item: Leftovers
|upkeep
|
|t:|1781218210
|switch|p1a: Volcanion|Volcanion|100/100
|-damage|p1a: Volcanion|76/100|[from] Stealth Rock
|turn|10
|
|t:|1781218213
|move|p2a: Kingambit|Sucker Punch|p1a: Volcanion
|-damage|p1a: Volcanion|9/100
|move|p1a: Volcanion|Steam Eruption|p2a: Kingambit
|-damage|p2a: Kingambit|0 fnt
|faint|p2a: Kingambit
|-end|p2a: Kingambit|fallen1|[silent]
|
|upkeep
|
|t:|1781218231
|switch|p2a: Pelipper|Pelipper, F|31/100
|-weather|RainDance|[from] ability: Drizzle|[of] p2a: Pelipper
|turn|11
|
|t:|1781218238
|move|p2a: Pelipper|Roost|p2a: Pelipper
|-heal|p2a: Pelipper|81/100
|-singleturn|p2a: Pelipper|move: Roost
|move|p1a: Volcanion|Steam Eruption|p2a: Pelipper
|-resisted|p2a: Pelipper
|-crit|p2a: Pelipper
|-damage|p2a: Pelipper|0 fnt
|faint|p2a: Pelipper
|
|-weather|RainDance|[upkeep]
|upkeep
|
|t:|1781218246
|switch|p2a: Raging Bolt|Raging Bolt|100/100
|-enditem|p2a: Raging Bolt|Booster Energy
|-activate|p2a: Raging Bolt|ability: Protosynthesis|[fromitem]
|-start|p2a: Raging Bolt|protosynthesisspa
|turn|12
|
|t:|1781218248
|move|p2a: Raging Bolt|Thunderclap|p1a: Volcanion
|-supereffective|p1a: Volcanion
|-damage|p1a: Volcanion|0 fnt
|faint|p1a: Volcanion
|
|-weather|RainDance|[upkeep]
|-fieldend|move: Trick Room
|upkeep
|
|t:|1781218251
|switch|p1a: Cresselia|Cresselia, F, shiny|100/100
|-damage|p1a: Cresselia|88/100|[from] Stealth Rock
|turn|13
|
|t:|1781218257
|-end|p2a: Raging Bolt|Protosynthesis|[silent]
|switch|p2a: Overqwil|Overqwil, M|100/100
|move|p1a: Cresselia|Trick Room|p1a: Cresselia
|-fieldstart|move: Trick Room|[of] p1a: Cresselia
|
|-weather|RainDance|[upkeep]
|upkeep
|turn|14
|
|t:|1781218269
|switch|p1a: Za Hands|Iron Hands, tera:Flying|16/100
|-heal|p1a: Za Hands|100/100|[from] move: Healing Wish
|-damage|p1a: Za Hands|76/100|[from] Stealth Rock
|move|p2a: Overqwil|Swords Dance|p2a: Overqwil
|-boost|p2a: Overqwil|atk|2
|
|-weather|RainDance|[upkeep]
|upkeep
|turn|15
|
|t:|1781218279
|move|p1a: Za Hands|Drain Punch|p2a: Overqwil
|-damage|p2a: Overqwil|53/100
|-heal|p1a: Za Hands|90/100|[from] drain|[of] p2a: Overqwil
|move|p2a: Overqwil|Liquidation|p1a: Za Hands
|-damage|p1a: Za Hands|23/100
|-damage|p2a: Overqwil|44/100|[from] item: Life Orb
|
|-weather|RainDance|[upkeep]
|upkeep
|turn|16
|
|t:|1781218290
|move|p1a: Za Hands|Drain Punch|p2a: Overqwil
|-damage|p2a: Overqwil|0 fnt
|-heal|p1a: Za Hands|37/100|[from] drain|[of] p2a: Overqwil
|faint|p2a: Overqwil
|
|-weather|RainDance|[upkeep]
|upkeep
|
|t:|1781218300
|switch|p2a: Raging Bolt|Raging Bolt|100/100
|turn|17
|
|t:|1781218304
|move|p2a: Raging Bolt|Thunderclap|p1a: Za Hands
|-supereffective|p1a: Za Hands
|-damage|p1a: Za Hands|0 fnt
|faint|p1a: Za Hands
|-end|p1a: Za Hands|Quark Drive|[silent]
|
|-weather|RainDance|[upkeep]
|-fieldend|move: Trick Room
|upkeep
|
|t:|1781218305
|switch|p1a: Cresselia|Cresselia, F, shiny|88/100
|-damage|p1a: Cresselia|76/100|[from] Stealth Rock
|turn|18
|
|t:|1781218313
|-end|p2a: Raging Bolt|Protosynthesis|[silent]
|switch|p2a: Barraskewda|Barraskewda, M|100/100
|move|p1a: Cresselia|Trick Room|p1a: Cresselia
|-fieldstart|move: Trick Room|[of] p1a: Cresselia
|
|-weather|none
|upkeep
|turn|19
|
|t:|1781218320
|move|p1a: Cresselia|Psychic|p2a: Barraskewda
|-crit|p2a: Barraskewda
|-damage|p2a: Barraskewda|24/100
|move|p2a: Barraskewda|Flip Turn|p1a: Cresselia
|-damage|p1a: Cresselia|46/100
|
|t:|1781218323
|switch|p2a: Raging Bolt|Raging Bolt|100/100|[from] Flip Turn
|
|upkeep
|turn|20
|
|t:|1781218333
|move|p1a: Cresselia|Lunar Dance|p1a: Cresselia
|faint|p1a: Cresselia
|move|p2a: Raging Bolt|Draco Meteor|p1: Cresselia|[notarget]
|-fail|p2a: Raging Bolt
|
|upkeep
|
|t:|1781218335
|switch|p1a: Ursaluna|Ursaluna, M|100/100
|-damage|p1a: Ursaluna|94/100|[from] Stealth Rock
|turn|21
|
|t:|1781218339
|move|p1a: Ursaluna|Headlong Rush|p2a: Raging Bolt
|-supereffective|p2a: Raging Bolt
|-crit|p2a: Raging Bolt
|-damage|p2a: Raging Bolt|0 fnt
|-unboost|p1a: Ursaluna|def|1
|-unboost|p1a: Ursaluna|spd|1
|faint|p2a: Raging Bolt
|-end|p2a: Raging Bolt|Protosynthesis|[silent]
|
|-status|p1a: Ursaluna|brn|[from] item: Flame Orb
|upkeep
|
|t:|1781218343
|switch|p2a: Barraskewda|Barraskewda, M|24/100
|turn|22
|
|t:|1781218345
|move|p2a: Barraskewda|Aqua Jet|p1a: Ursaluna
|-supereffective|p1a: Ursaluna
|-damage|p1a: Ursaluna|21/100 brn
|move|p1a: Ursaluna|Facade|p2a: Barraskewda
|-damage|p2a: Barraskewda|0 fnt
|faint|p2a: Barraskewda
|
|win|typhoon9
|raw|typhoon9's rating: 1592 &rarr; <strong>1609</strong><br />(+17 for winning)
|raw|mastersannin's rating: 1547 &rarr; <strong>1530</strong><br />(-17 for losing)
|l|☆mastersannin
|player|p2|
|c|☆typhoon9|gg
|l|☆typhoon9
|player|p1|
