|j|☆testingyup
|j|☆juli<33
|t:|1781257620
|gametype|singles
|player|p1|testingyup|marlon|1606
|player|p2|juli<33|irida|1719
|gen|9
|tier|[Gen 9] OU
|rated|
|rule|HP Percentage Mod: HP is shown in percentages
|rule|Endless Battle Clause: Forcing endless battles is banned
|rule|Species Clause: Limit one of each Pokémon
|rule|OHKO Clause: OHKO moves are banned
|rule|Evasion Items Clause: Evasion items are banned
|rule|Evasion Moves Clause: Evasion moves are banned
|rule|Evasion Abilities Clause: Evasion abilities are banned
|rule|Sleep Moves Clause: Sleep-inducing moves are banned
|clearpoke
|poke|p1|Skeledirge, M|
|poke|p1|Kyurem|
|poke|p1|Cinderace, F|
|poke|p1|Ogerpon-Wellspring, F|
|poke|p1|Pecharunt|
|poke|p1|Tornadus-Therian, M|
|poke|p2|Great Tusk|
|poke|p2|Slowking-Galar, M|
|poke|p2|Corviknight, F|
|poke|p2|Clefable, F|
|poke|p2|Samurott-Hisui, M|
|poke|p2|Dragapult, F|
|teampreview
|inactive|Battle timer is ON: inactive players will automatically lose when time's up. (requested by testingyup)
|
|t:|1781257635
|teamsize|p1|6
|teamsize|p2|6
|start
|switch|p1a: Tornadus|Tornadus-Therian, M|100/100
|switch|p2a: Bull's-eye|Dragapult, F|100/100
|turn|1
|
|t:|1781257645
|move|p2a: Bull's-eye|U-turn|p1a: Tornadus
|-resisted|p1a: Tornadus
|-damage|p1a: Tornadus|93/100
|
|t:|1781257647
|switch|p2a: P!nk|Clefable, F|100/100|[from] U-turn
|move|p1a: Tornadus|Knock Off|p2a: P!nk
|-resisted|p2a: P!nk
|-damage|p2a: P!nk|93/100
|-enditem|p2a: P!nk|Leftovers|[from] move: Knock Off|[of] p1a: Tornadus
|
|upkeep
|turn|2
|
|t:|1781257654
|move|p1a: Tornadus|Bleakwind Storm|p2a: P!nk
|-damage|p2a: P!nk|54/100
|move|p2a: P!nk|Knock Off|p1a: Tornadus
|-damage|p1a: Tornadus|77/100
|-enditem|p1a: Tornadus|Assault Vest|[from] move: Knock Off|[of] p2a: P!nk
|
|upkeep
|turn|3
|
|t:|1781257659
|move|p1a: Tornadus|Bleakwind Storm|p2a: P!nk
|-damage|p2a: P!nk|22/100
|-unboost|p2a: P!nk|spe|1
|move|p2a: P!nk|Moonlight|p2a: P!nk
|-heal|p2a: P!nk|72/100
|
|upkeep
|turn|4
|
|t:|1781257666
|move|p1a: Tornadus|Bleakwind Storm|p2a: P!nk
|-damage|p2a: P!nk|38/100
|move|p2a: P!nk|Moonlight|p2a: P!nk
|-heal|p2a: P!nk|88/100
|
|upkeep
|turn|5
|
|t:|1781257671
|move|p1a: Tornadus|Bleakwind Storm|p2a: P!nk
|-damage|p2a: P!nk|53/100
|move|p2a: P!nk|Moonblast|p1a: Tornadus
|-damage|p1a: Tornadus|49/100
|
|upkeep
|turn|6
|
|t:|1781257678
|move|p1a: Tornadus|Bleakwind Storm|p2a: P!nk
|-crit|p2a: P!nk
|-damage|p2a: P!nk|2/100
|move|p2a: P!nk|Moonlight|p2a: P!nk
|-heal|p2a: P!nk|52/100
|
|upkeep
|turn|7
|j| lord shiddenfards
|
|t:|1781257681
|move|p1a: Tornadus|Bleakwind Storm|p2a: P!nk
|-damage|p2a: P!nk|14/100
|move|p2a: P!nk|Moonlight|p2a: P!nk
|-heal|p2a: P!nk|64/100
|
|upkeep
|turn|8
|
|t:|1781257686
|move|p1a: Tornadus|Bleakwind Storm|p2a: P!nk
|-damage|p2a: P!nk|27/100
|move|p2a: P!nk|Moonlight|p2a: P!nk
|-heal|p2a: P!nk|77/100
|
|upkeep
|turn|9
|
|t:|1781257690
|move|p1a: Tornadus|Bleakwind Storm|p2a: P!nk
|-damage|p2a: P!nk|39/100
|-unboost|p2a: P!nk|spe|1
|move|p2a: P!nk|Moonlight|p2a: P!nk
|-heal|p2a: P!nk|89/100
|
|upkeep
|turn|10
|
|t:|1781257693
|switch|p2a: Alchemist|Slowking-Galar, M|100/100
|move|p1a: Tornadus|U-turn|p2a: Alchemist
|-damage|p2a: Alchemist|85/100
|j| choispecs ironmoth
|
|t:|1781257720
|switch|p1a: Cinderace|Cinderace, F|100/100|[from] U-turn
|
|upkeep
|turn|11
|
|t:|1781257729
|move|p1a: Cinderace|Pyro Ball|p2a: Alchemist
|-damage|p2a: Alchemist|0 fnt
|faint|p2a: Alchemist
|
|upkeep
|
|t:|1781257738
|switch|p2a: Bull's-eye|Dragapult, F|100/100
|turn|12
|
|t:|1781257761
|switch|p1a: Tornadus|Tornadus-Therian, M|82/100
|move|p2a: Bull's-eye|Draco Meteor|p1a: Tornadus
|-damage|p1a: Tornadus|16/100
|-unboost|p2a: Bull's-eye|spa|2
|
|upkeep
|turn|13
|
|t:|1781257764
|move|p2a: Bull's-eye|Draco Meteor|p1a: Tornadus
|-damage|p1a: Tornadus|0 fnt
|-unboost|p2a: Bull's-eye|spa|2
|faint|p1a: Tornadus
|
|upkeep
|j| yuureisuisei
|inactive|testingyup has 120 seconds left.
|inactive|testingyup has 90 seconds left.
|
|t:|1781257823
|switch|p1a: Kyurem|Kyurem|100/100
|-ability|p1a: Kyurem|Pressure
|turn|14
|
|t:|1781257826
|switch|p2a: P!nk|Clefable, F|89/100
|move|p1a: Kyurem|Dragon Dance|p1a: Kyurem
|-boost|p1a: Kyurem|atk|1
|-boost|p1a: Kyurem|spe|1
|
|upkeep
|turn|15
|
|t:|1781257836
|move|p1a: Kyurem|Iron Head|p2a: P!nk
|-supereffective|p2a: P!nk
|-damage|p2a: P!nk|16/100
|move|p2a: P!nk|Moonblast|p1a: Kyurem
|-supereffective|p1a: Kyurem
|-damage|p1a: Kyurem|46/100
|-unboost|p1a: Kyurem|spa|1
|
|upkeep
|turn|16
|
|t:|1781257843
|move|p1a: Kyurem|Icicle Spear|p2a: P!nk
|-damage|p2a: P!nk|0 fnt
|faint|p2a: P!nk
|-hitcount|p2: P!nk|1
|
|upkeep
|
|t:|1781257845
|switch|p2a: Voyageur|Corviknight, F|100/100
|-ability|p2a: Voyageur|Pressure
|turn|17
|inactive|testingyup has 120 seconds left.
|
|t:|1781257862
|move|p1a: Kyurem|Icicle Spear|p2a: Voyageur
|-damage|p2a: Voyageur|87/100
|-damage|p2a: Voyageur|73/100
|-damage|p2a: Voyageur|59/100
|-damage|p2a: Voyageur|46/100
|-hitcount|p2a: Voyageur|4
|move|p2a: Voyageur|Iron Defense|p2a: Voyageur
|-boost|p2a: Voyageur|def|2
|
|upkeep
|turn|18
|
|t:|1781257866
|move|p1a: Kyurem|Dragon Dance|p1a: Kyurem
|-boost|p1a: Kyurem|atk|1
|-boost|p1a: Kyurem|spe|1
|move|p2a: Voyageur|Roost|p2a: Voyageur
|-heal|p2a: Voyageur|96/100
|-singleturn|p2a: Voyageur|move: Roost
|
|upkeep
|turn|19
|
|t:|1781257868
|move|p1a: Kyurem|Icicle Spear|p2a: Voyageur
|-damage|p2a: Voyageur|87/100
|-damage|p2a: Voyageur|79/100
|-damage|p2a: Voyageur|70/100
|-damage|p2a: Voyageur|62/100
|-damage|p2a: Voyageur|52/100
|-hitcount|p2a: Voyageur|5
|move|p2a: Voyageur|Iron Defense|p2a: Voyageur
|-boost|p2a: Voyageur|def|2
|
|upkeep
|turn|20
|l| yuureisuisei
|
|t:|1781257878
|switch|p1a: Skeledirge|Skeledirge, M|100/100
|move|p2a: Voyageur|Roost|p2a: Voyageur
|-heal|p2a: Voyageur|100/100
|-singleturn|p2a: Voyageur|move: Roost
|
|upkeep
|turn|21
|
|t:|1781257881
|switch|p2a: Jack|Samurott-Hisui, M|100/100
|move|p1a: Skeledirge|Torch Song|p2a: Jack
|-resisted|p2a: Jack
|-damage|p2a: Jack|81/100
|-boost|p1a: Skeledirge|spa|1
|
|upkeep
|turn|22
|inactive|testingyup has 120 seconds left.
|
|t:|1781257920
|move|p2a: Jack|Ceaseless Edge|p1a: Skeledirge
|-supereffective|p1a: Skeledirge
|-damage|p1a: Skeledirge|25/100
|-sidestart|p1: testingyup|Spikes
|move|p1a: Skeledirge|Earth Power|p2a: Jack
|-damage|p2a: Jack|36/100
|
|-heal|p1a: Skeledirge|31/100|[from] item: Leftovers
|upkeep
|turn|23
|inactive|testingyup has 120 seconds left.
|
|t:|1781257926
|move|p2a: Jack|Ceaseless Edge|p1a: Skeledirge|[miss]
|-miss|p2a: Jack|p1a: Skeledirge
|move|p1a: Skeledirge|Earth Power|p2a: Jack
|-damage|p2a: Jack|0 fnt
|faint|p2a: Jack
|
|-heal|p1a: Skeledirge|37/100|[from] item: Leftovers
|upkeep
|
|t:|1781257933
|switch|p2a: Bull's-eye|Dragapult, F|100/100
|turn|24
|
|t:|1781257940
|move|p2a: Bull's-eye|Shadow Ball|p1a: Skeledirge
|-supereffective|p1a: Skeledirge
|-damage|p1a: Skeledirge|0 fnt
|faint|p1a: Skeledirge
|
|upkeep
|inactive|testingyup has 120 seconds left.
|
|t:|1781257966
|switch|p1a: Cinderace|Cinderace, F|100/100
|-damage|p1a: Cinderace|88/100|[from] Spikes
|turn|25
|
|t:|1781257971
|switch|p2a: Loxodonta|Great Tusk|100/100
|move|p1a: Cinderace|Sucker Punch||[still]
|-fail|p1a: Cinderace
|
|upkeep
|turn|26
|
|t:|1781257975
|switch|p1a: Kyurem|Kyurem|46/100
|-damage|p1a: Kyurem|34/100|[from] Spikes
|-ability|p1a: Kyurem|Pressure
|-end|p2a: Loxodonta|Protosynthesis|[silent]
|switch|p2a: Bull's-eye|Dragapult, F|100/100
|
|upkeep
|turn|27
|
|t:|1781257983
|move|p2a: Bull's-eye|Shadow Ball|p1a: Kyurem
|-damage|p1a: Kyurem|0 fnt
|faint|p1a: Kyurem
|
|upkeep
|inactive|testingyup has 120 seconds left.
|
|t:|1781258027
|switch|p1a: Ogerpon|Ogerpon-Wellspring, F|100/100
|-damage|p1a: Ogerpon|88/100|[from] Spikes
|turn|28
|
|t:|1781258030
|switch|p2a: Voyageur|Corviknight, F|100/100
|-ability|p2a: Voyageur|Pressure
|move|p1a: Ogerpon|Knock Off|p2a: Voyageur
|-damage|p2a: Voyageur|75/100
|-damage|p1a: Ogerpon|72/100|[from] item: Rocky Helmet|[of] p2a: Voyageur
|-enditem|p2a: Voyageur|Rocky Helmet|[from] move: Knock Off|[of] p1a: Ogerpon
|
|upkeep
|turn|29
|
|t:|1781258035
|switch|p1a: Pecharunt|Pecharunt|100/100
|-damage|p1a: Pecharunt|88/100|[from] Spikes
|-terastallize|p2a: Voyageur|Dragon
|move|p2a: Voyageur|Iron Defense|p2a: Voyageur
|-boost|p2a: Voyageur|def|2
|
|upkeep
|turn|30
|
|t:|1781258042
|switch|p2a: Loxodonta|Great Tusk|100/100
|move|p1a: Pecharunt|Malignant Chain|p2a: Loxodonta
|-resisted|p2a: Loxodonta
|-damage|p2a: Loxodonta|55/100
|-status|p2a: Loxodonta|tox
|-start|p2a: Loxodonta|confusion|[from] ability: Poison Puppeteer|[of] p1a: Pecharunt
|
|-heal|p2a: Loxodonta|61/100 tox|[from] item: Leftovers
|-damage|p2a: Loxodonta|55/100 tox|[from] psn
|upkeep
|turn|31
|inactive|testingyup has 120 seconds left.
|j| Vitriso
|
|t:|1781258075
|switch|p1a: Cinderace|Cinderace, F|88/100
|-damage|p1a: Cinderace|76/100|[from] Spikes
|-activate|p2a: Loxodonta|confusion
|move|p2a: Loxodonta|Headlong Rush|p1a: Cinderace
|-supereffective|p1a: Cinderace
|-damage|p1a: Cinderace|0 fnt
|-unboost|p2a: Loxodonta|def|1
|-unboost|p2a: Loxodonta|spd|1
|faint|p1a: Cinderace
|
|-heal|p2a: Loxodonta|61/100 tox|[from] item: Leftovers
|-damage|p2a: Loxodonta|48/100 tox|[from] psn
|upkeep
|l| Vitriso
|
|t:|1781258086
|switch|p1a: Ogerpon|Ogerpon-Wellspring, F|72/100
|-damage|p1a: Ogerpon|59/100|[from] Spikes
|turn|32
|
|t:|1781258092
|-end|p2a: Loxodonta|Protosynthesis|[silent]
|switch|p2a: Voyageur|Corviknight, F, tera:Dragon|75/100
|-ability|p2a: Voyageur|Pressure
|move|p1a: Ogerpon|Trailblaze|p2a: Voyageur
|-resisted|p2a: Voyageur
|-crit|p2a: Voyageur
|-damage|p2a: Voyageur|63/100
|-boost|p1a: Ogerpon|spe|1
|
|upkeep
|turn|33
|
|t:|1781258102
|switch|p1a: Pecharunt|Pecharunt|88/100
|-damage|p1a: Pecharunt|76/100|[from] Spikes
|move|p2a: Voyageur|Roost|p2a: Voyageur
|-heal|p2a: Voyageur|100/100
|
|upkeep
|turn|34
|inactive|testingyup has 120 seconds left.
|
|t:|1781258115
|switch|p1a: Ogerpon|Ogerpon-Wellspring, F|59/100
|-damage|p1a: Ogerpon|47/100|[from] Spikes
|move|p2a: Voyageur|U-turn|p1a: Ogerpon
|-supereffective|p1a: Ogerpon
|-damage|p1a: Ogerpon|6/100
|
|t:|1781258117
|switch|p2a: Bull's-eye|Dragapult, F|100/100|[from] U-turn
|
|upkeep
|turn|35
|
|t:|1781258124
|move|p2a: Bull's-eye|Shadow Ball|p1a: Ogerpon
|-damage|p1a: Ogerpon|0 fnt
|faint|p1a: Ogerpon
|
|upkeep
|
|t:|1781258125
|switch|p1a: Pecharunt|Pecharunt|76/100
|-damage|p1a: Pecharunt|64/100|[from] Spikes
|turn|36
|
|t:|1781258129
|move|p2a: Bull's-eye|Shadow Ball|p1a: Pecharunt
|-supereffective|p1a: Pecharunt
|-damage|p1a: Pecharunt|0 fnt
|faint|p1a: Pecharunt
|
|win|juli<33
|raw|testingyup's rating: 1606 &rarr; <strong>1592</strong><br />(-14 for losing)
|raw|juli&lt;33's rating: 1719 &rarr; <strong>1733</strong><br />(+14 for winning)
|l| lord shiddenfards
|l|☆testingyup
|player|p1|
|l|☆juli<33
|player|p2|
|j| puncunman
|l| puncunman
|l| choispecs ironmoth
