|j|☆kiritofps4
|j|☆ethereallovefr
|t:|1781312162
|gametype|singles
|player|p1|kiritofps4|clair-masters|1566
|player|p2|ethereallovefr|170|1573
|gen|9
|tier|[Gen 9] OU
|rated|
|rule|HP Percentage Mod: HP is shown in percentages
|rule|Endless Battle Clause: Forcing endless battles is banned
|rule|Species Clause: Limit one of each Pokémon
|rule|OHKO Clause: OHKO moves are banned
|rule|Evasion Items Clause: Evasion items are banned
|rule|Evasion Moves Clause: Evasion moves are banned
|rule|Evasion Abilities Clause: Evasion abilities are banned
|rule|Sleep Moves Clause: Sleep-inducing moves are banned
|clearpoke
|poke|p1|Latias, F|
|poke|p1|Mimikyu, F|
|poke|p1|Glimmora, F|
|poke|p1|Kingambit, M|
|poke|p1|Iron Boulder|
|poke|p1|Iron Moth|
|poke|p2|Cresselia, F|
|poke|p2|Porygon2|
|poke|p2|Ursaluna, F|
|poke|p2|Crawdaunt, M|
|poke|p2|Iron Hands|
|poke|p2|Kingambit, F|
|teampreview
|c|☆kiritofps4|hello
|
|t:|1781312195
|teamsize|p1|6
|teamsize|p2|6
|start
|switch|p1a: Senbonzakura|Glimmora, F|100/100
|switch|p2a: 🤖|Porygon2|100/100
|-ability|p2a: 🤖|Download|boost
|-boost|p2a: 🤖|spa|1
|turn|1
|c|☆kiritofps4|Can you send me that trick room after our game?
|
|t:|1781312217
|move|p1a: Senbonzakura|Stealth Rock|p2a: 🤖
|-sidestart|p2: ethereallovefr|move: Stealth Rock
|move|p2a: 🤖|Trick Room|p2a: 🤖
|-fieldstart|move: Trick Room|[of] p2a: 🤖
|
|upkeep
|turn|2
|
|t:|1781312233
|switch|p2a: 🐾|Ursaluna, F, shiny|100/100
|-damage|p2a: 🐾|94/100|[from] Stealth Rock
|move|p1a: Senbonzakura|Mortal Spin|p2a: 🐾
|-resisted|p2a: 🐾
|-damage|p2a: 🐾|92/100
|-status|p2a: 🐾|psn
|
|-damage|p2a: 🐾|80/100 psn|[from] psn
|upkeep
|turn|3
|
|t:|1781312240
|move|p2a: 🐾|Swords Dance|p2a: 🐾
|-boost|p2a: 🐾|atk|2
|move|p1a: Senbonzakura|Earth Power|p2a: 🐾
|-damage|p2a: 🐾|52/100 psn
|
|-damage|p2a: 🐾|39/100 psn|[from] psn
|upkeep
|turn|4
|
|t:|1781312246
|move|p2a: 🐾|Drain Punch|p1a: Senbonzakura
|-enditem|p1a: Senbonzakura|Focus Sash
|-damage|p1a: Senbonzakura|1/100
|-heal|p2a: 🐾|72/100 psn|[from] drain|[of] p1a: Senbonzakura
|-activate|p1a: Senbonzakura|ability: Toxic Debris
|-sidestart|p2: ethereallovefr|move: Toxic Spikes
|move|p1a: Senbonzakura|Earth Power|p2a: 🐾
|-damage|p2a: 🐾|43/100 psn
|
|-damage|p2a: 🐾|30/100 psn|[from] psn
|upkeep
|turn|5
|
|t:|1781312256
|move|p2a: 🐾|Headlong Rush|p1a: Senbonzakura
|-supereffective|p1a: Senbonzakura
|-damage|p1a: Senbonzakura|0 fnt
|-unboost|p2a: 🐾|def|1
|-unboost|p2a: 🐾|spd|1
|-activate|p1a: Senbonzakura|ability: Toxic Debris
|-sidestart|p2: ethereallovefr|move: Toxic Spikes
|faint|p1a: Senbonzakura
|
|-damage|p2a: 🐾|18/100 psn|[from] psn
|-fieldend|move: Trick Room
|upkeep
|
|t:|1781312265
|switch|p1a: Smithy|Iron Boulder|100/100
|-enditem|p1a: Smithy|Booster Energy
|-activate|p1a: Smithy|ability: Quark Drive|[fromitem]
|-start|p1a: Smithy|quarkdrivespe
|turn|6
|
|t:|1781312277
|move|p1a: Smithy|Mighty Cleave|p2a: 🐾
|-resisted|p2a: 🐾
|-damage|p2a: 🐾|0 fnt
|faint|p2a: 🐾
|
|upkeep
|
|t:|1781312314
|switch|p2a: 🌟|Cresselia, F, shiny|100/100
|-damage|p2a: 🌟|88/100|[from] Stealth Rock
|turn|7
|
|t:|1781312320
|move|p1a: Smithy|Substitute|p1a: Smithy
|-start|p1a: Smithy|Substitute
|-damage|p1a: Smithy|76/100
|move|p2a: 🌟|Trick Room|p2a: 🌟
|-fieldstart|move: Trick Room|[of] p2a: 🌟
|
|upkeep
|turn|8
|
|t:|1781312331
|switch|p2a: ✋👄✋|Iron Hands|100/100
|-damage|p2a: ✋👄✋|94/100|[from] Stealth Rock
|-status|p2a: ✋👄✋|tox
|-enditem|p2a: ✋👄✋|Booster Energy
|-activate|p2a: ✋👄✋|ability: Quark Drive|[fromitem]
|-start|p2a: ✋👄✋|quarkdriveatk
|move|p1a: Smithy|Swords Dance|p1a: Smithy
|-boost|p1a: Smithy|atk|2
|
|-damage|p2a: ✋👄✋|88/100 tox|[from] psn
|upkeep
|turn|9
|
|t:|1781312365
|move|p2a: ✋👄✋|Drain Punch|p1a: Smithy
|-end|p1a: Smithy|Substitute
|-heal|p2a: ✋👄✋|96/100 tox|[from] drain|[of] p1a: Smithy
|move|p1a: Smithy|Close Combat|p2a: ✋👄✋
|-damage|p2a: ✋👄✋|46/100 tox
|-unboost|p1a: Smithy|def|1
|-unboost|p1a: Smithy|spd|1
|
|-damage|p2a: ✋👄✋|34/100 tox|[from] psn
|upkeep
|turn|10
|
|t:|1781312385
|-end|p1a: Smithy|Quark Drive|[silent]
|switch|p1a: Mimikyute|Mimikyu, F|100/100
|move|p2a: ✋👄✋|Wild Charge|p1a: Mimikyute
|-activate|p1a: Mimikyute|ability: Disguise
|-damage|p1a: Mimikyute|100/100
|detailschange|p1a: Mimikyute|Mimikyu-Busted, F
|-damage|p1a: Mimikyute|88/100|[from] pokemon: Mimikyu-Busted
|
|-damage|p2a: ✋👄✋|15/100 tox|[from] psn
|upkeep
|turn|11
|
|t:|1781312397
|-end|p2a: ✋👄✋|Quark Drive|[silent]
|switch|p2a: 🌟|Cresselia, F, shiny|88/100
|-damage|p2a: 🌟|76/100|[from] Stealth Rock
|move|p1a: Mimikyute|Shadow Sneak|p2a: 🌟
|-supereffective|p2a: 🌟
|-damage|p2a: 🌟|44/100
|-damage|p1a: Mimikyute|78/100|[from] item: Life Orb
|
|-fieldend|move: Trick Room
|upkeep
|turn|12
|
|t:|1781312416
|move|p1a: Mimikyute|Swords Dance|p1a: Mimikyute
|-boost|p1a: Mimikyute|atk|2
|move|p2a: 🌟|Trick Room|p2a: 🌟
|-fieldstart|move: Trick Room|[of] p2a: 🌟
|
|upkeep
|turn|13
|
|t:|1781312435
|switch|p2a: 🤖|Porygon2|100/100
|-damage|p2a: 🤖|88/100|[from] Stealth Rock
|-status|p2a: 🤖|tox
|-ability|p2a: 🤖|Download|boost
|-boost|p2a: 🤖|atk|1
|move|p1a: Mimikyute|Shadow Claw|p2a: 🤖
|-immune|p2a: 🤖
|
|-damage|p2a: 🤖|82/100 tox|[from] psn
|upkeep
|turn|14
|
|t:|1781312441
|move|p2a: 🤖|Ice Beam|p1a: Mimikyute
|-damage|p1a: Mimikyute|44/100
|move|p1a: Mimikyute|Play Rough|p2a: 🤖
|-damage|p2a: 🤖|33/100 tox
|-damage|p1a: Mimikyute|34/100|[from] item: Life Orb
|
|-damage|p2a: 🤖|21/100 tox|[from] psn
|upkeep
|turn|15
|
|t:|1781312448
|move|p2a: 🤖|Recover|p2a: 🤖
|-heal|p2a: 🤖|71/100 tox
|move|p1a: Mimikyute|Play Rough|p2a: 🤖
|-damage|p2a: 🤖|15/100 tox
|-damage|p1a: Mimikyute|24/100|[from] item: Life Orb
|
|-damage|p2a: 🤖|0 fnt|[from] psn
|faint|p2a: 🤖
|upkeep
|
|t:|1781312480
|switch|p2a: 🦀|Crawdaunt, M, shiny|100/100
|-damage|p2a: 🦀|88/100|[from] Stealth Rock
|-status|p2a: 🦀|tox
|turn|16
|
|t:|1781312487
|move|p1a: Mimikyute|Shadow Sneak|p2a: 🦀
|-resisted|p2a: 🦀
|-damage|p2a: 🦀|64/100 tox
|-damage|p1a: Mimikyute|14/100|[from] item: Life Orb
|move|p2a: 🦀|Knock Off|p1a: Mimikyute
|-damage|p1a: Mimikyute|0 fnt
|-enditem|p1a: Mimikyute|Life Orb|[from] move: Knock Off|[of] p2a: 🦀
|faint|p1a: Mimikyute
|-damage|p2a: 🦀|54/100 tox|[from] item: Life Orb
|
|-damage|p2a: 🦀|48/100 tox|[from] psn
|-fieldend|move: Trick Room
|upkeep
|
|t:|1781312528
|switch|p1a: Latinas|Latias, F|100/100
|turn|17
|
|t:|1781312538
|switch|p2a: ✋👄✋|Iron Hands|15/100 tox
|-damage|p2a: ✋👄✋|9/100 tox|[from] Stealth Rock
|move|p1a: Latinas|Draining Kiss|p2a: ✋👄✋
|-supereffective|p2a: ✋👄✋
|-damage|p2a: ✋👄✋|0 fnt
|faint|p2a: ✋👄✋
|-end|p2a: ✋👄✋|Quark Drive|[silent]
|
|upkeep
|
|t:|1781312539
|switch|p2a: 🌟|Cresselia, F, shiny|44/100
|-damage|p2a: 🌟|32/100|[from] Stealth Rock
|turn|18
|
|t:|1781312557
|switch|p1a: Smithy|Iron Boulder|76/100
|move|p2a: 🌟|Trick|p1a: Smithy
|-activate|p2a: 🌟|move: Trick|[of] p1a: Smithy
|-item|p1a: Smithy|Choice Scarf|[from] move: Trick
|-enditem|p2a: 🌟|Choice Scarf|[silent]|[from] move: Trick
|
|upkeep
|turn|19
|
|t:|1781312569
|move|p1a: Smithy|Mighty Cleave|p2a: 🌟
|-damage|p2a: 🌟|0 fnt
|faint|p2a: 🌟
|
|upkeep
|
|t:|1781312577
|switch|p2a: ⚔️|Kingambit, F|100/100
|-damage|p2a: ⚔️|94/100|[from] Stealth Rock
|-activate|p2a: ⚔️|ability: Supreme Overlord
|-start|p2a: ⚔️|fallen4|[silent]
|turn|20
|
|t:|1781312589
|-end|p1a: Smithy|Quark Drive|[silent]
|switch|p1a: Portal|Iron Moth|100/100
|-enditem|p1a: Portal|Booster Energy
|-activate|p1a: Portal|ability: Quark Drive|[fromitem]
|-start|p1a: Portal|quarkdrivespe
|move|p2a: ⚔️|Swords Dance|p2a: ⚔️
|-boost|p2a: ⚔️|atk|2
|
|upkeep
|turn|21
|
|t:|1781312611
|move|p2a: ⚔️|Sucker Punch|p1a: Portal
|-damage|p1a: Portal|0 fnt
|faint|p1a: Portal
|-end|p1a: Portal|Quark Drive|[silent]
|
|upkeep
|
|t:|1781312614
|switch|p1a: Smithy|Iron Boulder|76/100
|turn|22
|
|t:|1781312622
|move|p1a: Smithy|Close Combat|p2a: ⚔️
|-supereffective|p2a: ⚔️
|-damage|p2a: ⚔️|0 fnt
|-unboost|p1a: Smithy|def|1
|-unboost|p1a: Smithy|spd|1
|faint|p2a: ⚔️
|-end|p2a: ⚔️|fallen4|[silent]
|
|upkeep
|
|t:|1781312626
|switch|p2a: 🦀|Crawdaunt, M, shiny|48/100 tox
|-damage|p2a: 🦀|36/100 tox|[from] Stealth Rock
|turn|23
|
|t:|1781312630
|move|p1a: Smithy|Close Combat|p2a: 🦀
|-supereffective|p2a: 🦀
|-damage|p2a: 🦀|0 fnt
|-unboost|p1a: Smithy|def|1
|-unboost|p1a: Smithy|spd|1
|faint|p2a: 🦀
|
|win|kiritofps4
|raw|kiritofps4's rating: 1566 &rarr; <strong>1586</strong><br />(+20 for winning)
|raw|ethereallovefr's rating: 1573 &rarr; <strong>1553</strong><br />(-20 for losing)
|l|☆ethereallovefr
|player|p2|
