|j|☆KurisuChestnutLab
|j|☆Ausar489
|t:|1781109050
|gametype|singles
|player|p1|KurisuChestnutLab|may-contest|1560
|player|p2|Ausar489|lucas-gen4pt|1637
|gen|9
|tier|[Gen 9] OU
|rated|
|rule|HP Percentage Mod: HP is shown in percentages
|rule|Endless Battle Clause: Forcing endless battles is banned
|rule|Species Clause: Limit one of each Pokémon
|rule|OHKO Clause: OHKO moves are banned
|rule|Evasion Items Clause: Evasion items are banned
|rule|Evasion Moves Clause: Evasion moves are banned
|rule|Evasion Abilities Clause: Evasion abilities are banned
|rule|Sleep Moves Clause: Sleep-inducing moves are banned
|clearpoke
|poke|p1|Primarina, F|
|poke|p1|Hippowdon, M|
|poke|p1|Skarmory, F|
|poke|p1|Zapdos|
|poke|p1|Dragonite, F|
|poke|p1|Slowking, F|
|poke|p2|Ceruledge, M|
|poke|p2|Torkoal, F|
|poke|p2|Great Tusk|
|poke|p2|Walking Wake|
|poke|p2|Venusaur, F|
|poke|p2|Hatterene, F|
|teampreview
|inactive|Battle timer is ON: inactive players will automatically lose when time's up. (requested by Ausar489)
|inactive|KurisuChestnutLab also wants the timer to be on.
|
|t:|1781109061
|teamsize|p1|6
|teamsize|p2|6
|start
|switch|p1a: Primarina|Primarina, F|100/100
|switch|p2a: Great Tusk|Great Tusk|100/100
|turn|1
|
|t:|1781109073
|move|p2a: Great Tusk|Rapid Spin|p1a: Primarina
|-damage|p1a: Primarina|77/100
|-boost|p2a: Great Tusk|spe|1
|move|p1a: Primarina|Surf|p2a: Great Tusk
|-supereffective|p2a: Great Tusk
|-damage|p2a: Great Tusk|2/100
|
|upkeep
|turn|2
|
|t:|1781109086
|switch|p1a: Skarmory|Skarmory, F|100/100
|move|p2a: Great Tusk|Headlong Rush|p1a: Skarmory
|-immune|p1a: Skarmory
|
|upkeep
|turn|3
|
|t:|1781109093
|-end|p2a: Great Tusk|Protosynthesis|[silent]
|switch|p2a: Hatterene|Hatterene, F|100/100
|move|p1a: Skarmory|Iron Head|p2a: Hatterene
|-supereffective|p2a: Hatterene
|-damage|p2a: Hatterene|64/100
|-enditem|p2a: Hatterene|Eject Button
|
|t:|1781109104
|switch|p2a: Walking Wake|Walking Wake|100/100
|
|upkeep
|turn|4
|
|t:|1781109107
|switch|p1a: Primarina|Primarina, F|77/100
|move|p2a: Walking Wake|Hydro Steam|p1a: Primarina
|-resisted|p1a: Primarina
|-damage|p1a: Primarina|60/100
|
|upkeep
|turn|5
|
|t:|1781109114
|-end|p2a: Walking Wake|Protosynthesis|[silent]
|switch|p2a: Hatterene|Hatterene, F|64/100
|move|p1a: Primarina|Psychic|p2a: Hatterene
|-resisted|p2a: Hatterene
|-damage|p2a: Hatterene|46/100
|
|upkeep
|turn|6
|
|t:|1781109119
|move|p1a: Primarina|Moonblast|p2a: Hatterene
|-damage|p2a: Hatterene|0 fnt
|faint|p2a: Hatterene
|
|upkeep
|
|t:|1781109130
|switch|p2a: Torkoal|Torkoal, F|100/100
|-weather|SunnyDay|[from] ability: Drought|[of] p2a: Torkoal
|turn|7
|
|t:|1781109134
|switch|p2a: Venusaur|Venusaur, F|100/100
|move|p1a: Primarina|Psychic|p2a: Venusaur
|-supereffective|p2a: Venusaur
|-damage|p2a: Venusaur|17/100
|
|-weather|SunnyDay|[upkeep]
|upkeep
|turn|8
|
|t:|1781109139
|switch|p1a: Hippowdon|Hippowdon, M|100/100
|-weather|Sandstorm|[from] ability: Sand Stream|[of] p1a: Hippowdon
|move|p2a: Venusaur|Sludge Bomb|p1a: Hippowdon
|-resisted|p1a: Hippowdon
|-damage|p1a: Hippowdon|75/100
|-damage|p2a: Venusaur|7/100|[from] item: Life Orb
|
|-weather|Sandstorm|[upkeep]
|-damage|p2a: Venusaur|1/100|[from] Sandstorm
|-heal|p1a: Hippowdon|82/100|[from] item: Leftovers
|upkeep
|turn|9
|
|t:|1781109146
|switch|p1a: Dragonite|Dragonite, F|100/100
|move|p2a: Venusaur|Giga Drain|p1a: Dragonite
|-resisted|p1a: Dragonite
|-damage|p1a: Dragonite|95/100
|-heal|p2a: Venusaur|4/100|[from] drain|[of] p1a: Dragonite
|-damage|p2a: Venusaur|0 fnt|[from] item: Life Orb
|faint|p2a: Venusaur
|
|-weather|Sandstorm|[upkeep]
|-damage|p1a: Dragonite|89/100|[from] Sandstorm
|upkeep
|
|t:|1781109151
|switch|p2a: Torkoal|Torkoal, F|100/100
|-weather|SunnyDay|[from] ability: Drought|[of] p2a: Torkoal
|turn|10
|
|t:|1781109158
|switch|p2a: Great Tusk|Great Tusk|2/100
|-activate|p2a: Great Tusk|ability: Protosynthesis
|-start|p2a: Great Tusk|protosynthesisatk
|move|p1a: Dragonite|Earthquake|p2a: Great Tusk
|-damage|p2a: Great Tusk|0 fnt
|faint|p2a: Great Tusk
|-end|p2a: Great Tusk|Protosynthesis|[silent]
|
|-weather|SunnyDay|[upkeep]
|upkeep
|
|t:|1781109161
|switch|p2a: Walking Wake|Walking Wake|100/100
|-activate|p2a: Walking Wake|ability: Protosynthesis
|-start|p2a: Walking Wake|protosynthesisspe
|turn|11
|
|t:|1781109164
|switch|p1a: Slowking|Slowking, F|100/100
|-terastallize|p2a: Walking Wake|Water
|move|p2a: Walking Wake|Hydro Steam|p1a: Slowking
|-resisted|p1a: Slowking
|-damage|p1a: Slowking|68/100
|
|-weather|SunnyDay|[upkeep]
|upkeep
|turn|12
|
|t:|1781109172
|-end|p2a: Walking Wake|Protosynthesis|[silent]
|switch|p2a: Ceruledge|Ceruledge, M, shiny|100/100
|-prepare|p1a: Slowking|Chilly Reception|[premajor]
|move|p1a: Slowking|Chilly Reception|p1a: Slowking
|-weather|Snowscape
|
|t:|1781109179
|switch|p1a: Hippowdon|Hippowdon, M|82/100|[from] Chilly Reception
|-weather|Sandstorm|[from] ability: Sand Stream|[of] p1a: Hippowdon
|
|-weather|Sandstorm|[upkeep]
|-damage|p2a: Ceruledge|94/100|[from] Sandstorm
|-heal|p1a: Hippowdon|88/100|[from] item: Leftovers
|upkeep
|turn|13
|
|t:|1781109183
|switch|p2a: Torkoal|Torkoal, F|100/100
|-weather|SunnyDay|[from] ability: Drought|[of] p2a: Torkoal
|move|p1a: Hippowdon|Earthquake|p2a: Torkoal
|-supereffective|p2a: Torkoal
|-crit|p2a: Torkoal
|-damage|p2a: Torkoal|11/100
|
|-weather|SunnyDay|[upkeep]
|-heal|p1a: Hippowdon|94/100|[from] item: Leftovers
|upkeep
|turn|14
|
|t:|1781109189
|switch|p1a: Slowking|Slowking, F|100/100
|switch|p2a: Walking Wake|Walking Wake, tera:Water|100/100
|-activate|p2a: Walking Wake|ability: Protosynthesis
|-start|p2a: Walking Wake|protosynthesisspe
|
|-weather|SunnyDay|[upkeep]
|upkeep
|turn|15
|
|t:|1781109193
|move|p2a: Walking Wake|Draco Meteor|p1a: Slowking
|-damage|p1a: Slowking|39/100
|-unboost|p2a: Walking Wake|spa|2
|-prepare|p1a: Slowking|Chilly Reception|[premajor]
|move|p1a: Slowking|Chilly Reception|p1a: Slowking
|-weather|Snowscape
|-end|p2a: Walking Wake|Protosynthesis
|
|t:|1781109196
|switch|p1a: Hippowdon|Hippowdon, M|94/100|[from] Chilly Reception
|-weather|Sandstorm|[from] ability: Sand Stream|[of] p1a: Hippowdon
|
|-weather|Sandstorm|[upkeep]
|-damage|p2a: Walking Wake|94/100|[from] Sandstorm
|-heal|p1a: Hippowdon|99/100|[from] item: Leftovers
|upkeep
|turn|16
|
|t:|1781109201
|-end|p2a: Walking Wake|Protosynthesis|[silent]
|switch|p2a: Torkoal|Torkoal, F|11/100
|-weather|SunnyDay|[from] ability: Drought|[of] p2a: Torkoal
|switch|p1a: Slowking|Slowking, F|73/100
|
|-weather|SunnyDay|[upkeep]
|upkeep
|turn|17
|
|t:|1781109223
|switch|p2a: Ceruledge|Ceruledge, M, shiny|94/100
|move|p1a: Slowking|Future Sight|p2a: Ceruledge
|-start|p1a: Slowking|move: Future Sight
|
|-weather|SunnyDay|[upkeep]
|upkeep
|turn|18
|
|t:|1781109228
|switch|p1a: Hippowdon|Hippowdon, M|99/100
|-weather|Sandstorm|[from] ability: Sand Stream|[of] p1a: Hippowdon
|move|p2a: Ceruledge|Solar Blade||[still]
|-prepare|p2a: Ceruledge|Solar Blade
|
|-weather|Sandstorm|[upkeep]
|-damage|p2a: Ceruledge|88/100|[from] Sandstorm
|-heal|p1a: Hippowdon|100/100|[from] item: Leftovers
|upkeep
|turn|19
|
|t:|1781109231
|move|p2a: Ceruledge|Solar Blade|p1a: Hippowdon|[from] lockedmove
|-supereffective|p1a: Hippowdon
|-damage|p1a: Hippowdon|79/100
|move|p1a: Hippowdon|Earthquake|p2a: Ceruledge
|-supereffective|p2a: Ceruledge
|-damage|p2a: Ceruledge|0 fnt
|faint|p2a: Ceruledge
|
|-weather|Sandstorm|[upkeep]
|-hint|Future Sight did not hit because the target is fainted.
|-heal|p1a: Hippowdon|85/100|[from] item: Leftovers
|upkeep
|
|t:|1781109235
|switch|p2a: Walking Wake|Walking Wake, tera:Water|94/100
|turn|20
|j| heptastrike
|
|t:|1781109239
|switch|p1a: Slowking|Slowking, F|100/100
|move|p2a: Walking Wake|Hydro Steam|p1a: Slowking
|-resisted|p1a: Slowking
|-damage|p1a: Slowking|75/100
|
|-weather|Sandstorm|[upkeep]
|-damage|p2a: Walking Wake|88/100|[from] Sandstorm
|-damage|p1a: Slowking|69/100|[from] Sandstorm
|upkeep
|turn|21
|
|t:|1781109243
|move|p2a: Walking Wake|Hydro Steam|p1a: Slowking
|-resisted|p1a: Slowking
|-damage|p1a: Slowking|46/100
|move|p1a: Slowking|Future Sight|p2a: Walking Wake
|-start|p1a: Slowking|move: Future Sight
|
|-weather|Sandstorm|[upkeep]
|-damage|p2a: Walking Wake|82/100|[from] Sandstorm
|-damage|p1a: Slowking|40/100|[from] Sandstorm
|upkeep
|turn|22
|
|t:|1781109248
|move|p2a: Walking Wake|Hydro Steam|p1a: Slowking
|-resisted|p1a: Slowking
|-damage|p1a: Slowking|16/100
|move|p1a: Slowking|Slack Off|p1a: Slowking
|-heal|p1a: Slowking|66/100
|
|-weather|none
|upkeep
|turn|23
|l| heptastrike
|
|t:|1781109253
|-end|p2a: Walking Wake|Protosynthesis|[silent]
|switch|p2a: Torkoal|Torkoal, F|11/100
|-weather|SunnyDay|[from] ability: Drought|[of] p2a: Torkoal
|-prepare|p1a: Slowking|Chilly Reception|[premajor]
|move|p1a: Slowking|Chilly Reception|p1a: Slowking
|-weather|Snowscape
|
|t:|1781109260
|switch|p1a: Primarina|Primarina, F|60/100|[from] Chilly Reception
|
|-weather|Snowscape|[upkeep]
|-end|p2a: Torkoal|move: Future Sight
|-damage|p2a: Torkoal|0 fnt
|faint|p2a: Torkoal
|upkeep
|-message|Ausar489 forfeited.
|
|win|KurisuChestnutLab
|raw|KurisuChestnutLab's rating: 1560 &rarr; <strong>1584</strong><br />(+24 for winning)
|raw|Ausar489's rating: 1637 &rarr; <strong>1613</strong><br />(-24 for losing)
|l|☆Ausar489
|player|p2|
