|j|☆Boxed by Po
|j|☆jonuz
|t:|1781285741
|gametype|singles
|player|p1|Boxed by Po|firebreather|1658
|player|p2|jonuz|101|1708
|gen|9
|tier|[Gen 9] OU
|rated|
|rule|HP Percentage Mod: HP is shown in percentages
|rule|Endless Battle Clause: Forcing endless battles is banned
|rule|Species Clause: Limit one of each Pokémon
|rule|OHKO Clause: OHKO moves are banned
|rule|Evasion Items Clause: Evasion items are banned
|rule|Evasion Moves Clause: Evasion moves are banned
|rule|Evasion Abilities Clause: Evasion abilities are banned
|rule|Sleep Moves Clause: Sleep-inducing moves are banned
|clearpoke
|poke|p1|Cinderace, M|
|poke|p1|Mandibuzz, F|
|poke|p1|Kyurem|
|poke|p1|Ting-Lu|
|poke|p1|Latias, F|
|poke|p1|Kingambit, M|
|poke|p2|Gholdengo|
|poke|p2|Darkrai|
|poke|p2|Clefable, F|
|poke|p2|Ting-Lu|
|poke|p2|Dragonite, F|
|poke|p2|Pecharunt|
|teampreview
|inactive|Battle timer is ON: inactive players will automatically lose when time's up. (requested by Boxed by Po)
|
|t:|1781285750
|teamsize|p1|6
|teamsize|p2|6
|start
|switch|p1a: Apple bottom jeans|Cinderace, M|100/100
|switch|p2a: Darkrai|Darkrai|100/100
|turn|1
|
|t:|1781285753
|move|p2a: Darkrai|Dark Pulse|p1a: Apple bottom jeans
|-damage|p1a: Apple bottom jeans|2/100
|move|p1a: Apple bottom jeans|U-turn|p2a: Darkrai
|-start|p1a: Apple bottom jeans|typechange|Bug|[from] ability: Libero
|-supereffective|p2a: Darkrai
|-damage|p2a: Darkrai|15/100
|
|t:|1781285756
|switch|p1a: cure him|Kyurem|100/100|[from] U-turn
|-ability|p1a: cure him|Pressure
|
|upkeep
|turn|2
|
|t:|1781285767
|move|p1a: cure him|Earth Power|p2a: Darkrai
|-damage|p2a: Darkrai|0 fnt
|faint|p2a: Darkrai
|
|upkeep
|
|t:|1781285773
|switch|p2a: Dragonite|Dragonite, F|100/100
|turn|3
|
|t:|1781285778
|switch|p1a: Big Bird|Mandibuzz, F, shiny|100/100
|move|p2a: Dragonite|Dragon Dance|p2a: Dragonite
|-boost|p2a: Dragonite|atk|1
|-boost|p2a: Dragonite|spe|1
|
|upkeep
|turn|4
|
|t:|1781285784
|switch|p2a: Clefable|Clefable, F|100/100
|move|p1a: Big Bird|Foul Play|p2a: Clefable
|-resisted|p2a: Clefable
|-damage|p2a: Clefable|93/100
|
|-heal|p2a: Clefable|99/100|[from] item: Leftovers
|upkeep
|turn|5
|
|t:|1781285789
|switch|p1a: Apple bottom jeans|Cinderace, M|2/100
|move|p2a: Clefable|Knock Off|p1a: Apple bottom jeans
|-damage|p1a: Apple bottom jeans|0 fnt
|-enditem|p1a: Apple bottom jeans|Heavy-Duty Boots|[from] move: Knock Off|[of] p2a: Clefable
|faint|p1a: Apple bottom jeans
|
|-heal|p2a: Clefable|100/100|[from] item: Leftovers
|upkeep
|
|t:|1781285793
|switch|p1a: Tingle|Ting-Lu, shiny|100/100
|-ability|p1a: Tingle|Vessel of Ruin
|turn|6
|
|t:|1781285796
|move|p2a: Clefable|Knock Off|p1a: Tingle
|-resisted|p1a: Tingle
|-crit|p1a: Tingle
|-damage|p1a: Tingle|93/100
|-enditem|p1a: Tingle|Weakness Policy|[from] move: Knock Off|[of] p2a: Clefable
|move|p1a: Tingle|Heavy Slam|p2a: Clefable
|-supereffective|p2a: Clefable
|-damage|p2a: Clefable|35/100
|
|-heal|p2a: Clefable|41/100|[from] item: Leftovers
|upkeep
|turn|7
|
|t:|1781285805
|switch|p2a: Pecharunt|Pecharunt|100/100
|move|p1a: Tingle|Stealth Rock|p2a: Pecharunt
|-sidestart|p2: jonuz|move: Stealth Rock
|
|upkeep
|turn|8
|
|t:|1781285807
|move|p2a: Pecharunt|Parting Shot|p1a: Tingle
|-unboost|p1a: Tingle|atk|1
|-unboost|p1a: Tingle|spa|1
|
|t:|1781285812
|switch|p2a: Clefable|Clefable, F|41/100|[from] Parting Shot
|move|p1a: Tingle|Earthquake|p2a: Clefable
|-damage|p2a: Clefable|14/100
|
|-heal|p2a: Clefable|20/100|[from] item: Leftovers
|upkeep
|turn|9
|
|t:|1781285815
|move|p2a: Clefable|Moonlight|p2a: Clefable
|-heal|p2a: Clefable|70/100
|move|p1a: Tingle|Earthquake|p2a: Clefable
|-damage|p2a: Clefable|43/100
|
|-heal|p2a: Clefable|49/100|[from] item: Leftovers
|upkeep
|turn|10
|
|t:|1781285820
|switch|p1a: Kingamble|Kingambit, M, shiny|100/100
|-activate|p1a: Kingamble|ability: Supreme Overlord
|-start|p1a: Kingamble|fallen1|[silent]
|move|p2a: Clefable|Moonlight|p2a: Clefable
|-heal|p2a: Clefable|99/100
|
|-heal|p2a: Clefable|100/100|[from] item: Leftovers
|upkeep
|turn|11
|
|t:|1781285823
|switch|p2a: Ting-Lu|Ting-Lu|100/100
|-damage|p2a: Ting-Lu|94/100|[from] Stealth Rock
|-ability|p2a: Ting-Lu|Vessel of Ruin
|move|p1a: Kingamble|Iron Head|p2a: Ting-Lu
|-damage|p2a: Ting-Lu|69/100
|-enditem|p2a: Ting-Lu|Red Card|[of] p1a: Kingamble
|-end|p1a: Kingamble|fallen1|[silent]
|drag|p1a: Materdaddy|Latias, F, shiny|100/100
|
|upkeep
|turn|12
|
|t:|1781285829
|switch|p1a: Big Bird|Mandibuzz, F, shiny|100/100
|move|p2a: Ting-Lu|Stealth Rock|p1a: Big Bird
|-sidestart|p1: Boxed by Po|move: Stealth Rock
|
|upkeep
|turn|13
|
|t:|1781285831
|move|p1a: Big Bird|Foul Play|p2a: Ting-Lu
|-resisted|p2a: Ting-Lu
|-damage|p2a: Ting-Lu|60/100
|move|p2a: Ting-Lu|Ruination|p1a: Big Bird
|-damage|p1a: Big Bird|50/100
|
|upkeep
|turn|14
|
|t:|1781285836
|move|p1a: Big Bird|Taunt|p2a: Ting-Lu
|-start|p2a: Ting-Lu|move: Taunt
|cant|p2a: Ting-Lu|move: Taunt|Spikes
|
|upkeep
|turn|15
|
|t:|1781285838
|switch|p2a: Gholdengo|Gholdengo|100/100
|-damage|p2a: Gholdengo|94/100|[from] Stealth Rock
|move|p1a: Big Bird|Roost|p1a: Big Bird
|-heal|p1a: Big Bird|100/100
|-singleturn|p1a: Big Bird|move: Roost
|
|upkeep
|turn|16
|
|t:|1781285841
|move|p2a: Gholdengo|Trick|p1a: Big Bird
|-activate|p2a: Gholdengo|move: Trick|[of] p1a: Big Bird
|-item|p1a: Big Bird|Choice Scarf|[from] move: Trick
|-item|p2a: Gholdengo|Rocky Helmet|[from] move: Trick
|move|p1a: Big Bird|Foul Play|p2a: Gholdengo
|-supereffective|p2a: Gholdengo
|-damage|p2a: Gholdengo|58/100
|-damage|p1a: Big Bird|84/100|[from] item: Rocky Helmet|[of] p2a: Gholdengo
|
|upkeep
|turn|17
|
|t:|1781285847
|move|p1a: Big Bird|Foul Play|p2a: Gholdengo
|-supereffective|p2a: Gholdengo
|-damage|p2a: Gholdengo|20/100
|-damage|p1a: Big Bird|67/100|[from] item: Rocky Helmet|[of] p2a: Gholdengo
|move|p2a: Gholdengo|Recover|p2a: Gholdengo
|-heal|p2a: Gholdengo|70/100
|
|upkeep
|turn|18
|
|t:|1781285858
|switch|p1a: cure him|Kyurem|100/100
|-damage|p1a: cure him|76/100|[from] Stealth Rock
|-ability|p1a: cure him|Pressure
|move|p2a: Gholdengo|Recover|p2a: Gholdengo
|-heal|p2a: Gholdengo|100/100
|
|upkeep
|turn|19
|
|t:|1781285859
|move|p1a: cure him|Earth Power|p2a: Gholdengo
|-supereffective|p2a: Gholdengo
|-damage|p2a: Gholdengo|26/100
|move|p2a: Gholdengo|Make It Rain|p1a: cure him
|-supereffective|p1a: cure him
|-damage|p1a: cure him|0 fnt
|-unboost|p2a: Gholdengo|spa|1
|faint|p1a: cure him
|
|upkeep
|
|t:|1781285864
|switch|p1a: Tingle|Ting-Lu, shiny|93/100
|-damage|p1a: Tingle|87/100|[from] Stealth Rock
|-ability|p1a: Tingle|Vessel of Ruin
|turn|20
|
|t:|1781285877
|switch|p2a: Ting-Lu|Ting-Lu|60/100
|-damage|p2a: Ting-Lu|53/100|[from] Stealth Rock
|-ability|p2a: Ting-Lu|Vessel of Ruin
|move|p1a: Tingle|Earthquake|p2a: Ting-Lu
|-damage|p2a: Ting-Lu|29/100
|
|upkeep
|turn|21
|
|t:|1781285880
|move|p1a: Tingle|Earthquake|p2a: Ting-Lu
|-damage|p2a: Ting-Lu|5/100
|move|p2a: Ting-Lu|Ruination|p1a: Tingle
|-damage|p1a: Tingle|44/100
|
|upkeep
|turn|22
|
|t:|1781285886
|move|p1a: Tingle|Heavy Slam|p2a: Ting-Lu
|-damage|p2a: Ting-Lu|0 fnt
|faint|p2a: Ting-Lu
|
|upkeep
|
|t:|1781285897
|switch|p2a: Pecharunt|Pecharunt|100/100
|turn|23
|
|t:|1781285902
|switch|p1a: Big Bird|Mandibuzz, F, shiny|67/100
|-damage|p1a: Big Bird|42/100|[from] Stealth Rock
|move|p2a: Pecharunt|Parting Shot|p1a: Big Bird
|-unboost|p1a: Big Bird|atk|1
|-unboost|p1a: Big Bird|spa|1
|
|t:|1781285904
|switch|p2a: Gholdengo|Gholdengo|26/100|[from] Parting Shot
|-damage|p2a: Gholdengo|20/100|[from] Stealth Rock
|
|upkeep
|turn|24
|
|t:|1781285910
|move|p1a: Big Bird|Foul Play|p2a: Gholdengo
|-supereffective|p2a: Gholdengo
|-damage|p2a: Gholdengo|0 fnt
|-damage|p1a: Big Bird|26/100|[from] item: Rocky Helmet|[of] p2a: Gholdengo
|faint|p2a: Gholdengo
|
|upkeep
|
|t:|1781285914
|switch|p2a: Clefable|Clefable, F|100/100
|turn|25
|
|t:|1781285919
|switch|p1a: Tingle|Ting-Lu, shiny|44/100
|-damage|p1a: Tingle|38/100|[from] Stealth Rock
|-ability|p1a: Tingle|Vessel of Ruin
|move|p2a: Clefable|Calm Mind|p2a: Clefable
|-boost|p2a: Clefable|spa|1
|-boost|p2a: Clefable|spd|1
|
|upkeep
|turn|26
|
|t:|1781285921
|move|p2a: Clefable|Moonblast|p1a: Tingle
|-supereffective|p1a: Tingle
|-damage|p1a: Tingle|0 fnt
|faint|p1a: Tingle
|
|upkeep
|
|t:|1781285925
|switch|p1a: Big Bird|Mandibuzz, F, shiny|26/100
|-damage|p1a: Big Bird|1/100|[from] Stealth Rock
|turn|27
|
|t:|1781285931
|move|p1a: Big Bird|Taunt|p2a: Clefable
|-start|p2a: Clefable|move: Taunt
|cant|p2a: Clefable|move: Taunt|Calm Mind
|
|upkeep
|turn|28
|
|t:|1781285936
|move|p1a: Big Bird|Taunt||[still]
|-fail|p1a: Big Bird
|move|p2a: Clefable|Moonblast|p1a: Big Bird
|-supereffective|p1a: Big Bird
|-damage|p1a: Big Bird|0 fnt
|faint|p1a: Big Bird
|
|upkeep
|
|t:|1781285948
|switch|p1a: Kingamble|Kingambit, M, shiny|100/100
|-damage|p1a: Kingamble|94/100|[from] Stealth Rock
|-activate|p1a: Kingamble|ability: Supreme Overlord
|-start|p1a: Kingamble|fallen4|[silent]
|turn|29
|
|t:|1781285952
|-terastallize|p2a: Clefable|Water
|move|p2a: Clefable|Moonblast|p1a: Kingamble
|-damage|p1a: Kingamble|52/100
|move|p1a: Kingamble|Iron Head|p2a: Clefable
|-resisted|p2a: Clefable
|-damage|p2a: Clefable|73/100
|
|-heal|p2a: Clefable|79/100|[from] item: Leftovers
|-end|p2a: Clefable|move: Taunt
|upkeep
|turn|30
|
|t:|1781285961
|move|p2a: Clefable|Moonblast|p1a: Kingamble
|-damage|p1a: Kingamble|5/100
|move|p1a: Kingamble|Brick Break|p2a: Clefable
|-damage|p2a: Clefable|48/100
|
|-heal|p2a: Clefable|54/100|[from] item: Leftovers
|upkeep
|turn|31
|
|t:|1781285967
|move|p1a: Kingamble|Sucker Punch||[still]
|-fail|p1a: Kingamble
|move|p2a: Clefable|Moonlight|p2a: Clefable
|-heal|p2a: Clefable|100/100
|
|upkeep
|turn|32
|
|t:|1781285970
|move|p2a: Clefable|Calm Mind|p2a: Clefable
|-boost|p2a: Clefable|spa|1
|-boost|p2a: Clefable|spd|1
|move|p1a: Kingamble|Brick Break|p2a: Clefable
|-damage|p2a: Clefable|69/100
|
|-heal|p2a: Clefable|75/100|[from] item: Leftovers
|upkeep
|turn|33
|
|t:|1781285973
|move|p2a: Clefable|Calm Mind|p2a: Clefable
|-boost|p2a: Clefable|spa|1
|-boost|p2a: Clefable|spd|1
|move|p1a: Kingamble|Brick Break|p2a: Clefable
|-damage|p2a: Clefable|44/100
|
|-heal|p2a: Clefable|50/100|[from] item: Leftovers
|upkeep
|turn|34
|
|t:|1781285989
|move|p2a: Clefable|Moonlight|p2a: Clefable
|-heal|p2a: Clefable|99/100
|move|p1a: Kingamble|Swords Dance|p1a: Kingamble
|-boost|p1a: Kingamble|atk|2
|
|-heal|p2a: Clefable|100/100|[from] item: Leftovers
|upkeep
|turn|35
|j| alejandrobm
|
|t:|1781285992
|move|p1a: Kingamble|Sucker Punch|p2a: Clefable
|-damage|p2a: Clefable|15/100
|move|p2a: Clefable|Moonblast|p1a: Kingamble
|-damage|p1a: Kingamble|0 fnt
|faint|p1a: Kingamble
|-end|p1a: Kingamble|fallen4|[silent]
|
|-heal|p2a: Clefable|21/100|[from] item: Leftovers
|upkeep
|
|t:|1781285995
|switch|p1a: Materdaddy|Latias, F, shiny|100/100
|-damage|p1a: Materdaddy|88/100|[from] Stealth Rock
|turn|36
|
|t:|1781285999
|-terastallize|p1a: Materdaddy|Fairy
|move|p1a: Materdaddy|Agility|p1a: Materdaddy
|-boost|p1a: Materdaddy|spe|2
|move|p2a: Clefable|Moonblast|p1a: Materdaddy
|-damage|p1a: Materdaddy|29/100
|
|-heal|p2a: Clefable|27/100|[from] item: Leftovers
|upkeep
|turn|37
|
|t:|1781286009
|move|p1a: Materdaddy|Draining Kiss|p2a: Clefable
|-damage|p2a: Clefable|16/100
|-heal|p1a: Materdaddy|37/100|[from] drain|[of] p2a: Clefable
|move|p2a: Clefable|Moonblast|p1a: Materdaddy
|-damage|p1a: Materdaddy|0 fnt
|faint|p1a: Materdaddy
|
|win|jonuz
|raw|Boxed by Po's rating: 1658 &rarr; <strong>1641</strong><br />(-17 for losing)
|raw|jonuz's rating: 1708 &rarr; <strong>1725</strong><br />(+17 for winning)
|l|☆Boxed by Po
|player|p1|
|l|☆jonuz
|player|p2|
|l| alejandrobm
