|j|‽Cte plays
|j|☆KurisuChestnutOU
|t:|1781159726
|gametype|singles
|player|p1|Cte plays|brendan|1523
|player|p2|KurisuChestnutOU|may-contest|1451
|gen|9
|tier|[Gen 9] OU
|rated|
|rule|HP Percentage Mod: HP is shown in percentages
|rule|Endless Battle Clause: Forcing endless battles is banned
|rule|Species Clause: Limit one of each Pokémon
|rule|OHKO Clause: OHKO moves are banned
|rule|Evasion Items Clause: Evasion items are banned
|rule|Evasion Moves Clause: Evasion moves are banned
|rule|Evasion Abilities Clause: Evasion abilities are banned
|rule|Sleep Moves Clause: Sleep-inducing moves are banned
|clearpoke
|poke|p1|Iron Treads|
|poke|p1|Zapdos|
|poke|p1|Scizor, M|
|poke|p1|Iron Valiant|
|poke|p1|Samurott-Hisui, M|
|poke|p1|Sandy Shocks|
|poke|p2|Hawlucha, F|
|poke|p2|Samurott-Hisui, F|
|poke|p2|Rillaboom, F|
|poke|p2|Gholdengo|
|poke|p2|Kyurem|
|poke|p2|Landorus-Therian, M|
|teampreview
|inactive|Battle timer is ON: inactive players will automatically lose when time's up. (requested by Cte plays)
|inactive|KurisuChestnutOU also wants the timer to be on.
|
|t:|1781159755
|teamsize|p1|6
|teamsize|p2|6
|start
|switch|p1a: Samurott|Samurott-Hisui, M, shiny|100/100
|switch|p2a: Rillaboom|Rillaboom, F|100/100
|-fieldstart|move: Grassy Terrain|[from] ability: Grassy Surge|[of] p2a: Rillaboom
|turn|1
|
|t:|1781159766
|switch|p1a: Zapdos|Zapdos|100/100
|move|p2a: Rillaboom|Wood Hammer|p1a: Zapdos
|-resisted|p1a: Zapdos
|-damage|p1a: Zapdos|65/100
|-status|p2a: Rillaboom|par|[from] ability: Static|[of] p1a: Zapdos
|-enditem|p2a: Rillaboom|Lum Berry|[eat]
|-curestatus|p2a: Rillaboom|par|[msg]
|-damage|p2a: Rillaboom|90/100|[from] Recoil
|
|-heal|p2a: Rillaboom|96/100|[from] Grassy Terrain
|upkeep
|turn|2
|
|t:|1781159780
|switch|p2a: Kyurem|Kyurem|100/100
|-ability|p2a: Kyurem|Pressure
|move|p1a: Zapdos|Heat Wave|p2a: Kyurem
|-damage|p2a: Kyurem|79/100
|
|-heal|p2a: Kyurem|85/100|[from] Grassy Terrain
|upkeep
|turn|3
|
|t:|1781159791
|switch|p1a: Iron Treads|Iron Treads, shiny|100/100
|move|p2a: Kyurem|Ice Beam|p1a: Iron Treads
|-damage|p1a: Iron Treads|60/100
|
|-heal|p1a: Iron Treads|66/100|[from] Grassy Terrain
|-heal|p2a: Kyurem|91/100|[from] Grassy Terrain
|upkeep
|turn|4
|
|t:|1781159802
|move|p1a: Iron Treads|Iron Head|p2a: Kyurem
|-supereffective|p2a: Kyurem
|-damage|p2a: Kyurem|17/100
|move|p2a: Kyurem|Ice Beam|p1a: Iron Treads
|-damage|p1a: Iron Treads|29/100
|
|-heal|p1a: Iron Treads|36/100|[from] Grassy Terrain
|-heal|p2a: Kyurem|23/100|[from] Grassy Terrain
|upkeep
|turn|5
|
|t:|1781159812
|switch|p2a: Landorus|Landorus-Therian, M|100/100
|-ability|p2a: Landorus|Intimidate|boost
|-unboost|p1a: Iron Treads|atk|1
|move|p1a: Iron Treads|Ice Spinner|p2a: Landorus
|-supereffective|p2a: Landorus
|-damage|p2a: Landorus|36/100
|-damage|p1a: Iron Treads|19/100|[from] item: Rocky Helmet|[of] p2a: Landorus
|-fieldend|move: Grassy Terrain
|
|upkeep
|turn|6
|
|t:|1781159821
|switch|p2a: Samurott|Samurott-Hisui, F|100/100
|move|p1a: Iron Treads|Ice Spinner|p2a: Samurott
|-resisted|p2a: Samurott
|-damage|p2a: Samurott|91/100
|
|upkeep
|turn|7
|
|t:|1781159829
|-end|p1a: Iron Treads|Quark Drive|[silent]
|switch|p1a: Samurott|Samurott-Hisui, M, shiny|100/100
|move|p2a: Samurott|Ceaseless Edge|p1a: Samurott
|-resisted|p1a: Samurott
|-damage|p1a: Samurott|73/100
|-sidestart|p1: Cte plays|Spikes
|
|upkeep
|turn|8
|
|t:|1781159836
|move|p1a: Samurott|Ceaseless Edge|p2a: Samurott
|-resisted|p2a: Samurott
|-damage|p2a: Samurott|66/100
|-sidestart|p2: KurisuChestnutOU|Spikes
|move|p2a: Samurott|Ceaseless Edge|p1a: Samurott
|-resisted|p1a: Samurott
|-damage|p1a: Samurott|49/100
|-sidestart|p1: Cte plays|Spikes
|
|upkeep
|turn|9
|
|t:|1781159846
|move|p1a: Samurott|Ceaseless Edge|p2a: Samurott
|-resisted|p2a: Samurott
|-damage|p2a: Samurott|41/100
|-sidestart|p2: KurisuChestnutOU|Spikes
|move|p2a: Samurott|Ceaseless Edge|p1a: Samurott
|-resisted|p1a: Samurott
|-damage|p1a: Samurott|22/100
|-sidestart|p1: Cte plays|Spikes
|
|upkeep
|turn|10
|
|t:|1781159856
|switch|p2a: Kyurem|Kyurem|23/100
|-damage|p2a: Kyurem|6/100|[from] Spikes
|-ability|p2a: Kyurem|Pressure
|move|p1a: Samurott|Sacred Sword|p2a: Kyurem
|-supereffective|p2a: Kyurem
|-damage|p2a: Kyurem|0 fnt
|faint|p2a: Kyurem
|
|upkeep
|
|t:|1781159863
|switch|p2a: Rillaboom|Rillaboom, F|96/100
|-damage|p2a: Rillaboom|80/100|[from] Spikes
|-fieldstart|move: Grassy Terrain|[from] ability: Grassy Surge|[of] p2a: Rillaboom
|turn|11
|
|t:|1781159872
|switch|p1a: Zapdos|Zapdos|65/100
|move|p2a: Rillaboom|Swords Dance|p2a: Rillaboom
|-boost|p2a: Rillaboom|atk|2
|
|-heal|p2a: Rillaboom|86/100|[from] Grassy Terrain
|upkeep
|turn|12
|
|t:|1781159881
|move|p2a: Rillaboom|Wood Hammer|p1a: Zapdos
|-resisted|p1a: Zapdos
|-damage|p1a: Zapdos|0 fnt
|faint|p1a: Zapdos
|-damage|p2a: Rillaboom|66/100|[from] Recoil
|
|-heal|p2a: Rillaboom|72/100|[from] Grassy Terrain
|upkeep
|
|t:|1781159901
|switch|p1a: Scizor|Scizor, M|100/100
|-damage|p1a: Scizor|76/100|[from] Spikes
|turn|13
|
|t:|1781159911
|move|p2a: Rillaboom|Knock Off|p1a: Scizor
|-damage|p1a: Scizor|0 fnt
|-enditem|p1a: Scizor|Muscle Band|[from] move: Knock Off|[of] p2a: Rillaboom
|faint|p1a: Scizor
|
|-heal|p2a: Rillaboom|79/100|[from] Grassy Terrain
|upkeep
|
|t:|1781159920
|switch|p1a: Iron Valiant|Iron Valiant, shiny|100/100
|-damage|p1a: Iron Valiant|76/100|[from] Spikes
|-enditem|p1a: Iron Valiant|Booster Energy
|-activate|p1a: Iron Valiant|ability: Quark Drive|[fromitem]
|-start|p1a: Iron Valiant|quarkdrivespe
|turn|14
|
|t:|1781159928
|move|p2a: Rillaboom|Grassy Glide|p1a: Iron Valiant
|-damage|p1a: Iron Valiant|0 fnt
|faint|p1a: Iron Valiant
|-end|p1a: Iron Valiant|Quark Drive|[silent]
|
|-heal|p2a: Rillaboom|85/100|[from] Grassy Terrain
|upkeep
|-message|Cte plays forfeited.
|
|win|KurisuChestnutOU
|raw|Cte plays's rating: 1523 &rarr; <strong>1503</strong><br />(-20 for losing)
|raw|KurisuChestnutOU's rating: 1520 &rarr; <strong>1540</strong><br />(+20 for winning)
|l|‽Cte plays
|player|p1|
