|badge|p2|bronze|gen9randombattle|100-9
|badge|p2|bronze|gen9ubers|100-9
|uhtml|medal-msg|<div class="broadcast-blue">Curious what those medals under the avatar are? PS now has Ladder Seasons! For more information, check out the <a href="https://www.smogon.com/forums/threads/3740067/">thread on Smogon.</a></div>
|j|☆rekjllj
|j|☆oddishlover4
|t:|1781324364
|gametype|singles
|player|p1|rekjllj|169|1747
|player|p2|oddishlover4|acetrainerf|1734
|gen|9
|tier|[Gen 9] OU
|rated|
|rule|HP Percentage Mod: HP is shown in percentages
|rule|Endless Battle Clause: Forcing endless battles is banned
|rule|Species Clause: Limit one of each Pokémon
|rule|OHKO Clause: OHKO moves are banned
|rule|Evasion Items Clause: Evasion items are banned
|rule|Evasion Moves Clause: Evasion moves are banned
|rule|Evasion Abilities Clause: Evasion abilities are banned
|rule|Sleep Moves Clause: Sleep-inducing moves are banned
|clearpoke
|poke|p1|Iron Moth|
|poke|p1|Gliscor, M|
|poke|p1|Hatterene, F|
|poke|p1|Ogerpon-Wellspring, F|
|poke|p1|Raging Bolt|
|poke|p1|Zamazenta-*|
|poke|p2|Kyurem|
|poke|p2|Hatterene, F|
|poke|p2|Darkrai|
|poke|p2|Great Tusk|
|poke|p2|Dragonite, F|
|poke|p2|Gholdengo|
|teampreview
|c|☆rekjllj|hf
|inactive|Battle timer is ON: inactive players will automatically lose when time's up. (requested by rekjllj)
|
|t:|1781324385
|teamsize|p1|6
|teamsize|p2|6
|start
|switch|p1a: Zamazenta|Zamazenta|100/100
|switch|p2a: Boompala|Kyurem|100/100
|-ability|p1a: Zamazenta|Dauntless Shield|boost
|-boost|p1a: Zamazenta|def|1
|-ability|p2a: Boompala|Pressure
|turn|1
|c|☆oddishlover4|gl/hf!
|inactive|oddishlover4 also wants the timer to be on.
|
|t:|1781324403
|-terastallize|p2a: Boompala|Poison
|move|p1a: Zamazenta|Light Screen|p1a: Zamazenta
|-sidestart|p1: rekjllj|move: Light Screen
|move|p2a: Boompala|Ice Beam|p1a: Zamazenta
|-damage|p1a: Zamazenta|80/100
|-status|p1a: Zamazenta|frz
|
|upkeep
|turn|2
|
|t:|1781324421
|switch|p1a: Hatterene|Hatterene, F|100/100
|move|p2a: Boompala|Ice Beam|p1a: Hatterene
|-damage|p1a: Hatterene|75/100
|
|-heal|p1a: Hatterene|81/100|[from] item: Leftovers
|upkeep
|turn|3
|
|t:|1781324441
|move|p2a: Boompala|Ice Beam|p1a: Hatterene
|-damage|p1a: Hatterene|56/100
|move|p1a: Hatterene|Calm Mind|p1a: Hatterene
|-boost|p1a: Hatterene|spa|1
|-boost|p1a: Hatterene|spd|1
|
|-heal|p1a: Hatterene|62/100|[from] item: Leftovers
|upkeep
|turn|4
|inactive|oddishlover4 has 120 seconds left.
|
|t:|1781324458
|switch|p2a: Celebration|Gholdengo|100/100
|move|p1a: Hatterene|Calm Mind|p1a: Hatterene
|-boost|p1a: Hatterene|spa|1
|-boost|p1a: Hatterene|spd|1
|
|-heal|p1a: Hatterene|68/100|[from] item: Leftovers
|upkeep
|turn|5
|
|t:|1781324464
|move|p2a: Celebration|Nasty Plot|p2a: Celebration
|-boost|p2a: Celebration|spa|2
|move|p1a: Hatterene|Mystical Fire|p2a: Celebration
|-supereffective|p2a: Celebration
|-damage|p2a: Celebration|16/100
|-unboost|p2a: Celebration|spa|1
|
|-heal|p1a: Hatterene|74/100|[from] item: Leftovers
|upkeep
|turn|6
|-enditem|p2a: Celebration|Custap Berry|[eat]
|-activate|p2a: Celebration|item: Custap Berry|[consumed]
|
|t:|1781324470
|move|p2a: Celebration|Make It Rain|p1a: Hatterene
|-supereffective|p1a: Hatterene
|-damage|p1a: Hatterene|32/100
|-unboost|p2a: Celebration|spa|1
|move|p1a: Hatterene|Draining Kiss|p2a: Celebration
|-resisted|p2a: Celebration
|-damage|p2a: Celebration|0 fnt
|-heal|p1a: Hatterene|46/100|[from] drain|[of] p2a: Celebration
|faint|p2a: Celebration
|
|-heal|p1a: Hatterene|52/100|[from] item: Leftovers
|upkeep
|inactive|oddishlover4 has 120 seconds left.
|
|t:|1781324505
|switch|p2a: Antifragile|Hatterene, F|100/100
|turn|7
|inactive|oddishlover4 has 120 seconds left.
|
|t:|1781324514
|move|p2a: Antifragile|Nuzzle|p1a: Hatterene
|-damage|p1a: Hatterene|49/100
|-status|p1a: Hatterene|par
|move|p1a: Hatterene|Draining Kiss|p2a: Antifragile
|-damage|p2a: Antifragile|54/100
|-heal|p1a: Hatterene|83/100 par|[from] drain|[of] p2a: Antifragile
|-damage|p1a: Hatterene|67/100 par|[from] item: Rocky Helmet|[of] p2a: Antifragile
|
|-heal|p1a: Hatterene|73/100 par|[from] item: Leftovers
|upkeep
|turn|8
|
|t:|1781324524
|move|p2a: Antifragile|Psychic Noise|p1a: Hatterene
|-resisted|p1a: Hatterene
|-damage|p1a: Hatterene|69/100 par
|-start|p1a: Hatterene|move: Heal Block
|move|p1a: Hatterene|Calm Mind|p1a: Hatterene
|-boost|p1a: Hatterene|spa|1
|-boost|p1a: Hatterene|spd|1
|
|-sideend|p1: rekjllj|move: Light Screen
|upkeep
|turn|9
|
|t:|1781324533
|switch|p2a: Perfect Night|Darkrai|100/100
|move|p1a: Hatterene|Mystical Fire|p2a: Perfect Night
|-damage|p2a: Perfect Night|32/100
|-unboost|p2a: Perfect Night|spa|1
|
|-end|p1a: Hatterene|move: Heal Block
|upkeep
|turn|10
|
|t:|1781324543
|move|p2a: Perfect Night|Trick|p1a: Hatterene
|-activate|p2a: Perfect Night|move: Trick|[of] p1a: Hatterene
|-item|p1a: Hatterene|Choice Scarf|[from] move: Trick
|-item|p2a: Perfect Night|Leftovers|[from] move: Trick
|cant|p1a: Hatterene|par
|
|-heal|p2a: Perfect Night|38/100|[from] item: Leftovers
|upkeep
|turn|11
|
|t:|1781324552
|switch|p2a: Bluebeard's Wife|Dragonite, F|100/100
|cant|p1a: Hatterene|par
|
|upkeep
|turn|12
|
|t:|1781324561
|move|p2a: Bluebeard's Wife|Dragon Dance|p2a: Bluebeard's Wife
|-boost|p2a: Bluebeard's Wife|atk|1
|-boost|p2a: Bluebeard's Wife|spe|1
|move|p1a: Hatterene|Draining Kiss|p2a: Bluebeard's Wife
|-supereffective|p2a: Bluebeard's Wife
|-damage|p2a: Bluebeard's Wife|51/100
|-heal|p1a: Hatterene|100/100 par|[from] drain|[of] p2a: Bluebeard's Wife
|
|upkeep
|turn|13
|
|t:|1781324571
|move|p2a: Bluebeard's Wife|Roost|p2a: Bluebeard's Wife
|-heal|p2a: Bluebeard's Wife|100/100
|-singleturn|p2a: Bluebeard's Wife|move: Roost
|cant|p1a: Hatterene|par
|
|upkeep
|turn|14
|
|t:|1781324580
|switch|p2a: Perfect Night|Darkrai|38/100
|move|p1a: Hatterene|Draining Kiss|p2a: Perfect Night
|-supereffective|p2a: Perfect Night
|-damage|p2a: Perfect Night|0 fnt
|faint|p2a: Perfect Night
|
|upkeep
|
|t:|1781324589
|switch|p2a: Antifragile|Hatterene, F|54/100
|turn|15
|
|t:|1781324599
|switch|p1a: Gliscor|Gliscor, M|100/100
|move|p2a: Antifragile|Psychic Noise|p1a: Gliscor
|-damage|p1a: Gliscor|57/100
|-start|p1a: Gliscor|move: Heal Block
|
|-status|p1a: Gliscor|tox|[from] item: Toxic Orb
|upkeep
|turn|16
|
|t:|1781324618
|move|p1a: Gliscor|Earthquake|p2a: Antifragile
|-damage|p2a: Antifragile|18/100
|move|p2a: Antifragile|Psychic Noise|p1a: Gliscor
|-damage|p1a: Gliscor|15/100 tox
|
|-end|p1a: Gliscor|move: Heal Block
|upkeep
|turn|17
|
|t:|1781324636
|switch|p2a: Bluebeard's Wife|Dragonite, F|100/100
|move|p1a: Gliscor|Earthquake|p2a: Bluebeard's Wife
|-immune|p2a: Bluebeard's Wife
|
|-heal|p1a: Gliscor|27/100 tox|[from] ability: Poison Heal
|upkeep
|turn|18
|
|t:|1781324654
|move|p1a: Gliscor|Facade|p2a: Bluebeard's Wife
|-damage|p2a: Bluebeard's Wife|81/100
|move|p2a: Bluebeard's Wife|Dragon Dance|p2a: Bluebeard's Wife
|-boost|p2a: Bluebeard's Wife|atk|1
|-boost|p2a: Bluebeard's Wife|spe|1
|
|-heal|p1a: Gliscor|39/100 tox|[from] ability: Poison Heal
|upkeep
|turn|19
|inactive|oddishlover4 has 120 seconds left.
|
|t:|1781324672
|move|p2a: Bluebeard's Wife|Extreme Speed|p1a: Gliscor
|-damage|p1a: Gliscor|3/100 tox
|move|p1a: Gliscor|Facade|p2a: Bluebeard's Wife
|-damage|p2a: Bluebeard's Wife|40/100
|
|-heal|p1a: Gliscor|16/100 tox|[from] ability: Poison Heal
|upkeep
|turn|20
|inactive|oddishlover4 has 120 seconds left.
|
|t:|1781324690
|switch|p1a: Raging Bolt|Raging Bolt|100/100
|-enditem|p1a: Raging Bolt|Booster Energy
|-activate|p1a: Raging Bolt|ability: Protosynthesis|[fromitem]
|-start|p1a: Raging Bolt|protosynthesisspa
|move|p2a: Bluebeard's Wife|Extreme Speed|p1a: Raging Bolt
|-damage|p1a: Raging Bolt|63/100
|
|upkeep
|turn|21
|inactive|oddishlover4 has 120 seconds left.
|
|t:|1781324709
|switch|p2a: Antifragile|Hatterene, F|18/100
|-terastallize|p1a: Raging Bolt|Ghost
|move|p1a: Raging Bolt|Dragon Pulse|p2a: Antifragile
|-immune|p2a: Antifragile
|
|upkeep
|turn|22
|
|t:|1781324727
|switch|p2a: Fearless|Great Tusk|100/100
|move|p1a: Raging Bolt|Thunderbolt|p2a: Fearless
|-immune|p2a: Fearless
|
|upkeep
|turn|23
|
|t:|1781324745
|move|p2a: Fearless|Stealth Rock|p1a: Raging Bolt
|-sidestart|p1: rekjllj|move: Stealth Rock
|move|p1a: Raging Bolt|Dragon Pulse|p2a: Fearless
|-damage|p2a: Fearless|15/100
|
|-heal|p2a: Fearless|21/100|[from] item: Leftovers
|upkeep
|turn|24
|
|t:|1781324763
|move|p2a: Fearless|Headlong Rush|p1a: Raging Bolt
|-damage|p1a: Raging Bolt|13/100
|-unboost|p2a: Fearless|def|1
|-unboost|p2a: Fearless|spd|1
|move|p1a: Raging Bolt|Dragon Pulse|p2a: Fearless
|-damage|p2a: Fearless|0 fnt
|faint|p2a: Fearless
|-end|p2a: Fearless|Protosynthesis|[silent]
|
|upkeep
|inactive|oddishlover4 has 90 seconds left.
|
|t:|1781324782
|switch|p2a: Boompala|Kyurem, tera:Poison|100/100
|-ability|p2a: Boompala|Pressure
|turn|25
|inactive|oddishlover4 has 90 seconds left.
|
|t:|1781324800
|move|p1a: Raging Bolt|Thunderclap|p2a: Boompala
|-damage|p2a: Boompala|66/100
|move|p2a: Boompala|Ice Beam|p1a: Raging Bolt
|-damage|p1a: Raging Bolt|0 fnt
|faint|p1a: Raging Bolt
|-end|p1a: Raging Bolt|Protosynthesis|[silent]
|
|upkeep
|
|t:|1781324806
|switch|p1a: Ogerpon|Ogerpon-Wellspring, F|100/100
|-damage|p1a: Ogerpon|88/100|[from] Stealth Rock
|turn|26
|inactive|oddishlover4 has 90 seconds left.
|
|t:|1781324823
|move|p1a: Ogerpon|Ivy Cudgel|p2a: Boompala|[anim] Ivy Cudgel Water
|-crit|p2a: Boompala
|-damage|p2a: Boompala|0 fnt
|faint|p2a: Boompala
|
|upkeep
|
|t:|1781324839
|switch|p2a: Bluebeard's Wife|Dragonite, F|40/100
|turn|27
|
|t:|1781324855
|move|p1a: Ogerpon|Swords Dance|p1a: Ogerpon
|-boost|p1a: Ogerpon|atk|2
|move|p2a: Bluebeard's Wife|Roost|p2a: Bluebeard's Wife
|-heal|p2a: Bluebeard's Wife|91/100
|-singleturn|p2a: Bluebeard's Wife|move: Roost
|
|upkeep
|turn|28
|
|t:|1781324870
|switch|p2a: Antifragile|Hatterene, F|18/100
|move|p1a: Ogerpon|Ivy Cudgel|p2a: Antifragile|[anim] Ivy Cudgel Water
|-damage|p2a: Antifragile|0 fnt
|faint|p2a: Antifragile
|
|upkeep
|inactive|oddishlover4 has 60 seconds left.
|
|t:|1781324885
|switch|p2a: Bluebeard's Wife|Dragonite, F|91/100
|turn|29
|inactive|oddishlover4 has 60 seconds left.
|
|t:|1781324899
|move|p1a: Ogerpon|Ivy Cudgel|p2a: Bluebeard's Wife|[anim] Ivy Cudgel Water
|-resisted|p2a: Bluebeard's Wife
|-damage|p2a: Bluebeard's Wife|35/100
|move|p2a: Bluebeard's Wife|Fire Punch|p1a: Ogerpon
|-damage|p1a: Ogerpon|52/100
|
|upkeep
|turn|30
|
|t:|1781324903
|move|p1a: Ogerpon|Ivy Cudgel|p2a: Bluebeard's Wife|[anim] Ivy Cudgel Water
|-resisted|p2a: Bluebeard's Wife
|-damage|p2a: Bluebeard's Wife|0 fnt
|faint|p2a: Bluebeard's Wife
|
|win|rekjllj
|raw|rekjllj's rating: 1747 &rarr; <strong>1766</strong><br />(+19 for winning)
|raw|oddishlover4's rating: 1734 &rarr; <strong>1715</strong><br />(-19 for losing)
|c|☆rekjllj|gg
|c|☆oddishlover4|GG!
|l|☆rekjllj
|player|p1|
