|j|☆ScribbleScribble
|j|☆GODKUD
|t:|1781483612
|gametype|singles
|player|p1|ScribbleScribble|mina-lgpe|1592
|player|p2|GODKUD|ghetsis-gen5bw|1575
|gen|9
|tier|[Gen 9] OU
|rated|
|rule|HP Percentage Mod: HP is shown in percentages
|rule|Endless Battle Clause: Forcing endless battles is banned
|rule|Species Clause: Limit one of each Pokémon
|rule|OHKO Clause: OHKO moves are banned
|rule|Evasion Items Clause: Evasion items are banned
|rule|Evasion Moves Clause: Evasion moves are banned
|rule|Evasion Abilities Clause: Evasion abilities are banned
|rule|Sleep Moves Clause: Sleep-inducing moves are banned
|clearpoke
|poke|p1|Slowking-Galar, F|
|poke|p1|Kyurem|
|poke|p1|Corviknight, F|
|poke|p1|Hoopa-Unbound|
|poke|p1|Ting-Lu|
|poke|p1|Zamazenta-*|
|poke|p2|Hydreigon, M|
|poke|p2|Corviknight, F|
|poke|p2|Slowking-Galar, M|
|poke|p2|Sandy Shocks|
|poke|p2|Quaquaval, M|
|poke|p2|Ceruledge, F|
|teampreview
|inactive|Battle timer is ON: inactive players will automatically lose when time's up. (requested by ScribbleScribble)
|
|t:|1781483624
|teamsize|p1|6
|teamsize|p2|6
|start
|switch|p1a: Hoopa|Hoopa-Unbound|100/100
|switch|p2a: Slowking|Slowking-Galar, M|100/100
|turn|1
|
|t:|1781483634
|switch|p2a: Corviknight|Corviknight, F|100/100
|-ability|p2a: Corviknight|Pressure
|move|p1a: Hoopa|Hyperspace Fury|p2a: Corviknight
|-damage|p2a: Corviknight|49/100
|-unboost|p1a: Hoopa|def|1
|
|upkeep
|turn|2
|
|t:|1781483641
|move|p1a: Hoopa|Hyperspace Fury|p2a: Corviknight
|-damage|p2a: Corviknight|0 fnt
|-unboost|p1a: Hoopa|def|1
|faint|p2a: Corviknight
|
|upkeep
|
|t:|1781483642
|switch|p2a: Quaquaval|Quaquaval, M|100/100
|turn|3
|
|t:|1781483647
|switch|p1a: Corviknight|Corviknight, F, shiny|100/100
|-ability|p1a: Corviknight|Pressure
|move|p2a: Quaquaval|Knock Off|p1a: Corviknight
|-damage|p1a: Corviknight|83/100
|-damage|p2a: Quaquaval|84/100|[from] item: Rocky Helmet|[of] p1a: Corviknight
|-enditem|p1a: Corviknight|Rocky Helmet|[from] move: Knock Off|[of] p2a: Quaquaval
|
|upkeep
|turn|4
|
|t:|1781483650
|switch|p2a: Sandy Shocks|Sandy Shocks|100/100
|-enditem|p2a: Sandy Shocks|Booster Energy
|-activate|p2a: Sandy Shocks|ability: Protosynthesis|[fromitem]
|-start|p2a: Sandy Shocks|protosynthesisspe
|move|p1a: Corviknight|U-turn|p2a: Sandy Shocks
|-damage|p2a: Sandy Shocks|84/100
|
|t:|1781483653
|switch|p1a: Hoopa|Hoopa-Unbound|100/100|[from] U-turn
|
|upkeep
|turn|5
|
|t:|1781483657
|move|p2a: Sandy Shocks|Stealth Rock|p1a: Hoopa
|-sidestart|p1: ScribbleScribble|move: Stealth Rock
|move|p1a: Hoopa|Hyperspace Fury|p2a: Sandy Shocks
|-damage|p2a: Sandy Shocks|0 fnt
|-unboost|p1a: Hoopa|def|1
|faint|p2a: Sandy Shocks
|-end|p2a: Sandy Shocks|Protosynthesis|[silent]
|
|upkeep
|
|t:|1781483665
|switch|p2a: God of Destruction|Hydreigon, M|100/100
|turn|6
|
|t:|1781483668
|switch|p1a: Ting-Lu|Ting-Lu|100/100
|-damage|p1a: Ting-Lu|94/100|[from] Stealth Rock
|-ability|p1a: Ting-Lu|Vessel of Ruin
|move|p2a: God of Destruction|Nasty Plot|p2a: God of Destruction
|-boost|p2a: God of Destruction|spa|2
|
|-heal|p1a: Ting-Lu|100/100|[from] item: Leftovers
|upkeep
|turn|7
|
|t:|1781483671
|move|p2a: God of Destruction|Draco Meteor|p1a: Ting-Lu
|-damage|p1a: Ting-Lu|30/100
|-unboost|p2a: God of Destruction|spa|2
|-damage|p2a: God of Destruction|91/100|[from] item: Life Orb
|move|p1a: Ting-Lu|Whirlwind|p2a: God of Destruction
|drag|p2a: Ceruledge|Ceruledge, F|100/100
|
|-heal|p1a: Ting-Lu|36/100|[from] item: Leftovers
|upkeep
|turn|8
|
|t:|1781483675
|move|p2a: Ceruledge|Swords Dance|p2a: Ceruledge
|-boost|p2a: Ceruledge|atk|2
|move|p1a: Ting-Lu|Whirlwind|p2a: Ceruledge
|drag|p2a: God of Destruction|Hydreigon, M|91/100
|
|-heal|p1a: Ting-Lu|42/100|[from] item: Leftovers
|upkeep
|turn|9
|
|t:|1781483681
|switch|p1a: Corviknight|Corviknight, F, shiny|83/100
|-damage|p1a: Corviknight|70/100|[from] Stealth Rock
|-ability|p1a: Corviknight|Pressure
|move|p2a: God of Destruction|Nasty Plot|p2a: God of Destruction
|-boost|p2a: God of Destruction|spa|2
|
|upkeep
|turn|10
|
|t:|1781483683
|move|p2a: God of Destruction|Dark Pulse|p1a: Corviknight
|-damage|p1a: Corviknight|0 fnt
|faint|p1a: Corviknight
|-damage|p2a: God of Destruction|81/100|[from] item: Life Orb
|
|upkeep
|
|t:|1781483686
|switch|p1a: Zamazenta|Zamazenta|100/100
|-damage|p1a: Zamazenta|94/100|[from] Stealth Rock
|-ability|p1a: Zamazenta|Dauntless Shield|boost
|-boost|p1a: Zamazenta|def|1
|turn|11
|
|t:|1781483689
|switch|p2a: Slowking|Slowking-Galar, M|100/100
|move|p1a: Zamazenta|Close Combat|p2a: Slowking
|-resisted|p2a: Slowking
|-damage|p2a: Slowking|81/100
|-unboost|p1a: Zamazenta|def|1
|-unboost|p1a: Zamazenta|spd|1
|-damage|p1a: Zamazenta|85/100|[from] item: Life Orb
|
|upkeep
|turn|12
|
|t:|1781483695
|move|p1a: Zamazenta|Crunch|p2a: Slowking
|-supereffective|p2a: Slowking
|-damage|p2a: Slowking|14/100
|-unboost|p2a: Slowking|def|1
|-damage|p1a: Zamazenta|75/100|[from] item: Life Orb
|move|p2a: Slowking|Sludge Bomb|p1a: Zamazenta
|-damage|p1a: Zamazenta|26/100
|
|upkeep
|turn|13
|
|t:|1781483699
|move|p1a: Zamazenta|Crunch|p2a: Slowking
|-supereffective|p2a: Slowking
|-damage|p2a: Slowking|0 fnt
|faint|p2a: Slowking
|-damage|p1a: Zamazenta|16/100|[from] item: Life Orb
|
|upkeep
|
|t:|1781483703
|switch|p2a: Ceruledge|Ceruledge, F|100/100
|turn|14
|
|t:|1781483706
|switch|p1a: Ting-Lu|Ting-Lu|42/100
|-damage|p1a: Ting-Lu|36/100|[from] Stealth Rock
|-ability|p1a: Ting-Lu|Vessel of Ruin
|move|p2a: Ceruledge|Swords Dance|p2a: Ceruledge
|-boost|p2a: Ceruledge|atk|2
|
|-heal|p1a: Ting-Lu|42/100|[from] item: Leftovers
|upkeep
|turn|15
|
|t:|1781483710
|move|p2a: Ceruledge|Bitter Blade|p1a: Ting-Lu
|-damage|p1a: Ting-Lu|0 fnt
|faint|p1a: Ting-Lu
|
|upkeep
|
|t:|1781483714
|switch|p1a: Slowking|Slowking-Galar, F|100/100
|turn|16
|
|t:|1781483716
|-terastallize|p1a: Slowking|Water
|move|p2a: Ceruledge|Phantom Force||[still]
|-prepare|p2a: Ceruledge|Phantom Force
|move|p1a: Slowking|Thunder Wave|p2a: Ceruledge|[miss]
|-miss|p1a: Slowking|p2a: Ceruledge
|
|upkeep
|turn|17
|
|t:|1781483721
|move|p2a: Ceruledge|Phantom Force|p1a: Slowking|[from] lockedmove
|-damage|p1a: Slowking|3/100
|move|p1a: Slowking|Thunder Wave|p2a: Ceruledge
|-status|p2a: Ceruledge|par
|
|upkeep
|turn|18
|
|t:|1781483725
|move|p2a: Ceruledge|Shadow Sneak|p1a: Slowking
|-damage|p1a: Slowking|0 fnt
|faint|p1a: Slowking
|
|upkeep
|
|t:|1781483728
|switch|p1a: Hoopa|Hoopa-Unbound|100/100
|-damage|p1a: Hoopa|88/100|[from] Stealth Rock
|turn|19
|
|t:|1781483730
|move|p1a: Hoopa|Hyperspace Fury|p2a: Ceruledge
|-supereffective|p2a: Ceruledge
|-enditem|p2a: Ceruledge|Focus Sash
|-damage|p2a: Ceruledge|1/100 par
|-unboost|p1a: Hoopa|def|1
|-ability|p2a: Ceruledge|Weak Armor|boost
|-unboost|p2a: Ceruledge|def|1
|-boost|p2a: Ceruledge|spe|2
|move|p2a: Ceruledge|Bitter Blade|p1a: Hoopa
|-damage|p1a: Hoopa|0 fnt
|-heal|p2a: Ceruledge|46/100 par|[from] drain|[of] p1a: Hoopa
|faint|p1a: Hoopa
|
|upkeep
|
|t:|1781483733
|switch|p1a: Kyurem|Kyurem|100/100
|-damage|p1a: Kyurem|76/100|[from] Stealth Rock
|-ability|p1a: Kyurem|Pressure
|turn|20
|
|t:|1781483735
|move|p2a: Ceruledge|Shadow Sneak|p1a: Kyurem
|-damage|p1a: Kyurem|33/100
|move|p1a: Kyurem|Freeze-Dry|p2a: Ceruledge
|-resisted|p2a: Ceruledge
|-damage|p2a: Ceruledge|16/100 par
|
|upkeep
|turn|21
|
|t:|1781483740
|move|p2a: Ceruledge|Shadow Sneak|p1a: Kyurem
|-damage|p1a: Kyurem|0 fnt
|faint|p1a: Kyurem
|
|upkeep
|-message|ScribbleScribble forfeited.
|
|win|GODKUD
|raw|ScribbleScribble's rating: 1592 &rarr; <strong>1571</strong><br />(-21 for losing)
|raw|GODKUD's rating: 1575 &rarr; <strong>1596</strong><br />(+21 for winning)
|l|☆ScribbleScribble
|player|p1|
|l|☆GODKUD
|player|p2|
