|j|☆Davy12345
|j|‽LT_Alt1
|t:|1781415135
|gametype|singles
|player|p1|Davy12345|drayden|1650
|player|p2|LT_Alt1|170|1719
|gen|9
|tier|[Gen 9] OU
|rated|
|rule|HP Percentage Mod: HP is shown in percentages
|rule|Endless Battle Clause: Forcing endless battles is banned
|rule|Species Clause: Limit one of each Pokémon
|rule|OHKO Clause: OHKO moves are banned
|rule|Evasion Items Clause: Evasion items are banned
|rule|Evasion Moves Clause: Evasion moves are banned
|rule|Evasion Abilities Clause: Evasion abilities are banned
|rule|Sleep Moves Clause: Sleep-inducing moves are banned
|clearpoke
|poke|p1|Garchomp, F|
|poke|p1|Samurott-Hisui, F|
|poke|p1|Iron Valiant|
|poke|p1|Slowking-Galar, M|
|poke|p1|Kyurem|
|poke|p1|Corviknight, F|
|poke|p2|Kyurem|
|poke|p2|Raging Bolt|
|poke|p2|Hatterene, F|
|poke|p2|Slowking-Galar, M|
|poke|p2|Ting-Lu|
|poke|p2|Corviknight, F|
|teampreview
|inactive|Battle timer is ON: inactive players will automatically lose when time's up. (requested by Davy12345)
|
|t:|1781415148
|teamsize|p1|6
|teamsize|p2|6
|start
|switch|p1a: Samurott|Samurott-Hisui, F|100/100
|switch|p2a: Kyurem|Kyurem|100/100
|-ability|p2a: Kyurem|Pressure
|turn|1
|
|t:|1781415156
|move|p2a: Kyurem|Freeze-Dry|p1a: Samurott
|-supereffective|p1a: Samurott
|-damage|p1a: Samurott|28/100
|move|p1a: Samurott|Ceaseless Edge|p2a: Kyurem
|-damage|p2a: Kyurem|62/100
|-sidestart|p2: LT_Alt1|Spikes
|
|upkeep
|turn|2
|
|t:|1781415166
|switch|p1a: Slowking|Slowking-Galar, M|100/100
|move|p2a: Kyurem|Freeze-Dry|p1a: Slowking
|-damage|p1a: Slowking|66/100
|
|upkeep
|turn|3
|
|t:|1781415171
|move|p2a: Kyurem|Freeze-Dry|p1a: Slowking
|-damage|p1a: Slowking|31/100
|-prepare|p1a: Slowking|Chilly Reception|[premajor]
|move|p1a: Slowking|Chilly Reception|p1a: Slowking
|-weather|Snowscape
|
|t:|1781415174
|switch|p1a: Kyurem|Kyurem|100/100|[from] Chilly Reception
|-ability|p1a: Kyurem|Pressure
|
|-weather|Snowscape|[upkeep]
|upkeep
|turn|4
|
|t:|1781415184
|move|p1a: Kyurem|Blizzard|p2a: Kyurem
|-damage|p2a: Kyurem|7/100
|move|p2a: Kyurem|Freeze-Dry|p1a: Kyurem
|-damage|p1a: Kyurem|50/100
|
|-weather|Snowscape|[upkeep]
|upkeep
|turn|5
|
|t:|1781415190
|move|p1a: Kyurem|Blizzard|p2a: Kyurem
|-damage|p2a: Kyurem|0 fnt
|faint|p2a: Kyurem
|
|-weather|Snowscape|[upkeep]
|upkeep
|
|t:|1781415199
|switch|p2a: Hatterene|Hatterene, F|100/100
|-damage|p2a: Hatterene|88/100|[from] Spikes
|turn|6
|
|t:|1781415204
|move|p1a: Kyurem|Blizzard|p2a: Hatterene
|-damage|p2a: Hatterene|30/100
|move|p2a: Hatterene|Psyshock|p1a: Kyurem
|-damage|p1a: Kyurem|25/100
|
|-weather|Snowscape|[upkeep]
|-heal|p2a: Hatterene|36/100|[from] item: Leftovers
|upkeep
|turn|7
|j| kadu99
|
|t:|1781415214
|-terastallize|p2a: Hatterene|Water
|move|p1a: Kyurem|Blizzard|p2a: Hatterene
|-resisted|p2a: Hatterene
|-damage|p2a: Hatterene|9/100
|move|p2a: Hatterene|Dazzling Gleam|p1a: Kyurem
|-supereffective|p1a: Kyurem
|-damage|p1a: Kyurem|0 fnt
|faint|p1a: Kyurem
|
|-weather|none
|-heal|p2a: Hatterene|15/100|[from] item: Leftovers
|upkeep
|
|t:|1781415221
|switch|p1a: Samurott|Samurott-Hisui, F|28/100
|turn|8
|
|t:|1781415224
|switch|p2a: Corviknight|Corviknight, F|100/100
|-ability|p2a: Corviknight|Pressure
|move|p1a: Samurott|Razor Shell|p2a: Corviknight
|-damage|p2a: Corviknight|67/100
|-damage|p1a: Samurott|12/100|[from] item: Rocky Helmet|[of] p2a: Corviknight
|
|upkeep
|turn|9
|
|t:|1781415230
|move|p1a: Samurott|Ceaseless Edge|p2a: Corviknight
|-damage|p2a: Corviknight|42/100
|-damage|p1a: Samurott|0 fnt|[from] item: Rocky Helmet|[of] p2a: Corviknight
|faint|p1a: Samurott
|move|p2a: Corviknight|Roost|p2a: Corviknight
|-heal|p2a: Corviknight|92/100
|-singleturn|p2a: Corviknight|move: Roost
|
|upkeep
|
|t:|1781415234
|switch|p1a: Iron Valiant|Iron Valiant|100/100
|-enditem|p1a: Iron Valiant|Booster Energy
|-activate|p1a: Iron Valiant|ability: Quark Drive|[fromitem]
|-start|p1a: Iron Valiant|quarkdrivespe
|turn|10
|
|t:|1781415243
|switch|p2a: Ting-Lu|Ting-Lu|100/100
|-damage|p2a: Ting-Lu|88/100|[from] Spikes
|-ability|p2a: Ting-Lu|Vessel of Ruin
|move|p1a: Iron Valiant|Thunderbolt|p2a: Ting-Lu
|-immune|p2a: Ting-Lu
|
|-heal|p2a: Ting-Lu|94/100|[from] item: Leftovers
|upkeep
|turn|11
|
|t:|1781415248
|switch|p2a: Slowking|Slowking-Galar, M|100/100
|-damage|p2a: Slowking|88/100|[from] Spikes
|move|p1a: Iron Valiant|Close Combat|p2a: Slowking
|-resisted|p2a: Slowking
|-damage|p2a: Slowking|77/100
|-unboost|p1a: Iron Valiant|def|1
|-unboost|p1a: Iron Valiant|spd|1
|
|upkeep
|turn|12
|
|t:|1781415260
|-end|p1a: Iron Valiant|Quark Drive|[silent]
|switch|p1a: Garchomp|Garchomp, F|100/100
|move|p2a: Slowking|Sludge Bomb|p1a: Garchomp
|-resisted|p1a: Garchomp
|-damage|p1a: Garchomp|84/100
|
|upkeep
|turn|13
|
|t:|1781415267
|move|p1a: Garchomp|Earthquake|p2a: Slowking
|-supereffective|p2a: Slowking
|-enditem|p2a: Slowking|Shuca Berry|[eat]
|-enditem|p2a: Slowking|Shuca Berry|[weaken]
|-damage|p2a: Slowking|41/100
|-prepare|p2a: Slowking|Chilly Reception|[premajor]
|move|p2a: Slowking|Chilly Reception|p2a: Slowking
|-weather|Snowscape
|
|t:|1781415270
|switch|p2a: Corviknight|Corviknight, F|92/100|[from] Chilly Reception
|-ability|p2a: Corviknight|Pressure
|
|-weather|Snowscape|[upkeep]
|upkeep
|turn|14
|
|t:|1781415276
|move|p1a: Garchomp|Stealth Rock|p2a: Corviknight
|-sidestart|p2: LT_Alt1|move: Stealth Rock
|move|p2a: Corviknight|Defog|p1a: Garchomp
|-unboost|p1a: Garchomp|evasion|1
|-sideend|p2: LT_Alt1|Spikes|[from] move: Defog|[of] p2a: Corviknight
|-sideend|p2: LT_Alt1|Stealth Rock|[from] move: Defog|[of] p2a: Corviknight
|
|-weather|Snowscape|[upkeep]
|upkeep
|turn|15
|
|t:|1781415279
|move|p2a: Corviknight|Iron Defense|p2a: Corviknight
|-boost|p2a: Corviknight|def|2
|move|p1a: Garchomp|Dragon Tail|p2a: Corviknight
|-resisted|p2a: Corviknight
|-damage|p2a: Corviknight|88/100
|-damage|p1a: Garchomp|68/100|[from] item: Rocky Helmet|[of] p2a: Corviknight
|drag|p2a: Slowking|Slowking-Galar, M|75/100
|
|-weather|Snowscape|[upkeep]
|upkeep
|turn|16
|
|t:|1781415284
|switch|p2a: Corviknight|Corviknight, F|88/100
|-ability|p2a: Corviknight|Pressure
|move|p1a: Garchomp|Earthquake|p2a: Corviknight
|-immune|p2a: Corviknight
|
|-weather|Snowscape|[upkeep]
|upkeep
|turn|17
|
|t:|1781415288
|switch|p1a: Slowking|Slowking-Galar, M|64/100
|move|p2a: Corviknight|Iron Defense|p2a: Corviknight
|-boost|p2a: Corviknight|def|2
|
|-weather|none
|upkeep
|turn|18
|-message|Davy12345 forfeited.
|
|win|LT_Alt1
|raw|Davy12345's rating: 1650 &rarr; <strong>1634</strong><br />(-16 for losing)
|raw|LT_Alt1's rating: 1719 &rarr; <strong>1735</strong><br />(+16 for winning)
|l|☆Davy12345
|player|p1|
|l| kadu99
