|j|☆Garchompah
|j|☆Miurez
|t:|1781593802
|gametype|singles
|player|p1|Garchompah|acetrainersnowf|1504
|player|p2|Miurez|pokemonranger-gen4|1603
|gen|9
|tier|[Gen 9] OU
|rated|
|rule|HP Percentage Mod: HP is shown in percentages
|rule|Endless Battle Clause: Forcing endless battles is banned
|rule|Species Clause: Limit one of each Pokémon
|rule|OHKO Clause: OHKO moves are banned
|rule|Evasion Items Clause: Evasion items are banned
|rule|Evasion Moves Clause: Evasion moves are banned
|rule|Evasion Abilities Clause: Evasion abilities are banned
|rule|Sleep Moves Clause: Sleep-inducing moves are banned
|clearpoke
|poke|p1|Muk-Alola, F|
|poke|p1|Chesnaught, M|
|poke|p1|Garganacl, F|
|poke|p1|Great Tusk|
|poke|p1|Corviknight, F|
|poke|p1|Dragapult, F|
|poke|p2|Hydrapple, M|
|poke|p2|Moltres|
|poke|p2|Toxapex, F|
|poke|p2|Kingambit, F|
|poke|p2|Zamazenta-*|
|poke|p2|Great Tusk|
|teampreview
|inactive|Battle timer is ON: inactive players will automatically lose when time's up. (requested by Garchompah)
|inactive|Garchompah has 120 seconds left.
|
|t:|1781593861
|teamsize|p1|6
|teamsize|p2|6
|start
|switch|p1a: Dragapult|Dragapult, F|100/100
|switch|p2a: Toxapex|Toxapex, F|100/100
|turn|1
|
|t:|1781593879
|move|p1a: Dragapult|Will-O-Wisp|p2a: Toxapex
|-status|p2a: Toxapex|brn
|move|p2a: Toxapex|Toxic|p1a: Dragapult
|-status|p1a: Dragapult|tox
|
|-damage|p1a: Dragapult|95/100 tox|[from] psn
|-damage|p2a: Toxapex|95/100 brn|[from] brn
|upkeep
|turn|2
|
|t:|1781593891
|switch|p1a: Garganacl|Garganacl, F|100/100
|move|p2a: Toxapex|Recover|p2a: Toxapex
|-heal|p2a: Toxapex|100/100 brn
|
|-damage|p2a: Toxapex|95/100 brn|[from] brn
|upkeep
|turn|3
|
|t:|1781593898
|switch|p2a: Hydrapple|Hydrapple, M|100/100
|move|p1a: Garganacl|Stealth Rock|p2a: Hydrapple
|-sidestart|p2: Miurez|move: Stealth Rock
|
|upkeep
|turn|4
|
|t:|1781593908
|switch|p1a: Corviknight|Corviknight, F|100/100
|-ability|p1a: Corviknight|Pressure
|move|p2a: Hydrapple|Nasty Plot|p2a: Hydrapple
|-boost|p2a: Hydrapple|spa|2
|
|upkeep
|turn|5
|
|t:|1781593914
|switch|p2a: Moltres|Moltres|100/100
|move|p1a: Corviknight|Brave Bird|p2a: Moltres
|-damage|p2a: Moltres|75/100
|-status|p1a: Corviknight|brn|[from] ability: Flame Body|[of] p2a: Moltres
|-damage|p1a: Corviknight|92/100 brn|[from] Recoil
|
|-heal|p1a: Corviknight|98/100 brn|[from] item: Leftovers
|-damage|p1a: Corviknight|92/100 brn|[from] brn
|upkeep
|turn|6
|
|t:|1781593925
|switch|p1a: Garganacl|Garganacl, F|100/100
|move|p2a: Moltres|Flamethrower|p1a: Garganacl
|-resisted|p1a: Garganacl
|-damage|p1a: Garganacl|87/100
|
|-heal|p1a: Garganacl|93/100|[from] item: Leftovers
|upkeep
|turn|7
|
|t:|1781593934
|move|p2a: Moltres|U-turn|p1a: Garganacl
|-damage|p1a: Garganacl|85/100
|
|t:|1781593936
|switch|p2a: Hydrapple|Hydrapple, M|100/100|[from] U-turn
|move|p1a: Garganacl|Salt Cure|p2a: Hydrapple
|-damage|p2a: Hydrapple|92/100
|-start|p2a: Hydrapple|Salt Cure
|
|-heal|p1a: Garganacl|91/100|[from] item: Leftovers
|-damage|p2a: Hydrapple|79/100|[from] Salt Cure
|upkeep
|turn|8
|
|t:|1781593945
|switch|p1a: Corviknight|Corviknight, F|92/100 brn
|-ability|p1a: Corviknight|Pressure
|move|p2a: Hydrapple|Nasty Plot|p2a: Hydrapple
|-boost|p2a: Hydrapple|spa|2
|
|-heal|p1a: Corviknight|98/100 brn|[from] item: Leftovers
|-damage|p1a: Corviknight|92/100 brn|[from] brn
|-damage|p2a: Hydrapple|67/100|[from] Salt Cure
|upkeep
|turn|9
|
|t:|1781593954
|switch|p2a: Toxapex|Toxapex, F|100/100 brn
|-damage|p2a: Toxapex|88/100 brn|[from] Stealth Rock
|move|p1a: Corviknight|Brave Bird|p2a: Toxapex
|-damage|p2a: Toxapex|75/100 brn
|-damage|p1a: Corviknight|89/100 brn|[from] Recoil
|
|-heal|p1a: Corviknight|95/100 brn|[from] item: Leftovers
|-heal|p2a: Toxapex|81/100 brn|[from] item: Leftovers
|-damage|p1a: Corviknight|89/100 brn|[from] brn
|-damage|p2a: Toxapex|75/100 brn|[from] brn
|upkeep
|turn|10
|
|t:|1781593965
|switch|p1a: Garganacl|Garganacl, F|91/100
|move|p2a: Toxapex|Toxic|p1a: Garganacl
|-immune|p1a: Garganacl|[from] ability: Purifying Salt
|
|-heal|p1a: Garganacl|97/100|[from] item: Leftovers
|-heal|p2a: Toxapex|81/100 brn|[from] item: Leftovers
|-damage|p2a: Toxapex|75/100 brn|[from] brn
|upkeep
|turn|11
|
|t:|1781593974
|switch|p1a: Muk|Muk-Alola, F|100/100
|switch|p2a: Hydrapple|Hydrapple, M|99/100
|
|upkeep
|turn|12
|
|t:|1781593986
|switch|p2a: Moltres|Moltres|75/100
|move|p1a: Muk|Poison Jab|p2a: Moltres
|-damage|p2a: Moltres|49/100
|-status|p2a: Moltres|psn
|-status|p1a: Muk|brn|[from] ability: Flame Body|[of] p2a: Moltres
|
|-damage|p2a: Moltres|36/100 psn|[from] psn
|-damage|p1a: Muk|94/100 brn|[from] brn
|upkeep
|turn|13
|
|t:|1781593993
|move|p2a: Moltres|Roost|p2a: Moltres
|-heal|p2a: Moltres|86/100 psn
|-singleturn|p2a: Moltres|move: Roost
|move|p1a: Muk|Knock Off|p2a: Moltres
|-damage|p2a: Moltres|71/100 psn
|-enditem|p2a: Moltres|Heavy-Duty Boots|[from] move: Knock Off|[of] p1a: Muk
|
|-damage|p2a: Moltres|58/100 psn|[from] psn
|-damage|p1a: Muk|88/100 brn|[from] brn
|upkeep
|turn|14
|
|t:|1781594000
|switch|p1a: Garganacl|Garganacl, F|97/100
|move|p2a: Moltres|Roost|p2a: Moltres
|-heal|p2a: Moltres|100/100 psn
|-singleturn|p2a: Moltres|move: Roost
|
|-heal|p1a: Garganacl|100/100|[from] item: Leftovers
|-damage|p2a: Moltres|88/100 psn|[from] psn
|upkeep
|turn|15
|
|t:|1781594008
|move|p2a: Moltres|U-turn|p1a: Garganacl
|-crit|p1a: Garganacl
|-damage|p1a: Garganacl|86/100
|
|t:|1781594015
|switch|p2a: Great Tusk|Great Tusk|100/100|[from] U-turn
|-damage|p2a: Great Tusk|98/100|[from] Stealth Rock
|move|p1a: Garganacl|Salt Cure|p2a: Great Tusk
|-resisted|p2a: Great Tusk
|-damage|p2a: Great Tusk|95/100
|-start|p2a: Great Tusk|Salt Cure
|
|-heal|p1a: Garganacl|92/100|[from] item: Leftovers
|-damage|p2a: Great Tusk|83/100|[from] Salt Cure
|upkeep
|turn|16
|
|t:|1781594026
|switch|p1a: Chesnaught|Chesnaught, M|100/100
|move|p2a: Great Tusk|Headlong Rush|p1a: Chesnaught
|-resisted|p1a: Chesnaught
|-damage|p1a: Chesnaught|84/100
|-unboost|p2a: Great Tusk|def|1
|-unboost|p2a: Great Tusk|spd|1
|-damage|p2a: Great Tusk|66/100|[from] item: Rocky Helmet|[of] p1a: Chesnaught
|
|-damage|p2a: Great Tusk|54/100|[from] Salt Cure
|upkeep
|turn|17
|
|t:|1781594048
|-end|p2a: Great Tusk|Protosynthesis|[silent]
|switch|p2a: Toxapex|Toxapex, F|100/100 brn
|-damage|p2a: Toxapex|88/100 brn|[from] Stealth Rock
|move|p1a: Chesnaught|Spikes|p2a: Toxapex
|-sidestart|p2: Miurez|Spikes
|
|-heal|p2a: Toxapex|94/100 brn|[from] item: Leftovers
|-damage|p2a: Toxapex|88/100 brn|[from] brn
|upkeep
|turn|18
|
|t:|1781594060
|move|p1a: Chesnaught|Knock Off|p2a: Toxapex
|-damage|p2a: Toxapex|71/100 brn
|-enditem|p2a: Toxapex|Leftovers|[from] move: Knock Off|[of] p1a: Chesnaught
|move|p2a: Toxapex|Toxic|p1a: Chesnaught
|-status|p1a: Chesnaught|tox
|
|-damage|p1a: Chesnaught|78/100 tox|[from] psn
|-damage|p2a: Toxapex|65/100 brn|[from] brn
|upkeep
|turn|19
|
|t:|1781594070
|switch|p1a: Dragapult|Dragapult, F|95/100 tox
|move|p2a: Toxapex|Recover|p2a: Toxapex
|-heal|p2a: Toxapex|100/100 brn
|
|-damage|p1a: Dragapult|89/100 tox|[from] psn
|-damage|p2a: Toxapex|95/100 brn|[from] brn
|upkeep
|turn|20
|
|t:|1781594085
|switch|p1a: Muk|Muk-Alola, F|88/100 brn
|move|p2a: Toxapex|Poison Jab|p1a: Muk
|-resisted|p1a: Muk
|-damage|p1a: Muk|84/100 brn
|
|-damage|p1a: Muk|78/100 brn|[from] brn
|-damage|p2a: Toxapex|89/100 brn|[from] brn
|upkeep
|turn|21
|
|t:|1781594094
|move|p1a: Muk|Knock Off|p2a: Toxapex
|-damage|p2a: Toxapex|79/100 brn
|move|p2a: Toxapex|Poison Jab|p1a: Muk
|-resisted|p1a: Muk
|-damage|p1a: Muk|74/100 brn
|
|-damage|p1a: Muk|68/100 brn|[from] brn
|-damage|p2a: Toxapex|73/100 brn|[from] brn
|upkeep
|turn|22
|
|t:|1781594104
|switch|p1a: Garganacl|Garganacl, F|92/100
|move|p2a: Toxapex|Poison Jab|p1a: Garganacl
|-resisted|p1a: Garganacl
|-damage|p1a: Garganacl|89/100
|
|-heal|p1a: Garganacl|96/100|[from] item: Leftovers
|-damage|p2a: Toxapex|67/100 brn|[from] brn
|upkeep
|turn|23
|
|t:|1781594114
|switch|p1a: Great Tusk|Great Tusk|100/100
|switch|p2a: Hydrapple|Hydrapple, M|100/100
|
|upkeep
|turn|24
|
|t:|1781594124
|move|p1a: Great Tusk|Knock Off|p2a: Hydrapple
|-damage|p2a: Hydrapple|79/100
|-enditem|p2a: Hydrapple|Heavy-Duty Boots|[from] move: Knock Off|[of] p1a: Great Tusk
|move|p2a: Hydrapple|Giga Drain|p1a: Great Tusk
|-supereffective|p1a: Great Tusk
|-damage|p1a: Great Tusk|8/100
|-heal|p2a: Hydrapple|100/100|[from] drain|[of] p1a: Great Tusk
|
|upkeep
|turn|25
|
|t:|1781594134
|-end|p1a: Great Tusk|Protosynthesis|[silent]
|switch|p1a: Corviknight|Corviknight, F|89/100 brn
|-ability|p1a: Corviknight|Pressure
|move|p2a: Hydrapple|Fickle Beam|p1a: Corviknight
|-resisted|p1a: Corviknight
|-damage|p1a: Corviknight|75/100 brn
|
|-heal|p1a: Corviknight|81/100 brn|[from] item: Leftovers
|-damage|p1a: Corviknight|75/100 brn|[from] brn
|upkeep
|turn|26
|
|t:|1781594141
|switch|p2a: Toxapex|Toxapex, F|99/100 brn
|-damage|p2a: Toxapex|88/100 brn|[from] Stealth Rock
|-damage|p2a: Toxapex|76/100 brn|[from] Spikes
|move|p1a: Corviknight|Brave Bird|p2a: Toxapex
|-damage|p2a: Toxapex|64/100 brn
|-damage|p1a: Corviknight|72/100 brn|[from] Recoil
|
|-heal|p1a: Corviknight|78/100 brn|[from] item: Leftovers
|-damage|p1a: Corviknight|72/100 brn|[from] brn
|-damage|p2a: Toxapex|58/100 brn|[from] brn
|upkeep
|turn|27
|
|t:|1781594146
|move|p1a: Corviknight|Bulk Up|p1a: Corviknight
|-boost|p1a: Corviknight|atk|1
|-boost|p1a: Corviknight|def|1
|move|p2a: Toxapex|Recover|p2a: Toxapex
|-heal|p2a: Toxapex|100/100 brn
|
|-heal|p1a: Corviknight|78/100 brn|[from] item: Leftovers
|-damage|p1a: Corviknight|72/100 brn|[from] brn
|-damage|p2a: Toxapex|95/100 brn|[from] brn
|upkeep
|turn|28
|
|t:|1781594151
|move|p1a: Corviknight|Bulk Up|p1a: Corviknight
|-boost|p1a: Corviknight|atk|1
|-boost|p1a: Corviknight|def|1
|move|p2a: Toxapex|Haze|p2a: Toxapex
|-clearallboost
|
|-heal|p1a: Corviknight|78/100 brn|[from] item: Leftovers
|-damage|p1a: Corviknight|72/100 brn|[from] brn
|-damage|p2a: Toxapex|89/100 brn|[from] brn
|upkeep
|turn|29
|
|t:|1781594159
|move|p1a: Corviknight|Bulk Up|p1a: Corviknight
|-boost|p1a: Corviknight|atk|1
|-boost|p1a: Corviknight|def|1
|move|p2a: Toxapex|Toxic||[still]
|-fail|p2a: Toxapex
|
|-heal|p1a: Corviknight|78/100 brn|[from] item: Leftovers
|-damage|p1a: Corviknight|72/100 brn|[from] brn
|-damage|p2a: Toxapex|83/100 brn|[from] brn
|upkeep
|turn|30
|
|t:|1781594163
|move|p1a: Corviknight|Brave Bird|p2a: Toxapex
|-damage|p2a: Toxapex|64/100 brn
|-damage|p1a: Corviknight|67/100 brn|[from] Recoil
|move|p2a: Toxapex|Haze|p2a: Toxapex
|-clearallboost
|
|-heal|p1a: Corviknight|73/100 brn|[from] item: Leftovers
|-damage|p1a: Corviknight|67/100 brn|[from] brn
|-damage|p2a: Toxapex|58/100 brn|[from] brn
|upkeep
|turn|31
|
|t:|1781594191
|move|p1a: Corviknight|Brave Bird|p2a: Toxapex
|-damage|p2a: Toxapex|46/100 brn
|-damage|p1a: Corviknight|64/100 brn|[from] Recoil
|move|p2a: Toxapex|Recover|p2a: Toxapex
|-heal|p2a: Toxapex|96/100 brn
|
|-heal|p1a: Corviknight|70/100 brn|[from] item: Leftovers
|-damage|p1a: Corviknight|64/100 brn|[from] brn
|-damage|p2a: Toxapex|90/100 brn|[from] brn
|upkeep
|turn|32
|
|t:|1781594202
|switch|p2a: Moltres|Moltres|88/100 psn
|-damage|p2a: Moltres|38/100 psn|[from] Stealth Rock
|move|p1a: Corviknight|Brave Bird|p2a: Moltres
|-damage|p2a: Moltres|26/100 psn
|-damage|p1a: Corviknight|60/100 brn|[from] Recoil
|
|-heal|p1a: Corviknight|66/100 brn|[from] item: Leftovers
|-damage|p2a: Moltres|14/100 psn|[from] psn
|-damage|p1a: Corviknight|60/100 brn|[from] brn
|upkeep
|turn|33
|
|t:|1781594212
|move|p2a: Moltres|Roost|p2a: Moltres
|-heal|p2a: Moltres|64/100 psn
|-singleturn|p2a: Moltres|move: Roost
|move|p1a: Corviknight|Brave Bird|p2a: Moltres
|-damage|p2a: Moltres|52/100 psn
|-damage|p1a: Corviknight|56/100 brn|[from] Recoil
|
|-heal|p1a: Corviknight|63/100 brn|[from] item: Leftovers
|-damage|p2a: Moltres|40/100 psn|[from] psn
|-damage|p1a: Corviknight|56/100 brn|[from] brn
|upkeep
|turn|34
|
|t:|1781594222
|switch|p1a: Dragapult|Dragapult, F|89/100 tox
|move|p2a: Moltres|Roost|p2a: Moltres
|-heal|p2a: Moltres|90/100 psn
|-singleturn|p2a: Moltres|move: Roost
|
|-damage|p1a: Dragapult|83/100 tox|[from] psn
|-damage|p2a: Moltres|78/100 psn|[from] psn
|upkeep
|turn|35
|
|t:|1781594232
|switch|p2a: Toxapex|Toxapex, F|100/100 brn
|-damage|p2a: Toxapex|88/100 brn|[from] Stealth Rock
|-damage|p2a: Toxapex|76/100 brn|[from] Spikes
|move|p1a: Dragapult|Hex|p2a: Toxapex
|-damage|p2a: Toxapex|34/100 brn
|
|-damage|p1a: Dragapult|71/100 tox|[from] psn
|-damage|p2a: Toxapex|28/100 brn|[from] brn
|upkeep
|turn|36
|
|t:|1781594239
|switch|p2a: Kingambit|Kingambit, F|100/100
|-damage|p2a: Kingambit|94/100|[from] Stealth Rock
|-damage|p2a: Kingambit|82/100|[from] Spikes
|move|p1a: Dragapult|Hex|p2a: Kingambit
|-resisted|p2a: Kingambit
|-damage|p2a: Kingambit|69/100
|
|-heal|p2a: Kingambit|75/100|[from] item: Leftovers
|-damage|p1a: Dragapult|53/100 tox|[from] psn
|upkeep
|turn|37
|
|t:|1781594250
|switch|p1a: Corviknight|Corviknight, F|56/100 brn
|-ability|p1a: Corviknight|Pressure
|-end|p2a: Kingambit|fallenundefined|[silent]
|switch|p2a: Toxapex|Toxapex, F|62/100 brn
|-damage|p2a: Toxapex|49/100 brn|[from] Stealth Rock
|-damage|p2a: Toxapex|37/100 brn|[from] Spikes
|
|-heal|p1a: Corviknight|63/100 brn|[from] item: Leftovers
|-damage|p1a: Corviknight|56/100 brn|[from] brn
|-damage|p2a: Toxapex|31/100 brn|[from] brn
|upkeep
|turn|38
|
|t:|1781594265
|move|p1a: Corviknight|Bulk Up|p1a: Corviknight
|-boost|p1a: Corviknight|atk|1
|-boost|p1a: Corviknight|def|1
|move|p2a: Toxapex|Recover|p2a: Toxapex
|-heal|p2a: Toxapex|81/100 brn
|
|-heal|p1a: Corviknight|63/100 brn|[from] item: Leftovers
|-damage|p1a: Corviknight|56/100 brn|[from] brn
|-damage|p2a: Toxapex|75/100 brn|[from] brn
|upkeep
|turn|39
|
|t:|1781594271
|move|p1a: Corviknight|Brave Bird|p2a: Toxapex
|-damage|p2a: Toxapex|56/100 brn
|-damage|p1a: Corviknight|52/100 brn|[from] Recoil
|move|p2a: Toxapex|Haze|p2a: Toxapex
|-clearallboost
|
|-heal|p1a: Corviknight|58/100 brn|[from] item: Leftovers
|-damage|p1a: Corviknight|52/100 brn|[from] brn
|-damage|p2a: Toxapex|50/100 brn|[from] brn
|upkeep
|turn|40
|
|t:|1781594280
|switch|p2a: Moltres|Moltres|78/100 psn
|-damage|p2a: Moltres|28/100 psn|[from] Stealth Rock
|move|p1a: Corviknight|Brave Bird|p2a: Moltres
|-damage|p2a: Moltres|16/100 psn
|-damage|p1a: Corviknight|48/100 brn|[from] Recoil
|
|-heal|p1a: Corviknight|54/100 brn|[from] item: Leftovers
|-damage|p2a: Moltres|4/100 psn|[from] psn
|-damage|p1a: Corviknight|48/100 brn|[from] brn
|upkeep
|turn|41
|
|t:|1781594293
|move|p2a: Moltres|Roost|p2a: Moltres
|-heal|p2a: Moltres|54/100 psn
|-singleturn|p2a: Moltres|move: Roost
|move|p1a: Corviknight|Roost|p1a: Corviknight
|-heal|p1a: Corviknight|98/100 brn
|-singleturn|p1a: Corviknight|move: Roost
|
|-heal|p1a: Corviknight|100/100 brn|[from] item: Leftovers
|-damage|p2a: Moltres|41/100 psn|[from] psn
|-damage|p1a: Corviknight|94/100 brn|[from] brn
|upkeep
|turn|42
|
|t:|1781594298
|move|p2a: Moltres|Roost|p2a: Moltres
|-heal|p2a: Moltres|92/100 psn
|-singleturn|p2a: Moltres|move: Roost
|move|p1a: Corviknight|Bulk Up|p1a: Corviknight
|-boost|p1a: Corviknight|atk|1
|-boost|p1a: Corviknight|def|1
|
|-heal|p1a: Corviknight|100/100 brn|[from] item: Leftovers
|-damage|p2a: Moltres|79/100 psn|[from] psn
|-damage|p1a: Corviknight|94/100 brn|[from] brn
|upkeep
|turn|43
|
|t:|1781594323
|switch|p1a: Garganacl|Garganacl, F|96/100
|move|p2a: Moltres|Flamethrower|p1a: Garganacl
|-resisted|p1a: Garganacl
|-damage|p1a: Garganacl|83/100
|
|-heal|p1a: Garganacl|90/100|[from] item: Leftovers
|-damage|p2a: Moltres|67/100 psn|[from] psn
|upkeep
|turn|44
|
|t:|1781594329
|move|p2a: Moltres|U-turn|p1a: Garganacl
|-damage|p1a: Garganacl|80/100
|
|t:|1781594331
|switch|p2a: Great Tusk|Great Tusk|54/100|[from] U-turn
|-damage|p2a: Great Tusk|51/100|[from] Stealth Rock
|-damage|p2a: Great Tusk|39/100|[from] Spikes
|move|p1a: Garganacl|Curse|p1a: Garganacl
|-unboost|p1a: Garganacl|spe|1
|-boost|p1a: Garganacl|atk|1
|-boost|p1a: Garganacl|def|1
|
|-heal|p1a: Garganacl|86/100|[from] item: Leftovers
|upkeep
|turn|45
|
|t:|1781594343
|move|p2a: Great Tusk|Rapid Spin|p1a: Garganacl
|-resisted|p1a: Garganacl
|-damage|p1a: Garganacl|82/100
|-boost|p2a: Great Tusk|spe|1
|-sideend|p2: Miurez|Spikes|[from] move: Rapid Spin|[of] p2a: Great Tusk
|-sideend|p2: Miurez|Stealth Rock|[from] move: Rapid Spin|[of] p2a: Great Tusk
|move|p1a: Garganacl|Salt Cure|p2a: Great Tusk
|-resisted|p2a: Great Tusk
|-damage|p2a: Great Tusk|35/100
|-start|p2a: Great Tusk|Salt Cure
|
|-heal|p1a: Garganacl|88/100|[from] item: Leftovers
|-damage|p2a: Great Tusk|23/100|[from] Salt Cure
|upkeep
|turn|46
|inactive|Miurez has 120 seconds left.
|
|t:|1781594374
|-end|p2a: Great Tusk|Protosynthesis|[silent]
|switch|p2a: Hydrapple|Hydrapple, M|100/100
|switch|p1a: Corviknight|Corviknight, F|94/100 brn
|-ability|p1a: Corviknight|Pressure
|
|-heal|p1a: Corviknight|100/100 brn|[from] item: Leftovers
|-damage|p1a: Corviknight|94/100 brn|[from] brn
|upkeep
|turn|47
|inactive|Miurez has 120 seconds left.
|
|t:|1781594386
|switch|p2a: Toxapex|Toxapex, F|84/100 brn
|move|p1a: Corviknight|Brave Bird|p2a: Toxapex
|-damage|p2a: Toxapex|71/100 brn
|-damage|p1a: Corviknight|91/100 brn|[from] Recoil
|
|-heal|p1a: Corviknight|97/100 brn|[from] item: Leftovers
|-damage|p1a: Corviknight|91/100 brn|[from] brn
|-damage|p2a: Toxapex|65/100 brn|[from] brn
|upkeep
|turn|48
|inactive|Miurez has 120 seconds left.
|
|t:|1781594398
|switch|p1a: Garganacl|Garganacl, F|88/100
|switch|p2a: Moltres|Moltres|67/100 psn
|
|-heal|p1a: Garganacl|95/100|[from] item: Leftovers
|-damage|p2a: Moltres|55/100 psn|[from] psn
|upkeep
|turn|49
|
|t:|1781594402
|move|p2a: Moltres|U-turn|p1a: Garganacl
|-damage|p1a: Garganacl|84/100
|
|t:|1781594404
|switch|p2a: Hydrapple|Hydrapple, M|100/100|[from] U-turn
|move|p1a: Garganacl|Stealth Rock|p2a: Hydrapple
|-sidestart|p2: Miurez|move: Stealth Rock
|
|-heal|p1a: Garganacl|91/100|[from] item: Leftovers
|upkeep
|turn|50
|
|t:|1781594408
|switch|p1a: Corviknight|Corviknight, F|91/100 brn
|-ability|p1a: Corviknight|Pressure
|move|p2a: Hydrapple|Nasty Plot|p2a: Hydrapple
|-boost|p2a: Hydrapple|spa|2
|
|-heal|p1a: Corviknight|97/100 brn|[from] item: Leftovers
|-damage|p1a: Corviknight|91/100 brn|[from] brn
|upkeep
|turn|51
|
|t:|1781594415
|move|p1a: Corviknight|Brave Bird|p2a: Hydrapple
|-supereffective|p2a: Hydrapple
|-damage|p2a: Hydrapple|77/100
|-damage|p1a: Corviknight|83/100 brn|[from] Recoil
|move|p2a: Hydrapple|Fickle Beam|p1a: Corviknight|[anim] Fickle Beam All Out
|-activate|p2a: Hydrapple|move: Fickle Beam
|-resisted|p1a: Corviknight
|-damage|p1a: Corviknight|25/100 brn
|
|-heal|p1a: Corviknight|31/100 brn|[from] item: Leftovers
|-damage|p1a: Corviknight|25/100 brn|[from] brn
|upkeep
|turn|52
|
|t:|1781594429
|move|p1a: Corviknight|Roost|p1a: Corviknight
|-heal|p1a: Corviknight|75/100 brn
|-singleturn|p1a: Corviknight|move: Roost
|move|p2a: Hydrapple|Nasty Plot|p2a: Hydrapple
|-boost|p2a: Hydrapple|spa|2
|
|-heal|p1a: Corviknight|81/100 brn|[from] item: Leftovers
|-damage|p1a: Corviknight|75/100 brn|[from] brn
|upkeep
|turn|53
|
|t:|1781594433
|move|p1a: Corviknight|Brave Bird|p2a: Hydrapple
|-supereffective|p2a: Hydrapple
|-damage|p2a: Hydrapple|56/100
|-damage|p1a: Corviknight|68/100 brn|[from] Recoil
|move|p2a: Hydrapple|Giga Drain|p1a: Corviknight
|-resisted|p1a: Corviknight
|-damage|p1a: Corviknight|48/100 brn
|-heal|p2a: Hydrapple|66/100|[from] drain|[of] p1a: Corviknight
|
|-heal|p1a: Corviknight|55/100 brn|[from] item: Leftovers
|-damage|p1a: Corviknight|48/100 brn|[from] brn
|upkeep
|turn|54
|
|t:|1781594450
|move|p1a: Corviknight|Brave Bird|p2a: Hydrapple
|-supereffective|p2a: Hydrapple
|-damage|p2a: Hydrapple|43/100
|-damage|p1a: Corviknight|41/100 brn|[from] Recoil
|move|p2a: Hydrapple|Fickle Beam|p1a: Corviknight
|-resisted|p1a: Corviknight
|-damage|p1a: Corviknight|0 fnt
|faint|p1a: Corviknight
|
|upkeep
|
|t:|1781594478
|switch|p1a: Dragapult|Dragapult, F|53/100 tox
|turn|55
|
|t:|1781594481
|switch|p2a: Kingambit|Kingambit, F|75/100
|-damage|p2a: Kingambit|69/100|[from] Stealth Rock
|move|p1a: Dragapult|Draco Meteor|p2a: Kingambit
|-resisted|p2a: Kingambit
|-damage|p2a: Kingambit|41/100
|-unboost|p1a: Dragapult|spa|2
|
|-heal|p2a: Kingambit|48/100|[from] item: Leftovers
|-damage|p1a: Dragapult|47/100 tox|[from] psn
|upkeep
|turn|56
|
|t:|1781594496
|switch|p1a: Chesnaught|Chesnaught, M|78/100 tox
|move|p2a: Kingambit|Iron Head|p1a: Chesnaught
|-damage|p1a: Chesnaught|51/100 tox
|-damage|p2a: Kingambit|31/100|[from] item: Rocky Helmet|[of] p1a: Chesnaught
|
|-heal|p2a: Kingambit|37/100|[from] item: Leftovers
|-damage|p1a: Chesnaught|45/100 tox|[from] psn
|upkeep
|turn|57
|
|t:|1781594518
|-end|p2a: Kingambit|fallenundefined|[silent]
|switch|p2a: Moltres|Moltres|55/100 psn
|-damage|p2a: Moltres|5/100 psn|[from] Stealth Rock
|move|p1a: Chesnaught|Spikes|p2a: Moltres
|-sidestart|p2: Miurez|Spikes
|
|-damage|p2a: Moltres|0 fnt|[from] psn
|faint|p2a: Moltres
|-damage|p1a: Chesnaught|33/100 tox|[from] psn
|upkeep
|
|t:|1781594521
|switch|p2a: Great Tusk|Great Tusk|23/100
|-damage|p2a: Great Tusk|20/100|[from] Stealth Rock
|-damage|p2a: Great Tusk|7/100|[from] Spikes
|turn|58
|
|t:|1781594541
|switch|p1a: Dragapult|Dragapult, F|47/100 tox
|move|p2a: Great Tusk|Rapid Spin|p1a: Dragapult
|-immune|p1a: Dragapult
|
|-damage|p1a: Dragapult|41/100 tox|[from] psn
|upkeep
|turn|59
|
|t:|1781594548
|move|p1a: Dragapult|U-turn|p2a: Great Tusk
|-resisted|p2a: Great Tusk
|-damage|p2a: Great Tusk|1/100
|-damage|p1a: Dragapult|24/100 tox|[from] item: Rocky Helmet|[of] p2a: Great Tusk
|
|t:|1781594555
|switch|p1a: Chesnaught|Chesnaught, M|33/100 tox|[from] U-turn
|move|p2a: Great Tusk|Headlong Rush|p1a: Chesnaught
|-resisted|p1a: Chesnaught
|-damage|p1a: Chesnaught|15/100 tox
|-unboost|p2a: Great Tusk|def|1
|-unboost|p2a: Great Tusk|spd|1
|-damage|p2a: Great Tusk|0 fnt|[from] item: Rocky Helmet|[of] p1a: Chesnaught
|faint|p2a: Great Tusk
|-end|p2a: Great Tusk|Protosynthesis|[silent]
|
|-damage|p1a: Chesnaught|9/100 tox|[from] psn
|upkeep
|
|t:|1781594560
|switch|p2a: Zamazenta|Zamazenta|100/100
|-damage|p2a: Zamazenta|94/100|[from] Stealth Rock
|-damage|p2a: Zamazenta|82/100|[from] Spikes
|-ability|p2a: Zamazenta|Dauntless Shield|boost
|-boost|p2a: Zamazenta|def|1
|turn|60
|
|t:|1781594574
|move|p2a: Zamazenta|Iron Defense|p2a: Zamazenta
|-boost|p2a: Zamazenta|def|2
|move|p1a: Chesnaught|Leech Seed|p2a: Zamazenta
|-start|p2a: Zamazenta|move: Leech Seed
|
|-heal|p2a: Zamazenta|88/100|[from] item: Leftovers
|-damage|p2a: Zamazenta|76/100|[from] Leech Seed|[of] p1a: Chesnaught
|-heal|p1a: Chesnaught|20/100 tox|[silent]
|-damage|p1a: Chesnaught|8/100 tox|[from] psn
|upkeep
|turn|61
|
|t:|1781594592
|move|p2a: Zamazenta|Iron Defense|p2a: Zamazenta
|-boost|p2a: Zamazenta|def|2
|move|p1a: Chesnaught|Spikes|p2a: Zamazenta
|-sidestart|p2: Miurez|Spikes
|
|-heal|p2a: Zamazenta|82/100|[from] item: Leftovers
|-damage|p2a: Zamazenta|70/100|[from] Leech Seed|[of] p1a: Chesnaught
|-heal|p1a: Chesnaught|18/100 tox|[silent]
|-damage|p1a: Chesnaught|0 fnt|[from] psn
|faint|p1a: Chesnaught
|upkeep
|
|t:|1781594610
|switch|p1a: Dragapult|Dragapult, F|24/100 tox
|turn|62
|
|t:|1781594622
|move|p1a: Dragapult|Will-O-Wisp|p2a: Zamazenta
|-status|p2a: Zamazenta|brn
|move|p2a: Zamazenta|Crunch|p1a: Dragapult
|-supereffective|p1a: Dragapult
|-damage|p1a: Dragapult|0 fnt
|faint|p1a: Dragapult
|
|-heal|p2a: Zamazenta|76/100 brn|[from] item: Leftovers
|-damage|p2a: Zamazenta|70/100 brn|[from] brn
|upkeep
|
|t:|1781594627
|switch|p1a: Garganacl|Garganacl, F|91/100
|turn|63
|
|t:|1781594632
|-terastallize|p1a: Garganacl|Fairy
|move|p2a: Zamazenta|Body Press|p1a: Garganacl
|-resisted|p1a: Garganacl
|-damage|p1a: Garganacl|67/100
|move|p1a: Garganacl|Curse|p1a: Garganacl
|-unboost|p1a: Garganacl|spe|1
|-boost|p1a: Garganacl|atk|1
|-boost|p1a: Garganacl|def|1
|
|-heal|p2a: Zamazenta|76/100 brn|[from] item: Leftovers
|-heal|p1a: Garganacl|74/100|[from] item: Leftovers
|-damage|p2a: Zamazenta|64/100 brn|[from] Leech Seed|[of] p1a: Garganacl
|-heal|p1a: Garganacl|83/100|[silent]
|-damage|p2a: Zamazenta|57/100 brn|[from] brn
|upkeep
|turn|64
|
|t:|1781594639
|move|p1a: Garganacl|Salt Cure|p2a: Zamazenta
|-resisted|p2a: Zamazenta
|-damage|p2a: Zamazenta|55/100 brn
|-start|p2a: Zamazenta|Salt Cure
|move|p2a: Zamazenta|Roar|p1a: Garganacl
|drag|p1a: Great Tusk|Great Tusk|8/100
|
|-heal|p2a: Zamazenta|61/100 brn|[from] item: Leftovers
|-damage|p2a: Zamazenta|49/100 brn|[from] Leech Seed|[of] p1a: Great Tusk
|-heal|p1a: Great Tusk|19/100|[silent]
|-damage|p2a: Zamazenta|43/100 brn|[from] brn
|-damage|p2a: Zamazenta|30/100 brn|[from] Salt Cure
|upkeep
|turn|65
|
|t:|1781594649
|-end|p1a: Great Tusk|Protosynthesis|[silent]
|switch|p1a: Garganacl|Garganacl, F, tera:Fairy|83/100
|move|p2a: Zamazenta|Body Press|p1a: Garganacl
|-resisted|p1a: Garganacl
|-damage|p1a: Garganacl|61/100
|
|-heal|p2a: Zamazenta|36/100 brn|[from] item: Leftovers
|-heal|p1a: Garganacl|67/100|[from] item: Leftovers
|-damage|p2a: Zamazenta|24/100 brn|[from] Leech Seed|[of] p1a: Garganacl
|-heal|p1a: Garganacl|77/100|[silent]
|-damage|p2a: Zamazenta|18/100 brn|[from] brn
|-damage|p2a: Zamazenta|6/100 brn|[from] Salt Cure
|upkeep
|turn|66
|
|t:|1781594657
|move|p1a: Garganacl|Recover|p1a: Garganacl
|-heal|p1a: Garganacl|100/100
|move|p2a: Zamazenta|Roar|p1a: Garganacl
|drag|p1a: Muk|Muk-Alola, F|68/100 brn
|
|-heal|p2a: Zamazenta|12/100 brn|[from] item: Leftovers
|-damage|p2a: Zamazenta|0 fnt|[from] Leech Seed|[of] p1a: Muk
|-heal|p1a: Muk|77/100 brn|[silent]
|faint|p2a: Zamazenta
|-damage|p1a: Muk|71/100 brn|[from] brn
|upkeep
|
|t:|1781594671
|switch|p2a: Kingambit|Kingambit, F|37/100
|-damage|p2a: Kingambit|31/100|[from] Stealth Rock
|-damage|p2a: Kingambit|14/100|[from] Spikes
|-activate|p2a: Kingambit|ability: Supreme Overlord
|-start|p2a: Kingambit|fallen3|[silent]
|turn|67
|
|t:|1781594681
|move|p2a: Kingambit|Iron Head|p1a: Muk
|-damage|p1a: Muk|3/100 brn
|cant|p1a: Muk|flinch
|
|-heal|p2a: Kingambit|21/100|[from] item: Leftovers
|-damage|p1a: Muk|0 fnt|[from] brn
|faint|p1a: Muk
|upkeep
|
|t:|1781594694
|switch|p1a: Garganacl|Garganacl, F, tera:Fairy|100/100
|turn|68
|
|t:|1781594698
|move|p2a: Kingambit|Iron Head|p1a: Garganacl
|-supereffective|p1a: Garganacl
|-damage|p1a: Garganacl|22/100
|move|p1a: Garganacl|Salt Cure|p2a: Kingambit
|-resisted|p2a: Kingambit
|-damage|p2a: Kingambit|15/100
|-start|p2a: Kingambit|Salt Cure
|
|-heal|p2a: Kingambit|21/100|[from] item: Leftovers
|-heal|p1a: Garganacl|28/100|[from] item: Leftovers
|-damage|p2a: Kingambit|0 fnt|[from] Salt Cure
|faint|p2a: Kingambit
|-end|p2a: Kingambit|fallen3|[silent]
|upkeep
|
|t:|1781594704
|switch|p2a: Hydrapple|Hydrapple, M|77/100
|-damage|p2a: Hydrapple|64/100|[from] Stealth Rock
|-damage|p2a: Hydrapple|48/100|[from] Spikes
|turn|69
|
|t:|1781594725
|move|p2a: Hydrapple|Giga Drain|p1a: Garganacl
|-damage|p1a: Garganacl|8/100
|-heal|p2a: Hydrapple|58/100|[from] drain|[of] p1a: Garganacl
|move|p1a: Garganacl|Salt Cure|p2a: Hydrapple
|-damage|p2a: Hydrapple|49/100
|-start|p2a: Hydrapple|Salt Cure
|
|-heal|p1a: Garganacl|14/100|[from] item: Leftovers
|-damage|p2a: Hydrapple|36/100|[from] Salt Cure
|upkeep
|turn|70
|
|t:|1781594730
|move|p2a: Hydrapple|Giga Drain|p1a: Garganacl
|-damage|p1a: Garganacl|0 fnt
|-heal|p2a: Hydrapple|43/100|[from] drain|[of] p1a: Garganacl
|faint|p1a: Garganacl
|
|-damage|p2a: Hydrapple|31/100|[from] Salt Cure
|upkeep
|
|t:|1781594732
|switch|p1a: Great Tusk|Great Tusk|19/100
|turn|71
|
|t:|1781594742
|move|p1a: Great Tusk|Close Combat|p2a: Hydrapple
|-damage|p2a: Hydrapple|0 fnt
|-unboost|p1a: Great Tusk|def|1
|-unboost|p1a: Great Tusk|spd|1
|faint|p2a: Hydrapple
|
|upkeep
|
|t:|1781594744
|switch|p2a: Toxapex|Toxapex, F|98/100 brn
|-damage|p2a: Toxapex|86/100 brn|[from] Stealth Rock
|-damage|p2a: Toxapex|69/100 brn|[from] Spikes
|turn|72
|
|t:|1781594752
|move|p1a: Great Tusk|Headlong Rush|p2a: Toxapex
|-supereffective|p2a: Toxapex
|-damage|p2a: Toxapex|0 fnt
|-unboost|p1a: Great Tusk|def|1
|-unboost|p1a: Great Tusk|spd|1
|faint|p2a: Toxapex
|
|win|Garchompah
|raw|Garchompah's rating: 1504 &rarr; <strong>1530</strong><br />(+26 for winning)
|raw|Miurez's rating: 1603 &rarr; <strong>1577</strong><br />(-26 for losing)
|c|☆Garchompah|gg
|l|☆Miurez
|player|p2|
|l|☆Garchompah
|player|p1|
