|j|☆Brassendaer
|j|☆n5v
|t:|1781019653
|gametype|singles
|player|p1|Brassendaer|policeman-gen4|1586
|player|p2|n5v|leon-masters|1568
|gen|9
|tier|[Gen 9] OU
|rated|
|rule|HP Percentage Mod: HP is shown in percentages
|rule|Endless Battle Clause: Forcing endless battles is banned
|rule|Species Clause: Limit one of each Pokémon
|rule|OHKO Clause: OHKO moves are banned
|rule|Evasion Items Clause: Evasion items are banned
|rule|Evasion Moves Clause: Evasion moves are banned
|rule|Evasion Abilities Clause: Evasion abilities are banned
|rule|Sleep Moves Clause: Sleep-inducing moves are banned
|clearpoke
|poke|p1|Clefable, M|
|poke|p1|Mandibuzz, F|
|poke|p1|Tyranitar, M|
|poke|p1|Metagross|
|poke|p1|Greninja-*, M|
|poke|p1|Zamazenta-*|
|poke|p2|Raging Bolt|
|poke|p2|Iron Crown|
|poke|p2|Rillaboom, M|
|poke|p2|Enamorus, F|
|poke|p2|Great Tusk|
|poke|p2|Kingambit, M|
|teampreview
|c|☆n5v|glhf
|inactive|Battle timer is ON: inactive players will automatically lose when time's up. (requested by Brassendaer)
|c|☆Brassendaer|u2
|
|t:|1781019666
|teamsize|p1|6
|teamsize|p2|6
|start
|switch|p1a: Metagross|Metagross|100/100
|switch|p2a: goobing bolt|Raging Bolt|100/100
|turn|1
|
|t:|1781019671
|-end|p2a: goobing bolt|Protosynthesis|[silent]
|switch|p2a: diddy kong|Rillaboom, M|100/100
|-fieldstart|move: Grassy Terrain|[from] ability: Grassy Surge|[of] p2a: diddy kong
|move|p1a: Metagross|Psychic Fangs|p2a: diddy kong
|-damage|p2a: diddy kong|53/100
|
|-heal|p2a: diddy kong|59/100|[from] Grassy Terrain
|upkeep
|turn|2
|
|t:|1781019679
|move|p2a: diddy kong|U-turn|p1a: Metagross
|-crit|p1a: Metagross
|-damage|p1a: Metagross|72/100
|
|t:|1781019684
|switch|p2a: cheap tusk|Great Tusk|100/100|[from] U-turn
|move|p1a: Metagross|Heavy Slam|p2a: cheap tusk
|-damage|p2a: cheap tusk|87/100
|
|-heal|p2a: cheap tusk|93/100|[from] Grassy Terrain
|-heal|p1a: Metagross|78/100|[from] Grassy Terrain
|upkeep
|turn|3
|
|t:|1781019687
|move|p2a: cheap tusk|Headlong Rush|p1a: Metagross
|-supereffective|p1a: Metagross
|-damage|p1a: Metagross|0 fnt
|-unboost|p2a: cheap tusk|def|1
|-unboost|p2a: cheap tusk|spd|1
|faint|p1a: Metagross
|
|-heal|p2a: cheap tusk|99/100|[from] Grassy Terrain
|upkeep
|
|t:|1781019692
|switch|p1a: Greninja|Greninja, M|100/100
|turn|4
|
|t:|1781019702
|-end|p2a: cheap tusk|Protosynthesis|[silent]
|switch|p2a: goobing bolt|Raging Bolt|100/100
|move|p1a: Greninja|Ice Beam|p2a: goobing bolt
|-start|p1a: Greninja|typechange|Ice|[from] ability: Protean
|-supereffective|p2a: goobing bolt
|-damage|p2a: goobing bolt|8/100
|-damage|p1a: Greninja|91/100|[from] item: Life Orb
|
|-heal|p1a: Greninja|97/100|[from] Grassy Terrain
|-heal|p2a: goobing bolt|14/100|[from] Grassy Terrain
|upkeep
|turn|5
|
|t:|1781019706
|move|p2a: goobing bolt|Thunderclap|p1a: Greninja
|-damage|p1a: Greninja|0 fnt
|faint|p1a: Greninja
|
|-heal|p2a: goobing bolt|21/100|[from] Grassy Terrain
|-fieldend|move: Grassy Terrain
|upkeep
|
|t:|1781019711
|switch|p1a: Clefable|Clefable, M, shiny|100/100
|turn|6
|
|t:|1781019717
|-end|p2a: goobing bolt|Protosynthesis|[silent]
|switch|p2a: diddy kong|Rillaboom, M|59/100
|-fieldstart|move: Grassy Terrain|[from] ability: Grassy Surge|[of] p2a: diddy kong
|move|p1a: Clefable|Moonblast|p2a: diddy kong
|-damage|p2a: diddy kong|23/100
|
|-heal|p2a: diddy kong|29/100|[from] Grassy Terrain
|upkeep
|turn|7
|
|t:|1781019724
|move|p1a: Clefable|Protect|p1a: Clefable
|-singleturn|p1a: Clefable|Protect
|move|p2a: diddy kong|U-turn|p1a: Clefable
|-activate|p1a: Clefable|move: Protect
|
|-heal|p2a: diddy kong|35/100|[from] Grassy Terrain
|upkeep
|turn|8
|
|t:|1781019729
|move|p2a: diddy kong|U-turn|p1a: Clefable
|-resisted|p1a: Clefable
|-damage|p1a: Clefable|86/100
|
|t:|1781019730
|switch|p2a: le-tachyon|Iron Crown|100/100|[from] U-turn
|move|p1a: Clefable|Moonblast|p2a: le-tachyon
|-resisted|p2a: le-tachyon
|-damage|p2a: le-tachyon|92/100
|
|-heal|p2a: le-tachyon|98/100|[from] Grassy Terrain
|-heal|p1a: Clefable|92/100|[from] Grassy Terrain
|-heal|p1a: Clefable|98/100|[from] item: Leftovers
|upkeep
|turn|9
|
|t:|1781019736
|-terastallize|p1a: Clefable|Water
|move|p2a: le-tachyon|Psychic Noise|p1a: Clefable
|-damage|p1a: Clefable|77/100
|-start|p1a: Clefable|move: Heal Block
|move|p1a: Clefable|Thunder Wave|p2a: le-tachyon
|-status|p2a: le-tachyon|par
|
|-heal|p2a: le-tachyon|100/100 par|[from] Grassy Terrain
|upkeep
|turn|10
|
|t:|1781019743
|move|p2a: le-tachyon|Volt Switch|p1a: Clefable
|-supereffective|p1a: Clefable
|-crit|p1a: Clefable
|-damage|p1a: Clefable|41/100
|
|t:|1781019750
|-end|p2a: le-tachyon|Quark Drive|[silent]
|switch|p2a: goobing bolt|Raging Bolt|21/100|[from] Volt Switch
|move|p1a: Clefable|Moonblast|p2a: goobing bolt
|-supereffective|p2a: goobing bolt
|-damage|p2a: goobing bolt|0 fnt
|faint|p2a: goobing bolt
|-end|p2a: goobing bolt|Protosynthesis|[silent]
|
|-end|p1a: Clefable|move: Heal Block
|-fieldend|move: Grassy Terrain
|upkeep
|
|t:|1781019760
|switch|p2a: diddy kong|Rillaboom, M|35/100
|-fieldstart|move: Grassy Terrain|[from] ability: Grassy Surge|[of] p2a: diddy kong
|turn|11
|
|t:|1781019762
|move|p1a: Clefable|Protect|p1a: Clefable
|-singleturn|p1a: Clefable|Protect
|move|p2a: diddy kong|Grassy Glide|p1a: Clefable
|-activate|p1a: Clefable|move: Protect
|
|-heal|p2a: diddy kong|42/100|[from] Grassy Terrain
|-heal|p1a: Clefable|47/100|[from] Grassy Terrain
|-heal|p1a: Clefable|54/100|[from] item: Leftovers
|upkeep
|turn|12
|
|t:|1781019766
|switch|p1a: Mandibuzz|Mandibuzz, F|100/100
|move|p2a: diddy kong|Grassy Glide|p1a: Mandibuzz
|-resisted|p1a: Mandibuzz
|-damage|p1a: Mandibuzz|90/100
|
|-heal|p2a: diddy kong|48/100|[from] Grassy Terrain
|upkeep
|turn|13
|
|t:|1781019771
|move|p2a: diddy kong|U-turn|p1a: Mandibuzz
|-damage|p1a: Mandibuzz|74/100
|
|t:|1781019775
|switch|p2a: gay alladin|Enamorus, F|100/100|[from] U-turn
|move|p1a: Mandibuzz|Knock Off|p2a: gay alladin
|-resisted|p2a: gay alladin
|-damage|p2a: gay alladin|81/100
|-enditem|p2a: gay alladin|Choice Scarf|[from] move: Knock Off|[of] p1a: Mandibuzz
|
|upkeep
|turn|14
|
|t:|1781019783
|switch|p1a: Clefable|Clefable, M, shiny, tera:Water|54/100
|move|p2a: gay alladin|Moonblast|p1a: Clefable
|-damage|p1a: Clefable|17/100
|-unboost|p1a: Clefable|spa|1
|
|-heal|p1a: Clefable|23/100|[from] Grassy Terrain
|-heal|p1a: Clefable|29/100|[from] item: Leftovers
|upkeep
|turn|15
|
|t:|1781019788
|move|p1a: Clefable|Protect|p1a: Clefable
|-singleturn|p1a: Clefable|Protect
|move|p2a: gay alladin|Moonblast|p1a: Clefable
|-activate|p1a: Clefable|move: Protect
|
|-heal|p1a: Clefable|35/100|[from] Grassy Terrain
|-heal|p1a: Clefable|41/100|[from] item: Leftovers
|-fieldend|move: Grassy Terrain
|upkeep
|turn|16
|
|t:|1781019802
|switch|p2a: cheap tusk|Great Tusk|99/100
|move|p1a: Clefable|Wish|p1a: Clefable
|
|-heal|p1a: Clefable|47/100|[from] item: Leftovers
|upkeep
|turn|17
|
|t:|1781019807
|move|p2a: cheap tusk|Stealth Rock|p1a: Clefable
|-sidestart|p1: Brassendaer|move: Stealth Rock
|move|p1a: Clefable|Moonblast|p2a: cheap tusk
|-supereffective|p2a: cheap tusk
|-damage|p2a: cheap tusk|40/100
|
|-heal|p1a: Clefable|97/100|[from] move: Wish|[wisher] Clefable
|-heal|p1a: Clefable|100/100|[from] item: Leftovers
|upkeep
|turn|18
|
|t:|1781019811
|-end|p2a: cheap tusk|Protosynthesis|[silent]
|switch|p2a: le-tachyon|Iron Crown|100/100 par
|move|p1a: Clefable|Wish|p1a: Clefable
|
|upkeep
|turn|19
|
|t:|1781019815
|move|p2a: le-tachyon|Psychic Noise|p1a: Clefable
|-damage|p1a: Clefable|79/100
|-start|p1a: Clefable|move: Heal Block
|move|p1a: Clefable|Moonblast|p2a: le-tachyon
|-resisted|p2a: le-tachyon
|-damage|p2a: le-tachyon|94/100 par
|
|upkeep
|turn|20
|
|t:|1781019827
|switch|p1a: Tyranitar|Tyranitar, M|100/100
|-damage|p1a: Tyranitar|88/100|[from] Stealth Rock
|-weather|Sandstorm|[from] ability: Sand Stream|[of] p1a: Tyranitar
|cant|p2a: le-tachyon|par
|
|-weather|Sandstorm|[upkeep]
|upkeep
|turn|21
|
|t:|1781019840
|-end|p2a: le-tachyon|Quark Drive|[silent]
|switch|p2a: neededaghostresist|Kingambit, M|100/100
|-activate|p2a: neededaghostresist|ability: Supreme Overlord
|-start|p2a: neededaghostresist|fallen1|[silent]
|move|p1a: Tyranitar|Low Kick|p2a: neededaghostresist
|-supereffective|p2a: neededaghostresist
|-damage|p2a: neededaghostresist|0 fnt
|faint|p2a: neededaghostresist
|-end|p2a: neededaghostresist|fallen1|[silent]
|
|-weather|Sandstorm|[upkeep]
|upkeep
|
|t:|1781019846
|switch|p2a: diddy kong|Rillaboom, M|48/100
|-fieldstart|move: Grassy Terrain|[from] ability: Grassy Surge|[of] p2a: diddy kong
|turn|22
|
|t:|1781019851
|switch|p1a: Mandibuzz|Mandibuzz, F|74/100
|move|p2a: diddy kong|Low Kick|p1a: Mandibuzz
|-damage|p1a: Mandibuzz|61/100
|
|-weather|Sandstorm|[upkeep]
|-damage|p2a: diddy kong|42/100|[from] Sandstorm
|-heal|p2a: diddy kong|48/100|[from] Grassy Terrain
|upkeep
|turn|23
|
|t:|1781019855
|move|p2a: diddy kong|U-turn|p1a: Mandibuzz
|-crit|p1a: Mandibuzz
|-damage|p1a: Mandibuzz|39/100
|
|t:|1781019858
|switch|p2a: gay alladin|Enamorus, F|81/100|[from] U-turn
|move|p1a: Mandibuzz|Roost|p1a: Mandibuzz
|-heal|p1a: Mandibuzz|89/100
|-singleturn|p1a: Mandibuzz|move: Roost
|
|-weather|Sandstorm|[upkeep]
|-damage|p2a: gay alladin|75/100|[from] Sandstorm
|-heal|p1a: Mandibuzz|95/100|[from] Grassy Terrain
|upkeep
|turn|24
|
|t:|1781019869
|switch|p1a: Tyranitar|Tyranitar, M|88/100
|-damage|p1a: Tyranitar|76/100|[from] Stealth Rock
|move|p2a: gay alladin|Moonblast|p1a: Tyranitar
|-supereffective|p1a: Tyranitar
|-crit|p1a: Tyranitar
|-damage|p1a: Tyranitar|0 fnt
|faint|p1a: Tyranitar
|
|-weather|none
|upkeep
|
|t:|1781019874
|switch|p1a: Clefable|Clefable, M, shiny, tera:Water|79/100
|turn|25
|
|t:|1781019879
|switch|p2a: le-tachyon|Iron Crown|94/100 par
|move|p1a: Clefable|Moonblast|p2a: le-tachyon
|-resisted|p2a: le-tachyon
|-damage|p2a: le-tachyon|86/100 par
|
|-heal|p2a: le-tachyon|92/100 par|[from] Grassy Terrain
|-heal|p1a: Clefable|85/100|[from] Grassy Terrain
|-heal|p1a: Clefable|91/100|[from] item: Leftovers
|upkeep
|turn|26
|
|t:|1781019882
|move|p2a: le-tachyon|Psychic Noise|p1a: Clefable
|-damage|p1a: Clefable|72/100
|-start|p1a: Clefable|move: Heal Block
|move|p1a: Clefable|Moonblast|p2a: le-tachyon
|-resisted|p2a: le-tachyon
|-damage|p2a: le-tachyon|84/100 par
|-unboost|p2a: le-tachyon|spa|1
|
|-heal|p2a: le-tachyon|90/100 par|[from] Grassy Terrain
|-fieldend|move: Grassy Terrain
|upkeep
|turn|27
|
|t:|1781019894
|move|p2a: le-tachyon|Volt Switch|p1a: Clefable
|-supereffective|p1a: Clefable
|-damage|p1a: Clefable|56/100
|inactive|n5v has 120 seconds left.
|
|t:|1781019924
|-end|p2a: le-tachyon|Quark Drive|[silent]
|switch|p2a: diddy kong|Rillaboom, M|48/100|[from] Volt Switch
|-fieldstart|move: Grassy Terrain|[from] ability: Grassy Surge|[of] p2a: diddy kong
|move|p1a: Clefable|Thunder Wave|p2a: diddy kong
|-status|p2a: diddy kong|par
|
|-heal|p2a: diddy kong|54/100 par|[from] Grassy Terrain
|-end|p1a: Clefable|move: Heal Block
|upkeep
|turn|28
|
|t:|1781019930
|move|p1a: Clefable|Protect|p1a: Clefable
|-singleturn|p1a: Clefable|Protect
|cant|p2a: diddy kong|par
|
|-heal|p1a: Clefable|62/100|[from] Grassy Terrain
|-heal|p1a: Clefable|68/100|[from] item: Leftovers
|-heal|p2a: diddy kong|60/100 par|[from] Grassy Terrain
|upkeep
|turn|29
|
|t:|1781019935
|switch|p1a: Mandibuzz|Mandibuzz, F|95/100
|move|p2a: diddy kong|Grassy Glide|p1a: Mandibuzz
|-resisted|p1a: Mandibuzz
|-damage|p1a: Mandibuzz|84/100
|
|-heal|p2a: diddy kong|66/100 par|[from] Grassy Terrain
|upkeep
|turn|30
|j| ArtistsRendition
|
|t:|1781019939
|switch|p2a: le-tachyon|Iron Crown|90/100 par
|move|p1a: Mandibuzz|Defog|p2a: le-tachyon
|-unboost|p2a: le-tachyon|evasion|1
|-sideend|p1: Brassendaer|Stealth Rock|[from] move: Defog|[of] p1a: Mandibuzz
|-fieldend|move: Grassy Terrain
|
|upkeep
|turn|31
|l| ArtistsRendition
|
|t:|1781019948
|move|p1a: Mandibuzz|Knock Off|p2a: le-tachyon
|-supereffective|p2a: le-tachyon
|-damage|p2a: le-tachyon|47/100 par
|-enditem|p2a: le-tachyon|Assault Vest|[from] move: Knock Off|[of] p1a: Mandibuzz
|move|p2a: le-tachyon|Volt Switch|p1a: Mandibuzz
|-supereffective|p1a: Mandibuzz
|-damage|p1a: Mandibuzz|53/100
|
|t:|1781019950
|-end|p2a: le-tachyon|Quark Drive|[silent]
|switch|p2a: gay alladin|Enamorus, F|75/100|[from] Volt Switch
|
|upkeep
|turn|32
|
|t:|1781019961
|switch|p1a: Clefable|Clefable, M, shiny, tera:Water|68/100
|move|p2a: gay alladin|Moonblast|p1a: Clefable
|-damage|p1a: Clefable|32/100
|
|-heal|p1a: Clefable|38/100|[from] item: Leftovers
|upkeep
|turn|33
|j| Coolcube_3
|
|t:|1781019965
|move|p1a: Clefable|Protect|p1a: Clefable
|-singleturn|p1a: Clefable|Protect
|move|p2a: gay alladin|Moonblast|p1a: Clefable
|-activate|p1a: Clefable|move: Protect
|
|-heal|p1a: Clefable|44/100|[from] item: Leftovers
|upkeep
|turn|34
|
|t:|1781019971
|switch|p2a: le-tachyon|Iron Crown|47/100 par
|move|p1a: Clefable|Wish|p1a: Clefable
|
|-heal|p1a: Clefable|50/100|[from] item: Leftovers
|upkeep
|turn|35
|
|t:|1781019974
|move|p1a: Clefable|Protect|p1a: Clefable
|-singleturn|p1a: Clefable|Protect
|cant|p2a: le-tachyon|par
|
|-heal|p1a: Clefable|99/100|[from] move: Wish|[wisher] Clefable
|-heal|p1a: Clefable|100/100|[from] item: Leftovers
|upkeep
|turn|36
|
|t:|1781019980
|move|p2a: le-tachyon|Volt Switch|p1a: Clefable
|-supereffective|p1a: Clefable
|-damage|p1a: Clefable|75/100
|
|t:|1781019983
|-end|p2a: le-tachyon|Quark Drive|[silent]
|switch|p2a: diddy kong|Rillaboom, M|66/100 par|[from] Volt Switch
|-fieldstart|move: Grassy Terrain|[from] ability: Grassy Surge|[of] p2a: diddy kong
|move|p1a: Clefable|Wish|p1a: Clefable
|
|-heal|p1a: Clefable|81/100|[from] Grassy Terrain
|-heal|p1a: Clefable|87/100|[from] item: Leftovers
|-heal|p2a: diddy kong|72/100 par|[from] Grassy Terrain
|upkeep
|turn|37
|
|t:|1781019988
|switch|p1a: Mandibuzz|Mandibuzz, F|53/100
|cant|p2a: diddy kong|par
|
|-heal|p1a: Mandibuzz|99/100|[from] move: Wish|[wisher] Clefable
|-heal|p2a: diddy kong|78/100 par|[from] Grassy Terrain
|upkeep
|turn|38
|
|t:|1781019997
|move|p1a: Mandibuzz|Knock Off|p2a: diddy kong
|-crit|p2a: diddy kong
|-damage|p2a: diddy kong|42/100 par
|-damage|p1a: Mandibuzz|83/100|[from] item: Rocky Helmet|[of] p2a: diddy kong
|-enditem|p2a: diddy kong|Rocky Helmet|[from] move: Knock Off|[of] p1a: Mandibuzz
|move|p2a: diddy kong|U-turn|p1a: Mandibuzz
|-damage|p1a: Mandibuzz|70/100
|
|t:|1781019999
|switch|p2a: gay alladin|Enamorus, F|75/100|[from] U-turn
|
|upkeep
|turn|39
|
|t:|1781020010
|switch|p1a: Clefable|Clefable, M, shiny, tera:Water|87/100
|move|p2a: gay alladin|Moonblast|p1a: Clefable
|-damage|p1a: Clefable|52/100
|-unboost|p1a: Clefable|spa|1
|
|-heal|p1a: Clefable|58/100|[from] Grassy Terrain
|-heal|p1a: Clefable|64/100|[from] item: Leftovers
|upkeep
|turn|40
|
|t:|1781020015
|move|p1a: Clefable|Protect|p1a: Clefable
|-singleturn|p1a: Clefable|Protect
|move|p2a: gay alladin|Moonblast|p1a: Clefable
|-activate|p1a: Clefable|move: Protect
|
|-heal|p1a: Clefable|70/100|[from] Grassy Terrain
|-heal|p1a: Clefable|76/100|[from] item: Leftovers
|-fieldend|move: Grassy Terrain
|upkeep
|turn|41
|
|t:|1781020019
|switch|p2a: diddy kong|Rillaboom, M|42/100 par
|-fieldstart|move: Grassy Terrain|[from] ability: Grassy Surge|[of] p2a: diddy kong
|move|p1a: Clefable|Wish|p1a: Clefable
|
|-heal|p1a: Clefable|82/100|[from] Grassy Terrain
|-heal|p1a: Clefable|88/100|[from] item: Leftovers
|-heal|p2a: diddy kong|48/100 par|[from] Grassy Terrain
|upkeep
|turn|42
|
|t:|1781020024
|switch|p1a: Mandibuzz|Mandibuzz, F|70/100
|move|p2a: diddy kong|U-turn|p1a: Mandibuzz
|-damage|p1a: Mandibuzz|56/100
|
|t:|1781020026
|switch|p2a: gay alladin|Enamorus, F|75/100|[from] U-turn
|
|-heal|p1a: Mandibuzz|100/100|[from] move: Wish|[wisher] Clefable
|upkeep
|turn|43
|
|t:|1781020029
|switch|p1a: Clefable|Clefable, M, shiny, tera:Water|88/100
|move|p2a: gay alladin|Moonblast|p1a: Clefable
|-damage|p1a: Clefable|54/100
|
|-heal|p1a: Clefable|60/100|[from] Grassy Terrain
|-heal|p1a: Clefable|66/100|[from] item: Leftovers
|upkeep
|turn|44
|
|t:|1781020033
|switch|p2a: diddy kong|Rillaboom, M|48/100 par
|move|p1a: Clefable|Protect||[still]
|-fail|p1a: Clefable
|
|-heal|p1a: Clefable|72/100|[from] Grassy Terrain
|-heal|p1a: Clefable|78/100|[from] item: Leftovers
|-heal|p2a: diddy kong|54/100 par|[from] Grassy Terrain
|upkeep
|turn|45
|
|t:|1781020044
|switch|p1a: Zamazenta|Zamazenta|100/100
|-ability|p1a: Zamazenta|Dauntless Shield|boost
|-boost|p1a: Zamazenta|def|1
|move|p2a: diddy kong|Knock Off|p1a: Zamazenta
|-resisted|p1a: Zamazenta
|-damage|p1a: Zamazenta|92/100
|-enditem|p1a: Zamazenta|Chesto Berry|[from] move: Knock Off|[of] p2a: diddy kong
|
|-heal|p1a: Zamazenta|98/100|[from] Grassy Terrain
|-heal|p2a: diddy kong|60/100 par|[from] Grassy Terrain
|-fieldend|move: Grassy Terrain
|upkeep
|turn|46
|
|t:|1781020055
|switch|p2a: cheap tusk|Great Tusk|40/100
|move|p1a: Zamazenta|Body Press|p2a: cheap tusk
|-damage|p2a: cheap tusk|9/100
|
|upkeep
|turn|47
|
|t:|1781020064
|move|p1a: Zamazenta|Iron Defense|p1a: Zamazenta
|-boost|p1a: Zamazenta|def|2
|move|p2a: cheap tusk|Stealth Rock|p1a: Zamazenta
|-sidestart|p1: Brassendaer|move: Stealth Rock
|
|upkeep
|turn|48
|
|t:|1781020067
|move|p1a: Zamazenta|Iron Defense|p1a: Zamazenta
|-boost|p1a: Zamazenta|def|2
|move|p2a: cheap tusk|Headlong Rush|p1a: Zamazenta
|-crit|p1a: Zamazenta
|-damage|p1a: Zamazenta|37/100
|-unboost|p2a: cheap tusk|def|1
|-unboost|p2a: cheap tusk|spd|1
|
|upkeep
|turn|49
|c|☆n5v|mb
|
|t:|1781020074
|move|p1a: Zamazenta|Body Press|p2a: cheap tusk
|-damage|p2a: cheap tusk|0 fnt
|faint|p2a: cheap tusk
|-end|p2a: cheap tusk|Protosynthesis|[silent]
|
|upkeep
|
|t:|1781020075
|switch|p2a: gay alladin|Enamorus, F|75/100
|turn|50
|c|☆Brassendaer|no worries m8
|
|t:|1781020081
|-terastallize|p2a: gay alladin|Ground
|move|p1a: Zamazenta|Body Press|p2a: gay alladin
|-damage|p2a: gay alladin|0 fnt
|faint|p2a: gay alladin
|
|upkeep
|c|☆n5v|WHAT
|c|☆n5v|ggs
|
|t:|1781020091
|switch|p2a: le-tachyon|Iron Crown|47/100 par
|turn|51
|
|t:|1781020094
|move|p1a: Zamazenta|Body Press|p2a: le-tachyon
|-damage|p2a: le-tachyon|0 fnt
|faint|p2a: le-tachyon
|-end|p2a: le-tachyon|Quark Drive|[silent]
|
|upkeep
|
|t:|1781020096
|switch|p2a: diddy kong|Rillaboom, M|60/100 par
|-fieldstart|move: Grassy Terrain|[from] ability: Grassy Surge|[of] p2a: diddy kong
|turn|52
|c|☆Brassendaer|gg
|
|t:|1781020100
|cant|p2a: diddy kong|par
|move|p1a: Zamazenta|Body Press|p2a: diddy kong
|-damage|p2a: diddy kong|0 fnt
|faint|p2a: diddy kong
|
|win|Brassendaer
|raw|Brassendaer's rating: 1586 &rarr; <strong>1605</strong><br />(+19 for winning)
|raw|n5v's rating: 1568 &rarr; <strong>1549</strong><br />(-19 for losing)
|l|☆n5v
|player|p2|
