|j|☆cumtd
|j|☆ScribbleScribble
|t:|1781583670
|gametype|singles
|player|p1|cumtd|blue|1659
|player|p2|ScribbleScribble|mina-lgpe|1788
|gen|9
|tier|[Gen 9] OU
|rated|
|rule|HP Percentage Mod: HP is shown in percentages
|rule|Endless Battle Clause: Forcing endless battles is banned
|rule|Species Clause: Limit one of each Pokémon
|rule|OHKO Clause: OHKO moves are banned
|rule|Evasion Items Clause: Evasion items are banned
|rule|Evasion Moves Clause: Evasion moves are banned
|rule|Evasion Abilities Clause: Evasion abilities are banned
|rule|Sleep Moves Clause: Sleep-inducing moves are banned
|clearpoke
|poke|p1|Weezing-Galar, M|
|poke|p1|Gliscor, F|
|poke|p1|Blissey, F|
|poke|p1|Corviknight, F|
|poke|p1|Dondozo, M|
|poke|p1|Toxapex, M|
|poke|p2|Raging Bolt|
|poke|p2|Lokix, M|
|poke|p2|Hatterene, F|
|poke|p2|Great Tusk|
|poke|p2|Alomomola, F|
|poke|p2|Kyurem|
|teampreview
|inactive|Battle timer is ON: inactive players will automatically lose when time's up. (requested by ScribbleScribble)
|j| ZeeRequiem
|
|t:|1781583684
|teamsize|p1|6
|teamsize|p2|6
|start
|switch|p1a: Gliscor|Gliscor, F|100/100
|switch|p2a: IServeTheBaseForm|Kyurem|100/100
|-ability|p2a: IServeTheBaseForm|Pressure
|turn|1
|
|t:|1781583689
|-terastallize|p1a: Gliscor|Dark
|move|p2a: IServeTheBaseForm|Dragon Dance|p2a: IServeTheBaseForm
|-boost|p2a: IServeTheBaseForm|atk|1
|-boost|p2a: IServeTheBaseForm|spe|1
|move|p1a: Gliscor|Knock Off|p2a: IServeTheBaseForm
|-damage|p2a: IServeTheBaseForm|71/100
|-enditem|p2a: IServeTheBaseForm|Loaded Dice|[from] move: Knock Off|[of] p1a: Gliscor
|
|-status|p1a: Gliscor|tox|[from] item: Toxic Orb
|upkeep
|turn|2
|j| pls game
|
|t:|1781583698
|switch|p1a: Dondozo|Dondozo, M|100/100
|move|p2a: IServeTheBaseForm|Icicle Spear|p1a: Dondozo
|-resisted|p1a: Dondozo
|-damage|p1a: Dondozo|98/100
|-resisted|p1a: Dondozo
|-damage|p1a: Dondozo|95/100
|-resisted|p1a: Dondozo
|-damage|p1a: Dondozo|92/100
|-resisted|p1a: Dondozo
|-damage|p1a: Dondozo|90/100
|-resisted|p1a: Dondozo
|-damage|p1a: Dondozo|87/100
|-hitcount|p1a: Dondozo|5
|
|-heal|p1a: Dondozo|93/100|[from] item: Leftovers
|upkeep
|turn|3
|
|t:|1781583703
|move|p2a: IServeTheBaseForm|Freeze-Dry|p1a: Dondozo
|-supereffective|p1a: Dondozo
|-damage|p1a: Dondozo|33/100
|move|p1a: Dondozo|Curse|p1a: Dondozo
|-unboost|p1a: Dondozo|spe|1
|-boost|p1a: Dondozo|atk|1
|-boost|p1a: Dondozo|def|1
|
|-heal|p1a: Dondozo|39/100|[from] item: Leftovers
|upkeep
|turn|4
|
|t:|1781583713
|switch|p1a: Corviknight|Corviknight, F|100/100
|-ability|p1a: Corviknight|Pressure
|move|p2a: IServeTheBaseForm|Icicle Spear|p1a: Corviknight
|-damage|p1a: Corviknight|89/100
|-damage|p1a: Corviknight|78/100
|-hitcount|p1a: Corviknight|2
|
|-heal|p1a: Corviknight|84/100|[from] item: Leftovers
|upkeep
|turn|5
|
|t:|1781583716
|move|p2a: IServeTheBaseForm|Icicle Spear|p1a: Corviknight
|-crit|p1a: Corviknight
|-damage|p1a: Corviknight|64/100
|-damage|p1a: Corviknight|53/100
|-damage|p1a: Corviknight|40/100
|-hitcount|p1a: Corviknight|3
|move|p1a: Corviknight|Body Press|p2a: IServeTheBaseForm
|-supereffective|p2a: IServeTheBaseForm
|-damage|p2a: IServeTheBaseForm|19/100
|
|-heal|p1a: Corviknight|46/100|[from] item: Leftovers
|upkeep
|turn|6
|
|t:|1781583723
|move|p2a: IServeTheBaseForm|Icicle Spear|p1a: Corviknight
|-damage|p1a: Corviknight|33/100
|-damage|p1a: Corviknight|21/100
|-damage|p1a: Corviknight|9/100
|-hitcount|p1a: Corviknight|3
|move|p1a: Corviknight|Roost|p1a: Corviknight
|-heal|p1a: Corviknight|59/100
|-singleturn|p1a: Corviknight|move: Roost
|
|-heal|p1a: Corviknight|65/100|[from] item: Leftovers
|upkeep
|turn|7
|
|t:|1781583735
|switch|p2a: Neckst Up|Raging Bolt|100/100
|move|p1a: Corviknight|Roost|p1a: Corviknight
|-heal|p1a: Corviknight|100/100
|-singleturn|p1a: Corviknight|move: Roost
|
|upkeep
|turn|8
|
|t:|1781583739
|switch|p1a: Blissey|Blissey, F|100/100
|move|p2a: Neckst Up|Volt Switch|p1a: Blissey
|-damage|p1a: Blissey|89/100
|
|t:|1781583741
|-end|p2a: Neckst Up|Protosynthesis|[silent]
|switch|p2a: Brim Reaper|Hatterene, F|100/100|[from] Volt Switch
|
|-heal|p1a: Blissey|95/100|[from] item: Leftovers
|upkeep
|turn|9
|
|t:|1781583746
|switch|p1a: Toxapex|Toxapex, M|100/100
|move|p2a: Brim Reaper|Calm Mind|p2a: Brim Reaper
|-boost|p2a: Brim Reaper|spa|1
|-boost|p2a: Brim Reaper|spd|1
|
|upkeep
|turn|10
|
|t:|1781583750
|move|p1a: Toxapex|Haze|p1a: Toxapex
|-clearallboost
|move|p2a: Brim Reaper|Calm Mind|p2a: Brim Reaper
|-boost|p2a: Brim Reaper|spa|1
|-boost|p2a: Brim Reaper|spd|1
|
|upkeep
|turn|11
|
|t:|1781583753
|move|p1a: Toxapex|Poison Jab|p2a: Brim Reaper
|-supereffective|p2a: Brim Reaper
|-damage|p2a: Brim Reaper|72/100
|move|p2a: Brim Reaper|Psyshock|p1a: Toxapex
|-supereffective|p1a: Toxapex
|-damage|p1a: Toxapex|29/100
|
|upkeep
|turn|12
|
|t:|1781583766
|switch|p1a: Gliscor|Gliscor, F, tera:Dark|100/100 tox
|move|p2a: Brim Reaper|Calm Mind|p2a: Brim Reaper
|-boost|p2a: Brim Reaper|spa|1
|-boost|p2a: Brim Reaper|spd|1
|
|upkeep
|turn|13
|
|t:|1781583772
|move|p1a: Gliscor|Knock Off|p2a: Brim Reaper
|-damage|p2a: Brim Reaper|44/100
|-enditem|p2a: Brim Reaper|Covert Cloak|[from] move: Knock Off|[of] p1a: Gliscor
|move|p2a: Brim Reaper|Draining Kiss|p1a: Gliscor
|-supereffective|p1a: Gliscor
|-damage|p1a: Gliscor|22/100 tox
|-heal|p2a: Brim Reaper|100/100|[from] drain|[of] p1a: Gliscor
|
|-heal|p1a: Gliscor|34/100 tox|[from] ability: Poison Heal
|upkeep
|turn|14
|
|t:|1781583791
|move|p1a: Gliscor|Protect|p1a: Gliscor
|-singleturn|p1a: Gliscor|Protect
|move|p2a: Brim Reaper|Calm Mind|p2a: Brim Reaper
|-boost|p2a: Brim Reaper|spa|1
|-boost|p2a: Brim Reaper|spd|1
|
|-heal|p1a: Gliscor|47/100 tox|[from] ability: Poison Heal
|upkeep
|turn|15
|
|t:|1781583794
|switch|p1a: Corviknight|Corviknight, F|100/100
|-ability|p1a: Corviknight|Pressure
|move|p2a: Brim Reaper|Draining Kiss|p1a: Corviknight
|-resisted|p1a: Corviknight
|-damage|p1a: Corviknight|72/100
|
|-heal|p1a: Corviknight|78/100|[from] item: Leftovers
|upkeep
|turn|16
|
|t:|1781583800
|move|p1a: Corviknight|Iron Defense|p1a: Corviknight
|-boost|p1a: Corviknight|def|2
|move|p2a: Brim Reaper|Mystical Fire|p1a: Corviknight
|-supereffective|p1a: Corviknight
|-damage|p1a: Corviknight|0 fnt
|faint|p1a: Corviknight
|
|upkeep
|-message|cumtd forfeited.
|
|win|ScribbleScribble
|raw|cumtd's rating: 1659 &rarr; <strong>1646</strong><br />(-13 for losing)
|raw|ScribbleScribble's rating: 1788 &rarr; <strong>1801</strong><br />(+13 for winning)
|l|☆cumtd
|player|p1|
|l|☆ScribbleScribble
|player|p2|
|l| pls game
|l| ZeeRequiem
