|j|☆KurisuChestnutOU
|j|☆sunwukongftw
|t:|1781125021
|gametype|singles
|player|p1|KurisuChestnutOU|may-contest|1523
|player|p2|sunwukongftw|265|1583
|gen|9
|tier|[Gen 9] OU
|rated|
|rule|HP Percentage Mod: HP is shown in percentages
|rule|Endless Battle Clause: Forcing endless battles is banned
|rule|Species Clause: Limit one of each Pokémon
|rule|OHKO Clause: OHKO moves are banned
|rule|Evasion Items Clause: Evasion items are banned
|rule|Evasion Moves Clause: Evasion moves are banned
|rule|Evasion Abilities Clause: Evasion abilities are banned
|rule|Sleep Moves Clause: Sleep-inducing moves are banned
|clearpoke
|poke|p1|Kingambit, F|
|poke|p1|Kommo-o, F|
|poke|p1|Iron Valiant|
|poke|p1|Kyurem|
|poke|p1|Iron Treads|
|poke|p1|Iron Crown|
|poke|p2|Torkoal, F|
|poke|p2|Walking Wake|
|poke|p2|Iron Moth|
|poke|p2|Landorus-Therian, M|
|poke|p2|Hatterene, F|
|poke|p2|Slither Wing|
|teampreview
|inactive|Battle timer is ON: inactive players will automatically lose when time's up. (requested by KurisuChestnutOU)
|
|t:|1781125054
|teamsize|p1|6
|teamsize|p2|6
|start
|switch|p1a: Kyurem|Kyurem|100/100
|switch|p2a: Slither Wing|Slither Wing|100/100
|-ability|p1a: Kyurem|Pressure
|turn|1
|
|t:|1781125060
|move|p1a: Kyurem|Icicle Spear|p2a: Slither Wing
|-damage|p2a: Slither Wing|82/100
|-damage|p2a: Slither Wing|64/100
|-damage|p2a: Slither Wing|47/100
|-damage|p2a: Slither Wing|28/100
|-damage|p2a: Slither Wing|10/100
|-hitcount|p2a: Slither Wing|5
|move|p2a: Slither Wing|Close Combat|p1a: Kyurem
|-supereffective|p1a: Kyurem
|-damage|p1a: Kyurem|0 fnt
|-unboost|p2a: Slither Wing|def|1
|-unboost|p2a: Slither Wing|spd|1
|faint|p1a: Kyurem
|
|upkeep
|
|t:|1781125064
|switch|p1a: Kommo-o|Kommo-o, F|100/100
|turn|2
|
|t:|1781125092
|switch|p1a: Iron Valiant|Iron Valiant|100/100
|-enditem|p1a: Iron Valiant|Booster Energy
|-activate|p1a: Iron Valiant|ability: Quark Drive|[fromitem]
|-start|p1a: Iron Valiant|quarkdrivespe
|move|p2a: Slither Wing|Close Combat|p1a: Iron Valiant
|-resisted|p1a: Iron Valiant
|-damage|p1a: Iron Valiant|53/100
|-unboost|p2a: Slither Wing|def|1
|-unboost|p2a: Slither Wing|spd|1
|
|upkeep
|turn|3
|
|t:|1781125099
|-end|p2a: Slither Wing|Protosynthesis|[silent]
|switch|p2a: Landorus|Landorus-Therian, M|100/100
|-ability|p2a: Landorus|Intimidate|boost
|-unboost|p1a: Iron Valiant|atk|1
|move|p1a: Iron Valiant|Moonblast|p2a: Landorus
|-damage|p2a: Landorus|37/100
|
|upkeep
|turn|4
|
|t:|1781125106
|move|p1a: Iron Valiant|Moonblast|p2a: Landorus
|-damage|p2a: Landorus|0 fnt
|faint|p2a: Landorus
|
|upkeep
|
|t:|1781125118
|switch|p2a: Hatterene|Hatterene, F|100/100
|turn|5
|
|t:|1781125122
|-end|p1a: Iron Valiant|Quark Drive|[silent]
|switch|p1a: Iron Crown|Iron Crown|100/100
|-enditem|p1a: Iron Crown|Booster Energy
|-activate|p1a: Iron Crown|ability: Quark Drive|[fromitem]
|-start|p1a: Iron Crown|quarkdrivespe
|move|p2a: Hatterene|Dazzling Gleam|p1a: Iron Crown
|-resisted|p1a: Iron Crown
|-damage|p1a: Iron Crown|83/100
|
|upkeep
|turn|6
|
|t:|1781125128
|switch|p2a: Torkoal|Torkoal, F|100/100
|-weather|SunnyDay|[from] ability: Drought|[of] p2a: Torkoal
|move|p1a: Iron Crown|Calm Mind|p1a: Iron Crown
|-boost|p1a: Iron Crown|spa|1
|-boost|p1a: Iron Crown|spd|1
|
|-weather|SunnyDay|[upkeep]
|upkeep
|turn|7
|
|t:|1781125135
|switch|p2a: Hatterene|Hatterene, F|100/100
|-terastallize|p1a: Iron Crown|Fighting
|move|p1a: Iron Crown|Calm Mind|p1a: Iron Crown
|-boost|p1a: Iron Crown|spa|1
|-boost|p1a: Iron Crown|spd|1
|
|-weather|SunnyDay|[upkeep]
|upkeep
|turn|8
|inactive|sunwukongftw has 120 seconds left.
|inactive|sunwukongftw has 90 seconds left.
|
|t:|1781125195
|move|p1a: Iron Crown|Tachyon Cutter|p2a: Hatterene
|-supereffective|p2a: Hatterene
|-damage|p2a: Hatterene|2/100
|-supereffective|p2a: Hatterene
|-damage|p2a: Hatterene|0 fnt
|faint|p2a: Hatterene
|-hitcount|p2: Hatterene|2
|
|-weather|SunnyDay|[upkeep]
|upkeep
|inactive|sunwukongftw has 90 seconds left.
|
|t:|1781125204
|switch|p2a: Walking Wake|Walking Wake|100/100
|-activate|p2a: Walking Wake|ability: Protosynthesis
|-start|p2a: Walking Wake|protosynthesisspe
|turn|9
|-message|sunwukongftw forfeited.
|
|win|KurisuChestnutOU
|raw|KurisuChestnutOU's rating: 1527 &rarr; <strong>1550</strong><br />(+23 for winning)
|raw|sunwukongftw's rating: 1583 &rarr; <strong>1560</strong><br />(-23 for losing)
|l|☆sunwukongftw
|player|p2|
