|j|☆SparklingOperetta
|j|☆Vernita
|t:|1781545771
|gametype|singles
|player|p1|SparklingOperetta|parasollady|1617
|player|p2|Vernita|169|1663
|gen|9
|tier|[Gen 9] OU
|rated|
|rule|HP Percentage Mod: HP is shown in percentages
|rule|Endless Battle Clause: Forcing endless battles is banned
|rule|Species Clause: Limit one of each Pokémon
|rule|OHKO Clause: OHKO moves are banned
|rule|Evasion Items Clause: Evasion items are banned
|rule|Evasion Moves Clause: Evasion moves are banned
|rule|Evasion Abilities Clause: Evasion abilities are banned
|rule|Sleep Moves Clause: Sleep-inducing moves are banned
|clearpoke
|poke|p1|Hoopa-Unbound|
|poke|p1|Pecharunt|
|poke|p1|Landorus-Therian, M|
|poke|p1|Cinderace, M|
|poke|p1|Alomomola, M|
|poke|p1|Iron Valiant|
|poke|p2|Tornadus-Therian, M|
|poke|p2|Alomomola, F|
|poke|p2|Hatterene, F|
|poke|p2|Kyurem|
|poke|p2|Tinkaton, F|
|poke|p2|Great Tusk|
|teampreview
|
|t:|1781545782
|teamsize|p1|6
|teamsize|p2|6
|start
|switch|p1a: Hoopa|Hoopa-Unbound|100/100
|switch|p2a: Tornadus|Tornadus-Therian, M|100/100
|turn|1
|j| encostoo
|l| encostoo
|
|t:|1781545793
|-terastallize|p1a: Hoopa|Dark
|move|p2a: Tornadus|U-turn|p1a: Hoopa
|-supereffective|p1a: Hoopa
|-damage|p1a: Hoopa|54/100
|
|t:|1781545797
|switch|p2a: Tinkaton|Tinkaton, F|100/100|[from] U-turn
|-item|p2a: Tinkaton|Air Balloon
|move|p1a: Hoopa|Hyperspace Fury|p2a: Tinkaton
|-resisted|p2a: Tinkaton
|-damage|p2a: Tinkaton|21/100
|-unboost|p1a: Hoopa|def|1
|-enditem|p2a: Tinkaton|Air Balloon
|
|upkeep
|turn|2
|
|t:|1781545807
|switch|p1a: Alomomola|Alomomola, M, shiny|100/100
|move|p2a: Tinkaton|Gigaton Hammer|p1a: Alomomola
|-resisted|p1a: Alomomola
|-damage|p1a: Alomomola|84/100
|
|upkeep
|turn|3
|
|t:|1781545811
|move|p2a: Tinkaton|Stealth Rock|p1a: Alomomola
|-sidestart|p1: SparklingOperetta|move: Stealth Rock
|move|p1a: Alomomola|Flip Turn|p2a: Tinkaton
|-damage|p2a: Tinkaton|3/100
|-enditem|p1a: Alomomola|Assault Vest|[silent]|[from] ability: Pickpocket|[of] p1a: Alomomola
|-item|p2a: Tinkaton|Assault Vest|[from] ability: Pickpocket|[of] p1a: Alomomola
|
|t:|1781545816
|switch|p1a: Cinderace|Cinderace, M, shiny|100/100|[from] Flip Turn
|
|upkeep
|turn|4
|
|t:|1781545820
|switch|p2a: Great Tusk|Great Tusk|100/100
|move|p1a: Cinderace|Pyro Ball|p2a: Great Tusk
|-damage|p2a: Great Tusk|62/100
|-status|p2a: Great Tusk|brn
|
|-damage|p2a: Great Tusk|56/100 brn|[from] brn
|upkeep
|turn|5
|
|t:|1781545826
|move|p1a: Cinderace|U-turn|p2a: Great Tusk
|-start|p1a: Cinderace|typechange|Bug|[from] ability: Libero
|-resisted|p2a: Great Tusk
|-damage|p2a: Great Tusk|46/100 brn
|
|t:|1781545827
|switch|p1a: Landorus|Landorus-Therian, M, shiny|100/100|[from] U-turn
|-damage|p1a: Landorus|88/100|[from] Stealth Rock
|-ability|p1a: Landorus|Intimidate|boost
|-unboost|p2a: Great Tusk|atk|1
|move|p2a: Great Tusk|Knock Off|p1a: Landorus
|-damage|p1a: Landorus|78/100
|-enditem|p1a: Landorus|Choice Scarf|[from] move: Knock Off|[of] p2a: Great Tusk
|
|-damage|p2a: Great Tusk|40/100 brn|[from] brn
|upkeep
|turn|6
|
|t:|1781545837
|-end|p2a: Great Tusk|Protosynthesis|[silent]
|switch|p2a: Alomomola|Alomomola, F|100/100
|move|p1a: Landorus|Grass Knot|p2a: Alomomola
|-supereffective|p2a: Alomomola
|-damage|p2a: Alomomola|68/100
|-damage|p1a: Landorus|61/100|[from] item: Rocky Helmet|[of] p2a: Alomomola
|
|upkeep
|turn|7
|
|t:|1781545841
|move|p1a: Landorus|Earthquake|p2a: Alomomola
|-damage|p2a: Alomomola|39/100
|move|p2a: Alomomola|Wish|p2a: Alomomola
|
|upkeep
|turn|8
|
|t:|1781545845
|switch|p1a: Hoopa|Hoopa-Unbound, tera:Dark|54/100
|-damage|p1a: Hoopa|42/100|[from] Stealth Rock
|move|p2a: Alomomola|Flip Turn|p1a: Hoopa
|-damage|p1a: Hoopa|13/100
|
|t:|1781545849
|switch|p2a: Tinkaton|Tinkaton, F|3/100|[from] Flip Turn
|
|-heal|p2a: Tinkaton|74/100|[from] move: Wish|[wisher] Alomomola
|upkeep
|turn|9
|
|t:|1781545856
|switch|p1a: Cinderace|Cinderace, M, shiny|100/100
|move|p2a: Tinkaton|Gigaton Hammer|p1a: Cinderace
|-resisted|p1a: Cinderace
|-damage|p1a: Cinderace|72/100
|
|upkeep
|turn|10
|
|t:|1781545860
|switch|p2a: Alomomola|Alomomola, F|72/100
|move|p1a: Cinderace|Pyro Ball|p2a: Alomomola
|-resisted|p2a: Alomomola
|-damage|p2a: Alomomola|56/100
|
|upkeep
|turn|11
|
|t:|1781545863
|move|p1a: Cinderace|Court Change|p1a: Cinderace
|-start|p1a: Cinderace|typechange|Normal|[from] ability: Libero
|-swapsideconditions
|-activate|p1a: Cinderace|move: Court Change
|move|p2a: Alomomola|Flip Turn|p1a: Cinderace
|-damage|p1a: Cinderace|49/100
|
|t:|1781545871
|switch|p2a: Tornadus|Tornadus-Therian, M|100/100|[from] Flip Turn
|-damage|p2a: Tornadus|76/100|[from] Stealth Rock
|
|upkeep
|turn|12
|
|t:|1781545876
|move|p1a: Cinderace|Sucker Punch|p2a: Tornadus
|-damage|p2a: Tornadus|52/100
|move|p2a: Tornadus|Bleakwind Storm|p1a: Cinderace
|-damage|p1a: Cinderace|0 fnt
|faint|p1a: Cinderace
|
|upkeep
|
|t:|1781545886
|switch|p1a: Pecharunt|Pecharunt|100/100
|turn|13
|
|t:|1781545891
|move|p2a: Tornadus|U-turn|p1a: Pecharunt
|-resisted|p1a: Pecharunt
|-damage|p1a: Pecharunt|99/100
|
|t:|1781545899
|switch|p2a: Tinkaton|Tinkaton, F|74/100|[from] U-turn
|-damage|p2a: Tinkaton|68/100|[from] Stealth Rock
|move|p1a: Pecharunt|Malignant Chain|p2a: Tinkaton
|-immune|p2a: Tinkaton
|
|upkeep
|turn|14
|
|t:|1781545909
|switch|p2a: Hatterene|Hatterene, F|100/100
|-damage|p2a: Hatterene|88/100|[from] Stealth Rock
|switch|p1a: Landorus|Landorus-Therian, M, shiny|61/100
|-ability|p1a: Landorus|Intimidate|boost
|-unboost|p2a: Hatterene|atk|1
|
|upkeep
|turn|15
|
|t:|1781545918
|move|p1a: Landorus|Earthquake|p2a: Hatterene
|-damage|p2a: Hatterene|40/100
|move|p2a: Hatterene|Psychic Noise|p1a: Landorus
|-damage|p1a: Landorus|16/100
|-start|p1a: Landorus|move: Heal Block
|
|upkeep
|turn|16
|
|t:|1781545925
|switch|p2a: Tornadus|Tornadus-Therian, M|85/100
|-damage|p2a: Tornadus|60/100|[from] Stealth Rock
|move|p1a: Landorus|U-turn|p2a: Tornadus
|-resisted|p2a: Tornadus
|-damage|p2a: Tornadus|45/100
|
|t:|1781545936
|switch|p1a: Pecharunt|Pecharunt|99/100|[from] U-turn
|
|upkeep
|turn|17
|
|t:|1781545949
|move|p2a: Tornadus|Knock Off|p1a: Pecharunt
|-supereffective|p1a: Pecharunt
|-damage|p1a: Pecharunt|82/100
|-enditem|p1a: Pecharunt|Heavy-Duty Boots|[from] move: Knock Off|[of] p2a: Tornadus
|move|p1a: Pecharunt|Parting Shot|p2a: Tornadus
|-unboost|p2a: Tornadus|atk|1
|-unboost|p2a: Tornadus|spa|1
|
|t:|1781545963
|switch|p1a: Alomomola|Alomomola, M, shiny|100/100|[from] Parting Shot
|
|upkeep
|turn|18
|
|t:|1781545968
|move|p2a: Tornadus|U-turn|p1a: Alomomola
|-damage|p1a: Alomomola|94/100
|
|t:|1781545970
|switch|p2a: Alomomola|Alomomola, F|89/100|[from] U-turn
|-damage|p2a: Alomomola|77/100|[from] Stealth Rock
|move|p1a: Alomomola|Flip Turn|p2a: Alomomola
|-resisted|p2a: Alomomola
|-damage|p2a: Alomomola|73/100
|-damage|p1a: Alomomola|77/100|[from] item: Rocky Helmet|[of] p2a: Alomomola
|
|t:|1781545973
|switch|p1a: Hoopa|Hoopa-Unbound, tera:Dark|13/100|[from] Flip Turn
|
|upkeep
|turn|19
|
|t:|1781545978
|move|p1a: Hoopa|Hyperspace Fury|p2a: Alomomola
|-damage|p2a: Alomomola|1/100
|-unboost|p1a: Hoopa|def|1
|move|p2a: Alomomola|Wish|p2a: Alomomola
|
|upkeep
|turn|20
|
|t:|1781545986
|switch|p2a: Tinkaton|Tinkaton, F|68/100
|-damage|p2a: Tinkaton|62/100|[from] Stealth Rock
|move|p1a: Hoopa|Hyperspace Fury|p2a: Tinkaton
|-resisted|p2a: Tinkaton
|-damage|p2a: Tinkaton|0 fnt
|-unboost|p1a: Hoopa|def|1
|faint|p2a: Tinkaton
|
|upkeep
|
|t:|1781545994
|switch|p2a: Kyurem|Kyurem|100/100
|-damage|p2a: Kyurem|76/100|[from] Stealth Rock
|-ability|p2a: Kyurem|Pressure
|turn|21
|
|t:|1781545997
|move|p2a: Kyurem|Freeze-Dry|p1a: Hoopa
|-damage|p1a: Hoopa|0 fnt
|faint|p1a: Hoopa
|
|upkeep
|
|t:|1781545999
|switch|p1a: Iron Valiant|Iron Valiant, shiny|100/100
|turn|22
|
|t:|1781546006
|switch|p2a: Great Tusk|Great Tusk|40/100 brn
|-damage|p2a: Great Tusk|37/100 brn|[from] Stealth Rock
|move|p1a: Iron Valiant|Moonblast|p2a: Great Tusk
|-supereffective|p2a: Great Tusk
|-damage|p2a: Great Tusk|0 fnt
|faint|p2a: Great Tusk
|-end|p2a: Great Tusk|Protosynthesis|[silent]
|
|upkeep
|
|t:|1781546008
|switch|p2a: Tornadus|Tornadus-Therian, M|78/100
|-damage|p2a: Tornadus|54/100|[from] Stealth Rock
|turn|23
|
|t:|1781546014
|-end|p1a: Iron Valiant|Quark Drive|[silent]
|switch|p1a: Alomomola|Alomomola, M, shiny|100/100
|move|p2a: Tornadus|Bleakwind Storm|p1a: Alomomola|[miss]
|-miss|p2a: Tornadus|p1a: Alomomola
|
|upkeep
|turn|24
|
|t:|1781546017
|move|p2a: Tornadus|Bleakwind Storm|p1a: Alomomola
|-crit|p1a: Alomomola
|-damage|p1a: Alomomola|59/100
|move|p1a: Alomomola|Mirror Coat|p2a: Tornadus
|-damage|p2a: Tornadus|0 fnt
|faint|p2a: Tornadus
|
|upkeep
|
|t:|1781546023
|switch|p2a: Kyurem|Kyurem|76/100
|-damage|p2a: Kyurem|51/100|[from] Stealth Rock
|-ability|p2a: Kyurem|Pressure
|turn|25
|
|t:|1781546028
|move|p2a: Kyurem|Freeze-Dry|p1a: Alomomola
|-supereffective|p1a: Alomomola
|-damage|p1a: Alomomola|0 fnt
|faint|p1a: Alomomola
|
|upkeep
|
|t:|1781546031
|switch|p1a: Iron Valiant|Iron Valiant, shiny|100/100
|turn|26
|
|t:|1781546034
|switch|p2a: Hatterene|Hatterene, F|40/100
|-damage|p2a: Hatterene|28/100|[from] Stealth Rock
|move|p1a: Iron Valiant|Moonblast|p2a: Hatterene
|-damage|p2a: Hatterene|0 fnt
|faint|p2a: Hatterene
|
|upkeep
|
|t:|1781546037
|switch|p2a: Kyurem|Kyurem|51/100
|-damage|p2a: Kyurem|26/100|[from] Stealth Rock
|-ability|p2a: Kyurem|Pressure
|turn|27
|
|t:|1781546039
|move|p1a: Iron Valiant|Moonblast|p2a: Kyurem
|-supereffective|p2a: Kyurem
|-damage|p2a: Kyurem|0 fnt
|faint|p2a: Kyurem
|
|upkeep
|
|t:|1781546040
|switch|p2a: Alomomola|Alomomola, F|35/100
|-damage|p2a: Alomomola|22/100|[from] Stealth Rock
|turn|28
|c|☆SparklingOperetta|gg
|
|t:|1781546044
|-terastallize|p2a: Alomomola|Poison
|move|p1a: Iron Valiant|Moonblast|p2a: Alomomola
|-resisted|p2a: Alomomola
|-damage|p2a: Alomomola|0 fnt
|faint|p2a: Alomomola
|
|win|SparklingOperetta
|raw|SparklingOperetta's rating: 1617 &rarr; <strong>1640</strong><br />(+23 for winning)
|raw|Vernita's rating: 1663 &rarr; <strong>1640</strong><br />(-23 for losing)
|l|☆SparklingOperetta
|player|p1|
|l|☆Vernita
|player|p2|
