|j|☆icylikedecember
|j|☆Galarian Blades
|t:|1781176062
|gametype|singles
|player|p1|icylikedecember|smasher|1763
|player|p2|Galarian Blades|#capplxiwutangclants|1713
|gen|9
|tier|[Gen 9] OU
|rated|
|rule|HP Percentage Mod: HP is shown in percentages
|rule|Endless Battle Clause: Forcing endless battles is banned
|rule|Species Clause: Limit one of each Pokémon
|rule|OHKO Clause: OHKO moves are banned
|rule|Evasion Items Clause: Evasion items are banned
|rule|Evasion Moves Clause: Evasion moves are banned
|rule|Evasion Abilities Clause: Evasion abilities are banned
|rule|Sleep Moves Clause: Sleep-inducing moves are banned
|clearpoke
|poke|p1|Corviknight, M|
|poke|p1|Slowking-Galar, M|
|poke|p1|Darkrai|
|poke|p1|Kyurem|
|poke|p1|Zamazenta-*|
|poke|p1|Crawdaunt, M|
|poke|p2|Zamazenta-*|
|poke|p2|Dragonite, M|
|poke|p2|Kyurem|
|poke|p2|Hatterene, F|
|poke|p2|Kingambit, F|
|poke|p2|Landorus-Therian, M|
|teampreview
|inactive|Battle timer is ON: inactive players will automatically lose when time's up. (requested by Galarian Blades)
|
|t:|1781176070
|teamsize|p1|6
|teamsize|p2|6
|start
|switch|p1a: Slowking|Slowking-Galar, M, shiny|100/100
|switch|p2a: Kyurem|Kyurem|100/100
|-ability|p2a: Kyurem|Pressure
|turn|1
|c|☆Galarian Blades|yo cool ass team
|
|t:|1781176076
|move|p2a: Kyurem|Earth Power|p1a: Slowking
|-supereffective|p1a: Slowking
|-damage|p1a: Slowking|68/100
|move|p1a: Slowking|Sludge Bomb|p2a: Kyurem
|-damage|p2a: Kyurem|80/100
|
|upkeep
|turn|2
|c|☆icylikedecember|ty
|
|t:|1781176087
|move|p2a: Kyurem|Freeze-Dry|p1a: Slowking
|-damage|p1a: Slowking|49/100
|move|p1a: Slowking|Sludge Bomb|p2a: Kyurem
|-crit|p2a: Kyurem
|-damage|p2a: Kyurem|48/100
|-status|p2a: Kyurem|psn
|
|-damage|p2a: Kyurem|35/100 psn|[from] psn
|upkeep
|turn|3
|
|t:|1781176096
|move|p2a: Kyurem|Earth Power|p1a: Slowking
|-supereffective|p1a: Slowking
|-damage|p1a: Slowking|19/100
|move|p1a: Slowking|Sludge Bomb|p2a: Kyurem
|-damage|p2a: Kyurem|16/100 psn
|
|-damage|p2a: Kyurem|4/100 psn|[from] psn
|upkeep
|turn|4
|
|t:|1781176107
|switch|p2a: Kingambit|Kingambit, F|100/100
|switch|p1a: Corviknight|Corviknight, M, shiny|100/100
|-ability|p1a: Corviknight|Pressure
|
|upkeep
|turn|5
|
|t:|1781176110
|-end|p2a: Kingambit|fallenundefined|[silent]
|switch|p2a: Landorus|Landorus-Therian, M|100/100
|-ability|p2a: Landorus|Intimidate|boost
|-unboost|p1a: Corviknight|atk|1
|move|p1a: Corviknight|U-turn|p2a: Landorus
|-resisted|p2a: Landorus
|-damage|p2a: Landorus|97/100
|-damage|p1a: Corviknight|84/100|[from] item: Rocky Helmet|[of] p2a: Landorus
|
|t:|1781176112
|switch|p1a: Kyurem|Kyurem|100/100|[from] U-turn
|-ability|p1a: Kyurem|Pressure
|
|upkeep
|turn|6
|
|t:|1781176115
|switch|p2a: Kingambit|Kingambit, F|100/100
|move|p1a: Kyurem|Ice Beam|p2a: Kingambit
|-resisted|p2a: Kingambit
|-damage|p2a: Kingambit|65/100
|
|-heal|p2a: Kingambit|72/100|[from] item: Leftovers
|upkeep
|turn|7
|
|t:|1781176120
|switch|p1a: Corviknight|Corviknight, M, shiny|84/100
|-ability|p1a: Corviknight|Pressure
|move|p2a: Kingambit|Iron Head|p1a: Corviknight
|-resisted|p1a: Corviknight
|-damage|p1a: Corviknight|70/100
|-damage|p2a: Kingambit|55/100|[from] item: Rocky Helmet|[of] p1a: Corviknight
|
|-heal|p2a: Kingambit|61/100|[from] item: Leftovers
|upkeep
|turn|8
|
|t:|1781176127
|-end|p2a: Kingambit|fallenundefined|[silent]
|switch|p2a: Landorus|Landorus-Therian, M|97/100
|-ability|p2a: Landorus|Intimidate|boost
|-unboost|p1a: Corviknight|atk|1
|move|p1a: Corviknight|U-turn|p2a: Landorus
|-resisted|p2a: Landorus
|-damage|p2a: Landorus|93/100
|-damage|p1a: Corviknight|53/100|[from] item: Rocky Helmet|[of] p2a: Landorus
|
|t:|1781176129
|switch|p1a: Kyurem|Kyurem|100/100|[from] U-turn
|-ability|p1a: Kyurem|Pressure
|
|upkeep
|turn|9
|
|t:|1781176133
|move|p1a: Kyurem|Ice Beam|p2a: Landorus
|-supereffective|p2a: Landorus
|-damage|p2a: Landorus|0 fnt
|faint|p2a: Landorus
|
|upkeep
|
|t:|1781176145
|switch|p2a: Zamazenta|Zamazenta|100/100
|-ability|p2a: Zamazenta|Dauntless Shield|boost
|-boost|p2a: Zamazenta|def|1
|turn|10
|
|t:|1781176151
|switch|p1a: Slowking|Slowking-Galar, M, shiny|52/100
|move|p2a: Zamazenta|Close Combat|p1a: Slowking
|-resisted|p1a: Slowking
|-damage|p1a: Slowking|31/100
|-unboost|p2a: Zamazenta|def|1
|-unboost|p2a: Zamazenta|spd|1
|-damage|p2a: Zamazenta|91/100|[from] item: Life Orb
|
|upkeep
|turn|11
|
|t:|1781176158
|switch|p1a: Corviknight|Corviknight, M, shiny|53/100
|-ability|p1a: Corviknight|Pressure
|move|p2a: Zamazenta|Crunch|p1a: Corviknight
|-damage|p1a: Corviknight|31/100
|-damage|p2a: Zamazenta|74/100|[from] item: Rocky Helmet|[of] p1a: Corviknight
|-damage|p2a: Zamazenta|64/100|[from] item: Life Orb
|
|upkeep
|turn|12
|
|t:|1781176165
|switch|p1a: Slowking|Slowking-Galar, M, shiny|64/100
|move|p2a: Zamazenta|Close Combat|p1a: Slowking
|-resisted|p1a: Slowking
|-damage|p1a: Slowking|43/100
|-unboost|p2a: Zamazenta|def|1
|-unboost|p2a: Zamazenta|spd|1
|-damage|p2a: Zamazenta|54/100|[from] item: Life Orb
|
|upkeep
|turn|13
|
|t:|1781176173
|move|p2a: Zamazenta|Crunch|p1a: Slowking
|-supereffective|p1a: Slowking
|-damage|p1a: Slowking|0 fnt
|faint|p1a: Slowking
|-damage|p2a: Zamazenta|44/100|[from] item: Life Orb
|
|upkeep
|
|t:|1781176177
|switch|p1a: Crawdaunt|Crawdaunt, M|100/100
|turn|14
|c|☆Galarian Blades|i feel like zamas gotta go
|
|t:|1781176192
|switch|p2a: Kyurem|Kyurem|4/100 psn
|-ability|p2a: Kyurem|Pressure
|move|p1a: Crawdaunt|Crabhammer|p2a: Kyurem
|-resisted|p2a: Kyurem
|-damage|p2a: Kyurem|0 fnt
|faint|p2a: Kyurem
|
|upkeep
|
|t:|1781176199
|switch|p2a: Zamazenta|Zamazenta|44/100
|turn|15
|
|t:|1781176210
|switch|p1a: Zamazenta|Zamazenta|100/100
|-ability|p1a: Zamazenta|Dauntless Shield|boost
|-boost|p1a: Zamazenta|def|1
|move|p2a: Zamazenta|Close Combat|p1a: Zamazenta
|-damage|p1a: Zamazenta|66/100
|-unboost|p2a: Zamazenta|def|1
|-unboost|p2a: Zamazenta|spd|1
|-damage|p2a: Zamazenta|35/100|[from] item: Life Orb
|
|-heal|p1a: Zamazenta|72/100|[from] item: Leftovers
|upkeep
|turn|16
|
|t:|1781176219
|switch|p2a: Hatterene|Hatterene, F|100/100
|move|p1a: Zamazenta|Body Press|p2a: Hatterene
|-resisted|p2a: Hatterene
|-damage|p2a: Hatterene|87/100
|
|-heal|p1a: Zamazenta|79/100|[from] item: Leftovers
|upkeep
|turn|17
|
|t:|1781176226
|switch|p1a: Corviknight|Corviknight, M, shiny|31/100
|-ability|p1a: Corviknight|Pressure
|move|p2a: Hatterene|Nuzzle|p1a: Corviknight
|-supereffective|p1a: Corviknight
|-damage|p1a: Corviknight|27/100
|-status|p1a: Corviknight|par
|-damage|p2a: Hatterene|71/100|[from] item: Rocky Helmet|[of] p1a: Corviknight
|
|upkeep
|turn|18
|
|t:|1781176232
|move|p2a: Hatterene|Mystical Fire|p1a: Corviknight
|-supereffective|p1a: Corviknight
|-damage|p1a: Corviknight|0 fnt
|faint|p1a: Corviknight
|
|upkeep
|
|t:|1781176236
|switch|p1a: Crawdaunt|Crawdaunt, M|100/100
|turn|19
|
|t:|1781176240
|move|p1a: Crawdaunt|Knock Off|p2a: Hatterene
|-damage|p2a: Hatterene|0 fnt
|-enditem|p2a: Hatterene|Custap Berry|[from] move: Knock Off|[of] p1a: Crawdaunt
|faint|p2a: Hatterene
|
|upkeep
|
|t:|1781176258
|switch|p2a: Kingambit|Kingambit, F|61/100
|-activate|p2a: Kingambit|ability: Supreme Overlord
|-start|p2a: Kingambit|fallen3|[silent]
|turn|20
|
|t:|1781176263
|switch|p1a: Darkrai|Darkrai|100/100
|move|p2a: Kingambit|Low Kick|p1a: Darkrai
|-supereffective|p1a: Darkrai
|-damage|p1a: Darkrai|0 fnt
|faint|p1a: Darkrai
|
|-heal|p2a: Kingambit|67/100|[from] item: Leftovers
|upkeep
|
|t:|1781176268
|switch|p1a: Zamazenta|Zamazenta|79/100
|turn|21
|
|t:|1781176274
|move|p1a: Zamazenta|Iron Defense|p1a: Zamazenta
|-boost|p1a: Zamazenta|def|2
|move|p2a: Kingambit|Swords Dance|p2a: Kingambit
|-boost|p2a: Kingambit|atk|2
|
|-heal|p1a: Zamazenta|85/100|[from] item: Leftovers
|-heal|p2a: Kingambit|74/100|[from] item: Leftovers
|upkeep
|turn|22
|
|t:|1781176278
|move|p2a: Kingambit|Low Kick|p1a: Zamazenta
|-damage|p1a: Zamazenta|37/100
|move|p1a: Zamazenta|Roar|p2a: Kingambit
|-end|p2a: Kingambit|fallen3|[silent]
|drag|p2a: Dragonite|Dragonite, M|100/100
|
|-heal|p1a: Zamazenta|44/100|[from] item: Leftovers
|upkeep
|turn|23
|
|t:|1781176285
|move|p1a: Zamazenta|Body Press|p2a: Dragonite
|-resisted|p2a: Dragonite
|-damage|p2a: Dragonite|81/100
|move|p2a: Dragonite|Dragon Dance|p2a: Dragonite
|-boost|p2a: Dragonite|atk|1
|-boost|p2a: Dragonite|spe|1
|
|-heal|p1a: Zamazenta|50/100|[from] item: Leftovers
|upkeep
|turn|24
|
|t:|1781176289
|move|p2a: Dragonite|Earthquake|p1a: Zamazenta
|-damage|p1a: Zamazenta|29/100
|move|p1a: Zamazenta|Roar|p2a: Dragonite
|drag|p2a: Zamazenta|Zamazenta|35/100
|
|-heal|p1a: Zamazenta|35/100|[from] item: Leftovers
|upkeep
|turn|25
|
|t:|1781176292
|move|p2a: Zamazenta|Close Combat|p1a: Zamazenta
|-damage|p1a: Zamazenta|7/100
|-unboost|p2a: Zamazenta|def|1
|-unboost|p2a: Zamazenta|spd|1
|-damage|p2a: Zamazenta|25/100|[from] item: Life Orb
|move|p1a: Zamazenta|Body Press|p2a: Zamazenta
|-damage|p2a: Zamazenta|0 fnt
|faint|p2a: Zamazenta
|
|-heal|p1a: Zamazenta|13/100|[from] item: Leftovers
|upkeep
|
|t:|1781176296
|switch|p2a: Dragonite|Dragonite, M|81/100
|turn|26
|
|t:|1781176301
|move|p1a: Zamazenta|Body Press|p2a: Dragonite
|-resisted|p2a: Dragonite
|-damage|p2a: Dragonite|45/100
|move|p2a: Dragonite|Dragon Dance|p2a: Dragonite
|-boost|p2a: Dragonite|atk|1
|-boost|p2a: Dragonite|spe|1
|
|-heal|p1a: Zamazenta|19/100|[from] item: Leftovers
|upkeep
|turn|27
|
|t:|1781176311
|move|p1a: Zamazenta|Body Press|p2a: Dragonite
|-resisted|p2a: Dragonite
|-damage|p2a: Dragonite|7/100
|move|p2a: Dragonite|Earthquake|p1a: Zamazenta
|-crit|p1a: Zamazenta
|-damage|p1a: Zamazenta|0 fnt
|faint|p1a: Zamazenta
|
|upkeep
|
|t:|1781176316
|switch|p1a: Crawdaunt|Crawdaunt, M|100/100
|turn|28
|
|t:|1781176321
|-terastallize|p2a: Dragonite|Normal
|move|p2a: Dragonite|Extreme Speed|p1a: Crawdaunt
|-damage|p1a: Crawdaunt|0 fnt
|faint|p1a: Crawdaunt
|
|upkeep
|
|t:|1781176325
|switch|p1a: Kyurem|Kyurem|100/100
|-ability|p1a: Kyurem|Pressure
|turn|29
|
|t:|1781176329
|move|p2a: Dragonite|Extreme Speed|p1a: Kyurem
|-damage|p1a: Kyurem|30/100
|move|p1a: Kyurem|Ice Beam|p2a: Dragonite
|-damage|p2a: Dragonite|0 fnt
|faint|p2a: Dragonite
|
|upkeep
|
|t:|1781176331
|switch|p2a: Kingambit|Kingambit, F|74/100
|-activate|p2a: Kingambit|ability: Supreme Overlord
|-start|p2a: Kingambit|fallen5|[silent]
|turn|30
|
|t:|1781176333
|move|p2a: Kingambit|Sucker Punch|p1a: Kyurem
|-damage|p1a: Kyurem|0 fnt
|faint|p1a: Kyurem
|
|win|Galarian Blades
|raw|icylikedecember's rating: 1763 &rarr; <strong>1740</strong><br />(-23 for losing)
|raw|Galarian Blades's rating: 1713 &rarr; <strong>1736</strong><br />(+23 for winning)
|c|☆Galarian Blades|gg
|c|☆icylikedecember|gg
|l|☆Galarian Blades
|player|p2|
|l|☆icylikedecember
|player|p1|
