|j|☆GreninjaMyFav
|j|☆jonuz
|t:|1781201624
|gametype|singles
|player|p1|GreninjaMyFav|skyla|1720
|player|p2|jonuz|102|1761
|gen|9
|tier|[Gen 9] OU
|rated|
|rule|HP Percentage Mod: HP is shown in percentages
|rule|Endless Battle Clause: Forcing endless battles is banned
|rule|Species Clause: Limit one of each Pokémon
|rule|OHKO Clause: OHKO moves are banned
|rule|Evasion Items Clause: Evasion items are banned
|rule|Evasion Moves Clause: Evasion moves are banned
|rule|Evasion Abilities Clause: Evasion abilities are banned
|rule|Sleep Moves Clause: Sleep-inducing moves are banned
|clearpoke
|poke|p1|Greninja-*, M|
|poke|p1|Raging Bolt|
|poke|p1|Kingambit, M|
|poke|p1|Great Tusk|
|poke|p1|Slowking-Galar, F|
|poke|p1|Corviknight, F|
|poke|p2|Gholdengo|
|poke|p2|Darkrai|
|poke|p2|Clefable, F|
|poke|p2|Ting-Lu|
|poke|p2|Dragonite, F|
|poke|p2|Pecharunt|
|teampreview
|
|t:|1781201643
|teamsize|p1|6
|teamsize|p2|6
|start
|switch|p1a: Greninja|Greninja, M|100/100
|switch|p2a: Clefable|Clefable, F|100/100
|turn|1
|
|t:|1781201646
|move|p1a: Greninja|Sludge Wave|p2a: Clefable
|-start|p1a: Greninja|typechange|Poison|[from] ability: Protean
|-supereffective|p2a: Clefable
|-damage|p2a: Clefable|0 fnt
|faint|p2a: Clefable
|
|upkeep
|
|t:|1781201649
|switch|p2a: Ting-Lu|Ting-Lu|100/100
|-ability|p2a: Ting-Lu|Vessel of Ruin
|turn|2
|
|t:|1781201654
|switch|p1a: Corviknight|Corviknight, F|100/100
|-ability|p1a: Corviknight|Pressure
|move|p2a: Ting-Lu|Stealth Rock|p1a: Corviknight
|-sidestart|p1: GreninjaMyFav|move: Stealth Rock
|
|upkeep
|turn|3
|
|t:|1781201656
|move|p1a: Corviknight|Defog|p2a: Ting-Lu
|-unboost|p2a: Ting-Lu|evasion|1
|-sideend|p1: GreninjaMyFav|Stealth Rock|[from] move: Defog|[of] p1a: Corviknight
|move|p2a: Ting-Lu|Ruination|p1a: Corviknight
|-damage|p1a: Corviknight|51/100
|
|upkeep
|turn|4
|
|t:|1781201659
|move|p1a: Corviknight|U-turn|p2a: Ting-Lu
|-supereffective|p2a: Ting-Lu
|-damage|p2a: Ting-Lu|87/100
|-enditem|p2a: Ting-Lu|Red Card|[of] p1a: Corviknight
|drag|p1a: Slowking|Slowking-Galar, F|100/100
|move|p2a: Ting-Lu|Stealth Rock|p1a: Slowking
|-sidestart|p1: GreninjaMyFav|move: Stealth Rock
|
|upkeep
|turn|5
|
|t:|1781201663
|move|p2a: Ting-Lu|Spikes|p1a: Slowking
|-sidestart|p1: GreninjaMyFav|Spikes
|-prepare|p1a: Slowking|Chilly Reception|[premajor]
|move|p1a: Slowking|Chilly Reception|p1a: Slowking
|-weather|Snowscape
|
|t:|1781201665
|switch|p1a: Greninja|Greninja, M|100/100|[from] Chilly Reception
|-damage|p1a: Greninja|88/100|[from] Stealth Rock
|-damage|p1a: Greninja|76/100|[from] Spikes
|
|-weather|Snowscape|[upkeep]
|upkeep
|turn|6
|
|t:|1781201672
|switch|p2a: Dragonite|Dragonite, F|100/100
|move|p1a: Greninja|Hydro Pump|p2a: Dragonite|[miss]
|-start|p1a: Greninja|typechange|Water|[from] ability: Protean
|-miss|p1a: Greninja|p2a: Dragonite
|
|-weather|Snowscape|[upkeep]
|upkeep
|turn|7
|
|t:|1781201678
|switch|p1a: Corviknight|Corviknight, F|51/100
|-damage|p1a: Corviknight|38/100|[from] Stealth Rock
|-ability|p1a: Corviknight|Pressure
|switch|p2a: Darkrai|Darkrai|100/100
|
|-weather|Snowscape|[upkeep]
|upkeep
|turn|8
|
|t:|1781201684
|switch|p1a: Kingambit|Kingambit, M|100/100
|-damage|p1a: Kingambit|94/100|[from] Stealth Rock
|-damage|p1a: Kingambit|82/100|[from] Spikes
|move|p2a: Darkrai|Focus Blast|p1a: Kingambit
|-supereffective|p1a: Kingambit
|-damage|p1a: Kingambit|0 fnt
|faint|p1a: Kingambit
|-end|p1a: Kingambit|fallenundefined|[silent]
|
|-weather|Snowscape|[upkeep]
|upkeep
|
|t:|1781201691
|switch|p1a: Slowking|Slowking-Galar, F|100/100
|turn|9
|
|t:|1781201700
|switch|p2a: Ting-Lu|Ting-Lu|87/100
|-ability|p2a: Ting-Lu|Vessel of Ruin
|-prepare|p1a: Slowking|Chilly Reception|[premajor]
|move|p1a: Slowking|Chilly Reception|p1a: Slowking
|
|t:|1781201701
|switch|p1a: Corviknight|Corviknight, F|38/100|[from] Chilly Reception
|-damage|p1a: Corviknight|26/100|[from] Stealth Rock
|-ability|p1a: Corviknight|Pressure
|
|-weather|none
|upkeep
|turn|10
|
|t:|1781201704
|switch|p2a: Gholdengo|Gholdengo|100/100
|move|p1a: Corviknight|Roost|p1a: Corviknight
|-heal|p1a: Corviknight|76/100
|-singleturn|p1a: Corviknight|move: Roost
|
|upkeep
|turn|11
|
|t:|1781201708
|switch|p1a: Slowking|Slowking-Galar, F|100/100
|move|p2a: Gholdengo|Shadow Ball|p1a: Slowking
|-supereffective|p1a: Slowking
|-damage|p1a: Slowking|54/100
|
|upkeep
|turn|12
|
|t:|1781201715
|switch|p2a: Darkrai|Darkrai|100/100
|-terastallize|p1a: Slowking|Water
|-prepare|p1a: Slowking|Chilly Reception|[premajor]
|move|p1a: Slowking|Chilly Reception|p1a: Slowking
|-weather|Snowscape
|
|t:|1781201719
|switch|p1a: Great Tusk|Great Tusk|100/100|[from] Chilly Reception
|
|-weather|Snowscape|[upkeep]
|upkeep
|turn|13
|
|t:|1781201723
|-end|p1a: Great Tusk|Protosynthesis|[silent]
|switch|p1a: Slowking|Slowking-Galar, F, tera:Water|88/100
|move|p2a: Darkrai|Ice Beam|p1a: Slowking
|-resisted|p1a: Slowking
|-damage|p1a: Slowking|74/100
|
|-weather|Snowscape|[upkeep]
|upkeep
|turn|14
|j| cachowcapow
|
|t:|1781201730
|switch|p2a: Pecharunt|Pecharunt|100/100
|-prepare|p1a: Slowking|Chilly Reception|[premajor]
|move|p1a: Slowking|Chilly Reception|p1a: Slowking
|
|t:|1781201734
|switch|p1a: Raging Bolt|Raging Bolt|100/100|[from] Chilly Reception
|-damage|p1a: Raging Bolt|88/100|[from] Stealth Rock
|-damage|p1a: Raging Bolt|76/100|[from] Spikes
|
|-weather|Snowscape|[upkeep]
|upkeep
|turn|15
|
|t:|1781201739
|move|p1a: Raging Bolt|Draco Meteor|p2a: Pecharunt
|-crit|p2a: Pecharunt
|-damage|p2a: Pecharunt|0 fnt
|-unboost|p1a: Raging Bolt|spa|2
|faint|p2a: Pecharunt
|
|-weather|Snowscape|[upkeep]
|upkeep
|
|t:|1781201743
|switch|p2a: Darkrai|Darkrai|100/100
|turn|16
|
|t:|1781201745
|-end|p1a: Raging Bolt|Protosynthesis|[silent]
|switch|p1a: Slowking|Slowking-Galar, F, tera:Water|100/100
|move|p2a: Darkrai|Dark Pulse|p1a: Slowking
|-damage|p1a: Slowking|62/100
|
|-weather|none
|upkeep
|turn|17
|
|t:|1781201751
|move|p2a: Darkrai|Dark Pulse|p1a: Slowking
|-damage|p1a: Slowking|26/100
|-prepare|p1a: Slowking|Chilly Reception|[premajor]
|move|p1a: Slowking|Chilly Reception|p1a: Slowking
|-weather|Snowscape
|
|t:|1781201753
|switch|p1a: Great Tusk|Great Tusk|100/100|[from] Chilly Reception
|
|-weather|Snowscape|[upkeep]
|upkeep
|turn|18
|
|t:|1781201760
|move|p2a: Darkrai|Dark Pulse|p1a: Great Tusk
|-resisted|p1a: Great Tusk
|-damage|p1a: Great Tusk|50/100
|move|p1a: Great Tusk|Headlong Rush|p2a: Darkrai
|-damage|p2a: Darkrai|18/100
|-unboost|p1a: Great Tusk|def|1
|-unboost|p1a: Great Tusk|spd|1
|
|-weather|Snowscape|[upkeep]
|upkeep
|turn|19
|
|t:|1781201763
|-end|p1a: Great Tusk|Protosynthesis|[silent]
|switch|p1a: Slowking|Slowking-Galar, F, tera:Water|59/100
|move|p2a: Darkrai|Dark Pulse|p1a: Slowking
|-damage|p1a: Slowking|21/100
|
|-weather|Snowscape|[upkeep]
|upkeep
|turn|20
|
|t:|1781201766
|switch|p1a: Raging Bolt|Raging Bolt|76/100
|-damage|p1a: Raging Bolt|64/100|[from] Stealth Rock
|-damage|p1a: Raging Bolt|51/100|[from] Spikes
|move|p2a: Darkrai|Dark Pulse|p1a: Raging Bolt
|-damage|p1a: Raging Bolt|0 fnt
|faint|p1a: Raging Bolt
|-end|p1a: Raging Bolt|Protosynthesis|[silent]
|
|-weather|Snowscape|[upkeep]
|upkeep
|
|t:|1781201768
|switch|p1a: Slowking|Slowking-Galar, F, tera:Water|54/100
|turn|21
|
|t:|1781201774
|switch|p2a: Gholdengo|Gholdengo|100/100
|move|p1a: Slowking|Sludge Bomb|p2a: Gholdengo
|-immune|p2a: Gholdengo
|
|-weather|none
|upkeep
|turn|22
|
|t:|1781201777
|move|p2a: Gholdengo|Trick|p1a: Slowking
|-activate|p2a: Gholdengo|move: Trick|[of] p1a: Slowking
|-item|p1a: Slowking|Choice Scarf|[from] move: Trick
|-item|p2a: Gholdengo|Heavy-Duty Boots|[from] move: Trick
|-prepare|p1a: Slowking|Chilly Reception|[premajor]
|move|p1a: Slowking|Chilly Reception|p1a: Slowking
|-weather|Snowscape
|
|t:|1781201779
|switch|p1a: Great Tusk|Great Tusk|50/100|[from] Chilly Reception
|
|-weather|Snowscape|[upkeep]
|upkeep
|turn|23
|
|t:|1781201793
|move|p1a: Great Tusk|Headlong Rush|p2a: Gholdengo
|-supereffective|p2a: Gholdengo
|-damage|p2a: Gholdengo|0 fnt
|-unboost|p1a: Great Tusk|def|1
|-unboost|p1a: Great Tusk|spd|1
|faint|p2a: Gholdengo
|
|-weather|Snowscape|[upkeep]
|upkeep
|
|t:|1781201794
|switch|p2a: Darkrai|Darkrai|18/100
|turn|24
|j| HonchkrowLover27
|
|t:|1781201796
|-end|p1a: Great Tusk|Protosynthesis|[silent]
|switch|p1a: Slowking|Slowking-Galar, F, tera:Water|87/100
|-damage|p1a: Slowking|75/100|[from] Stealth Rock
|-damage|p1a: Slowking|62/100|[from] Spikes
|move|p2a: Darkrai|Dark Pulse|p1a: Slowking
|-damage|p1a: Slowking|24/100
|
|-weather|Snowscape|[upkeep]
|upkeep
|turn|25
|
|t:|1781201798
|move|p2a: Darkrai|Dark Pulse|p1a: Slowking
|-damage|p1a: Slowking|0 fnt
|faint|p1a: Slowking
|
|-weather|Snowscape|[upkeep]
|upkeep
|
|t:|1781201800
|switch|p1a: Greninja|Greninja, M|76/100
|-damage|p1a: Greninja|64/100|[from] Stealth Rock
|-damage|p1a: Greninja|51/100|[from] Spikes
|turn|26
|
|t:|1781201805
|switch|p2a: Ting-Lu|Ting-Lu|87/100
|-ability|p2a: Ting-Lu|Vessel of Ruin
|move|p1a: Greninja|Ice Beam|p2a: Ting-Lu
|-start|p1a: Greninja|typechange|Ice|[from] ability: Protean
|-supereffective|p2a: Ting-Lu
|-damage|p2a: Ting-Lu|35/100
|
|-weather|none
|upkeep
|turn|27
|
|t:|1781201810
|move|p1a: Greninja|Ice Beam|p2a: Ting-Lu
|-supereffective|p2a: Ting-Lu
|-damage|p2a: Ting-Lu|0 fnt
|faint|p2a: Ting-Lu
|
|upkeep
|
|t:|1781201814
|switch|p2a: Dragonite|Dragonite, F|100/100
|turn|28
|
|t:|1781201819
|-terastallize|p2a: Dragonite|Normal
|move|p2a: Dragonite|Extreme Speed|p1a: Greninja
|-damage|p1a: Greninja|0 fnt
|faint|p1a: Greninja
|
|upkeep
|
|t:|1781201821
|switch|p1a: Corviknight|Corviknight, F|76/100
|-damage|p1a: Corviknight|64/100|[from] Stealth Rock
|-ability|p1a: Corviknight|Pressure
|turn|29
|
|t:|1781201824
|move|p2a: Dragonite|Dragon Dance|p2a: Dragonite
|-boost|p2a: Dragonite|atk|1
|-boost|p2a: Dragonite|spe|1
|move|p1a: Corviknight|Brave Bird|p2a: Dragonite
|-damage|p2a: Dragonite|82/100
|-damage|p1a: Corviknight|58/100|[from] Recoil
|
|upkeep
|turn|30
|
|t:|1781201826
|move|p2a: Dragonite|Dragon Dance|p2a: Dragonite
|-boost|p2a: Dragonite|atk|1
|-boost|p2a: Dragonite|spe|1
|move|p1a: Corviknight|Roost|p1a: Corviknight
|-heal|p1a: Corviknight|100/100
|-singleturn|p1a: Corviknight|move: Roost
|
|upkeep
|turn|31
|
|t:|1781201828
|move|p2a: Dragonite|Dragon Dance|p2a: Dragonite
|-boost|p2a: Dragonite|atk|1
|-boost|p2a: Dragonite|spe|1
|move|p1a: Corviknight|Brave Bird|p2a: Dragonite
|-damage|p2a: Dragonite|46/100
|-damage|p1a: Corviknight|90/100|[from] Recoil
|
|upkeep
|turn|32
|
|t:|1781201830
|move|p2a: Dragonite|Roost|p2a: Dragonite
|-heal|p2a: Dragonite|96/100
|move|p1a: Corviknight|Roost|p1a: Corviknight
|-heal|p1a: Corviknight|100/100
|-singleturn|p1a: Corviknight|move: Roost
|
|upkeep
|turn|33
|
|t:|1781201832
|move|p2a: Dragonite|Dragon Dance|p2a: Dragonite
|-boost|p2a: Dragonite|atk|1
|-boost|p2a: Dragonite|spe|1
|move|p1a: Corviknight|Brave Bird|p2a: Dragonite
|-damage|p2a: Dragonite|58/100
|-damage|p1a: Corviknight|89/100|[from] Recoil
|
|upkeep
|turn|34
|
|t:|1781201835
|move|p2a: Dragonite|Roost|p2a: Dragonite
|-heal|p2a: Dragonite|100/100
|move|p1a: Corviknight|Roost|p1a: Corviknight
|-heal|p1a: Corviknight|100/100
|-singleturn|p1a: Corviknight|move: Roost
|
|upkeep
|turn|35
|
|t:|1781201836
|move|p2a: Dragonite|Dragon Dance|p2a: Dragonite
|-boost|p2a: Dragonite|atk|1
|-boost|p2a: Dragonite|spe|1
|move|p1a: Corviknight|Brave Bird|p2a: Dragonite
|-damage|p2a: Dragonite|84/100
|-damage|p1a: Corviknight|95/100|[from] Recoil
|
|upkeep
|turn|36
|
|t:|1781201839
|move|p2a: Dragonite|Dragon Dance|p2a: Dragonite
|-boost|p2a: Dragonite|atk|1
|-boost|p2a: Dragonite|spe|1
|move|p1a: Corviknight|Brave Bird|p2a: Dragonite
|-damage|p2a: Dragonite|45/100
|-damage|p1a: Corviknight|84/100|[from] Recoil
|
|upkeep
|turn|37
|
|t:|1781201841
|move|p2a: Dragonite|Roost|p2a: Dragonite
|-heal|p2a: Dragonite|95/100
|move|p1a: Corviknight|Roost|p1a: Corviknight
|-heal|p1a: Corviknight|100/100
|-singleturn|p1a: Corviknight|move: Roost
|
|upkeep
|turn|38
|
|t:|1781201846
|move|p2a: Dragonite|Extreme Speed|p1a: Corviknight
|-resisted|p1a: Corviknight
|-damage|p1a: Corviknight|46/100
|-damage|p2a: Dragonite|78/100|[from] item: Rocky Helmet|[of] p1a: Corviknight
|move|p1a: Corviknight|Brave Bird|p2a: Dragonite
|-damage|p2a: Dragonite|39/100
|-damage|p1a: Corviknight|34/100|[from] Recoil
|
|upkeep
|turn|39
|
|t:|1781201850
|move|p2a: Dragonite|Extreme Speed|p1a: Corviknight
|-resisted|p1a: Corviknight
|-damage|p1a: Corviknight|0 fnt
|-damage|p2a: Dragonite|22/100|[from] item: Rocky Helmet|[of] p1a: Corviknight
|faint|p1a: Corviknight
|
|upkeep
|-message|GreninjaMyFav forfeited.
|
|win|jonuz
|raw|GreninjaMyFav's rating: 1720 &rarr; <strong>1702</strong><br />(-18 for losing)
|raw|jonuz's rating: 1761 &rarr; <strong>1779</strong><br />(+18 for winning)
|l|☆GreninjaMyFav
|player|p1|
|l| HonchkrowLover27
