|j|‽daytime_lunar
|j|☆retsewe
|t:|1780966432
|gametype|singles
|player|p1|daytime_lunar|wattson|1557
|player|p2|retsewe|170|1517
|gen|9
|tier|[Gen 9] OU
|rated|
|rule|HP Percentage Mod: HP is shown in percentages
|rule|Endless Battle Clause: Forcing endless battles is banned
|rule|Species Clause: Limit one of each Pokémon
|rule|OHKO Clause: OHKO moves are banned
|rule|Evasion Items Clause: Evasion items are banned
|rule|Evasion Moves Clause: Evasion moves are banned
|rule|Evasion Abilities Clause: Evasion abilities are banned
|rule|Sleep Moves Clause: Sleep-inducing moves are banned
|clearpoke
|poke|p1|Tinkaton, F|
|poke|p1|Raging Bolt|
|poke|p1|Ogerpon, F|
|poke|p1|Moltres|
|poke|p1|Great Tusk|
|poke|p1|Pecharunt|
|poke|p2|Kyurem|
|poke|p2|Grimmsnarl, M|
|poke|p2|Gyarados, M|
|poke|p2|Dragonite, F|
|poke|p2|Hatterene, F|
|poke|p2|Heatran, M|
|teampreview
|inactive|Battle timer is ON: inactive players will automatically lose when time's up. (requested by daytime_lunar)
|
|t:|1780966452
|teamsize|p1|6
|teamsize|p2|6
|start
|switch|p1a: Raging Bolt|Raging Bolt|100/100
|switch|p2a: Hatterene|Hatterene, F|100/100
|turn|1
|inactive|retsewe has 120 seconds left.
|
|t:|1780966485
|move|p1a: Raging Bolt|Volt Switch|p2a: Hatterene
|-damage|p2a: Hatterene|61/100
|
|t:|1780966490
|-end|p1a: Raging Bolt|Protosynthesis|[silent]
|switch|p1a: Tinkaton|Tinkaton, F|100/100|[from] Volt Switch
|-item|p1a: Tinkaton|Air Balloon
|move|p2a: Hatterene|Draining Kiss|p1a: Tinkaton
|-resisted|p1a: Tinkaton
|-damage|p1a: Tinkaton|88/100
|-heal|p2a: Hatterene|72/100|[from] drain|[of] p1a: Tinkaton
|-enditem|p1a: Tinkaton|Air Balloon
|-enditem|p2a: Hatterene|Leftovers|[silent]|[from] ability: Pickpocket|[of] p2a: Hatterene
|-item|p1a: Tinkaton|Leftovers|[from] ability: Pickpocket|[of] p2a: Hatterene
|
|-heal|p1a: Tinkaton|95/100|[from] item: Leftovers
|upkeep
|turn|2
|inactive|retsewe has 120 seconds left.
|
|t:|1780966508
|switch|p2a: Heatran|Heatran, M|100/100
|move|p1a: Tinkaton|Stealth Rock|p2a: Heatran
|-sidestart|p2: retsewe|move: Stealth Rock
|
|-heal|p1a: Tinkaton|100/100|[from] item: Leftovers
|upkeep
|turn|3
|
|t:|1780966515
|move|p2a: Heatran|Stealth Rock|p1a: Tinkaton
|-sidestart|p1: daytime_lunar|move: Stealth Rock
|move|p1a: Tinkaton|Thunder Wave|p2a: Heatran
|-status|p2a: Heatran|par
|
|upkeep
|turn|4
|
|t:|1780966530
|switch|p1a: Moltres|Moltres|100/100
|switch|p2a: Grimmsnarl|Grimmsnarl, M, shiny|100/100
|-damage|p2a: Grimmsnarl|88/100|[from] Stealth Rock
|
|-heal|p2a: Grimmsnarl|94/100|[from] item: Leftovers
|upkeep
|turn|5
|
|t:|1780966539
|move|p2a: Grimmsnarl|Bulk Up|p2a: Grimmsnarl
|-boost|p2a: Grimmsnarl|atk|1
|-boost|p2a: Grimmsnarl|def|1
|move|p1a: Moltres|U-turn|p2a: Grimmsnarl
|-damage|p2a: Grimmsnarl|81/100
|
|t:|1780966543
|switch|p1a: Tinkaton|Tinkaton, F|100/100|[from] U-turn
|-damage|p1a: Tinkaton|94/100|[from] Stealth Rock
|
|-heal|p1a: Tinkaton|100/100|[from] item: Leftovers
|-heal|p2a: Grimmsnarl|87/100|[from] item: Leftovers
|upkeep
|turn|6
|
|t:|1780966552
|switch|p2a: Heatran|Heatran, M|100/100 par
|-damage|p2a: Heatran|88/100 par|[from] Stealth Rock
|move|p1a: Tinkaton|Gigaton Hammer|p2a: Heatran
|-resisted|p2a: Heatran
|-damage|p2a: Heatran|77/100 par
|
|upkeep
|turn|7
|
|t:|1780966561
|switch|p1a: Moltres|Moltres|100/100
|move|p2a: Heatran|Flamethrower|p1a: Moltres
|-resisted|p1a: Moltres
|-crit|p1a: Moltres
|-damage|p1a: Moltres|64/100
|
|upkeep
|turn|8
|
|t:|1780966568
|move|p2a: Heatran|Flamethrower|p1a: Moltres
|-resisted|p1a: Moltres
|-damage|p1a: Moltres|41/100
|move|p1a: Moltres|U-turn|p2a: Heatran
|-resisted|p2a: Heatran
|-damage|p2a: Heatran|73/100 par
|
|t:|1780966574
|switch|p1a: Raging Bolt|Raging Bolt|100/100|[from] U-turn
|-damage|p1a: Raging Bolt|88/100|[from] Stealth Rock
|
|upkeep
|turn|9
|
|t:|1780966593
|switch|p2a: Hatterene|Hatterene, F|72/100
|-damage|p2a: Hatterene|59/100|[from] Stealth Rock
|move|p1a: Raging Bolt|Thunderbolt|p2a: Hatterene
|-crit|p2a: Hatterene
|-damage|p2a: Hatterene|0 fnt
|faint|p2a: Hatterene
|
|upkeep
|
|t:|1780966607
|switch|p2a: Kyurem|Kyurem|100/100
|-damage|p2a: Kyurem|76/100|[from] Stealth Rock
|-ability|p2a: Kyurem|Pressure
|turn|10
|
|t:|1780966622
|-end|p1a: Raging Bolt|Protosynthesis|[silent]
|switch|p1a: Tinkaton|Tinkaton, F|100/100
|-damage|p1a: Tinkaton|94/100|[from] Stealth Rock
|move|p2a: Kyurem|Substitute|p2a: Kyurem
|-start|p2a: Kyurem|Substitute
|-damage|p2a: Kyurem|51/100
|
|-heal|p1a: Tinkaton|100/100|[from] item: Leftovers
|upkeep
|turn|11
|
|t:|1780966632
|move|p2a: Kyurem|Earth Power|p1a: Tinkaton
|-supereffective|p1a: Tinkaton
|-damage|p1a: Tinkaton|32/100
|move|p1a: Tinkaton|Knock Off|p2a: Kyurem
|-activate|p2a: Kyurem|move: Substitute|[damage]
|
|-heal|p1a: Tinkaton|38/100|[from] item: Leftovers
|upkeep
|turn|12
|
|t:|1780966640
|switch|p1a: Moltres|Moltres|41/100
|move|p2a: Kyurem|Earth Power|p1a: Moltres
|-immune|p1a: Moltres
|
|upkeep
|turn|13
|
|t:|1780966647
|move|p2a: Kyurem|Ice Beam|p1a: Moltres
|-damage|p1a: Moltres|0 fnt
|faint|p1a: Moltres
|
|upkeep
|
|t:|1780966660
|switch|p1a: Pecharunt|Pecharunt|100/100
|turn|14
|
|t:|1780966664
|move|p2a: Kyurem|Earth Power|p1a: Pecharunt
|-supereffective|p1a: Pecharunt
|-damage|p1a: Pecharunt|41/100
|move|p1a: Pecharunt|Shadow Ball|p2a: Kyurem
|-end|p2a: Kyurem|Substitute
|
|upkeep
|turn|15
|
|t:|1780966677
|-terastallize|p1a: Pecharunt|Flying
|move|p2a: Kyurem|Ice Beam|p1a: Pecharunt
|-supereffective|p1a: Pecharunt
|-damage|p1a: Pecharunt|0 fnt
|faint|p1a: Pecharunt
|
|upkeep
|
|t:|1780966681
|switch|p1a: Ogerpon|Ogerpon, F|100/100
|turn|16
|
|t:|1780966686
|move|p1a: Ogerpon|U-turn|p2a: Kyurem
|-damage|p2a: Kyurem|29/100
|
|t:|1780966689
|switch|p1a: Tinkaton|Tinkaton, F|38/100|[from] U-turn
|-damage|p1a: Tinkaton|32/100|[from] Stealth Rock
|move|p2a: Kyurem|Ice Beam|p1a: Tinkaton
|-resisted|p1a: Tinkaton
|-damage|p1a: Tinkaton|13/100
|
|-heal|p1a: Tinkaton|19/100|[from] item: Leftovers
|upkeep
|turn|17
|
|t:|1780966704
|move|p2a: Kyurem|Ice Beam|p1a: Tinkaton
|-resisted|p1a: Tinkaton
|-damage|p1a: Tinkaton|0 fnt
|faint|p1a: Tinkaton
|
|upkeep
|
|t:|1780966717
|switch|p1a: Ogerpon|Ogerpon, F|100/100
|turn|18
|
|t:|1780966723
|move|p1a: Ogerpon|Knock Off|p2a: Kyurem
|-damage|p2a: Kyurem|2/100
|-enditem|p2a: Kyurem|Expert Belt|[from] move: Knock Off|[of] p1a: Ogerpon
|move|p2a: Kyurem|Ice Beam|p1a: Ogerpon
|-supereffective|p1a: Ogerpon
|-damage|p1a: Ogerpon|0 fnt
|faint|p1a: Ogerpon
|
|upkeep
|
|t:|1780966727
|switch|p1a: Raging Bolt|Raging Bolt|88/100
|-damage|p1a: Raging Bolt|76/100|[from] Stealth Rock
|turn|19
|
|t:|1780966745
|move|p1a: Raging Bolt|Thunderclap|p2a: Kyurem
|-resisted|p2a: Kyurem
|-damage|p2a: Kyurem|0 fnt
|faint|p2a: Kyurem
|
|upkeep
|
|t:|1780966750
|switch|p2a: Grimmsnarl|Grimmsnarl, M, shiny|87/100
|-damage|p2a: Grimmsnarl|74/100|[from] Stealth Rock
|turn|20
|
|t:|1780966756
|move|p1a: Raging Bolt|Volt Switch|p2a: Grimmsnarl
|-damage|p2a: Grimmsnarl|44/100
|
|t:|1780966759
|-end|p1a: Raging Bolt|Protosynthesis|[silent]
|switch|p1a: Great Tusk|Great Tusk|100/100|[from] Volt Switch
|-damage|p1a: Great Tusk|98/100|[from] Stealth Rock
|move|p2a: Grimmsnarl|Spirit Break|p1a: Great Tusk
|-supereffective|p1a: Great Tusk
|-damage|p1a: Great Tusk|63/100
|-unboost|p1a: Great Tusk|spa|1
|
|-heal|p1a: Great Tusk|69/100|[from] item: Leftovers
|-heal|p2a: Grimmsnarl|50/100|[from] item: Leftovers
|upkeep
|turn|21
|
|t:|1780966779
|move|p1a: Great Tusk|Body Press|p2a: Grimmsnarl
|-damage|p2a: Grimmsnarl|0 fnt
|faint|p2a: Grimmsnarl
|
|-heal|p1a: Great Tusk|75/100|[from] item: Leftovers
|upkeep
|
|t:|1780966791
|switch|p2a: Gyarados|Gyarados, M|100/100
|-damage|p2a: Gyarados|76/100|[from] Stealth Rock
|turn|22
|
|t:|1780966799
|move|p2a: Gyarados|Waterfall|p1a: Great Tusk
|-supereffective|p1a: Great Tusk
|-damage|p1a: Great Tusk|24/100
|move|p1a: Great Tusk|Rapid Spin|p2a: Gyarados
|-damage|p2a: Gyarados|59/100
|-boost|p1a: Great Tusk|spe|1
|-sideend|p1: daytime_lunar|Stealth Rock|[from] move: Rapid Spin|[of] p1a: Great Tusk
|
|-heal|p1a: Great Tusk|30/100|[from] item: Leftovers
|upkeep
|turn|23
|
|t:|1780966809
|-end|p1a: Great Tusk|Protosynthesis|[silent]
|switch|p1a: Raging Bolt|Raging Bolt|76/100
|move|p2a: Gyarados|Waterfall|p1a: Raging Bolt
|-resisted|p1a: Raging Bolt
|-damage|p1a: Raging Bolt|56/100
|
|upkeep
|turn|24
|
|t:|1780966816
|-terastallize|p2a: Gyarados|Ground
|move|p1a: Raging Bolt|Thunderbolt|p2a: Gyarados
|-immune|p2a: Gyarados
|move|p2a: Gyarados|Earthquake|p1a: Raging Bolt
|-supereffective|p1a: Raging Bolt
|-damage|p1a: Raging Bolt|0 fnt
|faint|p1a: Raging Bolt
|-end|p1a: Raging Bolt|Protosynthesis|[silent]
|-ability|p2a: Gyarados|Moxie|boost
|-boost|p2a: Gyarados|atk|1
|
|upkeep
|
|t:|1780966825
|switch|p1a: Great Tusk|Great Tusk|30/100
|turn|25
|
|t:|1780966829
|move|p2a: Gyarados|Waterfall|p1a: Great Tusk
|-supereffective|p1a: Great Tusk
|-damage|p1a: Great Tusk|0 fnt
|faint|p1a: Great Tusk
|-end|p1a: Great Tusk|Protosynthesis|[silent]
|
|win|retsewe
|raw|daytime_lunar's rating: 1557 &rarr; <strong>1535</strong><br />(-22 for losing)
|raw|retsewe's rating: 1517 &rarr; <strong>1539</strong><br />(+22 for winning)
|l|‽daytime_lunar
|player|p1|
|l|☆retsewe
|player|p2|
