|j|☆Pretty Nizz
|j|☆Croomz
|t:|1781374552
|gametype|singles
|player|p1|Pretty Nizz|riley|1525
|player|p2|Croomz|2|1554
|gen|9
|tier|[Gen 9] OU
|rated|
|rule|HP Percentage Mod: HP is shown in percentages
|rule|Endless Battle Clause: Forcing endless battles is banned
|rule|Species Clause: Limit one of each Pokémon
|rule|OHKO Clause: OHKO moves are banned
|rule|Evasion Items Clause: Evasion items are banned
|rule|Evasion Moves Clause: Evasion moves are banned
|rule|Evasion Abilities Clause: Evasion abilities are banned
|rule|Sleep Moves Clause: Sleep-inducing moves are banned
|clearpoke
|poke|p1|Comfey, M|
|poke|p1|Whimsicott, M|
|poke|p1|Ceruledge, F|
|poke|p1|Walking Wake|
|poke|p1|Great Tusk|
|poke|p1|Torkoal, F|
|poke|p2|Samurott-Hisui, F|
|poke|p2|Dragonite, F|
|poke|p2|Kingambit, M|
|poke|p2|Iron Moth|
|poke|p2|Iron Valiant|
|poke|p2|Moltres-Galar|
|teampreview
|inactive|Battle timer is ON: inactive players will automatically lose when time's up. (requested by Pretty Nizz)
|inactive|Croomz has 120 seconds left.
|
|t:|1781374585
|teamsize|p1|6
|teamsize|p2|6
|start
|switch|p1a: Torky|Torkoal, F|100/100
|switch|p2a: Samurott|Samurott-Hisui, F|100/100
|-weather|SunnyDay|[from] ability: Drought|[of] p1a: Torky
|turn|1
|
|t:|1781374606
|move|p2a: Samurott|Ceaseless Edge|p1a: Torky
|-damage|p1a: Torky|75/100
|-sidestart|p1: Pretty Nizz|Spikes
|move|p1a: Torky|Body Press|p2a: Samurott
|-supereffective|p2a: Samurott
|-damage|p2a: Samurott|16/100
|
|-weather|SunnyDay|[upkeep]
|upkeep
|turn|2
|
|t:|1781374613
|move|p2a: Samurott|Ceaseless Edge|p1a: Torky
|-damage|p1a: Torky|49/100
|-sidestart|p1: Pretty Nizz|Spikes
|move|p1a: Torky|Rapid Spin|p2a: Samurott
|-damage|p2a: Samurott|4/100
|-boost|p1a: Torky|spe|1
|-sideend|p1: Pretty Nizz|Spikes|[from] move: Rapid Spin|[of] p1a: Torky
|
|-weather|SunnyDay|[upkeep]
|upkeep
|turn|3
|
|t:|1781374625
|switch|p2a: Iron Moth|Iron Moth|100/100
|-enditem|p2a: Iron Moth|Booster Energy
|-activate|p2a: Iron Moth|ability: Quark Drive|[fromitem]
|-start|p2a: Iron Moth|quarkdrivespe
|move|p1a: Torky|Stealth Rock|p2a: Iron Moth
|-sidestart|p2: Croomz|move: Stealth Rock
|
|-weather|SunnyDay|[upkeep]
|upkeep
|turn|4
|
|t:|1781374628
|switch|p1a: Wake Skywalker|Walking Wake|100/100
|-activate|p1a: Wake Skywalker|ability: Protosynthesis
|-start|p1a: Wake Skywalker|protosynthesisspe
|move|p2a: Iron Moth|Fiery Dance|p1a: Wake Skywalker
|-resisted|p1a: Wake Skywalker
|-crit|p1a: Wake Skywalker
|-damage|p1a: Wake Skywalker|86/100
|-boost|p2a: Iron Moth|spa|1
|
|-weather|SunnyDay|[upkeep]
|upkeep
|turn|5
|
|t:|1781374649
|-end|p2a: Iron Moth|Quark Drive|[silent]
|switch|p2a: Samurott|Samurott-Hisui, F|4/100
|-damage|p2a: Samurott|0 fnt|[from] Stealth Rock
|faint|p2a: Samurott
|move|p1a: Wake Skywalker|Hydro Steam|p2: Samurott|[notarget]
|-fail|p1a: Wake Skywalker
|
|-weather|SunnyDay|[upkeep]
|upkeep
|
|t:|1781374651
|switch|p2a: Iron Valiant|Iron Valiant|100/100
|-damage|p2a: Iron Valiant|94/100|[from] Stealth Rock
|-enditem|p2a: Iron Valiant|Booster Energy
|-activate|p2a: Iron Valiant|ability: Quark Drive|[fromitem]
|-start|p2a: Iron Valiant|quarkdrivespe
|turn|6
|
|t:|1781374666
|-end|p1a: Wake Skywalker|Protosynthesis|[silent]
|switch|p1a: Uncomfey|Comfey, M, shiny|100/100
|move|p2a: Iron Valiant|Moonblast|p1a: Uncomfey
|-damage|p1a: Uncomfey|55/100
|
|-weather|SunnyDay|[upkeep]
|upkeep
|turn|7
|
|t:|1781374677
|-end|p2a: Iron Valiant|Quark Drive|[silent]
|switch|p2a: Iron Moth|Iron Moth|100/100
|-damage|p2a: Iron Moth|76/100|[from] Stealth Rock
|move|p1a: Uncomfey|Growth|p1a: Uncomfey
|-boost|p1a: Uncomfey|atk|2
|-boost|p1a: Uncomfey|spa|2
|
|-weather|SunnyDay|[upkeep]
|upkeep
|turn|8
|
|t:|1781374689
|-terastallize|p1a: Uncomfey|Steel
|move|p2a: Iron Moth|Sludge Wave|p1a: Uncomfey
|-immune|p1a: Uncomfey
|move|p1a: Uncomfey|Stored Power|p2a: Iron Moth
|-supereffective|p2a: Iron Moth
|-damage|p2a: Iron Moth|0 fnt
|faint|p2a: Iron Moth
|-end|p2a: Iron Moth|Quark Drive|[silent]
|-damage|p1a: Uncomfey|45/100|[from] item: Life Orb
|
|-weather|none
|upkeep
|inactive|Croomz has 120 seconds left.
|
|t:|1781374725
|switch|p2a: Moltres|Moltres-Galar|100/100
|-damage|p2a: Moltres|76/100|[from] Stealth Rock
|turn|9
|
|t:|1781374731
|move|p1a: Uncomfey|Draining Kiss|p2a: Moltres
|-supereffective|p2a: Moltres
|-damage|p2a: Moltres|0 fnt
|-heal|p1a: Uncomfey|100/100|[from] drain|[of] p2a: Moltres
|faint|p2a: Moltres
|-damage|p1a: Uncomfey|91/100|[from] item: Life Orb
|
|upkeep
|inactive|Croomz has 120 seconds left.
|
|t:|1781374746
|switch|p2a: Dragonite|Dragonite, F|100/100
|turn|10
|
|t:|1781374749
|move|p1a: Uncomfey|Draining Kiss|p2a: Dragonite
|-supereffective|p2a: Dragonite
|-damage|p2a: Dragonite|47/100
|-heal|p1a: Uncomfey|100/100|[from] drain|[of] p2a: Dragonite
|-damage|p1a: Uncomfey|91/100|[from] item: Life Orb
|move|p2a: Dragonite|Earthquake|p1a: Uncomfey
|-supereffective|p1a: Uncomfey
|-damage|p1a: Uncomfey|0 fnt
|faint|p1a: Uncomfey
|
|upkeep
|
|t:|1781374756
|switch|p1a: Torky|Torkoal, F|49/100
|-weather|SunnyDay|[from] ability: Drought|[of] p1a: Torky
|turn|11
|
|t:|1781374759
|switch|p1a: Mammoet|Great Tusk|100/100
|-activate|p1a: Mammoet|ability: Protosynthesis
|-start|p1a: Mammoet|protosynthesisspe
|move|p2a: Dragonite|Dragon Dance|p2a: Dragonite
|-boost|p2a: Dragonite|atk|1
|-boost|p2a: Dragonite|spe|1
|
|-weather|SunnyDay|[upkeep]
|upkeep
|turn|12
|
|t:|1781374786
|-terastallize|p2a: Dragonite|Normal
|move|p1a: Mammoet|Ice Spinner|p2a: Dragonite
|-damage|p2a: Dragonite|20/100
|move|p2a: Dragonite|Dragon Dance|p2a: Dragonite
|-boost|p2a: Dragonite|atk|1
|-boost|p2a: Dragonite|spe|1
|
|-weather|SunnyDay|[upkeep]
|upkeep
|turn|13
|
|t:|1781374804
|move|p2a: Dragonite|Outrage|p1a: Mammoet
|-damage|p1a: Mammoet|15/100
|-damage|p2a: Dragonite|3/100|[from] item: Rocky Helmet|[of] p1a: Mammoet
|move|p1a: Mammoet|Knock Off|p2a: Dragonite
|-damage|p2a: Dragonite|0 fnt
|-enditem|p2a: Dragonite|Heavy-Duty Boots|[from] move: Knock Off|[of] p1a: Mammoet
|faint|p2a: Dragonite
|
|-weather|SunnyDay|[upkeep]
|upkeep
|
|t:|1781374811
|switch|p2a: Kingambit|Kingambit, M|100/100
|-damage|p2a: Kingambit|94/100|[from] Stealth Rock
|-activate|p2a: Kingambit|ability: Supreme Overlord
|-start|p2a: Kingambit|fallen4|[silent]
|-item|p2a: Kingambit|Air Balloon
|turn|14
|
|t:|1781374820
|move|p1a: Mammoet|Knock Off|p2a: Kingambit
|-resisted|p2a: Kingambit
|-damage|p2a: Kingambit|83/100
|-enditem|p2a: Kingambit|Air Balloon
|move|p2a: Kingambit|Iron Head|p1a: Mammoet
|-damage|p1a: Mammoet|0 fnt
|-damage|p2a: Kingambit|67/100|[from] item: Rocky Helmet|[of] p1a: Mammoet
|faint|p1a: Mammoet
|-end|p1a: Mammoet|Protosynthesis|[silent]
|
|-weather|SunnyDay|[upkeep]
|upkeep
|
|t:|1781374829
|switch|p1a: Wake Skywalker|Walking Wake|86/100
|-activate|p1a: Wake Skywalker|ability: Protosynthesis
|-start|p1a: Wake Skywalker|protosynthesisspe
|turn|15
|
|t:|1781374842
|-end|p2a: Kingambit|fallen4|[silent]
|switch|p2a: Iron Valiant|Iron Valiant|94/100
|-damage|p2a: Iron Valiant|88/100|[from] Stealth Rock
|move|p1a: Wake Skywalker|Flamethrower|p2a: Iron Valiant
|-damage|p2a: Iron Valiant|8/100
|-status|p2a: Iron Valiant|brn
|
|-weather|SunnyDay|[upkeep]
|-damage|p2a: Iron Valiant|2/100 brn|[from] brn
|upkeep
|turn|16
|
|t:|1781374849
|move|p1a: Wake Skywalker|Hydro Steam|p2a: Iron Valiant
|-damage|p2a: Iron Valiant|0 fnt
|faint|p2a: Iron Valiant
|-end|p2a: Iron Valiant|Quark Drive|[silent]
|
|-weather|SunnyDay|[upkeep]
|upkeep
|
|t:|1781374852
|switch|p2a: Kingambit|Kingambit, M|67/100
|-damage|p2a: Kingambit|61/100|[from] Stealth Rock
|-activate|p2a: Kingambit|ability: Supreme Overlord
|-start|p2a: Kingambit|fallen5|[silent]
|turn|17
|
|t:|1781374860
|move|p2a: Kingambit|Sucker Punch|p1a: Wake Skywalker
|-damage|p1a: Wake Skywalker|30/100
|move|p1a: Wake Skywalker|Flamethrower|p2a: Kingambit
|-supereffective|p2a: Kingambit
|-damage|p2a: Kingambit|0 fnt
|faint|p2a: Kingambit
|-end|p2a: Kingambit|fallen5|[silent]
|
|win|Pretty Nizz
|raw|Pretty Nizz's rating: 1525 &rarr; <strong>1547</strong><br />(+22 for winning)
|raw|Croomz's rating: 1554 &rarr; <strong>1532</strong><br />(-22 for losing)
|l|☆Croomz
|player|p2|
|l|☆Pretty Nizz
|player|p1|
