|j|☆nis298
|j|☆KurisuChestnutOU
|t:|1781177196
|gametype|singles
|player|p1|nis298|1|1574
|player|p2|KurisuChestnutOU|may-contest|1560
|gen|9
|tier|[Gen 9] OU
|rated|
|rule|HP Percentage Mod: HP is shown in percentages
|rule|Endless Battle Clause: Forcing endless battles is banned
|rule|Species Clause: Limit one of each Pokémon
|rule|OHKO Clause: OHKO moves are banned
|rule|Evasion Items Clause: Evasion items are banned
|rule|Evasion Moves Clause: Evasion moves are banned
|rule|Evasion Abilities Clause: Evasion abilities are banned
|rule|Sleep Moves Clause: Sleep-inducing moves are banned
|clearpoke
|poke|p1|Regieleki|
|poke|p1|Alomomola, F|
|poke|p1|Kyurem|
|poke|p1|Iron Valiant|
|poke|p1|Landorus-Therian, M|
|poke|p1|Moltres|
|poke|p2|Kingambit, F|
|poke|p2|Kommo-o, M|
|poke|p2|Iron Valiant|
|poke|p2|Kyurem|
|poke|p2|Iron Treads|
|poke|p2|Iron Crown|
|teampreview
|inactive|Battle timer is ON: inactive players will automatically lose when time's up. (requested by KurisuChestnutOU)
|
|t:|1781177203
|teamsize|p1|6
|teamsize|p2|6
|start
|switch|p1a: Moltres|Moltres|100/100
|switch|p2a: Kyurem|Kyurem|100/100
|-ability|p2a: Kyurem|Pressure
|turn|1
|inactive|nis298 has 120 seconds left.
|
|t:|1781177237
|switch|p1a: Alomomola|Alomomola, F|100/100
|move|p2a: Kyurem|Dragon Dance|p2a: Kyurem
|-boost|p2a: Kyurem|atk|1
|-boost|p2a: Kyurem|spe|1
|
|upkeep
|turn|2
|inactive|nis298 has 120 seconds left.
|
|t:|1781177262
|move|p2a: Kyurem|Dragon Dance|p2a: Kyurem
|-boost|p2a: Kyurem|atk|1
|-boost|p2a: Kyurem|spe|1
|move|p1a: Alomomola|Flip Turn|p2a: Kyurem
|-resisted|p2a: Kyurem
|-damage|p2a: Kyurem|93/100
|
|t:|1781177270
|switch|p1a: Moltres|Moltres|100/100|[from] Flip Turn
|
|upkeep
|turn|3
|
|t:|1781177277
|move|p2a: Kyurem|Icicle Spear|p1a: Moltres
|-damage|p1a: Moltres|82/100
|-damage|p1a: Moltres|65/100
|-damage|p1a: Moltres|48/100
|-damage|p1a: Moltres|29/100
|-damage|p1a: Moltres|12/100
|-hitcount|p1a: Moltres|5
|move|p1a: Moltres|Roar|p2a: Kyurem
|drag|p2a: Iron Crown|Iron Crown|100/100
|-enditem|p2a: Iron Crown|Booster Energy
|-activate|p2a: Iron Crown|ability: Quark Drive|[fromitem]
|-start|p2a: Iron Crown|quarkdrivespe
|
|upkeep
|turn|4
|inactive|nis298 has 120 seconds left.
|
|t:|1781177291
|move|p2a: Iron Crown|Psychic Noise|p1a: Moltres
|-damage|p1a: Moltres|0 fnt
|faint|p1a: Moltres
|
|upkeep
|inactive|nis298 has 120 seconds left.
|inactive|nis298 has 90 seconds left.
|
|t:|1781177335
|switch|p1a: Regieleki|Regieleki|100/100
|turn|5
|
|t:|1781177338
|move|p1a: Regieleki|Volt Switch|p2a: Iron Crown
|-damage|p2a: Iron Crown|61/100
|
|t:|1781177343
|switch|p1a: Alomomola|Alomomola, F|100/100|[from] Volt Switch
|move|p2a: Iron Crown|Calm Mind|p2a: Iron Crown
|-boost|p2a: Iron Crown|spa|1
|-boost|p2a: Iron Crown|spd|1
|
|upkeep
|turn|6
|inactive|nis298 has 90 seconds left.
|
|t:|1781177379
|move|p2a: Iron Crown|Calm Mind|p2a: Iron Crown
|-boost|p2a: Iron Crown|spa|1
|-boost|p2a: Iron Crown|spd|1
|move|p1a: Alomomola|Scald|p2a: Iron Crown
|-damage|p2a: Iron Crown|54/100
|-status|p2a: Iron Crown|brn
|
|-damage|p2a: Iron Crown|48/100 brn|[from] brn
|upkeep
|turn|7
|
|t:|1781177386
|move|p2a: Iron Crown|Focus Blast|p1a: Alomomola
|-damage|p1a: Alomomola|6/100
|move|p1a: Alomomola|Flip Turn|p2a: Iron Crown
|-damage|p2a: Iron Crown|33/100 brn
|
|t:|1781177400
|switch|p1a: Regieleki|Regieleki|100/100|[from] Flip Turn
|
|-damage|p2a: Iron Crown|27/100 brn|[from] brn
|upkeep
|turn|8
|
|t:|1781177405
|-end|p2a: Iron Crown|Quark Drive|[silent]
|switch|p2a: Iron Treads|Iron Treads|100/100
|-enditem|p2a: Iron Treads|Booster Energy
|-activate|p2a: Iron Treads|ability: Quark Drive|[fromitem]
|-start|p2a: Iron Treads|quarkdrivespe
|move|p1a: Regieleki|Volt Switch|p2a: Iron Treads
|-immune|p2a: Iron Treads
|
|upkeep
|turn|9
|
|t:|1781177414
|switch|p1a: Alomomola|Alomomola, F|40/100
|move|p2a: Iron Treads|Stealth Rock|p1a: Alomomola
|-sidestart|p1: nis298|move: Stealth Rock
|
|upkeep
|turn|10
|inactive|nis298 has 90 seconds left.
|
|t:|1781177421
|-end|p2a: Iron Treads|Quark Drive|[silent]
|switch|p2a: Kyurem|Kyurem|93/100
|-ability|p2a: Kyurem|Pressure
|switch|p1a: Landorus|Landorus-Therian, M|100/100
|-damage|p1a: Landorus|88/100|[from] Stealth Rock
|-ability|p1a: Landorus|Intimidate|boost
|-unboost|p2a: Kyurem|atk|1
|
|upkeep
|turn|11
|inactive|nis298 has 90 seconds left.
|
|t:|1781177455
|switch|p2a: Iron Valiant|Iron Valiant|100/100
|-enditem|p2a: Iron Valiant|Booster Energy
|-activate|p2a: Iron Valiant|ability: Quark Drive|[fromitem]
|-start|p2a: Iron Valiant|quarkdrivespe
|move|p1a: Landorus|U-turn|p2a: Iron Valiant
|-resisted|p2a: Iron Valiant
|-damage|p2a: Iron Valiant|94/100
|
|t:|1781177469
|switch|p1a: Regieleki|Regieleki|100/100|[from] U-turn
|
|upkeep
|turn|12
|
|t:|1781177472
|-end|p2a: Iron Valiant|Quark Drive|[silent]
|switch|p2a: Iron Treads|Iron Treads|100/100
|move|p1a: Regieleki|Thunderbolt|p2a: Iron Treads
|-immune|p2a: Iron Treads
|
|upkeep
|turn|13
|
|t:|1781177478
|switch|p1a: Alomomola|Alomomola, F|73/100
|-end|p2a: Iron Treads|Quark Drive|[silent]
|switch|p2a: Kyurem|Kyurem|93/100
|-ability|p2a: Kyurem|Pressure
|
|upkeep
|turn|14
|
|t:|1781177484
|move|p2a: Kyurem|Scale Shot|p1a: Alomomola
|-damage|p1a: Alomomola|66/100
|-damage|p1a: Alomomola|60/100
|-damage|p1a: Alomomola|53/100
|-crit|p1a: Alomomola
|-damage|p1a: Alomomola|42/100
|-damage|p1a: Alomomola|35/100
|-hitcount|p1a: Alomomola|5
|-unboost|p2a: Kyurem|def|1
|-boost|p2a: Kyurem|spe|1
|move|p1a: Alomomola|Flip Turn|p2a: Kyurem
|-resisted|p2a: Kyurem
|-damage|p2a: Kyurem|82/100
|
|t:|1781177493
|switch|p1a: Iron Valiant|Iron Valiant|100/100|[from] Flip Turn
|-damage|p1a: Iron Valiant|94/100|[from] Stealth Rock
|
|upkeep
|turn|15
|
|t:|1781177497
|move|p1a: Iron Valiant|Moonblast|p2a: Kyurem
|-supereffective|p2a: Kyurem
|-damage|p2a: Kyurem|0 fnt
|faint|p2a: Kyurem
|
|upkeep
|
|t:|1781177504
|switch|p2a: Kingambit|Kingambit, F|100/100
|-activate|p2a: Kingambit|ability: Supreme Overlord
|-start|p2a: Kingambit|fallen1|[silent]
|turn|16
|
|t:|1781177517
|-end|p1a: Iron Valiant|Quark Drive|[silent]
|switch|p1a: Landorus|Landorus-Therian, M|88/100
|-damage|p1a: Landorus|76/100|[from] Stealth Rock
|-ability|p1a: Landorus|Intimidate|boost
|-unboost|p2a: Kingambit|atk|1
|move|p2a: Kingambit|Swords Dance|p2a: Kingambit
|-boost|p2a: Kingambit|atk|2
|
|upkeep
|turn|17
|
|t:|1781177526
|-terastallize|p2a: Kingambit|Ghost
|move|p1a: Landorus|Earth Power|p2a: Kingambit
|-damage|p2a: Kingambit|64/100
|move|p2a: Kingambit|Swords Dance|p2a: Kingambit
|-boost|p2a: Kingambit|atk|2
|
|-heal|p2a: Kingambit|70/100|[from] item: Leftovers
|upkeep
|turn|18
|
|t:|1781177535
|move|p1a: Landorus|Taunt|p2a: Kingambit
|-start|p2a: Kingambit|move: Taunt
|move|p2a: Kingambit|Iron Head|p1a: Landorus
|-damage|p1a: Landorus|0 fnt
|-damage|p2a: Kingambit|53/100|[from] item: Rocky Helmet|[of] p1a: Landorus
|faint|p1a: Landorus
|
|-heal|p2a: Kingambit|59/100|[from] item: Leftovers
|upkeep
|
|t:|1781177555
|switch|p1a: Alomomola|Alomomola, F|69/100
|turn|19
|
|t:|1781177561
|move|p2a: Kingambit|Sucker Punch|p1a: Alomomola
|-damage|p1a: Alomomola|6/100
|move|p1a: Alomomola|Scald|p2a: Kingambit
|-damage|p2a: Kingambit|45/100
|-status|p2a: Kingambit|brn
|
|-heal|p2a: Kingambit|51/100 brn|[from] item: Leftovers
|-damage|p2a: Kingambit|45/100 brn|[from] brn
|upkeep
|turn|20
|
|t:|1781177569
|move|p2a: Kingambit|Iron Head|p1a: Alomomola
|-resisted|p1a: Alomomola
|-damage|p1a: Alomomola|0 fnt
|faint|p1a: Alomomola
|
|-heal|p2a: Kingambit|51/100 brn|[from] item: Leftovers
|-damage|p2a: Kingambit|45/100 brn|[from] brn
|-end|p2a: Kingambit|move: Taunt
|upkeep
|
|t:|1781177578
|switch|p1a: Iron Valiant|Iron Valiant|94/100
|-damage|p1a: Iron Valiant|88/100|[from] Stealth Rock
|turn|21
|
|t:|1781177582
|move|p2a: Kingambit|Sucker Punch|p1a: Iron Valiant
|-resisted|p1a: Iron Valiant
|-damage|p1a: Iron Valiant|71/100
|move|p1a: Iron Valiant|Shadow Ball|p2a: Kingambit
|-supereffective|p2a: Kingambit
|-damage|p2a: Kingambit|0 fnt
|faint|p2a: Kingambit
|-end|p2a: Kingambit|fallen1|[silent]
|
|upkeep
|
|t:|1781177587
|switch|p2a: Kommo-o|Kommo-o, M|100/100
|turn|22
|
|t:|1781177603
|-end|p1a: Iron Valiant|Quark Drive|[silent]
|switch|p1a: Kyurem|Kyurem|100/100
|-damage|p1a: Kyurem|76/100|[from] Stealth Rock
|-ability|p1a: Kyurem|Pressure
|move|p2a: Kommo-o|Clangorous Soul|p2a: Kommo-o
|-boost|p2a: Kommo-o|atk|1
|-boost|p2a: Kommo-o|def|1
|-boost|p2a: Kommo-o|spa|1
|-boost|p2a: Kommo-o|spd|1
|-boost|p2a: Kommo-o|spe|1
|-damage|p2a: Kommo-o|68/100
|
|-heal|p2a: Kommo-o|74/100|[from] item: Leftovers
|upkeep
|turn|23
|
|t:|1781177613
|move|p2a: Kommo-o|Drain Punch|p1a: Kyurem
|-supereffective|p1a: Kyurem
|-damage|p1a: Kyurem|0 fnt
|-heal|p2a: Kommo-o|100/100|[from] drain|[of] p1a: Kyurem
|faint|p1a: Kyurem
|
|upkeep
|
|t:|1781177617
|switch|p1a: Iron Valiant|Iron Valiant|71/100
|-damage|p1a: Iron Valiant|65/100|[from] Stealth Rock
|turn|24
|
|t:|1781177621
|move|p1a: Iron Valiant|Moonblast|p2a: Kommo-o
|-supereffective|p2a: Kommo-o
|-damage|p2a: Kommo-o|0 fnt
|faint|p2a: Kommo-o
|
|upkeep
|
|t:|1781177625
|switch|p2a: Iron Treads|Iron Treads|100/100
|turn|25
|
|t:|1781177643
|-terastallize|p1a: Iron Valiant|Fairy
|move|p1a: Iron Valiant|Moonblast|p2a: Iron Treads
|-resisted|p2a: Iron Treads
|-damage|p2a: Iron Treads|66/100
|move|p2a: Iron Treads|Earthquake|p1a: Iron Valiant
|-damage|p1a: Iron Valiant|17/100
|
|upkeep
|turn|26
|
|t:|1781177650
|move|p1a: Iron Valiant|Moonblast|p2a: Iron Treads
|-resisted|p2a: Iron Treads
|-damage|p2a: Iron Treads|31/100
|move|p2a: Iron Treads|Earthquake|p1a: Iron Valiant
|-damage|p1a: Iron Valiant|0 fnt
|faint|p1a: Iron Valiant
|-end|p1a: Iron Valiant|Quark Drive|[silent]
|
|upkeep
|
|t:|1781177655
|switch|p1a: Regieleki|Regieleki|100/100
|turn|27
|
|t:|1781177659
|move|p1a: Regieleki|Body Slam|p2a: Iron Treads
|-resisted|p2a: Iron Treads
|-damage|p2a: Iron Treads|24/100
|move|p2a: Iron Treads|Earthquake|p1a: Regieleki
|-supereffective|p1a: Regieleki
|-damage|p1a: Regieleki|0 fnt
|faint|p1a: Regieleki
|
|win|KurisuChestnutOU
|raw|nis298's rating: 1574 &rarr; <strong>1550</strong><br />(-24 for losing)
|raw|KurisuChestnutOU's rating: 1505 &rarr; <strong>1529</strong><br />(+24 for winning)
