|j|☆blackgokuking
|j|☆Miurez
|t:|1781125962
|gametype|singles
|player|p1|blackgokuking|101|1718
|player|p2|Miurez|pokemonranger-gen4|1788
|gen|9
|tier|[Gen 9] OU
|rated|
|rule|HP Percentage Mod: HP is shown in percentages
|rule|Endless Battle Clause: Forcing endless battles is banned
|rule|Species Clause: Limit one of each Pokémon
|rule|OHKO Clause: OHKO moves are banned
|rule|Evasion Items Clause: Evasion items are banned
|rule|Evasion Moves Clause: Evasion moves are banned
|rule|Evasion Abilities Clause: Evasion abilities are banned
|rule|Sleep Moves Clause: Sleep-inducing moves are banned
|clearpoke
|poke|p1|Kingambit, F|
|poke|p1|Kommo-o, M|
|poke|p1|Iron Valiant|
|poke|p1|Kyurem|
|poke|p1|Iron Treads|
|poke|p1|Iron Crown|
|poke|p2|Iron Moth|
|poke|p2|Gliscor, F|
|poke|p2|Hatterene, F|
|poke|p2|Ogerpon-Wellspring, F|
|poke|p2|Raging Bolt|
|poke|p2|Zamazenta-*|
|teampreview
|
|t:|1781125975
|teamsize|p1|6
|teamsize|p2|6
|start
|switch|p1a: Iron Treads|Iron Treads|100/100
|switch|p2a: Zamazenta|Zamazenta|100/100
|-ability|p2a: Zamazenta|Dauntless Shield|boost
|-boost|p2a: Zamazenta|def|1
|-enditem|p1a: Iron Treads|Booster Energy
|-activate|p1a: Iron Treads|ability: Quark Drive|[fromitem]
|-start|p1a: Iron Treads|quarkdrivespe
|turn|1
|
|t:|1781125980
|move|p1a: Iron Treads|Stealth Rock|p2a: Zamazenta
|-sidestart|p2: Miurez|move: Stealth Rock
|move|p2a: Zamazenta|Close Combat|p1a: Iron Treads
|-supereffective|p1a: Iron Treads
|-damage|p1a: Iron Treads|21/100
|-unboost|p2a: Zamazenta|def|1
|-unboost|p2a: Zamazenta|spd|1
|
|upkeep
|turn|2
|
|t:|1781125996
|move|p1a: Iron Treads|Endeavor|p2a: Zamazenta
|-damage|p2a: Zamazenta|21/100
|move|p2a: Zamazenta|Light Screen|p2a: Zamazenta
|-sidestart|p2: Miurez|move: Light Screen
|
|upkeep
|turn|3
|
|t:|1781126002
|move|p1a: Iron Treads|Earthquake|p2a: Zamazenta
|-damage|p2a: Zamazenta|0 fnt
|faint|p2a: Zamazenta
|
|upkeep
|
|t:|1781126012
|switch|p2a: Iron Moth|Iron Moth|100/100
|-damage|p2a: Iron Moth|76/100|[from] Stealth Rock
|-enditem|p2a: Iron Moth|Booster Energy
|-activate|p2a: Iron Moth|ability: Quark Drive|[fromitem]
|-start|p2a: Iron Moth|quarkdrivespe
|turn|4
|
|t:|1781126017
|move|p2a: Iron Moth|Fiery Dance|p1a: Iron Treads
|-supereffective|p1a: Iron Treads
|-damage|p1a: Iron Treads|0 fnt
|-boost|p2a: Iron Moth|spa|1
|faint|p1a: Iron Treads
|-end|p1a: Iron Treads|Quark Drive|[silent]
|
|upkeep
|j| ice_man_unclee
|
|t:|1781126056
|switch|p1a: Kyurem|Kyurem|100/100
|-ability|p1a: Kyurem|Pressure
|turn|5
|j| Palm X
|
|t:|1781126066
|move|p2a: Iron Moth|Sludge Wave|p1a: Kyurem
|-damage|p1a: Kyurem|17/100
|move|p1a: Kyurem|Scale Shot|p2a: Iron Moth
|-damage|p2a: Iron Moth|56/100
|-damage|p2a: Iron Moth|35/100
|-damage|p2a: Iron Moth|16/100
|-damage|p2a: Iron Moth|0 fnt
|faint|p2a: Iron Moth
|-end|p2a: Iron Moth|Quark Drive|[silent]
|-hitcount|p2: Iron Moth|4
|-unboost|p1a: Kyurem|def|1
|-boost|p1a: Kyurem|spe|1
|
|upkeep
|
|t:|1781126078
|switch|p2a: Hatterene|Hatterene, F|100/100
|-damage|p2a: Hatterene|88/100|[from] Stealth Rock
|turn|6
|
|t:|1781126090
|move|p1a: Kyurem|Icicle Spear|p2a: Hatterene
|-damage|p2a: Hatterene|77/100
|-crit|p2a: Hatterene
|-damage|p2a: Hatterene|62/100
|-damage|p2a: Hatterene|52/100
|-damage|p2a: Hatterene|41/100
|-damage|p2a: Hatterene|29/100
|-hitcount|p2a: Hatterene|5
|move|p2a: Hatterene|Mystical Fire|p1a: Kyurem
|-damage|p1a: Kyurem|0 fnt
|faint|p1a: Kyurem
|
|-heal|p2a: Hatterene|35/100|[from] item: Leftovers
|upkeep
|
|t:|1781126107
|switch|p1a: Iron Crown|Iron Crown|100/100
|-enditem|p1a: Iron Crown|Booster Energy
|-activate|p1a: Iron Crown|ability: Quark Drive|[fromitem]
|-start|p1a: Iron Crown|quarkdrivespe
|turn|7
|
|t:|1781126112
|switch|p2a: Ogerpon|Ogerpon-Wellspring, F|100/100
|-damage|p2a: Ogerpon|88/100|[from] Stealth Rock
|move|p1a: Iron Crown|Tachyon Cutter|p2a: Ogerpon
|-resisted|p2a: Ogerpon
|-damage|p2a: Ogerpon|82/100
|-resisted|p2a: Ogerpon
|-damage|p2a: Ogerpon|76/100
|-hitcount|p2a: Ogerpon|2
|
|upkeep
|turn|8
|
|t:|1781126123
|move|p1a: Iron Crown|Calm Mind|p1a: Iron Crown
|-boost|p1a: Iron Crown|spa|1
|-boost|p1a: Iron Crown|spd|1
|move|p2a: Ogerpon|Swords Dance|p2a: Ogerpon
|-boost|p2a: Ogerpon|atk|2
|
|upkeep
|turn|9
|
|t:|1781126128
|move|p1a: Iron Crown|Psychic Noise|p2a: Ogerpon
|-damage|p2a: Ogerpon|43/100
|-start|p2a: Ogerpon|move: Heal Block
|move|p2a: Ogerpon|Encore|p1a: Iron Crown
|-start|p1a: Iron Crown|Encore
|
|-sideend|p2: Miurez|move: Light Screen
|upkeep
|turn|10
|
|t:|1781126143
|-terastallize|p2a: Ogerpon|Water
|detailschange|p2a: Ogerpon|Ogerpon-Wellspring-Tera, F, tera:Water
|-ability|p2a: Ogerpon|Embody Aspect (Wellspring)|boost
|-boost|p2a: Ogerpon|spd|1
|move|p1a: Iron Crown|Psychic Noise|p2a: Ogerpon
|-damage|p2a: Ogerpon|4/100
|move|p2a: Ogerpon|Ivy Cudgel|p1a: Iron Crown|[anim] Ivy Cudgel Water
|-damage|p1a: Iron Crown|0 fnt
|faint|p1a: Iron Crown
|-end|p1a: Iron Crown|Quark Drive|[silent]
|
|-end|p2a: Ogerpon|move: Heal Block
|upkeep
|
|t:|1781126150
|switch|p1a: Iron Valiant|Iron Valiant|100/100
|-enditem|p1a: Iron Valiant|Booster Energy
|-activate|p1a: Iron Valiant|ability: Quark Drive|[fromitem]
|-start|p1a: Iron Valiant|quarkdrivespe
|turn|11
|
|t:|1781126155
|move|p1a: Iron Valiant|Moonblast|p2a: Ogerpon
|-damage|p2a: Ogerpon|0 fnt
|faint|p2a: Ogerpon
|detailschange|p2: Ogerpon|Ogerpon-Wellspring, F|[silent]
|
|upkeep
|
|t:|1781126170
|switch|p2a: Raging Bolt|Raging Bolt|100/100
|-damage|p2a: Raging Bolt|88/100|[from] Stealth Rock
|-enditem|p2a: Raging Bolt|Booster Energy
|-activate|p2a: Raging Bolt|ability: Protosynthesis|[fromitem]
|-start|p2a: Raging Bolt|protosynthesisspa
|turn|12
|
|t:|1781126176
|move|p1a: Iron Valiant|Moonblast|p2a: Raging Bolt
|-supereffective|p2a: Raging Bolt
|-damage|p2a: Raging Bolt|2/100
|move|p2a: Raging Bolt|Thunderbolt|p1a: Iron Valiant
|-damage|p1a: Iron Valiant|0 fnt
|faint|p1a: Iron Valiant
|-end|p1a: Iron Valiant|Quark Drive|[silent]
|
|upkeep
|
|t:|1781126182
|switch|p1a: Kommo-o|Kommo-o, M|100/100
|turn|13
|
|t:|1781126186
|move|p1a: Kommo-o|Drain Punch|p2a: Raging Bolt
|-damage|p2a: Raging Bolt|0 fnt
|faint|p2a: Raging Bolt
|-end|p2a: Raging Bolt|Protosynthesis|[silent]
|
|upkeep
|
|t:|1781126194
|switch|p2a: Hatterene|Hatterene, F|35/100
|-damage|p2a: Hatterene|22/100|[from] Stealth Rock
|turn|14
|
|t:|1781126197
|move|p1a: Kommo-o|Shadow Claw|p2a: Hatterene
|-supereffective|p2a: Hatterene
|-damage|p2a: Hatterene|0 fnt
|faint|p2a: Hatterene
|
|upkeep
|
|t:|1781126200
|switch|p2a: Gliscor|Gliscor, F|100/100
|-damage|p2a: Gliscor|88/100|[from] Stealth Rock
|turn|15
|
|t:|1781126208
|move|p1a: Kommo-o|Clangorous Soul|p1a: Kommo-o
|-boost|p1a: Kommo-o|atk|1
|-boost|p1a: Kommo-o|def|1
|-boost|p1a: Kommo-o|spa|1
|-boost|p1a: Kommo-o|spd|1
|-boost|p1a: Kommo-o|spe|1
|-damage|p1a: Kommo-o|68/100
|move|p2a: Gliscor|Swords Dance|p2a: Gliscor
|-boost|p2a: Gliscor|atk|2
|
|-heal|p1a: Kommo-o|74/100|[from] item: Leftovers
|-status|p2a: Gliscor|tox|[from] item: Toxic Orb
|upkeep
|turn|16
|
|t:|1781126221
|move|p1a: Kommo-o|Shadow Claw|p2a: Gliscor
|-damage|p2a: Gliscor|67/100 tox
|move|p2a: Gliscor|Earthquake|p1a: Kommo-o
|-damage|p1a: Kommo-o|23/100
|
|-heal|p1a: Kommo-o|29/100|[from] item: Leftovers
|-heal|p2a: Gliscor|79/100 tox|[from] ability: Poison Heal
|upkeep
|turn|17
|
|t:|1781126233
|move|p1a: Kommo-o|Shadow Claw|p2a: Gliscor
|-damage|p2a: Gliscor|59/100 tox
|move|p2a: Gliscor|Earthquake|p1a: Kommo-o
|-damage|p1a: Kommo-o|0 fnt
|faint|p1a: Kommo-o
|
|-heal|p2a: Gliscor|71/100 tox|[from] ability: Poison Heal
|upkeep
|
|t:|1781126237
|switch|p1a: Kingambit|Kingambit, F|100/100
|-activate|p1a: Kingambit|ability: Supreme Overlord
|-start|p1a: Kingambit|fallen5|[silent]
|turn|18
|
|t:|1781126241
|-terastallize|p1a: Kingambit|Ghost
|move|p2a: Gliscor|Earthquake|p1a: Kingambit
|-damage|p1a: Kingambit|20/100
|move|p1a: Kingambit|Iron Head|p2a: Gliscor
|-crit|p2a: Gliscor
|-damage|p2a: Gliscor|0 fnt
|faint|p2a: Gliscor
|
|win|blackgokuking
|raw|blackgokuking's rating: 1718 &rarr; <strong>1742</strong><br />(+24 for winning)
|raw|Miurez's rating: 1788 &rarr; <strong>1764</strong><br />(-24 for losing)
|l|☆blackgokuking
|player|p1|
|l| Palm X
|l|☆Miurez
|player|p2|
