|j|☆praveenkumart236
|j|☆FettyWap97
|t:|1781027846
|gametype|singles
|player|p1|praveenkumart236|169|1563
|player|p2|FettyWap97|blaine|1577
|gen|9
|tier|[Gen 9] OU
|rated|
|rule|HP Percentage Mod: HP is shown in percentages
|rule|Endless Battle Clause: Forcing endless battles is banned
|rule|Species Clause: Limit one of each Pokémon
|rule|OHKO Clause: OHKO moves are banned
|rule|Evasion Items Clause: Evasion items are banned
|rule|Evasion Moves Clause: Evasion moves are banned
|rule|Evasion Abilities Clause: Evasion abilities are banned
|rule|Sleep Moves Clause: Sleep-inducing moves are banned
|clearpoke
|poke|p1|Pincurchin, M|
|poke|p1|Pawmot, M|
|poke|p1|Iron Valiant|
|poke|p1|Raging Bolt|
|poke|p1|Iron Treads|
|poke|p1|Iron Moth|
|poke|p2|Pelipper, L99, F|
|poke|p2|Barraskewda, F|
|poke|p2|Raging Bolt|
|poke|p2|Golduck, M|
|poke|p2|Pawmot, F|
|poke|p2|Tentacruel, F|
|teampreview
|inactive|Battle timer is ON: inactive players will automatically lose when time's up. (requested by praveenkumart236)
|
|t:|1781027863
|teamsize|p1|6
|teamsize|p2|6
|start
|switch|p1a: Pincurchin|Pincurchin, M|100/100
|switch|p2a: Spaghetti Too|Tentacruel, F|100/100
|-fieldstart|move: Electric Terrain|[from] ability: Electric Surge|[of] p1a: Pincurchin
|turn|1
|
|t:|1781027882
|switch|p1a: Iron Valiant|Iron Valiant|100/100
|-activate|p1a: Iron Valiant|ability: Quark Drive
|-start|p1a: Iron Valiant|quarkdrivespe
|move|p2a: Spaghetti Too|Flip Turn|p1a: Iron Valiant
|-crit|p1a: Iron Valiant
|-damage|p1a: Iron Valiant|69/100
|
|t:|1781027893
|switch|p2a: Great Neck|Raging Bolt|100/100|[from] Flip Turn
|
|upkeep
|turn|2
|inactive|praveenkumart236 has 120 seconds left.
|
|t:|1781027927
|-end|p1a: Iron Valiant|Quark Drive|[silent]
|switch|p1a: Iron Treads|Iron Treads|100/100
|-activate|p1a: Iron Treads|ability: Quark Drive
|-start|p1a: Iron Treads|quarkdrivespe
|-end|p2a: Great Neck|Protosynthesis|[silent]
|switch|p2a: Spaghetti Too|Tentacruel, F|100/100
|
|upkeep
|turn|3
|inactive|praveenkumart236 has 120 seconds left.
|
|t:|1781027937
|move|p1a: Iron Treads|Earthquake|p2a: Spaghetti Too
|-supereffective|p2a: Spaghetti Too
|-damage|p2a: Spaghetti Too|2/100
|move|p2a: Spaghetti Too|Flip Turn|p1a: Iron Treads
|-supereffective|p1a: Iron Treads
|-damage|p1a: Iron Treads|75/100
|-enditem|p1a: Iron Treads|Eject Button
|inactive|praveenkumart236 has 120 seconds left.
|
|t:|1781027950
|-end|p1a: Iron Treads|Quark Drive|[silent]
|switch|p1a: Iron Valiant|Iron Valiant|69/100
|-activate|p1a: Iron Valiant|ability: Quark Drive
|-start|p1a: Iron Valiant|quarkdrivespe
|
|upkeep
|turn|4
|inactive|praveenkumart236 has 120 seconds left.
|
|t:|1781027978
|switch|p2a: Ghoti carrier|Pelipper, L99, F|100/100
|-weather|RainDance|[from] ability: Drizzle|[of] p2a: Ghoti carrier
|move|p1a: Iron Valiant|Ice Punch|p2a: Ghoti carrier
|-damage|p2a: Ghoti carrier|76/100
|-damage|p1a: Iron Valiant|59/100|[from] item: Life Orb
|
|-weather|RainDance|[upkeep]
|upkeep
|turn|5
|
|t:|1781027987
|switch|p2a: Spaghetti Too|Tentacruel, F|2/100
|move|p1a: Iron Valiant|Thunder Punch|p2a: Spaghetti Too
|-supereffective|p2a: Spaghetti Too
|-damage|p2a: Spaghetti Too|0 fnt
|faint|p2a: Spaghetti Too
|-damage|p1a: Iron Valiant|49/100|[from] item: Life Orb
|
|-weather|RainDance|[upkeep]
|upkeep
|
|t:|1781027991
|switch|p2a: ExSkewda Me|Barraskewda, F|100/100
|turn|6
|
|t:|1781027999
|-end|p1a: Iron Valiant|Quark Drive|[silent]
|switch|p1a: Raging Bolt|Raging Bolt|100/100
|-enditem|p1a: Raging Bolt|Electric Seed
|-boost|p1a: Raging Bolt|def|1|[from] item: Electric Seed
|move|p2a: ExSkewda Me|Flip Turn|p1a: Raging Bolt
|-resisted|p1a: Raging Bolt
|-damage|p1a: Raging Bolt|84/100
|
|t:|1781028007
|switch|p2a: Really want eject|Pawmot, F|100/100|[from] Flip Turn
|
|-weather|RainDance|[upkeep]
|upkeep
|turn|7
|
|t:|1781028017
|-terastallize|p2a: Really want eject|Fairy
|move|p2a: Really want eject|Close Combat|p1a: Raging Bolt
|-damage|p1a: Raging Bolt|59/100
|-unboost|p2a: Really want eject|def|1
|-unboost|p2a: Really want eject|spd|1
|move|p1a: Raging Bolt|Dragon Pulse|p2a: Really want eject
|-immune|p2a: Really want eject
|
|-weather|RainDance|[upkeep]
|upkeep
|turn|8
|inactive|praveenkumart236 has 120 seconds left.
|
|t:|1781028046
|switch|p2a: ExSkewda Me|Barraskewda, F|100/100
|-end|p1a: Raging Bolt|Protosynthesis|[silent]
|switch|p1a: Iron Moth|Iron Moth|100/100
|-item|p1a: Iron Moth|Air Balloon
|-activate|p1a: Iron Moth|ability: Quark Drive
|-start|p1a: Iron Moth|quarkdrivespa
|
|-weather|RainDance|[upkeep]
|-fieldend|move: Electric Terrain
|-end|p1a: Iron Moth|Quark Drive
|upkeep
|turn|9
|
|t:|1781028056
|-end|p1a: Iron Moth|Quark Drive|[silent]
|switch|p1a: Pincurchin|Pincurchin, M|100/100
|-fieldstart|move: Electric Terrain|[from] ability: Electric Surge|[of] p1a: Pincurchin
|move|p2a: ExSkewda Me|Flip Turn|p1a: Pincurchin
|-damage|p1a: Pincurchin|32/100
|
|t:|1781028063
|switch|p2a: Great Neck|Raging Bolt|100/100|[from] Flip Turn
|
|-weather|RainDance|[upkeep]
|upkeep
|turn|10
|
|t:|1781028070
|move|p2a: Great Neck|Weather Ball|p1a: Pincurchin
|-damage|p1a: Pincurchin|0 fnt
|faint|p1a: Pincurchin
|
|-weather|RainDance|[upkeep]
|upkeep
|inactive|praveenkumart236 has 120 seconds left.
|
|t:|1781028090
|switch|p1a: Iron Treads|Iron Treads|75/100
|-activate|p1a: Iron Treads|ability: Quark Drive
|-start|p1a: Iron Treads|quarkdrivespe
|turn|11
|inactive|praveenkumart236 has 120 seconds left.
|
|t:|1781028102
|move|p1a: Iron Treads|Earthquake|p2a: Great Neck
|-supereffective|p2a: Great Neck
|-damage|p2a: Great Neck|31/100
|move|p2a: Great Neck|Weather Ball|p1a: Iron Treads
|-supereffective|p1a: Iron Treads
|-damage|p1a: Iron Treads|0 fnt
|faint|p1a: Iron Treads
|-end|p1a: Iron Treads|Quark Drive|[silent]
|
|-weather|none
|-heal|p2a: Great Neck|37/100|[from] item: Leftovers
|upkeep
|
|t:|1781028122
|switch|p1a: Raging Bolt|Raging Bolt|59/100
|turn|12
|
|t:|1781028146
|-end|p2a: Great Neck|Protosynthesis|[silent]
|switch|p2a: Really want eject|Pawmot, F, tera:Fairy|100/100
|move|p1a: Raging Bolt|Dragon Pulse|p2a: Really want eject
|-immune|p2a: Really want eject
|
|upkeep
|turn|13
|
|t:|1781028152
|-end|p1a: Raging Bolt|Protosynthesis|[silent]
|switch|p1a: Iron Moth|Iron Moth|100/100
|-item|p1a: Iron Moth|Air Balloon
|-activate|p1a: Iron Moth|ability: Quark Drive
|-start|p1a: Iron Moth|quarkdrivespa
|move|p2a: Really want eject|Encore||[still]
|-fail|p2a: Really want eject
|
|upkeep
|turn|14
|
|t:|1781028164
|switch|p2a: Ghoti carrier|Pelipper, L99, F|76/100
|-weather|RainDance|[from] ability: Drizzle|[of] p2a: Ghoti carrier
|move|p1a: Iron Moth|Sludge Wave|p2a: Ghoti carrier
|-damage|p2a: Ghoti carrier|0 fnt
|faint|p2a: Ghoti carrier
|
|-weather|RainDance|[upkeep]
|upkeep
|
|t:|1781028167
|switch|p2a: ExSkewda Me|Barraskewda, F|100/100
|turn|15
|
|t:|1781028176
|-end|p1a: Iron Moth|Quark Drive|[silent]
|switch|p1a: Raging Bolt|Raging Bolt|59/100
|move|p2a: ExSkewda Me|Flip Turn|p1a: Raging Bolt
|-resisted|p1a: Raging Bolt
|-damage|p1a: Raging Bolt|35/100
|
|t:|1781028181
|switch|p2a: Really want eject|Pawmot, F, tera:Fairy|100/100|[from] Flip Turn
|
|-weather|RainDance|[upkeep]
|upkeep
|turn|16
|inactive|praveenkumart236 has 120 seconds left.
|
|t:|1781028191
|-end|p1a: Raging Bolt|Protosynthesis|[silent]
|switch|p1a: Pawmot|Pawmot, M|100/100
|move|p2a: Really want eject|Nuzzle|p1a: Pawmot
|-immune|p1a: Pawmot|[from] ability: Volt Absorb
|
|-weather|RainDance|[upkeep]
|-fieldend|move: Electric Terrain
|upkeep
|turn|17
|inactive|praveenkumart236 has 120 seconds left.
|
|t:|1781028198
|move|p1a: Pawmot|Nuzzle|p2a: Really want eject
|-immune|p2a: Really want eject|[from] ability: Volt Absorb
|move|p2a: Really want eject|Close Combat|p1a: Pawmot
|-damage|p1a: Pawmot|42/100
|-unboost|p2a: Really want eject|def|1
|-unboost|p2a: Really want eject|spd|1
|
|-weather|RainDance|[upkeep]
|upkeep
|turn|18
|
|t:|1781028210
|switch|p2a: ExSkewda Me|Barraskewda, F|100/100
|move|p1a: Pawmot|Revival Blessing|p1a: Pawmot
|-enditem|p1a: Pawmot|Leppa Berry|[eat]
|-activate|p1a: Pawmot|item: Leppa Berry|Revival Blessing|[consumed]
|
|t:|1781028220
|-heal|p1: Pincurchin|50/100|[from] move: Revival Blessing
|
|-weather|RainDance|[upkeep]
|upkeep
|turn|19
|
|t:|1781028225
|move|p1a: Pawmot|Mach Punch|p2a: ExSkewda Me
|-damage|p2a: ExSkewda Me|68/100
|move|p2a: ExSkewda Me|Liquidation|p1a: Pawmot
|-damage|p1a: Pawmot|0 fnt
|faint|p1a: Pawmot
|
|-weather|RainDance|[upkeep]
|upkeep
|
|t:|1781028231
|switch|p1a: Pincurchin|Pincurchin, M|50/100
|-fieldstart|move: Electric Terrain|[from] ability: Electric Surge|[of] p1a: Pincurchin
|turn|20
|j| Lowladderubersnoob
|
|t:|1781028244
|move|p1a: Pincurchin|Sucker Punch|p2a: ExSkewda Me
|-damage|p2a: ExSkewda Me|22/100
|move|p2a: ExSkewda Me|Flip Turn|p1a: Pincurchin
|-damage|p1a: Pincurchin|0 fnt
|faint|p1a: Pincurchin
|
|t:|1781028255
|switch|p2a: Seaking Duck|Golduck, M|100/100|[from] Flip Turn
|
|-weather|RainDance|[upkeep]
|upkeep
|
|t:|1781028266
|switch|p1a: Iron Valiant|Iron Valiant|49/100
|-activate|p1a: Iron Valiant|ability: Quark Drive
|-start|p1a: Iron Valiant|quarkdrivespe
|turn|21
|
|t:|1781028272
|move|p1a: Iron Valiant|Thunder Punch|p2a: Seaking Duck
|-supereffective|p2a: Seaking Duck
|-damage|p2a: Seaking Duck|0 fnt
|faint|p2a: Seaking Duck
|-damage|p1a: Iron Valiant|39/100|[from] item: Life Orb
|
|-weather|none
|upkeep
|
|t:|1781028277
|switch|p2a: Really want eject|Pawmot, F, tera:Fairy|100/100
|turn|22
|
|t:|1781028289
|-terastallize|p1a: Iron Valiant|Electric
|move|p1a: Iron Valiant|Swords Dance|p1a: Iron Valiant
|-boost|p1a: Iron Valiant|atk|2
|move|p2a: Really want eject|Nuzzle|p1a: Iron Valiant
|-resisted|p1a: Iron Valiant
|-damage|p1a: Iron Valiant|33/100
|
|upkeep
|turn|23
|
|t:|1781028298
|move|p1a: Iron Valiant|Close Combat|p2a: Really want eject
|-resisted|p2a: Really want eject
|-damage|p2a: Really want eject|0 fnt
|-unboost|p1a: Iron Valiant|def|1
|-unboost|p1a: Iron Valiant|spd|1
|faint|p2a: Really want eject
|-damage|p1a: Iron Valiant|23/100|[from] item: Life Orb
|
|upkeep
|
|t:|1781028302
|switch|p2a: Great Neck|Raging Bolt|37/100
|turn|24
|
|t:|1781028319
|move|p2a: Great Neck|Thunderclap|p1a: Iron Valiant
|-resisted|p1a: Iron Valiant
|-damage|p1a: Iron Valiant|0 fnt
|faint|p1a: Iron Valiant
|-end|p1a: Iron Valiant|Quark Drive|[silent]
|
|-heal|p2a: Great Neck|43/100|[from] item: Leftovers
|upkeep
|
|t:|1781028333
|switch|p1a: Iron Moth|Iron Moth|100/100
|-item|p1a: Iron Moth|Air Balloon
|-activate|p1a: Iron Moth|ability: Quark Drive
|-start|p1a: Iron Moth|quarkdrivespa
|turn|25
|
|t:|1781028340
|move|p1a: Iron Moth|Sludge Wave|p2a: Great Neck
|-damage|p2a: Great Neck|0 fnt
|faint|p2a: Great Neck
|-end|p2a: Great Neck|Protosynthesis|[silent]
|
|upkeep
|
|t:|1781028345
|switch|p2a: ExSkewda Me|Barraskewda, F|22/100
|turn|26
|
|t:|1781028350
|move|p2a: ExSkewda Me|Liquidation|p1a: Iron Moth
|-supereffective|p1a: Iron Moth
|-damage|p1a: Iron Moth|0 fnt
|-enditem|p1a: Iron Moth|Air Balloon
|faint|p1a: Iron Moth
|-end|p1a: Iron Moth|Quark Drive|[silent]
|
|upkeep
|
|t:|1781028353
|switch|p1a: Raging Bolt|Raging Bolt|35/100
|turn|27
|
|t:|1781028357
|move|p1a: Raging Bolt|Thunderclap|p2a: ExSkewda Me
|-supereffective|p2a: ExSkewda Me
|-damage|p2a: ExSkewda Me|0 fnt
|faint|p2a: ExSkewda Me
|
|win|praveenkumart236
|raw|praveenkumart236's rating: 1563 &rarr; <strong>1584</strong><br />(+21 for winning)
|raw|FettyWap97's rating: 1577 &rarr; <strong>1556</strong><br />(-21 for losing)
|l|☆FettyWap97
|player|p2|
|l| Lowladderubersnoob
|l|☆praveenkumart236
|player|p1|
