|j|☆cachowcapow
|j|☆icylikedecember
|t:|1781403983
|gametype|singles
|player|p1|cachowcapow|169|1755
|player|p2|icylikedecember|smasher|1793
|gen|9
|tier|[Gen 9] OU
|rated|
|rule|HP Percentage Mod: HP is shown in percentages
|rule|Endless Battle Clause: Forcing endless battles is banned
|rule|Species Clause: Limit one of each Pokémon
|rule|OHKO Clause: OHKO moves are banned
|rule|Evasion Items Clause: Evasion items are banned
|rule|Evasion Moves Clause: Evasion moves are banned
|rule|Evasion Abilities Clause: Evasion abilities are banned
|rule|Sleep Moves Clause: Sleep-inducing moves are banned
|clearpoke
|poke|p1|Primarina, M|
|poke|p1|Slither Wing|
|poke|p1|Slowking-Galar, F|
|poke|p1|Great Tusk|
|poke|p1|Meowscarada, F|
|poke|p1|Gardevoir, M|
|poke|p2|Corviknight, M|
|poke|p2|Slowking-Galar, M|
|poke|p2|Darkrai|
|poke|p2|Kyurem|
|poke|p2|Zamazenta-*|
|poke|p2|Crawdaunt, M|
|teampreview
|inactive|Battle timer is ON: inactive players will automatically lose when time's up. (requested by icylikedecember)
|
|t:|1781403998
|teamsize|p1|6
|teamsize|p2|6
|start
|switch|p1a: Gardevoir|Gardevoir, M, shiny|100/100
|switch|p2a: Kyurem|Kyurem|100/100
|-ability|p2a: Kyurem|Pressure
|-ability|p1a: Gardevoir|Pressure|Trace|[from] ability: Trace|[of] p2a: Kyurem
|-ability|p1a: Gardevoir|Pressure
|turn|1
|
|t:|1781404007
|switch|p2a: Slowking|Slowking-Galar, M, shiny|100/100
|move|p1a: Gardevoir|Shadow Ball|p2a: Slowking
|-supereffective|p2a: Slowking
|-damage|p2a: Slowking|60/100
|
|upkeep
|turn|2
|
|t:|1781404015
|switch|p1a: Slowking|Slowking-Galar, F|100/100
|move|p2a: Slowking|Sludge Bomb|p1a: Slowking
|-resisted|p1a: Slowking
|-damage|p1a: Slowking|89/100
|
|upkeep
|turn|3
|
|t:|1781404020
|move|p2a: Slowking|Psyshock|p1a: Slowking
|-damage|p1a: Slowking|48/100
|move|p1a: Slowking|Thunder Wave|p2a: Slowking
|-status|p2a: Slowking|par
|
|upkeep
|turn|4
|
|t:|1781404026
|-prepare|p1a: Slowking|Chilly Reception|[premajor]
|move|p1a: Slowking|Chilly Reception|p1a: Slowking
|-weather|Snowscape
|
|t:|1781404028
|switch|p1a: Meowscarada|Meowscarada, F|100/100|[from] Chilly Reception
|move|p2a: Slowking|Ice Beam|p1a: Meowscarada
|-supereffective|p1a: Meowscarada
|-damage|p1a: Meowscarada|17/100
|-status|p1a: Meowscarada|frz
|
|-weather|Snowscape|[upkeep]
|upkeep
|turn|5
|
|t:|1781404037
|switch|p2a: Corviknight|Corviknight, M, shiny|100/100
|-ability|p2a: Corviknight|Pressure
|cant|p1a: Meowscarada|frz
|
|-weather|Snowscape|[upkeep]
|upkeep
|turn|6
|
|t:|1781404040
|switch|p1a: Primarina|Primarina, M, shiny|100/100
|move|p2a: Corviknight|U-turn|p1a: Primarina
|-resisted|p1a: Primarina
|-damage|p1a: Primarina|94/100
|
|t:|1781404043
|switch|p2a: Slowking|Slowking-Galar, M, shiny|94/100 par|[from] U-turn
|
|-weather|Snowscape|[upkeep]
|-heal|p1a: Primarina|100/100|[from] item: Leftovers
|upkeep
|turn|7
|
|t:|1781404050
|switch|p1a: Slowking|Slowking-Galar, F|81/100
|cant|p2a: Slowking|par
|
|-weather|Snowscape|[upkeep]
|upkeep
|turn|8
|
|t:|1781404053
|switch|p2a: Crawdaunt|Crawdaunt, M|100/100
|move|p1a: Slowking|Future Sight|p2a: Crawdaunt
|-start|p1a: Slowking|move: Future Sight
|
|-weather|none
|upkeep
|turn|9
|
|t:|1781404061
|switch|p1a: Slither Wing|Slither Wing|100/100
|move|p2a: Crawdaunt|Crabhammer|p1a: Slither Wing
|-crit|p1a: Slither Wing
|-damage|p1a: Slither Wing|0 fnt
|-damage|p2a: Crawdaunt|84/100|[from] item: Rocky Helmet|[of] p1a: Slither Wing
|faint|p1a: Slither Wing
|-end|p1a: Slither Wing|Protosynthesis|[silent]
|
|upkeep
|
|t:|1781404067
|switch|p1a: Gardevoir|Gardevoir, M, shiny|100/100
|-ability|p1a: Gardevoir|Adaptability|Trace|[from] ability: Trace|[of] p2a: Crawdaunt
|turn|10
|
|t:|1781404072
|switch|p2a: Slowking|Slowking-Galar, M, shiny|100/100 par
|move|p1a: Gardevoir|Psyshock|p2a: Slowking
|-damage|p2a: Slowking|9/100 par
|
|-end|p2a: Slowking|move: Future Sight
|-damage|p2a: Slowking|0 fnt
|faint|p2a: Slowking
|upkeep
|
|t:|1781404080
|switch|p2a: Crawdaunt|Crawdaunt, M|84/100
|turn|11
|
|t:|1781404084
|switch|p1a: Primarina|Primarina, M, shiny|100/100
|move|p2a: Crawdaunt|Crabhammer|p1a: Primarina
|-resisted|p1a: Primarina
|-damage|p1a: Primarina|48/100
|
|-heal|p1a: Primarina|54/100|[from] item: Leftovers
|upkeep
|turn|12
|
|t:|1781404092
|-terastallize|p2a: Crawdaunt|Water
|move|p2a: Crawdaunt|Crabhammer|p1a: Primarina
|-resisted|p1a: Primarina
|-damage|p1a: Primarina|0 fnt
|faint|p1a: Primarina
|
|upkeep
|
|t:|1781404096
|switch|p1a: Gardevoir|Gardevoir, M, shiny|100/100
|-ability|p1a: Gardevoir|Adaptability|Trace|[from] ability: Trace|[of] p2a: Crawdaunt
|turn|13
|j| Partynparadise
|
|t:|1781404107
|switch|p2a: Corviknight|Corviknight, M, shiny|100/100
|-ability|p2a: Corviknight|Pressure
|-terastallize|p1a: Gardevoir|Fairy
|move|p1a: Gardevoir|Moonblast|p2a: Corviknight
|-resisted|p2a: Corviknight
|-damage|p2a: Corviknight|46/100
|
|upkeep
|turn|14
|
|t:|1781404117
|move|p1a: Gardevoir|Moonblast|p2a: Corviknight
|-resisted|p2a: Corviknight
|-damage|p2a: Corviknight|0 fnt
|faint|p2a: Corviknight
|
|upkeep
|
|t:|1781404127
|switch|p2a: Kyurem|Kyurem|100/100
|-ability|p2a: Kyurem|Pressure
|turn|15
|
|t:|1781404130
|switch|p1a: Slowking|Slowking-Galar, F|100/100
|move|p2a: Kyurem|Ice Beam|p1a: Slowking
|-damage|p1a: Slowking|61/100
|
|upkeep
|turn|16
|
|t:|1781404134
|move|p2a: Kyurem|Ice Beam|p1a: Slowking
|-crit|p1a: Slowking
|-damage|p1a: Slowking|3/100
|move|p1a: Slowking|Thunder Wave|p2a: Kyurem
|-status|p2a: Kyurem|par
|
|upkeep
|turn|17
|
|t:|1781404138
|switch|p1a: Meowscarada|Meowscarada, F|17/100 frz
|move|p2a: Kyurem|Ice Beam|p1a: Meowscarada
|-supereffective|p1a: Meowscarada
|-damage|p1a: Meowscarada|0 fnt
|faint|p1a: Meowscarada
|
|upkeep
|
|t:|1781404140
|switch|p1a: Gardevoir|Gardevoir, M, shiny, tera:Fairy|100/100
|-ability|p1a: Gardevoir|Pressure|Trace|[from] ability: Trace|[of] p2a: Kyurem
|-ability|p1a: Gardevoir|Pressure
|turn|18
|
|t:|1781404150
|switch|p2a: Zamazenta|Zamazenta|100/100
|-ability|p2a: Zamazenta|Dauntless Shield|boost
|-boost|p2a: Zamazenta|def|1
|move|p1a: Gardevoir|Moonblast|p2a: Zamazenta
|-supereffective|p2a: Zamazenta
|-damage|p2a: Zamazenta|0 fnt
|faint|p2a: Zamazenta
|
|upkeep
|
|t:|1781404157
|switch|p2a: Darkrai|Darkrai|100/100
|turn|19
|
|t:|1781404164
|switch|p1a: Great Tusk|Great Tusk|100/100
|move|p2a: Darkrai|Sludge Bomb|p1a: Great Tusk
|-resisted|p1a: Great Tusk
|-damage|p1a: Great Tusk|77/100
|
|upkeep
|turn|20
|
|t:|1781404178
|switch|p2a: Kyurem|Kyurem|100/100 par
|-ability|p2a: Kyurem|Pressure
|move|p1a: Great Tusk|Rapid Spin|p2a: Kyurem
|-damage|p2a: Kyurem|84/100 par
|-boost|p1a: Great Tusk|spe|1
|
|upkeep
|turn|21
|
|t:|1781404184
|move|p1a: Great Tusk|Close Combat|p2a: Kyurem
|-supereffective|p2a: Kyurem
|-damage|p2a: Kyurem|0 fnt
|-unboost|p1a: Great Tusk|def|1
|-unboost|p1a: Great Tusk|spd|1
|faint|p2a: Kyurem
|
|upkeep
|
|t:|1781404188
|switch|p2a: Crawdaunt|Crawdaunt, M, tera:Water|84/100
|turn|22
|
|t:|1781404192
|-end|p1a: Great Tusk|Protosynthesis|[silent]
|switch|p1a: Slowking|Slowking-Galar, F|37/100
|move|p2a: Crawdaunt|Aqua Jet|p1a: Slowking
|-damage|p1a: Slowking|0 fnt
|faint|p1a: Slowking
|
|upkeep
|
|t:|1781404197
|switch|p1a: Gardevoir|Gardevoir, M, shiny, tera:Fairy|100/100
|-ability|p1a: Gardevoir|Adaptability|Trace|[from] ability: Trace|[of] p2a: Crawdaunt
|turn|23
|
|t:|1781404203
|move|p2a: Crawdaunt|Aqua Jet|p1a: Gardevoir
|-damage|p1a: Gardevoir|23/100
|move|p1a: Gardevoir|Moonblast|p2a: Crawdaunt
|-damage|p2a: Crawdaunt|0 fnt
|faint|p2a: Crawdaunt
|
|upkeep
|
|t:|1781404208
|switch|p2a: Darkrai|Darkrai|100/100
|turn|24
|
|t:|1781404212
|move|p2a: Darkrai|Sludge Bomb|p1a: Gardevoir
|-supereffective|p1a: Gardevoir
|-damage|p1a: Gardevoir|0 fnt
|faint|p1a: Gardevoir
|
|upkeep
|
|t:|1781404213
|switch|p1a: Great Tusk|Great Tusk|77/100
|turn|25
|
|t:|1781404215
|move|p2a: Darkrai|Ice Beam|p1a: Great Tusk
|-supereffective|p1a: Great Tusk
|-damage|p1a: Great Tusk|0 fnt
|faint|p1a: Great Tusk
|-end|p1a: Great Tusk|Protosynthesis|[silent]
|
|win|icylikedecember
|raw|cachowcapow's rating: 1776 &rarr; <strong>1757</strong><br />(-19 for losing)
|raw|icylikedecember's rating: 1793 &rarr; <strong>1812</strong><br />(+19 for winning)
|l|☆cachowcapow
|player|p1|
|l|☆icylikedecember
|player|p2|
