|j|☆ihymyly
|j|☆thelarpinglarper
|t:|1781507714
|gametype|singles
|player|p1|ihymyly|1|1597
|player|p2|thelarpinglarper|sordward|1814
|gen|9
|tier|[Gen 9] OU
|rated|
|rule|HP Percentage Mod: HP is shown in percentages
|rule|Endless Battle Clause: Forcing endless battles is banned
|rule|Species Clause: Limit one of each Pokémon
|rule|OHKO Clause: OHKO moves are banned
|rule|Evasion Items Clause: Evasion items are banned
|rule|Evasion Moves Clause: Evasion moves are banned
|rule|Evasion Abilities Clause: Evasion abilities are banned
|rule|Sleep Moves Clause: Sleep-inducing moves are banned
|clearpoke
|poke|p1|Pelipper, F|
|poke|p1|Kingdra, M|
|poke|p1|Weavile, M|
|poke|p1|Raging Bolt|
|poke|p1|Iron Treads|
|poke|p1|Barraskewda, F|
|poke|p2|Samurott-Hisui, F|
|poke|p2|Iron Treads|
|poke|p2|Iron Valiant|
|poke|p2|Rotom-Wash|
|poke|p2|Iron Moth|
|poke|p2|Pecharunt|
|teampreview
|inactive|Battle timer is ON: inactive players will automatically lose when time's up. (requested by thelarpinglarper)
|
|t:|1781507734
|teamsize|p1|6
|teamsize|p2|6
|start
|switch|p1a: Barraskewda|Barraskewda, F|100/100
|switch|p2a: Samurott|Samurott-Hisui, F|100/100
|turn|1
|j| Easontom
|
|t:|1781507762
|-terastallize|p2a: Samurott|Dark
|move|p2a: Samurott|Sucker Punch|p1a: Barraskewda
|-damage|p1a: Barraskewda|0 fnt
|faint|p1a: Barraskewda
|
|upkeep
|inactive|ihymyly has 120 seconds left.
|
|t:|1781507772
|switch|p1a: Beakblaster 3000|Pelipper, F|100/100
|-weather|RainDance|[from] ability: Drizzle|[of] p1a: Beakblaster 3000
|turn|2
|
|t:|1781507786
|move|p2a: Samurott|Sucker Punch|p1a: Beakblaster 3000
|-damage|p1a: Beakblaster 3000|47/100
|move|p1a: Beakblaster 3000|Surf|p2a: Samurott
|-damage|p2a: Samurott|35/100
|
|-weather|RainDance|[upkeep]
|upkeep
|turn|3
|
|t:|1781507798
|switch|p2a: Iron Treads|Iron Treads|100/100
|switch|p1a: Iron Treads|Iron Treads|100/100
|
|-weather|RainDance|[upkeep]
|upkeep
|turn|4
|
|t:|1781507813
|-end|p2a: Iron Treads|Quark Drive|[silent]
|switch|p2a: Rotom|Rotom-Wash|100/100
|move|p1a: Iron Treads|Earthquake|p2a: Rotom
|-immune|p2a: Rotom|[from] ability: Levitate
|
|-weather|RainDance|[upkeep]
|upkeep
|turn|5
|
|t:|1781507819
|move|p1a: Iron Treads|Stealth Rock|p2a: Rotom
|-sidestart|p2: thelarpinglarper|move: Stealth Rock
|move|p2a: Rotom|Volt Switch|p1a: Iron Treads
|-immune|p1a: Iron Treads
|
|-weather|RainDance|[upkeep]
|upkeep
|turn|6
|
|t:|1781507823
|move|p1a: Iron Treads|Knock Off|p2a: Rotom
|-damage|p2a: Rotom|82/100
|-enditem|p2a: Rotom|Terrain Extender|[from] move: Knock Off|[of] p1a: Iron Treads
|move|p2a: Rotom|Volt Switch|p1a: Iron Treads
|-immune|p1a: Iron Treads
|
|-weather|RainDance|[upkeep]
|upkeep
|turn|7
|
|t:|1781507826
|-end|p1a: Iron Treads|Quark Drive|[silent]
|switch|p1a: thats a stretch|Raging Bolt|100/100
|-enditem|p1a: thats a stretch|Booster Energy
|-activate|p1a: thats a stretch|ability: Protosynthesis|[fromitem]
|-start|p1a: thats a stretch|protosynthesisspa
|move|p2a: Rotom|Volt Switch|p1a: thats a stretch
|-resisted|p1a: thats a stretch
|-damage|p1a: thats a stretch|95/100
|
|t:|1781507842
|switch|p2a: Iron Valiant|Iron Valiant|100/100|[from] Volt Switch
|-damage|p2a: Iron Valiant|94/100|[from] Stealth Rock
|
|-weather|RainDance|[upkeep]
|upkeep
|turn|8
|l|☆thelarpinglarper
|inactive|thelarpinglarper disconnected and has a minute to reconnect!
|player|p2|
|inactive|thelarpinglarper has 30 seconds to reconnect!
|inactive|thelarpinglarper has 20 seconds to reconnect!
|inactive|thelarpinglarper has 15 seconds to reconnect!
|j|☆thelarpinglarper
|inactive|thelarpinglarper reconnected and has 105 seconds left.
|player|p2|thelarpinglarper|sordward|
|
|t:|1781507891
|-terastallize|p1a: thats a stretch|Fairy
|move|p2a: Iron Valiant|Destiny Bond|p2a: Iron Valiant
|-singlemove|p2a: Iron Valiant|Destiny Bond
|move|p1a: thats a stretch|Thunder|p2a: Iron Valiant
|-damage|p2a: Iron Valiant|0 fnt
|faint|p2a: Iron Valiant
|-activate|p2a: Iron Valiant|move: Destiny Bond
|-end|p2a: Iron Valiant|Quark Drive|[silent]
|faint|p1a: thats a stretch
|-end|p1a: thats a stretch|Protosynthesis|[silent]
|
|-weather|RainDance|[upkeep]
|upkeep
|inactive|thelarpinglarper has 90 seconds left.
|n|☆thelarpinglarper|thelarpinglarper
|inactive|thelarpinglarper has 60 seconds left.
|
|t:|1781507951
|switch|p2a: Samurott|Samurott-Hisui, F, tera:Dark|35/100
|switch|p1a: Vincent Von Vain|Kingdra, M|100/100
|-damage|p2a: Samurott|23/100|[from] Stealth Rock
|turn|9
|inactive|thelarpinglarper has 60 seconds left.
|
|t:|1781507961
|switch|p1a: Nails|Weavile, M|100/100
|-ability|p1a: Nails|Pressure
|move|p2a: Samurott|Sucker Punch||[still]
|-fail|p2a: Samurott
|
|-weather|none
|upkeep
|turn|10
|inactive|thelarpinglarper has 60 seconds left.
|
|t:|1781507967
|switch|p2a: Rotom|Rotom-Wash|82/100
|-damage|p2a: Rotom|70/100|[from] Stealth Rock
|move|p1a: Nails|Swords Dance|p1a: Nails
|-boost|p1a: Nails|atk|2
|
|upkeep
|turn|11
|inactive|thelarpinglarper has 60 seconds left.
|
|t:|1781508006
|move|p1a: Nails|Knock Off|p2a: Rotom
|-damage|p2a: Rotom|15/100
|move|p2a: Rotom|Pain Split|p1a: Nails
|-sethp|p1a: Nails|58/100|[from] move: Pain Split|[silent]
|-sethp|p2a: Rotom|54/100|[from] move: Pain Split
|
|upkeep
|turn|12
|
|t:|1781508019
|move|p1a: Nails|Knock Off|p2a: Rotom
|-damage|p2a: Rotom|5/100
|move|p2a: Rotom|Hydro Pump|p1a: Nails
|-damage|p1a: Nails|6/100
|
|upkeep
|turn|13
|
|t:|1781508025
|move|p1a: Nails|Knock Off|p2a: Rotom
|-damage|p2a: Rotom|0 fnt
|faint|p2a: Rotom
|
|upkeep
|
|t:|1781508027
|switch|p2a: Iron Treads|Iron Treads|100/100
|turn|14
|
|t:|1781508032
|move|p1a: Nails|Triple Axel|p2a: Iron Treads
|-damage|p2a: Iron Treads|86/100
|-damage|p2a: Iron Treads|58/100
|-damage|p2a: Iron Treads|14/100
|-hitcount|p2a: Iron Treads|3
|move|p2a: Iron Treads|Rapid Spin|p1a: Nails
|-damage|p1a: Nails|0 fnt
|-boost|p2a: Iron Treads|spe|1
|-sideend|p2: thelarpinglarper|Stealth Rock|[from] move: Rapid Spin|[of] p2a: Iron Treads
|faint|p1a: Nails
|
|upkeep
|
|t:|1781508039
|switch|p1a: Beakblaster 3000|Pelipper, F|47/100
|-weather|RainDance|[from] ability: Drizzle|[of] p1a: Beakblaster 3000
|turn|15
|
|t:|1781508043
|move|p2a: Iron Treads|Stealth Rock|p1a: Beakblaster 3000
|-sidestart|p1: ihymyly|move: Stealth Rock
|move|p1a: Beakblaster 3000|U-turn|p2a: Iron Treads
|-resisted|p2a: Iron Treads
|-damage|p2a: Iron Treads|11/100
|
|t:|1781508047
|switch|p1a: Vincent Von Vain|Kingdra, M|100/100|[from] U-turn
|-damage|p1a: Vincent Von Vain|88/100|[from] Stealth Rock
|
|-weather|RainDance|[upkeep]
|upkeep
|turn|16
|inactive|thelarpinglarper has 60 seconds left.
|
|t:|1781508090
|-end|p2a: Iron Treads|Quark Drive|[silent]
|switch|p2a: Iron Moth|Iron Moth|100/100
|move|p1a: Vincent Von Vain|Flip Turn|p2a: Iron Moth
|-supereffective|p2a: Iron Moth
|-damage|p2a: Iron Moth|16/100
|
|t:|1781508097
|switch|p1a: Iron Treads|Iron Treads|100/100|[from] Flip Turn
|-damage|p1a: Iron Treads|97/100|[from] Stealth Rock
|
|-weather|RainDance|[upkeep]
|-heal|p1a: Iron Treads|100/100|[from] item: Leftovers
|upkeep
|turn|17
|inactive|thelarpinglarper has 30 seconds left.
|
|t:|1781508128
|move|p2a: Iron Moth|Overheat|p1a: Iron Treads
|-supereffective|p1a: Iron Treads
|-damage|p1a: Iron Treads|0 fnt
|-unboost|p2a: Iron Moth|spa|2
|faint|p1a: Iron Treads
|-end|p1a: Iron Treads|Quark Drive|[silent]
|
|-weather|RainDance|[upkeep]
|upkeep
|
|t:|1781508149
|switch|p1a: Vincent Von Vain|Kingdra, M|88/100
|-damage|p1a: Vincent Von Vain|76/100|[from] Stealth Rock
|turn|18
|
|t:|1781508159
|-end|p2a: Iron Moth|Quark Drive|[silent]
|switch|p2a: Iron Treads|Iron Treads|11/100
|move|p1a: Vincent Von Vain|Weather Ball|p2a: Iron Treads
|-supereffective|p2a: Iron Treads
|-damage|p2a: Iron Treads|0 fnt
|faint|p2a: Iron Treads
|-end|p2a: Iron Treads|Quark Drive|[silent]
|
|-weather|RainDance|[upkeep]
|upkeep
|
|t:|1781508166
|switch|p2a: Samurott|Samurott-Hisui, F, tera:Dark|23/100
|turn|19
|
|t:|1781508177
|move|p2a: Samurott|Sucker Punch|p1a: Vincent Von Vain
|-damage|p1a: Vincent Von Vain|0 fnt
|faint|p1a: Vincent Von Vain
|
|-weather|RainDance|[upkeep]
|upkeep
|-message|ihymyly forfeited.
|
|win|thelarpinglarper
|raw|ihymyly's rating: 1618 &rarr; <strong>1608</strong><br />(-10 for losing)
|raw|thelarpinglarper's rating: 1814 &rarr; <strong>1824</strong><br />(+10 for winning)
|l|☆ihymyly
|player|p1|
|c|☆thelarpinglarper|genuinely almost lost 50 elo
|c|☆thelarpinglarper|#nevergiveup
