|j|☆KurisuChestnutLab
|j|☆alakazam darnold
|t:|1781146105
|gametype|singles
|player|p1|KurisuChestnutLab|may-contest|1542
|player|p2|alakazam darnold|boarder|1485
|gen|9
|tier|[Gen 9] OU
|rated|
|rule|HP Percentage Mod: HP is shown in percentages
|rule|Endless Battle Clause: Forcing endless battles is banned
|rule|Species Clause: Limit one of each Pokémon
|rule|OHKO Clause: OHKO moves are banned
|rule|Evasion Items Clause: Evasion items are banned
|rule|Evasion Moves Clause: Evasion moves are banned
|rule|Evasion Abilities Clause: Evasion abilities are banned
|rule|Sleep Moves Clause: Sleep-inducing moves are banned
|clearpoke
|poke|p1|Primarina, M|
|poke|p1|Hippowdon, F|
|poke|p1|Skarmory, F|
|poke|p1|Zapdos|
|poke|p1|Dragonite, M|
|poke|p1|Slowking, M|
|poke|p2|Ogerpon-Cornerstone, F|
|poke|p2|Corviknight, F|
|poke|p2|Ting-Lu|
|poke|p2|Slowking-Galar, M|
|poke|p2|Raging Bolt|
|poke|p2|Iron Valiant|
|teampreview
|inactive|Battle timer is ON: inactive players will automatically lose when time's up. (requested by KurisuChestnutLab)
|inactive|alakazam darnold has 120 seconds left.
|
|t:|1781146143
|teamsize|p1|6
|teamsize|p2|6
|start
|switch|p1a: Primarina|Primarina, M|100/100
|switch|p2a: Ogerpon|Ogerpon-Cornerstone, F|100/100
|turn|1
|
|t:|1781146150
|switch|p1a: Skarmory|Skarmory, F|100/100
|-terastallize|p2a: Ogerpon|Rock
|detailschange|p2a: Ogerpon|Ogerpon-Cornerstone-Tera, F, tera:Rock
|-ability|p2a: Ogerpon|Embody Aspect (Cornerstone)|boost
|-boost|p2a: Ogerpon|def|1
|move|p2a: Ogerpon|Ivy Cudgel|p1a: Skarmory|[anim] Ivy Cudgel Rock
|-damage|p1a: Skarmory|54/100
|
|-heal|p1a: Skarmory|60/100|[from] item: Leftovers
|upkeep
|turn|2
|inactive|alakazam darnold has 120 seconds left.
|
|t:|1781146197
|switch|p2a: Slowking|Slowking-Galar, M|100/100
|switch|p1a: Hippowdon|Hippowdon, F|100/100
|-weather|Sandstorm|[from] ability: Sand Stream|[of] p1a: Hippowdon
|
|-weather|Sandstorm|[upkeep]
|-damage|p2a: Slowking|94/100|[from] Sandstorm
|-heal|p2a: Slowking|100/100|[from] item: Black Sludge
|upkeep
|turn|3
|
|t:|1781146202
|move|p1a: Hippowdon|Stealth Rock|p2a: Slowking
|-sidestart|p2: alakazam darnold|move: Stealth Rock
|move|p2a: Slowking|Future Sight|p1a: Hippowdon
|-start|p2a: Slowking|move: Future Sight
|
|-weather|Sandstorm|[upkeep]
|-damage|p2a: Slowking|94/100|[from] Sandstorm
|-heal|p2a: Slowking|100/100|[from] item: Black Sludge
|upkeep
|turn|4
|
|t:|1781146206
|move|p1a: Hippowdon|Earthquake|p2a: Slowking
|-supereffective|p2a: Slowking
|-damage|p2a: Slowking|46/100
|-prepare|p2a: Slowking|Chilly Reception|[premajor]
|move|p2a: Slowking|Chilly Reception|p2a: Slowking
|-weather|Snowscape
|inactive|alakazam darnold has 120 seconds left.
|
|t:|1781146236
|switch|p2a: Corviknight|Corviknight, F|100/100|[from] Chilly Reception
|-damage|p2a: Corviknight|88/100|[from] Stealth Rock
|-ability|p2a: Corviknight|Pressure
|
|-weather|Snowscape|[upkeep]
|upkeep
|turn|5
|
|t:|1781146242
|switch|p1a: Slowking|Slowking, M|100/100
|move|p2a: Corviknight|Defog|p1a: Slowking
|-unboost|p1a: Slowking|evasion|1
|-sideend|p2: alakazam darnold|Stealth Rock|[from] move: Defog|[of] p2a: Corviknight
|
|-weather|Snowscape|[upkeep]
|-end|p1a: Slowking|move: Future Sight
|-resisted|p1a: Slowking
|-damage|p1a: Slowking|88/100
|upkeep
|turn|6
|
|t:|1781146249
|switch|p1a: Hippowdon|Hippowdon, F|100/100
|-weather|Sandstorm|[from] ability: Sand Stream|[of] p1a: Hippowdon
|move|p2a: Corviknight|U-turn|p1a: Hippowdon
|-damage|p1a: Hippowdon|93/100
|
|t:|1781146265
|switch|p2a: Ogerpon|Ogerpon-Cornerstone-Tera, F, tera:Rock|100/100|[from] U-turn
|-ability|p2a: Ogerpon|Embody Aspect (Cornerstone)|boost
|-boost|p2a: Ogerpon|def|1
|
|-weather|Sandstorm|[upkeep]
|-heal|p1a: Hippowdon|99/100|[from] item: Leftovers
|upkeep
|turn|7
|
|t:|1781146271
|move|p2a: Ogerpon|Swords Dance|p2a: Ogerpon
|-boost|p2a: Ogerpon|atk|2
|move|p1a: Hippowdon|Stealth Rock|p2a: Ogerpon
|-sidestart|p2: alakazam darnold|move: Stealth Rock
|
|-weather|Sandstorm|[upkeep]
|-heal|p1a: Hippowdon|100/100|[from] item: Leftovers
|upkeep
|turn|8
|
|t:|1781146281
|move|p2a: Ogerpon|Horn Leech|p1a: Hippowdon
|-supereffective|p1a: Hippowdon
|-damage|p1a: Hippowdon|4/100
|move|p1a: Hippowdon|Whirlwind|p2a: Ogerpon
|drag|p2a: Slowking|Slowking-Galar, M|79/100
|-damage|p2a: Slowking|66/100|[from] Stealth Rock
|
|-weather|Sandstorm|[upkeep]
|-damage|p2a: Slowking|60/100|[from] Sandstorm
|-heal|p1a: Hippowdon|10/100|[from] item: Leftovers
|-heal|p2a: Slowking|66/100|[from] item: Black Sludge
|upkeep
|turn|9
|inactive|alakazam darnold has 120 seconds left.
|
|t:|1781146291
|move|p1a: Hippowdon|Slack Off|p1a: Hippowdon
|-heal|p1a: Hippowdon|60/100
|move|p2a: Slowking|Sludge Bomb|p1a: Hippowdon
|-resisted|p1a: Hippowdon
|-damage|p1a: Hippowdon|44/100
|
|-weather|Sandstorm|[upkeep]
|-damage|p2a: Slowking|60/100|[from] Sandstorm
|-heal|p1a: Hippowdon|50/100|[from] item: Leftovers
|-heal|p2a: Slowking|66/100|[from] item: Black Sludge
|upkeep
|turn|10
|inactive|alakazam darnold has 120 seconds left.
|
|t:|1781146302
|move|p1a: Hippowdon|Slack Off|p1a: Hippowdon
|-heal|p1a: Hippowdon|99/100
|move|p2a: Slowking|Trick|p1a: Hippowdon
|-activate|p2a: Slowking|move: Trick|[of] p1a: Hippowdon
|-item|p1a: Hippowdon|Black Sludge|[from] move: Trick
|-item|p2a: Slowking|Leftovers|[from] move: Trick
|
|-weather|none
|-damage|p1a: Hippowdon|88/100|[from] item: Black Sludge
|-heal|p2a: Slowking|73/100|[from] item: Leftovers
|upkeep
|turn|11
|
|t:|1781146307
|switch|p1a: Dragonite|Dragonite, M|100/100
|move|p2a: Slowking|Future Sight|p1a: Dragonite
|-start|p2a: Slowking|move: Future Sight
|
|-heal|p2a: Slowking|79/100|[from] item: Leftovers
|upkeep
|turn|12
|
|t:|1781146314
|switch|p1a: Skarmory|Skarmory, F|60/100
|-prepare|p2a: Slowking|Chilly Reception|[premajor]
|move|p2a: Slowking|Chilly Reception|p2a: Slowking
|-weather|Snowscape
|
|t:|1781146325
|switch|p2a: Corviknight|Corviknight, F|88/100|[from] Chilly Reception
|-damage|p2a: Corviknight|76/100|[from] Stealth Rock
|-ability|p2a: Corviknight|Pressure
|
|-weather|Snowscape|[upkeep]
|-heal|p1a: Skarmory|66/100|[from] item: Leftovers
|upkeep
|turn|13
|
|t:|1781146331
|move|p1a: Skarmory|Roost|p1a: Skarmory
|-heal|p1a: Skarmory|100/100
|-singleturn|p1a: Skarmory|move: Roost
|move|p2a: Corviknight|Defog|p1a: Skarmory
|-unboost|p1a: Skarmory|evasion|1
|-sideend|p2: alakazam darnold|Stealth Rock|[from] move: Defog|[of] p2a: Corviknight
|
|-weather|Snowscape|[upkeep]
|-end|p1a: Skarmory|move: Future Sight
|-resisted|p1a: Skarmory
|-damage|p1a: Skarmory|69/100
|-heal|p1a: Skarmory|75/100|[from] item: Leftovers
|upkeep
|turn|14
|
|t:|1781146344
|switch|p2a: Raging Bolt|Raging Bolt|100/100
|move|p1a: Skarmory|Roost|p1a: Skarmory
|-heal|p1a: Skarmory|100/100
|-singleturn|p1a: Skarmory|move: Roost
|
|-weather|Snowscape|[upkeep]
|upkeep
|turn|15
|
|t:|1781146350
|switch|p1a: Hippowdon|Hippowdon, F|88/100
|-weather|Sandstorm|[from] ability: Sand Stream|[of] p1a: Hippowdon
|move|p2a: Raging Bolt|Draco Meteor|p1a: Hippowdon
|-damage|p1a: Hippowdon|0 fnt
|-unboost|p2a: Raging Bolt|spa|2
|faint|p1a: Hippowdon
|
|-weather|Sandstorm|[upkeep]
|-damage|p2a: Raging Bolt|94/100|[from] Sandstorm
|upkeep
|
|t:|1781146354
|switch|p1a: Primarina|Primarina, M|100/100
|turn|16
|
|t:|1781146361
|-end|p2a: Raging Bolt|Protosynthesis|[silent]
|switch|p2a: Slowking|Slowking-Galar, M|100/100
|move|p1a: Primarina|Surf|p2a: Slowking
|-damage|p2a: Slowking|62/100
|
|-weather|Sandstorm|[upkeep]
|-damage|p1a: Primarina|94/100|[from] Sandstorm
|-damage|p2a: Slowking|56/100|[from] Sandstorm
|-heal|p2a: Slowking|62/100|[from] item: Leftovers
|upkeep
|turn|17
|
|t:|1781146366
|move|p1a: Primarina|Flip Turn|p2a: Slowking
|-damage|p2a: Slowking|53/100
|
|t:|1781146372
|switch|p1a: Dragonite|Dragonite, M|100/100|[from] Flip Turn
|move|p2a: Slowking|Sludge Bomb|p1a: Dragonite
|-damage|p1a: Dragonite|83/100
|-status|p1a: Dragonite|psn
|
|-weather|Sandstorm|[upkeep]
|-damage|p1a: Dragonite|76/100 psn|[from] Sandstorm
|-damage|p2a: Slowking|46/100|[from] Sandstorm
|-heal|p2a: Slowking|53/100|[from] item: Leftovers
|-damage|p1a: Dragonite|64/100 psn|[from] psn
|upkeep
|turn|18
|
|t:|1781146386
|move|p1a: Dragonite|Dragon Dance|p1a: Dragonite
|-boost|p1a: Dragonite|atk|1
|-boost|p1a: Dragonite|spe|1
|move|p2a: Slowking|Future Sight|p1a: Dragonite
|-start|p2a: Slowking|move: Future Sight
|
|-weather|Sandstorm|[upkeep]
|-damage|p1a: Dragonite|58/100 psn|[from] Sandstorm
|-damage|p2a: Slowking|46/100|[from] Sandstorm
|-heal|p2a: Slowking|53/100|[from] item: Leftovers
|-damage|p1a: Dragonite|45/100 psn|[from] psn
|upkeep
|turn|19
|
|t:|1781146391
|switch|p2a: Corviknight|Corviknight, F|76/100
|-ability|p2a: Corviknight|Pressure
|move|p1a: Dragonite|Roost|p1a: Dragonite
|-heal|p1a: Dragonite|96/100 psn
|-singleturn|p1a: Dragonite|move: Roost
|
|-weather|none
|-damage|p1a: Dragonite|83/100 psn|[from] psn
|upkeep
|turn|20
|
|t:|1781146401
|move|p1a: Dragonite|Dragon Dance|p1a: Dragonite
|-boost|p1a: Dragonite|atk|1
|-boost|p1a: Dragonite|spe|1
|move|p2a: Corviknight|Brave Bird|p1a: Dragonite
|-damage|p1a: Dragonite|46/100 psn
|-damage|p2a: Corviknight|66/100|[from] Recoil
|
|-end|p1a: Dragonite|move: Future Sight
|-damage|p1a: Dragonite|0 fnt
|faint|p1a: Dragonite
|upkeep
|
|t:|1781146406
|switch|p1a: Primarina|Primarina, M|94/100
|turn|21
|
|t:|1781146425
|move|p2a: Corviknight|U-turn|p1a: Primarina
|-resisted|p1a: Primarina
|-damage|p1a: Primarina|86/100
|
|t:|1781146430
|switch|p2a: Slowking|Slowking-Galar, M|86/100|[from] U-turn
|move|p1a: Primarina|Surf|p2a: Slowking
|-damage|p2a: Slowking|47/100
|
|-heal|p2a: Slowking|53/100|[from] item: Leftovers
|upkeep
|turn|22
|
|t:|1781146435
|move|p1a: Primarina|Flip Turn|p2a: Slowking
|-damage|p2a: Slowking|44/100
|
|t:|1781146443
|switch|p1a: Skarmory|Skarmory, F|100/100|[from] Flip Turn
|move|p2a: Slowking|Future Sight|p1a: Skarmory
|-start|p2a: Slowking|move: Future Sight
|
|-heal|p2a: Slowking|50/100|[from] item: Leftovers
|upkeep
|turn|23
|
|t:|1781146459
|move|p1a: Skarmory|Spikes|p2a: Slowking
|-sidestart|p2: alakazam darnold|Spikes
|-prepare|p2a: Slowking|Chilly Reception|[premajor]
|move|p2a: Slowking|Chilly Reception|p2a: Slowking
|-weather|Snowscape
|
|t:|1781146464
|switch|p2a: Raging Bolt|Raging Bolt|94/100|[from] Chilly Reception
|-damage|p2a: Raging Bolt|82/100|[from] Spikes
|
|-weather|Snowscape|[upkeep]
|upkeep
|turn|24
|
|t:|1781146469
|-terastallize|p1a: Skarmory|Dragon
|move|p2a: Raging Bolt|Volt Switch|p1a: Skarmory
|-resisted|p1a: Skarmory
|-damage|p1a: Skarmory|55/100
|
|t:|1781146476
|-end|p2a: Raging Bolt|Protosynthesis|[silent]
|switch|p2a: Iron Valiant|Iron Valiant|100/100|[from] Volt Switch
|-damage|p2a: Iron Valiant|88/100|[from] Spikes
|-enditem|p2a: Iron Valiant|Booster Energy
|-activate|p2a: Iron Valiant|ability: Quark Drive|[fromitem]
|-start|p2a: Iron Valiant|quarkdrivespe
|move|p1a: Skarmory|Roost|p1a: Skarmory
|-heal|p1a: Skarmory|100/100
|
|-weather|Snowscape|[upkeep]
|-end|p1a: Skarmory|move: Future Sight
|-damage|p1a: Skarmory|43/100
|-heal|p1a: Skarmory|49/100|[from] item: Leftovers
|upkeep
|turn|25
|
|t:|1781146483
|move|p2a: Iron Valiant|Moonblast|p1a: Skarmory
|-supereffective|p1a: Skarmory
|-damage|p1a: Skarmory|0 fnt
|faint|p1a: Skarmory
|
|-weather|Snowscape|[upkeep]
|upkeep
|
|t:|1781146488
|switch|p1a: Slowking|Slowking, M|100/100
|turn|26
|
|t:|1781146493
|move|p2a: Iron Valiant|Knock Off|p1a: Slowking
|-supereffective|p1a: Slowking
|-damage|p1a: Slowking|32/100
|-enditem|p1a: Slowking|Heavy-Duty Boots|[from] move: Knock Off|[of] p2a: Iron Valiant
|move|p1a: Slowking|Scald|p2a: Iron Valiant
|-damage|p2a: Iron Valiant|36/100
|-status|p2a: Iron Valiant|brn
|
|-weather|Snowscape|[upkeep]
|-damage|p2a: Iron Valiant|30/100 brn|[from] brn
|upkeep
|turn|27
|
|t:|1781146501
|move|p2a: Iron Valiant|Moonblast|p1a: Slowking
|-damage|p1a: Slowking|9/100
|-unboost|p1a: Slowking|spa|1
|move|p1a: Slowking|Scald|p2a: Iron Valiant
|-damage|p2a: Iron Valiant|0 fnt
|faint|p2a: Iron Valiant
|-end|p2a: Iron Valiant|Quark Drive|[silent]
|
|-weather|none
|upkeep
|
|t:|1781146505
|switch|p2a: Raging Bolt|Raging Bolt|82/100
|-damage|p2a: Raging Bolt|70/100|[from] Spikes
|turn|28
|
|t:|1781146512
|switch|p1a: Zapdos|Zapdos|100/100
|move|p2a: Raging Bolt|Volt Switch|p1a: Zapdos
|-damage|p1a: Zapdos|40/100
|
|t:|1781146519
|-end|p2a: Raging Bolt|Protosynthesis|[silent]
|switch|p2a: Ogerpon|Ogerpon-Cornerstone-Tera, F, tera:Rock|100/100|[from] Volt Switch
|-damage|p2a: Ogerpon|88/100|[from] Spikes
|-ability|p2a: Ogerpon|Embody Aspect (Cornerstone)|boost
|-boost|p2a: Ogerpon|def|1
|
|upkeep
|turn|29
|
|t:|1781146524
|switch|p1a: Primarina|Primarina, M|86/100
|move|p2a: Ogerpon|Ivy Cudgel|p1a: Primarina|[anim] Ivy Cudgel Rock
|-damage|p1a: Primarina|0 fnt
|faint|p1a: Primarina
|
|upkeep
|
|t:|1781146531
|switch|p1a: Zapdos|Zapdos|40/100
|turn|30
|
|t:|1781146535
|move|p2a: Ogerpon|Ivy Cudgel|p1a: Zapdos|[anim] Ivy Cudgel Rock
|-supereffective|p1a: Zapdos
|-damage|p1a: Zapdos|0 fnt
|faint|p1a: Zapdos
|
|upkeep
|
|t:|1781146539
|switch|p1a: Slowking|Slowking, M|43/100
|turn|31
|
|t:|1781146545
|move|p2a: Ogerpon|Horn Leech|p1a: Slowking
|-supereffective|p1a: Slowking
|-damage|p1a: Slowking|0 fnt
|-heal|p2a: Ogerpon|100/100|[from] drain|[of] p1a: Slowking
|faint|p1a: Slowking
|
|win|alakazam darnold
|raw|KurisuChestnutLab's rating: 1565 &rarr; <strong>1540</strong><br />(-25 for losing)
|raw|alakazam darnold's rating: 1485 &rarr; <strong>1510</strong><br />(+25 for winning)
