|badge|p2|silver|gen9ou|30-9
|uhtml|medal-msg|<div class="broadcast-blue">Curious what those medals under the avatar are? PS now has Ladder Seasons! For more information, check out the <a href="https://www.smogon.com/forums/threads/3740067/">thread on Smogon.</a></div>
|j|☆n5v
|j|☆drop a baby
|t:|1781128431
|gametype|singles
|player|p1|n5v|leon-masters|1755
|player|p2|drop a baby|chase|1831
|gen|9
|tier|[Gen 9] OU
|rated|
|rule|HP Percentage Mod: HP is shown in percentages
|rule|Endless Battle Clause: Forcing endless battles is banned
|rule|Species Clause: Limit one of each Pokémon
|rule|OHKO Clause: OHKO moves are banned
|rule|Evasion Items Clause: Evasion items are banned
|rule|Evasion Moves Clause: Evasion moves are banned
|rule|Evasion Abilities Clause: Evasion abilities are banned
|rule|Sleep Moves Clause: Sleep-inducing moves are banned
|clearpoke
|poke|p1|Raging Bolt|
|poke|p1|Iron Crown|
|poke|p1|Enamorus, F|
|poke|p1|Great Tusk|
|poke|p1|Kingambit, F|
|poke|p1|Rillaboom, M|
|poke|p2|Enamorus, F|
|poke|p2|Dragapult, F|
|poke|p2|Iron Valiant|
|poke|p2|Gholdengo|
|poke|p2|Iron Treads|
|poke|p2|Kingambit, M|
|teampreview
|c|☆n5v|glhf
|inactive|Battle timer is ON: inactive players will automatically lose when time's up. (requested by drop a baby)
|c|☆drop a baby|Hf bigger bro
|
|t:|1781128452
|teamsize|p1|6
|teamsize|p2|6
|start
|switch|p1a: diddy kong|Rillaboom, M, shiny|100/100
|switch|p2a: Enamorus|Enamorus, F|100/100
|-fieldstart|move: Grassy Terrain|[from] ability: Grassy Surge|[of] p1a: diddy kong
|turn|1
|
|t:|1781128457
|switch|p1a: le-tachyon|Iron Crown|100/100
|move|p2a: Enamorus|Substitute|p2a: Enamorus
|-start|p2a: Enamorus|Substitute
|-damage|p2a: Enamorus|76/100
|
|-heal|p2a: Enamorus|82/100|[from] item: Leftovers
|upkeep
|turn|2
|
|t:|1781128459
|switch|p2a: Iron Treads|Iron Treads|100/100
|-enditem|p2a: Iron Treads|Booster Energy
|-activate|p2a: Iron Treads|ability: Quark Drive|[fromitem]
|-start|p2a: Iron Treads|quarkdrivespe
|move|p1a: le-tachyon|Tachyon Cutter|p2a: Iron Treads
|-resisted|p2a: Iron Treads
|-damage|p2a: Iron Treads|86/100
|-resisted|p2a: Iron Treads
|-damage|p2a: Iron Treads|72/100
|-hitcount|p2a: Iron Treads|2
|
|-heal|p2a: Iron Treads|78/100|[from] Grassy Terrain
|upkeep
|turn|3
|
|t:|1781128463
|move|p2a: Iron Treads|Stealth Rock|p1a: le-tachyon
|-sidestart|p1: n5v|move: Stealth Rock
|move|p1a: le-tachyon|Focus Blast|p2a: Iron Treads
|-supereffective|p2a: Iron Treads
|-damage|p2a: Iron Treads|0 fnt
|faint|p2a: Iron Treads
|-end|p2a: Iron Treads|Quark Drive|[silent]
|
|upkeep
|
|t:|1781128470
|switch|p2a: Dragapult|Dragapult, F|100/100
|turn|4
|
|t:|1781128475
|-end|p1a: le-tachyon|Quark Drive|[silent]
|switch|p1a: cheap tusk|Great Tusk, shiny|100/100
|-damage|p1a: cheap tusk|97/100|[from] Stealth Rock
|move|p2a: Dragapult|Substitute|p2a: Dragapult
|-start|p2a: Dragapult|Substitute
|-damage|p2a: Dragapult|76/100
|
|-heal|p2a: Dragapult|82/100|[from] Grassy Terrain
|-heal|p1a: cheap tusk|100/100|[from] Grassy Terrain
|upkeep
|turn|5
|
|t:|1781128477
|move|p2a: Dragapult|Shadow Ball|p1a: cheap tusk
|-damage|p1a: cheap tusk|41/100
|-damage|p2a: Dragapult|72/100|[from] item: Life Orb
|move|p1a: cheap tusk|Ice Spinner|p2a: Dragapult
|-supereffective|p2a: Dragapult
|-end|p2a: Dragapult|Substitute
|-fieldend|move: Grassy Terrain
|
|-heal|p1a: cheap tusk|48/100|[from] item: Leftovers
|upkeep
|turn|6
|
|t:|1781128484
|move|p2a: Dragapult|Shadow Ball|p1a: cheap tusk
|-damage|p1a: cheap tusk|0 fnt
|faint|p1a: cheap tusk
|-end|p1a: cheap tusk|Protosynthesis|[silent]
|-damage|p2a: Dragapult|62/100|[from] item: Life Orb
|
|upkeep
|
|t:|1781128496
|switch|p1a: gay alladin|Enamorus, F|100/100
|-damage|p1a: gay alladin|76/100|[from] Stealth Rock
|turn|7
|
|t:|1781128503
|switch|p2a: Gholdengo|Gholdengo|100/100
|-item|p2a: Gholdengo|Air Balloon
|move|p1a: gay alladin|Moonblast|p2a: Gholdengo
|-resisted|p2a: Gholdengo
|-damage|p2a: Gholdengo|69/100
|-enditem|p2a: Gholdengo|Air Balloon
|
|upkeep
|turn|8
|
|t:|1781128508
|switch|p1a: neededaghostresist|Kingambit, F, shiny|100/100
|-damage|p1a: neededaghostresist|94/100|[from] Stealth Rock
|-activate|p1a: neededaghostresist|ability: Supreme Overlord
|-start|p1a: neededaghostresist|fallen1|[silent]
|switch|p2a: Iron Valiant|Iron Valiant|100/100
|-enditem|p2a: Iron Valiant|Booster Energy
|-activate|p2a: Iron Valiant|ability: Quark Drive|[fromitem]
|-start|p2a: Iron Valiant|quarkdrivespe
|
|-heal|p1a: neededaghostresist|100/100|[from] item: Leftovers
|upkeep
|turn|9
|
|t:|1781128513
|-terastallize|p1a: neededaghostresist|Flying
|move|p2a: Iron Valiant|Swords Dance|p2a: Iron Valiant
|-boost|p2a: Iron Valiant|atk|2
|move|p1a: neededaghostresist|Iron Head|p2a: Iron Valiant
|-supereffective|p2a: Iron Valiant
|-damage|p2a: Iron Valiant|0 fnt
|faint|p2a: Iron Valiant
|-end|p2a: Iron Valiant|Quark Drive|[silent]
|
|upkeep
|
|t:|1781128521
|switch|p2a: Gholdengo|Gholdengo|69/100
|turn|10
|
|t:|1781128528
|-end|p1a: neededaghostresist|fallen1|[silent]
|switch|p1a: le-tachyon|Iron Crown|100/100
|-damage|p1a: le-tachyon|94/100|[from] Stealth Rock
|move|p2a: Gholdengo|Make It Rain|p1a: le-tachyon
|-resisted|p1a: le-tachyon
|-damage|p1a: le-tachyon|72/100
|-unboost|p2a: Gholdengo|spa|1
|
|upkeep
|turn|11
|
|t:|1781128538
|move|p1a: le-tachyon|Tachyon Cutter|p2a: Gholdengo
|-resisted|p2a: Gholdengo
|-damage|p2a: Gholdengo|54/100
|-resisted|p2a: Gholdengo
|-damage|p2a: Gholdengo|39/100
|-hitcount|p2a: Gholdengo|2
|move|p2a: Gholdengo|Shadow Ball|p1a: le-tachyon
|-supereffective|p1a: le-tachyon
|-damage|p1a: le-tachyon|30/100
|
|upkeep
|turn|12
|
|t:|1781128550
|move|p1a: le-tachyon|Volt Switch|p2a: Gholdengo
|-damage|p2a: Gholdengo|12/100
|
|t:|1781128552
|-end|p1a: le-tachyon|Quark Drive|[silent]
|switch|p1a: neededaghostresist|Kingambit, F, shiny, tera:Flying|100/100|[from] Volt Switch
|-damage|p1a: neededaghostresist|76/100|[from] Stealth Rock
|-activate|p1a: neededaghostresist|ability: Supreme Overlord
|-start|p1a: neededaghostresist|fallen1|[silent]
|move|p2a: Gholdengo|Shadow Ball|p1a: neededaghostresist
|-damage|p1a: neededaghostresist|43/100
|-unboost|p1a: neededaghostresist|spd|1
|
|-heal|p1a: neededaghostresist|49/100|[from] item: Leftovers
|upkeep
|turn|13
|
|t:|1781128558
|switch|p2a: Enamorus|Enamorus, F|82/100
|move|p1a: neededaghostresist|Sucker Punch||[still]
|-fail|p1a: neededaghostresist
|
|-heal|p2a: Enamorus|88/100|[from] item: Leftovers
|-heal|p1a: neededaghostresist|55/100|[from] item: Leftovers
|upkeep
|turn|14
|
|t:|1781128564
|-end|p1a: neededaghostresist|fallen1|[silent]
|switch|p1a: le-tachyon|Iron Crown|30/100
|-damage|p1a: le-tachyon|24/100|[from] Stealth Rock
|move|p2a: Enamorus|Moonblast|p1a: le-tachyon
|-resisted|p1a: le-tachyon
|-damage|p1a: le-tachyon|6/100
|
|-heal|p2a: Enamorus|94/100|[from] item: Leftovers
|upkeep
|turn|15
|
|t:|1781128567
|move|p2a: Enamorus|Moonblast|p1a: le-tachyon
|-resisted|p1a: le-tachyon
|-damage|p1a: le-tachyon|0 fnt
|faint|p1a: le-tachyon
|-end|p1a: le-tachyon|Quark Drive|[silent]
|
|-heal|p2a: Enamorus|100/100|[from] item: Leftovers
|upkeep
|inactive|n5v has 120 seconds left.
|
|t:|1781128610
|switch|p1a: gay alladin|Enamorus, F|76/100
|-damage|p1a: gay alladin|51/100|[from] Stealth Rock
|turn|16
|
|t:|1781128622
|move|p1a: gay alladin|Healing Wish|p1a: gay alladin
|faint|p1a: gay alladin
|move|p2a: Enamorus|Moonblast|p1: gay alladin|[notarget]
|-fail|p2a: Enamorus
|
|upkeep
|
|t:|1781128624
|switch|p1a: neededaghostresist|Kingambit, F, shiny, tera:Flying|55/100
|-heal|p1a: neededaghostresist|100/100|[from] move: Healing Wish
|-damage|p1a: neededaghostresist|76/100|[from] Stealth Rock
|-activate|p1a: neededaghostresist|ability: Supreme Overlord
|-start|p1a: neededaghostresist|fallen3|[silent]
|turn|17
|
|t:|1781128628
|switch|p2a: Gholdengo|Gholdengo|12/100
|move|p1a: neededaghostresist|Iron Head|p2a: Gholdengo
|-resisted|p2a: Gholdengo
|-damage|p2a: Gholdengo|0 fnt
|faint|p2a: Gholdengo
|
|-heal|p1a: neededaghostresist|82/100|[from] item: Leftovers
|upkeep
|
|t:|1781128630
|switch|p2a: Dragapult|Dragapult, F|62/100
|turn|18
|
|t:|1781128634
|move|p2a: Dragapult|Dragon Darts|p1a: neededaghostresist
|-damage|p1a: neededaghostresist|61/100
|-anim|p2a: Dragapult|Dragon Darts|p1a: neededaghostresist
|-damage|p1a: neededaghostresist|40/100
|-damage|p2a: Dragapult|52/100|[from] item: Life Orb
|move|p1a: neededaghostresist|Kowtow Cleave|p2a: Dragapult
|-supereffective|p2a: Dragapult
|-damage|p2a: Dragapult|0 fnt
|faint|p2a: Dragapult
|
|-heal|p1a: neededaghostresist|46/100|[from] item: Leftovers
|upkeep
|
|t:|1781128639
|switch|p2a: Enamorus|Enamorus, F|100/100
|turn|19
|
|t:|1781128643
|move|p1a: neededaghostresist|Sucker Punch|p2a: Enamorus
|-resisted|p2a: Enamorus
|-damage|p2a: Enamorus|60/100
|move|p2a: Enamorus|Moonblast|p1a: neededaghostresist
|-damage|p1a: neededaghostresist|0 fnt
|faint|p1a: neededaghostresist
|-end|p1a: neededaghostresist|fallen3|[silent]
|
|-heal|p2a: Enamorus|67/100|[from] item: Leftovers
|upkeep
|
|t:|1781128653
|switch|p1a: diddy kong|Rillaboom, M, shiny|100/100
|-damage|p1a: diddy kong|88/100|[from] Stealth Rock
|-fieldstart|move: Grassy Terrain|[from] ability: Grassy Surge|[of] p1a: diddy kong
|turn|20
|
|t:|1781128660
|switch|p2a: Kingambit|Kingambit, M|100/100
|-activate|p2a: Kingambit|ability: Supreme Overlord
|-start|p2a: Kingambit|fallen4|[silent]
|move|p1a: diddy kong|Grassy Glide|p2a: Kingambit
|-resisted|p2a: Kingambit
|-damage|p2a: Kingambit|85/100
|
|-heal|p1a: diddy kong|94/100|[from] Grassy Terrain
|-heal|p1a: diddy kong|100/100|[from] item: Leftovers
|-heal|p2a: Kingambit|91/100|[from] Grassy Terrain
|upkeep
|turn|21
|
|t:|1781128670
|move|p1a: diddy kong|Low Kick|p2a: Kingambit
|-supereffective|p2a: Kingambit
|-damage|p2a: Kingambit|0 fnt
|faint|p2a: Kingambit
|-end|p2a: Kingambit|fallen4|[silent]
|
|upkeep
|
|t:|1781128674
|switch|p2a: Enamorus|Enamorus, F|67/100
|turn|22
|
|t:|1781128678
|move|p2a: Enamorus|Moonblast|p1a: diddy kong
|-damage|p1a: diddy kong|43/100
|move|p1a: diddy kong|Knock Off|p2a: Enamorus
|-resisted|p2a: Enamorus
|-damage|p2a: Enamorus|40/100
|-enditem|p2a: Enamorus|Leftovers|[from] move: Knock Off|[of] p1a: diddy kong
|
|-heal|p1a: diddy kong|49/100|[from] Grassy Terrain
|-heal|p1a: diddy kong|56/100|[from] item: Leftovers
|upkeep
|turn|23
|
|t:|1781128688
|move|p1a: diddy kong|Grassy Glide|p2a: Enamorus
|-resisted|p2a: Enamorus
|-damage|p2a: Enamorus|9/100
|move|p2a: Enamorus|Moonblast|p1a: diddy kong
|-damage|p1a: diddy kong|0 fnt
|faint|p1a: diddy kong
|
|upkeep
|
|t:|1781128691
|switch|p1a: goobing bolt|Raging Bolt|100/100
|-damage|p1a: goobing bolt|88/100|[from] Stealth Rock
|turn|24
|c|☆n5v|hm
|c|☆n5v|I loose right?
|
|t:|1781128706
|-terastallize|p2a: Enamorus|Steel
|move|p1a: goobing bolt|Thunderclap||[still]
|-fail|p1a: goobing bolt
|move|p2a: Enamorus|Calm Mind|p2a: Enamorus
|-boost|p2a: Enamorus|spa|1
|-boost|p2a: Enamorus|spd|1
|
|-heal|p2a: Enamorus|15/100|[from] Grassy Terrain
|-heal|p1a: goobing bolt|94/100|[from] Grassy Terrain
|-fieldend|move: Grassy Terrain
|upkeep
|turn|25
|
|t:|1781128713
|move|p1a: goobing bolt|Thunderclap||[still]
|-fail|p1a: goobing bolt
|move|p2a: Enamorus|Calm Mind|p2a: Enamorus
|-boost|p2a: Enamorus|spa|1
|-boost|p2a: Enamorus|spd|1
|
|upkeep
|turn|26
|c|☆n5v|I thought tera ground
|c|☆drop a baby|Gg
|
|t:|1781128736
|move|p1a: goobing bolt|Thunderclap|p2a: Enamorus
|-damage|p2a: Enamorus|0 fnt
|faint|p2a: Enamorus
|
|win|n5v
|raw|n5v's rating: 1755 &rarr; <strong>1779</strong><br />(+24 for winning)
|raw|drop a baby's rating: 1831 &rarr; <strong>1807</strong><br />(-24 for losing)
|c|☆drop a baby|Wp
|c|☆n5v|im specs
|c|☆n5v|u won that
|c|☆n5v|lmao
|c|☆drop a baby|What
|c|☆n5v|ggs th
|c|☆n5v|tho
|c|☆drop a baby|lol
|c|☆drop a baby|haha
|c|☆drop a baby|gg
|c|☆n5v|i bluffed crazy
|c|☆n5v|thanks for the game
|c|☆n5v|cya round
|l|☆n5v
|player|p1|
|c|☆drop a baby|Cya
|l|☆drop a baby
|player|p2|
