|j|☆vartholomeus
|j|‽SWAGGER_W2F
|t:|1781591016
|gametype|singles
|player|p1|vartholomeus|gambler|1530
|player|p2|SWAGGER_W2F|flint|1564
|gen|9
|tier|[Gen 9] OU
|rated|
|rule|HP Percentage Mod: HP is shown in percentages
|rule|Endless Battle Clause: Forcing endless battles is banned
|rule|Species Clause: Limit one of each Pokémon
|rule|OHKO Clause: OHKO moves are banned
|rule|Evasion Items Clause: Evasion items are banned
|rule|Evasion Moves Clause: Evasion moves are banned
|rule|Evasion Abilities Clause: Evasion abilities are banned
|rule|Sleep Moves Clause: Sleep-inducing moves are banned
|clearpoke
|poke|p1|Moltres|
|poke|p1|Kleavor, F|
|poke|p1|Greninja-*, M|
|poke|p1|Ting-Lu|
|poke|p1|Iron Valiant|
|poke|p1|Gholdengo|
|poke|p2|Ceruledge, F|
|poke|p2|Scizor, F|
|poke|p2|Raging Bolt|
|poke|p2|Primarina, F|
|poke|p2|Mandibuzz, F|
|poke|p2|Great Tusk|
|teampreview
|inactive|Battle timer is ON: inactive players will automatically lose when time's up. (requested by vartholomeus)
|
|t:|1781591039
|teamsize|p1|6
|teamsize|p2|6
|start
|switch|p1a: Klingk|Kleavor, F|100/100
|switch|p2a: Scizor|Scizor, F|100/100
|turn|1
|j| testingrainteam1
|
|t:|1781591050
|switch|p2a: Primarina|Primarina, F|100/100
|move|p1a: Klingk|Stone Axe|p2a: Primarina
|-damage|p2a: Primarina|50/100
|-sidestart|p2: SWAGGER_W2F|move: Stealth Rock
|
|-heal|p2a: Primarina|56/100|[from] item: Leftovers
|upkeep
|turn|2
|l| testingrainteam1
|
|t:|1781591058
|move|p1a: Klingk|Swords Dance|p1a: Klingk
|-boost|p1a: Klingk|atk|2
|move|p2a: Primarina|Psychic Noise|p1a: Klingk
|-supereffective|p1a: Klingk
|-enditem|p1a: Klingk|Focus Sash
|-damage|p1a: Klingk|1/100
|-start|p1a: Klingk|move: Heal Block
|
|-heal|p2a: Primarina|62/100|[from] item: Leftovers
|upkeep
|turn|3
|
|t:|1781591070
|switch|p2a: Great Tusk|Great Tusk|100/100
|-damage|p2a: Great Tusk|98/100|[from] Stealth Rock
|move|p1a: Klingk|Stone Axe|p2a: Great Tusk
|-resisted|p2a: Great Tusk
|-damage|p2a: Great Tusk|76/100
|
|-end|p1a: Klingk|move: Heal Block
|upkeep
|turn|4
|
|t:|1781591088
|-terastallize|p1a: Klingk|Ghost
|move|p2a: Great Tusk|Headlong Rush|p1a: Klingk
|-damage|p1a: Klingk|0 fnt
|-unboost|p2a: Great Tusk|def|1
|-unboost|p2a: Great Tusk|spd|1
|faint|p1a: Klingk
|
|upkeep
|
|t:|1781591093
|switch|p1a: Suke|Greninja, M|100/100
|turn|5
|
|t:|1781591103
|-end|p2a: Great Tusk|Protosynthesis|[silent]
|switch|p2a: Scizor|Scizor, F|100/100
|-damage|p2a: Scizor|88/100|[from] Stealth Rock
|move|p1a: Suke|Sludge Wave|p2a: Scizor
|-immune|p2a: Scizor
|
|upkeep
|turn|6
|
|t:|1781591114
|switch|p1a: Maltro|Moltres|100/100
|move|p2a: Scizor|U-turn|p1a: Maltro
|-resisted|p1a: Maltro
|-damage|p1a: Maltro|90/100
|
|t:|1781591119
|switch|p2a: Raging Bolt|Raging Bolt|100/100|[from] U-turn
|-damage|p2a: Raging Bolt|88/100|[from] Stealth Rock
|
|upkeep
|turn|7
|
|t:|1781591124
|switch|p1a: Lulu|Ting-Lu|100/100
|-ability|p1a: Lulu|Vessel of Ruin
|move|p2a: Raging Bolt|Draco Meteor|p1a: Lulu
|-damage|p1a: Lulu|49/100
|-unboost|p2a: Raging Bolt|spa|2
|
|-heal|p1a: Lulu|55/100|[from] item: Leftovers
|upkeep
|turn|8
|
|t:|1781591146
|-end|p2a: Raging Bolt|Protosynthesis|[silent]
|switch|p2a: Mandibuzz|Mandibuzz, F|100/100
|move|p1a: Lulu|Ruination|p2a: Mandibuzz
|-damage|p2a: Mandibuzz|51/100
|
|-heal|p1a: Lulu|61/100|[from] item: Leftovers
|upkeep
|turn|9
|
|t:|1781591153
|move|p2a: Mandibuzz|U-turn|p1a: Lulu
|-supereffective|p1a: Lulu
|-damage|p1a: Lulu|49/100
|
|t:|1781591156
|switch|p2a: Great Tusk|Great Tusk|76/100|[from] U-turn
|-damage|p2a: Great Tusk|73/100|[from] Stealth Rock
|move|p1a: Lulu|Ruination|p2a: Great Tusk
|-damage|p2a: Great Tusk|37/100
|
|-heal|p1a: Lulu|55/100|[from] item: Leftovers
|upkeep
|turn|10
|
|t:|1781591164
|switch|p1a: Mantequillo|Gholdengo|100/100
|move|p2a: Great Tusk|Rapid Spin|p1a: Mantequillo
|-immune|p1a: Mantequillo
|
|upkeep
|turn|11
|
|t:|1781591173
|-end|p2a: Great Tusk|Protosynthesis|[silent]
|switch|p2a: Mandibuzz|Mandibuzz, F|51/100
|move|p1a: Mantequillo|Make It Rain|p2a: Mandibuzz
|-damage|p2a: Mandibuzz|0 fnt
|-unboost|p1a: Mantequillo|spa|1
|faint|p2a: Mandibuzz
|
|upkeep
|
|t:|1781591183
|switch|p2a: Ceruledge|Ceruledge, F|100/100
|-damage|p2a: Ceruledge|76/100|[from] Stealth Rock
|turn|12
|
|t:|1781591193
|switch|p1a: Maltro|Moltres|90/100
|move|p2a: Ceruledge|Bitter Blade|p1a: Maltro
|-resisted|p1a: Maltro
|-damage|p1a: Maltro|72/100
|-heal|p2a: Ceruledge|85/100|[from] drain|[of] p1a: Maltro
|
|upkeep
|turn|13
|
|t:|1781591202
|move|p2a: Ceruledge|Poltergeist|p1a: Maltro
|-activate|p1a: Maltro|move: Poltergeist|Heavy-Duty Boots
|-damage|p1a: Maltro|27/100
|move|p1a: Maltro|Roar|p2a: Ceruledge
|drag|p2a: Raging Bolt|Raging Bolt|88/100
|-damage|p2a: Raging Bolt|76/100|[from] Stealth Rock
|
|upkeep
|turn|14
|
|t:|1781591214
|switch|p1a: Lulu|Ting-Lu|55/100
|-ability|p1a: Lulu|Vessel of Ruin
|move|p2a: Raging Bolt|Draco Meteor|p1a: Lulu
|-damage|p1a: Lulu|6/100
|-unboost|p2a: Raging Bolt|spa|2
|
|-heal|p1a: Lulu|12/100|[from] item: Leftovers
|upkeep
|turn|15
|
|t:|1781591224
|switch|p1a: Irohak|Iron Valiant|100/100
|-enditem|p1a: Irohak|Booster Energy
|-activate|p1a: Irohak|ability: Quark Drive|[fromitem]
|-start|p1a: Irohak|quarkdrivespe
|move|p2a: Raging Bolt|Draco Meteor|p1a: Irohak
|-immune|p1a: Irohak
|
|upkeep
|turn|16
|
|t:|1781591236
|-end|p2a: Raging Bolt|Protosynthesis|[silent]
|switch|p2a: Ceruledge|Ceruledge, F|85/100
|-damage|p2a: Ceruledge|60/100|[from] Stealth Rock
|move|p1a: Irohak|Knock Off|p2a: Ceruledge
|-supereffective|p2a: Ceruledge
|-damage|p2a: Ceruledge|0 fnt
|-enditem|p2a: Ceruledge|Assault Vest|[from] move: Knock Off|[of] p1a: Irohak
|faint|p2a: Ceruledge
|
|upkeep
|
|t:|1781591244
|switch|p2a: Primarina|Primarina, F|62/100
|-damage|p2a: Primarina|50/100|[from] Stealth Rock
|turn|17
|
|t:|1781591251
|-end|p1a: Irohak|Quark Drive|[silent]
|switch|p1a: Mantequillo|Gholdengo|100/100
|move|p2a: Primarina|Calm Mind|p2a: Primarina
|-boost|p2a: Primarina|spa|1
|-boost|p2a: Primarina|spd|1
|
|-heal|p2a: Primarina|56/100|[from] item: Leftovers
|upkeep
|turn|18
|
|t:|1781591258
|move|p1a: Mantequillo|Trick|p2a: Primarina
|-activate|p1a: Mantequillo|move: Trick|[of] p2a: Primarina
|-item|p2a: Primarina|Choice Scarf|[from] move: Trick
|-item|p1a: Mantequillo|Leftovers|[from] move: Trick
|move|p2a: Primarina|Psychic Noise|p1a: Mantequillo
|-crit|p1a: Mantequillo
|-damage|p1a: Mantequillo|14/100
|-start|p1a: Mantequillo|move: Heal Block
|
|upkeep
|turn|19
|
|t:|1781591271
|move|p1a: Mantequillo|Shadow Ball|p2a: Primarina
|-damage|p2a: Primarina|31/100
|move|p2a: Primarina|Psychic Noise|p1a: Mantequillo
|-damage|p1a: Mantequillo|0 fnt
|faint|p1a: Mantequillo
|
|upkeep
|
|t:|1781591277
|switch|p1a: Suke|Greninja, M|100/100
|turn|20
|
|t:|1781591282
|switch|p2a: Scizor|Scizor, F|88/100
|-damage|p2a: Scizor|76/100|[from] Stealth Rock
|move|p1a: Suke|Sludge Wave|p2a: Scizor
|-immune|p2a: Scizor
|
|upkeep
|turn|21
|
|t:|1781591289
|switch|p1a: Maltro|Moltres|27/100
|-terastallize|p2a: Scizor|Steel
|move|p2a: Scizor|Bullet Punch|p1a: Maltro
|-resisted|p1a: Maltro
|-damage|p1a: Maltro|4/100
|-status|p2a: Scizor|brn|[from] ability: Flame Body|[of] p1a: Maltro
|
|-damage|p2a: Scizor|70/100 brn|[from] brn
|upkeep
|turn|22
|
|t:|1781591299
|move|p2a: Scizor|Bullet Punch|p1a: Maltro
|-resisted|p1a: Maltro
|-damage|p1a: Maltro|0 fnt
|faint|p1a: Maltro
|
|-damage|p2a: Scizor|64/100 brn|[from] brn
|upkeep
|
|t:|1781591304
|switch|p1a: Suke|Greninja, M|100/100
|turn|23
|
|t:|1781591313
|switch|p2a: Primarina|Primarina, F|31/100
|-damage|p2a: Primarina|19/100|[from] Stealth Rock
|move|p1a: Suke|Dark Pulse|p2a: Primarina
|-resisted|p2a: Primarina
|-damage|p2a: Primarina|2/100
|-damage|p1a: Suke|91/100|[from] item: Life Orb
|
|upkeep
|turn|24
|
|t:|1781591328
|move|p1a: Suke|Ice Beam|p2a: Primarina
|-resisted|p2a: Primarina
|-damage|p2a: Primarina|0 fnt
|faint|p2a: Primarina
|-ability|p1a: Suke|Battle Bond|boost
|-boost|p1a: Suke|atk|1
|-boost|p1a: Suke|spa|1
|-boost|p1a: Suke|spe|1
|-activate|p1a: Suke|ability: Battle Bond
|-damage|p1a: Suke|81/100|[from] item: Life Orb
|
|upkeep
|
|t:|1781591336
|switch|p2a: Raging Bolt|Raging Bolt|76/100
|-damage|p2a: Raging Bolt|64/100|[from] Stealth Rock
|turn|25
|
|t:|1781591346
|move|p1a: Suke|Water Shuriken|p2a: Raging Bolt
|-resisted|p2a: Raging Bolt
|-damage|p2a: Raging Bolt|57/100
|-resisted|p2a: Raging Bolt
|-damage|p2a: Raging Bolt|51/100
|-resisted|p2a: Raging Bolt
|-damage|p2a: Raging Bolt|44/100
|-resisted|p2a: Raging Bolt
|-damage|p2a: Raging Bolt|39/100
|-hitcount|p2a: Raging Bolt|4
|-damage|p1a: Suke|71/100|[from] item: Life Orb
|move|p2a: Raging Bolt|Draco Meteor|p1a: Suke
|-damage|p1a: Suke|0 fnt
|-unboost|p2a: Raging Bolt|spa|2
|faint|p1a: Suke
|
|upkeep
|
|t:|1781591351
|switch|p1a: Irohak|Iron Valiant|100/100
|turn|26
|
|t:|1781591361
|move|p1a: Irohak|Moonblast|p2a: Raging Bolt
|-supereffective|p2a: Raging Bolt
|-damage|p2a: Raging Bolt|0 fnt
|faint|p2a: Raging Bolt
|-end|p2a: Raging Bolt|Protosynthesis|[silent]
|
|upkeep
|
|t:|1781591365
|switch|p2a: Scizor|Scizor, F, tera:Steel|64/100 brn
|-damage|p2a: Scizor|58/100 brn|[from] Stealth Rock
|turn|27
|
|t:|1781591370
|move|p2a: Scizor|Bullet Punch|p1a: Irohak
|-supereffective|p1a: Irohak
|-damage|p1a: Irohak|4/100
|move|p1a: Irohak|Knock Off|p2a: Scizor
|-damage|p2a: Scizor|25/100 brn
|-enditem|p2a: Scizor|Choice Band|[from] move: Knock Off|[of] p1a: Irohak
|
|-damage|p2a: Scizor|19/100 brn|[from] brn
|upkeep
|turn|28
|
|t:|1781591377
|move|p2a: Scizor|Bullet Punch|p1a: Irohak
|-supereffective|p1a: Irohak
|-damage|p1a: Irohak|0 fnt
|faint|p1a: Irohak
|-end|p1a: Irohak|Quark Drive|[silent]
|
|-damage|p2a: Scizor|13/100 brn|[from] brn
|upkeep
|
|t:|1781591380
|switch|p1a: Lulu|Ting-Lu|12/100
|-ability|p1a: Lulu|Vessel of Ruin
|turn|29
|
|t:|1781591386
|move|p2a: Scizor|Bullet Punch|p1a: Lulu
|-damage|p1a: Lulu|0 fnt
|faint|p1a: Lulu
|
|win|SWAGGER_W2F
|raw|vartholomeus's rating: 1530 &rarr; <strong>1512</strong><br />(-18 for losing)
|raw|SWAGGER_W2F's rating: 1564 &rarr; <strong>1582</strong><br />(+18 for winning)
|l|☆vartholomeus
|player|p1|
|l|‽SWAGGER_W2F
|player|p2|
