|j|☆Nat889
|j|☆KurisuChestnutOU
|t:|1781151432
|gametype|singles
|player|p1|Nat889|miku-ghost|1642
|player|p2|KurisuChestnutOU|may-contest|1561
|gen|9
|tier|[Gen 9] OU
|rated|
|rule|HP Percentage Mod: HP is shown in percentages
|rule|Endless Battle Clause: Forcing endless battles is banned
|rule|Species Clause: Limit one of each Pokémon
|rule|OHKO Clause: OHKO moves are banned
|rule|Evasion Items Clause: Evasion items are banned
|rule|Evasion Moves Clause: Evasion moves are banned
|rule|Evasion Abilities Clause: Evasion abilities are banned
|rule|Sleep Moves Clause: Sleep-inducing moves are banned
|clearpoke
|poke|p1|Lokix, F|
|poke|p1|Iron Valiant|
|poke|p1|Alomomola, L99, M|
|poke|p1|Mandibuzz, F|
|poke|p1|Great Tusk|
|poke|p1|Gholdengo|
|poke|p2|Zamazenta-*|
|poke|p2|Zapdos|
|poke|p2|Garganacl, F|
|poke|p2|Clefable, M|
|poke|p2|Samurott-Hisui, M|
|poke|p2|Gholdengo|
|teampreview
|inactive|Battle timer is ON: inactive players will automatically lose when time's up. (requested by KurisuChestnutOU)
|
|t:|1781151442
|teamsize|p1|6
|teamsize|p2|6
|start
|switch|p1a: Shining Agito|Lokix, F, shiny|100/100
|switch|p2a: Zapdos|Zapdos|100/100
|turn|1
|
|t:|1781151449
|switch|p1a: Tetsuya Sawaki|Alomomola, L99, M|100/100
|move|p2a: Zapdos|Hurricane|p1a: Tetsuya Sawaki|[miss]
|-miss|p2a: Zapdos|p1a: Tetsuya Sawaki
|
|upkeep
|turn|2
|j| 0eyequeue
|
|t:|1781151456
|move|p2a: Zapdos|Discharge|p1a: Tetsuya Sawaki
|-supereffective|p1a: Tetsuya Sawaki
|-damage|p1a: Tetsuya Sawaki|62/100
|-status|p1a: Tetsuya Sawaki|par
|move|p1a: Tetsuya Sawaki|Flip Turn|p2a: Zapdos
|-damage|p2a: Zapdos|89/100
|inactive|Nat889 has 120 seconds left.
|
|t:|1781151505
|switch|p1a: Gills Exceed|Great Tusk|100/100|[from] Flip Turn
|
|upkeep
|turn|3
|
|t:|1781151511
|-end|p1a: Gills Exceed|Protosynthesis|[silent]
|switch|p1a: Tetsuya Sawaki|Alomomola, L99, M|96/100 par
|move|p2a: Zapdos|Hurricane|p1a: Tetsuya Sawaki
|-damage|p1a: Tetsuya Sawaki|68/100 par
|-start|p1a: Tetsuya Sawaki|confusion
|
|upkeep
|turn|4
|inactive|Nat889 has 120 seconds left.
|
|t:|1781151518
|switch|p1a: Gills Exceed|Great Tusk|100/100
|move|p2a: Zapdos|Volt Switch|p1a: Gills Exceed
|-immune|p1a: Gills Exceed
|
|upkeep
|turn|5
|
|t:|1781151527
|move|p1a: Gills Exceed|Stealth Rock|p2a: Zapdos
|-sidestart|p2: KurisuChestnutOU|move: Stealth Rock
|move|p2a: Zapdos|Hurricane|p1a: Gills Exceed|[miss]
|-miss|p2a: Zapdos|p1a: Gills Exceed
|
|upkeep
|turn|6
|
|t:|1781151532
|-end|p1a: Gills Exceed|Protosynthesis|[silent]
|switch|p1a: Tetsuya Sawaki|Alomomola, L99, M|100/100 par
|move|p2a: Zapdos|Hurricane|p1a: Tetsuya Sawaki
|-damage|p1a: Tetsuya Sawaki|73/100 par
|
|upkeep
|turn|7
|
|t:|1781151538
|move|p2a: Zapdos|Volt Switch|p1a: Tetsuya Sawaki
|-supereffective|p1a: Tetsuya Sawaki
|-damage|p1a: Tetsuya Sawaki|41/100 par
|
|t:|1781151542
|switch|p2a: Gholdengo|Gholdengo|100/100|[from] Volt Switch
|-damage|p2a: Gholdengo|94/100|[from] Stealth Rock
|cant|p1a: Tetsuya Sawaki|par
|
|upkeep
|turn|8
|
|t:|1781151549
|move|p2a: Gholdengo|Shadow Ball|p1a: Tetsuya Sawaki
|-damage|p1a: Tetsuya Sawaki|16/100 par
|cant|p1a: Tetsuya Sawaki|par
|
|upkeep
|turn|9
|
|t:|1781151555
|switch|p1a: Overlord|Mandibuzz, F|100/100
|move|p2a: Gholdengo|Shadow Ball|p1a: Overlord
|-resisted|p1a: Overlord
|-damage|p1a: Overlord|84/100
|-unboost|p1a: Overlord|spd|1
|
|upkeep
|turn|10
|
|t:|1781151563
|move|p2a: Gholdengo|Shadow Ball|p1a: Overlord
|-resisted|p1a: Overlord
|-damage|p1a: Overlord|55/100
|move|p1a: Overlord|Foul Play|p2a: Gholdengo
|-supereffective|p2a: Gholdengo
|-damage|p2a: Gholdengo|54/100
|
|upkeep
|turn|11
|
|t:|1781151570
|switch|p2a: Garganacl|Garganacl, F|100/100
|-damage|p2a: Garganacl|88/100|[from] Stealth Rock
|switch|p1a: Tetsuya Sawaki|Alomomola, L99, M|49/100 par
|
|-heal|p2a: Garganacl|94/100|[from] item: Leftovers
|upkeep
|turn|12
|
|t:|1781151578
|move|p2a: Garganacl|Stealth Rock|p1a: Tetsuya Sawaki
|-sidestart|p1: Nat889|move: Stealth Rock
|move|p1a: Tetsuya Sawaki|Flip Turn|p2a: Garganacl
|-supereffective|p2a: Garganacl
|-damage|p2a: Garganacl|72/100
|
|t:|1781151585
|switch|p1a: Gills Exceed|Great Tusk|100/100|[from] Flip Turn
|
|-heal|p2a: Garganacl|78/100|[from] item: Leftovers
|upkeep
|turn|13
|
|t:|1781151591
|switch|p2a: Gholdengo|Gholdengo|54/100
|-damage|p2a: Gholdengo|48/100|[from] Stealth Rock
|move|p1a: Gills Exceed|Rapid Spin|p2a: Gholdengo
|-immune|p2a: Gholdengo
|
|upkeep
|turn|14
|
|t:|1781151598
|-end|p1a: Gills Exceed|Protosynthesis|[silent]
|switch|p1a: Tetsuya Sawaki|Alomomola, L99, M|82/100 par
|-damage|p1a: Tetsuya Sawaki|70/100 par|[from] Stealth Rock
|move|p2a: Gholdengo|Shadow Ball|p1a: Tetsuya Sawaki
|-damage|p1a: Tetsuya Sawaki|48/100 par
|
|upkeep
|turn|15
|
|t:|1781151609
|move|p2a: Gholdengo|Shadow Ball|p1a: Tetsuya Sawaki
|-damage|p1a: Tetsuya Sawaki|23/100 par
|move|p1a: Tetsuya Sawaki|Flip Turn|p2a: Gholdengo
|-damage|p2a: Gholdengo|31/100
|
|t:|1781151621
|switch|p1a: Shining Agito|Lokix, F, shiny|100/100|[from] Flip Turn
|-damage|p1a: Shining Agito|76/100|[from] Stealth Rock
|
|upkeep
|turn|16
|
|t:|1781151627
|move|p2a: Gholdengo|Shadow Ball|p1a: Shining Agito
|-resisted|p1a: Shining Agito
|-damage|p1a: Shining Agito|34/100
|move|p1a: Shining Agito|Knock Off|p2a: Gholdengo
|-supereffective|p2a: Gholdengo
|-damage|p2a: Gholdengo|0 fnt
|-enditem|p2a: Gholdengo|Choice Scarf|[from] move: Knock Off|[of] p1a: Shining Agito
|faint|p2a: Gholdengo
|
|upkeep
|
|t:|1781151632
|switch|p2a: Zapdos|Zapdos|89/100
|turn|17
|
|t:|1781151646
|switch|p1a: Overlord|Mandibuzz, F|55/100
|move|p2a: Zapdos|Roost|p2a: Zapdos
|-heal|p2a: Zapdos|100/100
|-singleturn|p2a: Zapdos|move: Roost
|
|upkeep
|turn|18
|
|t:|1781151653
|move|p2a: Zapdos|Discharge|p1a: Overlord
|-supereffective|p1a: Overlord
|-damage|p1a: Overlord|0 fnt
|faint|p1a: Overlord
|
|upkeep
|
|t:|1781151658
|switch|p1a: Tetsuya Sawaki|Alomomola, L99, M|56/100 par
|-damage|p1a: Tetsuya Sawaki|44/100 par|[from] Stealth Rock
|turn|19
|
|t:|1781151662
|move|p2a: Zapdos|Discharge|p1a: Tetsuya Sawaki
|-supereffective|p1a: Tetsuya Sawaki
|-damage|p1a: Tetsuya Sawaki|6/100 par
|move|p1a: Tetsuya Sawaki|Mirror Coat|p2a: Zapdos
|-damage|p2a: Zapdos|7/100
|
|upkeep
|turn|20
|
|t:|1781151669
|move|p2a: Zapdos|Roost|p2a: Zapdos
|-heal|p2a: Zapdos|57/100
|-singleturn|p2a: Zapdos|move: Roost
|move|p1a: Tetsuya Sawaki|Flip Turn|p2a: Zapdos
|-damage|p2a: Zapdos|45/100
|
|t:|1781151682
|switch|p1a: G3-X|Iron Valiant, shiny|100/100|[from] Flip Turn
|-damage|p1a: G3-X|94/100|[from] Stealth Rock
|
|upkeep
|turn|21
|
|t:|1781151690
|-terastallize|p2a: Zapdos|Steel
|move|p1a: G3-X|Moonblast|p2a: Zapdos
|-resisted|p2a: Zapdos
|-damage|p2a: Zapdos|9/100
|move|p2a: Zapdos|Roost|p2a: Zapdos
|-heal|p2a: Zapdos|59/100
|
|upkeep
|turn|22
|
|t:|1781151702
|-terastallize|p1a: G3-X|Fairy
|move|p1a: G3-X|Moonblast|p2a: Zapdos
|-resisted|p2a: Zapdos
|-damage|p2a: Zapdos|11/100
|-unboost|p2a: Zapdos|spa|1
|move|p2a: Zapdos|Roost|p2a: Zapdos
|-heal|p2a: Zapdos|61/100
|
|upkeep
|turn|23
|
|t:|1781151720
|-end|p1a: G3-X|Quark Drive|[silent]
|switch|p1a: Tetsuya Sawaki|Alomomola, L99, M|39/100 par
|-damage|p1a: Tetsuya Sawaki|27/100 par|[from] Stealth Rock
|move|p2a: Zapdos|Volt Switch|p1a: Tetsuya Sawaki
|-supereffective|p1a: Tetsuya Sawaki
|-damage|p1a: Tetsuya Sawaki|5/100 par
|
|t:|1781151726
|switch|p2a: Zamazenta|Zamazenta|100/100|[from] Volt Switch
|-damage|p2a: Zamazenta|94/100|[from] Stealth Rock
|-ability|p2a: Zamazenta|Dauntless Shield|boost
|-boost|p2a: Zamazenta|def|1
|
|-heal|p2a: Zamazenta|100/100|[from] item: Leftovers
|upkeep
|turn|24
|
|t:|1781151733
|move|p1a: Tetsuya Sawaki|Flip Turn|p2a: Zamazenta
|-damage|p2a: Zamazenta|92/100
|
|t:|1781151741
|switch|p1a: MACHINE TORNADER|Gholdengo|100/100|[from] Flip Turn
|-damage|p1a: MACHINE TORNADER|94/100|[from] Stealth Rock
|move|p2a: Zamazenta|Roar|p1a: MACHINE TORNADER
|-immune|p1a: MACHINE TORNADER|[from] ability: Good as Gold
|
|-heal|p2a: Zamazenta|98/100|[from] item: Leftovers
|upkeep
|turn|25
|
|t:|1781151752
|move|p1a: MACHINE TORNADER|Trick|p2a: Zamazenta
|-activate|p1a: MACHINE TORNADER|move: Trick|[of] p2a: Zamazenta
|-item|p2a: Zamazenta|Choice Scarf|[from] move: Trick
|-item|p1a: MACHINE TORNADER|Leftovers|[from] move: Trick
|move|p2a: Zamazenta|Crunch|p1a: MACHINE TORNADER
|-supereffective|p1a: MACHINE TORNADER
|-damage|p1a: MACHINE TORNADER|48/100
|
|-heal|p1a: MACHINE TORNADER|54/100|[from] item: Leftovers
|upkeep
|turn|26
|
|t:|1781151760
|switch|p2a: Clefable|Clefable, M|100/100
|switch|p1a: Gills Exceed|Great Tusk|100/100
|
|upkeep
|turn|27
|
|t:|1781151767
|move|p1a: Gills Exceed|Rapid Spin|p2a: Clefable
|-damage|p2a: Clefable|88/100
|-boost|p1a: Gills Exceed|spe|1
|-sideend|p1: Nat889|Stealth Rock|[from] move: Rapid Spin|[of] p1a: Gills Exceed
|move|p2a: Clefable|Moonblast|p1a: Gills Exceed
|-supereffective|p1a: Gills Exceed
|-damage|p1a: Gills Exceed|10/100
|-unboost|p1a: Gills Exceed|spa|1
|
|upkeep
|turn|28
|
|t:|1781151782
|switch|p2a: Zapdos|Zapdos, tera:Steel|61/100
|move|p1a: Gills Exceed|Headlong Rush|p2a: Zapdos
|-supereffective|p2a: Zapdos
|-damage|p2a: Zapdos|0 fnt
|-unboost|p1a: Gills Exceed|def|1
|-unboost|p1a: Gills Exceed|spd|1
|-status|p1a: Gills Exceed|par|[from] ability: Static|[of] p2a: Zapdos
|faint|p2a: Zapdos
|
|upkeep
|
|t:|1781151785
|switch|p2a: Samurott|Samurott-Hisui, M|100/100
|-damage|p2a: Samurott|88/100|[from] Stealth Rock
|turn|29
|
|t:|1781151795
|move|p2a: Samurott|Ceaseless Edge|p1a: Gills Exceed
|-resisted|p1a: Gills Exceed
|-damage|p1a: Gills Exceed|0 fnt
|-sidestart|p1: Nat889|Spikes
|faint|p1a: Gills Exceed
|-end|p1a: Gills Exceed|Protosynthesis|[silent]
|
|upkeep
|
|t:|1781151804
|switch|p1a: G3-X|Iron Valiant, shiny, tera:Fairy|94/100
|-damage|p1a: G3-X|82/100|[from] Spikes
|turn|30
|
|t:|1781151812
|move|p2a: Samurott|Ceaseless Edge|p1a: G3-X
|-resisted|p1a: G3-X
|-damage|p1a: G3-X|53/100
|-sidestart|p1: Nat889|Spikes
|move|p1a: G3-X|Moonblast|p2a: Samurott
|-supereffective|p2a: Samurott
|-damage|p2a: Samurott|0 fnt
|faint|p2a: Samurott
|
|upkeep
|
|t:|1781151817
|switch|p2a: Garganacl|Garganacl, F|78/100
|-damage|p2a: Garganacl|66/100|[from] Stealth Rock
|turn|31
|
|t:|1781151824
|move|p1a: G3-X|Moonblast|p2a: Garganacl
|-damage|p2a: Garganacl|3/100
|move|p2a: Garganacl|Salt Cure|p1a: G3-X
|-damage|p1a: G3-X|34/100
|-start|p1a: G3-X|Salt Cure
|
|-heal|p2a: Garganacl|9/100|[from] item: Leftovers
|-damage|p1a: G3-X|22/100|[from] Salt Cure
|upkeep
|turn|32
|
|t:|1781151834
|move|p1a: G3-X|Moonblast|p2a: Garganacl
|-damage|p2a: Garganacl|0 fnt
|faint|p2a: Garganacl
|
|-damage|p1a: G3-X|9/100|[from] Salt Cure
|upkeep
|
|t:|1781151839
|switch|p2a: Zamazenta|Zamazenta|98/100
|-damage|p2a: Zamazenta|92/100|[from] Stealth Rock
|turn|33
|
|t:|1781151846
|move|p2a: Zamazenta|Crunch|p1a: G3-X
|-resisted|p1a: G3-X
|-damage|p1a: G3-X|0 fnt
|faint|p1a: G3-X
|-end|p1a: G3-X|Quark Drive|[silent]
|
|upkeep
|
|t:|1781151854
|switch|p1a: Shining Agito|Lokix, F, shiny|34/100
|-damage|p1a: Shining Agito|17/100|[from] Spikes
|turn|34
|
|t:|1781151865
|move|p2a: Zamazenta|Crunch|p1a: Shining Agito
|-resisted|p1a: Shining Agito
|-damage|p1a: Shining Agito|2/100
|move|p1a: Shining Agito|Leech Life|p2a: Zamazenta
|-resisted|p2a: Zamazenta
|-damage|p2a: Zamazenta|50/100
|-heal|p1a: Shining Agito|31/100|[from] drain|[of] p2a: Zamazenta
|
|upkeep
|turn|35
|
|t:|1781151873
|switch|p2a: Clefable|Clefable, M|88/100
|move|p1a: Shining Agito|Leech Life|p2a: Clefable
|-resisted|p2a: Clefable
|-crit|p2a: Clefable
|-damage|p2a: Clefable|27/100
|-heal|p1a: Shining Agito|73/100|[from] drain|[of] p2a: Clefable
|
|upkeep
|turn|36
|
|t:|1781151882
|move|p1a: Shining Agito|Leech Life|p2a: Clefable
|-resisted|p2a: Clefable
|-damage|p2a: Clefable|0 fnt
|-heal|p1a: Shining Agito|92/100|[from] drain|[of] p2a: Clefable
|faint|p2a: Clefable
|
|upkeep
|
|t:|1781151885
|switch|p2a: Zamazenta|Zamazenta|50/100
|-damage|p2a: Zamazenta|44/100|[from] Stealth Rock
|turn|37
|
|t:|1781151892
|switch|p1a: Tetsuya Sawaki|Alomomola, L99, M|39/100 par
|-damage|p1a: Tetsuya Sawaki|22/100 par|[from] Spikes
|move|p2a: Zamazenta|Roar|p1a: Tetsuya Sawaki
|drag|p1a: Shining Agito|Lokix, F, shiny|92/100
|-damage|p1a: Shining Agito|75/100|[from] Spikes
|
|upkeep
|turn|38
|
|t:|1781151901
|move|p1a: Shining Agito|Knock Off|p2a: Zamazenta
|-resisted|p2a: Zamazenta
|-damage|p2a: Zamazenta|0 fnt
|-enditem|p2a: Zamazenta|Choice Scarf|[from] move: Knock Off|[of] p1a: Shining Agito
|faint|p2a: Zamazenta
|
|win|Nat889
|raw|Nat889's rating: 1642 &rarr; <strong>1657</strong><br />(+15 for winning)
|raw|KurisuChestnutOU's rating: 1551 &rarr; <strong>1536</strong><br />(-15 for losing)
