|j|☆evoqative
|j|☆Thederpa1
|t:|1781183259
|gametype|singles
|player|p1|evoqative|hiker-gen4|1532
|player|p2|Thederpa1|swimmer-gen4dp|1532
|gen|9
|tier|[Gen 9] OU
|rated|
|rule|HP Percentage Mod: HP is shown in percentages
|rule|Endless Battle Clause: Forcing endless battles is banned
|rule|Species Clause: Limit one of each Pokémon
|rule|OHKO Clause: OHKO moves are banned
|rule|Evasion Items Clause: Evasion items are banned
|rule|Evasion Moves Clause: Evasion moves are banned
|rule|Evasion Abilities Clause: Evasion abilities are banned
|rule|Sleep Moves Clause: Sleep-inducing moves are banned
|clearpoke
|poke|p1|Latias, F|
|poke|p1|Mimikyu, F|
|poke|p1|Glimmora, M|
|poke|p1|Kingambit, F|
|poke|p1|Iron Boulder|
|poke|p1|Iron Moth|
|poke|p2|Great Tusk|
|poke|p2|Gholdengo|
|poke|p2|Volcanion|
|poke|p2|Scream Tail|
|poke|p2|Ogerpon-Wellspring, F|
|poke|p2|Hoopa-Unbound|
|teampreview
|inactive|Battle timer is ON: inactive players will automatically lose when time's up. (requested by evoqative)
|
|t:|1781183271
|teamsize|p1|6
|teamsize|p2|6
|start
|switch|p1a: Glimmora|Glimmora, M|100/100
|switch|p2a: Volcanion|Volcanion|100/100
|turn|1
|
|t:|1781183276
|switch|p2a: Scream Tail|Scream Tail|100/100
|move|p1a: Glimmora|Earth Power|p2a: Scream Tail
|-damage|p2a: Scream Tail|78/100
|
|-heal|p2a: Scream Tail|85/100|[from] item: Leftovers
|upkeep
|turn|2
|
|t:|1781183280
|move|p2a: Scream Tail|Psychic Noise|p1a: Glimmora
|-supereffective|p1a: Glimmora
|-damage|p1a: Glimmora|56/100
|-start|p1a: Glimmora|move: Heal Block
|move|p1a: Glimmora|Stealth Rock|p2a: Scream Tail
|-sidestart|p2: Thederpa1|move: Stealth Rock
|
|-heal|p2a: Scream Tail|91/100|[from] item: Leftovers
|upkeep
|turn|3
|
|t:|1781183291
|move|p2a: Scream Tail|Psychic Noise|p1a: Glimmora
|-supereffective|p1a: Glimmora
|-crit|p1a: Glimmora
|-damage|p1a: Glimmora|0 fnt
|faint|p1a: Glimmora
|
|-heal|p2a: Scream Tail|97/100|[from] item: Leftovers
|upkeep
|
|t:|1781183309
|switch|p1a: Iron Moth|Iron Moth|100/100
|-enditem|p1a: Iron Moth|Booster Energy
|-activate|p1a: Iron Moth|ability: Quark Drive|[fromitem]
|-start|p1a: Iron Moth|quarkdrivespe
|turn|4
|
|t:|1781183317
|move|p1a: Iron Moth|Sludge Wave|p2a: Scream Tail
|-supereffective|p2a: Scream Tail
|-damage|p2a: Scream Tail|25/100
|move|p2a: Scream Tail|Psychic Noise|p1a: Iron Moth
|-supereffective|p1a: Iron Moth
|-damage|p1a: Iron Moth|62/100
|-start|p1a: Iron Moth|move: Heal Block
|
|-heal|p2a: Scream Tail|31/100|[from] item: Leftovers
|upkeep
|turn|5
|l|☆Thederpa1
|inactive|Thederpa1 disconnected and has a minute to reconnect!
|player|p2|
|j|☆Thederpa1
|inactive|Thederpa1 reconnected and has 120 seconds left.
|player|p2|Thederpa1|swimmer-gen4dp|
|
|t:|1781183356
|move|p1a: Iron Moth|Fiery Dance|p2a: Scream Tail
|-damage|p2a: Scream Tail|4/100
|move|p2a: Scream Tail|Stealth Rock|p1a: Iron Moth
|-sidestart|p1: evoqative|move: Stealth Rock
|
|-heal|p2a: Scream Tail|10/100|[from] item: Leftovers
|-end|p1a: Iron Moth|move: Heal Block
|upkeep
|turn|6
|inactive|Thederpa1 has 120 seconds left.
|
|t:|1781183368
|-end|p2a: Scream Tail|Protosynthesis|[silent]
|switch|p2a: Volcanion|Volcanion|100/100
|move|p1a: Iron Moth|Fiery Dance|p2a: Volcanion
|-resisted|p2a: Volcanion
|-damage|p2a: Volcanion|90/100
|
|upkeep
|turn|7
|
|t:|1781183378
|move|p1a: Iron Moth|Substitute|p1a: Iron Moth
|-start|p1a: Iron Moth|Substitute
|-damage|p1a: Iron Moth|37/100
|move|p2a: Volcanion|Steam Eruption|p1a: Iron Moth
|-supereffective|p1a: Iron Moth
|-end|p1a: Iron Moth|Substitute
|
|upkeep
|turn|8
|
|t:|1781183384
|move|p1a: Iron Moth|Sludge Wave|p2a: Volcanion
|-damage|p2a: Volcanion|44/100
|move|p2a: Volcanion|Steam Eruption|p1a: Iron Moth
|-supereffective|p1a: Iron Moth
|-damage|p1a: Iron Moth|0 fnt
|faint|p1a: Iron Moth
|-end|p1a: Iron Moth|Quark Drive|[silent]
|
|upkeep
|l|☆Thederpa1
|inactive|Thederpa1 disconnected and has a minute to reconnect!
|player|p2|
|
|t:|1781183389
|switch|p1a: Latias|Latias, F|100/100
|-damage|p1a: Latias|88/100|[from] Stealth Rock
|turn|9
|j|☆Thederpa1
|inactive|Thederpa1 reconnected and has 145 seconds left.
|player|p2|Thederpa1|swimmer-gen4dp|
|
|t:|1781183403
|switch|p2a: Gholdengo|Gholdengo|100/100
|-damage|p2a: Gholdengo|94/100|[from] Stealth Rock
|move|p1a: Latias|Calm Mind|p1a: Latias
|-boost|p1a: Latias|spa|1
|-boost|p1a: Latias|spd|1
|
|upkeep
|turn|10
|
|t:|1781183417
|switch|p1a: Iron Boulder|Iron Boulder|100/100
|-damage|p1a: Iron Boulder|88/100|[from] Stealth Rock
|-enditem|p1a: Iron Boulder|Booster Energy
|-activate|p1a: Iron Boulder|ability: Quark Drive|[fromitem]
|-start|p1a: Iron Boulder|quarkdrivespe
|move|p2a: Gholdengo|Shadow Ball|p1a: Iron Boulder
|-supereffective|p1a: Iron Boulder
|-damage|p1a: Iron Boulder|16/100
|
|upkeep
|turn|11
|
|t:|1781183430
|-end|p1a: Iron Boulder|Quark Drive|[silent]
|switch|p1a: Kingambit|Kingambit, F|100/100
|-damage|p1a: Kingambit|94/100|[from] Stealth Rock
|-activate|p1a: Kingambit|ability: Supreme Overlord
|-start|p1a: Kingambit|fallen2|[silent]
|switch|p2a: Scream Tail|Scream Tail|10/100
|-damage|p2a: Scream Tail|0 fnt|[from] Stealth Rock
|faint|p2a: Scream Tail
|-end|p2a: Scream Tail|Protosynthesis|[silent]
|
|-heal|p1a: Kingambit|100/100|[from] item: Leftovers
|upkeep
|
|t:|1781183434
|switch|p2a: Great Tusk|Great Tusk|100/100
|-damage|p2a: Great Tusk|98/100|[from] Stealth Rock
|turn|12
|
|t:|1781183441
|-end|p1a: Kingambit|fallen2|[silent]
|switch|p1a: Latias|Latias, F|88/100
|-damage|p1a: Latias|76/100|[from] Stealth Rock
|move|p2a: Great Tusk|Bulk Up|p2a: Great Tusk
|-boost|p2a: Great Tusk|atk|1
|-boost|p2a: Great Tusk|def|1
|
|-heal|p2a: Great Tusk|100/100|[from] item: Leftovers
|upkeep
|turn|13
|
|t:|1781183445
|-terastallize|p2a: Great Tusk|Ghost
|move|p1a: Latias|Recover|p1a: Latias
|-heal|p1a: Latias|100/100
|move|p2a: Great Tusk|Rapid Spin|p1a: Latias
|-damage|p1a: Latias|70/100
|-boost|p2a: Great Tusk|spe|1
|-sideend|p2: Thederpa1|Stealth Rock|[from] move: Rapid Spin|[of] p2a: Great Tusk
|-enditem|p1a: Latias|Kee Berry|[eat]
|-boost|p1a: Latias|def|1|[from] item: Kee Berry
|
|upkeep
|turn|14
|
|t:|1781183456
|-terastallize|p1a: Latias|Poison
|move|p1a: Latias|Calm Mind|p1a: Latias
|-boost|p1a: Latias|spa|1
|-boost|p1a: Latias|spd|1
|move|p2a: Great Tusk|Ice Spinner|p1a: Latias
|-crit|p1a: Latias
|-damage|p1a: Latias|2/100
|
|upkeep
|turn|15
|
|t:|1781183470
|move|p1a: Latias|Recover|p1a: Latias
|-heal|p1a: Latias|52/100
|move|p2a: Great Tusk|Ice Spinner|p1a: Latias
|-damage|p1a: Latias|22/100
|
|upkeep
|turn|16
|
|t:|1781183475
|move|p1a: Latias|Recover|p1a: Latias
|-heal|p1a: Latias|72/100
|move|p2a: Great Tusk|Rapid Spin|p1a: Latias
|-crit|p1a: Latias
|-damage|p1a: Latias|29/100
|-boost|p2a: Great Tusk|spe|1
|
|upkeep
|turn|17
|
|t:|1781183482
|move|p2a: Great Tusk|Ice Spinner|p1a: Latias
|-damage|p1a: Latias|0 fnt
|faint|p1a: Latias
|
|upkeep
|c|☆evoqative|nice
|
|t:|1781183488
|switch|p1a: Mimikyu|Mimikyu, F|100/100
|-damage|p1a: Mimikyu|88/100|[from] Stealth Rock
|turn|18
|
|t:|1781183493
|move|p2a: Great Tusk|Ice Spinner|p1a: Mimikyu
|-activate|p1a: Mimikyu|ability: Disguise
|-damage|p1a: Mimikyu|88/100
|detailschange|p1a: Mimikyu|Mimikyu-Busted, F
|-damage|p1a: Mimikyu|76/100|[from] pokemon: Mimikyu-Busted
|move|p1a: Mimikyu|Swords Dance|p1a: Mimikyu
|-boost|p1a: Mimikyu|atk|2
|
|upkeep
|turn|19
|
|t:|1781183497
|move|p2a: Great Tusk|Headlong Rush|p1a: Mimikyu
|-damage|p1a: Mimikyu|0 fnt
|-unboost|p2a: Great Tusk|def|1
|-unboost|p2a: Great Tusk|spd|1
|faint|p1a: Mimikyu
|
|upkeep
|-message|evoqative forfeited.
|
|win|Thederpa1
|raw|evoqative's rating: 1532 &rarr; <strong>1512</strong><br />(-20 for losing)
|raw|Thederpa1's rating: 1532 &rarr; <strong>1552</strong><br />(+20 for winning)
|l|☆evoqative
|player|p1|
|l|☆Thederpa1
|player|p2|
