|j|☆blueisnoob
|j|☆vartholomeus
|t:|1781332190
|gametype|singles
|player|p1|blueisnoob|170|1642
|player|p2|vartholomeus|gambler|1597
|gen|9
|tier|[Gen 9] OU
|rated|
|rule|HP Percentage Mod: HP is shown in percentages
|rule|Endless Battle Clause: Forcing endless battles is banned
|rule|Species Clause: Limit one of each Pokémon
|rule|OHKO Clause: OHKO moves are banned
|rule|Evasion Items Clause: Evasion items are banned
|rule|Evasion Moves Clause: Evasion moves are banned
|rule|Evasion Abilities Clause: Evasion abilities are banned
|rule|Sleep Moves Clause: Sleep-inducing moves are banned
|clearpoke
|poke|p1|Zamazenta-*|
|poke|p1|Ogerpon-Wellspring, F|
|poke|p1|Slowking-Galar, M|
|poke|p1|Great Tusk|
|poke|p1|Kingambit, M|
|poke|p1|Zapdos|
|poke|p2|Moltres|
|poke|p2|Kleavor, F|
|poke|p2|Greninja-*, M|
|poke|p2|Ting-Lu|
|poke|p2|Iron Valiant|
|poke|p2|Gholdengo|
|teampreview
|inactive|Battle timer is ON: inactive players will automatically lose when time's up. (requested by vartholomeus)
|
|t:|1781332197
|teamsize|p1|6
|teamsize|p2|6
|start
|switch|p1a: Ogerpon|Ogerpon-Wellspring, F|100/100
|switch|p2a: Klingk|Kleavor, F|100/100
|turn|1
|
|t:|1781332200
|move|p1a: Ogerpon|Ivy Cudgel|p2a: Klingk|[anim] Ivy Cudgel Water
|-supereffective|p2a: Klingk
|-enditem|p2a: Klingk|Focus Sash
|-damage|p2a: Klingk|1/100
|move|p2a: Klingk|Stone Axe|p1a: Ogerpon|[miss]
|-miss|p2a: Klingk|p1a: Ogerpon
|
|upkeep
|turn|2
|
|t:|1781332207
|move|p2a: Klingk|Quick Attack|p1a: Ogerpon
|-damage|p1a: Ogerpon|81/100
|move|p1a: Ogerpon|Ivy Cudgel|p2a: Klingk|[anim] Ivy Cudgel Water
|-supereffective|p2a: Klingk
|-damage|p2a: Klingk|0 fnt
|faint|p2a: Klingk
|
|upkeep
|
|t:|1781332210
|switch|p2a: Suke|Greninja, M|100/100
|turn|3
|
|t:|1781332213
|move|p2a: Suke|Sludge Wave|p1a: Ogerpon
|-supereffective|p1a: Ogerpon
|-damage|p1a: Ogerpon|0 fnt
|faint|p1a: Ogerpon
|-ability|p2a: Suke|Battle Bond|boost
|-boost|p2a: Suke|atk|1
|-boost|p2a: Suke|spa|1
|-boost|p2a: Suke|spe|1
|-activate|p2a: Suke|ability: Battle Bond
|-damage|p2a: Suke|91/100|[from] item: Life Orb
|
|upkeep
|
|t:|1781332216
|switch|p1a: Kingambit|Kingambit, M|100/100
|-activate|p1a: Kingambit|ability: Supreme Overlord
|-start|p1a: Kingambit|fallen1|[silent]
|turn|4
|
|t:|1781332220
|move|p2a: Suke|Water Shuriken|p1a: Kingambit
|-damage|p1a: Kingambit|86/100
|-damage|p1a: Kingambit|72/100
|-crit|p1a: Kingambit
|-damage|p1a: Kingambit|53/100
|-damage|p1a: Kingambit|40/100
|-hitcount|p1a: Kingambit|4
|-damage|p2a: Suke|81/100|[from] item: Life Orb
|move|p1a: Kingambit|Low Kick|p2a: Suke
|-supereffective|p2a: Suke
|-damage|p2a: Suke|0 fnt
|faint|p2a: Suke
|
|-heal|p1a: Kingambit|46/100|[from] item: Leftovers
|upkeep
|
|t:|1781332224
|switch|p2a: Maltro|Moltres|100/100
|turn|5
|
|t:|1781332227
|-end|p1a: Kingambit|fallen1|[silent]
|switch|p1a: Zapdos|Zapdos|100/100
|move|p2a: Maltro|Flamethrower|p1a: Zapdos
|-damage|p1a: Zapdos|64/100
|
|upkeep
|turn|6
|
|t:|1781332232
|switch|p2a: Lulu|Ting-Lu|100/100
|-ability|p2a: Lulu|Vessel of Ruin
|move|p1a: Zapdos|Thunder Wave|p2a: Lulu
|-immune|p2a: Lulu
|
|upkeep
|turn|7
|
|t:|1781332235
|switch|p1a: Great Tusk|Great Tusk, shiny|100/100
|move|p2a: Lulu|Ruination|p1a: Great Tusk
|-damage|p1a: Great Tusk|51/100
|
|upkeep
|turn|8
|
|t:|1781332238
|switch|p2a: Maltro|Moltres|100/100
|move|p1a: Great Tusk|Stealth Rock|p2a: Maltro
|-sidestart|p2: vartholomeus|move: Stealth Rock
|
|upkeep
|turn|9
|
|t:|1781332241
|-end|p1a: Great Tusk|Protosynthesis|[silent]
|switch|p1a: Zapdos|Zapdos|64/100
|move|p2a: Maltro|Flamethrower|p1a: Zapdos
|-damage|p1a: Zapdos|29/100
|
|upkeep
|turn|10
|
|t:|1781332244
|move|p1a: Zapdos|Roost|p1a: Zapdos
|-heal|p1a: Zapdos|80/100
|-singleturn|p1a: Zapdos|move: Roost
|move|p2a: Maltro|Flamethrower|p1a: Zapdos
|-damage|p1a: Zapdos|43/100
|
|upkeep
|turn|11
|
|t:|1781332247
|switch|p2a: Lulu|Ting-Lu|100/100
|-damage|p2a: Lulu|94/100|[from] Stealth Rock
|-ability|p2a: Lulu|Vessel of Ruin
|move|p1a: Zapdos|Roost|p1a: Zapdos
|-heal|p1a: Zapdos|93/100
|-singleturn|p1a: Zapdos|move: Roost
|
|-heal|p2a: Lulu|100/100|[from] item: Leftovers
|upkeep
|turn|12
|
|t:|1781332251
|switch|p1a: Great Tusk|Great Tusk, shiny|51/100
|move|p2a: Lulu|Ruination|p1a: Great Tusk
|-damage|p1a: Great Tusk|26/100
|
|upkeep
|turn|13
|
|t:|1781332255
|-end|p1a: Great Tusk|Protosynthesis|[silent]
|switch|p1a: Zapdos|Zapdos|93/100
|move|p2a: Lulu|Earthquake|p1a: Zapdos
|-immune|p1a: Zapdos
|
|upkeep
|turn|14
|
|t:|1781332257
|move|p1a: Zapdos|Hurricane|p2a: Lulu
|-damage|p2a: Lulu|82/100
|move|p2a: Lulu|Ruination|p1a: Zapdos
|-damage|p1a: Zapdos|47/100
|
|-heal|p2a: Lulu|88/100|[from] item: Leftovers
|upkeep
|turn|15
|
|t:|1781332261
|move|p1a: Zapdos|Hurricane|p2a: Lulu
|-damage|p2a: Lulu|70/100
|move|p2a: Lulu|Ruination|p1a: Zapdos
|-damage|p1a: Zapdos|24/100
|
|-heal|p2a: Lulu|76/100|[from] item: Leftovers
|upkeep
|turn|16
|
|t:|1781332265
|move|p1a: Zapdos|Hurricane|p2a: Lulu
|-damage|p2a: Lulu|56/100
|move|p2a: Lulu|Earthquake|p1a: Zapdos
|-immune|p1a: Zapdos
|
|-heal|p2a: Lulu|63/100|[from] item: Leftovers
|upkeep
|turn|17
|
|t:|1781332269
|move|p1a: Zapdos|Hurricane|p2a: Lulu
|-crit|p2a: Lulu
|-damage|p2a: Lulu|35/100
|move|p2a: Lulu|Ruination|p1a: Zapdos
|-damage|p1a: Zapdos|12/100
|
|-heal|p2a: Lulu|41/100|[from] item: Leftovers
|upkeep
|turn|18
|
|t:|1781332273
|move|p1a: Zapdos|Hurricane|p2a: Lulu
|-damage|p2a: Lulu|24/100
|-start|p2a: Lulu|confusion
|-activate|p2a: Lulu|confusion
|move|p2a: Lulu|Rest|p2a: Lulu
|-status|p2a: Lulu|slp|[from] move: Rest
|-heal|p2a: Lulu|100/100 slp|[silent]
|
|upkeep
|turn|19
|
|t:|1781332279
|switch|p1a: Kingambit|Kingambit, M|46/100
|-activate|p1a: Kingambit|ability: Supreme Overlord
|-start|p1a: Kingambit|fallen1|[silent]
|switch|p2a: Mantequillo|Gholdengo|100/100
|-damage|p2a: Mantequillo|94/100|[from] Stealth Rock
|
|-heal|p1a: Kingambit|52/100|[from] item: Leftovers
|upkeep
|turn|20
|
|t:|1781332281
|move|p2a: Mantequillo|Focus Blast|p1a: Kingambit
|-supereffective|p1a: Kingambit
|-damage|p1a: Kingambit|0 fnt
|faint|p1a: Kingambit
|-end|p1a: Kingambit|fallen1|[silent]
|
|upkeep
|
|t:|1781332284
|switch|p1a: Zamazenta|Zamazenta|100/100
|-ability|p1a: Zamazenta|Dauntless Shield|boost
|-boost|p1a: Zamazenta|def|1
|turn|21
|
|t:|1781332288
|switch|p2a: Maltro|Moltres|100/100
|move|p1a: Zamazenta|Stone Edge|p2a: Maltro|[miss]
|-miss|p1a: Zamazenta|p2a: Maltro
|
|upkeep
|turn|22
|
|t:|1781332290
|move|p1a: Zamazenta|Stone Edge|p2a: Maltro
|-supereffective|p2a: Maltro
|-damage|p2a: Maltro|0 fnt
|faint|p2a: Maltro
|
|upkeep
|
|t:|1781332293
|switch|p2a: Irohak|Iron Valiant|100/100
|-damage|p2a: Irohak|94/100|[from] Stealth Rock
|-enditem|p2a: Irohak|Booster Energy
|-activate|p2a: Irohak|ability: Quark Drive|[fromitem]
|-start|p2a: Irohak|quarkdrivespe
|turn|23
|
|t:|1781332297
|switch|p1a: Slowking|Slowking-Galar, M|100/100
|move|p2a: Irohak|Moonblast|p1a: Slowking
|-resisted|p1a: Slowking
|-damage|p1a: Slowking|88/100
|
|upkeep
|turn|24
|
|t:|1781332308
|-terastallize|p2a: Irohak|Ghost
|move|p2a: Irohak|Calm Mind|p2a: Irohak
|-boost|p2a: Irohak|spa|1
|-boost|p2a: Irohak|spd|1
|move|p1a: Slowking|Sludge Bomb|p2a: Irohak
|-resisted|p2a: Irohak
|-damage|p2a: Irohak|67/100
|-status|p2a: Irohak|psn
|
|-damage|p2a: Irohak|54/100 psn|[from] psn
|upkeep
|turn|25
|
|t:|1781332311
|move|p2a: Irohak|Shadow Ball|p1a: Slowking
|-supereffective|p1a: Slowking
|-damage|p1a: Slowking|32/100
|move|p1a: Slowking|Psyshock|p2a: Irohak
|-damage|p2a: Irohak|3/100 psn
|
|-damage|p2a: Irohak|0 fnt|[from] psn
|faint|p2a: Irohak
|-end|p2a: Irohak|Quark Drive|[silent]
|upkeep
|
|t:|1781332316
|switch|p2a: Mantequillo|Gholdengo|94/100
|-damage|p2a: Mantequillo|88/100|[from] Stealth Rock
|turn|26
|
|t:|1781332326
|-terastallize|p1a: Slowking|Water
|move|p2a: Mantequillo|Shadow Ball|p1a: Slowking
|-damage|p1a: Slowking|11/100
|move|p1a: Slowking|Flamethrower|p2a: Mantequillo
|-supereffective|p2a: Mantequillo
|-damage|p2a: Mantequillo|24/100
|
|upkeep
|turn|27
|
|t:|1781332338
|switch|p1a: Zapdos|Zapdos|12/100
|move|p2a: Mantequillo|Shadow Ball|p1a: Zapdos
|-damage|p1a: Zapdos|0 fnt
|faint|p1a: Zapdos
|
|upkeep
|
|t:|1781332342
|switch|p1a: Slowking|Slowking-Galar, M, tera:Water|44/100
|turn|28
|
|t:|1781332344
|move|p2a: Mantequillo|Shadow Ball|p1a: Slowking
|-damage|p1a: Slowking|23/100
|move|p1a: Slowking|Flamethrower|p2a: Mantequillo
|-supereffective|p2a: Mantequillo
|-damage|p2a: Mantequillo|0 fnt
|faint|p2a: Mantequillo
|
|upkeep
|
|t:|1781332348
|switch|p2a: Lulu|Ting-Lu|100/100 slp
|-damage|p2a: Lulu|94/100 slp|[from] Stealth Rock
|-ability|p2a: Lulu|Vessel of Ruin
|turn|29
|
|t:|1781332351
|switch|p1a: Great Tusk|Great Tusk, shiny|26/100
|cant|p2a: Lulu|slp
|move|p2a: Lulu|Sleep Talk|p2a: Lulu
|move|p2a: Lulu|Earthquake|p1a: Great Tusk|[from] move: Sleep Talk
|-damage|p1a: Great Tusk|0 fnt
|faint|p1a: Great Tusk
|-end|p1a: Great Tusk|Protosynthesis|[silent]
|
|-heal|p2a: Lulu|100/100 slp|[from] item: Leftovers
|upkeep
|
|t:|1781332353
|switch|p1a: Zamazenta|Zamazenta|100/100
|turn|30
|
|t:|1781332356
|move|p1a: Zamazenta|Ice Fang|p2a: Lulu|[miss]
|-miss|p1a: Zamazenta|p2a: Lulu
|cant|p2a: Lulu|slp
|move|p2a: Lulu|Sleep Talk|p2a: Lulu
|move|p2a: Lulu|Rest||[from] move: Sleep Talk|[still]
|-fail|p2a: Lulu
|
|upkeep
|turn|31
|
|t:|1781332360
|move|p1a: Zamazenta|Ice Fang|p2a: Lulu
|-supereffective|p2a: Lulu
|-damage|p2a: Lulu|71/100 slp
|-curestatus|p2a: Lulu|slp|[msg]
|move|p2a: Lulu|Ruination|p1a: Zamazenta
|-damage|p1a: Zamazenta|51/100
|
|-heal|p2a: Lulu|77/100|[from] item: Leftovers
|upkeep
|turn|32
|
|t:|1781332367
|move|p1a: Zamazenta|Ice Fang|p2a: Lulu
|-supereffective|p2a: Lulu
|-damage|p2a: Lulu|47/100
|move|p2a: Lulu|Ruination|p1a: Zamazenta
|-damage|p1a: Zamazenta|26/100
|
|-heal|p2a: Lulu|53/100|[from] item: Leftovers
|upkeep
|turn|33
|
|t:|1781332371
|move|p1a: Zamazenta|Close Combat|p2a: Lulu
|-supereffective|p2a: Lulu
|-damage|p2a: Lulu|0 fnt
|-unboost|p1a: Zamazenta|def|1
|-unboost|p1a: Zamazenta|spd|1
|faint|p2a: Lulu
|
|win|blueisnoob
|raw|blueisnoob's rating: 1642 &rarr; <strong>1659</strong><br />(+17 for winning)
|raw|vartholomeus's rating: 1597 &rarr; <strong>1580</strong><br />(-17 for losing)
|l|☆vartholomeus
|player|p2|
