|j|☆cronem
|j|☆LowEL0God
|t:|1781220699
|gametype|singles
|player|p1|cronem|266|1540
|player|p2|LowEL0God|265|1607
|gen|9
|tier|[Gen 9] OU
|rated|
|rule|HP Percentage Mod: HP is shown in percentages
|rule|Endless Battle Clause: Forcing endless battles is banned
|rule|Species Clause: Limit one of each Pokémon
|rule|OHKO Clause: OHKO moves are banned
|rule|Evasion Items Clause: Evasion items are banned
|rule|Evasion Moves Clause: Evasion moves are banned
|rule|Evasion Abilities Clause: Evasion abilities are banned
|rule|Sleep Moves Clause: Sleep-inducing moves are banned
|clearpoke
|poke|p1|Iron Crown|
|poke|p1|Deoxys-Speed|
|poke|p1|Iron Valiant|
|poke|p1|Gardevoir, M|
|poke|p1|Samurott-Hisui, M|
|poke|p1|Hoopa-Unbound|
|poke|p2|Pelipper, F|
|poke|p2|Raging Bolt|
|poke|p2|Overqwil, M|
|poke|p2|Barraskewda, M|
|poke|p2|Iron Treads|
|poke|p2|Kingambit, M|
|teampreview
|c|☆LowEL0God|hf
|inactive|Battle timer is ON: inactive players will automatically lose when time's up. (requested by LowEL0God)
|
|t:|1781220714
|teamsize|p1|6
|teamsize|p2|6
|start
|switch|p1a: Hoopa|Hoopa-Unbound|100/100
|switch|p2a: Overqwil|Overqwil, M|100/100
|turn|1
|
|t:|1781220729
|move|p2a: Overqwil|Gunk Shot|p1a: Hoopa
|-damage|p1a: Hoopa|4/100
|-damage|p2a: Overqwil|91/100|[from] item: Life Orb
|move|p1a: Hoopa|Thunderbolt|p2a: Overqwil
|-damage|p2a: Overqwil|33/100
|
|upkeep
|turn|2
|
|t:|1781220736
|move|p2a: Overqwil|Crunch|p1a: Hoopa
|-damage|p1a: Hoopa|0 fnt
|faint|p1a: Hoopa
|-damage|p2a: Overqwil|23/100|[from] item: Life Orb
|
|upkeep
|inactive|cronem has 120 seconds left.
|
|t:|1781220770
|switch|p1a: Iron Valiant|Iron Valiant|100/100
|-enditem|p1a: Iron Valiant|Booster Energy
|-activate|p1a: Iron Valiant|ability: Quark Drive|[fromitem]
|-start|p1a: Iron Valiant|quarkdrivespe
|turn|3
|
|t:|1781220773
|switch|p2a: Kingambit|Kingambit, M|100/100
|move|p1a: Iron Valiant|Moonblast|p2a: Kingambit
|-damage|p2a: Kingambit|53/100
|
|-heal|p2a: Kingambit|60/100|[from] item: Leftovers
|upkeep
|turn|4
|
|t:|1781220776
|move|p1a: Iron Valiant|Close Combat|p2a: Kingambit
|-supereffective|p2a: Kingambit
|-damage|p2a: Kingambit|0 fnt
|-unboost|p1a: Iron Valiant|def|1
|-unboost|p1a: Iron Valiant|spd|1
|faint|p2a: Kingambit
|-end|p2a: Kingambit|fallenundefined|[silent]
|
|upkeep
|
|t:|1781220777
|switch|p2a: Pelipper|Pelipper, F|100/100
|-weather|RainDance|[from] ability: Drizzle|[of] p2a: Pelipper
|turn|5
|
|t:|1781220780
|move|p1a: Iron Valiant|Moonblast|p2a: Pelipper
|-damage|p2a: Pelipper|31/100
|move|p2a: Pelipper|Hurricane|p1a: Iron Valiant
|-supereffective|p1a: Iron Valiant
|-crit|p1a: Iron Valiant
|-damage|p1a: Iron Valiant|0 fnt
|faint|p1a: Iron Valiant
|-end|p1a: Iron Valiant|Quark Drive|[silent]
|
|-weather|RainDance|[upkeep]
|upkeep
|
|t:|1781220790
|switch|p1a: Samurott|Samurott-Hisui, M|100/100
|turn|6
|
|t:|1781220793
|switch|p2a: Raging Bolt|Raging Bolt|100/100
|-enditem|p2a: Raging Bolt|Booster Energy
|-activate|p2a: Raging Bolt|ability: Protosynthesis|[fromitem]
|-start|p2a: Raging Bolt|protosynthesisspa
|move|p1a: Samurott|Ceaseless Edge|p2a: Raging Bolt
|-damage|p2a: Raging Bolt|55/100
|-sidestart|p2: LowEL0God|Spikes
|
|-weather|RainDance|[upkeep]
|upkeep
|turn|7
|inactive|cronem has 120 seconds left.
|inactive|cronem has 90 seconds left.
|
|t:|1781220882
|switch|p1a: Deoxys|Deoxys-Speed|100/100
|-ability|p1a: Deoxys|Pressure
|move|p2a: Raging Bolt|Thunder|p1a: Deoxys
|-damage|p1a: Deoxys|0 fnt
|faint|p1a: Deoxys
|
|-weather|RainDance|[upkeep]
|upkeep
|inactive|cronem has 60 seconds left.
|
|t:|1781220892
|switch|p1a: Gardevoir|Gardevoir, M, shiny|100/100
|turn|8
|
|t:|1781220898
|move|p1a: Gardevoir|Moonblast|p2a: Raging Bolt
|-supereffective|p2a: Raging Bolt
|-damage|p2a: Raging Bolt|0 fnt
|faint|p2a: Raging Bolt
|-end|p2a: Raging Bolt|Protosynthesis|[silent]
|
|-weather|RainDance|[upkeep]
|upkeep
|
|t:|1781220900
|switch|p2a: Barraskewda|Barraskewda, M|100/100
|-ability|p1a: Gardevoir|Swift Swim|Trace|[from] ability: Trace|[of] p2a: Barraskewda
|-damage|p2a: Barraskewda|88/100|[from] Spikes
|turn|9
|
|t:|1781220908
|-terastallize|p2a: Barraskewda|Water
|move|p2a: Barraskewda|Aqua Jet|p1a: Gardevoir
|-damage|p1a: Gardevoir|0 fnt
|faint|p1a: Gardevoir
|
|-weather|RainDance|[upkeep]
|upkeep
|
|t:|1781220918
|switch|p1a: Samurott|Samurott-Hisui, M|100/100
|turn|10
|
|t:|1781220925
|switch|p2a: Overqwil|Overqwil, M|23/100
|-damage|p2a: Overqwil|11/100|[from] Spikes
|move|p1a: Samurott|Ceaseless Edge|p2a: Overqwil|[miss]
|-miss|p1a: Samurott|p2a: Overqwil
|
|-weather|RainDance|[upkeep]
|upkeep
|turn|11
|
|t:|1781220929
|move|p1a: Samurott|Aqua Jet|p2a: Overqwil
|-damage|p2a: Overqwil|0 fnt
|faint|p2a: Overqwil
|
|-weather|RainDance|[upkeep]
|upkeep
|
|t:|1781220929
|switch|p2a: Barraskewda|Barraskewda, M, tera:Water|88/100
|-damage|p2a: Barraskewda|75/100|[from] Spikes
|turn|12
|
|t:|1781220938
|move|p2a: Barraskewda|Close Combat|p1a: Samurott
|-supereffective|p1a: Samurott
|-enditem|p1a: Samurott|Focus Sash
|-damage|p1a: Samurott|1/100
|-unboost|p2a: Barraskewda|def|1
|-unboost|p2a: Barraskewda|spd|1
|move|p1a: Samurott|Ceaseless Edge|p2a: Barraskewda
|-damage|p2a: Barraskewda|0 fnt
|-sidestart|p2: LowEL0God|Spikes
|faint|p2a: Barraskewda
|
|-weather|none
|upkeep
|
|t:|1781220939
|switch|p2a: Iron Treads|Iron Treads|100/100
|-damage|p2a: Iron Treads|84/100|[from] Spikes
|-enditem|p2a: Iron Treads|Booster Energy
|-activate|p2a: Iron Treads|ability: Quark Drive|[fromitem]
|-start|p2a: Iron Treads|quarkdrivespe
|turn|13
|
|t:|1781220945
|move|p1a: Samurott|Aqua Jet|p2a: Iron Treads
|-supereffective|p2a: Iron Treads
|-damage|p2a: Iron Treads|44/100
|move|p2a: Iron Treads|Earth Power|p1a: Samurott
|-damage|p1a: Samurott|0 fnt
|faint|p1a: Samurott
|
|upkeep
|
|t:|1781220947
|switch|p1a: Iron Crown|Iron Crown|100/100
|-enditem|p1a: Iron Crown|Booster Energy
|-activate|p1a: Iron Crown|ability: Quark Drive|[fromitem]
|-start|p1a: Iron Crown|quarkdrivespa
|turn|14
|
|t:|1781220953
|-terastallize|p1a: Iron Crown|Fighting
|move|p2a: Iron Treads|Rapid Spin|p1a: Iron Crown
|-damage|p1a: Iron Crown|90/100
|-boost|p2a: Iron Treads|spe|1
|-sideend|p2: LowEL0God|Spikes|[from] move: Rapid Spin|[of] p2a: Iron Treads
|move|p1a: Iron Crown|Focus Blast|p2a: Iron Treads|[miss]
|-miss|p1a: Iron Crown|p2a: Iron Treads
|
|upkeep
|turn|15
|
|t:|1781220956
|move|p2a: Iron Treads|Earth Power|p1a: Iron Crown
|-damage|p1a: Iron Crown|58/100
|move|p1a: Iron Crown|Focus Blast|p2a: Iron Treads|[miss]
|-miss|p1a: Iron Crown|p2a: Iron Treads
|
|upkeep
|turn|16
|
|t:|1781220958
|move|p2a: Iron Treads|Steel Beam|p1a: Iron Crown
|-damage|p1a: Iron Crown|3/100
|-damage|p2a: Iron Treads|0 fnt|[from] steelbeam
|faint|p2a: Iron Treads
|-end|p2a: Iron Treads|Quark Drive|[silent]
|move|p1a: Iron Crown|Focus Blast|p2: Iron Treads|[notarget]
|-fail|p1a: Iron Crown
|
|upkeep
|
|t:|1781220959
|switch|p2a: Pelipper|Pelipper, F|31/100
|-weather|RainDance|[from] ability: Drizzle|[of] p2a: Pelipper
|turn|17
|
|t:|1781220961
|move|p1a: Iron Crown|Expanding Force|p2a: Pelipper
|-damage|p2a: Pelipper|0 fnt
|faint|p2a: Pelipper
|
|win|cronem
|raw|cronem's rating: 1540 &rarr; <strong>1564</strong><br />(+24 for winning)
|raw|LowEL0God's rating: 1607 &rarr; <strong>1583</strong><br />(-24 for losing)
|l|☆cronem
|player|p1|
|c|☆LowEL0God|gg
|l|☆LowEL0God
|player|p2|
