|badge|p2|bronze|gen9ou|100-9
|uhtml|medal-msg|<div class="broadcast-blue">Curious what those medals under the avatar are? PS now has Ladder Seasons! For more information, check out the <a href="https://www.smogon.com/forums/threads/3740067/">thread on Smogon.</a></div>
|j|☆billythekid95
|j|☆mothily ><
|t:|1781569798
|gametype|singles
|player|p1|billythekid95|169|1747
|player|p2|mothily ><|iono-masters|1880
|gen|9
|tier|[Gen 9] OU
|rated|
|rule|HP Percentage Mod: HP is shown in percentages
|rule|Endless Battle Clause: Forcing endless battles is banned
|rule|Species Clause: Limit one of each Pokémon
|rule|OHKO Clause: OHKO moves are banned
|rule|Evasion Items Clause: Evasion items are banned
|rule|Evasion Moves Clause: Evasion moves are banned
|rule|Evasion Abilities Clause: Evasion abilities are banned
|rule|Sleep Moves Clause: Sleep-inducing moves are banned
|clearpoke
|poke|p1|Walking Wake|
|poke|p1|Ribombee, F|
|poke|p1|Gholdengo|
|poke|p1|Torkoal, M|
|poke|p1|Great Tusk|
|poke|p1|Ceruledge, M|
|poke|p2|Slither Wing|
|poke|p2|Ninetales, F|
|poke|p2|Iron Moth|
|poke|p2|Walking Wake|
|poke|p2|Great Tusk|
|poke|p2|Venusaur, F|
|teampreview
|c|☆mothily ><|hf
|
|t:|1781569814
|teamsize|p1|6
|teamsize|p2|6
|start
|switch|p1a: Ribombee|Ribombee, F|100/100
|switch|p2a: naruto|Ninetales, F|100/100
|-weather|SunnyDay|[from] ability: Drought|[of] p2a: naruto
|turn|1
|
|t:|1781569821
|move|p1a: Ribombee|Sticky Web|p2a: naruto
|-sidestart|p2: mothily ><|move: Sticky Web
|move|p2a: naruto|Encore|p1a: Ribombee
|-start|p1a: Ribombee|Encore
|
|-weather|SunnyDay|[upkeep]
|upkeep
|turn|2
|
|t:|1781569826
|switch|p1a: Walking Wake|Walking Wake|100/100
|-activate|p1a: Walking Wake|ability: Protosynthesis
|-start|p1a: Walking Wake|protosynthesisspa
|switch|p2a: OMG ILY|Slither Wing|100/100
|-activate|p2a: OMG ILY|move: Sticky Web
|-unboost|p2a: OMG ILY|spe|1
|-activate|p2a: OMG ILY|ability: Protosynthesis
|-start|p2a: OMG ILY|protosynthesisatk
|
|-weather|SunnyDay|[upkeep]
|upkeep
|turn|3
|
|t:|1781569837
|-end|p1a: Walking Wake|Protosynthesis|[silent]
|switch|p1a: Ribombee|Ribombee, F|100/100
|-end|p2a: OMG ILY|Protosynthesis|[silent]
|switch|p2a: Walkenheimer|Walking Wake|100/100
|-activate|p2a: Walkenheimer|move: Sticky Web
|-unboost|p2a: Walkenheimer|spe|1
|-activate|p2a: Walkenheimer|ability: Protosynthesis
|-start|p2a: Walkenheimer|protosynthesisspa
|
|-weather|SunnyDay|[upkeep]
|upkeep
|turn|4
|
|t:|1781569846
|-end|p2a: Walkenheimer|Protosynthesis|[silent]
|switch|p2a: Iron Moth|Iron Moth|100/100
|-activate|p2a: Iron Moth|move: Sticky Web
|-unboost|p2a: Iron Moth|spe|1
|-enditem|p2a: Iron Moth|Booster Energy
|-activate|p2a: Iron Moth|ability: Quark Drive|[fromitem]
|-start|p2a: Iron Moth|quarkdrivespa
|move|p1a: Ribombee|Moonblast|p2a: Iron Moth
|-resisted|p2a: Iron Moth
|-damage|p2a: Iron Moth|90/100
|
|-weather|SunnyDay|[upkeep]
|upkeep
|turn|5
|
|t:|1781569854
|move|p1a: Ribombee|Stun Spore|p2a: Iron Moth
|-status|p2a: Iron Moth|par
|move|p2a: Iron Moth|Sludge Wave|p1a: Ribombee
|-supereffective|p1a: Ribombee
|-enditem|p1a: Ribombee|Focus Sash
|-damage|p1a: Ribombee|1/100
|
|-weather|SunnyDay|[upkeep]
|upkeep
|turn|6
|
|t:|1781569863
|switch|p1a: Walking Wake|Walking Wake|100/100
|-activate|p1a: Walking Wake|ability: Protosynthesis
|-start|p1a: Walking Wake|protosynthesisspa
|move|p2a: Iron Moth|Fiery Dance|p1a: Walking Wake
|-resisted|p1a: Walking Wake
|-damage|p1a: Walking Wake|73/100
|
|-weather|SunnyDay|[upkeep]
|upkeep
|turn|7
|
|t:|1781569872
|move|p1a: Walking Wake|Hydro Steam|p2a: Iron Moth
|-supereffective|p2a: Iron Moth
|-damage|p2a: Iron Moth|0 fnt
|faint|p2a: Iron Moth
|-end|p2a: Iron Moth|Quark Drive|[silent]
|
|-weather|SunnyDay|[upkeep]
|upkeep
|
|t:|1781569874
|switch|p2a: Walkenheimer|Walking Wake|100/100
|-activate|p2a: Walkenheimer|move: Sticky Web
|-unboost|p2a: Walkenheimer|spe|1
|-activate|p2a: Walkenheimer|ability: Protosynthesis
|-start|p2a: Walkenheimer|protosynthesisspa
|turn|8
|
|t:|1781569885
|-end|p1a: Walking Wake|Protosynthesis|[silent]
|switch|p1a: Great Tusk|Great Tusk|100/100
|-activate|p1a: Great Tusk|ability: Protosynthesis
|-start|p1a: Great Tusk|protosynthesisatk
|move|p2a: Walkenheimer|Hydro Steam|p1a: Great Tusk
|-supereffective|p1a: Great Tusk
|-damage|p1a: Great Tusk|0 fnt
|faint|p1a: Great Tusk
|-end|p1a: Great Tusk|Protosynthesis|[silent]
|
|-weather|none
|-end|p2a: Walkenheimer|Protosynthesis
|upkeep
|
|t:|1781569899
|switch|p1a: Torkoal|Torkoal, M|100/100
|-weather|SunnyDay|[from] ability: Drought|[of] p1a: Torkoal
|-activate|p2a: Walkenheimer|ability: Protosynthesis
|-start|p2a: Walkenheimer|protosynthesisspa
|turn|9
|
|t:|1781569904
|move|p2a: Walkenheimer|Hydro Steam|p1a: Torkoal
|-supereffective|p1a: Torkoal
|-damage|p1a: Torkoal|0 fnt
|faint|p1a: Torkoal
|
|-weather|SunnyDay|[upkeep]
|upkeep
|
|t:|1781569909
|switch|p1a: Walking Wake|Walking Wake|73/100
|-activate|p1a: Walking Wake|ability: Protosynthesis
|-start|p1a: Walking Wake|protosynthesisspa
|turn|10
|
|t:|1781569914
|-end|p2a: Walkenheimer|Protosynthesis|[silent]
|switch|p2a: OMG ILY|Slither Wing|100/100
|-activate|p2a: OMG ILY|move: Sticky Web
|-unboost|p2a: OMG ILY|spe|1
|-activate|p2a: OMG ILY|ability: Protosynthesis
|-start|p2a: OMG ILY|protosynthesisatk
|move|p1a: Walking Wake|Dragon Pulse|p2a: OMG ILY
|-damage|p2a: OMG ILY|50/100
|
|-weather|SunnyDay|[upkeep]
|upkeep
|turn|11
|
|t:|1781569923
|-end|p1a: Walking Wake|Protosynthesis|[silent]
|switch|p1a: Ribombee|Ribombee, F|1/100
|move|p2a: OMG ILY|First Impression|p1a: Ribombee
|-resisted|p1a: Ribombee
|-crit|p1a: Ribombee
|-damage|p1a: Ribombee|0 fnt
|faint|p1a: Ribombee
|
|-weather|SunnyDay|[upkeep]
|upkeep
|
|t:|1781569931
|switch|p1a: Ceruledge|Ceruledge, M|100/100
|turn|12
|
|t:|1781569934
|move|p1a: Ceruledge|Swords Dance|p1a: Ceruledge
|-boost|p1a: Ceruledge|atk|2
|move|p2a: OMG ILY|Earthquake|p1a: Ceruledge
|-supereffective|p1a: Ceruledge
|-enditem|p1a: Ceruledge|Focus Sash
|-damage|p1a: Ceruledge|1/100
|-ability|p1a: Ceruledge|Weak Armor|boost
|-unboost|p1a: Ceruledge|def|1
|-boost|p1a: Ceruledge|spe|2
|
|-weather|SunnyDay|[upkeep]
|upkeep
|turn|13
|
|t:|1781569944
|-end|p2a: OMG ILY|Protosynthesis|[silent]
|switch|p2a: Walkenheimer|Walking Wake|100/100
|-activate|p2a: Walkenheimer|move: Sticky Web
|-unboost|p2a: Walkenheimer|spe|1
|-activate|p2a: Walkenheimer|ability: Protosynthesis
|-start|p2a: Walkenheimer|protosynthesisspa
|move|p1a: Ceruledge|Bitter Blade|p2a: Walkenheimer
|-resisted|p2a: Walkenheimer
|-damage|p2a: Walkenheimer|65/100
|-heal|p1a: Ceruledge|22/100|[from] drain|[of] p2a: Walkenheimer
|
|-weather|SunnyDay|[upkeep]
|upkeep
|turn|14
|
|t:|1781569958
|-end|p2a: Walkenheimer|Protosynthesis|[silent]
|switch|p2a: Great Tusk|Great Tusk|100/100
|-activate|p2a: Great Tusk|move: Sticky Web
|-unboost|p2a: Great Tusk|spe|1
|-activate|p2a: Great Tusk|ability: Protosynthesis
|-start|p2a: Great Tusk|protosynthesisatk
|move|p1a: Ceruledge|Poltergeist|p2a: Great Tusk
|-activate|p2a: Great Tusk|move: Poltergeist|Rocky Helmet
|-damage|p2a: Great Tusk|26/100
|
|-weather|SunnyDay|[upkeep]
|upkeep
|turn|15
|
|t:|1781569968
|move|p1a: Ceruledge|Bitter Blade|p2a: Great Tusk
|-damage|p2a: Great Tusk|0 fnt
|-heal|p1a: Ceruledge|38/100|[from] drain|[of] p2a: Great Tusk
|-damage|p1a: Ceruledge|21/100|[from] item: Rocky Helmet|[of] p2a: Great Tusk
|faint|p2a: Great Tusk
|-end|p2a: Great Tusk|Protosynthesis|[silent]
|
|-weather|SunnyDay|[upkeep]
|upkeep
|
|t:|1781569970
|switch|p2a: OMG ILY|Slither Wing|50/100
|-activate|p2a: OMG ILY|move: Sticky Web
|-unboost|p2a: OMG ILY|spe|1
|-activate|p2a: OMG ILY|ability: Protosynthesis
|-start|p2a: OMG ILY|protosynthesisatk
|turn|16
|
|t:|1781569979
|move|p2a: OMG ILY|First Impression|p1a: Ceruledge
|-resisted|p1a: Ceruledge
|-damage|p1a: Ceruledge|0 fnt
|faint|p1a: Ceruledge
|
|-weather|none
|-end|p2a: OMG ILY|Protosynthesis
|upkeep
|
|t:|1781569992
|switch|p1a: Gholdengo|Gholdengo|100/100
|turn|17
|
|t:|1781570005
|-terastallize|p1a: Gholdengo|Flying
|move|p1a: Gholdengo|Shadow Ball|p2a: OMG ILY
|-damage|p2a: OMG ILY|23/100
|-unboost|p2a: OMG ILY|spd|1
|move|p2a: OMG ILY|Earthquake|p1a: Gholdengo
|-immune|p1a: Gholdengo
|
|upkeep
|turn|18
|j| Skepcksmksd
|
|t:|1781570021
|-end|p2a: OMG ILY|Protosynthesis|[silent]
|switch|p2a: naruto|Ninetales, F|100/100
|-activate|p2a: naruto|move: Sticky Web
|-unboost|p2a: naruto|spe|1
|-weather|SunnyDay|[from] ability: Drought|[of] p2a: naruto
|move|p1a: Gholdengo|Shadow Ball|p2a: naruto
|-damage|p2a: naruto|46/100
|
|-weather|SunnyDay|[upkeep]
|upkeep
|turn|19
|j| ebizi
|
|t:|1781570030
|move|p1a: Gholdengo|Shadow Ball|p2a: naruto
|-damage|p2a: naruto|0 fnt
|faint|p2a: naruto
|
|-weather|SunnyDay|[upkeep]
|upkeep
|l| Skepcksmksd
|
|t:|1781570040
|switch|p2a: Walkenheimer|Walking Wake|65/100
|-activate|p2a: Walkenheimer|move: Sticky Web
|-unboost|p2a: Walkenheimer|spe|1
|-activate|p2a: Walkenheimer|ability: Protosynthesis
|-start|p2a: Walkenheimer|protosynthesisspa
|turn|20
|
|t:|1781570045
|move|p1a: Gholdengo|Shadow Ball|p2a: Walkenheimer
|-damage|p2a: Walkenheimer|18/100
|move|p2a: Walkenheimer|Hydro Steam|p1a: Gholdengo
|-damage|p1a: Gholdengo|0 fnt
|faint|p1a: Gholdengo
|
|-weather|SunnyDay|[upkeep]
|upkeep
|inactive|Battle timer is ON: inactive players will automatically lose when time's up. (requested by billythekid95)
|
|t:|1781570053
|switch|p1a: Walking Wake|Walking Wake|73/100
|-activate|p1a: Walking Wake|ability: Protosynthesis
|-start|p1a: Walking Wake|protosynthesisspa
|turn|21
|
|t:|1781570061
|move|p1a: Walking Wake|Dragon Pulse|p2a: Walkenheimer
|-supereffective|p2a: Walkenheimer
|-damage|p2a: Walkenheimer|0 fnt
|faint|p2a: Walkenheimer
|-end|p2a: Walkenheimer|Protosynthesis|[silent]
|
|-weather|SunnyDay|[upkeep]
|upkeep
|
|t:|1781570067
|switch|p2a: OMG ILY|Slither Wing|23/100
|-activate|p2a: OMG ILY|move: Sticky Web
|-unboost|p2a: OMG ILY|spe|1
|-activate|p2a: OMG ILY|ability: Protosynthesis
|-start|p2a: OMG ILY|protosynthesisatk
|turn|22
|
|t:|1781570072
|move|p2a: OMG ILY|First Impression|p1a: Walking Wake
|-damage|p1a: Walking Wake|0 fnt
|faint|p1a: Walking Wake
|-end|p1a: Walking Wake|Protosynthesis|[silent]
|
|win|mothily ><
|raw|billythekid95's rating: 1747 &rarr; <strong>1734</strong><br />(-13 for losing)
|raw|mothily &gt;&lt;'s rating: 1880 &rarr; <strong>1893</strong><br />(+13 for winning)
|c|☆mothily ><|gg
|l|☆billythekid95
|player|p1|
|l|☆mothily ><
|player|p2|
