|j|☆healorant
|j|☆CDPGuillaume
|t:|1781429040
|gametype|singles
|player|p1|healorant|alder|1701
|player|p2|CDPGuillaume|1|1700
|gen|9
|tier|[Gen 9] OU
|rated|
|rule|HP Percentage Mod: HP is shown in percentages
|rule|Endless Battle Clause: Forcing endless battles is banned
|rule|Species Clause: Limit one of each Pokémon
|rule|OHKO Clause: OHKO moves are banned
|rule|Evasion Items Clause: Evasion items are banned
|rule|Evasion Moves Clause: Evasion moves are banned
|rule|Evasion Abilities Clause: Evasion abilities are banned
|rule|Sleep Moves Clause: Sleep-inducing moves are banned
|clearpoke
|poke|p1|Heatran, M|
|poke|p1|Zamazenta-*|
|poke|p1|Dragonite, F|
|poke|p1|Clefable, M|
|poke|p1|Gliscor, M|
|poke|p1|Zarude|
|poke|p2|Iron Hands|
|poke|p2|Pecharunt|
|poke|p2|Kingambit, M|
|poke|p2|Rillaboom, M|
|poke|p2|Kyurem|
|poke|p2|Cinderace, M|
|teampreview
|inactive|Battle timer is ON: inactive players will automatically lose when time's up. (requested by CDPGuillaume)
|
|t:|1781429063
|teamsize|p1|6
|teamsize|p2|6
|start
|switch|p1a: Gliscor|Gliscor, M|100/100
|switch|p2a: Iron Hands|Iron Hands|100/100
|turn|1
|
|t:|1781429068
|switch|p1a: Clefable|Clefable, M|100/100
|move|p2a: Iron Hands|Ice Punch|p1a: Clefable
|-damage|p1a: Clefable|79/100
|-damage|p2a: Iron Hands|84/100|[from] item: Rocky Helmet|[of] p1a: Clefable
|
|upkeep
|turn|2
|
|t:|1781429074
|-end|p2a: Iron Hands|Quark Drive|[silent]
|switch|p2a: Kyurem|Kyurem|100/100
|-ability|p2a: Kyurem|Pressure
|move|p1a: Clefable|Stealth Rock|p2a: Kyurem
|-sidestart|p2: CDPGuillaume|move: Stealth Rock
|
|upkeep
|turn|3
|
|t:|1781429081
|move|p2a: Kyurem|Ice Beam|p1a: Clefable
|-damage|p1a: Clefable|9/100
|move|p1a: Clefable|Moonlight|p1a: Clefable
|-heal|p1a: Clefable|59/100
|
|upkeep
|turn|4
|
|t:|1781429086
|switch|p2a: Iron Hands|Iron Hands|84/100
|-damage|p2a: Iron Hands|78/100|[from] Stealth Rock
|switch|p1a: Heatran|Heatran, M|100/100
|
|upkeep
|turn|5
|
|t:|1781429093
|switch|p1a: Clefable|Clefable, M|59/100
|move|p2a: Iron Hands|Earthquake|p1a: Clefable
|-damage|p1a: Clefable|29/100
|
|upkeep
|turn|6
|
|t:|1781429099
|-end|p2a: Iron Hands|Quark Drive|[silent]
|switch|p2a: Rillaboom|Rillaboom, M|100/100
|-damage|p2a: Rillaboom|88/100|[from] Stealth Rock
|-fieldstart|move: Grassy Terrain|[from] ability: Grassy Surge|[of] p2a: Rillaboom
|move|p1a: Clefable|Moonlight|p1a: Clefable
|-heal|p1a: Clefable|79/100
|
|-heal|p2a: Rillaboom|94/100|[from] Grassy Terrain
|-heal|p1a: Clefable|85/100|[from] Grassy Terrain
|upkeep
|turn|7
|
|t:|1781429105
|switch|p1a: Dragonite|Dragonite, F|100/100
|move|p2a: Rillaboom|Wood Hammer|p1a: Dragonite
|-resisted|p1a: Dragonite
|-crit|p1a: Dragonite
|-damage|p1a: Dragonite|72/100
|-damage|p2a: Rillaboom|86/100|[from] Recoil
|
|-heal|p2a: Rillaboom|92/100|[from] Grassy Terrain
|upkeep
|turn|8
|
|t:|1781429117
|switch|p2a: Kingambit|Kingambit, M|100/100
|-damage|p2a: Kingambit|94/100|[from] Stealth Rock
|move|p1a: Dragonite|Fire Punch|p2a: Kingambit
|-supereffective|p2a: Kingambit
|-crit|p2a: Kingambit
|-damage|p2a: Kingambit|36/100
|
|-heal|p2a: Kingambit|42/100|[from] Grassy Terrain
|-heal|p2a: Kingambit|48/100|[from] item: Leftovers
|upkeep
|turn|9
|
|t:|1781429124
|switch|p1a: Heatran|Heatran, M|100/100
|move|p2a: Kingambit|Kowtow Cleave|p1a: Heatran
|-damage|p1a: Heatran|57/100
|
|-heal|p1a: Heatran|63/100|[from] Grassy Terrain
|-heal|p1a: Heatran|69/100|[from] item: Leftovers
|-heal|p2a: Kingambit|54/100|[from] Grassy Terrain
|-heal|p2a: Kingambit|60/100|[from] item: Leftovers
|upkeep
|turn|10
|
|t:|1781429130
|-end|p2a: Kingambit|fallenundefined|[silent]
|switch|p2a: Iron Hands|Iron Hands|78/100
|-damage|p2a: Iron Hands|72/100|[from] Stealth Rock
|move|p1a: Heatran|Flamethrower|p2a: Iron Hands
|-damage|p2a: Iron Hands|45/100
|
|-heal|p1a: Heatran|75/100|[from] Grassy Terrain
|-heal|p1a: Heatran|81/100|[from] item: Leftovers
|-heal|p2a: Iron Hands|51/100|[from] Grassy Terrain
|-fieldend|move: Grassy Terrain
|upkeep
|turn|11
|
|t:|1781429139
|-end|p2a: Iron Hands|Quark Drive|[silent]
|switch|p2a: Kyurem|Kyurem|100/100
|-damage|p2a: Kyurem|76/100|[from] Stealth Rock
|-ability|p2a: Kyurem|Pressure
|move|p1a: Heatran|Protect||[still]
|-fail|p1a: Heatran
|
|-heal|p1a: Heatran|87/100|[from] item: Leftovers
|upkeep
|turn|12
|inactive|CDPGuillaume has 120 seconds left.
|
|t:|1781429171
|move|p1a: Heatran|Protect|p1a: Heatran
|-singleturn|p1a: Heatran|Protect
|move|p2a: Kyurem|Earth Power|p1a: Heatran
|-activate|p1a: Heatran|move: Protect
|
|-heal|p1a: Heatran|93/100|[from] item: Leftovers
|upkeep
|turn|13
|
|t:|1781429175
|switch|p1a: Gliscor|Gliscor, M|100/100
|move|p2a: Kyurem|Earth Power|p1a: Gliscor
|-immune|p1a: Gliscor
|
|-status|p1a: Gliscor|tox|[from] item: Toxic Orb
|upkeep
|turn|14
|
|t:|1781429178
|switch|p2a: Rillaboom|Rillaboom, M|92/100
|-damage|p2a: Rillaboom|79/100|[from] Stealth Rock
|-fieldstart|move: Grassy Terrain|[from] ability: Grassy Surge|[of] p2a: Rillaboom
|move|p1a: Gliscor|Toxic Spikes|p2a: Rillaboom
|-sidestart|p2: CDPGuillaume|move: Toxic Spikes
|
|-heal|p2a: Rillaboom|86/100|[from] Grassy Terrain
|upkeep
|turn|15
|
|t:|1781429186
|move|p1a: Gliscor|Protect|p1a: Gliscor
|-singleturn|p1a: Gliscor|Protect
|move|p2a: Rillaboom|U-turn|p1a: Gliscor
|-activate|p1a: Gliscor|move: Protect
|
|-heal|p2a: Rillaboom|92/100|[from] Grassy Terrain
|upkeep
|turn|16
|
|t:|1781429190
|move|p1a: Gliscor|Knock Off|p2a: Rillaboom
|-damage|p2a: Rillaboom|72/100
|-enditem|p2a: Rillaboom|Choice Band|[from] move: Knock Off|[of] p1a: Gliscor
|move|p2a: Rillaboom|U-turn|p1a: Gliscor
|-resisted|p1a: Gliscor
|-damage|p1a: Gliscor|91/100 tox
|
|t:|1781429194
|switch|p2a: Cinderace|Cinderace, M|100/100|[from] U-turn
|
|-heal|p1a: Gliscor|100/100 tox|[from] ability: Poison Heal
|upkeep
|turn|17
|
|t:|1781429200
|move|p2a: Cinderace|Court Change|p2a: Cinderace
|-start|p2a: Cinderace|typechange|Normal|[from] ability: Libero
|-swapsideconditions
|-activate|p2a: Cinderace|move: Court Change
|move|p1a: Gliscor|Earthquake|p2a: Cinderace
|-crit|p2a: Cinderace
|-damage|p2a: Cinderace|65/100
|
|-heal|p2a: Cinderace|71/100|[from] Grassy Terrain
|upkeep
|turn|18
|
|t:|1781429215
|switch|p2a: Iron Hands|Iron Hands|51/100
|move|p1a: Gliscor|Toxic Spikes|p2a: Iron Hands
|-sidestart|p2: CDPGuillaume|move: Toxic Spikes
|
|-heal|p2a: Iron Hands|57/100|[from] Grassy Terrain
|-fieldend|move: Grassy Terrain
|upkeep
|turn|19
|
|t:|1781429223
|switch|p1a: Clefable|Clefable, M|85/100
|-status|p1a: Clefable|psn
|move|p2a: Iron Hands|Ice Punch|p1a: Clefable
|-damage|p1a: Clefable|62/100 psn
|-damage|p2a: Iron Hands|41/100|[from] item: Rocky Helmet|[of] p1a: Clefable
|
|upkeep
|turn|20
|
|t:|1781429233
|-end|p2a: Iron Hands|Quark Drive|[silent]
|switch|p2a: Rillaboom|Rillaboom, M|72/100
|-status|p2a: Rillaboom|psn
|-fieldstart|move: Grassy Terrain|[from] ability: Grassy Surge|[of] p2a: Rillaboom
|move|p1a: Clefable|Moonlight|p1a: Clefable
|-heal|p1a: Clefable|100/100 psn
|
|-heal|p2a: Rillaboom|78/100 psn|[from] Grassy Terrain
|-damage|p2a: Rillaboom|66/100 psn|[from] psn
|upkeep
|turn|21
|
|t:|1781429240
|move|p2a: Rillaboom|High Horsepower|p1a: Clefable
|-damage|p1a: Clefable|74/100 psn
|-damage|p2a: Rillaboom|49/100 psn|[from] item: Rocky Helmet|[of] p1a: Clefable
|move|p1a: Clefable|Stealth Rock|p2a: Rillaboom
|-sidestart|p2: CDPGuillaume|move: Stealth Rock
|
|-heal|p2a: Rillaboom|55/100 psn|[from] Grassy Terrain
|-heal|p1a: Clefable|80/100 psn|[from] Grassy Terrain
|-damage|p2a: Rillaboom|43/100 psn|[from] psn
|upkeep
|turn|22
|
|t:|1781429248
|move|p2a: Rillaboom|Wood Hammer|p1a: Clefable
|-damage|p1a: Clefable|13/100 psn
|-damage|p2a: Rillaboom|27/100 psn|[from] item: Rocky Helmet|[of] p1a: Clefable
|-damage|p2a: Rillaboom|1/100 psn|[from] Recoil
|move|p1a: Clefable|Moonlight|p1a: Clefable
|-heal|p1a: Clefable|63/100 psn
|
|-heal|p2a: Rillaboom|7/100 psn|[from] Grassy Terrain
|-heal|p1a: Clefable|69/100 psn|[from] Grassy Terrain
|-damage|p2a: Rillaboom|0 fnt|[from] psn
|faint|p2a: Rillaboom
|upkeep
|
|t:|1781429277
|switch|p2a: Kingambit|Kingambit, M|60/100
|-damage|p2a: Kingambit|54/100|[from] Stealth Rock
|-activate|p2a: Kingambit|ability: Supreme Overlord
|-start|p2a: Kingambit|fallen1|[silent]
|turn|23
|
|t:|1781429292
|move|p1a: Clefable|Flamethrower|p2a: Kingambit
|-supereffective|p2a: Kingambit
|-damage|p2a: Kingambit|11/100
|-status|p2a: Kingambit|brn
|move|p2a: Kingambit|Kowtow Cleave|p1a: Clefable
|-resisted|p1a: Clefable
|-damage|p1a: Clefable|59/100 psn
|-damage|p2a: Kingambit|0 fnt|[from] item: Rocky Helmet|[of] p1a: Clefable
|faint|p2a: Kingambit
|-end|p2a: Kingambit|fallen1|[silent]
|
|-heal|p1a: Clefable|65/100 psn|[from] Grassy Terrain
|upkeep
|inactive|CDPGuillaume has 120 seconds left.
|-message|CDPGuillaume forfeited.
|
|win|healorant
|raw|healorant's rating: 1701 &rarr; <strong>1721</strong><br />(+20 for winning)
|raw|CDPGuillaume's rating: 1700 &rarr; <strong>1680</strong><br />(-20 for losing)
|l|☆CDPGuillaume
|player|p2|
|l|☆healorant
|player|p1|
