|j|☆Parking Lot Demon
|j|☆Jsparxs
|t:|1781098958
|gametype|singles
|player|p1|Parking Lot Demon|170|1563
|player|p2|Jsparxs|2|1574
|gen|9
|tier|[Gen 9] OU
|rated|
|rule|HP Percentage Mod: HP is shown in percentages
|rule|Endless Battle Clause: Forcing endless battles is banned
|rule|Species Clause: Limit one of each Pokémon
|rule|OHKO Clause: OHKO moves are banned
|rule|Evasion Items Clause: Evasion items are banned
|rule|Evasion Moves Clause: Evasion moves are banned
|rule|Evasion Abilities Clause: Evasion abilities are banned
|rule|Sleep Moves Clause: Sleep-inducing moves are banned
|clearpoke
|poke|p1|Araquanid, F|
|poke|p1|Gholdengo|
|poke|p1|Iron Moth|
|poke|p1|Iron Valiant|
|poke|p1|Raging Bolt|
|poke|p1|Kingambit, F|
|poke|p2|Great Tusk|
|poke|p2|Zamazenta-*|
|poke|p2|Iron Valiant|
|poke|p2|Gallade, M|
|poke|p2|Kommo-o, F|
|poke|p2|Okidogi, M|
|teampreview
|inactive|Battle timer is ON: inactive players will automatically lose when time's up. (requested by Parking Lot Demon)
|c|☆Jsparxs|glhf
|
|t:|1781098981
|teamsize|p1|6
|teamsize|p2|6
|start
|switch|p1a: Araquanid|Araquanid, F|100/100
|switch|p2a: Kommo-o|Kommo-o, F|100/100
|turn|1
|
|t:|1781098986
|move|p2a: Kommo-o|Clangorous Soul|p2a: Kommo-o
|-boost|p2a: Kommo-o|atk|1
|-boost|p2a: Kommo-o|def|1
|-boost|p2a: Kommo-o|spa|1
|-boost|p2a: Kommo-o|spd|1
|-boost|p2a: Kommo-o|spe|1
|-damage|p2a: Kommo-o|68/100
|-enditem|p2a: Kommo-o|Throat Spray
|-boost|p2a: Kommo-o|spa|1|[from] item: Throat Spray
|move|p1a: Araquanid|Sticky Web|p2a: Kommo-o
|-sidestart|p2: Jsparxs|move: Sticky Web
|
|upkeep
|turn|2
|
|t:|1781098996
|move|p2a: Kommo-o|Boomburst|p1a: Araquanid
|-damage|p1a: Araquanid|43/100
|move|p1a: Araquanid|Endeavor|p2a: Kommo-o
|-damage|p2a: Kommo-o|50/100
|
|upkeep
|turn|3
|
|t:|1781099010
|switch|p1a: Gholdengo|Gholdengo|100/100
|-item|p1a: Gholdengo|Air Balloon
|move|p2a: Kommo-o|Boomburst|p1a: Gholdengo
|-immune|p1a: Gholdengo
|
|upkeep
|turn|4
|
|t:|1781099015
|move|p2a: Kommo-o|Flamethrower|p1a: Gholdengo
|-supereffective|p1a: Gholdengo
|-damage|p1a: Gholdengo|0 fnt
|-enditem|p1a: Gholdengo|Air Balloon
|faint|p1a: Gholdengo
|
|upkeep
|
|t:|1781099018
|switch|p1a: Araquanid|Araquanid, F|43/100
|turn|5
|
|t:|1781099027
|move|p2a: Kommo-o|Boomburst|p1a: Araquanid
|-damage|p1a: Araquanid|0 fnt
|faint|p1a: Araquanid
|
|upkeep
|
|t:|1781099029
|switch|p1a: Iron Valiant|Iron Valiant|100/100
|-enditem|p1a: Iron Valiant|Booster Energy
|-activate|p1a: Iron Valiant|ability: Quark Drive|[fromitem]
|-start|p1a: Iron Valiant|quarkdrivespa
|turn|6
|
|t:|1781099038
|-terastallize|p2a: Kommo-o|Fire
|-terastallize|p1a: Iron Valiant|Ghost
|move|p2a: Kommo-o|Boomburst|p1a: Iron Valiant
|-immune|p1a: Iron Valiant
|move|p1a: Iron Valiant|Moonblast|p2a: Kommo-o
|-resisted|p2a: Kommo-o
|-damage|p2a: Kommo-o|24/100
|
|upkeep
|turn|7
|
|t:|1781099044
|-end|p1a: Iron Valiant|Quark Drive|[silent]
|switch|p1a: Raging Bolt|Raging Bolt|100/100
|-enditem|p1a: Raging Bolt|Booster Energy
|-activate|p1a: Raging Bolt|ability: Protosynthesis|[fromitem]
|-start|p1a: Raging Bolt|protosynthesisspa
|move|p2a: Kommo-o|Clanging Scales|p1a: Raging Bolt
|-supereffective|p1a: Raging Bolt
|-damage|p1a: Raging Bolt|0 fnt
|faint|p1a: Raging Bolt
|-end|p1a: Raging Bolt|Protosynthesis|[silent]
|-unboost|p2a: Kommo-o|def|1
|
|upkeep
|l|☆Parking Lot Demon
|inactive|Parking Lot Demon disconnected and has a minute to reconnect!
|player|p1|
|inactive|Parking Lot Demon has 30 seconds to reconnect!
|inactive|Parking Lot Demon has 20 seconds to reconnect!
|inactive|Parking Lot Demon has 15 seconds to reconnect!
|inactive|Parking Lot Demon has 10 seconds to reconnect!
|inactive|Parking Lot Demon has 5 seconds to reconnect!
|-message|Parking Lot Demon lost due to inactivity.
|
|win|Jsparxs
|raw|Parking Lot Demon's rating: 1563 &rarr; <strong>1544</strong><br />(-19 for losing)
|raw|Jsparxs's rating: 1574 &rarr; <strong>1593</strong><br />(+19 for winning)
|l|☆Jsparxs
|player|p2|
