|j|☆lolcano46
|j|☆drop a baby
|t:|1781044632
|gametype|singles
|player|p1|lolcano46|fisherman-gen4|1605
|player|p2|drop a baby|chase|1727
|gen|9
|tier|[Gen 9] OU
|rated|
|rule|HP Percentage Mod: HP is shown in percentages
|rule|Endless Battle Clause: Forcing endless battles is banned
|rule|Species Clause: Limit one of each Pokémon
|rule|OHKO Clause: OHKO moves are banned
|rule|Evasion Items Clause: Evasion items are banned
|rule|Evasion Moves Clause: Evasion moves are banned
|rule|Evasion Abilities Clause: Evasion abilities are banned
|rule|Sleep Moves Clause: Sleep-inducing moves are banned
|clearpoke
|poke|p1|Azelf|
|poke|p1|Ogerpon-Wellspring, F|
|poke|p1|Scizor, M|
|poke|p1|Gengar, M|
|poke|p1|Raging Bolt|
|poke|p1|Cinderace, F|
|poke|p2|Enamorus, F|
|poke|p2|Dragapult, M|
|poke|p2|Iron Valiant|
|poke|p2|Gholdengo|
|poke|p2|Iron Treads|
|poke|p2|Kingambit, M|
|teampreview
|inactive|Battle timer is ON: inactive players will automatically lose when time's up. (requested by lolcano46)
|
|t:|1781044644
|teamsize|p1|6
|teamsize|p2|6
|start
|switch|p1a: Gengar|Gengar, M|100/100
|switch|p2a: Iron Treads|Iron Treads|100/100
|-enditem|p2a: Iron Treads|Booster Energy
|-activate|p2a: Iron Treads|ability: Quark Drive|[fromitem]
|-start|p2a: Iron Treads|quarkdrivespe
|turn|1
|
|t:|1781044654
|switch|p1a: Azelf|Azelf|100/100
|move|p2a: Iron Treads|Knock Off|p1a: Azelf
|-supereffective|p1a: Azelf
|-damage|p1a: Azelf|20/100
|-enditem|p1a: Azelf|Expert Belt|[from] move: Knock Off|[of] p2a: Iron Treads
|
|upkeep
|turn|2
|c|☆drop a baby|Hf bigger bro
|j| ebizi
|
|t:|1781044662
|move|p2a: Iron Treads|Stealth Rock|p1a: Azelf
|-sidestart|p1: lolcano46|move: Stealth Rock
|move|p1a: Azelf|Flamethrower|p2a: Iron Treads
|-supereffective|p2a: Iron Treads
|-damage|p2a: Iron Treads|23/100
|
|upkeep
|turn|3
|
|t:|1781044669
|move|p2a: Iron Treads|Knock Off|p1a: Azelf
|-supereffective|p1a: Azelf
|-damage|p1a: Azelf|0 fnt
|faint|p1a: Azelf
|
|upkeep
|
|t:|1781044674
|switch|p1a: Cinderace|Cinderace, F|100/100
|turn|4
|
|t:|1781044677
|move|p1a: Cinderace|Sucker Punch|p2a: Iron Treads
|-start|p1a: Cinderace|typechange|Dark|[from] ability: Libero
|-damage|p2a: Iron Treads|0 fnt
|faint|p2a: Iron Treads
|-end|p2a: Iron Treads|Quark Drive|[silent]
|
|upkeep
|
|t:|1781044679
|switch|p2a: Enamorus|Enamorus, F|100/100
|turn|5
|
|t:|1781044682
|switch|p1a: Gengar|Gengar, M|100/100
|-damage|p1a: Gengar|88/100|[from] Stealth Rock
|switch|p2a: Dragapult|Dragapult, M|100/100
|
|upkeep
|turn|6
|
|t:|1781044684
|switch|p2a: Kingambit|Kingambit, M|100/100
|-activate|p2a: Kingambit|ability: Supreme Overlord
|-start|p2a: Kingambit|fallen1|[silent]
|move|p1a: Gengar|Shadow Ball|p2a: Kingambit
|-resisted|p2a: Kingambit
|-damage|p2a: Kingambit|76/100
|-unboost|p2a: Kingambit|spd|1
|
|upkeep
|turn|7
|
|t:|1781044691
|switch|p1a: Cinderace|Cinderace, F|100/100
|-end|p2a: Kingambit|fallen1|[silent]
|switch|p2a: Dragapult|Dragapult, M|100/100
|
|upkeep
|turn|8
|
|t:|1781044694
|move|p1a: Cinderace|Sucker Punch||[still]
|-fail|p1a: Cinderace
|move|p2a: Dragapult|Substitute|p2a: Dragapult
|-start|p2a: Dragapult|Substitute
|-damage|p2a: Dragapult|76/100
|
|upkeep
|turn|9
|
|t:|1781044697
|move|p2a: Dragapult|Dragon Darts|p1a: Cinderace
|-damage|p1a: Cinderace|58/100
|-anim|p2a: Dragapult|Dragon Darts|p1a: Cinderace
|-damage|p1a: Cinderace|17/100
|-damage|p2a: Dragapult|66/100|[from] item: Life Orb
|move|p1a: Cinderace|Pyro Ball|p2a: Dragapult
|-resisted|p2a: Dragapult
|-end|p2a: Dragapult|Substitute
|
|upkeep
|turn|10
|
|t:|1781044700
|move|p2a: Dragapult|Shadow Ball|p1a: Cinderace
|-damage|p1a: Cinderace|0 fnt
|faint|p1a: Cinderace
|-damage|p2a: Dragapult|56/100|[from] item: Life Orb
|
|upkeep
|
|t:|1781044703
|switch|p1a: Scizor|Scizor, M|100/100
|-damage|p1a: Scizor|88/100|[from] Stealth Rock
|turn|11
|
|t:|1781044706
|move|p1a: Scizor|Bullet Punch|p2a: Dragapult
|-damage|p2a: Dragapult|6/100
|move|p2a: Dragapult|Flamethrower|p1a: Scizor
|-supereffective|p1a: Scizor
|-damage|p1a: Scizor|0 fnt
|faint|p1a: Scizor
|-damage|p2a: Dragapult|0 fnt|[from] item: Life Orb
|faint|p2a: Dragapult
|
|upkeep
|
|t:|1781044713
|switch|p2a: Kingambit|Kingambit, M|76/100
|switch|p1a: Ogerpon|Ogerpon-Wellspring, F|100/100
|-damage|p1a: Ogerpon|88/100|[from] Stealth Rock
|-activate|p2a: Kingambit|ability: Supreme Overlord
|-start|p2a: Kingambit|fallen2|[silent]
|turn|12
|
|t:|1781044722
|-terastallize|p2a: Kingambit|Dark
|move|p2a: Kingambit|Sucker Punch|p1a: Ogerpon
|-crit|p1a: Ogerpon
|-damage|p1a: Ogerpon|0 fnt
|faint|p1a: Ogerpon
|
|upkeep
|
|t:|1781044733
|switch|p1a: Raging Bolt|Raging Bolt|100/100
|-damage|p1a: Raging Bolt|88/100|[from] Stealth Rock
|-enditem|p1a: Raging Bolt|Booster Energy
|-activate|p1a: Raging Bolt|ability: Protosynthesis|[fromitem]
|-start|p1a: Raging Bolt|protosynthesisspa
|turn|13
|
|t:|1781044737
|-terastallize|p1a: Raging Bolt|Fairy
|move|p1a: Raging Bolt|Thunderbolt|p2a: Kingambit
|-damage|p2a: Kingambit|0 fnt
|faint|p2a: Kingambit
|-end|p2a: Kingambit|fallen2|[silent]
|
|upkeep
|
|t:|1781044741
|switch|p2a: Gholdengo|Gholdengo|100/100
|-item|p2a: Gholdengo|Air Balloon
|turn|14
|
|t:|1781044746
|move|p2a: Gholdengo|Make It Rain|p1a: Raging Bolt
|-supereffective|p1a: Raging Bolt
|-damage|p1a: Raging Bolt|0 fnt
|-unboost|p2a: Gholdengo|spa|1
|faint|p1a: Raging Bolt
|-end|p1a: Raging Bolt|Protosynthesis|[silent]
|
|upkeep
|
|t:|1781044750
|switch|p1a: Gengar|Gengar, M|88/100
|-damage|p1a: Gengar|76/100|[from] Stealth Rock
|turn|15
|
|t:|1781044752
|move|p1a: Gengar|Shadow Ball|p2a: Gholdengo
|-supereffective|p2a: Gholdengo
|-damage|p2a: Gholdengo|0 fnt
|-enditem|p2a: Gholdengo|Air Balloon
|faint|p2a: Gholdengo
|
|upkeep
|
|t:|1781044756
|switch|p2a: Enamorus|Enamorus, F|100/100
|turn|16
|
|t:|1781044758
|move|p1a: Gengar|Shadow Ball|p2a: Enamorus
|-damage|p2a: Enamorus|36/100
|move|p2a: Enamorus|Earth Power|p1a: Gengar
|-supereffective|p1a: Gengar
|-damage|p1a: Gengar|0 fnt
|faint|p1a: Gengar
|
|win|drop a baby
|raw|lolcano46's rating: 1605 &rarr; <strong>1592</strong><br />(-13 for losing)
|raw|drop a baby's rating: 1727 &rarr; <strong>1740</strong><br />(+13 for winning)
|l|☆lolcano46
|player|p1|
|l|☆drop a baby
|player|p2|
|l| ebizi
