|j|☆Bigkyuza18
|j|☆The real kurt tay
|t:|1781325604
|gametype|singles
|player|p1|Bigkyuza18|265|1638
|player|p2|The real kurt tay|265|1607
|gen|9
|tier|[Gen 9] OU
|rated|
|rule|HP Percentage Mod: HP is shown in percentages
|rule|Endless Battle Clause: Forcing endless battles is banned
|rule|Species Clause: Limit one of each Pokémon
|rule|OHKO Clause: OHKO moves are banned
|rule|Evasion Items Clause: Evasion items are banned
|rule|Evasion Moves Clause: Evasion moves are banned
|rule|Evasion Abilities Clause: Evasion abilities are banned
|rule|Sleep Moves Clause: Sleep-inducing moves are banned
|clearpoke
|poke|p1|Darkrai|
|poke|p1|Gliscor, F|
|poke|p1|Tinkaton, F|
|poke|p1|Moltres|
|poke|p1|Great Tusk|
|poke|p1|Hydrapple, F|
|poke|p2|Garganacl, M|
|poke|p2|Raging Bolt|
|poke|p2|Gliscor, F|
|poke|p2|Ceruledge, F|
|poke|p2|Gholdengo|
|poke|p2|Samurott-Hisui, F|
|teampreview
|inactive|Battle timer is ON: inactive players will automatically lose when time's up. (requested by Bigkyuza18)
|
|t:|1781325611
|teamsize|p1|6
|teamsize|p2|6
|start
|switch|p1a: Hydrapple|Hydrapple, F|100/100
|switch|p2a: Gliscor|Gliscor, F|100/100
|turn|1
|
|t:|1781325617
|move|p2a: Gliscor|Knock Off|p1a: Hydrapple
|-damage|p1a: Hydrapple|84/100
|-enditem|p1a: Hydrapple|Heavy-Duty Boots|[from] move: Knock Off|[of] p2a: Gliscor
|move|p1a: Hydrapple|Nasty Plot|p1a: Hydrapple
|-boost|p1a: Hydrapple|spa|2
|
|-status|p2a: Gliscor|tox|[from] item: Toxic Orb
|upkeep
|turn|2
|
|t:|1781325630
|switch|p2a: Gholdengo|Gholdengo|100/100
|move|p1a: Hydrapple|Leaf Storm|p2a: Gholdengo|[miss]
|-miss|p1a: Hydrapple|p2a: Gholdengo
|
|upkeep
|turn|3
|
|t:|1781325637
|switch|p1a: Great Tusk|Great Tusk|100/100
|move|p2a: Gholdengo|Trick|p1a: Great Tusk
|-activate|p2a: Gholdengo|move: Trick|[of] p1a: Great Tusk
|-item|p1a: Great Tusk|Choice Scarf|[from] move: Trick
|-item|p2a: Gholdengo|Heavy-Duty Boots|[from] move: Trick
|
|upkeep
|turn|4
|
|t:|1781325651
|switch|p2a: Ceruledge|Ceruledge, F|100/100
|-item|p2a: Ceruledge|Air Balloon
|move|p1a: Great Tusk|Ice Spinner|p2a: Ceruledge
|-resisted|p2a: Ceruledge
|-damage|p2a: Ceruledge|82/100
|-ability|p2a: Ceruledge|Weak Armor|boost
|-unboost|p2a: Ceruledge|def|1
|-boost|p2a: Ceruledge|spe|2
|-enditem|p2a: Ceruledge|Air Balloon
|
|upkeep
|turn|5
|
|t:|1781325664
|-end|p1a: Great Tusk|Protosynthesis|[silent]
|switch|p1a: Moltres|Moltres|100/100
|move|p2a: Ceruledge|Swords Dance|p2a: Ceruledge
|-boost|p2a: Ceruledge|atk|2
|
|upkeep
|turn|6
|
|t:|1781325666
|move|p2a: Ceruledge|Poltergeist|p1a: Moltres
|-activate|p1a: Moltres|move: Poltergeist|Heavy-Duty Boots
|-damage|p1a: Moltres|0 fnt
|faint|p1a: Moltres
|
|upkeep
|
|t:|1781325670
|switch|p1a: Great Tusk|Great Tusk|100/100
|turn|7
|
|t:|1781325674
|move|p2a: Ceruledge|Destiny Bond|p2a: Ceruledge
|-singlemove|p2a: Ceruledge|Destiny Bond
|move|p1a: Great Tusk|Headlong Rush|p2a: Ceruledge
|-supereffective|p2a: Ceruledge
|-damage|p2a: Ceruledge|0 fnt
|-unboost|p1a: Great Tusk|def|1
|-unboost|p1a: Great Tusk|spd|1
|faint|p2a: Ceruledge
|-activate|p2a: Ceruledge|move: Destiny Bond
|faint|p1a: Great Tusk
|-end|p1a: Great Tusk|Protosynthesis|[silent]
|
|upkeep
|inactive|The real kurt tay has 120 seconds left.
|
|t:|1781325717
|switch|p1a: Hydrapple|Hydrapple, F|100/100
|switch|p2a: Samurott|Samurott-Hisui, F|100/100
|turn|8
|inactive|The real kurt tay has 120 seconds left.
|
|t:|1781325724
|switch|p2a: Gholdengo|Gholdengo|100/100
|move|p1a: Hydrapple|Leaf Storm|p2a: Gholdengo
|-resisted|p2a: Gholdengo
|-damage|p2a: Gholdengo|58/100
|-unboost|p1a: Hydrapple|spa|2
|
|upkeep
|turn|9
|
|t:|1781325731
|switch|p2a: Darius|Garganacl, M|100/100
|switch|p1a: Darkrai|Darkrai|100/100
|
|upkeep
|turn|10
|
|t:|1781325733
|switch|p1a: Hydrapple|Hydrapple, F|100/100
|move|p2a: Darius|Stealth Rock|p1a: Hydrapple
|-sidestart|p1: Bigkyuza18|move: Stealth Rock
|
|upkeep
|turn|11
|
|t:|1781325742
|-terastallize|p2a: Darius|Fairy
|move|p1a: Hydrapple|Earth Power|p2a: Darius
|-damage|p2a: Darius|78/100
|move|p2a: Darius|Salt Cure|p1a: Hydrapple
|-damage|p1a: Hydrapple|90/100
|-start|p1a: Hydrapple|Salt Cure
|
|-heal|p2a: Darius|84/100|[from] item: Leftovers
|-damage|p1a: Hydrapple|78/100|[from] Salt Cure
|upkeep
|turn|12
|
|t:|1781325751
|switch|p2a: Samurott|Samurott-Hisui, F|100/100
|move|p1a: Hydrapple|Nasty Plot|p1a: Hydrapple
|-boost|p1a: Hydrapple|spa|2
|
|-damage|p1a: Hydrapple|66/100|[from] Salt Cure
|upkeep
|turn|13
|
|t:|1781325754
|move|p2a: Samurott|Ceaseless Edge|p1a: Hydrapple
|-damage|p1a: Hydrapple|29/100
|-sidestart|p1: Bigkyuza18|Spikes
|move|p1a: Hydrapple|Leaf Storm|p2a: Samurott
|-supereffective|p2a: Samurott
|-enditem|p2a: Samurott|Focus Sash
|-damage|p2a: Samurott|1/100
|-unboost|p1a: Hydrapple|spa|2
|
|-damage|p1a: Hydrapple|16/100|[from] Salt Cure
|upkeep
|turn|14
|
|t:|1781325774
|switch|p1a: Tinkaton|Tinkaton, F|100/100
|-damage|p1a: Tinkaton|94/100|[from] Stealth Rock
|-damage|p1a: Tinkaton|82/100|[from] Spikes
|-ability|p1a: Tinkaton|Mold Breaker
|move|p2a: Samurott|Ceaseless Edge|p1a: Tinkaton
|-resisted|p1a: Tinkaton
|-damage|p1a: Tinkaton|57/100
|-sidestart|p1: Bigkyuza18|Spikes
|
|-heal|p1a: Tinkaton|63/100|[from] item: Leftovers
|upkeep
|turn|15
|
|t:|1781325779
|move|p1a: Tinkaton|Stealth Rock|p2a: Samurott
|-sidestart|p2: The real kurt tay|move: Stealth Rock
|move|p2a: Samurott|Aqua Cutter|p1a: Tinkaton
|-damage|p1a: Tinkaton|4/100
|
|-heal|p1a: Tinkaton|10/100|[from] item: Leftovers
|upkeep
|turn|16
|
|t:|1781325784
|move|p2a: Samurott|Aqua Jet|p1a: Tinkaton
|-damage|p1a: Tinkaton|0 fnt
|faint|p1a: Tinkaton
|
|upkeep
|
|t:|1781325787
|switch|p1a: Darkrai|Darkrai|100/100
|turn|17
|
|t:|1781325792
|move|p2a: Samurott|Aqua Jet|p1a: Darkrai
|-damage|p1a: Darkrai|77/100
|move|p1a: Darkrai|Dark Pulse|p2a: Samurott
|-resisted|p2a: Samurott
|-damage|p2a: Samurott|0 fnt
|faint|p2a: Samurott
|
|upkeep
|
|t:|1781325805
|switch|p2a: Raging Bolt|Raging Bolt|100/100
|-damage|p2a: Raging Bolt|88/100|[from] Stealth Rock
|turn|18
|
|t:|1781325808
|move|p1a: Darkrai|Ice Beam|p2a: Raging Bolt
|-supereffective|p2a: Raging Bolt
|-damage|p2a: Raging Bolt|49/100
|move|p2a: Raging Bolt|Dragon Pulse|p1a: Darkrai
|-damage|p1a: Darkrai|7/100
|
|upkeep
|turn|19
|
|t:|1781325824
|move|p1a: Darkrai|Ice Beam|p2a: Raging Bolt
|-supereffective|p2a: Raging Bolt
|-damage|p2a: Raging Bolt|13/100
|move|p2a: Raging Bolt|Dragon Pulse|p1a: Darkrai
|-damage|p1a: Darkrai|0 fnt
|faint|p1a: Darkrai
|
|upkeep
|
|t:|1781325828
|switch|p1a: Gliscor|Gliscor, F|100/100
|-damage|p1a: Gliscor|88/100|[from] Stealth Rock
|turn|20
|
|t:|1781325834
|-end|p2a: Raging Bolt|Protosynthesis|[silent]
|switch|p2a: Gliscor|Gliscor, F|100/100 tox
|-damage|p2a: Gliscor|88/100 tox|[from] Stealth Rock
|move|p1a: Gliscor|Swords Dance|p1a: Gliscor
|-boost|p1a: Gliscor|atk|2
|
|-heal|p2a: Gliscor|100/100 tox|[from] ability: Poison Heal
|-status|p1a: Gliscor|tox|[from] item: Toxic Orb
|upkeep
|turn|21
|
|t:|1781325836
|move|p2a: Gliscor|Swords Dance|p2a: Gliscor
|-boost|p2a: Gliscor|atk|2
|move|p1a: Gliscor|Swords Dance|p1a: Gliscor
|-boost|p1a: Gliscor|atk|2
|
|-heal|p1a: Gliscor|100/100 tox|[from] ability: Poison Heal
|upkeep
|turn|22
|
|t:|1781325845
|move|p2a: Gliscor|Swords Dance|p2a: Gliscor
|-boost|p2a: Gliscor|atk|2
|move|p1a: Gliscor|Swords Dance|p1a: Gliscor
|-boost|p1a: Gliscor|atk|2
|
|upkeep
|turn|23
|
|t:|1781325851
|-terastallize|p1a: Gliscor|Normal
|move|p2a: Gliscor|Swords Dance|p2a: Gliscor
|-boost|p2a: Gliscor|atk|2
|move|p1a: Gliscor|Facade|p2a: Gliscor
|-damage|p2a: Gliscor|0 fnt
|faint|p2a: Gliscor
|
|upkeep
|
|t:|1781325853
|switch|p2a: Raging Bolt|Raging Bolt|13/100
|-damage|p2a: Raging Bolt|0 fnt|[from] Stealth Rock
|faint|p2a: Raging Bolt
|-end|p2a: Raging Bolt|Protosynthesis|[silent]
|
|t:|1781325854
|switch|p2a: Gholdengo|Gholdengo|58/100
|turn|24
|
|t:|1781325856
|move|p2a: Gholdengo|Make It Rain|p1a: Gliscor
|-damage|p1a: Gliscor|44/100 tox
|-unboost|p2a: Gholdengo|spa|1
|move|p1a: Gliscor|Knock Off|p2a: Gholdengo
|-supereffective|p2a: Gholdengo
|-damage|p2a: Gholdengo|0 fnt
|-enditem|p2a: Gholdengo|Heavy-Duty Boots|[from] move: Knock Off|[of] p1a: Gliscor
|faint|p2a: Gholdengo
|
|-heal|p1a: Gliscor|56/100 tox|[from] ability: Poison Heal
|upkeep
|-message|The real kurt tay forfeited.
|
|win|Bigkyuza18
|raw|Bigkyuza18's rating: 1656 &rarr; <strong>1673</strong><br />(+17 for winning)
|raw|The real kurt tay's rating: 1607 &rarr; <strong>1590</strong><br />(-17 for losing)
|l|☆The real kurt tay
|player|p2|
|l|☆Bigkyuza18
|player|p1|
