|j|‽Jus4funsies
|j|☆esta man oe
|t:|1781503428
|gametype|singles
|player|p1|Jus4funsies|265|1524
|player|p2|esta man oe|preschooler|1481
|gen|9
|tier|[Gen 9] OU
|rated|
|rule|HP Percentage Mod: HP is shown in percentages
|rule|Endless Battle Clause: Forcing endless battles is banned
|rule|Species Clause: Limit one of each Pokémon
|rule|OHKO Clause: OHKO moves are banned
|rule|Evasion Items Clause: Evasion items are banned
|rule|Evasion Moves Clause: Evasion moves are banned
|rule|Evasion Abilities Clause: Evasion abilities are banned
|rule|Sleep Moves Clause: Sleep-inducing moves are banned
|clearpoke
|poke|p1|Samurott-Hisui, M|
|poke|p1|Gholdengo|
|poke|p1|Great Tusk|
|poke|p1|Raging Bolt|
|poke|p1|Dragonite, M|
|poke|p1|Kingambit, F|
|poke|p2|Ogerpon-Wellspring, F|
|poke|p2|Heatran, M|
|poke|p2|Goodra-Hisui, F|
|poke|p2|Thundurus-Therian, M|
|poke|p2|Orthworm, M|
|poke|p2|Grimmsnarl, M|
|teampreview
|inactive|Battle timer is ON: inactive players will automatically lose when time's up. (requested by esta man oe)
|
|t:|1781503435
|teamsize|p1|6
|teamsize|p2|6
|start
|switch|p1a: Samurott|Samurott-Hisui, M|100/100
|switch|p2a: Thundurus|Thundurus-Therian, M|100/100
|turn|1
|
|t:|1781503439
|move|p2a: Thundurus|Volt Switch|p1a: Samurott
|-supereffective|p1a: Samurott
|-enditem|p1a: Samurott|Focus Sash
|-damage|p1a: Samurott|1/100
|
|t:|1781503447
|switch|p2a: Ogerpon|Ogerpon-Wellspring, F|100/100|[from] Volt Switch
|move|p1a: Samurott|Ceaseless Edge|p2a: Ogerpon
|-damage|p2a: Ogerpon|44/100
|-sidestart|p2: esta man oe|Spikes
|
|upkeep
|turn|2
|
|t:|1781503455
|move|p1a: Samurott|Sucker Punch|p2a: Ogerpon
|-damage|p2a: Ogerpon|4/100
|move|p2a: Ogerpon|Play Rough|p1a: Samurott
|-supereffective|p1a: Samurott
|-damage|p1a: Samurott|0 fnt
|faint|p1a: Samurott
|
|upkeep
|
|t:|1781503458
|switch|p1a: Dragonite|Dragonite, M|100/100
|turn|3
|
|t:|1781503461
|switch|p2a: Orthworm|Orthworm, M|100/100
|-damage|p2a: Orthworm|88/100|[from] Spikes
|move|p1a: Dragonite|Extreme Speed|p2a: Orthworm
|-resisted|p2a: Orthworm
|-damage|p2a: Orthworm|77/100
|
|-heal|p2a: Orthworm|83/100|[from] item: Leftovers
|upkeep
|turn|4
|
|t:|1781503467
|switch|p1a: Raging Bolt|Raging Bolt|100/100
|-enditem|p1a: Raging Bolt|Booster Energy
|-activate|p1a: Raging Bolt|ability: Protosynthesis|[fromitem]
|-start|p1a: Raging Bolt|protosynthesisspa
|move|p2a: Orthworm|Spikes|p1a: Raging Bolt
|-sidestart|p1: Jus4funsies|Spikes
|
|-heal|p2a: Orthworm|89/100|[from] item: Leftovers
|upkeep
|turn|5
|
|t:|1781503481
|switch|p2a: Grimmsnarl|Grimmsnarl, M|100/100
|-damage|p2a: Grimmsnarl|88/100|[from] Spikes
|move|p1a: Raging Bolt|Calm Mind|p1a: Raging Bolt
|-boost|p1a: Raging Bolt|spa|1
|-boost|p1a: Raging Bolt|spd|1
|
|upkeep
|turn|6
|
|t:|1781503484
|move|p2a: Grimmsnarl|Light Screen|p2a: Grimmsnarl
|-sidestart|p2: esta man oe|move: Light Screen
|move|p1a: Raging Bolt|Thunderbolt|p2a: Grimmsnarl
|-damage|p2a: Grimmsnarl|28/100
|
|upkeep
|turn|7
|
|t:|1781503488
|move|p2a: Grimmsnarl|Parting Shot|p1a: Raging Bolt
|-unboost|p1a: Raging Bolt|atk|1
|-unboost|p1a: Raging Bolt|spa|1
|
|t:|1781503490
|switch|p2a: Thundurus|Thundurus-Therian, M|100/100|[from] Parting Shot
|move|p1a: Raging Bolt|Thunderbolt|p2a: Thundurus
|-immune|p2a: Thundurus|[from] ability: Volt Absorb
|
|upkeep
|turn|8
|
|t:|1781503494
|move|p2a: Thundurus|Nasty Plot|p2a: Thundurus
|-boost|p2a: Thundurus|spa|2
|move|p1a: Raging Bolt|Calm Mind|p1a: Raging Bolt
|-boost|p1a: Raging Bolt|spa|1
|-boost|p1a: Raging Bolt|spd|1
|
|upkeep
|turn|9
|
|t:|1781503496
|move|p2a: Thundurus|Dark Pulse|p1a: Raging Bolt
|-damage|p1a: Raging Bolt|75/100
|cant|p1a: Raging Bolt|flinch
|
|upkeep
|turn|10
|
|t:|1781503502
|move|p2a: Thundurus|Dark Pulse|p1a: Raging Bolt
|-damage|p1a: Raging Bolt|52/100
|move|p1a: Raging Bolt|Dragon Pulse|p2a: Thundurus
|-damage|p2a: Thundurus|49/100
|
|upkeep
|turn|11
|
|t:|1781503508
|move|p2a: Thundurus|Dark Pulse|p1a: Raging Bolt
|-damage|p1a: Raging Bolt|27/100
|cant|p1a: Raging Bolt|flinch
|
|upkeep
|turn|12
|
|t:|1781503514
|move|p2a: Thundurus|Focus Blast|p1a: Raging Bolt
|-crit|p1a: Raging Bolt
|-damage|p1a: Raging Bolt|0 fnt
|faint|p1a: Raging Bolt
|-end|p1a: Raging Bolt|Protosynthesis|[silent]
|
|upkeep
|
|t:|1781503529
|switch|p1a: Dragonite|Dragonite, M|100/100
|turn|13
|
|t:|1781503534
|switch|p2a: Orthworm|Orthworm, M|89/100
|-damage|p2a: Orthworm|77/100|[from] Spikes
|move|p1a: Dragonite|Dragon Dance|p1a: Dragonite
|-boost|p1a: Dragonite|atk|1
|-boost|p1a: Dragonite|spe|1
|
|-heal|p2a: Orthworm|83/100|[from] item: Leftovers
|-sideend|p2: esta man oe|move: Light Screen
|upkeep
|turn|14
|
|t:|1781503537
|move|p1a: Dragonite|Dragon Dance|p1a: Dragonite
|-boost|p1a: Dragonite|atk|1
|-boost|p1a: Dragonite|spe|1
|move|p2a: Orthworm|Iron Defense|p2a: Orthworm
|-boost|p2a: Orthworm|def|2
|
|-heal|p2a: Orthworm|89/100|[from] item: Leftovers
|upkeep
|turn|15
|
|t:|1781503541
|switch|p1a: Gholdengo|Gholdengo|100/100
|-item|p1a: Gholdengo|Air Balloon
|move|p2a: Orthworm|Iron Defense|p2a: Orthworm
|-boost|p2a: Orthworm|def|2
|
|-heal|p2a: Orthworm|95/100|[from] item: Leftovers
|upkeep
|turn|16
|
|t:|1781503544
|switch|p2a: Heatran|Heatran, M|100/100
|-damage|p2a: Heatran|88/100|[from] Spikes
|move|p1a: Gholdengo|Nasty Plot|p1a: Gholdengo
|-boost|p1a: Gholdengo|spa|2
|
|-heal|p2a: Heatran|94/100|[from] item: Leftovers
|upkeep
|turn|17
|
|t:|1781503547
|move|p1a: Gholdengo|Shadow Ball|p2a: Heatran
|-damage|p2a: Heatran|41/100
|move|p2a: Heatran|Magma Storm|p1a: Gholdengo|[miss]
|-miss|p2a: Heatran|p1a: Gholdengo
|
|-heal|p2a: Heatran|47/100|[from] item: Leftovers
|upkeep
|turn|18
|
|t:|1781503553
|move|p2a: Heatran|Protect|p2a: Heatran
|-singleturn|p2a: Heatran|Protect
|move|p1a: Gholdengo|Shadow Ball|p2a: Heatran
|-activate|p2a: Heatran|move: Protect
|
|-heal|p2a: Heatran|54/100|[from] item: Leftovers
|upkeep
|turn|19
|
|t:|1781503562
|switch|p2a: Ogerpon|Ogerpon-Wellspring, F|4/100
|-damage|p2a: Ogerpon|0 fnt|[from] Spikes
|faint|p2a: Ogerpon
|move|p1a: Gholdengo|Shadow Ball|p2: Ogerpon|[notarget]
|-fail|p1a: Gholdengo
|
|upkeep
|
|t:|1781503573
|switch|p2a: Goodra|Goodra-Hisui, F|100/100
|-damage|p2a: Goodra|88/100|[from] Spikes
|turn|20
|
|t:|1781503575
|move|p1a: Gholdengo|Shadow Ball|p2a: Goodra
|-damage|p2a: Goodra|51/100
|move|p2a: Goodra|Fire Blast|p1a: Gholdengo
|-supereffective|p1a: Gholdengo
|-damage|p1a: Gholdengo|7/100
|-enditem|p1a: Gholdengo|Air Balloon
|
|upkeep
|turn|21
|
|t:|1781503588
|move|p1a: Gholdengo|Shadow Ball|p2a: Goodra
|-damage|p2a: Goodra|13/100
|move|p2a: Goodra|Dragon Pulse|p1a: Gholdengo
|-resisted|p1a: Gholdengo
|-damage|p1a: Gholdengo|0 fnt
|faint|p1a: Gholdengo
|
|upkeep
|
|t:|1781503592
|switch|p1a: Great Tusk|Great Tusk|100/100
|turn|22
|
|t:|1781503599
|move|p1a: Great Tusk|Stealth Rock|p2a: Goodra
|-sidestart|p2: esta man oe|move: Stealth Rock
|move|p2a: Goodra|Dragon Pulse|p1a: Great Tusk
|-damage|p1a: Great Tusk|39/100
|
|upkeep
|turn|23
|
|t:|1781503601
|move|p1a: Great Tusk|Headlong Rush|p2a: Goodra
|-supereffective|p2a: Goodra
|-damage|p2a: Goodra|0 fnt
|-unboost|p1a: Great Tusk|def|1
|-unboost|p1a: Great Tusk|spd|1
|faint|p2a: Goodra
|
|upkeep
|
|t:|1781503606
|switch|p2a: Thundurus|Thundurus-Therian, M|49/100
|turn|24
|
|t:|1781503612
|move|p2a: Thundurus|Focus Blast|p1a: Great Tusk
|-damage|p1a: Great Tusk|0 fnt
|faint|p1a: Great Tusk
|-end|p1a: Great Tusk|Protosynthesis|[silent]
|
|upkeep
|
|t:|1781503614
|switch|p1a: Dragonite|Dragonite, M|100/100
|turn|25
|
|t:|1781503620
|switch|p1a: Kingambit|Kingambit, F|100/100
|-damage|p1a: Kingambit|88/100|[from] Spikes
|-activate|p1a: Kingambit|ability: Supreme Overlord
|-start|p1a: Kingambit|fallen4|[silent]
|move|p2a: Thundurus|Volt Switch|p1a: Kingambit
|-damage|p1a: Kingambit|47/100
|-message|Jus4funsies forfeited.
|
|win|esta man oe
|raw|Jus4funsies's rating: 1524 &rarr; <strong>1502</strong><br />(-22 for losing)
|raw|esta man oe's rating: 1481 &rarr; <strong>1503</strong><br />(+22 for winning)
|l|‽Jus4funsies
|player|p1|
|l|☆esta man oe
|player|p2|
