|j|‽ChessAddict_
|j|☆TwinkleLittleStars
|t:|1781007577
|gametype|singles
|player|p1|ChessAddict_|265|1651
|player|p2|TwinkleLittleStars|alec-anime|1685
|gen|9
|tier|[Gen 9] OU
|rated|
|rule|HP Percentage Mod: HP is shown in percentages
|rule|Endless Battle Clause: Forcing endless battles is banned
|rule|Species Clause: Limit one of each Pokémon
|rule|OHKO Clause: OHKO moves are banned
|rule|Evasion Items Clause: Evasion items are banned
|rule|Evasion Moves Clause: Evasion moves are banned
|rule|Evasion Abilities Clause: Evasion abilities are banned
|rule|Sleep Moves Clause: Sleep-inducing moves are banned
|clearpoke
|poke|p1|Ting-Lu|
|poke|p1|Gliscor, M|
|poke|p1|Sinistcha-Masterpiece|
|poke|p1|Keldeo|
|poke|p1|Tinkaton, F|
|poke|p1|Dragonite, F|
|poke|p2|Pelipper, M|
|poke|p2|Raging Bolt|
|poke|p2|Crawdaunt, F|
|poke|p2|Barraskewda, M|
|poke|p2|Iron Treads|
|poke|p2|Kingambit, F|
|teampreview
|
|t:|1781007588
|teamsize|p1|6
|teamsize|p2|6
|start
|switch|p1a: Tinkaton|Tinkaton, F|100/100
|switch|p2a: Barraskewda|Barraskewda, M|100/100
|-ability|p1a: Tinkaton|Mold Breaker
|-item|p1a: Tinkaton|Air Balloon
|turn|1
|inactive|Battle timer is ON: inactive players will automatically lose when time's up. (requested by ChessAddict_)
|
|t:|1781007593
|move|p2a: Barraskewda|Flip Turn|p1a: Tinkaton
|-damage|p1a: Tinkaton|55/100
|-enditem|p1a: Tinkaton|Air Balloon
|
|t:|1781007598
|switch|p2a: Pelipper|Pelipper, M|100/100|[from] Flip Turn
|-weather|RainDance|[from] ability: Drizzle|[of] p2a: Pelipper
|move|p1a: Tinkaton|Stealth Rock|p2a: Pelipper
|-sidestart|p2: TwinkleLittleStars|move: Stealth Rock
|
|-weather|RainDance|[upkeep]
|upkeep
|turn|2
|
|t:|1781007603
|move|p1a: Tinkaton|Thunder Wave|p2a: Pelipper
|-status|p2a: Pelipper|par
|move|p2a: Pelipper|U-turn|p1a: Tinkaton
|-resisted|p1a: Tinkaton
|-damage|p1a: Tinkaton|53/100
|
|t:|1781007605
|switch|p2a: Barraskewda|Barraskewda, M|100/100|[from] U-turn
|-damage|p2a: Barraskewda|88/100|[from] Stealth Rock
|
|-weather|RainDance|[upkeep]
|upkeep
|turn|3
|
|t:|1781007613
|move|p2a: Barraskewda|Flip Turn|p1a: Tinkaton
|-damage|p1a: Tinkaton|0 fnt
|faint|p1a: Tinkaton
|
|t:|1781007619
|switch|p2a: Iron Treads|Iron Treads|100/100|[from] Flip Turn
|-damage|p2a: Iron Treads|97/100|[from] Stealth Rock
|-enditem|p2a: Iron Treads|Booster Energy
|-activate|p2a: Iron Treads|ability: Quark Drive|[fromitem]
|-start|p2a: Iron Treads|quarkdrivespe
|
|-weather|RainDance|[upkeep]
|upkeep
|
|t:|1781007622
|switch|p1a: Sinistcha|Sinistcha-Masterpiece|100/100
|turn|4
|
|t:|1781007632
|move|p2a: Iron Treads|Steel Beam|p1a: Sinistcha
|-damage|p1a: Sinistcha|38/100
|-damage|p2a: Iron Treads|47/100|[from] steelbeam
|move|p1a: Sinistcha|Shadow Ball|p2a: Iron Treads
|-damage|p2a: Iron Treads|3/100
|-unboost|p2a: Iron Treads|spd|1
|
|-weather|RainDance|[upkeep]
|upkeep
|turn|5
|
|t:|1781007649
|move|p2a: Iron Treads|Stealth Rock|p1a: Sinistcha
|-sidestart|p1: ChessAddict_|move: Stealth Rock
|move|p1a: Sinistcha|Strength Sap|p2a: Iron Treads
|-unboost|p2a: Iron Treads|atk|1
|-heal|p1a: Sinistcha|100/100
|
|-weather|RainDance|[upkeep]
|upkeep
|turn|6
|
|t:|1781007656
|move|p2a: Iron Treads|Earth Power|p1a: Sinistcha
|-resisted|p1a: Sinistcha
|-damage|p1a: Sinistcha|81/100
|move|p1a: Sinistcha|Matcha Gotcha|p2a: Iron Treads
|-damage|p2a: Iron Treads|0 fnt
|-heal|p1a: Sinistcha|83/100|[from] drain|[of] p2a: Iron Treads
|faint|p2a: Iron Treads
|-end|p2a: Iron Treads|Quark Drive|[silent]
|
|-weather|RainDance|[upkeep]
|upkeep
|
|t:|1781007660
|switch|p2a: Crawdaunt|Crawdaunt, F|100/100
|-damage|p2a: Crawdaunt|88/100|[from] Stealth Rock
|turn|7
|
|t:|1781007667
|move|p2a: Crawdaunt|Liquidation|p1a: Sinistcha
|-resisted|p1a: Sinistcha
|-damage|p1a: Sinistcha|40/100
|-damage|p2a: Crawdaunt|78/100|[from] item: Life Orb
|move|p1a: Sinistcha|Matcha Gotcha|p2a: Crawdaunt|[miss]
|-miss|p1a: Sinistcha|p2a: Crawdaunt
|
|-weather|RainDance|[upkeep]
|upkeep
|turn|8
|
|t:|1781007676
|move|p2a: Crawdaunt|Liquidation|p1a: Sinistcha
|-resisted|p1a: Sinistcha
|-damage|p1a: Sinistcha|0 fnt
|faint|p1a: Sinistcha
|-damage|p2a: Crawdaunt|69/100|[from] item: Life Orb
|
|-weather|none
|upkeep
|
|t:|1781007679
|switch|p1a: Keldeo|Keldeo|100/100
|turn|9
|
|t:|1781007691
|move|p1a: Keldeo|Aura Sphere|p2a: Crawdaunt
|-supereffective|p2a: Crawdaunt
|-damage|p2a: Crawdaunt|0 fnt
|faint|p2a: Crawdaunt
|
|upkeep
|
|t:|1781007695
|switch|p2a: Pelipper|Pelipper, M|100/100 par
|-damage|p2a: Pelipper|76/100 par|[from] Stealth Rock
|-weather|RainDance|[from] ability: Drizzle|[of] p2a: Pelipper
|turn|10
|
|t:|1781007700
|move|p1a: Keldeo|Surf|p2a: Pelipper
|-resisted|p2a: Pelipper
|-damage|p2a: Pelipper|22/100 par
|move|p2a: Pelipper|U-turn|p1a: Keldeo
|-resisted|p1a: Keldeo
|-damage|p1a: Keldeo|96/100
|
|t:|1781007703
|switch|p2a: Raging Bolt|Raging Bolt|100/100|[from] U-turn
|-damage|p2a: Raging Bolt|88/100|[from] Stealth Rock
|-enditem|p2a: Raging Bolt|Booster Energy
|-activate|p2a: Raging Bolt|ability: Protosynthesis|[fromitem]
|-start|p2a: Raging Bolt|protosynthesisspa
|
|-weather|RainDance|[upkeep]
|upkeep
|turn|11
|
|t:|1781007706
|switch|p1a: Ting-Lu|Ting-Lu|100/100
|-damage|p1a: Ting-Lu|94/100|[from] Stealth Rock
|-ability|p1a: Ting-Lu|Vessel of Ruin
|move|p2a: Raging Bolt|Weather Ball|p1a: Ting-Lu
|-supereffective|p1a: Ting-Lu
|-damage|p1a: Ting-Lu|26/100
|
|-weather|RainDance|[upkeep]
|-heal|p1a: Ting-Lu|32/100|[from] item: Leftovers
|upkeep
|turn|12
|
|t:|1781007715
|move|p2a: Raging Bolt|Weather Ball|p1a: Ting-Lu
|-supereffective|p1a: Ting-Lu
|-damage|p1a: Ting-Lu|0 fnt
|faint|p1a: Ting-Lu
|
|-weather|RainDance|[upkeep]
|upkeep
|
|t:|1781007718
|switch|p1a: Dragonite|Dragonite, F|100/100
|turn|13
|
|t:|1781007723
|move|p2a: Raging Bolt|Thunder|p1a: Dragonite
|-damage|p1a: Dragonite|65/100
|-status|p1a: Dragonite|par
|cant|p1a: Dragonite|par
|
|-weather|RainDance|[upkeep]
|upkeep
|turn|14
|
|t:|1781007727
|move|p1a: Dragonite|Extreme Speed|p2a: Raging Bolt
|-damage|p2a: Raging Bolt|61/100
|move|p2a: Raging Bolt|Thunder|p1a: Dragonite
|-damage|p1a: Dragonite|0 fnt
|faint|p1a: Dragonite
|
|-weather|RainDance|[upkeep]
|upkeep
|
|t:|1781007736
|switch|p1a: Gliscor|Gliscor, M|100/100
|-damage|p1a: Gliscor|88/100|[from] Stealth Rock
|turn|15
|
|t:|1781007741
|-terastallize|p2a: Raging Bolt|Fairy
|move|p1a: Gliscor|Protect|p1a: Gliscor
|-singleturn|p1a: Gliscor|Protect
|move|p2a: Raging Bolt|Weather Ball|p1a: Gliscor
|-activate|p1a: Gliscor|move: Protect
|
|-weather|RainDance|[upkeep]
|-status|p1a: Gliscor|tox|[from] item: Toxic Orb
|upkeep
|turn|16
|
|t:|1781007751
|move|p1a: Gliscor|Facade|p2a: Raging Bolt
|-damage|p2a: Raging Bolt|35/100
|move|p2a: Raging Bolt|Draco Meteor|p1a: Gliscor
|-damage|p1a: Gliscor|0 fnt
|-unboost|p2a: Raging Bolt|spa|2
|faint|p1a: Gliscor
|
|-weather|RainDance|[upkeep]
|upkeep
|
|t:|1781007757
|switch|p1a: Keldeo|Keldeo|96/100
|turn|17
|
|t:|1781007764
|-end|p2a: Raging Bolt|Protosynthesis|[silent]
|switch|p2a: Pelipper|Pelipper, M|22/100 par
|-damage|p2a: Pelipper|0 fnt|[from] Stealth Rock
|faint|p2a: Pelipper
|move|p1a: Keldeo|Surf|p2: Pelipper|[notarget]
|-fail|p1a: Keldeo
|
|-weather|none
|upkeep
|
|t:|1781007766
|switch|p2a: Raging Bolt|Raging Bolt, tera:Fairy|35/100
|-damage|p2a: Raging Bolt|23/100|[from] Stealth Rock
|turn|18
|
|t:|1781007771
|move|p2a: Raging Bolt|Thunderclap|p1a: Keldeo
|-supereffective|p1a: Keldeo
|-damage|p1a: Keldeo|0 fnt
|faint|p1a: Keldeo
|
|win|TwinkleLittleStars
|raw|ChessAddict_'s rating: 1651 &rarr; <strong>1633</strong><br />(-18 for losing)
|raw|TwinkleLittleStars's rating: 1685 &rarr; <strong>1703</strong><br />(+18 for winning)
|l|☆TwinkleLittleStars
|player|p2|
|l|‽ChessAddict_
|player|p1|
