|j|☆rockeater9000
|j|‽gimmicksrule
|t:|1781453721
|gametype|singles
|player|p1|rockeater9000|102|1610
|player|p2|gimmicksrule|unknown|1556
|gen|9
|tier|[Gen 9] OU
|rated|
|rule|HP Percentage Mod: HP is shown in percentages
|rule|Endless Battle Clause: Forcing endless battles is banned
|rule|Species Clause: Limit one of each Pokémon
|rule|OHKO Clause: OHKO moves are banned
|rule|Evasion Items Clause: Evasion items are banned
|rule|Evasion Moves Clause: Evasion moves are banned
|rule|Evasion Abilities Clause: Evasion abilities are banned
|rule|Sleep Moves Clause: Sleep-inducing moves are banned
|clearpoke
|poke|p1|Greninja-*, M|
|poke|p1|Glimmora, F|
|poke|p1|Garchomp, F|
|poke|p1|Iron Valiant|
|poke|p1|Kingambit, M|
|poke|p1|Ceruledge, M|
|poke|p2|Araquanid, M|
|poke|p2|Cinderace, M|
|poke|p2|Articuno-Galar|
|poke|p2|Kingambit, F|
|poke|p2|Empoleon, M|
|poke|p2|Serperior, F|
|teampreview
|inactive|Battle timer is ON: inactive players will automatically lose when time's up. (requested by gimmicksrule)
|
|t:|1781453728
|teamsize|p1|6
|teamsize|p2|6
|start
|switch|p1a: Garchomp|Garchomp, F|100/100
|switch|p2a: Araquanid|Araquanid, M|100/100
|turn|1
|
|t:|1781453734
|move|p1a: Garchomp|Scale Shot|p2a: Araquanid
|-damage|p2a: Araquanid|88/100
|-damage|p2a: Araquanid|76/100
|-damage|p2a: Araquanid|65/100
|-damage|p2a: Araquanid|54/100
|-damage|p2a: Araquanid|43/100
|-hitcount|p2a: Araquanid|5
|-unboost|p1a: Garchomp|def|1
|-boost|p1a: Garchomp|spe|1
|move|p2a: Araquanid|Sticky Web|p1a: Garchomp
|-sidestart|p1: rockeater9000|move: Sticky Web
|
|upkeep
|turn|2
|
|t:|1781453738
|move|p2a: Araquanid|Endure|p2a: Araquanid
|-singleturn|p2a: Araquanid|move: Endure
|move|p1a: Garchomp|Scale Shot|p2a: Araquanid
|-damage|p2a: Araquanid|32/100
|-damage|p2a: Araquanid|21/100
|-damage|p2a: Araquanid|10/100
|-activate|p2a: Araquanid|move: Endure
|-damage|p2a: Araquanid|1/100
|-activate|p2a: Araquanid|move: Endure
|-damage|p2a: Araquanid|1/100
|-hitcount|p2a: Araquanid|5
|-unboost|p1a: Garchomp|def|1
|-boost|p1a: Garchomp|spe|1
|
|upkeep
|turn|3
|-enditem|p2a: Araquanid|Custap Berry|[eat]
|-activate|p2a: Araquanid|item: Custap Berry|[consumed]
|
|t:|1781453741
|switch|p1a: Ceruledge|Ceruledge, M|100/100
|-item|p1a: Ceruledge|Air Balloon
|move|p2a: Araquanid|Endeavor|p1a: Ceruledge
|-immune|p1a: Ceruledge
|
|upkeep
|turn|4
|
|t:|1781453744
|move|p1a: Ceruledge|Shadow Sneak|p2a: Araquanid
|-damage|p2a: Araquanid|0 fnt
|faint|p2a: Araquanid
|
|upkeep
|
|t:|1781453748
|switch|p2a: Empoleon|Empoleon, M|100/100
|turn|5
|
|t:|1781453752
|move|p1a: Ceruledge|Poltergeist|p2a: Empoleon
|-activate|p2a: Empoleon|move: Poltergeist|Life Orb
|-damage|p2a: Empoleon|41/100
|move|p2a: Empoleon|Surf|p1a: Ceruledge
|-supereffective|p1a: Ceruledge
|-damage|p1a: Ceruledge|0 fnt
|-enditem|p1a: Ceruledge|Air Balloon
|faint|p1a: Ceruledge
|-damage|p2a: Empoleon|31/100|[from] item: Life Orb
|
|upkeep
|
|t:|1781453769
|switch|p1a: Greninja|Greninja, M|100/100
|-activate|p1a: Greninja|move: Sticky Web
|-unboost|p1a: Greninja|spe|1
|turn|6
|
|t:|1781453790
|switch|p2a: Cinderace|Cinderace, M|100/100
|move|p1a: Greninja|Dark Pulse|p2a: Cinderace
|-damage|p2a: Cinderace|42/100
|-damage|p1a: Greninja|91/100|[from] item: Life Orb
|
|upkeep
|turn|7
|
|t:|1781453799
|switch|p2a: Serperior|Serperior, F|100/100
|move|p1a: Greninja|Water Shuriken|p2a: Serperior
|-resisted|p2a: Serperior
|-damage|p2a: Serperior|95/100
|-resisted|p2a: Serperior
|-damage|p2a: Serperior|89/100
|-resisted|p2a: Serperior
|-damage|p2a: Serperior|84/100
|-hitcount|p2a: Serperior|3
|-damage|p1a: Greninja|81/100|[from] item: Life Orb
|
|-heal|p2a: Serperior|90/100|[from] item: Leftovers
|upkeep
|turn|8
|
|t:|1781453809
|move|p2a: Serperior|Leaf Storm|p1a: Greninja
|-supereffective|p1a: Greninja
|-crit|p1a: Greninja
|-damage|p1a: Greninja|0 fnt
|-boost|p2a: Serperior|spa|2
|faint|p1a: Greninja
|
|-heal|p2a: Serperior|96/100|[from] item: Leftovers
|upkeep
|
|t:|1781453810
|switch|p1a: Kingambit|Kingambit, M|100/100
|-activate|p1a: Kingambit|move: Sticky Web
|-unboost|p1a: Kingambit|spe|1
|-activate|p1a: Kingambit|ability: Supreme Overlord
|-start|p1a: Kingambit|fallen2|[silent]
|turn|9
|
|t:|1781453814
|move|p2a: Serperior|Leaf Storm|p1a: Kingambit
|-resisted|p1a: Kingambit
|-damage|p1a: Kingambit|48/100
|-boost|p2a: Serperior|spa|2
|move|p1a: Kingambit|Kowtow Cleave|p2a: Serperior
|-damage|p2a: Serperior|5/100
|
|-heal|p2a: Serperior|11/100|[from] item: Leftovers
|upkeep
|turn|10
|
|t:|1781453835
|move|p2a: Serperior|Glare|p1a: Kingambit
|-status|p1a: Kingambit|par
|move|p1a: Kingambit|Kowtow Cleave|p2a: Serperior
|-damage|p2a: Serperior|0 fnt
|faint|p2a: Serperior
|
|upkeep
|
|t:|1781453837
|switch|p2a: Cinderace|Cinderace, M|42/100
|turn|11
|
|t:|1781453845
|-end|p1a: Kingambit|fallen2|[silent]
|switch|p1a: Garchomp|Garchomp, F|100/100
|-activate|p1a: Garchomp|move: Sticky Web
|-unboost|p1a: Garchomp|spe|1
|move|p2a: Cinderace|Court Change|p2a: Cinderace
|-swapsideconditions
|-activate|p2a: Cinderace|move: Court Change
|
|upkeep
|turn|12
|
|t:|1781453849
|switch|p1a: Glimmora|Glimmora, F|100/100
|move|p2a: Cinderace|Will-O-Wisp|p1a: Glimmora
|-status|p1a: Glimmora|brn
|
|-damage|p1a: Glimmora|94/100 brn|[from] brn
|upkeep
|turn|13
|
|t:|1781453857
|move|p2a: Cinderace|Taunt|p1a: Glimmora
|-start|p1a: Glimmora|move: Taunt
|move|p1a: Glimmora|Meteor Beam||[still]
|-prepare|p1a: Glimmora|Meteor Beam
|-boost|p1a: Glimmora|spa|1
|-enditem|p1a: Glimmora|Power Herb
|-anim|p1a: Glimmora|Meteor Beam|p2a: Cinderace
|-supereffective|p2a: Cinderace
|-damage|p2a: Cinderace|0 fnt
|faint|p2a: Cinderace
|
|-damage|p1a: Glimmora|88/100 brn|[from] brn
|upkeep
|
|t:|1781453875
|switch|p2a: Kingambit|Kingambit, F|100/100
|-activate|p2a: Kingambit|move: Sticky Web
|-unboost|p2a: Kingambit|spe|1
|-ability|p2a: Kingambit|Defiant|boost
|-boost|p2a: Kingambit|atk|2
|turn|14
|
|t:|1781453887
|move|p2a: Kingambit|Sucker Punch|p1a: Glimmora
|-damage|p1a: Glimmora|0 fnt
|-activate|p1a: Glimmora|ability: Toxic Debris
|-sidestart|p2: gimmicksrule|move: Toxic Spikes
|faint|p1a: Glimmora
|
|upkeep
|
|t:|1781453890
|switch|p1a: Iron Valiant|Iron Valiant|100/100
|-enditem|p1a: Iron Valiant|Booster Energy
|-activate|p1a: Iron Valiant|ability: Quark Drive|[fromitem]
|-start|p1a: Iron Valiant|quarkdrivespe
|turn|15
|
|t:|1781453894
|-terastallize|p2a: Kingambit|Fairy
|move|p1a: Iron Valiant|Encore|p2a: Kingambit
|-start|p2a: Kingambit|Encore
|move|p2a: Kingambit|Sucker Punch||[still]
|-fail|p2a: Kingambit
|
|upkeep
|turn|16
|
|t:|1781453900
|switch|p2a: Empoleon|Empoleon, M|31/100
|-activate|p2a: Empoleon|move: Sticky Web
|-unboost|p2a: Empoleon|spe|1
|-ability|p2a: Empoleon|Competitive|boost
|-boost|p2a: Empoleon|spa|2
|move|p1a: Iron Valiant|Moonblast|p2a: Empoleon
|-resisted|p2a: Empoleon
|-damage|p2a: Empoleon|12/100
|-unboost|p2a: Empoleon|spa|1
|-ability|p2a: Empoleon|Competitive|boost
|-boost|p2a: Empoleon|spa|2
|
|upkeep
|turn|17
|
|t:|1781453908
|move|p2a: Empoleon|Vacuum Wave|p1a: Iron Valiant
|-resisted|p1a: Iron Valiant
|-damage|p1a: Iron Valiant|56/100
|-damage|p2a: Empoleon|2/100|[from] item: Life Orb
|move|p1a: Iron Valiant|Moonblast|p2a: Empoleon
|-resisted|p2a: Empoleon
|-crit|p2a: Empoleon
|-damage|p2a: Empoleon|0 fnt
|faint|p2a: Empoleon
|
|upkeep
|
|t:|1781453910
|switch|p2a: Articuno|Articuno-Galar|100/100
|-activate|p2a: Articuno|move: Sticky Web
|-unboost|p2a: Articuno|spe|1
|-ability|p2a: Articuno|Competitive|boost
|-boost|p2a: Articuno|spa|2
|-status|p2a: Articuno|psn
|turn|18
|
|t:|1781453921
|move|p1a: Iron Valiant|Shadow Ball|p2a: Articuno
|-supereffective|p2a: Articuno
|-damage|p2a: Articuno|51/100 psn
|move|p2a: Articuno|Trick Room|p2a: Articuno
|-fieldstart|move: Trick Room|[of] p2a: Articuno
|
|-damage|p2a: Articuno|39/100 psn|[from] psn
|upkeep
|turn|19
|
|t:|1781453925
|move|p2a: Articuno|Hurricane|p1a: Iron Valiant
|-supereffective|p1a: Iron Valiant
|-damage|p1a: Iron Valiant|0 fnt
|faint|p1a: Iron Valiant
|-end|p1a: Iron Valiant|Quark Drive|[silent]
|
|-damage|p2a: Articuno|26/100 psn|[from] psn
|upkeep
|
|t:|1781453929
|switch|p1a: Kingambit|Kingambit, M|48/100 par
|-activate|p1a: Kingambit|ability: Supreme Overlord
|-start|p1a: Kingambit|fallen4|[silent]
|turn|20
|
|t:|1781453933
|move|p2a: Articuno|Hurricane|p1a: Kingambit|[miss]
|-miss|p2a: Articuno|p1a: Kingambit
|move|p1a: Kingambit|Kowtow Cleave|p2a: Articuno
|-supereffective|p2a: Articuno
|-damage|p2a: Articuno|0 fnt
|faint|p2a: Articuno
|
|upkeep
|
|t:|1781453935
|switch|p2a: Kingambit|Kingambit, F, tera:Fairy|100/100
|-activate|p2a: Kingambit|move: Sticky Web
|-unboost|p2a: Kingambit|spe|1
|-ability|p2a: Kingambit|Defiant|boost
|-boost|p2a: Kingambit|atk|2
|-status|p2a: Kingambit|psn
|turn|21
|
|t:|1781453949
|move|p2a: Kingambit|Low Kick|p1a: Kingambit
|-supereffective|p1a: Kingambit
|-damage|p1a: Kingambit|0 fnt
|faint|p1a: Kingambit
|-end|p1a: Kingambit|fallen4|[silent]
|
|-damage|p2a: Kingambit|88/100 psn|[from] psn
|upkeep
|
|t:|1781453963
|switch|p1a: Garchomp|Garchomp, F|100/100
|turn|22
|
|t:|1781453966
|move|p2a: Kingambit|Kowtow Cleave|p1a: Garchomp
|-damage|p1a: Garchomp|0 fnt
|-damage|p2a: Kingambit|76/100 psn|[from] ability: Rough Skin|[of] p1a: Garchomp
|faint|p1a: Garchomp
|
|win|gimmicksrule
|raw|rockeater9000's rating: 1610 &rarr; <strong>1587</strong><br />(-23 for losing)
|raw|gimmicksrule's rating: 1556 &rarr; <strong>1579</strong><br />(+23 for winning)
|l|‽gimmicksrule
|player|p2|
|l|☆rockeater9000
|player|p1|
