|j|☆jus4funsies
|j|☆bigtestsofbig
|t:|1781307721
|gametype|singles
|player|p1|jus4funsies|teamrocket|1571
|player|p2|bigtestsofbig|266|1628
|gen|9
|tier|[Gen 9] OU
|rated|
|rule|HP Percentage Mod: HP is shown in percentages
|rule|Endless Battle Clause: Forcing endless battles is banned
|rule|Species Clause: Limit one of each Pokémon
|rule|OHKO Clause: OHKO moves are banned
|rule|Evasion Items Clause: Evasion items are banned
|rule|Evasion Moves Clause: Evasion moves are banned
|rule|Evasion Abilities Clause: Evasion abilities are banned
|rule|Sleep Moves Clause: Sleep-inducing moves are banned
|clearpoke
|poke|p1|Samurott-Hisui, F|
|poke|p1|Gholdengo|
|poke|p1|Great Tusk|
|poke|p1|Dragonite, M|
|poke|p1|Raging Bolt|
|poke|p1|Kingambit, M|
|poke|p2|Armarouge, M|
|poke|p2|Slither Wing|
|poke|p2|Enamorus, F|
|poke|p2|Iron Treads|
|poke|p2|Dragonite, F|
|poke|p2|Kingambit, M|
|teampreview
|
|t:|1781307729
|teamsize|p1|6
|teamsize|p2|6
|start
|switch|p1a: Shamiqua|Samurott-Hisui, F|100/100
|switch|p2a: Slither Wing|Slither Wing|100/100
|turn|1
|inactive|Battle timer is ON: inactive players will automatically lose when time's up. (requested by bigtestsofbig)
|
|t:|1781307738
|move|p1a: Shamiqua|Ceaseless Edge|p2a: Slither Wing|[miss]
|-miss|p1a: Shamiqua|p2a: Slither Wing
|move|p2a: Slither Wing|U-turn|p1a: Shamiqua
|-supereffective|p1a: Shamiqua
|-enditem|p1a: Shamiqua|Focus Sash
|-damage|p1a: Shamiqua|1/100
|
|t:|1781307742
|-end|p2a: Slither Wing|Protosynthesis|[silent]
|switch|p2a: Iron Treads|Iron Treads|100/100|[from] U-turn
|
|upkeep
|turn|2
|
|t:|1781307745
|move|p2a: Iron Treads|Ice Spinner|p1a: Shamiqua
|-resisted|p1a: Shamiqua
|-damage|p1a: Shamiqua|0 fnt
|faint|p1a: Shamiqua
|
|upkeep
|
|t:|1781307747
|switch|p1a: Tyrone|Great Tusk|100/100
|turn|3
|
|t:|1781307753
|-end|p2a: Iron Treads|Quark Drive|[silent]
|switch|p2a: Enamorus|Enamorus, F|100/100
|move|p1a: Tyrone|Headlong Rush|p2a: Enamorus
|-immune|p2a: Enamorus
|
|upkeep
|turn|4
|
|t:|1781307762
|-end|p1a: Tyrone|Protosynthesis|[silent]
|switch|p1a: Cinna-Mon|Gholdengo|100/100
|-item|p1a: Cinna-Mon|Air Balloon
|move|p2a: Enamorus|Moonblast|p1a: Cinna-Mon
|-resisted|p1a: Cinna-Mon
|-damage|p1a: Cinna-Mon|73/100
|-enditem|p1a: Cinna-Mon|Air Balloon
|
|upkeep
|turn|5
|
|t:|1781307776
|switch|p2a: Kingambit|Kingambit, M|100/100
|move|p1a: Cinna-Mon|Make It Rain|p2a: Kingambit
|-resisted|p2a: Kingambit
|-damage|p2a: Kingambit|73/100
|-unboost|p1a: Cinna-Mon|spa|1
|
|-heal|p2a: Kingambit|79/100|[from] item: Leftovers
|upkeep
|turn|6
|
|t:|1781307780
|switch|p1a: Tyrone|Great Tusk|100/100
|-end|p2a: Kingambit|fallenundefined|[silent]
|switch|p2a: Slither Wing|Slither Wing|100/100
|
|upkeep
|turn|7
|
|t:|1781307788
|move|p1a: Tyrone|Stealth Rock|p2a: Slither Wing
|-sidestart|p2: bigtestsofbig|move: Stealth Rock
|move|p2a: Slither Wing|Close Combat|p1a: Tyrone
|-damage|p1a: Tyrone|31/100
|-unboost|p2a: Slither Wing|def|1
|-unboost|p2a: Slither Wing|spd|1
|
|upkeep
|turn|8
|
|t:|1781307795
|-end|p2a: Slither Wing|Protosynthesis|[silent]
|switch|p2a: Iron Treads|Iron Treads|100/100
|move|p1a: Tyrone|Headlong Rush|p2a: Iron Treads
|-supereffective|p2a: Iron Treads
|-damage|p2a: Iron Treads|0 fnt
|-unboost|p1a: Tyrone|def|1
|-unboost|p1a: Tyrone|spd|1
|faint|p2a: Iron Treads
|-end|p2a: Iron Treads|Quark Drive|[silent]
|
|upkeep
|
|t:|1781307815
|switch|p2a: Enamorus|Enamorus, F|100/100
|-damage|p2a: Enamorus|76/100|[from] Stealth Rock
|turn|9
|
|t:|1781307832
|move|p2a: Enamorus|Moonblast|p1a: Tyrone
|-supereffective|p1a: Tyrone
|-damage|p1a: Tyrone|0 fnt
|faint|p1a: Tyrone
|-end|p1a: Tyrone|Protosynthesis|[silent]
|
|upkeep
|
|t:|1781307835
|switch|p1a: Cinna-Mon|Gholdengo|73/100
|turn|10
|
|t:|1781307850
|switch|p2a: Kingambit|Kingambit, M|79/100
|-damage|p2a: Kingambit|73/100|[from] Stealth Rock
|-activate|p2a: Kingambit|ability: Supreme Overlord
|-start|p2a: Kingambit|fallen1|[silent]
|move|p1a: Cinna-Mon|Recover|p1a: Cinna-Mon
|-heal|p1a: Cinna-Mon|100/100
|
|-heal|p2a: Kingambit|79/100|[from] item: Leftovers
|upkeep
|turn|11
|
|t:|1781307858
|switch|p1a: DragoniGG|Dragonite, M|100/100
|move|p2a: Kingambit|Kowtow Cleave|p1a: DragoniGG
|-damage|p1a: DragoniGG|71/100
|
|-heal|p2a: Kingambit|86/100|[from] item: Leftovers
|upkeep
|turn|12
|
|t:|1781307876
|move|p1a: DragoniGG|Earthquake|p2a: Kingambit
|-supereffective|p2a: Kingambit
|-damage|p2a: Kingambit|25/100
|move|p2a: Kingambit|Kowtow Cleave|p1a: DragoniGG
|-damage|p1a: DragoniGG|11/100
|
|-heal|p2a: Kingambit|31/100|[from] item: Leftovers
|upkeep
|turn|13
|
|t:|1781307887
|move|p1a: DragoniGG|Earthquake|p2a: Kingambit
|-supereffective|p2a: Kingambit
|-damage|p2a: Kingambit|0 fnt
|faint|p2a: Kingambit
|-end|p2a: Kingambit|fallen1|[silent]
|
|upkeep
|
|t:|1781307890
|switch|p2a: Slither Wing|Slither Wing|100/100
|-damage|p2a: Slither Wing|88/100|[from] Stealth Rock
|turn|14
|
|t:|1781307901
|move|p1a: DragoniGG|Extreme Speed|p2a: Slither Wing
|-damage|p2a: Slither Wing|46/100
|move|p2a: Slither Wing|U-turn|p1a: DragoniGG
|-resisted|p1a: DragoniGG
|-damage|p1a: DragoniGG|0 fnt
|faint|p1a: DragoniGG
|
|t:|1781307922
|-end|p2a: Slither Wing|Protosynthesis|[silent]
|switch|p2a: Armarouge|Armarouge, M|100/100|[from] U-turn
|-damage|p2a: Armarouge|76/100|[from] Stealth Rock
|
|upkeep
|
|t:|1781307940
|switch|p1a: Daddy long neck|Raging Bolt|100/100
|-enditem|p1a: Daddy long neck|Booster Energy
|-activate|p1a: Daddy long neck|ability: Protosynthesis|[fromitem]
|-start|p1a: Daddy long neck|protosynthesisspa
|turn|15
|
|t:|1781307944
|move|p1a: Daddy long neck|Thunderbolt|p2a: Armarouge
|-damage|p2a: Armarouge|0 fnt
|faint|p2a: Armarouge
|
|upkeep
|inactive|bigtestsofbig has 120 seconds left.
|
|t:|1781307980
|switch|p2a: Enamorus|Enamorus, F|76/100
|-damage|p2a: Enamorus|51/100|[from] Stealth Rock
|turn|16
|inactive|bigtestsofbig has 120 seconds left.
|
|t:|1781308003
|move|p1a: Daddy long neck|Thunderclap||[still]
|-fail|p1a: Daddy long neck
|move|p2a: Enamorus|Healing Wish|p2a: Enamorus
|faint|p2a: Enamorus
|
|upkeep
|
|t:|1781308006
|switch|p2a: Slither Wing|Slither Wing|46/100
|-heal|p2a: Slither Wing|100/100|[from] move: Healing Wish
|-damage|p2a: Slither Wing|88/100|[from] Stealth Rock
|turn|17
|
|t:|1781308018
|-terastallize|p1a: Daddy long neck|Fairy
|move|p2a: Slither Wing|Earthquake|p1a: Daddy long neck
|-damage|p1a: Daddy long neck|47/100
|move|p1a: Daddy long neck|Thunderbolt|p2a: Slither Wing
|-damage|p2a: Slither Wing|11/100
|
|upkeep
|turn|18
|
|t:|1781308027
|-end|p2a: Slither Wing|Protosynthesis|[silent]
|switch|p2a: Dragonite|Dragonite, F|100/100
|move|p1a: Daddy long neck|Thunderclap||[still]
|-fail|p1a: Daddy long neck
|
|upkeep
|turn|19
|
|t:|1781308045
|-terastallize|p2a: Dragonite|Fairy
|move|p1a: Daddy long neck|Dragon Pulse|p2a: Dragonite
|-immune|p2a: Dragonite
|move|p2a: Dragonite|Earthquake|p1a: Daddy long neck
|-damage|p1a: Daddy long neck|13/100
|
|upkeep
|turn|20
|
|t:|1781308051
|move|p2a: Dragonite|Extreme Speed|p1a: Daddy long neck
|-damage|p1a: Daddy long neck|0 fnt
|faint|p1a: Daddy long neck
|-end|p1a: Daddy long neck|Protosynthesis|[silent]
|
|upkeep
|
|t:|1781308059
|switch|p1a: Cinna-Mon|Gholdengo|100/100
|turn|21
|
|t:|1781308063
|switch|p2a: Slither Wing|Slither Wing|11/100
|-damage|p2a: Slither Wing|0 fnt|[from] Stealth Rock
|faint|p2a: Slither Wing
|-end|p2a: Slither Wing|Protosynthesis|[silent]
|move|p1a: Cinna-Mon|Make It Rain|p2: Slither Wing|[notarget]
|-fail|p1a: Cinna-Mon
|
|upkeep
|
|t:|1781308065
|switch|p2a: Dragonite|Dragonite, F, tera:Fairy|100/100
|turn|22
|
|t:|1781308068
|move|p1a: Cinna-Mon|Make It Rain|p2a: Dragonite
|-supereffective|p2a: Dragonite
|-damage|p2a: Dragonite|48/100
|-unboost|p1a: Cinna-Mon|spa|1
|move|p2a: Dragonite|Roost|p2a: Dragonite
|-heal|p2a: Dragonite|98/100
|
|upkeep
|turn|23
|
|t:|1781308077
|move|p1a: Cinna-Mon|Make It Rain|p2a: Dragonite
|-supereffective|p2a: Dragonite
|-damage|p2a: Dragonite|30/100
|-unboost|p1a: Cinna-Mon|spa|1
|move|p2a: Dragonite|Roost|p2a: Dragonite
|-heal|p2a: Dragonite|80/100
|
|upkeep
|turn|24
|
|t:|1781308083
|move|p1a: Cinna-Mon|Nasty Plot|p1a: Cinna-Mon
|-boost|p1a: Cinna-Mon|spa|2
|move|p2a: Dragonite|Roost|p2a: Dragonite
|-heal|p2a: Dragonite|100/100
|
|upkeep
|turn|25
|
|t:|1781308093
|move|p1a: Cinna-Mon|Make It Rain|p2a: Dragonite
|-supereffective|p2a: Dragonite
|-crit|p2a: Dragonite
|-damage|p2a: Dragonite|17/100
|-unboost|p1a: Cinna-Mon|spa|1
|move|p2a: Dragonite|Roost|p2a: Dragonite
|-heal|p2a: Dragonite|67/100
|
|upkeep
|turn|26
|
|t:|1781308100
|move|p1a: Cinna-Mon|Make It Rain|p2a: Dragonite
|-supereffective|p2a: Dragonite
|-damage|p2a: Dragonite|0 fnt
|-unboost|p1a: Cinna-Mon|spa|1
|faint|p2a: Dragonite
|
|win|jus4funsies
|raw|jus4funsies's rating: 1571 &rarr; <strong>1594</strong><br />(+23 for winning)
|raw|bigtestsofbig's rating: 1628 &rarr; <strong>1605</strong><br />(-23 for losing)
|l|☆bigtestsofbig
|player|p2|
