|j|☆zg4h11
|j|☆Floundso
|t:|1780998486
|gametype|singles
|player|p1|zg4h11|266|1570
|player|p2|Floundso|giovanni|1568
|gen|9
|tier|[Gen 9] OU
|rated|
|rule|HP Percentage Mod: HP is shown in percentages
|rule|Endless Battle Clause: Forcing endless battles is banned
|rule|Species Clause: Limit one of each Pokémon
|rule|OHKO Clause: OHKO moves are banned
|rule|Evasion Items Clause: Evasion items are banned
|rule|Evasion Moves Clause: Evasion moves are banned
|rule|Evasion Abilities Clause: Evasion abilities are banned
|rule|Sleep Moves Clause: Sleep-inducing moves are banned
|clearpoke
|poke|p1|Tyranitar, M|
|poke|p1|Excadrill, M|
|poke|p1|Iron Valiant|
|poke|p1|Dragapult, M|
|poke|p1|Zapdos|
|poke|p1|Hatterene, F|
|poke|p2|Mew|
|poke|p2|Zapdos|
|poke|p2|Moltres|
|poke|p2|Iron Treads|
|poke|p2|Dragapult, M|
|poke|p2|Ogerpon-Wellspring, F|
|teampreview
|
|t:|1780998549
|teamsize|p1|6
|teamsize|p2|6
|start
|switch|p1a: Tyranitar|Tyranitar, M, shiny|100/100
|switch|p2a: Iron Treads|Iron Treads|100/100
|-weather|Sandstorm|[from] ability: Sand Stream|[of] p1a: Tyranitar
|turn|1
|inactive|Battle timer is ON: inactive players will automatically lose when time's up. (requested by zg4h11)
|
|t:|1780998569
|switch|p1a: Zapdos|Zapdos|100/100
|move|p2a: Iron Treads|Knock Off|p1a: Zapdos
|-damage|p1a: Zapdos|77/100
|-enditem|p1a: Zapdos|Heavy-Duty Boots|[from] move: Knock Off|[of] p2a: Iron Treads
|
|-weather|Sandstorm|[upkeep]
|-damage|p1a: Zapdos|71/100|[from] Sandstorm
|upkeep
|turn|2
|
|t:|1780998578
|move|p2a: Iron Treads|Stealth Rock|p1a: Zapdos
|-sidestart|p1: zg4h11|move: Stealth Rock
|move|p1a: Zapdos|Heat Wave|p2a: Iron Treads
|-supereffective|p2a: Iron Treads
|-damage|p2a: Iron Treads|44/100
|
|-weather|Sandstorm|[upkeep]
|-damage|p1a: Zapdos|65/100|[from] Sandstorm
|-heal|p2a: Iron Treads|50/100|[from] item: Leftovers
|upkeep
|turn|3
|
|t:|1780998588
|-end|p2a: Iron Treads|Quark Drive|[silent]
|switch|p2a: Mew|Mew|100/100
|move|p1a: Zapdos|Volt Switch|p2a: Mew
|-damage|p2a: Mew|66/100
|
|t:|1780998594
|switch|p1a: Excadrill|Excadrill, M, shiny|100/100|[from] Volt Switch
|-damage|p1a: Excadrill|97/100|[from] Stealth Rock
|
|-weather|Sandstorm|[upkeep]
|-damage|p2a: Mew|60/100|[from] Sandstorm
|-heal|p1a: Excadrill|100/100|[from] item: Leftovers
|-heal|p2a: Mew|66/100|[from] item: Leftovers
|upkeep
|turn|4
|
|t:|1780998608
|switch|p2a: Zapdos|Zapdos|100/100
|move|p1a: Excadrill|Substitute|p1a: Excadrill
|-start|p1a: Excadrill|Substitute
|-damage|p1a: Excadrill|76/100
|
|-weather|Sandstorm|[upkeep]
|-damage|p2a: Zapdos|94/100|[from] Sandstorm
|-heal|p1a: Excadrill|82/100|[from] item: Leftovers
|upkeep
|turn|5
|
|t:|1780998616
|switch|p2a: Dragapult|Dragapult, M|100/100
|move|p1a: Excadrill|Rock Slide|p2a: Dragapult
|-damage|p2a: Dragapult|59/100
|
|-weather|Sandstorm|[upkeep]
|-damage|p2a: Dragapult|53/100|[from] Sandstorm
|-heal|p1a: Excadrill|88/100|[from] item: Leftovers
|upkeep
|turn|6
|
|t:|1780998627
|switch|p2a: Ogerpon|Ogerpon-Wellspring, F|100/100
|move|p1a: Excadrill|Rock Slide|p2a: Ogerpon
|-damage|p2a: Ogerpon|58/100
|
|-weather|Sandstorm|[upkeep]
|-damage|p2a: Ogerpon|52/100|[from] Sandstorm
|-heal|p1a: Excadrill|94/100|[from] item: Leftovers
|upkeep
|turn|7
|
|t:|1780998639
|move|p1a: Excadrill|Rapid Spin|p2a: Ogerpon
|-damage|p2a: Ogerpon|26/100
|-boost|p1a: Excadrill|spe|1
|-sideend|p1: zg4h11|Stealth Rock|[from] move: Rapid Spin|[of] p1a: Excadrill
|move|p2a: Ogerpon|Synthesis|p2a: Ogerpon
|-heal|p2a: Ogerpon|51/100
|
|-weather|Sandstorm|[upkeep]
|-damage|p2a: Ogerpon|45/100|[from] Sandstorm
|-heal|p1a: Excadrill|99/100|[from] item: Leftovers
|upkeep
|turn|8
|
|t:|1780998650
|move|p1a: Excadrill|Rock Slide|p2a: Ogerpon
|-damage|p2a: Ogerpon|9/100
|move|p2a: Ogerpon|Synthesis|p2a: Ogerpon
|-heal|p2a: Ogerpon|34/100
|
|-weather|none
|-heal|p1a: Excadrill|100/100|[from] item: Leftovers
|upkeep
|turn|9
|
|t:|1780998661
|switch|p2a: Iron Treads|Iron Treads|50/100
|move|p1a: Excadrill|Rock Slide|p2a: Iron Treads
|-resisted|p2a: Iron Treads
|-damage|p2a: Iron Treads|45/100
|
|-heal|p2a: Iron Treads|51/100|[from] item: Leftovers
|upkeep
|turn|10
|
|t:|1780998668
|-end|p2a: Iron Treads|Quark Drive|[silent]
|switch|p2a: Moltres|Moltres|100/100
|move|p1a: Excadrill|Earthquake|p2a: Moltres
|-immune|p2a: Moltres
|
|upkeep
|turn|11
|
|t:|1780998675
|-terastallize|p2a: Moltres|Fairy
|move|p1a: Excadrill|Rock Slide|p2a: Moltres
|-damage|p2a: Moltres|70/100
|move|p2a: Moltres|Roar|p1a: Excadrill
|drag|p1a: Hatterene|Hatterene, F|100/100
|
|upkeep
|turn|12
|
|t:|1780998683
|move|p2a: Moltres|Flamethrower|p1a: Hatterene
|-damage|p1a: Hatterene|59/100
|move|p1a: Hatterene|Future Sight|p2a: Moltres
|-start|p1a: Hatterene|move: Future Sight
|
|upkeep
|turn|13
|
|t:|1780998692
|switch|p2a: Iron Treads|Iron Treads|51/100
|move|p1a: Hatterene|Nuzzle|p2a: Iron Treads
|-immune|p2a: Iron Treads
|
|-heal|p2a: Iron Treads|57/100|[from] item: Leftovers
|upkeep
|turn|14
|
|t:|1780998713
|move|p2a: Iron Treads|Earthquake|p1a: Hatterene
|-damage|p1a: Hatterene|29/100
|move|p1a: Hatterene|Draining Kiss|p2a: Iron Treads
|-resisted|p2a: Iron Treads
|-damage|p2a: Iron Treads|47/100
|-heal|p1a: Hatterene|38/100|[from] drain|[of] p2a: Iron Treads
|
|-end|p2a: Iron Treads|move: Future Sight
|-resisted|p2a: Iron Treads
|-damage|p2a: Iron Treads|27/100
|-heal|p2a: Iron Treads|33/100|[from] item: Leftovers
|upkeep
|turn|15
|
|t:|1780998724
|move|p2a: Iron Treads|Earthquake|p1a: Hatterene
|-damage|p1a: Hatterene|8/100
|move|p1a: Hatterene|Pain Split|p2a: Iron Treads
|-sethp|p2a: Iron Treads|20/100|[from] move: Pain Split|[silent]
|-sethp|p1a: Hatterene|23/100|[from] move: Pain Split
|
|-heal|p2a: Iron Treads|26/100|[from] item: Leftovers
|upkeep
|turn|16
|
|t:|1780998732
|move|p2a: Iron Treads|Earthquake|p1a: Hatterene
|-damage|p1a: Hatterene|0 fnt
|faint|p1a: Hatterene
|
|-heal|p2a: Iron Treads|32/100|[from] item: Leftovers
|upkeep
|
|t:|1780998738
|switch|p1a: Iron Valiant|Iron Valiant, shiny|100/100
|turn|17
|
|t:|1780998753
|move|p1a: Iron Valiant|Shadow Ball|p2a: Iron Treads
|-damage|p2a: Iron Treads|2/100
|move|p2a: Iron Treads|Knock Off|p1a: Iron Valiant
|-resisted|p1a: Iron Valiant
|-damage|p1a: Iron Valiant|93/100
|-enditem|p1a: Iron Valiant|Choice Specs|[from] move: Knock Off|[of] p2a: Iron Treads
|
|-heal|p2a: Iron Treads|8/100|[from] item: Leftovers
|upkeep
|turn|18
|
|t:|1780998768
|-end|p2a: Iron Treads|Quark Drive|[silent]
|switch|p2a: Moltres|Moltres, tera:Fairy|70/100
|move|p1a: Iron Valiant|Shadow Ball|p2a: Moltres
|-damage|p2a: Moltres|52/100
|-unboost|p2a: Moltres|spd|1
|
|upkeep
|turn|19
|
|t:|1780998775
|switch|p2a: Iron Treads|Iron Treads|8/100
|move|p1a: Iron Valiant|Moonblast|p2a: Iron Treads
|-resisted|p2a: Iron Treads
|-damage|p2a: Iron Treads|0 fnt
|faint|p2a: Iron Treads
|-end|p2a: Iron Treads|Quark Drive|[silent]
|
|upkeep
|
|t:|1780998778
|switch|p2a: Zapdos|Zapdos|94/100
|turn|20
|
|t:|1780998784
|-end|p1a: Iron Valiant|Quark Drive|[silent]
|switch|p1a: Tyranitar|Tyranitar, M, shiny|100/100
|-weather|Sandstorm|[from] ability: Sand Stream|[of] p1a: Tyranitar
|move|p2a: Zapdos|Hurricane|p1a: Tyranitar|[miss]
|-miss|p2a: Zapdos|p1a: Tyranitar
|
|-weather|Sandstorm|[upkeep]
|-damage|p2a: Zapdos|88/100|[from] Sandstorm
|upkeep
|turn|21
|
|t:|1780998795
|switch|p2a: Moltres|Moltres, tera:Fairy|52/100
|move|p1a: Tyranitar|Stealth Rock|p2a: Moltres
|-sidestart|p2: Floundso|move: Stealth Rock
|
|-weather|Sandstorm|[upkeep]
|-damage|p2a: Moltres|46/100|[from] Sandstorm
|upkeep
|turn|22
|
|t:|1780998805
|switch|p1a: Zapdos|Zapdos|65/100
|move|p2a: Moltres|Roost|p2a: Moltres
|-heal|p2a: Moltres|97/100
|
|-weather|Sandstorm|[upkeep]
|-damage|p1a: Zapdos|58/100|[from] Sandstorm
|-damage|p2a: Moltres|91/100|[from] Sandstorm
|upkeep
|turn|23
|
|t:|1780998816
|move|p1a: Zapdos|Roost|p1a: Zapdos
|-heal|p1a: Zapdos|100/100
|-singleturn|p1a: Zapdos|move: Roost
|move|p2a: Moltres|Will-O-Wisp|p1a: Zapdos
|-status|p1a: Zapdos|brn
|
|-weather|Sandstorm|[upkeep]
|-damage|p1a: Zapdos|94/100 brn|[from] Sandstorm
|-damage|p2a: Moltres|85/100|[from] Sandstorm
|-damage|p1a: Zapdos|88/100 brn|[from] brn
|upkeep
|turn|24
|
|t:|1780998826
|move|p1a: Zapdos|Hurricane|p2a: Moltres
|-damage|p2a: Moltres|40/100
|move|p2a: Moltres|Flamethrower|p1a: Zapdos
|-damage|p1a: Zapdos|54/100 brn
|
|-weather|Sandstorm|[upkeep]
|-damage|p1a: Zapdos|47/100 brn|[from] Sandstorm
|-damage|p2a: Moltres|34/100|[from] Sandstorm
|-damage|p1a: Zapdos|41/100 brn|[from] brn
|upkeep
|turn|25
|
|t:|1780998835
|move|p1a: Zapdos|Volt Switch|p2a: Moltres
|-damage|p2a: Moltres|5/100
|
|t:|1780998845
|switch|p1a: Excadrill|Excadrill, M, shiny|100/100|[from] Volt Switch
|move|p2a: Moltres|Roost|p2a: Moltres
|-heal|p2a: Moltres|55/100
|
|-weather|Sandstorm|[upkeep]
|-damage|p2a: Moltres|49/100|[from] Sandstorm
|upkeep
|turn|26
|
|t:|1780998854
|switch|p2a: Zapdos|Zapdos|88/100
|move|p1a: Excadrill|Earthquake|p2a: Zapdos
|-immune|p2a: Zapdos
|
|-weather|Sandstorm|[upkeep]
|-damage|p2a: Zapdos|82/100|[from] Sandstorm
|upkeep
|turn|27
|
|t:|1780998861
|switch|p2a: Dragapult|Dragapult, M|53/100
|-damage|p2a: Dragapult|40/100|[from] Stealth Rock
|move|p1a: Excadrill|Rock Slide|p2a: Dragapult
|-damage|p2a: Dragapult|0 fnt
|faint|p2a: Dragapult
|
|-weather|none
|upkeep
|
|t:|1780998868
|switch|p2a: Ogerpon|Ogerpon-Wellspring, F|34/100
|-damage|p2a: Ogerpon|22/100|[from] Stealth Rock
|turn|28
|
|t:|1780998875
|switch|p1a: Dragapult|Dragapult, M|100/100
|move|p2a: Ogerpon|Spikes|p1a: Dragapult
|-sidestart|p1: zg4h11|Spikes
|
|upkeep
|turn|29
|
|t:|1780998881
|move|p1a: Dragapult|U-turn|p2a: Ogerpon
|-supereffective|p2a: Ogerpon
|-damage|p2a: Ogerpon|0 fnt
|faint|p2a: Ogerpon
|
|t:|1780998886
|switch|p1a: Tyranitar|Tyranitar, M, shiny|100/100|[from] U-turn
|-damage|p1a: Tyranitar|88/100|[from] Spikes
|-weather|Sandstorm|[from] ability: Sand Stream|[of] p1a: Tyranitar
|
|-weather|Sandstorm|[upkeep]
|upkeep
|
|t:|1780998892
|switch|p2a: Moltres|Moltres, tera:Fairy|49/100
|turn|30
|
|t:|1780998900
|move|p1a: Tyranitar|Knock Off|p2a: Moltres
|-resisted|p2a: Moltres
|-damage|p2a: Moltres|20/100
|-enditem|p2a: Moltres|Heavy-Duty Boots|[from] move: Knock Off|[of] p1a: Tyranitar
|move|p2a: Moltres|Will-O-Wisp|p1a: Tyranitar
|-status|p1a: Tyranitar|brn
|
|-weather|Sandstorm|[upkeep]
|-damage|p2a: Moltres|14/100|[from] Sandstorm
|-damage|p1a: Tyranitar|82/100 brn|[from] brn
|upkeep
|turn|31
|
|t:|1780998913
|move|p1a: Tyranitar|Knock Off|p2a: Moltres
|-resisted|p2a: Moltres
|-damage|p2a: Moltres|5/100
|move|p2a: Moltres|Roost|p2a: Moltres
|-heal|p2a: Moltres|56/100
|
|-weather|Sandstorm|[upkeep]
|-damage|p2a: Moltres|50/100|[from] Sandstorm
|-damage|p1a: Tyranitar|76/100 brn|[from] brn
|upkeep
|turn|32
|
|t:|1780998925
|switch|p1a: Zapdos|Zapdos|41/100 brn
|move|p2a: Moltres|Roost|p2a: Moltres
|-heal|p2a: Moltres|99/100
|
|-weather|Sandstorm|[upkeep]
|-damage|p1a: Zapdos|35/100 brn|[from] Sandstorm
|-damage|p2a: Moltres|94/100|[from] Sandstorm
|-damage|p1a: Zapdos|29/100 brn|[from] brn
|upkeep
|turn|33
|
|t:|1780998936
|move|p1a: Zapdos|Roost|p1a: Zapdos
|-heal|p1a: Zapdos|79/100 brn
|-singleturn|p1a: Zapdos|move: Roost
|move|p2a: Moltres|Flamethrower|p1a: Zapdos
|-damage|p1a: Zapdos|43/100 brn
|
|-weather|Sandstorm|[upkeep]
|-damage|p1a: Zapdos|37/100 brn|[from] Sandstorm
|-damage|p2a: Moltres|88/100|[from] Sandstorm
|-damage|p1a: Zapdos|31/100 brn|[from] brn
|upkeep
|turn|34
|
|t:|1780998947
|move|p1a: Zapdos|Roost|p1a: Zapdos
|-heal|p1a: Zapdos|81/100 brn
|-singleturn|p1a: Zapdos|move: Roost
|move|p2a: Moltres|Flamethrower|p1a: Zapdos
|-damage|p1a: Zapdos|41/100 brn
|
|-weather|Sandstorm|[upkeep]
|-damage|p1a: Zapdos|35/100 brn|[from] Sandstorm
|-damage|p2a: Moltres|82/100|[from] Sandstorm
|-damage|p1a: Zapdos|29/100 brn|[from] brn
|upkeep
|turn|35
|
|t:|1780998958
|move|p1a: Zapdos|Hurricane|p2a: Moltres
|-damage|p2a: Moltres|34/100
|move|p2a: Moltres|Flamethrower|p1a: Zapdos
|-damage|p1a: Zapdos|0 fnt
|faint|p1a: Zapdos
|
|-weather|Sandstorm|[upkeep]
|-damage|p2a: Moltres|28/100|[from] Sandstorm
|upkeep
|
|t:|1780998967
|switch|p1a: Excadrill|Excadrill, M, shiny|100/100
|-damage|p1a: Excadrill|88/100|[from] Spikes
|turn|36
|
|t:|1780998973
|move|p1a: Excadrill|Earthquake|p2a: Moltres
|-damage|p2a: Moltres|0 fnt
|faint|p2a: Moltres
|
|-weather|none
|-heal|p1a: Excadrill|94/100|[from] item: Leftovers
|upkeep
|
|t:|1780998977
|switch|p2a: Zapdos|Zapdos|82/100
|turn|37
|
|t:|1780998983
|switch|p1a: Tyranitar|Tyranitar, M, shiny|76/100 brn
|-damage|p1a: Tyranitar|64/100 brn|[from] Spikes
|-weather|Sandstorm|[from] ability: Sand Stream|[of] p1a: Tyranitar
|move|p2a: Zapdos|Hurricane|p1a: Tyranitar|[miss]
|-miss|p2a: Zapdos|p1a: Tyranitar
|
|-weather|Sandstorm|[upkeep]
|-damage|p2a: Zapdos|76/100|[from] Sandstorm
|-damage|p1a: Tyranitar|57/100 brn|[from] brn
|upkeep
|turn|38
|
|t:|1780998994
|move|p2a: Zapdos|Volt Switch|p1a: Tyranitar
|-damage|p1a: Tyranitar|37/100 brn
|
|t:|1780998996
|switch|p2a: Mew|Mew|66/100|[from] Volt Switch
|-damage|p2a: Mew|53/100|[from] Stealth Rock
|move|p1a: Tyranitar|Knock Off|p2a: Mew
|-supereffective|p2a: Mew
|-damage|p2a: Mew|1/100
|-enditem|p2a: Mew|Leftovers|[from] move: Knock Off|[of] p1a: Tyranitar
|
|-weather|Sandstorm|[upkeep]
|-damage|p2a: Mew|0 fnt|[from] Sandstorm
|faint|p2a: Mew
|-damage|p1a: Tyranitar|31/100 brn|[from] brn
|upkeep
|-message|Floundso forfeited.
|
|win|zg4h11
|raw|zg4h11's rating: 1570 &rarr; <strong>1591</strong><br />(+21 for winning)
|raw|Floundso's rating: 1594 &rarr; <strong>1573</strong><br />(-21 for losing)
|l|☆Floundso
|player|p2|
|l|☆zg4h11
|player|p1|
