|j|☆Jonuz
|j|☆Kirnil
|t:|1781343833
|gametype|singles
|player|p1|Jonuz|170|1708
|player|p2|Kirnil|maid|1670
|gen|9
|tier|[Gen 9] OU
|rated|
|rule|HP Percentage Mod: HP is shown in percentages
|rule|Endless Battle Clause: Forcing endless battles is banned
|rule|Species Clause: Limit one of each Pokémon
|rule|OHKO Clause: OHKO moves are banned
|rule|Evasion Items Clause: Evasion items are banned
|rule|Evasion Moves Clause: Evasion moves are banned
|rule|Evasion Abilities Clause: Evasion abilities are banned
|rule|Sleep Moves Clause: Sleep-inducing moves are banned
|clearpoke
|poke|p1|Kingambit, M|
|poke|p1|Ursaluna, F|
|poke|p1|Dragapult, F|
|poke|p1|Manaphy|
|poke|p1|Glimmora, F|
|poke|p1|Zamazenta-*|
|poke|p2|Glimmora, F|
|poke|p2|Great Tusk|
|poke|p2|Alomomola, M|
|poke|p2|Amoonguss, M|
|poke|p2|Iron Valiant|
|poke|p2|Hoopa-Unbound|
|teampreview
|
|t:|1781343858
|teamsize|p1|6
|teamsize|p2|6
|start
|switch|p1a: Manaphy|Manaphy|100/100
|switch|p2a: Hoopa|Hoopa-Unbound|100/100
|turn|1
|
|t:|1781343868
|move|p1a: Manaphy|Tail Glow|p1a: Manaphy
|-boost|p1a: Manaphy|spa|3
|move|p2a: Hoopa|Dark Pulse|p1a: Manaphy
|-damage|p1a: Manaphy|48/100
|
|-heal|p1a: Manaphy|54/100|[from] item: Leftovers
|upkeep
|turn|2
|
|t:|1781343875
|switch|p2a: Alomomola|Alomomola, M|100/100
|move|p1a: Manaphy|Alluring Voice|p2a: Alomomola
|-damage|p2a: Alomomola|74/100
|
|-heal|p1a: Manaphy|61/100|[from] item: Leftovers
|upkeep
|turn|3
|
|t:|1781343877
|move|p1a: Manaphy|Substitute|p1a: Manaphy
|-start|p1a: Manaphy|Substitute
|-damage|p1a: Manaphy|36/100
|move|p2a: Alomomola|Mirror Coat||[still]
|-fail|p2a: Alomomola
|
|-heal|p1a: Manaphy|42/100|[from] item: Leftovers
|upkeep
|turn|4
|
|t:|1781343882
|move|p1a: Manaphy|Tail Glow|p1a: Manaphy
|-boost|p1a: Manaphy|spa|3
|move|p2a: Alomomola|Flip Turn|p1a: Manaphy
|-resisted|p1a: Manaphy
|-activate|p1a: Manaphy|move: Substitute|[damage]
|
|t:|1781343884
|switch|p2a: Iron Valiant|Iron Valiant|100/100|[from] Flip Turn
|-enditem|p2a: Iron Valiant|Booster Energy
|-activate|p2a: Iron Valiant|ability: Quark Drive|[fromitem]
|-start|p2a: Iron Valiant|quarkdrivespe
|
|-heal|p1a: Manaphy|48/100|[from] item: Leftovers
|upkeep
|turn|5
|
|t:|1781343886
|move|p2a: Iron Valiant|Encore|p1a: Manaphy
|-start|p1a: Manaphy|Encore
|move|p1a: Manaphy|Tail Glow|p1a: Manaphy
|-boost|p1a: Manaphy|spa|0
|
|-heal|p1a: Manaphy|54/100|[from] item: Leftovers
|upkeep
|turn|6
|
|t:|1781343889
|move|p2a: Iron Valiant|Moonblast|p1a: Manaphy
|-end|p1a: Manaphy|Substitute
|move|p1a: Manaphy|Tail Glow|p1a: Manaphy
|-boost|p1a: Manaphy|spa|0
|
|-heal|p1a: Manaphy|60/100|[from] item: Leftovers
|upkeep
|turn|7
|
|t:|1781343894
|switch|p1a: Glimmora|Glimmora, F|100/100
|move|p2a: Iron Valiant|Moonblast|p1a: Glimmora
|-resisted|p1a: Glimmora
|-damage|p1a: Glimmora|76/100
|-enditem|p1a: Glimmora|Red Card|[of] p2a: Iron Valiant
|-end|p2a: Iron Valiant|Quark Drive|[silent]
|drag|p2a: Hoopa|Hoopa-Unbound|100/100
|
|upkeep
|turn|8
|
|t:|1781343899
|switch|p1a: Kingambit|Kingambit, M|100/100
|move|p2a: Hoopa|Dark Pulse|p1a: Kingambit
|-resisted|p1a: Kingambit
|-damage|p1a: Kingambit|74/100
|
|-heal|p1a: Kingambit|80/100|[from] item: Leftovers
|upkeep
|turn|9
|
|t:|1781343909
|switch|p2a: Great Tusk|Great Tusk|100/100
|-enditem|p2a: Great Tusk|Booster Energy
|-activate|p2a: Great Tusk|ability: Protosynthesis|[fromitem]
|-start|p2a: Great Tusk|protosynthesisatk
|-end|p1a: Kingambit|fallenundefined|[silent]
|switch|p1a: Glimmora|Glimmora, F|76/100
|
|upkeep
|turn|10
|
|t:|1781343915
|move|p2a: Great Tusk|Headlong Rush|p1a: Glimmora
|-supereffective|p1a: Glimmora
|-damage|p1a: Glimmora|0 fnt
|-unboost|p2a: Great Tusk|def|1
|-unboost|p2a: Great Tusk|spd|1
|-activate|p1a: Glimmora|ability: Toxic Debris
|-sidestart|p2: Kirnil|move: Toxic Spikes
|faint|p1a: Glimmora
|
|upkeep
|
|t:|1781343919
|switch|p1a: Manaphy|Manaphy|60/100
|turn|11
|
|t:|1781343928
|-end|p2a: Great Tusk|Protosynthesis|[silent]
|switch|p2a: Amoonguss|Amoonguss, M|100/100
|-sideend|p2: Kirnil|move: Toxic Spikes|[of] p2a: Amoonguss
|move|p1a: Manaphy|Substitute|p1a: Manaphy
|-start|p1a: Manaphy|Substitute
|-damage|p1a: Manaphy|35/100
|
|-heal|p1a: Manaphy|42/100|[from] item: Leftovers
|upkeep
|turn|12
|
|t:|1781343932
|move|p1a: Manaphy|Tail Glow|p1a: Manaphy
|-boost|p1a: Manaphy|spa|3
|move|p2a: Amoonguss|Sludge Bomb|p1a: Manaphy
|-end|p1a: Manaphy|Substitute
|
|-heal|p1a: Manaphy|48/100|[from] item: Leftovers
|upkeep
|turn|13
|
|t:|1781343937
|move|p1a: Manaphy|Hydro Pump|p2a: Amoonguss
|-resisted|p2a: Amoonguss
|-damage|p2a: Amoonguss|46/100
|move|p2a: Amoonguss|Sludge Bomb|p1a: Manaphy
|-damage|p1a: Manaphy|21/100
|-status|p1a: Manaphy|psn
|
|-heal|p1a: Manaphy|27/100 psn|[from] item: Leftovers
|-damage|p1a: Manaphy|15/100 psn|[from] psn
|upkeep
|turn|14
|
|t:|1781343946
|switch|p2a: Alomomola|Alomomola, M|100/100
|move|p1a: Manaphy|Tail Glow|p1a: Manaphy
|-boost|p1a: Manaphy|spa|3
|
|-heal|p1a: Manaphy|21/100 psn|[from] item: Leftovers
|-damage|p1a: Manaphy|9/100 psn|[from] psn
|upkeep
|turn|15
|
|t:|1781343949
|move|p1a: Manaphy|Hydro Pump|p2a: Alomomola
|-resisted|p2a: Alomomola
|-damage|p2a: Alomomola|57/100
|move|p2a: Alomomola|Flip Turn|p1a: Manaphy
|-resisted|p1a: Manaphy
|-damage|p1a: Manaphy|1/100 psn
|
|t:|1781343960
|switch|p2a: Great Tusk|Great Tusk|100/100|[from] Flip Turn
|
|-heal|p1a: Manaphy|7/100 psn|[from] item: Leftovers
|-damage|p1a: Manaphy|0 fnt|[from] psn
|faint|p1a: Manaphy
|upkeep
|
|t:|1781343963
|switch|p1a: Dragapult|Dragapult, F|100/100
|turn|16
|
|t:|1781343972
|-end|p2a: Great Tusk|Protosynthesis|[silent]
|switch|p2a: Alomomola|Alomomola, M|91/100
|move|p1a: Dragapult|Dragon Darts|p2a: Alomomola
|-damage|p2a: Alomomola|71/100
|-anim|p1a: Dragapult|Dragon Darts|p2a: Alomomola
|-damage|p2a: Alomomola|53/100
|-damage|p1a: Dragapult|91/100|[from] item: Life Orb
|
|upkeep
|turn|17
|
|t:|1781343978
|move|p1a: Dragapult|Dragon Darts|p2a: Alomomola
|-damage|p2a: Alomomola|35/100
|-anim|p1a: Dragapult|Dragon Darts|p2a: Alomomola
|-damage|p2a: Alomomola|17/100
|-damage|p1a: Dragapult|81/100|[from] item: Life Orb
|move|p2a: Alomomola|Flip Turn|p1a: Dragapult
|-resisted|p1a: Dragapult
|-damage|p1a: Dragapult|70/100
|
|t:|1781343982
|switch|p2a: Hoopa|Hoopa-Unbound|100/100|[from] Flip Turn
|
|upkeep
|turn|18
|
|t:|1781343986
|switch|p1a: Kingambit|Kingambit, M|80/100
|-activate|p1a: Kingambit|ability: Supreme Overlord
|-start|p1a: Kingambit|fallen2|[silent]
|move|p2a: Hoopa|Dark Pulse|p1a: Kingambit
|-resisted|p1a: Kingambit
|-damage|p1a: Kingambit|49/100
|
|-heal|p1a: Kingambit|55/100|[from] item: Leftovers
|upkeep
|turn|19
|
|t:|1781343990
|switch|p2a: Amoonguss|Amoonguss, M|79/100
|-end|p1a: Kingambit|fallen2|[silent]
|switch|p1a: Zamazenta|Zamazenta|100/100
|-ability|p1a: Zamazenta|Dauntless Shield|boost
|-boost|p1a: Zamazenta|def|1
|
|upkeep
|turn|20
|
|t:|1781343994
|move|p1a: Zamazenta|Light Screen|p1a: Zamazenta
|-sidestart|p1: Jonuz|move: Light Screen
|move|p2a: Amoonguss|Sludge Bomb|p1a: Zamazenta
|-damage|p1a: Zamazenta|88/100
|
|upkeep
|turn|21
|
|t:|1781343998
|switch|p1a: Kingambit|Kingambit, M|55/100
|-activate|p1a: Kingambit|ability: Supreme Overlord
|-start|p1a: Kingambit|fallen2|[silent]
|move|p2a: Amoonguss|Sludge Bomb|p1a: Kingambit
|-immune|p1a: Kingambit
|
|-heal|p1a: Kingambit|61/100|[from] item: Leftovers
|upkeep
|turn|22
|
|t:|1781344003
|move|p1a: Kingambit|Swords Dance|p1a: Kingambit
|-boost|p1a: Kingambit|atk|2
|move|p2a: Amoonguss|Stun Spore|p1a: Kingambit
|-status|p1a: Kingambit|par
|
|-heal|p1a: Kingambit|67/100 par|[from] item: Leftovers
|upkeep
|turn|23
|
|t:|1781344006
|move|p2a: Amoonguss|Foul Play|p1a: Kingambit
|-resisted|p1a: Kingambit
|-damage|p1a: Kingambit|39/100 par
|move|p1a: Kingambit|Kowtow Cleave|p2a: Amoonguss
|-damage|p2a: Amoonguss|0 fnt
|-damage|p1a: Kingambit|22/100 par|[from] item: Rocky Helmet|[of] p2a: Amoonguss
|faint|p2a: Amoonguss
|
|-heal|p1a: Kingambit|28/100 par|[from] item: Leftovers
|upkeep
|
|t:|1781344012
|switch|p2a: Iron Valiant|Iron Valiant|100/100
|turn|24
|
|t:|1781344018
|move|p2a: Iron Valiant|Moonblast|p1a: Kingambit
|-damage|p1a: Kingambit|5/100 par
|move|p1a: Kingambit|Iron Head|p2a: Iron Valiant
|-supereffective|p2a: Iron Valiant
|-damage|p2a: Iron Valiant|0 fnt
|faint|p2a: Iron Valiant
|-end|p2a: Iron Valiant|Quark Drive|[silent]
|
|-heal|p1a: Kingambit|11/100 par|[from] item: Leftovers
|upkeep
|
|t:|1781344033
|switch|p2a: Great Tusk|Great Tusk|100/100
|turn|25
|
|t:|1781344035
|move|p1a: Kingambit|Sucker Punch|p2a: Great Tusk
|-resisted|p2a: Great Tusk
|-damage|p2a: Great Tusk|66/100
|move|p2a: Great Tusk|Headlong Rush|p1a: Kingambit
|-supereffective|p1a: Kingambit
|-damage|p1a: Kingambit|0 fnt
|-unboost|p2a: Great Tusk|def|1
|-unboost|p2a: Great Tusk|spd|1
|faint|p1a: Kingambit
|-end|p1a: Kingambit|fallen2|[silent]
|
|upkeep
|
|t:|1781344039
|switch|p1a: Dragapult|Dragapult, F|70/100
|turn|26
|
|t:|1781344045
|move|p1a: Dragapult|Dragon Darts|p2a: Great Tusk
|-damage|p2a: Great Tusk|41/100
|-anim|p1a: Dragapult|Dragon Darts|p2a: Great Tusk
|-damage|p2a: Great Tusk|16/100
|-damage|p1a: Dragapult|60/100|[from] item: Life Orb
|move|p2a: Great Tusk|Ice Spinner|p1a: Dragapult
|-supereffective|p1a: Dragapult
|-damage|p1a: Dragapult|0 fnt
|faint|p1a: Dragapult
|
|upkeep
|
|t:|1781344048
|switch|p1a: Ursaluna|Ursaluna, F|100/100
|turn|27
|
|t:|1781344056
|-terastallize|p1a: Ursaluna|Normal
|move|p2a: Great Tusk|Close Combat|p1a: Ursaluna
|-supereffective|p1a: Ursaluna
|-damage|p1a: Ursaluna|0 fnt
|-unboost|p2a: Great Tusk|def|1
|-unboost|p2a: Great Tusk|spd|1
|faint|p1a: Ursaluna
|
|-sideend|p1: Jonuz|move: Light Screen
|upkeep
|-message|Jonuz forfeited.
|
|win|Kirnil
|raw|Jonuz's rating: 1708 &rarr; <strong>1686</strong><br />(-22 for losing)
|raw|Kirnil's rating: 1670 &rarr; <strong>1692</strong><br />(+22 for winning)
|l|☆Kirnil
|player|p2|
