|j|☆m5322
|j|☆Dr Gaster PHD
|t:|1781348607
|gametype|singles
|player|p1|m5322|265|1585
|player|p2|Dr Gaster PHD|ghetsis|1720
|gen|9
|tier|[Gen 9] OU
|rated|
|rule|HP Percentage Mod: HP is shown in percentages
|rule|Endless Battle Clause: Forcing endless battles is banned
|rule|Species Clause: Limit one of each Pokémon
|rule|OHKO Clause: OHKO moves are banned
|rule|Evasion Items Clause: Evasion items are banned
|rule|Evasion Moves Clause: Evasion moves are banned
|rule|Evasion Abilities Clause: Evasion abilities are banned
|rule|Sleep Moves Clause: Sleep-inducing moves are banned
|clearpoke
|poke|p1|Weezing-Galar, M|
|poke|p1|Alomomola, F|
|poke|p1|Iron Treads|
|poke|p1|Tornadus-Therian, M|
|poke|p1|Zamazenta-*|
|poke|p1|Lokix, M|
|poke|p2|Hoopa-Unbound|
|poke|p2|Pecharunt|
|poke|p2|Landorus-Therian, M|
|poke|p2|Cinderace, M|
|poke|p2|Alomomola, F|
|poke|p2|Iron Valiant|
|teampreview
|inactive|Battle timer is ON: inactive players will automatically lose when time's up. (requested by m5322)
|
|t:|1781348622
|teamsize|p1|6
|teamsize|p2|6
|start
|switch|p1a: Lokix|Lokix, M|100/100
|switch|p2a: Akinator|Hoopa-Unbound|100/100
|turn|1
|
|t:|1781348630
|switch|p2a: They Slash Them|Iron Valiant, shiny|100/100
|move|p1a: Lokix|U-turn|p2a: They Slash Them
|-resisted|p2a: They Slash Them
|-damage|p2a: They Slash Them|71/100
|
|t:|1781348634
|switch|p1a: Tornadus|Tornadus-Therian, M|100/100|[from] U-turn
|
|upkeep
|turn|2
|
|t:|1781348637
|-end|p2a: They Slash Them|Quark Drive|[silent]
|switch|p2a: Fih|Alomomola, F, shiny|100/100
|move|p1a: Tornadus|Knock Off|p2a: Fih
|-damage|p2a: Fih|86/100
|-enditem|p2a: Fih|Assault Vest|[from] move: Knock Off|[of] p1a: Tornadus
|
|upkeep
|turn|3
|
|t:|1781348641
|move|p1a: Tornadus|Bleakwind Storm|p2a: Fih|[miss]
|-miss|p1a: Tornadus|p2a: Fih
|move|p2a: Fih|Flip Turn|p1a: Tornadus
|-damage|p1a: Tornadus|83/100
|
|t:|1781348649
|switch|p2a: Werewolf BF|Landorus-Therian, M, shiny|100/100|[from] Flip Turn
|-ability|p2a: Werewolf BF|Intimidate|boost
|-unboost|p1a: Tornadus|atk|1
|
|upkeep
|turn|4
|
|t:|1781348654
|move|p2a: Werewolf BF|Stone Edge|p1a: Tornadus
|-supereffective|p1a: Tornadus
|-damage|p1a: Tornadus|0 fnt
|faint|p1a: Tornadus
|
|upkeep
|
|t:|1781348669
|switch|p1a: Weezing|Weezing-Galar, M|100/100
|-ability|p1a: Weezing|Neutralizing Gas
|turn|5
|
|t:|1781348679
|switch|p2a: Fih|Alomomola, F, shiny|100/100
|move|p1a: Weezing|Toxic|p2a: Fih
|-status|p2a: Fih|tox
|
|-damage|p2a: Fih|94/100 tox|[from] psn
|upkeep
|turn|6
|
|t:|1781348685
|move|p1a: Weezing|Protect|p1a: Weezing
|-singleturn|p1a: Weezing|Protect
|move|p2a: Fih|Body Slam|p1a: Weezing
|-activate|p1a: Weezing|move: Protect
|
|-damage|p2a: Fih|82/100 tox|[from] psn
|upkeep
|turn|7
|
|t:|1781348692
|move|p1a: Weezing|Toxic|p2a: Fih
|-fail|p2a: Fih|tox
|move|p2a: Fih|Flip Turn|p1a: Weezing
|-damage|p1a: Weezing|89/100
|
|t:|1781348695
|switch|p2a: Werewolf BF|Landorus-Therian, M, shiny|100/100|[from] Flip Turn
|
|-heal|p1a: Weezing|95/100|[from] item: Leftovers
|upkeep
|turn|8
|
|t:|1781348700
|move|p1a: Weezing|Protect|p1a: Weezing
|-singleturn|p1a: Weezing|Protect
|move|p2a: Werewolf BF|Earthquake|p1a: Weezing
|-activate|p1a: Weezing|move: Protect
|
|-heal|p1a: Weezing|100/100|[from] item: Leftovers
|upkeep
|turn|9
|
|t:|1781348709
|-end|p1a: Weezing|ability: Neutralizing Gas
|-ability|p2a: Werewolf BF|Intimidate|boost
|-unboost|p1a: Weezing|atk|1
|switch|p1a: Alomomola|Alomomola, F|100/100
|move|p2a: Werewolf BF|Earthquake|p1a: Alomomola
|-damage|p1a: Alomomola|65/100
|
|upkeep
|turn|10
|
|t:|1781348715
|switch|p2a: Fih|Alomomola, F, shiny|82/100 tox
|move|p1a: Alomomola|Flip Turn|p2a: Fih
|-resisted|p2a: Fih
|-damage|p2a: Fih|76/100 tox
|
|t:|1781348742
|switch|p1a: Lokix|Lokix, M|100/100|[from] Flip Turn
|
|-damage|p2a: Fih|70/100 tox|[from] psn
|upkeep
|turn|11
|
|t:|1781348749
|move|p1a: Lokix|U-turn|p2a: Fih
|-damage|p2a: Fih|34/100 tox
|
|t:|1781348752
|switch|p1a: Alomomola|Alomomola, F|98/100|[from] U-turn
|move|p2a: Fih|Flip Turn|p1a: Alomomola
|-resisted|p1a: Alomomola
|-damage|p1a: Alomomola|93/100
|-damage|p2a: Fih|17/100 tox|[from] item: Rocky Helmet|[of] p1a: Alomomola
|
|t:|1781348755
|switch|p2a: Akinator|Hoopa-Unbound|100/100|[from] Flip Turn
|
|upkeep
|turn|12
|
|t:|1781348763
|move|p2a: Akinator|Hyperspace Fury|p1a: Alomomola
|-damage|p1a: Alomomola|37/100
|-unboost|p2a: Akinator|def|1
|move|p1a: Alomomola|Flip Turn|p2a: Akinator
|-damage|p2a: Akinator|63/100
|
|t:|1781348767
|switch|p1a: Lokix|Lokix, M|100/100|[from] Flip Turn
|
|upkeep
|turn|13
|
|t:|1781348771
|move|p1a: Lokix|U-turn|p2a: Akinator
|-supereffective|p2a: Akinator
|-damage|p2a: Akinator|0 fnt
|faint|p2a: Akinator
|
|t:|1781348775
|switch|p1a: Alomomola|Alomomola, F|70/100|[from] U-turn
|
|upkeep
|
|t:|1781348780
|switch|p2a: They Slash Them|Iron Valiant, shiny|71/100
|turn|14
|
|t:|1781348788
|move|p2a: They Slash Them|Moonblast|p1a: Alomomola
|-damage|p1a: Alomomola|3/100
|-unboost|p1a: Alomomola|spa|1
|move|p1a: Alomomola|Flip Turn|p2a: They Slash Them
|-damage|p2a: They Slash Them|48/100
|
|t:|1781348799
|switch|p1a: Weezing|Weezing-Galar, M|100/100|[from] Flip Turn
|-ability|p1a: Weezing|Neutralizing Gas
|
|upkeep
|turn|15
|
|t:|1781348802
|-end|p2a: They Slash Them|Quark Drive|[silent]
|switch|p2a: Fih|Alomomola, F, shiny|50/100 tox
|move|p1a: Weezing|Toxic|p2a: Fih
|-fail|p2a: Fih|tox
|
|-damage|p2a: Fih|44/100 tox|[from] psn
|upkeep
|turn|16
|
|t:|1781348806
|switch|p2a: Werewolf BF|Landorus-Therian, M, shiny|100/100
|move|p1a: Weezing|Protect||[still]
|-fail|p1a: Weezing
|
|upkeep
|turn|17
|
|t:|1781348813
|move|p1a: Weezing|Protect|p1a: Weezing
|-singleturn|p1a: Weezing|Protect
|move|p2a: Werewolf BF|Earthquake|p1a: Weezing
|-activate|p1a: Weezing|move: Protect
|
|upkeep
|turn|18
|
|t:|1781348827
|-end|p1a: Weezing|ability: Neutralizing Gas
|-ability|p2a: Werewolf BF|Intimidate|boost
|-unboost|p1a: Weezing|atk|1
|switch|p1a: Zamazenta|Zamazenta|100/100
|-ability|p1a: Zamazenta|Dauntless Shield|boost
|-boost|p1a: Zamazenta|def|1
|move|p2a: Werewolf BF|Earthquake|p1a: Zamazenta
|-damage|p1a: Zamazenta|68/100
|
|upkeep
|turn|19
|
|t:|1781348835
|switch|p2a: Britney Spears|Pecharunt|100/100
|move|p1a: Zamazenta|Heavy Slam|p2a: Britney Spears
|-damage|p2a: Britney Spears|70/100
|
|upkeep
|turn|20
|
|t:|1781348845
|switch|p1a: Iron Treads|Iron Treads|100/100
|move|p2a: Britney Spears|Parting Shot|p1a: Iron Treads
|-unboost|p1a: Iron Treads|atk|1
|-unboost|p1a: Iron Treads|spa|1
|
|t:|1781348848
|switch|p2a: Werewolf BF|Landorus-Therian, M, shiny|100/100|[from] Parting Shot
|-ability|p2a: Werewolf BF|Intimidate|boost
|-unboost|p1a: Iron Treads|atk|1
|
|upkeep
|turn|21
|
|t:|1781348851
|move|p2a: Werewolf BF|Earthquake|p1a: Iron Treads
|-supereffective|p1a: Iron Treads
|-damage|p1a: Iron Treads|0 fnt
|faint|p1a: Iron Treads
|-end|p1a: Iron Treads|Quark Drive|[silent]
|
|upkeep
|
|t:|1781348855
|switch|p1a: Lokix|Lokix, M|100/100
|turn|22
|
|t:|1781348871
|switch|p2a: Fih|Alomomola, F, shiny|44/100 tox
|move|p1a: Lokix|Knock Off|p2a: Fih
|-crit|p2a: Fih
|-damage|p2a: Fih|0 fnt
|faint|p2a: Fih
|
|upkeep
|
|t:|1781348873
|switch|p2a: They Slash Them|Iron Valiant, shiny|48/100
|turn|23
|
|t:|1781348878
|switch|p1a: Weezing|Weezing-Galar, M|100/100
|-ability|p1a: Weezing|Neutralizing Gas
|move|p2a: They Slash Them|Moonblast|p1a: Weezing
|-resisted|p1a: Weezing
|-damage|p1a: Weezing|55/100
|
|-heal|p1a: Weezing|61/100|[from] item: Leftovers
|upkeep
|turn|24
|
|t:|1781348888
|-end|p2a: They Slash Them|Quark Drive|[silent]
|switch|p2a: Britney Spears|Pecharunt|70/100
|move|p1a: Weezing|Toxic|p2a: Britney Spears
|-immune|p2a: Britney Spears
|
|-heal|p1a: Weezing|67/100|[from] item: Leftovers
|upkeep
|turn|25
|
|t:|1781348891
|move|p2a: Britney Spears|Recover|p2a: Britney Spears
|-heal|p2a: Britney Spears|100/100
|move|p1a: Weezing|Will-O-Wisp|p2a: Britney Spears
|-status|p2a: Britney Spears|brn
|
|-heal|p1a: Weezing|73/100|[from] item: Leftovers
|-damage|p2a: Britney Spears|94/100 brn|[from] brn
|upkeep
|turn|26
|
|t:|1781348894
|move|p1a: Weezing|Protect|p1a: Weezing
|-singleturn|p1a: Weezing|Protect
|move|p2a: Britney Spears|Malignant Chain|p1a: Weezing
|-activate|p1a: Weezing|move: Protect
|
|-heal|p1a: Weezing|79/100|[from] item: Leftovers
|-damage|p2a: Britney Spears|88/100 brn|[from] brn
|upkeep
|turn|27
|
|t:|1781348903
|move|p2a: Britney Spears|Malignant Chain|p1a: Weezing
|-damage|p1a: Weezing|34/100
|move|p1a: Weezing|Toxic||[still]
|-fail|p1a: Weezing
|
|-heal|p1a: Weezing|40/100|[from] item: Leftovers
|-damage|p2a: Britney Spears|82/100 brn|[from] brn
|upkeep
|turn|28
|
|t:|1781348914
|move|p1a: Weezing|Protect|p1a: Weezing
|-singleturn|p1a: Weezing|Protect
|move|p2a: Britney Spears|Malignant Chain|p1a: Weezing
|-activate|p1a: Weezing|move: Protect
|
|-heal|p1a: Weezing|46/100|[from] item: Leftovers
|-damage|p2a: Britney Spears|76/100 brn|[from] brn
|upkeep
|turn|29
|
|t:|1781348921
|-end|p1a: Weezing|ability: Neutralizing Gas
|switch|p1a: Alomomola|Alomomola, F|37/100
|move|p2a: Britney Spears|Malignant Chain|p1a: Alomomola
|-damage|p1a: Alomomola|8/100
|-status|p1a: Alomomola|tox
|-start|p1a: Alomomola|confusion|[from] ability: Poison Puppeteer|[of] p2a: Britney Spears
|
|-damage|p1a: Alomomola|2/100 tox|[from] psn
|-damage|p2a: Britney Spears|70/100 brn|[from] brn
|upkeep
|turn|30
|
|t:|1781348926
|move|p2a: Britney Spears|Recover|p2a: Britney Spears
|-heal|p2a: Britney Spears|100/100 brn
|-activate|p1a: Alomomola|confusion
|-damage|p1a: Alomomola|0 fnt|[from] confusion
|faint|p1a: Alomomola
|
|-damage|p2a: Britney Spears|94/100 brn|[from] brn
|upkeep
|
|t:|1781348929
|switch|p1a: Lokix|Lokix, M|100/100
|turn|31
|
|t:|1781348934
|switch|p2a: Messi Himself|Cinderace, M, shiny|100/100
|move|p1a: Lokix|Knock Off|p2a: Messi Himself
|-damage|p2a: Messi Himself|2/100
|-enditem|p2a: Messi Himself|Heavy-Duty Boots|[from] move: Knock Off|[of] p1a: Lokix
|
|upkeep
|turn|32
|
|t:|1781348940
|switch|p1a: Weezing|Weezing-Galar, M|46/100
|-ability|p1a: Weezing|Neutralizing Gas
|move|p2a: Messi Himself|U-turn|p1a: Weezing
|-resisted|p1a: Weezing
|-damage|p1a: Weezing|42/100
|
|t:|1781348947
|switch|p2a: Werewolf BF|Landorus-Therian, M, shiny|100/100|[from] U-turn
|
|-heal|p1a: Weezing|48/100|[from] item: Leftovers
|upkeep
|turn|33
|
|t:|1781348952
|move|p1a: Weezing|Protect|p1a: Weezing
|-singleturn|p1a: Weezing|Protect
|move|p2a: Werewolf BF|Earthquake|p1a: Weezing
|-activate|p1a: Weezing|move: Protect
|
|-heal|p1a: Weezing|54/100|[from] item: Leftovers
|upkeep
|turn|34
|inactive|m5322 has 120 seconds left.
|
|t:|1781348988
|switch|p2a: Messi Himself|Cinderace, M, shiny|2/100
|move|p1a: Weezing|Protect||[still]
|-fail|p1a: Weezing
|
|-heal|p1a: Weezing|60/100|[from] item: Leftovers
|upkeep
|turn|35
|
|t:|1781348994
|move|p2a: Messi Himself|Pyro Ball|p1a: Weezing
|-damage|p1a: Weezing|19/100
|-status|p1a: Weezing|brn
|move|p1a: Weezing|Toxic|p2a: Messi Himself
|-status|p2a: Messi Himself|tox
|
|-heal|p1a: Weezing|25/100 brn|[from] item: Leftovers
|-damage|p2a: Messi Himself|0 fnt|[from] psn
|faint|p2a: Messi Himself
|-damage|p1a: Weezing|19/100 brn|[from] brn
|upkeep
|
|t:|1781349003
|switch|p2a: They Slash Them|Iron Valiant, shiny|48/100
|turn|36
|
|t:|1781349005
|move|p2a: They Slash Them|Moonblast|p1a: Weezing
|-resisted|p1a: Weezing
|-damage|p1a: Weezing|0 fnt
|faint|p1a: Weezing
|-end|p1a: Weezing|ability: Neutralizing Gas
|
|upkeep
|
|t:|1781349016
|switch|p1a: Lokix|Lokix, M|100/100
|turn|37
|
|t:|1781349024
|-terastallize|p1a: Lokix|Bug
|move|p2a: They Slash Them|Moonblast|p1a: Lokix
|-damage|p1a: Lokix|0 fnt
|faint|p1a: Lokix
|
|upkeep
|
|t:|1781349028
|switch|p1a: Zamazenta|Zamazenta|68/100
|turn|38
|
|t:|1781349031
|-end|p2a: They Slash Them|Quark Drive|[silent]
|switch|p2a: Werewolf BF|Landorus-Therian, M, shiny|100/100
|-ability|p2a: Werewolf BF|Intimidate|boost
|-unboost|p1a: Zamazenta|atk|1
|move|p1a: Zamazenta|Heavy Slam|p2a: Werewolf BF
|-damage|p2a: Werewolf BF|67/100
|
|upkeep
|turn|39
|-message|m5322 forfeited.
|
|win|Dr Gaster PHD
|raw|m5322's rating: 1585 &rarr; <strong>1572</strong><br />(-13 for losing)
|raw|Dr Gaster PHD's rating: 1720 &rarr; <strong>1733</strong><br />(+13 for winning)
|l|☆m5322
|player|p1|
|l|☆Dr Gaster PHD
|player|p2|
