|j|☆jameshardensucks
|j|☆tauros3
|t:|1781480282
|gametype|singles
|player|p1|jameshardensucks|harlequin|1587
|player|p2|tauros3|swimmer-gen4dp|1769
|gen|9
|tier|[Gen 9] OU
|rated|
|rule|HP Percentage Mod: HP is shown in percentages
|rule|Endless Battle Clause: Forcing endless battles is banned
|rule|Species Clause: Limit one of each Pokémon
|rule|OHKO Clause: OHKO moves are banned
|rule|Evasion Items Clause: Evasion items are banned
|rule|Evasion Moves Clause: Evasion moves are banned
|rule|Evasion Abilities Clause: Evasion abilities are banned
|rule|Sleep Moves Clause: Sleep-inducing moves are banned
|clearpoke
|poke|p1|Gholdengo|
|poke|p1|Zapdos|
|poke|p1|Garchomp, M|
|poke|p1|Ting-Lu|
|poke|p1|Clefable, M|
|poke|p1|Zamazenta-*|
|poke|p2|Ninetales-Alola, F|
|poke|p2|Kyurem|
|poke|p2|Moltres-Galar|
|poke|p2|Ursaluna, M|
|poke|p2|Diancie|
|poke|p2|Hatterene, F|
|teampreview
|inactive|Battle timer is ON: inactive players will automatically lose when time's up. (requested by tauros3)
|
|t:|1781480306
|teamsize|p1|6
|teamsize|p2|6
|start
|switch|p1a: Clefable|Clefable, M|100/100
|switch|p2a: The Good Life|Ninetales-Alola, F|100/100
|-weather|Snowscape|[from] ability: Snow Warning|[of] p2a: The Good Life
|turn|1
|
|t:|1781480312
|move|p2a: The Good Life|Aurora Veil|p2a: The Good Life
|-sidestart|p2: tauros3|move: Aurora Veil
|move|p1a: Clefable|Trick|p2a: The Good Life
|-activate|p1a: Clefable|move: Trick|[of] p2a: The Good Life
|-item|p2a: The Good Life|Sticky Barb|[from] move: Trick
|-item|p1a: Clefable|Light Clay|[from] move: Trick
|
|-weather|Snowscape|[upkeep]
|-damage|p2a: The Good Life|88/100|[from] item: Sticky Barb
|upkeep
|turn|2
|
|t:|1781480323
|switch|p1a: Gholdengo|Gholdengo|100/100
|-item|p1a: Gholdengo|Air Balloon
|move|p2a: The Good Life|Encore|p1a: Gholdengo
|-immune|p1a: Gholdengo|[from] ability: Good as Gold
|
|-weather|Snowscape|[upkeep]
|-damage|p2a: The Good Life|76/100|[from] item: Sticky Barb
|upkeep
|turn|3
|
|t:|1781480328
|switch|p2a: Pink Triangle|Hatterene, F|100/100
|switch|p1a: Clefable|Clefable, M|100/100
|
|-weather|Snowscape|[upkeep]
|upkeep
|turn|4
|
|t:|1781480332
|switch|p2a: The Good Life|Ninetales-Alola, F|76/100
|move|p1a: Clefable|Trick|p2a: The Good Life
|-activate|p1a: Clefable|move: Trick|[of] p2a: The Good Life
|-item|p2a: The Good Life|Light Clay|[from] move: Trick
|-item|p1a: Clefable|Sticky Barb|[from] move: Trick
|
|-weather|Snowscape|[upkeep]
|upkeep
|turn|5
|
|t:|1781480340
|switch|p2a: Pink Triangle|Hatterene, F|100/100
|move|p1a: Clefable|Trick|p2a: Pink Triangle
|-activate|p1a: Clefable|move: Trick|[of] p2a: Pink Triangle
|-item|p2a: Pink Triangle|Sticky Barb|[from] move: Trick
|-item|p1a: Clefable|Focus Sash|[from] move: Trick
|
|-weather|none
|-damage|p2a: Pink Triangle|88/100|[from] item: Sticky Barb
|upkeep
|turn|6
|
|t:|1781480344
|move|p1a: Clefable|Moonblast|p2a: Pink Triangle
|-crit|p2a: Pink Triangle
|-damage|p2a: Pink Triangle|35/100
|move|p2a: Pink Triangle|Dazzling Gleam|p1a: Clefable
|-damage|p1a: Clefable|55/100
|
|-damage|p2a: Pink Triangle|23/100|[from] item: Sticky Barb
|upkeep
|turn|7
|
|t:|1781480350
|move|p1a: Clefable|Wish|p1a: Clefable
|move|p2a: Pink Triangle|Trick Room|p2a: Pink Triangle
|-fieldstart|move: Trick Room|[of] p2a: Pink Triangle
|
|-damage|p2a: Pink Triangle|11/100|[from] item: Sticky Barb
|upkeep
|turn|8
|
|t:|1781480355
|move|p2a: Pink Triangle|Dazzling Gleam|p1a: Clefable
|-damage|p1a: Clefable|12/100
|move|p1a: Clefable|Moonblast|p2a: Pink Triangle
|-damage|p2a: Pink Triangle|0 fnt
|faint|p2a: Pink Triangle
|
|-heal|p1a: Clefable|62/100|[from] move: Wish|[wisher] Clefable
|-sideend|p2: tauros3|move: Aurora Veil
|upkeep
|
|t:|1781480357
|switch|p2a: El Scorcho|Ursaluna, M|100/100
|turn|9
|
|t:|1781480367
|switch|p2a: No Other One|Diancie|100/100
|move|p1a: Clefable|Wish|p1a: Clefable
|
|upkeep
|turn|10
|
|t:|1781480373
|move|p2a: No Other One|Meteor Beam||[still]
|-prepare|p2a: No Other One|Meteor Beam
|-boost|p2a: No Other One|spa|1
|-enditem|p2a: No Other One|Power Herb
|-anim|p2a: No Other One|Meteor Beam|p1a: Clefable|[miss]
|-miss|p2a: No Other One|p1a: Clefable
|move|p1a: Clefable|Moonblast|p2a: No Other One
|-damage|p2a: No Other One|71/100
|
|-heal|p1a: Clefable|100/100|[from] move: Wish|[wisher] Clefable
|upkeep
|turn|11
|
|t:|1781480380
|move|p2a: No Other One|Moonblast|p1a: Clefable
|-damage|p1a: Clefable|38/100
|-unboost|p1a: Clefable|spa|1
|move|p1a: Clefable|Wish|p1a: Clefable
|
|-fieldend|move: Trick Room
|upkeep
|turn|12
|
|t:|1781480386
|move|p1a: Clefable|Protect|p1a: Clefable
|-singleturn|p1a: Clefable|Protect
|move|p2a: No Other One|Trick Room|p2a: No Other One
|-fieldstart|move: Trick Room|[of] p2a: No Other One
|
|-heal|p1a: Clefable|88/100|[from] move: Wish|[wisher] Clefable
|upkeep
|turn|13
|
|t:|1781480397
|move|p2a: No Other One|Meteor Beam||[still]
|-prepare|p2a: No Other One|Meteor Beam
|-boost|p2a: No Other One|spa|1
|move|p1a: Clefable|Wish|p1a: Clefable
|
|upkeep
|turn|14
|
|t:|1781480402
|move|p1a: Clefable|Protect|p1a: Clefable
|-singleturn|p1a: Clefable|Protect
|move|p2a: No Other One|Meteor Beam|p1a: Clefable|[from] lockedmove
|-activate|p1a: Clefable|move: Protect
|
|-heal|p1a: Clefable|100/100|[from] move: Wish|[wisher] Clefable
|upkeep
|turn|15
|
|t:|1781480408
|move|p2a: No Other One|Moonblast|p1a: Clefable
|-damage|p1a: Clefable|10/100
|move|p1a: Clefable|Moonblast|p2a: No Other One
|-damage|p2a: No Other One|51/100
|
|upkeep
|turn|16
|
|t:|1781480413
|move|p2a: No Other One|Moonblast|p1a: Clefable
|-damage|p1a: Clefable|0 fnt
|faint|p1a: Clefable
|
|-fieldend|move: Trick Room
|upkeep
|
|t:|1781480419
|switch|p1a: Ting-Lu|Ting-Lu|100/100
|-ability|p1a: Ting-Lu|Vessel of Ruin
|turn|17
|
|t:|1781480423
|move|p1a: Ting-Lu|Earthquake|p2a: No Other One
|-supereffective|p2a: No Other One
|-damage|p2a: No Other One|0 fnt
|faint|p2a: No Other One
|
|upkeep
|
|t:|1781480427
|switch|p2a: The Good Life|Ninetales-Alola, F|76/100
|-weather|Snowscape|[from] ability: Snow Warning|[of] p2a: The Good Life
|turn|18
|
|t:|1781480433
|switch|p1a: Gholdengo|Gholdengo|100/100
|-item|p1a: Gholdengo|Air Balloon
|move|p2a: The Good Life|Encore|p1a: Gholdengo
|-immune|p1a: Gholdengo|[from] ability: Good as Gold
|
|-weather|Snowscape|[upkeep]
|upkeep
|turn|19
|
|t:|1781480437
|move|p2a: The Good Life|Aurora Veil|p2a: The Good Life
|-sidestart|p2: tauros3|move: Aurora Veil
|move|p1a: Gholdengo|Thunder Wave|p2a: The Good Life
|-status|p2a: The Good Life|par
|
|-weather|Snowscape|[upkeep]
|upkeep
|turn|20
|
|t:|1781480441
|switch|p2a: El Scorcho|Ursaluna, M|100/100
|move|p1a: Gholdengo|Make It Rain|p2a: El Scorcho
|-damage|p2a: El Scorcho|73/100
|-unboost|p1a: Gholdengo|spa|1
|
|-weather|Snowscape|[upkeep]
|-status|p2a: El Scorcho|brn|[from] item: Flame Orb
|upkeep
|turn|21
|
|t:|1781480448
|switch|p1a: Garchomp|Garchomp, M|100/100
|move|p2a: El Scorcho|Swords Dance|p2a: El Scorcho
|-boost|p2a: El Scorcho|atk|2
|
|-weather|Snowscape|[upkeep]
|-damage|p2a: El Scorcho|67/100 brn|[from] brn
|upkeep
|turn|22
|
|t:|1781480453
|-terastallize|p1a: Garchomp|Ghost
|move|p2a: El Scorcho|Facade|p1a: Garchomp
|-immune|p1a: Garchomp
|move|p1a: Garchomp|Dragon Tail|p2a: El Scorcho
|-damage|p2a: El Scorcho|57/100 brn
|drag|p2a: The Good Life|Ninetales-Alola, F|76/100 par
|
|-weather|none
|upkeep
|turn|23
|
|t:|1781480461
|move|p1a: Garchomp|Stealth Rock|p2a: The Good Life
|-sidestart|p2: tauros3|move: Stealth Rock
|move|p2a: The Good Life|Encore|p1a: Garchomp
|-start|p1a: Garchomp|Encore
|
|upkeep
|turn|24
|
|t:|1781480469
|switch|p1a: Zapdos|Zapdos|100/100
|switch|p2a: Butterfly|Moltres-Galar|100/100
|-damage|p2a: Butterfly|75/100|[from] Stealth Rock
|
|upkeep
|turn|25
|
|t:|1781480472
|switch|p2a: El Scorcho|Ursaluna, M|57/100 brn
|-damage|p2a: El Scorcho|51/100 brn|[from] Stealth Rock
|move|p1a: Zapdos|Hurricane|p2a: El Scorcho
|-damage|p2a: El Scorcho|25/100 brn
|
|-damage|p2a: El Scorcho|19/100 brn|[from] brn
|upkeep
|turn|26
|
|t:|1781480480
|move|p1a: Zapdos|Hurricane|p2a: El Scorcho
|-damage|p2a: El Scorcho|0 fnt
|faint|p2a: El Scorcho
|
|-sideend|p2: tauros3|move: Aurora Veil
|upkeep
|
|t:|1781480486
|switch|p2a: The Good Life|Ninetales-Alola, F|76/100 par
|-damage|p2a: The Good Life|51/100 par|[from] Stealth Rock
|-weather|Snowscape|[from] ability: Snow Warning|[of] p2a: The Good Life
|turn|27
|
|t:|1781480491
|move|p1a: Zapdos|Hurricane|p2a: The Good Life
|-damage|p2a: The Good Life|0 fnt
|faint|p2a: The Good Life
|
|-weather|Snowscape|[upkeep]
|upkeep
|
|t:|1781480494
|switch|p2a: Getchoo|Kyurem|100/100
|-damage|p2a: Getchoo|76/100|[from] Stealth Rock
|-ability|p2a: Getchoo|Pressure
|turn|28
|
|t:|1781480499
|move|p1a: Zapdos|Thunder Wave|p2a: Getchoo
|-status|p2a: Getchoo|par
|move|p2a: Getchoo|Dragon Dance|p2a: Getchoo
|-boost|p2a: Getchoo|atk|1
|-boost|p2a: Getchoo|spe|1
|
|-weather|Snowscape|[upkeep]
|upkeep
|turn|29
|
|t:|1781480502
|move|p1a: Zapdos|U-turn|p2a: Getchoo
|-damage|p2a: Getchoo|67/100 par
|
|t:|1781480505
|switch|p1a: Zamazenta|Zamazenta|100/100|[from] U-turn
|-ability|p1a: Zamazenta|Dauntless Shield|boost
|-boost|p1a: Zamazenta|def|1
|move|p2a: Getchoo|Dragon Dance|p2a: Getchoo
|-boost|p2a: Getchoo|atk|1
|-boost|p2a: Getchoo|spe|1
|
|-weather|Snowscape|[upkeep]
|upkeep
|turn|30
|
|t:|1781480508
|-terastallize|p2a: Getchoo|Fire
|move|p1a: Zamazenta|Close Combat|p2a: Getchoo
|-damage|p2a: Getchoo|0 fnt
|-unboost|p1a: Zamazenta|def|1
|-unboost|p1a: Zamazenta|spd|1
|faint|p2a: Getchoo
|
|-weather|Snowscape|[upkeep]
|upkeep
|
|t:|1781480515
|switch|p2a: Butterfly|Moltres-Galar|75/100
|-damage|p2a: Butterfly|50/100|[from] Stealth Rock
|-enditem|p2a: Butterfly|Sitrus Berry|[eat]
|-heal|p2a: Butterfly|75/100|[from] item: Sitrus Berry
|turn|31
|
|t:|1781480522
|move|p1a: Zamazenta|Close Combat|p2a: Butterfly
|-damage|p2a: Butterfly|2/100
|-unboost|p1a: Zamazenta|def|1
|-unboost|p1a: Zamazenta|spd|1
|-ability|p2a: Butterfly|Berserk|boost
|-boost|p2a: Butterfly|spa|1
|move|p2a: Butterfly|Agility|p2a: Butterfly
|-boost|p2a: Butterfly|spe|2
|
|-weather|none
|upkeep
|turn|32
|
|t:|1781480531
|switch|p1a: Ting-Lu|Ting-Lu|100/100
|-ability|p1a: Ting-Lu|Vessel of Ruin
|move|p2a: Butterfly|Air Slash|p1a: Ting-Lu
|-damage|p1a: Ting-Lu|75/100
|
|upkeep
|turn|33
|
|t:|1781480537
|move|p2a: Butterfly|Nasty Plot|p2a: Butterfly
|-boost|p2a: Butterfly|spa|2
|move|p1a: Ting-Lu|Taunt|p2a: Butterfly
|-start|p2a: Butterfly|move: Taunt
|
|upkeep
|turn|34
|
|t:|1781480542
|move|p2a: Butterfly|Air Slash|p1a: Ting-Lu
|-damage|p1a: Ting-Lu|36/100
|move|p1a: Ting-Lu|Rest|p1a: Ting-Lu
|-status|p1a: Ting-Lu|slp|[from] move: Rest
|-heal|p1a: Ting-Lu|100/100 slp|[silent]
|-enditem|p1a: Ting-Lu|Chesto Berry|[eat]
|-curestatus|p1a: Ting-Lu|slp|[msg]
|
|upkeep
|turn|35
|
|t:|1781480547
|switch|p1a: Zapdos|Zapdos|100/100
|move|p2a: Butterfly|Air Slash|p1a: Zapdos
|-resisted|p1a: Zapdos
|-damage|p1a: Zapdos|47/100
|
|upkeep
|turn|36
|
|t:|1781480551
|move|p2a: Butterfly|Fiery Wrath|p1a: Zapdos
|-damage|p1a: Zapdos|0 fnt
|faint|p1a: Zapdos
|
|-end|p2a: Butterfly|move: Taunt
|upkeep
|
|t:|1781480557
|switch|p1a: Gholdengo|Gholdengo|100/100
|-item|p1a: Gholdengo|Air Balloon
|turn|37
|
|t:|1781480560
|switch|p1a: Ting-Lu|Ting-Lu|100/100
|-ability|p1a: Ting-Lu|Vessel of Ruin
|move|p2a: Butterfly|Fiery Wrath|p1a: Ting-Lu
|-resisted|p1a: Ting-Lu
|-damage|p1a: Ting-Lu|76/100
|
|upkeep
|turn|38
|
|t:|1781480566
|move|p2a: Butterfly|Nasty Plot|p2a: Butterfly
|-boost|p2a: Butterfly|spa|2
|move|p1a: Ting-Lu|Taunt|p2a: Butterfly
|-start|p2a: Butterfly|move: Taunt
|
|upkeep
|turn|39
|
|t:|1781480572
|move|p2a: Butterfly|Air Slash|p1a: Ting-Lu
|-damage|p1a: Ting-Lu|17/100
|move|p1a: Ting-Lu|Rest|p1a: Ting-Lu
|-status|p1a: Ting-Lu|slp|[from] move: Rest
|-heal|p1a: Ting-Lu|100/100 slp|[silent]
|
|upkeep
|turn|40
|
|t:|1781480580
|move|p2a: Butterfly|Air Slash|p1a: Ting-Lu
|-damage|p1a: Ting-Lu|45/100 slp
|cant|p1a: Ting-Lu|slp
|
|upkeep
|turn|41
|
|t:|1781480583
|move|p2a: Butterfly|Air Slash|p1a: Ting-Lu
|-crit|p1a: Ting-Lu
|-damage|p1a: Ting-Lu|0 fnt
|faint|p1a: Ting-Lu
|
|-end|p2a: Butterfly|move: Taunt
|upkeep
|
|t:|1781480585
|switch|p1a: Garchomp|Garchomp, M, tera:Ghost|100/100
|turn|42
|-message|jameshardensucks forfeited.
|
|win|tauros3
|raw|jameshardensucks's rating: 1587 &rarr; <strong>1577</strong><br />(-10 for losing)
|raw|tauros3's rating: 1769 &rarr; <strong>1779</strong><br />(+10 for winning)
|l|☆jameshardensucks
|player|p1|
