|j|☆psylxr
|j|☆LanceStern
|t:|1780982211
|gametype|singles
|player|p1|psylxr|101|1713
|player|p2|LanceStern|brock|1667
|gen|9
|tier|[Gen 9] OU
|rated|
|rule|HP Percentage Mod: HP is shown in percentages
|rule|Endless Battle Clause: Forcing endless battles is banned
|rule|Species Clause: Limit one of each Pokémon
|rule|OHKO Clause: OHKO moves are banned
|rule|Evasion Items Clause: Evasion items are banned
|rule|Evasion Moves Clause: Evasion moves are banned
|rule|Evasion Abilities Clause: Evasion abilities are banned
|rule|Sleep Moves Clause: Sleep-inducing moves are banned
|clearpoke
|poke|p1|Pelipper, M|
|poke|p1|Raging Bolt|
|poke|p1|Overqwil, M|
|poke|p1|Barraskewda, M|
|poke|p1|Iron Treads|
|poke|p1|Kingambit, M|
|poke|p2|Deoxys-Speed|
|poke|p2|Iron Moth|
|poke|p2|Samurott-Hisui, F|
|poke|p2|Great Tusk|
|poke|p2|Scizor, M|
|poke|p2|Sinistcha-Masterpiece|
|teampreview
|inactive|Battle timer is ON: inactive players will automatically lose when time's up. (requested by psylxr)
|
|t:|1780982238
|teamsize|p1|6
|teamsize|p2|6
|start
|switch|p1a: Gulp Gulp|Pelipper, M|100/100
|switch|p2a: Deoxys|Deoxys-Speed|100/100
|-ability|p2a: Deoxys|Pressure
|-weather|RainDance|[from] ability: Drizzle|[of] p1a: Gulp Gulp
|turn|1
|
|t:|1780982243
|move|p2a: Deoxys|Thunderbolt|p1a: Gulp Gulp
|-supereffective|p1a: Gulp Gulp
|-damage|p1a: Gulp Gulp|0 fnt
|faint|p1a: Gulp Gulp
|
|-weather|RainDance|[upkeep]
|upkeep
|
|t:|1780982261
|switch|p1a: Spike|Overqwil, M|100/100
|turn|2
|
|t:|1780982270
|switch|p2a: Great Tusk|Great Tusk|100/100
|move|p1a: Spike|Swords Dance|p1a: Spike
|-boost|p1a: Spike|atk|2
|
|-weather|RainDance|[upkeep]
|upkeep
|turn|3
|
|t:|1780982281
|move|p1a: Spike|Liquidation|p2a: Great Tusk
|-supereffective|p2a: Great Tusk
|-damage|p2a: Great Tusk|0 fnt
|-damage|p1a: Spike|84/100|[from] item: Rocky Helmet|[of] p2a: Great Tusk
|faint|p2a: Great Tusk
|-end|p2a: Great Tusk|Protosynthesis|[silent]
|-damage|p1a: Spike|74/100|[from] item: Life Orb
|
|-weather|RainDance|[upkeep]
|upkeep
|
|t:|1780982292
|switch|p2a: Samurott|Samurott-Hisui, F|100/100
|turn|4
|
|t:|1780982295
|move|p1a: Spike|Gunk Shot|p2a: Samurott|[miss]
|-miss|p1a: Spike|p2a: Samurott
|move|p2a: Samurott|Aqua Cutter|p1a: Spike
|-damage|p1a: Spike|0 fnt
|faint|p1a: Spike
|
|-weather|RainDance|[upkeep]
|upkeep
|c|☆psylxr|w
|
|t:|1780982303
|switch|p1a: Raging Neck|Raging Bolt|100/100
|-enditem|p1a: Raging Neck|Booster Energy
|-activate|p1a: Raging Neck|ability: Protosynthesis|[fromitem]
|-start|p1a: Raging Neck|protosynthesisspa
|turn|5
|j| Dionysos le retour
|l| Dionysos le retour
|
|t:|1780982317
|move|p2a: Samurott|Ceaseless Edge|p1a: Raging Neck|[miss]
|-miss|p2a: Samurott|p1a: Raging Neck
|move|p1a: Raging Neck|Thunder|p2a: Samurott
|-supereffective|p2a: Samurott
|-enditem|p2a: Samurott|Focus Sash
|-damage|p2a: Samurott|1/100
|
|-weather|RainDance|[upkeep]
|upkeep
|turn|6
|
|t:|1780982325
|move|p2a: Samurott|Encore|p1a: Raging Neck
|-start|p1a: Raging Neck|Encore
|move|p1a: Raging Neck|Thunder|p2a: Samurott
|-supereffective|p2a: Samurott
|-damage|p2a: Samurott|0 fnt
|faint|p2a: Samurott
|
|-weather|RainDance|[upkeep]
|upkeep
|
|t:|1780982345
|switch|p2a: Sinistcha|Sinistcha-Masterpiece|100/100
|turn|7
|
|t:|1780982351
|move|p1a: Raging Neck|Thunder|p2a: Sinistcha
|-resisted|p2a: Sinistcha
|-damage|p2a: Sinistcha|49/100
|move|p2a: Sinistcha|Shadow Ball|p1a: Raging Neck
|-damage|p1a: Raging Neck|70/100
|
|-weather|RainDance|[upkeep]
|upkeep
|turn|8
|
|t:|1780982359
|move|p1a: Raging Neck|Thunder|p2a: Sinistcha
|-resisted|p2a: Sinistcha
|-damage|p2a: Sinistcha|0 fnt
|faint|p2a: Sinistcha
|
|-weather|none
|-end|p1a: Raging Neck|Encore
|upkeep
|c|☆LanceStern|that hit much harder than expected
|
|t:|1780982369
|switch|p2a: Iron Moth|Iron Moth|100/100
|-enditem|p2a: Iron Moth|Booster Energy
|-activate|p2a: Iron Moth|ability: Quark Drive|[fromitem]
|-start|p2a: Iron Moth|quarkdrivespe
|turn|9
|
|t:|1780982374
|move|p2a: Iron Moth|Dazzling Gleam|p1a: Raging Neck
|-supereffective|p1a: Raging Neck
|-damage|p1a: Raging Neck|19/100
|move|p1a: Raging Neck|Draco Meteor|p2a: Iron Moth
|-damage|p2a: Iron Moth|0 fnt
|-unboost|p1a: Raging Neck|spa|2
|faint|p2a: Iron Moth
|-end|p2a: Iron Moth|Quark Drive|[silent]
|
|upkeep
|
|t:|1780982385
|switch|p2a: Scizor|Scizor, M|100/100
|turn|10
|c|☆psylxr|calc it
|
|t:|1780982389
|move|p2a: Scizor|Bullet Punch|p1a: Raging Neck
|-resisted|p1a: Raging Neck
|-damage|p1a: Raging Neck|0 fnt
|faint|p1a: Raging Neck
|-end|p1a: Raging Neck|Protosynthesis|[silent]
|
|upkeep
|
|t:|1780982400
|switch|p1a: Flip Flop|Barraskewda, M|100/100
|turn|11
|j| euphoricpoptarts
|
|t:|1780982408
|-terastallize|p1a: Flip Flop|Water
|move|p2a: Scizor|Bullet Punch|p1a: Flip Flop
|-resisted|p1a: Flip Flop
|-damage|p1a: Flip Flop|47/100
|move|p1a: Flip Flop|Liquidation|p2a: Scizor
|-damage|p2a: Scizor|5/100
|
|upkeep
|turn|12
|
|t:|1780982415
|switch|p1a: Queengambit|Kingambit, M|100/100
|-activate|p1a: Queengambit|ability: Supreme Overlord
|-start|p1a: Queengambit|fallen3|[silent]
|move|p2a: Scizor|Bullet Punch|p1a: Queengambit
|-resisted|p1a: Queengambit
|-damage|p1a: Queengambit|83/100
|
|-heal|p1a: Queengambit|90/100|[from] item: Leftovers
|upkeep
|turn|13
|
|t:|1780982421
|move|p2a: Scizor|Bullet Punch|p1a: Queengambit
|-resisted|p1a: Queengambit
|-damage|p1a: Queengambit|72/100
|move|p1a: Queengambit|Sucker Punch||[still]
|-fail|p1a: Queengambit
|
|-heal|p1a: Queengambit|78/100|[from] item: Leftovers
|upkeep
|turn|14
|
|t:|1780982425
|move|p2a: Scizor|Bullet Punch|p1a: Queengambit
|-resisted|p1a: Queengambit
|-damage|p1a: Queengambit|58/100
|move|p1a: Queengambit|Sucker Punch||[still]
|-fail|p1a: Queengambit
|
|-heal|p1a: Queengambit|64/100|[from] item: Leftovers
|upkeep
|turn|15
|
|t:|1780982430
|move|p2a: Scizor|Bullet Punch|p1a: Queengambit
|-resisted|p1a: Queengambit
|-damage|p1a: Queengambit|46/100
|move|p1a: Queengambit|Sucker Punch||[still]
|-fail|p1a: Queengambit
|
|-heal|p1a: Queengambit|52/100|[from] item: Leftovers
|upkeep
|turn|16
|
|t:|1780982434
|move|p2a: Scizor|Bullet Punch|p1a: Queengambit
|-resisted|p1a: Queengambit
|-damage|p1a: Queengambit|35/100
|move|p1a: Queengambit|Sucker Punch||[still]
|-fail|p1a: Queengambit
|
|-heal|p1a: Queengambit|41/100|[from] item: Leftovers
|upkeep
|turn|17
|
|t:|1780982438
|move|p2a: Scizor|Bullet Punch|p1a: Queengambit
|-resisted|p1a: Queengambit
|-damage|p1a: Queengambit|23/100
|move|p1a: Queengambit|Kowtow Cleave|p2a: Scizor
|-damage|p2a: Scizor|0 fnt
|faint|p2a: Scizor
|
|-heal|p1a: Queengambit|29/100|[from] item: Leftovers
|upkeep
|
|t:|1780982442
|switch|p2a: Deoxys|Deoxys-Speed|100/100
|-ability|p2a: Deoxys|Pressure
|turn|18
|
|t:|1780982446
|-terastallize|p2a: Deoxys|Fighting
|move|p1a: Queengambit|Sucker Punch|p2a: Deoxys
|-resisted|p2a: Deoxys
|-damage|p2a: Deoxys|57/100
|move|p2a: Deoxys|Thunderbolt|p1a: Queengambit
|-damage|p1a: Queengambit|3/100
|
|-heal|p1a: Queengambit|9/100|[from] item: Leftovers
|upkeep
|turn|19
|
|t:|1780982452
|move|p1a: Queengambit|Sucker Punch|p2a: Deoxys
|-resisted|p2a: Deoxys
|-damage|p2a: Deoxys|12/100
|move|p2a: Deoxys|Thunderbolt|p1a: Queengambit
|-damage|p1a: Queengambit|0 fnt
|faint|p1a: Queengambit
|-end|p1a: Queengambit|fallen3|[silent]
|
|upkeep
|
|t:|1780982455
|switch|p1a: Flip Flop|Barraskewda, M, tera:Water|47/100
|turn|20
|
|t:|1780982457
|move|p1a: Flip Flop|Aqua Jet|p2a: Deoxys
|-damage|p2a: Deoxys|0 fnt
|faint|p2a: Deoxys
|
|win|psylxr
|raw|psylxr's rating: 1713 &rarr; <strong>1730</strong><br />(+17 for winning)
|raw|LanceStern's rating: 1667 &rarr; <strong>1650</strong><br />(-17 for losing)
|c|☆psylxr|gg
|c|☆LanceStern|gg
|l|☆psylxr
|player|p1|
|l| euphoricpoptarts
