|j|☆mathismathin
|j|☆SofteLocke
|t:|1781459985
|gametype|singles
|player|p1|mathismathin|lucas|1540
|player|p2|SofteLocke|170|1585
|gen|9
|tier|[Gen 9] OU
|rated|
|rule|HP Percentage Mod: HP is shown in percentages
|rule|Endless Battle Clause: Forcing endless battles is banned
|rule|Species Clause: Limit one of each Pokémon
|rule|OHKO Clause: OHKO moves are banned
|rule|Evasion Items Clause: Evasion items are banned
|rule|Evasion Moves Clause: Evasion moves are banned
|rule|Evasion Abilities Clause: Evasion abilities are banned
|rule|Sleep Moves Clause: Sleep-inducing moves are banned
|clearpoke
|poke|p1|Garchomp, M|
|poke|p1|Regieleki|
|poke|p1|Dragonite, M|
|poke|p1|Blaziken, F|
|poke|p1|Corviknight, M|
|poke|p1|Necrozma|
|poke|p2|Clefable, M|
|poke|p2|Gholdengo|
|poke|p2|Gliscor, M|
|poke|p2|Zamazenta-*|
|poke|p2|Samurott-Hisui, M|
|poke|p2|Dragonite, F|
|teampreview
|
|t:|1781460000
|teamsize|p1|6
|teamsize|p2|6
|start
|switch|p1a: Garchomp|Garchomp, M|100/100
|switch|p2a: Gliscor|Gliscor, M|100/100
|turn|1
|
|t:|1781460004
|move|p1a: Garchomp|Swords Dance|p1a: Garchomp
|-boost|p1a: Garchomp|atk|2
|move|p2a: Gliscor|Knock Off|p1a: Garchomp
|-damage|p1a: Garchomp|79/100
|-damage|p2a: Gliscor|88/100|[from] ability: Rough Skin|[of] p1a: Garchomp
|-enditem|p1a: Garchomp|Life Orb|[from] move: Knock Off|[of] p2a: Gliscor
|
|-status|p2a: Gliscor|tox|[from] item: Toxic Orb
|upkeep
|turn|2
|
|t:|1781460010
|switch|p2a: Clefable|Clefable, M|100/100
|move|p1a: Garchomp|Liquidation|p2a: Clefable
|-damage|p2a: Clefable|49/100
|-damage|p1a: Garchomp|62/100|[from] item: Rocky Helmet|[of] p2a: Clefable
|
|upkeep
|turn|3
|
|t:|1781460020
|switch|p2a: Zamazenta|Zamazenta|100/100
|-ability|p2a: Zamazenta|Dauntless Shield|boost
|-boost|p2a: Zamazenta|def|1
|move|p1a: Garchomp|Earthquake|p2a: Zamazenta
|-damage|p2a: Zamazenta|33/100
|
|-heal|p2a: Zamazenta|39/100|[from] item: Leftovers
|upkeep
|turn|4
|
|t:|1781460034
|move|p2a: Zamazenta|Body Press|p1a: Garchomp
|-damage|p1a: Garchomp|6/100
|-damage|p2a: Zamazenta|27/100|[from] ability: Rough Skin|[of] p1a: Garchomp
|move|p1a: Garchomp|Earthquake|p2a: Zamazenta
|-damage|p2a: Zamazenta|0 fnt
|faint|p2a: Zamazenta
|
|upkeep
|
|t:|1781460052
|switch|p2a: Gholdengo|Gholdengo|100/100
|turn|5
|
|t:|1781460059
|move|p2a: Gholdengo|Shadow Ball|p1a: Garchomp
|-damage|p1a: Garchomp|0 fnt
|faint|p1a: Garchomp
|
|upkeep
|
|t:|1781460064
|switch|p1a: Blaziken|Blaziken, F|100/100
|turn|6
|
|t:|1781460072
|move|p2a: Gholdengo|Shadow Ball|p1a: Blaziken
|-damage|p1a: Blaziken|30/100
|move|p1a: Blaziken|Overheat|p2a: Gholdengo|[miss]
|-miss|p1a: Blaziken|p2a: Gholdengo
|
|-ability|p1a: Blaziken|Speed Boost|boost
|-boost|p1a: Blaziken|spe|1
|upkeep
|turn|7
|
|t:|1781460081
|switch|p2a: Clefable|Clefable, M|49/100
|move|p1a: Blaziken|Protect||[still]
|-fail|p1a: Blaziken
|
|-ability|p1a: Blaziken|Speed Boost|boost
|-boost|p1a: Blaziken|spe|1
|upkeep
|turn|8
|
|t:|1781460084
|move|p1a: Blaziken|Overheat|p2a: Clefable
|-damage|p2a: Clefable|0 fnt
|-unboost|p1a: Blaziken|spa|2
|faint|p2a: Clefable
|-damage|p1a: Blaziken|20/100|[from] item: Life Orb
|
|-ability|p1a: Blaziken|Speed Boost|boost
|-boost|p1a: Blaziken|spe|1
|upkeep
|
|t:|1781460087
|switch|p2a: Gliscor|Gliscor, M|88/100 tox
|turn|9
|
|t:|1781460097
|switch|p1a: Corviknight|Corviknight, M|100/100
|-ability|p1a: Corviknight|Pressure
|move|p2a: Gliscor|Facade|p1a: Corviknight
|-resisted|p1a: Corviknight
|-damage|p1a: Corviknight|89/100
|
|-heal|p1a: Corviknight|95/100|[from] item: Leftovers
|-heal|p2a: Gliscor|100/100 tox|[from] ability: Poison Heal
|upkeep
|turn|10
|
|t:|1781460102
|move|p2a: Gliscor|Knock Off|p1a: Corviknight
|-damage|p1a: Corviknight|77/100
|-enditem|p1a: Corviknight|Leftovers|[from] move: Knock Off|[of] p2a: Gliscor
|move|p1a: Corviknight|U-turn|p2a: Gliscor
|-resisted|p2a: Gliscor
|-damage|p2a: Gliscor|95/100 tox
|
|t:|1781460104
|switch|p1a: Dragonite|Dragonite, M|100/100|[from] U-turn
|
|-heal|p2a: Gliscor|100/100 tox|[from] ability: Poison Heal
|upkeep
|turn|11
|
|t:|1781460109
|move|p1a: Dragonite|Dragon Dance|p1a: Dragonite
|-boost|p1a: Dragonite|atk|1
|-boost|p1a: Dragonite|spe|1
|move|p2a: Gliscor|Facade|p1a: Dragonite
|-crit|p1a: Dragonite
|-damage|p1a: Dragonite|76/100
|
|upkeep
|turn|12
|
|t:|1781460122
|-terastallize|p1a: Dragonite|Dragon
|-terastallize|p2a: Gliscor|Normal
|move|p1a: Dragonite|Dragon Dance|p1a: Dragonite
|-boost|p1a: Dragonite|atk|1
|-boost|p1a: Dragonite|spe|1
|move|p2a: Gliscor|Swords Dance|p2a: Gliscor
|-boost|p2a: Gliscor|atk|2
|
|upkeep
|turn|13
|
|t:|1781460127
|move|p1a: Dragonite|Encore|p2a: Gliscor
|-start|p2a: Gliscor|Encore
|move|p2a: Gliscor|Swords Dance|p2a: Gliscor
|-boost|p2a: Gliscor|atk|2
|
|upkeep
|turn|14
|
|t:|1781460134
|switch|p2a: Dragonite|Dragonite, F|100/100
|move|p1a: Dragonite|Dragon Dance|p1a: Dragonite
|-boost|p1a: Dragonite|atk|1
|-boost|p1a: Dragonite|spe|1
|
|upkeep
|turn|15
|
|t:|1781460140
|move|p2a: Dragonite|Extreme Speed|p1a: Dragonite
|-damage|p1a: Dragonite|39/100
|move|p1a: Dragonite|Outrage|p2a: Dragonite
|-supereffective|p2a: Dragonite
|-damage|p2a: Dragonite|0 fnt
|faint|p2a: Dragonite
|
|upkeep
|
|t:|1781460144
|switch|p2a: Samurott|Samurott-Hisui, M|100/100
|turn|16
|
|t:|1781460147
|move|p2a: Samurott|Sucker Punch|p1a: Dragonite
|-damage|p1a: Dragonite|4/100
|move|p1a: Dragonite|Outrage|p2a: Samurott|[from] lockedmove
|-damage|p2a: Samurott|0 fnt
|faint|p2a: Samurott
|-start|p1a: Dragonite|confusion|[fatigue]
|
|upkeep
|-message|SofteLocke forfeited.
|
|win|mathismathin
|raw|mathismathin's rating: 1540 &rarr; <strong>1564</strong><br />(+24 for winning)
|raw|SofteLocke's rating: 1604 &rarr; <strong>1580</strong><br />(-24 for losing)
|l|☆SofteLocke
|player|p2|
