|j|☆Pig Perfect
|j|☆dsekop
|t:|1781584621
|gametype|singles
|player|p1|Pig Perfect|workerice|1636
|player|p2|dsekop|unknown|1820
|gen|9
|tier|[Gen 9] OU
|rated|
|rule|HP Percentage Mod: HP is shown in percentages
|rule|Endless Battle Clause: Forcing endless battles is banned
|rule|Species Clause: Limit one of each Pokémon
|rule|OHKO Clause: OHKO moves are banned
|rule|Evasion Items Clause: Evasion items are banned
|rule|Evasion Moves Clause: Evasion moves are banned
|rule|Evasion Abilities Clause: Evasion abilities are banned
|rule|Sleep Moves Clause: Sleep-inducing moves are banned
|clearpoke
|poke|p1|Great Tusk|
|poke|p1|Hatterene, F|
|poke|p1|Heatran, F|
|poke|p1|Ninetales, M|
|poke|p1|Slither Wing|
|poke|p1|Walking Wake|
|poke|p2|Glimmora, F|
|poke|p2|Iron Treads|
|poke|p2|Polteageist-Antique|
|poke|p2|Raging Bolt|
|poke|p2|Dragonite, M|
|poke|p2|Zamazenta-*|
|teampreview
|inactive|Battle timer is ON: inactive players will automatically lose when time's up. (requested by dsekop)
|inactive|Pig Perfect has 120 seconds left.
|
|t:|1781584671
|teamsize|p1|6
|teamsize|p2|6
|start
|switch|p1a: Tyranna Seesaur|Walking Wake|100/100
|switch|p2a: Iron Treads|Iron Treads|100/100
|-enditem|p2a: Iron Treads|Booster Energy
|-activate|p2a: Iron Treads|ability: Quark Drive|[fromitem]
|-start|p2a: Iron Treads|quarkdrivespe
|turn|1
|
|t:|1781584678
|move|p2a: Iron Treads|Stealth Rock|p1a: Tyranna Seesaur
|-sidestart|p1: Pig Perfect|move: Stealth Rock
|move|p1a: Tyranna Seesaur|Hydro Steam|p2a: Iron Treads
|-supereffective|p2a: Iron Treads
|-damage|p2a: Iron Treads|0 fnt
|faint|p2a: Iron Treads
|-end|p2a: Iron Treads|Quark Drive|[silent]
|
|upkeep
|
|t:|1781584685
|switch|p2a: 快龙一定要快|Dragonite, M|100/100
|turn|2
|
|t:|1781584689
|-end|p1a: Tyranna Seesaur|Protosynthesis|[silent]
|switch|p1a: Touch Me I’m Sick|Slither Wing|100/100
|-damage|p1a: Touch Me I’m Sick|88/100|[from] Stealth Rock
|move|p2a: 快龙一定要快|Earthquake|p1a: Touch Me I’m Sick
|-resisted|p1a: Touch Me I’m Sick
|-damage|p1a: Touch Me I’m Sick|64/100
|
|upkeep
|turn|3
|
|t:|1781584694
|switch|p2a: Glimmora|Glimmora, F|100/100
|move|p1a: Touch Me I’m Sick|Will-O-Wisp|p2a: Glimmora
|-status|p2a: Glimmora|brn
|
|-damage|p2a: Glimmora|94/100 brn|[from] brn
|upkeep
|turn|4
|
|t:|1781584702
|-end|p1a: Touch Me I’m Sick|Protosynthesis|[silent]
|switch|p1a: Trash Man|Great Tusk|100/100
|-damage|p1a: Trash Man|98/100|[from] Stealth Rock
|move|p2a: Glimmora|Sludge Wave|p1a: Trash Man
|-resisted|p1a: Trash Man
|-damage|p1a: Trash Man|78/100
|
|-damage|p2a: Glimmora|88/100 brn|[from] brn
|upkeep
|turn|5
|
|t:|1781584705
|switch|p2a: Polteageist|Polteageist-Antique|100/100
|move|p1a: Trash Man|Rapid Spin|p2a: Polteageist
|-immune|p2a: Polteageist
|
|upkeep
|turn|6
|
|t:|1781584713
|move|p1a: Trash Man|Knock Off|p2a: Polteageist
|-supereffective|p2a: Polteageist
|-enditem|p2a: Polteageist|Focus Sash
|-damage|p2a: Polteageist|1/100
|-ability|p2a: Polteageist|Weak Armor|boost
|-unboost|p2a: Polteageist|def|1
|-boost|p2a: Polteageist|spe|2
|move|p2a: Polteageist|Shell Smash|p2a: Polteageist
|-unboost|p2a: Polteageist|def|1
|-unboost|p2a: Polteageist|spd|1
|-boost|p2a: Polteageist|atk|2
|-boost|p2a: Polteageist|spa|2
|-boost|p2a: Polteageist|spe|2
|
|upkeep
|turn|7
|
|t:|1781584721
|-end|p1a: Trash Man|Protosynthesis|[silent]
|switch|p1a: Witches Wish|Hatterene, F|100/100
|-damage|p1a: Witches Wish|88/100|[from] Stealth Rock
|move|p2a: Polteageist|Shadow Ball|p1a: Witches Wish
|-supereffective|p1a: Witches Wish
|-damage|p1a: Witches Wish|0 fnt
|faint|p1a: Witches Wish
|
|upkeep
|
|t:|1781584723
|switch|p1a: Touch Me I’m Sick|Slither Wing|64/100
|-damage|p1a: Touch Me I’m Sick|52/100|[from] Stealth Rock
|turn|8
|
|t:|1781584726
|switch|p2a: Glimmora|Glimmora, F|88/100 brn
|move|p1a: Touch Me I’m Sick|First Impression|p2a: Glimmora
|-resisted|p2a: Glimmora
|-damage|p2a: Glimmora|62/100 brn
|-activate|p2a: Glimmora|ability: Toxic Debris
|-sidestart|p1: Pig Perfect|move: Toxic Spikes
|
|-damage|p2a: Glimmora|56/100 brn|[from] brn
|upkeep
|turn|9
|
|t:|1781584737
|-end|p1a: Touch Me I’m Sick|Protosynthesis|[silent]
|switch|p1a: Gimme Shelter|Heatran, F|100/100
|-damage|p1a: Gimme Shelter|88/100|[from] Stealth Rock
|-item|p1a: Gimme Shelter|Air Balloon
|move|p2a: Glimmora|Power Gem|p1a: Gimme Shelter
|-damage|p1a: Gimme Shelter|43/100
|-enditem|p1a: Gimme Shelter|Air Balloon
|
|-damage|p2a: Glimmora|49/100 brn|[from] brn
|upkeep
|turn|10
|
|t:|1781584764
|move|p2a: Glimmora|Power Gem|p1a: Gimme Shelter
|-damage|p1a: Gimme Shelter|0 fnt
|faint|p1a: Gimme Shelter
|
|-damage|p2a: Glimmora|43/100 brn|[from] brn
|upkeep
|inactive|Pig Perfect has 120 seconds left.
|
|t:|1781584774
|switch|p1a: Trash Man|Great Tusk|78/100
|-damage|p1a: Trash Man|75/100|[from] Stealth Rock
|-status|p1a: Trash Man|psn
|turn|11
|
|t:|1781584778
|switch|p2a: Polteageist|Polteageist-Antique|1/100
|move|p1a: Trash Man|Rapid Spin|p2a: Polteageist
|-immune|p2a: Polteageist
|
|-damage|p1a: Trash Man|62/100 psn|[from] psn
|upkeep
|turn|12
|
|t:|1781584786
|move|p1a: Trash Man|Ice Spinner|p2a: Polteageist
|-damage|p2a: Polteageist|0 fnt
|faint|p2a: Polteageist
|
|-damage|p1a: Trash Man|50/100 psn|[from] psn
|upkeep
|
|t:|1781584788
|switch|p2a: Glimmora|Glimmora, F|43/100 brn
|turn|13
|
|t:|1781584790
|move|p2a: Glimmora|Energy Ball|p1a: Trash Man
|-supereffective|p1a: Trash Man
|-damage|p1a: Trash Man|1/100 psn
|move|p1a: Trash Man|Rapid Spin|p2a: Glimmora
|-resisted|p2a: Glimmora
|-damage|p2a: Glimmora|32/100 brn
|-boost|p1a: Trash Man|spe|1
|-activate|p2a: Glimmora|ability: Toxic Debris
|-sidestart|p1: Pig Perfect|move: Toxic Spikes
|-sideend|p1: Pig Perfect|Toxic Spikes|[from] move: Rapid Spin|[of] p1a: Trash Man
|-sideend|p1: Pig Perfect|Stealth Rock|[from] move: Rapid Spin|[of] p1a: Trash Man
|
|-damage|p1a: Trash Man|0 fnt|[from] psn
|faint|p1a: Trash Man
|-end|p1a: Trash Man|Protosynthesis|[silent]
|-damage|p2a: Glimmora|26/100 brn|[from] brn
|upkeep
|
|t:|1781584794
|switch|p1a: Look Both Ways|Ninetales, M|100/100
|-weather|SunnyDay|[from] ability: Drought|[of] p1a: Look Both Ways
|turn|14
|
|t:|1781584802
|switch|p2a: Raging Bolt|Raging Bolt|100/100
|-activate|p2a: Raging Bolt|ability: Protosynthesis
|-start|p2a: Raging Bolt|protosynthesisspa
|move|p1a: Look Both Ways|Encore||[still]
|-fail|p1a: Look Both Ways
|
|-weather|SunnyDay|[upkeep]
|upkeep
|turn|15
|
|t:|1781584815
|move|p1a: Look Both Ways|Overheat|p2a: Raging Bolt
|-resisted|p2a: Raging Bolt
|-damage|p2a: Raging Bolt|71/100
|-unboost|p1a: Look Both Ways|spa|2
|move|p2a: Raging Bolt|Thunderbolt|p1a: Look Both Ways
|-crit|p1a: Look Both Ways
|-damage|p1a: Look Both Ways|0 fnt
|faint|p1a: Look Both Ways
|
|-weather|SunnyDay|[upkeep]
|upkeep
|
|t:|1781584821
|switch|p1a: Tyranna Seesaur|Walking Wake|100/100
|-activate|p1a: Tyranna Seesaur|ability: Protosynthesis
|-start|p1a: Tyranna Seesaur|protosynthesisspe
|turn|16
|
|t:|1781584827
|move|p2a: Raging Bolt|Thunderclap|p1a: Tyranna Seesaur
|-damage|p1a: Tyranna Seesaur|39/100
|move|p1a: Tyranna Seesaur|Dragon Pulse|p2a: Raging Bolt
|-supereffective|p2a: Raging Bolt
|-damage|p2a: Raging Bolt|0 fnt
|faint|p2a: Raging Bolt
|-end|p2a: Raging Bolt|Protosynthesis|[silent]
|
|-weather|SunnyDay|[upkeep]
|upkeep
|
|t:|1781584831
|switch|p2a: 快龙一定要快|Dragonite, M|100/100
|turn|17
|
|t:|1781584841
|-end|p1a: Tyranna Seesaur|Protosynthesis|[silent]
|switch|p1a: Touch Me I’m Sick|Slither Wing|52/100
|-activate|p1a: Touch Me I’m Sick|ability: Protosynthesis
|-start|p1a: Touch Me I’m Sick|protosynthesisatk
|move|p2a: 快龙一定要快|Extreme Speed|p1a: Touch Me I’m Sick
|-damage|p1a: Touch Me I’m Sick|16/100
|-damage|p2a: 快龙一定要快|84/100|[from] item: Rocky Helmet|[of] p1a: Touch Me I’m Sick
|
|-weather|SunnyDay|[upkeep]
|upkeep
|turn|18
|
|t:|1781584849
|move|p2a: 快龙一定要快|Extreme Speed|p1a: Touch Me I’m Sick
|-damage|p1a: Touch Me I’m Sick|0 fnt
|-damage|p2a: 快龙一定要快|68/100|[from] item: Rocky Helmet|[of] p1a: Touch Me I’m Sick
|faint|p1a: Touch Me I’m Sick
|-end|p1a: Touch Me I’m Sick|Protosynthesis|[silent]
|
|-weather|SunnyDay|[upkeep]
|upkeep
|
|t:|1781584852
|switch|p1a: Tyranna Seesaur|Walking Wake|39/100
|-activate|p1a: Tyranna Seesaur|ability: Protosynthesis
|-start|p1a: Tyranna Seesaur|protosynthesisspe
|turn|19
|
|t:|1781584855
|move|p2a: 快龙一定要快|Extreme Speed|p1a: Tyranna Seesaur
|-damage|p1a: Tyranna Seesaur|0 fnt
|faint|p1a: Tyranna Seesaur
|-end|p1a: Tyranna Seesaur|Protosynthesis|[silent]
|
|win|dsekop
|raw|Pig Perfect's rating: 1636 &rarr; <strong>1626</strong><br />(-10 for losing)
|raw|dsekop's rating: 1820 &rarr; <strong>1830</strong><br />(+10 for winning)
|c|☆Pig Perfect|Gg
|c|☆dsekop|gg
|l|☆dsekop
|player|p2|
|c|☆Pig Perfect|Wp
|l|☆Pig Perfect
|player|p1|
