|j|☆stone xo
|j|☆pivotslophaxmaxxer
|t:|1781547437
|gametype|singles
|player|p1|stone xo|169|1612
|player|p2|pivotslophaxmaxxer|thorton|1694
|gen|9
|tier|[Gen 9] OU
|rated|
|rule|HP Percentage Mod: HP is shown in percentages
|rule|Endless Battle Clause: Forcing endless battles is banned
|rule|Species Clause: Limit one of each Pokémon
|rule|OHKO Clause: OHKO moves are banned
|rule|Evasion Items Clause: Evasion items are banned
|rule|Evasion Moves Clause: Evasion moves are banned
|rule|Evasion Abilities Clause: Evasion abilities are banned
|rule|Sleep Moves Clause: Sleep-inducing moves are banned
|clearpoke
|poke|p1|Grimmsnarl, M|
|poke|p1|Zamazenta-*|
|poke|p1|Iron Crown|
|poke|p1|Raging Bolt|
|poke|p1|Ogerpon-Wellspring, F|
|poke|p1|Glimmora, F|
|poke|p2|Ninetales-Alola, M|
|poke|p2|Tyranitar, M|
|poke|p2|Ogerpon-Wellspring, F|
|poke|p2|Hatterene, F|
|poke|p2|Gliscor, M|
|poke|p2|Iron Crown|
|teampreview
|inactive|Battle timer is ON: inactive players will automatically lose when time's up. (requested by stone xo)
|
|t:|1781547457
|teamsize|p1|6
|teamsize|p2|6
|start
|switch|p1a: Grimmsnarl|Grimmsnarl, M|100/100
|switch|p2a: Tyranitar|Tyranitar, M|100/100
|-weather|Sandstorm|[from] ability: Sand Stream|[of] p2a: Tyranitar
|turn|1
|
|t:|1781547467
|switch|p1a: Glimmora|Glimmora, F|100/100
|move|p2a: Tyranitar|Knock Off|p1a: Glimmora
|-damage|p1a: Glimmora|64/100
|-activate|p1a: Glimmora|ability: Toxic Debris
|-sidestart|p2: pivotslophaxmaxxer|move: Toxic Spikes
|-enditem|p1a: Glimmora|Red Card|[from] move: Knock Off|[of] p2a: Tyranitar
|
|-weather|Sandstorm|[upkeep]
|upkeep
|turn|2
|
|t:|1781547480
|move|p2a: Tyranitar|Dragon Dance|p2a: Tyranitar
|-boost|p2a: Tyranitar|atk|1
|-boost|p2a: Tyranitar|spe|1
|move|p1a: Glimmora|Mortal Spin|p2a: Tyranitar
|-resisted|p2a: Tyranitar
|-damage|p2a: Tyranitar|98/100
|-status|p2a: Tyranitar|psn
|
|-weather|Sandstorm|[upkeep]
|-heal|p2a: Tyranitar|100/100 psn|[from] item: Leftovers
|-damage|p2a: Tyranitar|88/100 psn|[from] psn
|upkeep
|turn|3
|
|t:|1781547489
|move|p2a: Tyranitar|Stone Edge|p1a: Glimmora
|-damage|p1a: Glimmora|8/100
|-activate|p1a: Glimmora|ability: Toxic Debris
|-sidestart|p2: pivotslophaxmaxxer|move: Toxic Spikes
|move|p1a: Glimmora|Stealth Rock|p2a: Tyranitar
|-sidestart|p2: pivotslophaxmaxxer|move: Stealth Rock
|
|-weather|Sandstorm|[upkeep]
|-heal|p2a: Tyranitar|94/100 psn|[from] item: Leftovers
|-damage|p2a: Tyranitar|82/100 psn|[from] psn
|upkeep
|turn|4
|
|t:|1781547508
|switch|p1a: Zamazenta|Zamazenta|100/100
|-ability|p1a: Zamazenta|Dauntless Shield|boost
|-boost|p1a: Zamazenta|def|1
|move|p2a: Tyranitar|Knock Off|p1a: Zamazenta
|-resisted|p1a: Zamazenta
|-damage|p1a: Zamazenta|80/100
|-enditem|p1a: Zamazenta|Leftovers|[from] move: Knock Off|[of] p2a: Tyranitar
|
|-weather|Sandstorm|[upkeep]
|-damage|p1a: Zamazenta|74/100|[from] Sandstorm
|-heal|p2a: Tyranitar|88/100 psn|[from] item: Leftovers
|-damage|p2a: Tyranitar|75/100 psn|[from] psn
|upkeep
|turn|5
|
|t:|1781547515
|switch|p2a: Gliscor|Gliscor, M|100/100
|-damage|p2a: Gliscor|88/100|[from] Stealth Rock
|move|p1a: Zamazenta|Body Press|p2a: Gliscor
|-resisted|p2a: Gliscor
|-damage|p2a: Gliscor|68/100
|
|-weather|none
|-status|p2a: Gliscor|tox|[from] item: Toxic Orb
|upkeep
|turn|6
|
|t:|1781547532
|move|p1a: Zamazenta|Substitute|p1a: Zamazenta
|-start|p1a: Zamazenta|Substitute
|-damage|p1a: Zamazenta|49/100
|move|p2a: Gliscor|Swords Dance|p2a: Gliscor
|-boost|p2a: Gliscor|atk|2
|
|-heal|p2a: Gliscor|81/100 tox|[from] ability: Poison Heal
|upkeep
|turn|7
|
|t:|1781547537
|move|p1a: Zamazenta|Iron Defense|p1a: Zamazenta
|-boost|p1a: Zamazenta|def|2
|move|p2a: Gliscor|Earthquake|p1a: Zamazenta
|-activate|p1a: Zamazenta|move: Substitute|[damage]
|
|-heal|p2a: Gliscor|93/100 tox|[from] ability: Poison Heal
|upkeep
|turn|8
|
|t:|1781547542
|move|p1a: Zamazenta|Iron Defense|p1a: Zamazenta
|-boost|p1a: Zamazenta|def|2
|move|p2a: Gliscor|Earthquake|p1a: Zamazenta
|-end|p1a: Zamazenta|Substitute
|
|-heal|p2a: Gliscor|100/100 tox|[from] ability: Poison Heal
|upkeep
|turn|9
|
|t:|1781547545
|move|p1a: Zamazenta|Substitute|p1a: Zamazenta
|-start|p1a: Zamazenta|Substitute
|-damage|p1a: Zamazenta|24/100
|move|p2a: Gliscor|Swords Dance|p2a: Gliscor
|-boost|p2a: Gliscor|atk|2
|
|upkeep
|turn|10
|
|t:|1781547550
|move|p1a: Zamazenta|Body Press|p2a: Gliscor
|-resisted|p2a: Gliscor
|-damage|p2a: Gliscor|52/100 tox
|move|p2a: Gliscor|Swords Dance|p2a: Gliscor
|-boost|p2a: Gliscor|atk|2
|
|-heal|p2a: Gliscor|64/100 tox|[from] ability: Poison Heal
|upkeep
|turn|11
|
|t:|1781547555
|switch|p2a: Hatterene|Hatterene, F|100/100
|-status|p2a: Hatterene|tox
|-damage|p2a: Hatterene|88/100 tox|[from] Stealth Rock
|move|p1a: Zamazenta|Body Press|p2a: Hatterene
|-resisted|p2a: Hatterene
|-damage|p2a: Hatterene|65/100 tox
|
|-heal|p2a: Hatterene|71/100 tox|[from] item: Leftovers
|-damage|p2a: Hatterene|65/100 tox|[from] psn
|upkeep
|turn|12
|
|t:|1781547561
|move|p1a: Zamazenta|Body Press|p2a: Hatterene
|-resisted|p2a: Hatterene
|-damage|p2a: Hatterene|40/100 tox
|move|p2a: Hatterene|Psychic Noise|p1a: Zamazenta
|-supereffective|p1a: Zamazenta
|-damage|p1a: Zamazenta|0 fnt
|faint|p1a: Zamazenta
|
|-heal|p2a: Hatterene|46/100 tox|[from] item: Leftovers
|-damage|p2a: Hatterene|34/100 tox|[from] psn
|upkeep
|
|t:|1781547578
|switch|p1a: Ogerpon|Ogerpon-Wellspring, F|100/100
|turn|13
|
|t:|1781547582
|move|p1a: Ogerpon|Ivy Cudgel|p2a: Hatterene|[anim] Ivy Cudgel Water
|-damage|p2a: Hatterene|0 fnt
|faint|p2a: Hatterene
|
|upkeep
|
|t:|1781547589
|switch|p2a: Ninetales|Ninetales-Alola, M|100/100
|-status|p2a: Ninetales|tox
|-damage|p2a: Ninetales|76/100 tox|[from] Stealth Rock
|-weather|Snowscape|[from] ability: Snow Warning|[of] p2a: Ninetales
|turn|14
|
|t:|1781547601
|switch|p1a: Glimmora|Glimmora, F|8/100
|move|p2a: Ninetales|Aurora Veil|p2a: Ninetales
|-sidestart|p2: pivotslophaxmaxxer|move: Aurora Veil
|
|-weather|Snowscape|[upkeep]
|-damage|p2a: Ninetales|70/100 tox|[from] psn
|upkeep
|turn|15
|
|t:|1781547608
|move|p2a: Ninetales|Freeze-Dry|p1a: Glimmora
|-damage|p1a: Glimmora|0 fnt
|faint|p1a: Glimmora
|
|-weather|Snowscape|[upkeep]
|-damage|p2a: Ninetales|58/100 tox|[from] psn
|upkeep
|
|t:|1781547627
|switch|p1a: Grimmsnarl|Grimmsnarl, M|100/100
|turn|16
|
|t:|1781547633
|move|p1a: Grimmsnarl|Light Screen|p1a: Grimmsnarl
|-sidestart|p1: stone xo|move: Light Screen
|move|p2a: Ninetales|Encore|p1a: Grimmsnarl
|-start|p1a: Grimmsnarl|Encore
|
|-weather|Snowscape|[upkeep]
|-damage|p2a: Ninetales|40/100 tox|[from] psn
|upkeep
|turn|17
|
|t:|1781547641
|switch|p2a: Gliscor|Gliscor, M|64/100 tox
|-damage|p2a: Gliscor|52/100 tox|[from] Stealth Rock
|switch|p1a: Ogerpon|Ogerpon-Wellspring, F|100/100
|
|-weather|Snowscape|[upkeep]
|-heal|p2a: Gliscor|64/100 tox|[from] ability: Poison Heal
|upkeep
|turn|18
|
|t:|1781547648
|switch|p2a: Ogerpon|Ogerpon-Wellspring, F|100/100
|-status|p2a: Ogerpon|tox
|-damage|p2a: Ogerpon|88/100 tox|[from] Stealth Rock
|move|p1a: Ogerpon|Power Whip|p2a: Ogerpon
|-damage|p2a: Ogerpon|41/100 tox
|
|-weather|none
|-damage|p2a: Ogerpon|35/100 tox|[from] psn
|upkeep
|turn|19
|
|t:|1781547657
|move|p2a: Ogerpon|Horn Leech|p1a: Ogerpon
|-damage|p1a: Ogerpon|37/100
|-heal|p2a: Ogerpon|66/100 tox|[from] drain|[of] p1a: Ogerpon
|move|p1a: Ogerpon|Power Whip|p2a: Ogerpon
|-crit|p2a: Ogerpon
|-damage|p2a: Ogerpon|0 fnt
|faint|p2a: Ogerpon
|
|upkeep
|
|t:|1781547667
|switch|p2a: Iron Crown|Iron Crown|100/100
|-damage|p2a: Iron Crown|94/100|[from] Stealth Rock
|-enditem|p2a: Iron Crown|Booster Energy
|-activate|p2a: Iron Crown|ability: Quark Drive|[fromitem]
|-start|p2a: Iron Crown|quarkdrivespe
|turn|20
|
|t:|1781547673
|switch|p1a: Grimmsnarl|Grimmsnarl, M|100/100
|move|p2a: Iron Crown|Calm Mind|p2a: Iron Crown
|-boost|p2a: Iron Crown|spa|1
|-boost|p2a: Iron Crown|spd|1
|
|upkeep
|turn|21
|
|t:|1781547678
|move|p1a: Grimmsnarl|Taunt|p2a: Iron Crown
|-start|p2a: Iron Crown|move: Taunt
|cant|p2a: Iron Crown|move: Taunt|Calm Mind
|
|-sideend|p2: pivotslophaxmaxxer|move: Aurora Veil
|upkeep
|turn|22
|
|t:|1781547681
|move|p1a: Grimmsnarl|Parting Shot|p2a: Iron Crown
|-unboost|p2a: Iron Crown|atk|1
|-unboost|p2a: Iron Crown|spa|1
|
|t:|1781547684
|switch|p1a: Iron Crown|Iron Crown|100/100|[from] Parting Shot
|-enditem|p1a: Iron Crown|Booster Energy
|-activate|p1a: Iron Crown|ability: Quark Drive|[fromitem]
|-start|p1a: Iron Crown|quarkdrivespe
|move|p2a: Iron Crown|Tachyon Cutter|p1a: Iron Crown
|-resisted|p1a: Iron Crown
|-damage|p1a: Iron Crown|96/100
|-resisted|p1a: Iron Crown
|-damage|p1a: Iron Crown|90/100
|-hitcount|p1a: Iron Crown|2
|
|upkeep
|turn|23
|
|t:|1781547690
|-end|p2a: Iron Crown|Quark Drive|[silent]
|switch|p2a: Tyranitar|Tyranitar, M|75/100 psn
|-damage|p2a: Tyranitar|63/100 psn|[from] Stealth Rock
|-weather|Sandstorm|[from] ability: Sand Stream|[of] p2a: Tyranitar
|move|p1a: Iron Crown|Calm Mind|p1a: Iron Crown
|-boost|p1a: Iron Crown|spa|1
|-boost|p1a: Iron Crown|spd|1
|
|-weather|Sandstorm|[upkeep]
|-heal|p2a: Tyranitar|69/100 psn|[from] item: Leftovers
|-damage|p2a: Tyranitar|57/100 psn|[from] psn
|-sideend|p1: stone xo|move: Light Screen
|upkeep
|turn|24
|
|t:|1781547697
|-terastallize|p1a: Iron Crown|Fighting
|move|p1a: Iron Crown|Iron Defense|p1a: Iron Crown
|-boost|p1a: Iron Crown|def|2
|move|p2a: Tyranitar|Knock Off|p1a: Iron Crown
|-resisted|p1a: Iron Crown
|-damage|p1a: Iron Crown|82/100
|
|-weather|Sandstorm|[upkeep]
|-damage|p1a: Iron Crown|76/100|[from] Sandstorm
|-heal|p2a: Tyranitar|63/100 psn|[from] item: Leftovers
|-damage|p2a: Tyranitar|50/100 psn|[from] psn
|upkeep
|turn|25
|-message|pivotslophaxmaxxer forfeited.
|
|win|stone xo
|raw|stone xo's rating: 1612 &rarr; <strong>1637</strong><br />(+25 for winning)
|raw|pivotslophaxmaxxer's rating: 1694 &rarr; <strong>1669</strong><br />(-25 for losing)
|l|☆pivotslophaxmaxxer
|player|p2|
|l|☆stone xo
|player|p1|
