|j|☆lord shiddenfards
|j|☆Johnny tots
|t:|1781197608
|gametype|singles
|player|p1|lord shiddenfards|blaine|1733
|player|p2|Johnny tots|170|1793
|gen|9
|tier|[Gen 9] OU
|rated|
|rule|HP Percentage Mod: HP is shown in percentages
|rule|Endless Battle Clause: Forcing endless battles is banned
|rule|Species Clause: Limit one of each Pokémon
|rule|OHKO Clause: OHKO moves are banned
|rule|Evasion Items Clause: Evasion items are banned
|rule|Evasion Moves Clause: Evasion moves are banned
|rule|Evasion Abilities Clause: Evasion abilities are banned
|rule|Sleep Moves Clause: Sleep-inducing moves are banned
|clearpoke
|poke|p1|Ninetales, F|
|poke|p1|Great Tusk|
|poke|p1|Slither Wing|
|poke|p1|Alomomola, M|
|poke|p1|Iron Moth|
|poke|p1|Raging Bolt|
|poke|p2|Rillaboom, M|
|poke|p2|Klefki, M|
|poke|p2|Manaphy|
|poke|p2|Ogerpon-Wellspring, F|
|poke|p2|Pecharunt|
|poke|p2|Clefable, F|
|teampreview
|inactive|Battle timer is ON: inactive players will automatically lose when time's up. (requested by Johnny tots)
|
|t:|1781197617
|teamsize|p1|6
|teamsize|p2|6
|start
|switch|p1a: Ninetales|Ninetales, F|100/100
|switch|p2a: Klefki|Klefki, M|100/100
|-weather|SunnyDay|[from] ability: Drought|[of] p1a: Ninetales
|turn|1
|j| Puyu paz
|inactive|Johnny tots has 120 seconds left.
|l|☆Johnny tots
|inactive|Johnny tots disconnected and has a minute to reconnect!
|player|p2|
|j|☆Johnny tots
|inactive|Johnny tots reconnected and has 105 seconds left.
|player|p2|Johnny tots|170|
|
|t:|1781197666
|move|p2a: Klefki|Thunder Wave|p1a: Ninetales
|-status|p1a: Ninetales|par
|move|p1a: Ninetales|Overheat|p2a: Klefki
|-supereffective|p2a: Klefki
|-damage|p2a: Klefki|0 fnt
|-unboost|p1a: Ninetales|spa|2
|faint|p2a: Klefki
|
|-weather|SunnyDay|[upkeep]
|upkeep
|
|t:|1781197676
|switch|p2a: Rillaboom|Rillaboom, M|100/100
|-fieldstart|move: Grassy Terrain|[from] ability: Grassy Surge|[of] p2a: Rillaboom
|turn|2
|
|t:|1781197682
|switch|p1a: Raging Bolt|Raging Bolt|100/100
|-activate|p1a: Raging Bolt|ability: Protosynthesis
|-start|p1a: Raging Bolt|protosynthesisspa
|move|p2a: Rillaboom|High Horsepower|p1a: Raging Bolt
|-supereffective|p1a: Raging Bolt
|-damage|p1a: Raging Bolt|45/100
|
|-weather|SunnyDay|[upkeep]
|-heal|p1a: Raging Bolt|51/100|[from] Grassy Terrain
|upkeep
|turn|3
|inactive|Johnny tots has 120 seconds left.
|
|t:|1781197689
|move|p2a: Rillaboom|High Horsepower|p1a: Raging Bolt
|-supereffective|p1a: Raging Bolt
|-damage|p1a: Raging Bolt|0 fnt
|faint|p1a: Raging Bolt
|-end|p1a: Raging Bolt|Protosynthesis|[silent]
|
|-weather|SunnyDay|[upkeep]
|upkeep
|
|t:|1781197693
|switch|p1a: Slither Wing|Slither Wing|100/100
|-activate|p1a: Slither Wing|ability: Protosynthesis
|-start|p1a: Slither Wing|protosynthesisatk
|turn|4
|
|t:|1781197698
|move|p1a: Slither Wing|U-turn|p2a: Rillaboom
|-supereffective|p2a: Rillaboom
|-damage|p2a: Rillaboom|0 fnt
|faint|p2a: Rillaboom
|
|t:|1781197712
|-end|p1a: Slither Wing|Protosynthesis|[silent]
|switch|p1a: Great Tusk|Great Tusk|100/100|[from] U-turn
|-activate|p1a: Great Tusk|ability: Protosynthesis
|-start|p1a: Great Tusk|protosynthesisspe
|
|-weather|SunnyDay|[upkeep]
|upkeep
|
|t:|1781197721
|switch|p2a: Pecharunt|Pecharunt|100/100
|turn|5
|
|t:|1781197736
|move|p1a: Great Tusk|Headlong Rush|p2a: Pecharunt
|-supereffective|p2a: Pecharunt
|-damage|p2a: Pecharunt|34/100
|-unboost|p1a: Great Tusk|def|1
|-unboost|p1a: Great Tusk|spd|1
|move|p2a: Pecharunt|Malignant Chain|p1a: Great Tusk
|-resisted|p1a: Great Tusk
|-damage|p1a: Great Tusk|64/100
|
|-weather|none
|-end|p1a: Great Tusk|Protosynthesis
|-heal|p1a: Great Tusk|70/100|[from] Grassy Terrain
|-heal|p2a: Pecharunt|40/100|[from] Grassy Terrain
|-heal|p2a: Pecharunt|46/100|[from] item: Leftovers
|upkeep
|turn|6
|
|t:|1781197748
|switch|p2a: Ogerpon|Ogerpon-Wellspring, F|100/100
|move|p1a: Great Tusk|Headlong Rush|p2a: Ogerpon
|-resisted|p2a: Ogerpon
|-damage|p2a: Ogerpon|69/100
|-unboost|p1a: Great Tusk|def|1
|-unboost|p1a: Great Tusk|spd|1
|
|-heal|p2a: Ogerpon|75/100|[from] Grassy Terrain
|-heal|p1a: Great Tusk|76/100|[from] Grassy Terrain
|upkeep
|turn|7
|
|t:|1781197752
|-end|p1a: Great Tusk|Protosynthesis|[silent]
|switch|p1a: Alomomola|Alomomola, M|100/100
|move|p2a: Ogerpon|Swords Dance|p2a: Ogerpon
|-boost|p2a: Ogerpon|atk|2
|
|-heal|p2a: Ogerpon|81/100|[from] Grassy Terrain
|upkeep
|turn|8
|
|t:|1781197757
|move|p2a: Ogerpon|Power Whip|p1a: Alomomola
|-supereffective|p1a: Alomomola
|-damage|p1a: Alomomola|0 fnt
|faint|p1a: Alomomola
|
|-heal|p2a: Ogerpon|87/100|[from] Grassy Terrain
|upkeep
|
|t:|1781197761
|switch|p1a: Ninetales|Ninetales, F|100/100 par
|-weather|SunnyDay|[from] ability: Drought|[of] p1a: Ninetales
|turn|9
|
|t:|1781197769
|move|p2a: Ogerpon|Ivy Cudgel|p1a: Ninetales|[anim] Ivy Cudgel Water
|-supereffective|p1a: Ninetales
|-crit|p1a: Ninetales
|-damage|p1a: Ninetales|0 fnt
|faint|p1a: Ninetales
|
|-weather|SunnyDay|[upkeep]
|-heal|p2a: Ogerpon|93/100|[from] Grassy Terrain
|-fieldend|move: Grassy Terrain
|upkeep
|
|t:|1781197772
|switch|p1a: Slither Wing|Slither Wing|100/100
|-activate|p1a: Slither Wing|ability: Protosynthesis
|-start|p1a: Slither Wing|protosynthesisatk
|turn|10
|
|t:|1781197778
|move|p1a: Slither Wing|First Impression|p2a: Ogerpon
|-supereffective|p2a: Ogerpon
|-damage|p2a: Ogerpon|0 fnt
|faint|p2a: Ogerpon
|
|-weather|SunnyDay|[upkeep]
|upkeep
|
|t:|1781197783
|switch|p2a: Clefable|Clefable, F|100/100
|turn|11
|
|t:|1781197795
|-end|p1a: Slither Wing|Protosynthesis|[silent]
|switch|p1a: Iron Moth|Iron Moth|100/100
|-enditem|p1a: Iron Moth|Booster Energy
|-activate|p1a: Iron Moth|ability: Quark Drive|[fromitem]
|-start|p1a: Iron Moth|quarkdrivespe
|move|p2a: Clefable|Calm Mind|p2a: Clefable
|-boost|p2a: Clefable|spa|1
|-boost|p2a: Clefable|spd|1
|
|-weather|SunnyDay|[upkeep]
|upkeep
|turn|12
|
|t:|1781197799
|move|p1a: Iron Moth|Fiery Dance|p2a: Clefable
|-damage|p2a: Clefable|63/100
|move|p2a: Clefable|Psyshock|p1a: Iron Moth
|-supereffective|p1a: Iron Moth
|-damage|p1a: Iron Moth|0 fnt
|faint|p1a: Iron Moth
|-end|p1a: Iron Moth|Quark Drive|[silent]
|
|-weather|SunnyDay|[upkeep]
|-heal|p2a: Clefable|69/100|[from] item: Leftovers
|upkeep
|
|t:|1781197805
|switch|p1a: Great Tusk|Great Tusk|76/100
|-activate|p1a: Great Tusk|ability: Protosynthesis
|-start|p1a: Great Tusk|protosynthesisspe
|turn|13
|
|t:|1781197808
|move|p1a: Great Tusk|Headlong Rush|p2a: Clefable
|-damage|p2a: Clefable|17/100
|-unboost|p1a: Great Tusk|def|1
|-unboost|p1a: Great Tusk|spd|1
|move|p2a: Clefable|Moonblast|p1a: Great Tusk
|-supereffective|p1a: Great Tusk
|-damage|p1a: Great Tusk|0 fnt
|faint|p1a: Great Tusk
|-end|p1a: Great Tusk|Protosynthesis|[silent]
|
|-weather|none
|-heal|p2a: Clefable|23/100|[from] item: Leftovers
|upkeep
|
|t:|1781197811
|switch|p1a: Slither Wing|Slither Wing|100/100
|turn|14
|
|t:|1781197813
|move|p1a: Slither Wing|Earthquake|p2a: Clefable
|-damage|p2a: Clefable|0 fnt
|faint|p2a: Clefable
|
|upkeep
|
|t:|1781197818
|switch|p2a: Manaphy|Manaphy|100/100
|turn|15
|
|t:|1781197821
|move|p1a: Slither Wing|Earthquake|p2a: Manaphy
|-damage|p2a: Manaphy|52/100
|move|p2a: Manaphy|Acid Armor|p2a: Manaphy
|-boost|p2a: Manaphy|def|2
|
|-heal|p2a: Manaphy|58/100|[from] item: Leftovers
|upkeep
|turn|16
|
|t:|1781197827
|-terastallize|p2a: Manaphy|Grass
|move|p1a: Slither Wing|Earthquake|p2a: Manaphy
|-resisted|p2a: Manaphy
|-damage|p2a: Manaphy|46/100
|move|p2a: Manaphy|Scald|p1a: Slither Wing
|-damage|p1a: Slither Wing|60/100
|-status|p1a: Slither Wing|brn
|
|-heal|p2a: Manaphy|52/100|[from] item: Leftovers
|-damage|p1a: Slither Wing|54/100 brn|[from] brn
|upkeep
|turn|17
|
|t:|1781197831
|move|p1a: Slither Wing|Earthquake|p2a: Manaphy
|-resisted|p2a: Manaphy
|-damage|p2a: Manaphy|45/100
|move|p2a: Manaphy|Scald|p1a: Slither Wing
|-damage|p1a: Slither Wing|11/100 brn
|
|-heal|p2a: Manaphy|51/100|[from] item: Leftovers
|-damage|p1a: Slither Wing|5/100 brn|[from] brn
|upkeep
|turn|18
|-message|lord shiddenfards forfeited.
|
|win|Johnny tots
|raw|lord shiddenfards's rating: 1733 &rarr; <strong>1716</strong><br />(-17 for losing)
|raw|Johnny tots's rating: 1793 &rarr; <strong>1810</strong><br />(+17 for winning)
|l|☆lord shiddenfards
|player|p1|
|l| Puyu paz
|l|☆Johnny tots
|player|p2|
