|j|☆cachowcapow
|j|☆quolius
|t:|1781079086
|gametype|singles
|player|p1|cachowcapow|265|1649
|player|p2|quolius|1|1598
|gen|9
|tier|[Gen 9] OU
|rated|
|rule|HP Percentage Mod: HP is shown in percentages
|rule|Endless Battle Clause: Forcing endless battles is banned
|rule|Species Clause: Limit one of each Pokémon
|rule|OHKO Clause: OHKO moves are banned
|rule|Evasion Items Clause: Evasion items are banned
|rule|Evasion Moves Clause: Evasion moves are banned
|rule|Evasion Abilities Clause: Evasion abilities are banned
|rule|Sleep Moves Clause: Sleep-inducing moves are banned
|clearpoke
|poke|p1|Primarina, F|
|poke|p1|Slither Wing|
|poke|p1|Slowking-Galar, M|
|poke|p1|Great Tusk|
|poke|p1|Meowscarada, F|
|poke|p1|Gardevoir, M|
|poke|p2|Darkrai|
|poke|p2|Great Tusk|
|poke|p2|Samurott-Hisui, F|
|poke|p2|Iron Moth|
|poke|p2|Gholdengo|
|poke|p2|Ogerpon, F|
|teampreview
|inactive|Battle timer is ON: inactive players will automatically lose when time's up. (requested by quolius)
|
|t:|1781079102
|teamsize|p1|6
|teamsize|p2|6
|start
|switch|p1a: Slither Wing|Slither Wing|100/100
|switch|p2a: Ogerpon|Ogerpon, F|100/100
|turn|1
|l|☆quolius
|inactive|quolius disconnected and has a minute to reconnect!
|player|p2|
|
|t:|1781079121
|switch|p2a: Great Tusk|Great Tusk|100/100
|move|p1a: Slither Wing|U-turn|p2a: Great Tusk
|-resisted|p2a: Great Tusk
|-damage|p2a: Great Tusk|91/100
|-damage|p1a: Slither Wing|84/100|[from] item: Rocky Helmet|[of] p2a: Great Tusk
|
|t:|1781079124
|-end|p1a: Slither Wing|Protosynthesis|[silent]
|switch|p1a: Gardevoir|Gardevoir, M, shiny|100/100|[from] U-turn
|
|upkeep
|turn|2
|j|☆quolius
|inactive|quolius reconnected and has 145 seconds left.
|player|p2|quolius|1|
|l|☆quolius
|inactive|quolius disconnected and has a minute to reconnect!
|player|p2|
|j|☆quolius
|inactive|quolius reconnected and has 120 seconds left.
|player|p2|quolius|1|
|
|t:|1781079160
|-end|p2a: Great Tusk|Protosynthesis|[silent]
|switch|p2a: Iron Moth|Iron Moth|100/100
|-enditem|p2a: Iron Moth|Booster Energy
|-activate|p2a: Iron Moth|ability: Quark Drive|[fromitem]
|-start|p2a: Iron Moth|quarkdrivespe
|move|p1a: Gardevoir|Shadow Ball|p2a: Iron Moth
|-damage|p2a: Iron Moth|60/100
|
|upkeep
|turn|3
|inactive|quolius has 120 seconds left.
|inactive|cachowcapow has 120 seconds left.
|
|t:|1781079194
|switch|p1a: Slowking|Slowking-Galar, M|100/100
|move|p2a: Iron Moth|Fiery Dance|p1a: Slowking
|-damage|p1a: Slowking|76/100
|
|upkeep
|turn|4
|inactive|quolius has 120 seconds left.
|l|☆quolius
|inactive|quolius disconnected and has a minute to reconnect!
|player|p2|
|inactive|quolius has 30 seconds to reconnect!
|j|☆quolius
|inactive|quolius reconnected and has 70 seconds left.
|player|p2|quolius|1|
|
|t:|1781079260
|move|p2a: Iron Moth|Toxic Spikes|p1a: Slowking
|-sidestart|p1: cachowcapow|move: Toxic Spikes
|move|p1a: Slowking|Sludge Bomb|p2a: Iron Moth
|-resisted|p2a: Iron Moth
|-damage|p2a: Iron Moth|44/100
|
|upkeep
|turn|5
|
|t:|1781079271
|move|p2a: Iron Moth|Fiery Dance|p1a: Slowking
|-damage|p1a: Slowking|53/100
|-boost|p2a: Iron Moth|spa|1
|move|p1a: Slowking|Thunder Wave|p2a: Iron Moth
|-status|p2a: Iron Moth|par
|
|upkeep
|turn|6
|
|t:|1781079275
|move|p2a: Iron Moth|Fiery Dance|p1a: Slowking
|-damage|p1a: Slowking|19/100
|-prepare|p1a: Slowking|Chilly Reception|[premajor]
|move|p1a: Slowking|Chilly Reception|p1a: Slowking
|-weather|Snowscape
|
|t:|1781079281
|switch|p1a: Great Tusk|Great Tusk|100/100|[from] Chilly Reception
|
|-weather|Snowscape|[upkeep]
|upkeep
|turn|7
|
|t:|1781079285
|move|p1a: Great Tusk|Headlong Rush|p2a: Iron Moth
|-supereffective|p2a: Iron Moth
|-damage|p2a: Iron Moth|0 fnt
|-unboost|p1a: Great Tusk|def|1
|-unboost|p1a: Great Tusk|spd|1
|faint|p2a: Iron Moth
|-end|p2a: Iron Moth|Quark Drive|[silent]
|
|-weather|Snowscape|[upkeep]
|upkeep
|
|t:|1781079298
|switch|p2a: Samurott|Samurott-Hisui, F|100/100
|turn|8
|j| ILoveGardevoirRah
|
|t:|1781079317
|move|p2a: Samurott|Razor Shell|p1a: Great Tusk
|-supereffective|p1a: Great Tusk
|-damage|p1a: Great Tusk|0 fnt
|faint|p1a: Great Tusk
|-end|p1a: Great Tusk|Protosynthesis|[silent]
|
|-weather|Snowscape|[upkeep]
|upkeep
|
|t:|1781079320
|switch|p1a: Slowking|Slowking-Galar, M|52/100
|-sideend|p1: cachowcapow|move: Toxic Spikes|[of] p1a: Slowking
|turn|9
|
|t:|1781079323
|switch|p1a: Primarina|Primarina, F, shiny|100/100
|move|p2a: Samurott|Razor Shell|p1a: Primarina
|-resisted|p1a: Primarina
|-damage|p1a: Primarina|76/100
|
|-weather|Snowscape|[upkeep]
|-heal|p1a: Primarina|82/100|[from] item: Leftovers
|upkeep
|turn|10
|
|t:|1781079328
|switch|p2a: Ogerpon|Ogerpon, F|100/100
|switch|p1a: Meowscarada|Meowscarada, F|100/100
|
|-weather|none
|upkeep
|turn|11
|
|t:|1781079343
|switch|p2a: Great Tusk|Great Tusk|91/100
|move|p1a: Meowscarada|U-turn|p2a: Great Tusk
|-start|p1a: Meowscarada|typechange|Bug|[from] ability: Protean
|-resisted|p2a: Great Tusk
|-damage|p2a: Great Tusk|80/100
|-damage|p1a: Meowscarada|84/100|[from] item: Rocky Helmet|[of] p2a: Great Tusk
|
|t:|1781079349
|switch|p1a: Primarina|Primarina, F, shiny|82/100|[from] U-turn
|
|-heal|p1a: Primarina|88/100|[from] item: Leftovers
|upkeep
|turn|12
|
|t:|1781079357
|-end|p2a: Great Tusk|Protosynthesis|[silent]
|switch|p2a: Gholdengo|Gholdengo|100/100
|-item|p2a: Gholdengo|Air Balloon
|move|p1a: Primarina|Draining Kiss|p2a: Gholdengo
|-resisted|p2a: Gholdengo
|-damage|p2a: Gholdengo|90/100
|-heal|p1a: Primarina|96/100|[from] drain|[of] p2a: Gholdengo
|-enditem|p2a: Gholdengo|Air Balloon
|
|-heal|p1a: Primarina|100/100|[from] item: Leftovers
|upkeep
|turn|13
|
|t:|1781079363
|move|p2a: Gholdengo|Make It Rain|p1a: Primarina
|-damage|p1a: Primarina|55/100
|-unboost|p2a: Gholdengo|spa|1
|move|p1a: Primarina|Psychic Noise|p2a: Gholdengo
|-damage|p2a: Gholdengo|61/100
|-start|p2a: Gholdengo|move: Heal Block
|
|-heal|p1a: Primarina|61/100|[from] item: Leftovers
|upkeep
|turn|14
|
|t:|1781079370
|move|p2a: Gholdengo|Make It Rain|p1a: Primarina
|-damage|p1a: Primarina|31/100
|-unboost|p2a: Gholdengo|spa|1
|move|p1a: Primarina|Calm Mind|p1a: Primarina
|-boost|p1a: Primarina|spa|1
|-boost|p1a: Primarina|spd|1
|
|-heal|p1a: Primarina|37/100|[from] item: Leftovers
|-end|p2a: Gholdengo|move: Heal Block
|upkeep
|turn|15
|
|t:|1781079379
|move|p2a: Gholdengo|Nasty Plot|p2a: Gholdengo
|-boost|p2a: Gholdengo|spa|2
|move|p1a: Primarina|Psychic Noise|p2a: Gholdengo
|-damage|p2a: Gholdengo|12/100
|-start|p2a: Gholdengo|move: Heal Block
|
|-heal|p1a: Primarina|43/100|[from] item: Leftovers
|upkeep
|turn|16
|
|t:|1781079385
|switch|p1a: Slowking|Slowking-Galar, M|85/100
|move|p2a: Gholdengo|Make It Rain|p1a: Slowking
|-damage|p1a: Slowking|56/100
|-unboost|p2a: Gholdengo|spa|1
|
|-end|p2a: Gholdengo|move: Heal Block
|upkeep
|turn|17
|
|t:|1781079391
|move|p2a: Gholdengo|Recover|p2a: Gholdengo
|-heal|p2a: Gholdengo|62/100
|-prepare|p1a: Slowking|Chilly Reception|[premajor]
|move|p1a: Slowking|Chilly Reception|p1a: Slowking
|-weather|Snowscape
|
|t:|1781079393
|switch|p1a: Meowscarada|Meowscarada, F|84/100|[from] Chilly Reception
|
|-weather|Snowscape|[upkeep]
|upkeep
|turn|18
|
|t:|1781079405
|move|p1a: Meowscarada|Flower Trick|p2a: Gholdengo
|-start|p1a: Meowscarada|typechange|Grass|[from] ability: Protean
|-resisted|p2a: Gholdengo
|-crit|p2a: Gholdengo
|-damage|p2a: Gholdengo|44/100
|move|p2a: Gholdengo|Recover|p2a: Gholdengo
|-heal|p2a: Gholdengo|94/100
|
|-weather|Snowscape|[upkeep]
|upkeep
|turn|19
|
|t:|1781079412
|switch|p1a: Gardevoir|Gardevoir, M, shiny|100/100
|-ability|p1a: Gardevoir|Good as Gold|Trace|[from] ability: Trace|[of] p2a: Gholdengo
|move|p2a: Gholdengo|Nasty Plot|p2a: Gholdengo
|-boost|p2a: Gholdengo|spa|2
|
|-weather|Snowscape|[upkeep]
|upkeep
|turn|20
|
|t:|1781079418
|switch|p2a: Samurott|Samurott-Hisui, F|100/100
|move|p1a: Gardevoir|Shadow Ball|p2a: Samurott
|-resisted|p2a: Samurott
|-damage|p2a: Samurott|67/100
|
|-weather|Snowscape|[upkeep]
|upkeep
|turn|21
|
|t:|1781079422
|switch|p1a: Slither Wing|Slither Wing|84/100
|move|p2a: Samurott|Ceaseless Edge|p1a: Slither Wing
|-resisted|p1a: Slither Wing
|-damage|p1a: Slither Wing|68/100
|-damage|p2a: Samurott|51/100|[from] item: Rocky Helmet|[of] p1a: Slither Wing
|-sidestart|p1: cachowcapow|Spikes
|
|-weather|none
|upkeep
|turn|22
|
|t:|1781079429
|switch|p2a: Great Tusk|Great Tusk|80/100
|move|p1a: Slither Wing|U-turn|p2a: Great Tusk
|-resisted|p2a: Great Tusk
|-damage|p2a: Great Tusk|71/100
|-damage|p1a: Slither Wing|51/100|[from] item: Rocky Helmet|[of] p2a: Great Tusk
|
|t:|1781079437
|-end|p1a: Slither Wing|Protosynthesis|[silent]
|switch|p1a: Gardevoir|Gardevoir, M, shiny|100/100|[from] U-turn
|-damage|p1a: Gardevoir|88/100|[from] Spikes
|
|upkeep
|turn|23
|
|t:|1781079443
|-end|p2a: Great Tusk|Protosynthesis|[silent]
|switch|p2a: Gholdengo|Gholdengo|94/100
|-ability|p1a: Gardevoir|Good as Gold|Trace|[from] ability: Trace|[of] p2a: Gholdengo
|move|p1a: Gardevoir|Moonblast|p2a: Gholdengo
|-resisted|p2a: Gholdengo
|-damage|p2a: Gholdengo|57/100
|
|upkeep
|turn|24
|
|t:|1781079448
|-terastallize|p1a: Gardevoir|Fairy
|move|p1a: Gardevoir|Moonblast|p2a: Gholdengo
|-resisted|p2a: Gholdengo
|-damage|p2a: Gholdengo|4/100
|move|p2a: Gholdengo|Recover|p2a: Gholdengo
|-heal|p2a: Gholdengo|54/100
|
|upkeep
|turn|25
|
|t:|1781079458
|move|p1a: Gardevoir|Moonblast|p2a: Gholdengo
|-resisted|p2a: Gholdengo
|-damage|p2a: Gholdengo|1/100
|move|p2a: Gholdengo|Make It Rain|p1a: Gardevoir
|-supereffective|p1a: Gardevoir
|-damage|p1a: Gardevoir|0 fnt
|-unboost|p2a: Gholdengo|spa|1
|faint|p1a: Gardevoir
|
|upkeep
|
|t:|1781079465
|switch|p1a: Meowscarada|Meowscarada, F|84/100
|-damage|p1a: Meowscarada|72/100|[from] Spikes
|turn|26
|
|t:|1781079476
|switch|p2a: Samurott|Samurott-Hisui, F|51/100
|move|p1a: Meowscarada|Flower Trick|p2a: Samurott
|-start|p1a: Meowscarada|typechange|Grass|[from] ability: Protean
|-supereffective|p2a: Samurott
|-crit|p2a: Samurott
|-damage|p2a: Samurott|0 fnt
|faint|p2a: Samurott
|
|upkeep
|
|t:|1781079479
|switch|p2a: Ogerpon|Ogerpon, F|100/100
|turn|27
|
|t:|1781079482
|switch|p1a: Slither Wing|Slither Wing|51/100
|-damage|p1a: Slither Wing|39/100|[from] Spikes
|move|p2a: Ogerpon|U-turn|p1a: Slither Wing
|-resisted|p1a: Slither Wing
|-damage|p1a: Slither Wing|27/100
|-damage|p2a: Ogerpon|84/100|[from] item: Rocky Helmet|[of] p1a: Slither Wing
|
|t:|1781079486
|switch|p2a: Great Tusk|Great Tusk|71/100|[from] U-turn
|
|upkeep
|turn|28
|
|t:|1781079489
|move|p2a: Great Tusk|Stealth Rock|p1a: Slither Wing
|-sidestart|p1: cachowcapow|move: Stealth Rock
|move|p1a: Slither Wing|Morning Sun|p1a: Slither Wing
|-heal|p1a: Slither Wing|77/100
|
|upkeep
|turn|29
|
|t:|1781079498
|-end|p2a: Great Tusk|Protosynthesis|[silent]
|switch|p2a: Gholdengo|Gholdengo|1/100
|move|p1a: Slither Wing|Will-O-Wisp|p2a: Gholdengo
|-immune|p2a: Gholdengo|[from] ability: Good as Gold
|
|upkeep
|turn|30
|
|t:|1781079501
|move|p2a: Gholdengo|Recover|p2a: Gholdengo
|-heal|p2a: Gholdengo|51/100
|move|p1a: Slither Wing|U-turn|p2a: Gholdengo
|-resisted|p2a: Gholdengo
|-damage|p2a: Gholdengo|46/100
|
|t:|1781079504
|-end|p1a: Slither Wing|Protosynthesis|[silent]
|switch|p1a: Meowscarada|Meowscarada, F|72/100|[from] U-turn
|-damage|p1a: Meowscarada|60/100|[from] Spikes
|-damage|p1a: Meowscarada|47/100|[from] Stealth Rock
|
|upkeep
|turn|31
|j| Easontom
|
|t:|1781079515
|switch|p2a: Great Tusk|Great Tusk|71/100
|move|p1a: Meowscarada|Flower Trick|p2a: Great Tusk
|-start|p1a: Meowscarada|typechange|Grass|[from] ability: Protean
|-supereffective|p2a: Great Tusk
|-crit|p2a: Great Tusk
|-damage|p2a: Great Tusk|5/100
|
|upkeep
|turn|32
|
|t:|1781079520
|switch|p1a: Slither Wing|Slither Wing|77/100
|-damage|p1a: Slither Wing|64/100|[from] Spikes
|-damage|p1a: Slither Wing|52/100|[from] Stealth Rock
|-end|p2a: Great Tusk|Protosynthesis|[silent]
|switch|p2a: Ogerpon|Ogerpon, F|84/100
|
|upkeep
|turn|33
|
|t:|1781079524
|switch|p2a: Great Tusk|Great Tusk|5/100
|move|p1a: Slither Wing|First Impression|p2a: Great Tusk
|-resisted|p2a: Great Tusk
|-damage|p2a: Great Tusk|0 fnt
|-damage|p1a: Slither Wing|36/100|[from] item: Rocky Helmet|[of] p2a: Great Tusk
|faint|p2a: Great Tusk
|-end|p2a: Great Tusk|Protosynthesis|[silent]
|
|upkeep
|
|t:|1781079529
|switch|p2a: Darkrai|Darkrai|100/100
|turn|34
|
|t:|1781079535
|move|p2a: Darkrai|Dark Pulse|p1a: Slither Wing
|-resisted|p1a: Slither Wing
|-damage|p1a: Slither Wing|17/100
|move|p1a: Slither Wing|U-turn|p2a: Darkrai
|-supereffective|p2a: Darkrai
|-damage|p2a: Darkrai|38/100
|
|t:|1781079547
|-end|p1a: Slither Wing|Protosynthesis|[silent]
|switch|p1a: Slowking|Slowking-Galar, M|89/100|[from] U-turn
|
|upkeep
|turn|35
|
|t:|1781079550
|move|p2a: Darkrai|Knock Off|p1a: Slowking
|-supereffective|p1a: Slowking
|-crit|p1a: Slowking
|-damage|p1a: Slowking|0 fnt
|-enditem|p1a: Slowking|Heavy-Duty Boots|[from] move: Knock Off|[of] p2a: Darkrai
|faint|p1a: Slowking
|
|upkeep
|
|t:|1781079554
|switch|p1a: Meowscarada|Meowscarada, F|47/100
|-damage|p1a: Meowscarada|35/100|[from] Spikes
|-damage|p1a: Meowscarada|23/100|[from] Stealth Rock
|turn|36
|j| cdhgsgfd
|
|t:|1781079564
|-terastallize|p2a: Darkrai|Dark
|move|p2a: Darkrai|Sucker Punch|p1a: Meowscarada
|-resisted|p1a: Meowscarada
|-damage|p1a: Meowscarada|0 fnt
|faint|p1a: Meowscarada
|
|upkeep
|-message|cachowcapow forfeited.
|
|win|quolius
|raw|cachowcapow's rating: 1669 &rarr; <strong>1645</strong><br />(-24 for losing)
|raw|quolius's rating: 1598 &rarr; <strong>1622</strong><br />(+24 for winning)
|l|☆cachowcapow
|player|p1|
|l|☆quolius
|player|p2|
|l| ILoveGardevoirRah
|l| Easontom
