|badge|p2|silver|gen9nu|30-9
|badge|p2|silver|gen9randombattle|30-9
|uhtml|medal-msg|<div class="broadcast-blue">Curious what those medals under the avatar are? PS now has Ladder Seasons! For more information, check out the <a href="https://www.smogon.com/forums/threads/3740067/">thread on Smogon.</a></div>
|j|☆thebambi1234
|j|☆JustOut459
|t:|1780986447
|gametype|singles
|player|p1|thebambi1234|blackbelt-gen4dp|1514
|player|p2|JustOut459|parasollady|1569
|gen|9
|tier|[Gen 9] OU
|rated|
|rule|HP Percentage Mod: HP is shown in percentages
|rule|Endless Battle Clause: Forcing endless battles is banned
|rule|Species Clause: Limit one of each Pokémon
|rule|OHKO Clause: OHKO moves are banned
|rule|Evasion Items Clause: Evasion items are banned
|rule|Evasion Moves Clause: Evasion moves are banned
|rule|Evasion Abilities Clause: Evasion abilities are banned
|rule|Sleep Moves Clause: Sleep-inducing moves are banned
|clearpoke
|poke|p1|Hoopa-Unbound|
|poke|p1|Ribombee, M|
|poke|p1|Gholdengo|
|poke|p1|Great Tusk|
|poke|p1|Ogerpon-Wellspring, F|
|poke|p1|Arcanine-Hisui, F|
|poke|p2|Slowking-Galar, F|
|poke|p2|Great Tusk|
|poke|p2|Kyurem|
|poke|p2|Kingambit, M|
|poke|p2|Cinderace, M|
|poke|p2|Zapdos|
|teampreview
|inactive|Battle timer is ON: inactive players will automatically lose when time's up. (requested by thebambi1234)
|
|t:|1780986460
|teamsize|p1|6
|teamsize|p2|6
|start
|switch|p1a: Ribombee|Ribombee, M|100/100
|switch|p2a: Zapdos|Zapdos, shiny|100/100
|turn|1
|
|t:|1780986467
|move|p1a: Ribombee|Sticky Web|p2a: Zapdos
|-sidestart|p2: JustOut459|move: Sticky Web
|move|p2a: Zapdos|Hurricane|p1a: Ribombee
|-supereffective|p1a: Ribombee
|-enditem|p1a: Ribombee|Focus Sash
|-damage|p1a: Ribombee|1/100
|
|upkeep
|turn|2
|
|t:|1780986494
|move|p1a: Ribombee|Moonblast|p2a: Zapdos
|-damage|p2a: Zapdos|60/100
|-unboost|p2a: Zapdos|spa|1
|move|p2a: Zapdos|Thunder Wave|p1a: Ribombee
|-status|p1a: Ribombee|par
|
|upkeep
|turn|3
|
|t:|1780986502
|switch|p1a: Great Tusk|Great Tusk|100/100
|-enditem|p1a: Great Tusk|Booster Energy
|-activate|p1a: Great Tusk|ability: Protosynthesis|[fromitem]
|-start|p1a: Great Tusk|protosynthesisatk
|move|p2a: Zapdos|Roost|p2a: Zapdos
|-heal|p2a: Zapdos|100/100
|-singleturn|p2a: Zapdos|move: Roost
|
|upkeep
|turn|4
|
|t:|1780986519
|move|p1a: Great Tusk|Ice Spinner|p2a: Zapdos
|-supereffective|p2a: Zapdos
|-damage|p2a: Zapdos|52/100
|move|p2a: Zapdos|Hurricane|p1a: Great Tusk|[miss]
|-miss|p2a: Zapdos|p1a: Great Tusk
|
|upkeep
|turn|5
|j| yuureisuisei
|
|t:|1780986524
|move|p1a: Great Tusk|Ice Spinner|p2a: Zapdos
|-supereffective|p2a: Zapdos
|-crit|p2a: Zapdos
|-damage|p2a: Zapdos|0 fnt
|faint|p2a: Zapdos
|
|upkeep
|
|t:|1780986542
|switch|p2a: Cinderace|Cinderace, M|100/100
|turn|6
|
|t:|1780986558
|move|p2a: Cinderace|Will-O-Wisp|p1a: Great Tusk|[miss]
|-miss|p2a: Cinderace|p1a: Great Tusk
|move|p1a: Great Tusk|Close Combat|p2a: Cinderace
|-crit|p2a: Cinderace
|-damage|p2a: Cinderace|0 fnt
|-unboost|p1a: Great Tusk|def|1
|-unboost|p1a: Great Tusk|spd|1
|faint|p2a: Cinderace
|
|upkeep
|c|☆thebambi1234|damn
|
|t:|1780986570
|switch|p2a: Great Tusk|Great Tusk|100/100
|-activate|p2a: Great Tusk|move: Sticky Web
|-unboost|p2a: Great Tusk|spe|1
|turn|7
|
|t:|1780986581
|move|p1a: Great Tusk|Ice Spinner|p2a: Great Tusk
|-supereffective|p2a: Great Tusk
|-damage|p2a: Great Tusk|49/100
|move|p2a: Great Tusk|Rapid Spin|p1a: Great Tusk
|-damage|p1a: Great Tusk|83/100
|-boost|p2a: Great Tusk|spe|1
|-sideend|p2: JustOut459|Sticky Web|[from] move: Rapid Spin|[of] p2a: Great Tusk
|
|-heal|p2a: Great Tusk|55/100|[from] item: Leftovers
|upkeep
|turn|8
|l| yuureisuisei
|
|t:|1780986605
|-end|p1a: Great Tusk|Protosynthesis|[silent]
|switch|p1a: Ogerpon|Ogerpon-Wellspring, F|100/100
|move|p2a: Great Tusk|Rapid Spin|p1a: Ogerpon
|-damage|p1a: Ogerpon|78/100
|-boost|p2a: Great Tusk|spe|1
|
|-heal|p2a: Great Tusk|61/100|[from] item: Leftovers
|upkeep
|turn|9
|
|t:|1780986617
|move|p2a: Great Tusk|Close Combat|p1a: Ogerpon
|-damage|p1a: Ogerpon|5/100
|-unboost|p2a: Great Tusk|def|1
|-unboost|p2a: Great Tusk|spd|1
|move|p1a: Ogerpon|Ivy Cudgel|p2a: Great Tusk|[anim] Ivy Cudgel Water
|-supereffective|p2a: Great Tusk
|-damage|p2a: Great Tusk|0 fnt
|faint|p2a: Great Tusk
|-end|p2a: Great Tusk|Protosynthesis|[silent]
|
|upkeep
|
|t:|1780986628
|switch|p2a: Slowking|Slowking-Galar, F|100/100
|turn|10
|
|t:|1780986639
|move|p1a: Ogerpon|Knock Off|p2a: Slowking
|-supereffective|p2a: Slowking
|-enditem|p2a: Slowking|Colbur Berry|[eat]
|-enditem|p2a: Slowking|Colbur Berry|[weaken]
|-damage|p2a: Slowking|65/100
|move|p2a: Slowking|Thunder Wave|p1a: Ogerpon
|-status|p1a: Ogerpon|par
|
|upkeep
|turn|11
|
|t:|1780986651
|move|p1a: Ogerpon|Taunt|p2a: Slowking
|-start|p2a: Slowking|move: Taunt
|-prepare|p2a: Slowking|Chilly Reception|[premajor]
|cant|p2a: Slowking|move: Taunt|Chilly Reception
|
|upkeep
|turn|12
|
|t:|1780986659
|switch|p2a: Kyurem|Kyurem|100/100
|-ability|p2a: Kyurem|Pressure
|move|p1a: Ogerpon|Ivy Cudgel|p2a: Kyurem|[anim] Ivy Cudgel Water
|-resisted|p2a: Kyurem
|-damage|p2a: Kyurem|72/100
|
|upkeep
|turn|13
|
|t:|1780986663
|move|p2a: Kyurem|Ice Beam|p1a: Ogerpon
|-damage|p1a: Ogerpon|0 fnt
|faint|p1a: Ogerpon
|
|upkeep
|
|t:|1780986679
|switch|p1a: Hoopa|Hoopa-Unbound|100/100
|turn|14
|
|t:|1780986692
|move|p2a: Kyurem|Ice Beam|p1a: Hoopa
|-damage|p1a: Hoopa|36/100
|-status|p1a: Hoopa|frz
|cant|p1a: Hoopa|frz
|
|upkeep
|turn|15
|
|t:|1780986696
|move|p2a: Kyurem|Ice Beam|p1a: Hoopa
|-damage|p1a: Hoopa|0 fnt
|faint|p1a: Hoopa
|
|upkeep
|
|t:|1780986703
|switch|p1a: Gholdengo|Gholdengo|100/100
|-item|p1a: Gholdengo|Air Balloon
|turn|16
|
|t:|1780986714
|switch|p2a: Kingambit|Kingambit, M|100/100
|-activate|p2a: Kingambit|ability: Supreme Overlord
|-start|p2a: Kingambit|fallen3|[silent]
|move|p1a: Gholdengo|Make It Rain|p2a: Kingambit
|-resisted|p2a: Kingambit
|-damage|p2a: Kingambit|62/100
|-unboost|p1a: Gholdengo|spa|1
|
|-heal|p2a: Kingambit|68/100|[from] item: Leftovers
|upkeep
|turn|17
|
|t:|1780986733
|move|p1a: Gholdengo|Thunder Wave|p2a: Kingambit
|-status|p2a: Kingambit|par
|cant|p2a: Kingambit|par
|
|-heal|p2a: Kingambit|74/100 par|[from] item: Leftovers
|upkeep
|turn|18
|
|t:|1780986741
|switch|p1a: Great Tusk|Great Tusk|83/100
|move|p2a: Kingambit|Swords Dance|p2a: Kingambit
|-boost|p2a: Kingambit|atk|2
|
|-heal|p2a: Kingambit|80/100 par|[from] item: Leftovers
|upkeep
|turn|19
|
|t:|1780986751
|-terastallize|p2a: Kingambit|Ghost
|move|p1a: Great Tusk|Headlong Rush|p2a: Kingambit
|-damage|p2a: Kingambit|27/100 par
|-unboost|p1a: Great Tusk|def|1
|-unboost|p1a: Great Tusk|spd|1
|move|p2a: Kingambit|Iron Head|p1a: Great Tusk
|-damage|p1a: Great Tusk|0 fnt
|faint|p1a: Great Tusk
|-end|p1a: Great Tusk|Protosynthesis|[silent]
|
|-heal|p2a: Kingambit|33/100 par|[from] item: Leftovers
|upkeep
|inactive|thebambi1234 has 120 seconds left.
|
|t:|1780986784
|switch|p1a: Gholdengo|Gholdengo|100/100
|-item|p1a: Gholdengo|Air Balloon
|turn|20
|
|t:|1780986795
|-terastallize|p1a: Gholdengo|Fairy
|move|p2a: Kingambit|Sucker Punch|p1a: Gholdengo
|-resisted|p1a: Gholdengo
|-damage|p1a: Gholdengo|51/100
|-enditem|p1a: Gholdengo|Air Balloon
|move|p1a: Gholdengo|Shadow Ball|p2a: Kingambit
|-supereffective|p2a: Kingambit
|-damage|p2a: Kingambit|0 fnt
|faint|p2a: Kingambit
|-end|p2a: Kingambit|fallen3|[silent]
|
|upkeep
|
|t:|1780986804
|switch|p2a: Kyurem|Kyurem|72/100
|-ability|p2a: Kyurem|Pressure
|turn|21
|
|t:|1780986813
|switch|p1a: Ribombee|Ribombee, M|1/100 par
|move|p2a: Kyurem|Earth Power|p1a: Ribombee
|-resisted|p1a: Ribombee
|-damage|p1a: Ribombee|0 fnt
|faint|p1a: Ribombee
|
|upkeep
|
|t:|1780986820
|switch|p1a: Gholdengo|Gholdengo, tera:Fairy|51/100
|turn|22
|
|t:|1780986836
|switch|p2a: Slowking|Slowking-Galar, F|98/100
|move|p1a: Gholdengo|Thunder Wave|p2a: Slowking
|-status|p2a: Slowking|par
|
|upkeep
|turn|23
|
|t:|1780986850
|switch|p1a: Arcanine|Arcanine-Hisui, F|100/100
|move|p2a: Slowking|Sludge Bomb|p1a: Arcanine
|-resisted|p1a: Arcanine
|-damage|p1a: Arcanine|79/100
|
|upkeep
|turn|24
|
|t:|1780986855
|move|p1a: Arcanine|Head Smash|p2a: Slowking|[miss]
|-miss|p1a: Arcanine|p2a: Slowking
|-prepare|p2a: Slowking|Chilly Reception|[premajor]
|move|p2a: Slowking|Chilly Reception|p2a: Slowking
|-weather|Snowscape
|
|t:|1780986857
|switch|p2a: Kyurem|Kyurem|72/100|[from] Chilly Reception
|-ability|p2a: Kyurem|Pressure
|
|-weather|Snowscape|[upkeep]
|upkeep
|turn|25
|
|t:|1780986872
|move|p2a: Kyurem|Earth Power|p1a: Arcanine
|-supereffective|p1a: Arcanine
|-damage|p1a: Arcanine|0 fnt
|faint|p1a: Arcanine
|
|-weather|Snowscape|[upkeep]
|upkeep
|
|t:|1780986874
|switch|p1a: Gholdengo|Gholdengo, tera:Fairy|51/100
|turn|26
|
|t:|1780986883
|switch|p2a: Slowking|Slowking-Galar, F|100/100 par
|move|p1a: Gholdengo|Recover|p1a: Gholdengo
|-heal|p1a: Gholdengo|100/100
|
|-weather|Snowscape|[upkeep]
|upkeep
|turn|27
|
|t:|1780986885
|move|p1a: Gholdengo|Shadow Ball|p2a: Slowking
|-supereffective|p2a: Slowking
|-damage|p2a: Slowking|39/100 par
|cant|p2a: Slowking|par
|
|-weather|Snowscape|[upkeep]
|upkeep
|turn|28
|
|t:|1780986891
|move|p1a: Gholdengo|Shadow Ball|p2a: Slowking
|-supereffective|p2a: Slowking
|-damage|p2a: Slowking|0 fnt
|faint|p2a: Slowking
|
|-weather|none
|upkeep
|
|t:|1780986893
|switch|p2a: Kyurem|Kyurem|72/100
|-ability|p2a: Kyurem|Pressure
|turn|29
|
|t:|1780986895
|move|p2a: Kyurem|Blizzard|p1a: Gholdengo
|-damage|p1a: Gholdengo|22/100
|move|p1a: Gholdengo|Make It Rain|p2a: Kyurem
|-supereffective|p2a: Kyurem
|-damage|p2a: Kyurem|0 fnt
|-unboost|p1a: Gholdengo|spa|1
|faint|p2a: Kyurem
|
|win|thebambi1234
|raw|thebambi1234's rating: 1514 &rarr; <strong>1537</strong><br />(+23 for winning)
|raw|JustOut459's rating: 1569 &rarr; <strong>1546</strong><br />(-23 for losing)
|l|☆JustOut459
|player|p2|
|l|☆thebambi1234
|player|p1|
