|badge|p2|bronze|gen9randombattle|100-9
|badge|p2|bronze|gen9ubers|100-9
|uhtml|medal-msg|<div class="broadcast-blue">Curious what those medals under the avatar are? PS now has Ladder Seasons! For more information, check out the <a href="https://www.smogon.com/forums/threads/3740067/">thread on Smogon.</a></div>
|j|☆ftaochaphet
|j|☆oddishlover4
|t:|1780984775
|gametype|singles
|player|p1|ftaochaphet|2|1622
|player|p2|oddishlover4|acetrainerf|1603
|gen|9
|tier|[Gen 9] OU
|rated|
|rule|HP Percentage Mod: HP is shown in percentages
|rule|Endless Battle Clause: Forcing endless battles is banned
|rule|Species Clause: Limit one of each Pokémon
|rule|OHKO Clause: OHKO moves are banned
|rule|Evasion Items Clause: Evasion items are banned
|rule|Evasion Moves Clause: Evasion moves are banned
|rule|Evasion Abilities Clause: Evasion abilities are banned
|rule|Sleep Moves Clause: Sleep-inducing moves are banned
|clearpoke
|poke|p1|Enamorus, F|
|poke|p1|Samurott-Hisui, M|
|poke|p1|Gholdengo|
|poke|p1|Great Tusk|
|poke|p1|Kingambit, F|
|poke|p1|Alomomola, M|
|poke|p2|Iron Valiant|
|poke|p2|Ogerpon-Wellspring, F|
|poke|p2|Great Tusk|
|poke|p2|Dragonite, F|
|poke|p2|Gholdengo|
|poke|p2|Zamazenta-*|
|teampreview
|inactive|Battle timer is ON: inactive players will automatically lose when time's up. (requested by ftaochaphet)
|
|t:|1780984794
|teamsize|p1|6
|teamsize|p2|6
|start
|switch|p1a: Samurott|Samurott-Hisui, M|100/100
|switch|p2a: Ogerpon|Ogerpon-Wellspring, F|100/100
|turn|1
|c|☆oddishlover4|gl/hf!
|inactive|oddishlover4 also wants the timer to be on.
|
|t:|1780984812
|-terastallize|p1a: Samurott|Poison
|move|p2a: Ogerpon|U-turn|p1a: Samurott
|-resisted|p1a: Samurott
|-damage|p1a: Samurott|85/100
|
|t:|1780984831
|switch|p2a: Dragonite|Dragonite, F|100/100|[from] U-turn
|move|p1a: Samurott|Ceaseless Edge|p2a: Dragonite
|-damage|p2a: Dragonite|82/100
|-sidestart|p2: oddishlover4|Spikes
|
|upkeep
|turn|2
|inactive|oddishlover4 has 120 seconds left.
|
|t:|1780984849
|move|p2a: Dragonite|Dragon Dance|p2a: Dragonite
|-boost|p2a: Dragonite|atk|1
|-boost|p2a: Dragonite|spe|1
|move|p1a: Samurott|Ceaseless Edge|p2a: Dragonite
|-damage|p2a: Dragonite|41/100
|-sidestart|p2: oddishlover4|Spikes
|
|upkeep
|turn|3
|inactive|oddishlover4 has 120 seconds left.
|
|t:|1780984867
|switch|p1a: Alomomola|Alomomola, M|100/100
|move|p2a: Dragonite|Roost|p2a: Dragonite
|-heal|p2a: Dragonite|91/100
|-singleturn|p2a: Dragonite|move: Roost
|
|upkeep
|turn|4
|inactive|oddishlover4 has 120 seconds left.
|
|t:|1780984885
|move|p2a: Dragonite|Dragon Dance|p2a: Dragonite
|-boost|p2a: Dragonite|atk|1
|-boost|p2a: Dragonite|spe|1
|move|p1a: Alomomola|Scald|p2a: Dragonite
|-resisted|p2a: Dragonite
|-damage|p2a: Dragonite|85/100
|
|upkeep
|turn|5
|
|t:|1780984904
|move|p2a: Dragonite|Dragon Dance|p2a: Dragonite
|-boost|p2a: Dragonite|atk|1
|-boost|p2a: Dragonite|spe|1
|move|p1a: Alomomola|Scald|p2a: Dragonite
|-resisted|p2a: Dragonite
|-damage|p2a: Dragonite|79/100
|-status|p2a: Dragonite|brn
|
|-damage|p2a: Dragonite|72/100 brn|[from] brn
|upkeep
|turn|6
|
|t:|1780984922
|move|p2a: Dragonite|Roost|p2a: Dragonite
|-heal|p2a: Dragonite|100/100 brn
|-singleturn|p2a: Dragonite|move: Roost
|move|p1a: Alomomola|Flip Turn|p2a: Dragonite
|-resisted|p2a: Dragonite
|-damage|p2a: Dragonite|97/100 brn
|
|t:|1780984947
|switch|p1a: Great Tusk|Great Tusk|100/100|[from] Flip Turn
|
|-damage|p2a: Dragonite|91/100 brn|[from] brn
|upkeep
|turn|7
|
|t:|1780984965
|move|p2a: Dragonite|Roost|p2a: Dragonite
|-heal|p2a: Dragonite|100/100 brn
|-singleturn|p2a: Dragonite|move: Roost
|move|p1a: Great Tusk|Stealth Rock|p2a: Dragonite
|-sidestart|p2: oddishlover4|move: Stealth Rock
|
|-damage|p2a: Dragonite|94/100 brn|[from] brn
|upkeep
|turn|8
|j| gdrghdfhdt
|
|t:|1780984983
|move|p2a: Dragonite|Roost|p2a: Dragonite
|-heal|p2a: Dragonite|100/100 brn
|-singleturn|p2a: Dragonite|move: Roost
|move|p1a: Great Tusk|Ice Spinner|p2a: Dragonite
|-supereffective|p2a: Dragonite
|-damage|p2a: Dragonite|75/100 brn
|
|-damage|p2a: Dragonite|69/100 brn|[from] brn
|upkeep
|turn|9
|inactive|oddishlover4 has 90 seconds left.
|
|t:|1780985001
|move|p2a: Dragonite|Roost|p2a: Dragonite
|-heal|p2a: Dragonite|100/100 brn
|-singleturn|p2a: Dragonite|move: Roost
|move|p1a: Great Tusk|Rapid Spin|p2a: Dragonite
|-damage|p2a: Dragonite|92/100 brn
|-boost|p1a: Great Tusk|spe|1
|
|-damage|p2a: Dragonite|86/100 brn|[from] brn
|upkeep
|turn|10
|
|t:|1780985011
|-terastallize|p2a: Dragonite|Normal
|move|p2a: Dragonite|Earthquake|p1a: Great Tusk
|-damage|p1a: Great Tusk|70/100
|move|p1a: Great Tusk|Rapid Spin|p2a: Dragonite
|-damage|p2a: Dragonite|68/100 brn
|-boost|p1a: Great Tusk|spe|1
|
|-damage|p2a: Dragonite|62/100 brn|[from] brn
|upkeep
|turn|11
|
|t:|1780985021
|move|p2a: Dragonite|Extreme Speed|p1a: Great Tusk
|-damage|p1a: Great Tusk|31/100
|move|p1a: Great Tusk|Headlong Rush|p2a: Dragonite
|-damage|p2a: Dragonite|0 fnt
|-unboost|p1a: Great Tusk|def|1
|-unboost|p1a: Great Tusk|spd|1
|faint|p2a: Dragonite
|
|upkeep
|
|t:|1780985030
|switch|p2a: Great Tusk|Great Tusk|100/100
|-damage|p2a: Great Tusk|84/100|[from] Spikes
|-damage|p2a: Great Tusk|81/100|[from] Stealth Rock
|turn|12
|l| gdrghdfhdt
|
|t:|1780985040
|move|p1a: Great Tusk|Ice Spinner|p2a: Great Tusk
|-supereffective|p2a: Great Tusk
|-damage|p2a: Great Tusk|45/100
|-damage|p1a: Great Tusk|15/100|[from] item: Rocky Helmet|[of] p2a: Great Tusk
|move|p2a: Great Tusk|Rapid Spin|p1a: Great Tusk
|-damage|p1a: Great Tusk|0 fnt
|-boost|p2a: Great Tusk|spe|1
|-sideend|p2: oddishlover4|Spikes|[from] move: Rapid Spin|[of] p2a: Great Tusk
|-sideend|p2: oddishlover4|Stealth Rock|[from] move: Rapid Spin|[of] p2a: Great Tusk
|faint|p1a: Great Tusk
|-end|p1a: Great Tusk|Protosynthesis|[silent]
|
|upkeep
|
|t:|1780985046
|switch|p1a: Enamorus|Enamorus, F|100/100
|turn|13
|
|t:|1780985064
|move|p1a: Enamorus|Moonblast|p2a: Great Tusk
|-supereffective|p2a: Great Tusk
|-damage|p2a: Great Tusk|0 fnt
|faint|p2a: Great Tusk
|-end|p2a: Great Tusk|Protosynthesis|[silent]
|
|upkeep
|
|t:|1780985083
|switch|p2a: Ogerpon|Ogerpon-Wellspring, F|100/100
|turn|14
|inactive|oddishlover4 has 90 seconds left.
|
|t:|1780985111
|move|p1a: Enamorus|Moonblast|p2a: Ogerpon
|-damage|p2a: Ogerpon|37/100
|move|p2a: Ogerpon|Knock Off|p1a: Enamorus
|-resisted|p1a: Enamorus
|-damage|p1a: Enamorus|70/100
|-enditem|p1a: Enamorus|Choice Scarf|[from] move: Knock Off|[of] p2a: Ogerpon
|
|upkeep
|turn|15
|inactive|oddishlover4 has 90 seconds left.
|j| DA COME UP
|l| DA COME UP
|
|t:|1780985130
|move|p2a: Ogerpon|Ivy Cudgel|p1a: Enamorus|[anim] Ivy Cudgel Water
|-crit|p1a: Enamorus
|-damage|p1a: Enamorus|0 fnt
|faint|p1a: Enamorus
|
|upkeep
|
|t:|1780985133
|switch|p1a: Samurott|Samurott-Hisui, M, tera:Poison|85/100
|turn|16
|inactive|oddishlover4 has 90 seconds left.
|
|t:|1780985151
|move|p2a: Ogerpon|Ivy Cudgel|p1a: Samurott|[anim] Ivy Cudgel Water
|-damage|p1a: Samurott|21/100
|move|p1a: Samurott|Ceaseless Edge|p2a: Ogerpon
|-damage|p2a: Ogerpon|0 fnt
|-sidestart|p2: oddishlover4|Spikes
|faint|p2a: Ogerpon
|
|upkeep
|
|t:|1780985170
|switch|p2a: Iron Valiant|Iron Valiant|100/100
|-damage|p2a: Iron Valiant|88/100|[from] Spikes
|-enditem|p2a: Iron Valiant|Booster Energy
|-activate|p2a: Iron Valiant|ability: Quark Drive|[fromitem]
|-start|p2a: Iron Valiant|quarkdrivespe
|turn|17
|
|t:|1780985188
|move|p2a: Iron Valiant|Knock Off|p1a: Samurott
|-crit|p1a: Samurott
|-damage|p1a: Samurott|0 fnt
|-enditem|p1a: Samurott|Assault Vest|[from] move: Knock Off|[of] p2a: Iron Valiant
|faint|p1a: Samurott
|
|upkeep
|
|t:|1780985194
|switch|p1a: Gholdengo|Gholdengo|100/100
|turn|18
|
|t:|1780985211
|move|p2a: Iron Valiant|Knock Off|p1a: Gholdengo
|-supereffective|p1a: Gholdengo
|-damage|p1a: Gholdengo|58/100
|-enditem|p1a: Gholdengo|Ability Shield|[from] move: Knock Off|[of] p2a: Iron Valiant
|move|p1a: Gholdengo|Make It Rain|p2a: Iron Valiant
|-supereffective|p2a: Iron Valiant
|-damage|p2a: Iron Valiant|0 fnt
|-unboost|p1a: Gholdengo|spa|1
|faint|p2a: Iron Valiant
|-end|p2a: Iron Valiant|Quark Drive|[silent]
|
|upkeep
|inactive|oddishlover4 has 60 seconds left.
|
|t:|1780985230
|switch|p2a: Gholdengo|Gholdengo|100/100
|-item|p2a: Gholdengo|Air Balloon
|turn|19
|inactive|oddishlover4 has 60 seconds left.
|
|t:|1780985248
|switch|p1a: Kingambit|Kingambit, F|100/100
|-activate|p1a: Kingambit|ability: Supreme Overlord
|-start|p1a: Kingambit|fallen3|[silent]
|move|p2a: Gholdengo|Thunder Wave|p1a: Kingambit
|-status|p1a: Kingambit|par
|
|upkeep
|turn|20
|inactive|oddishlover4 has 60 seconds left.
|
|t:|1780985265
|switch|p2a: Zamazenta|Zamazenta|100/100
|-ability|p2a: Zamazenta|Dauntless Shield|boost
|-boost|p2a: Zamazenta|def|1
|move|p1a: Kingambit|Kowtow Cleave|p2a: Zamazenta
|-resisted|p2a: Zamazenta
|-damage|p2a: Zamazenta|81/100
|
|upkeep
|turn|21
|inactive|ftaochaphet has 120 seconds left.
|
|t:|1780985295
|switch|p2a: Gholdengo|Gholdengo|100/100
|-item|p2a: Gholdengo|Air Balloon
|-end|p1a: Kingambit|fallen3|[silent]
|switch|p1a: Alomomola|Alomomola, M|100/100
|
|upkeep
|turn|22
|
|t:|1780985305
|move|p2a: Gholdengo|Thunder Wave|p1a: Alomomola
|-status|p1a: Alomomola|par
|move|p1a: Alomomola|Flip Turn|p2a: Gholdengo
|-damage|p2a: Gholdengo|88/100
|-enditem|p2a: Gholdengo|Air Balloon
|inactive|ftaochaphet has 120 seconds left.
|
|t:|1780985340
|switch|p1a: Kingambit|Kingambit, F|100/100 par|[from] Flip Turn
|-activate|p1a: Kingambit|ability: Supreme Overlord
|-start|p1a: Kingambit|fallen3|[silent]
|
|upkeep
|turn|23
|inactive|oddishlover4 has 60 seconds left.
|
|t:|1780985349
|switch|p2a: Zamazenta|Zamazenta|81/100
|move|p1a: Kingambit|Kowtow Cleave|p2a: Zamazenta
|-resisted|p2a: Zamazenta
|-damage|p2a: Zamazenta|51/100
|
|upkeep
|turn|24
|inactive|ftaochaphet has 120 seconds left.
|
|t:|1780985363
|-end|p1a: Kingambit|fallen3|[silent]
|switch|p1a: Alomomola|Alomomola, M|100/100 par
|move|p2a: Zamazenta|Close Combat|p1a: Alomomola
|-damage|p1a: Alomomola|66/100 par
|-unboost|p2a: Zamazenta|def|1
|-unboost|p2a: Zamazenta|spd|1
|
|upkeep
|turn|25
|inactive|ftaochaphet has 120 seconds left.
|inactive|oddishlover4 has 60 seconds left.
|
|t:|1780985386
|switch|p2a: Gholdengo|Gholdengo|88/100
|-damage|p2a: Gholdengo|76/100|[from] Spikes
|cant|p1a: Alomomola|par
|
|upkeep
|turn|26
|inactive|ftaochaphet has 120 seconds left.
|inactive|oddishlover4 has 60 seconds left.
|
|t:|1780985415
|switch|p2a: Zamazenta|Zamazenta|51/100
|switch|p1a: Kingambit|Kingambit, F|100/100 par
|-activate|p1a: Kingambit|ability: Supreme Overlord
|-start|p1a: Kingambit|fallen3|[silent]
|
|upkeep
|turn|27
|
|t:|1780985433
|switch|p2a: Gholdengo|Gholdengo|76/100
|-damage|p2a: Gholdengo|63/100|[from] Spikes
|-end|p1a: Kingambit|fallen3|[silent]
|switch|p1a: Alomomola|Alomomola, M|99/100 par
|
|upkeep
|turn|28
|
|t:|1780985450
|move|p2a: Gholdengo|Recover|p2a: Gholdengo
|-heal|p2a: Gholdengo|100/100
|move|p1a: Alomomola|Flip Turn|p2a: Gholdengo
|-crit|p2a: Gholdengo
|-damage|p2a: Gholdengo|83/100
|
|t:|1780985453
|switch|p1a: Kingambit|Kingambit, F|100/100 par|[from] Flip Turn
|-activate|p1a: Kingambit|ability: Supreme Overlord
|-start|p1a: Kingambit|fallen3|[silent]
|
|upkeep
|turn|29
|inactive|oddishlover4 has 60 seconds left.
|
|t:|1780985462
|switch|p2a: Zamazenta|Zamazenta|51/100
|move|p1a: Kingambit|Kowtow Cleave|p2a: Zamazenta
|-resisted|p2a: Zamazenta
|-damage|p2a: Zamazenta|24/100
|
|upkeep
|turn|30
|inactive|ftaochaphet has 120 seconds left.
|inactive|oddishlover4 has 60 seconds left.
|
|t:|1780985496
|switch|p2a: Gholdengo|Gholdengo|83/100
|-damage|p2a: Gholdengo|71/100|[from] Spikes
|-end|p1a: Kingambit|fallen3|[silent]
|switch|p1a: Alomomola|Alomomola, M|100/100 par
|
|upkeep
|turn|31
|inactive|oddishlover4 has 60 seconds left.
|
|t:|1780985513
|move|p2a: Gholdengo|Recover|p2a: Gholdengo
|-heal|p2a: Gholdengo|100/100
|move|p1a: Alomomola|Flip Turn|p2a: Gholdengo
|-damage|p2a: Gholdengo|88/100
|
|t:|1780985537
|switch|p1a: Kingambit|Kingambit, F|100/100 par|[from] Flip Turn
|-activate|p1a: Kingambit|ability: Supreme Overlord
|-start|p1a: Kingambit|fallen3|[silent]
|
|upkeep
|turn|32
|inactive|oddishlover4 has 60 seconds left.
|
|t:|1780985555
|switch|p2a: Zamazenta|Zamazenta|24/100
|move|p1a: Kingambit|Kowtow Cleave|p2a: Zamazenta
|-resisted|p2a: Zamazenta
|-damage|p2a: Zamazenta|0 fnt
|faint|p2a: Zamazenta
|
|upkeep
|
|t:|1780985569
|switch|p2a: Gholdengo|Gholdengo|88/100
|-damage|p2a: Gholdengo|75/100|[from] Spikes
|turn|33
|inactive|ftaochaphet has 90 seconds left.
|
|t:|1780985629
|move|p2a: Gholdengo|Recover|p2a: Gholdengo
|-heal|p2a: Gholdengo|100/100
|move|p1a: Kingambit|Kowtow Cleave|p2a: Gholdengo
|-supereffective|p2a: Gholdengo
|-damage|p2a: Gholdengo|16/100
|
|upkeep
|turn|34
|
|t:|1780985633
|move|p2a: Gholdengo|Recover|p2a: Gholdengo
|-heal|p2a: Gholdengo|66/100
|move|p1a: Kingambit|Kowtow Cleave|p2a: Gholdengo
|-supereffective|p2a: Gholdengo
|-damage|p2a: Gholdengo|0 fnt
|faint|p2a: Gholdengo
|
|win|ftaochaphet
|raw|ftaochaphet's rating: 1622 &rarr; <strong>1641</strong><br />(+19 for winning)
|raw|oddishlover4's rating: 1603 &rarr; <strong>1584</strong><br />(-19 for losing)
|c|☆oddishlover4|GG!
|l|☆ftaochaphet
|player|p1|
