|j|☆ScribbleScribble
|j|☆mathismathin
|t:|1781459857
|gametype|singles
|player|p1|ScribbleScribble|mina-lgpe|1525
|player|p2|mathismathin|lucas|1520
|gen|9
|tier|[Gen 9] OU
|rated|
|rule|HP Percentage Mod: HP is shown in percentages
|rule|Endless Battle Clause: Forcing endless battles is banned
|rule|Species Clause: Limit one of each Pokémon
|rule|OHKO Clause: OHKO moves are banned
|rule|Evasion Items Clause: Evasion items are banned
|rule|Evasion Moves Clause: Evasion moves are banned
|rule|Evasion Abilities Clause: Evasion abilities are banned
|rule|Sleep Moves Clause: Sleep-inducing moves are banned
|clearpoke
|poke|p1|Slowking-Galar, F|
|poke|p1|Kyurem|
|poke|p1|Corviknight, M|
|poke|p1|Hoopa-Unbound|
|poke|p1|Ting-Lu|
|poke|p1|Zamazenta-*|
|poke|p2|Garchomp, F|
|poke|p2|Regieleki|
|poke|p2|Dragonite, F|
|poke|p2|Blaziken, F|
|poke|p2|Corviknight, F|
|poke|p2|Necrozma|
|teampreview
|
|t:|1781459873
|teamsize|p1|6
|teamsize|p2|6
|start
|switch|p1a: Kyurem|Kyurem|100/100
|switch|p2a: Blaziken|Blaziken, F|100/100
|-ability|p1a: Kyurem|Pressure
|turn|1
|
|t:|1781459876
|move|p2a: Blaziken|Protect|p2a: Blaziken
|-singleturn|p2a: Blaziken|Protect
|move|p1a: Kyurem|Earth Power|p2a: Blaziken
|-activate|p2a: Blaziken|move: Protect
|
|-ability|p2a: Blaziken|Speed Boost|boost
|-boost|p2a: Blaziken|spe|1
|upkeep
|turn|2
|
|t:|1781459879
|switch|p1a: Corviknight|Corviknight, M, shiny|100/100
|-ability|p1a: Corviknight|Pressure
|move|p2a: Blaziken|Close Combat|p1a: Corviknight
|-damage|p1a: Corviknight|48/100
|-unboost|p2a: Blaziken|def|1
|-unboost|p2a: Blaziken|spd|1
|-damage|p2a: Blaziken|84/100|[from] item: Rocky Helmet|[of] p1a: Corviknight
|-damage|p2a: Blaziken|74/100|[from] item: Life Orb
|
|-ability|p2a: Blaziken|Speed Boost|boost
|-boost|p2a: Blaziken|spe|1
|upkeep
|turn|3
|
|t:|1781459884
|move|p2a: Blaziken|Close Combat|p1a: Corviknight
|-damage|p1a: Corviknight|0 fnt
|-unboost|p2a: Blaziken|def|1
|-unboost|p2a: Blaziken|spd|1
|-damage|p2a: Blaziken|57/100|[from] item: Rocky Helmet|[of] p1a: Corviknight
|faint|p1a: Corviknight
|-damage|p2a: Blaziken|47/100|[from] item: Life Orb
|
|-ability|p2a: Blaziken|Speed Boost|boost
|-boost|p2a: Blaziken|spe|1
|upkeep
|
|t:|1781459885
|switch|p1a: Ting-Lu|Ting-Lu|100/100
|-ability|p1a: Ting-Lu|Vessel of Ruin
|turn|4
|
|t:|1781459888
|move|p2a: Blaziken|Close Combat|p1a: Ting-Lu
|-supereffective|p1a: Ting-Lu
|-damage|p1a: Ting-Lu|20/100
|-unboost|p2a: Blaziken|def|1
|-unboost|p2a: Blaziken|spd|1
|-damage|p2a: Blaziken|37/100|[from] item: Life Orb
|move|p1a: Ting-Lu|Earthquake|p2a: Blaziken
|-supereffective|p2a: Blaziken
|-damage|p2a: Blaziken|0 fnt
|faint|p2a: Blaziken
|
|-heal|p1a: Ting-Lu|26/100|[from] item: Leftovers
|upkeep
|
|t:|1781459892
|switch|p2a: Garchomp|Garchomp, F|100/100
|turn|5
|
|t:|1781459894
|switch|p1a: Kyurem|Kyurem|100/100
|-ability|p1a: Kyurem|Pressure
|move|p2a: Garchomp|Earthquake|p1a: Kyurem
|-damage|p1a: Kyurem|35/100
|-damage|p2a: Garchomp|91/100|[from] item: Life Orb
|
|upkeep
|turn|6
|
|t:|1781459898
|switch|p2a: Corviknight|Corviknight, F|100/100
|-ability|p2a: Corviknight|Pressure
|move|p1a: Kyurem|Freeze-Dry|p2a: Corviknight
|-damage|p2a: Corviknight|63/100
|
|-heal|p2a: Corviknight|70/100|[from] item: Leftovers
|upkeep
|turn|7
|
|t:|1781459905
|switch|p1a: Slowking|Slowking-Galar, F|100/100
|move|p2a: Corviknight|Roost|p2a: Corviknight
|-heal|p2a: Corviknight|100/100
|-singleturn|p2a: Corviknight|move: Roost
|
|upkeep
|turn|8
|
|t:|1781459906
|move|p2a: Corviknight|Brave Bird|p1a: Slowking
|-damage|p1a: Slowking|61/100
|-damage|p2a: Corviknight|88/100|[from] Recoil
|-prepare|p1a: Slowking|Chilly Reception|[premajor]
|move|p1a: Slowking|Chilly Reception|p1a: Slowking
|-weather|Snowscape
|
|t:|1781459909
|switch|p1a: Kyurem|Kyurem|35/100|[from] Chilly Reception
|-ability|p1a: Kyurem|Pressure
|
|-weather|Snowscape|[upkeep]
|-heal|p2a: Corviknight|94/100|[from] item: Leftovers
|upkeep
|turn|9
|
|t:|1781459913
|move|p1a: Kyurem|Blizzard|p2a: Corviknight
|-damage|p2a: Corviknight|39/100
|move|p2a: Corviknight|U-turn|p1a: Kyurem
|-damage|p1a: Kyurem|26/100
|
|t:|1781459921
|switch|p2a: Regieleki|Regieleki|100/100|[from] U-turn
|
|-weather|Snowscape|[upkeep]
|upkeep
|turn|10
|
|t:|1781459927
|move|p2a: Regieleki|Thunderbolt|p1a: Kyurem
|-resisted|p1a: Kyurem
|-damage|p1a: Kyurem|0 fnt
|faint|p1a: Kyurem
|
|-weather|Snowscape|[upkeep]
|upkeep
|
|t:|1781459929
|switch|p1a: Ting-Lu|Ting-Lu|26/100
|-ability|p1a: Ting-Lu|Vessel of Ruin
|turn|11
|
|t:|1781459933
|switch|p2a: Corviknight|Corviknight, F|39/100
|-ability|p2a: Corviknight|Pressure
|move|p1a: Ting-Lu|Stealth Rock|p2a: Corviknight
|-sidestart|p2: mathismathin|move: Stealth Rock
|
|-weather|Snowscape|[upkeep]
|-heal|p1a: Ting-Lu|32/100|[from] item: Leftovers
|-heal|p2a: Corviknight|45/100|[from] item: Leftovers
|upkeep
|turn|12
|
|t:|1781459936
|switch|p1a: Hoopa|Hoopa-Unbound|100/100
|move|p2a: Corviknight|Defog|p1a: Hoopa
|-unboost|p1a: Hoopa|evasion|1
|-sideend|p2: mathismathin|Stealth Rock|[from] move: Defog|[of] p2a: Corviknight
|
|-weather|none
|-heal|p2a: Corviknight|51/100|[from] item: Leftovers
|upkeep
|turn|13
|
|t:|1781459939
|move|p1a: Hoopa|Hyperspace Fury|p2a: Corviknight
|-crit|p2a: Corviknight
|-damage|p2a: Corviknight|0 fnt
|-unboost|p1a: Hoopa|def|1
|faint|p2a: Corviknight
|
|upkeep
|
|t:|1781459943
|switch|p2a: Garchomp|Garchomp, F|91/100
|turn|14
|
|t:|1781459946
|switch|p1a: Zamazenta|Zamazenta|100/100
|-ability|p1a: Zamazenta|Dauntless Shield|boost
|-boost|p1a: Zamazenta|def|1
|move|p2a: Garchomp|Earthquake|p1a: Zamazenta
|-damage|p1a: Zamazenta|55/100
|-damage|p2a: Garchomp|81/100|[from] item: Life Orb
|
|upkeep
|turn|15
|
|t:|1781459951
|switch|p2a: Necrozma|Necrozma|100/100
|move|p1a: Zamazenta|Close Combat|p2a: Necrozma
|-resisted|p2a: Necrozma
|-damage|p2a: Necrozma|67/100
|-unboost|p1a: Zamazenta|def|1
|-unboost|p1a: Zamazenta|spd|1
|-damage|p1a: Zamazenta|45/100|[from] item: Life Orb
|
|upkeep
|turn|16
|
|t:|1781459956
|move|p1a: Zamazenta|Crunch|p2a: Necrozma
|-supereffective|p2a: Necrozma
|-damage|p2a: Necrozma|22/100
|-damage|p1a: Zamazenta|35/100|[from] item: Life Orb
|move|p2a: Necrozma|Meteor Beam||[still]
|-prepare|p2a: Necrozma|Meteor Beam
|-boost|p2a: Necrozma|spa|1
|-enditem|p2a: Necrozma|Power Herb
|-anim|p2a: Necrozma|Meteor Beam|p1a: Zamazenta
|-resisted|p1a: Zamazenta
|-damage|p1a: Zamazenta|0 fnt
|faint|p1a: Zamazenta
|
|upkeep
|
|t:|1781459959
|switch|p1a: Hoopa|Hoopa-Unbound|100/100
|turn|17
|
|t:|1781459962
|move|p1a: Hoopa|Hyperspace Fury|p2a: Necrozma
|-supereffective|p2a: Necrozma
|-damage|p2a: Necrozma|0 fnt
|-unboost|p1a: Hoopa|def|1
|faint|p2a: Necrozma
|
|upkeep
|
|t:|1781459964
|switch|p2a: Dragonite|Dragonite, F|100/100
|turn|18
|
|t:|1781459966
|move|p1a: Hoopa|Hyperspace Fury|p2a: Dragonite
|-damage|p2a: Dragonite|50/100
|-unboost|p1a: Hoopa|def|1
|move|p2a: Dragonite|Dragon Dance|p2a: Dragonite
|-boost|p2a: Dragonite|atk|1
|-boost|p2a: Dragonite|spe|1
|
|upkeep
|turn|19
|
|t:|1781459970
|move|p2a: Dragonite|Outrage|p1a: Hoopa
|-damage|p1a: Hoopa|0 fnt
|faint|p1a: Hoopa
|
|upkeep
|
|t:|1781459973
|switch|p1a: Slowking|Slowking-Galar, F|95/100
|turn|20
|
|t:|1781459976
|move|p2a: Dragonite|Outrage|p1a: Slowking|[from] lockedmove
|-damage|p1a: Slowking|0 fnt
|faint|p1a: Slowking
|-start|p2a: Dragonite|confusion|[fatigue]
|
|upkeep
|-message|ScribbleScribble forfeited.
|
|win|mathismathin
|raw|ScribbleScribble's rating: 1525 &rarr; <strong>1505</strong><br />(-20 for losing)
|raw|mathismathin's rating: 1520 &rarr; <strong>1540</strong><br />(+20 for winning)
|l|☆ScribbleScribble
|player|p1|
