|j|☆tonyrayyy
|j|☆ghostninja77
|t:|1781402128
|gametype|singles
|player|p1|tonyrayyy|169|1541
|player|p2|ghostninja77|red|1557
|gen|9
|tier|[Gen 9] OU
|rated|
|rule|HP Percentage Mod: HP is shown in percentages
|rule|Endless Battle Clause: Forcing endless battles is banned
|rule|Species Clause: Limit one of each Pokémon
|rule|OHKO Clause: OHKO moves are banned
|rule|Evasion Items Clause: Evasion items are banned
|rule|Evasion Moves Clause: Evasion moves are banned
|rule|Evasion Abilities Clause: Evasion abilities are banned
|rule|Sleep Moves Clause: Sleep-inducing moves are banned
|clearpoke
|poke|p1|Samurott-Hisui, M|
|poke|p1|Zapdos|
|poke|p1|Gholdengo|
|poke|p1|Kingambit, F|
|poke|p1|Slowking-Galar, F|
|poke|p1|Great Tusk|
|poke|p2|Weezing-Galar, M|
|poke|p2|Alomomola, F|
|poke|p2|Iron Treads|
|poke|p2|Tornadus-Therian, M|
|poke|p2|Zamazenta-*|
|poke|p2|Lokix, M|
|teampreview
|j| Shucklepilled
|j| Finkachu
|inactive|Battle timer is ON: inactive players will automatically lose when time's up. (requested by ghostninja77)
|
|t:|1781402161
|teamsize|p1|6
|teamsize|p2|6
|start
|switch|p1a: Samurott|Samurott-Hisui, M|100/100
|switch|p2a: Tornadus|Tornadus-Therian, M|100/100
|turn|1
|j| moodrandom
|
|t:|1781402186
|switch|p1a: Zapdos|Zapdos|100/100
|move|p2a: Tornadus|Knock Off|p1a: Zapdos
|-damage|p1a: Zapdos|86/100
|-status|p2a: Tornadus|par|[from] ability: Static|[of] p1a: Zapdos
|-enditem|p1a: Zapdos|Heavy-Duty Boots|[from] move: Knock Off|[of] p2a: Tornadus
|
|upkeep
|turn|2
|j| CLICK BEFORE CALC
|l| CLICK BEFORE CALC
|
|t:|1781402199
|switch|p2a: Iron Treads|Iron Treads|100/100
|move|p1a: Zapdos|Volt Switch|p2a: Iron Treads
|-immune|p2a: Iron Treads
|
|upkeep
|turn|3
|
|t:|1781402206
|switch|p1a: Great Tusk|Great Tusk|100/100
|move|p2a: Iron Treads|Stealth Rock|p1a: Great Tusk
|-sidestart|p1: tonyrayyy|move: Stealth Rock
|
|upkeep
|turn|4
|j| CLICK BEFORE CALC
|l| CLICK BEFORE CALC
|
|t:|1781402217
|-end|p2a: Iron Treads|Quark Drive|[silent]
|switch|p2a: Alomomola|Alomomola, F|100/100
|move|p1a: Great Tusk|Stealth Rock|p2a: Alomomola
|-sidestart|p2: ghostninja77|move: Stealth Rock
|
|upkeep
|turn|5
|
|t:|1781402222
|-end|p1a: Great Tusk|Protosynthesis|[silent]
|switch|p1a: Slowking|Slowking-Galar, F|100/100
|move|p2a: Alomomola|Flip Turn|p1a: Slowking
|-damage|p1a: Slowking|84/100
|
|t:|1781402226
|switch|p2a: Iron Treads|Iron Treads|100/100|[from] Flip Turn
|-damage|p2a: Iron Treads|97/100|[from] Stealth Rock
|
|-heal|p2a: Iron Treads|100/100|[from] item: Leftovers
|upkeep
|turn|6
|
|t:|1781402234
|switch|p1a: Great Tusk|Great Tusk|100/100
|move|p2a: Iron Treads|Rapid Spin|p1a: Great Tusk
|-damage|p1a: Great Tusk|92/100
|-boost|p2a: Iron Treads|spe|1
|-sideend|p2: ghostninja77|Stealth Rock|[from] move: Rapid Spin|[of] p2a: Iron Treads
|
|upkeep
|turn|7
|
|t:|1781402242
|-end|p2a: Iron Treads|Quark Drive|[silent]
|switch|p2a: Alomomola|Alomomola, F|100/100
|move|p1a: Great Tusk|Stealth Rock|p2a: Alomomola
|-sidestart|p2: ghostninja77|move: Stealth Rock
|
|upkeep
|turn|8
|
|t:|1781402252
|-end|p1a: Great Tusk|Protosynthesis|[silent]
|switch|p1a: Slowking|Slowking-Galar, F|100/100
|move|p2a: Alomomola|Flip Turn|p1a: Slowking
|-damage|p1a: Slowking|85/100
|
|t:|1781402263
|switch|p2a: Lokix|Lokix, M|100/100|[from] Flip Turn
|-damage|p2a: Lokix|76/100|[from] Stealth Rock
|
|upkeep
|turn|9
|
|t:|1781402268
|switch|p1a: Zapdos|Zapdos|86/100
|-damage|p1a: Zapdos|61/100|[from] Stealth Rock
|move|p2a: Lokix|Knock Off|p1a: Zapdos
|-damage|p1a: Zapdos|25/100
|
|upkeep
|turn|10
|
|t:|1781402278
|switch|p2a: Iron Treads|Iron Treads|100/100
|-damage|p2a: Iron Treads|97/100|[from] Stealth Rock
|move|p1a: Zapdos|Roost|p1a: Zapdos
|-heal|p1a: Zapdos|75/100
|-singleturn|p1a: Zapdos|move: Roost
|
|-heal|p2a: Iron Treads|100/100|[from] item: Leftovers
|upkeep
|turn|11
|
|t:|1781402287
|switch|p1a: Great Tusk|Great Tusk|92/100
|move|p2a: Iron Treads|Rapid Spin|p1a: Great Tusk
|-damage|p1a: Great Tusk|84/100
|-boost|p2a: Iron Treads|spe|1
|-sideend|p2: ghostninja77|Stealth Rock|[from] move: Rapid Spin|[of] p2a: Iron Treads
|
|upkeep
|turn|12
|
|t:|1781402294
|move|p2a: Iron Treads|Ice Spinner|p1a: Great Tusk
|-supereffective|p1a: Great Tusk
|-damage|p1a: Great Tusk|59/100
|move|p1a: Great Tusk|Stealth Rock|p2a: Iron Treads
|-sidestart|p2: ghostninja77|move: Stealth Rock
|
|upkeep
|turn|13
|l| Shucklepilled
|
|t:|1781402307
|move|p2a: Iron Treads|Ice Spinner|p1a: Great Tusk
|-supereffective|p1a: Great Tusk
|-damage|p1a: Great Tusk|31/100
|move|p1a: Great Tusk|Rapid Spin|p2a: Iron Treads
|-resisted|p2a: Iron Treads
|-damage|p2a: Iron Treads|95/100
|-boost|p1a: Great Tusk|spe|1
|-sideend|p1: tonyrayyy|Stealth Rock|[from] move: Rapid Spin|[of] p1a: Great Tusk
|
|-heal|p2a: Iron Treads|100/100|[from] item: Leftovers
|upkeep
|turn|14
|
|t:|1781402321
|move|p2a: Iron Treads|Rapid Spin|p1a: Great Tusk
|-damage|p1a: Great Tusk|23/100
|-boost|p2a: Iron Treads|spe|1
|-sideend|p2: ghostninja77|Stealth Rock|[from] move: Rapid Spin|[of] p2a: Iron Treads
|move|p1a: Great Tusk|Headlong Rush|p2a: Iron Treads
|-supereffective|p2a: Iron Treads
|-damage|p2a: Iron Treads|13/100
|-unboost|p1a: Great Tusk|def|1
|-unboost|p1a: Great Tusk|spd|1
|
|-heal|p2a: Iron Treads|19/100|[from] item: Leftovers
|upkeep
|turn|15
|
|t:|1781402330
|move|p2a: Iron Treads|Ice Spinner|p1a: Great Tusk
|-supereffective|p1a: Great Tusk
|-damage|p1a: Great Tusk|0 fnt
|faint|p1a: Great Tusk
|-end|p1a: Great Tusk|Protosynthesis|[silent]
|
|-heal|p2a: Iron Treads|25/100|[from] item: Leftovers
|upkeep
|
|t:|1781402336
|switch|p1a: Samurott|Samurott-Hisui, M|100/100
|turn|16
|
|t:|1781402343
|-end|p2a: Iron Treads|Quark Drive|[silent]
|switch|p2a: Alomomola|Alomomola, F|100/100
|move|p1a: Samurott|Ceaseless Edge|p2a: Alomomola
|-damage|p2a: Alomomola|72/100
|-damage|p1a: Samurott|84/100|[from] item: Rocky Helmet|[of] p2a: Alomomola
|-sidestart|p2: ghostninja77|Spikes
|
|upkeep
|turn|17
|
|t:|1781402359
|move|p1a: Samurott|Ceaseless Edge|p2a: Alomomola
|-damage|p2a: Alomomola|45/100
|-damage|p1a: Samurott|68/100|[from] item: Rocky Helmet|[of] p2a: Alomomola
|-sidestart|p2: ghostninja77|Spikes
|move|p2a: Alomomola|Wish|p2a: Alomomola
|
|upkeep
|turn|18
|
|t:|1781402368
|move|p1a: Samurott|Ceaseless Edge|p2a: Alomomola
|-damage|p2a: Alomomola|20/100
|-damage|p1a: Samurott|51/100|[from] item: Rocky Helmet|[of] p2a: Alomomola
|-sidestart|p2: ghostninja77|Spikes
|move|p2a: Alomomola|Flip Turn|p1a: Samurott
|-resisted|p1a: Samurott
|-damage|p1a: Samurott|42/100
|
|t:|1781402376
|switch|p2a: Weezing|Weezing-Galar, M|100/100|[from] Flip Turn
|-ability|p2a: Weezing|Neutralizing Gas
|-damage|p2a: Weezing|76/100|[from] Spikes
|
|-heal|p2a: Weezing|100/100|[from] move: Wish|[wisher] Alomomola
|upkeep
|turn|19
|
|t:|1781402399
|switch|p1a: Gholdengo|Gholdengo|100/100
|-item|p1a: Gholdengo|Air Balloon
|move|p2a: Weezing|Defog|p1a: Gholdengo
|-unboost|p1a: Gholdengo|evasion|1
|-sideend|p2: ghostninja77|Spikes|[from] move: Defog|[of] p2a: Weezing
|
|upkeep
|turn|20
|j| Squilliam2g
|
|t:|1781402411
|-end|p2a: Weezing|ability: Neutralizing Gas
|switch|p2a: Tornadus|Tornadus-Therian, M|100/100 par
|move|p1a: Gholdengo|Shadow Ball|p2a: Tornadus
|-damage|p2a: Tornadus|70/100 par
|
|upkeep
|turn|21
|
|t:|1781402424
|switch|p1a: Zapdos|Zapdos|75/100
|move|p2a: Tornadus|Knock Off|p1a: Zapdos
|-damage|p1a: Zapdos|65/100
|
|upkeep
|turn|22
|
|t:|1781402430
|move|p1a: Zapdos|Hurricane|p2a: Tornadus
|-damage|p2a: Tornadus|38/100 par
|cant|p2a: Tornadus|par
|
|upkeep
|turn|23
|j| OUZQ Crocodile
|inactive|ghostninja77 has 120 seconds left.
|
|t:|1781402473
|switch|p2a: Weezing|Weezing-Galar, M|100/100
|-ability|p2a: Weezing|Neutralizing Gas
|move|p1a: Zapdos|Hurricane|p2a: Weezing|[miss]
|-miss|p1a: Zapdos|p2a: Weezing
|
|upkeep
|turn|24
|
|t:|1781402487
|-end|p2a: Weezing|ability: Neutralizing Gas
|switch|p2a: Iron Treads|Iron Treads|25/100
|move|p1a: Zapdos|Hurricane|p2a: Iron Treads
|-resisted|p2a: Iron Treads
|-damage|p2a: Iron Treads|0 fnt
|faint|p2a: Iron Treads
|-end|p2a: Iron Treads|Quark Drive|[silent]
|
|upkeep
|
|t:|1781402510
|switch|p2a: Zamazenta|Zamazenta|100/100
|-ability|p2a: Zamazenta|Dauntless Shield|boost
|-boost|p2a: Zamazenta|def|1
|turn|25
|
|t:|1781402519
|move|p2a: Zamazenta|Stone Edge|p1a: Zapdos
|-supereffective|p1a: Zapdos
|-damage|p1a: Zapdos|0 fnt
|faint|p1a: Zapdos
|
|upkeep
|
|t:|1781402535
|switch|p1a: Gholdengo|Gholdengo|100/100
|-item|p1a: Gholdengo|Air Balloon
|turn|26
|l| moodrandom
|
|t:|1781402555
|switch|p2a: Tornadus|Tornadus-Therian, M|71/100 par
|move|p1a: Gholdengo|Nasty Plot|p1a: Gholdengo
|-boost|p1a: Gholdengo|spa|2
|
|upkeep
|turn|27
|inactive|ghostninja77 has 90 seconds left.
|
|t:|1781402579
|switch|p2a: Weezing|Weezing-Galar, M|100/100
|-ability|p2a: Weezing|Neutralizing Gas
|move|p1a: Gholdengo|Make It Rain|p2a: Weezing
|-supereffective|p2a: Weezing
|-damage|p2a: Weezing|0 fnt
|-unboost|p1a: Gholdengo|spa|1
|faint|p2a: Weezing
|-end|p2a: Weezing|ability: Neutralizing Gas
|
|upkeep
|inactive|ghostninja77 has 90 seconds left.
|
|t:|1781402606
|switch|p2a: Tornadus|Tornadus-Therian, M|100/100 par
|turn|28
|
|t:|1781402610
|switch|p1a: Slowking|Slowking-Galar, F|100/100
|move|p2a: Tornadus|Heat Wave|p1a: Slowking|[miss]
|-miss|p2a: Tornadus|p1a: Slowking
|
|upkeep
|turn|29
|
|t:|1781402627
|cant|p2a: Tornadus|par
|move|p1a: Slowking|Future Sight|p2a: Tornadus
|-start|p1a: Slowking|move: Future Sight
|
|upkeep
|turn|30
|
|t:|1781402632
|cant|p2a: Tornadus|par
|-prepare|p1a: Slowking|Chilly Reception|[premajor]
|move|p1a: Slowking|Chilly Reception|p1a: Slowking
|-weather|Snowscape
|
|t:|1781402637
|switch|p1a: Samurott|Samurott-Hisui, M|42/100|[from] Chilly Reception
|
|-weather|Snowscape|[upkeep]
|upkeep
|turn|31
|
|t:|1781402642
|move|p1a: Samurott|Ceaseless Edge|p2a: Tornadus
|-damage|p2a: Tornadus|50/100 par
|-sidestart|p2: ghostninja77|Spikes
|move|p2a: Tornadus|U-turn|p1a: Samurott
|-supereffective|p1a: Samurott
|-damage|p1a: Samurott|5/100
|
|t:|1781402648
|switch|p2a: Lokix|Lokix, M|76/100|[from] U-turn
|-damage|p2a: Lokix|63/100|[from] Spikes
|
|-weather|Snowscape|[upkeep]
|-end|p2a: Lokix|move: Future Sight
|-immune|p2a: Lokix
|upkeep
|turn|32
|
|t:|1781402657
|move|p2a: Lokix|First Impression|p1a: Samurott
|-supereffective|p1a: Samurott
|-damage|p1a: Samurott|0 fnt
|faint|p1a: Samurott
|
|-weather|Snowscape|[upkeep]
|upkeep
|
|t:|1781402671
|switch|p1a: Gholdengo|Gholdengo|100/100
|-item|p1a: Gholdengo|Air Balloon
|turn|33
|inactive|ghostninja77 has 120 seconds left.
|inactive|ghostninja77 has 90 seconds left.
|
|t:|1781402715
|switch|p2a: Tornadus|Tornadus-Therian, M|84/100 par
|move|p1a: Gholdengo|Nasty Plot|p1a: Gholdengo
|-boost|p1a: Gholdengo|spa|2
|
|-weather|Snowscape|[upkeep]
|upkeep
|turn|34
|inactive|ghostninja77 has 90 seconds left.
|
|t:|1781402739
|-terastallize|p2a: Tornadus|Water
|move|p1a: Gholdengo|Make It Rain|p2a: Tornadus
|-resisted|p2a: Tornadus
|-damage|p2a: Tornadus|44/100 par
|-unboost|p1a: Gholdengo|spa|1
|move|p2a: Tornadus|Heat Wave|p1a: Gholdengo
|-supereffective|p1a: Gholdengo
|-damage|p1a: Gholdengo|53/100
|-enditem|p1a: Gholdengo|Air Balloon
|
|-weather|none
|upkeep
|turn|35
|
|t:|1781402758
|move|p1a: Gholdengo|Recover|p1a: Gholdengo
|-heal|p1a: Gholdengo|100/100
|move|p2a: Tornadus|Heat Wave|p1a: Gholdengo|[miss]
|-miss|p2a: Tornadus|p1a: Gholdengo
|
|upkeep
|turn|36
|
|t:|1781402764
|move|p1a: Gholdengo|Shadow Ball|p2a: Tornadus
|-damage|p2a: Tornadus|1/100 par
|move|p2a: Tornadus|Heat Wave|p1a: Gholdengo
|-supereffective|p1a: Gholdengo
|-damage|p1a: Gholdengo|56/100
|
|upkeep
|turn|37
|inactive|ghostninja77 has 90 seconds left.
|
|t:|1781402770
|move|p1a: Gholdengo|Nasty Plot|p1a: Gholdengo
|-boost|p1a: Gholdengo|spa|2
|move|p2a: Tornadus|Heat Wave|p1a: Gholdengo
|-supereffective|p1a: Gholdengo
|-damage|p1a: Gholdengo|12/100
|
|upkeep
|turn|38
|
|t:|1781402778
|move|p1a: Gholdengo|Recover|p1a: Gholdengo
|-heal|p1a: Gholdengo|62/100
|cant|p2a: Tornadus|par
|
|upkeep
|turn|39
|
|t:|1781402790
|move|p1a: Gholdengo|Recover|p1a: Gholdengo
|-heal|p1a: Gholdengo|100/100
|move|p2a: Tornadus|Heat Wave|p1a: Gholdengo
|-supereffective|p1a: Gholdengo
|-damage|p1a: Gholdengo|54/100
|
|upkeep
|turn|40
|
|t:|1781402802
|move|p1a: Gholdengo|Recover|p1a: Gholdengo
|-heal|p1a: Gholdengo|100/100
|cant|p2a: Tornadus|par
|
|upkeep
|turn|41
|
|t:|1781402807
|move|p1a: Gholdengo|Shadow Ball|p2a: Tornadus
|-damage|p2a: Tornadus|0 fnt
|faint|p2a: Tornadus
|
|upkeep
|
|t:|1781402823
|switch|p2a: Zamazenta|Zamazenta|100/100
|-damage|p2a: Zamazenta|88/100|[from] Spikes
|turn|42
|
|t:|1781402831
|-terastallize|p1a: Gholdengo|Fairy
|move|p2a: Zamazenta|Crunch|p1a: Gholdengo
|-resisted|p1a: Gholdengo
|-damage|p1a: Gholdengo|80/100
|move|p1a: Gholdengo|Shadow Ball|p2a: Zamazenta
|-damage|p2a: Zamazenta|0 fnt
|faint|p2a: Zamazenta
|
|upkeep
|
|t:|1781402838
|switch|p2a: Lokix|Lokix, M|63/100
|-damage|p2a: Lokix|51/100|[from] Spikes
|turn|43
|
|t:|1781402845
|move|p2a: Lokix|First Impression|p1a: Gholdengo
|-resisted|p1a: Gholdengo
|-damage|p1a: Gholdengo|28/100
|move|p1a: Gholdengo|Make It Rain|p2a: Lokix
|-damage|p2a: Lokix|0 fnt
|-unboost|p1a: Gholdengo|spa|1
|faint|p2a: Lokix
|
|upkeep
|l| OUZQ Crocodile
|-message|ghostninja77 forfeited.
|
|win|tonyrayyy
|raw|tonyrayyy's rating: 1541 &rarr; <strong>1562</strong><br />(+21 for winning)
|raw|ghostninja77's rating: 1557 &rarr; <strong>1536</strong><br />(-21 for losing)
|l|☆ghostninja77
|player|p2|
