|j|☆norca152
|j|☆tb poke
|t:|1781350391
|gametype|singles
|player|p1|norca152|steven|1551
|player|p2|tb poke|170|1605
|gen|9
|tier|[Gen 9] OU
|rated|
|rule|HP Percentage Mod: HP is shown in percentages
|rule|Endless Battle Clause: Forcing endless battles is banned
|rule|Species Clause: Limit one of each Pokémon
|rule|OHKO Clause: OHKO moves are banned
|rule|Evasion Items Clause: Evasion items are banned
|rule|Evasion Moves Clause: Evasion moves are banned
|rule|Evasion Abilities Clause: Evasion abilities are banned
|rule|Sleep Moves Clause: Sleep-inducing moves are banned
|clearpoke
|poke|p1|Ditto|
|poke|p1|Snorlax, F|
|poke|p1|Dragonite, M|
|poke|p1|Scizor, M|
|poke|p1|Swampert, F|
|poke|p1|Metagross|
|poke|p2|Zamazenta-*|
|poke|p2|Iron Treads|
|poke|p2|Pecharunt|
|poke|p2|Tornadus-Therian, M|
|poke|p2|Hatterene, F|
|poke|p2|Alomomola, F|
|teampreview
|inactive|Battle timer is ON: inactive players will automatically lose when time's up. (requested by tb poke)
|
|t:|1781350413
|teamsize|p1|6
|teamsize|p2|6
|start
|switch|p1a: Swampert|Swampert, F, shiny|100/100
|switch|p2a: Pecharunt|Pecharunt|100/100
|turn|1
|
|t:|1781350419
|move|p2a: Pecharunt|Malignant Chain|p1a: Swampert
|-resisted|p1a: Swampert
|-damage|p1a: Swampert|91/100
|-status|p1a: Swampert|tox
|-start|p1a: Swampert|confusion|[from] ability: Poison Puppeteer|[of] p2a: Pecharunt
|-activate|p1a: Swampert|confusion
|move|p1a: Swampert|Earthquake|p2a: Pecharunt
|-supereffective|p2a: Pecharunt
|-damage|p2a: Pecharunt|57/100
|
|-damage|p1a: Swampert|85/100 tox|[from] psn
|upkeep
|turn|2
|j| infopro play392
|
|t:|1781350430
|move|p2a: Pecharunt|Recover|p2a: Pecharunt
|-heal|p2a: Pecharunt|100/100
|-end|p1a: Swampert|confusion
|move|p1a: Swampert|Flip Turn|p2a: Pecharunt
|-damage|p2a: Pecharunt|87/100
|
|t:|1781350444
|switch|p1a: Ditto|Ditto, shiny|100/100|[from] Flip Turn
|-transform|p1a: Ditto|p2a: Pecharunt|[from] ability: Imposter
|
|upkeep
|turn|3
|
|t:|1781350454
|switch|p2a: Iron Treads|Iron Treads|100/100
|-item|p2a: Iron Treads|Air Balloon
|move|p1a: Ditto|Shadow Ball|p2a: Iron Treads
|-damage|p2a: Iron Treads|64/100
|-enditem|p2a: Iron Treads|Air Balloon
|
|upkeep
|turn|4
|
|t:|1781350459
|move|p2a: Iron Treads|Stealth Rock|p1a: Ditto
|-sidestart|p1: norca152|move: Stealth Rock
|move|p1a: Ditto|Shadow Ball|p2a: Iron Treads
|-damage|p2a: Iron Treads|27/100
|
|upkeep
|turn|5
|
|t:|1781350468
|-end|p2a: Iron Treads|Quark Drive|[silent]
|switch|p2a: Alomomola|Alomomola, F|100/100
|move|p1a: Ditto|Shadow Ball|p2a: Alomomola
|-damage|p2a: Alomomola|87/100
|
|upkeep
|turn|6
|
|t:|1781350479
|switch|p1a: Snorlax|Snorlax, F, shiny|100/100
|-damage|p1a: Snorlax|88/100|[from] Stealth Rock
|move|p2a: Alomomola|Mirror Coat||[still]
|-fail|p2a: Alomomola
|
|upkeep
|turn|7
|
|t:|1781350482
|move|p2a: Alomomola|Flip Turn|p1a: Snorlax
|-damage|p1a: Snorlax|71/100
|
|t:|1781350486
|switch|p2a: Zamazenta|Zamazenta|100/100|[from] Flip Turn
|-ability|p2a: Zamazenta|Dauntless Shield|boost
|-boost|p2a: Zamazenta|def|1
|move|p1a: Snorlax|Curse|p1a: Snorlax
|-unboost|p1a: Snorlax|spe|1
|-boost|p1a: Snorlax|atk|1
|-boost|p1a: Snorlax|def|1
|
|upkeep
|turn|8
|
|t:|1781350515
|move|p2a: Zamazenta|Iron Defense|p2a: Zamazenta
|-boost|p2a: Zamazenta|def|2
|move|p1a: Snorlax|Curse|p1a: Snorlax
|-unboost|p1a: Snorlax|spe|1
|-boost|p1a: Snorlax|atk|1
|-boost|p1a: Snorlax|def|1
|
|upkeep
|turn|9
|
|t:|1781350519
|move|p2a: Zamazenta|Iron Defense|p2a: Zamazenta
|-boost|p2a: Zamazenta|def|2
|move|p1a: Snorlax|Curse|p1a: Snorlax
|-unboost|p1a: Snorlax|spe|1
|-boost|p1a: Snorlax|atk|1
|-boost|p1a: Snorlax|def|1
|
|upkeep
|turn|10
|
|t:|1781350521
|move|p2a: Zamazenta|Iron Defense|p2a: Zamazenta
|-boost|p2a: Zamazenta|def|1
|move|p1a: Snorlax|Rest|p1a: Snorlax
|-status|p1a: Snorlax|slp|[from] move: Rest
|-heal|p1a: Snorlax|100/100 slp|[silent]
|-enditem|p1a: Snorlax|Chesto Berry|[eat]
|-curestatus|p1a: Snorlax|slp|[msg]
|
|upkeep
|turn|11
|
|t:|1781350523
|move|p2a: Zamazenta|Body Press|p1a: Snorlax
|-supereffective|p1a: Snorlax
|-damage|p1a: Snorlax|0 fnt
|faint|p1a: Snorlax
|
|upkeep
|
|t:|1781350528
|switch|p1a: Ditto|Ditto, shiny|100/100
|-damage|p1a: Ditto|88/100|[from] Stealth Rock
|-transform|p1a: Ditto|p2a: Zamazenta|[from] ability: Imposter
|turn|12
|
|t:|1781350532
|move|p1a: Ditto|Body Press|p2a: Zamazenta
|-damage|p2a: Zamazenta|71/100
|move|p2a: Zamazenta|Body Press|p1a: Ditto
|-damage|p1a: Ditto|57/100
|
|-heal|p2a: Zamazenta|77/100|[from] item: Leftovers
|upkeep
|turn|13
|
|t:|1781350536
|move|p1a: Ditto|Body Press|p2a: Zamazenta
|-damage|p2a: Zamazenta|47/100
|move|p2a: Zamazenta|Body Press|p1a: Ditto
|-damage|p1a: Ditto|25/100
|
|-heal|p2a: Zamazenta|53/100|[from] item: Leftovers
|upkeep
|turn|14
|
|t:|1781350540
|move|p1a: Ditto|Body Press|p2a: Zamazenta
|-damage|p2a: Zamazenta|25/100
|move|p2a: Zamazenta|Body Press|p1a: Ditto
|-damage|p1a: Ditto|0 fnt
|faint|p1a: Ditto
|
|-heal|p2a: Zamazenta|31/100|[from] item: Leftovers
|upkeep
|
|t:|1781350548
|switch|p1a: Scizor|Scizor, M, shiny|100/100
|-damage|p1a: Scizor|88/100|[from] Stealth Rock
|turn|15
|
|t:|1781350551
|move|p2a: Zamazenta|Body Press|p1a: Scizor
|-damage|p1a: Scizor|0 fnt
|faint|p1a: Scizor
|
|-heal|p2a: Zamazenta|37/100|[from] item: Leftovers
|upkeep
|
|t:|1781350554
|switch|p1a: Metagross|Metagross, shiny|100/100
|-damage|p1a: Metagross|94/100|[from] Stealth Rock
|turn|16
|
|t:|1781350560
|move|p2a: Zamazenta|Body Press|p1a: Metagross
|-damage|p1a: Metagross|0 fnt
|faint|p1a: Metagross
|
|-heal|p2a: Zamazenta|43/100|[from] item: Leftovers
|upkeep
|
|t:|1781350564
|switch|p1a: Dragonite|Dragonite, M, shiny|100/100
|turn|17
|
|t:|1781350567
|move|p2a: Zamazenta|Body Press|p1a: Dragonite
|-resisted|p1a: Dragonite
|-damage|p1a: Dragonite|60/100
|move|p1a: Dragonite|Dragon Dance|p1a: Dragonite
|-boost|p1a: Dragonite|atk|1
|-boost|p1a: Dragonite|spe|1
|
|-heal|p2a: Zamazenta|49/100|[from] item: Leftovers
|upkeep
|turn|18
|
|t:|1781350574
|move|p2a: Zamazenta|Body Press|p1a: Dragonite
|-resisted|p1a: Dragonite
|-damage|p1a: Dragonite|0 fnt
|faint|p1a: Dragonite
|
|-heal|p2a: Zamazenta|56/100|[from] item: Leftovers
|upkeep
|-message|norca152 forfeited.
|
|win|tb poke
|raw|norca152's rating: 1551 &rarr; <strong>1534</strong><br />(-17 for losing)
|raw|tb poke's rating: 1605 &rarr; <strong>1622</strong><br />(+17 for winning)
|l|☆norca152
|player|p1|
|l|☆tb poke
|player|p2|
