|j|☆itsjustrps
|j|☆Juchzer
|t:|1781181607
|gametype|singles
|player|p1|itsjustrps|1|1566
|player|p2|Juchzer|2|1564
|gen|9
|tier|[Gen 9] OU
|rated|
|rule|HP Percentage Mod: HP is shown in percentages
|rule|Endless Battle Clause: Forcing endless battles is banned
|rule|Species Clause: Limit one of each Pokémon
|rule|OHKO Clause: OHKO moves are banned
|rule|Evasion Items Clause: Evasion items are banned
|rule|Evasion Moves Clause: Evasion moves are banned
|rule|Evasion Abilities Clause: Evasion abilities are banned
|rule|Sleep Moves Clause: Sleep-inducing moves are banned
|clearpoke
|poke|p1|Clodsire, F|
|poke|p1|Dondozo, F|
|poke|p1|Garganacl, F|
|poke|p1|Kyurem|
|poke|p1|Corviknight, F|
|poke|p1|Tornadus-Therian, M|
|poke|p2|Hoopa-Unbound|
|poke|p2|Tentacruel, F|
|poke|p2|Ceruledge, F|
|poke|p2|Rillaboom, F|
|poke|p2|Scizor, F|
|poke|p2|Landorus-Therian, M|
|teampreview
|inactive|Battle timer is ON: inactive players will automatically lose when time's up. (requested by itsjustrps)
|
|t:|1781181619
|teamsize|p1|6
|teamsize|p2|6
|start
|switch|p1a: Tornadus|Tornadus-Therian, M|100/100
|switch|p2a: Landorus|Landorus-Therian, M|100/100
|-ability|p2a: Landorus|Intimidate|boost
|-unboost|p1a: Tornadus|atk|1
|turn|1
|
|t:|1781181624
|move|p1a: Tornadus|Taunt|p2a: Landorus
|-start|p2a: Landorus|move: Taunt
|move|p2a: Landorus|Smack Down|p1a: Tornadus
|-supereffective|p1a: Tornadus
|-damage|p1a: Tornadus|63/100
|-start|p1a: Tornadus|Smack Down
|
|upkeep
|turn|2
|
|t:|1781181636
|move|p1a: Tornadus|U-turn|p2a: Landorus
|-resisted|p2a: Landorus
|-damage|p2a: Landorus|95/100
|-damage|p1a: Tornadus|46/100|[from] item: Rocky Helmet|[of] p2a: Landorus
|
|t:|1781181642
|switch|p1a: Corviknight|Corviknight, F|100/100|[from] U-turn
|-ability|p1a: Corviknight|Pressure
|move|p2a: Landorus|U-turn|p1a: Corviknight
|-resisted|p1a: Corviknight
|-damage|p1a: Corviknight|96/100
|
|t:|1781181648
|switch|p2a: Ceruledge|Ceruledge, F|100/100|[from] U-turn
|
|upkeep
|turn|3
|
|t:|1781181657
|switch|p1a: Dondozo|Dondozo, F|100/100
|move|p2a: Ceruledge|Poltergeist|p1a: Dondozo
|-activate|p1a: Dondozo|move: Poltergeist|Leftovers
|-damage|p1a: Dondozo|75/100
|
|-heal|p1a: Dondozo|81/100|[from] item: Leftovers
|upkeep
|turn|4
|
|t:|1781181666
|switch|p2a: Tentacruel|Tentacruel, F|100/100
|move|p1a: Dondozo|Waterfall|p2a: Tentacruel
|-resisted|p2a: Tentacruel
|-damage|p2a: Tentacruel|82/100
|
|-heal|p1a: Dondozo|87/100|[from] item: Leftovers
|upkeep
|turn|5
|
|t:|1781181682
|switch|p1a: Corviknight|Corviknight, F|96/100
|-ability|p1a: Corviknight|Pressure
|move|p2a: Tentacruel|Sludge Bomb|p1a: Corviknight
|-immune|p1a: Corviknight
|
|upkeep
|turn|6
|
|t:|1781181692
|switch|p2a: Scizor|Scizor, F|100/100
|move|p1a: Corviknight|U-turn|p2a: Scizor
|-resisted|p2a: Scizor
|-damage|p2a: Scizor|94/100
|
|t:|1781181697
|switch|p1a: Tornadus|Tornadus-Therian, M|80/100|[from] U-turn
|
|-heal|p2a: Scizor|99/100|[from] item: Leftovers
|upkeep
|turn|7
|inactive|Juchzer has 120 seconds left.
|
|t:|1781181732
|-terastallize|p2a: Scizor|Flying
|move|p1a: Tornadus|Knock Off|p2a: Scizor
|-damage|p2a: Scizor|74/100
|-enditem|p2a: Scizor|Leftovers|[from] move: Knock Off|[of] p1a: Tornadus
|move|p2a: Scizor|Dual Wingbeat|p1a: Tornadus
|-damage|p1a: Tornadus|42/100
|-damage|p1a: Tornadus|4/100
|-hitcount|p1a: Tornadus|2
|
|upkeep
|turn|8
|
|t:|1781181747
|switch|p1a: Corviknight|Corviknight, F|96/100
|-ability|p1a: Corviknight|Pressure
|switch|p2a: Rillaboom|Rillaboom, F|100/100
|-fieldstart|move: Grassy Terrain|[from] ability: Grassy Surge|[of] p2a: Rillaboom
|
|upkeep
|turn|9
|
|t:|1781181757
|switch|p2a: Landorus|Landorus-Therian, M|95/100
|-ability|p2a: Landorus|Intimidate|boost
|-unboost|p1a: Corviknight|atk|1
|move|p1a: Corviknight|U-turn|p2a: Landorus
|-resisted|p2a: Landorus
|-damage|p2a: Landorus|90/100
|-damage|p1a: Corviknight|79/100|[from] item: Rocky Helmet|[of] p2a: Landorus
|
|t:|1781181765
|switch|p1a: Tornadus|Tornadus-Therian, M|37/100|[from] U-turn
|
|upkeep
|turn|10
|
|t:|1781181770
|move|p1a: Tornadus|U-turn|p2a: Landorus
|-resisted|p2a: Landorus
|-damage|p2a: Landorus|81/100
|-damage|p1a: Tornadus|20/100|[from] item: Rocky Helmet|[of] p2a: Landorus
|
|t:|1781181776
|switch|p1a: Corviknight|Corviknight, F|79/100|[from] U-turn
|-ability|p1a: Corviknight|Pressure
|move|p2a: Landorus|Smack Down|p1a: Corviknight
|-damage|p1a: Corviknight|67/100
|-start|p1a: Corviknight|Smack Down
|
|-heal|p1a: Corviknight|73/100|[from] Grassy Terrain
|upkeep
|turn|11
|
|t:|1781181786
|switch|p1a: Dondozo|Dondozo, F|87/100
|move|p2a: Landorus|Stealth Rock|p1a: Dondozo
|-sidestart|p1: itsjustrps|move: Stealth Rock
|
|-heal|p1a: Dondozo|93/100|[from] Grassy Terrain
|-heal|p1a: Dondozo|99/100|[from] item: Leftovers
|upkeep
|turn|12
|
|t:|1781181795
|move|p2a: Landorus|U-turn|p1a: Dondozo
|-damage|p1a: Dondozo|89/100
|
|t:|1781181806
|switch|p2a: Tentacruel|Tentacruel, F|82/100|[from] U-turn
|move|p1a: Dondozo|Waterfall|p2a: Tentacruel
|-resisted|p2a: Tentacruel
|-damage|p2a: Tentacruel|65/100
|
|-heal|p2a: Tentacruel|71/100|[from] Grassy Terrain
|-heal|p1a: Dondozo|96/100|[from] Grassy Terrain
|-heal|p1a: Dondozo|100/100|[from] item: Leftovers
|-fieldend|move: Grassy Terrain
|upkeep
|turn|13
|
|t:|1781181812
|switch|p2a: Rillaboom|Rillaboom, F|100/100
|-fieldstart|move: Grassy Terrain|[from] ability: Grassy Surge|[of] p2a: Rillaboom
|switch|p1a: Corviknight|Corviknight, F|73/100
|-damage|p1a: Corviknight|60/100|[from] Stealth Rock
|-ability|p1a: Corviknight|Pressure
|
|upkeep
|turn|14
|
|t:|1781181825
|switch|p2a: Hoopa|Hoopa-Unbound|100/100
|move|p1a: Corviknight|Roost|p1a: Corviknight
|-heal|p1a: Corviknight|100/100
|-singleturn|p1a: Corviknight|move: Roost
|
|upkeep
|turn|15
|
|t:|1781181835
|switch|p2a: Landorus|Landorus-Therian, M|81/100
|-ability|p2a: Landorus|Intimidate|boost
|-unboost|p1a: Corviknight|atk|1
|move|p1a: Corviknight|Defog|p2a: Landorus
|-unboost|p2a: Landorus|evasion|1
|-sideend|p1: itsjustrps|Stealth Rock|[from] move: Defog|[of] p1a: Corviknight
|-fieldend|move: Grassy Terrain
|
|upkeep
|turn|16
|
|t:|1781181842
|move|p2a: Landorus|Stealth Rock|p1a: Corviknight
|-sidestart|p1: itsjustrps|move: Stealth Rock
|move|p1a: Corviknight|U-turn|p2a: Landorus
|-resisted|p2a: Landorus
|-damage|p2a: Landorus|76/100
|-damage|p1a: Corviknight|84/100|[from] item: Rocky Helmet|[of] p2a: Landorus
|
|t:|1781181844
|switch|p1a: Tornadus|Tornadus-Therian, M|54/100|[from] U-turn
|-damage|p1a: Tornadus|29/100|[from] Stealth Rock
|
|upkeep
|turn|17
|
|t:|1781181850
|switch|p1a: Corviknight|Corviknight, F|84/100
|-damage|p1a: Corviknight|71/100|[from] Stealth Rock
|-ability|p1a: Corviknight|Pressure
|move|p2a: Landorus|Smack Down|p1a: Corviknight
|-damage|p1a: Corviknight|57/100
|-start|p1a: Corviknight|Smack Down
|
|upkeep
|turn|18
|
|t:|1781181857
|switch|p1a: Tornadus|Tornadus-Therian, M|62/100
|-damage|p1a: Tornadus|37/100|[from] Stealth Rock
|move|p2a: Landorus|Earthquake|p1a: Tornadus
|-immune|p1a: Tornadus
|
|upkeep
|turn|19
|
|t:|1781181865
|move|p1a: Tornadus|U-turn|p2a: Landorus
|-resisted|p2a: Landorus
|-damage|p2a: Landorus|68/100
|-damage|p1a: Tornadus|20/100|[from] item: Rocky Helmet|[of] p2a: Landorus
|
|t:|1781181868
|switch|p1a: Dondozo|Dondozo, F|100/100|[from] U-turn
|-damage|p1a: Dondozo|88/100|[from] Stealth Rock
|move|p2a: Landorus|Smack Down|p1a: Dondozo
|-damage|p1a: Dondozo|81/100
|
|-heal|p1a: Dondozo|87/100|[from] item: Leftovers
|upkeep
|turn|20
|
|t:|1781181876
|move|p2a: Landorus|U-turn|p1a: Dondozo
|-damage|p1a: Dondozo|76/100
|
|t:|1781181879
|switch|p2a: Rillaboom|Rillaboom, F|100/100|[from] U-turn
|-fieldstart|move: Grassy Terrain|[from] ability: Grassy Surge|[of] p2a: Rillaboom
|move|p1a: Dondozo|Waterfall|p2a: Rillaboom
|-resisted|p2a: Rillaboom
|-damage|p2a: Rillaboom|88/100
|
|-heal|p2a: Rillaboom|95/100|[from] Grassy Terrain
|-heal|p1a: Dondozo|82/100|[from] Grassy Terrain
|-heal|p1a: Dondozo|89/100|[from] item: Leftovers
|upkeep
|turn|21
|
|t:|1781181891
|switch|p1a: Tornadus|Tornadus-Therian, M|54/100
|-damage|p1a: Tornadus|29/100|[from] Stealth Rock
|move|p2a: Rillaboom|U-turn|p1a: Tornadus
|-resisted|p1a: Tornadus
|-damage|p1a: Tornadus|7/100
|
|t:|1781181904
|switch|p2a: Landorus|Landorus-Therian, M|68/100|[from] U-turn
|-ability|p2a: Landorus|Intimidate|boost
|-unboost|p1a: Tornadus|atk|1
|
|upkeep
|turn|22
|
|t:|1781181910
|switch|p1a: Corviknight|Corviknight, F|57/100
|-damage|p1a: Corviknight|44/100|[from] Stealth Rock
|-ability|p1a: Corviknight|Pressure
|move|p2a: Landorus|Smack Down|p1a: Corviknight
|-damage|p1a: Corviknight|30/100
|-start|p1a: Corviknight|Smack Down
|
|-heal|p1a: Corviknight|36/100|[from] Grassy Terrain
|upkeep
|turn|23
|
|t:|1781181916
|move|p2a: Landorus|Earthquake|p1a: Corviknight
|-supereffective|p1a: Corviknight
|-damage|p1a: Corviknight|0 fnt
|faint|p1a: Corviknight
|
|upkeep
|
|t:|1781181920
|switch|p1a: Kyurem|Kyurem|100/100
|-damage|p1a: Kyurem|75/100|[from] Stealth Rock
|-ability|p1a: Kyurem|Pressure
|turn|24
|
|t:|1781181926
|switch|p2a: Scizor|Scizor, F, tera:Flying|74/100
|move|p1a: Kyurem|Substitute|p1a: Kyurem
|-start|p1a: Kyurem|Substitute
|-damage|p1a: Kyurem|50/100
|
|-heal|p1a: Kyurem|57/100|[from] Grassy Terrain
|-heal|p1a: Kyurem|63/100|[from] item: Leftovers
|-fieldend|move: Grassy Terrain
|upkeep
|turn|25
|
|t:|1781181930
|move|p1a: Kyurem|Protect|p1a: Kyurem
|-singleturn|p1a: Kyurem|Protect
|move|p2a: Scizor|Bullet Punch|p1a: Kyurem
|-activate|p1a: Kyurem|move: Protect
|
|-heal|p1a: Kyurem|69/100|[from] item: Leftovers
|upkeep
|turn|26
|
|t:|1781181933
|move|p2a: Scizor|Bullet Punch|p1a: Kyurem
|-supereffective|p1a: Kyurem
|-end|p1a: Kyurem|Substitute
|move|p1a: Kyurem|Freeze-Dry|p2a: Scizor
|-supereffective|p2a: Scizor
|-damage|p2a: Scizor|0 fnt
|faint|p2a: Scizor
|
|-heal|p1a: Kyurem|75/100|[from] item: Leftovers
|upkeep
|inactive|Juchzer has 120 seconds left.
|
|t:|1781181966
|switch|p2a: Hoopa|Hoopa-Unbound|100/100
|turn|27
|
|t:|1781181975
|move|p2a: Hoopa|Psychic|p1a: Kyurem
|-damage|p1a: Kyurem|24/100
|move|p1a: Kyurem|Substitute|p1a: Kyurem
|-fail|p1a: Kyurem|move: Substitute|[weak]
|
|-heal|p1a: Kyurem|30/100|[from] item: Leftovers
|upkeep
|turn|28
|
|t:|1781181981
|move|p1a: Kyurem|Protect|p1a: Kyurem
|-singleturn|p1a: Kyurem|Protect
|move|p2a: Hoopa|Psychic|p1a: Kyurem
|-activate|p1a: Kyurem|move: Protect
|
|-heal|p1a: Kyurem|36/100|[from] item: Leftovers
|upkeep
|turn|29
|
|t:|1781181992
|switch|p1a: Garganacl|Garganacl, F|100/100
|move|p2a: Hoopa|Psychic|p1a: Garganacl
|-damage|p1a: Garganacl|63/100
|
|upkeep
|turn|30
|
|t:|1781182001
|switch|p2a: Tentacruel|Tentacruel, F|71/100
|move|p1a: Garganacl|Salt Cure|p2a: Tentacruel
|-damage|p2a: Tentacruel|54/100
|-start|p2a: Tentacruel|Salt Cure
|
|-damage|p2a: Tentacruel|29/100|[from] Salt Cure
|upkeep
|turn|31
|
|t:|1781182005
|switch|p2a: Landorus|Landorus-Therian, M|68/100
|-ability|p2a: Landorus|Intimidate|boost
|-unboost|p1a: Garganacl|atk|1
|move|p1a: Garganacl|Iron Defense|p1a: Garganacl
|-boost|p1a: Garganacl|def|2
|
|upkeep
|turn|32
|
|t:|1781182010
|move|p2a: Landorus|Earthquake|p1a: Garganacl
|-supereffective|p1a: Garganacl
|-damage|p1a: Garganacl|31/100
|move|p1a: Garganacl|Salt Cure|p2a: Landorus
|-damage|p2a: Landorus|58/100
|-start|p2a: Landorus|Salt Cure
|
|-damage|p2a: Landorus|46/100|[from] Salt Cure
|upkeep
|turn|33
|
|t:|1781182026
|-terastallize|p1a: Garganacl|Ghost
|move|p2a: Landorus|Earthquake|p1a: Garganacl
|-damage|p1a: Garganacl|14/100
|move|p1a: Garganacl|Recover|p1a: Garganacl
|-heal|p1a: Garganacl|64/100
|
|-damage|p2a: Landorus|33/100|[from] Salt Cure
|upkeep
|turn|34
|
|t:|1781182037
|move|p2a: Landorus|U-turn|p1a: Garganacl
|-resisted|p1a: Garganacl
|-crit|p1a: Garganacl
|-damage|p1a: Garganacl|52/100
|
|t:|1781182042
|switch|p2a: Hoopa|Hoopa-Unbound|100/100|[from] U-turn
|move|p1a: Garganacl|Salt Cure|p2a: Hoopa
|-damage|p2a: Hoopa|82/100
|-start|p2a: Hoopa|Salt Cure
|
|-damage|p2a: Hoopa|69/100|[from] Salt Cure
|upkeep
|turn|35
|
|t:|1781182049
|switch|p1a: Kyurem|Kyurem|36/100
|-damage|p1a: Kyurem|11/100|[from] Stealth Rock
|-ability|p1a: Kyurem|Pressure
|move|p2a: Hoopa|Knock Off|p1a: Kyurem
|-damage|p1a: Kyurem|0 fnt
|-enditem|p1a: Kyurem|Leftovers|[from] move: Knock Off|[of] p2a: Hoopa
|faint|p1a: Kyurem
|
|-damage|p2a: Hoopa|57/100|[from] Salt Cure
|upkeep
|
|t:|1781182053
|switch|p1a: Dondozo|Dondozo, F|89/100
|-damage|p1a: Dondozo|76/100|[from] Stealth Rock
|turn|36
|
|t:|1781182068
|switch|p2a: Rillaboom|Rillaboom, F|95/100
|-fieldstart|move: Grassy Terrain|[from] ability: Grassy Surge|[of] p2a: Rillaboom
|switch|p1a: Garganacl|Garganacl, F, tera:Ghost|52/100
|
|-heal|p2a: Rillaboom|100/100|[from] Grassy Terrain
|-heal|p1a: Garganacl|58/100|[from] Grassy Terrain
|upkeep
|turn|37
|
|t:|1781182071
|move|p2a: Rillaboom|Wood Hammer|p1a: Garganacl
|-damage|p1a: Garganacl|0 fnt
|faint|p1a: Garganacl
|-damage|p2a: Rillaboom|81/100|[from] Recoil
|
|-heal|p2a: Rillaboom|87/100|[from] Grassy Terrain
|upkeep
|-message|itsjustrps forfeited.
|
|win|Juchzer
|raw|itsjustrps's rating: 1566 &rarr; <strong>1546</strong><br />(-20 for losing)
|raw|Juchzer's rating: 1564 &rarr; <strong>1584</strong><br />(+20 for winning)
|l|☆itsjustrps
|player|p1|
|l|☆Juchzer
|player|p2|
