|j|☆hypervortex7
|j|☆BlackStar150520
|t:|1781171769
|gametype|singles
|player|p1|hypervortex7|265|1745
|player|p2|BlackStar150520|unknown|1650
|gen|9
|tier|[Gen 9] OU
|rated|
|rule|HP Percentage Mod: HP is shown in percentages
|rule|Endless Battle Clause: Forcing endless battles is banned
|rule|Species Clause: Limit one of each Pokémon
|rule|OHKO Clause: OHKO moves are banned
|rule|Evasion Items Clause: Evasion items are banned
|rule|Evasion Moves Clause: Evasion moves are banned
|rule|Evasion Abilities Clause: Evasion abilities are banned
|rule|Sleep Moves Clause: Sleep-inducing moves are banned
|clearpoke
|poke|p1|Dragonite, M|
|poke|p1|Scizor, F|
|poke|p1|Corviknight, M|
|poke|p1|Zamazenta-*|
|poke|p1|Iron Moth|
|poke|p1|Zapdos|
|poke|p2|Raging Bolt|
|poke|p2|Kingambit, M|
|poke|p2|Iron Moth|
|poke|p2|Ogerpon-Wellspring, F|
|poke|p2|Scizor, F|
|poke|p2|Great Tusk|
|teampreview
|inactive|Battle timer is ON: inactive players will automatically lose when time's up. (requested by BlackStar150520)
|inactive|hypervortex7 has 120 seconds left.
|j| Mega Delibird X
|inactive|hypervortex7 has 90 seconds left.
|
|t:|1781171842
|teamsize|p1|6
|teamsize|p2|6
|start
|switch|p1a: Dragonite|Dragonite, M|100/100
|switch|p2a: 🎭|Ogerpon-Wellspring, F|100/100
|turn|1
|
|t:|1781171852
|move|p2a: 🎭|U-turn|p1a: Dragonite
|-resisted|p1a: Dragonite
|-damage|p1a: Dragonite|93/100
|
|t:|1781171854
|switch|p2a: Red Lightning|Scizor, F|100/100|[from] U-turn
|move|p1a: Dragonite|Dragon Dance|p1a: Dragonite
|-boost|p1a: Dragonite|atk|1
|-boost|p1a: Dragonite|spe|1
|
|upkeep
|turn|2
|
|t:|1781171863
|move|p2a: Red Lightning|Bullet Punch|p1a: Dragonite
|-damage|p1a: Dragonite|33/100
|move|p1a: Dragonite|Earthquake|p2a: Red Lightning
|-damage|p2a: Red Lightning|40/100
|
|upkeep
|turn|3
|
|t:|1781171870
|move|p1a: Dragonite|Extreme Speed|p2a: Red Lightning
|-resisted|p2a: Red Lightning
|-damage|p2a: Red Lightning|13/100
|move|p2a: Red Lightning|Bullet Punch|p1a: Dragonite
|-crit|p1a: Dragonite
|-damage|p1a: Dragonite|0 fnt
|faint|p1a: Dragonite
|
|upkeep
|
|t:|1781171872
|switch|p1a: Scizor|Scizor, F|100/100
|turn|4
|
|t:|1781171878
|switch|p2a: Mega Donphan|Great Tusk|100/100
|move|p1a: Scizor|Swords Dance|p1a: Scizor
|-boost|p1a: Scizor|atk|2
|
|upkeep
|turn|5
|
|t:|1781171881
|move|p1a: Scizor|Bullet Punch|p2a: Mega Donphan
|-damage|p2a: Mega Donphan|41/100
|-damage|p1a: Scizor|91/100|[from] item: Life Orb
|move|p2a: Mega Donphan|Headlong Rush|p1a: Scizor
|-damage|p1a: Scizor|32/100
|-unboost|p2a: Mega Donphan|def|1
|-unboost|p2a: Mega Donphan|spd|1
|
|upkeep
|turn|6
|
|t:|1781171888
|move|p1a: Scizor|Bullet Punch|p2a: Mega Donphan
|-damage|p2a: Mega Donphan|0 fnt
|faint|p2a: Mega Donphan
|-end|p2a: Mega Donphan|Protosynthesis|[silent]
|-damage|p1a: Scizor|23/100|[from] item: Life Orb
|
|upkeep
|
|t:|1781171895
|switch|p2a: ⚡️|Raging Bolt|100/100
|turn|7
|
|t:|1781171898
|move|p2a: ⚡️|Thunderclap|p1a: Scizor
|-damage|p1a: Scizor|0 fnt
|faint|p1a: Scizor
|
|upkeep
|
|t:|1781171901
|switch|p1a: Iron Moth|Iron Moth|100/100
|-enditem|p1a: Iron Moth|Booster Energy
|-activate|p1a: Iron Moth|ability: Quark Drive|[fromitem]
|-start|p1a: Iron Moth|quarkdrivespa
|turn|8
|
|t:|1781171917
|move|p1a: Iron Moth|Substitute|p1a: Iron Moth
|-start|p1a: Iron Moth|Substitute
|-damage|p1a: Iron Moth|76/100
|move|p2a: ⚡️|Thunderbolt|p1a: Iron Moth
|-end|p1a: Iron Moth|Substitute
|
|upkeep
|turn|9
|
|t:|1781171919
|move|p1a: Iron Moth|Sludge Wave|p2a: ⚡️
|-damage|p2a: ⚡️|37/100
|move|p2a: ⚡️|Thunderbolt|p1a: Iron Moth
|-damage|p1a: Iron Moth|22/100
|
|-heal|p2a: ⚡️|43/100|[from] item: Leftovers
|upkeep
|turn|10
|
|t:|1781171923
|move|p2a: ⚡️|Thunderclap|p1a: Iron Moth
|-damage|p1a: Iron Moth|0 fnt
|faint|p1a: Iron Moth
|-end|p1a: Iron Moth|Quark Drive|[silent]
|
|-heal|p2a: ⚡️|49/100|[from] item: Leftovers
|upkeep
|
|t:|1781171925
|switch|p1a: Zamazenta|Zamazenta|100/100
|-ability|p1a: Zamazenta|Dauntless Shield|boost
|-boost|p1a: Zamazenta|def|1
|turn|11
|
|t:|1781171931
|-end|p2a: ⚡️|Protosynthesis|[silent]
|switch|p2a: Red Lightning|Scizor, F|13/100
|move|p1a: Zamazenta|Body Press|p2a: Red Lightning
|-damage|p2a: Red Lightning|0 fnt
|faint|p2a: Red Lightning
|
|upkeep
|
|t:|1781171935
|switch|p2a: 🎭|Ogerpon-Wellspring, F|100/100
|turn|12
|
|t:|1781171937
|move|p1a: Zamazenta|Body Press|p2a: 🎭
|-damage|p2a: 🎭|28/100
|move|p2a: 🎭|Encore|p1a: Zamazenta
|-start|p1a: Zamazenta|Encore
|
|upkeep
|turn|13
|
|t:|1781171942
|move|p1a: Zamazenta|Body Press|p2a: 🎭
|-damage|p2a: 🎭|0 fnt
|faint|p2a: 🎭
|
|upkeep
|
|t:|1781171943
|switch|p2a: Robo Rona|Iron Moth|100/100
|-enditem|p2a: Robo Rona|Booster Energy
|-activate|p2a: Robo Rona|ability: Quark Drive|[fromitem]
|-start|p2a: Robo Rona|quarkdrivespe
|turn|14
|
|t:|1781171945
|move|p2a: Robo Rona|Fiery Dance|p1a: Zamazenta
|-damage|p1a: Zamazenta|70/100
|-boost|p2a: Robo Rona|spa|1
|move|p1a: Zamazenta|Body Press|p2a: Robo Rona
|-resisted|p2a: Robo Rona
|-damage|p2a: Robo Rona|57/100
|
|-heal|p1a: Zamazenta|77/100|[from] item: Leftovers
|upkeep
|turn|15
|j| dany555
|
|t:|1781171952
|move|p2a: Robo Rona|Fiery Dance|p1a: Zamazenta
|-damage|p1a: Zamazenta|30/100
|move|p1a: Zamazenta|Body Press|p2a: Robo Rona
|-resisted|p2a: Robo Rona
|-damage|p2a: Robo Rona|15/100
|
|-heal|p1a: Zamazenta|36/100|[from] item: Leftovers
|-end|p1a: Zamazenta|Encore
|upkeep
|turn|16
|
|t:|1781171958
|move|p2a: Robo Rona|Fiery Dance|p1a: Zamazenta
|-damage|p1a: Zamazenta|0 fnt
|-boost|p2a: Robo Rona|spa|1
|faint|p1a: Zamazenta
|
|upkeep
|
|t:|1781171959
|switch|p1a: Zapdos|Zapdos|100/100
|turn|17
|l| dany555
|
|t:|1781171966
|move|p2a: Robo Rona|Sludge Wave|p1a: Zapdos
|-damage|p1a: Zapdos|4/100
|move|p1a: Zapdos|Discharge|p2a: Robo Rona
|-damage|p2a: Robo Rona|0 fnt
|faint|p2a: Robo Rona
|-end|p2a: Robo Rona|Quark Drive|[silent]
|
|upkeep
|
|t:|1781171970
|switch|p2a: ⚡️|Raging Bolt|49/100
|turn|18
|
|t:|1781171974
|-terastallize|p1a: Zapdos|Ground
|move|p2a: ⚡️|Dragon Pulse|p1a: Zapdos
|-damage|p1a: Zapdos|0 fnt
|faint|p1a: Zapdos
|
|-heal|p2a: ⚡️|55/100|[from] item: Leftovers
|upkeep
|
|t:|1781171976
|switch|p1a: Corviknight|Corviknight, M|100/100
|turn|19
|
|t:|1781171978
|move|p2a: ⚡️|Thunderbolt|p1a: Corviknight
|-supereffective|p1a: Corviknight
|-damage|p1a: Corviknight|17/100
|move|p1a: Corviknight|Agility|p1a: Corviknight
|-boost|p1a: Corviknight|spe|2
|
|-heal|p1a: Corviknight|24/100|[from] item: Leftovers
|-heal|p2a: ⚡️|61/100|[from] item: Leftovers
|upkeep
|turn|20
|
|t:|1781171980
|move|p1a: Corviknight|Roost|p1a: Corviknight
|-heal|p1a: Corviknight|74/100
|-singleturn|p1a: Corviknight|move: Roost
|move|p2a: ⚡️|Thunderbolt|p1a: Corviknight
|-damage|p1a: Corviknight|31/100
|
|-heal|p1a: Corviknight|37/100|[from] item: Leftovers
|-heal|p2a: ⚡️|68/100|[from] item: Leftovers
|upkeep
|turn|21
|
|t:|1781171984
|move|p1a: Corviknight|Roost|p1a: Corviknight
|-heal|p1a: Corviknight|87/100
|-singleturn|p1a: Corviknight|move: Roost
|move|p2a: ⚡️|Calm Mind|p2a: ⚡️
|-boost|p2a: ⚡️|spa|1
|-boost|p2a: ⚡️|spd|1
|
|-heal|p1a: Corviknight|93/100|[from] item: Leftovers
|-heal|p2a: ⚡️|74/100|[from] item: Leftovers
|upkeep
|turn|22
|-message|hypervortex7 forfeited.
|
|win|BlackStar150520
|raw|hypervortex7's rating: 1745 &rarr; <strong>1720</strong><br />(-25 for losing)
|raw|BlackStar150520's rating: 1650 &rarr; <strong>1675</strong><br />(+25 for winning)
|l|☆hypervortex7
|player|p1|
|l|☆BlackStar150520
|player|p2|
|l| Mega Delibird X
