|j|☆ja hoi
|j|☆LowEL0God
|t:|1781525167
|gametype|singles
|player|p1|ja hoi|101|1675
|player|p2|LowEL0God|265|1680
|gen|9
|tier|[Gen 9] OU
|rated|
|rule|HP Percentage Mod: HP is shown in percentages
|rule|Endless Battle Clause: Forcing endless battles is banned
|rule|Species Clause: Limit one of each Pokémon
|rule|OHKO Clause: OHKO moves are banned
|rule|Evasion Items Clause: Evasion items are banned
|rule|Evasion Moves Clause: Evasion moves are banned
|rule|Evasion Abilities Clause: Evasion abilities are banned
|rule|Sleep Moves Clause: Sleep-inducing moves are banned
|clearpoke
|poke|p1|Quaquaval, F|
|poke|p1|Zamazenta-*|
|poke|p1|Dragapult, M|
|poke|p1|Garganacl, M|
|poke|p1|Grimmsnarl, M|
|poke|p1|Iron Moth|
|poke|p2|Pelipper, M|
|poke|p2|Raging Bolt|
|poke|p2|Overqwil, F|
|poke|p2|Barraskewda, M|
|poke|p2|Iron Treads|
|poke|p2|Kingambit, F|
|teampreview
|c|☆LowEL0God|hf
|
|t:|1781525170
|teamsize|p1|6
|teamsize|p2|6
|start
|switch|p1a: Grimmsnarl|Grimmsnarl, M|100/100
|switch|p2a: Pelipper|Pelipper, M|100/100
|-weather|RainDance|[from] ability: Drizzle|[of] p2a: Pelipper
|turn|1
|inactive|Battle timer is ON: inactive players will automatically lose when time's up. (requested by LowEL0God)
|c|☆ja hoi|you too
|
|t:|1781525177
|move|p1a: Grimmsnarl|Reflect|p1a: Grimmsnarl
|-sidestart|p1: ja hoi|Reflect
|move|p2a: Pelipper|Hurricane|p1a: Grimmsnarl
|-damage|p1a: Grimmsnarl|74/100
|
|-weather|RainDance|[upkeep]
|upkeep
|turn|2
|
|t:|1781525186
|switch|p2a: Kingambit|Kingambit, F|100/100
|move|p1a: Grimmsnarl|Parting Shot|p2a: Kingambit
|-hint|Since gen 7, Dark is immune to Prankster moves.
|-immune|p2a: Kingambit
|
|-weather|RainDance|[upkeep]
|upkeep
|turn|3
|
|t:|1781525197
|switch|p1a: Zamazenta|Zamazenta|100/100
|-ability|p1a: Zamazenta|Dauntless Shield|boost
|-boost|p1a: Zamazenta|def|1
|move|p2a: Kingambit|Iron Head|p1a: Zamazenta
|-damage|p1a: Zamazenta|88/100
|
|-weather|RainDance|[upkeep]
|-heal|p1a: Zamazenta|94/100|[from] item: Leftovers
|upkeep
|turn|4
|
|t:|1781525210
|switch|p1a: Garganacl|Garganacl, M|100/100
|-end|p2a: Kingambit|fallenundefined|[silent]
|switch|p2a: Raging Bolt|Raging Bolt|100/100
|-enditem|p2a: Raging Bolt|Booster Energy
|-activate|p2a: Raging Bolt|ability: Protosynthesis|[fromitem]
|-start|p2a: Raging Bolt|protosynthesisspa
|
|-weather|RainDance|[upkeep]
|upkeep
|turn|5
|
|t:|1781525218
|switch|p1a: Grimmsnarl|Grimmsnarl, M|74/100
|move|p2a: Raging Bolt|Weather Ball|p1a: Grimmsnarl
|-damage|p1a: Grimmsnarl|19/100
|
|-weather|RainDance|[upkeep]
|upkeep
|turn|6
|
|t:|1781525224
|move|p1a: Grimmsnarl|Light Screen|p1a: Grimmsnarl
|-sidestart|p1: ja hoi|move: Light Screen
|move|p2a: Raging Bolt|Thunder|p1a: Grimmsnarl
|-damage|p1a: Grimmsnarl|0 fnt
|faint|p1a: Grimmsnarl
|
|-weather|RainDance|[upkeep]
|upkeep
|
|t:|1781525233
|switch|p1a: Garganacl|Garganacl, M|100/100
|turn|7
|
|t:|1781525241
|move|p2a: Raging Bolt|Weather Ball|p1a: Garganacl
|-supereffective|p1a: Garganacl
|-damage|p1a: Garganacl|49/100
|move|p1a: Garganacl|Salt Cure|p2a: Raging Bolt
|-damage|p2a: Raging Bolt|88/100
|-start|p2a: Raging Bolt|Salt Cure
|
|-weather|RainDance|[upkeep]
|-heal|p1a: Garganacl|55/100|[from] item: Leftovers
|-damage|p2a: Raging Bolt|75/100|[from] Salt Cure
|upkeep
|turn|8
|
|t:|1781525251
|move|p2a: Raging Bolt|Weather Ball|p1a: Garganacl
|-supereffective|p1a: Garganacl
|-damage|p1a: Garganacl|3/100
|move|p1a: Garganacl|Recover|p1a: Garganacl
|-heal|p1a: Garganacl|53/100
|
|-weather|none
|-heal|p1a: Garganacl|59/100|[from] item: Leftovers
|-damage|p2a: Raging Bolt|63/100|[from] Salt Cure
|-sideend|p1: ja hoi|Reflect
|upkeep
|turn|9
|
|t:|1781525260
|-end|p2a: Raging Bolt|Protosynthesis|[silent]
|switch|p2a: Overqwil|Overqwil, F|100/100
|move|p1a: Garganacl|Salt Cure|p2a: Overqwil
|-damage|p2a: Overqwil|84/100
|-start|p2a: Overqwil|Salt Cure
|
|-heal|p1a: Garganacl|66/100|[from] item: Leftovers
|-damage|p2a: Overqwil|72/100|[from] Salt Cure
|upkeep
|turn|10
|
|t:|1781525268
|switch|p2a: Pelipper|Pelipper, M|100/100
|-weather|RainDance|[from] ability: Drizzle|[of] p2a: Pelipper
|move|p1a: Garganacl|Body Press|p2a: Pelipper
|-resisted|p2a: Pelipper
|-damage|p2a: Pelipper|92/100
|
|-weather|RainDance|[upkeep]
|-heal|p1a: Garganacl|72/100|[from] item: Leftovers
|upkeep
|turn|11
|
|t:|1781525279
|move|p2a: Pelipper|Weather Ball|p1a: Garganacl
|-supereffective|p1a: Garganacl
|-damage|p1a: Garganacl|38/100
|move|p1a: Garganacl|Salt Cure|p2a: Pelipper
|-supereffective|p2a: Pelipper
|-damage|p2a: Pelipper|71/100
|-start|p2a: Pelipper|Salt Cure
|
|-weather|RainDance|[upkeep]
|-heal|p1a: Garganacl|44/100|[from] item: Leftovers
|-damage|p2a: Pelipper|47/100|[from] Salt Cure
|upkeep
|turn|12
|
|t:|1781525289
|switch|p2a: Barraskewda|Barraskewda, M|100/100
|move|p1a: Garganacl|Salt Cure|p2a: Barraskewda
|-damage|p2a: Barraskewda|73/100
|-start|p2a: Barraskewda|Salt Cure
|
|-weather|RainDance|[upkeep]
|-heal|p1a: Garganacl|50/100|[from] item: Leftovers
|-damage|p2a: Barraskewda|48/100|[from] Salt Cure
|upkeep
|turn|13
|
|t:|1781525297
|move|p2a: Barraskewda|Liquidation|p1a: Garganacl
|-supereffective|p1a: Garganacl
|-damage|p1a: Garganacl|0 fnt
|faint|p1a: Garganacl
|
|-weather|RainDance|[upkeep]
|-damage|p2a: Barraskewda|23/100|[from] Salt Cure
|-sideend|p1: ja hoi|move: Light Screen
|upkeep
|
|t:|1781525306
|switch|p1a: Quaquaval|Quaquaval, F|100/100
|turn|14
|
|t:|1781525316
|move|p1a: Quaquaval|Aqua Jet|p2a: Barraskewda
|-resisted|p2a: Barraskewda
|-damage|p2a: Barraskewda|0 fnt
|faint|p2a: Barraskewda
|-ability|p1a: Quaquaval|Moxie|boost
|-boost|p1a: Quaquaval|atk|1
|
|-weather|RainDance|[upkeep]
|upkeep
|
|t:|1781525318
|switch|p2a: Raging Bolt|Raging Bolt|63/100
|turn|15
|j| missbeckett
|
|t:|1781525326
|switch|p1a: Zamazenta|Zamazenta|94/100
|move|p2a: Raging Bolt|Thunder|p1a: Zamazenta
|-damage|p1a: Zamazenta|41/100
|-status|p1a: Zamazenta|par
|
|-weather|RainDance|[upkeep]
|-heal|p1a: Zamazenta|47/100 par|[from] item: Leftovers
|upkeep
|turn|16
|
|t:|1781525335
|move|p2a: Raging Bolt|Thunder|p1a: Zamazenta
|-damage|p1a: Zamazenta|0 fnt
|faint|p1a: Zamazenta
|
|-weather|RainDance|[upkeep]
|upkeep
|
|t:|1781525341
|switch|p1a: Dragapult|Dragapult, M|100/100
|turn|17
|
|t:|1781525350
|switch|p1a: Quaquaval|Quaquaval, F|100/100
|-end|p2a: Raging Bolt|Protosynthesis|[silent]
|switch|p2a: Kingambit|Kingambit, F|100/100
|-activate|p2a: Kingambit|ability: Supreme Overlord
|-start|p2a: Kingambit|fallen1|[silent]
|
|-weather|none
|upkeep
|turn|18
|
|t:|1781525357
|move|p2a: Kingambit|Sucker Punch|p1a: Quaquaval
|-resisted|p1a: Quaquaval
|-damage|p1a: Quaquaval|72/100
|move|p1a: Quaquaval|Aqua Step|p2a: Kingambit
|-damage|p2a: Kingambit|66/100
|-boost|p1a: Quaquaval|spe|1
|
|-heal|p2a: Kingambit|72/100|[from] item: Leftovers
|upkeep
|turn|19
|
|t:|1781525366
|-end|p2a: Kingambit|fallen1|[silent]
|switch|p2a: Raging Bolt|Raging Bolt|63/100
|move|p1a: Quaquaval|Close Combat|p2a: Raging Bolt
|-damage|p2a: Raging Bolt|14/100
|-unboost|p1a: Quaquaval|def|1
|-unboost|p1a: Quaquaval|spd|1
|
|upkeep
|turn|20
|
|t:|1781525373
|move|p1a: Quaquaval|Aqua Jet|p2a: Raging Bolt
|-resisted|p2a: Raging Bolt
|-damage|p2a: Raging Bolt|4/100
|move|p2a: Raging Bolt|Thunderclap||[still]
|-fail|p2a: Raging Bolt
|
|upkeep
|turn|21
|
|t:|1781525379
|move|p1a: Quaquaval|Aqua Jet|p2a: Raging Bolt
|-resisted|p2a: Raging Bolt
|-damage|p2a: Raging Bolt|0 fnt
|faint|p2a: Raging Bolt
|-end|p2a: Raging Bolt|Protosynthesis|[silent]
|-ability|p1a: Quaquaval|Moxie|boost
|-boost|p1a: Quaquaval|atk|1
|
|upkeep
|
|t:|1781525379
|switch|p2a: Pelipper|Pelipper, M|47/100
|-weather|RainDance|[from] ability: Drizzle|[of] p2a: Pelipper
|turn|22
|
|t:|1781525389
|move|p1a: Quaquaval|Ice Spinner|p2a: Pelipper
|-damage|p2a: Pelipper|16/100
|move|p2a: Pelipper|Hurricane|p1a: Quaquaval
|-supereffective|p1a: Quaquaval
|-damage|p1a: Quaquaval|0 fnt
|faint|p1a: Quaquaval
|
|-weather|RainDance|[upkeep]
|upkeep
|
|t:|1781525397
|switch|p1a: Dragapult|Dragapult, M|100/100
|turn|23
|
|t:|1781525404
|move|p1a: Dragapult|Dragon Dance|p1a: Dragapult
|-boost|p1a: Dragapult|atk|1
|-boost|p1a: Dragapult|spe|1
|move|p2a: Pelipper|Weather Ball|p1a: Dragapult
|-resisted|p1a: Dragapult
|-damage|p1a: Dragapult|65/100
|
|-weather|RainDance|[upkeep]
|-heal|p1a: Dragapult|71/100|[from] item: Leftovers
|upkeep
|turn|24
|
|t:|1781525413
|switch|p2a: Kingambit|Kingambit, F|72/100
|-activate|p2a: Kingambit|ability: Supreme Overlord
|-start|p2a: Kingambit|fallen2|[silent]
|move|p1a: Dragapult|Dragon Dance|p1a: Dragapult
|-boost|p1a: Dragapult|atk|1
|-boost|p1a: Dragapult|spe|1
|
|-weather|RainDance|[upkeep]
|-heal|p1a: Dragapult|77/100|[from] item: Leftovers
|-heal|p2a: Kingambit|79/100|[from] item: Leftovers
|upkeep
|turn|25
|
|t:|1781525422
|move|p1a: Dragapult|Sucker Punch|p2a: Kingambit
|-resisted|p2a: Kingambit
|-damage|p2a: Kingambit|60/100
|move|p2a: Kingambit|Kowtow Cleave|p1a: Dragapult
|-supereffective|p1a: Dragapult
|-damage|p1a: Dragapult|0 fnt
|faint|p1a: Dragapult
|
|-weather|RainDance|[upkeep]
|-heal|p2a: Kingambit|66/100|[from] item: Leftovers
|upkeep
|l| missbeckett
|
|t:|1781525430
|switch|p1a: Iron Moth|Iron Moth|100/100
|-enditem|p1a: Iron Moth|Booster Energy
|-activate|p1a: Iron Moth|ability: Quark Drive|[fromitem]
|-start|p1a: Iron Moth|quarkdrivespa
|turn|26
|
|t:|1781525435
|move|p2a: Kingambit|Sucker Punch|p1a: Iron Moth
|-damage|p1a: Iron Moth|8/100
|move|p1a: Iron Moth|Fiery Dance|p2a: Kingambit
|-supereffective|p2a: Kingambit
|-damage|p2a: Kingambit|4/100
|
|-weather|RainDance|[upkeep]
|-heal|p2a: Kingambit|11/100|[from] item: Leftovers
|upkeep
|turn|27
|
|t:|1781525443
|-terastallize|p2a: Kingambit|Dark
|move|p2a: Kingambit|Sucker Punch||[still]
|-fail|p2a: Kingambit
|move|p1a: Iron Moth|Agility|p1a: Iron Moth
|-boost|p1a: Iron Moth|spe|2
|
|-weather|RainDance|[upkeep]
|-heal|p2a: Kingambit|17/100|[from] item: Leftovers
|upkeep
|turn|28
|
|t:|1781525452
|move|p2a: Kingambit|Sucker Punch||[still]
|-fail|p2a: Kingambit
|move|p1a: Iron Moth|Agility|p1a: Iron Moth
|-boost|p1a: Iron Moth|spe|2
|
|-weather|RainDance|[upkeep]
|-heal|p2a: Kingambit|23/100|[from] item: Leftovers
|upkeep
|turn|29
|
|t:|1781525459
|move|p2a: Kingambit|Sucker Punch||[still]
|-fail|p2a: Kingambit
|move|p1a: Iron Moth|Agility|p1a: Iron Moth
|-boost|p1a: Iron Moth|spe|2
|
|-weather|none
|-heal|p2a: Kingambit|29/100|[from] item: Leftovers
|upkeep
|turn|30
|
|t:|1781525467
|move|p2a: Kingambit|Sucker Punch||[still]
|-fail|p2a: Kingambit
|move|p1a: Iron Moth|Agility|p1a: Iron Moth
|-boost|p1a: Iron Moth|spe|0
|
|-heal|p2a: Kingambit|36/100|[from] item: Leftovers
|upkeep
|turn|31
|
|t:|1781525477
|move|p2a: Kingambit|Sucker Punch|p1a: Iron Moth
|-damage|p1a: Iron Moth|0 fnt
|faint|p1a: Iron Moth
|-end|p1a: Iron Moth|Quark Drive|[silent]
|
|win|LowEL0God
|raw|ja hoi's rating: 1675 &rarr; <strong>1655</strong><br />(-20 for losing)
|raw|LowEL0God's rating: 1680 &rarr; <strong>1700</strong><br />(+20 for winning)
|c|☆ja hoi|shit
|l|☆ja hoi
|player|p1|
|c|☆LowEL0God|gg
|l|☆LowEL0God
|player|p2|
