|j|☆biryanilover
|j|‽rank 1 greninja
|t:|1781527890
|gametype|singles
|player|p1|biryanilover|1|1610
|player|p2|rank 1 greninja|266|1537
|gen|9
|tier|[Gen 9] OU
|rated|
|rule|HP Percentage Mod: HP is shown in percentages
|rule|Endless Battle Clause: Forcing endless battles is banned
|rule|Species Clause: Limit one of each Pokémon
|rule|OHKO Clause: OHKO moves are banned
|rule|Evasion Items Clause: Evasion items are banned
|rule|Evasion Moves Clause: Evasion moves are banned
|rule|Evasion Abilities Clause: Evasion abilities are banned
|rule|Sleep Moves Clause: Sleep-inducing moves are banned
|clearpoke
|poke|p1|Rillaboom, M|
|poke|p1|Heatran, M|
|poke|p1|Walking Wake|
|poke|p1|Landorus-Therian, M|
|poke|p1|Zamazenta-*|
|poke|p1|Weezing-Galar, M|
|poke|p2|Pelipper, F|
|poke|p2|Tornadus-Therian, M|
|poke|p2|Barraskewda, F|
|poke|p2|Iron Treads|
|poke|p2|Raging Bolt|
|poke|p2|Moltres|
|teampreview
|inactive|Battle timer is ON: inactive players will automatically lose when time's up. (requested by biryanilover)
|
|t:|1781527893
|teamsize|p1|6
|teamsize|p2|6
|start
|switch|p1a: Walking Wake|Walking Wake|100/100
|switch|p2a: Pelipper|Pelipper, F|100/100
|-weather|RainDance|[from] ability: Drizzle|[of] p2a: Pelipper
|turn|1
|
|t:|1781527898
|switch|p2a: Raging Bolt|Raging Bolt|100/100
|move|p1a: Walking Wake|Scald|p2a: Raging Bolt
|-resisted|p2a: Raging Bolt
|-damage|p2a: Raging Bolt|82/100
|
|-weather|RainDance|[upkeep]
|upkeep
|turn|2
|
|t:|1781527908
|-terastallize|p2a: Raging Bolt|Water
|move|p1a: Walking Wake|Substitute|p1a: Walking Wake
|-start|p1a: Walking Wake|Substitute
|-damage|p1a: Walking Wake|76/100
|move|p2a: Raging Bolt|Draco Meteor|p1a: Walking Wake
|-supereffective|p1a: Walking Wake
|-end|p1a: Walking Wake|Substitute
|-unboost|p2a: Raging Bolt|spa|2
|
|-weather|RainDance|[upkeep]
|-heal|p1a: Walking Wake|82/100|[from] item: Leftovers
|upkeep
|turn|3
|
|t:|1781527916
|move|p1a: Walking Wake|Substitute|p1a: Walking Wake
|-start|p1a: Walking Wake|Substitute
|-damage|p1a: Walking Wake|57/100
|move|p2a: Raging Bolt|Volt Switch|p1a: Walking Wake
|-activate|p1a: Walking Wake|move: Substitute|[damage]
|
|t:|1781527925
|-end|p2a: Raging Bolt|Protosynthesis|[silent]
|switch|p2a: Barraskewda|Barraskewda, F|100/100|[from] Volt Switch
|
|-weather|RainDance|[upkeep]
|-heal|p1a: Walking Wake|63/100|[from] item: Leftovers
|upkeep
|turn|4
|
|t:|1781527929
|move|p2a: Barraskewda|Flip Turn|p1a: Walking Wake
|-resisted|p1a: Walking Wake
|-end|p1a: Walking Wake|Substitute
|
|t:|1781527931
|switch|p2a: Iron Treads|Iron Treads|100/100|[from] Flip Turn
|move|p1a: Walking Wake|Dragon Pulse|p2a: Iron Treads
|-resisted|p2a: Iron Treads
|-damage|p2a: Iron Treads|89/100
|
|-weather|RainDance|[upkeep]
|-heal|p1a: Walking Wake|70/100|[from] item: Leftovers
|upkeep
|turn|5
|
|t:|1781527935
|move|p1a: Walking Wake|Scald|p2a: Iron Treads
|-supereffective|p2a: Iron Treads
|-damage|p2a: Iron Treads|26/100
|-status|p2a: Iron Treads|brn
|move|p2a: Iron Treads|Earth Power|p1a: Walking Wake
|-damage|p1a: Walking Wake|43/100
|
|-weather|RainDance|[upkeep]
|-heal|p1a: Walking Wake|49/100|[from] item: Leftovers
|-damage|p2a: Iron Treads|20/100 brn|[from] brn
|upkeep
|turn|6
|
|t:|1781527938
|move|p1a: Walking Wake|Dragon Pulse|p2a: Iron Treads
|-resisted|p2a: Iron Treads
|-damage|p2a: Iron Treads|9/100 brn
|move|p2a: Iron Treads|Volt Switch|p1a: Walking Wake
|-damage|p1a: Walking Wake|35/100
|
|t:|1781527947
|-end|p2a: Iron Treads|Quark Drive|[silent]
|switch|p2a: Tornadus|Tornadus-Therian, M|100/100|[from] Volt Switch
|
|-weather|RainDance|[upkeep]
|-heal|p1a: Walking Wake|41/100|[from] item: Leftovers
|upkeep
|turn|7
|
|t:|1781527950
|-end|p1a: Walking Wake|Protosynthesis|[silent]
|switch|p1a: Heatran|Heatran, M|100/100
|move|p2a: Tornadus|Nasty Plot|p2a: Tornadus
|-boost|p2a: Tornadus|spa|2
|
|-weather|RainDance|[upkeep]
|upkeep
|turn|8
|
|t:|1781527953
|move|p2a: Tornadus|Weather Ball|p1a: Heatran
|-supereffective|p1a: Heatran
|-damage|p1a: Heatran|0 fnt
|faint|p1a: Heatran
|-damage|p2a: Tornadus|91/100|[from] item: Life Orb
|
|-weather|none
|upkeep
|
|t:|1781527956
|switch|p1a: Zamazenta|Zamazenta|100/100
|-ability|p1a: Zamazenta|Dauntless Shield|boost
|-boost|p1a: Zamazenta|def|1
|turn|9
|
|t:|1781527960
|move|p1a: Zamazenta|Stone Edge|p2a: Tornadus|[miss]
|-miss|p1a: Zamazenta|p2a: Tornadus
|move|p2a: Tornadus|Hurricane|p1a: Zamazenta
|-supereffective|p1a: Zamazenta
|-damage|p1a: Zamazenta|0 fnt
|faint|p1a: Zamazenta
|-damage|p2a: Tornadus|81/100|[from] item: Life Orb
|
|upkeep
|
|t:|1781527966
|switch|p1a: Rillaboom|Rillaboom, M|100/100
|-fieldstart|move: Grassy Terrain|[from] ability: Grassy Surge|[of] p1a: Rillaboom
|turn|10
|
|t:|1781527971
|move|p2a: Tornadus|Hurricane|p1a: Rillaboom
|-supereffective|p1a: Rillaboom
|-damage|p1a: Rillaboom|0 fnt
|faint|p1a: Rillaboom
|-damage|p2a: Tornadus|71/100|[from] item: Life Orb
|
|upkeep
|
|t:|1781527974
|switch|p1a: Walking Wake|Walking Wake|41/100
|turn|11
|
|t:|1781527979
|-terastallize|p1a: Walking Wake|Steel
|move|p2a: Tornadus|Weather Ball|p1a: Walking Wake
|-resisted|p1a: Walking Wake
|-damage|p1a: Walking Wake|19/100
|-damage|p2a: Tornadus|62/100|[from] item: Life Orb
|move|p1a: Walking Wake|Scald|p2a: Tornadus
|-damage|p2a: Tornadus|15/100
|-status|p2a: Tornadus|brn
|
|-heal|p1a: Walking Wake|25/100|[from] Grassy Terrain
|-heal|p1a: Walking Wake|31/100|[from] item: Leftovers
|-damage|p2a: Tornadus|9/100 brn|[from] brn
|upkeep
|turn|12
|
|t:|1781527988
|-end|p1a: Walking Wake|Protosynthesis|[silent]
|switch|p1a: Weezing|Weezing-Galar, M|100/100
|-ability|p1a: Weezing|Neutralizing Gas
|move|p2a: Tornadus|Weather Ball|p1a: Weezing
|-crit|p1a: Weezing
|-damage|p1a: Weezing|25/100
|-damage|p2a: Tornadus|0 fnt|[from] item: Life Orb
|faint|p2a: Tornadus
|
|-heal|p1a: Weezing|31/100|[from] Grassy Terrain
|upkeep
|
|t:|1781527996
|switch|p2a: Raging Bolt|Raging Bolt, tera:Water|82/100
|turn|13
|
|t:|1781528000
|-end|p1a: Weezing|ability: Neutralizing Gas
|switch|p1a: Landorus|Landorus-Therian, M|100/100
|-ability|p1a: Landorus|Intimidate|boost
|-unboost|p2a: Raging Bolt|atk|1
|move|p2a: Raging Bolt|Draco Meteor|p1a: Landorus
|-damage|p1a: Landorus|28/100
|-unboost|p2a: Raging Bolt|spa|2
|
|-heal|p2a: Raging Bolt|88/100|[from] Grassy Terrain
|upkeep
|turn|14
|
|t:|1781528004
|-end|p2a: Raging Bolt|Protosynthesis|[silent]
|switch|p2a: Pelipper|Pelipper, F|100/100
|-weather|RainDance|[from] ability: Drizzle|[of] p2a: Pelipper
|move|p1a: Landorus|Stealth Rock|p2a: Pelipper
|-sidestart|p2: rank 1 greninja|move: Stealth Rock
|
|-weather|RainDance|[upkeep]
|upkeep
|turn|15
|
|t:|1781528010
|move|p1a: Landorus|U-turn|p2a: Pelipper
|-resisted|p2a: Pelipper
|-damage|p2a: Pelipper|92/100
|
|t:|1781528012
|switch|p1a: Weezing|Weezing-Galar, M|31/100|[from] U-turn
|-ability|p1a: Weezing|Neutralizing Gas
|move|p2a: Pelipper|Ice Beam|p1a: Weezing
|-damage|p1a: Weezing|1/100
|
|-weather|RainDance|[upkeep]
|-heal|p1a: Weezing|7/100|[from] Grassy Terrain
|upkeep
|turn|16
|
|t:|1781528020
|move|p1a: Weezing|Pain Split|p2a: Pelipper
|-sethp|p2a: Pelipper|49/100|[from] move: Pain Split|[silent]
|-sethp|p1a: Weezing|48/100|[from] move: Pain Split
|move|p2a: Pelipper|Ice Beam|p1a: Weezing
|-damage|p1a: Weezing|19/100
|
|-weather|RainDance|[upkeep]
|-heal|p1a: Weezing|25/100|[from] Grassy Terrain
|upkeep
|turn|17
|
|t:|1781528025
|move|p1a: Weezing|Strange Steam|p2a: Pelipper
|-damage|p2a: Pelipper|10/100
|move|p2a: Pelipper|Hurricane|p1a: Weezing
|-damage|p1a: Weezing|0 fnt
|faint|p1a: Weezing
|-end|p1a: Weezing|ability: Neutralizing Gas
|
|-weather|RainDance|[upkeep]
|-fieldend|move: Grassy Terrain
|upkeep
|
|t:|1781528029
|switch|p1a: Walking Wake|Walking Wake, tera:Steel|31/100
|turn|18
|
|t:|1781528033
|switch|p2a: Iron Treads|Iron Treads|9/100 brn
|-damage|p2a: Iron Treads|6/100 brn|[from] Stealth Rock
|move|p1a: Walking Wake|Knock Off|p2a: Iron Treads
|-damage|p2a: Iron Treads|0 fnt
|-enditem|p2a: Iron Treads|Assault Vest|[from] move: Knock Off|[of] p1a: Walking Wake
|faint|p2a: Iron Treads
|-end|p2a: Iron Treads|Quark Drive|[silent]
|
|-weather|RainDance|[upkeep]
|-heal|p1a: Walking Wake|38/100|[from] item: Leftovers
|upkeep
|
|t:|1781528035
|switch|p2a: Barraskewda|Barraskewda, F|100/100
|-damage|p2a: Barraskewda|88/100|[from] Stealth Rock
|turn|19
|
|t:|1781528037
|-end|p1a: Walking Wake|Protosynthesis|[silent]
|switch|p1a: Landorus|Landorus-Therian, M|28/100
|-ability|p1a: Landorus|Intimidate|boost
|-unboost|p2a: Barraskewda|atk|1
|move|p2a: Barraskewda|Liquidation|p1a: Landorus
|-supereffective|p1a: Landorus
|-damage|p1a: Landorus|0 fnt
|-damage|p2a: Barraskewda|72/100|[from] item: Rocky Helmet|[of] p1a: Landorus
|faint|p1a: Landorus
|
|-weather|RainDance|[upkeep]
|upkeep
|
|t:|1781528043
|switch|p1a: Walking Wake|Walking Wake, tera:Steel|38/100
|turn|20
|
|t:|1781528045
|move|p2a: Barraskewda|Liquidation|p1a: Walking Wake
|-damage|p1a: Walking Wake|0 fnt
|faint|p1a: Walking Wake
|-end|p1a: Walking Wake|Protosynthesis|[silent]
|
|win|rank 1 greninja
|raw|biryanilover's rating: 1610 &rarr; <strong>1586</strong><br />(-24 for losing)
|raw|rank 1 greninja's rating: 1537 &rarr; <strong>1561</strong><br />(+24 for winning)
|l|☆biryanilover
|player|p1|
