|j|☆EleaRosea
|j|☆jimola
|t:|1781441369
|gametype|singles
|player|p1|EleaRosea|harmony|1626
|player|p2|jimola|170|1595
|gen|9
|tier|[Gen 9] OU
|rated|
|rule|HP Percentage Mod: HP is shown in percentages
|rule|Endless Battle Clause: Forcing endless battles is banned
|rule|Species Clause: Limit one of each Pokémon
|rule|OHKO Clause: OHKO moves are banned
|rule|Evasion Items Clause: Evasion items are banned
|rule|Evasion Moves Clause: Evasion moves are banned
|rule|Evasion Abilities Clause: Evasion abilities are banned
|rule|Sleep Moves Clause: Sleep-inducing moves are banned
|clearpoke
|poke|p1|Ogerpon, F|
|poke|p1|Great Tusk|
|poke|p1|Alomomola, F|
|poke|p1|Rillaboom, F|
|poke|p1|Primarina, F|
|poke|p1|Heatran, F|
|poke|p2|Haxorus, F|
|poke|p2|Iron Moth|
|poke|p2|Deoxys-Speed|
|poke|p2|Ceruledge, M|
|poke|p2|Iron Valiant|
|poke|p2|Iron Treads|
|teampreview
|inactive|Battle timer is ON: inactive players will automatically lose when time's up. (requested by EleaRosea)
|j| dante1310
|inactive|EleaRosea has 120 seconds left.
|
|t:|1781441408
|teamsize|p1|6
|teamsize|p2|6
|start
|switch|p1a: Rillaboom|Rillaboom, F|100/100
|switch|p2a: Deoxys|Deoxys-Speed|100/100
|-ability|p2a: Deoxys|Pressure
|-fieldstart|move: Grassy Terrain|[from] ability: Grassy Surge|[of] p1a: Rillaboom
|turn|1
|
|t:|1781441415
|move|p2a: Deoxys|Stealth Rock|p1a: Rillaboom
|-sidestart|p1: EleaRosea|move: Stealth Rock
|move|p1a: Rillaboom|Knock Off|p2a: Deoxys
|-supereffective|p2a: Deoxys
|-damage|p2a: Deoxys|0 fnt
|-enditem|p2a: Deoxys|Eject Pack|[from] move: Knock Off|[of] p1a: Rillaboom
|faint|p2a: Deoxys
|
|upkeep
|
|t:|1781441444
|switch|p2a: Iron Treads|Iron Treads|100/100
|-item|p2a: Iron Treads|Air Balloon
|turn|2
|
|t:|1781441450
|switch|p1a: Alomomola|Alomomola, F|100/100
|move|p2a: Iron Treads|Ice Spinner|p1a: Alomomola
|-resisted|p1a: Alomomola
|-damage|p1a: Alomomola|94/100
|-fieldend|move: Grassy Terrain
|
|upkeep
|turn|3
|
|t:|1781441462
|move|p2a: Iron Treads|Earthquake|p1a: Alomomola
|-damage|p1a: Alomomola|69/100
|move|p1a: Alomomola|Scald|p2a: Iron Treads
|-supereffective|p2a: Iron Treads
|-damage|p2a: Iron Treads|64/100
|-enditem|p2a: Iron Treads|Air Balloon
|
|upkeep
|turn|4
|
|t:|1781441471
|move|p2a: Iron Treads|Earthquake|p1a: Alomomola
|-damage|p1a: Alomomola|42/100
|move|p1a: Alomomola|Wish|p1a: Alomomola
|
|upkeep
|turn|5
|
|t:|1781441476
|move|p2a: Iron Treads|Earthquake|p1a: Alomomola
|-damage|p1a: Alomomola|17/100
|move|p1a: Alomomola|Scald|p2a: Iron Treads
|-supereffective|p2a: Iron Treads
|-damage|p2a: Iron Treads|27/100
|
|-heal|p1a: Alomomola|67/100|[from] move: Wish|[wisher] Alomomola
|upkeep
|turn|6
|
|t:|1781441481
|-end|p2a: Iron Treads|Quark Drive|[silent]
|switch|p2a: Haxorus|Haxorus, F|100/100
|-ability|p2a: Haxorus|Mold Breaker
|move|p1a: Alomomola|Wish|p1a: Alomomola
|
|upkeep
|turn|7
|
|t:|1781441486
|move|p2a: Haxorus|Swords Dance|p2a: Haxorus
|-boost|p2a: Haxorus|atk|2
|move|p1a: Alomomola|Flip Turn|p2a: Haxorus
|-resisted|p2a: Haxorus
|-damage|p2a: Haxorus|89/100
|j| EBT FOOD STAMPS
|
|t:|1781441503
|switch|p1a: Rillaboom|Rillaboom, F|100/100|[from] Flip Turn
|-damage|p1a: Rillaboom|88/100|[from] Stealth Rock
|-fieldstart|move: Grassy Terrain|[from] ability: Grassy Surge|[of] p1a: Rillaboom
|
|-heal|p1a: Rillaboom|100/100|[from] move: Wish|[wisher] Alomomola
|-heal|p2a: Haxorus|95/100|[from] Grassy Terrain
|upkeep
|turn|8
|
|t:|1781441509
|switch|p1a: Primarina|Primarina, F|100/100
|-damage|p1a: Primarina|88/100|[from] Stealth Rock
|move|p2a: Haxorus|Close Combat|p1a: Primarina
|-resisted|p1a: Primarina
|-damage|p1a: Primarina|13/100
|-unboost|p2a: Haxorus|def|1
|-unboost|p2a: Haxorus|spd|1
|-damage|p2a: Haxorus|86/100|[from] item: Life Orb
|
|-heal|p2a: Haxorus|92/100|[from] Grassy Terrain
|-heal|p1a: Primarina|19/100|[from] Grassy Terrain
|upkeep
|turn|9
|l| dante1310
|
|t:|1781441528
|move|p2a: Haxorus|Close Combat|p1a: Primarina
|-resisted|p1a: Primarina
|-damage|p1a: Primarina|0 fnt
|-unboost|p2a: Haxorus|def|1
|-unboost|p2a: Haxorus|spd|1
|faint|p1a: Primarina
|-damage|p2a: Haxorus|82/100|[from] item: Life Orb
|
|-heal|p2a: Haxorus|88/100|[from] Grassy Terrain
|upkeep
|
|t:|1781441530
|switch|p1a: Ogerpon|Ogerpon, F|100/100
|-damage|p1a: Ogerpon|88/100|[from] Stealth Rock
|turn|10
|
|t:|1781441542
|switch|p2a: Iron Treads|Iron Treads|27/100
|move|p1a: Ogerpon|Ivy Cudgel|p2a: Iron Treads
|-damage|p2a: Iron Treads|0 fnt
|faint|p2a: Iron Treads
|-end|p2a: Iron Treads|Quark Drive|[silent]
|
|-heal|p1a: Ogerpon|94/100|[from] Grassy Terrain
|upkeep
|
|t:|1781441553
|switch|p2a: Iron Moth|Iron Moth|100/100
|-enditem|p2a: Iron Moth|Booster Energy
|-activate|p2a: Iron Moth|ability: Quark Drive|[fromitem]
|-start|p2a: Iron Moth|quarkdrivespe
|turn|11
|
|t:|1781441556
|-end|p2a: Iron Moth|Quark Drive|[silent]
|switch|p2a: Haxorus|Haxorus, F|88/100
|-ability|p2a: Haxorus|Mold Breaker
|switch|p1a: Heatran|Heatran, F|100/100
|-damage|p1a: Heatran|88/100|[from] Stealth Rock
|
|-heal|p2a: Haxorus|94/100|[from] Grassy Terrain
|-heal|p1a: Heatran|94/100|[from] Grassy Terrain
|-heal|p1a: Heatran|100/100|[from] item: Leftovers
|upkeep
|turn|12
|
|t:|1781441562
|move|p2a: Haxorus|Swords Dance|p2a: Haxorus
|-boost|p2a: Haxorus|atk|2
|move|p1a: Heatran|Will-O-Wisp|p2a: Haxorus
|-status|p2a: Haxorus|brn
|
|-heal|p2a: Haxorus|99/100 brn|[from] Grassy Terrain
|-damage|p2a: Haxorus|94/100 brn|[from] brn
|upkeep
|turn|13
|
|t:|1781441567
|switch|p1a: Alomomola|Alomomola, F|99/100
|move|p2a: Haxorus|Swords Dance|p2a: Haxorus
|-boost|p2a: Haxorus|atk|2
|
|-heal|p2a: Haxorus|99/100 brn|[from] Grassy Terrain
|-heal|p1a: Alomomola|100/100|[from] Grassy Terrain
|-damage|p2a: Haxorus|94/100 brn|[from] brn
|upkeep
|turn|14
|
|t:|1781441574
|move|p2a: Haxorus|Swords Dance|p2a: Haxorus
|-boost|p2a: Haxorus|atk|2
|move|p1a: Alomomola|Flip Turn|p2a: Haxorus
|-resisted|p2a: Haxorus
|-damage|p2a: Haxorus|84/100 brn
|
|t:|1781441582
|switch|p1a: Great Tusk|Great Tusk|100/100|[from] Flip Turn
|
|-heal|p2a: Haxorus|90/100 brn|[from] Grassy Terrain
|-damage|p2a: Haxorus|84/100 brn|[from] brn
|-fieldend|move: Grassy Terrain
|upkeep
|turn|15
|
|t:|1781441585
|move|p2a: Haxorus|Aqua Tail|p1a: Great Tusk
|-supereffective|p1a: Great Tusk
|-damage|p1a: Great Tusk|0 fnt
|faint|p1a: Great Tusk
|-end|p1a: Great Tusk|Protosynthesis|[silent]
|-damage|p2a: Haxorus|74/100 brn|[from] item: Life Orb
|
|-damage|p2a: Haxorus|68/100 brn|[from] brn
|upkeep
|
|t:|1781441605
|switch|p1a: Alomomola|Alomomola, F|100/100
|turn|16
|
|t:|1781441620
|move|p2a: Haxorus|Close Combat|p1a: Alomomola
|-damage|p1a: Alomomola|36/100
|-unboost|p2a: Haxorus|def|1
|-unboost|p2a: Haxorus|spd|1
|-damage|p2a: Haxorus|58/100 brn|[from] item: Life Orb
|move|p1a: Alomomola|Wish|p1a: Alomomola
|
|-damage|p2a: Haxorus|52/100 brn|[from] brn
|upkeep
|turn|17
|
|t:|1781441626
|move|p1a: Alomomola|Protect|p1a: Alomomola
|-singleturn|p1a: Alomomola|Protect
|move|p2a: Haxorus|Close Combat|p1a: Alomomola
|-activate|p1a: Alomomola|move: Protect
|
|-heal|p1a: Alomomola|86/100|[from] move: Wish|[wisher] Alomomola
|-damage|p2a: Haxorus|46/100 brn|[from] brn
|upkeep
|turn|18
|
|t:|1781441629
|move|p2a: Haxorus|Close Combat|p1a: Alomomola
|-damage|p1a: Alomomola|28/100
|-unboost|p2a: Haxorus|def|1
|-unboost|p2a: Haxorus|spd|1
|-damage|p2a: Haxorus|36/100 brn|[from] item: Life Orb
|move|p1a: Alomomola|Wish|p1a: Alomomola
|
|-damage|p2a: Haxorus|30/100 brn|[from] brn
|upkeep
|turn|19
|
|t:|1781441637
|move|p1a: Alomomola|Protect|p1a: Alomomola
|-singleturn|p1a: Alomomola|Protect
|move|p2a: Haxorus|Scale Shot|p1a: Alomomola
|-activate|p1a: Alomomola|move: Protect
|
|-heal|p1a: Alomomola|78/100|[from] move: Wish|[wisher] Alomomola
|-damage|p2a: Haxorus|24/100 brn|[from] brn
|upkeep
|turn|20
|
|t:|1781441645
|move|p2a: Haxorus|Close Combat|p1a: Alomomola
|-damage|p1a: Alomomola|10/100
|-unboost|p2a: Haxorus|def|1
|-unboost|p2a: Haxorus|spd|1
|-damage|p2a: Haxorus|14/100 brn|[from] item: Life Orb
|move|p1a: Alomomola|Wish|p1a: Alomomola
|
|-damage|p2a: Haxorus|8/100 brn|[from] brn
|upkeep
|turn|21
|
|t:|1781441650
|move|p1a: Alomomola|Protect|p1a: Alomomola
|-singleturn|p1a: Alomomola|Protect
|move|p2a: Haxorus|Close Combat|p1a: Alomomola
|-activate|p1a: Alomomola|move: Protect
|
|-heal|p1a: Alomomola|60/100|[from] move: Wish|[wisher] Alomomola
|-damage|p2a: Haxorus|2/100 brn|[from] brn
|upkeep
|turn|22
|
|t:|1781441662
|move|p1a: Alomomola|Protect|p1a: Alomomola
|-singleturn|p1a: Alomomola|Protect
|move|p2a: Haxorus|Close Combat|p1a: Alomomola
|-activate|p1a: Alomomola|move: Protect
|
|-damage|p2a: Haxorus|0 fnt|[from] brn
|faint|p2a: Haxorus
|upkeep
|
|t:|1781441669
|switch|p2a: Iron Valiant|Iron Valiant|100/100
|-enditem|p2a: Iron Valiant|Booster Energy
|-activate|p2a: Iron Valiant|ability: Quark Drive|[fromitem]
|-start|p2a: Iron Valiant|quarkdrivespe
|turn|23
|
|t:|1781441681
|move|p2a: Iron Valiant|Calm Mind|p2a: Iron Valiant
|-boost|p2a: Iron Valiant|spa|1
|-boost|p2a: Iron Valiant|spd|1
|move|p1a: Alomomola|Flip Turn|p2a: Iron Valiant
|-damage|p2a: Iron Valiant|80/100
|inactive|EleaRosea has 120 seconds left.
|
|t:|1781441708
|switch|p1a: Rillaboom|Rillaboom, F|100/100|[from] Flip Turn
|-damage|p1a: Rillaboom|88/100|[from] Stealth Rock
|-fieldstart|move: Grassy Terrain|[from] ability: Grassy Surge|[of] p1a: Rillaboom
|
|-heal|p2a: Iron Valiant|86/100|[from] Grassy Terrain
|-heal|p1a: Rillaboom|94/100|[from] Grassy Terrain
|upkeep
|turn|24
|
|t:|1781441721
|move|p1a: Rillaboom|Grassy Glide|p2a: Iron Valiant
|-damage|p2a: Iron Valiant|34/100
|move|p2a: Iron Valiant|Shadow Ball|p1a: Rillaboom
|-damage|p1a: Rillaboom|44/100
|
|-heal|p2a: Iron Valiant|40/100|[from] Grassy Terrain
|-heal|p1a: Rillaboom|50/100|[from] Grassy Terrain
|upkeep
|turn|25
|
|t:|1781441745
|-terastallize|p2a: Iron Valiant|Steel
|move|p1a: Rillaboom|Grassy Glide|p2a: Iron Valiant
|-resisted|p2a: Iron Valiant
|-damage|p2a: Iron Valiant|16/100
|move|p2a: Iron Valiant|Moonblast|p1a: Rillaboom
|-damage|p1a: Rillaboom|0 fnt
|faint|p1a: Rillaboom
|
|-heal|p2a: Iron Valiant|22/100|[from] Grassy Terrain
|upkeep
|
|t:|1781441758
|switch|p1a: Heatran|Heatran, F|100/100
|-damage|p1a: Heatran|88/100|[from] Stealth Rock
|turn|26
|
|t:|1781441762
|move|p2a: Iron Valiant|Shadow Ball|p1a: Heatran
|-crit|p1a: Heatran
|-damage|p1a: Heatran|52/100
|move|p1a: Heatran|Earth Power|p2a: Iron Valiant
|-supereffective|p2a: Iron Valiant
|-damage|p2a: Iron Valiant|0 fnt
|faint|p2a: Iron Valiant
|-end|p2a: Iron Valiant|Quark Drive|[silent]
|
|-heal|p1a: Heatran|58/100|[from] Grassy Terrain
|-heal|p1a: Heatran|64/100|[from] item: Leftovers
|upkeep
|
|t:|1781441768
|switch|p2a: Ceruledge|Ceruledge, M|100/100
|turn|27
|
|t:|1781441774
|move|p2a: Ceruledge|Swords Dance|p2a: Ceruledge
|-boost|p2a: Ceruledge|atk|2
|move|p1a: Heatran|Earth Power|p2a: Ceruledge
|-supereffective|p2a: Ceruledge
|-damage|p2a: Ceruledge|42/100
|
|-heal|p2a: Ceruledge|48/100|[from] Grassy Terrain
|-heal|p1a: Heatran|71/100|[from] Grassy Terrain
|-heal|p1a: Heatran|77/100|[from] item: Leftovers
|upkeep
|turn|28
|
|t:|1781441783
|switch|p1a: Alomomola|Alomomola, F|93/100
|move|p2a: Ceruledge|Poltergeist|p1a: Alomomola
|-activate|p1a: Alomomola|move: Poltergeist|Heavy-Duty Boots
|-damage|p1a: Alomomola|27/100
|
|-heal|p2a: Ceruledge|54/100|[from] Grassy Terrain
|-heal|p1a: Alomomola|33/100|[from] Grassy Terrain
|upkeep
|turn|29
|j| Schlafparalyse
|
|t:|1781441791
|move|p2a: Ceruledge|Poltergeist|p1a: Alomomola
|-activate|p1a: Alomomola|move: Poltergeist|Heavy-Duty Boots
|-damage|p1a: Alomomola|0 fnt
|faint|p1a: Alomomola
|
|-heal|p2a: Ceruledge|61/100|[from] Grassy Terrain
|upkeep
|
|t:|1781441793
|switch|p1a: Ogerpon|Ogerpon, F|94/100
|-damage|p1a: Ogerpon|82/100|[from] Stealth Rock
|turn|30
|
|t:|1781441799
|switch|p2a: Iron Moth|Iron Moth|100/100
|move|p1a: Ogerpon|Rock Tomb|p2a: Iron Moth
|-supereffective|p2a: Iron Moth
|-damage|p2a: Iron Moth|11/100
|-unboost|p2a: Iron Moth|spe|1
|
|-heal|p1a: Ogerpon|88/100|[from] Grassy Terrain
|-heal|p2a: Iron Moth|17/100|[from] Grassy Terrain
|-fieldend|move: Grassy Terrain
|upkeep
|turn|31
|c|☆EleaRosea|gg
|
|t:|1781441806
|move|p1a: Ogerpon|Rock Tomb|p2a: Iron Moth
|-supereffective|p2a: Iron Moth
|-damage|p2a: Iron Moth|0 fnt
|faint|p2a: Iron Moth
|-end|p2a: Iron Moth|Quark Drive|[silent]
|
|upkeep
|
|t:|1781441808
|switch|p2a: Ceruledge|Ceruledge, M|61/100
|turn|32
|
|t:|1781441811
|move|p1a: Ogerpon|Rock Tomb|p2a: Ceruledge
|-supereffective|p2a: Ceruledge
|-damage|p2a: Ceruledge|0 fnt
|faint|p2a: Ceruledge
|
|win|EleaRosea
|raw|EleaRosea's rating: 1626 &rarr; <strong>1644</strong><br />(+18 for winning)
|raw|jimola's rating: 1595 &rarr; <strong>1577</strong><br />(-18 for losing)
|l|☆jimola
|player|p2|
|l|☆EleaRosea
|player|p1|
|l| Schlafparalyse
|l| EBT FOOD STAMPS
