|j|☆GLOWKING AGENDA
|j|☆eros maniac
|t:|1781091079
|gametype|singles
|player|p1|GLOWKING AGENDA|irida|1668
|player|p2|eros maniac|hilbert-wonderlauncher|1801
|gen|9
|tier|[Gen 9] OU
|rated|
|rule|HP Percentage Mod: HP is shown in percentages
|rule|Endless Battle Clause: Forcing endless battles is banned
|rule|Species Clause: Limit one of each Pokémon
|rule|OHKO Clause: OHKO moves are banned
|rule|Evasion Items Clause: Evasion items are banned
|rule|Evasion Moves Clause: Evasion moves are banned
|rule|Evasion Abilities Clause: Evasion abilities are banned
|rule|Sleep Moves Clause: Sleep-inducing moves are banned
|clearpoke
|poke|p1|Tinkaton, F|
|poke|p1|Ogerpon, F|
|poke|p1|Great Tusk|
|poke|p1|Pecharunt|
|poke|p1|Alomomola, M|
|poke|p1|Hydreigon, M|
|poke|p2|Frosmoth, F|
|poke|p2|Maushold-Four|
|poke|p2|Okidogi, M|
|poke|p2|Sinistcha|
|poke|p2|Alomomola, F|
|poke|p2|Weezing-Galar, M|
|teampreview
|inactive|Battle timer is ON: inactive players will automatically lose when time's up. (requested by eros maniac)
|
|t:|1781091090
|teamsize|p1|6
|teamsize|p2|6
|start
|switch|p1a: Behemoth|Great Tusk, shiny|100/100
|switch|p2a: Frosmoth|Frosmoth, F, shiny|100/100
|turn|1
|
|t:|1781091096
|move|p1a: Behemoth|Close Combat|p2a: Frosmoth
|-damage|p2a: Frosmoth|2/100
|-unboost|p1a: Behemoth|def|1
|-unboost|p1a: Behemoth|spd|1
|move|p2a: Frosmoth|Ice Beam|p1a: Behemoth
|-supereffective|p1a: Behemoth
|-damage|p1a: Behemoth|0 fnt
|faint|p1a: Behemoth
|-end|p1a: Behemoth|Protosynthesis|[silent]
|
|-heal|p2a: Frosmoth|8/100|[from] item: Leftovers
|upkeep
|
|t:|1781091102
|switch|p1a: Anonymous|Ogerpon, F|100/100
|turn|2
|
|t:|1781091105
|switch|p2a: Okidogi|Okidogi, M|100/100
|move|p1a: Anonymous|U-turn|p2a: Okidogi
|-resisted|p2a: Okidogi
|-damage|p2a: Okidogi|94/100
|j| audienceyao
|
|t:|1781091108
|switch|p1a: Overseer|Pecharunt|100/100|[from] U-turn
|
|upkeep
|turn|3
|j| nathanie
|
|t:|1781091112
|move|p1a: Overseer|Parting Shot|p2a: Okidogi
|-unboost|p2a: Okidogi|atk|1
|-unboost|p2a: Okidogi|spa|1
|
|t:|1781091116
|switch|p1a: Pisces|Alomomola, M, shiny|100/100|[from] Parting Shot
|move|p2a: Okidogi|High Horsepower|p1a: Pisces
|-damage|p1a: Pisces|71/100
|-status|p1a: Pisces|tox|[from] ability: Toxic Chain|[of] p2a: Okidogi
|
|-damage|p1a: Pisces|65/100 tox|[from] psn
|upkeep
|turn|4
|
|t:|1781091121
|switch|p2a: Alomomola|Alomomola, F, shiny|100/100
|switch|p1a: Hybrid|Hydreigon, M, shiny|100/100
|
|upkeep
|turn|5
|
|t:|1781091126
|move|p1a: Hybrid|Dark Pulse|p2a: Alomomola
|-damage|p2a: Alomomola|48/100
|cant|p2a: Alomomola|flinch
|
|upkeep
|turn|6
|
|t:|1781091148
|switch|p2a: Maushold|Maushold-Four|100/100
|move|p1a: Hybrid|Dark Pulse|p2a: Maushold
|-damage|p2a: Maushold|13/100
|
|upkeep
|turn|7
|
|t:|1781091153
|switch|p2a: Alomomola|Alomomola, F, shiny|81/100
|switch|p1a: Overseer|Pecharunt|100/100
|
|upkeep
|turn|8
|j| kanaete onegai
|
|t:|1781091156
|move|p1a: Overseer|Malignant Chain|p2a: Alomomola
|-damage|p2a: Alomomola|53/100
|move|p2a: Alomomola|Wish|p2a: Alomomola
|
|upkeep
|turn|9
|
|t:|1781091161
|move|p1a: Overseer|Malignant Chain|p2a: Alomomola
|-damage|p2a: Alomomola|24/100
|-status|p2a: Alomomola|tox
|-start|p2a: Alomomola|confusion|[from] ability: Poison Puppeteer|[of] p1a: Overseer
|-activate|p2a: Alomomola|confusion
|-damage|p2a: Alomomola|19/100 tox|[from] confusion
|
|-heal|p2a: Alomomola|69/100 tox|[from] move: Wish|[wisher] Alomomola
|-damage|p2a: Alomomola|63/100 tox|[from] psn
|upkeep
|turn|10
|
|t:|1781091172
|move|p1a: Overseer|Parting Shot|p2a: Alomomola
|-unboost|p2a: Alomomola|atk|1
|-unboost|p2a: Alomomola|spa|1
|
|t:|1781091174
|switch|p1a: Hybrid|Hydreigon, M, shiny|100/100|[from] Parting Shot
|-activate|p2a: Alomomola|confusion
|move|p2a: Alomomola|Flip Turn|p1a: Hybrid
|-resisted|p1a: Hybrid
|-damage|p1a: Hybrid|94/100
|
|t:|1781091179
|switch|p2a: Maushold|Maushold-Four|13/100|[from] Flip Turn
|
|upkeep
|turn|11
|
|t:|1781091181
|switch|p1a: Overseer|Pecharunt|100/100
|move|p2a: Maushold|Population Bomb|p1a: Overseer
|-immune|p1a: Overseer
|
|upkeep
|turn|12
|
|t:|1781091191
|move|p2a: Maushold|Tidy Up|p2a: Maushold
|-boost|p2a: Maushold|atk|1
|-boost|p2a: Maushold|spe|1
|move|p1a: Overseer|Shadow Ball|p2a: Maushold
|-immune|p2a: Maushold
|
|upkeep
|turn|13
|
|t:|1781091195
|switch|p1a: Pisces|Alomomola, M, shiny|98/100 tox
|move|p2a: Maushold|Encore||[still]
|-fail|p2a: Maushold
|
|-damage|p1a: Pisces|92/100 tox|[from] psn
|upkeep
|turn|14
|
|t:|1781091201
|move|p1a: Pisces|Aqua Jet|p2a: Maushold
|-damage|p2a: Maushold|0 fnt
|faint|p2a: Maushold
|
|-damage|p1a: Pisces|80/100 tox|[from] psn
|upkeep
|
|t:|1781091203
|switch|p2a: Alomomola|Alomomola, F, shiny|96/100 tox
|turn|15
|
|t:|1781091204
|move|p2a: Alomomola|Wish|p2a: Alomomola
|move|p1a: Pisces|Flip Turn|p2a: Alomomola
|-resisted|p2a: Alomomola
|-crit|p2a: Alomomola
|-damage|p2a: Alomomola|89/100 tox
|-damage|p1a: Pisces|63/100 tox|[from] item: Rocky Helmet|[of] p2a: Alomomola
|
|t:|1781091211
|switch|p1a: Smile.exe|Tinkaton, F, shiny|100/100|[from] Flip Turn
|-item|p1a: Smile.exe|Air Balloon
|
|-damage|p2a: Alomomola|82/100 tox|[from] psn
|upkeep
|turn|16
|j| Favorite lovestory
|
|t:|1781091217
|switch|p2a: Frosmoth|Frosmoth, F, shiny|8/100
|move|p1a: Smile.exe|Stealth Rock|p2a: Frosmoth
|-sidestart|p2: eros maniac|move: Stealth Rock
|
|-heal|p2a: Frosmoth|85/100|[from] move: Wish|[wisher] Alomomola
|-heal|p2a: Frosmoth|91/100|[from] item: Leftovers
|upkeep
|turn|17
|
|t:|1781091223
|switch|p1a: Hybrid|Hydreigon, M, shiny|94/100
|switch|p2a: Alomomola|Alomomola, F, shiny|100/100 tox
|-damage|p2a: Alomomola|88/100 tox|[from] Stealth Rock
|
|-damage|p2a: Alomomola|82/100 tox|[from] psn
|upkeep
|turn|18
|l| Favorite lovestory
|
|t:|1781091229
|move|p1a: Hybrid|Dark Pulse|p2a: Alomomola
|-damage|p2a: Alomomola|27/100 tox
|move|p2a: Alomomola|Flip Turn|p1a: Hybrid
|-resisted|p1a: Hybrid
|-damage|p1a: Hybrid|85/100
|
|t:|1781091233
|switch|p2a: Weezing|Weezing-Galar, M|100/100|[from] Flip Turn
|-ability|p2a: Weezing|Neutralizing Gas
|-damage|p2a: Weezing|88/100|[from] Stealth Rock
|
|upkeep
|turn|19
|
|t:|1781091237
|-terastallize|p1a: Hybrid|Steel
|move|p1a: Hybrid|Dark Pulse|p2a: Weezing
|-resisted|p2a: Weezing
|-damage|p2a: Weezing|47/100
|move|p2a: Weezing|Defog|p1a: Hybrid
|-unboost|p1a: Hybrid|evasion|1
|-sideend|p2: eros maniac|Stealth Rock|[from] move: Defog|[of] p2a: Weezing
|
|upkeep
|turn|20
|
|t:|1781091243
|-end|p2a: Weezing|ability: Neutralizing Gas
|switch|p2a: Frosmoth|Frosmoth, F, shiny|91/100
|move|p1a: Hybrid|Dark Pulse|p2a: Frosmoth
|-damage|p2a: Frosmoth|66/100
|
|-heal|p2a: Frosmoth|72/100|[from] item: Leftovers
|upkeep
|turn|21
|
|t:|1781091248
|switch|p1a: Smile.exe|Tinkaton, F, shiny|100/100
|-item|p1a: Smile.exe|Air Balloon
|move|p2a: Frosmoth|Quiver Dance|p2a: Frosmoth
|-boost|p2a: Frosmoth|spa|1
|-boost|p2a: Frosmoth|spd|1
|-boost|p2a: Frosmoth|spe|1
|
|-heal|p2a: Frosmoth|78/100|[from] item: Leftovers
|upkeep
|turn|22
|
|t:|1781091260
|move|p1a: Smile.exe|Gigaton Hammer|p2a: Frosmoth
|-supereffective|p2a: Frosmoth
|-damage|p2a: Frosmoth|0 fnt
|faint|p2a: Frosmoth
|
|upkeep
|-message|eros maniac forfeited.
|
|win|GLOWKING AGENDA
|raw|GLOWKING AGENDA's rating: 1668 &rarr; <strong>1695</strong><br />(+27 for winning)
|raw|eros maniac's rating: 1801 &rarr; <strong>1774</strong><br />(-27 for losing)
|l|☆eros maniac
|player|p2|
|l|☆GLOWKING AGENDA
|player|p1|
|l| nathanie
