|j|☆Kloakri
|j|☆ja hoi
|t:|1780994494
|gametype|singles
|player|p1|Kloakri|170|1643
|player|p2|ja hoi|170|1616
|gen|9
|tier|[Gen 9] OU
|rated|
|rule|HP Percentage Mod: HP is shown in percentages
|rule|Endless Battle Clause: Forcing endless battles is banned
|rule|Species Clause: Limit one of each Pokémon
|rule|OHKO Clause: OHKO moves are banned
|rule|Evasion Items Clause: Evasion items are banned
|rule|Evasion Moves Clause: Evasion moves are banned
|rule|Evasion Abilities Clause: Evasion abilities are banned
|rule|Sleep Moves Clause: Sleep-inducing moves are banned
|clearpoke
|poke|p1|Ribombee, F|
|poke|p1|Gholdengo|
|poke|p1|Great Tusk|
|poke|p1|Raging Bolt|
|poke|p1|Ogerpon-Cornerstone, F|
|poke|p1|Ceruledge, M|
|poke|p2|Quaquaval, F|
|poke|p2|Zamazenta-*|
|poke|p2|Dragapult, F|
|poke|p2|Garganacl, M|
|poke|p2|Grimmsnarl, M|
|poke|p2|Iron Moth|
|teampreview
|inactive|Battle timer is ON: inactive players will automatically lose when time's up. (requested by ja hoi)
|
|t:|1780994507
|teamsize|p1|6
|teamsize|p2|6
|start
|switch|p1a: NEW DROP|Ribombee, F, shiny|100/100
|switch|p2a: Grimmsnarl|Grimmsnarl, M|100/100
|turn|1
|
|t:|1780994513
|move|p2a: Grimmsnarl|Taunt|p1a: NEW DROP
|-start|p1a: NEW DROP|move: Taunt
|move|p1a: NEW DROP|Moonblast|p2a: Grimmsnarl
|-supereffective|p2a: Grimmsnarl
|-damage|p2a: Grimmsnarl|44/100
|
|upkeep
|turn|2
|
|t:|1780994525
|switch|p1a: TORE UP|Ceruledge, M, shiny|100/100
|move|p2a: Grimmsnarl|Light Screen|p2a: Grimmsnarl
|-sidestart|p2: ja hoi|move: Light Screen
|
|upkeep
|turn|3
|j| lord shiddenfards
|inactive|ja hoi has 120 seconds left.
|
|t:|1780994574
|move|p2a: Grimmsnarl|Reflect|p2a: Grimmsnarl
|-sidestart|p2: ja hoi|Reflect
|move|p1a: TORE UP|Swords Dance|p1a: TORE UP
|-boost|p1a: TORE UP|atk|2
|
|upkeep
|turn|4
|
|t:|1780994586
|move|p2a: Grimmsnarl|Parting Shot|p1a: TORE UP
|-unboost|p1a: TORE UP|atk|1
|-unboost|p1a: TORE UP|spa|1
|
|t:|1780994591
|switch|p2a: Garganacl|Garganacl, M|100/100|[from] Parting Shot
|move|p1a: TORE UP|Bitter Blade|p2a: Garganacl
|-resisted|p2a: Garganacl
|-damage|p2a: Garganacl|88/100
|
|-heal|p2a: Garganacl|94/100|[from] item: Leftovers
|upkeep
|turn|5
|
|t:|1780994599
|move|p1a: TORE UP|Swords Dance|p1a: TORE UP
|-boost|p1a: TORE UP|atk|2
|move|p2a: Garganacl|Salt Cure|p1a: TORE UP
|-supereffective|p1a: TORE UP
|-damage|p1a: TORE UP|59/100
|-start|p1a: TORE UP|Salt Cure
|-ability|p1a: TORE UP|Weak Armor|boost
|-unboost|p1a: TORE UP|def|1
|-boost|p1a: TORE UP|spe|2
|
|-heal|p2a: Garganacl|99/100|[from] item: Leftovers
|-damage|p1a: TORE UP|47/100|[from] Salt Cure
|upkeep
|turn|6
|inactive|ja hoi has 120 seconds left.
|
|t:|1780994616
|move|p1a: TORE UP|Close Combat|p2a: Garganacl
|-supereffective|p2a: Garganacl
|-damage|p2a: Garganacl|23/100
|-unboost|p1a: TORE UP|def|1
|-unboost|p1a: TORE UP|spd|1
|move|p2a: Garganacl|Salt Cure|p1a: TORE UP
|-supereffective|p1a: TORE UP
|-damage|p1a: TORE UP|0 fnt
|faint|p1a: TORE UP
|
|-heal|p2a: Garganacl|29/100|[from] item: Leftovers
|upkeep
|
|t:|1780994626
|switch|p1a: NEW DROP|Ribombee, F, shiny|100/100
|turn|7
|inactive|ja hoi has 120 seconds left.
|inactive|ja hoi has 90 seconds left.
|
|t:|1780994668
|move|p1a: NEW DROP|Moonblast|p2a: Garganacl
|-damage|p2a: Garganacl|16/100
|-unboost|p2a: Garganacl|spa|1
|move|p2a: Garganacl|Salt Cure|p1a: NEW DROP
|-supereffective|p1a: NEW DROP
|-damage|p1a: NEW DROP|45/100
|
|-heal|p2a: Garganacl|23/100|[from] item: Leftovers
|upkeep
|turn|8
|inactive|ja hoi has 90 seconds left.
|
|t:|1780994679
|move|p1a: NEW DROP|Sticky Web|p2a: Garganacl
|-sidestart|p2: ja hoi|move: Sticky Web
|move|p2a: Garganacl|Salt Cure|p1a: NEW DROP
|-supereffective|p1a: NEW DROP
|-damage|p1a: NEW DROP|0 fnt
|faint|p1a: NEW DROP
|
|-heal|p2a: Garganacl|29/100|[from] item: Leftovers
|upkeep
|j| mawaruru
|
|t:|1780994693
|switch|p1a: BROTHER STONE|Ogerpon-Cornerstone, F|100/100
|turn|9
|
|t:|1780994698
|move|p1a: BROTHER STONE|Low Kick|p2a: Garganacl
|-supereffective|p2a: Garganacl
|-damage|p2a: Garganacl|0 fnt
|faint|p2a: Garganacl
|
|-sideend|p2: ja hoi|move: Light Screen
|upkeep
|inactive|ja hoi has 90 seconds left.
|
|t:|1780994711
|switch|p2a: Dragapult|Dragapult, F|100/100
|-activate|p2a: Dragapult|move: Sticky Web
|-unboost|p2a: Dragapult|spe|1
|turn|10
|
|t:|1780994715
|move|p1a: BROTHER STONE|Ivy Cudgel|p2a: Dragapult|[anim] Ivy Cudgel Rock
|-damage|p2a: Dragapult|50/100
|move|p2a: Dragapult|Dragon Dance|p2a: Dragapult
|-boost|p2a: Dragapult|atk|1
|-boost|p2a: Dragapult|spe|1
|
|-heal|p2a: Dragapult|56/100|[from] item: Leftovers
|-sideend|p2: ja hoi|Reflect
|upkeep
|turn|11
|
|t:|1780994723
|move|p2a: Dragapult|Dragon Darts|p1a: BROTHER STONE
|-damage|p1a: BROTHER STONE|43/100
|-anim|p2a: Dragapult|Dragon Darts|p1a: BROTHER STONE
|-damage|p1a: BROTHER STONE|0 fnt
|faint|p1a: BROTHER STONE
|
|-heal|p2a: Dragapult|62/100|[from] item: Leftovers
|upkeep
|
|t:|1780994732
|switch|p1a: GREAT NECK|Raging Bolt|100/100
|-enditem|p1a: GREAT NECK|Booster Energy
|-activate|p1a: GREAT NECK|ability: Protosynthesis|[fromitem]
|-start|p1a: GREAT NECK|protosynthesisspa
|turn|12
|
|t:|1780994743
|-terastallize|p1a: GREAT NECK|Bug
|move|p2a: Dragapult|Phantom Force||[still]
|-prepare|p2a: Dragapult|Phantom Force
|move|p1a: GREAT NECK|Dragon Pulse|p2a: Dragapult|[miss]
|-miss|p1a: GREAT NECK|p2a: Dragapult
|
|-heal|p2a: Dragapult|68/100|[from] item: Leftovers
|upkeep
|turn|13
|
|t:|1780994750
|move|p2a: Dragapult|Phantom Force|p1a: GREAT NECK|[from] lockedmove
|-damage|p1a: GREAT NECK|32/100
|move|p1a: GREAT NECK|Dragon Pulse|p2a: Dragapult
|-supereffective|p2a: Dragapult
|-damage|p2a: Dragapult|0 fnt
|faint|p2a: Dragapult
|
|upkeep
|
|t:|1780994758
|switch|p2a: Grimmsnarl|Grimmsnarl, M|44/100
|-activate|p2a: Grimmsnarl|move: Sticky Web
|-unboost|p2a: Grimmsnarl|spe|1
|turn|14
|
|t:|1780994762
|move|p2a: Grimmsnarl|Light Screen|p2a: Grimmsnarl
|-sidestart|p2: ja hoi|move: Light Screen
|move|p1a: GREAT NECK|Thunderbolt|p2a: Grimmsnarl
|-damage|p2a: Grimmsnarl|18/100
|
|upkeep
|turn|15
|
|t:|1780994768
|move|p2a: Grimmsnarl|Reflect|p2a: Grimmsnarl
|-sidestart|p2: ja hoi|Reflect
|move|p1a: GREAT NECK|Calm Mind|p1a: GREAT NECK
|-boost|p1a: GREAT NECK|spa|1
|-boost|p1a: GREAT NECK|spd|1
|
|upkeep
|turn|16
|
|t:|1780994777
|move|p2a: Grimmsnarl|Taunt|p1a: GREAT NECK
|-start|p1a: GREAT NECK|move: Taunt
|cant|p1a: GREAT NECK|move: Taunt|Calm Mind
|
|upkeep
|turn|17
|
|t:|1780994784
|move|p2a: Grimmsnarl|Taunt||[still]
|-fail|p2a: Grimmsnarl
|move|p1a: GREAT NECK|Thunderbolt|p2a: Grimmsnarl
|-crit|p2a: Grimmsnarl
|-damage|p2a: Grimmsnarl|0 fnt
|faint|p2a: Grimmsnarl
|
|upkeep
|j| nimjaishot
|l| nimjaishot
|inactive|ja hoi has 120 seconds left.
|
|t:|1780994842
|switch|p2a: Iron Moth|Iron Moth|100/100
|-activate|p2a: Iron Moth|move: Sticky Web
|-unboost|p2a: Iron Moth|spe|1
|-enditem|p2a: Iron Moth|Booster Energy
|-activate|p2a: Iron Moth|ability: Quark Drive|[fromitem]
|-start|p2a: Iron Moth|quarkdrivespa
|turn|18
|
|t:|1780994865
|move|p1a: GREAT NECK|Thunderbolt|p2a: Iron Moth
|-damage|p2a: Iron Moth|50/100
|move|p2a: Iron Moth|Agility|p2a: Iron Moth
|-boost|p2a: Iron Moth|spe|2
|
|-end|p1a: GREAT NECK|move: Taunt
|upkeep
|turn|19
|
|t:|1780994872
|move|p1a: GREAT NECK|Thunderclap|p2a: Iron Moth
|-damage|p2a: Iron Moth|4/100
|move|p2a: Iron Moth|Fiery Dance|p1a: GREAT NECK
|-supereffective|p1a: GREAT NECK
|-damage|p1a: GREAT NECK|0 fnt
|-boost|p2a: Iron Moth|spa|1
|faint|p1a: GREAT NECK
|-end|p1a: GREAT NECK|Protosynthesis|[silent]
|
|upkeep
|c|☆ja hoi|gg
|
|t:|1780994881
|switch|p1a: BANDIT|Great Tusk, shiny|100/100
|-enditem|p1a: BANDIT|Booster Energy
|-activate|p1a: BANDIT|ability: Protosynthesis|[fromitem]
|-start|p1a: BANDIT|protosynthesisatk
|turn|20
|
|t:|1780994886
|move|p2a: Iron Moth|Energy Ball|p1a: BANDIT
|-supereffective|p1a: BANDIT
|-damage|p1a: BANDIT|0 fnt
|faint|p1a: BANDIT
|-end|p1a: BANDIT|Protosynthesis|[silent]
|
|upkeep
|
|t:|1780994891
|switch|p1a: KRYPTONITE|Gholdengo, shiny|100/100
|-item|p1a: KRYPTONITE|Air Balloon
|turn|21
|
|t:|1780994895
|move|p2a: Iron Moth|Fiery Dance|p1a: KRYPTONITE
|-supereffective|p1a: KRYPTONITE
|-damage|p1a: KRYPTONITE|0 fnt
|-boost|p2a: Iron Moth|spa|1
|-enditem|p1a: KRYPTONITE|Air Balloon
|faint|p1a: KRYPTONITE
|
|win|ja hoi
|raw|Kloakri's rating: 1643 &rarr; <strong>1621</strong><br />(-22 for losing)
|raw|ja hoi's rating: 1616 &rarr; <strong>1638</strong><br />(+22 for winning)
|c|☆Kloakri|gg
|l| mawaruru
|c|☆ja hoi|gg
|l|☆Kloakri
|player|p1|
|l|☆ja hoi
|player|p2|
|l| lord shiddenfards
