|j|☆waha8
|j|☆Miurez
|t:|1781381578
|gametype|singles
|player|p1|waha8|101|1619
|player|p2|Miurez|pokemonranger-gen4|1693
|gen|9
|tier|[Gen 9] OU
|rated|
|rule|HP Percentage Mod: HP is shown in percentages
|rule|Endless Battle Clause: Forcing endless battles is banned
|rule|Species Clause: Limit one of each Pokémon
|rule|OHKO Clause: OHKO moves are banned
|rule|Evasion Items Clause: Evasion items are banned
|rule|Evasion Moves Clause: Evasion moves are banned
|rule|Evasion Abilities Clause: Evasion abilities are banned
|rule|Sleep Moves Clause: Sleep-inducing moves are banned
|clearpoke
|poke|p1|Slowking-Galar, F|
|poke|p1|Indeedee, M|
|poke|p1|Cinderace, F|
|poke|p1|Ninetales-Alola, F|
|poke|p1|Cetitan, M|
|poke|p1|Kyurem|
|poke|p2|Deoxys-Speed|
|poke|p2|Ceruledge, F|
|poke|p2|Zamazenta-*|
|poke|p2|Ogerpon-Wellspring, F|
|poke|p2|Glimmora, M|
|poke|p2|Hatterene, F|
|teampreview
|inactive|Battle timer is ON: inactive players will automatically lose when time's up. (requested by waha8)
|
|t:|1781381601
|teamsize|p1|6
|teamsize|p2|6
|start
|switch|p1a: Mavis|Ninetales-Alola, F|100/100
|switch|p2a: Deoxys|Deoxys-Speed|100/100
|-ability|p2a: Deoxys|Pressure
|-weather|Snowscape|[from] ability: Snow Warning|[of] p1a: Mavis
|turn|1
|
|t:|1781381615
|move|p2a: Deoxys|Taunt|p1a: Mavis
|-start|p1a: Mavis|move: Taunt
|move|p1a: Mavis|Moonblast|p2a: Deoxys
|-damage|p2a: Deoxys|52/100
|
|-weather|Snowscape|[upkeep]
|upkeep
|turn|2
|
|t:|1781381621
|move|p2a: Deoxys|Psycho Boost|p1a: Mavis
|-damage|p1a: Mavis|44/100
|-unboost|p2a: Deoxys|spa|2
|move|p1a: Mavis|Moonblast|p2a: Deoxys
|-damage|p2a: Deoxys|9/100
|
|-weather|Snowscape|[upkeep]
|upkeep
|turn|3
|
|t:|1781381633
|switch|p1a: Thing|Cetitan, M|100/100
|move|p2a: Deoxys|Light Screen|p2a: Deoxys
|-sidestart|p2: Miurez|move: Light Screen
|
|-weather|Snowscape|[upkeep]
|upkeep
|turn|4
|
|t:|1781381642
|move|p1a: Thing|Ice Shard|p2a: Deoxys
|-damage|p2a: Deoxys|0 fnt
|faint|p2a: Deoxys
|
|-weather|Snowscape|[upkeep]
|upkeep
|
|t:|1781381668
|switch|p2a: Zamazenta|Zamazenta|100/100
|-ability|p2a: Zamazenta|Dauntless Shield|boost
|-boost|p2a: Zamazenta|def|1
|turn|5
|
|t:|1781381678
|-terastallize|p1a: Thing|Ground
|move|p1a: Thing|Belly Drum|p1a: Thing
|-damage|p1a: Thing|50/100
|-setboost|p1a: Thing|atk|6|[from] move: Belly Drum
|-enditem|p1a: Thing|Sitrus Berry|[eat]
|-heal|p1a: Thing|75/100|[from] item: Sitrus Berry
|move|p2a: Zamazenta|Body Press|p1a: Thing
|-damage|p1a: Thing|19/100
|
|-weather|Snowscape|[upkeep]
|upkeep
|turn|6
|
|t:|1781381687
|move|p1a: Thing|Earthquake|p2a: Zamazenta
|-damage|p2a: Zamazenta|0 fnt
|faint|p2a: Zamazenta
|
|-weather|Snowscape|[upkeep]
|upkeep
|
|t:|1781381693
|switch|p2a: Ceruledge|Ceruledge, F|100/100
|turn|7
|
|t:|1781381697
|switch|p1a: DeeDee|Indeedee, M|100/100
|-fieldstart|move: Psychic Terrain|[from] ability: Psychic Surge|[of] p1a: DeeDee
|move|p2a: Ceruledge|Shadow Sneak|p1a: DeeDee
|-activate|p1a: DeeDee|move: Psychic Terrain
|
|-weather|Snowscape|[upkeep]
|upkeep
|turn|8
|
|t:|1781381706
|switch|p2a: Hatterene|Hatterene, F|100/100
|move|p1a: DeeDee|Encore|p2a: Hatterene
|move|p2a: Hatterene|Encore||[from] ability: Magic Bounce|[still]
|-fail|p2a: Hatterene
|
|-weather|none
|upkeep
|turn|9
|
|t:|1781381716
|switch|p1a: ReverseUNO|Cinderace, F|100/100
|move|p2a: Hatterene|Calm Mind|p2a: Hatterene
|-boost|p2a: Hatterene|spa|1
|-boost|p2a: Hatterene|spd|1
|
|upkeep
|turn|10
|
|t:|1781381725
|move|p1a: ReverseUNO|Gunk Shot|p2a: Hatterene|[miss]
|-start|p1a: ReverseUNO|typechange|Poison|[from] ability: Libero
|-miss|p1a: ReverseUNO|p2a: Hatterene
|move|p2a: Hatterene|Stored Power|p1a: ReverseUNO
|-supereffective|p1a: ReverseUNO
|-damage|p1a: ReverseUNO|0 fnt
|faint|p1a: ReverseUNO
|
|-sideend|p2: Miurez|move: Light Screen
|upkeep
|
|t:|1781381736
|switch|p1a: Thing|Cetitan, M, tera:Ground|19/100
|turn|11
|
|t:|1781381740
|move|p1a: Thing|Earthquake|p2a: Hatterene
|-damage|p2a: Hatterene|57/100
|move|p2a: Hatterene|Draining Kiss|p1a: Thing
|-damage|p1a: Thing|0 fnt
|-heal|p2a: Hatterene|78/100|[from] drain|[of] p1a: Thing
|faint|p1a: Thing
|
|-heal|p2a: Hatterene|84/100|[from] item: Leftovers
|upkeep
|
|t:|1781381749
|switch|p1a: SageOfSixPaths|Slowking-Galar, F|100/100
|turn|12
|
|t:|1781381752
|move|p2a: Hatterene|Calm Mind|p2a: Hatterene
|-boost|p2a: Hatterene|spa|1
|-boost|p2a: Hatterene|spd|1
|move|p1a: SageOfSixPaths|Sludge Wave|p2a: Hatterene
|-supereffective|p2a: Hatterene
|-damage|p2a: Hatterene|20/100
|-damage|p1a: SageOfSixPaths|91/100|[from] item: Life Orb
|
|-heal|p2a: Hatterene|26/100|[from] item: Leftovers
|upkeep
|turn|13
|
|t:|1781381762
|move|p2a: Hatterene|Stored Power|p1a: SageOfSixPaths
|-damage|p1a: SageOfSixPaths|0 fnt
|faint|p1a: SageOfSixPaths
|
|-heal|p2a: Hatterene|32/100|[from] item: Leftovers
|upkeep
|
|t:|1781381767
|switch|p1a: SubZero|Kyurem|100/100
|-ability|p1a: SubZero|Pressure
|turn|14
|
|t:|1781381771
|move|p1a: SubZero|Icicle Spear|p2a: Hatterene
|-damage|p2a: Hatterene|20/100
|-damage|p2a: Hatterene|9/100
|-damage|p2a: Hatterene|0 fnt
|faint|p2a: Hatterene
|-hitcount|p2: Hatterene|3
|
|-fieldend|move: Psychic Terrain
|upkeep
|
|t:|1781381782
|switch|p2a: Glimmora|Glimmora, M|100/100
|turn|15
|
|t:|1781381786
|switch|p1a: DeeDee|Indeedee, M|100/100
|-fieldstart|move: Psychic Terrain|[from] ability: Psychic Surge|[of] p1a: DeeDee
|move|p2a: Glimmora|Meteor Beam||[still]
|-prepare|p2a: Glimmora|Meteor Beam
|-boost|p2a: Glimmora|spa|1
|-enditem|p2a: Glimmora|Power Herb
|-anim|p2a: Glimmora|Meteor Beam|p1a: DeeDee
|-damage|p1a: DeeDee|0 fnt
|faint|p1a: DeeDee
|
|upkeep
|
|t:|1781381795
|switch|p1a: Mavis|Ninetales-Alola, F|44/100
|-weather|Snowscape|[from] ability: Snow Warning|[of] p1a: Mavis
|turn|16
|
|t:|1781381799
|move|p1a: Mavis|Aurora Veil|p1a: Mavis
|-sidestart|p1: waha8|move: Aurora Veil
|move|p2a: Glimmora|Stealth Rock|p1a: Mavis
|-sidestart|p1: waha8|move: Stealth Rock
|
|-weather|Snowscape|[upkeep]
|upkeep
|turn|17
|
|t:|1781381804
|switch|p2a: Ogerpon|Ogerpon-Wellspring, F|100/100
|move|p1a: Mavis|Encore||[still]
|-fail|p1a: Mavis
|
|-weather|Snowscape|[upkeep]
|upkeep
|turn|18
|
|t:|1781381820
|switch|p2a: Ceruledge|Ceruledge, F|100/100
|move|p1a: Mavis|Freeze-Dry|p2a: Ceruledge
|-resisted|p2a: Ceruledge
|-damage|p2a: Ceruledge|85/100
|
|-weather|Snowscape|[upkeep]
|upkeep
|turn|19
|
|t:|1781381829
|move|p1a: Mavis|Moonblast|p2a: Ceruledge
|-resisted|p2a: Ceruledge
|-damage|p2a: Ceruledge|67/100
|move|p2a: Ceruledge|Bitter Blade|p1a: Mavis
|-supereffective|p1a: Mavis
|-damage|p1a: Mavis|0 fnt
|-heal|p2a: Ceruledge|86/100|[from] drain|[of] p1a: Mavis
|faint|p1a: Mavis
|-damage|p2a: Ceruledge|76/100|[from] item: Life Orb
|
|-weather|Snowscape|[upkeep]
|upkeep
|
|t:|1781381839
|switch|p1a: SubZero|Kyurem|100/100
|-damage|p1a: SubZero|76/100|[from] Stealth Rock
|-ability|p1a: SubZero|Pressure
|turn|20
|
|t:|1781381849
|move|p1a: SubZero|Dragon Dance|p1a: SubZero
|-boost|p1a: SubZero|atk|1
|-boost|p1a: SubZero|spe|1
|move|p2a: Ceruledge|Poltergeist|p1a: SubZero
|-activate|p1a: SubZero|move: Poltergeist|Loaded Dice
|-damage|p1a: SubZero|54/100
|-damage|p2a: Ceruledge|66/100|[from] item: Life Orb
|
|-weather|Snowscape|[upkeep]
|-sideend|p1: waha8|move: Aurora Veil
|upkeep
|turn|21
|
|t:|1781381868
|move|p1a: SubZero|Icicle Spear|p2a: Ceruledge
|-resisted|p2a: Ceruledge
|-damage|p2a: Ceruledge|54/100
|-ability|p2a: Ceruledge|Weak Armor|boost
|-unboost|p2a: Ceruledge|def|1
|-boost|p2a: Ceruledge|spe|2
|-resisted|p2a: Ceruledge
|-damage|p2a: Ceruledge|33/100
|-ability|p2a: Ceruledge|Weak Armor|boost
|-unboost|p2a: Ceruledge|def|1
|-boost|p2a: Ceruledge|spe|2
|-resisted|p2a: Ceruledge
|-damage|p2a: Ceruledge|6/100
|-ability|p2a: Ceruledge|Weak Armor|boost
|-unboost|p2a: Ceruledge|def|1
|-boost|p2a: Ceruledge|spe|2
|-resisted|p2a: Ceruledge
|-damage|p2a: Ceruledge|0 fnt
|faint|p2a: Ceruledge
|-hitcount|p2: Ceruledge|4
|
|-weather|Snowscape|[upkeep]
|upkeep
|
|t:|1781381870
|switch|p2a: Glimmora|Glimmora, M|100/100
|turn|22
|
|t:|1781381898
|move|p1a: SubZero|Dragon Dance|p1a: SubZero
|-boost|p1a: SubZero|atk|1
|-boost|p1a: SubZero|spe|1
|move|p2a: Glimmora|Earth Power|p1a: SubZero
|-damage|p1a: SubZero|22/100
|
|-weather|Snowscape|[upkeep]
|-fieldend|move: Psychic Terrain
|upkeep
|turn|23
|
|t:|1781381907
|move|p1a: SubZero|Icicle Spear|p2a: Glimmora
|-damage|p2a: Glimmora|67/100
|-activate|p2a: Glimmora|ability: Toxic Debris
|-sidestart|p1: waha8|move: Toxic Spikes
|-damage|p2a: Glimmora|32/100
|-activate|p2a: Glimmora|ability: Toxic Debris
|-sidestart|p1: waha8|move: Toxic Spikes
|-damage|p2a: Glimmora|0 fnt
|faint|p2a: Glimmora
|-hitcount|p2: Glimmora|3
|
|-weather|none
|upkeep
|
|t:|1781381909
|switch|p2a: Ogerpon|Ogerpon-Wellspring, F|100/100
|turn|24
|
|t:|1781381918
|-terastallize|p2a: Ogerpon|Water
|detailschange|p2a: Ogerpon|Ogerpon-Wellspring-Tera, F, tera:Water
|-ability|p2a: Ogerpon|Embody Aspect (Wellspring)|boost
|-boost|p2a: Ogerpon|spd|1
|move|p1a: SubZero|Scale Shot|p2a: Ogerpon
|-damage|p2a: Ogerpon|61/100
|-damage|p2a: Ogerpon|25/100
|-crit|p2a: Ogerpon
|-damage|p2a: Ogerpon|0 fnt
|faint|p2a: Ogerpon
|detailschange|p2: Ogerpon|Ogerpon-Wellspring, F|[silent]
|-hitcount|p2: Ogerpon|3
|
|win|waha8
|raw|waha8's rating: 1619 &rarr; <strong>1643</strong><br />(+24 for winning)
|raw|Miurez's rating: 1693 &rarr; <strong>1669</strong><br />(-24 for losing)
|l|☆Miurez
|player|p2|
|l|☆waha8
|player|p1|
