|j|☆KurisuChestnutOU
|j|☆billythekid95
|t:|1781109586
|gametype|singles
|player|p1|KurisuChestnutOU|2|1546
|player|p2|billythekid95|1|1580
|gen|9
|tier|[Gen 9] OU
|rated|
|rule|HP Percentage Mod: HP is shown in percentages
|rule|Endless Battle Clause: Forcing endless battles is banned
|rule|Species Clause: Limit one of each Pokémon
|rule|OHKO Clause: OHKO moves are banned
|rule|Evasion Items Clause: Evasion items are banned
|rule|Evasion Moves Clause: Evasion moves are banned
|rule|Evasion Abilities Clause: Evasion abilities are banned
|rule|Sleep Moves Clause: Sleep-inducing moves are banned
|clearpoke
|poke|p1|Ting-Lu|
|poke|p1|Corviknight, F|
|poke|p1|Clodsire, F|
|poke|p1|Moltres|
|poke|p1|Dragapult, M|
|poke|p1|Garganacl, F|
|poke|p2|Walking Wake|
|poke|p2|Ribombee, F|
|poke|p2|Gholdengo|
|poke|p2|Torkoal, M|
|poke|p2|Great Tusk|
|poke|p2|Ceruledge, F|
|teampreview
|inactive|Battle timer is ON: inactive players will automatically lose when time's up. (requested by KurisuChestnutOU)
|
|t:|1781109595
|teamsize|p1|6
|teamsize|p2|6
|start
|switch|p1a: Ting-Lu|Ting-Lu|100/100
|switch|p2a: Ribombee|Ribombee, F|100/100
|-ability|p1a: Ting-Lu|Vessel of Ruin
|turn|1
|
|t:|1781109601
|move|p2a: Ribombee|Stun Spore|p1a: Ting-Lu
|-status|p1a: Ting-Lu|par
|cant|p1a: Ting-Lu|par
|
|upkeep
|turn|2
|
|t:|1781109606
|move|p2a: Ribombee|Sticky Web|p1a: Ting-Lu
|-sidestart|p1: KurisuChestnutOU|move: Sticky Web
|cant|p1a: Ting-Lu|par
|
|upkeep
|turn|3
|
|t:|1781109611
|switch|p2a: Great Tusk|Great Tusk|100/100
|cant|p1a: Ting-Lu|par
|
|upkeep
|turn|4
|
|t:|1781109617
|move|p2a: Great Tusk|Knock Off|p1a: Ting-Lu
|-resisted|p1a: Ting-Lu
|-damage|p1a: Ting-Lu|93/100 par
|-enditem|p1a: Ting-Lu|Leftovers|[from] move: Knock Off|[of] p2a: Great Tusk
|move|p1a: Ting-Lu|Ruination|p2a: Great Tusk
|-damage|p2a: Great Tusk|51/100
|
|upkeep
|turn|5
|
|t:|1781109623
|move|p2a: Great Tusk|Close Combat|p1a: Ting-Lu
|-supereffective|p1a: Ting-Lu
|-damage|p1a: Ting-Lu|32/100 par
|-unboost|p2a: Great Tusk|def|1
|-unboost|p2a: Great Tusk|spd|1
|move|p1a: Ting-Lu|Ruination|p2a: Great Tusk
|-damage|p2a: Great Tusk|26/100
|
|upkeep
|turn|6
|
|t:|1781109631
|move|p2a: Great Tusk|Close Combat|p1a: Ting-Lu
|-supereffective|p1a: Ting-Lu
|-damage|p1a: Ting-Lu|0 fnt
|-unboost|p2a: Great Tusk|def|1
|-unboost|p2a: Great Tusk|spd|1
|faint|p1a: Ting-Lu
|
|upkeep
|
|t:|1781109638
|switch|p1a: Dragapult|Dragapult, M|100/100
|turn|7
|
|t:|1781109641
|move|p1a: Dragapult|Shadow Ball|p2a: Great Tusk
|-damage|p2a: Great Tusk|0 fnt
|faint|p2a: Great Tusk
|-end|p2a: Great Tusk|Protosynthesis|[silent]
|
|upkeep
|
|t:|1781109649
|switch|p2a: Gholdengo|Gholdengo|100/100
|turn|8
|
|t:|1781109655
|switch|p1a: Clodsire|Clodsire, F|100/100
|-activate|p1a: Clodsire|move: Sticky Web
|-unboost|p1a: Clodsire|spe|1
|move|p2a: Gholdengo|Shadow Ball|p1a: Clodsire
|-damage|p1a: Clodsire|78/100
|
|-heal|p1a: Clodsire|84/100|[from] item: Leftovers
|upkeep
|turn|9
|
|t:|1781109665
|switch|p2a: Ribombee|Ribombee, F|100/100
|move|p1a: Clodsire|Earthquake|p2a: Ribombee
|-resisted|p2a: Ribombee
|-damage|p2a: Ribombee|73/100
|
|-heal|p1a: Clodsire|90/100|[from] item: Leftovers
|upkeep
|turn|10
|
|t:|1781109671
|move|p2a: Ribombee|Skill Swap|p1a: Clodsire
|-activate|p2a: Ribombee|Skill Swap|Unaware|Shield Dust|[of] p1a: Clodsire
|move|p1a: Clodsire|Toxic|p2a: Ribombee
|-status|p2a: Ribombee|tox
|
|-heal|p1a: Clodsire|97/100|[from] item: Leftovers
|-damage|p2a: Ribombee|67/100 tox|[from] psn
|upkeep
|turn|11
|
|t:|1781109679
|move|p2a: Ribombee|Stun Spore|p1a: Clodsire
|-status|p1a: Clodsire|par
|cant|p1a: Clodsire|par
|
|-heal|p1a: Clodsire|100/100 par|[from] item: Leftovers
|-damage|p2a: Ribombee|55/100 tox|[from] psn
|upkeep
|turn|12
|
|t:|1781109687
|switch|p2a: Torkoal|Torkoal, M|100/100
|-weather|SunnyDay|[from] ability: Drought|[of] p2a: Torkoal
|move|p1a: Clodsire|Toxic|p2a: Torkoal
|-status|p2a: Torkoal|tox
|
|-weather|SunnyDay|[upkeep]
|-damage|p2a: Torkoal|94/100 tox|[from] psn
|upkeep
|turn|13
|
|t:|1781109695
|switch|p1a: Garganacl|Garganacl, F|100/100
|-activate|p1a: Garganacl|move: Sticky Web
|-unboost|p1a: Garganacl|spe|1
|move|p2a: Torkoal|Stealth Rock|p1a: Garganacl
|-sidestart|p1: KurisuChestnutOU|move: Stealth Rock
|
|-weather|SunnyDay|[upkeep]
|-damage|p2a: Torkoal|82/100 tox|[from] psn
|upkeep
|turn|14
|
|t:|1781109704
|switch|p2a: Ribombee|Ribombee, F|55/100 tox
|move|p1a: Garganacl|Salt Cure|p2a: Ribombee
|-supereffective|p2a: Ribombee
|-damage|p2a: Ribombee|0 fnt
|faint|p2a: Ribombee
|
|-weather|SunnyDay|[upkeep]
|upkeep
|
|t:|1781109711
|switch|p2a: Walking Wake|Walking Wake|100/100
|-activate|p2a: Walking Wake|ability: Protosynthesis
|-start|p2a: Walking Wake|protosynthesisspa
|turn|15
|
|t:|1781109717
|-terastallize|p1a: Garganacl|Water
|move|p2a: Walking Wake|Hydro Steam|p1a: Garganacl
|-resisted|p1a: Garganacl
|-damage|p1a: Garganacl|55/100
|move|p1a: Garganacl|Salt Cure|p2a: Walking Wake
|-damage|p2a: Walking Wake|86/100
|-start|p2a: Walking Wake|Salt Cure
|
|-weather|SunnyDay|[upkeep]
|-heal|p1a: Garganacl|61/100|[from] item: Leftovers
|-damage|p2a: Walking Wake|61/100|[from] Salt Cure
|upkeep
|turn|16
|
|t:|1781109728
|-end|p2a: Walking Wake|Protosynthesis|[silent]
|switch|p2a: Gholdengo|Gholdengo|100/100
|move|p1a: Garganacl|Salt Cure|p2a: Gholdengo
|-resisted|p2a: Gholdengo
|-damage|p2a: Gholdengo|92/100
|-start|p2a: Gholdengo|Salt Cure
|
|-weather|SunnyDay|[upkeep]
|-heal|p1a: Garganacl|67/100|[from] item: Leftovers
|-damage|p2a: Gholdengo|67/100|[from] Salt Cure
|upkeep
|turn|17
|
|t:|1781109737
|switch|p2a: Walking Wake|Walking Wake|61/100
|-activate|p2a: Walking Wake|ability: Protosynthesis
|-start|p2a: Walking Wake|protosynthesisspa
|move|p1a: Garganacl|Salt Cure|p2a: Walking Wake
|-damage|p2a: Walking Wake|46/100
|-start|p2a: Walking Wake|Salt Cure
|
|-weather|SunnyDay|[upkeep]
|-heal|p1a: Garganacl|74/100|[from] item: Leftovers
|-damage|p2a: Walking Wake|21/100|[from] Salt Cure
|upkeep
|turn|18
|j| Kaltaris83
|
|t:|1781109747
|move|p1a: Garganacl|Protect|p1a: Garganacl
|-singleturn|p1a: Garganacl|Protect
|move|p2a: Walking Wake|Draco Meteor|p1a: Garganacl
|-activate|p1a: Garganacl|move: Protect
|
|-weather|SunnyDay|[upkeep]
|-heal|p1a: Garganacl|80/100|[from] item: Leftovers
|-damage|p2a: Walking Wake|0 fnt|[from] Salt Cure
|faint|p2a: Walking Wake
|-end|p2a: Walking Wake|Protosynthesis|[silent]
|upkeep
|
|t:|1781109757
|switch|p2a: Gholdengo|Gholdengo|67/100
|turn|19
|
|t:|1781109760
|move|p2a: Gholdengo|Trick|p1a: Garganacl
|-activate|p2a: Gholdengo|move: Trick|[of] p1a: Garganacl
|-item|p1a: Garganacl|Choice Scarf|[from] move: Trick
|-item|p2a: Gholdengo|Leftovers|[from] move: Trick
|move|p1a: Garganacl|Salt Cure|p2a: Gholdengo
|-resisted|p2a: Gholdengo
|-damage|p2a: Gholdengo|59/100
|-start|p2a: Gholdengo|Salt Cure
|
|-weather|none
|-heal|p2a: Gholdengo|65/100|[from] item: Leftovers
|-damage|p2a: Gholdengo|40/100|[from] Salt Cure
|upkeep
|turn|20
|
|t:|1781109771
|move|p2a: Gholdengo|Recover|p2a: Gholdengo
|-heal|p2a: Gholdengo|91/100
|move|p1a: Garganacl|Salt Cure|p2a: Gholdengo
|-resisted|p2a: Gholdengo
|-damage|p2a: Gholdengo|83/100
|
|-heal|p2a: Gholdengo|89/100|[from] item: Leftovers
|-damage|p2a: Gholdengo|64/100|[from] Salt Cure
|upkeep
|turn|21
|
|t:|1781109780
|move|p2a: Gholdengo|Shadow Ball|p1a: Garganacl
|-damage|p1a: Garganacl|67/100
|move|p1a: Garganacl|Salt Cure|p2a: Gholdengo
|-resisted|p2a: Gholdengo
|-damage|p2a: Gholdengo|57/100
|
|-heal|p2a: Gholdengo|63/100|[from] item: Leftovers
|-damage|p2a: Gholdengo|38/100|[from] Salt Cure
|upkeep
|turn|22
|
|t:|1781109788
|switch|p1a: Clodsire|Clodsire, F|100/100 par
|-activate|p1a: Clodsire|move: Sticky Web
|-unboost|p1a: Clodsire|spe|1
|-damage|p1a: Clodsire|94/100 par|[from] Stealth Rock
|move|p2a: Gholdengo|Recover|p2a: Gholdengo
|-heal|p2a: Gholdengo|88/100
|
|-heal|p2a: Gholdengo|94/100|[from] item: Leftovers
|-heal|p1a: Clodsire|100/100 par|[from] item: Leftovers
|-damage|p2a: Gholdengo|69/100|[from] Salt Cure
|upkeep
|turn|23
|l| Kaltaris83
|
|t:|1781109799
|switch|p2a: Torkoal|Torkoal, M|82/100 tox
|-weather|SunnyDay|[from] ability: Drought|[of] p2a: Torkoal
|move|p1a: Clodsire|Earthquake|p2a: Torkoal
|-supereffective|p2a: Torkoal
|-damage|p2a: Torkoal|44/100 tox
|
|-weather|SunnyDay|[upkeep]
|-damage|p2a: Torkoal|38/100 tox|[from] psn
|upkeep
|turn|24
|
|t:|1781109808
|move|p2a: Torkoal|Lava Plume|p1a: Clodsire
|-damage|p1a: Clodsire|80/100 par
|move|p1a: Clodsire|Toxic|p2a: Torkoal
|-fail|p2a: Torkoal|tox
|
|-weather|SunnyDay|[upkeep]
|-heal|p1a: Clodsire|86/100 par|[from] item: Leftovers
|-damage|p2a: Torkoal|25/100 tox|[from] psn
|upkeep
|turn|25
|
|t:|1781109816
|move|p2a: Torkoal|Lava Plume|p1a: Clodsire
|-damage|p1a: Clodsire|65/100 par
|cant|p1a: Clodsire|par
|
|-weather|SunnyDay|[upkeep]
|-heal|p1a: Clodsire|72/100 par|[from] item: Leftovers
|-damage|p2a: Torkoal|7/100 tox|[from] psn
|upkeep
|turn|26
|
|t:|1781109823
|move|p2a: Torkoal|Lava Plume|p1a: Clodsire
|-damage|p1a: Clodsire|53/100 par
|cant|p1a: Clodsire|par
|
|-weather|SunnyDay|[upkeep]
|-heal|p1a: Clodsire|59/100 par|[from] item: Leftovers
|-damage|p2a: Torkoal|0 fnt|[from] psn
|faint|p2a: Torkoal
|upkeep
|
|t:|1781109831
|switch|p2a: Ceruledge|Ceruledge, F|100/100
|turn|27
|
|t:|1781109836
|move|p2a: Ceruledge|Bitter Blade|p1a: Clodsire
|-damage|p1a: Clodsire|0 fnt
|faint|p1a: Clodsire
|
|-weather|SunnyDay|[upkeep]
|upkeep
|
|t:|1781109842
|switch|p1a: Dragapult|Dragapult, M|100/100
|turn|28
|
|t:|1781109846
|move|p1a: Dragapult|Shadow Ball|p2a: Ceruledge
|-supereffective|p2a: Ceruledge
|-damage|p2a: Ceruledge|19/100
|-unboost|p2a: Ceruledge|spd|1
|move|p2a: Ceruledge|Swords Dance|p2a: Ceruledge
|-boost|p2a: Ceruledge|atk|2
|
|-weather|SunnyDay|[upkeep]
|upkeep
|turn|29
|
|t:|1781109854
|switch|p1a: Moltres|Moltres|100/100
|move|p2a: Ceruledge|Shadow Sneak|p1a: Moltres
|-damage|p1a: Moltres|72/100
|
|-weather|SunnyDay|[upkeep]
|upkeep
|turn|30
|
|t:|1781109860
|move|p2a: Ceruledge|Poltergeist|p1a: Moltres
|-activate|p1a: Moltres|move: Poltergeist|Heavy-Duty Boots
|-damage|p1a: Moltres|0 fnt
|faint|p1a: Moltres
|
|-weather|none
|upkeep
|
|t:|1781109863
|switch|p1a: Garganacl|Garganacl, F, tera:Water|67/100
|-activate|p1a: Garganacl|move: Sticky Web
|-unboost|p1a: Garganacl|spe|1
|-damage|p1a: Garganacl|54/100|[from] Stealth Rock
|turn|31
|
|t:|1781109870
|move|p2a: Ceruledge|Poltergeist|p1a: Garganacl
|-activate|p1a: Garganacl|move: Poltergeist|Choice Scarf
|-damage|p1a: Garganacl|14/100
|move|p1a: Garganacl|Salt Cure|p2a: Ceruledge
|-supereffective|p2a: Ceruledge
|-damage|p2a: Ceruledge|0 fnt
|faint|p2a: Ceruledge
|
|upkeep
|
|t:|1781109878
|switch|p2a: Gholdengo|Gholdengo|69/100
|turn|32
|
|t:|1781109884
|move|p2a: Gholdengo|Shadow Ball|p1a: Garganacl
|-damage|p1a: Garganacl|0 fnt
|faint|p1a: Garganacl
|
|-heal|p2a: Gholdengo|75/100|[from] item: Leftovers
|upkeep
|
|t:|1781109889
|switch|p1a: Corviknight|Corviknight, F|100/100
|-damage|p1a: Corviknight|88/100|[from] Stealth Rock
|-ability|p1a: Corviknight|Pressure
|turn|33
|
|t:|1781109896
|move|p2a: Gholdengo|Shadow Ball|p1a: Corviknight
|-damage|p1a: Corviknight|53/100
|move|p1a: Corviknight|Roost|p1a: Corviknight
|-heal|p1a: Corviknight|100/100
|-singleturn|p1a: Corviknight|move: Roost
|
|-heal|p2a: Gholdengo|81/100|[from] item: Leftovers
|upkeep
|turn|34
|
|t:|1781109905
|move|p2a: Gholdengo|Shadow Ball|p1a: Corviknight
|-damage|p1a: Corviknight|64/100
|move|p1a: Corviknight|Roost|p1a: Corviknight
|-heal|p1a: Corviknight|100/100
|-singleturn|p1a: Corviknight|move: Roost
|
|-heal|p2a: Gholdengo|87/100|[from] item: Leftovers
|upkeep
|turn|35
|
|t:|1781109914
|move|p2a: Gholdengo|Shadow Ball|p1a: Corviknight
|-damage|p1a: Corviknight|63/100
|move|p1a: Corviknight|Roost|p1a: Corviknight
|-heal|p1a: Corviknight|100/100
|-singleturn|p1a: Corviknight|move: Roost
|
|-heal|p2a: Gholdengo|94/100|[from] item: Leftovers
|upkeep
|turn|36
|
|t:|1781109922
|move|p2a: Gholdengo|Shadow Ball|p1a: Corviknight
|-damage|p1a: Corviknight|63/100
|move|p1a: Corviknight|Roost|p1a: Corviknight
|-heal|p1a: Corviknight|100/100
|-singleturn|p1a: Corviknight|move: Roost
|
|-heal|p2a: Gholdengo|99/100|[from] item: Leftovers
|upkeep
|turn|37
|
|t:|1781109930
|move|p2a: Gholdengo|Shadow Ball|p1a: Corviknight
|-damage|p1a: Corviknight|61/100
|move|p1a: Corviknight|Roost|p1a: Corviknight
|-heal|p1a: Corviknight|100/100
|-singleturn|p1a: Corviknight|move: Roost
|
|-heal|p2a: Gholdengo|100/100|[from] item: Leftovers
|upkeep
|turn|38
|
|t:|1781109938
|move|p2a: Gholdengo|Shadow Ball|p1a: Corviknight
|-damage|p1a: Corviknight|64/100
|-unboost|p1a: Corviknight|spd|1
|move|p1a: Corviknight|Roost|p1a: Corviknight
|-heal|p1a: Corviknight|100/100
|-singleturn|p1a: Corviknight|move: Roost
|
|upkeep
|turn|39
|
|t:|1781109946
|move|p2a: Gholdengo|Shadow Ball|p1a: Corviknight
|-damage|p1a: Corviknight|45/100
|move|p1a: Corviknight|Roost|p1a: Corviknight
|-heal|p1a: Corviknight|95/100
|-singleturn|p1a: Corviknight|move: Roost
|
|-heal|p1a: Corviknight|100/100|[from] item: Leftovers
|upkeep
|turn|40
|
|t:|1781109955
|move|p2a: Gholdengo|Shadow Ball|p1a: Corviknight
|-damage|p1a: Corviknight|41/100
|move|p1a: Corviknight|Roost|p1a: Corviknight
|-heal|p1a: Corviknight|91/100
|-singleturn|p1a: Corviknight|move: Roost
|
|-heal|p1a: Corviknight|97/100|[from] item: Leftovers
|upkeep
|turn|41
|
|t:|1781109963
|switch|p1a: Dragapult|Dragapult, M|100/100
|move|p2a: Gholdengo|Shadow Ball|p1a: Dragapult
|-supereffective|p1a: Dragapult
|-damage|p1a: Dragapult|0 fnt
|faint|p1a: Dragapult
|
|upkeep
|
|t:|1781109970
|switch|p1a: Corviknight|Corviknight, F|97/100
|-damage|p1a: Corviknight|85/100|[from] Stealth Rock
|-ability|p1a: Corviknight|Pressure
|turn|42
|
|t:|1781109975
|move|p2a: Gholdengo|Shadow Ball|p1a: Corviknight
|-damage|p1a: Corviknight|49/100
|move|p1a: Corviknight|Defog|p2a: Gholdengo
|-immune|p2a: Gholdengo|[from] ability: Good as Gold
|
|-heal|p1a: Corviknight|55/100|[from] item: Leftovers
|upkeep
|turn|43
|
|t:|1781109983
|move|p2a: Gholdengo|Shadow Ball|p1a: Corviknight
|-damage|p1a: Corviknight|19/100
|move|p1a: Corviknight|Defog|p2a: Gholdengo
|-immune|p2a: Gholdengo|[from] ability: Good as Gold
|
|-heal|p1a: Corviknight|25/100|[from] item: Leftovers
|upkeep
|turn|44
|
|t:|1781109991
|move|p2a: Gholdengo|Make It Rain|p1a: Corviknight
|-resisted|p1a: Corviknight
|-damage|p1a: Corviknight|0 fnt
|-unboost|p2a: Gholdengo|spa|1
|faint|p1a: Corviknight
|
|win|billythekid95
|raw|KurisuChestnutOU's rating: 1546 &rarr; <strong>1528</strong><br />(-18 for losing)
|raw|billythekid95's rating: 1580 &rarr; <strong>1598</strong><br />(+18 for winning)
