|j|☆phreshoatmeal
|j|☆team10thPlanet
|t:|1781052187
|gametype|singles
|player|p1|phreshoatmeal|clerk|1589
|player|p2|team10thPlanet|veteran|1607
|gen|9
|tier|[Gen 9] OU
|rated|
|rule|HP Percentage Mod: HP is shown in percentages
|rule|Endless Battle Clause: Forcing endless battles is banned
|rule|Species Clause: Limit one of each Pokémon
|rule|OHKO Clause: OHKO moves are banned
|rule|Evasion Items Clause: Evasion items are banned
|rule|Evasion Moves Clause: Evasion moves are banned
|rule|Evasion Abilities Clause: Evasion abilities are banned
|rule|Sleep Moves Clause: Sleep-inducing moves are banned
|clearpoke
|poke|p1|Meowscarada, M|
|poke|p1|Rotom-Heat|
|poke|p1|Weezing-Galar, F|
|poke|p1|Iron Treads|
|poke|p1|Drednaw, M|
|poke|p1|Braviary-Hisui, M|
|poke|p2|Zamazenta-*|
|poke|p2|Dragonite, M|
|poke|p2|Araquanid, M|
|poke|p2|Iron Treads|
|poke|p2|Hoopa-Unbound|
|poke|p2|Gholdengo|
|teampreview
|
|t:|1781052240
|teamsize|p1|6
|teamsize|p2|6
|start
|switch|p1a: Meowscarada|Meowscarada, M|100/100
|switch|p2a: Gholdengo|Gholdengo|100/100
|turn|1
|
|t:|1781052248
|-terastallize|p2a: Gholdengo|Fairy
|move|p2a: Gholdengo|Dazzling Gleam|p1a: Meowscarada
|-supereffective|p1a: Meowscarada
|-damage|p1a: Meowscarada|14/100
|move|p1a: Meowscarada|Knock Off|p2a: Gholdengo
|-start|p1a: Meowscarada|typechange|Dark|[from] ability: Protean
|-resisted|p2a: Gholdengo
|-damage|p2a: Gholdengo|77/100
|-enditem|p2a: Gholdengo|Choice Scarf|[from] move: Knock Off|[of] p1a: Meowscarada
|
|upkeep
|turn|2
|
|t:|1781052280
|move|p1a: Meowscarada|U-turn|p2a: Gholdengo
|-resisted|p2a: Gholdengo
|-damage|p2a: Gholdengo|66/100
|
|t:|1781052288
|switch|p1a: Iron Treads|Iron Treads|100/100|[from] U-turn
|move|p2a: Gholdengo|Trick|p1a: Iron Treads
|-activate|p2a: Gholdengo|move: Trick|[of] p1a: Iron Treads
|-enditem|p1a: Iron Treads|Leftovers|[silent]|[from] move: Trick
|-item|p2a: Gholdengo|Leftovers|[from] move: Trick
|
|-heal|p2a: Gholdengo|72/100|[from] item: Leftovers
|upkeep
|turn|3
|
|t:|1781052301
|switch|p2a: Johnny Tsunami 🌊|Araquanid, M|100/100
|move|p1a: Iron Treads|Stealth Rock|p2a: Johnny Tsunami 🌊
|-sidestart|p2: team10thPlanet|move: Stealth Rock
|
|upkeep
|turn|4
|
|t:|1781052308
|move|p1a: Iron Treads|Knock Off|p2a: Johnny Tsunami 🌊
|-damage|p2a: Johnny Tsunami 🌊|67/100
|-enditem|p2a: Johnny Tsunami 🌊|Custap Berry|[from] move: Knock Off|[of] p1a: Iron Treads
|move|p2a: Johnny Tsunami 🌊|Sticky Web|p1a: Iron Treads
|-sidestart|p1: phreshoatmeal|move: Sticky Web
|
|upkeep
|turn|5
|
|t:|1781052317
|move|p1a: Iron Treads|Rapid Spin|p2a: Johnny Tsunami 🌊
|-damage|p2a: Johnny Tsunami 🌊|51/100
|-boost|p1a: Iron Treads|spe|1
|-sideend|p1: phreshoatmeal|Sticky Web|[from] move: Rapid Spin|[of] p1a: Iron Treads
|move|p2a: Johnny Tsunami 🌊|Surf|p1a: Iron Treads
|-supereffective|p1a: Iron Treads
|-damage|p1a: Iron Treads|0 fnt
|faint|p1a: Iron Treads
|-end|p1a: Iron Treads|Quark Drive|[silent]
|
|upkeep
|
|t:|1781052338
|switch|p1a: Rotom|Rotom-Heat|100/100
|turn|6
|
|t:|1781052352
|move|p1a: Rotom|Discharge|p2a: Johnny Tsunami 🌊
|-supereffective|p2a: Johnny Tsunami 🌊
|-damage|p2a: Johnny Tsunami 🌊|0 fnt
|faint|p2a: Johnny Tsunami 🌊
|
|upkeep
|
|t:|1781052362
|switch|p2a: Iron Treads|Iron Treads|100/100
|-damage|p2a: Iron Treads|97/100|[from] Stealth Rock
|-enditem|p2a: Iron Treads|Booster Energy
|-activate|p2a: Iron Treads|ability: Quark Drive|[fromitem]
|-start|p2a: Iron Treads|quarkdrivespe
|turn|7
|
|t:|1781052377
|move|p2a: Iron Treads|Rapid Spin|p1a: Rotom
|-damage|p1a: Rotom|82/100
|-boost|p2a: Iron Treads|spe|1
|-sideend|p2: team10thPlanet|Stealth Rock|[from] move: Rapid Spin|[of] p2a: Iron Treads
|move|p1a: Rotom|Overheat|p2a: Iron Treads
|-supereffective|p2a: Iron Treads
|-damage|p2a: Iron Treads|0 fnt
|-unboost|p1a: Rotom|spa|2
|faint|p2a: Iron Treads
|-end|p2a: Iron Treads|Quark Drive|[silent]
|
|upkeep
|
|t:|1781052402
|switch|p2a: Hoopa|Hoopa-Unbound|100/100
|turn|8
|
|t:|1781052421
|move|p2a: Hoopa|Dark Pulse|p1a: Rotom
|-damage|p1a: Rotom|25/100
|move|p1a: Rotom|Pain Split|p2a: Hoopa
|-sethp|p2a: Hoopa|62/100|[from] move: Pain Split|[silent]
|-sethp|p1a: Rotom|64/100|[from] move: Pain Split
|
|upkeep
|turn|9
|
|t:|1781052440
|switch|p2a: Zamazenta|Zamazenta|100/100
|-ability|p2a: Zamazenta|Dauntless Shield|boost
|-boost|p2a: Zamazenta|def|1
|move|p1a: Rotom|Discharge|p2a: Zamazenta
|-damage|p2a: Zamazenta|81/100
|
|upkeep
|turn|10
|
|t:|1781052450
|switch|p1a: Weezing|Weezing-Galar, F|100/100
|-ability|p1a: Weezing|Neutralizing Gas
|move|p2a: Zamazenta|Close Combat|p1a: Weezing
|-resisted|p1a: Weezing
|-damage|p1a: Weezing|89/100
|-unboost|p2a: Zamazenta|def|1
|-unboost|p2a: Zamazenta|spd|1
|-damage|p2a: Zamazenta|71/100|[from] item: Life Orb
|
|upkeep
|turn|11
|
|t:|1781052466
|move|p2a: Zamazenta|Heavy Slam|p1a: Weezing
|-supereffective|p1a: Weezing
|-damage|p1a: Weezing|21/100
|-damage|p2a: Zamazenta|61/100|[from] item: Life Orb
|move|p1a: Weezing|Sludge Bomb|p2a: Zamazenta
|-damage|p2a: Zamazenta|20/100
|
|upkeep
|turn|12
|
|t:|1781052483
|move|p2a: Zamazenta|Heavy Slam|p1a: Weezing
|-supereffective|p1a: Weezing
|-damage|p1a: Weezing|0 fnt
|faint|p1a: Weezing
|-end|p1a: Weezing|ability: Neutralizing Gas
|-damage|p2a: Zamazenta|11/100|[from] item: Life Orb
|
|upkeep
|
|t:|1781052488
|switch|p1a: Braviary|Braviary-Hisui, M|100/100
|turn|13
|
|t:|1781052496
|move|p2a: Zamazenta|Crunch|p1a: Braviary
|-supereffective|p1a: Braviary
|-damage|p1a: Braviary|48/100
|-damage|p2a: Zamazenta|1/100|[from] item: Life Orb
|move|p1a: Braviary|Calm Mind|p1a: Braviary
|-boost|p1a: Braviary|spa|1
|-boost|p1a: Braviary|spd|1
|
|upkeep
|turn|14
|
|t:|1781052513
|move|p1a: Braviary|Vacuum Wave|p2a: Zamazenta
|-damage|p2a: Zamazenta|0 fnt
|faint|p2a: Zamazenta
|
|upkeep
|
|t:|1781052540
|switch|p2a: Fat Boy|Dragonite, M, shiny|100/100
|turn|15
|
|t:|1781052544
|move|p2a: Fat Boy|Extreme Speed|p1a: Braviary
|-damage|p1a: Braviary|13/100
|move|p1a: Braviary|Roost|p1a: Braviary
|-heal|p1a: Braviary|63/100
|-singleturn|p1a: Braviary|move: Roost
|
|upkeep
|turn|16
|
|t:|1781052556
|switch|p2a: Gholdengo|Gholdengo, tera:Fairy|72/100
|move|p1a: Braviary|Roost|p1a: Braviary
|-heal|p1a: Braviary|100/100
|-singleturn|p1a: Braviary|move: Roost
|
|-heal|p2a: Gholdengo|78/100|[from] item: Leftovers
|upkeep
|turn|17
|
|t:|1781052570
|move|p2a: Gholdengo|Shadow Ball|p1a: Braviary
|-supereffective|p1a: Braviary
|-damage|p1a: Braviary|35/100
|move|p1a: Braviary|Esper Wing|p2a: Gholdengo
|-damage|p2a: Gholdengo|26/100
|-boost|p1a: Braviary|spe|1
|
|-heal|p2a: Gholdengo|32/100|[from] item: Leftovers
|upkeep
|turn|18
|
|t:|1781052583
|-terastallize|p1a: Braviary|Fighting
|move|p2a: Gholdengo|Shadow Ball|p1a: Braviary
|-damage|p1a: Braviary|5/100
|move|p1a: Braviary|Roost|p1a: Braviary
|-heal|p1a: Braviary|55/100
|
|-heal|p2a: Gholdengo|38/100|[from] item: Leftovers
|upkeep
|turn|19
|
|t:|1781052605
|move|p2a: Gholdengo|Dazzling Gleam|p1a: Braviary
|-supereffective|p1a: Braviary
|-damage|p1a: Braviary|0 fnt
|faint|p1a: Braviary
|
|-heal|p2a: Gholdengo|44/100|[from] item: Leftovers
|upkeep
|
|t:|1781052610
|switch|p1a: Meowscarada|Meowscarada, M|14/100
|turn|20
|
|t:|1781052631
|move|p1a: Meowscarada|Triple Axel|p2a: Gholdengo
|-start|p1a: Meowscarada|typechange|Ice|[from] ability: Protean
|-damage|p2a: Gholdengo|34/100
|-damage|p2a: Gholdengo|10/100
|-damage|p2a: Gholdengo|0 fnt
|faint|p2a: Gholdengo
|-hitcount|p2: Gholdengo|3
|
|upkeep
|
|t:|1781052644
|switch|p2a: Hoopa|Hoopa-Unbound|62/100
|turn|21
|
|t:|1781052656
|move|p2a: Hoopa|Psychic|p1a: Meowscarada
|-damage|p1a: Meowscarada|0 fnt
|faint|p1a: Meowscarada
|
|upkeep
|
|t:|1781052669
|switch|p1a: Rotom|Rotom-Heat|64/100
|turn|22
|
|t:|1781052691
|move|p2a: Hoopa|Psychic|p1a: Rotom
|-damage|p1a: Rotom|0 fnt
|faint|p1a: Rotom
|
|upkeep
|
|t:|1781052693
|switch|p1a: Drednaw|Drednaw, M|100/100
|turn|23
|
|t:|1781052699
|move|p2a: Hoopa|Psychic|p1a: Drednaw
|-damage|p1a: Drednaw|13/100
|move|p1a: Drednaw|Jaw Lock|p2a: Hoopa
|-damage|p2a: Hoopa|0 fnt
|faint|p2a: Hoopa
|
|upkeep
|
|t:|1781052707
|switch|p2a: Fat Boy|Dragonite, M, shiny|100/100
|turn|24
|
|t:|1781052716
|move|p2a: Fat Boy|Extreme Speed|p1a: Drednaw
|-resisted|p1a: Drednaw
|-damage|p1a: Drednaw|0 fnt
|faint|p1a: Drednaw
|
|win|team10thPlanet
|raw|phreshoatmeal's rating: 1589 &rarr; <strong>1570</strong><br />(-19 for losing)
|raw|team10thPlanet's rating: 1607 &rarr; <strong>1626</strong><br />(+19 for winning)
|l|☆phreshoatmeal
|player|p1|
|l|☆team10thPlanet
|player|p2|
