|j|☆tb poke
|j|☆KurisuChestnutOU
|t:|1781175571
|gametype|singles
|player|p1|tb poke|170|1637
|player|p2|KurisuChestnutOU|may-contest|1532
|gen|9
|tier|[Gen 9] OU
|rated|
|rule|HP Percentage Mod: HP is shown in percentages
|rule|Endless Battle Clause: Forcing endless battles is banned
|rule|Species Clause: Limit one of each Pokémon
|rule|OHKO Clause: OHKO moves are banned
|rule|Evasion Items Clause: Evasion items are banned
|rule|Evasion Moves Clause: Evasion moves are banned
|rule|Evasion Abilities Clause: Evasion abilities are banned
|rule|Sleep Moves Clause: Sleep-inducing moves are banned
|clearpoke
|poke|p1|Zamazenta-*|
|poke|p1|Iron Treads|
|poke|p1|Pecharunt|
|poke|p1|Tornadus-Therian, M|
|poke|p1|Clefable, F|
|poke|p1|Alomomola, F|
|poke|p2|Kingambit, F|
|poke|p2|Kommo-o, M|
|poke|p2|Iron Valiant|
|poke|p2|Kyurem|
|poke|p2|Iron Treads|
|poke|p2|Iron Crown|
|teampreview
|inactive|Battle timer is ON: inactive players will automatically lose when time's up. (requested by KurisuChestnutOU)
|inactive|tb poke has 120 seconds left.
|
|t:|1781175611
|teamsize|p1|6
|teamsize|p2|6
|start
|switch|p1a: Zamazenta|Zamazenta|100/100
|switch|p2a: Kingambit|Kingambit, F|100/100
|-ability|p1a: Zamazenta|Dauntless Shield|boost
|-boost|p1a: Zamazenta|def|1
|turn|1
|
|t:|1781175616
|-end|p2a: Kingambit|fallenundefined|[silent]
|switch|p2a: Kommo-o|Kommo-o, M|100/100
|move|p1a: Zamazenta|Iron Defense|p1a: Zamazenta
|-boost|p1a: Zamazenta|def|2
|
|upkeep
|turn|2
|
|t:|1781175630
|-terastallize|p2a: Kommo-o|Ghost
|move|p1a: Zamazenta|Iron Defense|p1a: Zamazenta
|-boost|p1a: Zamazenta|def|2
|move|p2a: Kommo-o|Clangorous Soul|p2a: Kommo-o
|-boost|p2a: Kommo-o|atk|1
|-boost|p2a: Kommo-o|def|1
|-boost|p2a: Kommo-o|spa|1
|-boost|p2a: Kommo-o|spd|1
|-boost|p2a: Kommo-o|spe|1
|-damage|p2a: Kommo-o|68/100
|
|-heal|p2a: Kommo-o|74/100|[from] item: Leftovers
|upkeep
|turn|3
|
|t:|1781175637
|move|p2a: Kommo-o|Clangorous Soul|p2a: Kommo-o
|-boost|p2a: Kommo-o|atk|1
|-boost|p2a: Kommo-o|def|1
|-boost|p2a: Kommo-o|spa|1
|-boost|p2a: Kommo-o|spd|1
|-boost|p2a: Kommo-o|spe|1
|-damage|p2a: Kommo-o|41/100
|move|p1a: Zamazenta|Crunch|p2a: Kommo-o
|-supereffective|p2a: Kommo-o
|-damage|p2a: Kommo-o|23/100
|
|-heal|p2a: Kommo-o|29/100|[from] item: Leftovers
|upkeep
|turn|4
|
|t:|1781175648
|move|p2a: Kommo-o|Substitute|p2a: Kommo-o
|-start|p2a: Kommo-o|Substitute
|-damage|p2a: Kommo-o|4/100
|move|p1a: Zamazenta|Crunch|p2a: Kommo-o
|-supereffective|p2a: Kommo-o
|-activate|p2a: Kommo-o|move: Substitute|[damage]
|
|-heal|p2a: Kommo-o|10/100|[from] item: Leftovers
|upkeep
|turn|5
|
|t:|1781175654
|move|p2a: Kommo-o|Drain Punch|p1a: Zamazenta
|-damage|p1a: Zamazenta|87/100
|-heal|p2a: Kommo-o|16/100|[from] drain|[of] p1a: Zamazenta
|move|p1a: Zamazenta|Crunch|p2a: Kommo-o
|-supereffective|p2a: Kommo-o
|-end|p2a: Kommo-o|Substitute
|
|-heal|p2a: Kommo-o|23/100|[from] item: Leftovers
|-heal|p1a: Zamazenta|93/100|[from] item: Leftovers
|upkeep
|turn|6
|
|t:|1781175660
|move|p2a: Kommo-o|Drain Punch|p1a: Zamazenta
|-damage|p1a: Zamazenta|80/100
|-heal|p2a: Kommo-o|29/100|[from] drain|[of] p1a: Zamazenta
|move|p1a: Zamazenta|Crunch|p2a: Kommo-o
|-supereffective|p2a: Kommo-o
|-crit|p2a: Kommo-o
|-damage|p2a: Kommo-o|0 fnt
|faint|p2a: Kommo-o
|
|-heal|p1a: Zamazenta|87/100|[from] item: Leftovers
|upkeep
|
|t:|1781175664
|switch|p2a: Iron Valiant|Iron Valiant|100/100
|-enditem|p2a: Iron Valiant|Booster Energy
|-activate|p2a: Iron Valiant|ability: Quark Drive|[fromitem]
|-start|p2a: Iron Valiant|quarkdrivespe
|turn|7
|
|t:|1781175670
|switch|p1a: Alomomola|Alomomola, F|100/100
|move|p2a: Iron Valiant|Focus Blast|p1a: Alomomola
|-damage|p1a: Alomomola|70/100
|
|upkeep
|turn|8
|
|t:|1781175679
|move|p2a: Iron Valiant|Moonblast|p1a: Alomomola
|-damage|p1a: Alomomola|46/100
|-unboost|p1a: Alomomola|spa|1
|move|p1a: Alomomola|Play Rough|p2a: Iron Valiant
|-supereffective|p2a: Iron Valiant
|-damage|p2a: Iron Valiant|57/100
|
|upkeep
|turn|9
|
|t:|1781175685
|move|p2a: Iron Valiant|Moonblast|p1a: Alomomola
|-damage|p1a: Alomomola|23/100
|move|p1a: Alomomola|Mirror Coat|p2a: Iron Valiant
|-damage|p2a: Iron Valiant|0 fnt
|faint|p2a: Iron Valiant
|-end|p2a: Iron Valiant|Quark Drive|[silent]
|
|upkeep
|
|t:|1781175689
|switch|p2a: Iron Crown|Iron Crown|100/100
|-enditem|p2a: Iron Crown|Booster Energy
|-activate|p2a: Iron Crown|ability: Quark Drive|[fromitem]
|-start|p2a: Iron Crown|quarkdrivespe
|turn|10
|
|t:|1781175702
|move|p2a: Iron Crown|Calm Mind|p2a: Iron Crown
|-boost|p2a: Iron Crown|spa|1
|-boost|p2a: Iron Crown|spd|1
|move|p1a: Alomomola|Flip Turn|p2a: Iron Crown
|-damage|p2a: Iron Crown|84/100
|inactive|tb poke has 120 seconds left.
|l|☆tb poke
|inactive|tb poke disconnected and has a minute to reconnect!
|player|p1|
|inactive|tb poke has 30 seconds to reconnect!
|inactive|tb poke has 20 seconds to reconnect!
|j|☆tb poke
|inactive|tb poke reconnected and has 65 seconds left.
|player|p1|tb poke|170|
|
|t:|1781175786
|switch|p1a: Zamazenta|Zamazenta|87/100|[from] Flip Turn
|
|-heal|p1a: Zamazenta|93/100|[from] item: Leftovers
|upkeep
|turn|11
|
|t:|1781175794
|move|p2a: Iron Crown|Psychic Noise|p1a: Zamazenta
|-supereffective|p1a: Zamazenta
|-damage|p1a: Zamazenta|2/100
|-start|p1a: Zamazenta|move: Heal Block
|move|p1a: Zamazenta|Crunch|p2a: Iron Crown
|-supereffective|p2a: Iron Crown
|-damage|p2a: Iron Crown|37/100
|
|upkeep
|turn|12
|
|t:|1781175804
|move|p2a: Iron Crown|Psychic Noise|p1a: Zamazenta
|-supereffective|p1a: Zamazenta
|-damage|p1a: Zamazenta|0 fnt
|faint|p1a: Zamazenta
|
|upkeep
|
|t:|1781175822
|switch|p1a: Iron Treads|Iron Treads|100/100
|-item|p1a: Iron Treads|Air Balloon
|turn|13
|
|t:|1781175826
|-terastallize|p1a: Iron Treads|Ghost
|move|p2a: Iron Crown|Focus Blast|p1a: Iron Treads
|-immune|p1a: Iron Treads
|move|p1a: Iron Treads|Earthquake|p2a: Iron Crown
|-supereffective|p2a: Iron Crown
|-damage|p2a: Iron Crown|0 fnt
|faint|p2a: Iron Crown
|-end|p2a: Iron Crown|Quark Drive|[silent]
|
|upkeep
|
|t:|1781175830
|switch|p2a: Kingambit|Kingambit, F|100/100
|-activate|p2a: Kingambit|ability: Supreme Overlord
|-start|p2a: Kingambit|fallen3|[silent]
|turn|14
|
|t:|1781175838
|move|p1a: Iron Treads|Earthquake|p2a: Kingambit
|-supereffective|p2a: Kingambit
|-damage|p2a: Kingambit|26/100
|move|p2a: Kingambit|Swords Dance|p2a: Kingambit
|-boost|p2a: Kingambit|atk|2
|
|-heal|p2a: Kingambit|32/100|[from] item: Leftovers
|upkeep
|turn|15
|inactive|tb poke has 90 seconds left.
|
|t:|1781175852
|move|p2a: Kingambit|Sucker Punch||[still]
|-fail|p2a: Kingambit
|move|p1a: Iron Treads|Stealth Rock|p2a: Kingambit
|-sidestart|p2: KurisuChestnutOU|move: Stealth Rock
|
|-heal|p2a: Kingambit|39/100|[from] item: Leftovers
|upkeep
|turn|16
|
|t:|1781175856
|move|p2a: Kingambit|Sucker Punch|p1a: Iron Treads
|-supereffective|p1a: Iron Treads
|-damage|p1a: Iron Treads|0 fnt
|-enditem|p1a: Iron Treads|Air Balloon
|faint|p1a: Iron Treads
|-end|p1a: Iron Treads|Quark Drive|[silent]
|
|-heal|p2a: Kingambit|45/100|[from] item: Leftovers
|upkeep
|
|t:|1781175860
|switch|p1a: Tornadus|Tornadus-Therian, M|100/100
|turn|17
|
|t:|1781175865
|move|p1a: Tornadus|Heat Wave|p2a: Kingambit
|-supereffective|p2a: Kingambit
|-damage|p2a: Kingambit|0 fnt
|faint|p2a: Kingambit
|-end|p2a: Kingambit|fallen3|[silent]
|-damage|p1a: Tornadus|91/100|[from] item: Life Orb
|
|upkeep
|
|t:|1781175870
|switch|p2a: Kyurem|Kyurem|100/100
|-damage|p2a: Kyurem|76/100|[from] Stealth Rock
|-ability|p2a: Kyurem|Pressure
|turn|18
|inactive|tb poke has 120 seconds left.
|
|t:|1781175876
|switch|p1a: Clefable|Clefable, F|100/100
|move|p2a: Kyurem|Icicle Spear|p1a: Clefable
|-damage|p1a: Clefable|91/100
|-damage|p1a: Clefable|81/100
|-crit|p1a: Clefable
|-damage|p1a: Clefable|66/100
|-damage|p1a: Clefable|57/100
|-hitcount|p1a: Clefable|4
|
|upkeep
|turn|19
|inactive|tb poke has 120 seconds left.
|
|t:|1781175887
|switch|p2a: Iron Treads|Iron Treads|100/100
|-damage|p2a: Iron Treads|98/100|[from] Stealth Rock
|-enditem|p2a: Iron Treads|Booster Energy
|-activate|p2a: Iron Treads|ability: Quark Drive|[fromitem]
|-start|p2a: Iron Treads|quarkdrivespe
|move|p1a: Clefable|Thunder Wave|p2a: Iron Treads
|-immune|p2a: Iron Treads
|
|upkeep
|turn|20
|inactive|tb poke has 120 seconds left.
|
|t:|1781175905
|switch|p1a: Tornadus|Tornadus-Therian, M|100/100
|move|p2a: Iron Treads|Rapid Spin|p1a: Tornadus
|-damage|p1a: Tornadus|84/100
|-boost|p2a: Iron Treads|spe|1
|-sideend|p2: KurisuChestnutOU|Stealth Rock|[from] move: Rapid Spin|[of] p2a: Iron Treads
|
|upkeep
|turn|21
|
|t:|1781175910
|move|p2a: Iron Treads|Stealth Rock|p1a: Tornadus
|-sidestart|p1: tb poke|move: Stealth Rock
|move|p1a: Tornadus|Heat Wave|p2a: Iron Treads
|-supereffective|p2a: Iron Treads
|-damage|p2a: Iron Treads|8/100
|-damage|p1a: Tornadus|74/100|[from] item: Life Orb
|
|upkeep
|turn|22
|
|t:|1781175915
|-end|p2a: Iron Treads|Quark Drive|[silent]
|switch|p2a: Kyurem|Kyurem|76/100
|-ability|p2a: Kyurem|Pressure
|move|p1a: Tornadus|Grass Knot|p2a: Kyurem
|-resisted|p2a: Kyurem
|-damage|p2a: Kyurem|48/100
|-damage|p1a: Tornadus|64/100|[from] item: Life Orb
|
|upkeep
|turn|23
|
|t:|1781175928
|switch|p1a: Alomomola|Alomomola, F|56/100
|-damage|p1a: Alomomola|44/100|[from] Stealth Rock
|move|p2a: Kyurem|Dragon Dance|p2a: Kyurem
|-boost|p2a: Kyurem|atk|1
|-boost|p2a: Kyurem|spe|1
|
|upkeep
|turn|24
|
|t:|1781175932
|move|p2a: Kyurem|Scale Shot|p1a: Alomomola
|-damage|p1a: Alomomola|28/100
|-damage|p1a: Alomomola|14/100
|-damage|p1a: Alomomola|0 fnt
|faint|p1a: Alomomola
|-hitcount|p1: Alomomola|3
|-unboost|p2a: Kyurem|def|1
|-boost|p2a: Kyurem|spe|1
|
|upkeep
|
|t:|1781175938
|switch|p1a: Pecharunt|Pecharunt|100/100
|turn|25
|
|t:|1781175941
|move|p2a: Kyurem|Earth Power|p1a: Pecharunt
|-supereffective|p1a: Pecharunt
|-damage|p1a: Pecharunt|50/100
|move|p1a: Pecharunt|Malignant Chain|p2a: Kyurem
|-damage|p2a: Kyurem|14/100
|-status|p2a: Kyurem|tox
|-start|p2a: Kyurem|confusion|[from] ability: Poison Puppeteer|[of] p1a: Pecharunt
|
|-damage|p2a: Kyurem|7/100 tox|[from] psn
|upkeep
|turn|26
|
|t:|1781175955
|switch|p1a: Clefable|Clefable, F|57/100
|-activate|p2a: Kyurem|confusion
|move|p2a: Kyurem|Scale Shot|p1a: Clefable
|-immune|p1a: Clefable
|
|-damage|p2a: Kyurem|0 fnt|[from] psn
|faint|p2a: Kyurem
|upkeep
|
|t:|1781175960
|switch|p2a: Iron Treads|Iron Treads|8/100
|turn|27
|
|t:|1781175963
|move|p2a: Iron Treads|Endeavor|p1a: Clefable
|-damage|p1a: Clefable|7/100
|-damage|p2a: Iron Treads|0 fnt|[from] item: Rocky Helmet|[of] p1a: Clefable
|faint|p2a: Iron Treads
|-end|p2a: Iron Treads|Quark Drive|[silent]
|
|win|tb poke
|raw|tb poke's rating: 1637 &rarr; <strong>1651</strong><br />(+14 for winning)
|raw|KurisuChestnutOU's rating: 1528 &rarr; <strong>1514</strong><br />(-14 for losing)
