|j|☆SupermanIsSerbian
|j|☆ssgdev
|t:|1781563153
|gametype|singles
|player|p1|SupermanIsSerbian|2|1641
|player|p2|ssgdev|ethan|1665
|gen|9
|tier|[Gen 9] OU
|rated|
|rule|HP Percentage Mod: HP is shown in percentages
|rule|Endless Battle Clause: Forcing endless battles is banned
|rule|Species Clause: Limit one of each Pokémon
|rule|OHKO Clause: OHKO moves are banned
|rule|Evasion Items Clause: Evasion items are banned
|rule|Evasion Moves Clause: Evasion moves are banned
|rule|Evasion Abilities Clause: Evasion abilities are banned
|rule|Sleep Moves Clause: Sleep-inducing moves are banned
|clearpoke
|poke|p1|Blaziken, M|
|poke|p1|Ninetales, F|
|poke|p1|Walking Wake|
|poke|p1|Great Tusk|
|poke|p1|Slowking-Galar, M|
|poke|p1|Moltres|
|poke|p2|Iron Hands|
|poke|p2|Pecharunt|
|poke|p2|Kingambit, F|
|poke|p2|Rillaboom, F|
|poke|p2|Kyurem|
|poke|p2|Cinderace, F|
|teampreview
|inactive|Battle timer is ON: inactive players will automatically lose when time's up. (requested by SupermanIsSerbian)
|
|t:|1781563183
|teamsize|p1|6
|teamsize|p2|6
|start
|switch|p1a: Planet Romania|Slowking-Galar, M|100/100
|switch|p2a: Cinderace|Cinderace, F|100/100
|turn|1
|
|t:|1781563190
|switch|p1a: AlbanianManSinger|Moltres|100/100
|move|p2a: Cinderace|Pyro Ball|p1a: AlbanianManSinger|[miss]
|-miss|p2a: Cinderace|p1a: AlbanianManSinger
|
|upkeep
|turn|2
|
|t:|1781563201
|move|p2a: Cinderace|Pyro Ball|p1a: AlbanianManSinger
|-resisted|p1a: AlbanianManSinger
|-damage|p1a: AlbanianManSinger|81/100
|move|p1a: AlbanianManSinger|U-turn|p2a: Cinderace
|-resisted|p2a: Cinderace
|-damage|p2a: Cinderace|90/100
|
|t:|1781563209
|switch|p1a: TheEvilOfCroatia|Ninetales, F|100/100|[from] U-turn
|-weather|SunnyDay|[from] ability: Drought|[of] p1a: TheEvilOfCroatia
|
|-weather|SunnyDay|[upkeep]
|upkeep
|turn|3
|
|t:|1781563214
|move|p2a: Cinderace|Pyro Ball|p1a: TheEvilOfCroatia
|-resisted|p1a: TheEvilOfCroatia
|-damage|p1a: TheEvilOfCroatia|47/100
|move|p1a: TheEvilOfCroatia|Weather Ball|p2a: Cinderace
|-resisted|p2a: Cinderace
|-damage|p2a: Cinderace|56/100
|
|-weather|SunnyDay|[upkeep]
|upkeep
|turn|4
|
|t:|1781563219
|move|p2a: Cinderace|High Jump Kick|p1a: TheEvilOfCroatia
|-start|p2a: Cinderace|typechange|Fighting|[from] ability: Libero
|-damage|p1a: TheEvilOfCroatia|0 fnt
|faint|p1a: TheEvilOfCroatia
|
|-weather|SunnyDay|[upkeep]
|upkeep
|
|t:|1781563223
|switch|p1a: My Bulgarian Uncle|Walking Wake|100/100
|-activate|p1a: My Bulgarian Uncle|ability: Protosynthesis
|-start|p1a: My Bulgarian Uncle|protosynthesisspe
|turn|5
|
|t:|1781563236
|move|p1a: My Bulgarian Uncle|Flamethrower|p2a: Cinderace
|-damage|p2a: Cinderace|0 fnt
|faint|p2a: Cinderace
|
|-weather|SunnyDay|[upkeep]
|upkeep
|
|t:|1781563246
|switch|p2a: Kyurem|Kyurem|100/100
|-ability|p2a: Kyurem|Pressure
|turn|6
|
|t:|1781563249
|-end|p1a: My Bulgarian Uncle|Protosynthesis|[silent]
|switch|p1a: Planet Romania|Slowking-Galar, M|100/100
|move|p2a: Kyurem|Freeze-Dry|p1a: Planet Romania
|-damage|p1a: Planet Romania|74/100
|
|-weather|SunnyDay|[upkeep]
|upkeep
|turn|7
|
|t:|1781563254
|switch|p2a: Iron Hands|Iron Hands|100/100
|move|p1a: Planet Romania|Future Sight|p2a: Iron Hands
|-start|p1a: Planet Romania|move: Future Sight
|
|-weather|SunnyDay|[upkeep]
|upkeep
|turn|8
|
|t:|1781563261
|switch|p1a: Greek Boi|Great Tusk|100/100
|-activate|p1a: Greek Boi|ability: Protosynthesis
|-start|p1a: Greek Boi|protosynthesisatk
|move|p2a: Iron Hands|Earthquake|p1a: Greek Boi
|-damage|p1a: Greek Boi|72/100
|
|-weather|SunnyDay|[upkeep]
|upkeep
|turn|9
|
|t:|1781563280
|move|p1a: Greek Boi|Stealth Rock|p2a: Iron Hands
|-sidestart|p2: ssgdev|move: Stealth Rock
|move|p2a: Iron Hands|Ice Punch|p1a: Greek Boi
|-supereffective|p1a: Greek Boi
|-damage|p1a: Greek Boi|31/100
|
|-weather|none
|-end|p1a: Greek Boi|Protosynthesis
|-end|p2a: Iron Hands|move: Future Sight
|-supereffective|p2a: Iron Hands
|-damage|p2a: Iron Hands|36/100
|upkeep
|turn|10
|
|t:|1781563287
|-end|p2a: Iron Hands|Quark Drive|[silent]
|switch|p2a: Rillaboom|Rillaboom, F|100/100
|-damage|p2a: Rillaboom|88/100|[from] Stealth Rock
|-fieldstart|move: Grassy Terrain|[from] ability: Grassy Surge|[of] p2a: Rillaboom
|move|p1a: Greek Boi|Headlong Rush|p2a: Rillaboom
|-resisted|p2a: Rillaboom
|-damage|p2a: Rillaboom|64/100
|-unboost|p1a: Greek Boi|def|1
|-unboost|p1a: Greek Boi|spd|1
|
|-heal|p1a: Greek Boi|37/100|[from] Grassy Terrain
|-heal|p2a: Rillaboom|70/100|[from] Grassy Terrain
|upkeep
|turn|11
|
|t:|1781563292
|-end|p1a: Greek Boi|Protosynthesis|[silent]
|switch|p1a: AlbanianManSinger|Moltres|81/100
|move|p2a: Rillaboom|U-turn|p1a: AlbanianManSinger
|-resisted|p1a: AlbanianManSinger
|-damage|p1a: AlbanianManSinger|73/100
|-status|p2a: Rillaboom|brn|[from] ability: Flame Body|[of] p1a: AlbanianManSinger
|
|t:|1781563301
|switch|p2a: Kyurem|Kyurem|100/100|[from] U-turn
|-damage|p2a: Kyurem|76/100|[from] Stealth Rock
|-ability|p2a: Kyurem|Pressure
|
|-heal|p2a: Kyurem|82/100|[from] Grassy Terrain
|upkeep
|turn|12
|
|t:|1781563306
|move|p2a: Kyurem|Ice Beam|p1a: AlbanianManSinger
|-damage|p1a: AlbanianManSinger|5/100
|-status|p1a: AlbanianManSinger|frz
|-curestatus|p1a: AlbanianManSinger|frz|[msg]
|move|p1a: AlbanianManSinger|U-turn|p2a: Kyurem
|-damage|p2a: Kyurem|68/100
|
|t:|1781563317
|switch|p1a: TheBosnian|Blaziken, M|100/100|[from] U-turn
|
|-heal|p2a: Kyurem|74/100|[from] Grassy Terrain
|upkeep
|turn|13
|
|t:|1781563320
|switch|p2a: Pecharunt|Pecharunt|100/100
|-damage|p2a: Pecharunt|88/100|[from] Stealth Rock
|move|p1a: TheBosnian|Swords Dance|p1a: TheBosnian
|-boost|p1a: TheBosnian|atk|2
|
|-heal|p2a: Pecharunt|94/100|[from] Grassy Terrain
|-ability|p1a: TheBosnian|Speed Boost|boost
|-boost|p1a: TheBosnian|spe|1
|upkeep
|turn|14
|
|t:|1781563327
|move|p1a: TheBosnian|Flare Blitz|p2a: Pecharunt
|-damage|p2a: Pecharunt|0 fnt
|-damage|p1a: TheBosnian|84/100|[from] item: Rocky Helmet|[of] p2a: Pecharunt
|faint|p2a: Pecharunt
|-damage|p1a: TheBosnian|50/100|[from] Recoil
|-damage|p1a: TheBosnian|40/100|[from] item: Life Orb
|
|-heal|p1a: TheBosnian|46/100|[from] Grassy Terrain
|-fieldend|move: Grassy Terrain
|-ability|p1a: TheBosnian|Speed Boost|boost
|-boost|p1a: TheBosnian|spe|1
|upkeep
|
|t:|1781563340
|switch|p2a: Rillaboom|Rillaboom, F|70/100 brn
|-damage|p2a: Rillaboom|57/100 brn|[from] Stealth Rock
|-fieldstart|move: Grassy Terrain|[from] ability: Grassy Surge|[of] p2a: Rillaboom
|turn|15
|
|t:|1781563348
|switch|p2a: Iron Hands|Iron Hands|36/100
|-damage|p2a: Iron Hands|30/100|[from] Stealth Rock
|move|p1a: TheBosnian|Close Combat|p2a: Iron Hands
|-damage|p2a: Iron Hands|0 fnt
|-unboost|p1a: TheBosnian|def|1
|-unboost|p1a: TheBosnian|spd|1
|faint|p2a: Iron Hands
|-end|p2a: Iron Hands|Quark Drive|[silent]
|-damage|p1a: TheBosnian|36/100|[from] item: Life Orb
|
|-heal|p1a: TheBosnian|42/100|[from] Grassy Terrain
|-ability|p1a: TheBosnian|Speed Boost|boost
|-boost|p1a: TheBosnian|spe|1
|upkeep
|
|t:|1781563350
|switch|p2a: Rillaboom|Rillaboom, F|57/100 brn
|-damage|p2a: Rillaboom|45/100 brn|[from] Stealth Rock
|turn|16
|
|t:|1781563368
|move|p2a: Rillaboom|Grassy Glide|p1a: TheBosnian
|-resisted|p1a: TheBosnian
|-damage|p1a: TheBosnian|5/100
|move|p1a: TheBosnian|Close Combat|p2a: Rillaboom
|-damage|p2a: Rillaboom|0 fnt
|-unboost|p1a: TheBosnian|def|1
|-unboost|p1a: TheBosnian|spd|1
|faint|p2a: Rillaboom
|-damage|p1a: TheBosnian|0 fnt|[from] item: Life Orb
|faint|p1a: TheBosnian
|
|upkeep
|j| Vitriso
|inactive|ssgdev has 120 seconds left.
|
|t:|1781563405
|switch|p1a: AlbanianManSinger|Moltres|5/100
|switch|p2a: Kyurem|Kyurem|74/100
|-damage|p2a: Kyurem|50/100|[from] Stealth Rock
|-ability|p2a: Kyurem|Pressure
|turn|17
|
|t:|1781563411
|move|p2a: Kyurem|Ice Beam|p1a: AlbanianManSinger
|-damage|p1a: AlbanianManSinger|0 fnt
|faint|p1a: AlbanianManSinger
|
|-heal|p2a: Kyurem|56/100|[from] Grassy Terrain
|upkeep
|
|t:|1781563414
|switch|p1a: Planet Romania|Slowking-Galar, M|100/100
|turn|18
|
|t:|1781563417
|move|p2a: Kyurem|Ice Beam|p1a: Planet Romania
|-damage|p1a: Planet Romania|65/100
|move|p1a: Planet Romania|Flamethrower|p2a: Kyurem
|-damage|p2a: Kyurem|29/100
|
|-heal|p2a: Kyurem|35/100|[from] Grassy Terrain
|-heal|p1a: Planet Romania|71/100|[from] Grassy Terrain
|upkeep
|turn|19
|
|t:|1781563421
|move|p2a: Kyurem|Ice Beam|p1a: Planet Romania
|-damage|p1a: Planet Romania|33/100
|move|p1a: Planet Romania|Sludge Bomb|p2a: Kyurem
|-damage|p2a: Kyurem|0 fnt
|faint|p2a: Kyurem
|
|-heal|p1a: Planet Romania|40/100|[from] Grassy Terrain
|-fieldend|move: Grassy Terrain
|upkeep
|
|t:|1781563424
|switch|p2a: Kingambit|Kingambit, F|100/100
|-damage|p2a: Kingambit|94/100|[from] Stealth Rock
|-activate|p2a: Kingambit|ability: Supreme Overlord
|-start|p2a: Kingambit|fallen5|[silent]
|turn|20
|
|t:|1781563427
|move|p2a: Kingambit|Swords Dance|p2a: Kingambit
|-boost|p2a: Kingambit|atk|2
|move|p1a: Planet Romania|Flamethrower|p2a: Kingambit
|-supereffective|p2a: Kingambit
|-damage|p2a: Kingambit|35/100
|
|-heal|p2a: Kingambit|41/100|[from] item: Leftovers
|upkeep
|turn|21
|
|t:|1781563447
|move|p2a: Kingambit|Kowtow Cleave|p1a: Planet Romania
|-supereffective|p1a: Planet Romania
|-damage|p1a: Planet Romania|0 fnt
|faint|p1a: Planet Romania
|
|-heal|p2a: Kingambit|47/100|[from] item: Leftovers
|upkeep
|
|t:|1781563450
|switch|p1a: Greek Boi|Great Tusk|37/100
|turn|22
|
|t:|1781563456
|-terastallize|p2a: Kingambit|Bug
|move|p1a: Greek Boi|Headlong Rush|p2a: Kingambit
|-resisted|p2a: Kingambit
|-damage|p2a: Kingambit|25/100
|-unboost|p1a: Greek Boi|def|1
|-unboost|p1a: Greek Boi|spd|1
|move|p2a: Kingambit|Iron Head|p1a: Greek Boi
|-crit|p1a: Greek Boi
|-damage|p1a: Greek Boi|0 fnt
|faint|p1a: Greek Boi
|-end|p1a: Greek Boi|Protosynthesis|[silent]
|
|-heal|p2a: Kingambit|31/100|[from] item: Leftovers
|upkeep
|
|t:|1781563458
|switch|p1a: My Bulgarian Uncle|Walking Wake|100/100
|turn|23
|
|t:|1781563461
|-terastallize|p1a: My Bulgarian Uncle|Water
|move|p2a: Kingambit|Sucker Punch|p1a: My Bulgarian Uncle
|-damage|p1a: My Bulgarian Uncle|0 fnt
|faint|p1a: My Bulgarian Uncle
|-end|p1a: My Bulgarian Uncle|Protosynthesis|[silent]
|
|win|ssgdev
|raw|SupermanIsSerbian's rating: 1641 &rarr; <strong>1622</strong><br />(-19 for losing)
|raw|ssgdev's rating: 1665 &rarr; <strong>1684</strong><br />(+19 for winning)
|l|☆ssgdev
|player|p2|
|l| Vitriso
|l|☆SupermanIsSerbian
|player|p1|
