|j|☆Kirnil
|j|☆ilytrix
|t:|1781339965
|gametype|singles
|player|p1|Kirnil|maid|1619
|player|p2|ilytrix|n-masters|1624
|gen|9
|tier|[Gen 9] OU
|rated|
|rule|HP Percentage Mod: HP is shown in percentages
|rule|Endless Battle Clause: Forcing endless battles is banned
|rule|Species Clause: Limit one of each Pokémon
|rule|OHKO Clause: OHKO moves are banned
|rule|Evasion Items Clause: Evasion items are banned
|rule|Evasion Moves Clause: Evasion moves are banned
|rule|Evasion Abilities Clause: Evasion abilities are banned
|rule|Sleep Moves Clause: Sleep-inducing moves are banned
|clearpoke
|poke|p1|Glimmora, M|
|poke|p1|Great Tusk|
|poke|p1|Alomomola, F|
|poke|p1|Amoonguss, M|
|poke|p1|Iron Valiant|
|poke|p1|Hoopa-Unbound|
|poke|p2|Ceruledge, M|
|poke|p2|Raging Bolt|
|poke|p2|Latias, F|
|poke|p2|Kyurem|
|poke|p2|Ninetales-Alola, F|
|poke|p2|Iron Moth|
|teampreview
|inactive|Battle timer is ON: inactive players will automatically lose when time's up. (requested by Kirnil)
|
|t:|1781339978
|teamsize|p1|6
|teamsize|p2|6
|start
|switch|p1a: Glimmora|Glimmora, M|100/100
|switch|p2a: rng my ahh|Kyurem|100/100
|-item|p1a: Glimmora|Air Balloon
|-ability|p2a: rng my ahh|Pressure
|turn|1
|
|t:|1781339983
|move|p1a: Glimmora|Power Gem|p2a: rng my ahh
|-supereffective|p2a: rng my ahh
|-crit|p2a: rng my ahh
|-damage|p2a: rng my ahh|0 fnt
|faint|p2a: rng my ahh
|
|upkeep
|
|t:|1781339999
|switch|p2a: Latias|Latias, F|100/100
|turn|2
|
|t:|1781340002
|switch|p1a: Alomomola|Alomomola, F|100/100
|-terastallize|p2a: Latias|Steel
|move|p2a: Latias|Agility|p2a: Latias
|-boost|p2a: Latias|spe|2
|
|upkeep
|turn|3
|
|t:|1781340010
|move|p2a: Latias|Calm Mind|p2a: Latias
|-boost|p2a: Latias|spa|1
|-boost|p2a: Latias|spd|1
|move|p1a: Alomomola|Flip Turn|p2a: Latias
|-damage|p2a: Latias|82/100
|
|t:|1781340020
|switch|p1a: Great Tusk|Great Tusk|100/100|[from] Flip Turn
|-enditem|p1a: Great Tusk|Booster Energy
|-activate|p1a: Great Tusk|ability: Protosynthesis|[fromitem]
|-start|p1a: Great Tusk|protosynthesisatk
|
|-heal|p2a: Latias|88/100|[from] item: Leftovers
|upkeep
|turn|4
|
|t:|1781340022
|-terastallize|p1a: Great Tusk|Steel
|move|p2a: Latias|Stored Power|p1a: Great Tusk
|-resisted|p1a: Great Tusk
|-damage|p1a: Great Tusk|41/100
|move|p1a: Great Tusk|Close Combat|p2a: Latias
|-supereffective|p2a: Latias
|-damage|p2a: Latias|0 fnt
|-unboost|p1a: Great Tusk|def|1
|-unboost|p1a: Great Tusk|spd|1
|faint|p2a: Latias
|
|upkeep
|
|t:|1781340024
|switch|p2a: Iron Moth|Iron Moth|100/100
|-enditem|p2a: Iron Moth|Booster Energy
|-activate|p2a: Iron Moth|ability: Quark Drive|[fromitem]
|-start|p2a: Iron Moth|quarkdrivespe
|turn|5
|
|t:|1781340031
|-end|p1a: Great Tusk|Protosynthesis|[silent]
|switch|p1a: Alomomola|Alomomola, F|100/100
|move|p2a: Iron Moth|Fiery Dance|p1a: Alomomola
|-resisted|p1a: Alomomola
|-damage|p1a: Alomomola|91/100
|
|upkeep
|turn|6
|
|t:|1781340035
|move|p2a: Iron Moth|Energy Ball|p1a: Alomomola
|-supereffective|p1a: Alomomola
|-damage|p1a: Alomomola|62/100
|move|p1a: Alomomola|Flip Turn|p2a: Iron Moth
|-supereffective|p2a: Iron Moth
|-damage|p2a: Iron Moth|44/100
|
|t:|1781340045
|switch|p1a: Glimmora|Glimmora, M|100/100|[from] Flip Turn
|-item|p1a: Glimmora|Air Balloon
|
|upkeep
|turn|7
|
|t:|1781340049
|move|p2a: Iron Moth|Energy Ball|p1a: Glimmora
|-damage|p1a: Glimmora|58/100
|-unboost|p1a: Glimmora|spd|1
|-enditem|p1a: Glimmora|Air Balloon
|move|p1a: Glimmora|Stealth Rock|p2a: Iron Moth
|-sidestart|p2: ilytrix|move: Stealth Rock
|
|upkeep
|turn|8
|
|t:|1781340055
|switch|p1a: Alomomola|Alomomola, F|95/100
|move|p2a: Iron Moth|Energy Ball|p1a: Alomomola
|-supereffective|p1a: Alomomola
|-damage|p1a: Alomomola|67/100
|
|upkeep
|turn|9
|
|t:|1781340059
|move|p2a: Iron Moth|Energy Ball|p1a: Alomomola
|-supereffective|p1a: Alomomola
|-damage|p1a: Alomomola|37/100
|move|p1a: Alomomola|Flip Turn|p2a: Iron Moth
|-supereffective|p2a: Iron Moth
|-damage|p2a: Iron Moth|0 fnt
|faint|p2a: Iron Moth
|-end|p2a: Iron Moth|Quark Drive|[silent]
|
|t:|1781340066
|switch|p1a: Glimmora|Glimmora, M|58/100|[from] Flip Turn
|
|upkeep
|
|t:|1781340069
|switch|p2a: snow bunny|Ninetales-Alola, F|100/100
|-damage|p2a: snow bunny|76/100|[from] Stealth Rock
|-weather|Snowscape|[from] ability: Snow Warning|[of] p2a: snow bunny
|turn|10
|
|t:|1781340071
|move|p2a: snow bunny|Aurora Veil|p2a: snow bunny
|-sidestart|p2: ilytrix|move: Aurora Veil
|move|p1a: Glimmora|Power Gem|p2a: snow bunny
|-supereffective|p2a: snow bunny
|-damage|p2a: snow bunny|26/100
|
|-weather|Snowscape|[upkeep]
|upkeep
|turn|11
|
|t:|1781340079
|move|p2a: snow bunny|Encore|p1a: Glimmora
|-start|p1a: Glimmora|Encore
|move|p1a: Glimmora|Power Gem|p2a: snow bunny
|-supereffective|p2a: snow bunny
|-damage|p2a: snow bunny|0 fnt
|faint|p2a: snow bunny
|
|-weather|Snowscape|[upkeep]
|upkeep
|
|t:|1781340080
|switch|p2a: Raging Bolt|Raging Bolt|100/100
|-damage|p2a: Raging Bolt|88/100|[from] Stealth Rock
|-enditem|p2a: Raging Bolt|Booster Energy
|-activate|p2a: Raging Bolt|ability: Protosynthesis|[fromitem]
|-start|p2a: Raging Bolt|protosynthesisspa
|turn|12
|
|t:|1781340085
|switch|p1a: Iron Valiant|Iron Valiant|100/100
|-enditem|p1a: Iron Valiant|Booster Energy
|-activate|p1a: Iron Valiant|ability: Quark Drive|[fromitem]
|-start|p1a: Iron Valiant|quarkdrivespe
|move|p2a: Raging Bolt|Calm Mind|p2a: Raging Bolt
|-boost|p2a: Raging Bolt|spa|1
|-boost|p2a: Raging Bolt|spd|1
|
|-weather|Snowscape|[upkeep]
|upkeep
|turn|13
|
|t:|1781340088
|move|p2a: Raging Bolt|Thunderclap||[still]
|-fail|p2a: Raging Bolt
|move|p1a: Iron Valiant|Encore|p2a: Raging Bolt
|-start|p2a: Raging Bolt|Encore
|
|-weather|Snowscape|[upkeep]
|upkeep
|turn|14
|
|t:|1781340095
|move|p2a: Raging Bolt|Thunderclap||[still]
|-fail|p2a: Raging Bolt
|move|p1a: Iron Valiant|Encore||[still]
|-fail|p1a: Iron Valiant
|
|-weather|none
|upkeep
|turn|15
|
|t:|1781340099
|move|p2a: Raging Bolt|Thunderclap||[still]
|-fail|p2a: Raging Bolt
|move|p1a: Iron Valiant|Encore||[still]
|-fail|p1a: Iron Valiant
|
|upkeep
|turn|16
|
|t:|1781340102
|move|p2a: Raging Bolt|Thunderclap||[still]
|-fail|p2a: Raging Bolt
|move|p1a: Iron Valiant|Encore||[still]
|-fail|p1a: Iron Valiant
|
|-end|p2a: Raging Bolt|Encore
|upkeep
|turn|17
|
|t:|1781340106
|move|p1a: Iron Valiant|Encore|p2a: Raging Bolt
|-start|p2a: Raging Bolt|Encore
|move|p2a: Raging Bolt|Thunderclap||[still]
|-fail|p2a: Raging Bolt
|
|-sideend|p2: ilytrix|move: Aurora Veil
|upkeep
|turn|18
|
|t:|1781340117
|-end|p1a: Iron Valiant|Quark Drive|[silent]
|switch|p1a: Hoopa|Hoopa-Unbound|100/100
|move|p2a: Raging Bolt|Thunderclap||[still]
|-fail|p2a: Raging Bolt
|
|upkeep
|turn|19
|
|t:|1781340119
|move|p2a: Raging Bolt|Thunderclap||[still]
|-fail|p2a: Raging Bolt
|move|p1a: Hoopa|Substitute|p1a: Hoopa
|-start|p1a: Hoopa|Substitute
|-damage|p1a: Hoopa|76/100
|
|-heal|p1a: Hoopa|82/100|[from] item: Leftovers
|-end|p2a: Raging Bolt|Encore
|upkeep
|turn|20
|
|t:|1781340128
|move|p1a: Hoopa|Nasty Plot|p1a: Hoopa
|-boost|p1a: Hoopa|spa|2
|move|p2a: Raging Bolt|Thunderbolt|p1a: Hoopa
|-end|p1a: Hoopa|Substitute
|
|-heal|p1a: Hoopa|88/100|[from] item: Leftovers
|upkeep
|turn|21
|
|t:|1781340134
|move|p1a: Hoopa|Dark Pulse|p2a: Raging Bolt
|-damage|p2a: Raging Bolt|29/100
|move|p2a: Raging Bolt|Thunderbolt|p1a: Hoopa
|-damage|p1a: Hoopa|2/100
|
|-heal|p1a: Hoopa|8/100|[from] item: Leftovers
|upkeep
|turn|22
|
|t:|1781340141
|move|p2a: Raging Bolt|Thunderclap||[still]
|-fail|p2a: Raging Bolt
|move|p1a: Hoopa|Nasty Plot|p1a: Hoopa
|-boost|p1a: Hoopa|spa|2
|
|-heal|p1a: Hoopa|15/100|[from] item: Leftovers
|upkeep
|turn|23
|
|t:|1781340143
|move|p1a: Hoopa|Dark Pulse|p2a: Raging Bolt
|-damage|p2a: Raging Bolt|0 fnt
|faint|p2a: Raging Bolt
|-end|p2a: Raging Bolt|Protosynthesis|[silent]
|
|-heal|p1a: Hoopa|21/100|[from] item: Leftovers
|upkeep
|
|t:|1781340144
|switch|p2a: bury the light|Ceruledge, M|100/100
|-damage|p2a: bury the light|76/100|[from] Stealth Rock
|turn|24
|
|t:|1781340147
|move|p2a: bury the light|Bitter Blade|p1a: Hoopa
|-damage|p1a: Hoopa|0 fnt
|-heal|p2a: bury the light|86/100|[from] drain|[of] p1a: Hoopa
|faint|p1a: Hoopa
|
|upkeep
|
|t:|1781340149
|switch|p1a: Great Tusk|Great Tusk, tera:Steel|41/100
|turn|25
|
|t:|1781340152
|move|p1a: Great Tusk|Headlong Rush|p2a: bury the light
|-supereffective|p2a: bury the light
|-damage|p2a: bury the light|0 fnt
|-unboost|p1a: Great Tusk|def|1
|-unboost|p1a: Great Tusk|spd|1
|faint|p2a: bury the light
|
|win|Kirnil
|raw|Kirnil's rating: 1619 &rarr; <strong>1639</strong><br />(+20 for winning)
|raw|ilytrix's rating: 1624 &rarr; <strong>1604</strong><br />(-20 for losing)
|l|☆ilytrix
|player|p2|
|l|☆Kirnil
|player|p1|
