|j|☆icylikedecember
|j|☆KurisuChestnutLab
|t:|1781172172
|gametype|singles
|player|p1|icylikedecember|smasher|1624
|player|p2|KurisuChestnutLab|may-contest|1573
|gen|9
|tier|[Gen 9] OU
|rated|
|rule|HP Percentage Mod: HP is shown in percentages
|rule|Endless Battle Clause: Forcing endless battles is banned
|rule|Species Clause: Limit one of each Pokémon
|rule|OHKO Clause: OHKO moves are banned
|rule|Evasion Items Clause: Evasion items are banned
|rule|Evasion Moves Clause: Evasion moves are banned
|rule|Evasion Abilities Clause: Evasion abilities are banned
|rule|Sleep Moves Clause: Sleep-inducing moves are banned
|clearpoke
|poke|p1|Corviknight, M|
|poke|p1|Slowking-Galar, M|
|poke|p1|Darkrai|
|poke|p1|Kyurem|
|poke|p1|Zamazenta-*|
|poke|p1|Crawdaunt, M|
|poke|p2|Primarina, F|
|poke|p2|Hippowdon, M|
|poke|p2|Skarmory, F|
|poke|p2|Zapdos|
|poke|p2|Dragonite, M|
|poke|p2|Slowking, F|
|teampreview
|inactive|Battle timer is ON: inactive players will automatically lose when time's up. (requested by KurisuChestnutLab)
|
|t:|1781172183
|teamsize|p1|6
|teamsize|p2|6
|start
|switch|p1a: Slowking|Slowking-Galar, M, shiny|100/100
|switch|p2a: Primarina|Primarina, F|100/100
|turn|1
|
|t:|1781172187
|switch|p2a: Hippowdon|Hippowdon, M|100/100
|-weather|Sandstorm|[from] ability: Sand Stream|[of] p2a: Hippowdon
|move|p1a: Slowking|Flamethrower|p2a: Hippowdon
|-damage|p2a: Hippowdon|69/100
|-status|p2a: Hippowdon|brn
|
|-weather|Sandstorm|[upkeep]
|-damage|p1a: Slowking|94/100|[from] Sandstorm
|-heal|p2a: Hippowdon|75/100 brn|[from] item: Leftovers
|-damage|p2a: Hippowdon|69/100 brn|[from] brn
|upkeep
|turn|2
|
|t:|1781172198
|move|p2a: Hippowdon|Stealth Rock|p1a: Slowking
|-sidestart|p1: icylikedecember|move: Stealth Rock
|move|p1a: Slowking|Ice Beam|p2a: Hippowdon
|-supereffective|p2a: Hippowdon
|-damage|p2a: Hippowdon|5/100 brn
|
|-weather|Sandstorm|[upkeep]
|-damage|p1a: Slowking|88/100|[from] Sandstorm
|-heal|p2a: Hippowdon|11/100 brn|[from] item: Leftovers
|-damage|p2a: Hippowdon|5/100 brn|[from] brn
|upkeep
|turn|3
|
|t:|1781172206
|move|p2a: Hippowdon|Earthquake|p1a: Slowking
|-supereffective|p1a: Slowking
|-damage|p1a: Slowking|52/100
|move|p1a: Slowking|Sludge Bomb|p2a: Hippowdon
|-resisted|p2a: Hippowdon
|-damage|p2a: Hippowdon|0 fnt
|faint|p2a: Hippowdon
|
|-weather|Sandstorm|[upkeep]
|-damage|p1a: Slowking|46/100|[from] Sandstorm
|upkeep
|j| yuureisuisei
|
|t:|1781172213
|switch|p2a: Primarina|Primarina, F|100/100
|turn|4
|
|t:|1781172221
|move|p2a: Primarina|Moonblast|p1a: Slowking
|-resisted|p1a: Slowking
|-damage|p1a: Slowking|33/100
|move|p1a: Slowking|Sludge Bomb|p2a: Primarina
|-supereffective|p2a: Primarina
|-damage|p2a: Primarina|58/100
|
|-weather|Sandstorm|[upkeep]
|-damage|p2a: Primarina|52/100|[from] Sandstorm
|-damage|p1a: Slowking|27/100|[from] Sandstorm
|upkeep
|turn|5
|
|t:|1781172229
|switch|p2a: Dragonite|Dragonite, M|100/100
|switch|p1a: Corviknight|Corviknight, M, shiny|100/100
|-damage|p1a: Corviknight|88/100|[from] Stealth Rock
|-ability|p1a: Corviknight|Pressure
|
|-weather|none
|upkeep
|turn|6
|
|t:|1781172234
|switch|p2a: Skarmory|Skarmory, F|100/100
|move|p1a: Corviknight|U-turn|p2a: Skarmory
|-resisted|p2a: Skarmory
|-damage|p2a: Skarmory|99/100
|
|t:|1781172242
|switch|p1a: Slowking|Slowking-Galar, M, shiny|61/100|[from] U-turn
|-damage|p1a: Slowking|48/100|[from] Stealth Rock
|
|-heal|p2a: Skarmory|100/100|[from] item: Leftovers
|upkeep
|turn|7
|
|t:|1781172247
|switch|p2a: Zapdos|Zapdos|100/100
|move|p1a: Slowking|Flamethrower|p2a: Zapdos
|-crit|p2a: Zapdos
|-damage|p2a: Zapdos|57/100
|
|upkeep
|turn|8
|
|t:|1781172250
|move|p2a: Zapdos|Roost|p2a: Zapdos
|-heal|p2a: Zapdos|100/100
|-singleturn|p2a: Zapdos|move: Roost
|move|p1a: Slowking|Sludge Bomb|p2a: Zapdos
|-damage|p2a: Zapdos|57/100
|-status|p2a: Zapdos|psn
|
|-damage|p2a: Zapdos|45/100 psn|[from] psn
|upkeep
|turn|9
|
|t:|1781172253
|move|p2a: Zapdos|Volt Switch|p1a: Slowking
|-damage|p1a: Slowking|35/100
|
|t:|1781172259
|switch|p2a: Slowking|Slowking, F|100/100|[from] Volt Switch
|move|p1a: Slowking|Sludge Bomb|p2a: Slowking
|-crit|p2a: Slowking
|-damage|p2a: Slowking|63/100
|
|upkeep
|turn|10
|
|t:|1781172266
|switch|p2a: Zapdos|Zapdos|45/100 psn
|switch|p1a: Crawdaunt|Crawdaunt, M|100/100
|-damage|p1a: Crawdaunt|88/100|[from] Stealth Rock
|
|-damage|p2a: Zapdos|33/100 psn|[from] psn
|upkeep
|turn|11
|
|t:|1781172276
|-terastallize|p1a: Crawdaunt|Water
|move|p1a: Crawdaunt|Aqua Jet|p2a: Zapdos
|-damage|p2a: Zapdos|0 fnt
|faint|p2a: Zapdos
|
|upkeep
|
|t:|1781172280
|switch|p2a: Dragonite|Dragonite, M|100/100
|turn|12
|
|t:|1781172285
|switch|p1a: Corviknight|Corviknight, M, shiny|88/100
|-damage|p1a: Corviknight|76/100|[from] Stealth Rock
|-ability|p1a: Corviknight|Pressure
|move|p2a: Dragonite|Dragon Dance|p2a: Dragonite
|-boost|p2a: Dragonite|atk|1
|-boost|p2a: Dragonite|spe|1
|
|upkeep
|turn|13
|
|t:|1781172288
|move|p2a: Dragonite|Dragon Dance|p2a: Dragonite
|-boost|p2a: Dragonite|atk|1
|-boost|p2a: Dragonite|spe|1
|move|p1a: Corviknight|U-turn|p2a: Dragonite
|-resisted|p2a: Dragonite
|-damage|p2a: Dragonite|96/100
|
|t:|1781172290
|switch|p1a: Zamazenta|Zamazenta|100/100|[from] U-turn
|-damage|p1a: Zamazenta|94/100|[from] Stealth Rock
|-ability|p1a: Zamazenta|Dauntless Shield|boost
|-boost|p1a: Zamazenta|def|1
|
|-heal|p1a: Zamazenta|100/100|[from] item: Leftovers
|upkeep
|turn|14
|
|t:|1781172294
|move|p2a: Dragonite|Extreme Speed|p1a: Zamazenta
|-damage|p1a: Zamazenta|69/100
|move|p1a: Zamazenta|Roar|p2a: Dragonite
|drag|p2a: Primarina|Primarina, F|52/100
|
|-heal|p1a: Zamazenta|75/100|[from] item: Leftovers
|upkeep
|turn|15
|
|t:|1781172299
|switch|p1a: Slowking|Slowking-Galar, M, shiny|68/100
|-damage|p1a: Slowking|55/100|[from] Stealth Rock
|move|p2a: Primarina|Moonblast|p1a: Slowking
|-resisted|p1a: Slowking
|-damage|p1a: Slowking|43/100
|
|upkeep
|turn|16
|
|t:|1781172304
|move|p2a: Primarina|Surf|p1a: Slowking
|-damage|p1a: Slowking|16/100
|move|p1a: Slowking|Sludge Bomb|p2a: Primarina
|-supereffective|p2a: Primarina
|-damage|p2a: Primarina|9/100
|
|upkeep
|turn|17
|
|t:|1781172308
|switch|p1a: Corviknight|Corviknight, M, shiny|76/100
|-damage|p1a: Corviknight|64/100|[from] Stealth Rock
|-ability|p1a: Corviknight|Pressure
|move|p2a: Primarina|Flip Turn|p1a: Corviknight
|-crit|p1a: Corviknight
|-damage|p1a: Corviknight|46/100
|-damage|p2a: Primarina|0 fnt|[from] item: Rocky Helmet|[of] p1a: Corviknight
|faint|p2a: Primarina
|
|upkeep
|
|t:|1781172313
|switch|p2a: Dragonite|Dragonite, M|96/100
|turn|18
|
|t:|1781172318
|move|p2a: Dragonite|Dragon Dance|p2a: Dragonite
|-boost|p2a: Dragonite|atk|1
|-boost|p2a: Dragonite|spe|1
|move|p1a: Corviknight|U-turn|p2a: Dragonite
|-resisted|p2a: Dragonite
|-damage|p2a: Dragonite|88/100
|l| yuureisuisei
|
|t:|1781172323
|switch|p1a: Kyurem|Kyurem|100/100|[from] U-turn
|-damage|p1a: Kyurem|76/100|[from] Stealth Rock
|-ability|p1a: Kyurem|Pressure
|
|upkeep
|turn|19
|
|t:|1781172326
|-terastallize|p2a: Dragonite|Normal
|move|p2a: Dragonite|Extreme Speed|p1a: Kyurem
|-damage|p1a: Kyurem|6/100
|move|p1a: Kyurem|Ice Beam|p2a: Dragonite
|-damage|p2a: Dragonite|10/100
|
|upkeep
|turn|20
|j| GavilarKholin
|
|t:|1781172331
|switch|p1a: Corviknight|Corviknight, M, shiny|46/100
|-damage|p1a: Corviknight|34/100|[from] Stealth Rock
|-ability|p1a: Corviknight|Pressure
|move|p2a: Dragonite|Extreme Speed|p1a: Corviknight
|-resisted|p1a: Corviknight
|-damage|p1a: Corviknight|12/100
|-damage|p2a: Dragonite|0 fnt|[from] item: Rocky Helmet|[of] p1a: Corviknight
|faint|p2a: Dragonite
|
|upkeep
|
|t:|1781172336
|switch|p2a: Skarmory|Skarmory, F|100/100
|turn|21
|
|t:|1781172343
|move|p2a: Skarmory|Body Press|p1a: Corviknight
|-damage|p1a: Corviknight|0 fnt
|-damage|p2a: Skarmory|84/100|[from] item: Rocky Helmet|[of] p1a: Corviknight
|faint|p1a: Corviknight
|
|-heal|p2a: Skarmory|90/100|[from] item: Leftovers
|upkeep
|
|t:|1781172346
|switch|p1a: Crawdaunt|Crawdaunt, M, tera:Water|88/100
|-damage|p1a: Crawdaunt|76/100|[from] Stealth Rock
|turn|22
|l| GavilarKholin
|
|t:|1781172350
|move|p1a: Crawdaunt|Knock Off|p2a: Skarmory
|-damage|p2a: Skarmory|48/100
|-enditem|p2a: Skarmory|Leftovers|[from] move: Knock Off|[of] p1a: Crawdaunt
|move|p2a: Skarmory|Spikes|p1a: Crawdaunt
|-sidestart|p1: icylikedecember|Spikes
|
|upkeep
|turn|23
|
|t:|1781172357
|move|p1a: Crawdaunt|Knock Off|p2a: Skarmory
|-damage|p2a: Skarmory|16/100
|move|p2a: Skarmory|Roost|p2a: Skarmory
|-heal|p2a: Skarmory|66/100
|-singleturn|p2a: Skarmory|move: Roost
|
|upkeep
|turn|24
|
|t:|1781172364
|switch|p1a: Kyurem|Kyurem|6/100
|-damage|p1a: Kyurem|0 fnt|[from] Stealth Rock
|faint|p1a: Kyurem
|move|p2a: Skarmory|Roost|p2a: Skarmory
|-heal|p2a: Skarmory|100/100
|-singleturn|p2a: Skarmory|move: Roost
|
|upkeep
|
|t:|1781172367
|switch|p1a: Slowking|Slowking-Galar, M, shiny|49/100
|-damage|p1a: Slowking|37/100|[from] Stealth Rock
|-damage|p1a: Slowking|25/100|[from] Spikes
|turn|25
|
|t:|1781172375
|switch|p2a: Slowking|Slowking, F|96/100
|switch|p1a: Zamazenta|Zamazenta|75/100
|-damage|p1a: Zamazenta|69/100|[from] Stealth Rock
|-damage|p1a: Zamazenta|57/100|[from] Spikes
|
|-heal|p1a: Zamazenta|63/100|[from] item: Leftovers
|upkeep
|turn|26
|
|t:|1781172379
|move|p1a: Zamazenta|Crunch|p2a: Slowking
|-supereffective|p2a: Slowking
|-damage|p2a: Slowking|48/100
|move|p2a: Slowking|Scald|p1a: Zamazenta
|-damage|p1a: Zamazenta|40/100
|
|-heal|p1a: Zamazenta|47/100|[from] item: Leftovers
|upkeep
|turn|27
|
|t:|1781172385
|switch|p2a: Skarmory|Skarmory, F|100/100
|move|p1a: Zamazenta|Iron Defense|p1a: Zamazenta
|-boost|p1a: Zamazenta|def|2
|
|-heal|p1a: Zamazenta|53/100|[from] item: Leftovers
|upkeep
|turn|28
|
|t:|1781172390
|switch|p2a: Slowking|Slowking, F|81/100
|move|p1a: Zamazenta|Body Press|p2a: Slowking
|-resisted|p2a: Slowking
|-damage|p2a: Slowking|44/100
|
|-heal|p1a: Zamazenta|59/100|[from] item: Leftovers
|upkeep
|turn|29
|
|t:|1781172395
|switch|p2a: Skarmory|Skarmory, F|100/100
|move|p1a: Zamazenta|Crunch|p2a: Skarmory
|-damage|p2a: Skarmory|89/100
|
|-heal|p1a: Zamazenta|65/100|[from] item: Leftovers
|upkeep
|turn|30
|
|t:|1781172402
|switch|p2a: Slowking|Slowking, F|77/100
|move|p1a: Zamazenta|Body Press|p2a: Slowking
|-resisted|p2a: Slowking
|-damage|p2a: Slowking|45/100
|
|-heal|p1a: Zamazenta|71/100|[from] item: Leftovers
|upkeep
|turn|31
|
|t:|1781172408
|switch|p2a: Skarmory|Skarmory, F|89/100
|move|p1a: Zamazenta|Crunch|p2a: Skarmory
|-damage|p2a: Skarmory|75/100
|
|-heal|p1a: Zamazenta|78/100|[from] item: Leftovers
|upkeep
|turn|32
|
|t:|1781172414
|switch|p2a: Slowking|Slowking, F|78/100
|move|p1a: Zamazenta|Iron Defense|p1a: Zamazenta
|-boost|p1a: Zamazenta|def|2
|
|-heal|p1a: Zamazenta|84/100|[from] item: Leftovers
|upkeep
|turn|33
|
|t:|1781172420
|move|p1a: Zamazenta|Crunch|p2a: Slowking
|-supereffective|p2a: Slowking
|-damage|p2a: Slowking|34/100
|move|p2a: Slowking|Slack Off|p2a: Slowking
|-heal|p2a: Slowking|84/100
|
|-heal|p1a: Zamazenta|90/100|[from] item: Leftovers
|upkeep
|turn|34
|
|t:|1781172424
|move|p1a: Zamazenta|Crunch|p2a: Slowking
|-supereffective|p2a: Slowking
|-damage|p2a: Slowking|41/100
|move|p2a: Slowking|Slack Off|p2a: Slowking
|-heal|p2a: Slowking|91/100
|
|-heal|p1a: Zamazenta|96/100|[from] item: Leftovers
|upkeep
|turn|35
|
|t:|1781172428
|move|p1a: Zamazenta|Crunch|p2a: Slowking
|-supereffective|p2a: Slowking
|-damage|p2a: Slowking|45/100
|move|p2a: Slowking|Slack Off|p2a: Slowking
|-heal|p2a: Slowking|95/100
|
|-heal|p1a: Zamazenta|100/100|[from] item: Leftovers
|upkeep
|turn|36
|
|t:|1781172432
|move|p1a: Zamazenta|Crunch|p2a: Slowking
|-supereffective|p2a: Slowking
|-damage|p2a: Slowking|46/100
|-unboost|p2a: Slowking|def|1
|move|p2a: Slowking|Slack Off|p2a: Slowking
|-heal|p2a: Slowking|96/100
|
|upkeep
|turn|37
|
|t:|1781172438
|move|p1a: Zamazenta|Body Press|p2a: Slowking
|-resisted|p2a: Slowking
|-damage|p2a: Slowking|11/100
|move|p2a: Slowking|Scald|p1a: Zamazenta
|-damage|p1a: Zamazenta|79/100
|-status|p1a: Zamazenta|brn
|
|-heal|p1a: Zamazenta|86/100 brn|[from] item: Leftovers
|-damage|p1a: Zamazenta|79/100 brn|[from] brn
|upkeep
|turn|38
|
|t:|1781172442
|move|p1a: Zamazenta|Body Press|p2a: Slowking
|-resisted|p2a: Slowking
|-damage|p2a: Slowking|0 fnt
|faint|p2a: Slowking
|
|-heal|p1a: Zamazenta|86/100 brn|[from] item: Leftovers
|-damage|p1a: Zamazenta|79/100 brn|[from] brn
|upkeep
|
|t:|1781172448
|switch|p2a: Skarmory|Skarmory, F|75/100
|turn|39
|
|t:|1781172451
|move|p1a: Zamazenta|Iron Defense|p1a: Zamazenta
|-boost|p1a: Zamazenta|def|2
|move|p2a: Skarmory|Iron Head|p1a: Zamazenta
|-damage|p1a: Zamazenta|75/100 brn
|
|-heal|p1a: Zamazenta|81/100 brn|[from] item: Leftovers
|-damage|p1a: Zamazenta|75/100 brn|[from] brn
|upkeep
|turn|40
|
|t:|1781172454
|move|p1a: Zamazenta|Body Press|p2a: Skarmory
|-damage|p2a: Skarmory|34/100
|move|p2a: Skarmory|Roost|p2a: Skarmory
|-heal|p2a: Skarmory|84/100
|-singleturn|p2a: Skarmory|move: Roost
|
|-heal|p1a: Zamazenta|81/100 brn|[from] item: Leftovers
|-damage|p1a: Zamazenta|75/100 brn|[from] brn
|upkeep
|turn|41
|
|t:|1781172459
|move|p1a: Zamazenta|Body Press|p2a: Skarmory
|-damage|p2a: Skarmory|42/100
|move|p2a: Skarmory|Body Press|p1a: Zamazenta
|-damage|p1a: Zamazenta|69/100 brn
|
|-heal|p1a: Zamazenta|75/100 brn|[from] item: Leftovers
|-damage|p1a: Zamazenta|69/100 brn|[from] brn
|upkeep
|turn|42
|
|t:|1781172462
|move|p1a: Zamazenta|Body Press|p2a: Skarmory
|-damage|p2a: Skarmory|0 fnt
|faint|p2a: Skarmory
|
|win|icylikedecember
|raw|icylikedecember's rating: 1624 &rarr; <strong>1639</strong><br />(+15 for winning)
|raw|KurisuChestnutLab's rating: 1527 &rarr; <strong>1512</strong><br />(-15 for losing)
