|badge|p2|bronze|gen9ou|100-9
|uhtml|medal-msg|<div class="broadcast-blue">Curious what those medals under the avatar are? PS now has Ladder Seasons! For more information, check out the <a href="https://www.smogon.com/forums/threads/3740067/">thread on Smogon.</a></div>
|j|☆Noamm
|j|☆databricks
|t:|1781275480
|gametype|singles
|player|p1|Noamm|gambler|1813
|player|p2|databricks|lucas|1824
|gen|9
|tier|[Gen 9] OU
|rated|
|rule|HP Percentage Mod: HP is shown in percentages
|rule|Endless Battle Clause: Forcing endless battles is banned
|rule|Species Clause: Limit one of each Pokémon
|rule|OHKO Clause: OHKO moves are banned
|rule|Evasion Items Clause: Evasion items are banned
|rule|Evasion Moves Clause: Evasion moves are banned
|rule|Evasion Abilities Clause: Evasion abilities are banned
|rule|Sleep Moves Clause: Sleep-inducing moves are banned
|clearpoke
|poke|p1|Lokix, M|
|poke|p1|Iron Valiant|
|poke|p1|Alomomola, L99, F|
|poke|p1|Mandibuzz, F|
|poke|p1|Great Tusk|
|poke|p1|Gholdengo|
|poke|p2|Houndstone, F|
|poke|p2|Tyranitar, F|
|poke|p2|Excadrill, M|
|poke|p2|Keldeo|
|poke|p2|Sinistcha|
|poke|p2|Moltres|
|teampreview
|inactive|Battle timer is ON: inactive players will automatically lose when time's up. (requested by databricks)
|inactive|Noamm also wants the timer to be on.
|j| OUZQ Crocodile
|j| 151htyrneh
|j| sylvr7070
|
|t:|1781275490
|teamsize|p1|6
|teamsize|p2|6
|start
|switch|p1a: WinJustiφ'sThePlay|Iron Valiant, shiny|100/100
|switch|p2a: Tyranitar|Tyranitar, F|100/100
|-weather|Sandstorm|[from] ability: Sand Stream|[of] p2a: Tyranitar
|turn|1
|j| GengarAdept
|
|t:|1781275497
|switch|p2a: Moltres|Moltres|100/100
|move|p1a: WinJustiφ'sThePlay|Moonblast|p2a: Moltres
|-resisted|p2a: Moltres
|-damage|p2a: Moltres|75/100
|
|-weather|Sandstorm|[upkeep]
|-damage|p1a: WinJustiφ'sThePlay|94/100|[from] Sandstorm
|-damage|p2a: Moltres|69/100|[from] Sandstorm
|upkeep
|turn|2
|
|t:|1781275507
|-end|p1a: WinJustiφ'sThePlay|Quark Drive|[silent]
|switch|p1a: TIME OUT|Alomomola, L99, F|100/100
|move|p2a: Moltres|U-turn|p1a: TIME OUT
|-damage|p1a: TIME OUT|91/100
|
|t:|1781275510
|switch|p2a: Tyranitar|Tyranitar, F|100/100|[from] U-turn
|
|-weather|Sandstorm|[upkeep]
|-damage|p1a: TIME OUT|85/100|[from] Sandstorm
|upkeep
|turn|3
|
|t:|1781275513
|switch|p1a: STANDING BY|Great Tusk|100/100
|move|p2a: Tyranitar|Stealth Rock|p1a: STANDING BY
|-sidestart|p1: Noamm|move: Stealth Rock
|
|-weather|Sandstorm|[upkeep]
|upkeep
|turn|4
|
|t:|1781275516
|move|p1a: STANDING BY|Stealth Rock|p2a: Tyranitar
|-sidestart|p2: databricks|move: Stealth Rock
|move|p2a: Tyranitar|Ice Punch|p1a: STANDING BY
|-supereffective|p1a: STANDING BY
|-damage|p1a: STANDING BY|57/100
|
|-weather|Sandstorm|[upkeep]
|upkeep
|turn|5
|j| angel engine
|
|t:|1781275521
|switch|p2a: Sinistcha|Sinistcha|100/100
|move|p1a: STANDING BY|Ice Spinner|p2a: Sinistcha
|-supereffective|p2a: Sinistcha
|-damage|p2a: Sinistcha|61/100
|
|-weather|none
|upkeep
|turn|6
|
|t:|1781275527
|-end|p1a: STANDING BY|Protosynthesis|[silent]
|switch|p1a: Faint or Alive|Gholdengo|100/100
|-damage|p1a: Faint or Alive|94/100|[from] Stealth Rock
|move|p2a: Sinistcha|Shadow Ball|p1a: Faint or Alive
|-supereffective|p1a: Faint or Alive
|-damage|p1a: Faint or Alive|23/100
|-unboost|p1a: Faint or Alive|spd|1
|
|upkeep
|turn|7
|l| angel engine
|
|t:|1781275534
|switch|p2a: Tyranitar|Tyranitar, F|100/100
|-weather|Sandstorm|[from] ability: Sand Stream|[of] p2a: Tyranitar
|move|p1a: Faint or Alive|Shadow Ball|p2a: Tyranitar
|-resisted|p2a: Tyranitar
|-damage|p2a: Tyranitar|87/100
|
|-weather|Sandstorm|[upkeep]
|upkeep
|turn|8
|
|t:|1781275539
|switch|p2a: Moltres|Moltres|69/100
|move|p1a: Faint or Alive|Shadow Ball|p2a: Moltres
|-damage|p2a: Moltres|37/100
|
|-weather|Sandstorm|[upkeep]
|-damage|p2a: Moltres|31/100|[from] Sandstorm
|upkeep
|turn|9
|
|t:|1781275544
|switch|p2a: Tyranitar|Tyranitar, F|87/100
|move|p1a: Faint or Alive|Shadow Ball|p2a: Tyranitar
|-resisted|p2a: Tyranitar
|-damage|p2a: Tyranitar|72/100
|
|-weather|Sandstorm|[upkeep]
|upkeep
|turn|10
|
|t:|1781275548
|switch|p1a: WinJustiφ'sThePlay|Iron Valiant, shiny|94/100
|-damage|p1a: WinJustiφ'sThePlay|88/100|[from] Stealth Rock
|move|p2a: Tyranitar|Ice Punch|p1a: WinJustiφ'sThePlay
|-damage|p1a: WinJustiφ'sThePlay|50/100
|
|-weather|Sandstorm|[upkeep]
|-damage|p1a: WinJustiφ'sThePlay|44/100|[from] Sandstorm
|upkeep
|turn|11
|
|t:|1781275552
|switch|p2a: Houndstone|Houndstone, F|100/100
|-damage|p2a: Houndstone|88/100|[from] Stealth Rock
|move|p1a: WinJustiφ'sThePlay|Moonblast|p2a: Houndstone
|-damage|p2a: Houndstone|0 fnt
|faint|p2a: Houndstone
|
|-weather|none
|upkeep
|
|t:|1781275555
|switch|p2a: Moltres|Moltres|31/100
|turn|12
|
|t:|1781275559
|-terastallize|p1a: WinJustiφ'sThePlay|Fairy
|move|p1a: WinJustiφ'sThePlay|Moonblast|p2a: Moltres
|-resisted|p2a: Moltres
|-damage|p2a: Moltres|0 fnt
|faint|p2a: Moltres
|
|upkeep
|
|t:|1781275565
|switch|p2a: Excadrill|Excadrill, M|100/100
|-damage|p2a: Excadrill|97/100|[from] Stealth Rock
|-item|p2a: Excadrill|Air Balloon
|turn|13
|
|t:|1781275572
|-end|p1a: WinJustiφ'sThePlay|Quark Drive|[silent]
|switch|p1a: WhoCouldBeMyMother|Mandibuzz, F|100/100
|move|p2a: Excadrill|Rapid Spin|p1a: WhoCouldBeMyMother
|-damage|p1a: WhoCouldBeMyMother|89/100
|-boost|p2a: Excadrill|spe|1
|-sideend|p2: databricks|Stealth Rock|[from] move: Rapid Spin|[of] p2a: Excadrill
|
|upkeep
|turn|14
|j| angel engine
|
|t:|1781275576
|switch|p2a: Keldeo|Keldeo|100/100
|move|p1a: WhoCouldBeMyMother|Foul Play|p2a: Keldeo
|-resisted|p2a: Keldeo
|-damage|p2a: Keldeo|87/100
|-damage|p1a: WhoCouldBeMyMother|73/100|[from] item: Rocky Helmet|[of] p2a: Keldeo
|-ability|p2a: Keldeo|Justified|boost
|-boost|p2a: Keldeo|atk|1
|
|upkeep
|turn|15
|l| angel engine
|
|t:|1781275580
|switch|p1a: TIME OUT|Alomomola, L99, F|100/100
|-damage|p1a: TIME OUT|88/100|[from] Stealth Rock
|move|p2a: Keldeo|Flip Turn|p1a: TIME OUT
|-resisted|p1a: TIME OUT
|-damage|p1a: TIME OUT|81/100
|
|t:|1781275584
|switch|p2a: Sinistcha|Sinistcha|61/100|[from] Flip Turn
|
|upkeep
|turn|16
|
|t:|1781275589
|move|p2a: Sinistcha|Calm Mind|p2a: Sinistcha
|-boost|p2a: Sinistcha|spa|1
|-boost|p2a: Sinistcha|spd|1
|move|p1a: TIME OUT|Flip Turn|p2a: Sinistcha
|-resisted|p2a: Sinistcha
|-damage|p2a: Sinistcha|55/100
|
|t:|1781275592
|switch|p1a: lens tinting over|Lokix, M, shiny|100/100|[from] Flip Turn
|-damage|p1a: lens tinting over|76/100|[from] Stealth Rock
|
|upkeep
|turn|17
|
|t:|1781275597
|-terastallize|p2a: Sinistcha|Poison
|move|p1a: lens tinting over|U-turn|p2a: Sinistcha
|-resisted|p2a: Sinistcha
|-damage|p2a: Sinistcha|20/100
|
|t:|1781275599
|switch|p1a: Faint or Alive|Gholdengo|23/100|[from] U-turn
|-damage|p1a: Faint or Alive|17/100|[from] Stealth Rock
|move|p2a: Sinistcha|Strength Sap|p1a: Faint or Alive
|-immune|p1a: Faint or Alive|[from] ability: Good as Gold
|
|upkeep
|turn|18
|j| biryanilover
|
|t:|1781275602
|switch|p2a: Tyranitar|Tyranitar, F|72/100
|-weather|Sandstorm|[from] ability: Sand Stream|[of] p2a: Tyranitar
|move|p1a: Faint or Alive|Make It Rain|p2a: Tyranitar
|-supereffective|p2a: Tyranitar
|-damage|p2a: Tyranitar|0 fnt
|-unboost|p1a: Faint or Alive|spa|1
|faint|p2a: Tyranitar
|
|-weather|Sandstorm|[upkeep]
|upkeep
|
|t:|1781275605
|switch|p2a: Excadrill|Excadrill, M|97/100
|-item|p2a: Excadrill|Air Balloon
|turn|19
|
|t:|1781275607
|move|p2a: Excadrill|Swords Dance|p2a: Excadrill
|-boost|p2a: Excadrill|atk|2
|move|p1a: Faint or Alive|Make It Rain|p2a: Excadrill
|-resisted|p2a: Excadrill
|-damage|p2a: Excadrill|71/100
|-unboost|p1a: Faint or Alive|spa|1
|-enditem|p2a: Excadrill|Air Balloon
|
|-weather|Sandstorm|[upkeep]
|upkeep
|turn|20
|
|t:|1781275611
|move|p2a: Excadrill|Swords Dance|p2a: Excadrill
|-boost|p2a: Excadrill|atk|2
|move|p1a: Faint or Alive|Make It Rain|p2a: Excadrill
|-resisted|p2a: Excadrill
|-damage|p2a: Excadrill|50/100
|-unboost|p1a: Faint or Alive|spa|1
|
|-weather|Sandstorm|[upkeep]
|upkeep
|turn|21
|j| angel engine
|
|t:|1781275613
|move|p2a: Excadrill|Rock Slide|p1a: Faint or Alive
|-resisted|p1a: Faint or Alive
|-damage|p1a: Faint or Alive|0 fnt
|faint|p1a: Faint or Alive
|
|-weather|Sandstorm|[upkeep]
|upkeep
|
|t:|1781275615
|switch|p1a: lens tinting over|Lokix, M, shiny|76/100
|-damage|p1a: lens tinting over|51/100|[from] Stealth Rock
|turn|22
|
|t:|1781275618
|switch|p2a: Keldeo|Keldeo|87/100
|move|p1a: lens tinting over|First Impression|p2a: Keldeo
|-resisted|p2a: Keldeo
|-damage|p2a: Keldeo|17/100
|-damage|p1a: lens tinting over|34/100|[from] item: Rocky Helmet|[of] p2a: Keldeo
|
|-weather|none
|upkeep
|turn|23
|
|t:|1781275621
|switch|p1a: TIME OUT|Alomomola, L99, F|100/100
|-damage|p1a: TIME OUT|88/100|[from] Stealth Rock
|move|p2a: Keldeo|Pain Split|p1a: TIME OUT
|-sethp|p1a: TIME OUT|50/100|[from] move: Pain Split|[silent]
|-sethp|p2a: Keldeo|73/100|[from] move: Pain Split
|
|upkeep
|turn|24
|
|t:|1781275624
|move|p2a: Keldeo|Aura Sphere|p1a: TIME OUT
|-damage|p1a: TIME OUT|28/100
|move|p1a: TIME OUT|Flip Turn|p2a: Keldeo
|-resisted|p2a: Keldeo
|-damage|p2a: Keldeo|64/100
|-damage|p1a: TIME OUT|12/100|[from] item: Rocky Helmet|[of] p2a: Keldeo
|
|t:|1781275626
|switch|p1a: WinJustiφ'sThePlay|Iron Valiant, shiny, tera:Fairy|44/100|[from] Flip Turn
|-damage|p1a: WinJustiφ'sThePlay|32/100|[from] Stealth Rock
|
|upkeep
|turn|25
|
|t:|1781275631
|switch|p2a: Sinistcha|Sinistcha, tera:Poison|20/100
|move|p1a: WinJustiφ'sThePlay|Moonblast|p2a: Sinistcha
|-resisted|p2a: Sinistcha
|-damage|p2a: Sinistcha|0 fnt
|faint|p2a: Sinistcha
|
|upkeep
|
|t:|1781275641
|switch|p2a: Excadrill|Excadrill, M|50/100
|turn|26
|
|t:|1781275646
|move|p1a: WinJustiφ'sThePlay|Moonblast|p2a: Excadrill
|-resisted|p2a: Excadrill
|-damage|p2a: Excadrill|0 fnt
|faint|p2a: Excadrill
|
|upkeep
|c|☆databricks|gg
|c|☆Noamm|Gg
|-message|databricks forfeited.
|
|win|Noamm
|raw|Noamm's rating: 1813 &rarr; <strong>1834</strong><br />(+21 for winning)
|raw|databricks's rating: 1824 &rarr; <strong>1803</strong><br />(-21 for losing)
|l|☆databricks
|player|p2|
|l|☆Noamm
|player|p1|
|l| sylvr7070
|l| OUZQ Crocodile
|l| biryanilover
|j| hindus curry
