|j|☆Steez Ibanez
|j|☆pls game
|t:|1781490966
|gametype|singles
|player|p1|Steez Ibanez|willow-casual|1695
|player|p2|pls game|cynthia-masters4|1723
|gen|9
|tier|[Gen 9] OU
|rated|
|rule|HP Percentage Mod: HP is shown in percentages
|rule|Endless Battle Clause: Forcing endless battles is banned
|rule|Species Clause: Limit one of each Pokémon
|rule|OHKO Clause: OHKO moves are banned
|rule|Evasion Items Clause: Evasion items are banned
|rule|Evasion Moves Clause: Evasion moves are banned
|rule|Evasion Abilities Clause: Evasion abilities are banned
|rule|Sleep Moves Clause: Sleep-inducing moves are banned
|clearpoke
|poke|p1|Kyurem|
|poke|p1|Ceruledge, F|
|poke|p1|Hatterene, F|
|poke|p1|Landorus-Therian, M|
|poke|p1|Kingambit, M|
|poke|p1|Zamazenta-*|
|poke|p2|Slowking-Galar, F|
|poke|p2|Landorus-Therian, M|
|poke|p2|Kyurem|
|poke|p2|Iron Valiant|
|poke|p2|Cinderace, F|
|poke|p2|Kingambit, F|
|teampreview
|inactive|Battle timer is ON: inactive players will automatically lose when time's up. (requested by pls game)
|j| nesnot
|
|t:|1781490994
|teamsize|p1|6
|teamsize|p2|6
|start
|switch|p1a: Kyurem|Kyurem|100/100
|switch|p2a: Slowking|Slowking-Galar, F|100/100
|-ability|p1a: Kyurem|Pressure
|turn|1
|
|t:|1781491002
|move|p1a: Kyurem|Dragon Dance|p1a: Kyurem
|-boost|p1a: Kyurem|atk|1
|-boost|p1a: Kyurem|spe|1
|move|p2a: Slowking|Toxic|p1a: Kyurem
|-status|p1a: Kyurem|tox
|
|-damage|p1a: Kyurem|94/100 tox|[from] psn
|upkeep
|turn|2
|inactive|pls game has 120 seconds left.
|
|t:|1781491047
|move|p1a: Kyurem|Icicle Spear|p2a: Slowking
|-damage|p2a: Slowking|84/100
|-damage|p2a: Slowking|64/100
|-damage|p2a: Slowking|47/100
|-damage|p2a: Slowking|28/100
|-hitcount|p2a: Slowking|4
|-prepare|p2a: Slowking|Chilly Reception|[premajor]
|move|p2a: Slowking|Chilly Reception|p2a: Slowking
|-weather|Snowscape
|
|t:|1781491050
|switch|p2a: Iron Valiant|Iron Valiant|100/100|[from] Chilly Reception
|-enditem|p2a: Iron Valiant|Booster Energy
|-activate|p2a: Iron Valiant|ability: Quark Drive|[fromitem]
|-start|p2a: Iron Valiant|quarkdrivespe
|
|-weather|Snowscape|[upkeep]
|-damage|p1a: Kyurem|82/100 tox|[from] psn
|upkeep
|turn|3
|
|t:|1781491056
|move|p2a: Iron Valiant|Moonblast|p1a: Kyurem
|-supereffective|p1a: Kyurem
|-damage|p1a: Kyurem|0 fnt
|faint|p1a: Kyurem
|
|-weather|Snowscape|[upkeep]
|upkeep
|
|t:|1781491058
|switch|p1a: Ceruledge|Ceruledge, F|100/100
|turn|4
|
|t:|1781491063
|move|p2a: Iron Valiant|Moonblast|p1a: Ceruledge
|-resisted|p1a: Ceruledge
|-damage|p1a: Ceruledge|72/100
|-unboost|p1a: Ceruledge|spa|1
|move|p1a: Ceruledge|Bitter Blade|p2a: Iron Valiant
|-damage|p2a: Iron Valiant|14/100
|-heal|p1a: Ceruledge|100/100|[from] drain|[of] p2a: Iron Valiant
|-damage|p1a: Ceruledge|91/100|[from] item: Life Orb
|
|-weather|Snowscape|[upkeep]
|upkeep
|turn|5
|j| BiscoitoXDBr
|
|t:|1781491077
|-end|p2a: Iron Valiant|Quark Drive|[silent]
|switch|p2a: Landorus|Landorus-Therian, M|100/100
|-ability|p2a: Landorus|Intimidate|boost
|-unboost|p1a: Ceruledge|atk|1
|move|p1a: Ceruledge|Shadow Sneak|p2a: Landorus
|-damage|p2a: Landorus|81/100
|-damage|p1a: Ceruledge|74/100|[from] item: Rocky Helmet|[of] p2a: Landorus
|-damage|p1a: Ceruledge|65/100|[from] item: Life Orb
|
|-weather|Snowscape|[upkeep]
|upkeep
|turn|6
|
|t:|1781491088
|switch|p1a: Landorus|Landorus-Therian, M|100/100
|-ability|p1a: Landorus|Intimidate|boost
|-unboost|p2a: Landorus|atk|1
|move|p2a: Landorus|Earthquake|p1a: Landorus
|-immune|p1a: Landorus
|
|-weather|none
|upkeep
|turn|7
|
|t:|1781491091
|switch|p1a: Hatterene|Hatterene, F|100/100
|switch|p2a: Kyurem|Kyurem|100/100
|-ability|p2a: Kyurem|Pressure
|
|upkeep
|turn|8
|
|t:|1781491106
|switch|p2a: Slowking|Slowking-Galar, F|62/100
|move|p1a: Hatterene|Nuzzle|p2a: Slowking
|-damage|p2a: Slowking|57/100
|-status|p2a: Slowking|par
|
|upkeep
|turn|9
|
|t:|1781491109
|move|p1a: Hatterene|Psychic Noise|p2a: Slowking
|-damage|p2a: Slowking|39/100 par
|-start|p2a: Slowking|move: Heal Block
|-prepare|p2a: Slowking|Chilly Reception|[premajor]
|move|p2a: Slowking|Chilly Reception|p2a: Slowking
|-weather|Snowscape
|
|t:|1781491132
|switch|p2a: Kyurem|Kyurem|100/100|[from] Chilly Reception
|-ability|p2a: Kyurem|Pressure
|
|-weather|Snowscape|[upkeep]
|upkeep
|turn|10
|
|t:|1781491140
|-terastallize|p2a: Kyurem|Ice
|-terastallize|p1a: Hatterene|Water
|move|p2a: Kyurem|Blizzard|p1a: Hatterene
|-resisted|p1a: Hatterene
|-damage|p1a: Hatterene|37/100
|move|p1a: Hatterene|Nuzzle|p2a: Kyurem
|-damage|p2a: Kyurem|98/100
|-status|p2a: Kyurem|par
|
|-weather|Snowscape|[upkeep]
|upkeep
|turn|11
|
|t:|1781491146
|cant|p2a: Kyurem|par
|move|p1a: Hatterene|Pain Split|p2a: Kyurem
|-sethp|p2a: Kyurem|64/100 par|[from] move: Pain Split|[silent]
|-sethp|p1a: Hatterene|78/100|[from] move: Pain Split
|
|-weather|Snowscape|[upkeep]
|upkeep
|turn|12
|
|t:|1781491151
|move|p2a: Kyurem|Blizzard|p1a: Hatterene
|-resisted|p1a: Hatterene
|-damage|p1a: Hatterene|15/100
|move|p1a: Hatterene|Psychic Noise|p2a: Kyurem
|-damage|p2a: Kyurem|34/100 par
|-start|p2a: Kyurem|move: Heal Block
|
|-weather|Snowscape|[upkeep]
|upkeep
|turn|13
|
|t:|1781491155
|cant|p2a: Kyurem|par
|move|p1a: Hatterene|Draining Kiss|p2a: Kyurem
|-damage|p2a: Kyurem|11/100 par
|-heal|p1a: Hatterene|36/100|[from] drain|[of] p2a: Kyurem
|
|-weather|none
|-end|p2a: Kyurem|move: Heal Block
|upkeep
|turn|14
|
|t:|1781491157
|move|p2a: Kyurem|Blizzard|p1a: Hatterene
|-resisted|p1a: Hatterene
|-damage|p1a: Hatterene|0 fnt
|faint|p1a: Hatterene
|
|upkeep
|
|t:|1781491159
|switch|p1a: Ceruledge|Ceruledge, F|65/100
|turn|15
|
|t:|1781491163
|move|p1a: Ceruledge|Bitter Blade|p2a: Kyurem
|-supereffective|p2a: Kyurem
|-damage|p2a: Kyurem|0 fnt
|-heal|p1a: Ceruledge|71/100|[from] drain|[of] p2a: Kyurem
|faint|p2a: Kyurem
|-damage|p1a: Ceruledge|62/100|[from] item: Life Orb
|
|upkeep
|
|t:|1781491170
|switch|p2a: Landorus|Landorus-Therian, M|81/100
|-ability|p2a: Landorus|Intimidate|boost
|-unboost|p1a: Ceruledge|atk|1
|turn|16
|
|t:|1781491196
|move|p2a: Landorus|Taunt|p1a: Ceruledge
|-start|p1a: Ceruledge|move: Taunt
|move|p1a: Ceruledge|Poltergeist|p2a: Landorus
|-activate|p2a: Landorus|move: Poltergeist|Rocky Helmet
|-damage|p2a: Landorus|27/100
|-damage|p1a: Ceruledge|52/100|[from] item: Life Orb
|
|upkeep
|turn|17
|
|t:|1781491204
|switch|p1a: Landorus|Landorus-Therian, M|100/100
|-ability|p1a: Landorus|Intimidate|boost
|-unboost|p2a: Landorus|atk|1
|move|p2a: Landorus|Stealth Rock|p1a: Landorus
|-sidestart|p1: Steez Ibanez|move: Stealth Rock
|
|upkeep
|turn|18
|l| BiscoitoXDBr
|
|t:|1781491206
|move|p2a: Landorus|Taunt|p1a: Landorus
|-start|p1a: Landorus|move: Taunt
|cant|p1a: Landorus|move: Taunt|Stealth Rock
|
|upkeep
|turn|19
|
|t:|1781491223
|move|p2a: Landorus|U-turn|p1a: Landorus
|-resisted|p1a: Landorus
|-damage|p1a: Landorus|91/100
|-damage|p2a: Landorus|10/100|[from] item: Rocky Helmet|[of] p1a: Landorus
|
|t:|1781491230
|switch|p2a: Iron Valiant|Iron Valiant|14/100|[from] U-turn
|move|p1a: Landorus|Earth Power|p2a: Iron Valiant
|-damage|p2a: Iron Valiant|0 fnt
|faint|p2a: Iron Valiant
|-end|p2a: Iron Valiant|Quark Drive|[silent]
|
|upkeep
|
|t:|1781491243
|switch|p2a: Slowking|Slowking-Galar, F|72/100 par
|turn|20
|
|t:|1781491249
|move|p1a: Landorus|Earth Power|p2a: Slowking
|-supereffective|p2a: Slowking
|-damage|p2a: Slowking|23/100 par
|move|p2a: Slowking|Toxic|p1a: Landorus
|-status|p1a: Landorus|tox
|
|-damage|p1a: Landorus|85/100 tox|[from] psn
|-end|p1a: Landorus|move: Taunt
|upkeep
|turn|21
|
|t:|1781491254
|switch|p2a: Landorus|Landorus-Therian, M|10/100
|-ability|p2a: Landorus|Intimidate|boost
|-unboost|p1a: Landorus|atk|1
|move|p1a: Landorus|Stealth Rock|p2a: Landorus
|-sidestart|p2: pls game|move: Stealth Rock
|
|-damage|p1a: Landorus|72/100 tox|[from] psn
|upkeep
|turn|22
|
|t:|1781491262
|move|p2a: Landorus|Earthquake|p1a: Landorus
|-immune|p1a: Landorus
|move|p1a: Landorus|U-turn|p2a: Landorus
|-resisted|p2a: Landorus
|-damage|p2a: Landorus|4/100
|-damage|p1a: Landorus|56/100 tox|[from] item: Rocky Helmet|[of] p2a: Landorus
|
|t:|1781491279
|switch|p1a: Zamazenta|Zamazenta|100/100|[from] U-turn
|-damage|p1a: Zamazenta|95/100|[from] Stealth Rock
|-ability|p1a: Zamazenta|Dauntless Shield|boost
|-boost|p1a: Zamazenta|def|1
|
|-heal|p1a: Zamazenta|100/100|[from] item: Leftovers
|upkeep
|turn|23
|
|t:|1781491288
|move|p1a: Zamazenta|Iron Defense|p1a: Zamazenta
|-boost|p1a: Zamazenta|def|2
|move|p2a: Landorus|Taunt|p1a: Zamazenta
|-start|p1a: Zamazenta|move: Taunt
|
|upkeep
|turn|24
|
|t:|1781491291
|move|p1a: Zamazenta|Body Press|p2a: Landorus
|-resisted|p2a: Landorus
|-damage|p2a: Landorus|0 fnt
|-damage|p1a: Zamazenta|84/100|[from] item: Rocky Helmet|[of] p2a: Landorus
|faint|p2a: Landorus
|
|-heal|p1a: Zamazenta|90/100|[from] item: Leftovers
|upkeep
|
|t:|1781491297
|switch|p2a: Slowking|Slowking-Galar, F|56/100 par
|turn|25
|
|t:|1781491310
|move|p1a: Zamazenta|Crunch|p2a: Slowking
|-supereffective|p2a: Slowking
|-damage|p2a: Slowking|13/100 par
|move|p2a: Slowking|Toxic|p1a: Zamazenta
|-status|p1a: Zamazenta|tox
|
|-heal|p1a: Zamazenta|96/100 tox|[from] item: Leftovers
|-damage|p1a: Zamazenta|90/100 tox|[from] psn
|upkeep
|turn|26
|
|t:|1781491327
|switch|p2a: Kingambit|Kingambit, F|100/100
|-damage|p2a: Kingambit|94/100|[from] Stealth Rock
|-activate|p2a: Kingambit|ability: Supreme Overlord
|-start|p2a: Kingambit|fallen3|[silent]
|move|p1a: Zamazenta|Crunch|p2a: Kingambit
|-resisted|p2a: Kingambit
|-damage|p2a: Kingambit|87/100
|
|-heal|p1a: Zamazenta|96/100 tox|[from] item: Leftovers
|-heal|p2a: Kingambit|93/100|[from] item: Leftovers
|-damage|p1a: Zamazenta|84/100 tox|[from] psn
|-end|p1a: Zamazenta|move: Taunt
|upkeep
|turn|27
|
|t:|1781491347
|move|p1a: Zamazenta|Body Press|p2a: Kingambit
|-supereffective|p2a: Kingambit
|-damage|p2a: Kingambit|0 fnt
|faint|p2a: Kingambit
|-end|p2a: Kingambit|fallen3|[silent]
|
|-heal|p1a: Zamazenta|90/100 tox|[from] item: Leftovers
|-damage|p1a: Zamazenta|72/100 tox|[from] psn
|upkeep
|
|t:|1781491354
|switch|p2a: Slowking|Slowking-Galar, F|47/100 par
|turn|28
|l| nesnot
|
|t:|1781491356
|move|p1a: Zamazenta|Crunch|p2a: Slowking
|-supereffective|p2a: Slowking
|-damage|p2a: Slowking|6/100 par
|-prepare|p2a: Slowking|Chilly Reception|[premajor]
|cant|p2a: Slowking|par
|
|-heal|p1a: Zamazenta|78/100 tox|[from] item: Leftovers
|-damage|p1a: Zamazenta|54/100 tox|[from] psn
|upkeep
|turn|29
|
|t:|1781491361
|move|p1a: Zamazenta|Crunch|p2a: Slowking
|-supereffective|p2a: Slowking
|-damage|p2a: Slowking|0 fnt
|faint|p2a: Slowking
|
|-heal|p1a: Zamazenta|60/100 tox|[from] item: Leftovers
|-damage|p1a: Zamazenta|30/100 tox|[from] psn
|upkeep
|
|t:|1781491363
|switch|p2a: Cinderace|Cinderace, F|100/100
|turn|30
|
|t:|1781491368
|move|p1a: Zamazenta|Body Press|p2a: Cinderace
|-damage|p2a: Cinderace|0 fnt
|faint|p2a: Cinderace
|
|win|Steez Ibanez
|raw|Steez Ibanez's rating: 1695 &rarr; <strong>1717</strong><br />(+22 for winning)
|raw|pls game's rating: 1723 &rarr; <strong>1701</strong><br />(-22 for losing)
|l|☆pls game
|player|p2|
|l|☆Steez Ibanez
|player|p1|
