|j|☆ja hoi
|j|‽LT_Alt1
|t:|1781081030
|gametype|singles
|player|p1|ja hoi|101|1619
|player|p2|LT_Alt1|265|1791
|gen|9
|tier|[Gen 9] OU
|rated|
|rule|HP Percentage Mod: HP is shown in percentages
|rule|Endless Battle Clause: Forcing endless battles is banned
|rule|Species Clause: Limit one of each Pokémon
|rule|OHKO Clause: OHKO moves are banned
|rule|Evasion Items Clause: Evasion items are banned
|rule|Evasion Moves Clause: Evasion moves are banned
|rule|Evasion Abilities Clause: Evasion abilities are banned
|rule|Sleep Moves Clause: Sleep-inducing moves are banned
|clearpoke
|poke|p1|Quaquaval, F|
|poke|p1|Zamazenta-*|
|poke|p1|Dragapult, M|
|poke|p1|Garganacl, M|
|poke|p1|Grimmsnarl, M|
|poke|p1|Iron Moth|
|poke|p2|Kyurem|
|poke|p2|Raging Bolt|
|poke|p2|Hatterene, F|
|poke|p2|Slowking-Galar, M|
|poke|p2|Ting-Lu|
|poke|p2|Corviknight, M|
|teampreview
|inactive|Battle timer is ON: inactive players will automatically lose when time's up. (requested by ja hoi)
|
|t:|1781081060
|teamsize|p1|6
|teamsize|p2|6
|start
|switch|p1a: Grimmsnarl|Grimmsnarl, M|100/100
|switch|p2a: Slowking|Slowking-Galar, M|100/100
|turn|1
|
|t:|1781081088
|move|p1a: Grimmsnarl|Taunt|p2a: Slowking
|-start|p2a: Slowking|move: Taunt
|move|p2a: Slowking|Sludge Bomb|p1a: Grimmsnarl
|-supereffective|p1a: Grimmsnarl
|-damage|p1a: Grimmsnarl|50/100
|
|upkeep
|turn|2
|inactive|ja hoi has 120 seconds left.
|
|t:|1781081111
|move|p1a: Grimmsnarl|Light Screen|p1a: Grimmsnarl
|-sidestart|p1: ja hoi|move: Light Screen
|move|p2a: Slowking|Sludge Bomb|p1a: Grimmsnarl
|-supereffective|p1a: Grimmsnarl
|-damage|p1a: Grimmsnarl|25/100
|-status|p1a: Grimmsnarl|psn
|
|-damage|p1a: Grimmsnarl|13/100 psn|[from] psn
|upkeep
|turn|3
|inactive|ja hoi has 120 seconds left.
|
|t:|1781081119
|move|p1a: Grimmsnarl|Reflect|p1a: Grimmsnarl
|-sidestart|p1: ja hoi|Reflect
|move|p2a: Slowking|Future Sight|p1a: Grimmsnarl
|-start|p2a: Slowking|move: Future Sight
|
|-damage|p1a: Grimmsnarl|0 fnt|[from] psn
|faint|p1a: Grimmsnarl
|-end|p2a: Slowking|move: Taunt
|upkeep
|inactive|ja hoi has 120 seconds left.
|
|t:|1781081125
|switch|p1a: Dragapult|Dragapult, M|100/100
|turn|4
|
|t:|1781081129
|move|p1a: Dragapult|Dragon Dance|p1a: Dragapult
|-boost|p1a: Dragapult|atk|1
|-boost|p1a: Dragapult|spe|1
|-prepare|p2a: Slowking|Chilly Reception|[premajor]
|move|p2a: Slowking|Chilly Reception|p2a: Slowking
|-weather|Snowscape
|
|t:|1781081132
|switch|p2a: Ting-Lu|Ting-Lu|100/100|[from] Chilly Reception
|-ability|p2a: Ting-Lu|Vessel of Ruin
|
|-weather|Snowscape|[upkeep]
|upkeep
|turn|5
|inactive|ja hoi has 120 seconds left.
|
|t:|1781081165
|move|p1a: Dragapult|Dragon Darts|p2a: Ting-Lu
|-damage|p2a: Ting-Lu|82/100
|-anim|p1a: Dragapult|Dragon Darts|p2a: Ting-Lu
|-crit|p2a: Ting-Lu
|-damage|p2a: Ting-Lu|52/100
|move|p2a: Ting-Lu|Whirlwind|p1a: Dragapult
|drag|p1a: Garganacl|Garganacl, M|100/100
|
|-weather|Snowscape|[upkeep]
|-end|p1a: Garganacl|move: Future Sight
|-damage|p1a: Garganacl|90/100
|-heal|p2a: Ting-Lu|59/100|[from] item: Leftovers
|-heal|p1a: Garganacl|96/100|[from] item: Leftovers
|upkeep
|turn|6
|inactive|ja hoi has 120 seconds left.
|
|t:|1781081177
|move|p2a: Ting-Lu|Stealth Rock|p1a: Garganacl
|-sidestart|p1: ja hoi|move: Stealth Rock
|move|p1a: Garganacl|Salt Cure|p2a: Ting-Lu
|-resisted|p2a: Ting-Lu
|-damage|p2a: Ting-Lu|55/100
|-start|p2a: Ting-Lu|Salt Cure
|
|-weather|Snowscape|[upkeep]
|-heal|p2a: Ting-Lu|61/100|[from] item: Leftovers
|-heal|p1a: Garganacl|100/100|[from] item: Leftovers
|-damage|p2a: Ting-Lu|49/100|[from] Salt Cure
|upkeep
|turn|7
|inactive|ja hoi has 120 seconds left.
|
|t:|1781081196
|switch|p2a: Hatterene|Hatterene, F|100/100
|move|p1a: Garganacl|Body Press|p2a: Hatterene
|-resisted|p2a: Hatterene
|-damage|p2a: Hatterene|95/100
|
|-weather|Snowscape|[upkeep]
|-heal|p2a: Hatterene|100/100|[from] item: Leftovers
|upkeep
|turn|8
|
|t:|1781081215
|switch|p2a: Slowking|Slowking-Galar, M|100/100
|move|p1a: Garganacl|Salt Cure|p2a: Slowking
|-damage|p2a: Slowking|88/100
|-start|p2a: Slowking|Salt Cure
|
|-weather|none
|-damage|p2a: Slowking|76/100|[from] Salt Cure
|upkeep
|turn|9
|
|t:|1781081224
|move|p1a: Garganacl|Salt Cure|p2a: Slowking
|-damage|p2a: Slowking|63/100
|move|p2a: Slowking|Future Sight|p1a: Garganacl
|-start|p2a: Slowking|move: Future Sight
|
|-damage|p2a: Slowking|50/100|[from] Salt Cure
|-sideend|p1: ja hoi|move: Light Screen
|upkeep
|turn|10
|
|t:|1781081240
|move|p1a: Garganacl|Salt Cure|p2a: Slowking
|-damage|p2a: Slowking|37/100
|-prepare|p2a: Slowking|Chilly Reception|[premajor]
|move|p2a: Slowking|Chilly Reception|p2a: Slowking
|-weather|Snowscape
|
|t:|1781081244
|switch|p2a: Ting-Lu|Ting-Lu|49/100|[from] Chilly Reception
|-ability|p2a: Ting-Lu|Vessel of Ruin
|
|-weather|Snowscape|[upkeep]
|-heal|p2a: Ting-Lu|55/100|[from] item: Leftovers
|-sideend|p1: ja hoi|Reflect
|upkeep
|turn|11
|
|t:|1781081269
|move|p2a: Ting-Lu|Earthquake|p1a: Garganacl
|-supereffective|p1a: Garganacl
|-damage|p1a: Garganacl|52/100
|move|p1a: Garganacl|Body Press|p2a: Ting-Lu
|-supereffective|p2a: Ting-Lu
|-damage|p2a: Ting-Lu|32/100
|
|-weather|Snowscape|[upkeep]
|-end|p1a: Garganacl|move: Future Sight
|-damage|p1a: Garganacl|30/100
|-heal|p2a: Ting-Lu|38/100|[from] item: Leftovers
|-heal|p1a: Garganacl|36/100|[from] item: Leftovers
|upkeep
|turn|12
|
|t:|1781081280
|move|p2a: Ting-Lu|Earthquake|p1a: Garganacl
|-supereffective|p1a: Garganacl
|-damage|p1a: Garganacl|0 fnt
|faint|p1a: Garganacl
|
|-weather|Snowscape|[upkeep]
|-heal|p2a: Ting-Lu|45/100|[from] item: Leftovers
|upkeep
|
|t:|1781081287
|switch|p1a: Zamazenta|Zamazenta|100/100
|-damage|p1a: Zamazenta|94/100|[from] Stealth Rock
|-ability|p1a: Zamazenta|Dauntless Shield|boost
|-boost|p1a: Zamazenta|def|1
|turn|13
|
|t:|1781081297
|switch|p2a: Hatterene|Hatterene, F|100/100
|move|p1a: Zamazenta|Body Press|p2a: Hatterene
|-resisted|p2a: Hatterene
|-damage|p2a: Hatterene|89/100
|
|-weather|Snowscape|[upkeep]
|-heal|p1a: Zamazenta|100/100|[from] item: Leftovers
|-heal|p2a: Hatterene|95/100|[from] item: Leftovers
|upkeep
|turn|14
|inactive|ja hoi has 90 seconds left.
|
|t:|1781081341
|move|p1a: Zamazenta|Crunch|p2a: Hatterene
|-damage|p2a: Hatterene|75/100
|-unboost|p2a: Hatterene|def|1
|move|p2a: Hatterene|Nuzzle|p1a: Zamazenta
|-damage|p1a: Zamazenta|99/100
|-status|p1a: Zamazenta|par
|
|-weather|none
|-heal|p1a: Zamazenta|100/100 par|[from] item: Leftovers
|-heal|p2a: Hatterene|81/100|[from] item: Leftovers
|upkeep
|turn|15
|j| fsdzfsedfdgs
|
|t:|1781081351
|switch|p2a: Raging Bolt|Raging Bolt|100/100
|cant|p1a: Zamazenta|par
|
|upkeep
|turn|16
|
|t:|1781081364
|-end|p2a: Raging Bolt|Protosynthesis|[silent]
|switch|p2a: Hatterene|Hatterene, F|81/100
|move|p1a: Zamazenta|Body Press|p2a: Hatterene
|-resisted|p2a: Hatterene
|-damage|p2a: Hatterene|70/100
|
|-heal|p2a: Hatterene|76/100|[from] item: Leftovers
|upkeep
|turn|17
|
|t:|1781081372
|cant|p1a: Zamazenta|par
|move|p2a: Hatterene|Dazzling Gleam|p1a: Zamazenta
|-supereffective|p1a: Zamazenta
|-damage|p1a: Zamazenta|43/100 par
|
|-heal|p1a: Zamazenta|49/100 par|[from] item: Leftovers
|-heal|p2a: Hatterene|82/100|[from] item: Leftovers
|upkeep
|turn|18
|
|t:|1781081381
|cant|p1a: Zamazenta|par
|move|p2a: Hatterene|Dazzling Gleam|p1a: Zamazenta
|-supereffective|p1a: Zamazenta
|-damage|p1a: Zamazenta|0 fnt
|faint|p1a: Zamazenta
|
|-heal|p2a: Hatterene|88/100|[from] item: Leftovers
|upkeep
|c|☆ja hoi|nice
|
|t:|1781081400
|switch|p1a: Dragapult|Dragapult, M|100/100
|-damage|p1a: Dragapult|88/100|[from] Stealth Rock
|turn|19
|
|t:|1781081423
|-terastallize|p1a: Dragapult|Ghost
|move|p1a: Dragapult|Phantom Force||[still]
|-prepare|p1a: Dragapult|Phantom Force
|move|p2a: Hatterene|Nuzzle|p1a: Dragapult|[miss]
|-miss|p2a: Hatterene|p1a: Dragapult
|
|-heal|p1a: Dragapult|94/100|[from] item: Leftovers
|-heal|p2a: Hatterene|94/100|[from] item: Leftovers
|upkeep
|turn|20
|inactive|ja hoi has 90 seconds left.
|inactive|LT_Alt1 has 120 seconds left.
|
|t:|1781081448
|switch|p2a: Ting-Lu|Ting-Lu|45/100
|-ability|p2a: Ting-Lu|Vessel of Ruin
|move|p1a: Dragapult|Phantom Force|p2a: Ting-Lu|[from] lockedmove
|-resisted|p2a: Ting-Lu
|-damage|p2a: Ting-Lu|28/100
|
|-heal|p1a: Dragapult|99/100|[from] item: Leftovers
|-heal|p2a: Ting-Lu|35/100|[from] item: Leftovers
|upkeep
|turn|21
|inactive|ja hoi has 90 seconds left.
|
|t:|1781081458
|move|p1a: Dragapult|Dragon Darts|p2a: Ting-Lu
|-damage|p2a: Ting-Lu|22/100
|-anim|p1a: Dragapult|Dragon Darts|p2a: Ting-Lu
|-damage|p2a: Ting-Lu|9/100
|move|p2a: Ting-Lu|Ruination|p1a: Dragapult
|-damage|p1a: Dragapult|50/100
|
|-heal|p1a: Dragapult|56/100|[from] item: Leftovers
|-heal|p2a: Ting-Lu|15/100|[from] item: Leftovers
|upkeep
|turn|22
|inactive|ja hoi has 90 seconds left.
|
|t:|1781081469
|move|p1a: Dragapult|Dragon Darts|p2a: Ting-Lu
|-damage|p2a: Ting-Lu|1/100
|-anim|p1a: Dragapult|Dragon Darts|p2a: Ting-Lu
|-damage|p2a: Ting-Lu|0 fnt
|faint|p2a: Ting-Lu
|
|-heal|p1a: Dragapult|62/100|[from] item: Leftovers
|upkeep
|inactive|LT_Alt1 has 120 seconds left.
|
|t:|1781081500
|switch|p2a: Slowking|Slowking-Galar, M|71/100
|turn|23
|inactive|ja hoi has 90 seconds left.
|
|t:|1781081515
|switch|p2a: Hatterene|Hatterene, F|94/100
|move|p1a: Dragapult|Dragon Dance|p1a: Dragapult
|-boost|p1a: Dragapult|atk|1
|-boost|p1a: Dragapult|spe|1
|
|-heal|p1a: Dragapult|68/100|[from] item: Leftovers
|-heal|p2a: Hatterene|99/100|[from] item: Leftovers
|upkeep
|turn|24
|
|t:|1781081523
|-terastallize|p2a: Hatterene|Water
|move|p1a: Dragapult|Phantom Force||[still]
|-prepare|p1a: Dragapult|Phantom Force
|move|p2a: Hatterene|Nuzzle|p1a: Dragapult|[miss]
|-miss|p2a: Hatterene|p1a: Dragapult
|
|-heal|p1a: Dragapult|74/100|[from] item: Leftovers
|-heal|p2a: Hatterene|100/100|[from] item: Leftovers
|upkeep
|turn|25
|
|t:|1781081531
|move|p1a: Dragapult|Phantom Force|p2a: Hatterene|[from] lockedmove
|-damage|p2a: Hatterene|14/100
|move|p2a: Hatterene|Nuzzle|p1a: Dragapult
|-damage|p1a: Dragapult|70/100
|-status|p1a: Dragapult|par
|
|-heal|p1a: Dragapult|76/100 par|[from] item: Leftovers
|-heal|p2a: Hatterene|20/100|[from] item: Leftovers
|upkeep
|turn|26
|
|t:|1781081540
|cant|p1a: Dragapult|par
|move|p2a: Hatterene|Dazzling Gleam|p1a: Dragapult
|-damage|p1a: Dragapult|26/100 par
|
|-heal|p1a: Dragapult|32/100 par|[from] item: Leftovers
|-heal|p2a: Hatterene|26/100|[from] item: Leftovers
|upkeep
|turn|27
|c|☆ja hoi|jesus christ
|
|t:|1781081548
|move|p1a: Dragapult|Dragon Darts|p2a: Hatterene
|-damage|p2a: Hatterene|0 fnt
|faint|p2a: Hatterene
|
|-heal|p1a: Dragapult|38/100 par|[from] item: Leftovers
|upkeep
|c|☆ja hoi|25% triggering more often than not
|
|t:|1781081558
|switch|p2a: Kyurem|Kyurem|100/100
|-ability|p2a: Kyurem|Pressure
|turn|28
|
|t:|1781081562
|move|p1a: Dragapult|Sucker Punch|p2a: Kyurem
|-damage|p2a: Kyurem|63/100
|move|p2a: Kyurem|Freeze-Dry|p1a: Dragapult
|-damage|p1a: Dragapult|0 fnt
|faint|p1a: Dragapult
|
|upkeep
|
|t:|1781081568
|switch|p1a: Iron Moth|Iron Moth|100/100
|-damage|p1a: Iron Moth|76/100|[from] Stealth Rock
|-enditem|p1a: Iron Moth|Booster Energy
|-activate|p1a: Iron Moth|ability: Quark Drive|[fromitem]
|-start|p1a: Iron Moth|quarkdrivespa
|turn|29
|
|t:|1781081574
|switch|p2a: Slowking|Slowking-Galar, M|100/100
|move|p1a: Iron Moth|Fiery Dance|p2a: Slowking
|-damage|p2a: Slowking|56/100
|
|upkeep
|turn|30
|
|t:|1781081584
|move|p1a: Iron Moth|Fiery Dance|p2a: Slowking
|-damage|p2a: Slowking|16/100
|move|p2a: Slowking|Future Sight|p1a: Iron Moth
|-start|p2a: Slowking|move: Future Sight
|
|upkeep
|turn|31
|
|t:|1781081607
|move|p1a: Iron Moth|Fiery Dance|p2a: Slowking
|-damage|p2a: Slowking|0 fnt
|faint|p2a: Slowking
|
|upkeep
|
|t:|1781081611
|switch|p2a: Raging Bolt|Raging Bolt|100/100
|turn|32
|c|☆ja hoi|just great
|
|t:|1781081614
|move|p1a: Iron Moth|Sludge Wave|p2a: Raging Bolt
|-damage|p2a: Raging Bolt|61/100
|move|p2a: Raging Bolt|Volt Switch|p1a: Iron Moth
|-damage|p1a: Iron Moth|31/100
|
|t:|1781081616
|-end|p2a: Raging Bolt|Protosynthesis|[silent]
|switch|p2a: Kyurem|Kyurem|63/100|[from] Volt Switch
|-ability|p2a: Kyurem|Pressure
|
|-end|p1a: Iron Moth|move: Future Sight
|-supereffective|p1a: Iron Moth
|-damage|p1a: Iron Moth|0 fnt
|faint|p1a: Iron Moth
|-end|p1a: Iron Moth|Quark Drive|[silent]
|upkeep
|c|☆ja hoi|total sense
|c|☆ja hoi|50% triggering 0 times
|c|☆ja hoi|25% triggering all the time lol
|
|t:|1781081626
|switch|p1a: Quaquaval|Quaquaval, F|100/100
|-damage|p1a: Quaquaval|94/100|[from] Stealth Rock
|turn|33
|c|☆ja hoi|gg
|
|t:|1781081630
|move|p2a: Kyurem|Freeze-Dry|p1a: Quaquaval
|-supereffective|p1a: Quaquaval
|-damage|p1a: Quaquaval|0 fnt
|faint|p1a: Quaquaval
|
|win|LT_Alt1
|raw|ja hoi's rating: 1619 &rarr; <strong>1608</strong><br />(-11 for losing)
|raw|LT_Alt1's rating: 1791 &rarr; <strong>1802</strong><br />(+11 for winning)
|l|☆ja hoi
|player|p1|
|j| Mightylord
