|badge|p2|bronze|gen9ou|100-9
|uhtml|medal-msg|<div class="broadcast-blue">Curious what those medals under the avatar are? PS now has Ladder Seasons! For more information, check out the <a href="https://www.smogon.com/forums/threads/3740067/">thread on Smogon.</a></div>
|j|☆blueisnoob
|j|‽elsadm27
|t:|1781016757
|gametype|singles
|player|p1|blueisnoob|101|1732
|player|p2|elsadm27|battlegirl-gen4|1847
|gen|9
|tier|[Gen 9] OU
|rated|
|rule|HP Percentage Mod: HP is shown in percentages
|rule|Endless Battle Clause: Forcing endless battles is banned
|rule|Species Clause: Limit one of each Pokémon
|rule|OHKO Clause: OHKO moves are banned
|rule|Evasion Items Clause: Evasion items are banned
|rule|Evasion Moves Clause: Evasion moves are banned
|rule|Evasion Abilities Clause: Evasion abilities are banned
|rule|Sleep Moves Clause: Sleep-inducing moves are banned
|clearpoke
|poke|p1|Zamazenta-*|
|poke|p1|Ogerpon-Wellspring, F|
|poke|p1|Slowking-Galar, F|
|poke|p1|Great Tusk|
|poke|p1|Kingambit, M|
|poke|p1|Zapdos|
|poke|p2|Alomomola, F|
|poke|p2|Cinderace, M|
|poke|p2|Hoopa-Unbound|
|poke|p2|Iron Valiant|
|poke|p2|Landorus-Therian, M|
|poke|p2|Pecharunt|
|teampreview
|
|t:|1781016772
|teamsize|p1|6
|teamsize|p2|6
|start
|switch|p1a: Ogerpon|Ogerpon-Wellspring, F|100/100
|switch|p2a: Iron Valiant|Iron Valiant|100/100
|turn|1
|
|t:|1781016776
|-terastallize|p1a: Ogerpon|Water
|detailschange|p1a: Ogerpon|Ogerpon-Wellspring-Tera, F, tera:Water
|-ability|p1a: Ogerpon|Embody Aspect (Wellspring)|boost
|-boost|p1a: Ogerpon|spd|1
|move|p2a: Iron Valiant|Moonblast|p1a: Ogerpon
|-damage|p1a: Ogerpon|46/100
|move|p1a: Ogerpon|Ivy Cudgel|p2a: Iron Valiant|[anim] Ivy Cudgel Water
|-damage|p2a: Iron Valiant|0 fnt
|faint|p2a: Iron Valiant
|-end|p2a: Iron Valiant|Quark Drive|[silent]
|
|upkeep
|
|t:|1781016788
|switch|p2a: Landorus|Landorus-Therian, M|100/100
|-ability|p2a: Landorus|Intimidate|boost
|-unboost|p1a: Ogerpon|atk|1
|turn|2
|
|t:|1781016793
|move|p2a: Landorus|U-turn|p1a: Ogerpon
|-damage|p1a: Ogerpon|14/100
|
|t:|1781016795
|switch|p2a: Pecharunt|Pecharunt|100/100|[from] U-turn
|move|p1a: Ogerpon|Ivy Cudgel|p2a: Pecharunt|[anim] Ivy Cudgel Water
|-damage|p2a: Pecharunt|77/100
|
|upkeep
|turn|3
|
|t:|1781016798
|switch|p1a: Kingambit|Kingambit, M|100/100
|move|p2a: Pecharunt|Parting Shot|p1a: Kingambit
|-unboost|p1a: Kingambit|atk|1
|-unboost|p1a: Kingambit|spa|1
|
|t:|1781016801
|switch|p2a: Cinderace|Cinderace, M|100/100|[from] Parting Shot
|
|upkeep
|turn|4
|
|t:|1781016804
|-end|p1a: Kingambit|fallenundefined|[silent]
|switch|p1a: Zapdos|Zapdos|100/100
|move|p2a: Cinderace|Pyro Ball|p1a: Zapdos
|-damage|p1a: Zapdos|61/100
|
|upkeep
|turn|5
|
|t:|1781016807
|move|p2a: Cinderace|Pyro Ball|p1a: Zapdos|[miss]
|-miss|p2a: Cinderace|p1a: Zapdos
|move|p1a: Zapdos|Roost|p1a: Zapdos
|-heal|p1a: Zapdos|100/100
|-singleturn|p1a: Zapdos|move: Roost
|
|upkeep
|turn|6
|
|t:|1781016810
|move|p2a: Cinderace|Pyro Ball|p1a: Zapdos
|-damage|p1a: Zapdos|57/100
|move|p1a: Zapdos|Thunder Wave|p2a: Cinderace
|-status|p2a: Cinderace|par
|
|upkeep
|turn|7
|
|t:|1781016813
|move|p1a: Zapdos|Roost|p1a: Zapdos
|-heal|p1a: Zapdos|100/100
|-singleturn|p1a: Zapdos|move: Roost
|move|p2a: Cinderace|Pyro Ball|p1a: Zapdos
|-damage|p1a: Zapdos|55/100
|
|upkeep
|turn|8
|
|t:|1781016818
|move|p1a: Zapdos|Roost|p1a: Zapdos
|-heal|p1a: Zapdos|100/100
|-singleturn|p1a: Zapdos|move: Roost
|move|p2a: Cinderace|Pyro Ball|p1a: Zapdos
|-damage|p1a: Zapdos|55/100
|
|upkeep
|turn|9
|
|t:|1781016822
|move|p1a: Zapdos|Roost|p1a: Zapdos
|-heal|p1a: Zapdos|100/100
|-singleturn|p1a: Zapdos|move: Roost
|cant|p2a: Cinderace|par
|
|upkeep
|turn|10
|
|t:|1781016825
|switch|p2a: Alomomola|Alomomola, F|100/100
|move|p1a: Zapdos|Hurricane|p2a: Alomomola|[miss]
|-miss|p1a: Zapdos|p2a: Alomomola
|
|upkeep
|turn|11
|
|t:|1781016827
|move|p1a: Zapdos|Thunder Wave|p2a: Alomomola
|-status|p2a: Alomomola|par
|move|p2a: Alomomola|Mirror Coat||[still]
|-fail|p2a: Alomomola
|
|upkeep
|turn|12
|
|t:|1781016831
|switch|p1a: Ogerpon|Ogerpon-Wellspring-Tera, F, tera:Water|14/100
|-ability|p1a: Ogerpon|Embody Aspect (Wellspring)|boost
|-boost|p1a: Ogerpon|spd|1
|cant|p2a: Alomomola|par
|
|upkeep
|turn|13
|
|t:|1781016836
|switch|p2a: Pecharunt|Pecharunt|77/100
|move|p1a: Ogerpon|Power Whip|p2a: Pecharunt
|-resisted|p2a: Pecharunt
|-damage|p2a: Pecharunt|62/100
|
|upkeep
|turn|14
|
|t:|1781016841
|move|p1a: Ogerpon|U-turn|p2a: Pecharunt
|-resisted|p2a: Pecharunt
|-damage|p2a: Pecharunt|59/100
|
|t:|1781016844
|switch|p1a: Slowking|Slowking-Galar, F|100/100|[from] U-turn
|move|p2a: Pecharunt|Recover|p2a: Pecharunt
|-heal|p2a: Pecharunt|100/100
|
|upkeep
|turn|15
|
|t:|1781016846
|move|p2a: Pecharunt|Parting Shot|p1a: Slowking
|-unboost|p1a: Slowking|atk|1
|-unboost|p1a: Slowking|spa|1
|
|t:|1781016847
|switch|p2a: Cinderace|Cinderace, M|100/100 par|[from] Parting Shot
|move|p1a: Slowking|Psyshock|p2a: Cinderace
|-damage|p2a: Cinderace|61/100 par
|
|upkeep
|turn|16
|
|t:|1781016851
|move|p2a: Cinderace|U-turn|p1a: Slowking
|-start|p2a: Cinderace|typechange|Bug|[from] ability: Libero
|-damage|p1a: Slowking|62/100
|
|t:|1781016853
|switch|p2a: Hoopa|Hoopa-Unbound|100/100|[from] U-turn
|move|p1a: Slowking|Psyshock|p2a: Hoopa
|-immune|p2a: Hoopa
|
|upkeep
|turn|17
|
|t:|1781016858
|switch|p1a: Zapdos|Zapdos|100/100
|move|p2a: Hoopa|Hyperspace Fury|p1a: Zapdos
|-damage|p1a: Zapdos|28/100
|-unboost|p2a: Hoopa|def|1
|
|upkeep
|turn|18
|
|t:|1781016863
|move|p2a: Hoopa|Hyperspace Fury|p1a: Zapdos
|-damage|p1a: Zapdos|0 fnt
|-unboost|p2a: Hoopa|def|1
|faint|p1a: Zapdos
|
|upkeep
|
|t:|1781016868
|switch|p1a: Zamazenta|Zamazenta|100/100
|-ability|p1a: Zamazenta|Dauntless Shield|boost
|-boost|p1a: Zamazenta|def|1
|turn|19
|
|t:|1781016873
|switch|p2a: Pecharunt|Pecharunt|100/100
|move|p1a: Zamazenta|Crunch|p2a: Pecharunt
|-supereffective|p2a: Pecharunt
|-crit|p2a: Pecharunt
|-damage|p2a: Pecharunt|58/100
|
|upkeep
|turn|20
|
|t:|1781016878
|switch|p1a: Kingambit|Kingambit, M|100/100
|-activate|p1a: Kingambit|ability: Supreme Overlord
|-start|p1a: Kingambit|fallen1|[silent]
|move|p2a: Pecharunt|Recover|p2a: Pecharunt
|-heal|p2a: Pecharunt|100/100
|
|upkeep
|turn|21
|
|t:|1781016880
|move|p2a: Pecharunt|Parting Shot|p1a: Kingambit
|-unboost|p1a: Kingambit|atk|1
|-unboost|p1a: Kingambit|spa|1
|
|t:|1781016882
|switch|p2a: Landorus|Landorus-Therian, M|100/100|[from] Parting Shot
|-ability|p2a: Landorus|Intimidate|boost
|-unboost|p1a: Kingambit|atk|1
|move|p1a: Kingambit|Swords Dance|p1a: Kingambit
|-boost|p1a: Kingambit|atk|2
|
|upkeep
|turn|22
|
|t:|1781016890
|move|p2a: Landorus|Earthquake|p1a: Kingambit
|-supereffective|p1a: Kingambit
|-damage|p1a: Kingambit|8/100
|move|p1a: Kingambit|Kowtow Cleave|p2a: Landorus
|-damage|p2a: Landorus|32/100
|
|-heal|p1a: Kingambit|15/100|[from] item: Leftovers
|upkeep
|turn|23
|
|t:|1781016897
|switch|p2a: Cinderace|Cinderace, M|61/100 par
|move|p1a: Kingambit|Sucker Punch||[still]
|-fail|p1a: Kingambit
|
|-heal|p1a: Kingambit|21/100|[from] item: Leftovers
|upkeep
|turn|24
|
|t:|1781016904
|move|p2a: Cinderace|Pyro Ball|p1a: Kingambit
|-supereffective|p1a: Kingambit
|-damage|p1a: Kingambit|0 fnt
|faint|p1a: Kingambit
|-end|p1a: Kingambit|fallen1|[silent]
|
|upkeep
|
|t:|1781016906
|switch|p1a: Great Tusk|Great Tusk, shiny|100/100
|turn|25
|j| Fidough-zhi
|
|t:|1781016913
|switch|p2a: Landorus|Landorus-Therian, M|32/100
|-ability|p2a: Landorus|Intimidate|boost
|-unboost|p1a: Great Tusk|atk|1
|move|p1a: Great Tusk|Headlong Rush|p2a: Landorus
|-immune|p2a: Landorus
|
|upkeep
|turn|26
|
|t:|1781016918
|move|p2a: Landorus|Grass Knot|p1a: Great Tusk
|-supereffective|p1a: Great Tusk
|-crit|p1a: Great Tusk
|-damage|p1a: Great Tusk|0 fnt
|faint|p1a: Great Tusk
|-end|p1a: Great Tusk|Protosynthesis|[silent]
|
|upkeep
|
|t:|1781016921
|switch|p1a: Slowking|Slowking-Galar, F|95/100
|turn|27
|
|t:|1781016924
|switch|p2a: Hoopa|Hoopa-Unbound|100/100
|move|p1a: Slowking|Sludge Bomb|p2a: Hoopa
|-damage|p2a: Hoopa|60/100
|
|upkeep
|turn|28
|
|t:|1781016933
|switch|p1a: Ogerpon|Ogerpon-Wellspring-Tera, F, tera:Water|14/100
|-ability|p1a: Ogerpon|Embody Aspect (Wellspring)|boost
|-boost|p1a: Ogerpon|spd|1
|move|p2a: Hoopa|Knock Off|p1a: Ogerpon
|-crit|p1a: Ogerpon
|-damage|p1a: Ogerpon|0 fnt
|faint|p1a: Ogerpon
|detailschange|p1: Ogerpon|Ogerpon-Wellspring, F|[silent]
|
|upkeep
|
|t:|1781016934
|switch|p1a: Zamazenta|Zamazenta|100/100
|turn|29
|j| liechiteladihul
|
|t:|1781016936
|switch|p2a: Pecharunt|Pecharunt|100/100
|move|p1a: Zamazenta|Close Combat|p2a: Pecharunt
|-immune|p2a: Pecharunt
|
|upkeep
|turn|30
|
|t:|1781016939
|switch|p1a: Slowking|Slowking-Galar, F|100/100
|move|p2a: Pecharunt|Parting Shot|p1a: Slowking
|-unboost|p1a: Slowking|atk|1
|-unboost|p1a: Slowking|spa|1
|
|t:|1781016941
|switch|p2a: Hoopa|Hoopa-Unbound|60/100|[from] Parting Shot
|
|upkeep
|turn|31
|j| Hakone Outbound
|
|t:|1781016945
|switch|p1a: Zamazenta|Zamazenta|100/100
|move|p2a: Hoopa|Knock Off|p1a: Zamazenta
|-resisted|p1a: Zamazenta
|-damage|p1a: Zamazenta|53/100
|-enditem|p1a: Zamazenta|Expert Belt|[from] move: Knock Off|[of] p2a: Hoopa
|
|upkeep
|turn|32
|
|t:|1781016949
|switch|p2a: Landorus|Landorus-Therian, M|32/100
|-ability|p2a: Landorus|Intimidate|boost
|-unboost|p1a: Zamazenta|atk|1
|move|p1a: Zamazenta|Ice Fang|p2a: Landorus
|-supereffective|p2a: Landorus
|-damage|p2a: Landorus|0 fnt
|faint|p2a: Landorus
|
|upkeep
|
|t:|1781016955
|switch|p2a: Pecharunt|Pecharunt|100/100
|turn|33
|
|t:|1781016958
|switch|p1a: Slowking|Slowking-Galar, F|100/100
|move|p2a: Pecharunt|Parting Shot|p1a: Slowking
|-unboost|p1a: Slowking|atk|1
|-unboost|p1a: Slowking|spa|1
|
|t:|1781016960
|switch|p2a: Hoopa|Hoopa-Unbound|60/100|[from] Parting Shot
|
|upkeep
|turn|34
|
|t:|1781016963
|move|p2a: Hoopa|Hyperspace Fury|p1a: Slowking
|-supereffective|p1a: Slowking
|-damage|p1a: Slowking|0 fnt
|-unboost|p2a: Hoopa|def|1
|faint|p1a: Slowking
|
|upkeep
|
|t:|1781016965
|switch|p1a: Zamazenta|Zamazenta|53/100
|turn|35
|
|t:|1781016969
|switch|p2a: Cinderace|Cinderace, M|61/100 par
|move|p1a: Zamazenta|Crunch|p2a: Cinderace
|-crit|p2a: Cinderace
|-damage|p2a: Cinderace|8/100 par
|
|upkeep
|turn|36
|
|t:|1781016971
|move|p2a: Cinderace|Sucker Punch|p1a: Zamazenta
|-start|p2a: Cinderace|typechange|Dark|[from] ability: Libero
|-resisted|p1a: Zamazenta
|-crit|p1a: Zamazenta
|-damage|p1a: Zamazenta|28/100
|move|p1a: Zamazenta|Crunch|p2a: Cinderace
|-resisted|p2a: Cinderace
|-damage|p2a: Cinderace|0 fnt
|faint|p2a: Cinderace
|
|upkeep
|
|t:|1781016973
|switch|p2a: Pecharunt|Pecharunt|100/100
|turn|37
|
|t:|1781016977
|move|p1a: Zamazenta|Ice Fang|p2a: Pecharunt
|-damage|p2a: Pecharunt|89/100
|move|p2a: Pecharunt|Malignant Chain|p1a: Zamazenta
|-damage|p1a: Zamazenta|0 fnt
|faint|p1a: Zamazenta
|
|win|elsadm27
|raw|blueisnoob's rating: 1732 &rarr; <strong>1718</strong><br />(-14 for losing)
|raw|elsadm27's rating: 1847 &rarr; <strong>1861</strong><br />(+14 for winning)
|l| liechiteladihul
|l|‽elsadm27
|player|p2|
