|j|☆KurisuChestnutLab
|j|☆LowEL0God
|t:|1781133031
|gametype|singles
|player|p1|KurisuChestnutLab|may-contest|1609
|player|p2|LowEL0God|265|1544
|gen|9
|tier|[Gen 9] OU
|rated|
|rule|HP Percentage Mod: HP is shown in percentages
|rule|Endless Battle Clause: Forcing endless battles is banned
|rule|Species Clause: Limit one of each Pokémon
|rule|OHKO Clause: OHKO moves are banned
|rule|Evasion Items Clause: Evasion items are banned
|rule|Evasion Moves Clause: Evasion moves are banned
|rule|Evasion Abilities Clause: Evasion abilities are banned
|rule|Sleep Moves Clause: Sleep-inducing moves are banned
|clearpoke
|poke|p1|Primarina, M|
|poke|p1|Hippowdon, F|
|poke|p1|Skarmory, M|
|poke|p1|Zapdos|
|poke|p1|Dragonite, M|
|poke|p1|Slowking, F|
|poke|p2|Pelipper, M|
|poke|p2|Torkoal, M|
|poke|p2|Walking Wake|
|poke|p2|Kyurem|
|poke|p2|Ninetales-Alola, F|
|poke|p2|Ogerpon-Wellspring, F|
|teampreview
|c|☆LowEL0God|hf
|inactive|Battle timer is ON: inactive players will automatically lose when time's up. (requested by LowEL0God)
|
|t:|1781133037
|teamsize|p1|6
|teamsize|p2|6
|start
|switch|p1a: Primarina|Primarina, M|100/100
|switch|p2a: Ninetales|Ninetales-Alola, F|100/100
|-weather|Snowscape|[from] ability: Snow Warning|[of] p2a: Ninetales
|turn|1
|inactive|KurisuChestnutLab also wants the timer to be on.
|
|t:|1781133040
|move|p2a: Ninetales|Aurora Veil|p2a: Ninetales
|-sidestart|p2: LowEL0God|move: Aurora Veil
|move|p1a: Primarina|Moonblast|p2a: Ninetales
|-damage|p2a: Ninetales|75/100
|
|-weather|Snowscape|[upkeep]
|upkeep
|turn|2
|
|t:|1781133047
|switch|p2a: Ogerpon|Ogerpon-Wellspring, F|100/100
|move|p1a: Primarina|Moonblast|p2a: Ogerpon
|-damage|p2a: Ogerpon|71/100
|-unboost|p2a: Ogerpon|spa|1
|
|-weather|Snowscape|[upkeep]
|upkeep
|turn|3
|
|t:|1781133051
|move|p2a: Ogerpon|Swords Dance|p2a: Ogerpon
|-boost|p2a: Ogerpon|atk|2
|move|p1a: Primarina|Moonblast|p2a: Ogerpon
|-damage|p2a: Ogerpon|39/100
|-unboost|p2a: Ogerpon|spa|1
|
|-weather|Snowscape|[upkeep]
|upkeep
|turn|4
|
|t:|1781133055
|switch|p1a: Skarmory|Skarmory, M|100/100
|move|p2a: Ogerpon|Ivy Cudgel|p1a: Skarmory|[anim] Ivy Cudgel Water
|-damage|p1a: Skarmory|29/100
|
|-weather|Snowscape|[upkeep]
|-heal|p1a: Skarmory|35/100|[from] item: Leftovers
|upkeep
|turn|5
|
|t:|1781133058
|switch|p1a: Dragonite|Dragonite, M|100/100
|move|p2a: Ogerpon|Ivy Cudgel|p1a: Dragonite|[anim] Ivy Cudgel Water
|-resisted|p1a: Dragonite
|-damage|p1a: Dragonite|67/100
|
|-weather|Snowscape|[upkeep]
|-sideend|p2: LowEL0God|move: Aurora Veil
|upkeep
|turn|6
|
|t:|1781133062
|switch|p2a: Kyurem|Kyurem|100/100
|-ability|p2a: Kyurem|Pressure
|move|p1a: Dragonite|Extreme Speed|p2a: Kyurem
|-damage|p2a: Kyurem|80/100
|
|-weather|Snowscape|[upkeep]
|upkeep
|turn|7
|
|t:|1781133067
|switch|p1a: Primarina|Primarina, M|100/100
|move|p2a: Kyurem|Freeze-Dry|p1a: Primarina
|-supereffective|p1a: Primarina
|-damage|p1a: Primarina|56/100
|
|-weather|Snowscape|[upkeep]
|upkeep
|turn|8
|
|t:|1781133072
|-terastallize|p2a: Kyurem|Ice
|move|p2a: Kyurem|Freeze-Dry|p1a: Primarina
|-supereffective|p1a: Primarina
|-damage|p1a: Primarina|0 fnt
|faint|p1a: Primarina
|
|-weather|none
|upkeep
|
|t:|1781133076
|switch|p1a: Hippowdon|Hippowdon, F|100/100
|-weather|Sandstorm|[from] ability: Sand Stream|[of] p1a: Hippowdon
|turn|9
|
|t:|1781133080
|-terastallize|p1a: Hippowdon|Steel
|move|p2a: Kyurem|Freeze-Dry|p1a: Hippowdon
|-resisted|p1a: Hippowdon
|-damage|p1a: Hippowdon|73/100
|move|p1a: Hippowdon|Stealth Rock|p2a: Kyurem
|-sidestart|p2: LowEL0God|move: Stealth Rock
|
|-weather|Sandstorm|[upkeep]
|-damage|p2a: Kyurem|73/100|[from] Sandstorm
|-heal|p1a: Hippowdon|79/100|[from] item: Leftovers
|upkeep
|turn|10
|
|t:|1781133084
|move|p2a: Kyurem|Earth Power|p1a: Hippowdon
|-supereffective|p1a: Hippowdon
|-damage|p1a: Hippowdon|22/100
|move|p1a: Hippowdon|Earthquake|p2a: Kyurem
|-damage|p2a: Kyurem|32/100
|
|-weather|Sandstorm|[upkeep]
|-damage|p2a: Kyurem|26/100|[from] Sandstorm
|-heal|p1a: Hippowdon|28/100|[from] item: Leftovers
|upkeep
|turn|11
|
|t:|1781133088
|move|p2a: Kyurem|Earth Power|p1a: Hippowdon
|-supereffective|p1a: Hippowdon
|-damage|p1a: Hippowdon|0 fnt
|faint|p1a: Hippowdon
|
|-weather|Sandstorm|[upkeep]
|-damage|p2a: Kyurem|20/100|[from] Sandstorm
|upkeep
|
|t:|1781133094
|switch|p1a: Dragonite|Dragonite, M|67/100
|turn|12
|
|t:|1781133101
|move|p1a: Dragonite|Extreme Speed|p2a: Kyurem
|-damage|p2a: Kyurem|0 fnt
|faint|p2a: Kyurem
|
|-weather|Sandstorm|[upkeep]
|-damage|p1a: Dragonite|61/100|[from] Sandstorm
|upkeep
|
|t:|1781133102
|switch|p2a: Ninetales|Ninetales-Alola, F|75/100
|-damage|p2a: Ninetales|50/100|[from] Stealth Rock
|-weather|Snowscape|[from] ability: Snow Warning|[of] p2a: Ninetales
|turn|13
|
|t:|1781133106
|switch|p1a: Slowking|Slowking, F|100/100
|move|p2a: Ninetales|Freeze-Dry|p1a: Slowking
|-supereffective|p1a: Slowking
|-damage|p1a: Slowking|78/100
|
|-weather|Snowscape|[upkeep]
|upkeep
|turn|14
|
|t:|1781133113
|move|p2a: Ninetales|Aurora Veil|p2a: Ninetales
|-sidestart|p2: LowEL0God|move: Aurora Veil
|-prepare|p1a: Slowking|Chilly Reception|[premajor]
|move|p1a: Slowking|Chilly Reception|p1a: Slowking
|
|t:|1781133117
|switch|p1a: Skarmory|Skarmory, M|35/100|[from] Chilly Reception
|
|-weather|Snowscape|[upkeep]
|-heal|p1a: Skarmory|41/100|[from] item: Leftovers
|upkeep
|turn|15
|
|t:|1781133121
|move|p2a: Ninetales|Freeze-Dry|p1a: Skarmory
|-damage|p1a: Skarmory|11/100
|move|p1a: Skarmory|Roost|p1a: Skarmory
|-heal|p1a: Skarmory|61/100
|-singleturn|p1a: Skarmory|move: Roost
|
|-weather|Snowscape|[upkeep]
|-heal|p1a: Skarmory|67/100|[from] item: Leftovers
|upkeep
|turn|16
|
|t:|1781133125
|move|p2a: Ninetales|Freeze-Dry|p1a: Skarmory
|-damage|p1a: Skarmory|42/100
|move|p1a: Skarmory|Roost|p1a: Skarmory
|-heal|p1a: Skarmory|92/100
|-singleturn|p1a: Skarmory|move: Roost
|
|-weather|Snowscape|[upkeep]
|-heal|p1a: Skarmory|98/100|[from] item: Leftovers
|upkeep
|turn|17
|
|t:|1781133132
|move|p2a: Ninetales|Freeze-Dry|p1a: Skarmory
|-damage|p1a: Skarmory|68/100
|move|p1a: Skarmory|Iron Head|p2a: Ninetales
|-supereffective|p2a: Ninetales
|-damage|p2a: Ninetales|9/100
|
|-weather|Snowscape|[upkeep]
|-heal|p1a: Skarmory|74/100|[from] item: Leftovers
|upkeep
|turn|18
|
|t:|1781133138
|move|p2a: Ninetales|Freeze-Dry|p1a: Skarmory
|-damage|p1a: Skarmory|46/100
|-status|p1a: Skarmory|frz
|cant|p1a: Skarmory|frz
|
|-weather|Snowscape|[upkeep]
|-heal|p1a: Skarmory|52/100 frz|[from] item: Leftovers
|-sideend|p2: LowEL0God|move: Aurora Veil
|upkeep
|turn|19
|
|t:|1781133143
|move|p2a: Ninetales|Aurora Veil|p2a: Ninetales
|-sidestart|p2: LowEL0God|move: Aurora Veil
|cant|p1a: Skarmory|frz
|
|-weather|Snowscape|[upkeep]
|-heal|p1a: Skarmory|58/100 frz|[from] item: Leftovers
|upkeep
|turn|20
|
|t:|1781133147
|move|p2a: Ninetales|Freeze-Dry|p1a: Skarmory
|-damage|p1a: Skarmory|33/100 frz
|cant|p1a: Skarmory|frz
|
|-weather|none
|-heal|p1a: Skarmory|39/100 frz|[from] item: Leftovers
|upkeep
|turn|21
|
|t:|1781133151
|move|p2a: Ninetales|Moonblast|p1a: Skarmory
|-resisted|p1a: Skarmory
|-crit|p1a: Skarmory
|-damage|p1a: Skarmory|9/100 frz
|cant|p1a: Skarmory|frz
|
|-heal|p1a: Skarmory|15/100 frz|[from] item: Leftovers
|upkeep
|turn|22
|
|t:|1781133156
|move|p2a: Ninetales|Freeze-Dry|p1a: Skarmory
|-damage|p1a: Skarmory|0 fnt
|faint|p1a: Skarmory
|
|upkeep
|
|t:|1781133163
|switch|p1a: Dragonite|Dragonite, M|61/100
|turn|23
|
|t:|1781133166
|move|p1a: Dragonite|Extreme Speed|p2a: Ninetales
|-damage|p2a: Ninetales|0 fnt
|faint|p2a: Ninetales
|
|-sideend|p2: LowEL0God|move: Aurora Veil
|upkeep
|
|t:|1781133166
|switch|p2a: Walking Wake|Walking Wake|100/100
|-damage|p2a: Walking Wake|88/100|[from] Stealth Rock
|turn|24
|
|t:|1781133174
|switch|p1a: Slowking|Slowking, F|100/100
|move|p2a: Walking Wake|Dragon Pulse|p1a: Slowking
|-damage|p1a: Slowking|62/100
|
|upkeep
|turn|25
|
|t:|1781133179
|move|p2a: Walking Wake|Dragon Pulse|p1a: Slowking
|-damage|p1a: Slowking|28/100
|move|p1a: Slowking|Slack Off|p1a: Slowking
|-heal|p1a: Slowking|78/100
|
|upkeep
|turn|26
|
|t:|1781133186
|move|p2a: Walking Wake|Dragon Pulse|p1a: Slowking
|-damage|p1a: Slowking|39/100
|move|p1a: Slowking|Slack Off|p1a: Slowking
|-heal|p1a: Slowking|89/100
|
|upkeep
|turn|27
|
|t:|1781133194
|move|p2a: Walking Wake|Dragon Pulse|p1a: Slowking
|-damage|p1a: Slowking|51/100
|move|p1a: Slowking|Future Sight|p2a: Walking Wake
|-start|p1a: Slowking|move: Future Sight
|
|upkeep
|turn|28
|
|t:|1781133198
|move|p2a: Walking Wake|Dragon Pulse|p1a: Slowking
|-damage|p1a: Slowking|17/100
|move|p1a: Slowking|Slack Off|p1a: Slowking
|-heal|p1a: Slowking|67/100
|
|upkeep
|turn|29
|
|t:|1781133205
|move|p2a: Walking Wake|Dragon Pulse|p1a: Slowking
|-damage|p1a: Slowking|29/100
|move|p1a: Slowking|Slack Off|p1a: Slowking
|-heal|p1a: Slowking|79/100
|
|-end|p2a: Walking Wake|move: Future Sight
|-damage|p2a: Walking Wake|36/100
|upkeep
|turn|30
|
|t:|1781133209
|move|p2a: Walking Wake|Dragon Pulse|p1a: Slowking
|-damage|p1a: Slowking|45/100
|move|p1a: Slowking|Future Sight|p2a: Walking Wake
|-start|p1a: Slowking|move: Future Sight
|
|upkeep
|turn|31
|
|t:|1781133214
|move|p2a: Walking Wake|Dragon Pulse|p1a: Slowking
|-damage|p1a: Slowking|4/100
|move|p1a: Slowking|Slack Off|p1a: Slowking
|-heal|p1a: Slowking|54/100
|
|upkeep
|turn|32
|
|t:|1781133217
|move|p2a: Walking Wake|Dragon Pulse|p1a: Slowking
|-damage|p1a: Slowking|16/100
|move|p1a: Slowking|Slack Off|p1a: Slowking
|-heal|p1a: Slowking|66/100
|
|-end|p2a: Walking Wake|move: Future Sight
|-damage|p2a: Walking Wake|0 fnt
|faint|p2a: Walking Wake
|-end|p2a: Walking Wake|Protosynthesis|[silent]
|upkeep
|
|t:|1781133218
|switch|p2a: Ogerpon|Ogerpon-Wellspring, F|39/100
|-damage|p2a: Ogerpon|26/100|[from] Stealth Rock
|turn|33
|
|t:|1781133223
|switch|p1a: Dragonite|Dragonite, M|61/100
|move|p2a: Ogerpon|Play Rough|p1a: Dragonite
|-supereffective|p1a: Dragonite
|-damage|p1a: Dragonite|0 fnt
|faint|p1a: Dragonite
|
|upkeep
|
|t:|1781133227
|switch|p1a: Zapdos|Zapdos|100/100
|turn|34
|
|t:|1781133230
|move|p2a: Ogerpon|Play Rough|p1a: Zapdos
|-damage|p1a: Zapdos|74/100
|-unboost|p1a: Zapdos|atk|1
|move|p1a: Zapdos|Heat Wave|p2a: Ogerpon
|-damage|p2a: Ogerpon|0 fnt
|faint|p2a: Ogerpon
|
|upkeep
|
|t:|1781133232
|switch|p2a: Torkoal|Torkoal, M|100/100
|-damage|p2a: Torkoal|76/100|[from] Stealth Rock
|-weather|SunnyDay|[from] ability: Drought|[of] p2a: Torkoal
|turn|35
|
|t:|1781133237
|move|p1a: Zapdos|Volt Switch|p2a: Torkoal
|-damage|p2a: Torkoal|38/100
|
|t:|1781133243
|switch|p1a: Slowking|Slowking, F|99/100|[from] Volt Switch
|move|p2a: Torkoal|Rapid Spin|p1a: Slowking
|-damage|p1a: Slowking|90/100
|-boost|p2a: Torkoal|spe|1
|-sideend|p2: LowEL0God|Stealth Rock|[from] move: Rapid Spin|[of] p2a: Torkoal
|
|-weather|SunnyDay|[upkeep]
|upkeep
|turn|36
|
|t:|1781133249
|move|p2a: Torkoal|Will-O-Wisp|p1a: Slowking
|-status|p1a: Slowking|brn
|-prepare|p1a: Slowking|Chilly Reception|[premajor]
|move|p1a: Slowking|Chilly Reception|p1a: Slowking
|-weather|Snowscape
|
|t:|1781133253
|switch|p1a: Zapdos|Zapdos|74/100|[from] Chilly Reception
|
|-weather|Snowscape|[upkeep]
|upkeep
|turn|37
|
|t:|1781133260
|move|p1a: Zapdos|Hurricane|p2a: Torkoal
|-damage|p2a: Torkoal|0 fnt
|faint|p2a: Torkoal
|
|-weather|Snowscape|[upkeep]
|upkeep
|
|t:|1781133260
|switch|p2a: Hurricane Spam|Pelipper, M, shiny|100/100
|-weather|RainDance|[from] ability: Drizzle|[of] p2a: Hurricane Spam
|turn|38
|
|t:|1781133265
|move|p1a: Zapdos|Volt Switch|p2a: Hurricane Spam
|-supereffective|p2a: Hurricane Spam
|-damage|p2a: Hurricane Spam|0 fnt
|faint|p2a: Hurricane Spam
|
|win|KurisuChestnutLab
|raw|KurisuChestnutLab's rating: 1609 &rarr; <strong>1625</strong><br />(+16 for winning)
|raw|LowEL0God's rating: 1544 &rarr; <strong>1528</strong><br />(-16 for losing)
