|j|☆Igoodnamename
|j|☆cachowcapow
|t:|1781292482
|gametype|singles
|player|p1|Igoodnamename|winona|1708
|player|p2|cachowcapow|2|1766
|gen|9
|tier|[Gen 9] OU
|rated|
|rule|HP Percentage Mod: HP is shown in percentages
|rule|Endless Battle Clause: Forcing endless battles is banned
|rule|Species Clause: Limit one of each Pokémon
|rule|OHKO Clause: OHKO moves are banned
|rule|Evasion Items Clause: Evasion items are banned
|rule|Evasion Moves Clause: Evasion moves are banned
|rule|Evasion Abilities Clause: Evasion abilities are banned
|rule|Sleep Moves Clause: Sleep-inducing moves are banned
|clearpoke
|poke|p1|Raging Bolt|
|poke|p1|Rillaboom, F|
|poke|p1|Great Tusk|
|poke|p1|Ting-Lu|
|poke|p1|Skeledirge, F|
|poke|p1|Enamorus, F|
|poke|p2|Tornadus-Therian, M|
|poke|p2|Slowking-Galar, M|
|poke|p2|Cinderace, F|
|poke|p2|Iron Treads|
|poke|p2|Alomomola, F|
|poke|p2|Kyurem|
|teampreview
|
|t:|1781292498
|teamsize|p1|6
|teamsize|p2|6
|start
|switch|p1a: Raging Bolt|Raging Bolt|100/100
|switch|p2a: Kyurem|Kyurem|100/100
|-ability|p2a: Kyurem|Pressure
|turn|1
|
|t:|1781292505
|switch|p2a: Tornadus|Tornadus-Therian, M|100/100
|-end|p1a: Raging Bolt|Protosynthesis|[silent]
|switch|p1a: Skeledirge|Skeledirge, F|100/100
|
|upkeep
|turn|2
|
|t:|1781292510
|move|p2a: Tornadus|Knock Off|p1a: Skeledirge
|-supereffective|p1a: Skeledirge
|-damage|p1a: Skeledirge|64/100
|-enditem|p1a: Skeledirge|Heavy-Duty Boots|[from] move: Knock Off|[of] p2a: Tornadus
|move|p1a: Skeledirge|Will-O-Wisp|p2a: Tornadus
|-status|p2a: Tornadus|brn
|
|-damage|p2a: Tornadus|94/100 brn|[from] brn
|upkeep
|turn|3
|
|t:|1781292518
|move|p2a: Tornadus|U-turn|p1a: Skeledirge
|-resisted|p1a: Skeledirge
|-damage|p1a: Skeledirge|63/100
|j| depakine
|
|t:|1781292520
|switch|p2a: Alomomola|Alomomola, F|100/100|[from] U-turn
|move|p1a: Skeledirge|Torch Song|p2a: Alomomola
|-resisted|p2a: Alomomola
|-damage|p2a: Alomomola|88/100
|-boost|p1a: Skeledirge|spa|1
|
|upkeep
|turn|4
|
|t:|1781292530
|move|p1a: Skeledirge|Will-O-Wisp|p2a: Alomomola
|-status|p2a: Alomomola|brn
|move|p2a: Alomomola|Flip Turn|p1a: Skeledirge
|-supereffective|p1a: Skeledirge
|-damage|p1a: Skeledirge|51/100
|
|t:|1781292538
|switch|p2a: Iron Treads|Iron Treads|100/100|[from] Flip Turn
|
|upkeep
|turn|5
|
|t:|1781292549
|switch|p1a: Rillaboom|Rillaboom, F|100/100
|-fieldstart|move: Grassy Terrain|[from] ability: Grassy Surge|[of] p1a: Rillaboom
|move|p2a: Iron Treads|Earth Power|p1a: Rillaboom
|-resisted|p1a: Rillaboom
|-damage|p1a: Rillaboom|74/100
|
|-heal|p1a: Rillaboom|80/100|[from] Grassy Terrain
|upkeep
|turn|6
|
|t:|1781292557
|move|p2a: Iron Treads|Volt Switch|p1a: Rillaboom
|-resisted|p1a: Rillaboom
|-damage|p1a: Rillaboom|68/100
|
|t:|1781292559
|-end|p2a: Iron Treads|Quark Drive|[silent]
|switch|p2a: Slowking|Slowking-Galar, M|100/100|[from] Volt Switch
|move|p1a: Rillaboom|Knock Off|p2a: Slowking
|-supereffective|p2a: Slowking
|-damage|p2a: Slowking|9/100
|-damage|p1a: Rillaboom|52/100|[from] item: Rocky Helmet|[of] p2a: Slowking
|-enditem|p2a: Slowking|Rocky Helmet|[from] move: Knock Off|[of] p1a: Rillaboom
|
|-heal|p1a: Rillaboom|58/100|[from] Grassy Terrain
|-heal|p2a: Slowking|15/100|[from] Grassy Terrain
|upkeep
|turn|7
|
|t:|1781292567
|switch|p2a: Alomomola|Alomomola, F|100/100 brn
|move|p1a: Rillaboom|Knock Off|p2a: Alomomola
|-damage|p2a: Alomomola|63/100 brn
|-enditem|p2a: Alomomola|Heavy-Duty Boots|[from] move: Knock Off|[of] p1a: Rillaboom
|
|-heal|p1a: Rillaboom|64/100|[from] Grassy Terrain
|-heal|p2a: Alomomola|70/100 brn|[from] Grassy Terrain
|-damage|p2a: Alomomola|63/100 brn|[from] brn
|upkeep
|turn|8
|
|t:|1781292575
|switch|p1a: Raging Bolt|Raging Bolt|100/100
|move|p2a: Alomomola|Flip Turn|p1a: Raging Bolt
|-resisted|p1a: Raging Bolt
|-damage|p1a: Raging Bolt|97/100
|
|t:|1781292580
|switch|p2a: Kyurem|Kyurem|100/100|[from] Flip Turn
|-ability|p2a: Kyurem|Pressure
|
|-heal|p1a: Raging Bolt|100/100|[from] Grassy Terrain
|upkeep
|turn|9
|
|t:|1781292589
|-end|p1a: Raging Bolt|Protosynthesis|[silent]
|switch|p1a: Ting-Lu|Ting-Lu|100/100
|-ability|p1a: Ting-Lu|Vessel of Ruin
|-terastallize|p2a: Kyurem|Ice
|move|p2a: Kyurem|Freeze-Dry|p1a: Ting-Lu
|-supereffective|p1a: Ting-Lu
|-damage|p1a: Ting-Lu|39/100
|
|-heal|p1a: Ting-Lu|45/100|[from] Grassy Terrain
|-heal|p1a: Ting-Lu|51/100|[from] item: Leftovers
|-fieldend|move: Grassy Terrain
|upkeep
|turn|10
|j| just-jaype
|
|t:|1781292604
|move|p2a: Kyurem|Freeze-Dry|p1a: Ting-Lu
|-supereffective|p1a: Ting-Lu
|-damage|p1a: Ting-Lu|0 fnt
|faint|p1a: Ting-Lu
|
|upkeep
|
|t:|1781292605
|switch|p1a: Skeledirge|Skeledirge, F|51/100
|turn|11
|
|t:|1781292613
|switch|p2a: Alomomola|Alomomola, F|97/100 brn
|move|p1a: Skeledirge|Slack Off|p1a: Skeledirge
|-heal|p1a: Skeledirge|100/100
|
|-damage|p2a: Alomomola|90/100 brn|[from] brn
|upkeep
|turn|12
|
|t:|1781292616
|move|p1a: Skeledirge|Hex|p2a: Alomomola
|-damage|p2a: Alomomola|51/100 brn
|move|p2a: Alomomola|Flip Turn|p1a: Skeledirge
|-supereffective|p1a: Skeledirge
|-crit|p1a: Skeledirge
|-damage|p1a: Skeledirge|81/100
|
|t:|1781292622
|switch|p2a: Slowking|Slowking-Galar, M|48/100|[from] Flip Turn
|
|upkeep
|turn|13
|
|t:|1781292629
|move|p1a: Skeledirge|Torch Song|p2a: Slowking
|-damage|p2a: Slowking|28/100
|-boost|p1a: Skeledirge|spa|1
|-prepare|p2a: Slowking|Chilly Reception|[premajor]
|move|p2a: Slowking|Chilly Reception|p2a: Slowking
|-weather|Snowscape
|
|t:|1781292643
|switch|p2a: Kyurem|Kyurem, tera:Ice|100/100|[from] Chilly Reception
|-ability|p2a: Kyurem|Pressure
|
|-weather|Snowscape|[upkeep]
|upkeep
|turn|14
|
|t:|1781292649
|-terastallize|p1a: Skeledirge|Fairy
|move|p2a: Kyurem|Earth Power|p1a: Skeledirge
|-damage|p1a: Skeledirge|46/100
|-unboost|p1a: Skeledirge|spd|1
|move|p1a: Skeledirge|Torch Song|p2a: Kyurem
|-supereffective|p2a: Kyurem
|-damage|p2a: Kyurem|19/100
|-boost|p1a: Skeledirge|spa|1
|
|-weather|Snowscape|[upkeep]
|upkeep
|turn|15
|
|t:|1781292658
|switch|p2a: Alomomola|Alomomola, F|84/100 brn
|switch|p1a: Enamorus|Enamorus, F|100/100
|
|-weather|Snowscape|[upkeep]
|-damage|p2a: Alomomola|78/100 brn|[from] brn
|upkeep
|turn|16
|
|t:|1781292663
|switch|p1a: Rillaboom|Rillaboom, F|64/100
|-fieldstart|move: Grassy Terrain|[from] ability: Grassy Surge|[of] p1a: Rillaboom
|move|p2a: Alomomola|Flip Turn|p1a: Rillaboom
|-resisted|p1a: Rillaboom
|-damage|p1a: Rillaboom|59/100
|
|t:|1781292668
|switch|p2a: Kyurem|Kyurem, tera:Ice|19/100|[from] Flip Turn
|-ability|p2a: Kyurem|Pressure
|
|-weather|Snowscape|[upkeep]
|-heal|p2a: Kyurem|25/100|[from] Grassy Terrain
|-heal|p1a: Rillaboom|66/100|[from] Grassy Terrain
|upkeep
|turn|17
|
|t:|1781292673
|switch|p2a: Slowking|Slowking-Galar, M|61/100
|move|p1a: Rillaboom|Grassy Glide|p2a: Slowking
|-resisted|p2a: Slowking
|-damage|p2a: Slowking|38/100
|
|-weather|none
|-heal|p1a: Rillaboom|72/100|[from] Grassy Terrain
|-heal|p2a: Slowking|44/100|[from] Grassy Terrain
|upkeep
|turn|18
|
|t:|1781292680
|switch|p1a: Enamorus|Enamorus, F|100/100
|move|p2a: Slowking|Sludge Bomb|p1a: Enamorus
|-supereffective|p1a: Enamorus
|-damage|p1a: Enamorus|0 fnt
|faint|p1a: Enamorus
|
|-heal|p2a: Slowking|50/100|[from] Grassy Terrain
|upkeep
|
|t:|1781292684
|switch|p1a: Great Tusk|Great Tusk|100/100
|turn|19
|
|t:|1781292691
|switch|p2a: Alomomola|Alomomola, F|100/100 brn
|move|p1a: Great Tusk|Headlong Rush|p2a: Alomomola
|-damage|p2a: Alomomola|58/100 brn
|-unboost|p1a: Great Tusk|def|1
|-unboost|p1a: Great Tusk|spd|1
|
|-heal|p2a: Alomomola|64/100 brn|[from] Grassy Terrain
|-damage|p2a: Alomomola|58/100 brn|[from] brn
|upkeep
|turn|20
|
|t:|1781292700
|move|p1a: Great Tusk|Rapid Spin|p2a: Alomomola
|-damage|p2a: Alomomola|47/100 brn
|-boost|p1a: Great Tusk|spe|1
|move|p2a: Alomomola|Flip Turn|p1a: Great Tusk
|-supereffective|p1a: Great Tusk
|-damage|p1a: Great Tusk|83/100
|
|t:|1781292704
|switch|p2a: Kyurem|Kyurem, tera:Ice|25/100|[from] Flip Turn
|-ability|p2a: Kyurem|Pressure
|
|-heal|p1a: Great Tusk|89/100|[from] Grassy Terrain
|-heal|p2a: Kyurem|31/100|[from] Grassy Terrain
|-fieldend|move: Grassy Terrain
|upkeep
|turn|21
|
|t:|1781292709
|switch|p2a: Tornadus|Tornadus-Therian, M|100/100 brn
|move|p1a: Great Tusk|Close Combat|p2a: Tornadus
|-resisted|p2a: Tornadus
|-damage|p2a: Tornadus|68/100 brn
|-unboost|p1a: Great Tusk|def|1
|-unboost|p1a: Great Tusk|spd|1
|
|-damage|p2a: Tornadus|62/100 brn|[from] brn
|upkeep
|turn|22
|
|t:|1781292714
|-end|p1a: Great Tusk|Protosynthesis|[silent]
|switch|p1a: Raging Bolt|Raging Bolt|100/100
|switch|p2a: Alomomola|Alomomola, F|80/100 brn
|
|-damage|p2a: Alomomola|74/100 brn|[from] brn
|upkeep
|turn|23
|
|t:|1781292723
|switch|p2a: Iron Treads|Iron Treads|100/100
|move|p1a: Raging Bolt|Draco Meteor|p2a: Iron Treads|[miss]
|-miss|p1a: Raging Bolt|p2a: Iron Treads
|
|upkeep
|turn|24
|
|t:|1781292728
|move|p2a: Iron Treads|Volt Switch|p1a: Raging Bolt
|-resisted|p1a: Raging Bolt
|-damage|p1a: Raging Bolt|97/100
|l| just-jaype
|
|t:|1781292731
|-end|p2a: Iron Treads|Quark Drive|[silent]
|switch|p2a: Tornadus|Tornadus-Therian, M|95/100 brn|[from] Volt Switch
|move|p1a: Raging Bolt|Draco Meteor|p2a: Tornadus
|-damage|p2a: Tornadus|38/100 brn
|-unboost|p1a: Raging Bolt|spa|2
|
|-damage|p2a: Tornadus|31/100 brn|[from] brn
|upkeep
|turn|25
|
|t:|1781292767
|move|p2a: Tornadus|U-turn|p1a: Raging Bolt
|-damage|p1a: Raging Bolt|90/100
|
|t:|1781292772
|switch|p2a: Alomomola|Alomomola, F|100/100 brn|[from] U-turn
|move|p1a: Raging Bolt|Draco Meteor|p2a: Alomomola
|-damage|p2a: Alomomola|54/100 brn
|-unboost|p1a: Raging Bolt|spa|2
|
|-damage|p2a: Alomomola|48/100 brn|[from] brn
|upkeep
|turn|26
|
|t:|1781292776
|-end|p1a: Raging Bolt|Protosynthesis|[silent]
|switch|p1a: Rillaboom|Rillaboom, F|72/100
|-fieldstart|move: Grassy Terrain|[from] ability: Grassy Surge|[of] p1a: Rillaboom
|switch|p2a: Tornadus|Tornadus-Therian, M|65/100 brn
|
|-heal|p1a: Rillaboom|78/100|[from] Grassy Terrain
|-damage|p2a: Tornadus|59/100 brn|[from] brn
|upkeep
|turn|27
|
|t:|1781292786
|move|p2a: Tornadus|U-turn|p1a: Rillaboom
|-supereffective|p1a: Rillaboom
|-damage|p1a: Rillaboom|63/100
|
|t:|1781292788
|switch|p2a: Slowking|Slowking-Galar, M|83/100|[from] U-turn
|move|p1a: Rillaboom|Wood Hammer|p2a: Slowking
|-resisted|p2a: Slowking
|-damage|p2a: Slowking|31/100
|-damage|p1a: Rillaboom|43/100|[from] Recoil
|
|-heal|p1a: Rillaboom|49/100|[from] Grassy Terrain
|-heal|p2a: Slowking|37/100|[from] Grassy Terrain
|upkeep
|turn|28
|
|t:|1781292796
|switch|p2a: Cinderace|Cinderace, F|100/100
|move|p1a: Rillaboom|Wood Hammer|p2a: Cinderace
|-resisted|p2a: Cinderace
|-damage|p2a: Cinderace|5/100
|-damage|p1a: Rillaboom|21/100|[from] Recoil
|
|-heal|p2a: Cinderace|11/100|[from] Grassy Terrain
|-heal|p1a: Rillaboom|27/100|[from] Grassy Terrain
|upkeep
|turn|29
|
|t:|1781292802
|switch|p1a: Raging Bolt|Raging Bolt|90/100
|move|p2a: Cinderace|U-turn|p1a: Raging Bolt
|-start|p2a: Cinderace|typechange|Bug|[from] ability: Libero
|-damage|p1a: Raging Bolt|56/100
|
|t:|1781292810
|switch|p2a: Iron Treads|Iron Treads|100/100|[from] U-turn
|
|-heal|p1a: Raging Bolt|62/100|[from] Grassy Terrain
|upkeep
|turn|30
|
|t:|1781292813
|-end|p1a: Raging Bolt|Protosynthesis|[silent]
|switch|p1a: Great Tusk|Great Tusk|89/100
|move|p2a: Iron Treads|Earth Power|p1a: Great Tusk
|-damage|p1a: Great Tusk|35/100
|
|-heal|p1a: Great Tusk|41/100|[from] Grassy Terrain
|-fieldend|move: Grassy Terrain
|upkeep
|turn|31
|
|t:|1781292818
|-end|p1a: Great Tusk|Protosynthesis|[silent]
|switch|p1a: Rillaboom|Rillaboom, F|27/100
|-fieldstart|move: Grassy Terrain|[from] ability: Grassy Surge|[of] p1a: Rillaboom
|move|p2a: Iron Treads|Earth Power|p1a: Rillaboom
|-resisted|p1a: Rillaboom
|-damage|p1a: Rillaboom|3/100
|
|-heal|p1a: Rillaboom|10/100|[from] Grassy Terrain
|upkeep
|turn|32
|
|t:|1781292827
|move|p1a: Rillaboom|Grassy Glide|p2a: Iron Treads
|-damage|p2a: Iron Treads|43/100
|move|p2a: Iron Treads|Earth Power|p1a: Rillaboom
|-resisted|p1a: Rillaboom
|-damage|p1a: Rillaboom|0 fnt
|faint|p1a: Rillaboom
|
|-heal|p2a: Iron Treads|50/100|[from] Grassy Terrain
|upkeep
|
|t:|1781292832
|switch|p1a: Skeledirge|Skeledirge, F, tera:Fairy|46/100
|turn|33
|
|t:|1781292836
|move|p2a: Iron Treads|Flash Cannon|p1a: Skeledirge
|-supereffective|p1a: Skeledirge
|-damage|p1a: Skeledirge|7/100
|move|p1a: Skeledirge|Slack Off|p1a: Skeledirge
|-heal|p1a: Skeledirge|57/100
|
|-heal|p2a: Iron Treads|56/100|[from] Grassy Terrain
|-heal|p1a: Skeledirge|63/100|[from] Grassy Terrain
|upkeep
|turn|34
|
|t:|1781292839
|move|p2a: Iron Treads|Volt Switch|p1a: Skeledirge
|-damage|p1a: Skeledirge|51/100
|
|t:|1781292845
|-end|p2a: Iron Treads|Quark Drive|[silent]
|switch|p2a: Slowking|Slowking-Galar, M|70/100|[from] Volt Switch
|move|p1a: Skeledirge|Slack Off|p1a: Skeledirge
|-heal|p1a: Skeledirge|100/100
|
|-heal|p2a: Slowking|76/100|[from] Grassy Terrain
|upkeep
|turn|35
|
|t:|1781292849
|move|p1a: Skeledirge|Will-O-Wisp|p2a: Slowking
|-status|p2a: Slowking|brn
|move|p2a: Slowking|Sludge Bomb|p1a: Skeledirge
|-supereffective|p1a: Skeledirge
|-damage|p1a: Skeledirge|54/100
|
|-heal|p1a: Skeledirge|60/100|[from] Grassy Terrain
|-heal|p2a: Slowking|82/100 brn|[from] Grassy Terrain
|-damage|p2a: Slowking|76/100 brn|[from] brn
|-fieldend|move: Grassy Terrain
|upkeep
|turn|36
|
|t:|1781292854
|switch|p1a: Great Tusk|Great Tusk|41/100
|move|p2a: Slowking|Sludge Bomb|p1a: Great Tusk
|-resisted|p1a: Great Tusk
|-damage|p1a: Great Tusk|17/100
|
|-damage|p2a: Slowking|70/100 brn|[from] brn
|upkeep
|turn|37
|
|t:|1781292858
|-end|p1a: Great Tusk|Protosynthesis|[silent]
|switch|p1a: Raging Bolt|Raging Bolt|62/100
|switch|p2a: Alomomola|Alomomola, F|81/100 brn
|
|-damage|p2a: Alomomola|75/100 brn|[from] brn
|upkeep
|turn|38
|
|t:|1781292862
|switch|p2a: Tornadus|Tornadus-Therian, M|92/100 brn
|move|p1a: Raging Bolt|Draco Meteor|p2a: Tornadus
|-damage|p2a: Tornadus|35/100 brn
|-unboost|p1a: Raging Bolt|spa|2
|
|-damage|p2a: Tornadus|29/100 brn|[from] brn
|upkeep
|turn|39
|
|t:|1781292868
|switch|p2a: Alomomola|Alomomola, F|100/100 brn
|-end|p1a: Raging Bolt|Protosynthesis|[silent]
|switch|p1a: Skeledirge|Skeledirge, F, tera:Fairy|60/100
|
|-damage|p2a: Alomomola|94/100 brn|[from] brn
|upkeep
|turn|40
|
|t:|1781292875
|move|p1a: Skeledirge|Slack Off|p1a: Skeledirge
|-heal|p1a: Skeledirge|100/100
|move|p2a: Alomomola|Flip Turn|p1a: Skeledirge
|-damage|p1a: Skeledirge|94/100
|
|t:|1781292881
|switch|p2a: Slowking|Slowking-Galar, M|100/100 brn|[from] Flip Turn
|
|-damage|p2a: Slowking|94/100 brn|[from] brn
|upkeep
|turn|41
|
|t:|1781292885
|move|p1a: Skeledirge|Hex|p2a: Slowking
|-supereffective|p2a: Slowking
|-damage|p2a: Slowking|18/100 brn
|-prepare|p2a: Slowking|Chilly Reception|[premajor]
|move|p2a: Slowking|Chilly Reception|p2a: Slowking
|-weather|Snowscape
|
|t:|1781292887
|switch|p2a: Kyurem|Kyurem, tera:Ice|31/100|[from] Chilly Reception
|-ability|p2a: Kyurem|Pressure
|
|-weather|Snowscape|[upkeep]
|upkeep
|turn|42
|j| Iggy Sent Me
|
|t:|1781292890
|move|p2a: Kyurem|Blizzard|p1a: Skeledirge
|-damage|p1a: Skeledirge|13/100
|move|p1a: Skeledirge|Torch Song|p2a: Kyurem
|-supereffective|p2a: Kyurem
|-damage|p2a: Kyurem|0 fnt
|-boost|p1a: Skeledirge|spa|1
|faint|p2a: Kyurem
|
|-weather|Snowscape|[upkeep]
|upkeep
|
|t:|1781292896
|switch|p2a: Iron Treads|Iron Treads|56/100
|turn|43
|
|t:|1781292899
|switch|p1a: Great Tusk|Great Tusk|17/100
|move|p2a: Iron Treads|Earth Power|p1a: Great Tusk
|-damage|p1a: Great Tusk|0 fnt
|faint|p1a: Great Tusk
|-end|p1a: Great Tusk|Protosynthesis|[silent]
|
|-weather|Snowscape|[upkeep]
|upkeep
|
|t:|1781292901
|switch|p1a: Raging Bolt|Raging Bolt|62/100
|turn|44
|
|t:|1781292903
|move|p2a: Iron Treads|Earth Power|p1a: Raging Bolt
|-supereffective|p1a: Raging Bolt
|-damage|p1a: Raging Bolt|0 fnt
|faint|p1a: Raging Bolt
|-end|p1a: Raging Bolt|Protosynthesis|[silent]
|
|-weather|Snowscape|[upkeep]
|upkeep
|c|☆Igoodnamename|ggs
|c|☆cachowcapow|gg
|-message|Igoodnamename forfeited.
|
|win|cachowcapow
|raw|Igoodnamename's rating: 1708 &rarr; <strong>1691</strong><br />(-17 for losing)
|raw|cachowcapow's rating: 1766 &rarr; <strong>1783</strong><br />(+17 for winning)
|l|☆Igoodnamename
|player|p1|
|l| depakine
