|j|☆KurisuChestnutOU
|j|☆The median voter
|t:|1781137129
|gametype|singles
|player|p1|KurisuChestnutOU|may-contest|1561
|player|p2|The median voter|scientist-gen4dp|1549
|gen|9
|tier|[Gen 9] OU
|rated|
|rule|HP Percentage Mod: HP is shown in percentages
|rule|Endless Battle Clause: Forcing endless battles is banned
|rule|Species Clause: Limit one of each Pokémon
|rule|OHKO Clause: OHKO moves are banned
|rule|Evasion Items Clause: Evasion items are banned
|rule|Evasion Moves Clause: Evasion moves are banned
|rule|Evasion Abilities Clause: Evasion abilities are banned
|rule|Sleep Moves Clause: Sleep-inducing moves are banned
|clearpoke
|poke|p1|Gliscor, F|
|poke|p1|Dondozo, M|
|poke|p1|Slowking-Galar, F|
|poke|p1|Gholdengo|
|poke|p1|Great Tusk|
|poke|p1|Kingambit, F|
|poke|p2|Zapdos|
|poke|p2|Great Tusk|
|poke|p2|Hoopa-Unbound|
|poke|p2|Alomomola, F|
|poke|p2|Scizor, M|
|poke|p2|Iron Valiant|
|teampreview
|inactive|Battle timer is ON: inactive players will automatically lose when time's up. (requested by KurisuChestnutOU)
|
|t:|1781137146
|teamsize|p1|6
|teamsize|p2|6
|start
|switch|p1a: Gliscor|Gliscor, F|100/100
|switch|p2a: The End of All|Hoopa-Unbound|100/100
|turn|1
|
|t:|1781137149
|move|p1a: Gliscor|Earthquake|p2a: The End of All
|-damage|p2a: The End of All|51/100
|move|p2a: The End of All|Psychic Noise|p1a: Gliscor
|-damage|p1a: Gliscor|47/100
|-start|p1a: Gliscor|move: Heal Block
|
|-status|p1a: Gliscor|tox|[from] item: Toxic Orb
|upkeep
|turn|2
|
|t:|1781137154
|switch|p1a: Gholdengo|Gholdengo|100/100
|-item|p1a: Gholdengo|Air Balloon
|move|p2a: The End of All|Hyperspace Fury|p1a: Gholdengo
|-supereffective|p1a: Gholdengo
|-damage|p1a: Gholdengo|0 fnt
|-unboost|p2a: The End of All|def|1
|-enditem|p1a: Gholdengo|Air Balloon
|faint|p1a: Gholdengo
|
|upkeep
|
|t:|1781137161
|switch|p1a: Gliscor|Gliscor, F|47/100 tox
|turn|3
|
|t:|1781137168
|switch|p2a: Preacher|Zapdos|100/100
|move|p1a: Gliscor|Earthquake|p2a: Preacher
|-immune|p2a: Preacher
|
|-heal|p1a: Gliscor|59/100 tox|[from] ability: Poison Heal
|upkeep
|turn|4
|
|t:|1781137173
|move|p1a: Gliscor|Protect|p1a: Gliscor
|-singleturn|p1a: Gliscor|Protect
|move|p2a: Preacher|Hurricane|p1a: Gliscor
|-activate|p1a: Gliscor|move: Protect
|
|-heal|p1a: Gliscor|72/100 tox|[from] ability: Poison Heal
|upkeep
|turn|5
|
|t:|1781137180
|switch|p1a: Slowking|Slowking-Galar, F|100/100
|move|p2a: Preacher|Hurricane|p1a: Slowking
|-damage|p1a: Slowking|83/100
|
|upkeep
|turn|6
|
|t:|1781137184
|move|p2a: Preacher|U-turn|p1a: Slowking
|-damage|p1a: Slowking|69/100
|
|t:|1781137185
|switch|p2a: The End of All|Hoopa-Unbound|51/100|[from] U-turn
|move|p1a: Slowking|Sludge Bomb|p2a: The End of All
|-damage|p2a: The End of All|33/100
|
|upkeep
|turn|7
|
|t:|1781137192
|switch|p1a: Gliscor|Gliscor, F|72/100 tox
|move|p2a: The End of All|Thunderbolt|p1a: Gliscor
|-immune|p1a: Gliscor
|
|-heal|p1a: Gliscor|84/100 tox|[from] ability: Poison Heal
|upkeep
|turn|8
|
|t:|1781137198
|move|p1a: Gliscor|Knock Off|p2a: The End of All
|-damage|p2a: The End of All|2/100
|-enditem|p2a: The End of All|Assault Vest|[from] move: Knock Off|[of] p1a: Gliscor
|move|p2a: The End of All|Psychic Noise|p1a: Gliscor
|-damage|p1a: Gliscor|25/100 tox
|-start|p1a: Gliscor|move: Heal Block
|-item|p2a: The End of All|Toxic Orb|[from] ability: Magician|[of] p1a: Gliscor
|
|-status|p2a: The End of All|tox|[from] item: Toxic Orb
|upkeep
|turn|9
|
|t:|1781137211
|switch|p2a: Preacher|Zapdos|100/100
|move|p1a: Gliscor|Knock Off|p2a: Preacher
|-damage|p2a: Preacher|85/100
|-enditem|p2a: Preacher|Heavy-Duty Boots|[from] move: Knock Off|[of] p1a: Gliscor
|
|-end|p1a: Gliscor|move: Heal Block
|upkeep
|turn|10
|
|t:|1781137217
|move|p1a: Gliscor|Protect|p1a: Gliscor
|-singleturn|p1a: Gliscor|Protect
|move|p2a: Preacher|Hurricane|p1a: Gliscor
|-activate|p1a: Gliscor|move: Protect
|
|-heal|p1a: Gliscor|38/100 tox|[from] ability: Poison Heal
|upkeep
|turn|11
|
|t:|1781137223
|switch|p1a: Slowking|Slowking-Galar, F|100/100
|move|p2a: Preacher|U-turn|p1a: Slowking
|-damage|p1a: Slowking|87/100
|
|t:|1781137225
|switch|p2a: The End of All|Hoopa-Unbound|2/100 tox|[from] U-turn
|
|-damage|p2a: The End of All|0 fnt|[from] psn
|faint|p2a: The End of All
|upkeep
|
|t:|1781137228
|switch|p2a: Experiment|Scizor, M|100/100
|turn|12
|
|t:|1781137232
|move|p2a: Experiment|Knock Off|p1a: Slowking
|-supereffective|p1a: Slowking
|-damage|p1a: Slowking|0 fnt
|-enditem|p1a: Slowking|Assault Vest|[from] move: Knock Off|[of] p2a: Experiment
|faint|p1a: Slowking
|
|upkeep
|
|t:|1781137236
|switch|p1a: Kingambit|Kingambit, F|100/100
|-activate|p1a: Kingambit|ability: Supreme Overlord
|-start|p1a: Kingambit|fallen2|[silent]
|turn|13
|
|t:|1781137244
|-end|p1a: Kingambit|fallen2|[silent]
|switch|p1a: Gliscor|Gliscor, F|38/100 tox
|switch|p2a: Templar|Great Tusk|100/100
|
|-heal|p1a: Gliscor|50/100 tox|[from] ability: Poison Heal
|upkeep
|turn|14
|
|t:|1781137248
|move|p1a: Gliscor|Protect|p1a: Gliscor
|-singleturn|p1a: Gliscor|Protect
|move|p2a: Templar|Stealth Rock|p1a: Gliscor
|-sidestart|p1: KurisuChestnutOU|move: Stealth Rock
|
|-heal|p1a: Gliscor|63/100 tox|[from] ability: Poison Heal
|upkeep
|turn|15
|
|t:|1781137252
|move|p2a: Templar|Ice Spinner|p1a: Gliscor
|-supereffective|p1a: Gliscor
|-damage|p1a: Gliscor|0 fnt
|faint|p1a: Gliscor
|
|upkeep
|
|t:|1781137256
|switch|p1a: Great Tusk|Great Tusk|100/100
|turn|16
|
|t:|1781137260
|-end|p2a: Templar|Protosynthesis|[silent]
|switch|p2a: Preacher|Zapdos|85/100
|-end|p1a: Great Tusk|Protosynthesis|[silent]
|switch|p1a: Dondozo|Dondozo, M|100/100
|-damage|p1a: Dondozo|88/100|[from] Stealth Rock
|
|-heal|p1a: Dondozo|94/100|[from] item: Leftovers
|upkeep
|turn|17
|
|t:|1781137264
|switch|p1a: Kingambit|Kingambit, F|100/100
|-damage|p1a: Kingambit|94/100|[from] Stealth Rock
|-activate|p1a: Kingambit|ability: Supreme Overlord
|-start|p1a: Kingambit|fallen3|[silent]
|move|p2a: Preacher|Discharge|p1a: Kingambit
|-damage|p1a: Kingambit|53/100
|
|-heal|p1a: Kingambit|59/100|[from] item: Leftovers
|upkeep
|turn|18
|
|t:|1781137268
|switch|p2a: Acolyte|Iron Valiant|100/100
|-enditem|p2a: Acolyte|Booster Energy
|-activate|p2a: Acolyte|ability: Quark Drive|[fromitem]
|-start|p2a: Acolyte|quarkdrivespe
|move|p1a: Kingambit|Swords Dance|p1a: Kingambit
|-boost|p1a: Kingambit|atk|2
|
|-heal|p1a: Kingambit|65/100|[from] item: Leftovers
|upkeep
|turn|19
|
|t:|1781137274
|-end|p1a: Kingambit|fallen3|[silent]
|switch|p1a: Dondozo|Dondozo, M|94/100
|-damage|p1a: Dondozo|82/100|[from] Stealth Rock
|move|p2a: Acolyte|Encore||[still]
|-fail|p2a: Acolyte
|
|-heal|p1a: Dondozo|88/100|[from] item: Leftovers
|upkeep
|turn|20
|
|t:|1781137280
|-end|p2a: Acolyte|Quark Drive|[silent]
|switch|p2a: Preacher|Zapdos|85/100
|move|p1a: Dondozo|Body Press|p2a: Preacher
|-resisted|p2a: Preacher
|-crit|p2a: Preacher
|-damage|p2a: Preacher|70/100
|
|-heal|p1a: Dondozo|94/100|[from] item: Leftovers
|upkeep
|turn|21
|
|t:|1781137286
|switch|p1a: Great Tusk|Great Tusk|100/100
|move|p2a: Preacher|Discharge|p1a: Great Tusk
|-immune|p1a: Great Tusk
|
|upkeep
|turn|22
|
|t:|1781137289
|-terastallize|p1a: Great Tusk|Ice
|move|p1a: Great Tusk|Ice Spinner|p2a: Preacher
|-supereffective|p2a: Preacher
|-damage|p2a: Preacher|13/100
|move|p2a: Preacher|Roost|p2a: Preacher
|-heal|p2a: Preacher|63/100
|-singleturn|p2a: Preacher|move: Roost
|
|upkeep
|turn|23
|
|t:|1781137298
|switch|p2a: Holy Envoy|Alomomola, F|100/100
|move|p1a: Great Tusk|Ice Spinner|p2a: Holy Envoy
|-resisted|p2a: Holy Envoy
|-damage|p2a: Holy Envoy|84/100
|
|upkeep
|turn|24
|
|t:|1781137302
|move|p1a: Great Tusk|Rapid Spin|p2a: Holy Envoy
|-damage|p2a: Holy Envoy|70/100
|-boost|p1a: Great Tusk|spe|1
|-sideend|p1: KurisuChestnutOU|Stealth Rock|[from] move: Rapid Spin|[of] p1a: Great Tusk
|move|p2a: Holy Envoy|Scald|p1a: Great Tusk
|-damage|p1a: Great Tusk|81/100
|
|upkeep
|turn|25
|
|t:|1781137306
|move|p1a: Great Tusk|Headlong Rush|p2a: Holy Envoy
|-damage|p2a: Holy Envoy|18/100
|-unboost|p1a: Great Tusk|def|1
|-unboost|p1a: Great Tusk|spd|1
|move|p2a: Holy Envoy|Scald|p1a: Great Tusk
|-damage|p1a: Great Tusk|51/100
|
|upkeep
|turn|26
|
|t:|1781137314
|move|p1a: Great Tusk|Ice Spinner|p2a: Holy Envoy
|-resisted|p2a: Holy Envoy
|-crit|p2a: Holy Envoy
|-damage|p2a: Holy Envoy|0 fnt
|faint|p2a: Holy Envoy
|
|upkeep
|
|t:|1781137316
|switch|p2a: Experiment|Scizor, M|100/100
|turn|27
|
|t:|1781137319
|-end|p1a: Great Tusk|Protosynthesis|[silent]
|switch|p1a: Kingambit|Kingambit, F|65/100
|-activate|p1a: Kingambit|ability: Supreme Overlord
|-start|p1a: Kingambit|fallen3|[silent]
|move|p2a: Experiment|U-turn|p1a: Kingambit
|-damage|p1a: Kingambit|16/100
|
|t:|1781137323
|switch|p2a: Templar|Great Tusk|100/100|[from] U-turn
|
|-heal|p1a: Kingambit|22/100|[from] item: Leftovers
|upkeep
|turn|28
|
|t:|1781137326
|move|p1a: Kingambit|Sucker Punch|p2a: Templar
|-resisted|p2a: Templar
|-damage|p2a: Templar|80/100
|move|p2a: Templar|Headlong Rush|p1a: Kingambit
|-supereffective|p1a: Kingambit
|-damage|p1a: Kingambit|0 fnt
|-unboost|p2a: Templar|def|1
|-unboost|p2a: Templar|spd|1
|faint|p1a: Kingambit
|-end|p1a: Kingambit|fallen3|[silent]
|
|upkeep
|
|t:|1781137333
|switch|p1a: Great Tusk|Great Tusk, tera:Ice|51/100
|turn|29
|
|t:|1781137340
|-end|p1a: Great Tusk|Protosynthesis|[silent]
|switch|p1a: Dondozo|Dondozo, M|94/100
|move|p2a: Templar|Headlong Rush|p1a: Dondozo
|-damage|p1a: Dondozo|67/100
|-unboost|p2a: Templar|def|1
|-unboost|p2a: Templar|spd|1
|
|-heal|p1a: Dondozo|73/100|[from] item: Leftovers
|upkeep
|turn|30
|
|t:|1781137343
|move|p2a: Templar|Stealth Rock|p1a: Dondozo
|-sidestart|p1: KurisuChestnutOU|move: Stealth Rock
|move|p1a: Dondozo|Wave Crash|p2a: Templar
|-supereffective|p2a: Templar
|-damage|p2a: Templar|20/100
|-damage|p1a: Dondozo|59/100|[from] Recoil
|
|-heal|p1a: Dondozo|65/100|[from] item: Leftovers
|upkeep
|turn|31
|
|t:|1781137350
|-end|p2a: Templar|Protosynthesis|[silent]
|switch|p2a: Preacher|Zapdos|63/100
|switch|p1a: Great Tusk|Great Tusk, tera:Ice|51/100
|
|upkeep
|turn|32
|
|t:|1781137355
|move|p1a: Great Tusk|Ice Spinner|p2a: Preacher
|-supereffective|p2a: Preacher
|-damage|p2a: Preacher|2/100
|-status|p1a: Great Tusk|par|[from] ability: Static|[of] p2a: Preacher
|move|p2a: Preacher|Roost|p2a: Preacher
|-heal|p2a: Preacher|52/100
|-singleturn|p2a: Preacher|move: Roost
|
|upkeep
|turn|33
|
|t:|1781137359
|move|p2a: Preacher|Discharge|p1a: Great Tusk
|-damage|p1a: Great Tusk|3/100 par
|cant|p1a: Great Tusk|par
|
|upkeep
|turn|34
|
|t:|1781137366
|switch|p2a: Experiment|Scizor, M|100/100
|-end|p1a: Great Tusk|Protosynthesis|[silent]
|switch|p1a: Dondozo|Dondozo, M|65/100
|-damage|p1a: Dondozo|52/100|[from] Stealth Rock
|
|-heal|p1a: Dondozo|58/100|[from] item: Leftovers
|upkeep
|turn|35
|
|t:|1781137375
|move|p2a: Experiment|Knock Off|p1a: Dondozo
|-damage|p1a: Dondozo|33/100
|-enditem|p1a: Dondozo|Leftovers|[from] move: Knock Off|[of] p2a: Experiment
|move|p1a: Dondozo|Rest|p1a: Dondozo
|-status|p1a: Dondozo|slp|[from] move: Rest
|-heal|p1a: Dondozo|100/100 slp|[silent]
|
|upkeep
|turn|36
|
|t:|1781137378
|switch|p2a: Preacher|Zapdos|52/100
|cant|p1a: Dondozo|slp
|move|p1a: Dondozo|Sleep Talk|p1a: Dondozo
|move|p1a: Dondozo|Body Press|p2a: Preacher|[from] move: Sleep Talk
|-resisted|p2a: Preacher
|-damage|p2a: Preacher|43/100
|
|upkeep
|turn|37
|
|t:|1781137381
|move|p2a: Preacher|Roost|p2a: Preacher
|-heal|p2a: Preacher|93/100
|-singleturn|p2a: Preacher|move: Roost
|cant|p1a: Dondozo|slp
|move|p1a: Dondozo|Sleep Talk|p1a: Dondozo
|move|p1a: Dondozo|Wave Crash|p2a: Preacher|[from] move: Sleep Talk
|-damage|p2a: Preacher|62/100
|-damage|p1a: Dondozo|93/100 slp|[from] Recoil
|
|upkeep
|turn|38
|
|t:|1781137386
|move|p2a: Preacher|Discharge|p1a: Dondozo
|-supereffective|p1a: Dondozo
|-damage|p1a: Dondozo|25/100 slp
|-curestatus|p1a: Dondozo|slp|[msg]
|move|p1a: Dondozo|Rest|p1a: Dondozo
|-status|p1a: Dondozo|slp|[from] move: Rest
|-heal|p1a: Dondozo|100/100 slp|[silent]
|
|upkeep
|turn|39
|
|t:|1781137389
|move|p2a: Preacher|Discharge|p1a: Dondozo
|-supereffective|p1a: Dondozo
|-damage|p1a: Dondozo|37/100 slp
|cant|p1a: Dondozo|slp
|move|p1a: Dondozo|Sleep Talk|p1a: Dondozo
|move|p1a: Dondozo|Body Press|p2a: Preacher|[from] move: Sleep Talk
|-resisted|p2a: Preacher
|-damage|p2a: Preacher|52/100
|
|upkeep
|turn|40
|
|t:|1781137395
|move|p2a: Preacher|Discharge|p1a: Dondozo
|-supereffective|p1a: Dondozo
|-damage|p1a: Dondozo|0 fnt
|faint|p1a: Dondozo
|
|upkeep
|
|t:|1781137398
|switch|p1a: Great Tusk|Great Tusk, tera:Ice|3/100 par
|turn|41
|
|t:|1781137403
|move|p2a: Preacher|Discharge|p1a: Great Tusk
|-damage|p1a: Great Tusk|0 fnt
|faint|p1a: Great Tusk
|-end|p1a: Great Tusk|Protosynthesis|[silent]
|
|win|The median voter
|raw|KurisuChestnutOU's rating: 1581 &rarr; <strong>1559</strong><br />(-22 for losing)
|raw|The median voter's rating: 1549 &rarr; <strong>1571</strong><br />(+22 for winning)
