|j|☆isaac_gam3r
|j|☆Rj yoip
|t:|1781460656
|gametype|singles
|player|p1|isaac_gam3r|acetrainer-gen4dp|1687
|player|p2|Rj yoip|caitlin-masters|1740
|gen|9
|tier|[Gen 9] OU
|rated|
|rule|HP Percentage Mod: HP is shown in percentages
|rule|Endless Battle Clause: Forcing endless battles is banned
|rule|Species Clause: Limit one of each Pokémon
|rule|OHKO Clause: OHKO moves are banned
|rule|Evasion Items Clause: Evasion items are banned
|rule|Evasion Moves Clause: Evasion moves are banned
|rule|Evasion Abilities Clause: Evasion abilities are banned
|rule|Sleep Moves Clause: Sleep-inducing moves are banned
|clearpoke
|poke|p1|Primarina, F|
|poke|p1|Raging Bolt|
|poke|p1|Heatran, M|
|poke|p1|Weezing-Galar, M|
|poke|p1|Garchomp, M|
|poke|p1|Weavile, M|
|poke|p2|Tyranitar, F|
|poke|p2|Hydrapple, M|
|poke|p2|Enamorus, F|
|poke|p2|Garganacl, M|
|poke|p2|Excadrill, F|
|poke|p2|Alomomola, F|
|teampreview
|inactive|Battle timer is ON: inactive players will automatically lose when time's up. (requested by isaac_gam3r)
|
|t:|1781460674
|teamsize|p1|6
|teamsize|p2|6
|start
|switch|p1a: Primarina|Primarina, F, shiny|100/100
|switch|p2a: Garganacl|Garganacl, M|100/100
|turn|1
|
|t:|1781460677
|move|p1a: Primarina|Sparkling Aria|p2a: Garganacl
|-supereffective|p2a: Garganacl
|-damage|p2a: Garganacl|28/100
|move|p2a: Garganacl|Salt Cure|p1a: Primarina
|-damage|p1a: Primarina|82/100
|-start|p1a: Primarina|Salt Cure
|
|-heal|p1a: Primarina|88/100|[from] item: Leftovers
|-heal|p2a: Garganacl|34/100|[from] item: Leftovers
|-damage|p1a: Primarina|63/100|[from] Salt Cure
|upkeep
|turn|2
|
|t:|1781460680
|move|p2a: Garganacl|Protect|p2a: Garganacl
|-singleturn|p2a: Garganacl|Protect
|move|p1a: Primarina|Calm Mind|p1a: Primarina
|-boost|p1a: Primarina|spa|1
|-boost|p1a: Primarina|spd|1
|
|-heal|p1a: Primarina|69/100|[from] item: Leftovers
|-heal|p2a: Garganacl|40/100|[from] item: Leftovers
|-damage|p1a: Primarina|44/100|[from] Salt Cure
|upkeep
|turn|3
|
|t:|1781460681
|switch|p2a: Alomomola|Alomomola, F|100/100
|move|p1a: Primarina|Draining Kiss|p2a: Alomomola
|-damage|p2a: Alomomola|79/100
|-heal|p1a: Primarina|66/100|[from] drain|[of] p2a: Alomomola
|
|-heal|p1a: Primarina|72/100|[from] item: Leftovers
|-damage|p1a: Primarina|47/100|[from] Salt Cure
|upkeep
|turn|4
|
|t:|1781460685
|move|p1a: Primarina|Draining Kiss|p2a: Alomomola
|-damage|p2a: Alomomola|55/100
|-heal|p1a: Primarina|70/100|[from] drain|[of] p2a: Alomomola
|move|p2a: Alomomola|Flip Turn|p1a: Primarina
|-resisted|p1a: Primarina
|-damage|p1a: Primarina|61/100
|
|t:|1781460687
|switch|p2a: Tyranitar|Tyranitar, F|100/100|[from] Flip Turn
|-weather|Sandstorm|[from] ability: Sand Stream|[of] p2a: Tyranitar
|
|-weather|Sandstorm|[upkeep]
|-damage|p1a: Primarina|55/100|[from] Sandstorm
|-heal|p1a: Primarina|61/100|[from] item: Leftovers
|-damage|p1a: Primarina|36/100|[from] Salt Cure
|upkeep
|turn|5
|
|t:|1781460690
|move|p1a: Primarina|Protect|p1a: Primarina
|-singleturn|p1a: Primarina|Protect
|move|p2a: Tyranitar|Stone Edge|p1a: Primarina
|-activate|p1a: Primarina|move: Protect
|
|-weather|Sandstorm|[upkeep]
|-damage|p1a: Primarina|30/100|[from] Sandstorm
|-heal|p1a: Primarina|36/100|[from] item: Leftovers
|-damage|p1a: Primarina|11/100|[from] Salt Cure
|upkeep
|turn|6
|
|t:|1781460695
|move|p2a: Tyranitar|Stone Edge|p1a: Primarina
|-damage|p1a: Primarina|0 fnt
|faint|p1a: Primarina
|
|-weather|Sandstorm|[upkeep]
|upkeep
|
|t:|1781460699
|switch|p1a: Weezing|Weezing-Galar, M, shiny|100/100
|turn|7
|
|t:|1781460710
|switch|p2a: Alomomola|Alomomola, F|88/100
|switch|p1a: Raging Bolt|Raging Bolt|100/100
|
|-weather|Sandstorm|[upkeep]
|-damage|p1a: Raging Bolt|94/100|[from] Sandstorm
|-damage|p2a: Alomomola|82/100|[from] Sandstorm
|-heal|p1a: Raging Bolt|100/100|[from] item: Leftovers
|upkeep
|turn|8
|
|t:|1781460713
|switch|p2a: Garganacl|Garganacl, M|40/100
|move|p1a: Raging Bolt|Calm Mind|p1a: Raging Bolt
|-boost|p1a: Raging Bolt|spa|1
|-boost|p1a: Raging Bolt|spd|1
|
|-weather|none
|-heal|p2a: Garganacl|46/100|[from] item: Leftovers
|upkeep
|turn|9
|
|t:|1781460715
|move|p1a: Raging Bolt|Dragon Pulse|p2a: Garganacl
|-damage|p2a: Garganacl|0 fnt
|faint|p2a: Garganacl
|
|upkeep
|
|t:|1781460718
|switch|p2a: Excadrill|Excadrill, F|100/100
|turn|10
|
|t:|1781460719
|move|p2a: Excadrill|Earthquake|p1a: Raging Bolt
|-supereffective|p1a: Raging Bolt
|-damage|p1a: Raging Bolt|11/100
|move|p1a: Raging Bolt|Dragon Pulse|p2a: Excadrill
|-resisted|p2a: Excadrill
|-damage|p2a: Excadrill|50/100
|
|-heal|p2a: Excadrill|56/100|[from] item: Leftovers
|-heal|p1a: Raging Bolt|17/100|[from] item: Leftovers
|upkeep
|turn|11
|
|t:|1781460724
|-end|p1a: Raging Bolt|Protosynthesis|[silent]
|switch|p1a: Weezing|Weezing-Galar, M, shiny|100/100
|move|p2a: Excadrill|Earthquake|p1a: Weezing
|-immune|p1a: Weezing|[from] ability: Levitate
|
|-heal|p2a: Excadrill|63/100|[from] item: Leftovers
|upkeep
|turn|12
|
|t:|1781460736
|switch|p1a: Weavile|Weavile, M, shiny|100/100
|-ability|p1a: Weavile|Pressure
|move|p2a: Excadrill|Substitute|p2a: Excadrill
|-start|p2a: Excadrill|Substitute
|-damage|p2a: Excadrill|38/100
|
|-heal|p2a: Excadrill|44/100|[from] item: Leftovers
|upkeep
|turn|13
|
|t:|1781460741
|switch|p2a: Alomomola|Alomomola, F|100/100
|move|p1a: Weavile|Triple Axel|p2a: Alomomola
|-resisted|p2a: Alomomola
|-damage|p2a: Alomomola|97/100
|-resisted|p2a: Alomomola
|-damage|p2a: Alomomola|91/100
|-resisted|p2a: Alomomola
|-damage|p2a: Alomomola|80/100
|-hitcount|p2a: Alomomola|3
|
|upkeep
|turn|14
|
|t:|1781460743
|move|p1a: Weavile|Knock Off|p2a: Alomomola
|-damage|p2a: Alomomola|47/100
|-enditem|p2a: Alomomola|Assault Vest|[from] move: Knock Off|[of] p1a: Weavile
|move|p2a: Alomomola|Scald|p1a: Weavile
|-damage|p1a: Weavile|80/100
|
|upkeep
|turn|15
|
|t:|1781460746
|switch|p1a: Garchomp|Garchomp, M|100/100
|move|p2a: Alomomola|Flip Turn|p1a: Garchomp
|-damage|p1a: Garchomp|83/100
|-damage|p2a: Alomomola|34/100|[from] ability: Rough Skin|[of] p1a: Garchomp
|
|t:|1781460748
|switch|p2a: Enamorus|Enamorus, F|100/100|[from] Flip Turn
|
|upkeep
|turn|16
|
|t:|1781460751
|move|p1a: Garchomp|Rock Slide|p2a: Enamorus
|-supereffective|p2a: Enamorus
|-damage|p2a: Enamorus|24/100
|cant|p2a: Enamorus|flinch
|
|upkeep
|turn|17
|
|t:|1781460763
|switch|p1a: Heatran|Heatran, M|100/100
|switch|p2a: Excadrill|Excadrill, F|44/100
|
|-heal|p2a: Excadrill|50/100|[from] item: Leftovers
|upkeep
|turn|18
|
|t:|1781460767
|-terastallize|p1a: Heatran|Flying
|move|p2a: Excadrill|Earthquake|p1a: Heatran
|-immune|p1a: Heatran
|move|p1a: Heatran|Lava Plume|p2a: Excadrill
|-supereffective|p2a: Excadrill
|-damage|p2a: Excadrill|0 fnt
|faint|p2a: Excadrill
|
|upkeep
|
|t:|1781460774
|switch|p2a: Tyranitar|Tyranitar, F|100/100
|-weather|Sandstorm|[from] ability: Sand Stream|[of] p2a: Tyranitar
|turn|19
|
|t:|1781460776
|move|p2a: Tyranitar|Stone Edge|p1a: Heatran|[miss]
|-miss|p2a: Tyranitar|p1a: Heatran
|move|p1a: Heatran|Flash Cannon|p2a: Tyranitar
|-supereffective|p2a: Tyranitar
|-damage|p2a: Tyranitar|44/100
|
|-weather|Sandstorm|[upkeep]
|-damage|p1a: Heatran|94/100|[from] Sandstorm
|upkeep
|turn|20
|j| Schlafparalyse
|
|t:|1781460790
|switch|p1a: Weezing|Weezing-Galar, M, shiny|100/100
|move|p2a: Tyranitar|Stone Edge|p1a: Weezing
|-damage|p1a: Weezing|45/100
|
|-weather|Sandstorm|[upkeep]
|-damage|p1a: Weezing|39/100|[from] Sandstorm
|-heal|p1a: Weezing|45/100|[from] item: Black Sludge
|upkeep
|turn|21
|
|t:|1781460795
|move|p2a: Tyranitar|Stone Edge|p1a: Weezing
|-damage|p1a: Weezing|0 fnt
|faint|p1a: Weezing
|
|-weather|Sandstorm|[upkeep]
|upkeep
|
|t:|1781460797
|switch|p1a: Weavile|Weavile, M, shiny|80/100
|-ability|p1a: Weavile|Pressure
|turn|22
|
|t:|1781460799
|switch|p1a: Raging Bolt|Raging Bolt|17/100
|switch|p2a: Alomomola|Alomomola, F|68/100
|
|-weather|Sandstorm|[upkeep]
|-damage|p1a: Raging Bolt|11/100|[from] Sandstorm
|-damage|p2a: Alomomola|61/100|[from] Sandstorm
|-heal|p1a: Raging Bolt|17/100|[from] item: Leftovers
|upkeep
|turn|23
|
|t:|1781460805
|switch|p2a: Tyranitar|Tyranitar, F|44/100
|move|p1a: Raging Bolt|Thunderbolt|p2a: Tyranitar
|-damage|p2a: Tyranitar|11/100
|
|-weather|none
|-heal|p1a: Raging Bolt|23/100|[from] item: Leftovers
|upkeep
|turn|24
|
|t:|1781460808
|move|p1a: Raging Bolt|Thunderclap|p2a: Tyranitar
|-damage|p2a: Tyranitar|0 fnt
|faint|p2a: Tyranitar
|
|-heal|p1a: Raging Bolt|29/100|[from] item: Leftovers
|upkeep
|
|t:|1781460812
|switch|p2a: Enamorus|Enamorus, F|24/100
|turn|25
|
|t:|1781460816
|-terastallize|p2a: Enamorus|Ground
|move|p1a: Raging Bolt|Thunderclap|p2a: Enamorus
|-immune|p2a: Enamorus
|move|p2a: Enamorus|Moonblast|p1a: Raging Bolt
|-supereffective|p1a: Raging Bolt
|-damage|p1a: Raging Bolt|0 fnt
|faint|p1a: Raging Bolt
|-end|p1a: Raging Bolt|Protosynthesis|[silent]
|
|upkeep
|
|t:|1781460824
|switch|p1a: Garchomp|Garchomp, M|83/100
|turn|26
|
|t:|1781460827
|switch|p2a: Hydrapple|Hydrapple, M|100/100
|move|p1a: Garchomp|Outrage|p2a: Hydrapple
|-supereffective|p2a: Hydrapple
|-damage|p2a: Hydrapple|27/100
|-damage|p1a: Garchomp|67/100|[from] item: Rocky Helmet|[of] p2a: Hydrapple
|
|upkeep
|turn|27
|
|t:|1781460833
|switch|p2a: Alomomola|Alomomola, F|95/100
|move|p1a: Garchomp|Outrage|p2a: Alomomola|[from] lockedmove
|-damage|p2a: Alomomola|50/100
|-start|p1a: Garchomp|confusion|[fatigue]
|
|upkeep
|turn|28
|
|t:|1781460838
|switch|p1a: Heatran|Heatran, M, tera:Flying|94/100
|move|p2a: Alomomola|Scald|p1a: Heatran
|-damage|p1a: Heatran|87/100
|
|upkeep
|turn|29
|
|t:|1781460861
|move|p1a: Heatran|Earth Power|p2a: Alomomola
|-damage|p2a: Alomomola|25/100
|-unboost|p2a: Alomomola|spd|1
|move|p2a: Alomomola|Flip Turn|p1a: Heatran
|-damage|p1a: Heatran|74/100
|
|t:|1781460863
|switch|p2a: Enamorus|Enamorus, F, tera:Ground|24/100|[from] Flip Turn
|
|upkeep
|turn|30
|
|t:|1781460865
|switch|p2a: Alomomola|Alomomola, F|59/100
|move|p1a: Heatran|Flash Cannon|p2a: Alomomola
|-resisted|p2a: Alomomola
|-damage|p2a: Alomomola|41/100
|
|upkeep
|turn|31
|
|t:|1781460867
|move|p1a: Heatran|Earth Power|p2a: Alomomola
|-damage|p2a: Alomomola|14/100
|move|p2a: Alomomola|Flip Turn|p1a: Heatran
|-damage|p1a: Heatran|61/100
|
|t:|1781460869
|switch|p2a: Enamorus|Enamorus, F, tera:Ground|24/100|[from] Flip Turn
|
|upkeep
|turn|32
|
|t:|1781460871
|switch|p2a: Alomomola|Alomomola, F|48/100
|move|p1a: Heatran|Lava Plume|p2a: Alomomola
|-resisted|p2a: Alomomola
|-damage|p2a: Alomomola|32/100
|
|upkeep
|turn|33
|
|t:|1781460873
|switch|p2a: Hydrapple|Hydrapple, M|60/100
|move|p1a: Heatran|Lava Plume|p2a: Hydrapple
|-damage|p2a: Hydrapple|16/100
|
|upkeep
|turn|34
|
|t:|1781460875
|switch|p2a: Enamorus|Enamorus, F, tera:Ground|24/100
|move|p1a: Heatran|Lava Plume|p2a: Enamorus
|-damage|p2a: Enamorus|0 fnt
|faint|p2a: Enamorus
|
|upkeep
|
|t:|1781460877
|switch|p2a: Alomomola|Alomomola, F|65/100
|turn|35
|
|t:|1781460879
|move|p1a: Heatran|Earth Power|p2a: Alomomola
|-damage|p2a: Alomomola|39/100
|move|p2a: Alomomola|Flip Turn|p1a: Heatran
|-damage|p1a: Heatran|48/100
|
|t:|1781460883
|switch|p2a: Hydrapple|Hydrapple, M|50/100|[from] Flip Turn
|
|upkeep
|turn|36
|
|t:|1781460886
|switch|p2a: Alomomola|Alomomola, F|73/100
|move|p1a: Heatran|Lava Plume|p2a: Alomomola
|-resisted|p2a: Alomomola
|-damage|p2a: Alomomola|57/100
|
|upkeep
|turn|37
|
|t:|1781460888
|move|p1a: Heatran|Lava Plume|p2a: Alomomola
|-resisted|p2a: Alomomola
|-damage|p2a: Alomomola|40/100
|-status|p2a: Alomomola|brn
|move|p2a: Alomomola|Flip Turn|p1a: Heatran
|-damage|p1a: Heatran|41/100
|
|t:|1781460898
|switch|p2a: Hydrapple|Hydrapple, M|83/100|[from] Flip Turn
|
|upkeep
|turn|38
|
|t:|1781460901
|move|p1a: Heatran|Lava Plume|p2a: Hydrapple
|-damage|p2a: Hydrapple|39/100
|-status|p2a: Hydrapple|brn
|move|p2a: Hydrapple|Fickle Beam|p1a: Heatran
|-damage|p1a: Heatran|24/100
|
|-damage|p2a: Hydrapple|33/100 brn|[from] brn
|upkeep
|turn|39
|
|t:|1781460906
|switch|p1a: Garchomp|Garchomp, M|67/100
|switch|p2a: Alomomola|Alomomola, F|73/100 brn
|
|-damage|p2a: Alomomola|67/100 brn|[from] brn
|upkeep
|turn|40
|
|t:|1781460910
|move|p1a: Garchomp|Outrage|p2a: Alomomola
|-damage|p2a: Alomomola|25/100 brn
|move|p2a: Alomomola|Scald|p1a: Garchomp
|-damage|p1a: Garchomp|52/100
|-status|p1a: Garchomp|brn
|
|-damage|p1a: Garchomp|46/100 brn|[from] brn
|-damage|p2a: Alomomola|19/100 brn|[from] brn
|upkeep
|turn|41
|
|t:|1781460915
|switch|p2a: Hydrapple|Hydrapple, M|66/100 brn
|move|p1a: Garchomp|Outrage|p2a: Hydrapple|[from] lockedmove
|-supereffective|p2a: Hydrapple
|-damage|p2a: Hydrapple|32/100 brn
|-damage|p1a: Garchomp|30/100 brn|[from] item: Rocky Helmet|[of] p2a: Hydrapple
|
|-damage|p1a: Garchomp|24/100 brn|[from] brn
|-damage|p2a: Hydrapple|26/100 brn|[from] brn
|upkeep
|turn|42
|
|t:|1781460917
|move|p1a: Garchomp|Outrage|p2a: Hydrapple|[from] lockedmove
|-supereffective|p2a: Hydrapple
|-damage|p2a: Hydrapple|0 fnt
|-damage|p1a: Garchomp|7/100 brn|[from] item: Rocky Helmet|[of] p2a: Hydrapple
|faint|p2a: Hydrapple
|-start|p1a: Garchomp|confusion|[fatigue]
|
|-damage|p1a: Garchomp|1/100 brn|[from] brn
|upkeep
|
|t:|1781460919
|switch|p2a: Alomomola|Alomomola, F|52/100 brn
|turn|43
|-message|Rj yoip forfeited.
|
|win|isaac_gam3r
|raw|isaac_gam3r's rating: 1687 &rarr; <strong>1710</strong><br />(+23 for winning)
|raw|Rj yoip's rating: 1740 &rarr; <strong>1717</strong><br />(-23 for losing)
|l|☆Rj yoip
|player|p2|
|l|☆isaac_gam3r
|player|p1|
|l| Schlafparalyse
