|j|☆cacao1
|j|☆veronyl
|t:|1781544592
|gametype|singles
|player|p1|cacao1|169|1529
|player|p2|veronyl|palmer|1508
|gen|9
|tier|[Gen 9] OU
|rated|
|rule|HP Percentage Mod: HP is shown in percentages
|rule|Endless Battle Clause: Forcing endless battles is banned
|rule|Species Clause: Limit one of each Pokémon
|rule|OHKO Clause: OHKO moves are banned
|rule|Evasion Items Clause: Evasion items are banned
|rule|Evasion Moves Clause: Evasion moves are banned
|rule|Evasion Abilities Clause: Evasion abilities are banned
|rule|Sleep Moves Clause: Sleep-inducing moves are banned
|clearpoke
|poke|p1|Heatran, F|
|poke|p1|Torkoal, M|
|poke|p1|Hatterene, F|
|poke|p1|Walking Wake|
|poke|p1|Lilligant-Hisui, F|
|poke|p1|Great Tusk|
|poke|p2|Glaceon, F|
|poke|p2|Ninetales-Alola, F|
|poke|p2|Basculegion-F, F|
|poke|p2|Ogerpon-Wellspring, F|
|poke|p2|Iron Treads|
|poke|p2|Weavile, F|
|teampreview
|inactive|Battle timer is ON: inactive players will automatically lose when time's up. (requested by veronyl)
|
|t:|1781544605
|teamsize|p1|6
|teamsize|p2|6
|start
|switch|p1a: Heatran|Heatran, F|100/100
|switch|p2a: Basculegion|Basculegion-F, F|100/100
|turn|1
|
|t:|1781544611
|switch|p1a: Walking Wake|Walking Wake|100/100
|move|p2a: Basculegion|Surf|p1a: Walking Wake
|-resisted|p1a: Walking Wake
|-crit|p1a: Walking Wake
|-damage|p1a: Walking Wake|79/100
|
|upkeep
|turn|2
|
|t:|1781544624
|switch|p2a: Ninetales|Ninetales-Alola, F|100/100
|-weather|Snowscape|[from] ability: Snow Warning|[of] p2a: Ninetales
|move|p1a: Walking Wake|Hydro Steam|p2a: Ninetales
|-damage|p2a: Ninetales|61/100
|
|-weather|Snowscape|[upkeep]
|upkeep
|turn|3
|
|t:|1781544628
|switch|p2a: Ogerpon|Ogerpon-Wellspring, F|100/100
|move|p1a: Walking Wake|Flamethrower|p2a: Ogerpon
|-damage|p2a: Ogerpon|63/100
|
|-weather|Snowscape|[upkeep]
|upkeep
|turn|4
|
|t:|1781544634
|move|p2a: Ogerpon|Horn Leech|p1a: Walking Wake
|-damage|p1a: Walking Wake|30/100
|-heal|p2a: Ogerpon|91/100|[from] drain|[of] p1a: Walking Wake
|move|p1a: Walking Wake|Draco Meteor|p2a: Ogerpon
|-damage|p2a: Ogerpon|12/100
|-unboost|p1a: Walking Wake|spa|2
|
|-weather|Snowscape|[upkeep]
|upkeep
|turn|5
|
|t:|1781544641
|-end|p1a: Walking Wake|Protosynthesis|[silent]
|switch|p1a: Torkoal|Torkoal, M|100/100
|-weather|SunnyDay|[from] ability: Drought|[of] p1a: Torkoal
|move|p2a: Ogerpon|Horn Leech|p1a: Torkoal
|-resisted|p1a: Torkoal
|-damage|p1a: Torkoal|88/100
|-heal|p2a: Ogerpon|19/100|[from] drain|[of] p1a: Torkoal
|
|-weather|SunnyDay|[upkeep]
|upkeep
|turn|6
|
|t:|1781544652
|move|p2a: Ogerpon|Ivy Cudgel|p1a: Torkoal|[anim] Ivy Cudgel Water
|-supereffective|p1a: Torkoal
|-crit|p1a: Torkoal
|-damage|p1a: Torkoal|37/100
|move|p1a: Torkoal|Stealth Rock|p2a: Ogerpon
|-sidestart|p2: veronyl|move: Stealth Rock
|
|-weather|SunnyDay|[upkeep]
|upkeep
|turn|7
|
|t:|1781544656
|switch|p1a: Lilligant|Lilligant-Hisui, F|100/100
|move|p2a: Ogerpon|Ivy Cudgel|p1a: Lilligant|[anim] Ivy Cudgel Water
|-resisted|p1a: Lilligant
|-damage|p1a: Lilligant|79/100
|
|-weather|SunnyDay|[upkeep]
|upkeep
|turn|8
|
|t:|1781544670
|move|p1a: Lilligant|Victory Dance|p1a: Lilligant
|-boost|p1a: Lilligant|atk|1
|-boost|p1a: Lilligant|def|1
|-boost|p1a: Lilligant|spe|1
|move|p2a: Ogerpon|U-turn|p1a: Lilligant
|-damage|p1a: Lilligant|49/100
|
|t:|1781544675
|switch|p2a: Weavile|Weavile, F|100/100|[from] U-turn
|-ability|p2a: Weavile|Pressure
|
|-weather|SunnyDay|[upkeep]
|upkeep
|turn|9
|
|t:|1781544683
|switch|p1a: Heatran|Heatran, F|100/100
|move|p2a: Weavile|Ice Shard|p1a: Heatran
|-resisted|p1a: Heatran
|-damage|p1a: Heatran|96/100
|
|-weather|SunnyDay|[upkeep]
|upkeep
|turn|10
|
|t:|1781544692
|switch|p2a: Ogerpon|Ogerpon-Wellspring, F|19/100
|-damage|p2a: Ogerpon|7/100|[from] Stealth Rock
|move|p1a: Heatran|Flamethrower|p2a: Ogerpon
|-damage|p2a: Ogerpon|0 fnt
|faint|p2a: Ogerpon
|
|-weather|SunnyDay|[upkeep]
|upkeep
|
|t:|1781544695
|switch|p2a: Basculegion|Basculegion-F, F|100/100
|-damage|p2a: Basculegion|88/100|[from] Stealth Rock
|turn|11
|
|t:|1781544702
|move|p2a: Basculegion|Shadow Ball|p1a: Heatran
|-damage|p1a: Heatran|48/100
|move|p1a: Heatran|Flamethrower|p2a: Basculegion
|-resisted|p2a: Basculegion
|-damage|p2a: Basculegion|31/100
|
|-weather|SunnyDay|[upkeep]
|upkeep
|turn|12
|
|t:|1781544717
|move|p2a: Basculegion|Shadow Ball|p1a: Heatran
|-damage|p1a: Heatran|5/100
|-unboost|p1a: Heatran|spd|1
|move|p1a: Heatran|Flamethrower|p2a: Basculegion
|-resisted|p2a: Basculegion
|-damage|p2a: Basculegion|0 fnt
|faint|p2a: Basculegion
|
|-weather|none
|upkeep
|
|t:|1781544720
|switch|p2a: Iron Treads|Iron Treads|100/100
|-damage|p2a: Iron Treads|97/100|[from] Stealth Rock
|turn|13
|
|t:|1781544735
|move|p2a: Iron Treads|Rapid Spin|p1a: Heatran
|-resisted|p1a: Heatran
|-damage|p1a: Heatran|0 fnt
|-boost|p2a: Iron Treads|spe|1
|-sideend|p2: veronyl|Stealth Rock|[from] move: Rapid Spin|[of] p2a: Iron Treads
|faint|p1a: Heatran
|
|upkeep
|
|t:|1781544741
|switch|p1a: Great Tusk|Great Tusk|100/100
|turn|14
|
|t:|1781544764
|-terastallize|p2a: Iron Treads|Ground
|move|p2a: Iron Treads|Earthquake|p1a: Great Tusk
|-damage|p1a: Great Tusk|52/100
|move|p1a: Great Tusk|Close Combat|p2a: Iron Treads
|-damage|p2a: Iron Treads|39/100
|-unboost|p1a: Great Tusk|def|1
|-unboost|p1a: Great Tusk|spd|1
|
|upkeep
|turn|15
|
|t:|1781544786
|move|p2a: Iron Treads|Earthquake|p1a: Great Tusk
|-damage|p1a: Great Tusk|0 fnt
|faint|p1a: Great Tusk
|-end|p1a: Great Tusk|Protosynthesis|[silent]
|
|upkeep
|
|t:|1781544799
|switch|p1a: Hatterene|Hatterene, F|100/100
|turn|16
|
|t:|1781544806
|move|p2a: Iron Treads|Heavy Slam|p1a: Hatterene
|-supereffective|p1a: Hatterene
|-damage|p1a: Hatterene|0 fnt
|faint|p1a: Hatterene
|
|upkeep
|
|t:|1781544814
|switch|p1a: Torkoal|Torkoal, M|37/100
|-weather|SunnyDay|[from] ability: Drought|[of] p1a: Torkoal
|turn|17
|
|t:|1781544820
|move|p2a: Iron Treads|Earthquake|p1a: Torkoal
|-supereffective|p1a: Torkoal
|-damage|p1a: Torkoal|0 fnt
|faint|p1a: Torkoal
|
|-weather|SunnyDay|[upkeep]
|upkeep
|
|t:|1781544822
|switch|p1a: Lilligant|Lilligant-Hisui, F|49/100
|turn|18
|
|t:|1781544825
|move|p1a: Lilligant|Victory Dance|p1a: Lilligant
|-boost|p1a: Lilligant|atk|1
|-boost|p1a: Lilligant|def|1
|-boost|p1a: Lilligant|spe|1
|move|p2a: Iron Treads|Ice Spinner|p1a: Lilligant
|-supereffective|p1a: Lilligant
|-damage|p1a: Lilligant|0 fnt
|faint|p1a: Lilligant
|
|-weather|SunnyDay|[upkeep]
|upkeep
|-message|cacao1 forfeited.
|
|win|veronyl
|raw|cacao1's rating: 1529 &rarr; <strong>1508</strong><br />(-21 for losing)
|raw|veronyl's rating: 1508 &rarr; <strong>1529</strong><br />(+21 for winning)
|l|☆cacao1
|player|p1|
|l|☆veronyl
|player|p2|
