|j|☆Aarons fish
|j|☆ftaochaphet
|t:|1780984621
|gametype|singles
|player|p1|Aarons fish|266|1563
|player|p2|ftaochaphet|2|1604
|gen|9
|tier|[Gen 9] OU
|rated|
|rule|HP Percentage Mod: HP is shown in percentages
|rule|Endless Battle Clause: Forcing endless battles is banned
|rule|Species Clause: Limit one of each Pokémon
|rule|OHKO Clause: OHKO moves are banned
|rule|Evasion Items Clause: Evasion items are banned
|rule|Evasion Moves Clause: Evasion moves are banned
|rule|Evasion Abilities Clause: Evasion abilities are banned
|rule|Sleep Moves Clause: Sleep-inducing moves are banned
|clearpoke
|poke|p1|Landorus-Therian, M|
|poke|p1|Raging Bolt|
|poke|p1|Torkoal, F|
|poke|p1|Iron Moth|
|poke|p1|Slither Wing|
|poke|p1|Walking Wake|
|poke|p2|Enamorus, F|
|poke|p2|Samurott-Hisui, F|
|poke|p2|Gholdengo|
|poke|p2|Great Tusk|
|poke|p2|Kingambit, F|
|poke|p2|Alomomola, F|
|teampreview
|inactive|Battle timer is ON: inactive players will automatically lose when time's up. (requested by ftaochaphet)
|
|t:|1780984631
|teamsize|p1|6
|teamsize|p2|6
|start
|switch|p1a: Slither Wing|Slither Wing|100/100
|switch|p2a: Great Tusk|Great Tusk|100/100
|turn|1
|
|t:|1780984636
|move|p2a: Great Tusk|Stealth Rock|p1a: Slither Wing
|-sidestart|p1: Aarons fish|move: Stealth Rock
|move|p1a: Slither Wing|Close Combat|p2a: Great Tusk
|-damage|p2a: Great Tusk|48/100
|-unboost|p1a: Slither Wing|def|1
|-unboost|p1a: Slither Wing|spd|1
|
|upkeep
|turn|2
|
|t:|1780984641
|-end|p2a: Great Tusk|Protosynthesis|[silent]
|switch|p2a: Enamorus|Enamorus, F|100/100
|-end|p1a: Slither Wing|Protosynthesis|[silent]
|switch|p1a: Landorus|Landorus-Therian, M|100/100
|-damage|p1a: Landorus|88/100|[from] Stealth Rock
|-ability|p1a: Landorus|Intimidate|boost
|-boost|p2a: Enamorus|atk|1
|
|upkeep
|turn|3
|
|t:|1780984650
|move|p2a: Enamorus|Moonblast|p1a: Landorus
|-damage|p1a: Landorus|25/100
|-unboost|p1a: Landorus|spa|1
|move|p1a: Landorus|Stealth Rock|p2a: Enamorus
|-sidestart|p2: ftaochaphet|move: Stealth Rock
|
|upkeep
|turn|4
|
|t:|1780984656
|switch|p1a: Torkoal|Torkoal, F|100/100
|-damage|p1a: Torkoal|75/100|[from] Stealth Rock
|-weather|SunnyDay|[from] ability: Drought|[of] p1a: Torkoal
|move|p2a: Enamorus|Moonblast|p1a: Torkoal
|-resisted|p1a: Torkoal
|-damage|p1a: Torkoal|38/100
|
|-weather|SunnyDay|[upkeep]
|upkeep
|turn|5
|
|t:|1780984661
|-terastallize|p2a: Enamorus|Fairy
|move|p2a: Enamorus|Moonblast|p1a: Torkoal
|-resisted|p1a: Torkoal
|-damage|p1a: Torkoal|0 fnt
|faint|p1a: Torkoal
|
|-weather|SunnyDay|[upkeep]
|upkeep
|
|t:|1780984664
|switch|p1a: Iron Moth|Iron Moth|100/100
|-damage|p1a: Iron Moth|76/100|[from] Stealth Rock
|turn|6
|
|t:|1780984669
|switch|p2a: Alomomola|Alomomola, F|100/100
|move|p1a: Iron Moth|Fiery Dance|p2a: Alomomola
|-resisted|p2a: Alomomola
|-damage|p2a: Alomomola|46/100
|
|-weather|SunnyDay|[upkeep]
|upkeep
|turn|7
|
|t:|1780984673
|-terastallize|p1a: Iron Moth|Fire
|move|p1a: Iron Moth|Fiery Dance|p2a: Alomomola
|-resisted|p2a: Alomomola
|-damage|p2a: Alomomola|0 fnt
|faint|p2a: Alomomola
|
|-weather|SunnyDay|[upkeep]
|upkeep
|
|t:|1780984683
|switch|p2a: Samurott|Samurott-Hisui, F|100/100
|-damage|p2a: Samurott|88/100|[from] Stealth Rock
|turn|8
|
|t:|1780984687
|move|p1a: Iron Moth|Fiery Dance|p2a: Samurott
|-resisted|p2a: Samurott
|-damage|p2a: Samurott|41/100
|-boost|p1a: Iron Moth|spa|1
|move|p2a: Samurott|Ceaseless Edge|p1a: Iron Moth
|-damage|p1a: Iron Moth|7/100
|-sidestart|p1: Aarons fish|Spikes
|
|-weather|SunnyDay|[upkeep]
|upkeep
|turn|9
|
|t:|1780984693
|move|p2a: Samurott|Sucker Punch|p1a: Iron Moth
|-damage|p1a: Iron Moth|0 fnt
|faint|p1a: Iron Moth
|-end|p1a: Iron Moth|Quark Drive|[silent]
|
|-weather|SunnyDay|[upkeep]
|upkeep
|
|t:|1780984697
|switch|p1a: Raging Bolt|Raging Bolt|100/100
|-damage|p1a: Raging Bolt|88/100|[from] Stealth Rock
|-damage|p1a: Raging Bolt|76/100|[from] Spikes
|-activate|p1a: Raging Bolt|ability: Protosynthesis
|-start|p1a: Raging Bolt|protosynthesisspa
|turn|10
|
|t:|1780984704
|move|p1a: Raging Bolt|Thunderclap|p2a: Samurott
|-supereffective|p2a: Samurott
|-damage|p2a: Samurott|0 fnt
|faint|p2a: Samurott
|
|-weather|SunnyDay|[upkeep]
|upkeep
|
|t:|1780984706
|switch|p2a: Great Tusk|Great Tusk|48/100
|-activate|p2a: Great Tusk|ability: Protosynthesis
|-start|p2a: Great Tusk|protosynthesisatk
|turn|11
|
|t:|1780984714
|-end|p1a: Raging Bolt|Protosynthesis|[silent]
|switch|p1a: Landorus|Landorus-Therian, M|25/100
|-damage|p1a: Landorus|12/100|[from] Stealth Rock
|-ability|p1a: Landorus|Intimidate|boost
|-unboost|p2a: Great Tusk|atk|1
|move|p2a: Great Tusk|Ice Spinner|p1a: Landorus
|-supereffective|p1a: Landorus
|-damage|p1a: Landorus|0 fnt
|-damage|p2a: Great Tusk|32/100|[from] item: Rocky Helmet|[of] p1a: Landorus
|faint|p1a: Landorus
|
|-weather|none
|-end|p2a: Great Tusk|Protosynthesis
|upkeep
|
|t:|1780984719
|switch|p1a: Walking Wake|Walking Wake|100/100
|-damage|p1a: Walking Wake|88/100|[from] Stealth Rock
|-damage|p1a: Walking Wake|76/100|[from] Spikes
|turn|12
|
|t:|1780984728
|-end|p2a: Great Tusk|Protosynthesis|[silent]
|switch|p2a: Gholdengo|Gholdengo|100/100
|-damage|p2a: Gholdengo|94/100|[from] Stealth Rock
|move|p1a: Walking Wake|Flamethrower|p2a: Gholdengo
|-supereffective|p2a: Gholdengo
|-damage|p2a: Gholdengo|9/100
|
|upkeep
|turn|13
|
|t:|1780984731
|move|p1a: Walking Wake|Flamethrower|p2a: Gholdengo
|-supereffective|p2a: Gholdengo
|-damage|p2a: Gholdengo|0 fnt
|faint|p2a: Gholdengo
|
|upkeep
|
|t:|1780984732
|switch|p2a: Enamorus|Enamorus, F, tera:Fairy|100/100
|-damage|p2a: Enamorus|88/100|[from] Stealth Rock
|turn|14
|
|t:|1780984737
|-end|p1a: Walking Wake|Protosynthesis|[silent]
|switch|p1a: Slither Wing|Slither Wing|100/100
|-damage|p1a: Slither Wing|88/100|[from] Stealth Rock
|-damage|p1a: Slither Wing|76/100|[from] Spikes
|move|p2a: Enamorus|Moonblast|p1a: Slither Wing
|-supereffective|p1a: Slither Wing
|-damage|p1a: Slither Wing|0 fnt
|faint|p1a: Slither Wing
|-end|p1a: Slither Wing|Protosynthesis|[silent]
|
|upkeep
|
|t:|1780984743
|switch|p1a: Raging Bolt|Raging Bolt|76/100
|-damage|p1a: Raging Bolt|64/100|[from] Stealth Rock
|-damage|p1a: Raging Bolt|51/100|[from] Spikes
|turn|15
|
|t:|1780984759
|move|p1a: Raging Bolt|Thunderclap|p2a: Enamorus
|-damage|p2a: Enamorus|37/100
|move|p2a: Enamorus|Moonblast|p1a: Raging Bolt
|-supereffective|p1a: Raging Bolt
|-damage|p1a: Raging Bolt|0 fnt
|faint|p1a: Raging Bolt
|-end|p1a: Raging Bolt|Protosynthesis|[silent]
|
|upkeep
|
|t:|1780984762
|switch|p1a: Walking Wake|Walking Wake|76/100
|-damage|p1a: Walking Wake|64/100|[from] Stealth Rock
|-damage|p1a: Walking Wake|51/100|[from] Spikes
|turn|16
|
|t:|1780984765
|move|p2a: Enamorus|Moonblast|p1a: Walking Wake
|-supereffective|p1a: Walking Wake
|-damage|p1a: Walking Wake|0 fnt
|faint|p1a: Walking Wake
|-end|p1a: Walking Wake|Protosynthesis|[silent]
|
|win|ftaochaphet
|raw|Aarons fish's rating: 1563 &rarr; <strong>1545</strong><br />(-18 for losing)
|raw|ftaochaphet's rating: 1604 &rarr; <strong>1622</strong><br />(+18 for winning)
|l|☆Aarons fish
|player|p1|
|l|☆ftaochaphet
|player|p2|
