|j|☆tonyrayyy
|j|☆Ausar489
|t:|1781323309
|gametype|singles
|player|p1|tonyrayyy|1|1543
|player|p2|Ausar489|lucas-gen4pt|1590
|gen|9
|tier|[Gen 9] OU
|rated|
|rule|HP Percentage Mod: HP is shown in percentages
|rule|Endless Battle Clause: Forcing endless battles is banned
|rule|Species Clause: Limit one of each Pokémon
|rule|OHKO Clause: OHKO moves are banned
|rule|Evasion Items Clause: Evasion items are banned
|rule|Evasion Moves Clause: Evasion moves are banned
|rule|Evasion Abilities Clause: Evasion abilities are banned
|rule|Sleep Moves Clause: Sleep-inducing moves are banned
|clearpoke
|poke|p1|Samurott-Hisui, M|
|poke|p1|Zapdos|
|poke|p1|Gholdengo|
|poke|p1|Kingambit, M|
|poke|p1|Slowking-Galar, F|
|poke|p1|Great Tusk|
|poke|p2|Ceruledge, M|
|poke|p2|Torkoal, F|
|poke|p2|Great Tusk|
|poke|p2|Walking Wake|
|poke|p2|Venusaur, F|
|poke|p2|Hatterene, F|
|teampreview
|inactive|Battle timer is ON: inactive players will automatically lose when time's up. (requested by Ausar489)
|
|t:|1781323317
|teamsize|p1|6
|teamsize|p2|6
|start
|switch|p1a: Samurott|Samurott-Hisui, M|100/100
|switch|p2a: Great Tusk|Great Tusk|100/100
|turn|1
|j| Vitriso
|
|t:|1781323327
|-end|p2a: Great Tusk|Protosynthesis|[silent]
|switch|p2a: Hatterene|Hatterene, F|100/100
|move|p1a: Samurott|Flip Turn|p2a: Hatterene
|-damage|p2a: Hatterene|78/100
|-enditem|p2a: Hatterene|Eject Button
|
|t:|1781323331
|switch|p2a: Torkoal|Torkoal, F|100/100
|-weather|SunnyDay|[from] ability: Drought|[of] p2a: Torkoal
|
|-weather|SunnyDay|[upkeep]
|upkeep
|turn|2
|
|t:|1781323337
|switch|p2a: Great Tusk|Great Tusk|100/100
|-activate|p2a: Great Tusk|ability: Protosynthesis
|-start|p2a: Great Tusk|protosynthesisatk
|move|p1a: Samurott|Flip Turn|p2a: Great Tusk
|-supereffective|p2a: Great Tusk
|-damage|p2a: Great Tusk|81/100
|
|t:|1781323356
|switch|p1a: Gholdengo|Gholdengo|100/100|[from] Flip Turn
|-item|p1a: Gholdengo|Air Balloon
|
|-weather|SunnyDay|[upkeep]
|upkeep
|turn|3
|
|t:|1781323362
|move|p2a: Great Tusk|Temper Flare|p1a: Gholdengo
|-supereffective|p1a: Gholdengo
|-damage|p1a: Gholdengo|5/100
|-enditem|p1a: Gholdengo|Air Balloon
|move|p1a: Gholdengo|Make It Rain|p2a: Great Tusk
|-damage|p2a: Great Tusk|24/100
|-unboost|p1a: Gholdengo|spa|1
|
|-weather|SunnyDay|[upkeep]
|upkeep
|turn|4
|
|t:|1781323372
|switch|p1a: Great Tusk|Great Tusk|100/100
|-activate|p1a: Great Tusk|ability: Protosynthesis
|-start|p1a: Great Tusk|protosynthesisspe
|move|p2a: Great Tusk|Temper Flare|p1a: Great Tusk
|-damage|p1a: Great Tusk|63/100
|
|-weather|SunnyDay|[upkeep]
|upkeep
|turn|5
|
|t:|1781323383
|-end|p2a: Great Tusk|Protosynthesis|[silent]
|switch|p2a: Hatterene|Hatterene, F|78/100
|move|p1a: Great Tusk|Headlong Rush|p2a: Hatterene
|-crit|p2a: Hatterene
|-damage|p2a: Hatterene|13/100
|-unboost|p1a: Great Tusk|def|1
|-unboost|p1a: Great Tusk|spd|1
|
|-weather|SunnyDay|[upkeep]
|upkeep
|turn|6
|
|t:|1781323394
|move|p1a: Great Tusk|Rapid Spin|p2a: Hatterene
|-damage|p2a: Hatterene|0 fnt
|-boost|p1a: Great Tusk|spe|1
|faint|p2a: Hatterene
|
|-weather|SunnyDay|[upkeep]
|upkeep
|
|t:|1781323406
|switch|p2a: Ceruledge|Ceruledge, M|100/100
|turn|7
|
|t:|1781323409
|move|p1a: Great Tusk|Stealth Rock|p2a: Ceruledge
|-sidestart|p2: Ausar489|move: Stealth Rock
|move|p2a: Ceruledge|Bitter Blade|p1a: Great Tusk
|-damage|p1a: Great Tusk|0 fnt
|faint|p1a: Great Tusk
|-end|p1a: Great Tusk|Protosynthesis|[silent]
|
|-weather|SunnyDay|[upkeep]
|upkeep
|
|t:|1781323417
|switch|p1a: Samurott|Samurott-Hisui, M|100/100
|turn|8
|
|t:|1781323424
|move|p1a: Samurott|Ceaseless Edge|p2a: Ceruledge
|-supereffective|p2a: Ceruledge
|-enditem|p2a: Ceruledge|Focus Sash
|-damage|p2a: Ceruledge|1/100
|-ability|p2a: Ceruledge|Weak Armor|boost
|-unboost|p2a: Ceruledge|def|1
|-boost|p2a: Ceruledge|spe|2
|-sidestart|p2: Ausar489|Spikes
|move|p2a: Ceruledge|Solar Blade||[still]
|-prepare|p2a: Ceruledge|Solar Blade
|-anim|p2a: Ceruledge|Solar Blade|p1a: Samurott
|-supereffective|p1a: Samurott
|-damage|p1a: Samurott|0 fnt
|faint|p1a: Samurott
|
|-weather|none
|upkeep
|
|t:|1781323437
|switch|p1a: Zapdos|Zapdos|100/100
|turn|9
|
|t:|1781323443
|move|p2a: Ceruledge|Bitter Blade|p1a: Zapdos
|-damage|p1a: Zapdos|67/100
|-heal|p2a: Ceruledge|23/100|[from] drain|[of] p1a: Zapdos
|move|p1a: Zapdos|Volt Switch|p2a: Ceruledge
|-damage|p2a: Ceruledge|0 fnt
|faint|p2a: Ceruledge
|
|t:|1781323463
|switch|p1a: Slowking|Slowking-Galar, F|100/100|[from] Volt Switch
|
|upkeep
|
|t:|1781323466
|switch|p2a: Great Tusk|Great Tusk|24/100
|-damage|p2a: Great Tusk|21/100|[from] Stealth Rock
|-damage|p2a: Great Tusk|9/100|[from] Spikes
|turn|10
|
|t:|1781323472
|switch|p1a: Gholdengo|Gholdengo|5/100
|move|p2a: Great Tusk|Rapid Spin|p1a: Gholdengo
|-immune|p1a: Gholdengo
|
|upkeep
|turn|11
|
|t:|1781323477
|move|p2a: Great Tusk|Temper Flare|p1a: Gholdengo
|-supereffective|p1a: Gholdengo
|-damage|p1a: Gholdengo|0 fnt
|faint|p1a: Gholdengo
|
|upkeep
|
|t:|1781323482
|switch|p1a: Kingambit|Kingambit, M|100/100
|-activate|p1a: Kingambit|ability: Supreme Overlord
|-start|p1a: Kingambit|fallen3|[silent]
|turn|12
|
|t:|1781323486
|move|p1a: Kingambit|Sucker Punch|p2a: Great Tusk
|-resisted|p2a: Great Tusk
|-damage|p2a: Great Tusk|0 fnt
|faint|p2a: Great Tusk
|-end|p2a: Great Tusk|Protosynthesis|[silent]
|
|upkeep
|
|t:|1781323489
|switch|p2a: Torkoal|Torkoal, F|100/100
|-damage|p2a: Torkoal|76/100|[from] Stealth Rock
|-damage|p2a: Torkoal|63/100|[from] Spikes
|-weather|SunnyDay|[from] ability: Drought|[of] p2a: Torkoal
|turn|13
|
|t:|1781323495
|-end|p1a: Kingambit|fallen3|[silent]
|switch|p1a: Slowking|Slowking-Galar, F|100/100
|move|p2a: Torkoal|Rapid Spin|p1a: Slowking
|-damage|p1a: Slowking|91/100
|-boost|p2a: Torkoal|spe|1
|-sideend|p2: Ausar489|Spikes|[from] move: Rapid Spin|[of] p2a: Torkoal
|-sideend|p2: Ausar489|Stealth Rock|[from] move: Rapid Spin|[of] p2a: Torkoal
|
|-weather|SunnyDay|[upkeep]
|upkeep
|turn|14
|
|t:|1781323513
|-prepare|p1a: Slowking|Chilly Reception|[premajor]
|move|p1a: Slowking|Chilly Reception|p1a: Slowking
|-weather|Snowscape
|
|t:|1781323515
|switch|p1a: Zapdos|Zapdos|67/100|[from] Chilly Reception
|move|p2a: Torkoal|Overheat|p1a: Zapdos
|-damage|p1a: Zapdos|18/100
|-unboost|p2a: Torkoal|spa|2
|
|-weather|Snowscape|[upkeep]
|upkeep
|turn|15
|
|t:|1781323523
|switch|p2a: Venusaur|Venusaur, F|100/100
|move|p1a: Zapdos|Volt Switch|p2a: Venusaur
|-resisted|p2a: Venusaur
|-damage|p2a: Venusaur|83/100
|
|t:|1781323528
|switch|p1a: Slowking|Slowking-Galar, F|100/100|[from] Volt Switch
|
|-weather|Snowscape|[upkeep]
|upkeep
|turn|16
|c|☆Ausar489|is that speed invested slowking
|
|t:|1781323539
|move|p2a: Venusaur|Sludge Bomb|p1a: Slowking
|-resisted|p1a: Slowking
|-damage|p1a: Slowking|86/100
|-damage|p2a: Venusaur|73/100|[from] item: Life Orb
|move|p1a: Slowking|Psychic Noise|p2a: Venusaur
|-supereffective|p2a: Venusaur
|-damage|p2a: Venusaur|12/100
|-start|p2a: Venusaur|move: Heal Block
|
|-weather|Snowscape|[upkeep]
|upkeep
|turn|17
|
|t:|1781323549
|move|p2a: Venusaur|Weather Ball|p1a: Slowking
|-damage|p1a: Slowking|63/100
|-damage|p2a: Venusaur|2/100|[from] item: Life Orb
|move|p1a: Slowking|Psychic Noise|p2a: Venusaur
|-supereffective|p2a: Venusaur
|-damage|p2a: Venusaur|0 fnt
|faint|p2a: Venusaur
|
|-weather|Snowscape|[upkeep]
|upkeep
|
|t:|1781323564
|switch|p2a: Walking Wake|Walking Wake|100/100
|turn|18
|c|☆tonyrayyy|not at all lol
|c|☆Ausar489|how did chilly happen before overheat
|inactive|Ausar489 has 120 seconds left.
|c|☆Ausar489|cause torkoal not fast but it was +1 speed
|c|☆tonyrayyy|i think i need to change it to minus speed nature
|c|☆Ausar489|ah
|c|☆Ausar489|got it
|
|t:|1781323612
|-end|p2a: Walking Wake|Protosynthesis|[silent]
|switch|p2a: Torkoal|Torkoal, F|63/100
|-weather|SunnyDay|[from] ability: Drought|[of] p2a: Torkoal
|-terastallize|p1a: Slowking|Water
|move|p1a: Slowking|Toxic|p2a: Torkoal
|-status|p2a: Torkoal|tox
|
|-weather|SunnyDay|[upkeep]
|-damage|p2a: Torkoal|57/100 tox|[from] psn
|upkeep
|turn|19
|
|t:|1781323625
|switch|p1a: Zapdos|Zapdos|18/100
|move|p2a: Torkoal|Overheat|p1a: Zapdos
|-damage|p1a: Zapdos|0 fnt
|-unboost|p2a: Torkoal|spa|2
|faint|p1a: Zapdos
|
|-weather|SunnyDay|[upkeep]
|-damage|p2a: Torkoal|45/100 tox|[from] psn
|upkeep
|
|t:|1781323633
|switch|p1a: Slowking|Slowking-Galar, F, tera:Water|96/100
|turn|20
|
|t:|1781323637
|switch|p2a: Walking Wake|Walking Wake|100/100
|-activate|p2a: Walking Wake|ability: Protosynthesis
|-start|p2a: Walking Wake|protosynthesisspe
|-prepare|p1a: Slowking|Chilly Reception|[premajor]
|move|p1a: Slowking|Chilly Reception|p1a: Slowking
|-weather|Snowscape
|-end|p2a: Walking Wake|Protosynthesis
|
|t:|1781323644
|switch|p1a: Kingambit|Kingambit, M|100/100|[from] Chilly Reception
|-activate|p1a: Kingambit|ability: Supreme Overlord
|-start|p1a: Kingambit|fallen4|[silent]
|
|-weather|Snowscape|[upkeep]
|upkeep
|turn|21
|l| Vitriso
|
|t:|1781323653
|-end|p1a: Kingambit|fallen4|[silent]
|switch|p1a: Slowking|Slowking-Galar, F, tera:Water|100/100
|move|p2a: Walking Wake|Flamethrower|p1a: Slowking
|-resisted|p1a: Slowking
|-damage|p1a: Slowking|88/100
|
|-weather|Snowscape|[upkeep]
|upkeep
|turn|22
|
|t:|1781323666
|-end|p2a: Walking Wake|Protosynthesis|[silent]
|switch|p2a: Torkoal|Torkoal, F|45/100 tox
|-weather|SunnyDay|[from] ability: Drought|[of] p2a: Torkoal
|move|p1a: Slowking|Future Sight|p2a: Torkoal
|-start|p1a: Slowking|move: Future Sight
|
|-weather|SunnyDay|[upkeep]
|-damage|p2a: Torkoal|39/100 tox|[from] psn
|upkeep
|turn|23
|
|t:|1781323676
|-prepare|p1a: Slowking|Chilly Reception|[premajor]
|move|p1a: Slowking|Chilly Reception|p1a: Slowking
|-weather|Snowscape
|
|t:|1781323679
|switch|p1a: Kingambit|Kingambit, M|100/100|[from] Chilly Reception
|-activate|p1a: Kingambit|ability: Supreme Overlord
|-start|p1a: Kingambit|fallen4|[silent]
|move|p2a: Torkoal|Overheat|p1a: Kingambit
|-supereffective|p1a: Kingambit
|-damage|p1a: Kingambit|0 fnt
|-unboost|p2a: Torkoal|spa|2
|faint|p1a: Kingambit
|-end|p1a: Kingambit|fallen4|[silent]
|
|-weather|Snowscape|[upkeep]
|-damage|p2a: Torkoal|26/100 tox|[from] psn
|upkeep
|
|t:|1781323690
|switch|p1a: Slowking|Slowking-Galar, F, tera:Water|100/100
|turn|24
|
|t:|1781323717
|move|p1a: Slowking|Psychic Noise|p2a: Torkoal
|-damage|p2a: Torkoal|0 fnt
|faint|p2a: Torkoal
|
|-weather|Snowscape|[upkeep]
|-hint|Future Sight did not hit because the target is fainted.
|upkeep
|
|t:|1781323721
|switch|p2a: Walking Wake|Walking Wake|100/100
|turn|25
|inactive|Ausar489 has 120 seconds left.
|
|t:|1781323746
|move|p2a: Walking Wake|Dragon Pulse|p1a: Slowking
|-damage|p1a: Slowking|60/100
|move|p1a: Slowking|Psychic Noise|p2a: Walking Wake
|-damage|p2a: Walking Wake|70/100
|-start|p2a: Walking Wake|move: Heal Block
|
|-weather|Snowscape|[upkeep]
|upkeep
|turn|26
|
|t:|1781323754
|move|p2a: Walking Wake|Dragon Pulse|p1a: Slowking
|-damage|p1a: Slowking|20/100
|move|p1a: Slowking|Psychic Noise|p2a: Walking Wake
|-damage|p2a: Walking Wake|39/100
|
|-weather|Snowscape|[upkeep]
|-end|p2a: Walking Wake|move: Heal Block
|upkeep
|turn|27
|c|☆tonyrayyy|gg
|c|☆Ausar489|gg
|-message|tonyrayyy forfeited.
|
|win|Ausar489
|raw|tonyrayyy's rating: 1543 &rarr; <strong>1526</strong><br />(-17 for losing)
|raw|Ausar489's rating: 1590 &rarr; <strong>1607</strong><br />(+17 for winning)
|l|☆tonyrayyy
|player|p1|
|c|☆Ausar489|close
|l|☆Ausar489
|player|p2|
