|j|☆LowEL0God
|j|☆msean3
|t:|1781230559
|gametype|singles
|player|p1|LowEL0God|265|1668
|player|p2|msean3|266|1753
|gen|9
|tier|[Gen 9] OU
|rated|
|rule|HP Percentage Mod: HP is shown in percentages
|rule|Endless Battle Clause: Forcing endless battles is banned
|rule|Species Clause: Limit one of each Pokémon
|rule|OHKO Clause: OHKO moves are banned
|rule|Evasion Items Clause: Evasion items are banned
|rule|Evasion Moves Clause: Evasion moves are banned
|rule|Evasion Abilities Clause: Evasion abilities are banned
|rule|Sleep Moves Clause: Sleep-inducing moves are banned
|clearpoke
|poke|p1|Pelipper, M|
|poke|p1|Raging Bolt|
|poke|p1|Overqwil, M|
|poke|p1|Barraskewda, M|
|poke|p1|Iron Treads|
|poke|p1|Kingambit, M|
|poke|p2|Darkrai|
|poke|p2|Alomomola, M|
|poke|p2|Corviknight, F|
|poke|p2|Weezing-Galar, F|
|poke|p2|Garchomp, M|
|poke|p2|Ogerpon, F|
|teampreview
|c|☆LowEL0God|hf
|inactive|Battle timer is ON: inactive players will automatically lose when time's up. (requested by LowEL0God)
|c|☆msean3|u2
|
|t:|1781230578
|teamsize|p1|6
|teamsize|p2|6
|start
|switch|p1a: Pelipper|Pelipper, M|100/100
|switch|p2a: Darkrai|Darkrai|100/100
|-weather|RainDance|[from] ability: Drizzle|[of] p1a: Pelipper
|turn|1
|
|t:|1781230580
|move|p2a: Darkrai|Dark Pulse|p1a: Pelipper
|-damage|p1a: Pelipper|12/100
|move|p1a: Pelipper|Weather Ball|p2a: Darkrai
|-damage|p2a: Darkrai|40/100
|
|-weather|RainDance|[upkeep]
|upkeep
|turn|2
|
|t:|1781230585
|switch|p1a: Kingambit|Kingambit, M|100/100
|move|p2a: Darkrai|Dark Pulse|p1a: Kingambit
|-resisted|p1a: Kingambit
|-damage|p1a: Kingambit|68/100
|
|-weather|RainDance|[upkeep]
|-heal|p1a: Kingambit|75/100|[from] item: Leftovers
|upkeep
|turn|3
|
|t:|1781230588
|switch|p2a: Garchomp|Garchomp, M|100/100
|move|p1a: Kingambit|Swords Dance|p1a: Kingambit
|-boost|p1a: Kingambit|atk|2
|
|-weather|RainDance|[upkeep]
|-heal|p1a: Kingambit|81/100|[from] item: Leftovers
|upkeep
|turn|4
|
|t:|1781230592
|-terastallize|p1a: Kingambit|Dark
|move|p2a: Garchomp|Earthquake|p1a: Kingambit
|-damage|p1a: Kingambit|47/100
|move|p1a: Kingambit|Kowtow Cleave|p2a: Garchomp
|-damage|p2a: Garchomp|5/100
|-damage|p1a: Kingambit|34/100|[from] ability: Rough Skin|[of] p2a: Garchomp
|-damage|p1a: Kingambit|18/100|[from] item: Rocky Helmet|[of] p2a: Garchomp
|
|-weather|RainDance|[upkeep]
|-heal|p1a: Kingambit|24/100|[from] item: Leftovers
|upkeep
|turn|5
|
|t:|1781230596
|move|p1a: Kingambit|Sucker Punch||[still]
|-fail|p1a: Kingambit
|move|p2a: Garchomp|Stealth Rock|p1a: Kingambit
|-sidestart|p1: LowEL0God|move: Stealth Rock
|
|-weather|RainDance|[upkeep]
|-heal|p1a: Kingambit|30/100|[from] item: Leftovers
|upkeep
|turn|6
|
|t:|1781230599
|move|p1a: Kingambit|Sucker Punch|p2a: Garchomp
|-damage|p2a: Garchomp|0 fnt
|-damage|p1a: Kingambit|18/100|[from] ability: Rough Skin|[of] p2a: Garchomp
|-damage|p1a: Kingambit|1/100|[from] item: Rocky Helmet|[of] p2a: Garchomp
|faint|p2a: Garchomp
|
|-weather|RainDance|[upkeep]
|-heal|p1a: Kingambit|8/100|[from] item: Leftovers
|upkeep
|
|t:|1781230601
|switch|p2a: Alomomola|Alomomola, M|100/100
|turn|7
|
|t:|1781230602
|-end|p1a: Kingambit|fallenundefined|[silent]
|switch|p1a: Raging Bolt|Raging Bolt|100/100
|-damage|p1a: Raging Bolt|88/100|[from] Stealth Rock
|-enditem|p1a: Raging Bolt|Booster Energy
|-activate|p1a: Raging Bolt|ability: Protosynthesis|[fromitem]
|-start|p1a: Raging Bolt|protosynthesisspa
|move|p2a: Alomomola|Aqua Jet|p1a: Raging Bolt
|-resisted|p1a: Raging Bolt
|-damage|p1a: Raging Bolt|81/100
|
|-weather|RainDance|[upkeep]
|upkeep
|turn|8
|
|t:|1781230607
|-terastallize|p2a: Alomomola|Normal
|move|p1a: Raging Bolt|Thunder|p2a: Alomomola
|-damage|p2a: Alomomola|61/100
|move|p2a: Alomomola|Mirror Coat|p1a: Raging Bolt
|-damage|p1a: Raging Bolt|0 fnt
|faint|p1a: Raging Bolt
|-end|p1a: Raging Bolt|Protosynthesis|[silent]
|
|-weather|none
|upkeep
|
|t:|1781230610
|switch|p1a: Iron Treads|Iron Treads|100/100
|-damage|p1a: Iron Treads|97/100|[from] Stealth Rock
|-enditem|p1a: Iron Treads|Booster Energy
|-activate|p1a: Iron Treads|ability: Quark Drive|[fromitem]
|-start|p1a: Iron Treads|quarkdrivespe
|turn|9
|
|t:|1781230614
|move|p1a: Iron Treads|Rapid Spin|p2a: Alomomola
|-damage|p2a: Alomomola|54/100
|-boost|p1a: Iron Treads|spe|1
|-sideend|p1: LowEL0God|Stealth Rock|[from] move: Rapid Spin|[of] p1a: Iron Treads
|move|p2a: Alomomola|Flip Turn|p1a: Iron Treads
|-supereffective|p1a: Iron Treads
|-damage|p1a: Iron Treads|67/100
|
|t:|1781230619
|switch|p2a: Weezing|Weezing-Galar, F|100/100|[from] Flip Turn
|-ability|p2a: Weezing|Neutralizing Gas
|
|upkeep
|turn|10
|
|t:|1781230621
|move|p1a: Iron Treads|Stealth Rock|p2a: Weezing
|-sidestart|p2: msean3|move: Stealth Rock
|move|p2a: Weezing|Will-O-Wisp|p1a: Iron Treads
|-status|p1a: Iron Treads|brn
|
|-damage|p1a: Iron Treads|61/100 brn|[from] brn
|upkeep
|turn|11
|
|t:|1781230624
|move|p1a: Iron Treads|Earth Power|p2a: Weezing
|-supereffective|p2a: Weezing
|-damage|p2a: Weezing|1/100
|move|p2a: Weezing|Defog|p1a: Iron Treads
|-unboost|p1a: Iron Treads|evasion|1
|-sideend|p2: msean3|Stealth Rock|[from] move: Defog|[of] p2a: Weezing
|
|-heal|p2a: Weezing|7/100|[from] item: Leftovers
|-damage|p1a: Iron Treads|55/100 brn|[from] brn
|upkeep
|turn|12
|
|t:|1781230628
|move|p1a: Iron Treads|Earth Power|p2a: Weezing
|-supereffective|p2a: Weezing
|-damage|p2a: Weezing|0 fnt
|faint|p2a: Weezing
|-end|p2a: Weezing|ability: Neutralizing Gas
|
|-damage|p1a: Iron Treads|49/100 brn|[from] brn
|upkeep
|
|t:|1781230633
|switch|p2a: Corviknight|Corviknight, F|100/100
|-ability|p2a: Corviknight|Pressure
|turn|13
|
|t:|1781230637
|move|p1a: Iron Treads|Stealth Rock|p2a: Corviknight
|-sidestart|p2: msean3|move: Stealth Rock
|move|p2a: Corviknight|U-turn|p1a: Iron Treads
|-resisted|p1a: Iron Treads
|-damage|p1a: Iron Treads|42/100 brn
|
|t:|1781230640
|switch|p2a: Alomomola|Alomomola, M, tera:Normal|87/100|[from] U-turn
|-damage|p2a: Alomomola|74/100|[from] Stealth Rock
|
|-damage|p1a: Iron Treads|36/100 brn|[from] brn
|upkeep
|turn|14
|
|t:|1781230642
|-end|p1a: Iron Treads|Quark Drive|[silent]
|switch|p1a: Overqwil|Overqwil, M|100/100
|move|p2a: Alomomola|Flip Turn|p1a: Overqwil
|-damage|p1a: Overqwil|82/100
|
|t:|1781230645
|switch|p2a: Corviknight|Corviknight, F|100/100|[from] Flip Turn
|-damage|p2a: Corviknight|88/100|[from] Stealth Rock
|-ability|p2a: Corviknight|Pressure
|
|-heal|p2a: Corviknight|94/100|[from] item: Leftovers
|upkeep
|turn|15
|
|t:|1781230647
|move|p1a: Overqwil|Swords Dance|p1a: Overqwil
|-boost|p1a: Overqwil|atk|2
|move|p2a: Corviknight|Defog|p1a: Overqwil
|-unboost|p1a: Overqwil|evasion|1
|-sideend|p2: msean3|Stealth Rock|[from] move: Defog|[of] p2a: Corviknight
|
|-heal|p2a: Corviknight|100/100|[from] item: Leftovers
|upkeep
|turn|16
|
|t:|1781230649
|move|p1a: Overqwil|Crunch|p2a: Corviknight
|-damage|p2a: Corviknight|5/100
|-damage|p1a: Overqwil|73/100|[from] item: Life Orb
|move|p2a: Corviknight|Brave Bird|p1a: Overqwil
|-damage|p1a: Overqwil|31/100
|-damage|p2a: Corviknight|0 fnt|[from] Recoil
|faint|p2a: Corviknight
|
|upkeep
|
|t:|1781230653
|switch|p2a: Ogerpon|Ogerpon, F|100/100
|turn|17
|
|t:|1781230657
|move|p2a: Ogerpon|Ivy Cudgel|p1a: Overqwil
|-resisted|p1a: Overqwil
|-damage|p1a: Overqwil|3/100
|move|p1a: Overqwil|Crunch|p2a: Ogerpon
|-damage|p2a: Ogerpon|0 fnt
|faint|p2a: Ogerpon
|-damage|p1a: Overqwil|0 fnt|[from] item: Life Orb
|faint|p1a: Overqwil
|
|upkeep
|
|t:|1781230661
|switch|p2a: Darkrai|Darkrai|40/100
|switch|p1a: Barraskewda|Barraskewda, M|100/100
|turn|18
|
|t:|1781230664
|move|p1a: Barraskewda|Aqua Jet|p2a: Darkrai
|-damage|p2a: Darkrai|0 fnt
|faint|p2a: Darkrai
|
|upkeep
|-message|msean3 forfeited.
|
|win|LowEL0God
|raw|LowEL0God's rating: 1668 &rarr; <strong>1693</strong><br />(+25 for winning)
|raw|msean3's rating: 1753 &rarr; <strong>1728</strong><br />(-25 for losing)
|c|☆msean3|gg
|l|☆msean3
|player|p2|
|c|☆LowEL0God|gg
|l|☆LowEL0God
|player|p1|
