|badge|p2|bronze|gen9ou|100-9
|badge|p2|silver|gen9pu|30-9
|uhtml|medal-msg|<div class="broadcast-blue">Curious what those medals under the avatar are? PS now has Ladder Seasons! For more information, check out the <a href="https://www.smogon.com/forums/threads/3740067/">thread on Smogon.</a></div>
|j|☆GreninjaMyFav
|j|☆ceo o wo chien
|t:|1781158419
|gametype|singles
|player|p1|GreninjaMyFav|skyla|1696
|player|p2|ceo o wo chien|fisherman-gen4|1794
|gen|9
|tier|[Gen 9] OU
|rated|
|rule|HP Percentage Mod: HP is shown in percentages
|rule|Endless Battle Clause: Forcing endless battles is banned
|rule|Species Clause: Limit one of each Pokémon
|rule|OHKO Clause: OHKO moves are banned
|rule|Evasion Items Clause: Evasion items are banned
|rule|Evasion Moves Clause: Evasion moves are banned
|rule|Evasion Abilities Clause: Evasion abilities are banned
|rule|Sleep Moves Clause: Sleep-inducing moves are banned
|clearpoke
|poke|p1|Greninja-*, M|
|poke|p1|Raging Bolt|
|poke|p1|Kingambit, F|
|poke|p1|Great Tusk|
|poke|p1|Slowking-Galar, M|
|poke|p1|Corviknight, M|
|poke|p2|Wo-Chien|
|poke|p2|Walking Wake|
|poke|p2|Slither Wing|
|poke|p2|Torkoal, M|
|poke|p2|Hatterene, F|
|poke|p2|Iron Moth|
|teampreview
|inactive|Battle timer is ON: inactive players will automatically lose when time's up. (requested by ceo o wo chien)
|c|☆GreninjaMyFav|FINALLY WE MEET
|c|☆GreninjaMyFav|wasup
|c|☆ceo o wo chien|hey!
|inactive|ceo o wo chien has 120 seconds left.
|c|☆ceo o wo chien|not much what about u?
|
|t:|1781158464
|teamsize|p1|6
|teamsize|p2|6
|start
|switch|p1a: Raging Bolt|Raging Bolt|100/100
|switch|p2a: Torkoal|Torkoal, M|100/100
|-weather|SunnyDay|[from] ability: Drought|[of] p2a: Torkoal
|-activate|p1a: Raging Bolt|ability: Protosynthesis
|-start|p1a: Raging Bolt|protosynthesisspa
|turn|1
|c|☆GreninjaMyFav|good
|
|t:|1781158470
|switch|p2a: Slither Wing|Slither Wing|100/100
|-activate|p2a: Slither Wing|ability: Protosynthesis
|-start|p2a: Slither Wing|protosynthesisatk
|move|p1a: Raging Bolt|Volt Switch|p2a: Slither Wing
|-damage|p2a: Slither Wing|46/100
|
|t:|1781158473
|-end|p1a: Raging Bolt|Protosynthesis|[silent]
|switch|p1a: Corviknight|Corviknight, M|100/100|[from] Volt Switch
|-ability|p1a: Corviknight|Pressure
|
|-weather|SunnyDay|[upkeep]
|upkeep
|turn|2
|
|t:|1781158476
|move|p2a: Slither Wing|Temper Flare|p1a: Corviknight
|-supereffective|p1a: Corviknight
|-damage|p1a: Corviknight|32/100
|-damage|p2a: Slither Wing|30/100|[from] item: Rocky Helmet|[of] p1a: Corviknight
|move|p1a: Corviknight|U-turn|p2a: Slither Wing
|-resisted|p2a: Slither Wing
|-damage|p2a: Slither Wing|20/100
|
|t:|1781158480
|switch|p1a: Greninja|Greninja, M|100/100|[from] U-turn
|
|-weather|SunnyDay|[upkeep]
|upkeep
|turn|3
|
|t:|1781158483
|-end|p2a: Slither Wing|Protosynthesis|[silent]
|switch|p2a: Wo-Chien|Wo-Chien|100/100
|-ability|p2a: Wo-Chien|Tablets of Ruin
|move|p1a: Greninja|Sludge Wave|p2a: Wo-Chien
|-start|p1a: Greninja|typechange|Poison|[from] ability: Protean
|-supereffective|p2a: Wo-Chien
|-damage|p2a: Wo-Chien|0 fnt
|faint|p2a: Wo-Chien
|
|-weather|SunnyDay|[upkeep]
|upkeep
|
|t:|1781158485
|switch|p2a: Iron Moth|Iron Moth|100/100
|turn|4
|
|t:|1781158490
|switch|p1a: Slowking|Slowking-Galar, M|100/100
|move|p2a: Iron Moth|Fiery Dance|p1a: Slowking
|-damage|p1a: Slowking|46/100
|
|-weather|SunnyDay|[upkeep]
|upkeep
|turn|5
|
|t:|1781158492
|switch|p1a: Raging Bolt|Raging Bolt|100/100
|-activate|p1a: Raging Bolt|ability: Protosynthesis
|-start|p1a: Raging Bolt|protosynthesisspa
|move|p2a: Iron Moth|Fiery Dance|p1a: Raging Bolt
|-resisted|p1a: Raging Bolt
|-damage|p1a: Raging Bolt|54/100
|
|-weather|SunnyDay|[upkeep]
|upkeep
|turn|6
|
|t:|1781158498
|-terastallize|p2a: Iron Moth|Fire
|move|p1a: Raging Bolt|Thunderclap|p2a: Iron Moth
|-damage|p2a: Iron Moth|16/100
|move|p2a: Iron Moth|Fiery Dance|p1a: Raging Bolt
|-resisted|p1a: Raging Bolt
|-damage|p1a: Raging Bolt|0 fnt
|faint|p1a: Raging Bolt
|-end|p1a: Raging Bolt|Protosynthesis|[silent]
|
|-weather|SunnyDay|[upkeep]
|upkeep
|
|t:|1781158501
|switch|p1a: Slowking|Slowking-Galar, M|79/100
|turn|7
|
|t:|1781158503
|-terastallize|p1a: Slowking|Water
|move|p2a: Iron Moth|Fiery Dance|p1a: Slowking
|-resisted|p1a: Slowking
|-damage|p1a: Slowking|41/100
|-prepare|p1a: Slowking|Chilly Reception|[premajor]
|move|p1a: Slowking|Chilly Reception|p1a: Slowking
|-weather|Snowscape
|
|t:|1781158507
|switch|p1a: Greninja|Greninja, M|100/100|[from] Chilly Reception
|
|-weather|Snowscape|[upkeep]
|upkeep
|turn|8
|
|t:|1781158510
|-end|p2a: Iron Moth|Quark Drive|[silent]
|switch|p2a: Torkoal|Torkoal, M|100/100
|-weather|SunnyDay|[from] ability: Drought|[of] p2a: Torkoal
|move|p1a: Greninja|Sludge Wave|p2a: Torkoal
|-start|p1a: Greninja|typechange|Poison|[from] ability: Protean
|-damage|p2a: Torkoal|41/100
|
|-weather|SunnyDay|[upkeep]
|upkeep
|turn|9
|
|t:|1781158513
|switch|p2a: Slither Wing|Slither Wing|20/100
|-activate|p2a: Slither Wing|ability: Protosynthesis
|-start|p2a: Slither Wing|protosynthesisatk
|move|p1a: Greninja|Sludge Wave|p2a: Slither Wing
|-damage|p2a: Slither Wing|0 fnt
|faint|p2a: Slither Wing
|-end|p2a: Slither Wing|Protosynthesis|[silent]
|
|-weather|SunnyDay|[upkeep]
|upkeep
|
|t:|1781158515
|switch|p2a: Walking Wake|Walking Wake|100/100
|-activate|p2a: Walking Wake|ability: Protosynthesis
|-start|p2a: Walking Wake|protosynthesisspe
|turn|10
|
|t:|1781158518
|switch|p1a: Corviknight|Corviknight, M|32/100
|-ability|p1a: Corviknight|Pressure
|move|p2a: Walking Wake|Dragon Pulse|p1a: Corviknight
|-resisted|p1a: Corviknight
|-damage|p1a: Corviknight|0 fnt
|faint|p1a: Corviknight
|
|-weather|SunnyDay|[upkeep]
|upkeep
|
|t:|1781158524
|switch|p1a: Kingambit|Kingambit, F|100/100
|-activate|p1a: Kingambit|ability: Supreme Overlord
|-start|p1a: Kingambit|fallen2|[silent]
|turn|11
|
|t:|1781158528
|-end|p2a: Walking Wake|Protosynthesis|[silent]
|switch|p2a: Hatterene|Hatterene, F|100/100
|-item|p2a: Hatterene|Air Balloon
|move|p1a: Kingambit|Sucker Punch||[still]
|-fail|p1a: Kingambit
|
|-weather|SunnyDay|[upkeep]
|upkeep
|turn|12
|
|t:|1781158533
|move|p1a: Kingambit|Iron Head|p2a: Hatterene
|-supereffective|p2a: Hatterene
|-damage|p2a: Hatterene|6/100
|-enditem|p2a: Hatterene|Air Balloon
|move|p2a: Hatterene|Healing Wish|p2a: Hatterene
|faint|p2a: Hatterene
|
|-weather|SunnyDay|[upkeep]
|upkeep
|
|t:|1781158536
|switch|p2a: Iron Moth|Iron Moth, tera:Fire|16/100
|-heal|p2a: Iron Moth|100/100|[from] move: Healing Wish
|turn|13
|
|t:|1781158539
|move|p1a: Kingambit|Sucker Punch|p2a: Iron Moth
|-damage|p2a: Iron Moth|0 fnt
|faint|p2a: Iron Moth
|-end|p2a: Iron Moth|Quark Drive|[silent]
|
|-weather|SunnyDay|[upkeep]
|upkeep
|
|t:|1781158546
|switch|p2a: Walking Wake|Walking Wake|100/100
|-activate|p2a: Walking Wake|ability: Protosynthesis
|-start|p2a: Walking Wake|protosynthesisspe
|turn|14
|c|☆ceo o wo chien|gg lol
|-message|ceo o wo chien forfeited.
|
|win|GreninjaMyFav
|raw|GreninjaMyFav's rating: 1696 &rarr; <strong>1721</strong><br />(+25 for winning)
|raw|ceo o wo chien's rating: 1794 &rarr; <strong>1769</strong><br />(-25 for losing)
|l|☆ceo o wo chien
|player|p2|
|c|☆GreninjaMyFav|gg
|l|☆GreninjaMyFav
|player|p1|
