|j|☆tauros3
|j|☆just.mr.himself
|t:|1781019505
|gametype|singles
|player|p1|tauros3|swimmer-gen4dp|1535
|player|p2|just.mr.himself|steven|1492
|gen|9
|tier|[Gen 9] OU
|rated|
|rule|HP Percentage Mod: HP is shown in percentages
|rule|Endless Battle Clause: Forcing endless battles is banned
|rule|Species Clause: Limit one of each Pokémon
|rule|OHKO Clause: OHKO moves are banned
|rule|Evasion Items Clause: Evasion items are banned
|rule|Evasion Moves Clause: Evasion moves are banned
|rule|Evasion Abilities Clause: Evasion abilities are banned
|rule|Sleep Moves Clause: Sleep-inducing moves are banned
|clearpoke
|poke|p1|Darkrai|
|poke|p1|Kyurem|
|poke|p1|Azumarill, M|
|poke|p1|Great Tusk|
|poke|p1|Slowking-Galar, F|
|poke|p1|Cinderace, F|
|poke|p2|Pelipper, L99, F|
|poke|p2|Barraskewda, F|
|poke|p2|Raging Bolt|
|poke|p2|Pawmot, F|
|poke|p2|Meowscarada, M|
|poke|p2|Tentacruel, F|
|teampreview
|inactive|Battle timer is ON: inactive players will automatically lose when time's up. (requested by tauros3)
|
|t:|1781019518
|teamsize|p1|6
|teamsize|p2|6
|start
|switch|p1a: Cinderace|Cinderace, F|100/100
|switch|p2a: Spaghetti Too|Tentacruel, F|100/100
|turn|1
|
|t:|1781019527
|switch|p2a: Pelipper|Pelipper, L99, F|100/100
|-weather|RainDance|[from] ability: Drizzle|[of] p2a: Pelipper
|move|p1a: Cinderace|U-turn|p2a: Pelipper
|-resisted|p2a: Pelipper
|-damage|p2a: Pelipper|93/100
|
|t:|1781019530
|switch|p1a: Slowking|Slowking-Galar, F|100/100|[from] U-turn
|
|-weather|RainDance|[upkeep]
|upkeep
|turn|2
|
|t:|1781019536
|move|p2a: Pelipper|U-turn|p1a: Slowking
|-damage|p1a: Slowking|90/100
|
|t:|1781019546
|switch|p2a: Spaghetti Too|Tentacruel, F|100/100|[from] U-turn
|-prepare|p1a: Slowking|Chilly Reception|[premajor]
|move|p1a: Slowking|Chilly Reception|p1a: Slowking
|-weather|Snowscape
|
|t:|1781019552
|switch|p1a: Kyurem|Kyurem|100/100|[from] Chilly Reception
|-ability|p1a: Kyurem|Pressure
|
|-weather|Snowscape|[upkeep]
|upkeep
|turn|3
|
|t:|1781019557
|-terastallize|p1a: Kyurem|Ice
|move|p1a: Kyurem|Freeze-Dry|p2a: Spaghetti Too
|-supereffective|p2a: Spaghetti Too
|-damage|p2a: Spaghetti Too|38/100
|move|p2a: Spaghetti Too|Sludge Bomb|p1a: Kyurem
|-damage|p1a: Kyurem|78/100
|
|-weather|Snowscape|[upkeep]
|upkeep
|turn|4
|
|t:|1781019573
|move|p1a: Kyurem|Freeze-Dry|p2a: Spaghetti Too
|-supereffective|p2a: Spaghetti Too
|-damage|p2a: Spaghetti Too|0 fnt
|faint|p2a: Spaghetti Too
|
|-weather|Snowscape|[upkeep]
|upkeep
|
|t:|1781019592
|switch|p2a: ExSkewda Me|Barraskewda, F|100/100
|turn|5
|
|t:|1781019602
|switch|p1a: Slowking|Slowking-Galar, F|100/100
|move|p2a: ExSkewda Me|Flip Turn|p1a: Slowking
|-damage|p1a: Slowking|62/100
|
|t:|1781019608
|switch|p2a: Meowscarada|Meowscarada, M|100/100|[from] Flip Turn
|
|-weather|Snowscape|[upkeep]
|upkeep
|turn|6
|
|t:|1781019616
|switch|p1a: Cinderace|Cinderace, F|100/100
|move|p2a: Meowscarada|U-turn|p1a: Cinderace
|-start|p2a: Meowscarada|typechange|Bug|[from] ability: Protean
|-resisted|p1a: Cinderace
|-damage|p1a: Cinderace|69/100
|
|t:|1781019623
|switch|p2a: ExSkewda Me|Barraskewda, F|100/100|[from] U-turn
|
|-weather|none
|upkeep
|turn|7
|
|t:|1781019630
|move|p2a: ExSkewda Me|Flip Turn|p1a: Cinderace
|-supereffective|p1a: Cinderace
|-damage|p1a: Cinderace|0 fnt
|faint|p1a: Cinderace
|
|t:|1781019640
|switch|p2a: Meowscarada|Meowscarada, M|100/100|[from] Flip Turn
|
|upkeep
|
|t:|1781019645
|switch|p1a: Great Tusk|Great Tusk|100/100
|turn|8
|
|t:|1781019649
|move|p2a: Meowscarada|Triple Axel|p1a: Great Tusk
|-start|p2a: Meowscarada|typechange|Ice|[from] ability: Protean
|-supereffective|p1a: Great Tusk
|-damage|p1a: Great Tusk|78/100
|-damage|p2a: Meowscarada|84/100|[from] item: Rocky Helmet|[of] p1a: Great Tusk
|-supereffective|p1a: Great Tusk
|-crit|p1a: Great Tusk
|-damage|p1a: Great Tusk|21/100
|-damage|p2a: Meowscarada|68/100|[from] item: Rocky Helmet|[of] p1a: Great Tusk
|-supereffective|p1a: Great Tusk
|-damage|p1a: Great Tusk|0 fnt
|-damage|p2a: Meowscarada|51/100|[from] item: Rocky Helmet|[of] p1a: Great Tusk
|faint|p1a: Great Tusk
|-end|p1a: Great Tusk|Protosynthesis|[silent]
|-hitcount|p1: Great Tusk|3
|
|upkeep
|
|t:|1781019661
|switch|p1a: Azumarill|Azumarill, M|100/100
|turn|9
|
|t:|1781019669
|switch|p2a: Pelipper|Pelipper, L99, F|93/100
|-weather|RainDance|[from] ability: Drizzle|[of] p2a: Pelipper
|move|p1a: Azumarill|Knock Off|p2a: Pelipper
|-damage|p2a: Pelipper|58/100
|-enditem|p2a: Pelipper|Damp Rock|[from] move: Knock Off|[of] p1a: Azumarill
|
|-weather|RainDance|[upkeep]
|upkeep
|turn|10
|
|t:|1781019685
|move|p1a: Azumarill|Liquidation|p2a: Pelipper
|-resisted|p2a: Pelipper
|-damage|p2a: Pelipper|26/100
|-unboost|p2a: Pelipper|def|1
|move|p2a: Pelipper|U-turn|p1a: Azumarill
|-resisted|p1a: Azumarill
|-damage|p1a: Azumarill|96/100
|
|t:|1781019700
|switch|p2a: Great Neck|Raging Bolt|100/100|[from] U-turn
|-enditem|p2a: Great Neck|Booster Energy
|-activate|p2a: Great Neck|ability: Protosynthesis|[fromitem]
|-start|p2a: Great Neck|protosynthesisspa
|
|-weather|RainDance|[upkeep]
|upkeep
|turn|11
|
|t:|1781019705
|-terastallize|p2a: Great Neck|Fairy
|move|p2a: Great Neck|Thunder|p1a: Azumarill
|-supereffective|p1a: Azumarill
|-damage|p1a: Azumarill|0 fnt
|faint|p1a: Azumarill
|
|-weather|RainDance|[upkeep]
|upkeep
|
|t:|1781019716
|switch|p1a: Slowking|Slowking-Galar, F|96/100
|turn|12
|
|t:|1781019721
|move|p2a: Great Neck|Thunder|p1a: Slowking
|-damage|p1a: Slowking|44/100
|move|p1a: Slowking|Sludge Bomb|p2a: Great Neck
|-supereffective|p2a: Great Neck
|-damage|p2a: Great Neck|37/100
|
|-weather|RainDance|[upkeep]
|upkeep
|turn|13
|
|t:|1781019735
|move|p2a: Great Neck|Thunder|p1a: Slowking
|-damage|p1a: Slowking|0 fnt
|faint|p1a: Slowking
|
|-weather|RainDance|[upkeep]
|upkeep
|
|t:|1781019738
|switch|p1a: Darkrai|Darkrai|100/100
|turn|14
|
|t:|1781019743
|move|p2a: Great Neck|Thunderclap|p1a: Darkrai
|-damage|p1a: Darkrai|26/100
|move|p1a: Darkrai|Shadow Ball|p2a: Great Neck
|-damage|p2a: Great Neck|8/100
|
|-weather|RainDance|[upkeep]
|upkeep
|turn|15
|
|t:|1781019749
|move|p1a: Darkrai|Sucker Punch|p2a: Great Neck
|-resisted|p2a: Great Neck
|-damage|p2a: Great Neck|0 fnt
|faint|p2a: Great Neck
|-end|p2a: Great Neck|Protosynthesis|[silent]
|
|-weather|RainDance|[upkeep]
|upkeep
|
|t:|1781019751
|switch|p2a: ExSkewda Me|Barraskewda, F|100/100
|turn|16
|
|t:|1781019759
|move|p2a: ExSkewda Me|Aqua Jet|p1a: Darkrai
|-damage|p1a: Darkrai|0 fnt
|faint|p1a: Darkrai
|
|-weather|none
|upkeep
|
|t:|1781019761
|switch|p1a: Kyurem|Kyurem, tera:Ice|78/100
|-ability|p1a: Kyurem|Pressure
|turn|17
|
|t:|1781019765
|move|p2a: ExSkewda Me|Flip Turn|p1a: Kyurem
|-damage|p1a: Kyurem|39/100
|
|t:|1781019768
|switch|p2a: Pelipper|Pelipper, L99, F|26/100|[from] Flip Turn
|-weather|RainDance|[from] ability: Drizzle|[of] p2a: Pelipper
|move|p1a: Kyurem|Freeze-Dry|p2a: Pelipper
|-supereffective|p2a: Pelipper
|-damage|p2a: Pelipper|0 fnt
|faint|p2a: Pelipper
|
|-weather|RainDance|[upkeep]
|upkeep
|
|t:|1781019770
|switch|p2a: ExSkewda Me|Barraskewda, F|100/100
|turn|18
|
|t:|1781019774
|move|p2a: ExSkewda Me|Close Combat|p1a: Kyurem
|-supereffective|p1a: Kyurem
|-damage|p1a: Kyurem|0 fnt
|-unboost|p2a: ExSkewda Me|def|1
|-unboost|p2a: ExSkewda Me|spd|1
|faint|p1a: Kyurem
|
|win|just.mr.himself
|raw|tauros3's rating: 1535 &rarr; <strong>1513</strong><br />(-22 for losing)
|raw|just.mr.himself's rating: 1492 &rarr; <strong>1514</strong><br />(+22 for winning)
|l|☆tauros3
|player|p1|
