|j|☆huilaoshi1111
|j|☆jd2sleepy
|t:|1781331931
|gametype|singles
|player|p1|huilaoshi1111|170|1584
|player|p2|jd2sleepy|blackbelt-gen4dp|1505
|gen|9
|tier|[Gen 9] OU
|rated|
|rule|HP Percentage Mod: HP is shown in percentages
|rule|Endless Battle Clause: Forcing endless battles is banned
|rule|Species Clause: Limit one of each Pokémon
|rule|OHKO Clause: OHKO moves are banned
|rule|Evasion Items Clause: Evasion items are banned
|rule|Evasion Moves Clause: Evasion moves are banned
|rule|Evasion Abilities Clause: Evasion abilities are banned
|rule|Sleep Moves Clause: Sleep-inducing moves are banned
|clearpoke
|poke|p1|Mienshao, F|
|poke|p1|Blissey, F|
|poke|p1|Slowbro, F|
|poke|p1|Krookodile, F|
|poke|p1|Talonflame, F|
|poke|p1|Zoroark-Hisui, M|
|poke|p2|Glimmora, F|
|poke|p2|Gholdengo|
|poke|p2|Ceruledge, F|
|poke|p2|Kingambit, M|
|poke|p2|Ogerpon-Wellspring, F|
|poke|p2|Cobalion|
|teampreview
|
|t:|1781331949
|teamsize|p1|6
|teamsize|p2|6
|start
|switch|p1a: Krookodile|Krookodile, F|100/100
|switch|p2a: Slayboi Carti|Ceruledge, F|100/100
|-ability|p1a: Krookodile|Intimidate|boost
|-unboost|p2a: Slayboi Carti|atk|1
|turn|1
|
|t:|1781331956
|move|p2a: Slayboi Carti|Swords Dance|p2a: Slayboi Carti
|-boost|p2a: Slayboi Carti|atk|2
|move|p1a: Krookodile|Knock Off|p2a: Slayboi Carti
|-supereffective|p2a: Slayboi Carti
|-enditem|p2a: Slayboi Carti|Focus Sash
|-damage|p2a: Slayboi Carti|1/100
|-ability|p2a: Slayboi Carti|Weak Armor|boost
|-unboost|p2a: Slayboi Carti|def|1
|-boost|p2a: Slayboi Carti|spe|2
|
|upkeep
|turn|2
|
|t:|1781331971
|move|p2a: Slayboi Carti|Bitter Blade|p1a: Krookodile
|-damage|p1a: Krookodile|24/100
|-heal|p2a: Slayboi Carti|48/100|[from] drain|[of] p1a: Krookodile
|move|p1a: Krookodile|Knock Off|p2a: Slayboi Carti
|-supereffective|p2a: Slayboi Carti
|-damage|p2a: Slayboi Carti|0 fnt
|faint|p2a: Slayboi Carti
|
|upkeep
|
|t:|1781331974
|switch|p2a: Cudge Judy|Ogerpon-Wellspring, F|100/100
|turn|3
|
|t:|1781331983
|move|p2a: Cudge Judy|Ivy Cudgel|p1a: Krookodile|[anim] Ivy Cudgel Water
|-supereffective|p1a: Krookodile
|-damage|p1a: Krookodile|0 fnt
|faint|p1a: Krookodile
|
|upkeep
|
|t:|1781331985
|switch|p1a: Mienshao|Mienshao, F|100/100
|turn|4
|
|t:|1781331989
|switch|p2a: WhySoGlim|Glimmora, F|100/100
|move|p1a: Mienshao|U-turn|p2a: WhySoGlim
|-resisted|p2a: WhySoGlim
|-damage|p2a: WhySoGlim|89/100
|-activate|p2a: WhySoGlim|ability: Toxic Debris
|-sidestart|p1: huilaoshi1111|move: Toxic Spikes
|-enditem|p2a: WhySoGlim|Red Card|[of] p1a: Mienshao
|drag|p1a: Slowbro|Slowbro, F|100/100
|-status|p1a: Slowbro|psn
|
|-damage|p1a: Slowbro|88/100 psn|[from] psn
|upkeep
|turn|5
|
|t:|1781331999
|move|p2a: WhySoGlim|Stealth Rock|p1a: Slowbro
|-sidestart|p1: huilaoshi1111|move: Stealth Rock
|move|p1a: Slowbro|Scald|p2a: WhySoGlim
|-supereffective|p2a: WhySoGlim
|-damage|p2a: WhySoGlim|39/100
|
|-damage|p1a: Slowbro|76/100 psn|[from] psn
|upkeep
|turn|6
|
|t:|1781332003
|move|p2a: WhySoGlim|Power Gem|p1a: Slowbro
|-damage|p1a: Slowbro|37/100 psn
|move|p1a: Slowbro|Scald|p2a: WhySoGlim
|-supereffective|p2a: WhySoGlim
|-damage|p2a: WhySoGlim|0 fnt
|faint|p2a: WhySoGlim
|
|-damage|p1a: Slowbro|25/100 psn|[from] psn
|upkeep
|
|t:|1781332007
|switch|p2a: Cudge Judy|Ogerpon-Wellspring, F|100/100
|turn|7
|
|t:|1781332015
|switch|p1a: Talonflame|Talonflame, F|100/100
|move|p2a: Cudge Judy|Ivy Cudgel|p1a: Talonflame|[anim] Ivy Cudgel Water
|-supereffective|p1a: Talonflame
|-crit|p1a: Talonflame
|-damage|p1a: Talonflame|0 fnt
|faint|p1a: Talonflame
|
|upkeep
|
|t:|1781332027
|switch|p1a: Mienshao|Mienshao, F|100/100
|-status|p1a: Mienshao|psn
|-damage|p1a: Mienshao|95/100 psn|[from] Stealth Rock
|turn|8
|
|t:|1781332030
|move|p1a: Mienshao|U-turn|p2a: Cudge Judy
|-supereffective|p2a: Cudge Judy
|-damage|p2a: Cudge Judy|37/100
|
|t:|1781332034
|switch|p1a: Slowbro|Slowbro, F|58/100 psn|[from] U-turn
|-damage|p1a: Slowbro|46/100 psn|[from] Stealth Rock
|move|p2a: Cudge Judy|Ivy Cudgel|p1a: Slowbro|[anim] Ivy Cudgel Water
|-resisted|p1a: Slowbro
|-crit|p1a: Slowbro
|-damage|p1a: Slowbro|20/100 psn
|
|-damage|p1a: Slowbro|8/100 psn|[from] psn
|upkeep
|turn|9
|
|t:|1781332042
|move|p2a: Cudge Judy|Ivy Cudgel|p1a: Slowbro|[anim] Ivy Cudgel Water
|-resisted|p1a: Slowbro
|-damage|p1a: Slowbro|0 fnt
|faint|p1a: Slowbro
|
|upkeep
|
|t:|1781332045
|switch|p1a: Mienshao|Mienshao, F|100/100 psn
|-damage|p1a: Mienshao|95/100 psn|[from] Stealth Rock
|turn|10
|
|t:|1781332048
|move|p1a: Mienshao|U-turn|p2a: Cudge Judy
|-supereffective|p2a: Cudge Judy
|-damage|p2a: Cudge Judy|0 fnt
|faint|p2a: Cudge Judy
|
|t:|1781332053
|switch|p1a: Blissey|Blissey, F|100/100|[from] U-turn
|-status|p1a: Blissey|psn
|-damage|p1a: Blissey|88/100 psn|[from] Stealth Rock
|
|-damage|p1a: Blissey|76/100 psn|[from] psn
|upkeep
|
|t:|1781332073
|switch|p2a: CoBeBallin|Cobalion|100/100
|turn|11
|
|t:|1781332078
|move|p1a: Blissey|Focus Blast|p2a: CoBeBallin
|-supereffective|p2a: CoBeBallin
|-damage|p2a: CoBeBallin|0 fnt
|faint|p2a: CoBeBallin
|
|-damage|p1a: Blissey|64/100 psn|[from] psn
|upkeep
|
|t:|1781332080
|switch|p2a: 平和|Kingambit, M|100/100
|-activate|p2a: 平和|ability: Supreme Overlord
|-start|p2a: 平和|fallen4|[silent]
|-item|p2a: 平和|Air Balloon
|turn|12
|
|t:|1781332088
|switch|p1a: Mienshao|Mienshao, F|100/100 psn
|-damage|p1a: Mienshao|95/100 psn|[from] Stealth Rock
|move|p2a: 平和|Sucker Punch||[still]
|-fail|p2a: 平和
|
|-damage|p1a: Mienshao|82/100 psn|[from] psn
|upkeep
|turn|13
|
|t:|1781332100
|move|p1a: Mienshao|U-turn|p2a: 平和
|-damage|p2a: 平和|76/100
|-enditem|p2a: 平和|Air Balloon
|
|t:|1781332106
|switch|p1a: Blissey|Blissey, F|64/100 psn|[from] U-turn
|-damage|p1a: Blissey|51/100 psn|[from] Stealth Rock
|move|p2a: 平和|Iron Head|p1a: Blissey
|-damage|p1a: Blissey|0 fnt
|replace|p1a: Zoroark|Zoroark-Hisui, M
|-end|p1a: Zoroark|Illusion
|faint|p1a: Zoroark
|
|upkeep
|
|t:|1781332113
|switch|p1a: Mienshao|Mienshao, F|100/100 psn
|-damage|p1a: Mienshao|95/100 psn|[from] Stealth Rock
|turn|14
|
|t:|1781332118
|-end|p2a: 平和|fallen4|[silent]
|switch|p2a: Dengos Domain|Gholdengo|100/100
|move|p1a: Mienshao|U-turn|p2a: Dengos Domain
|-resisted|p2a: Dengos Domain
|-damage|p2a: Dengos Domain|94/100
|
|t:|1781332121
|switch|p1a: Blissey|Blissey, F|100/100|[from] U-turn
|
|upkeep
|turn|15
|
|t:|1781332125
|switch|p1a: Mienshao|Mienshao, F|100/100 psn
|-damage|p1a: Mienshao|95/100 psn|[from] Stealth Rock
|move|p2a: Dengos Domain|Trick|p1a: Mienshao
|-activate|p2a: Dengos Domain|move: Trick|[of] p1a: Mienshao
|-item|p1a: Mienshao|Choice Scarf|[from] move: Trick
|-item|p2a: Dengos Domain|Choice Scarf|[from] move: Trick
|
|-damage|p1a: Mienshao|82/100 psn|[from] psn
|upkeep
|turn|16
|
|t:|1781332135
|move|p1a: Mienshao|Knock Off|p2a: Dengos Domain
|-supereffective|p2a: Dengos Domain
|-damage|p2a: Dengos Domain|9/100
|-enditem|p2a: Dengos Domain|Choice Scarf|[from] move: Knock Off|[of] p1a: Mienshao
|move|p2a: Dengos Domain|Trick|p1a: Mienshao
|-activate|p2a: Dengos Domain|move: Trick|[of] p1a: Mienshao
|-enditem|p1a: Mienshao|Choice Scarf|[silent]|[from] move: Trick
|-item|p2a: Dengos Domain|Choice Scarf|[from] move: Trick
|
|-damage|p1a: Mienshao|70/100 psn|[from] psn
|upkeep
|turn|17
|
|t:|1781332142
|move|p2a: Dengos Domain|Focus Blast|p1a: Mienshao
|-damage|p1a: Mienshao|0 fnt
|faint|p1a: Mienshao
|
|upkeep
|
|t:|1781332146
|switch|p1a: Blissey|Blissey, F|100/100
|turn|18
|
|t:|1781332149
|switch|p2a: 平和|Kingambit, M|76/100
|-activate|p2a: 平和|ability: Supreme Overlord
|-start|p2a: 平和|fallen4|[silent]
|move|p1a: Blissey|Stealth Rock|p2a: 平和
|-sidestart|p2: jd2sleepy|move: Stealth Rock
|
|upkeep
|turn|19
|
|t:|1781332152
|move|p2a: 平和|Kowtow Cleave|p1a: Blissey
|-damage|p1a: Blissey|38/100
|move|p1a: Blissey|Seismic Toss|p2a: 平和
|-damage|p2a: 平和|47/100
|
|upkeep
|turn|20
|
|t:|1781332155
|move|p2a: 平和|Kowtow Cleave|p1a: Blissey
|-damage|p1a: Blissey|0 fnt
|faint|p1a: Blissey
|
|win|jd2sleepy
|raw|huilaoshi1111's rating: 1559 &rarr; <strong>1536</strong><br />(-23 for losing)
|raw|jd2sleepy's rating: 1505 &rarr; <strong>1528</strong><br />(+23 for winning)
|l|☆jd2sleepy
|player|p2|
|l|☆huilaoshi1111
|player|p1|
