|j|☆Rj yoip
|j|☆xxroditoxx
|t:|1781555999
|gametype|singles
|player|p1|Rj yoip|caitlin-masters|1709
|player|p2|xxroditoxx|shadowtriad|1639
|gen|9
|tier|[Gen 9] OU
|rated|
|rule|HP Percentage Mod: HP is shown in percentages
|rule|Endless Battle Clause: Forcing endless battles is banned
|rule|Species Clause: Limit one of each Pokémon
|rule|OHKO Clause: OHKO moves are banned
|rule|Evasion Items Clause: Evasion items are banned
|rule|Evasion Moves Clause: Evasion moves are banned
|rule|Evasion Abilities Clause: Evasion abilities are banned
|rule|Sleep Moves Clause: Sleep-inducing moves are banned
|clearpoke
|poke|p1|Tyranitar, M|
|poke|p1|Hydrapple, M|
|poke|p1|Enamorus, F|
|poke|p1|Garganacl, M|
|poke|p1|Excadrill, F|
|poke|p1|Alomomola, F|
|poke|p2|Hydrapple, F|
|poke|p2|Slowking, M|
|poke|p2|Great Tusk|
|poke|p2|Moltres|
|poke|p2|Zamazenta-*|
|poke|p2|Kingambit, F|
|teampreview
|inactive|Battle timer is ON: inactive players will automatically lose when time's up. (requested by Rj yoip)
|
|t:|1781556026
|teamsize|p1|6
|teamsize|p2|6
|start
|switch|p1a: Alomomola|Alomomola, F|100/100
|switch|p2a: Zamazenta|Zamazenta|100/100
|-ability|p2a: Zamazenta|Dauntless Shield|boost
|-boost|p2a: Zamazenta|def|1
|turn|1
|
|t:|1781556032
|move|p2a: Zamazenta|Close Combat|p1a: Alomomola
|-damage|p1a: Alomomola|39/100
|-unboost|p2a: Zamazenta|def|1
|-unboost|p2a: Zamazenta|spd|1
|move|p1a: Alomomola|Scald|p2a: Zamazenta
|-damage|p2a: Zamazenta|80/100
|
|upkeep
|turn|2
|
|t:|1781556035
|switch|p1a: Enamorus|Enamorus, F|100/100
|move|p2a: Zamazenta|Close Combat|p1a: Enamorus
|-resisted|p1a: Enamorus
|-damage|p1a: Enamorus|65/100
|-unboost|p2a: Zamazenta|def|1
|-unboost|p2a: Zamazenta|spd|1
|
|upkeep
|turn|3
|j| tootymctoot
|j| Fat_Yogi
|
|t:|1781556043
|switch|p1a: Tyranitar|Tyranitar, M|100/100
|-weather|Sandstorm|[from] ability: Sand Stream|[of] p1a: Tyranitar
|switch|p2a: Moltres|Moltres|100/100
|
|-weather|Sandstorm|[upkeep]
|-damage|p2a: Moltres|94/100|[from] Sandstorm
|upkeep
|turn|4
|
|t:|1781556049
|move|p1a: Tyranitar|Stone Edge|p2a: Moltres
|-supereffective|p2a: Moltres
|-crit|p2a: Moltres
|-damage|p2a: Moltres|0 fnt
|faint|p2a: Moltres
|
|-weather|Sandstorm|[upkeep]
|upkeep
|
|t:|1781556059
|switch|p2a: Hydrapple|Hydrapple, F|100/100
|turn|5
|
|t:|1781556063
|switch|p1a: Enamorus|Enamorus, F|65/100
|move|p2a: Hydrapple|Leaf Storm|p1a: Enamorus
|-resisted|p1a: Enamorus
|-damage|p1a: Enamorus|3/100
|-unboost|p2a: Hydrapple|spa|2
|-damage|p2a: Hydrapple|91/100|[from] item: Life Orb
|
|-weather|Sandstorm|[upkeep]
|-damage|p1a: Enamorus|0 fnt|[from] Sandstorm
|-damage|p2a: Hydrapple|85/100|[from] Sandstorm
|faint|p1a: Enamorus
|upkeep
|
|t:|1781556068
|switch|p1a: Garganacl|Garganacl, M|100/100
|turn|6
|
|t:|1781556074
|move|p2a: Hydrapple|Nasty Plot|p2a: Hydrapple
|-boost|p2a: Hydrapple|spa|2
|move|p1a: Garganacl|Salt Cure|p2a: Hydrapple
|-damage|p2a: Hydrapple|74/100
|-start|p2a: Hydrapple|Salt Cure
|
|-weather|Sandstorm|[upkeep]
|-damage|p2a: Hydrapple|68/100|[from] Sandstorm
|-damage|p2a: Hydrapple|56/100|[from] Salt Cure
|upkeep
|turn|7
|l| Fat_Yogi
|
|t:|1781556097
|switch|p1a: Hydrapple|Hydrapple, M|100/100
|move|p2a: Hydrapple|Leaf Storm|p1a: Hydrapple
|-resisted|p1a: Hydrapple
|-damage|p1a: Hydrapple|79/100
|-unboost|p2a: Hydrapple|spa|2
|-damage|p2a: Hydrapple|46/100|[from] item: Life Orb
|
|-weather|none
|-damage|p2a: Hydrapple|33/100|[from] Salt Cure
|upkeep
|turn|8
|
|t:|1781556108
|switch|p2a: Slowking|Slowking, M|100/100
|move|p1a: Hydrapple|Nasty Plot|p1a: Hydrapple
|-boost|p1a: Hydrapple|spa|2
|
|upkeep
|turn|9
|
|t:|1781556121
|move|p1a: Hydrapple|Nasty Plot|p1a: Hydrapple
|-boost|p1a: Hydrapple|spa|2
|-prepare|p2a: Slowking|Chilly Reception|[premajor]
|move|p2a: Slowking|Chilly Reception|p2a: Slowking
|-weather|Snowscape
|
|t:|1781556123
|switch|p2a: Zamazenta|Zamazenta|80/100|[from] Chilly Reception
|
|-weather|Snowscape|[upkeep]
|upkeep
|turn|10
|
|t:|1781556138
|-terastallize|p1a: Hydrapple|Poison
|move|p2a: Zamazenta|Ice Fang|p1a: Hydrapple
|-damage|p1a: Hydrapple|60/100
|-damage|p2a: Zamazenta|64/100|[from] item: Rocky Helmet|[of] p1a: Hydrapple
|cant|p1a: Hydrapple|flinch
|
|-weather|Snowscape|[upkeep]
|upkeep
|turn|11
|
|t:|1781556147
|switch|p2a: Slowking|Slowking, M|100/100
|move|p1a: Hydrapple|Giga Drain|p2a: Slowking
|-supereffective|p2a: Slowking
|-damage|p2a: Slowking|0 fnt
|-heal|p1a: Hydrapple|100/100|[from] drain|[of] p2a: Slowking
|faint|p2a: Slowking
|
|-weather|Snowscape|[upkeep]
|upkeep
|
|t:|1781556154
|switch|p2a: Great Tusk|Great Tusk|100/100
|turn|12
|
|t:|1781556157
|move|p2a: Great Tusk|Headlong Rush|p1a: Hydrapple
|-supereffective|p1a: Hydrapple
|-damage|p1a: Hydrapple|38/100
|-unboost|p2a: Great Tusk|def|1
|-unboost|p2a: Great Tusk|spd|1
|-damage|p2a: Great Tusk|84/100|[from] item: Rocky Helmet|[of] p1a: Hydrapple
|move|p1a: Hydrapple|Giga Drain|p2a: Great Tusk
|-supereffective|p2a: Great Tusk
|-crit|p2a: Great Tusk
|-damage|p2a: Great Tusk|0 fnt
|-heal|p1a: Hydrapple|79/100|[from] drain|[of] p2a: Great Tusk
|faint|p2a: Great Tusk
|-end|p2a: Great Tusk|Protosynthesis|[silent]
|
|-weather|Snowscape|[upkeep]
|upkeep
|
|t:|1781556166
|switch|p2a: Hydrapple|Hydrapple, F|67/100
|turn|13
|
|t:|1781556175
|move|p2a: Hydrapple|Earth Power|p1a: Hydrapple
|-supereffective|p1a: Hydrapple
|-damage|p1a: Hydrapple|0 fnt
|faint|p1a: Hydrapple
|-damage|p2a: Hydrapple|57/100|[from] item: Life Orb
|
|-weather|none
|upkeep
|
|t:|1781556181
|switch|p1a: Tyranitar|Tyranitar, M|100/100
|-weather|Sandstorm|[from] ability: Sand Stream|[of] p1a: Tyranitar
|turn|14
|
|t:|1781556188
|switch|p2a: Zamazenta|Zamazenta|64/100
|move|p1a: Tyranitar|Knock Off|p2a: Zamazenta
|-resisted|p2a: Zamazenta
|-damage|p2a: Zamazenta|28/100
|-enditem|p2a: Zamazenta|Choice Band|[from] move: Knock Off|[of] p1a: Tyranitar
|
|-weather|Sandstorm|[upkeep]
|-damage|p2a: Zamazenta|22/100|[from] Sandstorm
|upkeep
|turn|15
|
|t:|1781556192
|switch|p1a: Alomomola|Alomomola, F|72/100
|move|p2a: Zamazenta|Close Combat|p1a: Alomomola
|-damage|p1a: Alomomola|33/100
|-unboost|p2a: Zamazenta|def|1
|-unboost|p2a: Zamazenta|spd|1
|
|-weather|Sandstorm|[upkeep]
|-damage|p2a: Zamazenta|15/100|[from] Sandstorm
|-damage|p1a: Alomomola|27/100|[from] Sandstorm
|upkeep
|turn|16
|
|t:|1781556204
|move|p2a: Zamazenta|Close Combat|p1a: Alomomola
|-damage|p1a: Alomomola|0 fnt
|-unboost|p2a: Zamazenta|def|1
|-unboost|p2a: Zamazenta|spd|1
|faint|p1a: Alomomola
|
|-weather|Sandstorm|[upkeep]
|-damage|p2a: Zamazenta|9/100|[from] Sandstorm
|upkeep
|
|t:|1781556212
|switch|p1a: Excadrill|Excadrill, F|100/100
|turn|17
|
|t:|1781556217
|switch|p2a: Hydrapple|Hydrapple, F|90/100
|move|p1a: Excadrill|Earthquake|p2a: Hydrapple
|-resisted|p2a: Hydrapple
|-damage|p2a: Hydrapple|69/100
|
|-weather|Sandstorm|[upkeep]
|-damage|p2a: Hydrapple|63/100|[from] Sandstorm
|upkeep
|turn|18
|
|t:|1781556224
|move|p1a: Excadrill|Rock Slide|p2a: Hydrapple
|-damage|p2a: Hydrapple|40/100
|move|p2a: Hydrapple|Earth Power|p1a: Excadrill
|-supereffective|p1a: Excadrill
|-damage|p1a: Excadrill|0 fnt
|faint|p1a: Excadrill
|-damage|p2a: Hydrapple|30/100|[from] item: Life Orb
|
|-weather|none
|upkeep
|
|t:|1781556227
|switch|p1a: Tyranitar|Tyranitar, M|100/100
|-weather|Sandstorm|[from] ability: Sand Stream|[of] p1a: Tyranitar
|turn|19
|
|t:|1781556238
|switch|p2a: Kingambit|Kingambit, F|100/100
|-activate|p2a: Kingambit|ability: Supreme Overlord
|-start|p2a: Kingambit|fallen3|[silent]
|move|p1a: Tyranitar|Low Kick|p2a: Kingambit
|-supereffective|p2a: Kingambit
|-damage|p2a: Kingambit|0 fnt
|faint|p2a: Kingambit
|-end|p2a: Kingambit|fallen3|[silent]
|
|-weather|Sandstorm|[upkeep]
|upkeep
|
|t:|1781556241
|switch|p2a: Zamazenta|Zamazenta|9/100
|turn|20
|
|t:|1781556246
|switch|p1a: Garganacl|Garganacl, M|100/100
|move|p2a: Zamazenta|Close Combat|p1a: Garganacl
|-supereffective|p1a: Garganacl
|-damage|p1a: Garganacl|19/100
|-unboost|p2a: Zamazenta|def|1
|-unboost|p2a: Zamazenta|spd|1
|
|-weather|Sandstorm|[upkeep]
|-damage|p2a: Zamazenta|3/100|[from] Sandstorm
|-heal|p1a: Garganacl|25/100|[from] item: Leftovers
|upkeep
|turn|21
|l| tootymctoot
|
|t:|1781556253
|switch|p2a: Hydrapple|Hydrapple, F|64/100
|move|p1a: Garganacl|Salt Cure|p2a: Hydrapple
|-damage|p2a: Hydrapple|52/100
|-start|p2a: Hydrapple|Salt Cure
|
|-weather|Sandstorm|[upkeep]
|-damage|p2a: Hydrapple|46/100|[from] Sandstorm
|-heal|p1a: Garganacl|31/100|[from] item: Leftovers
|-damage|p2a: Hydrapple|34/100|[from] Salt Cure
|upkeep
|turn|22
|
|t:|1781556260
|move|p1a: Garganacl|Protect|p1a: Garganacl
|-singleturn|p1a: Garganacl|Protect
|move|p2a: Hydrapple|Earth Power|p1a: Garganacl
|-activate|p1a: Garganacl|move: Protect
|
|-weather|Sandstorm|[upkeep]
|-damage|p2a: Hydrapple|28/100|[from] Sandstorm
|-heal|p1a: Garganacl|37/100|[from] item: Leftovers
|-damage|p2a: Hydrapple|16/100|[from] Salt Cure
|upkeep
|turn|23
|
|t:|1781556264
|move|p2a: Hydrapple|Leaf Storm|p1a: Garganacl
|-supereffective|p1a: Garganacl
|-damage|p1a: Garganacl|0 fnt
|-unboost|p2a: Hydrapple|spa|2
|faint|p1a: Garganacl
|-damage|p2a: Hydrapple|6/100|[from] item: Life Orb
|
|-weather|none
|-damage|p2a: Hydrapple|0 fnt|[from] Salt Cure
|faint|p2a: Hydrapple
|upkeep
|
|t:|1781556267
|switch|p2a: Zamazenta|Zamazenta|3/100
|switch|p1a: Tyranitar|Tyranitar, M|100/100
|-weather|Sandstorm|[from] ability: Sand Stream|[of] p1a: Tyranitar
|turn|24
|
|t:|1781556271
|-terastallize|p2a: Zamazenta|Fighting
|move|p2a: Zamazenta|Close Combat|p1a: Tyranitar
|-supereffective|p1a: Tyranitar
|-damage|p1a: Tyranitar|0 fnt
|-unboost|p2a: Zamazenta|def|1
|-unboost|p2a: Zamazenta|spd|1
|faint|p1a: Tyranitar
|
|win|xxroditoxx
|raw|Rj yoip's rating: 1709 &rarr; <strong>1685</strong><br />(-24 for losing)
|raw|xxroditoxx's rating: 1639 &rarr; <strong>1663</strong><br />(+24 for winning)
|l|☆Rj yoip
|player|p1|
|c|☆xxroditoxx|gg
|l|☆xxroditoxx
|player|p2|
