|j|☆erjuanzas
|j|☆ign28
|t:|1781532692
|gametype|singles
|player|p1|erjuanzas|linebacker|1678
|player|p2|ign28|palmer|1701
|gen|9
|tier|[Gen 9] OU
|rated|
|rule|HP Percentage Mod: HP is shown in percentages
|rule|Endless Battle Clause: Forcing endless battles is banned
|rule|Species Clause: Limit one of each Pokémon
|rule|OHKO Clause: OHKO moves are banned
|rule|Evasion Items Clause: Evasion items are banned
|rule|Evasion Moves Clause: Evasion moves are banned
|rule|Evasion Abilities Clause: Evasion abilities are banned
|rule|Sleep Moves Clause: Sleep-inducing moves are banned
|clearpoke
|poke|p1|Pelipper, M|
|poke|p1|Overqwil, M|
|poke|p1|Barraskewda, M|
|poke|p1|Raging Bolt|
|poke|p1|Iron Treads|
|poke|p1|Kingambit, M|
|poke|p2|Great Tusk|
|poke|p2|Darkrai|
|poke|p2|Kyurem|
|poke|p2|Iron Valiant|
|poke|p2|Dragonite, M|
|poke|p2|Gholdengo|
|teampreview
|inactive|Battle timer is ON: inactive players will automatically lose when time's up. (requested by ign28)
|
|t:|1781532701
|teamsize|p1|6
|teamsize|p2|6
|start
|switch|p1a: Bolita|Iron Treads, shiny|100/100
|switch|p2a: Kyurem|Kyurem, shiny|100/100
|-ability|p2a: Kyurem|Pressure
|-enditem|p1a: Bolita|Booster Energy
|-activate|p1a: Bolita|ability: Quark Drive|[fromitem]
|-start|p1a: Bolita|quarkdrivespe
|turn|1
|
|t:|1781532706
|move|p1a: Bolita|Stealth Rock|p2a: Kyurem
|-sidestart|p2: ign28|move: Stealth Rock
|move|p2a: Kyurem|Earth Power|p1a: Bolita
|-supereffective|p1a: Bolita
|-damage|p1a: Bolita|11/100
|
|upkeep
|turn|2
|
|t:|1781532713
|switch|p2a: Great Tusk|Great Tusk|100/100
|move|p1a: Bolita|Steel Beam|p2a: Great Tusk
|-damage|p2a: Great Tusk|21/100
|-damage|p1a: Bolita|0 fnt|[from] steelbeam
|faint|p1a: Bolita
|-end|p1a: Bolita|Quark Drive|[silent]
|
|upkeep
|
|t:|1781532718
|switch|p1a: La Cabra|Barraskewda, M|100/100
|turn|3
|
|t:|1781532729
|move|p1a: La Cabra|Flip Turn|p2a: Great Tusk
|-supereffective|p2a: Great Tusk
|-damage|p2a: Great Tusk|0 fnt
|faint|p2a: Great Tusk
|-end|p2a: Great Tusk|Protosynthesis|[silent]
|
|t:|1781532733
|switch|p1a: Pelipas|Pelipper, M, shiny|100/100|[from] Flip Turn
|-weather|RainDance|[from] ability: Drizzle|[of] p1a: Pelipas
|
|-weather|RainDance|[upkeep]
|upkeep
|
|t:|1781532735
|switch|p2a: Kyurem|Kyurem, shiny|100/100
|-damage|p2a: Kyurem|76/100|[from] Stealth Rock
|-ability|p2a: Kyurem|Pressure
|turn|4
|
|t:|1781532740
|switch|p1a: El rey|Kingambit, M|100/100
|-activate|p1a: El rey|ability: Supreme Overlord
|-start|p1a: El rey|fallen1|[silent]
|move|p2a: Kyurem|Freeze-Dry|p1a: El rey
|-resisted|p1a: El rey
|-damage|p1a: El rey|80/100
|
|-weather|RainDance|[upkeep]
|-heal|p1a: El rey|87/100|[from] item: Leftovers
|upkeep
|turn|5
|
|t:|1781532751
|move|p2a: Kyurem|Earth Power|p1a: El rey
|-supereffective|p1a: El rey
|-damage|p1a: El rey|21/100
|move|p1a: El rey|Iron Head|p2a: Kyurem
|-supereffective|p2a: Kyurem
|-damage|p2a: Kyurem|0 fnt
|faint|p2a: Kyurem
|
|-weather|RainDance|[upkeep]
|-heal|p1a: El rey|27/100|[from] item: Leftovers
|upkeep
|
|t:|1781532770
|switch|p2a: Iron Valiant|Iron Valiant|100/100
|-damage|p2a: Iron Valiant|94/100|[from] Stealth Rock
|-enditem|p2a: Iron Valiant|Booster Energy
|-activate|p2a: Iron Valiant|ability: Quark Drive|[fromitem]
|-start|p2a: Iron Valiant|quarkdrivespe
|turn|6
|
|t:|1781532777
|move|p2a: Iron Valiant|Close Combat|p1a: El rey
|-supereffective|p1a: El rey
|-damage|p1a: El rey|0 fnt
|-unboost|p2a: Iron Valiant|def|1
|-unboost|p2a: Iron Valiant|spd|1
|faint|p1a: El rey
|-end|p1a: El rey|fallen1|[silent]
|
|-weather|RainDance|[upkeep]
|upkeep
|
|t:|1781532781
|switch|p1a: La Cabra|Barraskewda, M|100/100
|turn|7
|
|t:|1781532804
|-terastallize|p1a: La Cabra|Water
|move|p1a: La Cabra|Liquidation|p2a: Iron Valiant
|-damage|p2a: Iron Valiant|0 fnt
|faint|p2a: Iron Valiant
|-end|p2a: Iron Valiant|Quark Drive|[silent]
|
|-weather|RainDance|[upkeep]
|upkeep
|
|t:|1781532814
|switch|p2a: Ghold Experience|Gholdengo|100/100
|-damage|p2a: Ghold Experience|94/100|[from] Stealth Rock
|-item|p2a: Ghold Experience|Air Balloon
|turn|8
|
|t:|1781532816
|move|p1a: La Cabra|Liquidation|p2a: Ghold Experience
|-damage|p2a: Ghold Experience|0 fnt
|-enditem|p2a: Ghold Experience|Air Balloon
|faint|p2a: Ghold Experience
|
|-weather|RainDance|[upkeep]
|upkeep
|
|t:|1781532820
|switch|p2a: Dragonite|Dragonite, M|100/100
|turn|9
|
|t:|1781532827
|move|p1a: La Cabra|Liquidation|p2a: Dragonite
|-resisted|p2a: Dragonite
|-damage|p2a: Dragonite|62/100
|move|p2a: Dragonite|Dragon Dance|p2a: Dragonite
|-boost|p2a: Dragonite|atk|1
|-boost|p2a: Dragonite|spe|1
|
|-weather|RainDance|[upkeep]
|upkeep
|turn|10
|
|t:|1781532831
|-terastallize|p2a: Dragonite|Normal
|move|p2a: Dragonite|Extreme Speed|p1a: La Cabra
|-damage|p1a: La Cabra|0 fnt
|faint|p1a: La Cabra
|
|-weather|none
|upkeep
|
|t:|1781532835
|switch|p1a: Electrons|Raging Bolt|100/100
|-enditem|p1a: Electrons|Booster Energy
|-activate|p1a: Electrons|ability: Protosynthesis|[fromitem]
|-start|p1a: Electrons|protosynthesisspa
|turn|11
|
|t:|1781532841
|move|p2a: Dragonite|Earthquake|p1a: Electrons
|-supereffective|p1a: Electrons
|-damage|p1a: Electrons|0 fnt
|faint|p1a: Electrons
|-end|p1a: Electrons|Protosynthesis|[silent]
|
|upkeep
|
|t:|1781532844
|switch|p1a: Pelipas|Pelipper, M, shiny|100/100
|-weather|RainDance|[from] ability: Drizzle|[of] p1a: Pelipas
|turn|12
|
|t:|1781532848
|move|p2a: Dragonite|Roost|p2a: Dragonite
|-heal|p2a: Dragonite|100/100
|move|p1a: Pelipas|Hurricane|p2a: Dragonite
|-damage|p2a: Dragonite|82/100
|-start|p2a: Dragonite|confusion
|
|-weather|RainDance|[upkeep]
|upkeep
|turn|13
|j| newhere1310
|
|t:|1781532855
|-activate|p2a: Dragonite|confusion
|-damage|p2a: Dragonite|54/100|[from] confusion
|move|p1a: Pelipas|Weather Ball|p2a: Dragonite
|-damage|p2a: Dragonite|4/100
|
|-weather|RainDance|[upkeep]
|upkeep
|turn|14
|
|t:|1781532860
|-activate|p2a: Dragonite|confusion
|move|p2a: Dragonite|Roost|p2a: Dragonite
|-heal|p2a: Dragonite|54/100
|move|p1a: Pelipas|Weather Ball|p2a: Dragonite
|-damage|p2a: Dragonite|0 fnt
|faint|p2a: Dragonite
|
|-weather|RainDance|[upkeep]
|upkeep
|
|t:|1781532863
|switch|p2a: Darkrai|Darkrai|100/100
|-damage|p2a: Darkrai|88/100|[from] Stealth Rock
|turn|15
|j| choispecs ironmoth
|
|t:|1781532869
|move|p2a: Darkrai|Dark Pulse|p1a: Pelipas
|-damage|p1a: Pelipas|27/100
|-damage|p2a: Darkrai|78/100|[from] item: Life Orb
|move|p1a: Pelipas|U-turn|p2a: Darkrai
|-supereffective|p2a: Darkrai
|-crit|p2a: Darkrai
|-damage|p2a: Darkrai|39/100
|
|t:|1781532871
|switch|p1a: Rockero|Overqwil, M, shiny|100/100|[from] U-turn
|
|-weather|RainDance|[upkeep]
|upkeep
|turn|16
|
|t:|1781532875
|move|p1a: Rockero|Liquidation|p2a: Darkrai
|-damage|p2a: Darkrai|0 fnt
|faint|p2a: Darkrai
|-damage|p1a: Rockero|91/100|[from] item: Life Orb
|
|win|erjuanzas
|raw|erjuanzas's rating: 1678 &rarr; <strong>1699</strong><br />(+21 for winning)
|raw|ign28's rating: 1701 &rarr; <strong>1680</strong><br />(-21 for losing)
|c|☆erjuanzas|gg
|l|☆ign28
|player|p2|
|l|☆erjuanzas
|player|p1|
|l| newhere1310
