|j|☆Kochu_shak ㋛
|j|☆Mca Player 11
|t:|1781164625
|gametype|singles
|player|p1|Kochu_shak ㋛|169|1805
|player|p2|Mca Player 11|skierf|1700
|gen|9
|tier|[Gen 9] OU
|rated|
|rule|HP Percentage Mod: HP is shown in percentages
|rule|Endless Battle Clause: Forcing endless battles is banned
|rule|Species Clause: Limit one of each Pokémon
|rule|OHKO Clause: OHKO moves are banned
|rule|Evasion Items Clause: Evasion items are banned
|rule|Evasion Moves Clause: Evasion moves are banned
|rule|Evasion Abilities Clause: Evasion abilities are banned
|rule|Sleep Moves Clause: Sleep-inducing moves are banned
|clearpoke
|poke|p1|Araquanid, F|
|poke|p1|Gholdengo|
|poke|p1|Iron Moth|
|poke|p1|Iron Valiant|
|poke|p1|Raging Bolt|
|poke|p1|Kingambit, F|
|poke|p2|Deoxys-Speed|
|poke|p2|Iron Moth|
|poke|p2|Zamazenta-*|
|poke|p2|Gholdengo|
|poke|p2|Rillaboom, M|
|poke|p2|Iron Jugulis|
|teampreview
|inactive|Battle timer is ON: inactive players will automatically lose when time's up. (requested by Kochu_shak ㋛)
|j| tatam1 galaxy‽
|inactive|Kochu_shak ㋛ has 120 seconds left.
|j| Nakoruru_XD
|
|t:|1781164661
|teamsize|p1|6
|teamsize|p2|6
|start
|switch|p1a: QUIL|Araquanid, F|100/100
|switch|p2a: Iron Jugulis|Iron Jugulis, shiny|100/100
|-enditem|p2a: Iron Jugulis|Booster Energy
|-activate|p2a: Iron Jugulis|ability: Quark Drive|[fromitem]
|-start|p2a: Iron Jugulis|quarkdrivespe
|turn|1
|j| SilverDE
|
|t:|1781164670
|move|p2a: Iron Jugulis|Taunt|p1a: QUIL
|-start|p1a: QUIL|move: Taunt
|cant|p1a: QUIL|move: Taunt|Sticky Web
|
|upkeep
|turn|2
|
|t:|1781164673
|switch|p1a: DELI|Raging Bolt|100/100
|-enditem|p1a: DELI|Booster Energy
|-activate|p1a: DELI|ability: Protosynthesis|[fromitem]
|-start|p1a: DELI|protosynthesisspa
|move|p2a: Iron Jugulis|Hurricane|p1a: DELI
|-resisted|p1a: DELI
|-damage|p1a: DELI|75/100
|
|upkeep
|turn|3
|
|t:|1781164679
|move|p2a: Iron Jugulis|Earth Power|p1a: DELI
|-supereffective|p1a: DELI
|-damage|p1a: DELI|20/100
|move|p1a: DELI|Thunderbolt|p2a: Iron Jugulis
|-supereffective|p2a: Iron Jugulis
|-damage|p2a: Iron Jugulis|0 fnt
|faint|p2a: Iron Jugulis
|-end|p2a: Iron Jugulis|Quark Drive|[silent]
|
|upkeep
|
|t:|1781164685
|switch|p2a: Deoxys|Deoxys-Speed|100/100
|-ability|p2a: Deoxys|Pressure
|turn|4
|
|t:|1781164700
|move|p2a: Deoxys|Stealth Rock|p1a: DELI
|-sidestart|p1: Kochu_shak ㋛|move: Stealth Rock
|move|p1a: DELI|Thunderbolt|p2a: Deoxys
|-damage|p2a: Deoxys|16/100
|
|upkeep
|turn|5
|
|t:|1781164706
|move|p2a: Deoxys|Spikes|p1a: DELI
|-sidestart|p1: Kochu_shak ㋛|Spikes
|move|p1a: DELI|Thunderbolt|p2a: Deoxys
|-damage|p2a: Deoxys|0 fnt
|faint|p2a: Deoxys
|
|upkeep
|
|t:|1781164712
|switch|p2a: Iron Moth|Iron Moth, shiny|100/100
|-enditem|p2a: Iron Moth|Booster Energy
|-activate|p2a: Iron Moth|ability: Quark Drive|[fromitem]
|-start|p2a: Iron Moth|quarkdrivespe
|turn|6
|
|t:|1781164718
|move|p1a: DELI|Thunderclap|p2a: Iron Moth
|-damage|p2a: Iron Moth|42/100
|move|p2a: Iron Moth|Sludge Wave|p1a: DELI
|-damage|p1a: DELI|0 fnt
|faint|p1a: DELI
|-end|p1a: DELI|Protosynthesis|[silent]
|
|upkeep
|
|t:|1781164723
|switch|p1a: QUIL|Araquanid, F|100/100
|-damage|p1a: QUIL|75/100|[from] Stealth Rock
|-damage|p1a: QUIL|63/100|[from] Spikes
|turn|7
|
|t:|1781164739
|move|p2a: Iron Moth|Sludge Wave|p1a: QUIL
|-damage|p1a: QUIL|32/100
|move|p1a: QUIL|Sticky Web|p2a: Iron Moth
|-sidestart|p2: Mca Player 11|move: Sticky Web
|
|upkeep
|turn|8
|
|t:|1781164745
|move|p2a: Iron Moth|Sludge Wave|p1a: QUIL
|-damage|p1a: QUIL|1/100
|move|p1a: QUIL|Surf|p2a: Iron Moth
|-supereffective|p2a: Iron Moth
|-damage|p2a: Iron Moth|0 fnt
|faint|p2a: Iron Moth
|-end|p2a: Iron Moth|Quark Drive|[silent]
|
|upkeep
|
|t:|1781164748
|switch|p2a: Rillaboom|Rillaboom, M, shiny|100/100
|-activate|p2a: Rillaboom|move: Sticky Web
|-unboost|p2a: Rillaboom|spe|1
|-fieldstart|move: Grassy Terrain|[from] ability: Grassy Surge|[of] p2a: Rillaboom
|turn|9
|-enditem|p1a: QUIL|Custap Berry|[eat]
|-activate|p1a: QUIL|item: Custap Berry|[consumed]
|
|t:|1781164751
|move|p2a: Rillaboom|Grassy Glide|p1a: QUIL
|-damage|p1a: QUIL|0 fnt
|faint|p1a: QUIL
|-damage|p2a: Rillaboom|91/100|[from] item: Life Orb
|
|-heal|p2a: Rillaboom|97/100|[from] Grassy Terrain
|upkeep
|
|t:|1781164770
|switch|p1a: CALA|Iron Moth|100/100
|-damage|p1a: CALA|76/100|[from] Stealth Rock
|-damage|p1a: CALA|63/100|[from] Spikes
|-enditem|p1a: CALA|Booster Energy
|-activate|p1a: CALA|ability: Quark Drive|[fromitem]
|-start|p1a: CALA|quarkdrivespa
|turn|10
|j| Krokmouyoyo
|
|t:|1781164777
|move|p1a: CALA|Fiery Dance|p2a: Rillaboom
|-supereffective|p2a: Rillaboom
|-damage|p2a: Rillaboom|0 fnt
|faint|p2a: Rillaboom
|
|-heal|p1a: CALA|69/100|[from] Grassy Terrain
|upkeep
|
|t:|1781164780
|switch|p2a: Gholdengo|Gholdengo, shiny|100/100
|-activate|p2a: Gholdengo|move: Sticky Web
|-unboost|p2a: Gholdengo|spe|1
|-enditem|p2a: Gholdengo|Grassy Seed
|-boost|p2a: Gholdengo|def|1|[from] item: Grassy Seed
|turn|11
|
|t:|1781164783
|-terastallize|p2a: Gholdengo|Water
|move|p1a: CALA|Fiery Dance|p2a: Gholdengo
|-resisted|p2a: Gholdengo
|-damage|p2a: Gholdengo|82/100
|move|p2a: Gholdengo|Nasty Plot|p2a: Gholdengo
|-boost|p2a: Gholdengo|spa|2
|
|-heal|p1a: CALA|75/100|[from] Grassy Terrain
|-heal|p2a: Gholdengo|88/100|[from] Grassy Terrain
|upkeep
|turn|12
|
|t:|1781164787
|-terastallize|p1a: CALA|Grass
|move|p1a: CALA|Energy Ball|p2a: Gholdengo
|-supereffective|p2a: Gholdengo
|-damage|p2a: Gholdengo|0 fnt
|faint|p2a: Gholdengo
|
|-heal|p1a: CALA|81/100|[from] Grassy Terrain
|upkeep
|
|t:|1781164789
|switch|p2a: Zamazenta|Zamazenta, shiny|100/100
|-activate|p2a: Zamazenta|move: Sticky Web
|-unboost|p2a: Zamazenta|spe|1
|-ability|p2a: Zamazenta|Dauntless Shield|boost
|-boost|p2a: Zamazenta|def|1
|turn|13
|
|t:|1781164793
|move|p1a: CALA|Fiery Dance|p2a: Zamazenta
|-damage|p2a: Zamazenta|47/100
|move|p2a: Zamazenta|Close Combat|p1a: CALA
|-damage|p1a: CALA|0 fnt
|-unboost|p2a: Zamazenta|def|1
|-unboost|p2a: Zamazenta|spd|1
|faint|p1a: CALA
|-end|p1a: CALA|Quark Drive|[silent]
|
|-heal|p2a: Zamazenta|53/100|[from] Grassy Terrain
|-fieldend|move: Grassy Terrain
|upkeep
|
|t:|1781164797
|switch|p1a: QUZZ|Iron Valiant|100/100
|-damage|p1a: QUZZ|94/100|[from] Stealth Rock
|-damage|p1a: QUZZ|82/100|[from] Spikes
|-enditem|p1a: QUZZ|Booster Energy
|-activate|p1a: QUZZ|ability: Quark Drive|[fromitem]
|-start|p1a: QUZZ|quarkdrivespa
|turn|14
|
|t:|1781164800
|move|p1a: QUZZ|Moonblast|p2a: Zamazenta
|-supereffective|p2a: Zamazenta
|-damage|p2a: Zamazenta|0 fnt
|faint|p2a: Zamazenta
|
|win|Kochu_shak ㋛
|raw|Kochu_shak ㋛'s rating: 1805 &rarr; <strong>1819</strong><br />(+14 for winning)
|raw|Mca Player 11's rating: 1700 &rarr; <strong>1686</strong><br />(-14 for losing)
|c|☆Mca Player 11|wp
|c|☆Kochu_shak ㋛|gg
|l|☆Mca Player 11
|player|p2|
|l| tatam1 galaxy‽
|l| Nakoruru_XD
|l| Krokmouyoyo
|j| sojabhai3am
|l| sojabhai3am
|l|☆Kochu_shak ㋛
|player|p1|
|j|☆Kochu_shak ㋛
|player|p1|Kochu_shak ㋛|169|
