|j|☆yung taco
|j|☆Ceruledge bot
|t:|1781420394
|gametype|singles
|player|p1|yung taco|1|1527
|player|p2|Ceruledge bot|aromalady|1602
|gen|9
|tier|[Gen 9] OU
|rated|
|rule|HP Percentage Mod: HP is shown in percentages
|rule|Endless Battle Clause: Forcing endless battles is banned
|rule|Species Clause: Limit one of each Pokémon
|rule|OHKO Clause: OHKO moves are banned
|rule|Evasion Items Clause: Evasion items are banned
|rule|Evasion Moves Clause: Evasion moves are banned
|rule|Evasion Abilities Clause: Evasion abilities are banned
|rule|Sleep Moves Clause: Sleep-inducing moves are banned
|clearpoke
|poke|p1|Iron Boulder|
|poke|p1|Samurott-Hisui, M|
|poke|p1|Iron Valiant|
|poke|p1|Iron Treads|
|poke|p1|Gholdengo|
|poke|p1|Glimmora, M|
|poke|p2|Dondozo, F|
|poke|p2|Blissey, F|
|poke|p2|Corviknight, M|
|poke|p2|Weezing-Galar, F|
|poke|p2|Gliscor, M|
|poke|p2|Toxapex, F|
|teampreview
|inactive|Battle timer is ON: inactive players will automatically lose when time's up. (requested by Ceruledge bot)
|
|t:|1781420416
|teamsize|p1|6
|teamsize|p2|6
|start
|switch|p1a: Iron Valiant|Iron Valiant|100/100
|switch|p2a: Weezing|Weezing-Galar, F|100/100
|-ability|p2a: Weezing|Neutralizing Gas
|turn|1
|
|t:|1781420427
|move|p1a: Iron Valiant|Destiny Bond|p1a: Iron Valiant
|-singlemove|p1a: Iron Valiant|Destiny Bond
|move|p2a: Weezing|Strange Steam|p1a: Iron Valiant
|-supereffective|p1a: Iron Valiant
|-damage|p1a: Iron Valiant|1/100
|
|upkeep
|turn|2
|
|t:|1781420438
|move|p1a: Iron Valiant|Moonblast|p2a: Weezing
|-resisted|p2a: Weezing
|-damage|p2a: Weezing|68/100
|move|p2a: Weezing|Strange Steam|p1a: Iron Valiant
|-supereffective|p1a: Iron Valiant
|-damage|p1a: Iron Valiant|0 fnt
|faint|p1a: Iron Valiant
|-end|p1a: Iron Valiant|Quark Drive|[silent]
|
|upkeep
|
|t:|1781420454
|switch|p1a: Gholdengo|Gholdengo|100/100
|turn|3
|
|t:|1781420457
|-end|p2a: Weezing|ability: Neutralizing Gas
|switch|p2a: Toxapex|Toxapex, F|100/100
|move|p1a: Gholdengo|Trick|p2a: Toxapex
|-activate|p1a: Gholdengo|move: Trick|[of] p2a: Toxapex
|-item|p2a: Toxapex|Choice Scarf|[from] move: Trick
|-item|p1a: Gholdengo|Leftovers|[from] move: Trick
|
|upkeep
|turn|4
|
|t:|1781420469
|switch|p1a: Glimmora|Glimmora, M|100/100
|move|p2a: Toxapex|Toxic Spikes|p1a: Glimmora
|-sidestart|p1: yung taco|move: Toxic Spikes
|
|upkeep
|turn|5
|
|t:|1781420474
|switch|p2a: Gliscor|Gliscor, M|100/100
|move|p1a: Glimmora|Spikes|p2a: Gliscor
|-sidestart|p2: Ceruledge bot|Spikes
|
|-status|p2a: Gliscor|tox|[from] item: Toxic Orb
|upkeep
|turn|6
|
|t:|1781420488
|-terastallize|p1a: Glimmora|Flying
|move|p1a: Glimmora|Spikes|p2a: Gliscor
|-sidestart|p2: Ceruledge bot|Spikes
|move|p2a: Gliscor|Earthquake|p1a: Glimmora
|-immune|p1a: Glimmora
|
|upkeep
|turn|7
|
|t:|1781420497
|switch|p1a: Iron Treads|Iron Treads|100/100
|-enditem|p1a: Iron Treads|Booster Energy
|-activate|p1a: Iron Treads|ability: Quark Drive|[fromitem]
|-start|p1a: Iron Treads|quarkdrivespe
|move|p2a: Gliscor|Knock Off|p1a: Iron Treads
|-damage|p1a: Iron Treads|87/100
|
|upkeep
|turn|8
|
|t:|1781420508
|switch|p2a: Corviknight|Corviknight, M|100/100
|-ability|p2a: Corviknight|Pressure
|move|p1a: Iron Treads|Stealth Rock|p2a: Corviknight
|-sidestart|p2: Ceruledge bot|move: Stealth Rock
|
|upkeep
|turn|9
|
|t:|1781420514
|-end|p1a: Iron Treads|Quark Drive|[silent]
|switch|p1a: Gholdengo|Gholdengo|100/100
|switch|p2a: Toxapex|Toxapex, F|100/100
|-damage|p2a: Toxapex|84/100|[from] Spikes
|-damage|p2a: Toxapex|72/100|[from] Stealth Rock
|
|upkeep
|turn|10
|
|t:|1781420523
|move|p1a: Gholdengo|Thunderbolt|p2a: Toxapex
|-supereffective|p2a: Toxapex
|-damage|p2a: Toxapex|31/100
|move|p2a: Toxapex|Haze|p2a: Toxapex
|-clearallboost
|
|upkeep
|turn|11
|
|t:|1781420532
|switch|p2a: Gliscor|Gliscor, M|100/100 tox
|-damage|p2a: Gliscor|88/100 tox|[from] Stealth Rock
|move|p1a: Gholdengo|Thunderbolt|p2a: Gliscor
|-immune|p2a: Gliscor
|
|-heal|p2a: Gliscor|100/100 tox|[from] ability: Poison Heal
|upkeep
|turn|12
|
|t:|1781420553
|move|p1a: Gholdengo|Trick|p2a: Gliscor
|-activate|p1a: Gholdengo|move: Trick|[of] p2a: Gliscor
|-item|p2a: Gliscor|Leftovers|[from] move: Trick
|-item|p1a: Gholdengo|Toxic Orb|[from] move: Trick
|move|p2a: Gliscor|Earthquake|p1a: Gholdengo
|-supereffective|p1a: Gholdengo
|-damage|p1a: Gholdengo|30/100
|
|upkeep
|turn|13
|
|t:|1781420557
|switch|p1a: Glimmora|Glimmora, M, tera:Flying|100/100
|move|p2a: Gliscor|Earthquake|p1a: Glimmora
|-immune|p1a: Glimmora
|
|upkeep
|turn|14
|
|t:|1781420561
|move|p1a: Glimmora|Spikes|p2a: Gliscor
|-sidestart|p2: Ceruledge bot|Spikes
|move|p2a: Gliscor|Knock Off|p1a: Glimmora
|-damage|p1a: Glimmora|74/100
|-activate|p1a: Glimmora|ability: Toxic Debris
|-sidestart|p2: Ceruledge bot|move: Toxic Spikes
|-enditem|p1a: Glimmora|Focus Sash|[from] move: Knock Off|[of] p2a: Gliscor
|
|upkeep
|turn|15
|
|t:|1781420570
|move|p1a: Glimmora|Power Gem|p2a: Gliscor
|-damage|p2a: Gliscor|65/100 tox
|move|p2a: Gliscor|Knock Off|p1a: Glimmora
|-damage|p1a: Glimmora|57/100
|-activate|p1a: Glimmora|ability: Toxic Debris
|-sidestart|p2: Ceruledge bot|move: Toxic Spikes
|
|-heal|p2a: Gliscor|71/100 tox|[from] item: Leftovers
|-heal|p2a: Gliscor|83/100 tox|[from] ability: Poison Heal
|upkeep
|turn|16
|
|t:|1781420574
|move|p2a: Gliscor|Protect|p2a: Gliscor
|-singleturn|p2a: Gliscor|Protect
|move|p1a: Glimmora|Power Gem|p2a: Gliscor
|-activate|p2a: Gliscor|move: Protect
|
|-heal|p2a: Gliscor|90/100 tox|[from] item: Leftovers
|-heal|p2a: Gliscor|100/100 tox|[from] ability: Poison Heal
|upkeep
|turn|17
|
|t:|1781420577
|move|p1a: Glimmora|Power Gem|p2a: Gliscor
|-damage|p2a: Gliscor|67/100 tox
|move|p2a: Gliscor|Knock Off|p1a: Glimmora
|-damage|p1a: Glimmora|39/100
|
|-heal|p2a: Gliscor|73/100 tox|[from] item: Leftovers
|-heal|p2a: Gliscor|86/100 tox|[from] ability: Poison Heal
|upkeep
|turn|18
|
|t:|1781420581
|switch|p1a: Iron Treads|Iron Treads|87/100
|move|p2a: Gliscor|Protect||[still]
|-fail|p2a: Gliscor
|
|-heal|p2a: Gliscor|92/100 tox|[from] item: Leftovers
|-heal|p2a: Gliscor|100/100 tox|[from] ability: Poison Heal
|upkeep
|turn|19
|
|t:|1781420585
|move|p1a: Iron Treads|Rapid Spin|p2a: Gliscor
|-damage|p2a: Gliscor|89/100 tox
|-boost|p1a: Iron Treads|spe|1
|-sideend|p1: yung taco|Toxic Spikes|[from] move: Rapid Spin|[of] p1a: Iron Treads
|move|p2a: Gliscor|Earthquake|p1a: Iron Treads
|-supereffective|p1a: Iron Treads
|-damage|p1a: Iron Treads|32/100
|
|-heal|p2a: Gliscor|95/100 tox|[from] item: Leftovers
|-heal|p2a: Gliscor|100/100 tox|[from] ability: Poison Heal
|upkeep
|turn|20
|
|t:|1781420590
|move|p2a: Gliscor|Protect|p2a: Gliscor
|-singleturn|p2a: Gliscor|Protect
|move|p1a: Iron Treads|Ice Spinner|p2a: Gliscor
|-activate|p2a: Gliscor|move: Protect
|
|upkeep
|turn|21
|
|t:|1781420598
|-end|p1a: Iron Treads|Quark Drive|[silent]
|switch|p1a: Gholdengo|Gholdengo|30/100
|switch|p2a: Corviknight|Corviknight, M|100/100
|-damage|p2a: Corviknight|88/100|[from] Stealth Rock
|-ability|p2a: Corviknight|Pressure
|
|-heal|p2a: Corviknight|94/100|[from] item: Leftovers
|upkeep
|turn|22
|
|t:|1781420604
|switch|p2a: Blissey|Blissey, F|100/100
|-damage|p2a: Blissey|75/100|[from] Spikes
|-damage|p2a: Blissey|63/100|[from] Stealth Rock
|-status|p2a: Blissey|tox
|move|p1a: Gholdengo|Trick|p2a: Blissey
|-activate|p1a: Gholdengo|move: Trick|[of] p2a: Blissey
|-item|p2a: Blissey|Toxic Orb|[from] move: Trick
|-item|p1a: Gholdengo|Leftovers|[from] move: Trick
|
|-heal|p1a: Gholdengo|36/100|[from] item: Leftovers
|-damage|p2a: Blissey|57/100 tox|[from] psn
|upkeep
|turn|23
|
|t:|1781420626
|switch|p1a: Samurott|Samurott-Hisui, M|100/100
|-curestatus|p2a: Blissey|tox|[from] ability: Natural Cure|[silent]
|switch|p2a: Toxapex|Toxapex, F|65/100
|-damage|p2a: Toxapex|40/100|[from] Spikes
|-damage|p2a: Toxapex|27/100|[from] Stealth Rock
|-sideend|p2: Ceruledge bot|move: Toxic Spikes|[of] p2a: Toxapex
|
|upkeep
|turn|24
|
|t:|1781420633
|switch|p2a: Corviknight|Corviknight, M|94/100
|-damage|p2a: Corviknight|82/100|[from] Stealth Rock
|-ability|p2a: Corviknight|Pressure
|move|p1a: Samurott|Taunt|p2a: Corviknight
|-start|p2a: Corviknight|move: Taunt
|
|-heal|p2a: Corviknight|88/100|[from] item: Leftovers
|upkeep
|turn|25
|
|t:|1781420654
|move|p1a: Samurott|Razor Shell|p2a: Corviknight
|-damage|p2a: Corviknight|56/100
|-unboost|p2a: Corviknight|def|1
|move|p2a: Corviknight|Body Press|p1a: Samurott
|-supereffective|p1a: Samurott
|-damage|p1a: Samurott|56/100
|
|-heal|p2a: Corviknight|62/100|[from] item: Leftovers
|upkeep
|turn|26
|
|t:|1781420668
|move|p1a: Samurott|Razor Shell|p2a: Corviknight
|-crit|p2a: Corviknight
|-damage|p2a: Corviknight|0 fnt
|faint|p2a: Corviknight
|
|upkeep
|
|t:|1781420680
|switch|p2a: Dondozo|Dondozo, F|100/100
|-damage|p2a: Dondozo|76/100|[from] Spikes
|-damage|p2a: Dondozo|63/100|[from] Stealth Rock
|turn|27
|
|t:|1781420686
|move|p1a: Samurott|Taunt|p2a: Dondozo
|-start|p2a: Dondozo|move: Taunt
|move|p2a: Dondozo|Body Press|p1a: Samurott
|-supereffective|p1a: Samurott
|-damage|p1a: Samurott|0 fnt
|faint|p1a: Samurott
|
|-heal|p2a: Dondozo|69/100|[from] item: Leftovers
|upkeep
|
|t:|1781420699
|switch|p1a: Glimmora|Glimmora, M, tera:Flying|39/100
|turn|28
|
|t:|1781420703
|switch|p2a: Gliscor|Gliscor, M|100/100 tox
|-damage|p2a: Gliscor|88/100 tox|[from] Stealth Rock
|move|p1a: Glimmora|Energy Ball|p2a: Gliscor
|-damage|p2a: Gliscor|60/100 tox
|
|-heal|p2a: Gliscor|67/100 tox|[from] item: Leftovers
|-heal|p2a: Gliscor|79/100 tox|[from] ability: Poison Heal
|upkeep
|turn|29
|
|t:|1781420711
|move|p1a: Glimmora|Power Gem|p2a: Gliscor
|-damage|p2a: Gliscor|44/100 tox
|move|p2a: Gliscor|Knock Off|p1a: Glimmora
|-damage|p1a: Glimmora|22/100
|-activate|p1a: Glimmora|ability: Toxic Debris
|-sidestart|p2: Ceruledge bot|move: Toxic Spikes
|
|-heal|p2a: Gliscor|50/100 tox|[from] item: Leftovers
|-heal|p2a: Gliscor|63/100 tox|[from] ability: Poison Heal
|upkeep
|turn|30
|
|t:|1781420729
|move|p2a: Gliscor|Protect|p2a: Gliscor
|-singleturn|p2a: Gliscor|Protect
|move|p1a: Glimmora|Power Gem|p2a: Gliscor
|-activate|p2a: Gliscor|move: Protect
|
|-heal|p2a: Gliscor|69/100 tox|[from] item: Leftovers
|-heal|p2a: Gliscor|82/100 tox|[from] ability: Poison Heal
|upkeep
|turn|31
|
|t:|1781420732
|move|p2a: Gliscor|Protect|p2a: Gliscor
|-singleturn|p2a: Gliscor|Protect
|move|p1a: Glimmora|Power Gem|p2a: Gliscor
|-activate|p2a: Gliscor|move: Protect
|
|-heal|p2a: Gliscor|88/100 tox|[from] item: Leftovers
|-heal|p2a: Gliscor|100/100 tox|[from] ability: Poison Heal
|upkeep
|turn|32
|
|t:|1781420735
|move|p1a: Glimmora|Power Gem|p2a: Gliscor
|-damage|p2a: Gliscor|63/100 tox
|move|p2a: Gliscor|Knock Off|p1a: Glimmora
|-damage|p1a: Glimmora|4/100
|-activate|p1a: Glimmora|ability: Toxic Debris
|-sidestart|p2: Ceruledge bot|move: Toxic Spikes
|
|-heal|p2a: Gliscor|69/100 tox|[from] item: Leftovers
|-heal|p2a: Gliscor|81/100 tox|[from] ability: Poison Heal
|upkeep
|turn|33
|
|t:|1781420739
|switch|p1a: Gholdengo|Gholdengo|36/100
|move|p2a: Gliscor|Protect||[still]
|-fail|p2a: Gliscor
|
|-heal|p1a: Gholdengo|42/100|[from] item: Leftovers
|-heal|p2a: Gliscor|88/100 tox|[from] item: Leftovers
|-heal|p2a: Gliscor|99/100 tox|[from] ability: Poison Heal
|upkeep
|turn|34
|
|t:|1781420742
|switch|p1a: Glimmora|Glimmora, M, tera:Flying|4/100
|move|p2a: Gliscor|Earthquake|p1a: Glimmora
|-immune|p1a: Glimmora
|
|-heal|p2a: Gliscor|100/100 tox|[from] item: Leftovers
|upkeep
|turn|35
|
|t:|1781420745
|switch|p1a: Gholdengo|Gholdengo|42/100
|move|p2a: Gliscor|Knock Off|p1a: Gholdengo
|-supereffective|p1a: Gholdengo
|-damage|p1a: Gholdengo|0 fnt
|-enditem|p1a: Gholdengo|Leftovers|[from] move: Knock Off|[of] p2a: Gliscor
|faint|p1a: Gholdengo
|
|upkeep
|
|t:|1781420752
|switch|p1a: Iron Treads|Iron Treads|32/100
|turn|36
|
|t:|1781420754
|move|p1a: Iron Treads|Ice Spinner|p2a: Gliscor
|-supereffective|p2a: Gliscor
|-damage|p2a: Gliscor|15/100 tox
|move|p2a: Gliscor|Earthquake|p1a: Iron Treads
|-supereffective|p1a: Iron Treads
|-damage|p1a: Iron Treads|0 fnt
|faint|p1a: Iron Treads
|-end|p1a: Iron Treads|Quark Drive|[silent]
|
|-heal|p2a: Gliscor|22/100 tox|[from] item: Leftovers
|-heal|p2a: Gliscor|34/100 tox|[from] ability: Poison Heal
|upkeep
|
|t:|1781420765
|switch|p1a: Iron Boulder|Iron Boulder|100/100
|-enditem|p1a: Iron Boulder|Booster Energy
|-activate|p1a: Iron Boulder|ability: Quark Drive|[fromitem]
|-start|p1a: Iron Boulder|quarkdrivespe
|turn|37
|
|t:|1781420769
|move|p1a: Iron Boulder|Substitute|p1a: Iron Boulder
|-start|p1a: Iron Boulder|Substitute
|-damage|p1a: Iron Boulder|76/100
|move|p2a: Gliscor|Earthquake|p1a: Iron Boulder
|-supereffective|p1a: Iron Boulder
|-end|p1a: Iron Boulder|Substitute
|
|-heal|p2a: Gliscor|40/100 tox|[from] item: Leftovers
|-heal|p2a: Gliscor|53/100 tox|[from] ability: Poison Heal
|upkeep
|turn|38
|
|t:|1781420774
|move|p1a: Iron Boulder|Mighty Cleave|p2a: Gliscor
|-damage|p2a: Gliscor|15/100 tox
|move|p2a: Gliscor|Earthquake|p1a: Iron Boulder
|-supereffective|p1a: Iron Boulder
|-damage|p1a: Iron Boulder|0 fnt
|faint|p1a: Iron Boulder
|-end|p1a: Iron Boulder|Quark Drive|[silent]
|
|-heal|p2a: Gliscor|22/100 tox|[from] item: Leftovers
|-heal|p2a: Gliscor|34/100 tox|[from] ability: Poison Heal
|upkeep
|-message|yung taco forfeited.
|
|win|Ceruledge bot
|raw|yung taco's rating: 1527 &rarr; <strong>1511</strong><br />(-16 for losing)
|raw|Ceruledge bot's rating: 1602 &rarr; <strong>1618</strong><br />(+16 for winning)
|l|☆yung taco
|player|p1|
|l|☆Ceruledge bot
|player|p2|
