|j|☆dooming
|j|☆EleaRosea
|t:|1781096818
|gametype|singles
|player|p1|dooming|marshal|1568
|player|p2|EleaRosea|harmony|1590
|gen|9
|tier|[Gen 9] OU
|rated|
|rule|HP Percentage Mod: HP is shown in percentages
|rule|Endless Battle Clause: Forcing endless battles is banned
|rule|Species Clause: Limit one of each Pokémon
|rule|OHKO Clause: OHKO moves are banned
|rule|Evasion Items Clause: Evasion items are banned
|rule|Evasion Moves Clause: Evasion moves are banned
|rule|Evasion Abilities Clause: Evasion abilities are banned
|rule|Sleep Moves Clause: Sleep-inducing moves are banned
|clearpoke
|poke|p1|Heatran, F|
|poke|p1|Dragonite, F|
|poke|p1|Great Tusk|
|poke|p1|Kyurem|
|poke|p1|Weezing-Galar, F|
|poke|p1|Iron Valiant|
|poke|p2|Ogerpon, F|
|poke|p2|Great Tusk|
|poke|p2|Alomomola, F|
|poke|p2|Rillaboom, F|
|poke|p2|Primarina, M|
|poke|p2|Heatran, F|
|teampreview
|inactive|Battle timer is ON: inactive players will automatically lose when time's up. (requested by EleaRosea)
|
|t:|1781096838
|teamsize|p1|6
|teamsize|p2|6
|start
|switch|p1a: Kyurem|Kyurem, shiny|100/100
|switch|p2a: Primarina|Primarina, M|100/100
|-ability|p1a: Kyurem|Pressure
|turn|1
|inactive|EleaRosea has 120 seconds left.
|
|t:|1781096876
|switch|p1a: Heatran|Heatran, F, shiny|100/100
|move|p2a: Primarina|Moonblast|p1a: Heatran
|-resisted|p1a: Heatran
|-damage|p1a: Heatran|91/100
|
|-heal|p1a: Heatran|97/100|[from] item: Leftovers
|upkeep
|turn|2
|
|t:|1781096881
|move|p1a: Heatran|Protect|p1a: Heatran
|-singleturn|p1a: Heatran|Protect
|move|p2a: Primarina|Psychic Noise|p1a: Heatran
|-activate|p1a: Heatran|move: Protect
|
|-heal|p1a: Heatran|100/100|[from] item: Leftovers
|upkeep
|turn|3
|
|t:|1781096887
|-terastallize|p1a: Heatran|Grass
|move|p1a: Heatran|Magma Storm|p2a: Primarina
|-resisted|p2a: Primarina
|-damage|p2a: Primarina|84/100
|-activate|p2a: Primarina|move: Magma Storm|[of] p1a: Heatran
|move|p2a: Primarina|Psychic Noise|p1a: Heatran
|-resisted|p1a: Heatran
|-damage|p1a: Heatran|85/100
|-start|p1a: Heatran|move: Heal Block
|
|-damage|p2a: Primarina|72/100|[from] move: Magma Storm|[partiallytrapped]
|upkeep
|turn|4
|
|t:|1781096893
|move|p1a: Heatran|Protect|p1a: Heatran
|-singleturn|p1a: Heatran|Protect
|move|p2a: Primarina|Flip Turn|p1a: Heatran
|-activate|p1a: Heatran|move: Protect
|
|-damage|p2a: Primarina|59/100|[from] move: Magma Storm|[partiallytrapped]
|-end|p1a: Heatran|move: Heal Block
|upkeep
|turn|5
|inactive|dooming has 120 seconds left.
|
|t:|1781096927
|move|p1a: Heatran|Earth Power|p2a: Primarina
|-damage|p2a: Primarina|43/100
|move|p2a: Primarina|Moonblast|p1a: Heatran
|-damage|p1a: Heatran|46/100
|
|-heal|p1a: Heatran|52/100|[from] item: Leftovers
|-damage|p2a: Primarina|30/100|[from] move: Magma Storm|[partiallytrapped]
|upkeep
|turn|6
|
|t:|1781096937
|move|p1a: Heatran|Protect|p1a: Heatran
|-singleturn|p1a: Heatran|Protect
|move|p2a: Primarina|Flip Turn|p1a: Heatran
|-activate|p1a: Heatran|move: Protect
|
|-heal|p1a: Heatran|58/100|[from] item: Leftovers
|-damage|p2a: Primarina|18/100|[from] move: Magma Storm|[partiallytrapped]
|upkeep
|turn|7
|
|t:|1781096945
|move|p1a: Heatran|Earth Power|p2a: Primarina
|-damage|p2a: Primarina|1/100
|move|p2a: Primarina|Flip Turn|p1a: Heatran
|-resisted|p1a: Heatran
|-damage|p1a: Heatran|52/100
|
|t:|1781096951
|switch|p2a: Rillaboom|Rillaboom, F|100/100|[from] Flip Turn
|-fieldstart|move: Grassy Terrain|[from] ability: Grassy Surge|[of] p2a: Rillaboom
|
|-heal|p1a: Heatran|58/100|[from] Grassy Terrain
|-heal|p1a: Heatran|64/100|[from] item: Leftovers
|upkeep
|turn|8
|
|t:|1781096959
|move|p2a: Rillaboom|U-turn|p1a: Heatran
|-supereffective|p1a: Heatran
|-damage|p1a: Heatran|12/100
|
|t:|1781096963
|switch|p2a: Alomomola|Alomomola, F|100/100|[from] U-turn
|move|p1a: Heatran|Magma Storm|p2a: Alomomola
|-resisted|p2a: Alomomola
|-damage|p2a: Alomomola|67/100
|-activate|p2a: Alomomola|move: Magma Storm|[of] p1a: Heatran
|
|-heal|p1a: Heatran|18/100|[from] Grassy Terrain
|-heal|p1a: Heatran|24/100|[from] item: Leftovers
|-heal|p2a: Alomomola|73/100|[from] Grassy Terrain
|-damage|p2a: Alomomola|61/100|[from] move: Magma Storm|[partiallytrapped]
|upkeep
|turn|9
|
|t:|1781096966
|move|p1a: Heatran|Protect|p1a: Heatran
|-singleturn|p1a: Heatran|Protect
|move|p2a: Alomomola|Wish|p2a: Alomomola
|
|-heal|p1a: Heatran|31/100|[from] Grassy Terrain
|-heal|p1a: Heatran|37/100|[from] item: Leftovers
|-heal|p2a: Alomomola|67/100|[from] Grassy Terrain
|-damage|p2a: Alomomola|54/100|[from] move: Magma Storm|[partiallytrapped]
|upkeep
|turn|10
|
|t:|1781096971
|switch|p1a: Great Tusk|Great Tusk, shiny|100/100
|move|p2a: Alomomola|Flip Turn|p1a: Great Tusk
|-supereffective|p1a: Great Tusk
|-damage|p1a: Great Tusk|77/100
|c|☆EleaRosea|oh my goodness brah
|
|t:|1781096977
|switch|p2a: Primarina|Primarina, M|1/100|[from] Flip Turn
|
|-heal|p2a: Primarina|75/100|[from] move: Wish|[wisher] Alomomola
|-heal|p1a: Great Tusk|83/100|[from] Grassy Terrain
|-heal|p2a: Primarina|81/100|[from] Grassy Terrain
|upkeep
|turn|11
|c|☆EleaRosea|let's go prima :D
|
|t:|1781096988
|switch|p2a: Ogerpon|Ogerpon, F|100/100
|move|p1a: Great Tusk|Headlong Rush|p2a: Ogerpon
|-resisted|p2a: Ogerpon
|-damage|p2a: Ogerpon|58/100
|-unboost|p1a: Great Tusk|def|1
|-unboost|p1a: Great Tusk|spd|1
|
|-heal|p2a: Ogerpon|64/100|[from] Grassy Terrain
|-heal|p1a: Great Tusk|89/100|[from] Grassy Terrain
|upkeep
|turn|12
|
|t:|1781096995
|-end|p1a: Great Tusk|Protosynthesis|[silent]
|switch|p1a: Weezing|Weezing-Galar, F, shiny|100/100
|-ability|p1a: Weezing|Neutralizing Gas
|move|p2a: Ogerpon|Knock Off|p1a: Weezing
|-resisted|p1a: Weezing
|-damage|p1a: Weezing|86/100
|-enditem|p1a: Weezing|Leftovers|[from] move: Knock Off|[of] p2a: Ogerpon
|
|-heal|p2a: Ogerpon|70/100|[from] Grassy Terrain
|-heal|p1a: Weezing|92/100|[from] Grassy Terrain
|upkeep
|turn|13
|
|t:|1781097001
|switch|p2a: Heatran|Heatran, F|100/100
|move|p1a: Weezing|Will-O-Wisp|p2a: Heatran
|-immune|p2a: Heatran
|
|-heal|p1a: Weezing|98/100|[from] Grassy Terrain
|upkeep
|turn|14
|
|t:|1781097008
|-end|p1a: Weezing|ability: Neutralizing Gas
|switch|p1a: Heatran|Heatran, F, shiny, tera:Grass|37/100
|move|p2a: Heatran|Stealth Rock|p1a: Heatran
|-sidestart|p1: dooming|move: Stealth Rock
|
|-heal|p1a: Heatran|43/100|[from] Grassy Terrain
|-heal|p1a: Heatran|49/100|[from] item: Leftovers
|-fieldend|move: Grassy Terrain
|upkeep
|turn|15
|
|t:|1781097021
|switch|p2a: Alomomola|Alomomola, F|88/100
|move|p1a: Heatran|Magma Storm|p2a: Alomomola|[miss]
|-miss|p1a: Heatran|p2a: Alomomola
|
|-heal|p1a: Heatran|55/100|[from] item: Leftovers
|upkeep
|turn|16
|
|t:|1781097028
|switch|p1a: Great Tusk|Great Tusk, shiny|89/100
|-damage|p1a: Great Tusk|86/100|[from] Stealth Rock
|move|p2a: Alomomola|Wish|p2a: Alomomola
|
|upkeep
|turn|17
|
|t:|1781097032
|move|p1a: Great Tusk|Rapid Spin|p2a: Alomomola
|-damage|p2a: Alomomola|79/100
|-boost|p1a: Great Tusk|spe|1
|-sideend|p1: dooming|Stealth Rock|[from] move: Rapid Spin|[of] p1a: Great Tusk
|move|p2a: Alomomola|Scald|p1a: Great Tusk
|-supereffective|p1a: Great Tusk
|-damage|p1a: Great Tusk|45/100
|
|-heal|p2a: Alomomola|100/100|[from] move: Wish|[wisher] Alomomola
|upkeep
|turn|18
|
|t:|1781097038
|-end|p1a: Great Tusk|Protosynthesis|[silent]
|switch|p1a: Kyurem|Kyurem, shiny|100/100
|-ability|p1a: Kyurem|Pressure
|move|p2a: Alomomola|Wish|p2a: Alomomola
|
|upkeep
|turn|19
|
|t:|1781097051
|switch|p2a: Primarina|Primarina, M|81/100
|move|p1a: Kyurem|Earth Power|p2a: Primarina
|-damage|p2a: Primarina|61/100
|
|-heal|p2a: Primarina|100/100|[from] move: Wish|[wisher] Alomomola
|upkeep
|turn|20
|
|t:|1781097062
|switch|p1a: Heatran|Heatran, F, shiny, tera:Grass|55/100
|move|p2a: Primarina|Moonblast|p1a: Heatran
|-damage|p1a: Heatran|12/100
|
|-heal|p1a: Heatran|18/100|[from] item: Leftovers
|upkeep
|turn|21
|
|t:|1781097066
|move|p1a: Heatran|Protect|p1a: Heatran
|-singleturn|p1a: Heatran|Protect
|move|p2a: Primarina|Moonblast|p1a: Heatran
|-activate|p1a: Heatran|move: Protect
|
|-heal|p1a: Heatran|25/100|[from] item: Leftovers
|upkeep
|turn|22
|
|t:|1781097078
|switch|p1a: Weezing|Weezing-Galar, F, shiny|98/100
|-ability|p1a: Weezing|Neutralizing Gas
|move|p2a: Primarina|Moonblast|p1a: Weezing
|-resisted|p1a: Weezing
|-damage|p1a: Weezing|62/100
|
|upkeep
|turn|23
|
|t:|1781097091
|move|p1a: Weezing|Pain Split|p2a: Primarina
|-sethp|p2a: Primarina|78/100|[from] move: Pain Split|[silent]
|-sethp|p1a: Weezing|85/100|[from] move: Pain Split
|move|p2a: Primarina|Psychic Noise|p1a: Weezing
|-supereffective|p1a: Weezing
|-damage|p1a: Weezing|6/100
|-start|p1a: Weezing|move: Heal Block
|
|upkeep
|turn|24
|
|t:|1781097098
|move|p1a: Weezing|Pain Split|p2a: Primarina
|-sethp|p2a: Primarina|42/100|[from] move: Pain Split|[silent]
|-sethp|p1a: Weezing|46/100|[from] move: Pain Split
|move|p2a: Primarina|Psychic Noise|p1a: Weezing
|-supereffective|p1a: Weezing
|-damage|p1a: Weezing|0 fnt
|faint|p1a: Weezing
|-end|p1a: Weezing|ability: Neutralizing Gas
|
|upkeep
|
|t:|1781097112
|switch|p1a: Kyurem|Kyurem, shiny|100/100
|-ability|p1a: Kyurem|Pressure
|turn|25
|
|t:|1781097117
|switch|p2a: Heatran|Heatran, F|100/100
|move|p1a: Kyurem|Freeze-Dry|p2a: Heatran
|-resisted|p2a: Heatran
|-damage|p2a: Heatran|95/100
|
|-heal|p2a: Heatran|100/100|[from] item: Leftovers
|upkeep
|turn|26
|
|t:|1781097126
|switch|p1a: Great Tusk|Great Tusk, shiny|45/100
|switch|p2a: Rillaboom|Rillaboom, F|100/100
|-fieldstart|move: Grassy Terrain|[from] ability: Grassy Surge|[of] p2a: Rillaboom
|
|-heal|p1a: Great Tusk|52/100|[from] Grassy Terrain
|upkeep
|turn|27
|
|t:|1781097135
|move|p2a: Rillaboom|Grassy Glide|p1a: Great Tusk
|-supereffective|p1a: Great Tusk
|-damage|p1a: Great Tusk|0 fnt
|faint|p1a: Great Tusk
|-end|p1a: Great Tusk|Protosynthesis|[silent]
|
|upkeep
|
|t:|1781097141
|switch|p1a: Heatran|Heatran, F, shiny, tera:Grass|25/100
|turn|28
|
|t:|1781097145
|move|p1a: Heatran|Protect|p1a: Heatran
|-singleturn|p1a: Heatran|Protect
|move|p2a: Rillaboom|U-turn|p1a: Heatran
|-activate|p1a: Heatran|move: Protect
|
|-heal|p1a: Heatran|31/100|[from] Grassy Terrain
|-heal|p1a: Heatran|37/100|[from] item: Leftovers
|upkeep
|turn|29
|
|t:|1781097151
|switch|p1a: Iron Valiant|Iron Valiant, shiny|100/100
|-enditem|p1a: Iron Valiant|Booster Energy
|-activate|p1a: Iron Valiant|ability: Quark Drive|[fromitem]
|-start|p1a: Iron Valiant|quarkdrivespe
|move|p2a: Rillaboom|U-turn|p1a: Iron Valiant
|-resisted|p1a: Iron Valiant
|-damage|p1a: Iron Valiant|92/100
|
|t:|1781097161
|switch|p2a: Primarina|Primarina, M|42/100|[from] U-turn
|
|-heal|p1a: Iron Valiant|98/100|[from] Grassy Terrain
|-heal|p2a: Primarina|48/100|[from] Grassy Terrain
|upkeep
|turn|30
|
|t:|1781097170
|-end|p1a: Iron Valiant|Quark Drive|[silent]
|switch|p1a: Kyurem|Kyurem, shiny|100/100
|-ability|p1a: Kyurem|Pressure
|move|p2a: Primarina|Moonblast|p1a: Kyurem
|-supereffective|p1a: Kyurem
|-damage|p1a: Kyurem|0 fnt
|faint|p1a: Kyurem
|
|-heal|p2a: Primarina|54/100|[from] Grassy Terrain
|upkeep
|-message|dooming forfeited.
|
|win|EleaRosea
|raw|dooming's rating: 1568 &rarr; <strong>1549</strong><br />(-19 for losing)
|raw|EleaRosea's rating: 1590 &rarr; <strong>1609</strong><br />(+19 for winning)
|l|☆dooming
|player|p1|
|c|☆EleaRosea|shamone
