|j|☆SpringLucina
|j|☆uniandes5
|t:|1781140626
|gametype|singles
|player|p1|SpringLucina|will|1623
|player|p2|uniandes5|265|1607
|gen|9
|tier|[Gen 9] OU
|rated|
|rule|HP Percentage Mod: HP is shown in percentages
|rule|Endless Battle Clause: Forcing endless battles is banned
|rule|Species Clause: Limit one of each Pokémon
|rule|OHKO Clause: OHKO moves are banned
|rule|Evasion Items Clause: Evasion items are banned
|rule|Evasion Moves Clause: Evasion moves are banned
|rule|Evasion Abilities Clause: Evasion abilities are banned
|rule|Sleep Moves Clause: Sleep-inducing moves are banned
|clearpoke
|poke|p1|Darkrai|
|poke|p1|Clefable, M|
|poke|p1|Ogerpon-Wellspring, F|
|poke|p1|Corviknight, F|
|poke|p1|Great Tusk|
|poke|p1|Iron Crown|
|poke|p2|Grimmsnarl, M|
|poke|p2|Latias, F|
|poke|p2|Tinkaton, F|
|poke|p2|Volcanion|
|poke|p2|Mew|
|poke|p2|Dragapult, F|
|teampreview
|
|t:|1781140634
|teamsize|p1|6
|teamsize|p2|6
|start
|switch|p1a: Darkrai|Darkrai|100/100
|switch|p2a: Dragapult|Dragapult, F|100/100
|turn|1
|
|t:|1781140638
|switch|p1a: Corviknight|Corviknight, F|100/100
|-ability|p1a: Corviknight|Pressure
|switch|p2a: Grimmsnarl|Grimmsnarl, M|100/100
|
|upkeep
|turn|2
|
|t:|1781140643
|move|p2a: Grimmsnarl|Thunder Wave|p1a: Corviknight
|-status|p1a: Corviknight|par
|move|p1a: Corviknight|U-turn|p2a: Grimmsnarl
|-damage|p2a: Grimmsnarl|86/100
|
|t:|1781140646
|switch|p1a: Darkrai|Darkrai|100/100|[from] U-turn
|
|upkeep
|turn|3
|
|t:|1781140648
|move|p2a: Grimmsnarl|Light Screen|p2a: Grimmsnarl
|-sidestart|p2: uniandes5|move: Light Screen
|move|p1a: Darkrai|Dark Pulse|p2a: Grimmsnarl
|-resisted|p2a: Grimmsnarl
|-damage|p2a: Grimmsnarl|79/100
|
|upkeep
|turn|4
|
|t:|1781140651
|switch|p1a: Corviknight|Corviknight, F|100/100 par
|-ability|p1a: Corviknight|Pressure
|move|p2a: Grimmsnarl|Reflect|p2a: Grimmsnarl
|-sidestart|p2: uniandes5|Reflect
|
|upkeep
|turn|5
|
|t:|1781140654
|move|p2a: Grimmsnarl|Taunt|p1a: Corviknight
|-start|p1a: Corviknight|move: Taunt
|cant|p1a: Corviknight|move: Taunt|Defog
|
|upkeep
|turn|6
|
|t:|1781140658
|switch|p2a: Mew|Mew|100/100
|move|p1a: Corviknight|U-turn|p2a: Mew
|-supereffective|p2a: Mew
|-damage|p2a: Mew|91/100
|-enditem|p2a: Mew|Weakness Policy
|-boost|p2a: Mew|atk|2|[from] item: Weakness Policy
|-boost|p2a: Mew|spa|2|[from] item: Weakness Policy
|
|t:|1781140666
|switch|p1a: Clefable|Clefable, M|100/100|[from] U-turn
|
|upkeep
|turn|7
|
|t:|1781140668
|move|p2a: Mew|Dragon Dance|p2a: Mew
|-boost|p2a: Mew|atk|1
|-boost|p2a: Mew|spe|1
|move|p1a: Clefable|Thunder Wave|p2a: Mew
|-status|p2a: Mew|par
|-activate|p2a: Mew|ability: Synchronize
|-status|p1a: Clefable|par
|
|upkeep
|turn|8
|
|t:|1781140684
|switch|p1a: Darkrai|Darkrai|100/100
|move|p2a: Mew|Stored Power|p1a: Darkrai
|-immune|p1a: Darkrai
|
|upkeep
|turn|9
|
|t:|1781140692
|move|p1a: Darkrai|Dark Pulse|p2a: Mew
|-supereffective|p2a: Mew
|-damage|p2a: Mew|27/100 par
|cant|p2a: Mew|par
|
|upkeep
|turn|10
|
|t:|1781140695
|move|p1a: Darkrai|Dark Pulse|p2a: Mew
|-supereffective|p2a: Mew
|-damage|p2a: Mew|0 fnt
|faint|p2a: Mew
|
|-sideend|p2: uniandes5|move: Light Screen
|upkeep
|
|t:|1781140701
|switch|p2a: Grimmsnarl|Grimmsnarl, M|79/100
|turn|11
|
|t:|1781140705
|switch|p1a: Clefable|Clefable, M|100/100 par
|move|p2a: Grimmsnarl|Light Screen|p2a: Grimmsnarl
|-sidestart|p2: uniandes5|move: Light Screen
|
|-sideend|p2: uniandes5|Reflect
|upkeep
|turn|12
|
|t:|1781140707
|move|p2a: Grimmsnarl|Reflect|p2a: Grimmsnarl
|-sidestart|p2: uniandes5|Reflect
|move|p1a: Clefable|Stealth Rock|p2a: Grimmsnarl
|-sidestart|p2: uniandes5|move: Stealth Rock
|
|upkeep
|turn|13
|
|t:|1781140721
|switch|p2a: Volcanion|Volcanion|100/100
|cant|p1a: Clefable|par
|
|upkeep
|turn|14
|
|t:|1781140739
|switch|p1a: Iron Crown|Iron Crown|100/100
|move|p2a: Volcanion|Steam Eruption|p1a: Iron Crown
|-damage|p1a: Iron Crown|59/100
|-status|p1a: Iron Crown|brn
|
|-damage|p1a: Iron Crown|53/100 brn|[from] brn
|upkeep
|turn|15
|j| alter6x
|
|t:|1781140744
|move|p1a: Iron Crown|Future Sight|p2a: Volcanion
|-start|p1a: Iron Crown|move: Future Sight
|move|p2a: Volcanion|Flamethrower|p1a: Iron Crown
|-supereffective|p1a: Iron Crown
|-crit|p1a: Iron Crown
|-damage|p1a: Iron Crown|0 fnt
|faint|p1a: Iron Crown
|-end|p1a: Iron Crown|Quark Drive|[silent]
|
|upkeep
|l| alter6x
|
|t:|1781140753
|switch|p1a: Darkrai|Darkrai|100/100
|turn|16
|
|t:|1781140758
|move|p1a: Darkrai|Sludge Bomb|p2a: Volcanion
|-damage|p2a: Volcanion|70/100
|move|p2a: Volcanion|Body Press|p1a: Darkrai
|-supereffective|p1a: Darkrai
|-damage|p1a: Darkrai|21/100
|
|upkeep
|turn|17
|
|t:|1781140765
|switch|p2a: Grimmsnarl|Grimmsnarl, M|79/100
|-damage|p2a: Grimmsnarl|67/100|[from] Stealth Rock
|move|p1a: Darkrai|Sludge Bomb|p2a: Grimmsnarl
|-supereffective|p2a: Grimmsnarl
|-damage|p2a: Grimmsnarl|22/100
|-status|p2a: Grimmsnarl|psn
|
|-end|p2a: Grimmsnarl|move: Future Sight
|-immune|p2a: Grimmsnarl
|-damage|p2a: Grimmsnarl|10/100 psn|[from] psn
|upkeep
|turn|18
|
|t:|1781140775
|move|p2a: Grimmsnarl|Thunder Wave|p1a: Darkrai
|-hint|Since gen 7, Dark is immune to Prankster moves.
|-immune|p1a: Darkrai
|move|p1a: Darkrai|Sludge Bomb|p2a: Grimmsnarl
|-supereffective|p2a: Grimmsnarl
|-damage|p2a: Grimmsnarl|0 fnt
|faint|p2a: Grimmsnarl
|
|-sideend|p2: uniandes5|move: Light Screen
|upkeep
|
|t:|1781140780
|switch|p2a: Dragapult|Dragapult, F|100/100
|turn|19
|
|t:|1781140785
|move|p1a: Darkrai|Sludge Bomb|p2a: Dragapult
|-resisted|p2a: Dragapult
|-damage|p2a: Dragapult|64/100
|-status|p2a: Dragapult|psn
|move|p2a: Dragapult|Hex|p1a: Darkrai
|-resisted|p1a: Darkrai
|-damage|p1a: Darkrai|0 fnt
|faint|p1a: Darkrai
|
|-damage|p2a: Dragapult|51/100 psn|[from] psn
|-sideend|p2: uniandes5|Reflect
|upkeep
|
|t:|1781140795
|switch|p1a: Great Tusk|Great Tusk|100/100
|turn|20
|
|t:|1781140798
|move|p1a: Great Tusk|Ice Spinner|p2a: Dragapult
|-supereffective|p2a: Dragapult
|-damage|p2a: Dragapult|0 fnt
|faint|p2a: Dragapult
|
|upkeep
|
|t:|1781140803
|switch|p2a: Volcanion|Volcanion|70/100
|turn|21
|
|t:|1781140808
|-end|p1a: Great Tusk|Protosynthesis|[silent]
|switch|p1a: Ogerpon|Ogerpon-Wellspring, F|100/100
|move|p2a: Volcanion|Flamethrower|p1a: Ogerpon
|-damage|p1a: Ogerpon|50/100
|-status|p1a: Ogerpon|brn
|
|-damage|p1a: Ogerpon|44/100 brn|[from] brn
|upkeep
|turn|22
|
|t:|1781140839
|move|p1a: Ogerpon|Power Whip|p2a: Volcanion
|-damage|p2a: Volcanion|44/100
|move|p2a: Volcanion|Flamethrower|p1a: Ogerpon
|-damage|p1a: Ogerpon|0 fnt
|faint|p1a: Ogerpon
|
|upkeep
|
|t:|1781140858
|switch|p1a: Great Tusk|Great Tusk|100/100
|turn|23
|
|t:|1781140864
|move|p1a: Great Tusk|Close Combat|p2a: Volcanion
|-damage|p2a: Volcanion|1/100
|-unboost|p1a: Great Tusk|def|1
|-unboost|p1a: Great Tusk|spd|1
|move|p2a: Volcanion|Steam Eruption|p1a: Great Tusk
|-supereffective|p1a: Great Tusk
|-damage|p1a: Great Tusk|0 fnt
|faint|p1a: Great Tusk
|-end|p1a: Great Tusk|Protosynthesis|[silent]
|
|upkeep
|
|t:|1781140870
|switch|p1a: Clefable|Clefable, M|100/100 par
|turn|24
|
|t:|1781140873
|move|p2a: Volcanion|Steam Eruption|p1a: Clefable
|-damage|p1a: Clefable|42/100 par
|move|p1a: Clefable|Moonblast|p2a: Volcanion
|-resisted|p2a: Volcanion
|-damage|p2a: Volcanion|0 fnt
|faint|p2a: Volcanion
|
|-heal|p1a: Clefable|48/100 par|[from] item: Leftovers
|upkeep
|
|t:|1781140878
|switch|p2a: Tinkaton|Tinkaton, F|100/100
|-damage|p2a: Tinkaton|94/100|[from] Stealth Rock
|-ability|p2a: Tinkaton|Mold Breaker
|turn|25
|
|t:|1781140886
|switch|p1a: Corviknight|Corviknight, F|100/100 par
|-ability|p1a: Corviknight|Pressure
|move|p2a: Tinkaton|Knock Off|p1a: Corviknight
|-damage|p1a: Corviknight|87/100 par
|-damage|p2a: Tinkaton|78/100|[from] item: Rocky Helmet|[of] p1a: Corviknight
|-enditem|p1a: Corviknight|Rocky Helmet|[from] move: Knock Off|[of] p2a: Tinkaton
|
|upkeep
|turn|26
|
|t:|1781140894
|move|p2a: Tinkaton|Foul Play|p1a: Corviknight
|-crit|p1a: Corviknight
|-damage|p1a: Corviknight|68/100 par
|move|p1a: Corviknight|Brave Bird|p2a: Tinkaton
|-resisted|p2a: Tinkaton
|-damage|p2a: Tinkaton|60/100
|-damage|p1a: Corviknight|63/100 par|[from] Recoil
|-enditem|p2a: Tinkaton|Red Card|[of] p1a: Corviknight
|drag|p1a: Clefable|Clefable, M|48/100 par
|
|-heal|p1a: Clefable|54/100 par|[from] item: Leftovers
|upkeep
|turn|27
|
|t:|1781140900
|switch|p1a: Corviknight|Corviknight, F|63/100 par
|-ability|p1a: Corviknight|Pressure
|move|p2a: Tinkaton|Knock Off|p1a: Corviknight
|-damage|p1a: Corviknight|54/100 par
|
|upkeep
|turn|28
|
|t:|1781140902
|move|p2a: Tinkaton|Foul Play|p1a: Corviknight
|-damage|p1a: Corviknight|43/100 par
|move|p1a: Corviknight|Roost|p1a: Corviknight
|-heal|p1a: Corviknight|93/100 par
|-singleturn|p1a: Corviknight|move: Roost
|
|upkeep
|turn|29
|
|t:|1781140906
|move|p2a: Tinkaton|Foul Play|p1a: Corviknight
|-damage|p1a: Corviknight|82/100 par
|cant|p1a: Corviknight|par
|
|upkeep
|turn|30
|
|t:|1781140909
|move|p2a: Tinkaton|Foul Play|p1a: Corviknight
|-damage|p1a: Corviknight|70/100 par
|cant|p1a: Corviknight|par
|
|upkeep
|turn|31
|
|t:|1781140913
|move|p2a: Tinkaton|Foul Play|p1a: Corviknight
|-damage|p1a: Corviknight|58/100 par
|move|p1a: Corviknight|Brave Bird|p2a: Tinkaton
|-resisted|p2a: Tinkaton
|-damage|p2a: Tinkaton|42/100
|-damage|p1a: Corviknight|52/100 par|[from] Recoil
|
|upkeep
|turn|32
|
|t:|1781140918
|move|p2a: Tinkaton|Foul Play|p1a: Corviknight
|-damage|p1a: Corviknight|41/100 par
|move|p1a: Corviknight|Roost|p1a: Corviknight
|-heal|p1a: Corviknight|91/100 par
|-singleturn|p1a: Corviknight|move: Roost
|
|upkeep
|turn|33
|
|t:|1781140929
|move|p2a: Tinkaton|Foul Play|p1a: Corviknight
|-damage|p1a: Corviknight|80/100 par
|move|p1a: Corviknight|Brave Bird|p2a: Tinkaton
|-resisted|p2a: Tinkaton
|-damage|p2a: Tinkaton|23/100
|-damage|p1a: Corviknight|74/100 par|[from] Recoil
|
|upkeep
|turn|34
|
|t:|1781140934
|move|p2a: Tinkaton|Foul Play|p1a: Corviknight
|-damage|p1a: Corviknight|63/100 par
|move|p1a: Corviknight|Brave Bird|p2a: Tinkaton
|-resisted|p2a: Tinkaton
|-damage|p2a: Tinkaton|3/100
|-damage|p1a: Corviknight|57/100 par|[from] Recoil
|
|upkeep
|turn|35
|
|t:|1781140940
|move|p2a: Tinkaton|Foul Play|p1a: Corviknight
|-damage|p1a: Corviknight|45/100 par
|move|p1a: Corviknight|Roost|p1a: Corviknight
|-heal|p1a: Corviknight|95/100 par
|-singleturn|p1a: Corviknight|move: Roost
|
|upkeep
|turn|36
|
|t:|1781140945
|move|p2a: Tinkaton|Ice Hammer|p1a: Corviknight
|-damage|p1a: Corviknight|82/100 par
|-unboost|p2a: Tinkaton|spe|1
|move|p1a: Corviknight|U-turn|p2a: Tinkaton
|-resisted|p2a: Tinkaton
|-damage|p2a: Tinkaton|0 fnt
|faint|p2a: Tinkaton
|
|t:|1781140952
|switch|p1a: Clefable|Clefable, M|54/100 par|[from] U-turn
|
|-heal|p1a: Clefable|60/100 par|[from] item: Leftovers
|upkeep
|
|t:|1781140955
|switch|p2a: Latias|Latias, F|100/100
|-damage|p2a: Latias|88/100|[from] Stealth Rock
|turn|37
|
|t:|1781140959
|move|p2a: Latias|Calm Mind|p2a: Latias
|-boost|p2a: Latias|spa|1
|-boost|p2a: Latias|spd|1
|move|p1a: Clefable|Thunder Wave|p2a: Latias|[miss]
|-miss|p1a: Clefable|p2a: Latias
|
|-heal|p1a: Clefable|66/100 par|[from] item: Leftovers
|upkeep
|turn|38
|
|t:|1781140963
|move|p2a: Latias|Calm Mind|p2a: Latias
|-boost|p2a: Latias|spa|1
|-boost|p2a: Latias|spd|1
|move|p1a: Clefable|Thunder Wave|p2a: Latias
|-status|p2a: Latias|par
|-enditem|p2a: Latias|Lum Berry|[eat]
|-curestatus|p2a: Latias|par|[msg]
|
|-heal|p1a: Clefable|72/100 par|[from] item: Leftovers
|upkeep
|turn|39
|
|t:|1781140968
|move|p2a: Latias|Calm Mind|p2a: Latias
|-boost|p2a: Latias|spa|1
|-boost|p2a: Latias|spd|1
|cant|p1a: Clefable|par
|
|-heal|p1a: Clefable|78/100 par|[from] item: Leftovers
|upkeep
|turn|40
|
|t:|1781140972
|move|p2a: Latias|Stored Power|p1a: Clefable
|-damage|p1a: Clefable|0 fnt
|faint|p1a: Clefable
|
|upkeep
|
|t:|1781140975
|switch|p1a: Corviknight|Corviknight, F|82/100 par
|-ability|p1a: Corviknight|Pressure
|turn|41
|
|t:|1781140978
|move|p2a: Latias|Stored Power|p1a: Corviknight
|-resisted|p1a: Corviknight
|-damage|p1a: Corviknight|21/100 par
|move|p1a: Corviknight|Brave Bird|p2a: Latias
|-damage|p2a: Latias|61/100
|-damage|p1a: Corviknight|13/100 par|[from] Recoil
|
|upkeep
|turn|42
|
|t:|1781140985
|move|p2a: Latias|Recover|p2a: Latias
|-heal|p2a: Latias|100/100
|move|p1a: Corviknight|Brave Bird|p2a: Latias
|-crit|p2a: Latias
|-damage|p2a: Latias|59/100
|-damage|p1a: Corviknight|0 fnt|[from] Recoil
|faint|p1a: Corviknight
|
|win|uniandes5
|raw|SpringLucina's rating: 1623 &rarr; <strong>1602</strong><br />(-21 for losing)
|raw|uniandes5's rating: 1607 &rarr; <strong>1628</strong><br />(+21 for winning)
|l|☆SpringLucina
|player|p1|
|l|☆uniandes5
|player|p2|
