|j|☆th3r3d33m3r
|j|☆Humerus_Skelepun
|t:|1781154630
|gametype|singles
|player|p1|th3r3d33m3r|lady|1535
|player|p2|Humerus_Skelepun|169|1558
|gen|9
|tier|[Gen 9] OU
|rated|
|rule|HP Percentage Mod: HP is shown in percentages
|rule|Endless Battle Clause: Forcing endless battles is banned
|rule|Species Clause: Limit one of each Pokémon
|rule|OHKO Clause: OHKO moves are banned
|rule|Evasion Items Clause: Evasion items are banned
|rule|Evasion Moves Clause: Evasion moves are banned
|rule|Evasion Abilities Clause: Evasion abilities are banned
|rule|Sleep Moves Clause: Sleep-inducing moves are banned
|clearpoke
|poke|p1|Hoopa-Unbound|
|poke|p1|Pecharunt|
|poke|p1|Landorus-Therian, M|
|poke|p1|Cinderace, M|
|poke|p1|Alomomola, M|
|poke|p1|Iron Valiant|
|poke|p2|Regieleki|
|poke|p2|Arcanine-Hisui, F|
|poke|p2|Corviknight, F|
|poke|p2|Iron Treads|
|poke|p2|Alomomola, F|
|poke|p2|Walking Wake|
|teampreview
|inactive|Battle timer is ON: inactive players will automatically lose when time's up. (requested by Humerus_Skelepun)
|
|t:|1781154645
|teamsize|p1|6
|teamsize|p2|6
|start
|switch|p1a: Khaos|Hoopa-Unbound|100/100
|switch|p2a: Walking Wake|Walking Wake|100/100
|turn|1
|
|t:|1781154654
|move|p2a: Walking Wake|Flip Turn|p1a: Khaos
|-damage|p1a: Khaos|74/100
|
|t:|1781154658
|-end|p2a: Walking Wake|Protosynthesis|[silent]
|switch|p2a: Alomomola|Alomomola, F|100/100|[from] Flip Turn
|move|p1a: Khaos|Dark Pulse|p2a: Alomomola
|-damage|p2a: Alomomola|60/100
|
|upkeep
|turn|2
|
|t:|1781154669
|move|p1a: Khaos|Dark Pulse|p2a: Alomomola
|-damage|p2a: Alomomola|21/100
|cant|p2a: Alomomola|flinch
|
|upkeep
|turn|3
|
|t:|1781154681
|switch|p2a: Iron Treads|Iron Treads|100/100
|move|p1a: Khaos|Dark Pulse|p2a: Iron Treads
|-damage|p2a: Iron Treads|5/100
|
|-heal|p2a: Iron Treads|11/100|[from] item: Leftovers
|upkeep
|turn|4
|
|t:|1781154693
|switch|p1a: Pisces|Alomomola, M, shiny|100/100
|move|p2a: Iron Treads|Earthquake|p1a: Pisces
|-damage|p1a: Pisces|74/100
|
|-heal|p2a: Iron Treads|17/100|[from] item: Leftovers
|upkeep
|turn|5
|
|t:|1781154697
|move|p2a: Iron Treads|Volt Switch|p1a: Pisces
|-supereffective|p1a: Pisces
|-crit|p1a: Pisces
|-damage|p1a: Pisces|56/100
|
|t:|1781154700
|-end|p2a: Iron Treads|Quark Drive|[silent]
|switch|p2a: Alomomola|Alomomola, F|54/100|[from] Volt Switch
|move|p1a: Pisces|Flip Turn|p2a: Alomomola
|-resisted|p2a: Alomomola
|-damage|p2a: Alomomola|47/100
|
|t:|1781154703
|switch|p1a: Khaos|Hoopa-Unbound|74/100|[from] Flip Turn
|
|upkeep
|turn|6
|
|t:|1781154716
|switch|p2a: Iron Treads|Iron Treads|17/100
|-terastallize|p1a: Khaos|Dark
|move|p1a: Khaos|Dark Pulse|p2a: Iron Treads
|-damage|p2a: Iron Treads|0 fnt
|faint|p2a: Iron Treads
|-end|p2a: Iron Treads|Quark Drive|[silent]
|
|upkeep
|
|t:|1781154719
|switch|p2a: Arcanine|Arcanine-Hisui, F|100/100
|turn|7
|
|t:|1781154733
|switch|p1a: Enten|Landorus-Therian, M, shiny|100/100
|-ability|p1a: Enten|Intimidate|boost
|-unboost|p2a: Arcanine|atk|1
|move|p2a: Arcanine|Flare Blitz|p1a: Enten
|-damage|p1a: Enten|32/100
|
|upkeep
|turn|8
|
|t:|1781154738
|switch|p2a: Corviknight|Corviknight, F|100/100
|-ability|p2a: Corviknight|Pressure
|move|p1a: Enten|U-turn|p2a: Corviknight
|-resisted|p2a: Corviknight
|-damage|p2a: Corviknight|96/100
|-damage|p1a: Enten|16/100|[from] item: Rocky Helmet|[of] p2a: Corviknight
|
|t:|1781154741
|switch|p1a: Khaos|Hoopa-Unbound, tera:Dark|74/100|[from] U-turn
|
|upkeep
|turn|9
|inactive|Humerus_Skelepun has 120 seconds left.
|
|t:|1781154772
|switch|p2a: Walking Wake|Walking Wake|100/100
|move|p1a: Khaos|Dark Pulse|p2a: Walking Wake
|-damage|p2a: Walking Wake|0 fnt
|faint|p2a: Walking Wake
|-end|p2a: Walking Wake|Protosynthesis|[silent]
|
|upkeep
|
|t:|1781154776
|switch|p2a: Arcanine|Arcanine-Hisui, F|100/100
|turn|10
|
|t:|1781154782
|switch|p1a: Liberacy|Cinderace, M, shiny|100/100
|move|p2a: Arcanine|Flare Blitz|p1a: Liberacy
|-resisted|p1a: Liberacy
|-damage|p1a: Liberacy|34/100
|
|upkeep
|turn|11
|
|t:|1781154792
|move|p1a: Liberacy|U-turn|p2a: Arcanine
|-start|p1a: Liberacy|typechange|Bug|[from] ability: Libero
|-resisted|p2a: Arcanine
|-damage|p2a: Arcanine|79/100
|
|t:|1781154795
|switch|p1a: Pisces|Alomomola, M, shiny|89/100|[from] U-turn
|move|p2a: Arcanine|Flare Blitz|p1a: Pisces
|-resisted|p1a: Pisces
|-damage|p1a: Pisces|57/100
|
|upkeep
|turn|12
|
|t:|1781154804
|switch|p2a: Corviknight|Corviknight, F|96/100
|-ability|p2a: Corviknight|Pressure
|move|p1a: Pisces|Flip Turn|p2a: Corviknight
|-crit|p2a: Corviknight
|-damage|p2a: Corviknight|82/100
|-damage|p1a: Pisces|40/100|[from] item: Rocky Helmet|[of] p2a: Corviknight
|
|t:|1781154806
|switch|p1a: Khaos|Hoopa-Unbound, tera:Dark|74/100|[from] Flip Turn
|
|upkeep
|turn|13
|
|t:|1781154811
|move|p1a: Khaos|Dark Pulse|p2a: Corviknight
|-damage|p2a: Corviknight|0 fnt
|faint|p2a: Corviknight
|
|upkeep
|
|t:|1781154814
|switch|p2a: Arcanine|Arcanine-Hisui, F|79/100
|turn|14
|
|t:|1781154817
|switch|p1a: Liberacy|Cinderace, M, shiny|34/100
|move|p2a: Arcanine|Head Smash|p1a: Liberacy
|-supereffective|p1a: Liberacy
|-damage|p1a: Liberacy|0 fnt
|faint|p1a: Liberacy
|
|upkeep
|
|t:|1781154818
|switch|p1a: Enten|Landorus-Therian, M, shiny|16/100
|-ability|p1a: Enten|Intimidate|boost
|-unboost|p2a: Arcanine|atk|1
|turn|15
|
|t:|1781154821
|move|p1a: Enten|Earthquake|p2a: Arcanine
|-supereffective|p2a: Arcanine
|-crit|p2a: Arcanine
|-damage|p2a: Arcanine|0 fnt
|faint|p2a: Arcanine
|
|upkeep
|
|t:|1781154825
|switch|p2a: Alomomola|Alomomola, F|80/100
|turn|16
|
|t:|1781154829
|switch|p1a: Pisces|Alomomola, M, shiny|74/100
|move|p2a: Alomomola|Flip Turn|p1a: Pisces
|-resisted|p1a: Pisces
|-damage|p1a: Pisces|67/100
|
|t:|1781154832
|switch|p2a: Regieleki|Regieleki|100/100|[from] Flip Turn
|
|upkeep
|turn|17
|
|t:|1781154842
|move|p2a: Regieleki|Volt Switch|p1a: Pisces
|-supereffective|p1a: Pisces
|-damage|p1a: Pisces|0 fnt
|faint|p1a: Pisces
|
|t:|1781154845
|switch|p2a: Alomomola|Alomomola, F|100/100|[from] Volt Switch
|
|upkeep
|
|t:|1781154849
|switch|p1a: Khaos|Hoopa-Unbound, tera:Dark|74/100
|turn|18
|
|t:|1781154855
|move|p1a: Khaos|Dark Pulse|p2a: Alomomola
|-damage|p2a: Alomomola|43/100
|cant|p2a: Alomomola|flinch
|
|upkeep
|turn|19
|
|t:|1781154866
|-terastallize|p2a: Alomomola|Fairy
|move|p1a: Khaos|Dark Pulse|p2a: Alomomola
|-resisted|p2a: Alomomola
|-damage|p2a: Alomomola|15/100
|move|p2a: Alomomola|Flip Turn|p1a: Khaos
|-damage|p1a: Khaos|46/100
|
|t:|1781154868
|switch|p2a: Regieleki|Regieleki|100/100|[from] Flip Turn
|
|upkeep
|turn|20
|
|t:|1781154874
|switch|p2a: Alomomola|Alomomola, F, tera:Fairy|48/100
|switch|p1a: Enten|Landorus-Therian, M, shiny|16/100
|-ability|p1a: Enten|Intimidate|boost
|-unboost|p2a: Alomomola|atk|1
|
|upkeep
|turn|21
|
|t:|1781154877
|move|p1a: Enten|U-turn|p2a: Alomomola
|-resisted|p2a: Alomomola
|-damage|p2a: Alomomola|37/100
|
|t:|1781154880
|switch|p1a: Overseer|Pecharunt|100/100|[from] U-turn
|move|p2a: Alomomola|Flip Turn|p1a: Overseer
|-damage|p1a: Overseer|95/100
|
|t:|1781154883
|switch|p2a: Regieleki|Regieleki|100/100|[from] Flip Turn
|
|upkeep
|turn|22
|
|t:|1781154886
|move|p2a: Regieleki|Thunderbolt|p1a: Overseer
|-damage|p1a: Overseer|5/100
|move|p1a: Overseer|Malignant Chain|p2a: Regieleki
|-damage|p2a: Regieleki|35/100
|
|upkeep
|turn|23
|
|t:|1781154896
|move|p2a: Regieleki|Thunderbolt|p1a: Overseer
|-damage|p1a: Overseer|0 fnt
|faint|p1a: Overseer
|
|upkeep
|
|t:|1781154897
|switch|p1a: Enten|Landorus-Therian, M, shiny|16/100
|-ability|p1a: Enten|Intimidate|boost
|-unboost|p2a: Regieleki|atk|1
|turn|24
|
|t:|1781154900
|switch|p2a: Alomomola|Alomomola, F, tera:Fairy|71/100
|move|p1a: Enten|U-turn|p2a: Alomomola
|-resisted|p2a: Alomomola
|-damage|p2a: Alomomola|61/100
|
|t:|1781154904
|switch|p1a: Khaos|Hoopa-Unbound, tera:Dark|46/100|[from] U-turn
|
|upkeep
|turn|25
|
|t:|1781154908
|move|p1a: Khaos|Psychic Noise|p2a: Alomomola
|-damage|p2a: Alomomola|22/100
|-start|p2a: Alomomola|move: Heal Block
|move|p2a: Alomomola|Flip Turn|p1a: Khaos
|-damage|p1a: Khaos|18/100
|
|t:|1781154911
|switch|p2a: Regieleki|Regieleki|35/100|[from] Flip Turn
|
|upkeep
|turn|26
|
|t:|1781154919
|switch|p1a: Enten|Landorus-Therian, M, shiny|16/100
|-ability|p1a: Enten|Intimidate|boost
|-unboost|p2a: Regieleki|atk|1
|move|p2a: Regieleki|Rapid Spin|p1a: Enten
|-damage|p1a: Enten|6/100
|-boost|p2a: Regieleki|spe|1
|
|upkeep
|turn|27
|
|t:|1781154923
|switch|p1a: Calamity|Iron Valiant, shiny|100/100
|move|p2a: Regieleki|Rapid Spin|p1a: Calamity
|-damage|p1a: Calamity|90/100
|-boost|p2a: Regieleki|spe|1
|
|upkeep
|turn|28
|
|t:|1781154930
|switch|p2a: Alomomola|Alomomola, F, tera:Fairy|56/100
|move|p1a: Calamity|Spirit Break|p2a: Alomomola
|-damage|p2a: Alomomola|11/100
|-unboost|p2a: Alomomola|spa|1
|
|upkeep
|turn|29
|
|t:|1781154937
|move|p1a: Calamity|Spirit Break|p2a: Alomomola
|-crit|p2a: Alomomola
|-damage|p2a: Alomomola|0 fnt
|faint|p2a: Alomomola
|
|upkeep
|
|t:|1781154938
|switch|p2a: Regieleki|Regieleki|35/100
|turn|30
|-message|Humerus_Skelepun forfeited.
|
|win|th3r3d33m3r
|raw|th3r3d33m3r's rating: 1535 &rarr; <strong>1556</strong><br />(+21 for winning)
|raw|Humerus_Skelepun's rating: 1558 &rarr; <strong>1537</strong><br />(-21 for losing)
|l|☆Humerus_Skelepun
|player|p2|
|l|☆th3r3d33m3r
|player|p1|
