|badge|p2|bronze|gen9ou|100-9
|uhtml|medal-msg|<div class="broadcast-blue">Curious what those medals under the avatar are? PS now has Ladder Seasons! For more information, check out the <a href="https://www.smogon.com/forums/threads/3740067/">thread on Smogon.</a></div>
|j|☆my2005
|j|☆isaac_gam3r
|t:|1781242337
|gametype|singles
|player|p1|my2005|170|1634
|player|p2|isaac_gam3r|acetrainer-gen4dp|1823
|gen|9
|tier|[Gen 9] OU
|rated|
|rule|HP Percentage Mod: HP is shown in percentages
|rule|Endless Battle Clause: Forcing endless battles is banned
|rule|Species Clause: Limit one of each Pokémon
|rule|OHKO Clause: OHKO moves are banned
|rule|Evasion Items Clause: Evasion items are banned
|rule|Evasion Moves Clause: Evasion moves are banned
|rule|Evasion Abilities Clause: Evasion abilities are banned
|rule|Sleep Moves Clause: Sleep-inducing moves are banned
|clearpoke
|poke|p1|Slowking-Galar, M|
|poke|p1|Whimsicott, M|
|poke|p1|Kyurem|
|poke|p1|Cinderace, M|
|poke|p1|Great Tusk|
|poke|p1|Alomomola, M|
|poke|p2|Primarina, F|
|poke|p2|Raging Bolt|
|poke|p2|Heatran, M|
|poke|p2|Weezing-Galar, M|
|poke|p2|Garchomp, M|
|poke|p2|Weavile, F|
|teampreview
|inactive|Battle timer is ON: inactive players will automatically lose when time's up. (requested by isaac_gam3r)
|
|t:|1781242342
|teamsize|p1|6
|teamsize|p2|6
|start
|switch|p1a: Kyurem|Kyurem|100/100
|switch|p2a: Weavile|Weavile, F|100/100
|-ability|p2a: Weavile|Pressure
|-ability|p1a: Kyurem|Pressure
|turn|1
|
|t:|1781242343
|move|p1a: Kyurem|Protect|p1a: Kyurem
|-singleturn|p1a: Kyurem|Protect
|move|p2a: Weavile|Knock Off|p1a: Kyurem
|-activate|p1a: Kyurem|move: Protect
|
|upkeep
|turn|2
|
|t:|1781242356
|switch|p1a: Alomomola|Alomomola, M|100/100
|move|p2a: Weavile|Knock Off|p1a: Alomomola
|-damage|p1a: Alomomola|75/100
|-damage|p2a: Weavile|84/100|[from] item: Rocky Helmet|[of] p1a: Alomomola
|-enditem|p1a: Alomomola|Rocky Helmet|[from] move: Knock Off|[of] p2a: Weavile
|
|upkeep
|turn|3
|
|t:|1781242361
|switch|p2a: Primarina|Primarina, F, shiny|100/100
|move|p1a: Alomomola|Flip Turn|p2a: Primarina
|-resisted|p2a: Primarina
|-damage|p2a: Primarina|91/100
|
|t:|1781242365
|switch|p1a: Slowking|Slowking-Galar, M|100/100|[from] Flip Turn
|
|-heal|p2a: Primarina|97/100|[from] item: Leftovers
|upkeep
|turn|4
|
|t:|1781242382
|switch|p2a: Heatran|Heatran, M|100/100
|move|p1a: Slowking|Ice Beam|p2a: Heatran
|-resisted|p2a: Heatran
|-damage|p2a: Heatran|96/100
|
|upkeep
|turn|5
|
|t:|1781242388
|switch|p1a: Kyurem|Kyurem|100/100
|-ability|p1a: Kyurem|Pressure
|move|p2a: Heatran|Earth Power|p1a: Kyurem
|-damage|p1a: Kyurem|71/100
|
|-heal|p1a: Kyurem|77/100|[from] item: Leftovers
|upkeep
|turn|6
|
|t:|1781242394
|move|p1a: Kyurem|Substitute|p1a: Kyurem
|-start|p1a: Kyurem|Substitute
|-damage|p1a: Kyurem|52/100
|move|p2a: Heatran|Flash Cannon|p1a: Kyurem
|-supereffective|p1a: Kyurem
|-end|p1a: Kyurem|Substitute
|
|-heal|p1a: Kyurem|58/100|[from] item: Leftovers
|upkeep
|turn|7
|
|t:|1781242398
|switch|p2a: Weavile|Weavile, F|84/100
|-ability|p2a: Weavile|Pressure
|move|p1a: Kyurem|Protect||[still]
|-fail|p1a: Kyurem
|
|-heal|p1a: Kyurem|64/100|[from] item: Leftovers
|upkeep
|turn|8
|
|t:|1781242403
|switch|p2a: Primarina|Primarina, F, shiny|97/100
|move|p1a: Kyurem|Protect||[still]
|-fail|p1a: Kyurem
|
|-heal|p1a: Kyurem|70/100|[from] item: Leftovers
|-heal|p2a: Primarina|100/100|[from] item: Leftovers
|upkeep
|turn|9
|
|t:|1781242407
|move|p1a: Kyurem|Protect|p1a: Kyurem
|-singleturn|p1a: Kyurem|Protect
|move|p2a: Primarina|Calm Mind|p2a: Primarina
|-boost|p2a: Primarina|spa|1
|-boost|p2a: Primarina|spd|1
|
|-heal|p1a: Kyurem|76/100|[from] item: Leftovers
|upkeep
|turn|10
|
|t:|1781242411
|switch|p1a: Whimsicott|Whimsicott, M|100/100
|move|p2a: Primarina|Calm Mind|p2a: Primarina
|-boost|p2a: Primarina|spa|1
|-boost|p2a: Primarina|spd|1
|
|upkeep
|turn|11
|
|t:|1781242416
|switch|p2a: Heatran|Heatran, M|96/100
|move|p1a: Whimsicott|Encore||[still]
|-fail|p1a: Whimsicott
|
|upkeep
|turn|12
|
|t:|1781242428
|switch|p1a: Alomomola|Alomomola, M|100/100
|move|p2a: Heatran|Lava Plume|p1a: Alomomola
|-resisted|p1a: Alomomola
|-damage|p1a: Alomomola|76/100
|
|upkeep
|turn|13
|
|t:|1781242437
|switch|p2a: Garchomp|Garchomp, M|100/100
|move|p1a: Alomomola|Flip Turn|p2a: Garchomp
|-damage|p2a: Garchomp|84/100
|-damage|p1a: Alomomola|63/100|[from] ability: Rough Skin|[of] p2a: Garchomp
|
|t:|1781242443
|switch|p1a: Whimsicott|Whimsicott, M|100/100|[from] Flip Turn
|
|upkeep
|turn|14
|
|t:|1781242451
|switch|p2a: Heatran|Heatran, M|96/100
|move|p1a: Whimsicott|Leech Seed|p2a: Heatran|[miss]
|-miss|p1a: Whimsicott|p2a: Heatran
|
|upkeep
|turn|15
|
|t:|1781242469
|switch|p1a: Alomomola|Alomomola, M|97/100
|switch|p2a: Raging Bolt|Raging Bolt|100/100
|
|upkeep
|turn|16
|
|t:|1781242472
|move|p1a: Alomomola|Protect|p1a: Alomomola
|-singleturn|p1a: Alomomola|Protect
|move|p2a: Raging Bolt|Calm Mind|p2a: Raging Bolt
|-boost|p2a: Raging Bolt|spa|1
|-boost|p2a: Raging Bolt|spd|1
|
|upkeep
|turn|17
|
|t:|1781242476
|switch|p1a: Whimsicott|Whimsicott, M|100/100
|move|p2a: Raging Bolt|Dragon Pulse|p1a: Whimsicott
|-immune|p1a: Whimsicott
|
|upkeep
|turn|18
|
|t:|1781242479
|-end|p2a: Raging Bolt|Protosynthesis|[silent]
|switch|p2a: Heatran|Heatran, M|96/100
|move|p1a: Whimsicott|Encore||[still]
|-fail|p1a: Whimsicott
|
|upkeep
|turn|19
|
|t:|1781242494
|switch|p1a: Alomomola|Alomomola, M|100/100
|move|p2a: Heatran|Lava Plume|p1a: Alomomola
|-resisted|p1a: Alomomola
|-damage|p1a: Alomomola|75/100
|-status|p1a: Alomomola|brn
|
|-damage|p1a: Alomomola|69/100 brn|[from] brn
|upkeep
|turn|20
|
|t:|1781242497
|switch|p2a: Garchomp|Garchomp, M|84/100
|move|p1a: Alomomola|Flip Turn|p2a: Garchomp
|-damage|p2a: Garchomp|76/100
|-damage|p1a: Alomomola|57/100 brn|[from] ability: Rough Skin|[of] p2a: Garchomp
|
|t:|1781242500
|switch|p1a: Whimsicott|Whimsicott, M|100/100|[from] Flip Turn
|
|upkeep
|turn|21
|
|t:|1781242502
|move|p1a: Whimsicott|Leech Seed|p2a: Garchomp
|-start|p2a: Garchomp|move: Leech Seed
|move|p2a: Garchomp|Fire Blast|p1a: Whimsicott
|-supereffective|p1a: Whimsicott
|-damage|p1a: Whimsicott|44/100
|
|-heal|p1a: Whimsicott|50/100|[from] item: Leftovers
|-damage|p2a: Garchomp|64/100|[from] Leech Seed|[of] p1a: Whimsicott
|-heal|p1a: Whimsicott|64/100|[silent]
|upkeep
|turn|22
|
|t:|1781242508
|switch|p2a: Weavile|Weavile, F|84/100
|-ability|p2a: Weavile|Pressure
|move|p1a: Whimsicott|Substitute|p1a: Whimsicott
|-start|p1a: Whimsicott|Substitute
|-damage|p1a: Whimsicott|39/100
|
|-heal|p1a: Whimsicott|45/100|[from] item: Leftovers
|upkeep
|turn|23
|
|t:|1781242522
|switch|p1a: Alomomola|Alomomola, M|90/100 brn
|move|p2a: Weavile|Triple Axel|p1a: Alomomola
|-resisted|p1a: Alomomola
|-damage|p1a: Alomomola|87/100 brn
|-resisted|p1a: Alomomola
|-damage|p1a: Alomomola|82/100 brn
|-resisted|p1a: Alomomola
|-damage|p1a: Alomomola|73/100 brn
|-hitcount|p1a: Alomomola|3
|
|-damage|p1a: Alomomola|67/100 brn|[from] brn
|upkeep
|turn|24
|
|t:|1781242530
|switch|p2a: Raging Bolt|Raging Bolt|100/100
|move|p1a: Alomomola|Wish|p1a: Alomomola
|
|-damage|p1a: Alomomola|61/100 brn|[from] brn
|upkeep
|turn|25
|
|t:|1781242537
|switch|p1a: Whimsicott|Whimsicott, M|45/100
|move|p2a: Raging Bolt|Calm Mind|p2a: Raging Bolt
|-boost|p2a: Raging Bolt|spa|1
|-boost|p2a: Raging Bolt|spd|1
|
|-heal|p1a: Whimsicott|100/100|[from] move: Wish|[wisher] Alomomola
|upkeep
|turn|26
|
|t:|1781242541
|-end|p2a: Raging Bolt|Protosynthesis|[silent]
|switch|p2a: Heatran|Heatran, M|96/100
|move|p1a: Whimsicott|Leech Seed|p2a: Heatran
|-start|p2a: Heatran|move: Leech Seed
|
|-damage|p2a: Heatran|84/100|[from] Leech Seed|[of] p1a: Whimsicott
|upkeep
|turn|27
|
|t:|1781242548
|switch|p2a: Weavile|Weavile, F|84/100
|-ability|p2a: Weavile|Pressure
|move|p1a: Whimsicott|Substitute|p1a: Whimsicott
|-start|p1a: Whimsicott|Substitute
|-damage|p1a: Whimsicott|76/100
|
|-heal|p1a: Whimsicott|82/100|[from] item: Leftovers
|upkeep
|turn|28
|
|t:|1781242552
|switch|p2a: Raging Bolt|Raging Bolt|100/100
|switch|p1a: Alomomola|Alomomola, M|94/100 brn
|
|-damage|p1a: Alomomola|88/100 brn|[from] brn
|upkeep
|turn|29
|
|t:|1781242556
|switch|p1a: Whimsicott|Whimsicott, M|82/100
|move|p2a: Raging Bolt|Calm Mind|p2a: Raging Bolt
|-boost|p2a: Raging Bolt|spa|1
|-boost|p2a: Raging Bolt|spd|1
|
|-heal|p1a: Whimsicott|88/100|[from] item: Leftovers
|upkeep
|turn|30
|
|t:|1781242559
|-end|p2a: Raging Bolt|Protosynthesis|[silent]
|switch|p2a: Weavile|Weavile, F|84/100
|-ability|p2a: Weavile|Pressure
|move|p1a: Whimsicott|Leech Seed|p2a: Weavile
|-hint|Since gen 7, Dark is immune to Prankster moves.
|-immune|p2a: Weavile
|
|-heal|p1a: Whimsicott|94/100|[from] item: Leftovers
|upkeep
|turn|31
|
|t:|1781242567
|switch|p2a: Raging Bolt|Raging Bolt|100/100
|switch|p1a: Alomomola|Alomomola, M|100/100 brn
|
|-damage|p1a: Alomomola|94/100 brn|[from] brn
|upkeep
|turn|32
|
|t:|1781242571
|switch|p1a: Whimsicott|Whimsicott, M|94/100
|move|p2a: Raging Bolt|Thunderbolt|p1a: Whimsicott
|-resisted|p1a: Whimsicott
|-damage|p1a: Whimsicott|57/100
|
|-heal|p1a: Whimsicott|63/100|[from] item: Leftovers
|upkeep
|turn|33
|
|t:|1781242576
|move|p1a: Whimsicott|U-turn|p2a: Raging Bolt
|-damage|p2a: Raging Bolt|91/100
|
|t:|1781242578
|switch|p1a: Slowking|Slowking-Galar, M|100/100|[from] U-turn
|move|p2a: Raging Bolt|Thunderbolt|p1a: Slowking
|-damage|p1a: Slowking|68/100
|
|-heal|p2a: Raging Bolt|97/100|[from] item: Leftovers
|upkeep
|turn|34
|
|t:|1781242584
|move|p2a: Raging Bolt|Calm Mind|p2a: Raging Bolt
|-boost|p2a: Raging Bolt|spa|1
|-boost|p2a: Raging Bolt|spd|1
|move|p1a: Slowking|Ice Beam|p2a: Raging Bolt
|-supereffective|p2a: Raging Bolt
|-damage|p2a: Raging Bolt|67/100
|
|-heal|p2a: Raging Bolt|73/100|[from] item: Leftovers
|upkeep
|turn|35
|
|t:|1781242593
|move|p2a: Raging Bolt|Thunderbolt|p1a: Slowking
|-damage|p1a: Slowking|20/100
|move|p1a: Slowking|Ice Beam|p2a: Raging Bolt
|-supereffective|p2a: Raging Bolt
|-damage|p2a: Raging Bolt|42/100
|
|-heal|p2a: Raging Bolt|48/100|[from] item: Leftovers
|upkeep
|turn|36
|
|t:|1781242598
|switch|p1a: Great Tusk|Great Tusk|100/100
|-enditem|p1a: Great Tusk|Booster Energy
|-activate|p1a: Great Tusk|ability: Protosynthesis|[fromitem]
|-start|p1a: Great Tusk|protosynthesisspe
|move|p2a: Raging Bolt|Dragon Pulse|p1a: Great Tusk
|-damage|p1a: Great Tusk|10/100
|
|-heal|p2a: Raging Bolt|54/100|[from] item: Leftovers
|upkeep
|turn|37
|
|t:|1781242606
|-end|p2a: Raging Bolt|Protosynthesis|[silent]
|switch|p2a: Garchomp|Garchomp, M|64/100
|move|p1a: Great Tusk|Headlong Rush|p2a: Garchomp
|-damage|p2a: Garchomp|15/100
|-unboost|p1a: Great Tusk|def|1
|-unboost|p1a: Great Tusk|spd|1
|-damage|p1a: Great Tusk|0 fnt|[from] ability: Rough Skin|[of] p2a: Garchomp
|faint|p1a: Great Tusk
|-end|p1a: Great Tusk|Protosynthesis|[silent]
|
|upkeep
|
|t:|1781242619
|switch|p1a: Alomomola|Alomomola, M|100/100 brn
|turn|38
|
|t:|1781242622
|switch|p2a: Primarina|Primarina, F, shiny|100/100
|move|p1a: Alomomola|Flip Turn|p2a: Primarina
|-resisted|p2a: Primarina
|-damage|p2a: Primarina|95/100
|
|t:|1781242625
|switch|p1a: Slowking|Slowking-Galar, M|53/100|[from] Flip Turn
|
|-heal|p2a: Primarina|100/100|[from] item: Leftovers
|upkeep
|turn|39
|
|t:|1781242630
|switch|p1a: Alomomola|Alomomola, M|100/100 brn
|move|p2a: Primarina|Calm Mind|p2a: Primarina
|-boost|p2a: Primarina|spa|1
|-boost|p2a: Primarina|spd|1
|
|-damage|p1a: Alomomola|94/100 brn|[from] brn
|upkeep
|turn|40
|
|t:|1781242633
|move|p2a: Primarina|Calm Mind|p2a: Primarina
|-boost|p2a: Primarina|spa|1
|-boost|p2a: Primarina|spd|1
|move|p1a: Alomomola|Flip Turn|p2a: Primarina
|-resisted|p2a: Primarina
|-damage|p2a: Primarina|96/100
|
|t:|1781242635
|switch|p1a: Whimsicott|Whimsicott, M|63/100|[from] Flip Turn
|
|-heal|p1a: Whimsicott|69/100|[from] item: Leftovers
|-heal|p2a: Primarina|100/100|[from] item: Leftovers
|upkeep
|turn|41
|
|t:|1781242638
|switch|p2a: Weavile|Weavile, F|84/100
|-ability|p2a: Weavile|Pressure
|move|p1a: Whimsicott|Encore|p2a: Weavile
|-hint|Since gen 7, Dark is immune to Prankster moves.
|-immune|p2a: Weavile
|
|-heal|p1a: Whimsicott|75/100|[from] item: Leftovers
|upkeep
|turn|42
|
|t:|1781242646
|switch|p2a: Heatran|Heatran, M|84/100
|switch|p1a: Alomomola|Alomomola, M|100/100 brn
|
|-damage|p1a: Alomomola|94/100 brn|[from] brn
|upkeep
|turn|43
|
|t:|1781242649
|move|p2a: Heatran|Earth Power|p1a: Alomomola
|-damage|p1a: Alomomola|60/100 brn
|move|p1a: Alomomola|Flip Turn|p2a: Heatran
|-supereffective|p2a: Heatran
|-damage|p2a: Heatran|70/100
|
|t:|1781242655
|switch|p1a: Kyurem|Kyurem|76/100|[from] Flip Turn
|-ability|p1a: Kyurem|Pressure
|
|-heal|p1a: Kyurem|82/100|[from] item: Leftovers
|upkeep
|turn|44
|
|t:|1781242661
|move|p1a: Kyurem|Substitute|p1a: Kyurem
|-start|p1a: Kyurem|Substitute
|-damage|p1a: Kyurem|57/100
|move|p2a: Heatran|Flash Cannon|p1a: Kyurem
|-supereffective|p1a: Kyurem
|-end|p1a: Kyurem|Substitute
|
|-heal|p1a: Kyurem|63/100|[from] item: Leftovers
|upkeep
|turn|45
|
|t:|1781242664
|switch|p2a: Weavile|Weavile, F|84/100
|-ability|p2a: Weavile|Pressure
|move|p1a: Kyurem|Earth Power|p2a: Weavile
|-damage|p2a: Weavile|38/100
|
|-heal|p1a: Kyurem|69/100|[from] item: Leftovers
|upkeep
|turn|46
|
|t:|1781242668
|move|p1a: Kyurem|Protect|p1a: Kyurem
|-singleturn|p1a: Kyurem|Protect
|move|p2a: Weavile|Knock Off|p1a: Kyurem
|-activate|p1a: Kyurem|move: Protect
|
|-heal|p1a: Kyurem|75/100|[from] item: Leftovers
|upkeep
|turn|47
|
|t:|1781242673
|switch|p2a: Raging Bolt|Raging Bolt|54/100
|switch|p1a: Alomomola|Alomomola, M|94/100 brn
|
|-heal|p2a: Raging Bolt|60/100|[from] item: Leftovers
|-damage|p1a: Alomomola|87/100 brn|[from] brn
|upkeep
|turn|48
|
|t:|1781242676
|switch|p1a: Whimsicott|Whimsicott, M|75/100
|move|p2a: Raging Bolt|Thunderbolt|p1a: Whimsicott
|-resisted|p1a: Whimsicott
|-damage|p1a: Whimsicott|39/100
|
|-heal|p1a: Whimsicott|45/100|[from] item: Leftovers
|-heal|p2a: Raging Bolt|66/100|[from] item: Leftovers
|upkeep
|turn|49
|
|t:|1781242680
|move|p1a: Whimsicott|U-turn|p2a: Raging Bolt
|-damage|p2a: Raging Bolt|56/100
|
|t:|1781242682
|switch|p1a: Slowking|Slowking-Galar, M|86/100|[from] U-turn
|move|p2a: Raging Bolt|Thunderbolt|p1a: Slowking
|-damage|p1a: Slowking|55/100
|
|-heal|p2a: Raging Bolt|62/100|[from] item: Leftovers
|upkeep
|turn|50
|
|t:|1781242686
|-end|p2a: Raging Bolt|Protosynthesis|[silent]
|switch|p2a: Heatran|Heatran, M|70/100
|move|p1a: Slowking|Ice Beam|p2a: Heatran
|-resisted|p2a: Heatran
|-damage|p2a: Heatran|66/100
|
|upkeep
|turn|51
|
|t:|1781242689
|switch|p2a: Raging Bolt|Raging Bolt|62/100
|switch|p1a: Alomomola|Alomomola, M|100/100 brn
|
|-heal|p2a: Raging Bolt|69/100|[from] item: Leftovers
|-damage|p1a: Alomomola|94/100 brn|[from] brn
|upkeep
|turn|52
|
|t:|1781242693
|switch|p1a: Slowking|Slowking-Galar, M|88/100
|move|p2a: Raging Bolt|Thunderbolt|p1a: Slowking
|-damage|p1a: Slowking|57/100
|
|-heal|p2a: Raging Bolt|75/100|[from] item: Leftovers
|upkeep
|turn|53
|
|t:|1781242699
|move|p2a: Raging Bolt|Calm Mind|p2a: Raging Bolt
|-boost|p2a: Raging Bolt|spa|1
|-boost|p2a: Raging Bolt|spd|1
|move|p1a: Slowking|Ice Beam|p2a: Raging Bolt
|-supereffective|p2a: Raging Bolt
|-damage|p2a: Raging Bolt|45/100
|
|-heal|p2a: Raging Bolt|51/100|[from] item: Leftovers
|upkeep
|turn|54
|
|t:|1781242702
|switch|p1a: Whimsicott|Whimsicott, M|45/100
|move|p2a: Raging Bolt|Thunderbolt|p1a: Whimsicott
|-resisted|p1a: Whimsicott
|-damage|p1a: Whimsicott|0 fnt
|faint|p1a: Whimsicott
|
|-heal|p2a: Raging Bolt|57/100|[from] item: Leftovers
|upkeep
|
|t:|1781242706
|switch|p1a: Kyurem|Kyurem|75/100
|-ability|p1a: Kyurem|Pressure
|turn|55
|
|t:|1781242710
|-terastallize|p2a: Raging Bolt|Fairy
|move|p1a: Kyurem|Substitute|p1a: Kyurem
|-start|p1a: Kyurem|Substitute
|-damage|p1a: Kyurem|50/100
|move|p2a: Raging Bolt|Dragon Pulse|p1a: Kyurem
|-supereffective|p1a: Kyurem
|-end|p1a: Kyurem|Substitute
|
|-heal|p1a: Kyurem|56/100|[from] item: Leftovers
|-heal|p2a: Raging Bolt|63/100|[from] item: Leftovers
|upkeep
|turn|56
|
|t:|1781242718
|switch|p1a: Slowking|Slowking-Galar, M|90/100
|move|p2a: Raging Bolt|Calm Mind|p2a: Raging Bolt
|-boost|p2a: Raging Bolt|spa|1
|-boost|p2a: Raging Bolt|spd|1
|
|-heal|p2a: Raging Bolt|69/100|[from] item: Leftovers
|upkeep
|turn|57
|
|t:|1781242721
|move|p2a: Raging Bolt|Thunderbolt|p1a: Slowking
|-damage|p1a: Slowking|26/100
|move|p1a: Slowking|Sludge Wave|p2a: Raging Bolt
|-supereffective|p2a: Raging Bolt
|-damage|p2a: Raging Bolt|32/100
|
|-heal|p2a: Raging Bolt|38/100|[from] item: Leftovers
|upkeep
|turn|58
|
|t:|1781242731
|switch|p1a: Cinderace|Cinderace, M|100/100
|move|p2a: Raging Bolt|Thunderbolt|p1a: Cinderace
|-damage|p1a: Cinderace|0 fnt
|faint|p1a: Cinderace
|
|-heal|p2a: Raging Bolt|44/100|[from] item: Leftovers
|upkeep
|
|t:|1781242733
|switch|p1a: Kyurem|Kyurem|56/100
|-ability|p1a: Kyurem|Pressure
|turn|59
|
|t:|1781242737
|-terastallize|p1a: Kyurem|Ground
|move|p1a: Kyurem|Earth Power|p2a: Raging Bolt
|-damage|p2a: Raging Bolt|25/100
|move|p2a: Raging Bolt|Thunderbolt|p1a: Kyurem
|-immune|p1a: Kyurem
|
|-heal|p1a: Kyurem|62/100|[from] item: Leftovers
|-heal|p2a: Raging Bolt|31/100|[from] item: Leftovers
|upkeep
|turn|60
|
|t:|1781242746
|move|p1a: Kyurem|Earth Power|p2a: Raging Bolt
|-damage|p2a: Raging Bolt|10/100
|move|p2a: Raging Bolt|Dragon Pulse|p1a: Kyurem
|-damage|p1a: Kyurem|0 fnt
|faint|p1a: Kyurem
|
|-heal|p2a: Raging Bolt|17/100|[from] item: Leftovers
|upkeep
|-message|my2005 forfeited.
|
|win|isaac_gam3r
|raw|my2005's rating: 1634 &rarr; <strong>1624</strong><br />(-10 for losing)
|raw|isaac_gam3r's rating: 1823 &rarr; <strong>1833</strong><br />(+10 for winning)
|l|☆my2005
|player|p1|
|l|☆isaac_gam3r
|player|p2|
