|j|☆ja hoi
|j|☆KurisuChestnutOU
|t:|1781161285
|gametype|singles
|player|p1|ja hoi|2|1586
|player|p2|KurisuChestnutOU|may-contest|1564
|gen|9
|tier|[Gen 9] OU
|rated|
|rule|HP Percentage Mod: HP is shown in percentages
|rule|Endless Battle Clause: Forcing endless battles is banned
|rule|Species Clause: Limit one of each Pokémon
|rule|OHKO Clause: OHKO moves are banned
|rule|Evasion Items Clause: Evasion items are banned
|rule|Evasion Moves Clause: Evasion moves are banned
|rule|Evasion Abilities Clause: Evasion abilities are banned
|rule|Sleep Moves Clause: Sleep-inducing moves are banned
|clearpoke
|poke|p1|Quaquaval, F|
|poke|p1|Zamazenta-*|
|poke|p1|Dragapult, F|
|poke|p1|Garganacl, M|
|poke|p1|Grimmsnarl, M|
|poke|p1|Iron Moth|
|poke|p2|Gliscor, F|
|poke|p2|Dondozo, M|
|poke|p2|Slowking-Galar, M|
|poke|p2|Gholdengo|
|poke|p2|Great Tusk|
|poke|p2|Kingambit, M|
|teampreview
|inactive|Battle timer is ON: inactive players will automatically lose when time's up. (requested by ja hoi)
|
|t:|1781161291
|teamsize|p1|6
|teamsize|p2|6
|start
|switch|p1a: Grimmsnarl|Grimmsnarl, M|100/100
|switch|p2a: Gliscor|Gliscor, F|100/100
|turn|1
|inactive|KurisuChestnutOU also wants the timer to be on.
|
|t:|1781161304
|move|p1a: Grimmsnarl|Taunt|p2a: Gliscor
|-start|p2a: Gliscor|move: Taunt
|move|p2a: Gliscor|Earthquake|p1a: Grimmsnarl
|-damage|p1a: Grimmsnarl|62/100
|
|-status|p2a: Gliscor|tox|[from] item: Toxic Orb
|upkeep
|turn|2
|
|t:|1781161312
|move|p1a: Grimmsnarl|Reflect|p1a: Grimmsnarl
|-sidestart|p1: ja hoi|Reflect
|move|p2a: Gliscor|Earthquake|p1a: Grimmsnarl
|-damage|p1a: Grimmsnarl|42/100
|
|upkeep
|turn|3
|
|t:|1781161320
|move|p1a: Grimmsnarl|Light Screen|p1a: Grimmsnarl
|-sidestart|p1: ja hoi|move: Light Screen
|move|p2a: Gliscor|Earthquake|p1a: Grimmsnarl
|-damage|p1a: Grimmsnarl|21/100
|
|-end|p2a: Gliscor|move: Taunt
|upkeep
|turn|4
|
|t:|1781161326
|move|p1a: Grimmsnarl|Parting Shot|p2a: Gliscor
|-unboost|p2a: Gliscor|atk|1
|-unboost|p2a: Gliscor|spa|1
|
|t:|1781161334
|switch|p1a: Garganacl|Garganacl, M|100/100|[from] Parting Shot
|move|p2a: Gliscor|Spikes|p1a: Garganacl
|-sidestart|p1: ja hoi|Spikes
|
|upkeep
|turn|5
|
|t:|1781161339
|move|p2a: Gliscor|Spikes|p1a: Garganacl
|-sidestart|p1: ja hoi|Spikes
|move|p1a: Garganacl|Salt Cure|p2a: Gliscor
|-damage|p2a: Gliscor|92/100 tox
|-start|p2a: Gliscor|Salt Cure
|
|-heal|p2a: Gliscor|100/100 tox|[from] ability: Poison Heal
|-damage|p2a: Gliscor|88/100 tox|[from] Salt Cure
|upkeep
|turn|6
|
|t:|1781161347
|switch|p2a: Great Tusk|Great Tusk|100/100
|move|p1a: Garganacl|Iron Defense|p1a: Garganacl
|-boost|p1a: Garganacl|def|2
|
|upkeep
|turn|7
|
|t:|1781161353
|-end|p2a: Great Tusk|Protosynthesis|[silent]
|switch|p2a: Gliscor|Gliscor, F|88/100 tox
|move|p1a: Garganacl|Salt Cure|p2a: Gliscor
|-damage|p2a: Gliscor|79/100 tox
|-start|p2a: Gliscor|Salt Cure
|
|-heal|p2a: Gliscor|92/100 tox|[from] ability: Poison Heal
|-damage|p2a: Gliscor|79/100 tox|[from] Salt Cure
|upkeep
|turn|8
|
|t:|1781161361
|move|p2a: Gliscor|Spikes|p1a: Garganacl
|-sidestart|p1: ja hoi|Spikes
|move|p1a: Garganacl|Iron Defense|p1a: Garganacl
|-boost|p1a: Garganacl|def|2
|
|-heal|p2a: Gliscor|92/100 tox|[from] ability: Poison Heal
|-damage|p2a: Gliscor|79/100 tox|[from] Salt Cure
|upkeep
|turn|9
|
|t:|1781161368
|move|p2a: Gliscor|Protect|p2a: Gliscor
|-singleturn|p2a: Gliscor|Protect
|move|p1a: Garganacl|Salt Cure|p2a: Gliscor
|-activate|p2a: Gliscor|move: Protect
|
|-heal|p2a: Gliscor|92/100 tox|[from] ability: Poison Heal
|-damage|p2a: Gliscor|79/100 tox|[from] Salt Cure
|-sideend|p1: ja hoi|Reflect
|upkeep
|turn|10
|
|t:|1781161376
|switch|p2a: Gholdengo|Gholdengo|100/100
|-item|p2a: Gholdengo|Air Balloon
|move|p1a: Garganacl|Salt Cure|p2a: Gholdengo
|-resisted|p2a: Gholdengo
|-damage|p2a: Gholdengo|92/100
|-start|p2a: Gholdengo|Salt Cure
|-enditem|p2a: Gholdengo|Air Balloon
|
|-damage|p2a: Gholdengo|67/100|[from] Salt Cure
|-sideend|p1: ja hoi|move: Light Screen
|upkeep
|turn|11
|
|t:|1781161386
|move|p2a: Gholdengo|Nasty Plot|p2a: Gholdengo
|-boost|p2a: Gholdengo|spa|2
|move|p1a: Garganacl|Recover||[still]
|-fail|p1a: Garganacl|heal
|
|-damage|p2a: Gholdengo|43/100|[from] Salt Cure
|upkeep
|turn|12
|
|t:|1781161394
|switch|p1a: Grimmsnarl|Grimmsnarl, M|21/100
|-damage|p1a: Grimmsnarl|0 fnt|[from] Spikes
|faint|p1a: Grimmsnarl
|move|p2a: Gholdengo|Recover|p2a: Gholdengo
|-heal|p2a: Gholdengo|93/100
|
|-damage|p2a: Gholdengo|68/100|[from] Salt Cure
|upkeep
|
|t:|1781161404
|switch|p1a: Dragapult|Dragapult, F|100/100
|-damage|p1a: Dragapult|76/100|[from] Spikes
|turn|13
|
|t:|1781161412
|move|p1a: Dragapult|Phantom Force||[still]
|-prepare|p1a: Dragapult|Phantom Force
|move|p2a: Gholdengo|Make It Rain|p1a: Dragapult|[miss]
|-miss|p2a: Gholdengo|p1a: Dragapult
|
|-heal|p1a: Dragapult|82/100|[from] item: Leftovers
|-damage|p2a: Gholdengo|43/100|[from] Salt Cure
|upkeep
|turn|14
|
|t:|1781161419
|switch|p2a: Kingambit|Kingambit, M|100/100
|move|p1a: Dragapult|Phantom Force|p2a: Kingambit|[from] lockedmove
|-resisted|p2a: Kingambit
|-damage|p2a: Kingambit|79/100
|
|-heal|p1a: Dragapult|88/100|[from] item: Leftovers
|-heal|p2a: Kingambit|86/100|[from] item: Leftovers
|upkeep
|turn|15
|
|t:|1781161429
|switch|p1a: Zamazenta|Zamazenta|100/100
|-damage|p1a: Zamazenta|76/100|[from] Spikes
|-ability|p1a: Zamazenta|Dauntless Shield|boost
|-boost|p1a: Zamazenta|def|1
|move|p2a: Kingambit|Iron Head|p1a: Zamazenta
|-damage|p1a: Zamazenta|50/100
|
|-heal|p1a: Zamazenta|56/100|[from] item: Leftovers
|-heal|p2a: Kingambit|92/100|[from] item: Leftovers
|upkeep
|turn|16
|
|t:|1781161438
|-end|p2a: Kingambit|fallenundefined|[silent]
|switch|p2a: Gliscor|Gliscor, F|79/100 tox
|move|p1a: Zamazenta|Crunch|p2a: Gliscor
|-damage|p2a: Gliscor|67/100 tox
|
|-heal|p1a: Zamazenta|62/100|[from] item: Leftovers
|-heal|p2a: Gliscor|80/100 tox|[from] ability: Poison Heal
|upkeep
|turn|17
|
|t:|1781161447
|move|p1a: Zamazenta|Substitute|p1a: Zamazenta
|-start|p1a: Zamazenta|Substitute
|-damage|p1a: Zamazenta|37/100
|move|p2a: Gliscor|Earthquake|p1a: Zamazenta
|-activate|p1a: Zamazenta|move: Substitute|[damage]
|
|-heal|p1a: Zamazenta|44/100|[from] item: Leftovers
|-heal|p2a: Gliscor|92/100 tox|[from] ability: Poison Heal
|upkeep
|turn|18
|
|t:|1781161456
|switch|p2a: Dondozo|Dondozo, M|100/100
|move|p1a: Zamazenta|Iron Defense|p1a: Zamazenta
|-boost|p1a: Zamazenta|def|2
|
|-heal|p1a: Zamazenta|50/100|[from] item: Leftovers
|upkeep
|turn|19
|
|t:|1781161462
|move|p1a: Zamazenta|Crunch|p2a: Dondozo
|-damage|p2a: Dondozo|91/100
|move|p2a: Dondozo|Wave Crash|p1a: Zamazenta
|-end|p1a: Zamazenta|Substitute
|-damage|p2a: Dondozo|89/100|[from] Recoil|[of] p1a: Zamazenta
|
|-heal|p1a: Zamazenta|56/100|[from] item: Leftovers
|-heal|p2a: Dondozo|95/100|[from] item: Leftovers
|upkeep
|turn|20
|
|t:|1781161471
|move|p1a: Zamazenta|Crunch|p2a: Dondozo
|-damage|p2a: Dondozo|85/100
|-unboost|p2a: Dondozo|def|1
|move|p2a: Dondozo|Wave Crash|p1a: Zamazenta
|-damage|p1a: Zamazenta|23/100
|-damage|p2a: Dondozo|76/100|[from] Recoil
|
|-heal|p1a: Zamazenta|29/100|[from] item: Leftovers
|-heal|p2a: Dondozo|82/100|[from] item: Leftovers
|upkeep
|turn|21
|
|t:|1781161480
|move|p1a: Zamazenta|Crunch|p2a: Dondozo
|-damage|p2a: Dondozo|67/100
|move|p2a: Dondozo|Wave Crash|p1a: Zamazenta
|-damage|p1a: Zamazenta|0 fnt
|faint|p1a: Zamazenta
|-damage|p2a: Dondozo|60/100|[from] Recoil
|
|-heal|p2a: Dondozo|66/100|[from] item: Leftovers
|upkeep
|
|t:|1781161490
|switch|p1a: Iron Moth|Iron Moth|100/100
|-damage|p1a: Iron Moth|76/100|[from] Spikes
|-enditem|p1a: Iron Moth|Booster Energy
|-activate|p1a: Iron Moth|ability: Quark Drive|[fromitem]
|-start|p1a: Iron Moth|quarkdrivespa
|turn|22
|
|t:|1781161499
|switch|p2a: Gholdengo|Gholdengo|43/100
|move|p1a: Iron Moth|Fiery Dance|p2a: Gholdengo
|-supereffective|p2a: Gholdengo
|-damage|p2a: Gholdengo|0 fnt
|faint|p2a: Gholdengo
|
|upkeep
|
|t:|1781161503
|switch|p2a: Slowking|Slowking-Galar, M|100/100
|turn|23
|
|t:|1781161508
|-terastallize|p1a: Iron Moth|Fire
|move|p1a: Iron Moth|Fiery Dance|p2a: Slowking
|-damage|p2a: Slowking|67/100
|-boost|p1a: Iron Moth|spa|1
|move|p2a: Slowking|Psyshock|p1a: Iron Moth
|-damage|p1a: Iron Moth|21/100
|
|upkeep
|turn|24
|
|t:|1781161517
|move|p1a: Iron Moth|Fiery Dance|p2a: Slowking
|-damage|p2a: Slowking|14/100
|-boost|p1a: Iron Moth|spa|1
|move|p2a: Slowking|Psyshock|p1a: Iron Moth
|-damage|p1a: Iron Moth|0 fnt
|faint|p1a: Iron Moth
|-end|p1a: Iron Moth|Quark Drive|[silent]
|
|upkeep
|c|☆ja hoi|balls
|
|t:|1781161524
|switch|p1a: Quaquaval|Quaquaval, F|100/100
|-damage|p1a: Quaquaval|76/100|[from] Spikes
|turn|25
|
|t:|1781161531
|switch|p2a: Kingambit|Kingambit, M|92/100
|-activate|p2a: Kingambit|ability: Supreme Overlord
|-start|p2a: Kingambit|fallen1|[silent]
|move|p1a: Quaquaval|Close Combat|p2a: Kingambit
|-supereffective|p2a: Kingambit
|-damage|p2a: Kingambit|0 fnt
|-unboost|p1a: Quaquaval|def|1
|-unboost|p1a: Quaquaval|spd|1
|faint|p2a: Kingambit
|-end|p2a: Kingambit|fallen1|[silent]
|-ability|p1a: Quaquaval|Moxie|boost
|-boost|p1a: Quaquaval|atk|1
|
|upkeep
|
|t:|1781161535
|switch|p2a: Great Tusk|Great Tusk|100/100
|turn|26
|
|t:|1781161548
|move|p2a: Great Tusk|Headlong Rush|p1a: Quaquaval
|-damage|p1a: Quaquaval|0 fnt
|-unboost|p2a: Great Tusk|def|1
|-unboost|p2a: Great Tusk|spd|1
|faint|p1a: Quaquaval
|
|upkeep
|
|t:|1781161554
|switch|p1a: Dragapult|Dragapult, F|88/100
|-damage|p1a: Dragapult|63/100|[from] Spikes
|turn|27
|
|t:|1781161560
|move|p1a: Dragapult|Dragon Darts|p2a: Great Tusk
|-damage|p2a: Great Tusk|70/100
|-anim|p1a: Dragapult|Dragon Darts|p2a: Great Tusk
|-damage|p2a: Great Tusk|42/100
|move|p2a: Great Tusk|Knock Off|p1a: Dragapult
|-supereffective|p1a: Dragapult
|-damage|p1a: Dragapult|0 fnt
|-enditem|p1a: Dragapult|Leftovers|[from] move: Knock Off|[of] p2a: Great Tusk
|faint|p1a: Dragapult
|
|upkeep
|
|t:|1781161569
|switch|p1a: Garganacl|Garganacl, M|100/100
|-damage|p1a: Garganacl|75/100|[from] Spikes
|turn|28
|
|t:|1781161576
|move|p2a: Great Tusk|Headlong Rush|p1a: Garganacl
|-supereffective|p1a: Garganacl
|-damage|p1a: Garganacl|0 fnt
|-unboost|p2a: Great Tusk|def|1
|-unboost|p2a: Great Tusk|spd|1
|faint|p1a: Garganacl
|
|win|KurisuChestnutOU
|raw|ja hoi's rating: 1586 &rarr; <strong>1564</strong><br />(-22 for losing)
|raw|KurisuChestnutOU's rating: 1547 &rarr; <strong>1569</strong><br />(+22 for winning)
|l|☆ja hoi
|player|p1|
