|j|☆arturohdez
|j|☆jameshardensucks
|t:|1781441904
|gametype|singles
|player|p1|arturohdez|lucas|1596
|player|p2|jameshardensucks|harlequin|1584
|gen|9
|tier|[Gen 9] OU
|rated|
|rule|HP Percentage Mod: HP is shown in percentages
|rule|Endless Battle Clause: Forcing endless battles is banned
|rule|Species Clause: Limit one of each Pokémon
|rule|OHKO Clause: OHKO moves are banned
|rule|Evasion Items Clause: Evasion items are banned
|rule|Evasion Moves Clause: Evasion moves are banned
|rule|Evasion Abilities Clause: Evasion abilities are banned
|rule|Sleep Moves Clause: Sleep-inducing moves are banned
|clearpoke
|poke|p1|Rillaboom, M|
|poke|p1|Ting-Lu|
|poke|p1|Gholdengo|
|poke|p1|Manaphy|
|poke|p1|Zamazenta-*|
|poke|p1|Hawlucha, M|
|poke|p2|Rillaboom, M|
|poke|p2|Ogerpon-Cornerstone, F|
|poke|p2|Hawlucha, F|
|poke|p2|Pecharunt|
|poke|p2|Great Tusk|
|poke|p2|Hoopa-Unbound|
|teampreview
|
|t:|1781441915
|teamsize|p1|6
|teamsize|p2|6
|start
|switch|p1a: Ting-Lu|Ting-Lu|100/100
|switch|p2a: Ogerpon|Ogerpon-Cornerstone, F|100/100
|-ability|p1a: Ting-Lu|Vessel of Ruin
|turn|1
|
|t:|1781441917
|move|p2a: Ogerpon|Power Whip|p1a: Ting-Lu
|-supereffective|p1a: Ting-Lu
|-damage|p1a: Ting-Lu|9/100
|-enditem|p1a: Ting-Lu|Red Card|[of] p2a: Ogerpon
|drag|p2a: Hoopa|Hoopa-Unbound|100/100
|move|p1a: Ting-Lu|Stealth Rock|p2a: Hoopa
|-sidestart|p2: jameshardensucks|move: Stealth Rock
|
|upkeep
|turn|2
|
|t:|1781441933
|switch|p1a: Rillaboom|Rillaboom, M|100/100
|-fieldstart|move: Grassy Terrain|[from] ability: Grassy Surge|[of] p1a: Rillaboom
|move|p2a: Hoopa|Knock Off|p1a: Rillaboom
|-damage|p1a: Rillaboom|50/100
|-enditem|p1a: Rillaboom|Heavy-Duty Boots|[from] move: Knock Off|[of] p2a: Hoopa
|
|-heal|p1a: Rillaboom|56/100|[from] Grassy Terrain
|upkeep
|turn|3
|inactive|Battle timer is ON: inactive players will automatically lose when time's up. (requested by arturohdez)
|
|t:|1781441939
|switch|p2a: Pecharunt|Pecharunt|100/100
|-damage|p2a: Pecharunt|88/100|[from] Stealth Rock
|move|p1a: Rillaboom|U-turn|p2a: Pecharunt
|-resisted|p2a: Pecharunt
|-damage|p2a: Pecharunt|85/100
|-damage|p1a: Rillaboom|39/100|[from] item: Rocky Helmet|[of] p2a: Pecharunt
|
|t:|1781441954
|switch|p1a: Gholdengo|Gholdengo|100/100|[from] U-turn
|
|-heal|p2a: Pecharunt|92/100|[from] Grassy Terrain
|upkeep
|turn|4
|
|t:|1781441966
|switch|p1a: Ting-Lu|Ting-Lu|9/100
|-ability|p1a: Ting-Lu|Vessel of Ruin
|switch|p2a: Hoopa|Hoopa-Unbound|100/100
|-damage|p2a: Hoopa|88/100|[from] Stealth Rock
|
|-heal|p2a: Hoopa|94/100|[from] Grassy Terrain
|-heal|p1a: Ting-Lu|15/100|[from] Grassy Terrain
|upkeep
|turn|5
|
|t:|1781441974
|move|p2a: Hoopa|Drain Punch|p1a: Ting-Lu
|-supereffective|p1a: Ting-Lu
|-damage|p1a: Ting-Lu|0 fnt
|-heal|p2a: Hoopa|100/100|[from] drain|[of] p1a: Ting-Lu
|faint|p1a: Ting-Lu
|
|upkeep
|
|t:|1781441992
|switch|p1a: Rillaboom|Rillaboom, M|39/100
|turn|6
|
|t:|1781441996
|switch|p2a: Pecharunt|Pecharunt|92/100
|-damage|p2a: Pecharunt|79/100|[from] Stealth Rock
|move|p1a: Rillaboom|Knock Off|p2a: Pecharunt
|-supereffective|p2a: Pecharunt
|-damage|p2a: Pecharunt|48/100
|-damage|p1a: Rillaboom|23/100|[from] item: Rocky Helmet|[of] p2a: Pecharunt
|-enditem|p2a: Pecharunt|Rocky Helmet|[from] move: Knock Off|[of] p1a: Rillaboom
|
|-heal|p1a: Rillaboom|29/100|[from] Grassy Terrain
|-heal|p2a: Pecharunt|54/100|[from] Grassy Terrain
|-fieldend|move: Grassy Terrain
|upkeep
|turn|7
|
|t:|1781442000
|move|p1a: Rillaboom|U-turn|p2a: Pecharunt
|-resisted|p2a: Pecharunt
|-damage|p2a: Pecharunt|51/100
|
|t:|1781442014
|switch|p1a: Gholdengo|Gholdengo|100/100|[from] U-turn
|move|p2a: Pecharunt|Parting Shot|p1a: Gholdengo
|-immune|p1a: Gholdengo|[from] ability: Good as Gold
|
|upkeep
|turn|8
|
|t:|1781442020
|switch|p1a: Rillaboom|Rillaboom, M|29/100
|-fieldstart|move: Grassy Terrain|[from] ability: Grassy Surge|[of] p1a: Rillaboom
|switch|p2a: Hoopa|Hoopa-Unbound|100/100
|-damage|p2a: Hoopa|88/100|[from] Stealth Rock
|
|-heal|p1a: Rillaboom|35/100|[from] Grassy Terrain
|-heal|p2a: Hoopa|94/100|[from] Grassy Terrain
|upkeep
|turn|9
|
|t:|1781442026
|switch|p2a: Great Tusk|Great Tusk|100/100
|-damage|p2a: Great Tusk|98/100|[from] Stealth Rock
|move|p1a: Rillaboom|U-turn|p2a: Great Tusk
|-resisted|p2a: Great Tusk
|-damage|p2a: Great Tusk|91/100
|-damage|p1a: Rillaboom|19/100|[from] item: Rocky Helmet|[of] p2a: Great Tusk
|
|t:|1781442031
|switch|p1a: Manaphy|Manaphy|100/100|[from] U-turn
|
|-heal|p2a: Great Tusk|97/100|[from] Grassy Terrain
|upkeep
|turn|10
|
|t:|1781442041
|-end|p2a: Great Tusk|Protosynthesis|[silent]
|switch|p2a: Pecharunt|Pecharunt|51/100
|-damage|p2a: Pecharunt|39/100|[from] Stealth Rock
|move|p1a: Manaphy|Surf|p2a: Pecharunt
|-damage|p2a: Pecharunt|0 fnt
|faint|p2a: Pecharunt
|
|upkeep
|
|t:|1781442044
|switch|p2a: Ogerpon|Ogerpon-Cornerstone, F|100/100
|-damage|p2a: Ogerpon|88/100|[from] Stealth Rock
|turn|11
|
|t:|1781442052
|switch|p1a: Zamazenta|Zamazenta|100/100
|-ability|p1a: Zamazenta|Dauntless Shield|boost
|-boost|p1a: Zamazenta|def|1
|move|p2a: Ogerpon|Power Whip|p1a: Zamazenta
|-damage|p1a: Zamazenta|34/100
|
|-heal|p1a: Zamazenta|40/100|[from] Grassy Terrain
|-heal|p2a: Ogerpon|94/100|[from] Grassy Terrain
|upkeep
|turn|12
|
|t:|1781442060
|switch|p2a: Hawlucha|Hawlucha, F|100/100
|-damage|p2a: Hawlucha|88/100|[from] Stealth Rock
|-enditem|p2a: Hawlucha|Grassy Seed
|-boost|p2a: Hawlucha|def|1|[from] item: Grassy Seed
|move|p1a: Zamazenta|Close Combat|p2a: Hawlucha
|-resisted|p2a: Hawlucha
|-damage|p2a: Hawlucha|51/100
|-unboost|p1a: Zamazenta|def|1
|-unboost|p1a: Zamazenta|spd|1
|-damage|p1a: Zamazenta|30/100|[from] item: Life Orb
|
|-heal|p1a: Zamazenta|36/100|[from] Grassy Terrain
|-fieldend|move: Grassy Terrain
|upkeep
|turn|13
|
|t:|1781442067
|switch|p1a: Gholdengo|Gholdengo|100/100
|move|p2a: Hawlucha|Acrobatics|p1a: Gholdengo
|-resisted|p1a: Gholdengo
|-damage|p1a: Gholdengo|74/100
|
|upkeep
|turn|14
|
|t:|1781442075
|switch|p2a: Hoopa|Hoopa-Unbound|94/100
|-damage|p2a: Hoopa|82/100|[from] Stealth Rock
|move|p1a: Gholdengo|Shadow Ball|p2a: Hoopa
|-damage|p2a: Hoopa|60/100
|
|upkeep
|turn|15
|
|t:|1781442084
|switch|p1a: Rillaboom|Rillaboom, M|19/100
|-fieldstart|move: Grassy Terrain|[from] ability: Grassy Surge|[of] p1a: Rillaboom
|move|p2a: Hoopa|Knock Off|p1a: Rillaboom
|-damage|p1a: Rillaboom|0 fnt
|faint|p1a: Rillaboom
|
|-heal|p2a: Hoopa|66/100|[from] Grassy Terrain
|upkeep
|
|t:|1781442092
|switch|p1a: Zamazenta|Zamazenta|36/100
|turn|16
|
|t:|1781442101
|switch|p2a: Great Tusk|Great Tusk|97/100
|-damage|p2a: Great Tusk|94/100|[from] Stealth Rock
|move|p1a: Zamazenta|Close Combat|p2a: Great Tusk
|-damage|p2a: Great Tusk|38/100
|-unboost|p1a: Zamazenta|def|1
|-unboost|p1a: Zamazenta|spd|1
|-damage|p1a: Zamazenta|20/100|[from] item: Rocky Helmet|[of] p2a: Great Tusk
|-damage|p1a: Zamazenta|10/100|[from] item: Life Orb
|
|-heal|p1a: Zamazenta|16/100|[from] Grassy Terrain
|-heal|p2a: Great Tusk|44/100|[from] Grassy Terrain
|upkeep
|turn|17
|
|t:|1781442108
|move|p1a: Zamazenta|Close Combat|p2a: Great Tusk
|-damage|p2a: Great Tusk|0 fnt
|-unboost|p1a: Zamazenta|def|1
|-unboost|p1a: Zamazenta|spd|1
|-damage|p1a: Zamazenta|0 fnt|[from] item: Rocky Helmet|[of] p2a: Great Tusk
|faint|p2a: Great Tusk
|-end|p2a: Great Tusk|Protosynthesis|[silent]
|faint|p1a: Zamazenta
|
|upkeep
|
|t:|1781442125
|switch|p1a: Hawlucha|Hawlucha, M|100/100
|switch|p2a: Ogerpon|Ogerpon-Cornerstone, F|94/100
|-damage|p2a: Ogerpon|82/100|[from] Stealth Rock
|-enditem|p1a: Hawlucha|Grassy Seed
|-boost|p1a: Hawlucha|def|1|[from] item: Grassy Seed
|turn|18
|
|t:|1781442131
|-terastallize|p2a: Ogerpon|Rock
|detailschange|p2a: Ogerpon|Ogerpon-Cornerstone-Tera, F, tera:Rock
|-ability|p2a: Ogerpon|Embody Aspect (Cornerstone)|boost
|-boost|p2a: Ogerpon|def|1
|move|p1a: Hawlucha|Acrobatics|p2a: Ogerpon
|-resisted|p2a: Ogerpon
|-damage|p2a: Ogerpon|59/100
|move|p2a: Ogerpon|Ivy Cudgel|p1a: Hawlucha|[anim] Ivy Cudgel Rock
|-damage|p1a: Hawlucha|24/100
|
|-heal|p2a: Ogerpon|66/100|[from] Grassy Terrain
|upkeep
|turn|19
|
|t:|1781442143
|move|p2a: Ogerpon|Grassy Glide|p1a: Hawlucha
|-resisted|p1a: Hawlucha
|-damage|p1a: Hawlucha|3/100
|move|p1a: Hawlucha|Low Kick|p2a: Ogerpon
|-supereffective|p2a: Ogerpon
|-damage|p2a: Ogerpon|22/100
|
|-heal|p2a: Ogerpon|28/100|[from] Grassy Terrain
|-fieldend|move: Grassy Terrain
|upkeep
|turn|20
|
|t:|1781442158
|move|p1a: Hawlucha|Roost|p1a: Hawlucha
|-heal|p1a: Hawlucha|54/100
|-singleturn|p1a: Hawlucha|move: Roost
|move|p2a: Ogerpon|Ivy Cudgel|p1a: Hawlucha|[anim] Ivy Cudgel Rock
|-resisted|p1a: Hawlucha
|-damage|p1a: Hawlucha|18/100
|
|upkeep
|turn|21
|
|t:|1781442164
|move|p1a: Hawlucha|Roost|p1a: Hawlucha
|-heal|p1a: Hawlucha|69/100
|-singleturn|p1a: Hawlucha|move: Roost
|move|p2a: Ogerpon|Power Whip|p1a: Hawlucha
|-damage|p1a: Hawlucha|9/100
|
|upkeep
|turn|22
|
|t:|1781442172
|move|p1a: Hawlucha|Low Kick|p2a: Ogerpon
|-supereffective|p2a: Ogerpon
|-damage|p2a: Ogerpon|0 fnt
|faint|p2a: Ogerpon
|detailschange|p2: Ogerpon|Ogerpon-Cornerstone, F|[silent]
|
|upkeep
|
|t:|1781442175
|switch|p2a: Rillaboom|Rillaboom, M|100/100
|-damage|p2a: Rillaboom|88/100|[from] Stealth Rock
|-fieldstart|move: Grassy Terrain|[from] ability: Grassy Surge|[of] p2a: Rillaboom
|turn|23
|
|t:|1781442177
|move|p2a: Rillaboom|Grassy Glide|p1a: Hawlucha
|-resisted|p1a: Hawlucha
|-damage|p1a: Hawlucha|0 fnt
|faint|p1a: Hawlucha
|
|-heal|p2a: Rillaboom|94/100|[from] Grassy Terrain
|upkeep
|
|t:|1781442185
|switch|p1a: Gholdengo|Gholdengo|74/100
|turn|24
|
|t:|1781442189
|move|p1a: Gholdengo|Shadow Ball|p2a: Rillaboom
|-damage|p2a: Rillaboom|43/100
|move|p2a: Rillaboom|Knock Off|p1a: Gholdengo
|-supereffective|p1a: Gholdengo
|-damage|p1a: Gholdengo|0 fnt
|-enditem|p1a: Gholdengo|Choice Scarf|[from] move: Knock Off|[of] p2a: Rillaboom
|faint|p1a: Gholdengo
|
|-heal|p2a: Rillaboom|49/100|[from] Grassy Terrain
|upkeep
|
|t:|1781442195
|switch|p1a: Manaphy|Manaphy|100/100
|turn|25
|
|t:|1781442205
|-terastallize|p1a: Manaphy|Grass
|move|p1a: Manaphy|Tail Glow|p1a: Manaphy
|-boost|p1a: Manaphy|spa|3
|move|p2a: Rillaboom|Wood Hammer|p1a: Manaphy
|-resisted|p1a: Manaphy
|-damage|p1a: Manaphy|54/100
|-damage|p2a: Rillaboom|34/100|[from] Recoil
|
|-heal|p1a: Manaphy|60/100|[from] Grassy Terrain
|-heal|p2a: Rillaboom|40/100|[from] Grassy Terrain
|upkeep
|turn|26
|
|t:|1781442213
|move|p1a: Manaphy|Alluring Voice|p2a: Rillaboom
|-damage|p2a: Rillaboom|0 fnt
|faint|p2a: Rillaboom
|
|-heal|p1a: Manaphy|66/100|[from] Grassy Terrain
|upkeep
|
|t:|1781442216
|switch|p2a: Hawlucha|Hawlucha, F|51/100
|-damage|p2a: Hawlucha|39/100|[from] Stealth Rock
|turn|27
|
|t:|1781442218
|move|p1a: Manaphy|Alluring Voice|p2a: Hawlucha
|-supereffective|p2a: Hawlucha
|-damage|p2a: Hawlucha|0 fnt
|faint|p2a: Hawlucha
|
|-heal|p1a: Manaphy|72/100|[from] Grassy Terrain
|upkeep
|
|t:|1781442223
|switch|p2a: Hoopa|Hoopa-Unbound|66/100
|-damage|p2a: Hoopa|54/100|[from] Stealth Rock
|turn|28
|
|t:|1781442226
|move|p1a: Manaphy|Alluring Voice|p2a: Hoopa
|-supereffective|p2a: Hoopa
|-damage|p2a: Hoopa|0 fnt
|faint|p2a: Hoopa
|
|win|arturohdez
|raw|arturohdez's rating: 1596 &rarr; <strong>1615</strong><br />(+19 for winning)
|raw|jameshardensucks's rating: 1584 &rarr; <strong>1565</strong><br />(-19 for losing)
|c|☆jameshardensucks|ggwp
|c|☆arturohdez|Gg
|l|☆jameshardensucks
|player|p2|
|l|☆arturohdez
|player|p1|
