|j|☆frog221
|j|☆arturohdez
|t:|1781441245
|gametype|singles
|player|p1|frog221|265|1525
|player|p2|arturohdez|lucas|1579
|gen|9
|tier|[Gen 9] OU
|rated|
|rule|HP Percentage Mod: HP is shown in percentages
|rule|Endless Battle Clause: Forcing endless battles is banned
|rule|Species Clause: Limit one of each Pokémon
|rule|OHKO Clause: OHKO moves are banned
|rule|Evasion Items Clause: Evasion items are banned
|rule|Evasion Moves Clause: Evasion moves are banned
|rule|Evasion Abilities Clause: Evasion abilities are banned
|rule|Sleep Moves Clause: Sleep-inducing moves are banned
|clearpoke
|poke|p1|Slowking-Galar, M|
|poke|p1|Lokix, M|
|poke|p1|Iron Valiant|
|poke|p1|Corviknight, M|
|poke|p1|Primarina, F|
|poke|p1|Gliscor, M|
|poke|p2|Rillaboom, M|
|poke|p2|Ting-Lu|
|poke|p2|Gholdengo|
|poke|p2|Manaphy|
|poke|p2|Zamazenta-*|
|poke|p2|Hawlucha, M|
|teampreview
|inactive|Battle timer is ON: inactive players will automatically lose when time's up. (requested by arturohdez)
|
|t:|1781441262
|teamsize|p1|6
|teamsize|p2|6
|start
|switch|p1a: Corviknight|Corviknight, M|100/100
|switch|p2a: Rillaboom|Rillaboom, M|100/100
|-fieldstart|move: Grassy Terrain|[from] ability: Grassy Surge|[of] p2a: Rillaboom
|-ability|p1a: Corviknight|Pressure
|turn|1
|
|t:|1781441268
|move|p2a: Rillaboom|Knock Off|p1a: Corviknight
|-damage|p1a: Corviknight|80/100
|-damage|p2a: Rillaboom|84/100|[from] item: Rocky Helmet|[of] p1a: Corviknight
|-enditem|p1a: Corviknight|Rocky Helmet|[from] move: Knock Off|[of] p2a: Rillaboom
|move|p1a: Corviknight|U-turn|p2a: Rillaboom
|-supereffective|p2a: Rillaboom
|-damage|p2a: Rillaboom|58/100
|
|t:|1781441275
|switch|p1a: Lokix|Lokix, M, shiny|100/100|[from] U-turn
|
|-heal|p2a: Rillaboom|64/100|[from] Grassy Terrain
|upkeep
|turn|2
|
|t:|1781441282
|switch|p2a: Zamazenta|Zamazenta|100/100
|-ability|p2a: Zamazenta|Dauntless Shield|boost
|-boost|p2a: Zamazenta|def|1
|move|p1a: Lokix|U-turn|p2a: Zamazenta
|-resisted|p2a: Zamazenta
|-damage|p2a: Zamazenta|71/100
|
|t:|1781441302
|switch|p1a: Primarina|Primarina, F, shiny|100/100|[from] U-turn
|
|-heal|p2a: Zamazenta|77/100|[from] Grassy Terrain
|upkeep
|turn|3
|
|t:|1781441317
|switch|p2a: Manaphy|Manaphy|100/100
|move|p1a: Primarina|Flip Turn|p2a: Manaphy
|-resisted|p2a: Manaphy
|-damage|p2a: Manaphy|93/100
|
|t:|1781441325
|switch|p1a: Slowking|Slowking-Galar, M|100/100|[from] Flip Turn
|
|-heal|p2a: Manaphy|99/100|[from] Grassy Terrain
|upkeep
|turn|4
|
|t:|1781441331
|move|p2a: Manaphy|Tail Glow|p2a: Manaphy
|-boost|p2a: Manaphy|spa|3
|move|p1a: Slowking|Future Sight|p2a: Manaphy
|-start|p1a: Slowking|move: Future Sight
|
|-heal|p2a: Manaphy|100/100|[from] Grassy Terrain
|upkeep
|turn|5
|
|t:|1781441336
|move|p2a: Manaphy|Surf|p1a: Slowking
|-crit|p1a: Slowking
|-damage|p1a: Slowking|0 fnt
|faint|p1a: Slowking
|
|-fieldend|move: Grassy Terrain
|upkeep
|c|☆frog221|Wow
|c|☆frog221|what a crit
|
|t:|1781441359
|switch|p1a: Primarina|Primarina, F, shiny|100/100
|turn|6
|
|t:|1781441361
|move|p2a: Manaphy|Grass Knot|p1a: Primarina
|-supereffective|p1a: Primarina
|-damage|p1a: Primarina|49/100
|move|p1a: Primarina|Moonblast|p2a: Manaphy
|-damage|p2a: Manaphy|47/100
|
|-end|p2a: Manaphy|move: Future Sight
|-damage|p2a: Manaphy|0 fnt
|faint|p2a: Manaphy
|upkeep
|
|t:|1781441368
|switch|p2a: Ting-Lu|Ting-Lu|100/100
|-ability|p2a: Ting-Lu|Vessel of Ruin
|turn|7
|
|t:|1781441377
|move|p1a: Primarina|Draining Kiss|p2a: Ting-Lu
|-supereffective|p2a: Ting-Lu
|-damage|p2a: Ting-Lu|79/100
|-heal|p1a: Primarina|72/100|[from] drain|[of] p2a: Ting-Lu
|-enditem|p2a: Ting-Lu|Red Card|[of] p1a: Primarina
|drag|p1a: Lokix|Lokix, M, shiny|100/100
|move|p2a: Ting-Lu|Stealth Rock|p1a: Lokix
|-sidestart|p1: frog221|move: Stealth Rock
|
|upkeep
|turn|8
|
|t:|1781441385
|move|p1a: Lokix|U-turn|p2a: Ting-Lu
|-supereffective|p2a: Ting-Lu
|-damage|p2a: Ting-Lu|27/100
|
|t:|1781441388
|switch|p1a: Corviknight|Corviknight, M|80/100|[from] U-turn
|-damage|p1a: Corviknight|67/100|[from] Stealth Rock
|-ability|p1a: Corviknight|Pressure
|move|p2a: Ting-Lu|Spikes|p1a: Corviknight
|-sidestart|p1: frog221|Spikes
|
|upkeep
|turn|9
|
|t:|1781441397
|switch|p2a: Gholdengo|Gholdengo|100/100
|move|p1a: Corviknight|U-turn|p2a: Gholdengo
|-resisted|p2a: Gholdengo
|-damage|p2a: Gholdengo|96/100
|
|t:|1781441414
|switch|p1a: Gliscor|Gliscor, M, shiny|100/100|[from] U-turn
|-damage|p1a: Gliscor|88/100|[from] Stealth Rock
|
|-status|p1a: Gliscor|tox|[from] item: Toxic Orb
|upkeep
|turn|10
|
|t:|1781441417
|switch|p2a: Ting-Lu|Ting-Lu|27/100
|-ability|p2a: Ting-Lu|Vessel of Ruin
|move|p1a: Gliscor|Protect||[still]
|-fail|p1a: Gliscor
|
|-heal|p1a: Gliscor|100/100 tox|[from] ability: Poison Heal
|upkeep
|turn|11
|
|t:|1781441423
|move|p1a: Gliscor|Toxic|p2a: Ting-Lu
|-status|p2a: Ting-Lu|tox
|move|p2a: Ting-Lu|Spikes|p1a: Gliscor
|-sidestart|p1: frog221|Spikes
|
|-damage|p2a: Ting-Lu|20/100 tox|[from] psn
|upkeep
|turn|12
|
|t:|1781441428
|move|p1a: Gliscor|Earthquake|p2a: Ting-Lu
|-damage|p2a: Ting-Lu|2/100 tox
|move|p2a: Ting-Lu|Whirlwind|p1a: Gliscor
|drag|p1a: Primarina|Primarina, F, shiny|72/100
|-damage|p1a: Primarina|59/100|[from] Stealth Rock
|-damage|p1a: Primarina|43/100|[from] Spikes
|
|-damage|p2a: Ting-Lu|0 fnt|[from] psn
|faint|p2a: Ting-Lu
|upkeep
|
|t:|1781441439
|switch|p2a: Rillaboom|Rillaboom, M|64/100
|-fieldstart|move: Grassy Terrain|[from] ability: Grassy Surge|[of] p2a: Rillaboom
|turn|13
|
|t:|1781441448
|switch|p1a: Corviknight|Corviknight, M|67/100
|-damage|p1a: Corviknight|55/100|[from] Stealth Rock
|-ability|p1a: Corviknight|Pressure
|move|p2a: Rillaboom|Wood Hammer|p1a: Corviknight
|-resisted|p1a: Corviknight
|-damage|p1a: Corviknight|45/100
|-damage|p2a: Rillaboom|60/100|[from] Recoil
|
|-heal|p2a: Rillaboom|67/100|[from] Grassy Terrain
|upkeep
|turn|14
|
|t:|1781441451
|switch|p2a: Gholdengo|Gholdengo|96/100
|move|p1a: Corviknight|Roost|p1a: Corviknight
|-heal|p1a: Corviknight|95/100
|-singleturn|p1a: Corviknight|move: Roost
|
|-heal|p2a: Gholdengo|100/100|[from] Grassy Terrain
|-heal|p1a: Corviknight|100/100|[from] Grassy Terrain
|upkeep
|turn|15
|
|t:|1781441457
|move|p2a: Gholdengo|Shadow Ball|p1a: Corviknight
|-damage|p1a: Corviknight|58/100
|-unboost|p1a: Corviknight|spd|1
|move|p1a: Corviknight|U-turn|p2a: Gholdengo
|-resisted|p2a: Gholdengo
|-damage|p2a: Gholdengo|97/100
|
|t:|1781441472
|switch|p1a: Gliscor|Gliscor, M, shiny|100/100 tox|[from] U-turn
|-damage|p1a: Gliscor|88/100 tox|[from] Stealth Rock
|
|-heal|p2a: Gholdengo|100/100|[from] Grassy Terrain
|-heal|p1a: Gliscor|100/100 tox|[from] ability: Poison Heal
|upkeep
|turn|16
|
|t:|1781441479
|switch|p2a: Zamazenta|Zamazenta|77/100
|move|p1a: Gliscor|Earthquake|p2a: Zamazenta
|-damage|p2a: Zamazenta|60/100
|
|-heal|p2a: Zamazenta|66/100|[from] Grassy Terrain
|upkeep
|turn|17
|
|t:|1781441484
|move|p1a: Gliscor|Protect|p1a: Gliscor
|-singleturn|p1a: Gliscor|Protect
|move|p2a: Zamazenta|Ice Fang|p1a: Gliscor
|-activate|p1a: Gliscor|move: Protect
|
|-heal|p2a: Zamazenta|72/100|[from] Grassy Terrain
|-fieldend|move: Grassy Terrain
|upkeep
|turn|18
|inactive|frog221 has 120 seconds left.
|
|t:|1781441515
|switch|p1a: Primarina|Primarina, F, shiny|43/100
|-damage|p1a: Primarina|30/100|[from] Stealth Rock
|-damage|p1a: Primarina|14/100|[from] Spikes
|move|p2a: Zamazenta|Ice Fang|p1a: Primarina
|-resisted|p1a: Primarina
|-damage|p1a: Primarina|0 fnt
|faint|p1a: Primarina
|-damage|p2a: Zamazenta|63/100|[from] item: Life Orb
|
|upkeep
|
|t:|1781441519
|switch|p1a: Corviknight|Corviknight, M|58/100
|-damage|p1a: Corviknight|46/100|[from] Stealth Rock
|-ability|p1a: Corviknight|Pressure
|turn|19
|
|t:|1781441522
|switch|p2a: Gholdengo|Gholdengo|100/100
|move|p1a: Corviknight|Roost|p1a: Corviknight
|-heal|p1a: Corviknight|96/100
|-singleturn|p1a: Corviknight|move: Roost
|
|upkeep
|turn|20
|
|t:|1781441526
|move|p2a: Gholdengo|Shadow Ball|p1a: Corviknight
|-damage|p1a: Corviknight|55/100
|move|p1a: Corviknight|U-turn|p2a: Gholdengo
|-resisted|p2a: Gholdengo
|-damage|p2a: Gholdengo|97/100
|
|t:|1781441532
|switch|p1a: Gliscor|Gliscor, M, shiny|100/100 tox|[from] U-turn
|-damage|p1a: Gliscor|88/100 tox|[from] Stealth Rock
|
|-heal|p1a: Gliscor|100/100 tox|[from] ability: Poison Heal
|upkeep
|turn|21
|
|t:|1781441538
|switch|p2a: Zamazenta|Zamazenta|63/100
|move|p1a: Gliscor|Toxic|p2a: Zamazenta
|-status|p2a: Zamazenta|tox
|
|-damage|p2a: Zamazenta|56/100 tox|[from] psn
|upkeep
|turn|22
|
|t:|1781441542
|move|p1a: Gliscor|Protect|p1a: Gliscor
|-singleturn|p1a: Gliscor|Protect
|move|p2a: Zamazenta|Ice Fang|p1a: Gliscor
|-activate|p1a: Gliscor|move: Protect
|
|-damage|p2a: Zamazenta|44/100 tox|[from] psn
|upkeep
|turn|23
|inactive|frog221 has 120 seconds left.
|
|t:|1781441595
|switch|p1a: Corviknight|Corviknight, M|55/100
|-damage|p1a: Corviknight|42/100|[from] Stealth Rock
|-ability|p1a: Corviknight|Pressure
|move|p2a: Zamazenta|Ice Fang|p1a: Corviknight
|-damage|p1a: Corviknight|23/100
|-damage|p2a: Zamazenta|34/100 tox|[from] item: Life Orb
|
|-damage|p2a: Zamazenta|16/100 tox|[from] psn
|upkeep
|turn|24
|
|t:|1781441607
|move|p2a: Zamazenta|Close Combat|p1a: Corviknight
|-damage|p1a: Corviknight|0 fnt
|-unboost|p2a: Zamazenta|def|1
|-unboost|p2a: Zamazenta|spd|1
|faint|p1a: Corviknight
|-damage|p2a: Zamazenta|6/100 tox|[from] item: Life Orb
|
|-damage|p2a: Zamazenta|0 fnt|[from] psn
|faint|p2a: Zamazenta
|upkeep
|
|t:|1781441618
|switch|p2a: Rillaboom|Rillaboom, M|67/100
|switch|p1a: Lokix|Lokix, M, shiny|100/100
|-damage|p1a: Lokix|76/100|[from] Stealth Rock
|-damage|p1a: Lokix|59/100|[from] Spikes
|-fieldstart|move: Grassy Terrain|[from] ability: Grassy Surge|[of] p2a: Rillaboom
|turn|25
|
|t:|1781441631
|switch|p2a: Gholdengo|Gholdengo|97/100
|move|p1a: Lokix|Knock Off|p2a: Gholdengo
|-supereffective|p2a: Gholdengo
|-damage|p2a: Gholdengo|0 fnt
|-enditem|p2a: Gholdengo|Choice Scarf|[from] move: Knock Off|[of] p1a: Lokix
|faint|p2a: Gholdengo
|
|-heal|p1a: Lokix|65/100|[from] Grassy Terrain
|upkeep
|
|t:|1781441637
|switch|p2a: Hawlucha|Hawlucha, M|100/100
|-enditem|p2a: Hawlucha|Grassy Seed
|-boost|p2a: Hawlucha|def|1|[from] item: Grassy Seed
|turn|26
|
|t:|1781441650
|switch|p1a: Gliscor|Gliscor, M, shiny|100/100 tox
|-damage|p1a: Gliscor|88/100 tox|[from] Stealth Rock
|move|p2a: Hawlucha|Swords Dance|p2a: Hawlucha
|-boost|p2a: Hawlucha|atk|2
|
|-heal|p1a: Gliscor|100/100 tox|[from] ability: Poison Heal
|upkeep
|turn|27
|
|t:|1781441663
|move|p2a: Hawlucha|Acrobatics|p1a: Gliscor
|-damage|p1a: Gliscor|42/100 tox
|move|p1a: Gliscor|Toxic|p2a: Hawlucha
|-status|p2a: Hawlucha|tox
|
|-damage|p2a: Hawlucha|94/100 tox|[from] psn
|-heal|p1a: Gliscor|54/100 tox|[from] ability: Poison Heal
|upkeep
|turn|28
|inactive|frog221 has 90 seconds left.
|
|t:|1781441693
|switch|p1a: Iron Valiant|Iron Valiant|100/100
|-damage|p1a: Iron Valiant|94/100|[from] Stealth Rock
|-damage|p1a: Iron Valiant|78/100|[from] Spikes
|-enditem|p1a: Iron Valiant|Booster Energy
|-activate|p1a: Iron Valiant|ability: Quark Drive|[fromitem]
|-start|p1a: Iron Valiant|quarkdrivespe
|move|p2a: Hawlucha|Swords Dance|p2a: Hawlucha
|-boost|p2a: Hawlucha|atk|2
|
|-heal|p1a: Iron Valiant|84/100|[from] Grassy Terrain
|-damage|p2a: Hawlucha|82/100 tox|[from] psn
|upkeep
|turn|29
|inactive|frog221 has 90 seconds left.
|
|t:|1781441704
|move|p2a: Hawlucha|Acrobatics|p1a: Iron Valiant
|-supereffective|p1a: Iron Valiant
|-damage|p1a: Iron Valiant|0 fnt
|faint|p1a: Iron Valiant
|-end|p1a: Iron Valiant|Quark Drive|[silent]
|
|-damage|p2a: Hawlucha|64/100 tox|[from] psn
|-fieldend|move: Grassy Terrain
|upkeep
|inactive|frog221 has 90 seconds left.
|
|t:|1781441709
|switch|p1a: Gliscor|Gliscor, M, shiny|54/100 tox
|-damage|p1a: Gliscor|42/100 tox|[from] Stealth Rock
|turn|30
|
|t:|1781441717
|move|p1a: Gliscor|Protect|p1a: Gliscor
|-singleturn|p1a: Gliscor|Protect
|move|p2a: Hawlucha|Roost|p2a: Hawlucha
|-heal|p2a: Hawlucha|100/100 tox
|-singleturn|p2a: Hawlucha|move: Roost
|
|-damage|p2a: Hawlucha|76/100 tox|[from] psn
|-heal|p1a: Gliscor|54/100 tox|[from] ability: Poison Heal
|upkeep
|turn|31
|
|t:|1781441724
|move|p1a: Gliscor|Protect|p1a: Gliscor
|-singleturn|p1a: Gliscor|Protect
|move|p2a: Hawlucha|Acrobatics|p1a: Gliscor
|-activate|p1a: Gliscor|move: Protect
|
|-damage|p2a: Hawlucha|46/100 tox|[from] psn
|-heal|p1a: Gliscor|67/100 tox|[from] ability: Poison Heal
|upkeep
|turn|32
|
|t:|1781441738
|move|p2a: Hawlucha|Acrobatics|p1a: Gliscor
|-damage|p1a: Gliscor|0 fnt
|faint|p1a: Gliscor
|
|-damage|p2a: Hawlucha|9/100 tox|[from] psn
|upkeep
|
|t:|1781441741
|switch|p1a: Lokix|Lokix, M, shiny|65/100
|-damage|p1a: Lokix|40/100|[from] Stealth Rock
|-damage|p1a: Lokix|24/100|[from] Spikes
|turn|33
|
|t:|1781441743
|move|p2a: Hawlucha|Acrobatics|p1a: Lokix
|-supereffective|p1a: Lokix
|-damage|p1a: Lokix|0 fnt
|faint|p1a: Lokix
|
|win|arturohdez
|raw|frog221's rating: 1525 &rarr; <strong>1508</strong><br />(-17 for losing)
|raw|arturohdez's rating: 1579 &rarr; <strong>1596</strong><br />(+17 for winning)
|l|☆frog221
|player|p1|
|l|☆arturohdez
|player|p2|
