|j|☆mongwong
|j|☆WeR#4Hay!
|t:|1781573237
|gametype|singles
|player|p1|mongwong|eusine-gen2|1666
|player|p2|WeR#4Hay!|2|1789
|gen|9
|tier|[Gen 9] OU
|rated|
|rule|HP Percentage Mod: HP is shown in percentages
|rule|Endless Battle Clause: Forcing endless battles is banned
|rule|Species Clause: Limit one of each Pokémon
|rule|OHKO Clause: OHKO moves are banned
|rule|Evasion Items Clause: Evasion items are banned
|rule|Evasion Moves Clause: Evasion moves are banned
|rule|Evasion Abilities Clause: Evasion abilities are banned
|rule|Sleep Moves Clause: Sleep-inducing moves are banned
|clearpoke
|poke|p1|Indeedee, M|
|poke|p1|Polteageist-Antique|
|poke|p1|Hawlucha, F|
|poke|p1|Primarina, M|
|poke|p1|Iron Valiant|
|poke|p1|Great Tusk|
|poke|p2|Lokix, F|
|poke|p2|Garganacl, F|
|poke|p2|Iron Treads|
|poke|p2|Alomomola, F|
|poke|p2|Tornadus-Therian, M|
|poke|p2|Weezing-Galar, F|
|teampreview
|inactive|Battle timer is ON: inactive players will automatically lose when time's up. (requested by mongwong)
|
|t:|1781573248
|teamsize|p1|6
|teamsize|p2|6
|start
|switch|p1a: Indeedee|Indeedee, M|100/100
|switch|p2a: Mai Minakami|Lokix, F|100/100
|-fieldstart|move: Psychic Terrain|[from] ability: Psychic Surge|[of] p1a: Indeedee
|turn|1
|
|t:|1781573260
|switch|p1a: Great Tusk|Great Tusk|100/100
|move|p2a: Mai Minakami|U-turn|p1a: Great Tusk
|-resisted|p1a: Great Tusk
|-damage|p1a: Great Tusk|78/100
|-damage|p2a: Mai Minakami|84/100|[from] item: Rocky Helmet|[of] p1a: Great Tusk
|
|t:|1781573263
|switch|p2a: Sakamoto|Tornadus-Therian, M|100/100|[from] U-turn
|
|upkeep
|turn|2
|
|t:|1781573267
|-end|p1a: Great Tusk|Protosynthesis|[silent]
|switch|p1a: Primarina|Primarina, M|100/100
|move|p2a: Sakamoto|Air Slash|p1a: Primarina
|-crit|p1a: Primarina
|-damage|p1a: Primarina|75/100
|
|upkeep
|turn|3
|
|t:|1781573272
|move|p2a: Sakamoto|Knock Off|p1a: Primarina
|-resisted|p1a: Primarina
|-damage|p1a: Primarina|63/100
|-enditem|p1a: Primarina|Assault Vest|[from] move: Knock Off|[of] p2a: Sakamoto
|move|p1a: Primarina|Flip Turn|p2a: Sakamoto
|-damage|p2a: Sakamoto|84/100
|
|t:|1781573275
|switch|p1a: Polteageist|Polteageist-Antique|100/100|[from] Flip Turn
|
|upkeep
|turn|4
|
|t:|1781573288
|move|p2a: Sakamoto|Knock Off|p1a: Polteageist
|-supereffective|p1a: Polteageist
|-damage|p1a: Polteageist|28/100
|-ability|p1a: Polteageist|Weak Armor|boost
|-unboost|p1a: Polteageist|def|1
|-boost|p1a: Polteageist|spe|2
|-enditem|p1a: Polteageist|Focus Sash|[from] move: Knock Off|[of] p2a: Sakamoto
|move|p1a: Polteageist|Shell Smash|p1a: Polteageist
|-unboost|p1a: Polteageist|def|1
|-unboost|p1a: Polteageist|spd|1
|-boost|p1a: Polteageist|atk|2
|-boost|p1a: Polteageist|spa|2
|-boost|p1a: Polteageist|spe|2
|
|upkeep
|turn|5
|
|t:|1781573301
|-terastallize|p2a: Sakamoto|Dark
|move|p1a: Polteageist|Stored Power|p2a: Sakamoto
|-immune|p2a: Sakamoto
|move|p2a: Sakamoto|Knock Off|p1a: Polteageist
|-supereffective|p1a: Polteageist
|-damage|p1a: Polteageist|0 fnt
|faint|p1a: Polteageist
|
|upkeep
|
|t:|1781573307
|switch|p1a: Primarina|Primarina, M|63/100
|turn|6
|
|t:|1781573309
|move|p2a: Sakamoto|U-turn|p1a: Primarina
|-resisted|p1a: Primarina
|-damage|p1a: Primarina|54/100
|
|t:|1781573313
|switch|p2a: Yuuko Aoi|Garganacl, F|100/100|[from] U-turn
|move|p1a: Primarina|Flip Turn|p2a: Yuuko Aoi
|-supereffective|p2a: Yuuko Aoi
|-damage|p2a: Yuuko Aoi|83/100
|
|t:|1781573320
|switch|p1a: Great Tusk|Great Tusk|78/100|[from] Flip Turn
|
|-heal|p2a: Yuuko Aoi|89/100|[from] item: Leftovers
|upkeep
|turn|7
|
|t:|1781573324
|switch|p2a: Sakamoto|Tornadus-Therian, M, tera:Dark|100/100
|move|p1a: Great Tusk|Stealth Rock|p2a: Sakamoto
|-sidestart|p2: WeR#4Hay!|move: Stealth Rock
|
|upkeep
|turn|8
|
|t:|1781573327
|-end|p1a: Great Tusk|Protosynthesis|[silent]
|switch|p1a: Primarina|Primarina, M|54/100
|move|p2a: Sakamoto|Air Slash|p1a: Primarina
|-damage|p1a: Primarina|33/100
|
|-fieldend|move: Psychic Terrain
|upkeep
|turn|9
|
|t:|1781573332
|move|p2a: Sakamoto|Air Slash|p1a: Primarina
|-damage|p1a: Primarina|9/100
|move|p1a: Primarina|Moonblast|p2a: Sakamoto
|-supereffective|p2a: Sakamoto
|-damage|p2a: Sakamoto|24/100
|-unboost|p2a: Sakamoto|spa|1
|
|upkeep
|turn|10
|
|t:|1781573337
|switch|p1a: Indeedee|Indeedee, M|100/100
|-fieldstart|move: Psychic Terrain|[from] ability: Psychic Surge|[of] p1a: Indeedee
|move|p2a: Sakamoto|Air Slash|p1a: Indeedee
|-damage|p1a: Indeedee|74/100
|
|upkeep
|turn|11
|
|t:|1781573342
|switch|p2a: Nano Shinonome|Iron Treads|100/100
|-damage|p2a: Nano Shinonome|97/100|[from] Stealth Rock
|switch|p1a: Hawlucha|Hawlucha, F|100/100
|-enditem|p1a: Hawlucha|Psychic Seed
|-boost|p1a: Hawlucha|spd|1|[from] item: Psychic Seed
|
|-heal|p2a: Nano Shinonome|100/100|[from] item: Leftovers
|upkeep
|turn|12
|
|t:|1781573354
|-end|p2a: Nano Shinonome|Quark Drive|[silent]
|switch|p2a: Hakase|Weezing-Galar, F|100/100
|-ability|p2a: Hakase|Neutralizing Gas
|move|p1a: Hawlucha|Swords Dance|p1a: Hawlucha
|-boost|p1a: Hawlucha|atk|2
|
|upkeep
|turn|13
|
|t:|1781573360
|-terastallize|p1a: Hawlucha|Steel
|move|p1a: Hawlucha|Acrobatics|p2a: Hakase
|-damage|p2a: Hakase|36/100
|move|p2a: Hakase|Will-O-Wisp|p1a: Hawlucha
|-status|p1a: Hawlucha|brn
|
|-damage|p1a: Hawlucha|94/100 brn|[from] brn
|upkeep
|turn|14
|
|t:|1781573367
|-end|p2a: Hakase|ability: Neutralizing Gas
|switch|p2a: Mio Nanagohara|Alomomola, F|100/100
|-damage|p2a: Mio Nanagohara|88/100|[from] Stealth Rock
|move|p1a: Hawlucha|Swords Dance|p1a: Hawlucha
|-boost|p1a: Hawlucha|atk|2
|
|-damage|p1a: Hawlucha|88/100 brn|[from] brn
|upkeep
|turn|15
|
|t:|1781573375
|move|p1a: Hawlucha|Swords Dance|p1a: Hawlucha
|-boost|p1a: Hawlucha|atk|2
|move|p2a: Mio Nanagohara|Tickle|p1a: Hawlucha
|-unboost|p1a: Hawlucha|atk|1
|-unboost|p1a: Hawlucha|def|1
|
|-damage|p1a: Hawlucha|82/100 brn|[from] brn
|upkeep
|turn|16
|
|t:|1781573384
|move|p1a: Hawlucha|Close Combat|p2a: Mio Nanagohara
|-damage|p2a: Mio Nanagohara|32/100
|-unboost|p1a: Hawlucha|def|1
|-unboost|p1a: Hawlucha|spd|1
|-damage|p1a: Hawlucha|66/100 brn|[from] item: Rocky Helmet|[of] p2a: Mio Nanagohara
|move|p2a: Mio Nanagohara|Flip Turn|p1a: Hawlucha
|-damage|p1a: Hawlucha|15/100 brn
|
|t:|1781573410
|switch|p2a: Sakamoto|Tornadus-Therian, M, tera:Dark|57/100|[from] Flip Turn
|-damage|p2a: Sakamoto|44/100|[from] Stealth Rock
|
|-damage|p1a: Hawlucha|9/100 brn|[from] brn
|upkeep
|turn|17
|
|t:|1781573414
|switch|p2a: Mio Nanagohara|Alomomola, F|65/100
|-damage|p2a: Mio Nanagohara|53/100|[from] Stealth Rock
|move|p1a: Hawlucha|Acrobatics|p2a: Mio Nanagohara
|-damage|p2a: Mio Nanagohara|5/100
|-damage|p1a: Hawlucha|0 fnt|[from] item: Rocky Helmet|[of] p2a: Mio Nanagohara
|faint|p1a: Hawlucha
|
|-fieldend|move: Psychic Terrain
|upkeep
|
|t:|1781573417
|switch|p1a: Indeedee|Indeedee, M|74/100
|-fieldstart|move: Psychic Terrain|[from] ability: Psychic Surge|[of] p1a: Indeedee
|turn|18
|
|t:|1781573423
|switch|p1a: Great Tusk|Great Tusk|78/100
|move|p2a: Mio Nanagohara|Protect||[still]
|-fail|p2a: Mio Nanagohara
|
|upkeep
|turn|19
|
|t:|1781573433
|move|p1a: Great Tusk|Earthquake|p2a: Mio Nanagohara
|-damage|p2a: Mio Nanagohara|0 fnt
|faint|p2a: Mio Nanagohara
|
|upkeep
|
|t:|1781573435
|switch|p2a: Sakamoto|Tornadus-Therian, M, tera:Dark|78/100
|-damage|p2a: Sakamoto|65/100|[from] Stealth Rock
|turn|20
|
|t:|1781573441
|-end|p1a: Great Tusk|Protosynthesis|[silent]
|switch|p1a: Primarina|Primarina, M|9/100
|move|p2a: Sakamoto|Air Slash|p1a: Primarina
|-damage|p1a: Primarina|0 fnt
|faint|p1a: Primarina
|
|upkeep
|
|t:|1781573444
|switch|p1a: Iron Valiant|Iron Valiant|100/100
|-enditem|p1a: Iron Valiant|Booster Energy
|-activate|p1a: Iron Valiant|ability: Quark Drive|[fromitem]
|-start|p1a: Iron Valiant|quarkdrivespe
|turn|21
|j| mak7xr
|
|t:|1781573452
|move|p1a: Iron Valiant|Moonblast|p2a: Sakamoto
|-supereffective|p2a: Sakamoto
|-damage|p2a: Sakamoto|5/100
|move|p2a: Sakamoto|Air Slash|p1a: Iron Valiant
|-supereffective|p1a: Iron Valiant
|-damage|p1a: Iron Valiant|0 fnt
|faint|p1a: Iron Valiant
|-end|p1a: Iron Valiant|Quark Drive|[silent]
|
|upkeep
|-message|mongwong forfeited.
|
|win|WeR#4Hay!
|raw|mongwong's rating: 1666 &rarr; <strong>1653</strong><br />(-13 for losing)
|raw|WeR#4Hay!'s rating: 1789 &rarr; <strong>1802</strong><br />(+13 for winning)
|l|☆mongwong
|player|p1|
|j| brayyanxz
|l| mak7xr
