|j|☆InfinityPokeRang3r
|j|☆lizholmes
|t:|1781036756
|gametype|singles
|player|p1|InfinityPokeRang3r|ingo|1559
|player|p2|lizholmes|baker|1570
|gen|9
|tier|[Gen 9] OU
|rated|
|rule|HP Percentage Mod: HP is shown in percentages
|rule|Endless Battle Clause: Forcing endless battles is banned
|rule|Species Clause: Limit one of each Pokémon
|rule|OHKO Clause: OHKO moves are banned
|rule|Evasion Items Clause: Evasion items are banned
|rule|Evasion Moves Clause: Evasion moves are banned
|rule|Evasion Abilities Clause: Evasion abilities are banned
|rule|Sleep Moves Clause: Sleep-inducing moves are banned
|clearpoke
|poke|p1|Diancie|
|poke|p1|Iron Crown|
|poke|p1|Araquanid, F|
|poke|p1|Sinistcha-Masterpiece|
|poke|p1|Great Tusk|
|poke|p1|Moltres|
|poke|p2|Kyurem|
|poke|p2|Corviknight, M|
|poke|p2|Ting-Lu|
|poke|p2|Dondozo, F|
|poke|p2|Slowking-Galar, F|
|poke|p2|Cinderace, M|
|teampreview
|
|t:|1781036771
|teamsize|p1|6
|teamsize|p2|6
|start
|switch|p1a: Araquanid|Araquanid, F|100/100
|switch|p2a: Corviknight|Corviknight, M|100/100
|-ability|p2a: Corviknight|Pressure
|turn|1
|
|t:|1781036774
|switch|p1a: Moltres|Moltres|100/100
|move|p2a: Corviknight|Brave Bird|p1a: Moltres
|-damage|p1a: Moltres|59/100
|-damage|p2a: Corviknight|89/100|[from] Recoil
|
|upkeep
|turn|2
|
|t:|1781036782
|switch|p2a: Dondozo|Dondozo, F|100/100
|move|p1a: Moltres|Roost|p1a: Moltres
|-heal|p1a: Moltres|100/100
|-singleturn|p1a: Moltres|move: Roost
|
|upkeep
|turn|3
|
|t:|1781036788
|move|p1a: Moltres|Hurricane|p2a: Dondozo
|-damage|p2a: Dondozo|40/100
|move|p2a: Dondozo|Waterfall|p1a: Moltres
|-supereffective|p1a: Moltres
|-damage|p1a: Moltres|43/100
|
|-heal|p2a: Dondozo|46/100|[from] item: Leftovers
|upkeep
|turn|4
|
|t:|1781036795
|switch|p2a: Ting-Lu|Ting-Lu|100/100
|-ability|p2a: Ting-Lu|Vessel of Ruin
|move|p1a: Moltres|Hurricane|p2a: Ting-Lu
|-damage|p2a: Ting-Lu|73/100
|
|-heal|p2a: Ting-Lu|79/100|[from] item: Leftovers
|upkeep
|turn|5
|
|t:|1781036800
|move|p1a: Moltres|Roost|p1a: Moltres
|-heal|p1a: Moltres|93/100
|-singleturn|p1a: Moltres|move: Roost
|move|p2a: Ting-Lu|Payback|p1a: Moltres
|-damage|p1a: Moltres|54/100
|-status|p2a: Ting-Lu|brn|[from] ability: Flame Body|[of] p1a: Moltres
|
|-heal|p2a: Ting-Lu|85/100 brn|[from] item: Leftovers
|-damage|p2a: Ting-Lu|79/100 brn|[from] brn
|upkeep
|turn|6
|
|t:|1781036805
|switch|p1a: Araquanid|Araquanid, F|100/100
|move|p2a: Ting-Lu|Earthquake|p1a: Araquanid
|-resisted|p1a: Araquanid
|-damage|p1a: Araquanid|91/100
|
|-heal|p2a: Ting-Lu|85/100 brn|[from] item: Leftovers
|-damage|p2a: Ting-Lu|79/100 brn|[from] brn
|upkeep
|turn|7
|
|t:|1781036812
|switch|p2a: Kyurem|Kyurem|100/100
|-ability|p2a: Kyurem|Pressure
|move|p1a: Araquanid|Liquidation|p2a: Kyurem
|-resisted|p2a: Kyurem
|-damage|p2a: Kyurem|69/100
|
|-heal|p2a: Kyurem|75/100|[from] item: Leftovers
|upkeep
|turn|8
|
|t:|1781036821
|move|p2a: Kyurem|Freeze-Dry|p1a: Araquanid
|-supereffective|p1a: Araquanid
|-damage|p1a: Araquanid|34/100
|move|p1a: Araquanid|Lunge|p2a: Kyurem
|-damage|p2a: Kyurem|47/100
|-unboost|p2a: Kyurem|atk|1
|
|-heal|p2a: Kyurem|53/100|[from] item: Leftovers
|upkeep
|turn|9
|
|t:|1781036832
|switch|p1a: Iron Crown|Iron Crown|100/100
|move|p2a: Kyurem|Substitute|p2a: Kyurem
|-start|p2a: Kyurem|Substitute
|-damage|p2a: Kyurem|28/100
|
|-heal|p2a: Kyurem|35/100|[from] item: Leftovers
|upkeep
|turn|10
|
|t:|1781036840
|switch|p2a: Ting-Lu|Ting-Lu|79/100 brn
|-ability|p2a: Ting-Lu|Vessel of Ruin
|move|p1a: Iron Crown|Tachyon Cutter|p2a: Ting-Lu
|-damage|p2a: Ting-Lu|63/100 brn
|-crit|p2a: Ting-Lu
|-damage|p2a: Ting-Lu|39/100 brn
|-hitcount|p2a: Ting-Lu|2
|
|-heal|p2a: Ting-Lu|45/100 brn|[from] item: Leftovers
|-damage|p2a: Ting-Lu|39/100 brn|[from] brn
|upkeep
|turn|11
|
|t:|1781036847
|move|p1a: Iron Crown|Tachyon Cutter|p2a: Ting-Lu
|-damage|p2a: Ting-Lu|24/100 brn
|-damage|p2a: Ting-Lu|8/100 brn
|-hitcount|p2a: Ting-Lu|2
|move|p2a: Ting-Lu|Rest|p2a: Ting-Lu
|-status|p2a: Ting-Lu|slp|[from] move: Rest
|-heal|p2a: Ting-Lu|100/100 slp|[silent]
|
|upkeep
|turn|12
|
|t:|1781036855
|-end|p1a: Iron Crown|Quark Drive|[silent]
|switch|p1a: Araquanid|Araquanid, F|34/100
|cant|p2a: Ting-Lu|slp
|move|p2a: Ting-Lu|Sleep Talk|p2a: Ting-Lu
|move|p2a: Ting-Lu|Payback|p1a: Araquanid|[from] move: Sleep Talk
|-crit|p1a: Araquanid
|-damage|p1a: Araquanid|1/100
|
|upkeep
|turn|13
|-activate|p1a: Araquanid|item: Quick Claw
|
|t:|1781036862
|move|p1a: Araquanid|Sticky Web|p2a: Ting-Lu
|-sidestart|p2: lizholmes|move: Sticky Web
|cant|p2a: Ting-Lu|slp
|move|p2a: Ting-Lu|Sleep Talk|p2a: Ting-Lu
|move|p2a: Ting-Lu|Payback|p1a: Araquanid|[from] move: Sleep Talk
|-damage|p1a: Araquanid|0 fnt
|faint|p1a: Araquanid
|
|upkeep
|
|t:|1781036871
|switch|p1a: Diancie|Diancie|100/100
|turn|14
|
|t:|1781036874
|-curestatus|p2a: Ting-Lu|slp|[msg]
|move|p2a: Ting-Lu|Earthquake|p1a: Diancie
|-supereffective|p1a: Diancie
|-damage|p1a: Diancie|43/100
|move|p1a: Diancie|Diamond Storm|p2a: Ting-Lu
|-resisted|p2a: Ting-Lu
|-damage|p2a: Ting-Lu|91/100
|
|-heal|p2a: Ting-Lu|97/100|[from] item: Leftovers
|-heal|p1a: Diancie|49/100|[from] item: Leftovers
|upkeep
|turn|15
|
|t:|1781036887
|switch|p1a: Great Tusk|Great Tusk|100/100
|move|p2a: Ting-Lu|Earthquake|p1a: Great Tusk
|-damage|p1a: Great Tusk|75/100
|
|-heal|p2a: Ting-Lu|100/100|[from] item: Leftovers
|upkeep
|turn|16
|
|t:|1781036896
|switch|p2a: Corviknight|Corviknight, M|89/100
|-ability|p2a: Corviknight|Pressure
|move|p1a: Great Tusk|Knock Off|p2a: Corviknight
|-damage|p2a: Corviknight|66/100
|-damage|p1a: Great Tusk|59/100|[from] item: Rocky Helmet|[of] p2a: Corviknight
|-enditem|p2a: Corviknight|Rocky Helmet|[from] move: Knock Off|[of] p1a: Great Tusk
|
|upkeep
|turn|17
|
|t:|1781036903
|-end|p1a: Great Tusk|Protosynthesis|[silent]
|switch|p1a: Moltres|Moltres|54/100
|move|p2a: Corviknight|Defog|p1a: Moltres
|-unboost|p1a: Moltres|evasion|1
|-sideend|p2: lizholmes|Sticky Web|[from] move: Defog|[of] p2a: Corviknight
|
|upkeep
|turn|18
|
|t:|1781036910
|switch|p2a: Ting-Lu|Ting-Lu|100/100
|-ability|p2a: Ting-Lu|Vessel of Ruin
|move|p1a: Moltres|Hurricane|p2a: Ting-Lu
|-damage|p2a: Ting-Lu|76/100
|-start|p2a: Ting-Lu|confusion
|
|-heal|p2a: Ting-Lu|82/100|[from] item: Leftovers
|upkeep
|turn|19
|
|t:|1781036921
|switch|p2a: Slowking|Slowking-Galar, F|100/100
|move|p1a: Moltres|Roost|p1a: Moltres
|-heal|p1a: Moltres|100/100
|-singleturn|p1a: Moltres|move: Roost
|
|upkeep
|turn|20
|
|t:|1781036928
|move|p1a: Moltres|Flamethrower|p2a: Slowking
|-damage|p2a: Slowking|71/100
|-status|p2a: Slowking|brn
|move|p2a: Slowking|Future Sight|p1a: Moltres
|-start|p2a: Slowking|move: Future Sight
|
|-damage|p2a: Slowking|64/100 brn|[from] brn
|upkeep
|turn|21
|
|t:|1781036940
|switch|p1a: Iron Crown|Iron Crown|100/100
|-prepare|p2a: Slowking|Chilly Reception|[premajor]
|move|p2a: Slowking|Chilly Reception|p2a: Slowking
|-weather|Snowscape
|
|t:|1781036953
|switch|p2a: Ting-Lu|Ting-Lu|82/100|[from] Chilly Reception
|-ability|p2a: Ting-Lu|Vessel of Ruin
|
|-weather|Snowscape|[upkeep]
|-heal|p2a: Ting-Lu|88/100|[from] item: Leftovers
|upkeep
|turn|22
|
|t:|1781036961
|move|p1a: Iron Crown|Focus Blast|p2a: Ting-Lu|[miss]
|-miss|p1a: Iron Crown|p2a: Ting-Lu
|move|p2a: Ting-Lu|Earthquake|p1a: Iron Crown
|-supereffective|p1a: Iron Crown
|-damage|p1a: Iron Crown|16/100
|
|-weather|Snowscape|[upkeep]
|-end|p1a: Iron Crown|move: Future Sight
|-resisted|p1a: Iron Crown
|-damage|p1a: Iron Crown|9/100
|-heal|p2a: Ting-Lu|95/100|[from] item: Leftovers
|upkeep
|turn|23
|-message|InfinityPokeRang3r forfeited.
|
|win|lizholmes
|raw|InfinityPokeRang3r's rating: 1559 &rarr; <strong>1540</strong><br />(-19 for losing)
|raw|lizholmes's rating: 1570 &rarr; <strong>1589</strong><br />(+19 for winning)
|l|☆InfinityPokeRang3r
|player|p1|
|l|☆lizholmes
|player|p2|
