|j|☆maxezzz
|j|☆kai cyan
|t:|1780891197
|gametype|singles
|player|p1|maxezzz|winona|1631
|player|p2|kai cyan|266|1615
|gen|9
|tier|[Gen 9] OU
|rated|
|rule|HP Percentage Mod: HP is shown in percentages
|rule|Endless Battle Clause: Forcing endless battles is banned
|rule|Species Clause: Limit one of each Pokémon
|rule|OHKO Clause: OHKO moves are banned
|rule|Evasion Items Clause: Evasion items are banned
|rule|Evasion Moves Clause: Evasion moves are banned
|rule|Evasion Abilities Clause: Evasion abilities are banned
|rule|Sleep Moves Clause: Sleep-inducing moves are banned
|clearpoke
|poke|p1|Gholdengo|
|poke|p1|Great Tusk|
|poke|p1|Samurott-Hisui, F|
|poke|p1|Slowking-Galar, F|
|poke|p1|Rillaboom, F|
|poke|p1|Ogerpon-Wellspring, F|
|poke|p2|Darkrai|
|poke|p2|Landorus-Therian, M|
|poke|p2|Raging Bolt|
|poke|p2|Tyranitar, M|
|poke|p2|Ogerpon, F|
|poke|p2|Corviknight, F|
|teampreview
|inactive|Battle timer is ON: inactive players will automatically lose when time's up. (requested by kai cyan)
|
|t:|1780891209
|teamsize|p1|6
|teamsize|p2|6
|start
|switch|p1a: Samurott|Samurott-Hisui, F|100/100
|switch|p2a: Landorus|Landorus-Therian, M|100/100
|-ability|p2a: Landorus|Intimidate|boost
|-unboost|p1a: Samurott|atk|1
|turn|1
|
|t:|1780891237
|switch|p1a: Great Tusk|Great Tusk|100/100
|move|p2a: Landorus|U-turn|p1a: Great Tusk
|-resisted|p1a: Great Tusk
|-damage|p1a: Great Tusk|92/100
|-damage|p2a: Landorus|84/100|[from] item: Rocky Helmet|[of] p1a: Great Tusk
|
|t:|1780891266
|switch|p2a: Darkrai|Darkrai|100/100|[from] U-turn
|
|upkeep
|turn|2
|inactive|maxezzz has 120 seconds left.
|
|t:|1780891286
|-end|p1a: Great Tusk|Protosynthesis|[silent]
|switch|p1a: Samurott|Samurott-Hisui, F|100/100
|move|p2a: Darkrai|Ice Beam|p1a: Samurott
|-resisted|p1a: Samurott
|-damage|p1a: Samurott|64/100
|
|upkeep
|turn|3
|
|t:|1780891291
|switch|p2a: Corviknight|Corviknight, F|100/100
|move|p1a: Samurott|Ceaseless Edge|p2a: Corviknight
|-damage|p2a: Corviknight|73/100
|-damage|p1a: Samurott|47/100|[from] item: Rocky Helmet|[of] p2a: Corviknight
|-sidestart|p2: kai cyan|Spikes
|
|upkeep
|turn|4
|
|t:|1780891304
|move|p1a: Samurott|Ceaseless Edge|p2a: Corviknight
|-damage|p2a: Corviknight|45/100
|-damage|p1a: Samurott|31/100|[from] item: Rocky Helmet|[of] p2a: Corviknight
|-sidestart|p2: kai cyan|Spikes
|move|p2a: Corviknight|U-turn|p1a: Samurott
|-supereffective|p1a: Samurott
|-damage|p1a: Samurott|0 fnt
|faint|p1a: Samurott
|
|t:|1780891313
|switch|p2a: Landorus|Landorus-Therian, M|84/100|[from] U-turn
|
|upkeep
|
|t:|1780891323
|switch|p1a: Rillaboom|Rillaboom, F|100/100
|-fieldstart|move: Grassy Terrain|[from] ability: Grassy Surge|[of] p1a: Rillaboom
|turn|5
|
|t:|1780891326
|move|p2a: Landorus|U-turn|p1a: Rillaboom
|-supereffective|p1a: Rillaboom
|-damage|p1a: Rillaboom|48/100
|
|t:|1780891328
|switch|p2a: Corviknight|Corviknight, F|45/100|[from] U-turn
|move|p1a: Rillaboom|Knock Off|p2a: Corviknight
|-damage|p2a: Corviknight|18/100
|-damage|p1a: Rillaboom|31/100|[from] item: Rocky Helmet|[of] p2a: Corviknight
|-enditem|p2a: Corviknight|Rocky Helmet|[from] move: Knock Off|[of] p1a: Rillaboom
|
|-heal|p1a: Rillaboom|37/100|[from] Grassy Terrain
|upkeep
|turn|6
|
|t:|1780891339
|switch|p1a: Gholdengo|Gholdengo|100/100
|-item|p1a: Gholdengo|Air Balloon
|move|p2a: Corviknight|Roost|p2a: Corviknight
|-heal|p2a: Corviknight|68/100
|-singleturn|p2a: Corviknight|move: Roost
|
|-heal|p2a: Corviknight|74/100|[from] Grassy Terrain
|upkeep
|turn|7
|
|t:|1780891344
|move|p1a: Gholdengo|Thunder Wave|p2a: Corviknight
|-status|p2a: Corviknight|par
|move|p2a: Corviknight|U-turn|p1a: Gholdengo
|-resisted|p1a: Gholdengo
|-damage|p1a: Gholdengo|97/100
|-enditem|p1a: Gholdengo|Air Balloon
|
|t:|1780891349
|switch|p2a: Landorus|Landorus-Therian, M|84/100|[from] U-turn
|-ability|p2a: Landorus|Intimidate|boost
|-unboost|p1a: Gholdengo|atk|1
|
|-heal|p1a: Gholdengo|100/100|[from] Grassy Terrain
|upkeep
|turn|8
|
|t:|1780891359
|switch|p1a: Great Tusk|Great Tusk|92/100
|move|p2a: Landorus|U-turn|p1a: Great Tusk
|-resisted|p1a: Great Tusk
|-damage|p1a: Great Tusk|84/100
|-damage|p2a: Landorus|67/100|[from] item: Rocky Helmet|[of] p1a: Great Tusk
|
|t:|1780891362
|switch|p2a: Ogerpon|Ogerpon, F|100/100|[from] U-turn
|-damage|p2a: Ogerpon|84/100|[from] Spikes
|
|-heal|p2a: Ogerpon|90/100|[from] Grassy Terrain
|-heal|p1a: Great Tusk|90/100|[from] Grassy Terrain
|upkeep
|turn|9
|
|t:|1780891374
|-end|p1a: Great Tusk|Protosynthesis|[silent]
|switch|p1a: Slowking|Slowking-Galar, F|100/100
|move|p2a: Ogerpon|Swords Dance|p2a: Ogerpon
|-boost|p2a: Ogerpon|atk|2
|
|-heal|p2a: Ogerpon|96/100|[from] Grassy Terrain
|-fieldend|move: Grassy Terrain
|upkeep
|turn|10
|
|t:|1780891397
|move|p2a: Ogerpon|Knock Off|p1a: Slowking
|-supereffective|p1a: Slowking
|-damage|p1a: Slowking|0 fnt
|-enditem|p1a: Slowking|Heavy-Duty Boots|[from] move: Knock Off|[of] p2a: Ogerpon
|faint|p1a: Slowking
|
|upkeep
|inactive|maxezzz has 120 seconds left.
|
|t:|1780891419
|switch|p1a: Gholdengo|Gholdengo|100/100
|turn|11
|
|t:|1780891422
|move|p2a: Ogerpon|Knock Off|p1a: Gholdengo
|-supereffective|p1a: Gholdengo
|-damage|p1a: Gholdengo|24/100
|move|p1a: Gholdengo|Thunder Wave|p2a: Ogerpon
|-status|p2a: Ogerpon|par
|
|upkeep
|turn|12
|
|t:|1780891437
|switch|p1a: Rillaboom|Rillaboom, F|37/100
|-fieldstart|move: Grassy Terrain|[from] ability: Grassy Surge|[of] p1a: Rillaboom
|cant|p2a: Ogerpon|par
|
|-heal|p1a: Rillaboom|43/100|[from] Grassy Terrain
|-heal|p2a: Ogerpon|100/100 par|[from] Grassy Terrain
|upkeep
|turn|13
|
|t:|1780891442
|move|p1a: Rillaboom|U-turn|p2a: Ogerpon
|-supereffective|p2a: Ogerpon
|-damage|p2a: Ogerpon|6/100 par
|
|t:|1780891451
|switch|p1a: Great Tusk|Great Tusk|90/100|[from] U-turn
|move|p2a: Ogerpon|Knock Off|p1a: Great Tusk
|-resisted|p1a: Great Tusk
|-damage|p1a: Great Tusk|72/100
|-damage|p2a: Ogerpon|0 fnt|[from] item: Rocky Helmet|[of] p1a: Great Tusk
|faint|p2a: Ogerpon
|
|-heal|p1a: Great Tusk|78/100|[from] Grassy Terrain
|upkeep
|
|t:|1780891461
|switch|p2a: Darkrai|Darkrai|100/100
|-damage|p2a: Darkrai|84/100|[from] Spikes
|turn|14
|
|t:|1780891480
|move|p2a: Darkrai|Ice Beam|p1a: Great Tusk
|-supereffective|p1a: Great Tusk
|-crit|p1a: Great Tusk
|-damage|p1a: Great Tusk|0 fnt
|faint|p1a: Great Tusk
|-end|p1a: Great Tusk|Protosynthesis|[silent]
|
|-heal|p2a: Darkrai|90/100|[from] Grassy Terrain
|upkeep
|
|t:|1780891483
|switch|p1a: Ogerpon|Ogerpon-Wellspring, F|100/100
|turn|15
|
|t:|1780891489
|switch|p2a: Landorus|Landorus-Therian, M|67/100
|-ability|p2a: Landorus|Intimidate|boost
|-unboost|p1a: Ogerpon|atk|1
|-terastallize|p1a: Ogerpon|Water
|detailschange|p1a: Ogerpon|Ogerpon-Wellspring-Tera, F, tera:Water
|-ability|p1a: Ogerpon|Embody Aspect (Wellspring)|boost
|-boost|p1a: Ogerpon|spd|1
|move|p1a: Ogerpon|Swords Dance|p1a: Ogerpon
|-boost|p1a: Ogerpon|atk|2
|
|upkeep
|turn|16
|inactive|maxezzz has 120 seconds left.
|
|t:|1780891530
|move|p2a: Landorus|U-turn|p1a: Ogerpon
|-damage|p1a: Ogerpon|65/100
|
|t:|1780891533
|switch|p2a: Corviknight|Corviknight, F|74/100 par|[from] U-turn
|move|p1a: Ogerpon|Horn Leech|p2a: Corviknight
|-resisted|p2a: Corviknight
|-damage|p2a: Corviknight|61/100 par
|-heal|p1a: Ogerpon|74/100|[from] drain|[of] p2a: Corviknight
|
|-heal|p1a: Ogerpon|80/100|[from] Grassy Terrain
|-fieldend|move: Grassy Terrain
|upkeep
|turn|17
|inactive|maxezzz has 120 seconds left.
|
|t:|1780891548
|move|p1a: Ogerpon|Ivy Cudgel|p2a: Corviknight|[anim] Ivy Cudgel Water
|-damage|p2a: Corviknight|0 fnt
|faint|p2a: Corviknight
|
|upkeep
|
|t:|1780891563
|switch|p2a: Raging Bolt|Raging Bolt|100/100
|-damage|p2a: Raging Bolt|84/100|[from] Spikes
|turn|18
|inactive|maxezzz has 120 seconds left.
|
|t:|1780891589
|switch|p1a: Rillaboom|Rillaboom, F|43/100
|-fieldstart|move: Grassy Terrain|[from] ability: Grassy Surge|[of] p1a: Rillaboom
|move|p2a: Raging Bolt|Thunderbolt|p1a: Rillaboom
|-resisted|p1a: Rillaboom
|-damage|p1a: Rillaboom|10/100
|
|-heal|p1a: Rillaboom|16/100|[from] Grassy Terrain
|-heal|p2a: Raging Bolt|90/100|[from] Grassy Terrain
|-heal|p2a: Raging Bolt|96/100|[from] item: Leftovers
|upkeep
|turn|19
|
|t:|1780891597
|-end|p2a: Raging Bolt|Protosynthesis|[silent]
|switch|p2a: Landorus|Landorus-Therian, M|67/100
|-ability|p2a: Landorus|Intimidate|boost
|-unboost|p1a: Rillaboom|atk|1
|move|p1a: Rillaboom|Wood Hammer|p2a: Landorus
|-damage|p2a: Landorus|0 fnt
|faint|p2a: Landorus
|-damage|p1a: Rillaboom|0 fnt|[from] Recoil
|faint|p1a: Rillaboom
|
|upkeep
|
|t:|1780891609
|switch|p2a: Darkrai|Darkrai|90/100
|switch|p1a: Ogerpon|Ogerpon-Wellspring-Tera, F, tera:Water|80/100
|-damage|p2a: Darkrai|73/100|[from] Spikes
|-ability|p1a: Ogerpon|Embody Aspect (Wellspring)|boost
|-boost|p1a: Ogerpon|spd|1
|turn|20
|
|t:|1780891618
|move|p2a: Darkrai|Dark Pulse|p1a: Ogerpon
|-damage|p1a: Ogerpon|28/100
|cant|p1a: Ogerpon|flinch
|
|-heal|p2a: Darkrai|79/100|[from] Grassy Terrain
|-heal|p1a: Ogerpon|34/100|[from] Grassy Terrain
|upkeep
|turn|21
|
|t:|1780891623
|move|p1a: Ogerpon|Grassy Glide|p2a: Darkrai
|-damage|p2a: Darkrai|20/100
|move|p2a: Darkrai|Dark Pulse|p1a: Ogerpon
|-damage|p1a: Ogerpon|0 fnt
|faint|p1a: Ogerpon
|detailschange|p1: Ogerpon|Ogerpon-Wellspring, F|[silent]
|
|-heal|p2a: Darkrai|26/100|[from] Grassy Terrain
|upkeep
|-message|maxezzz forfeited.
|
|win|kai cyan
|raw|maxezzz's rating: 1631 &rarr; <strong>1610</strong><br />(-21 for losing)
|raw|kai cyan's rating: 1615 &rarr; <strong>1636</strong><br />(+21 for winning)
|l|☆maxezzz
|player|p1|
|l|☆kai cyan
|player|p2|
