|j|☆KurisuChestnutOU
|j|☆waterser
|t:|1781123913
|gametype|singles
|player|p1|KurisuChestnutOU|may-contest|1554
|player|p2|waterser|lucas-gen4pt|1527
|gen|9
|tier|[Gen 9] OU
|rated|
|rule|HP Percentage Mod: HP is shown in percentages
|rule|Endless Battle Clause: Forcing endless battles is banned
|rule|Species Clause: Limit one of each Pokémon
|rule|OHKO Clause: OHKO moves are banned
|rule|Evasion Items Clause: Evasion items are banned
|rule|Evasion Moves Clause: Evasion moves are banned
|rule|Evasion Abilities Clause: Evasion abilities are banned
|rule|Sleep Moves Clause: Sleep-inducing moves are banned
|clearpoke
|poke|p1|Gliscor, M|
|poke|p1|Dondozo, F|
|poke|p1|Slowking-Galar, F|
|poke|p1|Gholdengo|
|poke|p1|Great Tusk|
|poke|p1|Kingambit, F|
|poke|p2|Dragonite, M|
|poke|p2|Great Tusk|
|poke|p2|Deoxys-Speed|
|poke|p2|Gholdengo|
|poke|p2|Zamazenta-*|
|poke|p2|Iron Valiant|
|teampreview
|inactive|Battle timer is ON: inactive players will automatically lose when time's up. (requested by waterser)
|
|t:|1781123918
|teamsize|p1|6
|teamsize|p2|6
|start
|switch|p1a: Slowking|Slowking-Galar, F|100/100
|switch|p2a: Deoxys|Deoxys-Speed|100/100
|-ability|p2a: Deoxys|Pressure
|turn|1
|inactive|KurisuChestnutOU also wants the timer to be on.
|
|t:|1781123929
|move|p2a: Deoxys|Stealth Rock|p1a: Slowking
|-sidestart|p1: KurisuChestnutOU|move: Stealth Rock
|move|p1a: Slowking|Sludge Bomb|p2a: Deoxys
|-damage|p2a: Deoxys|60/100
|
|upkeep
|turn|2
|
|t:|1781123938
|move|p2a: Deoxys|Spikes|p1a: Slowking
|-sidestart|p1: KurisuChestnutOU|Spikes
|move|p1a: Slowking|Future Sight|p2a: Deoxys
|-start|p1a: Slowking|move: Future Sight
|
|upkeep
|turn|3
|
|t:|1781123943
|move|p2a: Deoxys|Skill Swap|p1a: Slowking
|-activate|p2a: Deoxys|Skill Swap|Regenerator|Pressure|[of] p1a: Slowking
|-ability|p1a: Slowking|Pressure
|move|p1a: Slowking|Sludge Bomb|p2a: Deoxys
|-damage|p2a: Deoxys|18/100
|
|upkeep
|turn|4
|
|t:|1781123954
|switch|p2a: Gholdengo|Gholdengo|100/100
|switch|p1a: Great Tusk|Great Tusk|100/100
|
|-end|p2a: Gholdengo|move: Future Sight
|-resisted|p2a: Gholdengo
|-damage|p2a: Gholdengo|78/100
|upkeep
|turn|5
|j| qklingying
|
|t:|1781123962
|-end|p1a: Great Tusk|Protosynthesis|[silent]
|switch|p1a: Slowking|Slowking-Galar, F|100/100
|-damage|p1a: Slowking|88/100|[from] Stealth Rock
|-damage|p1a: Slowking|76/100|[from] Spikes
|move|p2a: Gholdengo|Make It Rain|p1a: Slowking
|-damage|p1a: Slowking|51/100
|-unboost|p2a: Gholdengo|spa|1
|
|upkeep
|turn|6
|
|t:|1781123967
|move|p2a: Gholdengo|Nasty Plot|p2a: Gholdengo
|-boost|p2a: Gholdengo|spa|2
|move|p1a: Slowking|Flamethrower|p2a: Gholdengo
|-supereffective|p2a: Gholdengo
|-damage|p2a: Gholdengo|36/100
|
|upkeep
|turn|7
|
|t:|1781123973
|move|p2a: Gholdengo|Recover|p2a: Gholdengo
|-heal|p2a: Gholdengo|86/100
|move|p1a: Slowking|Flamethrower|p2a: Gholdengo
|-supereffective|p2a: Gholdengo
|-damage|p2a: Gholdengo|38/100
|
|upkeep
|turn|8
|
|t:|1781123982
|switch|p1a: Great Tusk|Great Tusk|100/100
|move|p2a: Gholdengo|Shadow Ball|p1a: Great Tusk
|-damage|p1a: Great Tusk|2/100
|
|upkeep
|turn|9
|
|t:|1781123988
|move|p1a: Great Tusk|Headlong Rush|p2a: Gholdengo
|-supereffective|p2a: Gholdengo
|-damage|p2a: Gholdengo|0 fnt
|-unboost|p1a: Great Tusk|def|1
|-unboost|p1a: Great Tusk|spd|1
|faint|p2a: Gholdengo
|
|upkeep
|
|t:|1781123997
|switch|p2a: Zamazenta|Zamazenta|100/100
|-ability|p2a: Zamazenta|Dauntless Shield|boost
|-boost|p2a: Zamazenta|def|1
|turn|10
|
|t:|1781124005
|-end|p1a: Great Tusk|Protosynthesis|[silent]
|switch|p1a: Gliscor|Gliscor, M|100/100
|-damage|p1a: Gliscor|88/100|[from] Stealth Rock
|move|p2a: Zamazenta|Crunch|p1a: Gliscor
|-damage|p1a: Gliscor|67/100
|-unboost|p1a: Gliscor|def|1
|-damage|p2a: Zamazenta|91/100|[from] item: Life Orb
|
|-status|p1a: Gliscor|tox|[from] item: Toxic Orb
|upkeep
|turn|11
|
|t:|1781124012
|move|p2a: Zamazenta|Ice Fang|p1a: Gliscor
|-supereffective|p1a: Gliscor
|-damage|p1a: Gliscor|0 fnt
|faint|p1a: Gliscor
|-damage|p2a: Zamazenta|81/100|[from] item: Life Orb
|
|upkeep
|
|t:|1781124016
|switch|p1a: Dondozo|Dondozo, F|100/100
|-damage|p1a: Dondozo|88/100|[from] Stealth Rock
|-damage|p1a: Dondozo|75/100|[from] Spikes
|turn|12
|
|t:|1781124022
|move|p2a: Zamazenta|Close Combat|p1a: Dondozo
|-damage|p1a: Dondozo|41/100
|-unboost|p2a: Zamazenta|def|1
|-unboost|p2a: Zamazenta|spd|1
|-damage|p2a: Zamazenta|71/100|[from] item: Life Orb
|move|p1a: Dondozo|Wave Crash|p2a: Zamazenta
|-damage|p2a: Zamazenta|34/100
|-damage|p1a: Dondozo|33/100|[from] Recoil
|
|-heal|p1a: Dondozo|39/100|[from] item: Leftovers
|upkeep
|turn|13
|
|t:|1781124032
|move|p2a: Zamazenta|Close Combat|p1a: Dondozo
|-damage|p1a: Dondozo|4/100
|-unboost|p2a: Zamazenta|def|1
|-unboost|p2a: Zamazenta|spd|1
|-damage|p2a: Zamazenta|24/100|[from] item: Life Orb
|move|p1a: Dondozo|Rest|p1a: Dondozo
|-status|p1a: Dondozo|slp|[from] move: Rest
|-heal|p1a: Dondozo|100/100 slp|[silent]
|
|upkeep
|turn|14
|
|t:|1781124037
|move|p2a: Zamazenta|Crunch|p1a: Dondozo
|-damage|p1a: Dondozo|84/100 slp
|-damage|p2a: Zamazenta|14/100|[from] item: Life Orb
|cant|p1a: Dondozo|slp
|move|p1a: Dondozo|Sleep Talk|p1a: Dondozo
|move|p1a: Dondozo|Rest||[from] move: Sleep Talk|[still]
|-fail|p1a: Dondozo
|
|-heal|p1a: Dondozo|90/100 slp|[from] item: Leftovers
|upkeep
|turn|15
|
|t:|1781124042
|move|p2a: Zamazenta|Crunch|p1a: Dondozo
|-damage|p1a: Dondozo|74/100 slp
|-damage|p2a: Zamazenta|4/100|[from] item: Life Orb
|cant|p1a: Dondozo|slp
|move|p1a: Dondozo|Sleep Talk|p1a: Dondozo
|move|p1a: Dondozo|Wave Crash|p2a: Zamazenta|[from] move: Sleep Talk
|-damage|p2a: Zamazenta|0 fnt
|faint|p2a: Zamazenta
|-damage|p1a: Dondozo|73/100 slp|[from] Recoil
|
|-heal|p1a: Dondozo|79/100 slp|[from] item: Leftovers
|upkeep
|
|t:|1781124052
|switch|p2a: Deoxys|Deoxys-Speed|51/100
|-ability|p2a: Deoxys|Pressure
|turn|16
|
|t:|1781124055
|move|p2a: Deoxys|Taunt|p1a: Dondozo
|-start|p1a: Dondozo|move: Taunt
|-curestatus|p1a: Dondozo|slp|[msg]
|move|p1a: Dondozo|Wave Crash|p2a: Deoxys
|-damage|p2a: Deoxys|0 fnt
|faint|p2a: Deoxys
|-damage|p1a: Dondozo|69/100|[from] Recoil
|
|-heal|p1a: Dondozo|75/100|[from] item: Leftovers
|upkeep
|
|t:|1781124066
|switch|p2a: Iron Valiant|Iron Valiant|100/100
|-enditem|p2a: Iron Valiant|Booster Energy
|-activate|p2a: Iron Valiant|ability: Quark Drive|[fromitem]
|-start|p2a: Iron Valiant|quarkdrivespe
|turn|17
|
|t:|1781124074
|move|p2a: Iron Valiant|Moonblast|p1a: Dondozo
|-damage|p1a: Dondozo|29/100
|move|p1a: Dondozo|Wave Crash|p2a: Iron Valiant
|-damage|p2a: Iron Valiant|51/100
|-damage|p1a: Dondozo|20/100|[from] Recoil
|
|-heal|p1a: Dondozo|26/100|[from] item: Leftovers
|upkeep
|turn|18
|
|t:|1781124081
|switch|p1a: Slowking|Slowking-Galar, F|84/100
|-damage|p1a: Slowking|72/100|[from] Stealth Rock
|-damage|p1a: Slowking|59/100|[from] Spikes
|move|p2a: Iron Valiant|Moonblast|p1a: Slowking
|-resisted|p1a: Slowking
|-damage|p1a: Slowking|50/100
|
|upkeep
|turn|19
|
|t:|1781124092
|move|p2a: Iron Valiant|Knock Off|p1a: Slowking
|-supereffective|p1a: Slowking
|-damage|p1a: Slowking|0 fnt
|-enditem|p1a: Slowking|Assault Vest|[from] move: Knock Off|[of] p2a: Iron Valiant
|faint|p1a: Slowking
|
|upkeep
|
|t:|1781124096
|switch|p1a: Gholdengo|Gholdengo|100/100
|-damage|p1a: Gholdengo|94/100|[from] Stealth Rock
|-item|p1a: Gholdengo|Air Balloon
|turn|20
|
|t:|1781124109
|move|p2a: Iron Valiant|Destiny Bond|p2a: Iron Valiant
|-singlemove|p2a: Iron Valiant|Destiny Bond
|move|p1a: Gholdengo|Recover|p1a: Gholdengo
|-heal|p1a: Gholdengo|100/100
|
|upkeep
|turn|21
|
|t:|1781124113
|move|p2a: Iron Valiant|Knock Off|p1a: Gholdengo
|-supereffective|p1a: Gholdengo
|-damage|p1a: Gholdengo|34/100
|-enditem|p1a: Gholdengo|Air Balloon
|move|p1a: Gholdengo|Recover|p1a: Gholdengo
|-heal|p1a: Gholdengo|84/100
|
|upkeep
|turn|22
|
|t:|1781124120
|move|p2a: Iron Valiant|Destiny Bond|p2a: Iron Valiant
|-singlemove|p2a: Iron Valiant|Destiny Bond
|move|p1a: Gholdengo|Recover|p1a: Gholdengo
|-heal|p1a: Gholdengo|100/100
|
|upkeep
|turn|23
|
|t:|1781124129
|move|p2a: Iron Valiant|Moonblast|p1a: Gholdengo
|-resisted|p1a: Gholdengo
|-crit|p1a: Gholdengo
|-damage|p1a: Gholdengo|62/100
|move|p1a: Gholdengo|Nasty Plot|p1a: Gholdengo
|-boost|p1a: Gholdengo|spa|2
|
|upkeep
|turn|24
|
|t:|1781124135
|-end|p2a: Iron Valiant|Quark Drive|[silent]
|switch|p2a: Great Tusk|Great Tusk|100/100
|-enditem|p2a: Great Tusk|Booster Energy
|-activate|p2a: Great Tusk|ability: Protosynthesis|[fromitem]
|-start|p2a: Great Tusk|protosynthesisspe
|move|p1a: Gholdengo|Recover|p1a: Gholdengo
|-heal|p1a: Gholdengo|100/100
|
|upkeep
|turn|25
|
|t:|1781124142
|-terastallize|p1a: Gholdengo|Flying
|move|p2a: Great Tusk|Headlong Rush|p1a: Gholdengo
|-immune|p1a: Gholdengo
|move|p1a: Gholdengo|Shadow Ball|p2a: Great Tusk
|-damage|p2a: Great Tusk|0 fnt
|faint|p2a: Great Tusk
|-end|p2a: Great Tusk|Protosynthesis|[silent]
|
|upkeep
|
|t:|1781124148
|switch|p2a: Iron Valiant|Iron Valiant|51/100
|turn|26
|
|t:|1781124155
|move|p2a: Iron Valiant|Destiny Bond|p2a: Iron Valiant
|-singlemove|p2a: Iron Valiant|Destiny Bond
|move|p1a: Gholdengo|Recover||[still]
|-fail|p1a: Gholdengo|heal
|
|upkeep
|turn|27
|
|t:|1781124161
|move|p2a: Iron Valiant|Moonblast|p1a: Gholdengo
|-crit|p1a: Gholdengo
|-damage|p1a: Gholdengo|16/100
|move|p1a: Gholdengo|Shadow Ball|p2a: Iron Valiant
|-damage|p2a: Iron Valiant|0 fnt
|faint|p2a: Iron Valiant
|-end|p2a: Iron Valiant|Quark Drive|[silent]
|
|upkeep
|
|t:|1781124167
|switch|p2a: Dragonite|Dragonite, M|100/100
|turn|28
|
|t:|1781124173
|move|p2a: Dragonite|Extreme Speed|p1a: Gholdengo
|-damage|p1a: Gholdengo|0 fnt
|faint|p1a: Gholdengo
|
|upkeep
|
|t:|1781124178
|switch|p1a: Kingambit|Kingambit, F|100/100
|-damage|p1a: Kingambit|94/100|[from] Stealth Rock
|-damage|p1a: Kingambit|82/100|[from] Spikes
|-activate|p1a: Kingambit|ability: Supreme Overlord
|-start|p1a: Kingambit|fallen3|[silent]
|turn|29
|
|t:|1781124186
|-terastallize|p2a: Dragonite|Fire
|move|p2a: Dragonite|Fire Punch|p1a: Kingambit
|-supereffective|p1a: Kingambit
|-damage|p1a: Kingambit|1/100
|move|p1a: Kingambit|Iron Head|p2a: Dragonite
|-resisted|p2a: Dragonite
|-damage|p2a: Dragonite|83/100
|
|-heal|p1a: Kingambit|8/100|[from] item: Leftovers
|upkeep
|turn|30
|
|t:|1781124193
|move|p2a: Dragonite|Extreme Speed|p1a: Kingambit
|-resisted|p1a: Kingambit
|-damage|p1a: Kingambit|0 fnt
|faint|p1a: Kingambit
|-end|p1a: Kingambit|fallen3|[silent]
|
|upkeep
|inactive|KurisuChestnutOU has 120 seconds left.
|inactive|KurisuChestnutOU has 90 seconds left.
|inactive|KurisuChestnutOU has 60 seconds left.
|c|☆waterser|are you just gonna stall the timer?
|inactive|KurisuChestnutOU has 30 seconds left.
|inactive|KurisuChestnutOU has 20 seconds left.
|inactive|KurisuChestnutOU has 15 seconds left.
|inactive|KurisuChestnutOU has 10 seconds left.
|inactive|KurisuChestnutOU has 5 seconds left.
|-message|KurisuChestnutOU lost due to inactivity.
|
|win|waterser
|raw|KurisuChestnutOU's rating: 1552 &rarr; <strong>1531</strong><br />(-21 for losing)
|raw|waterser's rating: 1527 &rarr; <strong>1548</strong><br />(+21 for winning)
|l|☆KurisuChestnutOU
|player|p1|
