|badge|p1|bronze|gen9ou|100-9
|uhtml|medal-msg|<div class="broadcast-blue">Curious what those medals under the avatar are? PS now has Ladder Seasons! For more information, check out the <a href="https://www.smogon.com/forums/threads/3740067/">thread on Smogon.</a></div>
|j|☆hawkins0
|j|☆Rj yoip
|t:|1781496487
|gametype|singles
|player|p1|hawkins0|2|1820
|player|p2|Rj yoip|caitlin-masters|1702
|gen|9
|tier|[Gen 9] OU
|rated|
|rule|HP Percentage Mod: HP is shown in percentages
|rule|Endless Battle Clause: Forcing endless battles is banned
|rule|Species Clause: Limit one of each Pokémon
|rule|OHKO Clause: OHKO moves are banned
|rule|Evasion Items Clause: Evasion items are banned
|rule|Evasion Moves Clause: Evasion moves are banned
|rule|Evasion Abilities Clause: Evasion abilities are banned
|rule|Sleep Moves Clause: Sleep-inducing moves are banned
|clearpoke
|poke|p1|Hoopa-Unbound|
|poke|p1|Pecharunt|
|poke|p1|Landorus-Therian, M|
|poke|p1|Cinderace, M|
|poke|p1|Alomomola, M|
|poke|p1|Iron Valiant|
|poke|p2|Iron Treads|
|poke|p2|Landorus-Therian, M|
|poke|p2|Iron Valiant|
|poke|p2|Kingambit, F|
|poke|p2|Zamazenta-*|
|poke|p2|Primarina, F|
|teampreview
|j| TheSacredJackal⨕
|inactive|Battle timer is ON: inactive players will automatically lose when time's up. (requested by Rj yoip)
|
|t:|1781496502
|teamsize|p1|6
|teamsize|p2|6
|start
|switch|p1a: Pisces|Alomomola, M, shiny|100/100
|switch|p2a: Landorus|Landorus-Therian, M|100/100
|-ability|p2a: Landorus|Intimidate|boost
|-unboost|p1a: Pisces|atk|1
|turn|1
|j| whimsicotthunter
|j| Shucklepilled
|
|t:|1781496512
|move|p2a: Landorus|Stealth Rock|p1a: Pisces
|-sidestart|p1: hawkins0|move: Stealth Rock
|move|p1a: Pisces|Flip Turn|p2a: Landorus
|-supereffective|p2a: Landorus
|-damage|p2a: Landorus|83/100
|-damage|p1a: Pisces|84/100|[from] item: Rocky Helmet|[of] p2a: Landorus
|
|t:|1781496520
|switch|p1a: Calamity|Iron Valiant, shiny|100/100|[from] Flip Turn
|-damage|p1a: Calamity|94/100|[from] Stealth Rock
|
|upkeep
|turn|2
|
|t:|1781496526
|switch|p2a: Primarina|Primarina, F|100/100
|-terastallize|p1a: Calamity|Fairy
|move|p1a: Calamity|Moonblast|p2a: Primarina
|-damage|p2a: Primarina|39/100
|
|upkeep
|turn|3
|
|t:|1781496530
|switch|p2a: Iron Treads|Iron Treads|100/100
|-enditem|p2a: Iron Treads|Booster Energy
|-activate|p2a: Iron Treads|ability: Quark Drive|[fromitem]
|-start|p2a: Iron Treads|quarkdrivespe
|move|p1a: Calamity|Moonblast|p2a: Iron Treads
|-resisted|p2a: Iron Treads
|-damage|p2a: Iron Treads|29/100
|-unboost|p2a: Iron Treads|spa|1
|
|upkeep
|turn|4
|
|t:|1781496542
|-end|p1a: Calamity|Quark Drive|[silent]
|switch|p1a: Pisces|Alomomola, M, shiny|100/100
|-damage|p1a: Pisces|88/100|[from] Stealth Rock
|move|p2a: Iron Treads|Ice Spinner|p1a: Pisces
|-resisted|p1a: Pisces
|-damage|p1a: Pisces|80/100
|
|upkeep
|turn|5
|
|t:|1781496544
|move|p2a: Iron Treads|Earthquake|p1a: Pisces
|-damage|p1a: Pisces|50/100
|move|p1a: Pisces|Flip Turn|p2a: Iron Treads
|-supereffective|p2a: Iron Treads
|-damage|p2a: Iron Treads|0 fnt
|faint|p2a: Iron Treads
|-end|p2a: Iron Treads|Quark Drive|[silent]
|
|t:|1781496549
|switch|p1a: Liberacy|Cinderace, M, shiny|100/100|[from] Flip Turn
|
|upkeep
|
|t:|1781496552
|switch|p2a: Landorus|Landorus-Therian, M|83/100
|-ability|p2a: Landorus|Intimidate|boost
|-unboost|p1a: Liberacy|atk|1
|turn|6
|
|t:|1781496556
|move|p1a: Liberacy|Court Change|p1a: Liberacy
|-start|p1a: Liberacy|typechange|Normal|[from] ability: Libero
|-swapsideconditions
|-activate|p1a: Liberacy|move: Court Change
|move|p2a: Landorus|Earth Power|p1a: Liberacy
|-damage|p1a: Liberacy|52/100
|
|upkeep
|turn|7
|
|t:|1781496562
|switch|p1a: Calamity|Iron Valiant, shiny, tera:Fairy|94/100
|move|p2a: Landorus|U-turn|p1a: Calamity
|-resisted|p1a: Calamity
|-damage|p1a: Calamity|82/100
|
|t:|1781496566
|switch|p2a: Primarina|Primarina, F|39/100|[from] U-turn
|-damage|p2a: Primarina|27/100|[from] Stealth Rock
|
|upkeep
|turn|8
|
|t:|1781496569
|move|p1a: Calamity|Moonblast|p2a: Primarina
|-damage|p2a: Primarina|0 fnt
|faint|p2a: Primarina
|
|upkeep
|
|t:|1781496571
|switch|p2a: Kingambit|Kingambit, F|100/100
|-damage|p2a: Kingambit|94/100|[from] Stealth Rock
|-activate|p2a: Kingambit|ability: Supreme Overlord
|-start|p2a: Kingambit|fallen2|[silent]
|turn|9
|
|t:|1781496573
|move|p1a: Calamity|Moonblast|p2a: Kingambit
|-damage|p2a: Kingambit|0 fnt
|faint|p2a: Kingambit
|-end|p2a: Kingambit|fallen2|[silent]
|
|upkeep
|-message|Rj yoip forfeited.
|
|win|hawkins0
|raw|hawkins0's rating: 1820 &rarr; <strong>1833</strong><br />(+13 for winning)
|raw|Rj yoip's rating: 1702 &rarr; <strong>1689</strong><br />(-13 for losing)
|l|☆Rj yoip
|player|p2|
|l|☆hawkins0
|player|p1|
|l| TheSacredJackal⨕
|l| whimsicotthunter
