|j|☆Bicasuuuu
|j|☆1200s chud
|t:|1781015390
|gametype|singles
|player|p1|Bicasuuuu|1|1714
|player|p2|1200s chud|preschooler|1748
|gen|9
|tier|[Gen 9] OU
|rated|
|rule|HP Percentage Mod: HP is shown in percentages
|rule|Endless Battle Clause: Forcing endless battles is banned
|rule|Species Clause: Limit one of each Pokémon
|rule|OHKO Clause: OHKO moves are banned
|rule|Evasion Items Clause: Evasion items are banned
|rule|Evasion Moves Clause: Evasion moves are banned
|rule|Evasion Abilities Clause: Evasion abilities are banned
|rule|Sleep Moves Clause: Sleep-inducing moves are banned
|clearpoke
|poke|p1|Hoopa-Unbound|
|poke|p1|Pecharunt|
|poke|p1|Landorus-Therian, M|
|poke|p1|Cinderace, F|
|poke|p1|Alomomola, M|
|poke|p1|Iron Valiant|
|poke|p2|Iron Thorns|
|poke|p2|Ribombee, M|
|poke|p2|Gholdengo|
|poke|p2|Ceruledge, F|
|poke|p2|Ursaluna, M|
|poke|p2|Great Tusk|
|teampreview
|inactive|Battle timer is ON: inactive players will automatically lose when time's up. (requested by 1200s chud)
|c|☆Bicasuuuu|glhf
|j| michealjackkson
|inactive|1200s chud has 120 seconds left.
|
|t:|1781015438
|teamsize|p1|6
|teamsize|p2|6
|start
|switch|p1a: Landorus|Landorus-Therian, M|100/100
|switch|p2a: SupremeClientele|Ribombee, M|100/100
|-ability|p1a: Landorus|Intimidate|boost
|-unboost|p2a: SupremeClientele|atk|1
|turn|1
|
|t:|1781015449
|move|p1a: Landorus|Earthquake|p2a: SupremeClientele
|-resisted|p2a: SupremeClientele
|-damage|p2a: SupremeClientele|42/100
|move|p2a: SupremeClientele|Stun Spore|p1a: Landorus
|-status|p1a: Landorus|par
|
|upkeep
|turn|2
|
|t:|1781015478
|switch|p2a: HighOffDaPack|Ceruledge, F|100/100
|-item|p2a: HighOffDaPack|Air Balloon
|cant|p1a: Landorus|par
|
|upkeep
|turn|3
|
|t:|1781015499
|switch|p1a: Alomomola|Alomomola, M|100/100
|move|p2a: HighOffDaPack|Swords Dance|p2a: HighOffDaPack
|-boost|p2a: HighOffDaPack|atk|2
|
|upkeep
|turn|4
|
|t:|1781015508
|move|p2a: HighOffDaPack|Swords Dance|p2a: HighOffDaPack
|-boost|p2a: HighOffDaPack|atk|2
|move|p1a: Alomomola|Flip Turn|p2a: HighOffDaPack
|-supereffective|p2a: HighOffDaPack
|-damage|p2a: HighOffDaPack|57/100
|-ability|p2a: HighOffDaPack|Weak Armor|boost
|-unboost|p2a: HighOffDaPack|def|1
|-boost|p2a: HighOffDaPack|spe|2
|-enditem|p2a: HighOffDaPack|Air Balloon
|
|t:|1781015530
|switch|p1a: Landorus|Landorus-Therian, M|100/100 par|[from] Flip Turn
|-ability|p1a: Landorus|Intimidate|boost
|-unboost|p2a: HighOffDaPack|atk|1
|
|upkeep
|turn|5
|
|t:|1781015536
|move|p2a: HighOffDaPack|Bitter Blade|p1a: Landorus
|-damage|p1a: Landorus|0 fnt
|-heal|p2a: HighOffDaPack|100/100|[from] drain|[of] p1a: Landorus
|faint|p1a: Landorus
|
|upkeep
|
|t:|1781015539
|switch|p1a: Cinderace|Cinderace, F|100/100
|turn|6
|inactive|1200s chud has 120 seconds left.
|
|t:|1781015584
|move|p2a: HighOffDaPack|Destiny Bond|p2a: HighOffDaPack
|-singlemove|p2a: HighOffDaPack|Destiny Bond
|move|p1a: Cinderace|Pyro Ball|p2a: HighOffDaPack|[miss]
|-miss|p1a: Cinderace|p2a: HighOffDaPack
|
|upkeep
|turn|7
|
|t:|1781015592
|move|p1a: Cinderace|Sucker Punch||[still]
|-fail|p1a: Cinderace
|move|p2a: HighOffDaPack|Swords Dance|p2a: HighOffDaPack
|-boost|p2a: HighOffDaPack|atk|2
|
|upkeep
|turn|8
|
|t:|1781015597
|move|p2a: HighOffDaPack|Destiny Bond|p2a: HighOffDaPack
|-singlemove|p2a: HighOffDaPack|Destiny Bond
|move|p1a: Cinderace|Pyro Ball|p2a: HighOffDaPack
|-resisted|p2a: HighOffDaPack
|-damage|p2a: HighOffDaPack|43/100
|-ability|p2a: HighOffDaPack|Weak Armor|boost
|-unboost|p2a: HighOffDaPack|def|1
|-boost|p2a: HighOffDaPack|spe|2
|
|upkeep
|turn|9
|
|t:|1781015602
|move|p2a: HighOffDaPack|Shadow Sneak|p1a: Cinderace
|-damage|p1a: Cinderace|0 fnt
|faint|p1a: Cinderace
|
|upkeep
|
|t:|1781015607
|switch|p1a: Alomomola|Alomomola, M|100/100
|turn|10
|
|t:|1781015617
|move|p2a: HighOffDaPack|Shadow Sneak|p1a: Alomomola
|-damage|p1a: Alomomola|46/100
|move|p1a: Alomomola|Aqua Jet|p2a: HighOffDaPack
|-supereffective|p2a: HighOffDaPack
|-damage|p2a: HighOffDaPack|0 fnt
|faint|p2a: HighOffDaPack
|
|upkeep
|
|t:|1781015619
|switch|p2a: SupremeClientele|Ribombee, M|42/100
|turn|11
|
|t:|1781015622
|move|p2a: SupremeClientele|Sticky Web|p1a: Alomomola
|-sidestart|p1: Bicasuuuu|move: Sticky Web
|move|p1a: Alomomola|Flip Turn|p2a: SupremeClientele
|-damage|p2a: SupremeClientele|12/100
|-message|Bicasuuuu forfeited.
|
|win|1200s chud
|raw|Bicasuuuu's rating: 1714 &rarr; <strong>1696</strong><br />(-18 for losing)
|raw|1200s chud's rating: 1748 &rarr; <strong>1766</strong><br />(+18 for winning)
|l|☆Bicasuuuu
|player|p1|
|l| michealjackkson
