|j|☆fifodrummer
|j|☆LowEL0God
|t:|1781256920
|gametype|singles
|player|p1|fifodrummer|pokemaniac|1479
|player|p2|LowEL0God|265|1625
|gen|9
|tier|[Gen 9] OU
|rated|
|rule|HP Percentage Mod: HP is shown in percentages
|rule|Endless Battle Clause: Forcing endless battles is banned
|rule|Species Clause: Limit one of each Pokémon
|rule|OHKO Clause: OHKO moves are banned
|rule|Evasion Items Clause: Evasion items are banned
|rule|Evasion Moves Clause: Evasion moves are banned
|rule|Evasion Abilities Clause: Evasion abilities are banned
|rule|Sleep Moves Clause: Sleep-inducing moves are banned
|clearpoke
|poke|p1|Crawdaunt, M|
|poke|p1|Krookodile, M|
|poke|p1|Goodra-Hisui, F|
|poke|p1|Haxorus, M|
|poke|p1|Espeon, F|
|poke|p1|Corviknight, F|
|poke|p2|Pelipper, M|
|poke|p2|Raging Bolt|
|poke|p2|Overqwil, F|
|poke|p2|Barraskewda, F|
|poke|p2|Iron Treads|
|poke|p2|Kingambit, M|
|teampreview
|c|☆LowEL0God|hf
|inactive|Battle timer is ON: inactive players will automatically lose when time's up. (requested by LowEL0God)
|inactive|fifodrummer also wants the timer to be on.
|
|t:|1781256925
|teamsize|p1|6
|teamsize|p2|6
|start
|switch|p1a: Bubba Gump|Crawdaunt, M|100/100
|switch|p2a: Barraskewda|Barraskewda, F|100/100
|turn|1
|
|t:|1781256931
|move|p2a: Barraskewda|Close Combat|p1a: Bubba Gump
|-supereffective|p1a: Bubba Gump
|-enditem|p1a: Bubba Gump|Focus Sash
|-damage|p1a: Bubba Gump|1/100
|-unboost|p2a: Barraskewda|def|1
|-unboost|p2a: Barraskewda|spd|1
|move|p1a: Bubba Gump|Knock Off|p2a: Barraskewda
|-damage|p2a: Barraskewda|0 fnt
|-enditem|p2a: Barraskewda|Choice Band|[from] move: Knock Off|[of] p1a: Bubba Gump
|faint|p2a: Barraskewda
|
|upkeep
|
|t:|1781256935
|switch|p2a: Overqwil|Overqwil, F|100/100
|turn|2
|
|t:|1781256950
|switch|p1a: AXE Bodyspray|Haxorus, M, shiny|100/100
|-ability|p1a: AXE Bodyspray|Mold Breaker
|move|p2a: Overqwil|Crunch|p1a: AXE Bodyspray
|-damage|p1a: AXE Bodyspray|39/100
|-damage|p2a: Overqwil|91/100|[from] item: Life Orb
|
|upkeep
|turn|3
|
|t:|1781256959
|move|p1a: AXE Bodyspray|Earthquake|p2a: Overqwil
|-supereffective|p2a: Overqwil
|-crit|p2a: Overqwil
|-damage|p2a: Overqwil|0 fnt
|faint|p2a: Overqwil
|
|upkeep
|
|t:|1781256961
|switch|p2a: Kingambit|Kingambit, M|100/100
|-activate|p2a: Kingambit|ability: Supreme Overlord
|-start|p2a: Kingambit|fallen2|[silent]
|turn|4
|
|t:|1781256968
|move|p1a: AXE Bodyspray|Earthquake|p2a: Kingambit
|-supereffective|p2a: Kingambit
|-damage|p2a: Kingambit|46/100
|move|p2a: Kingambit|Swords Dance|p2a: Kingambit
|-boost|p2a: Kingambit|atk|2
|
|-heal|p2a: Kingambit|52/100|[from] item: Leftovers
|upkeep
|turn|5
|
|t:|1781256977
|switch|p1a: Bubba Gump|Crawdaunt, M|1/100
|move|p2a: Kingambit|Sucker Punch||[still]
|-fail|p2a: Kingambit
|
|-heal|p2a: Kingambit|58/100|[from] item: Leftovers
|upkeep
|turn|6
|
|t:|1781256985
|move|p1a: Bubba Gump|Aqua Jet|p2a: Kingambit
|-damage|p2a: Kingambit|35/100
|move|p2a: Kingambit|Sucker Punch||[still]
|-fail|p2a: Kingambit
|
|-heal|p2a: Kingambit|41/100|[from] item: Leftovers
|upkeep
|turn|7
|
|t:|1781256993
|move|p2a: Kingambit|Sucker Punch|p1a: Bubba Gump
|-resisted|p1a: Bubba Gump
|-damage|p1a: Bubba Gump|0 fnt
|faint|p1a: Bubba Gump
|
|-heal|p2a: Kingambit|47/100|[from] item: Leftovers
|upkeep
|
|t:|1781256999
|switch|p1a: Mrs Raven|Corviknight, F, shiny|100/100
|turn|8
|
|t:|1781257003
|move|p1a: Mrs Raven|Body Press|p2a: Kingambit
|-supereffective|p2a: Kingambit
|-damage|p2a: Kingambit|0 fnt
|faint|p2a: Kingambit
|-end|p2a: Kingambit|fallen2|[silent]
|
|upkeep
|
|t:|1781257005
|switch|p2a: Pelipper|Pelipper, M|100/100
|-weather|RainDance|[from] ability: Drizzle|[of] p2a: Pelipper
|turn|9
|
|t:|1781257014
|switch|p1a: 鉄の竜|Goodra-Hisui, F|100/100
|move|p2a: Pelipper|Hurricane|p1a: 鉄の竜
|-resisted|p1a: 鉄の竜
|-damage|p1a: 鉄の竜|92/100
|
|-weather|RainDance|[upkeep]
|upkeep
|turn|10
|
|t:|1781257022
|move|p1a: 鉄の竜|Surf|p2a: Pelipper
|-resisted|p2a: Pelipper
|-damage|p2a: Pelipper|67/100
|move|p2a: Pelipper|Weather Ball|p1a: 鉄の竜
|-resisted|p1a: 鉄の竜
|-crit|p1a: 鉄の竜
|-damage|p1a: 鉄の竜|71/100
|
|-weather|RainDance|[upkeep]
|upkeep
|turn|11
|
|t:|1781257031
|move|p1a: 鉄の竜|Thunderbolt|p2a: Pelipper
|-supereffective|p2a: Pelipper
|-damage|p2a: Pelipper|0 fnt
|faint|p2a: Pelipper
|
|-weather|RainDance|[upkeep]
|upkeep
|
|t:|1781257032
|switch|p2a: Raging Bolt|Raging Bolt|100/100
|-enditem|p2a: Raging Bolt|Booster Energy
|-activate|p2a: Raging Bolt|ability: Protosynthesis|[fromitem]
|-start|p2a: Raging Bolt|protosynthesisspa
|turn|12
|
|t:|1781257041
|move|p2a: Raging Bolt|Thunder|p1a: 鉄の竜
|-resisted|p1a: 鉄の竜
|-damage|p1a: 鉄の竜|48/100
|move|p1a: 鉄の竜|Dragon Pulse|p2a: Raging Bolt
|-supereffective|p2a: Raging Bolt
|-damage|p2a: Raging Bolt|19/100
|
|-weather|RainDance|[upkeep]
|upkeep
|turn|13
|
|t:|1781257050
|move|p2a: Raging Bolt|Draco Meteor|p1a: 鉄の竜|[miss]
|-miss|p2a: Raging Bolt|p1a: 鉄の竜
|move|p1a: 鉄の竜|Surf|p2a: Raging Bolt
|-resisted|p2a: Raging Bolt
|-damage|p2a: Raging Bolt|0 fnt
|faint|p2a: Raging Bolt
|-end|p2a: Raging Bolt|Protosynthesis|[silent]
|
|-weather|RainDance|[upkeep]
|upkeep
|
|t:|1781257050
|switch|p2a: Iron Treads|Iron Treads|100/100
|-enditem|p2a: Iron Treads|Booster Energy
|-activate|p2a: Iron Treads|ability: Quark Drive|[fromitem]
|-start|p2a: Iron Treads|quarkdrivespe
|turn|14
|
|t:|1781257063
|-terastallize|p2a: Iron Treads|Ghost
|-terastallize|p1a: 鉄の竜|Flying
|move|p2a: Iron Treads|Earth Power|p1a: 鉄の竜
|-immune|p1a: 鉄の竜
|move|p1a: 鉄の竜|Surf|p2a: Iron Treads
|-damage|p2a: Iron Treads|36/100
|
|-weather|RainDance|[upkeep]
|upkeep
|turn|15
|
|t:|1781257074
|move|p2a: Iron Treads|Stealth Rock|p1a: 鉄の竜
|-sidestart|p1: fifodrummer|move: Stealth Rock
|move|p1a: 鉄の竜|Surf|p2a: Iron Treads
|-crit|p2a: Iron Treads
|-damage|p2a: Iron Treads|0 fnt
|faint|p2a: Iron Treads
|-end|p2a: Iron Treads|Quark Drive|[silent]
|
|win|fifodrummer
|raw|fifodrummer's rating: 1479 &rarr; <strong>1507</strong><br />(+28 for winning)
|raw|LowEL0God's rating: 1625 &rarr; <strong>1597</strong><br />(-28 for losing)
|l|☆fifodrummer
|player|p1|
|c|☆LowEL0God|gg
|l|☆LowEL0God
|player|p2|
