|badge|p2|bronze|gen9ou|100-9
|uhtml|medal-msg|<div class="broadcast-blue">Curious what those medals under the avatar are? PS now has Ladder Seasons! For more information, check out the <a href="https://www.smogon.com/forums/threads/3740067/">thread on Smogon.</a></div>
|j|☆zippitytippity
|j|☆rblt ryo
|t:|1780899103
|gametype|singles
|player|p1|zippitytippity|cynthia-masters4|1708
|player|p2|rblt ryo|grimsley-gen7|1831
|gen|9
|tier|[Gen 9] OU
|rated|
|rule|HP Percentage Mod: HP is shown in percentages
|rule|Endless Battle Clause: Forcing endless battles is banned
|rule|Species Clause: Limit one of each Pokémon
|rule|OHKO Clause: OHKO moves are banned
|rule|Evasion Items Clause: Evasion items are banned
|rule|Evasion Moves Clause: Evasion moves are banned
|rule|Evasion Abilities Clause: Evasion abilities are banned
|rule|Sleep Moves Clause: Sleep-inducing moves are banned
|clearpoke
|poke|p1|Hoopa-Unbound|
|poke|p1|Pecharunt|
|poke|p1|Landorus-Therian, M|
|poke|p1|Cinderace, M|
|poke|p1|Alomomola, M|
|poke|p1|Iron Valiant|
|poke|p2|Ting-Lu|
|poke|p2|Corviknight, M|
|poke|p2|Hatterene, F|
|poke|p2|Amoonguss, F|
|poke|p2|Dondozo, F|
|poke|p2|Hoopa-Unbound|
|teampreview
|inactive|Battle timer is ON: inactive players will automatically lose when time's up. (requested by zippitytippity)
|inactive|rblt ryo has 120 seconds left.
|j| nepturee
|j| scatmanjohnlarkin
|inactive|rblt ryo has 90 seconds left.
|
|t:|1780899202
|teamsize|p1|6
|teamsize|p2|6
|start
|switch|p1a: Landorus|Landorus-Therian, M, shiny|100/100
|switch|p2a: Dondozo|Dondozo, F|100/100
|-ability|p1a: Landorus|Intimidate|boost
|-unboost|p2a: Dondozo|atk|1
|turn|1
|
|t:|1780899213
|switch|p2a: Amoonguss|Amoonguss, F|100/100
|move|p1a: Landorus|Grass Knot|p2a: Amoonguss
|-resisted|p2a: Amoonguss
|-damage|p2a: Amoonguss|98/100
|
|upkeep
|turn|2
|
|t:|1780899222
|switch|p1a: Alomomola|Alomomola, M, shiny|100/100
|move|p2a: Amoonguss|Stun Spore|p1a: Alomomola|[miss]
|-miss|p2a: Amoonguss|p1a: Alomomola
|
|upkeep
|turn|3
|
|t:|1780899227
|move|p1a: Alomomola|Flip Turn|p2a: Amoonguss
|-resisted|p2a: Amoonguss
|-damage|p2a: Amoonguss|93/100
|
|t:|1780899231
|switch|p1a: Hoopa|Hoopa-Unbound|100/100|[from] Flip Turn
|move|p2a: Amoonguss|Stun Spore|p1a: Hoopa
|-status|p1a: Hoopa|par
|
|upkeep
|turn|4
|j| babyshark974
|j| kadu99
|
|t:|1780899260
|switch|p2a: Corviknight|Corviknight, M|100/100
|-ability|p2a: Corviknight|Pressure
|move|p1a: Hoopa|Knock Off|p2a: Corviknight
|-damage|p2a: Corviknight|42/100
|-damage|p1a: Hoopa|84/100 par|[from] item: Rocky Helmet|[of] p2a: Corviknight
|-enditem|p2a: Corviknight|Rocky Helmet|[from] move: Knock Off|[of] p1a: Hoopa
|
|upkeep
|turn|5
|l| kadu99
|
|t:|1780899267
|switch|p1a: Cinderace|Cinderace, M, shiny|100/100
|move|p2a: Corviknight|Roost|p2a: Corviknight
|-heal|p2a: Corviknight|92/100
|-singleturn|p2a: Corviknight|move: Roost
|
|upkeep
|turn|6
|
|t:|1780899282
|switch|p2a: Dondozo|Dondozo, F|100/100
|move|p1a: Cinderace|U-turn|p2a: Dondozo
|-start|p1a: Cinderace|typechange|Bug|[from] ability: Libero
|-damage|p2a: Dondozo|82/100
|
|t:|1780899288
|switch|p1a: Iron Valiant|Iron Valiant, shiny|100/100|[from] U-turn
|
|-heal|p2a: Dondozo|88/100|[from] item: Leftovers
|upkeep
|turn|7
|
|t:|1780899291
|switch|p2a: Amoonguss|Amoonguss, F|100/100
|move|p1a: Iron Valiant|Moonblast|p2a: Amoonguss
|-resisted|p2a: Amoonguss
|-damage|p2a: Amoonguss|69/100
|
|upkeep
|turn|8
|
|t:|1780899300
|-end|p1a: Iron Valiant|Quark Drive|[silent]
|switch|p1a: Hoopa|Hoopa-Unbound|84/100 par
|move|p2a: Amoonguss|Foul Play|p1a: Hoopa
|-damage|p1a: Hoopa|19/100 par
|
|upkeep
|turn|9
|
|t:|1780899307
|switch|p2a: Ting-Lu|Ting-Lu|100/100
|-ability|p2a: Ting-Lu|Vessel of Ruin
|move|p1a: Hoopa|Hyperspace Fury|p2a: Ting-Lu
|-resisted|p2a: Ting-Lu
|-damage|p2a: Ting-Lu|72/100
|-unboost|p1a: Hoopa|def|1
|
|-heal|p2a: Ting-Lu|78/100|[from] item: Leftovers
|upkeep
|turn|10
|
|t:|1780899318
|switch|p2a: Dondozo|Dondozo, F|88/100
|switch|p1a: Landorus|Landorus-Therian, M, shiny|100/100
|-ability|p1a: Landorus|Intimidate|boost
|-unboost|p2a: Dondozo|atk|1
|
|-heal|p2a: Dondozo|94/100|[from] item: Leftovers
|upkeep
|turn|11
|
|t:|1780899325
|move|p1a: Landorus|Grass Knot|p2a: Dondozo
|-supereffective|p2a: Dondozo
|-damage|p2a: Dondozo|57/100
|move|p2a: Dondozo|Curse|p2a: Dondozo
|-unboost|p2a: Dondozo|spe|1
|-boost|p2a: Dondozo|atk|1
|-boost|p2a: Dondozo|def|1
|
|-heal|p2a: Dondozo|63/100|[from] item: Leftovers
|upkeep
|turn|12
|
|t:|1780899340
|move|p1a: Landorus|Grass Knot|p2a: Dondozo
|-supereffective|p2a: Dondozo
|-damage|p2a: Dondozo|23/100
|move|p2a: Dondozo|Rest|p2a: Dondozo
|-status|p2a: Dondozo|slp|[from] move: Rest
|-heal|p2a: Dondozo|100/100 slp|[silent]
|
|upkeep
|turn|13
|
|t:|1780899348
|switch|p2a: Amoonguss|Amoonguss, F|100/100
|move|p1a: Landorus|Grass Knot|p2a: Amoonguss
|-resisted|p2a: Amoonguss
|-damage|p2a: Amoonguss|98/100
|
|upkeep
|turn|14
|
|t:|1780899358
|switch|p1a: Pecharunt|Pecharunt|100/100
|move|p2a: Amoonguss|Stun Spore|p1a: Pecharunt
|-status|p1a: Pecharunt|par
|
|upkeep
|turn|15
|
|t:|1780899371
|switch|p2a: Ting-Lu|Ting-Lu|78/100
|-ability|p2a: Ting-Lu|Vessel of Ruin
|move|p1a: Pecharunt|Malignant Chain|p2a: Ting-Lu
|-resisted|p2a: Ting-Lu
|-damage|p2a: Ting-Lu|72/100
|-status|p2a: Ting-Lu|tox
|-start|p2a: Ting-Lu|confusion|[from] ability: Poison Puppeteer|[of] p1a: Pecharunt
|
|-heal|p2a: Ting-Lu|78/100 tox|[from] item: Leftovers
|-damage|p2a: Ting-Lu|72/100 tox|[from] psn
|upkeep
|turn|16
|
|t:|1780899377
|-activate|p2a: Ting-Lu|confusion
|move|p2a: Ting-Lu|Rest|p2a: Ting-Lu
|-status|p2a: Ting-Lu|slp|[from] move: Rest
|-heal|p2a: Ting-Lu|100/100 slp|[silent]
|cant|p1a: Pecharunt|par
|
|upkeep
|turn|17
|
|t:|1780899382
|cant|p2a: Ting-Lu|slp
|-end|p2a: Ting-Lu|confusion
|move|p2a: Ting-Lu|Sleep Talk|p2a: Ting-Lu
|move|p2a: Ting-Lu|Earthquake|p1a: Pecharunt|[from] move: Sleep Talk
|-supereffective|p1a: Pecharunt
|-damage|p1a: Pecharunt|66/100 par
|cant|p1a: Pecharunt|par
|
|upkeep
|turn|18
|
|t:|1780899386
|cant|p2a: Ting-Lu|slp
|move|p2a: Ting-Lu|Sleep Talk|p2a: Ting-Lu
|move|p2a: Ting-Lu|Earthquake|p1a: Pecharunt|[from] move: Sleep Talk
|-supereffective|p1a: Pecharunt
|-damage|p1a: Pecharunt|31/100 par
|move|p1a: Pecharunt|Parting Shot|p2a: Ting-Lu
|-unboost|p2a: Ting-Lu|atk|1
|-unboost|p2a: Ting-Lu|spa|1
|
|t:|1780899389
|switch|p1a: Hoopa|Hoopa-Unbound|19/100 par|[from] Parting Shot
|
|upkeep
|turn|19
|
|t:|1780899411
|switch|p2a: Corviknight|Corviknight, M|92/100
|-ability|p2a: Corviknight|Pressure
|cant|p1a: Hoopa|par
|
|upkeep
|turn|20
|
|t:|1780899418
|switch|p1a: Pecharunt|Pecharunt|31/100 par
|move|p2a: Corviknight|Body Press|p1a: Pecharunt
|-immune|p1a: Pecharunt
|
|upkeep
|turn|21
|-message|zippitytippity forfeited.
|
|win|rblt ryo
|raw|zippitytippity's rating: 1708 &rarr; <strong>1695</strong><br />(-13 for losing)
|raw|rblt ryo's rating: 1831 &rarr; <strong>1844</strong><br />(+13 for winning)
|l|☆zippitytippity
|player|p1|
|l| scatmanjohnlarkin
