|j|☆jihlih
|j|☆Kinair
|t:|1781380983
|gametype|singles
|player|p1|jihlih|266|1520
|player|p2|Kinair|169|1581
|gen|9
|tier|[Gen 9] OU
|rated|
|rule|HP Percentage Mod: HP is shown in percentages
|rule|Endless Battle Clause: Forcing endless battles is banned
|rule|Species Clause: Limit one of each Pokémon
|rule|OHKO Clause: OHKO moves are banned
|rule|Evasion Items Clause: Evasion items are banned
|rule|Evasion Moves Clause: Evasion moves are banned
|rule|Evasion Abilities Clause: Evasion abilities are banned
|rule|Sleep Moves Clause: Sleep-inducing moves are banned
|clearpoke
|poke|p1|Kyurem|
|poke|p1|Corviknight, M|
|poke|p1|Ting-Lu|
|poke|p1|Dondozo, F|
|poke|p1|Slowking-Galar, M|
|poke|p1|Cinderace, F|
|poke|p2|Pelipper, M|
|poke|p2|Kingdra, F|
|poke|p2|Raging Bolt|
|poke|p2|Iron Treads|
|poke|p2|Zamazenta-*|
|poke|p2|Kingambit, F|
|teampreview
|inactive|Battle timer is ON: inactive players will automatically lose when time's up. (requested by jihlih)
|
|t:|1781380997
|teamsize|p1|6
|teamsize|p2|6
|start
|switch|p1a: Kyurem|Kyurem|100/100
|switch|p2a: Iron Treads|Iron Treads|100/100
|-ability|p1a: Kyurem|Pressure
|-enditem|p2a: Iron Treads|Booster Energy
|-activate|p2a: Iron Treads|ability: Quark Drive|[fromitem]
|-start|p2a: Iron Treads|quarkdrivespe
|turn|1
|
|t:|1781381000
|move|p1a: Kyurem|Protect|p1a: Kyurem
|-singleturn|p1a: Kyurem|Protect
|move|p2a: Iron Treads|Knock Off|p1a: Kyurem
|-activate|p1a: Kyurem|move: Protect
|
|upkeep
|turn|2
|
|t:|1781381008
|switch|p1a: Corviknight|Corviknight, M|100/100
|-ability|p1a: Corviknight|Pressure
|move|p2a: Iron Treads|Knock Off|p1a: Corviknight
|-damage|p1a: Corviknight|85/100
|-damage|p2a: Iron Treads|84/100|[from] item: Rocky Helmet|[of] p1a: Corviknight
|-enditem|p1a: Corviknight|Rocky Helmet|[from] move: Knock Off|[of] p2a: Iron Treads
|
|upkeep
|turn|3
|
|t:|1781381016
|move|p2a: Iron Treads|Stealth Rock|p1a: Corviknight
|-sidestart|p1: jihlih|move: Stealth Rock
|move|p1a: Corviknight|U-turn|p2a: Iron Treads
|-resisted|p2a: Iron Treads
|-damage|p2a: Iron Treads|79/100
|
|t:|1781381030
|switch|p1a: Ting-Lu|Ting-Lu|100/100|[from] U-turn
|-damage|p1a: Ting-Lu|94/100|[from] Stealth Rock
|-ability|p1a: Ting-Lu|Vessel of Ruin
|
|-heal|p1a: Ting-Lu|100/100|[from] item: Leftovers
|upkeep
|turn|4
|
|t:|1781381039
|move|p2a: Iron Treads|Knock Off|p1a: Ting-Lu
|-resisted|p1a: Ting-Lu
|-damage|p1a: Ting-Lu|93/100
|-enditem|p1a: Ting-Lu|Leftovers|[from] move: Knock Off|[of] p2a: Iron Treads
|move|p1a: Ting-Lu|Earthquake|p2a: Iron Treads
|-supereffective|p2a: Iron Treads
|-damage|p2a: Iron Treads|20/100
|
|upkeep
|turn|5
|
|t:|1781381052
|-end|p2a: Iron Treads|Quark Drive|[silent]
|switch|p2a: Pelipper|Pelipper, M|100/100
|-weather|RainDance|[from] ability: Drizzle|[of] p2a: Pelipper
|move|p1a: Ting-Lu|Payback|p2a: Pelipper
|-damage|p2a: Pelipper|85/100
|
|-weather|RainDance|[upkeep]
|upkeep
|turn|6
|
|t:|1781381064
|switch|p1a: Slowking|Slowking-Galar, M|100/100
|move|p2a: Pelipper|Surf|p1a: Slowking
|-damage|p1a: Slowking|74/100
|
|-weather|RainDance|[upkeep]
|upkeep
|turn|7
|
|t:|1781381068
|move|p2a: Pelipper|Surf|p1a: Slowking
|-damage|p1a: Slowking|48/100
|-prepare|p1a: Slowking|Chilly Reception|[premajor]
|move|p1a: Slowking|Chilly Reception|p1a: Slowking
|-weather|Snowscape
|
|t:|1781381072
|switch|p1a: Kyurem|Kyurem|100/100|[from] Chilly Reception
|-damage|p1a: Kyurem|75/100|[from] Stealth Rock
|-ability|p1a: Kyurem|Pressure
|
|-weather|Snowscape|[upkeep]
|-heal|p1a: Kyurem|82/100|[from] item: Leftovers
|upkeep
|turn|8
|
|t:|1781381076
|switch|p2a: Iron Treads|Iron Treads|20/100
|move|p1a: Kyurem|Substitute|p1a: Kyurem
|-start|p1a: Kyurem|Substitute
|-damage|p1a: Kyurem|57/100
|
|-weather|Snowscape|[upkeep]
|-heal|p1a: Kyurem|63/100|[from] item: Leftovers
|upkeep
|turn|9
|
|t:|1781381084
|move|p1a: Kyurem|Protect|p1a: Kyurem
|-singleturn|p1a: Kyurem|Protect
|move|p2a: Iron Treads|Earth Power|p1a: Kyurem
|-activate|p1a: Kyurem|move: Protect
|
|-weather|Snowscape|[upkeep]
|-heal|p1a: Kyurem|69/100|[from] item: Leftovers
|upkeep
|turn|10
|j| RGC_SHADE
|
|t:|1781381092
|move|p2a: Iron Treads|Earth Power|p1a: Kyurem
|-activate|p1a: Kyurem|move: Substitute|[damage]
|move|p1a: Kyurem|Freeze-Dry|p2a: Iron Treads
|-damage|p2a: Iron Treads|0 fnt
|faint|p2a: Iron Treads
|-end|p2a: Iron Treads|Quark Drive|[silent]
|
|-weather|Snowscape|[upkeep]
|-heal|p1a: Kyurem|75/100|[from] item: Leftovers
|upkeep
|
|t:|1781381097
|switch|p2a: Zamazenta|Zamazenta|100/100
|-ability|p2a: Zamazenta|Dauntless Shield|boost
|-boost|p2a: Zamazenta|def|1
|turn|11
|
|t:|1781381102
|move|p1a: Kyurem|Protect|p1a: Kyurem
|-singleturn|p1a: Kyurem|Protect
|move|p2a: Zamazenta|Body Press|p1a: Kyurem
|-activate|p1a: Kyurem|move: Protect
|
|-weather|none
|-heal|p1a: Kyurem|81/100|[from] item: Leftovers
|upkeep
|turn|12
|l| RGC_SHADE
|
|t:|1781381116
|move|p2a: Zamazenta|Body Press|p1a: Kyurem
|-supereffective|p1a: Kyurem
|-end|p1a: Kyurem|Substitute
|move|p1a: Kyurem|Substitute|p1a: Kyurem
|-start|p1a: Kyurem|Substitute
|-damage|p1a: Kyurem|56/100
|
|-heal|p1a: Kyurem|63/100|[from] item: Leftovers
|upkeep
|turn|13
|
|t:|1781381121
|move|p1a: Kyurem|Protect|p1a: Kyurem
|-singleturn|p1a: Kyurem|Protect
|move|p2a: Zamazenta|Body Press|p1a: Kyurem
|-activate|p1a: Kyurem|move: Protect
|
|-heal|p1a: Kyurem|69/100|[from] item: Leftovers
|upkeep
|turn|14
|
|t:|1781381129
|move|p2a: Zamazenta|Body Press|p1a: Kyurem
|-supereffective|p1a: Kyurem
|-end|p1a: Kyurem|Substitute
|move|p1a: Kyurem|Freeze-Dry|p2a: Zamazenta
|-damage|p2a: Zamazenta|75/100
|
|-heal|p2a: Zamazenta|81/100|[from] item: Leftovers
|-heal|p1a: Kyurem|75/100|[from] item: Leftovers
|upkeep
|turn|15
|
|t:|1781381135
|switch|p1a: Dondozo|Dondozo, F|100/100
|-damage|p1a: Dondozo|88/100|[from] Stealth Rock
|move|p2a: Zamazenta|Body Press|p1a: Dondozo
|-damage|p1a: Dondozo|74/100
|
|-heal|p2a: Zamazenta|87/100|[from] item: Leftovers
|-heal|p1a: Dondozo|80/100|[from] item: Leftovers
|upkeep
|turn|16
|
|t:|1781381144
|switch|p2a: Pelipper|Pelipper, M|85/100
|-weather|RainDance|[from] ability: Drizzle|[of] p2a: Pelipper
|move|p1a: Dondozo|Waterfall|p2a: Pelipper
|-resisted|p2a: Pelipper
|-damage|p2a: Pelipper|69/100
|
|-weather|RainDance|[upkeep]
|-heal|p1a: Dondozo|86/100|[from] item: Leftovers
|upkeep
|turn|17
|
|t:|1781381153
|switch|p1a: Slowking|Slowking-Galar, M|81/100
|move|p2a: Pelipper|U-turn|p1a: Slowking
|-damage|p1a: Slowking|73/100
|
|t:|1781381156
|switch|p2a: Kingambit|Kingambit, F|100/100|[from] U-turn
|-activate|p2a: Kingambit|ability: Supreme Overlord
|-start|p2a: Kingambit|fallen1|[silent]
|
|-weather|RainDance|[upkeep]
|upkeep
|turn|18
|
|t:|1781381160
|switch|p1a: Corviknight|Corviknight, M|85/100
|-damage|p1a: Corviknight|73/100|[from] Stealth Rock
|-ability|p1a: Corviknight|Pressure
|move|p2a: Kingambit|Kowtow Cleave|p1a: Corviknight
|-damage|p1a: Corviknight|38/100
|
|-weather|RainDance|[upkeep]
|upkeep
|turn|19
|
|t:|1781381176
|-end|p2a: Kingambit|fallen1|[silent]
|switch|p2a: Kingdra|Kingdra, F|100/100
|move|p1a: Corviknight|Roost|p1a: Corviknight
|-heal|p1a: Corviknight|88/100
|-singleturn|p1a: Corviknight|move: Roost
|
|-weather|RainDance|[upkeep]
|upkeep
|turn|20
|
|t:|1781381201
|move|p2a: Kingdra|Surf|p1a: Corviknight
|-damage|p1a: Corviknight|0 fnt
|faint|p1a: Corviknight
|
|-weather|RainDance|[upkeep]
|upkeep
|inactive|jihlih has 120 seconds left.
|
|t:|1781381224
|switch|p1a: Kyurem|Kyurem|75/100
|-damage|p1a: Kyurem|50/100|[from] Stealth Rock
|-ability|p1a: Kyurem|Pressure
|turn|21
|inactive|jihlih has 120 seconds left.
|
|t:|1781381232
|switch|p2a: Zamazenta|Zamazenta|87/100
|move|p1a: Kyurem|Freeze-Dry|p2a: Zamazenta
|-damage|p2a: Zamazenta|60/100
|
|-weather|RainDance|[upkeep]
|-heal|p2a: Zamazenta|66/100|[from] item: Leftovers
|-heal|p1a: Kyurem|56/100|[from] item: Leftovers
|upkeep
|turn|22
|
|t:|1781381236
|move|p1a: Kyurem|Protect|p1a: Kyurem
|-singleturn|p1a: Kyurem|Protect
|move|p2a: Zamazenta|Body Press|p1a: Kyurem
|-activate|p1a: Kyurem|move: Protect
|
|-weather|RainDance|[upkeep]
|-heal|p2a: Zamazenta|72/100|[from] item: Leftovers
|-heal|p1a: Kyurem|62/100|[from] item: Leftovers
|upkeep
|turn|23
|
|t:|1781381240
|switch|p1a: Slowking|Slowking-Galar, M|100/100
|move|p2a: Zamazenta|Body Press|p1a: Slowking
|-resisted|p1a: Slowking
|-damage|p1a: Slowking|93/100
|
|-weather|none
|-heal|p2a: Zamazenta|79/100|[from] item: Leftovers
|upkeep
|turn|24
|
|t:|1781381247
|move|p2a: Zamazenta|Crunch|p1a: Slowking
|-supereffective|p1a: Slowking
|-damage|p1a: Slowking|45/100
|-unboost|p1a: Slowking|def|1
|-prepare|p1a: Slowking|Chilly Reception|[premajor]
|move|p1a: Slowking|Chilly Reception|p1a: Slowking
|-weather|Snowscape
|
|t:|1781381254
|switch|p1a: Cinderace|Cinderace, F|100/100|[from] Chilly Reception
|
|-weather|Snowscape|[upkeep]
|-heal|p2a: Zamazenta|85/100|[from] item: Leftovers
|upkeep
|turn|25
|
|t:|1781381265
|move|p2a: Zamazenta|Body Press|p1a: Cinderace
|-damage|p1a: Cinderace|63/100
|move|p1a: Cinderace|Court Change|p1a: Cinderace
|-swapsideconditions
|-activate|p1a: Cinderace|move: Court Change
|
|-weather|Snowscape|[upkeep]
|-heal|p2a: Zamazenta|91/100|[from] item: Leftovers
|upkeep
|turn|26
|
|t:|1781381272
|move|p2a: Zamazenta|Body Press|p1a: Cinderace
|-damage|p1a: Cinderace|27/100
|move|p1a: Cinderace|Will-O-Wisp|p2a: Zamazenta|[miss]
|-miss|p1a: Cinderace|p2a: Zamazenta
|
|-weather|Snowscape|[upkeep]
|-heal|p2a: Zamazenta|97/100|[from] item: Leftovers
|upkeep
|turn|27
|
|t:|1781381277
|switch|p1a: Slowking|Slowking-Galar, M|78/100
|move|p2a: Zamazenta|Body Press|p1a: Slowking
|-resisted|p1a: Slowking
|-damage|p1a: Slowking|71/100
|
|-weather|Snowscape|[upkeep]
|-heal|p2a: Zamazenta|100/100|[from] item: Leftovers
|upkeep
|turn|28
|
|t:|1781381290
|move|p2a: Zamazenta|Crunch|p1a: Slowking
|-supereffective|p1a: Slowking
|-damage|p1a: Slowking|23/100
|-unboost|p1a: Slowking|def|1
|-prepare|p1a: Slowking|Chilly Reception|[premajor]
|move|p1a: Slowking|Chilly Reception|p1a: Slowking
|
|t:|1781381292
|switch|p1a: Kyurem|Kyurem|62/100|[from] Chilly Reception
|-ability|p1a: Kyurem|Pressure
|
|-weather|none
|-heal|p1a: Kyurem|69/100|[from] item: Leftovers
|upkeep
|turn|29
|
|t:|1781381294
|move|p1a: Kyurem|Protect|p1a: Kyurem
|-singleturn|p1a: Kyurem|Protect
|move|p2a: Zamazenta|Body Press|p1a: Kyurem
|-activate|p1a: Kyurem|move: Protect
|
|-heal|p1a: Kyurem|75/100|[from] item: Leftovers
|upkeep
|turn|30
|
|t:|1781381310
|move|p2a: Zamazenta|Crunch|p1a: Kyurem
|-damage|p1a: Kyurem|56/100
|move|p1a: Kyurem|Substitute|p1a: Kyurem
|-start|p1a: Kyurem|Substitute
|-damage|p1a: Kyurem|31/100
|
|-heal|p1a: Kyurem|38/100|[from] item: Leftovers
|upkeep
|turn|31
|
|t:|1781381316
|move|p1a: Kyurem|Protect|p1a: Kyurem
|-singleturn|p1a: Kyurem|Protect
|move|p2a: Zamazenta|Crunch|p1a: Kyurem
|-activate|p1a: Kyurem|move: Protect
|
|-heal|p1a: Kyurem|44/100|[from] item: Leftovers
|upkeep
|turn|32
|
|t:|1781381322
|move|p2a: Zamazenta|Crunch|p1a: Kyurem
|-activate|p1a: Kyurem|move: Substitute|[damage]
|move|p1a: Kyurem|Earth Power|p2a: Zamazenta
|-crit|p2a: Zamazenta
|-damage|p2a: Zamazenta|67/100
|
|-heal|p2a: Zamazenta|73/100|[from] item: Leftovers
|-heal|p1a: Kyurem|50/100|[from] item: Leftovers
|upkeep
|turn|33
|c|☆Kinair|Tellement chiant
|
|t:|1781381336
|move|p1a: Kyurem|Protect|p1a: Kyurem
|-singleturn|p1a: Kyurem|Protect
|move|p2a: Zamazenta|Crunch|p1a: Kyurem
|-activate|p1a: Kyurem|move: Protect
|
|-heal|p2a: Zamazenta|79/100|[from] item: Leftovers
|-heal|p1a: Kyurem|56/100|[from] item: Leftovers
|upkeep
|turn|34
|inactive|jihlih has 120 seconds left.
|
|t:|1781381372
|move|p1a: Kyurem|Substitute|p1a: Kyurem
|-fail|p1a: Kyurem|move: Substitute
|move|p2a: Zamazenta|Roar|p1a: Kyurem
|drag|p1a: Ting-Lu|Ting-Lu|93/100
|-ability|p1a: Ting-Lu|Vessel of Ruin
|
|-heal|p2a: Zamazenta|86/100|[from] item: Leftovers
|upkeep
|turn|35
|inactive|jihlih has 120 seconds left.
|
|t:|1781381383
|switch|p2a: Pelipper|Pelipper, M|69/100
|-damage|p2a: Pelipper|44/100|[from] Stealth Rock
|-weather|RainDance|[from] ability: Drizzle|[of] p2a: Pelipper
|move|p1a: Ting-Lu|Payback|p2a: Pelipper
|-damage|p2a: Pelipper|31/100
|
|-weather|RainDance|[upkeep]
|upkeep
|turn|36
|inactive|jihlih has 120 seconds left.
|
|t:|1781381400
|move|p2a: Pelipper|Roost|p2a: Pelipper
|-heal|p2a: Pelipper|81/100
|-singleturn|p2a: Pelipper|move: Roost
|move|p1a: Ting-Lu|Payback|p2a: Pelipper
|-damage|p2a: Pelipper|52/100
|
|-weather|RainDance|[upkeep]
|upkeep
|turn|37
|
|t:|1781381405
|switch|p1a: Slowking|Slowking-Galar, M|56/100
|move|p2a: Pelipper|U-turn|p1a: Slowking
|-damage|p1a: Slowking|47/100
|
|t:|1781381407
|switch|p2a: Kingdra|Kingdra, F|100/100|[from] U-turn
|-damage|p2a: Kingdra|88/100|[from] Stealth Rock
|
|-weather|RainDance|[upkeep]
|upkeep
|turn|38
|
|t:|1781381417
|-terastallize|p1a: Slowking|Water
|move|p2a: Kingdra|Surf|p1a: Slowking
|-resisted|p1a: Slowking
|-damage|p1a: Slowking|22/100
|-prepare|p1a: Slowking|Chilly Reception|[premajor]
|move|p1a: Slowking|Chilly Reception|p1a: Slowking
|-weather|Snowscape
|
|t:|1781381421
|switch|p1a: Kyurem|Kyurem|56/100|[from] Chilly Reception
|-ability|p1a: Kyurem|Pressure
|
|-weather|Snowscape|[upkeep]
|-heal|p1a: Kyurem|62/100|[from] item: Leftovers
|upkeep
|turn|39
|
|t:|1781381426
|switch|p2a: Zamazenta|Zamazenta|86/100
|-damage|p2a: Zamazenta|79/100|[from] Stealth Rock
|move|p1a: Kyurem|Substitute|p1a: Kyurem
|-start|p1a: Kyurem|Substitute
|-damage|p1a: Kyurem|37/100
|
|-weather|Snowscape|[upkeep]
|-heal|p2a: Zamazenta|86/100|[from] item: Leftovers
|-heal|p1a: Kyurem|44/100|[from] item: Leftovers
|upkeep
|turn|40
|
|t:|1781381429
|move|p2a: Zamazenta|Crunch|p1a: Kyurem
|-activate|p1a: Kyurem|move: Substitute|[damage]
|move|p1a: Kyurem|Earth Power|p2a: Zamazenta
|-damage|p2a: Zamazenta|61/100
|
|-weather|Snowscape|[upkeep]
|-heal|p2a: Zamazenta|67/100|[from] item: Leftovers
|-heal|p1a: Kyurem|50/100|[from] item: Leftovers
|upkeep
|turn|41
|
|t:|1781381433
|move|p1a: Kyurem|Earth Power|p2a: Zamazenta
|-damage|p2a: Zamazenta|45/100
|move|p2a: Zamazenta|Roar|p1a: Kyurem
|drag|p1a: Slowking|Slowking-Galar, M, tera:Water|56/100
|
|-weather|Snowscape|[upkeep]
|-heal|p2a: Zamazenta|51/100|[from] item: Leftovers
|upkeep
|turn|42
|
|t:|1781381441
|switch|p1a: Kyurem|Kyurem|50/100
|-ability|p1a: Kyurem|Pressure
|move|p2a: Zamazenta|Crunch|p1a: Kyurem
|-damage|p1a: Kyurem|36/100
|
|-weather|none
|-heal|p2a: Zamazenta|57/100|[from] item: Leftovers
|-heal|p1a: Kyurem|42/100|[from] item: Leftovers
|upkeep
|turn|43
|
|t:|1781381446
|move|p1a: Kyurem|Protect|p1a: Kyurem
|-singleturn|p1a: Kyurem|Protect
|move|p2a: Zamazenta|Crunch|p1a: Kyurem
|-activate|p1a: Kyurem|move: Protect
|
|-heal|p2a: Zamazenta|63/100|[from] item: Leftovers
|-heal|p1a: Kyurem|48/100|[from] item: Leftovers
|upkeep
|turn|44
|
|t:|1781381452
|move|p2a: Zamazenta|Crunch|p1a: Kyurem
|-damage|p1a: Kyurem|30/100
|move|p1a: Kyurem|Earth Power|p2a: Zamazenta
|-damage|p2a: Zamazenta|39/100
|
|-heal|p2a: Zamazenta|45/100|[from] item: Leftovers
|-heal|p1a: Kyurem|36/100|[from] item: Leftovers
|upkeep
|turn|45
|
|t:|1781381475
|move|p1a: Kyurem|Protect|p1a: Kyurem
|-singleturn|p1a: Kyurem|Protect
|move|p2a: Zamazenta|Iron Defense|p2a: Zamazenta
|-boost|p2a: Zamazenta|def|2
|
|-heal|p2a: Zamazenta|52/100|[from] item: Leftovers
|-heal|p1a: Kyurem|42/100|[from] item: Leftovers
|upkeep
|turn|46
|
|t:|1781381480
|move|p2a: Zamazenta|Crunch|p1a: Kyurem
|-damage|p1a: Kyurem|23/100
|move|p1a: Kyurem|Substitute|p1a: Kyurem
|-fail|p1a: Kyurem|move: Substitute|[weak]
|
|-heal|p2a: Zamazenta|58/100|[from] item: Leftovers
|-heal|p1a: Kyurem|29/100|[from] item: Leftovers
|upkeep
|turn|47
|
|t:|1781381487
|move|p1a: Kyurem|Protect|p1a: Kyurem
|-singleturn|p1a: Kyurem|Protect
|move|p2a: Zamazenta|Iron Defense|p2a: Zamazenta
|-boost|p2a: Zamazenta|def|2
|
|-heal|p2a: Zamazenta|64/100|[from] item: Leftovers
|-heal|p1a: Kyurem|35/100|[from] item: Leftovers
|upkeep
|turn|48
|
|t:|1781381502
|switch|p1a: Ting-Lu|Ting-Lu|93/100
|-ability|p1a: Ting-Lu|Vessel of Ruin
|move|p2a: Zamazenta|Crunch|p1a: Ting-Lu
|-resisted|p1a: Ting-Lu
|-damage|p1a: Ting-Lu|87/100
|-unboost|p1a: Ting-Lu|def|1
|
|-heal|p2a: Zamazenta|70/100|[from] item: Leftovers
|upkeep
|turn|49
|
|t:|1781381513
|switch|p2a: Pelipper|Pelipper, M|52/100
|-damage|p2a: Pelipper|27/100|[from] Stealth Rock
|-weather|RainDance|[from] ability: Drizzle|[of] p2a: Pelipper
|switch|p1a: Slowking|Slowking-Galar, M, tera:Water|89/100
|
|-weather|RainDance|[upkeep]
|upkeep
|turn|50
|
|t:|1781381518
|move|p2a: Pelipper|Roost|p2a: Pelipper
|-heal|p2a: Pelipper|77/100
|-singleturn|p2a: Pelipper|move: Roost
|-prepare|p1a: Slowking|Chilly Reception|[premajor]
|move|p1a: Slowking|Chilly Reception|p1a: Slowking
|-weather|Snowscape
|
|t:|1781381522
|switch|p1a: Kyurem|Kyurem|35/100|[from] Chilly Reception
|-ability|p1a: Kyurem|Pressure
|
|-weather|Snowscape|[upkeep]
|-heal|p1a: Kyurem|41/100|[from] item: Leftovers
|upkeep
|turn|51
|
|t:|1781381528
|switch|p2a: Zamazenta|Zamazenta|70/100
|-damage|p2a: Zamazenta|64/100|[from] Stealth Rock
|move|p1a: Kyurem|Freeze-Dry|p2a: Zamazenta
|-damage|p2a: Zamazenta|37/100
|
|-weather|Snowscape|[upkeep]
|-heal|p2a: Zamazenta|43/100|[from] item: Leftovers
|-heal|p1a: Kyurem|48/100|[from] item: Leftovers
|upkeep
|turn|52
|
|t:|1781381531
|move|p1a: Kyurem|Protect|p1a: Kyurem
|-singleturn|p1a: Kyurem|Protect
|move|p2a: Zamazenta|Iron Defense|p2a: Zamazenta
|-boost|p2a: Zamazenta|def|2
|
|-weather|Snowscape|[upkeep]
|-heal|p2a: Zamazenta|49/100|[from] item: Leftovers
|-heal|p1a: Kyurem|54/100|[from] item: Leftovers
|upkeep
|turn|53
|
|t:|1781381533
|switch|p1a: Slowking|Slowking-Galar, M, tera:Water|100/100
|move|p2a: Zamazenta|Crunch|p1a: Slowking
|-damage|p1a: Slowking|78/100
|
|-weather|Snowscape|[upkeep]
|-heal|p2a: Zamazenta|55/100|[from] item: Leftovers
|upkeep
|turn|54
|
|t:|1781381539
|move|p2a: Zamazenta|Iron Defense|p2a: Zamazenta
|-boost|p2a: Zamazenta|def|2
|move|p1a: Slowking|Toxic|p2a: Zamazenta
|-status|p2a: Zamazenta|tox
|
|-weather|none
|-heal|p2a: Zamazenta|61/100 tox|[from] item: Leftovers
|-damage|p2a: Zamazenta|55/100 tox|[from] psn
|upkeep
|turn|55
|
|t:|1781381545
|switch|p2a: Kingambit|Kingambit, F|100/100
|-damage|p2a: Kingambit|94/100|[from] Stealth Rock
|-activate|p2a: Kingambit|ability: Supreme Overlord
|-start|p2a: Kingambit|fallen1|[silent]
|move|p1a: Slowking|Future Sight|p2a: Kingambit
|-start|p1a: Slowking|move: Future Sight
|
|upkeep
|turn|56
|
|t:|1781381551
|switch|p1a: Dondozo|Dondozo, F|86/100
|move|p2a: Kingambit|Kowtow Cleave|p1a: Dondozo
|-damage|p1a: Dondozo|63/100
|
|-heal|p1a: Dondozo|69/100|[from] item: Leftovers
|upkeep
|turn|57
|
|t:|1781381559
|-end|p2a: Kingambit|fallen1|[silent]
|switch|p2a: Pelipper|Pelipper, M|77/100
|-damage|p2a: Pelipper|52/100|[from] Stealth Rock
|-weather|RainDance|[from] ability: Drizzle|[of] p2a: Pelipper
|move|p1a: Dondozo|Body Press|p2a: Pelipper
|-resisted|p2a: Pelipper
|-damage|p2a: Pelipper|41/100
|
|-weather|RainDance|[upkeep]
|-end|p2a: Pelipper|move: Future Sight
|-damage|p2a: Pelipper|0 fnt
|faint|p2a: Pelipper
|-heal|p1a: Dondozo|75/100|[from] item: Leftovers
|upkeep
|
|t:|1781381562
|switch|p2a: Raging Bolt|Raging Bolt|100/100
|-damage|p2a: Raging Bolt|88/100|[from] Stealth Rock
|-enditem|p2a: Raging Bolt|Booster Energy
|-activate|p2a: Raging Bolt|ability: Protosynthesis|[fromitem]
|-start|p2a: Raging Bolt|protosynthesisspa
|turn|58
|
|t:|1781381568
|switch|p1a: Slowking|Slowking-Galar, M, tera:Water|100/100
|move|p2a: Raging Bolt|Thunder|p1a: Slowking
|-supereffective|p1a: Slowking
|-damage|p1a: Slowking|2/100
|-status|p1a: Slowking|par
|
|-weather|RainDance|[upkeep]
|upkeep
|turn|59
|
|t:|1781381575
|switch|p1a: Ting-Lu|Ting-Lu|87/100
|-ability|p1a: Ting-Lu|Vessel of Ruin
|move|p2a: Raging Bolt|Weather Ball|p1a: Ting-Lu
|-supereffective|p1a: Ting-Lu
|-damage|p1a: Ting-Lu|21/100
|
|-weather|RainDance|[upkeep]
|upkeep
|turn|60
|inactive|jihlih has 120 seconds left.
|
|t:|1781381612
|switch|p1a: Kyurem|Kyurem|54/100
|-ability|p1a: Kyurem|Pressure
|move|p2a: Raging Bolt|Weather Ball|p1a: Kyurem
|-resisted|p1a: Kyurem
|-damage|p1a: Kyurem|15/100
|
|-weather|RainDance|[upkeep]
|-heal|p1a: Kyurem|21/100|[from] item: Leftovers
|upkeep
|turn|61
|
|t:|1781381629
|-terastallize|p2a: Raging Bolt|Fairy
|move|p1a: Kyurem|Protect|p1a: Kyurem
|-singleturn|p1a: Kyurem|Protect
|move|p2a: Raging Bolt|Dragon Pulse|p1a: Kyurem
|-activate|p1a: Kyurem|move: Protect
|
|-weather|RainDance|[upkeep]
|-heal|p1a: Kyurem|27/100|[from] item: Leftovers
|upkeep
|turn|62
|inactive|jihlih has 120 seconds left.
|
|t:|1781381646
|switch|p1a: Slowking|Slowking-Galar, M, tera:Water|35/100 par
|move|p2a: Raging Bolt|Dragon Pulse|p1a: Slowking
|-damage|p1a: Slowking|0 fnt
|faint|p1a: Slowking
|
|-weather|RainDance|[upkeep]
|upkeep
|inactive|jihlih has 120 seconds left.
|
|t:|1781381653
|switch|p1a: Cinderace|Cinderace, F|27/100
|turn|63
|inactive|jihlih has 120 seconds left.
|
|t:|1781381665
|switch|p1a: Ting-Lu|Ting-Lu|21/100
|-ability|p1a: Ting-Lu|Vessel of Ruin
|move|p2a: Raging Bolt|Thunderclap||[still]
|-fail|p2a: Raging Bolt
|
|-weather|RainDance|[upkeep]
|upkeep
|turn|64
|inactive|jihlih has 120 seconds left.
|
|t:|1781381677
|switch|p1a: Cinderace|Cinderace, F|27/100
|move|p2a: Raging Bolt|Weather Ball|p1a: Cinderace
|-supereffective|p1a: Cinderace
|-damage|p1a: Cinderace|0 fnt
|faint|p1a: Cinderace
|
|-weather|none
|upkeep
|
|t:|1781381680
|switch|p1a: Kyurem|Kyurem|27/100
|-ability|p1a: Kyurem|Pressure
|turn|65
|
|t:|1781381683
|move|p1a: Kyurem|Protect|p1a: Kyurem
|-singleturn|p1a: Kyurem|Protect
|move|p2a: Raging Bolt|Dragon Pulse|p1a: Kyurem
|-activate|p1a: Kyurem|move: Protect
|
|-heal|p1a: Kyurem|34/100|[from] item: Leftovers
|upkeep
|turn|66
|
|t:|1781381691
|switch|p1a: Dondozo|Dondozo, F|75/100
|move|p2a: Raging Bolt|Dragon Pulse|p1a: Dondozo
|-damage|p1a: Dondozo|13/100
|
|-heal|p1a: Dondozo|19/100|[from] item: Leftovers
|upkeep
|turn|67
|
|t:|1781381702
|switch|p1a: Ting-Lu|Ting-Lu|21/100
|-ability|p1a: Ting-Lu|Vessel of Ruin
|move|p2a: Raging Bolt|Dragon Pulse|p1a: Ting-Lu
|-damage|p1a: Ting-Lu|0 fnt
|faint|p1a: Ting-Lu
|
|upkeep
|
|t:|1781381706
|switch|p1a: Kyurem|Kyurem|34/100
|-ability|p1a: Kyurem|Pressure
|turn|68
|
|t:|1781381710
|move|p1a: Kyurem|Protect|p1a: Kyurem
|-singleturn|p1a: Kyurem|Protect
|move|p2a: Raging Bolt|Weather Ball|p1a: Kyurem
|-activate|p1a: Kyurem|move: Protect
|
|-heal|p1a: Kyurem|40/100|[from] item: Leftovers
|upkeep
|turn|69
|
|t:|1781381717
|move|p1a: Kyurem|Substitute|p1a: Kyurem
|-start|p1a: Kyurem|Substitute
|-damage|p1a: Kyurem|15/100
|move|p2a: Raging Bolt|Dragon Pulse|p1a: Kyurem
|-supereffective|p1a: Kyurem
|-end|p1a: Kyurem|Substitute
|
|-heal|p1a: Kyurem|21/100|[from] item: Leftovers
|upkeep
|turn|70
|
|t:|1781381737
|move|p1a: Kyurem|Substitute|p1a: Kyurem
|-fail|p1a: Kyurem|move: Substitute|[weak]
|move|p2a: Raging Bolt|Weather Ball|p1a: Kyurem
|-damage|p1a: Kyurem|0 fnt
|faint|p1a: Kyurem
|
|upkeep
|-message|jihlih forfeited.
|
|win|Kinair
|raw|jihlih's rating: 1520 &rarr; <strong>1503</strong><br />(-17 for losing)
|raw|Kinair's rating: 1581 &rarr; <strong>1598</strong><br />(+17 for winning)
|l|☆jihlih
|player|p1|
|c|☆Kinair|Arrête de jouer cette teampitié
|l|☆Kinair
|player|p2|
