|j|☆18dabloons
|j|☆Bigkyuza18
|t:|1781154114
|gametype|singles
|player|p1|18dabloons|caitlin|1748
|player|p2|Bigkyuza18|266|1699
|gen|9
|tier|[Gen 9] OU
|rated|
|rule|HP Percentage Mod: HP is shown in percentages
|rule|Endless Battle Clause: Forcing endless battles is banned
|rule|Species Clause: Limit one of each Pokémon
|rule|OHKO Clause: OHKO moves are banned
|rule|Evasion Items Clause: Evasion items are banned
|rule|Evasion Moves Clause: Evasion moves are banned
|rule|Evasion Abilities Clause: Evasion abilities are banned
|rule|Sleep Moves Clause: Sleep-inducing moves are banned
|clearpoke
|poke|p1|Ursaluna, M|
|poke|p1|Rillaboom, F|
|poke|p1|Iron Moth|
|poke|p1|Serperior, F|
|poke|p1|Scizor, F|
|poke|p1|Ting-Lu|
|poke|p2|Pecharunt|
|poke|p2|Gholdengo|
|poke|p2|Ting-Lu|
|poke|p2|Dragonite, F|
|poke|p2|Walking Wake|
|poke|p2|Zamazenta-*|
|teampreview
|inactive|Battle timer is ON: inactive players will automatically lose when time's up. (requested by Bigkyuza18)
|j| sparks2op
|
|t:|1781154138
|teamsize|p1|6
|teamsize|p2|6
|start
|switch|p1a: Scizor|Scizor, F|100/100
|switch|p2a: Dragonite|Dragonite, F|100/100
|turn|1
|
|t:|1781154141
|move|p2a: Dragonite|Earthquake|p1a: Scizor
|-damage|p1a: Scizor|61/100
|move|p1a: Scizor|U-turn|p2a: Dragonite
|-resisted|p2a: Dragonite
|-damage|p2a: Dragonite|92/100
|
|t:|1781154167
|switch|p1a: Serperior|Serperior, F|100/100|[from] U-turn
|
|upkeep
|turn|2
|
|t:|1781154171
|move|p1a: Serperior|Glare|p2a: Dragonite
|-status|p2a: Dragonite|par
|cant|p2a: Dragonite|par
|
|upkeep
|turn|3
|inactive|18dabloons has 120 seconds left.
|
|t:|1781154202
|switch|p1a: Ting-Lu|Ting-Lu|100/100
|-ability|p1a: Ting-Lu|Vessel of Ruin
|move|p2a: Dragonite|Dragon Tail|p1a: Ting-Lu|[miss]
|-miss|p2a: Dragonite|p1a: Ting-Lu
|
|upkeep
|turn|4
|
|t:|1781154210
|move|p1a: Ting-Lu|Stealth Rock|p2a: Dragonite
|-sidestart|p2: Bigkyuza18|move: Stealth Rock
|move|p2a: Dragonite|Roost|p2a: Dragonite
|-heal|p2a: Dragonite|100/100 par
|-singleturn|p2a: Dragonite|move: Roost
|
|upkeep
|turn|5
|
|t:|1781154216
|switch|p2a: Ting-Lu|Ting-Lu|100/100
|-damage|p2a: Ting-Lu|94/100|[from] Stealth Rock
|-ability|p2a: Ting-Lu|Vessel of Ruin
|move|p1a: Ting-Lu|Ruination|p2a: Ting-Lu
|-damage|p2a: Ting-Lu|47/100
|
|upkeep
|turn|6
|
|t:|1781154224
|switch|p1a: Scizor|Scizor, F|61/100
|move|p2a: Ting-Lu|Stealth Rock|p1a: Scizor
|-sidestart|p1: 18dabloons|move: Stealth Rock
|
|upkeep
|turn|7
|
|t:|1781154231
|move|p1a: Scizor|Knock Off|p2a: Ting-Lu
|-resisted|p2a: Ting-Lu
|-damage|p2a: Ting-Lu|38/100
|-damage|p1a: Scizor|45/100|[from] item: Rocky Helmet|[of] p2a: Ting-Lu
|-enditem|p2a: Ting-Lu|Rocky Helmet|[from] move: Knock Off|[of] p1a: Scizor
|-enditem|p1a: Scizor|Sitrus Berry|[eat]
|-heal|p1a: Scizor|69/100|[from] item: Sitrus Berry
|move|p2a: Ting-Lu|Spikes|p1a: Scizor
|-sidestart|p1: 18dabloons|Spikes
|
|upkeep
|turn|8
|
|t:|1781154236
|move|p1a: Scizor|Defog|p2a: Ting-Lu
|-unboost|p2a: Ting-Lu|evasion|1
|-sideend|p2: Bigkyuza18|Stealth Rock|[from] move: Defog|[of] p1a: Scizor
|-sideend|p1: 18dabloons|Spikes|[from] move: Defog|[of] p1a: Scizor
|-sideend|p1: 18dabloons|Stealth Rock|[from] move: Defog|[of] p1a: Scizor
|move|p2a: Ting-Lu|Ruination|p1a: Scizor
|-damage|p1a: Scizor|35/100
|
|upkeep
|turn|9
|
|t:|1781154240
|move|p1a: Scizor|U-turn|p2a: Ting-Lu
|-supereffective|p2a: Ting-Lu
|-damage|p2a: Ting-Lu|0 fnt
|faint|p2a: Ting-Lu
|
|t:|1781154258
|switch|p1a: Iron Moth|Iron Moth|100/100|[from] U-turn
|
|upkeep
|
|t:|1781154261
|switch|p2a: Dragonite|Dragonite, F|100/100 par
|turn|10
|
|t:|1781154264
|move|p1a: Iron Moth|U-turn|p2a: Dragonite
|-resisted|p2a: Dragonite
|-damage|p2a: Dragonite|98/100 par
|
|t:|1781154267
|-end|p1a: Iron Moth|Quark Drive|[silent]
|switch|p1a: Ursaluna|Ursaluna, M|100/100|[from] U-turn
|move|p2a: Dragonite|Dragon Tail|p1a: Ursaluna
|-damage|p1a: Ursaluna|76/100
|drag|p1a: Rillaboom|Rillaboom, F|100/100
|-fieldstart|move: Grassy Terrain|[from] ability: Grassy Surge|[of] p1a: Rillaboom
|
|upkeep
|turn|11
|
|t:|1781154274
|move|p1a: Rillaboom|Knock Off|p2a: Dragonite
|-damage|p2a: Dragonite|64/100 par
|-enditem|p2a: Dragonite|Heavy-Duty Boots|[from] move: Knock Off|[of] p1a: Rillaboom
|move|p2a: Dragonite|Dragon Tail|p1a: Rillaboom
|-damage|p1a: Rillaboom|65/100
|drag|p1a: Iron Moth|Iron Moth|100/100
|
|upkeep
|turn|12
|
|t:|1781154287
|move|p1a: Iron Moth|U-turn|p2a: Dragonite
|-resisted|p2a: Dragonite
|-damage|p2a: Dragonite|59/100 par
|
|t:|1781154301
|-end|p1a: Iron Moth|Quark Drive|[silent]
|switch|p1a: Ting-Lu|Ting-Lu|100/100|[from] U-turn
|-ability|p1a: Ting-Lu|Vessel of Ruin
|move|p2a: Dragonite|Roost|p2a: Dragonite
|-heal|p2a: Dragonite|100/100 par
|-singleturn|p2a: Dragonite|move: Roost
|
|upkeep
|turn|13
|
|t:|1781154304
|move|p1a: Ting-Lu|Stealth Rock|p2a: Dragonite
|-sidestart|p2: Bigkyuza18|move: Stealth Rock
|move|p2a: Dragonite|Dragon Tail|p1a: Ting-Lu
|-damage|p1a: Ting-Lu|84/100
|drag|p1a: Scizor|Scizor, F|35/100
|
|-heal|p1a: Scizor|41/100|[from] Grassy Terrain
|upkeep
|turn|14
|
|t:|1781154315
|move|p1a: Scizor|Bullet Punch|p2a: Dragonite
|-damage|p2a: Dragonite|85/100 par
|move|p2a: Dragonite|Dragon Tail|p1a: Scizor
|-resisted|p1a: Scizor
|-damage|p1a: Scizor|25/100
|drag|p1a: Rillaboom|Rillaboom, F|65/100
|
|-heal|p1a: Rillaboom|71/100|[from] Grassy Terrain
|-fieldend|move: Grassy Terrain
|upkeep
|turn|15
|j| liechiteladihul
|
|t:|1781154321
|move|p1a: Rillaboom|U-turn|p2a: Dragonite
|-resisted|p2a: Dragonite
|-damage|p2a: Dragonite|72/100 par
|
|t:|1781154324
|switch|p1a: Scizor|Scizor, F|25/100|[from] U-turn
|move|p2a: Dragonite|Dragon Tail|p1a: Scizor
|-resisted|p1a: Scizor
|-damage|p1a: Scizor|8/100
|drag|p1a: Serperior|Serperior, F|100/100
|
|upkeep
|turn|16
|
|t:|1781154330
|move|p1a: Serperior|Substitute|p1a: Serperior
|-start|p1a: Serperior|Substitute
|-damage|p1a: Serperior|76/100
|move|p2a: Dragonite|Dragon Tail|p1a: Serperior
|-end|p1a: Serperior|Substitute
|
|-heal|p1a: Serperior|82/100|[from] item: Leftovers
|upkeep
|turn|17
|
|t:|1781154335
|move|p1a: Serperior|Substitute|p1a: Serperior
|-start|p1a: Serperior|Substitute
|-damage|p1a: Serperior|57/100
|cant|p2a: Dragonite|par
|
|-heal|p1a: Serperior|63/100|[from] item: Leftovers
|upkeep
|turn|18
|
|t:|1781154338
|cant|p2a: Dragonite|par
|move|p1a: Serperior|Leaf Storm|p2a: Dragonite
|-resisted|p2a: Dragonite
|-damage|p2a: Dragonite|62/100 par
|-boost|p1a: Serperior|spa|2
|
|-heal|p1a: Serperior|70/100|[from] item: Leftovers
|upkeep
|turn|19
|
|t:|1781154344
|cant|p2a: Dragonite|par
|move|p1a: Serperior|Taunt|p2a: Dragonite
|-start|p2a: Dragonite|move: Taunt
|
|-heal|p1a: Serperior|76/100|[from] item: Leftovers
|upkeep
|turn|20
|
|t:|1781154346
|cant|p2a: Dragonite|par
|move|p1a: Serperior|Leaf Storm|p2a: Dragonite
|-resisted|p2a: Dragonite
|-damage|p2a: Dragonite|41/100 par
|-boost|p1a: Serperior|spa|2
|
|-heal|p1a: Serperior|82/100|[from] item: Leftovers
|upkeep
|turn|21
|
|t:|1781154348
|move|p2a: Dragonite|Extreme Speed|p1a: Serperior
|-end|p1a: Serperior|Substitute
|move|p1a: Serperior|Leaf Storm|p2a: Dragonite
|-resisted|p2a: Dragonite
|-damage|p2a: Dragonite|7/100 par
|-boost|p1a: Serperior|spa|2
|
|-heal|p1a: Serperior|88/100|[from] item: Leftovers
|upkeep
|turn|22
|
|t:|1781154355
|cant|p2a: Dragonite|par
|move|p1a: Serperior|Substitute|p1a: Serperior
|-start|p1a: Serperior|Substitute
|-damage|p1a: Serperior|63/100
|
|-heal|p1a: Serperior|70/100|[from] item: Leftovers
|-end|p2a: Dragonite|move: Taunt
|upkeep
|turn|23
|
|t:|1781154358
|cant|p2a: Dragonite|par
|move|p1a: Serperior|Leaf Storm|p2a: Dragonite
|-resisted|p2a: Dragonite
|-damage|p2a: Dragonite|0 fnt
|faint|p2a: Dragonite
|
|-heal|p1a: Serperior|76/100|[from] item: Leftovers
|upkeep
|
|t:|1781154365
|switch|p2a: Gholdengo|Gholdengo|100/100
|-damage|p2a: Gholdengo|94/100|[from] Stealth Rock
|turn|24
|
|t:|1781154370
|move|p2a: Gholdengo|Shadow Ball|p1a: Serperior
|-end|p1a: Serperior|Substitute
|move|p1a: Serperior|Leaf Storm|p2a: Gholdengo
|-resisted|p2a: Gholdengo
|-damage|p2a: Gholdengo|0 fnt
|faint|p2a: Gholdengo
|
|-heal|p1a: Serperior|82/100|[from] item: Leftovers
|upkeep
|
|t:|1781154374
|switch|p2a: Zamazenta|Zamazenta|100/100
|-damage|p2a: Zamazenta|94/100|[from] Stealth Rock
|-ability|p2a: Zamazenta|Dauntless Shield|boost
|-boost|p2a: Zamazenta|def|1
|turn|25
|
|t:|1781154389
|-terastallize|p2a: Zamazenta|Fighting
|move|p2a: Zamazenta|Close Combat|p1a: Serperior
|-damage|p1a: Serperior|0 fnt
|-unboost|p2a: Zamazenta|def|1
|-unboost|p2a: Zamazenta|spd|1
|faint|p1a: Serperior
|
|upkeep
|inactive|18dabloons has 120 seconds left.
|
|t:|1781154434
|switch|p1a: Iron Moth|Iron Moth|100/100
|turn|26
|
|t:|1781154438
|switch|p2a: Walking Wake|Walking Wake|100/100
|move|p1a: Iron Moth|Sludge Wave|p2a: Walking Wake
|-damage|p2a: Walking Wake|39/100
|
|upkeep
|turn|27
|inactive|18dabloons has 120 seconds left.
|
|t:|1781154446
|move|p1a: Iron Moth|Sludge Wave|p2a: Walking Wake
|-crit|p2a: Walking Wake
|-damage|p2a: Walking Wake|0 fnt
|faint|p2a: Walking Wake
|-end|p2a: Walking Wake|Protosynthesis|[silent]
|
|upkeep
|
|t:|1781154449
|switch|p2a: Pecharunt|Pecharunt|100/100
|turn|28
|
|t:|1781154454
|-end|p1a: Iron Moth|Quark Drive|[silent]
|switch|p1a: Scizor|Scizor, F|8/100
|switch|p2a: Zamazenta|Zamazenta, tera:Fighting|94/100
|-damage|p2a: Zamazenta|88/100|[from] Stealth Rock
|
|upkeep
|turn|29
|
|t:|1781154464
|move|p1a: Scizor|Bullet Punch|p2a: Zamazenta
|-damage|p2a: Zamazenta|58/100
|move|p2a: Zamazenta|Close Combat|p1a: Scizor
|-damage|p1a: Scizor|0 fnt
|-unboost|p2a: Zamazenta|def|1
|-unboost|p2a: Zamazenta|spd|1
|faint|p1a: Scizor
|
|upkeep
|
|t:|1781154476
|switch|p1a: Iron Moth|Iron Moth|100/100
|turn|30
|
|t:|1781154478
|move|p2a: Zamazenta|Close Combat|p1a: Iron Moth
|-resisted|p1a: Iron Moth
|-damage|p1a: Iron Moth|23/100
|-unboost|p2a: Zamazenta|def|1
|-unboost|p2a: Zamazenta|spd|1
|move|p1a: Iron Moth|Fiery Dance|p2a: Zamazenta
|-damage|p2a: Zamazenta|0 fnt
|-boost|p1a: Iron Moth|spa|1
|faint|p2a: Zamazenta
|
|upkeep
|-message|Bigkyuza18 forfeited.
|
|win|18dabloons
|raw|18dabloons's rating: 1748 &rarr; <strong>1765</strong><br />(+17 for winning)
|raw|Bigkyuza18's rating: 1699 &rarr; <strong>1682</strong><br />(-17 for losing)
|l|☆Bigkyuza18
|player|p2|
|l|☆18dabloons
|player|p1|
|l| liechiteladihul
|l| sparks2op
