|j|☆Gunho Magika
|j|☆bigballs01
|t:|1781489719
|gametype|singles
|player|p1|Gunho Magika|riley|1577
|player|p2|bigballs01|swimmer-gen4dp|1607
|gen|9
|tier|[Gen 9] OU
|rated|
|rule|HP Percentage Mod: HP is shown in percentages
|rule|Endless Battle Clause: Forcing endless battles is banned
|rule|Species Clause: Limit one of each Pokémon
|rule|OHKO Clause: OHKO moves are banned
|rule|Evasion Items Clause: Evasion items are banned
|rule|Evasion Moves Clause: Evasion moves are banned
|rule|Evasion Abilities Clause: Evasion abilities are banned
|rule|Sleep Moves Clause: Sleep-inducing moves are banned
|clearpoke
|poke|p1|Dragapult, M|
|poke|p1|Okidogi, M|
|poke|p1|Iron Crown|
|poke|p1|Iron Valiant|
|poke|p1|Landorus-Therian, M|
|poke|p1|Blastoise, M|
|poke|p2|Hatterene, F|
|poke|p2|Great Tusk|
|poke|p2|Tornadus-Therian, M|
|poke|p2|Kyurem|
|poke|p2|Slowking-Galar, M|
|poke|p2|Kingambit, F|
|teampreview
|inactive|Battle timer is ON: inactive players will automatically lose when time's up. (requested by bigballs01)
|
|t:|1781489746
|teamsize|p1|6
|teamsize|p2|6
|start
|switch|p1a: Iron Crown|Iron Crown|100/100
|switch|p2a: Tornadus|Tornadus-Therian, M|100/100
|turn|1
|
|t:|1781489753
|move|p2a: Tornadus|Knock Off|p1a: Iron Crown
|-supereffective|p1a: Iron Crown
|-damage|p1a: Iron Crown|56/100
|-enditem|p1a: Iron Crown|Assault Vest|[from] move: Knock Off|[of] p2a: Tornadus
|move|p1a: Iron Crown|Tachyon Cutter|p2a: Tornadus
|-damage|p2a: Tornadus|82/100
|-damage|p2a: Tornadus|64/100
|-hitcount|p2a: Tornadus|2
|
|upkeep
|turn|2
|
|t:|1781489759
|move|p2a: Tornadus|U-turn|p1a: Iron Crown
|-damage|p1a: Iron Crown|39/100
|
|t:|1781489762
|switch|p2a: Slowking|Slowking-Galar, M|100/100|[from] U-turn
|move|p1a: Iron Crown|Volt Switch|p2a: Slowking
|-damage|p2a: Slowking|82/100
|
|t:|1781489770
|-end|p1a: Iron Crown|Quark Drive|[silent]
|switch|p1a: Landorus|Landorus-Therian, M|100/100|[from] Volt Switch
|-ability|p1a: Landorus|Intimidate|boost
|-unboost|p2a: Slowking|atk|1
|
|-heal|p2a: Slowking|88/100|[from] item: Black Sludge
|upkeep
|turn|3
|
|t:|1781489775
|switch|p2a: Hatterene|Hatterene, F|100/100
|move|p1a: Landorus|Taunt|p2a: Hatterene
|move|p2a: Hatterene|Taunt|p1a: Landorus|[from] ability: Magic Bounce
|-start|p1a: Landorus|move: Taunt
|
|upkeep
|turn|4
|
|t:|1781489779
|move|p1a: Landorus|U-turn|p2a: Hatterene
|-damage|p2a: Hatterene|82/100
|-damage|p1a: Landorus|84/100|[from] item: Rocky Helmet|[of] p2a: Hatterene
|
|t:|1781489784
|switch|p1a: Iron Crown|Iron Crown|39/100|[from] U-turn
|move|p2a: Hatterene|Psychic Noise|p1a: Iron Crown
|-resisted|p1a: Iron Crown
|-damage|p1a: Iron Crown|30/100
|-start|p1a: Iron Crown|move: Heal Block
|
|upkeep
|turn|5
|
|t:|1781489795
|switch|p2a: Tornadus|Tornadus-Therian, M|97/100
|move|p1a: Iron Crown|Psychic Noise|p2a: Tornadus
|-damage|p2a: Tornadus|73/100
|-start|p2a: Tornadus|move: Heal Block
|
|-end|p1a: Iron Crown|move: Heal Block
|upkeep
|turn|6
|
|t:|1781489804
|move|p2a: Tornadus|Heat Wave|p1a: Iron Crown
|-supereffective|p1a: Iron Crown
|-damage|p1a: Iron Crown|0 fnt
|faint|p1a: Iron Crown
|-end|p1a: Iron Crown|Quark Drive|[silent]
|
|-end|p2a: Tornadus|move: Heal Block
|upkeep
|
|t:|1781489815
|switch|p1a: Landorus|Landorus-Therian, M|84/100
|-ability|p1a: Landorus|Intimidate|boost
|-unboost|p2a: Tornadus|atk|1
|turn|7
|
|t:|1781489823
|switch|p2a: Hatterene|Hatterene, F|82/100
|move|p1a: Landorus|U-turn|p2a: Hatterene
|-damage|p2a: Hatterene|64/100
|-damage|p1a: Landorus|68/100|[from] item: Rocky Helmet|[of] p2a: Hatterene
|
|t:|1781489831
|switch|p1a: Dragapult|Dragapult, M, shiny|100/100|[from] U-turn
|
|upkeep
|turn|8
|
|t:|1781489838
|switch|p2a: Tornadus|Tornadus-Therian, M|100/100
|move|p1a: Dragapult|Shadow Ball|p2a: Tornadus
|-damage|p2a: Tornadus|66/100
|
|upkeep
|turn|9
|
|t:|1781489846
|switch|p1a: Landorus|Landorus-Therian, M|68/100
|-ability|p1a: Landorus|Intimidate|boost
|-unboost|p2a: Tornadus|atk|1
|move|p2a: Tornadus|Knock Off|p1a: Landorus
|-damage|p1a: Landorus|55/100
|-damage|p2a: Tornadus|49/100|[from] item: Rocky Helmet|[of] p1a: Landorus
|-enditem|p1a: Landorus|Rocky Helmet|[from] move: Knock Off|[of] p2a: Tornadus
|
|upkeep
|turn|10
|
|t:|1781489852
|move|p2a: Tornadus|U-turn|p1a: Landorus
|-resisted|p1a: Landorus
|-damage|p1a: Landorus|50/100
|
|t:|1781489854
|switch|p2a: Hatterene|Hatterene, F|64/100|[from] U-turn
|move|p1a: Landorus|U-turn|p2a: Hatterene
|-damage|p2a: Hatterene|45/100
|-damage|p1a: Landorus|33/100|[from] item: Rocky Helmet|[of] p2a: Hatterene
|
|t:|1781489857
|switch|p1a: Dragapult|Dragapult, M, shiny|100/100|[from] U-turn
|
|upkeep
|turn|11
|
|t:|1781489871
|switch|p2a: Tornadus|Tornadus-Therian, M|83/100
|-terastallize|p1a: Dragapult|Ghost
|move|p1a: Dragapult|Shadow Ball|p2a: Tornadus
|-damage|p2a: Tornadus|35/100
|
|upkeep
|turn|12
|
|t:|1781489876
|switch|p2a: Kingambit|Kingambit, F|100/100
|move|p1a: Dragapult|Shadow Ball|p2a: Kingambit
|-resisted|p2a: Kingambit
|-damage|p2a: Kingambit|68/100
|
|-heal|p2a: Kingambit|74/100|[from] item: Leftovers
|upkeep
|turn|13
|
|t:|1781489881
|switch|p1a: Landorus|Landorus-Therian, M|33/100
|-ability|p1a: Landorus|Intimidate|boost
|-unboost|p2a: Kingambit|atk|1
|-end|p2a: Kingambit|fallenundefined|[silent]
|switch|p2a: Kyurem|Kyurem|100/100
|-ability|p2a: Kyurem|Pressure
|
|upkeep
|turn|14
|
|t:|1781489885
|move|p2a: Kyurem|Freeze-Dry|p1a: Landorus
|-supereffective|p1a: Landorus
|-damage|p1a: Landorus|0 fnt
|faint|p1a: Landorus
|
|upkeep
|
|t:|1781489888
|switch|p1a: Okidogi|Okidogi, M|100/100
|turn|15
|
|t:|1781489895
|switch|p2a: Great Tusk|Great Tusk|100/100
|move|p1a: Okidogi|Ice Punch|p2a: Great Tusk
|-supereffective|p2a: Great Tusk
|-damage|p2a: Great Tusk|68/100
|-damage|p1a: Okidogi|84/100|[from] item: Rocky Helmet|[of] p2a: Great Tusk
|
|-heal|p1a: Okidogi|90/100|[from] item: Leftovers
|upkeep
|turn|16
|
|t:|1781489903
|switch|p1a: Blastoise|Blastoise, M|100/100
|move|p2a: Great Tusk|Headlong Rush|p1a: Blastoise
|-damage|p1a: Blastoise|51/100
|-unboost|p2a: Great Tusk|def|1
|-unboost|p2a: Great Tusk|spd|1
|
|upkeep
|turn|17
|
|t:|1781489909
|-end|p2a: Great Tusk|Protosynthesis|[silent]
|switch|p2a: Tornadus|Tornadus-Therian, M|68/100
|move|p1a: Blastoise|Ice Beam|p2a: Tornadus
|-supereffective|p2a: Tornadus
|-damage|p2a: Tornadus|44/100
|
|upkeep
|turn|18
|
|t:|1781489912
|move|p2a: Tornadus|U-turn|p1a: Blastoise
|-damage|p1a: Blastoise|39/100
|
|t:|1781489915
|switch|p2a: Slowking|Slowking-Galar, M|100/100|[from] U-turn
|move|p1a: Blastoise|Flip Turn|p2a: Slowking
|-damage|p2a: Slowking|87/100
|
|t:|1781489922
|switch|p1a: Dragapult|Dragapult, M, shiny, tera:Ghost|100/100|[from] Flip Turn
|
|-heal|p2a: Slowking|93/100|[from] item: Black Sludge
|upkeep
|turn|19
|
|t:|1781489948
|switch|p2a: Hatterene|Hatterene, F|45/100
|move|p1a: Dragapult|U-turn|p2a: Hatterene
|-damage|p2a: Hatterene|31/100
|-damage|p1a: Dragapult|84/100|[from] item: Rocky Helmet|[of] p2a: Hatterene
|
|t:|1781489960
|switch|p1a: Blastoise|Blastoise, M|39/100|[from] U-turn
|
|upkeep
|turn|20
|
|t:|1781489970
|switch|p2a: Tornadus|Tornadus-Therian, M|77/100
|move|p1a: Blastoise|Surf|p2a: Tornadus
|-damage|p2a: Tornadus|59/100
|
|upkeep
|turn|21
|
|t:|1781489972
|move|p2a: Tornadus|U-turn|p1a: Blastoise
|-damage|p1a: Blastoise|28/100
|
|t:|1781489976
|switch|p2a: Slowking|Slowking-Galar, M|100/100|[from] U-turn
|move|p1a: Blastoise|Ice Beam|p2a: Slowking
|-damage|p2a: Slowking|86/100
|
|-heal|p2a: Slowking|92/100|[from] item: Black Sludge
|upkeep
|turn|22
|
|t:|1781489979
|move|p1a: Blastoise|Flip Turn|p2a: Slowking
|-damage|p2a: Slowking|80/100
|
|t:|1781489983
|switch|p1a: Okidogi|Okidogi, M|90/100|[from] Flip Turn
|-prepare|p2a: Slowking|Chilly Reception|[premajor]
|move|p2a: Slowking|Chilly Reception|p2a: Slowking
|-weather|Snowscape
|
|t:|1781489988
|switch|p2a: Great Tusk|Great Tusk|68/100|[from] Chilly Reception
|
|-weather|Snowscape|[upkeep]
|-heal|p1a: Okidogi|96/100|[from] item: Leftovers
|upkeep
|turn|23
|
|t:|1781490010
|switch|p1a: Blastoise|Blastoise, M|28/100
|move|p2a: Great Tusk|Stealth Rock|p1a: Blastoise
|-sidestart|p1: Gunho Magika|move: Stealth Rock
|
|-weather|Snowscape|[upkeep]
|upkeep
|turn|24
|
|t:|1781490016
|move|p2a: Great Tusk|Headlong Rush|p1a: Blastoise
|-damage|p1a: Blastoise|0 fnt
|-unboost|p2a: Great Tusk|def|1
|-unboost|p2a: Great Tusk|spd|1
|faint|p1a: Blastoise
|
|-weather|Snowscape|[upkeep]
|upkeep
|
|t:|1781490029
|switch|p1a: Dragapult|Dragapult, M, shiny, tera:Ghost|84/100
|-damage|p1a: Dragapult|72/100|[from] Stealth Rock
|turn|25
|
|t:|1781490042
|-end|p2a: Great Tusk|Protosynthesis|[silent]
|switch|p2a: Hatterene|Hatterene, F|31/100
|move|p1a: Dragapult|Shadow Ball|p2a: Hatterene
|-supereffective|p2a: Hatterene
|-damage|p2a: Hatterene|0 fnt
|faint|p2a: Hatterene
|
|-weather|Snowscape|[upkeep]
|upkeep
|
|t:|1781490053
|switch|p2a: Kyurem|Kyurem|100/100
|-ability|p2a: Kyurem|Pressure
|turn|26
|
|t:|1781490061
|move|p1a: Dragapult|Shadow Ball|p2a: Kyurem
|-damage|p2a: Kyurem|33/100
|move|p2a: Kyurem|Blizzard|p1a: Dragapult
|-damage|p1a: Dragapult|0 fnt
|faint|p1a: Dragapult
|
|-weather|none
|upkeep
|
|t:|1781490066
|switch|p1a: Okidogi|Okidogi, M|96/100
|-damage|p1a: Okidogi|90/100|[from] Stealth Rock
|turn|27
|
|t:|1781490073
|move|p2a: Kyurem|Blizzard|p1a: Okidogi
|-crit|p1a: Okidogi
|-damage|p1a: Okidogi|0 fnt
|faint|p1a: Okidogi
|
|upkeep
|
|t:|1781490077
|switch|p1a: Iron Valiant|Iron Valiant|100/100
|-damage|p1a: Iron Valiant|94/100|[from] Stealth Rock
|-enditem|p1a: Iron Valiant|Booster Energy
|-activate|p1a: Iron Valiant|ability: Quark Drive|[fromitem]
|-start|p1a: Iron Valiant|quarkdrivespe
|turn|28
|
|t:|1781490080
|move|p1a: Iron Valiant|Moonblast|p2a: Kyurem
|-supereffective|p2a: Kyurem
|-damage|p2a: Kyurem|0 fnt
|faint|p2a: Kyurem
|
|upkeep
|
|t:|1781490086
|switch|p2a: Tornadus|Tornadus-Therian, M|92/100
|turn|29
|
|t:|1781490090
|move|p1a: Iron Valiant|Calm Mind|p1a: Iron Valiant
|-boost|p1a: Iron Valiant|spa|1
|-boost|p1a: Iron Valiant|spd|1
|move|p2a: Tornadus|Bleakwind Storm|p1a: Iron Valiant
|-supereffective|p1a: Iron Valiant
|-damage|p1a: Iron Valiant|2/100
|-unboost|p1a: Iron Valiant|spe|1
|
|upkeep
|turn|30
|-message|Gunho Magika forfeited.
|
|win|bigballs01
|raw|Gunho Magika's rating: 1577 &rarr; <strong>1559</strong><br />(-18 for losing)
|raw|bigballs01's rating: 1607 &rarr; <strong>1625</strong><br />(+18 for winning)
|l|☆Gunho Magika
|player|p1|
|l|☆bigballs01
|player|p2|
