|j|☆wubbybubbyjr
|j|☆LanceStern
|t:|1780982615
|gametype|singles
|player|p1|wubbybubbyjr|preschooler|1695
|player|p2|LanceStern|brock|1650
|gen|9
|tier|[Gen 9] OU
|rated|
|rule|HP Percentage Mod: HP is shown in percentages
|rule|Endless Battle Clause: Forcing endless battles is banned
|rule|Species Clause: Limit one of each Pokémon
|rule|OHKO Clause: OHKO moves are banned
|rule|Evasion Items Clause: Evasion items are banned
|rule|Evasion Moves Clause: Evasion moves are banned
|rule|Evasion Abilities Clause: Evasion abilities are banned
|rule|Sleep Moves Clause: Sleep-inducing moves are banned
|clearpoke
|poke|p1|Araquanid, F|
|poke|p1|Darkrai|
|poke|p1|Iron Treads|
|poke|p1|Dragonite, M|
|poke|p1|Gholdengo|
|poke|p1|Tornadus-Therian, M|
|poke|p2|Deoxys-Speed|
|poke|p2|Iron Moth|
|poke|p2|Samurott-Hisui, M|
|poke|p2|Great Tusk|
|poke|p2|Scizor, M|
|poke|p2|Sinistcha-Masterpiece|
|teampreview
|inactive|Battle timer is ON: inactive players will automatically lose when time's up. (requested by wubbybubbyjr)
|inactive|LanceStern has 120 seconds left.
|inactive|LanceStern has 90 seconds left.
|
|t:|1780982686
|teamsize|p1|6
|teamsize|p2|6
|start
|switch|p1a: barney|Dragonite, M|100/100
|switch|p2a: Scizor|Scizor, M|100/100
|turn|1
|
|t:|1780982689
|move|p1a: barney|Fire Punch|p2a: Scizor
|-supereffective|p2a: Scizor
|-damage|p2a: Scizor|0 fnt
|faint|p2a: Scizor
|
|upkeep
|
|t:|1780982694
|switch|p2a: Great Tusk|Great Tusk|100/100
|turn|2
|
|t:|1780982697
|switch|p1a: big nid|Araquanid, F|100/100
|move|p2a: Great Tusk|Stealth Rock|p1a: big nid
|-sidestart|p1: wubbybubbyjr|move: Stealth Rock
|
|upkeep
|turn|3
|
|t:|1780982704
|-end|p2a: Great Tusk|Protosynthesis|[silent]
|switch|p2a: Sinistcha|Sinistcha-Masterpiece|100/100
|move|p1a: big nid|Sticky Web|p2a: Sinistcha
|-sidestart|p2: LanceStern|move: Sticky Web
|
|upkeep
|turn|4
|
|t:|1780982707
|move|p2a: Sinistcha|Shadow Ball|p1a: big nid
|-damage|p1a: big nid|73/100
|move|p1a: big nid|Surf|p2a: Sinistcha
|-resisted|p2a: Sinistcha
|-damage|p2a: Sinistcha|69/100
|
|upkeep
|turn|5
|
|t:|1780982722
|switch|p1a: bird jesus|Tornadus-Therian, M|100/100
|-damage|p1a: bird jesus|76/100|[from] Stealth Rock
|move|p2a: Sinistcha|Matcha Gotcha|p1a: bird jesus
|-resisted|p1a: bird jesus
|-damage|p1a: bird jesus|54/100
|-heal|p2a: Sinistcha|79/100|[from] drain|[of] p1a: bird jesus
|
|upkeep
|turn|6
|
|t:|1780982735
|move|p1a: bird jesus|Nasty Plot|p1a: bird jesus
|-boost|p1a: bird jesus|spa|2
|move|p2a: Sinistcha|Trick Room|p2a: Sinistcha
|-fieldstart|move: Trick Room|[of] p2a: Sinistcha
|
|upkeep
|turn|7
|
|t:|1780982742
|move|p2a: Sinistcha|Shadow Ball|p1a: bird jesus
|-damage|p1a: bird jesus|7/100
|move|p1a: bird jesus|Bleakwind Storm|p2a: Sinistcha|[miss]
|-miss|p1a: bird jesus|p2a: Sinistcha
|
|upkeep
|turn|8
|
|t:|1780982758
|switch|p1a: big nid|Araquanid, F|73/100
|-damage|p1a: big nid|48/100|[from] Stealth Rock
|move|p2a: Sinistcha|Shadow Ball|p1a: big nid
|-damage|p1a: big nid|19/100
|-unboost|p1a: big nid|spd|1
|
|upkeep
|turn|9
|-enditem|p1a: big nid|Custap Berry|[eat]
|-activate|p1a: big nid|item: Custap Berry|[consumed]
|
|t:|1780982776
|move|p1a: big nid|Endure|p1a: big nid
|-singleturn|p1a: big nid|move: Endure
|move|p2a: Sinistcha|Trick Room|p2a: Sinistcha
|-fieldend|move: Trick Room
|
|upkeep
|turn|10
|
|t:|1780982782
|move|p1a: big nid|Surf|p2a: Sinistcha
|-resisted|p2a: Sinistcha
|-damage|p2a: Sinistcha|46/100
|move|p2a: Sinistcha|Trick Room|p2a: Sinistcha
|-fieldstart|move: Trick Room|[of] p2a: Sinistcha
|
|upkeep
|turn|11
|
|t:|1780982786
|move|p1a: big nid|Surf|p2a: Sinistcha
|-resisted|p2a: Sinistcha
|-crit|p2a: Sinistcha
|-damage|p2a: Sinistcha|0 fnt
|faint|p2a: Sinistcha
|
|upkeep
|
|t:|1780982798
|switch|p2a: Samurott|Samurott-Hisui, M|100/100
|-activate|p2a: Samurott|move: Sticky Web
|-unboost|p2a: Samurott|spe|1
|turn|12
|
|t:|1780982802
|move|p1a: big nid|Endeavor|p2a: Samurott
|-damage|p2a: Samurott|20/100
|move|p2a: Samurott|Ceaseless Edge|p1a: big nid
|-damage|p1a: big nid|0 fnt
|-sidestart|p1: wubbybubbyjr|Spikes
|faint|p1a: big nid
|
|upkeep
|
|t:|1780982806
|switch|p1a: dumbo|Iron Treads|100/100
|-damage|p1a: dumbo|97/100|[from] Stealth Rock
|-damage|p1a: dumbo|85/100|[from] Spikes
|turn|13
|
|t:|1780982810
|move|p2a: Samurott|Aqua Cutter|p1a: dumbo
|-supereffective|p1a: dumbo
|-damage|p1a: dumbo|3/100
|move|p1a: dumbo|Rapid Spin|p2a: Samurott
|-damage|p2a: Samurott|1/100
|-boost|p1a: dumbo|spe|1
|-sideend|p1: wubbybubbyjr|Spikes|[from] move: Rapid Spin|[of] p1a: dumbo
|-sideend|p1: wubbybubbyjr|Stealth Rock|[from] move: Rapid Spin|[of] p1a: dumbo
|
|-heal|p1a: dumbo|9/100|[from] item: Leftovers
|upkeep
|turn|14
|
|t:|1780982827
|move|p2a: Samurott|Ceaseless Edge|p1a: dumbo
|-damage|p1a: dumbo|0 fnt
|-sidestart|p1: wubbybubbyjr|Spikes
|faint|p1a: dumbo
|-end|p1a: dumbo|Quark Drive|[silent]
|
|-fieldend|move: Trick Room
|upkeep
|j| ophilliacc
|j| euphoricpoptarts
|l| ophilliacc
|
|t:|1780982831
|switch|p1a: the reaper|Darkrai|100/100
|-damage|p1a: the reaper|88/100|[from] Spikes
|turn|15
|
|t:|1780982834
|move|p1a: the reaper|Dark Pulse|p2a: Samurott
|-resisted|p2a: Samurott
|-damage|p2a: Samurott|0 fnt
|faint|p2a: Samurott
|
|upkeep
|
|t:|1780982844
|switch|p2a: Great Tusk|Great Tusk|100/100
|-activate|p2a: Great Tusk|move: Sticky Web
|-unboost|p2a: Great Tusk|spe|1
|turn|16
|
|t:|1780982851
|switch|p1a: da golden boi|Gholdengo|100/100
|-damage|p1a: da golden boi|88/100|[from] Spikes
|move|p2a: Great Tusk|Rapid Spin|p1a: da golden boi
|-immune|p1a: da golden boi
|
|upkeep
|turn|17
|
|t:|1780982871
|move|p1a: da golden boi|Make It Rain|p2a: Great Tusk
|-damage|p2a: Great Tusk|0 fnt
|-unboost|p1a: da golden boi|spa|1
|faint|p2a: Great Tusk
|-end|p2a: Great Tusk|Protosynthesis|[silent]
|
|upkeep
|
|t:|1780982877
|switch|p2a: Iron Moth|Iron Moth|100/100
|-activate|p2a: Iron Moth|move: Sticky Web
|-unboost|p2a: Iron Moth|spe|1
|-enditem|p2a: Iron Moth|Booster Energy
|-activate|p2a: Iron Moth|ability: Quark Drive|[fromitem]
|-start|p2a: Iron Moth|quarkdrivespa
|turn|18
|inactive|wubbybubbyjr has 120 seconds left.
|inactive|wubbybubbyjr has 90 seconds left.
|
|t:|1780982953
|move|p1a: da golden boi|Shadow Ball|p2a: Iron Moth
|-damage|p2a: Iron Moth|67/100
|move|p2a: Iron Moth|Fiery Dance|p1a: da golden boi
|-supereffective|p1a: da golden boi
|-damage|p1a: da golden boi|0 fnt
|faint|p1a: da golden boi
|
|upkeep
|
|t:|1780982961
|switch|p1a: the reaper|Darkrai|88/100
|-damage|p1a: the reaper|76/100|[from] Spikes
|turn|19
|inactive|LanceStern has 120 seconds left.
|inactive|LanceStern has 90 seconds left.
|inactive|LanceStern has 60 seconds left.
|
|t:|1780983058
|-terastallize|p1a: the reaper|Dark
|move|p1a: the reaper|Dark Pulse|p2a: Iron Moth
|-damage|p2a: Iron Moth|0 fnt
|faint|p2a: Iron Moth
|-end|p2a: Iron Moth|Quark Drive|[silent]
|
|upkeep
|
|t:|1780983065
|switch|p2a: Deoxys|Deoxys-Speed|100/100
|-activate|p2a: Deoxys|move: Sticky Web
|-unboost|p2a: Deoxys|spe|1
|-ability|p2a: Deoxys|Pressure
|turn|20
|
|t:|1780983070
|-terastallize|p2a: Deoxys|Fighting
|move|p1a: the reaper|Dark Pulse|p2a: Deoxys
|-resisted|p2a: Deoxys
|-damage|p2a: Deoxys|31/100
|cant|p2a: Deoxys|flinch
|
|upkeep
|turn|21
|
|t:|1780983076
|move|p1a: the reaper|Dark Pulse|p2a: Deoxys
|-resisted|p2a: Deoxys
|-damage|p2a: Deoxys|0 fnt
|faint|p2a: Deoxys
|
|win|wubbybubbyjr
|raw|wubbybubbyjr's rating: 1695 &rarr; <strong>1712</strong><br />(+17 for winning)
|raw|LanceStern's rating: 1650 &rarr; <strong>1633</strong><br />(-17 for losing)
|l| euphoricpoptarts
|c|☆LanceStern|gg
|c|☆wubbybubbyjr|gg
|l|☆wubbybubbyjr
|player|p1|
|l|☆LanceStern
|player|p2|
