|j|☆abhii.g
|j|☆ur doggo
|t:|1781237671
|gametype|singles
|player|p1|abhii.g|benga|1550
|player|p2|ur doggo|1|1634
|gen|9
|tier|[Gen 9] OU
|rated|
|rule|HP Percentage Mod: HP is shown in percentages
|rule|Endless Battle Clause: Forcing endless battles is banned
|rule|Species Clause: Limit one of each Pokémon
|rule|OHKO Clause: OHKO moves are banned
|rule|Evasion Items Clause: Evasion items are banned
|rule|Evasion Moves Clause: Evasion moves are banned
|rule|Evasion Abilities Clause: Evasion abilities are banned
|rule|Sleep Moves Clause: Sleep-inducing moves are banned
|clearpoke
|poke|p1|Hoopa-Unbound|
|poke|p1|Pecharunt|
|poke|p1|Landorus-Therian, M|
|poke|p1|Cinderace, M|
|poke|p1|Alomomola, M|
|poke|p1|Iron Valiant|
|poke|p2|Latios, M|
|poke|p2|Darkrai|
|poke|p2|Ting-Lu|
|poke|p2|Corviknight, M|
|poke|p2|Dragonite, F|
|poke|p2|Clefable, F|
|teampreview
|inactive|Battle timer is ON: inactive players will automatically lose when time's up. (requested by abhii.g)
|
|t:|1781237679
|teamsize|p1|6
|teamsize|p2|6
|start
|switch|p1a: Pecharunt|Pecharunt|100/100
|switch|p2a: Corviknight|Corviknight, M|100/100
|-ability|p2a: Corviknight|Pressure
|turn|1
|
|t:|1781237684
|move|p1a: Pecharunt|Shadow Ball|p2a: Corviknight
|-damage|p2a: Corviknight|83/100
|-unboost|p2a: Corviknight|spd|1
|move|p2a: Corviknight|U-turn|p1a: Pecharunt
|-resisted|p1a: Pecharunt
|-crit|p1a: Pecharunt
|-damage|p1a: Pecharunt|98/100
|
|t:|1781237690
|switch|p2a: Ting-Lu|Ting-Lu|100/100|[from] U-turn
|-ability|p2a: Ting-Lu|Vessel of Ruin
|
|upkeep
|turn|2
|
|t:|1781237694
|move|p1a: Pecharunt|Parting Shot|p2a: Ting-Lu
|-unboost|p2a: Ting-Lu|atk|1
|-unboost|p2a: Ting-Lu|spa|1
|
|t:|1781237697
|switch|p1a: Hoopa|Hoopa-Unbound|100/100|[from] Parting Shot
|move|p2a: Ting-Lu|Ruination|p1a: Hoopa|[miss]
|-miss|p2a: Ting-Lu|p1a: Hoopa
|
|upkeep
|turn|3
|
|t:|1781237703
|switch|p2a: Clefable|Clefable, F|100/100
|move|p1a: Hoopa|Drain Punch|p2a: Clefable
|-resisted|p2a: Clefable
|-damage|p2a: Clefable|81/100
|-damage|p1a: Hoopa|84/100|[from] item: Rocky Helmet|[of] p2a: Clefable
|
|upkeep
|turn|4
|
|t:|1781237717
|switch|p1a: Pecharunt|Pecharunt|98/100
|move|p2a: Clefable|Moonblast|p1a: Pecharunt
|-resisted|p1a: Pecharunt
|-damage|p1a: Pecharunt|83/100
|
|upkeep
|turn|5
|
|t:|1781237724
|move|p1a: Pecharunt|Parting Shot|p2a: Clefable
|-unboost|p2a: Clefable|atk|1
|-unboost|p2a: Clefable|spa|1
|
|t:|1781237728
|switch|p1a: Alomomola|Alomomola, M|100/100|[from] Parting Shot
|move|p2a: Clefable|Knock Off|p1a: Alomomola
|-damage|p1a: Alomomola|94/100
|-enditem|p1a: Alomomola|Assault Vest|[from] move: Knock Off|[of] p2a: Clefable
|
|upkeep
|turn|6
|
|t:|1781237735
|move|p2a: Clefable|Stealth Rock|p1a: Alomomola
|-sidestart|p1: abhii.g|move: Stealth Rock
|move|p1a: Alomomola|Flip Turn|p2a: Clefable
|-damage|p2a: Clefable|69/100
|-damage|p1a: Alomomola|78/100|[from] item: Rocky Helmet|[of] p2a: Clefable
|
|t:|1781237739
|switch|p1a: Pecharunt|Pecharunt|83/100|[from] Flip Turn
|
|upkeep
|turn|7
|
|t:|1781237742
|switch|p2a: Corviknight|Corviknight, M|83/100
|-ability|p2a: Corviknight|Pressure
|move|p1a: Pecharunt|Parting Shot|p2a: Corviknight
|-unboost|p2a: Corviknight|atk|1
|-unboost|p2a: Corviknight|spa|1
|
|t:|1781237745
|switch|p1a: Liberacy|Cinderace, M|100/100|[from] Parting Shot
|
|-heal|p2a: Corviknight|89/100|[from] item: Leftovers
|upkeep
|turn|8
|
|t:|1781237750
|switch|p2a: Clefable|Clefable, F|69/100
|move|p1a: Liberacy|Court Change|p1a: Liberacy
|-start|p1a: Liberacy|typechange|Normal|[from] ability: Libero
|-swapsideconditions
|-activate|p1a: Liberacy|move: Court Change
|
|upkeep
|turn|9
|
|t:|1781237753
|move|p1a: Liberacy|Pyro Ball|p2a: Clefable
|-damage|p2a: Clefable|39/100
|-status|p2a: Clefable|brn
|move|p2a: Clefable|Stealth Rock|p1a: Liberacy
|-sidestart|p1: abhii.g|move: Stealth Rock
|
|upkeep
|turn|10
|
|t:|1781237760
|move|p1a: Liberacy|U-turn|p2a: Clefable
|-resisted|p2a: Clefable
|-damage|p2a: Clefable|30/100 brn
|-damage|p1a: Liberacy|84/100|[from] item: Rocky Helmet|[of] p2a: Clefable
|
|t:|1781237763
|switch|p1a: Hoopa|Hoopa-Unbound|84/100|[from] U-turn
|-damage|p1a: Hoopa|72/100|[from] Stealth Rock
|move|p2a: Clefable|Moonlight|p2a: Clefable
|-heal|p2a: Clefable|80/100 brn
|
|upkeep
|turn|11
|
|t:|1781237769
|switch|p2a: Corviknight|Corviknight, M|89/100
|-damage|p2a: Corviknight|77/100|[from] Stealth Rock
|-ability|p2a: Corviknight|Pressure
|move|p1a: Hoopa|Knock Off|p2a: Corviknight
|-damage|p2a: Corviknight|0 fnt
|-enditem|p2a: Corviknight|Leftovers|[from] move: Knock Off|[of] p1a: Hoopa
|faint|p2a: Corviknight
|
|upkeep
|
|t:|1781237779
|switch|p2a: Clefable|Clefable, F|80/100 brn
|turn|12
|
|t:|1781237782
|move|p1a: Hoopa|Knock Off|p2a: Clefable
|-resisted|p2a: Clefable
|-damage|p2a: Clefable|42/100 brn
|-damage|p1a: Hoopa|55/100|[from] item: Rocky Helmet|[of] p2a: Clefable
|-enditem|p2a: Clefable|Rocky Helmet|[from] move: Knock Off|[of] p1a: Hoopa
|move|p2a: Clefable|Moonblast|p1a: Hoopa
|-supereffective|p1a: Hoopa
|-damage|p1a: Hoopa|0 fnt
|faint|p1a: Hoopa
|
|upkeep
|
|t:|1781237789
|switch|p1a: Iron Valiant|Iron Valiant, shiny|100/100
|-damage|p1a: Iron Valiant|94/100|[from] Stealth Rock
|turn|13
|
|t:|1781237814
|move|p1a: Iron Valiant|Moonblast|p2a: Clefable
|-damage|p2a: Clefable|0 fnt
|faint|p2a: Clefable
|
|upkeep
|inactive|ur doggo has 120 seconds left.
|
|t:|1781237841
|switch|p2a: Dragonite|Dragonite, F|100/100
|turn|14
|j| kanaete onegai
|
|t:|1781237848
|-terastallize|p2a: Dragonite|Normal
|move|p2a: Dragonite|Extreme Speed|p1a: Iron Valiant
|-damage|p1a: Iron Valiant|30/100
|move|p1a: Iron Valiant|Moonblast|p2a: Dragonite
|-damage|p2a: Dragonite|64/100
|
|upkeep
|turn|15
|
|t:|1781237855
|-end|p1a: Iron Valiant|Quark Drive|[silent]
|switch|p1a: Pecharunt|Pecharunt|83/100
|move|p2a: Dragonite|Extreme Speed|p1a: Pecharunt
|-immune|p1a: Pecharunt
|
|upkeep
|turn|16
|
|t:|1781237860
|switch|p2a: Ting-Lu|Ting-Lu|100/100
|-damage|p2a: Ting-Lu|94/100|[from] Stealth Rock
|-ability|p2a: Ting-Lu|Vessel of Ruin
|move|p1a: Pecharunt|Malignant Chain|p2a: Ting-Lu
|-resisted|p2a: Ting-Lu
|-damage|p2a: Ting-Lu|87/100
|-status|p2a: Ting-Lu|tox
|-start|p2a: Ting-Lu|confusion|[from] ability: Poison Puppeteer|[of] p1a: Pecharunt
|
|-heal|p2a: Ting-Lu|93/100 tox|[from] item: Leftovers
|-damage|p2a: Ting-Lu|87/100 tox|[from] psn
|upkeep
|turn|17
|
|t:|1781237866
|move|p1a: Pecharunt|Parting Shot|p2a: Ting-Lu
|-unboost|p2a: Ting-Lu|atk|1
|-unboost|p2a: Ting-Lu|spa|1
|
|t:|1781237868
|switch|p1a: Alomomola|Alomomola, M|100/100|[from] Parting Shot
|-damage|p1a: Alomomola|88/100|[from] Stealth Rock
|-activate|p2a: Ting-Lu|confusion
|move|p2a: Ting-Lu|Ruination|p1a: Alomomola
|-damage|p1a: Alomomola|44/100
|
|-heal|p2a: Ting-Lu|93/100 tox|[from] item: Leftovers
|-damage|p2a: Ting-Lu|81/100 tox|[from] psn
|upkeep
|turn|18
|
|t:|1781237875
|-activate|p2a: Ting-Lu|confusion
|-damage|p2a: Ting-Lu|77/100 tox|[from] confusion
|move|p1a: Alomomola|Flip Turn|p2a: Ting-Lu
|-supereffective|p2a: Ting-Lu
|-damage|p2a: Ting-Lu|59/100 tox
|
|t:|1781237879
|switch|p1a: Iron Valiant|Iron Valiant, shiny|30/100|[from] Flip Turn
|-damage|p1a: Iron Valiant|24/100|[from] Stealth Rock
|
|-heal|p2a: Ting-Lu|65/100 tox|[from] item: Leftovers
|-damage|p2a: Ting-Lu|46/100 tox|[from] psn
|upkeep
|turn|19
|
|t:|1781237899
|move|p1a: Iron Valiant|Moonblast|p2a: Ting-Lu
|-supereffective|p2a: Ting-Lu
|-damage|p2a: Ting-Lu|0 fnt
|faint|p2a: Ting-Lu
|
|upkeep
|
|t:|1781237900
|switch|p2a: Darkrai|Darkrai|100/100
|turn|20
|
|t:|1781237906
|-end|p1a: Iron Valiant|Quark Drive|[silent]
|switch|p1a: Pecharunt|Pecharunt|83/100
|move|p2a: Darkrai|Ice Beam|p1a: Pecharunt
|-damage|p1a: Pecharunt|50/100
|-status|p1a: Pecharunt|frz
|
|upkeep
|turn|21
|
|t:|1781237913
|move|p2a: Darkrai|Dark Pulse|p1a: Pecharunt
|-supereffective|p1a: Pecharunt
|-damage|p1a: Pecharunt|0 fnt
|faint|p1a: Pecharunt
|
|upkeep
|
|t:|1781237917
|switch|p1a: Iron Valiant|Iron Valiant, shiny|24/100
|-damage|p1a: Iron Valiant|17/100|[from] Stealth Rock
|turn|22
|
|t:|1781237921
|switch|p2a: Latios|Latios, M|100/100
|-damage|p2a: Latios|88/100|[from] Stealth Rock
|move|p1a: Iron Valiant|Vacuum Wave|p2a: Latios
|-resisted|p2a: Latios
|-damage|p2a: Latios|73/100
|
|upkeep
|turn|23
|
|t:|1781237928
|-end|p1a: Iron Valiant|Quark Drive|[silent]
|switch|p1a: Alomomola|Alomomola, M|78/100
|-damage|p1a: Alomomola|65/100|[from] Stealth Rock
|move|p2a: Latios|Recover|p2a: Latios
|-heal|p2a: Latios|100/100
|
|upkeep
|turn|24
|
|t:|1781237938
|move|p2a: Latios|Calm Mind|p2a: Latios
|-boost|p2a: Latios|spa|1
|-boost|p2a: Latios|spd|1
|move|p1a: Alomomola|Mirror Coat||[still]
|-fail|p1a: Alomomola
|
|upkeep
|turn|25
|
|t:|1781237941
|move|p2a: Latios|Calm Mind|p2a: Latios
|-boost|p2a: Latios|spa|1
|-boost|p2a: Latios|spd|1
|move|p1a: Alomomola|Flip Turn|p2a: Latios
|-resisted|p2a: Latios
|-damage|p2a: Latios|90/100
|
|t:|1781237944
|switch|p1a: Liberacy|Cinderace, M|84/100|[from] Flip Turn
|
|upkeep
|turn|26
|
|t:|1781237951
|move|p1a: Liberacy|U-turn|p2a: Latios
|-start|p1a: Liberacy|typechange|Bug|[from] ability: Libero
|-supereffective|p2a: Latios
|-damage|p2a: Latios|0 fnt
|faint|p2a: Latios
|
|t:|1781237954
|switch|p1a: Alomomola|Alomomola, M|98/100|[from] U-turn
|-damage|p1a: Alomomola|86/100|[from] Stealth Rock
|
|upkeep
|-message|ur doggo forfeited.
|
|win|abhii.g
|raw|abhii.g's rating: 1550 &rarr; <strong>1575</strong><br />(+25 for winning)
|raw|ur doggo's rating: 1634 &rarr; <strong>1609</strong><br />(-25 for losing)
|l|☆ur doggo
|player|p2|
|l|☆abhii.g
|player|p1|
