|j|☆funnygames(1997)
|j|☆thepoowizard_md
|t:|1781035630
|gametype|singles
|player|p1|funnygames(1997)|102|1571
|player|p2|thepoowizard_md|rood|1586
|gen|9
|tier|[Gen 9] OU
|rated|
|rule|HP Percentage Mod: HP is shown in percentages
|rule|Endless Battle Clause: Forcing endless battles is banned
|rule|Species Clause: Limit one of each Pokémon
|rule|OHKO Clause: OHKO moves are banned
|rule|Evasion Items Clause: Evasion items are banned
|rule|Evasion Moves Clause: Evasion moves are banned
|rule|Evasion Abilities Clause: Evasion abilities are banned
|rule|Sleep Moves Clause: Sleep-inducing moves are banned
|clearpoke
|poke|p1|Gholdengo|
|poke|p1|Iron Treads|
|poke|p1|Moltres|
|poke|p1|Samurott-Hisui, F|
|poke|p1|Sinistcha|
|poke|p1|Ting-Lu|
|poke|p2|Magnezone|
|poke|p2|Cinderace, F|
|poke|p2|Regieleki|
|poke|p2|Great Tusk|
|poke|p2|Gholdengo|
|poke|p2|Kyurem|
|teampreview
|inactive|Battle timer is ON: inactive players will automatically lose when time's up. (requested by thepoowizard_md)
|j| qklingying
|
|t:|1781035647
|teamsize|p1|6
|teamsize|p2|6
|start
|switch|p1a: Samurott|Samurott-Hisui, F|100/100
|switch|p2a: Poo Chainz|Cinderace, F|100/100
|turn|1
|
|t:|1781035654
|move|p1a: Samurott|Flip Turn|p2a: Poo Chainz
|-supereffective|p2a: Poo Chainz
|-damage|p2a: Poo Chainz|15/100
|
|t:|1781035660
|switch|p1a: Moltres|Moltres|100/100|[from] Flip Turn
|move|p2a: Poo Chainz|U-turn|p1a: Moltres
|-start|p2a: Poo Chainz|typechange|Bug|[from] ability: Libero
|-resisted|p1a: Moltres
|-damage|p1a: Moltres|91/100
|-status|p2a: Poo Chainz|brn|[from] ability: Flame Body|[of] p1a: Moltres
|
|t:|1781035670
|switch|p2a: Victor Krum|Kyurem|100/100|[from] U-turn
|-ability|p2a: Victor Krum|Pressure
|
|upkeep
|turn|2
|
|t:|1781035696
|move|p2a: Victor Krum|Substitute|p2a: Victor Krum
|-start|p2a: Victor Krum|Substitute
|-damage|p2a: Victor Krum|76/100
|move|p1a: Moltres|U-turn|p2a: Victor Krum
|-activate|p2a: Victor Krum|move: Substitute|[damage]
|inactive|funnygames(1997) has 120 seconds left.
|
|t:|1781035726
|switch|p1a: Gholdengo|Gholdengo|100/100|[from] U-turn
|
|upkeep
|turn|3
|
|t:|1781035738
|move|p2a: Victor Krum|Icicle Spear|p1a: Gholdengo
|-resisted|p1a: Gholdengo
|-damage|p1a: Gholdengo|93/100
|-resisted|p1a: Gholdengo
|-damage|p1a: Gholdengo|84/100
|-resisted|p1a: Gholdengo
|-damage|p1a: Gholdengo|76/100
|-resisted|p1a: Gholdengo
|-damage|p1a: Gholdengo|69/100
|-resisted|p1a: Gholdengo
|-damage|p1a: Gholdengo|62/100
|-hitcount|p1a: Gholdengo|5
|move|p1a: Gholdengo|Make It Rain|p2a: Victor Krum
|-supereffective|p2a: Victor Krum
|-end|p2a: Victor Krum|Substitute
|-unboost|p1a: Gholdengo|spa|1
|
|upkeep
|turn|4
|
|t:|1781035743
|move|p2a: Victor Krum|Substitute|p2a: Victor Krum
|-start|p2a: Victor Krum|Substitute
|-damage|p2a: Victor Krum|51/100
|move|p1a: Gholdengo|Make It Rain|p2a: Victor Krum
|-supereffective|p2a: Victor Krum
|-end|p2a: Victor Krum|Substitute
|-unboost|p1a: Gholdengo|spa|1
|
|upkeep
|turn|5
|
|t:|1781035746
|move|p2a: Victor Krum|Substitute|p2a: Victor Krum
|-start|p2a: Victor Krum|Substitute
|-damage|p2a: Victor Krum|26/100
|move|p1a: Gholdengo|Make It Rain|p2a: Victor Krum
|-supereffective|p2a: Victor Krum
|-end|p2a: Victor Krum|Substitute
|-unboost|p1a: Gholdengo|spa|1
|
|upkeep
|turn|6
|
|t:|1781035750
|switch|p2a: Magnum Jones|Magnezone|100/100
|move|p1a: Gholdengo|Make It Rain|p2a: Magnum Jones
|-resisted|p2a: Magnum Jones
|-damage|p2a: Magnum Jones|91/100
|-unboost|p1a: Gholdengo|spa|1
|
|upkeep
|turn|7
|
|t:|1781035760
|switch|p1a: Iron Treads|Iron Treads|100/100
|move|p2a: Magnum Jones|Flash Cannon|p1a: Iron Treads
|-resisted|p1a: Iron Treads
|-damage|p1a: Iron Treads|67/100
|
|upkeep
|turn|8
|
|t:|1781035769
|switch|p2a: Poo Chainz|Cinderace, F|15/100 brn
|move|p1a: Iron Treads|Earthquake|p2a: Poo Chainz
|-supereffective|p2a: Poo Chainz
|-damage|p2a: Poo Chainz|0 fnt
|faint|p2a: Poo Chainz
|
|upkeep
|
|t:|1781035774
|switch|p2a: Big Tuskackus|Great Tusk|100/100
|-enditem|p2a: Big Tuskackus|Booster Energy
|-activate|p2a: Big Tuskackus|ability: Protosynthesis|[fromitem]
|-start|p2a: Big Tuskackus|protosynthesisspe
|turn|9
|
|t:|1781035779
|-end|p1a: Iron Treads|Quark Drive|[silent]
|switch|p1a: Moltres|Moltres|91/100
|move|p2a: Big Tuskackus|Headlong Rush|p1a: Moltres
|-immune|p1a: Moltres
|
|upkeep
|turn|10
|
|t:|1781035788
|move|p2a: Big Tuskackus|Stealth Rock|p1a: Moltres
|-sidestart|p1: funnygames(1997)|move: Stealth Rock
|move|p1a: Moltres|Will-O-Wisp|p2a: Big Tuskackus
|-status|p2a: Big Tuskackus|brn
|
|-damage|p2a: Big Tuskackus|94/100 brn|[from] brn
|upkeep
|turn|11
|
|t:|1781035794
|move|p2a: Big Tuskackus|Knock Off|p1a: Moltres
|-damage|p1a: Moltres|81/100
|-enditem|p1a: Moltres|Heavy-Duty Boots|[from] move: Knock Off|[of] p2a: Big Tuskackus
|move|p1a: Moltres|U-turn|p2a: Big Tuskackus
|-resisted|p2a: Big Tuskackus
|-damage|p2a: Big Tuskackus|90/100 brn
|
|t:|1781035805
|switch|p1a: Sinistcha|Sinistcha|100/100|[from] U-turn
|
|-damage|p2a: Big Tuskackus|83/100 brn|[from] brn
|upkeep
|turn|12
|
|t:|1781035813
|-end|p2a: Big Tuskackus|Protosynthesis|[silent]
|switch|p2a: Magnum Jones|Magnezone|91/100
|move|p1a: Sinistcha|Calm Mind|p1a: Sinistcha
|-boost|p1a: Sinistcha|spa|1
|-boost|p1a: Sinistcha|spd|1
|
|upkeep
|turn|13
|
|t:|1781035822
|move|p1a: Sinistcha|Shadow Ball|p2a: Magnum Jones
|-damage|p2a: Magnum Jones|36/100
|move|p2a: Magnum Jones|Flash Cannon|p1a: Sinistcha
|-damage|p1a: Sinistcha|32/100
|
|upkeep
|turn|14
|
|t:|1781035834
|switch|p2a: Victor Krum|Kyurem|26/100
|-ability|p2a: Victor Krum|Pressure
|move|p1a: Sinistcha|Shadow Ball|p2a: Victor Krum
|-damage|p2a: Victor Krum|0 fnt
|faint|p2a: Victor Krum
|
|upkeep
|
|t:|1781035836
|switch|p2a: Gholdengo|Gholdengo|100/100
|-item|p2a: Gholdengo|Air Balloon
|turn|15
|inactive|funnygames(1997) has 120 seconds left.
|
|t:|1781035872
|switch|p1a: Samurott|Samurott-Hisui, F|100/100
|-damage|p1a: Samurott|88/100|[from] Stealth Rock
|move|p2a: Gholdengo|Shadow Ball|p1a: Samurott
|-resisted|p1a: Samurott
|-damage|p1a: Samurott|56/100
|
|upkeep
|turn|16
|inactive|funnygames(1997) has 120 seconds left.
|inactive|thepoowizard_md has 120 seconds left.
|
|t:|1781035906
|switch|p2a: Big Tuskackus|Great Tusk|83/100 brn
|move|p1a: Samurott|Razor Shell|p2a: Big Tuskackus
|-supereffective|p2a: Big Tuskackus
|-damage|p2a: Big Tuskackus|22/100 brn
|
|-damage|p2a: Big Tuskackus|16/100 brn|[from] brn
|upkeep
|turn|17
|inactive|funnygames(1997) has 120 seconds left.
|
|t:|1781035934
|move|p1a: Samurott|Razor Shell|p2a: Big Tuskackus
|-supereffective|p2a: Big Tuskackus
|-damage|p2a: Big Tuskackus|0 fnt
|faint|p2a: Big Tuskackus
|-end|p2a: Big Tuskackus|Protosynthesis|[silent]
|
|upkeep
|
|t:|1781035937
|switch|p2a: Regieleki|Regieleki|100/100
|turn|18
|
|t:|1781035961
|switch|p2a: Gholdengo|Gholdengo|100/100
|-item|p2a: Gholdengo|Air Balloon
|switch|p1a: Iron Treads|Iron Treads|67/100
|-damage|p1a: Iron Treads|64/100|[from] Stealth Rock
|
|upkeep
|turn|19
|
|t:|1781035971
|move|p1a: Iron Treads|Knock Off|p2a: Gholdengo
|-supereffective|p2a: Gholdengo
|-damage|p2a: Gholdengo|55/100
|-enditem|p2a: Gholdengo|Air Balloon
|move|p2a: Gholdengo|Shadow Ball|p1a: Iron Treads
|-damage|p1a: Iron Treads|23/100
|
|upkeep
|turn|20
|
|t:|1781035987
|move|p1a: Iron Treads|Earthquake|p2a: Gholdengo
|-supereffective|p2a: Gholdengo
|-damage|p2a: Gholdengo|0 fnt
|faint|p2a: Gholdengo
|
|upkeep
|
|t:|1781035989
|switch|p2a: Magnum Jones|Magnezone|36/100
|turn|21
|
|t:|1781035994
|-terastallize|p2a: Magnum Jones|Flying
|move|p1a: Iron Treads|Ice Spinner|p2a: Magnum Jones
|-supereffective|p2a: Magnum Jones
|-damage|p2a: Magnum Jones|0 fnt
|faint|p2a: Magnum Jones
|
|upkeep
|
|t:|1781036005
|switch|p2a: Regieleki|Regieleki|100/100
|turn|22
|
|t:|1781036016
|move|p2a: Regieleki|Extreme Speed|p1a: Iron Treads
|-resisted|p1a: Iron Treads
|-damage|p1a: Iron Treads|16/100
|move|p1a: Iron Treads|Earthquake|p2a: Regieleki
|-supereffective|p2a: Regieleki
|-damage|p2a: Regieleki|0 fnt
|faint|p2a: Regieleki
|
|win|funnygames(1997)
|raw|funnygames(1997)'s rating: 1571 &rarr; <strong>1592</strong><br />(+21 for winning)
|raw|thepoowizard_md's rating: 1586 &rarr; <strong>1565</strong><br />(-21 for losing)
|l|☆funnygames(1997)
|player|p1|
|l|☆thepoowizard_md
|player|p2|
|l| qklingying
