|j|☆LowEL0God
|j|☆n5v
|t:|1781093210
|gametype|singles
|player|p1|LowEL0God|265|1638
|player|p2|n5v|leon-masters|1621
|gen|9
|tier|[Gen 9] OU
|rated|
|rule|HP Percentage Mod: HP is shown in percentages
|rule|Endless Battle Clause: Forcing endless battles is banned
|rule|Species Clause: Limit one of each Pokémon
|rule|OHKO Clause: OHKO moves are banned
|rule|Evasion Items Clause: Evasion items are banned
|rule|Evasion Moves Clause: Evasion moves are banned
|rule|Evasion Abilities Clause: Evasion abilities are banned
|rule|Sleep Moves Clause: Sleep-inducing moves are banned
|clearpoke
|poke|p1|Pelipper, M|
|poke|p1|Torkoal, M|
|poke|p1|Walking Wake|
|poke|p1|Kyurem|
|poke|p1|Ninetales-Alola, M|
|poke|p1|Ogerpon-Wellspring, F|
|poke|p2|Raging Bolt|
|poke|p2|Iron Crown|
|poke|p2|Enamorus, F|
|poke|p2|Great Tusk|
|poke|p2|Hydrapple, F|
|poke|p2|Samurott-Hisui, M|
|teampreview
|c|☆LowEL0God|hf
|inactive|Battle timer is ON: inactive players will automatically lose when time's up. (requested by LowEL0God)
|c|☆n5v|hf
|
|t:|1781093228
|teamsize|p1|6
|teamsize|p2|6
|start
|switch|p1a: Ninetales|Ninetales-Alola, M|100/100
|switch|p2a: cheapness edge|Samurott-Hisui, M|100/100
|-weather|Snowscape|[from] ability: Snow Warning|[of] p1a: Ninetales
|turn|1
|
|t:|1781093231
|move|p1a: Ninetales|Aurora Veil|p1a: Ninetales
|-sidestart|p1: LowEL0God|move: Aurora Veil
|move|p2a: cheapness edge|Encore|p1a: Ninetales
|-start|p1a: Ninetales|Encore
|
|-weather|Snowscape|[upkeep]
|upkeep
|turn|2
|
|t:|1781093235
|switch|p1a: Kyurem|Kyurem|100/100
|-ability|p1a: Kyurem|Pressure
|move|p2a: cheapness edge|Ceaseless Edge|p1a: Kyurem
|-damage|p1a: Kyurem|86/100
|-sidestart|p1: LowEL0God|Spikes
|
|-weather|Snowscape|[upkeep]
|upkeep
|turn|3
|
|t:|1781093238
|switch|p2a: le-tachyon|Iron Crown|100/100
|move|p1a: Kyurem|Freeze-Dry|p2a: le-tachyon
|-resisted|p2a: le-tachyon
|-damage|p2a: le-tachyon|89/100
|-status|p2a: le-tachyon|frz
|
|-weather|Snowscape|[upkeep]
|upkeep
|turn|4
|
|t:|1781093243
|-end|p2a: le-tachyon|Quark Drive|[silent]
|switch|p2a: gay alladin|Enamorus, F|100/100
|move|p1a: Kyurem|Dragon Dance|p1a: Kyurem
|-boost|p1a: Kyurem|atk|1
|-boost|p1a: Kyurem|spe|1
|
|-weather|Snowscape|[upkeep]
|upkeep
|turn|5
|
|t:|1781093258
|switch|p2a: le-tachyon|Iron Crown|89/100 frz
|move|p1a: Kyurem|Icicle Spear|p2a: le-tachyon
|-resisted|p2a: le-tachyon
|-damage|p2a: le-tachyon|79/100 frz
|-resisted|p2a: le-tachyon
|-damage|p2a: le-tachyon|68/100 frz
|-hitcount|p2a: le-tachyon|2
|
|-weather|Snowscape|[upkeep]
|-sideend|p1: LowEL0God|move: Aurora Veil
|upkeep
|turn|6
|
|t:|1781093262
|move|p1a: Kyurem|Icicle Spear|p2a: le-tachyon
|-resisted|p2a: le-tachyon
|-crit|p2a: le-tachyon
|-damage|p2a: le-tachyon|52/100 frz
|-resisted|p2a: le-tachyon
|-crit|p2a: le-tachyon
|-damage|p2a: le-tachyon|37/100 frz
|-hitcount|p2a: le-tachyon|2
|cant|p2a: le-tachyon|frz
|
|-weather|Snowscape|[upkeep]
|upkeep
|turn|7
|
|t:|1781093264
|-end|p2a: le-tachyon|Quark Drive|[silent]
|switch|p2a: gay alladin|Enamorus, F|100/100
|move|p1a: Kyurem|Dragon Dance|p1a: Kyurem
|-boost|p1a: Kyurem|atk|1
|-boost|p1a: Kyurem|spe|1
|
|-weather|Snowscape|[upkeep]
|upkeep
|turn|8
|
|t:|1781093266
|move|p1a: Kyurem|Icicle Spear|p2a: gay alladin
|-supereffective|p2a: gay alladin
|-damage|p2a: gay alladin|5/100
|-supereffective|p2a: gay alladin
|-damage|p2a: gay alladin|0 fnt
|faint|p2a: gay alladin
|-hitcount|p2: gay alladin|2
|
|-weather|none
|upkeep
|
|t:|1781093288
|switch|p2a: goobing bolt|Raging Bolt|100/100
|turn|9
|
|t:|1781093291
|-terastallize|p1a: Kyurem|Ice
|-terastallize|p2a: goobing bolt|Ghost
|move|p1a: Kyurem|Icicle Spear|p2a: goobing bolt
|-damage|p2a: goobing bolt|67/100
|-damage|p2a: goobing bolt|30/100
|-damage|p2a: goobing bolt|0 fnt
|faint|p2a: goobing bolt
|-end|p2a: goobing bolt|Protosynthesis|[silent]
|-hitcount|p2: goobing bolt|3
|
|upkeep
|-message|n5v forfeited.
|
|win|LowEL0God
|raw|LowEL0God's rating: 1638 &rarr; <strong>1657</strong><br />(+19 for winning)
|raw|n5v's rating: 1621 &rarr; <strong>1602</strong><br />(-19 for losing)
|c|☆n5v|gg
|l|☆n5v
|player|p2|
|c|☆LowEL0God|gg
|l|☆LowEL0God
|player|p1|
