|badge|p2|bronze|gen9ou|100-9
|uhtml|medal-msg|<div class="broadcast-blue">Curious what those medals under the avatar are? PS now has Ladder Seasons! For more information, check out the <a href="https://www.smogon.com/forums/threads/3740067/">thread on Smogon.</a></div>
|j|☆myree
|j|☆Auburn Hills
|t:|1781376757
|gametype|singles
|player|p1|myree|benga|1644
|player|p2|Auburn Hills|alder|1724
|gen|9
|tier|[Gen 9] OU
|rated|
|rule|HP Percentage Mod: HP is shown in percentages
|rule|Endless Battle Clause: Forcing endless battles is banned
|rule|Species Clause: Limit one of each Pokémon
|rule|OHKO Clause: OHKO moves are banned
|rule|Evasion Items Clause: Evasion items are banned
|rule|Evasion Moves Clause: Evasion moves are banned
|rule|Evasion Abilities Clause: Evasion abilities are banned
|rule|Sleep Moves Clause: Sleep-inducing moves are banned
|clearpoke
|poke|p1|Iron Valiant|
|poke|p1|Ogerpon-Cornerstone, F|
|poke|p1|Iron Treads|
|poke|p1|Fezandipiti, M|
|poke|p1|Samurott-Hisui, F|
|poke|p1|Goodra-Hisui, M|
|poke|p2|Iron Moth|
|poke|p2|Umbreon, M|
|poke|p2|Garchomp, M|
|poke|p2|Glimmora, M|
|poke|p2|Gholdengo|
|poke|p2|Dragonite, F|
|teampreview
|
|t:|1781376783
|teamsize|p1|6
|teamsize|p2|6
|start
|switch|p1a: best treadist|Iron Treads|100/100
|switch|p2a: Alvvays|Umbreon, M|100/100
|turn|1
|inactive|Battle timer is ON: inactive players will automatically lose when time's up. (requested by Auburn Hills)
|
|t:|1781376792
|-end|p1a: best treadist|Quark Drive|[silent]
|switch|p1a: Iron Valiant|Iron Valiant|100/100
|move|p2a: Alvvays|Foul Play|p1a: Iron Valiant
|-resisted|p1a: Iron Valiant
|-damage|p1a: Iron Valiant|88/100
|
|upkeep
|turn|2
|
|t:|1781376801
|move|p2a: Alvvays|Protect|p2a: Alvvays
|-singleturn|p2a: Alvvays|Protect
|move|p1a: Iron Valiant|Moonblast|p2a: Alvvays
|-activate|p2a: Alvvays|move: Protect
|
|upkeep
|turn|3
|
|t:|1781376808
|switch|p2a: Smino|Gholdengo|100/100
|move|p1a: Iron Valiant|Moonblast|p2a: Smino
|-resisted|p2a: Smino
|-damage|p2a: Smino|74/100
|-unboost|p2a: Smino|spa|1
|
|upkeep
|turn|4
|
|t:|1781376816
|switch|p2a: Alvvays|Umbreon, M|100/100
|-end|p1a: Iron Valiant|Quark Drive|[silent]
|switch|p1a: Samurott|Samurott-Hisui, F|100/100
|
|upkeep
|turn|5
|
|t:|1781376825
|move|p1a: Samurott|Sacred Sword|p2a: Alvvays
|-supereffective|p2a: Alvvays
|-damage|p2a: Alvvays|30/100
|move|p2a: Alvvays|Thunder Wave|p1a: Samurott
|-status|p1a: Samurott|par
|
|-heal|p2a: Alvvays|36/100|[from] item: Leftovers
|upkeep
|turn|6
|
|t:|1781376836
|switch|p1a: Iron Valiant|Iron Valiant|88/100
|move|p2a: Alvvays|Protect||[still]
|-fail|p2a: Alvvays
|
|-heal|p2a: Alvvays|42/100|[from] item: Leftovers
|upkeep
|turn|7
|
|t:|1781376839
|move|p2a: Alvvays|Protect|p2a: Alvvays
|-singleturn|p2a: Alvvays|Protect
|move|p1a: Iron Valiant|Moonblast|p2a: Alvvays
|-activate|p2a: Alvvays|move: Protect
|
|-heal|p2a: Alvvays|49/100|[from] item: Leftovers
|upkeep
|turn|8
|
|t:|1781376843
|switch|p2a: Smino|Gholdengo|74/100
|move|p1a: Iron Valiant|Moonblast|p2a: Smino
|-resisted|p2a: Smino
|-damage|p2a: Smino|48/100
|-unboost|p2a: Smino|spa|1
|
|upkeep
|turn|9
|
|t:|1781376849
|switch|p2a: Alvvays|Umbreon, M|49/100
|-end|p1a: Iron Valiant|Quark Drive|[silent]
|switch|p1a: Samurott|Samurott-Hisui, F|100/100 par
|
|-heal|p2a: Alvvays|55/100|[from] item: Leftovers
|upkeep
|turn|10
|
|t:|1781376853
|move|p2a: Alvvays|Protect|p2a: Alvvays
|-singleturn|p2a: Alvvays|Protect
|move|p1a: Samurott|Sacred Sword|p2a: Alvvays
|-activate|p2a: Alvvays|move: Protect
|
|-heal|p2a: Alvvays|61/100|[from] item: Leftovers
|upkeep
|turn|11
|
|t:|1781376856
|move|p2a: Alvvays|Wish|p2a: Alvvays
|move|p1a: Samurott|Sacred Sword|p2a: Alvvays
|-supereffective|p2a: Alvvays
|-damage|p2a: Alvvays|0 fnt
|faint|p2a: Alvvays
|
|upkeep
|
|t:|1781376859
|switch|p2a: Rat Tally|Garchomp, M|100/100
|turn|12
|
|t:|1781376864
|switch|p1a: fezanskibidi|Fezandipiti, M|100/100
|-item|p1a: fezanskibidi|Air Balloon
|move|p2a: Rat Tally|Swords Dance|p2a: Rat Tally
|-boost|p2a: Rat Tally|atk|2
|
|upkeep
|turn|13
|
|t:|1781376869
|-terastallize|p2a: Rat Tally|Poison
|move|p2a: Rat Tally|Scale Shot|p1a: fezanskibidi
|-immune|p1a: fezanskibidi
|move|p1a: fezanskibidi|Moonblast|p2a: Rat Tally
|-resisted|p2a: Rat Tally
|-damage|p2a: Rat Tally|80/100
|-unboost|p2a: Rat Tally|spa|1
|
|upkeep
|turn|14
|
|t:|1781376895
|move|p2a: Rat Tally|Poison Jab|p1a: fezanskibidi
|-damage|p1a: fezanskibidi|3/100
|-enditem|p1a: fezanskibidi|Air Balloon
|move|p1a: fezanskibidi|Moonblast|p2a: Rat Tally
|-resisted|p2a: Rat Tally
|-damage|p2a: Rat Tally|61/100
|
|upkeep
|turn|15
|
|t:|1781376909
|move|p2a: Rat Tally|Earthquake|p1a: fezanskibidi
|-supereffective|p1a: fezanskibidi
|-damage|p1a: fezanskibidi|0 fnt
|faint|p1a: fezanskibidi
|
|upkeep
|inactive|myree has 120 seconds left.
|
|t:|1781376919
|switch|p1a: Iron Valiant|Iron Valiant|88/100
|turn|16
|j| ebizi
|
|t:|1781376929
|move|p1a: Iron Valiant|Destiny Bond|p1a: Iron Valiant
|-singlemove|p1a: Iron Valiant|Destiny Bond
|move|p2a: Rat Tally|Poison Jab|p1a: Iron Valiant
|-supereffective|p1a: Iron Valiant
|-damage|p1a: Iron Valiant|0 fnt
|faint|p1a: Iron Valiant
|-activate|p1a: Iron Valiant|move: Destiny Bond
|-end|p1a: Iron Valiant|Quark Drive|[silent]
|faint|p2a: Rat Tally
|
|upkeep
|
|t:|1781376937
|switch|p1a: Prof. Goo-D.|Goodra-Hisui, M|100/100
|switch|p2a: Glimmora|Glimmora, M|100/100
|turn|17
|
|t:|1781376940
|move|p2a: Glimmora|Stealth Rock|p1a: Prof. Goo-D.
|-sidestart|p1: myree|move: Stealth Rock
|move|p1a: Prof. Goo-D.|Earthquake|p2a: Glimmora
|-supereffective|p2a: Glimmora
|-enditem|p2a: Glimmora|Focus Sash
|-damage|p2a: Glimmora|1/100
|-activate|p2a: Glimmora|ability: Toxic Debris
|-sidestart|p1: myree|move: Toxic Spikes
|
|upkeep
|turn|18
|
|t:|1781376945
|move|p2a: Glimmora|Earth Power|p1a: Prof. Goo-D.
|-supereffective|p1a: Prof. Goo-D.
|-damage|p1a: Prof. Goo-D.|73/100
|move|p1a: Prof. Goo-D.|Earthquake|p2a: Glimmora
|-supereffective|p2a: Glimmora
|-damage|p2a: Glimmora|0 fnt
|-activate|p2a: Glimmora|ability: Toxic Debris
|-sidestart|p1: myree|move: Toxic Spikes
|faint|p2a: Glimmora
|
|upkeep
|
|t:|1781376949
|switch|p2a: Elucid|Dragonite, F|100/100
|turn|19
|
|t:|1781376955
|move|p2a: Elucid|Earthquake|p1a: Prof. Goo-D.
|-supereffective|p1a: Prof. Goo-D.
|-damage|p1a: Prof. Goo-D.|0 fnt
|faint|p1a: Prof. Goo-D.
|
|upkeep
|
|t:|1781376959
|switch|p1a: best treadist|Iron Treads|100/100
|-damage|p1a: best treadist|97/100|[from] Stealth Rock
|turn|20
|
|t:|1781376971
|switch|p2a: Smino|Gholdengo|48/100
|-terastallize|p1a: best treadist|Flying
|move|p1a: best treadist|Rapid Spin|p2a: Smino
|-immune|p2a: Smino
|
|upkeep
|turn|21
|
|t:|1781376975
|move|p2a: Smino|Trick|p1a: best treadist
|-activate|p2a: Smino|move: Trick|[of] p1a: best treadist
|-item|p1a: best treadist|Choice Scarf|[from] move: Trick
|-item|p2a: Smino|Expert Belt|[from] move: Trick
|move|p1a: best treadist|Earthquake|p2a: Smino
|-supereffective|p2a: Smino
|-crit|p2a: Smino
|-damage|p2a: Smino|0 fnt
|faint|p2a: Smino
|
|upkeep
|
|t:|1781376977
|switch|p2a: Elucid|Dragonite, F|100/100
|turn|22
|
|t:|1781376980
|-end|p1a: best treadist|Quark Drive|[silent]
|switch|p1a: roxc-bree|Ogerpon-Cornerstone, F|100/100
|-damage|p1a: roxc-bree|88/100|[from] Stealth Rock
|-status|p1a: roxc-bree|tox
|move|p2a: Elucid|Dragon Dance|p2a: Elucid
|-boost|p2a: Elucid|atk|1
|-boost|p2a: Elucid|spe|1
|
|-damage|p1a: roxc-bree|82/100 tox|[from] psn
|upkeep
|turn|23
|
|t:|1781376983
|move|p2a: Elucid|Ice Spinner|p1a: roxc-bree
|-supereffective|p1a: roxc-bree
|-damage|p1a: roxc-bree|0 fnt
|faint|p1a: roxc-bree
|
|upkeep
|
|t:|1781376988
|switch|p1a: best treadist|Iron Treads, tera:Flying|97/100
|-damage|p1a: best treadist|72/100|[from] Stealth Rock
|turn|24
|
|t:|1781376992
|move|p2a: Elucid|Ice Spinner|p1a: best treadist
|-supereffective|p1a: best treadist
|-damage|p1a: best treadist|10/100
|move|p1a: best treadist|Rapid Spin|p2a: Elucid
|-damage|p2a: Elucid|91/100
|-boost|p1a: best treadist|spe|1
|-sideend|p1: myree|Toxic Spikes|[from] move: Rapid Spin|[of] p1a: best treadist
|-sideend|p1: myree|Stealth Rock|[from] move: Rapid Spin|[of] p1a: best treadist
|
|upkeep
|turn|25
|-message|myree forfeited.
|
|win|Auburn Hills
|raw|myree's rating: 1644 &rarr; <strong>1629</strong><br />(-15 for losing)
|raw|Auburn Hills's rating: 1724 &rarr; <strong>1739</strong><br />(+15 for winning)
|l|☆Auburn Hills
|player|p2|
|l| ebizi
|l|☆myree
|player|p1|
