|j|☆GingaMaster123
|j|☆BlackStar150520
|t:|1780897539
|gametype|singles
|player|p1|GingaMaster123|steven|1528
|player|p2|BlackStar150520|unknown|1511
|gen|9
|tier|[Gen 9] OU
|rated|
|rule|HP Percentage Mod: HP is shown in percentages
|rule|Endless Battle Clause: Forcing endless battles is banned
|rule|Species Clause: Limit one of each Pokémon
|rule|OHKO Clause: OHKO moves are banned
|rule|Evasion Items Clause: Evasion items are banned
|rule|Evasion Moves Clause: Evasion moves are banned
|rule|Evasion Abilities Clause: Evasion abilities are banned
|rule|Sleep Moves Clause: Sleep-inducing moves are banned
|clearpoke
|poke|p1|Torkoal, F|
|poke|p1|Ceruledge, F|
|poke|p1|Great Tusk|
|poke|p1|Raging Bolt|
|poke|p1|Iron Moth|
|poke|p1|Kingambit, M|
|poke|p2|Raging Bolt|
|poke|p2|Great Tusk|
|poke|p2|Kyurem|
|poke|p2|Ogerpon-Wellspring, F|
|poke|p2|Kingambit, M|
|poke|p2|Deoxys-Defense|
|teampreview
|inactive|Battle timer is ON: inactive players will automatically lose when time's up. (requested by BlackStar150520)
|
|t:|1780897545
|teamsize|p1|6
|teamsize|p2|6
|start
|switch|p1a: Turhole|Torkoal, F, shiny|100/100
|switch|p2a: Mega Donphan|Great Tusk|100/100
|-weather|SunnyDay|[from] ability: Drought|[of] p1a: Turhole
|-activate|p2a: Mega Donphan|ability: Protosynthesis
|-start|p2a: Mega Donphan|protosynthesisatk
|turn|1
|
|t:|1780897552
|move|p2a: Mega Donphan|Headlong Rush|p1a: Turhole
|-supereffective|p1a: Turhole
|-damage|p1a: Turhole|5/100
|-unboost|p2a: Mega Donphan|def|1
|-unboost|p2a: Mega Donphan|spd|1
|move|p1a: Turhole|Will-O-Wisp|p2a: Mega Donphan
|-status|p2a: Mega Donphan|brn
|
|-weather|SunnyDay|[upkeep]
|-damage|p2a: Mega Donphan|94/100 brn|[from] brn
|upkeep
|turn|2
|
|t:|1780897565
|switch|p1a: Ceruledge|Ceruledge, F|100/100
|move|p2a: Mega Donphan|Stealth Rock|p1a: Ceruledge
|-sidestart|p1: GingaMaster123|move: Stealth Rock
|
|-weather|SunnyDay|[upkeep]
|-damage|p2a: Mega Donphan|88/100 brn|[from] brn
|upkeep
|turn|3
|
|t:|1780897572
|-end|p2a: Mega Donphan|Protosynthesis|[silent]
|switch|p2a: Kyurem|Kyurem, shiny|100/100
|-ability|p2a: Kyurem|Pressure
|move|p1a: Ceruledge|Swords Dance|p1a: Ceruledge
|-boost|p1a: Ceruledge|atk|2
|
|-weather|SunnyDay|[upkeep]
|upkeep
|turn|4
|
|t:|1780897579
|move|p2a: Kyurem|Earth Power|p1a: Ceruledge
|-supereffective|p1a: Ceruledge
|-damage|p1a: Ceruledge|30/100
|move|p1a: Ceruledge|Bitter Blade|p2a: Kyurem
|-crit|p2a: Kyurem
|-damage|p2a: Kyurem|0 fnt
|-heal|p1a: Ceruledge|98/100|[from] drain|[of] p2a: Kyurem
|faint|p2a: Kyurem
|
|-weather|SunnyDay|[upkeep]
|upkeep
|
|t:|1780897584
|switch|p2a: 🎭|Ogerpon-Wellspring, F|100/100
|turn|5
|
|t:|1780897592
|move|p2a: 🎭|Knock Off|p1a: Ceruledge
|-supereffective|p1a: Ceruledge
|-damage|p1a: Ceruledge|0 fnt
|-enditem|p1a: Ceruledge|Focus Sash|[from] move: Knock Off|[of] p2a: 🎭
|faint|p1a: Ceruledge
|
|-weather|SunnyDay|[upkeep]
|upkeep
|j| Easontom
|
|t:|1780897600
|switch|p1a: Tusk Act 4|Great Tusk|100/100
|-damage|p1a: Tusk Act 4|98/100|[from] Stealth Rock
|-activate|p1a: Tusk Act 4|ability: Protosynthesis
|-start|p1a: Tusk Act 4|protosynthesisatk
|turn|6
|
|t:|1780897607
|move|p2a: 🎭|U-turn|p1a: Tusk Act 4
|-resisted|p1a: Tusk Act 4
|-damage|p1a: Tusk Act 4|88/100
|
|t:|1780897609
|switch|p2a: Mega Donphan|Great Tusk|88/100 brn|[from] U-turn
|-activate|p2a: Mega Donphan|ability: Protosynthesis
|-start|p2a: Mega Donphan|protosynthesisatk
|move|p1a: Tusk Act 4|Rapid Spin|p2a: Mega Donphan
|-damage|p2a: Mega Donphan|69/100 brn
|-boost|p1a: Tusk Act 4|spe|1
|-sideend|p1: GingaMaster123|Stealth Rock|[from] move: Rapid Spin|[of] p1a: Tusk Act 4
|
|-weather|SunnyDay|[upkeep]
|-heal|p1a: Tusk Act 4|94/100|[from] item: Leftovers
|-damage|p2a: Mega Donphan|62/100 brn|[from] brn
|upkeep
|turn|7
|
|t:|1780897620
|move|p1a: Tusk Act 4|Bulk Up|p1a: Tusk Act 4
|-boost|p1a: Tusk Act 4|atk|1
|-boost|p1a: Tusk Act 4|def|1
|move|p2a: Mega Donphan|Stealth Rock|p1a: Tusk Act 4
|-sidestart|p1: GingaMaster123|move: Stealth Rock
|
|-weather|SunnyDay|[upkeep]
|-heal|p1a: Tusk Act 4|100/100|[from] item: Leftovers
|-damage|p2a: Mega Donphan|56/100 brn|[from] brn
|upkeep
|turn|8
|
|t:|1780897629
|move|p1a: Tusk Act 4|Bulk Up|p1a: Tusk Act 4
|-boost|p1a: Tusk Act 4|atk|1
|-boost|p1a: Tusk Act 4|def|1
|move|p2a: Mega Donphan|Headlong Rush|p1a: Tusk Act 4
|-damage|p1a: Tusk Act 4|86/100
|-unboost|p2a: Mega Donphan|def|1
|-unboost|p2a: Mega Donphan|spd|1
|
|-weather|none
|-end|p1a: Tusk Act 4|Protosynthesis
|-end|p2a: Mega Donphan|Protosynthesis
|-heal|p1a: Tusk Act 4|92/100|[from] item: Leftovers
|-damage|p2a: Mega Donphan|50/100 brn|[from] brn
|upkeep
|turn|9
|
|t:|1780897639
|move|p1a: Tusk Act 4|Bulk Up|p1a: Tusk Act 4
|-boost|p1a: Tusk Act 4|atk|1
|-boost|p1a: Tusk Act 4|def|1
|move|p2a: Mega Donphan|Ice Spinner|p1a: Tusk Act 4
|-supereffective|p1a: Tusk Act 4
|-damage|p1a: Tusk Act 4|83/100
|
|-heal|p1a: Tusk Act 4|89/100|[from] item: Leftovers
|-damage|p2a: Mega Donphan|44/100 brn|[from] brn
|upkeep
|turn|10
|
|t:|1780897648
|-end|p2a: Mega Donphan|Protosynthesis|[silent]
|switch|p2a: 🎭|Ogerpon-Wellspring, F|100/100
|move|p1a: Tusk Act 4|Bulk Up|p1a: Tusk Act 4
|-boost|p1a: Tusk Act 4|atk|1
|-boost|p1a: Tusk Act 4|def|1
|
|-heal|p1a: Tusk Act 4|96/100|[from] item: Leftovers
|upkeep
|turn|11
|
|t:|1780897655
|switch|p2a: Mega Donphan|Great Tusk|44/100 brn
|move|p1a: Tusk Act 4|Close Combat|p2a: Mega Donphan
|-crit|p2a: Mega Donphan
|-damage|p2a: Mega Donphan|0 fnt
|-unboost|p1a: Tusk Act 4|def|1
|-unboost|p1a: Tusk Act 4|spd|1
|faint|p2a: Mega Donphan
|-end|p2a: Mega Donphan|Protosynthesis|[silent]
|
|-heal|p1a: Tusk Act 4|100/100|[from] item: Leftovers
|upkeep
|
|t:|1780897662
|switch|p2a: ⚡️|Raging Bolt|100/100
|turn|12
|
|t:|1780897666
|-terastallize|p2a: ⚡️|Bug
|move|p1a: Tusk Act 4|Headlong Rush|p2a: ⚡️
|-resisted|p2a: ⚡️
|-damage|p2a: ⚡️|3/100
|-unboost|p1a: Tusk Act 4|def|1
|-unboost|p1a: Tusk Act 4|spd|1
|move|p2a: ⚡️|Dragon Pulse|p1a: Tusk Act 4
|-damage|p1a: Tusk Act 4|0 fnt
|faint|p1a: Tusk Act 4
|-end|p1a: Tusk Act 4|Protosynthesis|[silent]
|
|-heal|p2a: ⚡️|9/100|[from] item: Leftovers
|upkeep
|l| Easontom
|
|t:|1780897683
|switch|p1a: Mandarake|Iron Moth|100/100
|-damage|p1a: Mandarake|76/100|[from] Stealth Rock
|turn|13
|
|t:|1780897689
|move|p2a: ⚡️|Thunderclap|p1a: Mandarake
|-damage|p1a: Mandarake|30/100
|move|p1a: Mandarake|Fiery Dance|p2a: ⚡️
|-supereffective|p2a: ⚡️
|-damage|p2a: ⚡️|0 fnt
|faint|p2a: ⚡️
|-end|p2a: ⚡️|Protosynthesis|[silent]
|
|upkeep
|
|t:|1780897696
|switch|p2a: Deoxys|Deoxys-Defense, shiny|100/100
|-ability|p2a: Deoxys|Pressure
|turn|14
|
|t:|1780897699
|move|p1a: Mandarake|Fiery Dance|p2a: Deoxys
|-damage|p2a: Deoxys|62/100
|move|p2a: Deoxys|Night Shade|p1a: Mandarake
|-damage|p1a: Mandarake|0 fnt
|faint|p1a: Mandarake
|-end|p1a: Mandarake|Quark Drive|[silent]
|
|-heal|p2a: Deoxys|68/100|[from] item: Leftovers
|upkeep
|
|t:|1780897707
|switch|p1a: Turhole|Torkoal, F, shiny|5/100
|-damage|p1a: Turhole|0 fnt|[from] Stealth Rock
|faint|p1a: Turhole
|
|t:|1780897711
|switch|p1a: Raging Bolt|Raging Bolt|100/100
|-damage|p1a: Raging Bolt|88/100|[from] Stealth Rock
|turn|15
|
|t:|1780897718
|move|p2a: Deoxys|Night Shade|p1a: Raging Bolt
|-damage|p1a: Raging Bolt|66/100
|move|p1a: Raging Bolt|Calm Mind|p1a: Raging Bolt
|-boost|p1a: Raging Bolt|spa|1
|-boost|p1a: Raging Bolt|spd|1
|
|-heal|p2a: Deoxys|74/100|[from] item: Leftovers
|-heal|p1a: Raging Bolt|72/100|[from] item: Leftovers
|upkeep
|turn|16
|
|t:|1780897734
|switch|p2a: 🎭|Ogerpon-Wellspring, F|100/100
|move|p1a: Raging Bolt|Calm Mind|p1a: Raging Bolt
|-boost|p1a: Raging Bolt|spa|1
|-boost|p1a: Raging Bolt|spd|1
|
|-heal|p1a: Raging Bolt|78/100|[from] item: Leftovers
|upkeep
|turn|17
|
|t:|1780897742
|move|p1a: Raging Bolt|Thunderclap||[still]
|-fail|p1a: Raging Bolt
|move|p2a: 🎭|Encore|p1a: Raging Bolt
|-start|p1a: Raging Bolt|Encore
|
|-heal|p1a: Raging Bolt|85/100|[from] item: Leftovers
|upkeep
|turn|18
|
|t:|1780897748
|switch|p2a: Deoxys|Deoxys-Defense, shiny|74/100
|-ability|p2a: Deoxys|Pressure
|move|p1a: Raging Bolt|Thunderclap||[still]
|-fail|p1a: Raging Bolt
|
|-heal|p2a: Deoxys|80/100|[from] item: Leftovers
|-heal|p1a: Raging Bolt|91/100|[from] item: Leftovers
|upkeep
|turn|19
|
|t:|1780897756
|switch|p2a: 🎭|Ogerpon-Wellspring, F|100/100
|move|p1a: Raging Bolt|Thunderclap||[still]
|-fail|p1a: Raging Bolt
|
|-heal|p1a: Raging Bolt|97/100|[from] item: Leftovers
|upkeep
|turn|20
|
|t:|1780897762
|move|p1a: Raging Bolt|Thunderclap||[still]
|-fail|p1a: Raging Bolt
|move|p2a: 🎭|Encore||[still]
|-fail|p2a: 🎭
|
|-heal|p1a: Raging Bolt|100/100|[from] item: Leftovers
|-end|p1a: Raging Bolt|Encore
|upkeep
|turn|21
|
|t:|1780897769
|move|p2a: 🎭|Encore|p1a: Raging Bolt
|-start|p1a: Raging Bolt|Encore
|move|p1a: Raging Bolt|Thunderclap||[still]
|-fail|p1a: Raging Bolt
|
|upkeep
|turn|22
|
|t:|1780897775
|move|p1a: Raging Bolt|Thunderclap||[still]
|-fail|p1a: Raging Bolt
|move|p2a: 🎭|Encore||[still]
|-fail|p2a: 🎭
|
|upkeep
|turn|23
|
|t:|1780897800
|move|p1a: Raging Bolt|Thunderclap||[still]
|-fail|p1a: Raging Bolt
|move|p2a: 🎭|Encore||[still]
|-fail|p2a: 🎭
|
|-end|p1a: Raging Bolt|Encore
|upkeep
|turn|24
|
|t:|1780897809
|move|p2a: 🎭|Knock Off|p1a: Raging Bolt
|-damage|p1a: Raging Bolt|68/100
|-enditem|p1a: Raging Bolt|Leftovers|[from] move: Knock Off|[of] p2a: 🎭
|move|p1a: Raging Bolt|Dragon Pulse|p2a: 🎭
|-damage|p2a: 🎭|0 fnt
|faint|p2a: 🎭
|
|upkeep
|
|t:|1780897818
|switch|p2a: Deoxys|Deoxys-Defense, shiny|80/100
|-ability|p2a: Deoxys|Pressure
|turn|25
|
|t:|1780897823
|move|p2a: Deoxys|Protect|p2a: Deoxys
|-singleturn|p2a: Deoxys|Protect
|move|p1a: Raging Bolt|Dragon Pulse|p2a: Deoxys
|-activate|p2a: Deoxys|move: Protect
|
|-heal|p2a: Deoxys|87/100|[from] item: Leftovers
|upkeep
|turn|26
|
|t:|1780897829
|move|p2a: Deoxys|Night Shade|p1a: Raging Bolt
|-damage|p1a: Raging Bolt|46/100
|move|p1a: Raging Bolt|Dragon Pulse|p2a: Deoxys
|-damage|p2a: Deoxys|11/100
|
|-heal|p2a: Deoxys|17/100|[from] item: Leftovers
|upkeep
|turn|27
|
|t:|1780897835
|move|p2a: Deoxys|Night Shade|p1a: Raging Bolt
|-damage|p1a: Raging Bolt|24/100
|move|p1a: Raging Bolt|Dragon Pulse|p2a: Deoxys
|-damage|p2a: Deoxys|0 fnt
|faint|p2a: Deoxys
|
|upkeep
|
|t:|1780897838
|switch|p2a: Aizen🗡️|Kingambit, M, shiny|100/100
|-activate|p2a: Aizen🗡️|ability: Supreme Overlord
|-start|p2a: Aizen🗡️|fallen5|[silent]
|turn|28
|
|t:|1780897845
|-terastallize|p1a: Raging Bolt|Fairy
|move|p2a: Aizen🗡️|Sucker Punch|p1a: Raging Bolt
|-resisted|p1a: Raging Bolt
|-damage|p1a: Raging Bolt|0 fnt
|faint|p1a: Raging Bolt
|-end|p1a: Raging Bolt|Protosynthesis|[silent]
|
|upkeep
|
|t:|1780897850
|switch|p1a: Shoob|Kingambit, M, shiny|100/100
|-damage|p1a: Shoob|94/100|[from] Stealth Rock
|-activate|p1a: Shoob|ability: Supreme Overlord
|-start|p1a: Shoob|fallen5|[silent]
|turn|29
|
|t:|1780897854
|move|p2a: Aizen🗡️|Low Kick|p1a: Shoob
|-supereffective|p1a: Shoob
|-crit|p1a: Shoob
|-damage|p1a: Shoob|0 fnt
|faint|p1a: Shoob
|-end|p1a: Shoob|fallen5|[silent]
|
|win|BlackStar150520
|raw|GingaMaster123's rating: 1528 &rarr; <strong>1507</strong><br />(-21 for losing)
|raw|BlackStar150520's rating: 1511 &rarr; <strong>1532</strong><br />(+21 for winning)
|l|☆GingaMaster123
|player|p1|
