|j|☆bfrhnnlfhroh
|j|☆lolcano46
|t:|1780960815
|gametype|singles
|player|p1|bfrhnnlfhroh|170|1600
|player|p2|lolcano46|fisherman-gen4|1648
|gen|9
|tier|[Gen 9] OU
|rated|
|rule|HP Percentage Mod: HP is shown in percentages
|rule|Endless Battle Clause: Forcing endless battles is banned
|rule|Species Clause: Limit one of each Pokémon
|rule|OHKO Clause: OHKO moves are banned
|rule|Evasion Items Clause: Evasion items are banned
|rule|Evasion Moves Clause: Evasion moves are banned
|rule|Evasion Abilities Clause: Evasion abilities are banned
|rule|Sleep Moves Clause: Sleep-inducing moves are banned
|clearpoke
|poke|p1|Walking Wake|
|poke|p1|Great Tusk|
|poke|p1|Ninetales, M|
|poke|p1|Cinderace, F|
|poke|p1|Raging Bolt|
|poke|p1|Glimmora, M|
|poke|p2|Azelf|
|poke|p2|Ogerpon-Wellspring, F|
|poke|p2|Scizor, M|
|poke|p2|Gengar, M|
|poke|p2|Raging Bolt|
|poke|p2|Cinderace, F|
|teampreview
|inactive|Battle timer is ON: inactive players will automatically lose when time's up. (requested by lolcano46)
|j| kanitanku
|
|t:|1780960834
|teamsize|p1|6
|teamsize|p2|6
|start
|switch|p1a: Cinderace|Cinderace, F|100/100
|switch|p2a: Gengar|Gengar, M|100/100
|turn|1
|l| kanitanku
|
|t:|1780960851
|move|p2a: Gengar|Thunder Wave|p1a: Cinderace
|-status|p1a: Cinderace|par
|move|p1a: Cinderace|U-turn|p2a: Gengar
|-start|p1a: Cinderace|typechange|Bug|[from] ability: Libero
|-resisted|p2a: Gengar
|-damage|p2a: Gengar|74/100
|j| kanitanku
|
|t:|1780960862
|switch|p1a: Raging Bolt|Raging Bolt|100/100|[from] U-turn
|
|upkeep
|turn|2
|
|t:|1780960881
|switch|p2a: Cinderace|Cinderace, F|100/100
|-end|p1a: Raging Bolt|Protosynthesis|[silent]
|switch|p1a: good|Ninetales, M|100/100
|-weather|SunnyDay|[from] ability: Drought|[of] p1a: good
|
|-weather|SunnyDay|[upkeep]
|upkeep
|turn|3
|l| kanitanku
|j| kanitanku
|
|t:|1780960888
|switch|p1a: Glimmora|Glimmora, M|100/100
|move|p2a: Cinderace|Pyro Ball|p1a: Glimmora
|-resisted|p1a: Glimmora
|-damage|p1a: Glimmora|50/100
|-status|p1a: Glimmora|brn
|-activate|p1a: Glimmora|ability: Toxic Debris
|-sidestart|p2: lolcano46|move: Toxic Spikes
|
|-weather|SunnyDay|[upkeep]
|-damage|p1a: Glimmora|43/100 brn|[from] brn
|upkeep
|turn|4
|j| Mindblowing1
|
|t:|1780960901
|switch|p1a: fast strong|Walking Wake|100/100
|-activate|p1a: fast strong|ability: Protosynthesis
|-start|p1a: fast strong|protosynthesisspe
|move|p2a: Cinderace|Pyro Ball|p1a: fast strong
|-resisted|p1a: fast strong
|-damage|p1a: fast strong|75/100
|
|-weather|SunnyDay|[upkeep]
|upkeep
|turn|5
|c| Mindblowing1|it's showtime
|
|t:|1780960911
|move|p2a: Cinderace|Sucker Punch|p1a: fast strong
|-start|p2a: Cinderace|typechange|Dark|[from] ability: Libero
|-damage|p1a: fast strong|39/100
|move|p1a: fast strong|Draco Meteor|p2a: Cinderace
|-damage|p2a: Cinderace|0 fnt
|-unboost|p1a: fast strong|spa|2
|faint|p2a: Cinderace
|
|-weather|SunnyDay|[upkeep]
|upkeep
|
|t:|1780960916
|switch|p2a: Gengar|Gengar, M|74/100
|-sideend|p2: lolcano46|move: Toxic Spikes|[of] p2a: Gengar
|turn|6
|
|t:|1780960925
|-end|p1a: fast strong|Protosynthesis|[silent]
|switch|p1a: Glimmora|Glimmora, M|43/100 brn
|move|p2a: Gengar|Shadow Ball|p1a: Glimmora
|-damage|p1a: Glimmora|0 fnt
|faint|p1a: Glimmora
|
|-weather|SunnyDay|[upkeep]
|upkeep
|l| kanitanku
|j| kanitanku
|l| kanitanku
|
|t:|1780960939
|switch|p1a: Cinderace|Cinderace, F|100/100 par
|turn|7
|j| kanitanku
|
|t:|1780960946
|switch|p2a: Raging Bolt|Raging Bolt|100/100
|-activate|p2a: Raging Bolt|ability: Protosynthesis
|-start|p2a: Raging Bolt|protosynthesisspa
|move|p1a: Cinderace|Pyro Ball|p2a: Raging Bolt|[miss]
|-miss|p1a: Cinderace|p2a: Raging Bolt
|
|-weather|SunnyDay|[upkeep]
|upkeep
|turn|8
|l| kanitanku
|
|t:|1780960955
|move|p2a: Raging Bolt|Dragon Pulse|p1a: Cinderace
|-damage|p1a: Cinderace|3/100 par
|cant|p1a: Cinderace|par
|
|-weather|SunnyDay|[upkeep]
|upkeep
|turn|9
|
|t:|1780960962
|move|p2a: Raging Bolt|Dragon Pulse|p1a: Cinderace
|-damage|p1a: Cinderace|0 fnt
|faint|p1a: Cinderace
|
|-weather|none
|-end|p2a: Raging Bolt|Protosynthesis
|upkeep
|-enditem|p2a: Raging Bolt|Booster Energy
|-activate|p2a: Raging Bolt|ability: Protosynthesis|[fromitem]
|-start|p2a: Raging Bolt|protosynthesisspa
|j| kanitanku
|
|t:|1780960973
|switch|p1a: fast|Great Tusk|100/100
|turn|10
|l| kanitanku
|
|t:|1780960981
|-end|p2a: Raging Bolt|Protosynthesis|[silent]
|switch|p2a: Azelf|Azelf|100/100
|-terastallize|p1a: fast|Fairy
|move|p1a: fast|Bulk Up|p1a: fast
|-boost|p1a: fast|atk|1
|-boost|p1a: fast|def|1
|
|upkeep
|turn|11
|
|t:|1780960992
|-terastallize|p2a: Azelf|Fairy
|move|p2a: Azelf|Mystical Power|p1a: fast
|-damage|p1a: fast|52/100
|-boost|p2a: Azelf|spa|1
|move|p1a: fast|Bulk Up|p1a: fast
|-boost|p1a: fast|atk|1
|-boost|p1a: fast|def|1
|
|-heal|p1a: fast|58/100|[from] item: Leftovers
|upkeep
|turn|12
|j| uncle brown
|
|t:|1780961005
|move|p2a: Azelf|Mystical Power|p1a: fast
|-damage|p1a: fast|0 fnt
|-boost|p2a: Azelf|spa|1
|faint|p1a: fast
|-end|p1a: fast|Protosynthesis|[silent]
|
|upkeep
|
|t:|1780961011
|switch|p1a: good|Ninetales, M|100/100
|-weather|SunnyDay|[from] ability: Drought|[of] p1a: good
|turn|13
|
|t:|1780961019
|move|p2a: Azelf|Mystical Power|p1a: good
|-crit|p1a: good
|-damage|p1a: good|0 fnt
|-boost|p2a: Azelf|spa|1
|faint|p1a: good
|
|-weather|SunnyDay|[upkeep]
|upkeep
|
|t:|1780961027
|switch|p1a: fast strong|Walking Wake|39/100
|-activate|p1a: fast strong|ability: Protosynthesis
|-start|p1a: fast strong|protosynthesisspe
|turn|14
|
|t:|1780961032
|move|p1a: fast strong|Flamethrower|p2a: Azelf
|-damage|p2a: Azelf|0 fnt
|faint|p2a: Azelf
|
|-weather|SunnyDay|[upkeep]
|upkeep
|
|t:|1780961036
|switch|p2a: Gengar|Gengar, M|74/100
|turn|15
|
|t:|1780961039
|move|p2a: Gengar|Sludge Bomb|p1a: fast strong
|-damage|p1a: fast strong|0 fnt
|faint|p1a: fast strong
|-end|p1a: fast strong|Protosynthesis|[silent]
|
|-weather|SunnyDay|[upkeep]
|upkeep
|
|t:|1780961043
|switch|p1a: Raging Bolt|Raging Bolt|100/100
|-activate|p1a: Raging Bolt|ability: Protosynthesis
|-start|p1a: Raging Bolt|protosynthesisspa
|turn|16
|
|t:|1780961053
|switch|p2a: Raging Bolt|Raging Bolt|100/100
|-activate|p2a: Raging Bolt|ability: Protosynthesis
|-start|p2a: Raging Bolt|protosynthesisspa
|move|p1a: Raging Bolt|Thunderclap||[still]
|-fail|p1a: Raging Bolt
|
|-weather|SunnyDay|[upkeep]
|upkeep
|turn|17
|
|t:|1780961060
|move|p2a: Raging Bolt|Dragon Pulse|p1a: Raging Bolt
|-supereffective|p1a: Raging Bolt
|-damage|p1a: Raging Bolt|0 fnt
|faint|p1a: Raging Bolt
|-end|p1a: Raging Bolt|Protosynthesis|[silent]
|
|win|lolcano46
|raw|bfrhnnlfhroh's rating: 1600 &rarr; <strong>1583</strong><br />(-17 for losing)
|raw|lolcano46's rating: 1648 &rarr; <strong>1665</strong><br />(+17 for winning)
|l|☆bfrhnnlfhroh
|player|p1|
|l|☆lolcano46
|player|p2|
|j| AbrarS
|l| AbrarS
|j| slotx
|l| slotx
|l| Mindblowing1
|j| alxiz
|l| alxiz
|j| kanitanku
|l| kanitanku
|j| kanitanku
|l| kanitanku
|j| scorpion257
|j| SDK04
