|j|☆Stealthalo
|j|☆xxroditoxx
|t:|1781139625
|gametype|singles
|player|p1|Stealthalo|1|1569
|player|p2|xxroditoxx|nessa|1598
|gen|9
|tier|[Gen 9] OU
|rated|
|rule|HP Percentage Mod: HP is shown in percentages
|rule|Endless Battle Clause: Forcing endless battles is banned
|rule|Species Clause: Limit one of each Pokémon
|rule|OHKO Clause: OHKO moves are banned
|rule|Evasion Items Clause: Evasion items are banned
|rule|Evasion Moves Clause: Evasion moves are banned
|rule|Evasion Abilities Clause: Evasion abilities are banned
|rule|Sleep Moves Clause: Sleep-inducing moves are banned
|clearpoke
|poke|p1|Salamence, F|
|poke|p1|Ting-Lu|
|poke|p1|Gholdengo|
|poke|p1|Alomomola, F|
|poke|p1|Moltres|
|poke|p1|Glimmora, M|
|poke|p2|Slowking-Galar, F|
|poke|p2|Tornadus-Therian, M|
|poke|p2|Cinderace, M|
|poke|p2|Lokix, F|
|poke|p2|Hydrapple, F|
|poke|p2|Great Tusk|
|teampreview
|inactive|Battle timer is ON: inactive players will automatically lose when time's up. (requested by Stealthalo)
|
|t:|1781139663
|teamsize|p1|6
|teamsize|p2|6
|start
|switch|p1a: Glimmora|Glimmora, M|100/100
|switch|p2a: Slowking|Slowking-Galar, F|100/100
|turn|1
|
|t:|1781139671
|move|p1a: Glimmora|Stealth Rock|p2a: Slowking
|-sidestart|p2: xxroditoxx|move: Stealth Rock
|move|p2a: Slowking|Psychic Noise|p1a: Glimmora
|-supereffective|p1a: Glimmora
|-crit|p1a: Glimmora
|-damage|p1a: Glimmora|8/100
|-start|p1a: Glimmora|move: Heal Block
|
|upkeep
|turn|2
|
|t:|1781139680
|switch|p1a: Ting-Lu|Ting-Lu|100/100
|-ability|p1a: Ting-Lu|Vessel of Ruin
|move|p2a: Slowking|Sludge Bomb|p1a: Ting-Lu
|-resisted|p1a: Ting-Lu
|-damage|p1a: Ting-Lu|92/100
|
|-heal|p1a: Ting-Lu|99/100|[from] item: Leftovers
|upkeep
|turn|3
|
|t:|1781139692
|move|p1a: Ting-Lu|Spikes|p2a: Slowking
|-sidestart|p2: xxroditoxx|Spikes
|move|p2a: Slowking|Toxic|p1a: Ting-Lu
|-status|p1a: Ting-Lu|tox
|
|-heal|p1a: Ting-Lu|100/100 tox|[from] item: Leftovers
|-damage|p1a: Ting-Lu|94/100 tox|[from] psn
|upkeep
|turn|4
|
|t:|1781139703
|move|p1a: Ting-Lu|Earthquake|p2a: Slowking
|-supereffective|p2a: Slowking
|-damage|p2a: Slowking|50/100
|-prepare|p2a: Slowking|Chilly Reception|[premajor]
|move|p2a: Slowking|Chilly Reception|p2a: Slowking
|-weather|Snowscape
|inactive|xxroditoxx has 120 seconds left.
|
|t:|1781139758
|switch|p2a: Hydrapple|Hydrapple, F|100/100|[from] Chilly Reception
|-damage|p2a: Hydrapple|88/100|[from] Stealth Rock
|-damage|p2a: Hydrapple|76/100|[from] Spikes
|
|-weather|Snowscape|[upkeep]
|-heal|p1a: Ting-Lu|100/100 tox|[from] item: Leftovers
|-damage|p1a: Ting-Lu|88/100 tox|[from] psn
|upkeep
|turn|5
|
|t:|1781139774
|switch|p1a: Moltres|Moltres|100/100
|move|p2a: Hydrapple|Leaf Storm|p1a: Moltres
|-resisted|p1a: Moltres
|-damage|p1a: Moltres|77/100
|-unboost|p2a: Hydrapple|spa|2
|-damage|p2a: Hydrapple|66/100|[from] item: Life Orb
|
|-weather|Snowscape|[upkeep]
|upkeep
|turn|6
|
|t:|1781139788
|switch|p2a: Tornadus|Tornadus-Therian, M|100/100
|-damage|p2a: Tornadus|76/100|[from] Stealth Rock
|move|p1a: Moltres|Flamethrower|p2a: Tornadus
|-damage|p2a: Tornadus|55/100
|
|-weather|Snowscape|[upkeep]
|upkeep
|turn|7
|
|t:|1781139798
|switch|p1a: Glimmora|Glimmora, M|8/100
|move|p2a: Tornadus|Knock Off|p1a: Glimmora
|-damage|p1a: Glimmora|0 fnt
|-activate|p1a: Glimmora|ability: Toxic Debris
|-sidestart|p2: xxroditoxx|move: Toxic Spikes
|-enditem|p1a: Glimmora|Leftovers|[from] move: Knock Off|[of] p2a: Tornadus
|faint|p1a: Glimmora
|
|-weather|Snowscape|[upkeep]
|upkeep
|
|t:|1781139811
|switch|p1a: Salamence|Salamence, F|100/100
|-ability|p1a: Salamence|Intimidate|boost
|-unboost|p2a: Tornadus|atk|1
|turn|8
|inactive|xxroditoxx has 120 seconds left.
|
|t:|1781139827
|move|p2a: Tornadus|Bleakwind Storm|p1a: Salamence
|-damage|p1a: Salamence|62/100
|move|p1a: Salamence|Dragon Tail|p2a: Tornadus
|-crit|p2a: Tornadus
|-damage|p2a: Tornadus|9/100
|drag|p2a: Lokix|Lokix, F|100/100
|-damage|p2a: Lokix|76/100|[from] Stealth Rock
|-damage|p2a: Lokix|63/100|[from] Spikes
|-status|p2a: Lokix|psn
|
|-weather|none
|-heal|p1a: Salamence|68/100|[from] item: Leftovers
|-damage|p2a: Lokix|51/100 psn|[from] psn
|upkeep
|turn|9
|inactive|xxroditoxx has 120 seconds left.
|
|t:|1781139843
|move|p2a: Lokix|First Impression|p1a: Salamence
|-resisted|p1a: Salamence
|-damage|p1a: Salamence|24/100
|move|p1a: Salamence|Roost|p1a: Salamence
|-heal|p1a: Salamence|74/100
|-singleturn|p1a: Salamence|move: Roost
|
|-heal|p1a: Salamence|80/100|[from] item: Leftovers
|-damage|p2a: Lokix|39/100 psn|[from] psn
|upkeep
|turn|10
|inactive|xxroditoxx has 120 seconds left.
|
|t:|1781139859
|switch|p2a: Tornadus|Tornadus-Therian, M|42/100
|-damage|p2a: Tornadus|17/100|[from] Stealth Rock
|move|p1a: Salamence|Dragon Tail|p2a: Tornadus
|-damage|p2a: Tornadus|0 fnt
|faint|p2a: Tornadus
|
|-heal|p1a: Salamence|86/100|[from] item: Leftovers
|upkeep
|
|t:|1781139861
|switch|p2a: Cinderace|Cinderace, M|100/100
|turn|11
|
|t:|1781139871
|move|p2a: Cinderace|Court Change|p2a: Cinderace
|-swapsideconditions
|-activate|p2a: Cinderace|move: Court Change
|move|p1a: Salamence|Earthquake|p2a: Cinderace
|-supereffective|p2a: Cinderace
|-damage|p2a: Cinderace|31/100
|
|-heal|p1a: Salamence|92/100|[from] item: Leftovers
|upkeep
|turn|12
|
|t:|1781139881
|move|p2a: Cinderace|U-turn|p1a: Salamence
|-resisted|p1a: Salamence
|-crit|p1a: Salamence
|-damage|p1a: Salamence|82/100
|
|t:|1781139882
|switch|p2a: Great Tusk|Great Tusk|100/100|[from] U-turn
|move|p1a: Salamence|Earthquake|p2a: Great Tusk
|-crit|p2a: Great Tusk
|-damage|p2a: Great Tusk|71/100
|
|-heal|p1a: Salamence|88/100|[from] item: Leftovers
|upkeep
|turn|13
|
|t:|1781139893
|switch|p1a: Moltres|Moltres|77/100
|move|p2a: Great Tusk|Ice Spinner|p1a: Moltres
|-damage|p1a: Moltres|61/100
|-status|p2a: Great Tusk|brn|[from] ability: Flame Body|[of] p1a: Moltres
|
|-damage|p2a: Great Tusk|65/100 brn|[from] brn
|upkeep
|turn|14
|
|t:|1781139903
|-end|p2a: Great Tusk|Protosynthesis|[silent]
|switch|p2a: Slowking|Slowking-Galar, F|83/100
|move|p1a: Moltres|Scorching Sands|p2a: Slowking
|-supereffective|p2a: Slowking
|-damage|p2a: Slowking|52/100
|
|upkeep
|turn|15
|
|t:|1781139909
|move|p1a: Moltres|Scorching Sands|p2a: Slowking
|-supereffective|p2a: Slowking
|-damage|p2a: Slowking|21/100
|-status|p2a: Slowking|brn
|-prepare|p2a: Slowking|Chilly Reception|[premajor]
|move|p2a: Slowking|Chilly Reception|p2a: Slowking
|-weather|Snowscape
|
|t:|1781139926
|switch|p2a: Hydrapple|Hydrapple, F|99/100|[from] Chilly Reception
|
|-weather|Snowscape|[upkeep]
|upkeep
|turn|16
|
|t:|1781139934
|move|p1a: Moltres|Flamethrower|p2a: Hydrapple
|-damage|p2a: Hydrapple|59/100
|move|p2a: Hydrapple|Fickle Beam|p1a: Moltres|[anim] Fickle Beam All Out
|-activate|p2a: Hydrapple|move: Fickle Beam
|-damage|p1a: Moltres|0 fnt
|faint|p1a: Moltres
|-damage|p2a: Hydrapple|49/100|[from] item: Life Orb
|
|-weather|Snowscape|[upkeep]
|upkeep
|
|t:|1781139946
|switch|p1a: Gholdengo|Gholdengo|100/100
|-damage|p1a: Gholdengo|94/100|[from] Stealth Rock
|-damage|p1a: Gholdengo|82/100|[from] Spikes
|turn|17
|
|t:|1781139963
|switch|p2a: Slowking|Slowking-Galar, F|55/100 brn
|move|p1a: Gholdengo|Dazzling Gleam|p2a: Slowking
|-resisted|p2a: Slowking
|-damage|p2a: Slowking|45/100 brn
|
|-weather|Snowscape|[upkeep]
|-heal|p1a: Gholdengo|88/100|[from] item: Leftovers
|-damage|p2a: Slowking|39/100 brn|[from] brn
|upkeep
|turn|18
|
|t:|1781139973
|move|p1a: Gholdengo|Hex|p2a: Slowking
|-supereffective|p2a: Slowking
|-damage|p2a: Slowking|0 fnt
|faint|p2a: Slowking
|
|-weather|Snowscape|[upkeep]
|-heal|p1a: Gholdengo|94/100|[from] item: Leftovers
|upkeep
|
|t:|1781139982
|switch|p2a: Lokix|Lokix, F|39/100 psn
|turn|19
|
|t:|1781139986
|switch|p1a: Salamence|Salamence, F|88/100
|-damage|p1a: Salamence|63/100|[from] Stealth Rock
|-ability|p1a: Salamence|Intimidate|boost
|-unboost|p2a: Lokix|atk|1
|move|p2a: Lokix|Knock Off|p1a: Salamence
|-damage|p1a: Salamence|28/100
|-enditem|p1a: Salamence|Leftovers|[from] move: Knock Off|[of] p2a: Lokix
|
|-weather|none
|-damage|p2a: Lokix|26/100 psn|[from] psn
|upkeep
|turn|20
|
|t:|1781140000
|move|p2a: Lokix|Knock Off|p1a: Salamence
|-damage|p1a: Salamence|5/100
|move|p1a: Salamence|Roost|p1a: Salamence
|-heal|p1a: Salamence|55/100
|-singleturn|p1a: Salamence|move: Roost
|
|-damage|p2a: Lokix|14/100 psn|[from] psn
|upkeep
|turn|21
|
|t:|1781140009
|switch|p2a: Great Tusk|Great Tusk|65/100 brn
|move|p1a: Salamence|Roost|p1a: Salamence
|-heal|p1a: Salamence|100/100
|-singleturn|p1a: Salamence|move: Roost
|
|-damage|p2a: Great Tusk|58/100 brn|[from] brn
|upkeep
|turn|22
|
|t:|1781140019
|switch|p1a: Alomomola|Alomomola, F|100/100
|move|p2a: Great Tusk|Ice Spinner|p1a: Alomomola
|-resisted|p1a: Alomomola
|-damage|p1a: Alomomola|96/100
|
|-damage|p2a: Great Tusk|52/100 brn|[from] brn
|upkeep
|turn|23
|
|t:|1781140030
|-end|p2a: Great Tusk|Protosynthesis|[silent]
|switch|p2a: Hydrapple|Hydrapple, F|82/100
|move|p1a: Alomomola|Wish|p1a: Alomomola
|
|upkeep
|turn|24
|
|t:|1781140036
|switch|p1a: Gholdengo|Gholdengo|94/100
|-damage|p1a: Gholdengo|88/100|[from] Stealth Rock
|-damage|p1a: Gholdengo|76/100|[from] Spikes
|move|p2a: Hydrapple|Nasty Plot|p2a: Hydrapple
|-boost|p2a: Hydrapple|spa|2
|
|-heal|p1a: Gholdengo|100/100|[from] move: Wish|[wisher] Alomomola
|upkeep
|turn|25
|
|t:|1781140048
|-terastallize|p1a: Gholdengo|Fairy
|move|p1a: Gholdengo|Thunder Wave|p2a: Hydrapple
|-status|p2a: Hydrapple|par
|move|p2a: Hydrapple|Earth Power|p1a: Gholdengo
|-damage|p1a: Gholdengo|19/100
|-damage|p2a: Hydrapple|72/100 par|[from] item: Life Orb
|
|-heal|p1a: Gholdengo|25/100|[from] item: Leftovers
|upkeep
|turn|26
|
|t:|1781140060
|-terastallize|p2a: Hydrapple|Steel
|move|p1a: Gholdengo|Dazzling Gleam|p2a: Hydrapple
|-resisted|p2a: Hydrapple
|-damage|p2a: Hydrapple|53/100 par
|move|p2a: Hydrapple|Earth Power|p1a: Gholdengo
|-damage|p1a: Gholdengo|0 fnt
|faint|p1a: Gholdengo
|-damage|p2a: Hydrapple|43/100 par|[from] item: Life Orb
|
|upkeep
|
|t:|1781140071
|switch|p1a: Salamence|Salamence, F|100/100
|-damage|p1a: Salamence|76/100|[from] Stealth Rock
|-ability|p1a: Salamence|Intimidate|boost
|-unboost|p2a: Hydrapple|atk|1
|turn|27
|
|t:|1781140078
|switch|p2a: Cinderace|Cinderace, M|31/100
|move|p1a: Salamence|Earthquake|p2a: Cinderace
|-supereffective|p2a: Cinderace
|-damage|p2a: Cinderace|0 fnt
|faint|p2a: Cinderace
|
|upkeep
|
|t:|1781140089
|switch|p2a: Hydrapple|Hydrapple, F, tera:Steel|76/100 par
|turn|28
|
|t:|1781140097
|move|p1a: Salamence|Earthquake|p2a: Hydrapple
|-supereffective|p2a: Hydrapple
|-damage|p2a: Hydrapple|30/100 par
|cant|p2a: Hydrapple|par
|
|upkeep
|turn|29
|
|t:|1781140113
|switch|p2a: Great Tusk|Great Tusk|52/100 brn
|move|p1a: Salamence|Earthquake|p2a: Great Tusk
|-damage|p2a: Great Tusk|33/100 brn
|
|-damage|p2a: Great Tusk|27/100 brn|[from] brn
|upkeep
|turn|30
|
|t:|1781140122
|-end|p2a: Great Tusk|Protosynthesis|[silent]
|switch|p2a: Hydrapple|Hydrapple, F, tera:Steel|64/100 par
|switch|p1a: Alomomola|Alomomola, F|100/100
|
|upkeep
|turn|31
|
|t:|1781140134
|move|p1a: Alomomola|Wish|p1a: Alomomola
|move|p2a: Hydrapple|Fickle Beam|p1a: Alomomola|[anim] Fickle Beam All Out
|-activate|p2a: Hydrapple|move: Fickle Beam
|-damage|p1a: Alomomola|15/100
|-damage|p2a: Hydrapple|54/100 par|[from] item: Life Orb
|
|upkeep
|turn|32
|
|t:|1781140141
|move|p1a: Alomomola|Protect|p1a: Alomomola
|-singleturn|p1a: Alomomola|Protect
|move|p2a: Hydrapple|Fickle Beam|p1a: Alomomola
|-activate|p1a: Alomomola|move: Protect
|
|-heal|p1a: Alomomola|65/100|[from] move: Wish|[wisher] Alomomola
|upkeep
|turn|33
|
|t:|1781140150
|move|p1a: Alomomola|Wish|p1a: Alomomola
|move|p2a: Hydrapple|Fickle Beam|p1a: Alomomola
|-damage|p1a: Alomomola|18/100
|-damage|p2a: Hydrapple|44/100 par|[from] item: Life Orb
|
|upkeep
|turn|34
|
|t:|1781140157
|move|p1a: Alomomola|Protect|p1a: Alomomola
|-singleturn|p1a: Alomomola|Protect
|cant|p2a: Hydrapple|par
|
|-heal|p1a: Alomomola|68/100|[from] move: Wish|[wisher] Alomomola
|upkeep
|turn|35
|
|t:|1781140165
|move|p1a: Alomomola|Wish|p1a: Alomomola
|cant|p2a: Hydrapple|par
|
|upkeep
|turn|36
|
|t:|1781140173
|move|p1a: Alomomola|Body Slam|p2a: Hydrapple
|-resisted|p2a: Hydrapple
|-damage|p2a: Hydrapple|37/100 par
|cant|p2a: Hydrapple|par
|
|-heal|p1a: Alomomola|100/100|[from] move: Wish|[wisher] Alomomola
|upkeep
|turn|37
|
|t:|1781140182
|move|p1a: Alomomola|Protect|p1a: Alomomola
|-singleturn|p1a: Alomomola|Protect
|cant|p2a: Hydrapple|par
|
|upkeep
|turn|38
|
|t:|1781140189
|move|p1a: Alomomola|Wish|p1a: Alomomola
|move|p2a: Hydrapple|Leaf Storm|p1a: Alomomola
|-supereffective|p1a: Alomomola
|-damage|p1a: Alomomola|0 fnt
|-unboost|p2a: Hydrapple|spa|2
|faint|p1a: Alomomola
|-damage|p2a: Hydrapple|28/100 par|[from] item: Life Orb
|
|upkeep
|
|t:|1781140203
|switch|p1a: Salamence|Salamence, F|76/100
|-damage|p1a: Salamence|51/100|[from] Stealth Rock
|-ability|p1a: Salamence|Intimidate|boost
|-unboost|p2a: Hydrapple|atk|1
|turn|39
|
|t:|1781140210
|switch|p2a: Great Tusk|Great Tusk|27/100 brn
|move|p1a: Salamence|Earthquake|p2a: Great Tusk
|-damage|p2a: Great Tusk|8/100 brn
|
|-heal|p1a: Salamence|100/100|[from] move: Wish|[wisher] Alomomola
|-damage|p2a: Great Tusk|2/100 brn|[from] brn
|upkeep
|turn|40
|
|t:|1781140221
|move|p2a: Great Tusk|Ice Spinner|p1a: Salamence
|-supereffective|p1a: Salamence
|-damage|p1a: Salamence|65/100
|move|p1a: Salamence|Roost|p1a: Salamence
|-heal|p1a: Salamence|100/100
|-singleturn|p1a: Salamence|move: Roost
|
|-damage|p2a: Great Tusk|0 fnt|[from] brn
|faint|p2a: Great Tusk
|-end|p2a: Great Tusk|Protosynthesis|[silent]
|upkeep
|
|t:|1781140229
|switch|p2a: Hydrapple|Hydrapple, F, tera:Steel|61/100 par
|turn|41
|
|t:|1781140234
|switch|p1a: Ting-Lu|Ting-Lu|88/100 tox
|-damage|p1a: Ting-Lu|82/100 tox|[from] Stealth Rock
|-damage|p1a: Ting-Lu|69/100 tox|[from] Spikes
|-ability|p1a: Ting-Lu|Vessel of Ruin
|move|p2a: Hydrapple|Fickle Beam|p1a: Ting-Lu|[anim] Fickle Beam All Out
|-activate|p2a: Hydrapple|move: Fickle Beam
|-damage|p1a: Ting-Lu|18/100 tox
|-damage|p2a: Hydrapple|51/100 par|[from] item: Life Orb
|
|-heal|p1a: Ting-Lu|24/100 tox|[from] item: Leftovers
|-damage|p1a: Ting-Lu|18/100 tox|[from] psn
|upkeep
|turn|42
|
|t:|1781140252
|switch|p2a: Lokix|Lokix, F|14/100 psn
|move|p1a: Ting-Lu|Earthquake|p2a: Lokix
|-resisted|p2a: Lokix
|-damage|p2a: Lokix|0 fnt
|faint|p2a: Lokix
|
|-heal|p1a: Ting-Lu|24/100 tox|[from] item: Leftovers
|-damage|p1a: Ting-Lu|11/100 tox|[from] psn
|upkeep
|
|t:|1781140255
|switch|p2a: Hydrapple|Hydrapple, F, tera:Steel|84/100 par
|turn|43
|
|t:|1781140265
|move|p1a: Ting-Lu|Earthquake|p2a: Hydrapple
|-supereffective|p2a: Hydrapple
|-damage|p2a: Hydrapple|24/100 par
|cant|p2a: Hydrapple|par
|
|-heal|p1a: Ting-Lu|18/100 tox|[from] item: Leftovers
|-damage|p1a: Ting-Lu|0 fnt|[from] psn
|faint|p1a: Ting-Lu
|upkeep
|
|t:|1781140274
|switch|p1a: Salamence|Salamence, F|100/100
|-damage|p1a: Salamence|76/100|[from] Stealth Rock
|-ability|p1a: Salamence|Intimidate|boost
|-unboost|p2a: Hydrapple|atk|1
|turn|44
|
|t:|1781140286
|move|p1a: Salamence|Earthquake|p2a: Hydrapple
|-supereffective|p2a: Hydrapple
|-damage|p2a: Hydrapple|0 fnt
|faint|p2a: Hydrapple
|
|win|Stealthalo
|raw|Stealthalo's rating: 1569 &rarr; <strong>1591</strong><br />(+22 for winning)
|raw|xxroditoxx's rating: 1598 &rarr; <strong>1576</strong><br />(-22 for losing)
|l|☆xxroditoxx
|player|p2|
