|j|‽lt_alt1
|j|☆phreshoatmeal
|t:|1781139522
|gametype|singles
|player|p1|lt_alt1|102|1606
|player|p2|phreshoatmeal|clerk|1605
|gen|9
|tier|[Gen 9] OU
|rated|
|rule|HP Percentage Mod: HP is shown in percentages
|rule|Endless Battle Clause: Forcing endless battles is banned
|rule|Species Clause: Limit one of each Pokémon
|rule|OHKO Clause: OHKO moves are banned
|rule|Evasion Items Clause: Evasion items are banned
|rule|Evasion Moves Clause: Evasion moves are banned
|rule|Evasion Abilities Clause: Evasion abilities are banned
|rule|Sleep Moves Clause: Sleep-inducing moves are banned
|clearpoke
|poke|p1|Kyurem|
|poke|p1|Raging Bolt|
|poke|p1|Hatterene, F|
|poke|p1|Slowking-Galar, M|
|poke|p1|Ting-Lu|
|poke|p1|Corviknight, F|
|poke|p2|Tyranitar, F|
|poke|p2|Excadrill, M|
|poke|p2|Hatterene, F|
|poke|p2|Raging Bolt|
|poke|p2|Hippowdon, F|
|poke|p2|Zamazenta-*|
|teampreview
|
|t:|1781139552
|teamsize|p1|6
|teamsize|p2|6
|start
|switch|p1a: Ting-Lu|Ting-Lu|100/100
|switch|p2a: Tyranitar|Tyranitar, F|100/100
|-weather|Sandstorm|[from] ability: Sand Stream|[of] p2a: Tyranitar
|-ability|p1a: Ting-Lu|Vessel of Ruin
|turn|1
|
|t:|1781139561
|switch|p2a: Hatterene|Hatterene, F|100/100
|move|p1a: Ting-Lu|Ruination|p2a: Hatterene
|-damage|p2a: Hatterene|50/100
|
|-weather|Sandstorm|[upkeep]
|-damage|p2a: Hatterene|45/100|[from] Sandstorm
|-heal|p2a: Hatterene|50/100|[from] item: Leftovers
|upkeep
|turn|2
|
|t:|1781139569
|switch|p1a: Slowking|Slowking-Galar, M|100/100
|move|p2a: Hatterene|Pain Split|p1a: Slowking
|-sethp|p1a: Slowking|71/100|[from] move: Pain Split|[silent]
|-sethp|p2a: Hatterene|87/100|[from] move: Pain Split
|
|-weather|Sandstorm|[upkeep]
|-damage|p2a: Hatterene|81/100|[from] Sandstorm
|-damage|p1a: Slowking|64/100|[from] Sandstorm
|-heal|p2a: Hatterene|87/100|[from] item: Leftovers
|upkeep
|turn|3
|
|t:|1781139584
|switch|p2a: Excadrill|Excadrill, M|100/100
|-prepare|p1a: Slowking|Chilly Reception|[premajor]
|move|p1a: Slowking|Chilly Reception|p1a: Slowking
|-weather|Snowscape
|
|t:|1781139588
|switch|p1a: Kyurem|Kyurem|100/100|[from] Chilly Reception
|-ability|p1a: Kyurem|Pressure
|
|-weather|Snowscape|[upkeep]
|upkeep
|turn|4
|
|t:|1781139592
|switch|p2a: Tyranitar|Tyranitar, F|100/100
|-weather|Sandstorm|[from] ability: Sand Stream|[of] p2a: Tyranitar
|move|p1a: Kyurem|Blizzard|p2a: Tyranitar|[miss]
|-miss|p1a: Kyurem|p2a: Tyranitar
|
|-weather|Sandstorm|[upkeep]
|-damage|p1a: Kyurem|94/100|[from] Sandstorm
|upkeep
|turn|5
|
|t:|1781139608
|switch|p1a: Ting-Lu|Ting-Lu|100/100
|-ability|p1a: Ting-Lu|Vessel of Ruin
|switch|p2a: Hatterene|Hatterene, F|87/100
|
|-weather|Sandstorm|[upkeep]
|-damage|p2a: Hatterene|81/100|[from] Sandstorm
|-heal|p2a: Hatterene|87/100|[from] item: Leftovers
|upkeep
|turn|6
|
|t:|1781139621
|switch|p1a: Slowking|Slowking-Galar, M|98/100
|move|p2a: Hatterene|Gravity|p2a: Hatterene
|-fieldstart|move: Gravity
|
|-weather|Sandstorm|[upkeep]
|-damage|p2a: Hatterene|81/100|[from] Sandstorm
|-damage|p1a: Slowking|92/100|[from] Sandstorm
|-heal|p2a: Hatterene|87/100|[from] item: Leftovers
|upkeep
|turn|7
|
|t:|1781139630
|switch|p2a: Excadrill|Excadrill, M|100/100
|move|p1a: Slowking|Sludge Bomb|p2a: Excadrill
|-immune|p2a: Excadrill
|
|-weather|Sandstorm|[upkeep]
|-damage|p1a: Slowking|86/100|[from] Sandstorm
|upkeep
|turn|8
|
|t:|1781139639
|-terastallize|p1a: Slowking|Grass
|move|p2a: Excadrill|Earthquake|p1a: Slowking
|-resisted|p1a: Slowking
|-damage|p1a: Slowking|47/100
|move|p1a: Slowking|Flamethrower|p2a: Excadrill
|-supereffective|p2a: Excadrill
|-damage|p2a: Excadrill|37/100
|
|-weather|none
|upkeep
|turn|9
|
|t:|1781139651
|-terastallize|p2a: Excadrill|Ground
|move|p2a: Excadrill|Earthquake|p1a: Slowking
|-resisted|p1a: Slowking
|-damage|p1a: Slowking|0 fnt
|faint|p1a: Slowking
|
|upkeep
|
|t:|1781139653
|switch|p1a: Kyurem|Kyurem|94/100
|-ability|p1a: Kyurem|Pressure
|turn|10
|
|t:|1781139662
|switch|p2a: Tyranitar|Tyranitar, F|100/100
|-weather|Sandstorm|[from] ability: Sand Stream|[of] p2a: Tyranitar
|move|p1a: Kyurem|Earth Power|p2a: Tyranitar
|-supereffective|p2a: Tyranitar
|-damage|p2a: Tyranitar|62/100
|-enditem|p2a: Tyranitar|Eject Button
|
|t:|1781139677
|switch|p2a: Zamazenta|Zamazenta|100/100
|-ability|p2a: Zamazenta|Dauntless Shield|boost
|-boost|p2a: Zamazenta|def|1
|
|-weather|Sandstorm|[upkeep]
|-damage|p2a: Zamazenta|94/100|[from] Sandstorm
|-damage|p1a: Kyurem|88/100|[from] Sandstorm
|-heal|p2a: Zamazenta|100/100|[from] item: Leftovers
|-fieldend|move: Gravity
|upkeep
|turn|11
|
|t:|1781139682
|switch|p1a: Hatterene|Hatterene, F|100/100
|move|p2a: Zamazenta|Substitute|p2a: Zamazenta
|-start|p2a: Zamazenta|Substitute
|-damage|p2a: Zamazenta|76/100
|
|-weather|Sandstorm|[upkeep]
|-damage|p2a: Zamazenta|69/100|[from] Sandstorm
|-damage|p1a: Hatterene|95/100|[from] Sandstorm
|-heal|p2a: Zamazenta|76/100|[from] item: Leftovers
|-heal|p1a: Hatterene|100/100|[from] item: Leftovers
|upkeep
|turn|12
|
|t:|1781139685
|move|p2a: Zamazenta|Iron Head|p1a: Hatterene
|-supereffective|p1a: Hatterene
|-damage|p1a: Hatterene|46/100
|cant|p1a: Hatterene|flinch
|
|-weather|Sandstorm|[upkeep]
|-damage|p2a: Zamazenta|69/100|[from] Sandstorm
|-damage|p1a: Hatterene|40/100|[from] Sandstorm
|-heal|p2a: Zamazenta|76/100|[from] item: Leftovers
|-heal|p1a: Hatterene|46/100|[from] item: Leftovers
|upkeep
|turn|13
|
|t:|1781139692
|switch|p1a: Corviknight|Corviknight, F|100/100
|-ability|p1a: Corviknight|Pressure
|move|p2a: Zamazenta|Iron Head|p1a: Corviknight
|-resisted|p1a: Corviknight
|-damage|p1a: Corviknight|90/100
|-damage|p2a: Zamazenta|59/100|[from] item: Rocky Helmet|[of] p1a: Corviknight
|
|-weather|Sandstorm|[upkeep]
|-damage|p2a: Zamazenta|53/100|[from] Sandstorm
|-heal|p2a: Zamazenta|59/100|[from] item: Leftovers
|upkeep
|turn|14
|
|t:|1781139695
|move|p2a: Zamazenta|Close Combat|p1a: Corviknight
|-damage|p1a: Corviknight|45/100
|-unboost|p2a: Zamazenta|def|1
|-unboost|p2a: Zamazenta|spd|1
|-damage|p2a: Zamazenta|42/100|[from] item: Rocky Helmet|[of] p1a: Corviknight
|move|p1a: Corviknight|Iron Defense|p1a: Corviknight
|-boost|p1a: Corviknight|def|2
|
|-weather|none
|-heal|p2a: Zamazenta|48/100|[from] item: Leftovers
|upkeep
|turn|15
|
|t:|1781139706
|move|p2a: Zamazenta|Substitute|p2a: Zamazenta
|-fail|p2a: Zamazenta|move: Substitute
|move|p1a: Corviknight|Roost|p1a: Corviknight
|-heal|p1a: Corviknight|95/100
|-singleturn|p1a: Corviknight|move: Roost
|
|-heal|p2a: Zamazenta|55/100|[from] item: Leftovers
|upkeep
|turn|16
|
|t:|1781139713
|move|p2a: Zamazenta|Substitute|p2a: Zamazenta
|-fail|p2a: Zamazenta|move: Substitute
|move|p1a: Corviknight|Body Press|p2a: Zamazenta
|-end|p2a: Zamazenta|Substitute
|
|-heal|p2a: Zamazenta|61/100|[from] item: Leftovers
|upkeep
|turn|17
|
|t:|1781139720
|switch|p2a: Hatterene|Hatterene, F|87/100
|move|p1a: Corviknight|Iron Defense|p1a: Corviknight
|-boost|p1a: Corviknight|def|2
|
|-heal|p2a: Hatterene|93/100|[from] item: Leftovers
|upkeep
|turn|18
|
|t:|1781139730
|move|p1a: Corviknight|Iron Defense|p1a: Corviknight
|-boost|p1a: Corviknight|def|2
|move|p2a: Hatterene|Future Sight|p1a: Corviknight
|-start|p2a: Hatterene|move: Future Sight
|
|-heal|p2a: Hatterene|99/100|[from] item: Leftovers
|upkeep
|turn|19
|
|t:|1781139752
|switch|p2a: Raging Bolt|Raging Bolt|100/100
|move|p1a: Corviknight|Body Press|p2a: Raging Bolt
|-damage|p2a: Raging Bolt|46/100
|
|upkeep
|turn|20
|
|t:|1781139758
|-end|p2a: Raging Bolt|Protosynthesis|[silent]
|switch|p2a: Hatterene|Hatterene, F|99/100
|switch|p1a: Ting-Lu|Ting-Lu|100/100
|-ability|p1a: Ting-Lu|Vessel of Ruin
|
|-end|p1a: Ting-Lu|move: Future Sight
|-immune|p1a: Ting-Lu
|-heal|p2a: Hatterene|100/100|[from] item: Leftovers
|upkeep
|turn|21
|
|t:|1781139769
|switch|p1a: Corviknight|Corviknight, F|95/100
|-ability|p1a: Corviknight|Pressure
|move|p2a: Hatterene|Draining Kiss|p1a: Corviknight
|-resisted|p1a: Corviknight
|-damage|p1a: Corviknight|84/100
|-damage|p2a: Hatterene|84/100|[from] item: Rocky Helmet|[of] p1a: Corviknight
|
|-heal|p2a: Hatterene|90/100|[from] item: Leftovers
|upkeep
|turn|22
|
|t:|1781139773
|switch|p2a: Raging Bolt|Raging Bolt|46/100
|move|p1a: Corviknight|Iron Defense|p1a: Corviknight
|-boost|p1a: Corviknight|def|2
|
|upkeep
|turn|23
|
|t:|1781139777
|switch|p1a: Ting-Lu|Ting-Lu|100/100
|-ability|p1a: Ting-Lu|Vessel of Ruin
|move|p2a: Raging Bolt|Volt Switch|p1a: Ting-Lu
|-immune|p1a: Ting-Lu
|
|upkeep
|turn|24
|
|t:|1781139782
|-end|p2a: Raging Bolt|Protosynthesis|[silent]
|switch|p2a: Hatterene|Hatterene, F|90/100
|move|p1a: Ting-Lu|Ruination|p2a: Hatterene
|-damage|p2a: Hatterene|45/100
|
|-heal|p2a: Hatterene|51/100|[from] item: Leftovers
|upkeep
|turn|25
|
|t:|1781139787
|switch|p1a: Hatterene|Hatterene, F|46/100
|move|p2a: Hatterene|Pain Split|p1a: Hatterene
|-sethp|p1a: Hatterene|48/100|[from] move: Pain Split|[silent]
|-sethp|p2a: Hatterene|48/100|[from] move: Pain Split
|
|-heal|p2a: Hatterene|54/100|[from] item: Leftovers
|-heal|p1a: Hatterene|54/100|[from] item: Leftovers
|upkeep
|turn|26
|
|t:|1781139794
|move|p2a: Hatterene|Gravity|p2a: Hatterene
|-fieldstart|move: Gravity
|move|p1a: Hatterene|Nuzzle|p2a: Hatterene
|-damage|p2a: Hatterene|51/100
|-status|p2a: Hatterene|par
|
|-heal|p1a: Hatterene|60/100|[from] item: Leftovers
|-heal|p2a: Hatterene|57/100 par|[from] item: Leftovers
|upkeep
|turn|27
|
|t:|1781139803
|switch|p2a: Hippowdon|Hippowdon, F|100/100
|-weather|Sandstorm|[from] ability: Sand Stream|[of] p2a: Hippowdon
|move|p1a: Hatterene|Dazzling Gleam|p2a: Hippowdon
|-damage|p2a: Hippowdon|63/100
|-enditem|p2a: Hippowdon|Eject Button
|
|t:|1781139808
|switch|p2a: Excadrill|Excadrill, M, tera:Ground|37/100
|
|-weather|Sandstorm|[upkeep]
|-damage|p1a: Hatterene|54/100|[from] Sandstorm
|-heal|p1a: Hatterene|60/100|[from] item: Leftovers
|upkeep
|turn|28
|inactive|Battle timer is ON: inactive players will automatically lose when time's up. (requested by phreshoatmeal)
|
|t:|1781139823
|move|p2a: Excadrill|Earthquake|p1a: Hatterene
|-damage|p1a: Hatterene|0 fnt
|faint|p1a: Hatterene
|
|-weather|Sandstorm|[upkeep]
|upkeep
|
|t:|1781139825
|switch|p1a: Ting-Lu|Ting-Lu|100/100
|-ability|p1a: Ting-Lu|Vessel of Ruin
|turn|29
|inactive|phreshoatmeal has 120 seconds left.
|
|t:|1781139862
|switch|p2a: Hatterene|Hatterene, F|57/100 par
|move|p1a: Ting-Lu|Earthquake|p2a: Hatterene
|-damage|p2a: Hatterene|25/100 par
|
|-weather|Sandstorm|[upkeep]
|-damage|p2a: Hatterene|19/100 par|[from] Sandstorm
|-heal|p2a: Hatterene|25/100 par|[from] item: Leftovers
|upkeep
|turn|30
|inactive|phreshoatmeal has 120 seconds left.
|
|t:|1781139869
|move|p1a: Ting-Lu|Earthquake|p2a: Hatterene
|-damage|p2a: Hatterene|0 fnt
|faint|p2a: Hatterene
|
|-weather|Sandstorm|[upkeep]
|-fieldend|move: Gravity
|upkeep
|inactive|phreshoatmeal has 120 seconds left.
|
|t:|1781139875
|switch|p2a: Zamazenta|Zamazenta|61/100
|turn|31
|
|t:|1781139887
|move|p2a: Zamazenta|Close Combat|p1a: Ting-Lu
|-supereffective|p1a: Ting-Lu
|-damage|p1a: Ting-Lu|39/100
|-unboost|p2a: Zamazenta|def|1
|-unboost|p2a: Zamazenta|spd|1
|move|p1a: Ting-Lu|Stealth Rock|p2a: Zamazenta
|-sidestart|p2: phreshoatmeal|move: Stealth Rock
|
|-weather|none
|-heal|p2a: Zamazenta|67/100|[from] item: Leftovers
|-heal|p1a: Ting-Lu|46/100|[from] item: Leftovers
|upkeep
|turn|32
|
|t:|1781139897
|switch|p1a: Raging Bolt|Raging Bolt|100/100
|move|p2a: Zamazenta|Close Combat|p1a: Raging Bolt
|-damage|p1a: Raging Bolt|50/100
|-unboost|p2a: Zamazenta|def|1
|-unboost|p2a: Zamazenta|spd|1
|
|-heal|p2a: Zamazenta|73/100|[from] item: Leftovers
|upkeep
|turn|33
|
|t:|1781139902
|switch|p2a: Tyranitar|Tyranitar, F|62/100
|-damage|p2a: Tyranitar|50/100|[from] Stealth Rock
|-weather|Sandstorm|[from] ability: Sand Stream|[of] p2a: Tyranitar
|move|p1a: Raging Bolt|Draco Meteor|p2a: Tyranitar
|-damage|p2a: Tyranitar|20/100
|-unboost|p1a: Raging Bolt|spa|2
|
|-weather|Sandstorm|[upkeep]
|-damage|p1a: Raging Bolt|44/100|[from] Sandstorm
|upkeep
|turn|34
|
|t:|1781139914
|move|p1a: Raging Bolt|Draco Meteor|p2a: Tyranitar
|-damage|p2a: Tyranitar|5/100
|-unboost|p1a: Raging Bolt|spa|2
|move|p2a: Tyranitar|Stealth Rock|p1a: Raging Bolt
|-sidestart|p1: lt_alt1|move: Stealth Rock
|
|-weather|Sandstorm|[upkeep]
|-damage|p1a: Raging Bolt|38/100|[from] Sandstorm
|upkeep
|turn|35
|
|t:|1781139924
|move|p1a: Raging Bolt|Volt Switch|p2a: Tyranitar
|-damage|p2a: Tyranitar|0 fnt
|faint|p2a: Tyranitar
|
|t:|1781139927
|-end|p1a: Raging Bolt|Protosynthesis|[silent]
|switch|p1a: Corviknight|Corviknight, F|84/100|[from] Volt Switch
|-damage|p1a: Corviknight|72/100|[from] Stealth Rock
|-ability|p1a: Corviknight|Pressure
|
|-weather|Sandstorm|[upkeep]
|upkeep
|
|t:|1781139934
|switch|p2a: Raging Bolt|Raging Bolt|46/100
|turn|36
|
|t:|1781139944
|-end|p2a: Raging Bolt|Protosynthesis|[silent]
|switch|p2a: Zamazenta|Zamazenta|73/100
|-damage|p2a: Zamazenta|67/100|[from] Stealth Rock
|switch|p1a: Raging Bolt|Raging Bolt|38/100
|-damage|p1a: Raging Bolt|25/100|[from] Stealth Rock
|
|-weather|Sandstorm|[upkeep]
|-damage|p2a: Zamazenta|61/100|[from] Sandstorm
|-damage|p1a: Raging Bolt|19/100|[from] Sandstorm
|-heal|p2a: Zamazenta|67/100|[from] item: Leftovers
|upkeep
|turn|37
|
|t:|1781139949
|move|p1a: Raging Bolt|Thunderclap|p2a: Zamazenta
|-damage|p2a: Zamazenta|31/100
|move|p2a: Zamazenta|Crunch|p1a: Raging Bolt
|-damage|p1a: Raging Bolt|0 fnt
|faint|p1a: Raging Bolt
|-end|p1a: Raging Bolt|Protosynthesis|[silent]
|
|-weather|none
|-heal|p2a: Zamazenta|37/100|[from] item: Leftovers
|upkeep
|
|t:|1781139953
|switch|p1a: Corviknight|Corviknight, F|72/100
|-damage|p1a: Corviknight|59/100|[from] Stealth Rock
|-ability|p1a: Corviknight|Pressure
|turn|38
|
|t:|1781139957
|move|p2a: Zamazenta|Close Combat|p1a: Corviknight
|-damage|p1a: Corviknight|13/100
|-unboost|p2a: Zamazenta|def|1
|-unboost|p2a: Zamazenta|spd|1
|-damage|p2a: Zamazenta|20/100|[from] item: Rocky Helmet|[of] p1a: Corviknight
|move|p1a: Corviknight|Roost|p1a: Corviknight
|-heal|p1a: Corviknight|63/100
|-singleturn|p1a: Corviknight|move: Roost
|
|-heal|p2a: Zamazenta|26/100|[from] item: Leftovers
|upkeep
|turn|39
|
|t:|1781139970
|switch|p2a: Hippowdon|Hippowdon, F|63/100
|-damage|p2a: Hippowdon|56/100|[from] Stealth Rock
|-weather|Sandstorm|[from] ability: Sand Stream|[of] p2a: Hippowdon
|move|p1a: Corviknight|Roost|p1a: Corviknight
|-heal|p1a: Corviknight|100/100
|-singleturn|p1a: Corviknight|move: Roost
|
|-weather|Sandstorm|[upkeep]
|upkeep
|turn|40
|
|t:|1781139979
|move|p1a: Corviknight|Defog|p2a: Hippowdon
|-unboost|p2a: Hippowdon|evasion|1
|-sideend|p2: phreshoatmeal|Stealth Rock|[from] move: Defog|[of] p1a: Corviknight
|-sideend|p1: lt_alt1|Stealth Rock|[from] move: Defog|[of] p1a: Corviknight
|move|p2a: Hippowdon|Earthquake|p1a: Corviknight
|-immune|p1a: Corviknight
|
|-weather|Sandstorm|[upkeep]
|upkeep
|turn|41
|
|t:|1781139983
|move|p1a: Corviknight|Iron Defense|p1a: Corviknight
|-boost|p1a: Corviknight|def|2
|move|p2a: Hippowdon|Slack Off|p2a: Hippowdon
|-heal|p2a: Hippowdon|100/100
|
|-weather|Sandstorm|[upkeep]
|upkeep
|turn|42
|
|t:|1781139987
|move|p1a: Corviknight|Body Press|p2a: Hippowdon
|-damage|p2a: Hippowdon|76/100
|move|p2a: Hippowdon|Stealth Rock|p1a: Corviknight
|-sidestart|p1: lt_alt1|move: Stealth Rock
|
|-weather|Sandstorm|[upkeep]
|upkeep
|turn|43
|
|t:|1781139989
|move|p1a: Corviknight|Defog|p2a: Hippowdon
|-unboost|p2a: Hippowdon|evasion|1
|-sideend|p1: lt_alt1|Stealth Rock|[from] move: Defog|[of] p1a: Corviknight
|move|p2a: Hippowdon|Whirlwind|p1a: Corviknight
|drag|p1a: Ting-Lu|Ting-Lu|46/100
|-ability|p1a: Ting-Lu|Vessel of Ruin
|
|-weather|none
|-heal|p1a: Ting-Lu|52/100|[from] item: Leftovers
|upkeep
|turn|44
|
|t:|1781139995
|switch|p2a: Excadrill|Excadrill, M, tera:Ground|37/100
|move|p1a: Ting-Lu|Stealth Rock|p2a: Excadrill
|-sidestart|p2: phreshoatmeal|move: Stealth Rock
|
|-heal|p1a: Ting-Lu|58/100|[from] item: Leftovers
|upkeep
|turn|45
|
|t:|1781139998
|switch|p1a: Corviknight|Corviknight, F|100/100
|-ability|p1a: Corviknight|Pressure
|move|p2a: Excadrill|Iron Head|p1a: Corviknight
|-resisted|p1a: Corviknight
|-damage|p1a: Corviknight|79/100
|-damage|p2a: Excadrill|20/100|[from] item: Rocky Helmet|[of] p1a: Corviknight
|
|upkeep
|turn|46
|
|t:|1781140004
|move|p2a: Excadrill|Iron Head|p1a: Corviknight
|-resisted|p1a: Corviknight
|-damage|p1a: Corviknight|56/100
|-damage|p2a: Excadrill|4/100|[from] item: Rocky Helmet|[of] p1a: Corviknight
|move|p1a: Corviknight|Body Press|p2a: Excadrill
|-damage|p2a: Excadrill|0 fnt
|faint|p2a: Excadrill
|
|upkeep
|
|t:|1781140010
|switch|p2a: Raging Bolt|Raging Bolt|46/100
|turn|47
|
|t:|1781140014
|switch|p1a: Ting-Lu|Ting-Lu|58/100
|-ability|p1a: Ting-Lu|Vessel of Ruin
|move|p2a: Raging Bolt|Dragon Pulse|p1a: Ting-Lu
|-damage|p1a: Ting-Lu|41/100
|
|-heal|p1a: Ting-Lu|47/100|[from] item: Leftovers
|upkeep
|turn|48
|
|t:|1781140020
|move|p2a: Raging Bolt|Dragon Pulse|p1a: Ting-Lu
|-damage|p1a: Ting-Lu|29/100
|move|p1a: Ting-Lu|Earthquake|p2a: Raging Bolt
|-supereffective|p2a: Raging Bolt
|-damage|p2a: Raging Bolt|0 fnt
|faint|p2a: Raging Bolt
|-end|p2a: Raging Bolt|Protosynthesis|[silent]
|
|-heal|p1a: Ting-Lu|35/100|[from] item: Leftovers
|upkeep
|-message|phreshoatmeal forfeited.
|
|win|lt_alt1
|raw|lt_alt1's rating: 1606 &rarr; <strong>1626</strong><br />(+20 for winning)
|raw|phreshoatmeal's rating: 1605 &rarr; <strong>1585</strong><br />(-20 for losing)
|l|☆phreshoatmeal
|player|p2|
