|j|☆drqco
|j|☆LetsgoBrandonJ
|t:|1781314566
|gametype|singles
|player|p1|drqco|volkner|1578
|player|p2|LetsgoBrandonJ|palmer|1735
|gen|9
|tier|[Gen 9] OU
|rated|
|rule|HP Percentage Mod: HP is shown in percentages
|rule|Endless Battle Clause: Forcing endless battles is banned
|rule|Species Clause: Limit one of each Pokémon
|rule|OHKO Clause: OHKO moves are banned
|rule|Evasion Items Clause: Evasion items are banned
|rule|Evasion Moves Clause: Evasion moves are banned
|rule|Evasion Abilities Clause: Evasion abilities are banned
|rule|Sleep Moves Clause: Sleep-inducing moves are banned
|clearpoke
|poke|p1|Raging Bolt|
|poke|p1|Ribombee, F|
|poke|p1|Gholdengo|
|poke|p1|Great Tusk|
|poke|p1|Ogerpon-Cornerstone, F|
|poke|p1|Ceruledge, F|
|poke|p2|Tyranitar, F|
|poke|p2|Excadrill, M|
|poke|p2|Keldeo-Resolute|
|poke|p2|Tornadus-Therian, M|
|poke|p2|Heatran, F|
|poke|p2|Hydrapple, M|
|teampreview
|inactive|Battle timer is ON: inactive players will automatically lose when time's up. (requested by LetsgoBrandonJ)
|inactive|drqco has 120 seconds left.
|
|t:|1781314613
|teamsize|p1|6
|teamsize|p2|6
|start
|switch|p1a: Luinor|Great Tusk, shiny|100/100
|switch|p2a: Tyranitar|Tyranitar, F|100/100
|-weather|Sandstorm|[from] ability: Sand Stream|[of] p2a: Tyranitar
|-enditem|p1a: Luinor|Booster Energy
|-activate|p1a: Luinor|ability: Protosynthesis|[fromitem]
|-start|p1a: Luinor|protosynthesisatk
|turn|1
|
|t:|1781314625
|switch|p2a: Tornadus|Tornadus-Therian, M|100/100
|move|p1a: Luinor|Rapid Spin|p2a: Tornadus
|-damage|p2a: Tornadus|74/100
|-boost|p1a: Luinor|spe|1
|
|-weather|Sandstorm|[upkeep]
|-damage|p2a: Tornadus|68/100|[from] Sandstorm
|upkeep
|turn|2
|
|t:|1781314635
|move|p1a: Luinor|Ice Spinner|p2a: Tornadus
|-supereffective|p2a: Tornadus
|-damage|p2a: Tornadus|0 fnt
|faint|p2a: Tornadus
|
|-weather|Sandstorm|[upkeep]
|upkeep
|
|t:|1781314651
|switch|p2a: Hydrapple|Hydrapple, M|100/100
|turn|3
|
|t:|1781314668
|-terastallize|p2a: Hydrapple|Fairy
|move|p1a: Luinor|Ice Spinner|p2a: Hydrapple
|-damage|p2a: Hydrapple|78/100
|-damage|p1a: Luinor|84/100|[from] item: Rocky Helmet|[of] p2a: Hydrapple
|move|p2a: Hydrapple|Giga Drain|p1a: Luinor
|-supereffective|p1a: Luinor
|-damage|p1a: Luinor|0 fnt
|-heal|p2a: Hydrapple|100/100|[from] drain|[of] p1a: Luinor
|faint|p1a: Luinor
|-end|p1a: Luinor|Protosynthesis|[silent]
|
|-weather|Sandstorm|[upkeep]
|-damage|p2a: Hydrapple|94/100|[from] Sandstorm
|upkeep
|inactive|drqco has 120 seconds left.
|
|t:|1781314706
|switch|p1a: Cheese Stick|Gholdengo, shiny|100/100
|-item|p1a: Cheese Stick|Air Balloon
|turn|4
|
|t:|1781314713
|switch|p2a: Heatran|Heatran, F|100/100
|move|p1a: Cheese Stick|Nasty Plot|p1a: Cheese Stick
|-boost|p1a: Cheese Stick|spa|2
|
|-weather|Sandstorm|[upkeep]
|upkeep
|turn|5
|
|t:|1781314724
|move|p1a: Cheese Stick|Shadow Ball|p2a: Heatran
|-damage|p2a: Heatran|38/100
|move|p2a: Heatran|Magma Storm|p1a: Cheese Stick|[miss]
|-miss|p2a: Heatran|p1a: Cheese Stick
|
|-weather|none
|-heal|p2a: Heatran|44/100|[from] item: Leftovers
|upkeep
|turn|6
|
|t:|1781314739
|switch|p2a: Tyranitar|Tyranitar, F|100/100
|-weather|Sandstorm|[from] ability: Sand Stream|[of] p2a: Tyranitar
|move|p1a: Cheese Stick|Shadow Ball|p2a: Tyranitar
|-resisted|p2a: Tyranitar
|-damage|p2a: Tyranitar|67/100
|
|-weather|Sandstorm|[upkeep]
|upkeep
|turn|7
|
|t:|1781314749
|move|p1a: Cheese Stick|Dazzling Gleam|p2a: Tyranitar
|-supereffective|p2a: Tyranitar
|-damage|p2a: Tyranitar|0 fnt
|faint|p2a: Tyranitar
|
|-weather|Sandstorm|[upkeep]
|upkeep
|
|t:|1781314761
|switch|p2a: Keldeo|Keldeo-Resolute|100/100
|turn|8
|l|☆drqco
|inactive|drqco disconnected and has a minute to reconnect!
|player|p1|
|j| mak7xr
|inactive|drqco has 30 seconds to reconnect!
|inactive|drqco has 20 seconds to reconnect!
|inactive|drqco has 15 seconds to reconnect!
|j|☆drqco
|inactive|drqco reconnected and has 95 seconds left.
|player|p1|drqco|volkner|
|inactive|drqco has 90 seconds left.
|
|t:|1781314829
|move|p2a: Keldeo|Surf|p1a: Cheese Stick
|-damage|p1a: Cheese Stick|17/100
|-enditem|p1a: Cheese Stick|Air Balloon
|move|p1a: Cheese Stick|Psyshock|p2a: Keldeo
|-supereffective|p2a: Keldeo
|-damage|p2a: Keldeo|0 fnt
|faint|p2a: Keldeo
|
|-weather|Sandstorm|[upkeep]
|upkeep
|
|t:|1781314839
|switch|p2a: Excadrill|Excadrill, M|100/100
|-item|p2a: Excadrill|Air Balloon
|turn|9
|
|t:|1781314843
|move|p2a: Excadrill|Earthquake|p1a: Cheese Stick
|-supereffective|p1a: Cheese Stick
|-damage|p1a: Cheese Stick|0 fnt
|faint|p1a: Cheese Stick
|
|-weather|Sandstorm|[upkeep]
|upkeep
|inactive|drqco has 90 seconds left.
|
|t:|1781314859
|switch|p1a: Thwomp|Ogerpon-Cornerstone, F|100/100
|turn|10
|
|t:|1781314863
|-terastallize|p1a: Thwomp|Rock
|detailschange|p1a: Thwomp|Ogerpon-Cornerstone-Tera, F, tera:Rock
|-ability|p1a: Thwomp|Embody Aspect (Cornerstone)|boost
|-boost|p1a: Thwomp|def|1
|move|p2a: Excadrill|Iron Head|p1a: Thwomp
|-supereffective|p1a: Thwomp
|-damage|p1a: Thwomp|20/100
|cant|p1a: Thwomp|flinch
|
|-weather|none
|upkeep
|turn|11
|
|t:|1781314875
|move|p1a: Thwomp|Power Whip|p2a: Excadrill
|-damage|p2a: Excadrill|0 fnt
|-enditem|p2a: Excadrill|Air Balloon
|faint|p2a: Excadrill
|
|upkeep
|
|t:|1781314882
|switch|p2a: Hydrapple|Hydrapple, M, tera:Fairy|100/100
|turn|12
|inactive|drqco has 90 seconds left.
|
|t:|1781314919
|move|p1a: Thwomp|Ivy Cudgel|p2a: Hydrapple|[anim] Ivy Cudgel Rock
|-damage|p2a: Hydrapple|56/100
|move|p2a: Hydrapple|Giga Drain|p1a: Thwomp
|-supereffective|p1a: Thwomp
|-damage|p1a: Thwomp|0 fnt
|-heal|p2a: Hydrapple|63/100|[from] drain|[of] p1a: Thwomp
|faint|p1a: Thwomp
|detailschange|p1: Thwomp|Ogerpon-Cornerstone, F|[silent]
|
|upkeep
|
|t:|1781314925
|switch|p1a: Excalibur|Ceruledge, F, shiny|100/100
|turn|13
|
|t:|1781314930
|switch|p2a: Heatran|Heatran, F|44/100
|move|p1a: Excalibur|Swords Dance|p1a: Excalibur
|-boost|p1a: Excalibur|atk|2
|
|-heal|p2a: Heatran|50/100|[from] item: Leftovers
|upkeep
|turn|14
|inactive|drqco has 90 seconds left.
|
|t:|1781314956
|move|p1a: Excalibur|Poltergeist|p2a: Heatran|[miss]
|-miss|p1a: Excalibur|p2a: Heatran
|move|p2a: Heatran|Earth Power|p1a: Excalibur
|-supereffective|p1a: Excalibur
|-damage|p1a: Excalibur|50/100
|
|-heal|p2a: Heatran|56/100|[from] item: Leftovers
|upkeep
|turn|15
|
|t:|1781314968
|move|p1a: Excalibur|Poltergeist|p2a: Heatran
|-activate|p2a: Heatran|move: Poltergeist|Leftovers
|-damage|p2a: Heatran|0 fnt
|faint|p2a: Heatran
|
|upkeep
|l| mak7xr
|
|t:|1781314974
|switch|p2a: Hydrapple|Hydrapple, M, tera:Fairy|96/100
|turn|16
|inactive|drqco has 90 seconds left.
|
|t:|1781314981
|move|p1a: Excalibur|Poltergeist|p2a: Hydrapple
|-activate|p2a: Hydrapple|move: Poltergeist|Rocky Helmet
|-damage|p2a: Hydrapple|31/100
|move|p2a: Hydrapple|Earth Power|p1a: Excalibur
|-supereffective|p1a: Excalibur
|-damage|p1a: Excalibur|1/100
|
|upkeep
|turn|17
|
|t:|1781314989
|move|p1a: Excalibur|Bitter Blade|p2a: Hydrapple
|-damage|p2a: Hydrapple|0 fnt
|-heal|p1a: Excalibur|19/100|[from] drain|[of] p2a: Hydrapple
|-damage|p1a: Excalibur|3/100|[from] item: Rocky Helmet|[of] p2a: Hydrapple
|faint|p2a: Hydrapple
|
|win|drqco
|raw|drqco's rating: 1578 &rarr; <strong>1606</strong><br />(+28 for winning)
|raw|LetsgoBrandonJ's rating: 1735 &rarr; <strong>1707</strong><br />(-28 for losing)
|l|☆LetsgoBrandonJ
|player|p2|
