|j|☆jimola
|j|☆champ bogar
|t:|1781391891
|gametype|singles
|player|p1|jimola|1|1655
|player|p2|champ bogar|cynthia-masters3|1665
|gen|9
|tier|[Gen 9] OU
|rated|
|rule|HP Percentage Mod: HP is shown in percentages
|rule|Endless Battle Clause: Forcing endless battles is banned
|rule|Species Clause: Limit one of each Pokémon
|rule|OHKO Clause: OHKO moves are banned
|rule|Evasion Items Clause: Evasion items are banned
|rule|Evasion Moves Clause: Evasion moves are banned
|rule|Evasion Abilities Clause: Evasion abilities are banned
|rule|Sleep Moves Clause: Sleep-inducing moves are banned
|clearpoke
|poke|p1|Iron Treads|
|poke|p1|Ceruledge, M|
|poke|p1|Iron Thorns|
|poke|p1|Pincurchin, F|
|poke|p1|Iron Valiant|
|poke|p1|Iron Jugulis|
|poke|p2|Garchomp, F|
|poke|p2|Darkrai|
|poke|p2|Deoxys-Speed|
|poke|p2|Clodsire, M|
|poke|p2|Corviknight, F|
|poke|p2|Cinderace, M|
|teampreview
|inactive|Battle timer is ON: inactive players will automatically lose when time's up. (requested by champ bogar)
|inactive|jimola has 120 seconds left.
|
|t:|1781391924
|teamsize|p1|6
|teamsize|p2|6
|start
|switch|p1a: Iron Valiant|Iron Valiant|100/100
|switch|p2a: Darkrai|Darkrai|100/100
|turn|1
|inactive|champ bogar has 120 seconds left.
|
|t:|1781391963
|switch|p2a: Clodsire|Clodsire, M|100/100
|move|p1a: Iron Valiant|Moonblast|p2a: Clodsire
|-resisted|p2a: Clodsire
|-damage|p2a: Clodsire|89/100
|-unboost|p2a: Clodsire|spa|1
|
|-heal|p2a: Clodsire|95/100|[from] item: Leftovers
|upkeep
|turn|2
|
|t:|1781391976
|-end|p1a: Iron Valiant|Quark Drive|[silent]
|switch|p1a: Pincurchin|Pincurchin, F|100/100
|-fieldstart|move: Electric Terrain|[from] ability: Electric Surge|[of] p1a: Pincurchin
|move|p2a: Clodsire|Toxic|p1a: Pincurchin
|-status|p1a: Pincurchin|tox
|
|-heal|p2a: Clodsire|100/100|[from] item: Leftovers
|-damage|p1a: Pincurchin|94/100 tox|[from] psn
|upkeep
|turn|3
|
|t:|1781391985
|switch|p1a: Iron Treads|Iron Treads|100/100
|-item|p1a: Iron Treads|Air Balloon
|-activate|p1a: Iron Treads|ability: Quark Drive
|-start|p1a: Iron Treads|quarkdrivespe
|move|p2a: Clodsire|Toxic|p1a: Iron Treads
|-immune|p1a: Iron Treads
|
|upkeep
|turn|4
|
|t:|1781391995
|switch|p2a: Corviknight|Corviknight, F|100/100
|-ability|p2a: Corviknight|Pressure
|move|p1a: Iron Treads|Volt Switch|p2a: Corviknight
|-supereffective|p2a: Corviknight
|-damage|p2a: Corviknight|80/100
|
|t:|1781392002
|-end|p1a: Iron Treads|Quark Drive|[silent]
|switch|p1a: Iron Thorns|Iron Thorns|100/100|[from] Volt Switch
|-activate|p1a: Iron Thorns|ability: Quark Drive
|-start|p1a: Iron Thorns|quarkdriveatk
|
|upkeep
|turn|5
|
|t:|1781392006
|move|p1a: Iron Thorns|Dragon Dance|p1a: Iron Thorns
|-boost|p1a: Iron Thorns|atk|1
|-boost|p1a: Iron Thorns|spe|1
|move|p2a: Corviknight|Body Press|p1a: Iron Thorns
|-supereffective|p1a: Iron Thorns
|-damage|p1a: Iron Thorns|53/100
|
|upkeep
|turn|6
|
|t:|1781392015
|switch|p2a: Garchomp|Garchomp, F|100/100
|move|p1a: Iron Thorns|Thunder Punch|p2a: Garchomp
|-immune|p2a: Garchomp
|
|upkeep
|turn|7
|
|t:|1781392029
|-terastallize|p2a: Garchomp|Fairy
|move|p1a: Iron Thorns|Ice Punch|p2a: Garchomp
|-damage|p2a: Garchomp|64/100
|-damage|p1a: Iron Thorns|41/100|[from] ability: Rough Skin|[of] p2a: Garchomp
|-damage|p1a: Iron Thorns|24/100|[from] item: Rocky Helmet|[of] p2a: Garchomp
|move|p2a: Garchomp|Earthquake|p1a: Iron Thorns
|-supereffective|p1a: Iron Thorns
|-damage|p1a: Iron Thorns|0 fnt
|faint|p1a: Iron Thorns
|-end|p1a: Iron Thorns|Quark Drive|[silent]
|
|upkeep
|
|t:|1781392053
|switch|p1a: Iron Jugulis|Iron Jugulis|100/100
|-activate|p1a: Iron Jugulis|ability: Quark Drive
|-start|p1a: Iron Jugulis|quarkdrivespe
|turn|8
|
|t:|1781392066
|switch|p2a: Clodsire|Clodsire, M|100/100
|-terastallize|p1a: Iron Jugulis|Ground
|move|p1a: Iron Jugulis|Earth Power|p2a: Clodsire
|-supereffective|p2a: Clodsire
|-damage|p2a: Clodsire|57/100
|
|-heal|p2a: Clodsire|63/100|[from] item: Leftovers
|upkeep
|turn|9
|
|t:|1781392071
|move|p1a: Iron Jugulis|Earth Power|p2a: Clodsire
|-supereffective|p2a: Clodsire
|-damage|p2a: Clodsire|14/100
|move|p2a: Clodsire|Recover|p2a: Clodsire
|-heal|p2a: Clodsire|64/100
|
|-heal|p2a: Clodsire|70/100|[from] item: Leftovers
|-fieldend|move: Electric Terrain
|-end|p1a: Iron Jugulis|Quark Drive
|upkeep
|turn|10
|
|t:|1781392076
|move|p1a: Iron Jugulis|Earth Power|p2a: Clodsire
|-supereffective|p2a: Clodsire
|-damage|p2a: Clodsire|23/100
|move|p2a: Clodsire|Recover|p2a: Clodsire
|-heal|p2a: Clodsire|73/100
|
|-heal|p2a: Clodsire|80/100|[from] item: Leftovers
|upkeep
|turn|11
|
|t:|1781392086
|switch|p2a: Corviknight|Corviknight, F|80/100
|-ability|p2a: Corviknight|Pressure
|move|p1a: Iron Jugulis|Earth Power|p2a: Corviknight
|-immune|p2a: Corviknight
|
|upkeep
|turn|12
|
|t:|1781392099
|-end|p1a: Iron Jugulis|Quark Drive|[silent]
|switch|p1a: Pincurchin|Pincurchin, F|94/100 tox
|-fieldstart|move: Electric Terrain|[from] ability: Electric Surge|[of] p1a: Pincurchin
|move|p2a: Corviknight|U-turn|p1a: Pincurchin
|-damage|p1a: Pincurchin|76/100 tox
|
|t:|1781392109
|switch|p2a: Cinderace|Cinderace, M|100/100|[from] U-turn
|
|-damage|p1a: Pincurchin|70/100 tox|[from] psn
|upkeep
|turn|13
|
|t:|1781392132
|switch|p1a: Ceruledge|Ceruledge, M|100/100
|move|p2a: Cinderace|Pyro Ball|p1a: Ceruledge
|-resisted|p1a: Ceruledge
|-damage|p1a: Ceruledge|60/100
|-ability|p1a: Ceruledge|Weak Armor|boost
|-unboost|p1a: Ceruledge|def|1
|-boost|p1a: Ceruledge|spe|2
|
|upkeep
|turn|14
|
|t:|1781392140
|move|p1a: Ceruledge|Bitter Blade|p2a: Cinderace
|-resisted|p2a: Cinderace
|-damage|p2a: Cinderace|54/100
|-heal|p1a: Ceruledge|84/100|[from] drain|[of] p2a: Cinderace
|-damage|p1a: Ceruledge|74/100|[from] item: Life Orb
|move|p2a: Cinderace|Pyro Ball|p1a: Ceruledge
|-resisted|p1a: Ceruledge
|-damage|p1a: Ceruledge|12/100
|-ability|p1a: Ceruledge|Weak Armor|boost
|-unboost|p1a: Ceruledge|def|1
|-boost|p1a: Ceruledge|spe|2
|
|upkeep
|turn|15
|
|t:|1781392148
|move|p2a: Cinderace|Sucker Punch|p1a: Ceruledge
|-start|p2a: Cinderace|typechange|Dark|[from] ability: Libero
|-supereffective|p1a: Ceruledge
|-damage|p1a: Ceruledge|0 fnt
|faint|p1a: Ceruledge
|
|upkeep
|
|t:|1781392156
|switch|p1a: Iron Valiant|Iron Valiant|100/100
|-activate|p1a: Iron Valiant|ability: Quark Drive
|-start|p1a: Iron Valiant|quarkdrivespe
|turn|16
|
|t:|1781392169
|switch|p2a: Clodsire|Clodsire, M|80/100
|move|p1a: Iron Valiant|Knock Off|p2a: Clodsire
|-damage|p2a: Clodsire|48/100
|-enditem|p2a: Clodsire|Leftovers|[from] move: Knock Off|[of] p1a: Iron Valiant
|
|upkeep
|turn|17
|
|t:|1781392172
|-end|p1a: Iron Valiant|Quark Drive|[silent]
|switch|p1a: Iron Treads|Iron Treads|100/100
|-item|p1a: Iron Treads|Air Balloon
|-activate|p1a: Iron Treads|ability: Quark Drive
|-start|p1a: Iron Treads|quarkdrivespe
|move|p2a: Clodsire|Recover|p2a: Clodsire
|-heal|p2a: Clodsire|98/100
|
|upkeep
|turn|18
|
|t:|1781392181
|move|p1a: Iron Treads|Volt Switch|p2a: Clodsire
|-immune|p2a: Clodsire
|move|p2a: Clodsire|Recover|p2a: Clodsire
|-heal|p2a: Clodsire|100/100
|
|upkeep
|turn|19
|
|t:|1781392189
|switch|p2a: Corviknight|Corviknight, F|80/100
|-ability|p2a: Corviknight|Pressure
|move|p1a: Iron Treads|Earthquake|p2a: Corviknight
|-immune|p2a: Corviknight
|
|-fieldend|move: Electric Terrain
|-end|p1a: Iron Treads|Quark Drive
|upkeep
|turn|20
|
|t:|1781392192
|move|p1a: Iron Treads|Volt Switch|p2a: Corviknight
|-supereffective|p2a: Corviknight
|-damage|p2a: Corviknight|59/100
|
|t:|1781392194
|-end|p1a: Iron Treads|Quark Drive|[silent]
|switch|p1a: Pincurchin|Pincurchin, F|70/100 tox|[from] Volt Switch
|-fieldstart|move: Electric Terrain|[from] ability: Electric Surge|[of] p1a: Pincurchin
|move|p2a: Corviknight|Roost|p2a: Corviknight
|-heal|p2a: Corviknight|100/100
|-singleturn|p2a: Corviknight|move: Roost
|
|-damage|p1a: Pincurchin|64/100 tox|[from] psn
|upkeep
|turn|21
|
|t:|1781392216
|move|p2a: Corviknight|U-turn|p1a: Pincurchin
|-damage|p1a: Pincurchin|46/100 tox
|
|t:|1781392219
|switch|p2a: Clodsire|Clodsire, M|100/100|[from] U-turn
|move|p1a: Pincurchin|Scald|p2a: Clodsire
|-immune|p2a: Clodsire|[from] ability: Water Absorb
|
|-damage|p1a: Pincurchin|34/100 tox|[from] psn
|upkeep
|turn|22
|
|t:|1781392228
|switch|p2a: Cinderace|Cinderace, M|54/100
|switch|p1a: Iron Treads|Iron Treads|100/100
|-item|p1a: Iron Treads|Air Balloon
|-activate|p1a: Iron Treads|ability: Quark Drive
|-start|p1a: Iron Treads|quarkdrivespe
|
|upkeep
|turn|23
|
|t:|1781392237
|switch|p2a: Corviknight|Corviknight, F|100/100
|-ability|p2a: Corviknight|Pressure
|move|p1a: Iron Treads|Volt Switch|p2a: Corviknight
|-supereffective|p2a: Corviknight
|-damage|p2a: Corviknight|76/100
|
|t:|1781392240
|-end|p1a: Iron Treads|Quark Drive|[silent]
|switch|p1a: Iron Jugulis|Iron Jugulis, tera:Ground|100/100|[from] Volt Switch
|-activate|p1a: Iron Jugulis|ability: Quark Drive
|-start|p1a: Iron Jugulis|quarkdrivespe
|
|upkeep
|turn|24
|
|t:|1781392245
|move|p1a: Iron Jugulis|Meteor Beam||[still]
|-prepare|p1a: Iron Jugulis|Meteor Beam
|-boost|p1a: Iron Jugulis|spa|1
|-enditem|p1a: Iron Jugulis|Power Herb
|-anim|p1a: Iron Jugulis|Meteor Beam|p2a: Corviknight
|-damage|p2a: Corviknight|15/100
|move|p2a: Corviknight|U-turn|p1a: Iron Jugulis
|-damage|p1a: Iron Jugulis|84/100
|
|t:|1781392254
|switch|p2a: Clodsire|Clodsire, M|100/100|[from] U-turn
|
|upkeep
|turn|25
|
|t:|1781392258
|move|p1a: Iron Jugulis|Earth Power|p2a: Clodsire
|-supereffective|p2a: Clodsire
|-damage|p2a: Clodsire|29/100
|move|p2a: Clodsire|Recover|p2a: Clodsire
|-heal|p2a: Clodsire|79/100
|
|upkeep
|turn|26
|
|t:|1781392272
|move|p1a: Iron Jugulis|Earth Power|p2a: Clodsire
|-supereffective|p2a: Clodsire
|-damage|p2a: Clodsire|2/100
|-unboost|p2a: Clodsire|spd|1
|move|p2a: Clodsire|Recover|p2a: Clodsire
|-heal|p2a: Clodsire|52/100
|
|upkeep
|turn|27
|
|t:|1781392277
|switch|p2a: Corviknight|Corviknight, F|15/100
|-ability|p2a: Corviknight|Pressure
|move|p1a: Iron Jugulis|Dark Pulse|p2a: Corviknight
|-damage|p2a: Corviknight|0 fnt
|faint|p2a: Corviknight
|
|-fieldend|move: Electric Terrain
|-end|p1a: Iron Jugulis|Quark Drive
|upkeep
|
|t:|1781392280
|switch|p2a: Darkrai|Darkrai|100/100
|turn|28
|
|t:|1781392285
|-end|p1a: Iron Jugulis|Quark Drive|[silent]
|switch|p1a: Pincurchin|Pincurchin, F|34/100 tox
|-fieldstart|move: Electric Terrain|[from] ability: Electric Surge|[of] p1a: Pincurchin
|move|p2a: Darkrai|Ice Beam|p1a: Pincurchin
|-damage|p1a: Pincurchin|0 fnt
|faint|p1a: Pincurchin
|
|upkeep
|
|t:|1781392294
|switch|p1a: Iron Valiant|Iron Valiant|100/100
|-activate|p1a: Iron Valiant|ability: Quark Drive
|-start|p1a: Iron Valiant|quarkdrivespe
|turn|29
|
|t:|1781392301
|switch|p2a: Clodsire|Clodsire, M|52/100
|move|p1a: Iron Valiant|Close Combat|p2a: Clodsire
|-resisted|p2a: Clodsire
|-damage|p2a: Clodsire|23/100
|-unboost|p1a: Iron Valiant|def|1
|-unboost|p1a: Iron Valiant|spd|1
|
|upkeep
|turn|30
|
|t:|1781392306
|switch|p2a: Garchomp|Garchomp, F, tera:Fairy|64/100
|move|p1a: Iron Valiant|Close Combat|p2a: Garchomp
|-resisted|p2a: Garchomp
|-damage|p2a: Garchomp|47/100
|-unboost|p1a: Iron Valiant|def|1
|-unboost|p1a: Iron Valiant|spd|1
|-damage|p1a: Iron Valiant|88/100|[from] ability: Rough Skin|[of] p2a: Garchomp
|-damage|p1a: Iron Valiant|71/100|[from] item: Rocky Helmet|[of] p2a: Garchomp
|
|upkeep
|turn|31
|
|t:|1781392317
|move|p1a: Iron Valiant|Moonblast|p2a: Garchomp
|-damage|p2a: Garchomp|3/100
|move|p2a: Garchomp|Earthquake|p1a: Iron Valiant
|-damage|p1a: Iron Valiant|0 fnt
|faint|p1a: Iron Valiant
|-end|p1a: Iron Valiant|Quark Drive|[silent]
|
|upkeep
|
|t:|1781392321
|switch|p1a: Iron Jugulis|Iron Jugulis, tera:Ground|84/100
|-activate|p1a: Iron Jugulis|ability: Quark Drive
|-start|p1a: Iron Jugulis|quarkdrivespe
|turn|32
|
|t:|1781392328
|move|p2a: Garchomp|Endure|p2a: Garchomp
|-singleturn|p2a: Garchomp|move: Endure
|move|p1a: Iron Jugulis|Dark Pulse|p2a: Garchomp
|-resisted|p2a: Garchomp
|-activate|p2a: Garchomp|move: Endure
|-damage|p2a: Garchomp|1/100
|
|upkeep
|turn|33
|
|t:|1781392334
|switch|p2a: Clodsire|Clodsire, M|23/100
|move|p1a: Iron Jugulis|Dark Pulse|p2a: Clodsire
|-damage|p2a: Clodsire|1/100
|
|upkeep
|turn|34
|-message|jimola forfeited.
|
|win|champ bogar
|raw|jimola's rating: 1655 &rarr; <strong>1636</strong><br />(-19 for losing)
|raw|champ bogar's rating: 1665 &rarr; <strong>1684</strong><br />(+19 for winning)
|l|☆jimola
|player|p1|
|l|☆champ bogar
|player|p2|
