|j|☆0c3an m4n
|j|☆Enigmatic Gale
|t:|1781288204
|gametype|singles
|player|p1|0c3an m4n|marlon|1530
|player|p2|Enigmatic Gale|juggler|1551
|gen|9
|tier|[Gen 9] OU
|rated|
|rule|HP Percentage Mod: HP is shown in percentages
|rule|Endless Battle Clause: Forcing endless battles is banned
|rule|Species Clause: Limit one of each Pokémon
|rule|OHKO Clause: OHKO moves are banned
|rule|Evasion Items Clause: Evasion items are banned
|rule|Evasion Moves Clause: Evasion moves are banned
|rule|Evasion Abilities Clause: Evasion abilities are banned
|rule|Sleep Moves Clause: Sleep-inducing moves are banned
|clearpoke
|poke|p1|Quaquaval, M|
|poke|p1|Barraskewda, F|
|poke|p1|Pelipper, M|
|poke|p1|Slither Wing|
|poke|p1|Hatterene, F|
|poke|p1|Gastrodon-East, M|
|poke|p2|Samurott-Hisui, M|
|poke|p2|Heatran, F|
|poke|p2|Sinistcha|
|poke|p2|Tornadus-Therian, M|
|poke|p2|Mamoswine, F|
|poke|p2|Iron Valiant|
|teampreview
|
|t:|1781288219
|teamsize|p1|6
|teamsize|p2|6
|start
|switch|p1a: El papu|Slither Wing, shiny|100/100
|switch|p2a: Tornadus|Tornadus-Therian, M|100/100
|turn|1
|
|t:|1781288226
|-end|p1a: El papu|Protosynthesis|[silent]
|switch|p1a: Si|Hatterene, F, shiny|100/100
|move|p2a: Tornadus|Bleakwind Storm|p1a: Si
|-damage|p1a: Si|76/100
|
|upkeep
|turn|2
|
|t:|1781288235
|move|p2a: Tornadus|U-turn|p1a: Si
|-damage|p1a: Si|60/100
|
|t:|1781288249
|switch|p2a: Heatran|Heatran, F, shiny|100/100|[from] U-turn
|move|p1a: Si|Nuzzle|p2a: Heatran
|-damage|p2a: Heatran|96/100
|-status|p2a: Heatran|par
|
|-heal|p2a: Heatran|100/100 par|[from] item: Leftovers
|upkeep
|turn|3
|
|t:|1781288262
|move|p2a: Heatran|Magma Storm|p1a: Si
|-damage|p1a: Si|27/100
|-activate|p1a: Si|move: Magma Storm|[of] p2a: Heatran
|move|p1a: Si|Psychic|p2a: Heatran
|-resisted|p2a: Heatran
|-damage|p2a: Heatran|76/100 par
|
|-heal|p2a: Heatran|83/100 par|[from] item: Leftovers
|-damage|p1a: Si|14/100|[from] move: Magma Storm|[partiallytrapped]
|upkeep
|turn|4
|
|t:|1781288272
|move|p2a: Heatran|Earth Power|p1a: Si
|-damage|p1a: Si|0 fnt
|faint|p1a: Si
|
|-heal|p2a: Heatran|89/100 par|[from] item: Leftovers
|upkeep
|
|t:|1781288274
|switch|p1a: Sphyraena (Fih) 🐟|Barraskewda, F, shiny|100/100
|turn|5
|
|t:|1781288300
|-terastallize|p1a: Sphyraena (Fih) 🐟|Water
|-terastallize|p2a: Heatran|Grass
|move|p1a: Sphyraena (Fih) 🐟|Flip Turn|p2a: Heatran
|-resisted|p2a: Heatran
|-damage|p2a: Heatran|57/100 par
|
|t:|1781288311
|switch|p1a: Berdly|Quaquaval, M, shiny|100/100|[from] Flip Turn
|move|p2a: Heatran|Magma Storm|p1a: Berdly|[miss]
|-miss|p2a: Heatran|p1a: Berdly
|
|-heal|p2a: Heatran|63/100 par|[from] item: Leftovers
|upkeep
|turn|6
|
|t:|1781288324
|switch|p2a: Sinistcha|Sinistcha|100/100
|move|p1a: Berdly|Close Combat|p2a: Sinistcha
|-immune|p2a: Sinistcha
|
|upkeep
|turn|7
|
|t:|1781288334
|switch|p1a: Risk of what?|Pelipper, M, shiny|100/100
|-weather|RainDance|[from] ability: Drizzle|[of] p1a: Risk of what?
|move|p2a: Sinistcha|Matcha Gotcha|p1a: Risk of what?|[miss]
|-miss|p2a: Sinistcha|p1a: Risk of what?
|
|-weather|RainDance|[upkeep]
|upkeep
|turn|8
|
|t:|1781288346
|switch|p2a: Samurott|Samurott-Hisui, M|100/100
|move|p1a: Risk of what?|Hurricane|p2a: Samurott
|-damage|p2a: Samurott|74/100
|
|-weather|RainDance|[upkeep]
|upkeep
|turn|9
|
|t:|1781288354
|switch|p1a: Berdly|Quaquaval, M, shiny|100/100
|move|p2a: Samurott|Ceaseless Edge|p1a: Berdly
|-resisted|p1a: Berdly
|-damage|p1a: Berdly|70/100
|-sidestart|p1: 0c3an m4n|Spikes
|
|-weather|RainDance|[upkeep]
|upkeep
|turn|10
|
|t:|1781288377
|move|p1a: Berdly|Aqua Step|p2a: Samurott
|-resisted|p2a: Samurott
|-damage|p2a: Samurott|41/100
|-boost|p1a: Berdly|spe|1
|move|p2a: Samurott|Flip Turn|p1a: Berdly
|-resisted|p1a: Berdly
|-damage|p1a: Berdly|46/100
|
|t:|1781288393
|switch|p2a: Sinistcha|Sinistcha|100/100|[from] Flip Turn
|
|-weather|RainDance|[upkeep]
|upkeep
|turn|11
|
|t:|1781288401
|switch|p1a: Risk of what?|Pelipper, M, shiny|100/100
|move|p2a: Sinistcha|Matcha Gotcha|p1a: Risk of what?
|-crit|p1a: Risk of what?
|-damage|p1a: Risk of what?|30/100
|-status|p1a: Risk of what?|brn
|
|-weather|RainDance|[upkeep]
|-damage|p1a: Risk of what?|24/100 brn|[from] brn
|upkeep
|turn|12
|inactive|Battle timer is ON: inactive players will automatically lose when time's up. (requested by 0c3an m4n)
|
|t:|1781288445
|switch|p1a: El papu|Slither Wing, shiny|100/100
|-damage|p1a: El papu|88/100|[from] Spikes
|move|p2a: Sinistcha|Matcha Gotcha|p1a: El papu
|-resisted|p1a: El papu
|-damage|p1a: El papu|72/100
|-status|p1a: El papu|brn
|
|-weather|RainDance|[upkeep]
|-damage|p1a: El papu|66/100 brn|[from] brn
|upkeep
|turn|13
|
|t:|1781288461
|move|p1a: El papu|U-turn|p2a: Sinistcha
|-crit|p2a: Sinistcha
|-damage|p2a: Sinistcha|69/100
|
|t:|1781288471
|-end|p1a: El papu|Protosynthesis|[silent]
|switch|p1a: Berdly|Quaquaval, M, shiny|46/100|[from] U-turn
|-damage|p1a: Berdly|34/100|[from] Spikes
|move|p2a: Sinistcha|Calm Mind|p2a: Sinistcha
|-boost|p2a: Sinistcha|spa|1
|-boost|p2a: Sinistcha|spd|1
|
|-weather|RainDance|[upkeep]
|upkeep
|turn|14
|
|t:|1781288492
|move|p1a: Berdly|Aqua Step|p2a: Sinistcha
|-resisted|p2a: Sinistcha
|-damage|p2a: Sinistcha|50/100
|-boost|p1a: Berdly|spe|1
|move|p2a: Sinistcha|Strength Sap|p1a: Berdly
|-unboost|p1a: Berdly|atk|1
|-heal|p2a: Sinistcha|100/100
|
|-weather|none
|upkeep
|turn|15
|
|t:|1781288506
|move|p1a: Berdly|Swords Dance|p1a: Berdly
|-boost|p1a: Berdly|atk|2
|move|p2a: Sinistcha|Matcha Gotcha|p1a: Berdly
|-supereffective|p1a: Berdly
|-damage|p1a: Berdly|0 fnt
|faint|p1a: Berdly
|
|upkeep
|
|t:|1781288511
|switch|p1a: Risk of what?|Pelipper, M, shiny|24/100 brn
|-weather|RainDance|[from] ability: Drizzle|[of] p1a: Risk of what?
|turn|16
|
|t:|1781288516
|move|p2a: Sinistcha|Shadow Ball|p1a: Risk of what?
|-damage|p1a: Risk of what?|0 fnt
|faint|p1a: Risk of what?
|
|-weather|RainDance|[upkeep]
|upkeep
|
|t:|1781288518
|switch|p1a: Sphyraena (Fih) 🐟|Barraskewda, F, shiny, tera:Water|100/100
|-damage|p1a: Sphyraena (Fih) 🐟|88/100|[from] Spikes
|turn|17
|
|t:|1781288524
|move|p1a: Sphyraena (Fih) 🐟|Flip Turn|p2a: Sinistcha
|-resisted|p2a: Sinistcha
|-damage|p2a: Sinistcha|70/100
|
|t:|1781288527
|switch|p1a: El papu|Slither Wing, shiny|66/100 brn|[from] Flip Turn
|-damage|p1a: El papu|54/100 brn|[from] Spikes
|move|p2a: Sinistcha|Matcha Gotcha|p1a: El papu|[miss]
|-miss|p2a: Sinistcha|p1a: El papu
|
|-weather|RainDance|[upkeep]
|-damage|p1a: El papu|48/100 brn|[from] brn
|upkeep
|turn|18
|
|t:|1781288540
|move|p1a: El papu|U-turn|p2a: Sinistcha
|-damage|p2a: Sinistcha|50/100
|
|t:|1781288542
|-end|p1a: El papu|Protosynthesis|[silent]
|switch|p1a: No Shell :(|Gastrodon-East, M, shiny|100/100|[from] U-turn
|-damage|p1a: No Shell :(|88/100|[from] Spikes
|move|p2a: Sinistcha|Strength Sap|p1a: No Shell :(
|-unboost|p1a: No Shell :(|atk|1
|-heal|p2a: Sinistcha|94/100
|
|-weather|RainDance|[upkeep]
|-heal|p1a: No Shell :(|94/100|[from] item: Leftovers
|upkeep
|turn|19
|
|t:|1781288552
|switch|p1a: El papu|Slither Wing, shiny|48/100 brn
|-damage|p1a: El papu|35/100 brn|[from] Spikes
|move|p2a: Sinistcha|Matcha Gotcha|p1a: El papu
|-resisted|p1a: El papu
|-damage|p1a: El papu|12/100 brn
|-heal|p2a: Sinistcha|100/100|[from] drain|[of] p1a: El papu
|
|-weather|RainDance|[upkeep]
|-damage|p1a: El papu|5/100 brn|[from] brn
|upkeep
|turn|20
|
|t:|1781288572
|move|p1a: El papu|First Impression|p2a: Sinistcha
|-damage|p2a: Sinistcha|73/100
|move|p2a: Sinistcha|Strength Sap|p1a: El papu
|-unboost|p1a: El papu|atk|1
|-heal|p2a: Sinistcha|100/100
|
|-weather|RainDance|[upkeep]
|-damage|p1a: El papu|0 fnt|[from] brn
|faint|p1a: El papu
|-end|p1a: El papu|Protosynthesis|[silent]
|upkeep
|
|t:|1781288577
|switch|p1a: Sphyraena (Fih) 🐟|Barraskewda, F, shiny, tera:Water|88/100
|-damage|p1a: Sphyraena (Fih) 🐟|76/100|[from] Spikes
|turn|21
|
|t:|1781288584
|move|p1a: Sphyraena (Fih) 🐟|Liquidation|p2a: Sinistcha
|-resisted|p2a: Sinistcha
|-damage|p2a: Sinistcha|54/100
|move|p2a: Sinistcha|Matcha Gotcha|p1a: Sphyraena (Fih) 🐟
|-supereffective|p1a: Sphyraena (Fih) 🐟
|-damage|p1a: Sphyraena (Fih) 🐟|0 fnt
|-heal|p2a: Sinistcha|83/100|[from] drain|[of] p1a: Sphyraena (Fih) 🐟
|faint|p1a: Sphyraena (Fih) 🐟
|
|-weather|RainDance|[upkeep]
|upkeep
|
|t:|1781288589
|switch|p1a: No Shell :(|Gastrodon-East, M, shiny|94/100
|-damage|p1a: No Shell :(|82/100|[from] Spikes
|turn|22
|-message|0c3an m4n forfeited.
|
|win|Enigmatic Gale
|raw|0c3an m4n's rating: 1530 &rarr; <strong>1511</strong><br />(-19 for losing)
|raw|Enigmatic Gale's rating: 1551 &rarr; <strong>1570</strong><br />(+19 for winning)
|l|☆0c3an m4n
|player|p1|
