|j|‽t0nezoffun
|j|☆DarkZPichuZ
|t:|1781152317
|gametype|singles
|player|p1|t0nezoffun|102|1540
|player|p2|DarkZPichuZ|ansha|1544
|gen|9
|tier|[Gen 9] OU
|rated|
|rule|HP Percentage Mod: HP is shown in percentages
|rule|Endless Battle Clause: Forcing endless battles is banned
|rule|Species Clause: Limit one of each Pokémon
|rule|OHKO Clause: OHKO moves are banned
|rule|Evasion Items Clause: Evasion items are banned
|rule|Evasion Moves Clause: Evasion moves are banned
|rule|Evasion Abilities Clause: Evasion abilities are banned
|rule|Sleep Moves Clause: Sleep-inducing moves are banned
|clearpoke
|poke|p1|Samurott-Hisui, M|
|poke|p1|Gholdengo|
|poke|p1|Darkrai|
|poke|p1|Iron Valiant|
|poke|p1|Landorus-Therian, M|
|poke|p1|Dragonite, M|
|poke|p2|Kyurem|
|poke|p2|Kingambit, M|
|poke|p2|Slowking-Galar, M|
|poke|p2|Great Tusk|
|poke|p2|Cinderace, M|
|poke|p2|Sylveon, F|
|teampreview
|inactive|Battle timer is ON: inactive players will automatically lose when time's up. (requested by DarkZPichuZ)
|
|t:|1781152328
|teamsize|p1|6
|teamsize|p2|6
|start
|switch|p1a: Darkrai|Darkrai|100/100
|switch|p2a: Sylveon|Sylveon, F, shiny|100/100
|turn|1
|
|t:|1781152335
|move|p1a: Darkrai|Sludge Bomb|p2a: Sylveon
|-supereffective|p2a: Sylveon
|-damage|p2a: Sylveon|55/100
|move|p2a: Sylveon|Hyper Voice|p1a: Darkrai
|-supereffective|p1a: Darkrai
|-damage|p1a: Darkrai|0 fnt
|faint|p1a: Darkrai
|
|upkeep
|
|t:|1781152348
|switch|p1a: Gholdengo|Gholdengo|100/100
|-item|p1a: Gholdengo|Air Balloon
|turn|2
|
|t:|1781152354
|switch|p2a: Cinderace|Cinderace, M, shiny|100/100
|move|p1a: Gholdengo|Nasty Plot|p1a: Gholdengo
|-boost|p1a: Gholdengo|spa|2
|
|upkeep
|turn|3
|
|t:|1781152361
|switch|p1a: Landorus|Landorus-Therian, M|100/100
|-ability|p1a: Landorus|Intimidate|boost
|-unboost|p2a: Cinderace|atk|1
|move|p2a: Cinderace|Pyro Ball|p1a: Landorus
|-damage|p1a: Landorus|64/100
|
|upkeep
|turn|4
|
|t:|1781152370
|move|p2a: Cinderace|U-turn|p1a: Landorus
|-start|p2a: Cinderace|typechange|Bug|[from] ability: Libero
|-resisted|p1a: Landorus
|-damage|p1a: Landorus|52/100
|-damage|p2a: Cinderace|84/100|[from] item: Rocky Helmet|[of] p1a: Landorus
|
|t:|1781152374
|switch|p2a: Kyurem|Kyurem, shiny|100/100|[from] U-turn
|-ability|p2a: Kyurem|Pressure
|move|p1a: Landorus|Earth Power|p2a: Kyurem
|-damage|p2a: Kyurem|82/100
|
|upkeep
|turn|5
|
|t:|1781152384
|move|p1a: Landorus|Stealth Rock|p2a: Kyurem
|-sidestart|p2: DarkZPichuZ|move: Stealth Rock
|move|p2a: Kyurem|Ice Beam|p1a: Landorus
|-supereffective|p1a: Landorus
|-damage|p1a: Landorus|0 fnt
|faint|p1a: Landorus
|
|upkeep
|
|t:|1781152390
|switch|p1a: Iron Valiant|Iron Valiant|100/100
|-enditem|p1a: Iron Valiant|Booster Energy
|-activate|p1a: Iron Valiant|ability: Quark Drive|[fromitem]
|-start|p1a: Iron Valiant|quarkdrivespe
|turn|6
|
|t:|1781152397
|move|p1a: Iron Valiant|Knock Off|p2a: Kyurem
|-damage|p2a: Kyurem|66/100
|-enditem|p2a: Kyurem|Assault Vest|[from] move: Knock Off|[of] p1a: Iron Valiant
|move|p2a: Kyurem|Ice Beam|p1a: Iron Valiant
|-damage|p1a: Iron Valiant|22/100
|
|upkeep
|turn|7
|
|t:|1781152411
|switch|p2a: Sylveon|Sylveon, F, shiny|55/100
|-damage|p2a: Sylveon|42/100|[from] Stealth Rock
|move|p1a: Iron Valiant|Close Combat|p2a: Sylveon
|-resisted|p2a: Sylveon
|-damage|p2a: Sylveon|9/100
|-unboost|p1a: Iron Valiant|def|1
|-unboost|p1a: Iron Valiant|spd|1
|
|upkeep
|turn|8
|
|t:|1781152421
|move|p1a: Iron Valiant|Knock Off|p2a: Sylveon
|-resisted|p2a: Sylveon
|-damage|p2a: Sylveon|0 fnt
|-enditem|p2a: Sylveon|Choice Specs|[from] move: Knock Off|[of] p1a: Iron Valiant
|faint|p2a: Sylveon
|
|upkeep
|
|t:|1781152436
|switch|p2a: Cinderace|Cinderace, M, shiny|84/100
|turn|9
|
|t:|1781152441
|move|p1a: Iron Valiant|Close Combat|p2a: Cinderace
|-damage|p2a: Cinderace|13/100
|-unboost|p1a: Iron Valiant|def|1
|-unboost|p1a: Iron Valiant|spd|1
|move|p2a: Cinderace|Court Change|p2a: Cinderace
|-start|p2a: Cinderace|typechange|Normal|[from] ability: Libero
|-swapsideconditions
|-activate|p2a: Cinderace|move: Court Change
|
|upkeep
|turn|10
|
|t:|1781152450
|move|p2a: Cinderace|Sucker Punch||[still]
|-fail|p2a: Cinderace
|move|p1a: Iron Valiant|Encore|p2a: Cinderace
|-start|p2a: Cinderace|Encore
|
|upkeep
|turn|11
|
|t:|1781152457
|switch|p2a: Kyurem|Kyurem, shiny|66/100
|-ability|p2a: Kyurem|Pressure
|move|p1a: Iron Valiant|Encore||[still]
|-fail|p1a: Iron Valiant
|
|upkeep
|turn|12
|
|t:|1781152464
|-terastallize|p2a: Kyurem|Fairy
|move|p1a: Iron Valiant|Moonblast|p2a: Kyurem
|-damage|p2a: Kyurem|23/100
|move|p2a: Kyurem|Ice Beam|p1a: Iron Valiant
|-damage|p1a: Iron Valiant|0 fnt
|faint|p1a: Iron Valiant
|-end|p1a: Iron Valiant|Quark Drive|[silent]
|
|upkeep
|
|t:|1781152476
|switch|p1a: Dragonite|Dragonite, M|100/100
|turn|13
|
|t:|1781152481
|move|p1a: Dragonite|Extreme Speed|p2a: Kyurem
|-damage|p2a: Kyurem|3/100
|move|p2a: Kyurem|Ice Beam|p1a: Dragonite
|-supereffective|p1a: Dragonite
|-damage|p1a: Dragonite|20/100
|
|upkeep
|turn|14
|
|t:|1781152488
|move|p1a: Dragonite|Extreme Speed|p2a: Kyurem
|-damage|p2a: Kyurem|0 fnt
|faint|p2a: Kyurem
|
|upkeep
|
|t:|1781152493
|switch|p2a: Great Tusk|Great Tusk, shiny|100/100
|turn|15
|-message|t0nezoffun forfeited.
|
|win|DarkZPichuZ
|raw|t0nezoffun's rating: 1540 &rarr; <strong>1520</strong><br />(-20 for losing)
|raw|DarkZPichuZ's rating: 1544 &rarr; <strong>1564</strong><br />(+20 for winning)
|l|‽t0nezoffun
|player|p1|
|l|☆DarkZPichuZ
|player|p2|
