|j|☆bongzongweedluvr
|j|☆Boxed by Po
|t:|1781325115
|gametype|singles
|player|p1|bongzongweedluvr|102|1638
|player|p2|Boxed by Po|firebreather|1698
|gen|9
|tier|[Gen 9] OU
|rated|
|rule|HP Percentage Mod: HP is shown in percentages
|rule|Endless Battle Clause: Forcing endless battles is banned
|rule|Species Clause: Limit one of each Pokémon
|rule|OHKO Clause: OHKO moves are banned
|rule|Evasion Items Clause: Evasion items are banned
|rule|Evasion Moves Clause: Evasion moves are banned
|rule|Evasion Abilities Clause: Evasion abilities are banned
|rule|Sleep Moves Clause: Sleep-inducing moves are banned
|clearpoke
|poke|p1|Greninja-*, M|
|poke|p1|Glimmora, M|
|poke|p1|Garchomp, M|
|poke|p1|Iron Valiant|
|poke|p1|Ceruledge, F|
|poke|p1|Kingambit, F|
|poke|p2|Cinderace, F|
|poke|p2|Kyurem|
|poke|p2|Ting-Lu|
|poke|p2|Latias, F|
|poke|p2|Kingambit, M|
|poke|p2|Corviknight, F|
|teampreview
|inactive|Battle timer is ON: inactive players will automatically lose when time's up. (requested by bongzongweedluvr)
|
|t:|1781325123
|teamsize|p1|6
|teamsize|p2|6
|start
|switch|p1a: Glimmora|Glimmora, M|100/100
|switch|p2a: cure him|Kyurem|100/100
|-ability|p2a: cure him|Pressure
|turn|1
|
|t:|1781325137
|switch|p1a: Ceruledge|Ceruledge, F|100/100
|-item|p1a: Ceruledge|Air Balloon
|move|p2a: cure him|Earth Power|p1a: Ceruledge
|-immune|p1a: Ceruledge
|
|upkeep
|turn|2
|
|t:|1781325153
|switch|p2a: Tingle|Ting-Lu, shiny|100/100
|-ability|p2a: Tingle|Vessel of Ruin
|move|p1a: Ceruledge|Poltergeist|p2a: Tingle
|-activate|p2a: Tingle|move: Poltergeist|Weakness Policy
|-resisted|p2a: Tingle
|-damage|p2a: Tingle|84/100
|
|upkeep
|turn|3
|
|t:|1781325170
|switch|p1a: Garchomp|Garchomp, M|100/100
|move|p2a: Tingle|Stone Edge|p1a: Garchomp
|-resisted|p1a: Garchomp
|-damage|p1a: Garchomp|83/100
|
|upkeep
|turn|4
|
|t:|1781325176
|switch|p2a: cure him|Kyurem|100/100
|-ability|p2a: cure him|Pressure
|move|p1a: Garchomp|Swords Dance|p1a: Garchomp
|-boost|p1a: Garchomp|atk|2
|
|upkeep
|turn|5
|
|t:|1781325183
|-terastallize|p1a: Garchomp|Fire
|move|p2a: cure him|Ice Beam|p1a: Garchomp
|-resisted|p1a: Garchomp
|-damage|p1a: Garchomp|57/100
|move|p1a: Garchomp|Scale Shot|p2a: cure him
|-supereffective|p2a: cure him
|-damage|p2a: cure him|49/100
|-supereffective|p2a: cure him
|-damage|p2a: cure him|0 fnt
|faint|p2a: cure him
|-hitcount|p2: cure him|2
|-unboost|p1a: Garchomp|def|1
|-boost|p1a: Garchomp|spe|1
|
|upkeep
|
|t:|1781325187
|switch|p2a: Tingle|Ting-Lu, shiny|84/100
|-ability|p2a: Tingle|Vessel of Ruin
|turn|6
|
|t:|1781325195
|move|p1a: Garchomp|Scale Shot|p2a: Tingle|[miss]
|-miss|p1a: Garchomp|p2a: Tingle
|move|p2a: Tingle|Earthquake|p1a: Garchomp
|-supereffective|p1a: Garchomp
|-damage|p1a: Garchomp|0 fnt
|faint|p1a: Garchomp
|
|upkeep
|
|t:|1781325200
|switch|p1a: Glimmora|Glimmora, M|100/100
|turn|7
|
|t:|1781325202
|move|p1a: Glimmora|Mortal Spin|p2a: Tingle
|-resisted|p2a: Tingle
|-damage|p2a: Tingle|82/100
|-status|p2a: Tingle|psn
|move|p2a: Tingle|Earthquake|p1a: Glimmora
|-supereffective|p1a: Glimmora
|-damage|p1a: Glimmora|0 fnt
|-activate|p1a: Glimmora|ability: Toxic Debris
|-sidestart|p2: Boxed by Po|move: Toxic Spikes
|faint|p1a: Glimmora
|
|-damage|p2a: Tingle|70/100 psn|[from] psn
|upkeep
|
|t:|1781325213
|switch|p1a: Greninja|Greninja, M|100/100
|turn|8
|
|t:|1781325216
|move|p1a: Greninja|Surf|p2a: Tingle
|-supereffective|p2a: Tingle
|-damage|p2a: Tingle|21/100 psn
|-enditem|p2a: Tingle|Weakness Policy
|-boost|p2a: Tingle|atk|2|[from] item: Weakness Policy
|-boost|p2a: Tingle|spa|2|[from] item: Weakness Policy
|move|p2a: Tingle|Earthquake|p1a: Greninja
|-damage|p1a: Greninja|0 fnt
|faint|p1a: Greninja
|
|-damage|p2a: Tingle|9/100 psn|[from] psn
|upkeep
|
|t:|1781325223
|switch|p1a: Iron Valiant|Iron Valiant|100/100
|-enditem|p1a: Iron Valiant|Booster Energy
|-activate|p1a: Iron Valiant|ability: Quark Drive|[fromitem]
|-start|p1a: Iron Valiant|quarkdrivespe
|turn|9
|
|t:|1781325224
|move|p1a: Iron Valiant|Moonblast|p2a: Tingle
|-supereffective|p2a: Tingle
|-damage|p2a: Tingle|0 fnt
|faint|p2a: Tingle
|
|upkeep
|
|t:|1781325234
|switch|p2a: Kingamble|Kingambit, M, shiny|100/100
|-activate|p2a: Kingamble|ability: Supreme Overlord
|-start|p2a: Kingamble|fallen2|[silent]
|turn|10
|
|t:|1781325238
|move|p1a: Iron Valiant|Moonblast|p2a: Kingamble
|-damage|p2a: Kingamble|55/100
|-unboost|p2a: Kingamble|spa|1
|move|p2a: Kingamble|Iron Head|p1a: Iron Valiant
|-supereffective|p1a: Iron Valiant
|-damage|p1a: Iron Valiant|0 fnt
|faint|p1a: Iron Valiant
|-end|p1a: Iron Valiant|Quark Drive|[silent]
|
|upkeep
|
|t:|1781325242
|switch|p1a: Kingambit|Kingambit, F|100/100
|-activate|p1a: Kingambit|ability: Supreme Overlord
|-start|p1a: Kingambit|fallen4|[silent]
|turn|11
|
|t:|1781325249
|-end|p2a: Kingamble|fallen2|[silent]
|switch|p2a: Corviknight|Corviknight, F, shiny|100/100
|-ability|p2a: Corviknight|Pressure
|move|p1a: Kingambit|Iron Head|p2a: Corviknight
|-resisted|p2a: Corviknight
|-damage|p2a: Corviknight|76/100
|
|-heal|p2a: Corviknight|82/100|[from] item: Leftovers
|upkeep
|turn|12
|
|t:|1781325251
|-end|p1a: Kingambit|fallen4|[silent]
|switch|p1a: Ceruledge|Ceruledge, F|100/100
|-item|p1a: Ceruledge|Air Balloon
|move|p2a: Corviknight|Bulk Up|p2a: Corviknight
|-boost|p2a: Corviknight|atk|1
|-boost|p2a: Corviknight|def|1
|
|-heal|p2a: Corviknight|88/100|[from] item: Leftovers
|upkeep
|turn|13
|
|t:|1781325253
|move|p1a: Ceruledge|Swords Dance|p1a: Ceruledge
|-boost|p1a: Ceruledge|atk|2
|move|p2a: Corviknight|Bulk Up|p2a: Corviknight
|-boost|p2a: Corviknight|atk|1
|-boost|p2a: Corviknight|def|1
|
|-heal|p2a: Corviknight|94/100|[from] item: Leftovers
|upkeep
|turn|14
|
|t:|1781325257
|move|p1a: Ceruledge|Bitter Blade|p2a: Corviknight
|-supereffective|p2a: Corviknight
|-damage|p2a: Corviknight|22/100
|move|p2a: Corviknight|Power Trip|p1a: Ceruledge
|-supereffective|p1a: Ceruledge
|-damage|p1a: Ceruledge|0 fnt
|-enditem|p1a: Ceruledge|Air Balloon
|faint|p1a: Ceruledge
|
|-heal|p2a: Corviknight|28/100|[from] item: Leftovers
|upkeep
|
|t:|1781325260
|switch|p1a: Kingambit|Kingambit, F|100/100
|-activate|p1a: Kingambit|ability: Supreme Overlord
|-start|p1a: Kingambit|fallen5|[silent]
|turn|15
|
|t:|1781325263
|move|p1a: Kingambit|Kowtow Cleave|p2a: Corviknight
|-damage|p2a: Corviknight|0 fnt
|faint|p2a: Corviknight
|
|upkeep
|
|t:|1781325270
|switch|p2a: Apple bottom jeans|Cinderace, F|100/100
|turn|16
|
|t:|1781325272
|move|p2a: Apple bottom jeans|High Jump Kick|p1a: Kingambit|[miss]
|-start|p2a: Apple bottom jeans|typechange|Fighting|[from] ability: Libero
|-miss|p2a: Apple bottom jeans|p1a: Kingambit
|-damage|p2a: Apple bottom jeans|51/100|[from] highjumpkick
|move|p1a: Kingambit|Swords Dance|p1a: Kingambit
|-boost|p1a: Kingambit|atk|2
|
|upkeep
|turn|17
|
|t:|1781325275
|move|p1a: Kingambit|Sucker Punch|p2a: Apple bottom jeans
|-resisted|p2a: Apple bottom jeans
|-damage|p2a: Apple bottom jeans|0 fnt
|faint|p2a: Apple bottom jeans
|
|upkeep
|
|t:|1781325281
|switch|p2a: Kingamble|Kingambit, M, shiny|55/100
|-activate|p2a: Kingamble|ability: Supreme Overlord
|-start|p2a: Kingamble|fallen4|[silent]
|turn|18
|
|t:|1781325285
|-terastallize|p2a: Kingamble|Flying
|move|p1a: Kingambit|Sucker Punch|p2a: Kingamble
|-damage|p2a: Kingamble|0 fnt
|faint|p2a: Kingamble
|-end|p2a: Kingamble|fallen4|[silent]
|
|upkeep
|
|t:|1781325289
|switch|p2a: Materdaddy|Latias, F, shiny|100/100
|turn|19
|
|t:|1781325294
|move|p2a: Materdaddy|Agility|p2a: Materdaddy
|-boost|p2a: Materdaddy|spe|2
|move|p1a: Kingambit|Kowtow Cleave|p2a: Materdaddy
|-supereffective|p2a: Materdaddy
|-damage|p2a: Materdaddy|0 fnt
|faint|p2a: Materdaddy
|
|win|bongzongweedluvr
|raw|bongzongweedluvr's rating: 1638 &rarr; <strong>1661</strong><br />(+23 for winning)
|raw|Boxed by Po's rating: 1698 &rarr; <strong>1675</strong><br />(-23 for losing)
|l|☆Boxed by Po
|player|p2|
|l|☆bongzongweedluvr
|player|p1|
