|j|☆thatguytnomas
|j|☆bigballs01
|t:|1781554455
|gametype|singles
|player|p1|thatguytnomas|ingo-hisui|1578
|player|p2|bigballs01|swimmer-gen4dp|1626
|gen|9
|tier|[Gen 9] OU
|rated|
|rule|HP Percentage Mod: HP is shown in percentages
|rule|Endless Battle Clause: Forcing endless battles is banned
|rule|Species Clause: Limit one of each Pokémon
|rule|OHKO Clause: OHKO moves are banned
|rule|Evasion Items Clause: Evasion items are banned
|rule|Evasion Moves Clause: Evasion moves are banned
|rule|Evasion Abilities Clause: Evasion abilities are banned
|rule|Sleep Moves Clause: Sleep-inducing moves are banned
|clearpoke
|poke|p1|Meowscarada, F|
|poke|p1|Raging Bolt|
|poke|p1|Great Tusk|
|poke|p1|Slowking-Galar, M|
|poke|p1|Dragonite, F|
|poke|p1|Corviknight, F|
|poke|p2|Hatterene, F|
|poke|p2|Great Tusk|
|poke|p2|Tornadus-Therian, M|
|poke|p2|Kyurem|
|poke|p2|Slowking-Galar, M|
|poke|p2|Kingambit, F|
|teampreview
|inactive|Battle timer is ON: inactive players will automatically lose when time's up. (requested by bigballs01)
|
|t:|1781554467
|teamsize|p1|6
|teamsize|p2|6
|start
|switch|p1a: Meowscarada|Meowscarada, F|100/100
|switch|p2a: Kyurem|Kyurem|100/100
|-ability|p2a: Kyurem|Pressure
|turn|1
|
|t:|1781554475
|move|p1a: Meowscarada|Triple Axel|p2a: Kyurem
|-start|p1a: Meowscarada|typechange|Ice|[from] ability: Protean
|-damage|p2a: Kyurem|87/100
|-damage|p2a: Kyurem|58/100
|-damage|p2a: Kyurem|21/100
|-hitcount|p2a: Kyurem|3
|move|p2a: Kyurem|Ice Beam|p1a: Meowscarada
|-resisted|p1a: Meowscarada
|-damage|p1a: Meowscarada|45/100
|
|upkeep
|turn|2
|
|t:|1781554485
|switch|p2a: Hatterene|Hatterene, F|100/100
|move|p1a: Meowscarada|Triple Axel|p2a: Hatterene
|-damage|p2a: Hatterene|89/100
|-damage|p1a: Meowscarada|28/100|[from] item: Rocky Helmet|[of] p2a: Hatterene
|-damage|p2a: Hatterene|67/100
|-damage|p1a: Meowscarada|12/100|[from] item: Rocky Helmet|[of] p2a: Hatterene
|-damage|p2a: Hatterene|33/100
|-damage|p1a: Meowscarada|0 fnt|[from] item: Rocky Helmet|[of] p2a: Hatterene
|faint|p1a: Meowscarada
|-hitcount|p2a: Hatterene|3
|
|upkeep
|
|t:|1781554501
|switch|p1a: Raging Bolt|Raging Bolt|100/100
|turn|3
|
|t:|1781554507
|switch|p2a: Slowking|Slowking-Galar, M|100/100
|move|p1a: Raging Bolt|Draco Meteor|p2a: Slowking
|-damage|p2a: Slowking|14/100
|-unboost|p1a: Raging Bolt|spa|2
|
|-heal|p2a: Slowking|20/100|[from] item: Black Sludge
|upkeep
|turn|4
|
|t:|1781554523
|-end|p1a: Raging Bolt|Protosynthesis|[silent]
|switch|p1a: Slowking|Slowking-Galar, M|100/100
|switch|p2a: Tornadus|Tornadus-Therian, M|100/100
|
|upkeep
|turn|5
|
|t:|1781554534
|move|p2a: Tornadus|U-turn|p1a: Slowking
|-damage|p1a: Slowking|85/100
|
|t:|1781554536
|switch|p2a: Kingambit|Kingambit, F|100/100|[from] U-turn
|move|p1a: Slowking|Future Sight|p2a: Kingambit
|-start|p1a: Slowking|move: Future Sight
|
|-heal|p1a: Slowking|91/100|[from] item: Black Sludge
|upkeep
|turn|6
|
|t:|1781554546
|switch|p1a: Great Tusk|Great Tusk|100/100
|move|p2a: Kingambit|Iron Head|p1a: Great Tusk
|-damage|p1a: Great Tusk|68/100
|
|-heal|p1a: Great Tusk|75/100|[from] item: Leftovers
|upkeep
|turn|7
|
|t:|1781554554
|-end|p2a: Kingambit|fallenundefined|[silent]
|switch|p2a: Hatterene|Hatterene, F|33/100
|move|p1a: Great Tusk|Stealth Rock|p2a: Hatterene
|move|p2a: Hatterene|Stealth Rock|p1a: Great Tusk|[from] ability: Magic Bounce
|-sidestart|p1: thatguytnomas|move: Stealth Rock
|
|-end|p2a: Hatterene|move: Future Sight
|-resisted|p2a: Hatterene
|-damage|p2a: Hatterene|10/100
|-heal|p1a: Great Tusk|81/100|[from] item: Leftovers
|upkeep
|turn|8
|
|t:|1781554571
|switch|p2a: Tornadus|Tornadus-Therian, M|100/100
|move|p1a: Great Tusk|Rapid Spin|p2a: Tornadus
|-crit|p2a: Tornadus
|-damage|p2a: Tornadus|76/100
|-boost|p1a: Great Tusk|spe|1
|-sideend|p1: thatguytnomas|Stealth Rock|[from] move: Rapid Spin|[of] p1a: Great Tusk
|
|-heal|p1a: Great Tusk|87/100|[from] item: Leftovers
|upkeep
|turn|9
|
|t:|1781554586
|-end|p1a: Great Tusk|Protosynthesis|[silent]
|switch|p1a: Slowking|Slowking-Galar, M|100/100
|move|p2a: Tornadus|Bleakwind Storm|p1a: Slowking
|-damage|p1a: Slowking|79/100
|
|-heal|p1a: Slowking|85/100|[from] item: Black Sludge
|upkeep
|turn|10
|
|t:|1781554600
|move|p2a: Tornadus|U-turn|p1a: Slowking
|-damage|p1a: Slowking|70/100
|
|t:|1781554603
|switch|p2a: Slowking|Slowking-Galar, M|53/100|[from] U-turn
|move|p1a: Slowking|Future Sight|p2a: Slowking
|-start|p1a: Slowking|move: Future Sight
|
|-heal|p1a: Slowking|76/100|[from] item: Black Sludge
|-heal|p2a: Slowking|60/100|[from] item: Black Sludge
|upkeep
|turn|11
|
|t:|1781554628
|-prepare|p1a: Slowking|Chilly Reception|[premajor]
|move|p1a: Slowking|Chilly Reception|p1a: Slowking
|-weather|Snowscape
|
|t:|1781554640
|switch|p1a: Great Tusk|Great Tusk|87/100|[from] Chilly Reception
|-prepare|p2a: Slowking|Chilly Reception|[premajor]
|move|p2a: Slowking|Chilly Reception|p2a: Slowking
|
|t:|1781554644
|switch|p2a: Kyurem|Kyurem|21/100|[from] Chilly Reception
|-ability|p2a: Kyurem|Pressure
|
|-weather|Snowscape|[upkeep]
|-heal|p1a: Great Tusk|93/100|[from] item: Leftovers
|upkeep
|turn|12
|
|t:|1781554655
|switch|p2a: Slowking|Slowking-Galar, M|93/100
|-end|p1a: Great Tusk|Protosynthesis|[silent]
|switch|p1a: Slowking|Slowking-Galar, M|100/100
|
|-weather|Snowscape|[upkeep]
|-end|p2a: Slowking|move: Future Sight
|-damage|p2a: Slowking|58/100
|-heal|p2a: Slowking|64/100|[from] item: Black Sludge
|upkeep
|turn|13
|
|t:|1781554662
|move|p1a: Slowking|Future Sight|p2a: Slowking
|-start|p1a: Slowking|move: Future Sight
|-prepare|p2a: Slowking|Chilly Reception|[premajor]
|move|p2a: Slowking|Chilly Reception|p2a: Slowking
|
|t:|1781554676
|switch|p2a: Kingambit|Kingambit, F|100/100|[from] Chilly Reception
|
|-weather|Snowscape|[upkeep]
|upkeep
|turn|14
|
|t:|1781554684
|switch|p1a: Great Tusk|Great Tusk|93/100
|move|p2a: Kingambit|Iron Head|p1a: Great Tusk
|-damage|p1a: Great Tusk|62/100
|
|-weather|Snowscape|[upkeep]
|-heal|p1a: Great Tusk|68/100|[from] item: Leftovers
|upkeep
|turn|15
|
|t:|1781554695
|-end|p2a: Kingambit|fallenundefined|[silent]
|switch|p2a: Hatterene|Hatterene, F|10/100
|move|p1a: Great Tusk|Headlong Rush|p2a: Hatterene
|-damage|p2a: Hatterene|0 fnt
|-unboost|p1a: Great Tusk|def|1
|-unboost|p1a: Great Tusk|spd|1
|-damage|p1a: Great Tusk|52/100|[from] item: Rocky Helmet|[of] p2a: Hatterene
|faint|p2a: Hatterene
|
|-weather|none
|-hint|Future Sight did not hit because the target is fainted.
|-heal|p1a: Great Tusk|58/100|[from] item: Leftovers
|upkeep
|
|t:|1781554699
|switch|p2a: Kyurem|Kyurem|21/100
|-ability|p2a: Kyurem|Pressure
|turn|16
|
|t:|1781554714
|-end|p1a: Great Tusk|Protosynthesis|[silent]
|switch|p1a: Slowking|Slowking-Galar, M|100/100
|move|p2a: Kyurem|Ice Beam|p1a: Slowking
|-damage|p1a: Slowking|61/100
|
|-heal|p1a: Slowking|67/100|[from] item: Black Sludge
|upkeep
|turn|17
|inactive|thatguytnomas has 120 seconds left.
|
|t:|1781554747
|switch|p2a: Slowking|Slowking-Galar, M|98/100
|move|p1a: Slowking|Trick|p2a: Slowking
|-activate|p1a: Slowking|move: Trick|[of] p2a: Slowking
|-item|p2a: Slowking|Black Sludge|[from] move: Trick
|-item|p1a: Slowking|Black Sludge|[from] move: Trick
|
|-heal|p2a: Slowking|100/100|[from] item: Black Sludge
|-heal|p1a: Slowking|73/100|[from] item: Black Sludge
|upkeep
|turn|18
|
|t:|1781554752
|move|p2a: Slowking|Future Sight|p1a: Slowking
|-start|p2a: Slowking|move: Future Sight
|move|p1a: Slowking|Future Sight|p2a: Slowking
|-start|p1a: Slowking|move: Future Sight
|
|-heal|p1a: Slowking|79/100|[from] item: Black Sludge
|upkeep
|turn|19
|
|t:|1781554760
|-prepare|p1a: Slowking|Chilly Reception|[premajor]
|move|p1a: Slowking|Chilly Reception|p1a: Slowking
|-weather|Snowscape
|inactive|thatguytnomas has 120 seconds left.
|
|t:|1781554779
|switch|p1a: Great Tusk|Great Tusk|58/100|[from] Chilly Reception
|move|p2a: Slowking|Trick|p1a: Great Tusk
|-activate|p2a: Slowking|move: Trick|[of] p1a: Great Tusk
|-item|p1a: Great Tusk|Black Sludge|[from] move: Trick
|-item|p2a: Slowking|Leftovers|[from] move: Trick
|
|-weather|Snowscape|[upkeep]
|-damage|p1a: Great Tusk|45/100|[from] item: Black Sludge
|upkeep
|turn|20
|inactive|thatguytnomas has 120 seconds left.
|
|t:|1781554806
|-end|p1a: Great Tusk|Protosynthesis|[silent]
|switch|p1a: Slowking|Slowking-Galar, M|100/100
|switch|p2a: Tornadus|Tornadus-Therian, M|100/100
|
|-weather|Snowscape|[upkeep]
|-end|p2a: Tornadus|move: Future Sight
|-damage|p2a: Tornadus|71/100
|-end|p1a: Slowking|move: Future Sight
|-damage|p1a: Slowking|76/100
|-heal|p1a: Slowking|82/100|[from] item: Black Sludge
|upkeep
|turn|21
|
|t:|1781554830
|switch|p2a: Slowking|Slowking-Galar, M|100/100
|move|p1a: Slowking|Future Sight|p2a: Slowking
|-start|p1a: Slowking|move: Future Sight
|
|-weather|Snowscape|[upkeep]
|-heal|p1a: Slowking|88/100|[from] item: Black Sludge
|upkeep
|turn|22
|inactive|thatguytnomas has 90 seconds left.
|
|t:|1781554848
|-prepare|p1a: Slowking|Chilly Reception|[premajor]
|move|p1a: Slowking|Chilly Reception|p1a: Slowking
|inactive|thatguytnomas has 90 seconds left.
|
|t:|1781554863
|switch|p1a: Corviknight|Corviknight, F|100/100|[from] Chilly Reception
|-ability|p1a: Corviknight|Pressure
|move|p2a: Slowking|Future Sight|p1a: Corviknight
|-start|p2a: Slowking|move: Future Sight
|
|-weather|Snowscape|[upkeep]
|upkeep
|turn|23
|inactive|thatguytnomas has 90 seconds left.
|j| Sneasler33
|
|t:|1781554878
|move|p1a: Corviknight|U-turn|p2a: Slowking
|-damage|p2a: Slowking|90/100
|
|t:|1781554902
|switch|p1a: Raging Bolt|Raging Bolt|100/100|[from] U-turn
|-prepare|p2a: Slowking|Chilly Reception|[premajor]
|move|p2a: Slowking|Chilly Reception|p2a: Slowking
|
|t:|1781554913
|switch|p2a: Great Tusk|Great Tusk|100/100|[from] Chilly Reception
|
|-weather|none
|-end|p2a: Great Tusk|move: Future Sight
|-supereffective|p2a: Great Tusk
|-damage|p2a: Great Tusk|0 fnt
|faint|p2a: Great Tusk
|-end|p2a: Great Tusk|Protosynthesis|[silent]
|upkeep
|c|☆bigballs01|oh no
|
|t:|1781554929
|switch|p2a: Slowking|Slowking-Galar, M|100/100
|turn|24
|
|t:|1781554944
|move|p1a: Raging Bolt|Volt Switch|p2a: Slowking
|-damage|p2a: Slowking|48/100
|inactive|thatguytnomas has 60 seconds left.
|
|t:|1781554961
|-end|p1a: Raging Bolt|Protosynthesis|[silent]
|switch|p1a: Slowking|Slowking-Galar, M|100/100|[from] Volt Switch
|move|p2a: Slowking|Sludge Bomb|p1a: Slowking
|-resisted|p1a: Slowking
|-damage|p1a: Slowking|91/100
|
|-end|p1a: Slowking|move: Future Sight
|-damage|p1a: Slowking|62/100
|-heal|p1a: Slowking|69/100|[from] item: Black Sludge
|-heal|p2a: Slowking|54/100|[from] item: Leftovers
|upkeep
|turn|25
|
|t:|1781554971
|move|p2a: Slowking|Future Sight|p1a: Slowking
|-start|p2a: Slowking|move: Future Sight
|-prepare|p1a: Slowking|Chilly Reception|[premajor]
|move|p1a: Slowking|Chilly Reception|p1a: Slowking
|-weather|Snowscape
|inactive|thatguytnomas has 60 seconds left.
|
|t:|1781554982
|switch|p1a: Raging Bolt|Raging Bolt|100/100|[from] Chilly Reception
|
|-weather|Snowscape|[upkeep]
|-heal|p2a: Slowking|61/100|[from] item: Leftovers
|upkeep
|turn|26
|
|t:|1781554991
|switch|p2a: Kyurem|Kyurem|21/100
|-ability|p2a: Kyurem|Pressure
|move|p1a: Raging Bolt|Draco Meteor|p2a: Kyurem
|-supereffective|p2a: Kyurem
|-damage|p2a: Kyurem|0 fnt
|-unboost|p1a: Raging Bolt|spa|2
|faint|p2a: Kyurem
|
|-weather|Snowscape|[upkeep]
|upkeep
|
|t:|1781554993
|switch|p2a: Kingambit|Kingambit, F|100/100
|-activate|p2a: Kingambit|ability: Supreme Overlord
|-start|p2a: Kingambit|fallen3|[silent]
|turn|27
|
|t:|1781555006
|-end|p1a: Raging Bolt|Protosynthesis|[silent]
|switch|p1a: Corviknight|Corviknight, F|100/100
|-ability|p1a: Corviknight|Pressure
|move|p2a: Kingambit|Swords Dance|p2a: Kingambit
|-boost|p2a: Kingambit|atk|2
|
|-weather|Snowscape|[upkeep]
|-end|p1a: Corviknight|move: Future Sight
|-resisted|p1a: Corviknight
|-damage|p1a: Corviknight|78/100
|upkeep
|turn|28
|inactive|thatguytnomas has 60 seconds left.
|
|t:|1781555053
|-terastallize|p2a: Kingambit|Ghost
|move|p1a: Corviknight|U-turn|p2a: Kingambit
|-resisted|p2a: Kingambit
|-damage|p2a: Kingambit|96/100
|inactive|thatguytnomas has 30 seconds left.
|inactive|thatguytnomas has 20 seconds left.
|inactive|thatguytnomas has 15 seconds left.
|
|t:|1781555088
|switch|p1a: Great Tusk|Great Tusk|45/100|[from] U-turn
|move|p2a: Kingambit|Kowtow Cleave|p1a: Great Tusk
|-resisted|p1a: Great Tusk
|-damage|p1a: Great Tusk|8/100
|
|-weather|Snowscape|[upkeep]
|-damage|p1a: Great Tusk|0 fnt|[from] item: Black Sludge
|faint|p1a: Great Tusk
|-end|p1a: Great Tusk|Protosynthesis|[silent]
|-heal|p2a: Kingambit|100/100|[from] item: Leftovers
|upkeep
|inactive|thatguytnomas has 20 seconds left this turn.
|inactive|thatguytnomas has 15 seconds left.
|inactive|thatguytnomas has 10 seconds left.
|
|t:|1781555101
|switch|p1a: Raging Bolt|Raging Bolt|100/100
|turn|29
|inactive|thatguytnomas has 20 seconds left this turn.
|
|t:|1781555121
|-end|p2a: Kingambit|fallen3|[silent]
|switch|p2a: Tornadus|Tornadus-Therian, M|100/100
|move|p1a: Raging Bolt|Draco Meteor|p2a: Tornadus
|-damage|p2a: Tornadus|28/100
|-unboost|p1a: Raging Bolt|spa|2
|
|-weather|none
|upkeep
|turn|30
|inactive|thatguytnomas has 30 seconds left this turn.
|l| Sneasler33
|inactive|thatguytnomas has 20 seconds left.
|
|t:|1781555136
|move|p2a: Tornadus|U-turn|p1a: Raging Bolt
|-damage|p1a: Raging Bolt|87/100
|
|t:|1781555139
|switch|p2a: Slowking|Slowking-Galar, M|94/100|[from] U-turn
|move|p1a: Raging Bolt|Draco Meteor|p2a: Slowking|[miss]
|-miss|p1a: Raging Bolt|p2a: Slowking
|
|-heal|p2a: Slowking|99/100|[from] item: Leftovers
|upkeep
|turn|31
|inactive|thatguytnomas has 30 seconds left.
|
|t:|1781555150
|-end|p1a: Raging Bolt|Protosynthesis|[silent]
|switch|p1a: Slowking|Slowking-Galar, M|100/100
|-prepare|p2a: Slowking|Chilly Reception|[premajor]
|move|p2a: Slowking|Chilly Reception|p2a: Slowking
|-weather|Snowscape
|
|t:|1781555152
|switch|p2a: Kingambit|Kingambit, F, tera:Ghost|100/100|[from] Chilly Reception
|-activate|p2a: Kingambit|ability: Supreme Overlord
|-start|p2a: Kingambit|fallen3|[silent]
|
|-weather|Snowscape|[upkeep]
|upkeep
|turn|32
|inactive|thatguytnomas has 30 seconds left.
|
|t:|1781555169
|switch|p1a: Raging Bolt|Raging Bolt|87/100
|move|p2a: Kingambit|Kowtow Cleave|p1a: Raging Bolt
|-damage|p1a: Raging Bolt|25/100
|
|-weather|Snowscape|[upkeep]
|upkeep
|turn|33
|inactive|thatguytnomas has 30 seconds left.
|
|t:|1781555184
|-end|p2a: Kingambit|fallen3|[silent]
|switch|p2a: Slowking|Slowking-Galar, M|100/100
|move|p1a: Raging Bolt|Thunderclap||[still]
|-fail|p1a: Raging Bolt
|
|-weather|Snowscape|[upkeep]
|upkeep
|turn|34
|
|t:|1781555193
|-end|p1a: Raging Bolt|Protosynthesis|[silent]
|switch|p1a: Slowking|Slowking-Galar, M|100/100
|-prepare|p2a: Slowking|Chilly Reception|[premajor]
|move|p2a: Slowking|Chilly Reception|p2a: Slowking
|
|t:|1781555196
|switch|p2a: Kingambit|Kingambit, F, tera:Ghost|100/100|[from] Chilly Reception
|-activate|p2a: Kingambit|ability: Supreme Overlord
|-start|p2a: Kingambit|fallen3|[silent]
|
|-weather|Snowscape|[upkeep]
|upkeep
|turn|35
|
|t:|1781555211
|move|p2a: Kingambit|Kowtow Cleave|p1a: Slowking
|-supereffective|p1a: Slowking
|-damage|p1a: Slowking|0 fnt
|faint|p1a: Slowking
|
|-weather|none
|upkeep
|inactive|thatguytnomas has 30 seconds left.
|inactive|thatguytnomas has 20 seconds left.
|
|t:|1781555240
|switch|p1a: BanDragonitePLEASE|Dragonite, F|100/100
|turn|36
|inactive|thatguytnomas has 30 seconds left this turn.
|
|t:|1781555246
|-end|p2a: Kingambit|fallen3|[silent]
|switch|p2a: Tornadus|Tornadus-Therian, M|61/100
|move|p1a: BanDragonitePLEASE|Dragon Dance|p1a: BanDragonitePLEASE
|-boost|p1a: BanDragonitePLEASE|atk|1
|-boost|p1a: BanDragonitePLEASE|spe|1
|
|upkeep
|turn|37
|inactive|thatguytnomas has 30 seconds left.
|
|t:|1781555259
|move|p1a: BanDragonitePLEASE|Dragon Dance|p1a: BanDragonitePLEASE
|-boost|p1a: BanDragonitePLEASE|atk|1
|-boost|p1a: BanDragonitePLEASE|spe|1
|move|p2a: Tornadus|Knock Off|p1a: BanDragonitePLEASE
|-damage|p1a: BanDragonitePLEASE|90/100
|-enditem|p1a: BanDragonitePLEASE|Soft Sand|[from] move: Knock Off|[of] p2a: Tornadus
|
|upkeep
|turn|38
|inactive|thatguytnomas has 30 seconds left.
|
|t:|1781555273
|move|p1a: BanDragonitePLEASE|Dragon Dance|p1a: BanDragonitePLEASE
|-boost|p1a: BanDragonitePLEASE|atk|1
|-boost|p1a: BanDragonitePLEASE|spe|1
|move|p2a: Tornadus|Bleakwind Storm|p1a: BanDragonitePLEASE|[miss]
|-miss|p2a: Tornadus|p1a: BanDragonitePLEASE
|
|upkeep
|turn|39
|
|t:|1781555278
|move|p1a: BanDragonitePLEASE|Dragon Dance|p1a: BanDragonitePLEASE
|-boost|p1a: BanDragonitePLEASE|atk|1
|-boost|p1a: BanDragonitePLEASE|spe|1
|move|p2a: Tornadus|Bleakwind Storm|p1a: BanDragonitePLEASE
|-damage|p1a: BanDragonitePLEASE|48/100
|
|upkeep
|turn|40
|
|t:|1781555284
|move|p1a: BanDragonitePLEASE|Roost|p1a: BanDragonitePLEASE
|-heal|p1a: BanDragonitePLEASE|98/100
|-singleturn|p1a: BanDragonitePLEASE|move: Roost
|move|p2a: Tornadus|Bleakwind Storm|p1a: BanDragonitePLEASE
|-crit|p1a: BanDragonitePLEASE
|-damage|p1a: BanDragonitePLEASE|34/100
|
|upkeep
|turn|41
|
|t:|1781555295
|move|p1a: BanDragonitePLEASE|Roost|p1a: BanDragonitePLEASE
|-heal|p1a: BanDragonitePLEASE|84/100
|-singleturn|p1a: BanDragonitePLEASE|move: Roost
|move|p2a: Tornadus|Bleakwind Storm|p1a: BanDragonitePLEASE
|-damage|p1a: BanDragonitePLEASE|48/100
|
|upkeep
|turn|42
|
|t:|1781555300
|move|p1a: BanDragonitePLEASE|Roost|p1a: BanDragonitePLEASE
|-heal|p1a: BanDragonitePLEASE|98/100
|-singleturn|p1a: BanDragonitePLEASE|move: Roost
|move|p2a: Tornadus|Bleakwind Storm|p1a: BanDragonitePLEASE
|-damage|p1a: BanDragonitePLEASE|60/100
|-unboost|p1a: BanDragonitePLEASE|spe|1
|
|upkeep
|turn|43
|
|t:|1781555312
|move|p1a: BanDragonitePLEASE|Roost|p1a: BanDragonitePLEASE
|-heal|p1a: BanDragonitePLEASE|100/100
|-singleturn|p1a: BanDragonitePLEASE|move: Roost
|move|p2a: Tornadus|Bleakwind Storm|p1a: BanDragonitePLEASE
|-damage|p1a: BanDragonitePLEASE|82/100
|
|upkeep
|turn|44
|
|t:|1781555320
|move|p1a: BanDragonitePLEASE|Extreme Speed|p2a: Tornadus
|-damage|p2a: Tornadus|0 fnt
|faint|p2a: Tornadus
|
|upkeep
|
|t:|1781555323
|switch|p2a: Kingambit|Kingambit, F, tera:Ghost|100/100
|-activate|p2a: Kingambit|ability: Supreme Overlord
|-start|p2a: Kingambit|fallen4|[silent]
|turn|45
|
|t:|1781555338
|-terastallize|p1a: BanDragonitePLEASE|Ground
|move|p1a: BanDragonitePLEASE|Earthquake|p2a: Kingambit
|-damage|p2a: Kingambit|0 fnt
|faint|p2a: Kingambit
|-end|p2a: Kingambit|fallen4|[silent]
|
|upkeep
|
|t:|1781555341
|switch|p2a: Slowking|Slowking-Galar, M|100/100
|turn|46
|
|t:|1781555343
|move|p1a: BanDragonitePLEASE|Earthquake|p2a: Slowking
|-supereffective|p2a: Slowking
|-damage|p2a: Slowking|0 fnt
|faint|p2a: Slowking
|
|win|thatguytnomas
|raw|thatguytnomas's rating: 1578 &rarr; <strong>1601</strong><br />(+23 for winning)
|raw|bigballs01's rating: 1626 &rarr; <strong>1603</strong><br />(-23 for losing)
|c|☆thatguytnomas|gg
|l|☆bigballs01
|player|p2|
