|j|☆Aeybees
|j|☆rekjllj
|t:|1781522039
|gametype|singles
|player|p1|Aeybees|scientist|1553
|player|p2|rekjllj|170|1611
|gen|9
|tier|[Gen 9] OU
|rated|
|rule|HP Percentage Mod: HP is shown in percentages
|rule|Endless Battle Clause: Forcing endless battles is banned
|rule|Species Clause: Limit one of each Pokémon
|rule|OHKO Clause: OHKO moves are banned
|rule|Evasion Items Clause: Evasion items are banned
|rule|Evasion Moves Clause: Evasion moves are banned
|rule|Evasion Abilities Clause: Evasion abilities are banned
|rule|Sleep Moves Clause: Sleep-inducing moves are banned
|clearpoke
|poke|p1|Dragonite, F|
|poke|p1|Samurott-Hisui, F|
|poke|p1|Clefable, M|
|poke|p1|Gholdengo|
|poke|p1|Zamazenta-*|
|poke|p1|Gliscor, F|
|poke|p2|Walking Wake|
|poke|p2|Great Tusk|
|poke|p2|Ninetales, M|
|poke|p2|Cresselia, F|
|poke|p2|Zarude|
|poke|p2|Ceruledge, M|
|teampreview
|inactive|Battle timer is ON: inactive players will automatically lose when time's up. (requested by Aeybees)
|c|☆rekjllj|hf
|inactive|rekjllj also wants the timer to be on.
|c|☆Aeybees|u2
|inactive|Aeybees has 120 seconds left.
|
|t:|1781522073
|teamsize|p1|6
|teamsize|p2|6
|start
|switch|p1a: Samurott|Samurott-Hisui, F|100/100
|switch|p2a: Zarude|Zarude|100/100
|turn|1
|
|t:|1781522079
|switch|p1a: Clefable|Clefable, M|100/100
|move|p2a: Zarude|Swords Dance|p2a: Zarude
|-boost|p2a: Zarude|atk|2
|
|upkeep
|turn|2
|
|t:|1781522086
|move|p2a: Zarude|Power Whip|p1a: Clefable|[miss]
|-miss|p2a: Zarude|p1a: Clefable
|move|p1a: Clefable|Moonblast|p2a: Zarude
|-supereffective|p2a: Zarude
|-damage|p2a: Zarude|37/100
|
|-heal|p2a: Zarude|43/100|[from] item: Leftovers
|upkeep
|turn|3
|
|t:|1781522098
|-terastallize|p2a: Zarude|Poison
|move|p2a: Zarude|Power Whip|p1a: Clefable
|-damage|p1a: Clefable|10/100
|move|p1a: Clefable|Moonblast|p2a: Zarude
|-resisted|p2a: Zarude
|-damage|p2a: Zarude|28/100
|-unboost|p2a: Zarude|spa|1
|
|-heal|p2a: Zarude|34/100|[from] item: Leftovers
|-heal|p1a: Clefable|16/100|[from] item: Leftovers
|upkeep
|turn|4
|
|t:|1781522108
|move|p2a: Zarude|Synthesis|p2a: Zarude
|-heal|p2a: Zarude|84/100
|move|p1a: Clefable|Knock Off|p2a: Zarude
|-damage|p2a: Zarude|71/100
|-enditem|p2a: Zarude|Leftovers|[from] move: Knock Off|[of] p1a: Clefable
|
|-heal|p1a: Clefable|22/100|[from] item: Leftovers
|upkeep
|turn|5
|
|t:|1781522117
|move|p2a: Zarude|Knock Off|p1a: Clefable
|-resisted|p1a: Clefable
|-damage|p1a: Clefable|0 fnt
|-enditem|p1a: Clefable|Leftovers|[from] move: Knock Off|[of] p2a: Zarude
|faint|p1a: Clefable
|
|upkeep
|
|t:|1781522129
|switch|p1a: Dragonite|Dragonite, F|100/100
|turn|6
|
|t:|1781522135
|move|p2a: Zarude|Knock Off|p1a: Dragonite
|-damage|p1a: Dragonite|55/100
|-enditem|p1a: Dragonite|Heavy-Duty Boots|[from] move: Knock Off|[of] p2a: Zarude
|move|p1a: Dragonite|Dragon Dance|p1a: Dragonite
|-boost|p1a: Dragonite|atk|1
|-boost|p1a: Dragonite|spe|1
|
|upkeep
|turn|7
|
|t:|1781522147
|switch|p2a: Great Tusk|Great Tusk|100/100
|move|p1a: Dragonite|Roost|p1a: Dragonite
|-heal|p1a: Dragonite|100/100
|-singleturn|p1a: Dragonite|move: Roost
|
|upkeep
|turn|8
|
|t:|1781522162
|-terastallize|p1a: Dragonite|Normal
|move|p1a: Dragonite|Dragon Dance|p1a: Dragonite
|-boost|p1a: Dragonite|atk|1
|-boost|p1a: Dragonite|spe|1
|move|p2a: Great Tusk|Ice Spinner|p1a: Dragonite
|-damage|p1a: Dragonite|86/100
|
|upkeep
|turn|9
|
|t:|1781522174
|move|p1a: Dragonite|Earthquake|p2a: Great Tusk
|-damage|p2a: Great Tusk|43/100
|move|p2a: Great Tusk|Close Combat|p1a: Dragonite
|-supereffective|p1a: Dragonite
|-damage|p1a: Dragonite|0 fnt
|-unboost|p2a: Great Tusk|def|1
|-unboost|p2a: Great Tusk|spd|1
|faint|p1a: Dragonite
|
|upkeep
|
|t:|1781522182
|switch|p1a: Gholdengo|Gholdengo|100/100
|turn|10
|
|t:|1781522188
|-end|p2a: Great Tusk|Protosynthesis|[silent]
|switch|p2a: Ninetales|Ninetales, M|100/100
|-weather|SunnyDay|[from] ability: Drought|[of] p2a: Ninetales
|move|p1a: Gholdengo|Shadow Ball|p2a: Ninetales
|-damage|p2a: Ninetales|59/100
|
|-weather|SunnyDay|[upkeep]
|upkeep
|turn|11
|
|t:|1781522196
|switch|p1a: Samurott|Samurott-Hisui, F|100/100
|move|p2a: Ninetales|Overheat|p1a: Samurott
|-resisted|p1a: Samurott
|-damage|p1a: Samurott|79/100
|-unboost|p2a: Ninetales|spa|2
|
|-weather|SunnyDay|[upkeep]
|upkeep
|turn|12
|
|t:|1781522209
|move|p2a: Ninetales|Will-O-Wisp|p1a: Samurott
|-status|p1a: Samurott|brn
|move|p1a: Samurott|Knock Off|p2a: Ninetales
|-damage|p2a: Ninetales|32/100
|-enditem|p2a: Ninetales|Heat Rock|[from] move: Knock Off|[of] p1a: Samurott
|
|-weather|SunnyDay|[upkeep]
|-damage|p1a: Samurott|73/100 brn|[from] brn
|upkeep
|turn|13
|
|t:|1781522217
|move|p2a: Ninetales|Healing Wish|p2a: Ninetales
|faint|p2a: Ninetales
|move|p1a: Samurott|Ceaseless Edge|p2: Ninetales|[notarget]
|-fail|p1a: Samurott
|
|-weather|SunnyDay|[upkeep]
|-damage|p1a: Samurott|67/100 brn|[from] brn
|upkeep
|
|t:|1781522223
|switch|p2a: Great Tusk|Great Tusk|43/100
|-heal|p2a: Great Tusk|100/100|[from] move: Healing Wish
|-activate|p2a: Great Tusk|ability: Protosynthesis
|-start|p2a: Great Tusk|protosynthesisatk
|turn|14
|
|t:|1781522229
|move|p2a: Great Tusk|Headlong Rush|p1a: Samurott
|-damage|p1a: Samurott|0 fnt
|-unboost|p2a: Great Tusk|def|1
|-unboost|p2a: Great Tusk|spd|1
|faint|p1a: Samurott
|
|-weather|SunnyDay|[upkeep]
|upkeep
|
|t:|1781522240
|switch|p1a: Gholdengo|Gholdengo|100/100
|turn|15
|
|t:|1781522245
|-end|p2a: Great Tusk|Protosynthesis|[silent]
|switch|p2a: Walking Wake|Walking Wake|100/100
|-activate|p2a: Walking Wake|ability: Protosynthesis
|-start|p2a: Walking Wake|protosynthesisspe
|move|p1a: Gholdengo|Make It Rain|p2a: Walking Wake
|-resisted|p2a: Walking Wake
|-damage|p2a: Walking Wake|63/100
|-unboost|p1a: Gholdengo|spa|1
|
|-weather|SunnyDay|[upkeep]
|upkeep
|turn|16
|
|t:|1781522263
|move|p2a: Walking Wake|Hydro Steam|p1a: Gholdengo
|-damage|p1a: Gholdengo|18/100
|move|p1a: Gholdengo|Make It Rain|p2a: Walking Wake
|-resisted|p2a: Walking Wake
|-damage|p2a: Walking Wake|40/100
|-unboost|p1a: Gholdengo|spa|1
|
|-weather|SunnyDay|[upkeep]
|upkeep
|turn|17
|
|t:|1781522272
|move|p2a: Walking Wake|Hydro Steam|p1a: Gholdengo
|-damage|p1a: Gholdengo|0 fnt
|faint|p1a: Gholdengo
|
|-weather|none
|-end|p2a: Walking Wake|Protosynthesis
|upkeep
|
|t:|1781522277
|switch|p1a: Zamazenta|Zamazenta|100/100
|-ability|p1a: Zamazenta|Dauntless Shield|boost
|-boost|p1a: Zamazenta|def|1
|turn|18
|
|t:|1781522283
|-end|p2a: Walking Wake|Protosynthesis|[silent]
|switch|p2a: Zarude|Zarude, tera:Poison|71/100
|move|p1a: Zamazenta|Iron Defense|p1a: Zamazenta
|-boost|p1a: Zamazenta|def|2
|
|upkeep
|turn|19
|
|t:|1781522290
|move|p1a: Zamazenta|Iron Defense|p1a: Zamazenta
|-boost|p1a: Zamazenta|def|2
|move|p2a: Zarude|Synthesis|p2a: Zarude
|-heal|p2a: Zarude|100/100
|
|upkeep
|turn|20
|
|t:|1781522301
|switch|p2a: Cresselia|Cresselia, F|100/100
|move|p1a: Zamazenta|Body Press|p2a: Cresselia
|-resisted|p2a: Cresselia
|-crit|p2a: Cresselia
|-damage|p2a: Cresselia|51/100
|-enditem|p2a: Cresselia|Eject Button
|
|t:|1781522307
|switch|p2a: Zarude|Zarude, tera:Poison|100/100
|
|upkeep
|turn|21
|
|t:|1781522315
|move|p1a: Zamazenta|Body Press|p2a: Zarude
|-resisted|p2a: Zarude
|-damage|p2a: Zarude|45/100
|move|p2a: Zarude|Synthesis|p2a: Zarude
|-heal|p2a: Zarude|95/100
|
|upkeep
|turn|22
|
|t:|1781522324
|move|p1a: Zamazenta|Body Press|p2a: Zarude
|-resisted|p2a: Zarude
|-damage|p2a: Zarude|38/100
|move|p2a: Zarude|Synthesis|p2a: Zarude
|-heal|p2a: Zarude|88/100
|
|upkeep
|turn|23
|
|t:|1781522330
|move|p1a: Zamazenta|Iron Defense|p1a: Zamazenta
|-boost|p1a: Zamazenta|def|1
|move|p2a: Zarude|Synthesis|p2a: Zarude
|-heal|p2a: Zarude|100/100
|
|upkeep
|turn|24
|
|t:|1781522336
|switch|p2a: Ceruledge|Ceruledge, M|100/100
|move|p1a: Zamazenta|Body Press|p2a: Ceruledge
|-immune|p2a: Ceruledge
|
|upkeep
|turn|25
|
|t:|1781522346
|switch|p2a: Great Tusk|Great Tusk|100/100
|move|p1a: Zamazenta|Crunch|p2a: Great Tusk
|-resisted|p2a: Great Tusk
|-crit|p2a: Great Tusk
|-damage|p2a: Great Tusk|89/100
|
|upkeep
|turn|26
|
|t:|1781522355
|-end|p2a: Great Tusk|Protosynthesis|[silent]
|switch|p2a: Ceruledge|Ceruledge, M|100/100
|move|p1a: Zamazenta|Body Press|p2a: Ceruledge
|-immune|p2a: Ceruledge
|
|upkeep
|turn|27
|
|t:|1781522360
|switch|p2a: Great Tusk|Great Tusk|89/100
|move|p1a: Zamazenta|Crunch|p2a: Great Tusk
|-resisted|p2a: Great Tusk
|-damage|p2a: Great Tusk|81/100
|-unboost|p2a: Great Tusk|def|1
|
|upkeep
|turn|28
|
|t:|1781522367
|-end|p2a: Great Tusk|Protosynthesis|[silent]
|switch|p2a: Ceruledge|Ceruledge, M|100/100
|move|p1a: Zamazenta|Body Press|p2a: Ceruledge
|-immune|p2a: Ceruledge
|
|upkeep
|turn|29
|
|t:|1781522374
|switch|p2a: Great Tusk|Great Tusk|81/100
|move|p1a: Zamazenta|Crunch|p2a: Great Tusk
|-resisted|p2a: Great Tusk
|-damage|p2a: Great Tusk|74/100
|
|upkeep
|turn|30
|
|t:|1781522379
|-end|p2a: Great Tusk|Protosynthesis|[silent]
|switch|p2a: Ceruledge|Ceruledge, M|100/100
|move|p1a: Zamazenta|Crunch|p2a: Ceruledge
|-supereffective|p2a: Ceruledge
|-damage|p2a: Ceruledge|41/100
|-ability|p2a: Ceruledge|Weak Armor|boost
|-unboost|p2a: Ceruledge|def|1
|-boost|p2a: Ceruledge|spe|2
|
|upkeep
|turn|31
|
|t:|1781522387
|switch|p2a: Great Tusk|Great Tusk|74/100
|move|p1a: Zamazenta|Crunch|p2a: Great Tusk
|-resisted|p2a: Great Tusk
|-damage|p2a: Great Tusk|66/100
|
|upkeep
|turn|32
|
|t:|1781522392
|-end|p2a: Great Tusk|Protosynthesis|[silent]
|switch|p2a: Ceruledge|Ceruledge, M|41/100
|move|p1a: Zamazenta|Body Press|p2a: Ceruledge
|-immune|p2a: Ceruledge
|
|upkeep
|turn|33
|
|t:|1781522398
|switch|p2a: Great Tusk|Great Tusk|66/100
|move|p1a: Zamazenta|Body Press|p2a: Great Tusk
|-damage|p2a: Great Tusk|0 fnt
|faint|p2a: Great Tusk
|-end|p2a: Great Tusk|Protosynthesis|[silent]
|
|upkeep
|
|t:|1781522401
|switch|p2a: Cresselia|Cresselia, F|51/100
|turn|34
|
|t:|1781522407
|move|p1a: Zamazenta|Body Press|p2a: Cresselia
|-resisted|p2a: Cresselia
|-damage|p2a: Cresselia|9/100
|move|p2a: Cresselia|Moonlight|p2a: Cresselia
|-heal|p2a: Cresselia|59/100
|
|upkeep
|turn|35
|
|t:|1781522416
|move|p1a: Zamazenta|Crunch|p2a: Cresselia
|-supereffective|p2a: Cresselia
|-damage|p2a: Cresselia|35/100
|move|p2a: Cresselia|Moonlight|p2a: Cresselia
|-heal|p2a: Cresselia|85/100
|
|upkeep
|turn|36
|
|t:|1781522423
|move|p1a: Zamazenta|Crunch|p2a: Cresselia
|-supereffective|p2a: Cresselia
|-damage|p2a: Cresselia|58/100
|move|p2a: Cresselia|Thunder Wave|p1a: Zamazenta
|-status|p1a: Zamazenta|par
|
|upkeep
|turn|37
|
|t:|1781522429
|move|p2a: Cresselia|Moonlight|p2a: Cresselia
|-heal|p2a: Cresselia|100/100
|move|p1a: Zamazenta|Crunch|p2a: Cresselia
|-supereffective|p2a: Cresselia
|-damage|p2a: Cresselia|76/100
|
|upkeep
|turn|38
|
|t:|1781522433
|move|p2a: Cresselia|Psychic|p1a: Zamazenta
|-supereffective|p1a: Zamazenta
|-damage|p1a: Zamazenta|59/100 par
|cant|p1a: Zamazenta|par
|
|-heal|p1a: Zamazenta|65/100 par|[from] item: Leftovers
|upkeep
|turn|39
|
|t:|1781522440
|switch|p1a: Gliscor|Gliscor, F|100/100
|move|p2a: Cresselia|Psychic|p1a: Gliscor
|-damage|p1a: Gliscor|80/100
|
|-status|p1a: Gliscor|tox|[from] item: Toxic Orb
|upkeep
|turn|40
|
|t:|1781522446
|switch|p2a: Walking Wake|Walking Wake|40/100
|move|p1a: Gliscor|Facade|p2a: Walking Wake
|-damage|p2a: Walking Wake|9/100
|
|-heal|p1a: Gliscor|92/100 tox|[from] ability: Poison Heal
|upkeep
|turn|41
|
|t:|1781522454
|move|p2a: Walking Wake|Hydro Steam|p1a: Gliscor
|-supereffective|p1a: Gliscor
|-damage|p1a: Gliscor|16/100 tox
|move|p1a: Gliscor|Facade|p2a: Walking Wake
|-damage|p2a: Walking Wake|0 fnt
|faint|p2a: Walking Wake
|-end|p2a: Walking Wake|Protosynthesis|[silent]
|
|-heal|p1a: Gliscor|28/100 tox|[from] ability: Poison Heal
|upkeep
|
|t:|1781522460
|switch|p2a: Zarude|Zarude, tera:Poison|100/100
|turn|42
|
|t:|1781522469
|move|p2a: Zarude|Swords Dance|p2a: Zarude
|-boost|p2a: Zarude|atk|2
|move|p1a: Gliscor|Facade|p2a: Zarude
|-crit|p2a: Zarude
|-damage|p2a: Zarude|62/100
|
|-heal|p1a: Gliscor|41/100 tox|[from] ability: Poison Heal
|upkeep
|turn|43
|
|t:|1781522477
|move|p1a: Gliscor|Protect|p1a: Gliscor
|-singleturn|p1a: Gliscor|Protect
|move|p2a: Zarude|Knock Off|p1a: Gliscor
|-activate|p1a: Gliscor|move: Protect
|
|-heal|p1a: Gliscor|53/100 tox|[from] ability: Poison Heal
|upkeep
|turn|44
|
|t:|1781522483
|move|p2a: Zarude|Knock Off|p1a: Gliscor
|-damage|p1a: Gliscor|0 fnt
|-enditem|p1a: Gliscor|Toxic Orb|[from] move: Knock Off|[of] p2a: Zarude
|faint|p1a: Gliscor
|
|upkeep
|
|t:|1781522488
|switch|p1a: Zamazenta|Zamazenta|65/100 par
|turn|45
|
|t:|1781522491
|move|p2a: Zarude|Power Whip|p1a: Zamazenta
|-damage|p1a: Zamazenta|0 fnt
|faint|p1a: Zamazenta
|
|win|rekjllj
|raw|Aeybees's rating: 1553 &rarr; <strong>1536</strong><br />(-17 for losing)
|raw|rekjllj's rating: 1611 &rarr; <strong>1628</strong><br />(+17 for winning)
|c|☆rekjllj|gg
|l|☆rekjllj
|player|p2|
|l|☆Aeybees
|player|p1|
