|j|☆lunachili
|j|☆adil
|t:|1780892017
|gametype|singles
|player|p1|lunachili|clown|1646
|player|p2|adil|2|1674
|gen|9
|tier|[Gen 9] OU
|rated|
|rule|HP Percentage Mod: HP is shown in percentages
|rule|Endless Battle Clause: Forcing endless battles is banned
|rule|Species Clause: Limit one of each Pokémon
|rule|OHKO Clause: OHKO moves are banned
|rule|Evasion Items Clause: Evasion items are banned
|rule|Evasion Moves Clause: Evasion moves are banned
|rule|Evasion Abilities Clause: Evasion abilities are banned
|rule|Sleep Moves Clause: Sleep-inducing moves are banned
|clearpoke
|poke|p1|Alomomola, F|
|poke|p1|Slowking-Galar, F|
|poke|p1|Kingambit, F|
|poke|p1|Great Tusk|
|poke|p1|Cinderace, F|
|poke|p1|Raging Bolt|
|poke|p2|Great Tusk|
|poke|p2|Tornadus-Therian, M|
|poke|p2|Kyurem|
|poke|p2|Slowking-Galar, F|
|poke|p2|Rillaboom, M|
|poke|p2|Ting-Lu|
|teampreview
|inactive|Battle timer is ON: inactive players will automatically lose when time's up. (requested by lunachili)
|inactive|lunachili has 120 seconds left.
|
|t:|1780892056
|teamsize|p1|6
|teamsize|p2|6
|start
|switch|p1a: Slowking|Slowking-Galar, F|100/100
|switch|p2a: Kyurem|Kyurem|100/100
|-ability|p2a: Kyurem|Pressure
|turn|1
|
|t:|1780892073
|move|p2a: Kyurem|Substitute|p2a: Kyurem
|-start|p2a: Kyurem|Substitute
|-damage|p2a: Kyurem|75/100
|move|p1a: Slowking|Sludge Bomb|p2a: Kyurem
|-end|p2a: Kyurem|Substitute
|
|-heal|p2a: Kyurem|82/100|[from] item: Leftovers
|upkeep
|turn|2
|
|t:|1780892082
|move|p2a: Kyurem|Protect|p2a: Kyurem
|-singleturn|p2a: Kyurem|Protect
|move|p1a: Slowking|Future Sight|p2a: Kyurem
|-start|p1a: Slowking|move: Future Sight
|
|-heal|p2a: Kyurem|88/100|[from] item: Leftovers
|upkeep
|turn|3
|
|t:|1780892089
|move|p2a: Kyurem|Substitute|p2a: Kyurem
|-start|p2a: Kyurem|Substitute
|-damage|p2a: Kyurem|63/100
|move|p1a: Slowking|Sludge Bomb|p2a: Kyurem
|-end|p2a: Kyurem|Substitute
|
|-heal|p2a: Kyurem|69/100|[from] item: Leftovers
|upkeep
|turn|4
|
|t:|1780892098
|switch|p2a: Ting-Lu|Ting-Lu|100/100
|-ability|p2a: Ting-Lu|Vessel of Ruin
|move|p1a: Slowking|Sludge Bomb|p2a: Ting-Lu
|-resisted|p2a: Ting-Lu
|-damage|p2a: Ting-Lu|94/100
|
|-end|p2a: Ting-Lu|move: Future Sight
|-immune|p2a: Ting-Lu
|-heal|p2a: Ting-Lu|99/100|[from] item: Leftovers
|upkeep
|turn|5
|
|t:|1780892108
|switch|p1a: Great Tusk|Great Tusk|100/100
|move|p2a: Ting-Lu|Earthquake|p1a: Great Tusk
|-crit|p1a: Great Tusk
|-damage|p1a: Great Tusk|59/100
|
|-heal|p2a: Ting-Lu|100/100|[from] item: Leftovers
|upkeep
|turn|6
|
|t:|1780892116
|move|p1a: Great Tusk|Stealth Rock|p2a: Ting-Lu
|-sidestart|p2: adil|move: Stealth Rock
|move|p2a: Ting-Lu|Earthquake|p1a: Great Tusk
|-damage|p1a: Great Tusk|33/100
|
|upkeep
|turn|7
|
|t:|1780892123
|move|p1a: Great Tusk|Ice Spinner|p2a: Ting-Lu
|-supereffective|p2a: Ting-Lu
|-damage|p2a: Ting-Lu|71/100
|move|p2a: Ting-Lu|Spikes|p1a: Great Tusk
|-sidestart|p1: lunachili|Spikes
|
|-heal|p2a: Ting-Lu|77/100|[from] item: Leftovers
|upkeep
|turn|8
|
|t:|1780892130
|move|p1a: Great Tusk|Ice Spinner|p2a: Ting-Lu
|-supereffective|p2a: Ting-Lu
|-damage|p2a: Ting-Lu|45/100
|move|p2a: Ting-Lu|Earthquake|p1a: Great Tusk
|-damage|p1a: Great Tusk|5/100
|
|-heal|p2a: Ting-Lu|51/100|[from] item: Leftovers
|upkeep
|turn|9
|
|t:|1780892138
|switch|p2a: Great Tusk|Great Tusk|100/100
|move|p1a: Great Tusk|Rapid Spin|p2a: Great Tusk
|-damage|p2a: Great Tusk|87/100
|-boost|p1a: Great Tusk|spe|1
|-sideend|p1: lunachili|Spikes|[from] move: Rapid Spin|[of] p1a: Great Tusk
|
|upkeep
|turn|10
|
|t:|1780892150
|move|p1a: Great Tusk|Headlong Rush|p2a: Great Tusk
|-damage|p2a: Great Tusk|43/100
|-unboost|p1a: Great Tusk|def|1
|-unboost|p1a: Great Tusk|spd|1
|move|p2a: Great Tusk|Rapid Spin|p1a: Great Tusk
|-damage|p1a: Great Tusk|0 fnt
|-boost|p2a: Great Tusk|spe|1
|-damage|p2a: Great Tusk|26/100|[from] item: Rocky Helmet|[of] p1a: Great Tusk
|-sideend|p2: adil|Stealth Rock|[from] move: Rapid Spin|[of] p2a: Great Tusk
|faint|p1a: Great Tusk
|-end|p1a: Great Tusk|Protosynthesis|[silent]
|
|upkeep
|
|t:|1780892161
|switch|p1a: Alomomola|Alomomola, F|100/100
|turn|11
|j| crust king kahn
|
|t:|1780892179
|-end|p2a: Great Tusk|Protosynthesis|[silent]
|switch|p2a: Rillaboom|Rillaboom, M|100/100
|-fieldstart|move: Grassy Terrain|[from] ability: Grassy Surge|[of] p2a: Rillaboom
|move|p1a: Alomomola|Scald|p2a: Rillaboom
|-resisted|p2a: Rillaboom
|-damage|p2a: Rillaboom|92/100
|
|-heal|p2a: Rillaboom|98/100|[from] Grassy Terrain
|upkeep
|turn|12
|
|t:|1780892197
|move|p1a: Alomomola|Protect|p1a: Alomomola
|-singleturn|p1a: Alomomola|Protect
|move|p2a: Rillaboom|Wood Hammer|p1a: Alomomola
|-activate|p1a: Alomomola|move: Protect
|
|-heal|p2a: Rillaboom|100/100|[from] Grassy Terrain
|upkeep
|turn|13
|inactive|adil has 120 seconds left.
|
|t:|1780892237
|-terastallize|p1a: Alomomola|Flying
|move|p2a: Rillaboom|Wood Hammer|p1a: Alomomola
|-resisted|p1a: Alomomola
|-damage|p1a: Alomomola|73/100
|-damage|p2a: Rillaboom|84/100|[from] item: Rocky Helmet|[of] p1a: Alomomola
|-damage|p2a: Rillaboom|70/100|[from] Recoil
|-damage|p2a: Rillaboom|60/100|[from] item: Life Orb
|move|p1a: Alomomola|Scald|p2a: Rillaboom
|-resisted|p2a: Rillaboom
|-damage|p2a: Rillaboom|51/100
|
|-heal|p2a: Rillaboom|57/100|[from] Grassy Terrain
|upkeep
|turn|14
|inactive|adil has 120 seconds left.
|
|t:|1780892249
|switch|p2a: Ting-Lu|Ting-Lu|51/100
|-ability|p2a: Ting-Lu|Vessel of Ruin
|move|p1a: Alomomola|Flip Turn|p2a: Ting-Lu
|-supereffective|p2a: Ting-Lu
|-damage|p2a: Ting-Lu|35/100
|
|t:|1780892256
|switch|p1a: Cinderace|Cinderace, F|100/100|[from] Flip Turn
|
|-heal|p2a: Ting-Lu|41/100|[from] Grassy Terrain
|-heal|p2a: Ting-Lu|47/100|[from] item: Leftovers
|upkeep
|turn|15
|inactive|adil has 120 seconds left.
|
|t:|1780892274
|move|p1a: Cinderace|Pyro Ball|p2a: Ting-Lu
|-damage|p2a: Ting-Lu|16/100
|move|p2a: Ting-Lu|Rest|p2a: Ting-Lu
|-status|p2a: Ting-Lu|slp|[from] move: Rest
|-heal|p2a: Ting-Lu|100/100 slp|[silent]
|
|-fieldend|move: Grassy Terrain
|upkeep
|turn|16
|
|t:|1780892281
|move|p1a: Cinderace|U-turn|p2a: Ting-Lu
|-start|p1a: Cinderace|typechange|Bug|[from] ability: Libero
|-supereffective|p2a: Ting-Lu
|-damage|p2a: Ting-Lu|60/100 slp
|
|t:|1780892286
|switch|p1a: Alomomola|Alomomola, F, tera:Flying|100/100|[from] U-turn
|cant|p2a: Ting-Lu|slp
|
|-heal|p2a: Ting-Lu|67/100 slp|[from] item: Leftovers
|upkeep
|turn|17
|
|t:|1780892294
|move|p1a: Alomomola|Flip Turn|p2a: Ting-Lu
|-supereffective|p2a: Ting-Lu
|-damage|p2a: Ting-Lu|50/100 slp
|
|t:|1780892298
|switch|p1a: Cinderace|Cinderace, F|100/100|[from] Flip Turn
|cant|p2a: Ting-Lu|slp
|
|-heal|p2a: Ting-Lu|56/100 slp|[from] item: Leftovers
|upkeep
|turn|18
|inactive|adil has 120 seconds left.
|
|t:|1780892331
|move|p1a: Cinderace|U-turn|p2a: Ting-Lu
|-start|p1a: Cinderace|typechange|Bug|[from] ability: Libero
|-supereffective|p2a: Ting-Lu
|-damage|p2a: Ting-Lu|16/100 slp
|
|t:|1780892336
|switch|p1a: Alomomola|Alomomola, F, tera:Flying|100/100|[from] U-turn
|-curestatus|p2a: Ting-Lu|slp|[msg]
|move|p2a: Ting-Lu|Rest|p2a: Ting-Lu
|-status|p2a: Ting-Lu|slp|[from] move: Rest
|-heal|p2a: Ting-Lu|100/100 slp|[silent]
|
|upkeep
|turn|19
|inactive|adil has 120 seconds left.
|inactive|adil has 90 seconds left.
|
|t:|1780892384
|move|p1a: Alomomola|Flip Turn|p2a: Ting-Lu
|-supereffective|p2a: Ting-Lu
|-damage|p2a: Ting-Lu|84/100 slp
|
|t:|1780892391
|switch|p1a: Kingambit|Kingambit, F|100/100|[from] Flip Turn
|-activate|p1a: Kingambit|ability: Supreme Overlord
|-start|p1a: Kingambit|fallen1|[silent]
|cant|p2a: Ting-Lu|slp
|
|-heal|p2a: Ting-Lu|90/100 slp|[from] item: Leftovers
|upkeep
|turn|20
|
|t:|1780892399
|move|p1a: Kingambit|Swords Dance|p1a: Kingambit
|-boost|p1a: Kingambit|atk|2
|cant|p2a: Ting-Lu|slp
|
|-heal|p2a: Ting-Lu|96/100 slp|[from] item: Leftovers
|upkeep
|turn|21
|
|t:|1780892405
|-terastallize|p2a: Ting-Lu|Water
|move|p1a: Kingambit|Iron Head|p2a: Ting-Lu
|-resisted|p2a: Ting-Lu
|-damage|p2a: Ting-Lu|69/100 slp
|-curestatus|p2a: Ting-Lu|slp|[msg]
|cant|p2a: Ting-Lu|flinch
|
|-heal|p2a: Ting-Lu|75/100|[from] item: Leftovers
|upkeep
|turn|22
|
|t:|1780892425
|move|p1a: Kingambit|Kowtow Cleave|p2a: Ting-Lu
|-damage|p2a: Ting-Lu|19/100
|move|p2a: Ting-Lu|Earthquake|p1a: Kingambit
|-supereffective|p1a: Kingambit
|-damage|p1a: Kingambit|45/100
|
|-heal|p1a: Kingambit|51/100|[from] item: Leftovers
|-heal|p2a: Ting-Lu|25/100|[from] item: Leftovers
|upkeep
|turn|23
|inactive|adil has 120 seconds left.
|
|t:|1780892433
|switch|p2a: Great Tusk|Great Tusk|26/100
|move|p1a: Kingambit|Kowtow Cleave|p2a: Great Tusk
|-resisted|p2a: Great Tusk
|-damage|p2a: Great Tusk|0 fnt
|faint|p2a: Great Tusk
|-end|p2a: Great Tusk|Protosynthesis|[silent]
|
|-heal|p1a: Kingambit|57/100|[from] item: Leftovers
|upkeep
|inactive|adil has 120 seconds left.
|
|t:|1780892446
|switch|p2a: Kyurem|Kyurem|69/100
|-ability|p2a: Kyurem|Pressure
|turn|24
|
|t:|1780892454
|move|p2a: Kyurem|Earth Power|p1a: Kingambit
|-supereffective|p1a: Kingambit
|-damage|p1a: Kingambit|0 fnt
|faint|p1a: Kingambit
|-end|p1a: Kingambit|fallen1|[silent]
|
|-heal|p2a: Kyurem|75/100|[from] item: Leftovers
|upkeep
|
|t:|1780892461
|switch|p1a: Cinderace|Cinderace, F|100/100
|turn|25
|
|t:|1780892466
|move|p2a: Kyurem|Protect|p2a: Kyurem
|-singleturn|p2a: Kyurem|Protect
|move|p1a: Cinderace|Pyro Ball|p2a: Kyurem
|-activate|p2a: Kyurem|move: Protect
|
|-heal|p2a: Kyurem|81/100|[from] item: Leftovers
|upkeep
|turn|26
|
|t:|1780892473
|switch|p2a: Ting-Lu|Ting-Lu, tera:Water|25/100
|-ability|p2a: Ting-Lu|Vessel of Ruin
|move|p1a: Cinderace|Pyro Ball|p2a: Ting-Lu
|-resisted|p2a: Ting-Lu
|-damage|p2a: Ting-Lu|9/100
|
|-heal|p2a: Ting-Lu|15/100|[from] item: Leftovers
|upkeep
|turn|27
|
|t:|1780892485
|switch|p2a: Tornadus|Tornadus-Therian, M|100/100
|move|p1a: Cinderace|U-turn|p2a: Tornadus
|-start|p1a: Cinderace|typechange|Bug|[from] ability: Libero
|-resisted|p2a: Tornadus
|-damage|p2a: Tornadus|80/100
|
|t:|1780892491
|switch|p1a: Slowking|Slowking-Galar, F|100/100|[from] U-turn
|
|upkeep
|turn|28
|
|t:|1780892495
|move|p2a: Tornadus|Knock Off|p1a: Slowking
|-supereffective|p1a: Slowking
|-damage|p1a: Slowking|61/100
|-enditem|p1a: Slowking|Heavy-Duty Boots|[from] move: Knock Off|[of] p2a: Tornadus
|move|p1a: Slowking|Thunder Wave|p2a: Tornadus
|-status|p2a: Tornadus|par
|
|upkeep
|turn|29
|
|t:|1780892502
|cant|p2a: Tornadus|par
|move|p1a: Slowking|Future Sight|p2a: Tornadus
|-start|p1a: Slowking|move: Future Sight
|
|upkeep
|turn|30
|
|t:|1780892506
|move|p2a: Tornadus|U-turn|p1a: Slowking
|-damage|p1a: Slowking|47/100
|
|t:|1780892509
|switch|p2a: Ting-Lu|Ting-Lu, tera:Water|15/100|[from] U-turn
|-ability|p2a: Ting-Lu|Vessel of Ruin
|-prepare|p1a: Slowking|Chilly Reception|[premajor]
|move|p1a: Slowking|Chilly Reception|p1a: Slowking
|-weather|Snowscape
|
|t:|1780892520
|switch|p1a: Cinderace|Cinderace, F|100/100|[from] Chilly Reception
|
|-weather|Snowscape|[upkeep]
|-heal|p2a: Ting-Lu|21/100|[from] item: Leftovers
|upkeep
|turn|31
|
|t:|1780892531
|move|p1a: Cinderace|U-turn|p2a: Ting-Lu
|-start|p1a: Cinderace|typechange|Bug|[from] ability: Libero
|-damage|p2a: Ting-Lu|4/100
|
|t:|1780892535
|switch|p1a: Raging Bolt|Raging Bolt|100/100|[from] U-turn
|move|p2a: Ting-Lu|Rest|p2a: Ting-Lu
|-status|p2a: Ting-Lu|slp|[from] move: Rest
|-heal|p2a: Ting-Lu|100/100 slp|[silent]
|
|-weather|Snowscape|[upkeep]
|-end|p2a: Ting-Lu|move: Future Sight
|-damage|p2a: Ting-Lu|82/100 slp
|-heal|p2a: Ting-Lu|89/100 slp|[from] item: Leftovers
|upkeep
|turn|32
|
|t:|1780892550
|switch|p2a: Slowking|Slowking-Galar, F|100/100
|move|p1a: Raging Bolt|Calm Mind|p1a: Raging Bolt
|-boost|p1a: Raging Bolt|spa|1
|-boost|p1a: Raging Bolt|spd|1
|
|-weather|Snowscape|[upkeep]
|upkeep
|turn|33
|
|t:|1780892564
|move|p1a: Raging Bolt|Calm Mind|p1a: Raging Bolt
|-boost|p1a: Raging Bolt|spa|1
|-boost|p1a: Raging Bolt|spd|1
|move|p2a: Slowking|Sludge Bomb|p1a: Raging Bolt
|-damage|p1a: Raging Bolt|87/100
|
|-weather|Snowscape|[upkeep]
|-heal|p1a: Raging Bolt|93/100|[from] item: Leftovers
|upkeep
|turn|34
|
|t:|1780892573
|move|p1a: Raging Bolt|Thunderbolt|p2a: Slowking
|-damage|p2a: Slowking|43/100
|move|p2a: Slowking|Sludge Bomb|p1a: Raging Bolt
|-damage|p1a: Raging Bolt|79/100
|-status|p1a: Raging Bolt|psn
|
|-weather|none
|-heal|p1a: Raging Bolt|85/100 psn|[from] item: Leftovers
|-damage|p1a: Raging Bolt|73/100 psn|[from] psn
|upkeep
|turn|35
|
|t:|1780892586
|switch|p2a: Tornadus|Tornadus-Therian, M|100/100 par
|move|p1a: Raging Bolt|Thunderbolt|p2a: Tornadus
|-supereffective|p2a: Tornadus
|-damage|p2a: Tornadus|0 fnt
|faint|p2a: Tornadus
|
|-heal|p1a: Raging Bolt|79/100 psn|[from] item: Leftovers
|-damage|p1a: Raging Bolt|66/100 psn|[from] psn
|upkeep
|
|t:|1780892591
|switch|p2a: Slowking|Slowking-Galar, F|76/100
|turn|36
|
|t:|1780892598
|move|p1a: Raging Bolt|Thunderbolt|p2a: Slowking
|-damage|p2a: Slowking|9/100
|-prepare|p2a: Slowking|Chilly Reception|[premajor]
|move|p2a: Slowking|Chilly Reception|p2a: Slowking
|-weather|Snowscape
|
|t:|1780892601
|switch|p2a: Kyurem|Kyurem|81/100|[from] Chilly Reception
|-ability|p2a: Kyurem|Pressure
|
|-weather|Snowscape|[upkeep]
|-heal|p2a: Kyurem|88/100|[from] item: Leftovers
|-heal|p1a: Raging Bolt|73/100 psn|[from] item: Leftovers
|-damage|p1a: Raging Bolt|60/100 psn|[from] psn
|upkeep
|turn|37
|
|t:|1780892610
|move|p2a: Kyurem|Protect|p2a: Kyurem
|-singleturn|p2a: Kyurem|Protect
|move|p1a: Raging Bolt|Thunderbolt|p2a: Kyurem
|-activate|p2a: Kyurem|move: Protect
|
|-weather|Snowscape|[upkeep]
|-heal|p2a: Kyurem|94/100|[from] item: Leftovers
|-heal|p1a: Raging Bolt|66/100 psn|[from] item: Leftovers
|-damage|p1a: Raging Bolt|54/100 psn|[from] psn
|upkeep
|turn|38
|
|t:|1780892620
|move|p2a: Kyurem|Substitute|p2a: Kyurem
|-start|p2a: Kyurem|Substitute
|-damage|p2a: Kyurem|69/100
|move|p1a: Raging Bolt|Thunderbolt|p2a: Kyurem
|-resisted|p2a: Kyurem
|-end|p2a: Kyurem|Substitute
|
|-weather|Snowscape|[upkeep]
|-heal|p2a: Kyurem|75/100|[from] item: Leftovers
|-heal|p1a: Raging Bolt|60/100 psn|[from] item: Leftovers
|-damage|p1a: Raging Bolt|48/100 psn|[from] psn
|upkeep
|turn|39
|
|t:|1780892629
|move|p2a: Kyurem|Protect|p2a: Kyurem
|-singleturn|p2a: Kyurem|Protect
|move|p1a: Raging Bolt|Thunderbolt|p2a: Kyurem
|-activate|p2a: Kyurem|move: Protect
|
|-weather|Snowscape|[upkeep]
|-heal|p2a: Kyurem|81/100|[from] item: Leftovers
|-heal|p1a: Raging Bolt|54/100 psn|[from] item: Leftovers
|-damage|p1a: Raging Bolt|42/100 psn|[from] psn
|upkeep
|turn|40
|
|t:|1780892637
|move|p2a: Kyurem|Substitute|p2a: Kyurem
|-start|p2a: Kyurem|Substitute
|-damage|p2a: Kyurem|56/100
|move|p1a: Raging Bolt|Thunderbolt|p2a: Kyurem
|-resisted|p2a: Kyurem
|-end|p2a: Kyurem|Substitute
|
|-weather|none
|-heal|p2a: Kyurem|62/100|[from] item: Leftovers
|-heal|p1a: Raging Bolt|48/100 psn|[from] item: Leftovers
|-damage|p1a: Raging Bolt|36/100 psn|[from] psn
|upkeep
|turn|41
|
|t:|1780892646
|-end|p1a: Raging Bolt|Protosynthesis|[silent]
|switch|p1a: Slowking|Slowking-Galar, F|80/100
|move|p2a: Kyurem|Protect||[still]
|-fail|p2a: Kyurem
|
|-heal|p2a: Kyurem|69/100|[from] item: Leftovers
|upkeep
|turn|42
|
|t:|1780892652
|switch|p2a: Slowking|Slowking-Galar, F|42/100
|move|p1a: Slowking|Sludge Bomb|p2a: Slowking
|-resisted|p2a: Slowking
|-damage|p2a: Slowking|31/100
|
|upkeep
|turn|43
|
|t:|1780892658
|switch|p2a: Ting-Lu|Ting-Lu, tera:Water|89/100 slp
|-ability|p2a: Ting-Lu|Vessel of Ruin
|move|p1a: Slowking|Thunder Wave||[still]
|-fail|p1a: Slowking
|
|-heal|p2a: Ting-Lu|95/100 slp|[from] item: Leftovers
|upkeep
|turn|44
|-message|lunachili forfeited.
|
|win|adil
|raw|lunachili's rating: 1646 &rarr; <strong>1628</strong><br />(-18 for losing)
|raw|adil's rating: 1689 &rarr; <strong>1707</strong><br />(+18 for winning)
|l|☆lunachili
|player|p1|
|l|☆adil
|player|p2|
|l| crust king kahn
