|badge|p2|bronze|gen9ou|100-9
|badge|p2|bronze|gen9randombattle|100-9
|badge|p2|bronze|gen9ubers|100-9
|uhtml|medal-msg|<div class="broadcast-blue">Curious what those medals under the avatar are? PS now has Ladder Seasons! For more information, check out the <a href="https://www.smogon.com/forums/threads/3740067/">thread on Smogon.</a></div>
|j|☆bongzongweedluvr
|j|☆oddishlover4
|t:|1781297480
|gametype|singles
|player|p1|bongzongweedluvr|101|1668
|player|p2|oddishlover4|acetrainerf|1704
|gen|9
|tier|[Gen 9] OU
|rated|
|rule|HP Percentage Mod: HP is shown in percentages
|rule|Endless Battle Clause: Forcing endless battles is banned
|rule|Species Clause: Limit one of each Pokémon
|rule|OHKO Clause: OHKO moves are banned
|rule|Evasion Items Clause: Evasion items are banned
|rule|Evasion Moves Clause: Evasion moves are banned
|rule|Evasion Abilities Clause: Evasion abilities are banned
|rule|Sleep Moves Clause: Sleep-inducing moves are banned
|clearpoke
|poke|p1|Greninja-*, M|
|poke|p1|Glimmora, M|
|poke|p1|Garchomp, F|
|poke|p1|Iron Valiant|
|poke|p1|Ceruledge, F|
|poke|p1|Kingambit, F|
|poke|p2|Kyurem|
|poke|p2|Hatterene, F|
|poke|p2|Darkrai|
|poke|p2|Great Tusk|
|poke|p2|Dragonite, F|
|poke|p2|Gholdengo|
|teampreview
|inactive|Battle timer is ON: inactive players will automatically lose when time's up. (requested by bongzongweedluvr)
|
|t:|1781297501
|teamsize|p1|6
|teamsize|p2|6
|start
|switch|p1a: Glimmora|Glimmora, M|100/100
|switch|p2a: Boompala|Kyurem|100/100
|-ability|p2a: Boompala|Pressure
|turn|1
|c|☆oddishlover4|gl/hf!
|inactive|oddishlover4 also wants the timer to be on.
|
|t:|1781297519
|switch|p1a: Ceruledge|Ceruledge, F|100/100
|-item|p1a: Ceruledge|Air Balloon
|move|p2a: Boompala|Earth Power|p1a: Ceruledge
|-immune|p1a: Ceruledge
|
|upkeep
|turn|2
|
|t:|1781297537
|move|p1a: Ceruledge|Bitter Blade|p2a: Boompala
|-damage|p2a: Boompala|68/100
|move|p2a: Boompala|Ice Beam|p1a: Ceruledge
|-resisted|p1a: Ceruledge
|-damage|p1a: Ceruledge|73/100
|-enditem|p1a: Ceruledge|Air Balloon
|
|upkeep
|turn|3
|inactive|bongzongweedluvr has 120 seconds left.
|
|t:|1781297569
|switch|p1a: Kingambit|Kingambit, F|100/100
|switch|p2a: Fearless|Great Tusk|100/100
|
|upkeep
|turn|4
|inactive|bongzongweedluvr has 120 seconds left.
|inactive|oddishlover4 has 120 seconds left.
|
|t:|1781297587
|-end|p1a: Kingambit|fallenundefined|[silent]
|switch|p1a: Garchomp|Garchomp, F|100/100
|move|p2a: Fearless|Headlong Rush|p1a: Garchomp
|-damage|p1a: Garchomp|50/100
|-unboost|p2a: Fearless|def|1
|-unboost|p2a: Fearless|spd|1
|-damage|p2a: Fearless|88/100|[from] ability: Rough Skin|[of] p1a: Garchomp
|
|-heal|p2a: Fearless|94/100|[from] item: Leftovers
|upkeep
|turn|5
|inactive|bongzongweedluvr has 120 seconds left.
|inactive|oddishlover4 has 120 seconds left.
|
|t:|1781297605
|move|p1a: Garchomp|Earthquake|p2a: Fearless
|-damage|p2a: Fearless|52/100
|move|p2a: Fearless|Stealth Rock|p1a: Garchomp
|-sidestart|p1: bongzongweedluvr|move: Stealth Rock
|
|-heal|p2a: Fearless|58/100|[from] item: Leftovers
|upkeep
|turn|6
|inactive|oddishlover4 has 120 seconds left.
|
|t:|1781297623
|move|p1a: Garchomp|Scale Shot|p2a: Fearless|[miss]
|-miss|p1a: Garchomp|p2a: Fearless
|move|p2a: Fearless|Ice Spinner|p1a: Garchomp
|-supereffective|p1a: Garchomp
|-damage|p1a: Garchomp|0 fnt
|-damage|p2a: Fearless|45/100|[from] ability: Rough Skin|[of] p1a: Garchomp
|faint|p1a: Garchomp
|
|-heal|p2a: Fearless|51/100|[from] item: Leftovers
|upkeep
|
|t:|1781297631
|switch|p1a: Greninja|Greninja, M|100/100
|-damage|p1a: Greninja|88/100|[from] Stealth Rock
|turn|7
|inactive|oddishlover4 has 120 seconds left.
|
|t:|1781297649
|-end|p2a: Fearless|Protosynthesis|[silent]
|switch|p2a: Boompala|Kyurem|68/100
|-ability|p2a: Boompala|Pressure
|move|p1a: Greninja|Surf|p2a: Boompala
|-resisted|p2a: Boompala
|-damage|p2a: Boompala|52/100
|
|upkeep
|turn|8
|
|t:|1781297668
|move|p1a: Greninja|Dark Pulse|p2a: Boompala
|-damage|p2a: Boompala|31/100
|move|p2a: Boompala|Freeze-Dry|p1a: Greninja
|-supereffective|p1a: Greninja
|-damage|p1a: Greninja|0 fnt
|faint|p1a: Greninja
|
|upkeep
|
|t:|1781297676
|switch|p1a: Glimmora|Glimmora, M|100/100
|-damage|p1a: Glimmora|88/100|[from] Stealth Rock
|turn|9
|
|t:|1781297694
|move|p1a: Glimmora|Meteor Beam||[still]
|-prepare|p1a: Glimmora|Meteor Beam
|-boost|p1a: Glimmora|spa|1
|-enditem|p1a: Glimmora|Power Herb
|-anim|p1a: Glimmora|Meteor Beam|p2a: Boompala|[miss]
|-miss|p1a: Glimmora|p2a: Boompala
|move|p2a: Boompala|Earth Power|p1a: Glimmora
|-supereffective|p1a: Glimmora
|-damage|p1a: Glimmora|0 fnt
|faint|p1a: Glimmora
|
|upkeep
|c|☆bongzongweedluvr|man
|c|☆oddishlover4|well then
|c|☆oddishlover4|matrix kyurem
|
|t:|1781297716
|switch|p1a: Iron Valiant|Iron Valiant|100/100
|-damage|p1a: Iron Valiant|94/100|[from] Stealth Rock
|-enditem|p1a: Iron Valiant|Booster Energy
|-activate|p1a: Iron Valiant|ability: Quark Drive|[fromitem]
|-start|p1a: Iron Valiant|quarkdrivespe
|turn|10
|c|☆bongzongweedluvr|fr brhu
|inactive|bongzongweedluvr has 120 seconds left.
|
|t:|1781297737
|-terastallize|p2a: Boompala|Poison
|move|p1a: Iron Valiant|Moonblast|p2a: Boompala
|-resisted|p2a: Boompala
|-damage|p2a: Boompala|17/100
|-unboost|p2a: Boompala|spa|1
|move|p2a: Boompala|Ice Beam|p1a: Iron Valiant
|-damage|p1a: Iron Valiant|34/100
|
|upkeep
|turn|11
|
|t:|1781297756
|switch|p2a: Fearless|Great Tusk|51/100
|move|p1a: Iron Valiant|Shadow Ball|p2a: Fearless
|-damage|p2a: Fearless|14/100
|
|-heal|p2a: Fearless|21/100|[from] item: Leftovers
|upkeep
|turn|12
|
|t:|1781297774
|-end|p2a: Fearless|Protosynthesis|[silent]
|switch|p2a: Boompala|Kyurem, tera:Poison|17/100
|-ability|p2a: Boompala|Pressure
|move|p1a: Iron Valiant|Shadow Ball|p2a: Boompala
|-damage|p2a: Boompala|0 fnt
|faint|p2a: Boompala
|
|upkeep
|inactive|oddishlover4 has 90 seconds left.
|
|t:|1781297792
|switch|p2a: Bluebeard's Wife|Dragonite, F|100/100
|turn|13
|inactive|oddishlover4 has 90 seconds left.
|
|t:|1781297816
|move|p1a: Iron Valiant|Moonblast|p2a: Bluebeard's Wife
|-supereffective|p2a: Bluebeard's Wife
|-damage|p2a: Bluebeard's Wife|62/100
|move|p2a: Bluebeard's Wife|Roost|p2a: Bluebeard's Wife
|-heal|p2a: Bluebeard's Wife|100/100
|-singleturn|p2a: Bluebeard's Wife|move: Roost
|
|upkeep
|turn|14
|
|t:|1781297832
|-terastallize|p1a: Iron Valiant|Ghost
|move|p2a: Bluebeard's Wife|Extreme Speed|p1a: Iron Valiant
|-immune|p1a: Iron Valiant
|move|p1a: Iron Valiant|Encore|p2a: Bluebeard's Wife
|-start|p2a: Bluebeard's Wife|Encore
|
|upkeep
|turn|15
|
|t:|1781297845
|switch|p2a: Perfect Night|Darkrai|100/100
|move|p1a: Iron Valiant|Calm Mind|p1a: Iron Valiant
|-boost|p1a: Iron Valiant|spa|1
|-boost|p1a: Iron Valiant|spd|1
|
|upkeep
|turn|16
|c|☆bongzongweedluvr|ah balls it is scarf rai
|
|t:|1781297852
|move|p2a: Perfect Night|Dark Pulse|p1a: Iron Valiant
|-supereffective|p1a: Iron Valiant
|-damage|p1a: Iron Valiant|0 fnt
|faint|p1a: Iron Valiant
|-end|p1a: Iron Valiant|Quark Drive|[silent]
|
|upkeep
|
|t:|1781297854
|switch|p1a: Kingambit|Kingambit, F|100/100
|-damage|p1a: Kingambit|94/100|[from] Stealth Rock
|-activate|p1a: Kingambit|ability: Supreme Overlord
|-start|p1a: Kingambit|fallen4|[silent]
|turn|17
|inactive|oddishlover4 has 90 seconds left.
|j| mak7xr
|l| mak7xr
|
|t:|1781297893
|switch|p2a: Fearless|Great Tusk|21/100
|move|p1a: Kingambit|Iron Head|p2a: Fearless
|-crit|p2a: Fearless
|-damage|p2a: Fearless|0 fnt
|faint|p2a: Fearless
|-end|p2a: Fearless|Protosynthesis|[silent]
|
|upkeep
|j| cdscdscdsds
|inactive|oddishlover4 has 60 seconds left.
|
|t:|1781297923
|switch|p2a: Bluebeard's Wife|Dragonite, F|100/100
|turn|18
|
|t:|1781297931
|move|p2a: Bluebeard's Wife|Fire Punch|p1a: Kingambit
|-supereffective|p1a: Kingambit
|-damage|p1a: Kingambit|48/100
|move|p1a: Kingambit|Kowtow Cleave|p2a: Bluebeard's Wife
|-damage|p2a: Bluebeard's Wife|65/100
|
|upkeep
|turn|19
|
|t:|1781297940
|move|p2a: Bluebeard's Wife|Roost|p2a: Bluebeard's Wife
|-heal|p2a: Bluebeard's Wife|100/100
|-singleturn|p2a: Bluebeard's Wife|move: Roost
|move|p1a: Kingambit|Kowtow Cleave|p2a: Bluebeard's Wife
|-damage|p2a: Bluebeard's Wife|59/100
|
|upkeep
|turn|20
|l| cdscdscdsds
|
|t:|1781297950
|move|p2a: Bluebeard's Wife|Roost|p2a: Bluebeard's Wife
|-heal|p2a: Bluebeard's Wife|100/100
|-singleturn|p2a: Bluebeard's Wife|move: Roost
|move|p1a: Kingambit|Kowtow Cleave|p2a: Bluebeard's Wife
|-damage|p2a: Bluebeard's Wife|59/100
|
|upkeep
|turn|21
|
|t:|1781297955
|move|p2a: Bluebeard's Wife|Roost|p2a: Bluebeard's Wife
|-heal|p2a: Bluebeard's Wife|100/100
|-singleturn|p2a: Bluebeard's Wife|move: Roost
|move|p1a: Kingambit|Kowtow Cleave|p2a: Bluebeard's Wife
|-damage|p2a: Bluebeard's Wife|58/100
|
|upkeep
|turn|22
|
|t:|1781297958
|move|p2a: Bluebeard's Wife|Roost|p2a: Bluebeard's Wife
|-heal|p2a: Bluebeard's Wife|100/100
|-singleturn|p2a: Bluebeard's Wife|move: Roost
|move|p1a: Kingambit|Swords Dance|p1a: Kingambit
|-boost|p1a: Kingambit|atk|2
|
|upkeep
|turn|23
|
|t:|1781297960
|move|p2a: Bluebeard's Wife|Fire Punch|p1a: Kingambit
|-supereffective|p1a: Kingambit
|-damage|p1a: Kingambit|6/100
|move|p1a: Kingambit|Kowtow Cleave|p2a: Bluebeard's Wife
|-damage|p2a: Bluebeard's Wife|20/100
|
|upkeep
|turn|24
|
|t:|1781297967
|-end|p1a: Kingambit|fallen4|[silent]
|switch|p1a: Ceruledge|Ceruledge, F|73/100
|-damage|p1a: Ceruledge|48/100|[from] Stealth Rock
|move|p2a: Bluebeard's Wife|Extreme Speed|p1a: Ceruledge
|-immune|p1a: Ceruledge
|
|upkeep
|turn|25
|
|t:|1781297981
|switch|p2a: Antifragile|Hatterene, F|100/100
|move|p1a: Ceruledge|Bitter Blade|p2a: Antifragile
|-damage|p2a: Antifragile|63/100
|-heal|p1a: Ceruledge|68/100|[from] drain|[of] p2a: Antifragile
|-damage|p1a: Ceruledge|52/100|[from] item: Rocky Helmet|[of] p2a: Antifragile
|
|upkeep
|turn|26
|
|t:|1781297993
|move|p1a: Ceruledge|Poltergeist|p2a: Antifragile
|-activate|p2a: Antifragile|move: Poltergeist|Rocky Helmet
|-supereffective|p2a: Antifragile
|-damage|p2a: Antifragile|0 fnt
|faint|p2a: Antifragile
|
|upkeep
|
|t:|1781297995
|switch|p2a: Perfect Night|Darkrai|100/100
|turn|27
|
|t:|1781297998
|move|p1a: Ceruledge|Shadow Sneak|p2a: Perfect Night
|-resisted|p2a: Perfect Night
|-damage|p2a: Perfect Night|88/100
|move|p2a: Perfect Night|Dark Pulse|p1a: Ceruledge
|-supereffective|p1a: Ceruledge
|-crit|p1a: Ceruledge
|-damage|p1a: Ceruledge|0 fnt
|faint|p1a: Ceruledge
|
|upkeep
|
|t:|1781297999
|switch|p1a: Kingambit|Kingambit, F|6/100
|-damage|p1a: Kingambit|0 fnt|[from] Stealth Rock
|faint|p1a: Kingambit
|-end|p1a: Kingambit|fallenundefined|[silent]
|
|win|oddishlover4
|raw|bongzongweedluvr's rating: 1668 &rarr; <strong>1650</strong><br />(-18 for losing)
|raw|oddishlover4's rating: 1704 &rarr; <strong>1722</strong><br />(+18 for winning)
|c|☆oddishlover4|gg
|c|☆bongzongweedluvr|gg
|l|☆bongzongweedluvr
|player|p1|
