|j|☆volc1877
|j|☆erhai
|t:|1781490210
|gametype|singles
|player|p1|volc1877|169|1666
|player|p2|erhai|265|1687
|gen|9
|tier|[Gen 9] OU
|rated|
|rule|HP Percentage Mod: HP is shown in percentages
|rule|Endless Battle Clause: Forcing endless battles is banned
|rule|Species Clause: Limit one of each Pokémon
|rule|OHKO Clause: OHKO moves are banned
|rule|Evasion Items Clause: Evasion items are banned
|rule|Evasion Moves Clause: Evasion moves are banned
|rule|Evasion Abilities Clause: Evasion abilities are banned
|rule|Sleep Moves Clause: Sleep-inducing moves are banned
|clearpoke
|poke|p1|Moltres-Galar|
|poke|p1|Iron Jugulis|
|poke|p1|Mandibuzz, F|
|poke|p1|Toxapex, M|
|poke|p1|Iron Treads|
|poke|p1|Ceruledge, M|
|poke|p2|Iron Jugulis|
|poke|p2|Ogerpon, F|
|poke|p2|Scizor, F|
|poke|p2|Latios, M|
|poke|p2|Manaphy|
|poke|p2|Sandy Shocks|
|teampreview
|inactive|Battle timer is ON: inactive players will automatically lose when time's up. (requested by erhai)
|inactive|volc1877 has 120 seconds left.
|
|t:|1781490254
|teamsize|p1|6
|teamsize|p2|6
|start
|switch|p1a: Toxapex|Toxapex, M|100/100
|switch|p2a: Sandy Shocks|Sandy Shocks|100/100
|-enditem|p2a: Sandy Shocks|Booster Energy
|-activate|p2a: Sandy Shocks|ability: Protosynthesis|[fromitem]
|-start|p2a: Sandy Shocks|protosynthesisspe
|turn|1
|
|t:|1781490273
|move|p2a: Sandy Shocks|Stealth Rock|p1a: Toxapex
|-sidestart|p1: volc1877|move: Stealth Rock
|move|p1a: Toxapex|Toxic|p2a: Sandy Shocks
|-status|p2a: Sandy Shocks|tox
|
|-damage|p2a: Sandy Shocks|94/100 tox|[from] psn
|upkeep
|turn|2
|
|t:|1781490277
|move|p2a: Sandy Shocks|Spikes|p1a: Toxapex
|-sidestart|p1: volc1877|Spikes
|move|p1a: Toxapex|Recover||[still]
|-fail|p1a: Toxapex|heal
|
|-damage|p2a: Sandy Shocks|82/100 tox|[from] psn
|upkeep
|turn|3
|
|t:|1781490281
|move|p2a: Sandy Shocks|Earth Power|p1a: Toxapex
|-supereffective|p1a: Toxapex
|-damage|p1a: Toxapex|45/100
|-enditem|p1a: Toxapex|Eject Button
|
|t:|1781490290
|switch|p1a: Mandibuzz|Mandibuzz, F|100/100
|
|-damage|p2a: Sandy Shocks|63/100 tox|[from] psn
|upkeep
|turn|4
|
|t:|1781490295
|-end|p2a: Sandy Shocks|Protosynthesis|[silent]
|switch|p2a: Ogerpon|Ogerpon, F|100/100
|switch|p1a: Iron Treads|Iron Treads|100/100
|-damage|p1a: Iron Treads|97/100|[from] Stealth Rock
|-damage|p1a: Iron Treads|85/100|[from] Spikes
|
|upkeep
|turn|5
|
|t:|1781490308
|move|p2a: Ogerpon|Ivy Cudgel|p1a: Iron Treads
|-damage|p1a: Iron Treads|38/100
|move|p1a: Iron Treads|Rapid Spin|p2a: Ogerpon
|-damage|p2a: Ogerpon|79/100
|-boost|p1a: Iron Treads|spe|1
|-sideend|p1: volc1877|Spikes|[from] move: Rapid Spin|[of] p1a: Iron Treads
|-sideend|p1: volc1877|Stealth Rock|[from] move: Rapid Spin|[of] p1a: Iron Treads
|
|upkeep
|turn|6
|
|t:|1781490314
|-end|p1a: Iron Treads|Quark Drive|[silent]
|switch|p1a: Mandibuzz|Mandibuzz, F|100/100
|move|p2a: Ogerpon|Ivy Cudgel|p1a: Mandibuzz
|-resisted|p1a: Mandibuzz
|-crit|p1a: Mandibuzz
|-damage|p1a: Mandibuzz|79/100
|
|upkeep
|turn|7
|
|t:|1781490323
|switch|p2a: Sandy Shocks|Sandy Shocks|63/100 tox
|move|p1a: Mandibuzz|U-turn|p2a: Sandy Shocks
|-damage|p2a: Sandy Shocks|53/100 tox
|
|t:|1781490332
|switch|p1a: Iron Treads|Iron Treads|38/100|[from] U-turn
|
|-damage|p2a: Sandy Shocks|47/100 tox|[from] psn
|upkeep
|turn|8
|
|t:|1781490339
|move|p2a: Sandy Shocks|Earth Power|p1a: Iron Treads
|-supereffective|p1a: Iron Treads
|-damage|p1a: Iron Treads|0 fnt
|faint|p1a: Iron Treads
|-end|p1a: Iron Treads|Quark Drive|[silent]
|
|-damage|p2a: Sandy Shocks|34/100 tox|[from] psn
|upkeep
|
|t:|1781490343
|switch|p1a: Ceruledge|Ceruledge, M|100/100
|turn|9
|
|t:|1781490345
|move|p1a: Ceruledge|Shadow Sneak|p2a: Sandy Shocks
|-damage|p2a: Sandy Shocks|4/100 tox
|-damage|p1a: Ceruledge|91/100|[from] item: Life Orb
|move|p2a: Sandy Shocks|Earth Power|p1a: Ceruledge
|-supereffective|p1a: Ceruledge
|-damage|p1a: Ceruledge|0 fnt
|faint|p1a: Ceruledge
|
|-damage|p2a: Sandy Shocks|0 fnt|[from] psn
|faint|p2a: Sandy Shocks
|-end|p2a: Sandy Shocks|Protosynthesis|[silent]
|upkeep
|
|t:|1781490360
|switch|p2a: Iron Jugulis|Iron Jugulis|100/100
|switch|p1a: Moltres|Moltres-Galar|100/100
|-enditem|p2a: Iron Jugulis|Booster Energy
|-activate|p2a: Iron Jugulis|ability: Quark Drive|[fromitem]
|-start|p2a: Iron Jugulis|quarkdrivespe
|turn|10
|
|t:|1781490363
|move|p2a: Iron Jugulis|Taunt|p1a: Moltres
|-start|p1a: Moltres|move: Taunt
|cant|p1a: Moltres|move: Taunt|Agility
|
|upkeep
|turn|11
|
|t:|1781490371
|move|p2a: Iron Jugulis|Hurricane|p1a: Moltres
|-damage|p1a: Moltres|51/100
|move|p1a: Moltres|Hurricane|p2a: Iron Jugulis|[miss]
|-miss|p1a: Moltres|p2a: Iron Jugulis
|
|upkeep
|turn|12
|
|t:|1781490375
|move|p2a: Iron Jugulis|Hurricane|p1a: Moltres|[miss]
|-miss|p2a: Iron Jugulis|p1a: Moltres
|move|p1a: Moltres|Hurricane|p2a: Iron Jugulis
|-damage|p2a: Iron Jugulis|35/100
|
|-end|p1a: Moltres|move: Taunt
|upkeep
|turn|13
|
|t:|1781490379
|move|p2a: Iron Jugulis|Taunt|p1a: Moltres
|-start|p1a: Moltres|move: Taunt
|move|p1a: Moltres|Hurricane|p2a: Iron Jugulis
|-damage|p2a: Iron Jugulis|0 fnt
|faint|p2a: Iron Jugulis
|-end|p2a: Iron Jugulis|Quark Drive|[silent]
|
|upkeep
|
|t:|1781490390
|switch|p2a: Scizor|Scizor, F, shiny|100/100
|turn|14
|
|t:|1781490397
|switch|p1a: Mandibuzz|Mandibuzz, F|79/100
|move|p2a: Scizor|Swords Dance|p2a: Scizor
|-boost|p2a: Scizor|atk|2
|
|upkeep
|turn|15
|
|t:|1781490399
|move|p1a: Mandibuzz|Foul Play|p2a: Scizor
|-damage|p2a: Scizor|0 fnt
|faint|p2a: Scizor
|
|upkeep
|
|t:|1781490408
|switch|p2a: Latios|Latios, M, shiny|100/100
|turn|16
|
|t:|1781490417
|move|p2a: Latios|Agility|p2a: Latios
|-boost|p2a: Latios|spe|2
|move|p1a: Mandibuzz|Toxic|p2a: Latios|[miss]
|-miss|p1a: Mandibuzz|p2a: Latios
|
|upkeep
|turn|17
|
|t:|1781490426
|move|p2a: Latios|Calm Mind|p2a: Latios
|-boost|p2a: Latios|spa|1
|-boost|p2a: Latios|spd|1
|move|p1a: Mandibuzz|Toxic|p2a: Latios
|-status|p2a: Latios|tox
|
|-damage|p2a: Latios|94/100 tox|[from] psn
|upkeep
|turn|18
|j| samurajen
|
|t:|1781490434
|move|p2a: Latios|Calm Mind|p2a: Latios
|-boost|p2a: Latios|spa|1
|-boost|p2a: Latios|spd|1
|move|p1a: Mandibuzz|Foul Play|p2a: Latios
|-supereffective|p2a: Latios
|-damage|p2a: Latios|49/100 tox
|-enditem|p2a: Latios|Weakness Policy
|-boost|p2a: Latios|atk|2|[from] item: Weakness Policy
|-boost|p2a: Latios|spa|2|[from] item: Weakness Policy
|
|-damage|p2a: Latios|37/100 tox|[from] psn
|upkeep
|turn|19
|
|t:|1781490441
|switch|p1a: Toxapex|Toxapex, M|78/100
|move|p2a: Latios|Aura Sphere|p1a: Toxapex
|-resisted|p1a: Toxapex
|-damage|p1a: Toxapex|56/100
|
|-damage|p2a: Latios|19/100 tox|[from] psn
|upkeep
|turn|20
|
|t:|1781490448
|move|p2a: Latios|Aura Sphere|p1a: Toxapex
|-resisted|p1a: Toxapex
|-damage|p1a: Toxapex|30/100
|move|p1a: Toxapex|Toxic Spikes|p2a: Latios
|-sidestart|p2: erhai|move: Toxic Spikes
|
|-damage|p2a: Latios|0 fnt|[from] psn
|faint|p2a: Latios
|upkeep
|
|t:|1781490461
|switch|p2a: Ogerpon|Ogerpon, F|79/100
|-status|p2a: Ogerpon|psn
|turn|21
|
|t:|1781490465
|switch|p1a: Mandibuzz|Mandibuzz, F|79/100
|move|p2a: Ogerpon|Swords Dance|p2a: Ogerpon
|-boost|p2a: Ogerpon|atk|2
|
|-damage|p2a: Ogerpon|67/100 psn|[from] psn
|upkeep
|turn|22
|
|t:|1781490473
|move|p2a: Ogerpon|Rock Tomb|p1a: Mandibuzz
|-supereffective|p1a: Mandibuzz
|-damage|p1a: Mandibuzz|30/100
|-unboost|p1a: Mandibuzz|spe|1
|move|p1a: Mandibuzz|Roost|p1a: Mandibuzz
|-heal|p1a: Mandibuzz|80/100
|-singleturn|p1a: Mandibuzz|move: Roost
|
|-damage|p2a: Ogerpon|54/100 psn|[from] psn
|upkeep
|turn|23
|
|t:|1781490480
|move|p2a: Ogerpon|Encore|p1a: Mandibuzz
|-start|p1a: Mandibuzz|Encore
|move|p1a: Mandibuzz|Roost|p1a: Mandibuzz
|-heal|p1a: Mandibuzz|100/100
|-singleturn|p1a: Mandibuzz|move: Roost
|
|-damage|p2a: Ogerpon|42/100 psn|[from] psn
|upkeep
|turn|24
|
|t:|1781490483
|move|p2a: Ogerpon|Swords Dance|p2a: Ogerpon
|-boost|p2a: Ogerpon|atk|2
|move|p1a: Mandibuzz|Roost||[still]
|-fail|p1a: Mandibuzz|heal
|
|-damage|p2a: Ogerpon|30/100 psn|[from] psn
|upkeep
|turn|25
|
|t:|1781490485
|move|p2a: Ogerpon|Swords Dance|p2a: Ogerpon
|-boost|p2a: Ogerpon|atk|2
|move|p1a: Mandibuzz|Roost||[still]
|-fail|p1a: Mandibuzz|heal
|
|-damage|p2a: Ogerpon|17/100 psn|[from] psn
|-end|p1a: Mandibuzz|Encore
|upkeep
|turn|26
|
|t:|1781490491
|move|p2a: Ogerpon|Rock Tomb|p1a: Mandibuzz
|-supereffective|p1a: Mandibuzz
|-damage|p1a: Mandibuzz|12/100
|-unboost|p1a: Mandibuzz|spe|1
|move|p1a: Mandibuzz|Roost|p1a: Mandibuzz
|-heal|p1a: Mandibuzz|62/100
|-singleturn|p1a: Mandibuzz|move: Roost
|
|-damage|p2a: Ogerpon|5/100 psn|[from] psn
|upkeep
|turn|27
|
|t:|1781490502
|switch|p1a: Moltres|Moltres-Galar|51/100
|move|p2a: Ogerpon|Ivy Cudgel|p1a: Moltres
|-resisted|p1a: Moltres
|-damage|p1a: Moltres|0 fnt
|faint|p1a: Moltres
|
|-damage|p2a: Ogerpon|0 fnt|[from] psn
|faint|p2a: Ogerpon
|upkeep
|j| nepturee
|inactive|erhai has 120 seconds left.
|inactive|erhai has 90 seconds left.
|
|t:|1781490575
|switch|p2a: Manaphy|Manaphy, shiny|100/100
|switch|p1a: Iron Jugulis|Iron Jugulis|100/100
|-status|p2a: Manaphy|psn
|-enditem|p1a: Iron Jugulis|Booster Energy
|-activate|p1a: Iron Jugulis|ability: Quark Drive|[fromitem]
|-start|p1a: Iron Jugulis|quarkdrivespe
|turn|28
|
|t:|1781490577
|move|p1a: Iron Jugulis|Taunt|p2a: Manaphy
|-start|p2a: Manaphy|move: Taunt
|cant|p2a: Manaphy|move: Taunt|Tail Glow
|
|-damage|p2a: Manaphy|88/100 psn|[from] psn
|upkeep
|turn|29
|
|t:|1781490579
|move|p1a: Iron Jugulis|Hurricane|p2a: Manaphy
|-damage|p2a: Manaphy|37/100 psn
|move|p2a: Manaphy|Ice Beam|p1a: Iron Jugulis
|-supereffective|p1a: Iron Jugulis
|-damage|p1a: Iron Jugulis|35/100
|-status|p1a: Iron Jugulis|frz
|
|-damage|p2a: Manaphy|25/100 psn|[from] psn
|upkeep
|turn|30
|
|t:|1781490595
|cant|p1a: Iron Jugulis|frz
|move|p2a: Manaphy|Ice Beam|p1a: Iron Jugulis
|-supereffective|p1a: Iron Jugulis
|-damage|p1a: Iron Jugulis|0 fnt
|faint|p1a: Iron Jugulis
|-end|p1a: Iron Jugulis|Quark Drive|[silent]
|
|-damage|p2a: Manaphy|13/100 psn|[from] psn
|-end|p2a: Manaphy|move: Taunt
|upkeep
|
|t:|1781490602
|switch|p1a: Mandibuzz|Mandibuzz, F|62/100
|turn|31
|
|t:|1781490604
|move|p2a: Manaphy|Ice Beam|p1a: Mandibuzz
|-supereffective|p1a: Mandibuzz
|-damage|p1a: Mandibuzz|18/100
|move|p1a: Mandibuzz|Foul Play|p2a: Manaphy
|-damage|p2a: Manaphy|0 fnt
|faint|p2a: Manaphy
|
|win|volc1877
|raw|volc1877's rating: 1666 &rarr; <strong>1687</strong><br />(+21 for winning)
|raw|erhai's rating: 1687 &rarr; <strong>1666</strong><br />(-21 for losing)
|l| nepturee
|l|☆erhai
|player|p2|
|l|☆volc1877
|player|p1|
