|j|☆guyfishing12
|j|☆GreninjaMyFav
|t:|1781454267
|gametype|singles
|player|p1|guyfishing12|169|1623
|player|p2|GreninjaMyFav|266|1721
|gen|9
|tier|[Gen 9] OU
|rated|
|rule|HP Percentage Mod: HP is shown in percentages
|rule|Endless Battle Clause: Forcing endless battles is banned
|rule|Species Clause: Limit one of each Pokémon
|rule|OHKO Clause: OHKO moves are banned
|rule|Evasion Items Clause: Evasion items are banned
|rule|Evasion Moves Clause: Evasion moves are banned
|rule|Evasion Abilities Clause: Evasion abilities are banned
|rule|Sleep Moves Clause: Sleep-inducing moves are banned
|clearpoke
|poke|p1|Tinkaton, F|
|poke|p1|Ogerpon, F|
|poke|p1|Great Tusk|
|poke|p1|Pecharunt|
|poke|p1|Alomomola, M|
|poke|p1|Hydreigon, M|
|poke|p2|Greninja-*, M|
|poke|p2|Raging Bolt|
|poke|p2|Kingambit, F|
|poke|p2|Great Tusk|
|poke|p2|Slowking-Galar, F|
|poke|p2|Corviknight, F|
|teampreview
|
|t:|1781454277
|teamsize|p1|6
|teamsize|p2|6
|start
|switch|p1a: Tinkaton|Tinkaton, F, shiny|100/100
|switch|p2a: Raging Bolt|Raging Bolt|100/100
|-item|p1a: Tinkaton|Air Balloon
|turn|1
|
|t:|1781454280
|move|p1a: Tinkaton|Stealth Rock|p2a: Raging Bolt
|-sidestart|p2: GreninjaMyFav|move: Stealth Rock
|move|p2a: Raging Bolt|Volt Switch|p1a: Tinkaton
|-damage|p1a: Tinkaton|32/100
|-enditem|p1a: Tinkaton|Air Balloon
|
|t:|1781454284
|-end|p2a: Raging Bolt|Protosynthesis|[silent]
|switch|p2a: Great Tusk|Great Tusk|100/100|[from] Volt Switch
|
|upkeep
|turn|2
|
|t:|1781454287
|switch|p1a: Pecharunt|Pecharunt|100/100
|move|p2a: Great Tusk|Stealth Rock|p1a: Pecharunt
|-sidestart|p1: guyfishing12|move: Stealth Rock
|
|upkeep
|turn|3
|
|t:|1781454292
|-end|p2a: Great Tusk|Protosynthesis|[silent]
|switch|p2a: Kingambit|Kingambit, F|100/100
|-damage|p2a: Kingambit|94/100|[from] Stealth Rock
|move|p1a: Pecharunt|Parting Shot|p2a: Kingambit
|-unboost|p2a: Kingambit|atk|1
|-unboost|p2a: Kingambit|spa|1
|
|t:|1781454296
|switch|p1a: Great Tusk|Great Tusk, shiny|100/100|[from] Parting Shot
|
|upkeep
|turn|4
|
|t:|1781454300
|-end|p2a: Kingambit|fallenundefined|[silent]
|switch|p2a: Corviknight|Corviknight, F|100/100
|-damage|p2a: Corviknight|88/100|[from] Stealth Rock
|-ability|p2a: Corviknight|Pressure
|move|p1a: Great Tusk|Rapid Spin|p2a: Corviknight
|-resisted|p2a: Corviknight
|-damage|p2a: Corviknight|83/100
|-boost|p1a: Great Tusk|spe|1
|-damage|p1a: Great Tusk|84/100|[from] item: Rocky Helmet|[of] p2a: Corviknight
|-sideend|p1: guyfishing12|Stealth Rock|[from] move: Rapid Spin|[of] p1a: Great Tusk
|
|upkeep
|turn|5
|
|t:|1781454305
|-end|p1a: Great Tusk|Protosynthesis|[silent]
|switch|p1a: Tinkaton|Tinkaton, F, shiny|32/100
|move|p2a: Corviknight|Defog|p1a: Tinkaton
|-unboost|p1a: Tinkaton|evasion|1
|-sideend|p2: GreninjaMyFav|Stealth Rock|[from] move: Defog|[of] p2a: Corviknight
|
|upkeep
|turn|6
|
|t:|1781454310
|switch|p2a: Great Tusk|Great Tusk|100/100
|move|p1a: Tinkaton|Stealth Rock|p2a: Great Tusk
|-sidestart|p2: GreninjaMyFav|move: Stealth Rock
|
|upkeep
|turn|7
|
|t:|1781454319
|switch|p1a: Pecharunt|Pecharunt|100/100
|move|p2a: Great Tusk|Headlong Rush|p1a: Pecharunt
|-supereffective|p1a: Pecharunt
|-damage|p1a: Pecharunt|39/100
|-unboost|p2a: Great Tusk|def|1
|-unboost|p2a: Great Tusk|spd|1
|-damage|p2a: Great Tusk|84/100|[from] item: Rocky Helmet|[of] p1a: Pecharunt
|
|upkeep
|turn|8
|
|t:|1781454323
|switch|p1a: Hydreigon|Hydreigon, M, shiny|100/100
|move|p2a: Great Tusk|Stealth Rock|p1a: Hydreigon
|-sidestart|p1: guyfishing12|move: Stealth Rock
|
|upkeep
|turn|9
|
|t:|1781454331
|-end|p2a: Great Tusk|Protosynthesis|[silent]
|switch|p2a: Slowking|Slowking-Galar, F|100/100
|move|p1a: Hydreigon|Dark Pulse|p2a: Slowking
|-supereffective|p2a: Slowking
|-damage|p2a: Slowking|25/100
|
|upkeep
|turn|10
|
|t:|1781454334
|switch|p2a: Greninja|Greninja, M|100/100
|-damage|p2a: Greninja|88/100|[from] Stealth Rock
|move|p1a: Hydreigon|Dark Pulse|p2a: Greninja
|-resisted|p2a: Greninja
|-damage|p2a: Greninja|39/100
|
|upkeep
|turn|11
|
|t:|1781454340
|switch|p1a: Alomomola|Alomomola, M, shiny|100/100
|-damage|p1a: Alomomola|88/100|[from] Stealth Rock
|move|p2a: Greninja|Ice Beam|p1a: Alomomola
|-start|p2a: Greninja|typechange|Ice|[from] ability: Protean
|-resisted|p1a: Alomomola
|-damage|p1a: Alomomola|72/100
|
|upkeep
|turn|12
|
|t:|1781454343
|switch|p2a: Corviknight|Corviknight, F|83/100
|-damage|p2a: Corviknight|71/100|[from] Stealth Rock
|-ability|p2a: Corviknight|Pressure
|move|p1a: Alomomola|Flip Turn|p2a: Corviknight
|-damage|p2a: Corviknight|62/100
|-damage|p1a: Alomomola|56/100|[from] item: Rocky Helmet|[of] p2a: Corviknight
|
|t:|1781454356
|switch|p1a: Pecharunt|Pecharunt|39/100|[from] Flip Turn
|-damage|p1a: Pecharunt|26/100|[from] Stealth Rock
|
|upkeep
|turn|13
|
|t:|1781454362
|switch|p2a: Kingambit|Kingambit, F|94/100
|-damage|p2a: Kingambit|88/100|[from] Stealth Rock
|move|p1a: Pecharunt|Recover|p1a: Pecharunt
|-heal|p1a: Pecharunt|76/100
|
|upkeep
|turn|14
|
|t:|1781454370
|move|p1a: Pecharunt|Parting Shot|p2a: Kingambit
|-unboost|p2a: Kingambit|atk|1
|-unboost|p2a: Kingambit|spa|1
|
|t:|1781454374
|switch|p1a: Tinkaton|Tinkaton, F, shiny|32/100|[from] Parting Shot
|-damage|p1a: Tinkaton|26/100|[from] Stealth Rock
|move|p2a: Kingambit|Kowtow Cleave|p1a: Tinkaton
|-resisted|p1a: Tinkaton
|-crit|p1a: Tinkaton
|-damage|p1a: Tinkaton|0 fnt
|faint|p1a: Tinkaton
|
|upkeep
|
|t:|1781454376
|switch|p1a: Great Tusk|Great Tusk, shiny|84/100
|turn|15
|
|t:|1781454381
|-end|p2a: Kingambit|fallenundefined|[silent]
|switch|p2a: Slowking|Slowking-Galar, F|59/100
|move|p1a: Great Tusk|Close Combat|p2a: Slowking
|-resisted|p2a: Slowking
|-damage|p2a: Slowking|41/100
|-unboost|p1a: Great Tusk|def|1
|-unboost|p1a: Great Tusk|spd|1
|
|upkeep
|turn|16
|
|t:|1781454388
|switch|p2a: Corviknight|Corviknight, F|62/100
|-damage|p2a: Corviknight|49/100|[from] Stealth Rock
|-ability|p2a: Corviknight|Pressure
|move|p1a: Great Tusk|Headlong Rush|p2a: Corviknight
|-immune|p2a: Corviknight
|
|upkeep
|turn|17
|
|t:|1781454396
|-end|p1a: Great Tusk|Protosynthesis|[silent]
|switch|p1a: Hydreigon|Hydreigon, M, shiny|100/100
|-damage|p1a: Hydreigon|88/100|[from] Stealth Rock
|move|p2a: Corviknight|Roost|p2a: Corviknight
|-heal|p2a: Corviknight|99/100
|-singleturn|p2a: Corviknight|move: Roost
|
|upkeep
|turn|18
|
|t:|1781454401
|switch|p2a: Kingambit|Kingambit, F|88/100
|-damage|p2a: Kingambit|82/100|[from] Stealth Rock
|move|p1a: Hydreigon|Dark Pulse|p2a: Kingambit
|-resisted|p2a: Kingambit
|-damage|p2a: Kingambit|55/100
|
|upkeep
|turn|19
|
|t:|1781454406
|switch|p1a: Great Tusk|Great Tusk, shiny|84/100
|move|p2a: Kingambit|Iron Head|p1a: Great Tusk
|-crit|p1a: Great Tusk
|-damage|p1a: Great Tusk|30/100
|
|upkeep
|turn|20
|
|t:|1781454413
|-end|p2a: Kingambit|fallenundefined|[silent]
|switch|p2a: Corviknight|Corviknight, F|99/100
|-damage|p2a: Corviknight|87/100|[from] Stealth Rock
|-ability|p2a: Corviknight|Pressure
|move|p1a: Great Tusk|Close Combat|p2a: Corviknight
|-damage|p2a: Corviknight|47/100
|-unboost|p1a: Great Tusk|def|1
|-unboost|p1a: Great Tusk|spd|1
|-damage|p1a: Great Tusk|14/100|[from] item: Rocky Helmet|[of] p2a: Corviknight
|
|upkeep
|turn|21
|
|t:|1781454424
|-terastallize|p1a: Great Tusk|Fighting
|move|p1a: Great Tusk|Close Combat|p2a: Corviknight
|-damage|p2a: Corviknight|0 fnt
|-unboost|p1a: Great Tusk|def|1
|-unboost|p1a: Great Tusk|spd|1
|-damage|p1a: Great Tusk|0 fnt|[from] item: Rocky Helmet|[of] p2a: Corviknight
|faint|p2a: Corviknight
|faint|p1a: Great Tusk
|-end|p1a: Great Tusk|Protosynthesis|[silent]
|
|upkeep
|
|t:|1781454437
|switch|p1a: Ogerpon|Ogerpon, F|100/100
|switch|p2a: Great Tusk|Great Tusk|84/100
|-damage|p1a: Ogerpon|88/100|[from] Stealth Rock
|turn|22
|
|t:|1781454443
|move|p1a: Ogerpon|Ivy Cudgel|p2a: Great Tusk
|-supereffective|p2a: Great Tusk
|-damage|p2a: Great Tusk|0 fnt
|faint|p2a: Great Tusk
|-end|p2a: Great Tusk|Protosynthesis|[silent]
|
|upkeep
|
|t:|1781454446
|switch|p2a: Slowking|Slowking-Galar, F|75/100
|turn|23
|
|t:|1781454452
|switch|p1a: Alomomola|Alomomola, M, shiny|89/100
|-damage|p1a: Alomomola|77/100|[from] Stealth Rock
|move|p2a: Slowking|Thunder Wave|p1a: Alomomola
|-status|p1a: Alomomola|par
|
|upkeep
|turn|24
|
|t:|1781454456
|move|p1a: Alomomola|Flip Turn|p2a: Slowking
|-damage|p2a: Slowking|56/100
|
|t:|1781454459
|switch|p1a: Hydreigon|Hydreigon, M, shiny|88/100|[from] Flip Turn
|-damage|p1a: Hydreigon|76/100|[from] Stealth Rock
|-prepare|p2a: Slowking|Chilly Reception|[premajor]
|move|p2a: Slowking|Chilly Reception|p2a: Slowking
|-weather|Snowscape
|
|t:|1781454462
|switch|p2a: Greninja|Greninja, M|39/100|[from] Chilly Reception
|-damage|p2a: Greninja|26/100|[from] Stealth Rock
|
|-weather|Snowscape|[upkeep]
|upkeep
|turn|25
|
|t:|1781454465
|switch|p2a: Raging Bolt|Raging Bolt|100/100
|-damage|p2a: Raging Bolt|88/100|[from] Stealth Rock
|switch|p1a: Alomomola|Alomomola, M, shiny|100/100 par
|-damage|p1a: Alomomola|88/100 par|[from] Stealth Rock
|
|-weather|Snowscape|[upkeep]
|upkeep
|turn|26
|
|t:|1781454470
|move|p2a: Raging Bolt|Volt Switch|p1a: Alomomola
|-supereffective|p1a: Alomomola
|-damage|p1a: Alomomola|26/100 par
|
|t:|1781454473
|-end|p2a: Raging Bolt|Protosynthesis|[silent]
|switch|p2a: Kingambit|Kingambit, F|55/100|[from] Volt Switch
|-damage|p2a: Kingambit|49/100|[from] Stealth Rock
|-activate|p2a: Kingambit|ability: Supreme Overlord
|-start|p2a: Kingambit|fallen2|[silent]
|move|p1a: Alomomola|Mirror Coat|p2a: Kingambit
|-immune|p2a: Kingambit
|
|-weather|Snowscape|[upkeep]
|upkeep
|turn|27
|
|t:|1781454483
|switch|p1a: Pecharunt|Pecharunt|76/100
|-damage|p1a: Pecharunt|64/100|[from] Stealth Rock
|move|p2a: Kingambit|Iron Head|p1a: Pecharunt
|-damage|p1a: Pecharunt|39/100
|-damage|p2a: Kingambit|32/100|[from] item: Rocky Helmet|[of] p1a: Pecharunt
|
|-weather|Snowscape|[upkeep]
|upkeep
|turn|28
|
|t:|1781454486
|move|p1a: Pecharunt|Recover|p1a: Pecharunt
|-heal|p1a: Pecharunt|89/100
|move|p2a: Kingambit|Kowtow Cleave|p1a: Pecharunt
|-supereffective|p1a: Pecharunt
|-damage|p1a: Pecharunt|22/100
|-damage|p2a: Kingambit|16/100|[from] item: Rocky Helmet|[of] p1a: Pecharunt
|
|-weather|none
|upkeep
|turn|29
|
|t:|1781454491
|move|p1a: Pecharunt|Recover|p1a: Pecharunt
|-heal|p1a: Pecharunt|72/100
|move|p2a: Kingambit|Kowtow Cleave|p1a: Pecharunt
|-supereffective|p1a: Pecharunt
|-damage|p1a: Pecharunt|6/100
|-damage|p2a: Kingambit|0 fnt|[from] item: Rocky Helmet|[of] p1a: Pecharunt
|faint|p2a: Kingambit
|-end|p2a: Kingambit|fallen2|[silent]
|
|upkeep
|
|t:|1781454493
|switch|p2a: Raging Bolt|Raging Bolt|88/100
|-damage|p2a: Raging Bolt|76/100|[from] Stealth Rock
|turn|30
|
|t:|1781454498
|move|p2a: Raging Bolt|Volt Switch|p1a: Pecharunt
|-damage|p1a: Pecharunt|0 fnt
|faint|p1a: Pecharunt
|
|t:|1781454500
|-end|p2a: Raging Bolt|Protosynthesis|[silent]
|switch|p2a: Slowking|Slowking-Galar, F|90/100|[from] Volt Switch
|
|upkeep
|
|t:|1781454506
|switch|p1a: Hydreigon|Hydreigon, M, shiny|76/100
|-damage|p1a: Hydreigon|64/100|[from] Stealth Rock
|turn|31
|
|t:|1781454530
|-terastallize|p2a: Slowking|Water
|move|p1a: Hydreigon|Dark Pulse|p2a: Slowking
|-damage|p2a: Slowking|55/100
|move|p2a: Slowking|Thunder Wave|p1a: Hydreigon
|-status|p1a: Hydreigon|par
|
|upkeep
|turn|32
|
|t:|1781454535
|move|p1a: Hydreigon|Dark Pulse|p2a: Slowking
|-damage|p2a: Slowking|17/100
|-prepare|p2a: Slowking|Chilly Reception|[premajor]
|cant|p2a: Slowking|flinch
|
|upkeep
|turn|33
|
|t:|1781454538
|cant|p1a: Hydreigon|par
|move|p2a: Slowking|Sludge Bomb|p1a: Hydreigon
|-damage|p1a: Hydreigon|22/100 par
|
|upkeep
|turn|34
|
|t:|1781454540
|move|p1a: Hydreigon|Dark Pulse|p2a: Slowking
|-damage|p2a: Slowking|0 fnt
|faint|p2a: Slowking
|
|upkeep
|
|t:|1781454542
|switch|p2a: Raging Bolt|Raging Bolt|76/100
|-damage|p2a: Raging Bolt|64/100|[from] Stealth Rock
|turn|35
|
|t:|1781454547
|move|p2a: Raging Bolt|Volt Switch|p1a: Hydreigon
|-resisted|p1a: Hydreigon
|-damage|p1a: Hydreigon|0 fnt
|faint|p1a: Hydreigon
|
|t:|1781454550
|-end|p2a: Raging Bolt|Protosynthesis|[silent]
|switch|p2a: Greninja|Greninja, M|26/100|[from] Volt Switch
|-damage|p2a: Greninja|14/100|[from] Stealth Rock
|
|upkeep
|
|t:|1781454552
|switch|p1a: Alomomola|Alomomola, M, shiny|59/100 par
|-damage|p1a: Alomomola|47/100 par|[from] Stealth Rock
|turn|36
|
|t:|1781454554
|move|p2a: Greninja|Grass Knot|p1a: Alomomola
|-start|p2a: Greninja|typechange|Grass|[from] ability: Protean
|-supereffective|p1a: Alomomola
|-damage|p1a: Alomomola|11/100 par
|move|p1a: Alomomola|Flip Turn|p2a: Greninja
|-resisted|p2a: Greninja
|-damage|p2a: Greninja|0 fnt
|faint|p2a: Greninja
|
|t:|1781454557
|switch|p1a: Ogerpon|Ogerpon, F|88/100|[from] Flip Turn
|-damage|p1a: Ogerpon|76/100|[from] Stealth Rock
|
|upkeep
|
|t:|1781454558
|switch|p2a: Raging Bolt|Raging Bolt|64/100
|-damage|p2a: Raging Bolt|51/100|[from] Stealth Rock
|turn|37
|
|t:|1781454562
|move|p1a: Ogerpon|U-turn|p2a: Raging Bolt
|-damage|p2a: Raging Bolt|17/100
|
|t:|1781454564
|switch|p1a: Alomomola|Alomomola, M, shiny|44/100 par|[from] U-turn
|-damage|p1a: Alomomola|32/100 par|[from] Stealth Rock
|move|p2a: Raging Bolt|Draco Meteor|p1a: Alomomola|[miss]
|-miss|p2a: Raging Bolt|p1a: Alomomola
|
|upkeep
|turn|38
|
|t:|1781454567
|move|p2a: Raging Bolt|Draco Meteor|p1a: Alomomola
|-damage|p1a: Alomomola|0 fnt
|-unboost|p2a: Raging Bolt|spa|2
|faint|p1a: Alomomola
|
|upkeep
|-message|GreninjaMyFav forfeited.
|
|win|guyfishing12
|raw|guyfishing12's rating: 1623 &rarr; <strong>1648</strong><br />(+25 for winning)
|raw|GreninjaMyFav's rating: 1721 &rarr; <strong>1696</strong><br />(-25 for losing)
|l|☆GreninjaMyFav
|player|p2|
|l|☆guyfishing12
|player|p1|
