|badge|p2|bronze|gen9ou|100-9
|uhtml|medal-msg|<div class="broadcast-blue">Curious what those medals under the avatar are? PS now has Ladder Seasons! For more information, check out the <a href="https://www.smogon.com/forums/threads/3740067/">thread on Smogon.</a></div>
|j|☆Acastillo631
|j|☆AnonymousJon
|t:|1781455596
|gametype|singles
|player|p1|Acastillo631|silver|1635
|player|p2|AnonymousJon|workerice|1809
|gen|9
|tier|[Gen 9] OU
|rated|
|rule|HP Percentage Mod: HP is shown in percentages
|rule|Endless Battle Clause: Forcing endless battles is banned
|rule|Species Clause: Limit one of each Pokémon
|rule|OHKO Clause: OHKO moves are banned
|rule|Evasion Items Clause: Evasion items are banned
|rule|Evasion Moves Clause: Evasion moves are banned
|rule|Evasion Abilities Clause: Evasion abilities are banned
|rule|Sleep Moves Clause: Sleep-inducing moves are banned
|clearpoke
|poke|p1|Iron Valiant|
|poke|p1|Sinistcha|
|poke|p1|Tyranitar, F|
|poke|p1|Klefki, F|
|poke|p1|Swampert, M|
|poke|p1|Talonflame, M|
|poke|p2|Great Tusk|
|poke|p2|Ogerpon-Cornerstone, F|
|poke|p2|Rillaboom, F|
|poke|p2|Tyranitar, M|
|poke|p2|Corviknight, F|
|poke|p2|Dragapult, F|
|teampreview
|inactive|Battle timer is ON: inactive players will automatically lose when time's up. (requested by AnonymousJon)
|inactive|Acastillo631 has 120 seconds left.
|j| Partynparadise
|
|t:|1781455648
|teamsize|p1|6
|teamsize|p2|6
|start
|switch|p1a: Redips|Klefki, F|100/100
|switch|p2a: Great Tusk|Great Tusk|100/100
|turn|1
|
|t:|1781455650
|move|p1a: Redips|Magnet Rise|p1a: Redips
|-start|p1a: Redips|Magnet Rise
|move|p2a: Great Tusk|Headlong Rush|p1a: Redips
|-immune|p1a: Redips
|
|upkeep
|turn|2
|
|t:|1781455664
|move|p1a: Redips|Spikes|p2a: Great Tusk
|-sidestart|p2: AnonymousJon|Spikes
|move|p2a: Great Tusk|Temper Flare|p1a: Redips
|-supereffective|p1a: Redips
|-damage|p1a: Redips|14/100
|-damage|p2a: Great Tusk|84/100|[from] item: Rocky Helmet|[of] p1a: Redips
|
|upkeep
|turn|3
|j| lockheed shartin
|
|t:|1781455668
|switch|p1a: Wire Sponge|Sinistcha|100/100
|move|p2a: Great Tusk|Rapid Spin|p1a: Wire Sponge
|-immune|p1a: Wire Sponge
|
|upkeep
|turn|4
|
|t:|1781455672
|-end|p2a: Great Tusk|Protosynthesis|[silent]
|switch|p2a: Tyranitar|Tyranitar, M|100/100
|-damage|p2a: Tyranitar|88/100|[from] Spikes
|-weather|Sandstorm|[from] ability: Sand Stream|[of] p2a: Tyranitar
|move|p1a: Wire Sponge|Matcha Gotcha|p2a: Tyranitar
|-supereffective|p2a: Tyranitar
|-damage|p2a: Tyranitar|63/100
|
|-weather|Sandstorm|[upkeep]
|-damage|p1a: Wire Sponge|94/100|[from] Sandstorm
|-heal|p2a: Tyranitar|69/100|[from] item: Leftovers
|upkeep
|turn|5
|
|t:|1781455675
|move|p1a: Wire Sponge|Strength Sap|p2a: Tyranitar
|-unboost|p2a: Tyranitar|atk|1
|-heal|p1a: Wire Sponge|100/100
|move|p2a: Tyranitar|Stealth Rock|p1a: Wire Sponge
|-sidestart|p1: Acastillo631|move: Stealth Rock
|
|-weather|Sandstorm|[upkeep]
|-damage|p1a: Wire Sponge|94/100|[from] Sandstorm
|-heal|p2a: Tyranitar|75/100|[from] item: Leftovers
|upkeep
|turn|6
|
|t:|1781455679
|move|p1a: Wire Sponge|Matcha Gotcha|p2a: Tyranitar
|-supereffective|p2a: Tyranitar
|-damage|p2a: Tyranitar|51/100
|-heal|p1a: Wire Sponge|100/100|[from] drain|[of] p2a: Tyranitar
|move|p2a: Tyranitar|Knock Off|p1a: Wire Sponge
|-supereffective|p1a: Wire Sponge
|-damage|p1a: Wire Sponge|57/100
|-enditem|p1a: Wire Sponge|Heavy-Duty Boots|[from] move: Knock Off|[of] p2a: Tyranitar
|
|-weather|Sandstorm|[upkeep]
|-damage|p1a: Wire Sponge|51/100|[from] Sandstorm
|-heal|p2a: Tyranitar|57/100|[from] item: Leftovers
|upkeep
|turn|7
|inactive|Acastillo631 has 120 seconds left.
|
|t:|1781455711
|switch|p2a: Dragapult|Dragapult, F|100/100
|-damage|p2a: Dragapult|88/100|[from] Spikes
|move|p1a: Wire Sponge|Strength Sap|p2a: Dragapult
|-fail|p2a: Dragapult|unboost|[from] ability: Clear Body|[of] p2a: Dragapult
|-heal|p1a: Wire Sponge|100/100
|
|-weather|Sandstorm|[upkeep]
|-damage|p2a: Dragapult|82/100|[from] Sandstorm
|-damage|p1a: Wire Sponge|94/100|[from] Sandstorm
|-heal|p2a: Dragapult|88/100|[from] item: Leftovers
|upkeep
|turn|8
|l| lockheed shartin
|inactive|Acastillo631 has 120 seconds left.
|
|t:|1781455738
|switch|p1a: Duff Mcwhalen|Swampert, M|100/100
|-damage|p1a: Duff Mcwhalen|94/100|[from] Stealth Rock
|move|p2a: Dragapult|Substitute|p2a: Dragapult
|-start|p2a: Dragapult|Substitute
|-damage|p2a: Dragapult|63/100
|
|-weather|none
|-heal|p2a: Dragapult|69/100|[from] item: Leftovers
|-heal|p1a: Duff Mcwhalen|100/100|[from] item: Leftovers
|upkeep
|turn|9
|
|t:|1781455741
|move|p2a: Dragapult|Will-O-Wisp|p1a: Duff Mcwhalen|[miss]
|-miss|p2a: Dragapult|p1a: Duff Mcwhalen
|move|p1a: Duff Mcwhalen|Knock Off|p2a: Dragapult
|-supereffective|p2a: Dragapult
|-crit|p2a: Dragapult
|-end|p2a: Dragapult|Substitute
|
|-heal|p2a: Dragapult|76/100|[from] item: Leftovers
|upkeep
|turn|10
|inactive|Acastillo631 has 120 seconds left.
|
|t:|1781455754
|switch|p2a: Ogerpon|Ogerpon-Cornerstone, F|100/100
|-damage|p2a: Ogerpon|88/100|[from] Spikes
|move|p1a: Duff Mcwhalen|Knock Off|p2a: Ogerpon
|-damage|p2a: Ogerpon|65/100
|
|upkeep
|turn|11
|
|t:|1781455762
|switch|p1a: Talonflame|Talonflame, M|100/100
|move|p2a: Ogerpon|Horn Leech|p1a: Talonflame
|-resisted|p1a: Talonflame
|-damage|p1a: Talonflame|86/100
|-heal|p2a: Ogerpon|74/100|[from] drain|[of] p1a: Talonflame
|
|upkeep
|turn|12
|
|t:|1781455765
|move|p1a: Talonflame|Will-O-Wisp|p2a: Ogerpon|[miss]
|-miss|p1a: Talonflame|p2a: Ogerpon
|move|p2a: Ogerpon|Ivy Cudgel|p1a: Talonflame|[anim] Ivy Cudgel Rock
|-supereffective|p1a: Talonflame
|-damage|p1a: Talonflame|0 fnt
|faint|p1a: Talonflame
|
|upkeep
|
|t:|1781455770
|switch|p1a: Wire Sponge|Sinistcha|94/100
|-damage|p1a: Wire Sponge|82/100|[from] Stealth Rock
|turn|13
|
|t:|1781455773
|move|p2a: Ogerpon|Swords Dance|p2a: Ogerpon
|-boost|p2a: Ogerpon|atk|2
|move|p1a: Wire Sponge|Matcha Gotcha|p2a: Ogerpon
|-damage|p2a: Ogerpon|38/100
|-heal|p1a: Wire Sponge|98/100|[from] drain|[of] p2a: Ogerpon
|
|upkeep
|turn|14
|
|t:|1781455776
|switch|p1a: Redips|Klefki, F|14/100
|-damage|p1a: Redips|8/100|[from] Stealth Rock
|move|p2a: Ogerpon|Swords Dance|p2a: Ogerpon
|-boost|p2a: Ogerpon|atk|2
|
|upkeep
|turn|15
|
|t:|1781455781
|move|p1a: Redips|Thunder Wave|p2a: Ogerpon
|-status|p2a: Ogerpon|par
|move|p2a: Ogerpon|Horn Leech|p1a: Redips
|-resisted|p1a: Redips
|-damage|p1a: Redips|0 fnt
|-heal|p2a: Ogerpon|42/100 par|[from] drain|[of] p1a: Redips
|-damage|p2a: Ogerpon|25/100 par|[from] item: Rocky Helmet|[of] p1a: Redips
|faint|p1a: Redips
|
|upkeep
|
|t:|1781455785
|switch|p1a: Wire Sponge|Sinistcha|98/100
|-damage|p1a: Wire Sponge|85/100|[from] Stealth Rock
|turn|16
|
|t:|1781455787
|move|p1a: Wire Sponge|Shadow Ball|p2a: Ogerpon
|-damage|p2a: Ogerpon|0 fnt
|faint|p2a: Ogerpon
|
|upkeep
|
|t:|1781455795
|switch|p2a: Dragapult|Dragapult, F|76/100
|-damage|p2a: Dragapult|63/100|[from] Spikes
|turn|17
|inactive|Acastillo631 has 120 seconds left.
|
|t:|1781455844
|switch|p1a: Duff Mcwhalen|Swampert, M|100/100
|-damage|p1a: Duff Mcwhalen|94/100|[from] Stealth Rock
|move|p2a: Dragapult|Hex|p1a: Duff Mcwhalen
|-damage|p1a: Duff Mcwhalen|76/100
|
|-heal|p2a: Dragapult|69/100|[from] item: Leftovers
|-heal|p1a: Duff Mcwhalen|83/100|[from] item: Leftovers
|upkeep
|turn|18
|
|t:|1781455866
|move|p2a: Dragapult|Will-O-Wisp|p1a: Duff Mcwhalen
|-status|p1a: Duff Mcwhalen|brn
|move|p1a: Duff Mcwhalen|Stealth Rock|p2a: Dragapult
|-sidestart|p2: AnonymousJon|move: Stealth Rock
|
|-heal|p2a: Dragapult|76/100|[from] item: Leftovers
|-heal|p1a: Duff Mcwhalen|89/100 brn|[from] item: Leftovers
|-damage|p1a: Duff Mcwhalen|83/100 brn|[from] brn
|upkeep
|turn|19
|
|t:|1781455872
|move|p2a: Dragapult|Substitute|p2a: Dragapult
|-start|p2a: Dragapult|Substitute
|-damage|p2a: Dragapult|51/100
|move|p1a: Duff Mcwhalen|Knock Off|p2a: Dragapult
|-supereffective|p2a: Dragapult
|-end|p2a: Dragapult|Substitute
|
|-heal|p2a: Dragapult|57/100|[from] item: Leftovers
|-heal|p1a: Duff Mcwhalen|89/100 brn|[from] item: Leftovers
|-damage|p1a: Duff Mcwhalen|83/100 brn|[from] brn
|upkeep
|turn|20
|inactive|Acastillo631 has 120 seconds left.
|
|t:|1781455895
|move|p2a: Dragapult|Hex|p1a: Duff Mcwhalen
|-damage|p1a: Duff Mcwhalen|43/100 brn
|move|p1a: Duff Mcwhalen|Knock Off|p2a: Dragapult
|-supereffective|p2a: Dragapult
|-damage|p2a: Dragapult|20/100
|-enditem|p2a: Dragapult|Leftovers|[from] move: Knock Off|[of] p1a: Duff Mcwhalen
|
|-heal|p1a: Duff Mcwhalen|49/100 brn|[from] item: Leftovers
|-damage|p1a: Duff Mcwhalen|43/100 brn|[from] brn
|upkeep
|turn|21
|inactive|Acastillo631 has 120 seconds left.
|
|t:|1781455905
|move|p2a: Dragapult|Hex|p1a: Duff Mcwhalen
|-damage|p1a: Duff Mcwhalen|5/100 brn
|move|p1a: Duff Mcwhalen|Knock Off|p2a: Dragapult
|-supereffective|p2a: Dragapult
|-damage|p2a: Dragapult|0 fnt
|faint|p2a: Dragapult
|
|-heal|p1a: Duff Mcwhalen|11/100 brn|[from] item: Leftovers
|-damage|p1a: Duff Mcwhalen|5/100 brn|[from] brn
|upkeep
|
|t:|1781455907
|switch|p2a: Great Tusk|Great Tusk|84/100
|-damage|p2a: Great Tusk|72/100|[from] Spikes
|-damage|p2a: Great Tusk|69/100|[from] Stealth Rock
|turn|22
|
|t:|1781455912
|move|p2a: Great Tusk|Ice Spinner|p1a: Duff Mcwhalen
|-damage|p1a: Duff Mcwhalen|0 fnt
|faint|p1a: Duff Mcwhalen
|
|upkeep
|
|t:|1781455914
|switch|p1a: Wire Sponge|Sinistcha|85/100
|-damage|p1a: Wire Sponge|73/100|[from] Stealth Rock
|turn|23
|j| Negative1stClass
|
|t:|1781455919
|-end|p2a: Great Tusk|Protosynthesis|[silent]
|switch|p2a: Corviknight|Corviknight, F|100/100
|-damage|p2a: Corviknight|88/100|[from] Stealth Rock
|-ability|p2a: Corviknight|Pressure
|move|p1a: Wire Sponge|Strength Sap|p2a: Corviknight
|-unboost|p2a: Corviknight|atk|1
|-heal|p1a: Wire Sponge|100/100
|
|upkeep
|turn|24
|
|t:|1781455948
|move|p1a: Wire Sponge|Calm Mind|p1a: Wire Sponge
|-boost|p1a: Wire Sponge|spa|1
|-boost|p1a: Wire Sponge|spd|1
|move|p2a: Corviknight|Brave Bird|p1a: Wire Sponge
|-supereffective|p1a: Wire Sponge
|-damage|p1a: Wire Sponge|66/100
|-damage|p2a: Corviknight|78/100|[from] Recoil
|
|upkeep
|turn|25
|
|t:|1781455950
|move|p1a: Wire Sponge|Strength Sap|p2a: Corviknight
|-unboost|p2a: Corviknight|atk|1
|-heal|p1a: Wire Sponge|100/100
|move|p2a: Corviknight|Brave Bird|p1a: Wire Sponge
|-supereffective|p1a: Wire Sponge
|-damage|p1a: Wire Sponge|72/100
|-damage|p2a: Corviknight|70/100|[from] Recoil
|
|upkeep
|turn|26
|
|t:|1781455953
|move|p1a: Wire Sponge|Shadow Ball|p2a: Corviknight
|-damage|p2a: Corviknight|23/100
|-unboost|p2a: Corviknight|spd|1
|move|p2a: Corviknight|Brave Bird|p1a: Wire Sponge
|-supereffective|p1a: Wire Sponge
|-damage|p1a: Wire Sponge|46/100
|-damage|p2a: Corviknight|15/100|[from] Recoil
|
|upkeep
|turn|27
|
|t:|1781455955
|move|p1a: Wire Sponge|Strength Sap|p2a: Corviknight
|-unboost|p2a: Corviknight|atk|1
|-heal|p1a: Wire Sponge|76/100
|move|p2a: Corviknight|Brave Bird|p1a: Wire Sponge
|-supereffective|p1a: Wire Sponge
|-damage|p1a: Wire Sponge|55/100
|-damage|p2a: Corviknight|9/100|[from] Recoil
|
|upkeep
|turn|28
|
|t:|1781455957
|move|p1a: Wire Sponge|Shadow Ball|p2a: Corviknight
|-damage|p2a: Corviknight|0 fnt
|faint|p2a: Corviknight
|
|upkeep
|
|t:|1781455959
|switch|p2a: Rillaboom|Rillaboom, F|100/100
|-damage|p2a: Rillaboom|88/100|[from] Spikes
|-damage|p2a: Rillaboom|76/100|[from] Stealth Rock
|-fieldstart|move: Grassy Terrain|[from] ability: Grassy Surge|[of] p2a: Rillaboom
|turn|29
|
|t:|1781455962
|-terastallize|p2a: Rillaboom|Grass
|-terastallize|p1a: Wire Sponge|Poison
|move|p2a: Rillaboom|Wood Hammer|p1a: Wire Sponge
|-resisted|p1a: Wire Sponge
|-damage|p1a: Wire Sponge|0 fnt
|faint|p1a: Wire Sponge
|-damage|p2a: Rillaboom|58/100|[from] Recoil
|
|-heal|p2a: Rillaboom|64/100|[from] Grassy Terrain
|upkeep
|
|t:|1781455969
|switch|p1a: Sage Harpuia|Iron Valiant|100/100
|-damage|p1a: Sage Harpuia|94/100|[from] Stealth Rock
|-enditem|p1a: Sage Harpuia|Booster Energy
|-activate|p1a: Sage Harpuia|ability: Quark Drive|[fromitem]
|-start|p1a: Sage Harpuia|quarkdrivespe
|turn|30
|
|t:|1781455972
|switch|p2a: Tyranitar|Tyranitar, M|57/100
|-damage|p2a: Tyranitar|44/100|[from] Spikes
|-damage|p2a: Tyranitar|32/100|[from] Stealth Rock
|-weather|Sandstorm|[from] ability: Sand Stream|[of] p2a: Tyranitar
|move|p1a: Sage Harpuia|Moonblast|p2a: Tyranitar
|-supereffective|p2a: Tyranitar
|-crit|p2a: Tyranitar
|-damage|p2a: Tyranitar|0 fnt
|faint|p2a: Tyranitar
|
|-weather|Sandstorm|[upkeep]
|-damage|p1a: Sage Harpuia|88/100|[from] Sandstorm
|-heal|p1a: Sage Harpuia|94/100|[from] Grassy Terrain
|upkeep
|
|t:|1781455974
|switch|p2a: Rillaboom|Rillaboom, F, tera:Grass|64/100
|-damage|p2a: Rillaboom|52/100|[from] Spikes
|-damage|p2a: Rillaboom|39/100|[from] Stealth Rock
|turn|31
|
|t:|1781455977
|move|p2a: Rillaboom|Grassy Glide|p1a: Sage Harpuia
|-damage|p1a: Sage Harpuia|0 fnt
|faint|p1a: Sage Harpuia
|-end|p1a: Sage Harpuia|Quark Drive|[silent]
|
|-weather|Sandstorm|[upkeep]
|-damage|p2a: Rillaboom|33/100|[from] Sandstorm
|-heal|p2a: Rillaboom|39/100|[from] Grassy Terrain
|upkeep
|-message|Acastillo631 forfeited.
|
|win|AnonymousJon
|raw|Acastillo631's rating: 1635 &rarr; <strong>1624</strong><br />(-11 for losing)
|raw|AnonymousJon's rating: 1809 &rarr; <strong>1820</strong><br />(+11 for winning)
|l|☆Acastillo631
|player|p1|
|l|☆AnonymousJon
|player|p2|
