|j|☆blackgokuking
|j|☆silver jay#2240
|t:|1781123090
|gametype|singles
|player|p1|blackgokuking|101|1679
|player|p2|silver jay#2240|grusha|1680
|gen|9
|tier|[Gen 9] OU
|rated|
|rule|HP Percentage Mod: HP is shown in percentages
|rule|Endless Battle Clause: Forcing endless battles is banned
|rule|Species Clause: Limit one of each Pokémon
|rule|OHKO Clause: OHKO moves are banned
|rule|Evasion Items Clause: Evasion items are banned
|rule|Evasion Moves Clause: Evasion moves are banned
|rule|Evasion Abilities Clause: Evasion abilities are banned
|rule|Sleep Moves Clause: Sleep-inducing moves are banned
|clearpoke
|poke|p1|Kingambit, F|
|poke|p1|Kommo-o, F|
|poke|p1|Iron Valiant|
|poke|p1|Kyurem|
|poke|p1|Iron Treads|
|poke|p1|Iron Crown|
|poke|p2|Iron Hands|
|poke|p2|Iron Treads|
|poke|p2|Dragonite, F|
|poke|p2|Darkrai|
|poke|p2|Deoxys-Speed|
|poke|p2|Toxapex, M|
|teampreview
|inactive|Battle timer is ON: inactive players will automatically lose when time's up. (requested by blackgokuking)
|
|t:|1781123187
|teamsize|p1|6
|teamsize|p2|6
|start
|switch|p1a: Iron Crown|Iron Crown|100/100
|switch|p2a: Iron Treads|Iron Treads|100/100
|-item|p2a: Iron Treads|Air Balloon
|-enditem|p1a: Iron Crown|Booster Energy
|-activate|p1a: Iron Crown|ability: Quark Drive|[fromitem]
|-start|p1a: Iron Crown|quarkdrivespe
|turn|1
|
|t:|1781123209
|move|p1a: Iron Crown|Focus Blast|p2a: Iron Treads
|-supereffective|p2a: Iron Treads
|-damage|p2a: Iron Treads|0 fnt
|-enditem|p2a: Iron Treads|Air Balloon
|faint|p2a: Iron Treads
|-end|p2a: Iron Treads|Quark Drive|[silent]
|
|upkeep
|inactive|silver jay#2240 has 120 seconds left.
|inactive|silver jay#2240 has 90 seconds left.
|
|t:|1781123275
|switch|p2a: Darkrai|Darkrai|100/100
|turn|2
|inactive|silver jay#2240 has 90 seconds left.
|
|t:|1781123288
|-terastallize|p1a: Iron Crown|Fighting
|move|p1a: Iron Crown|Focus Blast|p2a: Darkrai|[miss]
|-miss|p1a: Iron Crown|p2a: Darkrai
|move|p2a: Darkrai|Dark Pulse|p1a: Iron Crown
|-resisted|p1a: Iron Crown
|-damage|p1a: Iron Crown|72/100
|
|upkeep
|turn|3
|inactive|silver jay#2240 has 90 seconds left.
|
|t:|1781123303
|switch|p2a: Toxapex|Toxapex, M|100/100
|move|p1a: Iron Crown|Tachyon Cutter|p2a: Toxapex
|-resisted|p2a: Toxapex
|-damage|p2a: Toxapex|94/100
|-resisted|p2a: Toxapex
|-damage|p2a: Toxapex|88/100
|-hitcount|p2a: Toxapex|2
|
|upkeep
|turn|4
|inactive|silver jay#2240 has 90 seconds left.
|
|t:|1781123316
|move|p1a: Iron Crown|Psychic Noise|p2a: Toxapex
|-supereffective|p2a: Toxapex
|-damage|p2a: Toxapex|50/100
|-start|p2a: Toxapex|move: Heal Block
|move|p2a: Toxapex|Sludge Bomb|p1a: Iron Crown
|-damage|p1a: Iron Crown|45/100
|-status|p1a: Iron Crown|psn
|
|-damage|p1a: Iron Crown|33/100 psn|[from] psn
|upkeep
|turn|5
|
|t:|1781123320
|switch|p2a: Darkrai|Darkrai|100/100
|move|p1a: Iron Crown|Calm Mind|p1a: Iron Crown
|-boost|p1a: Iron Crown|spa|1
|-boost|p1a: Iron Crown|spd|1
|
|-damage|p1a: Iron Crown|21/100 psn|[from] psn
|upkeep
|turn|6
|
|t:|1781123331
|switch|p2a: Toxapex|Toxapex, M|83/100
|move|p1a: Iron Crown|Focus Blast|p2a: Toxapex|[miss]
|-miss|p1a: Iron Crown|p2a: Toxapex
|
|-damage|p1a: Iron Crown|8/100 psn|[from] psn
|upkeep
|turn|7
|
|t:|1781123340
|move|p1a: Iron Crown|Tachyon Cutter|p2a: Toxapex
|-resisted|p2a: Toxapex
|-damage|p2a: Toxapex|72/100
|-resisted|p2a: Toxapex
|-damage|p2a: Toxapex|62/100
|-hitcount|p2a: Toxapex|2
|move|p2a: Toxapex|Sludge Bomb|p1a: Iron Crown
|-crit|p1a: Iron Crown
|-damage|p1a: Iron Crown|0 fnt
|faint|p1a: Iron Crown
|-end|p1a: Iron Crown|Quark Drive|[silent]
|
|upkeep
|
|t:|1781123349
|switch|p1a: Iron Treads|Iron Treads|100/100
|-enditem|p1a: Iron Treads|Booster Energy
|-activate|p1a: Iron Treads|ability: Quark Drive|[fromitem]
|-start|p1a: Iron Treads|quarkdrivespe
|turn|8
|inactive|silver jay#2240 has 120 seconds left.
|j| Professor Rai
|inactive|silver jay#2240 has 90 seconds left.
|
|t:|1781123402
|switch|p2a: Dragonite|Dragonite, F|100/100
|move|p1a: Iron Treads|Stealth Rock|p2a: Dragonite
|-sidestart|p2: silver jay#2240|move: Stealth Rock
|
|upkeep
|turn|9
|
|t:|1781123414
|-end|p1a: Iron Treads|Quark Drive|[silent]
|switch|p1a: Kyurem|Kyurem|100/100
|-ability|p1a: Kyurem|Pressure
|move|p2a: Dragonite|Dragon Dance|p2a: Dragonite
|-boost|p2a: Dragonite|atk|1
|-boost|p2a: Dragonite|spe|1
|
|upkeep
|turn|10
|
|t:|1781123426
|move|p2a: Dragonite|Outrage|p1a: Kyurem
|-supereffective|p1a: Kyurem
|-damage|p1a: Kyurem|0 fnt
|faint|p1a: Kyurem
|-damage|p2a: Dragonite|91/100|[from] item: Life Orb
|
|upkeep
|
|t:|1781123430
|switch|p1a: Iron Valiant|Iron Valiant|100/100
|-enditem|p1a: Iron Valiant|Booster Energy
|-activate|p1a: Iron Valiant|ability: Quark Drive|[fromitem]
|-start|p1a: Iron Valiant|quarkdrivespe
|turn|11
|
|t:|1781123432
|move|p1a: Iron Valiant|Moonblast|p2a: Dragonite
|-supereffective|p2a: Dragonite
|-damage|p2a: Dragonite|0 fnt
|faint|p2a: Dragonite
|
|upkeep
|
|t:|1781123438
|switch|p2a: Toxapex|Toxapex, M|95/100
|-damage|p2a: Toxapex|83/100|[from] Stealth Rock
|turn|12
|
|t:|1781123444
|-end|p1a: Iron Valiant|Quark Drive|[silent]
|switch|p1a: Iron Treads|Iron Treads|100/100
|move|p2a: Toxapex|Surf|p1a: Iron Treads
|-supereffective|p1a: Iron Treads
|-damage|p1a: Iron Treads|28/100
|
|upkeep
|turn|13
|
|t:|1781123449
|move|p1a: Iron Treads|Earthquake|p2a: Toxapex
|-supereffective|p2a: Toxapex
|-damage|p2a: Toxapex|27/100
|move|p2a: Toxapex|Surf|p1a: Iron Treads
|-supereffective|p1a: Iron Treads
|-damage|p1a: Iron Treads|0 fnt
|faint|p1a: Iron Treads
|-end|p1a: Iron Treads|Quark Drive|[silent]
|
|upkeep
|
|t:|1781123452
|switch|p1a: Kommo-o|Kommo-o, F|100/100
|turn|14
|
|t:|1781123459
|switch|p2a: Iron Hands|Iron Hands|100/100
|-damage|p2a: Iron Hands|94/100|[from] Stealth Rock
|move|p1a: Kommo-o|Substitute|p1a: Kommo-o
|-start|p1a: Kommo-o|Substitute
|-damage|p1a: Kommo-o|75/100
|
|-heal|p1a: Kommo-o|82/100|[from] item: Leftovers
|upkeep
|turn|15
|inactive|silver jay#2240 has 120 seconds left.
|
|t:|1781123466
|move|p1a: Kommo-o|Clangorous Soul|p1a: Kommo-o
|-boost|p1a: Kommo-o|atk|1
|-boost|p1a: Kommo-o|def|1
|-boost|p1a: Kommo-o|spa|1
|-boost|p1a: Kommo-o|spd|1
|-boost|p1a: Kommo-o|spe|1
|-damage|p1a: Kommo-o|49/100
|move|p2a: Iron Hands|Swords Dance|p2a: Iron Hands
|-boost|p2a: Iron Hands|atk|2
|
|-heal|p1a: Kommo-o|55/100|[from] item: Leftovers
|upkeep
|turn|16
|
|t:|1781123473
|move|p1a: Kommo-o|Drain Punch|p2a: Iron Hands
|-damage|p2a: Iron Hands|64/100
|-heal|p1a: Kommo-o|74/100|[from] drain|[of] p2a: Iron Hands
|move|p2a: Iron Hands|Drain Punch|p1a: Kommo-o
|-end|p1a: Kommo-o|Substitute
|-heal|p2a: Iron Hands|74/100|[from] drain|[of] p1a: Kommo-o
|
|-heal|p1a: Kommo-o|81/100|[from] item: Leftovers
|upkeep
|turn|17
|
|t:|1781123480
|move|p1a: Kommo-o|Drain Punch|p2a: Iron Hands
|-damage|p2a: Iron Hands|44/100
|-heal|p1a: Kommo-o|99/100|[from] drain|[of] p2a: Iron Hands
|move|p2a: Iron Hands|Drain Punch|p1a: Kommo-o
|-damage|p1a: Kommo-o|55/100
|-heal|p2a: Iron Hands|62/100|[from] drain|[of] p1a: Kommo-o
|
|-heal|p1a: Kommo-o|62/100|[from] item: Leftovers
|upkeep
|turn|18
|
|t:|1781123483
|move|p1a: Kommo-o|Drain Punch|p2a: Iron Hands
|-damage|p2a: Iron Hands|33/100
|-heal|p1a: Kommo-o|80/100|[from] drain|[of] p2a: Iron Hands
|move|p2a: Iron Hands|Swords Dance|p2a: Iron Hands
|-boost|p2a: Iron Hands|atk|2
|
|-heal|p1a: Kommo-o|86/100|[from] item: Leftovers
|upkeep
|turn|19
|
|t:|1781123492
|move|p1a: Kommo-o|Drain Punch|p2a: Iron Hands
|-damage|p2a: Iron Hands|3/100
|-heal|p1a: Kommo-o|100/100|[from] drain|[of] p2a: Iron Hands
|move|p2a: Iron Hands|Ice Punch|p1a: Kommo-o
|-supereffective|p1a: Kommo-o
|-damage|p1a: Kommo-o|7/100
|
|-heal|p1a: Kommo-o|14/100|[from] item: Leftovers
|upkeep
|turn|20
|-enditem|p2a: Iron Hands|Custap Berry|[eat]
|-activate|p2a: Iron Hands|item: Custap Berry|[consumed]
|
|t:|1781123498
|move|p2a: Iron Hands|Drain Punch|p1a: Kommo-o
|-damage|p1a: Kommo-o|0 fnt
|-heal|p2a: Iron Hands|8/100|[from] drain|[of] p1a: Kommo-o
|faint|p1a: Kommo-o
|
|upkeep
|c| Professor Rai|custap berry
|
|t:|1781123508
|switch|p1a: Iron Valiant|Iron Valiant|100/100
|turn|21
|
|t:|1781123515
|move|p1a: Iron Valiant|Moonblast|p2a: Iron Hands
|-supereffective|p2a: Iron Hands
|-damage|p2a: Iron Hands|0 fnt
|faint|p2a: Iron Hands
|-end|p2a: Iron Hands|Quark Drive|[silent]
|
|upkeep
|
|t:|1781123524
|switch|p2a: Darkrai|Darkrai|100/100
|-damage|p2a: Darkrai|88/100|[from] Stealth Rock
|turn|22
|
|t:|1781123533
|move|p2a: Darkrai|Sludge Bomb|p1a: Iron Valiant
|-supereffective|p1a: Iron Valiant
|-damage|p1a: Iron Valiant|0 fnt
|faint|p1a: Iron Valiant
|-end|p1a: Iron Valiant|Quark Drive|[silent]
|
|upkeep
|
|t:|1781123535
|switch|p1a: Kingambit|Kingambit, F|100/100
|-activate|p1a: Kingambit|ability: Supreme Overlord
|-start|p1a: Kingambit|fallen5|[silent]
|turn|23
|
|t:|1781123542
|switch|p2a: Toxapex|Toxapex, M|60/100
|-damage|p2a: Toxapex|48/100|[from] Stealth Rock
|move|p1a: Kingambit|Swords Dance|p1a: Kingambit
|-boost|p1a: Kingambit|atk|2
|
|upkeep
|turn|24
|
|t:|1781123546
|move|p1a: Kingambit|Iron Head|p2a: Toxapex
|-resisted|p2a: Toxapex
|-damage|p2a: Toxapex|0 fnt
|faint|p2a: Toxapex
|
|upkeep
|
|t:|1781123548
|switch|p2a: Darkrai|Darkrai|88/100
|-damage|p2a: Darkrai|76/100|[from] Stealth Rock
|turn|25
|
|t:|1781123554
|move|p1a: Kingambit|Sucker Punch||[still]
|-fail|p1a: Kingambit
|move|p2a: Darkrai|Trick|p1a: Kingambit
|-activate|p2a: Darkrai|move: Trick|[of] p1a: Kingambit
|-item|p1a: Kingambit|Choice Specs|[from] move: Trick
|-item|p2a: Darkrai|Leftovers|[from] move: Trick
|
|-heal|p2a: Darkrai|82/100|[from] item: Leftovers
|upkeep
|turn|26
|c|☆silver jay#2240|uhh
|
|t:|1781123566
|move|p1a: Kingambit|Sucker Punch|p2a: Darkrai
|-resisted|p2a: Darkrai
|-damage|p2a: Darkrai|5/100
|move|p2a: Darkrai|Dark Pulse|p1a: Kingambit
|-resisted|p1a: Kingambit
|-damage|p1a: Kingambit|77/100
|
|-heal|p2a: Darkrai|11/100|[from] item: Leftovers
|upkeep
|turn|27
|
|t:|1781123571
|move|p1a: Kingambit|Sucker Punch|p2a: Darkrai
|-resisted|p2a: Darkrai
|-damage|p2a: Darkrai|0 fnt
|faint|p2a: Darkrai
|
|upkeep
|
|t:|1781123572
|switch|p2a: Deoxys|Deoxys-Speed|100/100
|-damage|p2a: Deoxys|88/100|[from] Stealth Rock
|-ability|p2a: Deoxys|Pressure
|turn|28
|c| Professor Rai|switch mons
|c|☆silver jay#2240|gg
|c| Professor Rai|??
|c| Professor Rai|omg
|c|☆silver jay#2240|oh yeah
|c| Professor Rai|all you gotta do is switch
|c|☆silver jay#2240|i could do that for iike 8 turns
|c|☆silver jay#2240|and i win right
|c|☆silver jay#2240|doesnt matter
|
|t:|1781123591
|move|p1a: Kingambit|Sucker Punch||[still]
|-fail|p1a: Kingambit
|move|p2a: Deoxys|Calm Mind|p2a: Deoxys
|-boost|p2a: Deoxys|spa|1
|-boost|p2a: Deoxys|spd|1
|
|-heal|p2a: Deoxys|94/100|[from] item: Leftovers
|upkeep
|turn|29
|
|t:|1781123594
|move|p1a: Kingambit|Sucker Punch||[still]
|-fail|p1a: Kingambit
|move|p2a: Deoxys|Calm Mind|p2a: Deoxys
|-boost|p2a: Deoxys|spa|1
|-boost|p2a: Deoxys|spd|1
|
|-heal|p2a: Deoxys|99/100|[from] item: Leftovers
|upkeep
|turn|30
|
|t:|1781123596
|move|p1a: Kingambit|Sucker Punch||[still]
|-fail|p1a: Kingambit
|move|p2a: Deoxys|Iron Defense|p2a: Deoxys
|-boost|p2a: Deoxys|def|2
|
|-heal|p2a: Deoxys|100/100|[from] item: Leftovers
|upkeep
|turn|31
|c| Professor Rai|oh right
|
|t:|1781123599
|move|p2a: Deoxys|Iron Defense|p2a: Deoxys
|-boost|p2a: Deoxys|def|2
|-activate|p1a: Kingambit|move: Struggle
|move|p1a: Kingambit|Struggle|p2a: Deoxys
|-damage|p2a: Deoxys|74/100
|-damage|p1a: Kingambit|52/100|[from] recoil
|
|-heal|p2a: Deoxys|80/100|[from] item: Leftovers
|upkeep
|turn|32
|
|t:|1781123601
|move|p2a: Deoxys|Iron Defense|p2a: Deoxys
|-boost|p2a: Deoxys|def|2
|-activate|p1a: Kingambit|move: Struggle
|move|p1a: Kingambit|Struggle|p2a: Deoxys
|-damage|p2a: Deoxys|63/100
|-damage|p1a: Kingambit|27/100|[from] recoil
|
|-heal|p2a: Deoxys|69/100|[from] item: Leftovers
|upkeep
|turn|33
|
|t:|1781123603
|move|p2a: Deoxys|Recover|p2a: Deoxys
|-heal|p2a: Deoxys|100/100
|-activate|p1a: Kingambit|move: Struggle
|move|p1a: Kingambit|Struggle|p2a: Deoxys
|-damage|p2a: Deoxys|81/100
|-damage|p1a: Kingambit|2/100|[from] recoil
|
|-heal|p2a: Deoxys|87/100|[from] item: Leftovers
|upkeep
|turn|34
|
|t:|1781123605
|move|p2a: Deoxys|Recover|p2a: Deoxys
|-heal|p2a: Deoxys|100/100
|-activate|p1a: Kingambit|move: Struggle
|move|p1a: Kingambit|Struggle|p2a: Deoxys
|-damage|p2a: Deoxys|83/100
|-damage|p1a: Kingambit|0 fnt|[from] recoil
|faint|p1a: Kingambit
|-end|p1a: Kingambit|fallen5|[silent]
|
|win|silver jay#2240
|raw|blackgokuking's rating: 1679 &rarr; <strong>1659</strong><br />(-20 for losing)
|raw|silver jay#2240's rating: 1680 &rarr; <strong>1700</strong><br />(+20 for winning)
|c| Professor Rai|cos u said "uhh"
|c|☆blackgokuking|ggs
|c|☆silver jay#2240|gg
|l|☆blackgokuking
|player|p1|
|l|☆silver jay#2240
|player|p2|
