|j|☆cachowcapow
|j|☆serpico XD
|t:|1781083474
|gametype|singles
|player|p1|cachowcapow|265|1637
|player|p2|serpico XD|blue|1615
|gen|9
|tier|[Gen 9] OU
|rated|
|rule|HP Percentage Mod: HP is shown in percentages
|rule|Endless Battle Clause: Forcing endless battles is banned
|rule|Species Clause: Limit one of each Pokémon
|rule|OHKO Clause: OHKO moves are banned
|rule|Evasion Items Clause: Evasion items are banned
|rule|Evasion Moves Clause: Evasion moves are banned
|rule|Evasion Abilities Clause: Evasion abilities are banned
|rule|Sleep Moves Clause: Sleep-inducing moves are banned
|clearpoke
|poke|p1|Tornadus-Therian, M|
|poke|p1|Slowking-Galar, M|
|poke|p1|Kyurem|
|poke|p1|Cinderace, M|
|poke|p1|Iron Treads|
|poke|p1|Alomomola, M|
|poke|p2|Pelipper, F|
|poke|p2|Barraskewda, M|
|poke|p2|Corviknight, F|
|poke|p2|Raging Bolt|
|poke|p2|Iron Treads|
|poke|p2|Clodsire, F|
|teampreview
|c|☆serpico XD|glhf
|inactive|Battle timer is ON: inactive players will automatically lose when time's up. (requested by serpico XD)
|
|t:|1781083503
|teamsize|p1|6
|teamsize|p2|6
|start
|switch|p1a: Kyurem|Kyurem|100/100
|switch|p2a: Barraskewda|Barraskewda, M|100/100
|-ability|p1a: Kyurem|Pressure
|turn|1
|
|t:|1781083522
|switch|p1a: Slowking|Slowking-Galar, M|100/100
|move|p2a: Barraskewda|Close Combat|p1a: Slowking
|-resisted|p1a: Slowking
|-damage|p1a: Slowking|88/100
|-unboost|p2a: Barraskewda|def|1
|-unboost|p2a: Barraskewda|spd|1
|-damage|p2a: Barraskewda|84/100|[from] item: Rocky Helmet|[of] p1a: Slowking
|
|upkeep
|turn|2
|
|t:|1781083528
|switch|p2a: Clodsire|Clodsire, F, shiny|100/100
|move|p1a: Slowking|Future Sight|p2a: Clodsire
|-start|p1a: Slowking|move: Future Sight
|
|upkeep
|turn|3
|
|t:|1781083535
|-prepare|p1a: Slowking|Chilly Reception|[premajor]
|move|p1a: Slowking|Chilly Reception|p1a: Slowking
|-weather|Snowscape
|
|t:|1781083539
|switch|p1a: Tornadus|Tornadus-Therian, M|100/100|[from] Chilly Reception
|move|p2a: Clodsire|Stealth Rock|p1a: Tornadus
|-sidestart|p1: cachowcapow|move: Stealth Rock
|
|-weather|Snowscape|[upkeep]
|upkeep
|turn|4
|
|t:|1781083542
|move|p1a: Tornadus|Knock Off|p2a: Clodsire
|-damage|p2a: Clodsire|79/100
|-enditem|p2a: Clodsire|Leftovers|[from] move: Knock Off|[of] p1a: Tornadus
|move|p2a: Clodsire|Toxic|p1a: Tornadus
|-status|p1a: Tornadus|tox
|
|-weather|Snowscape|[upkeep]
|-end|p2a: Clodsire|move: Future Sight
|-supereffective|p2a: Clodsire
|-damage|p2a: Clodsire|30/100
|-damage|p1a: Tornadus|94/100 tox|[from] psn
|upkeep
|turn|5
|
|t:|1781083549
|move|p1a: Tornadus|U-turn|p2a: Clodsire
|-resisted|p2a: Clodsire
|-damage|p2a: Clodsire|22/100
|
|t:|1781083554
|switch|p1a: Iron Treads|Iron Treads|100/100|[from] U-turn
|-damage|p1a: Iron Treads|97/100|[from] Stealth Rock
|move|p2a: Clodsire|Recover|p2a: Clodsire
|-heal|p2a: Clodsire|72/100
|
|-weather|Snowscape|[upkeep]
|upkeep
|turn|6
|
|t:|1781083560
|switch|p2a: Pelipper|Pelipper, F|100/100
|-weather|RainDance|[from] ability: Drizzle|[of] p2a: Pelipper
|move|p1a: Iron Treads|Earth Power|p2a: Pelipper
|-immune|p2a: Pelipper
|
|-weather|RainDance|[upkeep]
|upkeep
|turn|7
|
|t:|1781083567
|move|p1a: Iron Treads|Volt Switch|p2a: Pelipper
|-supereffective|p2a: Pelipper
|-damage|p2a: Pelipper|5/100
|
|t:|1781083571
|-end|p1a: Iron Treads|Quark Drive|[silent]
|switch|p1a: Slowking|Slowking-Galar, M|100/100|[from] Volt Switch
|-damage|p1a: Slowking|88/100|[from] Stealth Rock
|move|p2a: Pelipper|Weather Ball|p1a: Slowking
|-damage|p1a: Slowking|50/100
|
|-weather|RainDance|[upkeep]
|upkeep
|turn|8
|
|t:|1781083586
|move|p2a: Pelipper|Hurricane|p1a: Slowking
|-damage|p1a: Slowking|25/100
|-prepare|p1a: Slowking|Chilly Reception|[premajor]
|move|p1a: Slowking|Chilly Reception|p1a: Slowking
|-weather|Snowscape
|
|t:|1781083591
|switch|p1a: Iron Treads|Iron Treads|97/100|[from] Chilly Reception
|-damage|p1a: Iron Treads|94/100|[from] Stealth Rock
|
|-weather|Snowscape|[upkeep]
|upkeep
|turn|9
|
|t:|1781083597
|switch|p2a: Iron Treads|Iron Treads|100/100
|move|p1a: Iron Treads|Rapid Spin|p2a: Iron Treads
|-resisted|p2a: Iron Treads
|-damage|p2a: Iron Treads|95/100
|-boost|p1a: Iron Treads|spe|1
|-sideend|p1: cachowcapow|Stealth Rock|[from] move: Rapid Spin|[of] p1a: Iron Treads
|
|-weather|Snowscape|[upkeep]
|-heal|p2a: Iron Treads|100/100|[from] item: Leftovers
|upkeep
|turn|10
|
|t:|1781083605
|move|p1a: Iron Treads|Earth Power|p2a: Iron Treads
|-supereffective|p2a: Iron Treads
|-damage|p2a: Iron Treads|0 fnt
|faint|p2a: Iron Treads
|-end|p2a: Iron Treads|Quark Drive|[silent]
|
|-weather|Snowscape|[upkeep]
|upkeep
|
|t:|1781083612
|switch|p2a: Clodsire|Clodsire, F, shiny|72/100
|turn|11
|
|t:|1781083617
|-terastallize|p1a: Iron Treads|Ground
|move|p1a: Iron Treads|Earth Power|p2a: Clodsire
|-supereffective|p2a: Clodsire
|-damage|p2a: Clodsire|22/100
|move|p2a: Clodsire|Stealth Rock|p1a: Iron Treads
|-sidestart|p1: cachowcapow|move: Stealth Rock
|
|-weather|Snowscape|[upkeep]
|upkeep
|turn|12
|
|t:|1781083622
|switch|p2a: Corviknight|Corviknight, F|100/100
|move|p1a: Iron Treads|Rapid Spin|p2a: Corviknight
|-resisted|p2a: Corviknight
|-damage|p2a: Corviknight|97/100
|-boost|p1a: Iron Treads|spe|1
|-damage|p1a: Iron Treads|78/100|[from] item: Rocky Helmet|[of] p2a: Corviknight
|-sideend|p1: cachowcapow|Stealth Rock|[from] move: Rapid Spin|[of] p1a: Iron Treads
|
|-weather|none
|upkeep
|turn|13
|
|t:|1781083626
|move|p1a: Iron Treads|Volt Switch|p2a: Corviknight
|-supereffective|p2a: Corviknight
|-damage|p2a: Corviknight|66/100
|
|t:|1781083631
|-end|p1a: Iron Treads|Quark Drive|[silent]
|switch|p1a: Slowking|Slowking-Galar, M|58/100|[from] Volt Switch
|move|p2a: Corviknight|Body Press|p1a: Slowking
|-resisted|p1a: Slowking
|-damage|p1a: Slowking|53/100
|-damage|p2a: Corviknight|49/100|[from] item: Rocky Helmet|[of] p1a: Slowking
|
|upkeep
|turn|14
|
|t:|1781083637
|move|p2a: Corviknight|Roost|p2a: Corviknight
|-heal|p2a: Corviknight|99/100
|-singleturn|p2a: Corviknight|move: Roost
|-prepare|p1a: Slowking|Chilly Reception|[premajor]
|move|p1a: Slowking|Chilly Reception|p1a: Slowking
|-weather|Snowscape
|
|t:|1781083645
|switch|p1a: Cinderace|Cinderace, M|100/100|[from] Chilly Reception
|
|-weather|Snowscape|[upkeep]
|upkeep
|turn|15
|
|t:|1781083648
|switch|p2a: Raging Bolt|Raging Bolt|100/100
|move|p1a: Cinderace|U-turn|p2a: Raging Bolt
|-start|p1a: Cinderace|typechange|Bug|[from] ability: Libero
|-damage|p2a: Raging Bolt|73/100
|
|t:|1781083655
|switch|p1a: Iron Treads|Iron Treads, tera:Ground|78/100|[from] U-turn
|
|-weather|Snowscape|[upkeep]
|upkeep
|turn|16
|
|t:|1781083662
|-end|p2a: Raging Bolt|Protosynthesis|[silent]
|switch|p2a: Pelipper|Pelipper, F|5/100
|-weather|RainDance|[from] ability: Drizzle|[of] p2a: Pelipper
|move|p1a: Iron Treads|Volt Switch|p2a: Pelipper
|-supereffective|p2a: Pelipper
|-damage|p2a: Pelipper|0 fnt
|faint|p2a: Pelipper
|
|t:|1781083673
|-end|p1a: Iron Treads|Quark Drive|[silent]
|switch|p1a: Slowking|Slowking-Galar, M|86/100|[from] Volt Switch
|
|-weather|RainDance|[upkeep]
|upkeep
|
|t:|1781083678
|switch|p2a: Barraskewda|Barraskewda, M|84/100
|turn|17
|
|t:|1781083681
|switch|p1a: Alomomola|Alomomola, M|100/100
|-terastallize|p2a: Barraskewda|Water
|move|p2a: Barraskewda|Liquidation|p1a: Alomomola
|-resisted|p1a: Alomomola
|-damage|p1a: Alomomola|56/100
|
|-weather|RainDance|[upkeep]
|upkeep
|turn|18
|
|t:|1781083684
|move|p2a: Barraskewda|Liquidation|p1a: Alomomola
|-resisted|p1a: Alomomola
|-damage|p1a: Alomomola|12/100
|move|p1a: Alomomola|Flip Turn|p2a: Barraskewda
|-resisted|p2a: Barraskewda
|-damage|p2a: Barraskewda|61/100
|
|t:|1781083690
|switch|p1a: Kyurem|Kyurem|100/100|[from] Flip Turn
|-ability|p1a: Kyurem|Pressure
|
|-weather|RainDance|[upkeep]
|upkeep
|turn|19
|
|t:|1781083694
|move|p2a: Barraskewda|Liquidation|p1a: Kyurem
|-resisted|p1a: Kyurem
|-damage|p1a: Kyurem|38/100
|move|p1a: Kyurem|Freeze-Dry|p2a: Barraskewda
|-supereffective|p2a: Barraskewda
|-damage|p2a: Barraskewda|0 fnt
|faint|p2a: Barraskewda
|
|-weather|RainDance|[upkeep]
|upkeep
|-message|serpico XD forfeited.
|
|win|cachowcapow
|raw|cachowcapow's rating: 1637 &rarr; <strong>1656</strong><br />(+19 for winning)
|raw|serpico XD's rating: 1615 &rarr; <strong>1596</strong><br />(-19 for losing)
|l|☆serpico XD
|player|p2|
|l|☆cachowcapow
|player|p1|
