|j|☆smoldracovish
|j|☆201187abc
|t:|1781256488
|gametype|singles
|player|p1|smoldracovish|102|1516
|player|p2|201187abc|101|1614
|gen|9
|tier|[Gen 9] OU
|rated|
|rule|HP Percentage Mod: HP is shown in percentages
|rule|Endless Battle Clause: Forcing endless battles is banned
|rule|Species Clause: Limit one of each Pokémon
|rule|OHKO Clause: OHKO moves are banned
|rule|Evasion Items Clause: Evasion items are banned
|rule|Evasion Moves Clause: Evasion moves are banned
|rule|Evasion Abilities Clause: Evasion abilities are banned
|rule|Sleep Moves Clause: Sleep-inducing moves are banned
|clearpoke
|poke|p1|Lokix, F|
|poke|p1|Cinderace, F|
|poke|p1|Great Tusk|
|poke|p1|Alomomola, F|
|poke|p1|Enamorus, F|
|poke|p1|Slowking-Galar, M|
|poke|p2|Alomomola, M|
|poke|p2|Dragapult, M|
|poke|p2|Lokix, F|
|poke|p2|Great Tusk|
|poke|p2|Enamorus, F|
|poke|p2|Iron Crown|
|teampreview
|j| TheSacredJackal⨕
|
|t:|1781256505
|teamsize|p1|6
|teamsize|p2|6
|start
|switch|p1a: Enamorus|Enamorus, F|100/100
|switch|p2a: Dragapult|Dragapult, M|100/100
|turn|1
|
|t:|1781256510
|switch|p2a: Alomomola|Alomomola, M|100/100
|move|p1a: Enamorus|Moonblast|p2a: Alomomola
|-damage|p2a: Alomomola|74/100
|-unboost|p2a: Alomomola|spa|1
|
|upkeep
|turn|2
|
|t:|1781256522
|switch|p1a: Alomomola|Alomomola, F|100/100
|move|p2a: Alomomola|Flip Turn|p1a: Alomomola
|-resisted|p1a: Alomomola
|-damage|p1a: Alomomola|95/100
|j| amefurikoneko
|
|t:|1781256528
|switch|p2a: Lokix|Lokix, F|100/100|[from] Flip Turn
|
|upkeep
|turn|3
|
|t:|1781256536
|move|p2a: Lokix|Knock Off|p1a: Alomomola
|-damage|p1a: Alomomola|36/100
|-enditem|p1a: Alomomola|Assault Vest|[from] move: Knock Off|[of] p2a: Lokix
|move|p1a: Alomomola|Flip Turn|p2a: Lokix
|-damage|p2a: Lokix|77/100
|
|t:|1781256540
|switch|p1a: Cinderace|Cinderace, F|100/100|[from] Flip Turn
|
|upkeep
|turn|4
|
|t:|1781256544
|switch|p2a: Alomomola|Alomomola, M|100/100
|move|p1a: Cinderace|Will-O-Wisp|p2a: Alomomola
|-status|p2a: Alomomola|brn
|
|-damage|p2a: Alomomola|94/100 brn|[from] brn
|upkeep
|turn|5
|
|t:|1781256547
|move|p1a: Cinderace|U-turn|p2a: Alomomola
|-damage|p2a: Alomomola|81/100 brn
|
|t:|1781256548
|switch|p1a: Alomomola|Alomomola, F|70/100|[from] U-turn
|move|p2a: Alomomola|Flip Turn|p1a: Alomomola
|-resisted|p1a: Alomomola
|-damage|p1a: Alomomola|66/100
|
|t:|1781256569
|switch|p2a: Dragapult|Dragapult, M|100/100|[from] Flip Turn
|
|upkeep
|turn|6
|
|t:|1781256586
|move|p2a: Dragapult|Phantom Force||[still]
|-prepare|p2a: Dragapult|Phantom Force
|move|p1a: Alomomola|Flip Turn|p2a: Dragapult|[miss]
|-miss|p1a: Alomomola|p2a: Dragapult
|
|upkeep
|turn|7
|
|t:|1781256591
|switch|p1a: Great Tusk|Great Tusk|100/100
|move|p2a: Dragapult|Phantom Force|p1a: Great Tusk|[from] lockedmove
|-damage|p1a: Great Tusk|65/100
|
|-heal|p1a: Great Tusk|71/100|[from] item: Leftovers
|upkeep
|turn|8
|
|t:|1781256603
|switch|p2a: Enamorus|Enamorus, F|100/100
|-end|p1a: Great Tusk|Protosynthesis|[silent]
|switch|p1a: Alomomola|Alomomola, F|99/100
|
|upkeep
|turn|9
|
|t:|1781256610
|move|p2a: Enamorus|Moonblast|p1a: Alomomola
|-crit|p1a: Alomomola
|-damage|p1a: Alomomola|43/100
|move|p1a: Alomomola|Body Slam|p2a: Enamorus
|-damage|p2a: Enamorus|75/100
|
|upkeep
|turn|10
|
|t:|1781256617
|switch|p2a: Alomomola|Alomomola, M|100/100 brn
|move|p1a: Alomomola|Flip Turn|p2a: Alomomola
|-resisted|p2a: Alomomola
|-damage|p2a: Alomomola|94/100 brn
|
|t:|1781256624
|switch|p1a: Slowking|Slowking-Galar, M|100/100|[from] Flip Turn
|
|-damage|p2a: Alomomola|88/100 brn|[from] brn
|upkeep
|turn|11
|
|t:|1781256630
|move|p2a: Alomomola|Flip Turn|p1a: Slowking
|-crit|p1a: Slowking
|-damage|p1a: Slowking|91/100
|
|t:|1781256634
|switch|p2a: Iron Crown|Iron Crown|100/100|[from] Flip Turn
|move|p1a: Slowking|Future Sight|p2a: Iron Crown
|-start|p1a: Slowking|move: Future Sight
|
|upkeep
|turn|12
|
|t:|1781256646
|move|p2a: Iron Crown|Psyshock|p1a: Slowking
|-damage|p1a: Slowking|50/100
|-prepare|p1a: Slowking|Chilly Reception|[premajor]
|move|p1a: Slowking|Chilly Reception|p1a: Slowking
|-weather|Snowscape
|
|t:|1781256652
|switch|p1a: Cinderace|Cinderace, F|100/100|[from] Chilly Reception
|
|-weather|Snowscape|[upkeep]
|upkeep
|turn|13
|
|t:|1781256657
|-end|p2a: Iron Crown|Quark Drive|[silent]
|switch|p2a: Alomomola|Alomomola, M|100/100 brn
|move|p1a: Cinderace|U-turn|p2a: Alomomola
|-damage|p2a: Alomomola|87/100 brn
|
|t:|1781256659
|switch|p1a: Lokix|Lokix, F|100/100|[from] U-turn
|
|-weather|Snowscape|[upkeep]
|-end|p2a: Alomomola|move: Future Sight
|-damage|p2a: Alomomola|63/100 brn
|-damage|p2a: Alomomola|57/100 brn|[from] brn
|upkeep
|turn|14
|
|t:|1781256665
|switch|p2a: Great Tusk|Great Tusk|100/100
|move|p1a: Lokix|U-turn|p2a: Great Tusk
|-resisted|p2a: Great Tusk
|-damage|p2a: Great Tusk|67/100
|
|t:|1781256671
|switch|p1a: Enamorus|Enamorus, F|100/100|[from] U-turn
|
|-weather|Snowscape|[upkeep]
|upkeep
|turn|15
|
|t:|1781256682
|switch|p1a: Slowking|Slowking-Galar, M|84/100
|-end|p2a: Great Tusk|Protosynthesis|[silent]
|switch|p2a: Alomomola|Alomomola, M|90/100 brn
|
|-weather|Snowscape|[upkeep]
|-damage|p2a: Alomomola|84/100 brn|[from] brn
|upkeep
|turn|16
|
|t:|1781256689
|switch|p2a: Lokix|Lokix, F|77/100
|move|p1a: Slowking|Sludge Bomb|p2a: Lokix
|-damage|p2a: Lokix|17/100
|
|-weather|none
|upkeep
|turn|17
|
|t:|1781256698
|switch|p1a: Alomomola|Alomomola, F|76/100
|move|p2a: Lokix|Knock Off|p1a: Alomomola
|-damage|p1a: Alomomola|37/100
|
|upkeep
|turn|18
|inactive|Battle timer is ON: inactive players will automatically lose when time's up. (requested by 201187abc)
|
|t:|1781256734
|switch|p2a: Dragapult|Dragapult, M|100/100
|switch|p1a: Great Tusk|Great Tusk|71/100
|
|-heal|p1a: Great Tusk|78/100|[from] item: Leftovers
|upkeep
|turn|19
|
|t:|1781256742
|-end|p1a: Great Tusk|Protosynthesis|[silent]
|switch|p1a: Alomomola|Alomomola, F|71/100
|move|p2a: Dragapult|Dragon Darts|p1a: Alomomola
|-damage|p1a: Alomomola|41/100
|-anim|p2a: Dragapult|Dragon Darts|p1a: Alomomola
|-damage|p1a: Alomomola|15/100
|
|upkeep
|turn|20
|
|t:|1781256755
|switch|p2a: Alomomola|Alomomola, M|100/100 brn
|switch|p1a: Enamorus|Enamorus, F|100/100
|
|-damage|p2a: Alomomola|94/100 brn|[from] brn
|upkeep
|turn|21
|
|t:|1781256760
|move|p1a: Enamorus|Moonblast|p2a: Alomomola
|-damage|p2a: Alomomola|67/100 brn
|-unboost|p2a: Alomomola|spa|1
|move|p2a: Alomomola|Flip Turn|p1a: Enamorus
|-damage|p1a: Enamorus|87/100
|
|t:|1781256766
|switch|p2a: Iron Crown|Iron Crown|100/100|[from] Flip Turn
|
|upkeep
|turn|22
|
|t:|1781256790
|switch|p1a: Slowking|Slowking-Galar, M|100/100
|move|p2a: Iron Crown|Volt Switch|p1a: Slowking
|-damage|p1a: Slowking|70/100
|
|t:|1781256797
|-end|p2a: Iron Crown|Quark Drive|[silent]
|switch|p2a: Lokix|Lokix, F|17/100|[from] Volt Switch
|
|upkeep
|turn|23
|inactive|smoldracovish has 120 seconds left.
|
|t:|1781256830
|switch|p1a: Alomomola|Alomomola, F|48/100
|move|p2a: Lokix|Knock Off|p1a: Alomomola
|-damage|p1a: Alomomola|13/100
|
|upkeep
|turn|24
|inactive|smoldracovish has 120 seconds left.
|
|t:|1781256841
|switch|p1a: Great Tusk|Great Tusk|78/100
|move|p2a: Lokix|Knock Off|p1a: Great Tusk
|-resisted|p1a: Great Tusk
|-damage|p1a: Great Tusk|42/100
|-enditem|p1a: Great Tusk|Leftovers|[from] move: Knock Off|[of] p2a: Lokix
|
|upkeep
|turn|25
|
|t:|1781256847
|switch|p2a: Great Tusk|Great Tusk|67/100
|move|p1a: Great Tusk|Knock Off|p2a: Great Tusk
|-resisted|p2a: Great Tusk
|-damage|p2a: Great Tusk|58/100
|-enditem|p2a: Great Tusk|Heavy-Duty Boots|[from] move: Knock Off|[of] p1a: Great Tusk
|
|upkeep
|turn|26
|inactive|smoldracovish has 120 seconds left.
|
|t:|1781256865
|move|p2a: Great Tusk|Rapid Spin|p1a: Great Tusk
|-damage|p1a: Great Tusk|34/100
|-boost|p2a: Great Tusk|spe|1
|move|p1a: Great Tusk|Bulk Up|p1a: Great Tusk
|-boost|p1a: Great Tusk|atk|1
|-boost|p1a: Great Tusk|def|1
|
|upkeep
|turn|27
|
|t:|1781256870
|-end|p2a: Great Tusk|Protosynthesis|[silent]
|switch|p2a: Enamorus|Enamorus, F|75/100
|move|p1a: Great Tusk|Earthquake|p2a: Enamorus
|-immune|p2a: Enamorus
|
|upkeep
|turn|28
|
|t:|1781256876
|-end|p1a: Great Tusk|Protosynthesis|[silent]
|switch|p1a: Slowking|Slowking-Galar, M|100/100
|move|p2a: Enamorus|Earth Power|p1a: Slowking
|-supereffective|p1a: Slowking
|-enditem|p1a: Slowking|Shuca Berry|[eat]
|-enditem|p1a: Slowking|Shuca Berry|[weaken]
|-damage|p1a: Slowking|73/100
|
|upkeep
|turn|29
|
|t:|1781256885
|switch|p2a: Iron Crown|Iron Crown|100/100
|move|p1a: Slowking|Future Sight|p2a: Iron Crown
|-start|p1a: Slowking|move: Future Sight
|
|upkeep
|turn|30
|
|t:|1781256897
|move|p2a: Iron Crown|Volt Switch|p1a: Slowking
|-damage|p1a: Slowking|47/100
|
|t:|1781256907
|-end|p2a: Iron Crown|Quark Drive|[silent]
|switch|p2a: Lokix|Lokix, F|17/100|[from] Volt Switch
|-prepare|p1a: Slowking|Chilly Reception|[premajor]
|move|p1a: Slowking|Chilly Reception|p1a: Slowking
|-weather|Snowscape
|
|t:|1781256915
|switch|p1a: Cinderace|Cinderace, F|100/100|[from] Chilly Reception
|
|-weather|Snowscape|[upkeep]
|upkeep
|turn|31
|
|t:|1781256921
|switch|p2a: Alomomola|Alomomola, M|99/100 brn
|move|p1a: Cinderace|U-turn|p2a: Alomomola
|-damage|p2a: Alomomola|86/100 brn
|
|t:|1781256924
|switch|p1a: Slowking|Slowking-Galar, M|80/100|[from] U-turn
|
|-weather|Snowscape|[upkeep]
|-end|p2a: Alomomola|move: Future Sight
|-damage|p2a: Alomomola|66/100 brn
|-damage|p2a: Alomomola|59/100 brn|[from] brn
|upkeep
|turn|32
|
|t:|1781256930
|switch|p2a: Iron Crown|Iron Crown|100/100
|move|p1a: Slowking|Future Sight|p2a: Iron Crown
|-start|p1a: Slowking|move: Future Sight
|
|-weather|Snowscape|[upkeep]
|upkeep
|turn|33
|
|t:|1781256941
|move|p2a: Iron Crown|Tachyon Cutter|p1a: Slowking
|-damage|p1a: Slowking|52/100
|-damage|p1a: Slowking|21/100
|-hitcount|p1a: Slowking|2
|-prepare|p1a: Slowking|Chilly Reception|[premajor]
|move|p1a: Slowking|Chilly Reception|p1a: Slowking
|
|t:|1781256949
|switch|p1a: Alomomola|Alomomola, F|47/100|[from] Chilly Reception
|
|-weather|Snowscape|[upkeep]
|upkeep
|turn|34
|
|t:|1781256957
|-end|p2a: Iron Crown|Quark Drive|[silent]
|switch|p2a: Alomomola|Alomomola, M|93/100 brn
|move|p1a: Alomomola|Flip Turn|p2a: Alomomola
|-resisted|p2a: Alomomola
|-damage|p2a: Alomomola|86/100 brn
|
|t:|1781256959
|switch|p1a: Slowking|Slowking-Galar, M|54/100|[from] Flip Turn
|
|-weather|none
|-end|p2a: Alomomola|move: Future Sight
|-damage|p2a: Alomomola|64/100 brn
|-damage|p2a: Alomomola|58/100 brn|[from] brn
|upkeep
|turn|35
|
|t:|1781256968
|switch|p2a: Great Tusk|Great Tusk|58/100
|move|p1a: Slowking|Sludge Bomb|p2a: Great Tusk
|-resisted|p2a: Great Tusk
|-damage|p2a: Great Tusk|37/100
|-status|p2a: Great Tusk|psn
|
|-damage|p2a: Great Tusk|25/100 psn|[from] psn
|upkeep
|turn|36
|
|t:|1781256981
|-end|p2a: Great Tusk|Protosynthesis|[silent]
|switch|p2a: Alomomola|Alomomola, M|91/100 brn
|switch|p1a: Enamorus|Enamorus, F|87/100
|
|-damage|p2a: Alomomola|85/100 brn|[from] brn
|upkeep
|turn|37
|l| amefurikoneko
|inactive|smoldracovish has 120 seconds left.
|
|t:|1781257015
|switch|p1a: Alomomola|Alomomola, F|80/100
|move|p2a: Alomomola|Flip Turn|p1a: Alomomola
|-resisted|p1a: Alomomola
|-damage|p1a: Alomomola|77/100
|inactive|201187abc has 120 seconds left.
|
|t:|1781257045
|switch|p2a: Iron Crown|Iron Crown|100/100|[from] Flip Turn
|
|upkeep
|turn|38
|
|t:|1781257049
|move|p2a: Iron Crown|Volt Switch|p1a: Alomomola
|-supereffective|p1a: Alomomola
|-damage|p1a: Alomomola|30/100
|
|t:|1781257053
|-end|p2a: Iron Crown|Quark Drive|[silent]
|switch|p2a: Alomomola|Alomomola, M|100/100 brn|[from] Volt Switch
|move|p1a: Alomomola|Flip Turn|p2a: Alomomola
|-resisted|p2a: Alomomola
|-damage|p2a: Alomomola|95/100 brn
|
|t:|1781257056
|switch|p1a: Slowking|Slowking-Galar, M|88/100|[from] Flip Turn
|
|-damage|p2a: Alomomola|89/100 brn|[from] brn
|upkeep
|turn|39
|
|t:|1781257060
|move|p2a: Alomomola|Flip Turn|p1a: Slowking
|-damage|p1a: Slowking|82/100
|l| TheSacredJackal⨕
|
|t:|1781257067
|switch|p2a: Dragapult|Dragapult, M|100/100|[from] Flip Turn
|move|p1a: Slowking|Future Sight|p2a: Dragapult
|-start|p1a: Slowking|move: Future Sight
|
|upkeep
|turn|40
|
|t:|1781257078
|move|p2a: Dragapult|U-turn|p1a: Slowking
|-damage|p1a: Slowking|58/100
|
|t:|1781257082
|switch|p2a: Iron Crown|Iron Crown|100/100|[from] U-turn
|-prepare|p1a: Slowking|Chilly Reception|[premajor]
|move|p1a: Slowking|Chilly Reception|p1a: Slowking
|-weather|Snowscape
|
|t:|1781257085
|switch|p1a: Cinderace|Cinderace, F|100/100|[from] Chilly Reception
|
|-weather|Snowscape|[upkeep]
|upkeep
|turn|41
|
|t:|1781257090
|-end|p2a: Iron Crown|Quark Drive|[silent]
|switch|p2a: Alomomola|Alomomola, M|100/100 brn
|move|p1a: Cinderace|Pyro Ball|p2a: Alomomola
|-resisted|p2a: Alomomola
|-damage|p2a: Alomomola|82/100 brn
|
|-weather|Snowscape|[upkeep]
|-end|p2a: Alomomola|move: Future Sight
|-damage|p2a: Alomomola|59/100 brn
|-damage|p2a: Alomomola|53/100 brn|[from] brn
|upkeep
|turn|42
|
|t:|1781257099
|move|p1a: Cinderace|U-turn|p2a: Alomomola
|-damage|p2a: Alomomola|39/100 brn
|
|t:|1781257100
|switch|p1a: Alomomola|Alomomola, F|64/100|[from] U-turn
|move|p2a: Alomomola|Flip Turn|p1a: Alomomola
|-resisted|p1a: Alomomola
|-damage|p1a: Alomomola|61/100
|
|t:|1781257119
|switch|p2a: Lokix|Lokix, F|17/100|[from] Flip Turn
|
|-weather|Snowscape|[upkeep]
|upkeep
|turn|43
|
|t:|1781257126
|-terastallize|p2a: Lokix|Bug
|move|p2a: Lokix|First Impression|p1a: Alomomola
|-damage|p1a: Alomomola|0 fnt
|faint|p1a: Alomomola
|
|-weather|Snowscape|[upkeep]
|upkeep
|
|t:|1781257131
|switch|p1a: Lokix|Lokix, F|100/100
|turn|44
|
|t:|1781257140
|switch|p2a: Great Tusk|Great Tusk|25/100 psn
|move|p1a: Lokix|U-turn|p2a: Great Tusk
|-resisted|p2a: Great Tusk
|-damage|p2a: Great Tusk|0 fnt
|faint|p2a: Great Tusk
|-end|p2a: Great Tusk|Protosynthesis|[silent]
|
|t:|1781257149
|switch|p1a: Enamorus|Enamorus, F|87/100|[from] U-turn
|
|-weather|none
|upkeep
|
|t:|1781257153
|switch|p2a: Alomomola|Alomomola, M|72/100 brn
|turn|45
|
|t:|1781257158
|move|p1a: Enamorus|Moonblast|p2a: Alomomola
|-damage|p2a: Alomomola|45/100 brn
|move|p2a: Alomomola|Flip Turn|p1a: Enamorus
|-damage|p1a: Enamorus|74/100
|
|t:|1781257163
|switch|p2a: Iron Crown|Iron Crown|100/100|[from] Flip Turn
|
|upkeep
|turn|46
|
|t:|1781257176
|switch|p1a: Slowking|Slowking-Galar, M|92/100
|move|p2a: Iron Crown|Psyshock|p1a: Slowking
|-damage|p1a: Slowking|49/100
|
|upkeep
|turn|47
|
|t:|1781257190
|-end|p2a: Iron Crown|Quark Drive|[silent]
|switch|p2a: Dragapult|Dragapult, M|100/100
|-prepare|p1a: Slowking|Chilly Reception|[premajor]
|move|p1a: Slowking|Chilly Reception|p1a: Slowking
|-weather|Snowscape
|
|t:|1781257198
|switch|p1a: Enamorus|Enamorus, F|74/100|[from] Chilly Reception
|
|-weather|Snowscape|[upkeep]
|upkeep
|turn|48
|
|t:|1781257202
|switch|p2a: Alomomola|Alomomola, M|79/100 brn
|move|p1a: Enamorus|Moonblast|p2a: Alomomola
|-damage|p2a: Alomomola|52/100 brn
|
|-weather|Snowscape|[upkeep]
|-damage|p2a: Alomomola|46/100 brn|[from] brn
|upkeep
|turn|49
|
|t:|1781257205
|move|p1a: Enamorus|Moonblast|p2a: Alomomola
|-damage|p2a: Alomomola|18/100 brn
|move|p2a: Alomomola|Flip Turn|p1a: Enamorus
|-crit|p1a: Enamorus
|-damage|p1a: Enamorus|55/100
|
|t:|1781257224
|switch|p2a: Lokix|Lokix, F, tera:Bug|17/100|[from] Flip Turn
|
|-weather|Snowscape|[upkeep]
|upkeep
|turn|50
|
|t:|1781257228
|move|p2a: Lokix|First Impression|p1a: Enamorus
|-resisted|p1a: Enamorus
|-damage|p1a: Enamorus|0 fnt
|faint|p1a: Enamorus
|
|-weather|Snowscape|[upkeep]
|upkeep
|
|t:|1781257239
|switch|p1a: Lokix|Lokix, F|100/100
|turn|51
|
|t:|1781257245
|switch|p2a: Alomomola|Alomomola, M|51/100 brn
|move|p1a: Lokix|Leech Life|p2a: Alomomola
|-damage|p2a: Alomomola|9/100 brn
|
|-weather|none
|-damage|p2a: Alomomola|3/100 brn|[from] brn
|upkeep
|turn|52
|
|t:|1781257251
|move|p1a: Lokix|Leech Life|p2a: Alomomola
|-damage|p2a: Alomomola|0 fnt
|faint|p2a: Alomomola
|
|upkeep
|
|t:|1781257262
|switch|p2a: Lokix|Lokix, F, tera:Bug|17/100
|turn|53
|
|t:|1781257269
|switch|p1a: Slowking|Slowking-Galar, M|82/100
|move|p2a: Lokix|First Impression|p1a: Slowking
|-damage|p1a: Slowking|18/100
|
|upkeep
|turn|54
|
|t:|1781257277
|switch|p2a: Iron Crown|Iron Crown|100/100
|-prepare|p1a: Slowking|Chilly Reception|[premajor]
|move|p1a: Slowking|Chilly Reception|p1a: Slowking
|-weather|Snowscape
|
|t:|1781257279
|switch|p1a: Cinderace|Cinderace, F|100/100|[from] Chilly Reception
|
|-weather|Snowscape|[upkeep]
|upkeep
|turn|55
|
|t:|1781257288
|-end|p2a: Iron Crown|Quark Drive|[silent]
|switch|p2a: Dragapult|Dragapult, M|100/100
|move|p1a: Cinderace|Pyro Ball|p2a: Dragapult
|-resisted|p2a: Dragapult
|-damage|p2a: Dragapult|67/100
|-status|p2a: Dragapult|brn
|
|-weather|Snowscape|[upkeep]
|-damage|p2a: Dragapult|61/100 brn|[from] brn
|upkeep
|turn|56
|
|t:|1781257296
|move|p2a: Dragapult|Dragon Darts|p1a: Cinderace
|-damage|p1a: Cinderace|80/100
|-anim|p2a: Dragapult|Dragon Darts|p1a: Cinderace
|-damage|p1a: Cinderace|56/100
|move|p1a: Cinderace|U-turn|p2a: Dragapult
|-resisted|p2a: Dragapult
|-damage|p2a: Dragapult|49/100 brn
|
|t:|1781257302
|switch|p1a: Slowking|Slowking-Galar, M|51/100|[from] U-turn
|
|-weather|Snowscape|[upkeep]
|-damage|p2a: Dragapult|43/100 brn|[from] brn
|upkeep
|turn|57
|
|t:|1781257319
|switch|p2a: Lokix|Lokix, F, tera:Bug|17/100
|move|p1a: Slowking|Future Sight|p2a: Lokix
|-start|p1a: Slowking|move: Future Sight
|
|-weather|Snowscape|[upkeep]
|upkeep
|turn|58
|inactive|201187abc has 120 seconds left.
|
|t:|1781257348
|switch|p1a: Great Tusk|Great Tusk|34/100
|move|p2a: Lokix|Knock Off|p1a: Great Tusk
|-resisted|p1a: Great Tusk
|-damage|p1a: Great Tusk|8/100
|
|-weather|none
|upkeep
|turn|59
|inactive|201187abc has 120 seconds left.
|
|t:|1781257372
|switch|p2a: Enamorus|Enamorus, F|75/100
|move|p1a: Great Tusk|Knock Off|p2a: Enamorus
|-resisted|p2a: Enamorus
|-damage|p2a: Enamorus|52/100
|-enditem|p2a: Enamorus|Choice Scarf|[from] move: Knock Off|[of] p1a: Great Tusk
|
|-end|p2a: Enamorus|move: Future Sight
|-damage|p2a: Enamorus|0 fnt
|faint|p2a: Enamorus
|upkeep
|
|t:|1781257384
|switch|p2a: Lokix|Lokix, F, tera:Bug|17/100
|turn|60
|
|t:|1781257389
|move|p2a: Lokix|First Impression|p1a: Great Tusk
|-resisted|p1a: Great Tusk
|-damage|p1a: Great Tusk|0 fnt
|faint|p1a: Great Tusk
|-end|p1a: Great Tusk|Protosynthesis|[silent]
|
|upkeep
|
|t:|1781257393
|switch|p1a: Lokix|Lokix, F|100/100
|turn|61
|
|t:|1781257398
|switch|p2a: Dragapult|Dragapult, M|43/100 brn
|move|p1a: Lokix|U-turn|p2a: Dragapult
|-resisted|p2a: Dragapult
|-damage|p2a: Dragapult|0 fnt
|faint|p2a: Dragapult
|
|t:|1781257401
|switch|p1a: Slowking|Slowking-Galar, M|84/100|[from] U-turn
|
|upkeep
|
|t:|1781257412
|switch|p2a: Lokix|Lokix, F, tera:Bug|17/100
|turn|62
|
|t:|1781257425
|-terastallize|p1a: Slowking|Water
|move|p2a: Lokix|U-turn|p1a: Slowking
|-damage|p1a: Slowking|34/100
|
|t:|1781257429
|switch|p2a: Iron Crown|Iron Crown|100/100|[from] U-turn
|move|p1a: Slowking|Sludge Bomb|p2a: Iron Crown
|-immune|p2a: Iron Crown
|
|upkeep
|turn|63
|
|t:|1781257436
|switch|p1a: Lokix|Lokix, F|100/100
|move|p2a: Iron Crown|Volt Switch|p1a: Lokix
|-damage|p1a: Lokix|36/100
|
|t:|1781257440
|-end|p2a: Iron Crown|Quark Drive|[silent]
|switch|p2a: Lokix|Lokix, F, tera:Bug|17/100|[from] Volt Switch
|
|upkeep
|turn|64
|
|t:|1781257451
|switch|p2a: Iron Crown|Iron Crown|100/100
|move|p1a: Lokix|First Impression|p2a: Iron Crown
|-damage|p2a: Iron Crown|27/100
|
|upkeep
|turn|65
|
|t:|1781257462
|switch|p1a: Slowking|Slowking-Galar, M, tera:Water|68/100
|move|p2a: Iron Crown|Volt Switch|p1a: Slowking
|-supereffective|p1a: Slowking
|-damage|p1a: Slowking|7/100
|
|t:|1781257467
|-end|p2a: Iron Crown|Quark Drive|[silent]
|switch|p2a: Lokix|Lokix, F, tera:Bug|17/100|[from] Volt Switch
|
|upkeep
|turn|66
|
|t:|1781257471
|move|p2a: Lokix|U-turn|p1a: Slowking
|-damage|p1a: Slowking|0 fnt
|faint|p1a: Slowking
|
|t:|1781257473
|switch|p2a: Iron Crown|Iron Crown|27/100|[from] U-turn
|
|upkeep
|
|t:|1781257476
|switch|p1a: Cinderace|Cinderace, F|56/100
|turn|67
|
|t:|1781257480
|move|p1a: Cinderace|Pyro Ball|p2a: Iron Crown
|-supereffective|p2a: Iron Crown
|-damage|p2a: Iron Crown|0 fnt
|faint|p2a: Iron Crown
|-end|p2a: Iron Crown|Quark Drive|[silent]
|
|upkeep
|
|t:|1781257483
|switch|p2a: Lokix|Lokix, F, tera:Bug|17/100
|turn|68
|c|☆smoldracovish|Gg
|c|☆201187abc|gg
|c|☆201187abc|i fumbled
|j| lord shiddenfards
|
|t:|1781257495
|move|p1a: Cinderace|Pyro Ball|p2a: Lokix
|-supereffective|p2a: Lokix
|-damage|p2a: Lokix|0 fnt
|faint|p2a: Lokix
|
|win|smoldracovish
|raw|smoldracovish's rating: 1516 &rarr; <strong>1541</strong><br />(+25 for winning)
|raw|201187abc's rating: 1614 &rarr; <strong>1589</strong><br />(-25 for losing)
|l|☆201187abc
|player|p2|
