|j|☆team10thPlanet
|j|☆rockeater9000
|t:|1780892178
|gametype|singles
|player|p1|team10thPlanet|veteran|1675
|player|p2|rockeater9000|1|1646
|gen|9
|tier|[Gen 9] OU
|rated|
|rule|HP Percentage Mod: HP is shown in percentages
|rule|Endless Battle Clause: Forcing endless battles is banned
|rule|Species Clause: Limit one of each Pokémon
|rule|OHKO Clause: OHKO moves are banned
|rule|Evasion Items Clause: Evasion items are banned
|rule|Evasion Moves Clause: Evasion moves are banned
|rule|Evasion Abilities Clause: Evasion abilities are banned
|rule|Sleep Moves Clause: Sleep-inducing moves are banned
|clearpoke
|poke|p1|Zamazenta-*|
|poke|p1|Dragonite, M|
|poke|p1|Araquanid, M|
|poke|p1|Iron Treads|
|poke|p1|Raikou|
|poke|p1|Hoopa-Unbound|
|poke|p2|Greninja-*, M|
|poke|p2|Glimmora, F|
|poke|p2|Garchomp, F|
|poke|p2|Iron Valiant|
|poke|p2|Kingambit, M|
|poke|p2|Ceruledge, M|
|teampreview
|
|t:|1780892195
|teamsize|p1|6
|teamsize|p2|6
|start
|switch|p1a: Hoopa|Hoopa-Unbound|100/100
|switch|p2a: Glimmora|Glimmora, F|100/100
|turn|1
|
|t:|1780892202
|move|p1a: Hoopa|Psychic|p2a: Glimmora
|-supereffective|p2a: Glimmora
|-damage|p2a: Glimmora|0 fnt
|faint|p2a: Glimmora
|
|upkeep
|
|t:|1780892206
|switch|p2a: Kingambit|Kingambit, M|100/100
|-activate|p2a: Kingambit|ability: Supreme Overlord
|-start|p2a: Kingambit|fallen1|[silent]
|turn|2
|
|t:|1780892211
|switch|p1a: Iron Treads|Iron Treads|100/100
|-enditem|p1a: Iron Treads|Booster Energy
|-activate|p1a: Iron Treads|ability: Quark Drive|[fromitem]
|-start|p1a: Iron Treads|quarkdrivespe
|move|p2a: Kingambit|Kowtow Cleave|p1a: Iron Treads
|-damage|p1a: Iron Treads|38/100
|
|upkeep
|turn|3
|
|t:|1780892223
|move|p2a: Kingambit|Sucker Punch|p1a: Iron Treads
|-damage|p1a: Iron Treads|0 fnt
|faint|p1a: Iron Treads
|-end|p1a: Iron Treads|Quark Drive|[silent]
|
|upkeep
|
|t:|1780892229
|switch|p1a: Diego ⚡️|Raikou|100/100
|-ability|p1a: Diego ⚡️|Pressure
|turn|4
|
|t:|1780892237
|move|p1a: Diego ⚡️|Aura Sphere|p2a: Kingambit
|-supereffective|p2a: Kingambit
|-damage|p2a: Kingambit|0 fnt
|faint|p2a: Kingambit
|-end|p2a: Kingambit|fallen1|[silent]
|
|upkeep
|
|t:|1780892245
|switch|p2a: Garchomp|Garchomp, F|100/100
|turn|5
|
|t:|1780892260
|switch|p1a: Johnny Tsunami 🌊|Araquanid, M|100/100
|move|p2a: Garchomp|Scale Shot|p1a: Johnny Tsunami 🌊
|-damage|p1a: Johnny Tsunami 🌊|87/100
|-damage|p1a: Johnny Tsunami 🌊|74/100
|-damage|p1a: Johnny Tsunami 🌊|61/100
|-damage|p1a: Johnny Tsunami 🌊|48/100
|-hitcount|p1a: Johnny Tsunami 🌊|4
|-unboost|p2a: Garchomp|def|1
|-boost|p2a: Garchomp|spe|1
|
|upkeep
|turn|6
|
|t:|1780892277
|move|p1a: Johnny Tsunami 🌊|Endure|p1a: Johnny Tsunami 🌊
|-singleturn|p1a: Johnny Tsunami 🌊|move: Endure
|move|p2a: Garchomp|Scale Shot|p1a: Johnny Tsunami 🌊
|-damage|p1a: Johnny Tsunami 🌊|34/100
|-damage|p1a: Johnny Tsunami 🌊|20/100
|-damage|p1a: Johnny Tsunami 🌊|6/100
|-activate|p1a: Johnny Tsunami 🌊|move: Endure
|-damage|p1a: Johnny Tsunami 🌊|1/100
|-activate|p1a: Johnny Tsunami 🌊|move: Endure
|-damage|p1a: Johnny Tsunami 🌊|1/100
|-hitcount|p1a: Johnny Tsunami 🌊|5
|-unboost|p2a: Garchomp|def|1
|-boost|p2a: Garchomp|spe|1
|
|upkeep
|turn|7
|j| Champion reko
|inactive|Battle timer is ON: inactive players will automatically lose when time's up. (requested by rockeater9000)
|-enditem|p1a: Johnny Tsunami 🌊|Custap Berry|[eat]
|-activate|p1a: Johnny Tsunami 🌊|item: Custap Berry|[consumed]
|
|t:|1780892300
|move|p1a: Johnny Tsunami 🌊|Sticky Web|p2a: Garchomp
|-sidestart|p2: rockeater9000|move: Sticky Web
|move|p2a: Garchomp|Swords Dance|p2a: Garchomp
|-boost|p2a: Garchomp|atk|2
|
|upkeep
|turn|8
|
|t:|1780892308
|move|p2a: Garchomp|Earthquake|p1a: Johnny Tsunami 🌊
|-resisted|p1a: Johnny Tsunami 🌊
|-damage|p1a: Johnny Tsunami 🌊|0 fnt
|faint|p1a: Johnny Tsunami 🌊
|
|upkeep
|
|t:|1780892323
|switch|p1a: Zamazenta|Zamazenta|100/100
|-ability|p1a: Zamazenta|Dauntless Shield|boost
|-boost|p1a: Zamazenta|def|1
|turn|9
|
|t:|1780892328
|move|p2a: Garchomp|Scale Shot|p1a: Zamazenta
|-damage|p1a: Zamazenta|83/100
|-crit|p1a: Zamazenta
|-damage|p1a: Zamazenta|46/100
|-damage|p1a: Zamazenta|31/100
|-damage|p1a: Zamazenta|16/100
|-hitcount|p1a: Zamazenta|4
|-unboost|p2a: Garchomp|def|1
|-boost|p2a: Garchomp|spe|1
|move|p1a: Zamazenta|Ice Fang|p2a: Garchomp
|-supereffective|p2a: Garchomp
|-damage|p2a: Garchomp|0 fnt
|-damage|p1a: Zamazenta|4/100|[from] ability: Rough Skin|[of] p2a: Garchomp
|faint|p2a: Garchomp
|
|upkeep
|
|t:|1780892338
|switch|p2a: Greninja|Greninja, M|100/100
|-activate|p2a: Greninja|move: Sticky Web
|-unboost|p2a: Greninja|spe|1
|turn|10
|
|t:|1780892348
|switch|p1a: Diego ⚡️|Raikou|100/100
|-ability|p1a: Diego ⚡️|Pressure
|move|p2a: Greninja|Water Shuriken|p1a: Diego ⚡️
|-damage|p1a: Diego ⚡️|94/100
|-damage|p1a: Diego ⚡️|87/100
|-damage|p1a: Diego ⚡️|79/100
|-damage|p1a: Diego ⚡️|71/100
|-hitcount|p1a: Diego ⚡️|4
|
|upkeep
|turn|11
|
|t:|1780892360
|move|p1a: Diego ⚡️|Thunderbolt|p2a: Greninja
|-supereffective|p2a: Greninja
|-crit|p2a: Greninja
|-damage|p2a: Greninja|0 fnt
|faint|p2a: Greninja
|
|upkeep
|
|t:|1780892364
|switch|p2a: Iron Valiant|Iron Valiant|100/100
|-activate|p2a: Iron Valiant|move: Sticky Web
|-unboost|p2a: Iron Valiant|spe|1
|-enditem|p2a: Iron Valiant|Booster Energy
|-activate|p2a: Iron Valiant|ability: Quark Drive|[fromitem]
|-start|p2a: Iron Valiant|quarkdrivespa
|turn|12
|
|t:|1780892371
|move|p1a: Diego ⚡️|Thunderbolt|p2a: Iron Valiant
|-damage|p2a: Iron Valiant|0 fnt
|faint|p2a: Iron Valiant
|-end|p2a: Iron Valiant|Quark Drive|[silent]
|
|upkeep
|
|t:|1780892374
|switch|p2a: Ceruledge|Ceruledge, M|100/100
|-item|p2a: Ceruledge|Air Balloon
|turn|13
|
|t:|1780892380
|-terastallize|p1a: Diego ⚡️|Electric
|move|p1a: Diego ⚡️|Thunderbolt|p2a: Ceruledge
|-damage|p2a: Ceruledge|0 fnt
|-enditem|p2a: Ceruledge|Air Balloon
|faint|p2a: Ceruledge
|
|win|team10thPlanet
|raw|team10thPlanet's rating: 1675 &rarr; <strong>1693</strong><br />(+18 for winning)
|raw|rockeater9000's rating: 1646 &rarr; <strong>1628</strong><br />(-18 for losing)
|l|☆rockeater9000
|player|p2|
|l|☆team10thPlanet
|player|p1|
|l| Champion reko
