|j|☆Davetron3030
|j|☆meio_potato
|t:|1781111078
|gametype|singles
|player|p1|Davetron3030|dancer|1603
|player|p2|meio_potato|hilda-wonderlauncher|1587
|gen|9
|tier|[Gen 9] OU
|rated|
|rule|HP Percentage Mod: HP is shown in percentages
|rule|Endless Battle Clause: Forcing endless battles is banned
|rule|Species Clause: Limit one of each Pokémon
|rule|OHKO Clause: OHKO moves are banned
|rule|Evasion Items Clause: Evasion items are banned
|rule|Evasion Moves Clause: Evasion moves are banned
|rule|Evasion Abilities Clause: Evasion abilities are banned
|rule|Sleep Moves Clause: Sleep-inducing moves are banned
|clearpoke
|poke|p1|Garchomp, F|
|poke|p1|Gholdengo|
|poke|p1|Iron Crown|
|poke|p1|Iron Valiant|
|poke|p1|Samurott-Hisui, M|
|poke|p1|Zapdos-Galar|
|poke|p2|Latias, F|
|poke|p2|Polteageist|
|poke|p2|Zamazenta-*|
|poke|p2|Kingambit, M|
|poke|p2|Ogerpon-Wellspring, F|
|poke|p2|Iron Moth|
|teampreview
|inactive|Battle timer is ON: inactive players will automatically lose when time's up. (requested by meio_potato)
|
|t:|1781111084
|teamsize|p1|6
|teamsize|p2|6
|start
|switch|p1a: Samurott|Samurott-Hisui, M|100/100
|switch|p2a: Ogerpon|Ogerpon-Wellspring, F|100/100
|turn|1
|
|t:|1781111090
|move|p2a: Ogerpon|Horn Leech|p1a: Samurott
|-supereffective|p1a: Samurott
|-enditem|p1a: Samurott|Focus Sash
|-damage|p1a: Samurott|1/100
|move|p1a: Samurott|Ceaseless Edge|p2a: Ogerpon
|-damage|p2a: Ogerpon|37/100
|-sidestart|p2: meio_potato|Spikes
|
|upkeep
|turn|2
|
|t:|1781111099
|move|p1a: Samurott|Sucker Punch|p2a: Ogerpon
|-crit|p2a: Ogerpon
|-damage|p2a: Ogerpon|0 fnt
|faint|p2a: Ogerpon
|
|upkeep
|
|t:|1781111106
|switch|p2a: Latias|Latias, F|100/100
|turn|3
|
|t:|1781111110
|move|p1a: Samurott|Sucker Punch||[still]
|-fail|p1a: Samurott
|move|p2a: Latias|Agility|p2a: Latias
|-boost|p2a: Latias|spe|2
|
|upkeep
|turn|4
|
|t:|1781111116
|move|p1a: Samurott|Sucker Punch|p2a: Latias
|-supereffective|p2a: Latias
|-crit|p2a: Latias
|-damage|p2a: Latias|11/100
|-enditem|p2a: Latias|Weakness Policy
|-boost|p2a: Latias|atk|2|[from] item: Weakness Policy
|-boost|p2a: Latias|spa|2|[from] item: Weakness Policy
|move|p2a: Latias|Draining Kiss|p1a: Samurott
|-supereffective|p1a: Samurott
|-damage|p1a: Samurott|0 fnt
|-heal|p2a: Latias|11/100|[from] drain|[of] p1a: Samurott
|faint|p1a: Samurott
|
|upkeep
|
|t:|1781111127
|switch|p1a: Iron Crown|Iron Crown|100/100
|turn|5
|
|t:|1781111135
|move|p2a: Latias|Stored Power|p1a: Iron Crown
|-resisted|p1a: Iron Crown
|-damage|p1a: Iron Crown|82/100
|move|p1a: Iron Crown|Tachyon Cutter|p2a: Latias
|-damage|p2a: Latias|0 fnt
|faint|p2a: Latias
|-hitcount|p2: Latias|1
|
|upkeep
|
|t:|1781111142
|switch|p2a: Kingambit|Kingambit, M|100/100
|-damage|p2a: Kingambit|88/100|[from] Spikes
|turn|6
|
|t:|1781111148
|move|p1a: Iron Crown|Focus Blast|p2a: Kingambit|[miss]
|-miss|p1a: Iron Crown|p2a: Kingambit
|move|p2a: Kingambit|Kowtow Cleave|p1a: Iron Crown
|-supereffective|p1a: Iron Crown
|-damage|p1a: Iron Crown|0 fnt
|faint|p1a: Iron Crown
|-end|p1a: Iron Crown|Quark Drive|[silent]
|
|upkeep
|
|t:|1781111156
|switch|p1a: Garchomp|Garchomp, F|100/100
|turn|7
|
|t:|1781111171
|move|p1a: Garchomp|Stealth Rock|p2a: Kingambit
|-sidestart|p2: meio_potato|move: Stealth Rock
|move|p2a: Kingambit|Iron Head|p1a: Garchomp
|-damage|p1a: Garchomp|71/100
|-damage|p2a: Kingambit|76/100|[from] ability: Rough Skin|[of] p1a: Garchomp
|-damage|p2a: Kingambit|59/100|[from] item: Rocky Helmet|[of] p1a: Garchomp
|
|upkeep
|turn|8
|
|t:|1781111179
|move|p1a: Garchomp|Earthquake|p2a: Kingambit
|-supereffective|p2a: Kingambit
|-damage|p2a: Kingambit|0 fnt
|faint|p2a: Kingambit
|
|upkeep
|
|t:|1781111184
|switch|p2a: Zamazenta|Zamazenta|100/100
|-damage|p2a: Zamazenta|88/100|[from] Spikes
|-damage|p2a: Zamazenta|82/100|[from] Stealth Rock
|-ability|p2a: Zamazenta|Dauntless Shield|boost
|-boost|p2a: Zamazenta|def|1
|turn|9
|
|t:|1781111190
|move|p2a: Zamazenta|Iron Defense|p2a: Zamazenta
|-boost|p2a: Zamazenta|def|2
|move|p1a: Garchomp|Dragon Tail|p2a: Zamazenta
|-damage|p2a: Zamazenta|72/100
|drag|p2a: Iron Moth|Iron Moth|100/100
|-damage|p2a: Iron Moth|88/100|[from] Spikes
|-damage|p2a: Iron Moth|63/100|[from] Stealth Rock
|
|upkeep
|turn|10
|
|t:|1781111200
|move|p2a: Iron Moth|Dazzling Gleam|p1a: Garchomp
|-supereffective|p1a: Garchomp
|-damage|p1a: Garchomp|17/100
|move|p1a: Garchomp|Earthquake|p2a: Iron Moth
|-supereffective|p2a: Iron Moth
|-damage|p2a: Iron Moth|0 fnt
|faint|p2a: Iron Moth
|-end|p2a: Iron Moth|Quark Drive|[silent]
|
|upkeep
|
|t:|1781111214
|switch|p2a: Zamazenta|Zamazenta|72/100
|-damage|p2a: Zamazenta|59/100|[from] Spikes
|-damage|p2a: Zamazenta|53/100|[from] Stealth Rock
|turn|11
|
|t:|1781111222
|switch|p1a: Zapdos|Zapdos-Galar|100/100
|move|p2a: Zamazenta|Roar|p1a: Zapdos
|drag|p1a: Gholdengo|Gholdengo|100/100
|
|-heal|p2a: Zamazenta|59/100|[from] item: Leftovers
|upkeep
|turn|12
|
|t:|1781111234
|move|p2a: Zamazenta|Crunch|p1a: Gholdengo
|-supereffective|p1a: Gholdengo
|-damage|p1a: Gholdengo|61/100
|move|p1a: Gholdengo|Thunder Wave|p2a: Zamazenta
|-status|p2a: Zamazenta|par
|
|-heal|p1a: Gholdengo|67/100|[from] item: Leftovers
|-heal|p2a: Zamazenta|65/100 par|[from] item: Leftovers
|upkeep
|turn|13
|
|t:|1781111244
|move|p1a: Gholdengo|Hex|p2a: Zamazenta
|-damage|p2a: Zamazenta|12/100 par
|cant|p2a: Zamazenta|par
|
|-heal|p1a: Gholdengo|74/100|[from] item: Leftovers
|-heal|p2a: Zamazenta|18/100 par|[from] item: Leftovers
|upkeep
|turn|14
|
|t:|1781111260
|move|p1a: Gholdengo|Hex|p2a: Zamazenta
|-damage|p2a: Zamazenta|0 fnt
|faint|p2a: Zamazenta
|
|-heal|p1a: Gholdengo|80/100|[from] item: Leftovers
|upkeep
|
|t:|1781111262
|switch|p2a: Polteageist|Polteageist|100/100
|-damage|p2a: Polteageist|88/100|[from] Spikes
|-damage|p2a: Polteageist|76/100|[from] Stealth Rock
|turn|15
|
|t:|1781111272
|move|p2a: Polteageist|Shadow Ball|p1a: Gholdengo
|-supereffective|p1a: Gholdengo
|-damage|p1a: Gholdengo|0 fnt
|faint|p1a: Gholdengo
|
|upkeep
|
|t:|1781111277
|switch|p1a: Zapdos|Zapdos-Galar|100/100
|turn|16
|
|t:|1781111285
|-terastallize|p1a: Zapdos|Flying
|move|p1a: Zapdos|Brave Bird|p2a: Polteageist
|-damage|p2a: Polteageist|0 fnt
|faint|p2a: Polteageist
|-damage|p1a: Zapdos|80/100|[from] Recoil
|
|win|Davetron3030
|raw|Davetron3030's rating: 1603 &rarr; <strong>1622</strong><br />(+19 for winning)
|raw|meio_potato's rating: 1587 &rarr; <strong>1568</strong><br />(-19 for losing)
|l|☆meio_potato
|player|p2|
|l|☆Davetron3030
|player|p1|
