|j|☆snurke
|j|☆ridlostar
|t:|1780949983
|gametype|singles
|player|p1|snurke|sisandbro|1588
|player|p2|ridlostar|hilbert|1621
|gen|9
|tier|[Gen 9] OU
|rated|
|rule|HP Percentage Mod: HP is shown in percentages
|rule|Endless Battle Clause: Forcing endless battles is banned
|rule|Species Clause: Limit one of each Pokémon
|rule|OHKO Clause: OHKO moves are banned
|rule|Evasion Items Clause: Evasion items are banned
|rule|Evasion Moves Clause: Evasion moves are banned
|rule|Evasion Abilities Clause: Evasion abilities are banned
|rule|Sleep Moves Clause: Sleep-inducing moves are banned
|clearpoke
|poke|p1|Cinderace, F|
|poke|p1|Torkoal, M|
|poke|p1|Walking Wake|
|poke|p1|Enamorus, F|
|poke|p1|Raging Bolt|
|poke|p1|Great Tusk|
|poke|p2|Toedscruel, M|
|poke|p2|Darkrai|
|poke|p2|Cresselia, F|
|poke|p2|Clodsire, M|
|poke|p2|Dragonite, M|
|poke|p2|Alomomola, F|
|teampreview
|inactive|Battle timer is ON: inactive players will automatically lose when time's up. (requested by ridlostar)
|
|t:|1780950019
|teamsize|p1|6
|teamsize|p2|6
|start
|switch|p1a: Great Tusk|Great Tusk|100/100
|switch|p2a: Keanu Reeves|Darkrai|100/100
|turn|1
|
|t:|1780950038
|switch|p2a: Fair and Balanced|Alomomola, F|100/100
|-terastallize|p1a: Great Tusk|Steel
|move|p1a: Great Tusk|Rapid Spin|p2a: Fair and Balanced
|-damage|p2a: Fair and Balanced|88/100
|-boost|p1a: Great Tusk|spe|1
|
|upkeep
|turn|2
|inactive|snurke has 120 seconds left.
|inactive|snurke has 90 seconds left.
|inactive|snurke has 60 seconds left.
|
|t:|1780950129
|move|p1a: Great Tusk|Knock Off|p2a: Fair and Balanced
|-damage|p2a: Fair and Balanced|62/100
|-enditem|p2a: Fair and Balanced|Heavy-Duty Boots|[from] move: Knock Off|[of] p1a: Great Tusk
|move|p2a: Fair and Balanced|Scald|p1a: Great Tusk
|-damage|p1a: Great Tusk|81/100
|
|upkeep
|turn|3
|inactive|ridlostar has 120 seconds left.
|
|t:|1780950161
|-end|p1a: Great Tusk|Protosynthesis|[silent]
|switch|p1a: Torkoal|Torkoal, M, shiny|100/100
|-weather|SunnyDay|[from] ability: Drought|[of] p1a: Torkoal
|move|p2a: Fair and Balanced|Flip Turn|p1a: Torkoal
|-supereffective|p1a: Torkoal
|-damage|p1a: Torkoal|88/100
|
|t:|1780950164
|switch|p2a: Keanu Reeves|Darkrai|100/100|[from] Flip Turn
|
|-weather|SunnyDay|[upkeep]
|upkeep
|turn|4
|
|t:|1780950174
|move|p2a: Keanu Reeves|Knock Off|p1a: Torkoal
|-damage|p1a: Torkoal|60/100
|-enditem|p1a: Torkoal|Heat Rock|[from] move: Knock Off|[of] p2a: Keanu Reeves
|move|p1a: Torkoal|Stealth Rock|p2a: Keanu Reeves
|-sidestart|p2: ridlostar|move: Stealth Rock
|
|-weather|SunnyDay|[upkeep]
|upkeep
|turn|5
|
|t:|1780950181
|switch|p1a: Raging Bolt|Raging Bolt|100/100
|-activate|p1a: Raging Bolt|ability: Protosynthesis
|-start|p1a: Raging Bolt|protosynthesisspa
|move|p2a: Keanu Reeves|Knock Off|p1a: Raging Bolt
|-damage|p1a: Raging Bolt|65/100
|-enditem|p1a: Raging Bolt|Assault Vest|[from] move: Knock Off|[of] p2a: Keanu Reeves
|
|-weather|SunnyDay|[upkeep]
|upkeep
|turn|6
|
|t:|1780950191
|move|p2a: Keanu Reeves|Ice Beam|p1a: Raging Bolt
|-supereffective|p1a: Raging Bolt
|-damage|p1a: Raging Bolt|14/100
|move|p1a: Raging Bolt|Draco Meteor|p2a: Keanu Reeves|[miss]
|-miss|p1a: Raging Bolt|p2a: Keanu Reeves
|
|-weather|SunnyDay|[upkeep]
|upkeep
|turn|7
|c|☆snurke|brehhhhhhhhhhh
|
|t:|1780950199
|-end|p1a: Raging Bolt|Protosynthesis|[silent]
|switch|p1a: Walking Wake|Walking Wake|100/100
|-activate|p1a: Walking Wake|ability: Protosynthesis
|-start|p1a: Walking Wake|protosynthesisspe
|move|p2a: Keanu Reeves|Ice Beam|p1a: Walking Wake
|-damage|p1a: Walking Wake|67/100
|
|-weather|SunnyDay|[upkeep]
|upkeep
|turn|8
|inactive|snurke has 90 seconds left.
|c|☆ridlostar|I'm so talented
|
|t:|1780950212
|switch|p2a: Fair and Balanced|Alomomola, F|95/100
|-damage|p2a: Fair and Balanced|83/100|[from] Stealth Rock
|move|p1a: Walking Wake|Draco Meteor|p2a: Fair and Balanced
|-damage|p2a: Fair and Balanced|7/100
|-unboost|p1a: Walking Wake|spa|2
|
|-weather|SunnyDay|[upkeep]
|upkeep
|turn|9
|c|☆snurke|true
|
|t:|1780950221
|switch|p2a: Squidward?|Toedscruel, M|100/100
|move|p1a: Walking Wake|Draco Meteor|p2a: Squidward?
|-damage|p2a: Squidward?|53/100
|-unboost|p1a: Walking Wake|spa|2
|
|-weather|SunnyDay|[upkeep]
|upkeep
|turn|10
|inactive|snurke has 90 seconds left.
|
|t:|1780950247
|-end|p1a: Walking Wake|Protosynthesis|[silent]
|switch|p1a: Cinderace|Cinderace, F, shiny|100/100
|move|p2a: Squidward?|Rapid Spin|p1a: Cinderace
|-damage|p1a: Cinderace|89/100
|-boost|p2a: Squidward?|spe|1
|-sideend|p2: ridlostar|Stealth Rock|[from] move: Rapid Spin|[of] p2a: Squidward?
|
|-weather|none
|upkeep
|turn|11
|
|t:|1780950263
|move|p2a: Squidward?|Earth Power|p1a: Cinderace
|-supereffective|p1a: Cinderace
|-damage|p1a: Cinderace|0 fnt
|faint|p1a: Cinderace
|
|upkeep
|
|t:|1780950279
|switch|p1a: Torkoal|Torkoal, M, shiny|60/100
|-weather|SunnyDay|[from] ability: Drought|[of] p1a: Torkoal
|turn|12
|
|t:|1780950285
|switch|p1a: Enamorus|Enamorus, F|100/100
|move|p2a: Squidward?|Earth Power|p1a: Enamorus
|-immune|p1a: Enamorus
|
|-weather|SunnyDay|[upkeep]
|upkeep
|turn|13
|
|t:|1780950291
|switch|p2a: Big Man|Clodsire, M|100/100
|move|p1a: Enamorus|Mystical Fire|p2a: Big Man
|-damage|p2a: Big Man|69/100
|-unboost|p2a: Big Man|spa|1
|
|-weather|SunnyDay|[upkeep]
|-heal|p2a: Big Man|75/100|[from] item: Leftovers
|upkeep
|turn|14
|
|t:|1780950302
|switch|p1a: Great Tusk|Great Tusk, tera:Steel|81/100
|-activate|p1a: Great Tusk|ability: Protosynthesis
|-start|p1a: Great Tusk|protosynthesisatk
|move|p2a: Big Man|Earthquake|p1a: Great Tusk
|-supereffective|p1a: Great Tusk
|-damage|p1a: Great Tusk|44/100
|
|-weather|SunnyDay|[upkeep]
|-heal|p2a: Big Man|81/100|[from] item: Leftovers
|upkeep
|turn|15
|inactive|snurke has 90 seconds left.
|
|t:|1780950320
|switch|p2a: Keanu Reeves|Darkrai|100/100
|move|p1a: Great Tusk|Earthquake|p2a: Keanu Reeves
|-damage|p2a: Keanu Reeves|7/100
|
|-weather|SunnyDay|[upkeep]
|upkeep
|turn|16
|inactive|snurke has 90 seconds left.
|
|t:|1780950334
|-end|p1a: Great Tusk|Protosynthesis|[silent]
|switch|p1a: Walking Wake|Walking Wake|67/100
|-activate|p1a: Walking Wake|ability: Protosynthesis
|-start|p1a: Walking Wake|protosynthesisspe
|move|p2a: Keanu Reeves|Knock Off|p1a: Walking Wake
|-damage|p1a: Walking Wake|23/100
|-enditem|p1a: Walking Wake|Choice Specs|[from] move: Knock Off|[of] p2a: Keanu Reeves
|
|-weather|none
|-end|p1a: Walking Wake|Protosynthesis
|upkeep
|turn|17
|
|t:|1780950340
|move|p2a: Keanu Reeves|Knock Off|p1a: Walking Wake
|-damage|p1a: Walking Wake|0 fnt
|faint|p1a: Walking Wake
|-end|p1a: Walking Wake|Protosynthesis|[silent]
|
|upkeep
|
|t:|1780950343
|switch|p1a: Raging Bolt|Raging Bolt|14/100
|turn|18
|
|t:|1780950351
|switch|p2a: Squidward?|Toedscruel, M|53/100
|-end|p1a: Raging Bolt|Protosynthesis|[silent]
|switch|p1a: Torkoal|Torkoal, M, shiny|60/100
|-weather|SunnyDay|[from] ability: Drought|[of] p1a: Torkoal
|
|-weather|SunnyDay|[upkeep]
|upkeep
|turn|19
|
|t:|1780950365
|switch|p1a: Enamorus|Enamorus, F|100/100
|move|p2a: Squidward?|Earth Power|p1a: Enamorus
|-immune|p1a: Enamorus
|
|-weather|SunnyDay|[upkeep]
|upkeep
|turn|20
|
|t:|1780950371
|switch|p2a: Big Man|Clodsire, M|81/100
|move|p1a: Enamorus|Moonblast|p2a: Big Man
|-resisted|p2a: Big Man
|-damage|p2a: Big Man|59/100
|
|-weather|SunnyDay|[upkeep]
|-heal|p2a: Big Man|66/100|[from] item: Leftovers
|upkeep
|turn|21
|inactive|snurke has 120 seconds left.
|inactive|snurke has 90 seconds left.
|inactive|snurke has 60 seconds left.
|inactive|snurke has 30 seconds left.
|inactive|snurke has 20 seconds left.
|inactive|snurke has 15 seconds left.
|inactive|snurke has 10 seconds left.
|inactive|snurke has 5 seconds left.
|-message|snurke lost due to inactivity.
|
|win|ridlostar
|raw|snurke's rating: 1588 &rarr; <strong>1570</strong><br />(-18 for losing)
|raw|ridlostar's rating: 1621 &rarr; <strong>1639</strong><br />(+18 for winning)
|l|☆ridlostar
|player|p2|
