|badge|p1|bronze|gen9ou|100-9
|uhtml|medal-msg|<div class="broadcast-blue">Curious what those medals under the avatar are? PS now has Ladder Seasons! For more information, check out the <a href="https://www.smogon.com/forums/threads/3740067/">thread on Smogon.</a></div>
|j|☆jj2kk222222
|j|☆tuanquewang
|t:|1781100524
|gametype|singles
|player|p1|jj2kk222222|hilbert|1823
|player|p2|tuanquewang|backersf|1754
|gen|9
|tier|[Gen 9] OU
|rated|
|rule|HP Percentage Mod: HP is shown in percentages
|rule|Endless Battle Clause: Forcing endless battles is banned
|rule|Species Clause: Limit one of each Pokémon
|rule|OHKO Clause: OHKO moves are banned
|rule|Evasion Items Clause: Evasion items are banned
|rule|Evasion Moves Clause: Evasion moves are banned
|rule|Evasion Abilities Clause: Evasion abilities are banned
|rule|Sleep Moves Clause: Sleep-inducing moves are banned
|clearpoke
|poke|p1|Glimmora, F|
|poke|p1|Gholdengo|
|poke|p1|Dragonite, F|
|poke|p1|Keldeo-Resolute|
|poke|p1|Great Tusk|
|poke|p1|Kyurem|
|poke|p2|Slowking-Galar, M|
|poke|p2|Hydrapple, F|
|poke|p2|Cinderace, M|
|poke|p2|Alomomola, F|
|poke|p2|Mamoswine, M|
|poke|p2|Gholdengo|
|teampreview
|inactive|Battle timer is ON: inactive players will automatically lose when time's up. (requested by tuanquewang)
|inactive|jj2kk222222 has 120 seconds left.
|
|t:|1781100581
|teamsize|p1|6
|teamsize|p2|6
|start
|switch|p1a: Glimmora|Glimmora, F|100/100
|switch|p2a: Hydrapple|Hydrapple, F, shiny|100/100
|turn|1
|
|t:|1781100587
|switch|p2a: Slowking|Slowking-Galar, M|100/100
|move|p1a: Glimmora|Stealth Rock|p2a: Slowking
|-sidestart|p2: tuanquewang|move: Stealth Rock
|
|upkeep
|turn|2
|
|t:|1781100591
|move|p1a: Glimmora|Earth Power|p2a: Slowking
|-supereffective|p2a: Slowking
|-damage|p2a: Slowking|64/100
|move|p2a: Slowking|Psychic Noise|p1a: Glimmora
|-supereffective|p1a: Glimmora
|-damage|p1a: Glimmora|32/100
|-start|p1a: Glimmora|move: Heal Block
|
|-heal|p2a: Slowking|71/100|[from] item: Black Sludge
|upkeep
|turn|3
|
|t:|1781100597
|move|p1a: Glimmora|Earth Power|p2a: Slowking
|-supereffective|p2a: Slowking
|-damage|p2a: Slowking|35/100
|-prepare|p2a: Slowking|Chilly Reception|[premajor]
|move|p2a: Slowking|Chilly Reception|p2a: Slowking
|-weather|Snowscape
|
|t:|1781100600
|switch|p2a: Cinderace|Cinderace, M|100/100|[from] Chilly Reception
|
|-weather|Snowscape|[upkeep]
|-end|p1a: Glimmora|move: Heal Block
|upkeep
|turn|4
|
|t:|1781100605
|move|p2a: Cinderace|Pyro Ball|p1a: Glimmora
|-resisted|p1a: Glimmora
|-damage|p1a: Glimmora|0 fnt
|-activate|p1a: Glimmora|ability: Toxic Debris
|-sidestart|p2: tuanquewang|move: Toxic Spikes
|faint|p1a: Glimmora
|
|-weather|Snowscape|[upkeep]
|upkeep
|
|t:|1781100609
|switch|p1a: Great Tusk|Great Tusk|100/100
|-enditem|p1a: Great Tusk|Booster Energy
|-activate|p1a: Great Tusk|ability: Protosynthesis|[fromitem]
|-start|p1a: Great Tusk|protosynthesisspe
|turn|5
|j| yuureisuisei
|
|t:|1781100625
|switch|p2a: Alomomola|Alomomola, F|100/100
|-damage|p2a: Alomomola|88/100|[from] Stealth Rock
|-status|p2a: Alomomola|psn
|move|p1a: Great Tusk|Headlong Rush|p2a: Alomomola
|-damage|p2a: Alomomola|60/100 psn
|-unboost|p1a: Great Tusk|def|1
|-unboost|p1a: Great Tusk|spd|1
|
|-weather|Snowscape|[upkeep]
|-heal|p2a: Alomomola|66/100 psn|[from] item: Leftovers
|-damage|p2a: Alomomola|54/100 psn|[from] psn
|upkeep
|turn|6
|
|t:|1781100629
|move|p1a: Great Tusk|Bulk Up|p1a: Great Tusk
|-boost|p1a: Great Tusk|atk|1
|-boost|p1a: Great Tusk|def|1
|move|p2a: Alomomola|Flip Turn|p1a: Great Tusk
|-supereffective|p1a: Great Tusk
|-damage|p1a: Great Tusk|80/100
|
|t:|1781100633
|switch|p2a: Slowking|Slowking-Galar, M|68/100|[from] Flip Turn
|-damage|p2a: Slowking|56/100|[from] Stealth Rock
|-sideend|p2: tuanquewang|move: Toxic Spikes|[of] p2a: Slowking
|
|-weather|Snowscape|[upkeep]
|-heal|p2a: Slowking|62/100|[from] item: Black Sludge
|upkeep
|turn|7
|
|t:|1781100636
|switch|p2a: Alomomola|Alomomola, F|87/100 psn
|-damage|p2a: Alomomola|75/100 psn|[from] Stealth Rock
|move|p1a: Great Tusk|Headlong Rush|p2a: Alomomola
|-damage|p2a: Alomomola|30/100 psn
|-unboost|p1a: Great Tusk|def|1
|-unboost|p1a: Great Tusk|spd|1
|
|-weather|none
|-heal|p2a: Alomomola|36/100 psn|[from] item: Leftovers
|-damage|p2a: Alomomola|24/100 psn|[from] psn
|upkeep
|turn|8
|
|t:|1781100639
|switch|p2a: Hydrapple|Hydrapple, F, shiny|100/100
|-damage|p2a: Hydrapple|88/100|[from] Stealth Rock
|move|p1a: Great Tusk|Headlong Rush|p2a: Hydrapple
|-resisted|p2a: Hydrapple
|-damage|p2a: Hydrapple|58/100
|-unboost|p1a: Great Tusk|def|1
|-unboost|p1a: Great Tusk|spd|1
|
|upkeep
|turn|9
|
|t:|1781100651
|switch|p2a: Alomomola|Alomomola, F|57/100 psn
|-damage|p2a: Alomomola|45/100 psn|[from] Stealth Rock
|move|p1a: Great Tusk|Ice Spinner|p2a: Alomomola
|-resisted|p2a: Alomomola
|-damage|p2a: Alomomola|36/100 psn
|
|-heal|p2a: Alomomola|42/100 psn|[from] item: Leftovers
|-damage|p2a: Alomomola|30/100 psn|[from] psn
|upkeep
|turn|10
|
|t:|1781100658
|move|p2a: Alomomola|Protect|p2a: Alomomola
|-singleturn|p2a: Alomomola|Protect
|move|p1a: Great Tusk|Headlong Rush|p2a: Alomomola
|-activate|p2a: Alomomola|move: Protect
|
|-heal|p2a: Alomomola|36/100 psn|[from] item: Leftovers
|-damage|p2a: Alomomola|24/100 psn|[from] psn
|upkeep
|turn|11
|
|t:|1781100663
|move|p1a: Great Tusk|Headlong Rush|p2a: Alomomola
|-damage|p2a: Alomomola|0 fnt
|-unboost|p1a: Great Tusk|def|1
|-unboost|p1a: Great Tusk|spd|1
|faint|p2a: Alomomola
|
|upkeep
|
|t:|1781100667
|switch|p2a: Mamoswine|Mamoswine, M|100/100
|-damage|p2a: Mamoswine|88/100|[from] Stealth Rock
|turn|12
|
|t:|1781100669
|move|p2a: Mamoswine|Ice Shard|p1a: Great Tusk
|-supereffective|p1a: Great Tusk
|-damage|p1a: Great Tusk|0 fnt
|faint|p1a: Great Tusk
|-end|p1a: Great Tusk|Protosynthesis|[silent]
|
|upkeep
|
|t:|1781100672
|switch|p1a: Keldeo|Keldeo-Resolute|100/100
|turn|13
|
|t:|1781100674
|switch|p2a: Slowking|Slowking-Galar, M|95/100
|-damage|p2a: Slowking|83/100|[from] Stealth Rock
|move|p1a: Keldeo|Calm Mind|p1a: Keldeo
|-boost|p1a: Keldeo|spa|1
|-boost|p1a: Keldeo|spd|1
|
|-heal|p2a: Slowking|89/100|[from] item: Black Sludge
|upkeep
|turn|14
|
|t:|1781100680
|-terastallize|p1a: Keldeo|Water
|move|p1a: Keldeo|Substitute|p1a: Keldeo
|-start|p1a: Keldeo|Substitute
|-damage|p1a: Keldeo|75/100
|move|p2a: Slowking|Toxic||[still]
|-fail|p2a: Slowking
|
|-heal|p1a: Keldeo|82/100|[from] item: Leftovers
|-heal|p2a: Slowking|95/100|[from] item: Black Sludge
|upkeep
|turn|15
|
|t:|1781100683
|move|p1a: Keldeo|Calm Mind|p1a: Keldeo
|-boost|p1a: Keldeo|spa|1
|-boost|p1a: Keldeo|spd|1
|move|p2a: Slowking|Psychic Noise|p1a: Keldeo
|-damage|p1a: Keldeo|64/100
|-start|p1a: Keldeo|move: Heal Block
|
|-heal|p2a: Slowking|100/100|[from] item: Black Sludge
|upkeep
|turn|16
|
|t:|1781100692
|move|p1a: Keldeo|Surf|p2a: Slowking
|-damage|p2a: Slowking|22/100
|move|p2a: Slowking|Psychic Noise|p1a: Keldeo
|-damage|p1a: Keldeo|47/100
|
|-heal|p2a: Slowking|28/100|[from] item: Black Sludge
|-end|p1a: Keldeo|move: Heal Block
|upkeep
|turn|17
|l| yuureisuisei
|
|t:|1781100696
|switch|p2a: Hydrapple|Hydrapple, F, shiny|92/100
|-damage|p2a: Hydrapple|79/100|[from] Stealth Rock
|move|p1a: Keldeo|Surf|p2a: Hydrapple
|-resisted|p2a: Hydrapple
|-crit|p2a: Hydrapple
|-damage|p2a: Hydrapple|30/100
|
|-heal|p1a: Keldeo|53/100|[from] item: Leftovers
|upkeep
|turn|18
|
|t:|1781100709
|switch|p2a: Slowking|Slowking-Galar, M|62/100
|-damage|p2a: Slowking|49/100|[from] Stealth Rock
|move|p1a: Keldeo|Secret Sword|p2a: Slowking
|-resisted|p2a: Slowking
|-damage|p2a: Slowking|27/100
|
|-heal|p1a: Keldeo|59/100|[from] item: Leftovers
|-heal|p2a: Slowking|33/100|[from] item: Black Sludge
|upkeep
|turn|19
|
|t:|1781100714
|move|p1a: Keldeo|Surf|p2a: Slowking
|-damage|p2a: Slowking|0 fnt
|faint|p2a: Slowking
|
|-heal|p1a: Keldeo|66/100|[from] item: Leftovers
|upkeep
|
|t:|1781100718
|switch|p2a: Cinderace|Cinderace, M|100/100
|turn|20
|j| sry 4 luck
|
|t:|1781100721
|move|p2a: Cinderace|U-turn|p1a: Keldeo
|-start|p2a: Cinderace|typechange|Bug|[from] ability: Libero
|-end|p1a: Keldeo|Substitute
|
|t:|1781100724
|switch|p2a: Hydrapple|Hydrapple, F, shiny|63/100|[from] U-turn
|-damage|p2a: Hydrapple|51/100|[from] Stealth Rock
|move|p1a: Keldeo|Surf|p2a: Hydrapple
|-resisted|p2a: Hydrapple
|-damage|p2a: Hydrapple|21/100
|
|-heal|p1a: Keldeo|72/100|[from] item: Leftovers
|upkeep
|turn|21
|
|t:|1781100727
|move|p1a: Keldeo|Surf|p2a: Hydrapple
|-resisted|p2a: Hydrapple
|-damage|p2a: Hydrapple|0 fnt
|faint|p2a: Hydrapple
|
|-heal|p1a: Keldeo|78/100|[from] item: Leftovers
|upkeep
|
|t:|1781100730
|switch|p2a: Cinderace|Cinderace, M|100/100
|turn|22
|
|t:|1781100734
|move|p2a: Cinderace|High Jump Kick|p1a: Keldeo
|-start|p2a: Cinderace|typechange|Fighting|[from] ability: Libero
|-damage|p1a: Keldeo|10/100
|move|p1a: Keldeo|Surf|p2a: Cinderace
|-damage|p2a: Cinderace|0 fnt
|faint|p2a: Cinderace
|
|-heal|p1a: Keldeo|16/100|[from] item: Leftovers
|upkeep
|
|t:|1781100741
|switch|p2a: Gholdengo|Gholdengo, shiny|100/100
|-damage|p2a: Gholdengo|94/100|[from] Stealth Rock
|turn|23
|
|t:|1781100743
|move|p2a: Gholdengo|Shadow Ball|p1a: Keldeo
|-damage|p1a: Keldeo|0 fnt
|faint|p1a: Keldeo
|
|upkeep
|
|t:|1781100745
|switch|p1a: Dragonite|Dragonite, F|100/100
|turn|24
|
|t:|1781100748
|move|p2a: Gholdengo|Shadow Ball|p1a: Dragonite
|-crit|p1a: Dragonite
|-damage|p1a: Dragonite|65/100
|move|p1a: Dragonite|Earthquake|p2a: Gholdengo
|-supereffective|p2a: Gholdengo
|-damage|p2a: Gholdengo|0 fnt
|faint|p2a: Gholdengo
|
|upkeep
|
|t:|1781100751
|switch|p2a: Mamoswine|Mamoswine, M|88/100
|-damage|p2a: Mamoswine|76/100|[from] Stealth Rock
|turn|25
|-message|tuanquewang forfeited.
|
|win|jj2kk222222
|raw|jj2kk222222's rating: 1823 &rarr; <strong>1839</strong><br />(+16 for winning)
|raw|tuanquewang's rating: 1754 &rarr; <strong>1738</strong><br />(-16 for losing)
|l|☆tuanquewang
|player|p2|
|l| sry 4 luck
