|j|☆monkeoogaboog2
|j|☆STONE CHAI
|t:|1781601312
|gametype|singles
|player|p1|monkeoogaboog2|102|1627
|player|p2|STONE CHAI|102|1533
|gen|9
|tier|[Gen 9] OU
|rated|
|rule|HP Percentage Mod: HP is shown in percentages
|rule|Endless Battle Clause: Forcing endless battles is banned
|rule|Species Clause: Limit one of each Pokémon
|rule|OHKO Clause: OHKO moves are banned
|rule|Evasion Items Clause: Evasion items are banned
|rule|Evasion Moves Clause: Evasion moves are banned
|rule|Evasion Abilities Clause: Evasion abilities are banned
|rule|Sleep Moves Clause: Sleep-inducing moves are banned
|clearpoke
|poke|p1|Fezandipiti, M|
|poke|p1|Landorus-Therian, M|
|poke|p1|Cinderace, M|
|poke|p1|Alomomola, M|
|poke|p1|Dragapult, M|
|poke|p1|Darkrai|
|poke|p2|Dragonite, M|
|poke|p2|Iron Moth|
|poke|p2|Iron Valiant|
|poke|p2|Ogerpon-Cornerstone, F|
|poke|p2|Primarina, M|
|poke|p2|Kyurem|
|teampreview
|
|t:|1781601330
|teamsize|p1|6
|teamsize|p2|6
|start
|switch|p1a: Dragapult|Dragapult, M|100/100
|switch|p2a: Primarina|Primarina, M|100/100
|turn|1
|
|t:|1781601338
|move|p1a: Dragapult|U-turn|p2a: Primarina
|-resisted|p2a: Primarina
|-damage|p2a: Primarina|89/100
|
|t:|1781601342
|switch|p1a: Fezandipiti|Fezandipiti, M|100/100|[from] U-turn
|move|p2a: Primarina|Surf|p1a: Fezandipiti
|-damage|p1a: Fezandipiti|43/100
|
|upkeep
|turn|2
|
|t:|1781601375
|switch|p2a: Iron Moth|Iron Moth|100/100
|-enditem|p2a: Iron Moth|Booster Energy
|-activate|p2a: Iron Moth|ability: Quark Drive|[fromitem]
|-start|p2a: Iron Moth|quarkdrivespa
|move|p1a: Fezandipiti|U-turn|p2a: Iron Moth
|-resisted|p2a: Iron Moth
|-damage|p2a: Iron Moth|95/100
|
|t:|1781601380
|switch|p1a: Landorus|Landorus-Therian, M|100/100|[from] U-turn
|-ability|p1a: Landorus|Intimidate|boost
|-unboost|p2a: Iron Moth|atk|1
|
|upkeep
|turn|3
|j| Scorpionhx
|
|t:|1781601388
|-end|p2a: Iron Moth|Quark Drive|[silent]
|switch|p2a: Dragonite|Dragonite, M|100/100
|switch|p1a: Alomomola|Alomomola, M|100/100
|
|upkeep
|turn|4
|
|t:|1781601398
|move|p2a: Dragonite|Dragon Dance|p2a: Dragonite
|-boost|p2a: Dragonite|atk|1
|-boost|p2a: Dragonite|spe|1
|move|p1a: Alomomola|Scald|p2a: Dragonite
|-resisted|p2a: Dragonite
|-damage|p2a: Dragonite|97/100
|-status|p2a: Dragonite|brn
|
|-damage|p2a: Dragonite|91/100 brn|[from] brn
|upkeep
|turn|5
|
|t:|1781601412
|move|p2a: Dragonite|Dragon Dance|p2a: Dragonite
|-boost|p2a: Dragonite|atk|1
|-boost|p2a: Dragonite|spe|1
|move|p1a: Alomomola|Flip Turn|p2a: Dragonite
|-resisted|p2a: Dragonite
|-damage|p2a: Dragonite|82/100 brn
|
|t:|1781601414
|switch|p1a: Dragapult|Dragapult, M|100/100|[from] Flip Turn
|
|-damage|p2a: Dragonite|76/100 brn|[from] brn
|upkeep
|turn|6
|
|t:|1781601419
|switch|p1a: Landorus|Landorus-Therian, M|100/100
|-ability|p1a: Landorus|Intimidate|boost
|-unboost|p2a: Dragonite|atk|1
|move|p2a: Dragonite|Dragon Claw|p1a: Landorus
|-damage|p1a: Landorus|69/100
|-damage|p2a: Dragonite|60/100 brn|[from] item: Rocky Helmet|[of] p1a: Landorus
|
|-damage|p2a: Dragonite|54/100 brn|[from] brn
|upkeep
|turn|7
|
|t:|1781601426
|move|p2a: Dragonite|Dragon Claw|p1a: Landorus
|-damage|p1a: Landorus|37/100
|-damage|p2a: Dragonite|37/100 brn|[from] item: Rocky Helmet|[of] p1a: Landorus
|move|p1a: Landorus|Stealth Rock|p2a: Dragonite
|-sidestart|p2: STONE CHAI|move: Stealth Rock
|
|-damage|p2a: Dragonite|31/100 brn|[from] brn
|upkeep
|turn|8
|
|t:|1781601432
|switch|p1a: Alomomola|Alomomola, M|100/100
|move|p2a: Dragonite|Roost|p2a: Dragonite
|-heal|p2a: Dragonite|81/100 brn
|-singleturn|p2a: Dragonite|move: Roost
|
|-damage|p2a: Dragonite|75/100 brn|[from] brn
|upkeep
|turn|9
|
|t:|1781601435
|move|p2a: Dragonite|Dragon Dance|p2a: Dragonite
|-boost|p2a: Dragonite|atk|1
|-boost|p2a: Dragonite|spe|1
|move|p1a: Alomomola|Flip Turn|p2a: Dragonite
|-resisted|p2a: Dragonite
|-damage|p2a: Dragonite|66/100 brn
|
|t:|1781601438
|switch|p1a: Landorus|Landorus-Therian, M|37/100|[from] Flip Turn
|-ability|p1a: Landorus|Intimidate|boost
|-unboost|p2a: Dragonite|atk|1
|
|-damage|p2a: Dragonite|60/100 brn|[from] brn
|upkeep
|turn|10
|
|t:|1781601446
|move|p2a: Dragonite|Dragon Claw|p1a: Landorus
|-damage|p1a: Landorus|5/100
|-damage|p2a: Dragonite|43/100 brn|[from] item: Rocky Helmet|[of] p1a: Landorus
|move|p1a: Landorus|Taunt|p2a: Dragonite
|-start|p2a: Dragonite|move: Taunt
|
|-damage|p2a: Dragonite|37/100 brn|[from] brn
|upkeep
|turn|11
|
|t:|1781601455
|move|p2a: Dragonite|Dragon Claw|p1a: Landorus
|-damage|p1a: Landorus|0 fnt
|-damage|p2a: Dragonite|21/100 brn|[from] item: Rocky Helmet|[of] p1a: Landorus
|faint|p1a: Landorus
|
|-damage|p2a: Dragonite|15/100 brn|[from] brn
|upkeep
|
|t:|1781601462
|switch|p1a: Cinderace|Cinderace, M|100/100
|turn|12
|
|t:|1781601465
|move|p1a: Cinderace|Sucker Punch|p2a: Dragonite
|-start|p1a: Cinderace|typechange|Dark|[from] ability: Libero
|-damage|p2a: Dragonite|0 fnt
|faint|p2a: Dragonite
|
|upkeep
|inactive|Battle timer is ON: inactive players will automatically lose when time's up. (requested by monkeoogaboog2)
|
|t:|1781601527
|switch|p2a: Iron Moth|Iron Moth|95/100
|-damage|p2a: Iron Moth|70/100|[from] Stealth Rock
|turn|13
|
|t:|1781601530
|move|p1a: Cinderace|U-turn|p2a: Iron Moth
|-resisted|p2a: Iron Moth
|-damage|p2a: Iron Moth|60/100
|
|t:|1781601532
|switch|p1a: Alomomola|Alomomola, M|100/100|[from] U-turn
|move|p2a: Iron Moth|Fiery Dance|p1a: Alomomola
|-resisted|p1a: Alomomola
|-crit|p1a: Alomomola
|-damage|p1a: Alomomola|83/100
|-boost|p2a: Iron Moth|spa|1
|
|upkeep
|turn|14
|
|t:|1781601543
|move|p2a: Iron Moth|Energy Ball|p1a: Alomomola
|-supereffective|p1a: Alomomola
|-damage|p1a: Alomomola|30/100
|move|p1a: Alomomola|Flip Turn|p2a: Iron Moth
|-supereffective|p2a: Iron Moth
|-damage|p2a: Iron Moth|6/100
|
|t:|1781601551
|switch|p1a: Cinderace|Cinderace, M|100/100|[from] Flip Turn
|
|upkeep
|turn|15
|
|t:|1781601564
|move|p1a: Cinderace|U-turn|p2a: Iron Moth
|-start|p1a: Cinderace|typechange|Bug|[from] ability: Libero
|-resisted|p2a: Iron Moth
|-damage|p2a: Iron Moth|0 fnt
|faint|p2a: Iron Moth
|-end|p2a: Iron Moth|Quark Drive|[silent]
|
|t:|1781601567
|switch|p1a: Dragapult|Dragapult, M|100/100|[from] U-turn
|
|upkeep
|inactive|STONE CHAI has 120 seconds left.
|
|t:|1781601600
|switch|p2a: Primarina|Primarina, M|89/100
|-damage|p2a: Primarina|77/100|[from] Stealth Rock
|turn|16
|inactive|STONE CHAI has 120 seconds left.
|
|t:|1781601613
|move|p1a: Dragapult|U-turn|p2a: Primarina
|-resisted|p2a: Primarina
|-crit|p2a: Primarina
|-damage|p2a: Primarina|60/100
|
|t:|1781601617
|switch|p1a: Alomomola|Alomomola, M|63/100|[from] U-turn
|move|p2a: Primarina|Moonblast|p1a: Alomomola
|-damage|p1a: Alomomola|21/100
|-unboost|p1a: Alomomola|spa|1
|
|upkeep
|turn|17
|
|t:|1781601624
|switch|p1a: Fezandipiti|Fezandipiti, M|43/100
|move|p2a: Primarina|Moonblast|p1a: Fezandipiti
|-resisted|p1a: Fezandipiti
|-crit|p1a: Fezandipiti
|-damage|p1a: Fezandipiti|0 fnt
|faint|p1a: Fezandipiti
|
|upkeep
|
|t:|1781601639
|switch|p1a: Darkrai|Darkrai|100/100
|turn|18
|
|t:|1781601661
|-terastallize|p1a: Darkrai|Poison
|move|p1a: Darkrai|Sludge Bomb|p2a: Primarina
|-supereffective|p2a: Primarina
|-damage|p2a: Primarina|0 fnt
|faint|p2a: Primarina
|
|upkeep
|inactive|STONE CHAI has 120 seconds left.
|
|t:|1781601671
|switch|p2a: Kyurem|Kyurem|100/100
|-damage|p2a: Kyurem|76/100|[from] Stealth Rock
|-ability|p2a: Kyurem|Pressure
|turn|19
|
|t:|1781601681
|switch|p1a: Cinderace|Cinderace, M|100/100
|move|p2a: Kyurem|Earth Power|p1a: Cinderace
|-supereffective|p1a: Cinderace
|-damage|p1a: Cinderace|3/100
|-unboost|p1a: Cinderace|spd|1
|
|upkeep
|turn|20
|
|t:|1781601694
|switch|p2a: Ogerpon|Ogerpon-Cornerstone, F|100/100
|-damage|p2a: Ogerpon|88/100|[from] Stealth Rock
|move|p1a: Cinderace|Pyro Ball|p2a: Ogerpon
|-damage|p2a: Ogerpon|11/100
|
|upkeep
|turn|21
|
|t:|1781601707
|move|p1a: Cinderace|U-turn|p2a: Ogerpon
|-start|p1a: Cinderace|typechange|Bug|[from] ability: Libero
|-supereffective|p2a: Ogerpon
|-damage|p2a: Ogerpon|0 fnt
|faint|p2a: Ogerpon
|
|t:|1781601711
|switch|p1a: Darkrai|Darkrai, tera:Poison|100/100|[from] U-turn
|
|upkeep
|
|t:|1781601717
|switch|p2a: Kyurem|Kyurem|76/100
|-damage|p2a: Kyurem|51/100|[from] Stealth Rock
|-ability|p2a: Kyurem|Pressure
|turn|22
|
|t:|1781601720
|switch|p1a: Alomomola|Alomomola, M|54/100
|move|p2a: Kyurem|Earth Power|p1a: Alomomola
|-damage|p1a: Alomomola|34/100
|
|upkeep
|turn|23
|
|t:|1781601726
|move|p2a: Kyurem|Freeze-Dry|p1a: Alomomola
|-supereffective|p1a: Alomomola
|-damage|p1a: Alomomola|0 fnt
|faint|p1a: Alomomola
|
|upkeep
|
|t:|1781601731
|switch|p1a: Dragapult|Dragapult, M|100/100
|turn|24
|
|t:|1781601740
|-terastallize|p2a: Kyurem|Poison
|move|p1a: Dragapult|Shadow Ball|p2a: Kyurem
|-damage|p2a: Kyurem|23/100
|move|p2a: Kyurem|Ice Beam|p1a: Dragapult
|-supereffective|p1a: Dragapult
|-damage|p1a: Dragapult|0 fnt
|faint|p1a: Dragapult
|
|upkeep
|
|t:|1781601749
|switch|p1a: Cinderace|Cinderace, M|3/100
|turn|25
|
|t:|1781601753
|move|p1a: Cinderace|Pyro Ball|p2a: Kyurem
|-damage|p2a: Kyurem|0 fnt
|faint|p2a: Kyurem
|
|upkeep
|
|t:|1781601757
|switch|p2a: Iron Valiant|Iron Valiant|100/100
|-damage|p2a: Iron Valiant|94/100|[from] Stealth Rock
|-enditem|p2a: Iron Valiant|Booster Energy
|-activate|p2a: Iron Valiant|ability: Quark Drive|[fromitem]
|-start|p2a: Iron Valiant|quarkdrivespe
|turn|26
|
|t:|1781601763
|move|p2a: Iron Valiant|Thunderbolt|p1a: Cinderace
|-damage|p1a: Cinderace|0 fnt
|faint|p1a: Cinderace
|
|upkeep
|
|t:|1781601765
|switch|p1a: Darkrai|Darkrai, tera:Poison|100/100
|turn|27
|
|t:|1781601776
|move|p2a: Iron Valiant|Destiny Bond|p2a: Iron Valiant
|-singlemove|p2a: Iron Valiant|Destiny Bond
|move|p1a: Darkrai|Sludge Bomb|p2a: Iron Valiant
|-supereffective|p2a: Iron Valiant
|-damage|p2a: Iron Valiant|0 fnt
|faint|p2a: Iron Valiant
|-activate|p2a: Iron Valiant|move: Destiny Bond
|-end|p2a: Iron Valiant|Quark Drive|[silent]
|faint|p1a: Darkrai
|
|win|monkeoogaboog2
|raw|monkeoogaboog2's rating: 1627 &rarr; <strong>1642</strong><br />(+15 for winning)
|raw|STONE CHAI's rating: 1533 &rarr; <strong>1518</strong><br />(-15 for losing)
|l|☆monkeoogaboog2
|player|p1|
|l|☆STONE CHAI
|player|p2|
