|j|☆KurisuChestnutOU
|j|☆FIREEEE
|t:|1781167112
|gametype|singles
|player|p1|KurisuChestnutOU|may-contest|1609
|player|p2|FIREEEE|pokekid|1590
|gen|9
|tier|[Gen 9] OU
|rated|
|rule|HP Percentage Mod: HP is shown in percentages
|rule|Endless Battle Clause: Forcing endless battles is banned
|rule|Species Clause: Limit one of each Pokémon
|rule|OHKO Clause: OHKO moves are banned
|rule|Evasion Items Clause: Evasion items are banned
|rule|Evasion Moves Clause: Evasion moves are banned
|rule|Evasion Abilities Clause: Evasion abilities are banned
|rule|Sleep Moves Clause: Sleep-inducing moves are banned
|clearpoke
|poke|p1|Kingambit, F|
|poke|p1|Kommo-o, F|
|poke|p1|Iron Valiant|
|poke|p1|Kyurem|
|poke|p1|Iron Treads|
|poke|p1|Iron Crown|
|poke|p2|Deoxys-Speed|
|poke|p2|Ninetales-Alola, F|
|poke|p2|Kyurem|
|poke|p2|Ogerpon-Wellspring, F|
|poke|p2|Ursaluna, F|
|poke|p2|Primarina, M|
|teampreview
|inactive|Battle timer is ON: inactive players will automatically lose when time's up. (requested by KurisuChestnutOU)
|
|t:|1781167120
|teamsize|p1|6
|teamsize|p2|6
|start
|switch|p1a: Kommo-o|Kommo-o, F|100/100
|switch|p2a: Deoxys|Deoxys-Speed|100/100
|-ability|p2a: Deoxys|Pressure
|turn|1
|
|t:|1781167124
|switch|p1a: Kingambit|Kingambit, F|100/100
|move|p2a: Deoxys|Taunt|p1a: Kingambit
|-start|p1a: Kingambit|move: Taunt
|
|upkeep
|turn|2
|
|t:|1781167131
|move|p2a: Deoxys|Reflect|p2a: Deoxys
|-sidestart|p2: FIREEEE|Reflect
|move|p1a: Kingambit|Iron Head|p2a: Deoxys
|-damage|p2a: Deoxys|74/100
|
|upkeep
|turn|3
|
|t:|1781167139
|move|p2a: Deoxys|Stealth Rock|p1a: Kingambit
|-sidestart|p1: KurisuChestnutOU|move: Stealth Rock
|move|p1a: Kingambit|Low Kick|p2a: Deoxys
|-resisted|p2a: Deoxys
|-damage|p2a: Deoxys|66/100
|
|-end|p1a: Kingambit|move: Taunt
|upkeep
|turn|4
|
|t:|1781167146
|-end|p1a: Kingambit|fallenundefined|[silent]
|switch|p1a: Iron Treads|Iron Treads|100/100
|-damage|p1a: Iron Treads|98/100|[from] Stealth Rock
|-enditem|p1a: Iron Treads|Booster Energy
|-activate|p1a: Iron Treads|ability: Quark Drive|[fromitem]
|-start|p1a: Iron Treads|quarkdrivespe
|move|p2a: Deoxys|Light Screen|p2a: Deoxys
|-sidestart|p2: FIREEEE|move: Light Screen
|
|upkeep
|turn|5
|
|t:|1781167150
|switch|p2a: Ursaluna|Ursaluna, F|100/100
|move|p1a: Iron Treads|Rapid Spin|p2a: Ursaluna
|-damage|p2a: Ursaluna|96/100
|-boost|p1a: Iron Treads|spe|1
|-sideend|p1: KurisuChestnutOU|Stealth Rock|[from] move: Rapid Spin|[of] p1a: Iron Treads
|
|-status|p2a: Ursaluna|brn|[from] item: Flame Orb
|upkeep
|turn|6
|
|t:|1781167154
|move|p1a: Iron Treads|Stealth Rock|p2a: Ursaluna
|-sidestart|p2: FIREEEE|move: Stealth Rock
|move|p2a: Ursaluna|Earthquake|p1a: Iron Treads
|-supereffective|p1a: Iron Treads
|-damage|p1a: Iron Treads|0 fnt
|faint|p1a: Iron Treads
|-end|p1a: Iron Treads|Quark Drive|[silent]
|
|-damage|p2a: Ursaluna|90/100 brn|[from] brn
|upkeep
|
|t:|1781167162
|switch|p1a: Kommo-o|Kommo-o, F|100/100
|turn|7
|
|t:|1781167168
|move|p1a: Kommo-o|Substitute|p1a: Kommo-o
|-start|p1a: Kommo-o|Substitute
|-damage|p1a: Kommo-o|75/100
|move|p2a: Ursaluna|Facade|p1a: Kommo-o
|-crit|p1a: Kommo-o
|-end|p1a: Kommo-o|Substitute
|
|-heal|p1a: Kommo-o|82/100|[from] item: Leftovers
|-damage|p2a: Ursaluna|84/100 brn|[from] brn
|upkeep
|turn|8
|
|t:|1781167171
|move|p1a: Kommo-o|Substitute|p1a: Kommo-o
|-start|p1a: Kommo-o|Substitute
|-damage|p1a: Kommo-o|57/100
|move|p2a: Ursaluna|Facade|p1a: Kommo-o
|-end|p1a: Kommo-o|Substitute
|
|-heal|p1a: Kommo-o|63/100|[from] item: Leftovers
|-damage|p2a: Ursaluna|77/100 brn|[from] brn
|upkeep
|turn|9
|
|t:|1781167177
|move|p1a: Kommo-o|Substitute|p1a: Kommo-o
|-start|p1a: Kommo-o|Substitute
|-damage|p1a: Kommo-o|38/100
|move|p2a: Ursaluna|Facade|p1a: Kommo-o
|-end|p1a: Kommo-o|Substitute
|
|-heal|p1a: Kommo-o|44/100|[from] item: Leftovers
|-damage|p2a: Ursaluna|71/100 brn|[from] brn
|-sideend|p2: FIREEEE|Reflect
|upkeep
|turn|10
|
|t:|1781167197
|move|p1a: Kommo-o|Drain Punch|p2a: Ursaluna
|-supereffective|p2a: Ursaluna
|-damage|p2a: Ursaluna|31/100 brn
|-heal|p1a: Kommo-o|71/100|[from] drain|[of] p2a: Ursaluna
|move|p2a: Ursaluna|Facade|p1a: Kommo-o
|-damage|p1a: Kommo-o|0 fnt
|faint|p1a: Kommo-o
|
|-damage|p2a: Ursaluna|24/100 brn|[from] brn
|upkeep
|
|t:|1781167202
|switch|p1a: Kingambit|Kingambit, F|100/100
|-activate|p1a: Kingambit|ability: Supreme Overlord
|-start|p1a: Kingambit|fallen2|[silent]
|turn|11
|
|t:|1781167209
|move|p1a: Kingambit|Iron Head|p2a: Ursaluna
|-damage|p2a: Ursaluna|0 fnt
|faint|p2a: Ursaluna
|
|-sideend|p2: FIREEEE|move: Light Screen
|upkeep
|
|t:|1781167216
|switch|p2a: Deoxys|Deoxys-Speed|66/100
|-damage|p2a: Deoxys|53/100|[from] Stealth Rock
|-ability|p2a: Deoxys|Pressure
|turn|12
|
|t:|1781167219
|move|p2a: Deoxys|Reflect|p2a: Deoxys
|-sidestart|p2: FIREEEE|Reflect
|move|p1a: Kingambit|Iron Head|p2a: Deoxys
|-damage|p2a: Deoxys|25/100
|
|upkeep
|turn|13
|
|t:|1781167222
|move|p2a: Deoxys|Taunt|p1a: Kingambit
|-start|p1a: Kingambit|move: Taunt
|cant|p1a: Kingambit|move: Taunt|Swords Dance
|
|upkeep
|turn|14
|
|t:|1781167228
|-end|p1a: Kingambit|fallen2|[silent]
|switch|p1a: Iron Crown|Iron Crown|100/100
|-enditem|p1a: Iron Crown|Booster Energy
|-activate|p1a: Iron Crown|ability: Quark Drive|[fromitem]
|-start|p1a: Iron Crown|quarkdrivespe
|move|p2a: Deoxys|Stealth Rock|p1a: Iron Crown
|-sidestart|p1: KurisuChestnutOU|move: Stealth Rock
|
|upkeep
|turn|15
|
|t:|1781167235
|move|p1a: Iron Crown|Calm Mind|p1a: Iron Crown
|-boost|p1a: Iron Crown|spa|1
|-boost|p1a: Iron Crown|spd|1
|move|p2a: Deoxys|Light Screen|p2a: Deoxys
|-sidestart|p2: FIREEEE|move: Light Screen
|
|upkeep
|turn|16
|
|t:|1781167241
|switch|p2a: Ogerpon|Ogerpon-Wellspring, F|100/100
|-damage|p2a: Ogerpon|88/100|[from] Stealth Rock
|move|p1a: Iron Crown|Psychic Noise|p2a: Ogerpon
|-damage|p2a: Ogerpon|58/100
|-start|p2a: Ogerpon|move: Heal Block
|
|upkeep
|turn|17
|
|t:|1781167255
|-terastallize|p2a: Ogerpon|Water
|detailschange|p2a: Ogerpon|Ogerpon-Wellspring-Tera, F, tera:Water
|-ability|p2a: Ogerpon|Embody Aspect (Wellspring)|boost
|-boost|p2a: Ogerpon|spd|1
|move|p1a: Iron Crown|Psychic Noise|p2a: Ogerpon
|-crit|p2a: Ogerpon
|-damage|p2a: Ogerpon|0 fnt
|faint|p2a: Ogerpon
|detailschange|p2: Ogerpon|Ogerpon-Wellspring, F|[silent]
|
|upkeep
|
|t:|1781167267
|switch|p2a: Kyurem|Kyurem|100/100
|-damage|p2a: Kyurem|76/100|[from] Stealth Rock
|-ability|p2a: Kyurem|Pressure
|turn|18
|
|t:|1781167272
|move|p1a: Iron Crown|Calm Mind|p1a: Iron Crown
|-boost|p1a: Iron Crown|spa|1
|-boost|p1a: Iron Crown|spd|1
|move|p2a: Kyurem|Earth Power|p1a: Iron Crown
|-supereffective|p1a: Iron Crown
|-damage|p1a: Iron Crown|49/100
|
|upkeep
|turn|19
|
|t:|1781167276
|move|p1a: Iron Crown|Tachyon Cutter|p2a: Kyurem
|-supereffective|p2a: Kyurem
|-damage|p2a: Kyurem|32/100
|-supereffective|p2a: Kyurem
|-damage|p2a: Kyurem|0 fnt
|faint|p2a: Kyurem
|-hitcount|p2: Kyurem|2
|
|-sideend|p2: FIREEEE|Reflect
|upkeep
|-message|FIREEEE forfeited.
|
|win|KurisuChestnutOU
|raw|KurisuChestnutOU's rating: 1626 &rarr; <strong>1644</strong><br />(+18 for winning)
|raw|FIREEEE's rating: 1590 &rarr; <strong>1572</strong><br />(-18 for losing)
|l|☆FIREEEE
|player|p2|
