|j|☆Miurez
|j|‽yesterdaymister
|t:|1781217561
|gametype|singles
|player|p1|Miurez|pokemonranger-gen4|1712
|player|p2|yesterdaymister|striker|1702
|gen|9
|tier|[Gen 9] OU
|rated|
|rule|HP Percentage Mod: HP is shown in percentages
|rule|Endless Battle Clause: Forcing endless battles is banned
|rule|Species Clause: Limit one of each Pokémon
|rule|OHKO Clause: OHKO moves are banned
|rule|Evasion Items Clause: Evasion items are banned
|rule|Evasion Moves Clause: Evasion moves are banned
|rule|Evasion Abilities Clause: Evasion abilities are banned
|rule|Sleep Moves Clause: Sleep-inducing moves are banned
|clearpoke
|poke|p1|Iron Moth|
|poke|p1|Gliscor, F|
|poke|p1|Hatterene, F|
|poke|p1|Ogerpon-Wellspring, F|
|poke|p1|Raging Bolt|
|poke|p1|Zamazenta-*|
|poke|p2|Ninetales, M|
|poke|p2|Ceruledge, F|
|poke|p2|Venusaur, M|
|poke|p2|Hatterene, F|
|poke|p2|Great Tusk|
|poke|p2|Walking Wake|
|teampreview
|inactive|Battle timer is ON: inactive players will automatically lose when time's up. (requested by yesterdaymister)
|inactive|Miurez has 120 seconds left.
|
|t:|1781217595
|teamsize|p1|6
|teamsize|p2|6
|start
|switch|p1a: Zamazenta|Zamazenta|100/100
|switch|p2a: Ninetales|Ninetales, M|100/100
|-ability|p1a: Zamazenta|Dauntless Shield|boost
|-boost|p1a: Zamazenta|def|1
|-weather|SunnyDay|[from] ability: Drought|[of] p2a: Ninetales
|turn|1
|
|t:|1781217605
|move|p1a: Zamazenta|Light Screen|p1a: Zamazenta
|-sidestart|p1: Miurez|move: Light Screen
|move|p2a: Ninetales|Will-O-Wisp|p1a: Zamazenta
|-status|p1a: Zamazenta|brn
|
|-weather|SunnyDay|[upkeep]
|-damage|p1a: Zamazenta|94/100 brn|[from] brn
|upkeep
|turn|2
|
|t:|1781217614
|switch|p2a: Venusaur|Venusaur, M|100/100
|move|p1a: Zamazenta|Reflect|p1a: Zamazenta
|-sidestart|p1: Miurez|Reflect
|
|-weather|SunnyDay|[upkeep]
|-damage|p1a: Zamazenta|88/100 brn|[from] brn
|upkeep
|turn|3
|
|t:|1781217618
|switch|p1a: Iron Moth|Iron Moth|100/100
|-enditem|p1a: Iron Moth|Booster Energy
|-activate|p1a: Iron Moth|ability: Quark Drive|[fromitem]
|-start|p1a: Iron Moth|quarkdrivespe
|move|p2a: Venusaur|Growth|p2a: Venusaur
|-boost|p2a: Venusaur|atk|2
|-boost|p2a: Venusaur|spa|2
|
|-weather|SunnyDay|[upkeep]
|upkeep
|turn|4
|
|t:|1781217622
|switch|p2a: Ceruledge|Ceruledge, F|100/100
|move|p1a: Iron Moth|Fiery Dance|p2a: Ceruledge
|-resisted|p2a: Ceruledge
|-damage|p2a: Ceruledge|64/100
|
|-weather|SunnyDay|[upkeep]
|upkeep
|turn|5
|
|t:|1781217627
|move|p1a: Iron Moth|Fiery Dance|p2a: Ceruledge
|-resisted|p2a: Ceruledge
|-damage|p2a: Ceruledge|27/100
|-boost|p1a: Iron Moth|spa|1
|move|p2a: Ceruledge|Bitter Blade|p1a: Iron Moth
|-resisted|p1a: Iron Moth
|-damage|p1a: Iron Moth|74/100
|-heal|p2a: Ceruledge|42/100|[from] drain|[of] p1a: Iron Moth
|
|-weather|SunnyDay|[upkeep]
|upkeep
|turn|6
|
|t:|1781217635
|move|p1a: Iron Moth|Fiery Dance|p2a: Ceruledge
|-resisted|p2a: Ceruledge
|-damage|p2a: Ceruledge|0 fnt
|faint|p2a: Ceruledge
|
|-weather|SunnyDay|[upkeep]
|upkeep
|
|t:|1781217643
|switch|p2a: Great Tusk|Great Tusk|100/100
|-activate|p2a: Great Tusk|ability: Protosynthesis
|-start|p2a: Great Tusk|protosynthesisspe
|turn|7
|
|t:|1781217649
|-terastallize|p2a: Great Tusk|Fire
|move|p1a: Iron Moth|Fiery Dance|p2a: Great Tusk
|-resisted|p2a: Great Tusk
|-damage|p2a: Great Tusk|44/100
|-boost|p1a: Iron Moth|spa|1
|move|p2a: Great Tusk|Rapid Spin|p1a: Iron Moth
|-damage|p1a: Iron Moth|63/100
|-boost|p2a: Great Tusk|spe|1
|
|-weather|SunnyDay|[upkeep]
|upkeep
|turn|8
|
|t:|1781217664
|move|p2a: Great Tusk|Headlong Rush|p1a: Iron Moth
|-supereffective|p1a: Iron Moth
|-damage|p1a: Iron Moth|0 fnt
|-unboost|p2a: Great Tusk|def|1
|-unboost|p2a: Great Tusk|spd|1
|faint|p1a: Iron Moth
|-end|p1a: Iron Moth|Quark Drive|[silent]
|
|-weather|none
|-end|p2a: Great Tusk|Protosynthesis
|-sideend|p1: Miurez|move: Light Screen
|upkeep
|
|t:|1781217670
|switch|p1a: Zamazenta|Zamazenta|88/100 brn
|turn|9
|
|t:|1781217675
|-end|p2a: Great Tusk|Protosynthesis|[silent]
|switch|p2a: Ninetales|Ninetales, M|100/100
|-weather|SunnyDay|[from] ability: Drought|[of] p2a: Ninetales
|move|p1a: Zamazenta|Light Screen|p1a: Zamazenta
|-sidestart|p1: Miurez|move: Light Screen
|
|-weather|SunnyDay|[upkeep]
|-damage|p1a: Zamazenta|82/100 brn|[from] brn
|-sideend|p1: Miurez|Reflect
|upkeep
|turn|10
|
|t:|1781217677
|switch|p2a: Venusaur|Venusaur, M|100/100
|move|p1a: Zamazenta|Reflect|p1a: Zamazenta
|-sidestart|p1: Miurez|Reflect
|
|-weather|SunnyDay|[upkeep]
|-damage|p1a: Zamazenta|76/100 brn|[from] brn
|upkeep
|turn|11
|
|t:|1781217694
|move|p2a: Venusaur|Growth|p2a: Venusaur
|-boost|p2a: Venusaur|atk|2
|-boost|p2a: Venusaur|spa|2
|move|p1a: Zamazenta|Ice Fang|p2a: Venusaur
|-supereffective|p2a: Venusaur
|-damage|p2a: Venusaur|78/100
|
|-weather|SunnyDay|[upkeep]
|-damage|p1a: Zamazenta|70/100 brn|[from] brn
|upkeep
|turn|12
|
|t:|1781217709
|move|p2a: Venusaur|Growth|p2a: Venusaur
|-boost|p2a: Venusaur|atk|2
|-boost|p2a: Venusaur|spa|2
|move|p1a: Zamazenta|Ice Fang|p2a: Venusaur
|-supereffective|p2a: Venusaur
|-damage|p2a: Venusaur|55/100
|
|-weather|SunnyDay|[upkeep]
|-damage|p1a: Zamazenta|64/100 brn|[from] brn
|upkeep
|turn|13
|
|t:|1781217716
|move|p2a: Venusaur|Giga Drain|p1a: Zamazenta
|-damage|p1a: Zamazenta|4/100 brn
|-heal|p2a: Venusaur|93/100|[from] drain|[of] p1a: Zamazenta
|-damage|p2a: Venusaur|83/100|[from] item: Life Orb
|move|p1a: Zamazenta|Ice Fang|p2a: Venusaur
|-supereffective|p2a: Venusaur
|-damage|p2a: Venusaur|58/100
|
|-weather|SunnyDay|[upkeep]
|-damage|p1a: Zamazenta|0 fnt|[from] brn
|faint|p1a: Zamazenta
|upkeep
|
|t:|1781217725
|switch|p1a: Raging Bolt|Raging Bolt|100/100
|-activate|p1a: Raging Bolt|ability: Protosynthesis
|-start|p1a: Raging Bolt|protosynthesisspa
|turn|14
|l|☆Miurez
|inactive|Miurez disconnected and has a minute to reconnect!
|player|p1|
|j|☆Miurez
|inactive|Miurez reconnected and has 140 seconds left.
|player|p1|Miurez|pokemonranger-gen4|
|
|t:|1781217739
|move|p2a: Venusaur|Sludge Bomb|p1a: Raging Bolt
|-damage|p1a: Raging Bolt|24/100
|-damage|p2a: Venusaur|48/100|[from] item: Life Orb
|move|p1a: Raging Bolt|Dragon Pulse|p2a: Venusaur
|-damage|p2a: Venusaur|0 fnt
|faint|p2a: Venusaur
|
|-weather|SunnyDay|[upkeep]
|upkeep
|
|t:|1781217751
|switch|p2a: Great Tusk|Great Tusk, tera:Fire|44/100
|-activate|p2a: Great Tusk|ability: Protosynthesis
|-start|p2a: Great Tusk|protosynthesisspe
|turn|15
|
|t:|1781217759
|move|p1a: Raging Bolt|Thunderclap|p2a: Great Tusk
|-damage|p2a: Great Tusk|0 fnt
|faint|p2a: Great Tusk
|-end|p2a: Great Tusk|Protosynthesis|[silent]
|
|-weather|SunnyDay|[upkeep]
|upkeep
|
|t:|1781217764
|switch|p2a: Ninetales|Ninetales, M|100/100
|turn|16
|
|t:|1781217767
|move|p2a: Ninetales|Encore|p1a: Raging Bolt
|-start|p1a: Raging Bolt|Encore
|move|p1a: Raging Bolt|Thunderclap||[still]
|-fail|p1a: Raging Bolt
|
|-weather|none
|-end|p1a: Raging Bolt|Protosynthesis
|-sideend|p1: Miurez|move: Light Screen
|upkeep
|-enditem|p1a: Raging Bolt|Booster Energy
|-activate|p1a: Raging Bolt|ability: Protosynthesis|[fromitem]
|-start|p1a: Raging Bolt|protosynthesisspa
|turn|17
|j| Nachoboroooo
|
|t:|1781217776
|switch|p2a: Hatterene|Hatterene, F|100/100
|move|p1a: Raging Bolt|Thunderclap||[still]
|-fail|p1a: Raging Bolt
|
|-sideend|p1: Miurez|Reflect
|upkeep
|turn|18
|
|t:|1781217781
|-end|p1a: Raging Bolt|Protosynthesis|[silent]
|switch|p1a: Gliscor|Gliscor, F|100/100
|switch|p2a: Ninetales|Ninetales, M|100/100
|-weather|SunnyDay|[from] ability: Drought|[of] p2a: Ninetales
|
|-weather|SunnyDay|[upkeep]
|-status|p1a: Gliscor|tox|[from] item: Toxic Orb
|upkeep
|turn|19
|
|t:|1781217792
|switch|p2a: Hatterene|Hatterene, F|100/100
|move|p1a: Gliscor|Swords Dance|p1a: Gliscor
|-boost|p1a: Gliscor|atk|2
|
|-weather|SunnyDay|[upkeep]
|upkeep
|turn|20
|
|t:|1781217801
|move|p1a: Gliscor|Agility|p1a: Gliscor
|-boost|p1a: Gliscor|spe|2
|move|p2a: Hatterene|Psychic Noise|p1a: Gliscor
|-crit|p1a: Gliscor
|-damage|p1a: Gliscor|33/100 tox
|-start|p1a: Gliscor|move: Heal Block
|
|-weather|SunnyDay|[upkeep]
|upkeep
|turn|21
|
|t:|1781217807
|move|p1a: Gliscor|Earthquake|p2a: Hatterene
|-crit|p2a: Hatterene
|-damage|p2a: Hatterene|0 fnt
|faint|p2a: Hatterene
|
|-weather|SunnyDay|[upkeep]
|-end|p1a: Gliscor|move: Heal Block
|upkeep
|
|t:|1781217810
|switch|p2a: Ninetales|Ninetales, M|100/100
|turn|22
|
|t:|1781217820
|move|p1a: Gliscor|Earthquake|p2a: Ninetales
|-supereffective|p2a: Ninetales
|-damage|p2a: Ninetales|0 fnt
|faint|p2a: Ninetales
|
|-weather|SunnyDay|[upkeep]
|-heal|p1a: Gliscor|45/100 tox|[from] ability: Poison Heal
|upkeep
|
|t:|1781217822
|switch|p2a: Walking Wake|Walking Wake|100/100
|-activate|p2a: Walking Wake|ability: Protosynthesis
|-start|p2a: Walking Wake|protosynthesisspa
|turn|23
|
|t:|1781217831
|move|p1a: Gliscor|Earthquake|p2a: Walking Wake
|-damage|p2a: Walking Wake|5/100
|move|p2a: Walking Wake|Dragon Pulse|p1a: Gliscor
|-damage|p1a: Gliscor|0 fnt
|faint|p1a: Gliscor
|
|-weather|SunnyDay|[upkeep]
|upkeep
|
|t:|1781217834
|switch|p1a: Raging Bolt|Raging Bolt|24/100
|-activate|p1a: Raging Bolt|ability: Protosynthesis
|-start|p1a: Raging Bolt|protosynthesisspa
|turn|24
|
|t:|1781217838
|move|p1a: Raging Bolt|Thunderclap|p2a: Walking Wake
|-damage|p2a: Walking Wake|0 fnt
|faint|p2a: Walking Wake
|-end|p2a: Walking Wake|Protosynthesis|[silent]
|
|win|Miurez
|raw|Miurez's rating: 1712 &rarr; <strong>1731</strong><br />(+19 for winning)
|raw|yesterdaymister's rating: 1702 &rarr; <strong>1683</strong><br />(-19 for losing)
|l|‽yesterdaymister
|player|p2|
|l|☆Miurez
|player|p1|
|l| Nachoboroooo
