|j|☆macdaddy kmoney
|j|☆OUZQ Crocodile
|t:|1781013736
|gametype|singles
|player|p1|macdaddy kmoney|101|1603
|player|p2|OUZQ Crocodile|2|1678
|gen|9
|tier|[Gen 9] OU
|rated|
|rule|HP Percentage Mod: HP is shown in percentages
|rule|Endless Battle Clause: Forcing endless battles is banned
|rule|Species Clause: Limit one of each Pokémon
|rule|OHKO Clause: OHKO moves are banned
|rule|Evasion Items Clause: Evasion items are banned
|rule|Evasion Moves Clause: Evasion moves are banned
|rule|Evasion Abilities Clause: Evasion abilities are banned
|rule|Sleep Moves Clause: Sleep-inducing moves are banned
|clearpoke
|poke|p1|Azumarill, M|
|poke|p1|Skeledirge, M|
|poke|p1|Goodra-Hisui, F|
|poke|p1|Iron Treads|
|poke|p1|Chesnaught, M|
|poke|p1|Gholdengo|
|poke|p2|Greninja-*, M|
|poke|p2|Dragonite, F|
|poke|p2|Great Tusk|
|poke|p2|Deoxys-Speed|
|poke|p2|Iron Valiant|
|poke|p2|Iron Moth|
|teampreview
|inactive|Battle timer is ON: inactive players will automatically lose when time's up. (requested by OUZQ Crocodile)
|
|t:|1781013774
|teamsize|p1|6
|teamsize|p2|6
|start
|switch|p1a: Goodra|Goodra-Hisui, F|100/100
|switch|p2a: Deoxys|Deoxys-Speed|100/100
|-ability|p2a: Deoxys|Pressure
|turn|1
|
|t:|1781013785
|move|p2a: Deoxys|Stealth Rock|p1a: Goodra
|-sidestart|p1: macdaddy kmoney|move: Stealth Rock
|move|p1a: Goodra|Knock Off|p2a: Deoxys
|-supereffective|p2a: Deoxys
|-damage|p2a: Deoxys|29/100
|-enditem|p2a: Deoxys|Eject Pack|[from] move: Knock Off|[of] p1a: Goodra
|
|upkeep
|turn|2
|
|t:|1781013794
|switch|p2a: Iron Valiant|Iron Valiant|100/100
|-enditem|p2a: Iron Valiant|Booster Energy
|-activate|p2a: Iron Valiant|ability: Quark Drive|[fromitem]
|-start|p2a: Iron Valiant|quarkdrivespe
|move|p1a: Goodra|Knock Off|p2a: Iron Valiant
|-resisted|p2a: Iron Valiant
|-damage|p2a: Iron Valiant|97/100
|
|upkeep
|turn|3
|
|t:|1781013803
|switch|p1a: Big Dirge|Skeledirge, M|100/100
|move|p2a: Iron Valiant|Knock Off|p1a: Big Dirge
|-supereffective|p1a: Big Dirge
|-damage|p1a: Big Dirge|55/100
|-enditem|p1a: Big Dirge|Heavy-Duty Boots|[from] move: Knock Off|[of] p2a: Iron Valiant
|
|upkeep
|turn|4
|
|t:|1781013810
|-end|p2a: Iron Valiant|Quark Drive|[silent]
|switch|p2a: Greninja|Greninja, M|100/100
|move|p1a: Big Dirge|Slack Off|p1a: Big Dirge
|-heal|p1a: Big Dirge|100/100
|
|upkeep
|turn|5
|
|t:|1781013817
|switch|p1a: Goodra|Goodra-Hisui, F|100/100
|-damage|p1a: Goodra|94/100|[from] Stealth Rock
|move|p2a: Greninja|Spikes|p1a: Goodra
|-sidestart|p1: macdaddy kmoney|Spikes
|
|-heal|p1a: Goodra|100/100|[from] item: Leftovers
|upkeep
|turn|6
|
|t:|1781013826
|move|p2a: Greninja|Dark Pulse|p1a: Goodra
|-damage|p1a: Goodra|76/100
|-damage|p2a: Greninja|91/100|[from] item: Life Orb
|move|p1a: Goodra|Flash Cannon|p2a: Greninja
|-resisted|p2a: Greninja
|-damage|p2a: Greninja|69/100
|-unboost|p2a: Greninja|spd|1
|
|-heal|p1a: Goodra|82/100|[from] item: Leftovers
|upkeep
|turn|7
|
|t:|1781013837
|switch|p2a: Iron Valiant|Iron Valiant|97/100
|move|p1a: Goodra|Flash Cannon|p2a: Iron Valiant
|-supereffective|p2a: Iron Valiant
|-damage|p2a: Iron Valiant|0 fnt
|faint|p2a: Iron Valiant
|-end|p2a: Iron Valiant|Quark Drive|[silent]
|
|-heal|p1a: Goodra|88/100|[from] item: Leftovers
|upkeep
|
|t:|1781013844
|switch|p2a: Great Tusk|Great Tusk|100/100
|-enditem|p2a: Great Tusk|Booster Energy
|-activate|p2a: Great Tusk|ability: Protosynthesis|[fromitem]
|-start|p2a: Great Tusk|protosynthesisatk
|turn|8
|
|t:|1781013851
|switch|p1a: Chesnaught|Chesnaught, M|100/100
|-damage|p1a: Chesnaught|94/100|[from] Stealth Rock
|-damage|p1a: Chesnaught|82/100|[from] Spikes
|move|p2a: Great Tusk|Rapid Spin|p1a: Chesnaught
|-damage|p1a: Chesnaught|69/100
|-boost|p2a: Great Tusk|spe|1
|-damage|p2a: Great Tusk|84/100|[from] item: Rocky Helmet|[of] p1a: Chesnaught
|
|upkeep
|turn|9
|
|t:|1781013856
|move|p2a: Great Tusk|Ice Spinner|p1a: Chesnaught
|-supereffective|p1a: Chesnaught
|-damage|p1a: Chesnaught|28/100
|-damage|p2a: Great Tusk|68/100|[from] item: Rocky Helmet|[of] p1a: Chesnaught
|move|p1a: Chesnaught|Synthesis|p1a: Chesnaught
|-heal|p1a: Chesnaught|78/100
|
|upkeep
|turn|10
|
|t:|1781013863
|move|p2a: Great Tusk|Ice Spinner|p1a: Chesnaught
|-supereffective|p1a: Chesnaught
|-damage|p1a: Chesnaught|38/100
|-damage|p2a: Great Tusk|51/100|[from] item: Rocky Helmet|[of] p1a: Chesnaught
|move|p1a: Chesnaught|Synthesis|p1a: Chesnaught
|-heal|p1a: Chesnaught|88/100
|
|upkeep
|turn|11
|
|t:|1781013888
|-end|p2a: Great Tusk|Protosynthesis|[silent]
|switch|p2a: Iron Moth|Iron Moth|100/100
|-enditem|p2a: Iron Moth|Booster Energy
|-activate|p2a: Iron Moth|ability: Quark Drive|[fromitem]
|-start|p2a: Iron Moth|quarkdrivespe
|move|p1a: Chesnaught|Synthesis|p1a: Chesnaught
|-heal|p1a: Chesnaught|100/100
|
|upkeep
|turn|12
|
|t:|1781013903
|switch|p1a: Big Dirge|Skeledirge, M|100/100
|-damage|p1a: Big Dirge|76/100|[from] Stealth Rock
|-damage|p1a: Big Dirge|63/100|[from] Spikes
|move|p2a: Iron Moth|Fiery Dance|p1a: Big Dirge
|-resisted|p1a: Big Dirge
|-damage|p1a: Big Dirge|48/100
|-boost|p2a: Iron Moth|spa|1
|
|upkeep
|turn|13
|
|t:|1781013911
|-end|p2a: Iron Moth|Quark Drive|[silent]
|switch|p2a: Great Tusk|Great Tusk|51/100
|move|p1a: Big Dirge|Slack Off|p1a: Big Dirge
|-heal|p1a: Big Dirge|98/100
|
|upkeep
|turn|14
|
|t:|1781013918
|switch|p1a: Chesnaught|Chesnaught, M|100/100
|-damage|p1a: Chesnaught|94/100|[from] Stealth Rock
|-damage|p1a: Chesnaught|82/100|[from] Spikes
|move|p2a: Great Tusk|Headlong Rush|p1a: Chesnaught
|-resisted|p1a: Chesnaught
|-damage|p1a: Chesnaught|65/100
|-unboost|p2a: Great Tusk|def|1
|-unboost|p2a: Great Tusk|spd|1
|-damage|p2a: Great Tusk|35/100|[from] item: Rocky Helmet|[of] p1a: Chesnaught
|
|upkeep
|turn|15
|
|t:|1781013923
|-end|p2a: Great Tusk|Protosynthesis|[silent]
|switch|p2a: Iron Moth|Iron Moth|100/100
|move|p1a: Chesnaught|Synthesis|p1a: Chesnaught
|-heal|p1a: Chesnaught|100/100
|
|upkeep
|turn|16
|
|t:|1781013927
|-end|p2a: Iron Moth|Quark Drive|[silent]
|switch|p2a: Greninja|Greninja, M|69/100
|switch|p1a: Big Dirge|Skeledirge, M|98/100
|-damage|p1a: Big Dirge|73/100|[from] Stealth Rock
|-damage|p1a: Big Dirge|61/100|[from] Spikes
|
|upkeep
|turn|17
|
|t:|1781013935
|switch|p2a: Iron Moth|Iron Moth|100/100
|switch|p1a: Goodra|Goodra-Hisui, F|88/100
|-damage|p1a: Goodra|82/100|[from] Stealth Rock
|-damage|p1a: Goodra|69/100|[from] Spikes
|
|-heal|p1a: Goodra|75/100|[from] item: Leftovers
|upkeep
|turn|18
|
|t:|1781013947
|-end|p2a: Iron Moth|Quark Drive|[silent]
|switch|p2a: Deoxys|Deoxys-Speed|29/100
|-ability|p2a: Deoxys|Pressure
|move|p1a: Goodra|Dragon Pulse|p2a: Deoxys
|-damage|p2a: Deoxys|0 fnt
|faint|p2a: Deoxys
|
|-heal|p1a: Goodra|81/100|[from] item: Leftovers
|upkeep
|
|t:|1781013952
|switch|p2a: Great Tusk|Great Tusk|35/100
|turn|19
|
|t:|1781013956
|switch|p1a: Chesnaught|Chesnaught, M|100/100
|-damage|p1a: Chesnaught|94/100|[from] Stealth Rock
|-damage|p1a: Chesnaught|82/100|[from] Spikes
|move|p2a: Great Tusk|Close Combat|p1a: Chesnaught
|-damage|p1a: Chesnaught|45/100
|-unboost|p2a: Great Tusk|def|1
|-unboost|p2a: Great Tusk|spd|1
|-damage|p2a: Great Tusk|18/100|[from] item: Rocky Helmet|[of] p1a: Chesnaught
|
|upkeep
|turn|20
|
|t:|1781013964
|-end|p2a: Great Tusk|Protosynthesis|[silent]
|switch|p2a: Iron Moth|Iron Moth|100/100
|move|p1a: Chesnaught|Synthesis|p1a: Chesnaught
|-heal|p1a: Chesnaught|94/100
|
|upkeep
|turn|21
|
|t:|1781013970
|-end|p2a: Iron Moth|Quark Drive|[silent]
|switch|p2a: Greninja|Greninja, M|69/100
|switch|p1a: Goodra|Goodra-Hisui, F|81/100
|-damage|p1a: Goodra|75/100|[from] Stealth Rock
|-damage|p1a: Goodra|63/100|[from] Spikes
|
|-heal|p1a: Goodra|69/100|[from] item: Leftovers
|upkeep
|turn|22
|
|t:|1781013977
|move|p2a: Greninja|Dark Pulse|p1a: Goodra
|-damage|p1a: Goodra|44/100
|-damage|p2a: Greninja|59/100|[from] item: Life Orb
|cant|p1a: Goodra|flinch
|
|-heal|p1a: Goodra|50/100|[from] item: Leftovers
|upkeep
|turn|23
|
|t:|1781013982
|move|p2a: Greninja|Dark Pulse|p1a: Goodra
|-damage|p1a: Goodra|26/100
|-damage|p2a: Greninja|49/100|[from] item: Life Orb
|move|p1a: Goodra|Dragon Pulse|p2a: Greninja
|-damage|p2a: Greninja|0 fnt
|faint|p2a: Greninja
|
|-heal|p1a: Goodra|32/100|[from] item: Leftovers
|upkeep
|
|t:|1781013988
|switch|p2a: Great Tusk|Great Tusk|18/100
|turn|24
|
|t:|1781013998
|move|p2a: Great Tusk|Close Combat|p1a: Goodra
|-supereffective|p1a: Goodra
|-damage|p1a: Goodra|0 fnt
|-unboost|p2a: Great Tusk|def|1
|-unboost|p2a: Great Tusk|spd|1
|faint|p1a: Goodra
|
|upkeep
|
|t:|1781014007
|switch|p1a: Azumarill|Azumarill, M|100/100
|-damage|p1a: Azumarill|88/100|[from] Stealth Rock
|-damage|p1a: Azumarill|76/100|[from] Spikes
|turn|25
|
|t:|1781014013
|move|p1a: Azumarill|Aqua Jet|p2a: Great Tusk
|-supereffective|p2a: Great Tusk
|-damage|p2a: Great Tusk|0 fnt
|faint|p2a: Great Tusk
|-end|p2a: Great Tusk|Protosynthesis|[silent]
|
|upkeep
|
|t:|1781014018
|switch|p2a: Iron Moth|Iron Moth|100/100
|turn|26
|
|t:|1781014026
|-terastallize|p2a: Iron Moth|Fairy
|move|p1a: Azumarill|Aqua Jet|p2a: Iron Moth
|-damage|p2a: Iron Moth|60/100
|move|p2a: Iron Moth|Sludge Wave|p1a: Azumarill
|-supereffective|p1a: Azumarill
|-damage|p1a: Azumarill|0 fnt
|faint|p1a: Azumarill
|
|upkeep
|
|t:|1781014053
|switch|p1a: Big Dirge|Skeledirge, M|61/100
|-damage|p1a: Big Dirge|36/100|[from] Stealth Rock
|-damage|p1a: Big Dirge|24/100|[from] Spikes
|turn|27
|
|t:|1781014064
|-terastallize|p1a: Big Dirge|Water
|move|p2a: Iron Moth|Sludge Wave|p1a: Big Dirge
|-damage|p1a: Big Dirge|0 fnt
|faint|p1a: Big Dirge
|
|upkeep
|inactive|macdaddy kmoney has 120 seconds left.
|
|t:|1781014074
|switch|p1a: Iron Treads|Iron Treads|100/100
|turn|28
|
|t:|1781014080
|move|p2a: Iron Moth|Fiery Dance|p1a: Iron Treads
|-supereffective|p1a: Iron Treads
|-damage|p1a: Iron Treads|0 fnt
|-boost|p2a: Iron Moth|spa|1
|faint|p1a: Iron Treads
|-end|p1a: Iron Treads|Quark Drive|[silent]
|
|upkeep
|
|t:|1781014083
|switch|p1a: Gholdengo|Gholdengo|100/100
|-damage|p1a: Gholdengo|94/100|[from] Stealth Rock
|-damage|p1a: Gholdengo|82/100|[from] Spikes
|turn|29
|
|t:|1781014088
|-end|p2a: Iron Moth|Quark Drive|[silent]
|switch|p2a: Dragonite|Dragonite, F|100/100
|move|p1a: Gholdengo|Shadow Ball|p2a: Dragonite
|-damage|p2a: Dragonite|63/100
|
|upkeep
|turn|30
|
|t:|1781014099
|move|p1a: Gholdengo|Shadow Ball|p2a: Dragonite
|-damage|p2a: Dragonite|0 fnt
|faint|p2a: Dragonite
|
|upkeep
|
|t:|1781014102
|switch|p2a: Iron Moth|Iron Moth, tera:Fairy|60/100
|turn|31
|
|t:|1781014104
|move|p2a: Iron Moth|Fiery Dance|p1a: Gholdengo
|-supereffective|p1a: Gholdengo
|-damage|p1a: Gholdengo|0 fnt
|faint|p1a: Gholdengo
|
|upkeep
|
|t:|1781014107
|switch|p1a: Chesnaught|Chesnaught, M|94/100
|-damage|p1a: Chesnaught|88/100|[from] Stealth Rock
|-damage|p1a: Chesnaught|76/100|[from] Spikes
|turn|32
|
|t:|1781014113
|move|p2a: Iron Moth|Sludge Wave|p1a: Chesnaught
|-supereffective|p1a: Chesnaught
|-crit|p1a: Chesnaught
|-damage|p1a: Chesnaught|0 fnt
|faint|p1a: Chesnaught
|
|win|OUZQ Crocodile
|raw|macdaddy kmoney's rating: 1603 &rarr; <strong>1587</strong><br />(-16 for losing)
|raw|OUZQ Crocodile's rating: 1678 &rarr; <strong>1694</strong><br />(+16 for winning)
|c|☆macdaddy kmoney|gg
|l|☆OUZQ Crocodile
|player|p2|
|l|☆macdaddy kmoney
|player|p1|
