|j|☆sorry4usingstall
|j|☆tb poke
|t:|1781457329
|gametype|singles
|player|p1|sorry4usingstall|colress|1589
|player|p2|tb poke|101|1619
|gen|9
|tier|[Gen 9] OU
|rated|
|rule|HP Percentage Mod: HP is shown in percentages
|rule|Endless Battle Clause: Forcing endless battles is banned
|rule|Species Clause: Limit one of each Pokémon
|rule|OHKO Clause: OHKO moves are banned
|rule|Evasion Items Clause: Evasion items are banned
|rule|Evasion Moves Clause: Evasion moves are banned
|rule|Evasion Abilities Clause: Evasion abilities are banned
|rule|Sleep Moves Clause: Sleep-inducing moves are banned
|clearpoke
|poke|p1|Clodsire, F|
|poke|p1|Dondozo, F|
|poke|p1|Alomomola, F|
|poke|p1|Talonflame, F|
|poke|p1|Toxapex, F|
|poke|p1|Blissey, F|
|poke|p2|Zamazenta-*|
|poke|p2|Iron Treads|
|poke|p2|Pecharunt|
|poke|p2|Tornadus-Therian, M|
|poke|p2|Hatterene, F|
|poke|p2|Alomomola, F|
|teampreview
|inactive|Battle timer is ON: inactive players will automatically lose when time's up. (requested by tb poke)
|
|t:|1781457376
|teamsize|p1|6
|teamsize|p2|6
|start
|switch|p1a: Try Harder.|Alomomola, F, shiny|100/100
|switch|p2a: Hatterene|Hatterene, F|100/100
|turn|1
|
|t:|1781457386
|move|p1a: Try Harder.|Flip Turn|p2a: Hatterene
|-damage|p2a: Hatterene|88/100
|-damage|p1a: Try Harder.|84/100|[from] item: Rocky Helmet|[of] p2a: Hatterene
|
|t:|1781457388
|switch|p1a: Still Trying?|Blissey, F, shiny|100/100|[from] Flip Turn
|move|p2a: Hatterene|Nuzzle|p1a: Still Trying?
|-damage|p1a: Still Trying?|97/100
|-status|p1a: Still Trying?|par
|
|upkeep
|turn|2
|
|t:|1781457398
|switch|p2a: Iron Treads|Iron Treads|100/100
|-item|p2a: Iron Treads|Air Balloon
|move|p1a: Still Trying?|Seismic Toss|p2a: Iron Treads
|-damage|p2a: Iron Treads|69/100
|-enditem|p2a: Iron Treads|Air Balloon
|
|upkeep
|turn|3
|
|t:|1781457401
|-curestatus|p1a: Still Trying?|par|[from] ability: Natural Cure|[silent]
|switch|p1a: Try Harder.|Alomomola, F, shiny|100/100
|move|p2a: Iron Treads|Knock Off|p1a: Try Harder.
|-damage|p1a: Try Harder.|83/100
|-enditem|p1a: Try Harder.|Heavy-Duty Boots|[from] move: Knock Off|[of] p2a: Iron Treads
|
|upkeep
|turn|4
|
|t:|1781457407
|-end|p2a: Iron Treads|Quark Drive|[silent]
|switch|p2a: Hatterene|Hatterene, F|88/100
|move|p1a: Try Harder.|Flip Turn|p2a: Hatterene
|-damage|p2a: Hatterene|75/100
|-damage|p1a: Try Harder.|67/100|[from] item: Rocky Helmet|[of] p2a: Hatterene
|
|t:|1781457411
|switch|p1a: Worth Trying.|Clodsire, F, shiny|100/100|[from] Flip Turn
|
|upkeep
|turn|5
|
|t:|1781457415
|switch|p2a: Iron Treads|Iron Treads|69/100
|move|p1a: Worth Trying.|Gunk Shot|p2a: Iron Treads
|-immune|p2a: Iron Treads
|
|upkeep
|turn|6
|
|t:|1781457421
|switch|p1a: Try Harder.|Alomomola, F, shiny|99/100
|move|p2a: Iron Treads|Stealth Rock|p1a: Try Harder.
|-sidestart|p1: sorry4usingstall|move: Stealth Rock
|
|upkeep
|turn|7
|
|t:|1781457423
|-end|p2a: Iron Treads|Quark Drive|[silent]
|switch|p2a: Hatterene|Hatterene, F|75/100
|move|p1a: Try Harder.|Flip Turn|p2a: Hatterene
|-damage|p2a: Hatterene|61/100
|-damage|p1a: Try Harder.|83/100|[from] item: Rocky Helmet|[of] p2a: Hatterene
|
|t:|1781457426
|switch|p1a: Worth Trying.|Clodsire, F, shiny|100/100|[from] Flip Turn
|
|upkeep
|turn|8
|
|t:|1781457430
|switch|p2a: Iron Treads|Iron Treads|69/100
|move|p1a: Worth Trying.|Bulldoze|p2a: Iron Treads
|-supereffective|p2a: Iron Treads
|-damage|p2a: Iron Treads|39/100
|-unboost|p2a: Iron Treads|spe|1
|
|upkeep
|turn|9
|
|t:|1781457434
|-end|p2a: Iron Treads|Quark Drive|[silent]
|switch|p2a: Hatterene|Hatterene, F|61/100
|switch|p1a: Try Harder.|Alomomola, F, shiny|100/100
|-damage|p1a: Try Harder.|88/100|[from] Stealth Rock
|
|upkeep
|turn|10
|
|t:|1781457436
|move|p1a: Try Harder.|Flip Turn|p2a: Hatterene
|-damage|p2a: Hatterene|48/100
|-damage|p1a: Try Harder.|71/100|[from] item: Rocky Helmet|[of] p2a: Hatterene
|
|t:|1781457440
|switch|p1a: Still Trying?|Blissey, F, shiny|97/100|[from] Flip Turn
|move|p2a: Hatterene|Pain Split|p1a: Still Trying?
|-sethp|p1a: Still Trying?|60/100|[from] move: Pain Split|[silent]
|-sethp|p2a: Hatterene|100/100|[from] move: Pain Split
|
|upkeep
|turn|11
|
|t:|1781457444
|move|p1a: Still Trying?|Calm Mind|p1a: Still Trying?
|-boost|p1a: Still Trying?|spa|1
|-boost|p1a: Still Trying?|spd|1
|move|p2a: Hatterene|Psychic Noise|p1a: Still Trying?
|-damage|p1a: Still Trying?|54/100
|-start|p1a: Still Trying?|move: Heal Block
|
|upkeep
|turn|12
|
|t:|1781457451
|move|p1a: Still Trying?|Shadow Ball|p2a: Hatterene
|-supereffective|p2a: Hatterene
|-damage|p2a: Hatterene|52/100
|move|p2a: Hatterene|Nuzzle|p1a: Still Trying?
|-damage|p1a: Still Trying?|50/100
|-status|p1a: Still Trying?|par
|
|-end|p1a: Still Trying?|move: Heal Block
|upkeep
|turn|13
|
|t:|1781457458
|move|p2a: Hatterene|Pain Split|p1a: Still Trying?
|-sethp|p1a: Still Trying?|38/100 par|[from] move: Pain Split|[silent]
|-sethp|p2a: Hatterene|77/100|[from] move: Pain Split
|cant|p1a: Still Trying?|par
|
|upkeep
|turn|14
|
|t:|1781457464
|-terastallize|p1a: Still Trying?|Dark
|move|p2a: Hatterene|Psychic Noise|p1a: Still Trying?
|-immune|p1a: Still Trying?
|move|p1a: Still Trying?|Soft-Boiled|p1a: Still Trying?
|-heal|p1a: Still Trying?|88/100 par
|
|upkeep
|turn|15
|
|t:|1781457471
|move|p2a: Hatterene|Draining Kiss|p1a: Still Trying?
|-supereffective|p1a: Still Trying?
|-damage|p1a: Still Trying?|78/100 par
|-heal|p2a: Hatterene|92/100|[from] drain|[of] p1a: Still Trying?
|move|p1a: Still Trying?|Calm Mind|p1a: Still Trying?
|-boost|p1a: Still Trying?|spa|1
|-boost|p1a: Still Trying?|spd|1
|
|upkeep
|turn|16
|
|t:|1781457479
|switch|p2a: Zamazenta|Zamazenta|100/100
|-ability|p2a: Zamazenta|Dauntless Shield|boost
|-boost|p2a: Zamazenta|def|1
|cant|p1a: Still Trying?|par
|
|upkeep
|turn|17
|
|t:|1781457496
|-curestatus|p1a: Still Trying?|par|[from] ability: Natural Cure|[silent]
|switch|p1a: Keep Trying.|Toxapex, F|100/100
|move|p2a: Zamazenta|Body Press|p1a: Keep Trying.
|-resisted|p1a: Keep Trying.
|-damage|p1a: Keep Trying.|83/100
|
|upkeep
|turn|18
|
|t:|1781457507
|switch|p2a: Pecharunt|Pecharunt|100/100
|move|p1a: Keep Trying.|Infestation|p2a: Pecharunt
|-resisted|p2a: Pecharunt
|-crit|p2a: Pecharunt
|-damage|p2a: Pecharunt|99/100
|-activate|p2a: Pecharunt|move: Infestation|[of] p1a: Keep Trying.
|
|-damage|p2a: Pecharunt|87/100|[from] move: Infestation|[partiallytrapped]
|upkeep
|turn|19
|
|t:|1781457509
|switch|p1a: Still Trying?|Blissey, F, shiny, tera:Dark|78/100
|move|p2a: Pecharunt|Shadow Ball|p1a: Still Trying?
|-resisted|p1a: Still Trying?
|-damage|p1a: Still Trying?|75/100
|
|-end|p2a: Pecharunt|Infestation|[partiallytrapped]|[silent]
|upkeep
|turn|20
|
|t:|1781457513
|switch|p1a: Worth Trying.|Clodsire, F, shiny|100/100
|move|p2a: Pecharunt|Malignant Chain|p1a: Worth Trying.
|-resisted|p1a: Worth Trying.
|-damage|p1a: Worth Trying.|96/100
|
|upkeep
|turn|21
|
|t:|1781457521
|move|p2a: Pecharunt|Parting Shot|p1a: Worth Trying.
|-unboost|p1a: Worth Trying.|atk|1
|-unboost|p1a: Worth Trying.|spa|1
|
|t:|1781457522
|switch|p2a: Tornadus|Tornadus-Therian, M|100/100|[from] Parting Shot
|move|p1a: Worth Trying.|Toxic|p2a: Tornadus
|-status|p2a: Tornadus|tox
|
|-damage|p2a: Tornadus|94/100 tox|[from] psn
|upkeep
|turn|22
|
|t:|1781457527
|switch|p1a: Keep Trying.|Toxapex, F|100/100
|move|p2a: Tornadus|Nasty Plot|p2a: Tornadus
|-boost|p2a: Tornadus|spa|2
|
|-damage|p2a: Tornadus|82/100 tox|[from] psn
|upkeep
|turn|23
|
|t:|1781457532
|move|p2a: Tornadus|Bleakwind Storm|p1a: Keep Trying.
|-damage|p1a: Keep Trying.|0 fnt
|faint|p1a: Keep Trying.
|-damage|p2a: Tornadus|73/100 tox|[from] item: Life Orb
|
|-damage|p2a: Tornadus|55/100 tox|[from] psn
|upkeep
|j| Schlafparalyse
|-message|sorry4usingstall forfeited.
|
|win|tb poke
|raw|sorry4usingstall's rating: 1589 &rarr; <strong>1571</strong><br />(-18 for losing)
|raw|tb poke's rating: 1619 &rarr; <strong>1637</strong><br />(+18 for winning)
|l|☆sorry4usingstall
|player|p1|
|l|☆tb poke
|player|p2|
