|j|☆rockeater9000
|j|☆peep the drip
|t:|1781454434
|gametype|singles
|player|p1|rockeater9000|102|1606
|player|p2|peep the drip|wattson|1560
|gen|9
|tier|[Gen 9] OU
|rated|
|rule|HP Percentage Mod: HP is shown in percentages
|rule|Endless Battle Clause: Forcing endless battles is banned
|rule|Species Clause: Limit one of each Pokémon
|rule|OHKO Clause: OHKO moves are banned
|rule|Evasion Items Clause: Evasion items are banned
|rule|Evasion Moves Clause: Evasion moves are banned
|rule|Evasion Abilities Clause: Evasion abilities are banned
|rule|Sleep Moves Clause: Sleep-inducing moves are banned
|clearpoke
|poke|p1|Greninja-*, M|
|poke|p1|Deoxys-Speed|
|poke|p1|Garchomp, F|
|poke|p1|Iron Valiant|
|poke|p1|Kingambit, M|
|poke|p1|Ceruledge, F|
|poke|p2|Kingambit, F|
|poke|p2|Kommo-o, F|
|poke|p2|Iron Valiant|
|poke|p2|Kyurem|
|poke|p2|Iron Treads|
|poke|p2|Iron Crown|
|teampreview
|inactive|Battle timer is ON: inactive players will automatically lose when time's up. (requested by peep the drip)
|
|t:|1781454445
|teamsize|p1|6
|teamsize|p2|6
|start
|switch|p1a: Garchomp|Garchomp, F|100/100
|switch|p2a: Iron Treads|Iron Treads|100/100
|-enditem|p2a: Iron Treads|Booster Energy
|-activate|p2a: Iron Treads|ability: Quark Drive|[fromitem]
|-start|p2a: Iron Treads|quarkdrivespe
|turn|1
|
|t:|1781454453
|move|p2a: Iron Treads|Stealth Rock|p1a: Garchomp
|-sidestart|p1: rockeater9000|move: Stealth Rock
|move|p1a: Garchomp|Earthquake|p2a: Iron Treads
|-supereffective|p2a: Iron Treads
|-damage|p2a: Iron Treads|20/100
|
|upkeep
|turn|2
|
|t:|1781454460
|switch|p1a: Greninja|Greninja, M|100/100
|-damage|p1a: Greninja|88/100|[from] Stealth Rock
|move|p2a: Iron Treads|Endeavor|p1a: Greninja
|-damage|p1a: Greninja|26/100
|
|upkeep
|turn|3
|
|t:|1781454465
|-end|p2a: Iron Treads|Quark Drive|[silent]
|switch|p2a: Kingambit|Kingambit, F|100/100
|move|p1a: Greninja|Water Shuriken|p2a: Kingambit
|-damage|p2a: Kingambit|91/100
|-damage|p2a: Kingambit|82/100
|-hitcount|p2a: Kingambit|2
|-damage|p1a: Greninja|16/100|[from] item: Life Orb
|
|-heal|p2a: Kingambit|88/100|[from] item: Leftovers
|upkeep
|turn|4
|
|t:|1781454468
|move|p1a: Greninja|Surf|p2a: Kingambit
|-crit|p2a: Kingambit
|-damage|p2a: Kingambit|0 fnt
|faint|p2a: Kingambit
|-end|p2a: Kingambit|fallenundefined|[silent]
|-ability|p1a: Greninja|Battle Bond|boost
|-boost|p1a: Greninja|atk|1
|-boost|p1a: Greninja|spa|1
|-boost|p1a: Greninja|spe|1
|-activate|p1a: Greninja|ability: Battle Bond
|-damage|p1a: Greninja|6/100|[from] item: Life Orb
|
|upkeep
|
|t:|1781454475
|switch|p2a: Iron Valiant|Iron Valiant|100/100
|-enditem|p2a: Iron Valiant|Booster Energy
|-activate|p2a: Iron Valiant|ability: Quark Drive|[fromitem]
|-start|p2a: Iron Valiant|quarkdrivespe
|turn|5
|
|t:|1781454479
|move|p1a: Greninja|Surf|p2a: Iron Valiant
|-damage|p2a: Iron Valiant|0 fnt
|faint|p2a: Iron Valiant
|-end|p2a: Iron Valiant|Quark Drive|[silent]
|-damage|p1a: Greninja|0 fnt|[from] item: Life Orb
|faint|p1a: Greninja
|
|upkeep
|
|t:|1781454488
|switch|p1a: Deoxys|Deoxys-Speed|100/100
|switch|p2a: Kyurem|Kyurem|100/100
|-damage|p1a: Deoxys|88/100|[from] Stealth Rock
|-ability|p1a: Deoxys|Pressure
|-ability|p2a: Kyurem|Pressure
|turn|6
|
|t:|1781454495
|move|p1a: Deoxys|Taunt|p2a: Kyurem
|-start|p2a: Kyurem|move: Taunt
|move|p2a: Kyurem|Scale Shot|p1a: Deoxys
|-damage|p1a: Deoxys|73/100
|-damage|p1a: Deoxys|57/100
|-damage|p1a: Deoxys|41/100
|-damage|p1a: Deoxys|24/100
|-hitcount|p1a: Deoxys|4
|-enditem|p1a: Deoxys|Red Card|[of] p2a: Kyurem
|-unboost|p2a: Kyurem|def|1
|-boost|p2a: Kyurem|spe|1
|drag|p2a: Kommo-o|Kommo-o, F|100/100
|
|upkeep
|turn|7
|
|t:|1781454501
|switch|p2a: Iron Treads|Iron Treads|20/100
|move|p1a: Deoxys|Taunt|p2a: Iron Treads
|-start|p2a: Iron Treads|move: Taunt
|
|upkeep
|turn|8
|
|t:|1781454503
|move|p1a: Deoxys|Psycho Boost|p2a: Iron Treads
|-resisted|p2a: Iron Treads
|-damage|p2a: Iron Treads|0 fnt
|-unboost|p1a: Deoxys|spa|2
|faint|p2a: Iron Treads
|-end|p2a: Iron Treads|Quark Drive|[silent]
|
|upkeep
|
|t:|1781454508
|switch|p2a: Kyurem|Kyurem|100/100
|-ability|p2a: Kyurem|Pressure
|turn|9
|
|t:|1781454512
|switch|p1a: Iron Valiant|Iron Valiant|100/100
|-damage|p1a: Iron Valiant|94/100|[from] Stealth Rock
|-enditem|p1a: Iron Valiant|Booster Energy
|-activate|p1a: Iron Valiant|ability: Quark Drive|[fromitem]
|-start|p1a: Iron Valiant|quarkdrivespe
|move|p2a: Kyurem|Scale Shot|p1a: Iron Valiant
|-immune|p1a: Iron Valiant
|
|upkeep
|turn|10
|
|t:|1781454518
|move|p1a: Iron Valiant|Shadow Ball|p2a: Kyurem
|-damage|p2a: Kyurem|74/100
|move|p2a: Kyurem|Icicle Spear|p1a: Iron Valiant
|-damage|p1a: Iron Valiant|77/100
|-damage|p1a: Iron Valiant|60/100
|-damage|p1a: Iron Valiant|42/100
|-damage|p1a: Iron Valiant|24/100
|-hitcount|p1a: Iron Valiant|4
|
|upkeep
|turn|11
|
|t:|1781454521
|move|p1a: Iron Valiant|Moonblast|p2a: Kyurem
|-supereffective|p2a: Kyurem
|-damage|p2a: Kyurem|0 fnt
|faint|p2a: Kyurem
|
|upkeep
|
|t:|1781454523
|switch|p2a: Iron Crown|Iron Crown|100/100
|-enditem|p2a: Iron Crown|Booster Energy
|-activate|p2a: Iron Crown|ability: Quark Drive|[fromitem]
|-start|p2a: Iron Crown|quarkdrivespe
|turn|12
|
|t:|1781454530
|-terastallize|p2a: Iron Crown|Fighting
|move|p1a: Iron Valiant|Shadow Ball|p2a: Iron Crown
|-damage|p2a: Iron Crown|77/100
|move|p2a: Iron Crown|Tachyon Cutter|p1a: Iron Valiant
|-supereffective|p1a: Iron Valiant
|-damage|p1a: Iron Valiant|0 fnt
|faint|p1a: Iron Valiant
|-end|p1a: Iron Valiant|Quark Drive|[silent]
|-hitcount|p1: Iron Valiant|1
|
|upkeep
|
|t:|1781454537
|switch|p1a: Deoxys|Deoxys-Speed|24/100
|-damage|p1a: Deoxys|12/100|[from] Stealth Rock
|-ability|p1a: Deoxys|Pressure
|turn|13
|
|t:|1781454541
|move|p1a: Deoxys|Psycho Boost|p2a: Iron Crown
|-supereffective|p2a: Iron Crown
|-damage|p2a: Iron Crown|0 fnt
|-unboost|p1a: Deoxys|spa|2
|faint|p2a: Iron Crown
|-end|p2a: Iron Crown|Quark Drive|[silent]
|
|upkeep
|
|t:|1781454544
|switch|p2a: Kommo-o|Kommo-o, F|100/100
|turn|14
|
|t:|1781454546
|move|p1a: Deoxys|Taunt|p2a: Kommo-o
|-start|p2a: Kommo-o|move: Taunt
|cant|p2a: Kommo-o|move: Taunt|Clangorous Soul
|
|upkeep
|turn|15
|
|t:|1781454549
|move|p1a: Deoxys|Psycho Boost|p2a: Kommo-o|[miss]
|-miss|p1a: Deoxys|p2a: Kommo-o
|move|p2a: Kommo-o|Shadow Claw|p1a: Deoxys
|-supereffective|p1a: Deoxys
|-damage|p1a: Deoxys|0 fnt
|faint|p1a: Deoxys
|
|upkeep
|
|t:|1781454553
|switch|p1a: Garchomp|Garchomp, F|100/100
|-damage|p1a: Garchomp|94/100|[from] Stealth Rock
|turn|16
|
|t:|1781454556
|move|p1a: Garchomp|Scale Shot|p2a: Kommo-o
|-supereffective|p2a: Kommo-o
|-damage|p2a: Kommo-o|75/100
|-supereffective|p2a: Kommo-o
|-damage|p2a: Kommo-o|51/100
|-supereffective|p2a: Kommo-o
|-damage|p2a: Kommo-o|28/100
|-supereffective|p2a: Kommo-o
|-damage|p2a: Kommo-o|3/100
|-hitcount|p2a: Kommo-o|4
|-unboost|p1a: Garchomp|def|1
|-boost|p1a: Garchomp|spe|1
|move|p2a: Kommo-o|Drain Punch|p1a: Garchomp
|-damage|p1a: Garchomp|53/100
|-heal|p2a: Kommo-o|24/100|[from] drain|[of] p1a: Garchomp
|-damage|p2a: Kommo-o|11/100|[from] ability: Rough Skin|[of] p1a: Garchomp
|
|-heal|p2a: Kommo-o|18/100|[from] item: Leftovers
|-end|p2a: Kommo-o|move: Taunt
|upkeep
|turn|17
|
|t:|1781454559
|move|p1a: Garchomp|Earthquake|p2a: Kommo-o
|-damage|p2a: Kommo-o|0 fnt
|faint|p2a: Kommo-o
|
|win|rockeater9000
|raw|rockeater9000's rating: 1586 &rarr; <strong>1605</strong><br />(+19 for winning)
|raw|peep the drip's rating: 1560 &rarr; <strong>1541</strong><br />(-19 for losing)
|l|☆peep the drip
|player|p2|
|l|☆rockeater9000
|player|p1|
|j|☆rockeater9000
|player|p1|rockeater9000|102|
