|j|☆Mawile442
|j|☆ur doggo
|t:|1781357495
|gametype|singles
|player|p1|Mawile442|170|1743
|player|p2|ur doggo|169|1649
|gen|9
|tier|[Gen 9] OU
|rated|
|rule|HP Percentage Mod: HP is shown in percentages
|rule|Endless Battle Clause: Forcing endless battles is banned
|rule|Species Clause: Limit one of each Pokémon
|rule|OHKO Clause: OHKO moves are banned
|rule|Evasion Items Clause: Evasion items are banned
|rule|Evasion Moves Clause: Evasion moves are banned
|rule|Evasion Abilities Clause: Evasion abilities are banned
|rule|Sleep Moves Clause: Sleep-inducing moves are banned
|clearpoke
|poke|p1|Sandy Shocks|
|poke|p1|Scizor, F|
|poke|p1|Manaphy|
|poke|p1|Latios, M|
|poke|p1|Ogerpon, F|
|poke|p1|Iron Jugulis|
|poke|p2|Latios, M|
|poke|p2|Darkrai|
|poke|p2|Pecharunt|
|poke|p2|Ting-Lu|
|poke|p2|Corviknight, F|
|poke|p2|Dragonite, F|
|teampreview
|inactive|Battle timer is ON: inactive players will automatically lose when time's up. (requested by Mawile442)
|
|t:|1781357513
|teamsize|p1|6
|teamsize|p2|6
|start
|switch|p1a: Iron Jugulis|Iron Jugulis, shiny|100/100
|switch|p2a: Corviknight|Corviknight, F|100/100
|-ability|p2a: Corviknight|Pressure
|-enditem|p1a: Iron Jugulis|Booster Energy
|-activate|p1a: Iron Jugulis|ability: Quark Drive|[fromitem]
|-start|p1a: Iron Jugulis|quarkdrivespe
|turn|1
|
|t:|1781357519
|move|p1a: Iron Jugulis|Dark Pulse|p2a: Corviknight
|-damage|p2a: Corviknight|71/100
|move|p2a: Corviknight|Brave Bird|p1a: Iron Jugulis
|-damage|p1a: Iron Jugulis|60/100
|-damage|p2a: Corviknight|60/100|[from] Recoil
|
|-heal|p2a: Corviknight|66/100|[from] item: Leftovers
|upkeep
|turn|2
|
|t:|1781357530
|move|p1a: Iron Jugulis|Taunt|p2a: Corviknight
|-start|p2a: Corviknight|move: Taunt
|cant|p2a: Corviknight|move: Taunt|Roost
|
|-heal|p2a: Corviknight|72/100|[from] item: Leftovers
|upkeep
|turn|3
|
|t:|1781357535
|-end|p1a: Iron Jugulis|Quark Drive|[silent]
|switch|p1a: Sandy Shocks|Sandy Shocks, shiny|100/100
|-enditem|p1a: Sandy Shocks|Booster Energy
|-activate|p1a: Sandy Shocks|ability: Protosynthesis|[fromitem]
|-start|p1a: Sandy Shocks|protosynthesisspe
|move|p2a: Corviknight|Brave Bird|p1a: Sandy Shocks
|-resisted|p1a: Sandy Shocks
|-damage|p1a: Sandy Shocks|81/100
|-damage|p2a: Corviknight|67/100|[from] Recoil
|
|-heal|p2a: Corviknight|73/100|[from] item: Leftovers
|upkeep
|turn|4
|
|t:|1781357539
|switch|p2a: Ting-Lu|Ting-Lu|100/100
|-ability|p2a: Ting-Lu|Vessel of Ruin
|move|p1a: Sandy Shocks|Stealth Rock|p2a: Ting-Lu
|-sidestart|p2: ur doggo|move: Stealth Rock
|
|upkeep
|turn|5
|
|t:|1781357547
|-end|p1a: Sandy Shocks|Protosynthesis|[silent]
|switch|p1a: Scizor|Scizor, F|100/100
|move|p2a: Ting-Lu|Stealth Rock|p1a: Scizor
|-sidestart|p1: Mawile442|move: Stealth Rock
|
|upkeep
|turn|6
|
|t:|1781357553
|switch|p2a: Corviknight|Corviknight, F|73/100
|-damage|p2a: Corviknight|60/100|[from] Stealth Rock
|-ability|p2a: Corviknight|Pressure
|move|p1a: Scizor|Swords Dance|p1a: Scizor
|-boost|p1a: Scizor|atk|2
|
|-heal|p2a: Corviknight|66/100|[from] item: Leftovers
|upkeep
|turn|7
|
|t:|1781357570
|move|p2a: Corviknight|Brave Bird|p1a: Scizor
|-damage|p1a: Scizor|64/100
|-damage|p2a: Corviknight|56/100|[from] Recoil
|move|p1a: Scizor|Close Combat|p2a: Corviknight
|-damage|p2a: Corviknight|0 fnt
|-unboost|p1a: Scizor|def|1
|-unboost|p1a: Scizor|spd|1
|faint|p2a: Corviknight
|
|upkeep
|
|t:|1781357588
|switch|p2a: Dragonite|Dragonite, F|100/100
|turn|8
|
|t:|1781357596
|move|p2a: Dragonite|Low Kick|p1a: Scizor
|-damage|p1a: Scizor|6/100
|-enditem|p1a: Scizor|Sitrus Berry|[eat]
|-heal|p1a: Scizor|31/100|[from] item: Sitrus Berry
|move|p1a: Scizor|Knock Off|p2a: Dragonite
|-damage|p2a: Dragonite|65/100
|-enditem|p2a: Dragonite|Heavy-Duty Boots|[from] move: Knock Off|[of] p1a: Scizor
|
|upkeep
|turn|9
|
|t:|1781357607
|move|p1a: Scizor|Bullet Punch|p2a: Dragonite
|-damage|p2a: Dragonite|3/100
|move|p2a: Dragonite|Low Kick|p1a: Scizor
|-crit|p1a: Scizor
|-damage|p1a: Scizor|0 fnt
|faint|p1a: Scizor
|
|upkeep
|inactive|Mawile442 has 120 seconds left.
|inactive|Mawile442 has 90 seconds left.
|inactive|Mawile442 has 60 seconds left.
|
|t:|1781357702
|switch|p1a: Latios|Latios, M, shiny|100/100
|-damage|p1a: Latios|88/100|[from] Stealth Rock
|turn|10
|
|t:|1781357709
|move|p2a: Dragonite|Extreme Speed|p1a: Latios
|-damage|p1a: Latios|58/100
|move|p1a: Latios|Aura Sphere|p2a: Dragonite
|-resisted|p2a: Dragonite
|-damage|p2a: Dragonite|0 fnt
|faint|p2a: Dragonite
|
|upkeep
|
|t:|1781357735
|switch|p2a: Darkrai|Darkrai|100/100
|turn|11
|
|t:|1781357741
|switch|p2a: Pecharunt|Pecharunt|100/100
|move|p1a: Latios|Agility|p1a: Latios
|-boost|p1a: Latios|spe|2
|
|upkeep
|turn|12
|
|t:|1781357755
|move|p1a: Latios|Calm Mind|p1a: Latios
|-boost|p1a: Latios|spa|1
|-boost|p1a: Latios|spd|1
|move|p2a: Pecharunt|Malignant Chain|p1a: Latios
|-damage|p1a: Latios|38/100
|
|upkeep
|turn|13
|inactive|Mawile442 has 90 seconds left.
|
|t:|1781357772
|switch|p2a: Darkrai|Darkrai|100/100
|move|p1a: Latios|Stored Power|p2a: Darkrai
|-immune|p2a: Darkrai
|
|upkeep
|turn|14
|
|t:|1781357776
|-terastallize|p2a: Darkrai|Ghost
|move|p1a: Latios|Aura Sphere|p2a: Darkrai
|-immune|p2a: Darkrai
|move|p2a: Darkrai|Dark Pulse|p1a: Latios
|-supereffective|p1a: Latios
|-damage|p1a: Latios|0 fnt
|faint|p1a: Latios
|
|upkeep
|
|t:|1781357786
|switch|p1a: Sandy Shocks|Sandy Shocks, shiny|81/100
|-damage|p1a: Sandy Shocks|75/100|[from] Stealth Rock
|turn|15
|
|t:|1781357799
|switch|p2a: Ting-Lu|Ting-Lu|100/100
|-damage|p2a: Ting-Lu|94/100|[from] Stealth Rock
|-ability|p2a: Ting-Lu|Vessel of Ruin
|move|p1a: Sandy Shocks|Discharge|p2a: Ting-Lu
|-immune|p2a: Ting-Lu
|
|-heal|p2a: Ting-Lu|100/100|[from] item: Leftovers
|upkeep
|turn|16
|-message|Mawile442 forfeited.
|
|win|ur doggo
|raw|Mawile442's rating: 1743 &rarr; <strong>1718</strong><br />(-25 for losing)
|raw|ur doggo's rating: 1649 &rarr; <strong>1674</strong><br />(+25 for winning)
|l|☆Mawile442
|player|p1|
|l|☆ur doggo
|player|p2|
