|j|☆Acastillo631
|j|☆ur doggo
|t:|1781353023
|gametype|singles
|player|p1|Acastillo631|silver|1623
|player|p2|ur doggo|169|1634
|gen|9
|tier|[Gen 9] OU
|rated|
|rule|HP Percentage Mod: HP is shown in percentages
|rule|Endless Battle Clause: Forcing endless battles is banned
|rule|Species Clause: Limit one of each Pokémon
|rule|OHKO Clause: OHKO moves are banned
|rule|Evasion Items Clause: Evasion items are banned
|rule|Evasion Moves Clause: Evasion moves are banned
|rule|Evasion Abilities Clause: Evasion abilities are banned
|rule|Sleep Moves Clause: Sleep-inducing moves are banned
|clearpoke
|poke|p1|Iron Valiant|
|poke|p1|Sinistcha|
|poke|p1|Tyranitar, M|
|poke|p1|Klefki, F|
|poke|p1|Swampert, M|
|poke|p1|Talonflame, F|
|poke|p2|Latios, M|
|poke|p2|Darkrai|
|poke|p2|Ting-Lu|
|poke|p2|Corviknight, M|
|poke|p2|Dragonite, M|
|poke|p2|Clefable, M|
|teampreview
|
|t:|1781353057
|teamsize|p1|6
|teamsize|p2|6
|start
|switch|p1a: Redips|Klefki, F|100/100
|switch|p2a: Ting-Lu|Ting-Lu|100/100
|-ability|p2a: Ting-Lu|Vessel of Ruin
|turn|1
|
|t:|1781353072
|move|p1a: Redips|Spikes|p2a: Ting-Lu
|-sidestart|p2: ur doggo|Spikes
|move|p2a: Ting-Lu|Spikes|p1a: Redips
|-sidestart|p1: Acastillo631|Spikes
|
|upkeep
|turn|2
|
|t:|1781353080
|switch|p1a: Wire Sponge|Sinistcha|100/100
|move|p2a: Ting-Lu|Spikes|p1a: Wire Sponge
|-sidestart|p1: Acastillo631|Spikes
|
|upkeep
|turn|3
|
|t:|1781353095
|switch|p2a: Corviknight|Corviknight, M|100/100
|-ability|p2a: Corviknight|Pressure
|move|p1a: Wire Sponge|Matcha Gotcha|p2a: Corviknight
|-resisted|p2a: Corviknight
|-damage|p2a: Corviknight|95/100
|
|-heal|p2a: Corviknight|100/100|[from] item: Leftovers
|upkeep
|turn|4
|j| samurajen
|
|t:|1781353103
|switch|p2a: Clefable|Clefable, M|100/100
|move|p1a: Wire Sponge|Calm Mind|p1a: Wire Sponge
|-boost|p1a: Wire Sponge|spa|1
|-boost|p1a: Wire Sponge|spd|1
|
|upkeep
|turn|5
|
|t:|1781353107
|move|p1a: Wire Sponge|Shadow Ball|p2a: Clefable
|-damage|p2a: Clefable|53/100
|move|p2a: Clefable|Knock Off|p1a: Wire Sponge
|-supereffective|p1a: Wire Sponge
|-damage|p1a: Wire Sponge|78/100
|-enditem|p1a: Wire Sponge|Heavy-Duty Boots|[from] move: Knock Off|[of] p2a: Clefable
|
|upkeep
|turn|6
|
|t:|1781353115
|switch|p2a: Dragonite|Dragonite, M|100/100
|move|p1a: Wire Sponge|Matcha Gotcha|p2a: Dragonite
|-resisted|p2a: Dragonite
|-damage|p2a: Dragonite|94/100
|-heal|p1a: Wire Sponge|81/100|[from] drain|[of] p2a: Dragonite
|
|upkeep
|turn|7
|
|t:|1781353119
|move|p1a: Wire Sponge|Strength Sap|p2a: Dragonite
|-unboost|p2a: Dragonite|atk|1
|-heal|p1a: Wire Sponge|100/100
|move|p2a: Dragonite|Dragon Tail|p1a: Wire Sponge
|-damage|p1a: Wire Sponge|82/100
|drag|p1a: Talonflame|Talonflame, F|100/100
|
|upkeep
|turn|8
|
|t:|1781353131
|switch|p2a: Darkrai|Darkrai|100/100
|move|p1a: Talonflame|Will-O-Wisp|p2a: Darkrai|[miss]
|-miss|p1a: Talonflame|p2a: Darkrai
|
|upkeep
|turn|9
|
|t:|1781353142
|switch|p1a: Eregion|Tyranitar, M|100/100
|-damage|p1a: Eregion|84/100|[from] Spikes
|-weather|Sandstorm|[from] ability: Sand Stream|[of] p1a: Eregion
|move|p2a: Darkrai|Knock Off|p1a: Eregion
|-resisted|p1a: Eregion
|-crit|p1a: Eregion
|-damage|p1a: Eregion|66/100
|-enditem|p1a: Eregion|Leftovers|[from] move: Knock Off|[of] p2a: Darkrai
|
|-weather|Sandstorm|[upkeep]
|-damage|p2a: Darkrai|94/100|[from] Sandstorm
|upkeep
|turn|10
|
|t:|1781353158
|switch|p2a: Corviknight|Corviknight, M|100/100
|-ability|p2a: Corviknight|Pressure
|move|p1a: Eregion|Stealth Rock|p2a: Corviknight
|-sidestart|p2: ur doggo|move: Stealth Rock
|
|-weather|Sandstorm|[upkeep]
|upkeep
|turn|11
|
|t:|1781353172
|switch|p1a: Wire Sponge|Sinistcha|82/100
|-damage|p1a: Wire Sponge|66/100|[from] Spikes
|move|p2a: Corviknight|U-turn|p1a: Wire Sponge
|-damage|p1a: Wire Sponge|55/100
|
|t:|1781353184
|switch|p2a: Darkrai|Darkrai|94/100|[from] U-turn
|
|-weather|Sandstorm|[upkeep]
|-damage|p2a: Darkrai|88/100|[from] Sandstorm
|-damage|p1a: Wire Sponge|49/100|[from] Sandstorm
|upkeep
|turn|12
|
|t:|1781353188
|switch|p1a: Redips|Klefki, F|100/100
|-damage|p1a: Redips|84/100|[from] Spikes
|move|p2a: Darkrai|Will-O-Wisp|p1a: Redips
|-status|p1a: Redips|brn
|
|-weather|Sandstorm|[upkeep]
|-damage|p2a: Darkrai|82/100|[from] Sandstorm
|-damage|p1a: Redips|78/100 brn|[from] brn
|upkeep
|turn|13
|
|t:|1781353195
|switch|p2a: Ting-Lu|Ting-Lu|100/100
|-damage|p2a: Ting-Lu|88/100|[from] Spikes
|-damage|p2a: Ting-Lu|82/100|[from] Stealth Rock
|-ability|p2a: Ting-Lu|Vessel of Ruin
|move|p1a: Redips|Dazzling Gleam|p2a: Ting-Lu
|-supereffective|p2a: Ting-Lu
|-damage|p2a: Ting-Lu|62/100
|
|-weather|none
|-heal|p2a: Ting-Lu|68/100|[from] item: Leftovers
|-damage|p1a: Redips|72/100 brn|[from] brn
|upkeep
|turn|14
|
|t:|1781353209
|switch|p1a: Wire Sponge|Sinistcha|49/100
|-damage|p1a: Wire Sponge|33/100|[from] Spikes
|move|p2a: Ting-Lu|Spikes|p1a: Wire Sponge
|-sidestart|p1: Acastillo631|Spikes
|
|-heal|p2a: Ting-Lu|74/100|[from] item: Leftovers
|upkeep
|turn|15
|
|t:|1781353230
|switch|p2a: Corviknight|Corviknight, M|100/100
|-damage|p2a: Corviknight|88/100|[from] Stealth Rock
|-ability|p2a: Corviknight|Pressure
|move|p1a: Wire Sponge|Strength Sap|p2a: Corviknight
|-unboost|p2a: Corviknight|atk|1
|-heal|p1a: Wire Sponge|94/100
|
|-heal|p2a: Corviknight|94/100|[from] item: Leftovers
|upkeep
|turn|16
|
|t:|1781353249
|move|p1a: Wire Sponge|Calm Mind|p1a: Wire Sponge
|-boost|p1a: Wire Sponge|spa|1
|-boost|p1a: Wire Sponge|spd|1
|move|p2a: Corviknight|U-turn|p1a: Wire Sponge
|-damage|p1a: Wire Sponge|86/100
|
|t:|1781353262
|switch|p2a: Darkrai|Darkrai|82/100|[from] U-turn
|
|upkeep
|turn|17
|
|t:|1781353268
|-terastallize|p1a: Wire Sponge|Poison
|move|p2a: Darkrai|Dark Pulse|p1a: Wire Sponge
|-damage|p1a: Wire Sponge|52/100
|move|p1a: Wire Sponge|Matcha Gotcha|p2a: Darkrai
|-damage|p2a: Darkrai|16/100
|-heal|p1a: Wire Sponge|79/100|[from] drain|[of] p2a: Darkrai
|
|upkeep
|turn|18
|
|t:|1781353276
|switch|p2a: Corviknight|Corviknight, M|94/100
|-damage|p2a: Corviknight|82/100|[from] Stealth Rock
|-ability|p2a: Corviknight|Pressure
|move|p1a: Wire Sponge|Shadow Ball|p2a: Corviknight
|-damage|p2a: Corviknight|49/100
|
|-heal|p2a: Corviknight|55/100|[from] item: Leftovers
|upkeep
|turn|19
|
|t:|1781353281
|move|p1a: Wire Sponge|Shadow Ball|p2a: Corviknight
|-damage|p2a: Corviknight|25/100
|move|p2a: Corviknight|Roost|p2a: Corviknight
|-heal|p2a: Corviknight|75/100
|-singleturn|p2a: Corviknight|move: Roost
|
|-heal|p2a: Corviknight|81/100|[from] item: Leftovers
|upkeep
|turn|20
|
|t:|1781353286
|move|p1a: Wire Sponge|Calm Mind|p1a: Wire Sponge
|-boost|p1a: Wire Sponge|spa|1
|-boost|p1a: Wire Sponge|spd|1
|move|p2a: Corviknight|U-turn|p1a: Wire Sponge
|-resisted|p1a: Wire Sponge
|-crit|p1a: Wire Sponge
|-damage|p1a: Wire Sponge|71/100
|
|t:|1781353293
|switch|p2a: Dragonite|Dragonite, M|94/100|[from] U-turn
|
|upkeep
|turn|21
|
|t:|1781353297
|move|p1a: Wire Sponge|Strength Sap|p2a: Dragonite
|-unboost|p2a: Dragonite|atk|1
|-heal|p1a: Wire Sponge|100/100
|move|p2a: Dragonite|Dragon Tail|p1a: Wire Sponge
|-damage|p1a: Wire Sponge|83/100
|drag|p1a: Redips|Klefki, F|72/100 brn
|-damage|p1a: Redips|47/100 brn|[from] Spikes
|
|-damage|p1a: Redips|41/100 brn|[from] brn
|upkeep
|turn|22
|
|t:|1781353309
|switch|p2a: Corviknight|Corviknight, M|81/100
|-damage|p2a: Corviknight|68/100|[from] Stealth Rock
|-ability|p2a: Corviknight|Pressure
|move|p1a: Redips|Magnet Rise|p1a: Redips
|-start|p1a: Redips|Magnet Rise
|
|-heal|p2a: Corviknight|74/100|[from] item: Leftovers
|-damage|p1a: Redips|35/100 brn|[from] brn
|upkeep
|turn|23
|
|t:|1781353316
|move|p1a: Redips|Thunder Wave|p2a: Corviknight
|-status|p2a: Corviknight|par
|move|p2a: Corviknight|Roost|p2a: Corviknight
|-heal|p2a: Corviknight|100/100 par
|-singleturn|p2a: Corviknight|move: Roost
|
|-damage|p1a: Redips|29/100 brn|[from] brn
|upkeep
|turn|24
|
|t:|1781353323
|move|p1a: Redips|Spikes|p2a: Corviknight
|-sidestart|p2: ur doggo|Spikes
|cant|p2a: Corviknight|par
|
|-damage|p1a: Redips|23/100 brn|[from] brn
|upkeep
|turn|25
|l| samurajen
|j| Yamhard
|
|t:|1781353337
|switch|p1a: Talonflame|Talonflame, F|100/100
|move|p2a: Corviknight|U-turn|p1a: Talonflame
|-resisted|p1a: Talonflame
|-damage|p1a: Talonflame|96/100
|
|t:|1781353342
|switch|p2a: Clefable|Clefable, M|53/100|[from] U-turn
|
|upkeep
|turn|26
|
|t:|1781353359
|switch|p1a: Wire Sponge|Sinistcha, tera:Poison|83/100
|-damage|p1a: Wire Sponge|58/100|[from] Spikes
|move|p2a: Clefable|Moonlight|p2a: Clefable
|-heal|p2a: Clefable|100/100
|
|upkeep
|turn|27
|
|t:|1781353365
|move|p1a: Wire Sponge|Matcha Gotcha|p2a: Clefable|[miss]
|-miss|p1a: Wire Sponge|p2a: Clefable
|move|p2a: Clefable|Stealth Rock|p1a: Wire Sponge
|-sidestart|p1: Acastillo631|move: Stealth Rock
|
|upkeep
|turn|28
|
|t:|1781353373
|switch|p2a: Corviknight|Corviknight, M|100/100 par
|-damage|p2a: Corviknight|88/100 par|[from] Stealth Rock
|-ability|p2a: Corviknight|Pressure
|move|p1a: Wire Sponge|Strength Sap|p2a: Corviknight
|-unboost|p2a: Corviknight|atk|1
|-heal|p1a: Wire Sponge|100/100
|
|-heal|p2a: Corviknight|94/100 par|[from] item: Leftovers
|upkeep
|turn|29
|
|t:|1781353377
|move|p1a: Wire Sponge|Calm Mind|p1a: Wire Sponge
|-boost|p1a: Wire Sponge|spa|1
|-boost|p1a: Wire Sponge|spd|1
|move|p2a: Corviknight|U-turn|p1a: Wire Sponge
|-resisted|p1a: Wire Sponge
|-damage|p1a: Wire Sponge|97/100
|
|t:|1781353381
|switch|p2a: Dragonite|Dragonite, M|94/100|[from] U-turn
|
|upkeep
|turn|30
|
|t:|1781353392
|switch|p1a: Talonflame|Talonflame, F|96/100
|move|p2a: Dragonite|Dragon Tail|p1a: Talonflame
|-damage|p1a: Talonflame|49/100
|drag|p1a: Sage Harpuia|Iron Valiant|100/100
|-damage|p1a: Sage Harpuia|76/100|[from] Spikes
|-damage|p1a: Sage Harpuia|69/100|[from] Stealth Rock
|-enditem|p1a: Sage Harpuia|Booster Energy
|-activate|p1a: Sage Harpuia|ability: Quark Drive|[fromitem]
|-start|p1a: Sage Harpuia|quarkdrivespe
|
|upkeep
|turn|31
|
|t:|1781353414
|switch|p2a: Corviknight|Corviknight, M|94/100 par
|-damage|p2a: Corviknight|82/100 par|[from] Stealth Rock
|-ability|p2a: Corviknight|Pressure
|move|p1a: Sage Harpuia|Moonblast|p2a: Corviknight
|-resisted|p2a: Corviknight
|-damage|p2a: Corviknight|65/100 par
|
|-heal|p2a: Corviknight|71/100 par|[from] item: Leftovers
|upkeep
|turn|32
|
|t:|1781353424
|move|p1a: Sage Harpuia|Moonblast|p2a: Corviknight
|-resisted|p2a: Corviknight
|-damage|p2a: Corviknight|54/100 par
|move|p2a: Corviknight|Brave Bird|p1a: Sage Harpuia
|-supereffective|p1a: Sage Harpuia
|-damage|p1a: Sage Harpuia|0 fnt
|faint|p1a: Sage Harpuia
|-end|p1a: Sage Harpuia|Quark Drive|[silent]
|-damage|p2a: Corviknight|38/100 par|[from] Recoil
|
|-heal|p2a: Corviknight|44/100 par|[from] item: Leftovers
|upkeep
|
|t:|1781353434
|switch|p1a: Talonflame|Talonflame, F|49/100
|turn|33
|
|t:|1781353446
|switch|p2a: Clefable|Clefable, M|100/100
|move|p1a: Talonflame|Defog|p2a: Clefable
|-unboost|p2a: Clefable|evasion|1
|-sideend|p2: ur doggo|Spikes|[from] move: Defog|[of] p1a: Talonflame
|-sideend|p2: ur doggo|Stealth Rock|[from] move: Defog|[of] p1a: Talonflame
|-sideend|p1: Acastillo631|Spikes|[from] move: Defog|[of] p1a: Talonflame
|-sideend|p1: Acastillo631|Stealth Rock|[from] move: Defog|[of] p1a: Talonflame
|
|upkeep
|turn|34
|
|t:|1781353452
|switch|p1a: Wire Sponge|Sinistcha, tera:Poison|97/100
|switch|p2a: Latios|Latios, M|100/100
|
|upkeep
|turn|35
|
|t:|1781353462
|switch|p1a: Redips|Klefki, F|23/100 brn
|move|p2a: Latios|Calm Mind|p2a: Latios
|-boost|p2a: Latios|spa|1
|-boost|p2a: Latios|spd|1
|
|-damage|p1a: Redips|17/100 brn|[from] brn
|upkeep
|turn|36
|
|t:|1781353473
|-terastallize|p2a: Latios|Electric
|move|p1a: Redips|Thunder Wave|p2a: Latios
|-immune|p2a: Latios
|move|p2a: Latios|Calm Mind|p2a: Latios
|-boost|p2a: Latios|spa|1
|-boost|p2a: Latios|spd|1
|
|-damage|p1a: Redips|11/100 brn|[from] brn
|upkeep
|turn|37
|inactive|Battle timer is ON: inactive players will automatically lose when time's up. (requested by ur doggo)
|-message|Acastillo631 forfeited.
|
|win|ur doggo
|raw|Acastillo631's rating: 1623 &rarr; <strong>1604</strong><br />(-19 for losing)
|raw|ur doggo's rating: 1634 &rarr; <strong>1653</strong><br />(+19 for winning)
|l|☆Acastillo631
|player|p1|
|l| Yamhard
