|j|‽flobpa
|j|☆BoostingTyranntrum
|t:|1781584150
|gametype|singles
|player|p1|flobpa|unknown|1543
|player|p2|BoostingTyranntrum|170|1573
|gen|9
|tier|[Gen 9] OU
|rated|
|rule|HP Percentage Mod: HP is shown in percentages
|rule|Endless Battle Clause: Forcing endless battles is banned
|rule|Species Clause: Limit one of each Pokémon
|rule|OHKO Clause: OHKO moves are banned
|rule|Evasion Items Clause: Evasion items are banned
|rule|Evasion Moves Clause: Evasion moves are banned
|rule|Evasion Abilities Clause: Evasion abilities are banned
|rule|Sleep Moves Clause: Sleep-inducing moves are banned
|clearpoke
|poke|p1|Ninetales-Alola, F|
|poke|p1|Sinistcha|
|poke|p1|Samurott-Hisui, M|
|poke|p1|Iron Valiant|
|poke|p1|Kingambit, M|
|poke|p1|Dragonite, M|
|poke|p2|Alomomola, M|
|poke|p2|Kingambit, F|
|poke|p2|Slowking-Galar, M|
|poke|p2|Raging Bolt|
|poke|p2|Landorus-Therian, M|
|poke|p2|Cinderace, F|
|teampreview
|inactive|Battle timer is ON: inactive players will automatically lose when time's up. (requested by flobpa)
|
|t:|1781584159
|teamsize|p1|6
|teamsize|p2|6
|start
|switch|p1a: Samurott|Samurott-Hisui, M|100/100
|switch|p2a: Slowking|Slowking-Galar, M|100/100
|turn|1
|
|t:|1781584173
|switch|p2a: Alomomola|Alomomola, M|100/100
|move|p1a: Samurott|Swords Dance|p1a: Samurott
|-boost|p1a: Samurott|atk|2
|
|upkeep
|turn|2
|
|t:|1781584181
|-terastallize|p2a: Alomomola|Fairy
|move|p1a: Samurott|Ceaseless Edge|p2a: Alomomola
|-resisted|p2a: Alomomola
|-damage|p2a: Alomomola|63/100
|-sidestart|p2: BoostingTyranntrum|Spikes
|move|p2a: Alomomola|Flip Turn|p1a: Samurott
|-resisted|p1a: Samurott
|-damage|p1a: Samurott|90/100
|
|t:|1781584185
|switch|p2a: Landorus|Landorus-Therian, M|100/100|[from] Flip Turn
|-ability|p2a: Landorus|Intimidate|boost
|-unboost|p1a: Samurott|atk|1
|
|upkeep
|turn|3
|
|t:|1781584202
|move|p2a: Landorus|U-turn|p1a: Samurott
|-supereffective|p1a: Samurott
|-damage|p1a: Samurott|19/100
|
|t:|1781584205
|switch|p2a: Alomomola|Alomomola, M, tera:Fairy|97/100|[from] U-turn
|-damage|p2a: Alomomola|84/100|[from] Spikes
|move|p1a: Samurott|Aqua Cutter|p2a: Alomomola
|-damage|p2a: Alomomola|18/100
|
|upkeep
|turn|4
|
|t:|1781584215
|move|p1a: Samurott|Ceaseless Edge|p2a: Alomomola
|-resisted|p2a: Alomomola
|-damage|p2a: Alomomola|0 fnt
|-sidestart|p2: BoostingTyranntrum|Spikes
|faint|p2a: Alomomola
|
|upkeep
|
|t:|1781584217
|switch|p2a: Landorus|Landorus-Therian, M|100/100
|-ability|p2a: Landorus|Intimidate|boost
|-unboost|p1a: Samurott|atk|1
|turn|5
|
|t:|1781584222
|move|p1a: Samurott|Aqua Jet|p2a: Landorus
|-supereffective|p2a: Landorus
|-damage|p2a: Landorus|51/100
|move|p2a: Landorus|U-turn|p1a: Samurott
|-supereffective|p1a: Samurott
|-damage|p1a: Samurott|0 fnt
|faint|p1a: Samurott
|
|t:|1781584227
|switch|p2a: Cinderace|Cinderace, F|100/100|[from] U-turn
|
|upkeep
|
|t:|1781584242
|switch|p1a: Iron Valiant|Iron Valiant|100/100
|-enditem|p1a: Iron Valiant|Booster Energy
|-activate|p1a: Iron Valiant|ability: Quark Drive|[fromitem]
|-start|p1a: Iron Valiant|quarkdrivespe
|turn|6
|
|t:|1781584250
|move|p1a: Iron Valiant|Calm Mind|p1a: Iron Valiant
|-boost|p1a: Iron Valiant|spa|1
|-boost|p1a: Iron Valiant|spd|1
|move|p2a: Cinderace|Court Change|p2a: Cinderace
|-start|p2a: Cinderace|typechange|Normal|[from] ability: Libero
|-swapsideconditions
|-activate|p2a: Cinderace|move: Court Change
|
|upkeep
|turn|7
|
|t:|1781584263
|switch|p2a: Slowking|Slowking-Galar, M|100/100
|move|p1a: Iron Valiant|Close Combat|p2a: Slowking
|-resisted|p2a: Slowking
|-damage|p2a: Slowking|86/100
|-unboost|p1a: Iron Valiant|def|1
|-unboost|p1a: Iron Valiant|spd|1
|
|upkeep
|turn|8
|inactive|flobpa has 120 seconds left.
|
|t:|1781584303
|-terastallize|p1a: Iron Valiant|Electric
|move|p1a: Iron Valiant|Calm Mind|p1a: Iron Valiant
|-boost|p1a: Iron Valiant|spa|1
|-boost|p1a: Iron Valiant|spd|1
|move|p2a: Slowking|Psyshock|p1a: Iron Valiant
|-crit|p1a: Iron Valiant
|-damage|p1a: Iron Valiant|0 fnt
|faint|p1a: Iron Valiant
|-end|p1a: Iron Valiant|Quark Drive|[silent]
|
|upkeep
|-message|flobpa forfeited.
|
|win|BoostingTyranntrum
|raw|flobpa's rating: 1543 &rarr; <strong>1525</strong><br />(-18 for losing)
|raw|BoostingTyranntrum's rating: 1573 &rarr; <strong>1591</strong><br />(+18 for winning)
|l|‽flobpa
|player|p1|
|j| choispecs ironmoth
