|j|‽TheCannonites
|j|☆Mawile442
|t:|1781369599
|gametype|singles
|player|p1|TheCannonites|n|1641
|player|p2|Mawile442|170|1703
|gen|9
|tier|[Gen 9] OU
|rated|
|rule|HP Percentage Mod: HP is shown in percentages
|rule|Endless Battle Clause: Forcing endless battles is banned
|rule|Species Clause: Limit one of each Pokémon
|rule|OHKO Clause: OHKO moves are banned
|rule|Evasion Items Clause: Evasion items are banned
|rule|Evasion Moves Clause: Evasion moves are banned
|rule|Evasion Abilities Clause: Evasion abilities are banned
|rule|Sleep Moves Clause: Sleep-inducing moves are banned
|clearpoke
|poke|p1|Grimmsnarl, M|
|poke|p1|Blastoise, F|
|poke|p1|Hatterene, F|
|poke|p1|Iron Crown|
|poke|p1|Great Tusk|
|poke|p1|Ceruledge, F|
|poke|p2|Sandy Shocks|
|poke|p2|Scizor, F|
|poke|p2|Manaphy|
|poke|p2|Latios, M|
|poke|p2|Ogerpon, F|
|poke|p2|Iron Jugulis|
|teampreview
|inactive|Battle timer is ON: inactive players will automatically lose when time's up. (requested by TheCannonites)
|
|t:|1781369607
|teamsize|p1|6
|teamsize|p2|6
|start
|switch|p1a: Grimmsnarl|Grimmsnarl, M|100/100
|switch|p2a: Scizor|Scizor, F|100/100
|turn|1
|
|t:|1781369612
|move|p1a: Grimmsnarl|Reflect|p1a: Grimmsnarl
|-sidestart|p1: TheCannonites|Reflect
|move|p2a: Scizor|Bullet Punch|p1a: Grimmsnarl
|-supereffective|p1a: Grimmsnarl
|-damage|p1a: Grimmsnarl|55/100
|
|upkeep
|turn|2
|
|t:|1781369619
|switch|p1a: Ceruledge|Ceruledge, F|100/100
|move|p2a: Scizor|Swords Dance|p2a: Scizor
|-boost|p2a: Scizor|atk|2
|
|upkeep
|turn|3
|
|t:|1781369626
|move|p1a: Ceruledge|Bitter Blade|p2a: Scizor
|-supereffective|p2a: Scizor
|-damage|p2a: Scizor|0 fnt
|faint|p2a: Scizor
|-damage|p1a: Ceruledge|91/100|[from] item: Life Orb
|
|upkeep
|
|t:|1781369630
|switch|p2a: Sandy Shocks|Sandy Shocks, shiny|100/100
|-enditem|p2a: Sandy Shocks|Booster Energy
|-activate|p2a: Sandy Shocks|ability: Protosynthesis|[fromitem]
|-start|p2a: Sandy Shocks|protosynthesisspe
|turn|4
|
|t:|1781369642
|switch|p1a: Grimmsnarl|Grimmsnarl, M|55/100
|move|p2a: Sandy Shocks|Earth Power|p1a: Grimmsnarl
|-damage|p1a: Grimmsnarl|13/100
|
|upkeep
|turn|5
|
|t:|1781369648
|move|p1a: Grimmsnarl|Taunt|p2a: Sandy Shocks
|-start|p2a: Sandy Shocks|move: Taunt
|cant|p2a: Sandy Shocks|move: Taunt|Stealth Rock
|
|upkeep
|turn|6
|
|t:|1781369653
|move|p1a: Grimmsnarl|Light Screen|p1a: Grimmsnarl
|-sidestart|p1: TheCannonites|move: Light Screen
|move|p2a: Sandy Shocks|Earth Power|p1a: Grimmsnarl
|-damage|p1a: Grimmsnarl|0 fnt
|faint|p1a: Grimmsnarl
|
|upkeep
|
|t:|1781369662
|switch|p1a: Blastoise|Blastoise, F|100/100
|turn|7
|
|t:|1781369665
|move|p2a: Sandy Shocks|Discharge|p1a: Blastoise
|-supereffective|p1a: Blastoise
|-damage|p1a: Blastoise|58/100
|move|p1a: Blastoise|Shell Smash|p1a: Blastoise
|-unboost|p1a: Blastoise|def|1
|-unboost|p1a: Blastoise|spd|1
|-boost|p1a: Blastoise|atk|2
|-boost|p1a: Blastoise|spa|2
|-boost|p1a: Blastoise|spe|2
|-enditem|p1a: Blastoise|White Herb
|-clearnegativeboost|p1a: Blastoise|[silent]
|
|-end|p2a: Sandy Shocks|move: Taunt
|upkeep
|turn|8
|
|t:|1781369677
|move|p1a: Blastoise|Surf|p2a: Sandy Shocks
|-supereffective|p2a: Sandy Shocks
|-damage|p2a: Sandy Shocks|0 fnt
|faint|p2a: Sandy Shocks
|-end|p2a: Sandy Shocks|Protosynthesis|[silent]
|
|-sideend|p1: TheCannonites|Reflect
|upkeep
|
|t:|1781369682
|switch|p2a: Manaphy|Manaphy, shiny|100/100
|turn|9
|
|t:|1781369688
|-terastallize|p1a: Blastoise|Fighting
|move|p1a: Blastoise|Aura Sphere|p2a: Manaphy
|-damage|p2a: Manaphy|39/100
|-enditem|p2a: Manaphy|Sitrus Berry|[eat]
|-heal|p2a: Manaphy|64/100|[from] item: Sitrus Berry
|move|p2a: Manaphy|Tail Glow|p2a: Manaphy
|-boost|p2a: Manaphy|spa|3
|
|upkeep
|turn|10
|
|t:|1781369697
|move|p1a: Blastoise|Aura Sphere|p2a: Manaphy
|-damage|p2a: Manaphy|0 fnt
|faint|p2a: Manaphy
|
|upkeep
|
|t:|1781369706
|switch|p2a: Ogerpon|Ogerpon, F|100/100
|turn|11
|
|t:|1781369711
|-terastallize|p2a: Ogerpon|Grass
|detailschange|p2a: Ogerpon|Ogerpon-Teal-Tera, F, tera:Grass
|-ability|p2a: Ogerpon|Embody Aspect (Teal)|boost
|-boost|p2a: Ogerpon|spe|1
|move|p1a: Blastoise|Ice Beam|p2a: Ogerpon
|-supereffective|p2a: Ogerpon
|-damage|p2a: Ogerpon|0 fnt
|faint|p2a: Ogerpon
|detailschange|p2: Ogerpon|Ogerpon, F|[silent]
|
|upkeep
|-message|Mawile442 forfeited.
|
|win|TheCannonites
|raw|TheCannonites's rating: 1641 &rarr; <strong>1665</strong><br />(+24 for winning)
|raw|Mawile442's rating: 1703 &rarr; <strong>1679</strong><br />(-24 for losing)
|l|☆Mawile442
|player|p2|
|l|‽TheCannonites
|player|p1|
