|j|☆PXOH
|j|☆KurisuChestnutOU
|t:|1781142834
|gametype|singles
|player|p1|PXOH|roxie-masters|1540
|player|p2|KurisuChestnutOU|may-contest|1536
|gen|9
|tier|[Gen 9] OU
|rated|
|rule|HP Percentage Mod: HP is shown in percentages
|rule|Endless Battle Clause: Forcing endless battles is banned
|rule|Species Clause: Limit one of each Pokémon
|rule|OHKO Clause: OHKO moves are banned
|rule|Evasion Items Clause: Evasion items are banned
|rule|Evasion Moves Clause: Evasion moves are banned
|rule|Evasion Abilities Clause: Evasion abilities are banned
|rule|Sleep Moves Clause: Sleep-inducing moves are banned
|clearpoke
|poke|p1|Cinderace, M|
|poke|p1|Iron Valiant|
|poke|p1|Rillaboom, M|
|poke|p1|Kingambit, M|
|poke|p1|Kommo-o, M|
|poke|p1|Ting-Lu|
|poke|p2|Zamazenta-*|
|poke|p2|Zapdos|
|poke|p2|Garganacl, F|
|poke|p2|Clefable, M|
|poke|p2|Samurott-Hisui, F|
|poke|p2|Gholdengo|
|teampreview
|inactive|Battle timer is ON: inactive players will automatically lose when time's up. (requested by PXOH)
|inactive|KurisuChestnutOU also wants the timer to be on.
|
|t:|1781142846
|teamsize|p1|6
|teamsize|p2|6
|start
|switch|p1a: Thicc-Lu|Ting-Lu|100/100
|switch|p2a: Clefable|Clefable, M|100/100
|-ability|p1a: Thicc-Lu|Vessel of Ruin
|turn|1
|j| ptz
|
|t:|1781142849
|move|p2a: Clefable|Moonblast|p1a: Thicc-Lu
|-supereffective|p1a: Thicc-Lu
|-damage|p1a: Thicc-Lu|60/100
|move|p1a: Thicc-Lu|Stealth Rock|p2a: Clefable
|-sidestart|p2: KurisuChestnutOU|move: Stealth Rock
|
|-heal|p1a: Thicc-Lu|66/100|[from] item: Leftovers
|upkeep
|turn|2
|
|t:|1781142853
|move|p2a: Clefable|Moonblast|p1a: Thicc-Lu
|-supereffective|p1a: Thicc-Lu
|-damage|p1a: Thicc-Lu|30/100
|move|p1a: Thicc-Lu|Spikes|p2a: Clefable
|-sidestart|p2: KurisuChestnutOU|Spikes
|
|-heal|p1a: Thicc-Lu|37/100|[from] item: Leftovers
|upkeep
|turn|3
|
|t:|1781142860
|move|p2a: Clefable|Moonblast|p1a: Thicc-Lu
|-supereffective|p1a: Thicc-Lu
|-damage|p1a: Thicc-Lu|0 fnt
|faint|p1a: Thicc-Lu
|
|upkeep
|
|t:|1781142872
|switch|p1a: Rillaboom|Rillaboom, M|100/100
|-fieldstart|move: Grassy Terrain|[from] ability: Grassy Surge|[of] p1a: Rillaboom
|turn|4
|
|t:|1781142876
|switch|p2a: Zapdos|Zapdos|100/100
|move|p1a: Rillaboom|Drum Beating|p2a: Zapdos
|-resisted|p2a: Zapdos
|-damage|p2a: Zapdos|74/100
|-unboost|p2a: Zapdos|spe|1
|-damage|p1a: Rillaboom|91/100|[from] item: Life Orb
|
|-heal|p1a: Rillaboom|97/100|[from] Grassy Terrain
|upkeep
|turn|5
|
|t:|1781142886
|move|p1a: Rillaboom|Drum Beating|p2a: Zapdos
|-resisted|p2a: Zapdos
|-damage|p2a: Zapdos|50/100
|-unboost|p2a: Zapdos|spe|1
|-damage|p1a: Rillaboom|87/100|[from] item: Life Orb
|move|p2a: Zapdos|Hurricane|p1a: Rillaboom
|-supereffective|p1a: Rillaboom
|-damage|p1a: Rillaboom|0 fnt
|faint|p1a: Rillaboom
|
|upkeep
|
|t:|1781142901
|switch|p1a: Lebunny James|Cinderace, M|100/100
|turn|6
|
|t:|1781142906
|move|p1a: Lebunny James|Pyro Ball|p2a: Zapdos
|-damage|p2a: Zapdos|10/100
|move|p2a: Zapdos|Roost|p2a: Zapdos
|-heal|p2a: Zapdos|60/100
|-singleturn|p2a: Zapdos|move: Roost
|
|-heal|p2a: Zapdos|66/100|[from] Grassy Terrain
|upkeep
|turn|7
|
|t:|1781142911
|move|p1a: Lebunny James|Pyro Ball|p2a: Zapdos
|-damage|p2a: Zapdos|24/100
|move|p2a: Zapdos|Volt Switch|p1a: Lebunny James
|-damage|p1a: Lebunny James|61/100
|
|t:|1781142917
|switch|p2a: Zamazenta|Zamazenta|100/100|[from] Volt Switch
|-damage|p2a: Zamazenta|94/100|[from] Stealth Rock
|-damage|p2a: Zamazenta|82/100|[from] Spikes
|-ability|p2a: Zamazenta|Dauntless Shield|boost
|-boost|p2a: Zamazenta|def|1
|
|-heal|p2a: Zamazenta|88/100|[from] Grassy Terrain
|-heal|p2a: Zamazenta|94/100|[from] item: Leftovers
|-heal|p1a: Lebunny James|67/100|[from] Grassy Terrain
|upkeep
|turn|8
|
|t:|1781142932
|move|p2a: Zamazenta|Body Press|p1a: Lebunny James
|-damage|p1a: Lebunny James|2/100
|move|p1a: Lebunny James|High Jump Kick|p2a: Zamazenta
|-start|p1a: Lebunny James|typechange|Fighting|[from] ability: Libero
|-damage|p2a: Zamazenta|64/100
|
|-heal|p2a: Zamazenta|70/100|[from] Grassy Terrain
|-heal|p2a: Zamazenta|76/100|[from] item: Leftovers
|-heal|p1a: Lebunny James|8/100|[from] Grassy Terrain
|-fieldend|move: Grassy Terrain
|upkeep
|turn|9
|
|t:|1781142939
|move|p2a: Zamazenta|Iron Defense|p2a: Zamazenta
|-boost|p2a: Zamazenta|def|2
|move|p1a: Lebunny James|Pyro Ball|p2a: Zamazenta
|-damage|p2a: Zamazenta|64/100
|
|-heal|p2a: Zamazenta|70/100|[from] item: Leftovers
|upkeep
|turn|10
|
|t:|1781142943
|move|p2a: Zamazenta|Body Press|p1a: Lebunny James
|-damage|p1a: Lebunny James|0 fnt
|faint|p1a: Lebunny James
|
|-heal|p2a: Zamazenta|77/100|[from] item: Leftovers
|upkeep
|
|t:|1781142945
|switch|p1a: Cyber Twink|Iron Valiant|100/100
|-enditem|p1a: Cyber Twink|Booster Energy
|-activate|p1a: Cyber Twink|ability: Quark Drive|[fromitem]
|-start|p1a: Cyber Twink|quarkdrivespe
|turn|11
|j| Mega Delibird X
|
|t:|1781142950
|move|p1a: Cyber Twink|Moonblast|p2a: Zamazenta
|-supereffective|p2a: Zamazenta
|-damage|p2a: Zamazenta|3/100
|move|p2a: Zamazenta|Body Press|p1a: Cyber Twink
|-resisted|p1a: Cyber Twink
|-damage|p1a: Cyber Twink|51/100
|
|-heal|p2a: Zamazenta|10/100|[from] item: Leftovers
|upkeep
|turn|12
|
|t:|1781142958
|move|p1a: Cyber Twink|Moonblast|p2a: Zamazenta
|-supereffective|p2a: Zamazenta
|-damage|p2a: Zamazenta|0 fnt
|faint|p2a: Zamazenta
|
|upkeep
|
|t:|1781142965
|switch|p2a: Clefable|Clefable, M|100/100
|turn|13
|
|t:|1781142970
|move|p1a: Cyber Twink|Destiny Bond|p1a: Cyber Twink
|-singlemove|p1a: Cyber Twink|Destiny Bond
|move|p2a: Clefable|Moonblast|p1a: Cyber Twink
|-supereffective|p1a: Cyber Twink
|-damage|p1a: Cyber Twink|0 fnt
|faint|p1a: Cyber Twink
|-activate|p1a: Cyber Twink|move: Destiny Bond
|-end|p1a: Cyber Twink|Quark Drive|[silent]
|faint|p2a: Clefable
|
|upkeep
|
|t:|1781142975
|switch|p1a: Clangus Khan|Kommo-o, M|100/100
|switch|p2a: Zapdos|Zapdos|24/100
|turn|14
|
|t:|1781142983
|-terastallize|p1a: Clangus Khan|Normal
|move|p1a: Clangus Khan|Clangorous Soul|p1a: Clangus Khan
|-boost|p1a: Clangus Khan|atk|1
|-boost|p1a: Clangus Khan|def|1
|-boost|p1a: Clangus Khan|spa|1
|-boost|p1a: Clangus Khan|spd|1
|-boost|p1a: Clangus Khan|spe|1
|-damage|p1a: Clangus Khan|68/100
|move|p2a: Zapdos|Discharge|p1a: Clangus Khan
|-damage|p1a: Clangus Khan|42/100
|
|-heal|p1a: Clangus Khan|49/100|[from] item: Leftovers
|upkeep
|turn|15
|
|t:|1781142995
|move|p1a: Clangus Khan|Boomburst|p2a: Zapdos
|-damage|p2a: Zapdos|0 fnt
|faint|p2a: Zapdos
|
|-heal|p1a: Clangus Khan|55/100|[from] item: Leftovers
|upkeep
|
|t:|1781142999
|switch|p2a: Gholdengo|Gholdengo|100/100
|-damage|p2a: Gholdengo|94/100|[from] Stealth Rock
|-damage|p2a: Gholdengo|82/100|[from] Spikes
|turn|16
|
|t:|1781143004
|move|p1a: Clangus Khan|Flamethrower|p2a: Gholdengo
|-supereffective|p2a: Gholdengo
|-damage|p2a: Gholdengo|0 fnt
|faint|p2a: Gholdengo
|
|-heal|p1a: Clangus Khan|61/100|[from] item: Leftovers
|upkeep
|
|t:|1781143009
|switch|p2a: Garganacl|Garganacl, F|100/100
|-damage|p2a: Garganacl|88/100|[from] Stealth Rock
|-damage|p2a: Garganacl|76/100|[from] Spikes
|turn|17
|
|t:|1781143017
|move|p1a: Clangus Khan|Clanging Scales|p2a: Garganacl
|-damage|p2a: Garganacl|27/100
|-unboost|p1a: Clangus Khan|def|1
|move|p2a: Garganacl|Salt Cure|p1a: Clangus Khan
|-damage|p1a: Clangus Khan|47/100
|-start|p1a: Clangus Khan|Salt Cure
|
|-heal|p1a: Clangus Khan|53/100|[from] item: Leftovers
|-heal|p2a: Garganacl|34/100|[from] item: Leftovers
|-damage|p1a: Clangus Khan|40/100|[from] Salt Cure
|upkeep
|turn|18
|
|t:|1781143021
|move|p1a: Clangus Khan|Clangorous Soul|p1a: Clangus Khan
|-boost|p1a: Clangus Khan|atk|1
|-boost|p1a: Clangus Khan|def|1
|-boost|p1a: Clangus Khan|spa|1
|-boost|p1a: Clangus Khan|spd|1
|-boost|p1a: Clangus Khan|spe|1
|-damage|p1a: Clangus Khan|7/100
|move|p2a: Garganacl|Recover|p2a: Garganacl
|-heal|p2a: Garganacl|84/100
|
|-heal|p1a: Clangus Khan|14/100|[from] item: Leftovers
|-heal|p2a: Garganacl|90/100|[from] item: Leftovers
|-damage|p1a: Clangus Khan|1/100|[from] Salt Cure
|upkeep
|turn|19
|
|t:|1781143033
|-terastallize|p2a: Garganacl|Water
|move|p1a: Clangus Khan|Clanging Scales|p2a: Garganacl
|-damage|p2a: Garganacl|29/100
|-unboost|p1a: Clangus Khan|def|1
|move|p2a: Garganacl|Recover|p2a: Garganacl
|-heal|p2a: Garganacl|79/100
|
|-heal|p1a: Clangus Khan|7/100|[from] item: Leftovers
|-heal|p2a: Garganacl|85/100|[from] item: Leftovers
|-damage|p1a: Clangus Khan|0 fnt|[from] Salt Cure
|faint|p1a: Clangus Khan
|upkeep
|
|t:|1781143037
|switch|p1a: The Janitor|Kingambit, M|100/100
|-activate|p1a: The Janitor|ability: Supreme Overlord
|-start|p1a: The Janitor|fallen5|[silent]
|turn|20
|
|t:|1781143041
|move|p1a: The Janitor|Swords Dance|p1a: The Janitor
|-boost|p1a: The Janitor|atk|2
|move|p2a: Garganacl|Salt Cure|p1a: The Janitor
|-resisted|p1a: The Janitor
|-damage|p1a: The Janitor|96/100
|-start|p1a: The Janitor|Salt Cure
|
|-heal|p1a: The Janitor|100/100|[from] item: Leftovers
|-heal|p2a: Garganacl|91/100|[from] item: Leftovers
|-damage|p1a: The Janitor|75/100|[from] Salt Cure
|upkeep
|turn|21
|
|t:|1781143046
|move|p1a: The Janitor|Kowtow Cleave|p2a: Garganacl
|-damage|p2a: Garganacl|0 fnt
|faint|p2a: Garganacl
|
|-heal|p1a: The Janitor|82/100|[from] item: Leftovers
|-damage|p1a: The Janitor|57/100|[from] Salt Cure
|upkeep
|
|t:|1781143053
|switch|p2a: Samurott|Samurott-Hisui, F|100/100
|-damage|p2a: Samurott|88/100|[from] Stealth Rock
|-damage|p2a: Samurott|76/100|[from] Spikes
|turn|22
|
|t:|1781143060
|move|p2a: Samurott|Razor Shell|p1a: The Janitor
|-damage|p1a: The Janitor|22/100
|-unboost|p1a: The Janitor|def|1
|move|p1a: The Janitor|Kowtow Cleave|p2a: Samurott
|-resisted|p2a: Samurott
|-damage|p2a: Samurott|0 fnt
|faint|p2a: Samurott
|
|win|PXOH
|raw|PXOH's rating: 1540 &rarr; <strong>1560</strong><br />(+20 for winning)
|raw|KurisuChestnutOU's rating: 1540 &rarr; <strong>1520</strong><br />(-20 for losing)
