|j|☆SofteLocke
|j|☆Sashannarcy
|t:|1781069503
|gametype|singles
|player|p1|SofteLocke|266|1701
|player|p2|Sashannarcy|unknownf|1682
|gen|9
|tier|[Gen 9] OU
|rated|
|rule|HP Percentage Mod: HP is shown in percentages
|rule|Endless Battle Clause: Forcing endless battles is banned
|rule|Species Clause: Limit one of each Pokémon
|rule|OHKO Clause: OHKO moves are banned
|rule|Evasion Items Clause: Evasion items are banned
|rule|Evasion Moves Clause: Evasion moves are banned
|rule|Evasion Abilities Clause: Evasion abilities are banned
|rule|Sleep Moves Clause: Sleep-inducing moves are banned
|clearpoke
|poke|p1|Torkoal, F|
|poke|p1|Hatterene, F|
|poke|p1|Walking Wake|
|poke|p1|Typhlosion-Hisui, M|
|poke|p1|Great Tusk|
|poke|p1|Raging Bolt|
|poke|p2|Slowking-Galar, M|
|poke|p2|Cetitan, F|
|poke|p2|Dragapult, M|
|poke|p2|Great Tusk|
|poke|p2|Moltres|
|poke|p2|Samurott-Hisui, M|
|teampreview
|inactive|Battle timer is ON: inactive players will automatically lose when time's up. (requested by Sashannarcy)
|
|t:|1781069509
|teamsize|p1|6
|teamsize|p2|6
|start
|switch|p1a: Torkoal|Torkoal, F|100/100
|switch|p2a: Samurott|Samurott-Hisui, M|100/100
|-weather|SunnyDay|[from] ability: Drought|[of] p1a: Torkoal
|turn|1
|
|t:|1781069513
|move|p2a: Samurott|Ceaseless Edge|p1a: Torkoal
|-damage|p1a: Torkoal|71/100
|-sidestart|p1: SofteLocke|Spikes
|move|p1a: Torkoal|Will-O-Wisp|p2a: Samurott
|-status|p2a: Samurott|brn
|
|-weather|SunnyDay|[upkeep]
|-damage|p2a: Samurott|94/100 brn|[from] brn
|upkeep
|turn|2
|
|t:|1781069519
|move|p2a: Samurott|Encore|p1a: Torkoal
|-start|p1a: Torkoal|Encore
|move|p1a: Torkoal|Will-O-Wisp|p2a: Samurott
|-fail|p2a: Samurott|brn
|
|-weather|SunnyDay|[upkeep]
|-damage|p2a: Samurott|88/100 brn|[from] brn
|upkeep
|turn|3
|
|t:|1781069521
|switch|p1a: Hatterene|Hatterene, F|100/100
|-damage|p1a: Hatterene|88/100|[from] Spikes
|move|p2a: Samurott|Ceaseless Edge|p1a: Hatterene
|-crit|p1a: Hatterene
|-damage|p1a: Hatterene|55/100
|-sidestart|p1: SofteLocke|Spikes
|-enditem|p1a: Hatterene|Eject Button
|
|t:|1781069524
|switch|p1a: Great Tusk|Great Tusk|100/100
|-damage|p1a: Great Tusk|84/100|[from] Spikes
|-activate|p1a: Great Tusk|ability: Protosynthesis
|-start|p1a: Great Tusk|protosynthesisatk
|
|-weather|SunnyDay|[upkeep]
|-damage|p2a: Samurott|82/100 brn|[from] brn
|upkeep
|turn|4
|
|t:|1781069532
|switch|p2a: Dragapult|Dragapult, M|100/100
|move|p1a: Great Tusk|Ice Spinner|p2a: Dragapult
|-supereffective|p2a: Dragapult
|-damage|p2a: Dragapult|6/100
|
|-weather|SunnyDay|[upkeep]
|upkeep
|turn|5
|
|t:|1781069539
|switch|p2a: Moltres|Moltres|100/100
|-end|p1a: Great Tusk|Protosynthesis|[silent]
|switch|p1a: Hatterene|Hatterene, F|55/100
|-damage|p1a: Hatterene|39/100|[from] Spikes
|
|-weather|SunnyDay|[upkeep]
|upkeep
|turn|6
|
|t:|1781069544
|move|p2a: Moltres|Flamethrower|p1a: Hatterene
|-damage|p1a: Hatterene|0 fnt
|faint|p1a: Hatterene
|
|-weather|SunnyDay|[upkeep]
|upkeep
|
|t:|1781069548
|switch|p1a: Walking Wake|Walking Wake|100/100
|-damage|p1a: Walking Wake|84/100|[from] Spikes
|-activate|p1a: Walking Wake|ability: Protosynthesis
|-start|p1a: Walking Wake|protosynthesisspe
|turn|7
|
|t:|1781069552
|switch|p2a: Samurott|Samurott-Hisui, M|82/100 brn
|move|p1a: Walking Wake|Hydro Steam|p2a: Samurott
|-resisted|p2a: Samurott
|-damage|p2a: Samurott|25/100 brn
|
|-weather|SunnyDay|[upkeep]
|-damage|p2a: Samurott|19/100 brn|[from] brn
|upkeep
|turn|8
|
|t:|1781069558
|move|p1a: Walking Wake|Hydro Steam|p2a: Samurott
|-resisted|p2a: Samurott
|-damage|p2a: Samurott|0 fnt
|faint|p2a: Samurott
|
|-weather|none
|-end|p1a: Walking Wake|Protosynthesis
|upkeep
|
|t:|1781069565
|switch|p2a: Dragapult|Dragapult, M|6/100
|turn|9
|
|t:|1781069579
|-terastallize|p1a: Walking Wake|Water
|move|p2a: Dragapult|Dragon Dance|p2a: Dragapult
|-boost|p2a: Dragapult|atk|1
|-boost|p2a: Dragapult|spe|1
|move|p1a: Walking Wake|Hydro Steam|p2a: Dragapult
|-resisted|p2a: Dragapult
|-damage|p2a: Dragapult|0 fnt
|faint|p2a: Dragapult
|
|upkeep
|
|t:|1781069587
|switch|p2a: Slowking|Slowking-Galar, M|100/100
|turn|10
|
|t:|1781069592
|-end|p1a: Walking Wake|Protosynthesis|[silent]
|switch|p1a: Torkoal|Torkoal, F|71/100
|-damage|p1a: Torkoal|55/100|[from] Spikes
|-weather|SunnyDay|[from] ability: Drought|[of] p1a: Torkoal
|-prepare|p2a: Slowking|Chilly Reception|[premajor]
|move|p2a: Slowking|Chilly Reception|p2a: Slowking
|-weather|Snowscape
|
|t:|1781069596
|switch|p2a: Great Tusk|Great Tusk|100/100|[from] Chilly Reception
|
|-weather|Snowscape|[upkeep]
|upkeep
|turn|11
|
|t:|1781069602
|switch|p1a: Great Tusk|Great Tusk|84/100
|-damage|p1a: Great Tusk|67/100|[from] Spikes
|move|p2a: Great Tusk|Stealth Rock|p1a: Great Tusk
|-sidestart|p1: SofteLocke|move: Stealth Rock
|
|-weather|Snowscape|[upkeep]
|upkeep
|turn|12
|
|t:|1781069608
|-end|p2a: Great Tusk|Protosynthesis|[silent]
|switch|p2a: Moltres|Moltres|100/100
|move|p1a: Great Tusk|Rapid Spin|p2a: Moltres
|-damage|p2a: Moltres|85/100
|-boost|p1a: Great Tusk|spe|1
|-sideend|p1: SofteLocke|Spikes|[from] move: Rapid Spin|[of] p1a: Great Tusk
|-sideend|p1: SofteLocke|Stealth Rock|[from] move: Rapid Spin|[of] p1a: Great Tusk
|
|-weather|Snowscape|[upkeep]
|upkeep
|turn|13
|
|t:|1781069613
|move|p1a: Great Tusk|Supercell Slam|p2a: Moltres
|-supereffective|p2a: Moltres
|-damage|p2a: Moltres|21/100
|-status|p1a: Great Tusk|brn|[from] ability: Flame Body|[of] p2a: Moltres
|move|p2a: Moltres|U-turn|p1a: Great Tusk
|-resisted|p1a: Great Tusk
|-damage|p1a: Great Tusk|62/100 brn
|
|t:|1781069617
|switch|p2a: Slowking|Slowking-Galar, M|100/100|[from] U-turn
|
|-weather|Snowscape|[upkeep]
|-damage|p1a: Great Tusk|56/100 brn|[from] brn
|upkeep
|turn|14
|
|t:|1781069622
|move|p1a: Great Tusk|Supercell Slam|p2a: Slowking
|-damage|p2a: Slowking|83/100
|move|p2a: Slowking|Psychic Noise|p1a: Great Tusk
|-supereffective|p1a: Great Tusk
|-damage|p1a: Great Tusk|0 fnt
|faint|p1a: Great Tusk
|-end|p1a: Great Tusk|Protosynthesis|[silent]
|
|-weather|Snowscape|[upkeep]
|upkeep
|
|t:|1781069629
|switch|p1a: Typhlosion|Typhlosion-Hisui, M|100/100
|turn|15
|
|t:|1781069633
|switch|p2a: Moltres|Moltres|21/100
|move|p1a: Typhlosion|Eruption|p2a: Moltres
|-resisted|p2a: Moltres
|-damage|p2a: Moltres|0 fnt
|faint|p2a: Moltres
|
|-weather|Snowscape|[upkeep]
|upkeep
|
|t:|1781069645
|switch|p2a: Cetitan|Cetitan, F|100/100
|turn|16
|
|t:|1781069650
|switch|p1a: Torkoal|Torkoal, F|55/100
|-weather|SunnyDay|[from] ability: Drought|[of] p1a: Torkoal
|move|p2a: Cetitan|Earthquake|p1a: Torkoal
|-supereffective|p1a: Torkoal
|-damage|p1a: Torkoal|16/100
|
|-weather|SunnyDay|[upkeep]
|upkeep
|turn|17
|
|t:|1781069654
|switch|p1a: Walking Wake|Walking Wake, tera:Water|84/100
|-activate|p1a: Walking Wake|ability: Protosynthesis
|-start|p1a: Walking Wake|protosynthesisspe
|move|p2a: Cetitan|Earthquake|p1a: Walking Wake
|-damage|p1a: Walking Wake|49/100
|
|-weather|SunnyDay|[upkeep]
|upkeep
|turn|18
|
|t:|1781069661
|switch|p2a: Great Tusk|Great Tusk|100/100
|-activate|p2a: Great Tusk|ability: Protosynthesis
|-start|p2a: Great Tusk|protosynthesisatk
|move|p1a: Walking Wake|Hydro Steam|p2a: Great Tusk
|-supereffective|p2a: Great Tusk
|-damage|p2a: Great Tusk|0 fnt
|faint|p2a: Great Tusk
|-end|p2a: Great Tusk|Protosynthesis|[silent]
|
|-weather|SunnyDay|[upkeep]
|upkeep
|
|t:|1781069663
|switch|p2a: Slowking|Slowking-Galar, M|100/100
|turn|19
|
|t:|1781069667
|move|p1a: Walking Wake|Hydro Steam|p2a: Slowking
|-damage|p2a: Slowking|31/100
|-prepare|p2a: Slowking|Chilly Reception|[premajor]
|move|p2a: Slowking|Chilly Reception|p2a: Slowking
|-weather|Snowscape
|-end|p1a: Walking Wake|Protosynthesis
|
|t:|1781069669
|switch|p2a: Cetitan|Cetitan, F|100/100|[from] Chilly Reception
|
|-weather|Snowscape|[upkeep]
|upkeep
|turn|20
|
|t:|1781069675
|-end|p1a: Walking Wake|Protosynthesis|[silent]
|switch|p1a: Torkoal|Torkoal, F|16/100
|-weather|SunnyDay|[from] ability: Drought|[of] p1a: Torkoal
|move|p2a: Cetitan|Earthquake|p1a: Torkoal
|-supereffective|p1a: Torkoal
|-damage|p1a: Torkoal|0 fnt
|faint|p1a: Torkoal
|
|-weather|SunnyDay|[upkeep]
|upkeep
|
|t:|1781069678
|switch|p1a: Typhlosion|Typhlosion-Hisui, M|100/100
|turn|21
|-message|Sashannarcy forfeited.
|
|win|SofteLocke
|raw|SofteLocke's rating: 1701 &rarr; <strong>1720</strong><br />(+19 for winning)
|raw|Sashannarcy's rating: 1682 &rarr; <strong>1663</strong><br />(-19 for losing)
|l|☆Sashannarcy
|player|p2|
|l|☆SofteLocke
|player|p1|
