|j|☆katz motel
|j|☆winslowyoudog
|t:|1781229063
|gametype|singles
|player|p1|katz motel|266|1569
|player|p2|winslowyoudog|169|1643
|gen|9
|tier|[Gen 9] OU
|rated|
|rule|HP Percentage Mod: HP is shown in percentages
|rule|Endless Battle Clause: Forcing endless battles is banned
|rule|Species Clause: Limit one of each Pokémon
|rule|OHKO Clause: OHKO moves are banned
|rule|Evasion Items Clause: Evasion items are banned
|rule|Evasion Moves Clause: Evasion moves are banned
|rule|Evasion Abilities Clause: Evasion abilities are banned
|rule|Sleep Moves Clause: Sleep-inducing moves are banned
|clearpoke
|poke|p1|Walking Wake|
|poke|p1|Ting-Lu|
|poke|p1|Gholdengo|
|poke|p1|Moltres|
|poke|p1|Ogerpon, F|
|poke|p1|Dragonite, M|
|poke|p2|Slowbro-Galar, F|
|poke|p2|Indeedee, M|
|poke|p2|Armarouge, F|
|poke|p2|Hatterene, F|
|poke|p2|Iron Treads|
|poke|p2|Hawlucha, M|
|teampreview
|
|t:|1781229082
|teamsize|p1|6
|teamsize|p2|6
|start
|switch|p1a: Ting-Lu|Ting-Lu|100/100
|switch|p2a: Megaman|Slowbro-Galar, F|100/100
|-ability|p1a: Ting-Lu|Vessel of Ruin
|turn|1
|inactive|Battle timer is ON: inactive players will automatically lose when time's up. (requested by katz motel)
|
|t:|1781229089
|-terastallize|p2a: Megaman|Water
|move|p1a: Ting-Lu|Ruination|p2a: Megaman
|-damage|p2a: Megaman|50/100
|move|p2a: Megaman|Surf|p1a: Ting-Lu
|-supereffective|p1a: Ting-Lu
|-damage|p1a: Ting-Lu|63/100
|
|-heal|p1a: Ting-Lu|69/100|[from] item: Leftovers
|upkeep
|turn|2
|
|t:|1781229096
|move|p1a: Ting-Lu|Stealth Rock|p2a: Megaman
|-sidestart|p2: winslowyoudog|move: Stealth Rock
|move|p2a: Megaman|Surf|p1a: Ting-Lu
|-supereffective|p1a: Ting-Lu
|-damage|p1a: Ting-Lu|36/100
|
|-heal|p1a: Ting-Lu|42/100|[from] item: Leftovers
|upkeep
|turn|3
|
|t:|1781229104
|switch|p1a: Ogerpon|Ogerpon, F|100/100
|move|p2a: Megaman|Surf|p1a: Ogerpon
|-resisted|p1a: Ogerpon
|-damage|p1a: Ogerpon|74/100
|
|upkeep
|turn|4
|
|t:|1781229112
|switch|p2a: Hawlucha|Hawlucha, M|100/100
|-damage|p2a: Hawlucha|88/100|[from] Stealth Rock
|move|p1a: Ogerpon|Ivy Cudgel|p2a: Hawlucha
|-resisted|p2a: Hawlucha
|-damage|p2a: Hawlucha|58/100
|
|upkeep
|turn|5
|
|t:|1781229129
|switch|p1a: Gholdengo|Gholdengo|100/100
|move|p2a: Hawlucha|Swords Dance|p2a: Hawlucha
|-boost|p2a: Hawlucha|atk|2
|
|upkeep
|turn|6
|
|t:|1781229133
|switch|p2a: Indeedee|Indeedee, M|100/100
|-damage|p2a: Indeedee|88/100|[from] Stealth Rock
|-fieldstart|move: Psychic Terrain|[from] ability: Psychic Surge|[of] p2a: Indeedee
|move|p1a: Gholdengo|Make It Rain|p2a: Indeedee
|-damage|p2a: Indeedee|18/100
|-unboost|p1a: Gholdengo|spa|1
|
|upkeep
|turn|7
|
|t:|1781229139
|switch|p1a: Ting-Lu|Ting-Lu|42/100
|-ability|p1a: Ting-Lu|Vessel of Ruin
|switch|p2a: Iron Treads|Iron Treads|100/100
|-damage|p2a: Iron Treads|97/100|[from] Stealth Rock
|-item|p2a: Iron Treads|Air Balloon
|
|-heal|p1a: Ting-Lu|48/100|[from] item: Leftovers
|upkeep
|turn|8
|
|t:|1781229148
|switch|p1a: Gholdengo|Gholdengo|100/100
|move|p2a: Iron Treads|Earthquake|p1a: Gholdengo
|-supereffective|p1a: Gholdengo
|-damage|p1a: Gholdengo|0 fnt
|faint|p1a: Gholdengo
|
|upkeep
|
|t:|1781229153
|switch|p1a: Walking Wake|Walking Wake|100/100
|turn|9
|
|t:|1781229161
|-end|p2a: Iron Treads|Quark Drive|[silent]
|switch|p2a: Hatterene|Hatterene, F|100/100
|-damage|p2a: Hatterene|88/100|[from] Stealth Rock
|move|p1a: Walking Wake|Surf|p2a: Hatterene
|-damage|p2a: Hatterene|43/100
|-enditem|p2a: Hatterene|Eject Button
|
|t:|1781229168
|switch|p2a: Hawlucha|Hawlucha, M|58/100
|-damage|p2a: Hawlucha|46/100|[from] Stealth Rock
|-enditem|p2a: Hawlucha|Psychic Seed
|-boost|p2a: Hawlucha|spd|1|[from] item: Psychic Seed
|
|upkeep
|turn|10
|
|t:|1781229185
|move|p2a: Hawlucha|Acrobatics|p1a: Walking Wake
|-damage|p1a: Walking Wake|49/100
|move|p1a: Walking Wake|Draco Meteor|p2a: Hawlucha
|-damage|p2a: Hawlucha|0 fnt
|-unboost|p1a: Walking Wake|spa|2
|faint|p2a: Hawlucha
|
|upkeep
|
|t:|1781229189
|switch|p2a: Megaman|Slowbro-Galar, F, tera:Water|50/100
|-damage|p2a: Megaman|38/100|[from] Stealth Rock
|turn|11
|
|t:|1781229192
|move|p1a: Walking Wake|Flip Turn|p2a: Megaman
|-resisted|p2a: Megaman
|-damage|p2a: Megaman|31/100
|
|t:|1781229194
|-end|p1a: Walking Wake|Protosynthesis|[silent]
|switch|p1a: Ogerpon|Ogerpon, F|74/100|[from] Flip Turn
|move|p2a: Megaman|Nasty Plot|p2a: Megaman
|-boost|p2a: Megaman|spa|2
|
|upkeep
|turn|12
|-activate|p2a: Megaman|item: Quick Claw
|
|t:|1781229197
|move|p2a: Megaman|Flamethrower|p1a: Ogerpon
|-supereffective|p1a: Ogerpon
|-damage|p1a: Ogerpon|0 fnt
|faint|p1a: Ogerpon
|
|upkeep
|
|t:|1781229207
|switch|p1a: Walking Wake|Walking Wake|49/100
|turn|13
|-activate|p2a: Megaman|ability: Quick Draw
|
|t:|1781229210
|move|p2a: Megaman|Expanding Force|p1a: Walking Wake
|-damage|p1a: Walking Wake|0 fnt
|faint|p1a: Walking Wake
|-end|p1a: Walking Wake|Protosynthesis|[silent]
|
|-fieldend|move: Psychic Terrain
|upkeep
|
|t:|1781229224
|switch|p1a: Dragonite|Dragonite, M|100/100
|turn|14
|-activate|p2a: Megaman|item: Quick Claw
|
|t:|1781229228
|move|p2a: Megaman|Expanding Force|p1a: Dragonite
|-damage|p1a: Dragonite|60/100
|move|p1a: Dragonite|Dragon Dance|p1a: Dragonite
|-boost|p1a: Dragonite|atk|1
|-boost|p1a: Dragonite|spe|1
|
|upkeep
|turn|15
|
|t:|1781229231
|move|p1a: Dragonite|Roost|p1a: Dragonite
|-heal|p1a: Dragonite|100/100
|-singleturn|p1a: Dragonite|move: Roost
|move|p2a: Megaman|Expanding Force|p1a: Dragonite
|-damage|p1a: Dragonite|61/100
|
|upkeep
|turn|16
|-activate|p2a: Megaman|ability: Quick Draw
|
|t:|1781229235
|move|p2a: Megaman|Expanding Force|p1a: Dragonite
|-damage|p1a: Dragonite|0 fnt
|faint|p1a: Dragonite
|
|upkeep
|-message|katz motel forfeited.
|
|win|winslowyoudog
|raw|katz motel's rating: 1569 &rarr; <strong>1553</strong><br />(-16 for losing)
|raw|winslowyoudog's rating: 1643 &rarr; <strong>1659</strong><br />(+16 for winning)
|l|☆katz motel
|player|p1|
