|j|☆ykykp
|j|☆Yujiro-Jamon
|t:|1781194938
|gametype|singles
|player|p1|ykykp|102|1659
|player|p2|Yujiro-Jamon|alder|1573
|gen|9
|tier|[Gen 9] OU
|rated|
|rule|HP Percentage Mod: HP is shown in percentages
|rule|Endless Battle Clause: Forcing endless battles is banned
|rule|Species Clause: Limit one of each Pokémon
|rule|OHKO Clause: OHKO moves are banned
|rule|Evasion Items Clause: Evasion items are banned
|rule|Evasion Moves Clause: Evasion moves are banned
|rule|Evasion Abilities Clause: Evasion abilities are banned
|rule|Sleep Moves Clause: Sleep-inducing moves are banned
|clearpoke
|poke|p1|Iron Valiant|
|poke|p1|Pecharunt|
|poke|p1|Alomomola, M|
|poke|p1|Cinderace, F|
|poke|p1|Zamazenta-*|
|poke|p1|Deoxys-Speed|
|poke|p2|Deoxys-Speed|
|poke|p2|Clefable, F|
|poke|p2|Conkeldurr, M|
|poke|p2|Blaziken, M|
|poke|p2|Ting-Lu|
|poke|p2|Corviknight, F|
|teampreview
|inactive|Battle timer is ON: inactive players will automatically lose when time's up. (requested by ykykp)
|
|t:|1781194955
|teamsize|p1|6
|teamsize|p2|6
|start
|switch|p1a: Deoxys|Deoxys-Speed|100/100
|switch|p2a: Conkeldurr|Conkeldurr, M|100/100
|-ability|p1a: Deoxys|Pressure
|turn|1
|
|t:|1781194958
|-terastallize|p2a: Conkeldurr|Dark
|move|p1a: Deoxys|Psycho Boost|p2a: Conkeldurr
|-immune|p2a: Conkeldurr
|move|p2a: Conkeldurr|Knock Off|p1a: Deoxys
|-supereffective|p1a: Deoxys
|-damage|p1a: Deoxys|0 fnt
|-enditem|p1a: Deoxys|Life Orb|[from] move: Knock Off|[of] p2a: Conkeldurr
|faint|p1a: Deoxys
|
|upkeep
|
|t:|1781194965
|switch|p1a: Iron Valiant|Iron Valiant|100/100
|turn|2
|
|t:|1781194970
|switch|p2a: Clefable|Clefable, F|100/100
|move|p1a: Iron Valiant|Thunderbolt|p2a: Clefable
|-damage|p2a: Clefable|73/100
|
|-heal|p2a: Clefable|79/100|[from] item: Leftovers
|upkeep
|turn|3
|
|t:|1781194974
|-end|p1a: Iron Valiant|Quark Drive|[silent]
|switch|p1a: Pecharunt|Pecharunt|100/100
|move|p2a: Clefable|Moonblast|p1a: Pecharunt
|-resisted|p1a: Pecharunt
|-damage|p1a: Pecharunt|85/100
|
|-heal|p2a: Clefable|86/100|[from] item: Leftovers
|upkeep
|turn|4
|
|t:|1781194977
|switch|p2a: Corviknight|Corviknight, F|100/100
|move|p1a: Pecharunt|Parting Shot|p2a: Corviknight
|-ability|p2a: Corviknight|Mirror Armor
|-unboost|p1a: Pecharunt|atk|1
|-ability|p2a: Corviknight|Mirror Armor
|-unboost|p1a: Pecharunt|spa|1
|
|t:|1781194990
|switch|p1a: Cinderace|Cinderace, F|100/100|[from] Parting Shot
|
|upkeep
|turn|5
|
|t:|1781194999
|switch|p2a: Ting-Lu|Ting-Lu|100/100
|-ability|p2a: Ting-Lu|Vessel of Ruin
|move|p1a: Cinderace|Pyro Ball|p2a: Ting-Lu
|-damage|p2a: Ting-Lu|74/100
|
|-heal|p2a: Ting-Lu|80/100|[from] item: Leftovers
|upkeep
|turn|6
|
|t:|1781195003
|move|p1a: Cinderace|U-turn|p2a: Ting-Lu
|-start|p1a: Cinderace|typechange|Bug|[from] ability: Libero
|-supereffective|p2a: Ting-Lu
|-damage|p2a: Ting-Lu|50/100
|
|t:|1781195006
|switch|p1a: Iron Valiant|Iron Valiant|100/100|[from] U-turn
|move|p2a: Ting-Lu|Stealth Rock|p1a: Iron Valiant
|-sidestart|p1: ykykp|move: Stealth Rock
|
|-heal|p2a: Ting-Lu|56/100|[from] item: Leftovers
|upkeep
|turn|7
|
|t:|1781195012
|switch|p2a: Clefable|Clefable, F|86/100
|move|p1a: Iron Valiant|Moonblast|p2a: Clefable
|-damage|p2a: Clefable|41/100
|
|-heal|p2a: Clefable|47/100|[from] item: Leftovers
|upkeep
|turn|8
|
|t:|1781195020
|-terastallize|p1a: Iron Valiant|Fairy
|move|p2a: Clefable|Protect|p2a: Clefable
|-singleturn|p2a: Clefable|Protect
|move|p1a: Iron Valiant|Moonblast|p2a: Clefable
|-activate|p2a: Clefable|move: Protect
|
|-heal|p2a: Clefable|54/100|[from] item: Leftovers
|upkeep
|turn|9
|
|t:|1781195029
|move|p1a: Iron Valiant|Moonblast|p2a: Clefable
|-damage|p2a: Clefable|0 fnt
|faint|p2a: Clefable
|
|upkeep
|
|t:|1781195033
|switch|p2a: Corviknight|Corviknight, F|100/100
|turn|10
|
|t:|1781195036
|-end|p1a: Iron Valiant|Quark Drive|[silent]
|switch|p1a: Cinderace|Cinderace, F|100/100
|move|p2a: Corviknight|Iron Head|p1a: Cinderace
|-resisted|p1a: Cinderace
|-damage|p1a: Cinderace|85/100
|
|upkeep
|turn|11
|
|t:|1781195040
|switch|p2a: Blaziken|Blaziken, M|100/100
|move|p1a: Cinderace|Court Change|p1a: Cinderace
|-start|p1a: Cinderace|typechange|Normal|[from] ability: Libero
|-swapsideconditions
|-activate|p1a: Cinderace|move: Court Change
|
|upkeep
|turn|12
|
|t:|1781195042
|move|p1a: Cinderace|U-turn|p2a: Blaziken
|-resisted|p2a: Blaziken
|-damage|p2a: Blaziken|91/100
|
|t:|1781195044
|switch|p1a: Pecharunt|Pecharunt|85/100|[from] U-turn
|move|p2a: Blaziken|Swords Dance|p2a: Blaziken
|-boost|p2a: Blaziken|atk|2
|
|-heal|p2a: Blaziken|97/100|[from] item: Leftovers
|-ability|p2a: Blaziken|Speed Boost|boost
|-boost|p2a: Blaziken|spe|1
|upkeep
|turn|13
|
|t:|1781195047
|move|p2a: Blaziken|Flare Blitz|p1a: Pecharunt
|-damage|p1a: Pecharunt|21/100
|-damage|p2a: Blaziken|70/100|[from] Recoil
|move|p1a: Pecharunt|Malignant Chain|p2a: Blaziken
|-damage|p2a: Blaziken|24/100
|-status|p2a: Blaziken|tox
|-start|p2a: Blaziken|confusion|[from] ability: Poison Puppeteer|[of] p1a: Pecharunt
|
|-heal|p2a: Blaziken|30/100 tox|[from] item: Leftovers
|-damage|p2a: Blaziken|24/100 tox|[from] psn
|-ability|p2a: Blaziken|Speed Boost|boost
|-boost|p2a: Blaziken|spe|1
|upkeep
|turn|14
|
|t:|1781195051
|-activate|p2a: Blaziken|confusion
|move|p2a: Blaziken|Flare Blitz|p1a: Pecharunt
|-damage|p1a: Pecharunt|0 fnt
|faint|p1a: Pecharunt
|-damage|p2a: Blaziken|15/100 tox|[from] Recoil
|
|-heal|p2a: Blaziken|21/100 tox|[from] item: Leftovers
|-damage|p2a: Blaziken|9/100 tox|[from] psn
|-ability|p2a: Blaziken|Speed Boost|boost
|-boost|p2a: Blaziken|spe|1
|upkeep
|
|t:|1781195057
|switch|p1a: Cinderace|Cinderace, F|85/100
|turn|15
|
|t:|1781195061
|move|p1a: Cinderace|Sucker Punch|p2a: Blaziken
|-start|p1a: Cinderace|typechange|Dark|[from] ability: Libero
|-resisted|p2a: Blaziken
|-damage|p2a: Blaziken|0 fnt
|faint|p2a: Blaziken
|
|upkeep
|
|t:|1781195064
|switch|p2a: Conkeldurr|Conkeldurr, M, tera:Dark|100/100
|-damage|p2a: Conkeldurr|88/100|[from] Stealth Rock
|turn|16
|
|t:|1781195070
|move|p1a: Cinderace|U-turn|p2a: Conkeldurr
|-supereffective|p2a: Conkeldurr
|-damage|p2a: Conkeldurr|52/100
|
|t:|1781195072
|switch|p1a: Zamazenta|Zamazenta|100/100|[from] U-turn
|-ability|p1a: Zamazenta|Dauntless Shield|boost
|-boost|p1a: Zamazenta|def|1
|move|p2a: Conkeldurr|Knock Off|p1a: Zamazenta
|-resisted|p1a: Zamazenta
|-damage|p1a: Zamazenta|81/100
|-enditem|p1a: Zamazenta|Choice Band|[from] move: Knock Off|[of] p2a: Conkeldurr
|
|upkeep
|turn|17
|
|t:|1781195077
|switch|p2a: Deoxys|Deoxys-Speed|100/100
|-damage|p2a: Deoxys|88/100|[from] Stealth Rock
|-ability|p2a: Deoxys|Pressure
|move|p1a: Zamazenta|Close Combat|p2a: Deoxys
|-resisted|p2a: Deoxys
|-damage|p2a: Deoxys|51/100
|-unboost|p1a: Zamazenta|def|1
|-unboost|p1a: Zamazenta|spd|1
|
|-heal|p2a: Deoxys|57/100|[from] item: Leftovers
|upkeep
|turn|18
|
|t:|1781195082
|switch|p1a: Alomomola|Alomomola, M|100/100
|move|p2a: Deoxys|Psychic|p1a: Alomomola
|-damage|p1a: Alomomola|78/100
|-unboost|p1a: Alomomola|spd|1
|
|-heal|p2a: Deoxys|63/100|[from] item: Leftovers
|upkeep
|turn|19
|
|t:|1781195088
|move|p2a: Deoxys|Nasty Plot|p2a: Deoxys
|-boost|p2a: Deoxys|spa|2
|move|p1a: Alomomola|Flip Turn|p2a: Deoxys
|-damage|p2a: Deoxys|44/100
|
|t:|1781195091
|switch|p1a: Cinderace|Cinderace, F|85/100|[from] Flip Turn
|
|-heal|p2a: Deoxys|50/100|[from] item: Leftovers
|upkeep
|turn|20
|
|t:|1781195094
|move|p2a: Deoxys|Nasty Plot|p2a: Deoxys
|-boost|p2a: Deoxys|spa|2
|move|p1a: Cinderace|U-turn|p2a: Deoxys
|-start|p1a: Cinderace|typechange|Bug|[from] ability: Libero
|-supereffective|p2a: Deoxys
|-damage|p2a: Deoxys|0 fnt
|faint|p2a: Deoxys
|-message|Yujiro-Jamon forfeited.
|
|win|ykykp
|raw|ykykp's rating: 1659 &rarr; <strong>1674</strong><br />(+15 for winning)
|raw|Yujiro-Jamon's rating: 1573 &rarr; <strong>1558</strong><br />(-15 for losing)
|l|☆Yujiro-Jamon
|player|p2|
|l|☆ykykp
|player|p1|
