|j|☆Jet Pilot Skyla
|j|☆mastersannin
|t:|1781099098
|gametype|singles
|player|p1|Jet Pilot Skyla|skyla|1560
|player|p2|mastersannin|169|1563
|gen|9
|tier|[Gen 9] OU
|rated|
|rule|HP Percentage Mod: HP is shown in percentages
|rule|Endless Battle Clause: Forcing endless battles is banned
|rule|Species Clause: Limit one of each Pokémon
|rule|OHKO Clause: OHKO moves are banned
|rule|Evasion Items Clause: Evasion items are banned
|rule|Evasion Moves Clause: Evasion moves are banned
|rule|Evasion Abilities Clause: Evasion abilities are banned
|rule|Sleep Moves Clause: Sleep-inducing moves are banned
|clearpoke
|poke|p1|Porygon-Z|
|poke|p1|Lokix, M|
|poke|p1|Cinderace, M|
|poke|p1|Great Tusk|
|poke|p1|Slowking-Galar, M|
|poke|p1|Alomomola, M|
|poke|p2|Samurott-Hisui, M|
|poke|p2|Zapdos|
|poke|p2|Iron Treads|
|poke|p2|Ceruledge, M|
|poke|p2|Gholdengo|
|poke|p2|Kingambit, M|
|teampreview
|inactive|Battle timer is ON: inactive players will automatically lose when time's up. (requested by mastersannin)
|inactive|Jet Pilot Skyla also wants the timer to be on.
|
|t:|1781099108
|teamsize|p1|6
|teamsize|p2|6
|start
|switch|p1a: Blep|Lokix, M|100/100
|switch|p2a: Zapdos|Zapdos|100/100
|turn|1
|
|t:|1781099118
|switch|p1a: Brain Damage|Slowking-Galar, M|100/100
|move|p2a: Zapdos|Thunder Wave|p1a: Brain Damage
|-status|p1a: Brain Damage|par
|
|upkeep
|turn|2
|
|t:|1781099123
|move|p2a: Zapdos|Volt Switch|p1a: Brain Damage
|-damage|p1a: Brain Damage|76/100 par
|
|t:|1781099125
|switch|p2a: Samurott|Samurott-Hisui, M|100/100|[from] Volt Switch
|-prepare|p1a: Brain Damage|Chilly Reception|[premajor]
|cant|p1a: Brain Damage|par
|
|upkeep
|turn|3
|
|t:|1781099130
|move|p2a: Samurott|Ceaseless Edge|p1a: Brain Damage
|-supereffective|p1a: Brain Damage
|-enditem|p1a: Brain Damage|Colbur Berry|[eat]
|-enditem|p1a: Brain Damage|Colbur Berry|[weaken]
|-damage|p1a: Brain Damage|47/100 par
|-sidestart|p1: Jet Pilot Skyla|Spikes
|-prepare|p1a: Brain Damage|Chilly Reception|[premajor]
|move|p1a: Brain Damage|Chilly Reception|p1a: Brain Damage
|-weather|Snowscape
|
|t:|1781099133
|switch|p1a: Blep|Lokix, M|100/100|[from] Chilly Reception
|-damage|p1a: Blep|88/100|[from] Spikes
|
|-weather|Snowscape|[upkeep]
|upkeep
|turn|4
|
|t:|1781099138
|switch|p2a: Zapdos|Zapdos|100/100
|move|p1a: Blep|Leech Life|p2a: Zapdos
|-resisted|p2a: Zapdos
|-damage|p2a: Zapdos|61/100
|-heal|p1a: Blep|100/100|[from] drain|[of] p2a: Zapdos
|
|-weather|Snowscape|[upkeep]
|upkeep
|turn|5
|
|t:|1781099146
|switch|p1a: Brain Damage|Slowking-Galar, M|80/100 par
|-damage|p1a: Brain Damage|67/100 par|[from] Spikes
|move|p2a: Zapdos|Volt Switch|p1a: Brain Damage
|-damage|p1a: Brain Damage|43/100 par
|
|t:|1781099149
|switch|p2a: Samurott|Samurott-Hisui, M|100/100|[from] Volt Switch
|
|-weather|Snowscape|[upkeep]
|upkeep
|turn|6
|
|t:|1781099152
|switch|p1a: Blep|Lokix, M|100/100
|-damage|p1a: Blep|88/100|[from] Spikes
|move|p2a: Samurott|Ceaseless Edge|p1a: Blep
|-resisted|p1a: Blep
|-damage|p1a: Blep|59/100
|-sidestart|p1: Jet Pilot Skyla|Spikes
|
|-weather|Snowscape|[upkeep]
|upkeep
|turn|7
|
|t:|1781099156
|-terastallize|p2a: Samurott|Poison
|move|p1a: Blep|Leech Life|p2a: Samurott
|-resisted|p2a: Samurott
|-damage|p2a: Samurott|33/100
|-heal|p1a: Blep|100/100|[from] drain|[of] p2a: Samurott
|move|p2a: Samurott|Razor Shell|p1a: Blep
|-damage|p1a: Blep|33/100
|
|-weather|none
|upkeep
|turn|8
|
|t:|1781099166
|move|p2a: Samurott|Sucker Punch|p1a: Blep
|-resisted|p1a: Blep
|-damage|p1a: Blep|8/100
|move|p1a: Blep|Leech Life|p2a: Samurott
|-resisted|p2a: Samurott
|-damage|p2a: Samurott|0 fnt
|-heal|p1a: Blep|31/100|[from] drain|[of] p2a: Samurott
|faint|p2a: Samurott
|
|upkeep
|
|t:|1781099171
|switch|p2a: Ceruledge|Ceruledge, M|100/100
|turn|9
|
|t:|1781099174
|switch|p1a: da Fish|Alomomola, M|100/100
|-damage|p1a: da Fish|84/100|[from] Spikes
|move|p2a: Ceruledge|Swords Dance|p2a: Ceruledge
|-boost|p2a: Ceruledge|atk|2
|
|upkeep
|turn|10
|
|t:|1781099179
|move|p2a: Ceruledge|Poltergeist|p1a: da Fish|[miss]
|-miss|p2a: Ceruledge|p1a: da Fish
|move|p1a: da Fish|Flip Turn|p2a: Ceruledge
|-supereffective|p2a: Ceruledge
|-damage|p2a: Ceruledge|63/100
|-ability|p2a: Ceruledge|Weak Armor|boost
|-unboost|p2a: Ceruledge|def|1
|-boost|p2a: Ceruledge|spe|2
|
|t:|1781099186
|switch|p1a: Blep|Lokix, M|31/100|[from] Flip Turn
|-damage|p1a: Blep|14/100|[from] Spikes
|
|upkeep
|turn|11
|
|t:|1781099192
|switch|p2a: Zapdos|Zapdos|61/100
|move|p1a: Blep|First Impression|p2a: Zapdos
|-resisted|p2a: Zapdos
|-damage|p2a: Zapdos|17/100
|-status|p1a: Blep|par|[from] ability: Static|[of] p2a: Zapdos
|
|upkeep
|turn|12
|
|t:|1781099196
|switch|p1a: Brain Damage|Slowking-Galar, M|76/100 par
|-damage|p1a: Brain Damage|60/100 par|[from] Spikes
|move|p2a: Zapdos|Roost|p2a: Zapdos
|-heal|p2a: Zapdos|68/100
|-singleturn|p2a: Zapdos|move: Roost
|
|upkeep
|turn|13
|
|t:|1781099200
|move|p2a: Zapdos|Volt Switch|p1a: Brain Damage
|-damage|p1a: Brain Damage|35/100 par
|
|t:|1781099203
|switch|p2a: Ceruledge|Ceruledge, M|63/100|[from] Volt Switch
|-prepare|p1a: Brain Damage|Chilly Reception|[premajor]
|move|p1a: Brain Damage|Chilly Reception|p1a: Brain Damage
|-weather|Snowscape
|
|t:|1781099207
|switch|p1a: Cheese Hater|Great Tusk|100/100|[from] Chilly Reception
|
|-weather|Snowscape|[upkeep]
|upkeep
|turn|14
|
|t:|1781099210
|switch|p2a: Gholdengo|Gholdengo|100/100
|-item|p2a: Gholdengo|Air Balloon
|move|p1a: Cheese Hater|Headlong Rush|p2a: Gholdengo
|-immune|p2a: Gholdengo
|
|-weather|Snowscape|[upkeep]
|upkeep
|turn|15
|
|t:|1781099214
|-end|p1a: Cheese Hater|Protosynthesis|[silent]
|switch|p1a: da Fish|Alomomola, M|100/100
|-damage|p1a: da Fish|84/100|[from] Spikes
|move|p2a: Gholdengo|Focus Blast|p1a: da Fish|[miss]
|-miss|p2a: Gholdengo|p1a: da Fish
|
|-weather|Snowscape|[upkeep]
|upkeep
|turn|16
|
|t:|1781099218
|move|p2a: Gholdengo|Thunder Wave|p1a: da Fish|[miss]
|-miss|p2a: Gholdengo|p1a: da Fish
|move|p1a: da Fish|Wish|p1a: da Fish
|
|-weather|Snowscape|[upkeep]
|upkeep
|turn|17
|
|t:|1781099223
|move|p2a: Gholdengo|Thunder Wave|p1a: da Fish
|-status|p1a: da Fish|par
|cant|p1a: da Fish|par
|
|-weather|none
|-heal|p1a: da Fish|100/100 par|[from] move: Wish|[wisher] da Fish
|upkeep
|turn|18
|
|t:|1781099230
|switch|p1a: Cheese Hater|Great Tusk|100/100
|move|p2a: Gholdengo|Hex|p1a: Cheese Hater
|-damage|p1a: Cheese Hater|57/100
|
|upkeep
|turn|19
|
|t:|1781099236
|move|p1a: Cheese Hater|Ice Spinner|p2a: Gholdengo
|-resisted|p2a: Gholdengo
|-damage|p2a: Gholdengo|91/100
|-enditem|p2a: Gholdengo|Air Balloon
|move|p2a: Gholdengo|Hex|p1a: Cheese Hater
|-damage|p1a: Cheese Hater|14/100
|
|upkeep
|turn|20
|
|t:|1781099239
|move|p1a: Cheese Hater|Headlong Rush|p2a: Gholdengo
|-supereffective|p2a: Gholdengo
|-damage|p2a: Gholdengo|0 fnt
|-unboost|p1a: Cheese Hater|def|1
|-unboost|p1a: Cheese Hater|spd|1
|faint|p2a: Gholdengo
|
|upkeep
|
|t:|1781099243
|switch|p2a: Iron Treads|Iron Treads|100/100
|turn|21
|
|t:|1781099249
|-end|p1a: Cheese Hater|Protosynthesis|[silent]
|switch|p1a: da Fish|Alomomola, M|100/100 par
|-damage|p1a: da Fish|84/100 par|[from] Spikes
|move|p2a: Iron Treads|Rapid Spin|p1a: da Fish
|-damage|p1a: da Fish|74/100 par
|-boost|p2a: Iron Treads|spe|1
|-enditem|p1a: da Fish|Eject Button
|
|t:|1781099254
|switch|p1a: Shoop da Woop|Porygon-Z|100/100
|-damage|p1a: Shoop da Woop|84/100|[from] Spikes
|-ability|p1a: Shoop da Woop|Download|boost
|-boost|p1a: Shoop da Woop|spa|1
|
|upkeep
|turn|22
|
|t:|1781099261
|move|p2a: Iron Treads|Stealth Rock|p1a: Shoop da Woop
|-sidestart|p1: Jet Pilot Skyla|move: Stealth Rock
|move|p1a: Shoop da Woop|Tri Attack|p2a: Iron Treads
|-resisted|p2a: Iron Treads
|-damage|p2a: Iron Treads|29/100
|
|-heal|p2a: Iron Treads|35/100|[from] item: Leftovers
|upkeep
|turn|23
|
|t:|1781099267
|move|p2a: Iron Treads|Earthquake|p1a: Shoop da Woop
|-damage|p1a: Shoop da Woop|18/100
|move|p1a: Shoop da Woop|Tri Attack|p2a: Iron Treads
|-resisted|p2a: Iron Treads
|-crit|p2a: Iron Treads
|-damage|p2a: Iron Treads|0 fnt
|faint|p2a: Iron Treads
|-end|p2a: Iron Treads|Quark Drive|[silent]
|
|upkeep
|
|t:|1781099271
|switch|p2a: Ceruledge|Ceruledge, M|63/100
|turn|24
|
|t:|1781099273
|switch|p1a: da Fish|Alomomola, M|100/100 par
|-damage|p1a: da Fish|84/100 par|[from] Spikes
|-damage|p1a: da Fish|71/100 par|[from] Stealth Rock
|move|p2a: Ceruledge|Swords Dance|p2a: Ceruledge
|-boost|p2a: Ceruledge|atk|2
|
|upkeep
|turn|25
|
|t:|1781099283
|move|p2a: Ceruledge|Bitter Blade|p1a: da Fish
|-resisted|p1a: da Fish
|-damage|p1a: da Fish|39/100 par
|-heal|p2a: Ceruledge|84/100|[from] drain|[of] p1a: da Fish
|cant|p1a: da Fish|par
|
|upkeep
|turn|26
|
|t:|1781099288
|move|p2a: Ceruledge|Swords Dance|p2a: Ceruledge
|-boost|p2a: Ceruledge|atk|2
|move|p1a: da Fish|Wish|p1a: da Fish
|
|upkeep
|turn|27
|
|t:|1781099291
|move|p2a: Ceruledge|Bitter Blade|p1a: da Fish
|-resisted|p1a: da Fish
|-damage|p1a: da Fish|0 fnt
|-heal|p2a: Ceruledge|100/100|[from] drain|[of] p1a: da Fish
|faint|p1a: da Fish
|
|upkeep
|-message|Jet Pilot Skyla forfeited.
|
|win|mastersannin
|raw|Jet Pilot Skyla's rating: 1560 &rarr; <strong>1540</strong><br />(-20 for losing)
|raw|mastersannin's rating: 1563 &rarr; <strong>1583</strong><br />(+20 for winning)
|l|☆Jet Pilot Skyla
|player|p1|
|l|☆mastersannin
|player|p2|
