|j|☆shockmoth
|j|☆ykykp
|t:|1781244780
|gametype|singles
|player|p1|shockmoth|169|1732
|player|p2|ykykp|1|1736
|gen|9
|tier|[Gen 9] OU
|rated|
|rule|HP Percentage Mod: HP is shown in percentages
|rule|Endless Battle Clause: Forcing endless battles is banned
|rule|Species Clause: Limit one of each Pokémon
|rule|OHKO Clause: OHKO moves are banned
|rule|Evasion Items Clause: Evasion items are banned
|rule|Evasion Moves Clause: Evasion moves are banned
|rule|Evasion Abilities Clause: Evasion abilities are banned
|rule|Sleep Moves Clause: Sleep-inducing moves are banned
|clearpoke
|poke|p1|Frosmoth, F|
|poke|p1|Pincurchin, F|
|poke|p1|Raichu-Alola, F|
|poke|p1|Iron Hands|
|poke|p1|Rotom-Wash|
|poke|p1|Pawmot, F|
|poke|p2|Iron Valiant|
|poke|p2|Pecharunt|
|poke|p2|Alomomola, M|
|poke|p2|Cinderace, M|
|poke|p2|Zamazenta-*|
|poke|p2|Deoxys-Speed|
|teampreview
|inactive|Battle timer is ON: inactive players will automatically lose when time's up. (requested by ykykp)
|inactive|shockmoth has 120 seconds left.
|
|t:|1781244816
|teamsize|p1|6
|teamsize|p2|6
|start
|switch|p1a: OH YEAH!!! YEAH!!|Pincurchin, F|100/100
|switch|p2a: Deoxys|Deoxys-Speed|100/100
|-ability|p2a: Deoxys|Pressure
|-fieldstart|move: Electric Terrain|[from] ability: Electric Surge|[of] p1a: OH YEAH!!! YEAH!!
|turn|1
|
|t:|1781244826
|move|p2a: Deoxys|Psycho Boost|p1a: OH YEAH!!! YEAH!!
|-damage|p1a: OH YEAH!!! YEAH!!|0 fnt
|-unboost|p2a: Deoxys|spa|2
|faint|p1a: OH YEAH!!! YEAH!!
|-damage|p2a: Deoxys|91/100|[from] item: Life Orb
|
|upkeep
|
|t:|1781244828
|switch|p1a: Surf's Up (2007)|Raichu-Alola, F|100/100
|turn|2
|
|t:|1781244834
|move|p1a: Surf's Up (2007)|Volt Switch|p2a: Deoxys
|-damage|p2a: Deoxys|0 fnt
|faint|p2a: Deoxys
|
|t:|1781244839
|switch|p1a: William O' Wisp|Rotom-Wash|100/100|[from] Volt Switch
|
|upkeep
|
|t:|1781244846
|switch|p2a: Iron Valiant|Iron Valiant|100/100
|-activate|p2a: Iron Valiant|ability: Quark Drive
|-start|p2a: Iron Valiant|quarkdrivespe
|turn|3
|
|t:|1781244849
|-terastallize|p2a: Iron Valiant|Fairy
|move|p2a: Iron Valiant|Moonblast|p1a: William O' Wisp
|-damage|p1a: William O' Wisp|0 fnt
|faint|p1a: William O' Wisp
|
|upkeep
|
|t:|1781244851
|switch|p1a: Surf's Up (2007)|Raichu-Alola, F|100/100
|turn|4
|
|t:|1781244860
|-end|p2a: Iron Valiant|Quark Drive|[silent]
|switch|p2a: Pecharunt|Pecharunt|100/100
|move|p1a: Surf's Up (2007)|Volt Switch|p2a: Pecharunt
|-damage|p2a: Pecharunt|36/100
|
|t:|1781244869
|switch|p1a: Evanescence|Pawmot, F|100/100|[from] Volt Switch
|
|upkeep
|turn|5
|
|t:|1781244876
|move|p1a: Evanescence|Nuzzle|p2a: Pecharunt
|-damage|p2a: Pecharunt|31/100
|-status|p2a: Pecharunt|par
|move|p2a: Pecharunt|Parting Shot|p1a: Evanescence
|-unboost|p1a: Evanescence|atk|1
|-unboost|p1a: Evanescence|spa|1
|
|t:|1781244882
|switch|p2a: Iron Valiant|Iron Valiant, tera:Fairy|100/100|[from] Parting Shot
|-activate|p2a: Iron Valiant|ability: Quark Drive
|-start|p2a: Iron Valiant|quarkdrivespe
|
|upkeep
|turn|6
|
|t:|1781244884
|switch|p1a: Finger Eleven|Frosmoth, F, shiny|100/100
|move|p2a: Iron Valiant|Moonblast|p1a: Finger Eleven
|-damage|p1a: Finger Eleven|40/100
|
|upkeep
|turn|7
|
|t:|1781244886
|move|p2a: Iron Valiant|Moonblast|p1a: Finger Eleven
|-damage|p1a: Finger Eleven|0 fnt
|faint|p1a: Finger Eleven
|
|upkeep
|
|t:|1781244888
|switch|p1a: Surf's Up (2007)|Raichu-Alola, F|100/100
|turn|8
|
|t:|1781244891
|switch|p1a: Evanescence|Pawmot, F|100/100
|-end|p2a: Iron Valiant|Quark Drive|[silent]
|switch|p2a: Pecharunt|Pecharunt|31/100 par
|
|-fieldend|move: Electric Terrain
|upkeep
|turn|9
|
|t:|1781244896
|switch|p2a: Iron Valiant|Iron Valiant, tera:Fairy|100/100
|move|p1a: Evanescence|Revival Blessing|p1a: Evanescence
|-enditem|p1a: Evanescence|Leppa Berry|[eat]
|-activate|p1a: Evanescence|item: Leppa Berry|Revival Blessing|[consumed]
|
|t:|1781244898
|-heal|p1: OH YEAH!!! YEAH!!|50/100|[from] move: Revival Blessing
|
|upkeep
|turn|10
|
|t:|1781244900
|switch|p1a: OH YEAH!!! YEAH!!|Pincurchin, F|50/100
|-fieldstart|move: Electric Terrain|[from] ability: Electric Surge|[of] p1a: OH YEAH!!! YEAH!!
|-activate|p2a: Iron Valiant|ability: Quark Drive
|-start|p2a: Iron Valiant|quarkdrivespe
|move|p2a: Iron Valiant|Moonblast|p1a: OH YEAH!!! YEAH!!
|-damage|p1a: OH YEAH!!! YEAH!!|0 fnt
|faint|p1a: OH YEAH!!! YEAH!!
|
|upkeep
|
|t:|1781244907
|switch|p1a: Surf's Up (2007)|Raichu-Alola, F|100/100
|turn|11
|
|t:|1781244912
|-end|p2a: Iron Valiant|Quark Drive|[silent]
|switch|p2a: Pecharunt|Pecharunt|31/100 par
|move|p1a: Surf's Up (2007)|Volt Switch|p2a: Pecharunt
|-damage|p2a: Pecharunt|0 fnt
|faint|p2a: Pecharunt
|
|t:|1781244914
|switch|p1a: Iron Deficiency|Iron Hands|100/100|[from] Volt Switch
|-activate|p1a: Iron Deficiency|ability: Quark Drive
|-start|p1a: Iron Deficiency|quarkdriveatk
|
|upkeep
|
|t:|1781244917
|switch|p2a: Iron Valiant|Iron Valiant, tera:Fairy|100/100
|-activate|p2a: Iron Valiant|ability: Quark Drive
|-start|p2a: Iron Valiant|quarkdrivespe
|turn|12
|
|t:|1781244919
|move|p2a: Iron Valiant|Moonblast|p1a: Iron Deficiency
|-supereffective|p1a: Iron Deficiency
|-damage|p1a: Iron Deficiency|0 fnt
|faint|p1a: Iron Deficiency
|-end|p1a: Iron Deficiency|Quark Drive|[silent]
|
|upkeep
|
|t:|1781244921
|switch|p1a: Surf's Up (2007)|Raichu-Alola, F|100/100
|turn|13
|
|t:|1781244925
|-end|p2a: Iron Valiant|Quark Drive|[silent]
|switch|p2a: Cinderace|Cinderace, M|100/100
|move|p1a: Surf's Up (2007)|Volt Switch|p2a: Cinderace
|-damage|p2a: Cinderace|18/100
|
|t:|1781244927
|switch|p1a: Evanescence|Pawmot, F|100/100|[from] Volt Switch
|
|upkeep
|turn|14
|
|t:|1781244934
|move|p2a: Cinderace|U-turn|p1a: Evanescence
|-start|p2a: Cinderace|typechange|Bug|[from] ability: Libero
|-resisted|p1a: Evanescence
|-damage|p1a: Evanescence|82/100
|
|t:|1781244936
|switch|p2a: Iron Valiant|Iron Valiant, tera:Fairy|100/100|[from] U-turn
|-activate|p2a: Iron Valiant|ability: Quark Drive
|-start|p2a: Iron Valiant|quarkdrivespe
|move|p1a: Evanescence|Revival Blessing|p1a: Evanescence
|
|t:|1781244938
|-heal|p1: OH YEAH!!! YEAH!!|50/100|[from] move: Revival Blessing
|
|upkeep
|turn|15
|
|t:|1781244940
|move|p1a: Evanescence|Mach Punch|p2a: Iron Valiant
|-resisted|p2a: Iron Valiant
|-damage|p2a: Iron Valiant|90/100
|move|p2a: Iron Valiant|Moonblast|p1a: Evanescence
|-supereffective|p1a: Evanescence
|-damage|p1a: Evanescence|0 fnt
|faint|p1a: Evanescence
|
|upkeep
|
|t:|1781244942
|switch|p1a: Surf's Up (2007)|Raichu-Alola, F|100/100
|turn|16
|
|t:|1781244948
|-end|p2a: Iron Valiant|Quark Drive|[silent]
|switch|p2a: Alomomola|Alomomola, M|100/100
|move|p1a: Surf's Up (2007)|Psychic Noise|p2a: Alomomola
|-damage|p2a: Alomomola|72/100
|-start|p2a: Alomomola|move: Heal Block
|
|upkeep
|turn|17
|
|t:|1781244953
|move|p1a: Surf's Up (2007)|Psychic Noise|p2a: Alomomola
|-damage|p2a: Alomomola|44/100
|move|p2a: Alomomola|Mirror Coat|p1a: Surf's Up (2007)
|-damage|p1a: Surf's Up (2007)|0 fnt
|faint|p1a: Surf's Up (2007)
|
|-end|p2a: Alomomola|move: Heal Block
|-fieldend|move: Electric Terrain
|upkeep
|c|☆shockmoth|ggwp
|-message|shockmoth forfeited.
|
|win|ykykp
|raw|shockmoth's rating: 1732 &rarr; <strong>1712</strong><br />(-20 for losing)
|raw|ykykp's rating: 1736 &rarr; <strong>1756</strong><br />(+20 for winning)
|l|☆shockmoth
|player|p1|
|c|☆ykykp|Gg
|l|☆ykykp
|player|p2|
