|j|☆Veryverymoist
|j|☆hunter098
|t:|1780951989
|gametype|singles
|player|p1|Veryverymoist|youngster-gen4dp|1515
|player|p2|hunter098|caitlin|1535
|gen|9
|tier|[Gen 9] OU
|rated|
|rule|HP Percentage Mod: HP is shown in percentages
|rule|Endless Battle Clause: Forcing endless battles is banned
|rule|Species Clause: Limit one of each Pokémon
|rule|OHKO Clause: OHKO moves are banned
|rule|Evasion Items Clause: Evasion items are banned
|rule|Evasion Moves Clause: Evasion moves are banned
|rule|Evasion Abilities Clause: Evasion abilities are banned
|rule|Sleep Moves Clause: Sleep-inducing moves are banned
|clearpoke
|poke|p1|Cloyster, M|
|poke|p1|Polteageist|
|poke|p1|Maushold|
|poke|p1|Dragonite, F|
|poke|p1|Kommo-o, M|
|poke|p1|Slither Wing|
|poke|p2|Kyurem|
|poke|p2|Slowking-Galar, F|
|poke|p2|Cinderace, M|
|poke|p2|Corviknight, M|
|poke|p2|Ting-Lu|
|poke|p2|Dondozo, M|
|teampreview
|inactive|Battle timer is ON: inactive players will automatically lose when time's up. (requested by hunter098)
|
|t:|1780952006
|teamsize|p1|6
|teamsize|p2|6
|start
|switch|p1a: Polteageist|Polteageist|100/100
|switch|p2a: What set?|Kyurem|100/100
|-ability|p2a: What set?|Pressure
|turn|1
|
|t:|1780952010
|move|p2a: What set?|Ice Beam|p1a: Polteageist
|-damage|p1a: Polteageist|16/100
|move|p1a: Polteageist|Shell Smash|p1a: Polteageist
|-unboost|p1a: Polteageist|def|1
|-unboost|p1a: Polteageist|spd|1
|-boost|p1a: Polteageist|atk|2
|-boost|p1a: Polteageist|spa|2
|-boost|p1a: Polteageist|spe|2
|
|upkeep
|turn|2
|
|t:|1780952016
|switch|p2a: Dondozo|Dondozo, M|100/100
|move|p1a: Polteageist|Giga Drain|p2a: Dondozo
|-supereffective|p2a: Dondozo
|-damage|p2a: Dondozo|63/100
|-heal|p1a: Polteageist|52/100|[from] drain|[of] p2a: Dondozo
|
|-heal|p2a: Dondozo|69/100|[from] item: Leftovers
|upkeep
|turn|3
|
|t:|1780952022
|move|p1a: Polteageist|Stored Power|p2a: Dondozo
|-damage|p2a: Dondozo|37/100
|move|p2a: Dondozo|Liquidation|p1a: Polteageist
|-damage|p1a: Polteageist|0 fnt
|faint|p1a: Polteageist
|
|-heal|p2a: Dondozo|43/100|[from] item: Leftovers
|upkeep
|inactive|Veryverymoist has 120 seconds left.
|
|t:|1780952063
|switch|p1a: Dragonite|Dragonite, F|100/100
|turn|4
|inactive|hunter098 has 120 seconds left.
|
|t:|1780952103
|move|p1a: Dragonite|Dragon Dance|p1a: Dragonite
|-boost|p1a: Dragonite|atk|1
|-boost|p1a: Dragonite|spe|1
|move|p2a: Dondozo|Rest|p2a: Dondozo
|-status|p2a: Dondozo|slp|[from] move: Rest
|-heal|p2a: Dondozo|100/100 slp|[silent]
|
|upkeep
|turn|5
|
|t:|1780952107
|move|p1a: Dragonite|Encore|p2a: Dondozo
|-start|p2a: Dondozo|Encore
|cant|p2a: Dondozo|slp
|
|upkeep
|turn|6
|
|t:|1780952121
|switch|p2a: Corviknight|Corviknight, M|100/100
|-ability|p2a: Corviknight|Pressure
|move|p1a: Dragonite|Dragon Dance|p1a: Dragonite
|-boost|p1a: Dragonite|atk|1
|-boost|p1a: Dragonite|spe|1
|
|upkeep
|turn|7
|
|t:|1780952124
|move|p1a: Dragonite|Fire Punch|p2a: Corviknight
|-supereffective|p2a: Corviknight
|-damage|p2a: Corviknight|30/100
|-damage|p1a: Dragonite|84/100|[from] item: Rocky Helmet|[of] p2a: Corviknight
|move|p2a: Corviknight|Body Press|p1a: Dragonite
|-resisted|p1a: Dragonite
|-damage|p1a: Dragonite|69/100
|
|upkeep
|turn|8
|
|t:|1780952131
|switch|p2a: Dondozo|Dondozo, M|100/100 slp
|move|p1a: Dragonite|Scale Shot|p2a: Dondozo
|-damage|p2a: Dondozo|92/100 slp
|-damage|p2a: Dondozo|83/100 slp
|-damage|p2a: Dondozo|73/100 slp
|-damage|p2a: Dondozo|65/100 slp
|-hitcount|p2a: Dondozo|4
|-unboost|p1a: Dragonite|def|1
|-boost|p1a: Dragonite|spe|1
|
|-heal|p2a: Dondozo|71/100 slp|[from] item: Leftovers
|upkeep
|turn|9
|
|t:|1780952136
|move|p1a: Dragonite|Scale Shot|p2a: Dondozo
|-damage|p2a: Dondozo|62/100 slp
|-damage|p2a: Dondozo|53/100 slp
|-damage|p2a: Dondozo|44/100 slp
|-damage|p2a: Dondozo|35/100 slp
|-crit|p2a: Dondozo
|-damage|p2a: Dondozo|23/100 slp
|-hitcount|p2a: Dondozo|5
|-unboost|p1a: Dragonite|def|1
|-boost|p1a: Dragonite|spe|1
|cant|p2a: Dondozo|slp
|move|p2a: Dondozo|Sleep Talk|p2a: Dondozo
|move|p2a: Dondozo|Liquidation|p1a: Dragonite|[from] move: Sleep Talk
|-resisted|p1a: Dragonite
|-damage|p1a: Dragonite|53/100
|
|-heal|p2a: Dondozo|29/100 slp|[from] item: Leftovers
|upkeep
|turn|10
|inactive|hunter098 has 120 seconds left.
|
|t:|1780952170
|move|p1a: Dragonite|Scale Shot|p2a: Dondozo
|-damage|p2a: Dondozo|20/100 slp
|-damage|p2a: Dondozo|12/100 slp
|-damage|p2a: Dondozo|3/100 slp
|-damage|p2a: Dondozo|0 fnt
|faint|p2a: Dondozo
|-hitcount|p2: Dondozo|4
|-unboost|p1a: Dragonite|def|1
|-boost|p1a: Dragonite|spe|1
|
|upkeep
|
|t:|1780952174
|switch|p2a: What set?|Kyurem|100/100
|-ability|p2a: What set?|Pressure
|turn|11
|
|t:|1780952184
|-terastallize|p2a: What set?|Ice
|move|p1a: Dragonite|Scale Shot|p2a: What set?
|-damage|p2a: What set?|71/100
|-damage|p2a: What set?|44/100
|-damage|p2a: What set?|16/100
|-damage|p2a: What set?|0 fnt
|faint|p2a: What set?
|-hitcount|p2: What set?|4
|-unboost|p1a: Dragonite|def|1
|-boost|p1a: Dragonite|spe|1
|
|upkeep
|-message|hunter098 forfeited.
|
|win|Veryverymoist
|raw|Veryverymoist's rating: 1515 &rarr; <strong>1536</strong><br />(+21 for winning)
|raw|hunter098's rating: 1535 &rarr; <strong>1514</strong><br />(-21 for losing)
|l|☆hunter098
|player|p2|
