|j|☆huilaoshi1111
|j|☆LowEL0God
|t:|1781319793
|gametype|singles
|player|p1|huilaoshi1111|1|1557
|player|p2|LowEL0God|265|1696
|gen|9
|tier|[Gen 9] OU
|rated|
|rule|HP Percentage Mod: HP is shown in percentages
|rule|Endless Battle Clause: Forcing endless battles is banned
|rule|Species Clause: Limit one of each Pokémon
|rule|OHKO Clause: OHKO moves are banned
|rule|Evasion Items Clause: Evasion items are banned
|rule|Evasion Moves Clause: Evasion moves are banned
|rule|Evasion Abilities Clause: Evasion abilities are banned
|rule|Sleep Moves Clause: Sleep-inducing moves are banned
|clearpoke
|poke|p1|Mienshao, M|
|poke|p1|Blissey, F|
|poke|p1|Slowbro, F|
|poke|p1|Krookodile, F|
|poke|p1|Talonflame, F|
|poke|p1|Zoroark-Hisui, M|
|poke|p2|Pelipper, F|
|poke|p2|Raging Bolt|
|poke|p2|Overqwil, F|
|poke|p2|Barraskewda, M|
|poke|p2|Iron Treads|
|poke|p2|Kingambit, F|
|teampreview
|c|☆LowEL0God|hf
|inactive|Battle timer is ON: inactive players will automatically lose when time's up. (requested by LowEL0God)
|
|t:|1781319814
|teamsize|p1|6
|teamsize|p2|6
|start
|switch|p1a: Slowbro|Slowbro, F|100/100
|switch|p2a: Barraskewda|Barraskewda, M|100/100
|turn|1
|
|t:|1781319822
|move|p2a: Barraskewda|Liquidation|p1a: Slowbro
|-resisted|p1a: Slowbro
|-crit|p1a: Slowbro
|-damage|p1a: Slowbro|70/100
|move|p1a: Slowbro|Future Sight|p2a: Barraskewda
|-start|p1a: Slowbro|move: Future Sight
|
|upkeep
|turn|2
|
|t:|1781319826
|switch|p2a: Kingambit|Kingambit, F|100/100
|move|p1a: Slowbro|Scald|p2a: Kingambit
|-damage|p2a: Kingambit|75/100
|-status|p2a: Kingambit|brn
|
|-heal|p2a: Kingambit|81/100 brn|[from] item: Leftovers
|-damage|p2a: Kingambit|75/100 brn|[from] brn
|upkeep
|turn|3
|
|t:|1781319830
|move|p2a: Kingambit|Swords Dance|p2a: Kingambit
|-boost|p2a: Kingambit|atk|2
|move|p1a: Slowbro|Body Press|p2a: Kingambit
|-supereffective|p2a: Kingambit
|-damage|p2a: Kingambit|1/100 brn
|
|-end|p2a: Kingambit|move: Future Sight
|-immune|p2a: Kingambit
|-heal|p2a: Kingambit|7/100 brn|[from] item: Leftovers
|-damage|p2a: Kingambit|1/100 brn|[from] brn
|upkeep
|turn|4
|
|t:|1781319836
|move|p2a: Kingambit|Kowtow Cleave|p1a: Slowbro
|-supereffective|p1a: Slowbro
|-enditem|p1a: Slowbro|Colbur Berry|[eat]
|-enditem|p1a: Slowbro|Colbur Berry|[weaken]
|-damage|p1a: Slowbro|38/100
|move|p1a: Slowbro|Body Press|p2a: Kingambit
|-supereffective|p2a: Kingambit
|-crit|p2a: Kingambit
|-damage|p2a: Kingambit|0 fnt
|faint|p2a: Kingambit
|-end|p2a: Kingambit|fallenundefined|[silent]
|
|upkeep
|
|t:|1781319837
|switch|p2a: Overqwil|Overqwil, F|100/100
|turn|5
|
|t:|1781319853
|switch|p1a: Krookodile|Krookodile, F|100/100
|-ability|p1a: Krookodile|Intimidate|boost
|-unboost|p2a: Overqwil|atk|1
|move|p2a: Overqwil|Swords Dance|p2a: Overqwil
|-boost|p2a: Overqwil|atk|2
|
|upkeep
|turn|6
|
|t:|1781319863
|switch|p2a: Pelipper|Pelipper, F|100/100
|-weather|RainDance|[from] ability: Drizzle|[of] p2a: Pelipper
|move|p1a: Krookodile|Earthquake|p2a: Pelipper
|-immune|p2a: Pelipper
|
|-weather|RainDance|[upkeep]
|upkeep
|turn|7
|
|t:|1781319867
|switch|p1a: Slowbro|Slowbro, F|71/100
|move|p2a: Pelipper|Weather Ball|p1a: Slowbro
|-resisted|p1a: Slowbro
|-damage|p1a: Slowbro|45/100
|
|-weather|RainDance|[upkeep]
|upkeep
|turn|8
|
|t:|1781319875
|switch|p1a: Blissey|Blissey, F|100/100
|move|p2a: Pelipper|Hurricane|p1a: Blissey
|-damage|p1a: Blissey|89/100
|
|-weather|RainDance|[upkeep]
|upkeep
|turn|9
|
|t:|1781319882
|switch|p2a: Barraskewda|Barraskewda, M|100/100
|move|p1a: Blissey|Stealth Rock|p2a: Barraskewda
|-sidestart|p2: LowEL0God|move: Stealth Rock
|
|-weather|RainDance|[upkeep]
|upkeep
|turn|10
|
|t:|1781319885
|switch|p1a: Slowbro|Slowbro, F|78/100
|move|p2a: Barraskewda|Liquidation|p1a: Slowbro
|-resisted|p1a: Slowbro
|-damage|p1a: Slowbro|44/100
|
|-weather|RainDance|[upkeep]
|upkeep
|turn|11
|
|t:|1781319892
|move|p2a: Barraskewda|Liquidation|p1a: Slowbro
|-resisted|p1a: Slowbro
|-crit|p1a: Slowbro
|-damage|p1a: Slowbro|2/100
|move|p1a: Slowbro|Slack Off|p1a: Slowbro
|-heal|p1a: Slowbro|52/100
|
|-weather|RainDance|[upkeep]
|upkeep
|turn|12
|
|t:|1781319895
|move|p2a: Barraskewda|Liquidation|p1a: Slowbro
|-resisted|p1a: Slowbro
|-damage|p1a: Slowbro|21/100
|move|p1a: Slowbro|Slack Off|p1a: Slowbro
|-heal|p1a: Slowbro|71/100
|
|-weather|RainDance|[upkeep]
|upkeep
|turn|13
|
|t:|1781319899
|move|p2a: Barraskewda|Liquidation|p1a: Slowbro
|-resisted|p1a: Slowbro
|-damage|p1a: Slowbro|43/100
|move|p1a: Slowbro|Slack Off|p1a: Slowbro
|-heal|p1a: Slowbro|93/100
|
|-weather|none
|upkeep
|turn|14
|
|t:|1781319902
|move|p2a: Barraskewda|Liquidation|p1a: Slowbro
|-resisted|p1a: Slowbro
|-damage|p1a: Slowbro|72/100
|move|p1a: Slowbro|Future Sight|p2a: Barraskewda
|-start|p1a: Slowbro|move: Future Sight
|
|upkeep
|turn|15
|
|t:|1781319908
|move|p2a: Barraskewda|Liquidation|p1a: Slowbro
|-resisted|p1a: Slowbro
|-damage|p1a: Slowbro|51/100
|move|p1a: Slowbro|Scald|p2a: Barraskewda
|-resisted|p2a: Barraskewda
|-damage|p2a: Barraskewda|71/100
|-status|p2a: Barraskewda|brn
|
|-damage|p2a: Barraskewda|65/100 brn|[from] brn
|upkeep
|turn|16
|
|t:|1781319912
|move|p2a: Barraskewda|Liquidation|p1a: Slowbro
|-resisted|p1a: Slowbro
|-damage|p1a: Slowbro|41/100
|move|p1a: Slowbro|Scald|p2a: Barraskewda
|-resisted|p2a: Barraskewda
|-damage|p2a: Barraskewda|37/100 brn
|
|-end|p2a: Barraskewda|move: Future Sight
|-damage|p2a: Barraskewda|0 fnt
|faint|p2a: Barraskewda
|upkeep
|
|t:|1781319913
|switch|p2a: Overqwil|Overqwil, F|100/100
|-damage|p2a: Overqwil|88/100|[from] Stealth Rock
|turn|17
|
|t:|1781319917
|switch|p1a: Krookodile|Krookodile, F|100/100
|-ability|p1a: Krookodile|Intimidate|boost
|-unboost|p2a: Overqwil|atk|1
|move|p2a: Overqwil|Swords Dance|p2a: Overqwil
|-boost|p2a: Overqwil|atk|2
|
|upkeep
|turn|18
|
|t:|1781319923
|switch|p2a: Pelipper|Pelipper, F|100/100
|-damage|p2a: Pelipper|76/100|[from] Stealth Rock
|-weather|RainDance|[from] ability: Drizzle|[of] p2a: Pelipper
|move|p1a: Krookodile|Earthquake|p2a: Pelipper
|-immune|p2a: Pelipper
|
|-weather|RainDance|[upkeep]
|upkeep
|turn|19
|
|t:|1781319928
|switch|p1a: Blissey|Blissey, F|89/100
|move|p2a: Pelipper|Weather Ball|p1a: Blissey
|-damage|p1a: Blissey|73/100
|
|-weather|RainDance|[upkeep]
|upkeep
|turn|20
|
|t:|1781319940
|switch|p2a: Overqwil|Overqwil, F|88/100
|-damage|p2a: Overqwil|76/100|[from] Stealth Rock
|move|p1a: Blissey|Thunder Wave|p2a: Overqwil
|-status|p2a: Overqwil|par
|
|-weather|RainDance|[upkeep]
|upkeep
|turn|21
|
|t:|1781319952
|switch|p1a: Mienshao|Mienshao, M|100/100
|move|p2a: Overqwil|Liquidation|p1a: Mienshao
|-damage|p1a: Mienshao|0 fnt
|faint|p1a: Mienshao
|-damage|p2a: Overqwil|66/100 par|[from] item: Life Orb
|
|-weather|RainDance|[upkeep]
|upkeep
|
|t:|1781319960
|switch|p1a: Blissey|Blissey, F|100/100
|turn|22
|
|t:|1781319964
|move|p1a: Blissey|Hex|p2a: Overqwil
|-resisted|p2a: Overqwil
|-damage|p2a: Overqwil|0 fnt
|faint|p2a: Overqwil
|
|-weather|RainDance|[upkeep]
|upkeep
|
|t:|1781319965
|switch|p2a: Raging Bolt|Raging Bolt|100/100
|-damage|p2a: Raging Bolt|88/100|[from] Stealth Rock
|-enditem|p2a: Raging Bolt|Booster Energy
|-activate|p2a: Raging Bolt|ability: Protosynthesis|[fromitem]
|-start|p2a: Raging Bolt|protosynthesisspa
|turn|23
|
|t:|1781319972
|switch|p1a: Blissey|Blissey, F|73/100
|move|p2a: Raging Bolt|Weather Ball|p1a: Blissey
|-damage|p1a: Blissey|51/100
|
|-weather|RainDance|[upkeep]
|upkeep
|turn|24
|
|t:|1781319978
|move|p2a: Raging Bolt|Thunder|p1a: Blissey
|-damage|p1a: Blissey|26/100
|-status|p1a: Blissey|par
|move|p1a: Blissey|Soft-Boiled|p1a: Blissey
|-heal|p1a: Blissey|76/100 par
|
|-weather|RainDance|[upkeep]
|upkeep
|turn|25
|
|t:|1781319983
|move|p2a: Raging Bolt|Thunder|p1a: Blissey
|-damage|p1a: Blissey|48/100 par
|move|p1a: Blissey|Soft-Boiled|p1a: Blissey
|-heal|p1a: Blissey|98/100 par
|
|-weather|none
|upkeep
|turn|26
|
|t:|1781319986
|-curestatus|p1a: Blissey|par|[from] ability: Natural Cure|[silent]
|switch|p1a: Krookodile|Krookodile, F|100/100
|-ability|p1a: Krookodile|Intimidate|boost
|-unboost|p2a: Raging Bolt|atk|1
|move|p2a: Raging Bolt|Thunder|p1a: Krookodile
|-immune|p1a: Krookodile
|
|upkeep
|turn|27
|
|t:|1781319994
|-end|p2a: Raging Bolt|Protosynthesis|[silent]
|switch|p2a: Pelipper|Pelipper, F|76/100
|-damage|p2a: Pelipper|51/100|[from] Stealth Rock
|-weather|RainDance|[from] ability: Drizzle|[of] p2a: Pelipper
|move|p1a: Krookodile|Earthquake|p2a: Pelipper
|-immune|p2a: Pelipper
|
|-weather|RainDance|[upkeep]
|upkeep
|turn|28
|
|t:|1781319997
|switch|p1a: Blissey|Blissey, F|98/100
|move|p2a: Pelipper|Weather Ball|p1a: Blissey
|-damage|p1a: Blissey|82/100
|
|-weather|RainDance|[upkeep]
|upkeep
|turn|29
|
|t:|1781320003
|move|p1a: Blissey|Seismic Toss|p2a: Pelipper
|-damage|p2a: Pelipper|20/100
|move|p2a: Pelipper|Roost|p2a: Pelipper
|-heal|p2a: Pelipper|70/100
|-singleturn|p2a: Pelipper|move: Roost
|
|-weather|RainDance|[upkeep]
|upkeep
|turn|30
|
|t:|1781320008
|move|p1a: Blissey|Seismic Toss|p2a: Pelipper
|-damage|p2a: Pelipper|39/100
|move|p2a: Pelipper|Roost|p2a: Pelipper
|-heal|p2a: Pelipper|89/100
|-singleturn|p2a: Pelipper|move: Roost
|
|-weather|RainDance|[upkeep]
|upkeep
|turn|31
|
|t:|1781320011
|move|p1a: Blissey|Thunder Wave|p2a: Pelipper
|-status|p2a: Pelipper|par
|move|p2a: Pelipper|Weather Ball|p1a: Blissey
|-damage|p1a: Blissey|68/100
|
|-weather|RainDance|[upkeep]
|upkeep
|turn|32
|
|t:|1781320017
|move|p1a: Blissey|Seismic Toss|p2a: Pelipper
|-damage|p2a: Pelipper|58/100 par
|cant|p2a: Pelipper|par
|
|-weather|RainDance|[upkeep]
|upkeep
|turn|33
|
|t:|1781320019
|move|p1a: Blissey|Soft-Boiled|p1a: Blissey
|-heal|p1a: Blissey|100/100
|move|p2a: Pelipper|Roost|p2a: Pelipper
|-heal|p2a: Pelipper|100/100 par
|-singleturn|p2a: Pelipper|move: Roost
|
|-weather|RainDance|[upkeep]
|upkeep
|turn|34
|
|t:|1781320023
|move|p1a: Blissey|Seismic Toss|p2a: Pelipper
|-damage|p2a: Pelipper|70/100 par
|move|p2a: Pelipper|Weather Ball|p1a: Blissey
|-damage|p1a: Blissey|86/100
|
|-weather|none
|upkeep
|turn|35
|
|t:|1781320029
|switch|p1a: Krookodile|Krookodile, F|100/100
|-ability|p1a: Krookodile|Intimidate|boost
|-unboost|p2a: Pelipper|atk|1
|cant|p2a: Pelipper|par
|
|upkeep
|turn|36
|
|t:|1781320035
|move|p1a: Krookodile|Knock Off|p2a: Pelipper
|-damage|p2a: Pelipper|10/100 par
|-enditem|p2a: Pelipper|Damp Rock|[from] move: Knock Off|[of] p1a: Krookodile
|move|p2a: Pelipper|Roost|p2a: Pelipper
|-heal|p2a: Pelipper|60/100 par
|-singleturn|p2a: Pelipper|move: Roost
|
|upkeep
|turn|37
|
|t:|1781320040
|move|p1a: Krookodile|Knock Off|p2a: Pelipper
|-damage|p2a: Pelipper|20/100 par
|move|p2a: Pelipper|Hurricane|p1a: Krookodile|[miss]
|-miss|p2a: Pelipper|p1a: Krookodile
|
|upkeep
|turn|38
|
|t:|1781320045
|move|p1a: Krookodile|Knock Off|p2a: Pelipper
|-damage|p2a: Pelipper|0 fnt
|faint|p2a: Pelipper
|
|upkeep
|
|t:|1781320045
|switch|p2a: Iron Treads|Iron Treads|100/100
|-damage|p2a: Iron Treads|97/100|[from] Stealth Rock
|-enditem|p2a: Iron Treads|Booster Energy
|-activate|p2a: Iron Treads|ability: Quark Drive|[fromitem]
|-start|p2a: Iron Treads|quarkdrivespe
|turn|39
|
|t:|1781320053
|switch|p1a: Slowbro|Slowbro, F|74/100
|move|p2a: Iron Treads|Earth Power|p1a: Slowbro
|-crit|p1a: Slowbro
|-damage|p1a: Slowbro|17/100
|
|upkeep
|turn|40
|
|t:|1781320059
|switch|p1a: Blissey|Blissey, F|86/100
|move|p2a: Iron Treads|Earth Power|p1a: Blissey
|-damage|p1a: Blissey|75/100
|
|upkeep
|turn|41
|
|t:|1781320064
|move|p2a: Iron Treads|Rapid Spin|p1a: Blissey
|-damage|p1a: Blissey|65/100
|-boost|p2a: Iron Treads|spe|1
|-sideend|p2: LowEL0God|Stealth Rock|[from] move: Rapid Spin|[of] p2a: Iron Treads
|move|p1a: Blissey|Soft-Boiled|p1a: Blissey
|-heal|p1a: Blissey|100/100
|
|upkeep
|turn|42
|
|t:|1781320067
|move|p2a: Iron Treads|Stealth Rock|p1a: Blissey
|-sidestart|p1: huilaoshi1111|move: Stealth Rock
|move|p1a: Blissey|Seismic Toss|p2a: Iron Treads
|-damage|p2a: Iron Treads|66/100
|
|upkeep
|turn|43
|
|t:|1781320069
|move|p2a: Iron Treads|Rapid Spin|p1a: Blissey
|-damage|p1a: Blissey|89/100
|-boost|p2a: Iron Treads|spe|1
|move|p1a: Blissey|Seismic Toss|p2a: Iron Treads
|-damage|p2a: Iron Treads|35/100
|
|upkeep
|turn|44
|
|t:|1781320072
|move|p2a: Iron Treads|Rapid Spin|p1a: Blissey
|-damage|p1a: Blissey|80/100
|-boost|p2a: Iron Treads|spe|1
|move|p1a: Blissey|Seismic Toss|p2a: Iron Treads
|-damage|p2a: Iron Treads|4/100
|
|upkeep
|turn|45
|
|t:|1781320075
|-terastallize|p2a: Iron Treads|Ghost
|move|p2a: Iron Treads|Earth Power|p1a: Blissey
|-damage|p1a: Blissey|69/100
|-unboost|p1a: Blissey|spd|1
|move|p1a: Blissey|Soft-Boiled|p1a: Blissey
|-heal|p1a: Blissey|100/100
|
|upkeep
|turn|46
|
|t:|1781320079
|move|p2a: Iron Treads|Earth Power|p1a: Blissey
|-damage|p1a: Blissey|84/100
|move|p1a: Blissey|Thunder Wave|p2a: Iron Treads
|-status|p2a: Iron Treads|par
|
|upkeep
|turn|47
|
|t:|1781320082
|switch|p1a: Talonflame|Talonflame, F|100/100
|cant|p2a: Iron Treads|par
|
|upkeep
|turn|48
|
|t:|1781320089
|move|p2a: Iron Treads|Rapid Spin|p1a: Talonflame
|-damage|p1a: Talonflame|89/100
|-boost|p2a: Iron Treads|spe|1
|move|p1a: Talonflame|Defog|p2a: Iron Treads
|-unboost|p2a: Iron Treads|evasion|1
|-sideend|p1: huilaoshi1111|Stealth Rock|[from] move: Defog|[of] p1a: Talonflame
|
|upkeep
|turn|49
|
|t:|1781320093
|cant|p2a: Iron Treads|par
|move|p1a: Talonflame|Fire Blast|p2a: Iron Treads
|-damage|p2a: Iron Treads|0 fnt
|faint|p2a: Iron Treads
|-end|p2a: Iron Treads|Quark Drive|[silent]
|
|upkeep
|
|t:|1781320095
|switch|p2a: Raging Bolt|Raging Bolt|88/100
|turn|50
|
|t:|1781320098
|switch|p1a: Krookodile|Krookodile, F|100/100
|-ability|p1a: Krookodile|Intimidate|boost
|-unboost|p2a: Raging Bolt|atk|1
|move|p2a: Raging Bolt|Draco Meteor|p1a: Krookodile
|-crit|p1a: Krookodile
|-damage|p1a: Krookodile|0 fnt
|-unboost|p2a: Raging Bolt|spa|2
|faint|p1a: Krookodile
|
|upkeep
|
|t:|1781320110
|switch|p1a: Talonflame|Talonflame, F|100/100
|turn|51
|
|t:|1781320114
|move|p1a: Talonflame|Bitter Malice|p2a: Raging Bolt
|-damage|p2a: Raging Bolt|29/100
|-unboost|p2a: Raging Bolt|atk|1
|move|p2a: Raging Bolt|Thunder|p1a: Talonflame
|-damage|p1a: Talonflame|36/100
|replace|p1a: Zoroark|Zoroark-Hisui, M
|-end|p1a: Zoroark|Illusion
|
|upkeep
|turn|52
|
|t:|1781320125
|move|p2a: Raging Bolt|Thunderclap|p1a: Zoroark
|-damage|p1a: Zoroark|0 fnt
|faint|p1a: Zoroark
|
|upkeep
|
|t:|1781320129
|switch|p1a: Blissey|Blissey, F|84/100
|turn|53
|
|t:|1781320133
|move|p2a: Raging Bolt|Thunder|p1a: Blissey|[miss]
|-miss|p2a: Raging Bolt|p1a: Blissey
|move|p1a: Blissey|Seismic Toss|p2a: Raging Bolt
|-damage|p2a: Raging Bolt|5/100
|
|upkeep
|turn|54
|
|t:|1781320136
|move|p2a: Raging Bolt|Thunder|p1a: Blissey
|-damage|p1a: Blissey|73/100
|-status|p1a: Blissey|par
|move|p1a: Blissey|Stealth Rock|p2a: Raging Bolt
|-sidestart|p2: LowEL0God|move: Stealth Rock
|
|upkeep
|turn|55
|
|t:|1781320140
|-curestatus|p1a: Blissey|par|[from] ability: Natural Cure|[silent]
|switch|p1a: Talonflame|Talonflame, F|89/100
|move|p2a: Raging Bolt|Weather Ball|p1a: Talonflame
|-damage|p1a: Talonflame|77/100
|
|upkeep
|turn|56
|
|t:|1781320150
|switch|p1a: Slowbro|Slowbro, F|50/100
|move|p2a: Raging Bolt|Thunderclap||[still]
|-fail|p2a: Raging Bolt
|
|upkeep
|turn|57
|
|t:|1781320156
|move|p2a: Raging Bolt|Thunder|p1a: Slowbro|[miss]
|-miss|p2a: Raging Bolt|p1a: Slowbro
|move|p1a: Slowbro|Scald|p2a: Raging Bolt
|-resisted|p2a: Raging Bolt
|-damage|p2a: Raging Bolt|0 fnt
|faint|p2a: Raging Bolt
|-end|p2a: Raging Bolt|Protosynthesis|[silent]
|
|win|huilaoshi1111
|raw|huilaoshi1111's rating: 1557 &rarr; <strong>1585</strong><br />(+28 for winning)
|raw|LowEL0God's rating: 1696 &rarr; <strong>1668</strong><br />(-28 for losing)
|c|☆LowEL0God|gg
|l|☆LowEL0God
|player|p2|
