|j|☆bigguy916
|j|‽LT_Alt1
|t:|1781169360
|gametype|singles
|player|p1|bigguy916|unknownf|1701
|player|p2|LT_Alt1|266|1736
|gen|9
|tier|[Gen 9] OU
|rated|
|rule|HP Percentage Mod: HP is shown in percentages
|rule|Endless Battle Clause: Forcing endless battles is banned
|rule|Species Clause: Limit one of each Pokémon
|rule|OHKO Clause: OHKO moves are banned
|rule|Evasion Items Clause: Evasion items are banned
|rule|Evasion Moves Clause: Evasion moves are banned
|rule|Evasion Abilities Clause: Evasion abilities are banned
|rule|Sleep Moves Clause: Sleep-inducing moves are banned
|clearpoke
|poke|p1|Samurott-Hisui, F|
|poke|p1|Ogerpon-Cornerstone, F|
|poke|p1|Dragapult, F|
|poke|p1|Dragonite, M|
|poke|p1|Great Tusk|
|poke|p1|Heatran, F|
|poke|p2|Kyurem|
|poke|p2|Raging Bolt|
|poke|p2|Hatterene, F|
|poke|p2|Slowking-Galar, F|
|poke|p2|Ting-Lu|
|poke|p2|Corviknight, F|
|teampreview
|inactive|Battle timer is ON: inactive players will automatically lose when time's up. (requested by bigguy916)
|
|t:|1781169389
|teamsize|p1|6
|teamsize|p2|6
|start
|switch|p1a: Samurott|Samurott-Hisui, F|100/100
|switch|p2a: Raging Bolt|Raging Bolt|100/100
|turn|1
|
|t:|1781169397
|move|p2a: Raging Bolt|Volt Switch|p1a: Samurott
|-supereffective|p1a: Samurott
|-damage|p1a: Samurott|39/100
|
|t:|1781169402
|-end|p2a: Raging Bolt|Protosynthesis|[silent]
|switch|p2a: Corviknight|Corviknight, F|100/100|[from] Volt Switch
|-ability|p2a: Corviknight|Pressure
|move|p1a: Samurott|Ceaseless Edge|p2a: Corviknight
|-damage|p2a: Corviknight|70/100
|-damage|p1a: Samurott|22/100|[from] item: Rocky Helmet|[of] p2a: Corviknight
|-sidestart|p2: LT_Alt1|Spikes
|
|upkeep
|turn|2
|
|t:|1781169413
|switch|p1a: Heatran|Heatran, F|100/100
|move|p2a: Corviknight|Defog|p1a: Heatran
|-unboost|p1a: Heatran|evasion|1
|-sideend|p2: LT_Alt1|Spikes|[from] move: Defog|[of] p2a: Corviknight
|
|upkeep
|turn|3
|
|t:|1781169418
|switch|p2a: Ting-Lu|Ting-Lu|100/100
|-ability|p2a: Ting-Lu|Vessel of Ruin
|move|p1a: Heatran|Stealth Rock|p2a: Ting-Lu
|-sidestart|p2: LT_Alt1|move: Stealth Rock
|
|upkeep
|turn|4
|
|t:|1781169428
|switch|p1a: Samurott|Samurott-Hisui, F|22/100
|move|p2a: Ting-Lu|Ruination|p1a: Samurott
|-damage|p1a: Samurott|11/100
|
|upkeep
|turn|5
|
|t:|1781169436
|switch|p2a: Corviknight|Corviknight, F|70/100
|-damage|p2a: Corviknight|58/100|[from] Stealth Rock
|-ability|p2a: Corviknight|Pressure
|move|p1a: Samurott|Ceaseless Edge|p2a: Corviknight
|-damage|p2a: Corviknight|28/100
|-damage|p1a: Samurott|0 fnt|[from] item: Rocky Helmet|[of] p2a: Corviknight
|faint|p1a: Samurott
|
|upkeep
|
|t:|1781169448
|switch|p1a: Ogerpon|Ogerpon-Cornerstone, F|100/100
|turn|6
|
|t:|1781169457
|switch|p2a: Ting-Lu|Ting-Lu|100/100
|-damage|p2a: Ting-Lu|94/100|[from] Stealth Rock
|-ability|p2a: Ting-Lu|Vessel of Ruin
|move|p1a: Ogerpon|Ivy Cudgel|p2a: Ting-Lu|[anim] Ivy Cudgel Rock
|-resisted|p2a: Ting-Lu
|-damage|p2a: Ting-Lu|80/100
|
|-heal|p2a: Ting-Lu|86/100|[from] item: Leftovers
|upkeep
|turn|7
|
|t:|1781169466
|move|p1a: Ogerpon|Swords Dance|p1a: Ogerpon
|-boost|p1a: Ogerpon|atk|2
|move|p2a: Ting-Lu|Ruination|p1a: Ogerpon
|-damage|p1a: Ogerpon|51/100
|
|-heal|p2a: Ting-Lu|92/100|[from] item: Leftovers
|upkeep
|turn|8
|
|t:|1781169478
|-terastallize|p2a: Ting-Lu|Ghost
|move|p1a: Ogerpon|Horn Leech|p2a: Ting-Lu
|-damage|p2a: Ting-Lu|46/100
|-heal|p1a: Ogerpon|90/100|[from] drain|[of] p2a: Ting-Lu
|move|p2a: Ting-Lu|Earthquake|p1a: Ogerpon
|-damage|p1a: Ogerpon|38/100
|
|-heal|p2a: Ting-Lu|52/100|[from] item: Leftovers
|upkeep
|turn|9
|
|t:|1781169485
|move|p1a: Ogerpon|Ivy Cudgel|p2a: Ting-Lu|[anim] Ivy Cudgel Rock
|-damage|p2a: Ting-Lu|0 fnt
|faint|p2a: Ting-Lu
|
|upkeep
|
|t:|1781169490
|switch|p2a: Raging Bolt|Raging Bolt|100/100
|-damage|p2a: Raging Bolt|88/100|[from] Stealth Rock
|turn|10
|-message|LT_Alt1 forfeited.
|
|win|bigguy916
|raw|bigguy916's rating: 1701 &rarr; <strong>1723</strong><br />(+22 for winning)
|raw|LT_Alt1's rating: 1736 &rarr; <strong>1714</strong><br />(-22 for losing)
|l|‽LT_Alt1
|player|p2|
|l|☆bigguy916
|player|p1|
