|j|☆stevstacks
|j|☆NoirShaadow
|t:|1781319929
|gametype|singles
|player|p1|stevstacks|1|1572
|player|p2|NoirShaadow|sage|1621
|gen|9
|tier|[Gen 9] OU
|rated|
|rule|HP Percentage Mod: HP is shown in percentages
|rule|Endless Battle Clause: Forcing endless battles is banned
|rule|Species Clause: Limit one of each Pokémon
|rule|OHKO Clause: OHKO moves are banned
|rule|Evasion Items Clause: Evasion items are banned
|rule|Evasion Moves Clause: Evasion moves are banned
|rule|Evasion Abilities Clause: Evasion abilities are banned
|rule|Sleep Moves Clause: Sleep-inducing moves are banned
|clearpoke
|poke|p1|Torkoal, M|
|poke|p1|Corviknight, F|
|poke|p1|Walking Wake|
|poke|p1|Great Tusk|
|poke|p1|Zamazenta-*|
|poke|p1|Arcanine-Hisui, M|
|poke|p2|Samurott-Hisui, F|
|poke|p2|Garganacl, F|
|poke|p2|Ninetales-Alola, F|
|poke|p2|Hatterene, F|
|poke|p2|Serperior, F|
|poke|p2|Great Tusk|
|teampreview
|inactive|Battle timer is ON: inactive players will automatically lose when time's up. (requested by stevstacks)
|j| nesnot
|inactive|NoirShaadow has 120 seconds left.
|
|t:|1781319963
|teamsize|p1|6
|teamsize|p2|6
|start
|switch|p1a: Arcanine|Arcanine-Hisui, M|100/100
|switch|p2a: Serperior|Serperior, F|100/100
|turn|1
|
|t:|1781319971
|switch|p2a: Great Tusk|Great Tusk|100/100
|-enditem|p2a: Great Tusk|Booster Energy
|-activate|p2a: Great Tusk|ability: Protosynthesis|[fromitem]
|-start|p2a: Great Tusk|protosynthesisatk
|move|p1a: Arcanine|Head Smash|p2a: Great Tusk|[miss]
|-miss|p1a: Arcanine|p2a: Great Tusk
|
|upkeep
|turn|2
|
|t:|1781319980
|switch|p1a: Walking Wake|Walking Wake|100/100
|move|p2a: Great Tusk|Close Combat|p1a: Walking Wake
|-damage|p1a: Walking Wake|15/100
|-unboost|p2a: Great Tusk|def|1
|-unboost|p2a: Great Tusk|spd|1
|
|upkeep
|turn|3
|
|t:|1781319989
|-end|p2a: Great Tusk|Protosynthesis|[silent]
|switch|p2a: Ninetales|Ninetales-Alola, F|100/100
|-weather|Snowscape|[from] ability: Snow Warning|[of] p2a: Ninetales
|move|p1a: Walking Wake|Flip Turn|p2a: Ninetales
|-damage|p2a: Ninetales|84/100
|
|t:|1781319992
|-end|p1a: Walking Wake|Protosynthesis|[silent]
|switch|p1a: Torkoal|Torkoal, M, shiny|100/100|[from] Flip Turn
|-weather|SunnyDay|[from] ability: Drought|[of] p1a: Torkoal
|
|-weather|SunnyDay|[upkeep]
|upkeep
|turn|4
|
|t:|1781320002
|switch|p1a: Great Tusk|Great Tusk, shiny|100/100
|-activate|p1a: Great Tusk|ability: Protosynthesis
|-start|p1a: Great Tusk|protosynthesisatk
|move|p2a: Ninetales|Snowscape|p2a: Ninetales
|-weather|Snowscape
|-end|p1a: Great Tusk|Protosynthesis
|
|-weather|Snowscape|[upkeep]
|upkeep
|turn|5
|
|t:|1781320010
|switch|p2a: Great Tusk|Great Tusk|100/100
|-end|p1a: Great Tusk|Protosynthesis|[silent]
|switch|p1a: Torkoal|Torkoal, M, shiny|100/100
|-weather|SunnyDay|[from] ability: Drought|[of] p1a: Torkoal
|-activate|p2a: Great Tusk|ability: Protosynthesis
|-start|p2a: Great Tusk|protosynthesisatk
|
|-weather|SunnyDay|[upkeep]
|upkeep
|turn|6
|
|t:|1781320022
|switch|p1a: Walking Wake|Walking Wake|15/100
|-activate|p1a: Walking Wake|ability: Protosynthesis
|-start|p1a: Walking Wake|protosynthesisspe
|move|p2a: Great Tusk|Headlong Rush|p1a: Walking Wake
|-damage|p1a: Walking Wake|0 fnt
|-unboost|p2a: Great Tusk|def|1
|-unboost|p2a: Great Tusk|spd|1
|faint|p1a: Walking Wake
|-end|p1a: Walking Wake|Protosynthesis|[silent]
|
|-weather|SunnyDay|[upkeep]
|upkeep
|
|t:|1781320036
|switch|p1a: Arcanine|Arcanine-Hisui, M|100/100
|turn|7
|
|t:|1781320055
|move|p1a: Arcanine|Flare Blitz|p2a: Great Tusk
|-damage|p2a: Great Tusk|0 fnt
|faint|p2a: Great Tusk
|-end|p2a: Great Tusk|Protosynthesis|[silent]
|
|-weather|SunnyDay|[upkeep]
|upkeep
|
|t:|1781320061
|switch|p2a: Ninetales|Ninetales-Alola, F|84/100
|-weather|Snowscape|[from] ability: Snow Warning|[of] p2a: Ninetales
|turn|8
|
|t:|1781320068
|move|p2a: Ninetales|Aurora Veil|p2a: Ninetales
|-sidestart|p2: NoirShaadow|move: Aurora Veil
|move|p1a: Arcanine|Flare Blitz|p2a: Ninetales
|-supereffective|p2a: Ninetales
|-damage|p2a: Ninetales|8/100
|
|-weather|Snowscape|[upkeep]
|upkeep
|turn|9
|
|t:|1781320074
|switch|p2a: Samurott|Samurott-Hisui, F|100/100
|switch|p1a: Torkoal|Torkoal, M, shiny|100/100
|-weather|SunnyDay|[from] ability: Drought|[of] p1a: Torkoal
|
|-weather|SunnyDay|[upkeep]
|upkeep
|turn|10
|
|t:|1781320082
|move|p2a: Samurott|Ceaseless Edge|p1a: Torkoal
|-damage|p1a: Torkoal|69/100
|-sidestart|p1: stevstacks|Spikes
|move|p1a: Torkoal|Will-O-Wisp|p2a: Samurott
|-status|p2a: Samurott|brn
|
|-weather|SunnyDay|[upkeep]
|-damage|p2a: Samurott|94/100 brn|[from] brn
|upkeep
|turn|11
|
|t:|1781320089
|move|p2a: Samurott|Ceaseless Edge|p1a: Torkoal
|-damage|p1a: Torkoal|54/100
|-sidestart|p1: stevstacks|Spikes
|move|p1a: Torkoal|Stealth Rock|p2a: Samurott
|-sidestart|p2: NoirShaadow|move: Stealth Rock
|
|-weather|SunnyDay|[upkeep]
|-damage|p2a: Samurott|88/100 brn|[from] brn
|upkeep
|turn|12
|
|t:|1781320097
|move|p2a: Samurott|Knock Off|p1a: Torkoal
|-damage|p1a: Torkoal|38/100
|-enditem|p1a: Torkoal|Heat Rock|[from] move: Knock Off|[of] p2a: Samurott
|move|p1a: Torkoal|Rapid Spin|p2a: Samurott
|-damage|p2a: Samurott|84/100 brn
|-boost|p1a: Torkoal|spe|1
|-sideend|p1: stevstacks|Spikes|[from] move: Rapid Spin|[of] p1a: Torkoal
|
|-weather|SunnyDay|[upkeep]
|-damage|p2a: Samurott|78/100 brn|[from] brn
|upkeep
|turn|13
|
|t:|1781320110
|switch|p1a: Zamazenta|Zamazenta|100/100
|-ability|p1a: Zamazenta|Dauntless Shield|boost
|-boost|p1a: Zamazenta|def|1
|move|p2a: Samurott|Ceaseless Edge|p1a: Zamazenta
|-resisted|p1a: Zamazenta
|-damage|p1a: Zamazenta|95/100
|-sidestart|p1: stevstacks|Spikes
|
|-weather|SunnyDay|[upkeep]
|-heal|p1a: Zamazenta|100/100|[from] item: Leftovers
|-damage|p2a: Samurott|72/100 brn|[from] brn
|upkeep
|turn|14
|
|t:|1781320122
|move|p1a: Zamazenta|Body Press|p2a: Samurott
|-supereffective|p2a: Samurott
|-damage|p2a: Samurott|16/100 brn
|move|p2a: Samurott|Knock Off|p1a: Zamazenta
|-resisted|p1a: Zamazenta
|-damage|p1a: Zamazenta|96/100
|-enditem|p1a: Zamazenta|Leftovers|[from] move: Knock Off|[of] p2a: Samurott
|
|-weather|SunnyDay|[upkeep]
|-damage|p2a: Samurott|10/100 brn|[from] brn
|upkeep
|turn|15
|
|t:|1781320131
|move|p1a: Zamazenta|Iron Defense|p1a: Zamazenta
|-boost|p1a: Zamazenta|def|2
|move|p2a: Samurott|Ceaseless Edge|p1a: Zamazenta
|-resisted|p1a: Zamazenta
|-damage|p1a: Zamazenta|93/100
|-sidestart|p1: stevstacks|Spikes
|
|-weather|SunnyDay|[upkeep]
|-damage|p2a: Samurott|4/100 brn|[from] brn
|-sideend|p2: NoirShaadow|move: Aurora Veil
|upkeep
|turn|16
|
|t:|1781320139
|move|p1a: Zamazenta|Iron Defense|p1a: Zamazenta
|-boost|p1a: Zamazenta|def|2
|move|p2a: Samurott|Ceaseless Edge|p1a: Zamazenta
|-resisted|p1a: Zamazenta
|-damage|p1a: Zamazenta|91/100
|-sidestart|p1: stevstacks|Spikes
|
|-weather|none
|-damage|p2a: Samurott|0 fnt|[from] brn
|faint|p2a: Samurott
|upkeep
|
|t:|1781320148
|switch|p2a: Hatterene|Hatterene, F|100/100
|-damage|p2a: Hatterene|88/100|[from] Stealth Rock
|turn|17
|
|t:|1781320154
|-terastallize|p1a: Zamazenta|Fire
|move|p1a: Zamazenta|Body Press|p2a: Hatterene
|-resisted|p2a: Hatterene
|-damage|p2a: Hatterene|62/100
|move|p2a: Hatterene|Calm Mind|p2a: Hatterene
|-boost|p2a: Hatterene|spa|1
|-boost|p2a: Hatterene|spd|1
|
|-heal|p2a: Hatterene|68/100|[from] item: Leftovers
|upkeep
|turn|18
|
|t:|1781320168
|move|p1a: Zamazenta|Body Press|p2a: Hatterene
|-resisted|p2a: Hatterene
|-damage|p2a: Hatterene|46/100
|move|p2a: Hatterene|Calm Mind|p2a: Hatterene
|-boost|p2a: Hatterene|spa|1
|-boost|p2a: Hatterene|spd|1
|
|-heal|p2a: Hatterene|52/100|[from] item: Leftovers
|upkeep
|turn|19
|
|t:|1781320177
|move|p1a: Zamazenta|Body Press|p2a: Hatterene
|-resisted|p2a: Hatterene
|-damage|p2a: Hatterene|29/100
|move|p2a: Hatterene|Draining Kiss|p1a: Zamazenta
|-resisted|p1a: Zamazenta
|-damage|p1a: Zamazenta|73/100
|-heal|p2a: Hatterene|45/100|[from] drain|[of] p1a: Zamazenta
|
|-heal|p2a: Hatterene|51/100|[from] item: Leftovers
|upkeep
|turn|20
|
|t:|1781320188
|move|p1a: Zamazenta|Body Press|p2a: Hatterene
|-resisted|p2a: Hatterene
|-damage|p2a: Hatterene|28/100
|move|p2a: Hatterene|Draining Kiss|p1a: Zamazenta
|-resisted|p1a: Zamazenta
|-crit|p1a: Zamazenta
|-damage|p1a: Zamazenta|44/100
|-heal|p2a: Hatterene|54/100|[from] drain|[of] p1a: Zamazenta
|
|-heal|p2a: Hatterene|60/100|[from] item: Leftovers
|upkeep
|turn|21
|
|t:|1781320197
|move|p1a: Zamazenta|Body Press|p2a: Hatterene
|-resisted|p2a: Hatterene
|-damage|p2a: Hatterene|34/100
|move|p2a: Hatterene|Calm Mind|p2a: Hatterene
|-boost|p2a: Hatterene|spa|1
|-boost|p2a: Hatterene|spd|1
|
|-heal|p2a: Hatterene|39/100|[from] item: Leftovers
|upkeep
|turn|22
|
|t:|1781320206
|move|p1a: Zamazenta|Body Press|p2a: Hatterene
|-resisted|p2a: Hatterene
|-damage|p2a: Hatterene|14/100
|move|p2a: Hatterene|Draining Kiss|p1a: Zamazenta
|-resisted|p1a: Zamazenta
|-damage|p1a: Zamazenta|23/100
|-heal|p2a: Hatterene|33/100|[from] drain|[of] p1a: Zamazenta
|
|-heal|p2a: Hatterene|39/100|[from] item: Leftovers
|upkeep
|turn|23
|
|t:|1781320218
|move|p1a: Zamazenta|Body Press|p2a: Hatterene
|-resisted|p2a: Hatterene
|-damage|p2a: Hatterene|15/100
|move|p2a: Hatterene|Draining Kiss|p1a: Zamazenta
|-resisted|p1a: Zamazenta
|-damage|p1a: Zamazenta|3/100
|-heal|p2a: Hatterene|34/100|[from] drain|[of] p1a: Zamazenta
|
|-heal|p2a: Hatterene|40/100|[from] item: Leftovers
|upkeep
|turn|24
|
|t:|1781320226
|move|p1a: Zamazenta|Body Press|p2a: Hatterene
|-resisted|p2a: Hatterene
|-damage|p2a: Hatterene|15/100
|move|p2a: Hatterene|Draining Kiss|p1a: Zamazenta
|-resisted|p1a: Zamazenta
|-damage|p1a: Zamazenta|0 fnt
|-heal|p2a: Hatterene|17/100|[from] drain|[of] p1a: Zamazenta
|faint|p1a: Zamazenta
|
|-heal|p2a: Hatterene|23/100|[from] item: Leftovers
|upkeep
|
|t:|1781320230
|switch|p1a: Arcanine|Arcanine-Hisui, M|100/100
|-damage|p1a: Arcanine|76/100|[from] Spikes
|turn|25
|
|t:|1781320242
|move|p1a: Arcanine|Flare Blitz|p2a: Hatterene
|-damage|p2a: Hatterene|0 fnt
|faint|p2a: Hatterene
|
|upkeep
|inactive|NoirShaadow has 120 seconds left.
|
|t:|1781320283
|switch|p2a: Garganacl|Garganacl, F|100/100
|-damage|p2a: Garganacl|88/100|[from] Stealth Rock
|turn|26
|
|t:|1781320291
|switch|p1a: Great Tusk|Great Tusk, shiny|100/100
|-damage|p1a: Great Tusk|76/100|[from] Spikes
|move|p2a: Garganacl|Stealth Rock|p1a: Great Tusk
|-sidestart|p1: stevstacks|move: Stealth Rock
|
|-heal|p2a: Garganacl|94/100|[from] item: Leftovers
|upkeep
|turn|27
|
|t:|1781320299
|switch|p2a: Serperior|Serperior, F|100/100
|-damage|p2a: Serperior|88/100|[from] Stealth Rock
|move|p1a: Great Tusk|Knock Off|p2a: Serperior
|-damage|p2a: Serperior|37/100
|-enditem|p2a: Serperior|Leftovers|[from] move: Knock Off|[of] p1a: Great Tusk
|-damage|p1a: Great Tusk|66/100|[from] item: Life Orb
|
|upkeep
|turn|28
|inactive|NoirShaadow has 120 seconds left.
|
|t:|1781320308
|-end|p1a: Great Tusk|Protosynthesis|[silent]
|switch|p1a: Torkoal|Torkoal, M, shiny|38/100
|-damage|p1a: Torkoal|13/100|[from] Spikes
|-damage|p1a: Torkoal|0 fnt|[from] Stealth Rock
|faint|p1a: Torkoal
|move|p2a: Serperior|Leaf Storm|p1: Torkoal|[notarget]
|-fail|p2a: Serperior
|
|upkeep
|
|t:|1781320313
|switch|p1a: Arcanine|Arcanine-Hisui, M|76/100
|-damage|p1a: Arcanine|51/100|[from] Spikes
|-damage|p1a: Arcanine|26/100|[from] Stealth Rock
|turn|29
|
|t:|1781320327
|switch|p2a: Ninetales|Ninetales-Alola, F|8/100
|-damage|p2a: Ninetales|0 fnt|[from] Stealth Rock
|faint|p2a: Ninetales
|move|p1a: Arcanine|Extreme Speed|p2: Ninetales|[notarget]
|-fail|p1a: Arcanine
|
|upkeep
|
|t:|1781320334
|switch|p2a: Garganacl|Garganacl, F|94/100
|-damage|p2a: Garganacl|82/100|[from] Stealth Rock
|turn|30
|
|t:|1781320340
|switch|p1a: Great Tusk|Great Tusk, shiny|66/100
|-damage|p1a: Great Tusk|41/100|[from] Spikes
|-damage|p1a: Great Tusk|38/100|[from] Stealth Rock
|move|p2a: Garganacl|Salt Cure|p1a: Great Tusk
|-resisted|p1a: Great Tusk
|-damage|p1a: Great Tusk|35/100
|-start|p1a: Great Tusk|Salt Cure
|
|-heal|p2a: Garganacl|88/100|[from] item: Leftovers
|-damage|p1a: Great Tusk|23/100|[from] Salt Cure
|upkeep
|turn|31
|
|t:|1781320351
|move|p2a: Garganacl|Protect|p2a: Garganacl
|-singleturn|p2a: Garganacl|Protect
|move|p1a: Great Tusk|Headlong Rush|p2a: Garganacl
|-activate|p2a: Garganacl|move: Protect
|
|-heal|p2a: Garganacl|94/100|[from] item: Leftovers
|-damage|p1a: Great Tusk|10/100|[from] Salt Cure
|upkeep
|turn|32
|
|t:|1781320359
|move|p1a: Great Tusk|Close Combat|p2a: Garganacl
|-supereffective|p2a: Garganacl
|-damage|p2a: Garganacl|0 fnt
|-unboost|p1a: Great Tusk|def|1
|-unboost|p1a: Great Tusk|spd|1
|faint|p2a: Garganacl
|-damage|p1a: Great Tusk|0 fnt|[from] item: Life Orb
|faint|p1a: Great Tusk
|-end|p1a: Great Tusk|Protosynthesis|[silent]
|
|upkeep
|
|t:|1781320367
|switch|p1a: Corviknight|Corviknight, F, shiny|100/100
|switch|p2a: Serperior|Serperior, F|37/100
|-damage|p2a: Serperior|25/100|[from] Stealth Rock
|-damage|p1a: Corviknight|88/100|[from] Stealth Rock
|-ability|p1a: Corviknight|Pressure
|turn|33
|
|t:|1781320375
|move|p2a: Serperior|Glare|p1a: Corviknight
|-status|p1a: Corviknight|par
|cant|p1a: Corviknight|par
|
|-heal|p1a: Corviknight|94/100 par|[from] item: Leftovers
|upkeep
|turn|34
|
|t:|1781320382
|move|p2a: Serperior|Leaf Storm|p1a: Corviknight
|-resisted|p1a: Corviknight
|-damage|p1a: Corviknight|85/100 par
|-boost|p2a: Serperior|spa|2
|cant|p1a: Corviknight|par
|
|-heal|p1a: Corviknight|92/100 par|[from] item: Leftovers
|upkeep
|turn|35
|
|t:|1781320391
|-terastallize|p2a: Serperior|Dragon
|move|p2a: Serperior|Leaf Storm|p1a: Corviknight
|-resisted|p1a: Corviknight
|-damage|p1a: Corviknight|75/100 par
|-boost|p2a: Serperior|spa|2
|move|p1a: Corviknight|Brave Bird|p2a: Serperior
|-damage|p2a: Serperior|0 fnt
|faint|p2a: Serperior
|-damage|p1a: Corviknight|69/100 par|[from] Recoil
|
|win|stevstacks
|raw|stevstacks's rating: 1572 &rarr; <strong>1595</strong><br />(+23 for winning)
|raw|NoirShaadow's rating: 1621 &rarr; <strong>1598</strong><br />(-23 for losing)
|l|☆stevstacks
|player|p1|
|l|☆NoirShaadow
|player|p2|
