|j|☆c u soon boi
|j|☆glimpseman
|t:|1781300159
|gametype|singles
|player|p1|c u soon boi|2|1587
|player|p2|glimpseman|acetrainer-gen4dp|1582
|gen|9
|tier|[Gen 9] OU
|rated|
|rule|HP Percentage Mod: HP is shown in percentages
|rule|Endless Battle Clause: Forcing endless battles is banned
|rule|Species Clause: Limit one of each Pokémon
|rule|OHKO Clause: OHKO moves are banned
|rule|Evasion Items Clause: Evasion items are banned
|rule|Evasion Moves Clause: Evasion moves are banned
|rule|Evasion Abilities Clause: Evasion abilities are banned
|rule|Sleep Moves Clause: Sleep-inducing moves are banned
|clearpoke
|poke|p1|Smeargle, F|
|poke|p1|Ogerpon-Wellspring, F|
|poke|p1|Cloyster, M|
|poke|p1|Zamazenta-*|
|poke|p1|Dragonite, F|
|poke|p1|Iron Moth|
|poke|p2|Great Tusk|
|poke|p2|Samurott-Hisui, M|
|poke|p2|Gholdengo|
|poke|p2|Zamazenta-*|
|poke|p2|Iron Valiant|
|poke|p2|Talonflame, M|
|teampreview
|inactive|Battle timer is ON: inactive players will automatically lose when time's up. (requested by glimpseman)
|
|t:|1781300167
|teamsize|p1|6
|teamsize|p2|6
|start
|switch|p1a: Ogerpon|Ogerpon-Wellspring, F|100/100
|switch|p2a: Talonflame|Talonflame, M|100/100
|turn|1
|
|t:|1781300174
|move|p2a: Talonflame|U-turn|p1a: Ogerpon
|-supereffective|p1a: Ogerpon
|-damage|p1a: Ogerpon|64/100
|
|t:|1781300176
|switch|p2a: Samurott|Samurott-Hisui, M|100/100|[from] U-turn
|move|p1a: Ogerpon|Ivy Cudgel|p2a: Samurott|[anim] Ivy Cudgel Water
|-resisted|p2a: Samurott
|-crit|p2a: Samurott
|-damage|p2a: Samurott|47/100
|
|upkeep
|turn|2
|
|t:|1781300186
|move|p1a: Ogerpon|Power Whip|p2a: Samurott
|-supereffective|p2a: Samurott
|-damage|p2a: Samurott|0 fnt
|faint|p2a: Samurott
|
|upkeep
|
|t:|1781300206
|switch|p2a: Zamazenta|Zamazenta|100/100
|-ability|p2a: Zamazenta|Dauntless Shield|boost
|-boost|p2a: Zamazenta|def|1
|turn|3
|
|t:|1781300215
|move|p2a: Zamazenta|Iron Defense|p2a: Zamazenta
|-boost|p2a: Zamazenta|def|2
|move|p1a: Ogerpon|Ivy Cudgel|p2a: Zamazenta|[anim] Ivy Cudgel Water
|-damage|p2a: Zamazenta|78/100
|
|-heal|p2a: Zamazenta|84/100|[from] item: Leftovers
|upkeep
|turn|4
|
|t:|1781300223
|move|p2a: Zamazenta|Body Press|p1a: Ogerpon
|-damage|p1a: Ogerpon|0 fnt
|faint|p1a: Ogerpon
|
|-heal|p2a: Zamazenta|90/100|[from] item: Leftovers
|upkeep
|
|t:|1781300230
|switch|p1a: Smeargle|Smeargle, F|100/100
|turn|5
|
|t:|1781300234
|move|p2a: Zamazenta|Body Press|p1a: Smeargle
|-supereffective|p1a: Smeargle
|-enditem|p1a: Smeargle|Focus Sash
|-damage|p1a: Smeargle|1/100
|move|p1a: Smeargle|Nuzzle|p2a: Zamazenta
|-damage|p2a: Zamazenta|88/100
|-status|p2a: Zamazenta|par
|
|-heal|p2a: Zamazenta|95/100 par|[from] item: Leftovers
|upkeep
|turn|6
|
|t:|1781300247
|move|p1a: Smeargle|Ceaseless Edge|p2a: Zamazenta
|-resisted|p2a: Zamazenta
|-damage|p2a: Zamazenta|93/100 par
|-sidestart|p2: glimpseman|Spikes
|move|p2a: Zamazenta|Body Press|p1a: Smeargle
|-supereffective|p1a: Smeargle
|-damage|p1a: Smeargle|0 fnt
|faint|p1a: Smeargle
|
|-heal|p2a: Zamazenta|99/100 par|[from] item: Leftovers
|upkeep
|
|t:|1781300258
|switch|p1a: Iron Moth|Iron Moth|100/100
|-enditem|p1a: Iron Moth|Booster Energy
|-activate|p1a: Iron Moth|ability: Quark Drive|[fromitem]
|-start|p1a: Iron Moth|quarkdrivespa
|turn|7
|
|t:|1781300264
|move|p1a: Iron Moth|Dazzling Gleam|p2a: Zamazenta
|-supereffective|p2a: Zamazenta
|-damage|p2a: Zamazenta|29/100 par
|cant|p2a: Zamazenta|par
|
|-heal|p2a: Zamazenta|36/100 par|[from] item: Leftovers
|upkeep
|turn|8
|
|t:|1781300274
|move|p1a: Iron Moth|Fiery Dance|p2a: Zamazenta
|-damage|p2a: Zamazenta|0 fnt
|faint|p2a: Zamazenta
|
|upkeep
|
|t:|1781300290
|switch|p2a: Great Tusk|Great Tusk|100/100
|-damage|p2a: Great Tusk|88/100|[from] Spikes
|turn|9
|
|t:|1781300295
|-terastallize|p2a: Great Tusk|Electric
|move|p1a: Iron Moth|Dazzling Gleam|p2a: Great Tusk
|-damage|p2a: Great Tusk|25/100
|move|p2a: Great Tusk|Rapid Spin|p1a: Iron Moth
|-damage|p1a: Iron Moth|70/100
|-boost|p2a: Great Tusk|spe|1
|-sideend|p2: glimpseman|Spikes|[from] move: Rapid Spin|[of] p2a: Great Tusk
|
|-heal|p2a: Great Tusk|31/100|[from] item: Leftovers
|upkeep
|turn|10
|
|t:|1781300307
|move|p2a: Great Tusk|Headlong Rush|p1a: Iron Moth
|-supereffective|p1a: Iron Moth
|-damage|p1a: Iron Moth|0 fnt
|-unboost|p2a: Great Tusk|def|1
|-unboost|p2a: Great Tusk|spd|1
|faint|p1a: Iron Moth
|-end|p1a: Iron Moth|Quark Drive|[silent]
|
|-heal|p2a: Great Tusk|37/100|[from] item: Leftovers
|upkeep
|
|t:|1781300316
|switch|p1a: Cloyster|Cloyster, M|100/100
|turn|11
|
|t:|1781300321
|move|p2a: Great Tusk|Rapid Spin|p1a: Cloyster
|-damage|p1a: Cloyster|84/100
|-boost|p2a: Great Tusk|spe|1
|move|p1a: Cloyster|Shell Smash|p1a: Cloyster
|-unboost|p1a: Cloyster|def|1
|-unboost|p1a: Cloyster|spd|1
|-boost|p1a: Cloyster|atk|2
|-boost|p1a: Cloyster|spa|2
|-boost|p1a: Cloyster|spe|2
|
|-heal|p2a: Great Tusk|44/100|[from] item: Leftovers
|upkeep
|turn|12
|
|t:|1781300335
|move|p2a: Great Tusk|Headlong Rush|p1a: Cloyster
|-damage|p1a: Cloyster|6/100
|-unboost|p2a: Great Tusk|def|1
|-unboost|p2a: Great Tusk|spd|1
|move|p1a: Cloyster|Shell Smash|p1a: Cloyster
|-unboost|p1a: Cloyster|def|1
|-unboost|p1a: Cloyster|spd|1
|-boost|p1a: Cloyster|atk|2
|-boost|p1a: Cloyster|spa|2
|-boost|p1a: Cloyster|spe|2
|
|-heal|p2a: Great Tusk|50/100|[from] item: Leftovers
|upkeep
|turn|13
|
|t:|1781300347
|move|p1a: Cloyster|Icicle Spear|p2a: Great Tusk
|-damage|p2a: Great Tusk|3/100
|-damage|p2a: Great Tusk|0 fnt
|faint|p2a: Great Tusk
|-end|p2a: Great Tusk|Protosynthesis|[silent]
|-hitcount|p2: Great Tusk|2
|
|upkeep
|
|t:|1781300349
|switch|p2a: Gholdengo|Gholdengo|100/100
|-item|p2a: Gholdengo|Air Balloon
|turn|14
|
|t:|1781300357
|move|p1a: Cloyster|Icicle Spear|p2a: Gholdengo
|-resisted|p2a: Gholdengo
|-damage|p2a: Gholdengo|79/100
|-enditem|p2a: Gholdengo|Air Balloon
|-resisted|p2a: Gholdengo
|-damage|p2a: Gholdengo|59/100
|-resisted|p2a: Gholdengo
|-damage|p2a: Gholdengo|41/100
|-resisted|p2a: Gholdengo
|-damage|p2a: Gholdengo|20/100
|-resisted|p2a: Gholdengo
|-damage|p2a: Gholdengo|0 fnt
|faint|p2a: Gholdengo
|-hitcount|p2: Gholdengo|5
|
|upkeep
|-message|glimpseman forfeited.
|
|win|c u soon boi
|raw|c u soon boi's rating: 1587 &rarr; <strong>1607</strong><br />(+20 for winning)
|raw|glimpseman's rating: 1582 &rarr; <strong>1562</strong><br />(-20 for losing)
|l|☆c u soon boi
|player|p1|
|l|☆glimpseman
|player|p2|
