|badge|p1|bronze|gen9ou|100-9
|uhtml|medal-msg|<div class="broadcast-blue">Curious what those medals under the avatar are? PS now has Ladder Seasons! For more information, check out the <a href="https://www.smogon.com/forums/threads/3740067/">thread on Smogon.</a></div>
|badge|p2|bronze|gen9ou|100-9
|uhtml|medal-msg|<div class="broadcast-blue">Curious what those medals under the avatar are? PS now has Ladder Seasons! For more information, check out the <a href="https://www.smogon.com/forums/threads/3740067/">thread on Smogon.</a></div>
|j|‽roxty
|j|☆Floundso
|t:|1781181589
|gametype|singles
|player|p1|roxty|265|1839
|player|p2|Floundso|giovanni|1853
|gen|9
|tier|[Gen 9] OU
|rated|
|rule|HP Percentage Mod: HP is shown in percentages
|rule|Endless Battle Clause: Forcing endless battles is banned
|rule|Species Clause: Limit one of each Pokémon
|rule|OHKO Clause: OHKO moves are banned
|rule|Evasion Items Clause: Evasion items are banned
|rule|Evasion Moves Clause: Evasion moves are banned
|rule|Evasion Abilities Clause: Evasion abilities are banned
|rule|Sleep Moves Clause: Sleep-inducing moves are banned
|clearpoke
|poke|p1|Gliscor, F|
|poke|p1|Blissey, F|
|poke|p1|Clefable, F|
|poke|p1|Toxapex, F|
|poke|p1|Dondozo, F|
|poke|p1|Corviknight, M|
|poke|p2|Hoopa-Unbound|
|poke|p2|Pecharunt|
|poke|p2|Landorus-Therian, M|
|poke|p2|Cinderace, M|
|poke|p2|Alomomola, M|
|poke|p2|Iron Valiant|
|teampreview
|inactive|Battle timer is ON: inactive players will automatically lose when time's up. (requested by roxty)
|inactive|roxty has 120 seconds left.
|
|t:|1781181648
|teamsize|p1|6
|teamsize|p2|6
|start
|switch|p1a: Clefable|Clefable, F|100/100
|switch|p2a: Calamity|Iron Valiant, shiny|100/100
|turn|1
|
|t:|1781181663
|-end|p2a: Calamity|Quark Drive|[silent]
|switch|p2a: Liberacy|Cinderace, M, shiny|100/100
|switch|p1a: Toxapex|Toxapex, F, shiny|100/100
|
|upkeep
|turn|2
|
|t:|1781181681
|switch|p1a: Gliscor|Gliscor, F, shiny|100/100
|move|p2a: Liberacy|U-turn|p1a: Gliscor
|-start|p2a: Liberacy|typechange|Bug|[from] ability: Libero
|-resisted|p1a: Gliscor
|-damage|p1a: Gliscor|86/100
|
|t:|1781181688
|switch|p2a: Khaos|Hoopa-Unbound|100/100|[from] U-turn
|
|-status|p1a: Gliscor|tox|[from] item: Toxic Orb
|upkeep
|turn|3
|
|t:|1781181694
|switch|p1a: Clefable|Clefable, F|100/100
|-terastallize|p2a: Khaos|Dark
|move|p2a: Khaos|Hyperspace Fury|p1a: Clefable
|-resisted|p1a: Clefable
|-damage|p1a: Clefable|52/100
|-unboost|p2a: Khaos|def|1
|
|upkeep
|turn|4
|inactive|roxty has 120 seconds left.
|
|t:|1781181725
|move|p2a: Khaos|Hyperspace Fury|p1a: Clefable
|-resisted|p1a: Clefable
|-crit|p1a: Clefable
|-damage|p1a: Clefable|0 fnt
|-unboost|p2a: Khaos|def|1
|faint|p1a: Clefable
|
|upkeep
|inactive|roxty has 120 seconds left.
|
|t:|1781181732
|switch|p1a: Gliscor|Gliscor, F, shiny|86/100 tox
|turn|5
|
|t:|1781181741
|switch|p2a: Pisces|Alomomola, M, shiny|100/100
|move|p1a: Gliscor|Knock Off|p2a: Pisces
|-damage|p2a: Pisces|87/100
|-enditem|p2a: Pisces|Assault Vest|[from] move: Knock Off|[of] p1a: Gliscor
|
|-heal|p1a: Gliscor|99/100 tox|[from] ability: Poison Heal
|upkeep
|turn|6
|
|t:|1781181746
|move|p1a: Gliscor|Spikes|p2a: Pisces
|-sidestart|p2: Floundso|Spikes
|move|p2a: Pisces|Flip Turn|p1a: Gliscor
|-supereffective|p1a: Gliscor
|-damage|p1a: Gliscor|71/100 tox
|
|t:|1781181756
|switch|p2a: Khaos|Hoopa-Unbound, tera:Dark|100/100|[from] Flip Turn
|-damage|p2a: Khaos|88/100|[from] Spikes
|
|-heal|p1a: Gliscor|83/100 tox|[from] ability: Poison Heal
|upkeep
|turn|7
|
|t:|1781181777
|move|p1a: Gliscor|Knock Off|p2a: Khaos
|-resisted|p2a: Khaos
|-damage|p2a: Khaos|73/100
|-enditem|p2a: Khaos|Choice Band|[from] move: Knock Off|[of] p1a: Gliscor
|move|p2a: Khaos|Hyperspace Fury|p1a: Gliscor
|-damage|p1a: Gliscor|13/100 tox
|-unboost|p2a: Khaos|def|1
|-item|p2a: Khaos|Toxic Orb|[from] ability: Magician|[of] p1a: Gliscor
|
|-heal|p1a: Gliscor|25/100 tox|[from] ability: Poison Heal
|-status|p2a: Khaos|tox|[from] item: Toxic Orb
|upkeep
|turn|8
|j| Chimpzilla24
|l| Chimpzilla24
|
|t:|1781181802
|switch|p1a: Corviknight|Corviknight, M, shiny|100/100
|-ability|p1a: Corviknight|Pressure
|switch|p2a: Calamity|Iron Valiant, shiny|100/100
|-damage|p2a: Calamity|88/100|[from] Spikes
|
|upkeep
|turn|9
|
|t:|1781181808
|switch|p1a: Toxapex|Toxapex, F, shiny|100/100
|move|p2a: Calamity|Thunderbolt|p1a: Toxapex
|-supereffective|p1a: Toxapex
|-damage|p1a: Toxapex|44/100
|
|upkeep
|turn|10
|
|t:|1781181817
|-end|p2a: Calamity|Quark Drive|[silent]
|switch|p2a: Khaos|Hoopa-Unbound, tera:Dark|73/100 tox
|-damage|p2a: Khaos|61/100 tox|[from] Spikes
|switch|p1a: Blissey|Blissey, F|100/100
|
|-damage|p2a: Khaos|55/100 tox|[from] psn
|upkeep
|turn|11
|
|t:|1781181833
|switch|p1a: Corviknight|Corviknight, M, shiny|100/100
|-ability|p1a: Corviknight|Pressure
|move|p2a: Khaos|Hyperspace Fury|p1a: Corviknight
|-damage|p1a: Corviknight|30/100
|-unboost|p2a: Khaos|def|1
|
|-heal|p1a: Corviknight|36/100|[from] item: Leftovers
|-damage|p2a: Khaos|42/100 tox|[from] psn
|upkeep
|turn|12
|
|t:|1781181841
|move|p2a: Khaos|Knock Off|p1a: Corviknight
|-damage|p1a: Corviknight|0 fnt
|-enditem|p1a: Corviknight|Leftovers|[from] move: Knock Off|[of] p2a: Khaos
|faint|p1a: Corviknight
|
|-damage|p2a: Khaos|24/100 tox|[from] psn
|upkeep
|
|t:|1781181852
|switch|p1a: Toxapex|Toxapex, F, shiny|77/100
|turn|13
|inactive|Floundso has 120 seconds left.
|
|t:|1781181897
|move|p2a: Khaos|Zen Headbutt|p1a: Toxapex
|-supereffective|p1a: Toxapex
|-damage|p1a: Toxapex|0 fnt
|faint|p1a: Toxapex
|
|-damage|p2a: Khaos|0 fnt|[from] psn
|faint|p2a: Khaos
|upkeep
|
|t:|1781181918
|switch|p2a: Liberacy|Cinderace, M, shiny|100/100
|switch|p1a: Gliscor|Gliscor, F, shiny|25/100 tox
|turn|14
|
|t:|1781181923
|move|p1a: Gliscor|Protect|p1a: Gliscor
|-singleturn|p1a: Gliscor|Protect
|move|p2a: Liberacy|Pyro Ball|p1a: Gliscor
|-activate|p1a: Gliscor|move: Protect
|
|-heal|p1a: Gliscor|38/100 tox|[from] ability: Poison Heal
|upkeep
|turn|15
|
|t:|1781181928
|switch|p1a: Dondozo|Dondozo, F, shiny|100/100
|move|p2a: Liberacy|Pyro Ball|p1a: Dondozo
|-resisted|p1a: Dondozo
|-damage|p1a: Dondozo|88/100
|
|upkeep
|turn|16
|
|t:|1781181932
|switch|p1a: Gliscor|Gliscor, F, shiny|38/100 tox
|move|p2a: Liberacy|U-turn|p1a: Gliscor
|-start|p2a: Liberacy|typechange|Bug|[from] ability: Libero
|-resisted|p1a: Gliscor
|-damage|p1a: Gliscor|24/100 tox
|inactive|Floundso has 120 seconds left.
|
|t:|1781181940
|switch|p2a: Calamity|Iron Valiant, shiny|88/100|[from] U-turn
|-damage|p2a: Calamity|76/100|[from] Spikes
|
|-heal|p1a: Gliscor|37/100 tox|[from] ability: Poison Heal
|upkeep
|turn|17
|
|t:|1781181943
|move|p1a: Gliscor|Protect|p1a: Gliscor
|-singleturn|p1a: Gliscor|Protect
|move|p2a: Calamity|Moonblast|p1a: Gliscor
|-activate|p1a: Gliscor|move: Protect
|
|-heal|p1a: Gliscor|49/100 tox|[from] ability: Poison Heal
|upkeep
|turn|18
|
|t:|1781181947
|-end|p2a: Calamity|Quark Drive|[silent]
|switch|p2a: Liberacy|Cinderace, M, shiny|100/100
|switch|p1a: Blissey|Blissey, F|100/100
|
|upkeep
|turn|19
|
|t:|1781181951
|switch|p1a: Dondozo|Dondozo, F, shiny|88/100
|move|p2a: Liberacy|Court Change|p2a: Liberacy
|-start|p2a: Liberacy|typechange|Normal|[from] ability: Libero
|-swapsideconditions
|-activate|p2a: Liberacy|move: Court Change
|
|upkeep
|turn|20
|
|t:|1781181955
|move|p2a: Liberacy|U-turn|p1a: Dondozo
|-damage|p1a: Dondozo|77/100
|
|t:|1781181957
|switch|p2a: Enten|Landorus-Therian, M, shiny|100/100|[from] U-turn
|-ability|p2a: Enten|Intimidate|boost
|-unboost|p1a: Dondozo|atk|1
|move|p1a: Dondozo|Body Press|p2a: Enten
|-resisted|p2a: Enten
|-damage|p2a: Enten|85/100
|
|upkeep
|turn|21
|
|t:|1781181964
|switch|p1a: Gliscor|Gliscor, F, shiny|49/100 tox
|move|p2a: Enten|Grass Knot|p1a: Gliscor
|-damage|p1a: Gliscor|34/100 tox
|
|-heal|p1a: Gliscor|46/100 tox|[from] ability: Poison Heal
|upkeep
|turn|22
|
|t:|1781181975
|switch|p2a: Calamity|Iron Valiant, shiny|76/100
|move|p1a: Gliscor|Spikes|p2a: Calamity
|-sidestart|p2: Floundso|Spikes
|
|-heal|p1a: Gliscor|59/100 tox|[from] ability: Poison Heal
|upkeep
|turn|23
|
|t:|1781181980
|move|p1a: Gliscor|Protect|p1a: Gliscor
|-singleturn|p1a: Gliscor|Protect
|move|p2a: Calamity|Moonblast|p1a: Gliscor
|-activate|p1a: Gliscor|move: Protect
|
|-heal|p1a: Gliscor|71/100 tox|[from] ability: Poison Heal
|upkeep
|turn|24
|
|t:|1781181986
|move|p2a: Calamity|Moonblast|p1a: Gliscor
|-damage|p1a: Gliscor|0 fnt
|faint|p1a: Gliscor
|
|upkeep
|
|t:|1781181992
|switch|p1a: Blissey|Blissey, F|100/100
|turn|25
|
|t:|1781181996
|-end|p2a: Calamity|Quark Drive|[silent]
|switch|p2a: Pisces|Alomomola, M, shiny|100/100
|-damage|p2a: Pisces|88/100|[from] Spikes
|move|p1a: Blissey|Seismic Toss|p2a: Pisces
|-damage|p2a: Pisces|69/100
|
|upkeep
|turn|26
|
|t:|1781182000
|switch|p1a: Dondozo|Dondozo, F, shiny|77/100
|move|p2a: Pisces|Body Slam|p1a: Dondozo
|-damage|p1a: Dondozo|71/100
|
|upkeep
|turn|27
|
|t:|1781182006
|move|p2a: Pisces|Flip Turn|p1a: Dondozo
|-resisted|p1a: Dondozo
|-crit|p1a: Dondozo
|-damage|p1a: Dondozo|66/100
|
|t:|1781182008
|switch|p2a: Enten|Landorus-Therian, M, shiny|85/100|[from] Flip Turn
|-ability|p2a: Enten|Intimidate|boost
|-unboost|p1a: Dondozo|atk|1
|move|p1a: Dondozo|Body Press|p2a: Enten
|-resisted|p2a: Enten
|-damage|p2a: Enten|68/100
|
|upkeep
|turn|28
|
|t:|1781182022
|move|p2a: Enten|U-turn|p1a: Dondozo
|-crit|p1a: Dondozo
|-damage|p1a: Dondozo|49/100
|
|t:|1781182025
|switch|p2a: Liberacy|Cinderace, M, shiny|100/100|[from] U-turn
|move|p1a: Dondozo|Avalanche|p2a: Liberacy
|-resisted|p2a: Liberacy
|-damage|p2a: Liberacy|94/100
|
|upkeep
|turn|29
|
|t:|1781182029
|move|p2a: Liberacy|U-turn|p1a: Dondozo
|-start|p2a: Liberacy|typechange|Bug|[from] ability: Libero
|-damage|p1a: Dondozo|35/100
|
|t:|1781182036
|switch|p2a: Calamity|Iron Valiant, shiny|76/100|[from] U-turn
|-damage|p2a: Calamity|63/100|[from] Spikes
|move|p1a: Dondozo|Rest|p1a: Dondozo
|-status|p1a: Dondozo|slp|[from] move: Rest
|-heal|p1a: Dondozo|100/100 slp|[silent]
|
|upkeep
|turn|30
|
|t:|1781182044
|-end|p2a: Calamity|Quark Drive|[silent]
|switch|p2a: Enten|Landorus-Therian, M, shiny|68/100
|-ability|p2a: Enten|Intimidate|boost
|-unboost|p1a: Dondozo|atk|1
|switch|p1a: Blissey|Blissey, F|100/100
|
|upkeep
|turn|31
|
|t:|1781182046
|switch|p1a: Dondozo|Dondozo, F, shiny|100/100 slp
|move|p2a: Enten|Earthquake|p1a: Dondozo
|-damage|p1a: Dondozo|75/100 slp
|
|upkeep
|turn|32
|
|t:|1781182058
|switch|p2a: Overseer|Pecharunt|100/100
|cant|p1a: Dondozo|slp
|move|p1a: Dondozo|Sleep Talk|p1a: Dondozo
|move|p1a: Dondozo|Avalanche|p2a: Overseer|[from] move: Sleep Talk
|-damage|p2a: Overseer|94/100
|
|upkeep
|turn|33
|
|t:|1781182063
|move|p2a: Overseer|Malignant Chain|p1a: Dondozo
|-damage|p1a: Dondozo|42/100 slp
|cant|p1a: Dondozo|slp
|move|p1a: Dondozo|Sleep Talk|p1a: Dondozo
|move|p1a: Dondozo|Body Press|p2a: Overseer|[from] move: Sleep Talk
|-immune|p2a: Overseer
|
|upkeep
|turn|34
|
|t:|1781182069
|switch|p1a: Blissey|Blissey, F|100/100
|move|p2a: Overseer|Parting Shot|p1a: Blissey
|-unboost|p1a: Blissey|atk|1
|-unboost|p1a: Blissey|spa|1
|
|t:|1781182073
|switch|p2a: Enten|Landorus-Therian, M, shiny|68/100|[from] Parting Shot
|-ability|p2a: Enten|Intimidate|boost
|-unboost|p1a: Blissey|atk|1
|
|upkeep
|turn|35
|
|t:|1781182077
|switch|p1a: Dondozo|Dondozo, F, shiny|42/100 slp
|move|p2a: Enten|Earthquake|p1a: Dondozo
|-damage|p1a: Dondozo|16/100 slp
|
|upkeep
|turn|36
|-message|roxty forfeited.
|
|win|Floundso
|raw|roxty's rating: 1839 &rarr; <strong>1820</strong><br />(-19 for losing)
|raw|Floundso's rating: 1853 &rarr; <strong>1872</strong><br />(+19 for winning)
|l|‽roxty
|player|p1|
|l|☆Floundso
|player|p2|
