|j|☆lunachili
|j|☆kadu99
|t:|1780962306
|gametype|singles
|player|p1|lunachili|clown|1651
|player|p2|kadu99|policeman-gen4|1708
|gen|9
|tier|[Gen 9] OU
|rated|
|rule|HP Percentage Mod: HP is shown in percentages
|rule|Endless Battle Clause: Forcing endless battles is banned
|rule|Species Clause: Limit one of each Pokémon
|rule|OHKO Clause: OHKO moves are banned
|rule|Evasion Items Clause: Evasion items are banned
|rule|Evasion Moves Clause: Evasion moves are banned
|rule|Evasion Abilities Clause: Evasion abilities are banned
|rule|Sleep Moves Clause: Sleep-inducing moves are banned
|clearpoke
|poke|p1|Alomomola, F|
|poke|p1|Slowking-Galar, F|
|poke|p1|Kingambit, F|
|poke|p1|Great Tusk|
|poke|p1|Cinderace, F|
|poke|p1|Raging Bolt|
|poke|p2|Volcanion|
|poke|p2|Corviknight, F|
|poke|p2|Zamazenta-*|
|poke|p2|Rillaboom, F|
|poke|p2|Gliscor, M|
|poke|p2|Slowking-Galar, M|
|teampreview
|inactive|Battle timer is ON: inactive players will automatically lose when time's up. (requested by lunachili)
|j| kanitanku
|inactive|lunachili has 120 seconds left.
|
|t:|1780962366
|teamsize|p1|6
|teamsize|p2|6
|start
|switch|p1a: Great Tusk|Great Tusk|100/100
|switch|p2a: Gliscor|Gliscor, M|100/100
|turn|1
|
|t:|1780962373
|move|p1a: Great Tusk|Stealth Rock|p2a: Gliscor
|-sidestart|p2: kadu99|move: Stealth Rock
|move|p2a: Gliscor|Toxic|p1a: Great Tusk
|-status|p1a: Great Tusk|tox
|
|-damage|p1a: Great Tusk|94/100 tox|[from] psn
|-status|p2a: Gliscor|tox|[from] item: Toxic Orb
|upkeep
|turn|2
|
|t:|1780962384
|-end|p1a: Great Tusk|Protosynthesis|[silent]
|switch|p1a: Raging Bolt|Raging Bolt|100/100
|move|p2a: Gliscor|Protect||[still]
|-fail|p2a: Gliscor
|
|upkeep
|turn|3
|
|t:|1780962392
|move|p2a: Gliscor|Toxic|p1a: Raging Bolt
|-status|p1a: Raging Bolt|tox
|move|p1a: Raging Bolt|Draco Meteor|p2a: Gliscor
|-damage|p2a: Gliscor|29/100 tox
|-unboost|p1a: Raging Bolt|spa|2
|
|-heal|p2a: Gliscor|42/100 tox|[from] ability: Poison Heal
|-damage|p1a: Raging Bolt|94/100 tox|[from] psn
|upkeep
|turn|4
|
|t:|1780962404
|move|p2a: Gliscor|Protect|p2a: Gliscor
|-singleturn|p2a: Gliscor|Protect
|move|p1a: Raging Bolt|Calm Mind|p1a: Raging Bolt
|-boost|p1a: Raging Bolt|spa|1
|-boost|p1a: Raging Bolt|spd|1
|
|-heal|p1a: Raging Bolt|100/100 tox|[from] item: Leftovers
|-heal|p2a: Gliscor|54/100 tox|[from] ability: Poison Heal
|-damage|p1a: Raging Bolt|88/100 tox|[from] psn
|upkeep
|turn|5
|
|t:|1780962413
|switch|p2a: Slowking|Slowking-Galar, M|100/100
|-damage|p2a: Slowking|88/100|[from] Stealth Rock
|move|p1a: Raging Bolt|Draco Meteor|p2a: Slowking|[miss]
|-miss|p1a: Raging Bolt|p2a: Slowking
|
|-heal|p1a: Raging Bolt|94/100 tox|[from] item: Leftovers
|-damage|p1a: Raging Bolt|76/100 tox|[from] psn
|upkeep
|turn|6
|
|t:|1780962425
|-end|p1a: Raging Bolt|Protosynthesis|[silent]
|switch|p1a: Kingambit|Kingambit, F|100/100
|move|p2a: Slowking|Sludge Bomb|p1a: Kingambit
|-immune|p1a: Kingambit
|
|upkeep
|turn|7
|
|t:|1780962436
|-end|p1a: Kingambit|fallenundefined|[silent]
|switch|p1a: Cinderace|Cinderace, F|100/100
|switch|p2a: Corviknight|Corviknight, F|100/100
|-damage|p2a: Corviknight|88/100|[from] Stealth Rock
|-ability|p2a: Corviknight|Pressure
|
|upkeep
|turn|8
|
|t:|1780962445
|switch|p2a: Volcanion|Volcanion|100/100
|-damage|p2a: Volcanion|76/100|[from] Stealth Rock
|move|p1a: Cinderace|U-turn|p2a: Volcanion
|-start|p1a: Cinderace|typechange|Bug|[from] ability: Libero
|-resisted|p2a: Volcanion
|-damage|p2a: Volcanion|58/100
|
|t:|1780962463
|switch|p1a: Raging Bolt|Raging Bolt|76/100 tox|[from] U-turn
|
|-heal|p1a: Raging Bolt|82/100 tox|[from] item: Leftovers
|-damage|p1a: Raging Bolt|76/100 tox|[from] psn
|upkeep
|turn|9
|
|t:|1780962470
|switch|p2a: Slowking|Slowking-Galar, M|100/100
|-damage|p2a: Slowking|88/100|[from] Stealth Rock
|move|p1a: Raging Bolt|Draco Meteor|p2a: Slowking
|-damage|p2a: Slowking|52/100
|-unboost|p1a: Raging Bolt|spa|2
|
|-heal|p1a: Raging Bolt|82/100 tox|[from] item: Leftovers
|-damage|p1a: Raging Bolt|70/100 tox|[from] psn
|upkeep
|turn|10
|
|t:|1780962481
|-end|p1a: Raging Bolt|Protosynthesis|[silent]
|switch|p1a: Kingambit|Kingambit, F|100/100
|move|p2a: Slowking|Flamethrower|p1a: Kingambit
|-supereffective|p1a: Kingambit
|-damage|p1a: Kingambit|44/100
|
|-heal|p1a: Kingambit|50/100|[from] item: Leftovers
|upkeep
|turn|11
|
|t:|1780962488
|switch|p2a: Corviknight|Corviknight, F|88/100
|-damage|p2a: Corviknight|76/100|[from] Stealth Rock
|-ability|p2a: Corviknight|Pressure
|move|p1a: Kingambit|Kowtow Cleave|p2a: Corviknight
|-damage|p2a: Corviknight|47/100
|-damage|p1a: Kingambit|34/100|[from] item: Rocky Helmet|[of] p2a: Corviknight
|
|-heal|p1a: Kingambit|40/100|[from] item: Leftovers
|upkeep
|turn|12
|
|t:|1780962504
|-end|p1a: Kingambit|fallenundefined|[silent]
|switch|p1a: Cinderace|Cinderace, F|100/100
|move|p2a: Corviknight|Defog|p1a: Cinderace
|-unboost|p1a: Cinderace|evasion|1
|-sideend|p2: kadu99|Stealth Rock|[from] move: Defog|[of] p2a: Corviknight
|
|upkeep
|turn|13
|
|t:|1780962511
|switch|p2a: Volcanion|Volcanion|58/100
|move|p1a: Cinderace|Pyro Ball|p2a: Volcanion
|-resisted|p2a: Volcanion
|-damage|p2a: Volcanion|45/100
|
|upkeep
|turn|14
|j| BandedAI
|
|t:|1780962520
|move|p1a: Cinderace|U-turn|p2a: Volcanion
|-start|p1a: Cinderace|typechange|Bug|[from] ability: Libero
|-resisted|p2a: Volcanion
|-damage|p2a: Volcanion|28/100
|
|t:|1780962526
|switch|p1a: Slowking|Slowking-Galar, F|100/100|[from] U-turn
|move|p2a: Volcanion|Earth Power|p1a: Slowking
|-supereffective|p1a: Slowking
|-damage|p1a: Slowking|43/100
|
|upkeep
|turn|15
|
|t:|1780962533
|move|p2a: Volcanion|Earth Power|p1a: Slowking
|-supereffective|p1a: Slowking
|-damage|p1a: Slowking|0 fnt
|faint|p1a: Slowking
|
|upkeep
|
|t:|1780962546
|switch|p1a: Raging Bolt|Raging Bolt|70/100 tox
|turn|16
|
|t:|1780962551
|switch|p2a: Slowking|Slowking-Galar, M|85/100
|move|p1a: Raging Bolt|Thunderclap||[still]
|-fail|p1a: Raging Bolt
|
|-heal|p1a: Raging Bolt|76/100 tox|[from] item: Leftovers
|-damage|p1a: Raging Bolt|70/100 tox|[from] psn
|upkeep
|turn|17
|
|t:|1780962558
|move|p1a: Raging Bolt|Calm Mind|p1a: Raging Bolt
|-boost|p1a: Raging Bolt|spa|1
|-boost|p1a: Raging Bolt|spd|1
|move|p2a: Slowking|Ice Beam|p1a: Raging Bolt
|-supereffective|p1a: Raging Bolt
|-damage|p1a: Raging Bolt|41/100 tox
|
|-heal|p1a: Raging Bolt|47/100 tox|[from] item: Leftovers
|-damage|p1a: Raging Bolt|35/100 tox|[from] psn
|upkeep
|turn|18
|l| kanitanku
|
|t:|1780962566
|move|p1a: Raging Bolt|Draco Meteor|p2a: Slowking
|-damage|p2a: Slowking|28/100
|-unboost|p1a: Raging Bolt|spa|2
|move|p2a: Slowking|Sludge Bomb|p1a: Raging Bolt
|-damage|p1a: Raging Bolt|13/100 tox
|
|-heal|p1a: Raging Bolt|19/100 tox|[from] item: Leftovers
|-damage|p1a: Raging Bolt|1/100 tox|[from] psn
|upkeep
|turn|19
|j| kanitanku
|l| kanitanku
|
|t:|1780962576
|move|p1a: Raging Bolt|Draco Meteor|p2a: Slowking
|-damage|p2a: Slowking|5/100
|-unboost|p1a: Raging Bolt|spa|2
|move|p2a: Slowking|Flamethrower|p1a: Raging Bolt
|-resisted|p1a: Raging Bolt
|-damage|p1a: Raging Bolt|0 fnt
|faint|p1a: Raging Bolt
|-end|p1a: Raging Bolt|Protosynthesis|[silent]
|
|upkeep
|j| kanitanku
|
|t:|1780962593
|switch|p1a: Great Tusk|Great Tusk|94/100 tox
|turn|20
|
|t:|1780962596
|switch|p2a: Corviknight|Corviknight, F|47/100
|-ability|p2a: Corviknight|Pressure
|move|p1a: Great Tusk|Rapid Spin|p2a: Corviknight
|-resisted|p2a: Corviknight
|-damage|p2a: Corviknight|42/100
|-boost|p1a: Great Tusk|spe|1
|-damage|p1a: Great Tusk|78/100 tox|[from] item: Rocky Helmet|[of] p2a: Corviknight
|
|-damage|p1a: Great Tusk|72/100 tox|[from] psn
|upkeep
|turn|21
|
|t:|1780962606
|move|p1a: Great Tusk|Stealth Rock|p2a: Corviknight
|-sidestart|p2: kadu99|move: Stealth Rock
|move|p2a: Corviknight|Roost|p2a: Corviknight
|-heal|p2a: Corviknight|92/100
|-singleturn|p2a: Corviknight|move: Roost
|
|-damage|p1a: Great Tusk|59/100 tox|[from] psn
|upkeep
|turn|22
|
|t:|1780962613
|-end|p1a: Great Tusk|Protosynthesis|[silent]
|switch|p1a: Cinderace|Cinderace, F|100/100
|move|p2a: Corviknight|Brave Bird|p1a: Cinderace
|-damage|p1a: Cinderace|46/100
|-damage|p2a: Corviknight|79/100|[from] Recoil
|
|upkeep
|turn|23
|
|t:|1780962626
|move|p1a: Cinderace|Will-O-Wisp|p2a: Corviknight
|-status|p2a: Corviknight|brn
|move|p2a: Corviknight|Brave Bird|p1a: Cinderace
|-damage|p1a: Cinderace|20/100
|-damage|p2a: Corviknight|72/100 brn|[from] Recoil
|
|-damage|p2a: Corviknight|66/100 brn|[from] brn
|upkeep
|turn|24
|
|t:|1780962636
|move|p1a: Cinderace|Pyro Ball|p2a: Corviknight
|-supereffective|p2a: Corviknight
|-damage|p2a: Corviknight|0 fnt
|faint|p2a: Corviknight
|
|upkeep
|l| BandedAI
|
|t:|1780962647
|switch|p2a: Rillaboom|Rillaboom, F|100/100
|-damage|p2a: Rillaboom|88/100|[from] Stealth Rock
|-fieldstart|move: Grassy Terrain|[from] ability: Grassy Surge|[of] p2a: Rillaboom
|turn|25
|l| kanitanku
|
|t:|1780962659
|move|p2a: Rillaboom|Grassy Glide|p1a: Cinderace
|-resisted|p1a: Cinderace
|-damage|p1a: Cinderace|0 fnt
|faint|p1a: Cinderace
|-damage|p2a: Rillaboom|78/100|[from] item: Life Orb
|
|-heal|p2a: Rillaboom|84/100|[from] Grassy Terrain
|upkeep
|j| kanitanku
|inactive|lunachili has 120 seconds left.
|
|t:|1780962687
|switch|p1a: Great Tusk|Great Tusk|59/100 tox
|turn|26
|
|t:|1780962714
|switch|p2a: Volcanion|Volcanion|28/100
|-damage|p2a: Volcanion|3/100|[from] Stealth Rock
|-terastallize|p1a: Great Tusk|Ice
|move|p1a: Great Tusk|Ice Spinner|p2a: Volcanion
|-resisted|p2a: Volcanion
|-damage|p2a: Volcanion|0 fnt
|-fieldend|move: Grassy Terrain
|faint|p2a: Volcanion
|
|-damage|p1a: Great Tusk|53/100 tox|[from] psn
|upkeep
|inactive|kadu99 has 120 seconds left.
|
|t:|1780962725
|switch|p2a: Zamazenta|Zamazenta|100/100
|-damage|p2a: Zamazenta|94/100|[from] Stealth Rock
|-ability|p2a: Zamazenta|Dauntless Shield|boost
|-boost|p2a: Zamazenta|def|1
|turn|27
|
|t:|1780962735
|-end|p1a: Great Tusk|Protosynthesis|[silent]
|switch|p1a: Alomomola|Alomomola, F|100/100
|move|p2a: Zamazenta|Iron Defense|p2a: Zamazenta
|-boost|p2a: Zamazenta|def|2
|
|-heal|p2a: Zamazenta|100/100|[from] item: Leftovers
|upkeep
|turn|28
|
|t:|1780962741
|move|p2a: Zamazenta|Body Press|p1a: Alomomola
|-damage|p1a: Alomomola|58/100
|-damage|p2a: Zamazenta|84/100|[from] item: Rocky Helmet|[of] p1a: Alomomola
|move|p1a: Alomomola|Scald|p2a: Zamazenta
|-crit|p2a: Zamazenta
|-damage|p2a: Zamazenta|66/100
|
|-heal|p2a: Zamazenta|72/100|[from] item: Leftovers
|upkeep
|turn|29
|
|t:|1780962750
|move|p2a: Zamazenta|Body Press|p1a: Alomomola
|-damage|p1a: Alomomola|12/100
|-damage|p2a: Zamazenta|56/100|[from] item: Rocky Helmet|[of] p1a: Alomomola
|move|p1a: Alomomola|Scald|p2a: Zamazenta
|-crit|p2a: Zamazenta
|-damage|p2a: Zamazenta|40/100
|
|-heal|p2a: Zamazenta|47/100|[from] item: Leftovers
|upkeep
|turn|30
|-message|lunachili forfeited.
|
|win|kadu99
|raw|lunachili's rating: 1651 &rarr; <strong>1634</strong><br />(-17 for losing)
|raw|kadu99's rating: 1708 &rarr; <strong>1725</strong><br />(+17 for winning)
|l|☆lunachili
|player|p1|
|l| kanitanku
