|j|☆A4555
|j|☆levijoseph
|t:|1781443498
|gametype|singles
|player|p1|A4555|sisandbro|1536
|player|p2|levijoseph|1|1598
|gen|9
|tier|[Gen 9] OU
|rated|
|rule|HP Percentage Mod: HP is shown in percentages
|rule|Endless Battle Clause: Forcing endless battles is banned
|rule|Species Clause: Limit one of each Pokémon
|rule|OHKO Clause: OHKO moves are banned
|rule|Evasion Items Clause: Evasion items are banned
|rule|Evasion Moves Clause: Evasion moves are banned
|rule|Evasion Abilities Clause: Evasion abilities are banned
|rule|Sleep Moves Clause: Sleep-inducing moves are banned
|clearpoke
|poke|p1|Cinderace, M|
|poke|p1|Zapdos|
|poke|p1|Kingambit, M|
|poke|p1|Kyurem|
|poke|p1|Great Tusk|
|poke|p1|Slowking-Galar, F|
|poke|p2|Sableye, F|
|poke|p2|Serperior, M|
|poke|p2|Suicune|
|poke|p2|Smeargle, F|
|poke|p2|Clefable, M|
|poke|p2|Quaquaval, M|
|teampreview
|inactive|Battle timer is ON: inactive players will automatically lose when time's up. (requested by A4555)
|
|t:|1781443515
|teamsize|p1|6
|teamsize|p2|6
|start
|switch|p1a: Zapdos|Zapdos, shiny|100/100
|switch|p2a: Smeargle|Smeargle, F|100/100
|turn|1
|
|t:|1781443520
|move|p2a: Smeargle|Stealth Rock|p1a: Zapdos
|-sidestart|p1: A4555|move: Stealth Rock
|move|p1a: Zapdos|Volt Switch|p2a: Smeargle
|-damage|p2a: Smeargle|42/100
|j| kanitanku
|
|t:|1781443523
|switch|p1a: Cinderace|Cinderace, M|100/100|[from] Volt Switch
|
|upkeep
|turn|2
|l| kanitanku
|
|t:|1781443534
|move|p1a: Cinderace|Pyro Ball|p2a: Smeargle
|-damage|p2a: Smeargle|0 fnt
|faint|p2a: Smeargle
|
|upkeep
|
|t:|1781443537
|switch|p2a: Sableye|Sableye, F|100/100
|turn|3
|
|t:|1781443545
|move|p2a: Sableye|Encore|p1a: Cinderace
|-start|p1a: Cinderace|Encore
|move|p1a: Cinderace|Pyro Ball|p2a: Sableye
|-damage|p2a: Sableye|33/100
|
|-heal|p2a: Sableye|39/100|[from] item: Leftovers
|upkeep
|turn|4
|
|t:|1781443548
|move|p1a: Cinderace|Pyro Ball|p2a: Sableye
|-damage|p2a: Sableye|0 fnt
|faint|p2a: Sableye
|
|upkeep
|
|t:|1781443550
|switch|p2a: Suicune|Suicune|100/100
|-ability|p2a: Suicune|Pressure
|turn|5
|
|t:|1781443554
|switch|p1a: Zapdos|Zapdos, shiny|100/100
|move|p2a: Suicune|Substitute|p2a: Suicune
|-start|p2a: Suicune|Substitute
|-damage|p2a: Suicune|75/100
|
|-heal|p2a: Suicune|82/100|[from] item: Leftovers
|upkeep
|turn|6
|j| kanitanku
|
|t:|1781443557
|move|p2a: Suicune|Protect|p2a: Suicune
|-singleturn|p2a: Suicune|Protect
|move|p1a: Zapdos|Volt Switch|p2a: Suicune
|-activate|p2a: Suicune|move: Protect
|
|-heal|p2a: Suicune|88/100|[from] item: Leftovers
|upkeep
|turn|7
|
|t:|1781443560
|move|p1a: Zapdos|Volt Switch|p2a: Suicune
|-supereffective|p2a: Suicune
|-end|p2a: Suicune|Substitute
|
|t:|1781443568
|switch|p1a: Kyurem|Kyurem|100/100|[from] Volt Switch
|-damage|p1a: Kyurem|76/100|[from] Stealth Rock
|-ability|p1a: Kyurem|Pressure
|move|p2a: Suicune|Calm Mind|p2a: Suicune
|-boost|p2a: Suicune|spa|1
|-boost|p2a: Suicune|spd|1
|
|-heal|p2a: Suicune|94/100|[from] item: Leftovers
|upkeep
|turn|8
|
|t:|1781443572
|move|p2a: Suicune|Protect|p2a: Suicune
|-singleturn|p2a: Suicune|Protect
|move|p1a: Kyurem|Freeze-Dry|p2a: Suicune
|-activate|p2a: Suicune|move: Protect
|
|-heal|p2a: Suicune|99/100|[from] item: Leftovers
|upkeep
|turn|9
|
|t:|1781443577
|move|p1a: Kyurem|Freeze-Dry|p2a: Suicune
|-supereffective|p2a: Suicune
|-damage|p2a: Suicune|42/100
|move|p2a: Suicune|Calm Mind|p2a: Suicune
|-boost|p2a: Suicune|spa|1
|-boost|p2a: Suicune|spd|1
|
|-heal|p2a: Suicune|48/100|[from] item: Leftovers
|upkeep
|turn|10
|l| kanitanku
|j| kanitanku
|inactive|A4555 has 120 seconds left.
|
|t:|1781443609
|-terastallize|p1a: Kyurem|Ice
|move|p2a: Suicune|Protect|p2a: Suicune
|-singleturn|p2a: Suicune|Protect
|move|p1a: Kyurem|Freeze-Dry|p2a: Suicune
|-activate|p2a: Suicune|move: Protect
|
|-heal|p2a: Suicune|54/100|[from] item: Leftovers
|upkeep
|turn|11
|
|t:|1781443618
|move|p1a: Kyurem|Freeze-Dry|p2a: Suicune
|-supereffective|p2a: Suicune
|-damage|p2a: Suicune|0 fnt
|faint|p2a: Suicune
|
|upkeep
|
|t:|1781443621
|switch|p2a: Serperior|Serperior, M|100/100
|turn|12
|
|t:|1781443625
|move|p2a: Serperior|Glare|p1a: Kyurem
|-status|p1a: Kyurem|par
|move|p1a: Kyurem|Freeze-Dry|p2a: Serperior
|-supereffective|p2a: Serperior
|-damage|p2a: Serperior|0 fnt
|faint|p2a: Serperior
|
|upkeep
|
|t:|1781443631
|switch|p2a: Clefable|Clefable, M|100/100
|turn|13
|
|t:|1781443637
|switch|p1a: Slowking|Slowking-Galar, F|100/100
|-damage|p1a: Slowking|88/100|[from] Stealth Rock
|move|p2a: Clefable|Moonblast|p1a: Slowking
|-resisted|p1a: Slowking
|-damage|p1a: Slowking|75/100
|
|upkeep
|turn|14
|
|t:|1781443643
|move|p2a: Clefable|Moonblast|p1a: Slowking
|-resisted|p1a: Slowking
|-damage|p1a: Slowking|63/100
|move|p1a: Slowking|Future Sight|p2a: Clefable
|-start|p1a: Slowking|move: Future Sight
|
|upkeep
|turn|15
|
|t:|1781443648
|move|p2a: Clefable|Cosmic Power|p2a: Clefable
|-boost|p2a: Clefable|def|1
|-boost|p2a: Clefable|spd|1
|-prepare|p1a: Slowking|Chilly Reception|[premajor]
|move|p1a: Slowking|Chilly Reception|p1a: Slowking
|-weather|Snowscape
|l| kanitanku
|
|t:|1781443655
|switch|p1a: Great Tusk|Great Tusk|100/100|[from] Chilly Reception
|-damage|p1a: Great Tusk|97/100|[from] Stealth Rock
|
|-weather|Snowscape|[upkeep]
|-heal|p1a: Great Tusk|100/100|[from] item: Leftovers
|upkeep
|turn|16
|j| kanitanku
|
|t:|1781443661
|move|p1a: Great Tusk|Headlong Rush|p2a: Clefable
|-damage|p2a: Clefable|55/100
|-unboost|p1a: Great Tusk|def|1
|-unboost|p1a: Great Tusk|spd|1
|move|p2a: Clefable|Moonblast|p1a: Great Tusk
|-supereffective|p1a: Great Tusk
|-damage|p1a: Great Tusk|0 fnt
|faint|p1a: Great Tusk
|-end|p1a: Great Tusk|Protosynthesis|[silent]
|
|-weather|Snowscape|[upkeep]
|-end|p2a: Clefable|move: Future Sight
|-damage|p2a: Clefable|25/100
|-heal|p2a: Clefable|31/100|[from] item: Leftovers
|upkeep
|
|t:|1781443669
|switch|p1a: Kingambit|Kingambit, M|100/100
|-damage|p1a: Kingambit|94/100|[from] Stealth Rock
|-activate|p1a: Kingambit|ability: Supreme Overlord
|-start|p1a: Kingambit|fallen1|[silent]
|turn|17
|
|t:|1781443671
|move|p1a: Kingambit|Iron Head|p2a: Clefable
|-supereffective|p2a: Clefable
|-damage|p2a: Clefable|0 fnt
|faint|p2a: Clefable
|
|-weather|Snowscape|[upkeep]
|-heal|p1a: Kingambit|100/100|[from] item: Leftovers
|upkeep
|
|t:|1781443673
|switch|p2a: Quaquaval|Quaquaval, M|100/100
|turn|18
|
|t:|1781443680
|move|p2a: Quaquaval|Swords Dance|p2a: Quaquaval
|-boost|p2a: Quaquaval|atk|2
|move|p1a: Kingambit|Iron Head|p2a: Quaquaval
|-resisted|p2a: Quaquaval
|-damage|p2a: Quaquaval|69/100
|
|-weather|Snowscape|[upkeep]
|-heal|p2a: Quaquaval|75/100|[from] item: Leftovers
|upkeep
|turn|19
|
|t:|1781443686
|move|p2a: Quaquaval|Aqua Step|p1a: Kingambit
|-damage|p1a: Kingambit|30/100
|-boost|p2a: Quaquaval|spe|1
|move|p1a: Kingambit|Low Kick|p2a: Quaquaval
|-damage|p2a: Quaquaval|29/100
|
|-weather|none
|-heal|p2a: Quaquaval|36/100|[from] item: Leftovers
|-heal|p1a: Kingambit|36/100|[from] item: Leftovers
|upkeep
|turn|20
|
|t:|1781443692
|move|p2a: Quaquaval|Aqua Step|p1a: Kingambit
|-damage|p1a: Kingambit|0 fnt
|-boost|p2a: Quaquaval|spe|1
|faint|p1a: Kingambit
|-end|p1a: Kingambit|fallen1|[silent]
|-ability|p2a: Quaquaval|Moxie|boost
|-boost|p2a: Quaquaval|atk|1
|
|-heal|p2a: Quaquaval|42/100|[from] item: Leftovers
|upkeep
|
|t:|1781443703
|switch|p1a: Zapdos|Zapdos, shiny|100/100
|turn|21
|
|t:|1781443708
|move|p2a: Quaquaval|Aqua Step|p1a: Zapdos
|-damage|p1a: Zapdos|23/100
|-boost|p2a: Quaquaval|spe|1
|-status|p2a: Quaquaval|par|[from] ability: Static|[of] p1a: Zapdos
|move|p1a: Zapdos|Volt Switch|p2a: Quaquaval
|-supereffective|p2a: Quaquaval
|-damage|p2a: Quaquaval|0 fnt
|faint|p2a: Quaquaval
|
|win|A4555
|raw|A4555's rating: 1536 &rarr; <strong>1560</strong><br />(+24 for winning)
|raw|levijoseph's rating: 1598 &rarr; <strong>1574</strong><br />(-24 for losing)
|l|☆levijoseph
|player|p2|
|l|☆A4555
|player|p1|
|l| kanitanku
