|badge|p2|bronze|gen9randombattle|100-9
|uhtml|medal-msg|<div class="broadcast-blue">Curious what those medals under the avatar are? PS now has Ladder Seasons! For more information, check out the <a href="https://www.smogon.com/forums/threads/3740067/">thread on Smogon.</a></div>
|j|‽yesterdaymister
|j|‽LT_Alt1
|t:|1781304004
|gametype|singles
|player|p1|yesterdaymister|striker|1703
|player|p2|LT_Alt1|1|1741
|gen|9
|tier|[Gen 9] OU
|rated|
|rule|HP Percentage Mod: HP is shown in percentages
|rule|Endless Battle Clause: Forcing endless battles is banned
|rule|Species Clause: Limit one of each Pokémon
|rule|OHKO Clause: OHKO moves are banned
|rule|Evasion Items Clause: Evasion items are banned
|rule|Evasion Moves Clause: Evasion moves are banned
|rule|Evasion Abilities Clause: Evasion abilities are banned
|rule|Sleep Moves Clause: Sleep-inducing moves are banned
|clearpoke
|poke|p1|Ninetales, M|
|poke|p1|Ceruledge, F|
|poke|p1|Venusaur, M|
|poke|p1|Hatterene, F|
|poke|p1|Great Tusk|
|poke|p1|Walking Wake|
|poke|p2|Kyurem|
|poke|p2|Raging Bolt|
|poke|p2|Hatterene, F|
|poke|p2|Slowking-Galar, M|
|poke|p2|Ting-Lu|
|poke|p2|Corviknight, M|
|teampreview
|inactive|Battle timer is ON: inactive players will automatically lose when time's up. (requested by yesterdaymister)
|
|t:|1781304015
|teamsize|p1|6
|teamsize|p2|6
|start
|switch|p1a: Great Tusk|Great Tusk|100/100
|switch|p2a: Slowking|Slowking-Galar, M|100/100
|turn|1
|
|t:|1781304023
|move|p1a: Great Tusk|Headlong Rush|p2a: Slowking
|-supereffective|p2a: Slowking
|-enditem|p2a: Slowking|Shuca Berry|[eat]
|-enditem|p2a: Slowking|Shuca Berry|[weaken]
|-damage|p2a: Slowking|52/100
|-unboost|p1a: Great Tusk|def|1
|-unboost|p1a: Great Tusk|spd|1
|-prepare|p2a: Slowking|Chilly Reception|[premajor]
|move|p2a: Slowking|Chilly Reception|p2a: Slowking
|-weather|Snowscape
|
|t:|1781304031
|switch|p2a: Kyurem|Kyurem|100/100|[from] Chilly Reception
|-ability|p2a: Kyurem|Pressure
|
|-weather|Snowscape|[upkeep]
|upkeep
|turn|2
|
|t:|1781304038
|-end|p1a: Great Tusk|Protosynthesis|[silent]
|switch|p1a: Hatterene|Hatterene, F|100/100
|move|p2a: Kyurem|Draco Meteor|p1a: Hatterene
|-immune|p1a: Hatterene
|
|-weather|Snowscape|[upkeep]
|upkeep
|turn|3
|
|t:|1781304043
|switch|p2a: Ting-Lu|Ting-Lu|100/100
|-ability|p2a: Ting-Lu|Vessel of Ruin
|move|p1a: Hatterene|Nuzzle|p2a: Ting-Lu
|-immune|p2a: Ting-Lu
|
|-weather|Snowscape|[upkeep]
|upkeep
|turn|4
|
|t:|1781304047
|move|p2a: Ting-Lu|Ruination|p1a: Hatterene|[miss]
|-miss|p2a: Ting-Lu|p1a: Hatterene
|move|p1a: Hatterene|Dazzling Gleam|p2a: Ting-Lu
|-supereffective|p2a: Ting-Lu
|-damage|p2a: Ting-Lu|67/100
|
|-weather|Snowscape|[upkeep]
|-heal|p2a: Ting-Lu|74/100|[from] item: Leftovers
|upkeep
|turn|5
|
|t:|1781304051
|switch|p2a: Slowking|Slowking-Galar, M|85/100
|move|p1a: Hatterene|Dazzling Gleam|p2a: Slowking
|-resisted|p2a: Slowking
|-damage|p2a: Slowking|74/100
|
|-weather|none
|upkeep
|turn|6
|
|t:|1781304054
|move|p1a: Hatterene|Nuzzle|p2a: Slowking
|-damage|p2a: Slowking|71/100
|-status|p2a: Slowking|par
|move|p2a: Slowking|Sludge Bomb|p1a: Hatterene
|-supereffective|p1a: Hatterene
|-damage|p1a: Hatterene|31/100
|-enditem|p1a: Hatterene|Eject Button
|
|t:|1781304058
|switch|p1a: Ceruledge|Ceruledge, F|100/100
|
|upkeep
|turn|7
|inactive|LT_Alt1 has 120 seconds left.
|
|t:|1781304095
|switch|p2a: Raging Bolt|Raging Bolt|100/100
|move|p1a: Ceruledge|Swords Dance|p1a: Ceruledge
|-boost|p1a: Ceruledge|atk|2
|
|upkeep
|turn|8
|
|t:|1781304098
|move|p1a: Ceruledge|Poltergeist|p2a: Raging Bolt|[miss]
|-miss|p1a: Ceruledge|p2a: Raging Bolt
|move|p2a: Raging Bolt|Volt Switch|p1a: Ceruledge
|-damage|p1a: Ceruledge|53/100
|
|t:|1781304100
|-end|p2a: Raging Bolt|Protosynthesis|[silent]
|switch|p2a: Kyurem|Kyurem|100/100|[from] Volt Switch
|-ability|p2a: Kyurem|Pressure
|
|upkeep
|turn|9
|
|t:|1781304112
|switch|p1a: Hatterene|Hatterene, F|31/100
|move|p2a: Kyurem|Earth Power|p1a: Hatterene
|-damage|p1a: Hatterene|0 fnt
|faint|p1a: Hatterene
|
|upkeep
|
|t:|1781304115
|switch|p1a: Ninetales|Ninetales, M|100/100
|-weather|SunnyDay|[from] ability: Drought|[of] p1a: Ninetales
|turn|10
|
|t:|1781304130
|switch|p1a: Ceruledge|Ceruledge, F|53/100
|switch|p2a: Slowking|Slowking-Galar, M|100/100 par
|
|-weather|SunnyDay|[upkeep]
|upkeep
|turn|11
|
|t:|1781304137
|move|p1a: Ceruledge|Bitter Blade|p2a: Slowking
|-damage|p2a: Slowking|42/100 par
|-heal|p1a: Ceruledge|93/100|[from] drain|[of] p2a: Slowking
|-prepare|p2a: Slowking|Chilly Reception|[premajor]
|move|p2a: Slowking|Chilly Reception|p2a: Slowking
|-weather|Snowscape
|
|t:|1781304143
|switch|p2a: Kyurem|Kyurem|100/100|[from] Chilly Reception
|-ability|p2a: Kyurem|Pressure
|
|-weather|Snowscape|[upkeep]
|upkeep
|turn|12
|
|t:|1781304158
|switch|p1a: Ninetales|Ninetales, M|100/100
|-weather|SunnyDay|[from] ability: Drought|[of] p1a: Ninetales
|move|p2a: Kyurem|Draco Meteor|p1a: Ninetales
|-damage|p1a: Ninetales|0 fnt
|-unboost|p2a: Kyurem|spa|2
|faint|p1a: Ninetales
|
|-weather|SunnyDay|[upkeep]
|upkeep
|
|t:|1781304161
|switch|p1a: Venusaur|Venusaur, M|100/100
|turn|13
|
|t:|1781304171
|switch|p2a: Raging Bolt|Raging Bolt|100/100
|-activate|p2a: Raging Bolt|ability: Protosynthesis
|-start|p2a: Raging Bolt|protosynthesisspa
|move|p1a: Venusaur|Growth|p1a: Venusaur
|-boost|p1a: Venusaur|atk|2
|-boost|p1a: Venusaur|spa|2
|
|-weather|SunnyDay|[upkeep]
|upkeep
|turn|14
|
|t:|1781304176
|move|p1a: Venusaur|Sludge Bomb|p2a: Raging Bolt
|-damage|p2a: Raging Bolt|32/100
|-damage|p1a: Venusaur|91/100|[from] item: Life Orb
|move|p2a: Raging Bolt|Draco Meteor|p1a: Venusaur
|-damage|p1a: Venusaur|0 fnt
|-unboost|p2a: Raging Bolt|spa|2
|faint|p1a: Venusaur
|
|-weather|SunnyDay|[upkeep]
|upkeep
|
|t:|1781304180
|switch|p1a: Ceruledge|Ceruledge, F|93/100
|turn|15
|
|t:|1781304186
|move|p1a: Ceruledge|Swords Dance|p1a: Ceruledge
|-boost|p1a: Ceruledge|atk|2
|move|p2a: Raging Bolt|Volt Switch|p1a: Ceruledge
|-damage|p1a: Ceruledge|63/100
|
|t:|1781304189
|-end|p2a: Raging Bolt|Protosynthesis|[silent]
|switch|p2a: Kyurem|Kyurem|100/100|[from] Volt Switch
|-ability|p2a: Kyurem|Pressure
|
|-weather|SunnyDay|[upkeep]
|upkeep
|turn|16
|
|t:|1781304193
|-terastallize|p1a: Ceruledge|Fairy
|move|p2a: Kyurem|Draco Meteor|p1a: Ceruledge
|-immune|p1a: Ceruledge
|move|p1a: Ceruledge|Bitter Blade|p2a: Kyurem
|-damage|p2a: Kyurem|0 fnt
|-heal|p1a: Ceruledge|100/100|[from] drain|[of] p2a: Kyurem
|faint|p2a: Kyurem
|
|-weather|SunnyDay|[upkeep]
|upkeep
|
|t:|1781304202
|switch|p2a: Ting-Lu|Ting-Lu|74/100
|-ability|p2a: Ting-Lu|Vessel of Ruin
|turn|17
|
|t:|1781304210
|move|p1a: Ceruledge|Bitter Blade|p2a: Ting-Lu
|-damage|p2a: Ting-Lu|11/100
|move|p2a: Ting-Lu|Whirlwind|p1a: Ceruledge
|drag|p1a: Great Tusk|Great Tusk|100/100
|-activate|p1a: Great Tusk|ability: Protosynthesis
|-start|p1a: Great Tusk|protosynthesisspe
|
|-weather|SunnyDay|[upkeep]
|-heal|p2a: Ting-Lu|17/100|[from] item: Leftovers
|upkeep
|turn|18
|
|t:|1781304218
|move|p1a: Great Tusk|Headlong Rush|p2a: Ting-Lu
|-damage|p2a: Ting-Lu|0 fnt
|-unboost|p1a: Great Tusk|def|1
|-unboost|p1a: Great Tusk|spd|1
|faint|p2a: Ting-Lu
|
|-weather|SunnyDay|[upkeep]
|upkeep
|
|t:|1781304226
|switch|p2a: Corviknight|Corviknight, M|100/100
|-ability|p2a: Corviknight|Pressure
|turn|19
|
|t:|1781304233
|-end|p1a: Great Tusk|Protosynthesis|[silent]
|switch|p1a: Ceruledge|Ceruledge, F, tera:Fairy|100/100
|move|p2a: Corviknight|Iron Defense|p2a: Corviknight
|-boost|p2a: Corviknight|def|2
|
|-weather|none
|upkeep
|turn|20
|
|t:|1781304242
|switch|p1a: Walking Wake|Walking Wake|100/100
|move|p2a: Corviknight|Iron Defense|p2a: Corviknight
|-boost|p2a: Corviknight|def|2
|
|upkeep
|turn|21
|j| deadbyflinch
|
|t:|1781304257
|switch|p2a: Slowking|Slowking-Galar, M|76/100 par
|move|p1a: Walking Wake|Flamethrower|p2a: Slowking
|-damage|p2a: Slowking|45/100 par
|
|upkeep
|turn|22
|
|t:|1781304262
|move|p1a: Walking Wake|Flamethrower|p2a: Slowking
|-damage|p2a: Slowking|10/100 par
|-prepare|p2a: Slowking|Chilly Reception|[premajor]
|move|p2a: Slowking|Chilly Reception|p2a: Slowking
|-weather|Snowscape
|
|t:|1781304266
|switch|p2a: Raging Bolt|Raging Bolt|32/100|[from] Chilly Reception
|
|-weather|Snowscape|[upkeep]
|upkeep
|turn|23
|
|t:|1781304287
|-end|p1a: Walking Wake|Protosynthesis|[silent]
|switch|p1a: Great Tusk|Great Tusk|100/100
|move|p2a: Raging Bolt|Draco Meteor|p1a: Great Tusk
|-damage|p1a: Great Tusk|0 fnt
|-unboost|p2a: Raging Bolt|spa|2
|faint|p1a: Great Tusk
|-end|p1a: Great Tusk|Protosynthesis|[silent]
|
|-weather|Snowscape|[upkeep]
|upkeep
|
|t:|1781304289
|switch|p1a: Ceruledge|Ceruledge, F, tera:Fairy|100/100
|turn|24
|
|t:|1781304293
|move|p1a: Ceruledge|Swords Dance|p1a: Ceruledge
|-boost|p1a: Ceruledge|atk|2
|move|p2a: Raging Bolt|Volt Switch|p1a: Ceruledge
|-damage|p1a: Ceruledge|75/100
|
|t:|1781304304
|-end|p2a: Raging Bolt|Protosynthesis|[silent]
|switch|p2a: Corviknight|Corviknight, M|100/100|[from] Volt Switch
|-ability|p2a: Corviknight|Pressure
|
|-weather|Snowscape|[upkeep]
|upkeep
|turn|25
|
|t:|1781304308
|-terastallize|p2a: Corviknight|Dragon
|move|p1a: Ceruledge|Bitter Blade|p2a: Corviknight
|-resisted|p2a: Corviknight
|-damage|p2a: Corviknight|70/100
|-heal|p1a: Ceruledge|95/100|[from] drain|[of] p2a: Corviknight
|-damage|p1a: Ceruledge|79/100|[from] item: Rocky Helmet|[of] p2a: Corviknight
|move|p2a: Corviknight|Iron Defense|p2a: Corviknight
|-boost|p2a: Corviknight|def|2
|
|-weather|Snowscape|[upkeep]
|upkeep
|turn|26
|
|t:|1781304317
|switch|p1a: Walking Wake|Walking Wake|100/100
|move|p2a: Corviknight|Roost|p2a: Corviknight
|-heal|p2a: Corviknight|100/100
|
|-weather|none
|upkeep
|turn|27
|
|t:|1781304323
|-end|p1a: Walking Wake|Protosynthesis|[silent]
|switch|p1a: Ceruledge|Ceruledge, F, tera:Fairy|79/100
|switch|p2a: Slowking|Slowking-Galar, M|43/100 par
|
|upkeep
|turn|28
|
|t:|1781304330
|move|p1a: Ceruledge|Swords Dance|p1a: Ceruledge
|-boost|p1a: Ceruledge|atk|2
|cant|p2a: Slowking|par
|
|upkeep
|turn|29
|
|t:|1781304336
|move|p1a: Ceruledge|Bitter Blade|p2a: Slowking
|-damage|p2a: Slowking|0 fnt
|-heal|p1a: Ceruledge|100/100|[from] drain|[of] p2a: Slowking
|faint|p2a: Slowking
|
|upkeep
|
|t:|1781304342
|switch|p2a: Corviknight|Corviknight, M, tera:Dragon|100/100
|-ability|p2a: Corviknight|Pressure
|turn|30
|
|t:|1781304345
|move|p1a: Ceruledge|Poltergeist|p2a: Corviknight
|-activate|p2a: Corviknight|move: Poltergeist|Rocky Helmet
|-damage|p2a: Corviknight|30/100
|move|p2a: Corviknight|Iron Defense|p2a: Corviknight
|-boost|p2a: Corviknight|def|2
|
|upkeep
|turn|31
|
|t:|1781304350
|move|p1a: Ceruledge|Poltergeist|p2a: Corviknight
|-activate|p2a: Corviknight|move: Poltergeist|Rocky Helmet
|-damage|p2a: Corviknight|0 fnt
|faint|p2a: Corviknight
|
|upkeep
|
|t:|1781304353
|switch|p2a: Raging Bolt|Raging Bolt|32/100
|turn|32
|
|t:|1781304362
|move|p1a: Ceruledge|Bitter Blade|p2a: Raging Bolt
|-resisted|p2a: Raging Bolt
|-damage|p2a: Raging Bolt|0 fnt
|faint|p2a: Raging Bolt
|-end|p2a: Raging Bolt|Protosynthesis|[silent]
|
|upkeep
|inactive|LT_Alt1 has 120 seconds left.
|l| deadbyflinch
|inactive|LT_Alt1 has 90 seconds left.
|inactive|LT_Alt1 has 60 seconds left.
|inactive|LT_Alt1 has 30 seconds left.
|inactive|LT_Alt1 has 20 seconds left.
|inactive|LT_Alt1 has 15 seconds left.
|inactive|LT_Alt1 has 10 seconds left.
|inactive|LT_Alt1 has 5 seconds left.
|-message|LT_Alt1 lost due to inactivity.
|
|win|yesterdaymister
|raw|yesterdaymister's rating: 1703 &rarr; <strong>1725</strong><br />(+22 for winning)
|raw|LT_Alt1's rating: 1741 &rarr; <strong>1719</strong><br />(-22 for losing)
|l|‽yesterdaymister
|player|p1|
