|j|‽rrbrru
|j|☆Teefryingpan
|t:|1781227315
|gametype|singles
|player|p1|rrbrru|266|1550
|player|p2|Teefryingpan|266|1676
|gen|9
|tier|[Gen 9] OU
|rated|
|rule|HP Percentage Mod: HP is shown in percentages
|rule|Endless Battle Clause: Forcing endless battles is banned
|rule|Species Clause: Limit one of each Pokémon
|rule|OHKO Clause: OHKO moves are banned
|rule|Evasion Items Clause: Evasion items are banned
|rule|Evasion Moves Clause: Evasion moves are banned
|rule|Evasion Abilities Clause: Evasion abilities are banned
|rule|Sleep Moves Clause: Sleep-inducing moves are banned
|clearpoke
|poke|p1|Tyranitar, F|
|poke|p1|Excadrill, M|
|poke|p1|Hydrapple, F|
|poke|p1|Tornadus-Therian, M|
|poke|p1|Alomomola, M|
|poke|p1|Houndstone, F|
|poke|p2|Samurott-Hisui, F|
|poke|p2|Dragapult, M|
|poke|p2|Enamorus, F|
|poke|p2|Scizor, M|
|poke|p2|Iron Treads|
|poke|p2|Ogerpon-Wellspring, F|
|teampreview
|
|t:|1781227318
|teamsize|p1|6
|teamsize|p2|6
|start
|switch|p1a: Tyranitar|Tyranitar, F|100/100
|switch|p2a: Scizor|Scizor, M|100/100
|-weather|Sandstorm|[from] ability: Sand Stream|[of] p1a: Tyranitar
|turn|1
|
|t:|1781227320
|switch|p1a: Houndstone|Houndstone, F|100/100
|move|p2a: Scizor|U-turn|p1a: Houndstone
|-resisted|p1a: Houndstone
|-damage|p1a: Houndstone|67/100
|
|t:|1781227326
|switch|p2a: Samurott|Samurott-Hisui, F|100/100|[from] U-turn
|
|-weather|Sandstorm|[upkeep]
|-damage|p2a: Samurott|94/100|[from] Sandstorm
|upkeep
|turn|2
|inactive|Battle timer is ON: inactive players will automatically lose when time's up. (requested by Teefryingpan)
|
|t:|1781227363
|move|p1a: Houndstone|Destiny Bond|p1a: Houndstone
|-singlemove|p1a: Houndstone|Destiny Bond
|move|p2a: Samurott|Ceaseless Edge|p1a: Houndstone
|-supereffective|p1a: Houndstone
|-damage|p1a: Houndstone|0 fnt
|-sidestart|p1: rrbrru|Spikes
|faint|p1a: Houndstone
|-activate|p1a: Houndstone|move: Destiny Bond
|faint|p2a: Samurott
|
|-weather|Sandstorm|[upkeep]
|upkeep
|
|t:|1781227382
|switch|p2a: Scizor|Scizor, M|100/100
|switch|p1a: Hydrapple|Hydrapple, F|100/100
|-damage|p1a: Hydrapple|88/100|[from] Spikes
|turn|3
|
|t:|1781227404
|switch|p1a: Tornadus|Tornadus-Therian, M|100/100
|move|p2a: Scizor|U-turn|p1a: Tornadus
|-resisted|p1a: Tornadus
|-damage|p1a: Tornadus|67/100
|
|t:|1781227413
|switch|p2a: Dragapult|Dragapult, M|100/100|[from] U-turn
|
|-weather|Sandstorm|[upkeep]
|-damage|p2a: Dragapult|95/100|[from] Sandstorm
|-damage|p1a: Tornadus|61/100|[from] Sandstorm
|upkeep
|turn|4
|inactive|rrbrru has 120 seconds left.
|
|t:|1781227453
|switch|p1a: Excadrill|Excadrill, M|100/100
|-damage|p1a: Excadrill|88/100|[from] Spikes
|move|p2a: Dragapult|U-turn|p1a: Excadrill
|-resisted|p1a: Excadrill
|-damage|p1a: Excadrill|75/100
|
|t:|1781227462
|switch|p2a: Ogerpon|Ogerpon-Wellspring, F|100/100|[from] U-turn
|
|-weather|Sandstorm|[upkeep]
|-damage|p2a: Ogerpon|95/100|[from] Sandstorm
|-heal|p1a: Excadrill|81/100|[from] item: Leftovers
|upkeep
|turn|5
|inactive|rrbrru has 120 seconds left.
|inactive|rrbrru has 90 seconds left.
|
|t:|1781227517
|switch|p1a: Hydrapple|Hydrapple, F|100/100
|-damage|p1a: Hydrapple|88/100|[from] Spikes
|move|p2a: Ogerpon|Knock Off|p1a: Hydrapple
|-damage|p1a: Hydrapple|63/100
|-enditem|p1a: Hydrapple|Eject Pack|[from] move: Knock Off|[of] p2a: Ogerpon
|
|-weather|none
|upkeep
|turn|6
|
|t:|1781227524
|switch|p2a: Scizor|Scizor, M|100/100
|move|p1a: Hydrapple|Draco Meteor|p2a: Scizor
|-resisted|p2a: Scizor
|-damage|p2a: Scizor|60/100
|-unboost|p1a: Hydrapple|spa|2
|
|upkeep
|turn|7
|inactive|rrbrru has 90 seconds left.
|
|t:|1781227530
|switch|p1a: Tornadus|Tornadus-Therian, M|94/100
|move|p2a: Scizor|U-turn|p1a: Tornadus
|-resisted|p1a: Tornadus
|-damage|p1a: Tornadus|61/100
|
|t:|1781227539
|switch|p2a: Dragapult|Dragapult, M|95/100|[from] U-turn
|
|upkeep
|turn|8
|inactive|rrbrru has 90 seconds left.
|
|t:|1781227578
|switch|p1a: Alomomola|Alomomola, M|100/100
|move|p2a: Dragapult|Draco Meteor|p1a: Alomomola
|-damage|p1a: Alomomola|24/100
|-unboost|p2a: Dragapult|spa|2
|
|upkeep
|turn|9
|
|t:|1781227588
|switch|p2a: Ogerpon|Ogerpon-Wellspring, F|95/100
|switch|p1a: Tyranitar|Tyranitar, F|100/100
|-damage|p1a: Tyranitar|88/100|[from] Spikes
|-weather|Sandstorm|[from] ability: Sand Stream|[of] p1a: Tyranitar
|
|-weather|Sandstorm|[upkeep]
|-damage|p2a: Ogerpon|89/100|[from] Sandstorm
|-heal|p1a: Tyranitar|94/100|[from] item: Leftovers
|upkeep
|turn|10
|
|t:|1781227608
|switch|p2a: Scizor|Scizor, M|60/100
|switch|p1a: Tornadus|Tornadus-Therian, M|94/100
|
|-weather|Sandstorm|[upkeep]
|-damage|p1a: Tornadus|88/100|[from] Sandstorm
|upkeep
|turn|11
|
|t:|1781227617
|switch|p2a: Iron Treads|Iron Treads|100/100
|move|p1a: Tornadus|Heat Wave|p2a: Iron Treads
|-supereffective|p2a: Iron Treads
|-damage|p2a: Iron Treads|39/100
|
|-weather|Sandstorm|[upkeep]
|-damage|p1a: Tornadus|82/100|[from] Sandstorm
|upkeep
|turn|12
|
|t:|1781227622
|move|p1a: Tornadus|Heat Wave|p2a: Iron Treads
|-supereffective|p2a: Iron Treads
|-crit|p2a: Iron Treads
|-damage|p2a: Iron Treads|0 fnt
|faint|p2a: Iron Treads
|-end|p2a: Iron Treads|Quark Drive|[silent]
|
|-weather|Sandstorm|[upkeep]
|-damage|p1a: Tornadus|76/100|[from] Sandstorm
|upkeep
|
|t:|1781227626
|switch|p2a: Dragapult|Dragapult, M|95/100
|turn|13
|inactive|rrbrru has 90 seconds left.
|
|t:|1781227652
|switch|p1a: Excadrill|Excadrill, M|81/100
|-damage|p1a: Excadrill|69/100|[from] Spikes
|move|p2a: Dragapult|Draco Meteor|p1a: Excadrill
|-resisted|p1a: Excadrill
|-damage|p1a: Excadrill|15/100
|-unboost|p2a: Dragapult|spa|2
|
|-weather|none
|-heal|p1a: Excadrill|21/100|[from] item: Leftovers
|upkeep
|turn|14
|
|t:|1781227659
|switch|p1a: Tyranitar|Tyranitar, F|94/100
|-damage|p1a: Tyranitar|82/100|[from] Spikes
|-weather|Sandstorm|[from] ability: Sand Stream|[of] p1a: Tyranitar
|move|p2a: Dragapult|Draco Meteor|p1a: Tyranitar
|-damage|p1a: Tyranitar|63/100
|-unboost|p2a: Dragapult|spa|2
|
|-weather|Sandstorm|[upkeep]
|-damage|p2a: Dragapult|89/100|[from] Sandstorm
|-heal|p1a: Tyranitar|69/100|[from] item: Leftovers
|upkeep
|turn|15
|
|t:|1781227662
|switch|p2a: Enamorus|Enamorus, F|100/100
|move|p1a: Tyranitar|Stealth Rock|p2a: Enamorus
|-sidestart|p2: Teefryingpan|move: Stealth Rock
|
|-weather|Sandstorm|[upkeep]
|-damage|p2a: Enamorus|94/100|[from] Sandstorm
|-heal|p1a: Tyranitar|75/100|[from] item: Leftovers
|upkeep
|turn|16
|inactive|rrbrru has 90 seconds left.
|
|t:|1781227671
|move|p2a: Enamorus|Moonblast|p1a: Tyranitar
|-supereffective|p1a: Tyranitar
|-damage|p1a: Tyranitar|31/100
|move|p1a: Tyranitar|Knock Off|p2a: Enamorus
|-resisted|p2a: Enamorus
|-damage|p2a: Enamorus|57/100
|-enditem|p2a: Enamorus|Choice Scarf|[from] move: Knock Off|[of] p1a: Tyranitar
|
|-weather|Sandstorm|[upkeep]
|-damage|p2a: Enamorus|51/100|[from] Sandstorm
|-heal|p1a: Tyranitar|37/100|[from] item: Leftovers
|upkeep
|turn|17
|
|t:|1781227679
|switch|p1a: Tornadus|Tornadus-Therian, M|100/100
|move|p2a: Enamorus|Moonblast|p1a: Tornadus
|-damage|p1a: Tornadus|47/100
|-unboost|p1a: Tornadus|spa|1
|
|-weather|Sandstorm|[upkeep]
|-damage|p1a: Tornadus|41/100|[from] Sandstorm
|-damage|p2a: Enamorus|44/100|[from] Sandstorm
|upkeep
|turn|18
|
|t:|1781227685
|move|p1a: Tornadus|U-turn|p2a: Enamorus
|-resisted|p2a: Enamorus
|-damage|p2a: Enamorus|39/100
|
|t:|1781227691
|switch|p1a: Alomomola|Alomomola, M|57/100|[from] U-turn
|move|p2a: Enamorus|Moonblast|p1a: Alomomola
|-damage|p1a: Alomomola|12/100
|-unboost|p1a: Alomomola|spa|1
|
|-weather|none
|upkeep
|turn|19
|
|t:|1781227698
|move|p2a: Enamorus|Moonblast|p1a: Alomomola
|-damage|p1a: Alomomola|0 fnt
|faint|p1a: Alomomola
|
|upkeep
|
|t:|1781227703
|switch|p1a: Tornadus|Tornadus-Therian, M|74/100
|turn|20
|
|t:|1781227705
|move|p1a: Tornadus|Bleakwind Storm|p2a: Enamorus|[miss]
|-miss|p1a: Tornadus|p2a: Enamorus
|move|p2a: Enamorus|Moonblast|p1a: Tornadus
|-damage|p1a: Tornadus|23/100
|-unboost|p1a: Tornadus|spa|1
|
|upkeep
|turn|21
|
|t:|1781227711
|move|p1a: Tornadus|U-turn|p2a: Enamorus
|-resisted|p2a: Enamorus
|-damage|p2a: Enamorus|33/100
|
|t:|1781227714
|switch|p1a: Tyranitar|Tyranitar, F|37/100|[from] U-turn
|-damage|p1a: Tyranitar|25/100|[from] Spikes
|-weather|Sandstorm|[from] ability: Sand Stream|[of] p1a: Tyranitar
|move|p2a: Enamorus|Moonblast|p1a: Tyranitar
|-supereffective|p1a: Tyranitar
|-damage|p1a: Tyranitar|0 fnt
|faint|p1a: Tyranitar
|
|-weather|Sandstorm|[upkeep]
|-damage|p2a: Enamorus|26/100|[from] Sandstorm
|upkeep
|
|t:|1781227716
|switch|p1a: Excadrill|Excadrill, M|21/100
|-damage|p1a: Excadrill|8/100|[from] Spikes
|turn|22
|
|t:|1781227718
|move|p1a: Excadrill|Rock Slide|p2a: Enamorus
|-supereffective|p2a: Enamorus
|-damage|p2a: Enamorus|0 fnt
|faint|p2a: Enamorus
|
|-weather|Sandstorm|[upkeep]
|-heal|p1a: Excadrill|14/100|[from] item: Leftovers
|upkeep
|
|t:|1781227725
|switch|p2a: Scizor|Scizor, M|60/100
|-damage|p2a: Scizor|48/100|[from] Stealth Rock
|turn|23
|
|t:|1781227748
|move|p2a: Scizor|Bullet Punch|p1a: Excadrill
|-resisted|p1a: Excadrill
|-damage|p1a: Excadrill|0 fnt
|faint|p1a: Excadrill
|
|-weather|Sandstorm|[upkeep]
|upkeep
|
|t:|1781227751
|switch|p1a: Hydrapple|Hydrapple, F|96/100
|-damage|p1a: Hydrapple|84/100|[from] Spikes
|turn|24
|
|t:|1781227761
|switch|p2a: Ogerpon|Ogerpon-Wellspring, F|89/100
|-damage|p2a: Ogerpon|76/100|[from] Stealth Rock
|move|p1a: Hydrapple|Earth Power|p2a: Ogerpon
|-resisted|p2a: Ogerpon
|-damage|p2a: Ogerpon|57/100
|
|-weather|Sandstorm|[upkeep]
|-damage|p2a: Ogerpon|51/100|[from] Sandstorm
|-damage|p1a: Hydrapple|78/100|[from] Sandstorm
|upkeep
|turn|25
|
|t:|1781227766
|move|p2a: Ogerpon|Swords Dance|p2a: Ogerpon
|-boost|p2a: Ogerpon|atk|2
|move|p1a: Hydrapple|Giga Drain|p2a: Ogerpon
|-damage|p2a: Ogerpon|7/100
|-heal|p1a: Hydrapple|94/100|[from] drain|[of] p2a: Ogerpon
|
|-weather|none
|upkeep
|turn|26
|
|t:|1781227771
|move|p2a: Ogerpon|Knock Off|p1a: Hydrapple
|-damage|p1a: Hydrapple|58/100
|move|p1a: Hydrapple|Giga Drain|p2a: Ogerpon
|-damage|p2a: Ogerpon|0 fnt
|-heal|p1a: Hydrapple|60/100|[from] drain|[of] p2a: Ogerpon
|faint|p2a: Ogerpon
|
|upkeep
|
|t:|1781227775
|switch|p2a: Scizor|Scizor, M|48/100
|-damage|p2a: Scizor|36/100|[from] Stealth Rock
|turn|27
|
|t:|1781227780
|-terastallize|p1a: Hydrapple|Steel
|move|p2a: Scizor|U-turn|p1a: Hydrapple
|-resisted|p1a: Hydrapple
|-damage|p1a: Hydrapple|40/100
|
|t:|1781227785
|switch|p2a: Dragapult|Dragapult, M|89/100|[from] U-turn
|-damage|p2a: Dragapult|76/100|[from] Stealth Rock
|move|p1a: Hydrapple|Draco Meteor|p2a: Dragapult
|-supereffective|p2a: Dragapult
|-damage|p2a: Dragapult|0 fnt
|-unboost|p1a: Hydrapple|spa|2
|faint|p2a: Dragapult
|
|upkeep
|
|t:|1781227786
|switch|p2a: Scizor|Scizor, M|36/100
|-damage|p2a: Scizor|24/100|[from] Stealth Rock
|turn|28
|
|t:|1781227790
|-terastallize|p2a: Scizor|Steel
|move|p2a: Scizor|Bullet Punch|p1a: Hydrapple
|-resisted|p1a: Hydrapple
|-damage|p1a: Hydrapple|15/100
|move|p1a: Hydrapple|Earth Power|p2a: Scizor
|-supereffective|p2a: Scizor
|-damage|p2a: Scizor|0 fnt
|faint|p2a: Scizor
|
|win|rrbrru
|raw|rrbrru's rating: 1527 &rarr; <strong>1555</strong><br />(+28 for winning)
|raw|Teefryingpan's rating: 1676 &rarr; <strong>1648</strong><br />(-28 for losing)
|l|‽rrbrru
|player|p1|
|l|☆Teefryingpan
|player|p2|
