|badge|p2|bronze|gen9ou|100-9
|uhtml|medal-msg|<div class="broadcast-blue">Curious what those medals under the avatar are? PS now has Ladder Seasons! For more information, check out the <a href="https://www.smogon.com/forums/threads/3740067/">thread on Smogon.</a></div>
|j|☆Trainer #39
|j|☆noob1877
|t:|1781447216
|gametype|singles
|player|p1|Trainer #39|bugsy|1769
|player|p2|noob1877|266|1803
|gen|9
|tier|[Gen 9] OU
|rated|
|rule|HP Percentage Mod: HP is shown in percentages
|rule|Endless Battle Clause: Forcing endless battles is banned
|rule|Species Clause: Limit one of each Pokémon
|rule|OHKO Clause: OHKO moves are banned
|rule|Evasion Items Clause: Evasion items are banned
|rule|Evasion Moves Clause: Evasion moves are banned
|rule|Evasion Abilities Clause: Evasion abilities are banned
|rule|Sleep Moves Clause: Sleep-inducing moves are banned
|clearpoke
|poke|p1|Blissey, F|
|poke|p1|Corviknight, M|
|poke|p1|Dondozo, M|
|poke|p1|Gliscor, M|
|poke|p1|Clefable, M|
|poke|p1|Slowking-Galar, M|
|poke|p2|Lokix, F|
|poke|p2|Ursaluna, M|
|poke|p2|Talonflame, M|
|poke|p2|Hatterene, F|
|poke|p2|Kyurem|
|poke|p2|Alomomola, M|
|teampreview
|
|t:|1781447237
|teamsize|p1|6
|teamsize|p2|6
|start
|switch|p1a: Free Palestine|Gliscor, M|100/100
|switch|p2a: Alomomola|Alomomola, M|100/100
|turn|1
|
|t:|1781447248
|move|p1a: Free Palestine|Substitute|p1a: Free Palestine
|-start|p1a: Free Palestine|Substitute
|-damage|p1a: Free Palestine|76/100
|move|p2a: Alomomola|Flip Turn|p1a: Free Palestine
|-supereffective|p1a: Free Palestine
|-activate|p1a: Free Palestine|move: Substitute|[damage]
|
|t:|1781447254
|switch|p2a: Lokix|Lokix, F|100/100|[from] Flip Turn
|
|-status|p1a: Free Palestine|tox|[from] item: Toxic Orb
|upkeep
|turn|2
|
|t:|1781447260
|switch|p2a: Alomomola|Alomomola, M|100/100
|move|p1a: Free Palestine|Protect||[still]
|-fail|p1a: Free Palestine
|
|-heal|p1a: Free Palestine|88/100 tox|[from] ability: Poison Heal
|upkeep
|turn|3
|
|t:|1781447264
|move|p1a: Free Palestine|Toxic|p2a: Alomomola
|-status|p2a: Alomomola|tox
|move|p2a: Alomomola|Flip Turn|p1a: Free Palestine
|-supereffective|p1a: Free Palestine
|-end|p1a: Free Palestine|Substitute
|
|t:|1781447266
|switch|p2a: Ursaluna|Ursaluna, M|100/100|[from] Flip Turn
|
|-heal|p1a: Free Palestine|100/100 tox|[from] ability: Poison Heal
|-status|p2a: Ursaluna|brn|[from] item: Flame Orb
|upkeep
|turn|4
|
|t:|1781447269
|move|p1a: Free Palestine|Substitute|p1a: Free Palestine
|-start|p1a: Free Palestine|Substitute
|-damage|p1a: Free Palestine|76/100 tox
|move|p2a: Ursaluna|Facade|p1a: Free Palestine
|-end|p1a: Free Palestine|Substitute
|
|-heal|p1a: Free Palestine|88/100 tox|[from] ability: Poison Heal
|-damage|p2a: Ursaluna|94/100 brn|[from] brn
|upkeep
|turn|5
|
|t:|1781447276
|switch|p2a: Alomomola|Alomomola, M|100/100 tox
|move|p1a: Free Palestine|Protect||[still]
|-fail|p1a: Free Palestine
|
|-heal|p1a: Free Palestine|100/100 tox|[from] ability: Poison Heal
|-damage|p2a: Alomomola|94/100 tox|[from] psn
|upkeep
|turn|6
|
|t:|1781447280
|move|p1a: Free Palestine|Substitute|p1a: Free Palestine
|-start|p1a: Free Palestine|Substitute
|-damage|p1a: Free Palestine|76/100 tox
|move|p2a: Alomomola|Flip Turn|p1a: Free Palestine
|-supereffective|p1a: Free Palestine
|-activate|p1a: Free Palestine|move: Substitute|[damage]
|
|t:|1781447282
|switch|p2a: Lokix|Lokix, F|100/100|[from] Flip Turn
|
|-heal|p1a: Free Palestine|88/100 tox|[from] ability: Poison Heal
|upkeep
|turn|7
|
|t:|1781447285
|switch|p1a: Trump is low IQ|Corviknight, M|100/100
|-ability|p1a: Trump is low IQ|Pressure
|move|p2a: Lokix|U-turn|p1a: Trump is low IQ
|-resisted|p1a: Trump is low IQ
|-damage|p1a: Trump is low IQ|85/100
|-damage|p2a: Lokix|84/100|[from] item: Rocky Helmet|[of] p1a: Trump is low IQ
|j| alejandrobm
|
|t:|1781447296
|switch|p2a: Kyurem|Kyurem|100/100|[from] U-turn
|-ability|p2a: Kyurem|Pressure
|
|upkeep
|turn|8
|
|t:|1781447301
|switch|p2a: Ursaluna|Ursaluna, M|94/100 brn
|switch|p1a: Save Sudan|Slowking-Galar, M|100/100
|
|-damage|p2a: Ursaluna|88/100 brn|[from] brn
|upkeep
|turn|9
|inactive|Battle timer is ON: inactive players will automatically lose when time's up. (requested by Trainer #39)
|
|t:|1781447335
|switch|p1a: Trump is low IQ|Corviknight, M|85/100
|-ability|p1a: Trump is low IQ|Pressure
|move|p2a: Ursaluna|Fire Punch|p1a: Trump is low IQ
|-supereffective|p1a: Trump is low IQ
|-damage|p1a: Trump is low IQ|30/100
|-status|p1a: Trump is low IQ|brn
|-damage|p2a: Ursaluna|72/100 brn|[from] item: Rocky Helmet|[of] p1a: Trump is low IQ
|
|-damage|p2a: Ursaluna|65/100 brn|[from] brn
|-damage|p1a: Trump is low IQ|24/100 brn|[from] brn
|upkeep
|turn|10
|l| alejandrobm
|
|t:|1781447356
|move|p2a: Ursaluna|Facade|p1a: Trump is low IQ
|-resisted|p1a: Trump is low IQ
|-damage|p1a: Trump is low IQ|0 fnt
|-damage|p2a: Ursaluna|49/100 brn|[from] item: Rocky Helmet|[of] p1a: Trump is low IQ
|faint|p1a: Trump is low IQ
|
|-damage|p2a: Ursaluna|43/100 brn|[from] brn
|upkeep
|
|t:|1781447361
|switch|p1a: Free Palestine|Gliscor, M|88/100 tox
|turn|11
|
|t:|1781447366
|switch|p1a: Free Lebanon|Clefable, M|100/100
|switch|p2a: Alomomola|Alomomola, M|100/100 tox
|
|-damage|p2a: Alomomola|94/100 tox|[from] psn
|upkeep
|turn|12
|
|t:|1781447370
|switch|p2a: Hatterene|Hatterene, F|100/100
|move|p1a: Free Lebanon|Knock Off|p2a: Hatterene
|-damage|p2a: Hatterene|81/100
|-enditem|p2a: Hatterene|Assault Vest|[from] move: Knock Off|[of] p1a: Free Lebanon
|
|upkeep
|turn|13
|j| Salvato1902V
|
|t:|1781447375
|switch|p1a: Save Sudan|Slowking-Galar, M|100/100
|move|p2a: Hatterene|Draining Kiss|p1a: Save Sudan
|-resisted|p1a: Save Sudan
|-damage|p1a: Save Sudan|91/100
|-heal|p2a: Hatterene|89/100|[from] drain|[of] p1a: Save Sudan
|
|upkeep
|turn|14
|
|t:|1781447403
|move|p1a: Save Sudan|Trick|p2a: Hatterene
|-activate|p1a: Save Sudan|move: Trick|[of] p2a: Hatterene
|-item|p2a: Hatterene|Choice Scarf|[from] move: Trick
|-enditem|p1a: Save Sudan|Choice Scarf|[silent]|[from] move: Trick
|move|p2a: Hatterene|Psyshock|p1a: Save Sudan
|-damage|p1a: Save Sudan|43/100
|
|upkeep
|turn|15
|
|t:|1781447414
|switch|p1a: Free Palestine|Gliscor, M|88/100 tox
|switch|p2a: Kyurem|Kyurem|100/100
|-ability|p2a: Kyurem|Pressure
|
|-heal|p1a: Free Palestine|100/100 tox|[from] ability: Poison Heal
|upkeep
|turn|16
|inactive|noob1877 has 120 seconds left.
|
|t:|1781447432
|switch|p1a: Save Sudan|Slowking-Galar, M|76/100
|move|p2a: Kyurem|Ice Beam|p1a: Save Sudan
|-damage|p1a: Save Sudan|42/100
|
|upkeep
|turn|17
|
|t:|1781447442
|switch|p1a: brat|Blissey, F|100/100
|move|p2a: Kyurem|Ice Beam|p1a: brat
|-damage|p1a: brat|84/100
|
|upkeep
|turn|18
|
|t:|1781447450
|switch|p2a: Hatterene|Hatterene, F|89/100
|move|p1a: brat|Calm Mind|p1a: brat
|-boost|p1a: brat|spa|1
|-boost|p1a: brat|spd|1
|
|upkeep
|turn|19
|
|t:|1781447452
|move|p2a: Hatterene|Psyshock|p1a: brat
|-damage|p1a: brat|40/100
|move|p1a: brat|Shadow Ball|p2a: Hatterene
|-supereffective|p2a: Hatterene
|-damage|p2a: Hatterene|47/100
|
|upkeep
|turn|20
|
|t:|1781447458
|switch|p2a: Lokix|Lokix, F|84/100
|switch|p1a: Free Palestine|Gliscor, M|100/100 tox
|
|upkeep
|turn|21
|
|t:|1781447464
|move|p2a: Lokix|U-turn|p1a: Free Palestine
|-resisted|p1a: Free Palestine
|-damage|p1a: Free Palestine|70/100 tox
|
|t:|1781447468
|switch|p2a: Alomomola|Alomomola, M|100/100 tox|[from] U-turn
|move|p1a: Free Palestine|Toxic|p2a: Alomomola
|-fail|p2a: Alomomola|tox
|
|-heal|p1a: Free Palestine|82/100 tox|[from] ability: Poison Heal
|-damage|p2a: Alomomola|94/100 tox|[from] psn
|upkeep
|turn|22
|
|t:|1781447472
|switch|p1a: Free Lebanon|Clefable, M|100/100
|move|p2a: Alomomola|Flip Turn|p1a: Free Lebanon
|-damage|p1a: Free Lebanon|81/100
|
|t:|1781447478
|switch|p2a: Lokix|Lokix, F|84/100|[from] Flip Turn
|
|upkeep
|turn|23
|j| have we gone
|
|t:|1781447504
|move|p1a: Free Lebanon|Protect|p1a: Free Lebanon
|-singleturn|p1a: Free Lebanon|Protect
|move|p2a: Lokix|U-turn|p1a: Free Lebanon
|-activate|p1a: Free Lebanon|move: Protect
|
|upkeep
|turn|24
|
|t:|1781447508
|move|p2a: Lokix|U-turn|p1a: Free Lebanon
|-resisted|p1a: Free Lebanon
|-damage|p1a: Free Lebanon|21/100
|
|t:|1781447511
|switch|p2a: Hatterene|Hatterene, F|47/100|[from] U-turn
|move|p1a: Free Lebanon|Wish|p1a: Free Lebanon
|
|upkeep
|turn|25
|
|t:|1781447519
|switch|p2a: Lokix|Lokix, F|84/100
|move|p1a: Free Lebanon|Protect||[still]
|-fail|p1a: Free Lebanon
|
|-heal|p1a: Free Lebanon|71/100|[from] move: Wish|[wisher] Free Lebanon
|upkeep
|turn|26
|l|☆Trainer #39
|inactive|Trainer #39 disconnected and has a minute to reconnect!
|player|p1|
|
|t:|1781447535
|move|p1a: Free Lebanon|Protect|p1a: Free Lebanon
|-singleturn|p1a: Free Lebanon|Protect
|move|p2a: Lokix|U-turn|p1a: Free Lebanon
|-activate|p1a: Free Lebanon|move: Protect
|
|upkeep
|turn|27
|inactive|Trainer #39 has 30 seconds to reconnect!
|inactive|Trainer #39 has 20 seconds to reconnect!
|inactive|Trainer #39 has 15 seconds to reconnect!
|inactive|Trainer #39 has 10 seconds to reconnect!
|inactive|Trainer #39 has 5 seconds to reconnect!
|-message|Trainer #39 lost due to inactivity.
|
|win|noob1877
|raw|Trainer #39's rating: 1769 &rarr; <strong>1751</strong><br />(-18 for losing)
|raw|noob1877's rating: 1803 &rarr; <strong>1821</strong><br />(+18 for winning)
|l|☆noob1877
|player|p2|
|l| Salvato1902V
|l| have we gone
