|j|‽Kochu_shak
|j|☆OUZQ Crocodile
|t:|1781006418
|gametype|singles
|player|p1|Kochu_shak|170|1655
|player|p2|OUZQ Crocodile|2|1712
|gen|9
|tier|[Gen 9] OU
|rated|
|rule|HP Percentage Mod: HP is shown in percentages
|rule|Endless Battle Clause: Forcing endless battles is banned
|rule|Species Clause: Limit one of each Pokémon
|rule|OHKO Clause: OHKO moves are banned
|rule|Evasion Items Clause: Evasion items are banned
|rule|Evasion Moves Clause: Evasion moves are banned
|rule|Evasion Abilities Clause: Evasion abilities are banned
|rule|Sleep Moves Clause: Sleep-inducing moves are banned
|clearpoke
|poke|p1|Araquanid, F|
|poke|p1|Gholdengo|
|poke|p1|Iron Moth|
|poke|p1|Iron Valiant|
|poke|p1|Raging Bolt|
|poke|p1|Kingambit, F|
|poke|p2|Charjabug, F|
|poke|p2|Greninja-*, M|
|poke|p2|Landorus-Therian, M|
|poke|p2|Pecharunt|
|poke|p2|Zapdos|
|poke|p2|Iron Crown|
|teampreview
|inactive|Battle timer is ON: inactive players will automatically lose when time's up. (requested by Kochu_shak)
|inactive|Kochu_shak has 120 seconds left.
|j| AmoghOp
|inactive|Kochu_shak has 90 seconds left.
|
|t:|1781006486
|teamsize|p1|6
|teamsize|p2|6
|start
|switch|p1a: Araquanid|Araquanid, F|100/100
|switch|p2a: Charjabug|Charjabug, F|100/100
|turn|1
|
|t:|1781006503
|move|p1a: Araquanid|Sticky Web|p2a: Charjabug
|-sidestart|p2: OUZQ Crocodile|move: Sticky Web
|move|p2a: Charjabug|Sticky Web|p1a: Araquanid
|-sidestart|p1: Kochu_shak|move: Sticky Web
|
|upkeep
|turn|2
|inactive|Kochu_shak has 120 seconds left.
|inactive|Kochu_shak has 90 seconds left.
|j| michealjackkson
|
|t:|1781006584
|move|p1a: Araquanid|Surf|p2a: Charjabug
|-damage|p2a: Charjabug|75/100
|move|p2a: Charjabug|Volt Switch|p1a: Araquanid
|-supereffective|p1a: Araquanid
|-damage|p1a: Araquanid|81/100
|
|t:|1781006609
|switch|p2a: Iron Crown|Iron Crown|100/100|[from] Volt Switch
|-activate|p2a: Iron Crown|move: Sticky Web
|-unboost|p2a: Iron Crown|spe|1
|-enditem|p2a: Iron Crown|Booster Energy
|-activate|p2a: Iron Crown|ability: Quark Drive|[fromitem]
|-start|p2a: Iron Crown|quarkdrivespa
|
|upkeep
|turn|3
|
|t:|1781006621
|move|p2a: Iron Crown|Calm Mind|p2a: Iron Crown
|-boost|p2a: Iron Crown|spa|1
|-boost|p2a: Iron Crown|spd|1
|move|p1a: Araquanid|Surf|p2a: Iron Crown
|-damage|p2a: Iron Crown|77/100
|
|upkeep
|turn|4
|
|t:|1781006631
|move|p2a: Iron Crown|Calm Mind|p2a: Iron Crown
|-boost|p2a: Iron Crown|spa|1
|-boost|p2a: Iron Crown|spd|1
|move|p1a: Araquanid|Lunge|p2a: Iron Crown
|-damage|p2a: Iron Crown|55/100
|-unboost|p2a: Iron Crown|atk|1
|
|upkeep
|turn|5
|
|t:|1781006637
|move|p2a: Iron Crown|Psyshock|p1a: Araquanid
|-damage|p1a: Araquanid|0 fnt
|faint|p1a: Araquanid
|
|upkeep
|
|t:|1781006645
|switch|p1a: Kingambit|Kingambit, F|100/100
|-activate|p1a: Kingambit|ability: Supreme Overlord
|-start|p1a: Kingambit|fallen1|[silent]
|-item|p1a: Kingambit|Air Balloon
|turn|6
|
|t:|1781006656
|-terastallize|p2a: Iron Crown|Fighting
|move|p1a: Kingambit|Kowtow Cleave|p2a: Iron Crown
|-resisted|p2a: Iron Crown
|-damage|p2a: Iron Crown|28/100
|move|p2a: Iron Crown|Focus Blast|p1a: Kingambit
|-supereffective|p1a: Kingambit
|-damage|p1a: Kingambit|0 fnt
|-enditem|p1a: Kingambit|Air Balloon
|faint|p1a: Kingambit
|-end|p1a: Kingambit|fallen1|[silent]
|
|upkeep
|
|t:|1781006663
|switch|p1a: Iron Moth|Iron Moth|100/100
|-activate|p1a: Iron Moth|move: Sticky Web
|-unboost|p1a: Iron Moth|spe|1
|-enditem|p1a: Iron Moth|Booster Energy
|-activate|p1a: Iron Moth|ability: Quark Drive|[fromitem]
|-start|p1a: Iron Moth|quarkdrivespa
|turn|7
|j| Because Arcanine
|
|t:|1781006667
|move|p1a: Iron Moth|Sludge Wave|p2a: Iron Crown
|-damage|p2a: Iron Crown|0 fnt
|faint|p2a: Iron Crown
|-end|p2a: Iron Crown|Quark Drive|[silent]
|
|upkeep
|
|t:|1781006681
|switch|p2a: Landorus|Landorus-Therian, M|100/100
|-ability|p2a: Landorus|Intimidate|boost
|-unboost|p1a: Iron Moth|atk|1
|turn|8
|inactive|Kochu_shak has 90 seconds left.
|
|t:|1781006728
|-terastallize|p1a: Iron Moth|Grass
|move|p2a: Landorus|Earthquake|p1a: Iron Moth
|-resisted|p1a: Iron Moth
|-damage|p1a: Iron Moth|51/100
|move|p1a: Iron Moth|Fiery Dance|p2a: Landorus
|-damage|p2a: Landorus|25/100
|-enditem|p2a: Landorus|Salac Berry|[eat]
|-boost|p2a: Landorus|spe|1|[from] item: Salac Berry
|
|upkeep
|turn|9
|
|t:|1781006747
|move|p2a: Landorus|Stone Edge|p1a: Iron Moth
|-damage|p1a: Iron Moth|0 fnt
|faint|p1a: Iron Moth
|-end|p1a: Iron Moth|Quark Drive|[silent]
|
|upkeep
|inactive|Kochu_shak has 60 seconds left.
|
|t:|1781006772
|switch|p1a: Iron Valiant|Iron Valiant|100/100
|-activate|p1a: Iron Valiant|move: Sticky Web
|-unboost|p1a: Iron Valiant|spe|1
|-enditem|p1a: Iron Valiant|Booster Energy
|-activate|p1a: Iron Valiant|ability: Quark Drive|[fromitem]
|-start|p1a: Iron Valiant|quarkdrivespa
|turn|10
|
|t:|1781006780
|switch|p2a: Charjabug|Charjabug, F|75/100
|-activate|p2a: Charjabug|move: Sticky Web
|-unboost|p2a: Charjabug|spe|1
|move|p1a: Iron Valiant|Calm Mind|p1a: Iron Valiant
|-boost|p1a: Iron Valiant|spa|1
|-boost|p1a: Iron Valiant|spd|1
|
|upkeep
|turn|11
|
|t:|1781006784
|move|p1a: Iron Valiant|Moonblast|p2a: Charjabug
|-damage|p2a: Charjabug|7/100
|move|p2a: Charjabug|Thunder Wave|p1a: Iron Valiant
|-status|p1a: Iron Valiant|par
|
|upkeep
|turn|12
|inactive|Kochu_shak has 60 seconds left.
|n|‽Kochu_shak|kochushak
|n|‽Kochu_shak|kochushak
|n|‽Kochu_shak|kochushak
|n|‽Kochu_shak|kochushak
|n|‽Kochu_shak|kochushak
|n|‽Kochu_shak|kochushak
|n|‽Kochu_shak|kochushak
|n|‽Kochu_shak|kochushak
|n|‽Kochu_shak|kochushak
|n|‽Kochu_shak|kochushak
|n|‽Kochu_shak|kochushak
|n|‽Kochu_shak|kochushak
|n|‽Kochu_shak|kochushak
|n|‽Kochu_shak|kochushak
|n|‽Kochu_shak|kochushak
|n|‽Kochu_shak|kochushak
|n|‽Kochu_shak|kochushak
|n|‽Kochu_shak|kochushak
|n|‽Kochu_shak|kochushak
|n|‽Kochu_shak|kochushak
|n|‽Kochu_shak|kochushak
|n|‽Kochu_shak|kochushak
|n|‽Kochu_shak|kochushak
|n|‽Kochu_shak|kochushak
|n|‽Kochu_shak|kochushak
|n|‽Kochu_shak|kochushak
|n|‽Kochu_shak|kochushak
|n|‽Kochu_shak|kochushak
|n|‽Kochu_shak|kochushak
|n|‽Kochu_shak|kochushak
|n|‽Kochu_shak|kochushak
|n|‽Kochu_shak|kochushak
|n|‽Kochu_shak|kochushak
|n|‽Kochu_shak|kochushak
|n|‽Kochu_shak|kochushak
|n|‽Kochu_shak|kochushak
|n|‽Kochu_shak|kochushak
|n|‽Kochu_shak|kochushak
|n|‽Kochu_shak|kochushak
|n|‽Kochu_shak|kochushak
|n|‽Kochu_shak|kochushak
|n|‽Kochu_shak|kochushak
|n|‽Kochu_shak|kochushak
|n|‽Kochu_shak|kochushak
|n|‽Kochu_shak|kochushak
|n|‽Kochu_shak|kochushak
|n|‽Kochu_shak|kochushak
|n|‽Kochu_shak|kochushak
|n|‽Kochu_shak|kochushak
|n|‽Kochu_shak|kochushak
|n|‽Kochu_shak|kochushak
|n|‽Kochu_shak|kochushak
|n|‽Kochu_shak|kochushak
|n|‽Kochu_shak|kochushak
|n|‽Kochu_shak|kochushak
|n|‽Kochu_shak|kochushak
|inactive|Kochu_shak has 30 seconds left.
|inactive|Kochu_shak has 20 seconds left.
|inactive|Kochu_shak has 15 seconds left.
|inactive|Kochu_shak has 10 seconds left.
|
|t:|1781006867
|move|p1a: Iron Valiant|Vacuum Wave|p2a: Charjabug
|-resisted|p2a: Charjabug
|-damage|p2a: Charjabug|0 fnt
|faint|p2a: Charjabug
|
|upkeep
|
|t:|1781006873
|switch|p2a: Pecharunt|Pecharunt|100/100
|-activate|p2a: Pecharunt|move: Sticky Web
|-unboost|p2a: Pecharunt|spe|1
|turn|13
|inactive|Kochu_shak has 25 seconds left this turn.
|inactive|Kochu_shak has 20 seconds left.
|inactive|Kochu_shak has 15 seconds left.
|
|t:|1781006888
|move|p2a: Pecharunt|Malignant Chain|p1a: Iron Valiant
|-supereffective|p1a: Iron Valiant
|-damage|p1a: Iron Valiant|0 fnt
|faint|p1a: Iron Valiant
|-end|p1a: Iron Valiant|Quark Drive|[silent]
|-damage|p2a: Pecharunt|91/100|[from] item: Life Orb
|
|upkeep
|inactive|Kochu_shak has 20 seconds left this turn.
|inactive|Kochu_shak has 15 seconds left.
|inactive|Kochu_shak has 10 seconds left.
|inactive|Kochu_shak has 5 seconds left.
|
|t:|1781006906
|switch|p1a: Gholdengo|Gholdengo|100/100
|-item|p1a: Gholdengo|Air Balloon
|turn|14
|inactive|Kochu_shak has 15 seconds left this turn.
|inactive|Kochu_shak has 10 seconds left.
|
|t:|1781006920
|move|p1a: Gholdengo|Shadow Ball|p2a: Pecharunt
|-supereffective|p2a: Pecharunt
|-damage|p2a: Pecharunt|0 fnt
|faint|p2a: Pecharunt
|
|upkeep
|
|t:|1781006923
|switch|p2a: Zapdos|Zapdos|100/100
|-ability|p2a: Zapdos|Pressure
|turn|15
|inactive|Kochu_shak has 25 seconds left this turn.
|inactive|Kochu_shak has 20 seconds left.
|
|t:|1781006935
|switch|p1a: Raging Bolt|Raging Bolt|100/100
|-activate|p1a: Raging Bolt|move: Sticky Web
|-unboost|p1a: Raging Bolt|spe|1
|-enditem|p1a: Raging Bolt|Booster Energy
|-activate|p1a: Raging Bolt|ability: Protosynthesis|[fromitem]
|-start|p1a: Raging Bolt|protosynthesisspa
|move|p2a: Zapdos|Thunderbolt|p1a: Raging Bolt
|-resisted|p1a: Raging Bolt
|-damage|p1a: Raging Bolt|90/100
|
|upkeep
|turn|16
|inactive|Kochu_shak has 30 seconds left this turn.
|
|t:|1781006941
|switch|p2a: Greninja|Greninja, M|100/100
|-activate|p2a: Greninja|move: Sticky Web
|-unboost|p2a: Greninja|spe|1
|move|p1a: Raging Bolt|Dragon Pulse|p2a: Greninja
|-damage|p2a: Greninja|5/100
|
|-heal|p2a: Greninja|11/100|[from] item: Leftovers
|upkeep
|turn|17
|inactive|Kochu_shak has 30 seconds left.
|
|t:|1781006950
|move|p1a: Raging Bolt|Thunderclap|p2a: Greninja
|-supereffective|p2a: Greninja
|-damage|p2a: Greninja|0 fnt
|faint|p2a: Greninja
|
|upkeep
|
|t:|1781006952
|switch|p2a: Landorus|Landorus-Therian, M|25/100
|-ability|p2a: Landorus|Intimidate|boost
|-unboost|p1a: Raging Bolt|atk|1
|turn|18
|
|t:|1781006962
|-end|p1a: Raging Bolt|Protosynthesis|[silent]
|switch|p1a: Gholdengo|Gholdengo|100/100
|-item|p1a: Gholdengo|Air Balloon
|move|p2a: Landorus|Stone Edge|p1a: Gholdengo
|-resisted|p1a: Gholdengo
|-damage|p1a: Gholdengo|79/100
|-enditem|p1a: Gholdengo|Air Balloon
|
|upkeep
|turn|19
|
|t:|1781006968
|move|p2a: Landorus|Earthquake|p1a: Gholdengo
|-supereffective|p1a: Gholdengo
|-damage|p1a: Gholdengo|0 fnt
|faint|p1a: Gholdengo
|
|upkeep
|
|t:|1781006972
|switch|p1a: Raging Bolt|Raging Bolt|90/100
|-activate|p1a: Raging Bolt|move: Sticky Web
|-unboost|p1a: Raging Bolt|spe|1
|turn|20
|
|t:|1781006975
|move|p2a: Landorus|Earthquake|p1a: Raging Bolt
|-supereffective|p1a: Raging Bolt
|-damage|p1a: Raging Bolt|0 fnt
|faint|p1a: Raging Bolt
|-end|p1a: Raging Bolt|Protosynthesis|[silent]
|
|win|OUZQ Crocodile
|raw|Kochu_shak's rating: 1655 &rarr; <strong>1638</strong><br />(-17 for losing)
|raw|OUZQ Crocodile's rating: 1712 &rarr; <strong>1729</strong><br />(+17 for winning)
|l|☆OUZQ Crocodile
|player|p2|
|l| Because Arcanine
|l| michealjackkson
|l|‽Kochu_shak
|player|p1|
