|j|☆jonuz
|j|☆Liaoa
|t:|1781156351
|gametype|singles
|player|p1|jonuz|170|1569
|player|p2|Liaoa|bellelba|1599
|gen|9
|tier|[Gen 9] OU
|rated|
|rule|HP Percentage Mod: HP is shown in percentages
|rule|Endless Battle Clause: Forcing endless battles is banned
|rule|Species Clause: Limit one of each Pokémon
|rule|OHKO Clause: OHKO moves are banned
|rule|Evasion Items Clause: Evasion items are banned
|rule|Evasion Moves Clause: Evasion moves are banned
|rule|Evasion Abilities Clause: Evasion abilities are banned
|rule|Sleep Moves Clause: Sleep-inducing moves are banned
|clearpoke
|poke|p1|Sinistcha|
|poke|p1|Samurott-Hisui, F|
|poke|p1|Clefable, F|
|poke|p1|Moltres|
|poke|p1|Ting-Lu|
|poke|p1|Kommo-o, M|
|poke|p2|Clefable, F|
|poke|p2|Dondozo, M|
|poke|p2|Alomomola, F|
|poke|p2|Ting-Lu|
|poke|p2|Skeledirge, F|
|poke|p2|Corviknight, F|
|teampreview
|inactive|Battle timer is ON: inactive players will automatically lose when time's up. (requested by Liaoa)
|
|t:|1781156373
|teamsize|p1|6
|teamsize|p2|6
|start
|switch|p1a: Samurott|Samurott-Hisui, F|100/100
|switch|p2a: Clefable|Clefable, F|100/100
|turn|1
|
|t:|1781156381
|move|p1a: Samurott|Flip Turn|p2a: Clefable
|-damage|p2a: Clefable|63/100
|
|t:|1781156387
|switch|p1a: Clefable|Clefable, F|100/100|[from] Flip Turn
|move|p2a: Clefable|Moonblast|p1a: Clefable
|-damage|p1a: Clefable|60/100
|
|-heal|p1a: Clefable|66/100|[from] item: Leftovers
|upkeep
|turn|2
|
|t:|1781156391
|switch|p2a: Ting-Lu|Ting-Lu|100/100
|-ability|p2a: Ting-Lu|Vessel of Ruin
|move|p1a: Clefable|Moonlight|p1a: Clefable
|-heal|p1a: Clefable|100/100
|
|upkeep
|turn|3
|
|t:|1781156396
|move|p1a: Clefable|Stealth Rock|p2a: Ting-Lu
|-sidestart|p2: Liaoa|move: Stealth Rock
|move|p2a: Ting-Lu|Stealth Rock|p1a: Clefable
|-sidestart|p1: jonuz|move: Stealth Rock
|
|upkeep
|turn|4
|
|t:|1781156399
|move|p1a: Clefable|Knock Off|p2a: Ting-Lu
|-resisted|p2a: Ting-Lu
|-damage|p2a: Ting-Lu|96/100
|-enditem|p2a: Ting-Lu|Custap Berry|[from] move: Knock Off|[of] p1a: Clefable
|move|p2a: Ting-Lu|Heavy Slam|p1a: Clefable
|-supereffective|p1a: Clefable
|-damage|p1a: Clefable|37/100
|
|-heal|p1a: Clefable|43/100|[from] item: Leftovers
|upkeep
|turn|5
|
|t:|1781156409
|switch|p2a: Clefable|Clefable, F|63/100
|move|p1a: Clefable|Moonlight|p1a: Clefable
|-heal|p1a: Clefable|93/100
|
|-heal|p1a: Clefable|99/100|[from] item: Leftovers
|upkeep
|turn|6
|
|t:|1781156412
|move|p2a: Clefable|Trick|p1a: Clefable
|-activate|p2a: Clefable|move: Trick|[of] p1a: Clefable
|-item|p1a: Clefable|Choice Scarf|[from] move: Trick
|-item|p2a: Clefable|Leftovers|[from] move: Trick
|move|p1a: Clefable|Moonblast|p2a: Clefable
|-damage|p2a: Clefable|28/100
|
|-heal|p2a: Clefable|34/100|[from] item: Leftovers
|upkeep
|turn|7
|
|t:|1781156419
|switch|p2a: Skeledirge|Skeledirge, F|100/100
|-damage|p2a: Skeledirge|76/100|[from] Stealth Rock
|move|p1a: Clefable|Moonblast|p2a: Skeledirge
|-resisted|p2a: Skeledirge
|-damage|p2a: Skeledirge|57/100
|-unboost|p2a: Skeledirge|spa|1
|
|upkeep
|turn|8
|
|t:|1781156425
|switch|p1a: Moltres|Moltres|100/100
|-ability|p1a: Moltres|Pressure
|move|p2a: Skeledirge|Torch Song|p1a: Moltres
|-resisted|p1a: Moltres
|-damage|p1a: Moltres|89/100
|-boost|p2a: Skeledirge|spa|1
|
|upkeep
|turn|9
|
|t:|1781156434
|switch|p2a: Alomomola|Alomomola, F|100/100
|-damage|p2a: Alomomola|88/100|[from] Stealth Rock
|move|p1a: Moltres|Hurricane|p2a: Alomomola
|-damage|p2a: Alomomola|16/100
|
|upkeep
|turn|10
|
|t:|1781156439
|move|p2a: Alomomola|Aqua Jet|p1a: Moltres
|-supereffective|p1a: Moltres
|-damage|p1a: Moltres|40/100
|move|p1a: Moltres|Hurricane|p2a: Alomomola|[miss]
|-miss|p1a: Moltres|p2a: Alomomola
|
|upkeep
|turn|11
|
|t:|1781156453
|switch|p1a: Samurott|Samurott-Hisui, F|100/100
|-damage|p1a: Samurott|88/100|[from] Stealth Rock
|move|p2a: Alomomola|Aqua Jet|p1a: Samurott
|-resisted|p1a: Samurott
|-crit|p1a: Samurott
|-damage|p1a: Samurott|67/100
|
|upkeep
|turn|12
|
|t:|1781156455
|move|p2a: Alomomola|Aqua Jet|p1a: Samurott
|-resisted|p1a: Samurott
|-damage|p1a: Samurott|53/100
|move|p1a: Samurott|Ceaseless Edge|p2a: Alomomola
|-damage|p2a: Alomomola|0 fnt
|-sidestart|p2: Liaoa|Spikes
|faint|p2a: Alomomola
|
|upkeep
|
|t:|1781156460
|switch|p2a: Ting-Lu|Ting-Lu|96/100
|-damage|p2a: Ting-Lu|90/100|[from] Stealth Rock
|-damage|p2a: Ting-Lu|77/100|[from] Spikes
|-ability|p2a: Ting-Lu|Vessel of Ruin
|turn|13
|
|t:|1781156465
|switch|p1a: Sinistcha|Sinistcha|100/100
|move|p2a: Ting-Lu|Lash Out|p1a: Sinistcha
|-supereffective|p1a: Sinistcha
|-damage|p1a: Sinistcha|48/100
|
|upkeep
|turn|14
|
|t:|1781156471
|switch|p2a: Corviknight|Corviknight, F|100/100
|-damage|p2a: Corviknight|88/100|[from] Stealth Rock
|move|p1a: Sinistcha|Strength Sap|p2a: Corviknight
|-ability|p2a: Corviknight|Mirror Armor
|-unboost|p1a: Sinistcha|atk|1
|-heal|p1a: Sinistcha|100/100
|
|upkeep
|turn|15
|
|t:|1781156474
|switch|p1a: Moltres|Moltres|40/100
|-ability|p1a: Moltres|Pressure
|move|p2a: Corviknight|Brave Bird|p1a: Moltres
|-damage|p1a: Moltres|0 fnt
|faint|p1a: Moltres
|-damage|p2a: Corviknight|73/100|[from] Recoil
|
|upkeep
|
|t:|1781156497
|switch|p1a: Kommo-o|Kommo-o, M|100/100
|-damage|p1a: Kommo-o|94/100|[from] Stealth Rock
|turn|16
|
|t:|1781156503
|move|p2a: Corviknight|Brave Bird|p1a: Kommo-o
|-supereffective|p1a: Kommo-o
|-damage|p1a: Kommo-o|33/100
|-damage|p2a: Corviknight|52/100|[from] Recoil
|move|p1a: Kommo-o|Taunt|p2a: Corviknight
|-start|p2a: Corviknight|move: Taunt
|
|-heal|p1a: Kommo-o|39/100|[from] item: Leftovers
|upkeep
|turn|17
|
|t:|1781156527
|switch|p1a: Clefable|Clefable, F|99/100
|move|p2a: Corviknight|Brave Bird|p1a: Clefable
|-damage|p1a: Clefable|61/100
|-damage|p2a: Corviknight|37/100|[from] Recoil
|
|upkeep
|turn|18
|
|t:|1781156534
|switch|p2a: Skeledirge|Skeledirge, F|57/100
|-damage|p2a: Skeledirge|32/100|[from] Stealth Rock
|-damage|p2a: Skeledirge|20/100|[from] Spikes
|move|p1a: Clefable|Moonblast|p2a: Skeledirge
|-resisted|p2a: Skeledirge
|-damage|p2a: Skeledirge|1/100
|-unboost|p2a: Skeledirge|spa|1
|
|upkeep
|turn|19
|
|t:|1781156537
|move|p2a: Skeledirge|Torch Song|p1a: Clefable
|-damage|p1a: Clefable|36/100
|-boost|p2a: Skeledirge|spa|1
|move|p1a: Clefable|Moonblast|p2a: Skeledirge
|-resisted|p2a: Skeledirge
|-damage|p2a: Skeledirge|0 fnt
|faint|p2a: Skeledirge
|
|upkeep
|
|t:|1781156543
|switch|p2a: Ting-Lu|Ting-Lu|77/100
|-damage|p2a: Ting-Lu|71/100|[from] Stealth Rock
|-damage|p2a: Ting-Lu|59/100|[from] Spikes
|-ability|p2a: Ting-Lu|Vessel of Ruin
|turn|20
|
|t:|1781156546
|move|p1a: Clefable|Moonblast|p2a: Ting-Lu
|-supereffective|p2a: Ting-Lu
|-damage|p2a: Ting-Lu|20/100
|move|p2a: Ting-Lu|Heavy Slam|p1a: Clefable
|-supereffective|p1a: Clefable
|-damage|p1a: Clefable|0 fnt
|faint|p1a: Clefable
|
|upkeep
|
|t:|1781156553
|switch|p1a: Samurott|Samurott-Hisui, F|53/100
|-damage|p1a: Samurott|41/100|[from] Stealth Rock
|turn|21
|
|t:|1781156557
|move|p1a: Samurott|Flip Turn|p2a: Ting-Lu
|-supereffective|p2a: Ting-Lu
|-damage|p2a: Ting-Lu|0 fnt
|faint|p2a: Ting-Lu
|
|t:|1781156574
|switch|p1a: Kommo-o|Kommo-o, M|39/100|[from] Flip Turn
|-damage|p1a: Kommo-o|33/100|[from] Stealth Rock
|
|-heal|p1a: Kommo-o|39/100|[from] item: Leftovers
|upkeep
|
|t:|1781156580
|switch|p2a: Corviknight|Corviknight, F|37/100
|-damage|p2a: Corviknight|25/100|[from] Stealth Rock
|turn|22
|
|t:|1781156590
|switch|p1a: Ting-Lu|Ting-Lu|100/100
|-damage|p1a: Ting-Lu|94/100|[from] Stealth Rock
|-ability|p1a: Ting-Lu|Vessel of Ruin
|move|p2a: Corviknight|U-turn|p1a: Ting-Lu
|-supereffective|p1a: Ting-Lu
|-damage|p1a: Ting-Lu|73/100
|
|t:|1781156592
|switch|p2a: Clefable|Clefable, F|34/100|[from] U-turn
|
|-heal|p2a: Clefable|40/100|[from] item: Leftovers
|-heal|p1a: Ting-Lu|79/100|[from] item: Leftovers
|upkeep
|turn|23
|
|t:|1781156598
|move|p2a: Clefable|Moonblast|p1a: Ting-Lu
|-supereffective|p1a: Ting-Lu
|-damage|p1a: Ting-Lu|47/100
|-unboost|p1a: Ting-Lu|spa|1
|move|p1a: Ting-Lu|Earthquake|p2a: Clefable
|-damage|p2a: Clefable|0 fnt
|faint|p2a: Clefable
|
|-heal|p1a: Ting-Lu|53/100|[from] item: Leftovers
|upkeep
|
|t:|1781156601
|switch|p2a: Dondozo|Dondozo, M|100/100
|-damage|p2a: Dondozo|88/100|[from] Stealth Rock
|-damage|p2a: Dondozo|75/100|[from] Spikes
|turn|24
|
|t:|1781156607
|switch|p1a: Sinistcha|Sinistcha|100/100
|move|p2a: Dondozo|Avalanche|p1a: Sinistcha
|-supereffective|p1a: Sinistcha
|-damage|p1a: Sinistcha|58/100
|
|upkeep
|turn|25
|
|t:|1781156613
|move|p1a: Sinistcha|Strength Sap|p2a: Dondozo
|-unboost|p2a: Dondozo|atk|1
|-heal|p1a: Sinistcha|100/100
|move|p2a: Dondozo|Avalanche|p1a: Sinistcha
|-supereffective|p1a: Sinistcha
|-damage|p1a: Sinistcha|73/100
|
|upkeep
|turn|26
|
|t:|1781156615
|switch|p2a: Corviknight|Corviknight, F|25/100
|-damage|p2a: Corviknight|12/100|[from] Stealth Rock
|move|p1a: Sinistcha|Matcha Gotcha|p2a: Corviknight|[miss]
|-miss|p1a: Sinistcha|p2a: Corviknight
|
|upkeep
|turn|27
|
|t:|1781156618
|switch|p1a: Kommo-o|Kommo-o, M|39/100
|-damage|p1a: Kommo-o|33/100|[from] Stealth Rock
|move|p2a: Corviknight|Brave Bird|p1a: Kommo-o
|-supereffective|p1a: Kommo-o
|-damage|p1a: Kommo-o|0 fnt
|faint|p1a: Kommo-o
|-damage|p2a: Corviknight|1/100|[from] Recoil
|
|upkeep
|
|t:|1781156620
|switch|p1a: Samurott|Samurott-Hisui, F|41/100
|-damage|p1a: Samurott|28/100|[from] Stealth Rock
|turn|28
|
|t:|1781156622
|move|p1a: Samurott|Flip Turn|p2a: Corviknight
|-damage|p2a: Corviknight|0 fnt
|faint|p2a: Corviknight
|-message|Liaoa forfeited.
|
|win|jonuz
|raw|jonuz's rating: 1569 &rarr; <strong>1591</strong><br />(+22 for winning)
|raw|Liaoa's rating: 1599 &rarr; <strong>1577</strong><br />(-22 for losing)
|l|☆Liaoa
|player|p2|
|l|☆jonuz
|player|p1|
