|j|☆Samuel10ramos
|j|☆Pig Perfect
|t:|1780935349
|gametype|singles
|player|p1|Samuel10ramos|265|1518
|player|p2|Pig Perfect|workerice|1578
|gen|9
|tier|[Gen 9] OU
|rated|
|rule|HP Percentage Mod: HP is shown in percentages
|rule|Endless Battle Clause: Forcing endless battles is banned
|rule|Species Clause: Limit one of each Pokémon
|rule|OHKO Clause: OHKO moves are banned
|rule|Evasion Items Clause: Evasion items are banned
|rule|Evasion Moves Clause: Evasion moves are banned
|rule|Evasion Abilities Clause: Evasion abilities are banned
|rule|Sleep Moves Clause: Sleep-inducing moves are banned
|clearpoke
|poke|p1|Ceruledge, M|
|poke|p1|Great Tusk|
|poke|p1|Iron Valiant|
|poke|p1|Kyurem|
|poke|p1|Meowscarada, F|
|poke|p1|Enamorus, F|
|poke|p2|Enamorus-Therian, F|
|poke|p2|Excadrill, M|
|poke|p2|Iron Crown|
|poke|p2|Kommo-o, F|
|poke|p2|Lycanroc, M|
|poke|p2|Tyranitar, F|
|teampreview
|inactive|Battle timer is ON: inactive players will automatically lose when time's up. (requested by Samuel10ramos)
|
|t:|1780935396
|teamsize|p1|6
|teamsize|p2|6
|start
|switch|p1a: Great Tusk|Great Tusk|100/100
|switch|p2a: Tyranitar|Tyranitar, F|100/100
|-weather|Sandstorm|[from] ability: Sand Stream|[of] p2a: Tyranitar
|-enditem|p1a: Great Tusk|Booster Energy
|-activate|p1a: Great Tusk|ability: Protosynthesis|[fromitem]
|-start|p1a: Great Tusk|protosynthesisspe
|turn|1
|
|t:|1780935407
|switch|p2a: Enamorus|Enamorus-Therian, F|100/100
|move|p1a: Great Tusk|Bulk Up|p1a: Great Tusk
|-boost|p1a: Great Tusk|atk|1
|-boost|p1a: Great Tusk|def|1
|
|-weather|Sandstorm|[upkeep]
|upkeep
|turn|2
|
|t:|1780935434
|-terastallize|p1a: Great Tusk|Ground
|move|p1a: Great Tusk|Rock Slide|p2a: Enamorus
|-supereffective|p2a: Enamorus
|-damage|p2a: Enamorus|26/100
|cant|p2a: Enamorus|flinch
|
|-weather|Sandstorm|[upkeep]
|-heal|p2a: Enamorus|32/100|[from] item: Leftovers
|upkeep
|turn|3
|
|t:|1780935447
|move|p1a: Great Tusk|Rock Slide|p2a: Enamorus
|-supereffective|p2a: Enamorus
|-damage|p2a: Enamorus|0 fnt
|faint|p2a: Enamorus
|
|-weather|Sandstorm|[upkeep]
|upkeep
|
|t:|1780935456
|switch|p2a: Excadrill|Excadrill, M|100/100
|-item|p2a: Excadrill|Air Balloon
|turn|4
|
|t:|1780935472
|move|p2a: Excadrill|Iron Head|p1a: Great Tusk
|-damage|p1a: Great Tusk|82/100
|cant|p1a: Great Tusk|flinch
|
|-weather|Sandstorm|[upkeep]
|upkeep
|turn|5
|
|t:|1780935480
|move|p2a: Excadrill|Swords Dance|p2a: Excadrill
|-boost|p2a: Excadrill|atk|2
|move|p1a: Great Tusk|Rapid Spin|p2a: Excadrill
|-resisted|p2a: Excadrill
|-damage|p2a: Excadrill|84/100
|-boost|p1a: Great Tusk|spe|1
|-enditem|p2a: Excadrill|Air Balloon
|
|-weather|Sandstorm|[upkeep]
|upkeep
|turn|6
|
|t:|1780935490
|move|p1a: Great Tusk|Earthquake|p2a: Excadrill
|-supereffective|p2a: Excadrill
|-damage|p2a: Excadrill|0 fnt
|faint|p2a: Excadrill
|
|-weather|Sandstorm|[upkeep]
|upkeep
|
|t:|1780935497
|switch|p2a: Kommo-o|Kommo-o, F|100/100
|turn|7
|
|t:|1780935504
|move|p1a: Great Tusk|Earthquake|p2a: Kommo-o
|-damage|p2a: Kommo-o|21/100
|move|p2a: Kommo-o|Clanging Scales|p1a: Great Tusk
|-damage|p1a: Great Tusk|16/100
|-unboost|p2a: Kommo-o|def|1
|-enditem|p2a: Kommo-o|Throat Spray
|-boost|p2a: Kommo-o|spa|1|[from] item: Throat Spray
|
|-weather|Sandstorm|[upkeep]
|upkeep
|turn|8
|
|t:|1780935515
|move|p1a: Great Tusk|Earthquake|p2a: Kommo-o
|-damage|p2a: Kommo-o|0 fnt
|faint|p2a: Kommo-o
|
|-weather|none
|upkeep
|
|t:|1780935526
|switch|p2a: Lycanroc|Lycanroc, M|100/100
|turn|9
|
|t:|1780935543
|switch|p2a: Tyranitar|Tyranitar, F|100/100
|-weather|Sandstorm|[from] ability: Sand Stream|[of] p2a: Tyranitar
|move|p1a: Great Tusk|Earthquake|p2a: Tyranitar
|-supereffective|p2a: Tyranitar
|-damage|p2a: Tyranitar|0 fnt
|faint|p2a: Tyranitar
|
|-weather|Sandstorm|[upkeep]
|upkeep
|
|t:|1780935547
|switch|p2a: Iron Crown|Iron Crown|100/100
|turn|10
|
|t:|1780935556
|-terastallize|p2a: Iron Crown|Fighting
|move|p1a: Great Tusk|Earthquake|p2a: Iron Crown
|-damage|p2a: Iron Crown|15/100
|move|p2a: Iron Crown|Tachyon Cutter|p1a: Great Tusk
|-damage|p1a: Great Tusk|0 fnt
|faint|p1a: Great Tusk
|-end|p1a: Great Tusk|Protosynthesis|[silent]
|-hitcount|p1: Great Tusk|1
|
|-weather|Sandstorm|[upkeep]
|-damage|p2a: Iron Crown|8/100|[from] Sandstorm
|upkeep
|
|t:|1780935577
|switch|p1a: Iron Valiant|Iron Valiant|100/100
|-enditem|p1a: Iron Valiant|Booster Energy
|-activate|p1a: Iron Valiant|ability: Quark Drive|[fromitem]
|-start|p1a: Iron Valiant|quarkdrivespa
|turn|11
|
|t:|1780935588
|-end|p1a: Iron Valiant|Quark Drive|[silent]
|switch|p1a: Ceruledge|Ceruledge, M|100/100
|move|p2a: Iron Crown|Tachyon Cutter|p1a: Ceruledge
|-resisted|p1a: Ceruledge
|-damage|p1a: Ceruledge|88/100
|-resisted|p1a: Ceruledge
|-damage|p1a: Ceruledge|76/100
|-hitcount|p1a: Ceruledge|2
|
|-weather|Sandstorm|[upkeep]
|-damage|p2a: Iron Crown|2/100|[from] Sandstorm
|-damage|p1a: Ceruledge|69/100|[from] Sandstorm
|upkeep
|turn|12
|
|t:|1780935602
|move|p2a: Iron Crown|Volt Switch|p1a: Ceruledge
|-damage|p1a: Ceruledge|45/100
|
|t:|1780935605
|-end|p2a: Iron Crown|Quark Drive|[silent]
|switch|p2a: Lycanroc|Lycanroc, M|100/100|[from] Volt Switch
|move|p1a: Ceruledge|Bitter Blade|p2a: Lycanroc
|-resisted|p2a: Lycanroc
|-damage|p2a: Lycanroc|45/100
|-heal|p1a: Ceruledge|69/100|[from] drain|[of] p2a: Lycanroc
|-damage|p1a: Ceruledge|59/100|[from] item: Life Orb
|
|-weather|Sandstorm|[upkeep]
|-damage|p1a: Ceruledge|53/100|[from] Sandstorm
|upkeep
|turn|13
|
|t:|1780935621
|move|p2a: Lycanroc|Swords Dance|p2a: Lycanroc
|-boost|p2a: Lycanroc|atk|2
|move|p1a: Ceruledge|Bitter Blade|p2a: Lycanroc
|-resisted|p2a: Lycanroc
|-damage|p2a: Lycanroc|0 fnt
|-heal|p1a: Ceruledge|72/100|[from] drain|[of] p2a: Lycanroc
|faint|p2a: Lycanroc
|-damage|p1a: Ceruledge|62/100|[from] item: Life Orb
|
|-weather|Sandstorm|[upkeep]
|-damage|p1a: Ceruledge|56/100|[from] Sandstorm
|upkeep
|-message|Pig Perfect forfeited.
|
|win|Samuel10ramos
|raw|Samuel10ramos's rating: 1518 &rarr; <strong>1541</strong><br />(+23 for winning)
|raw|Pig Perfect's rating: 1578 &rarr; <strong>1555</strong><br />(-23 for losing)
|l|☆Pig Perfect
|player|p2|
|l|☆Samuel10ramos
|player|p1|
