|j|☆ur doggo
|j|☆qingyunxian
|t:|1781448803
|gametype|singles
|player|p1|ur doggo|170|1622
|player|p2|qingyunxian|1|1634
|gen|9
|tier|[Gen 9] OU
|rated|
|rule|HP Percentage Mod: HP is shown in percentages
|rule|Endless Battle Clause: Forcing endless battles is banned
|rule|Species Clause: Limit one of each Pokémon
|rule|OHKO Clause: OHKO moves are banned
|rule|Evasion Items Clause: Evasion items are banned
|rule|Evasion Moves Clause: Evasion moves are banned
|rule|Evasion Abilities Clause: Evasion abilities are banned
|rule|Sleep Moves Clause: Sleep-inducing moves are banned
|clearpoke
|poke|p1|Regieleki|
|poke|p1|Corviknight, M|
|poke|p1|Zamazenta-*|
|poke|p1|Alomomola, F|
|poke|p1|Grafaiai, F|
|poke|p1|Gliscor, M|
|poke|p2|Ceruledge, F|
|poke|p2|Glimmora, F|
|poke|p2|Iron Valiant|
|poke|p2|Ogerpon-Wellspring, F|
|poke|p2|Minior|
|poke|p2|Garchomp, M|
|teampreview
|inactive|Battle timer is ON: inactive players will automatically lose when time's up. (requested by qingyunxian)
|j| dragasoul
|
|t:|1781448831
|teamsize|p1|6
|teamsize|p2|6
|start
|switch|p1a: Zamazenta|Zamazenta|100/100
|switch|p2a: Glimmora|Glimmora, F|100/100
|-ability|p1a: Zamazenta|Dauntless Shield|boost
|-boost|p1a: Zamazenta|def|1
|turn|1
|
|t:|1781448838
|move|p1a: Zamazenta|Close Combat|p2a: Glimmora
|-enditem|p2a: Glimmora|Focus Sash
|-damage|p2a: Glimmora|1/100
|-unboost|p1a: Zamazenta|def|1
|-unboost|p1a: Zamazenta|spd|1
|-activate|p2a: Glimmora|ability: Toxic Debris
|-sidestart|p1: ur doggo|move: Toxic Spikes
|move|p2a: Glimmora|Stealth Rock|p1a: Zamazenta
|-sidestart|p1: ur doggo|move: Stealth Rock
|
|upkeep
|turn|2
|
|t:|1781448861
|switch|p2a: Ceruledge|Ceruledge, F|100/100
|move|p1a: Zamazenta|Close Combat|p2a: Ceruledge
|-immune|p2a: Ceruledge
|
|upkeep
|turn|3
|
|t:|1781448871
|switch|p1a: Grafaiai|Grafaiai, F|100/100
|-sideend|p1: ur doggo|move: Toxic Spikes|[of] p1a: Grafaiai
|-damage|p1a: Grafaiai|88/100|[from] Stealth Rock
|move|p2a: Ceruledge|Swords Dance|p2a: Ceruledge
|-boost|p2a: Ceruledge|atk|2
|
|upkeep
|turn|4
|
|t:|1781448881
|switch|p2a: Garchomp|Garchomp, M|100/100
|move|p1a: Grafaiai|Encore||[still]
|-fail|p1a: Grafaiai
|
|upkeep
|turn|5
|
|t:|1781448891
|move|p1a: Grafaiai|Switcheroo|p2a: Garchomp
|-activate|p1a: Grafaiai|move: Trick|[of] p2a: Garchomp
|-item|p2a: Garchomp|Ring Target|[from] move: Switcheroo
|-item|p1a: Grafaiai|Loaded Dice|[from] move: Switcheroo
|move|p2a: Garchomp|Swords Dance|p2a: Garchomp
|-boost|p2a: Garchomp|atk|2
|
|upkeep
|turn|6
|
|t:|1781448904
|switch|p2a: Ogerpon|Ogerpon-Wellspring, F|100/100
|move|p1a: Grafaiai|Encore||[still]
|-fail|p1a: Grafaiai
|
|upkeep
|turn|7
|
|t:|1781448913
|move|p1a: Grafaiai|Toxic|p2a: Ogerpon
|-status|p2a: Ogerpon|tox
|move|p2a: Ogerpon|Ivy Cudgel|p1a: Grafaiai|[anim] Ivy Cudgel Water
|-damage|p1a: Grafaiai|0 fnt
|faint|p1a: Grafaiai
|
|-damage|p2a: Ogerpon|95/100 tox|[from] psn
|upkeep
|
|t:|1781448924
|switch|p1a: Regieleki|Regieleki|100/100
|-damage|p1a: Regieleki|88/100|[from] Stealth Rock
|turn|8
|
|t:|1781448941
|-terastallize|p1a: Regieleki|Electric
|move|p1a: Regieleki|Thunderbolt|p2a: Ogerpon
|-crit|p2a: Ogerpon
|-damage|p2a: Ogerpon|0 fnt
|faint|p2a: Ogerpon
|
|upkeep
|
|t:|1781448952
|switch|p2a: Ceruledge|Ceruledge, F|100/100
|turn|9
|
|t:|1781448970
|switch|p1a: Alomomola|Alomomola, F|100/100
|-damage|p1a: Alomomola|88/100|[from] Stealth Rock
|move|p2a: Ceruledge|Swords Dance|p2a: Ceruledge
|-boost|p2a: Ceruledge|atk|2
|
|upkeep
|turn|10
|
|t:|1781448992
|-terastallize|p2a: Ceruledge|Fighting
|move|p2a: Ceruledge|Swords Dance|p2a: Ceruledge
|-boost|p2a: Ceruledge|atk|2
|move|p1a: Alomomola|Scald|p2a: Ceruledge
|-crit|p2a: Ceruledge
|-damage|p2a: Ceruledge|78/100
|
|upkeep
|turn|11
|
|t:|1781449005
|move|p2a: Ceruledge|Close Combat|p1a: Alomomola
|-damage|p1a: Alomomola|0 fnt
|-unboost|p2a: Ceruledge|def|1
|-unboost|p2a: Ceruledge|spd|1
|faint|p1a: Alomomola
|
|upkeep
|
|t:|1781449008
|switch|p1a: Regieleki|Regieleki, tera:Electric|88/100
|-damage|p1a: Regieleki|76/100|[from] Stealth Rock
|turn|12
|
|t:|1781449015
|move|p2a: Ceruledge|Shadow Sneak|p1a: Regieleki
|-damage|p1a: Regieleki|0 fnt
|faint|p1a: Regieleki
|
|upkeep
|
|t:|1781449018
|switch|p1a: Zamazenta|Zamazenta|100/100
|-damage|p1a: Zamazenta|94/100|[from] Stealth Rock
|turn|13
|
|t:|1781449039
|move|p2a: Ceruledge|Shadow Sneak|p1a: Zamazenta
|-damage|p1a: Zamazenta|34/100
|move|p1a: Zamazenta|Close Combat|p2a: Ceruledge
|-damage|p2a: Ceruledge|0 fnt
|-unboost|p1a: Zamazenta|def|1
|-unboost|p1a: Zamazenta|spd|1
|faint|p2a: Ceruledge
|
|upkeep
|
|t:|1781449048
|switch|p2a: Iron Valiant|Iron Valiant|100/100
|-enditem|p2a: Iron Valiant|Booster Energy
|-activate|p2a: Iron Valiant|ability: Quark Drive|[fromitem]
|-start|p2a: Iron Valiant|quarkdrivespe
|turn|14
|
|t:|1781449058
|switch|p1a: Corviknight|Corviknight, M|100/100
|-damage|p1a: Corviknight|88/100|[from] Stealth Rock
|-ability|p1a: Corviknight|Pressure
|move|p2a: Iron Valiant|Calm Mind|p2a: Iron Valiant
|-boost|p2a: Iron Valiant|spa|1
|-boost|p2a: Iron Valiant|spd|1
|
|upkeep
|turn|15
|
|t:|1781449063
|move|p2a: Iron Valiant|Shadow Ball|p1a: Corviknight
|-damage|p1a: Corviknight|50/100
|-unboost|p1a: Corviknight|spd|1
|move|p1a: Corviknight|Brave Bird|p2a: Iron Valiant
|-supereffective|p2a: Iron Valiant
|-damage|p2a: Iron Valiant|11/100
|-damage|p1a: Corviknight|28/100|[from] Recoil
|
|upkeep
|turn|16
|
|t:|1781449074
|move|p2a: Iron Valiant|Shadow Ball|p1a: Corviknight
|-damage|p1a: Corviknight|0 fnt
|faint|p1a: Corviknight
|
|upkeep
|
|t:|1781449079
|switch|p1a: Gliscor|Gliscor, M|100/100
|-damage|p1a: Gliscor|88/100|[from] Stealth Rock
|turn|17
|
|t:|1781449086
|move|p1a: Gliscor|Protect|p1a: Gliscor
|-singleturn|p1a: Gliscor|Protect
|move|p2a: Iron Valiant|Moonblast|p1a: Gliscor
|-activate|p1a: Gliscor|move: Protect
|
|-status|p1a: Gliscor|tox|[from] item: Toxic Orb
|upkeep
|turn|18
|
|t:|1781449090
|move|p2a: Iron Valiant|Encore|p1a: Gliscor
|-start|p1a: Gliscor|Encore
|move|p1a: Gliscor|Protect||[still]
|-fail|p1a: Gliscor
|
|-heal|p1a: Gliscor|100/100 tox|[from] ability: Poison Heal
|upkeep
|turn|19
|-message|ur doggo forfeited.
|
|win|qingyunxian
|raw|ur doggo's rating: 1622 &rarr; <strong>1603</strong><br />(-19 for losing)
|raw|qingyunxian's rating: 1634 &rarr; <strong>1653</strong><br />(+19 for winning)
|l|☆ur doggo
|player|p1|
|l|☆qingyunxian
|player|p2|
|l| dragasoul
