|badge|p2|bronze|gen9randombattle|100-9
|badge|p2|bronze|gen9ubers|100-9
|uhtml|medal-msg|<div class="broadcast-blue">Curious what those medals under the avatar are? PS now has Ladder Seasons! For more information, check out the <a href="https://www.smogon.com/forums/threads/3740067/">thread on Smogon.</a></div>
|j|☆shumnky yeat
|j|☆oddishlover4
|t:|1781033098
|gametype|singles
|player|p1|shumnky yeat|preschooler|1591
|player|p2|oddishlover4|acetrainerf|1648
|gen|9
|tier|[Gen 9] OU
|rated|
|rule|HP Percentage Mod: HP is shown in percentages
|rule|Endless Battle Clause: Forcing endless battles is banned
|rule|Species Clause: Limit one of each Pokémon
|rule|OHKO Clause: OHKO moves are banned
|rule|Evasion Items Clause: Evasion items are banned
|rule|Evasion Moves Clause: Evasion moves are banned
|rule|Evasion Abilities Clause: Evasion abilities are banned
|rule|Sleep Moves Clause: Sleep-inducing moves are banned
|clearpoke
|poke|p1|Keldeo-Resolute|
|poke|p1|Ceruledge, M|
|poke|p1|Iron Valiant|
|poke|p1|Avalugg-Hisui, F|
|poke|p1|Clefable, M|
|poke|p1|Cinderace, M|
|poke|p2|Kyurem|
|poke|p2|Hatterene, F|
|poke|p2|Darkrai|
|poke|p2|Great Tusk|
|poke|p2|Dragonite, F|
|poke|p2|Gholdengo|
|teampreview
|c|☆oddishlover4|gl/hf!
|inactive|Battle timer is ON: inactive players will automatically lose when time's up. (requested by oddishlover4)
|
|t:|1781033128
|teamsize|p1|6
|teamsize|p2|6
|start
|switch|p1a: Avalugg|Avalugg-Hisui, F|100/100
|switch|p2a: Kyurem|Kyurem|100/100
|-ability|p2a: Kyurem|Pressure
|turn|1
|c|☆shumnky yeat|thx u 2
|
|t:|1781033146
|move|p2a: Kyurem|Earth Power|p1a: Avalugg
|-supereffective|p1a: Avalugg
|-ability|p1a: Avalugg|Sturdy
|-damage|p1a: Avalugg|1/100
|move|p1a: Avalugg|Body Press|p2a: Kyurem
|-supereffective|p2a: Kyurem
|-damage|p2a: Kyurem|54/100
|
|upkeep
|turn|2
|-enditem|p1a: Avalugg|Custap Berry|[eat]
|-activate|p1a: Avalugg|item: Custap Berry|[consumed]
|
|t:|1781033165
|switch|p2a: Gholdengo|Gholdengo|100/100
|move|p1a: Avalugg|Body Press|p2a: Gholdengo
|-immune|p2a: Gholdengo
|
|upkeep
|turn|3
|
|t:|1781033183
|move|p2a: Gholdengo|Nasty Plot|p2a: Gholdengo
|-boost|p2a: Gholdengo|spa|2
|move|p1a: Avalugg|Mountain Gale|p2a: Gholdengo
|-resisted|p2a: Gholdengo
|-damage|p2a: Gholdengo|78/100
|
|upkeep
|turn|4
|inactive|oddishlover4 has 120 seconds left.
|
|t:|1781033202
|move|p2a: Gholdengo|Shadow Ball|p1a: Avalugg
|-damage|p1a: Avalugg|0 fnt
|faint|p1a: Avalugg
|
|upkeep
|
|t:|1781033217
|switch|p1a: Cinderace|Cinderace, M|100/100
|turn|5
|inactive|oddishlover4 has 120 seconds left.
|
|t:|1781033235
|-terastallize|p2a: Gholdengo|Fairy
|move|p1a: Cinderace|Pyro Ball|p2a: Gholdengo|[miss]
|-miss|p1a: Cinderace|p2a: Gholdengo
|move|p2a: Gholdengo|Recover|p2a: Gholdengo
|-heal|p2a: Gholdengo|100/100
|
|upkeep
|turn|6
|inactive|oddishlover4 has 120 seconds left.
|
|t:|1781033253
|move|p1a: Cinderace|Pyro Ball|p2a: Gholdengo
|-damage|p2a: Gholdengo|47/100
|move|p2a: Gholdengo|Shadow Ball|p1a: Cinderace
|-enditem|p1a: Cinderace|Focus Sash
|-damage|p1a: Cinderace|1/100
|
|upkeep
|turn|7
|inactive|oddishlover4 has 120 seconds left.
|
|t:|1781033271
|switch|p2a: Dragonite|Dragonite, F|100/100
|move|p1a: Cinderace|Pyro Ball|p2a: Dragonite|[miss]
|-miss|p1a: Cinderace|p2a: Dragonite
|
|upkeep
|turn|8
|c|☆oddishlover4|Sorry :P
|
|t:|1781033289
|switch|p1a: Clefable|Clefable, M|100/100
|move|p2a: Dragonite|Extreme Speed|p1a: Clefable
|-damage|p1a: Clefable|80/100
|
|-heal|p1a: Clefable|86/100|[from] item: Leftovers
|upkeep
|turn|9
|c|☆shumnky yeat|cannot be 90% i miss pyro too much
|
|t:|1781033318
|switch|p2a: Gholdengo|Gholdengo, tera:Fairy|47/100
|move|p1a: Clefable|Draining Kiss|p2a: Gholdengo
|-damage|p2a: Gholdengo|32/100
|-heal|p1a: Clefable|97/100|[from] drain|[of] p2a: Gholdengo
|
|-heal|p1a: Clefable|100/100|[from] item: Leftovers
|upkeep
|turn|10
|inactive|shumnky yeat has 120 seconds left.
|
|t:|1781033336
|switch|p1a: Keldeo|Keldeo-Resolute|100/100
|move|p2a: Gholdengo|Recover|p2a: Gholdengo
|-heal|p2a: Gholdengo|82/100
|
|upkeep
|turn|11
|c|☆oddishlover4|It do be rough like that sometimes. I swear twave has a 50% acc.
|inactive|oddishlover4 has 90 seconds left.
|
|t:|1781033354
|switch|p2a: Dragonite|Dragonite, F|100/100
|move|p1a: Keldeo|Surf|p2a: Dragonite
|-resisted|p2a: Dragonite
|-damage|p2a: Dragonite|90/100
|
|upkeep
|turn|12
|inactive|oddishlover4 has 90 seconds left.
|
|t:|1781033372
|move|p1a: Keldeo|Icy Wind|p2a: Dragonite
|-supereffective|p2a: Dragonite
|-damage|p2a: Dragonite|21/100
|-unboost|p2a: Dragonite|spe|1
|move|p2a: Dragonite|Dragon Dance|p2a: Dragonite
|-boost|p2a: Dragonite|atk|1
|-boost|p2a: Dragonite|spe|1
|
|upkeep
|turn|13
|inactive|oddishlover4 has 90 seconds left.
|
|t:|1781033391
|move|p2a: Dragonite|Extreme Speed|p1a: Keldeo
|-damage|p1a: Keldeo|55/100
|move|p1a: Keldeo|Icy Wind|p2a: Dragonite
|-supereffective|p2a: Dragonite
|-damage|p2a: Dragonite|0 fnt
|faint|p2a: Dragonite
|
|upkeep
|
|t:|1781033409
|switch|p2a: Hatterene|Hatterene, F|100/100
|turn|14
|inactive|shumnky yeat has 120 seconds left.
|
|t:|1781033439
|switch|p1a: Clefable|Clefable, M|100/100
|move|p2a: Hatterene|Draining Kiss|p1a: Clefable
|-damage|p1a: Clefable|79/100
|
|-heal|p1a: Clefable|85/100|[from] item: Leftovers
|upkeep
|turn|15
|inactive|shumnky yeat has 120 seconds left.
|inactive|oddishlover4 has 60 seconds left.
|
|t:|1781033457
|move|p1a: Clefable|Calm Mind|p1a: Clefable
|-boost|p1a: Clefable|spa|1
|-boost|p1a: Clefable|spd|1
|move|p2a: Hatterene|Nuzzle|p1a: Clefable
|-damage|p1a: Clefable|82/100
|-status|p1a: Clefable|par
|
|-heal|p1a: Clefable|89/100 par|[from] item: Leftovers
|upkeep
|turn|16
|inactive|shumnky yeat has 120 seconds left.
|inactive|oddishlover4 has 60 seconds left.
|
|t:|1781033476
|move|p2a: Hatterene|Psychic Noise|p1a: Clefable
|-damage|p1a: Clefable|68/100 par
|-start|p1a: Clefable|move: Heal Block
|move|p1a: Clefable|Cosmic Power|p1a: Clefable
|-boost|p1a: Clefable|def|1
|-boost|p1a: Clefable|spd|1
|
|upkeep
|turn|17
|inactive|oddishlover4 has 60 seconds left.
|inactive|shumnky yeat has 120 seconds left.
|
|t:|1781033487
|switch|p2a: Darkrai|Darkrai|100/100
|move|p1a: Clefable|Calm Mind|p1a: Clefable
|-boost|p1a: Clefable|spa|1
|-boost|p1a: Clefable|spd|1
|
|-end|p1a: Clefable|move: Heal Block
|upkeep
|turn|18
|
|t:|1781033496
|move|p2a: Darkrai|Trick|p1a: Clefable
|-activate|p2a: Darkrai|move: Trick|[of] p1a: Clefable
|-item|p1a: Clefable|Choice Scarf|[from] move: Trick
|-item|p2a: Darkrai|Leftovers|[from] move: Trick
|move|p1a: Clefable|Draining Kiss|p2a: Darkrai
|-supereffective|p2a: Darkrai
|-damage|p2a: Darkrai|17/100
|-heal|p1a: Clefable|100/100 par|[from] drain|[of] p2a: Darkrai
|
|-heal|p2a: Darkrai|23/100|[from] item: Leftovers
|upkeep
|turn|19
|
|t:|1781033505
|switch|p2a: Hatterene|Hatterene, F|100/100
|move|p1a: Clefable|Draining Kiss|p2a: Hatterene
|-damage|p2a: Hatterene|65/100
|-damage|p1a: Clefable|84/100 par|[from] item: Rocky Helmet|[of] p2a: Hatterene
|
|upkeep
|turn|20
|
|t:|1781033515
|move|p1a: Clefable|Draining Kiss|p2a: Hatterene
|-damage|p2a: Hatterene|27/100
|-heal|p1a: Clefable|100/100 par|[from] drain|[of] p2a: Hatterene
|-damage|p1a: Clefable|84/100 par|[from] item: Rocky Helmet|[of] p2a: Hatterene
|move|p2a: Hatterene|Psychic Noise|p1a: Clefable
|-damage|p1a: Clefable|71/100 par
|-start|p1a: Clefable|move: Heal Block
|
|upkeep
|turn|21
|
|t:|1781033529
|switch|p1a: Cinderace|Cinderace, M|1/100
|switch|p2a: Darkrai|Darkrai|23/100
|
|-heal|p2a: Darkrai|29/100|[from] item: Leftovers
|upkeep
|turn|22
|
|t:|1781033547
|move|p1a: Cinderace|Sucker Punch|p2a: Darkrai
|-start|p1a: Cinderace|typechange|Dark|[from] ability: Libero
|-resisted|p2a: Darkrai
|-damage|p2a: Darkrai|5/100
|move|p2a: Darkrai|Sludge Bomb|p1a: Cinderace
|-crit|p1a: Cinderace
|-damage|p1a: Cinderace|0 fnt
|faint|p1a: Cinderace
|
|-heal|p2a: Darkrai|12/100|[from] item: Leftovers
|upkeep
|
|t:|1781033558
|switch|p1a: Ceruledge|Ceruledge, M, shiny|100/100
|turn|23
|
|t:|1781033576
|move|p2a: Darkrai|Dark Pulse|p1a: Ceruledge
|-supereffective|p1a: Ceruledge
|-damage|p1a: Ceruledge|3/100
|move|p1a: Ceruledge|Swords Dance|p1a: Ceruledge
|-boost|p1a: Ceruledge|atk|2
|
|-heal|p2a: Darkrai|18/100|[from] item: Leftovers
|upkeep
|turn|24
|
|t:|1781033597
|switch|p2a: Hatterene|Hatterene, F|27/100
|move|p1a: Ceruledge|Bitter Blade|p2a: Hatterene
|-damage|p2a: Hatterene|0 fnt
|-heal|p1a: Ceruledge|18/100|[from] drain|[of] p2a: Hatterene
|-damage|p1a: Ceruledge|1/100|[from] item: Rocky Helmet|[of] p2a: Hatterene
|faint|p2a: Hatterene
|
|upkeep
|inactive|oddishlover4 has 60 seconds left.
|
|t:|1781033615
|switch|p2a: Great Tusk|Great Tusk|100/100
|turn|25
|inactive|oddishlover4 has 60 seconds left.
|
|t:|1781033633
|move|p1a: Ceruledge|Shadow Sneak|p2a: Great Tusk
|-damage|p2a: Great Tusk|76/100
|move|p2a: Great Tusk|Headlong Rush|p1a: Ceruledge
|-supereffective|p1a: Ceruledge
|-damage|p1a: Ceruledge|0 fnt
|-unboost|p2a: Great Tusk|def|1
|-unboost|p2a: Great Tusk|spd|1
|faint|p1a: Ceruledge
|
|-heal|p2a: Great Tusk|83/100|[from] item: Leftovers
|upkeep
|
|t:|1781033647
|switch|p1a: Keldeo|Keldeo-Resolute|55/100
|turn|26
|inactive|oddishlover4 has 60 seconds left.
|
|t:|1781033665
|-end|p2a: Great Tusk|Protosynthesis|[silent]
|switch|p2a: Darkrai|Darkrai|18/100
|move|p1a: Keldeo|Surf|p2a: Darkrai
|-damage|p2a: Darkrai|0 fnt
|faint|p2a: Darkrai
|
|upkeep
|
|t:|1781033683
|switch|p2a: Gholdengo|Gholdengo, tera:Fairy|82/100
|turn|27
|
|t:|1781033692
|move|p1a: Keldeo|Surf|p2a: Gholdengo
|-damage|p2a: Gholdengo|34/100
|move|p2a: Gholdengo|Recover|p2a: Gholdengo
|-heal|p2a: Gholdengo|84/100
|
|upkeep
|turn|28
|
|t:|1781033702
|move|p1a: Keldeo|Surf|p2a: Gholdengo
|-damage|p2a: Gholdengo|39/100
|move|p2a: Gholdengo|Recover|p2a: Gholdengo
|-heal|p2a: Gholdengo|89/100
|
|upkeep
|turn|29
|inactive|oddishlover4 has 60 seconds left.
|
|t:|1781033716
|move|p1a: Keldeo|Surf|p2a: Gholdengo
|-crit|p2a: Gholdengo
|-damage|p2a: Gholdengo|22/100
|move|p2a: Gholdengo|Recover|p2a: Gholdengo
|-heal|p2a: Gholdengo|72/100
|
|upkeep
|turn|30
|inactive|oddishlover4 has 60 seconds left.
|
|t:|1781033734
|move|p1a: Keldeo|Surf|p2a: Gholdengo
|-damage|p2a: Gholdengo|27/100
|move|p2a: Gholdengo|Recover|p2a: Gholdengo
|-heal|p2a: Gholdengo|77/100
|
|upkeep
|turn|31
|inactive|oddishlover4 has 60 seconds left.
|
|t:|1781033752
|move|p1a: Keldeo|Surf|p2a: Gholdengo
|-damage|p2a: Gholdengo|29/100
|move|p2a: Gholdengo|Recover|p2a: Gholdengo
|-heal|p2a: Gholdengo|80/100
|
|upkeep
|turn|32
|
|t:|1781033770
|move|p1a: Keldeo|Surf|p2a: Gholdengo
|-damage|p2a: Gholdengo|36/100
|move|p2a: Gholdengo|Recover|p2a: Gholdengo
|-heal|p2a: Gholdengo|86/100
|
|upkeep
|turn|33
|
|t:|1781033779
|switch|p2a: Kyurem|Kyurem|54/100
|-ability|p2a: Kyurem|Pressure
|move|p1a: Keldeo|Surf|p2a: Kyurem
|-resisted|p2a: Kyurem
|-damage|p2a: Kyurem|38/100
|
|upkeep
|turn|34
|
|t:|1781033788
|switch|p2a: Gholdengo|Gholdengo, tera:Fairy|86/100
|move|p1a: Keldeo|Secret Sword|p2a: Gholdengo
|-resisted|p2a: Gholdengo
|-crit|p2a: Gholdengo
|-damage|p2a: Gholdengo|61/100
|
|upkeep
|turn|35
|inactive|oddishlover4 has 60 seconds left.
|
|t:|1781033797
|move|p1a: Keldeo|Surf|p2a: Gholdengo
|-damage|p2a: Gholdengo|17/100
|move|p2a: Gholdengo|Shadow Ball|p1a: Keldeo
|-damage|p1a: Keldeo|11/100
|-unboost|p1a: Keldeo|spd|1
|
|upkeep
|turn|36
|
|t:|1781033805
|switch|p2a: Great Tusk|Great Tusk|83/100
|move|p1a: Keldeo|Surf|p2a: Great Tusk
|-supereffective|p2a: Great Tusk
|-crit|p2a: Great Tusk
|-damage|p2a: Great Tusk|0 fnt
|faint|p2a: Great Tusk
|-end|p2a: Great Tusk|Protosynthesis|[silent]
|
|upkeep
|
|t:|1781033812
|switch|p2a: Kyurem|Kyurem|38/100
|-ability|p2a: Kyurem|Pressure
|turn|37
|
|t:|1781033819
|switch|p2a: Gholdengo|Gholdengo, tera:Fairy|17/100
|move|p1a: Keldeo|Secret Sword|p2a: Gholdengo
|-resisted|p2a: Gholdengo
|-damage|p2a: Gholdengo|0 fnt
|faint|p2a: Gholdengo
|
|upkeep
|c|☆shumnky yeat|gg
|
|t:|1781033823
|switch|p2a: Kyurem|Kyurem|38/100
|-ability|p2a: Kyurem|Pressure
|turn|38
|
|t:|1781033827
|move|p1a: Keldeo|Secret Sword|p2a: Kyurem
|-supereffective|p2a: Kyurem
|-damage|p2a: Kyurem|0 fnt
|faint|p2a: Kyurem
|
|win|shumnky yeat
|raw|shumnky yeat's rating: 1591 &rarr; <strong>1614</strong><br />(+23 for winning)
|raw|oddishlover4's rating: 1648 &rarr; <strong>1625</strong><br />(-23 for losing)
|c|☆oddishlover4|GG!
|l|☆oddishlover4
|player|p2|
