|j|☆LowEL0God
|j|☆KurisuChestnutOU
|t:|1781137826
|gametype|singles
|player|p1|LowEL0God|265|1509
|player|p2|KurisuChestnutOU|may-contest|1579
|gen|9
|tier|[Gen 9] OU
|rated|
|rule|HP Percentage Mod: HP is shown in percentages
|rule|Endless Battle Clause: Forcing endless battles is banned
|rule|Species Clause: Limit one of each Pokémon
|rule|OHKO Clause: OHKO moves are banned
|rule|Evasion Items Clause: Evasion items are banned
|rule|Evasion Moves Clause: Evasion moves are banned
|rule|Evasion Abilities Clause: Evasion abilities are banned
|rule|Sleep Moves Clause: Sleep-inducing moves are banned
|clearpoke
|poke|p1|Pelipper, M|
|poke|p1|Torkoal, M|
|poke|p1|Walking Wake|
|poke|p1|Kyurem|
|poke|p1|Ninetales-Alola, M|
|poke|p1|Ogerpon-Wellspring, F|
|poke|p2|Gliscor, F|
|poke|p2|Dondozo, F|
|poke|p2|Slowking-Galar, M|
|poke|p2|Gholdengo|
|poke|p2|Great Tusk|
|poke|p2|Kingambit, F|
|teampreview
|c|☆LowEL0God|hf
|inactive|Battle timer is ON: inactive players will automatically lose when time's up. (requested by LowEL0God)
|
|t:|1781137830
|teamsize|p1|6
|teamsize|p2|6
|start
|switch|p1a: Ninetales|Ninetales-Alola, M|100/100
|switch|p2a: Slowking|Slowking-Galar, M|100/100
|-weather|Snowscape|[from] ability: Snow Warning|[of] p1a: Ninetales
|turn|1
|inactive|KurisuChestnutOU also wants the timer to be on.
|j| HITMAN9191
|
|t:|1781137834
|move|p1a: Ninetales|Aurora Veil|p1a: Ninetales
|-sidestart|p1: LowEL0God|move: Aurora Veil
|move|p2a: Slowking|Sludge Bomb|p1a: Ninetales
|-supereffective|p1a: Ninetales
|-damage|p1a: Ninetales|70/100
|
|-weather|Snowscape|[upkeep]
|upkeep
|turn|2
|
|t:|1781137842
|switch|p1a: Kyurem|Kyurem|100/100
|-ability|p1a: Kyurem|Pressure
|move|p2a: Slowking|Future Sight|p1a: Kyurem
|-start|p2a: Slowking|move: Future Sight
|
|-weather|Snowscape|[upkeep]
|upkeep
|turn|3
|
|t:|1781137849
|move|p1a: Kyurem|Dragon Dance|p1a: Kyurem
|-boost|p1a: Kyurem|atk|1
|-boost|p1a: Kyurem|spe|1
|move|p2a: Slowking|Sludge Bomb|p1a: Kyurem
|-damage|p1a: Kyurem|83/100
|
|-weather|Snowscape|[upkeep]
|upkeep
|turn|4
|
|t:|1781137855
|move|p1a: Kyurem|Icicle Spear|p2a: Slowking
|-damage|p2a: Slowking|77/100
|-damage|p2a: Slowking|53/100
|-damage|p2a: Slowking|32/100
|-hitcount|p2a: Slowking|3
|move|p2a: Slowking|Sludge Bomb|p1a: Kyurem
|-damage|p1a: Kyurem|68/100
|-status|p1a: Kyurem|psn
|
|-weather|Snowscape|[upkeep]
|-end|p1a: Kyurem|move: Future Sight
|-damage|p1a: Kyurem|47/100 psn
|-damage|p1a: Kyurem|35/100 psn|[from] psn
|upkeep
|turn|5
|
|t:|1781137858
|switch|p2a: Kingambit|Kingambit, F|100/100
|move|p1a: Kyurem|Icicle Spear|p2a: Kingambit
|-resisted|p2a: Kingambit
|-damage|p2a: Kingambit|90/100
|-resisted|p2a: Kingambit
|-damage|p2a: Kingambit|81/100
|-hitcount|p2a: Kingambit|2
|
|-weather|Snowscape|[upkeep]
|-heal|p2a: Kingambit|87/100|[from] item: Leftovers
|-damage|p1a: Kyurem|22/100 psn|[from] psn
|-sideend|p1: LowEL0God|move: Aurora Veil
|upkeep
|turn|6
|
|t:|1781137862
|move|p1a: Kyurem|Earth Power|p2a: Kingambit
|-supereffective|p2a: Kingambit
|-damage|p2a: Kingambit|28/100
|move|p2a: Kingambit|Swords Dance|p2a: Kingambit
|-boost|p2a: Kingambit|atk|2
|
|-weather|Snowscape|[upkeep]
|-heal|p2a: Kingambit|34/100|[from] item: Leftovers
|-damage|p1a: Kyurem|10/100 psn|[from] psn
|upkeep
|turn|7
|
|t:|1781137869
|move|p2a: Kingambit|Sucker Punch|p1a: Kyurem
|-damage|p1a: Kyurem|0 fnt
|faint|p1a: Kyurem
|
|-weather|Snowscape|[upkeep]
|-heal|p2a: Kingambit|41/100|[from] item: Leftovers
|upkeep
|
|t:|1781137871
|switch|p1a: Hurricane Spam|Pelipper, M, shiny|100/100
|-weather|RainDance|[from] ability: Drizzle|[of] p1a: Hurricane Spam
|turn|8
|
|t:|1781137876
|move|p2a: Kingambit|Iron Head|p1a: Hurricane Spam
|-resisted|p1a: Hurricane Spam
|-damage|p1a: Hurricane Spam|53/100
|move|p1a: Hurricane Spam|Weather Ball|p2a: Kingambit
|-damage|p2a: Kingambit|0 fnt
|faint|p2a: Kingambit
|-end|p2a: Kingambit|fallenundefined|[silent]
|
|-weather|RainDance|[upkeep]
|upkeep
|
|t:|1781137886
|switch|p2a: Slowking|Slowking-Galar, M|65/100
|turn|9
|
|t:|1781137890
|-terastallize|p1a: Hurricane Spam|Water
|move|p1a: Hurricane Spam|Weather Ball|p2a: Slowking
|-damage|p2a: Slowking|10/100
|move|p2a: Slowking|Sludge Bomb|p1a: Hurricane Spam
|-damage|p1a: Hurricane Spam|5/100
|
|-weather|RainDance|[upkeep]
|upkeep
|turn|10
|
|t:|1781137894
|move|p1a: Hurricane Spam|Weather Ball|p2a: Slowking
|-damage|p2a: Slowking|0 fnt
|faint|p2a: Slowking
|
|-weather|RainDance|[upkeep]
|upkeep
|
|t:|1781137898
|switch|p2a: Gliscor|Gliscor, F|100/100
|turn|11
|
|t:|1781137902
|switch|p1a: Ninetales|Ninetales-Alola, M|70/100
|-weather|Snowscape|[from] ability: Snow Warning|[of] p1a: Ninetales
|move|p2a: Gliscor|Knock Off|p1a: Ninetales
|-resisted|p1a: Ninetales
|-damage|p1a: Ninetales|61/100
|-enditem|p1a: Ninetales|Icy Rock|[from] move: Knock Off|[of] p2a: Gliscor
|
|-weather|Snowscape|[upkeep]
|-status|p2a: Gliscor|tox|[from] item: Toxic Orb
|upkeep
|turn|12
|
|t:|1781137907
|switch|p2a: Gholdengo|Gholdengo|100/100
|-item|p2a: Gholdengo|Air Balloon
|move|p1a: Ninetales|Aurora Veil|p1a: Ninetales
|-sidestart|p1: LowEL0God|move: Aurora Veil
|
|-weather|Snowscape|[upkeep]
|upkeep
|turn|13
|
|t:|1781137912
|switch|p1a: Ogerpon|Ogerpon-Wellspring, F|100/100
|move|p2a: Gholdengo|Shadow Ball|p1a: Ogerpon
|-damage|p1a: Ogerpon|76/100
|
|-weather|Snowscape|[upkeep]
|upkeep
|turn|14
|
|t:|1781137915
|switch|p2a: Dondozo|Dondozo, F|100/100
|move|p1a: Ogerpon|Swords Dance|p1a: Ogerpon
|-boost|p1a: Ogerpon|atk|2
|
|-weather|Snowscape|[upkeep]
|upkeep
|turn|15
|
|t:|1781137921
|move|p1a: Ogerpon|Horn Leech|p2a: Dondozo
|-supereffective|p2a: Dondozo
|-damage|p2a: Dondozo|61/100
|-heal|p1a: Ogerpon|100/100|[from] drain|[of] p2a: Dondozo
|move|p2a: Dondozo|Body Press|p1a: Ogerpon
|-damage|p1a: Ogerpon|84/100
|
|-weather|Snowscape|[upkeep]
|-heal|p2a: Dondozo|67/100|[from] item: Leftovers
|upkeep
|turn|16
|
|t:|1781137928
|move|p1a: Ogerpon|Horn Leech|p2a: Dondozo
|-supereffective|p2a: Dondozo
|-damage|p2a: Dondozo|29/100
|-heal|p1a: Ogerpon|100/100|[from] drain|[of] p2a: Dondozo
|move|p2a: Dondozo|Rest|p2a: Dondozo
|-status|p2a: Dondozo|slp|[from] move: Rest
|-heal|p2a: Dondozo|100/100 slp|[silent]
|
|-weather|Snowscape|[upkeep]
|-sideend|p1: LowEL0God|move: Aurora Veil
|upkeep
|turn|17
|
|t:|1781137933
|move|p1a: Ogerpon|Horn Leech|p2a: Dondozo
|-supereffective|p2a: Dondozo
|-crit|p2a: Dondozo
|-damage|p2a: Dondozo|41/100 slp
|cant|p2a: Dondozo|slp
|move|p2a: Dondozo|Sleep Talk|p2a: Dondozo
|move|p2a: Dondozo|Rest||[from] move: Sleep Talk|[still]
|-fail|p2a: Dondozo
|
|-weather|Snowscape|[upkeep]
|-heal|p2a: Dondozo|47/100 slp|[from] item: Leftovers
|upkeep
|turn|18
|
|t:|1781137938
|-terastallize|p2a: Dondozo|Dragon
|move|p1a: Ogerpon|Horn Leech|p2a: Dondozo
|-resisted|p2a: Dondozo
|-damage|p2a: Dondozo|36/100 slp
|cant|p2a: Dondozo|slp
|move|p2a: Dondozo|Sleep Talk|p2a: Dondozo
|move|p2a: Dondozo|Rest||[from] move: Sleep Talk|[still]
|-fail|p2a: Dondozo
|
|-weather|none
|-heal|p2a: Dondozo|43/100 slp|[from] item: Leftovers
|upkeep
|turn|19
|
|t:|1781137942
|move|p1a: Ogerpon|Play Rough|p2a: Dondozo
|-supereffective|p2a: Dondozo
|-damage|p2a: Dondozo|8/100 slp
|-curestatus|p2a: Dondozo|slp|[msg]
|move|p2a: Dondozo|Rest|p2a: Dondozo
|-status|p2a: Dondozo|slp|[from] move: Rest
|-heal|p2a: Dondozo|100/100 slp|[silent]
|
|upkeep
|turn|20
|
|t:|1781137945
|move|p1a: Ogerpon|Play Rough|p2a: Dondozo
|-supereffective|p2a: Dondozo
|-damage|p2a: Dondozo|71/100 slp
|cant|p2a: Dondozo|slp
|move|p2a: Dondozo|Sleep Talk|p2a: Dondozo
|move|p2a: Dondozo|Body Press|p1a: Ogerpon|[from] move: Sleep Talk
|-damage|p1a: Ogerpon|61/100
|
|-heal|p2a: Dondozo|77/100 slp|[from] item: Leftovers
|upkeep
|turn|21
|
|t:|1781137950
|move|p1a: Ogerpon|Play Rough|p2a: Dondozo
|-supereffective|p2a: Dondozo
|-damage|p2a: Dondozo|44/100 slp
|cant|p2a: Dondozo|slp
|move|p2a: Dondozo|Sleep Talk|p2a: Dondozo
|move|p2a: Dondozo|Body Press|p1a: Ogerpon|[from] move: Sleep Talk
|-damage|p1a: Ogerpon|26/100
|
|-heal|p2a: Dondozo|50/100 slp|[from] item: Leftovers
|upkeep
|turn|22
|
|t:|1781137954
|switch|p1a: Ninetales|Ninetales-Alola, M|61/100
|-weather|Snowscape|[from] ability: Snow Warning|[of] p1a: Ninetales
|-curestatus|p2a: Dondozo|slp|[msg]
|move|p2a: Dondozo|Rest|p2a: Dondozo
|-status|p2a: Dondozo|slp|[from] move: Rest
|-heal|p2a: Dondozo|100/100 slp|[silent]
|
|-weather|Snowscape|[upkeep]
|upkeep
|turn|23
|
|t:|1781137958
|switch|p2a: Gholdengo|Gholdengo|100/100
|-item|p2a: Gholdengo|Air Balloon
|move|p1a: Ninetales|Aurora Veil|p1a: Ninetales
|-sidestart|p1: LowEL0God|move: Aurora Veil
|
|-weather|Snowscape|[upkeep]
|upkeep
|turn|24
|
|t:|1781137961
|switch|p1a: Walking Wake|Walking Wake|100/100
|move|p2a: Gholdengo|Nasty Plot|p2a: Gholdengo
|-boost|p2a: Gholdengo|spa|2
|
|-weather|Snowscape|[upkeep]
|upkeep
|turn|25
|
|t:|1781137965
|switch|p2a: Dondozo|Dondozo, F, tera:Dragon|100/100 slp
|move|p1a: Walking Wake|Flamethrower|p2a: Dondozo
|-resisted|p2a: Dondozo
|-damage|p2a: Dondozo|77/100 slp
|
|-weather|Snowscape|[upkeep]
|-heal|p2a: Dondozo|84/100 slp|[from] item: Leftovers
|upkeep
|turn|26
|l| HITMAN9191
|
|t:|1781137971
|move|p1a: Walking Wake|Flamethrower|p2a: Dondozo
|-resisted|p2a: Dondozo
|-damage|p2a: Dondozo|60/100 slp
|cant|p2a: Dondozo|slp
|move|p2a: Dondozo|Sleep Talk|p2a: Dondozo
|move|p2a: Dondozo|Body Press|p1a: Walking Wake|[from] move: Sleep Talk
|-damage|p1a: Walking Wake|84/100
|
|-weather|none
|-heal|p2a: Dondozo|66/100 slp|[from] item: Leftovers
|upkeep
|turn|27
|
|t:|1781137979
|-end|p1a: Walking Wake|Protosynthesis|[silent]
|switch|p1a: Ninetales|Ninetales-Alola, M|61/100
|-weather|Snowscape|[from] ability: Snow Warning|[of] p1a: Ninetales
|switch|p2a: Gholdengo|Gholdengo|100/100
|-item|p2a: Gholdengo|Air Balloon
|
|-weather|Snowscape|[upkeep]
|-sideend|p1: LowEL0God|move: Aurora Veil
|upkeep
|turn|28
|
|t:|1781137982
|move|p1a: Ninetales|Aurora Veil|p1a: Ninetales
|-sidestart|p1: LowEL0God|move: Aurora Veil
|move|p2a: Gholdengo|Nasty Plot|p2a: Gholdengo
|-boost|p2a: Gholdengo|spa|2
|
|-weather|Snowscape|[upkeep]
|upkeep
|turn|29
|
|t:|1781137985
|switch|p1a: Walking Wake|Walking Wake|84/100
|move|p2a: Gholdengo|Shadow Ball|p1a: Walking Wake
|-damage|p1a: Walking Wake|35/100
|
|-weather|Snowscape|[upkeep]
|upkeep
|turn|30
|
|t:|1781137992
|switch|p2a: Dondozo|Dondozo, F, tera:Dragon|66/100 slp
|move|p1a: Walking Wake|Flamethrower|p2a: Dondozo
|-resisted|p2a: Dondozo
|-damage|p2a: Dondozo|46/100 slp
|
|-weather|Snowscape|[upkeep]
|-heal|p2a: Dondozo|52/100 slp|[from] item: Leftovers
|upkeep
|turn|31
|
|t:|1781137998
|-end|p1a: Walking Wake|Protosynthesis|[silent]
|switch|p1a: Hurricane Spam|Pelipper, M, shiny, tera:Water|5/100
|-weather|RainDance|[from] ability: Drizzle|[of] p1a: Hurricane Spam
|switch|p2a: Gholdengo|Gholdengo|100/100
|-item|p2a: Gholdengo|Air Balloon
|
|-weather|RainDance|[upkeep]
|upkeep
|turn|32
|
|t:|1781138005
|move|p2a: Gholdengo|Shadow Ball|p1a: Hurricane Spam
|-damage|p1a: Hurricane Spam|0 fnt
|faint|p1a: Hurricane Spam
|
|-weather|RainDance|[upkeep]
|-sideend|p1: LowEL0God|move: Aurora Veil
|upkeep
|
|t:|1781138006
|switch|p1a: Walking Wake|Walking Wake|35/100
|turn|33
|
|t:|1781138009
|move|p1a: Walking Wake|Hydro Steam|p2a: Gholdengo
|-damage|p2a: Gholdengo|3/100
|-enditem|p2a: Gholdengo|Air Balloon
|move|p2a: Gholdengo|Shadow Ball|p1a: Walking Wake
|-damage|p1a: Walking Wake|0 fnt
|faint|p1a: Walking Wake
|-end|p1a: Walking Wake|Protosynthesis|[silent]
|
|-weather|RainDance|[upkeep]
|upkeep
|
|t:|1781138011
|switch|p1a: Ninetales|Ninetales-Alola, M|61/100
|-weather|Snowscape|[from] ability: Snow Warning|[of] p1a: Ninetales
|turn|34
|
|t:|1781138014
|move|p1a: Ninetales|Freeze-Dry|p2a: Gholdengo
|-resisted|p2a: Gholdengo
|-damage|p2a: Gholdengo|0 fnt
|faint|p2a: Gholdengo
|
|-weather|Snowscape|[upkeep]
|upkeep
|
|t:|1781138019
|switch|p2a: Great Tusk|Great Tusk|100/100
|turn|35
|
|t:|1781138022
|move|p1a: Ninetales|Aurora Veil|p1a: Ninetales
|-sidestart|p1: LowEL0God|move: Aurora Veil
|move|p2a: Great Tusk|Headlong Rush|p1a: Ninetales
|-damage|p1a: Ninetales|37/100
|-unboost|p2a: Great Tusk|def|1
|-unboost|p2a: Great Tusk|spd|1
|
|-weather|Snowscape|[upkeep]
|upkeep
|turn|36
|
|t:|1781138026
|-end|p2a: Great Tusk|Protosynthesis|[silent]
|switch|p2a: Dondozo|Dondozo, F, tera:Dragon|52/100 slp
|move|p1a: Ninetales|Freeze-Dry|p2a: Dondozo
|-supereffective|p2a: Dondozo
|-damage|p2a: Dondozo|11/100 slp
|
|-weather|Snowscape|[upkeep]
|-heal|p2a: Dondozo|17/100 slp|[from] item: Leftovers
|upkeep
|turn|37
|
|t:|1781138031
|move|p1a: Ninetales|Freeze-Dry|p2a: Dondozo
|-supereffective|p2a: Dondozo
|-damage|p2a: Dondozo|0 fnt
|faint|p2a: Dondozo
|
|-weather|Snowscape|[upkeep]
|upkeep
|
|t:|1781138038
|switch|p2a: Great Tusk|Great Tusk|100/100
|turn|38
|
|t:|1781138041
|move|p1a: Ninetales|Freeze-Dry|p2a: Great Tusk
|-supereffective|p2a: Great Tusk
|-damage|p2a: Great Tusk|39/100
|move|p2a: Great Tusk|Rapid Spin|p1a: Ninetales
|-damage|p1a: Ninetales|30/100
|-boost|p2a: Great Tusk|spe|1
|
|-weather|none
|upkeep
|turn|39
|
|t:|1781138048
|switch|p1a: Ogerpon|Ogerpon-Wellspring, F|26/100
|move|p2a: Great Tusk|Headlong Rush|p1a: Ogerpon
|-resisted|p1a: Ogerpon
|-damage|p1a: Ogerpon|4/100
|-unboost|p2a: Great Tusk|def|1
|-unboost|p2a: Great Tusk|spd|1
|
|-sideend|p1: LowEL0God|move: Aurora Veil
|upkeep
|turn|40
|
|t:|1781138054
|-end|p2a: Great Tusk|Protosynthesis|[silent]
|switch|p2a: Gliscor|Gliscor, F|100/100 tox
|move|p1a: Ogerpon|Swords Dance|p1a: Ogerpon
|-boost|p1a: Ogerpon|atk|2
|
|upkeep
|turn|41
|
|t:|1781138059
|move|p2a: Gliscor|Protect|p2a: Gliscor
|-singleturn|p2a: Gliscor|Protect
|move|p1a: Ogerpon|Ivy Cudgel|p2a: Gliscor|[anim] Ivy Cudgel Water
|-activate|p2a: Gliscor|move: Protect
|
|upkeep
|turn|42
|
|t:|1781138063
|move|p2a: Gliscor|Protect||[still]
|-fail|p2a: Gliscor
|move|p1a: Ogerpon|Ivy Cudgel|p2a: Gliscor|[anim] Ivy Cudgel Water
|-supereffective|p2a: Gliscor
|-damage|p2a: Gliscor|0 fnt
|faint|p2a: Gliscor
|
|upkeep
|
|t:|1781138071
|switch|p2a: Great Tusk|Great Tusk|39/100
|turn|43
|
|t:|1781138074
|move|p1a: Ogerpon|Horn Leech|p2a: Great Tusk
|-supereffective|p2a: Great Tusk
|-damage|p2a: Great Tusk|0 fnt
|-heal|p1a: Ogerpon|28/100|[from] drain|[of] p2a: Great Tusk
|faint|p2a: Great Tusk
|-end|p2a: Great Tusk|Protosynthesis|[silent]
|
|win|LowEL0God
|raw|LowEL0God's rating: 1509 &rarr; <strong>1534</strong><br />(+25 for winning)
|raw|KurisuChestnutOU's rating: 1600 &rarr; <strong>1575</strong><br />(-25 for losing)
