|j|☆teamskullenoxa
|j|☆Yellowishnesses
|t:|1781554609
|gametype|singles
|player|p1|teamskullenoxa|2|1542
|player|p2|Yellowishnesses|evelyn|1550
|gen|9
|tier|[Gen 9] OU
|rated|
|rule|HP Percentage Mod: HP is shown in percentages
|rule|Endless Battle Clause: Forcing endless battles is banned
|rule|Species Clause: Limit one of each Pokémon
|rule|OHKO Clause: OHKO moves are banned
|rule|Evasion Items Clause: Evasion items are banned
|rule|Evasion Moves Clause: Evasion moves are banned
|rule|Evasion Abilities Clause: Evasion abilities are banned
|rule|Sleep Moves Clause: Sleep-inducing moves are banned
|clearpoke
|poke|p1|Pelipper, F|
|poke|p1|Hatterene, F|
|poke|p1|Iron Treads|
|poke|p1|Toxicroak, F|
|poke|p1|Barraskewda, F|
|poke|p1|Zapdos|
|poke|p2|Blissey, F|
|poke|p2|Ogerpon-Wellspring, F|
|poke|p2|Alomomola, F|
|poke|p2|Lokix, M|
|poke|p2|Weezing-Galar, M|
|poke|p2|Cinderace, M|
|teampreview
|inactive|Battle timer is ON: inactive players will automatically lose when time's up. (requested by Yellowishnesses)
|
|t:|1781554626
|teamsize|p1|6
|teamsize|p2|6
|start
|switch|p1a: Pelipper|Pelipper, F|100/100
|switch|p2a: Debye3.34E-30CM|Lokix, M|100/100
|-weather|RainDance|[from] ability: Drizzle|[of] p1a: Pelipper
|turn|1
|
|t:|1781554634
|switch|p2a: Rydberg2.18E-18J|Blissey, F|100/100
|switch|p1a: Toxicroak|Toxicroak, F|100/100
|
|-weather|RainDance|[upkeep]
|upkeep
|turn|2
|
|t:|1781554643
|switch|p2a: Dalton1.661E-25g|Weezing-Galar, M|100/100
|-ability|p2a: Dalton1.661E-25g|Neutralizing Gas
|move|p1a: Toxicroak|Knock Off|p2a: Dalton1.661E-25g
|-resisted|p2a: Dalton1.661E-25g
|-damage|p2a: Dalton1.661E-25g|92/100
|-enditem|p2a: Dalton1.661E-25g|Leftovers|[from] move: Knock Off|[of] p1a: Toxicroak
|
|-weather|RainDance|[upkeep]
|upkeep
|turn|3
|
|t:|1781554651
|switch|p1a: Zapdos|Zapdos|100/100
|move|p2a: Dalton1.661E-25g|Will-O-Wisp|p1a: Zapdos
|-status|p1a: Zapdos|brn
|
|-weather|RainDance|[upkeep]
|-damage|p1a: Zapdos|94/100 brn|[from] brn
|upkeep
|turn|4
|
|t:|1781554656
|-end|p2a: Dalton1.661E-25g|ability: Neutralizing Gas
|switch|p2a: Rydberg2.18E-18J|Blissey, F|100/100
|move|p1a: Zapdos|Volt Switch|p2a: Rydberg2.18E-18J
|-damage|p2a: Rydberg2.18E-18J|86/100
|
|t:|1781554661
|switch|p1a: Barraskewda|Barraskewda, F|100/100|[from] Volt Switch
|
|-weather|RainDance|[upkeep]
|upkeep
|turn|5
|
|t:|1781554663
|switch|p2a: Torr133.322Pa|Alomomola, F|100/100
|move|p1a: Barraskewda|Flip Turn|p2a: Torr133.322Pa
|-resisted|p2a: Torr133.322Pa
|-damage|p2a: Torr133.322Pa|81/100
|-damage|p1a: Barraskewda|84/100|[from] item: Rocky Helmet|[of] p2a: Torr133.322Pa
|
|t:|1781554666
|switch|p1a: Zapdos|Zapdos|94/100 brn|[from] Flip Turn
|
|-weather|RainDance|[upkeep]
|-damage|p1a: Zapdos|88/100 brn|[from] brn
|upkeep
|turn|6
|
|t:|1781554671
|switch|p2a: Rydberg2.18E-18J|Blissey, F|86/100
|move|p1a: Zapdos|Volt Switch|p2a: Rydberg2.18E-18J
|-damage|p2a: Rydberg2.18E-18J|69/100
|
|t:|1781554674
|switch|p1a: Barraskewda|Barraskewda, F|84/100|[from] Volt Switch
|
|-weather|RainDance|[upkeep]
|upkeep
|turn|7
|
|t:|1781554677
|switch|p2a: Torr133.322Pa|Alomomola, F|100/100
|move|p1a: Barraskewda|Flip Turn|p2a: Torr133.322Pa
|-resisted|p2a: Torr133.322Pa
|-damage|p2a: Torr133.322Pa|82/100
|-damage|p1a: Barraskewda|68/100|[from] item: Rocky Helmet|[of] p2a: Torr133.322Pa
|
|t:|1781554679
|switch|p1a: Zapdos|Zapdos|88/100 brn|[from] Flip Turn
|
|-weather|RainDance|[upkeep]
|-damage|p1a: Zapdos|82/100 brn|[from] brn
|upkeep
|turn|8
|
|t:|1781554685
|switch|p2a: Rydberg2.18E-18J|Blissey, F|69/100
|-terastallize|p1a: Zapdos|Flying
|move|p1a: Zapdos|Hurricane|p2a: Rydberg2.18E-18J
|-damage|p2a: Rydberg2.18E-18J|34/100
|
|-weather|none
|-damage|p1a: Zapdos|76/100 brn|[from] brn
|upkeep
|turn|9
|
|t:|1781554690
|move|p1a: Zapdos|Hurricane|p2a: Rydberg2.18E-18J
|-damage|p2a: Rydberg2.18E-18J|0 fnt
|faint|p2a: Rydberg2.18E-18J
|
|-damage|p1a: Zapdos|69/100 brn|[from] brn
|upkeep
|inactive|Yellowishnesses has 120 seconds left.
|
|t:|1781554727
|switch|p2a: Boltz1.381E-23J/K|Cinderace, M|100/100
|turn|10
|
|t:|1781554731
|switch|p1a: Pelipper|Pelipper, F|100/100
|-weather|RainDance|[from] ability: Drizzle|[of] p1a: Pelipper
|move|p2a: Boltz1.381E-23J/K|Pyro Ball|p1a: Pelipper
|-resisted|p1a: Pelipper
|-damage|p1a: Pelipper|86/100
|
|-weather|RainDance|[upkeep]
|upkeep
|turn|11
|
|t:|1781554737
|move|p2a: Boltz1.381E-23J/K|U-turn|p1a: Pelipper
|-start|p2a: Boltz1.381E-23J/K|typechange|Bug|[from] ability: Libero
|-resisted|p1a: Pelipper
|-damage|p1a: Pelipper|69/100
|
|t:|1781554739
|switch|p2a: Torr133.322Pa|Alomomola, F|100/100|[from] U-turn
|move|p1a: Pelipper|U-turn|p2a: Torr133.322Pa
|-damage|p2a: Torr133.322Pa|95/100
|-damage|p1a: Pelipper|53/100|[from] item: Rocky Helmet|[of] p2a: Torr133.322Pa
|
|t:|1781554751
|switch|p1a: Zapdos|Zapdos, tera:Flying|69/100 brn|[from] U-turn
|
|-weather|RainDance|[upkeep]
|-damage|p1a: Zapdos|63/100 brn|[from] brn
|upkeep
|turn|12
|
|t:|1781554762
|move|p2a: Torr133.322Pa|Protect|p2a: Torr133.322Pa
|-singleturn|p2a: Torr133.322Pa|Protect
|move|p1a: Zapdos|Volt Switch|p2a: Torr133.322Pa
|-activate|p2a: Torr133.322Pa|move: Protect
|
|-weather|RainDance|[upkeep]
|-damage|p1a: Zapdos|57/100 brn|[from] brn
|upkeep
|turn|13
|
|t:|1781554765
|move|p1a: Zapdos|Volt Switch|p2a: Torr133.322Pa
|-supereffective|p2a: Torr133.322Pa
|-damage|p2a: Torr133.322Pa|0 fnt
|faint|p2a: Torr133.322Pa
|
|t:|1781554777
|switch|p1a: Barraskewda|Barraskewda, F|68/100|[from] Volt Switch
|
|-weather|RainDance|[upkeep]
|upkeep
|
|t:|1781554780
|switch|p2a: Debye3.34E-30CM|Lokix, M|100/100
|turn|14
|
|t:|1781554781
|switch|p1a: Toxicroak|Toxicroak, F|100/100
|-terastallize|p2a: Debye3.34E-30CM|Bug
|move|p2a: Debye3.34E-30CM|First Impression|p1a: Toxicroak
|-resisted|p1a: Toxicroak
|-damage|p1a: Toxicroak|62/100
|-damage|p2a: Debye3.34E-30CM|84/100|[from] item: Rocky Helmet|[of] p1a: Toxicroak
|
|-weather|RainDance|[upkeep]
|-heal|p1a: Toxicroak|74/100|[from] ability: Dry Skin
|upkeep
|turn|15
|
|t:|1781554795
|switch|p2a: Dalton1.661E-25g|Weezing-Galar, M|92/100
|-ability|p2a: Dalton1.661E-25g|Neutralizing Gas
|switch|p1a: Iron Treads|Iron Treads|100/100
|
|-weather|RainDance|[upkeep]
|upkeep
|turn|16
|
|t:|1781554801
|move|p1a: Iron Treads|Earthquake|p2a: Dalton1.661E-25g
|-supereffective|p2a: Dalton1.661E-25g
|-damage|p2a: Dalton1.661E-25g|30/100
|move|p2a: Dalton1.661E-25g|Will-O-Wisp|p1a: Iron Treads
|-status|p1a: Iron Treads|brn
|
|-weather|RainDance|[upkeep]
|-damage|p1a: Iron Treads|94/100 brn|[from] brn
|upkeep
|turn|17
|
|t:|1781554806
|-end|p2a: Dalton1.661E-25g|ability: Neutralizing Gas
|switch|p2a: Coulomb1.602E-19|Ogerpon-Wellspring, F|100/100
|move|p1a: Iron Treads|Earthquake|p2a: Coulomb1.602E-19
|-resisted|p2a: Coulomb1.602E-19
|-damage|p2a: Coulomb1.602E-19|89/100
|
|-weather|none
|-heal|p1a: Iron Treads|100/100 brn|[from] item: Leftovers
|-damage|p1a: Iron Treads|94/100 brn|[from] brn
|upkeep
|turn|18
|
|t:|1781554811
|-end|p1a: Iron Treads|Quark Drive|[silent]
|switch|p1a: Toxicroak|Toxicroak, F|74/100
|move|p2a: Coulomb1.602E-19|Knock Off|p1a: Toxicroak
|-resisted|p1a: Toxicroak
|-damage|p1a: Toxicroak|56/100
|-damage|p2a: Coulomb1.602E-19|72/100|[from] item: Rocky Helmet|[of] p1a: Toxicroak
|-enditem|p1a: Toxicroak|Rocky Helmet|[from] move: Knock Off|[of] p2a: Coulomb1.602E-19
|
|upkeep
|turn|19
|
|t:|1781554819
|switch|p2a: Dalton1.661E-25g|Weezing-Galar, M|30/100
|-ability|p2a: Dalton1.661E-25g|Neutralizing Gas
|move|p1a: Toxicroak|Drain Punch|p2a: Dalton1.661E-25g
|-resisted|p2a: Dalton1.661E-25g
|-damage|p2a: Dalton1.661E-25g|26/100
|-heal|p1a: Toxicroak|58/100|[from] drain|[of] p2a: Dalton1.661E-25g
|
|upkeep
|turn|20
|
|t:|1781554825
|switch|p1a: Zapdos|Zapdos, tera:Flying|57/100 brn
|move|p2a: Dalton1.661E-25g|Strange Steam|p1a: Zapdos
|-damage|p1a: Zapdos|27/100 brn
|
|-damage|p1a: Zapdos|20/100 brn|[from] brn
|upkeep
|turn|21
|
|t:|1781554831
|-end|p2a: Dalton1.661E-25g|ability: Neutralizing Gas
|switch|p2a: Coulomb1.602E-19|Ogerpon-Wellspring, F|72/100
|move|p1a: Zapdos|Volt Switch|p2a: Coulomb1.602E-19
|-damage|p2a: Coulomb1.602E-19|13/100
|
|t:|1781554840
|switch|p1a: Barraskewda|Barraskewda, F|68/100|[from] Volt Switch
|
|upkeep
|turn|22
|
|t:|1781554850
|move|p1a: Barraskewda|Close Combat|p2a: Coulomb1.602E-19
|-crit|p2a: Coulomb1.602E-19
|-damage|p2a: Coulomb1.602E-19|0 fnt
|-unboost|p1a: Barraskewda|def|1
|-unboost|p1a: Barraskewda|spd|1
|faint|p2a: Coulomb1.602E-19
|
|upkeep
|-message|Yellowishnesses forfeited.
|
|win|teamskullenoxa
|raw|teamskullenoxa's rating: 1542 &rarr; <strong>1562</strong><br />(+20 for winning)
|raw|Yellowishnesses's rating: 1550 &rarr; <strong>1530</strong><br />(-20 for losing)
|l|☆Yellowishnesses
|player|p2|
|l|☆teamskullenoxa
|player|p1|
