|j|☆jd2sleepy
|j|☆meio_potato
|t:|1781376359
|gametype|singles
|player|p1|jd2sleepy|blackbelt-gen4dp|1583
|player|p2|meio_potato|hilda-wonderlauncher|1584
|gen|9
|tier|[Gen 9] OU
|rated|
|rule|HP Percentage Mod: HP is shown in percentages
|rule|Endless Battle Clause: Forcing endless battles is banned
|rule|Species Clause: Limit one of each Pokémon
|rule|OHKO Clause: OHKO moves are banned
|rule|Evasion Items Clause: Evasion items are banned
|rule|Evasion Moves Clause: Evasion moves are banned
|rule|Evasion Abilities Clause: Evasion abilities are banned
|rule|Sleep Moves Clause: Sleep-inducing moves are banned
|clearpoke
|poke|p1|Toxicroak, M|
|poke|p1|Pelipper, F|
|poke|p1|Floatzel, M|
|poke|p1|Iron Treads|
|poke|p1|Hatterene, F|
|poke|p1|Keldeo-Resolute|
|poke|p2|Latias, F|
|poke|p2|Polteageist|
|poke|p2|Zamazenta-*|
|poke|p2|Kingambit, M|
|poke|p2|Ogerpon-Wellspring, F|
|poke|p2|Iron Moth|
|teampreview
|inactive|Battle timer is ON: inactive players will automatically lose when time's up. (requested by meio_potato)
|
|t:|1781376362
|teamsize|p1|6
|teamsize|p2|6
|start
|switch|p1a: Drizzy|Pelipper, F|100/100
|switch|p2a: Latias|Latias, F|100/100
|-weather|RainDance|[from] ability: Drizzle|[of] p1a: Drizzy
|turn|1
|
|t:|1781376391
|move|p2a: Latias|Agility|p2a: Latias
|-boost|p2a: Latias|spe|2
|move|p1a: Drizzy|U-turn|p2a: Latias
|-supereffective|p2a: Latias
|-damage|p2a: Latias|85/100
|-enditem|p2a: Latias|Weakness Policy
|-boost|p2a: Latias|atk|2|[from] item: Weakness Policy
|-boost|p2a: Latias|spa|2|[from] item: Weakness Policy
|
|t:|1781376392
|switch|p1a: Crash Out|Floatzel, M|100/100|[from] U-turn
|
|-weather|RainDance|[upkeep]
|upkeep
|turn|2
|
|t:|1781376412
|move|p1a: Crash Out|Flip Turn|p2a: Latias
|-resisted|p2a: Latias
|-damage|p2a: Latias|53/100
|
|t:|1781376414
|switch|p1a: Hatterene|Hatterene, F|100/100|[from] Flip Turn
|move|p2a: Latias|Agility|p2a: Latias
|-boost|p2a: Latias|spe|2
|
|-weather|RainDance|[upkeep]
|upkeep
|turn|3
|
|t:|1781376419
|move|p2a: Latias|Stored Power|p1a: Hatterene
|-resisted|p1a: Hatterene
|-damage|p1a: Hatterene|27/100
|-enditem|p1a: Hatterene|Eject Button
|
|t:|1781376421
|switch|p1a: Toxicroak|Toxicroak, M|100/100
|
|-weather|RainDance|[upkeep]
|upkeep
|turn|4
|
|t:|1781376423
|-terastallize|p1a: Toxicroak|Dark
|move|p2a: Latias|Stored Power|p1a: Toxicroak
|-immune|p1a: Toxicroak
|move|p1a: Toxicroak|Knock Off|p2a: Latias
|-supereffective|p2a: Latias
|-damage|p2a: Latias|12/100
|
|-weather|RainDance|[upkeep]
|upkeep
|turn|5
|
|t:|1781376426
|switch|p1a: Hatterene|Hatterene, F|27/100
|move|p2a: Latias|Draining Kiss|p1a: Hatterene
|-damage|p1a: Hatterene|0 fnt
|-heal|p2a: Latias|33/100|[from] drain|[of] p1a: Hatterene
|faint|p1a: Hatterene
|
|-weather|RainDance|[upkeep]
|upkeep
|
|t:|1781376433
|switch|p1a: Toxicroak|Toxicroak, M, tera:Dark|100/100
|turn|6
|
|t:|1781376436
|switch|p1a: Iron Treads|Iron Treads|100/100
|move|p2a: Latias|Draining Kiss|p1a: Iron Treads
|-resisted|p1a: Iron Treads
|-damage|p1a: Iron Treads|89/100
|-heal|p2a: Latias|44/100|[from] drain|[of] p1a: Iron Treads
|
|-weather|RainDance|[upkeep]
|-heal|p1a: Iron Treads|95/100|[from] item: Leftovers
|upkeep
|turn|7
|
|t:|1781376438
|move|p2a: Latias|Stored Power|p1a: Iron Treads
|-resisted|p1a: Iron Treads
|-damage|p1a: Iron Treads|31/100
|move|p1a: Iron Treads|Ice Spinner|p2a: Latias
|-supereffective|p2a: Latias
|-damage|p2a: Latias|8/100
|
|-weather|RainDance|[upkeep]
|-heal|p1a: Iron Treads|37/100|[from] item: Leftovers
|upkeep
|turn|8
|
|t:|1781376441
|move|p2a: Latias|Stored Power|p1a: Iron Treads
|-resisted|p1a: Iron Treads
|-crit|p1a: Iron Treads
|-damage|p1a: Iron Treads|0 fnt
|faint|p1a: Iron Treads
|-end|p1a: Iron Treads|Quark Drive|[silent]
|
|-weather|none
|upkeep
|
|t:|1781376443
|switch|p1a: Crash Out|Floatzel, M|100/100
|turn|9
|
|t:|1781376444
|move|p1a: Crash Out|Aqua Jet|p2a: Latias
|-resisted|p2a: Latias
|-damage|p2a: Latias|0 fnt
|faint|p2a: Latias
|
|upkeep
|
|t:|1781376446
|switch|p2a: Ogerpon|Ogerpon-Wellspring, F|100/100
|turn|10
|
|t:|1781376450
|switch|p1a: Drizzy|Pelipper, F|100/100
|-weather|RainDance|[from] ability: Drizzle|[of] p1a: Drizzy
|move|p2a: Ogerpon|Swords Dance|p2a: Ogerpon
|-boost|p2a: Ogerpon|atk|2
|
|-weather|RainDance|[upkeep]
|upkeep
|turn|11
|
|t:|1781376456
|move|p2a: Ogerpon|Knock Off|p1a: Drizzy
|-damage|p1a: Drizzy|15/100
|-enditem|p1a: Drizzy|Damp Rock|[from] move: Knock Off|[of] p2a: Ogerpon
|move|p1a: Drizzy|Hurricane|p2a: Ogerpon
|-supereffective|p2a: Ogerpon
|-damage|p2a: Ogerpon|21/100
|-start|p2a: Ogerpon|confusion
|
|-weather|RainDance|[upkeep]
|upkeep
|turn|12
|
|t:|1781376461
|-activate|p2a: Ogerpon|confusion
|move|p2a: Ogerpon|Horn Leech|p1a: Drizzy
|-damage|p1a: Drizzy|0 fnt
|-heal|p2a: Ogerpon|29/100|[from] drain|[of] p1a: Drizzy
|faint|p1a: Drizzy
|
|-weather|RainDance|[upkeep]
|upkeep
|
|t:|1781376463
|switch|p1a: Crash Out|Floatzel, M|100/100
|turn|13
|
|t:|1781376469
|move|p1a: Crash Out|Ice Spinner|p2a: Ogerpon
|-damage|p2a: Ogerpon|0 fnt
|faint|p2a: Ogerpon
|
|-weather|RainDance|[upkeep]
|upkeep
|
|t:|1781376471
|switch|p2a: Polteageist|Polteageist|100/100
|turn|14
|
|t:|1781376473
|move|p1a: Crash Out|Ice Spinner|p2a: Polteageist
|-damage|p2a: Polteageist|31/100
|-ability|p2a: Polteageist|Weak Armor|boost
|-unboost|p2a: Polteageist|def|1
|-boost|p2a: Polteageist|spe|2
|move|p2a: Polteageist|Shell Smash|p2a: Polteageist
|-unboost|p2a: Polteageist|def|1
|-unboost|p2a: Polteageist|spd|1
|-boost|p2a: Polteageist|atk|2
|-boost|p2a: Polteageist|spa|2
|-boost|p2a: Polteageist|spe|2
|
|-weather|RainDance|[upkeep]
|upkeep
|turn|15
|
|t:|1781376482
|switch|p1a: Toxicroak|Toxicroak, M, tera:Dark|100/100
|move|p2a: Polteageist|Giga Drain|p1a: Toxicroak
|-damage|p1a: Toxicroak|19/100
|-heal|p2a: Polteageist|88/100|[from] drain|[of] p1a: Toxicroak
|
|-weather|RainDance|[upkeep]
|-heal|p1a: Toxicroak|32/100|[from] ability: Dry Skin
|upkeep
|turn|16
|
|t:|1781376491
|move|p2a: Polteageist|Giga Drain|p1a: Toxicroak
|-damage|p1a: Toxicroak|0 fnt
|-heal|p2a: Polteageist|100/100|[from] drain|[of] p1a: Toxicroak
|faint|p1a: Toxicroak
|
|-weather|RainDance|[upkeep]
|upkeep
|
|t:|1781376492
|switch|p1a: Crash Out|Floatzel, M|100/100
|turn|17
|
|t:|1781376495
|move|p1a: Crash Out|Aqua Jet|p2a: Polteageist
|-enditem|p2a: Polteageist|Focus Sash
|-damage|p2a: Polteageist|1/100
|-ability|p2a: Polteageist|Weak Armor|boost
|-unboost|p2a: Polteageist|def|1
|-boost|p2a: Polteageist|spe|2
|move|p2a: Polteageist|Giga Drain|p1a: Crash Out
|-supereffective|p1a: Crash Out
|-damage|p1a: Crash Out|0 fnt
|-heal|p2a: Polteageist|61/100|[from] drain|[of] p1a: Crash Out
|faint|p1a: Crash Out
|
|-weather|none
|upkeep
|-message|jd2sleepy forfeited.
|
|win|meio_potato
|raw|jd2sleepy's rating: 1583 &rarr; <strong>1563</strong><br />(-20 for losing)
|raw|meio_potato's rating: 1586 &rarr; <strong>1606</strong><br />(+20 for winning)
|l|☆jd2sleepy
|player|p1|
|l|☆meio_potato
|player|p2|
