|j|☆sawquarete
|j|☆KurisuChestnutLab
|t:|1781149932
|gametype|singles
|player|p1|sawquarete|li|1573
|player|p2|KurisuChestnutLab|may-contest|1634
|gen|9
|tier|[Gen 9] OU
|rated|
|rule|HP Percentage Mod: HP is shown in percentages
|rule|Endless Battle Clause: Forcing endless battles is banned
|rule|Species Clause: Limit one of each Pokémon
|rule|OHKO Clause: OHKO moves are banned
|rule|Evasion Items Clause: Evasion items are banned
|rule|Evasion Moves Clause: Evasion moves are banned
|rule|Evasion Abilities Clause: Evasion abilities are banned
|rule|Sleep Moves Clause: Sleep-inducing moves are banned
|clearpoke
|poke|p1|Great Tusk|
|poke|p1|Kingambit, F|
|poke|p1|Gholdengo|
|poke|p1|Ting-Lu|
|poke|p1|Alomomola, M|
|poke|p1|Zamazenta-*|
|poke|p2|Primarina, F|
|poke|p2|Hippowdon, M|
|poke|p2|Skarmory, F|
|poke|p2|Zapdos|
|poke|p2|Dragonite, F|
|poke|p2|Slowking, F|
|teampreview
|inactive|Battle timer is ON: inactive players will automatically lose when time's up. (requested by KurisuChestnutLab)
|
|t:|1781149943
|teamsize|p1|6
|teamsize|p2|6
|start
|switch|p1a: Gholdengo|Gholdengo|100/100
|switch|p2a: Hippowdon|Hippowdon, M|100/100
|-item|p1a: Gholdengo|Air Balloon
|-weather|Sandstorm|[from] ability: Sand Stream|[of] p2a: Hippowdon
|turn|1
|
|t:|1781149950
|move|p1a: Gholdengo|Hex|p2a: Hippowdon
|-damage|p2a: Hippowdon|68/100
|move|p2a: Hippowdon|Stealth Rock|p1a: Gholdengo
|-sidestart|p1: sawquarete|move: Stealth Rock
|
|-weather|Sandstorm|[upkeep]
|-heal|p2a: Hippowdon|75/100|[from] item: Leftovers
|upkeep
|turn|2
|
|t:|1781149955
|move|p1a: Gholdengo|Thunder Wave|p2a: Hippowdon
|-immune|p2a: Hippowdon
|move|p2a: Hippowdon|Slack Off|p2a: Hippowdon
|-heal|p2a: Hippowdon|100/100
|
|-weather|Sandstorm|[upkeep]
|upkeep
|turn|3
|
|t:|1781149963
|switch|p1a: Great Tusk|Great Tusk|100/100
|switch|p2a: Primarina|Primarina, F|100/100
|
|-weather|Sandstorm|[upkeep]
|-damage|p2a: Primarina|94/100|[from] Sandstorm
|upkeep
|turn|4
|
|t:|1781149969
|-end|p1a: Great Tusk|Protosynthesis|[silent]
|switch|p1a: Alomomola|Alomomola, M|100/100
|-damage|p1a: Alomomola|88/100|[from] Stealth Rock
|move|p2a: Primarina|Surf|p1a: Alomomola
|-resisted|p1a: Alomomola
|-damage|p1a: Alomomola|77/100
|
|-weather|Sandstorm|[upkeep]
|-damage|p2a: Primarina|88/100|[from] Sandstorm
|-damage|p1a: Alomomola|71/100|[from] Sandstorm
|upkeep
|turn|5
|
|t:|1781149977
|move|p2a: Primarina|Moonblast|p1a: Alomomola
|-damage|p1a: Alomomola|42/100
|move|p1a: Alomomola|Flip Turn|p2a: Primarina
|-resisted|p2a: Primarina
|-damage|p2a: Primarina|79/100
|
|t:|1781149990
|switch|p1a: Great Tusk|Great Tusk|100/100|[from] Flip Turn
|
|-weather|none
|upkeep
|turn|6
|
|t:|1781149997
|move|p1a: Great Tusk|Headlong Rush|p2a: Primarina
|-damage|p2a: Primarina|3/100
|-unboost|p1a: Great Tusk|def|1
|-unboost|p1a: Great Tusk|spd|1
|move|p2a: Primarina|Surf|p1a: Great Tusk
|-supereffective|p1a: Great Tusk
|-damage|p1a: Great Tusk|0 fnt
|faint|p1a: Great Tusk
|-end|p1a: Great Tusk|Protosynthesis|[silent]
|
|upkeep
|j| sigmatoiletord
|
|t:|1781150023
|switch|p1a: Alomomola|Alomomola, M|76/100
|-damage|p1a: Alomomola|63/100|[from] Stealth Rock
|turn|7
|
|t:|1781150026
|move|p2a: Primarina|Flip Turn|p1a: Alomomola
|-resisted|p1a: Alomomola
|-damage|p1a: Alomomola|57/100
|
|t:|1781150030
|switch|p2a: Skarmory|Skarmory, F|100/100|[from] Flip Turn
|move|p1a: Alomomola|Flip Turn|p2a: Skarmory
|-damage|p2a: Skarmory|91/100
|
|t:|1781150038
|switch|p1a: Gholdengo|Gholdengo|100/100|[from] Flip Turn
|-damage|p1a: Gholdengo|94/100|[from] Stealth Rock
|-item|p1a: Gholdengo|Air Balloon
|
|-heal|p2a: Skarmory|97/100|[from] item: Leftovers
|upkeep
|turn|8
|
|t:|1781150041
|move|p1a: Gholdengo|Thunder Wave|p2a: Skarmory
|-status|p2a: Skarmory|par
|move|p2a: Skarmory|Spikes|p1a: Gholdengo
|-sidestart|p1: sawquarete|Spikes
|
|-heal|p2a: Skarmory|100/100 par|[from] item: Leftovers
|upkeep
|turn|9
|
|t:|1781150047
|switch|p2a: Zapdos|Zapdos|100/100
|move|p1a: Gholdengo|Hex|p2a: Zapdos
|-damage|p2a: Zapdos|73/100
|
|upkeep
|turn|10
|
|t:|1781150054
|switch|p1a: Alomomola|Alomomola, M|90/100
|-damage|p1a: Alomomola|78/100|[from] Stealth Rock
|-damage|p1a: Alomomola|65/100|[from] Spikes
|move|p2a: Zapdos|Heat Wave|p1a: Alomomola|[miss]
|-miss|p2a: Zapdos|p1a: Alomomola
|
|upkeep
|turn|11
|j| Kisaragi Station
|
|t:|1781150059
|switch|p2a: Primarina|Primarina, F|3/100
|move|p1a: Alomomola|Mirror Coat||[still]
|-fail|p1a: Alomomola
|
|upkeep
|turn|12
|
|t:|1781150062
|switch|p2a: Zapdos|Zapdos|73/100
|move|p1a: Alomomola|Flip Turn|p2a: Zapdos
|-crit|p2a: Zapdos
|-damage|p2a: Zapdos|55/100
|-status|p1a: Alomomola|par|[from] ability: Static|[of] p2a: Zapdos
|
|t:|1781150066
|switch|p1a: Kingambit|Kingambit, F|100/100|[from] Flip Turn
|-damage|p1a: Kingambit|94/100|[from] Stealth Rock
|-damage|p1a: Kingambit|82/100|[from] Spikes
|-activate|p1a: Kingambit|ability: Supreme Overlord
|-start|p1a: Kingambit|fallen1|[silent]
|
|upkeep
|turn|13
|
|t:|1781150072
|-terastallize|p1a: Kingambit|Dark
|move|p2a: Zapdos|Heat Wave|p1a: Kingambit
|-crit|p1a: Kingambit
|-damage|p1a: Kingambit|36/100
|move|p1a: Kingambit|Swords Dance|p1a: Kingambit
|-boost|p1a: Kingambit|atk|2
|
|upkeep
|turn|14
|
|t:|1781150079
|move|p1a: Kingambit|Sucker Punch||[still]
|-fail|p1a: Kingambit
|move|p2a: Zapdos|Roost|p2a: Zapdos
|-heal|p2a: Zapdos|100/100
|-singleturn|p2a: Zapdos|move: Roost
|
|upkeep
|turn|15
|
|t:|1781150086
|move|p1a: Kingambit|Sucker Punch|p2a: Zapdos
|-damage|p2a: Zapdos|0 fnt
|faint|p2a: Zapdos
|
|upkeep
|
|t:|1781150089
|switch|p2a: Dragonite|Dragonite, F|100/100
|turn|16
|
|t:|1781150093
|-terastallize|p2a: Dragonite|Normal
|move|p2a: Dragonite|Extreme Speed|p1a: Kingambit
|-damage|p1a: Kingambit|0 fnt
|faint|p1a: Kingambit
|-end|p1a: Kingambit|fallen1|[silent]
|
|upkeep
|
|t:|1781150099
|switch|p1a: Gholdengo|Gholdengo|94/100
|-damage|p1a: Gholdengo|88/100|[from] Stealth Rock
|-item|p1a: Gholdengo|Air Balloon
|turn|17
|
|t:|1781150103
|switch|p2a: Skarmory|Skarmory, F|100/100 par
|move|p1a: Gholdengo|Thunder Wave|p2a: Skarmory
|-fail|p2a: Skarmory|par
|
|upkeep
|turn|18
|
|t:|1781150107
|switch|p2a: Dragonite|Dragonite, F, tera:Normal|100/100
|move|p1a: Gholdengo|Hex|p2a: Dragonite
|-immune|p2a: Dragonite
|
|upkeep
|turn|19
|
|t:|1781150114
|switch|p2a: Skarmory|Skarmory, F|100/100 par
|move|p1a: Gholdengo|Thunder Wave|p2a: Skarmory
|-fail|p2a: Skarmory|par
|
|upkeep
|turn|20
|
|t:|1781150121
|switch|p2a: Dragonite|Dragonite, F, tera:Normal|100/100
|move|p1a: Gholdengo|Thunder Wave|p2a: Dragonite
|-status|p2a: Dragonite|par
|
|upkeep
|turn|21
|
|t:|1781150125
|switch|p2a: Slowking|Slowking, F|100/100
|move|p1a: Gholdengo|Recover|p1a: Gholdengo
|-heal|p1a: Gholdengo|100/100
|
|upkeep
|turn|22
|
|t:|1781150130
|switch|p1a: Alomomola|Alomomola, M|99/100 par
|-damage|p1a: Alomomola|86/100 par|[from] Stealth Rock
|-damage|p1a: Alomomola|74/100 par|[from] Spikes
|move|p2a: Slowking|Scald|p1a: Alomomola
|-resisted|p1a: Alomomola
|-damage|p1a: Alomomola|67/100 par
|
|upkeep
|turn|23
|
|t:|1781150134
|move|p2a: Slowking|Scald|p1a: Alomomola
|-resisted|p1a: Alomomola
|-damage|p1a: Alomomola|60/100 par
|cant|p1a: Alomomola|par
|
|upkeep
|turn|24
|
|t:|1781150138
|move|p2a: Slowking|Future Sight|p1a: Alomomola
|-start|p2a: Slowking|move: Future Sight
|move|p1a: Alomomola|Mirror Coat||[still]
|-fail|p1a: Alomomola
|
|upkeep
|turn|25
|
|t:|1781150144
|move|p2a: Slowking|Scald|p1a: Alomomola
|-resisted|p1a: Alomomola
|-damage|p1a: Alomomola|54/100 par
|move|p1a: Alomomola|Scald|p2a: Slowking
|-resisted|p2a: Slowking
|-damage|p2a: Slowking|96/100
|-status|p2a: Slowking|brn
|
|-damage|p2a: Slowking|90/100 brn|[from] brn
|upkeep
|turn|26
|
|t:|1781150148
|move|p2a: Slowking|Scald|p1a: Alomomola
|-resisted|p1a: Alomomola
|-damage|p1a: Alomomola|46/100 par
|move|p1a: Alomomola|Mirror Coat|p2a: Slowking
|-damage|p2a: Slowking|70/100 brn
|
|-end|p1a: Alomomola|move: Future Sight
|-damage|p1a: Alomomola|25/100 par
|-damage|p2a: Slowking|64/100 brn|[from] brn
|upkeep
|turn|27
|
|t:|1781150154
|switch|p2a: Skarmory|Skarmory, F|100/100 par
|cant|p1a: Alomomola|par
|
|upkeep
|turn|28
|
|t:|1781150157
|move|p2a: Skarmory|Spikes|p1a: Alomomola
|-sidestart|p1: sawquarete|Spikes
|move|p1a: Alomomola|Flip Turn|p2a: Skarmory
|-damage|p2a: Skarmory|90/100 par
|
|t:|1781150159
|switch|p1a: Gholdengo|Gholdengo|100/100|[from] Flip Turn
|-damage|p1a: Gholdengo|94/100|[from] Stealth Rock
|-item|p1a: Gholdengo|Air Balloon
|
|-heal|p2a: Skarmory|96/100 par|[from] item: Leftovers
|upkeep
|turn|29
|
|t:|1781150166
|switch|p2a: Dragonite|Dragonite, F, tera:Normal|100/100 par
|move|p1a: Gholdengo|Hex|p2a: Dragonite
|-immune|p2a: Dragonite
|
|upkeep
|turn|30
|
|t:|1781150176
|switch|p1a: Zamazenta|Zamazenta|100/100
|-damage|p1a: Zamazenta|94/100|[from] Stealth Rock
|-damage|p1a: Zamazenta|78/100|[from] Spikes
|-ability|p1a: Zamazenta|Dauntless Shield|boost
|-boost|p1a: Zamazenta|def|1
|cant|p2a: Dragonite|par
|
|-heal|p1a: Zamazenta|84/100|[from] item: Leftovers
|upkeep
|turn|31
|
|t:|1781150180
|switch|p2a: Hippowdon|Hippowdon, M|100/100
|-weather|Sandstorm|[from] ability: Sand Stream|[of] p2a: Hippowdon
|move|p1a: Zamazenta|Iron Defense|p1a: Zamazenta
|-boost|p1a: Zamazenta|def|2
|
|-weather|Sandstorm|[upkeep]
|-damage|p1a: Zamazenta|78/100|[from] Sandstorm
|-heal|p1a: Zamazenta|84/100|[from] item: Leftovers
|upkeep
|turn|32
|
|t:|1781150183
|move|p1a: Zamazenta|Body Press|p2a: Hippowdon
|-damage|p2a: Hippowdon|57/100
|move|p2a: Hippowdon|Whirlwind|p1a: Zamazenta
|drag|p1a: Gholdengo|Gholdengo|94/100
|-damage|p1a: Gholdengo|88/100|[from] Stealth Rock
|-item|p1a: Gholdengo|Air Balloon
|
|-weather|Sandstorm|[upkeep]
|-heal|p2a: Hippowdon|63/100|[from] item: Leftovers
|upkeep
|turn|33
|
|t:|1781150188
|move|p1a: Gholdengo|Hex|p2a: Hippowdon
|-damage|p2a: Hippowdon|30/100
|move|p2a: Hippowdon|Slack Off|p2a: Hippowdon
|-heal|p2a: Hippowdon|80/100
|
|-weather|Sandstorm|[upkeep]
|-heal|p2a: Hippowdon|86/100|[from] item: Leftovers
|upkeep
|turn|34
|
|t:|1781150191
|move|p1a: Gholdengo|Hex|p2a: Hippowdon
|-damage|p2a: Hippowdon|57/100
|move|p2a: Hippowdon|Slack Off|p2a: Hippowdon
|-heal|p2a: Hippowdon|100/100
|
|-weather|Sandstorm|[upkeep]
|upkeep
|turn|35
|
|t:|1781150196
|switch|p1a: Alomomola|Alomomola, M|58/100 par
|-damage|p1a: Alomomola|46/100 par|[from] Stealth Rock
|-damage|p1a: Alomomola|29/100 par|[from] Spikes
|switch|p2a: Dragonite|Dragonite, F, tera:Normal|100/100 par
|
|-weather|none
|upkeep
|turn|36
|
|t:|1781150199
|move|p2a: Dragonite|Extreme Speed|p1a: Alomomola
|-damage|p1a: Alomomola|0 fnt
|faint|p1a: Alomomola
|
|upkeep
|
|t:|1781150204
|switch|p1a: Ting-Lu|Ting-Lu|100/100
|-damage|p1a: Ting-Lu|94/100|[from] Stealth Rock
|-damage|p1a: Ting-Lu|78/100|[from] Spikes
|-ability|p1a: Ting-Lu|Vessel of Ruin
|turn|37
|
|t:|1781150209
|switch|p2a: Skarmory|Skarmory, F|96/100 par
|move|p1a: Ting-Lu|Ruination|p2a: Skarmory
|-damage|p2a: Skarmory|48/100 par
|
|-heal|p1a: Ting-Lu|84/100|[from] item: Leftovers
|-heal|p2a: Skarmory|54/100 par|[from] item: Leftovers
|upkeep
|turn|38
|
|t:|1781150216
|move|p1a: Ting-Lu|Stealth Rock|p2a: Skarmory
|-sidestart|p2: KurisuChestnutLab|move: Stealth Rock
|move|p2a: Skarmory|Roost|p2a: Skarmory
|-heal|p2a: Skarmory|100/100 par
|-singleturn|p2a: Skarmory|move: Roost
|
|-heal|p1a: Ting-Lu|90/100|[from] item: Leftovers
|upkeep
|turn|39
|
|t:|1781150222
|move|p1a: Ting-Lu|Ruination|p2a: Skarmory
|-damage|p2a: Skarmory|50/100 par
|move|p2a: Skarmory|Body Press|p1a: Ting-Lu
|-supereffective|p1a: Ting-Lu
|-damage|p1a: Ting-Lu|56/100
|
|-heal|p1a: Ting-Lu|62/100|[from] item: Leftovers
|-heal|p2a: Skarmory|56/100 par|[from] item: Leftovers
|upkeep
|turn|40
|
|t:|1781150228
|cant|p2a: Skarmory|par
|move|p1a: Ting-Lu|Whirlwind|p2a: Skarmory
|drag|p2a: Slowking|Slowking, F|97/100 brn
|
|-heal|p1a: Ting-Lu|68/100|[from] item: Leftovers
|-damage|p2a: Slowking|91/100 brn|[from] brn
|upkeep
|turn|41
|
|t:|1781150234
|move|p1a: Ting-Lu|Ruination|p2a: Slowking
|-damage|p2a: Slowking|46/100 brn
|move|p2a: Slowking|Scald|p1a: Ting-Lu
|-supereffective|p1a: Ting-Lu
|-damage|p1a: Ting-Lu|44/100
|
|-heal|p1a: Ting-Lu|50/100|[from] item: Leftovers
|-damage|p2a: Slowking|40/100 brn|[from] brn
|upkeep
|turn|42
|
|t:|1781150242
|move|p1a: Ting-Lu|Ruination|p2a: Slowking
|-damage|p2a: Slowking|20/100 brn
|move|p2a: Slowking|Scald|p1a: Ting-Lu
|-supereffective|p1a: Ting-Lu
|-damage|p1a: Ting-Lu|27/100
|-status|p1a: Ting-Lu|brn
|
|-heal|p1a: Ting-Lu|33/100 brn|[from] item: Leftovers
|-damage|p1a: Ting-Lu|27/100 brn|[from] brn
|-damage|p2a: Slowking|14/100 brn|[from] brn
|upkeep
|turn|43
|
|t:|1781150244
|switch|p2a: Primarina|Primarina, F|3/100
|-damage|p2a: Primarina|0 fnt|[from] Stealth Rock
|faint|p2a: Primarina
|move|p1a: Ting-Lu|Earthquake|p2: Primarina|[notarget]
|-fail|p1a: Ting-Lu
|
|-heal|p1a: Ting-Lu|33/100 brn|[from] item: Leftovers
|-damage|p1a: Ting-Lu|27/100 brn|[from] brn
|upkeep
|
|t:|1781150248
|switch|p2a: Slowking|Slowking, F|47/100 brn
|turn|44
|
|t:|1781150251
|move|p1a: Ting-Lu|Ruination|p2a: Slowking
|-damage|p2a: Slowking|24/100 brn
|move|p2a: Slowking|Slack Off|p2a: Slowking
|-heal|p2a: Slowking|74/100 brn
|
|-heal|p1a: Ting-Lu|33/100 brn|[from] item: Leftovers
|-damage|p1a: Ting-Lu|27/100 brn|[from] brn
|-damage|p2a: Slowking|68/100 brn|[from] brn
|upkeep
|turn|45
|
|t:|1781150258
|move|p1a: Ting-Lu|Ruination|p2a: Slowking
|-damage|p2a: Slowking|34/100 brn
|move|p2a: Slowking|Slack Off|p2a: Slowking
|-heal|p2a: Slowking|84/100 brn
|
|-heal|p1a: Ting-Lu|33/100 brn|[from] item: Leftovers
|-damage|p1a: Ting-Lu|27/100 brn|[from] brn
|-damage|p2a: Slowking|78/100 brn|[from] brn
|upkeep
|turn|46
|
|t:|1781150262
|move|p1a: Ting-Lu|Ruination|p2a: Slowking
|-damage|p2a: Slowking|39/100 brn
|move|p2a: Slowking|Slack Off|p2a: Slowking
|-heal|p2a: Slowking|89/100 brn
|
|-heal|p1a: Ting-Lu|33/100 brn|[from] item: Leftovers
|-damage|p1a: Ting-Lu|27/100 brn|[from] brn
|-damage|p2a: Slowking|83/100 brn|[from] brn
|upkeep
|turn|47
|
|t:|1781150269
|move|p1a: Ting-Lu|Ruination|p2a: Slowking
|-damage|p2a: Slowking|42/100 brn
|-prepare|p2a: Slowking|Chilly Reception|[premajor]
|move|p2a: Slowking|Chilly Reception|p2a: Slowking
|-weather|Snowscape
|
|t:|1781150275
|switch|p2a: Skarmory|Skarmory, F|56/100 par|[from] Chilly Reception
|-damage|p2a: Skarmory|44/100 par|[from] Stealth Rock
|
|-weather|Snowscape|[upkeep]
|-heal|p1a: Ting-Lu|33/100 brn|[from] item: Leftovers
|-heal|p2a: Skarmory|50/100 par|[from] item: Leftovers
|-damage|p1a: Ting-Lu|27/100 brn|[from] brn
|upkeep
|turn|48
|
|t:|1781150282
|move|p2a: Skarmory|Roost|p2a: Skarmory
|-heal|p2a: Skarmory|99/100 par
|-singleturn|p2a: Skarmory|move: Roost
|move|p1a: Ting-Lu|Whirlwind|p2a: Skarmory
|drag|p2a: Slowking|Slowking, F|75/100 brn
|
|-weather|Snowscape|[upkeep]
|-heal|p1a: Ting-Lu|33/100 brn|[from] item: Leftovers
|-damage|p1a: Ting-Lu|27/100 brn|[from] brn
|-damage|p2a: Slowking|69/100 brn|[from] brn
|upkeep
|turn|49
|
|t:|1781150286
|move|p1a: Ting-Lu|Ruination|p2a: Slowking|[miss]
|-miss|p1a: Ting-Lu|p2a: Slowking
|move|p2a: Slowking|Slack Off|p2a: Slowking
|-heal|p2a: Slowking|100/100 brn
|
|-weather|Snowscape|[upkeep]
|-heal|p1a: Ting-Lu|33/100 brn|[from] item: Leftovers
|-damage|p1a: Ting-Lu|27/100 brn|[from] brn
|-damage|p2a: Slowking|94/100 brn|[from] brn
|upkeep
|turn|50
|
|t:|1781150293
|move|p1a: Ting-Lu|Ruination|p2a: Slowking
|-damage|p2a: Slowking|47/100 brn
|move|p2a: Slowking|Slack Off|p2a: Slowking
|-heal|p2a: Slowking|97/100 brn
|
|-weather|Snowscape|[upkeep]
|-heal|p1a: Ting-Lu|33/100 brn|[from] item: Leftovers
|-damage|p1a: Ting-Lu|27/100 brn|[from] brn
|-damage|p2a: Slowking|91/100 brn|[from] brn
|upkeep
|turn|51
|
|t:|1781150300
|move|p1a: Ting-Lu|Ruination|p2a: Slowking
|-damage|p2a: Slowking|46/100 brn
|move|p2a: Slowking|Slack Off|p2a: Slowking
|-heal|p2a: Slowking|96/100 brn
|
|-weather|none
|-heal|p1a: Ting-Lu|33/100 brn|[from] item: Leftovers
|-damage|p1a: Ting-Lu|27/100 brn|[from] brn
|-damage|p2a: Slowking|90/100 brn|[from] brn
|upkeep
|turn|52
|
|t:|1781150304
|switch|p2a: Hippowdon|Hippowdon, M|100/100
|-damage|p2a: Hippowdon|94/100|[from] Stealth Rock
|-weather|Sandstorm|[from] ability: Sand Stream|[of] p2a: Hippowdon
|move|p1a: Ting-Lu|Ruination|p2a: Hippowdon
|-damage|p2a: Hippowdon|47/100
|
|-weather|Sandstorm|[upkeep]
|-heal|p2a: Hippowdon|54/100|[from] item: Leftovers
|-heal|p1a: Ting-Lu|33/100 brn|[from] item: Leftovers
|-damage|p1a: Ting-Lu|27/100 brn|[from] brn
|upkeep
|turn|53
|
|t:|1781150309
|move|p2a: Hippowdon|Slack Off|p2a: Hippowdon
|-heal|p2a: Hippowdon|100/100
|move|p1a: Ting-Lu|Ruination|p2a: Hippowdon|[miss]
|-miss|p1a: Ting-Lu|p2a: Hippowdon
|
|-weather|Sandstorm|[upkeep]
|-heal|p1a: Ting-Lu|33/100 brn|[from] item: Leftovers
|-damage|p1a: Ting-Lu|27/100 brn|[from] brn
|upkeep
|turn|54
|
|t:|1781150314
|move|p2a: Hippowdon|Earthquake|p1a: Ting-Lu
|-damage|p1a: Ting-Lu|8/100 brn
|move|p1a: Ting-Lu|Ruination|p2a: Hippowdon
|-damage|p2a: Hippowdon|50/100
|
|-weather|Sandstorm|[upkeep]
|-heal|p2a: Hippowdon|57/100|[from] item: Leftovers
|-heal|p1a: Ting-Lu|14/100 brn|[from] item: Leftovers
|-damage|p1a: Ting-Lu|8/100 brn|[from] brn
|upkeep
|turn|55
|j| rexa2
|
|t:|1781150319
|move|p2a: Hippowdon|Slack Off|p2a: Hippowdon
|-heal|p2a: Hippowdon|100/100
|move|p1a: Ting-Lu|Ruination|p2a: Hippowdon
|-damage|p2a: Hippowdon|50/100
|
|-weather|Sandstorm|[upkeep]
|-heal|p2a: Hippowdon|57/100|[from] item: Leftovers
|-heal|p1a: Ting-Lu|14/100 brn|[from] item: Leftovers
|-damage|p1a: Ting-Lu|8/100 brn|[from] brn
|upkeep
|turn|56
|
|t:|1781150325
|move|p2a: Hippowdon|Slack Off|p2a: Hippowdon
|-heal|p2a: Hippowdon|100/100
|move|p1a: Ting-Lu|Ruination|p2a: Hippowdon
|-damage|p2a: Hippowdon|50/100
|
|-weather|none
|-heal|p2a: Hippowdon|57/100|[from] item: Leftovers
|-heal|p1a: Ting-Lu|14/100 brn|[from] item: Leftovers
|-damage|p1a: Ting-Lu|8/100 brn|[from] brn
|upkeep
|turn|57
|
|t:|1781150329
|move|p2a: Hippowdon|Slack Off|p2a: Hippowdon
|-heal|p2a: Hippowdon|100/100
|move|p1a: Ting-Lu|Whirlwind|p2a: Hippowdon
|drag|p2a: Slowking|Slowking, F|100/100 brn
|
|-heal|p1a: Ting-Lu|14/100 brn|[from] item: Leftovers
|-damage|p1a: Ting-Lu|8/100 brn|[from] brn
|-damage|p2a: Slowking|94/100 brn|[from] brn
|upkeep
|turn|58
|
|t:|1781150331
|move|p1a: Ting-Lu|Earthquake|p2a: Slowking
|-damage|p2a: Slowking|76/100 brn
|move|p2a: Slowking|Slack Off|p2a: Slowking
|-heal|p2a: Slowking|100/100 brn
|
|-heal|p1a: Ting-Lu|14/100 brn|[from] item: Leftovers
|-damage|p1a: Ting-Lu|8/100 brn|[from] brn
|-damage|p2a: Slowking|94/100 brn|[from] brn
|upkeep
|turn|59
|
|t:|1781150335
|move|p1a: Ting-Lu|Earthquake|p2a: Slowking
|-damage|p2a: Slowking|77/100 brn
|move|p2a: Slowking|Slack Off|p2a: Slowking
|-heal|p2a: Slowking|100/100 brn
|
|-heal|p1a: Ting-Lu|14/100 brn|[from] item: Leftovers
|-damage|p1a: Ting-Lu|8/100 brn|[from] brn
|-damage|p2a: Slowking|94/100 brn|[from] brn
|upkeep
|turn|60
|
|t:|1781150339
|move|p1a: Ting-Lu|Earthquake|p2a: Slowking
|-damage|p2a: Slowking|74/100 brn
|-prepare|p2a: Slowking|Chilly Reception|[premajor]
|move|p2a: Slowking|Chilly Reception|p2a: Slowking
|-weather|Snowscape
|
|t:|1781150345
|switch|p2a: Dragonite|Dragonite, F, tera:Normal|100/100 par|[from] Chilly Reception
|
|-weather|Snowscape|[upkeep]
|-heal|p1a: Ting-Lu|14/100 brn|[from] item: Leftovers
|-damage|p1a: Ting-Lu|8/100 brn|[from] brn
|upkeep
|turn|61
|
|t:|1781150351
|switch|p2a: Hippowdon|Hippowdon, M|100/100
|-damage|p2a: Hippowdon|94/100|[from] Stealth Rock
|-weather|Sandstorm|[from] ability: Sand Stream|[of] p2a: Hippowdon
|move|p1a: Ting-Lu|Earthquake|p2a: Hippowdon
|-damage|p2a: Hippowdon|84/100
|
|-weather|Sandstorm|[upkeep]
|-heal|p2a: Hippowdon|90/100|[from] item: Leftovers
|-heal|p1a: Ting-Lu|14/100 brn|[from] item: Leftovers
|-damage|p1a: Ting-Lu|8/100 brn|[from] brn
|upkeep
|turn|62
|
|t:|1781150355
|move|p1a: Ting-Lu|Earthquake|p2a: Hippowdon
|-damage|p2a: Hippowdon|80/100
|move|p2a: Hippowdon|Whirlwind|p1a: Ting-Lu
|drag|p1a: Gholdengo|Gholdengo|88/100
|-damage|p1a: Gholdengo|82/100|[from] Stealth Rock
|-item|p1a: Gholdengo|Air Balloon
|
|-weather|Sandstorm|[upkeep]
|-heal|p2a: Hippowdon|86/100|[from] item: Leftovers
|upkeep
|turn|63
|
|t:|1781150361
|move|p1a: Gholdengo|Hex|p2a: Hippowdon
|-damage|p2a: Hippowdon|54/100
|move|p2a: Hippowdon|Slack Off|p2a: Hippowdon
|-heal|p2a: Hippowdon|100/100
|
|-weather|Sandstorm|[upkeep]
|upkeep
|turn|64
|
|t:|1781150368
|switch|p2a: Dragonite|Dragonite, F, tera:Normal|100/100 par
|move|p1a: Gholdengo|Recover|p1a: Gholdengo
|-heal|p1a: Gholdengo|100/100
|
|-weather|Sandstorm|[upkeep]
|-damage|p2a: Dragonite|94/100 par|[from] Sandstorm
|upkeep
|turn|65
|
|t:|1781150372
|switch|p2a: Slowking|Slowking, F|100/100 brn
|move|p1a: Gholdengo|Thunder Wave||[still]
|-fail|p1a: Gholdengo
|
|-weather|none
|-damage|p2a: Slowking|94/100 brn|[from] brn
|upkeep
|turn|66
|
|t:|1781150379
|move|p1a: Gholdengo|Hex|p2a: Slowking
|-supereffective|p2a: Slowking
|-damage|p2a: Slowking|31/100 brn
|move|p2a: Slowking|Scald|p1a: Gholdengo
|-damage|p1a: Gholdengo|73/100
|-enditem|p1a: Gholdengo|Air Balloon
|
|-damage|p2a: Slowking|25/100 brn|[from] brn
|upkeep
|turn|67
|
|t:|1781150383
|move|p1a: Gholdengo|Make It Rain|p2a: Slowking
|-resisted|p2a: Slowking
|-damage|p2a: Slowking|9/100 brn
|-unboost|p1a: Gholdengo|spa|1
|move|p2a: Slowking|Scald|p1a: Gholdengo
|-damage|p1a: Gholdengo|45/100
|-status|p1a: Gholdengo|brn
|
|-damage|p1a: Gholdengo|39/100 brn|[from] brn
|-damage|p2a: Slowking|3/100 brn|[from] brn
|upkeep
|turn|68
|
|t:|1781150387
|switch|p2a: Dragonite|Dragonite, F, tera:Normal|94/100 par
|move|p1a: Gholdengo|Hex|p2a: Dragonite
|-immune|p2a: Dragonite
|
|-damage|p1a: Gholdengo|33/100 brn|[from] brn
|upkeep
|turn|69
|
|t:|1781150392
|move|p1a: Gholdengo|Make It Rain|p2a: Dragonite
|-damage|p2a: Dragonite|60/100 par
|-unboost|p1a: Gholdengo|spa|1
|move|p2a: Dragonite|Dragon Dance|p2a: Dragonite
|-boost|p2a: Dragonite|atk|1
|-boost|p2a: Dragonite|spe|1
|
|-damage|p1a: Gholdengo|26/100 brn|[from] brn
|upkeep
|turn|70
|
|t:|1781150396
|move|p1a: Gholdengo|Make It Rain|p2a: Dragonite
|-damage|p2a: Dragonite|33/100 par
|-unboost|p1a: Gholdengo|spa|1
|move|p2a: Dragonite|Dragon Dance|p2a: Dragonite
|-boost|p2a: Dragonite|atk|1
|-boost|p2a: Dragonite|spe|1
|
|-damage|p1a: Gholdengo|20/100 brn|[from] brn
|upkeep
|turn|71
|
|t:|1781150403
|cant|p2a: Dragonite|par
|move|p1a: Gholdengo|Make It Rain|p2a: Dragonite
|-damage|p2a: Dragonite|9/100 par
|-unboost|p1a: Gholdengo|spa|1
|
|-damage|p1a: Gholdengo|14/100 brn|[from] brn
|upkeep
|turn|72
|
|t:|1781150408
|move|p2a: Dragonite|Roost|p2a: Dragonite
|-heal|p2a: Dragonite|59/100 par
|move|p1a: Gholdengo|Make It Rain|p2a: Dragonite
|-damage|p2a: Dragonite|40/100 par
|-unboost|p1a: Gholdengo|spa|1
|
|-damage|p1a: Gholdengo|8/100 brn|[from] brn
|upkeep
|turn|73
|
|t:|1781150413
|move|p2a: Dragonite|Dragon Dance|p2a: Dragonite
|-boost|p2a: Dragonite|atk|1
|-boost|p2a: Dragonite|spe|1
|move|p1a: Gholdengo|Make It Rain|p2a: Dragonite
|-damage|p2a: Dragonite|26/100 par
|-unboost|p1a: Gholdengo|spa|1
|
|-damage|p1a: Gholdengo|2/100 brn|[from] brn
|upkeep
|turn|74
|
|t:|1781150416
|move|p2a: Dragonite|Earthquake|p1a: Gholdengo
|-supereffective|p1a: Gholdengo
|-damage|p1a: Gholdengo|0 fnt
|faint|p1a: Gholdengo
|
|upkeep
|
|t:|1781150421
|switch|p1a: Ting-Lu|Ting-Lu|8/100 brn
|-damage|p1a: Ting-Lu|1/100 brn|[from] Stealth Rock
|-damage|p1a: Ting-Lu|0 fnt|[from] Spikes
|faint|p1a: Ting-Lu
|
|t:|1781150422
|switch|p1a: Zamazenta|Zamazenta|84/100
|-damage|p1a: Zamazenta|78/100|[from] Stealth Rock
|-damage|p1a: Zamazenta|61/100|[from] Spikes
|turn|75
|
|t:|1781150426
|cant|p2a: Dragonite|par
|move|p1a: Zamazenta|Body Press|p2a: Dragonite
|-supereffective|p2a: Dragonite
|-crit|p2a: Dragonite
|-damage|p2a: Dragonite|0 fnt
|faint|p2a: Dragonite
|
|-heal|p1a: Zamazenta|68/100|[from] item: Leftovers
|upkeep
|
|t:|1781150429
|switch|p2a: Slowking|Slowking, F|36/100 brn
|turn|76
|
|t:|1781150433
|switch|p2a: Hippowdon|Hippowdon, M|100/100
|-damage|p2a: Hippowdon|94/100|[from] Stealth Rock
|-weather|Sandstorm|[from] ability: Sand Stream|[of] p2a: Hippowdon
|move|p1a: Zamazenta|Crunch|p2a: Hippowdon
|-damage|p2a: Hippowdon|83/100
|
|-weather|Sandstorm|[upkeep]
|-damage|p1a: Zamazenta|61/100|[from] Sandstorm
|-heal|p1a: Zamazenta|68/100|[from] item: Leftovers
|-heal|p2a: Hippowdon|89/100|[from] item: Leftovers
|upkeep
|turn|77
|
|t:|1781150438
|switch|p2a: Slowking|Slowking, F|69/100 brn
|move|p1a: Zamazenta|Iron Defense|p1a: Zamazenta
|-boost|p1a: Zamazenta|def|2
|
|-weather|Sandstorm|[upkeep]
|-damage|p1a: Zamazenta|61/100|[from] Sandstorm
|-damage|p2a: Slowking|63/100 brn|[from] Sandstorm
|-heal|p1a: Zamazenta|68/100|[from] item: Leftovers
|-damage|p2a: Slowking|57/100 brn|[from] brn
|upkeep
|turn|78
|
|t:|1781150445
|move|p1a: Zamazenta|Crunch|p2a: Slowking
|-supereffective|p2a: Slowking
|-damage|p2a: Slowking|10/100 brn
|move|p2a: Slowking|Scald|p1a: Zamazenta
|-damage|p1a: Zamazenta|47/100
|
|-weather|Sandstorm|[upkeep]
|-damage|p1a: Zamazenta|41/100|[from] Sandstorm
|-damage|p2a: Slowking|4/100 brn|[from] Sandstorm
|-heal|p1a: Zamazenta|47/100|[from] item: Leftovers
|-damage|p2a: Slowking|0 fnt|[from] brn
|faint|p2a: Slowking
|upkeep
|
|t:|1781150448
|switch|p2a: Skarmory|Skarmory, F|99/100 par
|-damage|p2a: Skarmory|88/100 par|[from] Stealth Rock
|turn|79
|
|t:|1781150452
|move|p1a: Zamazenta|Iron Defense|p1a: Zamazenta
|-boost|p1a: Zamazenta|def|2
|cant|p2a: Skarmory|par
|
|-weather|Sandstorm|[upkeep]
|-damage|p1a: Zamazenta|41/100|[from] Sandstorm
|-heal|p1a: Zamazenta|47/100|[from] item: Leftovers
|-heal|p2a: Skarmory|94/100 par|[from] item: Leftovers
|upkeep
|turn|80
|
|t:|1781150455
|move|p1a: Zamazenta|Iron Defense|p1a: Zamazenta
|-boost|p1a: Zamazenta|def|2
|cant|p2a: Skarmory|par
|
|-weather|none
|-heal|p1a: Zamazenta|54/100|[from] item: Leftovers
|-heal|p2a: Skarmory|99/100 par|[from] item: Leftovers
|upkeep
|turn|81
|
|t:|1781150460
|move|p1a: Zamazenta|Body Press|p2a: Skarmory
|-damage|p2a: Skarmory|20/100 par
|cant|p2a: Skarmory|par
|
|-heal|p1a: Zamazenta|60/100|[from] item: Leftovers
|-heal|p2a: Skarmory|26/100 par|[from] item: Leftovers
|upkeep
|turn|82
|
|t:|1781150463
|switch|p2a: Hippowdon|Hippowdon, M|89/100
|-damage|p2a: Hippowdon|83/100|[from] Stealth Rock
|-weather|Sandstorm|[from] ability: Sand Stream|[of] p2a: Hippowdon
|move|p1a: Zamazenta|Body Press|p2a: Hippowdon
|-damage|p2a: Hippowdon|15/100
|
|-weather|Sandstorm|[upkeep]
|-damage|p1a: Zamazenta|54/100|[from] Sandstorm
|-heal|p1a: Zamazenta|60/100|[from] item: Leftovers
|-heal|p2a: Hippowdon|21/100|[from] item: Leftovers
|upkeep
|turn|83
|
|t:|1781150468
|switch|p2a: Skarmory|Skarmory, F|26/100 par
|-damage|p2a: Skarmory|14/100 par|[from] Stealth Rock
|move|p1a: Zamazenta|Body Press|p2a: Skarmory
|-damage|p2a: Skarmory|0 fnt
|faint|p2a: Skarmory
|
|-weather|Sandstorm|[upkeep]
|-damage|p1a: Zamazenta|54/100|[from] Sandstorm
|-heal|p1a: Zamazenta|60/100|[from] item: Leftovers
|upkeep
|
|t:|1781150472
|switch|p2a: Hippowdon|Hippowdon, M|21/100
|-damage|p2a: Hippowdon|15/100|[from] Stealth Rock
|turn|84
|
|t:|1781150476
|move|p1a: Zamazenta|Body Press|p2a: Hippowdon
|-damage|p2a: Hippowdon|0 fnt
|faint|p2a: Hippowdon
|
|win|sawquarete
|raw|sawquarete's rating: 1573 &rarr; <strong>1596</strong><br />(+23 for winning)
|raw|KurisuChestnutLab's rating: 1634 &rarr; <strong>1611</strong><br />(-23 for losing)
