|j|☆tauros3
|j|☆tony urbadaliano
|t:|1781125351
|gametype|singles
|player|p1|tauros3|swimmer-gen4dp|1621
|player|p2|tony urbadaliano|hooligans|1635
|gen|9
|tier|[Gen 9] OU
|rated|
|rule|HP Percentage Mod: HP is shown in percentages
|rule|Endless Battle Clause: Forcing endless battles is banned
|rule|Species Clause: Limit one of each Pokémon
|rule|OHKO Clause: OHKO moves are banned
|rule|Evasion Items Clause: Evasion items are banned
|rule|Evasion Moves Clause: Evasion moves are banned
|rule|Evasion Abilities Clause: Evasion abilities are banned
|rule|Sleep Moves Clause: Sleep-inducing moves are banned
|clearpoke
|poke|p1|Ninetales-Alola, F|
|poke|p1|Cloyster, F|
|poke|p1|Moltres-Galar|
|poke|p1|Ursaluna, M|
|poke|p1|Hatterene, F|
|poke|p1|Cinderace, F|
|poke|p2|Iron Valiant|
|poke|p2|Latias, F|
|poke|p2|Kingambit, M|
|poke|p2|Cinderace, F|
|poke|p2|Ogerpon-Wellspring, F|
|poke|p2|Landorus-Therian, M|
|teampreview
|inactive|Battle timer is ON: inactive players will automatically lose when time's up. (requested by tony urbadaliano)
|inactive|tauros3 also wants the timer to be on.
|
|t:|1781125365
|teamsize|p1|6
|teamsize|p2|6
|start
|switch|p1a: Pink Triangle|Hatterene, F|100/100
|switch|p2a: Firestarter|Cinderace, F|100/100
|turn|1
|
|t:|1781125380
|move|p2a: Firestarter|U-turn|p1a: Pink Triangle
|-damage|p1a: Pink Triangle|78/100
|
|t:|1781125383
|switch|p2a: cLOUDDEAD|Landorus-Therian, M|100/100|[from] U-turn
|-ability|p2a: cLOUDDEAD|Intimidate|boost
|-unboost|p1a: Pink Triangle|atk|1
|move|p1a: Pink Triangle|Trick Room|p1a: Pink Triangle
|-fieldstart|move: Trick Room|[of] p1a: Pink Triangle
|
|upkeep
|turn|2
|
|t:|1781125391
|move|p1a: Pink Triangle|Dazzling Gleam|p2a: cLOUDDEAD
|-damage|p2a: cLOUDDEAD|49/100
|move|p2a: cLOUDDEAD|U-turn|p1a: Pink Triangle
|-damage|p1a: Pink Triangle|53/100
|
|t:|1781125404
|switch|p2a: The Blue Mask|Ogerpon-Wellspring, F|100/100|[from] U-turn
|
|upkeep
|turn|3
|
|t:|1781125411
|move|p1a: Pink Triangle|Psychic Noise|p2a: The Blue Mask
|-damage|p2a: The Blue Mask|48/100
|-start|p2a: The Blue Mask|move: Heal Block
|move|p2a: The Blue Mask|Ivy Cudgel|p1a: Pink Triangle|[anim] Ivy Cudgel Water
|-damage|p1a: Pink Triangle|0 fnt
|faint|p1a: Pink Triangle
|
|upkeep
|
|t:|1781125416
|switch|p1a: El Scorcho|Ursaluna, M|100/100
|turn|4
|
|t:|1781125423
|switch|p2a: cLOUDDEAD|Landorus-Therian, M|49/100
|-ability|p2a: cLOUDDEAD|Intimidate|boost
|-unboost|p1a: El Scorcho|atk|1
|move|p1a: El Scorcho|Swords Dance|p1a: El Scorcho
|-boost|p1a: El Scorcho|atk|2
|
|-status|p1a: El Scorcho|brn|[from] item: Flame Orb
|upkeep
|turn|5
|
|t:|1781125432
|switch|p2a: Crimson King|Kingambit, M|100/100
|move|p1a: El Scorcho|Facade|p2a: Crimson King
|-resisted|p2a: Crimson King
|-damage|p2a: Crimson King|15/100
|
|-heal|p2a: Crimson King|21/100|[from] item: Leftovers
|-damage|p1a: El Scorcho|94/100 brn|[from] brn
|-fieldend|move: Trick Room
|upkeep
|turn|6
|
|t:|1781125439
|switch|p2a: cLOUDDEAD|Landorus-Therian, M|49/100
|-ability|p2a: cLOUDDEAD|Intimidate|boost
|-unboost|p1a: El Scorcho|atk|1
|switch|p1a: The Good Life|Ninetales-Alola, F|100/100
|-weather|Snowscape|[from] ability: Snow Warning|[of] p1a: The Good Life
|
|-weather|Snowscape|[upkeep]
|upkeep
|turn|7
|
|t:|1781125450
|switch|p2a: Firestarter|Cinderace, F|100/100
|move|p1a: The Good Life|Freeze-Dry|p2a: Firestarter
|-resisted|p2a: Firestarter
|-damage|p2a: Firestarter|89/100
|-status|p2a: Firestarter|frz
|
|-weather|Snowscape|[upkeep]
|upkeep
|turn|8
|
|t:|1781125455
|switch|p1a: Long Time Sunshine|Cinderace, F|100/100
|-curestatus|p2a: Firestarter|frz|[from] move: Pyro Ball
|move|p2a: Firestarter|Pyro Ball|p1a: Long Time Sunshine
|-resisted|p1a: Long Time Sunshine
|-damage|p1a: Long Time Sunshine|70/100
|
|-weather|Snowscape|[upkeep]
|upkeep
|turn|9
|
|t:|1781125470
|move|p1a: Long Time Sunshine|Pyro Ball|p2a: Firestarter
|-resisted|p2a: Firestarter
|-crit|p2a: Firestarter
|-damage|p2a: Firestarter|44/100
|move|p2a: Firestarter|U-turn|p1a: Long Time Sunshine
|-resisted|p1a: Long Time Sunshine
|-damage|p1a: Long Time Sunshine|58/100
|
|t:|1781125473
|switch|p2a: cLOUDDEAD|Landorus-Therian, M|49/100|[from] U-turn
|-ability|p2a: cLOUDDEAD|Intimidate|boost
|-unboost|p1a: Long Time Sunshine|atk|1
|
|-weather|Snowscape|[upkeep]
|upkeep
|turn|10
|
|t:|1781125481
|move|p1a: Long Time Sunshine|Will-O-Wisp|p2a: cLOUDDEAD
|-status|p2a: cLOUDDEAD|brn
|move|p2a: cLOUDDEAD|Stone Edge|p1a: Long Time Sunshine
|-supereffective|p1a: Long Time Sunshine
|-damage|p1a: Long Time Sunshine|22/100
|
|-weather|none
|-damage|p2a: cLOUDDEAD|43/100 brn|[from] brn
|upkeep
|turn|11
|
|t:|1781125485
|move|p1a: Long Time Sunshine|Pyro Ball|p2a: cLOUDDEAD
|-damage|p2a: cLOUDDEAD|0 fnt
|faint|p2a: cLOUDDEAD
|
|upkeep
|
|t:|1781125489
|switch|p2a: Lodi Dodi|Latias, F|100/100
|turn|12
|
|t:|1781125492
|switch|p1a: The Good Life|Ninetales-Alola, F|100/100
|-weather|Snowscape|[from] ability: Snow Warning|[of] p1a: The Good Life
|move|p2a: Lodi Dodi|Agility|p2a: Lodi Dodi
|-boost|p2a: Lodi Dodi|spe|2
|
|-weather|Snowscape|[upkeep]
|upkeep
|turn|13
|
|t:|1781125498
|move|p2a: Lodi Dodi|Calm Mind|p2a: Lodi Dodi
|-boost|p2a: Lodi Dodi|spa|1
|-boost|p2a: Lodi Dodi|spd|1
|move|p1a: The Good Life|Encore|p2a: Lodi Dodi
|-start|p2a: Lodi Dodi|Encore
|
|-weather|Snowscape|[upkeep]
|upkeep
|turn|14
|
|t:|1781125511
|move|p2a: Lodi Dodi|Calm Mind|p2a: Lodi Dodi
|-boost|p2a: Lodi Dodi|spa|1
|-boost|p2a: Lodi Dodi|spd|1
|move|p1a: The Good Life|Aurora Veil|p1a: The Good Life
|-sidestart|p1: tauros3|move: Aurora Veil
|
|-weather|Snowscape|[upkeep]
|upkeep
|turn|15
|
|t:|1781125518
|switch|p1a: Getchoo|Cloyster, F|100/100
|move|p2a: Lodi Dodi|Calm Mind|p2a: Lodi Dodi
|-boost|p2a: Lodi Dodi|spa|1
|-boost|p2a: Lodi Dodi|spd|1
|
|-weather|Snowscape|[upkeep]
|upkeep
|turn|16
|
|t:|1781125527
|-terastallize|p2a: Lodi Dodi|Fairy
|-terastallize|p1a: Getchoo|Ice
|move|p2a: Lodi Dodi|Calm Mind|p2a: Lodi Dodi
|-boost|p2a: Lodi Dodi|spa|1
|-boost|p2a: Lodi Dodi|spd|1
|move|p1a: Getchoo|Icicle Spear|p2a: Lodi Dodi
|-damage|p2a: Lodi Dodi|86/100
|-damage|p2a: Lodi Dodi|71/100
|-damage|p2a: Lodi Dodi|56/100
|-damage|p2a: Lodi Dodi|41/100
|-damage|p2a: Lodi Dodi|27/100
|-hitcount|p2a: Lodi Dodi|5
|
|-weather|none
|-end|p2a: Lodi Dodi|Encore
|upkeep
|turn|17
|
|t:|1781125533
|move|p1a: Getchoo|Ice Shard|p2a: Lodi Dodi
|-damage|p2a: Lodi Dodi|5/100
|move|p2a: Lodi Dodi|Stored Power|p1a: Getchoo
|-damage|p1a: Getchoo|0 fnt
|faint|p1a: Getchoo
|
|upkeep
|
|t:|1781125541
|switch|p1a: El Scorcho|Ursaluna, M|94/100 brn
|turn|18
|
|t:|1781125544
|move|p2a: Lodi Dodi|Stored Power|p1a: El Scorcho
|-damage|p1a: El Scorcho|0 fnt
|faint|p1a: El Scorcho
|
|upkeep
|
|t:|1781125548
|switch|p1a: The Good Life|Ninetales-Alola, F|100/100
|-weather|Snowscape|[from] ability: Snow Warning|[of] p1a: The Good Life
|turn|19
|
|t:|1781125551
|move|p2a: Lodi Dodi|Stored Power|p1a: The Good Life
|-damage|p1a: The Good Life|0 fnt
|faint|p1a: The Good Life
|
|-weather|Snowscape|[upkeep]
|upkeep
|
|t:|1781125556
|switch|p1a: Butterfly|Moltres-Galar|100/100
|turn|20
|
|t:|1781125559
|move|p2a: Lodi Dodi|Draining Kiss|p1a: Butterfly
|-supereffective|p1a: Butterfly
|-damage|p1a: Butterfly|44/100
|-heal|p2a: Lodi Dodi|43/100|[from] drain|[of] p1a: Butterfly
|-ability|p1a: Butterfly|Berserk|boost
|-boost|p1a: Butterfly|spa|1
|-enditem|p1a: Butterfly|Sitrus Berry|[eat]
|-heal|p1a: Butterfly|69/100|[from] item: Sitrus Berry
|move|p1a: Butterfly|Agility|p1a: Butterfly
|-boost|p1a: Butterfly|spe|2
|
|-weather|Snowscape|[upkeep]
|upkeep
|turn|21
|
|t:|1781125566
|move|p2a: Lodi Dodi|Draining Kiss|p1a: Butterfly
|-supereffective|p1a: Butterfly
|-damage|p1a: Butterfly|13/100
|-heal|p2a: Lodi Dodi|80/100|[from] drain|[of] p1a: Butterfly
|-ability|p1a: Butterfly|Berserk|boost
|-boost|p1a: Butterfly|spa|1
|move|p1a: Butterfly|Agility|p1a: Butterfly
|-boost|p1a: Butterfly|spe|2
|
|-weather|Snowscape|[upkeep]
|-sideend|p1: tauros3|move: Aurora Veil
|upkeep
|turn|22
|
|t:|1781125573
|move|p1a: Butterfly|Air Slash|p2a: Lodi Dodi
|-damage|p2a: Lodi Dodi|61/100
|move|p2a: Lodi Dodi|Draining Kiss|p1a: Butterfly
|-supereffective|p1a: Butterfly
|-damage|p1a: Butterfly|0 fnt
|-heal|p2a: Lodi Dodi|70/100|[from] drain|[of] p1a: Butterfly
|faint|p1a: Butterfly
|
|-weather|Snowscape|[upkeep]
|upkeep
|-message|tauros3 forfeited.
|
|win|tony urbadaliano
|raw|tauros3's rating: 1621 &rarr; <strong>1602</strong><br />(-19 for losing)
|raw|tony urbadaliano's rating: 1635 &rarr; <strong>1654</strong><br />(+19 for winning)
|l|☆tauros3
|player|p1|
