|j|☆levijoseph
|j|☆sorry4usingstall
|t:|1781407530
|gametype|singles
|player|p1|levijoseph|170|1594
|player|p2|sorry4usingstall|colress|1664
|gen|9
|tier|[Gen 9] OU
|rated|
|rule|HP Percentage Mod: HP is shown in percentages
|rule|Endless Battle Clause: Forcing endless battles is banned
|rule|Species Clause: Limit one of each Pokémon
|rule|OHKO Clause: OHKO moves are banned
|rule|Evasion Items Clause: Evasion items are banned
|rule|Evasion Moves Clause: Evasion moves are banned
|rule|Evasion Abilities Clause: Evasion abilities are banned
|rule|Sleep Moves Clause: Sleep-inducing moves are banned
|clearpoke
|poke|p1|Sableye, M|
|poke|p1|Serperior, F|
|poke|p1|Suicune|
|poke|p1|Smeargle, M|
|poke|p1|Clefable, M|
|poke|p1|Quaquaval, F|
|poke|p2|Clodsire, F|
|poke|p2|Dondozo, F|
|poke|p2|Alomomola, F|
|poke|p2|Talonflame, F|
|poke|p2|Toxapex, F|
|poke|p2|Blissey, F|
|teampreview
|inactive|Battle timer is ON: inactive players will automatically lose when time's up. (requested by levijoseph)
|inactive|sorry4usingstall has 120 seconds left.
|inactive|sorry4usingstall has 90 seconds left.
|
|t:|1781407614
|teamsize|p1|6
|teamsize|p2|6
|start
|switch|p1a: Smeargle|Smeargle, M|100/100
|switch|p2a: Keep Trying.|Toxapex, F|100/100
|turn|1
|
|t:|1781407620
|move|p1a: Smeargle|Nuzzle|p2a: Keep Trying.
|-supereffective|p2a: Keep Trying.
|-damage|p2a: Keep Trying.|97/100
|-status|p2a: Keep Trying.|par
|move|p2a: Keep Trying.|Toxic|p1a: Smeargle
|-status|p1a: Smeargle|tox
|
|-damage|p1a: Smeargle|94/100 tox|[from] psn
|upkeep
|turn|2
|
|t:|1781407631
|move|p1a: Smeargle|Stealth Rock|p2a: Keep Trying.
|-sidestart|p2: sorry4usingstall|move: Stealth Rock
|cant|p2a: Keep Trying.|par
|
|-damage|p1a: Smeargle|82/100 tox|[from] psn
|upkeep
|turn|3
|
|t:|1781407645
|switch|p1a: Sableye|Sableye, M|100/100
|move|p2a: Keep Trying.|Infestation|p1a: Sableye
|-damage|p1a: Sableye|98/100
|-activate|p1a: Sableye|move: Infestation|[of] p2a: Keep Trying.
|
|-heal|p1a: Sableye|100/100|[from] item: Leftovers
|-damage|p1a: Sableye|88/100|[from] move: Infestation|[partiallytrapped]
|upkeep
|turn|4
|
|t:|1781407664
|move|p1a: Sableye|Encore|p2a: Keep Trying.
|-start|p2a: Keep Trying.|Encore
|move|p2a: Keep Trying.|Infestation|p1a: Sableye
|-damage|p1a: Sableye|85/100
|
|-heal|p1a: Sableye|91/100|[from] item: Leftovers
|-damage|p1a: Sableye|78/100|[from] move: Infestation|[partiallytrapped]
|upkeep
|turn|5
|
|t:|1781407669
|move|p1a: Sableye|Knock Off|p2a: Keep Trying.
|-damage|p2a: Keep Trying.|80/100 par
|-enditem|p2a: Keep Trying.|Heavy-Duty Boots|[from] move: Knock Off|[of] p1a: Sableye
|move|p2a: Keep Trying.|Infestation|p1a: Sableye
|-damage|p1a: Sableye|75/100
|
|-heal|p1a: Sableye|82/100|[from] item: Leftovers
|-damage|p1a: Sableye|69/100|[from] move: Infestation|[partiallytrapped]
|upkeep
|turn|6
|
|t:|1781407680
|switch|p2a: Worth Trying.|Clodsire, F, shiny|100/100
|move|p1a: Sableye|Night Shade|p2a: Worth Trying.
|-damage|p2a: Worth Trying.|79/100
|
|-heal|p1a: Sableye|75/100|[from] item: Leftovers
|-end|p1a: Sableye|Infestation|[partiallytrapped]|[silent]
|upkeep
|turn|7
|
|t:|1781407684
|move|p1a: Sableye|Knock Off|p2a: Worth Trying.
|-damage|p2a: Worth Trying.|50/100
|-enditem|p2a: Worth Trying.|Heavy-Duty Boots|[from] move: Knock Off|[of] p1a: Sableye
|move|p2a: Worth Trying.|Toxic|p1a: Sableye
|-status|p1a: Sableye|tox
|
|-heal|p1a: Sableye|82/100 tox|[from] item: Leftovers
|-damage|p1a: Sableye|75/100 tox|[from] psn
|upkeep
|turn|8
|
|t:|1781407687
|switch|p2a: Keep Trying.|Toxapex, F|100/100 par
|-damage|p2a: Keep Trying.|88/100 par|[from] Stealth Rock
|move|p1a: Sableye|Will-O-Wisp||[still]
|-fail|p1a: Sableye
|
|-heal|p1a: Sableye|82/100 tox|[from] item: Leftovers
|-damage|p1a: Sableye|69/100 tox|[from] psn
|upkeep
|turn|9
|
|t:|1781407692
|move|p1a: Sableye|Night Shade|p2a: Keep Trying.
|-damage|p2a: Keep Trying.|55/100 par
|move|p2a: Keep Trying.|Infestation|p1a: Sableye
|-damage|p1a: Sableye|66/100 tox
|-activate|p1a: Sableye|move: Infestation|[of] p2a: Keep Trying.
|
|-heal|p1a: Sableye|72/100 tox|[from] item: Leftovers
|-damage|p1a: Sableye|53/100 tox|[from] psn
|-damage|p1a: Sableye|41/100 tox|[from] move: Infestation|[partiallytrapped]
|upkeep
|turn|10
|
|t:|1781407695
|move|p1a: Sableye|Encore|p2a: Keep Trying.
|-start|p2a: Keep Trying.|Encore
|move|p2a: Keep Trying.|Infestation|p1a: Sableye
|-damage|p1a: Sableye|38/100 tox
|
|-heal|p1a: Sableye|44/100 tox|[from] item: Leftovers
|-damage|p1a: Sableye|19/100 tox|[from] psn
|-damage|p1a: Sableye|6/100 tox|[from] move: Infestation|[partiallytrapped]
|upkeep
|turn|11
|
|t:|1781407703
|move|p1a: Sableye|Knock Off|p2a: Keep Trying.
|-damage|p2a: Keep Trying.|43/100 par
|cant|p2a: Keep Trying.|par
|
|-heal|p1a: Sableye|13/100 tox|[from] item: Leftovers
|-damage|p1a: Sableye|0 fnt|[from] psn
|faint|p1a: Sableye
|upkeep
|
|t:|1781407711
|switch|p1a: Serperior|Serperior, F|100/100
|turn|12
|
|t:|1781407716
|switch|p2a: Still Trying?|Blissey, F, shiny|100/100
|move|p1a: Serperior|Substitute|p1a: Serperior
|-start|p1a: Serperior|Substitute
|-damage|p1a: Serperior|76/100
|
|-heal|p1a: Serperior|82/100|[from] item: Leftovers
|upkeep
|turn|13
|
|t:|1781407725
|move|p1a: Serperior|Leaf Storm|p2a: Still Trying?
|-damage|p2a: Still Trying?|89/100
|-boost|p1a: Serperior|spa|2
|move|p2a: Still Trying?|Seismic Toss|p1a: Serperior
|-end|p1a: Serperior|Substitute
|
|-heal|p1a: Serperior|88/100|[from] item: Leftovers
|upkeep
|turn|14
|
|t:|1781407729
|move|p1a: Serperior|Leaf Storm|p2a: Still Trying?
|-damage|p2a: Still Trying?|67/100
|-boost|p1a: Serperior|spa|2
|move|p2a: Still Trying?|Seismic Toss|p1a: Serperior
|-damage|p1a: Serperior|60/100
|
|-heal|p1a: Serperior|66/100|[from] item: Leftovers
|upkeep
|turn|15
|
|t:|1781407732
|move|p1a: Serperior|Substitute|p1a: Serperior
|-start|p1a: Serperior|Substitute
|-damage|p1a: Serperior|41/100
|move|p2a: Still Trying?|Soft-Boiled|p2a: Still Trying?
|-heal|p2a: Still Trying?|100/100
|
|-heal|p1a: Serperior|47/100|[from] item: Leftovers
|upkeep
|turn|16
|
|t:|1781407734
|move|p1a: Serperior|Glare|p2a: Still Trying?
|-status|p2a: Still Trying?|par
|move|p2a: Still Trying?|Calm Mind|p2a: Still Trying?
|-boost|p2a: Still Trying?|spa|1
|-boost|p2a: Still Trying?|spd|1
|
|-heal|p1a: Serperior|54/100|[from] item: Leftovers
|upkeep
|turn|17
|
|t:|1781407737
|move|p1a: Serperior|Leech Seed|p2a: Still Trying?
|-start|p2a: Still Trying?|move: Leech Seed
|move|p2a: Still Trying?|Seismic Toss|p1a: Serperior
|-end|p1a: Serperior|Substitute
|
|-heal|p1a: Serperior|60/100|[from] item: Leftovers
|-damage|p2a: Still Trying?|88/100 par|[from] Leech Seed|[of] p1a: Serperior
|-heal|p1a: Serperior|83/100|[silent]
|upkeep
|turn|18
|
|t:|1781407746
|-curestatus|p2a: Still Trying?|par|[from] ability: Natural Cure|[silent]
|switch|p2a: Nice Try.|Talonflame, F, shiny|100/100
|move|p1a: Serperior|Substitute|p1a: Serperior
|-start|p1a: Serperior|Substitute
|-damage|p1a: Serperior|58/100
|
|-heal|p1a: Serperior|64/100|[from] item: Leftovers
|upkeep
|turn|19
|
|t:|1781407752
|switch|p2a: Still Trying?|Blissey, F, shiny|88/100
|move|p1a: Serperior|Glare|p2a: Still Trying?
|-status|p2a: Still Trying?|par
|
|-heal|p1a: Serperior|70/100|[from] item: Leftovers
|upkeep
|turn|20
|
|t:|1781407765
|move|p1a: Serperior|Leaf Storm|p2a: Still Trying?
|-damage|p2a: Still Trying?|54/100 par
|-boost|p1a: Serperior|spa|2
|move|p2a: Still Trying?|Calm Mind|p2a: Still Trying?
|-boost|p2a: Still Trying?|spa|1
|-boost|p2a: Still Trying?|spd|1
|
|-heal|p1a: Serperior|76/100|[from] item: Leftovers
|upkeep
|turn|21
|
|t:|1781407768
|move|p1a: Serperior|Leaf Storm|p2a: Still Trying?
|-damage|p2a: Still Trying?|24/100 par
|move|p2a: Still Trying?|Soft-Boiled|p2a: Still Trying?
|-heal|p2a: Still Trying?|74/100 par
|
|-heal|p1a: Serperior|83/100|[from] item: Leftovers
|upkeep
|turn|22
|
|t:|1781407775
|move|p1a: Serperior|Leech Seed|p2a: Still Trying?
|-start|p2a: Still Trying?|move: Leech Seed
|cant|p2a: Still Trying?|par
|
|-heal|p1a: Serperior|89/100|[from] item: Leftovers
|-damage|p2a: Still Trying?|62/100 par|[from] Leech Seed|[of] p1a: Serperior
|-heal|p1a: Serperior|100/100|[silent]
|upkeep
|turn|23
|
|t:|1781407782
|-curestatus|p2a: Still Trying?|par|[from] ability: Natural Cure|[silent]
|switch|p2a: Nice Try.|Talonflame, F, shiny|100/100
|move|p1a: Serperior|Leech Seed|p2a: Nice Try.
|-start|p2a: Nice Try.|move: Leech Seed
|
|-damage|p2a: Nice Try.|88/100|[from] Leech Seed|[of] p1a: Serperior
|upkeep
|turn|24
|
|t:|1781407786
|move|p1a: Serperior|Glare|p2a: Nice Try.
|-status|p2a: Nice Try.|par
|move|p2a: Nice Try.|Defog|p1a: Serperior
|-sideend|p2: sorry4usingstall|Stealth Rock|[from] move: Defog|[of] p2a: Nice Try.
|
|-damage|p2a: Nice Try.|75/100 par|[from] Leech Seed|[of] p1a: Serperior
|upkeep
|turn|25
|
|t:|1781407795
|switch|p1a: Smeargle|Smeargle, M|82/100 tox
|switch|p2a: Worth Trying.|Clodsire, F, shiny|50/100
|
|-damage|p1a: Smeargle|76/100 tox|[from] psn
|upkeep
|turn|26
|
|t:|1781407798
|move|p1a: Smeargle|Stealth Rock|p2a: Worth Trying.
|-sidestart|p2: sorry4usingstall|move: Stealth Rock
|move|p2a: Worth Trying.|Recover|p2a: Worth Trying.
|-heal|p2a: Worth Trying.|100/100
|
|-damage|p1a: Smeargle|64/100 tox|[from] psn
|upkeep
|turn|27
|
|t:|1781407804
|switch|p2a: Keep Trying.|Toxapex, F|76/100 par
|-damage|p2a: Keep Trying.|64/100 par|[from] Stealth Rock
|move|p1a: Smeargle|Burning Bulwark||[still]
|-fail|p1a: Smeargle
|
|-damage|p1a: Smeargle|46/100 tox|[from] psn
|upkeep
|turn|28
|
|t:|1781407808
|switch|p1a: Suicune|Suicune|100/100
|-ability|p1a: Suicune|Pressure
|move|p2a: Keep Trying.|Toxic|p1a: Suicune
|-status|p1a: Suicune|tox
|
|-damage|p1a: Suicune|94/100 tox|[from] psn
|upkeep
|turn|29
|
|t:|1781407815
|switch|p1a: Smeargle|Smeargle, M|46/100 tox
|move|p2a: Keep Trying.|Infestation|p1a: Smeargle
|-damage|p1a: Smeargle|40/100 tox
|-activate|p1a: Smeargle|move: Infestation|[of] p2a: Keep Trying.
|
|-damage|p1a: Smeargle|34/100 tox|[from] psn
|-damage|p1a: Smeargle|21/100 tox|[from] move: Infestation|[partiallytrapped]
|upkeep
|turn|30
|inactive|sorry4usingstall has 120 seconds left.
|
|t:|1781407857
|move|p1a: Smeargle|Rapid Spin|p2a: Keep Trying.
|-damage|p2a: Keep Trying.|59/100 par
|-boost|p1a: Smeargle|spe|1
|-end|p1a: Smeargle|Infestation|[partiallytrapped]
|move|p2a: Keep Trying.|Infestation|p1a: Smeargle
|-damage|p1a: Smeargle|15/100 tox
|-activate|p1a: Smeargle|move: Infestation|[of] p2a: Keep Trying.
|
|-damage|p1a: Smeargle|3/100 tox|[from] psn
|-damage|p1a: Smeargle|0 fnt|[from] move: Infestation|[partiallytrapped]
|faint|p1a: Smeargle
|upkeep
|
|t:|1781407884
|switch|p1a: Clefable|Clefable, M|100/100
|turn|31
|inactive|sorry4usingstall has 120 seconds left.
|
|t:|1781407889
|-terastallize|p1a: Clefable|Poison
|move|p1a: Clefable|Cosmic Power|p1a: Clefable
|-boost|p1a: Clefable|def|1
|-boost|p1a: Clefable|spd|1
|move|p2a: Keep Trying.|Toxic|p1a: Clefable
|-immune|p1a: Clefable
|
|upkeep
|turn|32
|
|t:|1781407895
|switch|p2a: Worth Trying.|Clodsire, F, shiny|100/100
|-damage|p2a: Worth Trying.|94/100|[from] Stealth Rock
|move|p1a: Clefable|Cosmic Power|p1a: Clefable
|-boost|p1a: Clefable|def|1
|-boost|p1a: Clefable|spd|1
|
|upkeep
|turn|33
|
|t:|1781407897
|move|p1a: Clefable|Cosmic Power|p1a: Clefable
|-boost|p1a: Clefable|def|1
|-boost|p1a: Clefable|spd|1
|move|p2a: Worth Trying.|Bulldoze|p1a: Clefable
|-supereffective|p1a: Clefable
|-damage|p1a: Clefable|65/100
|-unboost|p1a: Clefable|spe|1
|
|-heal|p1a: Clefable|72/100|[from] item: Leftovers
|upkeep
|turn|34
|
|t:|1781407902
|move|p1a: Clefable|Cosmic Power|p1a: Clefable
|-boost|p1a: Clefable|def|1
|-boost|p1a: Clefable|spd|1
|move|p2a: Worth Trying.|Bulldoze|p1a: Clefable
|-supereffective|p1a: Clefable
|-damage|p1a: Clefable|33/100
|-unboost|p1a: Clefable|spe|1
|
|-heal|p1a: Clefable|39/100|[from] item: Leftovers
|upkeep
|turn|35
|
|t:|1781407906
|move|p1a: Clefable|Moonlight|p1a: Clefable
|-heal|p1a: Clefable|89/100
|move|p2a: Worth Trying.|Bulldoze|p1a: Clefable
|-supereffective|p1a: Clefable
|-damage|p1a: Clefable|54/100
|-unboost|p1a: Clefable|spe|1
|
|-heal|p1a: Clefable|60/100|[from] item: Leftovers
|upkeep
|turn|36
|
|t:|1781407911
|move|p2a: Worth Trying.|Bulldoze|p1a: Clefable
|-supereffective|p1a: Clefable
|-damage|p1a: Clefable|26/100
|-unboost|p1a: Clefable|spe|1
|move|p1a: Clefable|Moonlight|p1a: Clefable
|-heal|p1a: Clefable|76/100
|
|-heal|p1a: Clefable|82/100|[from] item: Leftovers
|upkeep
|turn|37
|
|t:|1781407914
|move|p2a: Worth Trying.|Bulldoze|p1a: Clefable
|-supereffective|p1a: Clefable
|-damage|p1a: Clefable|44/100
|-unboost|p1a: Clefable|spe|1
|move|p1a: Clefable|Cosmic Power|p1a: Clefable
|-boost|p1a: Clefable|def|1
|-boost|p1a: Clefable|spd|1
|
|-heal|p1a: Clefable|50/100|[from] item: Leftovers
|upkeep
|turn|38
|
|t:|1781407916
|move|p2a: Worth Trying.|Bulldoze|p1a: Clefable
|-supereffective|p1a: Clefable
|-damage|p1a: Clefable|11/100
|-unboost|p1a: Clefable|spe|1
|move|p1a: Clefable|Moonlight|p1a: Clefable
|-heal|p1a: Clefable|61/100
|
|-heal|p1a: Clefable|67/100|[from] item: Leftovers
|upkeep
|turn|39
|
|t:|1781407918
|move|p2a: Worth Trying.|Bulldoze|p1a: Clefable
|-supereffective|p1a: Clefable
|-damage|p1a: Clefable|31/100
|move|p1a: Clefable|Moonlight|p1a: Clefable
|-heal|p1a: Clefable|81/100
|
|-heal|p1a: Clefable|87/100|[from] item: Leftovers
|upkeep
|turn|40
|
|t:|1781407923
|move|p2a: Worth Trying.|Bulldoze|p1a: Clefable
|-supereffective|p1a: Clefable
|-damage|p1a: Clefable|49/100
|move|p1a: Clefable|Cosmic Power|p1a: Clefable
|-boost|p1a: Clefable|def|1
|-boost|p1a: Clefable|spd|1
|
|-heal|p1a: Clefable|55/100|[from] item: Leftovers
|upkeep
|turn|41
|
|t:|1781407926
|move|p2a: Worth Trying.|Bulldoze|p1a: Clefable
|-supereffective|p1a: Clefable
|-damage|p1a: Clefable|19/100
|move|p1a: Clefable|Moonlight|p1a: Clefable
|-heal|p1a: Clefable|69/100
|
|-heal|p1a: Clefable|75/100|[from] item: Leftovers
|upkeep
|turn|42
|
|t:|1781407928
|move|p2a: Worth Trying.|Bulldoze|p1a: Clefable
|-supereffective|p1a: Clefable
|-crit|p1a: Clefable
|-damage|p1a: Clefable|24/100
|move|p1a: Clefable|Moonlight|p1a: Clefable
|-heal|p1a: Clefable|74/100
|
|-heal|p1a: Clefable|80/100|[from] item: Leftovers
|upkeep
|turn|43
|
|t:|1781407931
|move|p2a: Worth Trying.|Bulldoze|p1a: Clefable
|-supereffective|p1a: Clefable
|-damage|p1a: Clefable|46/100
|move|p1a: Clefable|Moonlight|p1a: Clefable
|-heal|p1a: Clefable|96/100
|
|-heal|p1a: Clefable|100/100|[from] item: Leftovers
|upkeep
|turn|44
|
|t:|1781407934
|move|p2a: Worth Trying.|Bulldoze|p1a: Clefable
|-supereffective|p1a: Clefable
|-damage|p1a: Clefable|65/100
|move|p1a: Clefable|Stored Power|p2a: Worth Trying.
|-supereffective|p2a: Worth Trying.
|-damage|p2a: Worth Trying.|14/100
|
|-heal|p1a: Clefable|71/100|[from] item: Leftovers
|upkeep
|turn|45
|
|t:|1781407938
|-terastallize|p2a: Worth Trying.|Steel
|move|p2a: Worth Trying.|Recover|p2a: Worth Trying.
|-heal|p2a: Worth Trying.|64/100
|move|p1a: Clefable|Stored Power|p2a: Worth Trying.
|-resisted|p2a: Worth Trying.
|-damage|p2a: Worth Trying.|42/100
|
|-heal|p1a: Clefable|77/100|[from] item: Leftovers
|upkeep
|turn|46
|
|t:|1781407945
|move|p2a: Worth Trying.|Recover|p2a: Worth Trying.
|-heal|p2a: Worth Trying.|92/100
|move|p1a: Clefable|Moonblast|p2a: Worth Trying.
|-resisted|p2a: Worth Trying.
|-damage|p2a: Worth Trying.|80/100
|
|-heal|p1a: Clefable|83/100|[from] item: Leftovers
|upkeep
|turn|47
|
|t:|1781407949
|move|p2a: Worth Trying.|Bulldoze|p1a: Clefable
|-supereffective|p1a: Clefable
|-damage|p1a: Clefable|43/100
|move|p1a: Clefable|Stored Power|p2a: Worth Trying.
|-resisted|p2a: Worth Trying.
|-damage|p2a: Worth Trying.|59/100
|
|-heal|p1a: Clefable|49/100|[from] item: Leftovers
|upkeep
|turn|48
|
|t:|1781407952
|move|p2a: Worth Trying.|Bulldoze|p1a: Clefable
|-supereffective|p1a: Clefable
|-damage|p1a: Clefable|11/100
|move|p1a: Clefable|Stored Power|p2a: Worth Trying.
|-resisted|p2a: Worth Trying.
|-damage|p2a: Worth Trying.|36/100
|
|-heal|p1a: Clefable|17/100|[from] item: Leftovers
|upkeep
|turn|49
|
|t:|1781407956
|move|p2a: Worth Trying.|Recover|p2a: Worth Trying.
|-heal|p2a: Worth Trying.|86/100
|move|p1a: Clefable|Stored Power|p2a: Worth Trying.
|-resisted|p2a: Worth Trying.
|-damage|p2a: Worth Trying.|67/100
|
|-heal|p1a: Clefable|23/100|[from] item: Leftovers
|upkeep
|turn|50
|
|t:|1781407958
|move|p2a: Worth Trying.|Bulldoze|p1a: Clefable
|-supereffective|p1a: Clefable
|-damage|p1a: Clefable|0 fnt
|faint|p1a: Clefable
|
|upkeep
|
|t:|1781407961
|switch|p1a: Serperior|Serperior, F|100/100
|turn|51
|
|t:|1781407964
|move|p1a: Serperior|Glare|p2a: Worth Trying.
|-status|p2a: Worth Trying.|par
|cant|p2a: Worth Trying.|par
|
|upkeep
|turn|52
|
|t:|1781407968
|move|p1a: Serperior|Substitute|p1a: Serperior
|-start|p1a: Serperior|Substitute
|-damage|p1a: Serperior|76/100
|move|p2a: Worth Trying.|Gunk Shot|p1a: Serperior
|-supereffective|p1a: Serperior
|-crit|p1a: Serperior
|-end|p1a: Serperior|Substitute
|
|-heal|p1a: Serperior|82/100|[from] item: Leftovers
|upkeep
|turn|53
|
|t:|1781407971
|move|p1a: Serperior|Substitute|p1a: Serperior
|-start|p1a: Serperior|Substitute
|-damage|p1a: Serperior|57/100
|move|p2a: Worth Trying.|Gunk Shot|p1a: Serperior
|-supereffective|p1a: Serperior
|-end|p1a: Serperior|Substitute
|
|-heal|p1a: Serperior|63/100|[from] item: Leftovers
|upkeep
|turn|54
|
|t:|1781407974
|move|p1a: Serperior|Substitute|p1a: Serperior
|-start|p1a: Serperior|Substitute
|-damage|p1a: Serperior|38/100
|move|p2a: Worth Trying.|Gunk Shot|p1a: Serperior|[miss]
|-miss|p2a: Worth Trying.|p1a: Serperior
|
|-heal|p1a: Serperior|45/100|[from] item: Leftovers
|upkeep
|turn|55
|
|t:|1781407978
|move|p1a: Serperior|Leech Seed|p2a: Worth Trying.
|-start|p2a: Worth Trying.|move: Leech Seed
|move|p2a: Worth Trying.|Gunk Shot|p1a: Serperior
|-supereffective|p1a: Serperior
|-end|p1a: Serperior|Substitute
|
|-heal|p1a: Serperior|51/100|[from] item: Leftovers
|-damage|p2a: Worth Trying.|54/100 par|[from] Leech Seed|[of] p1a: Serperior
|-heal|p1a: Serperior|67/100|[silent]
|upkeep
|turn|56
|
|t:|1781407982
|move|p1a: Serperior|Substitute|p1a: Serperior
|-start|p1a: Serperior|Substitute
|-damage|p1a: Serperior|42/100
|move|p2a: Worth Trying.|Recover|p2a: Worth Trying.
|-heal|p2a: Worth Trying.|100/100 par
|
|-heal|p1a: Serperior|48/100|[from] item: Leftovers
|-damage|p2a: Worth Trying.|88/100 par|[from] Leech Seed|[of] p1a: Serperior
|-heal|p1a: Serperior|64/100|[silent]
|upkeep
|turn|57
|
|t:|1781407986
|switch|p2a: Still Trying?|Blissey, F, shiny|62/100
|move|p1a: Serperior|Leaf Storm|p2a: Still Trying?
|-damage|p2a: Still Trying?|50/100
|-boost|p1a: Serperior|spa|2
|
|-heal|p1a: Serperior|71/100|[from] item: Leftovers
|upkeep
|turn|58
|
|t:|1781407988
|move|p1a: Serperior|Glare|p2a: Still Trying?
|-status|p2a: Still Trying?|par
|move|p2a: Still Trying?|Soft-Boiled|p2a: Still Trying?
|-heal|p2a: Still Trying?|99/100 par
|
|-heal|p1a: Serperior|77/100|[from] item: Leftovers
|upkeep
|turn|59
|
|t:|1781407991
|move|p1a: Serperior|Leech Seed|p2a: Still Trying?
|-start|p2a: Still Trying?|move: Leech Seed
|move|p2a: Still Trying?|Calm Mind|p2a: Still Trying?
|-boost|p2a: Still Trying?|spa|1
|-boost|p2a: Still Trying?|spd|1
|
|-heal|p1a: Serperior|83/100|[from] item: Leftovers
|-damage|p2a: Still Trying?|88/100 par|[from] Leech Seed|[of] p1a: Serperior
|-heal|p1a: Serperior|100/100|[silent]
|upkeep
|turn|60
|
|t:|1781407994
|switch|p1a: Quaquaval|Quaquaval, F|100/100
|move|p2a: Still Trying?|Calm Mind|p2a: Still Trying?
|-boost|p2a: Still Trying?|spa|1
|-boost|p2a: Still Trying?|spd|1
|
|-damage|p2a: Still Trying?|75/100 par|[from] Leech Seed|[of] p1a: Quaquaval
|upkeep
|turn|61
|
|t:|1781407999
|-curestatus|p2a: Still Trying?|par|[from] ability: Natural Cure|[silent]
|switch|p2a: Keep Trying.|Toxapex, F|92/100 par
|-damage|p2a: Keep Trying.|79/100 par|[from] Stealth Rock
|move|p1a: Quaquaval|Encore||[still]
|-fail|p1a: Quaquaval
|
|upkeep
|turn|62
|
|t:|1781408004
|switch|p1a: Suicune|Suicune|94/100 tox
|-ability|p1a: Suicune|Pressure
|move|p2a: Keep Trying.|Toxic|p1a: Suicune
|-fail|p1a: Suicune|tox
|
|-heal|p1a: Suicune|100/100 tox|[from] item: Leftovers
|-damage|p1a: Suicune|94/100 tox|[from] psn
|upkeep
|turn|63
|
|t:|1781408006
|switch|p1a: Serperior|Serperior, F|100/100
|cant|p2a: Keep Trying.|par
|
|upkeep
|turn|64
|
|t:|1781408014
|switch|p2a: Worth Trying.|Clodsire, F, shiny, tera:Steel|88/100 par
|-damage|p2a: Worth Trying.|82/100 par|[from] Stealth Rock
|move|p1a: Serperior|Leech Seed|p2a: Worth Trying.
|-start|p2a: Worth Trying.|move: Leech Seed
|
|-damage|p2a: Worth Trying.|70/100 par|[from] Leech Seed|[of] p1a: Serperior
|upkeep
|turn|65
|
|t:|1781408018
|switch|p1a: Quaquaval|Quaquaval, F|100/100
|move|p2a: Worth Trying.|Gunk Shot|p1a: Quaquaval
|-damage|p1a: Quaquaval|59/100
|-status|p1a: Quaquaval|psn
|
|-heal|p1a: Quaquaval|65/100 psn|[from] item: Leftovers
|-damage|p2a: Worth Trying.|58/100 par|[from] Leech Seed|[of] p1a: Quaquaval
|-heal|p1a: Quaquaval|83/100 psn|[silent]
|-damage|p1a: Quaquaval|71/100 psn|[from] psn
|upkeep
|turn|66
|
|t:|1781408021
|switch|p2a: Try Harder.|Alomomola, F, shiny|100/100
|move|p1a: Quaquaval|Aqua Step|p2a: Try Harder.
|-resisted|p2a: Try Harder.
|-damage|p2a: Try Harder.|88/100
|-boost|p1a: Quaquaval|spe|1
|
|-heal|p1a: Quaquaval|77/100 psn|[from] item: Leftovers
|-damage|p1a: Quaquaval|65/100 psn|[from] psn
|upkeep
|turn|67
|
|t:|1781408025
|move|p1a: Quaquaval|Swords Dance|p1a: Quaquaval
|-boost|p1a: Quaquaval|atk|2
|move|p2a: Try Harder.|Wish|p2a: Try Harder.
|
|-heal|p1a: Quaquaval|71/100 psn|[from] item: Leftovers
|-damage|p1a: Quaquaval|59/100 psn|[from] psn
|upkeep
|turn|68
|
|t:|1781408027
|move|p1a: Quaquaval|Encore|p2a: Try Harder.
|-start|p2a: Try Harder.|Encore
|move|p2a: Try Harder.|Wish||[still]
|-fail|p2a: Try Harder.
|
|-heal|p2a: Try Harder.|100/100|[from] move: Wish|[wisher] Try Harder.
|-heal|p1a: Quaquaval|65/100 psn|[from] item: Leftovers
|-damage|p1a: Quaquaval|53/100 psn|[from] psn
|upkeep
|turn|69
|
|t:|1781408029
|move|p1a: Quaquaval|Swords Dance|p1a: Quaquaval
|-boost|p1a: Quaquaval|atk|2
|move|p2a: Try Harder.|Wish|p2a: Try Harder.
|
|-heal|p1a: Quaquaval|59/100 psn|[from] item: Leftovers
|-damage|p1a: Quaquaval|46/100 psn|[from] psn
|upkeep
|turn|70
|
|t:|1781408031
|switch|p2a: Keep Trying.|Toxapex, F|100/100 par
|-damage|p2a: Keep Trying.|88/100 par|[from] Stealth Rock
|move|p1a: Quaquaval|Swords Dance|p1a: Quaquaval
|-boost|p1a: Quaquaval|atk|2
|
|-heal|p2a: Keep Trying.|100/100 par|[from] move: Wish|[wisher] Try Harder.
|-heal|p1a: Quaquaval|53/100 psn|[from] item: Leftovers
|-damage|p1a: Quaquaval|40/100 psn|[from] psn
|upkeep
|turn|71
|
|t:|1781408039
|move|p2a: Keep Trying.|Baneful Bunker|p2a: Keep Trying.
|-singleturn|p2a: Keep Trying.|move: Protect
|move|p1a: Quaquaval|Close Combat|p2a: Keep Trying.
|-activate|p2a: Keep Trying.|move: Protect
|
|-heal|p1a: Quaquaval|46/100 psn|[from] item: Leftovers
|-damage|p1a: Quaquaval|34/100 psn|[from] psn
|upkeep
|turn|72
|
|t:|1781408041
|switch|p2a: You Tried.|Dondozo, F, shiny|100/100
|move|p1a: Quaquaval|Close Combat|p2a: You Tried.
|-damage|p2a: You Tried.|74/100
|-unboost|p1a: Quaquaval|def|1
|-unboost|p1a: Quaquaval|spd|1
|
|-heal|p1a: Quaquaval|40/100 psn|[from] item: Leftovers
|-damage|p1a: Quaquaval|28/100 psn|[from] psn
|upkeep
|turn|73
|l|☆levijoseph
|inactive|levijoseph disconnected and has a minute to reconnect!
|player|p1|
|inactive|levijoseph has 30 seconds to reconnect!
|inactive|levijoseph has 20 seconds to reconnect!
|inactive|levijoseph has 15 seconds to reconnect!
|j| choispecs ironmoth
|inactive|levijoseph has 10 seconds to reconnect!
|inactive|levijoseph has 5 seconds to reconnect!
|-message|levijoseph lost due to inactivity.
|
|win|sorry4usingstall
|raw|levijoseph's rating: 1594 &rarr; <strong>1578</strong><br />(-16 for losing)
|raw|sorry4usingstall's rating: 1664 &rarr; <strong>1680</strong><br />(+16 for winning)
|j|☆levijoseph
|player|p1|levijoseph|170|
