|j|☆Slashutu
|j|☆Prwellz
|t:|1780956825
|gametype|singles
|player|p1|Slashutu|102|1619
|player|p2|Prwellz|brock|1696
|gen|9
|tier|[Gen 9] OU
|rated|
|rule|HP Percentage Mod: HP is shown in percentages
|rule|Endless Battle Clause: Forcing endless battles is banned
|rule|Species Clause: Limit one of each Pokémon
|rule|OHKO Clause: OHKO moves are banned
|rule|Evasion Items Clause: Evasion items are banned
|rule|Evasion Moves Clause: Evasion moves are banned
|rule|Evasion Abilities Clause: Evasion abilities are banned
|rule|Sleep Moves Clause: Sleep-inducing moves are banned
|clearpoke
|poke|p1|Ting-Lu|
|poke|p1|Gliscor, F|
|poke|p1|Sinistcha-Masterpiece|
|poke|p1|Keldeo|
|poke|p1|Tinkaton, F|
|poke|p1|Dragonite, M|
|poke|p2|Kyurem|
|poke|p2|Iron Treads|
|poke|p2|Tornadus-Therian, M|
|poke|p2|Ceruledge, F|
|poke|p2|Iron Valiant|
|poke|p2|Zamazenta-*|
|teampreview
|inactive|Battle timer is ON: inactive players will automatically lose when time's up. (requested by Prwellz)
|j| Fat_Yogi
|
|t:|1780956838
|teamsize|p1|6
|teamsize|p2|6
|start
|switch|p1a: Tinkki Minaj|Tinkaton, F|100/100
|switch|p2a: Iron Treads|Iron Treads|100/100
|-item|p2a: Iron Treads|Air Balloon
|-ability|p1a: Tinkki Minaj|Mold Breaker
|-item|p1a: Tinkki Minaj|Air Balloon
|turn|1
|
|t:|1780956855
|move|p2a: Iron Treads|Stealth Rock|p1a: Tinkki Minaj
|-sidestart|p1: Slashutu|move: Stealth Rock
|move|p1a: Tinkki Minaj|Encore|p2a: Iron Treads
|-start|p2a: Iron Treads|Encore
|
|upkeep
|turn|2
|
|t:|1780956860
|-end|p2a: Iron Treads|Quark Drive|[silent]
|switch|p2a: Ceruledge|Ceruledge, F|100/100
|move|p1a: Tinkki Minaj|Stealth Rock|p2a: Ceruledge
|-sidestart|p2: Prwellz|move: Stealth Rock
|
|upkeep
|turn|3
|
|t:|1780956863
|move|p1a: Tinkki Minaj|Thunder Wave|p2a: Ceruledge
|-status|p2a: Ceruledge|par
|move|p2a: Ceruledge|Bitter Blade|p1a: Tinkki Minaj
|-supereffective|p1a: Tinkki Minaj
|-damage|p1a: Tinkki Minaj|0 fnt
|-enditem|p1a: Tinkki Minaj|Air Balloon
|faint|p1a: Tinkki Minaj
|
|upkeep
|
|t:|1780956873
|switch|p1a: Jarhead|Ting-Lu|100/100
|-damage|p1a: Jarhead|94/100|[from] Stealth Rock
|-ability|p1a: Jarhead|Vessel of Ruin
|turn|4
|
|t:|1780956881
|move|p2a: Ceruledge|Close Combat|p1a: Jarhead
|-supereffective|p1a: Jarhead
|-damage|p1a: Jarhead|44/100
|-unboost|p2a: Ceruledge|def|1
|-unboost|p2a: Ceruledge|spd|1
|move|p1a: Jarhead|Spikes|p2a: Ceruledge
|-sidestart|p2: Prwellz|Spikes
|
|-heal|p1a: Jarhead|50/100|[from] item: Leftovers
|upkeep
|turn|5
|
|t:|1780956895
|move|p2a: Ceruledge|Close Combat|p1a: Jarhead
|-supereffective|p1a: Jarhead
|-damage|p1a: Jarhead|1/100
|-unboost|p2a: Ceruledge|def|1
|-unboost|p2a: Ceruledge|spd|1
|move|p1a: Jarhead|Earthquake|p2a: Ceruledge
|-supereffective|p2a: Ceruledge
|-enditem|p2a: Ceruledge|Focus Sash
|-damage|p2a: Ceruledge|1/100 par
|-ability|p2a: Ceruledge|Weak Armor|boost
|-unboost|p2a: Ceruledge|def|1
|-boost|p2a: Ceruledge|spe|2
|
|-heal|p1a: Jarhead|8/100|[from] item: Leftovers
|upkeep
|turn|6
|
|t:|1780956906
|move|p2a: Ceruledge|Bitter Blade|p1a: Jarhead
|-damage|p1a: Jarhead|0 fnt
|-heal|p2a: Ceruledge|7/100 par|[from] drain|[of] p1a: Jarhead
|faint|p1a: Jarhead
|
|upkeep
|
|t:|1780956910
|switch|p1a: Dance Armstrong|Gliscor, F|100/100
|-damage|p1a: Dance Armstrong|88/100|[from] Stealth Rock
|turn|7
|
|t:|1780956915
|move|p1a: Dance Armstrong|Knock Off|p2a: Ceruledge
|-supereffective|p2a: Ceruledge
|-damage|p2a: Ceruledge|0 fnt
|faint|p2a: Ceruledge
|
|-status|p1a: Dance Armstrong|tox|[from] item: Toxic Orb
|upkeep
|
|t:|1780956924
|switch|p2a: Iron Treads|Iron Treads|100/100
|-damage|p2a: Iron Treads|97/100|[from] Stealth Rock
|-item|p2a: Iron Treads|Air Balloon
|turn|8
|
|t:|1780956937
|move|p1a: Dance Armstrong|Protect|p1a: Dance Armstrong
|-singleturn|p1a: Dance Armstrong|Protect
|move|p2a: Iron Treads|Ice Spinner|p1a: Dance Armstrong
|-activate|p1a: Dance Armstrong|move: Protect
|
|-heal|p1a: Dance Armstrong|100/100 tox|[from] ability: Poison Heal
|upkeep
|turn|9
|
|t:|1780956942
|switch|p1a: Tchavis Scott|Sinistcha-Masterpiece|100/100
|move|p2a: Iron Treads|Rapid Spin|p1a: Tchavis Scott
|-immune|p1a: Tchavis Scott
|
|upkeep
|turn|10
|
|t:|1780956958
|-end|p2a: Iron Treads|Quark Drive|[silent]
|switch|p2a: Tornadus|Tornadus-Therian, M|100/100
|move|p1a: Tchavis Scott|Shadow Ball|p2a: Tornadus
|-damage|p2a: Tornadus|70/100
|
|upkeep
|turn|11
|
|t:|1780956974
|switch|p1a: Dance Armstrong|Gliscor, F|100/100 tox
|-damage|p1a: Dance Armstrong|88/100 tox|[from] Stealth Rock
|move|p2a: Tornadus|Knock Off|p1a: Dance Armstrong
|-damage|p1a: Dance Armstrong|72/100 tox
|-enditem|p1a: Dance Armstrong|Toxic Orb|[from] move: Knock Off|[of] p2a: Tornadus
|
|-heal|p1a: Dance Armstrong|84/100 tox|[from] ability: Poison Heal
|upkeep
|turn|12
|
|t:|1780956984
|move|p2a: Tornadus|Bleakwind Storm|p1a: Dance Armstrong|[miss]
|-miss|p2a: Tornadus|p1a: Dance Armstrong
|move|p1a: Dance Armstrong|Knock Off|p2a: Tornadus
|-damage|p2a: Tornadus|43/100
|-enditem|p2a: Tornadus|Heavy-Duty Boots|[from] move: Knock Off|[of] p1a: Dance Armstrong
|
|-heal|p1a: Dance Armstrong|97/100 tox|[from] ability: Poison Heal
|upkeep
|turn|13
|
|t:|1780957003
|move|p2a: Tornadus|Bleakwind Storm|p1a: Dance Armstrong
|-damage|p1a: Dance Armstrong|50/100 tox
|-unboost|p1a: Dance Armstrong|spe|1
|move|p1a: Dance Armstrong|Facade|p2a: Tornadus
|-damage|p2a: Tornadus|4/100
|
|-heal|p1a: Dance Armstrong|62/100 tox|[from] ability: Poison Heal
|upkeep
|turn|14
|inactive|Slashutu has 120 seconds left.
|l| Fat_Yogi
|
|t:|1780957045
|move|p1a: Dance Armstrong|Protect|p1a: Dance Armstrong
|-singleturn|p1a: Dance Armstrong|Protect
|move|p2a: Tornadus|Bleakwind Storm|p1a: Dance Armstrong
|-activate|p1a: Dance Armstrong|move: Protect
|
|-heal|p1a: Dance Armstrong|75/100 tox|[from] ability: Poison Heal
|upkeep
|turn|15
|
|t:|1780957050
|move|p2a: Tornadus|Taunt|p1a: Dance Armstrong
|-start|p1a: Dance Armstrong|move: Taunt
|move|p1a: Dance Armstrong|Knock Off|p2a: Tornadus
|-damage|p2a: Tornadus|0 fnt
|faint|p2a: Tornadus
|
|-heal|p1a: Dance Armstrong|87/100 tox|[from] ability: Poison Heal
|upkeep
|
|t:|1780957054
|switch|p2a: Kyurem|Kyurem|100/100
|-damage|p2a: Kyurem|76/100|[from] Stealth Rock
|-damage|p2a: Kyurem|63/100|[from] Spikes
|-ability|p2a: Kyurem|Pressure
|turn|16
|inactive|Slashutu has 120 seconds left.
|
|t:|1780957062
|-terastallize|p1a: Dance Armstrong|Normal
|move|p2a: Kyurem|Scale Shot|p1a: Dance Armstrong
|-damage|p1a: Dance Armstrong|76/100 tox
|-damage|p1a: Dance Armstrong|66/100 tox
|-damage|p1a: Dance Armstrong|56/100 tox
|-damage|p1a: Dance Armstrong|46/100 tox
|-damage|p1a: Dance Armstrong|35/100 tox
|-hitcount|p1a: Dance Armstrong|5
|-unboost|p2a: Kyurem|def|1
|-boost|p2a: Kyurem|spe|1
|move|p1a: Dance Armstrong|Facade|p2a: Kyurem
|-damage|p2a: Kyurem|0 fnt
|faint|p2a: Kyurem
|
|-heal|p1a: Dance Armstrong|48/100 tox|[from] ability: Poison Heal
|upkeep
|
|t:|1780957076
|switch|p2a: Iron Treads|Iron Treads|97/100
|-damage|p2a: Iron Treads|94/100|[from] Stealth Rock
|-item|p2a: Iron Treads|Air Balloon
|turn|17
|
|t:|1780957084
|switch|p1a: Tchavis Scott|Sinistcha-Masterpiece|100/100
|move|p2a: Iron Treads|Rapid Spin|p1a: Tchavis Scott
|-immune|p1a: Tchavis Scott
|
|upkeep
|turn|18
|
|t:|1780957093
|move|p2a: Iron Treads|Ice Spinner|p1a: Tchavis Scott
|-supereffective|p1a: Tchavis Scott
|-damage|p1a: Tchavis Scott|72/100
|move|p1a: Tchavis Scott|Matcha Gotcha|p2a: Iron Treads
|-damage|p2a: Iron Treads|56/100
|-heal|p1a: Tchavis Scott|93/100|[from] drain|[of] p2a: Iron Treads
|-enditem|p2a: Iron Treads|Air Balloon
|
|upkeep
|turn|19
|inactive|Slashutu has 120 seconds left.
|l|☆Prwellz
|inactive|Prwellz disconnected and has a minute to reconnect!
|player|p2|
|
|t:|1780957142
|move|p2a: Iron Treads|Ice Spinner|p1a: Tchavis Scott
|-supereffective|p1a: Tchavis Scott
|-damage|p1a: Tchavis Scott|61/100
|move|p1a: Tchavis Scott|Matcha Gotcha|p2a: Iron Treads
|-damage|p2a: Iron Treads|15/100
|-heal|p1a: Tchavis Scott|82/100|[from] drain|[of] p2a: Iron Treads
|
|upkeep
|turn|20
|j|☆Prwellz
|inactive|Prwellz reconnected and has 145 seconds left.
|player|p2|Prwellz|brock|
|
|t:|1780957153
|move|p2a: Iron Treads|Ice Spinner|p1a: Tchavis Scott
|-supereffective|p1a: Tchavis Scott
|-damage|p1a: Tchavis Scott|53/100
|move|p1a: Tchavis Scott|Strength Sap|p2a: Iron Treads
|-unboost|p2a: Iron Treads|atk|1
|-heal|p1a: Tchavis Scott|100/100
|
|upkeep
|turn|21
|
|t:|1780957156
|move|p2a: Iron Treads|Ice Spinner|p1a: Tchavis Scott
|-supereffective|p1a: Tchavis Scott
|-damage|p1a: Tchavis Scott|78/100
|move|p1a: Tchavis Scott|Calm Mind|p1a: Tchavis Scott
|-boost|p1a: Tchavis Scott|spa|1
|-boost|p1a: Tchavis Scott|spd|1
|
|upkeep
|turn|22
|
|t:|1780957162
|-end|p2a: Iron Treads|Quark Drive|[silent]
|switch|p2a: Iron Valiant|Iron Valiant|100/100
|-damage|p2a: Iron Valiant|94/100|[from] Stealth Rock
|-damage|p2a: Iron Valiant|82/100|[from] Spikes
|-enditem|p2a: Iron Valiant|Booster Energy
|-activate|p2a: Iron Valiant|ability: Quark Drive|[fromitem]
|-start|p2a: Iron Valiant|quarkdrivespe
|move|p1a: Tchavis Scott|Calm Mind|p1a: Tchavis Scott
|-boost|p1a: Tchavis Scott|spa|1
|-boost|p1a: Tchavis Scott|spd|1
|
|upkeep
|turn|23
|
|t:|1780957165
|move|p2a: Iron Valiant|Calm Mind|p2a: Iron Valiant
|-boost|p2a: Iron Valiant|spa|1
|-boost|p2a: Iron Valiant|spd|1
|move|p1a: Tchavis Scott|Strength Sap|p2a: Iron Valiant
|-unboost|p2a: Iron Valiant|atk|1
|-heal|p1a: Tchavis Scott|100/100
|
|upkeep
|turn|24
|
|t:|1780957171
|move|p2a: Iron Valiant|Moonblast|p1a: Tchavis Scott
|-damage|p1a: Tchavis Scott|58/100
|move|p1a: Tchavis Scott|Matcha Gotcha|p2a: Iron Valiant
|-damage|p2a: Iron Valiant|3/100
|-heal|p1a: Tchavis Scott|91/100|[from] drain|[of] p2a: Iron Valiant
|
|upkeep
|turn|25
|
|t:|1780957186
|move|p2a: Iron Valiant|Moonblast|p1a: Tchavis Scott
|-damage|p1a: Tchavis Scott|50/100
|move|p1a: Tchavis Scott|Shadow Ball|p2a: Iron Valiant
|-damage|p2a: Iron Valiant|0 fnt
|faint|p2a: Iron Valiant
|-end|p2a: Iron Valiant|Quark Drive|[silent]
|
|upkeep
|
|t:|1780957188
|switch|p2a: Zamazenta|Zamazenta|100/100
|-damage|p2a: Zamazenta|94/100|[from] Stealth Rock
|-damage|p2a: Zamazenta|82/100|[from] Spikes
|-ability|p2a: Zamazenta|Dauntless Shield|boost
|-boost|p2a: Zamazenta|def|1
|turn|26
|
|t:|1780957195
|move|p2a: Zamazenta|Crunch|p1a: Tchavis Scott
|-supereffective|p1a: Tchavis Scott
|-damage|p1a: Tchavis Scott|18/100
|-unboost|p1a: Tchavis Scott|def|1
|move|p1a: Tchavis Scott|Strength Sap|p2a: Zamazenta
|-unboost|p2a: Zamazenta|atk|1
|-heal|p1a: Tchavis Scott|100/100
|
|upkeep
|turn|27
|-message|Prwellz forfeited.
|
|win|Slashutu
|raw|Slashutu's rating: 1619 &rarr; <strong>1643</strong><br />(+24 for winning)
|raw|Prwellz's rating: 1696 &rarr; <strong>1672</strong><br />(-24 for losing)
|l|☆Prwellz
|player|p2|
|l|☆Slashutu
|player|p1|
|j|☆Prwellz
|player|p2|Prwellz|brock|
|l|☆Prwellz
|player|p2|
