|j|☆kai cyan
|j|☆Wer223
|t:|1780977941
|gametype|singles
|player|p1|kai cyan|102|1520
|player|p2|Wer223|265|1568
|gen|9
|tier|[Gen 9] OU
|rated|
|rule|HP Percentage Mod: HP is shown in percentages
|rule|Endless Battle Clause: Forcing endless battles is banned
|rule|Species Clause: Limit one of each Pokémon
|rule|OHKO Clause: OHKO moves are banned
|rule|Evasion Items Clause: Evasion items are banned
|rule|Evasion Moves Clause: Evasion moves are banned
|rule|Evasion Abilities Clause: Evasion abilities are banned
|rule|Sleep Moves Clause: Sleep-inducing moves are banned
|clearpoke
|poke|p1|Alomomola, F|
|poke|p1|Slowking-Galar, F|
|poke|p1|Cinderace, M|
|poke|p1|Gliscor, M|
|poke|p1|Meowscarada, F|
|poke|p1|Iron Valiant|
|poke|p2|Pawmot, M|
|poke|p2|Cresselia, F|
|poke|p2|Kyurem|
|poke|p2|Iron Treads|
|poke|p2|Pecharunt|
|poke|p2|Darkrai|
|teampreview
|inactive|Battle timer is ON: inactive players will automatically lose when time's up. (requested by kai cyan)
|
|t:|1780977954
|teamsize|p1|6
|teamsize|p2|6
|start
|switch|p1a: Meowscarada|Meowscarada, F|100/100
|switch|p2a: Kyurem|Kyurem|100/100
|-ability|p2a: Kyurem|Pressure
|turn|1
|
|t:|1780977962
|move|p2a: Kyurem|Protect|p2a: Kyurem
|-singleturn|p2a: Kyurem|Protect
|move|p1a: Meowscarada|U-turn|p2a: Kyurem
|-start|p1a: Meowscarada|typechange|Bug|[from] ability: Protean
|-activate|p2a: Kyurem|move: Protect
|
|upkeep
|turn|2
|
|t:|1780977966
|-terastallize|p2a: Kyurem|Steel
|move|p1a: Meowscarada|U-turn|p2a: Kyurem
|-resisted|p2a: Kyurem
|-crit|p2a: Kyurem
|-damage|p2a: Kyurem|69/100
|
|t:|1780977971
|switch|p1a: Cinderace|Cinderace, M|100/100|[from] U-turn
|move|p2a: Kyurem|Substitute|p2a: Kyurem
|-start|p2a: Kyurem|Substitute
|-damage|p2a: Kyurem|44/100
|
|-heal|p2a: Kyurem|50/100|[from] item: Leftovers
|upkeep
|turn|3
|
|t:|1780977977
|move|p2a: Kyurem|Protect|p2a: Kyurem
|-singleturn|p2a: Kyurem|Protect
|move|p1a: Cinderace|Pyro Ball|p2a: Kyurem
|-activate|p2a: Kyurem|move: Protect
|
|-heal|p2a: Kyurem|56/100|[from] item: Leftovers
|upkeep
|turn|4
|
|t:|1780977980
|move|p1a: Cinderace|Pyro Ball|p2a: Kyurem
|-supereffective|p2a: Kyurem
|-end|p2a: Kyurem|Substitute
|move|p2a: Kyurem|Dragon Dance|p2a: Kyurem
|-boost|p2a: Kyurem|atk|1
|-boost|p2a: Kyurem|spe|1
|
|-heal|p2a: Kyurem|62/100|[from] item: Leftovers
|upkeep
|turn|5
|
|t:|1780977985
|move|p2a: Kyurem|Protect|p2a: Kyurem
|-singleturn|p2a: Kyurem|Protect
|move|p1a: Cinderace|Pyro Ball|p2a: Kyurem
|-activate|p2a: Kyurem|move: Protect
|
|-heal|p2a: Kyurem|68/100|[from] item: Leftovers
|upkeep
|turn|6
|
|t:|1780977987
|move|p2a: Kyurem|Substitute|p2a: Kyurem
|-start|p2a: Kyurem|Substitute
|-damage|p2a: Kyurem|43/100
|move|p1a: Cinderace|Pyro Ball|p2a: Kyurem
|-supereffective|p2a: Kyurem
|-end|p2a: Kyurem|Substitute
|
|-heal|p2a: Kyurem|50/100|[from] item: Leftovers
|upkeep
|turn|7
|
|t:|1780977990
|move|p2a: Kyurem|Substitute|p2a: Kyurem
|-start|p2a: Kyurem|Substitute
|-damage|p2a: Kyurem|25/100
|move|p1a: Cinderace|U-turn|p2a: Kyurem
|-start|p1a: Cinderace|typechange|Bug|[from] ability: Libero
|-resisted|p2a: Kyurem
|-activate|p2a: Kyurem|move: Substitute|[damage]
|
|t:|1780977998
|switch|p1a: Slowking|Slowking-Galar, F|100/100|[from] U-turn
|
|-heal|p2a: Kyurem|31/100|[from] item: Leftovers
|upkeep
|turn|8
|
|t:|1780978004
|move|p2a: Kyurem|Protect|p2a: Kyurem
|-singleturn|p2a: Kyurem|Protect
|move|p1a: Slowking|Flamethrower|p2a: Kyurem
|-activate|p2a: Kyurem|move: Protect
|
|-heal|p2a: Kyurem|37/100|[from] item: Leftovers
|upkeep
|turn|9
|
|t:|1780978007
|move|p2a: Kyurem|Dragon Dance|p2a: Kyurem
|-boost|p2a: Kyurem|atk|1
|-boost|p2a: Kyurem|spe|1
|move|p1a: Slowking|Flamethrower|p2a: Kyurem
|-supereffective|p2a: Kyurem
|-end|p2a: Kyurem|Substitute
|
|-heal|p2a: Kyurem|43/100|[from] item: Leftovers
|upkeep
|turn|10
|
|t:|1780978010
|move|p2a: Kyurem|Protect|p2a: Kyurem
|-singleturn|p2a: Kyurem|Protect
|move|p1a: Slowking|Flamethrower|p2a: Kyurem
|-activate|p2a: Kyurem|move: Protect
|
|-heal|p2a: Kyurem|49/100|[from] item: Leftovers
|upkeep
|turn|11
|
|t:|1780978016
|move|p2a: Kyurem|Substitute|p2a: Kyurem
|-start|p2a: Kyurem|Substitute
|-damage|p2a: Kyurem|24/100
|move|p1a: Slowking|Flamethrower|p2a: Kyurem
|-supereffective|p2a: Kyurem
|-end|p2a: Kyurem|Substitute
|
|-heal|p2a: Kyurem|31/100|[from] item: Leftovers
|upkeep
|turn|12
|
|t:|1780978025
|move|p2a: Kyurem|Protect|p2a: Kyurem
|-singleturn|p2a: Kyurem|Protect
|move|p1a: Slowking|Future Sight|p2a: Kyurem
|-start|p1a: Slowking|move: Future Sight
|
|-heal|p2a: Kyurem|37/100|[from] item: Leftovers
|upkeep
|turn|13
|
|t:|1780978037
|switch|p2a: Cresselia|Cresselia, F|100/100
|move|p1a: Slowking|Flamethrower|p2a: Cresselia
|-damage|p2a: Cresselia|90/100
|
|upkeep
|turn|14
|
|t:|1780978043
|move|p2a: Cresselia|Thunder Wave|p1a: Slowking
|-status|p1a: Slowking|par
|-prepare|p1a: Slowking|Chilly Reception|[premajor]
|move|p1a: Slowking|Chilly Reception|p1a: Slowking
|-weather|Snowscape
|
|t:|1780978051
|switch|p1a: Meowscarada|Meowscarada, F|100/100|[from] Chilly Reception
|
|-weather|Snowscape|[upkeep]
|-end|p2a: Cresselia|move: Future Sight
|-resisted|p2a: Cresselia
|-damage|p2a: Cresselia|80/100
|upkeep
|turn|15
|
|t:|1780978067
|move|p1a: Meowscarada|U-turn|p2a: Cresselia
|-start|p1a: Meowscarada|typechange|Bug|[from] ability: Protean
|-supereffective|p2a: Cresselia
|-damage|p2a: Cresselia|9/100
|-enditem|p2a: Cresselia|Sitrus Berry|[eat]
|-heal|p2a: Cresselia|34/100|[from] item: Sitrus Berry
|
|t:|1780978073
|switch|p1a: Slowking|Slowking-Galar, F|100/100 par|[from] U-turn
|move|p2a: Cresselia|Lunar Dance|p2a: Cresselia
|faint|p2a: Cresselia
|
|-weather|Snowscape|[upkeep]
|upkeep
|
|t:|1780978076
|switch|p2a: Kyurem|Kyurem, tera:Steel|37/100
|-heal|p2a: Kyurem|100/100|[from] move: Lunar Dance
|-ability|p2a: Kyurem|Pressure
|turn|16
|
|t:|1780978080
|move|p2a: Kyurem|Substitute|p2a: Kyurem
|-start|p2a: Kyurem|Substitute
|-damage|p2a: Kyurem|76/100
|move|p1a: Slowking|Flamethrower|p2a: Kyurem
|-supereffective|p2a: Kyurem
|-end|p2a: Kyurem|Substitute
|
|-weather|Snowscape|[upkeep]
|-heal|p2a: Kyurem|82/100|[from] item: Leftovers
|upkeep
|turn|17
|
|t:|1780978086
|move|p2a: Kyurem|Protect|p2a: Kyurem
|-singleturn|p2a: Kyurem|Protect
|move|p1a: Slowking|Future Sight|p2a: Kyurem
|-start|p1a: Slowking|move: Future Sight
|
|-weather|Snowscape|[upkeep]
|-heal|p2a: Kyurem|88/100|[from] item: Leftovers
|upkeep
|turn|18
|
|t:|1780978089
|move|p2a: Kyurem|Substitute|p2a: Kyurem
|-start|p2a: Kyurem|Substitute
|-damage|p2a: Kyurem|63/100
|move|p1a: Slowking|Flamethrower|p2a: Kyurem
|-supereffective|p2a: Kyurem
|-end|p2a: Kyurem|Substitute
|
|-weather|none
|-heal|p2a: Kyurem|69/100|[from] item: Leftovers
|upkeep
|turn|19
|
|t:|1780978094
|move|p2a: Kyurem|Protect|p2a: Kyurem
|-singleturn|p2a: Kyurem|Protect
|cant|p1a: Slowking|par
|
|-end|p2a: Kyurem|move: Future Sight
|-resisted|p2a: Kyurem
|-damage|p2a: Kyurem|52/100
|-heal|p2a: Kyurem|58/100|[from] item: Leftovers
|upkeep
|turn|20
|
|t:|1780978102
|move|p2a: Kyurem|Substitute|p2a: Kyurem
|-start|p2a: Kyurem|Substitute
|-damage|p2a: Kyurem|33/100
|cant|p1a: Slowking|par
|
|-heal|p2a: Kyurem|40/100|[from] item: Leftovers
|upkeep
|turn|21
|
|t:|1780978107
|move|p2a: Kyurem|Protect|p2a: Kyurem
|-singleturn|p2a: Kyurem|Protect
|cant|p1a: Slowking|par
|
|-heal|p2a: Kyurem|46/100|[from] item: Leftovers
|upkeep
|turn|22
|
|t:|1780978112
|move|p2a: Kyurem|Dragon Dance|p2a: Kyurem
|-boost|p2a: Kyurem|atk|1
|-boost|p2a: Kyurem|spe|1
|cant|p1a: Slowking|par
|
|-heal|p2a: Kyurem|52/100|[from] item: Leftovers
|upkeep
|turn|23
|
|t:|1780978117
|move|p2a: Kyurem|Protect|p2a: Kyurem
|-singleturn|p2a: Kyurem|Protect
|move|p1a: Slowking|Flamethrower|p2a: Kyurem
|-activate|p2a: Kyurem|move: Protect
|
|-heal|p2a: Kyurem|58/100|[from] item: Leftovers
|upkeep
|turn|24
|
|t:|1780978121
|move|p2a: Kyurem|Dragon Dance|p2a: Kyurem
|-boost|p2a: Kyurem|atk|1
|-boost|p2a: Kyurem|spe|1
|move|p1a: Slowking|Flamethrower|p2a: Kyurem
|-supereffective|p2a: Kyurem
|-end|p2a: Kyurem|Substitute
|
|-heal|p2a: Kyurem|64/100|[from] item: Leftovers
|upkeep
|turn|25
|
|t:|1780978123
|move|p2a: Kyurem|Protect|p2a: Kyurem
|-singleturn|p2a: Kyurem|Protect
|move|p1a: Slowking|Future Sight|p2a: Kyurem
|-start|p1a: Slowking|move: Future Sight
|
|-heal|p2a: Kyurem|70/100|[from] item: Leftovers
|upkeep
|turn|26
|
|t:|1780978126
|move|p2a: Kyurem|Substitute|p2a: Kyurem
|-start|p2a: Kyurem|Substitute
|-damage|p2a: Kyurem|45/100
|cant|p1a: Slowking|par
|
|-heal|p2a: Kyurem|52/100|[from] item: Leftovers
|upkeep
|turn|27
|
|t:|1780978131
|move|p2a: Kyurem|Protect|p2a: Kyurem
|-singleturn|p2a: Kyurem|Protect
|move|p1a: Slowking|Flamethrower|p2a: Kyurem
|-activate|p2a: Kyurem|move: Protect
|
|-end|p2a: Kyurem|move: Future Sight
|-resisted|p2a: Kyurem
|-activate|p2a: Kyurem|move: Substitute|[damage]
|-heal|p2a: Kyurem|58/100|[from] item: Leftovers
|upkeep
|turn|28
|
|t:|1780978134
|move|p2a: Kyurem|Icicle Spear|p1a: Slowking
|-damage|p1a: Slowking|77/100 par
|-damage|p1a: Slowking|51/100 par
|-damage|p1a: Slowking|27/100 par
|-damage|p1a: Slowking|1/100 par
|-damage|p1a: Slowking|0 fnt
|faint|p1a: Slowking
|-hitcount|p1: Slowking|5
|
|-heal|p2a: Kyurem|64/100|[from] item: Leftovers
|upkeep
|
|t:|1780978142
|switch|p1a: Iron Valiant|Iron Valiant|100/100
|turn|29
|
|t:|1780978149
|move|p2a: Kyurem|Icicle Spear|p1a: Iron Valiant
|-damage|p1a: Iron Valiant|71/100
|-damage|p1a: Iron Valiant|41/100
|-damage|p1a: Iron Valiant|11/100
|-damage|p1a: Iron Valiant|0 fnt
|faint|p1a: Iron Valiant
|-end|p1a: Iron Valiant|Quark Drive|[silent]
|-hitcount|p1: Iron Valiant|4
|
|-heal|p2a: Kyurem|70/100|[from] item: Leftovers
|upkeep
|
|t:|1780978152
|switch|p1a: Cinderace|Cinderace, M|100/100
|turn|30
|
|t:|1780978160
|move|p2a: Kyurem|Protect|p2a: Kyurem
|-singleturn|p2a: Kyurem|Protect
|move|p1a: Cinderace|U-turn|p2a: Kyurem
|-start|p1a: Cinderace|typechange|Bug|[from] ability: Libero
|-activate|p2a: Kyurem|move: Protect
|
|-heal|p2a: Kyurem|76/100|[from] item: Leftovers
|upkeep
|turn|31
|
|t:|1780978163
|switch|p1a: Gliscor|Gliscor, M|100/100
|move|p2a: Kyurem|Icicle Spear|p1a: Gliscor
|-supereffective|p1a: Gliscor
|-damage|p1a: Gliscor|25/100
|-supereffective|p1a: Gliscor
|-damage|p1a: Gliscor|0 fnt
|faint|p1a: Gliscor
|-hitcount|p1: Gliscor|2
|
|-heal|p2a: Kyurem|82/100|[from] item: Leftovers
|upkeep
|-message|kai cyan forfeited.
|
|win|Wer223
|raw|kai cyan's rating: 1520 &rarr; <strong>1503</strong><br />(-17 for losing)
|raw|Wer223's rating: 1568 &rarr; <strong>1585</strong><br />(+17 for winning)
|l|☆kai cyan
|player|p1|
|l|☆Wer223
|player|p2|
