|j|☆billythekid95
|j|☆MewEnRage
|t:|1781016458
|gametype|singles
|player|p1|billythekid95|265|1551
|player|p2|MewEnRage|hooligans|1494
|gen|9
|tier|[Gen 9] OU
|rated|
|rule|HP Percentage Mod: HP is shown in percentages
|rule|Endless Battle Clause: Forcing endless battles is banned
|rule|Species Clause: Limit one of each Pokémon
|rule|OHKO Clause: OHKO moves are banned
|rule|Evasion Items Clause: Evasion items are banned
|rule|Evasion Moves Clause: Evasion moves are banned
|rule|Evasion Abilities Clause: Evasion abilities are banned
|rule|Sleep Moves Clause: Sleep-inducing moves are banned
|clearpoke
|poke|p1|Quaquaval, F|
|poke|p1|Ninetales-Alola, M|
|poke|p1|Iron Treads|
|poke|p1|Latias, F|
|poke|p1|Ogerpon, F|
|poke|p1|Gholdengo|
|poke|p2|Slowking-Galar, M|
|poke|p2|Glastrier|
|poke|p2|Tornadus-Therian, M|
|poke|p2|Cinderace, M|
|poke|p2|Sandslash-Alola, M|
|poke|p2|Espeon, F|
|teampreview
|c|☆MewEnRage|gl hf
|
|t:|1781016506
|teamsize|p1|6
|teamsize|p2|6
|start
|switch|p1a: Iron Treads|Iron Treads|100/100
|switch|p2a: Cinderace|Cinderace, M|100/100
|-enditem|p1a: Iron Treads|Booster Energy
|-activate|p1a: Iron Treads|ability: Quark Drive|[fromitem]
|-start|p1a: Iron Treads|quarkdrivespe
|turn|1
|
|t:|1781016521
|switch|p2a: Tornadus|Tornadus-Therian, M|100/100
|move|p1a: Iron Treads|Earthquake|p2a: Tornadus
|-immune|p2a: Tornadus
|
|upkeep
|turn|2
|
|t:|1781016526
|move|p1a: Iron Treads|Ice Spinner|p2a: Tornadus
|-supereffective|p2a: Tornadus
|-damage|p2a: Tornadus|34/100
|move|p2a: Tornadus|Focus Blast|p1a: Iron Treads|[miss]
|-miss|p2a: Tornadus|p1a: Iron Treads
|
|upkeep
|turn|3
|
|t:|1781016532
|switch|p2a: Sandslash|Sandslash-Alola, M|100/100
|move|p1a: Iron Treads|Ice Spinner|p2a: Sandslash
|-resisted|p2a: Sandslash
|-damage|p2a: Sandslash|95/100
|
|upkeep
|turn|4
|
|t:|1781016538
|move|p1a: Iron Treads|Earthquake|p2a: Sandslash
|-supereffective|p2a: Sandslash
|-enditem|p2a: Sandslash|Shuca Berry|[eat]
|-enditem|p2a: Sandslash|Shuca Berry|[weaken]
|-damage|p2a: Sandslash|50/100
|move|p2a: Sandslash|Earthquake|p1a: Iron Treads
|-supereffective|p1a: Iron Treads
|-damage|p1a: Iron Treads|47/100
|
|upkeep
|turn|5
|
|t:|1781016545
|switch|p2a: Tornadus|Tornadus-Therian, M|68/100
|move|p1a: Iron Treads|Earthquake|p2a: Tornadus
|-immune|p2a: Tornadus
|
|upkeep
|turn|6
|
|t:|1781016550
|switch|p2a: Sandslash|Sandslash-Alola, M|50/100
|move|p1a: Iron Treads|Ice Spinner|p2a: Sandslash
|-resisted|p2a: Sandslash
|-damage|p2a: Sandslash|44/100
|
|upkeep
|turn|7
|
|t:|1781016556
|move|p1a: Iron Treads|Ice Spinner|p2a: Sandslash
|-resisted|p2a: Sandslash
|-damage|p2a: Sandslash|38/100
|move|p2a: Sandslash|Earthquake|p1a: Iron Treads
|-supereffective|p1a: Iron Treads
|-damage|p1a: Iron Treads|0 fnt
|faint|p1a: Iron Treads
|-end|p1a: Iron Treads|Quark Drive|[silent]
|
|upkeep
|
|t:|1781016566
|switch|p1a: Ninetales|Ninetales-Alola, M|100/100
|-weather|Snowscape|[from] ability: Snow Warning|[of] p1a: Ninetales
|turn|8
|inactive|Battle timer is ON: inactive players will automatically lose when time's up. (requested by MewEnRage)
|
|t:|1781016570
|move|p2a: Sandslash|Stealth Rock|p1a: Ninetales
|-sidestart|p1: billythekid95|move: Stealth Rock
|move|p1a: Ninetales|Aurora Veil|p1a: Ninetales
|-sidestart|p1: billythekid95|move: Aurora Veil
|
|-weather|Snowscape|[upkeep]
|upkeep
|turn|9
|
|t:|1781016579
|move|p2a: Sandslash|Rapid Spin|p1a: Ninetales
|-damage|p1a: Ninetales|93/100
|-boost|p2a: Sandslash|spe|1
|move|p1a: Ninetales|Encore|p2a: Sandslash
|-start|p2a: Sandslash|Encore
|
|-weather|Snowscape|[upkeep]
|upkeep
|turn|10
|
|t:|1781016586
|switch|p2a: Slowking|Slowking-Galar, M|100/100
|switch|p1a: Ogerpon|Ogerpon, F|100/100
|
|-weather|Snowscape|[upkeep]
|upkeep
|turn|11
|
|t:|1781016592
|move|p1a: Ogerpon|Swords Dance|p1a: Ogerpon
|-boost|p1a: Ogerpon|atk|2
|move|p2a: Slowking|Sludge Bomb|p1a: Ogerpon
|-supereffective|p1a: Ogerpon
|-crit|p1a: Ogerpon
|-damage|p1a: Ogerpon|0 fnt
|faint|p1a: Ogerpon
|
|-weather|Snowscape|[upkeep]
|upkeep
|c|☆billythekid95|aagahahah
|
|t:|1781016605
|switch|p1a: Quaquaval|Quaquaval, F|100/100
|-damage|p1a: Quaquaval|94/100|[from] Stealth Rock
|turn|12
|
|t:|1781016609
|move|p1a: Quaquaval|Swords Dance|p1a: Quaquaval
|-boost|p1a: Quaquaval|atk|2
|move|p2a: Slowking|Eerie Spell|p1a: Quaquaval
|-supereffective|p1a: Quaquaval
|-damage|p1a: Quaquaval|50/100
|-activate|p1a: Quaquaval|move: Eerie Spell|Swords Dance|3
|
|-weather|none
|upkeep
|turn|13
|
|t:|1781016618
|-terastallize|p1a: Quaquaval|Steel
|-terastallize|p2a: Slowking|Water
|move|p1a: Quaquaval|Aqua Step|p2a: Slowking
|-resisted|p2a: Slowking
|-damage|p2a: Slowking|62/100
|-boost|p1a: Quaquaval|spe|1
|move|p2a: Slowking|Trick Room|p2a: Slowking
|-fieldstart|move: Trick Room|[of] p2a: Slowking
|
|upkeep
|turn|14
|
|t:|1781016630
|-prepare|p2a: Slowking|Chilly Reception|[premajor]
|move|p2a: Slowking|Chilly Reception|p2a: Slowking
|-weather|Snowscape
|
|t:|1781016634
|switch|p2a: Sandslash|Sandslash-Alola, M|38/100|[from] Chilly Reception
|move|p1a: Quaquaval|Aqua Step|p2a: Sandslash
|-damage|p2a: Sandslash|0 fnt
|-boost|p1a: Quaquaval|spe|1
|faint|p2a: Sandslash
|-ability|p1a: Quaquaval|Moxie|boost
|-boost|p1a: Quaquaval|atk|1
|
|-weather|Snowscape|[upkeep]
|upkeep
|
|t:|1781016639
|switch|p2a: Glastrier|Glastrier|100/100
|turn|15
|
|t:|1781016645
|move|p2a: Glastrier|Body Press|p1a: Quaquaval
|-supereffective|p1a: Quaquaval
|-damage|p1a: Quaquaval|9/100
|move|p1a: Quaquaval|Close Combat|p2a: Glastrier
|-supereffective|p2a: Glastrier
|-damage|p2a: Glastrier|0 fnt
|-unboost|p1a: Quaquaval|def|1
|-unboost|p1a: Quaquaval|spd|1
|faint|p2a: Glastrier
|-ability|p1a: Quaquaval|Moxie|boost
|-boost|p1a: Quaquaval|atk|1
|
|-weather|Snowscape|[upkeep]
|-sideend|p1: billythekid95|move: Aurora Veil
|upkeep
|
|t:|1781016651
|switch|p2a: Espeon|Espeon, F|100/100
|turn|16
|
|t:|1781016658
|move|p2a: Espeon|Psychic|p1a: Quaquaval
|-resisted|p1a: Quaquaval
|-damage|p1a: Quaquaval|0 fnt
|faint|p1a: Quaquaval
|
|-weather|Snowscape|[upkeep]
|upkeep
|
|t:|1781016666
|switch|p1a: Latias|Latias, F|100/100
|-damage|p1a: Latias|88/100|[from] Stealth Rock
|turn|17
|
|t:|1781016672
|move|p1a: Latias|Agility|p1a: Latias
|-boost|p1a: Latias|spe|2
|move|p2a: Espeon|Thunder Wave|p1a: Latias
|-status|p1a: Latias|par
|
|-weather|Snowscape|[upkeep]
|-heal|p1a: Latias|94/100 par|[from] item: Leftovers
|-fieldend|move: Trick Room
|upkeep
|turn|18
|
|t:|1781016680
|move|p2a: Espeon|Fake Tears|p1a: Latias
|-unboost|p1a: Latias|spd|2
|move|p1a: Latias|Calm Mind|p1a: Latias
|-boost|p1a: Latias|spa|1
|-boost|p1a: Latias|spd|1
|
|-weather|Snowscape|[upkeep]
|-heal|p1a: Latias|99/100 par|[from] item: Leftovers
|upkeep
|turn|19
|
|t:|1781016687
|move|p2a: Espeon|Alluring Voice|p1a: Latias
|-supereffective|p1a: Latias
|-damage|p1a: Latias|41/100 par
|cant|p1a: Latias|par
|
|-weather|Snowscape|[upkeep]
|-heal|p1a: Latias|47/100 par|[from] item: Leftovers
|upkeep
|turn|20
|
|t:|1781016693
|move|p2a: Espeon|Alluring Voice|p1a: Latias
|-supereffective|p1a: Latias
|-damage|p1a: Latias|0 fnt
|faint|p1a: Latias
|
|-weather|Snowscape|[upkeep]
|upkeep
|
|t:|1781016699
|switch|p1a: Ninetales|Ninetales-Alola, M|93/100
|-damage|p1a: Ninetales|68/100|[from] Stealth Rock
|turn|21
|
|t:|1781016704
|move|p2a: Espeon|Thunder Wave|p1a: Ninetales
|-status|p1a: Ninetales|par
|move|p1a: Ninetales|Aurora Veil|p1a: Ninetales
|-sidestart|p1: billythekid95|move: Aurora Veil
|
|-weather|none
|upkeep
|turn|22
|
|t:|1781016712
|switch|p1a: Gholdengo|Gholdengo|100/100
|-damage|p1a: Gholdengo|94/100|[from] Stealth Rock
|move|p2a: Espeon|Psychic|p1a: Gholdengo
|-resisted|p1a: Gholdengo
|-damage|p1a: Gholdengo|82/100
|
|upkeep
|turn|23
|
|t:|1781016719
|move|p1a: Gholdengo|Shadow Ball|p2a: Espeon
|-supereffective|p2a: Espeon
|-enditem|p2a: Espeon|Focus Sash
|-damage|p2a: Espeon|1/100
|move|p2a: Espeon|Psychic|p1a: Gholdengo
|-resisted|p1a: Gholdengo
|-damage|p1a: Gholdengo|68/100
|
|upkeep
|turn|24
|
|t:|1781016726
|move|p1a: Gholdengo|Shadow Ball|p2a: Espeon
|-supereffective|p2a: Espeon
|-damage|p2a: Espeon|0 fnt
|faint|p2a: Espeon
|
|upkeep
|
|t:|1781016731
|switch|p2a: Tornadus|Tornadus-Therian, M|100/100
|turn|25
|
|t:|1781016735
|move|p1a: Gholdengo|Shadow Ball|p2a: Tornadus
|-damage|p2a: Tornadus|50/100
|move|p2a: Tornadus|Heat Wave|p1a: Gholdengo
|-supereffective|p1a: Gholdengo
|-damage|p1a: Gholdengo|20/100
|-damage|p2a: Tornadus|40/100|[from] item: Life Orb
|
|upkeep
|turn|26
|
|t:|1781016749
|move|p1a: Gholdengo|Shadow Ball|p2a: Tornadus
|-damage|p2a: Tornadus|0 fnt
|faint|p2a: Tornadus
|
|upkeep
|
|t:|1781016751
|switch|p2a: Cinderace|Cinderace, M|100/100
|turn|27
|
|t:|1781016755
|move|p2a: Cinderace|Sucker Punch|p1a: Gholdengo
|-start|p2a: Cinderace|typechange|Dark|[from] ability: Libero
|-supereffective|p1a: Gholdengo
|-damage|p1a: Gholdengo|0 fnt
|faint|p1a: Gholdengo
|
|upkeep
|-message|billythekid95 forfeited.
|
|win|MewEnRage
|raw|billythekid95's rating: 1551 &rarr; <strong>1528</strong><br />(-23 for losing)
|raw|MewEnRage's rating: 1494 &rarr; <strong>1517</strong><br />(+23 for winning)
|l|☆billythekid95
|player|p1|
|l|☆MewEnRage
|player|p2|
