|badge|p2|bronze|gen9ou|100-9
|uhtml|medal-msg|<div class="broadcast-blue">Curious what those medals under the avatar are? PS now has Ladder Seasons! For more information, check out the <a href="https://www.smogon.com/forums/threads/3740067/">thread on Smogon.</a></div>
|j|‽LT_Alt1
|j|☆icylikedecember
|t:|1781497989
|gametype|singles
|player|p1|LT_Alt1|2|1775
|player|p2|icylikedecember|smasher|1851
|gen|9
|tier|[Gen 9] OU
|rated|
|rule|HP Percentage Mod: HP is shown in percentages
|rule|Endless Battle Clause: Forcing endless battles is banned
|rule|Species Clause: Limit one of each Pokémon
|rule|OHKO Clause: OHKO moves are banned
|rule|Evasion Items Clause: Evasion items are banned
|rule|Evasion Moves Clause: Evasion moves are banned
|rule|Evasion Abilities Clause: Evasion abilities are banned
|rule|Sleep Moves Clause: Sleep-inducing moves are banned
|clearpoke
|poke|p1|Kyurem|
|poke|p1|Raging Bolt|
|poke|p1|Hatterene, F|
|poke|p1|Slowking-Galar, F|
|poke|p1|Ting-Lu|
|poke|p1|Corviknight, F|
|poke|p2|Corviknight, F|
|poke|p2|Slowking-Galar, F|
|poke|p2|Darkrai|
|poke|p2|Kyurem|
|poke|p2|Zamazenta-*|
|poke|p2|Crawdaunt, F|
|teampreview
|inactive|Battle timer is ON: inactive players will automatically lose when time's up. (requested by icylikedecember)
|
|t:|1781498006
|teamsize|p1|6
|teamsize|p2|6
|start
|switch|p1a: Slowking|Slowking-Galar, F|100/100
|switch|p2a: Slowking|Slowking-Galar, F, shiny|100/100
|turn|1
|
|t:|1781498013
|move|p2a: Slowking|Psyshock|p1a: Slowking
|-crit|p1a: Slowking
|-damage|p1a: Slowking|54/100
|-prepare|p1a: Slowking|Chilly Reception|[premajor]
|move|p1a: Slowking|Chilly Reception|p1a: Slowking
|-weather|Snowscape
|
|t:|1781498026
|switch|p1a: Ting-Lu|Ting-Lu|100/100|[from] Chilly Reception
|-ability|p1a: Ting-Lu|Vessel of Ruin
|
|-weather|Snowscape|[upkeep]
|upkeep
|turn|2
|
|t:|1781498029
|switch|p2a: Kyurem|Kyurem|100/100
|-ability|p2a: Kyurem|Pressure
|move|p1a: Ting-Lu|Spikes|p2a: Kyurem
|-sidestart|p2: icylikedecember|Spikes
|
|-weather|Snowscape|[upkeep]
|upkeep
|turn|3
|
|t:|1781498042
|move|p2a: Kyurem|Ice Beam|p1a: Ting-Lu
|-supereffective|p1a: Ting-Lu
|-damage|p1a: Ting-Lu|31/100
|move|p1a: Ting-Lu|Ruination|p2a: Kyurem
|-damage|p2a: Kyurem|51/100
|
|-weather|Snowscape|[upkeep]
|-heal|p1a: Ting-Lu|37/100|[from] item: Leftovers
|upkeep
|turn|4
|
|t:|1781498048
|move|p2a: Kyurem|Ice Beam|p1a: Ting-Lu
|-supereffective|p1a: Ting-Lu
|-damage|p1a: Ting-Lu|0 fnt
|faint|p1a: Ting-Lu
|
|-weather|Snowscape|[upkeep]
|upkeep
|
|t:|1781498052
|switch|p1a: Kyurem|Kyurem|100/100
|-ability|p1a: Kyurem|Pressure
|turn|5
|
|t:|1781498064
|switch|p2a: Slowking|Slowking-Galar, F, shiny|100/100
|-damage|p2a: Slowking|88/100|[from] Spikes
|move|p1a: Kyurem|Blizzard|p2a: Slowking
|-damage|p2a: Slowking|47/100
|
|-weather|none
|upkeep
|turn|6
|
|t:|1781498072
|switch|p2a: Crawdaunt|Crawdaunt, F|100/100
|-damage|p2a: Crawdaunt|88/100|[from] Spikes
|-terastallize|p1a: Kyurem|Ice
|move|p1a: Kyurem|Blizzard|p2a: Crawdaunt|[miss]
|-miss|p1a: Kyurem|p2a: Crawdaunt
|
|upkeep
|turn|7
|
|t:|1781498076
|move|p1a: Kyurem|Blizzard|p2a: Crawdaunt
|-resisted|p2a: Crawdaunt
|-damage|p2a: Crawdaunt|0 fnt
|faint|p2a: Crawdaunt
|
|upkeep
|
|t:|1781498085
|switch|p2a: Zamazenta|Zamazenta|100/100
|-damage|p2a: Zamazenta|88/100|[from] Spikes
|-ability|p2a: Zamazenta|Dauntless Shield|boost
|-boost|p2a: Zamazenta|def|1
|turn|8
|
|t:|1781498090
|switch|p2a: Corviknight|Corviknight, F, shiny|100/100
|-ability|p2a: Corviknight|Pressure
|switch|p1a: Corviknight|Corviknight, F|100/100
|-ability|p1a: Corviknight|Pressure
|
|upkeep
|turn|9
|
|t:|1781498097
|switch|p1a: Raging Bolt|Raging Bolt|100/100
|move|p2a: Corviknight|Defog|p1a: Raging Bolt
|-unboost|p1a: Raging Bolt|evasion|1
|-sideend|p2: icylikedecember|Spikes|[from] move: Defog|[of] p2a: Corviknight
|
|upkeep
|turn|10
|
|t:|1781498102
|switch|p2a: Slowking|Slowking-Galar, F, shiny|80/100
|move|p1a: Raging Bolt|Volt Switch|p2a: Slowking
|-damage|p2a: Slowking|62/100
|
|t:|1781498110
|-end|p1a: Raging Bolt|Protosynthesis|[silent]
|switch|p1a: Slowking|Slowking-Galar, F|87/100|[from] Volt Switch
|
|upkeep
|turn|11
|
|t:|1781498113
|move|p2a: Slowking|Psyshock|p1a: Slowking
|-damage|p1a: Slowking|55/100
|-prepare|p1a: Slowking|Chilly Reception|[premajor]
|move|p1a: Slowking|Chilly Reception|p1a: Slowking
|-weather|Snowscape
|
|t:|1781498116
|switch|p1a: Kyurem|Kyurem, tera:Ice|100/100|[from] Chilly Reception
|-ability|p1a: Kyurem|Pressure
|
|-weather|Snowscape|[upkeep]
|upkeep
|turn|12
|
|t:|1781498127
|move|p1a: Kyurem|Blizzard|p2a: Slowking
|-damage|p2a: Slowking|6/100
|move|p2a: Slowking|Flamethrower|p1a: Kyurem
|-supereffective|p1a: Kyurem
|-damage|p1a: Kyurem|49/100
|
|-weather|Snowscape|[upkeep]
|upkeep
|turn|13
|
|t:|1781498139
|switch|p2a: Corviknight|Corviknight, F, shiny|100/100
|-ability|p2a: Corviknight|Pressure
|move|p1a: Kyurem|Blizzard|p2a: Corviknight
|-damage|p2a: Corviknight|0 fnt
|faint|p2a: Corviknight
|
|-weather|Snowscape|[upkeep]
|upkeep
|
|t:|1781498144
|switch|p2a: Zamazenta|Zamazenta|88/100
|turn|14
|
|t:|1781498152
|switch|p2a: Slowking|Slowking-Galar, F, shiny|40/100
|switch|p1a: Hatterene|Hatterene, F|100/100
|
|-weather|Snowscape|[upkeep]
|upkeep
|turn|15
|
|t:|1781498158
|move|p2a: Slowking|Sludge Bomb|p1a: Hatterene
|-supereffective|p1a: Hatterene
|-damage|p1a: Hatterene|20/100
|move|p1a: Hatterene|Psyshock|p2a: Slowking
|-damage|p2a: Slowking|0 fnt
|faint|p2a: Slowking
|
|-weather|none
|-heal|p1a: Hatterene|26/100|[from] item: Leftovers
|upkeep
|
|t:|1781498167
|switch|p2a: Darkrai|Darkrai|100/100
|turn|16
|
|t:|1781498170
|move|p2a: Darkrai|Dark Pulse|p1a: Hatterene
|-damage|p1a: Hatterene|0 fnt
|faint|p1a: Hatterene
|
|upkeep
|
|t:|1781498173
|switch|p1a: Raging Bolt|Raging Bolt|100/100
|turn|17
|
|t:|1781498180
|move|p2a: Darkrai|Ice Beam|p1a: Raging Bolt
|-supereffective|p1a: Raging Bolt
|-damage|p1a: Raging Bolt|57/100
|move|p1a: Raging Bolt|Draco Meteor|p2a: Darkrai
|-damage|p2a: Darkrai|0 fnt
|-unboost|p1a: Raging Bolt|spa|2
|faint|p2a: Darkrai
|
|upkeep
|
|t:|1781498186
|switch|p2a: Kyurem|Kyurem|51/100
|-ability|p2a: Kyurem|Pressure
|turn|18
|j| dilf huntr
|
|t:|1781498195
|move|p2a: Kyurem|Ice Beam|p1a: Raging Bolt
|-supereffective|p1a: Raging Bolt
|-damage|p1a: Raging Bolt|0 fnt
|faint|p1a: Raging Bolt
|-end|p1a: Raging Bolt|Protosynthesis|[silent]
|
|upkeep
|
|t:|1781498198
|switch|p1a: Kyurem|Kyurem, tera:Ice|49/100
|-ability|p1a: Kyurem|Pressure
|turn|19
|
|t:|1781498204
|switch|p2a: Zamazenta|Zamazenta|88/100
|move|p1a: Kyurem|Draco Meteor|p2a: Zamazenta
|-damage|p2a: Zamazenta|6/100
|-unboost|p1a: Kyurem|spa|2
|
|-heal|p2a: Zamazenta|12/100|[from] item: Leftovers
|upkeep
|turn|20
|
|t:|1781498210
|switch|p2a: Kyurem|Kyurem|51/100
|-ability|p2a: Kyurem|Pressure
|switch|p1a: Corviknight|Corviknight, F|100/100
|-ability|p1a: Corviknight|Pressure
|
|upkeep
|turn|21
|
|t:|1781498219
|switch|p1a: Slowking|Slowking-Galar, F|88/100
|-terastallize|p2a: Kyurem|Ground
|move|p2a: Kyurem|Ice Beam|p1a: Slowking
|-damage|p1a: Slowking|44/100
|
|upkeep
|turn|22
|
|t:|1781498223
|move|p2a: Kyurem|Ice Beam|p1a: Slowking
|-damage|p1a: Slowking|1/100
|-prepare|p1a: Slowking|Chilly Reception|[premajor]
|move|p1a: Slowking|Chilly Reception|p1a: Slowking
|-weather|Snowscape
|
|t:|1781498226
|switch|p1a: Kyurem|Kyurem, tera:Ice|49/100|[from] Chilly Reception
|-ability|p1a: Kyurem|Pressure
|
|-weather|Snowscape|[upkeep]
|upkeep
|turn|23
|
|t:|1781498236
|move|p1a: Kyurem|Blizzard|p2a: Kyurem
|-supereffective|p2a: Kyurem
|-damage|p2a: Kyurem|0 fnt
|faint|p2a: Kyurem
|
|-weather|Snowscape|[upkeep]
|upkeep
|
|t:|1781498239
|switch|p2a: Zamazenta|Zamazenta|12/100
|turn|24
|
|t:|1781498243
|move|p2a: Zamazenta|Iron Defense|p2a: Zamazenta
|-boost|p2a: Zamazenta|def|2
|-activate|p1a: Kyurem|move: Struggle
|move|p1a: Kyurem|Struggle|p2a: Zamazenta
|-damage|p2a: Zamazenta|8/100
|-damage|p1a: Kyurem|24/100|[from] recoil
|
|-weather|Snowscape|[upkeep]
|-heal|p2a: Zamazenta|14/100|[from] item: Leftovers
|upkeep
|turn|25
|
|t:|1781498251
|switch|p1a: Corviknight|Corviknight, F|100/100
|-ability|p1a: Corviknight|Pressure
|move|p2a: Zamazenta|Iron Defense|p2a: Zamazenta
|-boost|p2a: Zamazenta|def|2
|
|-weather|Snowscape|[upkeep]
|-heal|p2a: Zamazenta|20/100|[from] item: Leftovers
|upkeep
|turn|26
|
|t:|1781498257
|move|p2a: Zamazenta|Iron Defense|p2a: Zamazenta
|-boost|p2a: Zamazenta|def|2
|move|p1a: Corviknight|Iron Defense|p1a: Corviknight
|-boost|p1a: Corviknight|def|2
|
|-weather|none
|-heal|p2a: Zamazenta|26/100|[from] item: Leftovers
|upkeep
|turn|27
|
|t:|1781498260
|move|p1a: Corviknight|Body Press|p2a: Zamazenta
|-damage|p2a: Zamazenta|18/100
|move|p2a: Zamazenta|Roar|p1a: Corviknight
|drag|p1a: Slowking|Slowking-Galar, F|34/100
|
|-heal|p2a: Zamazenta|24/100|[from] item: Leftovers
|upkeep
|turn|28
|
|t:|1781498266
|switch|p1a: Corviknight|Corviknight, F|100/100
|-ability|p1a: Corviknight|Pressure
|move|p2a: Zamazenta|Body Press|p1a: Corviknight
|-damage|p1a: Corviknight|9/100
|-damage|p2a: Zamazenta|7/100|[from] item: Rocky Helmet|[of] p1a: Corviknight
|
|-heal|p2a: Zamazenta|14/100|[from] item: Leftovers
|upkeep
|turn|29
|
|t:|1781498276
|move|p1a: Corviknight|Roost|p1a: Corviknight
|-heal|p1a: Corviknight|59/100
|-singleturn|p1a: Corviknight|move: Roost
|move|p2a: Zamazenta|Roar|p1a: Corviknight
|drag|p1a: Slowking|Slowking-Galar, F|67/100
|
|-heal|p2a: Zamazenta|20/100|[from] item: Leftovers
|upkeep
|turn|30
|
|t:|1781498280
|move|p2a: Zamazenta|Body Press|p1a: Slowking
|-resisted|p1a: Slowking
|-damage|p1a: Slowking|36/100
|move|p1a: Slowking|Future Sight|p2a: Zamazenta
|-start|p1a: Slowking|move: Future Sight
|
|-heal|p2a: Zamazenta|26/100|[from] item: Leftovers
|upkeep
|turn|31
|
|t:|1781498285
|switch|p1a: Corviknight|Corviknight, F|59/100
|-ability|p1a: Corviknight|Pressure
|move|p2a: Zamazenta|Body Press|p1a: Corviknight
|-damage|p1a: Corviknight|0 fnt
|-damage|p2a: Zamazenta|10/100|[from] item: Rocky Helmet|[of] p1a: Corviknight
|faint|p1a: Corviknight
|
|-heal|p2a: Zamazenta|16/100|[from] item: Leftovers
|upkeep
|
|t:|1781498287
|switch|p1a: Slowking|Slowking-Galar, F|69/100
|turn|32
|
|t:|1781498290
|move|p2a: Zamazenta|Crunch|p1a: Slowking
|-supereffective|p1a: Slowking
|-damage|p1a: Slowking|29/100
|-unboost|p1a: Slowking|def|1
|move|p1a: Slowking|Sludge Bomb|p2a: Zamazenta
|-damage|p2a: Zamazenta|0 fnt
|faint|p2a: Zamazenta
|
|win|LT_Alt1
|raw|LT_Alt1's rating: 1775 &rarr; <strong>1799</strong><br />(+24 for winning)
|raw|icylikedecember's rating: 1851 &rarr; <strong>1827</strong><br />(-24 for losing)
|l|☆icylikedecember
|player|p2|
|l| dilf huntr
