|j|☆texett
|j|☆bigballs01
|t:|1781489403
|gametype|singles
|player|p1|texett|jasmine|1639
|player|p2|bigballs01|swimmer-gen4dp|1584
|gen|9
|tier|[Gen 9] OU
|rated|
|rule|HP Percentage Mod: HP is shown in percentages
|rule|Endless Battle Clause: Forcing endless battles is banned
|rule|Species Clause: Limit one of each Pokémon
|rule|OHKO Clause: OHKO moves are banned
|rule|Evasion Items Clause: Evasion items are banned
|rule|Evasion Moves Clause: Evasion moves are banned
|rule|Evasion Abilities Clause: Evasion abilities are banned
|rule|Sleep Moves Clause: Sleep-inducing moves are banned
|clearpoke
|poke|p1|Hoopa-Unbound|
|poke|p1|Landorus-Therian, M|
|poke|p1|Salamence, M|
|poke|p1|Metagross|
|poke|p1|Weavile, M|
|poke|p1|Cinderace, M|
|poke|p2|Hatterene, F|
|poke|p2|Great Tusk|
|poke|p2|Tornadus-Therian, M|
|poke|p2|Kyurem|
|poke|p2|Slowking-Galar, M|
|poke|p2|Kingambit, F|
|teampreview
|inactive|Battle timer is ON: inactive players will automatically lose when time's up. (requested by bigballs01)
|inactive|texett also wants the timer to be on.
|
|t:|1781489420
|teamsize|p1|6
|teamsize|p2|6
|start
|switch|p1a: Weavile|Weavile, M, shiny|100/100
|switch|p2a: Tornadus|Tornadus-Therian, M|100/100
|-ability|p1a: Weavile|Pressure
|turn|1
|
|t:|1781489427
|switch|p2a: Hatterene|Hatterene, F|100/100
|-terastallize|p1a: Weavile|Dark
|move|p1a: Weavile|Beat Up|p2a: Hatterene
|-damage|p2a: Hatterene|85/100
|-damage|p2a: Hatterene|70/100
|-damage|p2a: Hatterene|55/100
|-damage|p2a: Hatterene|39/100
|-damage|p2a: Hatterene|20/100
|-damage|p2a: Hatterene|6/100
|-hitcount|p2a: Hatterene|6
|
|upkeep
|turn|2
|
|t:|1781489442
|move|p1a: Weavile|Beat Up|p2a: Hatterene
|-damage|p2a: Hatterene|0 fnt
|faint|p2a: Hatterene
|-hitcount|p2: Hatterene|1
|
|upkeep
|
|t:|1781489455
|switch|p2a: Great Tusk|Great Tusk|100/100
|turn|3
|
|t:|1781489460
|switch|p1a: Salamence|Salamence, M|100/100
|-terastallize|p2a: Great Tusk|Steel
|move|p2a: Great Tusk|Headlong Rush|p1a: Salamence
|-immune|p1a: Salamence
|
|upkeep
|turn|4
|
|t:|1781489467
|move|p1a: Salamence|Fire Blast|p2a: Great Tusk
|-supereffective|p2a: Great Tusk
|-damage|p2a: Great Tusk|23/100
|move|p2a: Great Tusk|Ice Spinner|p1a: Salamence
|-supereffective|p1a: Salamence
|-damage|p1a: Salamence|0 fnt
|faint|p1a: Salamence
|
|upkeep
|
|t:|1781489476
|switch|p1a: Weavile|Weavile, M, shiny, tera:Dark|100/100
|-ability|p1a: Weavile|Pressure
|turn|5
|
|t:|1781489482
|move|p1a: Weavile|Beat Up|p2a: Great Tusk
|-damage|p2a: Great Tusk|10/100
|-damage|p2a: Great Tusk|0 fnt
|faint|p2a: Great Tusk
|-end|p2a: Great Tusk|Protosynthesis|[silent]
|-hitcount|p2: Great Tusk|2
|
|upkeep
|
|t:|1781489485
|switch|p2a: Kingambit|Kingambit, F|100/100
|-activate|p2a: Kingambit|ability: Supreme Overlord
|-start|p2a: Kingambit|fallen2|[silent]
|turn|6
|
|t:|1781489502
|switch|p1a: Landorus|Landorus-Therian, M, shiny|100/100
|-ability|p1a: Landorus|Intimidate|boost
|-unboost|p2a: Kingambit|atk|1
|-end|p2a: Kingambit|fallen2|[silent]
|switch|p2a: Kyurem|Kyurem|100/100
|-ability|p2a: Kyurem|Pressure
|
|upkeep
|turn|7
|
|t:|1781489508
|switch|p1a: Hoopa|Hoopa-Unbound|100/100
|move|p2a: Kyurem|Ice Beam|p1a: Hoopa
|-damage|p1a: Hoopa|61/100
|
|upkeep
|turn|8
|
|t:|1781489516
|move|p2a: Kyurem|Ice Beam|p1a: Hoopa
|-damage|p1a: Hoopa|23/100
|-status|p1a: Hoopa|frz
|cant|p1a: Hoopa|frz
|
|upkeep
|turn|9
|
|t:|1781489522
|switch|p1a: Metagross|Metagross, shiny|100/100
|move|p2a: Kyurem|Ice Beam|p1a: Metagross
|-resisted|p1a: Metagross
|-crit|p1a: Metagross
|-damage|p1a: Metagross|40/100
|
|upkeep
|turn|10
|
|t:|1781489525
|move|p1a: Metagross|Bullet Punch|p2a: Kyurem
|-supereffective|p2a: Kyurem
|-damage|p2a: Kyurem|55/100
|move|p2a: Kyurem|Ice Beam|p1a: Metagross
|-resisted|p1a: Metagross
|-damage|p1a: Metagross|2/100
|
|upkeep
|turn|11
|
|t:|1781489542
|switch|p2a: Tornadus|Tornadus-Therian, M|100/100
|move|p1a: Metagross|Bullet Punch|p2a: Tornadus
|-damage|p2a: Tornadus|74/100
|
|upkeep
|turn|12
|
|t:|1781489547
|switch|p1a: Hoopa|Hoopa-Unbound|23/100 frz
|move|p2a: Tornadus|U-turn|p1a: Hoopa
|-supereffective|p1a: Hoopa
|-damage|p1a: Hoopa|0 fnt
|faint|p1a: Hoopa
|
|t:|1781489555
|switch|p2a: Kingambit|Kingambit, F|100/100|[from] U-turn
|-activate|p2a: Kingambit|ability: Supreme Overlord
|-start|p2a: Kingambit|fallen2|[silent]
|
|upkeep
|
|t:|1781489558
|switch|p1a: Cinderace|Cinderace, M, shiny|100/100
|turn|13
|
|t:|1781489564
|-end|p2a: Kingambit|fallen2|[silent]
|switch|p2a: Slowking|Slowking-Galar, M|100/100
|move|p1a: Cinderace|Will-O-Wisp|p2a: Slowking
|-status|p2a: Slowking|brn
|
|-damage|p2a: Slowking|94/100 brn|[from] brn
|upkeep
|turn|14
|
|t:|1781489569
|switch|p1a: Metagross|Metagross, shiny|2/100
|-prepare|p2a: Slowking|Chilly Reception|[premajor]
|move|p2a: Slowking|Chilly Reception|p2a: Slowking
|-weather|Snowscape
|
|t:|1781489572
|switch|p2a: Tornadus|Tornadus-Therian, M|100/100|[from] Chilly Reception
|
|-weather|Snowscape|[upkeep]
|upkeep
|turn|15
|
|t:|1781489585
|move|p1a: Metagross|Bullet Punch|p2a: Tornadus
|-damage|p2a: Tornadus|74/100
|move|p2a: Tornadus|U-turn|p1a: Metagross
|-damage|p1a: Metagross|0 fnt
|faint|p1a: Metagross
|
|t:|1781489593
|switch|p2a: Kyurem|Kyurem|55/100|[from] U-turn
|-ability|p2a: Kyurem|Pressure
|
|-weather|Snowscape|[upkeep]
|upkeep
|
|t:|1781489598
|switch|p1a: Weavile|Weavile, M, shiny, tera:Dark|100/100
|-ability|p1a: Weavile|Pressure
|turn|16
|
|t:|1781489610
|switch|p2a: Slowking|Slowking-Galar, M|100/100 brn
|move|p1a: Weavile|Knock Off|p2a: Slowking
|-supereffective|p2a: Slowking
|-damage|p2a: Slowking|0 fnt
|-enditem|p2a: Slowking|Black Sludge|[from] move: Knock Off|[of] p1a: Weavile
|faint|p2a: Slowking
|
|-weather|Snowscape|[upkeep]
|upkeep
|
|t:|1781489613
|switch|p2a: Kyurem|Kyurem|55/100
|-ability|p2a: Kyurem|Pressure
|turn|17
|
|t:|1781489622
|move|p1a: Weavile|Knock Off|p2a: Kyurem
|-damage|p2a: Kyurem|0 fnt
|-enditem|p2a: Kyurem|Choice Specs|[from] move: Knock Off|[of] p1a: Weavile
|faint|p2a: Kyurem
|
|-weather|Snowscape|[upkeep]
|upkeep
|
|t:|1781489626
|switch|p2a: Kingambit|Kingambit, F|100/100
|-activate|p2a: Kingambit|ability: Supreme Overlord
|-start|p2a: Kingambit|fallen4|[silent]
|turn|18
|
|t:|1781489630
|switch|p1a: Landorus|Landorus-Therian, M, shiny|100/100
|-ability|p1a: Landorus|Intimidate|boost
|-unboost|p2a: Kingambit|atk|1
|move|p2a: Kingambit|Iron Head|p1a: Landorus
|-damage|p1a: Landorus|69/100
|-damage|p2a: Kingambit|84/100|[from] item: Rocky Helmet|[of] p1a: Landorus
|
|-weather|none
|-heal|p2a: Kingambit|90/100|[from] item: Leftovers
|upkeep
|turn|19
|
|t:|1781489634
|-end|p2a: Kingambit|fallen4|[silent]
|switch|p2a: Tornadus|Tornadus-Therian, M|100/100
|move|p1a: Landorus|Smack Down|p2a: Tornadus
|-supereffective|p2a: Tornadus
|-damage|p2a: Tornadus|64/100
|-start|p2a: Tornadus|Smack Down
|
|upkeep
|turn|20
|
|t:|1781489646
|move|p2a: Tornadus|Bleakwind Storm|p1a: Landorus
|-damage|p1a: Landorus|33/100
|move|p1a: Landorus|Earthquake|p2a: Tornadus
|-damage|p2a: Tornadus|6/100
|
|upkeep
|turn|21
|
|t:|1781489656
|move|p2a: Tornadus|Bleakwind Storm|p1a: Landorus
|-damage|p1a: Landorus|0 fnt
|faint|p1a: Landorus
|
|upkeep
|
|t:|1781489658
|switch|p1a: Weavile|Weavile, M, shiny, tera:Dark|100/100
|-ability|p1a: Weavile|Pressure
|turn|22
|
|t:|1781489665
|move|p1a: Weavile|Knock Off|p2a: Tornadus
|-damage|p2a: Tornadus|0 fnt
|-enditem|p2a: Tornadus|Assault Vest|[from] move: Knock Off|[of] p1a: Weavile
|faint|p2a: Tornadus
|
|upkeep
|
|t:|1781489667
|switch|p2a: Kingambit|Kingambit, F|90/100
|-activate|p2a: Kingambit|ability: Supreme Overlord
|-start|p2a: Kingambit|fallen5|[silent]
|turn|23
|
|t:|1781489670
|move|p1a: Weavile|Knock Off|p2a: Kingambit
|-resisted|p2a: Kingambit
|-damage|p2a: Kingambit|53/100
|-enditem|p2a: Kingambit|Leftovers|[from] move: Knock Off|[of] p1a: Weavile
|move|p2a: Kingambit|Swords Dance|p2a: Kingambit
|-boost|p2a: Kingambit|atk|2
|
|upkeep
|turn|24
|
|t:|1781489673
|move|p1a: Weavile|Knock Off|p2a: Kingambit
|-resisted|p2a: Kingambit
|-damage|p2a: Kingambit|31/100
|move|p2a: Kingambit|Iron Head|p1a: Weavile
|-damage|p1a: Weavile|0 fnt
|faint|p1a: Weavile
|
|upkeep
|
|t:|1781489676
|switch|p1a: Cinderace|Cinderace, M, shiny|100/100
|turn|25
|
|t:|1781489679
|move|p1a: Cinderace|Will-O-Wisp|p2a: Kingambit
|-status|p2a: Kingambit|brn
|move|p2a: Kingambit|Kowtow Cleave|p1a: Cinderace
|-damage|p1a: Cinderace|17/100
|
|-damage|p2a: Kingambit|24/100 brn|[from] brn
|upkeep
|turn|26
|
|t:|1781489684
|move|p2a: Kingambit|Sucker Punch||[still]
|-fail|p2a: Kingambit
|move|p1a: Cinderace|Court Change||[still]
|-start|p1a: Cinderace|typechange|Normal|[from] ability: Libero
|-fail|p1a: Cinderace
|
|-damage|p2a: Kingambit|18/100 brn|[from] brn
|upkeep
|turn|27
|
|t:|1781489688
|move|p1a: Cinderace|Will-O-Wisp|p2a: Kingambit|[miss]
|-miss|p1a: Cinderace|p2a: Kingambit
|move|p2a: Kingambit|Kowtow Cleave|p1a: Cinderace
|-damage|p1a: Cinderace|0 fnt
|faint|p1a: Cinderace
|
|win|bigballs01
|raw|texett's rating: 1639 &rarr; <strong>1616</strong><br />(-23 for losing)
|raw|bigballs01's rating: 1584 &rarr; <strong>1607</strong><br />(+23 for winning)
|l|☆texett
|player|p1|
|l|☆bigballs01
|player|p2|
