|j|☆EtnaArmpits
|j|☆runningdan
|t:|1781098654
|gametype|singles
|player|p1|EtnaArmpits|170|1656
|player|p2|runningdan|265|1628
|gen|9
|tier|[Gen 9] OU
|rated|
|rule|HP Percentage Mod: HP is shown in percentages
|rule|Endless Battle Clause: Forcing endless battles is banned
|rule|Species Clause: Limit one of each Pokémon
|rule|OHKO Clause: OHKO moves are banned
|rule|Evasion Items Clause: Evasion items are banned
|rule|Evasion Moves Clause: Evasion moves are banned
|rule|Evasion Abilities Clause: Evasion abilities are banned
|rule|Sleep Moves Clause: Sleep-inducing moves are banned
|clearpoke
|poke|p1|Kyurem|
|poke|p1|Deoxys-Speed|
|poke|p1|Iron Valiant|
|poke|p1|Dragonite, F|
|poke|p1|Darkrai|
|poke|p1|Iron Treads|
|poke|p2|Great Tusk|
|poke|p2|Ninetales-Alola, F|
|poke|p2|Darkrai|
|poke|p2|Gliscor, M|
|poke|p2|Hatterene, F|
|poke|p2|Ceruledge, F|
|teampreview
|inactive|Battle timer is ON: inactive players will automatically lose when time's up. (requested by runningdan)
|inactive|EtnaArmpits also wants the timer to be on.
|
|t:|1781098671
|teamsize|p1|6
|teamsize|p2|6
|start
|switch|p1a: Iron Treads|Iron Treads|100/100
|switch|p2a: Ninetales|Ninetales-Alola, F|100/100
|-weather|Snowscape|[from] ability: Snow Warning|[of] p2a: Ninetales
|-enditem|p1a: Iron Treads|Booster Energy
|-activate|p1a: Iron Treads|ability: Quark Drive|[fromitem]
|-start|p1a: Iron Treads|quarkdrivespe
|turn|1
|inactive|EtnaArmpits has 120 seconds left.
|
|t:|1781098701
|switch|p2a: Great Tusk|Great Tusk|100/100
|move|p1a: Iron Treads|Steel Beam|p2a: Great Tusk
|-damage|p2a: Great Tusk|35/100
|-damage|p1a: Iron Treads|50/100|[from] steelbeam
|
|-weather|Snowscape|[upkeep]
|-heal|p2a: Great Tusk|41/100|[from] item: Leftovers
|upkeep
|turn|2
|j| newhere1310
|
|t:|1781098729
|move|p1a: Iron Treads|Earth Power|p2a: Great Tusk
|-damage|p2a: Great Tusk|0 fnt
|faint|p2a: Great Tusk
|-end|p2a: Great Tusk|Protosynthesis|[silent]
|
|-weather|Snowscape|[upkeep]
|upkeep
|inactive|runningdan has 120 seconds left.
|
|t:|1781098740
|switch|p2a: Gliscor|Gliscor, M|100/100
|turn|3
|inactive|runningdan has 120 seconds left.
|
|t:|1781098760
|move|p1a: Iron Treads|Stealth Rock|p2a: Gliscor
|-sidestart|p2: runningdan|move: Stealth Rock
|move|p2a: Gliscor|Earthquake|p1a: Iron Treads
|-supereffective|p1a: Iron Treads
|-damage|p1a: Iron Treads|0 fnt
|faint|p1a: Iron Treads
|-end|p1a: Iron Treads|Quark Drive|[silent]
|
|-weather|Snowscape|[upkeep]
|-status|p2a: Gliscor|tox|[from] item: Toxic Orb
|upkeep
|
|t:|1781098764
|switch|p1a: Kyurem|Kyurem|100/100
|-ability|p1a: Kyurem|Pressure
|turn|4
|
|t:|1781098771
|switch|p2a: Ninetales|Ninetales-Alola, F|100/100
|-damage|p2a: Ninetales|76/100|[from] Stealth Rock
|move|p1a: Kyurem|Freeze-Dry|p2a: Ninetales
|-resisted|p2a: Ninetales
|-damage|p2a: Ninetales|56/100
|
|-weather|Snowscape|[upkeep]
|upkeep
|turn|5
|
|t:|1781098778
|switch|p1a: Deoxys|Deoxys-Speed|100/100
|-ability|p1a: Deoxys|Pressure
|move|p2a: Ninetales|Aurora Veil|p2a: Ninetales
|-sidestart|p2: runningdan|move: Aurora Veil
|
|-weather|none
|upkeep
|turn|6
|
|t:|1781098797
|switch|p2a: Hatterene|Hatterene, F|100/100
|-damage|p2a: Hatterene|88/100|[from] Stealth Rock
|move|p1a: Deoxys|Nasty Plot|p1a: Deoxys
|-boost|p1a: Deoxys|spa|2
|
|-heal|p2a: Hatterene|94/100|[from] item: Leftovers
|upkeep
|turn|7
|
|t:|1781098807
|move|p1a: Deoxys|Ice Beam|p2a: Hatterene
|-damage|p2a: Hatterene|57/100
|-damage|p1a: Deoxys|91/100|[from] item: Life Orb
|move|p2a: Hatterene|Nuzzle|p1a: Deoxys
|-damage|p1a: Deoxys|84/100
|-status|p1a: Deoxys|par
|
|-heal|p2a: Hatterene|63/100|[from] item: Leftovers
|upkeep
|turn|8
|
|t:|1781098822
|move|p1a: Deoxys|Ice Beam|p2a: Hatterene
|-damage|p2a: Hatterene|27/100
|-damage|p1a: Deoxys|74/100 par|[from] item: Life Orb
|move|p2a: Hatterene|Draining Kiss|p1a: Deoxys
|-damage|p1a: Deoxys|42/100 par
|-heal|p2a: Hatterene|46/100|[from] drain|[of] p1a: Deoxys
|
|-heal|p2a: Hatterene|52/100|[from] item: Leftovers
|upkeep
|turn|9
|
|t:|1781098832
|cant|p1a: Deoxys|par
|move|p2a: Hatterene|Draining Kiss|p1a: Deoxys
|-damage|p1a: Deoxys|7/100 par
|-heal|p2a: Hatterene|72/100|[from] drain|[of] p1a: Deoxys
|
|-heal|p2a: Hatterene|78/100|[from] item: Leftovers
|upkeep
|turn|10
|
|t:|1781098840
|cant|p1a: Deoxys|par
|move|p2a: Hatterene|Draining Kiss|p1a: Deoxys
|-damage|p1a: Deoxys|0 fnt
|-heal|p2a: Hatterene|82/100|[from] drain|[of] p1a: Deoxys
|faint|p1a: Deoxys
|
|-heal|p2a: Hatterene|88/100|[from] item: Leftovers
|upkeep
|c|☆EtnaArmpits|gg
|
|t:|1781098867
|switch|p1a: Kyurem|Kyurem|100/100
|-ability|p1a: Kyurem|Pressure
|turn|11
|
|t:|1781098875
|move|p1a: Kyurem|Freeze-Dry|p2a: Hatterene
|-damage|p2a: Hatterene|68/100
|move|p2a: Hatterene|Calm Mind|p2a: Hatterene
|-boost|p2a: Hatterene|spa|1
|-boost|p2a: Hatterene|spd|1
|
|-heal|p2a: Hatterene|74/100|[from] item: Leftovers
|upkeep
|turn|12
|
|t:|1781098882
|move|p1a: Kyurem|Icicle Spear|p2a: Hatterene
|-damage|p2a: Hatterene|67/100
|-damage|p2a: Hatterene|62/100
|-damage|p2a: Hatterene|55/100
|-damage|p2a: Hatterene|49/100
|-damage|p2a: Hatterene|43/100
|-hitcount|p2a: Hatterene|5
|move|p2a: Hatterene|Nuzzle|p1a: Kyurem
|-resisted|p1a: Kyurem
|-damage|p1a: Kyurem|98/100
|-status|p1a: Kyurem|par
|
|-heal|p2a: Hatterene|49/100|[from] item: Leftovers
|-sideend|p2: runningdan|move: Aurora Veil
|upkeep
|turn|13
|
|t:|1781098887
|move|p1a: Kyurem|Icicle Spear|p2a: Hatterene
|-damage|p2a: Hatterene|35/100
|-damage|p2a: Hatterene|22/100
|-hitcount|p2a: Hatterene|2
|move|p2a: Hatterene|Draining Kiss|p1a: Kyurem
|-supereffective|p1a: Kyurem
|-damage|p1a: Kyurem|29/100 par
|-heal|p2a: Hatterene|86/100|[from] drain|[of] p1a: Kyurem
|
|-heal|p2a: Hatterene|92/100|[from] item: Leftovers
|upkeep
|turn|14
|
|t:|1781098896
|move|p1a: Kyurem|Icicle Spear|p2a: Hatterene
|-damage|p2a: Hatterene|79/100
|-damage|p2a: Hatterene|65/100
|-hitcount|p2a: Hatterene|2
|move|p2a: Hatterene|Draining Kiss|p1a: Kyurem
|-supereffective|p1a: Kyurem
|-damage|p1a: Kyurem|0 fnt
|-heal|p2a: Hatterene|92/100|[from] drain|[of] p1a: Kyurem
|faint|p1a: Kyurem
|
|-heal|p2a: Hatterene|98/100|[from] item: Leftovers
|upkeep
|
|t:|1781098904
|switch|p1a: Darkrai|Darkrai|100/100
|turn|15
|
|t:|1781098916
|-terastallize|p1a: Darkrai|Poison
|-terastallize|p2a: Hatterene|Water
|move|p1a: Darkrai|Sludge Bomb|p2a: Hatterene
|-damage|p2a: Hatterene|62/100
|move|p2a: Hatterene|Calm Mind|p2a: Hatterene
|-boost|p2a: Hatterene|spa|1
|-boost|p2a: Hatterene|spd|1
|
|-heal|p2a: Hatterene|68/100|[from] item: Leftovers
|upkeep
|turn|16
|
|t:|1781098928
|move|p1a: Darkrai|Sludge Bomb|p2a: Hatterene
|-damage|p2a: Hatterene|43/100
|-status|p2a: Hatterene|psn
|move|p2a: Hatterene|Psyshock|p1a: Darkrai
|-supereffective|p1a: Darkrai
|-damage|p1a: Darkrai|0 fnt
|faint|p1a: Darkrai
|
|-heal|p2a: Hatterene|49/100 psn|[from] item: Leftovers
|-damage|p2a: Hatterene|36/100 psn|[from] psn
|upkeep
|
|t:|1781098933
|switch|p1a: Iron Valiant|Iron Valiant|100/100
|-enditem|p1a: Iron Valiant|Booster Energy
|-activate|p1a: Iron Valiant|ability: Quark Drive|[fromitem]
|-start|p1a: Iron Valiant|quarkdrivespe
|turn|17
|
|t:|1781098942
|move|p1a: Iron Valiant|Close Combat|p2a: Hatterene
|-damage|p2a: Hatterene|0 fnt
|-unboost|p1a: Iron Valiant|def|1
|-unboost|p1a: Iron Valiant|spd|1
|faint|p2a: Hatterene
|
|upkeep
|
|t:|1781098954
|switch|p2a: Ceruledge|Ceruledge, F|100/100
|-damage|p2a: Ceruledge|76/100|[from] Stealth Rock
|turn|18
|
|t:|1781098960
|move|p1a: Iron Valiant|Knock Off|p2a: Ceruledge
|-supereffective|p2a: Ceruledge
|-damage|p2a: Ceruledge|0 fnt
|-enditem|p2a: Ceruledge|Covert Cloak|[from] move: Knock Off|[of] p1a: Iron Valiant
|faint|p2a: Ceruledge
|
|upkeep
|
|t:|1781098969
|switch|p2a: Gliscor|Gliscor, M|100/100 tox
|-damage|p2a: Gliscor|88/100 tox|[from] Stealth Rock
|turn|19
|
|t:|1781098975
|move|p1a: Iron Valiant|Ice Punch|p2a: Gliscor
|-supereffective|p2a: Gliscor
|-damage|p2a: Gliscor|2/100 tox
|move|p2a: Gliscor|Agility|p2a: Gliscor
|-boost|p2a: Gliscor|spe|2
|
|-heal|p2a: Gliscor|14/100 tox|[from] ability: Poison Heal
|upkeep
|turn|20
|
|t:|1781098986
|move|p2a: Gliscor|Earthquake|p1a: Iron Valiant
|-crit|p1a: Iron Valiant
|-damage|p1a: Iron Valiant|0 fnt
|faint|p1a: Iron Valiant
|-end|p1a: Iron Valiant|Quark Drive|[silent]
|
|-heal|p2a: Gliscor|27/100 tox|[from] ability: Poison Heal
|upkeep
|inactive|EtnaArmpits has 120 seconds left.
|
|t:|1781099015
|switch|p1a: Dragonite|Dragonite, F|100/100
|turn|21
|
|t:|1781099031
|switch|p2a: Ninetales|Ninetales-Alola, F|56/100
|-damage|p2a: Ninetales|31/100|[from] Stealth Rock
|-weather|Snowscape|[from] ability: Snow Warning|[of] p2a: Ninetales
|move|p1a: Dragonite|Dragon Dance|p1a: Dragonite
|-boost|p1a: Dragonite|atk|1
|-boost|p1a: Dragonite|spe|1
|
|-weather|Snowscape|[upkeep]
|upkeep
|turn|22
|
|t:|1781099039
|move|p1a: Dragonite|Extreme Speed|p2a: Ninetales
|-damage|p2a: Ninetales|0 fnt
|faint|p2a: Ninetales
|
|-weather|Snowscape|[upkeep]
|upkeep
|
|t:|1781099043
|switch|p2a: Darkrai|Darkrai|100/100
|-damage|p2a: Darkrai|88/100|[from] Stealth Rock
|turn|23
|
|t:|1781099051
|move|p1a: Dragonite|Extreme Speed|p2a: Darkrai
|-damage|p2a: Darkrai|28/100
|move|p2a: Darkrai|Dark Pulse|p1a: Dragonite
|-damage|p1a: Dragonite|76/100
|
|-weather|Snowscape|[upkeep]
|-heal|p2a: Darkrai|34/100|[from] item: Leftovers
|upkeep
|turn|24
|-message|runningdan forfeited.
|
|win|EtnaArmpits
|raw|EtnaArmpits's rating: 1656 &rarr; <strong>1674</strong><br />(+18 for winning)
|raw|runningdan's rating: 1628 &rarr; <strong>1610</strong><br />(-18 for losing)
|l|☆runningdan
|player|p2|
|c| newhere1310|never give up classic bro
|l| newhere1310
