|j|☆Hachipon
|j|☆KurisuChestnutLab
|t:|1781143437
|gametype|singles
|player|p1|Hachipon|guitarist|1557
|player|p2|KurisuChestnutLab|may-contest|1532
|gen|9
|tier|[Gen 9] OU
|rated|
|rule|HP Percentage Mod: HP is shown in percentages
|rule|Endless Battle Clause: Forcing endless battles is banned
|rule|Species Clause: Limit one of each Pokémon
|rule|OHKO Clause: OHKO moves are banned
|rule|Evasion Items Clause: Evasion items are banned
|rule|Evasion Moves Clause: Evasion moves are banned
|rule|Evasion Abilities Clause: Evasion abilities are banned
|rule|Sleep Moves Clause: Sleep-inducing moves are banned
|clearpoke
|poke|p1|Gholdengo|
|poke|p1|Dragonite, M|
|poke|p1|Raging Bolt|
|poke|p1|Great Tusk|
|poke|p1|Iron Valiant|
|poke|p1|Ting-Lu|
|poke|p2|Primarina, M|
|poke|p2|Hippowdon, M|
|poke|p2|Skarmory, F|
|poke|p2|Zapdos|
|poke|p2|Dragonite, F|
|poke|p2|Slowking, F|
|teampreview
|inactive|Battle timer is ON: inactive players will automatically lose when time's up. (requested by Hachipon)
|inactive|KurisuChestnutLab also wants the timer to be on.
|
|t:|1781143461
|teamsize|p1|6
|teamsize|p2|6
|start
|switch|p1a: Ting-Lu|Ting-Lu|100/100
|switch|p2a: Zapdos|Zapdos|100/100
|-ability|p1a: Ting-Lu|Vessel of Ruin
|turn|1
|
|t:|1781143465
|switch|p2a: Primarina|Primarina, M|100/100
|move|p1a: Ting-Lu|Stealth Rock|p2a: Primarina
|-sidestart|p2: KurisuChestnutLab|move: Stealth Rock
|
|upkeep
|turn|2
|
|t:|1781143475
|switch|p1a: Raging Bolt|Raging Bolt|100/100
|move|p2a: Primarina|Moonblast|p1a: Raging Bolt
|-supereffective|p1a: Raging Bolt
|-damage|p1a: Raging Bolt|8/100
|
|upkeep
|turn|3
|
|t:|1781143482
|switch|p2a: Hippowdon|Hippowdon, M|100/100
|-damage|p2a: Hippowdon|94/100|[from] Stealth Rock
|-weather|Sandstorm|[from] ability: Sand Stream|[of] p2a: Hippowdon
|move|p1a: Raging Bolt|Thunderclap||[still]
|-fail|p1a: Raging Bolt
|
|-weather|Sandstorm|[upkeep]
|-damage|p1a: Raging Bolt|2/100|[from] Sandstorm
|-heal|p2a: Hippowdon|100/100|[from] item: Leftovers
|upkeep
|turn|4
|
|t:|1781143488
|-end|p1a: Raging Bolt|Protosynthesis|[silent]
|switch|p1a: Ting-Lu|Ting-Lu|100/100
|-ability|p1a: Ting-Lu|Vessel of Ruin
|switch|p2a: Zapdos|Zapdos|100/100
|
|-weather|Sandstorm|[upkeep]
|-damage|p2a: Zapdos|94/100|[from] Sandstorm
|upkeep
|turn|5
|
|t:|1781143501
|switch|p2a: Hippowdon|Hippowdon, M|100/100
|-damage|p2a: Hippowdon|94/100|[from] Stealth Rock
|move|p1a: Ting-Lu|Ruination|p2a: Hippowdon|[miss]
|-miss|p1a: Ting-Lu|p2a: Hippowdon
|
|-weather|Sandstorm|[upkeep]
|-heal|p2a: Hippowdon|100/100|[from] item: Leftovers
|upkeep
|turn|6
|
|t:|1781143505
|move|p2a: Hippowdon|Stealth Rock|p1a: Ting-Lu
|-sidestart|p1: Hachipon|move: Stealth Rock
|move|p1a: Ting-Lu|Ruination|p2a: Hippowdon
|-damage|p2a: Hippowdon|50/100
|
|-weather|Sandstorm|[upkeep]
|-heal|p2a: Hippowdon|57/100|[from] item: Leftovers
|upkeep
|turn|7
|
|t:|1781143509
|move|p2a: Hippowdon|Slack Off|p2a: Hippowdon
|-heal|p2a: Hippowdon|100/100
|move|p1a: Ting-Lu|Whirlwind|p2a: Hippowdon
|drag|p2a: Zapdos|Zapdos|94/100
|
|-weather|none
|upkeep
|turn|8
|
|t:|1781143513
|switch|p2a: Slowking|Slowking, F|100/100
|move|p1a: Ting-Lu|Ruination|p2a: Slowking
|-damage|p2a: Slowking|50/100
|
|upkeep
|turn|9
|
|t:|1781143526
|move|p1a: Ting-Lu|Earthquake|p2a: Slowking
|-damage|p2a: Slowking|10/100
|move|p2a: Slowking|Slack Off|p2a: Slowking
|-heal|p2a: Slowking|60/100
|
|upkeep
|turn|10
|
|t:|1781143531
|move|p1a: Ting-Lu|Earthquake|p2a: Slowking
|-damage|p2a: Slowking|20/100
|move|p2a: Slowking|Slack Off|p2a: Slowking
|-heal|p2a: Slowking|70/100
|
|upkeep
|turn|11
|
|t:|1781143535
|move|p1a: Ting-Lu|Earthquake|p2a: Slowking
|-damage|p2a: Slowking|30/100
|move|p2a: Slowking|Slack Off|p2a: Slowking
|-heal|p2a: Slowking|80/100
|
|upkeep
|turn|12
|
|t:|1781143539
|move|p1a: Ting-Lu|Ruination|p2a: Slowking
|-damage|p2a: Slowking|40/100
|move|p2a: Slowking|Scald|p1a: Ting-Lu
|-supereffective|p1a: Ting-Lu
|-damage|p1a: Ting-Lu|75/100
|
|-heal|p1a: Ting-Lu|81/100|[from] item: Leftovers
|upkeep
|turn|13
|
|t:|1781143545
|switch|p2a: Skarmory|Skarmory, F|100/100
|-damage|p2a: Skarmory|88/100|[from] Stealth Rock
|move|p1a: Ting-Lu|Earthquake|p2a: Skarmory
|-immune|p2a: Skarmory
|
|-heal|p2a: Skarmory|94/100|[from] item: Leftovers
|-heal|p1a: Ting-Lu|87/100|[from] item: Leftovers
|upkeep
|turn|14
|
|t:|1781143550
|move|p2a: Skarmory|Body Press|p1a: Ting-Lu
|-supereffective|p1a: Ting-Lu
|-damage|p1a: Ting-Lu|55/100
|move|p1a: Ting-Lu|Ruination|p2a: Skarmory
|-damage|p2a: Skarmory|48/100
|
|-heal|p2a: Skarmory|53/100|[from] item: Leftovers
|-heal|p1a: Ting-Lu|61/100|[from] item: Leftovers
|upkeep
|turn|15
|
|t:|1781143556
|switch|p2a: Dragonite|Dragonite, F|100/100
|move|p1a: Ting-Lu|Whirlwind|p2a: Dragonite
|drag|p2a: Zapdos|Zapdos|94/100
|
|-heal|p1a: Ting-Lu|67/100|[from] item: Leftovers
|upkeep
|turn|16
|
|t:|1781143560
|switch|p2a: Skarmory|Skarmory, F|53/100
|-damage|p2a: Skarmory|41/100|[from] Stealth Rock
|move|p1a: Ting-Lu|Ruination|p2a: Skarmory
|-damage|p2a: Skarmory|21/100
|
|-heal|p2a: Skarmory|27/100|[from] item: Leftovers
|-heal|p1a: Ting-Lu|74/100|[from] item: Leftovers
|upkeep
|turn|17
|
|t:|1781143566
|move|p2a: Skarmory|Iron Head|p1a: Ting-Lu
|-damage|p1a: Ting-Lu|61/100
|move|p1a: Ting-Lu|Whirlwind|p2a: Skarmory
|drag|p2a: Slowking|Slowking, F|74/100
|
|-heal|p1a: Ting-Lu|67/100|[from] item: Leftovers
|upkeep
|turn|18
|
|t:|1781143570
|switch|p2a: Dragonite|Dragonite, F|100/100
|move|p1a: Ting-Lu|Earthquake|p2a: Dragonite
|-immune|p2a: Dragonite
|
|-heal|p1a: Ting-Lu|74/100|[from] item: Leftovers
|upkeep
|turn|19
|
|t:|1781143576
|switch|p2a: Skarmory|Skarmory, F|27/100
|-damage|p2a: Skarmory|15/100|[from] Stealth Rock
|move|p1a: Ting-Lu|Ruination|p2a: Skarmory
|-damage|p2a: Skarmory|8/100
|
|-heal|p2a: Skarmory|14/100|[from] item: Leftovers
|-heal|p1a: Ting-Lu|80/100|[from] item: Leftovers
|upkeep
|turn|20
|
|t:|1781143581
|switch|p2a: Primarina|Primarina, M|100/100
|-damage|p2a: Primarina|88/100|[from] Stealth Rock
|move|p1a: Ting-Lu|Whirlwind|p2a: Primarina
|drag|p2a: Hippowdon|Hippowdon, M|100/100
|-damage|p2a: Hippowdon|94/100|[from] Stealth Rock
|-weather|Sandstorm|[from] ability: Sand Stream|[of] p2a: Hippowdon
|
|-weather|Sandstorm|[upkeep]
|-heal|p2a: Hippowdon|100/100|[from] item: Leftovers
|-heal|p1a: Ting-Lu|86/100|[from] item: Leftovers
|upkeep
|turn|21
|
|t:|1781143589
|move|p2a: Hippowdon|Earthquake|p1a: Ting-Lu
|-damage|p1a: Ting-Lu|67/100
|move|p1a: Ting-Lu|Ruination|p2a: Hippowdon
|-damage|p2a: Hippowdon|50/100
|
|-weather|Sandstorm|[upkeep]
|-heal|p2a: Hippowdon|57/100|[from] item: Leftovers
|-heal|p1a: Ting-Lu|73/100|[from] item: Leftovers
|upkeep
|turn|22
|
|t:|1781143595
|move|p2a: Hippowdon|Earthquake|p1a: Ting-Lu
|-damage|p1a: Ting-Lu|53/100
|move|p1a: Ting-Lu|Earthquake|p2a: Hippowdon
|-damage|p2a: Hippowdon|36/100
|
|-weather|Sandstorm|[upkeep]
|-heal|p2a: Hippowdon|42/100|[from] item: Leftovers
|-heal|p1a: Ting-Lu|59/100|[from] item: Leftovers
|upkeep
|turn|23
|
|t:|1781143600
|move|p2a: Hippowdon|Slack Off|p2a: Hippowdon
|-heal|p2a: Hippowdon|92/100
|move|p1a: Ting-Lu|Earthquake|p2a: Hippowdon
|-damage|p2a: Hippowdon|71/100
|
|-weather|Sandstorm|[upkeep]
|-heal|p2a: Hippowdon|78/100|[from] item: Leftovers
|-heal|p1a: Ting-Lu|66/100|[from] item: Leftovers
|upkeep
|turn|24
|
|t:|1781143606
|move|p2a: Hippowdon|Earthquake|p1a: Ting-Lu
|-damage|p1a: Ting-Lu|46/100
|move|p1a: Ting-Lu|Ruination|p2a: Hippowdon
|-damage|p2a: Hippowdon|39/100
|
|-weather|none
|-heal|p2a: Hippowdon|45/100|[from] item: Leftovers
|-heal|p1a: Ting-Lu|52/100|[from] item: Leftovers
|upkeep
|turn|25
|
|t:|1781143611
|move|p2a: Hippowdon|Slack Off|p2a: Hippowdon
|-heal|p2a: Hippowdon|95/100
|move|p1a: Ting-Lu|Ruination|p2a: Hippowdon
|-damage|p2a: Hippowdon|48/100
|
|-heal|p2a: Hippowdon|54/100|[from] item: Leftovers
|-heal|p1a: Ting-Lu|58/100|[from] item: Leftovers
|upkeep
|turn|26
|
|t:|1781143616
|move|p2a: Hippowdon|Earthquake|p1a: Ting-Lu
|-damage|p1a: Ting-Lu|39/100
|move|p1a: Ting-Lu|Whirlwind|p2a: Hippowdon
|drag|p2a: Zapdos|Zapdos|94/100
|
|-heal|p1a: Ting-Lu|46/100|[from] item: Leftovers
|upkeep
|turn|27
|
|t:|1781143622
|switch|p2a: Skarmory|Skarmory, F|14/100
|-damage|p2a: Skarmory|1/100|[from] Stealth Rock
|move|p1a: Ting-Lu|Ruination|p2a: Skarmory|[miss]
|-miss|p1a: Ting-Lu|p2a: Skarmory
|
|-heal|p2a: Skarmory|7/100|[from] item: Leftovers
|-heal|p1a: Ting-Lu|52/100|[from] item: Leftovers
|upkeep
|turn|28
|
|t:|1781143626
|switch|p2a: Dragonite|Dragonite, F|100/100
|move|p1a: Ting-Lu|Whirlwind|p2a: Dragonite
|drag|p2a: Zapdos|Zapdos|94/100
|
|-heal|p1a: Ting-Lu|58/100|[from] item: Leftovers
|upkeep
|turn|29
|
|t:|1781143632
|switch|p2a: Hippowdon|Hippowdon, M|54/100
|-damage|p2a: Hippowdon|48/100|[from] Stealth Rock
|-weather|Sandstorm|[from] ability: Sand Stream|[of] p2a: Hippowdon
|move|p1a: Ting-Lu|Ruination|p2a: Hippowdon
|-damage|p2a: Hippowdon|24/100
|
|-weather|Sandstorm|[upkeep]
|-heal|p2a: Hippowdon|30/100|[from] item: Leftovers
|-heal|p1a: Ting-Lu|64/100|[from] item: Leftovers
|upkeep
|turn|30
|
|t:|1781143635
|switch|p2a: Zapdos|Zapdos|94/100
|move|p1a: Ting-Lu|Earthquake|p2a: Zapdos
|-immune|p2a: Zapdos
|
|-weather|Sandstorm|[upkeep]
|-damage|p2a: Zapdos|88/100|[from] Sandstorm
|-heal|p1a: Ting-Lu|71/100|[from] item: Leftovers
|upkeep
|turn|31
|
|t:|1781143638
|switch|p2a: Hippowdon|Hippowdon, M|30/100
|-damage|p2a: Hippowdon|24/100|[from] Stealth Rock
|move|p1a: Ting-Lu|Ruination|p2a: Hippowdon|[miss]
|-miss|p1a: Ting-Lu|p2a: Hippowdon
|
|-weather|Sandstorm|[upkeep]
|-heal|p2a: Hippowdon|30/100|[from] item: Leftovers
|-heal|p1a: Ting-Lu|77/100|[from] item: Leftovers
|upkeep
|turn|32
|
|t:|1781143644
|move|p2a: Hippowdon|Slack Off|p2a: Hippowdon
|-heal|p2a: Hippowdon|80/100
|move|p1a: Ting-Lu|Whirlwind|p2a: Hippowdon
|drag|p2a: Skarmory|Skarmory, F|7/100
|-damage|p2a: Skarmory|0 fnt|[from] Stealth Rock
|faint|p2a: Skarmory
|
|-weather|Sandstorm|[upkeep]
|-heal|p1a: Ting-Lu|83/100|[from] item: Leftovers
|upkeep
|
|t:|1781143647
|switch|p2a: Primarina|Primarina, M|88/100
|-damage|p2a: Primarina|76/100|[from] Stealth Rock
|turn|33
|
|t:|1781143658
|-terastallize|p1a: Ting-Lu|Water
|move|p2a: Primarina|Moonblast|p1a: Ting-Lu
|-damage|p1a: Ting-Lu|59/100
|move|p1a: Ting-Lu|Earthquake|p2a: Primarina
|-damage|p2a: Primarina|29/100
|
|-weather|none
|-heal|p1a: Ting-Lu|66/100|[from] item: Leftovers
|upkeep
|turn|34
|
|t:|1781143666
|move|p2a: Primarina|Flip Turn|p1a: Ting-Lu
|-resisted|p1a: Ting-Lu
|-crit|p1a: Ting-Lu
|-damage|p1a: Ting-Lu|59/100
|
|t:|1781143670
|switch|p2a: Hippowdon|Hippowdon, M|80/100|[from] Flip Turn
|-damage|p2a: Hippowdon|74/100|[from] Stealth Rock
|-weather|Sandstorm|[from] ability: Sand Stream|[of] p2a: Hippowdon
|move|p1a: Ting-Lu|Earthquake|p2a: Hippowdon
|-damage|p2a: Hippowdon|54/100
|
|-weather|Sandstorm|[upkeep]
|-damage|p1a: Ting-Lu|52/100|[from] Sandstorm
|-heal|p2a: Hippowdon|60/100|[from] item: Leftovers
|-heal|p1a: Ting-Lu|59/100|[from] item: Leftovers
|upkeep
|turn|35
|
|t:|1781143675
|switch|p1a: Great Tusk|Great Tusk|100/100
|-damage|p1a: Great Tusk|97/100|[from] Stealth Rock
|move|p2a: Hippowdon|Earthquake|p1a: Great Tusk
|-damage|p1a: Great Tusk|72/100
|
|-weather|Sandstorm|[upkeep]
|-heal|p2a: Hippowdon|66/100|[from] item: Leftovers
|upkeep
|turn|36
|
|t:|1781143679
|move|p1a: Great Tusk|Rapid Spin|p2a: Hippowdon
|-damage|p2a: Hippowdon|56/100
|-boost|p1a: Great Tusk|spe|1
|-sideend|p1: Hachipon|Stealth Rock|[from] move: Rapid Spin|[of] p1a: Great Tusk
|move|p2a: Hippowdon|Slack Off|p2a: Hippowdon
|-heal|p2a: Hippowdon|100/100
|
|-weather|Sandstorm|[upkeep]
|upkeep
|turn|37
|
|t:|1781143684
|move|p1a: Great Tusk|Ice Spinner|p2a: Hippowdon
|-supereffective|p2a: Hippowdon
|-damage|p2a: Hippowdon|71/100
|move|p2a: Hippowdon|Earthquake|p1a: Great Tusk
|-damage|p1a: Great Tusk|49/100
|
|-weather|Sandstorm|[upkeep]
|-heal|p2a: Hippowdon|77/100|[from] item: Leftovers
|upkeep
|turn|38
|
|t:|1781143690
|move|p1a: Great Tusk|Ice Spinner|p2a: Hippowdon
|-supereffective|p2a: Hippowdon
|-damage|p2a: Hippowdon|48/100
|move|p2a: Hippowdon|Stealth Rock|p1a: Great Tusk
|-sidestart|p1: Hachipon|move: Stealth Rock
|
|-weather|none
|-heal|p2a: Hippowdon|54/100|[from] item: Leftovers
|upkeep
|turn|39
|
|t:|1781143696
|move|p1a: Great Tusk|Rapid Spin|p2a: Hippowdon
|-damage|p2a: Hippowdon|44/100
|-boost|p1a: Great Tusk|spe|1
|-sideend|p1: Hachipon|Stealth Rock|[from] move: Rapid Spin|[of] p1a: Great Tusk
|move|p2a: Hippowdon|Slack Off|p2a: Hippowdon
|-heal|p2a: Hippowdon|94/100
|
|-heal|p2a: Hippowdon|100/100|[from] item: Leftovers
|upkeep
|turn|40
|
|t:|1781143700
|move|p1a: Great Tusk|Ice Spinner|p2a: Hippowdon
|-supereffective|p2a: Hippowdon
|-damage|p2a: Hippowdon|67/100
|move|p2a: Hippowdon|Stealth Rock|p1a: Great Tusk
|-sidestart|p1: Hachipon|move: Stealth Rock
|
|-heal|p2a: Hippowdon|73/100|[from] item: Leftovers
|upkeep
|turn|41
|
|t:|1781143704
|move|p1a: Great Tusk|Ice Spinner|p2a: Hippowdon
|-supereffective|p2a: Hippowdon
|-damage|p2a: Hippowdon|39/100
|move|p2a: Hippowdon|Earthquake|p1a: Great Tusk
|-damage|p1a: Great Tusk|23/100
|
|-heal|p2a: Hippowdon|45/100|[from] item: Leftovers
|upkeep
|turn|42
|
|t:|1781143708
|move|p1a: Great Tusk|Headlong Rush|p2a: Hippowdon
|-damage|p2a: Hippowdon|6/100
|-unboost|p1a: Great Tusk|def|1
|-unboost|p1a: Great Tusk|spd|1
|move|p2a: Hippowdon|Slack Off|p2a: Hippowdon
|-heal|p2a: Hippowdon|56/100
|
|-heal|p2a: Hippowdon|62/100|[from] item: Leftovers
|upkeep
|turn|43
|
|t:|1781143711
|move|p1a: Great Tusk|Rapid Spin|p2a: Hippowdon
|-damage|p2a: Hippowdon|52/100
|-boost|p1a: Great Tusk|spe|1
|-sideend|p1: Hachipon|Stealth Rock|[from] move: Rapid Spin|[of] p1a: Great Tusk
|move|p2a: Hippowdon|Slack Off|p2a: Hippowdon
|-heal|p2a: Hippowdon|100/100
|
|upkeep
|turn|44
|
|t:|1781143716
|-end|p1a: Great Tusk|Protosynthesis|[silent]
|switch|p1a: Ting-Lu|Ting-Lu, tera:Water|59/100
|-ability|p1a: Ting-Lu|Vessel of Ruin
|move|p2a: Hippowdon|Earthquake|p1a: Ting-Lu
|-damage|p1a: Ting-Lu|39/100
|
|-heal|p1a: Ting-Lu|45/100|[from] item: Leftovers
|upkeep
|turn|45
|
|t:|1781143720
|move|p2a: Hippowdon|Earthquake|p1a: Ting-Lu
|-crit|p1a: Ting-Lu
|-damage|p1a: Ting-Lu|19/100
|move|p1a: Ting-Lu|Ruination|p2a: Hippowdon
|-damage|p2a: Hippowdon|50/100
|
|-heal|p2a: Hippowdon|57/100|[from] item: Leftovers
|-heal|p1a: Ting-Lu|25/100|[from] item: Leftovers
|upkeep
|turn|46
|
|t:|1781143732
|switch|p2a: Zapdos|Zapdos|88/100
|switch|p1a: Dragonite|Dragonite, M|100/100
|
|upkeep
|turn|47
|
|t:|1781143736
|switch|p1a: Great Tusk|Great Tusk|23/100
|move|p2a: Zapdos|Hurricane|p1a: Great Tusk
|-supereffective|p1a: Great Tusk
|-damage|p1a: Great Tusk|0 fnt
|faint|p1a: Great Tusk
|-end|p1a: Great Tusk|Protosynthesis|[silent]
|
|upkeep
|
|t:|1781143743
|switch|p1a: Gholdengo|Gholdengo|100/100
|turn|48
|
|t:|1781143752
|move|p1a: Gholdengo|Shadow Ball|p2a: Zapdos
|-damage|p2a: Zapdos|16/100
|move|p2a: Zapdos|Heat Wave|p1a: Gholdengo
|-supereffective|p1a: Gholdengo
|-damage|p1a: Gholdengo|43/100
|
|upkeep
|turn|49
|
|t:|1781143760
|move|p1a: Gholdengo|Shadow Ball|p2a: Zapdos
|-damage|p2a: Zapdos|0 fnt
|faint|p2a: Zapdos
|
|upkeep
|
|t:|1781143763
|switch|p2a: Dragonite|Dragonite, F|100/100
|turn|50
|
|t:|1781143768
|switch|p1a: Iron Valiant|Iron Valiant|100/100
|-enditem|p1a: Iron Valiant|Booster Energy
|-activate|p1a: Iron Valiant|ability: Quark Drive|[fromitem]
|-start|p1a: Iron Valiant|quarkdrivespe
|-terastallize|p2a: Dragonite|Normal
|move|p2a: Dragonite|Dragon Dance|p2a: Dragonite
|-boost|p2a: Dragonite|atk|1
|-boost|p2a: Dragonite|spe|1
|
|upkeep
|turn|51
|
|t:|1781143771
|move|p2a: Dragonite|Extreme Speed|p1a: Iron Valiant
|-damage|p1a: Iron Valiant|6/100
|move|p1a: Iron Valiant|Encore|p2a: Dragonite
|-start|p2a: Dragonite|Encore
|
|upkeep
|turn|52
|
|t:|1781143779
|-end|p1a: Iron Valiant|Quark Drive|[silent]
|switch|p1a: Gholdengo|Gholdengo|43/100
|move|p2a: Dragonite|Extreme Speed|p1a: Gholdengo
|-immune|p1a: Gholdengo
|
|upkeep
|turn|53
|
|t:|1781143785
|switch|p2a: Hippowdon|Hippowdon, M|57/100
|-damage|p2a: Hippowdon|50/100|[from] Stealth Rock
|-weather|Sandstorm|[from] ability: Sand Stream|[of] p2a: Hippowdon
|move|p1a: Gholdengo|Make It Rain|p2a: Hippowdon
|-crit|p2a: Hippowdon
|-damage|p2a: Hippowdon|0 fnt
|-unboost|p1a: Gholdengo|spa|1
|faint|p2a: Hippowdon
|
|-weather|Sandstorm|[upkeep]
|upkeep
|
|t:|1781143792
|switch|p2a: Dragonite|Dragonite, F, tera:Normal|100/100
|turn|54
|
|t:|1781143796
|switch|p1a: Dragonite|Dragonite, M|100/100
|move|p2a: Dragonite|Dragon Dance|p2a: Dragonite
|-boost|p2a: Dragonite|atk|1
|-boost|p2a: Dragonite|spe|1
|
|-weather|Sandstorm|[upkeep]
|-damage|p2a: Dragonite|94/100|[from] Sandstorm
|-damage|p1a: Dragonite|94/100|[from] Sandstorm
|upkeep
|turn|55
|
|t:|1781143805
|move|p2a: Dragonite|Extreme Speed|p1a: Dragonite
|-damage|p1a: Dragonite|25/100
|move|p1a: Dragonite|Extreme Speed|p2a: Dragonite
|-damage|p2a: Dragonite|58/100
|
|-weather|Sandstorm|[upkeep]
|-damage|p2a: Dragonite|52/100|[from] Sandstorm
|-damage|p1a: Dragonite|19/100|[from] Sandstorm
|upkeep
|turn|56
|
|t:|1781143813
|move|p2a: Dragonite|Extreme Speed|p1a: Dragonite
|-damage|p1a: Dragonite|0 fnt
|faint|p1a: Dragonite
|
|-weather|Sandstorm|[upkeep]
|-damage|p2a: Dragonite|46/100|[from] Sandstorm
|upkeep
|
|t:|1781143822
|switch|p1a: Gholdengo|Gholdengo|43/100
|turn|57
|
|t:|1781143829
|move|p2a: Dragonite|Earthquake|p1a: Gholdengo
|-supereffective|p1a: Gholdengo
|-damage|p1a: Gholdengo|0 fnt
|faint|p1a: Gholdengo
|
|-weather|none
|upkeep
|
|t:|1781143831
|switch|p1a: Ting-Lu|Ting-Lu, tera:Water|25/100
|-ability|p1a: Ting-Lu|Vessel of Ruin
|turn|58
|
|t:|1781143837
|move|p2a: Dragonite|Extreme Speed|p1a: Ting-Lu
|-damage|p1a: Ting-Lu|0 fnt
|faint|p1a: Ting-Lu
|
|upkeep
|
|t:|1781143841
|switch|p1a: Raging Bolt|Raging Bolt|2/100
|turn|59
|
|t:|1781143844
|move|p2a: Dragonite|Extreme Speed|p1a: Raging Bolt
|-damage|p1a: Raging Bolt|0 fnt
|faint|p1a: Raging Bolt
|-end|p1a: Raging Bolt|Protosynthesis|[silent]
|
|upkeep
|c|☆Hachipon|gg
|
|t:|1781143847
|switch|p1a: Iron Valiant|Iron Valiant|6/100
|turn|60
|
|t:|1781143851
|move|p2a: Dragonite|Earthquake|p1a: Iron Valiant
|-damage|p1a: Iron Valiant|0 fnt
|faint|p1a: Iron Valiant
|-end|p1a: Iron Valiant|Quark Drive|[silent]
|
|win|KurisuChestnutLab
|raw|Hachipon's rating: 1557 &rarr; <strong>1537</strong><br />(-20 for losing)
|raw|KurisuChestnutLab's rating: 1553 &rarr; <strong>1573</strong><br />(+20 for winning)
