|j|☆ridlostar
|j|☆ho3nConfirm3d
|t:|1781100475
|gametype|singles
|player|p1|ridlostar|hilbert|1639
|player|p2|ho3nConfirm3d|#scl5shoguns|1607
|gen|9
|tier|[Gen 9] OU
|rated|
|rule|HP Percentage Mod: HP is shown in percentages
|rule|Endless Battle Clause: Forcing endless battles is banned
|rule|Species Clause: Limit one of each Pokémon
|rule|OHKO Clause: OHKO moves are banned
|rule|Evasion Items Clause: Evasion items are banned
|rule|Evasion Moves Clause: Evasion moves are banned
|rule|Evasion Abilities Clause: Evasion abilities are banned
|rule|Sleep Moves Clause: Sleep-inducing moves are banned
|clearpoke
|poke|p1|Toedscruel, M|
|poke|p1|Darkrai|
|poke|p1|Cresselia, F|
|poke|p1|Clodsire, M|
|poke|p1|Dragonite, M|
|poke|p1|Alomomola, F|
|poke|p2|Glimmora, F|
|poke|p2|Gholdengo|
|poke|p2|Ogerpon-Wellspring, F|
|poke|p2|Raging Bolt|
|poke|p2|Enamorus, F|
|poke|p2|Blaziken, M|
|teampreview
|inactive|Battle timer is ON: inactive players will automatically lose when time's up. (requested by ho3nConfirm3d)
|
|t:|1781100497
|teamsize|p1|6
|teamsize|p2|6
|start
|switch|p1a: Keanu Reeves|Darkrai|100/100
|switch|p2a: Glimmora|Glimmora, F|100/100
|turn|1
|
|t:|1781100507
|switch|p1a: Big Man|Clodsire, M|100/100
|move|p2a: Glimmora|Stealth Rock|p1a: Big Man
|-sidestart|p1: ridlostar|move: Stealth Rock
|
|upkeep
|turn|2
|
|t:|1781100513
|switch|p2a: Enamorus|Enamorus, F|100/100
|move|p1a: Big Man|Stockpile|p1a: Big Man
|-start|p1a: Big Man|stockpile1
|-boost|p1a: Big Man|def|1
|-boost|p1a: Big Man|spd|1
|
|upkeep
|turn|3
|
|t:|1781100527
|switch|p2a: Ogerpon|Ogerpon-Wellspring, F|100/100
|move|p1a: Big Man|Toxic|p2a: Ogerpon
|-status|p2a: Ogerpon|tox
|
|-damage|p2a: Ogerpon|95/100 tox|[from] psn
|upkeep
|turn|4
|
|t:|1781100533
|switch|p1a: him|Dragonite, M|100/100
|-damage|p1a: him|76/100|[from] Stealth Rock
|move|p2a: Ogerpon|Ivy Cudgel|p1a: him|[anim] Ivy Cudgel Water
|-resisted|p1a: him
|-damage|p1a: him|46/100
|
|-heal|p1a: him|52/100|[from] item: Leftovers
|-damage|p2a: Ogerpon|83/100 tox|[from] psn
|upkeep
|turn|5
|inactive|ho3nConfirm3d has 120 seconds left.
|
|t:|1781100585
|switch|p2a: Glimmora|Glimmora, F|100/100
|move|p1a: him|Roost|p1a: him
|-heal|p1a: him|100/100
|-singleturn|p1a: him|move: Roost
|
|upkeep
|turn|6
|
|t:|1781100596
|switch|p2a: Blaziken|Blaziken, M|100/100
|-item|p2a: Blaziken|Air Balloon
|switch|p1a: Big Man|Clodsire, M|100/100
|-damage|p1a: Big Man|94/100|[from] Stealth Rock
|
|-heal|p1a: Big Man|100/100|[from] item: Leftovers
|upkeep
|turn|7
|
|t:|1781100600
|move|p2a: Blaziken|Flare Blitz|p1a: Big Man
|-damage|p1a: Big Man|57/100
|-status|p1a: Big Man|brn
|-damage|p2a: Blaziken|78/100|[from] Recoil
|move|p1a: Big Man|Stockpile|p1a: Big Man
|-start|p1a: Big Man|stockpile1
|-boost|p1a: Big Man|def|1
|-boost|p1a: Big Man|spd|1
|
|-heal|p1a: Big Man|63/100 brn|[from] item: Leftovers
|-damage|p1a: Big Man|57/100 brn|[from] brn
|-ability|p2a: Blaziken|Speed Boost|boost
|-boost|p2a: Blaziken|spe|1
|upkeep
|turn|8
|inactive|ho3nConfirm3d has 120 seconds left.
|
|t:|1781100608
|switch|p2a: Ogerpon|Ogerpon-Wellspring, F|83/100 tox
|move|p1a: Big Man|Recover|p1a: Big Man
|-heal|p1a: Big Man|100/100 brn
|
|-damage|p2a: Ogerpon|77/100 tox|[from] psn
|-damage|p1a: Big Man|94/100 brn|[from] brn
|upkeep
|turn|9
|
|t:|1781100614
|switch|p2a: Raging Bolt|Raging Bolt|100/100
|-enditem|p2a: Raging Bolt|Booster Energy
|-activate|p2a: Raging Bolt|ability: Protosynthesis|[fromitem]
|-start|p2a: Raging Bolt|protosynthesisspa
|move|p1a: Big Man|Earthquake|p2a: Raging Bolt
|-supereffective|p2a: Raging Bolt
|-damage|p2a: Raging Bolt|75/100
|
|-heal|p1a: Big Man|100/100 brn|[from] item: Leftovers
|-damage|p1a: Big Man|94/100 brn|[from] brn
|upkeep
|turn|10
|
|t:|1781100617
|move|p2a: Raging Bolt|Dragon Pulse|p1a: Big Man
|-damage|p1a: Big Man|63/100 brn
|move|p1a: Big Man|Toxic|p2a: Raging Bolt
|-status|p2a: Raging Bolt|tox
|
|-heal|p1a: Big Man|69/100 brn|[from] item: Leftovers
|-damage|p2a: Raging Bolt|69/100 tox|[from] psn
|-damage|p1a: Big Man|63/100 brn|[from] brn
|upkeep
|turn|11
|
|t:|1781100622
|move|p2a: Raging Bolt|Dragon Pulse|p1a: Big Man
|-damage|p1a: Big Man|29/100 brn
|move|p1a: Big Man|Recover|p1a: Big Man
|-heal|p1a: Big Man|79/100 brn
|
|-heal|p1a: Big Man|85/100 brn|[from] item: Leftovers
|-damage|p2a: Raging Bolt|57/100 tox|[from] psn
|-damage|p1a: Big Man|79/100 brn|[from] brn
|upkeep
|turn|12
|
|t:|1781100635
|-end|p2a: Raging Bolt|Protosynthesis|[silent]
|switch|p2a: Ogerpon|Ogerpon-Wellspring, F|77/100 tox
|move|p1a: Big Man|Stockpile|p1a: Big Man
|-start|p1a: Big Man|stockpile2
|-boost|p1a: Big Man|def|1
|-boost|p1a: Big Man|spd|1
|
|-heal|p1a: Big Man|85/100 brn|[from] item: Leftovers
|-damage|p2a: Ogerpon|71/100 tox|[from] psn
|-damage|p1a: Big Man|79/100 brn|[from] brn
|upkeep
|turn|13
|
|t:|1781100646
|switch|p1a: him|Dragonite, M|100/100
|-damage|p1a: him|76/100|[from] Stealth Rock
|move|p2a: Ogerpon|Ivy Cudgel|p1a: him|[anim] Ivy Cudgel Water
|-resisted|p1a: him
|-damage|p1a: him|43/100
|
|-heal|p1a: him|49/100|[from] item: Leftovers
|-damage|p2a: Ogerpon|59/100 tox|[from] psn
|upkeep
|turn|14
|
|t:|1781100660
|switch|p2a: Glimmora|Glimmora, F|100/100
|move|p1a: him|Roost|p1a: him
|-heal|p1a: him|99/100
|-singleturn|p1a: him|move: Roost
|
|-heal|p1a: him|100/100|[from] item: Leftovers
|upkeep
|turn|15
|
|t:|1781100681
|switch|p2a: Blaziken|Blaziken, M|78/100
|-item|p2a: Blaziken|Air Balloon
|switch|p1a: Fair and Balanced|Alomomola, F|100/100
|
|upkeep
|turn|16
|
|t:|1781100689
|switch|p2a: Ogerpon|Ogerpon-Wellspring, F|59/100 tox
|move|p1a: Fair and Balanced|Flip Turn|p2a: Ogerpon
|-heal|p2a: Ogerpon|84/100 tox|[from] ability: Water Absorb|[of] p1a: Fair and Balanced
|
|-damage|p2a: Ogerpon|78/100 tox|[from] psn
|upkeep
|turn|17
|
|t:|1781100698
|switch|p2a: Gholdengo|Gholdengo|100/100
|switch|p1a: him|Dragonite, M|100/100
|-damage|p1a: him|76/100|[from] Stealth Rock
|
|-heal|p1a: him|82/100|[from] item: Leftovers
|upkeep
|turn|18
|
|t:|1781100708
|switch|p1a: Fair and Balanced|Alomomola, F|100/100
|move|p2a: Gholdengo|Nasty Plot|p2a: Gholdengo
|-boost|p2a: Gholdengo|spa|2
|
|upkeep
|turn|19
|
|t:|1781100720
|switch|p1a: Keanu Reeves|Darkrai|100/100
|-damage|p1a: Keanu Reeves|88/100|[from] Stealth Rock
|move|p2a: Gholdengo|Shadow Ball|p1a: Keanu Reeves
|-resisted|p1a: Keanu Reeves
|-damage|p1a: Keanu Reeves|25/100
|
|upkeep
|turn|20
|
|t:|1781100723
|switch|p2a: Enamorus|Enamorus, F|100/100
|move|p1a: Keanu Reeves|Knock Off|p2a: Enamorus
|-resisted|p2a: Enamorus
|-damage|p2a: Enamorus|71/100
|-enditem|p2a: Enamorus|Choice Scarf|[from] move: Knock Off|[of] p1a: Keanu Reeves
|
|upkeep
|turn|21
|
|t:|1781100727
|move|p1a: Keanu Reeves|Ice Beam|p2a: Enamorus
|-supereffective|p2a: Enamorus
|-damage|p2a: Enamorus|0 fnt
|faint|p2a: Enamorus
|
|upkeep
|
|t:|1781100733
|switch|p2a: Blaziken|Blaziken, M|78/100
|-item|p2a: Blaziken|Air Balloon
|turn|22
|
|t:|1781100750
|switch|p1a: Fair and Balanced|Alomomola, F|100/100
|move|p2a: Blaziken|Swords Dance|p2a: Blaziken
|-boost|p2a: Blaziken|atk|2
|
|-ability|p2a: Blaziken|Speed Boost|boost
|-boost|p2a: Blaziken|spe|1
|upkeep
|turn|23
|
|t:|1781100759
|-terastallize|p2a: Blaziken|Ghost
|move|p2a: Blaziken|Swords Dance|p2a: Blaziken
|-boost|p2a: Blaziken|atk|2
|move|p1a: Fair and Balanced|Wish|p1a: Fair and Balanced
|
|-ability|p2a: Blaziken|Speed Boost|boost
|-boost|p2a: Blaziken|spe|1
|upkeep
|turn|24
|
|t:|1781100764
|switch|p1a: Big Man|Clodsire, M|79/100 brn
|-damage|p1a: Big Man|73/100 brn|[from] Stealth Rock
|move|p2a: Blaziken|Close Combat|p1a: Big Man
|-resisted|p1a: Big Man
|-damage|p1a: Big Man|50/100 brn
|-unboost|p2a: Blaziken|def|1
|-unboost|p2a: Blaziken|spd|1
|
|-heal|p1a: Big Man|100/100 brn|[from] move: Wish|[wisher] Fair and Balanced
|-damage|p1a: Big Man|94/100 brn|[from] brn
|-ability|p2a: Blaziken|Speed Boost|boost
|-boost|p2a: Blaziken|spe|1
|upkeep
|turn|25
|j| sry 4 luck
|
|t:|1781100777
|move|p2a: Blaziken|Flare Blitz|p1a: Big Man
|-damage|p1a: Big Man|47/100 brn
|-damage|p2a: Blaziken|54/100|[from] Recoil
|move|p1a: Big Man|Toxic|p2a: Blaziken
|-status|p2a: Blaziken|tox
|
|-heal|p1a: Big Man|53/100 brn|[from] item: Leftovers
|-damage|p2a: Blaziken|48/100 tox|[from] psn
|-damage|p1a: Big Man|47/100 brn|[from] brn
|-ability|p2a: Blaziken|Speed Boost|boost
|-boost|p2a: Blaziken|spe|1
|upkeep
|turn|26
|l| sry 4 luck
|
|t:|1781100792
|move|p2a: Blaziken|Flare Blitz|p1a: Big Man
|-damage|p1a: Big Man|1/100 brn
|-damage|p2a: Blaziken|25/100 tox|[from] Recoil
|move|p1a: Big Man|Recover|p1a: Big Man
|-heal|p1a: Big Man|51/100 brn
|
|-heal|p1a: Big Man|58/100 brn|[from] item: Leftovers
|-damage|p2a: Blaziken|13/100 tox|[from] psn
|-damage|p1a: Big Man|51/100 brn|[from] brn
|-ability|p2a: Blaziken|Speed Boost|boost
|-boost|p2a: Blaziken|spe|1
|upkeep
|turn|27
|
|t:|1781100800
|switch|p2a: Ogerpon|Ogerpon-Wellspring, F|78/100 tox
|move|p1a: Big Man|Recover|p1a: Big Man
|-heal|p1a: Big Man|100/100 brn
|
|-damage|p2a: Ogerpon|72/100 tox|[from] psn
|-damage|p1a: Big Man|94/100 brn|[from] brn
|upkeep
|turn|28
|
|t:|1781100808
|switch|p2a: Gholdengo|Gholdengo|100/100
|switch|p1a: him|Dragonite, M|82/100
|-damage|p1a: him|57/100|[from] Stealth Rock
|
|-heal|p1a: him|63/100|[from] item: Leftovers
|upkeep
|turn|29
|
|t:|1781100818
|switch|p1a: Keanu Reeves|Darkrai|25/100
|-damage|p1a: Keanu Reeves|13/100|[from] Stealth Rock
|move|p2a: Gholdengo|Nasty Plot|p2a: Gholdengo
|-boost|p2a: Gholdengo|spa|2
|
|upkeep
|turn|30
|
|t:|1781100822
|switch|p2a: Glimmora|Glimmora, F|100/100
|move|p1a: Keanu Reeves|Knock Off|p2a: Glimmora
|-damage|p2a: Glimmora|63/100
|-activate|p2a: Glimmora|ability: Toxic Debris
|-sidestart|p1: ridlostar|move: Toxic Spikes
|-enditem|p2a: Glimmora|Red Card|[from] move: Knock Off|[of] p1a: Keanu Reeves
|
|upkeep
|turn|31
|
|t:|1781100839
|switch|p1a: Big Man|Clodsire, M|94/100 brn
|-damage|p1a: Big Man|88/100 brn|[from] Stealth Rock
|-sideend|p1: ridlostar|move: Toxic Spikes|[of] p1a: Big Man
|move|p2a: Glimmora|Earth Power|p1a: Big Man
|-supereffective|p1a: Big Man
|-damage|p1a: Big Man|49/100 brn
|
|-heal|p1a: Big Man|55/100 brn|[from] item: Leftovers
|-damage|p1a: Big Man|49/100 brn|[from] brn
|upkeep
|turn|32
|
|t:|1781100846
|switch|p2a: Ogerpon|Ogerpon-Wellspring, F|72/100 tox
|move|p1a: Big Man|Recover|p1a: Big Man
|-heal|p1a: Big Man|99/100 brn
|
|-heal|p1a: Big Man|100/100 brn|[from] item: Leftovers
|-damage|p2a: Ogerpon|66/100 tox|[from] psn
|-damage|p1a: Big Man|94/100 brn|[from] brn
|upkeep
|turn|33
|
|t:|1781100858
|switch|p1a: Keanu Reeves|Darkrai|13/100
|-damage|p1a: Keanu Reeves|0 fnt|[from] Stealth Rock
|faint|p1a: Keanu Reeves
|move|p2a: Ogerpon|Ivy Cudgel|p1: Keanu Reeves|[notarget]
|-fail|p2a: Ogerpon
|
|-damage|p2a: Ogerpon|54/100 tox|[from] psn
|upkeep
|
|t:|1781100873
|switch|p1a: why|Cresselia, F, shiny|100/100
|-damage|p1a: why|88/100|[from] Stealth Rock
|turn|34
|
|t:|1781100879
|switch|p2a: Gholdengo|Gholdengo|100/100
|move|p1a: why|Calm Mind|p1a: why
|-boost|p1a: why|spa|1
|-boost|p1a: why|spd|1
|
|-heal|p1a: why|94/100|[from] item: Leftovers
|upkeep
|turn|35
|
|t:|1781100889
|move|p2a: Gholdengo|Nasty Plot|p2a: Gholdengo
|-boost|p2a: Gholdengo|spa|2
|move|p1a: why|Calm Mind|p1a: why
|-boost|p1a: why|spa|1
|-boost|p1a: why|spd|1
|
|-heal|p1a: why|99/100|[from] item: Leftovers
|upkeep
|turn|36
|
|t:|1781100895
|move|p2a: Gholdengo|Shadow Ball|p1a: why
|-supereffective|p1a: why
|-damage|p1a: why|40/100
|-unboost|p1a: why|spd|1
|move|p1a: why|Calm Mind|p1a: why
|-boost|p1a: why|spa|1
|-boost|p1a: why|spd|1
|
|-heal|p1a: why|46/100|[from] item: Leftovers
|upkeep
|turn|37
|j| yuureisuisei
|
|t:|1781100902
|-terastallize|p1a: why|Poison
|move|p2a: Gholdengo|Nasty Plot|p2a: Gholdengo
|-boost|p2a: Gholdengo|spa|2
|move|p1a: why|Moonlight|p1a: why
|-heal|p1a: why|96/100
|
|-heal|p1a: why|100/100|[from] item: Leftovers
|upkeep
|turn|38
|
|t:|1781100907
|move|p2a: Gholdengo|Nasty Plot|p2a: Gholdengo
|-boost|p2a: Gholdengo|spa|2
|move|p1a: why|Stored Power|p2a: Gholdengo
|-resisted|p2a: Gholdengo
|-damage|p2a: Gholdengo|51/100
|
|upkeep
|turn|39
|
|t:|1781100921
|switch|p1a: him|Dragonite, M|63/100
|-damage|p1a: him|38/100|[from] Stealth Rock
|move|p2a: Gholdengo|Make It Rain|p1a: him
|-damage|p1a: him|0 fnt
|-unboost|p2a: Gholdengo|spa|1
|faint|p1a: him
|
|upkeep
|
|t:|1781100930
|switch|p1a: Squidward?|Toedscruel, M|100/100
|turn|40
|
|t:|1781100945
|move|p1a: Squidward?|Earth Power|p2a: Gholdengo
|-supereffective|p2a: Gholdengo
|-enditem|p2a: Gholdengo|Shuca Berry|[eat]
|-enditem|p2a: Gholdengo|Shuca Berry|[weaken]
|-damage|p2a: Gholdengo|6/100
|move|p2a: Gholdengo|Shadow Ball|p1a: Squidward?
|-damage|p1a: Squidward?|0 fnt
|faint|p1a: Squidward?
|
|upkeep
|
|t:|1781100954
|switch|p1a: Big Man|Clodsire, M|94/100 brn
|-damage|p1a: Big Man|88/100 brn|[from] Stealth Rock
|turn|41
|
|t:|1781100972
|move|p2a: Gholdengo|Make It Rain|p1a: Big Man
|-damage|p1a: Big Man|35/100 brn
|-unboost|p2a: Gholdengo|spa|1
|move|p1a: Big Man|Earthquake|p2a: Gholdengo
|-supereffective|p2a: Gholdengo
|-damage|p2a: Gholdengo|0 fnt
|faint|p2a: Gholdengo
|
|-heal|p1a: Big Man|41/100 brn|[from] item: Leftovers
|-damage|p1a: Big Man|35/100 brn|[from] brn
|upkeep
|
|t:|1781100986
|switch|p2a: Ogerpon|Ogerpon-Wellspring, F|54/100 tox
|turn|42
|
|t:|1781100989
|switch|p1a: why|Cresselia, F, shiny, tera:Poison|100/100
|-damage|p1a: why|88/100|[from] Stealth Rock
|move|p2a: Ogerpon|Swords Dance|p2a: Ogerpon
|-boost|p2a: Ogerpon|atk|2
|
|-heal|p1a: why|94/100|[from] item: Leftovers
|-damage|p2a: Ogerpon|48/100 tox|[from] psn
|upkeep
|turn|43
|
|t:|1781100993
|move|p2a: Ogerpon|Ivy Cudgel|p1a: why|[anim] Ivy Cudgel Water
|-damage|p1a: why|35/100
|move|p1a: why|Moonblast|p2a: Ogerpon
|-damage|p2a: Ogerpon|28/100 tox
|-unboost|p2a: Ogerpon|spa|1
|
|-heal|p1a: why|41/100|[from] item: Leftovers
|-damage|p2a: Ogerpon|16/100 tox|[from] psn
|upkeep
|turn|44
|
|t:|1781101000
|move|p2a: Ogerpon|Synthesis|p2a: Ogerpon
|-heal|p2a: Ogerpon|66/100 tox
|move|p1a: why|Moonlight|p1a: why
|-heal|p1a: why|91/100
|
|-heal|p1a: why|97/100|[from] item: Leftovers
|-damage|p2a: Ogerpon|48/100 tox|[from] psn
|upkeep
|turn|45
|
|t:|1781101005
|move|p2a: Ogerpon|Ivy Cudgel|p1a: why|[anim] Ivy Cudgel Water
|-damage|p1a: why|37/100
|move|p1a: why|Moonblast|p2a: Ogerpon
|-damage|p2a: Ogerpon|29/100 tox
|-unboost|p2a: Ogerpon|spa|1
|
|-heal|p1a: why|43/100|[from] item: Leftovers
|-damage|p2a: Ogerpon|5/100 tox|[from] psn
|upkeep
|turn|46
|
|t:|1781101009
|move|p2a: Ogerpon|Ivy Cudgel|p1a: why|[anim] Ivy Cudgel Water
|-damage|p1a: why|0 fnt
|faint|p1a: why
|
|-damage|p2a: Ogerpon|0 fnt|[from] psn
|faint|p2a: Ogerpon
|upkeep
|
|t:|1781101015
|switch|p2a: Glimmora|Glimmora, F|63/100
|switch|p1a: Fair and Balanced|Alomomola, F|100/100
|turn|47
|
|t:|1781101018
|move|p2a: Glimmora|Mortal Spin|p1a: Fair and Balanced
|-damage|p1a: Fair and Balanced|96/100
|-status|p1a: Fair and Balanced|psn
|move|p1a: Fair and Balanced|Healing Wish|p1a: Fair and Balanced
|faint|p1a: Fair and Balanced
|
|upkeep
|
|t:|1781101020
|switch|p1a: Big Man|Clodsire, M|35/100 brn
|-heal|p1a: Big Man|100/100|[from] move: Healing Wish
|-damage|p1a: Big Man|94/100|[from] Stealth Rock
|turn|48
|
|t:|1781101024
|move|p2a: Glimmora|Earth Power|p1a: Big Man
|-supereffective|p1a: Big Man
|-damage|p1a: Big Man|58/100
|move|p1a: Big Man|Stockpile|p1a: Big Man
|-start|p1a: Big Man|stockpile1
|-boost|p1a: Big Man|def|1
|-boost|p1a: Big Man|spd|1
|
|-heal|p1a: Big Man|64/100|[from] item: Leftovers
|upkeep
|turn|49
|
|t:|1781101030
|move|p2a: Glimmora|Earth Power|p1a: Big Man
|-supereffective|p1a: Big Man
|-damage|p1a: Big Man|38/100
|move|p1a: Big Man|Recover|p1a: Big Man
|-heal|p1a: Big Man|88/100
|
|-heal|p1a: Big Man|94/100|[from] item: Leftovers
|upkeep
|turn|50
|
|t:|1781101041
|move|p2a: Glimmora|Earth Power|p1a: Big Man
|-supereffective|p1a: Big Man
|-damage|p1a: Big Man|67/100
|move|p1a: Big Man|Stockpile|p1a: Big Man
|-start|p1a: Big Man|stockpile2
|-boost|p1a: Big Man|def|1
|-boost|p1a: Big Man|spd|1
|
|-heal|p1a: Big Man|73/100|[from] item: Leftovers
|upkeep
|turn|51
|
|t:|1781101049
|move|p2a: Glimmora|Earth Power|p1a: Big Man
|-supereffective|p1a: Big Man
|-damage|p1a: Big Man|55/100
|move|p1a: Big Man|Recover|p1a: Big Man
|-heal|p1a: Big Man|100/100
|
|upkeep
|turn|52
|
|t:|1781101054
|move|p2a: Glimmora|Earth Power|p1a: Big Man
|-supereffective|p1a: Big Man
|-damage|p1a: Big Man|83/100
|move|p1a: Big Man|Earthquake|p2a: Glimmora
|-supereffective|p2a: Glimmora
|-damage|p2a: Glimmora|0 fnt
|-activate|p2a: Glimmora|ability: Toxic Debris
|-sidestart|p1: ridlostar|move: Toxic Spikes
|faint|p2a: Glimmora
|
|-heal|p1a: Big Man|89/100|[from] item: Leftovers
|upkeep
|
|t:|1781101056
|switch|p2a: Raging Bolt|Raging Bolt|57/100 tox
|turn|53
|
|t:|1781101061
|move|p2a: Raging Bolt|Dragon Pulse|p1a: Big Man
|-damage|p1a: Big Man|72/100
|move|p1a: Big Man|Earthquake|p2a: Raging Bolt
|-supereffective|p2a: Raging Bolt
|-crit|p2a: Raging Bolt
|-damage|p2a: Raging Bolt|0 fnt
|faint|p2a: Raging Bolt
|-end|p2a: Raging Bolt|Protosynthesis|[silent]
|
|-heal|p1a: Big Man|78/100|[from] item: Leftovers
|upkeep
|l| yuureisuisei
|
|t:|1781101083
|switch|p2a: Blaziken|Blaziken, M, tera:Ghost|13/100 tox
|-item|p2a: Blaziken|Air Balloon
|turn|54
|
|t:|1781101088
|move|p2a: Blaziken|Flare Blitz|p1a: Big Man
|-damage|p1a: Big Man|53/100
|-damage|p2a: Blaziken|0 fnt|[from] Recoil
|faint|p2a: Blaziken
|
|win|ridlostar
|raw|ridlostar's rating: 1639 &rarr; <strong>1658</strong><br />(+19 for winning)
|raw|ho3nConfirm3d's rating: 1624 &rarr; <strong>1605</strong><br />(-19 for losing)
|l|☆ho3nConfirm3d
|player|p2|
|c|☆ridlostar|gg
|l|☆ridlostar
|player|p1|
