|j|☆n5v
|j|☆DarkG99
|t:|1781208724
|gametype|singles
|player|p1|n5v|leon-masters|1689
|player|p2|DarkG99|karen|1678
|gen|9
|tier|[Gen 9] OU
|rated|
|rule|HP Percentage Mod: HP is shown in percentages
|rule|Endless Battle Clause: Forcing endless battles is banned
|rule|Species Clause: Limit one of each Pokémon
|rule|OHKO Clause: OHKO moves are banned
|rule|Evasion Items Clause: Evasion items are banned
|rule|Evasion Moves Clause: Evasion moves are banned
|rule|Evasion Abilities Clause: Evasion abilities are banned
|rule|Sleep Moves Clause: Sleep-inducing moves are banned
|clearpoke
|poke|p1|Araquanid, F|
|poke|p1|Gholdengo|
|poke|p1|Iron Moth|
|poke|p1|Iron Valiant|
|poke|p1|Raging Bolt|
|poke|p1|Kingambit, F|
|poke|p2|Kommo-o, M|
|poke|p2|Sinistcha-Masterpiece|
|poke|p2|Ninetales-Alola, F|
|poke|p2|Heatran, M|
|poke|p2|Maushold-Four|
|poke|p2|Ogerpon-Wellspring, F|
|teampreview
|c|☆n5v|glhf
|
|t:|1781208740
|teamsize|p1|6
|teamsize|p2|6
|start
|switch|p1a: QUIL|Araquanid, F|100/100
|switch|p2a: Maushold|Maushold-Four|100/100
|turn|1
|
|t:|1781208747
|move|p2a: Maushold|Switcheroo|p1a: QUIL
|-activate|p2a: Maushold|move: Trick|[of] p1a: QUIL
|-item|p1a: QUIL|Choice Scarf|[from] move: Switcheroo
|-item|p2a: Maushold|Custap Berry|[from] move: Switcheroo
|move|p1a: QUIL|Lunge|p2a: Maushold
|-damage|p2a: Maushold|66/100
|-unboost|p2a: Maushold|atk|1
|
|upkeep
|turn|2
|
|t:|1781208753
|move|p2a: Maushold|Tidy Up|p2a: Maushold
|-boost|p2a: Maushold|atk|1
|-boost|p2a: Maushold|spe|1
|move|p1a: QUIL|Lunge|p2a: Maushold
|-damage|p2a: Maushold|31/100
|-unboost|p2a: Maushold|atk|1
|
|upkeep
|turn|3
|
|t:|1781208759
|switch|p1a: TREE?|Gholdengo|100/100
|-item|p1a: TREE?|Air Balloon
|move|p2a: Maushold|Population Bomb|p1a: TREE?
|-immune|p1a: TREE?
|
|upkeep
|turn|4
|
|t:|1781208768
|switch|p2a: Heatran|Heatran, M|100/100
|move|p1a: TREE?|Shadow Ball|p2a: Heatran
|-damage|p2a: Heatran|73/100
|
|-heal|p2a: Heatran|80/100|[from] item: Leftovers
|upkeep
|turn|5
|
|t:|1781208772
|move|p1a: TREE?|Focus Blast|p2a: Heatran
|-supereffective|p2a: Heatran
|-damage|p2a: Heatran|26/100
|move|p2a: Heatran|Stealth Rock|p1a: TREE?
|-sidestart|p1: n5v|move: Stealth Rock
|
|-heal|p2a: Heatran|32/100|[from] item: Leftovers
|upkeep
|turn|6
|
|t:|1781208775
|move|p1a: TREE?|Focus Blast|p2a: Heatran
|-supereffective|p2a: Heatran
|-damage|p2a: Heatran|0 fnt
|faint|p2a: Heatran
|
|upkeep
|
|t:|1781208777
|switch|p2a: Ninetales|Ninetales-Alola, F|100/100
|-weather|Snowscape|[from] ability: Snow Warning|[of] p2a: Ninetales
|turn|7
|
|t:|1781208780
|move|p2a: Ninetales|Aurora Veil|p2a: Ninetales
|-sidestart|p2: DarkG99|move: Aurora Veil
|move|p1a: TREE?|Make It Rain|p2a: Ninetales
|-supereffective|p2a: Ninetales
|-damage|p2a: Ninetales|0 fnt
|-unboost|p1a: TREE?|spa|1
|faint|p2a: Ninetales
|
|-weather|Snowscape|[upkeep]
|upkeep
|
|t:|1781208784
|switch|p2a: Ogerpon|Ogerpon-Wellspring, F|100/100
|turn|8
|
|t:|1781208788
|switch|p1a: QUIL|Araquanid, F|100/100
|-damage|p1a: QUIL|75/100|[from] Stealth Rock
|move|p2a: Ogerpon|Swords Dance|p2a: Ogerpon
|-boost|p2a: Ogerpon|atk|2
|
|-weather|Snowscape|[upkeep]
|upkeep
|turn|9
|
|t:|1781208794
|move|p2a: Ogerpon|Trailblaze|p1a: QUIL
|-crit|p1a: QUIL
|-damage|p1a: QUIL|0 fnt
|-boost|p2a: Ogerpon|spe|1
|faint|p1a: QUIL
|
|-weather|Snowscape|[upkeep]
|upkeep
|c|☆n5v|bruh
|
|t:|1781208832
|switch|p1a: DELI|Raging Bolt|100/100
|-damage|p1a: DELI|88/100|[from] Stealth Rock
|-enditem|p1a: DELI|Booster Energy
|-activate|p1a: DELI|ability: Protosynthesis|[fromitem]
|-start|p1a: DELI|protosynthesisspa
|turn|10
|
|t:|1781208838
|move|p2a: Ogerpon|Ivy Cudgel|p1a: DELI|[anim] Ivy Cudgel Water
|-resisted|p1a: DELI
|-damage|p1a: DELI|33/100
|move|p1a: DELI|Thunderbolt|p2a: Ogerpon
|-damage|p2a: Ogerpon|63/100
|-status|p2a: Ogerpon|par
|
|-weather|Snowscape|[upkeep]
|upkeep
|turn|11
|
|t:|1781208844
|cant|p2a: Ogerpon|par
|move|p1a: DELI|Thunderbolt|p2a: Ogerpon
|-damage|p2a: Ogerpon|27/100 par
|
|-weather|none
|upkeep
|turn|12
|
|t:|1781208847
|move|p1a: DELI|Thunderclap|p2a: Ogerpon
|-damage|p2a: Ogerpon|0 fnt
|faint|p2a: Ogerpon
|
|upkeep
|
|t:|1781208851
|switch|p2a: Kommo-o|Kommo-o, M|100/100
|turn|13
|
|t:|1781208856
|-terastallize|p2a: Kommo-o|Normal
|move|p2a: Kommo-o|Clangorous Soul|p2a: Kommo-o
|-boost|p2a: Kommo-o|atk|1
|-boost|p2a: Kommo-o|def|1
|-boost|p2a: Kommo-o|spa|1
|-boost|p2a: Kommo-o|spd|1
|-boost|p2a: Kommo-o|spe|1
|-damage|p2a: Kommo-o|68/100
|move|p1a: DELI|Dragon Pulse|p2a: Kommo-o
|-damage|p2a: Kommo-o|41/100
|-enditem|p2a: Kommo-o|Sitrus Berry|[eat]
|-heal|p2a: Kommo-o|66/100|[from] item: Sitrus Berry
|
|upkeep
|turn|14
|
|t:|1781208864
|move|p1a: DELI|Thunderclap||[still]
|-fail|p1a: DELI
|move|p2a: Kommo-o|Clangorous Soul|p2a: Kommo-o
|-boost|p2a: Kommo-o|atk|1
|-boost|p2a: Kommo-o|def|1
|-boost|p2a: Kommo-o|spa|1
|-boost|p2a: Kommo-o|spd|1
|-boost|p2a: Kommo-o|spe|1
|-damage|p2a: Kommo-o|33/100
|
|-sideend|p2: DarkG99|move: Aurora Veil
|upkeep
|turn|15
|
|t:|1781208869
|-end|p1a: DELI|Protosynthesis|[silent]
|switch|p1a: TREE?|Gholdengo|100/100
|-damage|p1a: TREE?|94/100|[from] Stealth Rock
|-item|p1a: TREE?|Air Balloon
|move|p2a: Kommo-o|Drain Punch|p1a: TREE?
|-immune|p1a: TREE?
|
|upkeep
|turn|16
|
|t:|1781208874
|move|p2a: Kommo-o|Flamethrower|p1a: TREE?
|-supereffective|p1a: TREE?
|-crit|p1a: TREE?
|-damage|p1a: TREE?|0 fnt
|-enditem|p1a: TREE?|Air Balloon
|faint|p1a: TREE?
|
|upkeep
|
|t:|1781208886
|switch|p1a: QUZZ|Iron Valiant|100/100
|-damage|p1a: QUZZ|94/100|[from] Stealth Rock
|-enditem|p1a: QUZZ|Booster Energy
|-activate|p1a: QUZZ|ability: Quark Drive|[fromitem]
|-start|p1a: QUZZ|quarkdrivespa
|turn|17
|
|t:|1781208891
|move|p2a: Kommo-o|Boomburst|p1a: QUZZ
|-damage|p1a: QUZZ|0 fnt
|faint|p1a: QUZZ
|-end|p1a: QUZZ|Quark Drive|[silent]
|
|upkeep
|
|t:|1781208901
|switch|p1a: DELI|Raging Bolt|33/100
|-damage|p1a: DELI|20/100|[from] Stealth Rock
|turn|18
|
|t:|1781208907
|move|p1a: DELI|Thunderclap|p2a: Kommo-o
|-damage|p2a: Kommo-o|10/100
|move|p2a: Kommo-o|Drain Punch|p1a: DELI
|-damage|p1a: DELI|0 fnt
|-heal|p2a: Kommo-o|24/100|[from] drain|[of] p1a: DELI
|faint|p1a: DELI
|-end|p1a: DELI|Protosynthesis|[silent]
|
|upkeep
|
|t:|1781208910
|switch|p1a: SUPA|Kingambit, F|100/100
|-damage|p1a: SUPA|94/100|[from] Stealth Rock
|-activate|p1a: SUPA|ability: Supreme Overlord
|-start|p1a: SUPA|fallen4|[silent]
|-item|p1a: SUPA|Air Balloon
|turn|19
|
|t:|1781208918
|-end|p1a: SUPA|fallen4|[silent]
|switch|p1a: CALA|Iron Moth|100/100
|-damage|p1a: CALA|76/100|[from] Stealth Rock
|-enditem|p1a: CALA|Booster Energy
|-activate|p1a: CALA|ability: Quark Drive|[fromitem]
|-start|p1a: CALA|quarkdrivespa
|move|p2a: Kommo-o|Flamethrower|p1a: CALA
|-resisted|p1a: CALA
|-damage|p1a: CALA|47/100
|
|upkeep
|turn|20
|
|t:|1781208923
|move|p2a: Kommo-o|Boomburst|p1a: CALA
|-crit|p1a: CALA
|-damage|p1a: CALA|0 fnt
|faint|p1a: CALA
|-end|p1a: CALA|Quark Drive|[silent]
|
|upkeep
|
|t:|1781208924
|switch|p1a: SUPA|Kingambit, F|94/100
|-damage|p1a: SUPA|88/100|[from] Stealth Rock
|-activate|p1a: SUPA|ability: Supreme Overlord
|-start|p1a: SUPA|fallen5|[silent]
|-item|p1a: SUPA|Air Balloon
|turn|21
|
|t:|1781208936
|move|p1a: SUPA|Sucker Punch|p2a: Kommo-o
|-damage|p2a: Kommo-o|0 fnt
|faint|p2a: Kommo-o
|
|upkeep
|
|t:|1781208940
|switch|p2a: Sinistcha|Sinistcha-Masterpiece|100/100
|turn|22
|
|t:|1781208946
|move|p1a: SUPA|Swords Dance|p1a: SUPA
|-boost|p1a: SUPA|atk|2
|move|p2a: Sinistcha|Stun Spore|p1a: SUPA
|-status|p1a: SUPA|par
|
|upkeep
|turn|23
|
|t:|1781208950
|move|p2a: Sinistcha|Hex|p1a: SUPA
|-resisted|p1a: SUPA
|-damage|p1a: SUPA|57/100 par
|-enditem|p1a: SUPA|Air Balloon
|move|p1a: SUPA|Kowtow Cleave|p2a: Sinistcha
|-supereffective|p2a: Sinistcha
|-damage|p2a: Sinistcha|0 fnt
|-damage|p1a: SUPA|40/100 par|[from] item: Rocky Helmet|[of] p2a: Sinistcha
|faint|p2a: Sinistcha
|
|upkeep
|
|t:|1781208957
|switch|p2a: Maushold|Maushold-Four|31/100
|turn|24
|
|t:|1781208963
|-terastallize|p1a: SUPA|Ghost
|move|p2a: Maushold|Population Bomb|p1a: SUPA
|-immune|p1a: SUPA
|move|p1a: SUPA|Iron Head|p2a: Maushold
|-damage|p2a: Maushold|0 fnt
|faint|p2a: Maushold
|
|win|n5v
|raw|n5v's rating: 1689 &rarr; <strong>1708</strong><br />(+19 for winning)
|raw|DarkG99's rating: 1678 &rarr; <strong>1659</strong><br />(-19 for losing)
|l|☆DarkG99
|player|p2|
|l|☆n5v
|player|p1|
