|j|☆Garacade
|j|☆stone xo
|t:|1780917039
|gametype|singles
|player|p1|Garacade|1|1510
|player|p2|stone xo|170|1567
|gen|9
|tier|[Gen 9] OU
|rated|
|rule|HP Percentage Mod: HP is shown in percentages
|rule|Endless Battle Clause: Forcing endless battles is banned
|rule|Species Clause: Limit one of each Pokémon
|rule|OHKO Clause: OHKO moves are banned
|rule|Evasion Items Clause: Evasion items are banned
|rule|Evasion Moves Clause: Evasion moves are banned
|rule|Evasion Abilities Clause: Evasion abilities are banned
|rule|Sleep Moves Clause: Sleep-inducing moves are banned
|clearpoke
|poke|p1|Hoopa-Unbound|
|poke|p1|Zapdos|
|poke|p1|Gholdengo|
|poke|p1|Great Tusk|
|poke|p1|Araquanid, M|
|poke|p1|Ogerpon, F|
|poke|p2|Torkoal, F|
|poke|p2|Walking Wake|
|poke|p2|Slither Wing|
|poke|p2|Hatterene, F|
|poke|p2|Landorus-Therian, M|
|poke|p2|Iron Moth|
|teampreview
|inactive|Battle timer is ON: inactive players will automatically lose when time's up. (requested by Garacade)
|
|t:|1780917053
|teamsize|p1|6
|teamsize|p2|6
|start
|switch|p1a: Hoopa|Hoopa-Unbound|100/100
|switch|p2a: Torkoal|Torkoal, F, shiny|100/100
|-weather|SunnyDay|[from] ability: Drought|[of] p2a: Torkoal
|turn|1
|
|t:|1780917061
|switch|p2a: Hatterene|Hatterene, F|100/100
|move|p1a: Hoopa|Trick|p2a: Hatterene
|-activate|p1a: Hoopa|move: Trick|[of] p2a: Hatterene
|-item|p2a: Hatterene|Choice Scarf|[from] move: Trick
|-item|p1a: Hoopa|Eject Button|[from] move: Trick
|
|-weather|SunnyDay|[upkeep]
|upkeep
|turn|2
|
|t:|1780917076
|switch|p1a: Great Tusk|Great Tusk|100/100
|-activate|p1a: Great Tusk|ability: Protosynthesis
|-start|p1a: Great Tusk|protosynthesisdef
|move|p2a: Hatterene|Nuzzle|p1a: Great Tusk
|-immune|p1a: Great Tusk
|
|-weather|SunnyDay|[upkeep]
|upkeep
|turn|3
|
|t:|1780917085
|switch|p2a: Walking Wake|Walking Wake|100/100
|-activate|p2a: Walking Wake|ability: Protosynthesis
|-start|p2a: Walking Wake|protosynthesisspa
|move|p1a: Great Tusk|Rapid Spin|p2a: Walking Wake
|-damage|p2a: Walking Wake|85/100
|-boost|p1a: Great Tusk|spe|1
|
|-weather|SunnyDay|[upkeep]
|upkeep
|turn|4
|
|t:|1780917093
|-end|p1a: Great Tusk|Protosynthesis|[silent]
|switch|p1a: Araquanid|Araquanid, M|100/100
|move|p2a: Walking Wake|Hydro Steam|p1a: Araquanid
|-resisted|p1a: Araquanid
|-damage|p1a: Araquanid|69/100
|
|-weather|SunnyDay|[upkeep]
|upkeep
|turn|5
|
|t:|1780917100
|-end|p2a: Walking Wake|Protosynthesis|[silent]
|switch|p2a: Hatterene|Hatterene, F|100/100
|move|p1a: Araquanid|Surf|p2a: Hatterene
|-damage|p2a: Hatterene|81/100
|
|-weather|SunnyDay|[upkeep]
|upkeep
|turn|6
|
|t:|1780917105
|switch|p1a: Great Tusk|Great Tusk|100/100
|-activate|p1a: Great Tusk|ability: Protosynthesis
|-start|p1a: Great Tusk|protosynthesisdef
|move|p2a: Hatterene|Draining Kiss|p1a: Great Tusk
|-supereffective|p1a: Great Tusk
|-damage|p1a: Great Tusk|38/100
|-heal|p2a: Hatterene|100/100|[from] drain|[of] p1a: Great Tusk
|
|-weather|SunnyDay|[upkeep]
|-heal|p1a: Great Tusk|44/100|[from] item: Leftovers
|upkeep
|turn|7
|
|t:|1780917110
|-end|p1a: Great Tusk|Protosynthesis|[silent]
|switch|p1a: Gholdengo|Gholdengo|100/100
|move|p2a: Hatterene|Draining Kiss|p1a: Gholdengo
|-resisted|p1a: Gholdengo
|-damage|p1a: Gholdengo|87/100
|
|-weather|SunnyDay|[upkeep]
|upkeep
|turn|8
|
|t:|1780917117
|switch|p2a: Slither Wing|Slither Wing|100/100
|-activate|p2a: Slither Wing|ability: Protosynthesis
|-start|p2a: Slither Wing|protosynthesisatk
|move|p1a: Gholdengo|Shadow Ball|p2a: Slither Wing
|-damage|p2a: Slither Wing|67/100
|
|-weather|none
|-end|p2a: Slither Wing|Protosynthesis
|upkeep
|turn|9
|
|t:|1780917129
|switch|p1a: Zapdos|Zapdos|100/100
|move|p2a: Slither Wing|U-turn|p1a: Zapdos
|-resisted|p1a: Zapdos
|-damage|p1a: Zapdos|85/100
|-damage|p2a: Slither Wing|50/100|[from] item: Rocky Helmet|[of] p1a: Zapdos
|-status|p2a: Slither Wing|par|[from] ability: Static|[of] p1a: Zapdos
|
|t:|1780917141
|-end|p2a: Slither Wing|Protosynthesis|[silent]
|switch|p2a: Iron Moth|Iron Moth|100/100|[from] U-turn
|
|upkeep
|turn|10
|
|t:|1780917146
|move|p2a: Iron Moth|Fiery Dance|p1a: Zapdos
|-damage|p1a: Zapdos|19/100
|-boost|p2a: Iron Moth|spa|1
|move|p1a: Zapdos|Thunder Wave|p2a: Iron Moth
|-status|p2a: Iron Moth|par
|
|upkeep
|turn|11
|
|t:|1780917153
|move|p1a: Zapdos|Volt Switch|p2a: Iron Moth
|-damage|p2a: Iron Moth|73/100 par
|
|t:|1780917155
|switch|p1a: Araquanid|Araquanid, M|69/100|[from] Volt Switch
|move|p2a: Iron Moth|Fiery Dance|p1a: Araquanid
|-damage|p1a: Araquanid|32/100
|
|upkeep
|turn|12
|
|t:|1780917163
|-end|p2a: Iron Moth|Quark Drive|[silent]
|switch|p2a: Hatterene|Hatterene, F|100/100
|move|p1a: Araquanid|Endure||[still]
|-fail|p1a: Araquanid
|
|upkeep
|turn|13
|
|t:|1780917169
|switch|p1a: Zapdos|Zapdos|19/100
|move|p2a: Hatterene|Draining Kiss|p1a: Zapdos
|-damage|p1a: Zapdos|0 fnt
|-damage|p2a: Hatterene|84/100|[from] item: Rocky Helmet|[of] p1a: Zapdos
|faint|p1a: Zapdos
|
|upkeep
|
|t:|1780917175
|switch|p1a: Gholdengo|Gholdengo|87/100
|turn|14
|
|t:|1780917179
|switch|p2a: Slither Wing|Slither Wing|50/100 par
|move|p1a: Gholdengo|Shadow Ball|p2a: Slither Wing
|-damage|p2a: Slither Wing|10/100 par
|
|upkeep
|turn|15
|
|t:|1780917184
|move|p2a: Slither Wing|First Impression|p1a: Gholdengo
|-resisted|p1a: Gholdengo
|-damage|p1a: Gholdengo|71/100
|move|p1a: Gholdengo|Shadow Ball|p2a: Slither Wing
|-damage|p2a: Slither Wing|0 fnt
|faint|p2a: Slither Wing
|-end|p2a: Slither Wing|Protosynthesis|[silent]
|
|upkeep
|inactive|stone xo has 120 seconds left.
|
|t:|1780917219
|switch|p2a: Landorus|Landorus-Therian, M|100/100
|-ability|p2a: Landorus|Intimidate|boost
|-unboost|p1a: Gholdengo|atk|1
|turn|16
|
|t:|1780917225
|switch|p1a: Hoopa|Hoopa-Unbound|100/100
|move|p2a: Landorus|Earthquake|p1a: Hoopa
|-damage|p1a: Hoopa|5/100
|-enditem|p1a: Hoopa|Eject Button
|
|t:|1780917245
|switch|p1a: Ogerpon|Ogerpon, F|100/100
|
|upkeep
|turn|17
|
|t:|1780917254
|-terastallize|p1a: Ogerpon|Grass
|detailschange|p1a: Ogerpon|Ogerpon-Teal-Tera, F, tera:Grass
|-ability|p1a: Ogerpon|Embody Aspect (Teal)|boost
|-boost|p1a: Ogerpon|spe|1
|move|p1a: Ogerpon|U-turn|p2a: Landorus
|-resisted|p2a: Landorus
|-damage|p2a: Landorus|80/100
|
|t:|1780917261
|switch|p1a: Great Tusk|Great Tusk|44/100|[from] U-turn
|move|p2a: Landorus|U-turn|p1a: Great Tusk
|-resisted|p1a: Great Tusk
|-damage|p1a: Great Tusk|38/100
|
|t:|1780917267
|switch|p2a: Walking Wake|Walking Wake|85/100|[from] U-turn
|
|-heal|p1a: Great Tusk|44/100|[from] item: Leftovers
|upkeep
|turn|18
|
|t:|1780917270
|-end|p1a: Great Tusk|Protosynthesis|[silent]
|switch|p1a: Hoopa|Hoopa-Unbound|5/100
|move|p2a: Walking Wake|Hydro Steam|p1a: Hoopa
|-damage|p1a: Hoopa|0 fnt
|faint|p1a: Hoopa
|
|upkeep
|
|t:|1780917273
|switch|p1a: Ogerpon|Ogerpon-Teal-Tera, F, tera:Grass|100/100
|-ability|p1a: Ogerpon|Embody Aspect (Teal)|boost
|-boost|p1a: Ogerpon|spe|1
|turn|19
|
|t:|1780917283
|-end|p2a: Walking Wake|Protosynthesis|[silent]
|switch|p2a: Torkoal|Torkoal, F, shiny|100/100
|-weather|SunnyDay|[from] ability: Drought|[of] p2a: Torkoal
|move|p1a: Ogerpon|Ivy Cudgel|p2a: Torkoal
|-resisted|p2a: Torkoal
|-damage|p2a: Torkoal|59/100
|
|-weather|SunnyDay|[upkeep]
|upkeep
|turn|20
|
|t:|1780917293
|switch|p1a: Great Tusk|Great Tusk|44/100
|-activate|p1a: Great Tusk|ability: Protosynthesis
|-start|p1a: Great Tusk|protosynthesisdef
|move|p2a: Torkoal|Stealth Rock|p1a: Great Tusk
|-sidestart|p1: Garacade|move: Stealth Rock
|
|-weather|SunnyDay|[upkeep]
|-heal|p1a: Great Tusk|50/100|[from] item: Leftovers
|upkeep
|turn|21
|
|t:|1780917313
|switch|p2a: Walking Wake|Walking Wake|85/100
|-activate|p2a: Walking Wake|ability: Protosynthesis
|-start|p2a: Walking Wake|protosynthesisspa
|move|p1a: Great Tusk|Rapid Spin|p2a: Walking Wake
|-damage|p2a: Walking Wake|69/100
|-boost|p1a: Great Tusk|spe|1
|-sideend|p1: Garacade|Stealth Rock|[from] move: Rapid Spin|[of] p1a: Great Tusk
|
|-weather|SunnyDay|[upkeep]
|-heal|p1a: Great Tusk|56/100|[from] item: Leftovers
|upkeep
|turn|22
|
|t:|1780917324
|move|p2a: Walking Wake|Flamethrower|p1a: Great Tusk
|-damage|p1a: Great Tusk|0 fnt
|faint|p1a: Great Tusk
|-end|p1a: Great Tusk|Protosynthesis|[silent]
|
|-weather|SunnyDay|[upkeep]
|upkeep
|
|t:|1780917326
|switch|p1a: Ogerpon|Ogerpon-Teal-Tera, F, tera:Grass|100/100
|-ability|p1a: Ogerpon|Embody Aspect (Teal)|boost
|-boost|p1a: Ogerpon|spe|1
|turn|23
|
|t:|1780917350
|-end|p2a: Walking Wake|Protosynthesis|[silent]
|switch|p2a: Torkoal|Torkoal, F, shiny|59/100
|move|p1a: Ogerpon|Ivy Cudgel|p2a: Torkoal
|-resisted|p2a: Torkoal
|-damage|p2a: Torkoal|16/100
|
|-weather|SunnyDay|[upkeep]
|upkeep
|turn|24
|
|t:|1780917359
|switch|p2a: Iron Moth|Iron Moth|73/100 par
|move|p1a: Ogerpon|Ivy Cudgel|p2a: Iron Moth
|-resisted|p2a: Iron Moth
|-damage|p2a: Iron Moth|23/100 par
|
|-weather|SunnyDay|[upkeep]
|upkeep
|turn|25
|
|t:|1780917364
|move|p1a: Ogerpon|Ivy Cudgel|p2a: Iron Moth
|-resisted|p2a: Iron Moth
|-damage|p2a: Iron Moth|0 fnt
|faint|p2a: Iron Moth
|-end|p2a: Iron Moth|Quark Drive|[silent]
|
|-weather|SunnyDay|[upkeep]
|upkeep
|
|t:|1780917370
|switch|p2a: Hatterene|Hatterene, F|84/100
|turn|26
|
|t:|1780917375
|switch|p1a: Gholdengo|Gholdengo|71/100
|move|p2a: Hatterene|Nuzzle|p1a: Gholdengo
|-damage|p1a: Gholdengo|66/100
|-status|p1a: Gholdengo|par
|
|-weather|none
|upkeep
|turn|27
|
|t:|1780917385
|switch|p2a: Torkoal|Torkoal, F, shiny|16/100
|-weather|SunnyDay|[from] ability: Drought|[of] p2a: Torkoal
|move|p1a: Gholdengo|Shadow Ball|p2a: Torkoal
|-damage|p2a: Torkoal|0 fnt
|faint|p2a: Torkoal
|
|-weather|SunnyDay|[upkeep]
|upkeep
|
|t:|1780917397
|switch|p2a: Landorus|Landorus-Therian, M|80/100
|-ability|p2a: Landorus|Intimidate|boost
|-unboost|p1a: Gholdengo|atk|1
|turn|28
|
|t:|1780917400
|move|p2a: Landorus|Earthquake|p1a: Gholdengo
|-supereffective|p1a: Gholdengo
|-damage|p1a: Gholdengo|0 fnt
|faint|p1a: Gholdengo
|
|-weather|SunnyDay|[upkeep]
|-heal|p2a: Landorus|86/100|[from] item: Leftovers
|upkeep
|
|t:|1780917402
|switch|p1a: Ogerpon|Ogerpon-Teal-Tera, F, tera:Grass|100/100
|-ability|p1a: Ogerpon|Embody Aspect (Teal)|boost
|-boost|p1a: Ogerpon|spe|1
|turn|29
|
|t:|1780917413
|move|p1a: Ogerpon|Ivy Cudgel|p2a: Landorus
|-damage|p2a: Landorus|0 fnt
|faint|p2a: Landorus
|
|-weather|SunnyDay|[upkeep]
|upkeep
|
|t:|1780917417
|switch|p2a: Hatterene|Hatterene, F|84/100
|turn|30
|
|t:|1780917429
|switch|p1a: Araquanid|Araquanid, M|32/100
|move|p2a: Hatterene|Draining Kiss|p1a: Araquanid
|-damage|p1a: Araquanid|15/100
|-heal|p2a: Hatterene|97/100|[from] drain|[of] p1a: Araquanid
|
|-weather|SunnyDay|[upkeep]
|upkeep
|turn|31
|-enditem|p1a: Araquanid|Custap Berry|[eat]
|-activate|p1a: Araquanid|item: Custap Berry|[consumed]
|
|t:|1780917433
|move|p1a: Araquanid|Endeavor|p2a: Hatterene
|-damage|p2a: Hatterene|16/100
|move|p2a: Hatterene|Draining Kiss|p1a: Araquanid
|-damage|p1a: Araquanid|0 fnt
|-heal|p2a: Hatterene|28/100|[from] drain|[of] p1a: Araquanid
|faint|p1a: Araquanid
|
|-weather|SunnyDay|[upkeep]
|upkeep
|
|t:|1780917435
|switch|p1a: Ogerpon|Ogerpon-Teal-Tera, F, tera:Grass|100/100
|-ability|p1a: Ogerpon|Embody Aspect (Teal)|boost
|-boost|p1a: Ogerpon|spe|1
|turn|32
|
|t:|1780917437
|move|p1a: Ogerpon|Ivy Cudgel|p2a: Hatterene
|-damage|p2a: Hatterene|0 fnt
|faint|p2a: Hatterene
|
|-weather|SunnyDay|[upkeep]
|upkeep
|
|t:|1780917439
|switch|p2a: Walking Wake|Walking Wake|69/100
|-activate|p2a: Walking Wake|ability: Protosynthesis
|-start|p2a: Walking Wake|protosynthesisspa
|turn|33
|
|t:|1780917441
|move|p1a: Ogerpon|Ivy Cudgel|p2a: Walking Wake
|-damage|p2a: Walking Wake|0 fnt
|faint|p2a: Walking Wake
|-end|p2a: Walking Wake|Protosynthesis|[silent]
|
|win|Garacade
|raw|Garacade's rating: 1510 &rarr; <strong>1533</strong><br />(+23 for winning)
|raw|stone xo's rating: 1567 &rarr; <strong>1544</strong><br />(-23 for losing)
|l|☆stone xo
|player|p2|
|l|☆Garacade
|player|p1|
