|j|☆biryanireqs
|j|☆KurisuChestnutLab
|t:|1781119167
|gametype|singles
|player|p1|biryanireqs|102|1493
|player|p2|KurisuChestnutLab|may-contest|1531
|gen|9
|tier|[Gen 9] OU
|rated|
|rule|HP Percentage Mod: HP is shown in percentages
|rule|Endless Battle Clause: Forcing endless battles is banned
|rule|Species Clause: Limit one of each Pokémon
|rule|OHKO Clause: OHKO moves are banned
|rule|Evasion Items Clause: Evasion items are banned
|rule|Evasion Moves Clause: Evasion moves are banned
|rule|Evasion Abilities Clause: Evasion abilities are banned
|rule|Sleep Moves Clause: Sleep-inducing moves are banned
|clearpoke
|poke|p1|Rillaboom, F|
|poke|p1|Heatran, M|
|poke|p1|Walking Wake|
|poke|p1|Landorus-Therian, M|
|poke|p1|Zamazenta-*|
|poke|p1|Weezing-Galar, F|
|poke|p2|Zamazenta-*|
|poke|p2|Zapdos|
|poke|p2|Garganacl, M|
|poke|p2|Clefable, F|
|poke|p2|Samurott-Hisui, F|
|poke|p2|Gholdengo|
|teampreview
|inactive|Battle timer is ON: inactive players will automatically lose when time's up. (requested by biryanireqs)
|inactive|KurisuChestnutLab also wants the timer to be on.
|
|t:|1781119178
|teamsize|p1|6
|teamsize|p2|6
|start
|switch|p1a: Landorus|Landorus-Therian, M|100/100
|switch|p2a: Zamazenta|Zamazenta|100/100
|-ability|p2a: Zamazenta|Dauntless Shield|boost
|-boost|p2a: Zamazenta|def|1
|-ability|p1a: Landorus|Intimidate|boost
|-unboost|p2a: Zamazenta|atk|1
|turn|1
|
|t:|1781119185
|move|p2a: Zamazenta|Iron Defense|p2a: Zamazenta
|-boost|p2a: Zamazenta|def|2
|move|p1a: Landorus|Stealth Rock|p2a: Zamazenta
|-sidestart|p2: KurisuChestnutLab|move: Stealth Rock
|
|upkeep
|turn|2
|
|t:|1781119192
|switch|p1a: Weezing|Weezing-Galar, F|100/100
|-ability|p1a: Weezing|Neutralizing Gas
|move|p2a: Zamazenta|Body Press|p1a: Weezing
|-resisted|p1a: Weezing
|-damage|p1a: Weezing|87/100
|
|upkeep
|turn|3
|
|t:|1781119199
|switch|p2a: Garganacl|Garganacl, M|100/100
|-damage|p2a: Garganacl|88/100|[from] Stealth Rock
|move|p1a: Weezing|Will-O-Wisp|p2a: Garganacl
|-status|p2a: Garganacl|brn
|
|-heal|p2a: Garganacl|94/100 brn|[from] item: Leftovers
|-damage|p2a: Garganacl|88/100 brn|[from] brn
|upkeep
|turn|4
|
|t:|1781119207
|move|p1a: Weezing|Strange Steam|p2a: Garganacl
|-damage|p2a: Garganacl|70/100 brn
|move|p2a: Garganacl|Stealth Rock|p1a: Weezing
|-sidestart|p1: biryanireqs|move: Stealth Rock
|
|-heal|p2a: Garganacl|76/100 brn|[from] item: Leftovers
|-damage|p2a: Garganacl|70/100 brn|[from] brn
|upkeep
|turn|5
|
|t:|1781119214
|move|p1a: Weezing|Strange Steam|p2a: Garganacl
|-damage|p2a: Garganacl|54/100 brn
|move|p2a: Garganacl|Recover|p2a: Garganacl
|-heal|p2a: Garganacl|100/100 brn
|
|-damage|p2a: Garganacl|94/100 brn|[from] brn
|upkeep
|turn|6
|
|t:|1781119221
|move|p1a: Weezing|Strange Steam|p2a: Garganacl
|-damage|p2a: Garganacl|77/100 brn
|move|p2a: Garganacl|Salt Cure|p1a: Weezing
|-damage|p1a: Weezing|83/100
|-start|p1a: Weezing|Salt Cure
|
|-heal|p2a: Garganacl|83/100 brn|[from] item: Leftovers
|-damage|p2a: Garganacl|77/100 brn|[from] brn
|-damage|p1a: Weezing|70/100|[from] Salt Cure
|upkeep
|turn|7
|
|t:|1781119226
|move|p1a: Weezing|Strange Steam|p2a: Garganacl
|-damage|p2a: Garganacl|58/100 brn
|-start|p2a: Garganacl|confusion
|-activate|p2a: Garganacl|confusion
|-damage|p2a: Garganacl|52/100 brn|[from] confusion
|
|-heal|p2a: Garganacl|59/100 brn|[from] item: Leftovers
|-damage|p2a: Garganacl|52/100 brn|[from] brn
|-damage|p1a: Weezing|58/100|[from] Salt Cure
|upkeep
|turn|8
|
|t:|1781119231
|-end|p1a: Weezing|ability: Neutralizing Gas
|switch|p1a: Zamazenta|Zamazenta|100/100
|-damage|p1a: Zamazenta|94/100|[from] Stealth Rock
|-ability|p1a: Zamazenta|Dauntless Shield|boost
|-boost|p1a: Zamazenta|def|1
|-activate|p2a: Garganacl|confusion
|move|p2a: Garganacl|Salt Cure|p1a: Zamazenta
|-resisted|p1a: Zamazenta
|-damage|p1a: Zamazenta|92/100
|-start|p1a: Zamazenta|Salt Cure
|
|-heal|p2a: Garganacl|59/100 brn|[from] item: Leftovers
|-damage|p2a: Garganacl|52/100 brn|[from] brn
|-damage|p1a: Zamazenta|80/100|[from] Salt Cure
|upkeep
|turn|9
|
|t:|1781119235
|move|p1a: Zamazenta|Stone Edge|p2a: Garganacl
|-crit|p2a: Garganacl
|-damage|p2a: Garganacl|8/100 brn
|-damage|p1a: Zamazenta|70/100|[from] item: Life Orb
|-activate|p2a: Garganacl|confusion
|move|p2a: Garganacl|Recover|p2a: Garganacl
|-heal|p2a: Garganacl|58/100 brn
|
|-heal|p2a: Garganacl|64/100 brn|[from] item: Leftovers
|-damage|p2a: Garganacl|58/100 brn|[from] brn
|-damage|p1a: Zamazenta|58/100|[from] Salt Cure
|upkeep
|turn|10
|
|t:|1781119240
|move|p1a: Zamazenta|Close Combat|p2a: Garganacl
|-supereffective|p2a: Garganacl
|-damage|p2a: Garganacl|0 fnt
|-unboost|p1a: Zamazenta|def|1
|-unboost|p1a: Zamazenta|spd|1
|faint|p2a: Garganacl
|-damage|p1a: Zamazenta|48/100|[from] item: Life Orb
|
|-damage|p1a: Zamazenta|36/100|[from] Salt Cure
|upkeep
|
|t:|1781119244
|switch|p2a: Zapdos|Zapdos|100/100
|turn|11
|
|t:|1781119249
|switch|p2a: Zamazenta|Zamazenta|100/100
|-damage|p2a: Zamazenta|94/100|[from] Stealth Rock
|move|p1a: Zamazenta|Stone Edge|p2a: Zamazenta
|-resisted|p2a: Zamazenta
|-damage|p2a: Zamazenta|79/100
|-damage|p1a: Zamazenta|26/100|[from] item: Life Orb
|
|-heal|p2a: Zamazenta|85/100|[from] item: Leftovers
|-damage|p1a: Zamazenta|14/100|[from] Salt Cure
|upkeep
|turn|12
|
|t:|1781119256
|switch|p1a: Landorus|Landorus-Therian, M|100/100
|-damage|p1a: Landorus|88/100|[from] Stealth Rock
|-ability|p1a: Landorus|Intimidate|boost
|-unboost|p2a: Zamazenta|atk|1
|move|p2a: Zamazenta|Iron Defense|p2a: Zamazenta
|-boost|p2a: Zamazenta|def|2
|
|-heal|p2a: Zamazenta|91/100|[from] item: Leftovers
|upkeep
|turn|13
|
|t:|1781119263
|move|p1a: Landorus|Earth Power|p2a: Zamazenta
|-damage|p2a: Zamazenta|65/100
|move|p2a: Zamazenta|Roar|p1a: Landorus
|drag|p1a: Zamazenta|Zamazenta|14/100
|-damage|p1a: Zamazenta|8/100|[from] Stealth Rock
|
|-heal|p2a: Zamazenta|71/100|[from] item: Leftovers
|upkeep
|turn|14
|
|t:|1781119268
|move|p1a: Zamazenta|Close Combat|p2a: Zamazenta
|-damage|p2a: Zamazenta|40/100
|-unboost|p1a: Zamazenta|def|1
|-unboost|p1a: Zamazenta|spd|1
|-damage|p1a: Zamazenta|0 fnt|[from] item: Life Orb
|faint|p1a: Zamazenta
|move|p2a: Zamazenta|Roar|p1: Zamazenta|[notarget]
|-fail|p2a: Zamazenta
|
|-heal|p2a: Zamazenta|46/100|[from] item: Leftovers
|upkeep
|
|t:|1781119274
|switch|p1a: Weezing|Weezing-Galar, F|58/100
|-ability|p1a: Weezing|Neutralizing Gas
|turn|15
|
|t:|1781119280
|switch|p2a: Zapdos|Zapdos|100/100
|move|p1a: Weezing|Pain Split|p2a: Zapdos
|-sethp|p2a: Zapdos|75/100|[from] move: Pain Split|[silent]
|-sethp|p1a: Weezing|86/100|[from] move: Pain Split
|
|upkeep
|turn|16
|
|t:|1781119286
|-end|p1a: Weezing|ability: Neutralizing Gas
|switch|p1a: Landorus|Landorus-Therian, M|88/100
|-damage|p1a: Landorus|76/100|[from] Stealth Rock
|-ability|p1a: Landorus|Intimidate|boost
|-unboost|p2a: Zapdos|atk|1
|move|p2a: Zapdos|Volt Switch|p1a: Landorus
|-immune|p1a: Landorus
|
|upkeep
|turn|17
|
|t:|1781119291
|switch|p1a: Heatran|Heatran, M|100/100
|-damage|p1a: Heatran|88/100|[from] Stealth Rock
|move|p2a: Zapdos|Hurricane|p1a: Heatran
|-resisted|p1a: Heatran
|-damage|p1a: Heatran|73/100
|
|-heal|p1a: Heatran|79/100|[from] item: Leftovers
|upkeep
|turn|18
|
|t:|1781119298
|move|p2a: Zapdos|Volt Switch|p1a: Heatran
|-damage|p1a: Heatran|62/100
|
|t:|1781119302
|switch|p2a: Gholdengo|Gholdengo|100/100|[from] Volt Switch
|-damage|p2a: Gholdengo|94/100|[from] Stealth Rock
|move|p1a: Heatran|Magma Storm|p2a: Gholdengo
|-supereffective|p2a: Gholdengo
|-damage|p2a: Gholdengo|0 fnt
|faint|p2a: Gholdengo
|
|-heal|p1a: Heatran|68/100|[from] item: Leftovers
|upkeep
|
|t:|1781119307
|switch|p2a: Samurott|Samurott-Hisui, F|100/100
|-damage|p2a: Samurott|88/100|[from] Stealth Rock
|turn|19
|
|t:|1781119310
|switch|p1a: Weezing|Weezing-Galar, F|86/100
|-ability|p1a: Weezing|Neutralizing Gas
|move|p2a: Samurott|Knock Off|p1a: Weezing
|-resisted|p1a: Weezing
|-damage|p1a: Weezing|73/100
|-enditem|p1a: Weezing|Heavy-Duty Boots|[from] move: Knock Off|[of] p2a: Samurott
|
|upkeep
|turn|20
|
|t:|1781119316
|switch|p2a: Zapdos|Zapdos|75/100
|move|p1a: Weezing|Will-O-Wisp|p2a: Zapdos
|-status|p2a: Zapdos|brn
|
|-damage|p2a: Zapdos|69/100 brn|[from] brn
|upkeep
|turn|21
|
|t:|1781119321
|-end|p1a: Weezing|ability: Neutralizing Gas
|switch|p1a: Walking Wake|Walking Wake|100/100
|-damage|p1a: Walking Wake|88/100|[from] Stealth Rock
|move|p2a: Zapdos|Discharge|p1a: Walking Wake
|-damage|p1a: Walking Wake|47/100
|
|-heal|p1a: Walking Wake|53/100|[from] item: Leftovers
|-damage|p2a: Zapdos|63/100 brn|[from] brn
|upkeep
|turn|22
|
|t:|1781119326
|switch|p2a: Clefable|Clefable, F|100/100
|move|p1a: Walking Wake|Knock Off|p2a: Clefable
|-resisted|p2a: Clefable
|-damage|p2a: Clefable|94/100
|-enditem|p2a: Clefable|Heavy-Duty Boots|[from] move: Knock Off|[of] p1a: Walking Wake
|
|-heal|p1a: Walking Wake|59/100|[from] item: Leftovers
|upkeep
|turn|23
|
|t:|1781119334
|-end|p1a: Walking Wake|Protosynthesis|[silent]
|switch|p1a: Heatran|Heatran, M|68/100
|-damage|p1a: Heatran|56/100|[from] Stealth Rock
|move|p2a: Clefable|Knock Off|p1a: Heatran
|-damage|p1a: Heatran|44/100
|-enditem|p1a: Heatran|Leftovers|[from] move: Knock Off|[of] p2a: Clefable
|
|upkeep
|turn|24
|
|t:|1781119339
|switch|p2a: Samurott|Samurott-Hisui, F|88/100
|-damage|p2a: Samurott|76/100|[from] Stealth Rock
|move|p1a: Heatran|Magma Storm|p2a: Samurott
|-resisted|p2a: Samurott
|-damage|p2a: Samurott|42/100
|-activate|p2a: Samurott|move: Magma Storm|[of] p1a: Heatran
|
|-damage|p2a: Samurott|29/100|[from] move: Magma Storm|[partiallytrapped]
|upkeep
|turn|25
|
|t:|1781119343
|switch|p1a: Landorus|Landorus-Therian, M|76/100
|-damage|p1a: Landorus|64/100|[from] Stealth Rock
|-ability|p1a: Landorus|Intimidate|boost
|-unboost|p2a: Samurott|atk|1
|move|p2a: Samurott|Razor Shell|p1a: Landorus
|-supereffective|p1a: Landorus
|-damage|p1a: Landorus|0 fnt
|-damage|p2a: Samurott|13/100|[from] item: Rocky Helmet|[of] p1a: Landorus
|faint|p1a: Landorus
|
|-end|p2a: Samurott|Magma Storm|[partiallytrapped]|[silent]
|upkeep
|
|t:|1781119352
|switch|p1a: Walking Wake|Walking Wake|59/100
|-damage|p1a: Walking Wake|47/100|[from] Stealth Rock
|turn|26
|
|t:|1781119355
|move|p2a: Samurott|Razor Shell|p1a: Walking Wake
|-resisted|p1a: Walking Wake
|-damage|p1a: Walking Wake|38/100
|-unboost|p1a: Walking Wake|def|1
|move|p1a: Walking Wake|Substitute|p1a: Walking Wake
|-start|p1a: Walking Wake|Substitute
|-damage|p1a: Walking Wake|13/100
|
|-heal|p1a: Walking Wake|19/100|[from] item: Leftovers
|upkeep
|turn|27
|
|t:|1781119361
|move|p2a: Samurott|Razor Shell|p1a: Walking Wake
|-resisted|p1a: Walking Wake
|-activate|p1a: Walking Wake|move: Substitute|[damage]
|move|p1a: Walking Wake|Scald|p2a: Samurott
|-resisted|p2a: Samurott
|-damage|p2a: Samurott|0 fnt
|faint|p2a: Samurott
|
|-heal|p1a: Walking Wake|25/100|[from] item: Leftovers
|upkeep
|
|t:|1781119364
|switch|p2a: Zapdos|Zapdos|63/100 brn
|turn|28
|
|t:|1781119367
|-terastallize|p2a: Zapdos|Steel
|move|p1a: Walking Wake|Knock Off|p2a: Zapdos
|-damage|p2a: Zapdos|51/100 brn
|-status|p1a: Walking Wake|par|[from] ability: Static|[of] p2a: Zapdos
|-enditem|p2a: Zapdos|Heavy-Duty Boots|[from] move: Knock Off|[of] p1a: Walking Wake
|move|p2a: Zapdos|Roost|p2a: Zapdos
|-heal|p2a: Zapdos|100/100 brn
|
|-heal|p1a: Walking Wake|31/100 par|[from] item: Leftovers
|-damage|p2a: Zapdos|94/100 brn|[from] brn
|upkeep
|turn|29
|
|t:|1781119375
|move|p2a: Zapdos|Discharge|p1a: Walking Wake
|-end|p1a: Walking Wake|Substitute
|move|p1a: Walking Wake|Scald|p2a: Zapdos
|-damage|p2a: Zapdos|54/100 brn
|
|-heal|p1a: Walking Wake|38/100 par|[from] item: Leftovers
|-damage|p2a: Zapdos|47/100 brn|[from] brn
|upkeep
|turn|30
|
|t:|1781119380
|move|p2a: Zapdos|Roost|p2a: Zapdos
|-heal|p2a: Zapdos|98/100 brn
|cant|p1a: Walking Wake|par
|
|-heal|p1a: Walking Wake|44/100 par|[from] item: Leftovers
|-damage|p2a: Zapdos|92/100 brn|[from] brn
|upkeep
|turn|31
|
|t:|1781119387
|move|p2a: Zapdos|Discharge|p1a: Walking Wake
|-damage|p1a: Walking Wake|7/100 par
|move|p1a: Walking Wake|Scald|p2a: Zapdos
|-damage|p2a: Zapdos|56/100 brn
|
|-heal|p1a: Walking Wake|13/100 par|[from] item: Leftovers
|-damage|p2a: Zapdos|50/100 brn|[from] brn
|upkeep
|turn|32
|
|t:|1781119392
|move|p2a: Zapdos|Roost|p2a: Zapdos
|-heal|p2a: Zapdos|99/100 brn
|move|p1a: Walking Wake|Scald|p2a: Zapdos
|-damage|p2a: Zapdos|63/100 brn
|
|-heal|p1a: Walking Wake|20/100 par|[from] item: Leftovers
|-damage|p2a: Zapdos|57/100 brn|[from] brn
|upkeep
|turn|33
|
|t:|1781119398
|move|p2a: Zapdos|Volt Switch|p1a: Walking Wake
|-damage|p1a: Walking Wake|0 fnt
|faint|p1a: Walking Wake
|-end|p1a: Walking Wake|Protosynthesis|[silent]
|
|t:|1781119403
|switch|p2a: Zamazenta|Zamazenta|46/100|[from] Volt Switch
|-damage|p2a: Zamazenta|40/100|[from] Stealth Rock
|
|-heal|p2a: Zamazenta|46/100|[from] item: Leftovers
|upkeep
|
|t:|1781119413
|switch|p1a: Weezing|Weezing-Galar, F|73/100
|-ability|p1a: Weezing|Neutralizing Gas
|-damage|p1a: Weezing|61/100|[from] Stealth Rock
|turn|34
|
|t:|1781119420
|switch|p2a: Zapdos|Zapdos, tera:Steel|57/100 brn
|-damage|p2a: Zapdos|51/100 brn|[from] Stealth Rock
|-end|p1a: Weezing|ability: Neutralizing Gas
|switch|p1a: Heatran|Heatran, M|44/100
|-damage|p1a: Heatran|32/100|[from] Stealth Rock
|
|-damage|p2a: Zapdos|45/100 brn|[from] brn
|upkeep
|turn|35
|
|t:|1781119425
|move|p2a: Zapdos|Volt Switch|p1a: Heatran
|-damage|p1a: Heatran|12/100
|
|t:|1781119429
|switch|p2a: Zamazenta|Zamazenta|46/100|[from] Volt Switch
|-damage|p2a: Zamazenta|40/100|[from] Stealth Rock
|move|p1a: Heatran|Magma Storm|p2a: Zamazenta
|-damage|p2a: Zamazenta|5/100
|-activate|p2a: Zamazenta|move: Magma Storm|[of] p1a: Heatran
|
|-heal|p2a: Zamazenta|11/100|[from] item: Leftovers
|-damage|p2a: Zamazenta|0 fnt|[from] move: Magma Storm|[partiallytrapped]
|faint|p2a: Zamazenta
|upkeep
|
|t:|1781119432
|switch|p2a: Zapdos|Zapdos, tera:Steel|45/100 brn
|-damage|p2a: Zapdos|39/100 brn|[from] Stealth Rock
|turn|36
|
|t:|1781119437
|move|p2a: Zapdos|Discharge|p1a: Heatran
|-damage|p1a: Heatran|0 fnt
|faint|p1a: Heatran
|
|-damage|p2a: Zapdos|33/100 brn|[from] brn
|upkeep
|
|t:|1781119442
|switch|p1a: Rillaboom|Rillaboom, F|100/100
|-damage|p1a: Rillaboom|88/100|[from] Stealth Rock
|-fieldstart|move: Grassy Terrain|[from] ability: Grassy Surge|[of] p1a: Rillaboom
|turn|37
|
|t:|1781119448
|-terastallize|p1a: Rillaboom|Grass
|move|p1a: Rillaboom|Wood Hammer|p2a: Zapdos
|-resisted|p2a: Zapdos
|-damage|p2a: Zapdos|0 fnt
|faint|p2a: Zapdos
|-damage|p1a: Rillaboom|76/100|[from] Recoil
|
|-heal|p1a: Rillaboom|82/100|[from] Grassy Terrain
|upkeep
|
|t:|1781119452
|switch|p2a: Clefable|Clefable, F|94/100
|-damage|p2a: Clefable|82/100|[from] Stealth Rock
|turn|38
|
|t:|1781119456
|move|p1a: Rillaboom|Wood Hammer|p2a: Clefable
|-damage|p2a: Clefable|0 fnt
|faint|p2a: Clefable
|-damage|p1a: Rillaboom|51/100|[from] Recoil
|
|win|biryanireqs
|raw|biryanireqs's rating: 1493 &rarr; <strong>1516</strong><br />(+23 for winning)
|raw|KurisuChestnutLab's rating: 1546 &rarr; <strong>1523</strong><br />(-23 for losing)
