|j|‽zozotown
|j|☆my2005
|t:|1781263612
|gametype|singles
|player|p1|zozotown|101|1636
|player|p2|my2005|102|1726
|gen|9
|tier|[Gen 9] OU
|rated|
|rule|HP Percentage Mod: HP is shown in percentages
|rule|Endless Battle Clause: Forcing endless battles is banned
|rule|Species Clause: Limit one of each Pokémon
|rule|OHKO Clause: OHKO moves are banned
|rule|Evasion Items Clause: Evasion items are banned
|rule|Evasion Moves Clause: Evasion moves are banned
|rule|Evasion Abilities Clause: Evasion abilities are banned
|rule|Sleep Moves Clause: Sleep-inducing moves are banned
|clearpoke
|poke|p1|Clodsire, M|
|poke|p1|Alomomola, M|
|poke|p1|Hydrapple, F|
|poke|p1|Meowscarada, F|
|poke|p1|Primarina, M|
|poke|p1|Weezing-Galar, F|
|poke|p2|Slowking-Galar, M|
|poke|p2|Whimsicott, F|
|poke|p2|Kyurem|
|poke|p2|Cinderace, F|
|poke|p2|Alomomola, M|
|poke|p2|Gliscor, M|
|teampreview
|inactive|Battle timer is ON: inactive players will automatically lose when time's up. (requested by zozotown)
|j| lord shiddenfards
|
|t:|1781263632
|teamsize|p1|6
|teamsize|p2|6
|start
|switch|p1a: Meowscarada|Meowscarada, F|100/100
|switch|p2a: Cinderace|Cinderace, F|100/100
|turn|1
|j| darkrat18
|j| Puyu paz
|
|t:|1781263643
|switch|p2a: Alomomola|Alomomola, M|100/100
|move|p1a: Meowscarada|U-turn|p2a: Alomomola
|-start|p1a: Meowscarada|typechange|Bug|[from] ability: Protean
|-damage|p2a: Alomomola|76/100
|-damage|p1a: Meowscarada|84/100|[from] item: Rocky Helmet|[of] p2a: Alomomola
|
|t:|1781263651
|switch|p1a: Weezing|Weezing-Galar, F|100/100|[from] U-turn
|-ability|p1a: Weezing|Neutralizing Gas
|
|upkeep
|turn|2
|
|t:|1781263659
|switch|p2a: Slowking|Slowking-Galar, M|100/100
|move|p1a: Weezing|Will-O-Wisp|p2a: Slowking
|-status|p2a: Slowking|brn
|
|-damage|p2a: Slowking|94/100 brn|[from] brn
|upkeep
|turn|3
|
|t:|1781263687
|-end|p1a: Weezing|ability: Neutralizing Gas
|switch|p1a: Alomomola|Alomomola, M|100/100
|move|p2a: Slowking|Psychic Noise|p1a: Alomomola
|-damage|p1a: Alomomola|69/100
|
|-damage|p2a: Slowking|88/100 brn|[from] brn
|upkeep
|turn|4
|j| HonchkrowLover27
|l| HonchkrowLover27
|inactive|my2005 has 120 seconds left.
|j| HonchkrowLover27
|
|t:|1781263715
|move|p1a: Alomomola|Wish|p1a: Alomomola
|move|p2a: Slowking|Sludge Wave|p1a: Alomomola
|-damage|p1a: Alomomola|26/100
|
|-damage|p2a: Slowking|82/100 brn|[from] brn
|upkeep
|turn|5
|inactive|my2005 has 120 seconds left.
|
|t:|1781263726
|move|p1a: Alomomola|Protect|p1a: Alomomola
|-singleturn|p1a: Alomomola|Protect
|move|p2a: Slowking|Ice Beam|p1a: Alomomola
|-activate|p1a: Alomomola|move: Protect
|
|-heal|p1a: Alomomola|76/100|[from] move: Wish|[wisher] Alomomola
|-damage|p2a: Slowking|76/100 brn|[from] brn
|upkeep
|turn|6
|inactive|my2005 has 120 seconds left.
|
|t:|1781263742
|move|p2a: Slowking|Sludge Wave|p1a: Alomomola
|-damage|p1a: Alomomola|37/100
|move|p1a: Alomomola|Mirror Coat|p2a: Slowking
|-damage|p2a: Slowking|0 fnt
|faint|p2a: Slowking
|
|upkeep
|inactive|my2005 has 120 seconds left.
|
|t:|1781263754
|switch|p2a: Gliscor|Gliscor, M|100/100
|turn|7
|
|t:|1781263760
|move|p2a: Gliscor|Swords Dance|p2a: Gliscor
|-boost|p2a: Gliscor|atk|2
|move|p1a: Alomomola|Flip Turn|p2a: Gliscor
|-supereffective|p2a: Gliscor
|-damage|p2a: Gliscor|72/100
|
|t:|1781263762
|switch|p1a: Weezing|Weezing-Galar, F|100/100|[from] Flip Turn
|-ability|p1a: Weezing|Neutralizing Gas
|
|-status|p2a: Gliscor|tox|[from] item: Toxic Orb
|upkeep
|turn|8
|
|t:|1781263771
|-end|p1a: Weezing|ability: Neutralizing Gas
|switch|p1a: Hydrapple|Hydrapple, F|100/100
|move|p2a: Gliscor|Earthquake|p1a: Hydrapple
|-resisted|p1a: Hydrapple
|-crit|p1a: Hydrapple
|-damage|p1a: Hydrapple|60/100
|
|-heal|p2a: Gliscor|85/100 tox|[from] ability: Poison Heal
|upkeep
|turn|9
|
|t:|1781263779
|move|p2a: Gliscor|Knock Off|p1a: Hydrapple
|-damage|p1a: Hydrapple|29/100
|-enditem|p1a: Hydrapple|Choice Specs|[from] move: Knock Off|[of] p2a: Gliscor
|move|p1a: Hydrapple|Draco Meteor|p2a: Gliscor
|-damage|p2a: Gliscor|8/100 tox
|-unboost|p1a: Hydrapple|spa|2
|
|-heal|p2a: Gliscor|21/100 tox|[from] ability: Poison Heal
|upkeep
|turn|10
|
|t:|1781263789
|switch|p1a: Alomomola|Alomomola, M|70/100
|move|p2a: Gliscor|Earthquake|p1a: Alomomola
|-damage|p1a: Alomomola|32/100
|
|-heal|p2a: Gliscor|33/100 tox|[from] ability: Poison Heal
|upkeep
|turn|11
|
|t:|1781263799
|switch|p1a: Hydrapple|Hydrapple, F|62/100
|move|p2a: Gliscor|Earthquake|p1a: Hydrapple
|-resisted|p1a: Hydrapple
|-damage|p1a: Hydrapple|37/100
|
|-heal|p2a: Gliscor|46/100 tox|[from] ability: Poison Heal
|upkeep
|turn|12
|l| HonchkrowLover27
|
|t:|1781263824
|move|p2a: Gliscor|Earthquake|p1a: Hydrapple
|-resisted|p1a: Hydrapple
|-damage|p1a: Hydrapple|12/100
|move|p1a: Hydrapple|Draco Meteor|p2a: Gliscor|[miss]
|-miss|p1a: Hydrapple|p2a: Gliscor
|
|-heal|p2a: Gliscor|58/100 tox|[from] ability: Poison Heal
|upkeep
|turn|13
|l| Puyu paz
|
|t:|1781263830
|switch|p1a: Alomomola|Alomomola, M|65/100
|move|p2a: Gliscor|Earthquake|p1a: Alomomola
|-crit|p1a: Alomomola
|-damage|p1a: Alomomola|9/100
|
|-heal|p2a: Gliscor|71/100 tox|[from] ability: Poison Heal
|upkeep
|turn|14
|
|t:|1781263839
|switch|p1a: Hydrapple|Hydrapple, F|45/100
|move|p2a: Gliscor|Swords Dance|p2a: Gliscor
|-boost|p2a: Gliscor|atk|2
|
|-heal|p2a: Gliscor|83/100 tox|[from] ability: Poison Heal
|upkeep
|turn|15
|j| HonchkrowLover27
|
|t:|1781263847
|move|p2a: Gliscor|Earthquake|p1a: Hydrapple
|-resisted|p1a: Hydrapple
|-damage|p1a: Hydrapple|7/100
|move|p1a: Hydrapple|Leaf Storm|p2a: Gliscor
|-damage|p2a: Gliscor|9/100 tox
|-unboost|p1a: Hydrapple|spa|2
|
|-heal|p2a: Gliscor|21/100 tox|[from] ability: Poison Heal
|upkeep
|turn|16
|
|t:|1781263853
|switch|p1a: Alomomola|Alomomola, M|43/100
|move|p2a: Gliscor|Earthquake|p1a: Alomomola
|-damage|p1a: Alomomola|0 fnt
|faint|p1a: Alomomola
|
|-heal|p2a: Gliscor|34/100 tox|[from] ability: Poison Heal
|upkeep
|
|t:|1781263857
|switch|p1a: Hydrapple|Hydrapple, F|40/100
|turn|17
|
|t:|1781263862
|move|p2a: Gliscor|Earthquake|p1a: Hydrapple
|-resisted|p1a: Hydrapple
|-damage|p1a: Hydrapple|4/100
|move|p1a: Hydrapple|Fickle Beam|p2a: Gliscor|[anim] Fickle Beam All Out
|-activate|p1a: Hydrapple|move: Fickle Beam
|-damage|p2a: Gliscor|0 fnt
|faint|p2a: Gliscor
|
|upkeep
|
|t:|1781263872
|switch|p2a: Kyurem|Kyurem|100/100
|-ability|p2a: Kyurem|Pressure
|turn|18
|
|t:|1781263879
|move|p2a: Kyurem|Freeze-Dry|p1a: Hydrapple
|-supereffective|p1a: Hydrapple
|-damage|p1a: Hydrapple|0 fnt
|faint|p1a: Hydrapple
|
|upkeep
|
|t:|1781263883
|switch|p1a: Meowscarada|Meowscarada, F|84/100
|turn|19
|
|t:|1781263885
|move|p2a: Kyurem|Protect|p2a: Kyurem
|-singleturn|p2a: Kyurem|Protect
|move|p1a: Meowscarada|Low Kick|p2a: Kyurem
|-start|p1a: Meowscarada|typechange|Fighting|[from] ability: Protean
|-activate|p2a: Kyurem|move: Protect
|
|upkeep
|turn|20
|
|t:|1781263894
|switch|p1a: Primarina|Primarina, M|100/100
|switch|p2a: Alomomola|Alomomola, M|76/100
|
|upkeep
|turn|21
|
|t:|1781263901
|move|p1a: Primarina|Whirlpool|p2a: Alomomola
|-resisted|p2a: Alomomola
|-damage|p2a: Alomomola|67/100
|-activate|p2a: Alomomola|move: Whirlpool|[of] p1a: Primarina
|move|p2a: Alomomola|Flip Turn|p1a: Primarina
|-resisted|p1a: Primarina
|-damage|p1a: Primarina|94/100
|j| choispecs ironmoth
|
|t:|1781263906
|switch|p2a: Whimsicott|Whimsicott, F|100/100|[from] Flip Turn
|
|-heal|p1a: Primarina|99/100|[from] item: Leftovers
|upkeep
|turn|22
|
|t:|1781263914
|move|p2a: Whimsicott|Leech Seed|p1a: Primarina
|-start|p1a: Primarina|move: Leech Seed
|move|p1a: Primarina|Moonblast|p2a: Whimsicott
|-damage|p2a: Whimsicott|51/100
|-unboost|p2a: Whimsicott|spa|1
|
|-heal|p2a: Whimsicott|57/100|[from] item: Leftovers
|-heal|p1a: Primarina|100/100|[from] item: Leftovers
|-damage|p1a: Primarina|88/100|[from] Leech Seed|[of] p2a: Whimsicott
|-heal|p2a: Whimsicott|71/100|[silent]
|upkeep
|turn|23
|
|t:|1781263920
|switch|p1a: Weezing|Weezing-Galar, F|100/100
|-ability|p1a: Weezing|Neutralizing Gas
|move|p2a: Whimsicott|Substitute|p2a: Whimsicott
|-start|p2a: Whimsicott|Substitute
|-damage|p2a: Whimsicott|47/100
|
|-heal|p2a: Whimsicott|53/100|[from] item: Leftovers
|upkeep
|turn|24
|
|t:|1781263923
|move|p2a: Whimsicott|Leech Seed|p1a: Weezing|[miss]
|-miss|p2a: Whimsicott|p1a: Weezing
|move|p1a: Weezing|Strange Steam|p2a: Whimsicott
|-end|p2a: Whimsicott|Substitute
|
|-heal|p2a: Whimsicott|59/100|[from] item: Leftovers
|upkeep
|turn|25
|
|t:|1781263933
|switch|p2a: Alomomola|Alomomola, M|99/100
|move|p1a: Weezing|Strange Steam|p2a: Alomomola
|-damage|p2a: Alomomola|68/100
|-start|p2a: Alomomola|confusion
|
|upkeep
|turn|26
|
|t:|1781263942
|move|p1a: Weezing|Will-O-Wisp|p2a: Alomomola
|-status|p2a: Alomomola|brn
|-activate|p2a: Alomomola|confusion
|move|p2a: Alomomola|Wish|p2a: Alomomola
|
|-damage|p2a: Alomomola|62/100 brn|[from] brn
|upkeep
|turn|27
|
|t:|1781263950
|move|p1a: Weezing|Strange Steam|p2a: Alomomola
|-damage|p2a: Alomomola|33/100 brn
|-activate|p2a: Alomomola|confusion
|move|p2a: Alomomola|Flip Turn|p1a: Weezing
|-damage|p1a: Weezing|94/100
|
|t:|1781263955
|switch|p2a: Kyurem|Kyurem|100/100|[from] Flip Turn
|
|-heal|p1a: Weezing|99/100|[from] item: Leftovers
|upkeep
|turn|28
|l| choispecs ironmoth
|
|t:|1781263966
|move|p2a: Kyurem|Substitute|p2a: Kyurem
|-start|p2a: Kyurem|Substitute
|-damage|p2a: Kyurem|76/100
|move|p1a: Weezing|Will-O-Wisp||[still]
|-fail|p1a: Weezing
|
|-heal|p2a: Kyurem|82/100|[from] item: Leftovers
|-heal|p1a: Weezing|100/100|[from] item: Leftovers
|upkeep
|turn|29
|
|t:|1781263970
|move|p2a: Kyurem|Earth Power|p1a: Weezing
|-supereffective|p1a: Weezing
|-damage|p1a: Weezing|36/100
|move|p1a: Weezing|Strange Steam|p2a: Kyurem
|-supereffective|p2a: Kyurem
|-end|p2a: Kyurem|Substitute
|
|-heal|p2a: Kyurem|88/100|[from] item: Leftovers
|-heal|p1a: Weezing|42/100|[from] item: Leftovers
|upkeep
|turn|30
|
|t:|1781263981
|-end|p1a: Weezing|ability: Neutralizing Gas
|-ability|p2a: Kyurem|Pressure
|switch|p1a: Primarina|Primarina, M|88/100
|move|p2a: Kyurem|Substitute|p2a: Kyurem
|-start|p2a: Kyurem|Substitute
|-damage|p2a: Kyurem|63/100
|
|-heal|p2a: Kyurem|69/100|[from] item: Leftovers
|-heal|p1a: Primarina|94/100|[from] item: Leftovers
|upkeep
|turn|31
|j| choispecs ironmoth
|
|t:|1781263989
|move|p2a: Kyurem|Freeze-Dry|p1a: Primarina
|-supereffective|p1a: Primarina
|-damage|p1a: Primarina|34/100
|move|p1a: Primarina|Moonblast|p2a: Kyurem
|-supereffective|p2a: Kyurem
|-end|p2a: Kyurem|Substitute
|
|-heal|p2a: Kyurem|75/100|[from] item: Leftovers
|-heal|p1a: Primarina|40/100|[from] item: Leftovers
|upkeep
|turn|32
|
|t:|1781263996
|-terastallize|p1a: Primarina|Steel
|move|p2a: Kyurem|Substitute|p2a: Kyurem
|-start|p2a: Kyurem|Substitute
|-damage|p2a: Kyurem|50/100
|move|p1a: Primarina|Moonblast|p2a: Kyurem
|-supereffective|p2a: Kyurem
|-end|p2a: Kyurem|Substitute
|
|-heal|p2a: Kyurem|56/100|[from] item: Leftovers
|-heal|p1a: Primarina|46/100|[from] item: Leftovers
|upkeep
|turn|33
|
|t:|1781264005
|move|p2a: Kyurem|Earth Power|p1a: Primarina
|-supereffective|p1a: Primarina
|-damage|p1a: Primarina|0 fnt
|faint|p1a: Primarina
|
|-heal|p2a: Kyurem|62/100|[from] item: Leftovers
|upkeep
|
|t:|1781264010
|switch|p1a: Meowscarada|Meowscarada, F|84/100
|turn|34
|
|t:|1781264021
|move|p2a: Kyurem|Protect|p2a: Kyurem
|-singleturn|p2a: Kyurem|Protect
|move|p1a: Meowscarada|Triple Axel|p2a: Kyurem
|-start|p1a: Meowscarada|typechange|Ice|[from] ability: Protean
|-activate|p2a: Kyurem|move: Protect
|
|-heal|p2a: Kyurem|68/100|[from] item: Leftovers
|upkeep
|turn|35
|
|t:|1781264027
|switch|p2a: Alomomola|Alomomola, M|33/100 brn
|move|p1a: Meowscarada|Triple Axel|p2a: Alomomola
|-resisted|p2a: Alomomola
|-damage|p2a: Alomomola|29/100 brn
|-damage|p1a: Meowscarada|68/100|[from] item: Rocky Helmet|[of] p2a: Alomomola
|-resisted|p2a: Alomomola
|-damage|p2a: Alomomola|22/100 brn
|-damage|p1a: Meowscarada|51/100|[from] item: Rocky Helmet|[of] p2a: Alomomola
|-resisted|p2a: Alomomola
|-damage|p2a: Alomomola|11/100 brn
|-damage|p1a: Meowscarada|35/100|[from] item: Rocky Helmet|[of] p2a: Alomomola
|-hitcount|p2a: Alomomola|3
|
|-damage|p2a: Alomomola|4/100 brn|[from] brn
|upkeep
|turn|36
|
|t:|1781264034
|switch|p2a: Cinderace|Cinderace, F|100/100
|move|p1a: Meowscarada|Triple Axel|p2a: Cinderace
|-resisted|p2a: Cinderace
|-damage|p2a: Cinderace|91/100
|-resisted|p2a: Cinderace
|-damage|p2a: Cinderace|71/100
|-resisted|p2a: Cinderace
|-damage|p2a: Cinderace|42/100
|-hitcount|p2a: Cinderace|3
|
|upkeep
|turn|37
|
|t:|1781264039
|move|p2a: Cinderace|Sucker Punch|p1a: Meowscarada
|-start|p2a: Cinderace|typechange|Dark|[from] ability: Libero
|-damage|p1a: Meowscarada|0 fnt
|faint|p1a: Meowscarada
|
|upkeep
|
|t:|1781264043
|switch|p1a: Weezing|Weezing-Galar, F|42/100
|-ability|p1a: Weezing|Neutralizing Gas
|turn|38
|
|t:|1781264047
|move|p2a: Cinderace|Pyro Ball|p1a: Weezing
|-damage|p1a: Weezing|12/100
|move|p1a: Weezing|Strange Steam|p2a: Cinderace
|-supereffective|p2a: Cinderace
|-crit|p2a: Cinderace
|-damage|p2a: Cinderace|0 fnt
|faint|p2a: Cinderace
|
|-heal|p1a: Weezing|18/100|[from] item: Leftovers
|upkeep
|
|t:|1781264050
|switch|p2a: Kyurem|Kyurem|68/100
|turn|39
|
|t:|1781264054
|move|p2a: Kyurem|Freeze-Dry|p1a: Weezing
|-damage|p1a: Weezing|0 fnt
|faint|p1a: Weezing
|-end|p1a: Weezing|ability: Neutralizing Gas
|-ability|p2a: Kyurem|Pressure
|
|-heal|p2a: Kyurem|74/100|[from] item: Leftovers
|upkeep
|
|t:|1781264056
|switch|p1a: Clodsire|Clodsire, M|100/100
|turn|40
|
|t:|1781264060
|move|p2a: Kyurem|Substitute|p2a: Kyurem
|-start|p2a: Kyurem|Substitute
|-damage|p2a: Kyurem|49/100
|move|p1a: Clodsire|Poison Jab|p2a: Kyurem
|-activate|p2a: Kyurem|move: Substitute|[damage]
|
|-heal|p2a: Kyurem|55/100|[from] item: Leftovers
|upkeep
|turn|41
|
|t:|1781264064
|-terastallize|p2a: Kyurem|Ground
|move|p2a: Kyurem|Earth Power|p1a: Clodsire
|-supereffective|p1a: Clodsire
|-damage|p1a: Clodsire|43/100
|-unboost|p1a: Clodsire|spd|1
|move|p1a: Clodsire|Earthquake|p2a: Kyurem
|-end|p2a: Kyurem|Substitute
|
|-heal|p2a: Kyurem|61/100|[from] item: Leftovers
|-heal|p1a: Clodsire|50/100|[from] item: Leftovers
|upkeep
|turn|42
|-message|zozotown forfeited.
|
|win|my2005
|raw|zozotown's rating: 1636 &rarr; <strong>1621</strong><br />(-15 for losing)
|raw|my2005's rating: 1726 &rarr; <strong>1741</strong><br />(+15 for winning)
|l|‽zozotown
|player|p1|
|l|☆my2005
|player|p2|
|l| lord shiddenfards
|l| HonchkrowLover27
|l| darkrat18
