|j|☆li dream
|j|‽oathusishere
|t:|1781417953
|gametype|singles
|player|p1|li dream|cynthia|1637
|player|p2|oathusishere|artistf-gen6|1722
|gen|9
|tier|[Gen 9] OU
|rated|
|rule|HP Percentage Mod: HP is shown in percentages
|rule|Endless Battle Clause: Forcing endless battles is banned
|rule|Species Clause: Limit one of each Pokémon
|rule|OHKO Clause: OHKO moves are banned
|rule|Evasion Items Clause: Evasion items are banned
|rule|Evasion Moves Clause: Evasion moves are banned
|rule|Evasion Abilities Clause: Evasion abilities are banned
|rule|Sleep Moves Clause: Sleep-inducing moves are banned
|clearpoke
|poke|p1|Weezing-Galar, F|
|poke|p1|Gliscor, F|
|poke|p1|Blissey, F|
|poke|p1|Corviknight, M|
|poke|p1|Dondozo, M|
|poke|p1|Toxapex, M|
|poke|p2|Lokix, F|
|poke|p2|Ting-Lu|
|poke|p2|Great Tusk|
|poke|p2|Corviknight, M|
|poke|p2|Dragapult, F|
|poke|p2|Gholdengo|
|teampreview
|inactive|Battle timer is ON: inactive players will automatically lose when time's up. (requested by oathusishere)
|
|t:|1781417974
|teamsize|p1|6
|teamsize|p2|6
|start
|switch|p1a: Corviknight|Corviknight, M, shiny|100/100
|switch|p2a: Gholdengo|Gholdengo|100/100
|-item|p2a: Gholdengo|Air Balloon
|-ability|p1a: Corviknight|Pressure
|turn|1
|
|t:|1781417984
|switch|p1a: Gliscor|Gliscor, F, shiny|100/100
|move|p2a: Gholdengo|Nasty Plot|p2a: Gholdengo
|-boost|p2a: Gholdengo|spa|2
|
|-status|p1a: Gliscor|tox|[from] item: Toxic Orb
|upkeep
|turn|2
|
|t:|1781417990
|switch|p1a: Blissey|Blissey, F, shiny|100/100
|move|p2a: Gholdengo|Nasty Plot|p2a: Gholdengo
|-boost|p2a: Gholdengo|spa|2
|
|upkeep
|turn|3
|
|t:|1781417995
|move|p2a: Gholdengo|Make It Rain|p1a: Blissey
|-damage|p1a: Blissey|40/100
|-unboost|p2a: Gholdengo|spa|1
|move|p1a: Blissey|Calm Mind|p1a: Blissey
|-boost|p1a: Blissey|spa|1
|-boost|p1a: Blissey|spd|1
|
|-heal|p1a: Blissey|46/100|[from] item: Leftovers
|upkeep
|turn|4
|
|t:|1781418006
|move|p2a: Gholdengo|Make It Rain|p1a: Blissey
|-damage|p1a: Blissey|14/100
|-unboost|p2a: Gholdengo|spa|1
|move|p1a: Blissey|Soft-Boiled|p1a: Blissey
|-heal|p1a: Blissey|64/100
|
|-heal|p1a: Blissey|70/100|[from] item: Leftovers
|upkeep
|turn|5
|
|t:|1781418014
|switch|p2a: Lokix|Lokix, F|100/100
|move|p1a: Blissey|Stealth Rock|p2a: Lokix
|-sidestart|p2: oathusishere|move: Stealth Rock
|
|-heal|p1a: Blissey|76/100|[from] item: Leftovers
|upkeep
|turn|6
|
|t:|1781418023
|switch|p1a: Weezing|Weezing-Galar, F, shiny|100/100
|-ability|p1a: Weezing|Neutralizing Gas
|move|p2a: Lokix|Knock Off|p1a: Weezing
|-resisted|p1a: Weezing
|-damage|p1a: Weezing|78/100
|-enditem|p1a: Weezing|Heavy-Duty Boots|[from] move: Knock Off|[of] p2a: Lokix
|
|upkeep
|turn|7
|
|t:|1781418029
|switch|p2a: Ting-Lu|Ting-Lu|100/100
|-damage|p2a: Ting-Lu|94/100|[from] Stealth Rock
|move|p1a: Weezing|Toxic Spikes|p2a: Ting-Lu
|-sidestart|p2: oathusishere|move: Toxic Spikes
|
|-heal|p2a: Ting-Lu|100/100|[from] item: Leftovers
|upkeep
|turn|8
|
|t:|1781418045
|-end|p1a: Weezing|ability: Neutralizing Gas
|-ability|p2a: Ting-Lu|Vessel of Ruin
|switch|p1a: Blissey|Blissey, F, shiny|76/100
|move|p2a: Ting-Lu|Stealth Rock|p1a: Blissey
|-sidestart|p1: li dream|move: Stealth Rock
|
|-heal|p1a: Blissey|82/100|[from] item: Leftovers
|upkeep
|turn|9
|
|t:|1781418058
|switch|p1a: Gliscor|Gliscor, F, shiny|100/100 tox
|-damage|p1a: Gliscor|88/100 tox|[from] Stealth Rock
|move|p2a: Ting-Lu|Ruination|p1a: Gliscor|[miss]
|-miss|p2a: Ting-Lu|p1a: Gliscor
|
|-heal|p1a: Gliscor|100/100 tox|[from] ability: Poison Heal
|upkeep
|turn|10
|
|t:|1781418063
|switch|p2a: Corviknight|Corviknight, M|100/100
|-damage|p2a: Corviknight|88/100|[from] Stealth Rock
|-ability|p2a: Corviknight|Pressure
|move|p1a: Gliscor|Knock Off|p2a: Corviknight
|-damage|p2a: Corviknight|76/100
|-damage|p1a: Gliscor|84/100 tox|[from] item: Rocky Helmet|[of] p2a: Corviknight
|-enditem|p2a: Corviknight|Rocky Helmet|[from] move: Knock Off|[of] p1a: Gliscor
|
|-heal|p1a: Gliscor|97/100 tox|[from] ability: Poison Heal
|upkeep
|turn|11
|
|t:|1781418067
|move|p1a: Gliscor|Swords Dance|p1a: Gliscor
|-boost|p1a: Gliscor|atk|2
|move|p2a: Corviknight|Defog|p1a: Gliscor
|-unboost|p1a: Gliscor|evasion|1
|-sideend|p1: li dream|Stealth Rock|[from] move: Defog|[of] p2a: Corviknight
|-sideend|p2: oathusishere|Toxic Spikes|[from] move: Defog|[of] p2a: Corviknight
|-sideend|p2: oathusishere|Stealth Rock|[from] move: Defog|[of] p2a: Corviknight
|
|-heal|p1a: Gliscor|100/100 tox|[from] ability: Poison Heal
|upkeep
|turn|12
|
|t:|1781418069
|move|p1a: Gliscor|Swords Dance|p1a: Gliscor
|-boost|p1a: Gliscor|atk|2
|move|p2a: Corviknight|U-turn|p1a: Gliscor
|-resisted|p1a: Gliscor
|-damage|p1a: Gliscor|95/100 tox
|
|t:|1781418079
|switch|p2a: Great Tusk|Great Tusk|100/100|[from] U-turn
|
|-heal|p1a: Gliscor|100/100 tox|[from] ability: Poison Heal
|upkeep
|turn|13
|
|t:|1781418085
|move|p2a: Great Tusk|Ice Spinner|p1a: Gliscor
|-supereffective|p1a: Gliscor
|-damage|p1a: Gliscor|18/100 tox
|move|p1a: Gliscor|Earthquake|p2a: Great Tusk
|-damage|p2a: Great Tusk|26/100
|
|-heal|p1a: Gliscor|30/100 tox|[from] ability: Poison Heal
|upkeep
|turn|14
|
|t:|1781418094
|move|p1a: Gliscor|Protect|p1a: Gliscor
|-singleturn|p1a: Gliscor|Protect
|move|p2a: Great Tusk|Ice Spinner|p1a: Gliscor
|-activate|p1a: Gliscor|move: Protect
|
|-heal|p1a: Gliscor|43/100 tox|[from] ability: Poison Heal
|upkeep
|turn|15
|
|t:|1781418110
|switch|p1a: Corviknight|Corviknight, M, shiny|100/100
|-ability|p1a: Corviknight|Pressure
|move|p2a: Great Tusk|Ice Spinner|p1a: Corviknight
|-damage|p1a: Corviknight|82/100
|
|-heal|p1a: Corviknight|89/100|[from] item: Leftovers
|upkeep
|turn|16
|
|t:|1781418117
|-end|p2a: Great Tusk|Protosynthesis|[silent]
|switch|p2a: Gholdengo|Gholdengo|100/100
|-item|p2a: Gholdengo|Air Balloon
|switch|p1a: Toxapex|Toxapex, M, shiny|100/100
|
|upkeep
|turn|17
|
|t:|1781418122
|switch|p2a: Corviknight|Corviknight, M|76/100
|-ability|p2a: Corviknight|Pressure
|switch|p1a: Blissey|Blissey, F, shiny|82/100
|
|-heal|p1a: Blissey|89/100|[from] item: Leftovers
|upkeep
|turn|18
|
|t:|1781418129
|switch|p1a: Gliscor|Gliscor, F, shiny|43/100 tox
|move|p2a: Corviknight|U-turn|p1a: Gliscor
|-resisted|p1a: Gliscor
|-damage|p1a: Gliscor|36/100 tox
|
|t:|1781418139
|switch|p2a: Great Tusk|Great Tusk|26/100|[from] U-turn
|
|-heal|p1a: Gliscor|49/100 tox|[from] ability: Poison Heal
|upkeep
|turn|19
|
|t:|1781418141
|move|p1a: Gliscor|Protect|p1a: Gliscor
|-singleturn|p1a: Gliscor|Protect
|move|p2a: Great Tusk|Ice Spinner|p1a: Gliscor
|-activate|p1a: Gliscor|move: Protect
|
|-heal|p1a: Gliscor|61/100 tox|[from] ability: Poison Heal
|upkeep
|turn|20
|
|t:|1781418146
|-end|p2a: Great Tusk|Protosynthesis|[silent]
|switch|p2a: Gholdengo|Gholdengo|100/100
|-item|p2a: Gholdengo|Air Balloon
|switch|p1a: Corviknight|Corviknight, M, shiny|89/100
|-ability|p1a: Corviknight|Pressure
|
|-heal|p1a: Corviknight|95/100|[from] item: Leftovers
|upkeep
|turn|21
|
|t:|1781418150
|switch|p2a: Lokix|Lokix, F|100/100
|switch|p1a: Blissey|Blissey, F, shiny|89/100
|
|-heal|p1a: Blissey|95/100|[from] item: Leftovers
|upkeep
|turn|22
|
|t:|1781418159
|switch|p1a: Weezing|Weezing-Galar, F, shiny|78/100
|-ability|p1a: Weezing|Neutralizing Gas
|move|p2a: Lokix|U-turn|p1a: Weezing
|-resisted|p1a: Weezing
|-damage|p1a: Weezing|70/100
|
|t:|1781418162
|switch|p2a: Dragapult|Dragapult, F|100/100|[from] U-turn
|
|upkeep
|turn|23
|
|t:|1781418170
|-end|p1a: Weezing|ability: Neutralizing Gas
|switch|p1a: Toxapex|Toxapex, M, shiny|100/100
|move|p2a: Dragapult|U-turn|p1a: Toxapex
|-resisted|p1a: Toxapex
|-damage|p1a: Toxapex|96/100
|
|t:|1781418180
|switch|p2a: Great Tusk|Great Tusk|26/100|[from] U-turn
|
|upkeep
|turn|24
|
|t:|1781418188
|-end|p2a: Great Tusk|Protosynthesis|[silent]
|switch|p2a: Gholdengo|Gholdengo|100/100
|-item|p2a: Gholdengo|Air Balloon
|move|p1a: Toxapex|Toxic|p2a: Gholdengo
|-immune|p2a: Gholdengo|[from] ability: Good as Gold
|
|upkeep
|turn|25
|
|t:|1781418195
|switch|p1a: Blissey|Blissey, F, shiny|95/100
|move|p2a: Gholdengo|Nasty Plot|p2a: Gholdengo
|-boost|p2a: Gholdengo|spa|2
|
|-heal|p1a: Blissey|100/100|[from] item: Leftovers
|upkeep
|turn|26
|
|t:|1781418199
|switch|p2a: Lokix|Lokix, F|100/100
|move|p1a: Blissey|Stealth Rock|p2a: Lokix
|-sidestart|p2: oathusishere|move: Stealth Rock
|
|upkeep
|turn|27
|
|t:|1781418204
|switch|p1a: Weezing|Weezing-Galar, F, shiny|70/100
|-ability|p1a: Weezing|Neutralizing Gas
|move|p2a: Lokix|U-turn|p1a: Weezing
|-resisted|p1a: Weezing
|-damage|p1a: Weezing|62/100
|
|t:|1781418207
|switch|p2a: Great Tusk|Great Tusk|26/100|[from] U-turn
|
|upkeep
|turn|28
|
|t:|1781418222
|-terastallize|p1a: Weezing|Ghost
|move|p2a: Great Tusk|Headlong Rush|p1a: Weezing
|-damage|p1a: Weezing|20/100
|-unboost|p2a: Great Tusk|def|1
|-unboost|p2a: Great Tusk|spd|1
|move|p1a: Weezing|Will-O-Wisp|p2a: Great Tusk
|-status|p2a: Great Tusk|brn
|
|-damage|p2a: Great Tusk|20/100 brn|[from] brn
|upkeep
|turn|29
|
|t:|1781418234
|-end|p1a: Weezing|ability: Neutralizing Gas
|switch|p1a: Corviknight|Corviknight, M, shiny|95/100
|-ability|p1a: Corviknight|Pressure
|move|p2a: Great Tusk|Rapid Spin|p1a: Corviknight
|-resisted|p1a: Corviknight
|-damage|p1a: Corviknight|92/100
|-boost|p2a: Great Tusk|spe|1
|-sideend|p2: oathusishere|Stealth Rock|[from] move: Rapid Spin|[of] p2a: Great Tusk
|
|-heal|p1a: Corviknight|98/100|[from] item: Leftovers
|-damage|p2a: Great Tusk|14/100 brn|[from] brn
|upkeep
|turn|30
|
|t:|1781418241
|-end|p2a: Great Tusk|Protosynthesis|[silent]
|switch|p2a: Dragapult|Dragapult, F|100/100
|switch|p1a: Toxapex|Toxapex, M, shiny|100/100
|
|upkeep
|turn|31
|
|t:|1781418246
|switch|p2a: Gholdengo|Gholdengo|100/100
|-item|p2a: Gholdengo|Air Balloon
|move|p1a: Toxapex|Toxic|p2a: Gholdengo
|-immune|p2a: Gholdengo|[from] ability: Good as Gold
|
|upkeep
|turn|32
|
|t:|1781418250
|switch|p1a: Blissey|Blissey, F, shiny|100/100
|move|p2a: Gholdengo|Shadow Ball|p1a: Blissey
|-immune|p1a: Blissey
|
|upkeep
|turn|33
|
|t:|1781418254
|switch|p2a: Lokix|Lokix, F|100/100
|move|p1a: Blissey|Stealth Rock|p2a: Lokix
|-sidestart|p2: oathusishere|move: Stealth Rock
|
|upkeep
|turn|34
|
|t:|1781418258
|switch|p1a: Toxapex|Toxapex, M, shiny|100/100
|move|p2a: Lokix|Knock Off|p1a: Toxapex
|-damage|p1a: Toxapex|58/100
|-enditem|p1a: Toxapex|Covert Cloak|[from] move: Knock Off|[of] p2a: Lokix
|
|upkeep
|turn|35
|
|t:|1781418264
|switch|p2a: Gholdengo|Gholdengo|100/100
|-damage|p2a: Gholdengo|94/100|[from] Stealth Rock
|-item|p2a: Gholdengo|Air Balloon
|move|p1a: Toxapex|Toxic|p2a: Gholdengo
|-immune|p2a: Gholdengo|[from] ability: Good as Gold
|
|upkeep
|turn|36
|j| denzelcurrykiller
|
|t:|1781418273
|switch|p2a: Corviknight|Corviknight, M|76/100
|-damage|p2a: Corviknight|63/100|[from] Stealth Rock
|-ability|p2a: Corviknight|Pressure
|switch|p1a: Blissey|Blissey, F, shiny|100/100
|
|upkeep
|turn|37
|
|t:|1781418278
|switch|p1a: Weezing|Weezing-Galar, F, shiny, tera:Ghost|20/100
|-ability|p1a: Weezing|Neutralizing Gas
|move|p2a: Corviknight|Defog|p1a: Weezing
|-unboost|p1a: Weezing|evasion|1
|-sideend|p2: oathusishere|Stealth Rock|[from] move: Defog|[of] p2a: Corviknight
|
|upkeep
|turn|38
|
|t:|1781418282
|move|p2a: Corviknight|Brave Bird|p1a: Weezing
|-damage|p1a: Weezing|0 fnt
|faint|p1a: Weezing
|-end|p1a: Weezing|ability: Neutralizing Gas
|-ability|p2a: Corviknight|Pressure
|-damage|p2a: Corviknight|58/100|[from] Recoil
|
|upkeep
|
|t:|1781418287
|switch|p1a: Gliscor|Gliscor, F, shiny|61/100 tox
|turn|39
|
|t:|1781418294
|move|p1a: Gliscor|Protect|p1a: Gliscor
|-singleturn|p1a: Gliscor|Protect
|move|p2a: Corviknight|Brave Bird|p1a: Gliscor
|-activate|p1a: Gliscor|move: Protect
|
|-heal|p1a: Gliscor|74/100 tox|[from] ability: Poison Heal
|upkeep
|turn|40
|
|t:|1781418297
|move|p1a: Gliscor|Swords Dance|p1a: Gliscor
|-boost|p1a: Gliscor|atk|2
|move|p2a: Corviknight|Brave Bird|p1a: Gliscor
|-damage|p1a: Gliscor|41/100 tox
|-damage|p2a: Corviknight|48/100|[from] Recoil
|
|-heal|p1a: Gliscor|54/100 tox|[from] ability: Poison Heal
|upkeep
|turn|41
|
|t:|1781418304
|move|p1a: Gliscor|Swords Dance|p1a: Gliscor
|-boost|p1a: Gliscor|atk|2
|move|p2a: Corviknight|U-turn|p1a: Gliscor
|-resisted|p1a: Gliscor
|-damage|p1a: Gliscor|48/100 tox
|
|t:|1781418311
|switch|p2a: Dragapult|Dragapult, F|100/100|[from] U-turn
|
|-heal|p1a: Gliscor|61/100 tox|[from] ability: Poison Heal
|upkeep
|turn|42
|
|t:|1781418313
|move|p1a: Gliscor|Protect|p1a: Gliscor
|-singleturn|p1a: Gliscor|Protect
|move|p2a: Dragapult|Draco Meteor|p1a: Gliscor
|-activate|p1a: Gliscor|move: Protect
|
|-heal|p1a: Gliscor|73/100 tox|[from] ability: Poison Heal
|upkeep
|turn|43
|
|t:|1781418329
|switch|p1a: Blissey|Blissey, F, shiny|100/100
|-terastallize|p2a: Dragapult|Dragon
|move|p2a: Dragapult|Draco Meteor|p1a: Blissey
|-damage|p1a: Blissey|69/100
|-unboost|p2a: Dragapult|spa|2
|
|-heal|p1a: Blissey|75/100|[from] item: Leftovers
|upkeep
|turn|44
|
|t:|1781418331
|switch|p2a: Lokix|Lokix, F|100/100
|move|p1a: Blissey|Stealth Rock|p2a: Lokix
|-sidestart|p2: oathusishere|move: Stealth Rock
|
|-heal|p1a: Blissey|81/100|[from] item: Leftovers
|upkeep
|turn|45
|
|t:|1781418335
|switch|p1a: Toxapex|Toxapex, M, shiny|91/100
|move|p2a: Lokix|Knock Off|p1a: Toxapex
|-damage|p1a: Toxapex|61/100
|
|upkeep
|turn|46
|
|t:|1781418343
|switch|p2a: Gholdengo|Gholdengo|94/100
|-damage|p2a: Gholdengo|88/100|[from] Stealth Rock
|-item|p2a: Gholdengo|Air Balloon
|move|p1a: Toxapex|Toxic|p2a: Gholdengo
|-immune|p2a: Gholdengo|[from] ability: Good as Gold
|
|upkeep
|turn|47
|
|t:|1781418347
|switch|p2a: Ting-Lu|Ting-Lu|100/100
|-damage|p2a: Ting-Lu|94/100|[from] Stealth Rock
|-ability|p2a: Ting-Lu|Vessel of Ruin
|switch|p1a: Blissey|Blissey, F, shiny|81/100
|
|-heal|p1a: Blissey|88/100|[from] item: Leftovers
|-heal|p2a: Ting-Lu|100/100|[from] item: Leftovers
|upkeep
|turn|48
|
|t:|1781418366
|switch|p1a: Gliscor|Gliscor, F, shiny|73/100 tox
|move|p2a: Ting-Lu|Stealth Rock|p1a: Gliscor
|-sidestart|p1: li dream|move: Stealth Rock
|
|-heal|p1a: Gliscor|86/100 tox|[from] ability: Poison Heal
|upkeep
|turn|49
|
|t:|1781418376
|move|p1a: Gliscor|Knock Off|p2a: Ting-Lu
|-resisted|p2a: Ting-Lu
|-damage|p2a: Ting-Lu|95/100
|-enditem|p2a: Ting-Lu|Leftovers|[from] move: Knock Off|[of] p1a: Gliscor
|move|p2a: Ting-Lu|Whirlwind|p1a: Gliscor
|drag|p1a: Toxapex|Toxapex, M, shiny|95/100
|-damage|p1a: Toxapex|82/100|[from] Stealth Rock
|
|upkeep
|turn|50
|
|t:|1781418379
|switch|p2a: Gholdengo|Gholdengo|88/100
|-damage|p2a: Gholdengo|82/100|[from] Stealth Rock
|-item|p2a: Gholdengo|Air Balloon
|move|p1a: Toxapex|Toxic|p2a: Gholdengo
|-immune|p2a: Gholdengo|[from] ability: Good as Gold
|
|upkeep
|turn|51
|
|t:|1781418390
|switch|p2a: Great Tusk|Great Tusk|14/100 brn
|switch|p1a: Blissey|Blissey, F, shiny|88/100
|-damage|p1a: Blissey|75/100|[from] Stealth Rock
|
|-heal|p1a: Blissey|81/100|[from] item: Leftovers
|-damage|p2a: Great Tusk|8/100 brn|[from] brn
|upkeep
|turn|52
|
|t:|1781418407
|switch|p1a: Corviknight|Corviknight, M, shiny|98/100
|-damage|p1a: Corviknight|86/100|[from] Stealth Rock
|-ability|p1a: Corviknight|Pressure
|move|p2a: Great Tusk|Rapid Spin|p1a: Corviknight
|-resisted|p1a: Corviknight
|-damage|p1a: Corviknight|83/100
|-boost|p2a: Great Tusk|spe|1
|-sideend|p2: oathusishere|Stealth Rock|[from] move: Rapid Spin|[of] p2a: Great Tusk
|
|-heal|p1a: Corviknight|89/100|[from] item: Leftovers
|-damage|p2a: Great Tusk|1/100 brn|[from] brn
|upkeep
|turn|53
|
|t:|1781418416
|-end|p2a: Great Tusk|Protosynthesis|[silent]
|switch|p2a: Gholdengo|Gholdengo|82/100
|-item|p2a: Gholdengo|Air Balloon
|switch|p1a: Gliscor|Gliscor, F, shiny|86/100 tox
|-damage|p1a: Gliscor|73/100 tox|[from] Stealth Rock
|
|-heal|p1a: Gliscor|86/100 tox|[from] ability: Poison Heal
|upkeep
|turn|54
|
|t:|1781418424
|move|p2a: Gholdengo|Nasty Plot|p2a: Gholdengo
|-boost|p2a: Gholdengo|spa|2
|move|p1a: Gliscor|Knock Off|p2a: Gholdengo
|-supereffective|p2a: Gholdengo
|-damage|p2a: Gholdengo|38/100
|-enditem|p2a: Gholdengo|Air Balloon
|
|-heal|p1a: Gliscor|98/100 tox|[from] ability: Poison Heal
|upkeep
|turn|55
|
|t:|1781418436
|move|p2a: Gholdengo|Make It Rain|p1a: Gliscor
|-damage|p1a: Gliscor|0 fnt
|-unboost|p2a: Gholdengo|spa|1
|faint|p1a: Gliscor
|
|upkeep
|
|t:|1781418440
|switch|p1a: Blissey|Blissey, F, shiny|81/100
|-damage|p1a: Blissey|69/100|[from] Stealth Rock
|turn|56
|
|t:|1781418443
|move|p2a: Gholdengo|Recover|p2a: Gholdengo
|-heal|p2a: Gholdengo|88/100
|move|p1a: Blissey|Stealth Rock|p2a: Gholdengo
|-sidestart|p2: oathusishere|move: Stealth Rock
|
|-heal|p1a: Blissey|75/100|[from] item: Leftovers
|upkeep
|turn|57
|
|t:|1781418455
|switch|p2a: Corviknight|Corviknight, M|48/100
|-damage|p2a: Corviknight|36/100|[from] Stealth Rock
|-ability|p2a: Corviknight|Pressure
|move|p1a: Blissey|Soft-Boiled|p1a: Blissey
|-heal|p1a: Blissey|100/100
|
|upkeep
|turn|58
|
|t:|1781418466
|switch|p1a: Corviknight|Corviknight, M, shiny|89/100
|-damage|p1a: Corviknight|77/100|[from] Stealth Rock
|-ability|p1a: Corviknight|Pressure
|move|p2a: Corviknight|Roost|p2a: Corviknight
|-heal|p2a: Corviknight|86/100
|-singleturn|p2a: Corviknight|move: Roost
|
|-heal|p1a: Corviknight|83/100|[from] item: Leftovers
|upkeep
|turn|59
|
|t:|1781418470
|move|p1a: Corviknight|Iron Defense|p1a: Corviknight
|-boost|p1a: Corviknight|def|2
|move|p2a: Corviknight|U-turn|p1a: Corviknight
|-resisted|p1a: Corviknight
|-damage|p1a: Corviknight|82/100
|
|t:|1781418472
|switch|p2a: Gholdengo|Gholdengo|88/100|[from] U-turn
|-damage|p2a: Gholdengo|82/100|[from] Stealth Rock
|
|-heal|p1a: Corviknight|88/100|[from] item: Leftovers
|upkeep
|turn|60
|
|t:|1781418477
|switch|p1a: Blissey|Blissey, F, shiny|100/100
|-damage|p1a: Blissey|88/100|[from] Stealth Rock
|move|p2a: Gholdengo|Nasty Plot|p2a: Gholdengo
|-boost|p2a: Gholdengo|spa|2
|
|-heal|p1a: Blissey|94/100|[from] item: Leftovers
|upkeep
|turn|61
|
|t:|1781418485
|switch|p2a: Ting-Lu|Ting-Lu|95/100
|-damage|p2a: Ting-Lu|89/100|[from] Stealth Rock
|-ability|p2a: Ting-Lu|Vessel of Ruin
|move|p1a: Blissey|Shadow Ball|p2a: Ting-Lu
|-resisted|p2a: Ting-Lu
|-crit|p2a: Ting-Lu
|-damage|p2a: Ting-Lu|85/100
|
|-heal|p1a: Blissey|100/100|[from] item: Leftovers
|upkeep
|turn|62
|
|t:|1781418491
|switch|p1a: Toxapex|Toxapex, M, shiny|100/100
|-damage|p1a: Toxapex|88/100|[from] Stealth Rock
|move|p2a: Ting-Lu|Ruination|p1a: Toxapex
|-damage|p1a: Toxapex|44/100
|
|upkeep
|turn|63
|
|t:|1781418495
|move|p2a: Ting-Lu|Earthquake|p1a: Toxapex
|-supereffective|p1a: Toxapex
|-damage|p1a: Toxapex|0 fnt
|faint|p1a: Toxapex
|
|upkeep
|
|t:|1781418498
|switch|p1a: Dondozo|Dondozo, M, shiny|100/100
|-damage|p1a: Dondozo|88/100|[from] Stealth Rock
|turn|64
|
|t:|1781418504
|move|p2a: Ting-Lu|Ruination|p1a: Dondozo
|-damage|p1a: Dondozo|44/100
|move|p1a: Dondozo|Curse|p1a: Dondozo
|-unboost|p1a: Dondozo|spe|1
|-boost|p1a: Dondozo|atk|1
|-boost|p1a: Dondozo|def|1
|
|-heal|p1a: Dondozo|51/100|[from] item: Leftovers
|upkeep
|turn|65
|
|t:|1781418510
|move|p1a: Dondozo|Body Press|p2a: Ting-Lu
|-supereffective|p2a: Ting-Lu
|-damage|p2a: Ting-Lu|42/100
|move|p2a: Ting-Lu|Whirlwind|p1a: Dondozo
|drag|p1a: Blissey|Blissey, F, shiny|100/100
|-damage|p1a: Blissey|88/100|[from] Stealth Rock
|
|-heal|p1a: Blissey|94/100|[from] item: Leftovers
|upkeep
|turn|66
|
|t:|1781418517
|switch|p1a: Dondozo|Dondozo, M, shiny|51/100
|-damage|p1a: Dondozo|38/100|[from] Stealth Rock
|move|p2a: Ting-Lu|Ruination|p1a: Dondozo
|-damage|p1a: Dondozo|19/100
|
|-heal|p1a: Dondozo|26/100|[from] item: Leftovers
|upkeep
|turn|67
|
|t:|1781418523
|move|p1a: Dondozo|Rest|p1a: Dondozo
|-status|p1a: Dondozo|slp|[from] move: Rest
|-heal|p1a: Dondozo|100/100 slp|[silent]
|move|p2a: Ting-Lu|Whirlwind|p1a: Dondozo
|drag|p1a: Corviknight|Corviknight, M, shiny|88/100
|-damage|p1a: Corviknight|76/100|[from] Stealth Rock
|-ability|p1a: Corviknight|Pressure
|
|-heal|p1a: Corviknight|82/100|[from] item: Leftovers
|upkeep
|turn|68
|
|t:|1781418528
|move|p1a: Corviknight|Body Press|p2a: Ting-Lu
|-supereffective|p2a: Ting-Lu
|-damage|p2a: Ting-Lu|13/100
|move|p2a: Ting-Lu|Ruination|p1a: Corviknight
|-damage|p1a: Corviknight|41/100
|
|-heal|p1a: Corviknight|48/100|[from] item: Leftovers
|upkeep
|turn|69
|
|t:|1781418532
|move|p1a: Corviknight|Body Press|p2a: Ting-Lu
|-supereffective|p2a: Ting-Lu
|-damage|p2a: Ting-Lu|0 fnt
|faint|p2a: Ting-Lu
|
|-heal|p1a: Corviknight|54/100|[from] item: Leftovers
|upkeep
|
|t:|1781418537
|switch|p2a: Great Tusk|Great Tusk|1/100 brn
|turn|70
|
|t:|1781418542
|switch|p1a: Blissey|Blissey, F, shiny|94/100
|-damage|p1a: Blissey|82/100|[from] Stealth Rock
|move|p2a: Great Tusk|Rapid Spin|p1a: Blissey
|-damage|p1a: Blissey|72/100
|-boost|p2a: Great Tusk|spe|1
|-sideend|p2: oathusishere|Stealth Rock|[from] move: Rapid Spin|[of] p2a: Great Tusk
|
|-heal|p1a: Blissey|79/100|[from] item: Leftovers
|-damage|p2a: Great Tusk|0 fnt|[from] brn
|faint|p2a: Great Tusk
|-end|p2a: Great Tusk|Protosynthesis|[silent]
|upkeep
|
|t:|1781418544
|switch|p2a: Lokix|Lokix, F|100/100
|turn|71
|
|t:|1781418552
|switch|p1a: Dondozo|Dondozo, M, shiny|100/100 slp
|-damage|p1a: Dondozo|88/100 slp|[from] Stealth Rock
|move|p2a: Lokix|Knock Off|p1a: Dondozo
|-damage|p1a: Dondozo|55/100 slp
|-enditem|p1a: Dondozo|Leftovers|[from] move: Knock Off|[of] p2a: Lokix
|
|upkeep
|turn|72
|
|t:|1781418555
|switch|p2a: Dragapult|Dragapult, F, tera:Dragon|100/100
|switch|p1a: Corviknight|Corviknight, M, shiny|54/100
|-damage|p1a: Corviknight|41/100|[from] Stealth Rock
|-ability|p1a: Corviknight|Pressure
|
|-heal|p1a: Corviknight|48/100|[from] item: Leftovers
|upkeep
|turn|73
|
|t:|1781418565
|move|p2a: Dragapult|U-turn|p1a: Corviknight
|-resisted|p1a: Corviknight
|-damage|p1a: Corviknight|45/100
|
|t:|1781418567
|switch|p2a: Gholdengo|Gholdengo|82/100|[from] U-turn
|move|p1a: Corviknight|Roost|p1a: Corviknight
|-heal|p1a: Corviknight|95/100
|-singleturn|p1a: Corviknight|move: Roost
|
|-heal|p1a: Corviknight|100/100|[from] item: Leftovers
|upkeep
|turn|74
|
|t:|1781418570
|switch|p2a: Lokix|Lokix, F|100/100
|switch|p1a: Blissey|Blissey, F, shiny|79/100
|-damage|p1a: Blissey|66/100|[from] Stealth Rock
|
|-heal|p1a: Blissey|72/100|[from] item: Leftovers
|upkeep
|turn|75
|
|t:|1781418576
|switch|p1a: Corviknight|Corviknight, M, shiny|100/100
|-damage|p1a: Corviknight|88/100|[from] Stealth Rock
|-ability|p1a: Corviknight|Pressure
|move|p2a: Lokix|U-turn|p1a: Corviknight
|-resisted|p1a: Corviknight
|-crit|p1a: Corviknight
|-damage|p1a: Corviknight|65/100
|
|t:|1781418578
|switch|p2a: Dragapult|Dragapult, F, tera:Dragon|100/100|[from] U-turn
|
|-heal|p1a: Corviknight|71/100|[from] item: Leftovers
|upkeep
|turn|76
|
|t:|1781418585
|move|p2a: Dragapult|U-turn|p1a: Corviknight
|-resisted|p1a: Corviknight
|-damage|p1a: Corviknight|68/100
|
|t:|1781418589
|switch|p2a: Gholdengo|Gholdengo|82/100|[from] U-turn
|move|p1a: Corviknight|Roost|p1a: Corviknight
|-heal|p1a: Corviknight|100/100
|-singleturn|p1a: Corviknight|move: Roost
|
|upkeep
|turn|77
|
|t:|1781418596
|switch|p2a: Lokix|Lokix, F|100/100
|move|p1a: Corviknight|Body Press|p2a: Lokix
|-damage|p2a: Lokix|61/100
|
|upkeep
|turn|78
|
|t:|1781418601
|move|p2a: Lokix|U-turn|p1a: Corviknight
|-resisted|p1a: Corviknight
|-damage|p1a: Corviknight|85/100
|
|t:|1781418603
|switch|p2a: Dragapult|Dragapult, F, tera:Dragon|100/100|[from] U-turn
|move|p1a: Corviknight|Defog|p2a: Dragapult
|-unboost|p2a: Dragapult|evasion|1
|-sideend|p1: li dream|Stealth Rock|[from] move: Defog|[of] p1a: Corviknight
|
|-heal|p1a: Corviknight|92/100|[from] item: Leftovers
|upkeep
|turn|79
|
|t:|1781418616
|move|p2a: Dragapult|U-turn|p1a: Corviknight
|-resisted|p1a: Corviknight
|-damage|p1a: Corviknight|89/100
|
|t:|1781418618
|switch|p2a: Gholdengo|Gholdengo|82/100|[from] U-turn
|move|p1a: Corviknight|Iron Defense|p1a: Corviknight
|-boost|p1a: Corviknight|def|2
|
|-heal|p1a: Corviknight|95/100|[from] item: Leftovers
|upkeep
|turn|80
|
|t:|1781418621
|switch|p1a: Blissey|Blissey, F, shiny|72/100
|move|p2a: Gholdengo|Nasty Plot|p2a: Gholdengo
|-boost|p2a: Gholdengo|spa|2
|
|-heal|p1a: Blissey|79/100|[from] item: Leftovers
|upkeep
|turn|81
|
|t:|1781418624
|move|p2a: Gholdengo|Make It Rain|p1a: Blissey
|-damage|p1a: Blissey|39/100
|-unboost|p2a: Gholdengo|spa|1
|move|p1a: Blissey|Stealth Rock|p2a: Gholdengo
|-sidestart|p2: oathusishere|move: Stealth Rock
|
|-heal|p1a: Blissey|46/100|[from] item: Leftovers
|upkeep
|turn|82
|
|t:|1781418632
|move|p2a: Gholdengo|Nasty Plot|p2a: Gholdengo
|-boost|p2a: Gholdengo|spa|2
|move|p1a: Blissey|Soft-Boiled|p1a: Blissey
|-heal|p1a: Blissey|96/100
|
|-heal|p1a: Blissey|100/100|[from] item: Leftovers
|upkeep
|turn|83
|
|t:|1781418639
|switch|p2a: Corviknight|Corviknight, M|86/100
|-damage|p2a: Corviknight|74/100|[from] Stealth Rock
|-ability|p2a: Corviknight|Pressure
|move|p1a: Blissey|Calm Mind|p1a: Blissey
|-boost|p1a: Blissey|spa|1
|-boost|p1a: Blissey|spd|1
|
|upkeep
|turn|84
|
|t:|1781418648
|move|p2a: Corviknight|Defog|p1a: Blissey
|-unboost|p1a: Blissey|evasion|1
|-sideend|p2: oathusishere|Stealth Rock|[from] move: Defog|[of] p2a: Corviknight
|move|p1a: Blissey|Shadow Ball|p2a: Corviknight
|-damage|p2a: Corviknight|53/100
|
|upkeep
|turn|85
|
|t:|1781418653
|move|p2a: Corviknight|Roost|p2a: Corviknight
|-heal|p2a: Corviknight|100/100
|-singleturn|p2a: Corviknight|move: Roost
|move|p1a: Blissey|Stealth Rock|p2a: Corviknight
|-sidestart|p2: oathusishere|move: Stealth Rock
|
|upkeep
|turn|86
|
|t:|1781418657
|switch|p1a: Corviknight|Corviknight, M, shiny|95/100
|-ability|p1a: Corviknight|Pressure
|move|p2a: Corviknight|Defog|p1a: Corviknight
|-unboost|p1a: Corviknight|evasion|1
|-sideend|p2: oathusishere|Stealth Rock|[from] move: Defog|[of] p2a: Corviknight
|
|-heal|p1a: Corviknight|100/100|[from] item: Leftovers
|upkeep
|turn|87
|
|t:|1781418662
|move|p1a: Corviknight|Iron Defense|p1a: Corviknight
|-boost|p1a: Corviknight|def|2
|move|p2a: Corviknight|U-turn|p1a: Corviknight
|-resisted|p1a: Corviknight
|-damage|p1a: Corviknight|99/100
|
|t:|1781418664
|switch|p2a: Dragapult|Dragapult, F, tera:Dragon|100/100|[from] U-turn
|
|-heal|p1a: Corviknight|100/100|[from] item: Leftovers
|upkeep
|turn|88
|
|t:|1781418669
|move|p2a: Dragapult|Flamethrower|p1a: Corviknight
|-supereffective|p1a: Corviknight
|-damage|p1a: Corviknight|11/100
|-status|p1a: Corviknight|brn
|move|p1a: Corviknight|Iron Defense|p1a: Corviknight
|-boost|p1a: Corviknight|def|2
|
|-heal|p1a: Corviknight|17/100 brn|[from] item: Leftovers
|-damage|p1a: Corviknight|11/100 brn|[from] brn
|upkeep
|turn|89
|-message|li dream forfeited.
|
|win|oathusishere
|raw|li dream's rating: 1637 &rarr; <strong>1622</strong><br />(-15 for losing)
|raw|oathusishere's rating: 1722 &rarr; <strong>1737</strong><br />(+15 for winning)
|l|☆li dream
|player|p1|
|l|‽oathusishere
|player|p2|
|j|☆li dream
|player|p1|li dream|cynthia|
|l|☆li dream
|player|p1|
|l| denzelcurrykiller
|j| Raining Drawing
