|j|☆PlashShlate
|j|☆Jewgi_moto
|t:|1781328766
|gametype|singles
|player|p1|PlashShlate|shadowtriad|1625
|player|p2|Jewgi_moto|1|1613
|gen|9
|tier|[Gen 9] OU
|rated|
|rule|HP Percentage Mod: HP is shown in percentages
|rule|Endless Battle Clause: Forcing endless battles is banned
|rule|Species Clause: Limit one of each Pokémon
|rule|OHKO Clause: OHKO moves are banned
|rule|Evasion Items Clause: Evasion items are banned
|rule|Evasion Moves Clause: Evasion moves are banned
|rule|Evasion Abilities Clause: Evasion abilities are banned
|rule|Sleep Moves Clause: Sleep-inducing moves are banned
|clearpoke
|poke|p1|Landorus-Therian, M|
|poke|p1|Gholdengo|
|poke|p1|Rillaboom, F|
|poke|p1|Walking Wake|
|poke|p1|Volcanion|
|poke|p1|Zamazenta-*|
|poke|p2|Volcanion|
|poke|p2|Hoopa-Unbound|
|poke|p2|Dragonite, M|
|poke|p2|Cinderace, M|
|poke|p2|Zamazenta-*|
|poke|p2|Moltres|
|teampreview
|inactive|Battle timer is ON: inactive players will automatically lose when time's up. (requested by PlashShlate)
|
|t:|1781328773
|teamsize|p1|6
|teamsize|p2|6
|start
|switch|p1a: Landorus|Landorus-Therian, M|100/100
|switch|p2a: Hoopa|Hoopa-Unbound|100/100
|-ability|p1a: Landorus|Intimidate|boost
|-unboost|p2a: Hoopa|atk|1
|turn|1
|
|t:|1781328776
|switch|p2a: Moltres|Moltres|100/100
|move|p1a: Landorus|U-turn|p2a: Moltres
|-resisted|p2a: Moltres
|-damage|p2a: Moltres|96/100
|
|t:|1781328779
|switch|p1a: Volcanion|Volcanion|100/100|[from] U-turn
|
|upkeep
|turn|2
|
|t:|1781328786
|switch|p2a: Volcanion|Volcanion|100/100
|move|p1a: Volcanion|Sludge Bomb|p2a: Volcanion
|-damage|p2a: Volcanion|78/100
|
|upkeep
|turn|3
|
|t:|1781328790
|move|p1a: Volcanion|Sludge Bomb|p2a: Volcanion
|-damage|p2a: Volcanion|53/100
|-status|p2a: Volcanion|psn
|move|p2a: Volcanion|Earth Power|p1a: Volcanion
|-supereffective|p1a: Volcanion
|-enditem|p1a: Volcanion|Shuca Berry|[eat]
|-enditem|p1a: Volcanion|Shuca Berry|[weaken]
|-damage|p1a: Volcanion|62/100
|
|-damage|p2a: Volcanion|40/100 psn|[from] psn
|upkeep
|turn|4
|
|t:|1781328794
|switch|p1a: Landorus|Landorus-Therian, M|100/100
|-ability|p1a: Landorus|Intimidate|boost
|-unboost|p2a: Volcanion|atk|1
|move|p2a: Volcanion|Earth Power|p1a: Landorus
|-immune|p1a: Landorus
|
|-damage|p2a: Volcanion|28/100 psn|[from] psn
|upkeep
|turn|5
|
|t:|1781328798
|switch|p2a: Moltres|Moltres|96/100
|move|p1a: Landorus|Earth Power|p2a: Moltres
|-immune|p2a: Moltres
|
|upkeep
|turn|6
|
|t:|1781328801
|move|p1a: Landorus|Stealth Rock|p2a: Moltres
|-sidestart|p2: Jewgi_moto|move: Stealth Rock
|move|p2a: Moltres|Hurricane|p1a: Landorus
|-damage|p1a: Landorus|51/100
|
|upkeep
|turn|7
|
|t:|1781328805
|move|p1a: Landorus|U-turn|p2a: Moltres
|-resisted|p2a: Moltres
|-damage|p2a: Moltres|91/100
|-status|p1a: Landorus|brn|[from] ability: Flame Body|[of] p2a: Moltres
|
|t:|1781328806
|switch|p1a: Volcanion|Volcanion|62/100|[from] U-turn
|move|p2a: Moltres|Hurricane|p1a: Volcanion|[miss]
|-miss|p2a: Moltres|p1a: Volcanion
|
|upkeep
|turn|8
|
|t:|1781328814
|move|p1a: Volcanion|Sludge Bomb|p2a: Moltres
|-damage|p2a: Moltres|65/100
|-status|p2a: Moltres|psn
|move|p2a: Moltres|Scorching Sands|p1a: Volcanion
|-supereffective|p1a: Volcanion
|-damage|p1a: Volcanion|12/100
|
|-damage|p2a: Moltres|52/100 psn|[from] psn
|upkeep
|turn|9
|
|t:|1781328820
|switch|p2a: Volcanion|Volcanion|28/100 psn
|-damage|p2a: Volcanion|3/100 psn|[from] Stealth Rock
|move|p1a: Volcanion|Steam Eruption|p2a: Volcanion
|-heal|p2a: Volcanion|28/100 psn|[from] ability: Water Absorb|[of] p1a: Volcanion
|
|-damage|p2a: Volcanion|15/100 psn|[from] psn
|upkeep
|turn|10
|
|t:|1781328829
|move|p1a: Volcanion|Sludge Bomb|p2a: Volcanion
|-damage|p2a: Volcanion|0 fnt
|faint|p2a: Volcanion
|
|upkeep
|
|t:|1781328849
|switch|p2a: Hoopa|Hoopa-Unbound|100/100
|-damage|p2a: Hoopa|88/100|[from] Stealth Rock
|turn|11
|
|t:|1781328862
|move|p2a: Hoopa|Psychic|p1a: Volcanion
|-damage|p1a: Volcanion|0 fnt
|faint|p1a: Volcanion
|
|upkeep
|
|t:|1781328875
|switch|p1a: Gholdengo|Gholdengo|100/100
|turn|12
|
|t:|1781328881
|switch|p2a: Moltres|Moltres|52/100 psn
|move|p1a: Gholdengo|Shadow Ball|p2a: Moltres
|-damage|p2a: Moltres|23/100 psn
|-unboost|p2a: Moltres|spd|1
|
|-damage|p2a: Moltres|11/100 psn|[from] psn
|upkeep
|turn|13
|
|t:|1781328892
|switch|p1a: Landorus|Landorus-Therian, M|51/100 brn
|-ability|p1a: Landorus|Intimidate|boost
|-unboost|p2a: Moltres|atk|1
|move|p2a: Moltres|Scorching Sands|p1a: Landorus
|-immune|p1a: Landorus
|
|-damage|p2a: Moltres|0 fnt|[from] psn
|faint|p2a: Moltres
|-damage|p1a: Landorus|45/100 brn|[from] brn
|upkeep
|
|t:|1781328900
|switch|p2a: Hoopa|Hoopa-Unbound|88/100
|-damage|p2a: Hoopa|76/100|[from] Stealth Rock
|turn|14
|
|t:|1781328902
|move|p2a: Hoopa|Psychic|p1a: Landorus
|-damage|p1a: Landorus|0 fnt
|faint|p1a: Landorus
|
|upkeep
|
|t:|1781328905
|switch|p1a: Gholdengo|Gholdengo|100/100
|turn|15
|
|t:|1781328915
|switch|p1a: Walking Wake|Walking Wake|100/100
|-enditem|p1a: Walking Wake|Booster Energy
|-activate|p1a: Walking Wake|ability: Protosynthesis|[fromitem]
|-start|p1a: Walking Wake|protosynthesisspa
|move|p2a: Hoopa|Psychic|p1a: Walking Wake
|-damage|p1a: Walking Wake|34/100
|
|upkeep
|turn|16
|
|t:|1781328921
|move|p2a: Hoopa|Psychic|p1a: Walking Wake
|-damage|p1a: Walking Wake|0 fnt
|faint|p1a: Walking Wake
|-end|p1a: Walking Wake|Protosynthesis|[silent]
|
|upkeep
|
|t:|1781328923
|switch|p1a: Rillaboom|Rillaboom, F|100/100
|-fieldstart|move: Grassy Terrain|[from] ability: Grassy Surge|[of] p1a: Rillaboom
|turn|17
|
|t:|1781328931
|-terastallize|p1a: Rillaboom|Dark
|move|p2a: Hoopa|Psychic|p1a: Rillaboom
|-immune|p1a: Rillaboom
|move|p1a: Rillaboom|Swords Dance|p1a: Rillaboom
|-boost|p1a: Rillaboom|atk|2
|
|-heal|p2a: Hoopa|82/100|[from] Grassy Terrain
|upkeep
|turn|18
|
|t:|1781328935
|switch|p2a: Zamazenta|Zamazenta|100/100
|-damage|p2a: Zamazenta|94/100|[from] Stealth Rock
|-ability|p2a: Zamazenta|Dauntless Shield|boost
|-boost|p2a: Zamazenta|def|1
|move|p1a: Rillaboom|Swords Dance|p1a: Rillaboom
|-boost|p1a: Rillaboom|atk|2
|
|-heal|p2a: Zamazenta|100/100|[from] Grassy Terrain
|upkeep
|turn|19
|
|t:|1781328938
|move|p1a: Rillaboom|Grassy Glide|p2a: Zamazenta
|-damage|p2a: Zamazenta|22/100
|-damage|p1a: Rillaboom|91/100|[from] item: Life Orb
|move|p2a: Zamazenta|Iron Defense|p2a: Zamazenta
|-boost|p2a: Zamazenta|def|2
|
|-heal|p2a: Zamazenta|28/100|[from] Grassy Terrain
|-heal|p2a: Zamazenta|35/100|[from] item: Leftovers
|-heal|p1a: Rillaboom|97/100|[from] Grassy Terrain
|upkeep
|turn|20
|
|t:|1781328947
|move|p1a: Rillaboom|Grassy Glide|p2a: Zamazenta
|-damage|p2a: Zamazenta|0 fnt
|faint|p2a: Zamazenta
|-damage|p1a: Rillaboom|87/100|[from] item: Life Orb
|
|-heal|p1a: Rillaboom|93/100|[from] Grassy Terrain
|upkeep
|
|t:|1781328970
|switch|p2a: Cinderace|Cinderace, M|100/100
|turn|21
|
|t:|1781328983
|move|p1a: Rillaboom|Grassy Glide|p2a: Cinderace
|-resisted|p2a: Cinderace
|-damage|p2a: Cinderace|0 fnt
|faint|p2a: Cinderace
|-damage|p1a: Rillaboom|84/100|[from] item: Life Orb
|
|-heal|p1a: Rillaboom|90/100|[from] Grassy Terrain
|-fieldend|move: Grassy Terrain
|upkeep
|
|t:|1781328998
|switch|p2a: Dragonite|Dragonite, M|100/100
|-damage|p2a: Dragonite|75/100|[from] Stealth Rock
|turn|22
|
|t:|1781329005
|move|p1a: Rillaboom|Knock Off|p2a: Dragonite
|-damage|p2a: Dragonite|0 fnt
|-enditem|p2a: Dragonite|Weakness Policy|[from] move: Knock Off|[of] p1a: Rillaboom
|faint|p2a: Dragonite
|-damage|p1a: Rillaboom|80/100|[from] item: Life Orb
|
|upkeep
|
|t:|1781329008
|switch|p2a: Hoopa|Hoopa-Unbound|82/100
|-damage|p2a: Hoopa|70/100|[from] Stealth Rock
|turn|23
|
|t:|1781329012
|move|p2a: Hoopa|Thunderbolt|p1a: Rillaboom
|-damage|p1a: Rillaboom|28/100
|move|p1a: Rillaboom|Knock Off|p2a: Hoopa
|-damage|p2a: Hoopa|0 fnt
|-enditem|p2a: Hoopa|Choice Scarf|[from] move: Knock Off|[of] p1a: Rillaboom
|faint|p2a: Hoopa
|-damage|p1a: Rillaboom|18/100|[from] item: Life Orb
|
|win|PlashShlate
|raw|PlashShlate's rating: 1625 &rarr; <strong>1644</strong><br />(+19 for winning)
|raw|Jewgi_moto's rating: 1613 &rarr; <strong>1594</strong><br />(-19 for losing)
|l|☆PlashShlate
|player|p1|
|l|☆Jewgi_moto
|player|p2|
