|j|☆freakoffweeb
|j|☆MonkeyMilks
|t:|1780968181
|gametype|singles
|player|p1|freakoffweeb|1|1531
|player|p2|MonkeyMilks|unknownf|1532
|gen|9
|tier|[Gen 9] OU
|rated|
|rule|HP Percentage Mod: HP is shown in percentages
|rule|Endless Battle Clause: Forcing endless battles is banned
|rule|Species Clause: Limit one of each Pokémon
|rule|OHKO Clause: OHKO moves are banned
|rule|Evasion Items Clause: Evasion items are banned
|rule|Evasion Moves Clause: Evasion moves are banned
|rule|Evasion Abilities Clause: Evasion abilities are banned
|rule|Sleep Moves Clause: Sleep-inducing moves are banned
|clearpoke
|poke|p1|Rillaboom, M|
|poke|p1|Raging Bolt|
|poke|p1|Great Tusk|
|poke|p1|Tornadus-Therian, M|
|poke|p1|Cinderace, F|
|poke|p1|Garganacl, F|
|poke|p2|Dragapult, F|
|poke|p2|Garchomp, F|
|poke|p2|Rotom-Wash|
|poke|p2|Muk-Alola, F|
|poke|p2|Toxapex, M|
|poke|p2|Corviknight, M|
|teampreview
|inactive|Battle timer is ON: inactive players will automatically lose when time's up. (requested by freakoffweeb)
|
|t:|1780968191
|teamsize|p1|6
|teamsize|p2|6
|start
|switch|p1a: Garganacl|Garganacl, F|100/100
|switch|p2a: Rotom|Rotom-Wash|100/100
|turn|1
|
|t:|1780968198
|move|p2a: Rotom|Hydro Pump|p1a: Garganacl
|-supereffective|p1a: Garganacl
|-damage|p1a: Garganacl|44/100
|move|p1a: Garganacl|Salt Cure|p2a: Rotom
|-damage|p2a: Rotom|86/100
|-start|p2a: Rotom|Salt Cure
|
|-heal|p2a: Rotom|93/100|[from] item: Leftovers
|-heal|p1a: Garganacl|50/100|[from] item: Leftovers
|-damage|p2a: Rotom|68/100|[from] Salt Cure
|upkeep
|turn|2
|inactive|freakoffweeb has 120 seconds left.
|
|t:|1780968245
|switch|p1a: Tornadus|Tornadus-Therian, M, shiny|100/100
|move|p2a: Rotom|Volt Switch|p1a: Tornadus
|-supereffective|p1a: Tornadus
|-damage|p1a: Tornadus|65/100
|
|t:|1780968258
|switch|p2a: Muk|Muk-Alola, F|100/100|[from] Volt Switch
|
|upkeep
|turn|3
|
|t:|1780968278
|move|p1a: Tornadus|U-turn|p2a: Muk
|-damage|p2a: Muk|85/100
|
|t:|1780968279
|switch|p1a: Garganacl|Garganacl, F|50/100|[from] U-turn
|move|p2a: Muk|Knock Off|p1a: Garganacl
|-damage|p1a: Garganacl|26/100
|-enditem|p1a: Garganacl|Leftovers|[from] move: Knock Off|[of] p2a: Muk
|
|upkeep
|turn|4
|
|t:|1780968286
|switch|p2a: Garchomp|Garchomp, F|100/100
|move|p1a: Garganacl|Recover|p1a: Garganacl
|-heal|p1a: Garganacl|76/100
|
|upkeep
|turn|5
|
|t:|1780968294
|switch|p1a: MF BOOM|Rillaboom, M, shiny|100/100
|-fieldstart|move: Grassy Terrain|[from] ability: Grassy Surge|[of] p1a: MF BOOM
|move|p2a: Garchomp|Swords Dance|p2a: Garchomp
|-boost|p2a: Garchomp|atk|2
|
|upkeep
|turn|6
|
|t:|1780968303
|switch|p1a: Garganacl|Garganacl, F|76/100
|move|p2a: Garchomp|Scale Shot|p1a: Garganacl
|-damage|p1a: Garganacl|58/100
|-damage|p1a: Garganacl|42/100
|-damage|p1a: Garganacl|25/100
|-damage|p1a: Garganacl|8/100
|-damage|p1a: Garganacl|0 fnt
|faint|p1a: Garganacl
|-hitcount|p1: Garganacl|5
|-unboost|p2a: Garchomp|def|1
|-boost|p2a: Garchomp|spe|1
|
|upkeep
|
|t:|1780968308
|switch|p1a: Great Tusk|Great Tusk|100/100
|turn|7
|
|t:|1780968311
|switch|p2a: Corviknight|Corviknight, M|100/100
|-ability|p2a: Corviknight|Pressure
|move|p1a: Great Tusk|Ice Spinner|p2a: Corviknight
|-damage|p2a: Corviknight|87/100
|-damage|p1a: Great Tusk|84/100|[from] item: Rocky Helmet|[of] p2a: Corviknight
|-fieldend|move: Grassy Terrain
|
|upkeep
|turn|8
|
|t:|1780968313
|move|p1a: Great Tusk|Stealth Rock|p2a: Corviknight
|-sidestart|p2: MonkeyMilks|move: Stealth Rock
|move|p2a: Corviknight|U-turn|p1a: Great Tusk
|-resisted|p1a: Great Tusk
|-damage|p1a: Great Tusk|79/100
|-damage|p2a: Corviknight|70/100|[from] item: Rocky Helmet|[of] p1a: Great Tusk
|
|t:|1780968316
|switch|p2a: Rotom|Rotom-Wash|68/100|[from] U-turn
|-damage|p2a: Rotom|55/100|[from] Stealth Rock
|
|-heal|p2a: Rotom|61/100|[from] item: Leftovers
|upkeep
|turn|9
|
|t:|1780968323
|-end|p1a: Great Tusk|Protosynthesis|[silent]
|switch|p1a: Tornadus|Tornadus-Therian, M, shiny|98/100
|move|p2a: Rotom|Will-O-Wisp|p1a: Tornadus|[miss]
|-miss|p2a: Rotom|p1a: Tornadus
|
|-heal|p2a: Rotom|68/100|[from] item: Leftovers
|upkeep
|turn|10
|
|t:|1780968327
|move|p1a: Tornadus|Knock Off|p2a: Rotom
|-damage|p2a: Rotom|48/100
|-enditem|p2a: Rotom|Leftovers|[from] move: Knock Off|[of] p1a: Tornadus
|move|p2a: Rotom|Will-O-Wisp|p1a: Tornadus
|-status|p1a: Tornadus|brn
|
|-damage|p1a: Tornadus|92/100 brn|[from] brn
|upkeep
|turn|11
|
|t:|1780968335
|move|p1a: Tornadus|Icy Wind|p2a: Rotom
|-resisted|p2a: Rotom
|-damage|p2a: Rotom|42/100
|-unboost|p2a: Rotom|spe|1
|move|p2a: Rotom|Pain Split|p1a: Tornadus
|-sethp|p1a: Tornadus|64/100 brn|[from] move: Pain Split|[silent]
|-sethp|p2a: Rotom|76/100|[from] move: Pain Split
|
|-damage|p1a: Tornadus|58/100 brn|[from] brn
|upkeep
|turn|12
|
|t:|1780968340
|move|p1a: Tornadus|U-turn|p2a: Rotom
|-damage|p2a: Rotom|69/100
|
|t:|1780968343
|switch|p1a: MF BOOM|Rillaboom, M, shiny|100/100|[from] U-turn
|-fieldstart|move: Grassy Terrain|[from] ability: Grassy Surge|[of] p1a: MF BOOM
|move|p2a: Rotom|Volt Switch|p1a: MF BOOM
|-resisted|p1a: MF BOOM
|-damage|p1a: MF BOOM|84/100
|
|t:|1780968346
|switch|p2a: Corviknight|Corviknight, M|70/100|[from] Volt Switch
|-damage|p2a: Corviknight|58/100|[from] Stealth Rock
|-ability|p2a: Corviknight|Pressure
|
|-heal|p1a: MF BOOM|91/100|[from] Grassy Terrain
|-heal|p1a: MF BOOM|97/100|[from] item: Leftovers
|upkeep
|turn|13
|
|t:|1780968349
|move|p1a: MF BOOM|Swords Dance|p1a: MF BOOM
|-boost|p1a: MF BOOM|atk|2
|move|p2a: Corviknight|Roost|p2a: Corviknight
|-heal|p2a: Corviknight|100/100
|-singleturn|p2a: Corviknight|move: Roost
|
|-heal|p1a: MF BOOM|100/100|[from] Grassy Terrain
|upkeep
|turn|14
|
|t:|1780968352
|move|p1a: MF BOOM|Knock Off|p2a: Corviknight
|-damage|p2a: Corviknight|59/100
|-damage|p1a: MF BOOM|84/100|[from] item: Rocky Helmet|[of] p2a: Corviknight
|-enditem|p2a: Corviknight|Rocky Helmet|[from] move: Knock Off|[of] p1a: MF BOOM
|move|p2a: Corviknight|Brave Bird|p1a: MF BOOM
|-supereffective|p1a: MF BOOM
|-damage|p1a: MF BOOM|13/100
|-damage|p2a: Corviknight|37/100|[from] Recoil
|
|-heal|p1a: MF BOOM|19/100|[from] Grassy Terrain
|-heal|p1a: MF BOOM|25/100|[from] item: Leftovers
|upkeep
|turn|15
|
|t:|1780968363
|switch|p1a: Raging Bolt|Raging Bolt|100/100
|move|p2a: Corviknight|U-turn|p1a: Raging Bolt
|-damage|p1a: Raging Bolt|87/100
|
|t:|1780968371
|switch|p2a: Muk|Muk-Alola, F|85/100|[from] U-turn
|-damage|p2a: Muk|72/100|[from] Stealth Rock
|
|-heal|p1a: Raging Bolt|93/100|[from] Grassy Terrain
|-heal|p2a: Muk|79/100|[from] Grassy Terrain
|upkeep
|turn|16
|
|t:|1780968376
|move|p1a: Raging Bolt|Draco Meteor|p2a: Muk|[miss]
|-miss|p1a: Raging Bolt|p2a: Muk
|move|p2a: Muk|Knock Off|p1a: Raging Bolt
|-damage|p1a: Raging Bolt|60/100
|-enditem|p1a: Raging Bolt|Choice Specs|[from] move: Knock Off|[of] p2a: Muk
|
|-heal|p1a: Raging Bolt|66/100|[from] Grassy Terrain
|-heal|p2a: Muk|85/100|[from] Grassy Terrain
|-fieldend|move: Grassy Terrain
|upkeep
|turn|17
|-message|freakoffweeb forfeited.
|
|win|MonkeyMilks
|raw|freakoffweeb's rating: 1531 &rarr; <strong>1511</strong><br />(-20 for losing)
|raw|MonkeyMilks's rating: 1532 &rarr; <strong>1552</strong><br />(+20 for winning)
|l|☆freakoffweeb
|player|p1|
|l|☆MonkeyMilks
|player|p2|
