|j|☆LowEL0God
|j|☆kshuaib734
|t:|1781527257
|gametype|singles
|player|p1|LowEL0God|265|1605
|player|p2|kshuaib734|steven|1596
|gen|9
|tier|[Gen 9] OU
|rated|
|rule|HP Percentage Mod: HP is shown in percentages
|rule|Endless Battle Clause: Forcing endless battles is banned
|rule|Species Clause: Limit one of each Pokémon
|rule|OHKO Clause: OHKO moves are banned
|rule|Evasion Items Clause: Evasion items are banned
|rule|Evasion Moves Clause: Evasion moves are banned
|rule|Evasion Abilities Clause: Evasion abilities are banned
|rule|Sleep Moves Clause: Sleep-inducing moves are banned
|clearpoke
|poke|p1|Pelipper, M|
|poke|p1|Raging Bolt|
|poke|p1|Overqwil, F|
|poke|p1|Barraskewda, M|
|poke|p1|Iron Treads|
|poke|p1|Kingambit, F|
|poke|p2|Tyranitar, M|
|poke|p2|Latios, M|
|poke|p2|Pelipper, F|
|poke|p2|Quaquaval, F|
|poke|p2|Kingdra, F|
|poke|p2|Excadrill, M|
|teampreview
|inactive|Battle timer is ON: inactive players will automatically lose when time's up. (requested by kshuaib734)
|c|☆LowEL0God|hf
|inactive|LowEL0God also wants the timer to be on.
|c|☆kshuaib734|u2
|
|t:|1781527270
|teamsize|p1|6
|teamsize|p2|6
|start
|switch|p1a: Barraskewda|Barraskewda, M|100/100
|switch|p2a: King Tyrant|Tyranitar, M|100/100
|-weather|Sandstorm|[from] ability: Sand Stream|[of] p2a: King Tyrant
|turn|1
|
|t:|1781527277
|-terastallize|p2a: King Tyrant|Ghost
|move|p1a: Barraskewda|Liquidation|p2a: King Tyrant
|-damage|p2a: King Tyrant|59/100
|-unboost|p2a: King Tyrant|def|1
|move|p2a: King Tyrant|Stealth Rock|p1a: Barraskewda
|-sidestart|p1: LowEL0God|move: Stealth Rock
|
|-weather|Sandstorm|[upkeep]
|-damage|p1a: Barraskewda|94/100|[from] Sandstorm
|-damage|p2a: King Tyrant|52/100|[from] Sandstorm
|upkeep
|turn|2
|
|t:|1781527287
|switch|p2a: Tyrant's Vengeance|Kingdra, F|100/100
|move|p1a: Barraskewda|Liquidation|p2a: Tyrant's Vengeance
|-resisted|p2a: Tyrant's Vengeance
|-damage|p2a: Tyrant's Vengeance|79/100
|
|-weather|Sandstorm|[upkeep]
|-damage|p1a: Barraskewda|88/100|[from] Sandstorm
|-damage|p2a: Tyrant's Vengeance|73/100|[from] Sandstorm
|upkeep
|turn|3
|
|t:|1781527295
|switch|p1a: Kingambit|Kingambit, F|100/100
|-damage|p1a: Kingambit|94/100|[from] Stealth Rock
|move|p2a: Tyrant's Vengeance|Flip Turn|p1a: Kingambit
|-damage|p1a: Kingambit|79/100
|
|t:|1781527302
|switch|p2a: Tyrant's Endgame|Quaquaval, F|100/100|[from] Flip Turn
|
|-weather|Sandstorm|[upkeep]
|-damage|p2a: Tyrant's Endgame|94/100|[from] Sandstorm
|-heal|p1a: Kingambit|86/100|[from] item: Leftovers
|upkeep
|turn|4
|
|t:|1781527309
|-end|p1a: Kingambit|fallenundefined|[silent]
|switch|p1a: Pelipper|Pelipper, M|100/100
|-damage|p1a: Pelipper|76/100|[from] Stealth Rock
|-weather|RainDance|[from] ability: Drizzle|[of] p1a: Pelipper
|move|p2a: Tyrant's Endgame|Close Combat|p1a: Pelipper
|-resisted|p1a: Pelipper
|-damage|p1a: Pelipper|53/100
|-unboost|p2a: Tyrant's Endgame|def|1
|-unboost|p2a: Tyrant's Endgame|spd|1
|
|-weather|RainDance|[upkeep]
|upkeep
|turn|5
|
|t:|1781527325
|switch|p2a: King Tyrant|Tyranitar, M, tera:Ghost|52/100
|-weather|Sandstorm|[from] ability: Sand Stream|[of] p2a: King Tyrant
|move|p1a: Pelipper|Hurricane|p2a: King Tyrant
|-damage|p2a: King Tyrant|24/100
|-start|p2a: King Tyrant|confusion
|
|-weather|Sandstorm|[upkeep]
|-damage|p2a: King Tyrant|18/100|[from] Sandstorm
|-damage|p1a: Pelipper|47/100|[from] Sandstorm
|upkeep
|turn|6
|
|t:|1781527335
|switch|p2a: Tyrant's Legacy|Excadrill, M|100/100
|move|p1a: Pelipper|Roost|p1a: Pelipper
|-heal|p1a: Pelipper|97/100
|-singleturn|p1a: Pelipper|move: Roost
|
|-weather|Sandstorm|[upkeep]
|-damage|p1a: Pelipper|91/100|[from] Sandstorm
|upkeep
|turn|7
|
|t:|1781527344
|move|p2a: Tyrant's Legacy|Throat Chop|p1a: Pelipper
|-damage|p1a: Pelipper|59/100
|-start|p1a: Pelipper|Throat Chop|[silent]
|-damage|p2a: Tyrant's Legacy|91/100|[from] item: Life Orb
|move|p1a: Pelipper|Hurricane|p2a: Tyrant's Legacy
|-resisted|p2a: Tyrant's Legacy
|-damage|p2a: Tyrant's Legacy|66/100
|
|-weather|Sandstorm|[upkeep]
|-damage|p1a: Pelipper|53/100|[from] Sandstorm
|upkeep
|turn|8
|
|t:|1781527353
|move|p2a: Tyrant's Legacy|Rapid Spin|p1a: Pelipper
|-damage|p1a: Pelipper|34/100
|-boost|p2a: Tyrant's Legacy|spe|1
|-damage|p2a: Tyrant's Legacy|56/100|[from] item: Life Orb
|move|p1a: Pelipper|Roost|p1a: Pelipper
|-heal|p1a: Pelipper|84/100
|-singleturn|p1a: Pelipper|move: Roost
|
|-weather|Sandstorm|[upkeep]
|-damage|p1a: Pelipper|78/100|[from] Sandstorm
|-end|p1a: Pelipper|Throat Chop|[silent]
|upkeep
|turn|9
|
|t:|1781527365
|move|p2a: Tyrant's Legacy|Throat Chop|p1a: Pelipper
|-damage|p1a: Pelipper|46/100
|-start|p1a: Pelipper|Throat Chop|[silent]
|-damage|p2a: Tyrant's Legacy|46/100|[from] item: Life Orb
|move|p1a: Pelipper|Hurricane|p2a: Tyrant's Legacy
|-resisted|p2a: Tyrant's Legacy
|-damage|p2a: Tyrant's Legacy|23/100
|
|-weather|none
|upkeep
|turn|10
|
|t:|1781527375
|switch|p2a: Tyrant's Enforcer|Latios, M|100/100
|move|p1a: Pelipper|Roost|p1a: Pelipper
|-heal|p1a: Pelipper|96/100
|-singleturn|p1a: Pelipper|move: Roost
|
|-end|p1a: Pelipper|Throat Chop|[silent]
|upkeep
|turn|11
|
|t:|1781527383
|switch|p1a: Kingambit|Kingambit, F|86/100
|-damage|p1a: Kingambit|79/100|[from] Stealth Rock
|move|p2a: Tyrant's Enforcer|Luster Purge|p1a: Kingambit
|-immune|p1a: Kingambit
|
|-heal|p1a: Kingambit|86/100|[from] item: Leftovers
|upkeep
|turn|12
|
|t:|1781527391
|switch|p2a: Tyrant's Endgame|Quaquaval, F|94/100
|-terastallize|p1a: Kingambit|Dark
|move|p1a: Kingambit|Swords Dance|p1a: Kingambit
|-boost|p1a: Kingambit|atk|2
|
|-heal|p1a: Kingambit|92/100|[from] item: Leftovers
|upkeep
|turn|13
|
|t:|1781527400
|move|p2a: Tyrant's Endgame|Close Combat|p1a: Kingambit
|-supereffective|p1a: Kingambit
|-damage|p1a: Kingambit|0 fnt
|-unboost|p2a: Tyrant's Endgame|def|1
|-unboost|p2a: Tyrant's Endgame|spd|1
|faint|p1a: Kingambit
|-end|p1a: Kingambit|fallenundefined|[silent]
|-ability|p2a: Tyrant's Endgame|Moxie|boost
|-boost|p2a: Tyrant's Endgame|atk|1
|
|upkeep
|
|t:|1781527401
|switch|p1a: Raging Bolt|Raging Bolt|100/100
|-damage|p1a: Raging Bolt|88/100|[from] Stealth Rock
|-enditem|p1a: Raging Bolt|Booster Energy
|-activate|p1a: Raging Bolt|ability: Protosynthesis|[fromitem]
|-start|p1a: Raging Bolt|protosynthesisspa
|turn|14
|
|t:|1781527412
|switch|p2a: King Tyrant|Tyranitar, M, tera:Ghost|18/100
|-weather|Sandstorm|[from] ability: Sand Stream|[of] p2a: King Tyrant
|move|p1a: Raging Bolt|Draco Meteor|p2a: King Tyrant
|-damage|p2a: King Tyrant|0 fnt
|-unboost|p1a: Raging Bolt|spa|2
|faint|p2a: King Tyrant
|
|-weather|Sandstorm|[upkeep]
|-damage|p1a: Raging Bolt|82/100|[from] Sandstorm
|upkeep
|
|t:|1781527436
|switch|p2a: Tyrant's Vengeance|Kingdra, F|73/100
|turn|15
|
|t:|1781527445
|-end|p1a: Raging Bolt|Protosynthesis|[silent]
|switch|p1a: Iron Treads|Iron Treads|100/100
|-damage|p1a: Iron Treads|97/100|[from] Stealth Rock
|-enditem|p1a: Iron Treads|Booster Energy
|-activate|p1a: Iron Treads|ability: Quark Drive|[fromitem]
|-start|p1a: Iron Treads|quarkdrivespe
|move|p2a: Tyrant's Vengeance|Weather Ball|p1a: Iron Treads
|-resisted|p1a: Iron Treads
|-damage|p1a: Iron Treads|87/100
|
|-weather|Sandstorm|[upkeep]
|-damage|p2a: Tyrant's Vengeance|67/100|[from] Sandstorm
|upkeep
|turn|16
|
|t:|1781527456
|move|p1a: Iron Treads|Rapid Spin|p2a: Tyrant's Vengeance
|-damage|p2a: Tyrant's Vengeance|54/100
|-boost|p1a: Iron Treads|spe|1
|-sideend|p1: LowEL0God|Stealth Rock|[from] move: Rapid Spin|[of] p1a: Iron Treads
|move|p2a: Tyrant's Vengeance|Flip Turn|p1a: Iron Treads
|-supereffective|p1a: Iron Treads
|-damage|p1a: Iron Treads|49/100
|
|t:|1781527463
|switch|p2a: Tyrant's Downpour|Pelipper, F|100/100|[from] Flip Turn
|-weather|RainDance|[from] ability: Drizzle|[of] p2a: Tyrant's Downpour
|
|-weather|RainDance|[upkeep]
|upkeep
|turn|17
|
|t:|1781527469
|move|p1a: Iron Treads|Stealth Rock|p2a: Tyrant's Downpour
|-sidestart|p2: kshuaib734|move: Stealth Rock
|move|p2a: Tyrant's Downpour|Weather Ball|p1a: Iron Treads
|-supereffective|p1a: Iron Treads
|-damage|p1a: Iron Treads|0 fnt
|faint|p1a: Iron Treads
|-end|p1a: Iron Treads|Quark Drive|[silent]
|
|-weather|RainDance|[upkeep]
|upkeep
|
|t:|1781527471
|switch|p1a: Raging Bolt|Raging Bolt|82/100
|turn|18
|
|t:|1781527484
|switch|p2a: Tyrant's Vengeance|Kingdra, F|54/100
|-damage|p2a: Tyrant's Vengeance|42/100|[from] Stealth Rock
|move|p1a: Raging Bolt|Draco Meteor|p2a: Tyrant's Vengeance
|-supereffective|p2a: Tyrant's Vengeance
|-damage|p2a: Tyrant's Vengeance|0 fnt
|-unboost|p1a: Raging Bolt|spa|2
|faint|p2a: Tyrant's Vengeance
|
|-weather|RainDance|[upkeep]
|upkeep
|
|t:|1781527497
|switch|p2a: Tyrant's Legacy|Excadrill, M|23/100
|-damage|p2a: Tyrant's Legacy|20/100|[from] Stealth Rock
|turn|19
|
|t:|1781527501
|-end|p1a: Raging Bolt|Protosynthesis|[silent]
|switch|p1a: Pelipper|Pelipper, M|96/100
|move|p2a: Tyrant's Legacy|Rapid Spin|p1a: Pelipper
|-damage|p1a: Pelipper|76/100
|-boost|p2a: Tyrant's Legacy|spe|1
|-sideend|p2: kshuaib734|Stealth Rock|[from] move: Rapid Spin|[of] p2a: Tyrant's Legacy
|-damage|p2a: Tyrant's Legacy|10/100|[from] item: Life Orb
|
|-weather|RainDance|[upkeep]
|upkeep
|turn|20
|
|t:|1781527512
|switch|p2a: Tyrant's Enforcer|Latios, M|100/100
|move|p1a: Pelipper|Hurricane|p2a: Tyrant's Enforcer
|-damage|p2a: Tyrant's Enforcer|61/100
|
|-weather|RainDance|[upkeep]
|upkeep
|turn|21
|
|t:|1781527520
|switch|p1a: Overqwil|Overqwil, F|100/100
|move|p2a: Tyrant's Enforcer|Trick|p1a: Overqwil
|-activate|p2a: Tyrant's Enforcer|move: Trick|[of] p1a: Overqwil
|-item|p1a: Overqwil|Choice Scarf|[from] move: Trick
|-item|p2a: Tyrant's Enforcer|Life Orb|[from] move: Trick
|
|-weather|RainDance|[upkeep]
|upkeep
|turn|22
|
|t:|1781527529
|switch|p2a: Tyrant's Legacy|Excadrill, M|10/100
|move|p1a: Overqwil|Crunch|p2a: Tyrant's Legacy
|-damage|p2a: Tyrant's Legacy|0 fnt
|faint|p2a: Tyrant's Legacy
|
|-weather|RainDance|[upkeep]
|upkeep
|
|t:|1781527542
|switch|p2a: Tyrant's Endgame|Quaquaval, F|94/100
|turn|23
|
|t:|1781527555
|switch|p1a: Raging Bolt|Raging Bolt|82/100
|move|p2a: Tyrant's Endgame|Wave Crash|p1a: Raging Bolt
|-resisted|p1a: Raging Bolt
|-damage|p1a: Raging Bolt|31/100
|-damage|p2a: Tyrant's Endgame|72/100|[from] Recoil
|
|-weather|none
|upkeep
|turn|24
|
|t:|1781527567
|switch|p2a: Tyrant's Downpour|Pelipper, F|100/100
|-weather|RainDance|[from] ability: Drizzle|[of] p2a: Tyrant's Downpour
|move|p1a: Raging Bolt|Thunderclap||[still]
|-fail|p1a: Raging Bolt
|
|-weather|RainDance|[upkeep]
|upkeep
|turn|25
|
|t:|1781527577
|move|p1a: Raging Bolt|Draco Meteor|p2a: Tyrant's Downpour
|-damage|p2a: Tyrant's Downpour|0 fnt
|-unboost|p1a: Raging Bolt|spa|2
|faint|p2a: Tyrant's Downpour
|
|-weather|RainDance|[upkeep]
|upkeep
|
|t:|1781527583
|switch|p2a: Tyrant's Enforcer|Latios, M|61/100
|turn|26
|
|t:|1781527588
|move|p2a: Tyrant's Enforcer|Surf|p1a: Raging Bolt
|-resisted|p1a: Raging Bolt
|-damage|p1a: Raging Bolt|0 fnt
|faint|p1a: Raging Bolt
|-end|p1a: Raging Bolt|Protosynthesis|[silent]
|-damage|p2a: Tyrant's Enforcer|51/100|[from] item: Life Orb
|
|-weather|RainDance|[upkeep]
|upkeep
|
|t:|1781527588
|switch|p1a: Barraskewda|Barraskewda, M|88/100
|turn|27
|
|t:|1781527598
|move|p1a: Barraskewda|Liquidation|p2a: Tyrant's Enforcer
|-resisted|p2a: Tyrant's Enforcer
|-damage|p2a: Tyrant's Enforcer|0 fnt
|faint|p2a: Tyrant's Enforcer
|
|-weather|RainDance|[upkeep]
|upkeep
|
|t:|1781527603
|switch|p2a: Tyrant's Endgame|Quaquaval, F|72/100
|turn|28
|
|t:|1781527607
|move|p1a: Barraskewda|Liquidation|p2a: Tyrant's Endgame
|-resisted|p2a: Tyrant's Endgame
|-damage|p2a: Tyrant's Endgame|6/100
|move|p2a: Tyrant's Endgame|Aqua Step|p1a: Barraskewda
|-resisted|p1a: Barraskewda
|-damage|p1a: Barraskewda|10/100
|-boost|p2a: Tyrant's Endgame|spe|1
|
|-weather|RainDance|[upkeep]
|upkeep
|turn|29
|
|t:|1781527615
|move|p2a: Tyrant's Endgame|Aqua Jet|p1a: Barraskewda
|-resisted|p1a: Barraskewda
|-damage|p1a: Barraskewda|0 fnt
|faint|p1a: Barraskewda
|-ability|p2a: Tyrant's Endgame|Moxie|boost
|-boost|p2a: Tyrant's Endgame|atk|1
|
|-weather|RainDance|[upkeep]
|upkeep
|
|t:|1781527616
|switch|p1a: Overqwil|Overqwil, F|100/100
|turn|30
|
|t:|1781527623
|move|p2a: Tyrant's Endgame|Aqua Jet|p1a: Overqwil
|-damage|p1a: Overqwil|29/100
|move|p1a: Overqwil|Liquidation|p2a: Tyrant's Endgame
|-resisted|p2a: Tyrant's Endgame
|-damage|p2a: Tyrant's Endgame|0 fnt
|faint|p2a: Tyrant's Endgame
|
|win|LowEL0God
|raw|LowEL0God's rating: 1605 &rarr; <strong>1624</strong><br />(+19 for winning)
|raw|kshuaib734's rating: 1596 &rarr; <strong>1577</strong><br />(-19 for losing)
|l|☆kshuaib734
|player|p2|
|c|☆LowEL0God|gg
|l|☆LowEL0God
|player|p1|
