|badge|p2|bronze|gen9randombattle|100-9
|badge|p2|bronze|gen9ubers|100-9
|uhtml|medal-msg|<div class="broadcast-blue">Curious what those medals under the avatar are? PS now has Ladder Seasons! For more information, check out the <a href="https://www.smogon.com/forums/threads/3740067/">thread on Smogon.</a></div>
|j|☆mrporksin
|j|☆oddishlover4
|t:|1781342527
|gametype|singles
|player|p1|mrporksin|266|1582
|player|p2|oddishlover4|acetrainerf|1677
|gen|9
|tier|[Gen 9] OU
|rated|
|rule|HP Percentage Mod: HP is shown in percentages
|rule|Endless Battle Clause: Forcing endless battles is banned
|rule|Species Clause: Limit one of each Pokémon
|rule|OHKO Clause: OHKO moves are banned
|rule|Evasion Items Clause: Evasion items are banned
|rule|Evasion Moves Clause: Evasion moves are banned
|rule|Evasion Abilities Clause: Evasion abilities are banned
|rule|Sleep Moves Clause: Sleep-inducing moves are banned
|clearpoke
|poke|p1|Ogerpon, F|
|poke|p1|Deoxys-Speed|
|poke|p1|Blaziken, F|
|poke|p1|Scizor, M|
|poke|p1|Raging Bolt|
|poke|p1|Great Tusk|
|poke|p2|Kyurem|
|poke|p2|Hatterene, F|
|poke|p2|Darkrai|
|poke|p2|Great Tusk|
|poke|p2|Dragonite, F|
|poke|p2|Gholdengo|
|teampreview
|
|t:|1781342547
|teamsize|p1|6
|teamsize|p2|6
|start
|switch|p1a: Deoxys|Deoxys-Speed|100/100
|switch|p2a: Fearless|Great Tusk|100/100
|-ability|p1a: Deoxys|Pressure
|turn|1
|c|☆oddishlover4|gl/hf!
|inactive|Battle timer is ON: inactive players will automatically lose when time's up. (requested by oddishlover4)
|c|☆mrporksin|glhf!
|
|t:|1781342565
|-end|p2a: Fearless|Protosynthesis|[silent]
|switch|p2a: Celebration|Gholdengo|100/100
|move|p1a: Deoxys|Psycho Boost|p2a: Celebration
|-resisted|p2a: Celebration
|-damage|p2a: Celebration|58/100
|-unboost|p1a: Deoxys|spa|2
|-damage|p1a: Deoxys|91/100|[from] item: Life Orb
|
|upkeep
|turn|2
|
|t:|1781342583
|switch|p1a: Scizor|Scizor, M|100/100
|move|p2a: Celebration|Shadow Ball|p1a: Scizor
|-damage|p1a: Scizor|55/100
|-unboost|p1a: Scizor|spd|1
|
|upkeep
|turn|3
|
|t:|1781342602
|switch|p1a: Raging Bolt|Raging Bolt|100/100
|move|p2a: Celebration|Shadow Ball|p1a: Raging Bolt
|-damage|p1a: Raging Bolt|63/100
|
|-heal|p1a: Raging Bolt|69/100|[from] item: Leftovers
|upkeep
|turn|4
|
|t:|1781342621
|move|p1a: Raging Bolt|Calm Mind|p1a: Raging Bolt
|-boost|p1a: Raging Bolt|spa|1
|-boost|p1a: Raging Bolt|spd|1
|move|p2a: Celebration|Shadow Ball|p1a: Raging Bolt
|-damage|p1a: Raging Bolt|43/100
|
|-heal|p1a: Raging Bolt|49/100|[from] item: Leftovers
|upkeep
|turn|5
|inactive|oddishlover4 has 120 seconds left.
|
|t:|1781342639
|move|p1a: Raging Bolt|Calm Mind|p1a: Raging Bolt
|-boost|p1a: Raging Bolt|spa|1
|-boost|p1a: Raging Bolt|spd|1
|move|p2a: Celebration|Shadow Ball|p1a: Raging Bolt
|-damage|p1a: Raging Bolt|31/100
|-unboost|p1a: Raging Bolt|spd|1
|
|-heal|p1a: Raging Bolt|37/100|[from] item: Leftovers
|upkeep
|turn|6
|inactive|oddishlover4 has 120 seconds left.
|j| sacron10
|
|t:|1781342657
|move|p1a: Raging Bolt|Thunderbolt|p2a: Celebration
|-damage|p2a: Celebration|0 fnt
|faint|p2a: Celebration
|
|-heal|p1a: Raging Bolt|43/100|[from] item: Leftovers
|upkeep
|
|t:|1781342675
|switch|p2a: Fearless|Great Tusk|100/100
|turn|7
|
|t:|1781342693
|-terastallize|p1a: Raging Bolt|Fairy
|move|p2a: Fearless|Headlong Rush|p1a: Raging Bolt
|-damage|p1a: Raging Bolt|13/100
|-unboost|p2a: Fearless|def|1
|-unboost|p2a: Fearless|spd|1
|move|p1a: Raging Bolt|Dragon Pulse|p2a: Fearless
|-damage|p2a: Fearless|0 fnt
|faint|p2a: Fearless
|-end|p2a: Fearless|Protosynthesis|[silent]
|
|-heal|p1a: Raging Bolt|19/100|[from] item: Leftovers
|upkeep
|
|t:|1781342703
|switch|p2a: Boompala|Kyurem|100/100
|-ability|p2a: Boompala|Pressure
|turn|8
|
|t:|1781342712
|move|p2a: Boompala|Ice Beam|p1a: Raging Bolt
|-damage|p1a: Raging Bolt|0 fnt
|faint|p1a: Raging Bolt
|-end|p1a: Raging Bolt|Protosynthesis|[silent]
|
|upkeep
|
|t:|1781342718
|switch|p1a: Scizor|Scizor, M|55/100
|turn|9
|
|t:|1781342736
|switch|p2a: Bluebeard's Wife|Dragonite, F|100/100
|move|p1a: Scizor|Bullet Punch|p2a: Bluebeard's Wife
|-damage|p2a: Bluebeard's Wife|79/100
|
|upkeep
|turn|10
|
|t:|1781342755
|move|p1a: Scizor|Bullet Punch|p2a: Bluebeard's Wife
|-damage|p2a: Bluebeard's Wife|31/100
|move|p2a: Bluebeard's Wife|Fire Punch|p1a: Scizor
|-supereffective|p1a: Scizor
|-damage|p1a: Scizor|0 fnt
|faint|p1a: Scizor
|
|upkeep
|
|t:|1781342762
|switch|p1a: Deoxys|Deoxys-Speed|91/100
|-ability|p1a: Deoxys|Pressure
|turn|11
|j| ebizi
|
|t:|1781342780
|move|p2a: Bluebeard's Wife|Extreme Speed|p1a: Deoxys
|-damage|p1a: Deoxys|48/100
|move|p1a: Deoxys|Ice Beam|p2a: Bluebeard's Wife
|-supereffective|p2a: Bluebeard's Wife
|-damage|p2a: Bluebeard's Wife|0 fnt
|faint|p2a: Bluebeard's Wife
|-damage|p1a: Deoxys|38/100|[from] item: Life Orb
|
|upkeep
|inactive|oddishlover4 has 90 seconds left.
|
|t:|1781342798
|switch|p2a: Perfect Night|Darkrai|100/100
|turn|12
|inactive|oddishlover4 has 90 seconds left.
|
|t:|1781342816
|move|p2a: Perfect Night|Ice Beam|p1a: Deoxys
|-damage|p1a: Deoxys|0 fnt
|faint|p1a: Deoxys
|
|upkeep
|
|t:|1781342823
|switch|p1a: Blaziken|Blaziken, F, shiny|100/100
|turn|13
|inactive|oddishlover4 has 90 seconds left.
|
|t:|1781342841
|switch|p2a: Antifragile|Hatterene, F|100/100
|move|p1a: Blaziken|Focus Energy|p1a: Blaziken
|-start|p1a: Blaziken|move: Focus Energy
|
|-ability|p1a: Blaziken|Speed Boost|boost
|-boost|p1a: Blaziken|spe|1
|upkeep
|turn|14
|inactive|oddishlover4 has 90 seconds left.
|
|t:|1781342858
|move|p1a: Blaziken|Overheat|p2a: Antifragile
|-crit|p2a: Antifragile
|-damage|p2a: Antifragile|4/100
|-unboost|p1a: Blaziken|spa|2
|move|p2a: Antifragile|Psychic Noise|p1a: Blaziken
|-supereffective|p1a: Blaziken
|-damage|p1a: Blaziken|0 fnt
|faint|p1a: Blaziken
|
|upkeep
|
|t:|1781342868
|switch|p1a: Great Tusk|Great Tusk|100/100
|turn|15
|inactive|oddishlover4 has 90 seconds left.
|
|t:|1781342883
|move|p1a: Great Tusk|Rapid Spin|p2a: Antifragile
|-damage|p2a: Antifragile|0 fnt
|-boost|p1a: Great Tusk|spe|1
|-damage|p1a: Great Tusk|84/100|[from] item: Rocky Helmet|[of] p2a: Antifragile
|faint|p2a: Antifragile
|
|upkeep
|
|t:|1781342897
|switch|p2a: Boompala|Kyurem|100/100
|-ability|p2a: Boompala|Pressure
|turn|16
|
|t:|1781342911
|-terastallize|p2a: Boompala|Poison
|move|p1a: Great Tusk|Close Combat|p2a: Boompala
|-resisted|p2a: Boompala
|-damage|p2a: Boompala|78/100
|-unboost|p1a: Great Tusk|def|1
|-unboost|p1a: Great Tusk|spd|1
|move|p2a: Boompala|Ice Beam|p1a: Great Tusk
|-supereffective|p1a: Great Tusk
|-damage|p1a: Great Tusk|0 fnt
|faint|p1a: Great Tusk
|-end|p1a: Great Tusk|Protosynthesis|[silent]
|
|upkeep
|
|t:|1781342929
|switch|p1a: Ogerpon|Ogerpon, F|100/100
|turn|17
|inactive|oddishlover4 has 90 seconds left.
|-message|mrporksin forfeited.
|
|win|oddishlover4
|raw|mrporksin's rating: 1582 &rarr; <strong>1567</strong><br />(-15 for losing)
|raw|oddishlover4's rating: 1677 &rarr; <strong>1692</strong><br />(+15 for winning)
|l|☆mrporksin
|player|p1|
|c|☆oddishlover4|GG!
|l| sacron10
|l| ebizi
