|j|☆lunachili
|j|☆LanceStern
|t:|1780983934
|gametype|singles
|player|p1|lunachili|clown|1602
|player|p2|LanceStern|brock|1576
|gen|9
|tier|[Gen 9] OU
|rated|
|rule|HP Percentage Mod: HP is shown in percentages
|rule|Endless Battle Clause: Forcing endless battles is banned
|rule|Species Clause: Limit one of each Pokémon
|rule|OHKO Clause: OHKO moves are banned
|rule|Evasion Items Clause: Evasion items are banned
|rule|Evasion Moves Clause: Evasion moves are banned
|rule|Evasion Abilities Clause: Evasion abilities are banned
|rule|Sleep Moves Clause: Sleep-inducing moves are banned
|clearpoke
|poke|p1|Alomomola, F|
|poke|p1|Slowking-Galar, F|
|poke|p1|Kingambit, F|
|poke|p1|Great Tusk|
|poke|p1|Cinderace, F|
|poke|p1|Raging Bolt|
|poke|p2|Deoxys-Speed|
|poke|p2|Iron Moth|
|poke|p2|Samurott-Hisui, M|
|poke|p2|Great Tusk|
|poke|p2|Scizor, F|
|poke|p2|Sinistcha-Masterpiece|
|teampreview
|inactive|Battle timer is ON: inactive players will automatically lose when time's up. (requested by lunachili)
|inactive|LanceStern has 120 seconds left.
|inactive|LanceStern has 90 seconds left.
|inactive|LanceStern has 60 seconds left.
|
|t:|1780984035
|teamsize|p1|6
|teamsize|p2|6
|start
|switch|p1a: Slowking|Slowking-Galar, F|100/100
|switch|p2a: Scizor|Scizor, F|100/100
|turn|1
|inactive|LanceStern has 120 seconds left.
|
|t:|1780984047
|switch|p1a: Great Tusk|Great Tusk|100/100
|move|p2a: Scizor|U-turn|p1a: Great Tusk
|-resisted|p1a: Great Tusk
|-damage|p1a: Great Tusk|78/100
|-damage|p2a: Scizor|84/100|[from] item: Rocky Helmet|[of] p1a: Great Tusk
|inactive|LanceStern has 120 seconds left.
|
|t:|1780984061
|switch|p2a: Sinistcha|Sinistcha-Masterpiece|100/100|[from] U-turn
|
|upkeep
|turn|2
|
|t:|1780984068
|-end|p1a: Great Tusk|Protosynthesis|[silent]
|switch|p1a: Slowking|Slowking-Galar, F|100/100
|move|p2a: Sinistcha|Shadow Ball|p1a: Slowking
|-supereffective|p1a: Slowking
|-damage|p1a: Slowking|58/100
|
|upkeep
|turn|3
|
|t:|1780984074
|move|p2a: Sinistcha|Shadow Ball|p1a: Slowking
|-supereffective|p1a: Slowking
|-damage|p1a: Slowking|15/100
|-unboost|p1a: Slowking|spd|1
|move|p1a: Slowking|Thunder Wave|p2a: Sinistcha
|-status|p2a: Sinistcha|par
|
|upkeep
|turn|4
|
|t:|1780984082
|switch|p1a: Kingambit|Kingambit, F|100/100
|move|p2a: Sinistcha|Matcha Gotcha|p1a: Kingambit
|-resisted|p1a: Kingambit
|-damage|p1a: Kingambit|84/100
|
|-heal|p1a: Kingambit|90/100|[from] item: Leftovers
|upkeep
|turn|5
|
|t:|1780984095
|-end|p1a: Kingambit|fallenundefined|[silent]
|switch|p1a: Slowking|Slowking-Galar, F|48/100
|switch|p2a: Great Tusk|Great Tusk|100/100
|
|upkeep
|turn|6
|
|t:|1780984100
|switch|p1a: Alomomola|Alomomola, F|100/100
|move|p2a: Great Tusk|Headlong Rush|p1a: Alomomola
|-damage|p1a: Alomomola|73/100
|-unboost|p2a: Great Tusk|def|1
|-unboost|p2a: Great Tusk|spd|1
|-damage|p2a: Great Tusk|84/100|[from] item: Rocky Helmet|[of] p1a: Alomomola
|
|upkeep
|turn|7
|
|t:|1780984108
|move|p2a: Great Tusk|Stealth Rock|p1a: Alomomola
|-sidestart|p1: lunachili|move: Stealth Rock
|move|p1a: Alomomola|Flip Turn|p2a: Great Tusk
|-supereffective|p2a: Great Tusk
|-damage|p2a: Great Tusk|55/100
|-damage|p1a: Alomomola|57/100|[from] item: Rocky Helmet|[of] p2a: Great Tusk
|
|t:|1780984120
|switch|p1a: Cinderace|Cinderace, F|100/100|[from] Flip Turn
|
|upkeep
|turn|8
|
|t:|1780984125
|move|p1a: Cinderace|Pyro Ball|p2a: Great Tusk
|-damage|p2a: Great Tusk|2/100
|move|p2a: Great Tusk|Rapid Spin|p1a: Cinderace
|-damage|p1a: Cinderace|80/100
|-boost|p2a: Great Tusk|spe|1
|
|upkeep
|turn|9
|
|t:|1780984136
|-end|p2a: Great Tusk|Protosynthesis|[silent]
|switch|p2a: Deoxys|Deoxys-Speed|100/100
|-ability|p2a: Deoxys|Pressure
|switch|p1a: Alomomola|Alomomola, F|90/100
|-damage|p1a: Alomomola|78/100|[from] Stealth Rock
|
|upkeep
|turn|10
|
|t:|1780984151
|switch|p1a: Kingambit|Kingambit, F|90/100
|-damage|p1a: Kingambit|84/100|[from] Stealth Rock
|move|p2a: Deoxys|Thunderbolt|p1a: Kingambit
|-damage|p1a: Kingambit|57/100
|
|-heal|p1a: Kingambit|63/100|[from] item: Leftovers
|upkeep
|turn|11
|
|t:|1780984161
|-terastallize|p2a: Deoxys|Fighting
|move|p1a: Kingambit|Sucker Punch|p2a: Deoxys
|-resisted|p2a: Deoxys
|-damage|p2a: Deoxys|67/100
|move|p2a: Deoxys|Superpower|p1a: Kingambit
|-supereffective|p1a: Kingambit
|-damage|p1a: Kingambit|0 fnt
|-unboost|p2a: Deoxys|atk|1
|-unboost|p2a: Deoxys|def|1
|faint|p1a: Kingambit
|-end|p1a: Kingambit|fallenundefined|[silent]
|
|upkeep
|
|t:|1780984177
|switch|p1a: Slowking|Slowking-Galar, F|82/100
|turn|12
|
|t:|1780984183
|switch|p2a: Sinistcha|Sinistcha-Masterpiece|100/100 par
|move|p1a: Slowking|Sludge Bomb|p2a: Sinistcha
|-damage|p2a: Sinistcha|59/100 par
|
|upkeep
|turn|13
|
|t:|1780984190
|move|p1a: Slowking|Sludge Bomb|p2a: Sinistcha
|-damage|p2a: Sinistcha|19/100 par
|move|p2a: Sinistcha|Trick Room|p2a: Sinistcha
|-fieldstart|move: Trick Room|[of] p2a: Sinistcha
|
|upkeep
|turn|14
|
|t:|1780984208
|switch|p2a: Scizor|Scizor, F|84/100
|move|p1a: Slowking|Sludge Bomb|p2a: Scizor
|-immune|p2a: Scizor
|
|upkeep
|turn|15
|
|t:|1780984215
|move|p1a: Slowking|Thunder Wave|p2a: Scizor|[miss]
|-miss|p1a: Slowking|p2a: Scizor
|move|p2a: Scizor|U-turn|p1a: Slowking
|-damage|p1a: Slowking|14/100
|
|t:|1780984220
|switch|p2a: Sinistcha|Sinistcha-Masterpiece|19/100 par|[from] U-turn
|
|upkeep
|turn|16
|
|t:|1780984230
|switch|p1a: Raging Bolt|Raging Bolt|100/100
|-damage|p1a: Raging Bolt|88/100|[from] Stealth Rock
|move|p2a: Sinistcha|Shadow Ball|p1a: Raging Bolt
|-damage|p1a: Raging Bolt|59/100
|-unboost|p1a: Raging Bolt|spd|1
|
|-heal|p1a: Raging Bolt|65/100|[from] item: Leftovers
|upkeep
|turn|17
|
|t:|1780984241
|move|p1a: Raging Bolt|Thunderclap||[still]
|-fail|p1a: Raging Bolt
|move|p2a: Sinistcha|Strength Sap|p1a: Raging Bolt
|-unboost|p1a: Raging Bolt|atk|1
|-heal|p2a: Sinistcha|64/100 par
|
|-heal|p1a: Raging Bolt|71/100|[from] item: Leftovers
|-fieldend|move: Trick Room
|upkeep
|turn|18
|
|t:|1780984251
|-end|p1a: Raging Bolt|Protosynthesis|[silent]
|switch|p1a: Alomomola|Alomomola, F|100/100
|-damage|p1a: Alomomola|88/100|[from] Stealth Rock
|move|p2a: Sinistcha|Shadow Ball|p1a: Alomomola
|-damage|p1a: Alomomola|48/100
|
|upkeep
|turn|19
|j| Ctannn
|
|t:|1780984258
|move|p1a: Alomomola|Wish|p1a: Alomomola
|move|p2a: Sinistcha|Strength Sap|p1a: Alomomola
|-unboost|p1a: Alomomola|atk|1
|-heal|p2a: Sinistcha|100/100 par
|
|upkeep
|turn|20
|
|t:|1780984274
|switch|p1a: Cinderace|Cinderace, F|80/100
|move|p2a: Sinistcha|Shadow Ball|p1a: Cinderace
|-damage|p1a: Cinderace|28/100
|-unboost|p1a: Cinderace|spd|1
|
|-heal|p1a: Cinderace|100/100|[from] move: Wish|[wisher] Alomomola
|upkeep
|turn|21
|
|t:|1780984301
|move|p1a: Cinderace|Court Change|p1a: Cinderace
|-start|p1a: Cinderace|typechange|Normal|[from] ability: Libero
|-swapsideconditions
|-activate|p1a: Cinderace|move: Court Change
|move|p2a: Sinistcha|Shadow Ball|p1a: Cinderace
|-immune|p1a: Cinderace
|
|upkeep
|turn|22
|
|t:|1780984307
|move|p1a: Cinderace|U-turn|p2a: Sinistcha
|-damage|p2a: Sinistcha|85/100 par
|
|t:|1780984316
|switch|p1a: Alomomola|Alomomola, F|81/100|[from] U-turn
|move|p2a: Sinistcha|Matcha Gotcha|p1a: Alomomola
|-supereffective|p1a: Alomomola
|-damage|p1a: Alomomola|1/100
|-heal|p2a: Sinistcha|100/100 par|[from] drain|[of] p1a: Alomomola
|
|upkeep
|turn|23
|j| Dancing Roach
|
|t:|1780984325
|move|p1a: Alomomola|Flip Turn|p2a: Sinistcha
|-resisted|p2a: Sinistcha
|-damage|p2a: Sinistcha|95/100 par
|
|t:|1780984335
|switch|p1a: Raging Bolt|Raging Bolt|71/100|[from] Flip Turn
|move|p2a: Sinistcha|Shadow Ball|p1a: Raging Bolt
|-damage|p1a: Raging Bolt|41/100
|
|-heal|p1a: Raging Bolt|48/100|[from] item: Leftovers
|upkeep
|turn|24
|l| Dancing Roach
|
|t:|1780984343
|move|p1a: Raging Bolt|Calm Mind|p1a: Raging Bolt
|-boost|p1a: Raging Bolt|spa|1
|-boost|p1a: Raging Bolt|spd|1
|cant|p2a: Sinistcha|par
|
|-heal|p1a: Raging Bolt|54/100|[from] item: Leftovers
|upkeep
|turn|25
|j| nemesiiis
|
|t:|1780984354
|move|p1a: Raging Bolt|Calm Mind|p1a: Raging Bolt
|-boost|p1a: Raging Bolt|spa|1
|-boost|p1a: Raging Bolt|spd|1
|cant|p2a: Sinistcha|par
|
|-heal|p1a: Raging Bolt|60/100|[from] item: Leftovers
|upkeep
|turn|26
|l| Ctannn
|
|t:|1780984363
|switch|p2a: Samurott|Samurott-Hisui, M|100/100
|-damage|p2a: Samurott|88/100|[from] Stealth Rock
|move|p1a: Raging Bolt|Draco Meteor|p2a: Samurott
|-damage|p2a: Samurott|0 fnt
|-unboost|p1a: Raging Bolt|spa|2
|faint|p2a: Samurott
|
|-heal|p1a: Raging Bolt|66/100|[from] item: Leftovers
|upkeep
|
|t:|1780984370
|switch|p2a: Iron Moth|Iron Moth|100/100
|-damage|p2a: Iron Moth|75/100|[from] Stealth Rock
|-enditem|p2a: Iron Moth|Booster Energy
|-activate|p2a: Iron Moth|ability: Quark Drive|[fromitem]
|-start|p2a: Iron Moth|quarkdrivespe
|turn|27
|
|t:|1780984377
|move|p2a: Iron Moth|Dazzling Gleam|p1a: Raging Bolt
|-supereffective|p1a: Raging Bolt
|-damage|p1a: Raging Bolt|43/100
|move|p1a: Raging Bolt|Draco Meteor|p2a: Iron Moth
|-damage|p2a: Iron Moth|0 fnt
|-unboost|p1a: Raging Bolt|spa|2
|faint|p2a: Iron Moth
|-end|p2a: Iron Moth|Quark Drive|[silent]
|
|-heal|p1a: Raging Bolt|49/100|[from] item: Leftovers
|upkeep
|
|t:|1780984387
|switch|p2a: Deoxys|Deoxys-Speed, tera:Fighting|67/100
|-damage|p2a: Deoxys|61/100|[from] Stealth Rock
|-ability|p2a: Deoxys|Pressure
|turn|28
|
|t:|1780984399
|-terastallize|p1a: Raging Bolt|Bug
|move|p2a: Deoxys|Superpower|p1a: Raging Bolt
|-resisted|p1a: Raging Bolt
|-damage|p1a: Raging Bolt|33/100
|-unboost|p2a: Deoxys|atk|1
|-unboost|p2a: Deoxys|def|1
|move|p1a: Raging Bolt|Draco Meteor|p2a: Deoxys
|-damage|p2a: Deoxys|0 fnt
|-unboost|p1a: Raging Bolt|spa|2
|faint|p2a: Deoxys
|
|-heal|p1a: Raging Bolt|39/100|[from] item: Leftovers
|upkeep
|
|t:|1780984405
|switch|p2a: Scizor|Scizor, F|84/100
|-damage|p2a: Scizor|72/100|[from] Stealth Rock
|turn|29
|
|t:|1780984416
|-end|p1a: Raging Bolt|Protosynthesis|[silent]
|switch|p1a: Alomomola|Alomomola, F|35/100
|move|p2a: Scizor|Bullet Punch|p1a: Alomomola
|-resisted|p1a: Alomomola
|-damage|p1a: Alomomola|20/100
|-damage|p2a: Scizor|55/100|[from] item: Rocky Helmet|[of] p1a: Alomomola
|
|upkeep
|turn|30
|
|t:|1780984423
|move|p2a: Scizor|Bullet Punch|p1a: Alomomola
|-resisted|p1a: Alomomola
|-damage|p1a: Alomomola|6/100
|-damage|p2a: Scizor|38/100|[from] item: Rocky Helmet|[of] p1a: Alomomola
|move|p1a: Alomomola|Scald|p2a: Scizor
|-damage|p2a: Scizor|23/100
|-status|p2a: Scizor|brn
|
|-damage|p2a: Scizor|17/100 brn|[from] brn
|upkeep
|turn|31
|-message|LanceStern forfeited.
|
|win|lunachili
|raw|lunachili's rating: 1602 &rarr; <strong>1621</strong><br />(+19 for winning)
|raw|LanceStern's rating: 1576 &rarr; <strong>1557</strong><br />(-19 for losing)
|c|☆LanceStern|gg
|c|☆lunachili|gg
