|j|☆LowEL0God
|j|☆Acastillo631
|t:|1781281163
|gametype|singles
|player|p1|LowEL0God|265|1627
|player|p2|Acastillo631|silver|1587
|gen|9
|tier|[Gen 9] OU
|rated|
|rule|HP Percentage Mod: HP is shown in percentages
|rule|Endless Battle Clause: Forcing endless battles is banned
|rule|Species Clause: Limit one of each Pokémon
|rule|OHKO Clause: OHKO moves are banned
|rule|Evasion Items Clause: Evasion items are banned
|rule|Evasion Moves Clause: Evasion moves are banned
|rule|Evasion Abilities Clause: Evasion abilities are banned
|rule|Sleep Moves Clause: Sleep-inducing moves are banned
|clearpoke
|poke|p1|Pelipper, M|
|poke|p1|Raging Bolt|
|poke|p1|Overqwil, M|
|poke|p1|Barraskewda, F|
|poke|p1|Iron Treads|
|poke|p1|Kingambit, M|
|poke|p2|Iron Valiant|
|poke|p2|Sinistcha|
|poke|p2|Tyranitar, F|
|poke|p2|Klefki, F|
|poke|p2|Swampert, F|
|poke|p2|Talonflame, M|
|teampreview
|c|☆LowEL0God|hf
|inactive|Battle timer is ON: inactive players will automatically lose when time's up. (requested by LowEL0God)
|
|t:|1781281174
|teamsize|p1|6
|teamsize|p2|6
|start
|switch|p1a: Kingambit|Kingambit, M|100/100
|switch|p2a: Duff Mcwhalen|Swampert, F|100/100
|turn|1
|
|t:|1781281178
|move|p2a: Duff Mcwhalen|Stealth Rock|p1a: Kingambit
|-sidestart|p1: LowEL0God|move: Stealth Rock
|move|p1a: Kingambit|Swords Dance|p1a: Kingambit
|-boost|p1a: Kingambit|atk|2
|
|upkeep
|turn|2
|
|t:|1781281182
|switch|p2a: Talonflame|Talonflame, M|100/100
|move|p1a: Kingambit|Kowtow Cleave|p2a: Talonflame
|-damage|p2a: Talonflame|0 fnt
|-status|p1a: Kingambit|brn|[from] ability: Flame Body|[of] p2a: Talonflame
|faint|p2a: Talonflame
|
|-damage|p1a: Kingambit|94/100 brn|[from] brn
|upkeep
|
|t:|1781281193
|switch|p2a: Duff Mcwhalen|Swampert, F|100/100
|turn|3
|
|t:|1781281194
|move|p1a: Kingambit|Iron Head|p2a: Duff Mcwhalen
|-resisted|p2a: Duff Mcwhalen
|-damage|p2a: Duff Mcwhalen|78/100
|cant|p2a: Duff Mcwhalen|flinch
|
|-heal|p2a: Duff Mcwhalen|84/100|[from] item: Leftovers
|-heal|p1a: Kingambit|100/100 brn|[from] item: Leftovers
|-damage|p1a: Kingambit|94/100 brn|[from] brn
|upkeep
|turn|4
|
|t:|1781281198
|move|p2a: Duff Mcwhalen|Earthquake|p1a: Kingambit
|-supereffective|p1a: Kingambit
|-damage|p1a: Kingambit|40/100 brn
|move|p1a: Kingambit|Kowtow Cleave|p2a: Duff Mcwhalen
|-damage|p2a: Duff Mcwhalen|36/100
|
|-heal|p1a: Kingambit|46/100 brn|[from] item: Leftovers
|-heal|p2a: Duff Mcwhalen|43/100|[from] item: Leftovers
|-damage|p1a: Kingambit|40/100 brn|[from] brn
|upkeep
|turn|5
|
|t:|1781281206
|move|p2a: Duff Mcwhalen|Earthquake|p1a: Kingambit
|-supereffective|p1a: Kingambit
|-damage|p1a: Kingambit|0 fnt
|faint|p1a: Kingambit
|-end|p1a: Kingambit|fallenundefined|[silent]
|
|-heal|p2a: Duff Mcwhalen|49/100|[from] item: Leftovers
|upkeep
|
|t:|1781281207
|switch|p1a: Barraskewda|Barraskewda, F|100/100
|-damage|p1a: Barraskewda|88/100|[from] Stealth Rock
|turn|6
|
|t:|1781281209
|switch|p2a: Redips|Klefki, F|100/100
|move|p1a: Barraskewda|Liquidation|p2a: Redips
|-damage|p2a: Redips|46/100
|-damage|p1a: Barraskewda|71/100|[from] item: Rocky Helmet|[of] p2a: Redips
|
|upkeep
|turn|7
|
|t:|1781281212
|move|p2a: Redips|Thunder Wave|p1a: Barraskewda
|-status|p1a: Barraskewda|par
|move|p1a: Barraskewda|Liquidation|p2a: Redips
|-damage|p2a: Redips|0 fnt
|-damage|p1a: Barraskewda|55/100 par|[from] item: Rocky Helmet|[of] p2a: Redips
|faint|p2a: Redips
|
|upkeep
|
|t:|1781281221
|switch|p2a: Sage Harpuia|Iron Valiant|100/100
|-enditem|p2a: Sage Harpuia|Booster Energy
|-activate|p2a: Sage Harpuia|ability: Quark Drive|[fromitem]
|-start|p2a: Sage Harpuia|quarkdrivespe
|turn|8
|
|t:|1781281222
|move|p2a: Sage Harpuia|Moonblast|p1a: Barraskewda
|-damage|p1a: Barraskewda|0 fnt
|faint|p1a: Barraskewda
|
|upkeep
|
|t:|1781281223
|switch|p1a: Iron Treads|Iron Treads|100/100
|-damage|p1a: Iron Treads|97/100|[from] Stealth Rock
|-enditem|p1a: Iron Treads|Booster Energy
|-activate|p1a: Iron Treads|ability: Quark Drive|[fromitem]
|-start|p1a: Iron Treads|quarkdrivespe
|turn|9
|
|t:|1781281232
|-end|p2a: Sage Harpuia|Quark Drive|[silent]
|switch|p2a: Wire Sponge|Sinistcha|100/100
|move|p1a: Iron Treads|Earth Power|p2a: Wire Sponge
|-resisted|p2a: Wire Sponge
|-damage|p2a: Wire Sponge|81/100
|
|upkeep
|turn|10
|
|t:|1781281235
|-end|p1a: Iron Treads|Quark Drive|[silent]
|switch|p1a: Overqwil|Overqwil, M|100/100
|-damage|p1a: Overqwil|88/100|[from] Stealth Rock
|move|p2a: Wire Sponge|Strength Sap|p1a: Overqwil
|-unboost|p1a: Overqwil|atk|1
|-heal|p2a: Wire Sponge|100/100
|
|upkeep
|turn|11
|
|t:|1781281246
|move|p1a: Overqwil|Swords Dance|p1a: Overqwil
|-boost|p1a: Overqwil|atk|2
|move|p2a: Wire Sponge|Strength Sap|p1a: Overqwil
|-unboost|p1a: Overqwil|atk|1
|
|upkeep
|turn|12
|
|t:|1781281249
|switch|p2a: Sage Harpuia|Iron Valiant|100/100
|move|p1a: Overqwil|Swords Dance|p1a: Overqwil
|-boost|p1a: Overqwil|atk|2
|
|upkeep
|turn|13
|
|t:|1781281250
|move|p2a: Sage Harpuia|Encore|p1a: Overqwil
|-start|p1a: Overqwil|Encore
|move|p1a: Overqwil|Swords Dance|p1a: Overqwil
|-boost|p1a: Overqwil|atk|2
|
|upkeep
|turn|14
|
|t:|1781281254
|switch|p1a: Iron Treads|Iron Treads|97/100
|-damage|p1a: Iron Treads|94/100|[from] Stealth Rock
|move|p2a: Sage Harpuia|Close Combat|p1a: Iron Treads
|-supereffective|p1a: Iron Treads
|-damage|p1a: Iron Treads|8/100
|-unboost|p2a: Sage Harpuia|def|1
|-unboost|p2a: Sage Harpuia|spd|1
|
|upkeep
|turn|15
|
|t:|1781281256
|move|p2a: Sage Harpuia|Moonblast|p1a: Iron Treads
|-resisted|p1a: Iron Treads
|-crit|p1a: Iron Treads
|-damage|p1a: Iron Treads|0 fnt
|faint|p1a: Iron Treads
|-end|p1a: Iron Treads|Quark Drive|[silent]
|
|upkeep
|
|t:|1781281257
|switch|p1a: Raging Bolt|Raging Bolt|100/100
|-damage|p1a: Raging Bolt|88/100|[from] Stealth Rock
|-enditem|p1a: Raging Bolt|Booster Energy
|-activate|p1a: Raging Bolt|ability: Protosynthesis|[fromitem]
|-start|p1a: Raging Bolt|protosynthesisspa
|turn|16
|
|t:|1781281261
|-end|p2a: Sage Harpuia|Quark Drive|[silent]
|switch|p2a: Eregion|Tyranitar, F|100/100
|-weather|Sandstorm|[from] ability: Sand Stream|[of] p2a: Eregion
|move|p1a: Raging Bolt|Thunderclap||[still]
|-fail|p1a: Raging Bolt
|
|-weather|Sandstorm|[upkeep]
|-damage|p1a: Raging Bolt|82/100|[from] Sandstorm
|upkeep
|turn|17
|
|t:|1781281269
|move|p1a: Raging Bolt|Thunder|p2a: Eregion
|-damage|p2a: Eregion|65/100
|move|p2a: Eregion|Roar|p1a: Raging Bolt
|-end|p1a: Raging Bolt|Protosynthesis|[silent]
|drag|p1a: Overqwil|Overqwil, M|88/100
|-damage|p1a: Overqwil|76/100|[from] Stealth Rock
|
|-weather|Sandstorm|[upkeep]
|-damage|p1a: Overqwil|70/100|[from] Sandstorm
|-heal|p2a: Eregion|71/100|[from] item: Leftovers
|upkeep
|turn|18
|
|t:|1781281283
|move|p1a: Overqwil|Liquidation|p2a: Eregion
|-supereffective|p2a: Eregion
|-damage|p2a: Eregion|10/100
|-damage|p1a: Overqwil|60/100|[from] item: Life Orb
|move|p2a: Eregion|Knock Off|p1a: Overqwil
|-resisted|p1a: Overqwil
|-damage|p1a: Overqwil|36/100
|-enditem|p1a: Overqwil|Life Orb|[from] move: Knock Off|[of] p2a: Eregion
|
|-weather|Sandstorm|[upkeep]
|-damage|p1a: Overqwil|30/100|[from] Sandstorm
|-heal|p2a: Eregion|17/100|[from] item: Leftovers
|upkeep
|turn|19
|
|t:|1781281291
|move|p1a: Overqwil|Liquidation|p2a: Eregion
|-supereffective|p2a: Eregion
|-damage|p2a: Eregion|0 fnt
|faint|p2a: Eregion
|
|-weather|Sandstorm|[upkeep]
|-damage|p1a: Overqwil|24/100|[from] Sandstorm
|upkeep
|
|t:|1781281293
|switch|p2a: Sage Harpuia|Iron Valiant|100/100
|turn|20
|
|t:|1781281294
|move|p2a: Sage Harpuia|Moonblast|p1a: Overqwil
|-damage|p1a: Overqwil|0 fnt
|faint|p1a: Overqwil
|
|-weather|none
|upkeep
|
|t:|1781281295
|switch|p1a: Pelipper|Pelipper, M|100/100
|-damage|p1a: Pelipper|76/100|[from] Stealth Rock
|-weather|RainDance|[from] ability: Drizzle|[of] p1a: Pelipper
|turn|21
|
|t:|1781281305
|-end|p2a: Sage Harpuia|Quark Drive|[silent]
|switch|p2a: Duff Mcwhalen|Swampert, F|49/100
|move|p1a: Pelipper|Roost|p1a: Pelipper
|-heal|p1a: Pelipper|100/100
|-singleturn|p1a: Pelipper|move: Roost
|
|-weather|RainDance|[upkeep]
|-heal|p2a: Duff Mcwhalen|55/100|[from] item: Leftovers
|upkeep
|turn|22
|
|t:|1781281307
|move|p2a: Duff Mcwhalen|Knock Off|p1a: Pelipper
|-crit|p1a: Pelipper
|-damage|p1a: Pelipper|73/100
|-enditem|p1a: Pelipper|Damp Rock|[from] move: Knock Off|[of] p2a: Duff Mcwhalen
|move|p1a: Pelipper|Hurricane|p2a: Duff Mcwhalen
|-damage|p2a: Duff Mcwhalen|33/100
|-start|p2a: Duff Mcwhalen|confusion
|
|-weather|RainDance|[upkeep]
|-heal|p2a: Duff Mcwhalen|39/100|[from] item: Leftovers
|upkeep
|turn|23
|
|t:|1781281314
|-activate|p2a: Duff Mcwhalen|confusion
|move|p2a: Duff Mcwhalen|Flip Turn|p1a: Pelipper
|-resisted|p1a: Pelipper
|-damage|p1a: Pelipper|59/100
|
|t:|1781281319
|switch|p2a: Wire Sponge|Sinistcha|100/100|[from] Flip Turn
|move|p1a: Pelipper|Hurricane|p2a: Wire Sponge
|-supereffective|p2a: Wire Sponge
|-damage|p2a: Wire Sponge|15/100
|
|-weather|RainDance|[upkeep]
|upkeep
|turn|24
|
|t:|1781281322
|move|p2a: Wire Sponge|Matcha Gotcha|p1a: Pelipper
|-damage|p1a: Pelipper|11/100
|-heal|p2a: Wire Sponge|37/100|[from] drain|[of] p1a: Pelipper
|move|p1a: Pelipper|Hurricane|p2a: Wire Sponge
|-supereffective|p2a: Wire Sponge
|-damage|p2a: Wire Sponge|0 fnt
|faint|p2a: Wire Sponge
|
|-weather|RainDance|[upkeep]
|upkeep
|
|t:|1781281329
|switch|p2a: Sage Harpuia|Iron Valiant|100/100
|turn|25
|
|t:|1781281330
|move|p2a: Sage Harpuia|Moonblast|p1a: Pelipper
|-damage|p1a: Pelipper|0 fnt
|faint|p1a: Pelipper
|
|-weather|RainDance|[upkeep]
|upkeep
|
|t:|1781281331
|switch|p1a: Raging Bolt|Raging Bolt|82/100
|-damage|p1a: Raging Bolt|70/100|[from] Stealth Rock
|turn|26
|
|t:|1781281333
|-terastallize|p1a: Raging Bolt|Fairy
|move|p1a: Raging Bolt|Thunderclap||[still]
|-fail|p1a: Raging Bolt
|move|p2a: Sage Harpuia|Destiny Bond|p2a: Sage Harpuia
|-singlemove|p2a: Sage Harpuia|Destiny Bond
|
|-weather|RainDance|[upkeep]
|upkeep
|turn|27
|
|t:|1781281338
|move|p2a: Sage Harpuia|Encore|p1a: Raging Bolt
|-start|p1a: Raging Bolt|Encore
|move|p1a: Raging Bolt|Thunderclap||[still]
|-fail|p1a: Raging Bolt
|
|-weather|RainDance|[upkeep]
|upkeep
|turn|28
|
|t:|1781281345
|move|p1a: Raging Bolt|Thunderclap||[still]
|-fail|p1a: Raging Bolt
|move|p2a: Sage Harpuia|Destiny Bond|p2a: Sage Harpuia
|-singlemove|p2a: Sage Harpuia|Destiny Bond
|
|-weather|none
|upkeep
|turn|29
|
|t:|1781281350
|move|p1a: Raging Bolt|Thunderclap||[still]
|-fail|p1a: Raging Bolt
|move|p2a: Sage Harpuia|Encore||[still]
|-fail|p2a: Sage Harpuia
|
|-end|p1a: Raging Bolt|Encore
|upkeep
|turn|30
|
|t:|1781281352
|move|p2a: Sage Harpuia|Encore|p1a: Raging Bolt
|-start|p1a: Raging Bolt|Encore
|move|p1a: Raging Bolt|Thunderclap||[still]
|-fail|p1a: Raging Bolt
|
|upkeep
|turn|31
|
|t:|1781281361
|move|p1a: Raging Bolt|Thunderclap||[still]
|-fail|p1a: Raging Bolt
|move|p2a: Sage Harpuia|Destiny Bond|p2a: Sage Harpuia
|-singlemove|p2a: Sage Harpuia|Destiny Bond
|
|upkeep
|turn|32
|
|t:|1781281368
|move|p1a: Raging Bolt|Thunderclap|p2a: Sage Harpuia
|-damage|p2a: Sage Harpuia|11/100
|move|p2a: Sage Harpuia|Moonblast|p1a: Raging Bolt
|-damage|p1a: Raging Bolt|26/100
|
|-end|p1a: Raging Bolt|Encore
|upkeep
|turn|33
|
|t:|1781281375
|move|p2a: Sage Harpuia|Destiny Bond|p2a: Sage Harpuia
|-singlemove|p2a: Sage Harpuia|Destiny Bond
|move|p1a: Raging Bolt|Thunder|p2a: Sage Harpuia|[miss]
|-miss|p1a: Raging Bolt|p2a: Sage Harpuia
|
|upkeep
|turn|34
|
|t:|1781281380
|move|p2a: Sage Harpuia|Moonblast|p1a: Raging Bolt
|-damage|p1a: Raging Bolt|0 fnt
|faint|p1a: Raging Bolt
|-end|p1a: Raging Bolt|Protosynthesis|[silent]
|
|win|Acastillo631
|raw|LowEL0God's rating: 1627 &rarr; <strong>1605</strong><br />(-22 for losing)
|raw|Acastillo631's rating: 1587 &rarr; <strong>1609</strong><br />(+22 for winning)
|c|☆Acastillo631|Gg
|c|☆LowEL0God|gg
|l|☆LowEL0God
|player|p1|
|l|☆Acastillo631
|player|p2|
