|j|☆Hallommora
|j|☆icylikedecember
|t:|1780978486
|gametype|singles
|player|p1|Hallommora|clown|1553
|player|p2|icylikedecember|skierf|1746
|gen|9
|tier|[Gen 9] OU
|rated|
|rule|HP Percentage Mod: HP is shown in percentages
|rule|Endless Battle Clause: Forcing endless battles is banned
|rule|Species Clause: Limit one of each Pokémon
|rule|OHKO Clause: OHKO moves are banned
|rule|Evasion Items Clause: Evasion items are banned
|rule|Evasion Moves Clause: Evasion moves are banned
|rule|Evasion Abilities Clause: Evasion abilities are banned
|rule|Sleep Moves Clause: Sleep-inducing moves are banned
|clearpoke
|poke|p1|Iron Treads|
|poke|p1|Raging Bolt|
|poke|p1|Iron Valiant|
|poke|p1|Kingambit, M|
|poke|p1|Great Tusk|
|poke|p1|Ogerpon-Wellspring, F|
|poke|p2|Corviknight, F|
|poke|p2|Slowking-Galar, M|
|poke|p2|Darkrai|
|poke|p2|Kyurem|
|poke|p2|Zamazenta-*|
|poke|p2|Crawdaunt, M|
|teampreview
|inactive|Battle timer is ON: inactive players will automatically lose when time's up. (requested by Hallommora)
|
|t:|1780978496
|teamsize|p1|6
|teamsize|p2|6
|start
|switch|p1a: Iron Treads|Iron Treads|100/100
|switch|p2a: Corviknight|Corviknight, F, shiny|100/100
|-ability|p2a: Corviknight|Pressure
|turn|1
|
|t:|1780978507
|move|p1a: Iron Treads|Stealth Rock|p2a: Corviknight
|-sidestart|p2: icylikedecember|move: Stealth Rock
|move|p2a: Corviknight|U-turn|p1a: Iron Treads
|-resisted|p1a: Iron Treads
|-damage|p1a: Iron Treads|93/100
|
|t:|1780978513
|switch|p2a: Darkrai|Darkrai|100/100|[from] U-turn
|-damage|p2a: Darkrai|88/100|[from] Stealth Rock
|
|upkeep
|turn|2
|
|t:|1780978519
|switch|p2a: Corviknight|Corviknight, F, shiny|100/100
|-damage|p2a: Corviknight|88/100|[from] Stealth Rock
|-ability|p2a: Corviknight|Pressure
|move|p1a: Iron Treads|Rapid Spin|p2a: Corviknight
|-resisted|p2a: Corviknight
|-damage|p2a: Corviknight|84/100
|-boost|p1a: Iron Treads|spe|1
|-damage|p1a: Iron Treads|77/100|[from] item: Rocky Helmet|[of] p2a: Corviknight
|
|upkeep
|turn|3
|
|t:|1780978522
|move|p1a: Iron Treads|Knock Off|p2a: Corviknight
|-damage|p2a: Corviknight|66/100
|-damage|p1a: Iron Treads|60/100|[from] item: Rocky Helmet|[of] p2a: Corviknight
|-enditem|p2a: Corviknight|Rocky Helmet|[from] move: Knock Off|[of] p1a: Iron Treads
|move|p2a: Corviknight|Defog|p1a: Iron Treads
|-unboost|p1a: Iron Treads|evasion|1
|-sideend|p2: icylikedecember|Stealth Rock|[from] move: Defog|[of] p2a: Corviknight
|
|upkeep
|turn|4
|
|t:|1780978525
|move|p1a: Iron Treads|Stealth Rock|p2a: Corviknight
|-sidestart|p2: icylikedecember|move: Stealth Rock
|move|p2a: Corviknight|Roost|p2a: Corviknight
|-heal|p2a: Corviknight|100/100
|-singleturn|p2a: Corviknight|move: Roost
|
|upkeep
|turn|5
|
|t:|1780978529
|move|p1a: Iron Treads|Knock Off|p2a: Corviknight
|-damage|p2a: Corviknight|89/100
|move|p2a: Corviknight|Defog|p1a: Iron Treads
|-unboost|p1a: Iron Treads|evasion|1
|-sideend|p2: icylikedecember|Stealth Rock|[from] move: Defog|[of] p2a: Corviknight
|
|upkeep
|turn|6
|
|t:|1780978532
|move|p1a: Iron Treads|Stealth Rock|p2a: Corviknight
|-sidestart|p2: icylikedecember|move: Stealth Rock
|move|p2a: Corviknight|U-turn|p1a: Iron Treads
|-resisted|p1a: Iron Treads
|-damage|p1a: Iron Treads|53/100
|
|t:|1780978536
|switch|p2a: Crawdaunt|Crawdaunt, M|100/100|[from] U-turn
|-damage|p2a: Crawdaunt|88/100|[from] Stealth Rock
|
|upkeep
|turn|7
|
|t:|1780978540
|-end|p1a: Iron Treads|Quark Drive|[silent]
|switch|p1a: Ogerpon|Ogerpon-Wellspring, F|100/100
|switch|p2a: Corviknight|Corviknight, F, shiny|89/100
|-damage|p2a: Corviknight|77/100|[from] Stealth Rock
|-ability|p2a: Corviknight|Pressure
|
|upkeep
|turn|8
|
|t:|1780978545
|move|p1a: Ogerpon|Swords Dance|p1a: Ogerpon
|-boost|p1a: Ogerpon|atk|2
|move|p2a: Corviknight|Brave Bird|p1a: Ogerpon
|-supereffective|p1a: Ogerpon
|-damage|p1a: Ogerpon|6/100
|-damage|p2a: Corviknight|53/100|[from] Recoil
|
|upkeep
|turn|9
|
|t:|1780978549
|move|p1a: Ogerpon|Ivy Cudgel|p2a: Corviknight|[anim] Ivy Cudgel Water
|-damage|p2a: Corviknight|0 fnt
|faint|p2a: Corviknight
|
|upkeep
|
|t:|1780978553
|switch|p2a: Darkrai|Darkrai|88/100
|-damage|p2a: Darkrai|76/100|[from] Stealth Rock
|turn|10
|
|t:|1780978558
|switch|p1a: Kingambit|Kingambit, M|100/100
|move|p2a: Darkrai|Dark Pulse|p1a: Kingambit
|-resisted|p1a: Kingambit
|-damage|p1a: Kingambit|74/100
|
|upkeep
|turn|11
|
|t:|1780978581
|-end|p1a: Kingambit|fallenundefined|[silent]
|switch|p1a: Raging Bolt|Raging Bolt|100/100
|-enditem|p1a: Raging Bolt|Booster Energy
|-activate|p1a: Raging Bolt|ability: Protosynthesis|[fromitem]
|-start|p1a: Raging Bolt|protosynthesisspa
|move|p2a: Darkrai|Focus Blast|p1a: Raging Bolt
|-damage|p1a: Raging Bolt|56/100
|
|upkeep
|turn|12
|
|t:|1780978588
|move|p2a: Darkrai|Ice Beam|p1a: Raging Bolt
|-supereffective|p1a: Raging Bolt
|-damage|p1a: Raging Bolt|0 fnt
|faint|p1a: Raging Bolt
|-end|p1a: Raging Bolt|Protosynthesis|[silent]
|
|upkeep
|
|t:|1780978597
|switch|p1a: Iron Valiant|Iron Valiant|100/100
|-enditem|p1a: Iron Valiant|Booster Energy
|-activate|p1a: Iron Valiant|ability: Quark Drive|[fromitem]
|-start|p1a: Iron Valiant|quarkdrivespe
|turn|13
|
|t:|1780978608
|-terastallize|p1a: Iron Valiant|Ground
|-terastallize|p2a: Darkrai|Poison
|move|p1a: Iron Valiant|Calm Mind|p1a: Iron Valiant
|-boost|p1a: Iron Valiant|spa|1
|-boost|p1a: Iron Valiant|spd|1
|move|p2a: Darkrai|Sludge Bomb|p1a: Iron Valiant
|-resisted|p1a: Iron Valiant
|-damage|p1a: Iron Valiant|72/100
|
|upkeep
|turn|14
|
|t:|1780978618
|switch|p2a: Slowking|Slowking-Galar, M, shiny|100/100
|-damage|p2a: Slowking|88/100|[from] Stealth Rock
|move|p1a: Iron Valiant|Psyshock|p2a: Slowking
|-damage|p2a: Slowking|48/100
|
|upkeep
|turn|15
|
|t:|1780978622
|move|p1a: Iron Valiant|Psyshock|p2a: Slowking
|-damage|p2a: Slowking|8/100
|move|p2a: Slowking|Ice Beam|p1a: Iron Valiant
|-supereffective|p1a: Iron Valiant
|-damage|p1a: Iron Valiant|4/100
|
|upkeep
|turn|16
|
|t:|1780978631
|switch|p2a: Crawdaunt|Crawdaunt, M|88/100
|-damage|p2a: Crawdaunt|76/100|[from] Stealth Rock
|move|p1a: Iron Valiant|Moonblast|p2a: Crawdaunt
|-supereffective|p2a: Crawdaunt
|-crit|p2a: Crawdaunt
|-damage|p2a: Crawdaunt|0 fnt
|faint|p2a: Crawdaunt
|
|upkeep
|
|t:|1780978640
|switch|p2a: Slowking|Slowking-Galar, M, shiny|42/100
|-damage|p2a: Slowking|29/100|[from] Stealth Rock
|turn|17
|
|t:|1780978645
|switch|p2a: Darkrai|Darkrai, tera:Poison|76/100
|-damage|p2a: Darkrai|63/100|[from] Stealth Rock
|move|p1a: Iron Valiant|Psyshock|p2a: Darkrai
|-supereffective|p2a: Darkrai
|-damage|p2a: Darkrai|0 fnt
|faint|p2a: Darkrai
|
|upkeep
|
|t:|1780978647
|switch|p2a: Slowking|Slowking-Galar, M, shiny|62/100
|-damage|p2a: Slowking|50/100|[from] Stealth Rock
|turn|18
|
|t:|1780978650
|move|p1a: Iron Valiant|Psyshock|p2a: Slowking
|-damage|p2a: Slowking|7/100
|move|p2a: Slowking|Ice Beam|p1a: Iron Valiant
|-supereffective|p1a: Iron Valiant
|-damage|p1a: Iron Valiant|0 fnt
|faint|p1a: Iron Valiant
|-end|p1a: Iron Valiant|Quark Drive|[silent]
|
|upkeep
|
|t:|1780978654
|switch|p1a: Ogerpon|Ogerpon-Wellspring, F|6/100
|turn|19
|
|t:|1780978659
|switch|p2a: Zamazenta|Zamazenta|100/100
|-damage|p2a: Zamazenta|94/100|[from] Stealth Rock
|-ability|p2a: Zamazenta|Dauntless Shield|boost
|-boost|p2a: Zamazenta|def|1
|move|p1a: Ogerpon|Ivy Cudgel|p2a: Zamazenta|[anim] Ivy Cudgel Water
|-damage|p2a: Zamazenta|63/100
|
|-heal|p2a: Zamazenta|70/100|[from] item: Leftovers
|upkeep
|turn|20
|
|t:|1780978664
|move|p2a: Zamazenta|Iron Defense|p2a: Zamazenta
|-boost|p2a: Zamazenta|def|2
|move|p1a: Ogerpon|Ivy Cudgel|p2a: Zamazenta|[anim] Ivy Cudgel Water
|-damage|p2a: Zamazenta|53/100
|
|-heal|p2a: Zamazenta|59/100|[from] item: Leftovers
|upkeep
|turn|21
|
|t:|1780978668
|move|p2a: Zamazenta|Iron Defense|p2a: Zamazenta
|-boost|p2a: Zamazenta|def|2
|move|p1a: Ogerpon|Ivy Cudgel|p2a: Zamazenta|[anim] Ivy Cudgel Water
|-damage|p2a: Zamazenta|46/100
|
|-heal|p2a: Zamazenta|52/100|[from] item: Leftovers
|upkeep
|turn|22
|
|t:|1780978671
|move|p2a: Zamazenta|Iron Defense|p2a: Zamazenta
|-boost|p2a: Zamazenta|def|1
|move|p1a: Ogerpon|Encore|p2a: Zamazenta
|-start|p2a: Zamazenta|Encore
|
|-heal|p2a: Zamazenta|58/100|[from] item: Leftovers
|upkeep
|turn|23
|
|t:|1780978686
|move|p2a: Zamazenta|Iron Defense|p2a: Zamazenta
|-boost|p2a: Zamazenta|def|0
|move|p1a: Ogerpon|Swords Dance|p1a: Ogerpon
|-boost|p1a: Ogerpon|atk|2
|
|-heal|p2a: Zamazenta|65/100|[from] item: Leftovers
|upkeep
|turn|24
|-message|icylikedecember forfeited.
|
|win|Hallommora
|raw|Hallommora's rating: 1553 &rarr; <strong>1583</strong><br />(+30 for winning)
|raw|icylikedecember's rating: 1746 &rarr; <strong>1716</strong><br />(-30 for losing)
|l|☆icylikedecember
|player|p2|
|l|☆Hallommora
|player|p1|
