|j|☆YT-Cyber-DJ
|j|☆icylikedecember
|t:|1781481664
|gametype|singles
|player|p1|YT-Cyber-DJ|gambler|1735
|player|p2|icylikedecember|smasher|1786
|gen|9
|tier|[Gen 9] OU
|rated|
|rule|HP Percentage Mod: HP is shown in percentages
|rule|Endless Battle Clause: Forcing endless battles is banned
|rule|Species Clause: Limit one of each Pokémon
|rule|OHKO Clause: OHKO moves are banned
|rule|Evasion Items Clause: Evasion items are banned
|rule|Evasion Moves Clause: Evasion moves are banned
|rule|Evasion Abilities Clause: Evasion abilities are banned
|rule|Sleep Moves Clause: Sleep-inducing moves are banned
|clearpoke
|poke|p1|Iron Treads|
|poke|p1|Dragonite, F|
|poke|p1|Iron Valiant|
|poke|p1|Samurott-Hisui, F|
|poke|p1|Gholdengo|
|poke|p1|Latios, M|
|poke|p2|Corviknight, M|
|poke|p2|Slowking-Galar, M|
|poke|p2|Darkrai|
|poke|p2|Kyurem|
|poke|p2|Zamazenta-*|
|poke|p2|Crawdaunt, F|
|teampreview
|inactive|Battle timer is ON: inactive players will automatically lose when time's up. (requested by YT-Cyber-DJ)
|c|☆YT-Cyber-DJ|Hf
|c|☆icylikedecember|u2
|inactive|YT-Cyber-DJ has 120 seconds left.
|inactive|YT-Cyber-DJ has 90 seconds left.
|
|t:|1781481730
|teamsize|p1|6
|teamsize|p2|6
|start
|switch|p1a: Worth Every Penny|Gholdengo|100/100
|switch|p2a: Corviknight|Corviknight, M, shiny|100/100
|-ability|p2a: Corviknight|Pressure
|turn|1
|
|t:|1781481734
|move|p1a: Worth Every Penny|Trick|p2a: Corviknight
|-activate|p1a: Worth Every Penny|move: Trick|[of] p2a: Corviknight
|-item|p2a: Corviknight|Choice Scarf|[from] move: Trick
|-item|p1a: Worth Every Penny|Rocky Helmet|[from] move: Trick
|move|p2a: Corviknight|U-turn|p1a: Worth Every Penny
|-resisted|p1a: Worth Every Penny
|-damage|p1a: Worth Every Penny|96/100
|-damage|p2a: Corviknight|84/100|[from] item: Rocky Helmet|[of] p1a: Worth Every Penny
|
|t:|1781481739
|switch|p2a: Darkrai|Darkrai|100/100|[from] U-turn
|
|upkeep
|turn|2
|
|t:|1781481744
|switch|p1a: Edge of My Seat|Samurott-Hisui, F|100/100
|move|p2a: Darkrai|Focus Blast|p1a: Edge of My Seat|[miss]
|-miss|p2a: Darkrai|p1a: Edge of My Seat
|
|upkeep
|turn|3
|
|t:|1781481764
|switch|p2a: Corviknight|Corviknight, M, shiny|84/100
|-ability|p2a: Corviknight|Pressure
|move|p1a: Edge of My Seat|Razor Shell|p2a: Corviknight
|-damage|p2a: Corviknight|56/100
|-unboost|p2a: Corviknight|def|1
|
|upkeep
|turn|4
|
|t:|1781481771
|switch|p1a: Worth Every Penny|Gholdengo|96/100
|move|p2a: Corviknight|U-turn|p1a: Worth Every Penny
|-resisted|p1a: Worth Every Penny
|-damage|p1a: Worth Every Penny|93/100
|-damage|p2a: Corviknight|39/100|[from] item: Rocky Helmet|[of] p1a: Worth Every Penny
|
|t:|1781481774
|switch|p2a: Darkrai|Darkrai|100/100|[from] U-turn
|
|upkeep
|turn|5
|
|t:|1781481785
|switch|p1a: Edge of My Seat|Samurott-Hisui, F|100/100
|move|p2a: Darkrai|Focus Blast|p1a: Edge of My Seat
|-supereffective|p1a: Edge of My Seat
|-damage|p1a: Edge of My Seat|22/100
|
|upkeep
|turn|6
|
|t:|1781481806
|switch|p2a: Corviknight|Corviknight, M, shiny|39/100
|-ability|p2a: Corviknight|Pressure
|move|p1a: Edge of My Seat|Ceaseless Edge|p2a: Corviknight
|-damage|p2a: Corviknight|12/100
|-sidestart|p2: icylikedecember|Spikes
|
|upkeep
|turn|7
|
|t:|1781481815
|move|p1a: Edge of My Seat|Sucker Punch|p2a: Corviknight
|-damage|p2a: Corviknight|0 fnt
|faint|p2a: Corviknight
|
|upkeep
|
|t:|1781481822
|switch|p2a: Kyurem|Kyurem|100/100
|-damage|p2a: Kyurem|88/100|[from] Spikes
|-ability|p2a: Kyurem|Pressure
|turn|8
|
|t:|1781481835
|move|p1a: Edge of My Seat|Sucker Punch|p2a: Kyurem
|-damage|p2a: Kyurem|61/100
|move|p2a: Kyurem|Ice Beam|p1a: Edge of My Seat
|-resisted|p1a: Edge of My Seat
|-damage|p1a: Edge of My Seat|0 fnt
|faint|p1a: Edge of My Seat
|
|upkeep
|inactive|YT-Cyber-DJ has 120 seconds left.
|
|t:|1781481863
|switch|p1a: Worth Every Penny|Gholdengo|93/100
|turn|9
|inactive|YT-Cyber-DJ has 120 seconds left.
|
|t:|1781481875
|switch|p2a: Slowking|Slowking-Galar, M, shiny|100/100
|-damage|p2a: Slowking|88/100|[from] Spikes
|move|p1a: Worth Every Penny|Thunder Wave|p2a: Slowking
|-status|p2a: Slowking|par
|
|upkeep
|turn|10
|inactive|YT-Cyber-DJ has 120 seconds left.
|
|t:|1781481887
|switch|p2a: Darkrai|Darkrai|100/100
|-damage|p2a: Darkrai|88/100|[from] Spikes
|move|p1a: Worth Every Penny|Shadow Ball|p2a: Darkrai
|-resisted|p2a: Darkrai
|-damage|p2a: Darkrai|61/100
|
|upkeep
|turn|11
|inactive|YT-Cyber-DJ has 120 seconds left.
|
|t:|1781481913
|switch|p1a: Address Me|Iron Treads|100/100
|move|p2a: Darkrai|Dark Pulse|p1a: Address Me
|-damage|p1a: Address Me|42/100
|
|-heal|p1a: Address Me|48/100|[from] item: Leftovers
|upkeep
|turn|12
|
|t:|1781481921
|move|p2a: Darkrai|Dark Pulse|p1a: Address Me
|-damage|p1a: Address Me|0 fnt
|faint|p1a: Address Me
|-end|p1a: Address Me|Quark Drive|[silent]
|
|upkeep
|
|t:|1781481924
|switch|p1a: What a Drag|Dragonite, F|100/100
|turn|13
|inactive|YT-Cyber-DJ has 120 seconds left.
|
|t:|1781481930
|move|p2a: Darkrai|Ice Beam|p1a: What a Drag
|-supereffective|p1a: What a Drag
|-damage|p1a: What a Drag|13/100
|move|p1a: What a Drag|Dragon Dance|p1a: What a Drag
|-boost|p1a: What a Drag|atk|1
|-boost|p1a: What a Drag|spe|1
|
|upkeep
|turn|14
|
|t:|1781481939
|switch|p2a: Zamazenta|Zamazenta|100/100
|-damage|p2a: Zamazenta|88/100|[from] Spikes
|-ability|p2a: Zamazenta|Dauntless Shield|boost
|-boost|p2a: Zamazenta|def|1
|move|p1a: What a Drag|Extreme Speed|p2a: Zamazenta
|-damage|p2a: Zamazenta|57/100
|-damage|p1a: What a Drag|3/100|[from] item: Life Orb
|
|-heal|p2a: Zamazenta|63/100|[from] item: Leftovers
|upkeep
|turn|15
|
|t:|1781481946
|move|p1a: What a Drag|Extreme Speed|p2a: Zamazenta
|-damage|p2a: Zamazenta|33/100
|-damage|p1a: What a Drag|0 fnt|[from] item: Life Orb
|faint|p1a: What a Drag
|move|p2a: Zamazenta|Iron Defense|p2a: Zamazenta
|-boost|p2a: Zamazenta|def|2
|
|-heal|p2a: Zamazenta|39/100|[from] item: Leftovers
|upkeep
|
|t:|1781481950
|switch|p1a: Worth Every Penny|Gholdengo|93/100
|turn|16
|
|t:|1781481956
|move|p2a: Zamazenta|Crunch|p1a: Worth Every Penny
|-supereffective|p1a: Worth Every Penny
|-damage|p1a: Worth Every Penny|43/100
|-unboost|p1a: Worth Every Penny|def|1
|-damage|p2a: Zamazenta|23/100|[from] item: Rocky Helmet|[of] p1a: Worth Every Penny
|move|p1a: Worth Every Penny|Thunder Wave|p2a: Zamazenta
|-status|p2a: Zamazenta|par
|
|-heal|p2a: Zamazenta|29/100 par|[from] item: Leftovers
|upkeep
|turn|17
|
|t:|1781481963
|move|p1a: Worth Every Penny|Shadow Ball|p2a: Zamazenta
|-damage|p2a: Zamazenta|0 fnt
|faint|p2a: Zamazenta
|
|upkeep
|
|t:|1781481965
|switch|p2a: Darkrai|Darkrai|61/100
|-damage|p2a: Darkrai|48/100|[from] Spikes
|turn|18
|
|t:|1781481973
|switch|p1a: V-800|Iron Valiant, shiny|100/100
|-enditem|p1a: V-800|Booster Energy
|-activate|p1a: V-800|ability: Quark Drive|[fromitem]
|-start|p1a: V-800|quarkdrivespe
|move|p2a: Darkrai|Dark Pulse|p1a: V-800
|-resisted|p1a: V-800
|-damage|p1a: V-800|80/100
|
|upkeep
|turn|19
|
|t:|1781481997
|move|p1a: V-800|Knock Off|p2a: Darkrai
|-resisted|p2a: Darkrai
|-damage|p2a: Darkrai|29/100
|-enditem|p2a: Darkrai|Expert Belt|[from] move: Knock Off|[of] p1a: V-800
|move|p2a: Darkrai|Sludge Bomb|p1a: V-800
|-supereffective|p1a: V-800
|-damage|p1a: V-800|0 fnt
|faint|p1a: V-800
|-end|p1a: V-800|Quark Drive|[silent]
|
|upkeep
|
|t:|1781482001
|switch|p1a: Latinos|Latios, M|100/100
|turn|20
|
|t:|1781482011
|-terastallize|p1a: Latinos|Steel
|move|p2a: Darkrai|Dark Pulse|p1a: Latinos
|-damage|p1a: Latinos|59/100
|move|p1a: Latinos|Calm Mind|p1a: Latinos
|-boost|p1a: Latinos|spa|1
|-boost|p1a: Latinos|spd|1
|
|upkeep
|turn|21
|
|t:|1781482016
|move|p2a: Darkrai|Focus Blast|p1a: Latinos|[miss]
|-miss|p2a: Darkrai|p1a: Latinos
|move|p1a: Latinos|Recover|p1a: Latinos
|-heal|p1a: Latinos|100/100
|
|upkeep
|turn|22
|
|t:|1781482022
|move|p2a: Darkrai|Focus Blast|p1a: Latinos
|-supereffective|p1a: Latinos
|-damage|p1a: Latinos|40/100
|move|p1a: Latinos|Draco Meteor|p2a: Darkrai
|-damage|p2a: Darkrai|0 fnt
|-unboost|p1a: Latinos|spa|2
|faint|p2a: Darkrai
|
|upkeep
|
|t:|1781482029
|switch|p2a: Crawdaunt|Crawdaunt, F|100/100
|-damage|p2a: Crawdaunt|88/100|[from] Spikes
|turn|23
|
|t:|1781482032
|-terastallize|p2a: Crawdaunt|Water
|move|p2a: Crawdaunt|Aqua Jet|p1a: Latinos
|-crit|p1a: Latinos
|-damage|p1a: Latinos|0 fnt
|faint|p1a: Latinos
|
|upkeep
|
|t:|1781482035
|switch|p1a: Worth Every Penny|Gholdengo|43/100
|turn|24
|
|t:|1781482043
|move|p2a: Crawdaunt|Aqua Jet|p1a: Worth Every Penny
|-damage|p1a: Worth Every Penny|0 fnt
|-damage|p2a: Crawdaunt|72/100|[from] item: Rocky Helmet|[of] p1a: Worth Every Penny
|faint|p1a: Worth Every Penny
|
|win|icylikedecember
|raw|YT-Cyber-DJ's rating: 1735 &rarr; <strong>1718</strong><br />(-17 for losing)
|raw|icylikedecember's rating: 1786 &rarr; <strong>1803</strong><br />(+17 for winning)
|j| rexa2
|c|☆YT-Cyber-DJ|GG
|l| rexa2
|l|☆YT-Cyber-DJ
|player|p1|
|c|☆icylikedecember|u2
|l|☆icylikedecember
|player|p2|
