|j|☆sawquarete
|j|☆Smitherz107
|t:|1781496790
|gametype|singles
|player|p1|sawquarete|li|1593
|player|p2|Smitherz107|wallace|1570
|gen|9
|tier|[Gen 9] OU
|rated|
|rule|HP Percentage Mod: HP is shown in percentages
|rule|Endless Battle Clause: Forcing endless battles is banned
|rule|Species Clause: Limit one of each Pokémon
|rule|OHKO Clause: OHKO moves are banned
|rule|Evasion Items Clause: Evasion items are banned
|rule|Evasion Moves Clause: Evasion moves are banned
|rule|Evasion Abilities Clause: Evasion abilities are banned
|rule|Sleep Moves Clause: Sleep-inducing moves are banned
|clearpoke
|poke|p1|Great Tusk|
|poke|p1|Kingambit, M|
|poke|p1|Gholdengo|
|poke|p1|Ting-Lu|
|poke|p1|Alomomola, M|
|poke|p1|Zamazenta-*|
|poke|p2|Rillaboom, M|
|poke|p2|Alomomola, M|
|poke|p2|Ninetales-Alola, M|
|poke|p2|Great Tusk|
|poke|p2|Latias, F|
|poke|p2|Heatran, F|
|teampreview
|inactive|Battle timer is ON: inactive players will automatically lose when time's up. (requested by sawquarete)
|inactive|Smitherz107 has 120 seconds left.
|
|t:|1781496883
|teamsize|p1|6
|teamsize|p2|6
|start
|switch|p1a: Gholdengo|Gholdengo|100/100
|switch|p2a: Rillaboom|Rillaboom, M|100/100
|-item|p1a: Gholdengo|Air Balloon
|-fieldstart|move: Grassy Terrain|[from] ability: Grassy Surge|[of] p2a: Rillaboom
|turn|1
|
|t:|1781496895
|move|p2a: Rillaboom|Knock Off|p1a: Gholdengo
|-supereffective|p1a: Gholdengo
|-damage|p1a: Gholdengo|47/100
|-enditem|p1a: Gholdengo|Air Balloon
|move|p1a: Gholdengo|Thunder Wave|p2a: Rillaboom
|-status|p2a: Rillaboom|par
|
|-heal|p1a: Gholdengo|53/100|[from] Grassy Terrain
|upkeep
|turn|2
|
|t:|1781496903
|move|p1a: Gholdengo|Recover|p1a: Gholdengo
|-heal|p1a: Gholdengo|100/100
|move|p2a: Rillaboom|Knock Off|p1a: Gholdengo
|-supereffective|p1a: Gholdengo
|-damage|p1a: Gholdengo|65/100
|
|-heal|p1a: Gholdengo|71/100|[from] Grassy Terrain
|upkeep
|turn|3
|
|t:|1781496906
|move|p1a: Gholdengo|Hex|p2a: Rillaboom
|-damage|p2a: Rillaboom|55/100 par
|move|p2a: Rillaboom|Knock Off|p1a: Gholdengo
|-supereffective|p1a: Gholdengo
|-damage|p1a: Gholdengo|36/100
|
|-heal|p1a: Gholdengo|42/100|[from] Grassy Terrain
|-heal|p2a: Rillaboom|61/100 par|[from] Grassy Terrain
|upkeep
|turn|4
|
|t:|1781496909
|move|p1a: Gholdengo|Recover|p1a: Gholdengo
|-heal|p1a: Gholdengo|92/100
|move|p2a: Rillaboom|U-turn|p1a: Gholdengo
|-resisted|p1a: Gholdengo
|-damage|p1a: Gholdengo|88/100
|
|t:|1781496912
|switch|p2a: Great Tusk|Great Tusk|100/100|[from] U-turn
|
|-heal|p1a: Gholdengo|94/100|[from] Grassy Terrain
|upkeep
|turn|5
|
|t:|1781496915
|-terastallize|p1a: Gholdengo|Fairy
|move|p2a: Great Tusk|Headlong Rush|p1a: Gholdengo
|-damage|p1a: Gholdengo|47/100
|-unboost|p2a: Great Tusk|def|1
|-unboost|p2a: Great Tusk|spd|1
|move|p1a: Gholdengo|Make It Rain|p2a: Great Tusk
|-crit|p2a: Great Tusk
|-damage|p2a: Great Tusk|0 fnt
|-unboost|p1a: Gholdengo|spa|1
|faint|p2a: Great Tusk
|-end|p2a: Great Tusk|Protosynthesis|[silent]
|
|-heal|p1a: Gholdengo|53/100|[from] Grassy Terrain
|-fieldend|move: Grassy Terrain
|upkeep
|
|t:|1781496923
|switch|p2a: Heatran|Heatran, F|100/100
|turn|6
|
|t:|1781496927
|move|p1a: Gholdengo|Thunder Wave|p2a: Heatran
|-status|p2a: Heatran|par
|cant|p2a: Heatran|par
|
|upkeep
|turn|7
|
|t:|1781496930
|switch|p1a: Alomomola|Alomomola, M|100/100
|move|p2a: Heatran|Taunt|p1a: Alomomola
|-start|p1a: Alomomola|move: Taunt
|
|upkeep
|turn|8
|
|t:|1781496938
|move|p1a: Alomomola|Scald|p2a: Heatran
|-supereffective|p2a: Heatran
|-damage|p2a: Heatran|82/100 par
|move|p2a: Heatran|Stealth Rock|p1a: Alomomola
|-sidestart|p1: sawquarete|move: Stealth Rock
|
|-heal|p2a: Heatran|88/100 par|[from] item: Leftovers
|upkeep
|turn|9
|inactive|Smitherz107 has 120 seconds left.
|
|t:|1781496993
|switch|p2a: Rillaboom|Rillaboom, M|61/100 par
|-fieldstart|move: Grassy Terrain|[from] ability: Grassy Surge|[of] p2a: Rillaboom
|move|p1a: Alomomola|Flip Turn|p2a: Rillaboom
|-resisted|p2a: Rillaboom
|-damage|p2a: Rillaboom|53/100 par
|
|t:|1781496998
|switch|p1a: Gholdengo|Gholdengo, tera:Fairy|53/100|[from] Flip Turn
|-damage|p1a: Gholdengo|40/100|[from] Stealth Rock
|
|-heal|p1a: Gholdengo|47/100|[from] Grassy Terrain
|-heal|p2a: Rillaboom|59/100 par|[from] Grassy Terrain
|upkeep
|turn|10
|
|t:|1781497015
|move|p1a: Gholdengo|Recover|p1a: Gholdengo
|-heal|p1a: Gholdengo|97/100
|cant|p2a: Rillaboom|par
|
|-heal|p1a: Gholdengo|100/100|[from] Grassy Terrain
|-heal|p2a: Rillaboom|65/100 par|[from] Grassy Terrain
|upkeep
|turn|11
|
|t:|1781497019
|move|p1a: Gholdengo|Hex|p2a: Rillaboom
|-damage|p2a: Rillaboom|20/100 par
|move|p2a: Rillaboom|U-turn|p1a: Gholdengo
|-resisted|p1a: Gholdengo
|-damage|p1a: Gholdengo|92/100
|
|t:|1781497022
|switch|p2a: Heatran|Heatran, F|88/100 par|[from] U-turn
|
|-heal|p1a: Gholdengo|98/100|[from] Grassy Terrain
|-heal|p2a: Heatran|94/100 par|[from] Grassy Terrain
|-heal|p2a: Heatran|100/100 par|[from] item: Leftovers
|upkeep
|turn|12
|
|t:|1781497026
|move|p1a: Gholdengo|Hex|p2a: Heatran
|-damage|p2a: Heatran|65/100 par
|move|p2a: Heatran|Lava Plume|p1a: Gholdengo
|-damage|p1a: Gholdengo|65/100
|-status|p1a: Gholdengo|brn
|
|-heal|p1a: Gholdengo|71/100 brn|[from] Grassy Terrain
|-heal|p2a: Heatran|71/100 par|[from] Grassy Terrain
|-heal|p2a: Heatran|78/100 par|[from] item: Leftovers
|-damage|p1a: Gholdengo|65/100 brn|[from] brn
|upkeep
|turn|13
|
|t:|1781497032
|move|p1a: Gholdengo|Hex|p2a: Heatran
|-damage|p2a: Heatran|41/100 par
|move|p2a: Heatran|Taunt|p1a: Gholdengo
|-immune|p1a: Gholdengo|[from] ability: Good as Gold
|
|-heal|p1a: Gholdengo|71/100 brn|[from] Grassy Terrain
|-heal|p2a: Heatran|47/100 par|[from] Grassy Terrain
|-heal|p2a: Heatran|53/100 par|[from] item: Leftovers
|-damage|p1a: Gholdengo|65/100 brn|[from] brn
|-fieldend|move: Grassy Terrain
|upkeep
|turn|14
|
|t:|1781497037
|move|p1a: Gholdengo|Hex|p2a: Heatran
|-damage|p2a: Heatran|18/100 par
|move|p2a: Heatran|Taunt|p1a: Gholdengo
|-immune|p1a: Gholdengo|[from] ability: Good as Gold
|
|-heal|p2a: Heatran|24/100 par|[from] item: Leftovers
|-damage|p1a: Gholdengo|59/100 brn|[from] brn
|upkeep
|turn|15
|
|t:|1781497044
|switch|p2a: Alomomola|Alomomola, M|100/100
|move|p1a: Gholdengo|Recover|p1a: Gholdengo
|-heal|p1a: Gholdengo|100/100 brn
|
|-damage|p1a: Gholdengo|94/100 brn|[from] brn
|upkeep
|turn|16
|
|t:|1781497047
|move|p1a: Gholdengo|Thunder Wave|p2a: Alomomola
|-status|p2a: Alomomola|par
|cant|p2a: Alomomola|par
|
|-damage|p1a: Gholdengo|88/100 brn|[from] brn
|upkeep
|turn|17
|
|t:|1781497049
|move|p1a: Gholdengo|Hex|p2a: Alomomola
|-damage|p2a: Alomomola|32/100 par
|move|p2a: Alomomola|Flip Turn|p1a: Gholdengo
|-damage|p1a: Gholdengo|76/100 brn
|
|t:|1781497055
|switch|p2a: Heatran|Heatran, F|24/100 par|[from] Flip Turn
|
|-heal|p2a: Heatran|31/100 par|[from] item: Leftovers
|-damage|p1a: Gholdengo|70/100 brn|[from] brn
|upkeep
|turn|18
|
|t:|1781497065
|move|p1a: Gholdengo|Hex|p2a: Heatran
|-damage|p2a: Heatran|0 fnt
|faint|p2a: Heatran
|
|-damage|p1a: Gholdengo|64/100 brn|[from] brn
|upkeep
|
|t:|1781497075
|switch|p2a: Ninetales|Ninetales-Alola, M|100/100
|-weather|Snowscape|[from] ability: Snow Warning|[of] p2a: Ninetales
|turn|19
|
|t:|1781497077
|move|p2a: Ninetales|Blizzard|p1a: Gholdengo
|-damage|p1a: Gholdengo|22/100 brn
|move|p1a: Gholdengo|Thunder Wave|p2a: Ninetales
|-status|p2a: Ninetales|par
|
|-weather|Snowscape|[upkeep]
|-damage|p1a: Gholdengo|16/100 brn|[from] brn
|upkeep
|turn|20
|
|t:|1781497081
|move|p1a: Gholdengo|Recover|p1a: Gholdengo
|-heal|p1a: Gholdengo|66/100 brn
|cant|p2a: Ninetales|par
|
|-weather|Snowscape|[upkeep]
|-damage|p1a: Gholdengo|60/100 brn|[from] brn
|upkeep
|turn|21
|
|t:|1781497083
|move|p1a: Gholdengo|Recover|p1a: Gholdengo
|-heal|p1a: Gholdengo|100/100 brn
|move|p2a: Ninetales|Blizzard|p1a: Gholdengo
|-damage|p1a: Gholdengo|62/100 brn
|
|-weather|Snowscape|[upkeep]
|-damage|p1a: Gholdengo|56/100 brn|[from] brn
|upkeep
|turn|22
|
|t:|1781497087
|move|p1a: Gholdengo|Make It Rain|p2a: Ninetales
|-supereffective|p2a: Ninetales
|-damage|p2a: Ninetales|0 fnt
|-unboost|p1a: Gholdengo|spa|1
|faint|p2a: Ninetales
|
|-weather|Snowscape|[upkeep]
|-damage|p1a: Gholdengo|49/100 brn|[from] brn
|upkeep
|
|t:|1781497091
|switch|p2a: Latias|Latias, F|100/100
|turn|23
|
|t:|1781497093
|move|p2a: Latias|Agility|p2a: Latias
|-boost|p2a: Latias|spe|2
|move|p1a: Gholdengo|Thunder Wave|p2a: Latias
|-status|p2a: Latias|par
|
|-weather|none
|-damage|p1a: Gholdengo|43/100 brn|[from] brn
|upkeep
|turn|24
|
|t:|1781497095
|switch|p1a: Ting-Lu|Ting-Lu|100/100
|-damage|p1a: Ting-Lu|94/100|[from] Stealth Rock
|-ability|p1a: Ting-Lu|Vessel of Ruin
|move|p2a: Latias|Agility|p2a: Latias
|-boost|p2a: Latias|spe|2
|
|-heal|p1a: Ting-Lu|100/100|[from] item: Leftovers
|upkeep
|turn|25
|
|t:|1781497100
|move|p2a: Latias|Draining Kiss|p1a: Ting-Lu
|-supereffective|p1a: Ting-Lu
|-damage|p1a: Ting-Lu|88/100
|move|p1a: Ting-Lu|Whirlwind|p2a: Latias
|drag|p2a: Alomomola|Alomomola, M|65/100 par
|
|-heal|p1a: Ting-Lu|94/100|[from] item: Leftovers
|upkeep
|turn|26
|-message|Smitherz107 forfeited.
|
|win|sawquarete
|raw|sawquarete's rating: 1593 &rarr; <strong>1612</strong><br />(+19 for winning)
|raw|Smitherz107's rating: 1570 &rarr; <strong>1551</strong><br />(-19 for losing)
|l|☆sawquarete
|player|p1|
|l|☆Smitherz107
|player|p2|
