|j|☆LoseToRU?
|j|☆Seltzergod
|t:|1781386188
|gametype|singles
|player|p1|LoseToRU?|giovanni-gen1|1669
|player|p2|Seltzergod|flannery|1662
|gen|9
|tier|[Gen 9] OU
|rated|
|rule|HP Percentage Mod: HP is shown in percentages
|rule|Endless Battle Clause: Forcing endless battles is banned
|rule|Species Clause: Limit one of each Pokémon
|rule|OHKO Clause: OHKO moves are banned
|rule|Evasion Items Clause: Evasion items are banned
|rule|Evasion Moves Clause: Evasion moves are banned
|rule|Evasion Abilities Clause: Evasion abilities are banned
|rule|Sleep Moves Clause: Sleep-inducing moves are banned
|clearpoke
|poke|p1|Iron Jugulis|
|poke|p1|Thundurus, M|
|poke|p1|Ceruledge, M|
|poke|p1|Zamazenta-*|
|poke|p1|Cloyster, M|
|poke|p1|Iron Valiant|
|poke|p2|Toxtricity, F|
|poke|p2|Alomomola, F|
|poke|p2|Dragapult, M|
|poke|p2|Corviknight, F|
|poke|p2|Iron Valiant|
|poke|p2|Ting-Lu|
|teampreview
|inactive|Battle timer is ON: inactive players will automatically lose when time's up. (requested by LoseToRU?)
|c|☆Seltzergod|1 RU mon son
|inactive|Seltzergod has 120 seconds left.
|
|t:|1781386262
|teamsize|p1|6
|teamsize|p2|6
|start
|switch|p1a: Iron Valiant|Iron Valiant|100/100
|switch|p2a: Punk Hazard|Toxtricity, F|100/100
|-enditem|p1a: Iron Valiant|Booster Energy
|-activate|p1a: Iron Valiant|ability: Quark Drive|[fromitem]
|-start|p1a: Iron Valiant|quarkdrivespe
|turn|1
|
|t:|1781386268
|move|p1a: Iron Valiant|Destiny Bond|p1a: Iron Valiant
|-singlemove|p1a: Iron Valiant|Destiny Bond
|move|p2a: Punk Hazard|Boomburst|p1a: Iron Valiant
|-damage|p1a: Iron Valiant|0 fnt
|faint|p1a: Iron Valiant
|-activate|p1a: Iron Valiant|move: Destiny Bond
|-end|p1a: Iron Valiant|Quark Drive|[silent]
|faint|p2a: Punk Hazard
|
|upkeep
|
|t:|1781386276
|switch|p1a: Iron Jugulis|Iron Jugulis|100/100
|switch|p2a: Wano|Dragapult, M|100/100
|-enditem|p1a: Iron Jugulis|Booster Energy
|-activate|p1a: Iron Jugulis|ability: Quark Drive|[fromitem]
|-start|p1a: Iron Jugulis|quarkdrivespe
|turn|2
|
|t:|1781386279
|switch|p2a: Fishman|Alomomola, F|100/100
|move|p1a: Iron Jugulis|Dark Pulse|p2a: Fishman
|-damage|p2a: Fishman|78/100
|
|upkeep
|turn|3
|
|t:|1781386282
|move|p1a: Iron Jugulis|Hurricane|p2a: Fishman|[miss]
|-miss|p1a: Iron Jugulis|p2a: Fishman
|move|p2a: Fishman|Flip Turn|p1a: Iron Jugulis
|-damage|p1a: Iron Jugulis|81/100
|
|t:|1781386292
|switch|p2a: Drum|Ting-Lu|100/100|[from] Flip Turn
|-ability|p2a: Drum|Vessel of Ruin
|
|upkeep
|turn|4
|
|t:|1781386296
|switch|p2a: Skypiea|Corviknight, F|100/100
|-ability|p2a: Skypiea|Pressure
|move|p1a: Iron Jugulis|Taunt|p2a: Skypiea
|-start|p2a: Skypiea|move: Taunt
|
|upkeep
|turn|5
|
|t:|1781386298
|move|p1a: Iron Jugulis|Dark Pulse|p2a: Skypiea
|-damage|p2a: Skypiea|73/100
|cant|p2a: Skypiea|flinch
|
|-heal|p2a: Skypiea|80/100|[from] item: Leftovers
|upkeep
|turn|6
|
|t:|1781386302
|move|p1a: Iron Jugulis|Dark Pulse|p2a: Skypiea
|-damage|p2a: Skypiea|54/100
|cant|p2a: Skypiea|flinch
|
|-heal|p2a: Skypiea|60/100|[from] item: Leftovers
|-end|p2a: Skypiea|move: Taunt
|upkeep
|turn|7
|
|t:|1781386305
|move|p1a: Iron Jugulis|Taunt|p2a: Skypiea
|-start|p2a: Skypiea|move: Taunt
|move|p2a: Skypiea|U-turn|p1a: Iron Jugulis
|-damage|p1a: Iron Jugulis|65/100
|
|t:|1781386307
|switch|p2a: Fishman|Alomomola, F|100/100|[from] U-turn
|
|upkeep
|turn|8
|
|t:|1781386334
|move|p1a: Iron Jugulis|Hurricane|p2a: Fishman|[miss]
|-miss|p1a: Iron Jugulis|p2a: Fishman
|move|p2a: Fishman|Flip Turn|p1a: Iron Jugulis
|-damage|p1a: Iron Jugulis|47/100
|
|t:|1781386338
|switch|p2a: Skypiea|Corviknight, F|60/100|[from] Flip Turn
|-ability|p2a: Skypiea|Pressure
|
|-heal|p2a: Skypiea|66/100|[from] item: Leftovers
|upkeep
|turn|9
|
|t:|1781386342
|switch|p2a: Fishman|Alomomola, F|100/100
|move|p1a: Iron Jugulis|Dark Pulse|p2a: Fishman
|-damage|p2a: Fishman|74/100
|
|upkeep
|turn|10
|
|t:|1781386345
|move|p1a: Iron Jugulis|Hurricane|p2a: Fishman|[miss]
|-miss|p1a: Iron Jugulis|p2a: Fishman
|move|p2a: Fishman|Flip Turn|p1a: Iron Jugulis
|-damage|p1a: Iron Jugulis|29/100
|
|t:|1781386347
|switch|p2a: Skypiea|Corviknight, F|66/100|[from] Flip Turn
|-ability|p2a: Skypiea|Pressure
|
|-heal|p2a: Skypiea|73/100|[from] item: Leftovers
|upkeep
|turn|11
|
|t:|1781386354
|switch|p2a: Fishman|Alomomola, F|100/100
|move|p1a: Iron Jugulis|Dark Pulse|p2a: Fishman
|-damage|p2a: Fishman|75/100
|
|upkeep
|turn|12
|
|t:|1781386356
|move|p1a: Iron Jugulis|Hurricane|p2a: Fishman
|-damage|p2a: Fishman|40/100
|move|p2a: Fishman|Flip Turn|p1a: Iron Jugulis
|-damage|p1a: Iron Jugulis|8/100
|
|t:|1781386369
|switch|p2a: Whole Cake|Iron Valiant|100/100|[from] Flip Turn
|
|upkeep
|turn|13
|
|t:|1781386373
|move|p2a: Whole Cake|Shadow Sneak|p1a: Iron Jugulis
|-resisted|p1a: Iron Jugulis
|-damage|p1a: Iron Jugulis|0 fnt
|faint|p1a: Iron Jugulis
|-end|p1a: Iron Jugulis|Quark Drive|[silent]
|
|upkeep
|inactive|LoseToRU? has 120 seconds left.
|
|t:|1781386410
|switch|p1a: Thundurus|Thundurus, M|100/100
|turn|14
|
|t:|1781386418
|-end|p2a: Whole Cake|Quark Drive|[silent]
|switch|p2a: Drum|Ting-Lu|100/100
|-ability|p2a: Drum|Vessel of Ruin
|move|p1a: Thundurus|Nasty Plot|p1a: Thundurus
|-boost|p1a: Thundurus|spa|2
|
|upkeep
|turn|15
|
|t:|1781386422
|move|p1a: Thundurus|Focus Blast|p2a: Drum|[miss]
|-miss|p1a: Thundurus|p2a: Drum
|move|p2a: Drum|Stealth Rock|p1a: Thundurus
|-sidestart|p1: LoseToRU?|move: Stealth Rock
|
|upkeep
|turn|16
|
|t:|1781386425
|move|p1a: Thundurus|Focus Blast|p2a: Drum|[miss]
|-miss|p1a: Thundurus|p2a: Drum
|move|p2a: Drum|Ruination|p1a: Thundurus
|-damage|p1a: Thundurus|51/100
|
|upkeep
|turn|17
|
|t:|1781386428
|move|p1a: Thundurus|Focus Blast|p2a: Drum
|-supereffective|p2a: Drum
|-damage|p2a: Drum|29/100
|-enditem|p2a: Drum|Red Card|[of] p1a: Thundurus
|drag|p1a: Ceruledge|Ceruledge, M|100/100
|-damage|p1a: Ceruledge|76/100|[from] Stealth Rock
|move|p2a: Drum|Ruination|p1a: Ceruledge
|-damage|p1a: Ceruledge|38/100
|
|upkeep
|turn|18
|
|t:|1781386435
|move|p1a: Ceruledge|Bitter Blade|p2a: Drum
|-damage|p2a: Drum|2/100
|-heal|p1a: Ceruledge|63/100|[from] drain|[of] p2a: Drum
|move|p2a: Drum|Earthquake|p1a: Ceruledge
|-supereffective|p1a: Ceruledge
|-damage|p1a: Ceruledge|0 fnt
|faint|p1a: Ceruledge
|
|upkeep
|
|t:|1781386461
|switch|p1a: Cloyster|Cloyster, M|100/100
|-damage|p1a: Cloyster|76/100|[from] Stealth Rock
|turn|19
|
|t:|1781386463
|move|p1a: Cloyster|Icicle Spear|p2a: Drum
|-supereffective|p2a: Drum
|-damage|p2a: Drum|0 fnt
|faint|p2a: Drum
|-hitcount|p2: Drum|1
|
|upkeep
|
|t:|1781386468
|switch|p2a: Whole Cake|Iron Valiant|100/100
|turn|20
|
|t:|1781386472
|move|p2a: Whole Cake|Close Combat|p1a: Cloyster
|-supereffective|p1a: Cloyster
|-damage|p1a: Cloyster|0 fnt
|-unboost|p2a: Whole Cake|def|1
|-unboost|p2a: Whole Cake|spd|1
|faint|p1a: Cloyster
|
|upkeep
|
|t:|1781386476
|switch|p1a: Thundurus|Thundurus, M|51/100
|-damage|p1a: Thundurus|26/100|[from] Stealth Rock
|turn|21
|
|t:|1781386479
|move|p1a: Thundurus|Thunder Wave|p2a: Whole Cake
|-status|p2a: Whole Cake|par
|move|p2a: Whole Cake|Close Combat|p1a: Thundurus
|-resisted|p1a: Thundurus
|-damage|p1a: Thundurus|0 fnt
|-unboost|p2a: Whole Cake|def|1
|-unboost|p2a: Whole Cake|spd|1
|faint|p1a: Thundurus
|
|upkeep
|
|t:|1781386483
|switch|p1a: Zamazenta|Zamazenta|100/100
|-damage|p1a: Zamazenta|94/100|[from] Stealth Rock
|-ability|p1a: Zamazenta|Dauntless Shield|boost
|-boost|p1a: Zamazenta|def|1
|turn|22
|
|t:|1781386485
|move|p1a: Zamazenta|Substitute|p1a: Zamazenta
|-start|p1a: Zamazenta|Substitute
|-damage|p1a: Zamazenta|69/100
|move|p2a: Whole Cake|Close Combat|p1a: Zamazenta
|-end|p1a: Zamazenta|Substitute
|-unboost|p2a: Whole Cake|def|1
|-unboost|p2a: Whole Cake|spd|1
|
|-heal|p1a: Zamazenta|75/100|[from] item: Leftovers
|upkeep
|turn|23
|
|t:|1781386489
|move|p1a: Zamazenta|Iron Defense|p1a: Zamazenta
|-boost|p1a: Zamazenta|def|2
|cant|p2a: Whole Cake|par
|
|-heal|p1a: Zamazenta|82/100|[from] item: Leftovers
|upkeep
|turn|24
|
|t:|1781386495
|-end|p2a: Whole Cake|Quark Drive|[silent]
|switch|p2a: Wano|Dragapult, M|100/100
|move|p1a: Zamazenta|Iron Defense|p1a: Zamazenta
|-boost|p1a: Zamazenta|def|2
|
|-heal|p1a: Zamazenta|88/100|[from] item: Leftovers
|upkeep
|turn|25
|
|t:|1781386504
|-terastallize|p2a: Wano|Ghost
|move|p2a: Wano|Shadow Ball|p1a: Zamazenta
|-damage|p1a: Zamazenta|35/100
|-unboost|p1a: Zamazenta|spd|1
|move|p1a: Zamazenta|Crunch|p2a: Wano
|-supereffective|p2a: Wano
|-damage|p2a: Wano|38/100
|
|-heal|p1a: Zamazenta|41/100|[from] item: Leftovers
|upkeep
|turn|26
|c|☆Seltzergod|gg
|-message|LoseToRU? forfeited.
|
|win|Seltzergod
|raw|LoseToRU?'s rating: 1669 &rarr; <strong>1649</strong><br />(-20 for losing)
|raw|Seltzergod's rating: 1662 &rarr; <strong>1682</strong><br />(+20 for winning)
|l|☆LoseToRU?
|player|p1|
|l|☆Seltzergod
|player|p2|
|j|☆LoseToRU?
|player|p1|LoseToRU?|giovanni-gen1|
|l|☆LoseToRU?
|player|p1|
