|j|☆Glimpse Man
|j|☆wubbybubbyjr
|t:|1781237840
|gametype|singles
|player|p1|Glimpse Man|acetrainer-gen4dp|1580
|player|p2|wubbybubbyjr|preschooler|1580
|gen|9
|tier|[Gen 9] OU
|rated|
|rule|HP Percentage Mod: HP is shown in percentages
|rule|Endless Battle Clause: Forcing endless battles is banned
|rule|Species Clause: Limit one of each Pokémon
|rule|OHKO Clause: OHKO moves are banned
|rule|Evasion Items Clause: Evasion items are banned
|rule|Evasion Moves Clause: Evasion moves are banned
|rule|Evasion Abilities Clause: Evasion abilities are banned
|rule|Sleep Moves Clause: Sleep-inducing moves are banned
|clearpoke
|poke|p1|Great Tusk|
|poke|p1|Samurott-Hisui, F|
|poke|p1|Gholdengo|
|poke|p1|Zamazenta-*|
|poke|p1|Iron Valiant|
|poke|p1|Talonflame, F|
|poke|p2|Hoopa-Unbound|
|poke|p2|Alomomola, F|
|poke|p2|Cinderace, M|
|poke|p2|Tornadus-Therian, M|
|poke|p2|Iron Treads|
|poke|p2|Dragapult, F|
|teampreview
|inactive|Battle timer is ON: inactive players will automatically lose when time's up. (requested by wubbybubbyjr)
|inactive|Glimpse Man also wants the timer to be on.
|
|t:|1781237847
|teamsize|p1|6
|teamsize|p2|6
|start
|switch|p1a: Samurott|Samurott-Hisui, F|100/100
|switch|p2a: Cinderace|Cinderace, M|100/100
|turn|1
|
|t:|1781237850
|switch|p1a: Talonflame|Talonflame, F|100/100
|move|p2a: Cinderace|U-turn|p1a: Talonflame
|-start|p2a: Cinderace|typechange|Bug|[from] ability: Libero
|-resisted|p1a: Talonflame
|-damage|p1a: Talonflame|90/100
|j| Kisaragi Station
|
|t:|1781237857
|switch|p2a: Dragapult|Dragapult, F|100/100|[from] U-turn
|
|upkeep
|turn|2
|
|t:|1781237863
|switch|p1a: Great Tusk|Great Tusk|100/100
|move|p2a: Dragapult|Shadow Ball|p1a: Great Tusk
|-damage|p1a: Great Tusk|16/100
|
|-heal|p1a: Great Tusk|23/100|[from] item: Leftovers
|upkeep
|turn|3
|
|t:|1781237882
|switch|p2a: Alomomola|Alomomola, F|100/100
|-end|p1a: Great Tusk|Protosynthesis|[silent]
|switch|p1a: Samurott|Samurott-Hisui, F|100/100
|
|upkeep
|turn|4
|
|t:|1781237890
|move|p1a: Samurott|Knock Off|p2a: Alomomola
|-damage|p2a: Alomomola|75/100
|-enditem|p2a: Alomomola|Leftovers|[from] move: Knock Off|[of] p1a: Samurott
|move|p2a: Alomomola|Flip Turn|p1a: Samurott
|-resisted|p1a: Samurott
|-damage|p1a: Samurott|91/100
|
|t:|1781237894
|switch|p2a: Cinderace|Cinderace, M|100/100|[from] Flip Turn
|
|upkeep
|turn|5
|
|t:|1781237897
|switch|p1a: Talonflame|Talonflame, F|90/100
|move|p2a: Cinderace|U-turn|p1a: Talonflame
|-start|p2a: Cinderace|typechange|Bug|[from] ability: Libero
|-resisted|p1a: Talonflame
|-damage|p1a: Talonflame|82/100
|
|t:|1781237900
|switch|p2a: Dragapult|Dragapult, F|100/100|[from] U-turn
|
|upkeep
|turn|6
|
|t:|1781237905
|switch|p1a: Great Tusk|Great Tusk|23/100
|move|p2a: Dragapult|Shadow Ball|p1a: Great Tusk
|-damage|p1a: Great Tusk|0 fnt
|faint|p1a: Great Tusk
|-end|p1a: Great Tusk|Protosynthesis|[silent]
|
|upkeep
|
|t:|1781237907
|switch|p1a: Samurott|Samurott-Hisui, F|91/100
|turn|7
|
|t:|1781237915
|switch|p2a: Alomomola|Alomomola, F|100/100
|move|p1a: Samurott|Ceaseless Edge|p2a: Alomomola
|-damage|p2a: Alomomola|79/100
|-sidestart|p2: wubbybubbyjr|Spikes
|
|upkeep
|turn|8
|
|t:|1781237918
|move|p1a: Samurott|Ceaseless Edge|p2a: Alomomola
|-damage|p2a: Alomomola|54/100
|-sidestart|p2: wubbybubbyjr|Spikes
|move|p2a: Alomomola|Flip Turn|p1a: Samurott
|-resisted|p1a: Samurott
|-damage|p1a: Samurott|81/100
|
|t:|1781237939
|switch|p2a: Cinderace|Cinderace, M|100/100|[from] Flip Turn
|
|upkeep
|turn|9
|
|t:|1781237943
|move|p2a: Cinderace|U-turn|p1a: Samurott
|-start|p2a: Cinderace|typechange|Bug|[from] ability: Libero
|-supereffective|p1a: Samurott
|-damage|p1a: Samurott|0 fnt
|faint|p1a: Samurott
|
|t:|1781237951
|switch|p2a: Tornadus|Tornadus-Therian, M|100/100|[from] U-turn
|
|upkeep
|
|t:|1781237956
|switch|p1a: Gholdengo|Gholdengo|100/100
|-item|p1a: Gholdengo|Air Balloon
|turn|10
|inactive|wubbybubbyjr has 120 seconds left.
|
|t:|1781238015
|move|p2a: Tornadus|U-turn|p1a: Gholdengo
|-resisted|p1a: Gholdengo
|-damage|p1a: Gholdengo|97/100
|-enditem|p1a: Gholdengo|Air Balloon
|
|t:|1781238017
|switch|p2a: Iron Treads|Iron Treads|100/100|[from] U-turn
|-damage|p2a: Iron Treads|84/100|[from] Spikes
|move|p1a: Gholdengo|Shadow Ball|p2a: Iron Treads
|-damage|p2a: Iron Treads|16/100
|
|-heal|p2a: Iron Treads|23/100|[from] item: Leftovers
|upkeep
|turn|11
|
|t:|1781238022
|switch|p1a: Talonflame|Talonflame, F|82/100
|move|p2a: Iron Treads|Earthquake|p1a: Talonflame
|-immune|p1a: Talonflame
|
|-heal|p2a: Iron Treads|29/100|[from] item: Leftovers
|upkeep
|turn|12
|
|t:|1781238025
|-end|p2a: Iron Treads|Quark Drive|[silent]
|switch|p2a: Tornadus|Tornadus-Therian, M|100/100
|move|p1a: Talonflame|U-turn|p2a: Tornadus
|-resisted|p2a: Tornadus
|-damage|p2a: Tornadus|92/100
|
|t:|1781238030
|switch|p1a: Gholdengo|Gholdengo|97/100|[from] U-turn
|
|upkeep
|turn|13
|
|t:|1781238036
|move|p2a: Tornadus|Heat Wave|p1a: Gholdengo
|-supereffective|p1a: Gholdengo
|-damage|p1a: Gholdengo|43/100
|-status|p1a: Gholdengo|brn
|move|p1a: Gholdengo|Shadow Ball|p2a: Tornadus
|-damage|p2a: Tornadus|61/100
|-unboost|p2a: Tornadus|spd|1
|
|-damage|p1a: Gholdengo|37/100 brn|[from] brn
|upkeep
|turn|14
|
|t:|1781238042
|move|p2a: Tornadus|U-turn|p1a: Gholdengo
|-resisted|p1a: Gholdengo
|-damage|p1a: Gholdengo|33/100 brn
|
|t:|1781238047
|switch|p2a: Iron Treads|Iron Treads|29/100|[from] U-turn
|-damage|p2a: Iron Treads|12/100|[from] Spikes
|move|p1a: Gholdengo|Make It Rain|p2a: Iron Treads
|-resisted|p2a: Iron Treads
|-damage|p2a: Iron Treads|0 fnt
|-unboost|p1a: Gholdengo|spa|1
|faint|p2a: Iron Treads
|-end|p2a: Iron Treads|Quark Drive|[silent]
|
|-damage|p1a: Gholdengo|27/100 brn|[from] brn
|upkeep
|
|t:|1781238050
|switch|p2a: Tornadus|Tornadus-Therian, M|94/100
|turn|15
|
|t:|1781238052
|move|p2a: Tornadus|Knock Off|p1a: Gholdengo
|-supereffective|p1a: Gholdengo
|-damage|p1a: Gholdengo|0 fnt
|faint|p1a: Gholdengo
|
|upkeep
|
|t:|1781238058
|switch|p1a: Talonflame|Talonflame, F|82/100
|turn|16
|
|t:|1781238061
|move|p1a: Talonflame|Taunt|p2a: Tornadus
|-start|p2a: Tornadus|move: Taunt
|move|p2a: Tornadus|Bleakwind Storm|p1a: Talonflame
|-damage|p1a: Talonflame|13/100
|
|upkeep
|turn|17
|
|t:|1781238067
|move|p1a: Talonflame|Will-O-Wisp|p2a: Tornadus
|-status|p2a: Tornadus|brn
|move|p2a: Tornadus|Knock Off|p1a: Talonflame
|-damage|p1a: Talonflame|2/100
|-enditem|p1a: Talonflame|Heavy-Duty Boots|[from] move: Knock Off|[of] p2a: Tornadus
|
|-damage|p2a: Tornadus|88/100 brn|[from] brn
|upkeep
|turn|18
|
|t:|1781238072
|move|p1a: Talonflame|Taunt||[still]
|-fail|p1a: Talonflame
|move|p2a: Tornadus|Bleakwind Storm|p1a: Talonflame|[miss]
|-miss|p2a: Tornadus|p1a: Talonflame
|
|-damage|p2a: Tornadus|82/100 brn|[from] brn
|-end|p2a: Tornadus|move: Taunt
|upkeep
|turn|19
|
|t:|1781238078
|move|p1a: Talonflame|Taunt|p2a: Tornadus
|-start|p2a: Tornadus|move: Taunt
|move|p2a: Tornadus|Bleakwind Storm|p1a: Talonflame
|-damage|p1a: Talonflame|0 fnt
|faint|p1a: Talonflame
|
|-damage|p2a: Tornadus|76/100 brn|[from] brn
|upkeep
|
|t:|1781238081
|switch|p1a: Iron Valiant|Iron Valiant|100/100
|-enditem|p1a: Iron Valiant|Booster Energy
|-activate|p1a: Iron Valiant|ability: Quark Drive|[fromitem]
|-start|p1a: Iron Valiant|quarkdrivespe
|turn|20
|inactive|wubbybubbyjr has 120 seconds left.
|
|t:|1781238113
|-terastallize|p1a: Iron Valiant|Ground
|move|p1a: Iron Valiant|Swords Dance|p1a: Iron Valiant
|-boost|p1a: Iron Valiant|atk|2
|move|p2a: Tornadus|Bleakwind Storm|p1a: Iron Valiant
|-damage|p1a: Iron Valiant|33/100
|
|-damage|p2a: Tornadus|70/100 brn|[from] brn
|upkeep
|turn|21
|inactive|wubbybubbyjr has 120 seconds left.
|
|t:|1781238124
|move|p1a: Iron Valiant|Knock Off|p2a: Tornadus
|-damage|p2a: Tornadus|0 fnt
|-enditem|p2a: Tornadus|Assault Vest|[from] move: Knock Off|[of] p1a: Iron Valiant
|faint|p2a: Tornadus
|
|upkeep
|inactive|wubbybubbyjr has 120 seconds left.
|
|t:|1781238140
|switch|p2a: Alomomola|Alomomola, F|88/100
|-damage|p2a: Alomomola|71/100|[from] Spikes
|turn|22
|
|t:|1781238150
|-terastallize|p2a: Alomomola|Ghost
|move|p1a: Iron Valiant|Close Combat|p2a: Alomomola
|-immune|p2a: Alomomola
|move|p2a: Alomomola|Scald|p1a: Iron Valiant
|-supereffective|p1a: Iron Valiant
|-damage|p1a: Iron Valiant|0 fnt
|faint|p1a: Iron Valiant
|-end|p1a: Iron Valiant|Quark Drive|[silent]
|
|upkeep
|-message|Glimpse Man forfeited.
|
|win|wubbybubbyjr
|raw|Glimpse Man's rating: 1580 &rarr; <strong>1561</strong><br />(-19 for losing)
|raw|wubbybubbyjr's rating: 1594 &rarr; <strong>1613</strong><br />(+19 for winning)
|l|☆Glimpse Man
|player|p1|
|l|☆wubbybubbyjr
|player|p2|
