|j|☆worldofpeeshirts
|j|☆KurisuChestnutLab
|t:|1781123244
|gametype|singles
|player|p1|worldofpeeshirts|101|1537
|player|p2|KurisuChestnutLab|may-contest|1573
|gen|9
|tier|[Gen 9] OU
|rated|
|rule|HP Percentage Mod: HP is shown in percentages
|rule|Endless Battle Clause: Forcing endless battles is banned
|rule|Species Clause: Limit one of each Pokémon
|rule|OHKO Clause: OHKO moves are banned
|rule|Evasion Items Clause: Evasion items are banned
|rule|Evasion Moves Clause: Evasion moves are banned
|rule|Evasion Abilities Clause: Evasion abilities are banned
|rule|Sleep Moves Clause: Sleep-inducing moves are banned
|clearpoke
|poke|p1|Samurott-Hisui, F|
|poke|p1|Zapdos|
|poke|p1|Iron Treads|
|poke|p1|Ceruledge, M|
|poke|p1|Gholdengo|
|poke|p1|Kingambit, M|
|poke|p2|Zamazenta-*|
|poke|p2|Zapdos|
|poke|p2|Garganacl, M|
|poke|p2|Clefable, M|
|poke|p2|Samurott-Hisui, F|
|poke|p2|Gholdengo|
|teampreview
|inactive|Battle timer is ON: inactive players will automatically lose when time's up. (requested by worldofpeeshirts)
|inactive|KurisuChestnutLab also wants the timer to be on.
|
|t:|1781123251
|teamsize|p1|6
|teamsize|p2|6
|start
|switch|p1a: Zapdos|Zapdos|100/100
|switch|p2a: Zamazenta|Zamazenta|100/100
|-ability|p2a: Zamazenta|Dauntless Shield|boost
|-boost|p2a: Zamazenta|def|1
|turn|1
|
|t:|1781123255
|switch|p2a: Garganacl|Garganacl, M|100/100
|move|p1a: Zapdos|Thunder Wave|p2a: Garganacl
|-immune|p2a: Garganacl|[from] ability: Purifying Salt
|
|upkeep
|turn|2
|
|t:|1781123259
|move|p1a: Zapdos|Volt Switch|p2a: Garganacl
|-damage|p2a: Garganacl|80/100
|
|t:|1781123261
|switch|p1a: Samurott|Samurott-Hisui, F|100/100|[from] Volt Switch
|move|p2a: Garganacl|Salt Cure|p1a: Samurott
|-damage|p1a: Samurott|85/100
|-start|p1a: Samurott|Salt Cure
|
|-heal|p2a: Garganacl|87/100|[from] item: Leftovers
|-damage|p1a: Samurott|61/100|[from] Salt Cure
|upkeep
|turn|3
|
|t:|1781123268
|move|p1a: Samurott|Ceaseless Edge|p2a: Garganacl
|-damage|p2a: Garganacl|60/100
|-sidestart|p2: KurisuChestnutLab|Spikes
|move|p2a: Garganacl|Stealth Rock|p1a: Samurott
|-sidestart|p1: worldofpeeshirts|move: Stealth Rock
|
|-heal|p2a: Garganacl|67/100|[from] item: Leftovers
|-damage|p1a: Samurott|36/100|[from] Salt Cure
|upkeep
|turn|4
|
|t:|1781123274
|switch|p1a: Iron Treads|Iron Treads|100/100
|-damage|p1a: Iron Treads|97/100|[from] Stealth Rock
|move|p2a: Garganacl|Recover|p2a: Garganacl
|-heal|p2a: Garganacl|100/100
|
|-heal|p1a: Iron Treads|100/100|[from] item: Leftovers
|upkeep
|turn|5
|
|t:|1781123278
|move|p1a: Iron Treads|Stealth Rock|p2a: Garganacl
|-sidestart|p2: KurisuChestnutLab|move: Stealth Rock
|move|p2a: Garganacl|Salt Cure|p1a: Iron Treads
|-resisted|p1a: Iron Treads
|-damage|p1a: Iron Treads|98/100
|-start|p1a: Iron Treads|Salt Cure
|
|-heal|p1a: Iron Treads|100/100|[from] item: Leftovers
|-damage|p1a: Iron Treads|76/100|[from] Salt Cure
|upkeep
|turn|6
|
|t:|1781123282
|move|p1a: Iron Treads|Earthquake|p2a: Garganacl
|-supereffective|p2a: Garganacl
|-damage|p2a: Garganacl|32/100
|move|p2a: Garganacl|Earthquake|p1a: Iron Treads
|-supereffective|p1a: Iron Treads
|-damage|p1a: Iron Treads|33/100
|
|-heal|p1a: Iron Treads|39/100|[from] item: Leftovers
|-heal|p2a: Garganacl|38/100|[from] item: Leftovers
|-damage|p1a: Iron Treads|15/100|[from] Salt Cure
|upkeep
|turn|7
|
|t:|1781123287
|-terastallize|p2a: Garganacl|Water
|move|p1a: Iron Treads|Rapid Spin|p2a: Garganacl
|-damage|p2a: Garganacl|26/100
|-boost|p1a: Iron Treads|spe|1
|-sideend|p1: worldofpeeshirts|Stealth Rock|[from] move: Rapid Spin|[of] p1a: Iron Treads
|move|p2a: Garganacl|Recover|p2a: Garganacl
|-heal|p2a: Garganacl|76/100
|
|-heal|p1a: Iron Treads|21/100|[from] item: Leftovers
|-heal|p2a: Garganacl|83/100|[from] item: Leftovers
|-damage|p1a: Iron Treads|0 fnt|[from] Salt Cure
|faint|p1a: Iron Treads
|-end|p1a: Iron Treads|Quark Drive|[silent]
|upkeep
|
|t:|1781123292
|switch|p1a: Zapdos|Zapdos|100/100
|turn|8
|
|t:|1781123296
|move|p1a: Zapdos|Volt Switch|p2a: Garganacl
|-supereffective|p2a: Garganacl
|-damage|p2a: Garganacl|48/100
|
|t:|1781123298
|switch|p1a: Samurott|Samurott-Hisui, F|36/100|[from] Volt Switch
|move|p2a: Garganacl|Salt Cure|p1a: Samurott
|-damage|p1a: Samurott|20/100
|-start|p1a: Samurott|Salt Cure
|
|-heal|p2a: Garganacl|54/100|[from] item: Leftovers
|-damage|p1a: Samurott|0 fnt|[from] Salt Cure
|faint|p1a: Samurott
|upkeep
|
|t:|1781123309
|switch|p1a: Ceruledge|Ceruledge, M|100/100
|turn|9
|
|t:|1781123313
|-terastallize|p1a: Ceruledge|Fairy
|move|p1a: Ceruledge|Swords Dance|p1a: Ceruledge
|-boost|p1a: Ceruledge|atk|2
|move|p2a: Garganacl|Salt Cure|p1a: Ceruledge
|-damage|p1a: Ceruledge|84/100
|-start|p1a: Ceruledge|Salt Cure
|-ability|p1a: Ceruledge|Weak Armor|boost
|-unboost|p1a: Ceruledge|def|1
|-boost|p1a: Ceruledge|spe|2
|
|-heal|p2a: Garganacl|60/100|[from] item: Leftovers
|-damage|p1a: Ceruledge|72/100|[from] Salt Cure
|upkeep
|turn|10
|
|t:|1781123323
|move|p1a: Ceruledge|Poltergeist|p2a: Garganacl
|-activate|p2a: Garganacl|move: Poltergeist|Leftovers
|-damage|p2a: Garganacl|20/100
|move|p2a: Garganacl|Earthquake|p1a: Ceruledge
|-damage|p1a: Ceruledge|34/100
|-ability|p1a: Ceruledge|Weak Armor|boost
|-unboost|p1a: Ceruledge|def|1
|-boost|p1a: Ceruledge|spe|2
|
|-heal|p2a: Garganacl|26/100|[from] item: Leftovers
|-damage|p1a: Ceruledge|21/100|[from] Salt Cure
|upkeep
|turn|11
|
|t:|1781123329
|move|p1a: Ceruledge|Poltergeist|p2a: Garganacl
|-activate|p2a: Garganacl|move: Poltergeist|Leftovers
|-damage|p2a: Garganacl|0 fnt
|faint|p2a: Garganacl
|
|-damage|p1a: Ceruledge|9/100|[from] Salt Cure
|upkeep
|
|t:|1781123336
|switch|p2a: Samurott|Samurott-Hisui, F|100/100
|-damage|p2a: Samurott|88/100|[from] Spikes
|-damage|p2a: Samurott|76/100|[from] Stealth Rock
|turn|12
|
|t:|1781123342
|move|p1a: Ceruledge|Bitter Blade|p2a: Samurott
|-resisted|p2a: Samurott
|-damage|p2a: Samurott|17/100
|-heal|p1a: Ceruledge|36/100|[from] drain|[of] p2a: Samurott
|move|p2a: Samurott|Ceaseless Edge|p1a: Ceruledge
|-resisted|p1a: Ceruledge
|-damage|p1a: Ceruledge|0 fnt
|-sidestart|p1: worldofpeeshirts|Spikes
|faint|p1a: Ceruledge
|
|upkeep
|
|t:|1781123347
|switch|p1a: Zapdos|Zapdos|100/100
|turn|13
|
|t:|1781123351
|move|p2a: Samurott|Ceaseless Edge|p1a: Zapdos
|-damage|p1a: Zapdos|66/100
|-status|p2a: Samurott|par|[from] ability: Static|[of] p1a: Zapdos
|-sidestart|p1: worldofpeeshirts|Spikes
|move|p1a: Zapdos|Volt Switch|p2a: Samurott
|-supereffective|p2a: Samurott
|-damage|p2a: Samurott|0 fnt
|faint|p2a: Samurott
|
|t:|1781123355
|switch|p1a: Gholdengo|Gholdengo|100/100|[from] Volt Switch
|-item|p1a: Gholdengo|Air Balloon
|
|upkeep
|
|t:|1781123359
|switch|p2a: Gholdengo|Gholdengo|100/100
|-damage|p2a: Gholdengo|88/100|[from] Spikes
|-damage|p2a: Gholdengo|82/100|[from] Stealth Rock
|turn|14
|
|t:|1781123363
|switch|p1a: Zapdos|Zapdos|66/100
|move|p2a: Gholdengo|Shadow Ball|p1a: Zapdos
|-damage|p1a: Zapdos|24/100
|
|upkeep
|turn|15
|
|t:|1781123371
|move|p2a: Gholdengo|Shadow Ball|p1a: Zapdos
|-damage|p1a: Zapdos|0 fnt
|faint|p1a: Zapdos
|
|upkeep
|
|t:|1781123373
|switch|p1a: Kingambit|Kingambit, M|100/100
|-damage|p1a: Kingambit|84/100|[from] Spikes
|-activate|p1a: Kingambit|ability: Supreme Overlord
|-start|p1a: Kingambit|fallen4|[silent]
|turn|16
|
|t:|1781123379
|switch|p2a: Zamazenta|Zamazenta|100/100
|-damage|p2a: Zamazenta|88/100|[from] Spikes
|-damage|p2a: Zamazenta|82/100|[from] Stealth Rock
|move|p1a: Kingambit|Iron Head|p2a: Zamazenta
|-damage|p2a: Zamazenta|39/100
|
|-heal|p2a: Zamazenta|45/100|[from] item: Leftovers
|-heal|p1a: Kingambit|90/100|[from] item: Leftovers
|upkeep
|turn|17
|
|t:|1781123386
|move|p2a: Zamazenta|Body Press|p1a: Kingambit
|-supereffective|p1a: Kingambit
|-crit|p1a: Kingambit
|-damage|p1a: Kingambit|0 fnt
|faint|p1a: Kingambit
|-end|p1a: Kingambit|fallen4|[silent]
|
|-heal|p2a: Zamazenta|51/100|[from] item: Leftovers
|upkeep
|
|t:|1781123388
|switch|p1a: Gholdengo|Gholdengo|100/100
|-item|p1a: Gholdengo|Air Balloon
|turn|18
|
|t:|1781123394
|move|p2a: Zamazenta|Crunch|p1a: Gholdengo
|-supereffective|p1a: Gholdengo
|-damage|p1a: Gholdengo|67/100
|-enditem|p1a: Gholdengo|Air Balloon
|move|p1a: Gholdengo|Thunder Wave|p2a: Zamazenta
|-status|p2a: Zamazenta|par
|
|-heal|p2a: Zamazenta|57/100 par|[from] item: Leftovers
|upkeep
|turn|19
|
|t:|1781123401
|switch|p2a: Zapdos|Zapdos|100/100
|move|p1a: Gholdengo|Recover|p1a: Gholdengo
|-heal|p1a: Gholdengo|100/100
|
|upkeep
|turn|20
|
|t:|1781123406
|move|p2a: Zapdos|Volt Switch|p1a: Gholdengo
|-damage|p1a: Gholdengo|72/100
|
|t:|1781123412
|switch|p2a: Zamazenta|Zamazenta|57/100 par|[from] Volt Switch
|-damage|p2a: Zamazenta|45/100 par|[from] Spikes
|-damage|p2a: Zamazenta|39/100 par|[from] Stealth Rock
|move|p1a: Gholdengo|Hex|p2a: Zamazenta
|-damage|p2a: Zamazenta|0 fnt
|faint|p2a: Zamazenta
|
|upkeep
|
|t:|1781123419
|switch|p2a: Gholdengo|Gholdengo|82/100
|-damage|p2a: Gholdengo|70/100|[from] Spikes
|-damage|p2a: Gholdengo|64/100|[from] Stealth Rock
|turn|21
|
|t:|1781123423
|move|p2a: Gholdengo|Shadow Ball|p1a: Gholdengo
|-supereffective|p1a: Gholdengo
|-damage|p1a: Gholdengo|0 fnt
|faint|p1a: Gholdengo
|
|win|KurisuChestnutLab
|raw|worldofpeeshirts's rating: 1537 &rarr; <strong>1521</strong><br />(-16 for losing)
|raw|KurisuChestnutLab's rating: 1611 &rarr; <strong>1627</strong><br />(+16 for winning)
