|j|☆snurke
|j|☆xjdsnb鼹鼠
|t:|1780907728
|gametype|singles
|player|p1|snurke|sisandbro|1599
|player|p2|xjdsnb鼹鼠|169|1533
|gen|9
|tier|[Gen 9] OU
|rated|
|rule|HP Percentage Mod: HP is shown in percentages
|rule|Endless Battle Clause: Forcing endless battles is banned
|rule|Species Clause: Limit one of each Pokémon
|rule|OHKO Clause: OHKO moves are banned
|rule|Evasion Items Clause: Evasion items are banned
|rule|Evasion Moves Clause: Evasion moves are banned
|rule|Evasion Abilities Clause: Evasion abilities are banned
|rule|Sleep Moves Clause: Sleep-inducing moves are banned
|clearpoke
|poke|p1|Cinderace, M|
|poke|p1|Torkoal, M|
|poke|p1|Walking Wake|
|poke|p1|Enamorus, F|
|poke|p1|Raging Bolt|
|poke|p1|Great Tusk|
|poke|p2|Zamazenta-*|
|poke|p2|Regieleki|
|poke|p2|Kyurem|
|poke|p2|Tornadus-Therian, M|
|poke|p2|Dragapult, M|
|poke|p2|Iron Valiant|
|teampreview
|inactive|Battle timer is ON: inactive players will automatically lose when time's up. (requested by xjdsnb鼹鼠)
|inactive|snurke has 120 seconds left.
|
|t:|1780907761
|teamsize|p1|6
|teamsize|p2|6
|start
|switch|p1a: Torkoal|Torkoal, M, shiny|100/100
|switch|p2a: 你比我强，我比你狂|Regieleki|100/100
|-weather|SunnyDay|[from] ability: Drought|[of] p1a: Torkoal
|turn|1
|
|t:|1780907766
|switch|p1a: Great Tusk|Great Tusk|100/100
|-activate|p1a: Great Tusk|ability: Protosynthesis
|-start|p1a: Great Tusk|protosynthesisatk
|move|p2a: 你比我强，我比你狂|Volt Switch|p1a: Great Tusk
|-immune|p1a: Great Tusk
|
|-weather|SunnyDay|[upkeep]
|upkeep
|turn|2
|
|t:|1780907770
|switch|p2a: 不带广角镜，因为瞎|Tornadus-Therian, M|100/100
|move|p1a: Great Tusk|Knock Off|p2a: 不带广角镜，因为瞎
|-damage|p2a: 不带广角镜，因为瞎|44/100
|-enditem|p2a: 不带广角镜，因为瞎|Heavy-Duty Boots|[from] move: Knock Off|[of] p1a: Great Tusk
|
|-weather|SunnyDay|[upkeep]
|upkeep
|turn|3
|
|t:|1780907791
|-end|p1a: Great Tusk|Protosynthesis|[silent]
|switch|p1a: Enamorus|Enamorus, F|100/100
|move|p2a: 不带广角镜，因为瞎|Hurricane|p1a: Enamorus|[miss]
|-miss|p2a: 不带广角镜，因为瞎|p1a: Enamorus
|
|-weather|SunnyDay|[upkeep]
|upkeep
|turn|4
|
|t:|1780907800
|move|p1a: Enamorus|Moonblast|p2a: 不带广角镜，因为瞎
|-damage|p2a: 不带广角镜，因为瞎|0 fnt
|faint|p2a: 不带广角镜，因为瞎
|
|-weather|SunnyDay|[upkeep]
|upkeep
|
|t:|1780907802
|switch|p2a: 你比我强，我比你狂|Regieleki|100/100
|turn|5
|
|t:|1780907812
|switch|p1a: Raging Bolt|Raging Bolt|100/100
|-activate|p1a: Raging Bolt|ability: Protosynthesis
|-start|p1a: Raging Bolt|protosynthesisspa
|move|p2a: 你比我强，我比你狂|Hyper Beam|p1a: Raging Bolt
|-damage|p1a: Raging Bolt|55/100
|-mustrecharge|p2a: 你比我强，我比你狂
|
|-weather|none
|-end|p1a: Raging Bolt|Protosynthesis
|upkeep
|turn|6
|
|t:|1780907830
|cant|p2a: 你比我强，我比你狂|recharge
|move|p1a: Raging Bolt|Draco Meteor|p2a: 你比我强，我比你狂
|-damage|p2a: 你比我强，我比你狂|0 fnt
|-unboost|p1a: Raging Bolt|spa|2
|faint|p2a: 你比我强，我比你狂
|
|upkeep
|
|t:|1780907835
|switch|p2a: 你没带大将对吧|Dragapult, M|100/100
|turn|7
|
|t:|1780907839
|-end|p1a: Raging Bolt|Protosynthesis|[silent]
|switch|p1a: Enamorus|Enamorus, F|100/100
|move|p2a: 你没带大将对吧|Dragon Dance|p2a: 你没带大将对吧
|-boost|p2a: 你没带大将对吧|atk|1
|-boost|p2a: 你没带大将对吧|spe|1
|
|upkeep
|turn|8
|
|t:|1780907844
|move|p2a: 你没带大将对吧|Phantom Force||[still]
|-prepare|p2a: 你没带大将对吧|Phantom Force
|move|p1a: Enamorus|Moonblast|p2a: 你没带大将对吧|[miss]
|-miss|p1a: Enamorus|p2a: 你没带大将对吧
|
|upkeep
|turn|9
|
|t:|1780907847
|switch|p1a: Torkoal|Torkoal, M, shiny|100/100
|-weather|SunnyDay|[from] ability: Drought|[of] p1a: Torkoal
|move|p2a: 你没带大将对吧|Phantom Force|p1a: Torkoal|[from] lockedmove
|-damage|p1a: Torkoal|45/100
|
|-weather|SunnyDay|[upkeep]
|upkeep
|turn|10
|
|t:|1780907864
|move|p2a: 你没带大将对吧|Dragon Darts|p1a: Torkoal
|-damage|p1a: Torkoal|12/100
|-anim|p2a: 你没带大将对吧|Dragon Darts|p1a: Torkoal
|-damage|p1a: Torkoal|0 fnt
|faint|p1a: Torkoal
|
|-weather|SunnyDay|[upkeep]
|upkeep
|
|t:|1780907873
|switch|p1a: Great Tusk|Great Tusk|100/100
|-activate|p1a: Great Tusk|ability: Protosynthesis
|-start|p1a: Great Tusk|protosynthesisatk
|turn|11
|
|t:|1780907876
|move|p2a: 你没带大将对吧|Dragon Darts|p1a: Great Tusk
|-damage|p1a: Great Tusk|71/100
|-anim|p2a: 你没带大将对吧|Dragon Darts|p1a: Great Tusk
|-damage|p1a: Great Tusk|41/100
|move|p1a: Great Tusk|Knock Off|p2a: 你没带大将对吧
|-supereffective|p2a: 你没带大将对吧
|-enditem|p2a: 你没带大将对吧|Focus Sash
|-damage|p2a: 你没带大将对吧|1/100
|
|-weather|SunnyDay|[upkeep]
|-heal|p1a: Great Tusk|47/100|[from] item: Leftovers
|upkeep
|turn|12
|
|t:|1780907887
|-end|p1a: Great Tusk|Protosynthesis|[silent]
|switch|p1a: Enamorus|Enamorus, F|100/100
|move|p2a: 你没带大将对吧|Dragon Darts|p1a: Enamorus
|-immune|p1a: Enamorus
|
|-weather|SunnyDay|[upkeep]
|upkeep
|turn|13
|
|t:|1780907896
|switch|p1a: Great Tusk|Great Tusk|47/100
|-activate|p1a: Great Tusk|ability: Protosynthesis
|-start|p1a: Great Tusk|protosynthesisatk
|move|p2a: 你没带大将对吧|Phantom Force||[still]
|-prepare|p2a: 你没带大将对吧|Phantom Force
|
|-weather|none
|-end|p1a: Great Tusk|Protosynthesis
|-heal|p1a: Great Tusk|53/100|[from] item: Leftovers
|upkeep
|turn|14
|
|t:|1780907912
|move|p2a: 你没带大将对吧|Phantom Force|p1a: Great Tusk|[from] lockedmove
|-damage|p1a: Great Tusk|3/100
|move|p1a: Great Tusk|Knock Off|p2a: 你没带大将对吧
|-supereffective|p2a: 你没带大将对吧
|-damage|p2a: 你没带大将对吧|0 fnt
|faint|p2a: 你没带大将对吧
|
|-heal|p1a: Great Tusk|9/100|[from] item: Leftovers
|upkeep
|
|t:|1780907926
|switch|p2a: 铁五折大甩卖喽|Iron Valiant|100/100
|-enditem|p2a: 铁五折大甩卖喽|Booster Energy
|-activate|p2a: 铁五折大甩卖喽|ability: Quark Drive|[fromitem]
|-start|p2a: 铁五折大甩卖喽|quarkdrivespe
|turn|15
|
|t:|1780907929
|move|p2a: 铁五折大甩卖喽|Moonblast|p1a: Great Tusk
|-supereffective|p1a: Great Tusk
|-damage|p1a: Great Tusk|0 fnt
|faint|p1a: Great Tusk
|-end|p1a: Great Tusk|Protosynthesis|[silent]
|
|upkeep
|
|t:|1780907937
|switch|p1a: Cinderace|Cinderace, M, shiny|100/100
|turn|16
|
|t:|1780907943
|move|p2a: 铁五折大甩卖喽|Close Combat|p1a: Cinderace
|-damage|p1a: Cinderace|15/100
|-unboost|p2a: 铁五折大甩卖喽|def|1
|-unboost|p2a: 铁五折大甩卖喽|spd|1
|move|p1a: Cinderace|Pyro Ball|p2a: 铁五折大甩卖喽
|-damage|p2a: 铁五折大甩卖喽|0 fnt
|faint|p2a: 铁五折大甩卖喽
|-end|p2a: 铁五折大甩卖喽|Quark Drive|[silent]
|
|upkeep
|
|t:|1780907948
|switch|p2a: 你带了大将对吧|Zamazenta|100/100
|-ability|p2a: 你带了大将对吧|Dauntless Shield|boost
|-boost|p2a: 你带了大将对吧|def|1
|turn|17
|
|t:|1780907953
|move|p2a: 你带了大将对吧|Crunch|p1a: Cinderace
|-damage|p1a: Cinderace|0 fnt
|faint|p1a: Cinderace
|
|upkeep
|
|t:|1780907954
|switch|p1a: Enamorus|Enamorus, F|100/100
|turn|18
|
|t:|1780907957
|-terastallize|p1a: Enamorus|Fairy
|-terastallize|p2a: 你带了大将对吧|Fire
|move|p1a: Enamorus|Moonblast|p2a: 你带了大将对吧
|-resisted|p2a: 你带了大将对吧
|-damage|p2a: 你带了大将对吧|78/100
|move|p2a: 你带了大将对吧|Heavy Slam|p1a: Enamorus
|-supereffective|p1a: Enamorus
|-damage|p1a: Enamorus|0 fnt
|faint|p1a: Enamorus
|
|upkeep
|
|t:|1780907962
|switch|p1a: Walking Wake|Walking Wake|100/100
|turn|19
|
|t:|1780907965
|move|p2a: 你带了大将对吧|Close Combat|p1a: Walking Wake
|-damage|p1a: Walking Wake|27/100
|-unboost|p2a: 你带了大将对吧|def|1
|-unboost|p2a: 你带了大将对吧|spd|1
|move|p1a: Walking Wake|Hydro Steam|p2a: 你带了大将对吧
|-supereffective|p2a: 你带了大将对吧
|-damage|p2a: 你带了大将对吧|0 fnt
|faint|p2a: 你带了大将对吧
|
|upkeep
|
|t:|1780907968
|switch|p2a: 龙，可是帝王之征啊|Kyurem|100/100
|-ability|p2a: 龙，可是帝王之征啊|Pressure
|turn|20
|
|t:|1780907974
|-end|p1a: Walking Wake|Protosynthesis|[silent]
|switch|p1a: Raging Bolt|Raging Bolt|55/100
|move|p2a: 龙，可是帝王之征啊|Freeze-Dry|p1a: Raging Bolt
|-supereffective|p1a: Raging Bolt
|-damage|p1a: Raging Bolt|11/100
|
|upkeep
|turn|21
|
|t:|1780907978
|move|p1a: Raging Bolt|Thunderclap|p2a: 龙，可是帝王之征啊
|-resisted|p2a: 龙，可是帝王之征啊
|-damage|p2a: 龙，可是帝王之征啊|84/100
|move|p2a: 龙，可是帝王之征啊|Freeze-Dry|p1a: Raging Bolt
|-supereffective|p1a: Raging Bolt
|-crit|p1a: Raging Bolt
|-damage|p1a: Raging Bolt|0 fnt
|faint|p1a: Raging Bolt
|-end|p1a: Raging Bolt|Protosynthesis|[silent]
|
|-heal|p2a: 龙，可是帝王之征啊|90/100|[from] item: Leftovers
|upkeep
|
|t:|1780907980
|switch|p1a: Walking Wake|Walking Wake|27/100
|turn|22
|
|t:|1780907982
|move|p2a: 龙，可是帝王之征啊|Protect|p2a: 龙，可是帝王之征啊
|-singleturn|p2a: 龙，可是帝王之征啊|Protect
|move|p1a: Walking Wake|Draco Meteor|p2a: 龙，可是帝王之征啊
|-activate|p2a: 龙，可是帝王之征啊|move: Protect
|
|-heal|p2a: 龙，可是帝王之征啊|96/100|[from] item: Leftovers
|upkeep
|turn|23
|
|t:|1780907985
|move|p1a: Walking Wake|Draco Meteor|p2a: 龙，可是帝王之征啊
|-supereffective|p2a: 龙，可是帝王之征啊
|-damage|p2a: 龙，可是帝王之征啊|0 fnt
|-unboost|p1a: Walking Wake|spa|2
|faint|p2a: 龙，可是帝王之征啊
|
|win|snurke
|raw|snurke's rating: 1599 &rarr; <strong>1615</strong><br />(+16 for winning)
|raw|xjdsnb鼹鼠's rating: 1533 &rarr; <strong>1517</strong><br />(-16 for losing)
|l|☆xjdsnb鼹鼠
|player|p2|
