|j|☆fantominus83
|j|☆manabi.portoviejo
|t:|1781096696
|gametype|singles
|player|p1|fantominus83|grimsley|1719
|player|p2|manabi.portoviejo|1|1676
|gen|9
|tier|[Gen 9] OU
|rated|
|rule|HP Percentage Mod: HP is shown in percentages
|rule|Endless Battle Clause: Forcing endless battles is banned
|rule|Species Clause: Limit one of each Pokémon
|rule|OHKO Clause: OHKO moves are banned
|rule|Evasion Items Clause: Evasion items are banned
|rule|Evasion Moves Clause: Evasion moves are banned
|rule|Evasion Abilities Clause: Evasion abilities are banned
|rule|Sleep Moves Clause: Sleep-inducing moves are banned
|clearpoke
|poke|p1|Iron Crown|
|poke|p1|Ninetales-Alola, F|
|poke|p1|Ceruledge, F|
|poke|p1|Great Tusk|
|poke|p1|Hatterene, F|
|poke|p1|Manaphy|
|poke|p2|Hoopa-Unbound|
|poke|p2|Hawlucha, M|
|poke|p2|Hatterene, F|
|poke|p2|Iron Crown|
|poke|p2|Indeedee-F, F|
|poke|p2|Cloyster, F|
|teampreview
|inactive|Battle timer is ON: inactive players will automatically lose when time's up. (requested by manabi.portoviejo)
|
|t:|1781096719
|teamsize|p1|6
|teamsize|p2|6
|start
|switch|p1a: Ninetales|Ninetales-Alola, F|100/100
|switch|p2a: Indeedee|Indeedee-F, F|100/100
|-weather|Snowscape|[from] ability: Snow Warning|[of] p1a: Ninetales
|-fieldstart|move: Psychic Terrain|[from] ability: Psychic Surge|[of] p2a: Indeedee
|turn|1
|j| baibaiats
|
|t:|1781096735
|move|p1a: Ninetales|Aurora Veil|p1a: Ninetales
|-sidestart|p1: fantominus83|move: Aurora Veil
|move|p2a: Indeedee|Trick Room|p2a: Indeedee
|-fieldstart|move: Trick Room|[of] p2a: Indeedee
|
|-weather|Snowscape|[upkeep]
|upkeep
|turn|2
|
|t:|1781096760
|switch|p2a: Hoopa|Hoopa-Unbound|100/100
|switch|p1a: Hatterene|Hatterene, F|100/100
|
|-weather|Snowscape|[upkeep]
|upkeep
|turn|3
|
|t:|1781096767
|move|p1a: Hatterene|Calm Mind|p1a: Hatterene
|-boost|p1a: Hatterene|spa|1
|-boost|p1a: Hatterene|spd|1
|move|p2a: Hoopa|Brick Break|p1a: Hatterene
|-sideend|p1: fantominus83|move: Aurora Veil
|-resisted|p1a: Hatterene
|-damage|p1a: Hatterene|93/100
|
|-weather|Snowscape|[upkeep]
|-heal|p1a: Hatterene|99/100|[from] item: Leftovers
|upkeep
|turn|4
|
|t:|1781096771
|move|p1a: Hatterene|Draining Kiss|p2a: Hoopa
|-supereffective|p2a: Hoopa
|-damage|p2a: Hoopa|46/100
|-heal|p1a: Hatterene|100/100|[from] drain|[of] p2a: Hoopa
|move|p2a: Hoopa|Hyperspace Fury|p1a: Hatterene
|-damage|p1a: Hatterene|42/100
|-unboost|p2a: Hoopa|def|1
|
|-weather|Snowscape|[upkeep]
|-heal|p1a: Hatterene|48/100|[from] item: Leftovers
|upkeep
|turn|5
|
|t:|1781096779
|switch|p2a: Iron Crown|Iron Crown|100/100
|-enditem|p2a: Iron Crown|Booster Energy
|-activate|p2a: Iron Crown|ability: Quark Drive|[fromitem]
|-start|p2a: Iron Crown|quarkdrivespa
|move|p1a: Hatterene|Draining Kiss|p2a: Iron Crown
|-resisted|p2a: Iron Crown
|-damage|p2a: Iron Crown|86/100
|-heal|p1a: Hatterene|61/100|[from] drain|[of] p2a: Iron Crown
|
|-weather|none
|-heal|p1a: Hatterene|67/100|[from] item: Leftovers
|-fieldend|move: Trick Room
|upkeep
|turn|6
|
|t:|1781096789
|-terastallize|p1a: Hatterene|Water
|move|p2a: Iron Crown|Tachyon Cutter|p1a: Hatterene
|-resisted|p1a: Hatterene
|-damage|p1a: Hatterene|55/100
|-resisted|p1a: Hatterene
|-damage|p1a: Hatterene|43/100
|-hitcount|p1a: Hatterene|2
|move|p1a: Hatterene|Mystical Fire|p2a: Iron Crown
|-supereffective|p2a: Iron Crown
|-damage|p2a: Iron Crown|30/100
|-unboost|p2a: Iron Crown|spa|1
|
|-heal|p1a: Hatterene|49/100|[from] item: Leftovers
|upkeep
|turn|7
|
|t:|1781096799
|move|p2a: Iron Crown|Expanding Force|p1a: Hatterene
|-damage|p1a: Hatterene|0 fnt
|faint|p1a: Hatterene
|
|upkeep
|j| kanaete onegai
|
|t:|1781096821
|switch|p1a: Manaphy|Manaphy|100/100
|turn|8
|
|t:|1781096824
|move|p1a: Manaphy|Substitute|p1a: Manaphy
|-start|p1a: Manaphy|Substitute
|-damage|p1a: Manaphy|76/100
|move|p2a: Iron Crown|Expanding Force|p1a: Manaphy
|-end|p1a: Manaphy|Substitute
|
|-heal|p1a: Manaphy|82/100|[from] item: Leftovers
|-fieldend|move: Psychic Terrain
|upkeep
|turn|9
|
|t:|1781096832
|move|p1a: Manaphy|Tail Glow|p1a: Manaphy
|-boost|p1a: Manaphy|spa|3
|move|p2a: Iron Crown|Expanding Force|p1a: Manaphy
|-damage|p1a: Manaphy|43/100
|
|-heal|p1a: Manaphy|49/100|[from] item: Leftovers
|upkeep
|turn|10
|
|t:|1781096836
|move|p1a: Manaphy|Surf|p2a: Iron Crown
|-damage|p2a: Iron Crown|0 fnt
|faint|p2a: Iron Crown
|-end|p2a: Iron Crown|Quark Drive|[silent]
|
|-heal|p1a: Manaphy|55/100|[from] item: Leftovers
|upkeep
|
|t:|1781096842
|switch|p2a: Indeedee|Indeedee-F, F|100/100
|-fieldstart|move: Psychic Terrain|[from] ability: Psychic Surge|[of] p2a: Indeedee
|turn|11
|
|t:|1781096846
|move|p1a: Manaphy|Substitute|p1a: Manaphy
|-start|p1a: Manaphy|Substitute
|-damage|p1a: Manaphy|30/100
|move|p2a: Indeedee|Trick Room|p2a: Indeedee
|-fieldstart|move: Trick Room|[of] p2a: Indeedee
|
|-heal|p1a: Manaphy|36/100|[from] item: Leftovers
|upkeep
|turn|12
|
|t:|1781096849
|move|p2a: Indeedee|Healing Wish|p2a: Indeedee
|faint|p2a: Indeedee
|move|p1a: Manaphy|Surf|p2: Indeedee|[notarget]
|-fail|p1a: Manaphy
|
|-heal|p1a: Manaphy|42/100|[from] item: Leftovers
|upkeep
|
|t:|1781096851
|switch|p2a: Hoopa|Hoopa-Unbound|46/100
|-heal|p2a: Hoopa|100/100|[from] move: Healing Wish
|turn|13
|
|t:|1781096853
|move|p2a: Hoopa|Hyperspace Fury|p1a: Manaphy
|-damage|p1a: Manaphy|0 fnt
|-unboost|p2a: Hoopa|def|1
|faint|p1a: Manaphy
|
|upkeep
|
|t:|1781096867
|switch|p1a: Ninetales|Ninetales-Alola, F|100/100
|-weather|Snowscape|[from] ability: Snow Warning|[of] p1a: Ninetales
|turn|14
|
|t:|1781096871
|move|p2a: Hoopa|Expanding Force|p1a: Ninetales
|-damage|p1a: Ninetales|15/100
|move|p1a: Ninetales|Aurora Veil|p1a: Ninetales
|-sidestart|p1: fantominus83|move: Aurora Veil
|
|-weather|Snowscape|[upkeep]
|upkeep
|turn|15
|
|t:|1781096876
|switch|p1a: Ceruledge|Ceruledge, F|100/100
|move|p2a: Hoopa|Brick Break|p1a: Ceruledge
|-immune|p1a: Ceruledge
|
|-weather|Snowscape|[upkeep]
|-fieldend|move: Trick Room
|upkeep
|turn|16
|l| kanaete onegai
|
|t:|1781096898
|move|p1a: Ceruledge|Poltergeist|p2a: Hoopa
|-activate|p2a: Hoopa|move: Poltergeist|Focus Sash
|-enditem|p2a: Hoopa|Focus Sash
|-damage|p2a: Hoopa|1/100
|-damage|p1a: Ceruledge|91/100|[from] item: Life Orb
|move|p2a: Hoopa|Hyperspace Fury|p1a: Ceruledge
|-supereffective|p1a: Ceruledge
|-damage|p1a: Ceruledge|0 fnt
|-unboost|p2a: Hoopa|def|1
|faint|p1a: Ceruledge
|-item|p2a: Hoopa|Life Orb|[from] ability: Magician|[of] p1: Ceruledge
|
|-weather|Snowscape|[upkeep]
|upkeep
|
|t:|1781096926
|switch|p1a: Great Tusk|Great Tusk|100/100
|-enditem|p1a: Great Tusk|Booster Energy
|-activate|p1a: Great Tusk|ability: Protosynthesis|[fromitem]
|-start|p1a: Great Tusk|protosynthesisspe
|turn|17
|
|t:|1781096930
|move|p1a: Great Tusk|Ice Spinner|p2a: Hoopa
|-damage|p2a: Hoopa|0 fnt
|-fieldend|move: Psychic Terrain
|faint|p2a: Hoopa
|
|-weather|Snowscape|[upkeep]
|upkeep
|
|t:|1781096943
|switch|p2a: Cloyster|Cloyster, F|100/100
|turn|18
|
|t:|1781096950
|move|p1a: Great Tusk|Bulk Up|p1a: Great Tusk
|-boost|p1a: Great Tusk|atk|1
|-boost|p1a: Great Tusk|def|1
|move|p2a: Cloyster|Shell Smash|p2a: Cloyster
|-unboost|p2a: Cloyster|def|1
|-unboost|p2a: Cloyster|spd|1
|-boost|p2a: Cloyster|atk|2
|-boost|p2a: Cloyster|spa|2
|-boost|p2a: Cloyster|spe|2
|
|-weather|none
|upkeep
|turn|19
|
|t:|1781096956
|move|p2a: Cloyster|Icicle Spear|p1a: Great Tusk
|-supereffective|p1a: Great Tusk
|-damage|p1a: Great Tusk|92/100
|-supereffective|p1a: Great Tusk
|-damage|p1a: Great Tusk|82/100
|-supereffective|p1a: Great Tusk
|-damage|p1a: Great Tusk|73/100
|-supereffective|p1a: Great Tusk
|-damage|p1a: Great Tusk|64/100
|-supereffective|p1a: Great Tusk
|-damage|p1a: Great Tusk|54/100
|-hitcount|p1a: Great Tusk|5
|move|p1a: Great Tusk|Head Smash|p2a: Cloyster|[miss]
|-miss|p1a: Great Tusk|p2a: Cloyster
|
|upkeep
|turn|20
|
|t:|1781096975
|move|p2a: Cloyster|Shell Smash|p2a: Cloyster
|-unboost|p2a: Cloyster|def|1
|-unboost|p2a: Cloyster|spd|1
|-boost|p2a: Cloyster|atk|2
|-boost|p2a: Cloyster|spa|2
|-boost|p2a: Cloyster|spe|2
|move|p1a: Great Tusk|Head Smash|p2a: Cloyster
|-supereffective|p2a: Cloyster
|-enditem|p2a: Cloyster|Focus Sash
|-damage|p2a: Cloyster|1/100
|-damage|p1a: Great Tusk|26/100|[from] Recoil
|
|upkeep
|turn|21
|
|t:|1781096983
|move|p2a: Cloyster|Icicle Spear|p1a: Great Tusk
|-supereffective|p1a: Great Tusk
|-damage|p1a: Great Tusk|10/100
|-supereffective|p1a: Great Tusk
|-damage|p1a: Great Tusk|0 fnt
|faint|p1a: Great Tusk
|-end|p1a: Great Tusk|Protosynthesis|[silent]
|-hitcount|p1: Great Tusk|2
|
|-sideend|p1: fantominus83|move: Aurora Veil
|upkeep
|
|t:|1781096985
|switch|p1a: Iron Crown|Iron Crown|100/100
|turn|22
|
|t:|1781096991
|move|p2a: Cloyster|Liquidation|p1a: Iron Crown
|-damage|p1a: Iron Crown|0 fnt
|faint|p1a: Iron Crown
|-end|p1a: Iron Crown|Quark Drive|[silent]
|
|upkeep
|-message|fantominus83 forfeited.
|
|win|manabi.portoviejo
|raw|fantominus83's rating: 1719 &rarr; <strong>1697</strong><br />(-22 for losing)
|raw|manabi.portoviejo's rating: 1676 &rarr; <strong>1698</strong><br />(+22 for winning)
|l|☆fantominus83
|player|p1|
