|j|☆Kloakri#2
|j|☆ankoro
|t:|1781086922
|gametype|singles
|player|p1|Kloakri#2|170|1535
|player|p2|ankoro|acetrainer-gen2|1574
|gen|9
|tier|[Gen 9] OU
|rated|
|rule|HP Percentage Mod: HP is shown in percentages
|rule|Endless Battle Clause: Forcing endless battles is banned
|rule|Species Clause: Limit one of each Pokémon
|rule|OHKO Clause: OHKO moves are banned
|rule|Evasion Items Clause: Evasion items are banned
|rule|Evasion Moves Clause: Evasion moves are banned
|rule|Evasion Abilities Clause: Evasion abilities are banned
|rule|Sleep Moves Clause: Sleep-inducing moves are banned
|clearpoke
|poke|p1|Ribombee, M|
|poke|p1|Gholdengo|
|poke|p1|Great Tusk|
|poke|p1|Raging Bolt|
|poke|p1|Ogerpon-Cornerstone, F|
|poke|p1|Ceruledge, M|
|poke|p2|Lycanroc, F|
|poke|p2|Kingambit, F|
|poke|p2|Tornadus-Therian, M|
|poke|p2|Zamazenta-*|
|poke|p2|Azumarill, M|
|poke|p2|Pawmot, F|
|teampreview
|
|t:|1781086933
|teamsize|p1|6
|teamsize|p2|6
|start
|switch|p1a: NEW DROP|Ribombee, M, shiny|100/100
|switch|p2a: Lycanuke|Lycanroc, F|100/100
|turn|1
|
|t:|1781086995
|move|p1a: NEW DROP|Sticky Web|p2a: Lycanuke
|-sidestart|p2: ankoro|move: Sticky Web
|move|p2a: Lycanuke|Rock Blast|p1a: NEW DROP
|-supereffective|p1a: NEW DROP
|-damage|p1a: NEW DROP|65/100
|-supereffective|p1a: NEW DROP
|-damage|p1a: NEW DROP|25/100
|-supereffective|p1a: NEW DROP
|-damage|p1a: NEW DROP|0 fnt
|faint|p1a: NEW DROP
|-hitcount|p1: NEW DROP|3
|
|upkeep
|inactive|Battle timer is ON: inactive players will automatically lose when time's up. (requested by Kloakri#2)
|inactive|Kloakri#2 has 120 seconds left.
|inactive|Kloakri#2 has 90 seconds left.
|
|t:|1781087059
|switch|p1a: GREAT NECK|Raging Bolt|100/100
|-enditem|p1a: GREAT NECK|Booster Energy
|-activate|p1a: GREAT NECK|ability: Protosynthesis|[fromitem]
|-start|p1a: GREAT NECK|protosynthesisspa
|turn|2
|
|t:|1781087064
|move|p1a: GREAT NECK|Thunderclap||[still]
|-fail|p1a: GREAT NECK
|move|p2a: Lycanuke|Taunt|p1a: GREAT NECK
|-start|p1a: GREAT NECK|move: Taunt
|
|upkeep
|turn|3
|
|t:|1781087067
|move|p2a: Lycanuke|Stealth Rock|p1a: GREAT NECK
|-sidestart|p1: Kloakri#2|move: Stealth Rock
|move|p1a: GREAT NECK|Thunderbolt|p2a: Lycanuke
|-damage|p2a: Lycanuke|13/100
|
|upkeep
|turn|4
|
|t:|1781087071
|move|p1a: GREAT NECK|Thunderclap|p2a: Lycanuke
|-damage|p2a: Lycanuke|0 fnt
|faint|p2a: Lycanuke
|
|upkeep
|
|t:|1781087084
|switch|p2a: cão de aço|Zamazenta|100/100
|-activate|p2a: cão de aço|move: Sticky Web
|-unboost|p2a: cão de aço|spe|1
|-ability|p2a: cão de aço|Dauntless Shield|boost
|-boost|p2a: cão de aço|def|1
|turn|5
|inactive|Kloakri#2 has 120 seconds left.
|inactive|Kloakri#2 has 90 seconds left.
|
|t:|1781087164
|move|p2a: cão de aço|Close Combat|p1a: GREAT NECK
|-damage|p1a: GREAT NECK|31/100
|-unboost|p2a: cão de aço|def|1
|-unboost|p2a: cão de aço|spd|1
|-damage|p2a: cão de aço|91/100|[from] item: Life Orb
|move|p1a: GREAT NECK|Thunderbolt|p2a: cão de aço
|-damage|p2a: cão de aço|0 fnt
|faint|p2a: cão de aço
|
|-end|p1a: GREAT NECK|move: Taunt
|upkeep
|
|t:|1781087177
|switch|p2a: joy|Pawmot, F|100/100
|-activate|p2a: joy|move: Sticky Web
|-unboost|p2a: joy|spe|1
|turn|6
|
|t:|1781087184
|move|p1a: GREAT NECK|Dragon Pulse|p2a: joy
|-damage|p2a: joy|0 fnt
|faint|p2a: joy
|
|upkeep
|
|t:|1781087193
|switch|p2a: koolguybit|Kingambit, F|100/100
|-activate|p2a: koolguybit|ability: Supreme Overlord
|-start|p2a: koolguybit|fallen3|[silent]
|-item|p2a: koolguybit|Air Balloon
|turn|7
|
|t:|1781087196
|move|p1a: GREAT NECK|Thunderbolt|p2a: koolguybit
|-damage|p2a: koolguybit|17/100
|-enditem|p2a: koolguybit|Air Balloon
|move|p2a: koolguybit|Kowtow Cleave|p1a: GREAT NECK
|-damage|p1a: GREAT NECK|0 fnt
|faint|p1a: GREAT NECK
|-end|p1a: GREAT NECK|Protosynthesis|[silent]
|
|upkeep
|inactive|Kloakri#2 has 90 seconds left.
|
|t:|1781087233
|switch|p1a: BANDIT|Great Tusk, shiny|100/100
|-damage|p1a: BANDIT|98/100|[from] Stealth Rock
|-enditem|p1a: BANDIT|Booster Energy
|-activate|p1a: BANDIT|ability: Protosynthesis|[fromitem]
|-start|p1a: BANDIT|protosynthesisatk
|turn|8
|
|t:|1781087244
|move|p1a: BANDIT|Rapid Spin|p2a: koolguybit
|-resisted|p2a: koolguybit
|-damage|p2a: koolguybit|7/100
|-boost|p1a: BANDIT|spe|1
|-sideend|p1: Kloakri#2|Stealth Rock|[from] move: Rapid Spin|[of] p1a: BANDIT
|move|p2a: koolguybit|Iron Head|p1a: BANDIT
|-damage|p1a: BANDIT|49/100
|
|upkeep
|turn|9
|
|t:|1781087251
|move|p2a: koolguybit|Sucker Punch|p1a: BANDIT
|-resisted|p1a: BANDIT
|-damage|p1a: BANDIT|31/100
|move|p1a: BANDIT|Rapid Spin|p2a: koolguybit
|-resisted|p2a: koolguybit
|-damage|p2a: koolguybit|0 fnt
|-boost|p1a: BANDIT|spe|1
|faint|p2a: koolguybit
|-end|p2a: koolguybit|fallen3|[silent]
|
|upkeep
|
|t:|1781087254
|switch|p2a: juquinha|Azumarill, M|100/100
|-activate|p2a: juquinha|move: Sticky Web
|-unboost|p2a: juquinha|spe|1
|turn|10
|
|t:|1781087261
|-terastallize|p2a: juquinha|Grass
|move|p1a: BANDIT|Headlong Rush|p2a: juquinha
|-resisted|p2a: juquinha
|-damage|p2a: juquinha|59/100
|-unboost|p1a: BANDIT|def|1
|-unboost|p1a: BANDIT|spd|1
|move|p2a: juquinha|Belly Drum|p2a: juquinha
|-damage|p2a: juquinha|9/100
|-setboost|p2a: juquinha|atk|6|[from] move: Belly Drum
|-enditem|p2a: juquinha|Sitrus Berry|[eat]
|-heal|p2a: juquinha|34/100|[from] item: Sitrus Berry
|
|upkeep
|turn|11
|
|t:|1781087266
|move|p2a: juquinha|Aqua Jet|p1a: BANDIT
|-supereffective|p1a: BANDIT
|-crit|p1a: BANDIT
|-damage|p1a: BANDIT|0 fnt
|faint|p1a: BANDIT
|-end|p1a: BANDIT|Protosynthesis|[silent]
|
|upkeep
|j| Peter97
|
|t:|1781087270
|switch|p1a: TORE UP|Ceruledge, M, shiny|100/100
|turn|12
|
|t:|1781087273
|move|p2a: juquinha|Aqua Jet|p1a: TORE UP
|-supereffective|p1a: TORE UP
|-enditem|p1a: TORE UP|Focus Sash
|-damage|p1a: TORE UP|1/100
|-ability|p1a: TORE UP|Weak Armor|boost
|-unboost|p1a: TORE UP|def|1
|-boost|p1a: TORE UP|spe|2
|move|p1a: TORE UP|Bitter Blade|p2a: juquinha
|-supereffective|p2a: juquinha
|-damage|p2a: juquinha|0 fnt
|-heal|p1a: TORE UP|24/100|[from] drain|[of] p2a: juquinha
|faint|p2a: juquinha
|
|upkeep
|
|t:|1781087276
|switch|p2a: ninrode|Tornadus-Therian, M|100/100
|turn|13
|
|t:|1781087282
|move|p1a: TORE UP|Bitter Blade|p2a: ninrode
|-damage|p2a: ninrode|29/100
|-heal|p1a: TORE UP|61/100|[from] drain|[of] p2a: ninrode
|move|p2a: ninrode|Bleakwind Storm|p1a: TORE UP|[miss]
|-miss|p2a: ninrode|p1a: TORE UP
|
|upkeep
|turn|14
|j| kanaete onegai
|j| wuxinshushu1
|c|☆Kloakri#2|this guy has never hit in his life
|c|☆Kloakri#2|Bleakwind storm is a fake move I swear
|inactive|Kloakri#2 has 120 seconds left.
|
|t:|1781087303
|move|p1a: TORE UP|Bitter Blade|p2a: ninrode
|-damage|p2a: ninrode|0 fnt
|-heal|p1a: TORE UP|76/100|[from] drain|[of] p2a: ninrode
|faint|p2a: ninrode
|
|win|Kloakri#2
|raw|Kloakri#2's rating: 1535 &rarr; <strong>1557</strong><br />(+22 for winning)
|raw|ankoro's rating: 1574 &rarr; <strong>1552</strong><br />(-22 for losing)
|c|☆Kloakri#2|ggs
|l|☆Kloakri#2
|player|p1|
|c|☆ankoro|yeah
|c|☆ankoro|gg
|l|☆ankoro
|player|p2|
|l| Peter97
|l| wuxinshushu1
