|j|☆bsp1
|j|☆icylikedecember
|t:|1780907136
|gametype|singles
|player|p1|bsp1|169|1659
|player|p2|icylikedecember|skierf|1693
|gen|9
|tier|[Gen 9] OU
|rated|
|rule|HP Percentage Mod: HP is shown in percentages
|rule|Endless Battle Clause: Forcing endless battles is banned
|rule|Species Clause: Limit one of each Pokémon
|rule|OHKO Clause: OHKO moves are banned
|rule|Evasion Items Clause: Evasion items are banned
|rule|Evasion Moves Clause: Evasion moves are banned
|rule|Evasion Abilities Clause: Evasion abilities are banned
|rule|Sleep Moves Clause: Sleep-inducing moves are banned
|clearpoke
|poke|p1|Walking Wake|
|poke|p1|Cresselia, F|
|poke|p1|Ninetales, F|
|poke|p1|Zarude|
|poke|p1|Ceruledge, M|
|poke|p1|Great Tusk|
|poke|p2|Corviknight, F|
|poke|p2|Slowking-Galar, M|
|poke|p2|Darkrai|
|poke|p2|Kyurem|
|poke|p2|Zamazenta-*|
|poke|p2|Samurott-Hisui, F|
|teampreview
|
|t:|1780907143
|teamsize|p1|6
|teamsize|p2|6
|start
|switch|p1a: Great Tusk|Great Tusk|100/100
|switch|p2a: Slowking|Slowking-Galar, M, shiny|100/100
|turn|1
|
|t:|1780907156
|move|p1a: Great Tusk|Headlong Rush|p2a: Slowking
|-supereffective|p2a: Slowking
|-damage|p2a: Slowking|0 fnt
|-unboost|p1a: Great Tusk|def|1
|-unboost|p1a: Great Tusk|spd|1
|faint|p2a: Slowking
|
|upkeep
|
|t:|1780907162
|switch|p2a: Kyurem|Kyurem|100/100
|-ability|p2a: Kyurem|Pressure
|turn|2
|
|t:|1780907168
|-end|p1a: Great Tusk|Protosynthesis|[silent]
|switch|p1a: Cresselia|Cresselia, F|100/100
|move|p2a: Kyurem|Ice Beam|p1a: Cresselia
|-damage|p1a: Cresselia|59/100
|-enditem|p1a: Cresselia|Eject Button
|
|t:|1780907175
|switch|p1a: Walking Wake|Walking Wake|100/100
|
|upkeep
|turn|3
|
|t:|1780907182
|switch|p2a: Corviknight|Corviknight, F, shiny|100/100
|-ability|p2a: Corviknight|Pressure
|move|p1a: Walking Wake|Draco Meteor|p2a: Corviknight
|-resisted|p2a: Corviknight
|-damage|p2a: Corviknight|66/100
|-unboost|p1a: Walking Wake|spa|2
|
|upkeep
|turn|4
|
|t:|1780907187
|-end|p1a: Walking Wake|Protosynthesis|[silent]
|switch|p1a: Ninetales|Ninetales, F|100/100
|-weather|SunnyDay|[from] ability: Drought|[of] p1a: Ninetales
|move|p2a: Corviknight|U-turn|p1a: Ninetales
|-resisted|p1a: Ninetales
|-damage|p1a: Ninetales|91/100
|
|t:|1780907194
|switch|p2a: Kyurem|Kyurem|100/100|[from] U-turn
|-ability|p2a: Kyurem|Pressure
|
|-weather|SunnyDay|[upkeep]
|upkeep
|turn|5
|
|t:|1780907201
|switch|p1a: Cresselia|Cresselia, F|59/100
|move|p2a: Kyurem|Ice Beam|p1a: Cresselia
|-damage|p1a: Cresselia|20/100
|
|-weather|SunnyDay|[upkeep]
|upkeep
|turn|6
|
|t:|1780907209
|move|p2a: Kyurem|Ice Beam|p1a: Cresselia
|-damage|p1a: Cresselia|0 fnt
|faint|p1a: Cresselia
|
|-weather|SunnyDay|[upkeep]
|upkeep
|
|t:|1780907217
|switch|p1a: Ceruledge|Ceruledge, M|100/100
|turn|7
|
|t:|1780907226
|move|p2a: Kyurem|Ice Beam|p1a: Ceruledge
|-resisted|p1a: Ceruledge
|-damage|p1a: Ceruledge|58/100
|move|p1a: Ceruledge|Bitter Blade|p2a: Kyurem
|-damage|p2a: Kyurem|34/100
|-heal|p1a: Ceruledge|100/100|[from] drain|[of] p2a: Kyurem
|
|-weather|SunnyDay|[upkeep]
|upkeep
|turn|8
|
|t:|1780907232
|move|p2a: Kyurem|Ice Beam|p1a: Ceruledge
|-resisted|p1a: Ceruledge
|-damage|p1a: Ceruledge|59/100
|move|p1a: Ceruledge|Close Combat|p2a: Kyurem
|-supereffective|p2a: Kyurem
|-damage|p2a: Kyurem|0 fnt
|-unboost|p1a: Ceruledge|def|1
|-unboost|p1a: Ceruledge|spd|1
|faint|p2a: Kyurem
|
|-weather|SunnyDay|[upkeep]
|upkeep
|
|t:|1780907239
|switch|p2a: Darkrai|Darkrai|100/100
|turn|9
|
|t:|1780907257
|switch|p1a: Zarude|Zarude|100/100
|move|p2a: Darkrai|Dark Pulse|p1a: Zarude
|-resisted|p1a: Zarude
|-damage|p1a: Zarude|81/100
|
|-weather|SunnyDay|[upkeep]
|-heal|p1a: Zarude|87/100|[from] item: Leftovers
|upkeep
|turn|10
|
|t:|1780907264
|-terastallize|p2a: Darkrai|Poison
|move|p2a: Darkrai|Sludge Bomb|p1a: Zarude
|-supereffective|p1a: Zarude
|-damage|p1a: Zarude|0 fnt
|faint|p1a: Zarude
|
|-weather|SunnyDay|[upkeep]
|upkeep
|
|t:|1780907274
|switch|p1a: Walking Wake|Walking Wake|100/100
|-activate|p1a: Walking Wake|ability: Protosynthesis
|-start|p1a: Walking Wake|protosynthesisspe
|turn|11
|
|t:|1780907278
|switch|p2a: Corviknight|Corviknight, F, shiny|66/100
|-ability|p2a: Corviknight|Pressure
|move|p1a: Walking Wake|Hydro Steam|p2a: Corviknight
|-damage|p2a: Corviknight|7/100
|
|-weather|none
|-end|p1a: Walking Wake|Protosynthesis
|upkeep
|turn|12
|
|t:|1780907284
|move|p1a: Walking Wake|Hydro Steam|p2a: Corviknight
|-damage|p2a: Corviknight|0 fnt
|faint|p2a: Corviknight
|
|upkeep
|
|t:|1780907287
|switch|p2a: Darkrai|Darkrai, tera:Poison|100/100
|turn|13
|
|t:|1780907293
|-end|p1a: Walking Wake|Protosynthesis|[silent]
|switch|p1a: Ninetales|Ninetales, F|91/100
|-weather|SunnyDay|[from] ability: Drought|[of] p1a: Ninetales
|move|p2a: Darkrai|Sludge Bomb|p1a: Ninetales
|-damage|p1a: Ninetales|42/100
|-status|p1a: Ninetales|psn
|
|-weather|SunnyDay|[upkeep]
|-damage|p1a: Ninetales|30/100 psn|[from] psn
|upkeep
|turn|14
|
|t:|1780907309
|move|p2a: Darkrai|Dark Pulse|p1a: Ninetales
|-crit|p1a: Ninetales
|-damage|p1a: Ninetales|0 fnt
|faint|p1a: Ninetales
|
|-weather|SunnyDay|[upkeep]
|upkeep
|
|t:|1780907320
|switch|p1a: Great Tusk|Great Tusk|100/100
|-activate|p1a: Great Tusk|ability: Protosynthesis
|-start|p1a: Great Tusk|protosynthesisatk
|turn|15
|
|t:|1780907331
|move|p2a: Darkrai|Ice Beam|p1a: Great Tusk
|-supereffective|p1a: Great Tusk
|-damage|p1a: Great Tusk|23/100
|move|p1a: Great Tusk|Headlong Rush|p2a: Darkrai
|-supereffective|p2a: Darkrai
|-damage|p2a: Darkrai|0 fnt
|-unboost|p1a: Great Tusk|def|1
|-unboost|p1a: Great Tusk|spd|1
|faint|p2a: Darkrai
|
|-weather|SunnyDay|[upkeep]
|upkeep
|
|t:|1780907348
|switch|p2a: Samurott|Samurott-Hisui, F|100/100
|turn|16
|
|t:|1780907357
|move|p2a: Samurott|Ceaseless Edge|p1a: Great Tusk
|-resisted|p1a: Great Tusk
|-damage|p1a: Great Tusk|0 fnt
|-sidestart|p1: bsp1|Spikes
|faint|p1a: Great Tusk
|-end|p1a: Great Tusk|Protosynthesis|[silent]
|
|-weather|SunnyDay|[upkeep]
|upkeep
|
|t:|1780907362
|switch|p1a: Ceruledge|Ceruledge, M|59/100
|-damage|p1a: Ceruledge|47/100|[from] Spikes
|turn|17
|
|t:|1780907384
|-terastallize|p1a: Ceruledge|Fairy
|move|p2a: Samurott|Ceaseless Edge|p1a: Ceruledge
|-resisted|p1a: Ceruledge
|-damage|p1a: Ceruledge|18/100
|-ability|p1a: Ceruledge|Weak Armor|boost
|-unboost|p1a: Ceruledge|def|1
|-boost|p1a: Ceruledge|spe|2
|-sidestart|p1: bsp1|Spikes
|move|p1a: Ceruledge|Swords Dance|p1a: Ceruledge
|-boost|p1a: Ceruledge|atk|2
|
|-weather|SunnyDay|[upkeep]
|upkeep
|turn|18
|
|t:|1780907395
|move|p1a: Ceruledge|Close Combat|p2a: Samurott
|-supereffective|p2a: Samurott
|-damage|p2a: Samurott|0 fnt
|-unboost|p1a: Ceruledge|def|1
|-unboost|p1a: Ceruledge|spd|1
|faint|p2a: Samurott
|
|-weather|SunnyDay|[upkeep]
|upkeep
|j| kishuu10
|
|t:|1780907398
|switch|p2a: Zamazenta|Zamazenta|100/100
|-ability|p2a: Zamazenta|Dauntless Shield|boost
|-boost|p2a: Zamazenta|def|1
|turn|19
|
|t:|1780907404
|move|p1a: Ceruledge|Bitter Blade|p2a: Zamazenta
|-damage|p2a: Zamazenta|31/100
|-heal|p1a: Ceruledge|64/100|[from] drain|[of] p2a: Zamazenta
|move|p2a: Zamazenta|Iron Defense|p2a: Zamazenta
|-boost|p2a: Zamazenta|def|2
|
|-weather|SunnyDay|[upkeep]
|-heal|p2a: Zamazenta|38/100|[from] item: Leftovers
|upkeep
|turn|20
|
|t:|1780907411
|move|p1a: Ceruledge|Bitter Blade|p2a: Zamazenta
|-damage|p2a: Zamazenta|0 fnt
|-heal|p1a: Ceruledge|88/100|[from] drain|[of] p2a: Zamazenta
|faint|p2a: Zamazenta
|
|win|bsp1
|raw|bsp1's rating: 1659 &rarr; <strong>1681</strong><br />(+22 for winning)
|raw|icylikedecember's rating: 1693 &rarr; <strong>1671</strong><br />(-22 for losing)
|l|☆icylikedecember
|player|p2|
|l|☆bsp1
|player|p1|
