|j|☆arataomega1
|j|☆sihengthegreat
|t:|1781295973
|gametype|singles
|player|p1|arataomega1|marnie-masters3|1607
|player|p2|sihengthegreat|hooligans|1601
|gen|9
|tier|[Gen 9] OU
|rated|
|rule|HP Percentage Mod: HP is shown in percentages
|rule|Endless Battle Clause: Forcing endless battles is banned
|rule|Species Clause: Limit one of each Pokémon
|rule|OHKO Clause: OHKO moves are banned
|rule|Evasion Items Clause: Evasion items are banned
|rule|Evasion Moves Clause: Evasion moves are banned
|rule|Evasion Abilities Clause: Evasion abilities are banned
|rule|Sleep Moves Clause: Sleep-inducing moves are banned
|clearpoke
|poke|p1|Volcanion|
|poke|p1|Weezing-Galar, F|
|poke|p1|Reuniclus, F|
|poke|p1|Registeel|
|poke|p1|Krookodile, M|
|poke|p1|Zapdos-Galar|
|poke|p2|Tornadus-Therian, M|
|poke|p2|Regieleki|
|poke|p2|Samurott-Hisui, F|
|poke|p2|Moltres|
|poke|p2|Ting-Lu|
|poke|p2|Slowking-Galar, M|
|teampreview
|
|t:|1781295991
|teamsize|p1|6
|teamsize|p2|6
|start
|switch|p1a: Cesar zepeli|Reuniclus, F, shiny|100/100
|switch|p2a: Moltres|Moltres|100/100
|turn|1
|
|t:|1781295996
|move|p2a: Moltres|U-turn|p1a: Cesar zepeli
|-supereffective|p1a: Cesar zepeli
|-damage|p1a: Cesar zepeli|69/100
|
|t:|1781296000
|switch|p2a: Samurott|Samurott-Hisui, F|100/100|[from] U-turn
|move|p1a: Cesar zepeli|Knock Off|p2a: Samurott
|-resisted|p2a: Samurott
|-damage|p2a: Samurott|91/100
|-enditem|p2a: Samurott|Heavy-Duty Boots|[from] move: Knock Off|[of] p1a: Cesar zepeli
|
|upkeep
|turn|2
|
|t:|1781296010
|switch|p1a: Lord smogon|Weezing-Galar, F, shiny|100/100
|move|p2a: Samurott|Ceaseless Edge|p1a: Lord smogon|[miss]
|-miss|p2a: Samurott|p1a: Lord smogon
|
|upkeep
|turn|3
|
|t:|1781296018
|switch|p2a: Moltres|Moltres|100/100
|move|p1a: Lord smogon|Strange Steam|p2a: Moltres
|-resisted|p2a: Moltres
|-damage|p2a: Moltres|87/100
|
|upkeep
|turn|4
|
|t:|1781296025
|switch|p1a: El Stromboli|Volcanion|100/100
|move|p2a: Moltres|Flamethrower|p1a: El Stromboli
|-resisted|p1a: El Stromboli
|-damage|p1a: El Stromboli|88/100
|
|upkeep
|turn|5
|
|t:|1781296031
|switch|p2a: Slowking|Slowking-Galar, M|100/100
|move|p1a: El Stromboli|Steam Eruption|p2a: Slowking
|-damage|p2a: Slowking|65/100
|
|upkeep
|turn|6
|
|t:|1781296038
|move|p1a: El Stromboli|Taunt|p2a: Slowking
|-start|p2a: Slowking|move: Taunt
|move|p2a: Slowking|Psychic Noise|p1a: El Stromboli
|-damage|p1a: El Stromboli|41/100
|-start|p1a: El Stromboli|move: Heal Block
|
|upkeep
|turn|7
|
|t:|1781296046
|switch|p1a: Lord smogon|Weezing-Galar, F, shiny|100/100
|move|p2a: Slowking|Sludge Bomb|p1a: Lord smogon
|-damage|p1a: Lord smogon|36/100
|
|-heal|p1a: Lord smogon|42/100|[from] item: Leftovers
|upkeep
|turn|8
|
|t:|1781296053
|switch|p1a: Cesar zepeli|Reuniclus, F, shiny|100/100
|move|p2a: Slowking|Sludge Bomb|p1a: Cesar zepeli
|-damage|p1a: Cesar zepeli|77/100
|-status|p1a: Cesar zepeli|psn
|
|-damage|p1a: Cesar zepeli|65/100 psn|[from] psn
|-end|p2a: Slowking|move: Taunt
|upkeep
|turn|9
|
|t:|1781296075
|move|p1a: Cesar zepeli|Knock Off|p2a: Slowking
|-supereffective|p2a: Slowking
|-damage|p2a: Slowking|36/100
|-enditem|p2a: Slowking|Assault Vest|[from] move: Knock Off|[of] p1a: Cesar zepeli
|move|p2a: Slowking|Sludge Bomb|p1a: Cesar zepeli
|-damage|p1a: Cesar zepeli|42/100 psn
|
|-damage|p1a: Cesar zepeli|30/100 psn|[from] psn
|upkeep
|turn|10
|
|t:|1781296084
|move|p1a: Cesar zepeli|Psychic Noise|p2a: Slowking
|-damage|p2a: Slowking|10/100
|-start|p2a: Slowking|move: Heal Block
|move|p2a: Slowking|Sludge Bomb|p1a: Cesar zepeli
|-damage|p1a: Cesar zepeli|7/100 psn
|
|-damage|p1a: Cesar zepeli|0 fnt|[from] psn
|faint|p1a: Cesar zepeli
|upkeep
|
|t:|1781296094
|switch|p1a: EL sarcosucus|Krookodile, M, shiny|100/100
|turn|11
|
|t:|1781296105
|switch|p2a: Moltres|Moltres|87/100
|move|p1a: EL sarcosucus|Knock Off|p2a: Moltres
|-damage|p2a: Moltres|42/100
|-enditem|p2a: Moltres|Heavy-Duty Boots|[from] move: Knock Off|[of] p1a: EL sarcosucus
|
|upkeep
|turn|12
|
|t:|1781296111
|switch|p1a: El Stromboli|Volcanion|41/100
|move|p2a: Moltres|Roost|p2a: Moltres
|-heal|p2a: Moltres|92/100
|-singleturn|p2a: Moltres|move: Roost
|
|upkeep
|turn|13
|
|t:|1781296119
|switch|p2a: Samurott|Samurott-Hisui, F|91/100
|move|p1a: El Stromboli|Steam Eruption|p2a: Samurott
|-resisted|p2a: Samurott
|-damage|p2a: Samurott|43/100
|
|upkeep
|turn|14
|
|t:|1781296131
|switch|p1a: Lord smogon|Weezing-Galar, F, shiny|42/100
|move|p2a: Samurott|Ceaseless Edge|p1a: Lord smogon
|-resisted|p1a: Lord smogon
|-damage|p1a: Lord smogon|27/100
|-sidestart|p1: arataomega1|Spikes
|
|-heal|p1a: Lord smogon|33/100|[from] item: Leftovers
|upkeep
|turn|15
|
|t:|1781296145
|move|p2a: Samurott|Razor Shell|p1a: Lord smogon
|-damage|p1a: Lord smogon|0 fnt
|faint|p1a: Lord smogon
|
|upkeep
|
|t:|1781296149
|switch|p1a: KFC chicken|Zapdos-Galar|100/100
|turn|16
|
|t:|1781296157
|switch|p2a: Moltres|Moltres|92/100
|move|p1a: KFC chicken|U-turn|p2a: Moltres
|-resisted|p2a: Moltres
|-damage|p2a: Moltres|88/100
|-status|p1a: KFC chicken|brn|[from] ability: Flame Body|[of] p2a: Moltres
|
|t:|1781296163
|switch|p1a: El Stromboli|Volcanion|41/100|[from] U-turn
|
|upkeep
|turn|17
|
|t:|1781296168
|switch|p2a: Samurott|Samurott-Hisui, F|43/100
|move|p1a: El Stromboli|Steam Eruption|p2a: Samurott
|-resisted|p2a: Samurott
|-damage|p2a: Samurott|0 fnt
|faint|p2a: Samurott
|
|upkeep
|
|t:|1781296173
|switch|p2a: Slowking|Slowking-Galar, M|44/100
|turn|18
|
|t:|1781296178
|-terastallize|p1a: El Stromboli|Ground
|move|p1a: El Stromboli|Earth Power|p2a: Slowking
|-supereffective|p2a: Slowking
|-damage|p2a: Slowking|0 fnt
|faint|p2a: Slowking
|
|upkeep
|
|t:|1781296184
|switch|p2a: Tornadus|Tornadus-Therian, M|100/100
|turn|19
|
|t:|1781296188
|switch|p1a: Big daddy|Registeel, shiny|100/100
|-damage|p1a: Big daddy|88/100|[from] Spikes
|move|p2a: Tornadus|Bleakwind Storm|p1a: Big daddy
|-resisted|p1a: Big daddy
|-damage|p1a: Big daddy|77/100
|
|-heal|p1a: Big daddy|83/100|[from] item: Leftovers
|upkeep
|turn|20
|
|t:|1781296196
|move|p2a: Tornadus|Taunt|p1a: Big daddy
|-start|p1a: Big daddy|move: Taunt
|cant|p1a: Big daddy|move: Taunt|Stealth Rock
|
|-heal|p1a: Big daddy|89/100|[from] item: Leftovers
|upkeep
|turn|21
|
|t:|1781296205
|move|p2a: Tornadus|Knock Off|p1a: Big daddy
|-damage|p1a: Big daddy|76/100
|-enditem|p1a: Big daddy|Leftovers|[from] move: Knock Off|[of] p2a: Tornadus
|move|p1a: Big daddy|Heavy Slam|p2a: Tornadus
|-damage|p2a: Tornadus|76/100
|
|upkeep
|turn|22
|
|t:|1781296212
|move|p2a: Tornadus|U-turn|p1a: Big daddy
|-resisted|p1a: Big daddy
|-damage|p1a: Big daddy|72/100
|
|t:|1781296215
|switch|p2a: Moltres|Moltres|88/100|[from] U-turn
|move|p1a: Big daddy|Heavy Slam|p2a: Moltres
|-resisted|p2a: Moltres
|-crit|p2a: Moltres
|-damage|p2a: Moltres|78/100
|
|-end|p1a: Big daddy|move: Taunt
|upkeep
|turn|23
|
|t:|1781296229
|switch|p1a: KFC chicken|Zapdos-Galar|100/100 brn
|move|p2a: Moltres|Flamethrower|p1a: KFC chicken
|-crit|p1a: KFC chicken
|-damage|p1a: KFC chicken|32/100 brn
|
|-damage|p1a: KFC chicken|26/100 brn|[from] brn
|upkeep
|turn|24
|
|t:|1781296241
|move|p1a: KFC chicken|Knock Off|p2a: Moltres
|-damage|p2a: Moltres|70/100
|move|p2a: Moltres|Roost|p2a: Moltres
|-heal|p2a: Moltres|100/100
|-singleturn|p2a: Moltres|move: Roost
|
|-damage|p1a: KFC chicken|20/100 brn|[from] brn
|upkeep
|turn|25
|
|t:|1781296249
|move|p1a: KFC chicken|Knock Off|p2a: Moltres
|-damage|p2a: Moltres|93/100
|move|p2a: Moltres|Flamethrower|p1a: KFC chicken
|-damage|p1a: KFC chicken|0 fnt
|faint|p1a: KFC chicken
|
|upkeep
|
|t:|1781296256
|switch|p1a: El Stromboli|Volcanion, tera:Ground|41/100
|turn|26
|
|t:|1781296261
|switch|p2a: Tornadus|Tornadus-Therian, M|100/100
|move|p1a: El Stromboli|Steam Eruption|p2a: Tornadus
|-damage|p2a: Tornadus|37/100
|
|upkeep
|turn|27
|
|t:|1781296270
|switch|p1a: Big daddy|Registeel, shiny|72/100
|-damage|p1a: Big daddy|59/100|[from] Spikes
|move|p2a: Tornadus|Bleakwind Storm|p1a: Big daddy|[miss]
|-miss|p2a: Tornadus|p1a: Big daddy
|
|upkeep
|turn|28
|
|t:|1781296282
|move|p2a: Tornadus|Taunt|p1a: Big daddy
|-start|p1a: Big daddy|move: Taunt
|move|p1a: Big daddy|Heavy Slam|p2a: Tornadus
|-crit|p2a: Tornadus
|-damage|p2a: Tornadus|5/100
|
|upkeep
|turn|29
|
|t:|1781296289
|move|p2a: Tornadus|U-turn|p1a: Big daddy
|-resisted|p1a: Big daddy
|-damage|p1a: Big daddy|54/100
|
|t:|1781296293
|switch|p2a: Moltres|Moltres|93/100|[from] U-turn
|move|p1a: Big daddy|Heavy Slam|p2a: Moltres
|-resisted|p2a: Moltres
|-damage|p2a: Moltres|86/100
|
|upkeep
|turn|30
|
|t:|1781296303
|switch|p1a: EL sarcosucus|Krookodile, M, shiny|100/100
|-damage|p1a: EL sarcosucus|88/100|[from] Spikes
|move|p2a: Moltres|Flamethrower|p1a: EL sarcosucus
|-damage|p1a: EL sarcosucus|36/100
|
|upkeep
|turn|31
|
|t:|1781296310
|move|p1a: EL sarcosucus|Stone Edge|p2a: Moltres
|-supereffective|p2a: Moltres
|-damage|p2a: Moltres|0 fnt
|faint|p2a: Moltres
|-ability|p1a: EL sarcosucus|Moxie|boost
|-boost|p1a: EL sarcosucus|atk|1
|
|upkeep
|
|t:|1781296318
|switch|p2a: Tornadus|Tornadus-Therian, M|39/100
|turn|32
|
|t:|1781296323
|move|p2a: Tornadus|Bleakwind Storm|p1a: EL sarcosucus|[miss]
|-miss|p2a: Tornadus|p1a: EL sarcosucus
|move|p1a: EL sarcosucus|Stone Edge|p2a: Tornadus
|-supereffective|p2a: Tornadus
|-damage|p2a: Tornadus|0 fnt
|faint|p2a: Tornadus
|-ability|p1a: EL sarcosucus|Moxie|boost
|-boost|p1a: EL sarcosucus|atk|1
|
|upkeep
|
|t:|1781296328
|switch|p2a: Ting-Lu|Ting-Lu|100/100
|-ability|p2a: Ting-Lu|Vessel of Ruin
|turn|33
|
|t:|1781296334
|move|p1a: EL sarcosucus|Stone Edge|p2a: Ting-Lu
|-resisted|p2a: Ting-Lu
|-damage|p2a: Ting-Lu|79/100
|move|p2a: Ting-Lu|Earthquake|p1a: EL sarcosucus
|-damage|p1a: EL sarcosucus|0 fnt
|faint|p1a: EL sarcosucus
|
|-heal|p2a: Ting-Lu|85/100|[from] item: Leftovers
|upkeep
|
|t:|1781296341
|switch|p1a: Big daddy|Registeel, shiny|54/100
|-damage|p1a: Big daddy|42/100|[from] Spikes
|turn|34
|
|t:|1781296348
|move|p1a: Big daddy|Body Press|p2a: Ting-Lu
|-supereffective|p2a: Ting-Lu
|-damage|p2a: Ting-Lu|65/100
|move|p2a: Ting-Lu|Earthquake|p1a: Big daddy
|-supereffective|p1a: Big daddy
|-damage|p1a: Big daddy|0 fnt
|faint|p1a: Big daddy
|
|-heal|p2a: Ting-Lu|71/100|[from] item: Leftovers
|upkeep
|
|t:|1781296356
|switch|p1a: El Stromboli|Volcanion, tera:Ground|41/100
|turn|35
|
|t:|1781296359
|-terastallize|p2a: Ting-Lu|Ghost
|move|p1a: El Stromboli|Steam Eruption|p2a: Ting-Lu
|-damage|p2a: Ting-Lu|30/100
|move|p2a: Ting-Lu|Earthquake|p1a: El Stromboli
|-damage|p1a: El Stromboli|3/100
|
|-heal|p2a: Ting-Lu|36/100|[from] item: Leftovers
|upkeep
|turn|36
|
|t:|1781296369
|move|p1a: El Stromboli|Earth Power|p2a: Ting-Lu
|-damage|p2a: Ting-Lu|7/100
|move|p2a: Ting-Lu|Earthquake|p1a: El Stromboli
|-damage|p1a: El Stromboli|0 fnt
|faint|p1a: El Stromboli
|
|win|sihengthegreat
|raw|arataomega1's rating: 1607 &rarr; <strong>1587</strong><br />(-20 for losing)
|raw|sihengthegreat's rating: 1601 &rarr; <strong>1621</strong><br />(+20 for winning)
|l|☆arataomega1
|player|p1|
|l|☆sihengthegreat
|player|p2|
|j|☆sihengthegreat
|player|p2|sihengthegreat|hooligans|
|l|☆sihengthegreat
|player|p2|
