|j|☆KurisuChestnutLab
|j|☆billythekid95
|t:|1781175121
|gametype|singles
|player|p1|KurisuChestnutLab|may-contest|1518
|player|p2|billythekid95|265|1571
|gen|9
|tier|[Gen 9] OU
|rated|
|rule|HP Percentage Mod: HP is shown in percentages
|rule|Endless Battle Clause: Forcing endless battles is banned
|rule|Species Clause: Limit one of each Pokémon
|rule|OHKO Clause: OHKO moves are banned
|rule|Evasion Items Clause: Evasion items are banned
|rule|Evasion Moves Clause: Evasion moves are banned
|rule|Evasion Abilities Clause: Evasion abilities are banned
|rule|Sleep Moves Clause: Sleep-inducing moves are banned
|clearpoke
|poke|p1|Zamazenta-*|
|poke|p1|Zapdos|
|poke|p1|Garganacl, M|
|poke|p1|Clefable, M|
|poke|p1|Samurott-Hisui, M|
|poke|p1|Gholdengo|
|poke|p2|Walking Wake|
|poke|p2|Ribombee, F|
|poke|p2|Gholdengo|
|poke|p2|Torkoal, M|
|poke|p2|Great Tusk|
|poke|p2|Ceruledge, M|
|teampreview
|
|t:|1781175127
|teamsize|p1|6
|teamsize|p2|6
|start
|switch|p1a: Garganacl|Garganacl, M|100/100
|switch|p2a: Ribombee|Ribombee, F|100/100
|turn|1
|inactive|Battle timer is ON: inactive players will automatically lose when time's up. (requested by KurisuChestnutLab)
|
|t:|1781175132
|move|p2a: Ribombee|Sticky Web|p1a: Garganacl
|-sidestart|p1: KurisuChestnutLab|move: Sticky Web
|move|p1a: Garganacl|Salt Cure|p2a: Ribombee
|-supereffective|p2a: Ribombee
|-damage|p2a: Ribombee|45/100
|
|upkeep
|turn|2
|
|t:|1781175139
|move|p2a: Ribombee|Skill Swap|p1a: Garganacl
|-activate|p2a: Ribombee|Skill Swap|Purifying Salt|Shield Dust|[of] p1a: Garganacl
|move|p1a: Garganacl|Salt Cure|p2a: Ribombee
|-supereffective|p2a: Ribombee
|-damage|p2a: Ribombee|0 fnt
|faint|p2a: Ribombee
|
|upkeep
|
|t:|1781175153
|switch|p2a: Torkoal|Torkoal, M|100/100
|-weather|SunnyDay|[from] ability: Drought|[of] p2a: Torkoal
|turn|3
|
|t:|1781175157
|move|p1a: Garganacl|Salt Cure|p2a: Torkoal
|-supereffective|p2a: Torkoal
|-damage|p2a: Torkoal|79/100
|-start|p2a: Torkoal|Salt Cure
|move|p2a: Torkoal|Stealth Rock|p1a: Garganacl
|-sidestart|p1: KurisuChestnutLab|move: Stealth Rock
|
|-weather|SunnyDay|[upkeep]
|-damage|p2a: Torkoal|67/100|[from] Salt Cure
|upkeep
|turn|4
|
|t:|1781175164
|switch|p2a: Great Tusk|Great Tusk|100/100
|-activate|p2a: Great Tusk|ability: Protosynthesis
|-start|p2a: Great Tusk|protosynthesisatk
|move|p1a: Garganacl|Salt Cure|p2a: Great Tusk
|-resisted|p2a: Great Tusk
|-damage|p2a: Great Tusk|98/100
|-start|p2a: Great Tusk|Salt Cure
|
|-weather|SunnyDay|[upkeep]
|-damage|p2a: Great Tusk|86/100|[from] Salt Cure
|upkeep
|turn|5
|
|t:|1781175173
|move|p2a: Great Tusk|Knock Off|p1a: Garganacl
|-damage|p1a: Garganacl|74/100
|-enditem|p1a: Garganacl|Leftovers|[from] move: Knock Off|[of] p2a: Great Tusk
|move|p1a: Garganacl|Stealth Rock|p2a: Great Tusk
|-sidestart|p2: billythekid95|move: Stealth Rock
|
|-weather|SunnyDay|[upkeep]
|-damage|p2a: Great Tusk|74/100|[from] Salt Cure
|upkeep
|turn|6
|
|t:|1781175181
|-terastallize|p1a: Garganacl|Water
|move|p2a: Great Tusk|Rapid Spin|p1a: Garganacl
|-damage|p1a: Garganacl|61/100
|-boost|p2a: Great Tusk|spe|1
|-sideend|p2: billythekid95|Stealth Rock|[from] move: Rapid Spin|[of] p2a: Great Tusk
|move|p1a: Garganacl|Recover|p1a: Garganacl
|-heal|p1a: Garganacl|100/100
|
|-weather|SunnyDay|[upkeep]
|-damage|p2a: Great Tusk|62/100|[from] Salt Cure
|upkeep
|turn|7
|
|t:|1781175190
|-end|p2a: Great Tusk|Protosynthesis|[silent]
|switch|p2a: Gholdengo|Gholdengo|100/100
|move|p1a: Garganacl|Stealth Rock|p2a: Gholdengo
|-sidestart|p2: billythekid95|move: Stealth Rock
|
|-weather|SunnyDay|[upkeep]
|upkeep
|turn|8
|
|t:|1781175195
|move|p2a: Gholdengo|Trick|p1a: Garganacl
|-activate|p2a: Gholdengo|move: Trick|[of] p1a: Garganacl
|-item|p1a: Garganacl|Choice Scarf|[from] move: Trick
|-enditem|p2a: Gholdengo|Choice Scarf|[silent]|[from] move: Trick
|move|p1a: Garganacl|Salt Cure|p2a: Gholdengo
|-resisted|p2a: Gholdengo
|-damage|p2a: Gholdengo|92/100
|-start|p2a: Gholdengo|Salt Cure
|
|-weather|SunnyDay|[upkeep]
|-damage|p2a: Gholdengo|67/100|[from] Salt Cure
|upkeep
|turn|9
|
|t:|1781175205
|move|p2a: Gholdengo|Shadow Ball|p1a: Garganacl
|-damage|p1a: Garganacl|74/100
|move|p1a: Garganacl|Salt Cure|p2a: Gholdengo
|-resisted|p2a: Gholdengo
|-damage|p2a: Gholdengo|59/100
|
|-weather|SunnyDay|[upkeep]
|-damage|p2a: Gholdengo|34/100|[from] Salt Cure
|upkeep
|turn|10
|
|t:|1781175214
|switch|p1a: Zapdos|Zapdos|100/100
|move|p2a: Gholdengo|Recover|p2a: Gholdengo
|-heal|p2a: Gholdengo|84/100
|
|-weather|none
|-damage|p2a: Gholdengo|60/100|[from] Salt Cure
|upkeep
|turn|11
|
|t:|1781175221
|switch|p2a: Great Tusk|Great Tusk|62/100
|-damage|p2a: Great Tusk|59/100|[from] Stealth Rock
|move|p1a: Zapdos|Hurricane|p2a: Great Tusk
|-supereffective|p2a: Great Tusk
|-damage|p2a: Great Tusk|11/100
|
|upkeep
|turn|12
|
|t:|1781175229
|move|p1a: Zapdos|Hurricane|p2a: Great Tusk
|-supereffective|p2a: Great Tusk
|-damage|p2a: Great Tusk|0 fnt
|faint|p2a: Great Tusk
|-end|p2a: Great Tusk|Protosynthesis|[silent]
|
|upkeep
|
|t:|1781175238
|switch|p2a: Torkoal|Torkoal, M|67/100
|-damage|p2a: Torkoal|42/100|[from] Stealth Rock
|-weather|SunnyDay|[from] ability: Drought|[of] p2a: Torkoal
|turn|13
|
|t:|1781175244
|move|p1a: Zapdos|Volt Switch|p2a: Torkoal
|-damage|p2a: Torkoal|17/100
|
|t:|1781175249
|switch|p1a: Garganacl|Garganacl, M, tera:Water|74/100|[from] Volt Switch
|-activate|p1a: Garganacl|move: Sticky Web
|-unboost|p1a: Garganacl|spe|1
|-damage|p1a: Garganacl|61/100|[from] Stealth Rock
|move|p2a: Torkoal|Rapid Spin|p1a: Garganacl
|-damage|p1a: Garganacl|54/100
|-boost|p2a: Torkoal|spe|1
|-sideend|p2: billythekid95|Stealth Rock|[from] move: Rapid Spin|[of] p2a: Torkoal
|
|-weather|SunnyDay|[upkeep]
|upkeep
|turn|14
|
|t:|1781175259
|move|p2a: Torkoal|Lava Plume|p1a: Garganacl
|-resisted|p1a: Garganacl
|-damage|p1a: Garganacl|43/100
|move|p1a: Garganacl|Recover|p1a: Garganacl
|-heal|p1a: Garganacl|93/100
|
|-weather|SunnyDay|[upkeep]
|upkeep
|turn|15
|
|t:|1781175267
|switch|p2a: Walking Wake|Walking Wake|100/100
|-activate|p2a: Walking Wake|ability: Protosynthesis
|-start|p2a: Walking Wake|protosynthesisspa
|switch|p1a: Samurott|Samurott-Hisui, M|100/100
|-activate|p1a: Samurott|move: Sticky Web
|-unboost|p1a: Samurott|spe|1
|-damage|p1a: Samurott|88/100|[from] Stealth Rock
|
|-weather|SunnyDay|[upkeep]
|upkeep
|turn|16
|
|t:|1781175278
|move|p1a: Samurott|Sucker Punch|p2a: Walking Wake
|-damage|p2a: Walking Wake|67/100
|move|p2a: Walking Wake|Hydro Steam|p1a: Samurott
|-resisted|p1a: Samurott
|-damage|p1a: Samurott|0 fnt
|faint|p1a: Samurott
|
|-weather|SunnyDay|[upkeep]
|upkeep
|
|t:|1781175283
|switch|p1a: Garganacl|Garganacl, M, tera:Water|93/100
|-activate|p1a: Garganacl|move: Sticky Web
|-unboost|p1a: Garganacl|spe|1
|-damage|p1a: Garganacl|81/100|[from] Stealth Rock
|turn|17
|
|t:|1781175290
|move|p2a: Walking Wake|Hydro Steam|p1a: Garganacl
|-resisted|p1a: Garganacl
|-damage|p1a: Garganacl|39/100
|move|p1a: Garganacl|Recover|p1a: Garganacl
|-heal|p1a: Garganacl|89/100
|
|-weather|SunnyDay|[upkeep]
|upkeep
|turn|18
|
|t:|1781175297
|move|p2a: Walking Wake|Hydro Steam|p1a: Garganacl
|-resisted|p1a: Garganacl
|-damage|p1a: Garganacl|47/100
|move|p1a: Garganacl|Recover|p1a: Garganacl
|-heal|p1a: Garganacl|97/100
|
|-weather|SunnyDay|[upkeep]
|upkeep
|turn|19
|
|t:|1781175305
|move|p2a: Walking Wake|Hydro Steam|p1a: Garganacl
|-resisted|p1a: Garganacl
|-damage|p1a: Garganacl|51/100
|move|p1a: Garganacl|Recover|p1a: Garganacl
|-heal|p1a: Garganacl|100/100
|
|-weather|SunnyDay|[upkeep]
|upkeep
|turn|20
|
|t:|1781175312
|switch|p1a: Gholdengo|Gholdengo|100/100
|-activate|p1a: Gholdengo|move: Sticky Web
|-unboost|p1a: Gholdengo|spe|1
|-damage|p1a: Gholdengo|94/100|[from] Stealth Rock
|move|p2a: Walking Wake|Hydro Steam|p1a: Gholdengo
|-damage|p1a: Gholdengo|0 fnt
|faint|p1a: Gholdengo
|
|-weather|none
|-end|p2a: Walking Wake|Protosynthesis
|upkeep
|
|t:|1781175316
|switch|p1a: Garganacl|Garganacl, M, tera:Water|100/100
|-activate|p1a: Garganacl|move: Sticky Web
|-unboost|p1a: Garganacl|spe|1
|-damage|p1a: Garganacl|88/100|[from] Stealth Rock
|turn|21
|
|t:|1781175327
|-end|p2a: Walking Wake|Protosynthesis|[silent]
|switch|p2a: Gholdengo|Gholdengo|60/100
|move|p1a: Garganacl|Stealth Rock|p2a: Gholdengo
|-sidestart|p2: billythekid95|move: Stealth Rock
|
|upkeep
|turn|22
|
|t:|1781175332
|switch|p1a: Zamazenta|Zamazenta|100/100
|-activate|p1a: Zamazenta|move: Sticky Web
|-unboost|p1a: Zamazenta|spe|1
|-damage|p1a: Zamazenta|94/100|[from] Stealth Rock
|-ability|p1a: Zamazenta|Dauntless Shield|boost
|-boost|p1a: Zamazenta|def|1
|move|p2a: Gholdengo|Shadow Ball|p1a: Zamazenta
|-damage|p1a: Zamazenta|60/100
|
|-heal|p1a: Zamazenta|66/100|[from] item: Leftovers
|upkeep
|turn|23
|
|t:|1781175346
|switch|p1a: Garganacl|Garganacl, M, tera:Water|88/100
|-activate|p1a: Garganacl|move: Sticky Web
|-unboost|p1a: Garganacl|spe|1
|-damage|p1a: Garganacl|76/100|[from] Stealth Rock
|move|p2a: Gholdengo|Recover|p2a: Gholdengo
|-heal|p2a: Gholdengo|100/100
|
|upkeep
|turn|24
|
|t:|1781175353
|move|p2a: Gholdengo|Shadow Ball|p1a: Garganacl
|-damage|p1a: Garganacl|61/100
|move|p1a: Garganacl|Recover|p1a: Garganacl
|-heal|p1a: Garganacl|100/100
|
|upkeep
|turn|25
|
|t:|1781175359
|move|p2a: Gholdengo|Shadow Ball|p1a: Garganacl
|-damage|p1a: Garganacl|86/100
|move|p1a: Garganacl|Recover|p1a: Garganacl
|-heal|p1a: Garganacl|100/100
|
|upkeep
|turn|26
|
|t:|1781175366
|move|p2a: Gholdengo|Shadow Ball|p1a: Garganacl
|-damage|p1a: Garganacl|87/100
|move|p1a: Garganacl|Recover|p1a: Garganacl
|-heal|p1a: Garganacl|100/100
|
|upkeep
|turn|27
|
|t:|1781175372
|switch|p1a: Zamazenta|Zamazenta|66/100
|-activate|p1a: Zamazenta|move: Sticky Web
|-unboost|p1a: Zamazenta|spe|1
|-damage|p1a: Zamazenta|60/100|[from] Stealth Rock
|move|p2a: Gholdengo|Shadow Ball|p1a: Zamazenta
|-damage|p1a: Zamazenta|24/100
|
|-heal|p1a: Zamazenta|30/100|[from] item: Leftovers
|upkeep
|turn|28
|
|t:|1781175382
|switch|p1a: Garganacl|Garganacl, M, tera:Water|100/100
|-activate|p1a: Garganacl|move: Sticky Web
|-unboost|p1a: Garganacl|spe|1
|-damage|p1a: Garganacl|88/100|[from] Stealth Rock
|move|p2a: Gholdengo|Shadow Ball|p1a: Garganacl
|-damage|p1a: Garganacl|75/100
|
|upkeep
|turn|29
|
|t:|1781175390
|move|p2a: Gholdengo|Shadow Ball|p1a: Garganacl
|-damage|p1a: Garganacl|60/100
|-unboost|p1a: Garganacl|spd|1
|move|p1a: Garganacl|Salt Cure|p2a: Gholdengo
|-resisted|p2a: Gholdengo
|-damage|p2a: Gholdengo|92/100
|-start|p2a: Gholdengo|Salt Cure
|
|-damage|p2a: Gholdengo|67/100|[from] Salt Cure
|upkeep
|turn|30
|
|t:|1781175399
|switch|p1a: Zamazenta|Zamazenta|30/100
|-activate|p1a: Zamazenta|move: Sticky Web
|-unboost|p1a: Zamazenta|spe|1
|-damage|p1a: Zamazenta|24/100|[from] Stealth Rock
|move|p2a: Gholdengo|Shadow Ball|p1a: Zamazenta
|-damage|p1a: Zamazenta|0 fnt
|faint|p1a: Zamazenta
|
|-damage|p2a: Gholdengo|43/100|[from] Salt Cure
|upkeep
|
|t:|1781175402
|switch|p1a: Clefable|Clefable, M|100/100
|turn|31
|
|t:|1781175411
|switch|p1a: Garganacl|Garganacl, M, tera:Water|60/100
|-activate|p1a: Garganacl|move: Sticky Web
|-unboost|p1a: Garganacl|spe|1
|-damage|p1a: Garganacl|48/100|[from] Stealth Rock
|move|p2a: Gholdengo|Recover|p2a: Gholdengo
|-heal|p2a: Gholdengo|93/100
|
|-damage|p2a: Gholdengo|68/100|[from] Salt Cure
|upkeep
|turn|32
|
|t:|1781175421
|switch|p2a: Torkoal|Torkoal, M|17/100
|-damage|p2a: Torkoal|0 fnt|[from] Stealth Rock
|faint|p2a: Torkoal
|move|p1a: Garganacl|Earthquake|p2: Torkoal|[notarget]
|-fail|p1a: Garganacl
|
|upkeep
|
|t:|1781175429
|switch|p2a: Walking Wake|Walking Wake|67/100
|-damage|p2a: Walking Wake|54/100|[from] Stealth Rock
|turn|33
|
|t:|1781175435
|move|p2a: Walking Wake|Hydro Steam|p1a: Garganacl
|-resisted|p1a: Garganacl
|-damage|p1a: Garganacl|26/100
|move|p1a: Garganacl|Earthquake|p2a: Walking Wake
|-damage|p2a: Walking Wake|31/100
|
|upkeep
|turn|34
|
|t:|1781175441
|move|p2a: Walking Wake|Hydro Steam|p1a: Garganacl
|-resisted|p1a: Garganacl
|-damage|p1a: Garganacl|4/100
|move|p1a: Garganacl|Earthquake|p2a: Walking Wake
|-damage|p2a: Walking Wake|6/100
|
|upkeep
|turn|35
|
|t:|1781175447
|move|p2a: Walking Wake|Hydro Steam|p1a: Garganacl
|-resisted|p1a: Garganacl
|-damage|p1a: Garganacl|0 fnt
|faint|p1a: Garganacl
|
|upkeep
|
|t:|1781175454
|switch|p1a: Clefable|Clefable, M|100/100
|turn|36
|
|t:|1781175457
|move|p2a: Walking Wake|Hydro Steam|p1a: Clefable
|-damage|p1a: Clefable|37/100
|move|p1a: Clefable|Moonblast|p2a: Walking Wake
|-supereffective|p2a: Walking Wake
|-damage|p2a: Walking Wake|0 fnt
|faint|p2a: Walking Wake
|-end|p2a: Walking Wake|Protosynthesis|[silent]
|
|upkeep
|
|t:|1781175465
|switch|p2a: Gholdengo|Gholdengo|68/100
|-damage|p2a: Gholdengo|62/100|[from] Stealth Rock
|turn|37
|
|t:|1781175472
|switch|p1a: Zapdos|Zapdos|100/100
|move|p2a: Gholdengo|Make It Rain|p1a: Zapdos
|-resisted|p1a: Zapdos
|-damage|p1a: Zapdos|68/100
|-unboost|p2a: Gholdengo|spa|1
|
|upkeep
|turn|38
|
|t:|1781175481
|move|p2a: Gholdengo|Recover|p2a: Gholdengo
|-heal|p2a: Gholdengo|100/100
|move|p1a: Zapdos|Roost|p1a: Zapdos
|-heal|p1a: Zapdos|100/100
|-singleturn|p1a: Zapdos|move: Roost
|
|upkeep
|turn|39
|
|t:|1781175494
|move|p2a: Gholdengo|Trick|p1a: Zapdos
|-activate|p2a: Gholdengo|move: Trick|[of] p1a: Zapdos
|-enditem|p1a: Zapdos|Heavy-Duty Boots|[silent]|[from] move: Trick
|-item|p2a: Gholdengo|Heavy-Duty Boots|[from] move: Trick
|move|p1a: Zapdos|Discharge|p2a: Gholdengo
|-damage|p2a: Gholdengo|62/100
|-status|p2a: Gholdengo|par
|
|upkeep
|turn|40
|
|t:|1781175501
|move|p1a: Zapdos|Discharge|p2a: Gholdengo
|-damage|p2a: Gholdengo|27/100 par
|cant|p2a: Gholdengo|par
|
|upkeep
|turn|41
|
|t:|1781175506
|move|p1a: Zapdos|Discharge|p2a: Gholdengo
|-damage|p2a: Gholdengo|0 fnt
|faint|p2a: Gholdengo
|
|upkeep
|
|t:|1781175510
|switch|p2a: Ceruledge|Ceruledge, M|100/100
|-damage|p2a: Ceruledge|76/100|[from] Stealth Rock
|turn|42
|
|t:|1781175514
|move|p2a: Ceruledge|Swords Dance|p2a: Ceruledge
|-boost|p2a: Ceruledge|atk|2
|move|p1a: Zapdos|Discharge|p2a: Ceruledge
|-damage|p2a: Ceruledge|34/100
|
|upkeep
|turn|43
|
|t:|1781175522
|move|p2a: Ceruledge|Bitter Blade|p1a: Zapdos
|-crit|p1a: Zapdos
|-damage|p1a: Zapdos|5/100
|-heal|p2a: Ceruledge|97/100|[from] drain|[of] p1a: Zapdos
|move|p1a: Zapdos|Discharge|p2a: Ceruledge
|-damage|p2a: Ceruledge|61/100
|
|upkeep
|turn|44
|
|t:|1781175529
|move|p2a: Ceruledge|Bitter Blade|p1a: Zapdos
|-damage|p1a: Zapdos|0 fnt
|-heal|p2a: Ceruledge|64/100|[from] drain|[of] p1a: Zapdos
|faint|p1a: Zapdos
|
|upkeep
|
|t:|1781175533
|switch|p1a: Clefable|Clefable, M|37/100
|turn|45
|
|t:|1781175537
|move|p2a: Ceruledge|Bitter Blade|p1a: Clefable
|-damage|p1a: Clefable|2/100
|-heal|p2a: Ceruledge|88/100|[from] drain|[of] p1a: Clefable
|move|p1a: Clefable|Moonlight|p1a: Clefable
|-heal|p1a: Clefable|52/100
|
|upkeep
|turn|46
|
|t:|1781175549
|move|p2a: Ceruledge|Poltergeist|p1a: Clefable
|-activate|p1a: Clefable|move: Poltergeist|Heavy-Duty Boots
|-damage|p1a: Clefable|7/100
|move|p1a: Clefable|Moonlight|p1a: Clefable
|-heal|p1a: Clefable|57/100
|
|upkeep
|turn|47
|
|t:|1781175558
|move|p2a: Ceruledge|Poltergeist|p1a: Clefable
|-activate|p1a: Clefable|move: Poltergeist|Heavy-Duty Boots
|-damage|p1a: Clefable|16/100
|move|p1a: Clefable|Moonlight|p1a: Clefable
|-heal|p1a: Clefable|66/100
|
|upkeep
|turn|48
|
|t:|1781175566
|move|p2a: Ceruledge|Poltergeist|p1a: Clefable
|-activate|p1a: Clefable|move: Poltergeist|Heavy-Duty Boots
|-damage|p1a: Clefable|27/100
|move|p1a: Clefable|Thunder Wave|p2a: Ceruledge
|-status|p2a: Ceruledge|par
|
|upkeep
|turn|49
|
|t:|1781175573
|move|p1a: Clefable|Moonlight|p1a: Clefable
|-heal|p1a: Clefable|77/100
|move|p2a: Ceruledge|Bitter Blade|p1a: Clefable
|-damage|p1a: Clefable|44/100
|-heal|p2a: Ceruledge|100/100 par|[from] drain|[of] p1a: Clefable
|
|upkeep
|turn|50
|
|t:|1781175580
|move|p1a: Clefable|Moonlight|p1a: Clefable
|-heal|p1a: Clefable|94/100
|move|p2a: Ceruledge|Poltergeist|p1a: Clefable
|-activate|p1a: Clefable|move: Poltergeist|Heavy-Duty Boots
|-damage|p1a: Clefable|56/100
|
|upkeep
|turn|51
|
|t:|1781175588
|move|p1a: Clefable|Moonlight|p1a: Clefable
|-heal|p1a: Clefable|100/100
|move|p2a: Ceruledge|Poltergeist|p1a: Clefable
|-activate|p1a: Clefable|move: Poltergeist|Heavy-Duty Boots
|-damage|p1a: Clefable|58/100
|
|upkeep
|turn|52
|
|t:|1781175595
|move|p1a: Clefable|Moonlight|p1a: Clefable
|-heal|p1a: Clefable|100/100
|move|p2a: Ceruledge|Poltergeist|p1a: Clefable|[miss]
|-miss|p2a: Ceruledge|p1a: Clefable
|
|upkeep
|turn|53
|
|t:|1781175602
|move|p1a: Clefable|Moonblast|p2a: Ceruledge
|-resisted|p2a: Ceruledge
|-damage|p2a: Ceruledge|82/100 par
|move|p2a: Ceruledge|Poltergeist|p1a: Clefable
|-activate|p1a: Clefable|move: Poltergeist|Heavy-Duty Boots
|-damage|p1a: Clefable|56/100
|
|upkeep
|turn|54
|
|t:|1781175609
|move|p1a: Clefable|Moonblast|p2a: Ceruledge
|-resisted|p2a: Ceruledge
|-damage|p2a: Ceruledge|62/100 par
|move|p2a: Ceruledge|Bitter Blade|p1a: Clefable
|-damage|p1a: Clefable|19/100
|-heal|p2a: Ceruledge|87/100 par|[from] drain|[of] p1a: Clefable
|
|upkeep
|turn|55
|
|t:|1781175617
|cant|p2a: Ceruledge|par
|move|p1a: Clefable|Moonlight|p1a: Clefable
|-heal|p1a: Clefable|69/100
|
|upkeep
|turn|56
|
|t:|1781175623
|move|p1a: Clefable|Knock Off|p2a: Ceruledge
|-supereffective|p2a: Ceruledge
|-damage|p2a: Ceruledge|46/100 par
|-ability|p2a: Ceruledge|Weak Armor|boost
|-unboost|p2a: Ceruledge|def|1
|-boost|p2a: Ceruledge|spe|2
|-enditem|p2a: Ceruledge|Focus Sash|[from] move: Knock Off|[of] p1a: Clefable
|cant|p2a: Ceruledge|par
|
|upkeep
|turn|57
|
|t:|1781175631
|cant|p2a: Ceruledge|par
|move|p1a: Clefable|Knock Off|p2a: Ceruledge
|-supereffective|p2a: Ceruledge
|-damage|p2a: Ceruledge|16/100 par
|-ability|p2a: Ceruledge|Weak Armor|boost
|-unboost|p2a: Ceruledge|def|1
|-boost|p2a: Ceruledge|spe|2
|
|upkeep
|turn|58
|
|t:|1781175638
|cant|p2a: Ceruledge|par
|move|p1a: Clefable|Knock Off|p2a: Ceruledge
|-supereffective|p2a: Ceruledge
|-damage|p2a: Ceruledge|0 fnt
|faint|p2a: Ceruledge
|
|win|KurisuChestnutLab
|raw|KurisuChestnutLab's rating: 1502 &rarr; <strong>1526</strong><br />(+24 for winning)
|raw|billythekid95's rating: 1571 &rarr; <strong>1547</strong><br />(-24 for losing)
