|j|☆BARJI
|j|☆eros maniac
|t:|1781541232
|gametype|singles
|player|p1|BARJI|266|1572
|player|p2|eros maniac|hilbert-wonderlauncher|1667
|gen|9
|tier|[Gen 9] OU
|rated|
|rule|HP Percentage Mod: HP is shown in percentages
|rule|Endless Battle Clause: Forcing endless battles is banned
|rule|Species Clause: Limit one of each Pokémon
|rule|OHKO Clause: OHKO moves are banned
|rule|Evasion Items Clause: Evasion items are banned
|rule|Evasion Moves Clause: Evasion moves are banned
|rule|Evasion Abilities Clause: Evasion abilities are banned
|rule|Sleep Moves Clause: Sleep-inducing moves are banned
|clearpoke
|poke|p1|Lokix, F|
|poke|p1|Hydrapple, F|
|poke|p1|Great Tusk|
|poke|p1|Cinderace, M|
|poke|p1|Slowking-Galar, F|
|poke|p1|Tornadus-Therian, M|
|poke|p2|Frosmoth, F|
|poke|p2|Maushold-Four|
|poke|p2|Krookodile, F|
|poke|p2|Sinistcha|
|poke|p2|Alomomola, F|
|poke|p2|Weezing-Galar, F|
|teampreview
|inactive|Battle timer is ON: inactive players will automatically lose when time's up. (requested by eros maniac)
|j| TheSacredJackal⨕
|
|t:|1781541263
|teamsize|p1|6
|teamsize|p2|6
|start
|switch|p1a: Cinderace|Cinderace, M|100/100
|switch|p2a: Alomomola|Alomomola, F, shiny|100/100
|turn|1
|
|t:|1781541269
|move|p1a: Cinderace|Will-O-Wisp|p2a: Alomomola
|-status|p2a: Alomomola|brn
|move|p2a: Alomomola|Flip Turn|p1a: Cinderace
|-supereffective|p1a: Cinderace
|-crit|p1a: Cinderace
|-damage|p1a: Cinderace|68/100
|
|t:|1781541271
|switch|p2a: Krookodile|Krookodile, F|100/100|[from] Flip Turn
|-ability|p2a: Krookodile|Intimidate|boost
|-unboost|p1a: Cinderace|atk|1
|
|upkeep
|turn|2
|
|t:|1781541279
|switch|p1a: Hydrapple|Hydrapple, F|100/100
|move|p2a: Krookodile|Knock Off|p1a: Hydrapple
|-damage|p1a: Hydrapple|40/100
|-enditem|p1a: Hydrapple|Life Orb|[from] move: Knock Off|[of] p2a: Krookodile
|
|upkeep
|turn|3
|
|t:|1781541284
|switch|p1a: Great Tusk|Great Tusk|100/100
|move|p2a: Krookodile|Knock Off|p1a: Great Tusk
|-resisted|p1a: Great Tusk
|-damage|p1a: Great Tusk|77/100
|-damage|p2a: Krookodile|84/100|[from] item: Rocky Helmet|[of] p1a: Great Tusk
|-enditem|p1a: Great Tusk|Rocky Helmet|[from] move: Knock Off|[of] p2a: Krookodile
|
|upkeep
|turn|4
|
|t:|1781541288
|switch|p2a: Sinistcha|Sinistcha, shiny|100/100
|move|p1a: Great Tusk|Stealth Rock|p2a: Sinistcha
|-sidestart|p2: eros maniac|move: Stealth Rock
|
|upkeep
|turn|5
|
|t:|1781541293
|-end|p1a: Great Tusk|Protosynthesis|[silent]
|switch|p1a: Tornadus|Tornadus-Therian, M|100/100
|switch|p2a: Alomomola|Alomomola, F, shiny|100/100 brn
|-damage|p2a: Alomomola|88/100 brn|[from] Stealth Rock
|
|-damage|p2a: Alomomola|82/100 brn|[from] brn
|upkeep
|turn|6
|
|t:|1781541296
|move|p1a: Tornadus|Knock Off|p2a: Alomomola
|-damage|p2a: Alomomola|69/100 brn
|-damage|p1a: Tornadus|84/100|[from] item: Rocky Helmet|[of] p2a: Alomomola
|-enditem|p2a: Alomomola|Rocky Helmet|[from] move: Knock Off|[of] p1a: Tornadus
|move|p2a: Alomomola|Flip Turn|p1a: Tornadus
|-damage|p1a: Tornadus|75/100
|
|t:|1781541298
|switch|p2a: Krookodile|Krookodile, F|84/100|[from] Flip Turn
|-damage|p2a: Krookodile|78/100|[from] Stealth Rock
|-ability|p2a: Krookodile|Intimidate|boost
|-unboost|p1a: Tornadus|atk|1
|
|upkeep
|turn|7
|
|t:|1781541309
|switch|p1a: Great Tusk|Great Tusk|77/100
|move|p2a: Krookodile|Knock Off|p1a: Great Tusk
|-resisted|p1a: Great Tusk
|-damage|p1a: Great Tusk|60/100
|
|upkeep
|turn|8
|
|t:|1781541314
|switch|p2a: Alomomola|Alomomola, F, shiny|100/100 brn
|-damage|p2a: Alomomola|88/100 brn|[from] Stealth Rock
|move|p1a: Great Tusk|Ice Spinner|p2a: Alomomola
|-resisted|p2a: Alomomola
|-damage|p2a: Alomomola|81/100 brn
|
|-damage|p2a: Alomomola|75/100 brn|[from] brn
|upkeep
|turn|9
|
|t:|1781541322
|-end|p1a: Great Tusk|Protosynthesis|[silent]
|switch|p1a: Slowking|Slowking-Galar, F|100/100
|move|p2a: Alomomola|Flip Turn|p1a: Slowking
|-damage|p1a: Slowking|95/100
|
|t:|1781541324
|switch|p2a: Krookodile|Krookodile, F|78/100|[from] Flip Turn
|-damage|p2a: Krookodile|72/100|[from] Stealth Rock
|-ability|p2a: Krookodile|Intimidate|boost
|-unboost|p1a: Slowking|atk|1
|
|upkeep
|turn|10
|
|t:|1781541330
|move|p2a: Krookodile|Earthquake|p1a: Slowking
|-supereffective|p1a: Slowking
|-damage|p1a: Slowking|0 fnt
|faint|p1a: Slowking
|
|upkeep
|
|t:|1781541333
|switch|p1a: Lokix|Lokix, F|100/100
|turn|11
|
|t:|1781541338
|switch|p2a: Weezing|Weezing-Galar, F|100/100
|-ability|p2a: Weezing|Neutralizing Gas
|-damage|p2a: Weezing|88/100|[from] Stealth Rock
|move|p1a: Lokix|U-turn|p2a: Weezing
|-resisted|p2a: Weezing
|-damage|p2a: Weezing|78/100
|
|t:|1781541342
|switch|p1a: Tornadus|Tornadus-Therian, M|100/100|[from] U-turn
|
|upkeep
|turn|12
|
|t:|1781541345
|move|p1a: Tornadus|Bleakwind Storm|p2a: Weezing
|-damage|p2a: Weezing|27/100
|-unboost|p2a: Weezing|spe|1
|move|p2a: Weezing|Defog|p1a: Tornadus
|-unboost|p1a: Tornadus|evasion|1
|-sideend|p2: eros maniac|Stealth Rock|[from] move: Defog|[of] p2a: Weezing
|
|upkeep
|turn|13
|
|t:|1781541352
|-end|p2a: Weezing|ability: Neutralizing Gas
|switch|p2a: Alomomola|Alomomola, F, shiny|100/100 brn
|move|p1a: Tornadus|Heat Wave|p2a: Alomomola|[miss]
|-miss|p1a: Tornadus|p2a: Alomomola
|
|-damage|p2a: Alomomola|94/100 brn|[from] brn
|upkeep
|turn|14
|
|t:|1781541356
|move|p1a: Tornadus|Bleakwind Storm|p2a: Alomomola|[miss]
|-miss|p1a: Tornadus|p2a: Alomomola
|move|p2a: Alomomola|Wish|p2a: Alomomola
|
|-damage|p2a: Alomomola|88/100 brn|[from] brn
|upkeep
|turn|15
|
|t:|1781541361
|move|p1a: Tornadus|Bleakwind Storm|p2a: Alomomola|[miss]
|-miss|p1a: Tornadus|p2a: Alomomola
|move|p2a: Alomomola|Mirror Coat||[still]
|-fail|p2a: Alomomola
|
|-heal|p2a: Alomomola|100/100 brn|[from] move: Wish|[wisher] Alomomola
|-damage|p2a: Alomomola|94/100 brn|[from] brn
|upkeep
|turn|16
|
|t:|1781541365
|move|p1a: Tornadus|Bleakwind Storm|p2a: Alomomola
|-damage|p2a: Alomomola|62/100 brn
|move|p2a: Alomomola|Wish|p2a: Alomomola
|
|-damage|p2a: Alomomola|55/100 brn|[from] brn
|upkeep
|turn|17
|
|t:|1781541369
|move|p1a: Tornadus|U-turn|p2a: Alomomola
|-crit|p2a: Alomomola
|-damage|p2a: Alomomola|42/100 brn
|
|t:|1781541372
|switch|p1a: Hydrapple|Hydrapple, F|74/100|[from] U-turn
|move|p2a: Alomomola|Mirror Coat||[still]
|-fail|p2a: Alomomola
|
|-heal|p2a: Alomomola|92/100 brn|[from] move: Wish|[wisher] Alomomola
|-damage|p2a: Alomomola|86/100 brn|[from] brn
|upkeep
|turn|18
|
|t:|1781541379
|switch|p2a: Frosmoth|Frosmoth, F, shiny|100/100
|move|p1a: Hydrapple|Leaf Storm|p2a: Frosmoth
|-resisted|p2a: Frosmoth
|-damage|p2a: Frosmoth|84/100
|-unboost|p1a: Hydrapple|spa|2
|
|-heal|p2a: Frosmoth|90/100|[from] item: Leftovers
|upkeep
|turn|19
|
|t:|1781541385
|switch|p2a: Alomomola|Alomomola, F, shiny|100/100 brn
|switch|p1a: Cinderace|Cinderace, M|68/100
|
|-damage|p2a: Alomomola|94/100 brn|[from] brn
|upkeep
|turn|20
|
|t:|1781541389
|move|p1a: Cinderace|U-turn|p2a: Alomomola
|-damage|p2a: Alomomola|81/100 brn
|
|t:|1781541393
|switch|p1a: Tornadus|Tornadus-Therian, M|100/100|[from] U-turn
|move|p2a: Alomomola|Flip Turn|p1a: Tornadus
|-damage|p1a: Tornadus|91/100
|
|t:|1781541396
|switch|p2a: Krookodile|Krookodile, F|72/100|[from] Flip Turn
|-ability|p2a: Krookodile|Intimidate|boost
|-unboost|p1a: Tornadus|atk|1
|
|upkeep
|turn|21
|
|t:|1781541401
|move|p1a: Tornadus|Bleakwind Storm|p2a: Krookodile
|-damage|p2a: Krookodile|25/100
|-unboost|p2a: Krookodile|spe|1
|move|p2a: Krookodile|Knock Off|p1a: Tornadus
|-damage|p1a: Tornadus|0 fnt
|-enditem|p1a: Tornadus|Assault Vest|[from] move: Knock Off|[of] p2a: Krookodile
|faint|p1a: Tornadus
|
|upkeep
|-message|BARJI forfeited.
|
|win|eros maniac
|raw|BARJI's rating: 1572 &rarr; <strong>1557</strong><br />(-15 for losing)
|raw|eros maniac's rating: 1667 &rarr; <strong>1682</strong><br />(+15 for winning)
|l|☆BARJI
|player|p1|
|l|☆eros maniac
|player|p2|
|l| TheSacredJackal⨕
