|j|☆Nikocado Allahcado
|j|☆KurisuChestnutLab
|t:|1781119687
|gametype|singles
|player|p1|Nikocado Allahcado|hiker-gen4|1619
|player|p2|KurisuChestnutLab|may-contest|1511
|gen|9
|tier|[Gen 9] OU
|rated|
|rule|HP Percentage Mod: HP is shown in percentages
|rule|Endless Battle Clause: Forcing endless battles is banned
|rule|Species Clause: Limit one of each Pokémon
|rule|OHKO Clause: OHKO moves are banned
|rule|Evasion Items Clause: Evasion items are banned
|rule|Evasion Moves Clause: Evasion moves are banned
|rule|Evasion Abilities Clause: Evasion abilities are banned
|rule|Sleep Moves Clause: Sleep-inducing moves are banned
|clearpoke
|poke|p1|Ceruledge, M|
|poke|p1|Cloyster, M|
|poke|p1|Deoxys-Speed|
|poke|p1|Great Tusk|
|poke|p1|Iron Boulder|
|poke|p1|Gliscor, M|
|poke|p2|Zamazenta-*|
|poke|p2|Zapdos|
|poke|p2|Garganacl, M|
|poke|p2|Clefable, M|
|poke|p2|Samurott-Hisui, F|
|poke|p2|Gholdengo|
|teampreview
|
|t:|1781119693
|teamsize|p1|6
|teamsize|p2|6
|start
|switch|p1a: Great Tusk|Great Tusk|100/100
|switch|p2a: Samurott|Samurott-Hisui, F|100/100
|turn|1
|inactive|Battle timer is ON: inactive players will automatically lose when time's up. (requested by KurisuChestnutLab)
|
|t:|1781119698
|switch|p2a: Zapdos|Zapdos|100/100
|move|p1a: Great Tusk|Rapid Spin|p2a: Zapdos
|-damage|p2a: Zapdos|87/100
|-boost|p1a: Great Tusk|spe|1
|
|upkeep
|turn|2
|
|t:|1781119705
|-end|p1a: Great Tusk|Protosynthesis|[silent]
|switch|p1a: Deoxys|Deoxys-Speed|100/100
|-ability|p1a: Deoxys|Pressure
|move|p2a: Zapdos|Hurricane|p1a: Deoxys
|-damage|p1a: Deoxys|41/100
|
|upkeep
|turn|3
|
|t:|1781119709
|switch|p2a: Samurott|Samurott-Hisui, F|100/100
|move|p1a: Deoxys|Light Screen|p1a: Deoxys
|-sidestart|p1: Nikocado Allahcado|move: Light Screen
|
|upkeep
|turn|4
|
|t:|1781119715
|move|p1a: Deoxys|Reflect|p1a: Deoxys
|-sidestart|p1: Nikocado Allahcado|Reflect
|move|p2a: Samurott|Ceaseless Edge|p1a: Deoxys
|-supereffective|p1a: Deoxys
|-damage|p1a: Deoxys|0 fnt
|-sidestart|p1: Nikocado Allahcado|Spikes
|faint|p1a: Deoxys
|
|upkeep
|
|t:|1781119717
|switch|p1a: Great Tusk|Great Tusk|100/100
|turn|5
|
|t:|1781119721
|switch|p2a: Zamazenta|Zamazenta|100/100
|-ability|p2a: Zamazenta|Dauntless Shield|boost
|-boost|p2a: Zamazenta|def|1
|move|p1a: Great Tusk|Ice Spinner|p2a: Zamazenta
|-damage|p2a: Zamazenta|85/100
|
|-heal|p2a: Zamazenta|91/100|[from] item: Leftovers
|upkeep
|turn|6
|
|t:|1781119726
|move|p2a: Zamazenta|Iron Defense|p2a: Zamazenta
|-boost|p2a: Zamazenta|def|2
|move|p1a: Great Tusk|Rapid Spin|p2a: Zamazenta
|-damage|p2a: Zamazenta|86/100
|-boost|p1a: Great Tusk|spe|1
|-sideend|p1: Nikocado Allahcado|Spikes|[from] move: Rapid Spin|[of] p1a: Great Tusk
|
|-heal|p2a: Zamazenta|92/100|[from] item: Leftovers
|upkeep
|turn|7
|
|t:|1781119733
|-end|p1a: Great Tusk|Protosynthesis|[silent]
|switch|p1a: Cloyster|Cloyster, M|100/100
|move|p2a: Zamazenta|Iron Defense|p2a: Zamazenta
|-boost|p2a: Zamazenta|def|2
|
|-heal|p2a: Zamazenta|98/100|[from] item: Leftovers
|upkeep
|turn|8
|
|t:|1781119740
|-terastallize|p1a: Cloyster|Ghost
|move|p1a: Cloyster|Shell Smash|p1a: Cloyster
|-unboost|p1a: Cloyster|def|1
|-unboost|p1a: Cloyster|spd|1
|-boost|p1a: Cloyster|atk|2
|-boost|p1a: Cloyster|spa|2
|-boost|p1a: Cloyster|spe|2
|-enditem|p1a: Cloyster|White Herb
|-clearnegativeboost|p1a: Cloyster|[silent]
|move|p2a: Zamazenta|Roar|p1a: Cloyster
|drag|p1a: Ceruledge|Ceruledge, M|100/100
|
|-heal|p2a: Zamazenta|100/100|[from] item: Leftovers
|upkeep
|turn|9
|
|t:|1781119745
|switch|p1a: Cloyster|Cloyster, M, tera:Ghost|100/100
|move|p2a: Zamazenta|Roar|p1a: Cloyster
|drag|p1a: Gliscor|Gliscor, M|100/100
|
|-status|p1a: Gliscor|tox|[from] item: Toxic Orb
|upkeep
|turn|10
|
|t:|1781119750
|switch|p2a: Samurott|Samurott-Hisui, F|100/100
|move|p1a: Gliscor|Facade|p2a: Samurott
|-damage|p2a: Samurott|48/100
|
|-sideend|p1: Nikocado Allahcado|move: Light Screen
|upkeep
|turn|11
|
|t:|1781119756
|move|p2a: Samurott|Razor Shell|p1a: Gliscor
|-supereffective|p1a: Gliscor
|-damage|p1a: Gliscor|55/100 tox
|-unboost|p1a: Gliscor|def|1
|move|p1a: Gliscor|Agility|p1a: Gliscor
|-boost|p1a: Gliscor|spe|2
|
|-heal|p1a: Gliscor|68/100 tox|[from] ability: Poison Heal
|-sideend|p1: Nikocado Allahcado|Reflect
|upkeep
|turn|12
|
|t:|1781119760
|move|p1a: Gliscor|Facade|p2a: Samurott
|-damage|p2a: Samurott|0 fnt
|faint|p2a: Samurott
|
|-heal|p1a: Gliscor|80/100 tox|[from] ability: Poison Heal
|upkeep
|
|t:|1781119767
|switch|p2a: Gholdengo|Gholdengo|100/100
|turn|13
|
|t:|1781119770
|-terastallize|p2a: Gholdengo|Flying
|move|p1a: Gliscor|Earthquake|p2a: Gholdengo
|-immune|p2a: Gholdengo
|move|p2a: Gholdengo|Shadow Ball|p1a: Gliscor
|-damage|p1a: Gliscor|24/100 tox
|
|-heal|p1a: Gliscor|36/100 tox|[from] ability: Poison Heal
|upkeep
|turn|14
|
|t:|1781119776
|move|p1a: Gliscor|Facade|p2a: Gholdengo
|-damage|p2a: Gholdengo|54/100
|move|p2a: Gholdengo|Shadow Ball|p1a: Gliscor
|-damage|p1a: Gliscor|0 fnt
|faint|p1a: Gliscor
|
|upkeep
|
|t:|1781119797
|switch|p1a: Great Tusk|Great Tusk|100/100
|turn|15
|
|t:|1781119804
|switch|p2a: Zamazenta|Zamazenta|100/100
|move|p1a: Great Tusk|Ice Spinner|p2a: Zamazenta
|-damage|p2a: Zamazenta|80/100
|
|-heal|p2a: Zamazenta|86/100|[from] item: Leftovers
|upkeep
|turn|16
|
|t:|1781119809
|move|p2a: Zamazenta|Iron Defense|p2a: Zamazenta
|-boost|p2a: Zamazenta|def|2
|move|p1a: Great Tusk|Headlong Rush|p2a: Zamazenta
|-damage|p2a: Zamazenta|62/100
|-unboost|p1a: Great Tusk|def|1
|-unboost|p1a: Great Tusk|spd|1
|
|-heal|p2a: Zamazenta|69/100|[from] item: Leftovers
|upkeep
|turn|17
|
|t:|1781119814
|move|p2a: Zamazenta|Body Press|p1a: Great Tusk
|-damage|p1a: Great Tusk|35/100
|move|p1a: Great Tusk|Headlong Rush|p2a: Zamazenta
|-damage|p2a: Zamazenta|44/100
|-unboost|p1a: Great Tusk|def|1
|-unboost|p1a: Great Tusk|spd|1
|
|-heal|p2a: Zamazenta|50/100|[from] item: Leftovers
|upkeep
|turn|18
|
|t:|1781119819
|-end|p1a: Great Tusk|Protosynthesis|[silent]
|switch|p1a: Cloyster|Cloyster, M, tera:Ghost|100/100
|move|p2a: Zamazenta|Body Press|p1a: Cloyster
|-immune|p1a: Cloyster
|
|-heal|p2a: Zamazenta|57/100|[from] item: Leftovers
|upkeep
|turn|19
|
|t:|1781119825
|move|p2a: Zamazenta|Crunch|p1a: Cloyster
|-supereffective|p1a: Cloyster
|-damage|p1a: Cloyster|66/100
|move|p1a: Cloyster|Hydro Pump|p2a: Zamazenta
|-damage|p2a: Zamazenta|30/100
|
|-heal|p2a: Zamazenta|36/100|[from] item: Leftovers
|upkeep
|turn|20
|
|t:|1781119834
|move|p1a: Cloyster|Shell Smash|p1a: Cloyster
|-unboost|p1a: Cloyster|def|1
|-unboost|p1a: Cloyster|spd|1
|-boost|p1a: Cloyster|atk|2
|-boost|p1a: Cloyster|spa|2
|-boost|p1a: Cloyster|spe|2
|move|p2a: Zamazenta|Roar|p1a: Cloyster
|drag|p1a: Iron Boulder|Iron Boulder|100/100
|-enditem|p1a: Iron Boulder|Booster Energy
|-activate|p1a: Iron Boulder|ability: Quark Drive|[fromitem]
|-start|p1a: Iron Boulder|quarkdrivespe
|
|-heal|p2a: Zamazenta|42/100|[from] item: Leftovers
|upkeep
|turn|21
|
|t:|1781119838
|-end|p1a: Iron Boulder|Quark Drive|[silent]
|switch|p1a: Cloyster|Cloyster, M, tera:Ghost|66/100
|move|p2a: Zamazenta|Body Press|p1a: Cloyster
|-immune|p1a: Cloyster
|
|-heal|p2a: Zamazenta|48/100|[from] item: Leftovers
|upkeep
|turn|22
|
|t:|1781119845
|move|p2a: Zamazenta|Crunch|p1a: Cloyster
|-supereffective|p1a: Cloyster
|-damage|p1a: Cloyster|28/100
|-unboost|p1a: Cloyster|def|1
|move|p1a: Cloyster|Hydro Pump|p2a: Zamazenta
|-damage|p2a: Zamazenta|21/100
|
|-heal|p2a: Zamazenta|27/100|[from] item: Leftovers
|upkeep
|turn|23
|
|t:|1781119850
|move|p2a: Zamazenta|Crunch|p1a: Cloyster
|-supereffective|p1a: Cloyster
|-damage|p1a: Cloyster|0 fnt
|faint|p1a: Cloyster
|
|-heal|p2a: Zamazenta|33/100|[from] item: Leftovers
|upkeep
|
|t:|1781119852
|switch|p1a: Ceruledge|Ceruledge, M|100/100
|turn|24
|
|t:|1781119856
|move|p2a: Zamazenta|Crunch|p1a: Ceruledge
|-supereffective|p1a: Ceruledge
|-damage|p1a: Ceruledge|45/100
|-unboost|p1a: Ceruledge|def|1
|-ability|p1a: Ceruledge|Weak Armor|boost
|-unboost|p1a: Ceruledge|def|1
|-boost|p1a: Ceruledge|spe|2
|move|p1a: Ceruledge|Poltergeist|p2a: Zamazenta
|-activate|p2a: Zamazenta|move: Poltergeist|Leftovers
|-damage|p2a: Zamazenta|0 fnt
|faint|p2a: Zamazenta
|-damage|p1a: Ceruledge|35/100|[from] item: Life Orb
|
|upkeep
|
|t:|1781119860
|switch|p2a: Garganacl|Garganacl, M|100/100
|turn|25
|
|t:|1781119863
|move|p1a: Ceruledge|Poltergeist|p2a: Garganacl
|-activate|p2a: Garganacl|move: Poltergeist|Leftovers
|-damage|p2a: Garganacl|75/100
|-damage|p1a: Ceruledge|25/100|[from] item: Life Orb
|move|p2a: Garganacl|Salt Cure|p1a: Ceruledge
|-supereffective|p1a: Ceruledge
|-damage|p1a: Ceruledge|0 fnt
|faint|p1a: Ceruledge
|
|-heal|p2a: Garganacl|81/100|[from] item: Leftovers
|upkeep
|
|t:|1781119865
|switch|p1a: Great Tusk|Great Tusk|35/100
|turn|26
|
|t:|1781119869
|move|p1a: Great Tusk|Headlong Rush|p2a: Garganacl
|-supereffective|p2a: Garganacl
|-damage|p2a: Garganacl|0 fnt
|-unboost|p1a: Great Tusk|def|1
|-unboost|p1a: Great Tusk|spd|1
|faint|p2a: Garganacl
|
|upkeep
|
|t:|1781119872
|switch|p2a: Gholdengo|Gholdengo, tera:Flying|54/100
|turn|27
|
|t:|1781119880
|move|p2a: Gholdengo|Make It Rain|p1a: Great Tusk
|-damage|p1a: Great Tusk|0 fnt
|-unboost|p2a: Gholdengo|spa|1
|faint|p1a: Great Tusk
|-end|p1a: Great Tusk|Protosynthesis|[silent]
|
|upkeep
|
|t:|1781119882
|switch|p1a: Iron Boulder|Iron Boulder|100/100
|turn|28
|
|t:|1781119885
|move|p2a: Gholdengo|Make It Rain|p1a: Iron Boulder
|-supereffective|p1a: Iron Boulder
|-damage|p1a: Iron Boulder|14/100
|-unboost|p2a: Gholdengo|spa|1
|move|p1a: Iron Boulder|Mighty Cleave|p2a: Gholdengo
|-supereffective|p2a: Gholdengo
|-damage|p2a: Gholdengo|0 fnt
|faint|p2a: Gholdengo
|
|upkeep
|
|t:|1781119888
|switch|p2a: Clefable|Clefable, M|100/100
|turn|29
|
|t:|1781119892
|move|p1a: Iron Boulder|Mighty Cleave|p2a: Clefable
|-damage|p2a: Clefable|68/100
|move|p2a: Clefable|Knock Off|p1a: Iron Boulder
|-supereffective|p1a: Iron Boulder
|-damage|p1a: Iron Boulder|0 fnt
|faint|p1a: Iron Boulder
|-end|p1a: Iron Boulder|Quark Drive|[silent]
|
|win|KurisuChestnutLab
|raw|Nikocado Allahcado's rating: 1619 &rarr; <strong>1593</strong><br />(-26 for losing)
|raw|KurisuChestnutLab's rating: 1511 &rarr; <strong>1537</strong><br />(+26 for winning)
