|j|☆kemious
|j|☆Moistmakerjr
|t:|1781228470
|gametype|singles
|player|p1|kemious|2|1535
|player|p2|Moistmakerjr|youngster-gen4dp|1608
|gen|9
|tier|[Gen 9] OU
|rated|
|rule|HP Percentage Mod: HP is shown in percentages
|rule|Endless Battle Clause: Forcing endless battles is banned
|rule|Species Clause: Limit one of each Pokémon
|rule|OHKO Clause: OHKO moves are banned
|rule|Evasion Items Clause: Evasion items are banned
|rule|Evasion Moves Clause: Evasion moves are banned
|rule|Evasion Abilities Clause: Evasion abilities are banned
|rule|Sleep Moves Clause: Sleep-inducing moves are banned
|clearpoke
|poke|p1|Chesnaught, M|
|poke|p1|Gastrodon, F|
|poke|p1|Kilowattrel, M|
|poke|p1|Glimmora, F|
|poke|p1|Ceruledge, M|
|poke|p1|Goodra-Hisui, F|
|poke|p2|Cloyster, M|
|poke|p2|Polteageist|
|poke|p2|Maushold|
|poke|p2|Dragonite, M|
|poke|p2|Kommo-o, F|
|poke|p2|Kyurem|
|teampreview
|inactive|Battle timer is ON: inactive players will automatically lose when time's up. (requested by Moistmakerjr)
|
|t:|1781228480
|teamsize|p1|6
|teamsize|p2|6
|start
|switch|p1a: Goodra|Goodra-Hisui, F|100/100
|switch|p2a: Polteageist|Polteageist|100/100
|turn|1
|
|t:|1781228489
|move|p2a: Polteageist|Will-O-Wisp|p1a: Goodra|[miss]
|-miss|p2a: Polteageist|p1a: Goodra
|move|p1a: Goodra|Knock Off|p2a: Polteageist
|-supereffective|p2a: Polteageist
|-damage|p2a: Polteageist|22/100
|-ability|p2a: Polteageist|Weak Armor|boost
|-unboost|p2a: Polteageist|def|1
|-boost|p2a: Polteageist|spe|2
|-enditem|p2a: Polteageist|Focus Sash|[from] move: Knock Off|[of] p1a: Goodra
|
|upkeep
|turn|2
|
|t:|1781228503
|switch|p1a: Ceruledge|Ceruledge, M|100/100
|move|p2a: Polteageist|Will-O-Wisp|p1a: Ceruledge
|-start|p1a: Ceruledge|ability: Flash Fire
|
|upkeep
|turn|3
|
|t:|1781228507
|move|p1a: Ceruledge|Shadow Sneak|p2a: Polteageist
|-supereffective|p2a: Polteageist
|-damage|p2a: Polteageist|0 fnt
|faint|p2a: Polteageist
|
|upkeep
|
|t:|1781228511
|switch|p2a: Cloyster|Cloyster, M|100/100
|turn|4
|
|t:|1781228516
|move|p2a: Cloyster|Rock Blast|p1a: Ceruledge
|-supereffective|p1a: Ceruledge
|-damage|p1a: Ceruledge|85/100
|-supereffective|p1a: Ceruledge
|-damage|p1a: Ceruledge|70/100
|-supereffective|p1a: Ceruledge
|-damage|p1a: Ceruledge|53/100
|-supereffective|p1a: Ceruledge
|-damage|p1a: Ceruledge|36/100
|-supereffective|p1a: Ceruledge
|-damage|p1a: Ceruledge|19/100
|-hitcount|p1a: Ceruledge|5
|move|p1a: Ceruledge|Poltergeist|p2a: Cloyster
|-activate|p2a: Cloyster|move: Poltergeist|Focus Sash
|-damage|p2a: Cloyster|52/100
|
|upkeep
|turn|5
|
|t:|1781228529
|-end|p1a: Ceruledge|ability: Flash Fire|[silent]
|switch|p1a: Glimmora|Glimmora, F|100/100
|move|p2a: Cloyster|Icicle Spear|p1a: Glimmora
|-damage|p1a: Glimmora|91/100
|-activate|p1a: Glimmora|ability: Toxic Debris
|-sidestart|p2: Moistmakerjr|move: Toxic Spikes
|-damage|p1a: Glimmora|84/100
|-activate|p1a: Glimmora|ability: Toxic Debris
|-sidestart|p2: Moistmakerjr|move: Toxic Spikes
|-damage|p1a: Glimmora|75/100
|-damage|p1a: Glimmora|67/100
|-damage|p1a: Glimmora|58/100
|-hitcount|p1a: Glimmora|5
|-enditem|p1a: Glimmora|Red Card|[of] p2a: Cloyster
|drag|p2a: Kyurem|Kyurem|100/100
|-status|p2a: Kyurem|tox
|-ability|p2a: Kyurem|Pressure
|
|-damage|p2a: Kyurem|94/100 tox|[from] psn
|upkeep
|turn|6
|
|t:|1781228535
|switch|p1a: Goodra|Goodra-Hisui, F|100/100
|move|p2a: Kyurem|Dragon Dance|p2a: Kyurem
|-boost|p2a: Kyurem|atk|1
|-boost|p2a: Kyurem|spe|1
|
|-damage|p2a: Kyurem|82/100 tox|[from] psn
|upkeep
|turn|7
|
|t:|1781228546
|move|p2a: Kyurem|Icicle Spear|p1a: Goodra
|-damage|p1a: Goodra|75/100
|-damage|p1a: Goodra|52/100
|-damage|p1a: Goodra|26/100
|-damage|p1a: Goodra|1/100
|-hitcount|p1a: Goodra|4
|move|p1a: Goodra|Flash Cannon|p2a: Kyurem
|-supereffective|p2a: Kyurem
|-damage|p2a: Kyurem|5/100 tox
|
|-damage|p2a: Kyurem|0 fnt|[from] psn
|faint|p2a: Kyurem
|upkeep
|
|t:|1781228557
|switch|p2a: Dragonite|Dragonite, M|100/100
|turn|8
|
|t:|1781228560
|move|p2a: Dragonite|Scale Shot|p1a: Goodra
|-damage|p1a: Goodra|0 fnt
|faint|p1a: Goodra
|-hitcount|p1: Goodra|1
|-unboost|p2a: Dragonite|def|1
|-boost|p2a: Dragonite|spe|1
|
|upkeep
|
|t:|1781228566
|switch|p1a: Chesnaught|Chesnaught, M|100/100
|turn|9
|
|t:|1781228573
|switch|p2a: Cloyster|Cloyster, M|52/100
|-status|p2a: Cloyster|tox
|move|p1a: Chesnaught|Iron Defense|p1a: Chesnaught
|-boost|p1a: Chesnaught|def|2
|
|-damage|p2a: Cloyster|46/100 tox|[from] psn
|upkeep
|turn|10
|
|t:|1781228580
|move|p2a: Cloyster|Icicle Spear|p1a: Chesnaught
|-supereffective|p1a: Chesnaught
|-damage|p1a: Chesnaught|93/100
|-supereffective|p1a: Chesnaught
|-damage|p1a: Chesnaught|85/100
|-supereffective|p1a: Chesnaught
|-damage|p1a: Chesnaught|78/100
|-supereffective|p1a: Chesnaught
|-damage|p1a: Chesnaught|70/100
|-supereffective|p1a: Chesnaught
|-damage|p1a: Chesnaught|63/100
|-hitcount|p1a: Chesnaught|5
|move|p1a: Chesnaught|Body Press|p2a: Cloyster
|-supereffective|p2a: Cloyster
|-damage|p2a: Cloyster|0 fnt
|faint|p2a: Cloyster
|
|-heal|p1a: Chesnaught|69/100|[from] item: Leftovers
|upkeep
|
|t:|1781228595
|switch|p2a: Maushold|Maushold|100/100
|-status|p2a: Maushold|tox
|turn|11
|
|t:|1781228600
|-terastallize|p2a: Maushold|Ghost
|move|p2a: Maushold|Tidy Up|p2a: Maushold
|-sideend|p2: Moistmakerjr|Toxic Spikes
|-activate|p2a: Maushold|move: Tidy Up
|-boost|p2a: Maushold|atk|1
|-boost|p2a: Maushold|spe|1
|move|p1a: Chesnaught|Body Press|p2a: Maushold
|-immune|p2a: Maushold
|
|-heal|p1a: Chesnaught|76/100|[from] item: Leftovers
|-damage|p2a: Maushold|94/100 tox|[from] psn
|upkeep
|turn|12
|
|t:|1781228609
|move|p2a: Maushold|Population Bomb|p1a: Chesnaught
|-damage|p1a: Chesnaught|70/100
|-damage|p1a: Chesnaught|65/100
|-damage|p1a: Chesnaught|58/100
|-damage|p1a: Chesnaught|52/100
|-damage|p1a: Chesnaught|47/100
|-damage|p1a: Chesnaught|40/100
|-damage|p1a: Chesnaught|34/100
|-damage|p1a: Chesnaught|29/100
|-damage|p1a: Chesnaught|23/100
|-damage|p1a: Chesnaught|17/100
|-hitcount|p1a: Chesnaught|10
|move|p1a: Chesnaught|Leech Seed|p2a: Maushold|[miss]
|-miss|p1a: Chesnaught|p2a: Maushold
|
|-heal|p1a: Chesnaught|23/100|[from] item: Leftovers
|-damage|p2a: Maushold|82/100 tox|[from] psn
|upkeep
|turn|13
|
|t:|1781228617
|-terastallize|p1a: Chesnaught|Steel
|move|p2a: Maushold|Population Bomb|p1a: Chesnaught
|-resisted|p1a: Chesnaught
|-damage|p1a: Chesnaught|20/100
|-resisted|p1a: Chesnaught
|-damage|p1a: Chesnaught|17/100
|-resisted|p1a: Chesnaught
|-damage|p1a: Chesnaught|14/100
|-resisted|p1a: Chesnaught
|-damage|p1a: Chesnaught|12/100
|-resisted|p1a: Chesnaught
|-damage|p1a: Chesnaught|9/100
|-resisted|p1a: Chesnaught
|-damage|p1a: Chesnaught|6/100
|-resisted|p1a: Chesnaught
|-damage|p1a: Chesnaught|3/100
|-resisted|p1a: Chesnaught
|-damage|p1a: Chesnaught|0 fnt
|faint|p1a: Chesnaught
|-hitcount|p1: Chesnaught|8
|
|-damage|p2a: Maushold|63/100 tox|[from] psn
|upkeep
|
|t:|1781228622
|switch|p1a: Glimmora|Glimmora, F|58/100
|turn|14
|
|t:|1781228626
|move|p2a: Maushold|Population Bomb|p1a: Glimmora
|-resisted|p1a: Glimmora
|-damage|p1a: Glimmora|52/100
|-activate|p1a: Glimmora|ability: Toxic Debris
|-sidestart|p2: Moistmakerjr|move: Toxic Spikes
|-resisted|p1a: Glimmora
|-damage|p1a: Glimmora|45/100
|-activate|p1a: Glimmora|ability: Toxic Debris
|-sidestart|p2: Moistmakerjr|move: Toxic Spikes
|-resisted|p1a: Glimmora
|-damage|p1a: Glimmora|39/100
|-resisted|p1a: Glimmora
|-damage|p1a: Glimmora|32/100
|-resisted|p1a: Glimmora
|-damage|p1a: Glimmora|26/100
|-resisted|p1a: Glimmora
|-damage|p1a: Glimmora|20/100
|-resisted|p1a: Glimmora
|-damage|p1a: Glimmora|14/100
|-resisted|p1a: Glimmora
|-damage|p1a: Glimmora|7/100
|-resisted|p1a: Glimmora
|-damage|p1a: Glimmora|0 fnt
|faint|p1a: Glimmora
|-hitcount|p1: Glimmora|9
|
|-damage|p2a: Maushold|38/100 tox|[from] psn
|upkeep
|
|t:|1781228630
|switch|p1a: Ceruledge|Ceruledge, M|19/100
|turn|15
|
|t:|1781228632
|move|p1a: Ceruledge|Shadow Sneak|p2a: Maushold
|-supereffective|p2a: Maushold
|-damage|p2a: Maushold|0 fnt
|faint|p2a: Maushold
|
|upkeep
|
|t:|1781228633
|switch|p2a: Dragonite|Dragonite, M|100/100
|turn|16
|
|t:|1781228641
|move|p2a: Dragonite|Scale Shot|p1a: Ceruledge
|-damage|p1a: Ceruledge|3/100
|-damage|p1a: Ceruledge|0 fnt
|faint|p1a: Ceruledge
|-hitcount|p1: Ceruledge|2
|-unboost|p2a: Dragonite|def|1
|-boost|p2a: Dragonite|spe|1
|
|upkeep
|
|t:|1781228650
|switch|p1a: Kilowattrel|Kilowattrel, M, shiny|100/100
|turn|17
|
|t:|1781228653
|move|p2a: Dragonite|Scale Shot|p1a: Kilowattrel
|-damage|p1a: Kilowattrel|71/100
|-damage|p1a: Kilowattrel|45/100
|-damage|p1a: Kilowattrel|15/100
|-damage|p1a: Kilowattrel|0 fnt
|faint|p1a: Kilowattrel
|-hitcount|p1: Kilowattrel|4
|-unboost|p2a: Dragonite|def|1
|-boost|p2a: Dragonite|spe|1
|
|upkeep
|
|t:|1781228659
|switch|p1a: Gastrodon|Gastrodon, F|100/100
|turn|18
|
|t:|1781228661
|move|p2a: Dragonite|Scale Shot|p1a: Gastrodon
|-damage|p1a: Gastrodon|84/100
|-damage|p1a: Gastrodon|69/100
|-damage|p1a: Gastrodon|53/100
|-damage|p1a: Gastrodon|36/100
|-damage|p1a: Gastrodon|19/100
|-hitcount|p1a: Gastrodon|5
|-unboost|p2a: Dragonite|def|1
|-boost|p2a: Dragonite|spe|1
|move|p1a: Gastrodon|Ice Beam|p2a: Dragonite
|-supereffective|p2a: Dragonite
|-damage|p2a: Dragonite|58/100
|
|-heal|p1a: Gastrodon|25/100|[from] item: Leftovers
|upkeep
|turn|19
|
|t:|1781228663
|move|p2a: Dragonite|Scale Shot|p1a: Gastrodon
|-damage|p1a: Gastrodon|10/100
|-damage|p1a: Gastrodon|0 fnt
|faint|p1a: Gastrodon
|-hitcount|p1: Gastrodon|2
|
|win|Moistmakerjr
|raw|kemious's rating: 1535 &rarr; <strong>1519</strong><br />(-16 for losing)
|raw|Moistmakerjr's rating: 1608 &rarr; <strong>1624</strong><br />(+16 for winning)
|l|☆kemious
|player|p1|
