|j|☆CDPGuillaume
|j|☆dracovishsfan
|t:|1781252750
|gametype|singles
|player|p1|CDPGuillaume|266|1685
|player|p2|dracovishsfan|n|1786
|gen|9
|tier|[Gen 9] OU
|rated|
|rule|HP Percentage Mod: HP is shown in percentages
|rule|Endless Battle Clause: Forcing endless battles is banned
|rule|Species Clause: Limit one of each Pokémon
|rule|OHKO Clause: OHKO moves are banned
|rule|Evasion Items Clause: Evasion items are banned
|rule|Evasion Moves Clause: Evasion moves are banned
|rule|Evasion Abilities Clause: Evasion abilities are banned
|rule|Sleep Moves Clause: Sleep-inducing moves are banned
|clearpoke
|poke|p1|Iron Hands|
|poke|p1|Primarina, F|
|poke|p1|Kingambit, M|
|poke|p1|Rillaboom, M|
|poke|p1|Kyurem|
|poke|p1|Cinderace, M|
|poke|p2|Gholdengo|
|poke|p2|Dragonite, F|
|poke|p2|Raging Bolt|
|poke|p2|Great Tusk|
|poke|p2|Iron Valiant|
|poke|p2|Ting-Lu|
|teampreview
|inactive|Battle timer is ON: inactive players will automatically lose when time's up. (requested by dracovishsfan)
|
|t:|1781252762
|teamsize|p1|6
|teamsize|p2|6
|start
|switch|p1a: Kyurem|Kyurem|100/100
|switch|p2a: Great Tusk|Great Tusk|100/100
|-ability|p1a: Kyurem|Pressure
|turn|1
|
|t:|1781252768
|-terastallize|p2a: Great Tusk|Ice
|move|p1a: Kyurem|Ice Beam|p2a: Great Tusk
|-resisted|p2a: Great Tusk
|-damage|p2a: Great Tusk|67/100
|move|p2a: Great Tusk|Close Combat|p1a: Kyurem
|-supereffective|p1a: Kyurem
|-damage|p1a: Kyurem|0 fnt
|-unboost|p2a: Great Tusk|def|1
|-unboost|p2a: Great Tusk|spd|1
|faint|p1a: Kyurem
|
|upkeep
|
|t:|1781252776
|switch|p1a: Cinderace|Cinderace, M|100/100
|turn|2
|
|t:|1781252779
|-end|p2a: Great Tusk|Protosynthesis|[silent]
|switch|p2a: Great Neck|Raging Bolt|100/100
|move|p1a: Cinderace|Pyro Ball|p2a: Great Neck
|-resisted|p2a: Great Neck
|-damage|p2a: Great Neck|79/100
|
|upkeep
|turn|3
|
|t:|1781252782
|move|p1a: Cinderace|High Jump Kick|p2a: Great Neck
|-start|p1a: Cinderace|typechange|Fighting|[from] ability: Libero
|-damage|p2a: Great Neck|31/100
|move|p2a: Great Neck|Volt Switch|p1a: Cinderace
|-damage|p1a: Cinderace|11/100
|
|t:|1781252793
|-end|p2a: Great Neck|Protosynthesis|[silent]
|switch|p2a: Iron Valiant|Iron Valiant|100/100|[from] Volt Switch
|-enditem|p2a: Iron Valiant|Booster Energy
|-activate|p2a: Iron Valiant|ability: Quark Drive|[fromitem]
|-start|p2a: Iron Valiant|quarkdrivespe
|
|upkeep
|turn|4
|
|t:|1781252799
|move|p2a: Iron Valiant|Moonblast|p1a: Cinderace
|-supereffective|p1a: Cinderace
|-damage|p1a: Cinderace|0 fnt
|faint|p1a: Cinderace
|
|upkeep
|
|t:|1781252805
|switch|p1a: Primarina|Primarina, F|100/100
|turn|5
|
|t:|1781252811
|-end|p2a: Iron Valiant|Quark Drive|[silent]
|switch|p2a: Ting-Lu|Ting-Lu|100/100
|-ability|p2a: Ting-Lu|Vessel of Ruin
|move|p1a: Primarina|Surf|p2a: Ting-Lu
|-supereffective|p2a: Ting-Lu
|-damage|p2a: Ting-Lu|27/100
|
|-heal|p2a: Ting-Lu|33/100|[from] item: Leftovers
|upkeep
|turn|6
|
|t:|1781252817
|move|p1a: Primarina|Surf|p2a: Ting-Lu
|-supereffective|p2a: Ting-Lu
|-damage|p2a: Ting-Lu|0 fnt
|faint|p2a: Ting-Lu
|
|upkeep
|
|t:|1781252818
|switch|p2a: Gholdengo|Gholdengo|100/100
|turn|7
|j| Schlafparalyse
|
|t:|1781252824
|switch|p1a: Iron Hands|Iron Hands|100/100
|move|p2a: Gholdengo|Make It Rain|p1a: Iron Hands
|-resisted|p1a: Iron Hands
|-damage|p1a: Iron Hands|75/100
|-unboost|p2a: Gholdengo|spa|1
|
|upkeep
|turn|8
|
|t:|1781252833
|switch|p2a: Great Tusk|Great Tusk, tera:Ice|67/100
|move|p1a: Iron Hands|Drain Punch|p2a: Great Tusk
|-supereffective|p2a: Great Tusk
|-damage|p2a: Great Tusk|15/100
|-heal|p1a: Iron Hands|99/100|[from] drain|[of] p2a: Great Tusk
|
|upkeep
|turn|9
|
|t:|1781252837
|-end|p1a: Iron Hands|Quark Drive|[silent]
|switch|p1a: Rillaboom|Rillaboom, M|100/100
|-fieldstart|move: Grassy Terrain|[from] ability: Grassy Surge|[of] p1a: Rillaboom
|move|p2a: Great Tusk|Headlong Rush|p1a: Rillaboom
|-resisted|p1a: Rillaboom
|-damage|p1a: Rillaboom|69/100
|-unboost|p2a: Great Tusk|def|1
|-unboost|p2a: Great Tusk|spd|1
|
|-heal|p2a: Great Tusk|21/100|[from] Grassy Terrain
|-heal|p1a: Rillaboom|75/100|[from] Grassy Terrain
|upkeep
|turn|10
|
|t:|1781252841
|-end|p2a: Great Tusk|Protosynthesis|[silent]
|switch|p2a: Dragonite|Dragonite, F|100/100
|move|p1a: Rillaboom|Grassy Glide|p2a: Dragonite
|-resisted|p2a: Dragonite
|-damage|p2a: Dragonite|93/100
|
|-heal|p1a: Rillaboom|81/100|[from] Grassy Terrain
|upkeep
|turn|11
|
|t:|1781252845
|switch|p1a: Primarina|Primarina, F|100/100
|move|p2a: Dragonite|Dragon Dance|p2a: Dragonite
|-boost|p2a: Dragonite|atk|1
|-boost|p2a: Dragonite|spe|1
|
|upkeep
|turn|12
|
|t:|1781252854
|move|p2a: Dragonite|Extreme Speed|p1a: Primarina
|-damage|p1a: Primarina|43/100
|move|p1a: Primarina|Moonblast|p2a: Dragonite
|-supereffective|p2a: Dragonite
|-damage|p2a: Dragonite|0 fnt
|faint|p2a: Dragonite
|
|-heal|p1a: Primarina|49/100|[from] Grassy Terrain
|upkeep
|
|t:|1781252858
|switch|p2a: Gholdengo|Gholdengo|100/100
|turn|13
|
|t:|1781252864
|switch|p1a: Iron Hands|Iron Hands|99/100
|move|p2a: Gholdengo|Shadow Ball|p1a: Iron Hands
|-damage|p1a: Iron Hands|63/100
|
|-heal|p1a: Iron Hands|69/100|[from] Grassy Terrain
|-fieldend|move: Grassy Terrain
|upkeep
|turn|14
|
|t:|1781252872
|move|p2a: Gholdengo|Shadow Ball|p1a: Iron Hands
|-damage|p1a: Iron Hands|31/100
|move|p1a: Iron Hands|Earthquake|p2a: Gholdengo
|-supereffective|p2a: Gholdengo
|-damage|p2a: Gholdengo|14/100
|
|upkeep
|turn|15
|
|t:|1781252891
|move|p2a: Gholdengo|Shadow Ball|p1a: Iron Hands
|-damage|p1a: Iron Hands|0 fnt
|faint|p1a: Iron Hands
|-end|p1a: Iron Hands|Quark Drive|[silent]
|
|upkeep
|
|t:|1781252894
|switch|p1a: Rillaboom|Rillaboom, M|81/100
|-fieldstart|move: Grassy Terrain|[from] ability: Grassy Surge|[of] p1a: Rillaboom
|turn|16
|
|t:|1781252904
|move|p1a: Rillaboom|Grassy Glide|p2a: Gholdengo
|-resisted|p2a: Gholdengo
|-damage|p2a: Gholdengo|0 fnt
|faint|p2a: Gholdengo
|
|-heal|p1a: Rillaboom|88/100|[from] Grassy Terrain
|upkeep
|
|t:|1781252906
|switch|p2a: Great Neck|Raging Bolt|31/100
|turn|17
|
|t:|1781252911
|-terastallize|p1a: Rillaboom|Grass
|move|p1a: Rillaboom|Grassy Glide|p2a: Great Neck
|-resisted|p2a: Great Neck
|-damage|p2a: Great Neck|0 fnt
|faint|p2a: Great Neck
|-end|p2a: Great Neck|Protosynthesis|[silent]
|
|-heal|p1a: Rillaboom|94/100|[from] Grassy Terrain
|upkeep
|-message|dracovishsfan forfeited.
|
|win|CDPGuillaume
|raw|CDPGuillaume's rating: 1685 &rarr; <strong>1711</strong><br />(+26 for winning)
|raw|dracovishsfan's rating: 1786 &rarr; <strong>1760</strong><br />(-26 for losing)
|l|☆dracovishsfan
|player|p2|
|l|☆CDPGuillaume
|player|p1|
