|j|☆kooopooolooo
|j|☆jonuz
|t:|1781285213
|gametype|singles
|player|p1|kooopooolooo|169|1626
|player|p2|jonuz|101|1756
|gen|9
|tier|[Gen 9] OU
|rated|
|rule|HP Percentage Mod: HP is shown in percentages
|rule|Endless Battle Clause: Forcing endless battles is banned
|rule|Species Clause: Limit one of each Pokémon
|rule|OHKO Clause: OHKO moves are banned
|rule|Evasion Items Clause: Evasion items are banned
|rule|Evasion Moves Clause: Evasion moves are banned
|rule|Evasion Abilities Clause: Evasion abilities are banned
|rule|Sleep Moves Clause: Sleep-inducing moves are banned
|clearpoke
|poke|p1|Excadrill, F|
|poke|p1|Tyranitar, M|
|poke|p1|Rillaboom, F|
|poke|p1|Hatterene, F|
|poke|p1|Heatran, M|
|poke|p1|Corviknight, M|
|poke|p2|Gholdengo|
|poke|p2|Darkrai|
|poke|p2|Clefable, F|
|poke|p2|Ting-Lu|
|poke|p2|Dragonite, F|
|poke|p2|Pecharunt|
|teampreview
|
|t:|1781285231
|teamsize|p1|6
|teamsize|p2|6
|start
|switch|p1a: Rillaboom|Rillaboom, F|100/100
|switch|p2a: Darkrai|Darkrai|100/100
|-fieldstart|move: Grassy Terrain|[from] ability: Grassy Surge|[of] p1a: Rillaboom
|turn|1
|inactive|Battle timer is ON: inactive players will automatically lose when time's up. (requested by kooopooolooo)
|
|t:|1781285241
|switch|p2a: Pecharunt|Pecharunt|100/100
|switch|p1a: Heatran|Heatran, M|100/100
|
|upkeep
|turn|2
|
|t:|1781285245
|move|p1a: Heatran|Magma Storm|p2a: Pecharunt
|-damage|p2a: Pecharunt|52/100
|-activate|p2a: Pecharunt|move: Magma Storm|[of] p1a: Heatran
|move|p2a: Pecharunt|Parting Shot|p1a: Heatran
|-unboost|p1a: Heatran|atk|1
|-unboost|p1a: Heatran|spa|1
|j| KangkongNation
|
|t:|1781285249
|switch|p2a: Ting-Lu|Ting-Lu|100/100|[from] Parting Shot
|-ability|p2a: Ting-Lu|Vessel of Ruin
|
|upkeep
|turn|3
|l| KangkongNation
|
|t:|1781285255
|move|p1a: Heatran|Taunt|p2a: Ting-Lu
|-start|p2a: Ting-Lu|move: Taunt
|move|p2a: Ting-Lu|Ruination|p1a: Heatran
|-damage|p1a: Heatran|50/100
|
|-heal|p1a: Heatran|57/100|[from] Grassy Terrain
|-heal|p1a: Heatran|63/100|[from] item: Leftovers
|upkeep
|turn|4
|
|t:|1781285260
|move|p1a: Heatran|Stealth Rock|p2a: Ting-Lu
|-sidestart|p2: jonuz|move: Stealth Rock
|move|p2a: Ting-Lu|Ruination|p1a: Heatran
|-damage|p1a: Heatran|32/100
|
|-heal|p1a: Heatran|38/100|[from] Grassy Terrain
|-heal|p1a: Heatran|44/100|[from] item: Leftovers
|upkeep
|turn|5
|
|t:|1781285268
|switch|p1a: Rillaboom|Rillaboom, F|100/100
|move|p2a: Ting-Lu|Earthquake|p1a: Rillaboom
|-resisted|p1a: Rillaboom
|-damage|p1a: Rillaboom|91/100
|
|-heal|p1a: Rillaboom|97/100|[from] Grassy Terrain
|-end|p2a: Ting-Lu|move: Taunt
|-fieldend|move: Grassy Terrain
|upkeep
|turn|6
|
|t:|1781285278
|move|p1a: Rillaboom|Swords Dance|p1a: Rillaboom
|-boost|p1a: Rillaboom|atk|2
|move|p2a: Ting-Lu|Stealth Rock|p1a: Rillaboom
|-sidestart|p1: kooopooolooo|move: Stealth Rock
|
|upkeep
|turn|7
|
|t:|1781285283
|switch|p2a: Pecharunt|Pecharunt|52/100
|move|p1a: Rillaboom|Grassy Glide|p2a: Pecharunt
|-resisted|p2a: Pecharunt
|-damage|p2a: Pecharunt|34/100
|-damage|p1a: Rillaboom|87/100|[from] item: Life Orb
|
|upkeep
|turn|8
|
|t:|1781285301
|move|p1a: Rillaboom|High Horsepower|p2a: Pecharunt
|-supereffective|p2a: Pecharunt
|-damage|p2a: Pecharunt|0 fnt
|faint|p2a: Pecharunt
|-damage|p1a: Rillaboom|77/100|[from] item: Life Orb
|
|upkeep
|
|t:|1781285303
|switch|p2a: Darkrai|Darkrai|100/100
|-damage|p2a: Darkrai|88/100|[from] Stealth Rock
|turn|9
|
|t:|1781285307
|switch|p1a: Heatran|Heatran, M|44/100
|-damage|p1a: Heatran|32/100|[from] Stealth Rock
|move|p2a: Darkrai|Ice Beam|p1a: Heatran
|-resisted|p1a: Heatran
|-damage|p1a: Heatran|22/100
|
|-heal|p1a: Heatran|28/100|[from] item: Leftovers
|upkeep
|turn|10
|
|t:|1781285312
|switch|p2a: Ting-Lu|Ting-Lu|100/100
|-damage|p2a: Ting-Lu|94/100|[from] Stealth Rock
|-ability|p2a: Ting-Lu|Vessel of Ruin
|move|p1a: Heatran|Magma Storm|p2a: Ting-Lu
|-damage|p2a: Ting-Lu|71/100
|-activate|p2a: Ting-Lu|move: Magma Storm|[of] p1a: Heatran
|-enditem|p2a: Ting-Lu|Red Card|[of] p1a: Heatran
|drag|p1a: Rillaboom|Rillaboom, F|77/100
|-damage|p1a: Rillaboom|65/100|[from] Stealth Rock
|-fieldstart|move: Grassy Terrain|[from] ability: Grassy Surge|[of] p1a: Rillaboom
|
|-heal|p1a: Rillaboom|71/100|[from] Grassy Terrain
|-heal|p2a: Ting-Lu|77/100|[from] Grassy Terrain
|-end|p2a: Ting-Lu|Magma Storm|[partiallytrapped]|[silent]
|upkeep
|turn|11
|
|t:|1781285327
|move|p1a: Rillaboom|Swords Dance|p1a: Rillaboom
|-boost|p1a: Rillaboom|atk|2
|move|p2a: Ting-Lu|Spikes|p1a: Rillaboom
|-sidestart|p1: kooopooolooo|Spikes
|
|-heal|p1a: Rillaboom|77/100|[from] Grassy Terrain
|-heal|p2a: Ting-Lu|83/100|[from] Grassy Terrain
|upkeep
|turn|12
|
|t:|1781285329
|move|p1a: Rillaboom|Grassy Glide|p2a: Ting-Lu
|-supereffective|p2a: Ting-Lu
|-damage|p2a: Ting-Lu|0 fnt
|faint|p2a: Ting-Lu
|-damage|p1a: Rillaboom|67/100|[from] item: Life Orb
|
|-heal|p1a: Rillaboom|73/100|[from] Grassy Terrain
|upkeep
|
|t:|1781285341
|switch|p2a: Dragonite|Dragonite, F|100/100
|turn|13
|
|t:|1781285348
|switch|p1a: Corviknight|Corviknight, M|100/100
|-damage|p1a: Corviknight|88/100|[from] Stealth Rock
|move|p2a: Dragonite|Extreme Speed|p1a: Corviknight
|-resisted|p1a: Corviknight
|-damage|p1a: Corviknight|79/100
|-damage|p2a: Dragonite|84/100|[from] item: Rocky Helmet|[of] p1a: Corviknight
|
|upkeep
|turn|14
|inactive|kooopooolooo has 120 seconds left.
|
|t:|1781285379
|switch|p2a: Gholdengo|Gholdengo|100/100
|-damage|p2a: Gholdengo|94/100|[from] Stealth Rock
|move|p1a: Corviknight|U-turn|p2a: Gholdengo
|-resisted|p2a: Gholdengo
|-damage|p2a: Gholdengo|91/100
|
|t:|1781285381
|switch|p1a: Tyranitar|Tyranitar, M|100/100|[from] U-turn
|-damage|p1a: Tyranitar|88/100|[from] Stealth Rock
|-damage|p1a: Tyranitar|76/100|[from] Spikes
|-weather|Sandstorm|[from] ability: Sand Stream|[of] p1a: Tyranitar
|
|-weather|Sandstorm|[upkeep]
|-heal|p2a: Gholdengo|97/100|[from] Grassy Terrain
|-heal|p1a: Tyranitar|82/100|[from] Grassy Terrain
|-fieldend|move: Grassy Terrain
|upkeep
|turn|15
|
|t:|1781285389
|switch|p2a: Clefable|Clefable, F|100/100
|move|p1a: Tyranitar|Knock Off|p2a: Clefable
|-resisted|p2a: Clefable
|-damage|p2a: Clefable|67/100
|-enditem|p2a: Clefable|Leftovers|[from] move: Knock Off|[of] p1a: Tyranitar
|
|-weather|Sandstorm|[upkeep]
|upkeep
|turn|16
|
|t:|1781285395
|switch|p1a: Heatran|Heatran, M|28/100
|-damage|p1a: Heatran|16/100|[from] Stealth Rock
|-damage|p1a: Heatran|3/100|[from] Spikes
|move|p2a: Clefable|Knock Off|p1a: Heatran
|-damage|p1a: Heatran|0 fnt
|-enditem|p1a: Heatran|Leftovers|[from] move: Knock Off|[of] p2a: Clefable
|faint|p1a: Heatran
|
|-weather|Sandstorm|[upkeep]
|upkeep
|
|t:|1781285398
|switch|p1a: Excadrill|Excadrill, F|100/100
|turn|17
|
|t:|1781285403
|move|p1a: Excadrill|Rapid Spin|p2a: Clefable
|-damage|p2a: Clefable|54/100
|-boost|p1a: Excadrill|spe|1
|-sideend|p1: kooopooolooo|Spikes|[from] move: Rapid Spin|[of] p1a: Excadrill
|-sideend|p1: kooopooolooo|Stealth Rock|[from] move: Rapid Spin|[of] p1a: Excadrill
|move|p2a: Clefable|Knock Off|p1a: Excadrill
|-damage|p1a: Excadrill|79/100
|-enditem|p1a: Excadrill|Heavy-Duty Boots|[from] move: Knock Off|[of] p2a: Clefable
|
|-weather|Sandstorm|[upkeep]
|upkeep
|turn|18
|inactive|kooopooolooo has 120 seconds left.
|
|t:|1781285442
|switch|p2a: Dragonite|Dragonite, F|84/100
|move|p1a: Excadrill|Iron Head|p2a: Dragonite
|-damage|p2a: Dragonite|44/100
|
|-weather|none
|upkeep
|turn|19
|
|t:|1781285446
|move|p1a: Excadrill|Iron Head|p2a: Dragonite
|-damage|p2a: Dragonite|9/100
|move|p2a: Dragonite|Roost|p2a: Dragonite
|-heal|p2a: Dragonite|60/100
|-singleturn|p2a: Dragonite|move: Roost
|
|upkeep
|turn|20
|
|t:|1781285451
|move|p1a: Excadrill|Rock Slide|p2a: Dragonite|[miss]
|-miss|p1a: Excadrill|p2a: Dragonite
|move|p2a: Dragonite|Dragon Dance|p2a: Dragonite
|-boost|p2a: Dragonite|atk|1
|-boost|p2a: Dragonite|spe|1
|
|upkeep
|turn|21
|
|t:|1781285459
|-terastallize|p2a: Dragonite|Normal
|move|p1a: Excadrill|Rock Slide|p2a: Dragonite
|-damage|p2a: Dragonite|38/100
|cant|p2a: Dragonite|flinch
|
|upkeep
|turn|22
|
|t:|1781285466
|move|p1a: Excadrill|High Horsepower|p2a: Dragonite
|-damage|p2a: Dragonite|0 fnt
|faint|p2a: Dragonite
|
|upkeep
|-message|jonuz forfeited.
|
|win|kooopooolooo
|raw|kooopooolooo's rating: 1626 &rarr; <strong>1653</strong><br />(+27 for winning)
|raw|jonuz's rating: 1756 &rarr; <strong>1729</strong><br />(-27 for losing)
|l|☆jonuz
|player|p2|
|l|☆kooopooolooo
|player|p1|
