|j|☆goshdarnittt
|j|☆Yujiro-Jamon
|t:|1781195105
|gametype|singles
|player|p1|goshdarnittt|yellow|1536
|player|p2|Yujiro-Jamon|alder|1558
|gen|9
|tier|[Gen 9] OU
|rated|
|rule|HP Percentage Mod: HP is shown in percentages
|rule|Endless Battle Clause: Forcing endless battles is banned
|rule|Species Clause: Limit one of each Pokémon
|rule|OHKO Clause: OHKO moves are banned
|rule|Evasion Items Clause: Evasion items are banned
|rule|Evasion Moves Clause: Evasion moves are banned
|rule|Evasion Abilities Clause: Evasion abilities are banned
|rule|Sleep Moves Clause: Sleep-inducing moves are banned
|clearpoke
|poke|p1|Pelipper, F|
|poke|p1|Golduck, F|
|poke|p1|Raging Bolt|
|poke|p1|Barraskewda, M|
|poke|p1|Tentacruel, M|
|poke|p1|Pawmot, M|
|poke|p2|Deoxys-Speed|
|poke|p2|Clefable, M|
|poke|p2|Conkeldurr, M|
|poke|p2|Blaziken, F|
|poke|p2|Ting-Lu|
|poke|p2|Corviknight, M|
|teampreview
|
|t:|1781195123
|teamsize|p1|6
|teamsize|p2|6
|start
|switch|p1a: Pelipper|Pelipper, F|100/100
|switch|p2a: Deoxys|Deoxys-Speed|100/100
|-ability|p2a: Deoxys|Pressure
|-weather|RainDance|[from] ability: Drizzle|[of] p1a: Pelipper
|turn|1
|inactive|Battle timer is ON: inactive players will automatically lose when time's up. (requested by goshdarnittt)
|
|t:|1781195146
|move|p2a: Deoxys|Nasty Plot|p2a: Deoxys
|-boost|p2a: Deoxys|spa|2
|move|p1a: Pelipper|U-turn|p2a: Deoxys
|-supereffective|p2a: Deoxys
|-damage|p2a: Deoxys|80/100
|
|t:|1781195157
|switch|p1a: Barraskewda|Barraskewda, M|100/100|[from] U-turn
|
|-weather|RainDance|[upkeep]
|-heal|p2a: Deoxys|86/100|[from] item: Leftovers
|upkeep
|turn|2
|inactive|Yujiro-Jamon has 120 seconds left.
|
|t:|1781195187
|switch|p2a: Corviknight|Corviknight, M|100/100
|move|p1a: Barraskewda|Liquidation|p2a: Corviknight
|-damage|p2a: Corviknight|49/100
|-damage|p1a: Barraskewda|84/100|[from] item: Rocky Helmet|[of] p2a: Corviknight
|
|-weather|RainDance|[upkeep]
|upkeep
|turn|3
|
|t:|1781195201
|move|p1a: Barraskewda|Liquidation|p2a: Corviknight
|-damage|p2a: Corviknight|3/100
|-damage|p1a: Barraskewda|68/100|[from] item: Rocky Helmet|[of] p2a: Corviknight
|move|p2a: Corviknight|Roost|p2a: Corviknight
|-heal|p2a: Corviknight|53/100
|-singleturn|p2a: Corviknight|move: Roost
|
|-weather|RainDance|[upkeep]
|upkeep
|turn|4
|
|t:|1781195205
|switch|p1a: Raging Bolt|Raging Bolt|100/100
|move|p2a: Corviknight|Roost|p2a: Corviknight
|-heal|p2a: Corviknight|100/100
|-singleturn|p2a: Corviknight|move: Roost
|
|-weather|RainDance|[upkeep]
|upkeep
|turn|5
|
|t:|1781195208
|switch|p2a: Ting-Lu|Ting-Lu|100/100
|-ability|p2a: Ting-Lu|Vessel of Ruin
|move|p1a: Raging Bolt|Weather Ball|p2a: Ting-Lu
|-supereffective|p2a: Ting-Lu
|-damage|p2a: Ting-Lu|22/100
|-damage|p1a: Raging Bolt|91/100|[from] item: Life Orb
|
|-weather|RainDance|[upkeep]
|-heal|p2a: Ting-Lu|28/100|[from] item: Leftovers
|upkeep
|turn|6
|
|t:|1781195216
|move|p1a: Raging Bolt|Weather Ball|p2a: Ting-Lu
|-supereffective|p2a: Ting-Lu
|-damage|p2a: Ting-Lu|0 fnt
|faint|p2a: Ting-Lu
|-damage|p1a: Raging Bolt|81/100|[from] item: Life Orb
|
|-weather|RainDance|[upkeep]
|upkeep
|
|t:|1781195223
|switch|p2a: Conkeldurr|Conkeldurr, M|100/100
|turn|7
|
|t:|1781195231
|move|p1a: Raging Bolt|Thunder|p2a: Conkeldurr
|-damage|p2a: Conkeldurr|34/100
|-status|p2a: Conkeldurr|par
|-damage|p1a: Raging Bolt|71/100|[from] item: Life Orb
|cant|p2a: Conkeldurr|par
|
|-weather|RainDance|[upkeep]
|upkeep
|turn|8
|
|t:|1781195237
|move|p2a: Conkeldurr|Mach Punch|p1a: Raging Bolt
|-damage|p1a: Raging Bolt|39/100
|move|p1a: Raging Bolt|Thunder|p2a: Conkeldurr
|-damage|p2a: Conkeldurr|0 fnt
|faint|p2a: Conkeldurr
|-damage|p1a: Raging Bolt|29/100|[from] item: Life Orb
|
|-weather|none
|upkeep
|
|t:|1781195246
|switch|p2a: Blaziken|Blaziken, F|100/100
|turn|9
|
|t:|1781195249
|-end|p1a: Raging Bolt|Protosynthesis|[silent]
|switch|p1a: Pelipper|Pelipper, F|100/100
|-weather|RainDance|[from] ability: Drizzle|[of] p1a: Pelipper
|move|p2a: Blaziken|Protect||[still]
|-fail|p2a: Blaziken
|
|-weather|RainDance|[upkeep]
|-ability|p2a: Blaziken|Speed Boost|boost
|-boost|p2a: Blaziken|spe|1
|upkeep
|turn|10
|
|t:|1781195253
|switch|p2a: Clefable|Clefable, M|100/100
|move|p1a: Pelipper|Surf|p2a: Clefable
|-damage|p2a: Clefable|72/100
|
|-weather|RainDance|[upkeep]
|-heal|p2a: Clefable|78/100|[from] item: Leftovers
|upkeep
|turn|11
|
|t:|1781195256
|move|p1a: Pelipper|U-turn|p2a: Clefable
|-resisted|p2a: Clefable
|-damage|p2a: Clefable|74/100
|
|t:|1781195258
|switch|p1a: Tentacruel|Tentacruel, M|100/100|[from] U-turn
|move|p2a: Clefable|Moonblast|p1a: Tentacruel
|-resisted|p1a: Tentacruel
|-damage|p1a: Tentacruel|92/100
|-unboost|p1a: Tentacruel|spa|1
|
|-weather|RainDance|[upkeep]
|-heal|p1a: Tentacruel|98/100|[from] ability: Rain Dish
|-heal|p2a: Clefable|80/100|[from] item: Leftovers
|upkeep
|turn|12
|
|t:|1781195263
|switch|p2a: Deoxys|Deoxys-Speed|86/100
|-ability|p2a: Deoxys|Pressure
|move|p1a: Tentacruel|Knock Off|p2a: Deoxys
|-supereffective|p2a: Deoxys
|-damage|p2a: Deoxys|46/100
|-enditem|p2a: Deoxys|Leftovers|[from] move: Knock Off|[of] p1a: Tentacruel
|
|-weather|RainDance|[upkeep]
|-heal|p1a: Tentacruel|100/100|[from] ability: Rain Dish
|upkeep
|turn|13
|
|t:|1781195270
|move|p2a: Deoxys|Psychic|p1a: Tentacruel
|-supereffective|p1a: Tentacruel
|-damage|p1a: Tentacruel|58/100
|move|p1a: Tentacruel|Flip Turn|p2a: Deoxys
|-crit|p2a: Deoxys
|-damage|p2a: Deoxys|2/100
|
|t:|1781195273
|switch|p1a: Barraskewda|Barraskewda, M|68/100|[from] Flip Turn
|
|-weather|RainDance|[upkeep]
|upkeep
|turn|14
|
|t:|1781195276
|move|p1a: Barraskewda|Flip Turn|p2a: Deoxys
|-damage|p2a: Deoxys|0 fnt
|faint|p2a: Deoxys
|
|t:|1781195285
|switch|p1a: Golduck|Golduck, F|100/100|[from] Flip Turn
|
|-weather|RainDance|[upkeep]
|upkeep
|-message|Yujiro-Jamon forfeited.
|
|win|goshdarnittt
|raw|goshdarnittt's rating: 1536 &rarr; <strong>1557</strong><br />(+21 for winning)
|raw|Yujiro-Jamon's rating: 1558 &rarr; <strong>1537</strong><br />(-21 for losing)
|l|☆Yujiro-Jamon
|player|p2|
|l|☆goshdarnittt
|player|p1|
