|j|☆yesterdaymister
|j|☆RobloxLoser
|t:|1781456821
|gametype|singles
|player|p1|yesterdaymister|striker|1738
|player|p2|RobloxLoser|hugh|1633
|gen|9
|tier|[Gen 9] OU
|rated|
|rule|HP Percentage Mod: HP is shown in percentages
|rule|Endless Battle Clause: Forcing endless battles is banned
|rule|Species Clause: Limit one of each Pokémon
|rule|OHKO Clause: OHKO moves are banned
|rule|Evasion Items Clause: Evasion items are banned
|rule|Evasion Moves Clause: Evasion moves are banned
|rule|Evasion Abilities Clause: Evasion abilities are banned
|rule|Sleep Moves Clause: Sleep-inducing moves are banned
|clearpoke
|poke|p1|Ninetales, F|
|poke|p1|Ceruledge, F|
|poke|p1|Venusaur, M|
|poke|p1|Hatterene, F|
|poke|p1|Great Tusk|
|poke|p1|Walking Wake|
|poke|p2|Zamazenta-*|
|poke|p2|Gholdengo|
|poke|p2|Ting-Lu|
|poke|p2|Great Tusk|
|poke|p2|Raging Bolt|
|poke|p2|Dragonite, M|
|teampreview
|inactive|Battle timer is ON: inactive players will automatically lose when time's up. (requested by yesterdaymister)
|
|t:|1781456833
|teamsize|p1|6
|teamsize|p2|6
|start
|switch|p1a: arda guler|Ninetales, F|100/100
|switch|p2a: Ting-Lu|Ting-Lu|100/100
|-weather|SunnyDay|[from] ability: Drought|[of] p1a: arda guler
|-ability|p2a: Ting-Lu|Vessel of Ruin
|turn|1
|
|t:|1781456836
|switch|p1a: maccabi|Hatterene, F|100/100
|move|p2a: Ting-Lu|Ruination|p1a: maccabi
|-damage|p1a: maccabi|50/100
|-enditem|p1a: maccabi|Eject Button
|
|t:|1781456839
|switch|p1a: chama|Walking Wake|100/100
|-activate|p1a: chama|ability: Protosynthesis
|-start|p1a: chama|protosynthesisspa
|
|-weather|SunnyDay|[upkeep]
|upkeep
|turn|2
|
|t:|1781456854
|-end|p1a: chama|Protosynthesis|[silent]
|switch|p1a: maccabi|Hatterene, F|50/100
|-terastallize|p2a: Ting-Lu|Water
|move|p2a: Ting-Lu|Stealth Rock|p1a: maccabi
|move|p1a: maccabi|Stealth Rock|p2a: Ting-Lu|[from] ability: Magic Bounce
|-sidestart|p2: RobloxLoser|move: Stealth Rock
|
|-weather|SunnyDay|[upkeep]
|upkeep
|turn|3
|
|t:|1781456862
|move|p2a: Ting-Lu|Stealth Rock|p1a: maccabi
|move|p1a: maccabi|Stealth Rock||[from] ability: Magic Bounce|[still]
|-fail|p1a: maccabi
|move|p1a: maccabi|Nuzzle|p2a: Ting-Lu
|-supereffective|p2a: Ting-Lu
|-damage|p2a: Ting-Lu|96/100
|-status|p2a: Ting-Lu|par
|-enditem|p2a: Ting-Lu|Red Card|[of] p1a: maccabi
|drag|p1a: chama|Walking Wake|100/100
|-activate|p1a: chama|ability: Protosynthesis
|-start|p1a: chama|protosynthesisspa
|
|-weather|SunnyDay|[upkeep]
|upkeep
|turn|4
|
|t:|1781456869
|-end|p1a: chama|Protosynthesis|[silent]
|switch|p1a: maccabi|Hatterene, F|50/100
|move|p2a: Ting-Lu|Heavy Slam|p1a: maccabi
|-supereffective|p1a: maccabi
|-damage|p1a: maccabi|0 fnt
|faint|p1a: maccabi
|
|-weather|SunnyDay|[upkeep]
|upkeep
|
|t:|1781456872
|switch|p1a: hans vanaken|Venusaur, M|100/100
|turn|5
|
|t:|1781456878
|move|p1a: hans vanaken|Growth|p1a: hans vanaken
|-boost|p1a: hans vanaken|atk|2
|-boost|p1a: hans vanaken|spa|2
|move|p2a: Ting-Lu|Stealth Rock|p1a: hans vanaken
|-sidestart|p1: yesterdaymister|move: Stealth Rock
|
|-weather|SunnyDay|[upkeep]
|upkeep
|turn|6
|
|t:|1781456882
|move|p1a: hans vanaken|Giga Drain|p2a: Ting-Lu
|-supereffective|p2a: Ting-Lu
|-damage|p2a: Ting-Lu|0 fnt
|faint|p2a: Ting-Lu
|-damage|p1a: hans vanaken|91/100|[from] item: Life Orb
|
|-weather|SunnyDay|[upkeep]
|upkeep
|
|t:|1781456885
|switch|p2a: Dragonite|Dragonite, M, shiny|100/100
|turn|7
|
|t:|1781456888
|move|p1a: hans vanaken|Sludge Bomb|p2a: Dragonite
|-damage|p2a: Dragonite|40/100
|-damage|p1a: hans vanaken|81/100|[from] item: Life Orb
|move|p2a: Dragonite|Ice Spinner|p1a: hans vanaken
|-supereffective|p1a: hans vanaken
|-damage|p1a: hans vanaken|0 fnt
|faint|p1a: hans vanaken
|
|-weather|SunnyDay|[upkeep]
|upkeep
|
|t:|1781456891
|switch|p1a: mignolet|Great Tusk|100/100
|-damage|p1a: mignolet|98/100|[from] Stealth Rock
|-activate|p1a: mignolet|ability: Protosynthesis
|-start|p1a: mignolet|protosynthesisspe
|turn|8
|
|t:|1781456898
|switch|p2a: Gholdengo|Gholdengo|100/100
|-damage|p2a: Gholdengo|94/100|[from] Stealth Rock
|-item|p2a: Gholdengo|Air Balloon
|move|p1a: mignolet|Ice Spinner|p2a: Gholdengo
|-resisted|p2a: Gholdengo
|-damage|p2a: Gholdengo|82/100
|-enditem|p2a: Gholdengo|Air Balloon
|
|-weather|none
|-end|p1a: mignolet|Protosynthesis
|upkeep
|turn|9
|
|t:|1781456905
|move|p1a: mignolet|Headlong Rush|p2a: Gholdengo
|-supereffective|p2a: Gholdengo
|-damage|p2a: Gholdengo|0 fnt
|-unboost|p1a: mignolet|def|1
|-unboost|p1a: mignolet|spd|1
|faint|p2a: Gholdengo
|
|upkeep
|
|t:|1781456910
|switch|p2a: Zamazenta|Zamazenta|100/100
|-damage|p2a: Zamazenta|94/100|[from] Stealth Rock
|-ability|p2a: Zamazenta|Dauntless Shield|boost
|-boost|p2a: Zamazenta|def|1
|turn|10
|
|t:|1781456915
|move|p2a: Zamazenta|Close Combat|p1a: mignolet
|-damage|p1a: mignolet|32/100
|-unboost|p2a: Zamazenta|def|1
|-unboost|p2a: Zamazenta|spd|1
|-damage|p2a: Zamazenta|78/100|[from] item: Rocky Helmet|[of] p1a: mignolet
|move|p1a: mignolet|Rapid Spin|p2a: Zamazenta
|-damage|p2a: Zamazenta|63/100
|-boost|p1a: mignolet|spe|1
|-sideend|p1: yesterdaymister|Stealth Rock|[from] move: Rapid Spin|[of] p1a: mignolet
|
|upkeep
|turn|11
|
|t:|1781456926
|switch|p2a: Great Tusk|Great Tusk|100/100
|-damage|p2a: Great Tusk|98/100|[from] Stealth Rock
|-enditem|p2a: Great Tusk|Booster Energy
|-activate|p2a: Great Tusk|ability: Protosynthesis|[fromitem]
|-start|p2a: Great Tusk|protosynthesisspe
|move|p1a: mignolet|Headlong Rush|p2a: Great Tusk
|-damage|p2a: Great Tusk|64/100
|-unboost|p1a: mignolet|def|1
|-unboost|p1a: mignolet|spd|1
|
|upkeep
|turn|12
|
|t:|1781456931
|-end|p1a: mignolet|Protosynthesis|[silent]
|switch|p1a: lebron|Ceruledge, F|100/100
|move|p2a: Great Tusk|Bulk Up|p2a: Great Tusk
|-boost|p2a: Great Tusk|atk|1
|-boost|p2a: Great Tusk|def|1
|
|upkeep
|turn|13
|
|t:|1781456944
|move|p2a: Great Tusk|Headlong Rush|p1a: lebron
|-supereffective|p1a: lebron
|-enditem|p1a: lebron|Focus Sash
|-damage|p1a: lebron|1/100
|-unboost|p2a: Great Tusk|def|1
|-unboost|p2a: Great Tusk|spd|1
|-ability|p1a: lebron|Weak Armor|boost
|-unboost|p1a: lebron|def|1
|-boost|p1a: lebron|spe|2
|move|p1a: lebron|Swords Dance|p1a: lebron
|-boost|p1a: lebron|atk|2
|
|upkeep
|turn|14
|
|t:|1781456951
|-end|p2a: Great Tusk|Protosynthesis|[silent]
|switch|p2a: Dragonite|Dragonite, M, shiny|40/100
|move|p1a: lebron|Bitter Blade|p2a: Dragonite
|-resisted|p2a: Dragonite
|-damage|p2a: Dragonite|0 fnt
|-heal|p1a: lebron|23/100|[from] drain|[of] p2a: Dragonite
|faint|p2a: Dragonite
|
|upkeep
|
|t:|1781456953
|switch|p2a: Raging Bolt|Raging Bolt|100/100
|-damage|p2a: Raging Bolt|88/100|[from] Stealth Rock
|-enditem|p2a: Raging Bolt|Booster Energy
|-activate|p2a: Raging Bolt|ability: Protosynthesis|[fromitem]
|-start|p2a: Raging Bolt|protosynthesisspa
|turn|15
|
|t:|1781456961
|move|p1a: lebron|Shadow Sneak|p2a: Raging Bolt
|-damage|p2a: Raging Bolt|54/100
|move|p2a: Raging Bolt|Draco Meteor|p1a: lebron
|-damage|p1a: lebron|0 fnt
|-unboost|p2a: Raging Bolt|spa|2
|faint|p1a: lebron
|
|upkeep
|
|t:|1781456970
|switch|p1a: chama|Walking Wake|100/100
|turn|16
|
|t:|1781456975
|move|p1a: chama|Dragon Pulse|p2a: Raging Bolt
|-supereffective|p2a: Raging Bolt
|-damage|p2a: Raging Bolt|0 fnt
|faint|p2a: Raging Bolt
|-end|p2a: Raging Bolt|Protosynthesis|[silent]
|
|upkeep
|
|t:|1781456978
|switch|p2a: Zamazenta|Zamazenta|63/100
|-damage|p2a: Zamazenta|57/100|[from] Stealth Rock
|turn|17
|
|t:|1781456983
|move|p2a: Zamazenta|Close Combat|p1a: chama
|-damage|p1a: chama|27/100
|-unboost|p2a: Zamazenta|def|1
|-unboost|p2a: Zamazenta|spd|1
|move|p1a: chama|Dragon Pulse|p2a: Zamazenta
|-damage|p2a: Zamazenta|0 fnt
|faint|p2a: Zamazenta
|
|upkeep
|-message|RobloxLoser forfeited.
|
|win|yesterdaymister
|raw|yesterdaymister's rating: 1738 &rarr; <strong>1752</strong><br />(+14 for winning)
|raw|RobloxLoser's rating: 1633 &rarr; <strong>1619</strong><br />(-14 for losing)
|l|☆RobloxLoser
|player|p2|
|l|☆yesterdaymister
|player|p1|
