|j|☆FP.//06
|j|☆I'm evil and spicy
|t:|1781078974
|gametype|singles
|player|p1|FP.//06|hilda-masters3|1626
|player|p2|I'm evil and spicy|266|1537
|gen|9
|tier|[Gen 9] OU
|rated|
|rule|HP Percentage Mod: HP is shown in percentages
|rule|Endless Battle Clause: Forcing endless battles is banned
|rule|Species Clause: Limit one of each Pokémon
|rule|OHKO Clause: OHKO moves are banned
|rule|Evasion Items Clause: Evasion items are banned
|rule|Evasion Moves Clause: Evasion moves are banned
|rule|Evasion Abilities Clause: Evasion abilities are banned
|rule|Sleep Moves Clause: Sleep-inducing moves are banned
|clearpoke
|poke|p1|Ogerpon, F|
|poke|p1|Samurott-Hisui, F|
|poke|p1|Blissey, F|
|poke|p1|Gliscor, F|
|poke|p1|Skarmory, M|
|poke|p1|Pecharunt|
|poke|p2|Enamorus, F|
|poke|p2|Zamazenta-*|
|poke|p2|Ceruledge, F|
|poke|p2|Iron Treads|
|poke|p2|Darkrai|
|poke|p2|Ogerpon-Wellspring, F|
|teampreview
|inactive|Battle timer is ON: inactive players will automatically lose when time's up. (requested by FP.//06)
|
|t:|1781079000
|teamsize|p1|6
|teamsize|p2|6
|start
|switch|p1a: Gliscor|Gliscor, F|100/100
|switch|p2a: Zamazenta|Zamazenta|100/100
|-ability|p2a: Zamazenta|Dauntless Shield|boost
|-boost|p2a: Zamazenta|def|1
|turn|1
|
|t:|1781079023
|move|p1a: Gliscor|Protect|p1a: Gliscor
|-singleturn|p1a: Gliscor|Protect
|move|p2a: Zamazenta|Reflect|p2a: Zamazenta
|-sidestart|p2: I'm evil and spicy|Reflect
|
|-status|p1a: Gliscor|tox|[from] item: Toxic Orb
|upkeep
|turn|2
|
|t:|1781079027
|move|p2a: Zamazenta|Light Screen|p2a: Zamazenta
|-sidestart|p2: I'm evil and spicy|move: Light Screen
|move|p1a: Gliscor|Toxic|p2a: Zamazenta
|-status|p2a: Zamazenta|tox
|
|-damage|p2a: Zamazenta|94/100 tox|[from] psn
|upkeep
|turn|3
|
|t:|1781079041
|switch|p2a: Ogerpon|Ogerpon-Wellspring, F|100/100
|move|p1a: Gliscor|Toxic|p2a: Ogerpon
|-status|p2a: Ogerpon|tox
|
|-damage|p2a: Ogerpon|95/100 tox|[from] psn
|upkeep
|turn|4
|
|t:|1781079049
|switch|p1a: Skarmory|Skarmory, M|100/100
|move|p2a: Ogerpon|Swords Dance|p2a: Ogerpon
|-boost|p2a: Ogerpon|atk|2
|
|-damage|p2a: Ogerpon|83/100 tox|[from] psn
|upkeep
|turn|5
|
|t:|1781079059
|-terastallize|p1a: Skarmory|Dragon
|move|p2a: Ogerpon|Ivy Cudgel|p1a: Skarmory|[anim] Ivy Cudgel Water
|-resisted|p1a: Skarmory
|-damage|p1a: Skarmory|64/100
|move|p1a: Skarmory|Whirlwind|p2a: Ogerpon
|drag|p2a: Iron Treads|Iron Treads|100/100
|
|upkeep
|turn|6
|
|t:|1781079070
|-end|p2a: Iron Treads|Quark Drive|[silent]
|switch|p2a: Enamorus|Enamorus, F|100/100
|move|p1a: Skarmory|Roost|p1a: Skarmory
|-heal|p1a: Skarmory|100/100
|
|upkeep
|turn|7
|
|t:|1781079085
|switch|p1a: Ogerpon|Ogerpon, F|100/100
|move|p2a: Enamorus|Calm Mind|p2a: Enamorus
|-boost|p2a: Enamorus|spa|1
|-boost|p2a: Enamorus|spd|1
|
|upkeep
|turn|8
|
|t:|1781079091
|switch|p2a: Ceruledge|Ceruledge, F|100/100
|move|p1a: Ogerpon|Encore||[still]
|-fail|p1a: Ogerpon
|
|-sideend|p2: I'm evil and spicy|Reflect
|upkeep
|turn|9
|
|t:|1781079096
|switch|p1a: Samurott|Samurott-Hisui, F|100/100
|move|p2a: Ceruledge|Bitter Blade|p1a: Samurott
|-resisted|p1a: Samurott
|-damage|p1a: Samurott|74/100
|
|-sideend|p2: I'm evil and spicy|move: Light Screen
|upkeep
|turn|10
|
|t:|1781079109
|switch|p2a: Zamazenta|Zamazenta|94/100 tox
|move|p1a: Samurott|Ceaseless Edge|p2a: Zamazenta
|-resisted|p2a: Zamazenta
|-damage|p2a: Zamazenta|76/100 tox
|-sidestart|p2: I'm evil and spicy|Spikes
|
|-damage|p2a: Zamazenta|70/100 tox|[from] psn
|upkeep
|turn|11
|
|t:|1781079114
|move|p2a: Zamazenta|Reflect|p2a: Zamazenta
|-sidestart|p2: I'm evil and spicy|Reflect
|move|p1a: Samurott|Ceaseless Edge|p2a: Zamazenta
|-resisted|p2a: Zamazenta
|-damage|p2a: Zamazenta|61/100 tox
|-sidestart|p2: I'm evil and spicy|Spikes
|
|-damage|p2a: Zamazenta|49/100 tox|[from] psn
|upkeep
|turn|12
|
|t:|1781079118
|switch|p1a: Skarmory|Skarmory, M, tera:Dragon|100/100
|move|p2a: Zamazenta|Light Screen|p2a: Zamazenta
|-sidestart|p2: I'm evil and spicy|move: Light Screen
|
|-damage|p2a: Zamazenta|30/100 tox|[from] psn
|upkeep
|turn|13
|
|t:|1781079123
|switch|p2a: Enamorus|Enamorus, F|100/100
|move|p1a: Skarmory|Stealth Rock|p2a: Enamorus
|-sidestart|p2: I'm evil and spicy|move: Stealth Rock
|
|upkeep
|turn|14
|
|t:|1781079130
|switch|p1a: Blissey|Blissey, F|100/100
|move|p2a: Enamorus|Moonblast|p1a: Blissey
|-damage|p1a: Blissey|85/100
|
|upkeep
|turn|15
|
|t:|1781079136
|switch|p1a: Ogerpon|Ogerpon, F|100/100
|-terastallize|p2a: Enamorus|Fairy
|move|p2a: Enamorus|Moonblast|p1a: Ogerpon
|-damage|p1a: Ogerpon|13/100
|
|upkeep
|turn|16
|
|t:|1781079141
|move|p1a: Ogerpon|U-turn|p2a: Enamorus
|-resisted|p2a: Enamorus
|-damage|p2a: Enamorus|92/100
|
|t:|1781079143
|switch|p1a: Blissey|Blissey, F|85/100|[from] U-turn
|move|p2a: Enamorus|Moonblast|p1a: Blissey
|-damage|p1a: Blissey|63/100
|-unboost|p1a: Blissey|spa|1
|
|-heal|p2a: Enamorus|98/100|[from] item: Leftovers
|upkeep
|turn|17
|
|t:|1781079149
|move|p2a: Enamorus|Calm Mind|p2a: Enamorus
|-boost|p2a: Enamorus|spa|1
|-boost|p2a: Enamorus|spd|1
|move|p1a: Blissey|Calm Mind|p1a: Blissey
|-boost|p1a: Blissey|spa|1
|-boost|p1a: Blissey|spd|1
|
|-heal|p2a: Enamorus|100/100|[from] item: Leftovers
|upkeep
|turn|18
|
|t:|1781079154
|move|p2a: Enamorus|Moonblast|p1a: Blissey
|-damage|p1a: Blissey|40/100
|move|p1a: Blissey|Soft-Boiled|p1a: Blissey
|-heal|p1a: Blissey|90/100
|
|-sideend|p2: I'm evil and spicy|Reflect
|upkeep
|turn|19
|
|t:|1781079173
|switch|p2a: Ogerpon|Ogerpon-Wellspring, F|83/100 tox
|-damage|p2a: Ogerpon|66/100 tox|[from] Spikes
|-damage|p2a: Ogerpon|54/100 tox|[from] Stealth Rock
|move|p1a: Blissey|Calm Mind|p1a: Blissey
|-boost|p1a: Blissey|spa|1
|-boost|p1a: Blissey|spd|1
|
|-damage|p2a: Ogerpon|48/100 tox|[from] psn
|-sideend|p2: I'm evil and spicy|move: Light Screen
|upkeep
|turn|20
|
|t:|1781079181
|switch|p2a: Darkrai|Darkrai|100/100
|-damage|p2a: Darkrai|84/100|[from] Spikes
|-damage|p2a: Darkrai|72/100|[from] Stealth Rock
|switch|p1a: Skarmory|Skarmory, M, tera:Dragon|100/100
|
|-heal|p2a: Darkrai|78/100|[from] item: Leftovers
|upkeep
|turn|21
|
|t:|1781079187
|switch|p1a: Blissey|Blissey, F|90/100
|move|p2a: Darkrai|Ice Beam|p1a: Blissey
|-damage|p1a: Blissey|81/100
|
|-heal|p2a: Darkrai|84/100|[from] item: Leftovers
|upkeep
|turn|22
|
|t:|1781079190
|move|p2a: Darkrai|Nasty Plot|p2a: Darkrai
|-boost|p2a: Darkrai|spa|2
|move|p1a: Blissey|Seismic Toss|p2a: Darkrai
|-damage|p2a: Darkrai|48/100
|
|-heal|p2a: Darkrai|54/100|[from] item: Leftovers
|upkeep
|turn|23
|
|t:|1781079195
|move|p2a: Darkrai|Nasty Plot|p2a: Darkrai
|-boost|p2a: Darkrai|spa|2
|move|p1a: Blissey|Calm Mind|p1a: Blissey
|-boost|p1a: Blissey|spa|1
|-boost|p1a: Blissey|spd|1
|
|-heal|p2a: Darkrai|60/100|[from] item: Leftovers
|upkeep
|turn|24
|
|t:|1781079198
|move|p2a: Darkrai|Psyshock|p1a: Blissey
|-damage|p1a: Blissey|0 fnt
|faint|p1a: Blissey
|
|-heal|p2a: Darkrai|66/100|[from] item: Leftovers
|upkeep
|
|t:|1781079203
|switch|p1a: Ogerpon|Ogerpon, F|13/100
|turn|25
|
|t:|1781079209
|move|p2a: Darkrai|Dark Pulse|p1a: Ogerpon
|-damage|p1a: Ogerpon|0 fnt
|faint|p1a: Ogerpon
|
|-heal|p2a: Darkrai|72/100|[from] item: Leftovers
|upkeep
|
|t:|1781079210
|switch|p1a: Samurott|Samurott-Hisui, F|74/100
|turn|26
|
|t:|1781079216
|move|p2a: Darkrai|Dark Pulse|p1a: Samurott
|-resisted|p1a: Samurott
|-damage|p1a: Samurott|0 fnt
|faint|p1a: Samurott
|
|-heal|p2a: Darkrai|78/100|[from] item: Leftovers
|upkeep
|-message|FP.//06 forfeited.
|
|win|I'm evil and spicy
|raw|FP.&#x2f;&#x2f;06's rating: 1626 &rarr; <strong>1601</strong><br />(-25 for losing)
|raw|I&apos;m evil and spicy's rating: 1537 &rarr; <strong>1562</strong><br />(+25 for winning)
|l|☆FP.//06
|player|p1|
|l|☆I'm evil and spicy
|player|p2|
|j|☆I'm evil and spicy
|player|p2|I'm evil and spicy|266|
