|j|☆bsp1
|j|‽LT_Alt1
|t:|1780902392
|gametype|singles
|player|p1|bsp1|169|1634
|player|p2|LT_Alt1|265|1727
|gen|9
|tier|[Gen 9] OU
|rated|
|rule|HP Percentage Mod: HP is shown in percentages
|rule|Endless Battle Clause: Forcing endless battles is banned
|rule|Species Clause: Limit one of each Pokémon
|rule|OHKO Clause: OHKO moves are banned
|rule|Evasion Items Clause: Evasion items are banned
|rule|Evasion Moves Clause: Evasion moves are banned
|rule|Evasion Abilities Clause: Evasion abilities are banned
|rule|Sleep Moves Clause: Sleep-inducing moves are banned
|clearpoke
|poke|p1|Walking Wake|
|poke|p1|Cresselia, F|
|poke|p1|Ninetales, M|
|poke|p1|Zarude|
|poke|p1|Ceruledge, M|
|poke|p1|Great Tusk|
|poke|p2|Garganacl, F|
|poke|p2|Slowking-Galar, F|
|poke|p2|Kyurem|
|poke|p2|Weezing-Galar, F|
|poke|p2|Moltres|
|poke|p2|Iron Treads|
|teampreview
|
|t:|1780902411
|teamsize|p1|6
|teamsize|p2|6
|start
|switch|p1a: Great Tusk|Great Tusk|100/100
|switch|p2a: Weezing|Weezing-Galar, F|100/100
|-ability|p2a: Weezing|Neutralizing Gas
|turn|1
|
|t:|1780902425
|move|p1a: Great Tusk|Headlong Rush|p2a: Weezing
|-supereffective|p2a: Weezing
|-damage|p2a: Weezing|3/100
|-unboost|p1a: Great Tusk|def|1
|-unboost|p1a: Great Tusk|spd|1
|move|p2a: Weezing|Will-O-Wisp|p1a: Great Tusk
|-status|p1a: Great Tusk|brn
|
|-heal|p2a: Weezing|9/100|[from] item: Leftovers
|-damage|p1a: Great Tusk|94/100 brn|[from] brn
|upkeep
|turn|2
|
|t:|1780902435
|move|p1a: Great Tusk|Ice Spinner|p2a: Weezing
|-damage|p2a: Weezing|0 fnt
|faint|p2a: Weezing
|-end|p2a: Weezing|ability: Neutralizing Gas
|
|-damage|p1a: Great Tusk|88/100 brn|[from] brn
|upkeep
|
|t:|1780902439
|switch|p2a: Moltres|Moltres|100/100
|turn|3
|
|t:|1780902446
|move|p1a: Great Tusk|Headlong Rush|p2a: Moltres
|-immune|p2a: Moltres
|move|p2a: Moltres|Flamethrower|p1a: Great Tusk
|-damage|p1a: Great Tusk|28/100 brn
|
|-damage|p1a: Great Tusk|22/100 brn|[from] brn
|upkeep
|turn|4
|
|t:|1780902452
|-end|p1a: Great Tusk|Protosynthesis|[silent]
|switch|p1a: Ninetales|Ninetales, M|100/100
|-weather|SunnyDay|[from] ability: Drought|[of] p1a: Ninetales
|move|p2a: Moltres|U-turn|p1a: Ninetales
|-resisted|p1a: Ninetales
|-damage|p1a: Ninetales|91/100
|
|t:|1780902458
|switch|p2a: Slowking|Slowking-Galar, F|100/100|[from] U-turn
|
|-weather|SunnyDay|[upkeep]
|upkeep
|turn|5
|
|t:|1780902463
|move|p1a: Ninetales|Overheat|p2a: Slowking
|-damage|p2a: Slowking|67/100
|-unboost|p1a: Ninetales|spa|2
|-prepare|p2a: Slowking|Chilly Reception|[premajor]
|move|p2a: Slowking|Chilly Reception|p2a: Slowking
|-weather|Snowscape
|
|t:|1780902483
|switch|p2a: Moltres|Moltres|100/100|[from] Chilly Reception
|
|-weather|Snowscape|[upkeep]
|upkeep
|turn|6
|
|t:|1780902490
|move|p1a: Ninetales|Overheat|p2a: Moltres|[miss]
|-miss|p1a: Ninetales|p2a: Moltres
|move|p2a: Moltres|U-turn|p1a: Ninetales
|-resisted|p1a: Ninetales
|-damage|p1a: Ninetales|82/100
|
|t:|1780902498
|switch|p2a: Slowking|Slowking-Galar, F|99/100|[from] U-turn
|
|-weather|Snowscape|[upkeep]
|upkeep
|turn|7
|
|t:|1780902503
|switch|p1a: Walking Wake|Walking Wake|100/100
|move|p2a: Slowking|Future Sight|p1a: Walking Wake
|-start|p2a: Slowking|move: Future Sight
|
|-weather|Snowscape|[upkeep]
|upkeep
|turn|8
|
|t:|1780902515
|move|p1a: Walking Wake|Draco Meteor|p2a: Slowking
|-damage|p2a: Slowking|56/100
|-unboost|p1a: Walking Wake|spa|2
|move|p2a: Slowking|Sludge Bomb|p1a: Walking Wake
|-damage|p1a: Walking Wake|58/100
|
|-weather|Snowscape|[upkeep]
|upkeep
|turn|9
|
|t:|1780902526
|-end|p1a: Walking Wake|Protosynthesis|[silent]
|switch|p1a: Zarude|Zarude|100/100
|-prepare|p2a: Slowking|Chilly Reception|[premajor]
|move|p2a: Slowking|Chilly Reception|p2a: Slowking
|
|t:|1780902532
|switch|p2a: Moltres|Moltres|100/100|[from] Chilly Reception
|
|-weather|none
|-end|p1a: Zarude|move: Future Sight
|-immune|p1a: Zarude
|upkeep
|turn|10
|
|t:|1780902537
|switch|p1a: Ninetales|Ninetales, M|82/100
|-weather|SunnyDay|[from] ability: Drought|[of] p1a: Ninetales
|move|p2a: Moltres|U-turn|p1a: Ninetales
|-resisted|p1a: Ninetales
|-damage|p1a: Ninetales|73/100
|
|t:|1780902547
|switch|p2a: Slowking|Slowking-Galar, F|89/100|[from] U-turn
|
|-weather|SunnyDay|[upkeep]
|upkeep
|turn|11
|
|t:|1780902575
|move|p1a: Ninetales|Overheat|p2a: Slowking
|-damage|p2a: Slowking|50/100
|-unboost|p1a: Ninetales|spa|2
|-prepare|p2a: Slowking|Chilly Reception|[premajor]
|move|p2a: Slowking|Chilly Reception|p2a: Slowking
|-weather|Snowscape
|n|‽LT_Alt1|ltalt1
|n|‽LT_Alt1|ltalt1
|
|t:|1780902586
|switch|p2a: Moltres|Moltres|100/100|[from] Chilly Reception
|
|-weather|Snowscape|[upkeep]
|upkeep
|turn|12
|
|t:|1780902593
|switch|p1a: Cresselia|Cresselia, F|100/100
|move|p2a: Moltres|U-turn|p1a: Cresselia
|-supereffective|p1a: Cresselia
|-damage|p1a: Cresselia|84/100
|-enditem|p1a: Cresselia|Eject Button
|
|t:|1780902603
|switch|p1a: Ceruledge|Ceruledge, M|100/100
|
|-weather|Snowscape|[upkeep]
|upkeep
|turn|13
|
|t:|1780902608
|move|p1a: Ceruledge|Swords Dance|p1a: Ceruledge
|-boost|p1a: Ceruledge|atk|2
|move|p2a: Moltres|U-turn|p1a: Ceruledge
|-resisted|p1a: Ceruledge
|-damage|p1a: Ceruledge|95/100
|-ability|p1a: Ceruledge|Weak Armor|boost
|-unboost|p1a: Ceruledge|def|1
|-boost|p1a: Ceruledge|spe|2
|
|t:|1780902611
|switch|p2a: Garganacl|Garganacl, F|100/100|[from] U-turn
|
|-weather|Snowscape|[upkeep]
|upkeep
|turn|14
|
|t:|1780902618
|-terastallize|p2a: Garganacl|Fairy
|move|p1a: Ceruledge|Close Combat|p2a: Garganacl
|-resisted|p2a: Garganacl
|-damage|p2a: Garganacl|72/100
|-unboost|p1a: Ceruledge|def|1
|-unboost|p1a: Ceruledge|spd|1
|move|p2a: Garganacl|Salt Cure|p1a: Ceruledge
|-supereffective|p1a: Ceruledge
|-damage|p1a: Ceruledge|23/100
|-start|p1a: Ceruledge|Salt Cure
|-ability|p1a: Ceruledge|Weak Armor|boost
|-unboost|p1a: Ceruledge|def|1
|-boost|p1a: Ceruledge|spe|2
|
|-weather|Snowscape|[upkeep]
|-heal|p2a: Garganacl|78/100|[from] item: Leftovers
|-damage|p1a: Ceruledge|10/100|[from] Salt Cure
|upkeep
|turn|15
|
|t:|1780902625
|move|p1a: Ceruledge|Bitter Blade|p2a: Garganacl
|-crit|p2a: Garganacl
|-damage|p2a: Garganacl|0 fnt
|-heal|p1a: Ceruledge|64/100|[from] drain|[of] p2a: Garganacl
|faint|p2a: Garganacl
|
|-weather|none
|-damage|p1a: Ceruledge|52/100|[from] Salt Cure
|upkeep
|
|t:|1780902629
|switch|p2a: Moltres|Moltres|100/100
|turn|16
|
|t:|1780902636
|move|p1a: Ceruledge|Poltergeist|p2a: Moltres
|-activate|p2a: Moltres|move: Poltergeist|Heavy-Duty Boots
|-damage|p2a: Moltres|8/100
|move|p2a: Moltres|Flamethrower|p1a: Ceruledge
|-resisted|p1a: Ceruledge
|-damage|p1a: Ceruledge|20/100
|
|-damage|p1a: Ceruledge|8/100|[from] Salt Cure
|upkeep
|turn|17
|
|t:|1780902642
|move|p1a: Ceruledge|Bitter Blade|p2a: Moltres
|-resisted|p2a: Moltres
|-damage|p2a: Moltres|0 fnt
|-heal|p1a: Ceruledge|13/100|[from] drain|[of] p2a: Moltres
|faint|p2a: Moltres
|
|-damage|p1a: Ceruledge|0 fnt|[from] Salt Cure
|faint|p1a: Ceruledge
|upkeep
|
|t:|1780902655
|switch|p1a: Ninetales|Ninetales, M|73/100
|switch|p2a: Slowking|Slowking-Galar, F|84/100
|-weather|SunnyDay|[from] ability: Drought|[of] p1a: Ninetales
|turn|18
|
|t:|1780902659
|move|p1a: Ninetales|Overheat|p2a: Slowking|[miss]
|-miss|p1a: Ninetales|p2a: Slowking
|-prepare|p2a: Slowking|Chilly Reception|[premajor]
|move|p2a: Slowking|Chilly Reception|p2a: Slowking
|-weather|Snowscape
|
|t:|1780902662
|switch|p2a: Iron Treads|Iron Treads|100/100|[from] Chilly Reception
|
|-weather|Snowscape|[upkeep]
|upkeep
|turn|19
|
|t:|1780902670
|switch|p1a: Cresselia|Cresselia, F|84/100
|move|p2a: Iron Treads|Stealth Rock|p1a: Cresselia
|-sidestart|p1: bsp1|move: Stealth Rock
|
|-weather|Snowscape|[upkeep]
|upkeep
|turn|20
|
|t:|1780902677
|move|p2a: Iron Treads|Knock Off|p1a: Cresselia
|-supereffective|p1a: Cresselia
|-damage|p1a: Cresselia|64/100
|move|p1a: Cresselia|Lunar Dance|p1a: Cresselia
|faint|p1a: Cresselia
|
|-weather|Snowscape|[upkeep]
|upkeep
|
|t:|1780902682
|switch|p1a: Great Tusk|Great Tusk|22/100 brn
|-heal|p1a: Great Tusk|100/100|[from] move: Lunar Dance
|-damage|p1a: Great Tusk|97/100|[from] Stealth Rock
|turn|21
|
|t:|1780902684
|-end|p2a: Iron Treads|Quark Drive|[silent]
|switch|p2a: Kyurem|Kyurem|100/100
|-ability|p2a: Kyurem|Pressure
|move|p1a: Great Tusk|Rapid Spin|p2a: Kyurem
|-damage|p2a: Kyurem|87/100
|-boost|p1a: Great Tusk|spe|1
|-sideend|p1: bsp1|Stealth Rock|[from] move: Rapid Spin|[of] p1a: Great Tusk
|
|-weather|Snowscape|[upkeep]
|upkeep
|turn|22
|
|t:|1780902689
|move|p1a: Great Tusk|Close Combat|p2a: Kyurem
|-supereffective|p2a: Kyurem
|-damage|p2a: Kyurem|4/100
|-unboost|p1a: Great Tusk|def|1
|-unboost|p1a: Great Tusk|spd|1
|move|p2a: Kyurem|Scale Shot|p1a: Great Tusk
|-damage|p1a: Great Tusk|86/100
|-damage|p1a: Great Tusk|74/100
|-damage|p1a: Great Tusk|64/100
|-damage|p1a: Great Tusk|53/100
|-damage|p1a: Great Tusk|43/100
|-hitcount|p1a: Great Tusk|5
|-unboost|p2a: Kyurem|def|1
|-boost|p2a: Kyurem|spe|1
|
|-weather|none
|upkeep
|turn|23
|
|t:|1780902716
|-terastallize|p1a: Great Tusk|Steel
|move|p2a: Kyurem|Scale Shot|p1a: Great Tusk
|-resisted|p1a: Great Tusk
|-damage|p1a: Great Tusk|38/100
|-resisted|p1a: Great Tusk
|-damage|p1a: Great Tusk|33/100
|-resisted|p1a: Great Tusk
|-crit|p1a: Great Tusk
|-damage|p1a: Great Tusk|25/100
|-resisted|p1a: Great Tusk
|-damage|p1a: Great Tusk|21/100
|-hitcount|p1a: Great Tusk|4
|-unboost|p2a: Kyurem|def|1
|-boost|p2a: Kyurem|spe|1
|move|p1a: Great Tusk|Rapid Spin|p2a: Kyurem
|-damage|p2a: Kyurem|0 fnt
|-boost|p1a: Great Tusk|spe|1
|faint|p2a: Kyurem
|
|upkeep
|
|t:|1780902721
|switch|p2a: Iron Treads|Iron Treads|100/100
|turn|24
|-message|LT_Alt1 forfeited.
|
|win|bsp1
|raw|bsp1's rating: 1634 &rarr; <strong>1659</strong><br />(+25 for winning)
|raw|LT_Alt1's rating: 1727 &rarr; <strong>1702</strong><br />(-25 for losing)
|l|☆bsp1
|player|p1|
