|j|☆The median voter
|j|☆KurisuChestnutLab
|t:|1781181051
|gametype|singles
|player|p1|The median voter|scientist-gen4dp|1552
|player|p2|KurisuChestnutLab|may-contest|1514
|gen|9
|tier|[Gen 9] OU
|rated|
|rule|HP Percentage Mod: HP is shown in percentages
|rule|Endless Battle Clause: Forcing endless battles is banned
|rule|Species Clause: Limit one of each Pokémon
|rule|OHKO Clause: OHKO moves are banned
|rule|Evasion Items Clause: Evasion items are banned
|rule|Evasion Moves Clause: Evasion moves are banned
|rule|Evasion Abilities Clause: Evasion abilities are banned
|rule|Sleep Moves Clause: Sleep-inducing moves are banned
|clearpoke
|poke|p1|Zapdos|
|poke|p1|Great Tusk|
|poke|p1|Hoopa-Unbound|
|poke|p1|Alomomola, F|
|poke|p1|Iron Valiant|
|poke|p1|Rillaboom, M|
|poke|p2|Primarina, F|
|poke|p2|Hippowdon, F|
|poke|p2|Skarmory, M|
|poke|p2|Zapdos|
|poke|p2|Dragonite, M|
|poke|p2|Slowking, M|
|teampreview
|inactive|Battle timer is ON: inactive players will automatically lose when time's up. (requested by KurisuChestnutLab)
|
|t:|1781181066
|teamsize|p1|6
|teamsize|p2|6
|start
|switch|p1a: The End of All|Hoopa-Unbound|100/100
|switch|p2a: Hippowdon|Hippowdon, F|100/100
|-weather|Sandstorm|[from] ability: Sand Stream|[of] p2a: Hippowdon
|turn|1
|
|t:|1781181070
|move|p1a: The End of All|Psychic Noise|p2a: Hippowdon
|-damage|p2a: Hippowdon|52/100
|-start|p2a: Hippowdon|move: Heal Block
|move|p2a: Hippowdon|Stealth Rock|p1a: The End of All
|-sidestart|p1: The median voter|move: Stealth Rock
|
|-weather|Sandstorm|[upkeep]
|-damage|p1a: The End of All|94/100|[from] Sandstorm
|upkeep
|turn|2
|
|t:|1781181077
|switch|p2a: Primarina|Primarina, F|100/100
|move|p1a: The End of All|Hyperspace Fury|p2a: Primarina
|-resisted|p2a: Primarina
|-damage|p2a: Primarina|68/100
|-unboost|p1a: The End of All|def|1
|
|-weather|Sandstorm|[upkeep]
|-damage|p1a: The End of All|88/100|[from] Sandstorm
|-damage|p2a: Primarina|62/100|[from] Sandstorm
|upkeep
|turn|3
|
|t:|1781181088
|move|p1a: The End of All|Psychic Noise|p2a: Primarina
|-damage|p2a: Primarina|36/100
|-start|p2a: Primarina|move: Heal Block
|move|p2a: Primarina|Moonblast|p1a: The End of All
|-supereffective|p1a: The End of All
|-damage|p1a: The End of All|32/100
|
|-weather|Sandstorm|[upkeep]
|-damage|p1a: The End of All|26/100|[from] Sandstorm
|-damage|p2a: Primarina|30/100|[from] Sandstorm
|upkeep
|turn|4
|
|t:|1781181097
|switch|p2a: Zapdos|Zapdos|100/100
|move|p1a: The End of All|Thunderbolt|p2a: Zapdos
|-damage|p2a: Zapdos|65/100
|
|-weather|Sandstorm|[upkeep]
|-damage|p2a: Zapdos|59/100|[from] Sandstorm
|-damage|p1a: The End of All|20/100|[from] Sandstorm
|upkeep
|turn|5
|
|t:|1781181104
|switch|p1a: Holy Envoy|Alomomola, F|100/100
|-damage|p1a: Holy Envoy|88/100|[from] Stealth Rock
|move|p2a: Zapdos|Hurricane|p1a: Holy Envoy
|-damage|p1a: Holy Envoy|65/100
|
|-weather|none
|upkeep
|turn|6
|
|t:|1781181111
|move|p2a: Zapdos|Roost|p2a: Zapdos
|-heal|p2a: Zapdos|100/100
|-singleturn|p2a: Zapdos|move: Roost
|move|p1a: Holy Envoy|Mirror Coat||[still]
|-fail|p1a: Holy Envoy
|
|upkeep
|turn|7
|
|t:|1781181120
|move|p2a: Zapdos|Volt Switch|p1a: Holy Envoy
|-supereffective|p1a: Holy Envoy
|-damage|p1a: Holy Envoy|36/100
|
|t:|1781181128
|switch|p2a: Hippowdon|Hippowdon, F|52/100|[from] Volt Switch
|-weather|Sandstorm|[from] ability: Sand Stream|[of] p2a: Hippowdon
|move|p1a: Holy Envoy|Flip Turn|p2a: Hippowdon
|-supereffective|p2a: Hippowdon
|-damage|p2a: Hippowdon|35/100
|
|t:|1781181134
|switch|p1a: The End of All|Hoopa-Unbound|20/100|[from] Flip Turn
|-damage|p1a: The End of All|8/100|[from] Stealth Rock
|
|-weather|Sandstorm|[upkeep]
|-damage|p1a: The End of All|2/100|[from] Sandstorm
|-heal|p2a: Hippowdon|42/100|[from] item: Leftovers
|upkeep
|turn|8
|
|t:|1781181142
|switch|p2a: Slowking|Slowking, M|100/100
|move|p1a: The End of All|Hyperspace Fury|p2a: Slowking
|-supereffective|p2a: Slowking
|-damage|p2a: Slowking|0 fnt
|-unboost|p1a: The End of All|def|1
|faint|p2a: Slowking
|
|-weather|Sandstorm|[upkeep]
|-damage|p1a: The End of All|0 fnt|[from] Sandstorm
|faint|p1a: The End of All
|upkeep
|
|t:|1781181150
|switch|p1a: Templar|Great Tusk|100/100
|switch|p2a: Zapdos|Zapdos|100/100
|turn|9
|
|t:|1781181154
|-end|p1a: Templar|Protosynthesis|[silent]
|switch|p1a: Preacher|Zapdos|100/100
|move|p2a: Zapdos|Hurricane|p1a: Preacher|[miss]
|-miss|p2a: Zapdos|p1a: Preacher
|
|-weather|Sandstorm|[upkeep]
|-damage|p2a: Zapdos|94/100|[from] Sandstorm
|-damage|p1a: Preacher|94/100|[from] Sandstorm
|upkeep
|turn|10
|
|t:|1781181159
|move|p2a: Zapdos|Volt Switch|p1a: Preacher
|-damage|p1a: Preacher|68/100
|
|t:|1781181163
|switch|p2a: Hippowdon|Hippowdon, F|42/100|[from] Volt Switch
|move|p1a: Preacher|U-turn|p2a: Hippowdon
|-damage|p2a: Hippowdon|35/100
|
|t:|1781181168
|switch|p1a: Zealot|Rillaboom, M|100/100|[from] U-turn
|-damage|p1a: Zealot|88/100|[from] Stealth Rock
|-fieldstart|move: Grassy Terrain|[from] ability: Grassy Surge|[of] p1a: Zealot
|
|-weather|Sandstorm|[upkeep]
|-damage|p1a: Zealot|82/100|[from] Sandstorm
|-heal|p1a: Zealot|88/100|[from] Grassy Terrain
|-heal|p2a: Hippowdon|41/100|[from] Grassy Terrain
|-heal|p2a: Hippowdon|48/100|[from] item: Leftovers
|upkeep
|turn|11
|
|t:|1781181172
|move|p1a: Zealot|Knock Off|p2a: Hippowdon
|-crit|p2a: Hippowdon
|-damage|p2a: Hippowdon|9/100
|-enditem|p2a: Hippowdon|Leftovers|[from] move: Knock Off|[of] p1a: Zealot
|move|p2a: Hippowdon|Slack Off|p2a: Hippowdon
|-heal|p2a: Hippowdon|59/100
|
|-weather|none
|-heal|p1a: Zealot|94/100|[from] Grassy Terrain
|-heal|p2a: Hippowdon|65/100|[from] Grassy Terrain
|upkeep
|turn|12
|
|t:|1781181179
|switch|p1a: Templar|Great Tusk|100/100
|move|p2a: Hippowdon|Slack Off|p2a: Hippowdon
|-heal|p2a: Hippowdon|100/100
|
|upkeep
|turn|13
|
|t:|1781181185
|switch|p2a: Zapdos|Zapdos|94/100
|move|p1a: Templar|Rapid Spin|p2a: Zapdos
|-damage|p2a: Zapdos|83/100
|-boost|p1a: Templar|spe|1
|-sideend|p1: The median voter|Stealth Rock|[from] move: Rapid Spin|[of] p1a: Templar
|
|upkeep
|turn|14
|inactive|The median voter has 120 seconds left.
|
|t:|1781181220
|-end|p1a: Templar|Protosynthesis|[silent]
|switch|p1a: Preacher|Zapdos|68/100
|move|p2a: Zapdos|Hurricane|p1a: Preacher|[miss]
|-miss|p2a: Zapdos|p1a: Preacher
|
|-fieldend|move: Grassy Terrain
|upkeep
|turn|15
|
|t:|1781181225
|move|p2a: Zapdos|Roost|p2a: Zapdos
|-heal|p2a: Zapdos|100/100
|-singleturn|p2a: Zapdos|move: Roost
|move|p1a: Preacher|Roost|p1a: Preacher
|-heal|p1a: Preacher|100/100
|-singleturn|p1a: Preacher|move: Roost
|
|upkeep
|turn|16
|
|t:|1781181233
|move|p2a: Zapdos|Volt Switch|p1a: Preacher
|-damage|p1a: Preacher|72/100
|
|t:|1781181240
|switch|p2a: Hippowdon|Hippowdon, F|100/100|[from] Volt Switch
|-weather|Sandstorm|[from] ability: Sand Stream|[of] p2a: Hippowdon
|move|p1a: Preacher|U-turn|p2a: Hippowdon
|-damage|p2a: Hippowdon|94/100
|
|t:|1781181243
|switch|p1a: Zealot|Rillaboom, M|94/100|[from] U-turn
|-fieldstart|move: Grassy Terrain|[from] ability: Grassy Surge|[of] p1a: Zealot
|
|-weather|Sandstorm|[upkeep]
|-damage|p1a: Zealot|88/100|[from] Sandstorm
|-heal|p1a: Zealot|94/100|[from] Grassy Terrain
|-heal|p2a: Hippowdon|99/100|[from] Grassy Terrain
|upkeep
|turn|17
|
|t:|1781181247
|switch|p2a: Skarmory|Skarmory, M|100/100
|move|p1a: Zealot|Wood Hammer|p2a: Skarmory
|-resisted|p2a: Skarmory
|-damage|p2a: Skarmory|83/100
|-damage|p1a: Zealot|89/100|[from] Recoil
|
|-weather|Sandstorm|[upkeep]
|-damage|p1a: Zealot|83/100|[from] Sandstorm
|-heal|p1a: Zealot|89/100|[from] Grassy Terrain
|-heal|p2a: Skarmory|89/100|[from] item: Leftovers
|upkeep
|turn|18
|
|t:|1781181253
|switch|p1a: Holy Envoy|Alomomola, F|69/100
|move|p2a: Skarmory|Spikes|p1a: Holy Envoy
|-sidestart|p1: The median voter|Spikes
|
|-weather|Sandstorm|[upkeep]
|-damage|p1a: Holy Envoy|63/100|[from] Sandstorm
|-heal|p2a: Skarmory|95/100|[from] item: Leftovers
|-heal|p1a: Holy Envoy|69/100|[from] Grassy Terrain
|upkeep
|turn|19
|
|t:|1781181259
|switch|p2a: Zapdos|Zapdos|100/100
|move|p1a: Holy Envoy|Flip Turn|p2a: Zapdos
|-damage|p2a: Zapdos|89/100
|
|t:|1781181271
|switch|p1a: Preacher|Zapdos|72/100|[from] Flip Turn
|
|-weather|Sandstorm|[upkeep]
|-damage|p2a: Zapdos|83/100|[from] Sandstorm
|-damage|p1a: Preacher|66/100|[from] Sandstorm
|upkeep
|turn|20
|
|t:|1781181278
|move|p2a: Zapdos|Roost|p2a: Zapdos
|-heal|p2a: Zapdos|100/100
|-singleturn|p2a: Zapdos|move: Roost
|move|p1a: Preacher|Hurricane|p2a: Zapdos
|-resisted|p2a: Zapdos
|-damage|p2a: Zapdos|77/100
|
|-weather|none
|-heal|p2a: Zapdos|83/100|[from] Grassy Terrain
|-fieldend|move: Grassy Terrain
|upkeep
|turn|21
|
|t:|1781181284
|move|p2a: Zapdos|Roost|p2a: Zapdos
|-heal|p2a: Zapdos|100/100
|-singleturn|p2a: Zapdos|move: Roost
|move|p1a: Preacher|Roost|p1a: Preacher
|-heal|p1a: Preacher|100/100
|-singleturn|p1a: Preacher|move: Roost
|
|upkeep
|turn|22
|
|t:|1781181289
|move|p2a: Zapdos|Volt Switch|p1a: Preacher
|-crit|p1a: Preacher
|-damage|p1a: Preacher|56/100
|
|t:|1781181292
|switch|p2a: Hippowdon|Hippowdon, F|99/100|[from] Volt Switch
|-weather|Sandstorm|[from] ability: Sand Stream|[of] p2a: Hippowdon
|move|p1a: Preacher|Discharge|p2a: Hippowdon
|-immune|p2a: Hippowdon
|
|-weather|Sandstorm|[upkeep]
|-damage|p1a: Preacher|50/100|[from] Sandstorm
|upkeep
|turn|23
|
|t:|1781181298
|move|p1a: Preacher|Roost|p1a: Preacher
|-heal|p1a: Preacher|100/100
|-singleturn|p1a: Preacher|move: Roost
|move|p2a: Hippowdon|Stealth Rock|p1a: Preacher
|-sidestart|p1: The median voter|move: Stealth Rock
|
|-weather|Sandstorm|[upkeep]
|-damage|p1a: Preacher|94/100|[from] Sandstorm
|upkeep
|turn|24
|
|t:|1781181301
|switch|p2a: Zapdos|Zapdos|100/100
|move|p1a: Preacher|U-turn|p2a: Zapdos
|-resisted|p2a: Zapdos
|-damage|p2a: Zapdos|95/100
|
|t:|1781181309
|switch|p1a: Holy Envoy|Alomomola, F|100/100|[from] U-turn
|-damage|p1a: Holy Envoy|88/100|[from] Spikes
|-damage|p1a: Holy Envoy|76/100|[from] Stealth Rock
|
|-weather|Sandstorm|[upkeep]
|-damage|p2a: Zapdos|89/100|[from] Sandstorm
|-damage|p1a: Holy Envoy|70/100|[from] Sandstorm
|upkeep
|turn|25
|
|t:|1781181313
|move|p2a: Zapdos|Hurricane|p1a: Holy Envoy
|-damage|p1a: Holy Envoy|46/100
|-start|p1a: Holy Envoy|confusion
|-activate|p1a: Holy Envoy|confusion
|-damage|p1a: Holy Envoy|41/100|[from] confusion
|
|-weather|Sandstorm|[upkeep]
|-damage|p2a: Zapdos|83/100|[from] Sandstorm
|-damage|p1a: Holy Envoy|34/100|[from] Sandstorm
|upkeep
|turn|26
|
|t:|1781181322
|switch|p1a: Zealot|Rillaboom, M|89/100
|-damage|p1a: Zealot|77/100|[from] Spikes
|-damage|p1a: Zealot|64/100|[from] Stealth Rock
|-fieldstart|move: Grassy Terrain|[from] ability: Grassy Surge|[of] p1a: Zealot
|move|p2a: Zapdos|Hurricane|p1a: Zealot
|-supereffective|p1a: Zealot
|-damage|p1a: Zealot|0 fnt
|faint|p1a: Zealot
|
|-weather|none
|upkeep
|
|t:|1781181331
|switch|p1a: Holy Envoy|Alomomola, F|68/100
|-damage|p1a: Holy Envoy|55/100|[from] Spikes
|-damage|p1a: Holy Envoy|43/100|[from] Stealth Rock
|turn|27
|
|t:|1781181334
|move|p2a: Zapdos|Hurricane|p1a: Holy Envoy
|-damage|p1a: Holy Envoy|19/100
|move|p1a: Holy Envoy|Mirror Coat|p2a: Zapdos
|-damage|p2a: Zapdos|16/100
|
|-heal|p1a: Holy Envoy|25/100|[from] Grassy Terrain
|upkeep
|turn|28
|
|t:|1781181338
|switch|p1a: Acolyte|Iron Valiant|100/100
|-damage|p1a: Acolyte|88/100|[from] Spikes
|-damage|p1a: Acolyte|82/100|[from] Stealth Rock
|-enditem|p1a: Acolyte|Booster Energy
|-activate|p1a: Acolyte|ability: Quark Drive|[fromitem]
|-start|p1a: Acolyte|quarkdrivespe
|move|p2a: Zapdos|Roost|p2a: Zapdos
|-heal|p2a: Zapdos|66/100
|-singleturn|p2a: Zapdos|move: Roost
|
|-heal|p1a: Acolyte|88/100|[from] Grassy Terrain
|-heal|p2a: Zapdos|72/100|[from] Grassy Terrain
|upkeep
|turn|29
|
|t:|1781181341
|move|p1a: Acolyte|Encore|p2a: Zapdos
|-start|p2a: Zapdos|Encore
|move|p2a: Zapdos|Roost|p2a: Zapdos
|-heal|p2a: Zapdos|100/100
|-singleturn|p2a: Zapdos|move: Roost
|
|-heal|p1a: Acolyte|94/100|[from] Grassy Terrain
|upkeep
|turn|30
|
|t:|1781181349
|move|p1a: Acolyte|Calm Mind|p1a: Acolyte
|-boost|p1a: Acolyte|spa|1
|-boost|p1a: Acolyte|spd|1
|move|p2a: Zapdos|Roost||[still]
|-fail|p2a: Zapdos|heal
|
|-heal|p1a: Acolyte|100/100|[from] Grassy Terrain
|-fieldend|move: Grassy Terrain
|upkeep
|turn|31
|
|t:|1781181354
|switch|p2a: Primarina|Primarina, F|30/100
|move|p1a: Acolyte|Calm Mind|p1a: Acolyte
|-boost|p1a: Acolyte|spa|1
|-boost|p1a: Acolyte|spd|1
|
|upkeep
|turn|32
|
|t:|1781181361
|-terastallize|p2a: Primarina|Poison
|move|p1a: Acolyte|Moonblast|p2a: Primarina
|-resisted|p2a: Primarina
|-damage|p2a: Primarina|2/100
|move|p2a: Primarina|Moonblast|p1a: Acolyte
|-supereffective|p1a: Acolyte
|-damage|p1a: Acolyte|13/100
|
|upkeep
|turn|33
|
|t:|1781181366
|move|p1a: Acolyte|Moonblast|p2a: Primarina
|-resisted|p2a: Primarina
|-damage|p2a: Primarina|0 fnt
|faint|p2a: Primarina
|
|upkeep
|
|t:|1781181369
|switch|p2a: Dragonite|Dragonite, M|100/100
|turn|34
|
|t:|1781181373
|-terastallize|p1a: Acolyte|Ghost
|move|p2a: Dragonite|Extreme Speed|p1a: Acolyte
|-immune|p1a: Acolyte
|move|p1a: Acolyte|Moonblast|p2a: Dragonite
|-supereffective|p2a: Dragonite
|-damage|p2a: Dragonite|0 fnt
|faint|p2a: Dragonite
|
|upkeep
|
|t:|1781181378
|switch|p2a: Skarmory|Skarmory, M|95/100
|turn|35
|
|t:|1781181381
|switch|p2a: Hippowdon|Hippowdon, F|99/100
|-weather|Sandstorm|[from] ability: Sand Stream|[of] p2a: Hippowdon
|move|p1a: Acolyte|Shadow Ball|p2a: Hippowdon
|-damage|p2a: Hippowdon|20/100
|
|-weather|Sandstorm|[upkeep]
|-damage|p1a: Acolyte|7/100|[from] Sandstorm
|upkeep
|turn|36
|
|t:|1781181386
|move|p1a: Acolyte|Shadow Ball|p2a: Hippowdon
|-damage|p2a: Hippowdon|0 fnt
|faint|p2a: Hippowdon
|
|-weather|Sandstorm|[upkeep]
|-damage|p1a: Acolyte|0 fnt|[from] Sandstorm
|faint|p1a: Acolyte
|-end|p1a: Acolyte|Quark Drive|[silent]
|upkeep
|
|t:|1781181397
|switch|p1a: Preacher|Zapdos|94/100
|switch|p2a: Zapdos|Zapdos|100/100
|turn|37
|
|t:|1781181403
|move|p2a: Zapdos|Hurricane|p1a: Preacher
|-resisted|p1a: Preacher
|-damage|p1a: Preacher|74/100
|move|p1a: Preacher|Discharge|p2a: Zapdos
|-damage|p2a: Zapdos|67/100
|
|-weather|Sandstorm|[upkeep]
|-damage|p2a: Zapdos|61/100|[from] Sandstorm
|-damage|p1a: Preacher|68/100|[from] Sandstorm
|upkeep
|turn|38
|
|t:|1781181409
|move|p2a: Zapdos|Hurricane|p1a: Preacher
|-resisted|p1a: Preacher
|-damage|p1a: Preacher|47/100
|move|p1a: Preacher|Roost|p1a: Preacher
|-heal|p1a: Preacher|97/100
|-singleturn|p1a: Preacher|move: Roost
|
|-weather|Sandstorm|[upkeep]
|-damage|p2a: Zapdos|55/100|[from] Sandstorm
|-damage|p1a: Preacher|91/100|[from] Sandstorm
|upkeep
|turn|39
|
|t:|1781181414
|move|p2a: Zapdos|Roost|p2a: Zapdos
|-heal|p2a: Zapdos|100/100
|-singleturn|p2a: Zapdos|move: Roost
|move|p1a: Preacher|Discharge|p2a: Zapdos
|-resisted|p2a: Zapdos
|-damage|p2a: Zapdos|86/100
|
|-weather|none
|upkeep
|turn|40
|
|t:|1781181418
|move|p2a: Zapdos|Hurricane|p1a: Preacher
|-resisted|p1a: Preacher
|-crit|p1a: Preacher
|-damage|p1a: Preacher|59/100
|move|p1a: Preacher|Discharge|p2a: Zapdos
|-damage|p2a: Zapdos|54/100
|
|upkeep
|turn|41
|
|t:|1781181424
|move|p2a: Zapdos|Hurricane|p1a: Preacher
|-resisted|p1a: Preacher
|-damage|p1a: Preacher|36/100
|move|p1a: Preacher|Roost|p1a: Preacher
|-heal|p1a: Preacher|86/100
|-singleturn|p1a: Preacher|move: Roost
|
|upkeep
|turn|42
|
|t:|1781181431
|move|p2a: Zapdos|Hurricane|p1a: Preacher|[miss]
|-miss|p2a: Zapdos|p1a: Preacher
|move|p1a: Preacher|Discharge|p2a: Zapdos
|-damage|p2a: Zapdos|23/100
|
|upkeep
|turn|43
|
|t:|1781181435
|move|p2a: Zapdos|Hurricane|p1a: Preacher|[miss]
|-miss|p2a: Zapdos|p1a: Preacher
|move|p1a: Preacher|Discharge|p2a: Zapdos
|-damage|p2a: Zapdos|0 fnt
|faint|p2a: Zapdos
|
|upkeep
|
|t:|1781181442
|switch|p2a: Skarmory|Skarmory, M|95/100
|turn|44
|
|t:|1781181447
|move|p1a: Preacher|Discharge|p2a: Skarmory
|-supereffective|p2a: Skarmory
|-damage|p2a: Skarmory|8/100
|move|p2a: Skarmory|Body Press|p1a: Preacher
|-resisted|p1a: Preacher
|-damage|p1a: Preacher|75/100
|-status|p2a: Skarmory|par|[from] ability: Static|[of] p1a: Preacher
|
|-heal|p2a: Skarmory|14/100 par|[from] item: Leftovers
|upkeep
|turn|45
|
|t:|1781181453
|move|p1a: Preacher|Discharge|p2a: Skarmory
|-supereffective|p2a: Skarmory
|-damage|p2a: Skarmory|0 fnt
|faint|p2a: Skarmory
|
|win|The median voter
|raw|The median voter's rating: 1552 &rarr; <strong>1571</strong><br />(+19 for winning)
|raw|KurisuChestnutLab's rating: 1529 &rarr; <strong>1510</strong><br />(-19 for losing)
