|j|☆Slashutu
|j|☆icylikedecember
|t:|1780969925
|gametype|singles
|player|p1|Slashutu|101|1657
|player|p2|icylikedecember|skierf|1674
|gen|9
|tier|[Gen 9] OU
|rated|
|rule|HP Percentage Mod: HP is shown in percentages
|rule|Endless Battle Clause: Forcing endless battles is banned
|rule|Species Clause: Limit one of each Pokémon
|rule|OHKO Clause: OHKO moves are banned
|rule|Evasion Items Clause: Evasion items are banned
|rule|Evasion Moves Clause: Evasion moves are banned
|rule|Evasion Abilities Clause: Evasion abilities are banned
|rule|Sleep Moves Clause: Sleep-inducing moves are banned
|clearpoke
|poke|p1|Ting-Lu|
|poke|p1|Gliscor, F|
|poke|p1|Sinistcha-Masterpiece|
|poke|p1|Keldeo|
|poke|p1|Tinkaton, F|
|poke|p1|Dragonite, M|
|poke|p2|Corviknight, M|
|poke|p2|Slowking-Galar, F|
|poke|p2|Darkrai|
|poke|p2|Kyurem|
|poke|p2|Zamazenta-*|
|poke|p2|Crawdaunt, F|
|teampreview
|
|t:|1780969936
|teamsize|p1|6
|teamsize|p2|6
|start
|switch|p1a: Tinkki Minaj|Tinkaton, F|100/100
|switch|p2a: Kyurem|Kyurem|100/100
|-ability|p2a: Kyurem|Pressure
|-ability|p1a: Tinkki Minaj|Mold Breaker
|-item|p1a: Tinkki Minaj|Air Balloon
|turn|1
|
|t:|1780969945
|switch|p2a: Corviknight|Corviknight, M, shiny|100/100
|-ability|p2a: Corviknight|Pressure
|move|p1a: Tinkki Minaj|Thunder Wave|p2a: Corviknight
|-status|p2a: Corviknight|par
|
|upkeep
|turn|2
|
|t:|1780969966
|move|p1a: Tinkki Minaj|Stealth Rock|p2a: Corviknight
|-sidestart|p2: icylikedecember|move: Stealth Rock
|move|p2a: Corviknight|U-turn|p1a: Tinkki Minaj
|-resisted|p1a: Tinkki Minaj
|-damage|p1a: Tinkki Minaj|97/100
|-enditem|p1a: Tinkki Minaj|Air Balloon
|
|t:|1780969976
|switch|p2a: Slowking|Slowking-Galar, F, shiny|100/100|[from] U-turn
|-damage|p2a: Slowking|88/100|[from] Stealth Rock
|
|upkeep
|turn|3
|
|t:|1780969979
|move|p1a: Tinkki Minaj|Thunder Wave|p2a: Slowking
|-status|p2a: Slowking|par
|move|p2a: Slowking|Flamethrower|p1a: Tinkki Minaj
|-supereffective|p1a: Tinkki Minaj
|-damage|p1a: Tinkki Minaj|45/100
|
|upkeep
|turn|4
|
|t:|1780969987
|switch|p1a: Dance Armstrong|Gliscor, F|100/100
|cant|p2a: Slowking|par
|
|-status|p1a: Dance Armstrong|tox|[from] item: Toxic Orb
|upkeep
|turn|5
|
|t:|1780969993
|move|p1a: Dance Armstrong|Swords Dance|p1a: Dance Armstrong
|-boost|p1a: Dance Armstrong|atk|2
|cant|p2a: Slowking|par
|
|upkeep
|turn|6
|
|t:|1780969998
|-terastallize|p2a: Slowking|Grass
|move|p1a: Dance Armstrong|Knock Off|p2a: Slowking
|-damage|p2a: Slowking|46/100 par
|-enditem|p2a: Slowking|Assault Vest|[from] move: Knock Off|[of] p1a: Dance Armstrong
|move|p2a: Slowking|Ice Beam|p1a: Dance Armstrong
|-supereffective|p1a: Dance Armstrong
|-damage|p1a: Dance Armstrong|0 fnt
|faint|p1a: Dance Armstrong
|
|upkeep
|inactive|Battle timer is ON: inactive players will automatically lose when time's up. (requested by icylikedecember)
|
|t:|1780970013
|switch|p1a: Tinkki Minaj|Tinkaton, F|45/100
|-ability|p1a: Tinkki Minaj|Mold Breaker
|turn|7
|
|t:|1780970015
|switch|p2a: Corviknight|Corviknight, M, shiny|100/100 par
|-damage|p2a: Corviknight|88/100 par|[from] Stealth Rock
|-ability|p2a: Corviknight|Pressure
|move|p1a: Tinkki Minaj|Gigaton Hammer|p2a: Corviknight
|-resisted|p2a: Corviknight
|-crit|p2a: Corviknight
|-damage|p2a: Corviknight|69/100 par
|
|upkeep
|turn|8
|
|t:|1780970027
|switch|p1a: My Little Pwny|Keldeo|100/100
|move|p2a: Corviknight|Defog|p1a: My Little Pwny
|-unboost|p1a: My Little Pwny|evasion|1
|-sideend|p2: icylikedecember|Stealth Rock|[from] move: Defog|[of] p2a: Corviknight
|
|upkeep
|turn|9
|
|t:|1780970030
|switch|p2a: Slowking|Slowking-Galar, F, shiny, tera:Grass|79/100 par
|move|p1a: My Little Pwny|Surf|p2a: Slowking
|-resisted|p2a: Slowking
|-damage|p2a: Slowking|63/100 par
|
|upkeep
|turn|10
|
|t:|1780970036
|switch|p1a: Jarhead|Ting-Lu|100/100
|-ability|p1a: Jarhead|Vessel of Ruin
|move|p2a: Slowking|Psyshock|p1a: Jarhead
|-immune|p1a: Jarhead
|
|upkeep
|turn|11
|
|t:|1780970043
|switch|p2a: Kyurem|Kyurem|100/100
|-ability|p2a: Kyurem|Pressure
|move|p1a: Jarhead|Spikes|p2a: Kyurem
|-sidestart|p2: icylikedecember|Spikes
|
|upkeep
|turn|12
|
|t:|1780970058
|move|p2a: Kyurem|Ice Beam|p1a: Jarhead
|-supereffective|p1a: Jarhead
|-damage|p1a: Jarhead|37/100
|move|p1a: Jarhead|Ruination|p2a: Kyurem
|-damage|p2a: Kyurem|51/100
|
|-heal|p1a: Jarhead|43/100|[from] item: Leftovers
|upkeep
|turn|13
|
|t:|1780970064
|switch|p1a: Tinkki Minaj|Tinkaton, F|45/100
|-ability|p1a: Tinkki Minaj|Mold Breaker
|move|p2a: Kyurem|Ice Beam|p1a: Tinkki Minaj
|-resisted|p1a: Tinkki Minaj
|-damage|p1a: Tinkki Minaj|15/100
|
|upkeep
|turn|14
|
|t:|1780970072
|move|p2a: Kyurem|Ice Beam|p1a: Tinkki Minaj
|-resisted|p1a: Tinkki Minaj
|-damage|p1a: Tinkki Minaj|0 fnt
|faint|p1a: Tinkki Minaj
|
|upkeep
|
|t:|1780970075
|switch|p1a: My Little Pwny|Keldeo|100/100
|turn|15
|
|t:|1780970078
|switch|p2a: Slowking|Slowking-Galar, F, shiny, tera:Grass|96/100 par
|-damage|p2a: Slowking|84/100 par|[from] Spikes
|move|p1a: My Little Pwny|Aura Sphere|p2a: Slowking
|-damage|p2a: Slowking|53/100 par
|
|upkeep
|turn|16
|
|t:|1780970086
|move|p1a: My Little Pwny|Aura Sphere|p2a: Slowking
|-damage|p2a: Slowking|24/100 par
|move|p2a: Slowking|Psyshock|p1a: My Little Pwny
|-supereffective|p1a: My Little Pwny
|-damage|p1a: My Little Pwny|18/100
|
|upkeep
|turn|17
|
|t:|1780970092
|switch|p2a: Corviknight|Corviknight, M, shiny|69/100 par
|-ability|p2a: Corviknight|Pressure
|move|p1a: My Little Pwny|Aura Sphere|p2a: Corviknight
|-damage|p2a: Corviknight|26/100 par
|
|upkeep
|turn|18
|
|t:|1780970096
|move|p1a: My Little Pwny|Aura Sphere|p2a: Corviknight
|-crit|p2a: Corviknight
|-damage|p2a: Corviknight|0 fnt
|faint|p2a: Corviknight
|
|upkeep
|
|t:|1780970103
|switch|p2a: Darkrai|Darkrai|100/100
|-damage|p2a: Darkrai|88/100|[from] Spikes
|turn|19
|
|t:|1780970106
|move|p1a: My Little Pwny|Vacuum Wave|p2a: Darkrai
|-supereffective|p2a: Darkrai
|-damage|p2a: Darkrai|35/100
|move|p2a: Darkrai|Sludge Bomb|p1a: My Little Pwny
|-damage|p1a: My Little Pwny|0 fnt
|faint|p1a: My Little Pwny
|
|upkeep
|
|t:|1780970114
|switch|p1a: Secret Service|Dragonite, M|100/100
|turn|20
|
|t:|1780970116
|move|p1a: Secret Service|Extreme Speed|p2a: Darkrai
|-damage|p2a: Darkrai|0 fnt
|faint|p2a: Darkrai
|
|upkeep
|
|t:|1780970134
|switch|p2a: Zamazenta|Zamazenta|100/100
|-damage|p2a: Zamazenta|88/100|[from] Spikes
|-ability|p2a: Zamazenta|Dauntless Shield|boost
|-boost|p2a: Zamazenta|def|1
|turn|21
|
|t:|1780970138
|switch|p2a: Kyurem|Kyurem|51/100
|-damage|p2a: Kyurem|38/100|[from] Spikes
|-ability|p2a: Kyurem|Pressure
|switch|p1a: Tchavis Scott|Sinistcha-Masterpiece|100/100
|
|upkeep
|turn|22
|
|t:|1780970147
|switch|p1a: Jarhead|Ting-Lu|43/100
|-ability|p1a: Jarhead|Vessel of Ruin
|move|p2a: Kyurem|Ice Beam|p1a: Jarhead
|-supereffective|p1a: Jarhead
|-damage|p1a: Jarhead|0 fnt
|faint|p1a: Jarhead
|
|upkeep
|
|t:|1780970150
|switch|p1a: Secret Service|Dragonite, M|100/100
|turn|23
|
|t:|1780970158
|-terastallize|p1a: Secret Service|Normal
|move|p1a: Secret Service|Extreme Speed|p2a: Kyurem
|-damage|p2a: Kyurem|0 fnt
|faint|p2a: Kyurem
|
|upkeep
|
|t:|1780970164
|switch|p2a: Crawdaunt|Crawdaunt, F|100/100
|-damage|p2a: Crawdaunt|88/100|[from] Spikes
|turn|24
|
|t:|1780970167
|move|p1a: Secret Service|Extreme Speed|p2a: Crawdaunt
|-damage|p2a: Crawdaunt|16/100
|move|p2a: Crawdaunt|Knock Off|p1a: Secret Service
|-damage|p1a: Secret Service|56/100
|-enditem|p1a: Secret Service|Heavy-Duty Boots|[from] move: Knock Off|[of] p2a: Crawdaunt
|
|upkeep
|turn|25
|
|t:|1780970173
|move|p1a: Secret Service|Extreme Speed|p2a: Crawdaunt
|-damage|p2a: Crawdaunt|0 fnt
|faint|p2a: Crawdaunt
|
|upkeep
|
|t:|1780970182
|switch|p2a: Zamazenta|Zamazenta|88/100
|-damage|p2a: Zamazenta|76/100|[from] Spikes
|turn|26
|
|t:|1780970184
|switch|p2a: Slowking|Slowking-Galar, F, shiny, tera:Grass|58/100 par
|-damage|p2a: Slowking|45/100 par|[from] Spikes
|switch|p1a: Tchavis Scott|Sinistcha-Masterpiece|100/100
|
|upkeep
|turn|27
|
|t:|1780970192
|move|p1a: Tchavis Scott|Calm Mind|p1a: Tchavis Scott
|-boost|p1a: Tchavis Scott|spa|1
|-boost|p1a: Tchavis Scott|spd|1
|move|p2a: Slowking|Sludge Bomb|p1a: Tchavis Scott
|-damage|p1a: Tchavis Scott|65/100
|-status|p1a: Tchavis Scott|psn
|
|-damage|p1a: Tchavis Scott|53/100 psn|[from] psn
|upkeep
|turn|28
|
|t:|1780970200
|move|p1a: Tchavis Scott|Strength Sap|p2a: Slowking
|-unboost|p2a: Slowking|atk|1
|-heal|p1a: Tchavis Scott|96/100 psn
|move|p2a: Slowking|Sludge Bomb|p1a: Tchavis Scott
|-damage|p1a: Tchavis Scott|60/100 psn
|
|-damage|p1a: Tchavis Scott|47/100 psn|[from] psn
|upkeep
|turn|29
|j| arturohdez
|
|t:|1780970207
|move|p1a: Tchavis Scott|Shadow Ball|p2a: Slowking
|-damage|p2a: Slowking|6/100 par
|move|p2a: Slowking|Sludge Bomb|p1a: Tchavis Scott
|-damage|p1a: Tchavis Scott|12/100 psn
|
|-damage|p1a: Tchavis Scott|0 fnt|[from] psn
|faint|p1a: Tchavis Scott
|upkeep
|
|t:|1780970210
|switch|p1a: Secret Service|Dragonite, M, tera:Normal|56/100
|turn|30
|
|t:|1780970214
|move|p1a: Secret Service|Roost|p1a: Secret Service
|-heal|p1a: Secret Service|100/100
|move|p2a: Slowking|Sludge Bomb|p1a: Secret Service
|-damage|p1a: Secret Service|82/100
|
|upkeep
|turn|31
|
|t:|1780970222
|move|p1a: Secret Service|Roost|p1a: Secret Service
|-heal|p1a: Secret Service|100/100
|move|p2a: Slowking|Sludge Bomb|p1a: Secret Service
|-damage|p1a: Secret Service|82/100
|
|upkeep
|turn|32
|
|t:|1780970229
|move|p1a: Secret Service|Roost|p1a: Secret Service
|-heal|p1a: Secret Service|100/100
|move|p2a: Slowking|Sludge Bomb|p1a: Secret Service
|-damage|p1a: Secret Service|81/100
|
|upkeep
|turn|33
|
|t:|1780970233
|move|p1a: Secret Service|Roost|p1a: Secret Service
|-heal|p1a: Secret Service|100/100
|cant|p2a: Slowking|par
|
|upkeep
|turn|34
|
|t:|1780970239
|move|p1a: Secret Service|Extreme Speed|p2a: Slowking
|-damage|p2a: Slowking|0 fnt
|faint|p2a: Slowking
|
|upkeep
|
|t:|1780970241
|switch|p2a: Zamazenta|Zamazenta|76/100
|-damage|p2a: Zamazenta|63/100|[from] Spikes
|turn|35
|
|t:|1780970247
|move|p1a: Secret Service|Extreme Speed|p2a: Zamazenta
|-damage|p2a: Zamazenta|31/100
|move|p2a: Zamazenta|Body Press|p1a: Secret Service
|-supereffective|p1a: Secret Service
|-damage|p1a: Secret Service|69/100
|
|-heal|p2a: Zamazenta|38/100|[from] item: Leftovers
|upkeep
|turn|36
|
|t:|1780970257
|move|p1a: Secret Service|Extreme Speed|p2a: Zamazenta
|-damage|p2a: Zamazenta|5/100
|move|p2a: Zamazenta|Body Press|p1a: Secret Service
|-supereffective|p1a: Secret Service
|-damage|p1a: Secret Service|8/100
|
|-heal|p2a: Zamazenta|11/100|[from] item: Leftovers
|upkeep
|turn|37
|
|t:|1780970266
|move|p2a: Zamazenta|Body Press|p1a: Secret Service
|-supereffective|p1a: Secret Service
|-damage|p1a: Secret Service|0 fnt
|faint|p1a: Secret Service
|
|win|icylikedecember
|raw|Slashutu's rating: 1657 &rarr; <strong>1638</strong><br />(-19 for losing)
|raw|icylikedecember's rating: 1674 &rarr; <strong>1693</strong><br />(+19 for winning)
|l|☆icylikedecember
|player|p2|
|l|☆Slashutu
|player|p1|
|l| arturohdez
