|j|☆LowEL0God
|j|☆seven-iwnl
|t:|1781497483
|gametype|singles
|player|p1|LowEL0God|265|1539
|player|p2|seven-iwnl|ghetsis|1644
|gen|9
|tier|[Gen 9] OU
|rated|
|rule|HP Percentage Mod: HP is shown in percentages
|rule|Endless Battle Clause: Forcing endless battles is banned
|rule|Species Clause: Limit one of each Pokémon
|rule|OHKO Clause: OHKO moves are banned
|rule|Evasion Items Clause: Evasion items are banned
|rule|Evasion Moves Clause: Evasion moves are banned
|rule|Evasion Abilities Clause: Evasion abilities are banned
|rule|Sleep Moves Clause: Sleep-inducing moves are banned
|clearpoke
|poke|p1|Pelipper, F|
|poke|p1|Raging Bolt|
|poke|p1|Overqwil, M|
|poke|p1|Barraskewda, F|
|poke|p1|Iron Treads|
|poke|p1|Kingambit, F|
|poke|p2|Raging Bolt|
|poke|p2|Ribombee, F|
|poke|p2|Gholdengo|
|poke|p2|Great Tusk|
|poke|p2|Ogerpon-Cornerstone, F|
|poke|p2|Ceruledge, F|
|teampreview
|c|☆LowEL0God|hf
|inactive|Battle timer is ON: inactive players will automatically lose when time's up. (requested by LowEL0God)
|
|t:|1781497499
|teamsize|p1|6
|teamsize|p2|6
|start
|switch|p1a: Kingambit|Kingambit, F|100/100
|switch|p2a: Ribombee|Ribombee, F, shiny|100/100
|turn|1
|
|t:|1781497502
|move|p2a: Ribombee|Sticky Web|p1a: Kingambit
|-sidestart|p1: LowEL0God|move: Sticky Web
|move|p1a: Kingambit|Iron Head|p2a: Ribombee
|-supereffective|p2a: Ribombee
|-enditem|p2a: Ribombee|Focus Sash
|-damage|p2a: Ribombee|1/100
|
|upkeep
|turn|2
|
|t:|1781497507
|move|p2a: Ribombee|Stun Spore|p1a: Kingambit|[miss]
|-miss|p2a: Ribombee|p1a: Kingambit
|move|p1a: Kingambit|Swords Dance|p1a: Kingambit
|-boost|p1a: Kingambit|atk|2
|
|upkeep
|turn|3
|
|t:|1781497509
|move|p2a: Ribombee|Stun Spore|p1a: Kingambit
|-status|p1a: Kingambit|par
|move|p1a: Kingambit|Kowtow Cleave|p2a: Ribombee
|-resisted|p2a: Ribombee
|-damage|p2a: Ribombee|0 fnt
|faint|p2a: Ribombee
|
|upkeep
|
|t:|1781497512
|switch|p2a: Ogerpon|Ogerpon-Cornerstone, F|100/100
|turn|4
|
|t:|1781497514
|move|p2a: Ogerpon|Low Kick|p1a: Kingambit
|-supereffective|p1a: Kingambit
|-damage|p1a: Kingambit|0 fnt
|faint|p1a: Kingambit
|-end|p1a: Kingambit|fallenundefined|[silent]
|
|upkeep
|
|t:|1781497514
|switch|p1a: Iron Treads|Iron Treads|100/100
|-activate|p1a: Iron Treads|move: Sticky Web
|-unboost|p1a: Iron Treads|spe|1
|-enditem|p1a: Iron Treads|Booster Energy
|-activate|p1a: Iron Treads|ability: Quark Drive|[fromitem]
|-start|p1a: Iron Treads|quarkdrivedef
|turn|5
|
|t:|1781497521
|switch|p2a: Gholdengo|Gholdengo, shiny|100/100
|-item|p2a: Gholdengo|Air Balloon
|move|p1a: Iron Treads|Rapid Spin|p2a: Gholdengo
|-immune|p2a: Gholdengo
|
|upkeep
|turn|6
|
|t:|1781497529
|move|p2a: Gholdengo|Dazzling Gleam|p1a: Iron Treads
|-resisted|p1a: Iron Treads
|-damage|p1a: Iron Treads|79/100
|move|p1a: Iron Treads|Stealth Rock|p2a: Gholdengo
|-sidestart|p2: seven-iwnl|move: Stealth Rock
|
|upkeep
|turn|7
|
|t:|1781497533
|-end|p1a: Iron Treads|Quark Drive|[silent]
|switch|p1a: Raging Bolt|Raging Bolt|100/100
|-activate|p1a: Raging Bolt|move: Sticky Web
|-unboost|p1a: Raging Bolt|spe|1
|-enditem|p1a: Raging Bolt|Booster Energy
|-activate|p1a: Raging Bolt|ability: Protosynthesis|[fromitem]
|-start|p1a: Raging Bolt|protosynthesisspa
|move|p2a: Gholdengo|Shadow Ball|p1a: Raging Bolt
|-damage|p1a: Raging Bolt|60/100
|
|upkeep
|turn|8
|
|t:|1781497536
|move|p2a: Gholdengo|Dazzling Gleam|p1a: Raging Bolt
|-supereffective|p1a: Raging Bolt
|-damage|p1a: Raging Bolt|3/100
|move|p1a: Raging Bolt|Thunder|p2a: Gholdengo
|-damage|p2a: Gholdengo|4/100
|-enditem|p2a: Gholdengo|Air Balloon
|
|upkeep
|turn|9
|
|t:|1781497540
|move|p2a: Gholdengo|Dazzling Gleam|p1a: Raging Bolt
|-supereffective|p1a: Raging Bolt
|-damage|p1a: Raging Bolt|0 fnt
|faint|p1a: Raging Bolt
|-end|p1a: Raging Bolt|Protosynthesis|[silent]
|
|upkeep
|
|t:|1781497540
|switch|p1a: Barraskewda|Barraskewda, F|100/100
|-activate|p1a: Barraskewda|move: Sticky Web
|-unboost|p1a: Barraskewda|spe|1
|turn|10
|
|t:|1781497542
|move|p1a: Barraskewda|Aqua Jet|p2a: Gholdengo
|-damage|p2a: Gholdengo|0 fnt
|faint|p2a: Gholdengo
|
|upkeep
|
|t:|1781497545
|switch|p2a: Ogerpon|Ogerpon-Cornerstone, F|100/100
|-damage|p2a: Ogerpon|88/100|[from] Stealth Rock
|turn|11
|
|t:|1781497552
|switch|p1a: Iron Treads|Iron Treads|79/100
|-activate|p1a: Iron Treads|move: Sticky Web
|-unboost|p1a: Iron Treads|spe|1
|move|p2a: Ogerpon|Ivy Cudgel|p1a: Iron Treads|[anim] Ivy Cudgel Rock
|-resisted|p1a: Iron Treads
|-crit|p1a: Iron Treads
|-damage|p1a: Iron Treads|58/100
|
|upkeep
|turn|12
|
|t:|1781497556
|move|p2a: Ogerpon|Power Whip|p1a: Iron Treads|[miss]
|-miss|p2a: Ogerpon|p1a: Iron Treads
|move|p1a: Iron Treads|Steel Beam|p2a: Ogerpon
|-supereffective|p2a: Ogerpon
|-damage|p2a: Ogerpon|0 fnt
|-damage|p1a: Iron Treads|7/100|[from] steelbeam
|faint|p2a: Ogerpon
|
|upkeep
|
|t:|1781497559
|switch|p2a: Great Tusk|Great Tusk, shiny|100/100
|-damage|p2a: Great Tusk|98/100|[from] Stealth Rock
|-enditem|p2a: Great Tusk|Booster Energy
|-activate|p2a: Great Tusk|ability: Protosynthesis|[fromitem]
|-start|p2a: Great Tusk|protosynthesisatk
|turn|13
|
|t:|1781497560
|move|p2a: Great Tusk|Rapid Spin|p1a: Iron Treads
|-resisted|p1a: Iron Treads
|-damage|p1a: Iron Treads|0 fnt
|-boost|p2a: Great Tusk|spe|1
|-sideend|p2: seven-iwnl|Stealth Rock|[from] move: Rapid Spin|[of] p2a: Great Tusk
|faint|p1a: Iron Treads
|-end|p1a: Iron Treads|Quark Drive|[silent]
|
|upkeep
|
|t:|1781497561
|switch|p1a: Pelipper|Pelipper, F|100/100
|-weather|RainDance|[from] ability: Drizzle|[of] p1a: Pelipper
|turn|14
|
|t:|1781497567
|move|p2a: Great Tusk|Rapid Spin|p1a: Pelipper
|-damage|p1a: Pelipper|82/100
|-boost|p2a: Great Tusk|spe|1
|move|p1a: Pelipper|Hurricane|p2a: Great Tusk
|-supereffective|p2a: Great Tusk
|-damage|p2a: Great Tusk|0 fnt
|faint|p2a: Great Tusk
|-end|p2a: Great Tusk|Protosynthesis|[silent]
|
|-weather|RainDance|[upkeep]
|upkeep
|
|t:|1781497574
|switch|p2a: Raging Bolt|Raging Bolt|100/100
|-enditem|p2a: Raging Bolt|Booster Energy
|-activate|p2a: Raging Bolt|ability: Protosynthesis|[fromitem]
|-start|p2a: Raging Bolt|protosynthesisspa
|turn|15
|
|t:|1781497576
|switch|p1a: Overqwil|Overqwil, M|100/100
|-activate|p1a: Overqwil|move: Sticky Web
|-unboost|p1a: Overqwil|spe|1
|move|p2a: Raging Bolt|Calm Mind|p2a: Raging Bolt
|-boost|p2a: Raging Bolt|spa|1
|-boost|p2a: Raging Bolt|spd|1
|
|-weather|RainDance|[upkeep]
|upkeep
|turn|16
|
|t:|1781497587
|move|p1a: Overqwil|Gunk Shot|p2a: Raging Bolt
|-crit|p2a: Raging Bolt
|-damage|p2a: Raging Bolt|0 fnt
|faint|p2a: Raging Bolt
|-end|p2a: Raging Bolt|Protosynthesis|[silent]
|-damage|p1a: Overqwil|91/100|[from] item: Life Orb
|
|-weather|RainDance|[upkeep]
|upkeep
|
|t:|1781497592
|switch|p2a: Ceruledge|Ceruledge, F, shiny|100/100
|turn|17
|
|t:|1781497610
|move|p1a: Overqwil|Crunch|p2a: Ceruledge
|-supereffective|p2a: Ceruledge
|-enditem|p2a: Ceruledge|Focus Sash
|-damage|p2a: Ceruledge|1/100
|-ability|p2a: Ceruledge|Weak Armor|boost
|-unboost|p2a: Ceruledge|def|1
|-boost|p2a: Ceruledge|spe|2
|-damage|p1a: Overqwil|81/100|[from] item: Life Orb
|move|p2a: Ceruledge|Swords Dance|p2a: Ceruledge
|-boost|p2a: Ceruledge|atk|2
|
|-weather|RainDance|[upkeep]
|upkeep
|turn|18
|
|t:|1781497624
|move|p2a: Ceruledge|Close Combat|p1a: Overqwil
|-damage|p1a: Overqwil|0 fnt
|-unboost|p2a: Ceruledge|def|1
|-unboost|p2a: Ceruledge|spd|1
|faint|p1a: Overqwil
|
|-weather|RainDance|[upkeep]
|upkeep
|
|t:|1781497626
|switch|p1a: Barraskewda|Barraskewda, F|100/100
|-activate|p1a: Barraskewda|move: Sticky Web
|-unboost|p1a: Barraskewda|spe|1
|turn|19
|
|t:|1781497635
|-terastallize|p1a: Barraskewda|Water
|move|p2a: Ceruledge|Shadow Sneak|p1a: Barraskewda
|-damage|p1a: Barraskewda|16/100
|move|p1a: Barraskewda|Aqua Jet|p2a: Ceruledge
|-supereffective|p2a: Ceruledge
|-damage|p2a: Ceruledge|0 fnt
|faint|p2a: Ceruledge
|
|win|LowEL0God
|raw|LowEL0God's rating: 1539 &rarr; <strong>1565</strong><br />(+26 for winning)
|raw|seven-iwnl's rating: 1644 &rarr; <strong>1618</strong><br />(-26 for losing)
|l|☆seven-iwnl
|player|p2|
|c|☆LowEL0God|gg
|l|☆LowEL0God
|player|p1|
