|j|☆KnightKnaveSpy
|j|☆KurisuChestnutOU
|t:|1781136644
|gametype|singles
|player|p1|KnightKnaveSpy|101|1532
|player|p2|KurisuChestnutOU|may-contest|1491
|gen|9
|tier|[Gen 9] OU
|rated|
|rule|HP Percentage Mod: HP is shown in percentages
|rule|Endless Battle Clause: Forcing endless battles is banned
|rule|Species Clause: Limit one of each Pokémon
|rule|OHKO Clause: OHKO moves are banned
|rule|Evasion Items Clause: Evasion items are banned
|rule|Evasion Moves Clause: Evasion moves are banned
|rule|Evasion Abilities Clause: Evasion abilities are banned
|rule|Sleep Moves Clause: Sleep-inducing moves are banned
|clearpoke
|poke|p1|Samurott-Hisui, F|
|poke|p1|Blaziken, F|
|poke|p1|Kingambit, F|
|poke|p1|Raging Bolt|
|poke|p1|Ogerpon-Wellspring, F|
|poke|p1|Greninja-*, M|
|poke|p2|Gliscor, F|
|poke|p2|Dondozo, M|
|poke|p2|Slowking-Galar, F|
|poke|p2|Gholdengo|
|poke|p2|Great Tusk|
|poke|p2|Kingambit, M|
|teampreview
|inactive|Battle timer is ON: inactive players will automatically lose when time's up. (requested by KnightKnaveSpy)
|
|t:|1781136649
|teamsize|p1|6
|teamsize|p2|6
|start
|switch|p1a: Samurott|Samurott-Hisui, F|100/100
|switch|p2a: Dondozo|Dondozo, M|100/100
|turn|1
|inactive|KurisuChestnutOU also wants the timer to be on.
|
|t:|1781136657
|move|p1a: Samurott|Ceaseless Edge|p2a: Dondozo|[miss]
|-miss|p1a: Samurott|p2a: Dondozo
|move|p2a: Dondozo|Body Press|p1a: Samurott
|-supereffective|p1a: Samurott
|-damage|p1a: Samurott|34/100
|
|upkeep
|turn|2
|
|t:|1781136668
|move|p1a: Samurott|Ceaseless Edge|p2a: Dondozo
|-damage|p2a: Dondozo|82/100
|-sidestart|p2: KurisuChestnutOU|Spikes
|move|p2a: Dondozo|Body Press|p1a: Samurott
|-supereffective|p1a: Samurott
|-damage|p1a: Samurott|0 fnt
|faint|p1a: Samurott
|
|-heal|p2a: Dondozo|88/100|[from] item: Leftovers
|upkeep
|
|t:|1781136676
|switch|p1a: Raging Bolt|Raging Bolt|100/100
|-item|p1a: Raging Bolt|Air Balloon
|turn|3
|
|t:|1781136693
|switch|p2a: Slowking|Slowking-Galar, F|100/100
|-damage|p2a: Slowking|88/100|[from] Spikes
|move|p1a: Raging Bolt|Draco Meteor|p2a: Slowking
|-damage|p2a: Slowking|55/100
|-unboost|p1a: Raging Bolt|spa|2
|
|upkeep
|turn|4
|
|t:|1781136699
|move|p1a: Raging Bolt|Volt Switch|p2a: Slowking
|-damage|p2a: Slowking|47/100
|
|t:|1781136704
|-end|p1a: Raging Bolt|Protosynthesis|[silent]
|switch|p1a: Kingambit|Kingambit, F|100/100|[from] Volt Switch
|-activate|p1a: Kingambit|ability: Supreme Overlord
|-start|p1a: Kingambit|fallen1|[silent]
|move|p2a: Slowking|Flamethrower|p1a: Kingambit
|-supereffective|p1a: Kingambit
|-damage|p1a: Kingambit|57/100
|
|upkeep
|turn|5
|
|t:|1781136708
|switch|p2a: Kingambit|Kingambit, M|100/100
|-damage|p2a: Kingambit|88/100|[from] Spikes
|move|p1a: Kingambit|Kowtow Cleave|p2a: Kingambit
|-resisted|p2a: Kingambit
|-damage|p2a: Kingambit|60/100
|
|-heal|p2a: Kingambit|66/100|[from] item: Leftovers
|upkeep
|turn|6
|
|t:|1781136713
|-end|p1a: Kingambit|fallen1|[silent]
|switch|p1a: Blaziken|Blaziken, F|100/100
|move|p2a: Kingambit|Low Kick|p1a: Blaziken
|-damage|p1a: Blaziken|50/100
|
|-heal|p1a: Blaziken|56/100|[from] item: Leftovers
|-heal|p2a: Kingambit|72/100|[from] item: Leftovers
|upkeep
|turn|7
|
|t:|1781136717
|-end|p2a: Kingambit|fallenundefined|[silent]
|switch|p2a: Gliscor|Gliscor, F|100/100
|move|p1a: Blaziken|Detect||[still]
|-fail|p1a: Blaziken
|
|-heal|p1a: Blaziken|62/100|[from] item: Leftovers
|-ability|p1a: Blaziken|Speed Boost|boost
|-boost|p1a: Blaziken|spe|1
|-status|p2a: Gliscor|tox|[from] item: Toxic Orb
|upkeep
|turn|8
|
|t:|1781136724
|switch|p1a: Ogerpon|Ogerpon-Wellspring, F|100/100
|switch|p2a: Slowking|Slowking-Galar, F|80/100
|-damage|p2a: Slowking|68/100|[from] Spikes
|
|upkeep
|turn|9
|
|t:|1781136732
|switch|p2a: Dondozo|Dondozo, M|88/100
|-damage|p2a: Dondozo|76/100|[from] Spikes
|move|p1a: Ogerpon|Swords Dance|p1a: Ogerpon
|-boost|p1a: Ogerpon|atk|2
|
|-heal|p2a: Dondozo|82/100|[from] item: Leftovers
|upkeep
|turn|10
|
|t:|1781136736
|move|p1a: Ogerpon|Horn Leech|p2a: Dondozo
|-supereffective|p2a: Dondozo
|-damage|p2a: Dondozo|43/100
|move|p2a: Dondozo|Body Press|p1a: Ogerpon
|-damage|p1a: Ogerpon|67/100
|
|-heal|p2a: Dondozo|49/100|[from] item: Leftovers
|upkeep
|turn|11
|
|t:|1781136742
|-terastallize|p2a: Dondozo|Dragon
|move|p1a: Ogerpon|Horn Leech|p2a: Dondozo
|-resisted|p2a: Dondozo
|-crit|p2a: Dondozo
|-damage|p2a: Dondozo|33/100
|-heal|p1a: Ogerpon|80/100|[from] drain|[of] p2a: Dondozo
|move|p2a: Dondozo|Body Press|p1a: Ogerpon
|-damage|p1a: Ogerpon|42/100
|
|-heal|p2a: Dondozo|39/100|[from] item: Leftovers
|upkeep
|turn|12
|
|t:|1781136747
|move|p1a: Ogerpon|U-turn|p2a: Dondozo
|-damage|p2a: Dondozo|27/100
|
|t:|1781136749
|switch|p1a: Raging Bolt|Raging Bolt|100/100|[from] U-turn
|-item|p1a: Raging Bolt|Air Balloon
|move|p2a: Dondozo|Body Press|p1a: Raging Bolt
|-damage|p1a: Raging Bolt|79/100
|-enditem|p1a: Raging Bolt|Air Balloon
|
|-heal|p2a: Dondozo|33/100|[from] item: Leftovers
|upkeep
|turn|13
|
|t:|1781136755
|move|p1a: Raging Bolt|Draco Meteor|p2a: Dondozo
|-supereffective|p2a: Dondozo
|-damage|p2a: Dondozo|0 fnt
|-unboost|p1a: Raging Bolt|spa|2
|faint|p2a: Dondozo
|
|upkeep
|
|t:|1781136758
|switch|p2a: Great Tusk|Great Tusk|100/100
|turn|14
|inactive|KnightKnaveSpy has 120 seconds left.
|
|t:|1781136799
|move|p2a: Great Tusk|Rapid Spin|p1a: Raging Bolt
|-crit|p1a: Raging Bolt
|-damage|p1a: Raging Bolt|57/100
|-boost|p2a: Great Tusk|spe|1
|-sideend|p2: KurisuChestnutOU|Spikes|[from] move: Rapid Spin|[of] p2a: Great Tusk
|move|p1a: Raging Bolt|Draco Meteor|p2a: Great Tusk
|-damage|p2a: Great Tusk|37/100
|-unboost|p1a: Raging Bolt|spa|2
|
|upkeep
|turn|15
|
|t:|1781136807
|move|p2a: Great Tusk|Headlong Rush|p1a: Raging Bolt
|-supereffective|p1a: Raging Bolt
|-damage|p1a: Raging Bolt|0 fnt
|-unboost|p2a: Great Tusk|def|1
|-unboost|p2a: Great Tusk|spd|1
|faint|p1a: Raging Bolt
|-end|p1a: Raging Bolt|Protosynthesis|[silent]
|
|upkeep
|
|t:|1781136810
|switch|p1a: Greninja|Greninja, M|100/100
|turn|16
|
|t:|1781136814
|move|p1a: Greninja|Water Shuriken|p2a: Great Tusk
|-start|p1a: Greninja|typechange|Water|[from] ability: Protean
|-supereffective|p2a: Great Tusk
|-damage|p2a: Great Tusk|8/100
|-supereffective|p2a: Great Tusk
|-damage|p2a: Great Tusk|0 fnt
|faint|p2a: Great Tusk
|-end|p2a: Great Tusk|Protosynthesis|[silent]
|-hitcount|p2: Great Tusk|2
|
|upkeep
|
|t:|1781136822
|switch|p2a: Kingambit|Kingambit, M|72/100
|-activate|p2a: Kingambit|ability: Supreme Overlord
|-start|p2a: Kingambit|fallen2|[silent]
|turn|17
|
|t:|1781136829
|move|p1a: Greninja|Hydro Pump|p2a: Kingambit
|-damage|p2a: Kingambit|17/100
|move|p2a: Kingambit|Low Kick|p1a: Greninja
|-damage|p1a: Greninja|49/100
|
|-heal|p2a: Kingambit|23/100|[from] item: Leftovers
|upkeep
|turn|18
|
|t:|1781136833
|-end|p2a: Kingambit|fallen2|[silent]
|switch|p2a: Slowking|Slowking-Galar, F|100/100
|move|p1a: Greninja|Water Shuriken|p2a: Slowking
|-damage|p2a: Slowking|97/100
|-damage|p2a: Slowking|95/100
|-crit|p2a: Slowking
|-damage|p2a: Slowking|91/100
|-damage|p2a: Slowking|88/100
|-hitcount|p2a: Slowking|4
|
|upkeep
|turn|19
|
|t:|1781136837
|switch|p1a: Kingambit|Kingambit, F|57/100
|-activate|p1a: Kingambit|ability: Supreme Overlord
|-start|p1a: Kingambit|fallen2|[silent]
|move|p2a: Slowking|Flamethrower|p1a: Kingambit
|-supereffective|p1a: Kingambit
|-damage|p1a: Kingambit|12/100
|
|upkeep
|turn|20
|
|t:|1781136845
|switch|p2a: Gliscor|Gliscor, F|100/100 tox
|move|p1a: Kingambit|Kowtow Cleave|p2a: Gliscor
|-damage|p2a: Gliscor|56/100 tox
|
|-heal|p2a: Gliscor|68/100 tox|[from] ability: Poison Heal
|upkeep
|turn|21
|
|t:|1781136849
|switch|p2a: Kingambit|Kingambit, M|23/100
|-activate|p2a: Kingambit|ability: Supreme Overlord
|-start|p2a: Kingambit|fallen2|[silent]
|-end|p1a: Kingambit|fallen2|[silent]
|switch|p1a: Ogerpon|Ogerpon-Wellspring, F|42/100
|
|-heal|p2a: Kingambit|29/100|[from] item: Leftovers
|upkeep
|turn|22
|
|t:|1781136856
|switch|p1a: Greninja|Greninja, M|49/100
|move|p2a: Kingambit|Sucker Punch||[still]
|-fail|p2a: Kingambit
|
|-heal|p2a: Kingambit|35/100|[from] item: Leftovers
|upkeep
|turn|23
|inactive|KnightKnaveSpy has 120 seconds left.
|
|t:|1781136892
|-end|p2a: Kingambit|fallen2|[silent]
|switch|p2a: Slowking|Slowking-Galar, F|100/100
|move|p1a: Greninja|Water Shuriken|p2a: Slowking
|-start|p1a: Greninja|typechange|Water|[from] ability: Protean
|-damage|p2a: Slowking|97/100
|-damage|p2a: Slowking|94/100
|-damage|p2a: Slowking|91/100
|-damage|p2a: Slowking|88/100
|-damage|p2a: Slowking|85/100
|-hitcount|p2a: Slowking|5
|
|upkeep
|turn|24
|
|t:|1781136897
|move|p1a: Greninja|Dark Pulse|p2a: Slowking
|-supereffective|p2a: Slowking
|-damage|p2a: Slowking|67/100
|move|p2a: Slowking|Flamethrower|p1a: Greninja
|-resisted|p1a: Greninja
|-damage|p1a: Greninja|30/100
|
|upkeep
|turn|25
|
|t:|1781136900
|move|p1a: Greninja|Dark Pulse|p2a: Slowking
|-supereffective|p2a: Slowking
|-damage|p2a: Slowking|49/100
|move|p2a: Slowking|Future Sight|p1a: Greninja
|-start|p2a: Slowking|move: Future Sight
|
|upkeep
|turn|26
|
|t:|1781136903
|move|p1a: Greninja|Dark Pulse|p2a: Slowking
|-supereffective|p2a: Slowking
|-damage|p2a: Slowking|30/100
|move|p2a: Slowking|Sludge Bomb|p1a: Greninja
|-damage|p1a: Greninja|0 fnt
|faint|p1a: Greninja
|
|upkeep
|
|t:|1781136907
|switch|p1a: Kingambit|Kingambit, F|12/100
|-activate|p1a: Kingambit|ability: Supreme Overlord
|-start|p1a: Kingambit|fallen3|[silent]
|turn|27
|
|t:|1781136911
|switch|p2a: Gliscor|Gliscor, F|68/100 tox
|move|p1a: Kingambit|Kowtow Cleave|p2a: Gliscor
|-damage|p2a: Gliscor|18/100 tox
|
|-end|p1a: Kingambit|move: Future Sight
|-immune|p1a: Kingambit
|-heal|p2a: Gliscor|31/100 tox|[from] ability: Poison Heal
|upkeep
|turn|28
|
|t:|1781136915
|switch|p2a: Kingambit|Kingambit, M|35/100
|-activate|p2a: Kingambit|ability: Supreme Overlord
|-start|p2a: Kingambit|fallen2|[silent]
|move|p1a: Kingambit|Kowtow Cleave|p2a: Kingambit
|-resisted|p2a: Kingambit
|-damage|p2a: Kingambit|0 fnt
|faint|p2a: Kingambit
|-end|p2a: Kingambit|fallen2|[silent]
|
|upkeep
|
|t:|1781136919
|switch|p2a: Gholdengo|Gholdengo|100/100
|-item|p2a: Gholdengo|Air Balloon
|turn|29
|
|t:|1781136923
|move|p2a: Gholdengo|Shadow Ball|p1a: Kingambit
|-resisted|p1a: Kingambit
|-damage|p1a: Kingambit|0 fnt
|faint|p1a: Kingambit
|-end|p1a: Kingambit|fallen3|[silent]
|
|upkeep
|
|t:|1781136928
|switch|p1a: Blaziken|Blaziken, F|62/100
|turn|30
|
|t:|1781136936
|switch|p2a: Gliscor|Gliscor, F|31/100 tox
|move|p1a: Blaziken|Swords Dance|p1a: Blaziken
|-boost|p1a: Blaziken|atk|2
|
|-heal|p1a: Blaziken|68/100|[from] item: Leftovers
|-heal|p2a: Gliscor|43/100 tox|[from] ability: Poison Heal
|-ability|p1a: Blaziken|Speed Boost|boost
|-boost|p1a: Blaziken|spe|1
|upkeep
|turn|31
|
|t:|1781136940
|move|p1a: Blaziken|Flare Blitz|p2a: Gliscor
|-damage|p2a: Gliscor|0 fnt
|faint|p2a: Gliscor
|-damage|p1a: Blaziken|51/100|[from] Recoil
|
|-heal|p1a: Blaziken|57/100|[from] item: Leftovers
|-ability|p1a: Blaziken|Speed Boost|boost
|-boost|p1a: Blaziken|spe|1
|upkeep
|
|t:|1781136948
|switch|p2a: Gholdengo|Gholdengo|100/100
|-item|p2a: Gholdengo|Air Balloon
|turn|32
|
|t:|1781136954
|move|p1a: Blaziken|Flare Blitz|p2a: Gholdengo
|-supereffective|p2a: Gholdengo
|-damage|p2a: Gholdengo|0 fnt
|-enditem|p2a: Gholdengo|Air Balloon
|faint|p2a: Gholdengo
|-damage|p1a: Blaziken|23/100|[from] Recoil
|
|-heal|p1a: Blaziken|29/100|[from] item: Leftovers
|-ability|p1a: Blaziken|Speed Boost|boost
|-boost|p1a: Blaziken|spe|1
|upkeep
|
|t:|1781136960
|switch|p2a: Slowking|Slowking-Galar, F|63/100
|turn|33
|
|t:|1781136975
|move|p1a: Blaziken|Flare Blitz|p2a: Slowking
|-damage|p2a: Slowking|0 fnt
|faint|p2a: Slowking
|-damage|p1a: Blaziken|2/100|[from] Recoil
|
|win|KnightKnaveSpy
|raw|KnightKnaveSpy's rating: 1532 &rarr; <strong>1553</strong><br />(+21 for winning)
|raw|KurisuChestnutOU's rating: 1542 &rarr; <strong>1521</strong><br />(-21 for losing)
