|j|☆Juchzer
|j|☆llachiee
|t:|1781188667
|gametype|singles
|player|p1|Juchzer|2|1561
|player|p2|llachiee|266|1554
|gen|9
|tier|[Gen 9] OU
|rated|
|rule|HP Percentage Mod: HP is shown in percentages
|rule|Endless Battle Clause: Forcing endless battles is banned
|rule|Species Clause: Limit one of each Pokémon
|rule|OHKO Clause: OHKO moves are banned
|rule|Evasion Items Clause: Evasion items are banned
|rule|Evasion Moves Clause: Evasion moves are banned
|rule|Evasion Abilities Clause: Evasion abilities are banned
|rule|Sleep Moves Clause: Sleep-inducing moves are banned
|clearpoke
|poke|p1|Kyurem|
|poke|p1|Landorus-Therian, M|
|poke|p1|Scizor, F|
|poke|p1|Hoopa-Unbound|
|poke|p1|Ceruledge, F|
|poke|p1|Tentacruel, F|
|poke|p2|Corviknight, F|
|poke|p2|Clefable, F|
|poke|p2|Alomomola, M|
|poke|p2|Clodsire, F|
|poke|p2|Toxapex, M|
|poke|p2|Quagsire, M|
|teampreview
|
|t:|1781188692
|teamsize|p1|6
|teamsize|p2|6
|start
|switch|p1a: Kyurem|Kyurem|100/100
|switch|p2a: Toxapex|Toxapex, M|100/100
|-ability|p1a: Kyurem|Pressure
|turn|1
|inactive|Battle timer is ON: inactive players will automatically lose when time's up. (requested by llachiee)
|
|t:|1781188703
|move|p1a: Kyurem|Substitute|p1a: Kyurem
|-start|p1a: Kyurem|Substitute
|-damage|p1a: Kyurem|76/100
|move|p2a: Toxapex|Toxic||[still]
|-fail|p2a: Toxapex
|
|-heal|p1a: Kyurem|82/100|[from] item: Leftovers
|upkeep
|turn|2
|inactive|llachiee has 120 seconds left.
|
|t:|1781188742
|switch|p2a: Clefable|Clefable, F|100/100
|move|p1a: Kyurem|Freeze-Dry|p2a: Clefable
|-damage|p2a: Clefable|72/100
|
|-heal|p1a: Kyurem|88/100|[from] item: Leftovers
|-heal|p2a: Clefable|78/100|[from] item: Leftovers
|upkeep
|turn|3
|
|t:|1781188759
|move|p1a: Kyurem|Freeze-Dry|p2a: Clefable
|-damage|p2a: Clefable|52/100
|move|p2a: Clefable|Moonblast|p1a: Kyurem
|-supereffective|p1a: Kyurem
|-end|p1a: Kyurem|Substitute
|
|-heal|p1a: Kyurem|94/100|[from] item: Leftovers
|-heal|p2a: Clefable|58/100|[from] item: Leftovers
|upkeep
|turn|4
|
|t:|1781188766
|move|p1a: Kyurem|Protect|p1a: Kyurem
|-singleturn|p1a: Kyurem|Protect
|move|p2a: Clefable|Moonlight|p2a: Clefable
|-heal|p2a: Clefable|100/100
|
|-heal|p1a: Kyurem|99/100|[from] item: Leftovers
|upkeep
|turn|5
|
|t:|1781188774
|switch|p1a: Tentacruel|Tentacruel, F|100/100
|move|p2a: Clefable|Moonblast|p1a: Tentacruel
|-resisted|p1a: Tentacruel
|-damage|p1a: Tentacruel|88/100
|
|-heal|p1a: Tentacruel|94/100|[from] item: Leftovers
|upkeep
|turn|6
|
|t:|1781188787
|switch|p1a: Ceruledge|Ceruledge, F|100/100
|switch|p2a: Clodsire|Clodsire, F|100/100
|
|upkeep
|turn|7
|inactive|llachiee has 120 seconds left.
|
|t:|1781188814
|switch|p2a: Toxapex|Toxapex, M|100/100
|move|p1a: Ceruledge|Bitter Blade|p2a: Toxapex
|-resisted|p2a: Toxapex
|-damage|p2a: Toxapex|85/100
|
|upkeep
|turn|8
|
|t:|1781188821
|switch|p1a: Scizor|Scizor, F|100/100
|move|p2a: Toxapex|Toxic|p1a: Scizor
|-immune|p1a: Scizor
|
|upkeep
|turn|9
|
|t:|1781188836
|switch|p2a: Corviknight|Corviknight, F|100/100
|-ability|p2a: Corviknight|Pressure
|move|p1a: Scizor|Swords Dance|p1a: Scizor
|-boost|p1a: Scizor|atk|2
|
|upkeep
|turn|10
|
|t:|1781188842
|switch|p2a: Quagsire|Quagsire, M|100/100
|move|p1a: Scizor|Close Combat|p2a: Quagsire
|-damage|p2a: Quagsire|70/100
|-unboost|p1a: Scizor|def|1
|-unboost|p1a: Scizor|spd|1
|
|upkeep
|turn|11
|
|t:|1781188858
|switch|p1a: Landorus|Landorus-Therian, M|100/100
|-ability|p1a: Landorus|Intimidate|boost
|-unboost|p2a: Quagsire|atk|1
|move|p2a: Quagsire|Stealth Rock|p1a: Landorus
|-sidestart|p1: Juchzer|move: Stealth Rock
|
|upkeep
|turn|12
|
|t:|1781188865
|move|p1a: Landorus|Stealth Rock|p2a: Quagsire
|-sidestart|p2: llachiee|move: Stealth Rock
|move|p2a: Quagsire|Recover|p2a: Quagsire
|-heal|p2a: Quagsire|100/100
|
|upkeep
|turn|13
|
|t:|1781188872
|move|p1a: Landorus|U-turn|p2a: Quagsire
|-damage|p2a: Quagsire|85/100
|
|t:|1781188875
|switch|p1a: Tentacruel|Tentacruel, F|94/100|[from] U-turn
|-damage|p1a: Tentacruel|82/100|[from] Stealth Rock
|move|p2a: Quagsire|Counter|p1a: Tentacruel
|-damage|p1a: Tentacruel|48/100
|
|-heal|p1a: Tentacruel|54/100|[from] item: Leftovers
|upkeep
|turn|14
|
|t:|1781188884
|switch|p2a: Clodsire|Clodsire, F|100/100
|move|p1a: Tentacruel|Rapid Spin|p2a: Clodsire
|-damage|p2a: Clodsire|91/100
|-boost|p1a: Tentacruel|spe|1
|-sideend|p1: Juchzer|Stealth Rock|[from] move: Rapid Spin|[of] p1a: Tentacruel
|
|-heal|p1a: Tentacruel|60/100|[from] item: Leftovers
|upkeep
|turn|15
|j| Linnae
|
|t:|1781188897
|switch|p1a: Scizor|Scizor, F|100/100
|move|p2a: Clodsire|Spikes|p1a: Scizor
|-sidestart|p1: Juchzer|Spikes
|
|upkeep
|turn|16
|
|t:|1781188917
|switch|p2a: Quagsire|Quagsire, M|85/100
|move|p1a: Scizor|Dual Wingbeat|p2a: Quagsire
|-damage|p2a: Quagsire|68/100
|-damage|p2a: Quagsire|52/100
|-hitcount|p2a: Quagsire|2
|
|upkeep
|turn|17
|
|t:|1781188929
|switch|p1a: Landorus|Landorus-Therian, M|100/100
|-ability|p1a: Landorus|Intimidate|boost
|-unboost|p2a: Quagsire|atk|1
|move|p2a: Quagsire|Recover|p2a: Quagsire
|-heal|p2a: Quagsire|100/100
|
|upkeep
|turn|18
|
|t:|1781188940
|switch|p1a: Tentacruel|Tentacruel, F|60/100
|-damage|p1a: Tentacruel|48/100|[from] Spikes
|move|p2a: Quagsire|Stealth Rock|p1a: Tentacruel
|-sidestart|p1: Juchzer|move: Stealth Rock
|
|-heal|p1a: Tentacruel|54/100|[from] item: Leftovers
|upkeep
|turn|19
|
|t:|1781188948
|move|p1a: Tentacruel|Rapid Spin|p2a: Quagsire
|-damage|p2a: Quagsire|95/100
|-boost|p1a: Tentacruel|spe|1
|-sideend|p1: Juchzer|Spikes|[from] move: Rapid Spin|[of] p1a: Tentacruel
|-sideend|p1: Juchzer|Stealth Rock|[from] move: Rapid Spin|[of] p1a: Tentacruel
|move|p2a: Quagsire|Counter|p1a: Tentacruel
|-damage|p1a: Tentacruel|42/100
|
|-heal|p1a: Tentacruel|48/100|[from] item: Leftovers
|upkeep
|turn|20
|
|t:|1781188957
|switch|p1a: Hoopa|Hoopa-Unbound|100/100
|switch|p2a: Clodsire|Clodsire, F|91/100
|
|upkeep
|turn|21
|
|t:|1781188966
|switch|p2a: Clefable|Clefable, F|100/100
|move|p1a: Hoopa|Trick|p2a: Clefable
|-activate|p1a: Hoopa|move: Trick|[of] p2a: Clefable
|-item|p2a: Clefable|Choice Scarf|[from] move: Trick
|-item|p1a: Hoopa|Leftovers|[from] move: Trick
|
|upkeep
|turn|22
|
|t:|1781188977
|switch|p1a: Tentacruel|Tentacruel, F|48/100
|move|p2a: Clefable|Moonblast|p1a: Tentacruel
|-resisted|p1a: Tentacruel
|-damage|p1a: Tentacruel|35/100
|
|-heal|p1a: Tentacruel|41/100|[from] item: Leftovers
|upkeep
|turn|23
|
|t:|1781188984
|switch|p2a: Clodsire|Clodsire, F|91/100
|move|p1a: Tentacruel|Sludge Bomb|p2a: Clodsire
|-resisted|p2a: Clodsire
|-damage|p2a: Clodsire|88/100
|
|-heal|p1a: Tentacruel|47/100|[from] item: Leftovers
|upkeep
|turn|24
|l| Linnae
|
|t:|1781188990
|switch|p1a: Landorus|Landorus-Therian, M|100/100
|-ability|p1a: Landorus|Intimidate|boost
|-unboost|p2a: Clodsire|atk|1
|move|p2a: Clodsire|Spikes|p1a: Landorus
|-sidestart|p1: Juchzer|Spikes
|
|upkeep
|turn|25
|
|t:|1781189003
|switch|p2a: Quagsire|Quagsire, M|95/100
|move|p1a: Landorus|Earthquake|p2a: Quagsire
|-damage|p2a: Quagsire|61/100
|
|upkeep
|turn|26
|
|t:|1781189016
|switch|p1a: Hoopa|Hoopa-Unbound|100/100
|-damage|p1a: Hoopa|88/100|[from] Spikes
|move|p2a: Quagsire|Recover|p2a: Quagsire
|-heal|p2a: Quagsire|100/100
|
|-heal|p1a: Hoopa|94/100|[from] item: Leftovers
|upkeep
|turn|27
|
|t:|1781189025
|-terastallize|p2a: Quagsire|Dark
|move|p1a: Hoopa|Psychic|p2a: Quagsire
|-immune|p2a: Quagsire
|move|p2a: Quagsire|Toxic|p1a: Hoopa
|-status|p1a: Hoopa|tox
|
|-heal|p1a: Hoopa|99/100 tox|[from] item: Leftovers
|-damage|p1a: Hoopa|94/100 tox|[from] psn
|upkeep
|turn|28
|
|t:|1781189037
|switch|p2a: Toxapex|Toxapex, M|100/100
|move|p1a: Hoopa|Knock Off|p2a: Toxapex
|-damage|p2a: Toxapex|71/100
|-enditem|p2a: Toxapex|Heavy-Duty Boots|[from] move: Knock Off|[of] p1a: Hoopa
|
|-heal|p1a: Hoopa|99/100 tox|[from] item: Leftovers
|-damage|p1a: Hoopa|88/100 tox|[from] psn
|upkeep
|turn|29
|
|t:|1781189044
|switch|p1a: Scizor|Scizor, F|100/100
|-damage|p1a: Scizor|88/100|[from] Spikes
|switch|p2a: Quagsire|Quagsire, M, tera:Dark|100/100
|
|-heal|p1a: Scizor|94/100|[from] item: Leftovers
|upkeep
|turn|30
|
|t:|1781189052
|move|p1a: Scizor|Close Combat|p2a: Quagsire
|-supereffective|p2a: Quagsire
|-damage|p2a: Quagsire|31/100
|-unboost|p1a: Scizor|def|1
|-unboost|p1a: Scizor|spd|1
|move|p2a: Quagsire|Stealth Rock|p1a: Scizor
|-sidestart|p1: Juchzer|move: Stealth Rock
|
|-heal|p1a: Scizor|100/100|[from] item: Leftovers
|upkeep
|turn|31
|
|t:|1781189061
|switch|p2a: Toxapex|Toxapex, M|100/100
|-damage|p2a: Toxapex|88/100|[from] Stealth Rock
|move|p1a: Scizor|Swords Dance|p1a: Scizor
|-boost|p1a: Scizor|atk|2
|
|upkeep
|turn|32
|
|t:|1781189066
|move|p1a: Scizor|Dual Wingbeat|p2a: Toxapex
|-damage|p2a: Toxapex|60/100
|-damage|p2a: Toxapex|34/100
|-hitcount|p2a: Toxapex|2
|move|p2a: Toxapex|Haze|p2a: Toxapex
|-clearallboost
|
|upkeep
|turn|33
|
|t:|1781189075
|move|p1a: Scizor|Dual Wingbeat|p2a: Toxapex
|-damage|p2a: Toxapex|19/100
|-damage|p2a: Toxapex|4/100
|-hitcount|p2a: Toxapex|2
|move|p2a: Toxapex|Recover|p2a: Toxapex
|-heal|p2a: Toxapex|54/100
|
|upkeep
|turn|34
|
|t:|1781189083
|move|p1a: Scizor|Swords Dance|p1a: Scizor
|-boost|p1a: Scizor|atk|2
|move|p2a: Toxapex|Recover|p2a: Toxapex
|-heal|p2a: Toxapex|100/100
|
|upkeep
|turn|35
|
|t:|1781189089
|move|p1a: Scizor|Dual Wingbeat|p2a: Toxapex|[miss]
|-miss|p1a: Scizor|p2a: Toxapex
|move|p2a: Toxapex|Haze|p2a: Toxapex
|-clearallboost
|
|upkeep
|turn|36
|
|t:|1781189093
|switch|p2a: Corviknight|Corviknight, F|100/100
|-ability|p2a: Corviknight|Pressure
|move|p1a: Scizor|Swords Dance|p1a: Scizor
|-boost|p1a: Scizor|atk|2
|
|upkeep
|turn|37
|
|t:|1781189108
|move|p2a: Corviknight|Iron Defense|p2a: Corviknight
|-boost|p2a: Corviknight|def|2
|move|p1a: Scizor|Close Combat|p2a: Corviknight
|-damage|p2a: Corviknight|72/100
|-unboost|p1a: Scizor|def|1
|-unboost|p1a: Scizor|spd|1
|
|upkeep
|turn|38
|
|t:|1781189116
|switch|p1a: Tentacruel|Tentacruel, F|47/100
|-damage|p1a: Tentacruel|34/100|[from] Spikes
|-damage|p1a: Tentacruel|22/100|[from] Stealth Rock
|move|p2a: Corviknight|Body Press|p1a: Tentacruel
|-resisted|p1a: Tentacruel
|-crit|p1a: Tentacruel
|-damage|p1a: Tentacruel|0 fnt
|faint|p1a: Tentacruel
|
|upkeep
|
|t:|1781189131
|switch|p1a: Hoopa|Hoopa-Unbound|88/100 tox
|-damage|p1a: Hoopa|76/100 tox|[from] Spikes
|-damage|p1a: Hoopa|64/100 tox|[from] Stealth Rock
|turn|39
|
|t:|1781189138
|move|p1a: Hoopa|Thunderbolt|p2a: Corviknight
|-supereffective|p2a: Corviknight
|-damage|p2a: Corviknight|2/100
|move|p2a: Corviknight|Body Press|p1a: Hoopa
|-damage|p1a: Hoopa|0 fnt
|faint|p1a: Hoopa
|
|upkeep
|
|t:|1781189144
|switch|p1a: Kyurem|Kyurem|99/100
|-damage|p1a: Kyurem|88/100|[from] Spikes
|-damage|p1a: Kyurem|63/100|[from] Stealth Rock
|-ability|p1a: Kyurem|Pressure
|turn|40
|
|t:|1781189153
|switch|p2a: Clefable|Clefable, F|100/100
|move|p1a: Kyurem|Substitute|p1a: Kyurem
|-start|p1a: Kyurem|Substitute
|-damage|p1a: Kyurem|38/100
|
|-heal|p1a: Kyurem|44/100|[from] item: Leftovers
|upkeep
|turn|41
|
|t:|1781189163
|move|p1a: Kyurem|Freeze-Dry|p2a: Clefable
|-damage|p2a: Clefable|72/100
|move|p2a: Clefable|Moonblast|p1a: Kyurem
|-supereffective|p1a: Kyurem
|-end|p1a: Kyurem|Substitute
|
|-heal|p1a: Kyurem|50/100|[from] item: Leftovers
|upkeep
|turn|42
|
|t:|1781189169
|move|p1a: Kyurem|Protect|p1a: Kyurem
|-singleturn|p1a: Kyurem|Protect
|move|p2a: Clefable|Moonblast|p1a: Kyurem
|-activate|p1a: Kyurem|move: Protect
|
|-heal|p1a: Kyurem|57/100|[from] item: Leftovers
|upkeep
|turn|43
|
|t:|1781189177
|switch|p1a: Scizor|Scizor, F|100/100
|-damage|p1a: Scizor|88/100|[from] Spikes
|-damage|p1a: Scizor|76/100|[from] Stealth Rock
|move|p2a: Clefable|Moonblast|p1a: Scizor
|-resisted|p1a: Scizor
|-damage|p1a: Scizor|57/100
|
|-heal|p1a: Scizor|63/100|[from] item: Leftovers
|upkeep
|turn|44
|
|t:|1781189189
|switch|p2a: Alomomola|Alomomola, M|100/100
|move|p1a: Scizor|Swords Dance|p1a: Scizor
|-boost|p1a: Scizor|atk|2
|
|-heal|p1a: Scizor|69/100|[from] item: Leftovers
|upkeep
|turn|45
|
|t:|1781189203
|move|p1a: Scizor|Swords Dance|p1a: Scizor
|-boost|p1a: Scizor|atk|2
|move|p2a: Alomomola|Wish|p2a: Alomomola
|
|-heal|p1a: Scizor|75/100|[from] item: Leftovers
|upkeep
|turn|46
|
|t:|1781189207
|move|p1a: Scizor|Dual Wingbeat|p2a: Alomomola
|-damage|p2a: Alomomola|54/100
|-damage|p2a: Alomomola|5/100
|-hitcount|p2a: Alomomola|2
|move|p2a: Alomomola|Flip Turn|p1a: Scizor
|-damage|p1a: Scizor|59/100
|j| testingrainteam1
|
|t:|1781189213
|switch|p2a: Quagsire|Quagsire, M, tera:Dark|31/100|[from] Flip Turn
|
|-heal|p2a: Quagsire|92/100|[from] move: Wish|[wisher] Alomomola
|-heal|p1a: Scizor|65/100|[from] item: Leftovers
|upkeep
|turn|47
|
|t:|1781189222
|move|p1a: Scizor|Close Combat|p2a: Quagsire
|-supereffective|p2a: Quagsire
|-damage|p2a: Quagsire|30/100
|-unboost|p1a: Scizor|def|1
|-unboost|p1a: Scizor|spd|1
|move|p2a: Quagsire|Counter|p1a: Scizor
|-damage|p1a: Scizor|0 fnt
|faint|p1a: Scizor
|
|upkeep
|
|t:|1781189236
|switch|p1a: Landorus|Landorus-Therian, M|100/100
|-damage|p1a: Landorus|88/100|[from] Stealth Rock
|-ability|p1a: Landorus|Intimidate|boost
|-unboost|p2a: Quagsire|atk|1
|turn|48
|
|t:|1781189242
|switch|p2a: Alomomola|Alomomola, M|39/100
|move|p1a: Landorus|U-turn|p2a: Alomomola
|-damage|p2a: Alomomola|24/100
|
|t:|1781189247
|switch|p1a: Kyurem|Kyurem|57/100|[from] U-turn
|-damage|p1a: Kyurem|44/100|[from] Spikes
|-damage|p1a: Kyurem|19/100|[from] Stealth Rock
|-ability|p1a: Kyurem|Pressure
|
|-heal|p1a: Kyurem|25/100|[from] item: Leftovers
|upkeep
|turn|49
|
|t:|1781189253
|switch|p2a: Corviknight|Corviknight, F|2/100
|-ability|p2a: Corviknight|Pressure
|move|p1a: Kyurem|Freeze-Dry|p2a: Corviknight
|-damage|p2a: Corviknight|0 fnt
|faint|p2a: Corviknight
|
|-heal|p1a: Kyurem|32/100|[from] item: Leftovers
|upkeep
|
|t:|1781189260
|switch|p2a: Clefable|Clefable, F|72/100
|turn|50
|
|t:|1781189266
|switch|p1a: Ceruledge|Ceruledge, F|100/100
|-damage|p1a: Ceruledge|88/100|[from] Spikes
|-damage|p1a: Ceruledge|63/100|[from] Stealth Rock
|move|p2a: Clefable|Moonblast|p1a: Ceruledge
|-resisted|p1a: Ceruledge
|-damage|p1a: Ceruledge|42/100
|-unboost|p1a: Ceruledge|spa|1
|
|upkeep
|turn|51
|j| lowladderubersnoob
|
|t:|1781189281
|switch|p2a: Alomomola|Alomomola, M|57/100
|-terastallize|p1a: Ceruledge|Fire
|move|p1a: Ceruledge|Bitter Blade|p2a: Alomomola
|-resisted|p2a: Alomomola
|-damage|p2a: Alomomola|36/100
|-heal|p1a: Ceruledge|60/100|[from] drain|[of] p2a: Alomomola
|
|upkeep
|turn|52
|
|t:|1781189289
|switch|p2a: Toxapex|Toxapex, M|100/100
|-damage|p2a: Toxapex|88/100|[from] Stealth Rock
|move|p1a: Ceruledge|Swords Dance|p1a: Ceruledge
|-boost|p1a: Ceruledge|atk|2
|
|upkeep
|turn|53
|
|t:|1781189295
|move|p1a: Ceruledge|Bitter Blade|p2a: Toxapex
|-resisted|p2a: Toxapex
|-damage|p2a: Toxapex|45/100
|-heal|p1a: Ceruledge|83/100|[from] drain|[of] p2a: Toxapex
|move|p2a: Toxapex|Toxic|p1a: Ceruledge
|-status|p1a: Ceruledge|tox
|
|-damage|p1a: Ceruledge|76/100 tox|[from] psn
|upkeep
|turn|54
|
|t:|1781189306
|switch|p2a: Clodsire|Clodsire, F|88/100
|move|p1a: Ceruledge|Bitter Blade|p2a: Clodsire
|-damage|p2a: Clodsire|18/100
|-heal|p1a: Ceruledge|100/100 tox|[from] drain|[of] p2a: Clodsire
|
|-damage|p1a: Ceruledge|88/100 tox|[from] psn
|upkeep
|turn|55
|
|t:|1781189321
|move|p1a: Ceruledge|Poltergeist|p2a: Clodsire
|-activate|p2a: Clodsire|move: Poltergeist|Heavy-Duty Boots
|-damage|p2a: Clodsire|0 fnt
|faint|p2a: Clodsire
|
|-damage|p1a: Ceruledge|70/100 tox|[from] psn
|upkeep
|
|t:|1781189324
|switch|p2a: Alomomola|Alomomola, M|69/100
|turn|56
|
|t:|1781189329
|move|p2a: Alomomola|Protect|p2a: Alomomola
|-singleturn|p2a: Alomomola|Protect
|move|p1a: Ceruledge|Bitter Blade|p2a: Alomomola
|-activate|p2a: Alomomola|move: Protect
|
|-damage|p1a: Ceruledge|45/100 tox|[from] psn
|upkeep
|turn|57
|
|t:|1781189333
|move|p1a: Ceruledge|Poltergeist|p2a: Alomomola
|-activate|p2a: Alomomola|move: Poltergeist|Heavy-Duty Boots
|-damage|p2a: Alomomola|0 fnt
|faint|p2a: Alomomola
|
|-damage|p1a: Ceruledge|14/100 tox|[from] psn
|upkeep
|
|t:|1781189340
|switch|p2a: Quagsire|Quagsire, M, tera:Dark|30/100
|turn|58
|
|t:|1781189345
|move|p1a: Ceruledge|Bitter Blade|p2a: Quagsire
|-damage|p2a: Quagsire|0 fnt
|-heal|p1a: Ceruledge|34/100 tox|[from] drain|[of] p2a: Quagsire
|faint|p2a: Quagsire
|
|-damage|p1a: Ceruledge|0 fnt|[from] psn
|faint|p1a: Ceruledge
|upkeep
|
|t:|1781189356
|switch|p1a: Landorus|Landorus-Therian, M|88/100
|switch|p2a: Clefable|Clefable, F|72/100
|-damage|p1a: Landorus|76/100|[from] Stealth Rock
|-ability|p1a: Landorus|Intimidate|boost
|-unboost|p2a: Clefable|atk|1
|turn|59
|l| testingrainteam1
|
|t:|1781189365
|move|p1a: Landorus|Earthquake|p2a: Clefable
|-damage|p2a: Clefable|15/100
|move|p2a: Clefable|Ice Beam|p1a: Landorus
|-supereffective|p1a: Landorus
|-damage|p1a: Landorus|0 fnt
|faint|p1a: Landorus
|
|upkeep
|
|t:|1781189369
|switch|p1a: Kyurem|Kyurem|32/100
|-damage|p1a: Kyurem|19/100|[from] Spikes
|-damage|p1a: Kyurem|0 fnt|[from] Stealth Rock
|faint|p1a: Kyurem
|
|win|llachiee
|raw|Juchzer's rating: 1561 &rarr; <strong>1541</strong><br />(-20 for losing)
|raw|llachiee's rating: 1554 &rarr; <strong>1574</strong><br />(+20 for winning)
|c|☆Juchzer|gg
|l|☆Juchzer
|player|p1|
|c|☆llachiee|gg
|l|☆llachiee
|player|p2|
|l| lowladderubersnoob
