|j|☆Snurke
|j|☆LowEL0God
|t:|1781418538
|gametype|singles
|player|p1|Snurke|265|1603
|player|p2|LowEL0God|265|1664
|gen|9
|tier|[Gen 9] OU
|rated|
|rule|HP Percentage Mod: HP is shown in percentages
|rule|Endless Battle Clause: Forcing endless battles is banned
|rule|Species Clause: Limit one of each Pokémon
|rule|OHKO Clause: OHKO moves are banned
|rule|Evasion Items Clause: Evasion items are banned
|rule|Evasion Moves Clause: Evasion moves are banned
|rule|Evasion Abilities Clause: Evasion abilities are banned
|rule|Sleep Moves Clause: Sleep-inducing moves are banned
|clearpoke
|poke|p1|Cinderace, F|
|poke|p1|Torkoal, F|
|poke|p1|Walking Wake|
|poke|p1|Enamorus, F|
|poke|p1|Slither Wing|
|poke|p1|Great Tusk|
|poke|p2|Pelipper, F|
|poke|p2|Raging Bolt|
|poke|p2|Overqwil, F|
|poke|p2|Barraskewda, M|
|poke|p2|Iron Treads|
|poke|p2|Kingambit, M|
|teampreview
|c|☆LowEL0God|hf
|inactive|Battle timer is ON: inactive players will automatically lose when time's up. (requested by LowEL0God)
|c|☆Snurke|hf
|
|t:|1781418556
|teamsize|p1|6
|teamsize|p2|6
|start
|switch|p1a: Torkoal|Torkoal, F, shiny|100/100
|switch|p2a: Kingambit|Kingambit, M|100/100
|-weather|SunnyDay|[from] ability: Drought|[of] p1a: Torkoal
|turn|1
|
|t:|1781418562
|-end|p2a: Kingambit|fallenundefined|[silent]
|switch|p2a: Raging Bolt|Raging Bolt|100/100
|-activate|p2a: Raging Bolt|ability: Protosynthesis
|-start|p2a: Raging Bolt|protosynthesisspa
|move|p1a: Torkoal|Stealth Rock|p2a: Raging Bolt
|-sidestart|p2: LowEL0God|move: Stealth Rock
|
|-weather|SunnyDay|[upkeep]
|upkeep
|turn|2
|
|t:|1781418564
|switch|p1a: Slither Wing|Slither Wing, shiny|100/100
|-activate|p1a: Slither Wing|ability: Protosynthesis
|-start|p1a: Slither Wing|protosynthesisatk
|move|p2a: Raging Bolt|Weather Ball|p1a: Slither Wing
|-supereffective|p1a: Slither Wing
|-damage|p1a: Slither Wing|0 fnt
|faint|p1a: Slither Wing
|-end|p1a: Slither Wing|Protosynthesis|[silent]
|
|-weather|SunnyDay|[upkeep]
|upkeep
|j| Raining Drawing
|
|t:|1781418573
|switch|p1a: Enamorus|Enamorus, F|100/100
|turn|3
|
|t:|1781418579
|switch|p1a: Great Tusk|Great Tusk|100/100
|-activate|p1a: Great Tusk|ability: Protosynthesis
|-start|p1a: Great Tusk|protosynthesisatk
|move|p2a: Raging Bolt|Thunderclap||[still]
|-fail|p2a: Raging Bolt
|
|-weather|SunnyDay|[upkeep]
|upkeep
|turn|4
|
|t:|1781418583
|-terastallize|p2a: Raging Bolt|Fairy
|move|p1a: Great Tusk|Knock Off|p2a: Raging Bolt
|-resisted|p2a: Raging Bolt
|-damage|p2a: Raging Bolt|82/100
|-enditem|p2a: Raging Bolt|Booster Energy|[from] move: Knock Off|[of] p1a: Great Tusk
|move|p2a: Raging Bolt|Weather Ball|p1a: Great Tusk
|-damage|p1a: Great Tusk|0 fnt
|faint|p1a: Great Tusk
|-end|p1a: Great Tusk|Protosynthesis|[silent]
|
|-weather|SunnyDay|[upkeep]
|upkeep
|
|t:|1781418600
|switch|p1a: Walking Wake|Walking Wake|100/100
|-activate|p1a: Walking Wake|ability: Protosynthesis
|-start|p1a: Walking Wake|protosynthesisspe
|turn|5
|
|t:|1781418603
|move|p2a: Raging Bolt|Thunderclap|p1a: Walking Wake
|-damage|p1a: Walking Wake|42/100
|move|p1a: Walking Wake|Hydro Steam|p2a: Raging Bolt
|-damage|p2a: Raging Bolt|2/100
|
|-weather|SunnyDay|[upkeep]
|upkeep
|turn|6
|c|☆Snurke|wow
|
|t:|1781418614
|-end|p1a: Walking Wake|Protosynthesis|[silent]
|switch|p1a: Enamorus|Enamorus, F|100/100
|move|p2a: Raging Bolt|Thunderclap||[still]
|-fail|p2a: Raging Bolt
|
|-weather|SunnyDay|[upkeep]
|upkeep
|turn|7
|
|t:|1781418617
|-terastallize|p1a: Enamorus|Ground
|move|p2a: Raging Bolt|Thunderclap|p1a: Enamorus
|-immune|p1a: Enamorus
|move|p1a: Enamorus|Moonblast|p2a: Raging Bolt
|-damage|p2a: Raging Bolt|0 fnt
|faint|p2a: Raging Bolt
|-end|p2a: Raging Bolt|Protosynthesis|[silent]
|
|-weather|SunnyDay|[upkeep]
|upkeep
|
|t:|1781418619
|switch|p2a: Barraskewda|Barraskewda, M|100/100
|-damage|p2a: Barraskewda|88/100|[from] Stealth Rock
|turn|8
|l| Raining Drawing
|
|t:|1781418623
|move|p1a: Enamorus|Moonblast|p2a: Barraskewda
|-damage|p2a: Barraskewda|0 fnt
|faint|p2a: Barraskewda
|
|-weather|none
|upkeep
|
|t:|1781418625
|switch|p2a: Kingambit|Kingambit, M|100/100
|-damage|p2a: Kingambit|94/100|[from] Stealth Rock
|-activate|p2a: Kingambit|ability: Supreme Overlord
|-start|p2a: Kingambit|fallen2|[silent]
|turn|9
|
|t:|1781418635
|switch|p1a: Torkoal|Torkoal, F, shiny|100/100
|-weather|SunnyDay|[from] ability: Drought|[of] p1a: Torkoal
|move|p2a: Kingambit|Kowtow Cleave|p1a: Torkoal
|-damage|p1a: Torkoal|59/100
|
|-weather|SunnyDay|[upkeep]
|-heal|p2a: Kingambit|100/100|[from] item: Leftovers
|upkeep
|turn|10
|
|t:|1781418647
|switch|p1a: Walking Wake|Walking Wake|42/100
|-activate|p1a: Walking Wake|ability: Protosynthesis
|-start|p1a: Walking Wake|protosynthesisspe
|move|p2a: Kingambit|Swords Dance|p2a: Kingambit
|-boost|p2a: Kingambit|atk|2
|
|-weather|SunnyDay|[upkeep]
|upkeep
|turn|11
|
|t:|1781418668
|-end|p1a: Walking Wake|Protosynthesis|[silent]
|switch|p1a: Cinderace|Cinderace, F, shiny|100/100
|move|p2a: Kingambit|Sucker Punch||[still]
|-fail|p2a: Kingambit
|
|-weather|SunnyDay|[upkeep]
|upkeep
|turn|12
|
|t:|1781418675
|move|p1a: Cinderace|Sucker Punch|p2a: Kingambit
|-start|p1a: Cinderace|typechange|Dark|[from] ability: Libero
|-resisted|p2a: Kingambit
|-damage|p2a: Kingambit|81/100
|move|p2a: Kingambit|Sucker Punch||[still]
|-fail|p2a: Kingambit
|
|-weather|SunnyDay|[upkeep]
|-heal|p2a: Kingambit|87/100|[from] item: Leftovers
|upkeep
|turn|13
|
|t:|1781418686
|switch|p1a: Enamorus|Enamorus, F, tera:Ground|100/100
|move|p2a: Kingambit|Kowtow Cleave|p1a: Enamorus
|-damage|p1a: Enamorus|0 fnt
|faint|p1a: Enamorus
|
|-weather|SunnyDay|[upkeep]
|-heal|p2a: Kingambit|94/100|[from] item: Leftovers
|upkeep
|
|t:|1781418692
|switch|p1a: Torkoal|Torkoal, F, shiny|59/100
|turn|14
|c|☆Snurke|rip
|
|t:|1781418705
|move|p2a: Kingambit|Kowtow Cleave|p1a: Torkoal
|-damage|p1a: Torkoal|0 fnt
|faint|p1a: Torkoal
|
|-weather|SunnyDay|[upkeep]
|-heal|p2a: Kingambit|99/100|[from] item: Leftovers
|upkeep
|-message|Snurke forfeited.
|
|win|LowEL0God
|raw|Snurke's rating: 1603 &rarr; <strong>1586</strong><br />(-17 for losing)
|raw|LowEL0God's rating: 1664 &rarr; <strong>1681</strong><br />(+17 for winning)
|l|☆Snurke
|player|p1|
|c|☆LowEL0God|gg
|l|☆LowEL0God
|player|p2|
