|badge|p2|bronze|gen9ou|100-9
|uhtml|medal-msg|<div class="broadcast-blue">Curious what those medals under the avatar are? PS now has Ladder Seasons! For more information, check out the <a href="https://www.smogon.com/forums/threads/3740067/">thread on Smogon.</a></div>
|j|☆StarDio
|j|☆thelarpinglarper
|t:|1781588409
|gametype|singles
|player|p1|StarDio|1|1674
|player|p2|thelarpinglarper|sordward|1726
|gen|9
|tier|[Gen 9] OU
|rated|
|rule|HP Percentage Mod: HP is shown in percentages
|rule|Endless Battle Clause: Forcing endless battles is banned
|rule|Species Clause: Limit one of each Pokémon
|rule|OHKO Clause: OHKO moves are banned
|rule|Evasion Items Clause: Evasion items are banned
|rule|Evasion Moves Clause: Evasion moves are banned
|rule|Evasion Abilities Clause: Evasion abilities are banned
|rule|Sleep Moves Clause: Sleep-inducing moves are banned
|clearpoke
|poke|p1|Hoopa-Unbound|
|poke|p1|Landorus-Therian, M|
|poke|p1|Cinderace, F|
|poke|p1|Weezing-Galar, M|
|poke|p1|Rotom-Wash|
|poke|p1|Zamazenta-*|
|poke|p2|Samurott-Hisui, M|
|poke|p2|Iron Treads|
|poke|p2|Iron Valiant|
|poke|p2|Rotom-Wash|
|poke|p2|Iron Moth|
|poke|p2|Pecharunt|
|teampreview
|inactive|Battle timer is ON: inactive players will automatically lose when time's up. (requested by thelarpinglarper)
|inactive|StarDio also wants the timer to be on.
|
|t:|1781588418
|teamsize|p1|6
|teamsize|p2|6
|start
|switch|p1a: Rotom|Rotom-Wash|100/100
|switch|p2a: Iron Moth|Iron Moth|100/100
|turn|1
|
|t:|1781588423
|move|p2a: Iron Moth|Sludge Wave|p1a: Rotom
|-damage|p1a: Rotom|15/100
|move|p1a: Rotom|Thunder Wave|p2a: Iron Moth
|-status|p2a: Iron Moth|par
|
|-heal|p1a: Rotom|21/100|[from] item: Leftovers
|upkeep
|turn|2
|
|t:|1781588428
|move|p1a: Rotom|Volt Switch|p2a: Iron Moth
|-damage|p2a: Iron Moth|75/100 par
|
|t:|1781588432
|switch|p1a: Landorus|Landorus-Therian, M|100/100|[from] Volt Switch
|-ability|p1a: Landorus|Intimidate|boost
|-unboost|p2a: Iron Moth|atk|1
|cant|p2a: Iron Moth|par
|
|upkeep
|turn|3
|
|t:|1781588438
|-end|p2a: Iron Moth|Quark Drive|[silent]
|switch|p2a: Rotom|Rotom-Wash|100/100
|move|p1a: Landorus|Earthquake|p2a: Rotom
|-immune|p2a: Rotom|[from] ability: Levitate
|
|upkeep
|turn|4
|
|t:|1781588444
|switch|p1a: Hoopa|Hoopa-Unbound|100/100
|move|p2a: Rotom|Volt Switch|p1a: Hoopa
|-damage|p1a: Hoopa|88/100
|
|t:|1781588452
|switch|p2a: Iron Valiant|Iron Valiant|100/100|[from] Volt Switch
|
|upkeep
|turn|5
|
|t:|1781588456
|-end|p2a: Iron Valiant|Quark Drive|[silent]
|switch|p2a: Iron Moth|Iron Moth|75/100 par
|move|p1a: Hoopa|Psychic Noise|p2a: Iron Moth
|-supereffective|p2a: Iron Moth
|-damage|p2a: Iron Moth|0 fnt
|faint|p2a: Iron Moth
|-end|p2a: Iron Moth|Quark Drive|[silent]
|
|upkeep
|
|t:|1781588459
|switch|p2a: Iron Valiant|Iron Valiant|100/100
|turn|6
|
|t:|1781588463
|switch|p1a: Weezing|Weezing-Galar, M|100/100
|-ability|p1a: Weezing|Neutralizing Gas
|move|p2a: Iron Valiant|Close Combat|p1a: Weezing
|-resisted|p1a: Weezing
|-damage|p1a: Weezing|87/100
|-unboost|p2a: Iron Valiant|def|1
|-unboost|p2a: Iron Valiant|spd|1
|-damage|p2a: Iron Valiant|90/100|[from] item: Life Orb
|
|upkeep
|turn|7
|
|t:|1781588469
|-end|p2a: Iron Valiant|Quark Drive|[silent]
|switch|p2a: Rotom|Rotom-Wash|100/100
|move|p1a: Weezing|Will-O-Wisp|p2a: Rotom
|-status|p2a: Rotom|brn
|
|-damage|p2a: Rotom|94/100 brn|[from] brn
|upkeep
|turn|8
|
|t:|1781588475
|-end|p1a: Weezing|ability: Neutralizing Gas
|switch|p1a: Hoopa|Hoopa-Unbound|88/100
|move|p2a: Rotom|Volt Switch|p1a: Hoopa
|-damage|p1a: Hoopa|77/100
|
|t:|1781588479
|switch|p2a: Iron Valiant|Iron Valiant|90/100|[from] Volt Switch
|
|upkeep
|turn|9
|
|t:|1781588482
|switch|p1a: Weezing|Weezing-Galar, M|87/100
|-ability|p1a: Weezing|Neutralizing Gas
|move|p2a: Iron Valiant|Close Combat|p1a: Weezing
|-resisted|p1a: Weezing
|-damage|p1a: Weezing|73/100
|-unboost|p2a: Iron Valiant|def|1
|-unboost|p2a: Iron Valiant|spd|1
|-damage|p2a: Iron Valiant|80/100|[from] item: Life Orb
|
|upkeep
|turn|10
|
|t:|1781588511
|move|p2a: Iron Valiant|Knock Off|p1a: Weezing
|-resisted|p1a: Weezing
|-damage|p1a: Weezing|60/100
|-enditem|p1a: Weezing|Heavy-Duty Boots|[from] move: Knock Off|[of] p2a: Iron Valiant
|-damage|p2a: Iron Valiant|70/100|[from] item: Life Orb
|move|p1a: Weezing|Strange Steam|p2a: Iron Valiant
|-supereffective|p2a: Iron Valiant
|-damage|p2a: Iron Valiant|0 fnt
|faint|p2a: Iron Valiant
|-end|p2a: Iron Valiant|Quark Drive|[silent]
|
|upkeep
|
|t:|1781588518
|switch|p2a: Rotom|Rotom-Wash|94/100 brn
|turn|11
|
|t:|1781588534
|-end|p1a: Weezing|ability: Neutralizing Gas
|switch|p1a: Landorus|Landorus-Therian, M|100/100
|-ability|p1a: Landorus|Intimidate|boost
|-unboost|p2a: Rotom|atk|1
|move|p2a: Rotom|Volt Switch|p1a: Landorus
|-immune|p1a: Landorus
|
|-damage|p2a: Rotom|88/100 brn|[from] brn
|upkeep
|turn|12
|
|t:|1781588537
|move|p1a: Landorus|Stealth Rock|p2a: Rotom
|-sidestart|p2: thelarpinglarper|move: Stealth Rock
|move|p2a: Rotom|Volt Switch|p1a: Landorus
|-immune|p1a: Landorus
|
|-damage|p2a: Rotom|82/100 brn|[from] brn
|upkeep
|turn|13
|
|t:|1781588540
|move|p1a: Landorus|U-turn|p2a: Rotom
|-damage|p2a: Rotom|60/100 brn
|
|t:|1781588542
|switch|p1a: Hoopa|Hoopa-Unbound|77/100|[from] U-turn
|move|p2a: Rotom|Volt Switch|p1a: Hoopa
|-damage|p1a: Hoopa|63/100
|
|t:|1781588546
|switch|p2a: Samurott|Samurott-Hisui, M|100/100|[from] Volt Switch
|-damage|p2a: Samurott|88/100|[from] Stealth Rock
|
|upkeep
|turn|14
|
|t:|1781588553
|move|p2a: Samurott|Razor Shell|p1a: Hoopa
|-damage|p1a: Hoopa|0 fnt
|faint|p1a: Hoopa
|
|upkeep
|
|t:|1781588559
|switch|p1a: Cinderace|Cinderace, F|100/100
|turn|15
|
|t:|1781588565
|switch|p1a: Weezing|Weezing-Galar, M|60/100
|-ability|p1a: Weezing|Neutralizing Gas
|switch|p2a: Iron Treads|Iron Treads|100/100
|
|upkeep
|turn|16
|
|t:|1781588573
|move|p2a: Iron Treads|Earthquake|p1a: Weezing
|-supereffective|p1a: Weezing
|-damage|p1a: Weezing|11/100
|move|p1a: Weezing|Will-O-Wisp|p2a: Iron Treads
|-status|p2a: Iron Treads|brn
|
|-damage|p2a: Iron Treads|94/100 brn|[from] brn
|upkeep
|turn|17
|
|t:|1781588577
|-end|p1a: Weezing|ability: Neutralizing Gas
|switch|p1a: Rotom|Rotom-Wash|21/100
|move|p2a: Iron Treads|Rapid Spin|p1a: Rotom
|-damage|p1a: Rotom|16/100
|-boost|p2a: Iron Treads|spe|1
|-sideend|p2: thelarpinglarper|Stealth Rock|[from] move: Rapid Spin|[of] p2a: Iron Treads
|
|-heal|p1a: Rotom|22/100|[from] item: Leftovers
|-damage|p2a: Iron Treads|88/100 brn|[from] brn
|upkeep
|turn|18
|
|t:|1781588584
|move|p2a: Iron Treads|Knock Off|p1a: Rotom
|-damage|p1a: Rotom|12/100
|-enditem|p1a: Rotom|Leftovers|[from] move: Knock Off|[of] p2a: Iron Treads
|move|p1a: Rotom|Pain Split|p2a: Iron Treads
|-sethp|p2a: Iron Treads|49/100 brn|[from] move: Pain Split|[silent]
|-sethp|p1a: Rotom|61/100|[from] move: Pain Split
|
|-damage|p2a: Iron Treads|42/100 brn|[from] brn
|upkeep
|turn|19
|
|t:|1781588601
|-end|p2a: Iron Treads|Quark Drive|[silent]
|switch|p2a: Rotom|Rotom-Wash|60/100 brn
|move|p1a: Rotom|Hydro Pump|p2a: Rotom
|-resisted|p2a: Rotom
|-damage|p2a: Rotom|40/100 brn
|
|-damage|p2a: Rotom|34/100 brn|[from] brn
|upkeep
|turn|20
|
|t:|1781588606
|move|p2a: Rotom|Pain Split|p1a: Rotom
|-sethp|p1a: Rotom|48/100|[from] move: Pain Split|[silent]
|-sethp|p2a: Rotom|48/100 brn|[from] move: Pain Split
|move|p1a: Rotom|Volt Switch|p2a: Rotom
|-damage|p2a: Rotom|21/100 brn
|
|t:|1781588627
|switch|p1a: Cinderace|Cinderace, F|100/100|[from] Volt Switch
|
|-damage|p2a: Rotom|15/100 brn|[from] brn
|upkeep
|turn|21
|
|t:|1781588633
|switch|p2a: Pecharunt|Pecharunt|100/100
|move|p1a: Cinderace|U-turn|p2a: Pecharunt
|-start|p1a: Cinderace|typechange|Bug|[from] ability: Libero
|-resisted|p2a: Pecharunt
|-damage|p2a: Pecharunt|96/100
|
|t:|1781588644
|switch|p1a: Rotom|Rotom-Wash|48/100|[from] U-turn
|
|upkeep
|turn|22
|
|t:|1781588648
|switch|p2a: Samurott|Samurott-Hisui, M|88/100
|move|p1a: Rotom|Thunder Wave|p2a: Samurott
|-status|p2a: Samurott|par
|
|upkeep
|turn|23
|
|t:|1781588655
|-terastallize|p2a: Samurott|Dark
|move|p2a: Samurott|Sucker Punch||[still]
|-fail|p2a: Samurott
|move|p1a: Rotom|Pain Split|p2a: Samurott
|-sethp|p2a: Samurott|66/100 par|[from] move: Pain Split|[silent]
|-sethp|p1a: Rotom|70/100|[from] move: Pain Split
|
|upkeep
|turn|24
|
|t:|1781588660
|switch|p1a: Weezing|Weezing-Galar, M|11/100
|-ability|p1a: Weezing|Neutralizing Gas
|move|p2a: Samurott|Sucker Punch||[still]
|-fail|p2a: Samurott
|
|upkeep
|turn|25
|
|t:|1781588665
|switch|p2a: Iron Treads|Iron Treads|42/100 brn
|move|p1a: Weezing|Pain Split|p2a: Iron Treads
|-sethp|p2a: Iron Treads|26/100 brn|[from] move: Pain Split|[silent]
|-sethp|p1a: Weezing|30/100|[from] move: Pain Split
|
|-damage|p2a: Iron Treads|20/100 brn|[from] brn
|upkeep
|turn|26
|
|t:|1781588670
|-end|p1a: Weezing|ability: Neutralizing Gas
|switch|p1a: Rotom|Rotom-Wash|70/100
|move|p2a: Iron Treads|Stealth Rock|p1a: Rotom
|-sidestart|p1: StarDio|move: Stealth Rock
|
|-damage|p2a: Iron Treads|14/100 brn|[from] brn
|upkeep
|turn|27
|
|t:|1781588675
|move|p2a: Iron Treads|Earthquake|p1a: Rotom
|-immune|p1a: Rotom|[from] ability: Levitate
|move|p1a: Rotom|Hydro Pump|p2a: Iron Treads
|-supereffective|p2a: Iron Treads
|-damage|p2a: Iron Treads|0 fnt
|faint|p2a: Iron Treads
|-end|p2a: Iron Treads|Quark Drive|[silent]
|
|upkeep
|
|t:|1781588681
|switch|p2a: Samurott|Samurott-Hisui, M, tera:Dark|66/100 par
|turn|28
|
|t:|1781588685
|switch|p1a: Weezing|Weezing-Galar, M|30/100
|-ability|p1a: Weezing|Neutralizing Gas
|-damage|p1a: Weezing|18/100|[from] Stealth Rock
|cant|p2a: Samurott|par
|
|upkeep
|turn|29
|
|t:|1781588689
|switch|p2a: Pecharunt|Pecharunt|96/100
|move|p1a: Weezing|Defog|p2a: Pecharunt
|-unboost|p2a: Pecharunt|evasion|1
|-sideend|p1: StarDio|Stealth Rock|[from] move: Defog|[of] p1a: Weezing
|
|upkeep
|turn|30
|
|t:|1781588696
|move|p2a: Pecharunt|Parting Shot|p1a: Weezing
|-unboost|p1a: Weezing|atk|1
|-unboost|p1a: Weezing|spa|1
|
|t:|1781588698
|switch|p2a: Rotom|Rotom-Wash|15/100 brn|[from] Parting Shot
|move|p1a: Weezing|Pain Split|p2a: Rotom
|-sethp|p2a: Rotom|17/100 brn|[from] move: Pain Split|[silent]
|-sethp|p1a: Weezing|15/100|[from] move: Pain Split
|
|-damage|p2a: Rotom|11/100 brn|[from] brn
|upkeep
|turn|31
|
|t:|1781588707
|move|p2a: Rotom|Volt Switch|p1a: Weezing
|-damage|p1a: Weezing|0 fnt
|faint|p1a: Weezing
|-end|p1a: Weezing|ability: Neutralizing Gas
|
|t:|1781588713
|switch|p2a: Pecharunt|Pecharunt|96/100|[from] Volt Switch
|
|upkeep
|
|t:|1781588715
|switch|p1a: Landorus|Landorus-Therian, M|100/100
|-ability|p1a: Landorus|Intimidate|boost
|-unboost|p2a: Pecharunt|atk|1
|turn|32
|
|t:|1781588720
|move|p1a: Landorus|U-turn|p2a: Pecharunt
|-resisted|p2a: Pecharunt
|-damage|p2a: Pecharunt|93/100
|
|t:|1781588722
|switch|p1a: Cinderace|Cinderace, F|100/100|[from] U-turn
|move|p2a: Pecharunt|Toxic|p1a: Cinderace
|-status|p1a: Cinderace|tox
|-start|p1a: Cinderace|confusion|[from] ability: Poison Puppeteer|[of] p2a: Pecharunt
|
|-damage|p1a: Cinderace|95/100 tox|[from] psn
|upkeep
|turn|33
|
|t:|1781588725
|-activate|p1a: Cinderace|confusion
|-damage|p1a: Cinderace|76/100 tox|[from] confusion
|move|p2a: Pecharunt|Toxic|p1a: Cinderace
|-fail|p1a: Cinderace|tox
|
|-damage|p1a: Cinderace|64/100 tox|[from] psn
|upkeep
|turn|34
|
|t:|1781588728
|-end|p1a: Cinderace|confusion
|move|p1a: Cinderace|Pyro Ball|p2a: Pecharunt
|-damage|p2a: Pecharunt|67/100
|move|p2a: Pecharunt|Toxic|p1a: Cinderace
|-fail|p1a: Cinderace|tox
|
|-damage|p1a: Cinderace|46/100 tox|[from] psn
|upkeep
|turn|35
|
|t:|1781588734
|move|p1a: Cinderace|Pyro Ball|p2a: Pecharunt|[miss]
|-miss|p1a: Cinderace|p2a: Pecharunt
|move|p2a: Pecharunt|Toxic|p1a: Cinderace
|-fail|p1a: Cinderace|tox
|
|-damage|p1a: Cinderace|22/100 tox|[from] psn
|upkeep
|turn|36
|
|t:|1781588736
|move|p1a: Cinderace|Pyro Ball|p2a: Pecharunt
|-damage|p2a: Pecharunt|40/100
|move|p2a: Pecharunt|Recover|p2a: Pecharunt
|-heal|p2a: Pecharunt|90/100
|
|-damage|p1a: Cinderace|0 fnt|[from] psn
|faint|p1a: Cinderace
|upkeep
|
|t:|1781588739
|switch|p1a: Landorus|Landorus-Therian, M|100/100
|-ability|p1a: Landorus|Intimidate|boost
|-unboost|p2a: Pecharunt|atk|1
|turn|37
|
|t:|1781588747
|-terastallize|p1a: Landorus|Ground
|move|p1a: Landorus|Earthquake|p2a: Pecharunt
|-supereffective|p2a: Pecharunt
|-damage|p2a: Pecharunt|10/100
|move|p2a: Pecharunt|Toxic|p1a: Landorus
|-status|p1a: Landorus|tox
|-start|p1a: Landorus|confusion|[from] ability: Poison Puppeteer|[of] p2a: Pecharunt
|
|-damage|p1a: Landorus|95/100 tox|[from] psn
|upkeep
|turn|38
|
|t:|1781588755
|-activate|p1a: Landorus|confusion
|move|p1a: Landorus|Earthquake|p2a: Pecharunt
|-supereffective|p2a: Pecharunt
|-damage|p2a: Pecharunt|0 fnt
|faint|p2a: Pecharunt
|
|-damage|p1a: Landorus|83/100 tox|[from] psn
|upkeep
|
|t:|1781588758
|switch|p2a: Rotom|Rotom-Wash|11/100 brn
|turn|39
|
|t:|1781588761
|-activate|p1a: Landorus|confusion
|move|p1a: Landorus|U-turn|p2a: Rotom
|-damage|p2a: Rotom|0 fnt
|faint|p2a: Rotom
|
|t:|1781588764
|switch|p1a: Zamazenta|Zamazenta|100/100|[from] U-turn
|-ability|p1a: Zamazenta|Dauntless Shield|boost
|-boost|p1a: Zamazenta|def|1
|
|upkeep
|
|t:|1781588766
|switch|p2a: Samurott|Samurott-Hisui, M, tera:Dark|66/100 par
|turn|40
|
|t:|1781588769
|move|p1a: Zamazenta|Body Press|p2a: Samurott
|-supereffective|p2a: Samurott
|-damage|p2a: Samurott|0 fnt
|faint|p2a: Samurott
|
|win|StarDio
|raw|StarDio's rating: 1674 &rarr; <strong>1697</strong><br />(+23 for winning)
|raw|thelarpinglarper's rating: 1726 &rarr; <strong>1703</strong><br />(-23 for losing)
|l|☆thelarpinglarper
|player|p2|
|l|☆StarDio
|player|p1|
