|j|☆jus4funsies
|j|☆moeeyeguy
|t:|1781324625
|gametype|singles
|player|p1|jus4funsies|teamrocket|1586
|player|p2|moeeyeguy|rosa|1556
|gen|9
|tier|[Gen 9] OU
|rated|
|rule|HP Percentage Mod: HP is shown in percentages
|rule|Endless Battle Clause: Forcing endless battles is banned
|rule|Species Clause: Limit one of each Pokémon
|rule|OHKO Clause: OHKO moves are banned
|rule|Evasion Items Clause: Evasion items are banned
|rule|Evasion Moves Clause: Evasion moves are banned
|rule|Evasion Abilities Clause: Evasion abilities are banned
|rule|Sleep Moves Clause: Sleep-inducing moves are banned
|clearpoke
|poke|p1|Samurott-Hisui, F|
|poke|p1|Gholdengo|
|poke|p1|Great Tusk|
|poke|p1|Dragonite, M|
|poke|p1|Raging Bolt|
|poke|p1|Kingambit, M|
|poke|p2|Ninetales, F|
|poke|p2|Walking Wake|
|poke|p2|Hatterene, F|
|poke|p2|Great Tusk|
|poke|p2|Raging Bolt|
|poke|p2|Iron Moth|
|teampreview
|
|t:|1781324654
|teamsize|p1|6
|teamsize|p2|6
|start
|switch|p1a: Shamiqua|Samurott-Hisui, F|100/100
|switch|p2a: Raging Bolt|Raging Bolt|100/100
|turn|1
|
|t:|1781324657
|move|p1a: Shamiqua|Ceaseless Edge|p2a: Raging Bolt
|-damage|p2a: Raging Bolt|59/100
|-sidestart|p2: moeeyeguy|Spikes
|move|p2a: Raging Bolt|Draco Meteor|p1a: Shamiqua
|-enditem|p1a: Shamiqua|Focus Sash
|-damage|p1a: Shamiqua|1/100
|-unboost|p2a: Raging Bolt|spa|2
|-damage|p2a: Raging Bolt|49/100|[from] item: Life Orb
|
|upkeep
|turn|2
|
|t:|1781324664
|move|p2a: Raging Bolt|Thunderclap|p1a: Shamiqua
|-supereffective|p1a: Shamiqua
|-damage|p1a: Shamiqua|0 fnt
|faint|p1a: Shamiqua
|-damage|p2a: Raging Bolt|39/100|[from] item: Life Orb
|
|upkeep
|
|t:|1781324672
|switch|p1a: Tyrone|Great Tusk|100/100
|turn|3
|
|t:|1781324708
|-end|p2a: Raging Bolt|Protosynthesis|[silent]
|switch|p2a: Ninetales|Ninetales, F|100/100
|-damage|p2a: Ninetales|88/100|[from] Spikes
|-weather|SunnyDay|[from] ability: Drought|[of] p2a: Ninetales
|-activate|p1a: Tyrone|ability: Protosynthesis
|-start|p1a: Tyrone|protosynthesisatk
|move|p1a: Tyrone|Headlong Rush|p2a: Ninetales
|-supereffective|p2a: Ninetales
|-damage|p2a: Ninetales|0 fnt
|-unboost|p1a: Tyrone|def|1
|-unboost|p1a: Tyrone|spd|1
|faint|p2a: Ninetales
|
|-weather|SunnyDay|[upkeep]
|upkeep
|
|t:|1781324713
|switch|p2a: Walking Wake|Walking Wake|100/100
|-damage|p2a: Walking Wake|88/100|[from] Spikes
|-activate|p2a: Walking Wake|ability: Protosynthesis
|-start|p2a: Walking Wake|protosynthesisspe
|turn|4
|
|t:|1781324739
|-end|p1a: Tyrone|Protosynthesis|[silent]
|switch|p1a: Daddy long neck|Raging Bolt|100/100
|-activate|p1a: Daddy long neck|ability: Protosynthesis
|-start|p1a: Daddy long neck|protosynthesisspa
|-terastallize|p2a: Walking Wake|Water
|move|p2a: Walking Wake|Hydro Steam|p1a: Daddy long neck
|-resisted|p1a: Daddy long neck
|-damage|p1a: Daddy long neck|43/100
|
|-weather|SunnyDay|[upkeep]
|upkeep
|turn|5
|
|t:|1781324750
|-end|p2a: Walking Wake|Protosynthesis|[silent]
|switch|p2a: Great Tusk|Great Tusk|100/100
|-damage|p2a: Great Tusk|88/100|[from] Spikes
|-activate|p2a: Great Tusk|ability: Protosynthesis
|-start|p2a: Great Tusk|protosynthesisspe
|move|p1a: Daddy long neck|Thunderclap||[still]
|-fail|p1a: Daddy long neck
|
|-weather|SunnyDay|[upkeep]
|upkeep
|turn|6
|
|t:|1781324754
|-end|p1a: Daddy long neck|Protosynthesis|[silent]
|switch|p1a: Cinna-Mon|Gholdengo|100/100
|-item|p1a: Cinna-Mon|Air Balloon
|move|p2a: Great Tusk|Stealth Rock|p1a: Cinna-Mon
|-sidestart|p1: jus4funsies|move: Stealth Rock
|
|-weather|SunnyDay|[upkeep]
|upkeep
|turn|7
|
|t:|1781324759
|move|p2a: Great Tusk|Ice Spinner|p1a: Cinna-Mon
|-resisted|p1a: Cinna-Mon
|-damage|p1a: Cinna-Mon|87/100
|-enditem|p1a: Cinna-Mon|Air Balloon
|move|p1a: Cinna-Mon|Make It Rain|p2a: Great Tusk
|-damage|p2a: Great Tusk|14/100
|-unboost|p1a: Cinna-Mon|spa|1
|
|-weather|SunnyDay|[upkeep]
|upkeep
|turn|8
|
|t:|1781324769
|switch|p1a: DragoniGG|Dragonite, M|100/100
|move|p2a: Great Tusk|Headlong Rush|p1a: DragoniGG
|-immune|p1a: DragoniGG
|
|-weather|SunnyDay|[upkeep]
|upkeep
|turn|9
|
|t:|1781324772
|move|p1a: DragoniGG|Extreme Speed|p2a: Great Tusk
|-damage|p2a: Great Tusk|0 fnt
|faint|p2a: Great Tusk
|-end|p2a: Great Tusk|Protosynthesis|[silent]
|
|-weather|SunnyDay|[upkeep]
|upkeep
|
|t:|1781324782
|switch|p2a: Hatterene|Hatterene, F|100/100
|-damage|p2a: Hatterene|88/100|[from] Spikes
|turn|10
|
|t:|1781324786
|switch|p1a: Cinna-Mon|Gholdengo|87/100
|-damage|p1a: Cinna-Mon|81/100|[from] Stealth Rock
|move|p2a: Hatterene|Dazzling Gleam|p1a: Cinna-Mon
|-resisted|p1a: Cinna-Mon
|-damage|p1a: Cinna-Mon|51/100
|
|-weather|none
|upkeep
|turn|11
|
|t:|1781324792
|move|p1a: Cinna-Mon|Make It Rain|p2a: Hatterene
|-supereffective|p2a: Hatterene
|-damage|p2a: Hatterene|0 fnt
|-unboost|p1a: Cinna-Mon|spa|1
|faint|p2a: Hatterene
|
|upkeep
|
|t:|1781324794
|switch|p2a: Iron Moth|Iron Moth|100/100
|-damage|p2a: Iron Moth|88/100|[from] Spikes
|-enditem|p2a: Iron Moth|Booster Energy
|-activate|p2a: Iron Moth|ability: Quark Drive|[fromitem]
|-start|p2a: Iron Moth|quarkdrivespe
|turn|12
|
|t:|1781324797
|switch|p1a: DragoniGG|Dragonite, M|100/100
|move|p2a: Iron Moth|Fiery Dance|p1a: DragoniGG
|-resisted|p1a: DragoniGG
|-damage|p1a: DragoniGG|90/100
|
|upkeep
|turn|13
|
|t:|1781324801
|move|p2a: Iron Moth|Dazzling Gleam|p1a: DragoniGG
|-supereffective|p1a: DragoniGG
|-damage|p1a: DragoniGG|27/100
|move|p1a: DragoniGG|Earthquake|p2a: Iron Moth
|-supereffective|p2a: Iron Moth
|-damage|p2a: Iron Moth|0 fnt
|faint|p2a: Iron Moth
|-end|p2a: Iron Moth|Quark Drive|[silent]
|
|upkeep
|
|t:|1781324805
|switch|p2a: Walking Wake|Walking Wake, tera:Water|88/100
|-damage|p2a: Walking Wake|76/100|[from] Spikes
|turn|14
|
|t:|1781324813
|move|p1a: DragoniGG|Extreme Speed|p2a: Walking Wake
|-damage|p2a: Walking Wake|43/100
|move|p2a: Walking Wake|Hydro Steam|p1a: DragoniGG
|-resisted|p1a: DragoniGG
|-damage|p1a: DragoniGG|0 fnt
|faint|p1a: DragoniGG
|
|upkeep
|
|t:|1781324817
|switch|p1a: Daddy long neck|Raging Bolt|43/100
|-damage|p1a: Daddy long neck|31/100|[from] Stealth Rock
|-enditem|p1a: Daddy long neck|Booster Energy
|-activate|p1a: Daddy long neck|ability: Protosynthesis|[fromitem]
|-start|p1a: Daddy long neck|protosynthesisspa
|turn|15
|
|t:|1781324819
|move|p1a: Daddy long neck|Thunderclap|p2a: Walking Wake
|-supereffective|p2a: Walking Wake
|-damage|p2a: Walking Wake|0 fnt
|faint|p2a: Walking Wake
|-end|p2a: Walking Wake|Protosynthesis|[silent]
|
|upkeep
|
|t:|1781324821
|switch|p2a: Raging Bolt|Raging Bolt|39/100
|-damage|p2a: Raging Bolt|27/100|[from] Spikes
|turn|16
|
|t:|1781324826
|-terastallize|p1a: Daddy long neck|Fairy
|move|p2a: Raging Bolt|Draco Meteor|p1a: Daddy long neck
|-immune|p1a: Daddy long neck
|move|p1a: Daddy long neck|Dragon Pulse|p2a: Raging Bolt
|-supereffective|p2a: Raging Bolt
|-damage|p2a: Raging Bolt|0 fnt
|faint|p2a: Raging Bolt
|-end|p2a: Raging Bolt|Protosynthesis|[silent]
|
|win|jus4funsies
|raw|jus4funsies's rating: 1586 &rarr; <strong>1604</strong><br />(+18 for winning)
|raw|moeeyeguy's rating: 1556 &rarr; <strong>1538</strong><br />(-18 for losing)
|l|☆moeeyeguy
|player|p2|
|l|☆jus4funsies
|player|p1|
