|j|☆GreninjaMyFav
|j|☆mongwong
|t:|1781396122
|gametype|singles
|player|p1|GreninjaMyFav|skyla|1723
|player|p2|mongwong|eusine-gen2|1742
|gen|9
|tier|[Gen 9] OU
|rated|
|rule|HP Percentage Mod: HP is shown in percentages
|rule|Endless Battle Clause: Forcing endless battles is banned
|rule|Species Clause: Limit one of each Pokémon
|rule|OHKO Clause: OHKO moves are banned
|rule|Evasion Items Clause: Evasion items are banned
|rule|Evasion Moves Clause: Evasion moves are banned
|rule|Evasion Abilities Clause: Evasion abilities are banned
|rule|Sleep Moves Clause: Sleep-inducing moves are banned
|clearpoke
|poke|p1|Heatran, F|
|poke|p1|Dragapult, M|
|poke|p1|Slowking-Galar, M|
|poke|p1|Great Tusk|
|poke|p1|Zapdos|
|poke|p1|Ogerpon-Wellspring, F|
|poke|p2|Indeedee, M|
|poke|p2|Polteageist-Antique|
|poke|p2|Hawlucha, F|
|poke|p2|Primarina, M|
|poke|p2|Iron Valiant|
|poke|p2|Great Tusk|
|teampreview
|inactive|Battle timer is ON: inactive players will automatically lose when time's up. (requested by mongwong)
|
|t:|1781396129
|teamsize|p1|6
|teamsize|p2|6
|start
|switch|p1a: Heatran|Heatran, F|100/100
|switch|p2a: Primarina|Primarina, M|100/100
|turn|1
|
|t:|1781396133
|move|p1a: Heatran|Protect|p1a: Heatran
|-singleturn|p1a: Heatran|Protect
|move|p2a: Primarina|Moonblast|p1a: Heatran
|-activate|p1a: Heatran|move: Protect
|
|upkeep
|turn|2
|
|t:|1781396135
|switch|p1a: Slowking|Slowking-Galar, M|100/100
|move|p2a: Primarina|Surf|p1a: Slowking
|-damage|p1a: Slowking|73/100
|
|upkeep
|turn|3
|
|t:|1781396140
|move|p2a: Primarina|Flip Turn|p1a: Slowking
|-damage|p1a: Slowking|56/100
|
|t:|1781396142
|switch|p2a: Great Tusk|Great Tusk|100/100|[from] Flip Turn
|move|p1a: Slowking|Thunder Wave|p2a: Great Tusk
|-immune|p2a: Great Tusk
|
|upkeep
|turn|4
|
|t:|1781396145
|switch|p1a: Zapdos|Zapdos|100/100
|move|p2a: Great Tusk|Stealth Rock|p1a: Zapdos
|-sidestart|p1: GreninjaMyFav|move: Stealth Rock
|
|upkeep
|turn|5
|
|t:|1781396152
|move|p1a: Zapdos|Thunder Wave|p2a: Great Tusk
|-immune|p2a: Great Tusk
|move|p2a: Great Tusk|Knock Off|p1a: Zapdos
|-damage|p1a: Zapdos|81/100
|-status|p2a: Great Tusk|par|[from] ability: Static|[of] p1a: Zapdos
|-enditem|p1a: Zapdos|Heavy-Duty Boots|[from] move: Knock Off|[of] p2a: Great Tusk
|
|upkeep
|turn|6
|j| TheSacredJackal⨕
|
|t:|1781396157
|-end|p2a: Great Tusk|Protosynthesis|[silent]
|switch|p2a: Indeedee|Indeedee, M|100/100
|-fieldstart|move: Psychic Terrain|[from] ability: Psychic Surge|[of] p2a: Indeedee
|move|p1a: Zapdos|Volt Switch|p2a: Indeedee
|-damage|p2a: Indeedee|61/100
|
|t:|1781396160
|switch|p1a: Heatran|Heatran, F|100/100|[from] Volt Switch
|-damage|p1a: Heatran|88/100|[from] Stealth Rock
|
|-heal|p1a: Heatran|94/100|[from] item: Leftovers
|upkeep
|turn|7
|
|t:|1781396165
|switch|p2a: Primarina|Primarina, M|100/100
|move|p1a: Heatran|Stealth Rock|p2a: Primarina
|-sidestart|p2: mongwong|move: Stealth Rock
|
|-heal|p1a: Heatran|100/100|[from] item: Leftovers
|upkeep
|turn|8
|
|t:|1781396170
|switch|p1a: Slowking|Slowking-Galar, M|90/100
|move|p2a: Primarina|Surf|p1a: Slowking
|-damage|p1a: Slowking|61/100
|
|upkeep
|turn|9
|
|t:|1781396172
|move|p2a: Primarina|Psychic Noise|p1a: Slowking
|-damage|p1a: Slowking|41/100
|-start|p1a: Slowking|move: Heal Block
|move|p1a: Slowking|Psychic Noise|p2a: Primarina
|-damage|p2a: Primarina|80/100
|-start|p2a: Primarina|move: Heal Block
|
|upkeep
|turn|10
|
|t:|1781396176
|move|p2a: Primarina|Moonblast|p1a: Slowking
|-resisted|p1a: Slowking
|-damage|p1a: Slowking|26/100
|-prepare|p1a: Slowking|Chilly Reception|[premajor]
|move|p1a: Slowking|Chilly Reception|p1a: Slowking
|-weather|Snowscape
|
|t:|1781396179
|switch|p1a: Ogerpon|Ogerpon-Wellspring, F|100/100|[from] Chilly Reception
|-damage|p1a: Ogerpon|88/100|[from] Stealth Rock
|
|-weather|Snowscape|[upkeep]
|-end|p2a: Primarina|move: Heal Block
|upkeep
|turn|11
|
|t:|1781396182
|move|p1a: Ogerpon|Substitute|p1a: Ogerpon
|-start|p1a: Ogerpon|Substitute
|-damage|p1a: Ogerpon|63/100
|move|p2a: Primarina|Moonblast|p1a: Ogerpon
|-end|p1a: Ogerpon|Substitute
|
|-weather|Snowscape|[upkeep]
|upkeep
|turn|12
|
|t:|1781396185
|move|p1a: Ogerpon|Substitute|p1a: Ogerpon
|-start|p1a: Ogerpon|Substitute
|-damage|p1a: Ogerpon|38/100
|move|p2a: Primarina|Moonblast|p1a: Ogerpon
|-end|p1a: Ogerpon|Substitute
|
|-weather|Snowscape|[upkeep]
|upkeep
|turn|13
|
|t:|1781396188
|move|p1a: Ogerpon|Horn Leech|p2a: Primarina
|-supereffective|p2a: Primarina
|-damage|p2a: Primarina|0 fnt
|-heal|p1a: Ogerpon|86/100|[from] drain|[of] p2a: Primarina
|faint|p2a: Primarina
|
|-weather|Snowscape|[upkeep]
|-fieldend|move: Psychic Terrain
|upkeep
|
|t:|1781396195
|switch|p2a: Indeedee|Indeedee, M|61/100
|-damage|p2a: Indeedee|49/100|[from] Stealth Rock
|-fieldstart|move: Psychic Terrain|[from] ability: Psychic Surge|[of] p2a: Indeedee
|turn|14
|
|t:|1781396198
|switch|p1a: Heatran|Heatran, F|100/100
|-damage|p1a: Heatran|88/100|[from] Stealth Rock
|move|p2a: Indeedee|Healing Wish|p2a: Indeedee
|faint|p2a: Indeedee
|
|-weather|none
|-heal|p1a: Heatran|94/100|[from] item: Leftovers
|upkeep
|
|t:|1781396205
|switch|p2a: Hawlucha|Hawlucha, F|100/100
|-damage|p2a: Hawlucha|88/100|[from] Stealth Rock
|-enditem|p2a: Hawlucha|Psychic Seed
|-boost|p2a: Hawlucha|spd|1|[from] item: Psychic Seed
|turn|15
|
|t:|1781396208
|move|p2a: Hawlucha|Swords Dance|p2a: Hawlucha
|-boost|p2a: Hawlucha|atk|2
|move|p1a: Heatran|Lava Plume|p2a: Hawlucha
|-damage|p2a: Hawlucha|49/100
|-status|p2a: Hawlucha|brn
|
|-heal|p1a: Heatran|100/100|[from] item: Leftovers
|-damage|p2a: Hawlucha|43/100 brn|[from] brn
|upkeep
|turn|16
|
|t:|1781396212
|switch|p1a: Zapdos|Zapdos|81/100
|-damage|p1a: Zapdos|56/100|[from] Stealth Rock
|move|p2a: Hawlucha|Close Combat|p1a: Zapdos
|-resisted|p1a: Zapdos
|-damage|p1a: Zapdos|37/100
|-unboost|p2a: Hawlucha|def|1
|-unboost|p2a: Hawlucha|spd|1
|
|-damage|p2a: Hawlucha|37/100 brn|[from] brn
|upkeep
|turn|17
|
|t:|1781396215
|move|p2a: Hawlucha|Acrobatics|p1a: Zapdos
|-resisted|p1a: Zapdos
|-damage|p1a: Zapdos|21/100
|move|p1a: Zapdos|Roost|p1a: Zapdos
|-heal|p1a: Zapdos|71/100
|-singleturn|p1a: Zapdos|move: Roost
|
|-damage|p2a: Hawlucha|31/100 brn|[from] brn
|upkeep
|turn|18
|
|t:|1781396238
|move|p2a: Hawlucha|Swords Dance|p2a: Hawlucha
|-boost|p2a: Hawlucha|atk|2
|move|p1a: Zapdos|Roost|p1a: Zapdos
|-heal|p1a: Zapdos|100/100
|-singleturn|p1a: Zapdos|move: Roost
|
|-damage|p2a: Hawlucha|25/100 brn|[from] brn
|upkeep
|turn|19
|
|t:|1781396240
|move|p2a: Hawlucha|Close Combat|p1a: Zapdos
|-resisted|p1a: Zapdos
|-damage|p1a: Zapdos|72/100
|-unboost|p2a: Hawlucha|def|1
|-unboost|p2a: Hawlucha|spd|1
|move|p1a: Zapdos|Volt Switch|p2a: Hawlucha
|-supereffective|p2a: Hawlucha
|-damage|p2a: Hawlucha|0 fnt
|faint|p2a: Hawlucha
|inactive|GreninjaMyFav has 120 seconds left.
|
|t:|1781396290
|switch|p1a: Dragapult|Dragapult, M|100/100|[from] Volt Switch
|
|upkeep
|
|t:|1781396294
|switch|p2a: Iron Valiant|Iron Valiant|100/100
|-damage|p2a: Iron Valiant|94/100|[from] Stealth Rock
|-enditem|p2a: Iron Valiant|Booster Energy
|-activate|p2a: Iron Valiant|ability: Quark Drive|[fromitem]
|-start|p2a: Iron Valiant|quarkdrivespe
|turn|20
|
|t:|1781396297
|move|p2a: Iron Valiant|Calm Mind|p2a: Iron Valiant
|-boost|p2a: Iron Valiant|spa|1
|-boost|p2a: Iron Valiant|spd|1
|move|p1a: Dragapult|Thunder Wave|p2a: Iron Valiant
|-status|p2a: Iron Valiant|par
|
|upkeep
|turn|21
|inactive|GreninjaMyFav has 120 seconds left.
|
|t:|1781396305
|-terastallize|p1a: Dragapult|Ghost
|move|p1a: Dragapult|Hex|p2a: Iron Valiant
|-damage|p2a: Iron Valiant|0 fnt
|faint|p2a: Iron Valiant
|-end|p2a: Iron Valiant|Quark Drive|[silent]
|
|-fieldend|move: Psychic Terrain
|upkeep
|
|t:|1781396311
|switch|p2a: Polteageist|Polteageist-Antique|100/100
|-damage|p2a: Polteageist|88/100|[from] Stealth Rock
|turn|22
|
|t:|1781396314
|-terastallize|p2a: Polteageist|Grass
|move|p1a: Dragapult|Thunder Wave|p2a: Polteageist
|-status|p2a: Polteageist|par
|cant|p2a: Polteageist|par
|
|upkeep
|turn|23
|-message|mongwong forfeited.
|
|win|GreninjaMyFav
|raw|GreninjaMyFav's rating: 1723 &rarr; <strong>1744</strong><br />(+21 for winning)
|raw|mongwong's rating: 1742 &rarr; <strong>1721</strong><br />(-21 for losing)
|l|☆mongwong
|player|p2|
|l|☆GreninjaMyFav
|player|p1|
|c| TheSacredJackal⨕|LMAO
|l| TheSacredJackal⨕
