|badge|p1|bronze|gen9ubers|100-9
|uhtml|medal-msg|<div class="broadcast-blue">Curious what those medals under the avatar are? PS now has Ladder Seasons! For more information, check out the <a href="https://www.smogon.com/forums/threads/3740067/">thread on Smogon.</a></div>
|j|☆DriftedEx
|j|☆extra-pseudo man
|t:|1781483227
|gametype|singles
|player|p1|DriftedEx|rocketgrunt|1729
|player|p2|extra-pseudo man|alder|1705
|gen|9
|tier|[Gen 9] OU
|rated|
|rule|HP Percentage Mod: HP is shown in percentages
|rule|Endless Battle Clause: Forcing endless battles is banned
|rule|Species Clause: Limit one of each Pokémon
|rule|OHKO Clause: OHKO moves are banned
|rule|Evasion Items Clause: Evasion items are banned
|rule|Evasion Moves Clause: Evasion moves are banned
|rule|Evasion Abilities Clause: Evasion abilities are banned
|rule|Sleep Moves Clause: Sleep-inducing moves are banned
|clearpoke
|poke|p1|Ribombee, F|
|poke|p1|Great Tusk|
|poke|p1|Gholdengo|
|poke|p1|Manaphy|
|poke|p1|Kingambit, M|
|poke|p1|Iron Valiant|
|poke|p2|Dragonite, F|
|poke|p2|Dragapult, M|
|poke|p2|Tyranitar, F|
|poke|p2|Metagross|
|poke|p2|Goodra-Hisui, F|
|poke|p2|Garchomp, M|
|teampreview
|inactive|Battle timer is ON: inactive players will automatically lose when time's up. (requested by DriftedEx)
|c|☆extra-pseudo man|gl
|
|t:|1781483244
|teamsize|p1|6
|teamsize|p2|6
|start
|switch|p1a: Ribombee|Ribombee, F|100/100
|switch|p2a: kaboom|Metagross|100/100
|turn|1
|
|t:|1781483249
|move|p2a: kaboom|Bullet Punch|p1a: Ribombee
|-supereffective|p1a: Ribombee
|-damage|p1a: Ribombee|3/100
|move|p1a: Ribombee|Sticky Web|p2a: kaboom
|-sidestart|p2: extra-pseudo man|move: Sticky Web
|
|upkeep
|turn|2
|
|t:|1781483253
|move|p2a: kaboom|Bullet Punch|p1a: Ribombee
|-supereffective|p1a: Ribombee
|-damage|p1a: Ribombee|0 fnt
|faint|p1a: Ribombee
|
|upkeep
|
|t:|1781483254
|switch|p1a: Great Tusk|Great Tusk|100/100
|-enditem|p1a: Great Tusk|Booster Energy
|-activate|p1a: Great Tusk|ability: Protosynthesis|[fromitem]
|-start|p1a: Great Tusk|protosynthesisatk
|turn|3
|
|t:|1781483256
|switch|p2a: Marill me|Garchomp, M|100/100
|-activate|p2a: Marill me|move: Sticky Web
|-unboost|p2a: Marill me|spe|1
|move|p1a: Great Tusk|Headlong Rush|p2a: Marill me
|-damage|p2a: Marill me|52/100
|-unboost|p1a: Great Tusk|def|1
|-unboost|p1a: Great Tusk|spd|1
|-damage|p1a: Great Tusk|88/100|[from] ability: Rough Skin|[of] p2a: Marill me
|-damage|p1a: Great Tusk|72/100|[from] item: Rocky Helmet|[of] p2a: Marill me
|
|upkeep
|turn|4
|j| Partynparadise
|
|t:|1781483262
|move|p1a: Great Tusk|Headlong Rush|p2a: Marill me
|-damage|p2a: Marill me|4/100
|-unboost|p1a: Great Tusk|def|1
|-unboost|p1a: Great Tusk|spd|1
|-damage|p1a: Great Tusk|59/100|[from] ability: Rough Skin|[of] p2a: Marill me
|-damage|p1a: Great Tusk|43/100|[from] item: Rocky Helmet|[of] p2a: Marill me
|move|p2a: Marill me|Earthquake|p1a: Great Tusk
|-damage|p1a: Great Tusk|0 fnt
|faint|p1a: Great Tusk
|-end|p1a: Great Tusk|Protosynthesis|[silent]
|
|upkeep
|
|t:|1781483269
|switch|p1a: Manaphy|Manaphy|100/100
|turn|5
|
|t:|1781483271
|move|p1a: Manaphy|Substitute|p1a: Manaphy
|-start|p1a: Manaphy|Substitute
|-damage|p1a: Manaphy|76/100
|move|p2a: Marill me|Dragon Tail|p1a: Manaphy
|-end|p1a: Manaphy|Substitute
|
|-heal|p1a: Manaphy|82/100|[from] item: Leftovers
|upkeep
|turn|6
|
|t:|1781483276
|-terastallize|p1a: Manaphy|Fairy
|move|p1a: Manaphy|Substitute|p1a: Manaphy
|-start|p1a: Manaphy|Substitute
|-damage|p1a: Manaphy|57/100
|move|p2a: Marill me|Dragon Tail|p1a: Manaphy
|-immune|p1a: Manaphy
|
|-heal|p1a: Manaphy|63/100|[from] item: Leftovers
|upkeep
|turn|7
|
|t:|1781483278
|move|p1a: Manaphy|Tail Glow|p1a: Manaphy
|-boost|p1a: Manaphy|spa|3
|move|p2a: Marill me|Earthquake|p1a: Manaphy
|-end|p1a: Manaphy|Substitute
|
|-heal|p1a: Manaphy|69/100|[from] item: Leftovers
|upkeep
|turn|8
|
|t:|1781483281
|move|p1a: Manaphy|Tail Glow|p1a: Manaphy
|-boost|p1a: Manaphy|spa|3
|move|p2a: Marill me|Earthquake|p1a: Manaphy
|-damage|p1a: Manaphy|28/100
|
|-heal|p1a: Manaphy|34/100|[from] item: Leftovers
|upkeep
|turn|9
|
|t:|1781483284
|move|p1a: Manaphy|Surf|p2a: Marill me
|-damage|p2a: Marill me|0 fnt
|faint|p2a: Marill me
|
|-heal|p1a: Manaphy|40/100|[from] item: Leftovers
|upkeep
|
|t:|1781483286
|switch|p2a: kaboom|Metagross|100/100
|-activate|p2a: kaboom|move: Sticky Web
|-fail|p2a: kaboom|unboost|[from] ability: Clear Body|[of] p2a: kaboom
|turn|10
|
|t:|1781483289
|switch|p1a: Gholdengo|Gholdengo|100/100
|-item|p1a: Gholdengo|Air Balloon
|move|p2a: kaboom|Bullet Punch|p1a: Gholdengo
|-resisted|p1a: Gholdengo
|-damage|p1a: Gholdengo|80/100
|-enditem|p1a: Gholdengo|Air Balloon
|
|upkeep
|turn|11
|j| 54 Insane Rats
|
|t:|1781483292
|switch|p2a: Tyranocif|Tyranitar, F|100/100
|-activate|p2a: Tyranocif|move: Sticky Web
|-unboost|p2a: Tyranocif|spe|1
|-weather|Sandstorm|[from] ability: Sand Stream|[of] p2a: Tyranocif
|move|p1a: Gholdengo|Shadow Ball|p2a: Tyranocif
|-resisted|p2a: Tyranocif
|-damage|p2a: Tyranocif|92/100
|
|-weather|Sandstorm|[upkeep]
|-heal|p2a: Tyranocif|99/100|[from] item: Leftovers
|upkeep
|turn|12
|
|t:|1781483295
|move|p1a: Gholdengo|Make It Rain|p2a: Tyranocif
|-supereffective|p2a: Tyranocif
|-damage|p2a: Tyranocif|45/100
|-unboost|p1a: Gholdengo|spa|1
|move|p2a: Tyranocif|Stealth Rock|p1a: Gholdengo
|-sidestart|p1: DriftedEx|move: Stealth Rock
|
|-weather|Sandstorm|[upkeep]
|-heal|p2a: Tyranocif|51/100|[from] item: Leftovers
|upkeep
|turn|13
|
|t:|1781483299
|switch|p1a: King Von|Kingambit, M|100/100
|-damage|p1a: King Von|94/100|[from] Stealth Rock
|-activate|p1a: King Von|ability: Supreme Overlord
|-start|p1a: King Von|fallen2|[silent]
|-item|p1a: King Von|Air Balloon
|move|p2a: Tyranocif|Knock Off|p1a: King Von
|-resisted|p1a: King Von
|-damage|p1a: King Von|77/100
|-enditem|p1a: King Von|Air Balloon
|
|-weather|Sandstorm|[upkeep]
|-heal|p2a: Tyranocif|57/100|[from] item: Leftovers
|upkeep
|turn|14
|
|t:|1781483308
|switch|p2a: The goot|Goodra-Hisui, F|100/100
|-activate|p2a: The goot|move: Sticky Web
|-unboost|p2a: The goot|spe|1
|move|p1a: King Von|Iron Head|p2a: The goot
|-resisted|p2a: The goot
|-damage|p2a: The goot|71/100
|-ability|p2a: The goot|Gooey
|-unboost|p1a: King Von|spe|1
|
|-weather|Sandstorm|[upkeep]
|upkeep
|turn|15
|
|t:|1781483312
|move|p1a: King Von|Kowtow Cleave|p2a: The goot
|-damage|p2a: The goot|9/100
|-ability|p2a: The goot|Gooey
|-unboost|p1a: King Von|spe|1
|move|p2a: The goot|Thunderbolt|p1a: King Von
|-damage|p1a: King Von|28/100
|
|-weather|none
|upkeep
|turn|16
|
|t:|1781483315
|move|p2a: The goot|Thunderbolt|p1a: King Von
|-damage|p1a: King Von|0 fnt
|faint|p1a: King Von
|-end|p1a: King Von|fallen2|[silent]
|
|upkeep
|
|t:|1781483319
|switch|p1a: Gholdengo|Gholdengo|80/100
|-damage|p1a: Gholdengo|74/100|[from] Stealth Rock
|turn|17
|
|t:|1781483321
|move|p1a: Gholdengo|Nasty Plot|p1a: Gholdengo
|-boost|p1a: Gholdengo|spa|2
|move|p2a: The goot|Thunderbolt|p1a: Gholdengo
|-damage|p1a: Gholdengo|24/100
|-status|p1a: Gholdengo|par
|
|upkeep
|turn|18
|
|t:|1781483324
|move|p1a: Gholdengo|Shadow Ball|p2a: The goot
|-damage|p2a: The goot|0 fnt
|faint|p2a: The goot
|
|upkeep
|
|t:|1781483327
|switch|p2a: He pulten on it|Dragapult, M|100/100
|turn|19
|
|t:|1781483330
|move|p2a: He pulten on it|Hex|p1a: Gholdengo
|-supereffective|p1a: Gholdengo
|-damage|p1a: Gholdengo|0 fnt
|faint|p1a: Gholdengo
|
|upkeep
|
|t:|1781483332
|switch|p1a: Iron Valiant|Iron Valiant|100/100
|-damage|p1a: Iron Valiant|94/100|[from] Stealth Rock
|-enditem|p1a: Iron Valiant|Booster Energy
|-activate|p1a: Iron Valiant|ability: Quark Drive|[fromitem]
|-start|p1a: Iron Valiant|quarkdrivespe
|turn|20
|
|t:|1781483335
|move|p1a: Iron Valiant|Calm Mind|p1a: Iron Valiant
|-boost|p1a: Iron Valiant|spa|1
|-boost|p1a: Iron Valiant|spd|1
|move|p2a: He pulten on it|Hex|p1a: Iron Valiant
|-damage|p1a: Iron Valiant|60/100
|
|upkeep
|turn|21
|
|t:|1781483337
|move|p1a: Iron Valiant|Calm Mind|p1a: Iron Valiant
|-boost|p1a: Iron Valiant|spa|1
|-boost|p1a: Iron Valiant|spd|1
|move|p2a: He pulten on it|Hex|p1a: Iron Valiant
|-damage|p1a: Iron Valiant|34/100
|
|upkeep
|turn|22
|
|t:|1781483341
|move|p1a: Iron Valiant|Moonblast|p2a: He pulten on it
|-supereffective|p2a: He pulten on it
|-damage|p2a: He pulten on it|0 fnt
|faint|p2a: He pulten on it
|
|upkeep
|
|t:|1781483343
|switch|p2a: kaboom|Metagross|100/100
|-activate|p2a: kaboom|move: Sticky Web
|-fail|p2a: kaboom|unboost|[from] ability: Clear Body|[of] p2a: kaboom
|turn|23
|c|☆extra-pseudo man|1000 years of meta
|
|t:|1781483350
|-terastallize|p2a: kaboom|Steel
|move|p1a: Iron Valiant|Vacuum Wave|p2a: kaboom
|-supereffective|p2a: kaboom
|-damage|p2a: kaboom|0 fnt
|faint|p2a: kaboom
|
|upkeep
|
|t:|1781483353
|switch|p2a: Chud|Dragonite, F|100/100
|turn|24
|
|t:|1781483356
|move|p2a: Chud|Extreme Speed|p1a: Iron Valiant
|-damage|p1a: Iron Valiant|0 fnt
|faint|p1a: Iron Valiant
|-end|p1a: Iron Valiant|Quark Drive|[silent]
|
|upkeep
|
|t:|1781483357
|switch|p1a: Manaphy|Manaphy, tera:Fairy|40/100
|-damage|p1a: Manaphy|28/100|[from] Stealth Rock
|turn|25
|
|t:|1781483360
|move|p2a: Chud|Extreme Speed|p1a: Manaphy
|-damage|p1a: Manaphy|0 fnt
|faint|p1a: Manaphy
|
|win|extra-pseudo man
|raw|DriftedEx's rating: 1729 &rarr; <strong>1708</strong><br />(-21 for losing)
|raw|extra-pseudo man's rating: 1705 &rarr; <strong>1726</strong><br />(+21 for winning)
|l|☆DriftedEx
|player|p1|
|l|☆extra-pseudo man
|player|p2|
|l| 54 Insane Rats
