|badge|p1|bronze|gen9ou|100-9
|uhtml|medal-msg|<div class="broadcast-blue">Curious what those medals under the avatar are? PS now has Ladder Seasons! For more information, check out the <a href="https://www.smogon.com/forums/threads/3740067/">thread on Smogon.</a></div>
|badge|p2|bronze|gen9ou|100-9
|uhtml|medal-msg|<div class="broadcast-blue">Curious what those medals under the avatar are? PS now has Ladder Seasons! For more information, check out the <a href="https://www.smogon.com/forums/threads/3740067/">thread on Smogon.</a></div>
|j|☆Ctannn
|j|☆Klopple
|t:|1781561382
|gametype|singles
|player|p1|Ctannn|1|1872
|player|p2|Klopple|sailor|1832
|gen|9
|tier|[Gen 9] OU
|rated|
|rule|HP Percentage Mod: HP is shown in percentages
|rule|Endless Battle Clause: Forcing endless battles is banned
|rule|Species Clause: Limit one of each Pokémon
|rule|OHKO Clause: OHKO moves are banned
|rule|Evasion Items Clause: Evasion items are banned
|rule|Evasion Moves Clause: Evasion moves are banned
|rule|Evasion Abilities Clause: Evasion abilities are banned
|rule|Sleep Moves Clause: Sleep-inducing moves are banned
|clearpoke
|poke|p1|Rillaboom, M|
|poke|p1|Garganacl, F|
|poke|p1|Cinderace, M|
|poke|p1|Raging Bolt|
|poke|p1|Slowking-Galar, F|
|poke|p1|Landorus-Therian, M|
|poke|p2|Arboliva, M|
|poke|p2|Gliscor, M|
|poke|p2|Iron Crown|
|poke|p2|Zamazenta-*|
|poke|p2|Hatterene, F|
|poke|p2|Dragonite, M|
|teampreview
|inactive|Battle timer is ON: inactive players will automatically lose when time's up. (requested by Ctannn)
|
|t:|1781561400
|teamsize|p1|6
|teamsize|p2|6
|start
|switch|p1a: Slowking|Slowking-Galar, F|100/100
|switch|p2a: Gliscor|Gliscor, M|100/100
|turn|1
|
|t:|1781561407
|move|p2a: Gliscor|Earthquake|p1a: Slowking
|-supereffective|p1a: Slowking
|-damage|p1a: Slowking|52/100
|move|p1a: Slowking|Future Sight|p2a: Gliscor
|-start|p1a: Slowking|move: Future Sight
|
|-status|p2a: Gliscor|tox|[from] item: Toxic Orb
|upkeep
|turn|2
|
|t:|1781561413
|move|p2a: Gliscor|Knock Off|p1a: Slowking
|-supereffective|p1a: Slowking
|-damage|p1a: Slowking|22/100
|-damage|p2a: Gliscor|84/100 tox|[from] item: Rocky Helmet|[of] p1a: Slowking
|-enditem|p1a: Slowking|Rocky Helmet|[from] move: Knock Off|[of] p2a: Gliscor
|-prepare|p1a: Slowking|Chilly Reception|[premajor]
|move|p1a: Slowking|Chilly Reception|p1a: Slowking
|-weather|Snowscape
|
|t:|1781561416
|switch|p1a: Landorus|Landorus-Therian, M|100/100|[from] Chilly Reception
|-ability|p1a: Landorus|Intimidate|boost
|-unboost|p2a: Gliscor|atk|1
|
|-weather|Snowscape|[upkeep]
|-heal|p2a: Gliscor|97/100 tox|[from] ability: Poison Heal
|upkeep
|turn|3
|
|t:|1781561425
|move|p2a: Gliscor|Stealth Rock|p1a: Landorus
|-sidestart|p1: Ctannn|move: Stealth Rock
|move|p1a: Landorus|Weather Ball|p2a: Gliscor
|-supereffective|p2a: Gliscor
|-damage|p2a: Gliscor|16/100 tox
|
|-weather|Snowscape|[upkeep]
|-end|p2a: Gliscor|move: Future Sight
|-damage|p2a: Gliscor|0 fnt
|faint|p2a: Gliscor
|upkeep
|
|t:|1781561434
|switch|p2a: Iron Crown|Iron Crown|100/100
|turn|4
|
|t:|1781561439
|move|p2a: Iron Crown|Tachyon Cutter|p1a: Landorus
|-damage|p1a: Landorus|76/100
|-damage|p1a: Landorus|51/100
|-hitcount|p1a: Landorus|2
|move|p1a: Landorus|Earthquake|p2a: Iron Crown
|-supereffective|p2a: Iron Crown
|-damage|p2a: Iron Crown|5/100
|
|-weather|Snowscape|[upkeep]
|upkeep
|turn|5
|
|t:|1781561446
|switch|p1a: Cinderace|Cinderace, M|100/100
|move|p2a: Iron Crown|Tachyon Cutter|p1a: Cinderace
|-resisted|p1a: Cinderace
|-crit|p1a: Cinderace
|-damage|p1a: Cinderace|75/100
|-resisted|p1a: Cinderace
|-damage|p1a: Cinderace|57/100
|-hitcount|p1a: Cinderace|2
|
|-weather|Snowscape|[upkeep]
|upkeep
|turn|6
|
|t:|1781561452
|move|p1a: Cinderace|U-turn|p2a: Iron Crown
|-start|p1a: Cinderace|typechange|Bug|[from] ability: Libero
|-damage|p2a: Iron Crown|0 fnt
|faint|p2a: Iron Crown
|-end|p2a: Iron Crown|Quark Drive|[silent]
|
|t:|1781561457
|switch|p1a: Garganacl|Garganacl, F|100/100|[from] U-turn
|-damage|p1a: Garganacl|88/100|[from] Stealth Rock
|
|-weather|none
|-heal|p1a: Garganacl|94/100|[from] item: Leftovers
|upkeep
|
|t:|1781561462
|switch|p2a: Arboliva|Arboliva, M|100/100
|turn|7
|
|t:|1781561470
|switch|p1a: Landorus|Landorus-Therian, M|51/100
|-damage|p1a: Landorus|38/100|[from] Stealth Rock
|-ability|p1a: Landorus|Intimidate|boost
|-unboost|p2a: Arboliva|atk|1
|move|p2a: Arboliva|Energy Ball|p1a: Landorus
|-damage|p1a: Landorus|0 fnt
|faint|p1a: Landorus
|
|upkeep
|
|t:|1781561474
|switch|p1a: Cinderace|Cinderace, M|57/100
|turn|8
|
|t:|1781561482
|move|p1a: Cinderace|Court Change|p1a: Cinderace
|-start|p1a: Cinderace|typechange|Normal|[from] ability: Libero
|-swapsideconditions
|-activate|p1a: Cinderace|move: Court Change
|move|p2a: Arboliva|Earth Power|p1a: Cinderace
|-crit|p1a: Cinderace
|-damage|p1a: Cinderace|0 fnt
|faint|p1a: Cinderace
|
|upkeep
|
|t:|1781561494
|switch|p1a: Rillaboom|Rillaboom, M|100/100
|-fieldstart|move: Grassy Terrain|[from] ability: Grassy Surge|[of] p1a: Rillaboom
|turn|9
|
|t:|1781561506
|move|p1a: Rillaboom|Swords Dance|p1a: Rillaboom
|-boost|p1a: Rillaboom|atk|2
|move|p2a: Arboliva|Alluring Voice|p1a: Rillaboom
|-damage|p1a: Rillaboom|58/100
|-start|p1a: Rillaboom|confusion
|
|-heal|p1a: Rillaboom|64/100|[from] Grassy Terrain
|upkeep
|turn|10
|
|t:|1781561521
|-activate|p1a: Rillaboom|confusion
|-damage|p1a: Rillaboom|31/100|[from] confusion
|move|p2a: Arboliva|Alluring Voice|p1a: Rillaboom
|-damage|p1a: Rillaboom|0 fnt
|faint|p1a: Rillaboom
|
|upkeep
|
|t:|1781561528
|switch|p1a: Raging Bolt|Raging Bolt|100/100
|turn|11
|
|t:|1781561534
|move|p1a: Raging Bolt|Thunderbolt|p2a: Arboliva
|-resisted|p2a: Arboliva
|-damage|p2a: Arboliva|76/100
|move|p2a: Arboliva|Alluring Voice|p1a: Raging Bolt
|-supereffective|p1a: Raging Bolt
|-damage|p1a: Raging Bolt|46/100
|
|-heal|p1a: Raging Bolt|52/100|[from] Grassy Terrain
|-heal|p2a: Arboliva|82/100|[from] Grassy Terrain
|upkeep
|turn|12
|
|t:|1781561547
|-terastallize|p1a: Raging Bolt|Fairy
|move|p1a: Raging Bolt|Thunderbolt|p2a: Arboliva
|-resisted|p2a: Arboliva
|-damage|p2a: Arboliva|60/100
|move|p2a: Arboliva|Earth Power|p1a: Raging Bolt
|-damage|p1a: Raging Bolt|18/100
|
|-heal|p1a: Raging Bolt|24/100|[from] Grassy Terrain
|-heal|p2a: Arboliva|66/100|[from] Grassy Terrain
|upkeep
|turn|13
|
|t:|1781561553
|move|p1a: Raging Bolt|Draco Meteor|p2a: Arboliva
|-damage|p2a: Arboliva|0 fnt
|-unboost|p1a: Raging Bolt|spa|2
|faint|p2a: Arboliva
|
|-heal|p1a: Raging Bolt|30/100|[from] Grassy Terrain
|-fieldend|move: Grassy Terrain
|upkeep
|
|t:|1781561560
|switch|p2a: Dragonite|Dragonite, M|100/100
|turn|14
|
|t:|1781561563
|move|p1a: Raging Bolt|Volt Switch|p2a: Dragonite
|-damage|p2a: Dragonite|92/100
|
|t:|1781561565
|-end|p1a: Raging Bolt|Protosynthesis|[silent]
|switch|p1a: Garganacl|Garganacl, F|94/100|[from] Volt Switch
|move|p2a: Dragonite|Earthquake|p1a: Garganacl
|-supereffective|p1a: Garganacl
|-damage|p1a: Garganacl|46/100
|
|-heal|p1a: Garganacl|52/100|[from] item: Leftovers
|upkeep
|turn|15
|
|t:|1781561572
|move|p2a: Dragonite|Earthquake|p1a: Garganacl
|-supereffective|p1a: Garganacl
|-damage|p1a: Garganacl|3/100
|move|p1a: Garganacl|Salt Cure|p2a: Dragonite
|-supereffective|p2a: Dragonite
|-damage|p2a: Dragonite|65/100
|-start|p2a: Dragonite|Salt Cure
|
|-heal|p1a: Garganacl|9/100|[from] item: Leftovers
|-damage|p2a: Dragonite|53/100|[from] Salt Cure
|upkeep
|turn|16
|
|t:|1781561578
|move|p1a: Garganacl|Protect|p1a: Garganacl
|-singleturn|p1a: Garganacl|Protect
|move|p2a: Dragonite|Earthquake|p1a: Garganacl
|-activate|p1a: Garganacl|move: Protect
|
|-heal|p1a: Garganacl|15/100|[from] item: Leftovers
|-damage|p2a: Dragonite|41/100|[from] Salt Cure
|upkeep
|turn|17
|
|t:|1781561584
|move|p1a: Garganacl|Protect|p1a: Garganacl
|-singleturn|p1a: Garganacl|Protect
|move|p2a: Dragonite|Earthquake|p1a: Garganacl
|-activate|p1a: Garganacl|move: Protect
|
|-heal|p1a: Garganacl|22/100|[from] item: Leftovers
|-damage|p2a: Dragonite|28/100|[from] Salt Cure
|upkeep
|turn|18
|
|t:|1781561589
|move|p2a: Dragonite|Earthquake|p1a: Garganacl
|-supereffective|p1a: Garganacl
|-damage|p1a: Garganacl|0 fnt
|faint|p1a: Garganacl
|
|-damage|p2a: Dragonite|16/100|[from] Salt Cure
|upkeep
|
|t:|1781561590
|switch|p1a: Raging Bolt|Raging Bolt, tera:Fairy|30/100
|turn|19
|
|t:|1781561594
|-end|p1a: Raging Bolt|Protosynthesis|[silent]
|switch|p1a: Slowking|Slowking-Galar, F|55/100
|-terastallize|p2a: Dragonite|Normal
|move|p2a: Dragonite|Extreme Speed|p1a: Slowking
|-damage|p1a: Slowking|22/100
|
|-damage|p2a: Dragonite|4/100|[from] Salt Cure
|upkeep
|turn|20
|
|t:|1781561600
|move|p2a: Dragonite|Roost|p2a: Dragonite
|-heal|p2a: Dragonite|54/100
|-prepare|p1a: Slowking|Chilly Reception|[premajor]
|move|p1a: Slowking|Chilly Reception|p1a: Slowking
|-weather|Snowscape
|
|t:|1781561602
|switch|p1a: Raging Bolt|Raging Bolt, tera:Fairy|30/100|[from] Chilly Reception
|
|-weather|Snowscape|[upkeep]
|-damage|p2a: Dragonite|42/100|[from] Salt Cure
|upkeep
|turn|21
|
|t:|1781561608
|move|p2a: Dragonite|Extreme Speed|p1a: Raging Bolt
|-damage|p1a: Raging Bolt|0 fnt
|faint|p1a: Raging Bolt
|-end|p1a: Raging Bolt|Protosynthesis|[silent]
|
|-weather|Snowscape|[upkeep]
|-damage|p2a: Dragonite|29/100|[from] Salt Cure
|upkeep
|-message|Ctannn forfeited.
|
|win|Klopple
|raw|Ctannn's rating: 1872 &rarr; <strong>1850</strong><br />(-22 for losing)
|raw|Klopple's rating: 1832 &rarr; <strong>1854</strong><br />(+22 for winning)
|l|☆Ctannn
|player|p1|
|l|☆Klopple
|player|p2|
