|j|☆KurisuChestnutLab
|j|☆Ferferella
|t:|1781120996
|gametype|singles
|player|p1|KurisuChestnutLab|may-contest|1609
|player|p2|Ferferella|pokemonbreeder-gen4|1479
|gen|9
|tier|[Gen 9] OU
|rated|
|rule|HP Percentage Mod: HP is shown in percentages
|rule|Endless Battle Clause: Forcing endless battles is banned
|rule|Species Clause: Limit one of each Pokémon
|rule|OHKO Clause: OHKO moves are banned
|rule|Evasion Items Clause: Evasion items are banned
|rule|Evasion Moves Clause: Evasion moves are banned
|rule|Evasion Abilities Clause: Evasion abilities are banned
|rule|Sleep Moves Clause: Sleep-inducing moves are banned
|clearpoke
|poke|p1|Zamazenta-*|
|poke|p1|Zapdos|
|poke|p1|Garganacl, F|
|poke|p1|Clefable, F|
|poke|p1|Samurott-Hisui, M|
|poke|p1|Gholdengo|
|poke|p2|Ceruledge, F|
|poke|p2|Ninetales, M|
|poke|p2|Leavanny, F|
|poke|p2|Great Tusk|
|poke|p2|Slither Wing|
|poke|p2|Walking Wake|
|teampreview
|inactive|Battle timer is ON: inactive players will automatically lose when time's up. (requested by Ferferella)
|inactive|KurisuChestnutLab also wants the timer to be on.
|
|t:|1781121009
|teamsize|p1|6
|teamsize|p2|6
|start
|switch|p1a: Samurott|Samurott-Hisui, M|100/100
|switch|p2a: Ceruledge|Ceruledge, F|100/100
|turn|1
|
|t:|1781121013
|move|p1a: Samurott|Razor Shell|p2a: Ceruledge
|-supereffective|p2a: Ceruledge
|-enditem|p2a: Ceruledge|Focus Sash
|-damage|p2a: Ceruledge|1/100
|-ability|p2a: Ceruledge|Weak Armor|boost
|-unboost|p2a: Ceruledge|def|1
|-boost|p2a: Ceruledge|spe|2
|move|p2a: Ceruledge|Swords Dance|p2a: Ceruledge
|-boost|p2a: Ceruledge|atk|2
|
|upkeep
|turn|2
|
|t:|1781121018
|switch|p1a: Garganacl|Garganacl, F|100/100
|move|p2a: Ceruledge|Bitter Blade|p1a: Garganacl
|-resisted|p1a: Garganacl
|-crit|p1a: Garganacl
|-damage|p1a: Garganacl|46/100
|-heal|p2a: Ceruledge|39/100|[from] drain|[of] p1a: Garganacl
|
|-heal|p1a: Garganacl|52/100|[from] item: Leftovers
|upkeep
|turn|3
|
|t:|1781121023
|-terastallize|p2a: Ceruledge|Grass
|move|p2a: Ceruledge|Bitter Blade|p1a: Garganacl
|-resisted|p1a: Garganacl
|-damage|p1a: Garganacl|18/100
|-heal|p2a: Ceruledge|62/100|[from] drain|[of] p1a: Garganacl
|move|p1a: Garganacl|Salt Cure|p2a: Ceruledge
|-damage|p2a: Ceruledge|34/100
|-start|p2a: Ceruledge|Salt Cure
|-ability|p2a: Ceruledge|Weak Armor|boost
|-unboost|p2a: Ceruledge|def|1
|-boost|p2a: Ceruledge|spe|2
|
|-heal|p1a: Garganacl|24/100|[from] item: Leftovers
|-damage|p2a: Ceruledge|22/100|[from] Salt Cure
|upkeep
|turn|4
|
|t:|1781121033
|move|p2a: Ceruledge|Bitter Blade|p1a: Garganacl
|-resisted|p1a: Garganacl
|-damage|p1a: Garganacl|0 fnt
|-heal|p2a: Ceruledge|38/100|[from] drain|[of] p1a: Garganacl
|faint|p1a: Garganacl
|
|-damage|p2a: Ceruledge|26/100|[from] Salt Cure
|upkeep
|
|t:|1781121038
|switch|p1a: Samurott|Samurott-Hisui, M|100/100
|turn|5
|
|t:|1781121042
|move|p2a: Ceruledge|Shadow Sneak|p1a: Samurott
|-resisted|p1a: Samurott
|-damage|p1a: Samurott|74/100
|move|p1a: Samurott|Sucker Punch||[still]
|-fail|p1a: Samurott
|
|-damage|p2a: Ceruledge|14/100|[from] Salt Cure
|upkeep
|turn|6
|
|t:|1781121048
|move|p1a: Samurott|Sucker Punch|p2a: Ceruledge
|-damage|p2a: Ceruledge|0 fnt
|faint|p2a: Ceruledge
|
|upkeep
|
|t:|1781121050
|switch|p2a: Slither Wing|Slither Wing|100/100
|turn|7
|
|t:|1781121057
|switch|p1a: Clefable|Clefable, F|100/100
|move|p2a: Slither Wing|U-turn|p1a: Clefable
|-resisted|p1a: Clefable
|-damage|p1a: Clefable|76/100
|
|t:|1781121060
|-end|p2a: Slither Wing|Protosynthesis|[silent]
|switch|p2a: Walking Wake|Walking Wake|100/100|[from] U-turn
|
|upkeep
|turn|8
|
|t:|1781121063
|-end|p2a: Walking Wake|Protosynthesis|[silent]
|switch|p2a: Ninetales|Ninetales, M|100/100
|-weather|SunnyDay|[from] ability: Drought|[of] p2a: Ninetales
|move|p1a: Clefable|Moonblast|p2a: Ninetales
|-resisted|p2a: Ninetales
|-damage|p2a: Ninetales|84/100
|
|-weather|SunnyDay|[upkeep]
|upkeep
|turn|9
|
|t:|1781121072
|switch|p2a: Leavanny|Leavanny, F|100/100
|move|p1a: Clefable|Moonlight|p1a: Clefable
|-heal|p1a: Clefable|100/100
|
|-weather|SunnyDay|[upkeep]
|upkeep
|turn|10
|
|t:|1781121079
|move|p2a: Leavanny|Sticky Web|p1a: Clefable
|-sidestart|p1: KurisuChestnutLab|move: Sticky Web
|move|p1a: Clefable|Moonblast|p2a: Leavanny
|-damage|p2a: Leavanny|55/100
|
|-weather|SunnyDay|[upkeep]
|upkeep
|turn|11
|
|t:|1781121085
|move|p2a: Leavanny|Leaf Storm|p1a: Clefable
|-crit|p1a: Clefable
|-damage|p1a: Clefable|43/100
|-unboost|p2a: Leavanny|spa|2
|-enditem|p2a: Leavanny|Eject Pack
|
|t:|1781121087
|switch|p2a: Ninetales|Ninetales, M|84/100
|move|p1a: Clefable|Moonblast|p2a: Ninetales
|-resisted|p2a: Ninetales
|-damage|p2a: Ninetales|68/100
|
|-weather|SunnyDay|[upkeep]
|upkeep
|turn|12
|
|t:|1781121091
|move|p2a: Ninetales|Weather Ball|p1a: Clefable
|-damage|p1a: Clefable|4/100
|move|p1a: Clefable|Moonlight|p1a: Clefable
|-heal|p1a: Clefable|70/100
|
|-weather|SunnyDay|[upkeep]
|upkeep
|turn|13
|
|t:|1781121096
|move|p2a: Ninetales|Encore|p1a: Clefable
|-start|p1a: Clefable|Encore
|move|p1a: Clefable|Moonlight|p1a: Clefable
|-heal|p1a: Clefable|100/100
|
|-weather|SunnyDay|[upkeep]
|upkeep
|turn|14
|
|t:|1781121100
|switch|p2a: Walking Wake|Walking Wake|100/100
|-activate|p2a: Walking Wake|ability: Protosynthesis
|-start|p2a: Walking Wake|protosynthesisspa
|switch|p1a: Samurott|Samurott-Hisui, M|74/100
|-activate|p1a: Samurott|move: Sticky Web
|-unboost|p1a: Samurott|spe|1
|
|-weather|SunnyDay|[upkeep]
|upkeep
|turn|15
|
|t:|1781121111
|-end|p2a: Walking Wake|Protosynthesis|[silent]
|switch|p2a: Slither Wing|Slither Wing|100/100
|-activate|p2a: Slither Wing|ability: Protosynthesis
|-start|p2a: Slither Wing|protosynthesisatk
|move|p1a: Samurott|Sucker Punch||[still]
|-fail|p1a: Samurott
|
|-weather|none
|-end|p2a: Slither Wing|Protosynthesis
|upkeep
|turn|16
|
|t:|1781121116
|switch|p1a: Zamazenta|Zamazenta|100/100
|-activate|p1a: Zamazenta|move: Sticky Web
|-unboost|p1a: Zamazenta|spe|1
|-ability|p1a: Zamazenta|Dauntless Shield|boost
|-boost|p1a: Zamazenta|def|1
|move|p2a: Slither Wing|U-turn|p1a: Zamazenta
|-resisted|p1a: Zamazenta
|-damage|p1a: Zamazenta|83/100
|
|t:|1781121121
|-end|p2a: Slither Wing|Protosynthesis|[silent]
|switch|p2a: Walking Wake|Walking Wake|100/100|[from] U-turn
|
|-heal|p1a: Zamazenta|89/100|[from] item: Leftovers
|upkeep
|turn|17
|
|t:|1781121130
|-end|p2a: Walking Wake|Protosynthesis|[silent]
|switch|p2a: Ninetales|Ninetales, M|68/100
|-weather|SunnyDay|[from] ability: Drought|[of] p2a: Ninetales
|move|p1a: Zamazenta|Body Press|p2a: Ninetales
|-damage|p2a: Ninetales|9/100
|
|-weather|SunnyDay|[upkeep]
|-heal|p1a: Zamazenta|96/100|[from] item: Leftovers
|upkeep
|turn|18
|
|t:|1781121140
|switch|p1a: Zapdos|Zapdos|100/100
|move|p2a: Ninetales|Healing Wish|p2a: Ninetales
|faint|p2a: Ninetales
|
|-weather|SunnyDay|[upkeep]
|upkeep
|
|t:|1781121144
|switch|p2a: Walking Wake|Walking Wake|100/100
|-activate|p2a: Walking Wake|ability: Protosynthesis
|-start|p2a: Walking Wake|protosynthesisspa
|turn|19
|
|t:|1781121150
|switch|p1a: Samurott|Samurott-Hisui, M|74/100
|-activate|p1a: Samurott|move: Sticky Web
|-unboost|p1a: Samurott|spe|1
|move|p2a: Walking Wake|Hydro Steam|p1a: Samurott
|-resisted|p1a: Samurott
|-damage|p1a: Samurott|0 fnt
|faint|p1a: Samurott
|
|-weather|SunnyDay|[upkeep]
|upkeep
|
|t:|1781121158
|switch|p1a: Zamazenta|Zamazenta|96/100
|-activate|p1a: Zamazenta|move: Sticky Web
|-unboost|p1a: Zamazenta|spe|1
|turn|20
|
|t:|1781121161
|move|p2a: Walking Wake|Hydro Steam|p1a: Zamazenta
|-damage|p1a: Zamazenta|0 fnt
|faint|p1a: Zamazenta
|
|-weather|SunnyDay|[upkeep]
|upkeep
|
|t:|1781121165
|switch|p1a: Gholdengo|Gholdengo|100/100
|-activate|p1a: Gholdengo|move: Sticky Web
|-unboost|p1a: Gholdengo|spe|1
|turn|21
|
|t:|1781121168
|switch|p1a: Clefable|Clefable, F|100/100
|move|p2a: Walking Wake|Hydro Steam|p1a: Clefable
|-damage|p1a: Clefable|0 fnt
|faint|p1a: Clefable
|
|-weather|SunnyDay|[upkeep]
|upkeep
|
|t:|1781121175
|switch|p1a: Gholdengo|Gholdengo|100/100
|-activate|p1a: Gholdengo|move: Sticky Web
|-unboost|p1a: Gholdengo|spe|1
|turn|22
|
|t:|1781121178
|-terastallize|p1a: Gholdengo|Flying
|move|p2a: Walking Wake|Hydro Steam|p1a: Gholdengo
|-damage|p1a: Gholdengo|0 fnt
|faint|p1a: Gholdengo
|
|-weather|SunnyDay|[upkeep]
|upkeep
|
|t:|1781121182
|switch|p1a: Zapdos|Zapdos|100/100
|turn|23
|
|t:|1781121188
|move|p2a: Walking Wake|Hydro Steam|p1a: Zapdos
|-damage|p1a: Zapdos|0 fnt
|faint|p1a: Zapdos
|
|win|Ferferella
|raw|KurisuChestnutLab's rating: 1614 &rarr; <strong>1587</strong><br />(-27 for losing)
|raw|Ferferella's rating: 1479 &rarr; <strong>1506</strong><br />(+27 for winning)
