|j|☆KushTheGoat30
|j|☆KurisuChestnutOU
|t:|1781174190
|gametype|singles
|player|p1|KushTheGoat30|volkner|1523
|player|p2|KurisuChestnutOU|may-contest|1551
|gen|9
|tier|[Gen 9] OU
|rated|
|rule|HP Percentage Mod: HP is shown in percentages
|rule|Endless Battle Clause: Forcing endless battles is banned
|rule|Species Clause: Limit one of each Pokémon
|rule|OHKO Clause: OHKO moves are banned
|rule|Evasion Items Clause: Evasion items are banned
|rule|Evasion Moves Clause: Evasion moves are banned
|rule|Evasion Abilities Clause: Evasion abilities are banned
|rule|Sleep Moves Clause: Sleep-inducing moves are banned
|clearpoke
|poke|p1|Slowking-Galar, M|
|poke|p1|Beartic, M|
|poke|p1|Cetitan, M|
|poke|p1|Zamazenta-*|
|poke|p1|Ninetales-Alola, F|
|poke|p1|Kyurem|
|poke|p2|Gliscor, F|
|poke|p2|Dondozo, M|
|poke|p2|Slowking-Galar, M|
|poke|p2|Gholdengo|
|poke|p2|Great Tusk|
|poke|p2|Kingambit, F|
|teampreview
|inactive|Battle timer is ON: inactive players will automatically lose when time's up. (requested by KushTheGoat30)
|inactive|KurisuChestnutOU also wants the timer to be on.
|
|t:|1781174198
|teamsize|p1|6
|teamsize|p2|6
|start
|switch|p1a: Slowking|Slowking-Galar, M|100/100
|switch|p2a: Gholdengo|Gholdengo|100/100
|-item|p2a: Gholdengo|Air Balloon
|turn|1
|
|t:|1781174203
|move|p2a: Gholdengo|Nasty Plot|p2a: Gholdengo
|-boost|p2a: Gholdengo|spa|2
|-prepare|p1a: Slowking|Chilly Reception|[premajor]
|move|p1a: Slowking|Chilly Reception|p1a: Slowking
|-weather|Snowscape
|j| Roadrasher
|
|t:|1781174227
|switch|p1a: Kyurem|Kyurem|100/100|[from] Chilly Reception
|-ability|p1a: Kyurem|Pressure
|
|-weather|Snowscape|[upkeep]
|upkeep
|turn|2
|
|t:|1781174238
|move|p1a: Kyurem|Blizzard|p2a: Gholdengo
|-resisted|p2a: Gholdengo
|-damage|p2a: Gholdengo|54/100
|-status|p2a: Gholdengo|frz
|-enditem|p2a: Gholdengo|Air Balloon
|cant|p2a: Gholdengo|frz
|
|-weather|Snowscape|[upkeep]
|upkeep
|turn|3
|
|t:|1781174242
|move|p1a: Kyurem|Blizzard|p2a: Gholdengo
|-resisted|p2a: Gholdengo
|-damage|p2a: Gholdengo|7/100 frz
|cant|p2a: Gholdengo|frz
|
|-weather|Snowscape|[upkeep]
|upkeep
|turn|4
|
|t:|1781174248
|move|p1a: Kyurem|Blizzard|p2a: Gholdengo
|-resisted|p2a: Gholdengo
|-damage|p2a: Gholdengo|0 fnt
|faint|p2a: Gholdengo
|
|-weather|Snowscape|[upkeep]
|upkeep
|
|t:|1781174252
|switch|p2a: Kingambit|Kingambit, F|100/100
|-activate|p2a: Kingambit|ability: Supreme Overlord
|-start|p2a: Kingambit|fallen1|[silent]
|turn|5
|
|t:|1781174257
|switch|p1a: Zamazenta|Zamazenta, shiny|100/100
|-ability|p1a: Zamazenta|Dauntless Shield|boost
|-boost|p1a: Zamazenta|def|1
|move|p2a: Kingambit|Iron Head|p1a: Zamazenta
|-damage|p1a: Zamazenta|66/100
|
|-weather|Snowscape|[upkeep]
|-heal|p1a: Zamazenta|73/100|[from] item: Leftovers
|upkeep
|turn|6
|
|t:|1781174263
|-end|p2a: Kingambit|fallen1|[silent]
|switch|p2a: Gliscor|Gliscor, F|100/100
|move|p1a: Zamazenta|Iron Defense|p1a: Zamazenta
|-boost|p1a: Zamazenta|def|2
|
|-weather|Snowscape|[upkeep]
|-heal|p1a: Zamazenta|79/100|[from] item: Leftovers
|-status|p2a: Gliscor|tox|[from] item: Toxic Orb
|upkeep
|turn|7
|
|t:|1781174275
|move|p1a: Zamazenta|Body Press|p2a: Gliscor
|-resisted|p2a: Gliscor
|-damage|p2a: Gliscor|79/100 tox
|move|p2a: Gliscor|Spikes|p1a: Zamazenta
|-sidestart|p1: KushTheGoat30|Spikes
|
|-weather|Snowscape|[upkeep]
|-heal|p1a: Zamazenta|85/100|[from] item: Leftovers
|-heal|p2a: Gliscor|92/100 tox|[from] ability: Poison Heal
|upkeep
|turn|8
|
|t:|1781174280
|switch|p1a: Cetitan|Cetitan, M|100/100
|-damage|p1a: Cetitan|88/100|[from] Spikes
|move|p2a: Gliscor|Spikes|p1a: Cetitan
|-sidestart|p1: KushTheGoat30|Spikes
|
|-weather|none
|-heal|p2a: Gliscor|100/100 tox|[from] ability: Poison Heal
|upkeep
|turn|9
|
|t:|1781174284
|move|p1a: Cetitan|Belly Drum|p1a: Cetitan
|-damage|p1a: Cetitan|38/100
|-setboost|p1a: Cetitan|atk|6|[from] move: Belly Drum
|-enditem|p1a: Cetitan|Sitrus Berry|[eat]
|-heal|p1a: Cetitan|63/100|[from] item: Sitrus Berry
|move|p2a: Gliscor|Spikes|p1a: Cetitan
|-sidestart|p1: KushTheGoat30|Spikes
|
|upkeep
|turn|10
|
|t:|1781174288
|switch|p2a: Dondozo|Dondozo, M|100/100
|move|p1a: Cetitan|Ice Shard|p2a: Dondozo
|-resisted|p2a: Dondozo
|-damage|p2a: Dondozo|96/100
|
|-heal|p2a: Dondozo|100/100|[from] item: Leftovers
|upkeep
|turn|11
|
|t:|1781174292
|move|p1a: Cetitan|Knock Off|p2a: Dondozo
|-damage|p2a: Dondozo|87/100
|-enditem|p2a: Dondozo|Leftovers|[from] move: Knock Off|[of] p1a: Cetitan
|move|p2a: Dondozo|Wave Crash|p1a: Cetitan
|-damage|p1a: Cetitan|25/100
|-damage|p2a: Dondozo|75/100|[from] Recoil
|
|upkeep
|turn|12
|
|t:|1781174298
|move|p1a: Cetitan|Earthquake|p2a: Dondozo
|-damage|p2a: Dondozo|58/100
|move|p2a: Dondozo|Body Press|p1a: Cetitan
|-supereffective|p1a: Cetitan
|-damage|p1a: Cetitan|0 fnt
|faint|p1a: Cetitan
|
|upkeep
|
|t:|1781174302
|switch|p1a: Kyurem|Kyurem|100/100
|-damage|p1a: Kyurem|75/100|[from] Spikes
|-ability|p1a: Kyurem|Pressure
|turn|13
|
|t:|1781174309
|switch|p2a: Slowking|Slowking-Galar, M|100/100
|move|p1a: Kyurem|Freeze-Dry|p2a: Slowking
|-damage|p2a: Slowking|79/100
|
|upkeep
|turn|14
|
|t:|1781174316
|switch|p1a: Ninetales|Ninetales-Alola, F|100/100
|-damage|p1a: Ninetales|76/100|[from] Spikes
|-weather|Snowscape|[from] ability: Snow Warning|[of] p1a: Ninetales
|move|p2a: Slowking|Sludge Bomb|p1a: Ninetales
|-supereffective|p1a: Ninetales
|-damage|p1a: Ninetales|9/100
|-status|p1a: Ninetales|psn
|
|-weather|Snowscape|[upkeep]
|-damage|p1a: Ninetales|0 fnt|[from] psn
|faint|p1a: Ninetales
|upkeep
|
|t:|1781174331
|switch|p1a: Beartic|Beartic, M|100/100
|-damage|p1a: Beartic|75/100|[from] Spikes
|turn|15
|
|t:|1781174337
|switch|p2a: Dondozo|Dondozo, M|58/100
|move|p1a: Beartic|Swords Dance|p1a: Beartic
|-boost|p1a: Beartic|atk|2
|
|-weather|Snowscape|[upkeep]
|upkeep
|turn|16
|
|t:|1781174342
|move|p1a: Beartic|Earthquake|p2a: Dondozo
|-damage|p2a: Dondozo|42/100
|move|p2a: Dondozo|Body Press|p1a: Beartic
|-supereffective|p1a: Beartic
|-damage|p1a: Beartic|29/100
|
|-weather|Snowscape|[upkeep]
|upkeep
|turn|17
|
|t:|1781174348
|move|p1a: Beartic|Close Combat|p2a: Dondozo
|-damage|p2a: Dondozo|25/100
|-unboost|p1a: Beartic|def|1
|-unboost|p1a: Beartic|spd|1
|move|p2a: Dondozo|Body Press|p1a: Beartic
|-supereffective|p1a: Beartic
|-damage|p1a: Beartic|0 fnt
|faint|p1a: Beartic
|
|-weather|Snowscape|[upkeep]
|upkeep
|j| BiscoitoXDBr
|j| invmenot
|
|t:|1781174358
|switch|p1a: Zamazenta|Zamazenta, shiny|85/100
|-damage|p1a: Zamazenta|60/100|[from] Spikes
|turn|18
|
|t:|1781174363
|move|p1a: Zamazenta|Iron Defense|p1a: Zamazenta
|-boost|p1a: Zamazenta|def|2
|move|p2a: Dondozo|Rest|p2a: Dondozo
|-status|p2a: Dondozo|slp|[from] move: Rest
|-heal|p2a: Dondozo|100/100 slp|[silent]
|
|-weather|Snowscape|[upkeep]
|-heal|p1a: Zamazenta|66/100|[from] item: Leftovers
|upkeep
|turn|19
|
|t:|1781174367
|move|p1a: Zamazenta|Iron Defense|p1a: Zamazenta
|-boost|p1a: Zamazenta|def|2
|cant|p2a: Dondozo|slp
|move|p2a: Dondozo|Sleep Talk|p2a: Dondozo
|move|p2a: Dondozo|Body Press|p1a: Zamazenta|[from] move: Sleep Talk
|-damage|p1a: Zamazenta|38/100
|
|-weather|Snowscape|[upkeep]
|-heal|p1a: Zamazenta|44/100|[from] item: Leftovers
|upkeep
|turn|20
|
|t:|1781174371
|move|p1a: Zamazenta|Iron Defense|p1a: Zamazenta
|-boost|p1a: Zamazenta|def|2
|cant|p2a: Dondozo|slp
|move|p2a: Dondozo|Sleep Talk|p2a: Dondozo
|move|p2a: Dondozo|Rest||[from] move: Sleep Talk|[still]
|-fail|p2a: Dondozo
|
|-weather|Snowscape|[upkeep]
|-heal|p1a: Zamazenta|50/100|[from] item: Leftovers
|upkeep
|turn|21
|
|t:|1781174375
|move|p1a: Zamazenta|Body Press|p2a: Dondozo
|-damage|p2a: Dondozo|88/100 slp
|-curestatus|p2a: Dondozo|slp|[msg]
|move|p2a: Dondozo|Body Press|p1a: Zamazenta
|-damage|p1a: Zamazenta|23/100
|
|-weather|none
|-heal|p1a: Zamazenta|29/100|[from] item: Leftovers
|upkeep
|turn|22
|
|t:|1781174379
|move|p1a: Zamazenta|Crunch|p2a: Dondozo
|-damage|p2a: Dondozo|76/100
|move|p2a: Dondozo|Wave Crash|p1a: Zamazenta
|-damage|p1a: Zamazenta|0 fnt
|faint|p1a: Zamazenta
|-damage|p2a: Dondozo|70/100|[from] Recoil
|
|upkeep
|
|t:|1781174382
|switch|p1a: Kyurem|Kyurem|75/100
|-damage|p1a: Kyurem|50/100|[from] Spikes
|-ability|p1a: Kyurem|Pressure
|turn|23
|
|t:|1781174387
|move|p1a: Kyurem|Earth Power|p2a: Dondozo
|-damage|p2a: Dondozo|26/100
|-unboost|p2a: Dondozo|spd|1
|move|p2a: Dondozo|Body Press|p1a: Kyurem
|-supereffective|p1a: Kyurem
|-damage|p1a: Kyurem|0 fnt
|faint|p1a: Kyurem
|
|upkeep
|
|t:|1781174390
|switch|p1a: Slowking|Slowking-Galar, M|100/100
|-damage|p1a: Slowking|76/100|[from] Spikes
|turn|24
|
|t:|1781174396
|move|p2a: Dondozo|Wave Crash|p1a: Slowking
|-damage|p1a: Slowking|30/100
|-damage|p2a: Dondozo|15/100|[from] Recoil
|move|p1a: Slowking|Sludge Bomb|p2a: Dondozo
|-damage|p2a: Dondozo|0 fnt
|faint|p2a: Dondozo
|
|upkeep
|
|t:|1781174403
|switch|p2a: Gliscor|Gliscor, F|100/100 tox
|turn|25
|
|t:|1781174407
|move|p2a: Gliscor|Earthquake|p1a: Slowking
|-supereffective|p1a: Slowking
|-damage|p1a: Slowking|0 fnt
|faint|p1a: Slowking
|
|win|KurisuChestnutOU
|raw|KushTheGoat30's rating: 1523 &rarr; <strong>1502</strong><br />(-21 for losing)
|raw|KurisuChestnutOU's rating: 1510 &rarr; <strong>1531</strong><br />(+21 for winning)
|l|☆KushTheGoat30
|player|p1|
