|j|☆erjuanzas
|j|☆li dream
|t:|1781088881
|gametype|singles
|player|p1|erjuanzas|linebacker|1539
|player|p2|li dream|cynthia|1617
|gen|9
|tier|[Gen 9] OU
|rated|
|rule|HP Percentage Mod: HP is shown in percentages
|rule|Endless Battle Clause: Forcing endless battles is banned
|rule|Species Clause: Limit one of each Pokémon
|rule|OHKO Clause: OHKO moves are banned
|rule|Evasion Items Clause: Evasion items are banned
|rule|Evasion Moves Clause: Evasion moves are banned
|rule|Evasion Abilities Clause: Evasion abilities are banned
|rule|Sleep Moves Clause: Sleep-inducing moves are banned
|clearpoke
|poke|p1|Pelipper, M|
|poke|p1|Overqwil, F|
|poke|p1|Barraskewda, M|
|poke|p1|Raging Bolt|
|poke|p1|Iron Treads|
|poke|p1|Kingambit, M|
|poke|p2|Manaphy|
|poke|p2|Gliscor, F|
|poke|p2|Hatterene, F|
|poke|p2|Ogerpon-Wellspring, F|
|poke|p2|Raging Bolt|
|poke|p2|Zamazenta-*|
|teampreview
|inactive|Battle timer is ON: inactive players will automatically lose when time's up. (requested by li dream)
|inactive|li dream has 120 seconds left.
|
|t:|1781088924
|teamsize|p1|6
|teamsize|p2|6
|start
|switch|p1a: Pelipas|Pelipper, M, shiny|100/100
|switch|p2a: Raging Bolt|Raging Bolt|100/100
|-weather|RainDance|[from] ability: Drizzle|[of] p1a: Pelipas
|-enditem|p2a: Raging Bolt|Booster Energy
|-activate|p2a: Raging Bolt|ability: Protosynthesis|[fromitem]
|-start|p2a: Raging Bolt|protosynthesisspa
|turn|1
|
|t:|1781088936
|-end|p2a: Raging Bolt|Protosynthesis|[silent]
|switch|p2a: Manaphy|Manaphy|100/100
|switch|p1a: Iron Treads|Iron Treads|100/100
|-enditem|p1a: Iron Treads|Booster Energy
|-activate|p1a: Iron Treads|ability: Quark Drive|[fromitem]
|-start|p1a: Iron Treads|quarkdrivespe
|
|-weather|RainDance|[upkeep]
|upkeep
|turn|2
|
|t:|1781088955
|-end|p1a: Iron Treads|Quark Drive|[silent]
|switch|p1a: Raging Bolt|Raging Bolt|100/100
|-enditem|p1a: Raging Bolt|Booster Energy
|-activate|p1a: Raging Bolt|ability: Protosynthesis|[fromitem]
|-start|p1a: Raging Bolt|protosynthesisspa
|switch|p2a: Zamazenta|Zamazenta|100/100
|-ability|p2a: Zamazenta|Dauntless Shield|boost
|-boost|p2a: Zamazenta|def|1
|
|-weather|RainDance|[upkeep]
|upkeep
|turn|3
|
|t:|1781088962
|move|p2a: Zamazenta|Light Screen|p2a: Zamazenta
|-sidestart|p2: li dream|move: Light Screen
|move|p1a: Raging Bolt|Thunder|p2a: Zamazenta
|-crit|p2a: Zamazenta
|-damage|p2a: Zamazenta|0 fnt
|faint|p2a: Zamazenta
|
|-weather|RainDance|[upkeep]
|upkeep
|
|t:|1781088979
|switch|p2a: Gliscor|Gliscor, F|100/100
|turn|4
|
|t:|1781088986
|-end|p1a: Raging Bolt|Protosynthesis|[silent]
|switch|p1a: Pelipas|Pelipper, M, shiny|100/100
|move|p2a: Gliscor|Earthquake|p1a: Pelipas
|-immune|p1a: Pelipas
|
|-weather|RainDance|[upkeep]
|-status|p2a: Gliscor|tox|[from] item: Toxic Orb
|upkeep
|turn|5
|
|t:|1781088994
|switch|p2a: Raging Bolt|Raging Bolt|100/100
|move|p1a: Pelipas|U-turn|p2a: Raging Bolt
|-damage|p2a: Raging Bolt|92/100
|
|t:|1781088999
|switch|p1a: Iron Treads|Iron Treads|100/100|[from] U-turn
|
|-weather|RainDance|[upkeep]
|upkeep
|turn|6
|
|t:|1781089003
|-end|p2a: Raging Bolt|Protosynthesis|[silent]
|switch|p2a: Manaphy|Manaphy|100/100
|move|p1a: Iron Treads|Stealth Rock|p2a: Manaphy
|-sidestart|p2: li dream|move: Stealth Rock
|
|-weather|RainDance|[upkeep]
|upkeep
|turn|7
|
|t:|1781089008
|-end|p1a: Iron Treads|Quark Drive|[silent]
|switch|p1a: Raging Bolt|Raging Bolt|100/100
|move|p2a: Manaphy|Acid Armor|p2a: Manaphy
|-boost|p2a: Manaphy|def|2
|
|-weather|RainDance|[upkeep]
|upkeep
|turn|8
|
|t:|1781089012
|-terastallize|p2a: Manaphy|Poison
|move|p2a: Manaphy|Take Heart|p2a: Manaphy
|-boost|p2a: Manaphy|spa|1
|-boost|p2a: Manaphy|spd|1
|move|p1a: Raging Bolt|Thunder|p2a: Manaphy
|-damage|p2a: Manaphy|81/100
|-status|p2a: Manaphy|par
|
|-weather|none
|-heal|p2a: Manaphy|87/100 par|[from] item: Leftovers
|upkeep
|turn|9
|
|t:|1781089023
|-end|p1a: Raging Bolt|Protosynthesis|[silent]
|switch|p1a: Pelipas|Pelipper, M, shiny|100/100
|-weather|RainDance|[from] ability: Drizzle|[of] p1a: Pelipas
|move|p2a: Manaphy|Take Heart|p2a: Manaphy
|-boost|p2a: Manaphy|spa|1
|-boost|p2a: Manaphy|spd|1
|-curestatus|p2a: Manaphy|par|[msg]
|
|-weather|RainDance|[upkeep]
|-heal|p2a: Manaphy|93/100|[from] item: Leftovers
|upkeep
|turn|10
|
|t:|1781089026
|move|p2a: Manaphy|Acid Armor|p2a: Manaphy
|-boost|p2a: Manaphy|def|2
|move|p1a: Pelipas|U-turn|p2a: Manaphy
|-resisted|p2a: Manaphy
|-damage|p2a: Manaphy|92/100
|
|t:|1781089031
|switch|p1a: Kingambit|Kingambit, M|100/100|[from] U-turn
|
|-weather|RainDance|[upkeep]
|-heal|p2a: Manaphy|98/100|[from] item: Leftovers
|-sideend|p2: li dream|move: Light Screen
|upkeep
|turn|11
|
|t:|1781089035
|move|p2a: Manaphy|Scald|p1a: Kingambit
|-damage|p1a: Kingambit|15/100
|move|p1a: Kingambit|Kowtow Cleave|p2a: Manaphy
|-damage|p2a: Manaphy|84/100
|
|-weather|RainDance|[upkeep]
|-heal|p2a: Manaphy|91/100|[from] item: Leftovers
|-heal|p1a: Kingambit|21/100|[from] item: Leftovers
|upkeep
|turn|12
|
|t:|1781089043
|move|p1a: Kingambit|Sucker Punch|p2a: Manaphy
|-damage|p2a: Manaphy|80/100
|move|p2a: Manaphy|Scald|p1a: Kingambit
|-damage|p1a: Kingambit|0 fnt
|faint|p1a: Kingambit
|-end|p1a: Kingambit|fallenundefined|[silent]
|
|-weather|RainDance|[upkeep]
|-heal|p2a: Manaphy|86/100|[from] item: Leftovers
|upkeep
|
|t:|1781089052
|switch|p1a: La Cabra|Barraskewda, M|100/100
|turn|13
|
|t:|1781089055
|-terastallize|p1a: La Cabra|Water
|move|p1a: La Cabra|Flip Turn|p2a: Manaphy
|-damage|p2a: Manaphy|61/100
|
|t:|1781089063
|switch|p1a: Iron Treads|Iron Treads|100/100|[from] Flip Turn
|move|p2a: Manaphy|Stored Power|p1a: Iron Treads
|-resisted|p1a: Iron Treads
|-damage|p1a: Iron Treads|43/100
|
|-weather|RainDance|[upkeep]
|-heal|p2a: Manaphy|67/100|[from] item: Leftovers
|upkeep
|turn|14
|
|t:|1781089066
|move|p2a: Manaphy|Scald|p1a: Iron Treads
|-supereffective|p1a: Iron Treads
|-damage|p1a: Iron Treads|0 fnt
|faint|p1a: Iron Treads
|-end|p1a: Iron Treads|Quark Drive|[silent]
|
|-weather|RainDance|[upkeep]
|-heal|p2a: Manaphy|74/100|[from] item: Leftovers
|upkeep
|
|t:|1781089073
|switch|p1a: La Cabra|Barraskewda, M, tera:Water|100/100
|turn|15
|
|t:|1781089074
|move|p1a: La Cabra|Flip Turn|p2a: Manaphy
|-damage|p2a: Manaphy|48/100
|
|t:|1781089077
|switch|p1a: Overqwil|Overqwil, F|100/100|[from] Flip Turn
|move|p2a: Manaphy|Scald|p1a: Overqwil
|-damage|p1a: Overqwil|0 fnt
|faint|p1a: Overqwil
|
|-weather|RainDance|[upkeep]
|-heal|p2a: Manaphy|54/100|[from] item: Leftovers
|upkeep
|
|t:|1781089082
|switch|p1a: La Cabra|Barraskewda, M, tera:Water|100/100
|turn|16
|
|t:|1781089086
|move|p1a: La Cabra|Liquidation|p2a: Manaphy
|-damage|p2a: Manaphy|16/100
|-unboost|p2a: Manaphy|def|1
|move|p2a: Manaphy|Scald|p1a: La Cabra
|-resisted|p1a: La Cabra
|-damage|p1a: La Cabra|4/100
|-status|p1a: La Cabra|brn
|
|-weather|none
|-heal|p2a: Manaphy|23/100|[from] item: Leftovers
|-damage|p1a: La Cabra|0 fnt|[from] brn
|faint|p1a: La Cabra
|upkeep
|-message|erjuanzas forfeited.
|
|win|li dream
|raw|erjuanzas's rating: 1539 &rarr; <strong>1523</strong><br />(-16 for losing)
|raw|li dream's rating: 1617 &rarr; <strong>1633</strong><br />(+16 for winning)
|l|☆erjuanzas
|player|p1|
|l|☆li dream
|player|p2|
