|j|☆lianxiaonian
|j|☆fantominus83
|t:|1780983927
|gametype|singles
|player|p1|lianxiaonian|169|1677
|player|p2|fantominus83|grimsley|1645
|gen|9
|tier|[Gen 9] OU
|rated|
|rule|HP Percentage Mod: HP is shown in percentages
|rule|Endless Battle Clause: Forcing endless battles is banned
|rule|Species Clause: Limit one of each Pokémon
|rule|OHKO Clause: OHKO moves are banned
|rule|Evasion Items Clause: Evasion items are banned
|rule|Evasion Moves Clause: Evasion moves are banned
|rule|Evasion Abilities Clause: Evasion abilities are banned
|rule|Sleep Moves Clause: Sleep-inducing moves are banned
|clearpoke
|poke|p1|Talonflame, M|
|poke|p1|Pelipper, F|
|poke|p1|Hatterene, F|
|poke|p1|Raging Bolt|
|poke|p1|Barraskewda, M|
|poke|p1|Iron Treads|
|poke|p2|Great Tusk|
|poke|p2|Hatterene, F|
|poke|p2|Ceruledge, F|
|poke|p2|Iron Crown|
|poke|p2|Manaphy|
|poke|p2|Ninetales-Alola, F|
|teampreview
|inactive|Battle timer is ON: inactive players will automatically lose when time's up. (requested by lianxiaonian)
|
|t:|1780983949
|teamsize|p1|6
|teamsize|p2|6
|start
|switch|p1a: Pelipper|Pelipper, F, shiny|100/100
|switch|p2a: Manaphy|Manaphy|100/100
|-weather|RainDance|[from] ability: Drizzle|[of] p1a: Pelipper
|turn|1
|
|t:|1780983952
|switch|p2a: Ninetales|Ninetales-Alola, F|100/100
|-weather|Snowscape|[from] ability: Snow Warning|[of] p2a: Ninetales
|move|p1a: Pelipper|U-turn|p2a: Ninetales
|-resisted|p2a: Ninetales
|-damage|p2a: Ninetales|96/100
|
|t:|1780983957
|switch|p1a: 工具象|Iron Treads|100/100|[from] U-turn
|-item|p1a: 工具象|Air Balloon
|
|-weather|Snowscape|[upkeep]
|upkeep
|turn|2
|
|t:|1780983964
|move|p2a: Ninetales|Aurora Veil|p2a: Ninetales
|-sidestart|p2: fantominus83|move: Aurora Veil
|move|p1a: 工具象|Earthquake|p2a: Ninetales
|-damage|p2a: Ninetales|77/100
|
|-weather|Snowscape|[upkeep]
|upkeep
|turn|3
|
|t:|1780983968
|switch|p2a: Manaphy|Manaphy|100/100
|move|p1a: 工具象|Earthquake|p2a: Manaphy
|-damage|p2a: Manaphy|76/100
|
|-weather|Snowscape|[upkeep]
|-heal|p2a: Manaphy|82/100|[from] item: Leftovers
|upkeep
|turn|4
|
|t:|1780983972
|-end|p1a: 工具象|Quark Drive|[silent]
|switch|p1a: Pelipper|Pelipper, F, shiny|100/100
|-weather|RainDance|[from] ability: Drizzle|[of] p1a: Pelipper
|move|p2a: Manaphy|Tail Glow|p2a: Manaphy
|-boost|p2a: Manaphy|spa|3
|
|-weather|RainDance|[upkeep]
|-heal|p2a: Manaphy|88/100|[from] item: Leftovers
|upkeep
|turn|5
|
|t:|1780983975
|switch|p1a: 工具帽|Hatterene, F, shiny|100/100
|move|p2a: Manaphy|Substitute|p2a: Manaphy
|-start|p2a: Manaphy|Substitute
|-damage|p2a: Manaphy|63/100
|
|-weather|RainDance|[upkeep]
|-heal|p2a: Manaphy|69/100|[from] item: Leftovers
|upkeep
|turn|6
|
|t:|1780983978
|move|p2a: Manaphy|Surf|p1a: 工具帽
|-damage|p1a: 工具帽|0 fnt
|faint|p1a: 工具帽
|
|-weather|RainDance|[upkeep]
|-heal|p2a: Manaphy|75/100|[from] item: Leftovers
|upkeep
|
|t:|1780983981
|switch|p1a: 雷电士兵|Raging Bolt|100/100
|turn|7
|
|t:|1780983986
|move|p1a: 雷电士兵|Thunderclap|p2a: Manaphy
|-supereffective|p2a: Manaphy
|-end|p2a: Manaphy|Substitute
|move|p2a: Manaphy|Alluring Voice|p1a: 雷电士兵
|-supereffective|p1a: 雷电士兵
|-crit|p1a: 雷电士兵
|-damage|p1a: 雷电士兵|0 fnt
|faint|p1a: 雷电士兵
|-end|p1a: 雷电士兵|Protosynthesis|[silent]
|
|-weather|RainDance|[upkeep]
|-heal|p2a: Manaphy|81/100|[from] item: Leftovers
|upkeep
|j| liechiteladihul
|
|t:|1780983991
|switch|p1a: 最快的男人|Barraskewda, M, shiny|100/100
|turn|8
|
|t:|1780983994
|move|p1a: 最快的男人|Flip Turn|p2a: Manaphy
|-resisted|p2a: Manaphy
|-damage|p2a: Manaphy|64/100
|
|t:|1780983997
|switch|p1a: 工具象|Iron Treads|100/100|[from] Flip Turn
|-item|p1a: 工具象|Air Balloon
|move|p2a: Manaphy|Surf|p1a: 工具象
|-supereffective|p1a: 工具象
|-damage|p1a: 工具象|0 fnt
|-enditem|p1a: 工具象|Air Balloon
|faint|p1a: 工具象
|-end|p1a: 工具象|Quark Drive|[silent]
|
|-weather|RainDance|[upkeep]
|-heal|p2a: Manaphy|70/100|[from] item: Leftovers
|upkeep
|
|t:|1780984000
|switch|p1a: 疾风之翼！|Talonflame, M, shiny|100/100
|turn|9
|
|t:|1780984001
|-terastallize|p1a: 疾风之翼！|Flying
|move|p1a: 疾风之翼！|Hurricane|p2a: Manaphy
|-damage|p2a: Manaphy|25/100
|move|p2a: Manaphy|Surf|p1a: 疾风之翼！
|-damage|p1a: 疾风之翼！|0 fnt
|faint|p1a: 疾风之翼！
|
|-weather|RainDance|[upkeep]
|-heal|p2a: Manaphy|31/100|[from] item: Leftovers
|-sideend|p2: fantominus83|move: Aurora Veil
|upkeep
|
|t:|1780984009
|switch|p1a: 最快的男人|Barraskewda, M, shiny|100/100
|turn|10
|
|t:|1780984011
|move|p1a: 最快的男人|Liquidation|p2a: Manaphy
|-resisted|p2a: Manaphy
|-damage|p2a: Manaphy|0 fnt
|faint|p2a: Manaphy
|
|-weather|RainDance|[upkeep]
|upkeep
|
|t:|1780984013
|switch|p2a: Ninetales|Ninetales-Alola, F|77/100
|-weather|Snowscape|[from] ability: Snow Warning|[of] p2a: Ninetales
|turn|11
|l|☆lianxiaonian
|inactive|lianxiaonian disconnected and has a minute to reconnect!
|player|p1|
|j| gdrghdfhdt
|l| liechiteladihul
|inactive|lianxiaonian has 30 seconds to reconnect!
|inactive|lianxiaonian has 20 seconds to reconnect!
|inactive|lianxiaonian has 15 seconds to reconnect!
|c|☆fantominus83|gg
|inactive|lianxiaonian has 10 seconds to reconnect!
|inactive|lianxiaonian has 5 seconds to reconnect!
|-message|lianxiaonian lost due to inactivity.
|
|win|fantominus83
|raw|lianxiaonian's rating: 1677 &rarr; <strong>1655</strong><br />(-22 for losing)
|raw|fantominus83's rating: 1645 &rarr; <strong>1667</strong><br />(+22 for winning)
|j|☆lianxiaonian
|player|p1|lianxiaonian|169|
|l|☆fantominus83
|player|p2|
|l|☆lianxiaonian
|player|p1|
