|j|☆Roseofrosarade
|j|☆SupermanIsSerbian
|t:|1781563607
|gametype|singles
|player|p1|Roseofrosarade|170|1610
|player|p2|SupermanIsSerbian|2|1622
|gen|9
|tier|[Gen 9] OU
|rated|
|rule|HP Percentage Mod: HP is shown in percentages
|rule|Endless Battle Clause: Forcing endless battles is banned
|rule|Species Clause: Limit one of each Pokémon
|rule|OHKO Clause: OHKO moves are banned
|rule|Evasion Items Clause: Evasion items are banned
|rule|Evasion Moves Clause: Evasion moves are banned
|rule|Evasion Abilities Clause: Evasion abilities are banned
|rule|Sleep Moves Clause: Sleep-inducing moves are banned
|clearpoke
|poke|p1|Rotom-Wash|
|poke|p1|Landorus-Therian, M|
|poke|p1|Gholdengo|
|poke|p1|Meowscarada, F|
|poke|p1|Glimmora, F|
|poke|p1|Iron Valiant|
|poke|p2|Blaziken, M|
|poke|p2|Ninetales, F|
|poke|p2|Walking Wake|
|poke|p2|Great Tusk|
|poke|p2|Slowking-Galar, F|
|poke|p2|Moltres|
|teampreview
|inactive|Battle timer is ON: inactive players will automatically lose when time's up. (requested by SupermanIsSerbian)
|
|t:|1781563620
|teamsize|p1|6
|teamsize|p2|6
|start
|switch|p1a: Meowscarada|Meowscarada, F|100/100
|switch|p2a: Greek Boi|Great Tusk|100/100
|turn|1
|j| Puyu paz
|
|t:|1781563629
|switch|p1a: Glimmora|Glimmora, F|100/100
|-end|p2a: Greek Boi|Protosynthesis|[silent]
|switch|p2a: AlbanianManSinger|Moltres|100/100
|
|upkeep
|turn|2
|
|t:|1781563635
|switch|p2a: Greek Boi|Great Tusk|100/100
|move|p1a: Glimmora|Meteor Beam||[still]
|-prepare|p1a: Glimmora|Meteor Beam
|-boost|p1a: Glimmora|spa|1
|-enditem|p1a: Glimmora|Power Herb
|-anim|p1a: Glimmora|Meteor Beam|p2a: Greek Boi
|-resisted|p2a: Greek Boi
|-damage|p2a: Greek Boi|67/100
|
|upkeep
|turn|3
|
|t:|1781563647
|switch|p1a: Landorus|Landorus-Therian, M|100/100
|-ability|p1a: Landorus|Intimidate|boost
|-unboost|p2a: Greek Boi|atk|1
|move|p2a: Greek Boi|Headlong Rush|p1a: Landorus
|-immune|p1a: Landorus
|
|upkeep
|turn|4
|
|t:|1781563653
|move|p1a: Landorus|Stealth Rock|p2a: Greek Boi
|-sidestart|p2: SupermanIsSerbian|move: Stealth Rock
|move|p2a: Greek Boi|Stealth Rock|p1a: Landorus
|-sidestart|p1: Roseofrosarade|move: Stealth Rock
|
|upkeep
|turn|5
|j| nepturee
|
|t:|1781563665
|move|p1a: Landorus|Earthquake|p2a: Greek Boi
|-damage|p2a: Greek Boi|36/100
|move|p2a: Greek Boi|Ice Spinner|p1a: Landorus
|-supereffective|p1a: Landorus
|-damage|p1a: Landorus|28/100
|-damage|p2a: Greek Boi|19/100|[from] item: Rocky Helmet|[of] p1a: Landorus
|
|upkeep
|turn|6
|
|t:|1781563671
|move|p1a: Landorus|Earthquake|p2a: Greek Boi
|-damage|p2a: Greek Boi|0 fnt
|faint|p2a: Greek Boi
|-end|p2a: Greek Boi|Protosynthesis|[silent]
|
|upkeep
|
|t:|1781563676
|switch|p2a: TheEvilOfCroatia|Ninetales, F|100/100
|-damage|p2a: TheEvilOfCroatia|76/100|[from] Stealth Rock
|-weather|SunnyDay|[from] ability: Drought|[of] p2a: TheEvilOfCroatia
|turn|7
|j| Atarialex
|
|t:|1781563681
|switch|p1a: Glimmora|Glimmora, F|100/100
|-damage|p1a: Glimmora|88/100|[from] Stealth Rock
|move|p2a: TheEvilOfCroatia|Weather Ball|p1a: Glimmora
|-resisted|p1a: Glimmora
|-damage|p1a: Glimmora|59/100
|
|-weather|SunnyDay|[upkeep]
|upkeep
|turn|8
|
|t:|1781563696
|switch|p2a: Planet Romania|Slowking-Galar, F|100/100
|-damage|p2a: Planet Romania|88/100|[from] Stealth Rock
|move|p1a: Glimmora|Mortal Spin|p2a: Planet Romania
|-resisted|p2a: Planet Romania
|-damage|p2a: Planet Romania|85/100
|-sideend|p1: Roseofrosarade|Stealth Rock|[from] move: Mortal Spin|[of] p1a: Glimmora
|
|-weather|SunnyDay|[upkeep]
|upkeep
|turn|9
|
|t:|1781563704
|move|p1a: Glimmora|Spikes|p2a: Planet Romania
|-sidestart|p2: SupermanIsSerbian|Spikes
|move|p2a: Planet Romania|Future Sight|p1a: Glimmora
|-start|p2a: Planet Romania|move: Future Sight
|
|-weather|SunnyDay|[upkeep]
|upkeep
|turn|10
|
|t:|1781563713
|move|p1a: Glimmora|Spikes|p2a: Planet Romania
|-sidestart|p2: SupermanIsSerbian|Spikes
|move|p2a: Planet Romania|Flamethrower|p1a: Glimmora
|-resisted|p1a: Glimmora
|-damage|p1a: Glimmora|34/100
|
|-weather|SunnyDay|[upkeep]
|upkeep
|turn|11
|
|t:|1781563719
|move|p1a: Glimmora|Spikes|p2a: Planet Romania
|-sidestart|p2: SupermanIsSerbian|Spikes
|move|p2a: Planet Romania|Flamethrower|p1a: Glimmora
|-resisted|p1a: Glimmora
|-damage|p1a: Glimmora|7/100
|
|-weather|SunnyDay|[upkeep]
|-end|p1a: Glimmora|move: Future Sight
|-supereffective|p1a: Glimmora
|-damage|p1a: Glimmora|0 fnt
|faint|p1a: Glimmora
|upkeep
|
|t:|1781563725
|switch|p1a: Meowscarada|Meowscarada, F|100/100
|turn|12
|
|t:|1781563737
|switch|p2a: AlbanianManSinger|Moltres|100/100
|-damage|p2a: AlbanianManSinger|51/100|[from] Stealth Rock
|move|p1a: Meowscarada|Knock Off|p2a: AlbanianManSinger
|-start|p1a: Meowscarada|typechange|Dark|[from] ability: Protean
|-damage|p2a: AlbanianManSinger|21/100
|
|-weather|SunnyDay|[upkeep]
|upkeep
|turn|13
|
|t:|1781563747
|move|p1a: Meowscarada|Knock Off|p2a: AlbanianManSinger
|-damage|p2a: AlbanianManSinger|0 fnt
|-status|p1a: Meowscarada|brn|[from] ability: Flame Body|[of] p2a: AlbanianManSinger
|faint|p2a: AlbanianManSinger
|
|-weather|SunnyDay|[upkeep]
|-damage|p1a: Meowscarada|94/100 brn|[from] brn
|upkeep
|
|t:|1781563756
|switch|p2a: TheBosnian|Blaziken, M|100/100
|-damage|p2a: TheBosnian|88/100|[from] Stealth Rock
|-damage|p2a: TheBosnian|63/100|[from] Spikes
|turn|14
|
|t:|1781563759
|switch|p1a: Iron Valiant|Iron Valiant|100/100
|-enditem|p1a: Iron Valiant|Booster Energy
|-activate|p1a: Iron Valiant|ability: Quark Drive|[fromitem]
|-start|p1a: Iron Valiant|quarkdrivespe
|move|p2a: TheBosnian|Swords Dance|p2a: TheBosnian
|-boost|p2a: TheBosnian|atk|2
|
|-weather|none
|-ability|p2a: TheBosnian|Speed Boost|boost
|-boost|p2a: TheBosnian|spe|1
|upkeep
|turn|15
|
|t:|1781563769
|move|p1a: Iron Valiant|Psyshock|p2a: TheBosnian
|-supereffective|p2a: TheBosnian
|-damage|p2a: TheBosnian|0 fnt
|faint|p2a: TheBosnian
|
|upkeep
|
|t:|1781563772
|switch|p2a: Planet Romania|Slowking-Galar, F|100/100
|-damage|p2a: Planet Romania|88/100|[from] Stealth Rock
|-damage|p2a: Planet Romania|63/100|[from] Spikes
|turn|16
|
|t:|1781563786
|-terastallize|p1a: Iron Valiant|Steel
|move|p1a: Iron Valiant|Shadow Ball|p2a: Planet Romania
|-supereffective|p2a: Planet Romania
|-damage|p2a: Planet Romania|35/100
|move|p2a: Planet Romania|Sludge Bomb|p1a: Iron Valiant
|-immune|p1a: Iron Valiant
|
|upkeep
|turn|17
|
|t:|1781563797
|move|p1a: Iron Valiant|Psyshock|p2a: Planet Romania
|-damage|p2a: Planet Romania|9/100
|move|p2a: Planet Romania|Flamethrower|p1a: Iron Valiant
|-supereffective|p1a: Iron Valiant
|-damage|p1a: Iron Valiant|3/100
|
|upkeep
|turn|18
|
|t:|1781563801
|move|p1a: Iron Valiant|Shadow Ball|p2a: Planet Romania
|-supereffective|p2a: Planet Romania
|-damage|p2a: Planet Romania|0 fnt
|faint|p2a: Planet Romania
|
|upkeep
|
|t:|1781563803
|switch|p2a: TheEvilOfCroatia|Ninetales, F|76/100
|-damage|p2a: TheEvilOfCroatia|51/100|[from] Stealth Rock
|-damage|p2a: TheEvilOfCroatia|26/100|[from] Spikes
|-weather|SunnyDay|[from] ability: Drought|[of] p2a: TheEvilOfCroatia
|turn|19
|
|t:|1781563811
|move|p1a: Iron Valiant|Shadow Ball|p2a: TheEvilOfCroatia
|-damage|p2a: TheEvilOfCroatia|1/100
|move|p2a: TheEvilOfCroatia|Weather Ball|p1a: Iron Valiant
|-supereffective|p1a: Iron Valiant
|-damage|p1a: Iron Valiant|0 fnt
|faint|p1a: Iron Valiant
|-end|p1a: Iron Valiant|Quark Drive|[silent]
|
|-weather|SunnyDay|[upkeep]
|upkeep
|
|t:|1781563822
|switch|p1a: Meowscarada|Meowscarada, F|94/100 brn
|turn|20
|
|t:|1781563826
|move|p1a: Meowscarada|U-turn|p2a: TheEvilOfCroatia
|-start|p1a: Meowscarada|typechange|Bug|[from] ability: Protean
|-resisted|p2a: TheEvilOfCroatia
|-damage|p2a: TheEvilOfCroatia|0 fnt
|faint|p2a: TheEvilOfCroatia
|
|t:|1781563827
|switch|p1a: Landorus|Landorus-Therian, M|28/100|[from] U-turn
|
|-weather|SunnyDay|[upkeep]
|upkeep
|
|t:|1781563833
|switch|p2a: My Bulgarian Uncle|Walking Wake|100/100
|-damage|p2a: My Bulgarian Uncle|88/100|[from] Stealth Rock
|-damage|p2a: My Bulgarian Uncle|63/100|[from] Spikes
|-activate|p2a: My Bulgarian Uncle|ability: Protosynthesis
|-start|p2a: My Bulgarian Uncle|protosynthesisspe
|turn|21
|
|t:|1781563847
|-terastallize|p2a: My Bulgarian Uncle|Water
|move|p2a: My Bulgarian Uncle|Hydro Steam|p1a: Landorus
|-supereffective|p1a: Landorus
|-damage|p1a: Landorus|0 fnt
|faint|p1a: Landorus
|
|-weather|SunnyDay|[upkeep]
|upkeep
|
|t:|1781563852
|switch|p1a: Meowscarada|Meowscarada, F|94/100 brn
|turn|22
|
|t:|1781563855
|move|p2a: My Bulgarian Uncle|Hydro Steam|p1a: Meowscarada
|-resisted|p1a: Meowscarada
|-damage|p1a: Meowscarada|7/100 brn
|move|p1a: Meowscarada|Flower Trick|p2a: My Bulgarian Uncle
|-start|p1a: Meowscarada|typechange|Grass|[from] ability: Protean
|-supereffective|p2a: My Bulgarian Uncle
|-crit|p2a: My Bulgarian Uncle
|-damage|p2a: My Bulgarian Uncle|0 fnt
|faint|p2a: My Bulgarian Uncle
|-end|p2a: My Bulgarian Uncle|Protosynthesis|[silent]
|
|win|Roseofrosarade
|raw|Roseofrosarade's rating: 1610 &rarr; <strong>1631</strong><br />(+21 for winning)
|raw|SupermanIsSerbian's rating: 1622 &rarr; <strong>1601</strong><br />(-21 for losing)
|l|☆SupermanIsSerbian
|player|p2|
|l| Puyu paz
