|j|☆ftaochaphet
|j|☆IRON VALIANT
|t:|1781239312
|gametype|singles
|player|p1|ftaochaphet|101|1569
|player|p2|IRON VALIANT|miku-water|1527
|gen|9
|tier|[Gen 9] OU
|rated|
|rule|HP Percentage Mod: HP is shown in percentages
|rule|Endless Battle Clause: Forcing endless battles is banned
|rule|Species Clause: Limit one of each Pokémon
|rule|OHKO Clause: OHKO moves are banned
|rule|Evasion Items Clause: Evasion items are banned
|rule|Evasion Moves Clause: Evasion moves are banned
|rule|Evasion Abilities Clause: Evasion abilities are banned
|rule|Sleep Moves Clause: Sleep-inducing moves are banned
|clearpoke
|poke|p1|Enamorus, F|
|poke|p1|Samurott-Hisui, F|
|poke|p1|Gholdengo|
|poke|p1|Great Tusk|
|poke|p1|Kingambit, F|
|poke|p1|Alomomola, F|
|poke|p2|Tinkaton, F|
|poke|p2|Ogerpon, F|
|poke|p2|Great Tusk|
|poke|p2|Pecharunt|
|poke|p2|Alomomola, M|
|poke|p2|Hydreigon, M|
|teampreview
|inactive|Battle timer is ON: inactive players will automatically lose when time's up. (requested by IRON VALIANT)
|
|t:|1781239332
|teamsize|p1|6
|teamsize|p2|6
|start
|switch|p1a: Great Tusk|Great Tusk|100/100
|switch|p2a: GIGATON|Tinkaton, F, shiny|100/100
|-item|p2a: GIGATON|Air Balloon
|turn|1
|
|t:|1781239339
|move|p2a: GIGATON|Stealth Rock|p1a: Great Tusk
|-sidestart|p1: ftaochaphet|move: Stealth Rock
|move|p1a: Great Tusk|Rapid Spin|p2a: GIGATON
|-resisted|p2a: GIGATON
|-damage|p2a: GIGATON|88/100
|-boost|p1a: Great Tusk|spe|1
|-enditem|p2a: GIGATON|Air Balloon
|-sideend|p1: ftaochaphet|Stealth Rock|[from] move: Rapid Spin|[of] p1a: Great Tusk
|-enditem|p1a: Great Tusk|Heavy-Duty Boots|[silent]|[from] ability: Pickpocket|[of] p1a: Great Tusk
|-item|p2a: GIGATON|Heavy-Duty Boots|[from] ability: Pickpocket|[of] p1a: Great Tusk
|
|upkeep
|turn|2
|
|t:|1781239348
|switch|p2a: THE FISH|Alomomola, M, shiny|100/100
|move|p1a: Great Tusk|Stealth Rock|p2a: THE FISH
|-sidestart|p2: IRON VALIANT|move: Stealth Rock
|
|upkeep
|turn|3
|
|t:|1781239352
|-end|p1a: Great Tusk|Protosynthesis|[silent]
|switch|p1a: Samurott|Samurott-Hisui, F|100/100
|move|p2a: THE FISH|Flip Turn|p1a: Samurott
|-resisted|p1a: Samurott
|-damage|p1a: Samurott|92/100
|
|t:|1781239354
|switch|p2a: GIGATON|Tinkaton, F, shiny|88/100|[from] Flip Turn
|
|upkeep
|turn|4
|
|t:|1781239360
|move|p2a: GIGATON|Stealth Rock|p1a: Samurott
|-sidestart|p1: ftaochaphet|move: Stealth Rock
|move|p1a: Samurott|Ceaseless Edge|p2a: GIGATON
|-resisted|p2a: GIGATON
|-damage|p2a: GIGATON|60/100
|-sidestart|p2: IRON VALIANT|Spikes
|
|upkeep
|turn|5
|
|t:|1781239370
|move|p2a: GIGATON|Gigaton Hammer|p1a: Samurott
|-resisted|p1a: Samurott
|-damage|p1a: Samurott|61/100
|move|p1a: Samurott|Ceaseless Edge|p2a: GIGATON
|-resisted|p2a: GIGATON
|-damage|p2a: GIGATON|31/100
|-sidestart|p2: IRON VALIANT|Spikes
|
|upkeep
|turn|6
|
|t:|1781239380
|move|p2a: GIGATON|Encore|p1a: Samurott
|-start|p1a: Samurott|Encore
|move|p1a: Samurott|Ceaseless Edge|p2a: GIGATON
|-resisted|p2a: GIGATON
|-damage|p2a: GIGATON|3/100
|-sidestart|p2: IRON VALIANT|Spikes
|
|upkeep
|turn|7
|
|t:|1781239385
|switch|p2a: MANNY FROM ICE AGE|Great Tusk, shiny|100/100
|switch|p1a: Alomomola|Alomomola, F|100/100
|
|upkeep
|turn|8
|
|t:|1781239389
|switch|p1a: Gholdengo|Gholdengo|100/100
|-damage|p1a: Gholdengo|94/100|[from] Stealth Rock
|move|p2a: MANNY FROM ICE AGE|Rapid Spin|p1a: Gholdengo
|-immune|p1a: Gholdengo
|
|upkeep
|turn|9
|
|t:|1781239393
|switch|p1a: Enamorus|Enamorus, F|100/100
|-damage|p1a: Enamorus|76/100|[from] Stealth Rock
|move|p2a: MANNY FROM ICE AGE|Headlong Rush|p1a: Enamorus
|-immune|p1a: Enamorus
|
|upkeep
|turn|10
|
|t:|1781239397
|-end|p2a: MANNY FROM ICE AGE|Protosynthesis|[silent]
|switch|p2a: GIGATON|Tinkaton, F, shiny|3/100
|move|p1a: Enamorus|Moonblast|p2a: GIGATON
|-resisted|p2a: GIGATON
|-damage|p2a: GIGATON|0 fnt
|faint|p2a: GIGATON
|
|upkeep
|
|t:|1781239402
|switch|p2a: FLESH JUGULIS|Hydreigon, M, shiny|100/100
|-damage|p2a: FLESH JUGULIS|88/100|[from] Stealth Rock
|turn|11
|
|t:|1781239406
|-terastallize|p2a: FLESH JUGULIS|Steel
|move|p1a: Enamorus|Moonblast|p2a: FLESH JUGULIS
|-resisted|p2a: FLESH JUGULIS
|-damage|p2a: FLESH JUGULIS|56/100
|-unboost|p2a: FLESH JUGULIS|spa|1
|move|p2a: FLESH JUGULIS|Flash Cannon|p1a: Enamorus
|-supereffective|p1a: Enamorus
|-damage|p1a: Enamorus|0 fnt
|faint|p1a: Enamorus
|
|upkeep
|
|t:|1781239414
|switch|p1a: Samurott|Samurott-Hisui, F|61/100
|-damage|p1a: Samurott|49/100|[from] Stealth Rock
|turn|12
|
|t:|1781239418
|switch|p2a: THE FISH|Alomomola, M, shiny|100/100
|-damage|p2a: THE FISH|88/100|[from] Stealth Rock
|-damage|p2a: THE FISH|63/100|[from] Spikes
|move|p1a: Samurott|Knock Off|p2a: THE FISH
|-damage|p2a: THE FISH|32/100
|-enditem|p2a: THE FISH|Assault Vest|[from] move: Knock Off|[of] p1a: Samurott
|
|upkeep
|turn|13
|
|t:|1781239424
|move|p1a: Samurott|Ceaseless Edge|p2a: THE FISH
|-damage|p2a: THE FISH|0 fnt
|faint|p2a: THE FISH
|
|upkeep
|
|t:|1781239426
|switch|p2a: MANNY FROM ICE AGE|Great Tusk, shiny|100/100
|turn|14
|
|t:|1781239429
|switch|p1a: Gholdengo|Gholdengo|94/100
|-damage|p1a: Gholdengo|88/100|[from] Stealth Rock
|move|p2a: MANNY FROM ICE AGE|Rapid Spin|p1a: Gholdengo
|-immune|p1a: Gholdengo
|
|upkeep
|turn|15
|
|t:|1781239432
|-terastallize|p1a: Gholdengo|Fairy
|move|p2a: MANNY FROM ICE AGE|Headlong Rush|p1a: Gholdengo
|-damage|p1a: Gholdengo|47/100
|-unboost|p2a: MANNY FROM ICE AGE|def|1
|-unboost|p2a: MANNY FROM ICE AGE|spd|1
|move|p1a: Gholdengo|Make It Rain|p2a: MANNY FROM ICE AGE
|-damage|p2a: MANNY FROM ICE AGE|0 fnt
|-unboost|p1a: Gholdengo|spa|1
|faint|p2a: MANNY FROM ICE AGE
|-end|p2a: MANNY FROM ICE AGE|Protosynthesis|[silent]
|
|upkeep
|-message|IRON VALIANT forfeited.
|
|win|ftaochaphet
|raw|ftaochaphet's rating: 1569 &rarr; <strong>1587</strong><br />(+18 for winning)
|raw|IRON VALIANT's rating: 1527 &rarr; <strong>1509</strong><br />(-18 for losing)
|l|☆IRON VALIANT
|player|p2|
|l|☆ftaochaphet
|player|p1|
