|j|☆shumnky yeat
|j|☆EleaRosea
|t:|1781537068
|gametype|singles
|player|p1|shumnky yeat|preschooler|1623
|player|p2|EleaRosea|harmony|1639
|gen|9
|tier|[Gen 9] OU
|rated|
|rule|HP Percentage Mod: HP is shown in percentages
|rule|Endless Battle Clause: Forcing endless battles is banned
|rule|Species Clause: Limit one of each Pokémon
|rule|OHKO Clause: OHKO moves are banned
|rule|Evasion Items Clause: Evasion items are banned
|rule|Evasion Moves Clause: Evasion moves are banned
|rule|Evasion Abilities Clause: Evasion abilities are banned
|rule|Sleep Moves Clause: Sleep-inducing moves are banned
|clearpoke
|poke|p1|Dragapult, F|
|poke|p1|Ogerpon-Wellspring, F|
|poke|p1|Corviknight, F|
|poke|p1|Cinderace, M|
|poke|p1|Ting-Lu|
|poke|p1|Slowking-Galar, F|
|poke|p2|Ogerpon, F|
|poke|p2|Great Tusk|
|poke|p2|Alomomola, F|
|poke|p2|Rillaboom, F|
|poke|p2|Primarina, F|
|poke|p2|Heatran, F|
|teampreview
|inactive|Battle timer is ON: inactive players will automatically lose when time's up. (requested by EleaRosea)
|
|t:|1781537078
|teamsize|p1|6
|teamsize|p2|6
|start
|switch|p1a: Corviknight|Corviknight, F, shiny|100/100
|switch|p2a: Primarina|Primarina, F|100/100
|-ability|p1a: Corviknight|Pressure
|turn|1
|
|t:|1781537085
|move|p1a: Corviknight|U-turn|p2a: Primarina
|-resisted|p2a: Primarina
|-damage|p2a: Primarina|93/100
|
|t:|1781537088
|switch|p1a: Slowking|Slowking-Galar, F|100/100|[from] U-turn
|move|p2a: Primarina|Moonblast|p1a: Slowking
|-resisted|p1a: Slowking
|-damage|p1a: Slowking|85/100
|
|upkeep
|turn|2
|
|t:|1781537093
|move|p2a: Primarina|Flip Turn|p1a: Slowking
|-damage|p1a: Slowking|70/100
|
|t:|1781537096
|switch|p2a: Great Tusk|Great Tusk|100/100|[from] Flip Turn
|move|p1a: Slowking|Future Sight|p2a: Great Tusk
|-start|p1a: Slowking|move: Future Sight
|
|upkeep
|turn|3
|
|t:|1781537101
|-end|p2a: Great Tusk|Protosynthesis|[silent]
|switch|p2a: Heatran|Heatran, F|100/100
|switch|p1a: Corviknight|Corviknight, F, shiny|100/100
|-ability|p1a: Corviknight|Pressure
|
|upkeep
|turn|4
|
|t:|1781537109
|switch|p1a: Ting-Lu|Ting-Lu|100/100
|-ability|p1a: Ting-Lu|Vessel of Ruin
|move|p2a: Heatran|Stealth Rock|p1a: Ting-Lu
|-sidestart|p1: shumnky yeat|move: Stealth Rock
|
|-end|p2a: Heatran|move: Future Sight
|-resisted|p2a: Heatran
|-damage|p2a: Heatran|90/100
|-heal|p2a: Heatran|97/100|[from] item: Leftovers
|upkeep
|turn|5
|
|t:|1781537114
|switch|p2a: Rillaboom|Rillaboom, F|100/100
|-fieldstart|move: Grassy Terrain|[from] ability: Grassy Surge|[of] p2a: Rillaboom
|move|p1a: Ting-Lu|Ruination|p2a: Rillaboom
|-damage|p2a: Rillaboom|50/100
|
|-heal|p2a: Rillaboom|57/100|[from] Grassy Terrain
|upkeep
|turn|6
|
|t:|1781537120
|switch|p1a: Corviknight|Corviknight, F, shiny|100/100
|-damage|p1a: Corviknight|88/100|[from] Stealth Rock
|-ability|p1a: Corviknight|Pressure
|move|p2a: Rillaboom|U-turn|p1a: Corviknight
|-resisted|p1a: Corviknight
|-damage|p1a: Corviknight|84/100
|-damage|p2a: Rillaboom|40/100|[from] item: Rocky Helmet|[of] p1a: Corviknight
|
|t:|1781537123
|switch|p2a: Heatran|Heatran, F|97/100|[from] U-turn
|
|-heal|p2a: Heatran|100/100|[from] Grassy Terrain
|upkeep
|turn|7
|
|t:|1781537133
|switch|p1a: Ting-Lu|Ting-Lu|100/100
|-damage|p1a: Ting-Lu|94/100|[from] Stealth Rock
|-ability|p1a: Ting-Lu|Vessel of Ruin
|move|p2a: Heatran|Will-O-Wisp|p1a: Ting-Lu
|-status|p1a: Ting-Lu|brn
|
|-heal|p1a: Ting-Lu|100/100 brn|[from] Grassy Terrain
|-damage|p1a: Ting-Lu|94/100 brn|[from] brn
|upkeep
|turn|8
|
|t:|1781537137
|switch|p2a: Ogerpon|Ogerpon, F|100/100
|move|p1a: Ting-Lu|Stealth Rock|p2a: Ogerpon
|-sidestart|p2: EleaRosea|move: Stealth Rock
|
|-heal|p1a: Ting-Lu|100/100 brn|[from] Grassy Terrain
|-damage|p1a: Ting-Lu|94/100 brn|[from] brn
|upkeep
|turn|9
|
|t:|1781537140
|switch|p1a: Corviknight|Corviknight, F, shiny|84/100
|-damage|p1a: Corviknight|72/100|[from] Stealth Rock
|-ability|p1a: Corviknight|Pressure
|move|p2a: Ogerpon|Knock Off|p1a: Corviknight
|-damage|p1a: Corviknight|43/100
|-damage|p2a: Ogerpon|84/100|[from] item: Rocky Helmet|[of] p1a: Corviknight
|-enditem|p1a: Corviknight|Rocky Helmet|[from] move: Knock Off|[of] p2a: Ogerpon
|
|-heal|p2a: Ogerpon|90/100|[from] Grassy Terrain
|upkeep
|turn|10
|
|t:|1781537144
|switch|p2a: Heatran|Heatran, F|100/100
|-damage|p2a: Heatran|88/100|[from] Stealth Rock
|move|p1a: Corviknight|Roost|p1a: Corviknight
|-heal|p1a: Corviknight|93/100
|-singleturn|p1a: Corviknight|move: Roost
|
|-heal|p2a: Heatran|94/100|[from] Grassy Terrain
|-heal|p2a: Heatran|100/100|[from] item: Leftovers
|-heal|p1a: Corviknight|99/100|[from] Grassy Terrain
|upkeep
|turn|11
|
|t:|1781537149
|switch|p1a: Ting-Lu|Ting-Lu|94/100 brn
|-damage|p1a: Ting-Lu|88/100 brn|[from] Stealth Rock
|-ability|p1a: Ting-Lu|Vessel of Ruin
|move|p2a: Heatran|Magma Storm|p1a: Ting-Lu|[miss]
|-miss|p2a: Heatran|p1a: Ting-Lu
|
|-heal|p1a: Ting-Lu|94/100 brn|[from] Grassy Terrain
|-heal|p1a: Ting-Lu|100/100 brn|[from] item: Leftovers
|-damage|p1a: Ting-Lu|94/100 brn|[from] brn
|upkeep
|turn|12
|
|t:|1781537153
|switch|p2a: Great Tusk|Great Tusk|100/100
|move|p1a: Ting-Lu|Whirlwind|p2a: Great Tusk
|-end|p2a: Great Tusk|Protosynthesis|[silent]
|drag|p2a: Primarina|Primarina, F|93/100
|-damage|p2a: Primarina|80/100|[from] Stealth Rock
|
|-heal|p2a: Primarina|86/100|[from] Grassy Terrain
|-heal|p1a: Ting-Lu|100/100 brn|[from] Grassy Terrain
|-damage|p1a: Ting-Lu|94/100 brn|[from] brn
|-fieldend|move: Grassy Terrain
|upkeep
|turn|13
|
|t:|1781537159
|switch|p1a: Slowking|Slowking-Galar, F|100/100
|move|p2a: Primarina|Moonblast|p1a: Slowking
|-resisted|p1a: Slowking
|-damage|p1a: Slowking|86/100
|-unboost|p1a: Slowking|spa|1
|
|upkeep
|turn|14
|
|t:|1781537167
|switch|p2a: Great Tusk|Great Tusk|100/100
|move|p1a: Slowking|Toxic Spikes|p2a: Great Tusk
|-sidestart|p2: EleaRosea|move: Toxic Spikes
|
|upkeep
|turn|15
|
|t:|1781537172
|move|p2a: Great Tusk|Headlong Rush|p1a: Slowking
|-supereffective|p1a: Slowking
|-damage|p1a: Slowking|0 fnt
|-unboost|p2a: Great Tusk|def|1
|-unboost|p2a: Great Tusk|spd|1
|faint|p1a: Slowking
|
|upkeep
|
|t:|1781537176
|switch|p1a: Ogerpon|Ogerpon-Wellspring, F|100/100
|-damage|p1a: Ogerpon|88/100|[from] Stealth Rock
|turn|16
|
|t:|1781537186
|-end|p2a: Great Tusk|Protosynthesis|[silent]
|switch|p2a: Rillaboom|Rillaboom, F|40/100
|-damage|p2a: Rillaboom|28/100|[from] Stealth Rock
|-status|p2a: Rillaboom|psn
|-fieldstart|move: Grassy Terrain|[from] ability: Grassy Surge|[of] p2a: Rillaboom
|move|p1a: Ogerpon|Ivy Cudgel|p2a: Rillaboom|[anim] Ivy Cudgel Water
|-resisted|p2a: Rillaboom
|-crit|p2a: Rillaboom
|-damage|p2a: Rillaboom|0 fnt
|faint|p2a: Rillaboom
|
|-heal|p1a: Ogerpon|94/100|[from] Grassy Terrain
|upkeep
|
|t:|1781537196
|switch|p2a: Ogerpon|Ogerpon, F|90/100
|-damage|p2a: Ogerpon|78/100|[from] Stealth Rock
|-status|p2a: Ogerpon|psn
|turn|17
|
|t:|1781537203
|switch|p1a: Corviknight|Corviknight, F, shiny|99/100
|-damage|p1a: Corviknight|87/100|[from] Stealth Rock
|-ability|p1a: Corviknight|Pressure
|move|p2a: Ogerpon|U-turn|p1a: Corviknight
|-resisted|p1a: Corviknight
|-damage|p1a: Corviknight|82/100
|
|t:|1781537206
|switch|p2a: Great Tusk|Great Tusk|100/100|[from] U-turn
|
|upkeep
|turn|18
|
|t:|1781537213
|switch|p1a: Dragapult|Dragapult, F|100/100
|-damage|p1a: Dragapult|88/100|[from] Stealth Rock
|move|p2a: Great Tusk|Rapid Spin|p1a: Dragapult
|-immune|p1a: Dragapult
|
|-heal|p1a: Dragapult|94/100|[from] Grassy Terrain
|upkeep
|turn|19
|
|t:|1781537219
|move|p1a: Dragapult|Shadow Ball|p2a: Great Tusk
|-damage|p2a: Great Tusk|25/100
|move|p2a: Great Tusk|Ice Spinner|p1a: Dragapult
|-supereffective|p1a: Dragapult
|-damage|p1a: Dragapult|15/100
|-fieldend|move: Grassy Terrain
|
|upkeep
|turn|20
|
|t:|1781537225
|-end|p2a: Great Tusk|Protosynthesis|[silent]
|switch|p2a: Primarina|Primarina, F|86/100
|-damage|p2a: Primarina|74/100|[from] Stealth Rock
|-status|p2a: Primarina|psn
|move|p1a: Dragapult|Shadow Ball|p2a: Primarina
|-damage|p2a: Primarina|45/100 psn
|
|-damage|p2a: Primarina|32/100 psn|[from] psn
|upkeep
|turn|21
|
|t:|1781537240
|switch|p1a: Cinderace|Cinderace, M|100/100
|move|p2a: Primarina|Moonblast|p1a: Cinderace
|-resisted|p1a: Cinderace
|-damage|p1a: Cinderace|64/100
|
|-damage|p2a: Primarina|20/100 psn|[from] psn
|upkeep
|turn|22
|
|t:|1781537243
|move|p1a: Cinderace|U-turn|p2a: Primarina
|-start|p1a: Cinderace|typechange|Bug|[from] ability: Libero
|-resisted|p2a: Primarina
|-damage|p2a: Primarina|0 fnt
|faint|p2a: Primarina
|
|t:|1781537256
|switch|p1a: Corviknight|Corviknight, F, shiny|82/100|[from] U-turn
|-damage|p1a: Corviknight|69/100|[from] Stealth Rock
|-ability|p1a: Corviknight|Pressure
|
|upkeep
|
|t:|1781537267
|switch|p2a: Great Tusk|Great Tusk|25/100
|turn|23
|
|t:|1781537271
|move|p2a: Great Tusk|Rapid Spin|p1a: Corviknight
|-resisted|p1a: Corviknight
|-damage|p1a: Corviknight|64/100
|-boost|p2a: Great Tusk|spe|1
|-sideend|p2: EleaRosea|Toxic Spikes|[from] move: Rapid Spin|[of] p2a: Great Tusk
|-sideend|p2: EleaRosea|Stealth Rock|[from] move: Rapid Spin|[of] p2a: Great Tusk
|move|p1a: Corviknight|Iron Defense|p1a: Corviknight
|-boost|p1a: Corviknight|def|2
|
|upkeep
|turn|24
|
|t:|1781537275
|-end|p2a: Great Tusk|Protosynthesis|[silent]
|switch|p2a: Alomomola|Alomomola, F|100/100
|move|p1a: Corviknight|Body Press|p2a: Alomomola
|-damage|p2a: Alomomola|75/100
|
|upkeep
|turn|25
|
|t:|1781537279
|move|p1a: Corviknight|Iron Defense|p1a: Corviknight
|-boost|p1a: Corviknight|def|2
|move|p2a: Alomomola|Wish|p2a: Alomomola
|
|upkeep
|turn|26
|
|t:|1781537283
|move|p1a: Corviknight|Iron Defense|p1a: Corviknight
|-boost|p1a: Corviknight|def|2
|move|p2a: Alomomola|Scald|p1a: Corviknight
|-damage|p1a: Corviknight|51/100
|
|-heal|p2a: Alomomola|100/100|[from] move: Wish|[wisher] Alomomola
|upkeep
|turn|27
|
|t:|1781537286
|move|p1a: Corviknight|Body Press|p2a: Alomomola
|-damage|p2a: Alomomola|45/100
|move|p2a: Alomomola|Scald|p1a: Corviknight
|-damage|p1a: Corviknight|39/100
|
|upkeep
|turn|28
|
|t:|1781537296
|move|p1a: Corviknight|Roost|p1a: Corviknight
|-heal|p1a: Corviknight|89/100
|-singleturn|p1a: Corviknight|move: Roost
|move|p2a: Alomomola|Wish|p2a: Alomomola
|
|upkeep
|turn|29
|
|t:|1781537301
|move|p2a: Alomomola|Protect|p2a: Alomomola
|-singleturn|p2a: Alomomola|Protect
|move|p1a: Corviknight|Body Press|p2a: Alomomola
|-activate|p2a: Alomomola|move: Protect
|
|-heal|p2a: Alomomola|95/100|[from] move: Wish|[wisher] Alomomola
|upkeep
|turn|30
|
|t:|1781537304
|move|p1a: Corviknight|Body Press|p2a: Alomomola
|-damage|p2a: Alomomola|41/100
|move|p2a: Alomomola|Wish|p2a: Alomomola
|
|upkeep
|turn|31
|
|t:|1781537313
|move|p2a: Alomomola|Protect|p2a: Alomomola
|-singleturn|p2a: Alomomola|Protect
|move|p1a: Corviknight|Body Press|p2a: Alomomola
|-activate|p2a: Alomomola|move: Protect
|
|-heal|p2a: Alomomola|91/100|[from] move: Wish|[wisher] Alomomola
|upkeep
|turn|32
|
|t:|1781537316
|move|p1a: Corviknight|Body Press|p2a: Alomomola
|-damage|p2a: Alomomola|31/100
|move|p2a: Alomomola|Wish|p2a: Alomomola
|
|upkeep
|turn|33
|
|t:|1781537321
|move|p2a: Alomomola|Protect|p2a: Alomomola
|-singleturn|p2a: Alomomola|Protect
|move|p1a: Corviknight|Body Press|p2a: Alomomola
|-activate|p2a: Alomomola|move: Protect
|
|-heal|p2a: Alomomola|81/100|[from] move: Wish|[wisher] Alomomola
|upkeep
|turn|34
|
|t:|1781537329
|move|p1a: Corviknight|Body Press|p2a: Alomomola
|-damage|p2a: Alomomola|26/100
|move|p2a: Alomomola|Wish|p2a: Alomomola
|
|upkeep
|turn|35
|
|t:|1781537335
|move|p2a: Alomomola|Protect|p2a: Alomomola
|-singleturn|p2a: Alomomola|Protect
|move|p1a: Corviknight|Iron Defense|p1a: Corviknight
|-boost|p1a: Corviknight|def|0
|
|-heal|p2a: Alomomola|76/100|[from] move: Wish|[wisher] Alomomola
|upkeep
|turn|36
|
|t:|1781537342
|move|p1a: Corviknight|U-turn|p2a: Alomomola
|-damage|p2a: Alomomola|68/100
|
|t:|1781537344
|switch|p1a: Ogerpon|Ogerpon-Wellspring, F|94/100|[from] U-turn
|-damage|p1a: Ogerpon|82/100|[from] Stealth Rock
|move|p2a: Alomomola|Wish|p2a: Alomomola
|
|upkeep
|turn|37
|
|t:|1781537354
|switch|p2a: Ogerpon|Ogerpon, F|78/100 psn
|move|p1a: Ogerpon|Encore||[still]
|-fail|p1a: Ogerpon
|
|-heal|p2a: Ogerpon|100/100 psn|[from] move: Wish|[wisher] Alomomola
|-damage|p2a: Ogerpon|88/100 psn|[from] psn
|upkeep
|turn|38
|
|t:|1781537360
|switch|p1a: Cinderace|Cinderace, M|64/100
|move|p2a: Ogerpon|U-turn|p1a: Cinderace
|-resisted|p1a: Cinderace
|-damage|p1a: Cinderace|41/100
|
|t:|1781537363
|switch|p2a: Alomomola|Alomomola, F|100/100|[from] U-turn
|
|upkeep
|turn|39
|
|t:|1781537370
|move|p1a: Cinderace|Court Change|p1a: Cinderace
|-start|p1a: Cinderace|typechange|Normal|[from] ability: Libero
|-swapsideconditions
|-activate|p1a: Cinderace|move: Court Change
|move|p2a: Alomomola|Wish|p2a: Alomomola
|
|upkeep
|turn|40
|
|t:|1781537376
|switch|p2a: Great Tusk|Great Tusk|25/100
|move|p1a: Cinderace|U-turn|p2a: Great Tusk
|-resisted|p2a: Great Tusk
|-damage|p2a: Great Tusk|17/100
|
|t:|1781537380
|switch|p1a: Dragapult|Dragapult, F|15/100|[from] U-turn
|
|-heal|p2a: Great Tusk|89/100|[from] move: Wish|[wisher] Alomomola
|upkeep
|turn|41
|
|t:|1781537385
|-end|p2a: Great Tusk|Protosynthesis|[silent]
|switch|p2a: Heatran|Heatran, F|100/100
|-damage|p2a: Heatran|88/100|[from] Stealth Rock
|move|p1a: Dragapult|Draco Meteor|p2a: Heatran|[miss]
|-miss|p1a: Dragapult|p2a: Heatran
|
|-heal|p2a: Heatran|94/100|[from] item: Leftovers
|upkeep
|turn|42
|
|t:|1781537406
|switch|p1a: Ting-Lu|Ting-Lu|94/100 brn
|-ability|p1a: Ting-Lu|Vessel of Ruin
|move|p2a: Heatran|Stealth Rock|p1a: Ting-Lu
|-sidestart|p1: shumnky yeat|move: Stealth Rock
|
|-heal|p2a: Heatran|100/100|[from] item: Leftovers
|-heal|p1a: Ting-Lu|100/100 brn|[from] item: Leftovers
|-damage|p1a: Ting-Lu|94/100 brn|[from] brn
|upkeep
|turn|43
|
|t:|1781537416
|switch|p2a: Great Tusk|Great Tusk|89/100
|move|p1a: Ting-Lu|Earthquake|p2a: Great Tusk
|-damage|p2a: Great Tusk|76/100
|
|-heal|p1a: Ting-Lu|100/100 brn|[from] item: Leftovers
|-damage|p1a: Ting-Lu|94/100 brn|[from] brn
|upkeep
|turn|44
|
|t:|1781537422
|move|p2a: Great Tusk|Ice Spinner|p1a: Ting-Lu
|-supereffective|p1a: Ting-Lu
|-damage|p1a: Ting-Lu|65/100 brn
|move|p1a: Ting-Lu|Ruination|p2a: Great Tusk
|-damage|p2a: Great Tusk|38/100
|
|-heal|p1a: Ting-Lu|71/100 brn|[from] item: Leftovers
|-damage|p1a: Ting-Lu|65/100 brn|[from] brn
|upkeep
|turn|45
|
|t:|1781537427
|move|p2a: Great Tusk|Rapid Spin|p1a: Ting-Lu
|-damage|p1a: Ting-Lu|56/100 brn
|-boost|p2a: Great Tusk|spe|1
|-sideend|p2: EleaRosea|Stealth Rock|[from] move: Rapid Spin|[of] p2a: Great Tusk
|move|p1a: Ting-Lu|Whirlwind|p2a: Great Tusk
|-end|p2a: Great Tusk|Protosynthesis|[silent]
|drag|p2a: Alomomola|Alomomola, F|100/100
|
|-heal|p1a: Ting-Lu|62/100 brn|[from] item: Leftovers
|-damage|p1a: Ting-Lu|56/100 brn|[from] brn
|upkeep
|turn|46
|
|t:|1781537431
|move|p1a: Ting-Lu|Ruination|p2a: Alomomola|[miss]
|-miss|p1a: Ting-Lu|p2a: Alomomola
|move|p2a: Alomomola|Wish|p2a: Alomomola
|
|-heal|p1a: Ting-Lu|62/100 brn|[from] item: Leftovers
|-damage|p1a: Ting-Lu|56/100 brn|[from] brn
|upkeep
|turn|47
|
|t:|1781537437
|switch|p1a: Ogerpon|Ogerpon-Wellspring, F|82/100
|-damage|p1a: Ogerpon|70/100|[from] Stealth Rock
|switch|p2a: Great Tusk|Great Tusk|38/100
|
|-heal|p2a: Great Tusk|100/100|[from] move: Wish|[wisher] Alomomola
|upkeep
|turn|48
|
|t:|1781537443
|-end|p2a: Great Tusk|Protosynthesis|[silent]
|switch|p2a: Ogerpon|Ogerpon, F|88/100 psn
|move|p1a: Ogerpon|Power Whip|p2a: Ogerpon
|-resisted|p2a: Ogerpon
|-damage|p2a: Ogerpon|41/100 psn
|
|-damage|p2a: Ogerpon|28/100 psn|[from] psn
|upkeep
|turn|49
|
|t:|1781537452
|switch|p1a: Corviknight|Corviknight, F, shiny|89/100
|-damage|p1a: Corviknight|77/100|[from] Stealth Rock
|-ability|p1a: Corviknight|Pressure
|move|p2a: Ogerpon|U-turn|p1a: Corviknight
|-resisted|p1a: Corviknight
|-damage|p1a: Corviknight|72/100
|
|t:|1781537455
|switch|p2a: Heatran|Heatran, F|100/100|[from] U-turn
|
|upkeep
|turn|50
|
|t:|1781537459
|move|p2a: Heatran|Magma Storm|p1a: Corviknight
|-supereffective|p1a: Corviknight
|-damage|p1a: Corviknight|0 fnt
|faint|p1a: Corviknight
|
|upkeep
|
|t:|1781537462
|switch|p1a: Ogerpon|Ogerpon-Wellspring, F|70/100
|-damage|p1a: Ogerpon|57/100|[from] Stealth Rock
|turn|51
|
|t:|1781537483
|-terastallize|p1a: Ogerpon|Water
|detailschange|p1a: Ogerpon|Ogerpon-Wellspring-Tera, F, tera:Water
|-ability|p1a: Ogerpon|Embody Aspect (Wellspring)|boost
|-boost|p1a: Ogerpon|spd|1
|-terastallize|p2a: Heatran|Grass
|move|p1a: Ogerpon|Ivy Cudgel|p2a: Heatran|[anim] Ivy Cudgel Water
|-resisted|p2a: Heatran
|-damage|p2a: Heatran|68/100
|move|p2a: Heatran|Will-O-Wisp|p1a: Ogerpon
|-status|p1a: Ogerpon|brn
|
|-heal|p2a: Heatran|74/100|[from] item: Leftovers
|-damage|p1a: Ogerpon|51/100 brn|[from] brn
|upkeep
|turn|52
|
|t:|1781537492
|move|p1a: Ogerpon|Encore|p2a: Heatran
|-start|p2a: Heatran|Encore
|move|p2a: Heatran|Will-O-Wisp|p1a: Ogerpon
|-fail|p1a: Ogerpon|brn
|
|-heal|p2a: Heatran|80/100|[from] item: Leftovers
|-damage|p1a: Ogerpon|45/100 brn|[from] brn
|upkeep
|turn|53
|
|t:|1781537495
|move|p1a: Ogerpon|Ivy Cudgel|p2a: Heatran|[anim] Ivy Cudgel Water
|-resisted|p2a: Heatran
|-damage|p2a: Heatran|65/100
|move|p2a: Heatran|Will-O-Wisp|p1a: Ogerpon
|-fail|p1a: Ogerpon|brn
|
|-heal|p2a: Heatran|71/100|[from] item: Leftovers
|-damage|p1a: Ogerpon|39/100 brn|[from] brn
|upkeep
|turn|54
|
|t:|1781537499
|switch|p1a: Cinderace|Cinderace, M|41/100
|switch|p2a: Alomomola|Alomomola, F|100/100
|
|upkeep
|turn|55
|
|t:|1781537502
|move|p1a: Cinderace|Court Change|p1a: Cinderace
|-start|p1a: Cinderace|typechange|Normal|[from] ability: Libero
|-swapsideconditions
|-activate|p1a: Cinderace|move: Court Change
|move|p2a: Alomomola|Wish|p2a: Alomomola
|
|upkeep
|turn|56
|
|t:|1781537506
|switch|p2a: Great Tusk|Great Tusk|100/100
|move|p1a: Cinderace|Pyro Ball|p2a: Great Tusk
|-damage|p2a: Great Tusk|74/100
|
|-heal|p2a: Great Tusk|100/100|[from] move: Wish|[wisher] Alomomola
|upkeep
|turn|57
|
|t:|1781537512
|move|p1a: Cinderace|U-turn|p2a: Great Tusk
|-resisted|p2a: Great Tusk
|-damage|p2a: Great Tusk|92/100
|
|t:|1781537514
|switch|p1a: Dragapult|Dragapult, F|15/100|[from] U-turn
|move|p2a: Great Tusk|Headlong Rush|p1a: Dragapult
|-damage|p1a: Dragapult|0 fnt
|-unboost|p2a: Great Tusk|def|1
|-unboost|p2a: Great Tusk|spd|1
|faint|p1a: Dragapult
|
|upkeep
|
|t:|1781537519
|switch|p1a: Ogerpon|Ogerpon-Wellspring-Tera, F, tera:Water|39/100 brn
|-ability|p1a: Ogerpon|Embody Aspect (Wellspring)|boost
|-boost|p1a: Ogerpon|spd|1
|turn|58
|
|t:|1781537527
|switch|p1a: Cinderace|Cinderace, M|41/100
|-end|p2a: Great Tusk|Protosynthesis|[silent]
|switch|p2a: Heatran|Heatran, F, tera:Grass|71/100
|-damage|p2a: Heatran|59/100|[from] Stealth Rock
|
|-heal|p2a: Heatran|65/100|[from] item: Leftovers
|upkeep
|turn|59
|
|t:|1781537530
|switch|p2a: Alomomola|Alomomola, F|100/100
|move|p1a: Cinderace|U-turn|p2a: Alomomola
|-start|p1a: Cinderace|typechange|Bug|[from] ability: Libero
|-damage|p2a: Alomomola|82/100
|
|t:|1781537533
|switch|p1a: Ogerpon|Ogerpon-Wellspring-Tera, F, tera:Water|39/100 brn|[from] U-turn
|-ability|p1a: Ogerpon|Embody Aspect (Wellspring)|boost
|-boost|p1a: Ogerpon|spd|1
|
|-damage|p1a: Ogerpon|33/100 brn|[from] brn
|upkeep
|turn|60
|
|t:|1781537536
|switch|p1a: Cinderace|Cinderace, M|41/100
|move|p2a: Alomomola|Protect||[still]
|-fail|p2a: Alomomola
|
|upkeep
|turn|61
|
|t:|1781537539
|move|p1a: Cinderace|Pyro Ball|p2a: Alomomola|[miss]
|-miss|p1a: Cinderace|p2a: Alomomola
|move|p2a: Alomomola|Wish|p2a: Alomomola
|
|upkeep
|turn|62
|
|t:|1781537545
|move|p1a: Cinderace|Sucker Punch|p2a: Alomomola
|-start|p1a: Cinderace|typechange|Dark|[from] ability: Libero
|-damage|p2a: Alomomola|63/100
|move|p2a: Alomomola|Flip Turn|p1a: Cinderace
|-damage|p1a: Cinderace|17/100
|
|t:|1781537557
|switch|p2a: Heatran|Heatran, F, tera:Grass|65/100|[from] Flip Turn
|-damage|p2a: Heatran|53/100|[from] Stealth Rock
|
|-heal|p2a: Heatran|100/100|[from] move: Wish|[wisher] Alomomola
|upkeep
|turn|63
|-message|shumnky yeat forfeited.
|
|win|EleaRosea
|raw|shumnky yeat's rating: 1623 &rarr; <strong>1604</strong><br />(-19 for losing)
|raw|EleaRosea's rating: 1639 &rarr; <strong>1658</strong><br />(+19 for winning)
|l|☆shumnky yeat
|player|p1|
|l|☆EleaRosea
|player|p2|
