|j|☆uniandes5
|j|☆Omari P
|t:|1781039694
|gametype|singles
|player|p1|uniandes5|265|1528
|player|p2|Omari P|pokemonrangerf|1563
|gen|9
|tier|[Gen 9] OU
|rated|
|rule|HP Percentage Mod: HP is shown in percentages
|rule|Endless Battle Clause: Forcing endless battles is banned
|rule|Species Clause: Limit one of each Pokémon
|rule|OHKO Clause: OHKO moves are banned
|rule|Evasion Items Clause: Evasion items are banned
|rule|Evasion Moves Clause: Evasion moves are banned
|rule|Evasion Abilities Clause: Evasion abilities are banned
|rule|Sleep Moves Clause: Sleep-inducing moves are banned
|clearpoke
|poke|p1|Grimmsnarl, M|
|poke|p1|Latias, F|
|poke|p1|Tinkaton, F|
|poke|p1|Volcanion|
|poke|p1|Mew|
|poke|p1|Dragapult, F|
|poke|p2|Hoopa|
|poke|p2|Cinderace, F|
|poke|p2|Mandibuzz, F|
|poke|p2|Kyurem|
|poke|p2|Ting-Lu|
|poke|p2|Manaphy|
|teampreview
|j| Fat_Yogi
|j| Lowladderubersnoob
|
|t:|1781039792
|teamsize|p1|6
|teamsize|p2|6
|start
|switch|p1a: Dragapult|Dragapult, F|100/100
|switch|p2a: Ting-Lucifer|Ting-Lu|100/100
|-ability|p2a: Ting-Lucifer|Vessel of Ruin
|turn|1
|inactive|Battle timer is ON: inactive players will automatically lose when time's up. (requested by Omari P)
|
|t:|1781039800
|move|p1a: Dragapult|Hydro Pump|p2a: Ting-Lucifer
|-supereffective|p2a: Ting-Lucifer
|-damage|p2a: Ting-Lucifer|59/100
|-enditem|p2a: Ting-Lucifer|Weakness Policy
|-boost|p2a: Ting-Lucifer|atk|2|[from] item: Weakness Policy
|-boost|p2a: Ting-Lucifer|spa|2|[from] item: Weakness Policy
|move|p2a: Ting-Lucifer|Earthquake|p1a: Dragapult
|-damage|p1a: Dragapult|0 fnt
|faint|p1a: Dragapult
|
|upkeep
|
|t:|1781039812
|switch|p1a: Grimmsnarl|Grimmsnarl, M|100/100
|turn|2
|inactive|Omari P has 120 seconds left.
|
|t:|1781039845
|move|p1a: Grimmsnarl|Reflect|p1a: Grimmsnarl
|-sidestart|p1: uniandes5|Reflect
|move|p2a: Ting-Lucifer|Heavy Slam|p1a: Grimmsnarl
|-supereffective|p1a: Grimmsnarl
|-damage|p1a: Grimmsnarl|18/100
|
|upkeep
|turn|3
|l| Lowladderubersnoob
|
|t:|1781039852
|move|p1a: Grimmsnarl|Light Screen|p1a: Grimmsnarl
|-sidestart|p1: uniandes5|move: Light Screen
|move|p2a: Ting-Lucifer|Stealth Rock|p1a: Grimmsnarl
|-sidestart|p1: uniandes5|move: Stealth Rock
|
|upkeep
|turn|4
|
|t:|1781039855
|switch|p1a: Mew|Mew|100/100
|-damage|p1a: Mew|88/100|[from] Stealth Rock
|move|p2a: Ting-Lucifer|Heavy Slam|p1a: Mew
|-damage|p1a: Mew|59/100
|
|upkeep
|turn|5
|
|t:|1781039859
|move|p1a: Mew|Dragon Dance|p1a: Mew
|-boost|p1a: Mew|atk|1
|-boost|p1a: Mew|spe|1
|move|p2a: Ting-Lucifer|Earthquake|p1a: Mew
|-damage|p1a: Mew|26/100
|
|upkeep
|turn|6
|
|t:|1781039865
|switch|p2a: Mandibuzz|Mandibuzz, F, shiny|100/100
|move|p1a: Mew|Drain Punch|p2a: Mandibuzz
|-damage|p2a: Mandibuzz|85/100
|-heal|p1a: Mew|34/100|[from] drain|[of] p2a: Mandibuzz
|-damage|p1a: Mew|17/100|[from] item: Rocky Helmet|[of] p2a: Mandibuzz
|
|upkeep
|turn|7
|
|t:|1781039868
|move|p1a: Mew|Ice Punch|p2a: Mandibuzz
|-supereffective|p2a: Mandibuzz
|-damage|p2a: Mandibuzz|50/100
|-damage|p1a: Mew|1/100|[from] item: Rocky Helmet|[of] p2a: Mandibuzz
|move|p2a: Mandibuzz|Foul Play|p1a: Mew
|-supereffective|p1a: Mew
|-damage|p1a: Mew|0 fnt
|faint|p1a: Mew
|
|upkeep
|j| Lowladderubersnoob
|
|t:|1781039878
|switch|p1a: Volcanion|Volcanion|100/100
|turn|8
|inactive|Omari P has 120 seconds left.
|
|t:|1781039921
|switch|p2a: Manaphy|Manaphy|100/100
|move|p1a: Volcanion|Steam Eruption|p2a: Manaphy
|-resisted|p2a: Manaphy
|-damage|p2a: Manaphy|76/100
|
|-heal|p2a: Manaphy|83/100|[from] item: Leftovers
|upkeep
|turn|9
|
|t:|1781039928
|switch|p1a: Tinkaton|Tinkaton, F|100/100
|-damage|p1a: Tinkaton|94/100|[from] Stealth Rock
|-ability|p1a: Tinkaton|Mold Breaker
|move|p2a: Manaphy|Take Heart|p2a: Manaphy
|-boost|p2a: Manaphy|spa|1
|-boost|p2a: Manaphy|spd|1
|
|-heal|p2a: Manaphy|89/100|[from] item: Leftovers
|-sideend|p1: uniandes5|Reflect
|upkeep
|turn|10
|
|t:|1781039934
|move|p2a: Manaphy|Scald|p1a: Tinkaton
|-damage|p1a: Tinkaton|76/100
|-status|p1a: Tinkaton|brn
|-enditem|p1a: Tinkaton|Red Card|[of] p2a: Manaphy
|drag|p2a: Cinderace|Cinderace, F|100/100
|move|p1a: Tinkaton|Thunder Wave|p2a: Cinderace
|-status|p2a: Cinderace|par
|
|-damage|p1a: Tinkaton|70/100 brn|[from] brn
|-sideend|p1: uniandes5|move: Light Screen
|upkeep
|turn|11
|
|t:|1781039942
|move|p1a: Tinkaton|Knock Off|p2a: Cinderace
|-damage|p2a: Cinderace|84/100 par
|-enditem|p2a: Cinderace|Charcoal|[from] move: Knock Off|[of] p1a: Tinkaton
|move|p2a: Cinderace|Pyro Ball|p1a: Tinkaton
|-supereffective|p1a: Tinkaton
|-damage|p1a: Tinkaton|0 fnt
|faint|p1a: Tinkaton
|
|upkeep
|
|t:|1781039950
|switch|p1a: Volcanion|Volcanion|100/100
|turn|12
|
|t:|1781039954
|switch|p2a: Manaphy|Manaphy|89/100
|move|p1a: Volcanion|Earth Power|p2a: Manaphy
|-damage|p2a: Manaphy|64/100
|
|-heal|p2a: Manaphy|71/100|[from] item: Leftovers
|upkeep
|turn|13
|
|t:|1781039957
|move|p2a: Manaphy|Tail Glow|p2a: Manaphy
|-boost|p2a: Manaphy|spa|3
|move|p1a: Volcanion|Body Press|p2a: Manaphy
|-damage|p2a: Manaphy|49/100
|
|-heal|p2a: Manaphy|55/100|[from] item: Leftovers
|upkeep
|turn|14
|
|t:|1781039959
|move|p2a: Manaphy|Take Heart|p2a: Manaphy
|-boost|p2a: Manaphy|spa|1
|-boost|p2a: Manaphy|spd|1
|move|p1a: Volcanion|Body Press|p2a: Manaphy
|-damage|p2a: Manaphy|33/100
|
|-heal|p2a: Manaphy|39/100|[from] item: Leftovers
|upkeep
|turn|15
|
|t:|1781039962
|move|p2a: Manaphy|Alluring Voice|p1a: Volcanion
|-resisted|p1a: Volcanion
|-damage|p1a: Volcanion|65/100
|move|p1a: Volcanion|Body Press|p2a: Manaphy
|-damage|p2a: Manaphy|16/100
|
|-heal|p2a: Manaphy|22/100|[from] item: Leftovers
|upkeep
|turn|16
|
|t:|1781039967
|move|p2a: Manaphy|Alluring Voice|p1a: Volcanion
|-resisted|p1a: Volcanion
|-damage|p1a: Volcanion|29/100
|move|p1a: Volcanion|Body Press|p2a: Manaphy
|-damage|p2a: Manaphy|0 fnt
|faint|p2a: Manaphy
|
|upkeep
|
|t:|1781039971
|switch|p2a: Hoopa|Hoopa|100/100
|turn|17
|
|t:|1781039974
|move|p2a: Hoopa|Shadow Ball|p1a: Volcanion
|-damage|p1a: Volcanion|0 fnt
|faint|p1a: Volcanion
|
|upkeep
|
|t:|1781039976
|switch|p1a: Grimmsnarl|Grimmsnarl, M|18/100
|-damage|p1a: Grimmsnarl|6/100|[from] Stealth Rock
|turn|18
|
|t:|1781039983
|move|p1a: Grimmsnarl|Reflect|p1a: Grimmsnarl
|-sidestart|p1: uniandes5|Reflect
|move|p2a: Hoopa|Shadow Ball|p1a: Grimmsnarl
|-resisted|p1a: Grimmsnarl
|-damage|p1a: Grimmsnarl|0 fnt
|faint|p1a: Grimmsnarl
|
|upkeep
|
|t:|1781039986
|switch|p1a: Latias|Latias, F|100/100
|-damage|p1a: Latias|88/100|[from] Stealth Rock
|turn|19
|
|t:|1781039989
|move|p1a: Latias|Calm Mind|p1a: Latias
|-boost|p1a: Latias|spa|1
|-boost|p1a: Latias|spd|1
|move|p2a: Hoopa|Calm Mind|p2a: Hoopa
|-boost|p2a: Hoopa|spa|1
|-boost|p2a: Hoopa|spd|1
|
|upkeep
|turn|20
|
|t:|1781039994
|switch|p2a: Mandibuzz|Mandibuzz, F, shiny|50/100
|move|p1a: Latias|Calm Mind|p1a: Latias
|-boost|p1a: Latias|spa|1
|-boost|p1a: Latias|spd|1
|
|upkeep
|turn|21
|
|t:|1781039998
|move|p1a: Latias|Calm Mind|p1a: Latias
|-boost|p1a: Latias|spa|1
|-boost|p1a: Latias|spd|1
|move|p2a: Mandibuzz|Toxic|p1a: Latias
|-status|p1a: Latias|tox
|-enditem|p1a: Latias|Lum Berry|[eat]
|-curestatus|p1a: Latias|tox|[msg]
|
|upkeep
|turn|22
|
|t:|1781040005
|-terastallize|p1a: Latias|Poison
|move|p1a: Latias|Calm Mind|p1a: Latias
|-boost|p1a: Latias|spa|1
|-boost|p1a: Latias|spd|1
|move|p2a: Mandibuzz|Toxic|p1a: Latias
|-immune|p1a: Latias
|
|upkeep
|turn|23
|
|t:|1781040010
|switch|p2a: Hoopa|Hoopa|100/100
|move|p1a: Latias|Calm Mind|p1a: Latias
|-boost|p1a: Latias|spa|1
|-boost|p1a: Latias|spd|1
|
|upkeep
|turn|24
|
|t:|1781040012
|move|p1a: Latias|Stored Power|p2a: Hoopa
|-resisted|p2a: Hoopa
|-damage|p2a: Hoopa|0 fnt
|faint|p2a: Hoopa
|
|upkeep
|
|t:|1781040017
|switch|p2a: Ting-Lucifer|Ting-Lu|59/100
|-ability|p2a: Ting-Lucifer|Vessel of Ruin
|turn|25
|
|t:|1781040020
|move|p1a: Latias|Aura Sphere|p2a: Ting-Lucifer
|-supereffective|p2a: Ting-Lucifer
|-damage|p2a: Ting-Lucifer|0 fnt
|faint|p2a: Ting-Lucifer
|
|-sideend|p1: uniandes5|Reflect
|upkeep
|c|☆Omari P|gg
|-message|Omari P forfeited.
|
|win|uniandes5
|raw|uniandes5's rating: 1528 &rarr; <strong>1550</strong><br />(+22 for winning)
|raw|Omari P's rating: 1563 &rarr; <strong>1541</strong><br />(-22 for losing)
|l|☆Omari P
|player|p2|
|l|☆uniandes5
|player|p1|
|l| Lowladderubersnoob
