|j|☆li dream
|j|☆jd2sleepy
|t:|1781090560
|gametype|singles
|player|p1|li dream|cynthia|1627
|player|p2|jd2sleepy|blackbelt-gen4dp|1596
|gen|9
|tier|[Gen 9] OU
|rated|
|rule|HP Percentage Mod: HP is shown in percentages
|rule|Endless Battle Clause: Forcing endless battles is banned
|rule|Species Clause: Limit one of each Pokémon
|rule|OHKO Clause: OHKO moves are banned
|rule|Evasion Items Clause: Evasion items are banned
|rule|Evasion Moves Clause: Evasion moves are banned
|rule|Evasion Abilities Clause: Evasion abilities are banned
|rule|Sleep Moves Clause: Sleep-inducing moves are banned
|clearpoke
|poke|p1|Manaphy|
|poke|p1|Gliscor, F|
|poke|p1|Hatterene, F|
|poke|p1|Ogerpon-Wellspring, F|
|poke|p1|Raging Bolt|
|poke|p1|Zamazenta-*|
|poke|p2|Indeedee, M|
|poke|p2|Deoxys-Speed|
|poke|p2|Hatterene, F|
|poke|p2|Ceruledge, F|
|poke|p2|Iron Treads|
|poke|p2|Hawlucha, M|
|teampreview
|inactive|Battle timer is ON: inactive players will automatically lose when time's up. (requested by li dream)
|
|t:|1781090579
|teamsize|p1|6
|teamsize|p2|6
|start
|switch|p1a: Ogerpon|Ogerpon-Wellspring, F|100/100
|switch|p2a: Indeedee.Com|Indeedee, M|100/100
|-fieldstart|move: Psychic Terrain|[from] ability: Psychic Surge|[of] p2a: Indeedee.Com
|turn|1
|
|t:|1781090584
|switch|p2a: Komi|Hatterene, F|100/100
|move|p1a: Ogerpon|Knock Off|p2a: Komi
|-damage|p2a: Komi|64/100
|-enditem|p2a: Komi|Eject Button|[from] move: Knock Off|[of] p1a: Ogerpon
|
|upkeep
|turn|2
|
|t:|1781090595
|switch|p1a: Gliscor|Gliscor, F|100/100
|move|p2a: Komi|Healing Wish|p2a: Komi
|faint|p2a: Komi
|
|-status|p1a: Gliscor|tox|[from] item: Toxic Orb
|upkeep
|
|t:|1781090597
|switch|p2a: Dioxys|Deoxys-Speed|100/100
|-ability|p2a: Dioxys|Pressure
|turn|3
|
|t:|1781090601
|move|p1a: Gliscor|Protect|p1a: Gliscor
|-singleturn|p1a: Gliscor|Protect
|move|p2a: Dioxys|Nasty Plot|p2a: Dioxys
|-boost|p2a: Dioxys|spa|2
|
|upkeep
|turn|4
|
|t:|1781090611
|switch|p1a: Raging Bolt|Raging Bolt|100/100
|-enditem|p1a: Raging Bolt|Booster Energy
|-activate|p1a: Raging Bolt|ability: Protosynthesis|[fromitem]
|-start|p1a: Raging Bolt|protosynthesisspa
|move|p2a: Dioxys|Psycho Boost|p1a: Raging Bolt
|-damage|p1a: Raging Bolt|0 fnt
|-unboost|p2a: Dioxys|spa|2
|faint|p1a: Raging Bolt
|-end|p1a: Raging Bolt|Protosynthesis|[silent]
|-damage|p2a: Dioxys|91/100|[from] item: Life Orb
|
|upkeep
|
|t:|1781090618
|switch|p1a: Gliscor|Gliscor, F|100/100 tox
|turn|5
|
|t:|1781090627
|move|p1a: Gliscor|Protect|p1a: Gliscor
|-singleturn|p1a: Gliscor|Protect
|move|p2a: Dioxys|Psycho Boost|p1a: Gliscor
|-activate|p1a: Gliscor|move: Protect
|
|upkeep
|turn|6
|
|t:|1781090631
|move|p2a: Dioxys|Psycho Boost|p1a: Gliscor
|-damage|p1a: Gliscor|0 fnt
|-unboost|p2a: Dioxys|spa|2
|faint|p1a: Gliscor
|-damage|p2a: Dioxys|81/100|[from] item: Life Orb
|
|upkeep
|
|t:|1781090636
|switch|p1a: Manaphy|Manaphy|100/100
|turn|7
|
|t:|1781090644
|move|p2a: Dioxys|Nasty Plot|p2a: Dioxys
|-boost|p2a: Dioxys|spa|2
|move|p1a: Manaphy|Take Heart|p1a: Manaphy
|-boost|p1a: Manaphy|spa|1
|-boost|p1a: Manaphy|spd|1
|
|upkeep
|turn|8
|
|t:|1781090657
|move|p2a: Dioxys|Nasty Plot|p2a: Dioxys
|-boost|p2a: Dioxys|spa|2
|move|p1a: Manaphy|Take Heart|p1a: Manaphy
|-boost|p1a: Manaphy|spa|1
|-boost|p1a: Manaphy|spd|1
|
|-fieldend|move: Psychic Terrain
|upkeep
|turn|9
|
|t:|1781090660
|move|p2a: Dioxys|Nasty Plot|p2a: Dioxys
|-boost|p2a: Dioxys|spa|2
|move|p1a: Manaphy|Scald|p2a: Dioxys
|-damage|p2a: Dioxys|0 fnt
|faint|p2a: Dioxys
|
|upkeep
|
|t:|1781090677
|switch|p2a: Slayboi Carti|Ceruledge, F|100/100
|turn|10
|
|t:|1781090681
|move|p1a: Manaphy|Acid Armor|p1a: Manaphy
|-boost|p1a: Manaphy|def|2
|move|p2a: Slayboi Carti|Poltergeist|p1a: Manaphy
|-activate|p1a: Manaphy|move: Poltergeist|Leftovers
|-damage|p1a: Manaphy|77/100
|
|-heal|p1a: Manaphy|83/100|[from] item: Leftovers
|upkeep
|turn|11
|
|t:|1781090683
|switch|p2a: Indeedee.Com|Indeedee, M|100/100
|-fieldstart|move: Psychic Terrain|[from] ability: Psychic Surge|[of] p2a: Indeedee.Com
|move|p1a: Manaphy|Acid Armor|p1a: Manaphy
|-boost|p1a: Manaphy|def|2
|
|-heal|p1a: Manaphy|90/100|[from] item: Leftovers
|upkeep
|turn|12
|
|t:|1781090691
|move|p1a: Manaphy|Stored Power|p2a: Indeedee.Com
|-resisted|p2a: Indeedee.Com
|-damage|p2a: Indeedee.Com|31/100
|move|p2a: Indeedee.Com|Encore|p1a: Manaphy
|-start|p1a: Manaphy|Encore
|
|-heal|p1a: Manaphy|96/100|[from] item: Leftovers
|upkeep
|turn|13
|
|t:|1781090695
|move|p1a: Manaphy|Stored Power|p2a: Indeedee.Com
|-resisted|p2a: Indeedee.Com
|-damage|p2a: Indeedee.Com|0 fnt
|faint|p2a: Indeedee.Com
|
|-heal|p1a: Manaphy|100/100|[from] item: Leftovers
|upkeep
|
|t:|1781090698
|switch|p2a: Slayboi Carti|Ceruledge, F|100/100
|turn|14
|-message|jd2sleepy forfeited.
|
|win|li dream
|raw|li dream's rating: 1627 &rarr; <strong>1645</strong><br />(+18 for winning)
|raw|jd2sleepy's rating: 1596 &rarr; <strong>1578</strong><br />(-18 for losing)
|l|☆jd2sleepy
|player|p2|
|l|☆li dream
|player|p1|
