|j|☆my2005
|j|‽aaagislash
|t:|1781244265
|gametype|singles
|player|p1|my2005|170|1607
|player|p2|aaagislash|265|1583
|gen|9
|tier|[Gen 9] OU
|rated|
|rule|HP Percentage Mod: HP is shown in percentages
|rule|Endless Battle Clause: Forcing endless battles is banned
|rule|Species Clause: Limit one of each Pokémon
|rule|OHKO Clause: OHKO moves are banned
|rule|Evasion Items Clause: Evasion items are banned
|rule|Evasion Moves Clause: Evasion moves are banned
|rule|Evasion Abilities Clause: Evasion abilities are banned
|rule|Sleep Moves Clause: Sleep-inducing moves are banned
|clearpoke
|poke|p1|Slowking-Galar, F|
|poke|p1|Whimsicott, F|
|poke|p1|Kyurem|
|poke|p1|Cinderace, M|
|poke|p1|Great Tusk|
|poke|p1|Alomomola, M|
|poke|p2|Regieleki|
|poke|p2|Araquanid, M|
|poke|p2|Dragapult, F|
|poke|p2|Samurott-Hisui, M|
|poke|p2|Great Tusk|
|poke|p2|Zoroark-Hisui, M|
|teampreview
|
|t:|1781244281
|teamsize|p1|6
|teamsize|p2|6
|start
|switch|p1a: Kyurem|Kyurem|100/100
|switch|p2a: Dragapult|Dragapult, F|100/100
|-ability|p1a: Kyurem|Pressure
|turn|1
|
|t:|1781244283
|move|p1a: Kyurem|Protect|p1a: Kyurem
|-singleturn|p1a: Kyurem|Protect
|move|p2a: Dragapult|Draco Meteor|p1a: Kyurem
|-activate|p1a: Kyurem|move: Protect
|
|upkeep
|turn|2
|
|t:|1781244288
|switch|p1a: Slowking|Slowking-Galar, F|100/100
|move|p2a: Dragapult|Infestation|p1a: Slowking
|-damage|p1a: Slowking|97/100
|-activate|p1a: Slowking|move: Infestation|[of] p2a: Dragapult
|
|-damage|p1a: Slowking|84/100|[from] move: Infestation|[partiallytrapped]
|upkeep
|turn|3
|
|t:|1781244291
|move|p2a: Dragapult|Will-O-Wisp|p1a: Slowking
|-status|p1a: Slowking|brn
|move|p1a: Slowking|Ice Beam|p2a: Dragapult
|-supereffective|p2a: Dragapult
|-damage|p2a: Dragapult|18/100
|-enditem|p2a: Dragapult|Weakness Policy
|-boost|p2a: Dragapult|atk|2|[from] item: Weakness Policy
|-boost|p2a: Dragapult|spa|2|[from] item: Weakness Policy
|
|-damage|p1a: Slowking|78/100 brn|[from] brn
|-damage|p1a: Slowking|66/100 brn|[from] move: Infestation|[partiallytrapped]
|upkeep
|turn|4
|
|t:|1781244296
|-terastallize|p1a: Slowking|Bug
|move|p2a: Dragapult|Hex|p1a: Slowking
|-damage|p1a: Slowking|0 fnt
|faint|p1a: Slowking
|
|upkeep
|
|t:|1781244301
|switch|p1a: Cinderace|Cinderace, M|100/100
|turn|5
|
|t:|1781244306
|move|p2a: Dragapult|Draco Meteor|p1a: Cinderace
|-damage|p1a: Cinderace|0 fnt
|-unboost|p2a: Dragapult|spa|2
|faint|p1a: Cinderace
|
|upkeep
|
|t:|1781244311
|switch|p1a: Whimsicott|Whimsicott, F|100/100
|turn|6
|
|t:|1781244315
|switch|p2a: Samurott|Samurott-Hisui, M|100/100
|move|p1a: Whimsicott|Leech Seed|p2a: Samurott
|-hint|Since gen 7, Dark is immune to Prankster moves.
|-immune|p2a: Samurott
|
|upkeep
|turn|7
|
|t:|1781244318
|move|p1a: Whimsicott|U-turn|p2a: Samurott
|-supereffective|p2a: Samurott
|-damage|p2a: Samurott|75/100
|
|t:|1781244322
|switch|p1a: Kyurem|Kyurem|100/100|[from] U-turn
|-ability|p1a: Kyurem|Pressure
|move|p2a: Samurott|Ceaseless Edge|p1a: Kyurem
|-damage|p1a: Kyurem|62/100
|-sidestart|p1: my2005|Spikes
|
|-heal|p1a: Kyurem|68/100|[from] item: Leftovers
|upkeep
|turn|8
|
|t:|1781244326
|move|p1a: Kyurem|Freeze-Dry|p2a: Samurott
|-supereffective|p2a: Samurott
|-damage|p2a: Samurott|21/100
|move|p2a: Samurott|Knock Off|p1a: Kyurem
|-damage|p1a: Kyurem|33/100
|-enditem|p1a: Kyurem|Leftovers|[from] move: Knock Off|[of] p2a: Samurott
|
|upkeep
|turn|9
|inactive|Battle timer is ON: inactive players will automatically lose when time's up. (requested by my2005)
|
|t:|1781244335
|move|p1a: Kyurem|Substitute|p1a: Kyurem
|-start|p1a: Kyurem|Substitute
|-damage|p1a: Kyurem|8/100
|move|p2a: Samurott|Ceaseless Edge|p1a: Kyurem
|-end|p1a: Kyurem|Substitute
|-sidestart|p1: my2005|Spikes
|
|upkeep
|turn|10
|
|t:|1781244340
|switch|p2a: Araquanid|Araquanid, M|100/100
|move|p1a: Kyurem|Freeze-Dry|p2a: Araquanid
|-supereffective|p2a: Araquanid
|-damage|p2a: Araquanid|40/100
|-enditem|p2a: Araquanid|Red Card|[of] p1a: Kyurem
|drag|p1a: Whimsicott|Whimsicott, F|100/100
|-damage|p1a: Whimsicott|84/100|[from] Spikes
|
|-heal|p1a: Whimsicott|90/100|[from] item: Leftovers
|upkeep
|turn|11
|
|t:|1781244346
|move|p1a: Whimsicott|U-turn|p2a: Araquanid
|-damage|p2a: Araquanid|27/100
|
|t:|1781244349
|switch|p1a: Kyurem|Kyurem|8/100|[from] U-turn
|-damage|p1a: Kyurem|0 fnt|[from] Spikes
|faint|p1a: Kyurem
|move|p2a: Araquanid|Endeavor|p1: Kyurem|[notarget]
|-fail|p2a: Araquanid
|
|upkeep
|
|t:|1781244364
|switch|p1a: Great Tusk|Great Tusk|100/100
|-damage|p1a: Great Tusk|84/100|[from] Spikes
|-enditem|p1a: Great Tusk|Booster Energy
|-activate|p1a: Great Tusk|ability: Protosynthesis|[fromitem]
|-start|p1a: Great Tusk|protosynthesisspe
|turn|12
|
|t:|1781244369
|move|p1a: Great Tusk|Headlong Rush|p2a: Araquanid
|-resisted|p2a: Araquanid
|-damage|p2a: Araquanid|1/100
|-unboost|p1a: Great Tusk|def|1
|-unboost|p1a: Great Tusk|spd|1
|move|p2a: Araquanid|Surf|p1a: Great Tusk
|-supereffective|p1a: Great Tusk
|-damage|p1a: Great Tusk|0 fnt
|faint|p1a: Great Tusk
|-end|p1a: Great Tusk|Protosynthesis|[silent]
|
|upkeep
|-message|my2005 forfeited.
|
|win|aaagislash
|raw|my2005's rating: 1607 &rarr; <strong>1586</strong><br />(-21 for losing)
|raw|aaagislash's rating: 1583 &rarr; <strong>1604</strong><br />(+21 for winning)
|l|☆my2005
|player|p1|
|l|‽aaagislash
|player|p2|
