|j|☆ashavathama
|j|☆BlackStar150520
|t:|1781500464
|gametype|singles
|player|p1|ashavathama|265|1555
|player|p2|BlackStar150520|unknown|1785
|gen|9
|tier|[Gen 9] OU
|rated|
|rule|HP Percentage Mod: HP is shown in percentages
|rule|Endless Battle Clause: Forcing endless battles is banned
|rule|Species Clause: Limit one of each Pokémon
|rule|OHKO Clause: OHKO moves are banned
|rule|Evasion Items Clause: Evasion items are banned
|rule|Evasion Moves Clause: Evasion moves are banned
|rule|Evasion Abilities Clause: Evasion abilities are banned
|rule|Sleep Moves Clause: Sleep-inducing moves are banned
|clearpoke
|poke|p1|Samurott-Hisui, M|
|poke|p1|Kingambit, M|
|poke|p1|Raging Bolt|
|poke|p1|Rillaboom, F|
|poke|p1|Iron Treads|
|poke|p1|Kyurem|
|poke|p2|Raging Bolt|
|poke|p2|Kingambit, M|
|poke|p2|Iron Moth|
|poke|p2|Ogerpon-Wellspring, F|
|poke|p2|Scizor, M|
|poke|p2|Great Tusk|
|teampreview
|inactive|Battle timer is ON: inactive players will automatically lose when time's up. (requested by BlackStar150520)
|
|t:|1781500473
|teamsize|p1|6
|teamsize|p2|6
|start
|switch|p1a: Samurott|Samurott-Hisui, M|100/100
|switch|p2a: Red Lightning|Scizor, M|100/100
|turn|1
|
|t:|1781500484
|move|p1a: Samurott|Flip Turn|p2a: Red Lightning
|-damage|p2a: Red Lightning|71/100
|
|t:|1781500487
|switch|p1a: Iron Treads|Iron Treads|100/100|[from] Flip Turn
|move|p2a: Red Lightning|U-turn|p1a: Iron Treads
|-resisted|p1a: Iron Treads
|-damage|p1a: Iron Treads|75/100
|
|t:|1781500490
|switch|p2a: 🎭|Ogerpon-Wellspring, F|100/100|[from] U-turn
|
|-heal|p1a: Iron Treads|81/100|[from] item: Leftovers
|upkeep
|turn|2
|
|t:|1781500498
|-end|p1a: Iron Treads|Quark Drive|[silent]
|switch|p1a: Rillaboom|Rillaboom, F|100/100
|-fieldstart|move: Grassy Terrain|[from] ability: Grassy Surge|[of] p1a: Rillaboom
|move|p2a: 🎭|Knock Off|p1a: Rillaboom
|-damage|p1a: Rillaboom|58/100
|-enditem|p1a: Rillaboom|Life Orb|[from] move: Knock Off|[of] p2a: 🎭
|
|-heal|p1a: Rillaboom|64/100|[from] Grassy Terrain
|upkeep
|turn|3
|
|t:|1781500501
|move|p2a: 🎭|U-turn|p1a: Rillaboom
|-supereffective|p1a: Rillaboom
|-damage|p1a: Rillaboom|1/100
|
|t:|1781500506
|switch|p2a: Red Lightning|Scizor, M|71/100|[from] U-turn
|move|p1a: Rillaboom|Knock Off|p2a: Red Lightning
|-crit|p2a: Red Lightning
|-damage|p2a: Red Lightning|10/100
|-enditem|p2a: Red Lightning|Choice Band|[from] move: Knock Off|[of] p1a: Rillaboom
|
|-heal|p1a: Rillaboom|7/100|[from] Grassy Terrain
|-heal|p2a: Red Lightning|16/100|[from] Grassy Terrain
|upkeep
|turn|4
|
|t:|1781500514
|move|p1a: Rillaboom|Grassy Glide|p2a: Red Lightning
|-resisted|p2a: Red Lightning
|-damage|p2a: Red Lightning|5/100
|move|p2a: Red Lightning|Bullet Punch|p1a: Rillaboom
|-damage|p1a: Rillaboom|0 fnt
|faint|p1a: Rillaboom
|
|-heal|p2a: Red Lightning|11/100|[from] Grassy Terrain
|upkeep
|
|t:|1781500519
|switch|p1a: Samurott|Samurott-Hisui, M|100/100
|turn|5
|
|t:|1781500523
|switch|p2a: Mega Donphan|Great Tusk|100/100
|move|p1a: Samurott|Ceaseless Edge|p2a: Mega Donphan
|-resisted|p2a: Mega Donphan
|-damage|p2a: Mega Donphan|85/100
|-sidestart|p2: BlackStar150520|Spikes
|
|-heal|p2a: Mega Donphan|92/100|[from] Grassy Terrain
|upkeep
|turn|6
|
|t:|1781500528
|switch|p1a: Kyurem|Kyurem|100/100
|-ability|p1a: Kyurem|Pressure
|move|p2a: Mega Donphan|Rapid Spin|p1a: Kyurem
|-damage|p1a: Kyurem|85/100
|-boost|p2a: Mega Donphan|spe|1
|-sideend|p2: BlackStar150520|Spikes|[from] move: Rapid Spin|[of] p2a: Mega Donphan
|
|-heal|p2a: Mega Donphan|98/100|[from] Grassy Terrain
|-heal|p1a: Kyurem|91/100|[from] Grassy Terrain
|-fieldend|move: Grassy Terrain
|upkeep
|turn|7
|
|t:|1781500536
|-end|p2a: Mega Donphan|Protosynthesis|[silent]
|switch|p2a: Red Lightning|Scizor, M|11/100
|move|p1a: Kyurem|Draco Meteor|p2a: Red Lightning
|-resisted|p2a: Red Lightning
|-damage|p2a: Red Lightning|0 fnt
|-unboost|p1a: Kyurem|spa|2
|faint|p2a: Red Lightning
|
|upkeep
|
|t:|1781500542
|switch|p2a: Aizen🗡️|Kingambit, M, shiny|100/100
|-activate|p2a: Aizen🗡️|ability: Supreme Overlord
|-start|p2a: Aizen🗡️|fallen1|[silent]
|turn|8
|
|t:|1781500547
|switch|p1a: Iron Treads|Iron Treads|81/100
|move|p2a: Aizen🗡️|Low Kick|p1a: Iron Treads
|-supereffective|p1a: Iron Treads
|-damage|p1a: Iron Treads|0 fnt
|faint|p1a: Iron Treads
|-end|p1a: Iron Treads|Quark Drive|[silent]
|
|upkeep
|
|t:|1781500556
|switch|p1a: Raging Bolt|Raging Bolt|100/100
|-enditem|p1a: Raging Bolt|Booster Energy
|-activate|p1a: Raging Bolt|ability: Protosynthesis|[fromitem]
|-start|p1a: Raging Bolt|protosynthesisspa
|turn|9
|
|t:|1781500561
|-end|p2a: Aizen🗡️|fallen1|[silent]
|switch|p2a: Mega Donphan|Great Tusk|98/100
|-terastallize|p1a: Raging Bolt|Fairy
|move|p1a: Raging Bolt|Calm Mind|p1a: Raging Bolt
|-boost|p1a: Raging Bolt|spa|1
|-boost|p1a: Raging Bolt|spd|1
|
|upkeep
|turn|10
|j| lowladderubersnoob
|
|t:|1781500568
|move|p2a: Mega Donphan|Headlong Rush|p1a: Raging Bolt
|-damage|p1a: Raging Bolt|42/100
|-unboost|p2a: Mega Donphan|def|1
|-unboost|p2a: Mega Donphan|spd|1
|move|p1a: Raging Bolt|Dragon Pulse|p2a: Mega Donphan
|-damage|p2a: Mega Donphan|0 fnt
|faint|p2a: Mega Donphan
|-end|p2a: Mega Donphan|Protosynthesis|[silent]
|
|upkeep
|
|t:|1781500578
|switch|p2a: Robo Rona|Iron Moth|100/100
|-enditem|p2a: Robo Rona|Booster Energy
|-activate|p2a: Robo Rona|ability: Quark Drive|[fromitem]
|-start|p2a: Robo Rona|quarkdrivespe
|turn|11
|
|t:|1781500582
|move|p1a: Raging Bolt|Thunderclap|p2a: Robo Rona
|-damage|p2a: Robo Rona|17/100
|move|p2a: Robo Rona|Sludge Wave|p1a: Raging Bolt
|-supereffective|p1a: Raging Bolt
|-damage|p1a: Raging Bolt|0 fnt
|faint|p1a: Raging Bolt
|-end|p1a: Raging Bolt|Protosynthesis|[silent]
|
|upkeep
|
|t:|1781500586
|switch|p1a: Samurott|Samurott-Hisui, M|100/100
|turn|12
|
|t:|1781500591
|-end|p2a: Robo Rona|Quark Drive|[silent]
|switch|p2a: 🎭|Ogerpon-Wellspring, F|100/100
|move|p1a: Samurott|Ceaseless Edge|p2a: 🎭
|-damage|p2a: 🎭|39/100
|-sidestart|p2: BlackStar150520|Spikes
|
|upkeep
|turn|13
|
|t:|1781500598
|switch|p2a: Aizen🗡️|Kingambit, M, shiny|100/100
|-damage|p2a: Aizen🗡️|88/100|[from] Spikes
|-activate|p2a: Aizen🗡️|ability: Supreme Overlord
|-start|p2a: Aizen🗡️|fallen2|[silent]
|move|p1a: Samurott|Ceaseless Edge|p2a: Aizen🗡️
|-resisted|p2a: Aizen🗡️
|-damage|p2a: Aizen🗡️|72/100
|-sidestart|p2: BlackStar150520|Spikes
|
|-heal|p2a: Aizen🗡️|78/100|[from] item: Leftovers
|upkeep
|turn|14
|
|t:|1781500608
|move|p1a: Samurott|Ceaseless Edge|p2a: Aizen🗡️
|-resisted|p2a: Aizen🗡️
|-damage|p2a: Aizen🗡️|62/100
|-sidestart|p2: BlackStar150520|Spikes
|move|p2a: Aizen🗡️|Low Kick|p1a: Samurott
|-supereffective|p1a: Samurott
|-damage|p1a: Samurott|2/100
|
|-heal|p2a: Aizen🗡️|68/100|[from] item: Leftovers
|upkeep
|turn|15
|
|t:|1781500612
|move|p2a: Aizen🗡️|Sucker Punch|p1a: Samurott
|-resisted|p1a: Samurott
|-damage|p1a: Samurott|0 fnt
|faint|p1a: Samurott
|
|-heal|p2a: Aizen🗡️|74/100|[from] item: Leftovers
|upkeep
|
|t:|1781500615
|switch|p1a: Kyurem|Kyurem|91/100
|-ability|p1a: Kyurem|Pressure
|turn|16
|
|t:|1781500618
|-end|p2a: Aizen🗡️|fallen2|[silent]
|switch|p2a: Robo Rona|Iron Moth|17/100
|-damage|p2a: Robo Rona|0 fnt|[from] Spikes
|faint|p2a: Robo Rona
|-end|p2a: Robo Rona|Quark Drive|[silent]
|move|p1a: Kyurem|Earth Power|p2: Robo Rona|[notarget]
|-fail|p1a: Kyurem
|
|upkeep
|
|t:|1781500624
|switch|p2a: 🎭|Ogerpon-Wellspring, F|39/100
|-damage|p2a: 🎭|14/100|[from] Spikes
|turn|17
|
|t:|1781500632
|move|p2a: 🎭|Encore|p1a: Kyurem
|-start|p1a: Kyurem|Encore
|move|p1a: Kyurem|Earth Power|p2a: 🎭
|-resisted|p2a: 🎭
|-damage|p2a: 🎭|0 fnt
|faint|p2a: 🎭
|
|upkeep
|
|t:|1781500633
|switch|p2a: ⚡️|Raging Bolt|100/100
|-damage|p2a: ⚡️|75/100|[from] Spikes
|turn|18
|
|t:|1781500638
|-terastallize|p2a: ⚡️|Bug
|move|p1a: Kyurem|Earth Power|p2a: ⚡️
|-resisted|p2a: ⚡️
|-damage|p2a: ⚡️|58/100
|move|p2a: ⚡️|Calm Mind|p2a: ⚡️
|-boost|p2a: ⚡️|spa|1
|-boost|p2a: ⚡️|spd|1
|
|-heal|p2a: ⚡️|65/100|[from] item: Leftovers
|upkeep
|turn|19
|
|t:|1781500645
|switch|p1a: Kingambit|Kingambit, M|100/100
|-activate|p1a: Kingambit|ability: Supreme Overlord
|-start|p1a: Kingambit|fallen4|[silent]
|move|p2a: ⚡️|Dragon Pulse|p1a: Kingambit
|-resisted|p1a: Kingambit
|-damage|p1a: Kingambit|60/100
|
|-heal|p2a: ⚡️|71/100|[from] item: Leftovers
|upkeep
|turn|20
|
|t:|1781500654
|move|p2a: ⚡️|Thunderbolt|p1a: Kingambit
|-damage|p1a: Kingambit|0 fnt
|faint|p1a: Kingambit
|-end|p1a: Kingambit|fallen4|[silent]
|
|-heal|p2a: ⚡️|77/100|[from] item: Leftovers
|upkeep
|j| nivalys99
|
|t:|1781500659
|switch|p1a: Kyurem|Kyurem|91/100
|-ability|p1a: Kyurem|Pressure
|turn|21
|
|t:|1781500663
|move|p1a: Kyurem|Ice Beam|p2a: ⚡️
|-damage|p2a: ⚡️|44/100
|move|p2a: ⚡️|Dragon Pulse|p1a: Kyurem
|-supereffective|p1a: Kyurem
|-damage|p1a: Kyurem|2/100
|
|-heal|p2a: ⚡️|50/100|[from] item: Leftovers
|upkeep
|turn|22
|
|t:|1781500667
|move|p2a: ⚡️|Thunderclap|p1a: Kyurem
|-resisted|p1a: Kyurem
|-damage|p1a: Kyurem|0 fnt
|faint|p1a: Kyurem
|
|win|BlackStar150520
|raw|ashavathama's rating: 1555 &rarr; <strong>1547</strong><br />(-8 for losing)
|raw|BlackStar150520's rating: 1785 &rarr; <strong>1793</strong><br />(+8 for winning)
|l|☆ashavathama
|player|p1|
|l|☆BlackStar150520
|player|p2|
|l| lowladderubersnoob
