|j|☆0c3an m4n
|j|☆Joegirl
|t:|1781557031
|gametype|singles
|player|p1|0c3an m4n|marlon|1547
|player|p2|Joegirl|169|1544
|gen|9
|tier|[Gen 9] OU
|rated|
|rule|HP Percentage Mod: HP is shown in percentages
|rule|Endless Battle Clause: Forcing endless battles is banned
|rule|Species Clause: Limit one of each Pokémon
|rule|OHKO Clause: OHKO moves are banned
|rule|Evasion Items Clause: Evasion items are banned
|rule|Evasion Moves Clause: Evasion moves are banned
|rule|Evasion Abilities Clause: Evasion abilities are banned
|rule|Sleep Moves Clause: Sleep-inducing moves are banned
|clearpoke
|poke|p1|Quaquaval, M|
|poke|p1|Barraskewda, F|
|poke|p1|Pelipper, M|
|poke|p1|Slither Wing|
|poke|p1|Hatterene, F|
|poke|p1|Gastrodon-East, M|
|poke|p2|Cresselia, F|
|poke|p2|Walking Wake|
|poke|p2|Torkoal, F|
|poke|p2|Raging Bolt|
|poke|p2|Rillaboom, M|
|poke|p2|Ceruledge, M|
|teampreview
|inactive|Battle timer is ON: inactive players will automatically lose when time's up. (requested by Joegirl)
|
|t:|1781557058
|teamsize|p1|6
|teamsize|p2|6
|start
|switch|p1a: El papu|Slither Wing, shiny|100/100
|switch|p2a: Rillaboom|Rillaboom, M|100/100
|-fieldstart|move: Grassy Terrain|[from] ability: Grassy Surge|[of] p2a: Rillaboom
|turn|1
|
|t:|1781557067
|switch|p2a: Torkoal|Torkoal, F|100/100
|-weather|SunnyDay|[from] ability: Drought|[of] p2a: Torkoal
|-activate|p1a: El papu|ability: Protosynthesis
|-start|p1a: El papu|protosynthesisatk
|-terastallize|p1a: El papu|Bug
|move|p1a: El papu|U-turn|p2a: Torkoal
|-resisted|p2a: Torkoal
|-damage|p2a: Torkoal|64/100
|
|t:|1781557079
|-end|p1a: El papu|Protosynthesis|[silent]
|switch|p1a: Risk of what?|Pelipper, M, shiny|100/100|[from] U-turn
|-weather|RainDance|[from] ability: Drizzle|[of] p1a: Risk of what?
|
|-weather|RainDance|[upkeep]
|-heal|p2a: Torkoal|70/100|[from] Grassy Terrain
|upkeep
|turn|2
|
|t:|1781557083
|switch|p2a: Rillaboom|Rillaboom, M|100/100
|move|p1a: Risk of what?|U-turn|p2a: Rillaboom
|-supereffective|p2a: Rillaboom
|-damage|p2a: Rillaboom|80/100
|
|t:|1781557085
|switch|p1a: El papu|Slither Wing, shiny, tera:Bug|100/100|[from] U-turn
|
|-weather|RainDance|[upkeep]
|-heal|p2a: Rillaboom|86/100|[from] Grassy Terrain
|upkeep
|turn|3
|
|t:|1781557095
|switch|p2a: Torkoal|Torkoal, F|70/100
|-weather|SunnyDay|[from] ability: Drought|[of] p2a: Torkoal
|-activate|p1a: El papu|ability: Protosynthesis
|-start|p1a: El papu|protosynthesisatk
|move|p1a: El papu|U-turn|p2a: Torkoal
|-resisted|p2a: Torkoal
|-damage|p2a: Torkoal|31/100
|
|t:|1781557098
|-end|p1a: El papu|Protosynthesis|[silent]
|switch|p1a: Risk of what?|Pelipper, M, shiny|100/100|[from] U-turn
|-weather|RainDance|[from] ability: Drizzle|[of] p1a: Risk of what?
|
|-weather|RainDance|[upkeep]
|-heal|p2a: Torkoal|37/100|[from] Grassy Terrain
|upkeep
|turn|4
|
|t:|1781557103
|move|p1a: Risk of what?|U-turn|p2a: Torkoal
|-resisted|p2a: Torkoal
|-damage|p2a: Torkoal|33/100
|
|t:|1781557105
|switch|p1a: Si|Hatterene, F, shiny|100/100|[from] U-turn
|move|p2a: Torkoal|Stealth Rock|p1a: Si
|move|p1a: Si|Stealth Rock|p2a: Torkoal|[from] ability: Magic Bounce
|-sidestart|p2: Joegirl|move: Stealth Rock
|
|-weather|RainDance|[upkeep]
|-heal|p2a: Torkoal|39/100|[from] Grassy Terrain
|upkeep
|turn|5
|
|t:|1781557112
|move|p1a: Si|Nuzzle|p2a: Torkoal
|-damage|p2a: Torkoal|36/100
|-status|p2a: Torkoal|par
|cant|p2a: Torkoal|par
|
|-weather|RainDance|[upkeep]
|-heal|p2a: Torkoal|42/100 par|[from] Grassy Terrain
|-fieldend|move: Grassy Terrain
|upkeep
|turn|6
|
|t:|1781557117
|move|p1a: Si|Psychic|p2a: Torkoal
|-damage|p2a: Torkoal|0 fnt
|faint|p2a: Torkoal
|
|-weather|RainDance|[upkeep]
|upkeep
|
|t:|1781557134
|switch|p2a: Walking Wake|Walking Wake|100/100
|-damage|p2a: Walking Wake|88/100|[from] Stealth Rock
|turn|7
|
|t:|1781557137
|switch|p1a: No Shell :(|Gastrodon-East, M, shiny|100/100
|move|p2a: Walking Wake|Hydro Steam|p1a: No Shell :(
|-ability|p1a: No Shell :(|Storm Drain|boost
|-boost|p1a: No Shell :(|spa|1
|
|-weather|RainDance|[upkeep]
|upkeep
|turn|8
|
|t:|1781557143
|-end|p2a: Walking Wake|Protosynthesis|[silent]
|switch|p2a: Rillaboom|Rillaboom, M|86/100
|-damage|p2a: Rillaboom|74/100|[from] Stealth Rock
|-fieldstart|move: Grassy Terrain|[from] ability: Grassy Surge|[of] p2a: Rillaboom
|move|p1a: No Shell :(|Ice Beam|p2a: Rillaboom
|-supereffective|p2a: Rillaboom
|-crit|p2a: Rillaboom
|-damage|p2a: Rillaboom|0 fnt
|faint|p2a: Rillaboom
|
|-weather|RainDance|[upkeep]
|upkeep
|
|t:|1781557150
|switch|p2a: Cresselia|Cresselia, F|100/100
|-damage|p2a: Cresselia|88/100|[from] Stealth Rock
|turn|9
|
|t:|1781557152
|move|p2a: Cresselia|Calm Mind|p2a: Cresselia
|-boost|p2a: Cresselia|spa|1
|-boost|p2a: Cresselia|spd|1
|move|p1a: No Shell :(|Surf|p2a: Cresselia
|-damage|p2a: Cresselia|55/100
|
|-weather|RainDance|[upkeep]
|upkeep
|turn|10
|
|t:|1781557159
|switch|p1a: El papu|Slither Wing, shiny, tera:Bug|100/100
|move|p2a: Cresselia|Calm Mind|p2a: Cresselia
|-boost|p2a: Cresselia|spa|1
|-boost|p2a: Cresselia|spd|1
|
|-weather|none
|upkeep
|turn|11
|
|t:|1781557163
|-terastallize|p2a: Cresselia|Poison
|move|p1a: El papu|U-turn|p2a: Cresselia
|-resisted|p2a: Cresselia
|-damage|p2a: Cresselia|34/100
|
|t:|1781557169
|-end|p1a: El papu|Protosynthesis|[silent]
|switch|p1a: Risk of what?|Pelipper, M, shiny|100/100|[from] U-turn
|-weather|RainDance|[from] ability: Drizzle|[of] p1a: Risk of what?
|move|p2a: Cresselia|Moonlight|p2a: Cresselia
|-heal|p2a: Cresselia|59/100
|
|-weather|RainDance|[upkeep]
|upkeep
|turn|12
|
|t:|1781557175
|move|p2a: Cresselia|Moonlight|p2a: Cresselia
|-heal|p2a: Cresselia|84/100
|move|p1a: Risk of what?|U-turn|p2a: Cresselia
|-resisted|p2a: Cresselia
|-damage|p2a: Cresselia|82/100
|
|t:|1781557176
|switch|p1a: Sphyraena (Fih) 🐟|Barraskewda, F, shiny|100/100|[from] U-turn
|
|-weather|RainDance|[upkeep]
|-fieldend|move: Grassy Terrain
|upkeep
|turn|13
|
|t:|1781557179
|move|p1a: Sphyraena (Fih) 🐟|Liquidation|p2a: Cresselia
|-damage|p2a: Cresselia|29/100
|move|p2a: Cresselia|Moonblast|p1a: Sphyraena (Fih) 🐟
|-damage|p1a: Sphyraena (Fih) 🐟|22/100
|
|-weather|RainDance|[upkeep]
|upkeep
|turn|14
|
|t:|1781557189
|switch|p2a: Raging Bolt|Raging Bolt|100/100
|-damage|p2a: Raging Bolt|88/100|[from] Stealth Rock
|move|p1a: Sphyraena (Fih) 🐟|Liquidation|p2a: Raging Bolt
|-resisted|p2a: Raging Bolt
|-damage|p2a: Raging Bolt|47/100
|-unboost|p2a: Raging Bolt|def|1
|
|-weather|RainDance|[upkeep]
|upkeep
|turn|15
|
|t:|1781557198
|switch|p1a: No Shell :(|Gastrodon-East, M, shiny|100/100
|move|p2a: Raging Bolt|Dragon Pulse|p1a: No Shell :(
|-damage|p1a: No Shell :(|26/100
|
|-weather|RainDance|[upkeep]
|-heal|p1a: No Shell :(|32/100|[from] item: Leftovers
|upkeep
|turn|16
|
|t:|1781557203
|switch|p1a: Si|Hatterene, F, shiny|100/100
|move|p2a: Raging Bolt|Dragon Pulse|p1a: Si
|-immune|p1a: Si
|
|-weather|RainDance|[upkeep]
|upkeep
|turn|17
|
|t:|1781557208
|-end|p2a: Raging Bolt|Protosynthesis|[silent]
|switch|p2a: Ceruledge|Ceruledge, M|100/100
|-damage|p2a: Ceruledge|76/100|[from] Stealth Rock
|-item|p2a: Ceruledge|Air Balloon
|move|p1a: Si|Psychic|p2a: Ceruledge
|-crit|p2a: Ceruledge
|-damage|p2a: Ceruledge|0 fnt
|-enditem|p2a: Ceruledge|Air Balloon
|faint|p2a: Ceruledge
|
|-weather|RainDance|[upkeep]
|upkeep
|
|t:|1781557212
|switch|p2a: Walking Wake|Walking Wake|88/100
|-damage|p2a: Walking Wake|76/100|[from] Stealth Rock
|turn|18
|
|t:|1781557217
|move|p2a: Walking Wake|Dragon Pulse|p1a: Si
|-immune|p1a: Si
|move|p1a: Si|Nuzzle|p2a: Walking Wake
|-damage|p2a: Walking Wake|71/100
|-status|p2a: Walking Wake|par
|
|-weather|none
|upkeep
|turn|19
|
|t:|1781557221
|-end|p2a: Walking Wake|Protosynthesis|[silent]
|switch|p2a: Raging Bolt|Raging Bolt|47/100
|-damage|p2a: Raging Bolt|35/100|[from] Stealth Rock
|move|p1a: Si|Draining Kiss|p2a: Raging Bolt
|-supereffective|p2a: Raging Bolt
|-damage|p2a: Raging Bolt|0 fnt
|faint|p2a: Raging Bolt
|-end|p2a: Raging Bolt|Protosynthesis|[silent]
|
|upkeep
|
|t:|1781557223
|switch|p2a: Cresselia|Cresselia, F, tera:Poison|29/100
|-damage|p2a: Cresselia|16/100|[from] Stealth Rock
|turn|20
|
|t:|1781557227
|move|p2a: Cresselia|Moonlight|p2a: Cresselia
|-heal|p2a: Cresselia|66/100
|move|p1a: Si|Psychic|p2a: Cresselia
|-supereffective|p2a: Cresselia
|-damage|p2a: Cresselia|0 fnt
|faint|p2a: Cresselia
|
|upkeep
|
|t:|1781557230
|switch|p2a: Walking Wake|Walking Wake|71/100 par
|-damage|p2a: Walking Wake|59/100 par|[from] Stealth Rock
|turn|21
|
|t:|1781557233
|move|p2a: Walking Wake|Weather Ball|p1a: Si
|-damage|p1a: Si|83/100
|move|p1a: Si|Psychic|p2a: Walking Wake
|-damage|p2a: Walking Wake|0 fnt
|faint|p2a: Walking Wake
|-end|p2a: Walking Wake|Protosynthesis|[silent]
|
|win|0c3an m4n
|raw|0c3an m4n's rating: 1547 &rarr; <strong>1567</strong><br />(+20 for winning)
|raw|Joegirl's rating: 1544 &rarr; <strong>1524</strong><br />(-20 for losing)
|l|☆0c3an m4n
|player|p1|
