|badge|p2|bronze|gen9ou|100-9
|uhtml|medal-msg|<div class="broadcast-blue">Curious what those medals under the avatar are? PS now has Ladder Seasons! For more information, check out the <a href="https://www.smogon.com/forums/threads/3740067/">thread on Smogon.</a></div>
|j|☆goonarmy
|j|☆mothily ><
|t:|1781569361
|gametype|singles
|player|p1|goonarmy|hiker-gen4|1630
|player|p2|mothily ><|iono-masters|1872
|gen|9
|tier|[Gen 9] OU
|rated|
|rule|HP Percentage Mod: HP is shown in percentages
|rule|Endless Battle Clause: Forcing endless battles is banned
|rule|Species Clause: Limit one of each Pokémon
|rule|OHKO Clause: OHKO moves are banned
|rule|Evasion Items Clause: Evasion items are banned
|rule|Evasion Moves Clause: Evasion moves are banned
|rule|Evasion Abilities Clause: Evasion abilities are banned
|rule|Sleep Moves Clause: Sleep-inducing moves are banned
|clearpoke
|poke|p1|Gholdengo|
|poke|p1|Ting-Lu|
|poke|p1|Zamazenta-*|
|poke|p1|Deoxys-Speed|
|poke|p1|Dragonite, M|
|poke|p1|Clefable, M|
|poke|p2|Slither Wing|
|poke|p2|Ninetales, M|
|poke|p2|Cinderace, F|
|poke|p2|Walking Wake|
|poke|p2|Raging Bolt|
|poke|p2|Venusaur, M|
|teampreview
|c|☆mothily ><|hf
|
|t:|1781569375
|teamsize|p1|6
|teamsize|p2|6
|start
|switch|p1a: Clefable|Clefable, M|100/100
|switch|p2a: OMG ILY|Slither Wing|100/100
|turn|1
|
|t:|1781569381
|move|p2a: OMG ILY|U-turn|p1a: Clefable
|-resisted|p1a: Clefable
|-damage|p1a: Clefable|82/100
|-damage|p2a: OMG ILY|84/100|[from] item: Rocky Helmet|[of] p1a: Clefable
|
|t:|1781569383
|-end|p2a: OMG ILY|Protosynthesis|[silent]
|switch|p2a: naruto|Ninetales, M|100/100|[from] U-turn
|-weather|SunnyDay|[from] ability: Drought|[of] p2a: naruto
|move|p1a: Clefable|Stealth Rock|p2a: naruto
|-sidestart|p2: mothily ><|move: Stealth Rock
|
|-weather|SunnyDay|[upkeep]
|upkeep
|turn|2
|
|t:|1781569387
|move|p2a: naruto|Encore|p1a: Clefable
|-start|p1a: Clefable|Encore
|move|p1a: Clefable|Stealth Rock||[still]
|-fail|p1a: Clefable
|
|-weather|SunnyDay|[upkeep]
|upkeep
|turn|3
|
|t:|1781569391
|switch|p2a: OMG ILY|Slither Wing|84/100
|-damage|p2a: OMG ILY|72/100|[from] Stealth Rock
|-activate|p2a: OMG ILY|ability: Protosynthesis
|-start|p2a: OMG ILY|protosynthesisatk
|switch|p1a: Ting-Lu|Ting-Lu|100/100
|-ability|p1a: Ting-Lu|Vessel of Ruin
|
|-weather|SunnyDay|[upkeep]
|upkeep
|turn|4
|
|t:|1781569395
|switch|p1a: Clefable|Clefable, M|82/100
|move|p2a: OMG ILY|U-turn|p1a: Clefable
|-resisted|p1a: Clefable
|-damage|p1a: Clefable|61/100
|-damage|p2a: OMG ILY|55/100|[from] item: Rocky Helmet|[of] p1a: Clefable
|
|t:|1781569398
|-end|p2a: OMG ILY|Protosynthesis|[silent]
|switch|p2a: Cinderace|Cinderace, F|100/100|[from] U-turn
|-damage|p2a: Cinderace|76/100|[from] Stealth Rock
|-item|p2a: Cinderace|Air Balloon
|
|-weather|SunnyDay|[upkeep]
|upkeep
|turn|5
|
|t:|1781569403
|move|p2a: Cinderace|Pyro Ball|p1a: Clefable|[miss]
|-miss|p2a: Cinderace|p1a: Clefable
|move|p1a: Clefable|Knock Off|p2a: Cinderace
|-damage|p2a: Cinderace|55/100
|-enditem|p2a: Cinderace|Air Balloon
|
|-weather|SunnyDay|[upkeep]
|upkeep
|turn|6
|
|t:|1781569413
|switch|p1a: Zamazenta|Zamazenta|100/100
|-ability|p1a: Zamazenta|Dauntless Shield|boost
|-boost|p1a: Zamazenta|def|1
|move|p2a: Cinderace|Pyro Ball|p1a: Zamazenta
|-damage|p1a: Zamazenta|53/100
|
|-weather|SunnyDay|[upkeep]
|upkeep
|turn|7
|
|t:|1781569418
|switch|p2a: Venusaur|Venusaur, M|100/100
|-damage|p2a: Venusaur|88/100|[from] Stealth Rock
|move|p1a: Zamazenta|Close Combat|p2a: Venusaur
|-resisted|p2a: Venusaur
|-damage|p2a: Venusaur|52/100
|-unboost|p1a: Zamazenta|def|1
|-unboost|p1a: Zamazenta|spd|1
|
|-weather|SunnyDay|[upkeep]
|upkeep
|turn|8
|
|t:|1781569422
|move|p2a: Venusaur|Weather Ball|p1a: Zamazenta
|-damage|p1a: Zamazenta|0 fnt
|faint|p1a: Zamazenta
|-damage|p2a: Venusaur|42/100|[from] item: Life Orb
|
|-weather|none
|upkeep
|
|t:|1781569426
|switch|p1a: Deoxys|Deoxys-Speed|100/100
|-ability|p1a: Deoxys|Pressure
|turn|9
|
|t:|1781569431
|move|p1a: Deoxys|Ice Beam|p2a: Venusaur
|-supereffective|p2a: Venusaur
|-damage|p2a: Venusaur|0 fnt
|faint|p2a: Venusaur
|
|upkeep
|
|t:|1781569434
|switch|p2a: OMG ILY|Slither Wing|55/100
|-damage|p2a: OMG ILY|43/100|[from] Stealth Rock
|turn|10
|
|t:|1781569439
|switch|p1a: Clefable|Clefable, M|61/100
|move|p2a: OMG ILY|U-turn|p1a: Clefable
|-resisted|p1a: Clefable
|-damage|p1a: Clefable|44/100
|-damage|p2a: OMG ILY|26/100|[from] item: Rocky Helmet|[of] p1a: Clefable
|
|t:|1781569441
|-end|p2a: OMG ILY|Protosynthesis|[silent]
|switch|p2a: naruto|Ninetales, M|100/100|[from] U-turn
|-damage|p2a: naruto|76/100|[from] Stealth Rock
|-weather|SunnyDay|[from] ability: Drought|[of] p2a: naruto
|
|-weather|SunnyDay|[upkeep]
|upkeep
|turn|11
|
|t:|1781569446
|move|p2a: naruto|Overheat|p1a: Clefable
|-damage|p1a: Clefable|0 fnt
|-unboost|p2a: naruto|spa|2
|faint|p1a: Clefable
|
|-weather|SunnyDay|[upkeep]
|upkeep
|
|t:|1781569454
|switch|p1a: Ting-Lu|Ting-Lu|100/100
|-ability|p1a: Ting-Lu|Vessel of Ruin
|turn|12
|
|t:|1781569456
|switch|p2a: Walkenheimer|Walking Wake|100/100
|-damage|p2a: Walkenheimer|88/100|[from] Stealth Rock
|-activate|p2a: Walkenheimer|ability: Protosynthesis
|-start|p2a: Walkenheimer|protosynthesisspe
|move|p1a: Ting-Lu|Earthquake|p2a: Walkenheimer
|-damage|p2a: Walkenheimer|46/100
|
|-weather|SunnyDay|[upkeep]
|upkeep
|turn|13
|
|t:|1781569465
|move|p2a: Walkenheimer|Hydro Steam|p1a: Ting-Lu
|-supereffective|p1a: Ting-Lu
|-damage|p1a: Ting-Lu|35/100
|move|p1a: Ting-Lu|Spikes|p2a: Walkenheimer
|-sidestart|p2: mothily ><|Spikes
|
|-weather|SunnyDay|[upkeep]
|upkeep
|turn|14
|
|t:|1781569468
|move|p2a: Walkenheimer|Hydro Steam|p1a: Ting-Lu
|-supereffective|p1a: Ting-Lu
|-damage|p1a: Ting-Lu|0 fnt
|faint|p1a: Ting-Lu
|
|-weather|SunnyDay|[upkeep]
|upkeep
|
|t:|1781569471
|switch|p1a: Dragonite|Dragonite, M|100/100
|turn|15
|
|t:|1781569474
|-terastallize|p1a: Dragonite|Normal
|move|p1a: Dragonite|Extreme Speed|p2a: Walkenheimer
|-damage|p2a: Walkenheimer|0 fnt
|faint|p2a: Walkenheimer
|-end|p2a: Walkenheimer|Protosynthesis|[silent]
|
|-weather|SunnyDay|[upkeep]
|upkeep
|
|t:|1781569489
|switch|p2a: naruto|Ninetales, M|76/100
|-damage|p2a: naruto|51/100|[from] Stealth Rock
|-damage|p2a: naruto|39/100|[from] Spikes
|turn|16
|
|t:|1781569492
|-terastallize|p2a: naruto|Ghost
|move|p1a: Dragonite|Extreme Speed|p2a: naruto
|-immune|p2a: naruto
|move|p2a: naruto|Encore|p1a: Dragonite
|-start|p1a: Dragonite|Encore
|
|-weather|SunnyDay|[upkeep]
|upkeep
|turn|17
|
|t:|1781569497
|switch|p1a: Deoxys|Deoxys-Speed|100/100
|-ability|p1a: Deoxys|Pressure
|move|p2a: naruto|Overheat|p1a: Deoxys
|-damage|p1a: Deoxys|0 fnt
|-unboost|p2a: naruto|spa|2
|faint|p1a: Deoxys
|
|-weather|none
|upkeep
|
|t:|1781569507
|switch|p1a: Dragonite|Dragonite, M, tera:Normal|100/100
|turn|18
|
|t:|1781569510
|switch|p1a: Gholdengo|Gholdengo|100/100
|move|p2a: naruto|Will-O-Wisp|p1a: Gholdengo
|-immune|p1a: Gholdengo|[from] ability: Good as Gold
|
|upkeep
|turn|19
|
|t:|1781569524
|switch|p2a: Cinderace|Cinderace, F|55/100
|-damage|p2a: Cinderace|31/100|[from] Stealth Rock
|-damage|p2a: Cinderace|18/100|[from] Spikes
|move|p1a: Gholdengo|Hex|p2a: Cinderace
|-damage|p2a: Cinderace|0 fnt
|faint|p2a: Cinderace
|
|upkeep
|
|t:|1781569530
|switch|p2a: naruto|Ninetales, M, tera:Ghost|39/100
|-damage|p2a: naruto|27/100|[from] Stealth Rock
|-damage|p2a: naruto|14/100|[from] Spikes
|-weather|SunnyDay|[from] ability: Drought|[of] p2a: naruto
|turn|20
|
|t:|1781569534
|move|p2a: naruto|Healing Wish|p2a: naruto
|faint|p2a: naruto
|move|p1a: Gholdengo|Hex|p2: naruto|[notarget]
|-fail|p1a: Gholdengo
|
|-weather|SunnyDay|[upkeep]
|upkeep
|
|t:|1781569536
|switch|p2a: Raging Bolt|Raging Bolt|100/100
|-damage|p2a: Raging Bolt|88/100|[from] Stealth Rock
|-damage|p2a: Raging Bolt|76/100|[from] Spikes
|-activate|p2a: Raging Bolt|ability: Protosynthesis
|-start|p2a: Raging Bolt|protosynthesisspa
|turn|21
|
|t:|1781569540
|move|p2a: Raging Bolt|Weather Ball|p1a: Gholdengo
|-supereffective|p1a: Gholdengo
|-damage|p1a: Gholdengo|0 fnt
|faint|p1a: Gholdengo
|-damage|p2a: Raging Bolt|66/100|[from] item: Life Orb
|
|-weather|SunnyDay|[upkeep]
|upkeep
|
|t:|1781569543
|switch|p1a: Dragonite|Dragonite, M, tera:Normal|100/100
|turn|22
|
|t:|1781569546
|move|p2a: Raging Bolt|Weather Ball|p1a: Dragonite
|-crit|p1a: Dragonite
|-damage|p1a: Dragonite|30/100
|-damage|p2a: Raging Bolt|56/100|[from] item: Life Orb
|move|p1a: Dragonite|Earthquake|p2a: Raging Bolt
|-supereffective|p2a: Raging Bolt
|-damage|p2a: Raging Bolt|0 fnt
|faint|p2a: Raging Bolt
|-end|p2a: Raging Bolt|Protosynthesis|[silent]
|
|-weather|SunnyDay|[upkeep]
|upkeep
|
|t:|1781569550
|switch|p2a: OMG ILY|Slither Wing|26/100
|-heal|p2a: OMG ILY|100/100|[from] move: Healing Wish
|-damage|p2a: OMG ILY|88/100|[from] Stealth Rock
|-damage|p2a: OMG ILY|76/100|[from] Spikes
|-activate|p2a: OMG ILY|ability: Protosynthesis
|-start|p2a: OMG ILY|protosynthesisatk
|turn|23
|
|t:|1781569557
|move|p1a: Dragonite|Extreme Speed|p2a: OMG ILY
|-damage|p2a: OMG ILY|27/100
|move|p2a: OMG ILY|First Impression|p1a: Dragonite
|-crit|p1a: Dragonite
|-damage|p1a: Dragonite|0 fnt
|faint|p1a: Dragonite
|
|win|mothily ><
|raw|goonarmy's rating: 1630 &rarr; <strong>1622</strong><br />(-8 for losing)
|raw|mothily &gt;&lt;'s rating: 1872 &rarr; <strong>1880</strong><br />(+8 for winning)
|c|☆goonarmy|Gg
|c|☆mothily ><|gg
|l|☆mothily ><
|player|p2|
|l|☆goonarmy
|player|p1|
