|j|☆vartholomeus
|j|☆Acastillo631
|t:|1781184226
|gametype|singles
|player|p1|vartholomeus|gambler|1544
|player|p2|Acastillo631|silver|1593
|gen|9
|tier|[Gen 9] OU
|rated|
|rule|HP Percentage Mod: HP is shown in percentages
|rule|Endless Battle Clause: Forcing endless battles is banned
|rule|Species Clause: Limit one of each Pokémon
|rule|OHKO Clause: OHKO moves are banned
|rule|Evasion Items Clause: Evasion items are banned
|rule|Evasion Moves Clause: Evasion moves are banned
|rule|Evasion Abilities Clause: Evasion abilities are banned
|rule|Sleep Moves Clause: Sleep-inducing moves are banned
|clearpoke
|poke|p1|Moltres|
|poke|p1|Kleavor, F|
|poke|p1|Greninja-*, M|
|poke|p1|Ting-Lu|
|poke|p1|Iron Valiant|
|poke|p1|Gholdengo|
|poke|p2|Iron Valiant|
|poke|p2|Sinistcha|
|poke|p2|Tyranitar, M|
|poke|p2|Klefki, F|
|poke|p2|Swampert, M|
|poke|p2|Talonflame, M|
|teampreview
|inactive|Battle timer is ON: inactive players will automatically lose when time's up. (requested by vartholomeus)
|
|t:|1781184244
|teamsize|p1|6
|teamsize|p2|6
|start
|switch|p1a: Klingk|Kleavor, F|100/100
|switch|p2a: Redips|Klefki, F|100/100
|turn|1
|
|t:|1781184247
|move|p2a: Redips|Thunder Wave|p1a: Klingk
|-status|p1a: Klingk|par
|move|p1a: Klingk|Stone Axe|p2a: Redips
|-resisted|p2a: Redips
|-damage|p2a: Redips|78/100
|-damage|p1a: Klingk|84/100 par|[from] item: Rocky Helmet|[of] p2a: Redips
|-sidestart|p2: Acastillo631|move: Stealth Rock
|
|upkeep
|turn|2
|
|t:|1781184251
|switch|p1a: Mantequillo|Gholdengo|100/100
|move|p2a: Redips|Dazzling Gleam|p1a: Mantequillo
|-resisted|p1a: Mantequillo
|-damage|p1a: Mantequillo|87/100
|
|upkeep
|turn|3
|
|t:|1781184254
|switch|p2a: Duff Mcwhalen|Swampert, M|100/100
|-damage|p2a: Duff Mcwhalen|94/100|[from] Stealth Rock
|move|p1a: Mantequillo|Shadow Ball|p2a: Duff Mcwhalen
|-damage|p2a: Duff Mcwhalen|67/100
|
|-heal|p2a: Duff Mcwhalen|74/100|[from] item: Leftovers
|upkeep
|turn|4
|
|t:|1781184264
|move|p1a: Mantequillo|Shadow Ball|p2a: Duff Mcwhalen
|-damage|p2a: Duff Mcwhalen|45/100
|move|p2a: Duff Mcwhalen|Stealth Rock|p1a: Mantequillo
|-sidestart|p1: vartholomeus|move: Stealth Rock
|
|-heal|p2a: Duff Mcwhalen|51/100|[from] item: Leftovers
|upkeep
|turn|5
|
|t:|1781184268
|move|p1a: Mantequillo|Shadow Ball|p2a: Duff Mcwhalen
|-damage|p2a: Duff Mcwhalen|24/100
|move|p2a: Duff Mcwhalen|Earthquake|p1a: Mantequillo
|-supereffective|p1a: Mantequillo
|-damage|p1a: Mantequillo|8/100
|
|-heal|p2a: Duff Mcwhalen|30/100|[from] item: Leftovers
|upkeep
|turn|6
|
|t:|1781184274
|move|p1a: Mantequillo|Shadow Ball|p2a: Duff Mcwhalen
|-damage|p2a: Duff Mcwhalen|0 fnt
|faint|p2a: Duff Mcwhalen
|
|upkeep
|
|t:|1781184284
|switch|p2a: Talonflame|Talonflame, M|100/100
|turn|7
|
|t:|1781184287
|move|p1a: Mantequillo|Shadow Ball|p2a: Talonflame
|-damage|p2a: Talonflame|42/100
|move|p2a: Talonflame|Flamethrower|p1a: Mantequillo
|-supereffective|p1a: Mantequillo
|-damage|p1a: Mantequillo|0 fnt
|faint|p1a: Mantequillo
|
|upkeep
|
|t:|1781184296
|switch|p1a: Suke|Greninja, M|100/100
|-damage|p1a: Suke|88/100|[from] Stealth Rock
|turn|8
|
|t:|1781184300
|switch|p2a: Eregion|Tyranitar, M|100/100
|-damage|p2a: Eregion|88/100|[from] Stealth Rock
|-weather|Sandstorm|[from] ability: Sand Stream|[of] p2a: Eregion
|move|p1a: Suke|Water Shuriken|p2a: Eregion
|-supereffective|p2a: Eregion
|-crit|p2a: Eregion
|-damage|p2a: Eregion|78/100
|-supereffective|p2a: Eregion
|-damage|p2a: Eregion|70/100
|-supereffective|p2a: Eregion
|-damage|p2a: Eregion|62/100
|-hitcount|p2a: Eregion|3
|-damage|p1a: Suke|78/100|[from] item: Life Orb
|
|-weather|Sandstorm|[upkeep]
|-damage|p1a: Suke|72/100|[from] Sandstorm
|-heal|p2a: Eregion|68/100|[from] item: Leftovers
|upkeep
|turn|9
|
|t:|1781184307
|switch|p1a: Lulu|Ting-Lu|100/100
|-damage|p1a: Lulu|94/100|[from] Stealth Rock
|-ability|p1a: Lulu|Vessel of Ruin
|move|p2a: Eregion|Roar|p1a: Lulu
|drag|p1a: Klingk|Kleavor, F|84/100 par
|-damage|p1a: Klingk|59/100 par|[from] Stealth Rock
|
|-weather|Sandstorm|[upkeep]
|-heal|p2a: Eregion|74/100|[from] item: Leftovers
|upkeep
|turn|10
|
|t:|1781184314
|switch|p2a: Wire Sponge|Sinistcha|100/100
|cant|p1a: Klingk|par
|
|-weather|Sandstorm|[upkeep]
|-damage|p2a: Wire Sponge|94/100|[from] Sandstorm
|upkeep
|turn|11
|
|t:|1781184331
|switch|p1a: Maltro|Moltres|100/100
|move|p2a: Wire Sponge|Matcha Gotcha|p1a: Maltro
|-resisted|p1a: Maltro
|-damage|p1a: Maltro|92/100
|-heal|p2a: Wire Sponge|99/100|[from] drain|[of] p1a: Maltro
|
|-weather|Sandstorm|[upkeep]
|-damage|p1a: Maltro|86/100|[from] Sandstorm
|-damage|p2a: Wire Sponge|93/100|[from] Sandstorm
|upkeep
|turn|12
|
|t:|1781184336
|move|p1a: Maltro|Flamethrower|p2a: Wire Sponge
|-supereffective|p2a: Wire Sponge
|-damage|p2a: Wire Sponge|47/100
|move|p2a: Wire Sponge|Shadow Ball|p1a: Maltro
|-damage|p1a: Maltro|56/100
|
|-weather|none
|upkeep
|turn|13
|
|t:|1781184341
|switch|p2a: Eregion|Tyranitar, M|74/100
|-damage|p2a: Eregion|62/100|[from] Stealth Rock
|-weather|Sandstorm|[from] ability: Sand Stream|[of] p2a: Eregion
|move|p1a: Maltro|Flamethrower|p2a: Eregion
|-resisted|p2a: Eregion
|-damage|p2a: Eregion|53/100
|
|-weather|Sandstorm|[upkeep]
|-damage|p1a: Maltro|50/100|[from] Sandstorm
|-heal|p2a: Eregion|59/100|[from] item: Leftovers
|upkeep
|turn|14
|
|t:|1781184344
|move|p1a: Maltro|U-turn|p2a: Eregion
|-supereffective|p2a: Eregion
|-damage|p2a: Eregion|36/100
|
|t:|1781184349
|switch|p1a: Lulu|Ting-Lu|94/100|[from] U-turn
|-damage|p1a: Lulu|88/100|[from] Stealth Rock
|-ability|p1a: Lulu|Vessel of Ruin
|move|p2a: Eregion|Knock Off|p1a: Lulu
|-resisted|p1a: Lulu
|-damage|p1a: Lulu|77/100
|-enditem|p1a: Lulu|Leftovers|[from] move: Knock Off|[of] p2a: Eregion
|
|-weather|Sandstorm|[upkeep]
|-heal|p2a: Eregion|42/100|[from] item: Leftovers
|upkeep
|turn|15
|
|t:|1781184356
|switch|p2a: Wire Sponge|Sinistcha|47/100
|move|p1a: Lulu|Ruination|p2a: Wire Sponge
|-damage|p2a: Wire Sponge|24/100
|
|-weather|Sandstorm|[upkeep]
|-damage|p2a: Wire Sponge|18/100|[from] Sandstorm
|upkeep
|turn|16
|
|t:|1781184360
|switch|p1a: Maltro|Moltres|50/100
|move|p2a: Wire Sponge|Strength Sap|p1a: Maltro
|-unboost|p1a: Maltro|atk|1
|-heal|p2a: Wire Sponge|79/100
|
|-weather|Sandstorm|[upkeep]
|-damage|p1a: Maltro|44/100|[from] Sandstorm
|-damage|p2a: Wire Sponge|73/100|[from] Sandstorm
|upkeep
|turn|17
|
|t:|1781184376
|switch|p2a: Redips|Klefki, F|78/100
|-damage|p2a: Redips|72/100|[from] Stealth Rock
|move|p1a: Maltro|Roost|p1a: Maltro
|-heal|p1a: Maltro|94/100
|-singleturn|p1a: Maltro|move: Roost
|
|-weather|none
|upkeep
|turn|18
|
|t:|1781184378
|move|p2a: Redips|Thunder Wave|p1a: Maltro
|-status|p1a: Maltro|par
|move|p1a: Maltro|Flamethrower|p2a: Redips
|-supereffective|p2a: Redips
|-damage|p2a: Redips|0 fnt
|faint|p2a: Redips
|
|upkeep
|
|t:|1781184385
|switch|p2a: Wire Sponge|Sinistcha|73/100
|turn|19
|
|t:|1781184397
|-terastallize|p2a: Wire Sponge|Poison
|move|p2a: Wire Sponge|Calm Mind|p2a: Wire Sponge
|-boost|p2a: Wire Sponge|spa|1
|-boost|p2a: Wire Sponge|spd|1
|cant|p1a: Maltro|par
|
|upkeep
|turn|20
|
|t:|1781184400
|move|p2a: Wire Sponge|Shadow Ball|p1a: Maltro
|-damage|p1a: Maltro|40/100 par
|cant|p1a: Maltro|par
|
|upkeep
|turn|21
|
|t:|1781184406
|move|p2a: Wire Sponge|Shadow Ball|p1a: Maltro
|-damage|p1a: Maltro|0 fnt
|faint|p1a: Maltro
|
|upkeep
|
|t:|1781184412
|switch|p1a: Lulu|Ting-Lu|77/100
|-damage|p1a: Lulu|71/100|[from] Stealth Rock
|-ability|p1a: Lulu|Vessel of Ruin
|turn|22
|
|t:|1781184416
|move|p2a: Wire Sponge|Matcha Gotcha|p1a: Lulu|[miss]
|-miss|p2a: Wire Sponge|p1a: Lulu
|move|p1a: Lulu|Earthquake|p2a: Wire Sponge
|-supereffective|p2a: Wire Sponge
|-damage|p2a: Wire Sponge|21/100
|
|upkeep
|turn|23
|
|t:|1781184426
|move|p2a: Wire Sponge|Strength Sap|p1a: Lulu
|-unboost|p1a: Lulu|atk|1
|-heal|p2a: Wire Sponge|95/100
|move|p1a: Lulu|Earthquake|p2a: Wire Sponge
|-supereffective|p2a: Wire Sponge
|-damage|p2a: Wire Sponge|60/100
|
|upkeep
|turn|24
|
|t:|1781184434
|switch|p1a: Irohak|Iron Valiant|100/100
|-damage|p1a: Irohak|94/100|[from] Stealth Rock
|-enditem|p1a: Irohak|Booster Energy
|-activate|p1a: Irohak|ability: Quark Drive|[fromitem]
|-start|p1a: Irohak|quarkdrivespe
|move|p2a: Wire Sponge|Matcha Gotcha|p1a: Irohak
|-damage|p1a: Irohak|11/100
|-heal|p2a: Wire Sponge|94/100|[from] drain|[of] p1a: Irohak
|-status|p1a: Irohak|brn
|
|-damage|p1a: Irohak|5/100 brn|[from] brn
|upkeep
|turn|25
|
|t:|1781184462
|switch|p2a: Eregion|Tyranitar, M|42/100
|-damage|p2a: Eregion|30/100|[from] Stealth Rock
|-weather|Sandstorm|[from] ability: Sand Stream|[of] p2a: Eregion
|move|p1a: Irohak|Shadow Ball|p2a: Eregion
|-resisted|p2a: Eregion
|-damage|p2a: Eregion|25/100
|-unboost|p2a: Eregion|spd|1
|
|-weather|Sandstorm|[upkeep]
|-damage|p1a: Irohak|0 fnt|[from] Sandstorm
|faint|p1a: Irohak
|-end|p1a: Irohak|Quark Drive|[silent]
|-heal|p2a: Eregion|31/100|[from] item: Leftovers
|upkeep
|
|t:|1781184471
|switch|p1a: Suke|Greninja, M|72/100
|-damage|p1a: Suke|60/100|[from] Stealth Rock
|turn|26
|
|t:|1781184477
|move|p1a: Suke|Dark Pulse|p2a: Eregion
|-resisted|p2a: Eregion
|-damage|p2a: Eregion|17/100
|-damage|p1a: Suke|50/100|[from] item: Life Orb
|move|p2a: Eregion|Roar|p1a: Suke
|drag|p1a: Klingk|Kleavor, F|59/100 par
|-damage|p1a: Klingk|34/100 par|[from] Stealth Rock
|
|-weather|Sandstorm|[upkeep]
|-heal|p2a: Eregion|23/100|[from] item: Leftovers
|upkeep
|turn|27
|
|t:|1781184492
|move|p2a: Eregion|Knock Off|p1a: Klingk
|-damage|p1a: Klingk|0 fnt
|-enditem|p1a: Klingk|Focus Sash|[from] move: Knock Off|[of] p2a: Eregion
|faint|p1a: Klingk
|
|-weather|Sandstorm|[upkeep]
|-heal|p2a: Eregion|29/100|[from] item: Leftovers
|upkeep
|
|t:|1781184497
|switch|p1a: Suke|Greninja, M|50/100
|-damage|p1a: Suke|38/100|[from] Stealth Rock
|turn|28
|inactive|Acastillo631 has 120 seconds left.
|
|t:|1781184525
|switch|p2a: Wire Sponge|Sinistcha, tera:Poison|94/100
|move|p1a: Suke|Water Shuriken|p2a: Wire Sponge
|-damage|p2a: Wire Sponge|84/100
|-damage|p2a: Wire Sponge|74/100
|-damage|p2a: Wire Sponge|63/100
|-hitcount|p2a: Wire Sponge|3
|-damage|p1a: Suke|28/100|[from] item: Life Orb
|
|-weather|Sandstorm|[upkeep]
|-damage|p1a: Suke|22/100|[from] Sandstorm
|-damage|p2a: Wire Sponge|57/100|[from] Sandstorm
|upkeep
|turn|29
|inactive|Acastillo631 has 120 seconds left.
|
|t:|1781184538
|switch|p2a: Sage Harpuia|Iron Valiant|100/100
|-damage|p2a: Sage Harpuia|94/100|[from] Stealth Rock
|-enditem|p2a: Sage Harpuia|Booster Energy
|-activate|p2a: Sage Harpuia|ability: Quark Drive|[fromitem]
|-start|p2a: Sage Harpuia|quarkdrivespe
|move|p1a: Suke|Dark Pulse|p2a: Sage Harpuia
|-resisted|p2a: Sage Harpuia
|-damage|p2a: Sage Harpuia|72/100
|-damage|p1a: Suke|12/100|[from] item: Life Orb
|
|-weather|none
|upkeep
|turn|30
|
|t:|1781184543
|move|p1a: Suke|Water Shuriken|p2a: Sage Harpuia
|-crit|p2a: Sage Harpuia
|-damage|p2a: Sage Harpuia|48/100
|-damage|p2a: Sage Harpuia|29/100
|-damage|p2a: Sage Harpuia|10/100
|-damage|p2a: Sage Harpuia|0 fnt
|faint|p2a: Sage Harpuia
|-end|p2a: Sage Harpuia|Quark Drive|[silent]
|-ability|p1a: Suke|Battle Bond|boost
|-boost|p1a: Suke|atk|1
|-boost|p1a: Suke|spa|1
|-boost|p1a: Suke|spe|1
|-activate|p1a: Suke|ability: Battle Bond
|-hitcount|p2: Sage Harpuia|4
|-damage|p1a: Suke|3/100|[from] item: Life Orb
|
|upkeep
|
|t:|1781184548
|switch|p2a: Eregion|Tyranitar, M|29/100
|-damage|p2a: Eregion|17/100|[from] Stealth Rock
|-weather|Sandstorm|[from] ability: Sand Stream|[of] p2a: Eregion
|turn|31
|
|t:|1781184552
|move|p1a: Suke|Dark Pulse|p2a: Eregion
|-resisted|p2a: Eregion
|-damage|p2a: Eregion|2/100
|-damage|p1a: Suke|0 fnt|[from] item: Life Orb
|faint|p1a: Suke
|move|p2a: Eregion|Roar|p1: Suke|[notarget]
|-fail|p2a: Eregion
|
|-weather|Sandstorm|[upkeep]
|-heal|p2a: Eregion|9/100|[from] item: Leftovers
|upkeep
|
|t:|1781184557
|switch|p1a: Lulu|Ting-Lu|71/100
|-damage|p1a: Lulu|65/100|[from] Stealth Rock
|-ability|p1a: Lulu|Vessel of Ruin
|turn|32
|
|t:|1781184560
|move|p2a: Eregion|Ice Beam|p1a: Lulu
|-supereffective|p1a: Lulu
|-damage|p1a: Lulu|49/100
|move|p1a: Lulu|Earthquake|p2a: Eregion
|-supereffective|p2a: Eregion
|-damage|p2a: Eregion|0 fnt
|faint|p2a: Eregion
|
|-weather|Sandstorm|[upkeep]
|upkeep
|
|t:|1781184564
|switch|p2a: Wire Sponge|Sinistcha, tera:Poison|57/100
|turn|33
|
|t:|1781184567
|move|p2a: Wire Sponge|Strength Sap|p1a: Lulu
|-unboost|p1a: Lulu|atk|1
|-heal|p2a: Wire Sponge|100/100
|move|p1a: Lulu|Earthquake|p2a: Wire Sponge
|-supereffective|p2a: Wire Sponge
|-damage|p2a: Wire Sponge|62/100
|
|-weather|Sandstorm|[upkeep]
|-damage|p2a: Wire Sponge|56/100|[from] Sandstorm
|upkeep
|turn|34
|
|t:|1781184576
|move|p2a: Wire Sponge|Matcha Gotcha|p1a: Lulu
|-supereffective|p1a: Lulu
|-damage|p1a: Lulu|21/100
|-heal|p2a: Wire Sponge|77/100|[from] drain|[of] p1a: Lulu
|move|p1a: Lulu|Ruination|p2a: Wire Sponge
|-damage|p2a: Wire Sponge|39/100
|
|-weather|Sandstorm|[upkeep]
|-damage|p2a: Wire Sponge|33/100|[from] Sandstorm
|upkeep
|turn|35
|
|t:|1781184580
|move|p2a: Wire Sponge|Strength Sap|p1a: Lulu
|-unboost|p1a: Lulu|atk|1
|-heal|p2a: Wire Sponge|82/100
|move|p1a: Lulu|Rest|p1a: Lulu
|-status|p1a: Lulu|slp|[from] move: Rest
|-heal|p1a: Lulu|100/100 slp|[silent]
|
|-weather|none
|upkeep
|turn|36
|
|t:|1781184585
|move|p2a: Wire Sponge|Calm Mind|p2a: Wire Sponge
|-boost|p2a: Wire Sponge|spa|1
|-boost|p2a: Wire Sponge|spd|1
|cant|p1a: Lulu|slp
|move|p1a: Lulu|Sleep Talk|p1a: Lulu
|move|p1a: Lulu|Ruination|p2a: Wire Sponge|[from] move: Sleep Talk
|-damage|p2a: Wire Sponge|41/100
|
|upkeep
|turn|37
|
|t:|1781184589
|move|p2a: Wire Sponge|Matcha Gotcha|p1a: Lulu|[miss]
|-miss|p2a: Wire Sponge|p1a: Lulu
|cant|p1a: Lulu|slp
|move|p1a: Lulu|Sleep Talk|p1a: Lulu
|move|p1a: Lulu|Rest||[from] move: Sleep Talk|[still]
|-fail|p1a: Lulu
|
|upkeep
|turn|38
|
|t:|1781184594
|move|p2a: Wire Sponge|Matcha Gotcha|p1a: Lulu
|-supereffective|p1a: Lulu
|-damage|p1a: Lulu|58/100 slp
|-heal|p2a: Wire Sponge|72/100|[from] drain|[of] p1a: Lulu
|-curestatus|p1a: Lulu|slp|[msg]
|move|p1a: Lulu|Earthquake|p2a: Wire Sponge
|-supereffective|p2a: Wire Sponge
|-damage|p2a: Wire Sponge|45/100
|
|upkeep
|turn|39
|
|t:|1781184598
|move|p2a: Wire Sponge|Matcha Gotcha|p1a: Lulu
|-supereffective|p1a: Lulu
|-damage|p1a: Lulu|14/100
|-heal|p2a: Wire Sponge|78/100|[from] drain|[of] p1a: Lulu
|move|p1a: Lulu|Earthquake|p2a: Wire Sponge
|-supereffective|p2a: Wire Sponge
|-damage|p2a: Wire Sponge|50/100
|
|upkeep
|turn|40
|
|t:|1781184603
|move|p2a: Wire Sponge|Matcha Gotcha|p1a: Lulu
|-supereffective|p1a: Lulu
|-damage|p1a: Lulu|0 fnt
|-heal|p2a: Wire Sponge|60/100|[from] drain|[of] p1a: Lulu
|faint|p1a: Lulu
|
|win|Acastillo631
|raw|vartholomeus's rating: 1544 &rarr; <strong>1527</strong><br />(-17 for losing)
|raw|Acastillo631's rating: 1593 &rarr; <strong>1610</strong><br />(+17 for winning)
|l|☆vartholomeus
|player|p1|
|l|☆Acastillo631
|player|p2|
