|j|☆overheat xyz
|j|☆EleaRosea
|t:|1781429123
|gametype|singles
|player|p1|overheat xyz|2|1671
|player|p2|EleaRosea|harmony|1629
|gen|9
|tier|[Gen 9] OU
|rated|
|rule|HP Percentage Mod: HP is shown in percentages
|rule|Endless Battle Clause: Forcing endless battles is banned
|rule|Species Clause: Limit one of each Pokémon
|rule|OHKO Clause: OHKO moves are banned
|rule|Evasion Items Clause: Evasion items are banned
|rule|Evasion Moves Clause: Evasion moves are banned
|rule|Evasion Abilities Clause: Evasion abilities are banned
|rule|Sleep Moves Clause: Sleep-inducing moves are banned
|clearpoke
|poke|p1|Dragapult, F|
|poke|p1|Samurott-Hisui, F|
|poke|p1|Rillaboom, M|
|poke|p1|Slowking-Galar, F|
|poke|p1|Kingambit, M|
|poke|p1|Corviknight, M|
|poke|p2|Ogerpon, F|
|poke|p2|Great Tusk|
|poke|p2|Alomomola, F|
|poke|p2|Rillaboom, F|
|poke|p2|Primarina, F|
|poke|p2|Heatran, F|
|teampreview
|inactive|Battle timer is ON: inactive players will automatically lose when time's up. (requested by EleaRosea)
|
|t:|1781429138
|teamsize|p1|6
|teamsize|p2|6
|start
|switch|p1a: Samurott|Samurott-Hisui, F|100/100
|switch|p2a: Primarina|Primarina, F|100/100
|turn|1
|
|t:|1781429147
|switch|p1a: Slowking|Slowking-Galar, F|100/100
|move|p2a: Primarina|Moonblast|p1a: Slowking
|-resisted|p1a: Slowking
|-damage|p1a: Slowking|88/100
|
|upkeep
|turn|2
|
|t:|1781429163
|move|p2a: Primarina|Psychic Noise|p1a: Slowking
|-damage|p1a: Slowking|68/100
|-start|p1a: Slowking|move: Heal Block
|move|p1a: Slowking|Future Sight|p2a: Primarina
|-start|p1a: Slowking|move: Future Sight
|
|upkeep
|turn|3
|
|t:|1781429173
|switch|p1a: Samurott|Samurott-Hisui, F|100/100
|move|p2a: Primarina|Flip Turn|p1a: Samurott
|-resisted|p1a: Samurott
|-damage|p1a: Samurott|92/100
|
|t:|1781429194
|switch|p2a: Ogerpon|Ogerpon, F|100/100|[from] Flip Turn
|
|upkeep
|turn|4
|
|t:|1781429216
|move|p1a: Samurott|Ceaseless Edge|p2a: Ogerpon
|-damage|p2a: Ogerpon|42/100
|-sidestart|p2: EleaRosea|Spikes
|move|p2a: Ogerpon|U-turn|p1a: Samurott
|-supereffective|p1a: Samurott
|-damage|p1a: Samurott|8/100
|
|t:|1781429220
|switch|p2a: Rillaboom|Rillaboom, F|100/100|[from] U-turn
|-damage|p2a: Rillaboom|88/100|[from] Spikes
|-fieldstart|move: Grassy Terrain|[from] ability: Grassy Surge|[of] p2a: Rillaboom
|
|-end|p2a: Rillaboom|move: Future Sight
|-damage|p2a: Rillaboom|15/100
|-heal|p1a: Samurott|14/100|[from] Grassy Terrain
|-heal|p2a: Rillaboom|21/100|[from] Grassy Terrain
|upkeep
|turn|5
|
|t:|1781429232
|switch|p1a: Corviknight|Corviknight, M|100/100
|-ability|p1a: Corviknight|Pressure
|move|p2a: Rillaboom|U-turn|p1a: Corviknight
|-resisted|p1a: Corviknight
|-damage|p1a: Corviknight|96/100
|-damage|p2a: Rillaboom|4/100|[from] item: Rocky Helmet|[of] p1a: Corviknight
|
|t:|1781429235
|switch|p2a: Alomomola|Alomomola, F|100/100|[from] U-turn
|
|upkeep
|turn|6
|
|t:|1781429255
|move|p1a: Corviknight|Iron Defense|p1a: Corviknight
|-boost|p1a: Corviknight|def|2
|move|p2a: Alomomola|Wish|p2a: Alomomola
|
|upkeep
|turn|7
|
|t:|1781429267
|move|p1a: Corviknight|Iron Defense|p1a: Corviknight
|-boost|p1a: Corviknight|def|2
|move|p2a: Alomomola|Scald|p1a: Corviknight
|-damage|p1a: Corviknight|83/100
|
|upkeep
|turn|8
|
|t:|1781429274
|switch|p1a: Rillaboom|Rillaboom, M|100/100
|move|p2a: Alomomola|Scald|p1a: Rillaboom
|-resisted|p1a: Rillaboom
|-damage|p1a: Rillaboom|92/100
|
|-heal|p1a: Rillaboom|98/100|[from] Grassy Terrain
|upkeep
|turn|9
|
|t:|1781429288
|move|p2a: Alomomola|Protect|p2a: Alomomola
|-singleturn|p2a: Alomomola|Protect
|move|p1a: Rillaboom|U-turn|p2a: Alomomola
|-activate|p2a: Alomomola|move: Protect
|
|-heal|p1a: Rillaboom|100/100|[from] Grassy Terrain
|upkeep
|turn|10
|
|t:|1781429292
|move|p1a: Rillaboom|U-turn|p2a: Alomomola
|-damage|p2a: Alomomola|79/100
|
|t:|1781429295
|switch|p1a: Slowking|Slowking-Galar, F|100/100|[from] U-turn
|move|p2a: Alomomola|Wish|p2a: Alomomola
|
|-heal|p2a: Alomomola|85/100|[from] Grassy Terrain
|upkeep
|turn|11
|
|t:|1781429308
|move|p2a: Alomomola|Flip Turn|p1a: Slowking
|-damage|p1a: Slowking|83/100
|
|t:|1781429312
|switch|p2a: Ogerpon|Ogerpon, F|42/100|[from] Flip Turn
|-damage|p2a: Ogerpon|29/100|[from] Spikes
|move|p1a: Slowking|Future Sight|p2a: Ogerpon
|-start|p1a: Slowking|move: Future Sight
|
|-heal|p2a: Ogerpon|100/100|[from] move: Wish|[wisher] Alomomola
|-heal|p1a: Slowking|90/100|[from] Grassy Terrain
|-fieldend|move: Grassy Terrain
|upkeep
|turn|12
|
|t:|1781429324
|move|p2a: Ogerpon|Knock Off|p1a: Slowking
|-supereffective|p1a: Slowking
|-damage|p1a: Slowking|0 fnt
|-enditem|p1a: Slowking|Assault Vest|[from] move: Knock Off|[of] p2a: Ogerpon
|faint|p1a: Slowking
|
|upkeep
|
|t:|1781429331
|switch|p1a: Samurott|Samurott-Hisui, F|14/100
|turn|13
|inactive|EleaRosea has 120 seconds left.
|
|t:|1781429382
|-terastallize|p2a: Ogerpon|Grass
|detailschange|p2a: Ogerpon|Ogerpon-Teal-Tera, F, tera:Grass
|-ability|p2a: Ogerpon|Embody Aspect (Teal)|boost
|-boost|p2a: Ogerpon|spe|1
|move|p2a: Ogerpon|Knock Off|p1a: Samurott
|-resisted|p1a: Samurott
|-damage|p1a: Samurott|0 fnt
|-enditem|p1a: Samurott|Choice Scarf|[from] move: Knock Off|[of] p2a: Ogerpon
|faint|p1a: Samurott
|
|-end|p2a: Ogerpon|move: Future Sight
|-damage|p2a: Ogerpon|29/100
|upkeep
|
|t:|1781429407
|switch|p1a: Kingambit|Kingambit, M|100/100
|-activate|p1a: Kingambit|ability: Supreme Overlord
|-start|p1a: Kingambit|fallen2|[silent]
|turn|14
|inactive|overheat xyz has 120 seconds left.
|
|t:|1781429436
|switch|p2a: Alomomola|Alomomola, F|100/100
|move|p1a: Kingambit|Swords Dance|p1a: Kingambit
|-boost|p1a: Kingambit|atk|2
|
|upkeep
|turn|15
|
|t:|1781429444
|move|p1a: Kingambit|Swords Dance|p1a: Kingambit
|-boost|p1a: Kingambit|atk|2
|move|p2a: Alomomola|Scald|p1a: Kingambit
|-damage|p1a: Kingambit|88/100
|
|-heal|p1a: Kingambit|94/100|[from] item: Leftovers
|upkeep
|turn|16
|inactive|overheat xyz has 120 seconds left.
|
|t:|1781429452
|move|p1a: Kingambit|Kowtow Cleave|p2a: Alomomola
|-crit|p2a: Alomomola
|-damage|p2a: Alomomola|0 fnt
|faint|p2a: Alomomola
|
|-heal|p1a: Kingambit|99/100|[from] item: Leftovers
|upkeep
|c|☆EleaRosea|uh uh
|inactive|EleaRosea has 120 seconds left.
|
|t:|1781429460
|switch|p2a: Great Tusk|Great Tusk|100/100
|turn|17
|
|t:|1781429467
|-terastallize|p1a: Kingambit|Fairy
|move|p2a: Great Tusk|Close Combat|p1a: Kingambit
|-resisted|p1a: Kingambit
|-damage|p1a: Kingambit|78/100
|-unboost|p2a: Great Tusk|def|1
|-unboost|p2a: Great Tusk|spd|1
|move|p1a: Kingambit|Iron Head|p2a: Great Tusk
|-damage|p2a: Great Tusk|0 fnt
|faint|p2a: Great Tusk
|-end|p2a: Great Tusk|Protosynthesis|[silent]
|
|-heal|p1a: Kingambit|84/100|[from] item: Leftovers
|upkeep
|
|t:|1781429475
|switch|p2a: Heatran|Heatran, F|100/100
|-damage|p2a: Heatran|88/100|[from] Spikes
|turn|18
|
|t:|1781429481
|move|p2a: Heatran|Will-O-Wisp|p1a: Kingambit
|-status|p1a: Kingambit|brn
|move|p1a: Kingambit|Kowtow Cleave|p2a: Heatran
|-damage|p2a: Heatran|15/100
|
|-heal|p2a: Heatran|21/100|[from] item: Leftovers
|-heal|p1a: Kingambit|90/100 brn|[from] item: Leftovers
|-damage|p1a: Kingambit|84/100 brn|[from] brn
|upkeep
|turn|19
|
|t:|1781429490
|move|p1a: Kingambit|Sucker Punch||[still]
|-fail|p1a: Kingambit
|move|p2a: Heatran|Stealth Rock|p1a: Kingambit
|-sidestart|p1: overheat xyz|move: Stealth Rock
|
|-heal|p2a: Heatran|27/100|[from] item: Leftovers
|-heal|p1a: Kingambit|90/100 brn|[from] item: Leftovers
|-damage|p1a: Kingambit|84/100 brn|[from] brn
|upkeep
|turn|20
|
|t:|1781429497
|move|p1a: Kingambit|Sucker Punch|p2a: Heatran
|-damage|p2a: Heatran|0 fnt
|faint|p2a: Heatran
|
|-heal|p1a: Kingambit|90/100 brn|[from] item: Leftovers
|-damage|p1a: Kingambit|84/100 brn|[from] brn
|upkeep
|
|t:|1781429501
|switch|p2a: Primarina|Primarina, F|100/100
|-damage|p2a: Primarina|88/100|[from] Spikes
|turn|21
|
|t:|1781429510
|move|p2a: Primarina|Moonblast|p1a: Kingambit
|-damage|p1a: Kingambit|31/100 brn
|-unboost|p1a: Kingambit|spa|1
|move|p1a: Kingambit|Iron Head|p2a: Primarina
|-damage|p2a: Primarina|0 fnt
|faint|p2a: Primarina
|
|-heal|p1a: Kingambit|38/100 brn|[from] item: Leftovers
|-damage|p1a: Kingambit|31/100 brn|[from] brn
|upkeep
|
|t:|1781429515
|switch|p2a: Ogerpon|Ogerpon-Teal-Tera, F, tera:Grass|29/100
|-damage|p2a: Ogerpon|16/100|[from] Spikes
|-ability|p2a: Ogerpon|Embody Aspect (Teal)|boost
|-boost|p2a: Ogerpon|spe|1
|turn|22
|
|t:|1781429532
|switch|p2a: Rillaboom|Rillaboom, F|4/100
|-damage|p2a: Rillaboom|0 fnt|[from] Spikes
|faint|p2a: Rillaboom
|move|p1a: Kingambit|Kowtow Cleave|p2: Rillaboom|[notarget]
|-fail|p1a: Kingambit
|
|-heal|p1a: Kingambit|38/100 brn|[from] item: Leftovers
|-damage|p1a: Kingambit|31/100 brn|[from] brn
|upkeep
|
|t:|1781429535
|switch|p2a: Ogerpon|Ogerpon-Teal-Tera, F, tera:Grass|16/100
|-damage|p2a: Ogerpon|4/100|[from] Spikes
|-ability|p2a: Ogerpon|Embody Aspect (Teal)|boost
|-boost|p2a: Ogerpon|spe|1
|turn|23
|
|t:|1781429543
|move|p2a: Ogerpon|Knock Off|p1a: Kingambit
|-resisted|p1a: Kingambit
|-damage|p1a: Kingambit|15/100 brn
|-enditem|p1a: Kingambit|Leftovers|[from] move: Knock Off|[of] p2a: Ogerpon
|move|p1a: Kingambit|Kowtow Cleave|p2a: Ogerpon
|-damage|p2a: Ogerpon|0 fnt
|faint|p2a: Ogerpon
|detailschange|p2: Ogerpon|Ogerpon, F|[silent]
|
|win|overheat xyz
|raw|overheat xyz's rating: 1671 &rarr; <strong>1689</strong><br />(+18 for winning)
|raw|EleaRosea's rating: 1629 &rarr; <strong>1611</strong><br />(-18 for losing)
|l|☆EleaRosea
|player|p2|
|j| hyuneebilliee
|l| hyuneebilliee
|l|☆overheat xyz
|player|p1|
