|j|☆stone xo
|j|☆miataylor612
|t:|1781006718
|gametype|singles
|player|p1|stone xo|266|1485
|player|p2|miataylor612|idol|1602
|gen|9
|tier|[Gen 9] OU
|rated|
|rule|HP Percentage Mod: HP is shown in percentages
|rule|Endless Battle Clause: Forcing endless battles is banned
|rule|Species Clause: Limit one of each Pokémon
|rule|OHKO Clause: OHKO moves are banned
|rule|Evasion Items Clause: Evasion items are banned
|rule|Evasion Moves Clause: Evasion moves are banned
|rule|Evasion Abilities Clause: Evasion abilities are banned
|rule|Sleep Moves Clause: Sleep-inducing moves are banned
|clearpoke
|poke|p1|Iron Treads|
|poke|p1|Moltres|
|poke|p1|Alomomola, M|
|poke|p1|Iron Valiant|
|poke|p1|Darkrai|
|poke|p1|Slowking-Galar, F|
|poke|p2|Flamigo, M|
|poke|p2|Hatterene, F|
|poke|p2|Kingambit, M|
|poke|p2|Great Tusk|
|poke|p2|Kyurem|
|poke|p2|Tornadus-Therian, M|
|teampreview
|inactive|Battle timer is ON: inactive players will automatically lose when time's up. (requested by miataylor612)
|inactive|miataylor612 has 120 seconds left.
|
|t:|1781006755
|teamsize|p1|6
|teamsize|p2|6
|start
|switch|p1a: Alomomola|Alomomola, M|100/100
|switch|p2a: Great Tusk|Great Tusk|100/100
|turn|1
|
|t:|1781006763
|move|p2a: Great Tusk|Stealth Rock|p1a: Alomomola
|-sidestart|p1: stone xo|move: Stealth Rock
|move|p1a: Alomomola|Scald|p2a: Great Tusk
|-supereffective|p2a: Great Tusk
|-damage|p2a: Great Tusk|66/100
|-status|p2a: Great Tusk|brn
|
|-heal|p2a: Great Tusk|73/100 brn|[from] item: Leftovers
|-damage|p2a: Great Tusk|66/100 brn|[from] brn
|upkeep
|turn|2
|
|t:|1781006772
|-end|p2a: Great Tusk|Protosynthesis|[silent]
|switch|p2a: Hatterene|Hatterene, F|100/100
|move|p1a: Alomomola|Flip Turn|p2a: Hatterene
|-damage|p2a: Hatterene|86/100
|-damage|p1a: Alomomola|84/100|[from] item: Rocky Helmet|[of] p2a: Hatterene
|
|t:|1781006779
|switch|p1a: Slowking|Slowking-Galar, F|100/100|[from] Flip Turn
|-damage|p1a: Slowking|88/100|[from] Stealth Rock
|
|-heal|p1a: Slowking|94/100|[from] item: Leftovers
|upkeep
|turn|3
|
|t:|1781006786
|switch|p2a: Kingambit|Kingambit, M|100/100
|move|p1a: Slowking|Sludge Bomb|p2a: Kingambit
|-immune|p2a: Kingambit
|
|-heal|p1a: Slowking|99/100|[from] item: Leftovers
|upkeep
|turn|4
|
|t:|1781006791
|-end|p2a: Kingambit|fallenundefined|[silent]
|switch|p2a: Tornadus|Tornadus-Therian, M|100/100
|switch|p1a: Moltres|Moltres|100/100
|
|upkeep
|turn|5
|
|t:|1781006796
|switch|p1a: Alomomola|Alomomola, M|100/100
|-damage|p1a: Alomomola|88/100|[from] Stealth Rock
|move|p2a: Tornadus|Knock Off|p1a: Alomomola
|-crit|p1a: Alomomola
|-damage|p1a: Alomomola|63/100
|-enditem|p1a: Alomomola|Assault Vest|[from] move: Knock Off|[of] p2a: Tornadus
|
|upkeep
|turn|6
|
|t:|1781006804
|move|p2a: Tornadus|Bleakwind Storm|p1a: Alomomola
|-damage|p1a: Alomomola|36/100
|move|p1a: Alomomola|Flip Turn|p2a: Tornadus
|-damage|p2a: Tornadus|84/100
|
|t:|1781006812
|switch|p1a: Iron Treads|Iron Treads|100/100|[from] Flip Turn
|-damage|p1a: Iron Treads|97/100|[from] Stealth Rock
|
|-heal|p1a: Iron Treads|100/100|[from] item: Leftovers
|upkeep
|turn|7
|
|t:|1781006830
|move|p2a: Tornadus|Knock Off|p1a: Iron Treads
|-damage|p1a: Iron Treads|82/100
|-enditem|p1a: Iron Treads|Leftovers|[from] move: Knock Off|[of] p2a: Tornadus
|move|p1a: Iron Treads|Rapid Spin|p2a: Tornadus
|-damage|p2a: Tornadus|66/100
|-boost|p1a: Iron Treads|spe|1
|-sideend|p1: stone xo|Stealth Rock|[from] move: Rapid Spin|[of] p1a: Iron Treads
|
|upkeep
|turn|8
|
|t:|1781006851
|move|p1a: Iron Treads|Ice Spinner|p2a: Tornadus
|-supereffective|p2a: Tornadus
|-damage|p2a: Tornadus|8/100
|move|p2a: Tornadus|Heat Wave|p1a: Iron Treads
|-supereffective|p1a: Iron Treads
|-damage|p1a: Iron Treads|16/100
|
|upkeep
|turn|9
|
|t:|1781006862
|switch|p2a: Hatterene|Hatterene, F|86/100
|move|p1a: Iron Treads|Rapid Spin|p2a: Hatterene
|-crit|p2a: Hatterene
|-damage|p2a: Hatterene|66/100
|-boost|p1a: Iron Treads|spe|1
|-damage|p1a: Iron Treads|0 fnt|[from] item: Rocky Helmet|[of] p2a: Hatterene
|faint|p1a: Iron Treads
|-end|p1a: Iron Treads|Quark Drive|[silent]
|
|upkeep
|
|t:|1781006874
|switch|p1a: Slowking|Slowking-Galar, F|100/100
|turn|10
|
|t:|1781006880
|move|p2a: Hatterene|Pain Split|p1a: Slowking
|-sethp|p1a: Slowking|77/100|[from] move: Pain Split|[silent]
|-sethp|p2a: Hatterene|95/100|[from] move: Pain Split
|-prepare|p1a: Slowking|Chilly Reception|[premajor]
|move|p1a: Slowking|Chilly Reception|p1a: Slowking
|-weather|Snowscape
|
|t:|1781006889
|switch|p1a: Alomomola|Alomomola, M|69/100|[from] Chilly Reception
|
|-weather|Snowscape|[upkeep]
|upkeep
|turn|11
|
|t:|1781006894
|switch|p1a: Slowking|Slowking-Galar, F|100/100
|switch|p2a: Tornadus|Tornadus-Therian, M|41/100
|
|-weather|Snowscape|[upkeep]
|upkeep
|turn|12
|
|t:|1781006897
|move|p2a: Tornadus|Knock Off|p1a: Slowking
|-supereffective|p1a: Slowking
|-damage|p1a: Slowking|57/100
|-enditem|p1a: Slowking|Leftovers|[from] move: Knock Off|[of] p2a: Tornadus
|move|p1a: Slowking|Thunder Wave|p2a: Tornadus
|-status|p2a: Tornadus|par
|
|-weather|Snowscape|[upkeep]
|upkeep
|turn|13
|
|t:|1781006902
|cant|p2a: Tornadus|par
|-prepare|p1a: Slowking|Chilly Reception|[premajor]
|move|p1a: Slowking|Chilly Reception|p1a: Slowking
|
|t:|1781006909
|switch|p1a: Alomomola|Alomomola, M|100/100|[from] Chilly Reception
|
|-weather|Snowscape|[upkeep]
|upkeep
|turn|14
|
|t:|1781006919
|move|p2a: Tornadus|U-turn|p1a: Alomomola
|-damage|p1a: Alomomola|90/100
|
|t:|1781006921
|switch|p2a: Hatterene|Hatterene, F|95/100|[from] U-turn
|move|p1a: Alomomola|Flip Turn|p2a: Hatterene
|-damage|p2a: Hatterene|83/100
|-damage|p1a: Alomomola|73/100|[from] item: Rocky Helmet|[of] p2a: Hatterene
|
|t:|1781006925
|switch|p1a: Slowking|Slowking-Galar, F|91/100|[from] Flip Turn
|
|-weather|none
|upkeep
|turn|15
|
|t:|1781006929
|switch|p2a: Kingambit|Kingambit, M|100/100
|move|p1a: Slowking|Sludge Bomb|p2a: Kingambit
|-immune|p2a: Kingambit
|
|upkeep
|turn|16
|
|t:|1781006940
|-end|p2a: Kingambit|fallenundefined|[silent]
|switch|p2a: Great Tusk|Great Tusk|66/100 brn
|move|p1a: Slowking|Thunder Wave|p2a: Great Tusk
|-immune|p2a: Great Tusk
|
|-heal|p2a: Great Tusk|73/100 brn|[from] item: Leftovers
|-damage|p2a: Great Tusk|66/100 brn|[from] brn
|upkeep
|turn|17
|
|t:|1781006943
|switch|p1a: Moltres|Moltres|100/100
|move|p2a: Great Tusk|Stealth Rock|p1a: Moltres
|-sidestart|p1: stone xo|move: Stealth Rock
|
|-heal|p2a: Great Tusk|73/100 brn|[from] item: Leftovers
|-damage|p2a: Great Tusk|66/100 brn|[from] brn
|upkeep
|turn|18
|
|t:|1781006949
|-end|p2a: Great Tusk|Protosynthesis|[silent]
|switch|p2a: Tornadus|Tornadus-Therian, M|75/100 par
|move|p1a: Moltres|Flamethrower|p2a: Tornadus
|-damage|p2a: Tornadus|49/100 par
|
|upkeep
|turn|19
|
|t:|1781006954
|switch|p1a: Alomomola|Alomomola, M|100/100
|-damage|p1a: Alomomola|88/100|[from] Stealth Rock
|move|p2a: Tornadus|Knock Off|p1a: Alomomola
|-damage|p1a: Alomomola|77/100
|
|upkeep
|turn|20
|
|t:|1781006958
|move|p2a: Tornadus|Bleakwind Storm|p1a: Alomomola
|-damage|p1a: Alomomola|51/100
|move|p1a: Alomomola|Mirror Coat|p2a: Tornadus
|-damage|p2a: Tornadus|0 fnt
|faint|p2a: Tornadus
|
|upkeep
|
|t:|1781006964
|switch|p2a: Kyurem|Kyurem|100/100
|-ability|p2a: Kyurem|Pressure
|turn|21
|
|t:|1781006968
|switch|p1a: Slowking|Slowking-Galar, F|100/100
|-damage|p1a: Slowking|88/100|[from] Stealth Rock
|move|p2a: Kyurem|Earth Power|p1a: Slowking
|-supereffective|p1a: Slowking
|-damage|p1a: Slowking|46/100
|
|upkeep
|turn|22
|
|t:|1781006975
|move|p2a: Kyurem|Earth Power|p1a: Slowking
|-supereffective|p1a: Slowking
|-damage|p1a: Slowking|8/100
|move|p1a: Slowking|Thunder Wave|p2a: Kyurem
|-status|p2a: Kyurem|par
|
|upkeep
|turn|23
|
|t:|1781006981
|switch|p1a: Moltres|Moltres|100/100
|move|p2a: Kyurem|Freeze-Dry|p1a: Moltres
|-damage|p1a: Moltres|59/100
|-status|p1a: Moltres|frz
|
|upkeep
|turn|24
|
|t:|1781006993
|-curestatus|p1a: Moltres|frz|[msg]
|move|p1a: Moltres|Flamethrower|p2a: Kyurem
|-damage|p2a: Kyurem|82/100 par
|move|p2a: Kyurem|Draco Meteor|p1a: Moltres
|-damage|p1a: Moltres|0 fnt
|-unboost|p2a: Kyurem|spa|2
|faint|p1a: Moltres
|
|upkeep
|
|t:|1781007012
|switch|p1a: Iron Valiant|Iron Valiant|100/100
|-damage|p1a: Iron Valiant|94/100|[from] Stealth Rock
|-enditem|p1a: Iron Valiant|Booster Energy
|-activate|p1a: Iron Valiant|ability: Quark Drive|[fromitem]
|-start|p1a: Iron Valiant|quarkdrivespe
|turn|25
|
|t:|1781007034
|switch|p2a: Hatterene|Hatterene, F|83/100
|move|p1a: Iron Valiant|Moonblast|p2a: Hatterene
|-damage|p2a: Hatterene|35/100
|
|upkeep
|turn|26
|
|t:|1781007039
|move|p1a: Iron Valiant|Moonblast|p2a: Hatterene
|-damage|p2a: Hatterene|0 fnt
|faint|p2a: Hatterene
|
|upkeep
|
|t:|1781007044
|switch|p2a: Kyurem|Kyurem|82/100 par
|-ability|p2a: Kyurem|Pressure
|turn|27
|
|t:|1781007057
|move|p1a: Iron Valiant|Close Combat|p2a: Kyurem
|-supereffective|p2a: Kyurem
|-damage|p2a: Kyurem|0 fnt
|-unboost|p1a: Iron Valiant|def|1
|-unboost|p1a: Iron Valiant|spd|1
|faint|p2a: Kyurem
|
|upkeep
|inactive|miataylor612 has 120 seconds left.
|
|t:|1781007091
|switch|p2a: Kingambit|Kingambit, M|100/100
|-activate|p2a: Kingambit|ability: Supreme Overlord
|-start|p2a: Kingambit|fallen3|[silent]
|turn|28
|
|t:|1781007096
|-terastallize|p2a: Kingambit|Ghost
|move|p1a: Iron Valiant|Close Combat|p2a: Kingambit
|-immune|p2a: Kingambit
|move|p2a: Kingambit|Iron Head|p1a: Iron Valiant
|-supereffective|p1a: Iron Valiant
|-damage|p1a: Iron Valiant|0 fnt
|faint|p1a: Iron Valiant
|-end|p1a: Iron Valiant|Quark Drive|[silent]
|
|upkeep
|
|t:|1781007102
|switch|p1a: Darkrai|Darkrai|100/100
|-damage|p1a: Darkrai|88/100|[from] Stealth Rock
|turn|29
|
|t:|1781007107
|-end|p2a: Kingambit|fallen3|[silent]
|switch|p2a: Great Tusk|Great Tusk|66/100 brn
|move|p1a: Darkrai|Dark Pulse|p2a: Great Tusk
|-resisted|p2a: Great Tusk
|-damage|p2a: Great Tusk|36/100 brn
|
|-heal|p1a: Darkrai|94/100|[from] item: Leftovers
|-heal|p2a: Great Tusk|42/100 brn|[from] item: Leftovers
|-damage|p2a: Great Tusk|36/100 brn|[from] brn
|upkeep
|turn|30
|
|t:|1781007113
|move|p1a: Darkrai|Ice Beam|p2a: Great Tusk
|-supereffective|p2a: Great Tusk
|-damage|p2a: Great Tusk|0 fnt
|faint|p2a: Great Tusk
|-end|p2a: Great Tusk|Protosynthesis|[silent]
|
|-heal|p1a: Darkrai|99/100|[from] item: Leftovers
|upkeep
|
|t:|1781007115
|switch|p2a: Flamingo|Flamigo, M|100/100
|turn|31
|
|t:|1781007120
|switch|p1a: Slowking|Slowking-Galar, F|42/100
|-damage|p1a: Slowking|29/100|[from] Stealth Rock
|move|p2a: Flamingo|U-turn|p1a: Slowking
|-damage|p1a: Slowking|0 fnt
|faint|p1a: Slowking
|
|t:|1781007125
|switch|p2a: Kingambit|Kingambit, M, tera:Ghost|100/100|[from] U-turn
|-activate|p2a: Kingambit|ability: Supreme Overlord
|-start|p2a: Kingambit|fallen4|[silent]
|
|upkeep
|
|t:|1781007129
|switch|p1a: Alomomola|Alomomola, M|84/100
|-damage|p1a: Alomomola|72/100|[from] Stealth Rock
|turn|32
|
|t:|1781007132
|move|p1a: Alomomola|Scald|p2a: Kingambit
|-crit|p2a: Kingambit
|-damage|p2a: Kingambit|79/100
|move|p2a: Kingambit|Swords Dance|p2a: Kingambit
|-boost|p2a: Kingambit|atk|2
|
|-heal|p2a: Kingambit|86/100|[from] item: Leftovers
|upkeep
|turn|33
|
|t:|1781007137
|move|p1a: Alomomola|Scald|p2a: Kingambit
|-damage|p2a: Kingambit|72/100
|-status|p2a: Kingambit|brn
|move|p2a: Kingambit|Kowtow Cleave|p1a: Alomomola
|-damage|p1a: Alomomola|17/100
|
|-heal|p2a: Kingambit|78/100 brn|[from] item: Leftovers
|-damage|p2a: Kingambit|72/100 brn|[from] brn
|upkeep
|turn|34
|-message|miataylor612 forfeited.
|
|win|stone xo
|raw|stone xo's rating: 1485 &rarr; <strong>1511</strong><br />(+26 for winning)
|raw|miataylor612's rating: 1602 &rarr; <strong>1576</strong><br />(-26 for losing)
|l|☆miataylor612
|player|p2|
|l|☆stone xo
|player|p1|
