|j|☆cacao1
|j|☆Glimpse Man
|t:|1781586828
|gametype|singles
|player|p1|cacao1|101|1508
|player|p2|Glimpse Man|#wcor2025canada|1562
|gen|9
|tier|[Gen 9] OU
|rated|
|rule|HP Percentage Mod: HP is shown in percentages
|rule|Endless Battle Clause: Forcing endless battles is banned
|rule|Species Clause: Limit one of each Pokémon
|rule|OHKO Clause: OHKO moves are banned
|rule|Evasion Items Clause: Evasion items are banned
|rule|Evasion Moves Clause: Evasion moves are banned
|rule|Evasion Abilities Clause: Evasion abilities are banned
|rule|Sleep Moves Clause: Sleep-inducing moves are banned
|clearpoke
|poke|p1|Heatran, M|
|poke|p1|Torkoal, F|
|poke|p1|Hatterene, F|
|poke|p1|Walking Wake|
|poke|p1|Lilligant-Hisui, F|
|poke|p1|Great Tusk|
|poke|p2|Great Tusk|
|poke|p2|Samurott-Hisui, M|
|poke|p2|Gholdengo|
|poke|p2|Zamazenta-*|
|poke|p2|Iron Valiant|
|poke|p2|Talonflame, M|
|teampreview
|inactive|Battle timer is ON: inactive players will automatically lose when time's up. (requested by Glimpse Man)
|
|t:|1781586842
|teamsize|p1|6
|teamsize|p2|6
|start
|switch|p1a: Great Tusk|Great Tusk|100/100
|switch|p2a: Samurott|Samurott-Hisui, M|100/100
|turn|1
|
|t:|1781586845
|move|p1a: Great Tusk|Close Combat|p2a: Samurott
|-supereffective|p2a: Samurott
|-damage|p2a: Samurott|0 fnt
|-unboost|p1a: Great Tusk|def|1
|-unboost|p1a: Great Tusk|spd|1
|faint|p2a: Samurott
|
|upkeep
|
|t:|1781586848
|switch|p2a: Talonflame|Talonflame, M|100/100
|turn|2
|
|t:|1781586851
|-end|p1a: Great Tusk|Protosynthesis|[silent]
|switch|p1a: Torkoal|Torkoal, F|100/100
|-weather|SunnyDay|[from] ability: Drought|[of] p1a: Torkoal
|move|p2a: Talonflame|U-turn|p1a: Torkoal
|-resisted|p1a: Torkoal
|-crit|p1a: Torkoal
|-damage|p1a: Torkoal|93/100
|
|t:|1781586853
|switch|p2a: Great Tusk|Great Tusk|100/100|[from] U-turn
|-activate|p2a: Great Tusk|ability: Protosynthesis
|-start|p2a: Great Tusk|protosynthesisatk
|
|-weather|SunnyDay|[upkeep]
|upkeep
|turn|3
|
|t:|1781586863
|switch|p1a: Lilligant|Lilligant-Hisui, F|100/100
|move|p2a: Great Tusk|Headlong Rush|p1a: Lilligant
|-resisted|p1a: Lilligant
|-damage|p1a: Lilligant|34/100
|-unboost|p2a: Great Tusk|def|1
|-unboost|p2a: Great Tusk|spd|1
|
|-weather|SunnyDay|[upkeep]
|upkeep
|turn|4
|
|t:|1781586870
|switch|p1a: Walking Wake|Walking Wake|100/100
|-activate|p1a: Walking Wake|ability: Protosynthesis
|-start|p1a: Walking Wake|protosynthesisspe
|-end|p2a: Great Tusk|Protosynthesis|[silent]
|switch|p2a: Talonflame|Talonflame, M|100/100
|
|-weather|SunnyDay|[upkeep]
|upkeep
|turn|5
|
|t:|1781586875
|move|p1a: Walking Wake|Hydro Steam|p2a: Talonflame
|-supereffective|p2a: Talonflame
|-damage|p2a: Talonflame|0 fnt
|faint|p2a: Talonflame
|
|-weather|SunnyDay|[upkeep]
|upkeep
|
|t:|1781586881
|switch|p2a: Gholdengo|Gholdengo|100/100
|-item|p2a: Gholdengo|Air Balloon
|turn|6
|
|t:|1781586890
|-terastallize|p2a: Gholdengo|Water
|move|p1a: Walking Wake|Flamethrower|p2a: Gholdengo
|-resisted|p2a: Gholdengo
|-damage|p2a: Gholdengo|74/100
|-enditem|p2a: Gholdengo|Air Balloon
|move|p2a: Gholdengo|Shadow Ball|p1a: Walking Wake
|-damage|p1a: Walking Wake|45/100
|
|-weather|SunnyDay|[upkeep]
|upkeep
|turn|7
|
|t:|1781586899
|-end|p1a: Walking Wake|Protosynthesis|[silent]
|switch|p1a: Heatran|Heatran, M|100/100
|move|p2a: Gholdengo|Focus Blast|p1a: Heatran
|-supereffective|p1a: Heatran
|-damage|p1a: Heatran|0 fnt
|faint|p1a: Heatran
|
|-weather|SunnyDay|[upkeep]
|upkeep
|j| nivalys99
|
|t:|1781586909
|switch|p1a: Lilligant|Lilligant-Hisui, F|34/100
|turn|8
|
|t:|1781586911
|switch|p2a: Zamazenta|Zamazenta|100/100
|-ability|p2a: Zamazenta|Dauntless Shield|boost
|-boost|p2a: Zamazenta|def|1
|move|p1a: Lilligant|Solar Blade||[still]
|-prepare|p1a: Lilligant|Solar Blade
|-anim|p1a: Lilligant|Solar Blade|p2a: Zamazenta
|-damage|p2a: Zamazenta|52/100
|-damage|p1a: Lilligant|24/100|[from] item: Life Orb
|
|-weather|SunnyDay|[upkeep]
|-heal|p2a: Zamazenta|59/100|[from] item: Leftovers
|upkeep
|turn|9
|
|t:|1781586923
|switch|p1a: Hatterene|Hatterene, F|100/100
|move|p2a: Zamazenta|Stone Edge|p1a: Hatterene
|-damage|p1a: Hatterene|67/100
|
|-weather|none
|-heal|p2a: Zamazenta|65/100|[from] item: Leftovers
|-heal|p1a: Hatterene|73/100|[from] item: Leftovers
|upkeep
|turn|10
|
|t:|1781586933
|move|p2a: Zamazenta|Stone Edge|p1a: Hatterene|[miss]
|-miss|p2a: Zamazenta|p1a: Hatterene
|move|p1a: Hatterene|Nuzzle|p2a: Zamazenta
|-damage|p2a: Zamazenta|62/100
|-status|p2a: Zamazenta|par
|
|-heal|p2a: Zamazenta|68/100 par|[from] item: Leftovers
|-heal|p1a: Hatterene|78/100|[from] item: Leftovers
|upkeep
|turn|11
|
|t:|1781586937
|move|p2a: Zamazenta|Body Press|p1a: Hatterene
|-resisted|p1a: Hatterene
|-damage|p1a: Hatterene|66/100
|move|p1a: Hatterene|Draining Kiss|p2a: Zamazenta
|-supereffective|p2a: Zamazenta
|-damage|p2a: Zamazenta|14/100 par
|-heal|p1a: Hatterene|100/100|[from] drain|[of] p2a: Zamazenta
|
|-heal|p2a: Zamazenta|20/100 par|[from] item: Leftovers
|upkeep
|turn|12
|
|t:|1781586943
|switch|p2a: Gholdengo|Gholdengo, tera:Water|74/100
|move|p1a: Hatterene|Draining Kiss|p2a: Gholdengo
|-damage|p2a: Gholdengo|37/100
|
|upkeep
|turn|13
|
|t:|1781586949
|switch|p1a: Torkoal|Torkoal, F|93/100
|-weather|SunnyDay|[from] ability: Drought|[of] p1a: Torkoal
|move|p2a: Gholdengo|Shadow Ball|p1a: Torkoal
|-damage|p1a: Torkoal|28/100
|-unboost|p1a: Torkoal|spd|1
|
|-weather|SunnyDay|[upkeep]
|upkeep
|turn|14
|
|t:|1781586955
|move|p2a: Gholdengo|Shadow Ball|p1a: Torkoal
|-damage|p1a: Torkoal|0 fnt
|faint|p1a: Torkoal
|
|-weather|SunnyDay|[upkeep]
|upkeep
|
|t:|1781586960
|switch|p1a: Lilligant|Lilligant-Hisui, F|24/100
|turn|15
|
|t:|1781586963
|switch|p2a: Zamazenta|Zamazenta|20/100 par
|move|p1a: Lilligant|Solar Blade||[still]
|-prepare|p1a: Lilligant|Solar Blade
|-anim|p1a: Lilligant|Solar Blade|p2a: Zamazenta
|-damage|p2a: Zamazenta|0 fnt
|faint|p2a: Zamazenta
|-damage|p1a: Lilligant|14/100|[from] item: Life Orb
|
|-weather|SunnyDay|[upkeep]
|upkeep
|
|t:|1781586967
|switch|p2a: Iron Valiant|Iron Valiant|100/100
|-enditem|p2a: Iron Valiant|Booster Energy
|-activate|p2a: Iron Valiant|ability: Quark Drive|[fromitem]
|-start|p2a: Iron Valiant|quarkdrivespe
|turn|16
|
|t:|1781586973
|move|p1a: Lilligant|Solar Blade||[still]
|-prepare|p1a: Lilligant|Solar Blade
|-anim|p1a: Lilligant|Solar Blade|p2a: Iron Valiant
|-damage|p2a: Iron Valiant|0 fnt
|faint|p2a: Iron Valiant
|-end|p2a: Iron Valiant|Quark Drive|[silent]
|-damage|p1a: Lilligant|4/100|[from] item: Life Orb
|
|-weather|SunnyDay|[upkeep]
|upkeep
|
|t:|1781586979
|switch|p2a: Great Tusk|Great Tusk|100/100
|-activate|p2a: Great Tusk|ability: Protosynthesis
|-start|p2a: Great Tusk|protosynthesisatk
|turn|17
|
|t:|1781586985
|-end|p2a: Great Tusk|Protosynthesis|[silent]
|switch|p2a: Gholdengo|Gholdengo, tera:Water|37/100
|move|p1a: Lilligant|Solar Blade||[still]
|-prepare|p1a: Lilligant|Solar Blade
|-anim|p1a: Lilligant|Solar Blade|p2a: Gholdengo
|-supereffective|p2a: Gholdengo
|-damage|p2a: Gholdengo|0 fnt
|faint|p2a: Gholdengo
|-damage|p1a: Lilligant|0 fnt|[from] item: Life Orb
|faint|p1a: Lilligant
|
|-weather|SunnyDay|[upkeep]
|upkeep
|-message|Glimpse Man forfeited.
|
|win|cacao1
|raw|cacao1's rating: 1508 &rarr; <strong>1531</strong><br />(+23 for winning)
|raw|Glimpse Man's rating: 1562 &rarr; <strong>1539</strong><br />(-23 for losing)
|l|☆Glimpse Man
|player|p2|
|l|☆cacao1
|player|p1|
