|j|‽SWAGGER_W2F
|j|☆freekaik
|t:|1781587508
|gametype|singles
|player|p1|SWAGGER_W2F|flint|1586
|player|p2|freekaik|169|1556
|gen|9
|tier|[Gen 9] OU
|rated|
|rule|HP Percentage Mod: HP is shown in percentages
|rule|Endless Battle Clause: Forcing endless battles is banned
|rule|Species Clause: Limit one of each Pokémon
|rule|OHKO Clause: OHKO moves are banned
|rule|Evasion Items Clause: Evasion items are banned
|rule|Evasion Moves Clause: Evasion moves are banned
|rule|Evasion Abilities Clause: Evasion abilities are banned
|rule|Sleep Moves Clause: Sleep-inducing moves are banned
|clearpoke
|poke|p1|Ceruledge, M|
|poke|p1|Scizor, M|
|poke|p1|Raging Bolt|
|poke|p1|Primarina, F|
|poke|p1|Mandibuzz, F|
|poke|p1|Great Tusk|
|poke|p2|Ogerpon-Wellspring, F|
|poke|p2|Mandibuzz, F|
|poke|p2|Raging Bolt|
|poke|p2|Corviknight, M|
|poke|p2|Heatran, M|
|poke|p2|Great Tusk|
|teampreview
|inactive|Battle timer is ON: inactive players will automatically lose when time's up. (requested by freekaik)
|
|t:|1781587531
|teamsize|p1|6
|teamsize|p2|6
|start
|switch|p1a: Raging Bolt|Raging Bolt|100/100
|switch|p2a: Ogerpon|Ogerpon-Wellspring, F|100/100
|turn|1
|inactive|freekaik has 120 seconds left.
|
|t:|1781587562
|switch|p2a: Raging Bolt|Raging Bolt|100/100
|-enditem|p2a: Raging Bolt|Booster Energy
|-activate|p2a: Raging Bolt|ability: Protosynthesis|[fromitem]
|-start|p2a: Raging Bolt|protosynthesisspa
|move|p1a: Raging Bolt|Draco Meteor|p2a: Raging Bolt
|-supereffective|p2a: Raging Bolt
|-damage|p2a: Raging Bolt|0 fnt
|-unboost|p1a: Raging Bolt|spa|2
|faint|p2a: Raging Bolt
|-end|p2a: Raging Bolt|Protosynthesis|[silent]
|
|upkeep
|inactive|freekaik has 120 seconds left.
|
|t:|1781587571
|switch|p2a: Heatran|Heatran, M|100/100
|-item|p2a: Heatran|Air Balloon
|turn|2
|
|t:|1781587580
|-end|p1a: Raging Bolt|Protosynthesis|[silent]
|switch|p1a: Mandibuzz|Mandibuzz, F|100/100
|move|p2a: Heatran|Stealth Rock|p1a: Mandibuzz
|-sidestart|p1: SWAGGER_W2F|move: Stealth Rock
|
|upkeep
|turn|3
|
|t:|1781587586
|move|p1a: Mandibuzz|Defog|p2a: Heatran
|-unboost|p2a: Heatran|evasion|1
|-sideend|p1: SWAGGER_W2F|Stealth Rock|[from] move: Defog|[of] p1a: Mandibuzz
|move|p2a: Heatran|Magma Storm|p1a: Mandibuzz
|-damage|p1a: Mandibuzz|58/100
|-activate|p1a: Mandibuzz|move: Magma Storm|[of] p2a: Heatran
|
|-damage|p1a: Mandibuzz|45/100|[from] move: Magma Storm|[partiallytrapped]
|upkeep
|turn|4
|
|t:|1781587594
|move|p1a: Mandibuzz|Roost|p1a: Mandibuzz
|-heal|p1a: Mandibuzz|96/100
|-singleturn|p1a: Mandibuzz|move: Roost
|move|p2a: Heatran|Stealth Rock|p1a: Mandibuzz
|-sidestart|p1: SWAGGER_W2F|move: Stealth Rock
|
|-damage|p1a: Mandibuzz|83/100|[from] move: Magma Storm|[partiallytrapped]
|upkeep
|turn|5
|
|t:|1781587606
|move|p1a: Mandibuzz|U-turn|p2a: Heatran
|-resisted|p2a: Heatran
|-damage|p2a: Heatran|98/100
|-enditem|p2a: Heatran|Air Balloon
|
|t:|1781587610
|switch|p1a: Ceruledge|Ceruledge, M|100/100|[from] U-turn
|-damage|p1a: Ceruledge|76/100|[from] Stealth Rock
|move|p2a: Heatran|Taunt|p1a: Ceruledge
|-start|p1a: Ceruledge|move: Taunt
|
|upkeep
|turn|6
|
|t:|1781587624
|switch|p2a: Mandibuzz|Mandibuzz, F|100/100
|move|p1a: Ceruledge|Poltergeist|p2a: Mandibuzz
|-activate|p2a: Mandibuzz|move: Poltergeist|Rocky Helmet
|-resisted|p2a: Mandibuzz
|-damage|p2a: Mandibuzz|83/100
|
|upkeep
|turn|7
|
|t:|1781587635
|switch|p1a: Primarina|Primarina, F|100/100
|-damage|p1a: Primarina|88/100|[from] Stealth Rock
|move|p2a: Mandibuzz|U-turn|p1a: Primarina
|-resisted|p1a: Primarina
|-damage|p1a: Primarina|83/100
|
|t:|1781587641
|switch|p2a: Ogerpon|Ogerpon-Wellspring, F|100/100|[from] U-turn
|
|-heal|p1a: Primarina|90/100|[from] item: Leftovers
|upkeep
|turn|8
|
|t:|1781587646
|switch|p1a: Mandibuzz|Mandibuzz, F|83/100
|move|p2a: Ogerpon|Ivy Cudgel|p1a: Mandibuzz|[anim] Ivy Cudgel Water
|-damage|p1a: Mandibuzz|49/100
|
|upkeep
|turn|9
|
|t:|1781587652
|-terastallize|p2a: Ogerpon|Water
|detailschange|p2a: Ogerpon|Ogerpon-Wellspring-Tera, F, tera:Water
|-ability|p2a: Ogerpon|Embody Aspect (Wellspring)|boost
|-boost|p2a: Ogerpon|spd|1
|move|p2a: Ogerpon|Ivy Cudgel|p1a: Mandibuzz|[anim] Ivy Cudgel Water
|-crit|p1a: Mandibuzz
|-damage|p1a: Mandibuzz|0 fnt
|faint|p1a: Mandibuzz
|
|upkeep
|
|t:|1781587662
|switch|p1a: Raging Bolt|Raging Bolt|100/100
|-damage|p1a: Raging Bolt|88/100|[from] Stealth Rock
|turn|10
|inactive|freekaik has 120 seconds left.
|
|t:|1781587698
|switch|p2a: Heatran|Heatran, M|98/100
|move|p1a: Raging Bolt|Draco Meteor|p2a: Heatran
|-resisted|p2a: Heatran
|-crit|p2a: Heatran
|-damage|p2a: Heatran|38/100
|-unboost|p1a: Raging Bolt|spa|2
|
|upkeep
|turn|11
|inactive|freekaik has 120 seconds left.
|
|t:|1781587719
|-end|p1a: Raging Bolt|Protosynthesis|[silent]
|switch|p1a: Primarina|Primarina, F|90/100
|-damage|p1a: Primarina|77/100|[from] Stealth Rock
|move|p2a: Heatran|Magma Storm|p1a: Primarina
|-resisted|p1a: Primarina
|-damage|p1a: Primarina|55/100
|-activate|p1a: Primarina|move: Magma Storm|[of] p2a: Heatran
|
|-heal|p1a: Primarina|61/100|[from] item: Leftovers
|-damage|p1a: Primarina|49/100|[from] move: Magma Storm|[partiallytrapped]
|upkeep
|turn|12
|inactive|freekaik has 120 seconds left.
|
|t:|1781587730
|switch|p2a: Ogerpon|Ogerpon-Wellspring-Tera, F, tera:Water|100/100
|-ability|p2a: Ogerpon|Embody Aspect (Wellspring)|boost
|-boost|p2a: Ogerpon|spd|1
|move|p1a: Primarina|Calm Mind|p1a: Primarina
|-boost|p1a: Primarina|spa|1
|-boost|p1a: Primarina|spd|1
|
|-heal|p1a: Primarina|55/100|[from] item: Leftovers
|-end|p1a: Primarina|Magma Storm|[partiallytrapped]|[silent]
|upkeep
|turn|13
|
|t:|1781587743
|-terastallize|p1a: Primarina|Steel
|move|p2a: Ogerpon|Power Whip|p1a: Primarina
|-resisted|p1a: Primarina
|-crit|p1a: Primarina
|-damage|p1a: Primarina|8/100
|move|p1a: Primarina|Draining Kiss|p2a: Ogerpon
|-damage|p2a: Ogerpon|75/100
|-heal|p1a: Primarina|24/100|[from] drain|[of] p2a: Ogerpon
|
|-heal|p1a: Primarina|30/100|[from] item: Leftovers
|upkeep
|turn|14
|
|t:|1781587761
|move|p2a: Ogerpon|Ivy Cudgel|p1a: Primarina|[anim] Ivy Cudgel Water
|-damage|p1a: Primarina|0 fnt
|faint|p1a: Primarina
|
|upkeep
|
|t:|1781587766
|switch|p1a: Raging Bolt|Raging Bolt|88/100
|-damage|p1a: Raging Bolt|76/100|[from] Stealth Rock
|turn|15
|inactive|SWAGGER_W2F has 120 seconds left.
|
|t:|1781587788
|switch|p2a: Heatran|Heatran, M|38/100
|move|p1a: Raging Bolt|Thunderbolt|p2a: Heatran
|-damage|p2a: Heatran|0 fnt
|faint|p2a: Heatran
|
|upkeep
|
|t:|1781587793
|switch|p2a: Great Tusk|Great Tusk|100/100
|-enditem|p2a: Great Tusk|Booster Energy
|-activate|p2a: Great Tusk|ability: Protosynthesis|[fromitem]
|-start|p2a: Great Tusk|protosynthesisatk
|turn|16
|
|t:|1781587799
|-end|p1a: Raging Bolt|Protosynthesis|[silent]
|switch|p1a: Great Tusk|Great Tusk|100/100
|-damage|p1a: Great Tusk|98/100|[from] Stealth Rock
|move|p2a: Great Tusk|Headlong Rush|p1a: Great Tusk
|-crit|p1a: Great Tusk
|-damage|p1a: Great Tusk|0 fnt
|-unboost|p2a: Great Tusk|def|1
|-unboost|p2a: Great Tusk|spd|1
|faint|p1a: Great Tusk
|-end|p1a: Great Tusk|Protosynthesis|[silent]
|
|upkeep
|inactive|SWAGGER_W2F has 120 seconds left.
|-message|SWAGGER_W2F forfeited.
|
|win|freekaik
|raw|SWAGGER_W2F's rating: 1586 &rarr; <strong>1564</strong><br />(-22 for losing)
|raw|freekaik's rating: 1556 &rarr; <strong>1578</strong><br />(+22 for winning)
|l|‽SWAGGER_W2F
|player|p1|
|l|☆freekaik
|player|p2|
