|j|‽lt_alt1
|j|☆blueisnoob
|t:|1780989860
|gametype|singles
|player|p1|lt_alt1|170|1693
|player|p2|blueisnoob|101|1703
|gen|9
|tier|[Gen 9] OU
|rated|
|rule|HP Percentage Mod: HP is shown in percentages
|rule|Endless Battle Clause: Forcing endless battles is banned
|rule|Species Clause: Limit one of each Pokémon
|rule|OHKO Clause: OHKO moves are banned
|rule|Evasion Items Clause: Evasion items are banned
|rule|Evasion Moves Clause: Evasion moves are banned
|rule|Evasion Abilities Clause: Evasion abilities are banned
|rule|Sleep Moves Clause: Sleep-inducing moves are banned
|clearpoke
|poke|p1|Darkrai|
|poke|p1|Slowking-Galar, M|
|poke|p1|Gholdengo|
|poke|p1|Iron Treads|
|poke|p1|Raging Bolt|
|poke|p1|Gliscor, M|
|poke|p2|Zamazenta-*|
|poke|p2|Ogerpon-Wellspring, F|
|poke|p2|Slowking-Galar, M|
|poke|p2|Great Tusk|
|poke|p2|Kingambit, M|
|poke|p2|Zapdos|
|teampreview
|inactive|Battle timer is ON: inactive players will automatically lose when time's up. (requested by blueisnoob)
|
|t:|1780989874
|teamsize|p1|6
|teamsize|p2|6
|start
|switch|p1a: Raging Bolt|Raging Bolt|100/100
|switch|p2a: Ogerpon|Ogerpon-Wellspring, F|100/100
|turn|1
|
|t:|1780989880
|move|p2a: Ogerpon|U-turn|p1a: Raging Bolt
|-damage|p1a: Raging Bolt|74/100
|
|t:|1780989882
|switch|p2a: Slowking|Slowking-Galar, M|100/100|[from] U-turn
|move|p1a: Raging Bolt|Draco Meteor|p2a: Slowking
|-damage|p2a: Slowking|63/100
|-unboost|p1a: Raging Bolt|spa|2
|
|-heal|p1a: Raging Bolt|80/100|[from] item: Leftovers
|upkeep
|turn|2
|
|t:|1780989889
|-end|p1a: Raging Bolt|Protosynthesis|[silent]
|switch|p1a: Slowking|Slowking-Galar, M|100/100
|move|p2a: Slowking|Ice Beam|p1a: Slowking
|-damage|p1a: Slowking|82/100
|
|-heal|p1a: Slowking|88/100|[from] item: Leftovers
|upkeep
|turn|3
|
|t:|1780989893
|switch|p2a: Great Tusk|Great Tusk, shiny|100/100
|move|p1a: Slowking|Future Sight|p2a: Great Tusk
|-start|p1a: Slowking|move: Future Sight
|
|-heal|p1a: Slowking|95/100|[from] item: Leftovers
|upkeep
|turn|4
|
|t:|1780989896
|switch|p1a: Iron Treads|Iron Treads|100/100
|move|p2a: Great Tusk|Stealth Rock|p1a: Iron Treads
|-sidestart|p1: lt_alt1|move: Stealth Rock
|
|upkeep
|turn|5
|
|t:|1780989901
|-end|p2a: Great Tusk|Protosynthesis|[silent]
|switch|p2a: Zapdos|Zapdos|100/100
|move|p1a: Iron Treads|Rapid Spin|p2a: Zapdos
|-damage|p2a: Zapdos|91/100
|-boost|p1a: Iron Treads|spe|1
|-sideend|p1: lt_alt1|Stealth Rock|[from] move: Rapid Spin|[of] p1a: Iron Treads
|
|-end|p2a: Zapdos|move: Future Sight
|-damage|p2a: Zapdos|47/100
|upkeep
|turn|6
|
|t:|1780989906
|-end|p1a: Iron Treads|Quark Drive|[silent]
|switch|p1a: Gliscor|Gliscor, M|100/100
|move|p2a: Zapdos|Roost|p2a: Zapdos
|-heal|p2a: Zapdos|97/100
|-singleturn|p2a: Zapdos|move: Roost
|
|-status|p1a: Gliscor|tox|[from] item: Toxic Orb
|upkeep
|turn|7
|
|t:|1780989909
|switch|p2a: Ogerpon|Ogerpon-Wellspring, F|100/100
|move|p1a: Gliscor|Spikes|p2a: Ogerpon
|-sidestart|p2: blueisnoob|Spikes
|
|upkeep
|turn|8
|j| ILoveGardevoirRah
|
|t:|1780989920
|-terastallize|p1a: Gliscor|Water
|move|p2a: Ogerpon|Ivy Cudgel|p1a: Gliscor|[anim] Ivy Cudgel Water
|-resisted|p1a: Gliscor
|-damage|p1a: Gliscor|78/100 tox
|move|p1a: Gliscor|Toxic|p2a: Ogerpon
|-status|p2a: Ogerpon|tox
|
|-damage|p2a: Ogerpon|95/100 tox|[from] psn
|-heal|p1a: Gliscor|91/100 tox|[from] ability: Poison Heal
|upkeep
|turn|9
|j| hattybatty304
|
|t:|1780989927
|switch|p2a: Kingambit|Kingambit, M|100/100
|-damage|p2a: Kingambit|88/100|[from] Spikes
|move|p1a: Gliscor|Protect||[still]
|-fail|p1a: Gliscor
|
|-heal|p2a: Kingambit|94/100|[from] item: Leftovers
|-heal|p1a: Gliscor|100/100 tox|[from] ability: Poison Heal
|upkeep
|turn|10
|
|t:|1780989931
|switch|p1a: Iron Treads|Iron Treads|100/100
|move|p2a: Kingambit|Swords Dance|p2a: Kingambit
|-boost|p2a: Kingambit|atk|2
|
|-heal|p2a: Kingambit|100/100|[from] item: Leftovers
|upkeep
|turn|11
|
|t:|1780989934
|move|p1a: Iron Treads|Earthquake|p2a: Kingambit
|-supereffective|p2a: Kingambit
|-damage|p2a: Kingambit|42/100
|move|p2a: Kingambit|Low Kick|p1a: Iron Treads
|-supereffective|p1a: Iron Treads
|-damage|p1a: Iron Treads|0 fnt
|faint|p1a: Iron Treads
|-end|p1a: Iron Treads|Quark Drive|[silent]
|
|-heal|p2a: Kingambit|48/100|[from] item: Leftovers
|upkeep
|
|t:|1780989939
|switch|p1a: Raging Bolt|Raging Bolt|80/100
|turn|12
|
|t:|1780989945
|move|p1a: Raging Bolt|Thunderbolt|p2a: Kingambit
|-damage|p2a: Kingambit|0 fnt
|faint|p2a: Kingambit
|-end|p2a: Kingambit|fallenundefined|[silent]
|
|-heal|p1a: Raging Bolt|87/100|[from] item: Leftovers
|upkeep
|
|t:|1780989948
|switch|p2a: Great Tusk|Great Tusk, shiny|100/100
|turn|13
|
|t:|1780989951
|-end|p1a: Raging Bolt|Protosynthesis|[silent]
|switch|p1a: Gliscor|Gliscor, M, tera:Water|100/100 tox
|move|p2a: Great Tusk|Stealth Rock|p1a: Gliscor
|-sidestart|p1: lt_alt1|move: Stealth Rock
|
|upkeep
|turn|14
|
|t:|1780989954
|-end|p2a: Great Tusk|Protosynthesis|[silent]
|switch|p2a: Zapdos|Zapdos|97/100
|move|p1a: Gliscor|Spikes|p2a: Zapdos
|-sidestart|p2: blueisnoob|Spikes
|
|upkeep
|turn|15
|
|t:|1780989956
|move|p1a: Gliscor|Protect|p1a: Gliscor
|-singleturn|p1a: Gliscor|Protect
|move|p2a: Zapdos|Volt Switch|p1a: Gliscor
|-activate|p1a: Gliscor|move: Protect
|
|upkeep
|turn|16
|j| Kisaragi Station
|l| ILoveGardevoirRah
|
|t:|1780989969
|move|p2a: Zapdos|Volt Switch|p1a: Gliscor
|-supereffective|p1a: Gliscor
|-damage|p1a: Gliscor|51/100 tox
|
|t:|1780989973
|switch|p2a: Slowking|Slowking-Galar, M|97/100|[from] Volt Switch
|-damage|p2a: Slowking|80/100|[from] Spikes
|move|p1a: Gliscor|Knock Off|p2a: Slowking
|-supereffective|p2a: Slowking
|-damage|p2a: Slowking|36/100
|-enditem|p2a: Slowking|Assault Vest|[from] move: Knock Off|[of] p1a: Gliscor
|
|-heal|p1a: Gliscor|64/100 tox|[from] ability: Poison Heal
|upkeep
|turn|17
|
|t:|1780989982
|switch|p2a: Zapdos|Zapdos|97/100
|move|p1a: Gliscor|Knock Off|p2a: Zapdos
|-damage|p2a: Zapdos|83/100
|-enditem|p2a: Zapdos|Heavy-Duty Boots|[from] move: Knock Off|[of] p1a: Gliscor
|
|-heal|p1a: Gliscor|76/100 tox|[from] ability: Poison Heal
|upkeep
|turn|18
|
|t:|1780989988
|switch|p2a: Ogerpon|Ogerpon-Wellspring, F|95/100 tox
|-damage|p2a: Ogerpon|78/100 tox|[from] Spikes
|move|p1a: Gliscor|Protect||[still]
|-fail|p1a: Gliscor
|
|-damage|p2a: Ogerpon|72/100 tox|[from] psn
|-heal|p1a: Gliscor|89/100 tox|[from] ability: Poison Heal
|upkeep
|turn|19
|
|t:|1780989993
|move|p1a: Gliscor|Protect|p1a: Gliscor
|-singleturn|p1a: Gliscor|Protect
|move|p2a: Ogerpon|Power Whip|p1a: Gliscor
|-activate|p1a: Gliscor|move: Protect
|
|-damage|p2a: Ogerpon|60/100 tox|[from] psn
|-heal|p1a: Gliscor|100/100 tox|[from] ability: Poison Heal
|upkeep
|turn|20
|
|t:|1780990000
|switch|p1a: Slowking|Slowking-Galar, M|100/100
|-damage|p1a: Slowking|88/100|[from] Stealth Rock
|move|p2a: Ogerpon|U-turn|p1a: Slowking
|-damage|p1a: Slowking|61/100
|
|t:|1780990002
|switch|p2a: Great Tusk|Great Tusk, shiny|100/100|[from] U-turn
|
|-heal|p1a: Slowking|67/100|[from] item: Leftovers
|upkeep
|turn|21
|
|t:|1780990006
|switch|p1a: Gliscor|Gliscor, M, tera:Water|100/100 tox
|-damage|p1a: Gliscor|88/100 tox|[from] Stealth Rock
|move|p2a: Great Tusk|Headlong Rush|p1a: Gliscor
|-damage|p1a: Gliscor|37/100 tox
|-unboost|p2a: Great Tusk|def|1
|-unboost|p2a: Great Tusk|spd|1
|
|-heal|p1a: Gliscor|49/100 tox|[from] ability: Poison Heal
|upkeep
|turn|22
|
|t:|1780990010
|move|p1a: Gliscor|Protect|p1a: Gliscor
|-singleturn|p1a: Gliscor|Protect
|move|p2a: Great Tusk|Rapid Spin|p1a: Gliscor
|-activate|p1a: Gliscor|move: Protect
|
|-heal|p1a: Gliscor|62/100 tox|[from] ability: Poison Heal
|upkeep
|turn|23
|
|t:|1780990014
|move|p2a: Great Tusk|Headlong Rush|p1a: Gliscor
|-damage|p1a: Gliscor|12/100 tox
|-unboost|p2a: Great Tusk|def|1
|-unboost|p2a: Great Tusk|spd|1
|move|p1a: Gliscor|Toxic|p2a: Great Tusk
|-status|p2a: Great Tusk|tox
|
|-damage|p2a: Great Tusk|94/100 tox|[from] psn
|-heal|p1a: Gliscor|24/100 tox|[from] ability: Poison Heal
|upkeep
|turn|24
|
|t:|1780990019
|move|p1a: Gliscor|Protect|p1a: Gliscor
|-singleturn|p1a: Gliscor|Protect
|move|p2a: Great Tusk|Headlong Rush|p1a: Gliscor
|-activate|p1a: Gliscor|move: Protect
|
|-damage|p2a: Great Tusk|82/100 tox|[from] psn
|-heal|p1a: Gliscor|37/100 tox|[from] ability: Poison Heal
|upkeep
|turn|25
|
|t:|1780990029
|move|p2a: Great Tusk|Headlong Rush|p1a: Gliscor
|-damage|p1a: Gliscor|0 fnt
|-unboost|p2a: Great Tusk|def|1
|-unboost|p2a: Great Tusk|spd|1
|faint|p1a: Gliscor
|
|-damage|p2a: Great Tusk|63/100 tox|[from] psn
|upkeep
|
|t:|1780990037
|switch|p1a: Darkrai|Darkrai|100/100
|-damage|p1a: Darkrai|88/100|[from] Stealth Rock
|turn|26
|
|t:|1780990044
|move|p1a: Darkrai|Ice Beam|p2a: Great Tusk
|-supereffective|p2a: Great Tusk
|-damage|p2a: Great Tusk|0 fnt
|faint|p2a: Great Tusk
|-end|p2a: Great Tusk|Protosynthesis|[silent]
|
|-heal|p1a: Darkrai|94/100|[from] item: Leftovers
|upkeep
|
|t:|1780990049
|switch|p2a: Slowking|Slowking-Galar, M|69/100
|-damage|p2a: Slowking|52/100|[from] Spikes
|turn|27
|
|t:|1780990057
|-terastallize|p2a: Slowking|Water
|move|p1a: Darkrai|Dark Pulse|p2a: Slowking
|-damage|p2a: Slowking|23/100
|move|p2a: Slowking|Sludge Bomb|p1a: Darkrai
|-damage|p1a: Darkrai|43/100
|
|-heal|p1a: Darkrai|49/100|[from] item: Leftovers
|upkeep
|turn|28
|
|t:|1780990069
|switch|p2a: Ogerpon|Ogerpon-Wellspring, F|60/100 tox
|-damage|p2a: Ogerpon|43/100 tox|[from] Spikes
|move|p1a: Darkrai|Focus Blast|p2a: Ogerpon|[miss]
|-miss|p1a: Darkrai|p2a: Ogerpon
|
|-heal|p1a: Darkrai|55/100|[from] item: Leftovers
|-damage|p2a: Ogerpon|37/100 tox|[from] psn
|upkeep
|turn|29
|
|t:|1780990079
|move|p1a: Darkrai|Dark Pulse|p2a: Ogerpon
|-damage|p2a: Ogerpon|0 fnt
|faint|p2a: Ogerpon
|
|-heal|p1a: Darkrai|61/100|[from] item: Leftovers
|upkeep
|
|t:|1780990081
|switch|p2a: Zamazenta|Zamazenta|100/100
|-damage|p2a: Zamazenta|84/100|[from] Spikes
|-ability|p2a: Zamazenta|Dauntless Shield|boost
|-boost|p2a: Zamazenta|def|1
|turn|30
|
|t:|1780990086
|switch|p1a: Raging Bolt|Raging Bolt|87/100
|-damage|p1a: Raging Bolt|74/100|[from] Stealth Rock
|move|p2a: Zamazenta|Crunch|p1a: Raging Bolt
|-damage|p1a: Raging Bolt|52/100
|
|-heal|p1a: Raging Bolt|58/100|[from] item: Leftovers
|upkeep
|turn|31
|
|t:|1780990092
|switch|p2a: Zapdos|Zapdos|83/100
|move|p1a: Raging Bolt|Thunderclap||[still]
|-fail|p1a: Raging Bolt
|
|-heal|p1a: Raging Bolt|64/100|[from] item: Leftovers
|upkeep
|turn|32
|
|t:|1780990095
|move|p2a: Zapdos|Hurricane|p1a: Raging Bolt|[miss]
|-miss|p2a: Zapdos|p1a: Raging Bolt
|move|p1a: Raging Bolt|Calm Mind|p1a: Raging Bolt
|-boost|p1a: Raging Bolt|spa|1
|-boost|p1a: Raging Bolt|spd|1
|
|-heal|p1a: Raging Bolt|70/100|[from] item: Leftovers
|upkeep
|turn|33
|
|t:|1780990097
|move|p2a: Zapdos|Hurricane|p1a: Raging Bolt|[miss]
|-miss|p2a: Zapdos|p1a: Raging Bolt
|move|p1a: Raging Bolt|Calm Mind|p1a: Raging Bolt
|-boost|p1a: Raging Bolt|spa|1
|-boost|p1a: Raging Bolt|spd|1
|
|-heal|p1a: Raging Bolt|76/100|[from] item: Leftovers
|upkeep
|turn|34
|
|t:|1780990101
|move|p2a: Zapdos|Hurricane|p1a: Raging Bolt
|-resisted|p1a: Raging Bolt
|-damage|p1a: Raging Bolt|65/100
|move|p1a: Raging Bolt|Calm Mind|p1a: Raging Bolt
|-boost|p1a: Raging Bolt|spa|1
|-boost|p1a: Raging Bolt|spd|1
|
|-heal|p1a: Raging Bolt|71/100|[from] item: Leftovers
|upkeep
|turn|35
|
|t:|1780990104
|move|p1a: Raging Bolt|Thunderclap|p2a: Zapdos
|-crit|p2a: Zapdos
|-damage|p2a: Zapdos|0 fnt
|faint|p2a: Zapdos
|
|-heal|p1a: Raging Bolt|78/100|[from] item: Leftovers
|upkeep
|-message|blueisnoob forfeited.
|
|win|lt_alt1
|raw|lt_alt1's rating: 1693 &rarr; <strong>1714</strong><br />(+21 for winning)
|raw|blueisnoob's rating: 1703 &rarr; <strong>1682</strong><br />(-21 for losing)
|l|☆blueisnoob
|player|p2|
|l| hattybatty304
|l| Kisaragi Station
