|badge|p2|bronze|gen9ubers|100-9
|uhtml|medal-msg|<div class="broadcast-blue">Curious what those medals under the avatar are? PS now has Ladder Seasons! For more information, check out the <a href="https://www.smogon.com/forums/threads/3740067/">thread on Smogon.</a></div>
|j|☆ur doggo
|j|☆DriftedEx
|t:|1781450249
|gametype|singles
|player|p1|ur doggo|170|1583
|player|p2|DriftedEx|rocketgrunt|1606
|gen|9
|tier|[Gen 9] OU
|rated|
|rule|HP Percentage Mod: HP is shown in percentages
|rule|Endless Battle Clause: Forcing endless battles is banned
|rule|Species Clause: Limit one of each Pokémon
|rule|OHKO Clause: OHKO moves are banned
|rule|Evasion Items Clause: Evasion items are banned
|rule|Evasion Moves Clause: Evasion moves are banned
|rule|Evasion Abilities Clause: Evasion abilities are banned
|rule|Sleep Moves Clause: Sleep-inducing moves are banned
|clearpoke
|poke|p1|Regieleki|
|poke|p1|Corviknight, M|
|poke|p1|Zamazenta-*|
|poke|p1|Alomomola, M|
|poke|p1|Grafaiai, F|
|poke|p1|Gliscor, F|
|poke|p2|Ribombee, M|
|poke|p2|Great Tusk|
|poke|p2|Gholdengo|
|poke|p2|Manaphy|
|poke|p2|Kingambit, F|
|poke|p2|Iron Valiant|
|teampreview
|inactive|Battle timer is ON: inactive players will automatically lose when time's up. (requested by DriftedEx)
|inactive|ur doggo has 120 seconds left.
|
|t:|1781450279
|teamsize|p1|6
|teamsize|p2|6
|start
|switch|p1a: Corviknight|Corviknight, M|100/100
|switch|p2a: Ribombee|Ribombee, M|100/100
|-ability|p1a: Corviknight|Pressure
|turn|1
|
|t:|1781450290
|move|p2a: Ribombee|Sticky Web|p1a: Corviknight
|-sidestart|p1: ur doggo|move: Sticky Web
|move|p1a: Corviknight|Brave Bird|p2a: Ribombee
|-supereffective|p2a: Ribombee
|-enditem|p2a: Ribombee|Focus Sash
|-damage|p2a: Ribombee|1/100
|-damage|p1a: Corviknight|79/100|[from] Recoil
|
|upkeep
|turn|2
|
|t:|1781450295
|switch|p2a: Gholdengo|Gholdengo|100/100
|-item|p2a: Gholdengo|Air Balloon
|move|p1a: Corviknight|Defog|p2a: Gholdengo
|-immune|p2a: Gholdengo|[from] ability: Good as Gold
|
|upkeep
|turn|3
|
|t:|1781450299
|move|p2a: Gholdengo|Nasty Plot|p2a: Gholdengo
|-boost|p2a: Gholdengo|spa|2
|move|p1a: Corviknight|U-turn|p2a: Gholdengo
|-resisted|p2a: Gholdengo
|-damage|p2a: Gholdengo|97/100
|-enditem|p2a: Gholdengo|Air Balloon
|
|t:|1781450303
|switch|p1a: Alomomola|Alomomola, M|100/100|[from] U-turn
|-activate|p1a: Alomomola|move: Sticky Web
|-unboost|p1a: Alomomola|spe|1
|
|upkeep
|turn|4
|
|t:|1781450313
|move|p2a: Gholdengo|Nasty Plot|p2a: Gholdengo
|-boost|p2a: Gholdengo|spa|2
|move|p1a: Alomomola|Flip Turn|p2a: Gholdengo
|-damage|p2a: Gholdengo|77/100
|
|t:|1781450316
|switch|p1a: Gliscor|Gliscor, F|100/100|[from] Flip Turn
|
|-status|p1a: Gliscor|tox|[from] item: Toxic Orb
|upkeep
|turn|5
|
|t:|1781450324
|move|p1a: Gliscor|Protect|p1a: Gliscor
|-singleturn|p1a: Gliscor|Protect
|move|p2a: Gholdengo|Shadow Ball|p1a: Gliscor
|-activate|p1a: Gliscor|move: Protect
|
|upkeep
|turn|6
|
|t:|1781450327
|switch|p1a: Grafaiai|Grafaiai, F|100/100
|-activate|p1a: Grafaiai|move: Sticky Web
|-unboost|p1a: Grafaiai|spe|1
|move|p2a: Gholdengo|Shadow Ball|p1a: Grafaiai
|-damage|p1a: Grafaiai|0 fnt
|faint|p1a: Grafaiai
|
|upkeep
|
|t:|1781450336
|switch|p1a: Regieleki|Regieleki|100/100
|-activate|p1a: Regieleki|move: Sticky Web
|-unboost|p1a: Regieleki|spe|1
|turn|7
|-message|ur doggo forfeited.
|
|win|DriftedEx
|raw|ur doggo's rating: 1583 &rarr; <strong>1564</strong><br />(-19 for losing)
|raw|DriftedEx's rating: 1606 &rarr; <strong>1625</strong><br />(+19 for winning)
|l|☆ur doggo
|player|p1|
|l|☆DriftedEx
|player|p2|
