|j|☆kadu99
|j|☆Omari P
|t:|1781042330
|gametype|singles
|player|p1|kadu99|policeman-gen4|1601
|player|p2|Omari P|pokemonrangerf|1569
|gen|9
|tier|[Gen 9] OU
|rated|
|rule|HP Percentage Mod: HP is shown in percentages
|rule|Endless Battle Clause: Forcing endless battles is banned
|rule|Species Clause: Limit one of each Pokémon
|rule|OHKO Clause: OHKO moves are banned
|rule|Evasion Items Clause: Evasion items are banned
|rule|Evasion Moves Clause: Evasion moves are banned
|rule|Evasion Abilities Clause: Evasion abilities are banned
|rule|Sleep Moves Clause: Sleep-inducing moves are banned
|clearpoke
|poke|p1|Zamazenta-*|
|poke|p1|Hoopa-Unbound|
|poke|p1|Moltres|
|poke|p1|Iron Treads|
|poke|p1|Ogerpon-Wellspring, F|
|poke|p1|Raging Bolt|
|poke|p2|Hoopa|
|poke|p2|Cinderace, F|
|poke|p2|Mandibuzz, F|
|poke|p2|Kyurem|
|poke|p2|Ting-Lu|
|poke|p2|Manaphy|
|teampreview
|inactive|Battle timer is ON: inactive players will automatically lose when time's up. (requested by kadu99)
|
|t:|1781042343
|teamsize|p1|6
|teamsize|p2|6
|start
|switch|p1a: Hoopa|Hoopa-Unbound|100/100
|switch|p2a: Ting-Lucifer|Ting-Lu|100/100
|-ability|p2a: Ting-Lucifer|Vessel of Ruin
|turn|1
|
|t:|1781042354
|switch|p1a: Ogerpon|Ogerpon-Wellspring, F|100/100
|move|p2a: Ting-Lucifer|Earthquake|p1a: Ogerpon
|-resisted|p1a: Ogerpon
|-damage|p1a: Ogerpon|70/100
|
|upkeep
|turn|2
|
|t:|1781042361
|move|p1a: Ogerpon|Ivy Cudgel|p2a: Ting-Lucifer|[anim] Ivy Cudgel Water
|-supereffective|p2a: Ting-Lucifer
|-damage|p2a: Ting-Lucifer|34/100
|-enditem|p2a: Ting-Lucifer|Weakness Policy
|-boost|p2a: Ting-Lucifer|atk|2|[from] item: Weakness Policy
|-boost|p2a: Ting-Lucifer|spa|2|[from] item: Weakness Policy
|move|p2a: Ting-Lucifer|Stone Edge|p1a: Ogerpon
|-damage|p1a: Ogerpon|0 fnt
|faint|p1a: Ogerpon
|
|upkeep
|
|t:|1781042373
|switch|p1a: Zamazenta|Zamazenta|100/100
|-ability|p1a: Zamazenta|Dauntless Shield|boost
|-boost|p1a: Zamazenta|def|1
|turn|3
|
|t:|1781042375
|switch|p2a: Mandibuzz|Mandibuzz, F, shiny|100/100
|move|p1a: Zamazenta|Body Press|p2a: Mandibuzz
|-damage|p2a: Mandibuzz|69/100
|-damage|p1a: Zamazenta|84/100|[from] item: Rocky Helmet|[of] p2a: Mandibuzz
|
|-heal|p1a: Zamazenta|90/100|[from] item: Leftovers
|upkeep
|turn|4
|
|t:|1781042381
|-terastallize|p1a: Zamazenta|Steel
|move|p1a: Zamazenta|Iron Defense|p1a: Zamazenta
|-boost|p1a: Zamazenta|def|2
|move|p2a: Mandibuzz|Roost|p2a: Mandibuzz
|-heal|p2a: Mandibuzz|100/100
|-singleturn|p2a: Mandibuzz|move: Roost
|
|-heal|p1a: Zamazenta|96/100|[from] item: Leftovers
|upkeep
|turn|5
|j| nepturee
|
|t:|1781042386
|switch|p2a: Ting-Lucifer|Ting-Lu|34/100
|-ability|p2a: Ting-Lucifer|Vessel of Ruin
|move|p1a: Zamazenta|Iron Defense|p1a: Zamazenta
|-boost|p1a: Zamazenta|def|2
|
|-heal|p1a: Zamazenta|100/100|[from] item: Leftovers
|upkeep
|turn|6
|l| nepturee
|
|t:|1781042388
|move|p1a: Zamazenta|Body Press|p2a: Ting-Lucifer
|-supereffective|p2a: Ting-Lucifer
|-damage|p2a: Ting-Lucifer|0 fnt
|faint|p2a: Ting-Lucifer
|
|upkeep
|j| n5v
|
|t:|1781042396
|switch|p2a: Manaphy|Manaphy|100/100
|turn|7
|
|t:|1781042399
|move|p1a: Zamazenta|Body Press|p2a: Manaphy
|-damage|p2a: Manaphy|10/100
|move|p2a: Manaphy|Scald|p1a: Zamazenta
|-damage|p1a: Zamazenta|79/100
|-status|p1a: Zamazenta|brn
|
|-heal|p1a: Zamazenta|86/100 brn|[from] item: Leftovers
|-heal|p2a: Manaphy|17/100|[from] item: Leftovers
|-damage|p1a: Zamazenta|79/100 brn|[from] brn
|upkeep
|turn|8
|
|t:|1781042409
|switch|p2a: Mandibuzz|Mandibuzz, F, shiny|100/100
|move|p1a: Zamazenta|Body Press|p2a: Mandibuzz
|-damage|p2a: Mandibuzz|65/100
|-damage|p1a: Zamazenta|63/100 brn|[from] item: Rocky Helmet|[of] p2a: Mandibuzz
|
|-heal|p1a: Zamazenta|69/100 brn|[from] item: Leftovers
|-damage|p1a: Zamazenta|63/100 brn|[from] brn
|upkeep
|turn|9
|
|t:|1781042417
|move|p1a: Zamazenta|Body Press|p2a: Mandibuzz
|-damage|p2a: Mandibuzz|31/100
|-damage|p1a: Zamazenta|46/100 brn|[from] item: Rocky Helmet|[of] p2a: Mandibuzz
|move|p2a: Mandibuzz|Roost|p2a: Mandibuzz
|-heal|p2a: Mandibuzz|81/100
|-singleturn|p2a: Mandibuzz|move: Roost
|
|-heal|p1a: Zamazenta|53/100 brn|[from] item: Leftovers
|-damage|p1a: Zamazenta|46/100 brn|[from] brn
|upkeep
|turn|10
|
|t:|1781042424
|switch|p1a: Raging Bolt|Raging Bolt|100/100
|move|p2a: Mandibuzz|Roost|p2a: Mandibuzz
|-heal|p2a: Mandibuzz|100/100
|-singleturn|p2a: Mandibuzz|move: Roost
|
|upkeep
|turn|11
|
|t:|1781042432
|switch|p2a: Manaphy|Manaphy|17/100
|move|p1a: Raging Bolt|Volt Switch|p2a: Manaphy
|-supereffective|p2a: Manaphy
|-damage|p2a: Manaphy|0 fnt
|faint|p2a: Manaphy
|
|t:|1781042437
|-end|p1a: Raging Bolt|Protosynthesis|[silent]
|switch|p1a: Hoopa|Hoopa-Unbound|100/100|[from] Volt Switch
|
|upkeep
|l| n5v
|
|t:|1781042440
|switch|p2a: Cinderace|Cinderace, F|100/100
|turn|12
|
|t:|1781042443
|switch|p2a: Hoopa|Hoopa|100/100
|switch|p1a: Moltres|Moltres|100/100
|
|upkeep
|turn|13
|
|t:|1781042448
|move|p2a: Hoopa|Shadow Ball|p1a: Moltres
|-damage|p1a: Moltres|47/100
|move|p1a: Moltres|U-turn|p2a: Hoopa
|-damage|p2a: Hoopa|78/100
|
|t:|1781042460
|switch|p1a: Hoopa|Hoopa-Unbound|100/100|[from] U-turn
|
|upkeep
|turn|14
|
|t:|1781042466
|switch|p2a: Mandibuzz|Mandibuzz, F, shiny|100/100
|move|p1a: Hoopa|Knock Off|p2a: Mandibuzz
|-resisted|p2a: Mandibuzz
|-damage|p2a: Mandibuzz|86/100
|-damage|p1a: Hoopa|84/100|[from] item: Rocky Helmet|[of] p2a: Mandibuzz
|-enditem|p2a: Mandibuzz|Rocky Helmet|[from] move: Knock Off|[of] p1a: Hoopa
|
|upkeep
|turn|15
|
|t:|1781042470
|switch|p1a: Raging Bolt|Raging Bolt|100/100
|move|p2a: Mandibuzz|Toxic|p1a: Raging Bolt
|-status|p1a: Raging Bolt|tox
|
|-damage|p1a: Raging Bolt|94/100 tox|[from] psn
|upkeep
|turn|16
|
|t:|1781042476
|switch|p2a: Hoopa|Hoopa|78/100
|move|p1a: Raging Bolt|Thunderbolt|p2a: Hoopa
|-damage|p2a: Hoopa|35/100
|
|-damage|p1a: Raging Bolt|82/100 tox|[from] psn
|upkeep
|turn|17
|
|t:|1781042487
|move|p1a: Raging Bolt|Thunderbolt|p2a: Hoopa
|-damage|p2a: Hoopa|0 fnt
|faint|p2a: Hoopa
|
|-damage|p1a: Raging Bolt|64/100 tox|[from] psn
|upkeep
|
|t:|1781042490
|switch|p2a: Kyurem|Kyurem|100/100
|-ability|p2a: Kyurem|Pressure
|turn|18
|
|t:|1781042497
|-end|p1a: Raging Bolt|Protosynthesis|[silent]
|switch|p1a: Zamazenta|Zamazenta, tera:Steel|46/100 brn
|move|p2a: Kyurem|Ice Beam|p1a: Zamazenta
|-resisted|p1a: Zamazenta
|-damage|p1a: Zamazenta|29/100 brn
|
|-heal|p1a: Zamazenta|35/100 brn|[from] item: Leftovers
|-damage|p1a: Zamazenta|29/100 brn|[from] brn
|upkeep
|turn|19
|
|t:|1781042500
|switch|p2a: Mandibuzz|Mandibuzz, F, shiny|86/100
|move|p1a: Zamazenta|Body Press|p2a: Mandibuzz
|-damage|p2a: Mandibuzz|76/100
|
|-heal|p1a: Zamazenta|35/100 brn|[from] item: Leftovers
|-damage|p1a: Zamazenta|29/100 brn|[from] brn
|upkeep
|turn|20
|
|t:|1781042503
|switch|p1a: Raging Bolt|Raging Bolt|64/100 tox
|switch|p2a: Kyurem|Kyurem|100/100
|-ability|p2a: Kyurem|Pressure
|
|-damage|p1a: Raging Bolt|58/100 tox|[from] psn
|upkeep
|turn|21
|
|t:|1781042506
|-end|p1a: Raging Bolt|Protosynthesis|[silent]
|switch|p1a: Moltres|Moltres|47/100
|move|p2a: Kyurem|Ice Beam|p1a: Moltres
|-damage|p1a: Moltres|2/100
|
|upkeep
|turn|22
|
|t:|1781042510
|switch|p1a: Zamazenta|Zamazenta, tera:Steel|29/100 brn
|move|p2a: Kyurem|Ice Beam|p1a: Zamazenta
|-resisted|p1a: Zamazenta
|-damage|p1a: Zamazenta|10/100 brn
|
|-heal|p1a: Zamazenta|16/100 brn|[from] item: Leftovers
|-damage|p1a: Zamazenta|10/100 brn|[from] brn
|upkeep
|turn|23
|j| S\Il!^ve>RjAY22=40
|
|t:|1781042514
|move|p2a: Kyurem|Ice Beam|p1a: Zamazenta
|-resisted|p1a: Zamazenta
|-damage|p1a: Zamazenta|0 fnt
|faint|p1a: Zamazenta
|
|upkeep
|
|t:|1781042517
|switch|p1a: Hoopa|Hoopa-Unbound|84/100
|turn|24
|c| S\Il!^ve>RjAY22=40|yomari p
|c|☆Omari P|sup
|
|t:|1781042527
|switch|p2a: Mandibuzz|Mandibuzz, F, shiny|76/100
|move|p1a: Hoopa|Gunk Shot|p2a: Mandibuzz
|-damage|p2a: Mandibuzz|51/100
|
|upkeep
|turn|25
|
|t:|1781042530
|switch|p1a: Raging Bolt|Raging Bolt|58/100 tox
|move|p2a: Mandibuzz|Roost|p2a: Mandibuzz
|-heal|p2a: Mandibuzz|100/100
|-singleturn|p2a: Mandibuzz|move: Roost
|
|-damage|p1a: Raging Bolt|51/100 tox|[from] psn
|upkeep
|turn|26
|
|t:|1781042544
|-terastallize|p2a: Mandibuzz|Fairy
|move|p1a: Raging Bolt|Thunderbolt|p2a: Mandibuzz
|-damage|p2a: Mandibuzz|58/100
|move|p2a: Mandibuzz|Foul Play|p1a: Raging Bolt
|-damage|p1a: Raging Bolt|31/100 tox
|
|-damage|p1a: Raging Bolt|18/100 tox|[from] psn
|upkeep
|turn|27
|
|t:|1781042549
|move|p1a: Raging Bolt|Volt Switch|p2a: Mandibuzz
|-damage|p2a: Mandibuzz|22/100
|
|t:|1781042552
|-end|p1a: Raging Bolt|Protosynthesis|[silent]
|switch|p1a: Hoopa|Hoopa-Unbound|84/100|[from] Volt Switch
|move|p2a: Mandibuzz|Roost|p2a: Mandibuzz
|-heal|p2a: Mandibuzz|72/100
|
|upkeep
|turn|28
|
|t:|1781042555
|move|p2a: Mandibuzz|Foul Play|p1a: Hoopa
|-damage|p1a: Hoopa|34/100
|move|p1a: Hoopa|Gunk Shot|p2a: Mandibuzz
|-supereffective|p2a: Mandibuzz
|-crit|p2a: Mandibuzz
|-damage|p2a: Mandibuzz|4/100
|
|upkeep
|turn|29
|
|t:|1781042567
|move|p2a: Mandibuzz|Roost|p2a: Mandibuzz
|-heal|p2a: Mandibuzz|54/100
|move|p1a: Hoopa|Psychic Noise|p2a: Mandibuzz
|-damage|p2a: Mandibuzz|17/100
|-start|p2a: Mandibuzz|move: Heal Block
|
|upkeep
|turn|30
|
|t:|1781042571
|switch|p1a: Iron Treads|Iron Treads|100/100
|move|p2a: Mandibuzz|Foul Play|p1a: Iron Treads
|-damage|p1a: Iron Treads|61/100
|
|-end|p2a: Mandibuzz|move: Heal Block
|upkeep
|turn|31
|
|t:|1781042577
|move|p1a: Iron Treads|Earthquake|p2a: Mandibuzz
|-damage|p2a: Mandibuzz|0 fnt
|faint|p2a: Mandibuzz
|
|upkeep
|
|t:|1781042579
|switch|p2a: Cinderace|Cinderace, F|100/100
|turn|32
|
|t:|1781042586
|-end|p1a: Iron Treads|Quark Drive|[silent]
|switch|p1a: Moltres|Moltres|2/100
|move|p2a: Cinderace|Pyro Ball|p1a: Moltres
|-resisted|p1a: Moltres
|-damage|p1a: Moltres|0 fnt
|faint|p1a: Moltres
|
|upkeep
|
|t:|1781042589
|switch|p1a: Raging Bolt|Raging Bolt|18/100 tox
|turn|33
|
|t:|1781042596
|move|p2a: Cinderace|U-turn|p1a: Raging Bolt
|-start|p2a: Cinderace|typechange|Bug|[from] ability: Libero
|-damage|p1a: Raging Bolt|0 fnt
|faint|p1a: Raging Bolt
|-end|p1a: Raging Bolt|Protosynthesis|[silent]
|
|t:|1781042598
|switch|p2a: Kyurem|Kyurem|100/100|[from] U-turn
|-ability|p2a: Kyurem|Pressure
|
|upkeep
|
|t:|1781042601
|switch|p1a: Hoopa|Hoopa-Unbound|34/100
|turn|34
|
|t:|1781042604
|move|p2a: Kyurem|Ice Beam|p1a: Hoopa
|-damage|p1a: Hoopa|11/100
|move|p1a: Hoopa|Drain Punch|p2a: Kyurem
|-supereffective|p2a: Kyurem
|-damage|p2a: Kyurem|54/100
|-heal|p1a: Hoopa|35/100|[from] drain|[of] p2a: Kyurem
|
|upkeep
|turn|35
|
|t:|1781042611
|move|p2a: Kyurem|Ice Beam|p1a: Hoopa
|-damage|p1a: Hoopa|13/100
|move|p1a: Hoopa|Drain Punch|p2a: Kyurem
|-supereffective|p2a: Kyurem
|-damage|p2a: Kyurem|3/100
|-heal|p1a: Hoopa|41/100|[from] drain|[of] p2a: Kyurem
|
|upkeep
|turn|36
|
|t:|1781042624
|move|p2a: Kyurem|Ice Beam|p1a: Hoopa
|-damage|p1a: Hoopa|16/100
|move|p1a: Hoopa|Drain Punch|p2a: Kyurem
|-supereffective|p2a: Kyurem
|-damage|p2a: Kyurem|0 fnt
|-heal|p1a: Hoopa|17/100|[from] drain|[of] p2a: Kyurem
|faint|p2a: Kyurem
|
|upkeep
|
|t:|1781042627
|switch|p2a: Cinderace|Cinderace, F|100/100
|turn|37
|
|t:|1781042630
|move|p2a: Cinderace|U-turn|p1a: Hoopa
|-start|p2a: Cinderace|typechange|Bug|[from] ability: Libero
|-supereffective|p1a: Hoopa
|-damage|p1a: Hoopa|0 fnt
|faint|p1a: Hoopa
|
|upkeep
|
|t:|1781042631
|switch|p1a: Iron Treads|Iron Treads|61/100
|turn|38
|
|t:|1781042635
|move|p2a: Cinderace|Pyro Ball|p1a: Iron Treads
|-supereffective|p1a: Iron Treads
|-damage|p1a: Iron Treads|0 fnt
|faint|p1a: Iron Treads
|-end|p1a: Iron Treads|Quark Drive|[silent]
|
|win|Omari P
|raw|kadu99's rating: 1601 &rarr; <strong>1579</strong><br />(-22 for losing)
|raw|Omari P's rating: 1569 &rarr; <strong>1591</strong><br />(+22 for winning)
|l|☆kadu99
|player|p1|
|l| S\Il!^ve>RjAY22=40
