|j|☆Kinair
|j|☆Astelzhang
|t:|1781514496
|gametype|singles
|player|p1|Kinair|266|1599
|player|p2|Astelzhang|170|1536
|gen|9
|tier|[Gen 9] OU
|rated|
|rule|HP Percentage Mod: HP is shown in percentages
|rule|Endless Battle Clause: Forcing endless battles is banned
|rule|Species Clause: Limit one of each Pokémon
|rule|OHKO Clause: OHKO moves are banned
|rule|Evasion Items Clause: Evasion items are banned
|rule|Evasion Moves Clause: Evasion moves are banned
|rule|Evasion Abilities Clause: Evasion abilities are banned
|rule|Sleep Moves Clause: Sleep-inducing moves are banned
|clearpoke
|poke|p1|Pelipper, F|
|poke|p1|Kingdra, F|
|poke|p1|Raging Bolt|
|poke|p1|Iron Treads|
|poke|p1|Zamazenta-*|
|poke|p1|Kingambit, M|
|poke|p2|Garganacl, F|
|poke|p2|Dragapult, F|
|poke|p2|Moltres|
|poke|p2|Great Tusk|
|poke|p2|Iron Crown|
|poke|p2|Meowscarada, F|
|teampreview
|inactive|Battle timer is ON: inactive players will automatically lose when time's up. (requested by Astelzhang)
|
|t:|1781514514
|teamsize|p1|6
|teamsize|p2|6
|start
|switch|p1a: Iron Treads|Iron Treads|100/100
|switch|p2a: Iron Crown|Iron Crown|100/100
|-enditem|p1a: Iron Treads|Booster Energy
|-activate|p1a: Iron Treads|ability: Quark Drive|[fromitem]
|-start|p1a: Iron Treads|quarkdrivespe
|turn|1
|
|t:|1781514523
|move|p1a: Iron Treads|Knock Off|p2a: Iron Crown
|-supereffective|p2a: Iron Crown
|-crit|p2a: Iron Crown
|-damage|p2a: Iron Crown|28/100
|-enditem|p2a: Iron Crown|Choice Specs|[from] move: Knock Off|[of] p1a: Iron Treads
|move|p2a: Iron Crown|Focus Blast|p1a: Iron Treads
|-supereffective|p1a: Iron Treads
|-crit|p1a: Iron Treads
|-damage|p1a: Iron Treads|0 fnt
|faint|p1a: Iron Treads
|-end|p1a: Iron Treads|Quark Drive|[silent]
|
|upkeep
|
|t:|1781514539
|switch|p1a: Kingambit|Kingambit, M|100/100
|-activate|p1a: Kingambit|ability: Supreme Overlord
|-start|p1a: Kingambit|fallen1|[silent]
|turn|2
|
|t:|1781514546
|move|p1a: Kingambit|Sucker Punch|p2a: Iron Crown
|-supereffective|p2a: Iron Crown
|-damage|p2a: Iron Crown|0 fnt
|faint|p2a: Iron Crown
|-end|p2a: Iron Crown|Quark Drive|[silent]
|
|upkeep
|
|t:|1781514554
|switch|p2a: Moltres|Moltres|100/100
|turn|3
|
|t:|1781514558
|-end|p1a: Kingambit|fallen1|[silent]
|switch|p1a: Pelipper|Pelipper, F|100/100
|-weather|RainDance|[from] ability: Drizzle|[of] p1a: Pelipper
|move|p2a: Moltres|Hurricane|p1a: Pelipper
|-damage|p1a: Pelipper|0 fnt
|faint|p1a: Pelipper
|
|-weather|RainDance|[upkeep]
|upkeep
|
|t:|1781514563
|switch|p1a: Kingdra|Kingdra, F|100/100
|turn|4
|
|t:|1781514571
|switch|p2a: Meowscarada|Meowscarada, F|100/100
|move|p1a: Kingdra|Surf|p2a: Meowscarada
|-resisted|p2a: Meowscarada
|-damage|p2a: Meowscarada|33/100
|
|-weather|RainDance|[upkeep]
|upkeep
|turn|5
|
|t:|1781514579
|move|p2a: Meowscarada|Sucker Punch|p1a: Kingdra
|-start|p2a: Meowscarada|typechange|Dark|[from] ability: Protean
|-damage|p1a: Kingdra|40/100
|move|p1a: Kingdra|Surf|p2a: Meowscarada
|-damage|p2a: Meowscarada|0 fnt
|faint|p2a: Meowscarada
|
|-weather|RainDance|[upkeep]
|upkeep
|
|t:|1781514592
|switch|p2a: Garganacl|Garganacl, F|100/100
|turn|6
|
|t:|1781514596
|move|p2a: Garganacl|Protect|p2a: Garganacl
|-singleturn|p2a: Garganacl|Protect
|move|p1a: Kingdra|Surf|p2a: Garganacl
|-activate|p2a: Garganacl|move: Protect
|
|-weather|RainDance|[upkeep]
|upkeep
|turn|7
|
|t:|1781514604
|-terastallize|p2a: Garganacl|Fairy
|move|p1a: Kingdra|Surf|p2a: Garganacl
|-damage|p2a: Garganacl|34/100
|move|p2a: Garganacl|Salt Cure|p1a: Kingdra
|-damage|p1a: Kingdra|22/100
|-start|p1a: Kingdra|Salt Cure
|
|-weather|RainDance|[upkeep]
|-heal|p2a: Garganacl|40/100|[from] item: Leftovers
|-damage|p1a: Kingdra|0 fnt|[from] Salt Cure
|faint|p1a: Kingdra
|upkeep
|
|t:|1781514612
|switch|p1a: Raging Bolt|Raging Bolt|100/100
|-enditem|p1a: Raging Bolt|Booster Energy
|-activate|p1a: Raging Bolt|ability: Protosynthesis|[fromitem]
|-start|p1a: Raging Bolt|protosynthesisspa
|turn|8
|
|t:|1781514622
|move|p1a: Raging Bolt|Thunder|p2a: Garganacl
|-damage|p2a: Garganacl|0 fnt
|faint|p2a: Garganacl
|
|-weather|RainDance|[upkeep]
|upkeep
|
|t:|1781514629
|switch|p2a: Great Tusk|Great Tusk|100/100
|turn|9
|
|t:|1781514633
|-terastallize|p1a: Raging Bolt|Fairy
|move|p2a: Great Tusk|Headlong Rush|p1a: Raging Bolt
|-damage|p1a: Raging Bolt|39/100
|-unboost|p2a: Great Tusk|def|1
|-unboost|p2a: Great Tusk|spd|1
|move|p1a: Raging Bolt|Weather Ball|p2a: Great Tusk
|-supereffective|p2a: Great Tusk
|-damage|p2a: Great Tusk|0 fnt
|faint|p2a: Great Tusk
|-end|p2a: Great Tusk|Protosynthesis|[silent]
|
|-weather|RainDance|[upkeep]
|upkeep
|
|t:|1781514651
|switch|p2a: Dragapult|Dragapult, F|100/100
|turn|10
|
|t:|1781514656
|-end|p1a: Raging Bolt|Protosynthesis|[silent]
|switch|p1a: Kingambit|Kingambit, M|100/100
|-activate|p1a: Kingambit|ability: Supreme Overlord
|-start|p1a: Kingambit|fallen3|[silent]
|move|p2a: Dragapult|Phantom Force||[still]
|-prepare|p2a: Dragapult|Phantom Force
|
|-weather|none
|upkeep
|turn|11
|
|t:|1781514664
|move|p2a: Dragapult|Phantom Force|p1a: Kingambit|[from] lockedmove
|-resisted|p1a: Kingambit
|-damage|p1a: Kingambit|75/100
|move|p1a: Kingambit|Swords Dance|p1a: Kingambit
|-boost|p1a: Kingambit|atk|2
|
|upkeep
|turn|12
|
|t:|1781514672
|switch|p2a: Moltres|Moltres|100/100
|move|p1a: Kingambit|Kowtow Cleave|p2a: Moltres
|-damage|p2a: Moltres|0 fnt
|faint|p2a: Moltres
|
|upkeep
|
|t:|1781514680
|switch|p2a: Dragapult|Dragapult, F|100/100
|turn|13
|
|t:|1781514685
|move|p1a: Kingambit|Sucker Punch|p2a: Dragapult
|-supereffective|p2a: Dragapult
|-damage|p2a: Dragapult|0 fnt
|faint|p2a: Dragapult
|
|win|Kinair
|raw|Kinair's rating: 1599 &rarr; <strong>1615</strong><br />(+16 for winning)
|raw|Astelzhang's rating: 1536 &rarr; <strong>1520</strong><br />(-16 for losing)
|l|☆Astelzhang
|player|p2|
|l|☆Kinair
|player|p1|
