|badge|p1|bronze|gen9ou|100-9
|badge|p1|bronze|gen9randombattle|100-9
|uhtml|medal-msg|<div class="broadcast-blue">Curious what those medals under the avatar are? PS now has Ladder Seasons! For more information, check out the <a href="https://www.smogon.com/forums/threads/3740067/">thread on Smogon.</a></div>
|j|☆Ctannn
|j|☆phreshoatmeal
|t:|1781503652
|gametype|singles
|player|p1|Ctannn|170|1848
|player|p2|phreshoatmeal|265|1818
|gen|9
|tier|[Gen 9] OU
|rated|
|rule|HP Percentage Mod: HP is shown in percentages
|rule|Endless Battle Clause: Forcing endless battles is banned
|rule|Species Clause: Limit one of each Pokémon
|rule|OHKO Clause: OHKO moves are banned
|rule|Evasion Items Clause: Evasion items are banned
|rule|Evasion Moves Clause: Evasion moves are banned
|rule|Evasion Abilities Clause: Evasion abilities are banned
|rule|Sleep Moves Clause: Sleep-inducing moves are banned
|clearpoke
|poke|p1|Rillaboom, F|
|poke|p1|Garganacl, F|
|poke|p1|Cinderace, M|
|poke|p1|Raging Bolt|
|poke|p1|Slowking-Galar, F|
|poke|p1|Landorus-Therian, M|
|poke|p2|Tyranitar, M|
|poke|p2|Excadrill, M|
|poke|p2|Hatterene, F|
|poke|p2|Iron Valiant|
|poke|p2|Amoonguss, M|
|poke|p2|Alomomola, M|
|teampreview
|inactive|Battle timer is ON: inactive players will automatically lose when time's up. (requested by Ctannn)
|
|t:|1781503670
|teamsize|p1|6
|teamsize|p2|6
|start
|switch|p1a: Slowking|Slowking-Galar, F|100/100
|switch|p2a: Tyranitar|Tyranitar, M|100/100
|-weather|Sandstorm|[from] ability: Sand Stream|[of] p2a: Tyranitar
|turn|1
|
|t:|1781503697
|switch|p1a: Landorus|Landorus-Therian, M|100/100
|-ability|p1a: Landorus|Intimidate|boost
|-unboost|p2a: Tyranitar|atk|1
|move|p2a: Tyranitar|Knock Off|p1a: Landorus
|-damage|p1a: Landorus|81/100
|-damage|p2a: Tyranitar|84/100|[from] item: Rocky Helmet|[of] p1a: Landorus
|-enditem|p1a: Landorus|Rocky Helmet|[from] move: Knock Off|[of] p2a: Tyranitar
|
|-weather|Sandstorm|[upkeep]
|upkeep
|turn|2
|
|t:|1781503706
|switch|p2a: Hatterene|Hatterene, F|100/100
|move|p1a: Landorus|Earthquake|p2a: Hatterene
|-damage|p2a: Hatterene|61/100
|
|-weather|Sandstorm|[upkeep]
|-damage|p2a: Hatterene|55/100|[from] Sandstorm
|-heal|p2a: Hatterene|61/100|[from] item: Leftovers
|upkeep
|turn|3
|
|t:|1781503719
|move|p1a: Landorus|U-turn|p2a: Hatterene
|-damage|p2a: Hatterene|41/100
|
|t:|1781503723
|switch|p1a: Slowking|Slowking-Galar, F|100/100|[from] U-turn
|move|p2a: Hatterene|Pain Split|p1a: Slowking
|-sethp|p1a: Slowking|67/100|[from] move: Pain Split|[silent]
|-sethp|p2a: Hatterene|83/100|[from] move: Pain Split
|
|-weather|Sandstorm|[upkeep]
|-damage|p2a: Hatterene|77/100|[from] Sandstorm
|-damage|p1a: Slowking|61/100|[from] Sandstorm
|-heal|p2a: Hatterene|83/100|[from] item: Leftovers
|upkeep
|turn|4
|
|t:|1781503728
|switch|p2a: Excadrill|Excadrill, M|100/100
|move|p1a: Slowking|Future Sight|p2a: Excadrill
|-start|p1a: Slowking|move: Future Sight
|
|-weather|Sandstorm|[upkeep]
|-damage|p1a: Slowking|55/100|[from] Sandstorm
|upkeep
|turn|5
|
|t:|1781503735
|switch|p1a: Landorus|Landorus-Therian, M|81/100
|-ability|p1a: Landorus|Intimidate|boost
|-unboost|p2a: Excadrill|atk|1
|move|p2a: Excadrill|Iron Head|p1a: Landorus
|-damage|p1a: Landorus|44/100
|
|-weather|Sandstorm|[upkeep]
|upkeep
|turn|6
|
|t:|1781503744
|switch|p2a: Alomomola|Alomomola, M|100/100
|move|p1a: Landorus|Earthquake|p2a: Alomomola
|-damage|p2a: Alomomola|74/100
|-enditem|p2a: Alomomola|Eject Button
|
|t:|1781503761
|switch|p2a: Excadrill|Excadrill, M|100/100
|
|-weather|Sandstorm|[upkeep]
|-end|p2a: Excadrill|move: Future Sight
|-resisted|p2a: Excadrill
|-damage|p2a: Excadrill|72/100
|upkeep
|turn|7
|
|t:|1781503766
|switch|p1a: Slowking|Slowking-Galar, F|88/100
|move|p2a: Excadrill|Iron Head|p1a: Slowking
|-damage|p1a: Slowking|33/100
|-damage|p2a: Excadrill|56/100|[from] item: Rocky Helmet|[of] p1a: Slowking
|
|-weather|Sandstorm|[upkeep]
|-damage|p1a: Slowking|27/100|[from] Sandstorm
|upkeep
|turn|8
|
|t:|1781503772
|switch|p1a: Landorus|Landorus-Therian, M|44/100
|-ability|p1a: Landorus|Intimidate|boost
|-unboost|p2a: Excadrill|atk|1
|move|p2a: Excadrill|Iron Head|p1a: Landorus
|-damage|p1a: Landorus|9/100
|
|-weather|none
|upkeep
|turn|9
|
|t:|1781503786
|switch|p1a: Slowking|Slowking-Galar, F|60/100
|move|p2a: Excadrill|Iron Head|p1a: Slowking
|-damage|p1a: Slowking|26/100
|-damage|p2a: Excadrill|39/100|[from] item: Rocky Helmet|[of] p1a: Slowking
|
|upkeep
|turn|10
|
|t:|1781503792
|switch|p1a: Cinderace|Cinderace, M|100/100
|move|p2a: Excadrill|Iron Head|p1a: Cinderace
|-resisted|p1a: Cinderace
|-damage|p1a: Cinderace|65/100
|
|upkeep
|turn|11
|
|t:|1781503796
|switch|p2a: Alomomola|Alomomola, M|100/100
|move|p1a: Cinderace|U-turn|p2a: Alomomola
|-start|p1a: Cinderace|typechange|Bug|[from] ability: Libero
|-damage|p2a: Alomomola|81/100
|
|t:|1781503801
|switch|p1a: Slowking|Slowking-Galar, F|60/100|[from] U-turn
|
|upkeep
|turn|12
|
|t:|1781503805
|move|p2a: Alomomola|Flip Turn|p1a: Slowking
|-damage|p1a: Slowking|46/100
|-damage|p2a: Alomomola|65/100|[from] item: Rocky Helmet|[of] p1a: Slowking
|
|t:|1781503807
|switch|p2a: Tyranitar|Tyranitar, M|84/100|[from] Flip Turn
|-weather|Sandstorm|[from] ability: Sand Stream|[of] p2a: Tyranitar
|move|p1a: Slowking|Future Sight|p2a: Tyranitar
|-start|p1a: Slowking|move: Future Sight
|
|-weather|Sandstorm|[upkeep]
|-damage|p1a: Slowking|40/100|[from] Sandstorm
|upkeep
|turn|13
|
|t:|1781503818
|switch|p1a: Landorus|Landorus-Therian, M|9/100
|-ability|p1a: Landorus|Intimidate|boost
|-unboost|p2a: Tyranitar|atk|1
|move|p2a: Tyranitar|Knock Off|p1a: Landorus
|-damage|p1a: Landorus|0 fnt
|faint|p1a: Landorus
|
|-weather|Sandstorm|[upkeep]
|upkeep
|
|t:|1781503829
|switch|p1a: Cinderace|Cinderace, M|65/100
|turn|14
|
|t:|1781503841
|move|p1a: Cinderace|High Jump Kick|p2a: Tyranitar|[miss]
|-start|p1a: Cinderace|typechange|Fighting|[from] ability: Libero
|-miss|p1a: Cinderace|p2a: Tyranitar
|-damage|p1a: Cinderace|15/100|[from] highjumpkick
|move|p2a: Tyranitar|Knock Off|p1a: Cinderace
|-resisted|p1a: Cinderace
|-damage|p1a: Cinderace|0 fnt
|-enditem|p1a: Cinderace|Heavy-Duty Boots|[from] move: Knock Off|[of] p2a: Tyranitar
|faint|p1a: Cinderace
|
|-weather|Sandstorm|[upkeep]
|-end|p2a: Tyranitar|move: Future Sight
|-immune|p2a: Tyranitar
|upkeep
|c|☆phreshoatmeal|mb
|
|t:|1781503857
|switch|p1a: Rillaboom|Rillaboom, F|100/100
|-fieldstart|move: Grassy Terrain|[from] ability: Grassy Surge|[of] p1a: Rillaboom
|turn|15
|
|t:|1781503864
|switch|p1a: Slowking|Slowking-Galar, F|73/100
|switch|p2a: Amoonguss|Amoonguss, M|100/100
|
|-weather|Sandstorm|[upkeep]
|-damage|p2a: Amoonguss|94/100|[from] Sandstorm
|-damage|p1a: Slowking|67/100|[from] Sandstorm
|-heal|p2a: Amoonguss|100/100|[from] Grassy Terrain
|-heal|p1a: Slowking|73/100|[from] Grassy Terrain
|upkeep
|turn|16
|
|t:|1781503878
|move|p2a: Amoonguss|Stun Spore|p1a: Slowking
|-status|p1a: Slowking|par
|cant|p1a: Slowking|par
|
|-weather|Sandstorm|[upkeep]
|-damage|p2a: Amoonguss|94/100|[from] Sandstorm
|-damage|p1a: Slowking|67/100 par|[from] Sandstorm
|-heal|p2a: Amoonguss|100/100|[from] Grassy Terrain
|-heal|p1a: Slowking|73/100 par|[from] Grassy Terrain
|upkeep
|turn|17
|
|t:|1781503892
|switch|p2a: Tyranitar|Tyranitar, M|84/100
|-prepare|p1a: Slowking|Chilly Reception|[premajor]
|move|p1a: Slowking|Chilly Reception|p1a: Slowking
|-weather|Snowscape
|
|t:|1781503902
|switch|p1a: Rillaboom|Rillaboom, F|100/100|[from] Chilly Reception
|
|-weather|Snowscape|[upkeep]
|-heal|p2a: Tyranitar|90/100|[from] Grassy Terrain
|upkeep
|turn|18
|
|t:|1781503905
|switch|p2a: Amoonguss|Amoonguss, M|100/100
|move|p1a: Rillaboom|Knock Off|p2a: Amoonguss
|-crit|p2a: Amoonguss
|-damage|p2a: Amoonguss|63/100
|-enditem|p2a: Amoonguss|Eject Button|[from] move: Knock Off|[of] p1a: Rillaboom
|
|-weather|Snowscape|[upkeep]
|-heal|p2a: Amoonguss|69/100|[from] Grassy Terrain
|upkeep
|turn|19
|inactive|phreshoatmeal has 120 seconds left.
|c|☆Ctannn|Nah bro it’s not your bad. My bad for risking a 90% on a threat I needed to KO to win
|inactive|phreshoatmeal has 90 seconds left.
|
|t:|1781503976
|switch|p1a: Raging Bolt|Raging Bolt|100/100
|move|p2a: Amoonguss|Foul Play|p1a: Raging Bolt
|-damage|p1a: Raging Bolt|87/100
|
|-weather|Snowscape|[upkeep]
|-heal|p1a: Raging Bolt|93/100|[from] Grassy Terrain
|-heal|p2a: Amoonguss|75/100|[from] Grassy Terrain
|-fieldend|move: Grassy Terrain
|upkeep
|turn|20
|c|☆Ctannn|But I thought you’d stay in predicting u turn, which was true
|j| bo'oh wo'oh
|c|☆phreshoatmeal|yeah you had the play
|
|t:|1781504004
|switch|p2a: Tyranitar|Tyranitar, M|90/100
|-weather|Sandstorm|[from] ability: Sand Stream|[of] p2a: Tyranitar
|move|p1a: Raging Bolt|Thunderbolt|p2a: Tyranitar
|-damage|p2a: Tyranitar|70/100
|
|-weather|Sandstorm|[upkeep]
|-damage|p1a: Raging Bolt|87/100|[from] Sandstorm
|upkeep
|turn|21
|
|t:|1781504016
|move|p1a: Raging Bolt|Thunderbolt|p2a: Tyranitar
|-damage|p2a: Tyranitar|49/100
|move|p2a: Tyranitar|Knock Off|p1a: Raging Bolt
|-damage|p1a: Raging Bolt|45/100
|-enditem|p1a: Raging Bolt|Heavy-Duty Boots|[from] move: Knock Off|[of] p2a: Tyranitar
|
|-weather|Sandstorm|[upkeep]
|-damage|p1a: Raging Bolt|39/100|[from] Sandstorm
|upkeep
|turn|22
|
|t:|1781504022
|move|p1a: Raging Bolt|Volt Switch|p2a: Tyranitar
|-damage|p2a: Tyranitar|31/100
|
|t:|1781504024
|-end|p1a: Raging Bolt|Protosynthesis|[silent]
|switch|p1a: Slowking|Slowking-Galar, F|100/100 par|[from] Volt Switch
|move|p2a: Tyranitar|Ice Beam|p1a: Slowking
|-damage|p1a: Slowking|86/100 par
|
|-weather|Sandstorm|[upkeep]
|-damage|p1a: Slowking|79/100 par|[from] Sandstorm
|upkeep
|turn|23
|
|t:|1781504028
|move|p2a: Tyranitar|Knock Off|p1a: Slowking
|-supereffective|p1a: Slowking
|-damage|p1a: Slowking|19/100 par
|-damage|p2a: Tyranitar|15/100|[from] item: Rocky Helmet|[of] p1a: Slowking
|-enditem|p1a: Slowking|Rocky Helmet|[from] move: Knock Off|[of] p2a: Tyranitar
|-prepare|p1a: Slowking|Chilly Reception|[premajor]
|move|p1a: Slowking|Chilly Reception|p1a: Slowking
|-weather|Snowscape
|
|t:|1781504031
|switch|p1a: Raging Bolt|Raging Bolt|39/100|[from] Chilly Reception
|
|-weather|Snowscape|[upkeep]
|upkeep
|turn|24
|
|t:|1781504038
|switch|p2a: Amoonguss|Amoonguss, M|100/100
|move|p1a: Raging Bolt|Draco Meteor|p2a: Amoonguss|[miss]
|-miss|p1a: Raging Bolt|p2a: Amoonguss
|
|-weather|Snowscape|[upkeep]
|upkeep
|turn|25
|
|t:|1781504049
|switch|p2a: Tyranitar|Tyranitar, M|15/100
|-weather|Sandstorm|[from] ability: Sand Stream|[of] p2a: Tyranitar
|move|p1a: Raging Bolt|Volt Switch|p2a: Tyranitar
|-damage|p2a: Tyranitar|0 fnt
|faint|p2a: Tyranitar
|
|t:|1781504054
|-end|p1a: Raging Bolt|Protosynthesis|[silent]
|switch|p1a: Garganacl|Garganacl, F|100/100|[from] Volt Switch
|
|-weather|Sandstorm|[upkeep]
|upkeep
|
|t:|1781504066
|switch|p2a: Excadrill|Excadrill, M|39/100
|turn|26
|
|t:|1781504072
|move|p1a: Garganacl|Protect|p1a: Garganacl
|-singleturn|p1a: Garganacl|Protect
|move|p2a: Excadrill|Iron Head|p1a: Garganacl
|-activate|p1a: Garganacl|move: Protect
|
|-weather|Sandstorm|[upkeep]
|upkeep
|turn|27
|
|t:|1781504082
|switch|p2a: Hatterene|Hatterene, F|83/100
|-terastallize|p1a: Garganacl|Water
|move|p1a: Garganacl|Curse|p1a: Garganacl
|-unboost|p1a: Garganacl|spe|1
|-boost|p1a: Garganacl|atk|1
|-boost|p1a: Garganacl|def|1
|
|-weather|Sandstorm|[upkeep]
|-damage|p2a: Hatterene|77/100|[from] Sandstorm
|-damage|p1a: Garganacl|94/100|[from] Sandstorm
|-heal|p2a: Hatterene|83/100|[from] item: Leftovers
|-heal|p1a: Garganacl|100/100|[from] item: Leftovers
|upkeep
|turn|28
|
|t:|1781504091
|move|p2a: Hatterene|Future Sight|p1a: Garganacl
|-start|p2a: Hatterene|move: Future Sight
|move|p1a: Garganacl|Salt Cure|p2a: Hatterene
|-crit|p2a: Hatterene
|-damage|p2a: Hatterene|57/100
|-start|p2a: Hatterene|Salt Cure
|
|-weather|Sandstorm|[upkeep]
|-damage|p2a: Hatterene|51/100|[from] Sandstorm
|-damage|p1a: Garganacl|94/100|[from] Sandstorm
|-heal|p2a: Hatterene|57/100|[from] item: Leftovers
|-heal|p1a: Garganacl|100/100|[from] item: Leftovers
|-damage|p2a: Hatterene|45/100|[from] Salt Cure
|upkeep
|turn|29
|
|t:|1781504113
|switch|p1a: Raging Bolt|Raging Bolt|39/100
|move|p2a: Hatterene|Pain Split|p1a: Raging Bolt
|-sethp|p1a: Raging Bolt|38/100|[from] move: Pain Split|[silent]
|-sethp|p2a: Hatterene|46/100|[from] move: Pain Split
|
|-weather|Sandstorm|[upkeep]
|-damage|p1a: Raging Bolt|31/100|[from] Sandstorm
|-damage|p2a: Hatterene|40/100|[from] Sandstorm
|-heal|p2a: Hatterene|46/100|[from] item: Leftovers
|-damage|p2a: Hatterene|34/100|[from] Salt Cure
|upkeep
|turn|30
|
|t:|1781504122
|switch|p2a: Excadrill|Excadrill, M|39/100
|move|p1a: Raging Bolt|Volt Switch|p2a: Excadrill
|-immune|p2a: Excadrill
|
|-weather|Sandstorm|[upkeep]
|-damage|p1a: Raging Bolt|25/100|[from] Sandstorm
|-end|p1a: Raging Bolt|move: Future Sight
|-damage|p1a: Raging Bolt|0 fnt
|faint|p1a: Raging Bolt
|-end|p1a: Raging Bolt|Protosynthesis|[silent]
|upkeep
|
|t:|1781504125
|switch|p1a: Garganacl|Garganacl, F, tera:Water|100/100
|turn|31
|
|t:|1781504138
|move|p1a: Garganacl|Protect|p1a: Garganacl
|-singleturn|p1a: Garganacl|Protect
|move|p2a: Excadrill|Earthquake|p1a: Garganacl
|-activate|p1a: Garganacl|move: Protect
|
|-weather|Sandstorm|[upkeep]
|-damage|p1a: Garganacl|94/100|[from] Sandstorm
|-heal|p1a: Garganacl|100/100|[from] item: Leftovers
|upkeep
|turn|32
|
|t:|1781504148
|switch|p2a: Alomomola|Alomomola, M|98/100
|switch|p1a: Rillaboom|Rillaboom, F|100/100
|-fieldstart|move: Grassy Terrain|[from] ability: Grassy Surge|[of] p1a: Rillaboom
|
|-weather|none
|-heal|p2a: Alomomola|100/100|[from] Grassy Terrain
|upkeep
|turn|33
|
|t:|1781504153
|switch|p2a: Amoonguss|Amoonguss, M|100/100
|move|p1a: Rillaboom|Swords Dance|p1a: Rillaboom
|-boost|p1a: Rillaboom|atk|2
|
|upkeep
|turn|34
|
|t:|1781504159
|switch|p1a: Slowking|Slowking-Galar, F|52/100 par
|move|p2a: Amoonguss|Clear Smog|p1a: Slowking
|-resisted|p1a: Slowking
|-damage|p1a: Slowking|46/100 par
|-clearboost|p1a: Slowking
|
|-heal|p1a: Slowking|52/100 par|[from] Grassy Terrain
|upkeep
|turn|35
|
|t:|1781504170
|move|p2a: Amoonguss|Foul Play|p1a: Slowking
|-supereffective|p1a: Slowking
|-damage|p1a: Slowking|34/100 par
|cant|p1a: Slowking|par
|
|-heal|p1a: Slowking|40/100 par|[from] Grassy Terrain
|upkeep
|turn|36
|inactive|phreshoatmeal has 120 seconds left.
|
|t:|1781504186
|switch|p2a: Excadrill|Excadrill, M|39/100
|cant|p1a: Slowking|par
|
|-heal|p2a: Excadrill|45/100|[from] Grassy Terrain
|-heal|p1a: Slowking|46/100 par|[from] Grassy Terrain
|-fieldend|move: Grassy Terrain
|upkeep
|turn|37
|
|t:|1781504193
|switch|p1a: Garganacl|Garganacl, F, tera:Water|100/100
|move|p2a: Excadrill|Poison Jab|p1a: Garganacl
|-damage|p1a: Garganacl|68/100
|
|-heal|p1a: Garganacl|74/100|[from] item: Leftovers
|upkeep
|turn|38
|
|t:|1781504199
|switch|p2a: Amoonguss|Amoonguss, M|100/100
|move|p1a: Garganacl|Salt Cure|p2a: Amoonguss
|-damage|p2a: Amoonguss|90/100
|-start|p2a: Amoonguss|Salt Cure
|
|-heal|p1a: Garganacl|80/100|[from] item: Leftovers
|-damage|p2a: Amoonguss|78/100|[from] Salt Cure
|upkeep
|turn|39
|
|t:|1781504212
|switch|p2a: Iron Valiant|Iron Valiant|100/100
|move|p1a: Garganacl|Protect||[still]
|-fail|p1a: Garganacl
|
|-heal|p1a: Garganacl|86/100|[from] item: Leftovers
|upkeep
|turn|40
|
|t:|1781504220
|move|p2a: Iron Valiant|Knock Off|p1a: Garganacl
|-damage|p1a: Garganacl|57/100
|-enditem|p1a: Garganacl|Leftovers|[from] move: Knock Off|[of] p2a: Iron Valiant
|-damage|p2a: Iron Valiant|91/100|[from] item: Life Orb
|move|p1a: Garganacl|Salt Cure|p2a: Iron Valiant
|-resisted|p2a: Iron Valiant
|-damage|p2a: Iron Valiant|81/100
|-start|p2a: Iron Valiant|Salt Cure
|
|-damage|p2a: Iron Valiant|69/100|[from] Salt Cure
|upkeep
|turn|41
|
|t:|1781504229
|-end|p2a: Iron Valiant|Quark Drive|[silent]
|switch|p2a: Alomomola|Alomomola, M|100/100
|move|p1a: Garganacl|Salt Cure|p2a: Alomomola
|-damage|p2a: Alomomola|93/100
|-start|p2a: Alomomola|Salt Cure
|
|-damage|p2a: Alomomola|68/100|[from] Salt Cure
|upkeep
|turn|42
|
|t:|1781504233
|move|p2a: Alomomola|Flip Turn|p1a: Garganacl
|-resisted|p1a: Garganacl
|-damage|p1a: Garganacl|52/100
|
|t:|1781504237
|switch|p2a: Amoonguss|Amoonguss, M|100/100|[from] Flip Turn
|move|p1a: Garganacl|Salt Cure|p2a: Amoonguss
|-damage|p2a: Amoonguss|90/100
|-start|p2a: Amoonguss|Salt Cure
|
|-damage|p2a: Amoonguss|78/100|[from] Salt Cure
|upkeep
|turn|43
|
|t:|1781504243
|move|p2a: Amoonguss|Grass Knot|p1a: Garganacl
|-supereffective|p1a: Garganacl
|-damage|p1a: Garganacl|6/100
|move|p1a: Garganacl|Salt Cure|p2a: Amoonguss
|-damage|p2a: Amoonguss|67/100
|
|-damage|p2a: Amoonguss|55/100|[from] Salt Cure
|upkeep
|turn|44
|
|t:|1781504248
|move|p1a: Garganacl|Protect|p1a: Garganacl
|-singleturn|p1a: Garganacl|Protect
|move|p2a: Amoonguss|Foul Play|p1a: Garganacl
|-activate|p1a: Garganacl|move: Protect
|
|-damage|p2a: Amoonguss|42/100|[from] Salt Cure
|upkeep
|turn|45
|
|t:|1781504254
|move|p2a: Amoonguss|Foul Play|p1a: Garganacl
|-damage|p1a: Garganacl|0 fnt
|faint|p1a: Garganacl
|
|-damage|p2a: Amoonguss|30/100|[from] Salt Cure
|upkeep
|
|t:|1781504256
|switch|p1a: Rillaboom|Rillaboom, F|100/100
|-fieldstart|move: Grassy Terrain|[from] ability: Grassy Surge|[of] p1a: Rillaboom
|turn|46
|
|t:|1781504261
|switch|p2a: Hatterene|Hatterene, F|34/100
|move|p1a: Rillaboom|Swords Dance|p1a: Rillaboom
|-boost|p1a: Rillaboom|atk|2
|
|-heal|p2a: Hatterene|40/100|[from] Grassy Terrain
|-heal|p2a: Hatterene|46/100|[from] item: Leftovers
|upkeep
|turn|47
|
|t:|1781504268
|move|p1a: Rillaboom|Swords Dance|p1a: Rillaboom
|-boost|p1a: Rillaboom|atk|2
|move|p2a: Hatterene|Future Sight|p1a: Rillaboom
|-start|p2a: Hatterene|move: Future Sight
|
|-heal|p2a: Hatterene|52/100|[from] Grassy Terrain
|-heal|p2a: Hatterene|58/100|[from] item: Leftovers
|upkeep
|turn|48
|c|☆phreshoatmeal|i may have choked
|
|t:|1781504281
|move|p1a: Rillaboom|Knock Off|p2a: Hatterene
|-damage|p2a: Hatterene|0 fnt
|-enditem|p2a: Hatterene|Leftovers|[from] move: Knock Off|[of] p1a: Rillaboom
|faint|p2a: Hatterene
|
|upkeep
|
|t:|1781504291
|switch|p2a: Amoonguss|Amoonguss, M|63/100
|turn|49
|l| bo'oh wo'oh
|inactive|Ctannn has 120 seconds left.
|
|t:|1781504326
|switch|p1a: Slowking|Slowking-Galar, F|79/100 par
|-terastallize|p2a: Amoonguss|Dark
|move|p2a: Amoonguss|Foul Play|p1a: Slowking
|-supereffective|p1a: Slowking
|-damage|p1a: Slowking|50/100 par
|
|-end|p1a: Slowking|move: Future Sight
|-damage|p1a: Slowking|7/100 par
|-heal|p2a: Amoonguss|69/100|[from] Grassy Terrain
|-heal|p1a: Slowking|13/100 par|[from] Grassy Terrain
|upkeep
|turn|50
|inactive|Ctannn has 120 seconds left.
|
|t:|1781504349
|move|p2a: Amoonguss|Foul Play|p1a: Slowking
|-supereffective|p1a: Slowking
|-damage|p1a: Slowking|0 fnt
|faint|p1a: Slowking
|
|-heal|p2a: Amoonguss|75/100|[from] Grassy Terrain
|-fieldend|move: Grassy Terrain
|upkeep
|
|t:|1781504351
|switch|p1a: Rillaboom|Rillaboom, F|100/100
|-fieldstart|move: Grassy Terrain|[from] ability: Grassy Surge|[of] p1a: Rillaboom
|turn|51
|
|t:|1781504358
|move|p1a: Rillaboom|Wood Hammer|p2a: Amoonguss
|-damage|p2a: Amoonguss|1/100
|-damage|p1a: Rillaboom|69/100|[from] Recoil
|move|p2a: Amoonguss|Foul Play|p1a: Rillaboom
|-damage|p1a: Rillaboom|15/100
|
|-heal|p1a: Rillaboom|21/100|[from] Grassy Terrain
|-heal|p2a: Amoonguss|7/100|[from] Grassy Terrain
|upkeep
|turn|52
|j| Golem Rising
|c|☆Ctannn|Okay *almost
|c|☆Ctannn|not choked you can stall turns now
|inactive|phreshoatmeal has 120 seconds left.
|c|☆Ctannn|Just leave valiant till the end
|c|☆phreshoatmeal|yeah
|
|t:|1781504406
|switch|p2a: Excadrill|Excadrill, M|45/100
|move|p1a: Rillaboom|Grassy Glide|p2a: Excadrill
|-damage|p2a: Excadrill|0 fnt
|faint|p2a: Excadrill
|
|-heal|p1a: Rillaboom|27/100|[from] Grassy Terrain
|upkeep
|
|t:|1781504414
|switch|p2a: Amoonguss|Amoonguss, M, tera:Dark|40/100
|turn|53
|
|t:|1781504427
|switch|p2a: Alomomola|Alomomola, M|100/100
|move|p1a: Rillaboom|Wood Hammer|p2a: Alomomola
|-supereffective|p2a: Alomomola
|-damage|p2a: Alomomola|0 fnt
|faint|p2a: Alomomola
|-damage|p1a: Rillaboom|0 fnt|[from] Recoil
|faint|p1a: Rillaboom
|
|win|phreshoatmeal
|raw|Ctannn's rating: 1848 &rarr; <strong>1826</strong><br />(-22 for losing)
|raw|phreshoatmeal's rating: 1818 &rarr; <strong>1840</strong><br />(+22 for winning)
|c|☆phreshoatmeal|gg
|l|☆Ctannn
|player|p1|
|l|☆phreshoatmeal
|player|p2|
|l| Golem Rising
