|j|☆PXOH
|j|☆KurisuChestnutOU
|t:|1781149137
|gametype|singles
|player|p1|PXOH|roxie-masters|1589
|player|p2|KurisuChestnutOU|may-contest|1543
|gen|9
|tier|[Gen 9] OU
|rated|
|rule|HP Percentage Mod: HP is shown in percentages
|rule|Endless Battle Clause: Forcing endless battles is banned
|rule|Species Clause: Limit one of each Pokémon
|rule|OHKO Clause: OHKO moves are banned
|rule|Evasion Items Clause: Evasion items are banned
|rule|Evasion Moves Clause: Evasion moves are banned
|rule|Evasion Abilities Clause: Evasion abilities are banned
|rule|Sleep Moves Clause: Sleep-inducing moves are banned
|clearpoke
|poke|p1|Cinderace, F|
|poke|p1|Iron Valiant|
|poke|p1|Rillaboom, F|
|poke|p1|Kingambit, F|
|poke|p1|Kommo-o, M|
|poke|p1|Ting-Lu|
|poke|p2|Hawlucha, F|
|poke|p2|Samurott-Hisui, F|
|poke|p2|Rillaboom, F|
|poke|p2|Gholdengo|
|poke|p2|Kyurem|
|poke|p2|Landorus-Therian, M|
|teampreview
|inactive|Battle timer is ON: inactive players will automatically lose when time's up. (requested by PXOH)
|inactive|KurisuChestnutOU also wants the timer to be on.
|inactive|PXOH has 120 seconds left.
|
|t:|1781149178
|teamsize|p1|6
|teamsize|p2|6
|start
|switch|p1a: Lebunny James|Cinderace, F|100/100
|switch|p2a: Kyurem|Kyurem|100/100
|-ability|p2a: Kyurem|Pressure
|turn|1
|
|t:|1781149182
|switch|p2a: Landorus|Landorus-Therian, M|100/100
|-ability|p2a: Landorus|Intimidate|boost
|-unboost|p1a: Lebunny James|atk|1
|move|p1a: Lebunny James|High Jump Kick|p2a: Landorus
|-start|p1a: Lebunny James|typechange|Fighting|[from] ability: Libero
|-resisted|p2a: Landorus
|-damage|p2a: Landorus|80/100
|-damage|p1a: Lebunny James|84/100|[from] item: Rocky Helmet|[of] p2a: Landorus
|
|upkeep
|turn|2
|
|t:|1781149194
|switch|p1a: Rillaboom|Rillaboom, F|100/100
|-fieldstart|move: Grassy Terrain|[from] ability: Grassy Surge|[of] p1a: Rillaboom
|move|p2a: Landorus|Stealth Rock|p1a: Rillaboom
|-sidestart|p1: PXOH|move: Stealth Rock
|
|upkeep
|turn|3
|
|t:|1781149202
|move|p1a: Rillaboom|Grassy Glide|p2a: Landorus
|-damage|p2a: Landorus|38/100
|-damage|p1a: Rillaboom|84/100|[from] item: Rocky Helmet|[of] p2a: Landorus
|-damage|p1a: Rillaboom|74/100|[from] item: Life Orb
|move|p2a: Landorus|U-turn|p1a: Rillaboom
|-supereffective|p1a: Rillaboom
|-damage|p1a: Rillaboom|32/100
|
|t:|1781149208
|switch|p2a: Hawlucha|Hawlucha, F|100/100|[from] U-turn
|-enditem|p2a: Hawlucha|Grassy Seed
|-boost|p2a: Hawlucha|def|1|[from] item: Grassy Seed
|
|-heal|p1a: Rillaboom|38/100|[from] Grassy Terrain
|upkeep
|turn|4
|
|t:|1781149214
|move|p2a: Hawlucha|Swords Dance|p2a: Hawlucha
|-boost|p2a: Hawlucha|atk|2
|move|p1a: Rillaboom|Drum Beating|p2a: Hawlucha
|-resisted|p2a: Hawlucha
|-damage|p2a: Hawlucha|71/100
|-unboost|p2a: Hawlucha|spe|1
|-damage|p1a: Rillaboom|28/100|[from] item: Life Orb
|
|-heal|p1a: Rillaboom|35/100|[from] Grassy Terrain
|upkeep
|turn|5
|
|t:|1781149221
|move|p1a: Rillaboom|Grassy Glide|p2a: Hawlucha
|-resisted|p2a: Hawlucha
|-damage|p2a: Hawlucha|51/100
|-damage|p1a: Rillaboom|25/100|[from] item: Life Orb
|move|p2a: Hawlucha|Acrobatics|p1a: Rillaboom
|-supereffective|p1a: Rillaboom
|-damage|p1a: Rillaboom|0 fnt
|faint|p1a: Rillaboom
|
|upkeep
|
|t:|1781149230
|switch|p1a: Cyber Twink|Iron Valiant|100/100
|-damage|p1a: Cyber Twink|94/100|[from] Stealth Rock
|-enditem|p1a: Cyber Twink|Booster Energy
|-activate|p1a: Cyber Twink|ability: Quark Drive|[fromitem]
|-start|p1a: Cyber Twink|quarkdrivespe
|turn|6
|
|t:|1781149234
|-terastallize|p2a: Hawlucha|Steel
|move|p1a: Cyber Twink|Moonblast|p2a: Hawlucha
|-resisted|p2a: Hawlucha
|-damage|p2a: Hawlucha|15/100
|move|p2a: Hawlucha|Acrobatics|p1a: Cyber Twink
|-supereffective|p1a: Cyber Twink
|-damage|p1a: Cyber Twink|0 fnt
|faint|p1a: Cyber Twink
|-end|p1a: Cyber Twink|Quark Drive|[silent]
|
|-heal|p2a: Hawlucha|21/100|[from] Grassy Terrain
|-fieldend|move: Grassy Terrain
|upkeep
|
|t:|1781149242
|switch|p1a: Lebunny James|Cinderace, F|84/100
|turn|7
|
|t:|1781149247
|move|p1a: Lebunny James|Sucker Punch|p2a: Hawlucha
|-start|p1a: Lebunny James|typechange|Dark|[from] ability: Libero
|-damage|p2a: Hawlucha|0 fnt
|faint|p2a: Hawlucha
|
|upkeep
|
|t:|1781149252
|switch|p2a: Landorus|Landorus-Therian, M|38/100
|-ability|p2a: Landorus|Intimidate|boost
|-unboost|p1a: Lebunny James|atk|1
|turn|8
|
|t:|1781149262
|move|p1a: Lebunny James|Pyro Ball|p2a: Landorus
|-damage|p2a: Landorus|15/100
|move|p2a: Landorus|Earth Power|p1a: Lebunny James
|-damage|p1a: Lebunny James|41/100
|-unboost|p1a: Lebunny James|spd|1
|
|upkeep
|turn|9
|
|t:|1781149267
|switch|p2a: Kyurem|Kyurem|100/100
|-ability|p2a: Kyurem|Pressure
|move|p1a: Lebunny James|Pyro Ball|p2a: Kyurem
|-damage|p2a: Kyurem|76/100
|
|upkeep
|turn|10
|
|t:|1781149272
|switch|p1a: Thicc-Lu|Ting-Lu|100/100
|-damage|p1a: Thicc-Lu|94/100|[from] Stealth Rock
|-ability|p1a: Thicc-Lu|Vessel of Ruin
|move|p2a: Kyurem|Ice Beam|p1a: Thicc-Lu
|-supereffective|p1a: Thicc-Lu
|-damage|p1a: Thicc-Lu|36/100
|
|-heal|p1a: Thicc-Lu|42/100|[from] item: Leftovers
|upkeep
|turn|11
|
|t:|1781149278
|move|p2a: Kyurem|Ice Beam|p1a: Thicc-Lu
|-supereffective|p1a: Thicc-Lu
|-crit|p1a: Thicc-Lu
|-damage|p1a: Thicc-Lu|0 fnt
|faint|p1a: Thicc-Lu
|
|upkeep
|
|t:|1781149289
|switch|p1a: Clangus Khan|Kommo-o, M|100/100
|-damage|p1a: Clangus Khan|94/100|[from] Stealth Rock
|turn|12
|
|t:|1781149292
|-terastallize|p1a: Clangus Khan|Normal
|move|p2a: Kyurem|Ice Beam|p1a: Clangus Khan
|-damage|p1a: Clangus Khan|44/100
|move|p1a: Clangus Khan|Clangorous Soul|p1a: Clangus Khan
|-boost|p1a: Clangus Khan|atk|1
|-boost|p1a: Clangus Khan|def|1
|-boost|p1a: Clangus Khan|spa|1
|-boost|p1a: Clangus Khan|spd|1
|-boost|p1a: Clangus Khan|spe|1
|-damage|p1a: Clangus Khan|11/100
|
|-heal|p1a: Clangus Khan|17/100|[from] item: Leftovers
|upkeep
|turn|13
|
|t:|1781149302
|switch|p2a: Gholdengo|Gholdengo|100/100
|move|p1a: Clangus Khan|Clanging Scales|p2a: Gholdengo
|-resisted|p2a: Gholdengo
|-damage|p2a: Gholdengo|57/100
|-unboost|p1a: Clangus Khan|def|1
|
|-heal|p1a: Clangus Khan|23/100|[from] item: Leftovers
|upkeep
|turn|14
|
|t:|1781149306
|switch|p2a: Landorus|Landorus-Therian, M|15/100
|-ability|p2a: Landorus|Intimidate|boost
|-unboost|p1a: Clangus Khan|atk|1
|move|p1a: Clangus Khan|Flamethrower|p2a: Landorus
|-damage|p2a: Landorus|0 fnt
|faint|p2a: Landorus
|
|-heal|p1a: Clangus Khan|29/100|[from] item: Leftovers
|upkeep
|
|t:|1781149309
|switch|p2a: Rillaboom|Rillaboom, F|100/100
|-fieldstart|move: Grassy Terrain|[from] ability: Grassy Surge|[of] p2a: Rillaboom
|turn|15
|
|t:|1781149316
|move|p2a: Rillaboom|Grassy Glide|p1a: Clangus Khan
|-damage|p1a: Clangus Khan|0 fnt
|faint|p1a: Clangus Khan
|
|upkeep
|
|t:|1781149321
|switch|p1a: The Janitor|Kingambit, F|100/100
|-damage|p1a: The Janitor|94/100|[from] Stealth Rock
|-activate|p1a: The Janitor|ability: Supreme Overlord
|-start|p1a: The Janitor|fallen4|[silent]
|turn|16
|-message|PXOH forfeited.
|
|win|KurisuChestnutOU
|raw|PXOH's rating: 1589 &rarr; <strong>1571</strong><br />(-18 for losing)
|raw|KurisuChestnutOU's rating: 1618 &rarr; <strong>1636</strong><br />(+18 for winning)
|l|☆PXOH
|player|p1|
