|j|‽ayerbe
|j|☆seven-iwnl
|t:|1781329897
|gametype|singles
|player|p1|ayerbe|blackbelt-gen4dp|1603
|player|p2|seven-iwnl|ghetsis|1668
|gen|9
|tier|[Gen 9] OU
|rated|
|rule|HP Percentage Mod: HP is shown in percentages
|rule|Endless Battle Clause: Forcing endless battles is banned
|rule|Species Clause: Limit one of each Pokémon
|rule|OHKO Clause: OHKO moves are banned
|rule|Evasion Items Clause: Evasion items are banned
|rule|Evasion Moves Clause: Evasion moves are banned
|rule|Evasion Abilities Clause: Evasion abilities are banned
|rule|Sleep Moves Clause: Sleep-inducing moves are banned
|clearpoke
|poke|p1|Great Tusk|
|poke|p1|Scizor, M|
|poke|p1|Garganacl, M|
|poke|p1|Ting-Lu|
|poke|p1|Raging Bolt|
|poke|p1|Gholdengo|
|poke|p2|Raging Bolt|
|poke|p2|Ribombee, M|
|poke|p2|Gholdengo|
|poke|p2|Great Tusk|
|poke|p2|Ogerpon-Cornerstone, F|
|poke|p2|Ceruledge, M|
|teampreview
|inactive|Battle timer is ON: inactive players will automatically lose when time's up. (requested by ayerbe)
|
|t:|1781329914
|teamsize|p1|6
|teamsize|p2|6
|start
|switch|p1a: Ting-Lu|Ting-Lu|100/100
|switch|p2a: Ribombee|Ribombee, M, shiny|100/100
|-ability|p1a: Ting-Lu|Vessel of Ruin
|turn|1
|
|t:|1781329925
|move|p2a: Ribombee|Skill Swap|p1a: Ting-Lu
|-activate|p2a: Ribombee|Skill Swap|Vessel of Ruin|Shield Dust|[of] p1a: Ting-Lu
|-ability|p2a: Ribombee|Vessel of Ruin
|move|p1a: Ting-Lu|Stealth Rock|p2a: Ribombee
|-sidestart|p2: seven-iwnl|move: Stealth Rock
|
|upkeep
|turn|2
|
|t:|1781329928
|move|p2a: Ribombee|Moonblast|p1a: Ting-Lu
|-supereffective|p1a: Ting-Lu
|-damage|p1a: Ting-Lu|56/100
|move|p1a: Ting-Lu|Spikes|p2a: Ribombee
|-sidestart|p2: seven-iwnl|Spikes
|
|-heal|p1a: Ting-Lu|62/100|[from] item: Leftovers
|upkeep
|turn|3
|
|t:|1781329935
|move|p2a: Ribombee|Sticky Web|p1a: Ting-Lu
|-sidestart|p1: ayerbe|move: Sticky Web
|move|p1a: Ting-Lu|Spikes|p2a: Ribombee
|-sidestart|p2: seven-iwnl|Spikes
|
|-heal|p1a: Ting-Lu|69/100|[from] item: Leftovers
|upkeep
|turn|4
|
|t:|1781329938
|move|p2a: Ribombee|Moonblast|p1a: Ting-Lu
|-supereffective|p1a: Ting-Lu
|-damage|p1a: Ting-Lu|20/100
|move|p1a: Ting-Lu|Spikes|p2a: Ribombee
|-sidestart|p2: seven-iwnl|Spikes
|
|-heal|p1a: Ting-Lu|27/100|[from] item: Leftovers
|upkeep
|turn|5
|
|t:|1781329942
|move|p2a: Ribombee|Moonblast|p1a: Ting-Lu
|-supereffective|p1a: Ting-Lu
|-damage|p1a: Ting-Lu|0 fnt
|faint|p1a: Ting-Lu
|
|upkeep
|
|t:|1781329945
|switch|p1a: Garganacl|Garganacl, M|100/100
|-activate|p1a: Garganacl|move: Sticky Web
|-unboost|p1a: Garganacl|spe|1
|turn|6
|
|t:|1781329952
|move|p2a: Ribombee|Skill Swap|p1a: Garganacl
|-activate|p2a: Ribombee|Skill Swap|Purifying Salt|Vessel of Ruin|[of] p1a: Garganacl
|-ability|p1a: Garganacl|Vessel of Ruin
|move|p1a: Garganacl|Salt Cure|p2a: Ribombee
|-supereffective|p2a: Ribombee
|-damage|p2a: Ribombee|45/100
|-start|p2a: Ribombee|Salt Cure
|
|-damage|p2a: Ribombee|33/100|[from] Salt Cure
|upkeep
|turn|7
|
|t:|1781329966
|switch|p1a: Gholdengo|Gholdengo|100/100
|-activate|p1a: Gholdengo|move: Sticky Web
|-unboost|p1a: Gholdengo|spe|1
|move|p2a: Ribombee|Stun Spore|p1a: Gholdengo
|-immune|p1a: Gholdengo|[from] ability: Good as Gold
|
|-damage|p2a: Ribombee|21/100|[from] Salt Cure
|upkeep
|turn|8
|
|t:|1781329971
|switch|p1a: Garganacl|Garganacl, M|100/100
|-activate|p1a: Garganacl|move: Sticky Web
|-unboost|p1a: Garganacl|spe|1
|move|p2a: Ribombee|Moonblast|p1a: Garganacl
|-damage|p1a: Garganacl|63/100
|
|-heal|p1a: Garganacl|69/100|[from] item: Leftovers
|-damage|p2a: Ribombee|9/100|[from] Salt Cure
|upkeep
|turn|9
|
|t:|1781329980
|switch|p2a: Great Tusk|Great Tusk, shiny|100/100
|-damage|p2a: Great Tusk|98/100|[from] Stealth Rock
|-damage|p2a: Great Tusk|73/100|[from] Spikes
|-enditem|p2a: Great Tusk|Booster Energy
|-activate|p2a: Great Tusk|ability: Protosynthesis|[fromitem]
|-start|p2a: Great Tusk|protosynthesisatk
|move|p1a: Garganacl|Recover|p1a: Garganacl
|-heal|p1a: Garganacl|100/100
|
|upkeep
|turn|10
|
|t:|1781329984
|-terastallize|p1a: Garganacl|Ghost
|move|p2a: Great Tusk|Headlong Rush|p1a: Garganacl
|-damage|p1a: Garganacl|56/100
|-unboost|p2a: Great Tusk|def|1
|-unboost|p2a: Great Tusk|spd|1
|move|p1a: Garganacl|Block|p2a: Great Tusk
|-activate|p2a: Great Tusk|trapped
|
|-heal|p1a: Garganacl|63/100|[from] item: Leftovers
|upkeep
|turn|11
|
|t:|1781329995
|move|p2a: Great Tusk|Headlong Rush|p1a: Garganacl
|-damage|p1a: Garganacl|19/100
|-unboost|p2a: Great Tusk|def|1
|-unboost|p2a: Great Tusk|spd|1
|move|p1a: Garganacl|Recover|p1a: Garganacl
|-heal|p1a: Garganacl|69/100
|
|-heal|p1a: Garganacl|76/100|[from] item: Leftovers
|upkeep
|turn|12
|
|t:|1781329999
|move|p2a: Great Tusk|Headlong Rush|p1a: Garganacl
|-damage|p1a: Garganacl|34/100
|-unboost|p2a: Great Tusk|def|1
|-unboost|p2a: Great Tusk|spd|1
|move|p1a: Garganacl|Recover|p1a: Garganacl
|-heal|p1a: Garganacl|84/100
|
|-heal|p1a: Garganacl|90/100|[from] item: Leftovers
|upkeep
|turn|13
|
|t:|1781330005
|move|p2a: Great Tusk|Headlong Rush|p1a: Garganacl
|-damage|p1a: Garganacl|46/100
|-unboost|p2a: Great Tusk|def|1
|-unboost|p2a: Great Tusk|spd|1
|move|p1a: Garganacl|Salt Cure|p2a: Great Tusk
|-resisted|p2a: Great Tusk
|-damage|p2a: Great Tusk|65/100
|-start|p2a: Great Tusk|Salt Cure
|
|-heal|p1a: Garganacl|52/100|[from] item: Leftovers
|-damage|p2a: Great Tusk|53/100|[from] Salt Cure
|upkeep
|turn|14
|
|t:|1781330007
|move|p2a: Great Tusk|Headlong Rush|p1a: Garganacl
|-crit|p1a: Garganacl
|-damage|p1a: Garganacl|0 fnt
|-unboost|p2a: Great Tusk|def|1
|-unboost|p2a: Great Tusk|spd|1
|faint|p1a: Garganacl
|
|-damage|p2a: Great Tusk|40/100|[from] Salt Cure
|upkeep
|
|t:|1781330021
|switch|p1a: Scizor|Scizor, M|100/100
|-activate|p1a: Scizor|move: Sticky Web
|-unboost|p1a: Scizor|spe|1
|turn|15
|
|t:|1781330023
|-end|p2a: Great Tusk|Protosynthesis|[silent]
|switch|p2a: Ribombee|Ribombee, M, shiny|9/100
|-damage|p2a: Ribombee|0 fnt|[from] Stealth Rock
|faint|p2a: Ribombee
|move|p1a: Scizor|Bullet Punch|p2: Ribombee|[notarget]
|-fail|p1a: Scizor
|
|upkeep
|
|t:|1781330025
|switch|p2a: Great Tusk|Great Tusk, shiny|40/100
|-damage|p2a: Great Tusk|37/100|[from] Stealth Rock
|-damage|p2a: Great Tusk|13/100|[from] Spikes
|turn|16
|
|t:|1781330028
|move|p1a: Scizor|Bullet Punch|p2a: Great Tusk
|-damage|p2a: Great Tusk|0 fnt
|faint|p2a: Great Tusk
|-end|p2a: Great Tusk|Protosynthesis|[silent]
|
|upkeep
|
|t:|1781330030
|switch|p2a: Ceruledge|Ceruledge, M, shiny|100/100
|-damage|p2a: Ceruledge|76/100|[from] Stealth Rock
|-damage|p2a: Ceruledge|51/100|[from] Spikes
|turn|17
|
|t:|1781330035
|-terastallize|p2a: Ceruledge|Fighting
|move|p2a: Ceruledge|Swords Dance|p2a: Ceruledge
|-boost|p2a: Ceruledge|atk|2
|move|p1a: Scizor|Knock Off|p2a: Ceruledge
|-resisted|p2a: Ceruledge
|-damage|p2a: Ceruledge|26/100
|-ability|p2a: Ceruledge|Weak Armor|boost
|-unboost|p2a: Ceruledge|def|1
|-boost|p2a: Ceruledge|spe|2
|-enditem|p2a: Ceruledge|Focus Sash|[from] move: Knock Off|[of] p1a: Scizor
|
|upkeep
|turn|18
|
|t:|1781330047
|move|p1a: Scizor|Bullet Punch|p2a: Ceruledge
|-damage|p2a: Ceruledge|0 fnt
|faint|p2a: Ceruledge
|
|upkeep
|
|t:|1781330055
|switch|p2a: Ogerpon|Ogerpon-Cornerstone, F|100/100
|-damage|p2a: Ogerpon|88/100|[from] Stealth Rock
|-damage|p2a: Ogerpon|63/100|[from] Spikes
|turn|19
|
|t:|1781330063
|move|p2a: Ogerpon|Quick Attack|p1a: Scizor
|-resisted|p1a: Scizor
|-damage|p1a: Scizor|91/100
|move|p1a: Scizor|Bullet Punch|p2a: Ogerpon
|-supereffective|p2a: Ogerpon
|-damage|p2a: Ogerpon|0 fnt
|faint|p2a: Ogerpon
|
|upkeep
|
|t:|1781330068
|switch|p2a: Gholdengo|Gholdengo, shiny|100/100
|-damage|p2a: Gholdengo|94/100|[from] Stealth Rock
|-item|p2a: Gholdengo|Air Balloon
|turn|20
|
|t:|1781330070
|move|p2a: Gholdengo|Shadow Ball|p1a: Scizor
|-damage|p1a: Scizor|27/100
|move|p1a: Scizor|Knock Off|p2a: Gholdengo
|-supereffective|p2a: Gholdengo
|-damage|p2a: Gholdengo|0 fnt
|-enditem|p2a: Gholdengo|Air Balloon
|faint|p2a: Gholdengo
|
|upkeep
|
|t:|1781330074
|switch|p2a: Raging Bolt|Raging Bolt|100/100
|-damage|p2a: Raging Bolt|88/100|[from] Stealth Rock
|-damage|p2a: Raging Bolt|63/100|[from] Spikes
|-enditem|p2a: Raging Bolt|Booster Energy
|-activate|p2a: Raging Bolt|ability: Protosynthesis|[fromitem]
|-start|p2a: Raging Bolt|protosynthesisspa
|turn|21
|
|t:|1781330077
|move|p1a: Scizor|Bullet Punch|p2a: Raging Bolt
|-resisted|p2a: Raging Bolt
|-damage|p2a: Raging Bolt|48/100
|move|p2a: Raging Bolt|Calm Mind|p2a: Raging Bolt
|-boost|p2a: Raging Bolt|spa|1
|-boost|p2a: Raging Bolt|spd|1
|
|upkeep
|turn|22
|
|t:|1781330084
|move|p2a: Raging Bolt|Thunderclap|p1a: Scizor
|-damage|p1a: Scizor|0 fnt
|faint|p1a: Scizor
|
|upkeep
|
|t:|1781330086
|switch|p1a: Great Tusk|Great Tusk|100/100
|turn|23
|
|t:|1781330088
|move|p1a: Great Tusk|Headlong Rush|p2a: Raging Bolt
|-supereffective|p2a: Raging Bolt
|-damage|p2a: Raging Bolt|0 fnt
|-unboost|p1a: Great Tusk|def|1
|-unboost|p1a: Great Tusk|spd|1
|faint|p2a: Raging Bolt
|-end|p2a: Raging Bolt|Protosynthesis|[silent]
|
|win|ayerbe
|raw|ayerbe's rating: 1603 &rarr; <strong>1627</strong><br />(+24 for winning)
|raw|seven-iwnl's rating: 1668 &rarr; <strong>1644</strong><br />(-24 for losing)
|l|☆seven-iwnl
|player|p2|
|l|‽ayerbe
|player|p1|
