|j|☆altyWIN
|j|☆lianxiaonian
|t:|1781503602
|gametype|singles
|player|p1|altyWIN|backpacker|1560
|player|p2|lianxiaonian|cynthia-gen4|1642
|gen|9
|tier|[Gen 9] OU
|rated|
|rule|HP Percentage Mod: HP is shown in percentages
|rule|Endless Battle Clause: Forcing endless battles is banned
|rule|Species Clause: Limit one of each Pokémon
|rule|OHKO Clause: OHKO moves are banned
|rule|Evasion Items Clause: Evasion items are banned
|rule|Evasion Moves Clause: Evasion moves are banned
|rule|Evasion Abilities Clause: Evasion abilities are banned
|rule|Sleep Moves Clause: Sleep-inducing moves are banned
|clearpoke
|poke|p1|Excadrill, F|
|poke|p1|Tyranitar, F|
|poke|p1|Hydrapple, M|
|poke|p1|Alomomola, L99, F|
|poke|p1|Hatterene, F|
|poke|p1|Zapdos|
|poke|p2|Talonflame, F|
|poke|p2|Pelipper, M|
|poke|p2|Hatterene, F|
|poke|p2|Raging Bolt|
|poke|p2|Barraskewda, M|
|poke|p2|Iron Treads|
|teampreview
|inactive|Battle timer is ON: inactive players will automatically lose when time's up. (requested by lianxiaonian)
|
|t:|1781503614
|teamsize|p1|6
|teamsize|p2|6
|start
|switch|p1a: FreeCaneMerchant|Zapdos|100/100
|switch|p2a: 工具象|Iron Treads|100/100
|-item|p2a: 工具象|Air Balloon
|turn|1
|
|t:|1781503624
|switch|p1a: Cardi B|Alomomola, L99, F|100/100
|move|p2a: 工具象|Ice Spinner|p1a: Cardi B
|-resisted|p1a: Cardi B
|-damage|p1a: Cardi B|93/100
|
|upkeep
|turn|2
|
|t:|1781503630
|-end|p2a: 工具象|Quark Drive|[silent]
|switch|p2a: 雷电士兵|Raging Bolt|100/100
|move|p1a: Cardi B|Flip Turn|p2a: 雷电士兵
|-resisted|p2a: 雷电士兵
|-damage|p2a: 雷电士兵|94/100
|
|t:|1781503633
|switch|p1a: Childinthemines|Excadrill, F|100/100|[from] Flip Turn
|
|upkeep
|turn|3
|c|☆altyWIN|zhongwen?
|inactive|altyWIN has 120 seconds left.
|
|t:|1781503663
|-end|p2a: 雷电士兵|Protosynthesis|[silent]
|switch|p2a: Pelipper|Pelipper, M, shiny|100/100
|-weather|RainDance|[from] ability: Drizzle|[of] p2a: Pelipper
|move|p1a: Childinthemines|Rock Slide|p2a: Pelipper
|-supereffective|p2a: Pelipper
|-damage|p2a: Pelipper|39/100
|
|-weather|RainDance|[upkeep]
|upkeep
|turn|4
|inactive|altyWIN has 120 seconds left.
|c|☆lianxiaonian|yes
|
|t:|1781503684
|switch|p1a: Cardi B|Alomomola, L99, F|100/100
|switch|p2a: 工具帽|Hatterene, F, shiny|100/100
|
|-weather|RainDance|[upkeep]
|upkeep
|turn|5
|c|☆altyWIN|ni shi wo de pengyou
|inactive|altyWIN has 120 seconds left.
|
|t:|1781503695
|move|p1a: Cardi B|Flip Turn|p2a: 工具帽
|-damage|p2a: 工具帽|78/100
|-enditem|p2a: 工具帽|Eject Button
|c|☆lianxiaonian|👍🏻👍🏻👍🏻
|
|t:|1781503707
|switch|p2a: 雷电士兵|Raging Bolt|94/100
|
|-weather|RainDance|[upkeep]
|upkeep
|turn|6
|c|☆altyWIN|:(
|c|☆altyWIN|bu shi?
|inactive|altyWIN has 120 seconds left.
|c|☆altyWIN|bu shi ma
|
|t:|1781503729
|switch|p1a: Childinthemines|Excadrill, F|100/100
|move|p2a: 雷电士兵|Volt Switch|p1a: Childinthemines
|-immune|p1a: Childinthemines
|
|-weather|RainDance|[upkeep]
|upkeep
|turn|7
|inactive|altyWIN has 120 seconds left.
|
|t:|1781503737
|move|p1a: Childinthemines|Earthquake|p2a: 雷电士兵
|-supereffective|p2a: 雷电士兵
|-damage|p2a: 雷电士兵|0 fnt
|faint|p2a: 雷电士兵
|-end|p2a: 雷电士兵|Protosynthesis|[silent]
|
|-weather|RainDance|[upkeep]
|upkeep
|c|☆lianxiaonian|shi
|
|t:|1781503745
|switch|p2a: 最快的男人|Barraskewda, M, shiny|100/100
|turn|8
|c|☆altyWIN|hao hao
|
|t:|1781503757
|switch|p1a: Hydrippy|Hydrapple, M|100/100
|move|p2a: 最快的男人|Flip Turn|p1a: Hydrippy
|-resisted|p1a: Hydrippy
|-damage|p1a: Hydrippy|91/100
|
|t:|1781503759
|switch|p2a: 疾风之翼！|Talonflame, F, shiny|100/100|[from] Flip Turn
|
|-weather|RainDance|[upkeep]
|upkeep
|turn|9
|c|☆altyWIN|ni zai nali
|inactive|altyWIN has 120 seconds left.
|
|t:|1781503789
|switch|p1a: Cardi B|Alomomola, L99, F|100/100
|move|p2a: 疾风之翼！|U-turn|p1a: Cardi B
|-damage|p1a: Cardi B|93/100
|c|☆altyWIN|what province
|c|☆lianxiaonian|Guangdong
|inactive|lianxiaonian has 120 seconds left.
|
|t:|1781503825
|switch|p2a: 工具帽|Hatterene, F, shiny|78/100|[from] U-turn
|
|-weather|RainDance|[upkeep]
|upkeep
|turn|10
|inactive|altyWIN has 120 seconds left.
|c|☆altyWIN|oo
|c|☆altyWIN|cantonese?
|
|t:|1781503848
|move|p1a: Cardi B|Flip Turn|p2a: 工具帽
|-crit|p2a: 工具帽
|-damage|p2a: 工具帽|46/100
|
|t:|1781503855
|switch|p1a: Hydrippy|Hydrapple, M|100/100|[from] Flip Turn
|move|p2a: 工具帽|Nuzzle|p1a: Hydrippy
|-resisted|p1a: Hydrippy
|-damage|p1a: Hydrippy|99/100
|-status|p1a: Hydrippy|par
|
|-weather|none
|upkeep
|turn|11
|c|☆lianxiaonian|I can't
|
|t:|1781503872
|cant|p1a: Hydrippy|par
|move|p2a: 工具帽|Dazzling Gleam|p1a: Hydrippy
|-supereffective|p1a: Hydrippy
|-damage|p1a: Hydrippy|23/100 par
|
|upkeep
|turn|12
|
|t:|1781503880
|switch|p1a: Childinthemines|Excadrill, F|100/100
|move|p2a: 工具帽|Dazzling Gleam|p1a: Childinthemines
|-resisted|p1a: Childinthemines
|-damage|p1a: Childinthemines|77/100
|
|upkeep
|turn|13
|
|t:|1781503895
|move|p1a: Childinthemines|Iron Head|p2a: 工具帽
|-supereffective|p2a: 工具帽
|-damage|p2a: 工具帽|0 fnt
|faint|p2a: 工具帽
|
|upkeep
|
|t:|1781503901
|switch|p2a: 最快的男人|Barraskewda, M, shiny|100/100
|turn|14
|
|t:|1781503910
|switch|p1a: Cardi B|Alomomola, L99, F|100/100
|move|p2a: 最快的男人|Flip Turn|p1a: Cardi B
|-resisted|p1a: Cardi B
|-damage|p1a: Cardi B|87/100
|
|t:|1781503912
|switch|p2a: Pelipper|Pelipper, M, shiny|39/100|[from] Flip Turn
|-weather|RainDance|[from] ability: Drizzle|[of] p2a: Pelipper
|
|-weather|RainDance|[upkeep]
|upkeep
|turn|15
|
|t:|1781503921
|move|p2a: Pelipper|U-turn|p1a: Cardi B
|-damage|p1a: Cardi B|82/100
|
|t:|1781503923
|switch|p2a: 最快的男人|Barraskewda, M, shiny|100/100|[from] U-turn
|move|p1a: Cardi B|Flip Turn|p2a: 最快的男人
|-resisted|p2a: 最快的男人
|-damage|p2a: 最快的男人|79/100
|
|t:|1781503935
|switch|p1a: Hydrippy|Hydrapple, M|56/100 par|[from] Flip Turn
|
|-weather|RainDance|[upkeep]
|upkeep
|turn|16
|
|t:|1781503938
|move|p2a: 最快的男人|Close Combat|p1a: Hydrippy
|-damage|p1a: Hydrippy|23/100 par
|-unboost|p2a: 最快的男人|def|1
|-unboost|p2a: 最快的男人|spd|1
|move|p1a: Hydrippy|Giga Drain|p2a: 最快的男人
|-supereffective|p2a: 最快的男人
|-damage|p2a: 最快的男人|0 fnt
|-heal|p1a: Hydrippy|47/100 par|[from] drain|[of] p2a: 最快的男人
|faint|p2a: 最快的男人
|
|-weather|RainDance|[upkeep]
|upkeep
|
|t:|1781503942
|switch|p2a: 疾风之翼！|Talonflame, F, shiny|100/100
|turn|17
|
|t:|1781503949
|switch|p1a: Cardi B|Alomomola, L99, F|100/100
|move|p2a: 疾风之翼！|Hurricane|p1a: Cardi B
|-damage|p1a: Cardi B|19/100
|
|-weather|RainDance|[upkeep]
|upkeep
|turn|18
|
|t:|1781503974
|switch|p2a: 工具象|Iron Treads|100/100
|-item|p2a: 工具象|Air Balloon
|switch|p1a: Goatyranny|Tyranitar, F|100/100
|-weather|Sandstorm|[from] ability: Sand Stream|[of] p1a: Goatyranny
|
|-weather|Sandstorm|[upkeep]
|upkeep
|turn|19
|
|t:|1781503986
|-terastallize|p1a: Goatyranny|Ghost
|move|p2a: 工具象|Earthquake|p1a: Goatyranny
|-damage|p1a: Goatyranny|52/100
|move|p1a: Goatyranny|Low Kick|p2a: 工具象
|-supereffective|p2a: 工具象
|-crit|p2a: 工具象
|-damage|p2a: 工具象|0 fnt
|-enditem|p2a: 工具象|Air Balloon
|faint|p2a: 工具象
|-end|p2a: 工具象|Quark Drive|[silent]
|
|-weather|Sandstorm|[upkeep]
|-damage|p1a: Goatyranny|46/100|[from] Sandstorm
|upkeep
|
|t:|1781503991
|switch|p2a: Pelipper|Pelipper, M, shiny|39/100
|-weather|RainDance|[from] ability: Drizzle|[of] p2a: Pelipper
|turn|20
|
|t:|1781504012
|switch|p1a: FreeCaneMerchant|Zapdos|100/100
|move|p2a: Pelipper|U-turn|p1a: FreeCaneMerchant
|-resisted|p1a: FreeCaneMerchant
|-damage|p1a: FreeCaneMerchant|95/100
|-status|p2a: Pelipper|par|[from] ability: Static|[of] p1a: FreeCaneMerchant
|
|t:|1781504015
|switch|p2a: 疾风之翼！|Talonflame, F, shiny|100/100|[from] U-turn
|
|-weather|RainDance|[upkeep]
|upkeep
|turn|21
|
|t:|1781504020
|-terastallize|p2a: 疾风之翼！|Flying
|move|p2a: 疾风之翼！|Hurricane|p1a: FreeCaneMerchant
|-resisted|p1a: FreeCaneMerchant
|-crit|p1a: FreeCaneMerchant
|-damage|p1a: FreeCaneMerchant|20/100
|move|p1a: FreeCaneMerchant|Thunderbolt|p2a: 疾风之翼！
|-supereffective|p2a: 疾风之翼！
|-damage|p2a: 疾风之翼！|0 fnt
|faint|p2a: 疾风之翼！
|
|-weather|RainDance|[upkeep]
|upkeep
|
|t:|1781504028
|switch|p2a: Pelipper|Pelipper, M, shiny|39/100 par
|turn|22
|c|☆altyWIN|gg
|c|☆altyWIN|wo de pengyou
|c|☆altyWIN|duo xie
|
|t:|1781504038
|move|p1a: FreeCaneMerchant|Thunderbolt|p2a: Pelipper
|-supereffective|p2a: Pelipper
|-damage|p2a: Pelipper|0 fnt
|faint|p2a: Pelipper
|
|win|altyWIN
|raw|altyWIN's rating: 1560 &rarr; <strong>1585</strong><br />(+25 for winning)
|raw|lianxiaonian's rating: 1642 &rarr; <strong>1617</strong><br />(-25 for losing)
|l|☆lianxiaonian
|player|p2|
|l|☆altyWIN
|player|p1|
