|j|☆praveenkumart236
|j|☆smokesniper3
|t:|1781424769
|gametype|singles
|player|p1|praveenkumart236|1|1535
|player|p2|smokesniper3|veteran|1534
|gen|9
|tier|[Gen 9] OU
|rated|
|rule|HP Percentage Mod: HP is shown in percentages
|rule|Endless Battle Clause: Forcing endless battles is banned
|rule|Species Clause: Limit one of each Pokémon
|rule|OHKO Clause: OHKO moves are banned
|rule|Evasion Items Clause: Evasion items are banned
|rule|Evasion Moves Clause: Evasion moves are banned
|rule|Evasion Abilities Clause: Evasion abilities are banned
|rule|Sleep Moves Clause: Sleep-inducing moves are banned
|clearpoke
|poke|p1|Pincurchin, M|
|poke|p1|Pawmot, M|
|poke|p1|Iron Valiant|
|poke|p1|Raging Bolt|
|poke|p1|Iron Treads|
|poke|p1|Iron Moth|
|poke|p2|Great Tusk|
|poke|p2|Walking Wake|
|poke|p2|Kingambit, M|
|poke|p2|Ninetales, F|
|poke|p2|Raging Bolt|
|poke|p2|Scovillain, F|
|teampreview
|inactive|Battle timer is ON: inactive players will automatically lose when time's up. (requested by praveenkumart236)
|
|t:|1781424782
|teamsize|p1|6
|teamsize|p2|6
|start
|switch|p1a: Pincurchin|Pincurchin, M|100/100
|switch|p2a: Ninetales|Ninetales, F|100/100
|-weather|SunnyDay|[from] ability: Drought|[of] p2a: Ninetales
|-fieldstart|move: Electric Terrain|[from] ability: Electric Surge|[of] p1a: Pincurchin
|turn|1
|
|t:|1781424799
|switch|p2a: Great Tusk|Great Tusk|100/100
|-activate|p2a: Great Tusk|ability: Protosynthesis
|-start|p2a: Great Tusk|protosynthesisatk
|switch|p1a: Iron Moth|Iron Moth|100/100
|-item|p1a: Iron Moth|Air Balloon
|-activate|p1a: Iron Moth|ability: Quark Drive
|-start|p1a: Iron Moth|quarkdrivespa
|
|-weather|SunnyDay|[upkeep]
|upkeep
|turn|2
|
|t:|1781424821
|-terastallize|p2a: Great Tusk|Water
|move|p1a: Iron Moth|Sludge Wave|p2a: Great Tusk
|-damage|p2a: Great Tusk|38/100
|move|p2a: Great Tusk|Rapid Spin|p1a: Iron Moth
|-damage|p1a: Iron Moth|61/100
|-boost|p2a: Great Tusk|spe|1
|-enditem|p1a: Iron Moth|Air Balloon
|
|-weather|SunnyDay|[upkeep]
|upkeep
|turn|3
|inactive|praveenkumart236 has 120 seconds left.
|inactive|praveenkumart236 has 90 seconds left.
|
|t:|1781424886
|move|p2a: Great Tusk|Headlong Rush|p1a: Iron Moth
|-supereffective|p1a: Iron Moth
|-damage|p1a: Iron Moth|0 fnt
|-unboost|p2a: Great Tusk|def|1
|-unboost|p2a: Great Tusk|spd|1
|faint|p1a: Iron Moth
|-end|p1a: Iron Moth|Quark Drive|[silent]
|
|-weather|SunnyDay|[upkeep]
|upkeep
|
|t:|1781424906
|switch|p1a: Iron Valiant|Iron Valiant|100/100
|-activate|p1a: Iron Valiant|ability: Quark Drive
|-start|p1a: Iron Valiant|quarkdrivespe
|turn|4
|
|t:|1781424921
|-end|p2a: Great Tusk|Protosynthesis|[silent]
|switch|p2a: Scovillain|Scovillain, F|100/100
|move|p1a: Iron Valiant|Close Combat|p2a: Scovillain
|-damage|p2a: Scovillain|0 fnt
|-unboost|p1a: Iron Valiant|def|1
|-unboost|p1a: Iron Valiant|spd|1
|faint|p2a: Scovillain
|-damage|p1a: Iron Valiant|90/100|[from] item: Life Orb
|
|-weather|SunnyDay|[upkeep]
|upkeep
|inactive|smokesniper3 has 120 seconds left.
|
|t:|1781424946
|switch|p2a: Ninetales|Ninetales, F|100/100
|turn|5
|
|t:|1781424956
|-end|p1a: Iron Valiant|Quark Drive|[silent]
|switch|p1a: Raging Bolt|Raging Bolt|100/100
|-enditem|p1a: Raging Bolt|Electric Seed
|-boost|p1a: Raging Bolt|def|1|[from] item: Electric Seed
|-activate|p1a: Raging Bolt|ability: Protosynthesis
|-start|p1a: Raging Bolt|protosynthesisspa
|move|p2a: Ninetales|Weather Ball|p1a: Raging Bolt
|-resisted|p1a: Raging Bolt
|-damage|p1a: Raging Bolt|83/100
|
|-weather|SunnyDay|[upkeep]
|upkeep
|turn|6
|inactive|smokesniper3 has 120 seconds left.
|
|t:|1781424974
|switch|p2a: Raging Bolt|Raging Bolt|100/100
|-item|p2a: Raging Bolt|Air Balloon
|-activate|p2a: Raging Bolt|ability: Protosynthesis
|-start|p2a: Raging Bolt|protosynthesisspa
|move|p1a: Raging Bolt|Calm Mind|p1a: Raging Bolt
|-boost|p1a: Raging Bolt|spa|1
|-boost|p1a: Raging Bolt|spd|1
|
|-weather|SunnyDay|[upkeep]
|upkeep
|turn|7
|
|t:|1781424987
|move|p2a: Raging Bolt|Dragon Pulse|p1a: Raging Bolt
|-supereffective|p1a: Raging Bolt
|-damage|p1a: Raging Bolt|5/100
|move|p1a: Raging Bolt|Dragon Pulse|p2a: Raging Bolt
|-supereffective|p2a: Raging Bolt
|-damage|p2a: Raging Bolt|0 fnt
|-enditem|p2a: Raging Bolt|Air Balloon
|faint|p2a: Raging Bolt
|-end|p2a: Raging Bolt|Protosynthesis|[silent]
|
|-weather|SunnyDay|[upkeep]
|upkeep
|inactive|smokesniper3 has 120 seconds left.
|
|t:|1781424998
|switch|p2a: Walking Wake|Walking Wake|100/100
|-activate|p2a: Walking Wake|ability: Protosynthesis
|-start|p2a: Walking Wake|protosynthesisspe
|turn|8
|
|t:|1781425005
|move|p1a: Raging Bolt|Thunderclap|p2a: Walking Wake
|-damage|p2a: Walking Wake|0 fnt
|faint|p2a: Walking Wake
|-end|p2a: Walking Wake|Protosynthesis|[silent]
|
|-weather|none
|-end|p1a: Raging Bolt|Protosynthesis
|-fieldend|move: Electric Terrain
|upkeep
|inactive|smokesniper3 has 120 seconds left.
|-message|smokesniper3 forfeited.
|
|win|praveenkumart236
|raw|praveenkumart236's rating: 1535 &rarr; <strong>1555</strong><br />(+20 for winning)
|raw|smokesniper3's rating: 1534 &rarr; <strong>1514</strong><br />(-20 for losing)
|l|☆smokesniper3
|player|p2|
|l|☆praveenkumart236
|player|p1|
