|j|☆SofteLocke
|j|☆temporarylight
|t:|1781570522
|gametype|singles
|player|p1|SofteLocke|101|1651
|player|p2|temporarylight|jogger|1743
|gen|9
|tier|[Gen 9] OU
|rated|
|rule|HP Percentage Mod: HP is shown in percentages
|rule|Endless Battle Clause: Forcing endless battles is banned
|rule|Species Clause: Limit one of each Pokémon
|rule|OHKO Clause: OHKO moves are banned
|rule|Evasion Items Clause: Evasion items are banned
|rule|Evasion Moves Clause: Evasion moves are banned
|rule|Evasion Abilities Clause: Evasion abilities are banned
|rule|Sleep Moves Clause: Sleep-inducing moves are banned
|clearpoke
|poke|p1|Torkoal, M|
|poke|p1|Walking Wake|
|poke|p1|Great Tusk|
|poke|p1|Hatterene, F|
|poke|p1|Ceruledge, F|
|poke|p1|Raging Bolt|
|poke|p2|Serperior, F|
|poke|p2|Heatran, M|
|poke|p2|Ting-Lu|
|poke|p2|Zamazenta-*|
|poke|p2|Gliscor, F|
|poke|p2|Pecharunt|
|teampreview
|
|t:|1781570552
|teamsize|p1|6
|teamsize|p2|6
|start
|switch|p1a: Torkoal|Torkoal, M|100/100
|switch|p2a: Ting-Lu|Ting-Lu|100/100
|-ability|p2a: Ting-Lu|Vessel of Ruin
|-weather|SunnyDay|[from] ability: Drought|[of] p1a: Torkoal
|turn|1
|
|t:|1781570557
|switch|p1a: Hatterene|Hatterene, F|100/100
|move|p2a: Ting-Lu|Ruination|p1a: Hatterene
|-damage|p1a: Hatterene|50/100
|-enditem|p1a: Hatterene|Eject Button
|
|t:|1781570561
|switch|p1a: Walking Wake|Walking Wake|100/100
|-activate|p1a: Walking Wake|ability: Protosynthesis
|-start|p1a: Walking Wake|protosynthesisspe
|
|-weather|SunnyDay|[upkeep]
|upkeep
|turn|2
|
|t:|1781570564
|-end|p1a: Walking Wake|Protosynthesis|[silent]
|switch|p1a: Hatterene|Hatterene, F|50/100
|switch|p2a: Serperior|Serperior, F|100/100
|
|-weather|SunnyDay|[upkeep]
|upkeep
|turn|3
|
|t:|1781570568
|move|p2a: Serperior|Leaf Storm|p1a: Hatterene
|-damage|p1a: Hatterene|13/100
|-boost|p2a: Serperior|spa|2
|move|p1a: Hatterene|Nuzzle|p2a: Serperior
|-resisted|p2a: Serperior
|-crit|p2a: Serperior
|-damage|p2a: Serperior|98/100
|-status|p2a: Serperior|par
|
|-weather|SunnyDay|[upkeep]
|upkeep
|turn|4
|
|t:|1781570575
|switch|p1a: Raging Bolt|Raging Bolt|100/100
|-activate|p1a: Raging Bolt|ability: Protosynthesis
|-start|p1a: Raging Bolt|protosynthesisspa
|cant|p2a: Serperior|par
|
|-weather|SunnyDay|[upkeep]
|upkeep
|turn|5
|
|t:|1781570579
|move|p1a: Raging Bolt|Weather Ball|p2a: Serperior
|-supereffective|p2a: Serperior
|-damage|p2a: Serperior|0 fnt
|faint|p2a: Serperior
|
|-weather|SunnyDay|[upkeep]
|upkeep
|
|t:|1781570581
|switch|p2a: Heatran|Heatran, M|100/100
|turn|6
|
|t:|1781570585
|-end|p1a: Raging Bolt|Protosynthesis|[silent]
|switch|p1a: Hatterene|Hatterene, F|13/100
|move|p2a: Heatran|Stealth Rock|p1a: Hatterene
|move|p1a: Hatterene|Stealth Rock|p2a: Heatran|[from] ability: Magic Bounce
|-sidestart|p2: temporarylight|move: Stealth Rock
|
|-weather|SunnyDay|[upkeep]
|upkeep
|turn|7
|
|t:|1781570588
|move|p2a: Heatran|Magma Storm|p1a: Hatterene|[miss]
|-miss|p2a: Heatran|p1a: Hatterene
|move|p1a: Hatterene|Pain Split|p2a: Heatran
|-sethp|p2a: Heatran|55/100|[from] move: Pain Split|[silent]
|-sethp|p1a: Hatterene|67/100|[from] move: Pain Split
|
|-weather|SunnyDay|[upkeep]
|-heal|p2a: Heatran|62/100|[from] item: Leftovers
|upkeep
|turn|8
|
|t:|1781570590
|switch|p1a: Walking Wake|Walking Wake|100/100
|-activate|p1a: Walking Wake|ability: Protosynthesis
|-start|p1a: Walking Wake|protosynthesisspe
|move|p2a: Heatran|Magma Storm|p1a: Walking Wake
|-resisted|p1a: Walking Wake
|-damage|p1a: Walking Wake|83/100
|-activate|p1a: Walking Wake|move: Magma Storm|[of] p2a: Heatran
|
|-weather|none
|-end|p1a: Walking Wake|Protosynthesis
|-heal|p2a: Heatran|68/100|[from] item: Leftovers
|-damage|p1a: Walking Wake|71/100|[from] move: Magma Storm|[partiallytrapped]
|upkeep
|turn|9
|
|t:|1781570605
|move|p1a: Walking Wake|Hydro Steam|p2a: Heatran
|-supereffective|p2a: Heatran
|-damage|p2a: Heatran|7/100
|move|p2a: Heatran|Stealth Rock|p1a: Walking Wake
|-sidestart|p1: SofteLocke|move: Stealth Rock
|
|-heal|p2a: Heatran|13/100|[from] item: Leftovers
|-damage|p1a: Walking Wake|58/100|[from] move: Magma Storm|[partiallytrapped]
|upkeep
|turn|10
|
|t:|1781570616
|move|p1a: Walking Wake|Hydro Steam|p2a: Heatran
|-supereffective|p2a: Heatran
|-damage|p2a: Heatran|0 fnt
|faint|p2a: Heatran
|
|-end|p1a: Walking Wake|Magma Storm|[partiallytrapped]|[silent]
|upkeep
|
|t:|1781570642
|switch|p2a: Ting-Lu|Ting-Lu|100/100
|-damage|p2a: Ting-Lu|94/100|[from] Stealth Rock
|-ability|p2a: Ting-Lu|Vessel of Ruin
|turn|11
|
|t:|1781570647
|move|p1a: Walking Wake|Hydro Steam|p2a: Ting-Lu
|-supereffective|p2a: Ting-Lu
|-damage|p2a: Ting-Lu|57/100
|move|p2a: Ting-Lu|Earthquake|p1a: Walking Wake
|-damage|p1a: Walking Wake|19/100
|
|-heal|p2a: Ting-Lu|63/100|[from] item: Leftovers
|upkeep
|turn|12
|
|t:|1781570655
|-end|p1a: Walking Wake|Protosynthesis|[silent]
|switch|p1a: Torkoal|Torkoal, M|100/100
|-damage|p1a: Torkoal|76/100|[from] Stealth Rock
|-weather|SunnyDay|[from] ability: Drought|[of] p1a: Torkoal
|move|p2a: Ting-Lu|Earthquake|p1a: Torkoal
|-supereffective|p1a: Torkoal
|-damage|p1a: Torkoal|37/100
|
|-weather|SunnyDay|[upkeep]
|-heal|p2a: Ting-Lu|69/100|[from] item: Leftovers
|upkeep
|turn|13
|
|t:|1781570658
|move|p2a: Ting-Lu|Earthquake|p1a: Torkoal
|-supereffective|p1a: Torkoal
|-damage|p1a: Torkoal|0 fnt
|faint|p1a: Torkoal
|
|-weather|SunnyDay|[upkeep]
|-heal|p2a: Ting-Lu|76/100|[from] item: Leftovers
|upkeep
|
|t:|1781570660
|switch|p1a: Hatterene|Hatterene, F|67/100
|-damage|p1a: Hatterene|55/100|[from] Stealth Rock
|turn|14
|
|t:|1781570666
|switch|p2a: Pecharunt|Pecharunt|100/100
|move|p1a: Hatterene|Pain Split|p2a: Pecharunt
|-sethp|p2a: Pecharunt|78/100|[from] move: Pain Split|[silent]
|-sethp|p1a: Hatterene|78/100|[from] move: Pain Split
|
|-weather|SunnyDay|[upkeep]
|upkeep
|turn|15
|
|t:|1781570670
|move|p2a: Pecharunt|Malignant Chain|p1a: Hatterene
|-supereffective|p1a: Hatterene
|-damage|p1a: Hatterene|0 fnt
|faint|p1a: Hatterene
|
|-weather|SunnyDay|[upkeep]
|upkeep
|
|t:|1781570676
|switch|p1a: Walking Wake|Walking Wake|19/100
|-damage|p1a: Walking Wake|7/100|[from] Stealth Rock
|-activate|p1a: Walking Wake|ability: Protosynthesis
|-start|p1a: Walking Wake|protosynthesisspe
|turn|16
|
|t:|1781570702
|switch|p2a: Ting-Lu|Ting-Lu|76/100
|-damage|p2a: Ting-Lu|69/100|[from] Stealth Rock
|-ability|p2a: Ting-Lu|Vessel of Ruin
|move|p1a: Walking Wake|Hydro Steam|p2a: Ting-Lu
|-supereffective|p2a: Ting-Lu
|-damage|p2a: Ting-Lu|17/100
|
|-weather|SunnyDay|[upkeep]
|-heal|p2a: Ting-Lu|23/100|[from] item: Leftovers
|upkeep
|turn|17
|
|t:|1781570737
|-terastallize|p2a: Ting-Lu|Water
|move|p1a: Walking Wake|Hydro Steam|p2a: Ting-Lu
|-resisted|p2a: Ting-Lu
|-damage|p2a: Ting-Lu|9/100
|move|p2a: Ting-Lu|Ruination|p1a: Walking Wake
|-damage|p1a: Walking Wake|4/100
|
|-weather|SunnyDay|[upkeep]
|-heal|p2a: Ting-Lu|15/100|[from] item: Leftovers
|upkeep
|turn|18
|
|t:|1781570747
|move|p1a: Walking Wake|Dragon Pulse|p2a: Ting-Lu
|-damage|p2a: Ting-Lu|0 fnt
|faint|p2a: Ting-Lu
|
|-weather|SunnyDay|[upkeep]
|upkeep
|
|t:|1781570754
|switch|p2a: Zamazenta|Zamazenta|100/100
|-damage|p2a: Zamazenta|94/100|[from] Stealth Rock
|-ability|p2a: Zamazenta|Dauntless Shield|boost
|-boost|p2a: Zamazenta|def|1
|turn|19
|
|t:|1781570759
|move|p1a: Walking Wake|Hydro Steam|p2a: Zamazenta
|-damage|p2a: Zamazenta|27/100
|move|p2a: Zamazenta|Iron Defense|p2a: Zamazenta
|-boost|p2a: Zamazenta|def|2
|
|-weather|none
|-end|p1a: Walking Wake|Protosynthesis
|-heal|p2a: Zamazenta|33/100|[from] item: Leftovers
|upkeep
|turn|20
|
|t:|1781570764
|move|p2a: Zamazenta|Crunch|p1a: Walking Wake
|-damage|p1a: Walking Wake|0 fnt
|faint|p1a: Walking Wake
|-end|p1a: Walking Wake|Protosynthesis|[silent]
|
|-heal|p2a: Zamazenta|39/100|[from] item: Leftovers
|upkeep
|
|t:|1781570777
|switch|p1a: Raging Bolt|Raging Bolt|100/100
|-damage|p1a: Raging Bolt|88/100|[from] Stealth Rock
|turn|21
|
|t:|1781570784
|move|p2a: Zamazenta|Body Press|p1a: Raging Bolt
|-damage|p1a: Raging Bolt|0 fnt
|faint|p1a: Raging Bolt
|-end|p1a: Raging Bolt|Protosynthesis|[silent]
|
|-heal|p2a: Zamazenta|45/100|[from] item: Leftovers
|upkeep
|-message|SofteLocke forfeited.
|
|win|temporarylight
|raw|SofteLocke's rating: 1651 &rarr; <strong>1636</strong><br />(-15 for losing)
|raw|temporarylight's rating: 1743 &rarr; <strong>1758</strong><br />(+15 for winning)
|l|☆SofteLocke
|player|p1|
|l|☆temporarylight
|player|p2|
