|j|☆jonuz
|j|☆Dillnchill
|t:|1781412741
|gametype|singles
|player|p1|jonuz|265|1638
|player|p2|Dillnchill|roxie|1537
|gen|9
|tier|[Gen 9] OU
|rated|
|rule|HP Percentage Mod: HP is shown in percentages
|rule|Endless Battle Clause: Forcing endless battles is banned
|rule|Species Clause: Limit one of each Pokémon
|rule|OHKO Clause: OHKO moves are banned
|rule|Evasion Items Clause: Evasion items are banned
|rule|Evasion Moves Clause: Evasion moves are banned
|rule|Evasion Abilities Clause: Evasion abilities are banned
|rule|Sleep Moves Clause: Sleep-inducing moves are banned
|clearpoke
|poke|p1|Great Tusk|
|poke|p1|Meowscarada, M|
|poke|p1|Cinderace, F|
|poke|p1|Slowking-Galar, F|
|poke|p1|Primarina, F|
|poke|p1|Tornadus-Therian, M|
|poke|p2|Dragonite, M|
|poke|p2|Zamazenta-*|
|poke|p2|Gholdengo|
|poke|p2|Gliscor, F|
|poke|p2|Clefable, M|
|poke|p2|Samurott-Hisui, M|
|teampreview
|inactive|Battle timer is ON: inactive players will automatically lose when time's up. (requested by Dillnchill)
|
|t:|1781412761
|teamsize|p1|6
|teamsize|p2|6
|start
|switch|p1a: Meowscarada|Meowscarada, M|100/100
|switch|p2a: Clefable|Clefable, M|100/100
|turn|1
|
|t:|1781412769
|move|p1a: Meowscarada|Flower Trick|p2a: Clefable
|-start|p1a: Meowscarada|typechange|Grass|[from] ability: Protean
|-crit|p2a: Clefable
|-damage|p2a: Clefable|46/100
|move|p2a: Clefable|Stealth Rock|p1a: Meowscarada
|-sidestart|p1: jonuz|move: Stealth Rock
|
|upkeep
|turn|2
|
|t:|1781412779
|switch|p2a: Gholdengo|Gholdengo|100/100
|move|p1a: Meowscarada|Flower Trick|p2a: Gholdengo
|-resisted|p2a: Gholdengo
|-crit|p2a: Gholdengo
|-damage|p2a: Gholdengo|60/100
|
|upkeep
|turn|3
|
|t:|1781412787
|switch|p1a: Cinderace|Cinderace, F|100/100
|move|p2a: Gholdengo|Shadow Ball|p1a: Cinderace
|-damage|p1a: Cinderace|45/100
|
|upkeep
|turn|4
|
|t:|1781412800
|move|p2a: Gholdengo|Shadow Ball|p1a: Cinderace
|-damage|p1a: Cinderace|0 fnt
|faint|p1a: Cinderace
|
|upkeep
|
|t:|1781412809
|switch|p1a: Great Tusk|Great Tusk|100/100
|-damage|p1a: Great Tusk|98/100|[from] Stealth Rock
|turn|5
|
|t:|1781412818
|switch|p2a: Clefable|Clefable, M|46/100
|move|p1a: Great Tusk|Ice Spinner|p2a: Clefable
|-damage|p2a: Clefable|24/100
|-damage|p1a: Great Tusk|81/100|[from] item: Rocky Helmet|[of] p2a: Clefable
|
|upkeep
|turn|6
|
|t:|1781412825
|-end|p1a: Great Tusk|Protosynthesis|[silent]
|switch|p1a: Slowking|Slowking-Galar, F|100/100
|-damage|p1a: Slowking|88/100|[from] Stealth Rock
|move|p2a: Clefable|Moonlight|p2a: Clefable
|-heal|p2a: Clefable|74/100
|
|upkeep
|turn|7
|
|t:|1781412831
|switch|p2a: Samurott|Samurott-Hisui, M|100/100
|move|p1a: Slowking|Future Sight|p2a: Samurott
|-start|p1a: Slowking|move: Future Sight
|
|upkeep
|turn|8
|
|t:|1781412839
|switch|p1a: Meowscarada|Meowscarada, M|100/100
|-damage|p1a: Meowscarada|88/100|[from] Stealth Rock
|move|p2a: Samurott|Knock Off|p1a: Meowscarada
|-resisted|p1a: Meowscarada
|-damage|p1a: Meowscarada|52/100
|-enditem|p1a: Meowscarada|Choice Band|[from] move: Knock Off|[of] p2a: Samurott
|
|upkeep
|turn|9
|inactive|Dillnchill has 120 seconds left.
|
|t:|1781412883
|switch|p2a: Clefable|Clefable, M|74/100
|move|p1a: Meowscarada|Flower Trick|p2a: Clefable
|-start|p1a: Meowscarada|typechange|Grass|[from] ability: Protean
|-crit|p2a: Clefable
|-damage|p2a: Clefable|36/100
|
|-end|p2a: Clefable|move: Future Sight
|-damage|p2a: Clefable|0 fnt
|faint|p2a: Clefable
|upkeep
|
|t:|1781412892
|switch|p2a: Gholdengo|Gholdengo|60/100
|turn|10
|
|t:|1781412901
|switch|p1a: Slowking|Slowking-Galar, F|100/100
|-damage|p1a: Slowking|88/100|[from] Stealth Rock
|move|p2a: Gholdengo|Shadow Ball|p1a: Slowking
|-supereffective|p1a: Slowking
|-damage|p1a: Slowking|23/100
|
|upkeep
|turn|11
|
|t:|1781412905
|move|p2a: Gholdengo|Shadow Ball|p1a: Slowking
|-supereffective|p1a: Slowking
|-damage|p1a: Slowking|0 fnt
|faint|p1a: Slowking
|
|upkeep
|
|t:|1781412912
|switch|p1a: Meowscarada|Meowscarada, M|52/100
|-damage|p1a: Meowscarada|40/100|[from] Stealth Rock
|turn|12
|
|t:|1781412916
|move|p2a: Gholdengo|Shadow Ball|p1a: Meowscarada
|-resisted|p1a: Meowscarada
|-damage|p1a: Meowscarada|9/100
|move|p1a: Meowscarada|Flower Trick|p2a: Gholdengo
|-start|p1a: Meowscarada|typechange|Grass|[from] ability: Protean
|-resisted|p2a: Gholdengo
|-crit|p2a: Gholdengo
|-damage|p2a: Gholdengo|31/100
|
|upkeep
|turn|13
|
|t:|1781412923
|move|p2a: Gholdengo|Shadow Ball|p1a: Meowscarada
|-damage|p1a: Meowscarada|0 fnt
|faint|p1a: Meowscarada
|
|upkeep
|
|t:|1781412924
|switch|p1a: Primarina|Primarina, F|100/100
|-damage|p1a: Primarina|88/100|[from] Stealth Rock
|turn|14
|
|t:|1781412948
|switch|p2a: Dragonite|Dragonite, M|100/100
|move|p1a: Primarina|Moonblast|p2a: Dragonite
|-supereffective|p2a: Dragonite
|-damage|p2a: Dragonite|44/100
|
|upkeep
|turn|15
|
|t:|1781412961
|move|p2a: Dragonite|Extreme Speed|p1a: Primarina
|-damage|p1a: Primarina|45/100
|move|p1a: Primarina|Moonblast|p2a: Dragonite
|-supereffective|p2a: Dragonite
|-damage|p2a: Dragonite|0 fnt
|faint|p2a: Dragonite
|
|upkeep
|
|t:|1781412974
|switch|p2a: Gholdengo|Gholdengo|31/100
|turn|16
|
|t:|1781412979
|move|p2a: Gholdengo|Make It Rain|p1a: Primarina
|-damage|p1a: Primarina|3/100
|-unboost|p2a: Gholdengo|spa|1
|move|p1a: Primarina|Psychic Noise|p2a: Gholdengo
|-damage|p2a: Gholdengo|0 fnt
|faint|p2a: Gholdengo
|
|upkeep
|
|t:|1781412987
|switch|p2a: Samurott|Samurott-Hisui, M|100/100
|turn|17
|
|t:|1781412990
|move|p2a: Samurott|Ceaseless Edge|p1a: Primarina
|-resisted|p1a: Primarina
|-damage|p1a: Primarina|0 fnt
|-sidestart|p1: jonuz|Spikes
|faint|p1a: Primarina
|
|upkeep
|
|t:|1781412993
|switch|p1a: Tornadus|Tornadus-Therian, M|100/100
|-damage|p1a: Tornadus|76/100|[from] Stealth Rock
|turn|18
|
|t:|1781412999
|move|p1a: Tornadus|Nasty Plot|p1a: Tornadus
|-boost|p1a: Tornadus|spa|2
|move|p2a: Samurott|Knock Off|p1a: Tornadus
|-damage|p1a: Tornadus|12/100
|-enditem|p1a: Tornadus|Life Orb|[from] move: Knock Off|[of] p2a: Samurott
|
|upkeep
|turn|19
|
|t:|1781413005
|move|p2a: Samurott|Sucker Punch|p1a: Tornadus
|-damage|p1a: Tornadus|0 fnt
|faint|p1a: Tornadus
|
|upkeep
|-message|jonuz forfeited.
|
|win|Dillnchill
|raw|jonuz's rating: 1638 &rarr; <strong>1612</strong><br />(-26 for losing)
|raw|Dillnchill's rating: 1537 &rarr; <strong>1563</strong><br />(+26 for winning)
|l|☆jonuz
|player|p1|
|l|☆Dillnchill
|player|p2|
