|j|☆2001civic
|j|☆psylxr
|t:|1781445785
|gametype|singles
|player|p1|2001civic|266|1616
|player|p2|psylxr|169|1703
|gen|9
|tier|[Gen 9] OU
|rated|
|rule|HP Percentage Mod: HP is shown in percentages
|rule|Endless Battle Clause: Forcing endless battles is banned
|rule|Species Clause: Limit one of each Pokémon
|rule|OHKO Clause: OHKO moves are banned
|rule|Evasion Items Clause: Evasion items are banned
|rule|Evasion Moves Clause: Evasion moves are banned
|rule|Evasion Abilities Clause: Evasion abilities are banned
|rule|Sleep Moves Clause: Sleep-inducing moves are banned
|clearpoke
|poke|p1|Torkoal, M|
|poke|p1|Great Tusk|
|poke|p1|Walking Wake|
|poke|p1|Kingambit, F|
|poke|p1|Slither Wing|
|poke|p1|Venusaur, F|
|poke|p2|Pelipper, M|
|poke|p2|Raging Bolt|
|poke|p2|Overqwil, F|
|poke|p2|Barraskewda, F|
|poke|p2|Iron Treads|
|poke|p2|Kingambit, F|
|teampreview
|inactive|Battle timer is ON: inactive players will automatically lose when time's up. (requested by psylxr)
|
|t:|1781445796
|teamsize|p1|6
|teamsize|p2|6
|start
|switch|p1a: Walking Wake|Walking Wake|100/100
|switch|p2a: Iron Belly|Iron Treads|100/100
|-enditem|p2a: Iron Belly|Booster Energy
|-activate|p2a: Iron Belly|ability: Quark Drive|[fromitem]
|-start|p2a: Iron Belly|quarkdrivespe
|turn|1
|
|t:|1781445805
|move|p2a: Iron Belly|Earth Power|p1a: Walking Wake
|-damage|p1a: Walking Wake|62/100
|move|p1a: Walking Wake|Hydro Steam|p2a: Iron Belly
|-supereffective|p2a: Iron Belly
|-damage|p2a: Iron Belly|0 fnt
|faint|p2a: Iron Belly
|-end|p2a: Iron Belly|Quark Drive|[silent]
|
|upkeep
|
|t:|1781445822
|switch|p2a: Gulp Gulp|Pelipper, M|100/100
|-weather|RainDance|[from] ability: Drizzle|[of] p2a: Gulp Gulp
|turn|2
|
|t:|1781445834
|move|p1a: Walking Wake|Hydro Steam|p2a: Gulp Gulp
|-resisted|p2a: Gulp Gulp
|-damage|p2a: Gulp Gulp|41/100
|move|p2a: Gulp Gulp|Hurricane|p1a: Walking Wake
|-damage|p1a: Walking Wake|22/100
|
|-weather|RainDance|[upkeep]
|upkeep
|turn|3
|
|t:|1781445846
|switch|p2a: Raging Neck|Raging Bolt|100/100
|-enditem|p2a: Raging Neck|Booster Energy
|-activate|p2a: Raging Neck|ability: Protosynthesis|[fromitem]
|-start|p2a: Raging Neck|protosynthesisspa
|move|p1a: Walking Wake|Hydro Steam|p2a: Raging Neck
|-resisted|p2a: Raging Neck
|-damage|p2a: Raging Neck|58/100
|
|-weather|RainDance|[upkeep]
|upkeep
|turn|4
|
|t:|1781445859
|move|p2a: Raging Neck|Thunderclap|p1a: Walking Wake
|-damage|p1a: Walking Wake|0 fnt
|faint|p1a: Walking Wake
|-end|p1a: Walking Wake|Protosynthesis|[silent]
|
|-weather|RainDance|[upkeep]
|upkeep
|
|t:|1781445868
|switch|p1a: Slither Wing|Slither Wing|100/100
|turn|5
|
|t:|1781445889
|-end|p2a: Raging Neck|Protosynthesis|[silent]
|switch|p2a: Gulp Gulp|Pelipper, M|41/100
|move|p1a: Slither Wing|Close Combat|p2a: Gulp Gulp
|-resisted|p2a: Gulp Gulp
|-damage|p2a: Gulp Gulp|4/100
|-unboost|p1a: Slither Wing|def|1
|-unboost|p1a: Slither Wing|spd|1
|
|-weather|RainDance|[upkeep]
|upkeep
|turn|6
|inactive|psylxr has 120 seconds left.
|
|t:|1781445921
|switch|p2a: Raging Neck|Raging Bolt|58/100
|move|p1a: Slither Wing|Close Combat|p2a: Raging Neck
|-damage|p2a: Raging Neck|0 fnt
|-unboost|p1a: Slither Wing|def|1
|-unboost|p1a: Slither Wing|spd|1
|faint|p2a: Raging Neck
|-end|p2a: Raging Neck|Protosynthesis|[silent]
|
|-weather|RainDance|[upkeep]
|upkeep
|
|t:|1781445936
|switch|p2a: Flip Flop|Barraskewda, F|100/100
|turn|7
|
|t:|1781445939
|-end|p1a: Slither Wing|Protosynthesis|[silent]
|switch|p1a: Venusaur|Venusaur, F|100/100
|move|p2a: Flip Flop|Flip Turn|p1a: Venusaur
|-resisted|p1a: Venusaur
|-damage|p1a: Venusaur|51/100
|
|t:|1781445944
|switch|p2a: Spike|Overqwil, F|100/100|[from] Flip Turn
|
|-weather|RainDance|[upkeep]
|upkeep
|turn|8
|
|t:|1781445948
|move|p2a: Spike|Crunch|p1a: Venusaur
|-damage|p1a: Venusaur|0 fnt
|faint|p1a: Venusaur
|-damage|p2a: Spike|91/100|[from] item: Life Orb
|
|-weather|RainDance|[upkeep]
|upkeep
|
|t:|1781445952
|switch|p1a: Torkoal|Torkoal, M|100/100
|-weather|SunnyDay|[from] ability: Drought|[of] p1a: Torkoal
|turn|9
|
|t:|1781445964
|switch|p2a: Gulp Gulp|Pelipper, M|4/100
|-weather|RainDance|[from] ability: Drizzle|[of] p2a: Gulp Gulp
|move|p1a: Torkoal|Stealth Rock|p2a: Gulp Gulp
|-sidestart|p2: psylxr|move: Stealth Rock
|
|-weather|RainDance|[upkeep]
|upkeep
|turn|10
|
|t:|1781445970
|switch|p1a: Kingambit|Kingambit, F|100/100
|-activate|p1a: Kingambit|ability: Supreme Overlord
|-start|p1a: Kingambit|fallen2|[silent]
|move|p2a: Gulp Gulp|Roost|p2a: Gulp Gulp
|-heal|p2a: Gulp Gulp|54/100
|-singleturn|p2a: Gulp Gulp|move: Roost
|
|-weather|RainDance|[upkeep]
|upkeep
|turn|11
|
|t:|1781445975
|move|p1a: Kingambit|Kowtow Cleave|p2a: Gulp Gulp
|-damage|p2a: Gulp Gulp|7/100
|move|p2a: Gulp Gulp|Weather Ball|p1a: Kingambit
|-damage|p1a: Kingambit|48/100
|
|-weather|RainDance|[upkeep]
|-heal|p1a: Kingambit|54/100|[from] item: Leftovers
|upkeep
|turn|12
|
|t:|1781445980
|move|p1a: Kingambit|Kowtow Cleave|p2a: Gulp Gulp
|-damage|p2a: Gulp Gulp|0 fnt
|faint|p2a: Gulp Gulp
|
|-weather|RainDance|[upkeep]
|-heal|p1a: Kingambit|61/100|[from] item: Leftovers
|upkeep
|
|t:|1781445988
|switch|p2a: Flip Flop|Barraskewda, F|100/100
|-damage|p2a: Flip Flop|88/100|[from] Stealth Rock
|turn|13
|
|t:|1781445994
|-end|p1a: Kingambit|fallen2|[silent]
|switch|p1a: Torkoal|Torkoal, M|100/100
|-weather|SunnyDay|[from] ability: Drought|[of] p1a: Torkoal
|-terastallize|p2a: Flip Flop|Water
|move|p2a: Flip Flop|Flip Turn|p1a: Torkoal
|-supereffective|p1a: Torkoal
|-damage|p1a: Torkoal|62/100
|
|t:|1781445997
|switch|p2a: Spike|Overqwil, F|91/100|[from] Flip Turn
|-damage|p2a: Spike|78/100|[from] Stealth Rock
|
|-weather|SunnyDay|[upkeep]
|upkeep
|turn|14
|
|t:|1781446001
|switch|p1a: Great Tusk|Great Tusk|100/100
|-activate|p1a: Great Tusk|ability: Protosynthesis
|-start|p1a: Great Tusk|protosynthesisspe
|move|p2a: Spike|Gunk Shot|p1a: Great Tusk
|-resisted|p1a: Great Tusk
|-damage|p1a: Great Tusk|79/100
|-damage|p2a: Spike|68/100|[from] item: Life Orb
|
|-weather|SunnyDay|[upkeep]
|-heal|p1a: Great Tusk|85/100|[from] item: Leftovers
|upkeep
|turn|15
|
|t:|1781446013
|move|p1a: Great Tusk|Earthquake|p2a: Spike
|-supereffective|p2a: Spike
|-damage|p2a: Spike|0 fnt
|faint|p2a: Spike
|
|-weather|SunnyDay|[upkeep]
|-heal|p1a: Great Tusk|91/100|[from] item: Leftovers
|upkeep
|
|t:|1781446015
|switch|p2a: Flip Flop|Barraskewda, F, tera:Water|88/100
|-damage|p2a: Flip Flop|75/100|[from] Stealth Rock
|turn|16
|-message|psylxr forfeited.
|
|win|2001civic
|raw|2001civic's rating: 1616 &rarr; <strong>1641</strong><br />(+25 for winning)
|raw|psylxr's rating: 1703 &rarr; <strong>1678</strong><br />(-25 for losing)
|l|☆psylxr
|player|p2|
|l|☆2001civic
|player|p1|
