|j|☆viutil
|j|☆cumtd
|t:|1781601684
|gametype|singles
|player|p1|viutil|1|1596
|player|p2|cumtd|blue|1637
|gen|9
|tier|[Gen 9] OU
|rated|
|rule|HP Percentage Mod: HP is shown in percentages
|rule|Endless Battle Clause: Forcing endless battles is banned
|rule|Species Clause: Limit one of each Pokémon
|rule|OHKO Clause: OHKO moves are banned
|rule|Evasion Items Clause: Evasion items are banned
|rule|Evasion Moves Clause: Evasion moves are banned
|rule|Evasion Abilities Clause: Evasion abilities are banned
|rule|Sleep Moves Clause: Sleep-inducing moves are banned
|clearpoke
|poke|p1|Muk-Alola, M|
|poke|p1|Great Tusk|
|poke|p1|Gholdengo|
|poke|p1|Ogerpon-Wellspring, F|
|poke|p1|Dragapult, F|
|poke|p1|Garganacl, M|
|poke|p2|Darkrai|
|poke|p2|Garchomp, F|
|poke|p2|Alomomola, F|
|poke|p2|Corviknight, M|
|poke|p2|Weezing-Galar, M|
|poke|p2|Ogerpon, F|
|teampreview
|inactive|Battle timer is ON: inactive players will automatically lose when time's up. (requested by cumtd)
|
|t:|1781601707
|teamsize|p1|6
|teamsize|p2|6
|start
|switch|p1a: Dragapult|Dragapult, F|100/100
|switch|p2a: Weezing|Weezing-Galar, M|100/100
|-ability|p2a: Weezing|Neutralizing Gas
|turn|1
|
|t:|1781601720
|-end|p2a: Weezing|ability: Neutralizing Gas
|switch|p2a: Alomomola|Alomomola, F|100/100
|move|p1a: Dragapult|Shadow Ball|p2a: Alomomola
|-damage|p2a: Alomomola|74/100
|
|upkeep
|turn|2
|
|t:|1781601728
|switch|p1a: Ogerpon|Ogerpon-Wellspring, F|100/100
|move|p2a: Alomomola|Flip Turn|p1a: Ogerpon
|-immune|p1a: Ogerpon|[from] ability: Water Absorb
|
|upkeep
|turn|3
|
|t:|1781601740
|switch|p2a: Corviknight|Corviknight, M|100/100
|-ability|p2a: Corviknight|Pressure
|move|p1a: Ogerpon|Ivy Cudgel|p2a: Corviknight|[anim] Ivy Cudgel Water
|-damage|p2a: Corviknight|56/100
|
|-heal|p2a: Corviknight|62/100|[from] item: Leftovers
|upkeep
|turn|4
|
|t:|1781601745
|switch|p1a: Dragapult|Dragapult, F|100/100
|move|p2a: Corviknight|Roost|p2a: Corviknight
|-heal|p2a: Corviknight|100/100
|-singleturn|p2a: Corviknight|move: Roost
|
|upkeep
|turn|5
|
|t:|1781601749
|move|p1a: Dragapult|Shadow Ball|p2a: Corviknight
|-damage|p2a: Corviknight|63/100
|move|p2a: Corviknight|U-turn|p1a: Dragapult
|-resisted|p1a: Dragapult
|-damage|p1a: Dragapult|90/100
|
|t:|1781601752
|switch|p2a: Darkrai|Darkrai|100/100|[from] U-turn
|
|upkeep
|turn|6
|inactive|cumtd has 120 seconds left.
|
|t:|1781601788
|switch|p1a: Muk|Muk-Alola, M, shiny|100/100
|move|p2a: Darkrai|Dark Pulse|p1a: Muk
|-resisted|p1a: Muk
|-damage|p1a: Muk|84/100
|
|upkeep
|turn|7
|inactive|cumtd has 120 seconds left.
|
|t:|1781601800
|switch|p2a: Garchomp|Garchomp, F|100/100
|move|p1a: Muk|Knock Off|p2a: Garchomp
|-damage|p2a: Garchomp|69/100
|-damage|p1a: Muk|72/100|[from] ability: Rough Skin|[of] p2a: Garchomp
|-damage|p1a: Muk|56/100|[from] item: Rocky Helmet|[of] p2a: Garchomp
|-enditem|p2a: Garchomp|Rocky Helmet|[from] move: Knock Off|[of] p1a: Muk
|
|upkeep
|turn|8
|
|t:|1781601806
|switch|p1a: Great Tusk|Great Tusk, shiny|100/100
|move|p2a: Garchomp|Stealth Rock|p1a: Great Tusk
|-sidestart|p1: viutil|move: Stealth Rock
|
|upkeep
|turn|9
|
|t:|1781601811
|switch|p2a: Corviknight|Corviknight, M|63/100
|-ability|p2a: Corviknight|Pressure
|move|p1a: Great Tusk|Rapid Spin|p2a: Corviknight
|-resisted|p2a: Corviknight
|-damage|p2a: Corviknight|57/100
|-boost|p1a: Great Tusk|spe|1
|-sideend|p1: viutil|Stealth Rock|[from] move: Rapid Spin|[of] p1a: Great Tusk
|
|-heal|p2a: Corviknight|63/100|[from] item: Leftovers
|upkeep
|turn|10
|
|t:|1781601816
|move|p1a: Great Tusk|Knock Off|p2a: Corviknight
|-damage|p2a: Corviknight|37/100
|-enditem|p2a: Corviknight|Leftovers|[from] move: Knock Off|[of] p1a: Great Tusk
|move|p2a: Corviknight|U-turn|p1a: Great Tusk
|-resisted|p1a: Great Tusk
|-damage|p1a: Great Tusk|96/100
|
|t:|1781601822
|switch|p2a: Ogerpon|Ogerpon, F|100/100|[from] U-turn
|
|upkeep
|turn|11
|
|t:|1781601849
|-terastallize|p2a: Ogerpon|Grass
|detailschange|p2a: Ogerpon|Ogerpon-Teal-Tera, F, tera:Grass
|-ability|p2a: Ogerpon|Embody Aspect (Teal)|boost
|-boost|p2a: Ogerpon|spe|1
|move|p2a: Ogerpon|Ivy Cudgel|p1a: Great Tusk
|-supereffective|p1a: Great Tusk
|-crit|p1a: Great Tusk
|-damage|p1a: Great Tusk|0 fnt
|faint|p1a: Great Tusk
|-end|p1a: Great Tusk|Protosynthesis|[silent]
|
|upkeep
|inactive|viutil has 120 seconds left.
|
|t:|1781601866
|switch|p1a: Garganacl|Garganacl, M|100/100
|turn|12
|
|t:|1781601872
|-terastallize|p1a: Garganacl|Fairy
|move|p2a: Ogerpon|Ivy Cudgel|p1a: Garganacl
|-crit|p1a: Garganacl
|-damage|p1a: Garganacl|47/100
|move|p1a: Garganacl|Salt Cure|p2a: Ogerpon
|-damage|p2a: Ogerpon|82/100
|-start|p2a: Ogerpon|Salt Cure
|
|-heal|p1a: Garganacl|53/100|[from] item: Leftovers
|-damage|p2a: Ogerpon|70/100|[from] Salt Cure
|upkeep
|turn|13
|
|t:|1781601883
|switch|p2a: Alomomola|Alomomola, F|100/100
|move|p1a: Garganacl|Recover|p1a: Garganacl
|-heal|p1a: Garganacl|100/100
|
|upkeep
|turn|14
|
|t:|1781601887
|move|p2a: Alomomola|Flip Turn|p1a: Garganacl
|-damage|p1a: Garganacl|93/100
|
|t:|1781601892
|switch|p2a: Weezing|Weezing-Galar, M|100/100|[from] Flip Turn
|-ability|p2a: Weezing|Neutralizing Gas
|move|p1a: Garganacl|Curse|p1a: Garganacl
|-unboost|p1a: Garganacl|spe|1
|-boost|p1a: Garganacl|atk|1
|-boost|p1a: Garganacl|def|1
|
|-heal|p1a: Garganacl|99/100|[from] item: Leftovers
|upkeep
|turn|15
|
|t:|1781601902
|switch|p1a: Gholdengo|Gholdengo, shiny|100/100
|move|p2a: Weezing|Will-O-Wisp|p1a: Gholdengo|[miss]
|-miss|p2a: Weezing|p1a: Gholdengo
|
|upkeep
|turn|16
|
|t:|1781601907
|-end|p2a: Weezing|ability: Neutralizing Gas
|switch|p2a: Alomomola|Alomomola, F|100/100
|move|p1a: Gholdengo|Trick|p2a: Alomomola
|-activate|p1a: Gholdengo|move: Trick|[of] p2a: Alomomola
|-item|p2a: Alomomola|Choice Specs|[from] move: Trick
|-item|p1a: Gholdengo|Assault Vest|[from] move: Trick
|
|upkeep
|turn|17
|
|t:|1781601918
|switch|p2a: Ogerpon|Ogerpon-Teal-Tera, F, tera:Grass|70/100
|-ability|p2a: Ogerpon|Embody Aspect (Teal)|boost
|-boost|p2a: Ogerpon|spe|1
|move|p1a: Gholdengo|Shadow Ball|p2a: Ogerpon
|-damage|p2a: Ogerpon|24/100
|
|upkeep
|turn|18
|
|t:|1781601925
|switch|p1a: Garganacl|Garganacl, M, tera:Fairy|99/100
|move|p2a: Ogerpon|Knock Off|p1a: Garganacl
|-resisted|p1a: Garganacl
|-damage|p1a: Garganacl|91/100
|-enditem|p1a: Garganacl|Leftovers|[from] move: Knock Off|[of] p2a: Ogerpon
|
|upkeep
|turn|19
|
|t:|1781601929
|switch|p2a: Weezing|Weezing-Galar, M|100/100
|-ability|p2a: Weezing|Neutralizing Gas
|move|p1a: Garganacl|Salt Cure|p2a: Weezing
|-damage|p2a: Weezing|91/100
|-start|p2a: Weezing|Salt Cure
|
|-heal|p2a: Weezing|97/100|[from] item: Leftovers
|-damage|p2a: Weezing|85/100|[from] Salt Cure
|upkeep
|turn|20
|
|t:|1781601932
|switch|p1a: Gholdengo|Gholdengo, shiny|100/100
|move|p2a: Weezing|Will-O-Wisp|p1a: Gholdengo|[miss]
|-miss|p2a: Weezing|p1a: Gholdengo
|
|-heal|p2a: Weezing|91/100|[from] item: Leftovers
|-damage|p2a: Weezing|79/100|[from] Salt Cure
|upkeep
|turn|21
|
|t:|1781601944
|-end|p2a: Weezing|ability: Neutralizing Gas
|switch|p2a: Alomomola|Alomomola, F|100/100
|move|p1a: Gholdengo|Shadow Ball|p2a: Alomomola
|-damage|p2a: Alomomola|71/100
|
|upkeep
|turn|22
|
|t:|1781601950
|move|p1a: Gholdengo|Shadow Ball|p2a: Alomomola
|-damage|p2a: Alomomola|39/100
|move|p2a: Alomomola|Mirror Coat|p1a: Gholdengo
|-damage|p1a: Gholdengo|0 fnt
|faint|p1a: Gholdengo
|
|upkeep
|
|t:|1781601954
|switch|p1a: Ogerpon|Ogerpon-Wellspring, F|100/100
|turn|23
|
|t:|1781601958
|switch|p2a: Weezing|Weezing-Galar, M|79/100
|-ability|p2a: Weezing|Neutralizing Gas
|move|p1a: Ogerpon|Swords Dance|p1a: Ogerpon
|-boost|p1a: Ogerpon|atk|2
|
|-heal|p2a: Weezing|85/100|[from] item: Leftovers
|upkeep
|turn|24
|
|t:|1781601966
|switch|p1a: Dragapult|Dragapult, F|90/100
|move|p2a: Weezing|Will-O-Wisp|p1a: Dragapult
|-status|p1a: Dragapult|brn
|
|-heal|p2a: Weezing|91/100|[from] item: Leftovers
|-damage|p1a: Dragapult|84/100 brn|[from] brn
|upkeep
|turn|25
|
|t:|1781601970
|-end|p2a: Weezing|ability: Neutralizing Gas
|switch|p2a: Alomomola|Alomomola, F|72/100
|move|p1a: Dragapult|Shadow Ball|p2a: Alomomola
|-damage|p2a: Alomomola|33/100
|
|-damage|p1a: Dragapult|78/100 brn|[from] brn
|upkeep
|turn|26
|
|t:|1781601976
|switch|p2a: Corviknight|Corviknight, M|37/100
|-ability|p2a: Corviknight|Pressure
|move|p1a: Dragapult|Shadow Ball|p2a: Corviknight
|-damage|p2a: Corviknight|0 fnt
|faint|p2a: Corviknight
|
|-damage|p1a: Dragapult|72/100 brn|[from] brn
|upkeep
|
|t:|1781601985
|switch|p2a: Darkrai|Darkrai|100/100
|turn|27
|
|t:|1781601989
|switch|p1a: Muk|Muk-Alola, M, shiny|56/100
|move|p2a: Darkrai|Dark Pulse|p1a: Muk
|-resisted|p1a: Muk
|-damage|p1a: Muk|38/100
|
|upkeep
|turn|28
|
|t:|1781601995
|switch|p2a: Garchomp|Garchomp, F|69/100
|move|p1a: Muk|Ice Punch|p2a: Garchomp
|-supereffective|p2a: Garchomp
|-damage|p2a: Garchomp|9/100
|-damage|p1a: Muk|26/100|[from] ability: Rough Skin|[of] p2a: Garchomp
|
|upkeep
|turn|29
|
|t:|1781602006
|switch|p1a: Garganacl|Garganacl, M, tera:Fairy|91/100
|move|p2a: Garchomp|Stealth Rock|p1a: Garganacl
|-sidestart|p1: viutil|move: Stealth Rock
|
|upkeep
|turn|30
|
|t:|1781602013
|move|p2a: Garchomp|Spikes|p1a: Garganacl
|-sidestart|p1: viutil|Spikes
|move|p1a: Garganacl|Salt Cure|p2a: Garchomp
|-resisted|p2a: Garchomp
|-crit|p2a: Garchomp
|-damage|p2a: Garchomp|2/100
|-start|p2a: Garchomp|Salt Cure
|
|-damage|p2a: Garchomp|0 fnt|[from] Salt Cure
|faint|p2a: Garchomp
|upkeep
|
|t:|1781602015
|switch|p2a: Weezing|Weezing-Galar, M|91/100
|-ability|p2a: Weezing|Neutralizing Gas
|turn|31
|
|t:|1781602030
|switch|p1a: Dragapult|Dragapult, F|72/100 brn
|-damage|p1a: Dragapult|60/100 brn|[from] Stealth Rock
|-damage|p1a: Dragapult|48/100 brn|[from] Spikes
|move|p2a: Weezing|Sludge Bomb|p1a: Dragapult
|-resisted|p1a: Dragapult
|-damage|p1a: Dragapult|30/100 brn
|
|-heal|p2a: Weezing|97/100|[from] item: Leftovers
|-damage|p1a: Dragapult|24/100 brn|[from] brn
|upkeep
|turn|32
|
|t:|1781602035
|-end|p2a: Weezing|ability: Neutralizing Gas
|switch|p2a: Alomomola|Alomomola, F|66/100
|move|p1a: Dragapult|Shadow Ball|p2a: Alomomola
|-damage|p2a: Alomomola|30/100
|
|-damage|p1a: Dragapult|18/100 brn|[from] brn
|upkeep
|turn|33
|
|t:|1781602041
|move|p2a: Alomomola|Aqua Jet|p1a: Dragapult
|-resisted|p1a: Dragapult
|-damage|p1a: Dragapult|10/100 brn
|move|p1a: Dragapult|Shadow Ball|p2a: Alomomola
|-damage|p2a: Alomomola|0 fnt
|faint|p2a: Alomomola
|
|-damage|p1a: Dragapult|4/100 brn|[from] brn
|upkeep
|
|t:|1781602044
|switch|p2a: Ogerpon|Ogerpon-Teal-Tera, F, tera:Grass|24/100
|-ability|p2a: Ogerpon|Embody Aspect (Teal)|boost
|-boost|p2a: Ogerpon|spe|1
|turn|34
|
|t:|1781602051
|move|p2a: Ogerpon|Knock Off|p1a: Dragapult
|-supereffective|p1a: Dragapult
|-damage|p1a: Dragapult|0 fnt
|-enditem|p1a: Dragapult|Choice Specs|[from] move: Knock Off|[of] p2a: Ogerpon
|faint|p1a: Dragapult
|
|upkeep
|
|t:|1781602053
|switch|p1a: Garganacl|Garganacl, M, tera:Fairy|91/100
|-damage|p1a: Garganacl|78/100|[from] Stealth Rock
|-damage|p1a: Garganacl|66/100|[from] Spikes
|turn|35
|
|t:|1781602058
|move|p2a: Ogerpon|Swords Dance|p2a: Ogerpon
|-boost|p2a: Ogerpon|atk|2
|move|p1a: Garganacl|Recover|p1a: Garganacl
|-heal|p1a: Garganacl|100/100
|
|upkeep
|turn|36
|
|t:|1781602061
|move|p2a: Ogerpon|Encore|p1a: Garganacl
|-start|p1a: Garganacl|Encore
|move|p1a: Garganacl|Recover||[still]
|-fail|p1a: Garganacl|heal
|
|upkeep
|turn|37
|
|t:|1781602066
|switch|p1a: Ogerpon|Ogerpon-Wellspring, F|100/100
|-damage|p1a: Ogerpon|88/100|[from] Stealth Rock
|-damage|p1a: Ogerpon|76/100|[from] Spikes
|move|p2a: Ogerpon|Ivy Cudgel|p1a: Ogerpon
|-crit|p1a: Ogerpon
|-damage|p1a: Ogerpon|0 fnt
|faint|p1a: Ogerpon
|
|upkeep
|
|t:|1781602068
|switch|p1a: Muk|Muk-Alola, M, shiny|26/100
|-damage|p1a: Muk|14/100|[from] Stealth Rock
|-damage|p1a: Muk|2/100|[from] Spikes
|turn|38
|
|t:|1781602071
|move|p1a: Muk|Shadow Sneak|p2a: Ogerpon
|-damage|p2a: Ogerpon|6/100
|move|p2a: Ogerpon|Ivy Cudgel|p1a: Muk
|-resisted|p1a: Muk
|-crit|p1a: Muk
|-damage|p1a: Muk|0 fnt
|faint|p1a: Muk
|
|upkeep
|
|t:|1781602074
|switch|p1a: Garganacl|Garganacl, M, tera:Fairy|100/100
|-damage|p1a: Garganacl|88/100|[from] Stealth Rock
|-damage|p1a: Garganacl|76/100|[from] Spikes
|turn|39
|
|t:|1781602077
|move|p2a: Ogerpon|Ivy Cudgel|p1a: Garganacl
|-crit|p1a: Garganacl
|-damage|p1a: Garganacl|0 fnt
|faint|p1a: Garganacl
|
|win|cumtd
|raw|viutil's rating: 1596 &rarr; <strong>1578</strong><br />(-18 for losing)
|raw|cumtd's rating: 1637 &rarr; <strong>1655</strong><br />(+18 for winning)
|l|☆viutil
|player|p1|
|l|☆cumtd
|player|p2|
