|j|☆newgensbetter
|j|☆drop a baby
|t:|1781325271
|gametype|singles
|player|p1|newgensbetter|unknownf|1699
|player|p2|drop a baby|chase|1806
|gen|9
|tier|[Gen 9] OU
|rated|
|rule|HP Percentage Mod: HP is shown in percentages
|rule|Endless Battle Clause: Forcing endless battles is banned
|rule|Species Clause: Limit one of each Pokémon
|rule|OHKO Clause: OHKO moves are banned
|rule|Evasion Items Clause: Evasion items are banned
|rule|Evasion Moves Clause: Evasion moves are banned
|rule|Evasion Abilities Clause: Evasion abilities are banned
|rule|Sleep Moves Clause: Sleep-inducing moves are banned
|clearpoke
|poke|p1|Gholdengo|
|poke|p1|Dragonite, M|
|poke|p1|Raging Bolt|
|poke|p1|Great Tusk|
|poke|p1|Iron Valiant|
|poke|p1|Ting-Lu|
|poke|p2|Darkrai|
|poke|p2|Deoxys-Speed|
|poke|p2|Raging Bolt|
|poke|p2|Kingambit, M|
|poke|p2|Iron Valiant|
|poke|p2|Great Tusk|
|teampreview
|c|☆drop a baby|Hf bro
|c|☆newgensbetter|I’m playing 2 matches at once
|
|t:|1781325328
|teamsize|p1|6
|teamsize|p2|6
|start
|switch|p1a: Great Neck|Raging Bolt|100/100
|switch|p2a: Speedy Gonzales|Deoxys-Speed, shiny|100/100
|-ability|p2a: Speedy Gonzales|Pressure
|turn|1
|c|☆drop a baby|you do this frequently ?
|
|t:|1781325351
|move|p2a: Speedy Gonzales|Stealth Rock|p1a: Great Neck
|-sidestart|p1: newgensbetter|move: Stealth Rock
|move|p1a: Great Neck|Volt Switch|p2a: Speedy Gonzales
|-damage|p2a: Speedy Gonzales|10/100
|
|t:|1781325356
|-end|p1a: Great Neck|Protosynthesis|[silent]
|switch|p1a: Dragonite|Dragonite, M|100/100|[from] Volt Switch
|
|upkeep
|turn|2
|
|t:|1781325384
|move|p1a: Dragonite|Extreme Speed|p2a: Speedy Gonzales
|-damage|p2a: Speedy Gonzales|0 fnt
|faint|p2a: Speedy Gonzales
|
|upkeep
|
|t:|1781325388
|switch|p2a: IMU|Darkrai|100/100
|turn|3
|c|☆newgensbetter|not all the time
|
|t:|1781325396
|-terastallize|p1a: Dragonite|Normal
|move|p1a: Dragonite|Extreme Speed|p2a: IMU
|-damage|p2a: IMU|39/100
|move|p2a: IMU|Ice Beam|p1a: Dragonite
|-damage|p1a: Dragonite|83/100
|
|upkeep
|turn|4
|c|☆drop a baby|oh
|c|☆drop a baby|I see
|c|☆drop a baby|the only time I tried that I lost both games
|c|☆newgensbetter|should I play this on my laptop instead of my phone
|c|☆drop a baby|I couldnt manage lol
|c|☆drop a baby|yea
|
|t:|1781325494
|move|p1a: Dragonite|Extreme Speed|p2a: IMU
|-damage|p2a: IMU|0 fnt
|faint|p2a: IMU
|
|upkeep
|
|t:|1781325505
|switch|p2a: BROTD|Great Tusk, shiny|100/100
|-enditem|p2a: BROTD|Booster Energy
|-activate|p2a: BROTD|ability: Protosynthesis|[fromitem]
|-start|p2a: BROTD|protosynthesisspe
|turn|5
|
|t:|1781325508
|switch|p1a: Iron Valiant|Iron Valiant|100/100
|-damage|p1a: Iron Valiant|94/100|[from] Stealth Rock
|-enditem|p1a: Iron Valiant|Booster Energy
|-activate|p1a: Iron Valiant|ability: Quark Drive|[fromitem]
|-start|p1a: Iron Valiant|quarkdrivespe
|move|p2a: BROTD|Bulk Up|p2a: BROTD
|-boost|p2a: BROTD|atk|1
|-boost|p2a: BROTD|def|1
|
|upkeep
|turn|6
|
|t:|1781325516
|-terastallize|p2a: BROTD|Poison
|move|p1a: Iron Valiant|Encore|p2a: BROTD
|-start|p2a: BROTD|Encore
|move|p2a: BROTD|Bulk Up|p2a: BROTD
|-boost|p2a: BROTD|atk|1
|-boost|p2a: BROTD|def|1
|
|upkeep
|turn|7
|
|t:|1781325522
|move|p1a: Iron Valiant|Calm Mind|p1a: Iron Valiant
|-boost|p1a: Iron Valiant|spa|1
|-boost|p1a: Iron Valiant|spd|1
|move|p2a: BROTD|Bulk Up|p2a: BROTD
|-boost|p2a: BROTD|atk|1
|-boost|p2a: BROTD|def|1
|
|upkeep
|turn|8
|
|t:|1781325525
|-end|p2a: BROTD|Protosynthesis|[silent]
|switch|p2a: 🎭|Iron Valiant, shiny|100/100
|-enditem|p2a: 🎭|Booster Energy
|-activate|p2a: 🎭|ability: Quark Drive|[fromitem]
|-start|p2a: 🎭|quarkdrivespe
|move|p1a: Iron Valiant|Calm Mind|p1a: Iron Valiant
|-boost|p1a: Iron Valiant|spa|1
|-boost|p1a: Iron Valiant|spd|1
|
|upkeep
|turn|9
|
|t:|1781325527
|move|p1a: Iron Valiant|Moonblast|p2a: 🎭
|-supereffective|p2a: 🎭
|-damage|p2a: 🎭|0 fnt
|faint|p2a: 🎭
|-end|p2a: 🎭|Quark Drive|[silent]
|
|upkeep
|
|t:|1781325530
|switch|p2a: Mihawk|Kingambit, M|100/100
|-activate|p2a: Mihawk|ability: Supreme Overlord
|-start|p2a: Mihawk|fallen3|[silent]
|turn|10
|
|t:|1781325544
|move|p1a: Iron Valiant|Moonblast|p2a: Mihawk
|-damage|p2a: Mihawk|2/100
|-unboost|p2a: Mihawk|spa|1
|move|p2a: Mihawk|Iron Head|p1a: Iron Valiant
|-supereffective|p1a: Iron Valiant
|-damage|p1a: Iron Valiant|0 fnt
|faint|p1a: Iron Valiant
|-end|p1a: Iron Valiant|Quark Drive|[silent]
|
|upkeep
|
|t:|1781325550
|switch|p1a: Great Tusk|Great Tusk|100/100
|-damage|p1a: Great Tusk|97/100|[from] Stealth Rock
|turn|11
|
|t:|1781325553
|move|p1a: Great Tusk|Rapid Spin|p2a: Mihawk
|-resisted|p2a: Mihawk
|-damage|p2a: Mihawk|0 fnt
|-boost|p1a: Great Tusk|spe|1
|-sideend|p1: newgensbetter|Stealth Rock|[from] move: Rapid Spin|[of] p1a: Great Tusk
|faint|p2a: Mihawk
|-end|p2a: Mihawk|fallen3|[silent]
|
|upkeep
|
|t:|1781325558
|switch|p2a: BROTD|Great Tusk, shiny, tera:Poison|100/100
|turn|12
|
|t:|1781325561
|move|p1a: Great Tusk|Headlong Rush|p2a: BROTD
|-supereffective|p2a: BROTD
|-damage|p2a: BROTD|34/100
|-unboost|p1a: Great Tusk|def|1
|-unboost|p1a: Great Tusk|spd|1
|move|p2a: BROTD|Bulk Up|p2a: BROTD
|-boost|p2a: BROTD|atk|1
|-boost|p2a: BROTD|def|1
|
|upkeep
|turn|13
|
|t:|1781325564
|move|p1a: Great Tusk|Headlong Rush|p2a: BROTD
|-supereffective|p2a: BROTD
|-damage|p2a: BROTD|0 fnt
|-unboost|p1a: Great Tusk|def|1
|-unboost|p1a: Great Tusk|spd|1
|faint|p2a: BROTD
|-end|p2a: BROTD|Protosynthesis|[silent]
|
|upkeep
|c|☆drop a baby|Gg
|
|t:|1781325570
|switch|p2a: Hito no mi Model⚡️|Raging Bolt|100/100
|-enditem|p2a: Hito no mi Model⚡️|Booster Energy
|-activate|p2a: Hito no mi Model⚡️|ability: Protosynthesis|[fromitem]
|-start|p2a: Hito no mi Model⚡️|protosynthesisspa
|turn|14
|c|☆newgensbetter|this is so bad to type on
|
|t:|1781325578
|move|p1a: Great Tusk|Headlong Rush|p2a: Hito no mi Model⚡️
|-supereffective|p2a: Hito no mi Model⚡️
|-damage|p2a: Hito no mi Model⚡️|5/100
|-unboost|p1a: Great Tusk|def|1
|-unboost|p1a: Great Tusk|spd|1
|move|p2a: Hito no mi Model⚡️|Dragon Pulse|p1a: Great Tusk
|-damage|p1a: Great Tusk|0 fnt
|faint|p1a: Great Tusk
|-end|p1a: Great Tusk|Protosynthesis|[silent]
|
|upkeep
|
|t:|1781325583
|switch|p1a: Ting-Lu|Ting-Lu|100/100
|-ability|p1a: Ting-Lu|Vessel of Ruin
|turn|15
|
|t:|1781325595
|move|p2a: Hito no mi Model⚡️|Dragon Pulse|p1a: Ting-Lu
|-damage|p1a: Ting-Lu|68/100
|move|p1a: Ting-Lu|Earthquake|p2a: Hito no mi Model⚡️
|-supereffective|p2a: Hito no mi Model⚡️
|-damage|p2a: Hito no mi Model⚡️|0 fnt
|faint|p2a: Hito no mi Model⚡️
|-end|p2a: Hito no mi Model⚡️|Protosynthesis|[silent]
|
|win|newgensbetter
|raw|newgensbetter's rating: 1699 &rarr; <strong>1725</strong><br />(+26 for winning)
|raw|drop a baby's rating: 1806 &rarr; <strong>1780</strong><br />(-26 for losing)
|c|☆drop a baby|True
|c|☆newgensbetter|what’s ur peak elo in this
|c|☆drop a baby|Something like 1920
|c|☆drop a baby|That was before tera blast ban
|c|☆newgensbetter|mines 1850 with this team but different sets
|c|☆drop a baby|I like it
|c|☆drop a baby|it’s solid
|c|☆newgensbetter|I didn’t make it
|c|☆drop a baby|It’s like bulky offense
|c|☆newgensbetter|I found it but the sets I changeed
|c|☆drop a baby|oh
|c|☆drop a baby|most of the teams I use are just hos
