|j|☆vartholomeus
|j|☆m5322
|t:|1781590822
|gametype|singles
|player|p1|vartholomeus|gambler|1506
|player|p2|m5322|266|1568
|gen|9
|tier|[Gen 9] OU
|rated|
|rule|HP Percentage Mod: HP is shown in percentages
|rule|Endless Battle Clause: Forcing endless battles is banned
|rule|Species Clause: Limit one of each Pokémon
|rule|OHKO Clause: OHKO moves are banned
|rule|Evasion Items Clause: Evasion items are banned
|rule|Evasion Moves Clause: Evasion moves are banned
|rule|Evasion Abilities Clause: Evasion abilities are banned
|rule|Sleep Moves Clause: Sleep-inducing moves are banned
|clearpoke
|poke|p1|Moltres|
|poke|p1|Kleavor, F|
|poke|p1|Greninja-*, M|
|poke|p1|Ting-Lu|
|poke|p1|Iron Valiant|
|poke|p1|Gholdengo|
|poke|p2|Weezing-Galar, F|
|poke|p2|Alomomola, M|
|poke|p2|Iron Treads|
|poke|p2|Tornadus-Therian, M|
|poke|p2|Zamazenta-*|
|poke|p2|Lokix, F|
|teampreview
|inactive|Battle timer is ON: inactive players will automatically lose when time's up. (requested by vartholomeus)
|
|t:|1781590843
|teamsize|p1|6
|teamsize|p2|6
|start
|switch|p1a: Klingk|Kleavor, F|100/100
|switch|p2a: Weezing|Weezing-Galar, F|100/100
|-ability|p2a: Weezing|Neutralizing Gas
|turn|1
|
|t:|1781590848
|move|p1a: Klingk|Stone Axe|p2a: Weezing
|-damage|p2a: Weezing|77/100
|-sidestart|p2: m5322|move: Stealth Rock
|move|p2a: Weezing|Toxic|p1a: Klingk
|-status|p1a: Klingk|tox
|
|-heal|p2a: Weezing|83/100|[from] item: Leftovers
|-damage|p1a: Klingk|94/100 tox|[from] psn
|upkeep
|turn|2
|
|t:|1781590852
|move|p1a: Klingk|Swords Dance|p1a: Klingk
|-boost|p1a: Klingk|atk|2
|move|p2a: Weezing|Defog|p1a: Klingk
|-unboost|p1a: Klingk|evasion|1
|-sideend|p2: m5322|Stealth Rock|[from] move: Defog|[of] p2a: Weezing
|
|-heal|p2a: Weezing|89/100|[from] item: Leftovers
|-damage|p1a: Klingk|82/100 tox|[from] psn
|upkeep
|turn|3
|
|t:|1781590859
|move|p2a: Weezing|Protect|p2a: Weezing
|-singleturn|p2a: Weezing|Protect
|move|p1a: Klingk|Stone Axe|p2a: Weezing
|-activate|p2a: Weezing|move: Protect
|
|-heal|p2a: Weezing|95/100|[from] item: Leftovers
|-damage|p1a: Klingk|64/100 tox|[from] psn
|upkeep
|turn|4
|
|t:|1781590863
|-end|p2a: Weezing|ability: Neutralizing Gas
|switch|p2a: Alomomola|Alomomola, M|100/100
|move|p1a: Klingk|Stone Axe|p2a: Alomomola
|-damage|p2a: Alomomola|37/100
|-damage|p1a: Klingk|48/100 tox|[from] item: Rocky Helmet|[of] p2a: Alomomola
|-sidestart|p2: m5322|move: Stealth Rock
|
|-damage|p1a: Klingk|24/100 tox|[from] psn
|upkeep
|turn|5
|
|t:|1781590869
|move|p2a: Alomomola|Protect|p2a: Alomomola
|-singleturn|p2a: Alomomola|Protect
|move|p1a: Klingk|Stone Axe|p2a: Alomomola
|-activate|p2a: Alomomola|move: Protect
|
|-damage|p1a: Klingk|0 fnt|[from] psn
|faint|p1a: Klingk
|upkeep
|
|t:|1781590873
|switch|p1a: Suke|Greninja, M|100/100
|turn|6
|
|t:|1781590877
|switch|p2a: Tornadus|Tornadus-Therian, M|100/100
|-damage|p2a: Tornadus|76/100|[from] Stealth Rock
|move|p1a: Suke|Dark Pulse|p2a: Tornadus
|-damage|p2a: Tornadus|42/100
|-damage|p1a: Suke|91/100|[from] item: Life Orb
|
|upkeep
|turn|7
|
|t:|1781590883
|move|p1a: Suke|Ice Beam|p2a: Tornadus
|-supereffective|p2a: Tornadus
|-damage|p2a: Tornadus|0 fnt
|faint|p2a: Tornadus
|-ability|p1a: Suke|Battle Bond|boost
|-boost|p1a: Suke|atk|1
|-boost|p1a: Suke|spa|1
|-boost|p1a: Suke|spe|1
|-activate|p1a: Suke|ability: Battle Bond
|-damage|p1a: Suke|81/100|[from] item: Life Orb
|
|upkeep
|
|t:|1781590887
|switch|p2a: Lokix|Lokix, F|100/100
|-damage|p2a: Lokix|76/100|[from] Stealth Rock
|turn|8
|
|t:|1781590891
|switch|p1a: Maltro|Moltres|100/100
|-terastallize|p2a: Lokix|Bug
|move|p2a: Lokix|First Impression|p1a: Maltro
|-resisted|p1a: Maltro
|-damage|p1a: Maltro|69/100
|
|upkeep
|turn|9
|
|t:|1781590898
|switch|p2a: Alomomola|Alomomola, M|70/100
|-damage|p2a: Alomomola|57/100|[from] Stealth Rock
|move|p1a: Maltro|Flamethrower|p2a: Alomomola
|-resisted|p2a: Alomomola
|-damage|p2a: Alomomola|40/100
|-status|p2a: Alomomola|brn
|
|-damage|p2a: Alomomola|34/100 brn|[from] brn
|upkeep
|turn|10
|
|t:|1781590902
|move|p1a: Maltro|Flamethrower|p2a: Alomomola
|-resisted|p2a: Alomomola
|-damage|p2a: Alomomola|16/100 brn
|move|p2a: Alomomola|Flip Turn|p1a: Maltro
|-supereffective|p1a: Maltro
|-damage|p1a: Maltro|58/100
|
|t:|1781590915
|switch|p2a: Weezing|Weezing-Galar, F|95/100|[from] Flip Turn
|-ability|p2a: Weezing|Neutralizing Gas
|-damage|p2a: Weezing|82/100|[from] Stealth Rock
|
|-heal|p2a: Weezing|88/100|[from] item: Leftovers
|upkeep
|turn|11
|
|t:|1781590918
|move|p1a: Maltro|Flamethrower|p2a: Weezing
|-crit|p2a: Weezing
|-damage|p2a: Weezing|17/100
|move|p2a: Weezing|Toxic|p1a: Maltro
|-status|p1a: Maltro|tox
|
|-heal|p2a: Weezing|23/100|[from] item: Leftovers
|-damage|p1a: Maltro|52/100 tox|[from] psn
|upkeep
|turn|12
|
|t:|1781590922
|move|p2a: Weezing|Protect|p2a: Weezing
|-singleturn|p2a: Weezing|Protect
|move|p1a: Maltro|Flamethrower|p2a: Weezing
|-activate|p2a: Weezing|move: Protect
|
|-heal|p2a: Weezing|29/100|[from] item: Leftovers
|-damage|p1a: Maltro|40/100 tox|[from] psn
|upkeep
|turn|13
|
|t:|1781590943
|-end|p2a: Weezing|ability: Neutralizing Gas
|switch|p2a: Iron Treads|Iron Treads|100/100
|-damage|p2a: Iron Treads|97/100|[from] Stealth Rock
|move|p1a: Maltro|Flamethrower|p2a: Iron Treads
|-supereffective|p2a: Iron Treads
|-damage|p2a: Iron Treads|15/100
|
|-heal|p2a: Iron Treads|21/100|[from] item: Leftovers
|-damage|p1a: Maltro|22/100 tox|[from] psn
|upkeep
|turn|14
|
|t:|1781590948
|switch|p1a: Mantequillo|Gholdengo|100/100
|move|p2a: Iron Treads|Rapid Spin|p1a: Mantequillo
|-immune|p1a: Mantequillo
|
|-heal|p2a: Iron Treads|27/100|[from] item: Leftovers
|upkeep
|turn|15
|
|t:|1781590951
|move|p1a: Mantequillo|Shadow Ball|p2a: Iron Treads
|-crit|p2a: Iron Treads
|-damage|p2a: Iron Treads|0 fnt
|faint|p2a: Iron Treads
|-end|p2a: Iron Treads|Quark Drive|[silent]
|
|upkeep
|
|t:|1781590957
|switch|p2a: Lokix|Lokix, F, tera:Bug|76/100
|-damage|p2a: Lokix|51/100|[from] Stealth Rock
|turn|16
|
|t:|1781590960
|switch|p1a: Maltro|Moltres|22/100 tox
|move|p2a: Lokix|U-turn|p1a: Maltro
|-resisted|p1a: Maltro
|-damage|p1a: Maltro|0 fnt
|faint|p1a: Maltro
|
|t:|1781590962
|switch|p2a: Alomomola|Alomomola, M|50/100 brn|[from] U-turn
|-damage|p2a: Alomomola|37/100 brn|[from] Stealth Rock
|
|-damage|p2a: Alomomola|31/100 brn|[from] brn
|upkeep
|
|t:|1781590967
|switch|p1a: Mantequillo|Gholdengo|100/100
|turn|17
|
|t:|1781590970
|move|p2a: Alomomola|Protect|p2a: Alomomola
|-singleturn|p2a: Alomomola|Protect
|move|p1a: Mantequillo|Shadow Ball|p2a: Alomomola
|-activate|p2a: Alomomola|move: Protect
|
|-damage|p2a: Alomomola|25/100 brn|[from] brn
|upkeep
|turn|18
|
|t:|1781590982
|move|p1a: Mantequillo|Shadow Ball|p2a: Alomomola
|-damage|p2a: Alomomola|0 fnt
|faint|p2a: Alomomola
|
|upkeep
|
|t:|1781590995
|switch|p2a: Lokix|Lokix, F, tera:Bug|51/100
|-damage|p2a: Lokix|26/100|[from] Stealth Rock
|turn|19
|
|t:|1781591000
|move|p1a: Mantequillo|Shadow Ball|p2a: Lokix
|-damage|p2a: Lokix|0 fnt
|faint|p2a: Lokix
|
|upkeep
|-message|m5322 forfeited.
|
|win|vartholomeus
|raw|vartholomeus's rating: 1506 &rarr; <strong>1530</strong><br />(+24 for winning)
|raw|m5322's rating: 1568 &rarr; <strong>1544</strong><br />(-24 for losing)
|l|☆m5322
|player|p2|
|l|☆vartholomeus
|player|p1|
