|j|☆Nikocado Allahcado
|j|☆ridlostar
|t:|1781291567
|gametype|singles
|player|p1|Nikocado Allahcado|hiker-gen4|1590
|player|p2|ridlostar|hilbert|1702
|gen|9
|tier|[Gen 9] OU
|rated|
|rule|HP Percentage Mod: HP is shown in percentages
|rule|Endless Battle Clause: Forcing endless battles is banned
|rule|Species Clause: Limit one of each Pokémon
|rule|OHKO Clause: OHKO moves are banned
|rule|Evasion Items Clause: Evasion items are banned
|rule|Evasion Moves Clause: Evasion moves are banned
|rule|Evasion Abilities Clause: Evasion abilities are banned
|rule|Sleep Moves Clause: Sleep-inducing moves are banned
|clearpoke
|poke|p1|Pecharunt|
|poke|p1|Cloyster, F|
|poke|p1|Deoxys-Speed|
|poke|p1|Samurott-Hisui, F|
|poke|p1|Darkrai|
|poke|p1|Ceruledge, F|
|poke|p2|Toedscruel, M|
|poke|p2|Darkrai|
|poke|p2|Cresselia, F|
|poke|p2|Clodsire, M|
|poke|p2|Dragonite, M|
|poke|p2|Alomomola, M|
|teampreview
|inactive|Battle timer is ON: inactive players will automatically lose when time's up. (requested by ridlostar)
|
|t:|1781291575
|teamsize|p1|6
|teamsize|p2|6
|start
|switch|p1a: Deoxys|Deoxys-Speed|100/100
|switch|p2a: Keanu Reeves|Darkrai|100/100
|-ability|p1a: Deoxys|Pressure
|turn|1
|
|t:|1781291577
|move|p1a: Deoxys|Light Screen|p1a: Deoxys
|-sidestart|p1: Nikocado Allahcado|move: Light Screen
|move|p2a: Keanu Reeves|Knock Off|p1a: Deoxys
|-supereffective|p1a: Deoxys
|-damage|p1a: Deoxys|5/100
|-enditem|p1a: Deoxys|Light Clay|[from] move: Knock Off|[of] p2a: Keanu Reeves
|
|upkeep
|turn|2
|
|t:|1781291587
|move|p1a: Deoxys|Reflect|p1a: Deoxys
|-sidestart|p1: Nikocado Allahcado|Reflect
|move|p2a: Keanu Reeves|Knock Off|p1a: Deoxys
|-supereffective|p1a: Deoxys
|-damage|p1a: Deoxys|0 fnt
|faint|p1a: Deoxys
|
|upkeep
|
|t:|1781291592
|switch|p1a: Cloyster|Cloyster, F|100/100
|turn|3
|
|t:|1781291595
|move|p2a: Keanu Reeves|Will-O-Wisp|p1a: Cloyster
|-status|p1a: Cloyster|brn
|move|p1a: Cloyster|Shell Smash|p1a: Cloyster
|-unboost|p1a: Cloyster|def|1
|-unboost|p1a: Cloyster|spd|1
|-boost|p1a: Cloyster|atk|2
|-boost|p1a: Cloyster|spa|2
|-boost|p1a: Cloyster|spe|2
|
|-damage|p1a: Cloyster|94/100 brn|[from] brn
|upkeep
|turn|4
|
|t:|1781291603
|switch|p2a: Fair and Balanced|Alomomola, M|100/100
|move|p1a: Cloyster|Shell Smash|p1a: Cloyster
|-unboost|p1a: Cloyster|def|1
|-unboost|p1a: Cloyster|spd|1
|-boost|p1a: Cloyster|atk|2
|-boost|p1a: Cloyster|spa|2
|-boost|p1a: Cloyster|spe|2
|
|-damage|p1a: Cloyster|88/100 brn|[from] brn
|upkeep
|turn|5
|
|t:|1781291607
|move|p1a: Cloyster|Hydro Pump|p2a: Fair and Balanced
|-resisted|p2a: Fair and Balanced
|-damage|p2a: Fair and Balanced|61/100
|move|p2a: Fair and Balanced|Flip Turn|p1a: Cloyster
|-resisted|p1a: Cloyster
|-damage|p1a: Cloyster|81/100 brn
|
|t:|1781291613
|switch|p2a: Big Man|Clodsire, M|100/100|[from] Flip Turn
|
|-damage|p1a: Cloyster|75/100 brn|[from] brn
|upkeep
|turn|6
|
|t:|1781291617
|move|p1a: Cloyster|Icicle Spear|p2a: Big Man
|-supereffective|p2a: Big Man
|-damage|p2a: Big Man|90/100
|-supereffective|p2a: Big Man
|-damage|p2a: Big Man|80/100
|-supereffective|p2a: Big Man
|-crit|p2a: Big Man
|-damage|p2a: Big Man|65/100
|-supereffective|p2a: Big Man
|-damage|p2a: Big Man|56/100
|-supereffective|p2a: Big Man
|-damage|p2a: Big Man|46/100
|-hitcount|p2a: Big Man|5
|move|p2a: Big Man|Stockpile|p2a: Big Man
|-start|p2a: Big Man|stockpile1
|-boost|p2a: Big Man|def|1
|-boost|p2a: Big Man|spd|1
|
|-heal|p2a: Big Man|52/100|[from] item: Leftovers
|-damage|p1a: Cloyster|69/100 brn|[from] brn
|-sideend|p1: Nikocado Allahcado|Reflect
|upkeep
|turn|7
|
|t:|1781291622
|move|p1a: Cloyster|Icicle Spear|p2a: Big Man
|-supereffective|p2a: Big Man
|-damage|p2a: Big Man|46/100
|-supereffective|p2a: Big Man
|-damage|p2a: Big Man|39/100
|-supereffective|p2a: Big Man
|-damage|p2a: Big Man|33/100
|-supereffective|p2a: Big Man
|-damage|p2a: Big Man|26/100
|-supereffective|p2a: Big Man
|-damage|p2a: Big Man|19/100
|-hitcount|p2a: Big Man|5
|move|p2a: Big Man|Recover|p2a: Big Man
|-heal|p2a: Big Man|69/100
|
|-heal|p2a: Big Man|75/100|[from] item: Leftovers
|-damage|p1a: Cloyster|62/100 brn|[from] brn
|upkeep
|turn|8
|
|t:|1781291632
|move|p1a: Cloyster|Icicle Spear|p2a: Big Man
|-supereffective|p2a: Big Man
|-damage|p2a: Big Man|69/100
|-supereffective|p2a: Big Man
|-damage|p2a: Big Man|63/100
|-supereffective|p2a: Big Man
|-damage|p2a: Big Man|57/100
|-supereffective|p2a: Big Man
|-damage|p2a: Big Man|51/100
|-supereffective|p2a: Big Man
|-damage|p2a: Big Man|44/100
|-hitcount|p2a: Big Man|5
|move|p2a: Big Man|Toxic||[still]
|-fail|p2a: Big Man
|
|-heal|p2a: Big Man|51/100|[from] item: Leftovers
|-damage|p1a: Cloyster|56/100 brn|[from] brn
|-sideend|p1: Nikocado Allahcado|move: Light Screen
|upkeep
|turn|9
|
|t:|1781291635
|move|p1a: Cloyster|Icicle Spear|p2a: Big Man
|-supereffective|p2a: Big Man
|-damage|p2a: Big Man|44/100
|-supereffective|p2a: Big Man
|-damage|p2a: Big Man|37/100
|-supereffective|p2a: Big Man
|-damage|p2a: Big Man|31/100
|-supereffective|p2a: Big Man
|-damage|p2a: Big Man|24/100
|-supereffective|p2a: Big Man
|-damage|p2a: Big Man|18/100
|-hitcount|p2a: Big Man|5
|move|p2a: Big Man|Recover|p2a: Big Man
|-heal|p2a: Big Man|68/100
|
|-heal|p2a: Big Man|74/100|[from] item: Leftovers
|-damage|p1a: Cloyster|50/100 brn|[from] brn
|upkeep
|turn|10
|
|t:|1781291639
|move|p1a: Cloyster|Icicle Spear|p2a: Big Man
|-supereffective|p2a: Big Man
|-damage|p2a: Big Man|68/100
|-supereffective|p2a: Big Man
|-damage|p2a: Big Man|61/100
|-supereffective|p2a: Big Man
|-damage|p2a: Big Man|55/100
|-supereffective|p2a: Big Man
|-damage|p2a: Big Man|48/100
|-supereffective|p2a: Big Man
|-damage|p2a: Big Man|42/100
|-hitcount|p2a: Big Man|5
|move|p2a: Big Man|Stockpile|p2a: Big Man
|-start|p2a: Big Man|stockpile2
|-boost|p2a: Big Man|def|1
|-boost|p2a: Big Man|spd|1
|
|-heal|p2a: Big Man|48/100|[from] item: Leftovers
|-damage|p1a: Cloyster|44/100 brn|[from] brn
|upkeep
|turn|11
|
|t:|1781291641
|move|p1a: Cloyster|Icicle Spear|p2a: Big Man
|-supereffective|p2a: Big Man
|-damage|p2a: Big Man|43/100
|-supereffective|p2a: Big Man
|-damage|p2a: Big Man|38/100
|-supereffective|p2a: Big Man
|-damage|p2a: Big Man|33/100
|-supereffective|p2a: Big Man
|-damage|p2a: Big Man|29/100
|-supereffective|p2a: Big Man
|-damage|p2a: Big Man|24/100
|-hitcount|p2a: Big Man|5
|move|p2a: Big Man|Recover|p2a: Big Man
|-heal|p2a: Big Man|74/100
|
|-heal|p2a: Big Man|80/100|[from] item: Leftovers
|-damage|p1a: Cloyster|37/100 brn|[from] brn
|upkeep
|turn|12
|
|t:|1781291647
|move|p1a: Cloyster|Icicle Spear|p2a: Big Man
|-supereffective|p2a: Big Man
|-damage|p2a: Big Man|75/100
|-supereffective|p2a: Big Man
|-damage|p2a: Big Man|70/100
|-supereffective|p2a: Big Man
|-damage|p2a: Big Man|65/100
|-supereffective|p2a: Big Man
|-damage|p2a: Big Man|60/100
|-supereffective|p2a: Big Man
|-damage|p2a: Big Man|55/100
|-hitcount|p2a: Big Man|5
|move|p2a: Big Man|Stockpile|p2a: Big Man
|-start|p2a: Big Man|stockpile3
|-boost|p2a: Big Man|def|1
|-boost|p2a: Big Man|spd|1
|
|-heal|p2a: Big Man|61/100|[from] item: Leftovers
|-damage|p1a: Cloyster|31/100 brn|[from] brn
|upkeep
|turn|13
|
|t:|1781291649
|move|p1a: Cloyster|Icicle Spear|p2a: Big Man
|-supereffective|p2a: Big Man
|-damage|p2a: Big Man|57/100
|-supereffective|p2a: Big Man
|-damage|p2a: Big Man|53/100
|-supereffective|p2a: Big Man
|-damage|p2a: Big Man|49/100
|-supereffective|p2a: Big Man
|-damage|p2a: Big Man|45/100
|-supereffective|p2a: Big Man
|-damage|p2a: Big Man|41/100
|-hitcount|p2a: Big Man|5
|move|p2a: Big Man|Recover|p2a: Big Man
|-heal|p2a: Big Man|91/100
|
|-heal|p2a: Big Man|97/100|[from] item: Leftovers
|-damage|p1a: Cloyster|25/100 brn|[from] brn
|upkeep
|turn|14
|
|t:|1781291653
|move|p1a: Cloyster|Icicle Spear|p2a: Big Man
|-supereffective|p2a: Big Man
|-damage|p2a: Big Man|93/100
|-supereffective|p2a: Big Man
|-damage|p2a: Big Man|90/100
|-supereffective|p2a: Big Man
|-damage|p2a: Big Man|85/100
|-supereffective|p2a: Big Man
|-damage|p2a: Big Man|81/100
|-supereffective|p2a: Big Man
|-damage|p2a: Big Man|77/100
|-hitcount|p2a: Big Man|5
|move|p2a: Big Man|Earthquake|p1a: Cloyster
|-damage|p1a: Cloyster|4/100 brn
|
|-heal|p2a: Big Man|83/100|[from] item: Leftovers
|-damage|p1a: Cloyster|0 fnt|[from] brn
|faint|p1a: Cloyster
|upkeep
|
|t:|1781291657
|switch|p1a: Pecharunt|Pecharunt|100/100
|-item|p1a: Pecharunt|Air Balloon
|turn|15
|
|t:|1781291667
|switch|p2a: Keanu Reeves|Darkrai|100/100
|move|p1a: Pecharunt|Shadow Ball|p2a: Keanu Reeves
|-resisted|p2a: Keanu Reeves
|-damage|p2a: Keanu Reeves|79/100
|
|upkeep
|turn|16
|
|t:|1781291675
|switch|p1a: Samurott|Samurott-Hisui, F|100/100
|move|p2a: Keanu Reeves|Knock Off|p1a: Samurott
|-resisted|p1a: Samurott
|-damage|p1a: Samurott|77/100
|-enditem|p1a: Samurott|Focus Sash|[from] move: Knock Off|[of] p2a: Keanu Reeves
|
|upkeep
|turn|17
|
|t:|1781291680
|move|p2a: Keanu Reeves|Will-O-Wisp|p1a: Samurott
|-status|p1a: Samurott|brn
|move|p1a: Samurott|Razor Shell|p2a: Keanu Reeves
|-damage|p2a: Keanu Reeves|40/100
|
|-damage|p1a: Samurott|71/100 brn|[from] brn
|upkeep
|turn|18
|
|t:|1781291683
|move|p2a: Keanu Reeves|Drain Punch|p1a: Samurott
|-supereffective|p1a: Samurott
|-damage|p1a: Samurott|23/100 brn
|-heal|p2a: Keanu Reeves|67/100|[from] drain|[of] p1a: Samurott
|move|p1a: Samurott|Ceaseless Edge|p2a: Keanu Reeves
|-resisted|p2a: Keanu Reeves
|-damage|p2a: Keanu Reeves|51/100
|-sidestart|p2: ridlostar|Spikes
|
|-damage|p1a: Samurott|17/100 brn|[from] brn
|upkeep
|turn|19
|
|t:|1781291712
|switch|p2a: Squidward?|Toedscruel, M|100/100
|move|p1a: Samurott|Sucker Punch||[still]
|-fail|p1a: Samurott
|
|-damage|p1a: Samurott|10/100 brn|[from] brn
|upkeep
|turn|20
|
|t:|1781291721
|move|p1a: Samurott|Ceaseless Edge|p2a: Squidward?|[miss]
|-miss|p1a: Samurott|p2a: Squidward?
|move|p2a: Squidward?|Giga Drain|p1a: Samurott
|-supereffective|p1a: Samurott
|-damage|p1a: Samurott|0 fnt
|faint|p1a: Samurott
|
|upkeep
|
|t:|1781291723
|switch|p1a: Ceruledge|Ceruledge, F|100/100
|turn|21
|
|t:|1781291732
|move|p1a: Ceruledge|Swords Dance|p1a: Ceruledge
|-boost|p1a: Ceruledge|atk|2
|move|p2a: Squidward?|Toxic|p1a: Ceruledge
|-status|p1a: Ceruledge|tox
|
|-damage|p1a: Ceruledge|94/100 tox|[from] psn
|upkeep
|turn|22
|
|t:|1781291741
|move|p2a: Squidward?|Earth Power|p1a: Ceruledge
|-supereffective|p1a: Ceruledge
|-damage|p1a: Ceruledge|12/100 tox
|move|p1a: Ceruledge|Bitter Blade|p2a: Squidward?
|-supereffective|p2a: Squidward?
|-damage|p2a: Squidward?|0 fnt
|-heal|p1a: Ceruledge|67/100 tox|[from] drain|[of] p2a: Squidward?
|faint|p2a: Squidward?
|-damage|p1a: Ceruledge|57/100 tox|[from] item: Life Orb
|
|-damage|p1a: Ceruledge|44/100 tox|[from] psn
|upkeep
|
|t:|1781291758
|switch|p2a: Big Man|Clodsire, M|83/100
|-damage|p2a: Big Man|71/100|[from] Spikes
|turn|23
|
|t:|1781291764
|move|p1a: Ceruledge|Poltergeist|p2a: Big Man
|-activate|p2a: Big Man|move: Poltergeist|Leftovers
|-crit|p2a: Big Man
|-damage|p2a: Big Man|0 fnt
|faint|p2a: Big Man
|-damage|p1a: Ceruledge|35/100 tox|[from] item: Life Orb
|
|-damage|p1a: Ceruledge|16/100 tox|[from] psn
|upkeep
|
|t:|1781291775
|switch|p2a: Keanu Reeves|Darkrai|51/100
|-damage|p2a: Keanu Reeves|38/100|[from] Spikes
|turn|24
|
|t:|1781291782
|move|p1a: Ceruledge|Shadow Sneak|p2a: Keanu Reeves
|-resisted|p2a: Keanu Reeves
|-damage|p2a: Keanu Reeves|0 fnt
|faint|p2a: Keanu Reeves
|-damage|p1a: Ceruledge|6/100 tox|[from] item: Life Orb
|
|-damage|p1a: Ceruledge|0 fnt|[from] psn
|faint|p1a: Ceruledge
|upkeep
|
|t:|1781291797
|switch|p2a: Fair and Balanced|Alomomola, M|94/100
|switch|p1a: Darkrai|Darkrai|100/100
|turn|25
|
|t:|1781291805
|move|p1a: Darkrai|Nasty Plot|p1a: Darkrai
|-boost|p1a: Darkrai|spa|2
|move|p2a: Fair and Balanced|Flip Turn|p1a: Darkrai
|-damage|p1a: Darkrai|80/100
|
|t:|1781291814
|switch|p2a: why|Cresselia, F, shiny|100/100|[from] Flip Turn
|
|upkeep
|turn|26
|
|t:|1781291819
|-terastallize|p2a: why|Poison
|move|p1a: Darkrai|Dark Pulse|p2a: why
|-damage|p2a: why|25/100
|-damage|p1a: Darkrai|70/100|[from] item: Life Orb
|cant|p2a: why|flinch
|
|-heal|p2a: why|32/100|[from] item: Leftovers
|upkeep
|turn|27
|
|t:|1781291828
|switch|p2a: Fair and Balanced|Alomomola, M|100/100
|move|p1a: Darkrai|Dark Pulse|p2a: Fair and Balanced
|-damage|p2a: Fair and Balanced|13/100
|-damage|p1a: Darkrai|60/100|[from] item: Life Orb
|
|upkeep
|turn|28
|
|t:|1781291832
|move|p1a: Darkrai|Dark Pulse|p2a: Fair and Balanced
|-damage|p2a: Fair and Balanced|0 fnt
|faint|p2a: Fair and Balanced
|-damage|p1a: Darkrai|50/100|[from] item: Life Orb
|
|upkeep
|
|t:|1781291835
|switch|p2a: him|Dragonite, M|100/100
|turn|29
|
|t:|1781291837
|move|p1a: Darkrai|Dark Pulse|p2a: him
|-damage|p2a: him|42/100
|-damage|p1a: Darkrai|40/100|[from] item: Life Orb
|move|p2a: him|Outrage|p1a: Darkrai
|-damage|p1a: Darkrai|0 fnt
|faint|p1a: Darkrai
|
|-heal|p2a: him|48/100|[from] item: Leftovers
|upkeep
|
|t:|1781291840
|switch|p1a: Pecharunt|Pecharunt|100/100
|-item|p1a: Pecharunt|Air Balloon
|turn|30
|
|t:|1781291843
|move|p1a: Pecharunt|Malignant Chain|p2a: him
|-damage|p2a: him|9/100
|-status|p2a: him|tox
|-start|p2a: him|confusion|[from] ability: Poison Puppeteer|[of] p1a: Pecharunt
|-activate|p2a: him|confusion
|move|p2a: him|Outrage|p1a: Pecharunt|[from] lockedmove
|-damage|p1a: Pecharunt|56/100
|-enditem|p1a: Pecharunt|Air Balloon
|
|-heal|p2a: him|15/100 tox|[from] item: Leftovers
|-damage|p2a: him|9/100 tox|[from] psn
|upkeep
|turn|31
|
|t:|1781291848
|move|p1a: Pecharunt|Recover|p1a: Pecharunt
|-heal|p1a: Pecharunt|100/100
|-activate|p2a: him|confusion
|-damage|p2a: him|0 fnt|[from] confusion
|faint|p2a: him
|
|upkeep
|
|t:|1781291850
|switch|p2a: why|Cresselia, F, shiny, tera:Poison|32/100
|turn|32
|
|t:|1781291852
|-terastallize|p1a: Pecharunt|Ghost
|move|p1a: Pecharunt|Shadow Ball|p2a: why
|-damage|p2a: why|5/100
|-unboost|p2a: why|spd|1
|move|p2a: why|Moonlight|p2a: why
|-heal|p2a: why|55/100
|
|-heal|p2a: why|61/100|[from] item: Leftovers
|upkeep
|turn|33
|
|t:|1781291860
|move|p1a: Pecharunt|Nasty Plot|p1a: Pecharunt
|-boost|p1a: Pecharunt|spa|2
|move|p2a: why|Moonlight|p2a: why
|-heal|p2a: why|100/100
|
|upkeep
|turn|34
|
|t:|1781291862
|move|p1a: Pecharunt|Shadow Ball|p2a: why
|-damage|p2a: why|12/100
|move|p2a: why|Calm Mind|p2a: why
|-boost|p2a: why|spa|1
|-boost|p2a: why|spd|1
|
|-heal|p2a: why|18/100|[from] item: Leftovers
|upkeep
|turn|35
|
|t:|1781291865
|move|p1a: Pecharunt|Shadow Ball|p2a: why
|-damage|p2a: why|0 fnt
|faint|p2a: why
|
|win|Nikocado Allahcado
|raw|Nikocado Allahcado's rating: 1590 &rarr; <strong>1616</strong><br />(+26 for winning)
|raw|ridlostar's rating: 1702 &rarr; <strong>1676</strong><br />(-26 for losing)
|l|☆ridlostar
|player|p2|
|l|☆Nikocado Allahcado
|player|p1|
