|j|‽yesterdaymister
|j|☆samohi0
|t:|1781312004
|gametype|singles
|player|p1|yesterdaymister|striker|1777
|player|p2|samohi0|hoopster|1701
|gen|9
|tier|[Gen 9] OU
|rated|
|rule|HP Percentage Mod: HP is shown in percentages
|rule|Endless Battle Clause: Forcing endless battles is banned
|rule|Species Clause: Limit one of each Pokémon
|rule|OHKO Clause: OHKO moves are banned
|rule|Evasion Items Clause: Evasion items are banned
|rule|Evasion Moves Clause: Evasion moves are banned
|rule|Evasion Abilities Clause: Evasion abilities are banned
|rule|Sleep Moves Clause: Sleep-inducing moves are banned
|clearpoke
|poke|p1|Ninetales, F|
|poke|p1|Ceruledge, F|
|poke|p1|Venusaur, F|
|poke|p1|Hatterene, F|
|poke|p1|Great Tusk|
|poke|p1|Walking Wake|
|poke|p2|Lokix, M|
|poke|p2|Iron Valiant|
|poke|p2|Alomomola, L99, F|
|poke|p2|Mandibuzz, F|
|poke|p2|Great Tusk|
|poke|p2|Gholdengo|
|teampreview
|inactive|Battle timer is ON: inactive players will automatically lose when time's up. (requested by yesterdaymister)
|j| nesnot
|
|t:|1781312030
|teamsize|p1|6
|teamsize|p2|6
|start
|switch|p1a: Ninetales|Ninetales, F|100/100
|switch|p2a: Tetsuya Sawaki|Alomomola, L99, F|100/100
|-weather|SunnyDay|[from] ability: Drought|[of] p1a: Ninetales
|turn|1
|
|t:|1781312037
|switch|p1a: Hatterene|Hatterene, F|100/100
|move|p2a: Tetsuya Sawaki|Flip Turn|p1a: Hatterene
|-damage|p1a: Hatterene|95/100
|-enditem|p1a: Hatterene|Eject Button
|
|t:|1781312040
|switch|p1a: Venusaur|Venusaur, F|100/100
|
|-weather|SunnyDay|[upkeep]
|upkeep
|turn|2
|
|t:|1781312045
|move|p1a: Venusaur|Giga Drain|p2a: Tetsuya Sawaki
|-supereffective|p2a: Tetsuya Sawaki
|-damage|p2a: Tetsuya Sawaki|53/100
|-damage|p1a: Venusaur|91/100|[from] item: Life Orb
|move|p2a: Tetsuya Sawaki|Flip Turn|p1a: Venusaur
|-resisted|p1a: Venusaur
|-damage|p1a: Venusaur|86/100
|
|t:|1781312049
|switch|p2a: Shining Agito|Lokix, M, shiny|100/100|[from] Flip Turn
|
|-weather|SunnyDay|[upkeep]
|upkeep
|turn|3
|
|t:|1781312054
|switch|p1a: Great Tusk|Great Tusk|100/100
|-activate|p1a: Great Tusk|ability: Protosynthesis
|-start|p1a: Great Tusk|protosynthesisspe
|move|p2a: Shining Agito|U-turn|p1a: Great Tusk
|-resisted|p1a: Great Tusk
|-damage|p1a: Great Tusk|71/100
|-damage|p2a: Shining Agito|84/100|[from] item: Rocky Helmet|[of] p1a: Great Tusk
|
|t:|1781312060
|switch|p2a: G3-X|Iron Valiant, shiny|100/100|[from] U-turn
|
|-weather|SunnyDay|[upkeep]
|upkeep
|turn|4
|
|t:|1781312065
|-end|p1a: Great Tusk|Protosynthesis|[silent]
|switch|p1a: Hatterene|Hatterene, F|95/100
|move|p2a: G3-X|Moonblast|p1a: Hatterene
|-damage|p1a: Hatterene|25/100
|
|-weather|SunnyDay|[upkeep]
|upkeep
|turn|5
|
|t:|1781312067
|move|p2a: G3-X|Moonblast|p1a: Hatterene
|-crit|p1a: Hatterene
|-damage|p1a: Hatterene|0 fnt
|faint|p1a: Hatterene
|
|-weather|SunnyDay|[upkeep]
|upkeep
|
|t:|1781312069
|switch|p1a: Venusaur|Venusaur, F|86/100
|turn|6
|
|t:|1781312071
|-end|p2a: G3-X|Quark Drive|[silent]
|switch|p2a: Tetsuya Sawaki|Alomomola, L99, F|86/100
|move|p1a: Venusaur|Weather Ball|p2a: Tetsuya Sawaki
|-resisted|p2a: Tetsuya Sawaki
|-damage|p2a: Tetsuya Sawaki|67/100
|-damage|p1a: Venusaur|76/100|[from] item: Life Orb
|
|-weather|SunnyDay|[upkeep]
|upkeep
|turn|7
|
|t:|1781312075
|move|p1a: Venusaur|Giga Drain|p2a: Tetsuya Sawaki
|-supereffective|p2a: Tetsuya Sawaki
|-damage|p2a: Tetsuya Sawaki|12/100
|-heal|p1a: Venusaur|100/100|[from] drain|[of] p2a: Tetsuya Sawaki
|-damage|p1a: Venusaur|91/100|[from] item: Life Orb
|move|p2a: Tetsuya Sawaki|Flip Turn|p1a: Venusaur
|-resisted|p1a: Venusaur
|-damage|p1a: Venusaur|85/100
|
|t:|1781312078
|switch|p2a: Shining Agito|Lokix, M, shiny|84/100|[from] Flip Turn
|
|-weather|SunnyDay|[upkeep]
|upkeep
|turn|8
|
|t:|1781312081
|switch|p1a: Great Tusk|Great Tusk|71/100
|-activate|p1a: Great Tusk|ability: Protosynthesis
|-start|p1a: Great Tusk|protosynthesisspe
|move|p2a: Shining Agito|First Impression|p1a: Great Tusk
|-resisted|p1a: Great Tusk
|-damage|p1a: Great Tusk|27/100
|-damage|p2a: Shining Agito|67/100|[from] item: Rocky Helmet|[of] p1a: Great Tusk
|
|-weather|none
|-end|p1a: Great Tusk|Protosynthesis
|upkeep
|turn|9
|
|t:|1781312084
|switch|p2a: Tetsuya Sawaki|Alomomola, L99, F|46/100
|move|p1a: Great Tusk|Stealth Rock|p2a: Tetsuya Sawaki
|-sidestart|p2: samohi0|move: Stealth Rock
|
|upkeep
|turn|10
|
|t:|1781312090
|-end|p1a: Great Tusk|Protosynthesis|[silent]
|switch|p1a: Ninetales|Ninetales, F|100/100
|-weather|SunnyDay|[from] ability: Drought|[of] p1a: Ninetales
|switch|p2a: Overlord|Mandibuzz, F|100/100
|
|-weather|SunnyDay|[upkeep]
|upkeep
|turn|11
|
|t:|1781312095
|switch|p1a: Walking Wake|Walking Wake|100/100
|-activate|p1a: Walking Wake|ability: Protosynthesis
|-start|p1a: Walking Wake|protosynthesisspa
|move|p2a: Overlord|U-turn|p1a: Walking Wake
|-damage|p1a: Walking Wake|89/100
|j| mak7xr
|
|t:|1781312102
|switch|p2a: Tetsuya Sawaki|Alomomola, L99, F|79/100|[from] U-turn
|-damage|p2a: Tetsuya Sawaki|67/100|[from] Stealth Rock
|
|-weather|SunnyDay|[upkeep]
|upkeep
|turn|12
|
|t:|1781312110
|move|p1a: Walking Wake|Draco Meteor|p2a: Tetsuya Sawaki
|-damage|p2a: Tetsuya Sawaki|0 fnt
|-unboost|p1a: Walking Wake|spa|2
|faint|p2a: Tetsuya Sawaki
|
|-weather|SunnyDay|[upkeep]
|upkeep
|
|t:|1781312113
|switch|p2a: G3-X|Iron Valiant, shiny|100/100
|-damage|p2a: G3-X|94/100|[from] Stealth Rock
|turn|13
|
|t:|1781312117
|-end|p1a: Walking Wake|Protosynthesis|[silent]
|switch|p1a: Venusaur|Venusaur, F|85/100
|move|p2a: G3-X|Shadow Ball|p1a: Venusaur
|-damage|p1a: Venusaur|44/100
|
|-weather|SunnyDay|[upkeep]
|upkeep
|turn|14
|
|t:|1781312122
|-end|p2a: G3-X|Quark Drive|[silent]
|switch|p2a: Overlord|Mandibuzz, F|100/100
|move|p1a: Venusaur|Weather Ball|p2a: Overlord
|-damage|p2a: Overlord|47/100
|-damage|p1a: Venusaur|34/100|[from] item: Life Orb
|
|-weather|SunnyDay|[upkeep]
|upkeep
|turn|15
|
|t:|1781312132
|move|p1a: Venusaur|Weather Ball|p2a: Overlord
|-damage|p2a: Overlord|0 fnt
|faint|p2a: Overlord
|-damage|p1a: Venusaur|24/100|[from] item: Life Orb
|
|-weather|SunnyDay|[upkeep]
|upkeep
|
|t:|1781312137
|switch|p2a: Shining Agito|Lokix, M, shiny|67/100
|-damage|p2a: Shining Agito|43/100|[from] Stealth Rock
|turn|16
|
|t:|1781312141
|switch|p1a: Great Tusk|Great Tusk|27/100
|-activate|p1a: Great Tusk|ability: Protosynthesis
|-start|p1a: Great Tusk|protosynthesisspe
|move|p2a: Shining Agito|Leech Life|p1a: Great Tusk
|-resisted|p1a: Great Tusk
|-damage|p1a: Great Tusk|0 fnt
|-heal|p2a: Shining Agito|63/100|[from] drain|[of] p1a: Great Tusk
|-damage|p2a: Shining Agito|46/100|[from] item: Rocky Helmet|[of] p1a: Great Tusk
|faint|p1a: Great Tusk
|-end|p1a: Great Tusk|Protosynthesis|[silent]
|
|-weather|SunnyDay|[upkeep]
|upkeep
|
|t:|1781312143
|switch|p1a: Ceruledge|Ceruledge, F|100/100
|turn|17
|
|t:|1781312149
|move|p1a: Ceruledge|Bitter Blade|p2a: Shining Agito
|-supereffective|p2a: Shining Agito
|-damage|p2a: Shining Agito|0 fnt
|faint|p2a: Shining Agito
|
|-weather|none
|upkeep
|
|t:|1781312152
|switch|p2a: Gills Exceed|Great Tusk|100/100
|turn|18
|
|t:|1781312157
|move|p2a: Gills Exceed|Rapid Spin|p1a: Ceruledge
|-immune|p1a: Ceruledge
|move|p1a: Ceruledge|Swords Dance|p1a: Ceruledge
|-boost|p1a: Ceruledge|atk|2
|
|upkeep
|turn|19
|
|t:|1781312162
|move|p2a: Gills Exceed|Headlong Rush|p1a: Ceruledge
|-supereffective|p1a: Ceruledge
|-enditem|p1a: Ceruledge|Focus Sash
|-damage|p1a: Ceruledge|1/100
|-unboost|p2a: Gills Exceed|def|1
|-unboost|p2a: Gills Exceed|spd|1
|-ability|p1a: Ceruledge|Weak Armor|boost
|-unboost|p1a: Ceruledge|def|1
|-boost|p1a: Ceruledge|spe|2
|move|p1a: Ceruledge|Swords Dance|p1a: Ceruledge
|-boost|p1a: Ceruledge|atk|2
|
|upkeep
|turn|20
|
|t:|1781312166
|move|p1a: Ceruledge|Bitter Blade|p2a: Gills Exceed
|-damage|p2a: Gills Exceed|0 fnt
|-heal|p1a: Ceruledge|65/100|[from] drain|[of] p2a: Gills Exceed
|faint|p2a: Gills Exceed
|-end|p2a: Gills Exceed|Protosynthesis|[silent]
|
|upkeep
|-message|samohi0 forfeited.
|
|win|yesterdaymister
|raw|yesterdaymister's rating: 1777 &rarr; <strong>1793</strong><br />(+16 for winning)
|raw|samohi0's rating: 1701 &rarr; <strong>1685</strong><br />(-16 for losing)
|l|☆samohi0
|player|p2|
|l| mak7xr
|l|‽yesterdaymister
|player|p1|
