|j|‽LT_Alt1
|j|☆KurisuChestnutOU
|t:|1781172371
|gametype|singles
|player|p1|LT_Alt1|266|1742
|player|p2|KurisuChestnutOU|may-contest|1473
|gen|9
|tier|[Gen 9] OU
|rated|
|rule|HP Percentage Mod: HP is shown in percentages
|rule|Endless Battle Clause: Forcing endless battles is banned
|rule|Species Clause: Limit one of each Pokémon
|rule|OHKO Clause: OHKO moves are banned
|rule|Evasion Items Clause: Evasion items are banned
|rule|Evasion Moves Clause: Evasion moves are banned
|rule|Evasion Abilities Clause: Evasion abilities are banned
|rule|Sleep Moves Clause: Sleep-inducing moves are banned
|clearpoke
|poke|p1|Kyurem|
|poke|p1|Raging Bolt|
|poke|p1|Hatterene, F|
|poke|p1|Slowking-Galar, F|
|poke|p1|Ting-Lu|
|poke|p1|Corviknight, M|
|poke|p2|Hawlucha, F|
|poke|p2|Samurott-Hisui, F|
|poke|p2|Rillaboom, F|
|poke|p2|Gholdengo|
|poke|p2|Kyurem|
|poke|p2|Landorus-Therian, M|
|teampreview
|inactive|Battle timer is ON: inactive players will automatically lose when time's up. (requested by KurisuChestnutOU)
|
|t:|1781172393
|teamsize|p1|6
|teamsize|p2|6
|start
|switch|p1a: Raging Bolt|Raging Bolt|100/100
|switch|p2a: Rillaboom|Rillaboom, F|100/100
|-fieldstart|move: Grassy Terrain|[from] ability: Grassy Surge|[of] p2a: Rillaboom
|turn|1
|
|t:|1781172399
|switch|p2a: Kyurem|Kyurem|100/100
|-ability|p2a: Kyurem|Pressure
|move|p1a: Raging Bolt|Draco Meteor|p2a: Kyurem
|-supereffective|p2a: Kyurem
|-damage|p2a: Kyurem|5/100
|-unboost|p1a: Raging Bolt|spa|2
|
|-heal|p2a: Kyurem|11/100|[from] Grassy Terrain
|upkeep
|turn|2
|
|t:|1781172410
|-end|p1a: Raging Bolt|Protosynthesis|[silent]
|switch|p1a: Slowking|Slowking-Galar, F|100/100
|move|p2a: Kyurem|Ice Beam|p1a: Slowking
|-damage|p1a: Slowking|67/100
|
|-heal|p2a: Kyurem|18/100|[from] Grassy Terrain
|-heal|p1a: Slowking|73/100|[from] Grassy Terrain
|upkeep
|turn|3
|
|t:|1781172418
|move|p2a: Kyurem|Ice Beam|p1a: Slowking
|-damage|p1a: Slowking|40/100
|move|p1a: Slowking|Flamethrower|p2a: Kyurem
|-damage|p2a: Kyurem|3/100
|
|-heal|p2a: Kyurem|9/100|[from] Grassy Terrain
|-heal|p1a: Slowking|46/100|[from] Grassy Terrain
|upkeep
|turn|4
|
|t:|1781172426
|move|p2a: Kyurem|Ice Beam|p1a: Slowking
|-damage|p1a: Slowking|16/100
|move|p1a: Slowking|Sludge Bomb|p2a: Kyurem
|-damage|p2a: Kyurem|0 fnt
|faint|p2a: Kyurem
|
|-heal|p1a: Slowking|22/100|[from] Grassy Terrain
|upkeep
|
|t:|1781172431
|switch|p2a: Hawlucha|Hawlucha, F|100/100
|-enditem|p2a: Hawlucha|Grassy Seed
|-boost|p2a: Hawlucha|def|1|[from] item: Grassy Seed
|turn|5
|
|t:|1781172437
|move|p2a: Hawlucha|Acrobatics|p1a: Slowking
|-damage|p1a: Slowking|0 fnt
|faint|p1a: Slowking
|
|-fieldend|move: Grassy Terrain
|upkeep
|
|t:|1781172443
|switch|p1a: Raging Bolt|Raging Bolt|100/100
|turn|6
|
|t:|1781172450
|switch|p2a: Landorus|Landorus-Therian, M|100/100
|-ability|p2a: Landorus|Intimidate|boost
|-unboost|p1a: Raging Bolt|atk|1
|move|p1a: Raging Bolt|Thunderbolt|p2a: Landorus
|-immune|p2a: Landorus
|
|upkeep
|turn|7
|
|t:|1781172457
|move|p2a: Landorus|U-turn|p1a: Raging Bolt
|-damage|p1a: Raging Bolt|84/100
|
|t:|1781172464
|switch|p2a: Rillaboom|Rillaboom, F|100/100|[from] U-turn
|-fieldstart|move: Grassy Terrain|[from] ability: Grassy Surge|[of] p2a: Rillaboom
|move|p1a: Raging Bolt|Volt Switch|p2a: Rillaboom
|-resisted|p2a: Rillaboom
|-damage|p2a: Rillaboom|77/100
|
|t:|1781172475
|-end|p1a: Raging Bolt|Protosynthesis|[silent]
|switch|p1a: Kyurem|Kyurem|100/100|[from] Volt Switch
|-ability|p1a: Kyurem|Pressure
|
|-heal|p2a: Rillaboom|83/100|[from] Grassy Terrain
|upkeep
|turn|8
|
|t:|1781172502
|switch|p2a: Gholdengo|Gholdengo|100/100
|move|p1a: Kyurem|Freeze-Dry|p2a: Gholdengo
|-resisted|p2a: Gholdengo
|-damage|p2a: Gholdengo|66/100
|
|-heal|p2a: Gholdengo|72/100|[from] Grassy Terrain
|upkeep
|turn|9
|
|t:|1781172514
|switch|p1a: Raging Bolt|Raging Bolt|84/100
|move|p2a: Gholdengo|Make It Rain|p1a: Raging Bolt
|-resisted|p1a: Raging Bolt
|-damage|p1a: Raging Bolt|67/100
|-unboost|p2a: Gholdengo|spa|1
|
|-heal|p2a: Gholdengo|78/100|[from] Grassy Terrain
|-heal|p1a: Raging Bolt|73/100|[from] Grassy Terrain
|upkeep
|turn|10
|
|t:|1781172520
|switch|p2a: Samurott|Samurott-Hisui, F|100/100
|move|p1a: Raging Bolt|Draco Meteor|p2a: Samurott
|-damage|p2a: Samurott|54/100
|-unboost|p1a: Raging Bolt|spa|2
|
|-heal|p2a: Samurott|60/100|[from] Grassy Terrain
|-heal|p1a: Raging Bolt|80/100|[from] Grassy Terrain
|upkeep
|turn|11
|
|t:|1781172535
|move|p2a: Samurott|Ceaseless Edge|p1a: Raging Bolt
|-damage|p1a: Raging Bolt|47/100
|-sidestart|p1: LT_Alt1|Spikes
|move|p1a: Raging Bolt|Volt Switch|p2a: Samurott
|-supereffective|p2a: Samurott
|-damage|p2a: Samurott|32/100
|
|t:|1781172539
|-end|p1a: Raging Bolt|Protosynthesis|[silent]
|switch|p1a: Kyurem|Kyurem|100/100|[from] Volt Switch
|-damage|p1a: Kyurem|88/100|[from] Spikes
|-ability|p1a: Kyurem|Pressure
|
|-heal|p1a: Kyurem|94/100|[from] Grassy Terrain
|-heal|p2a: Samurott|38/100|[from] Grassy Terrain
|-fieldend|move: Grassy Terrain
|upkeep
|turn|12
|
|t:|1781172550
|move|p2a: Samurott|Sucker Punch|p1a: Kyurem
|-damage|p1a: Kyurem|66/100
|move|p1a: Kyurem|Freeze-Dry|p2a: Samurott
|-supereffective|p2a: Samurott
|-damage|p2a: Samurott|0 fnt
|faint|p2a: Samurott
|
|upkeep
|
|t:|1781172554
|switch|p2a: Gholdengo|Gholdengo|78/100
|turn|13
|
|t:|1781172563
|switch|p1a: Ting-Lu|Ting-Lu|100/100
|-damage|p1a: Ting-Lu|88/100|[from] Spikes
|-ability|p1a: Ting-Lu|Vessel of Ruin
|move|p2a: Gholdengo|Make It Rain|p1a: Ting-Lu
|-damage|p1a: Ting-Lu|58/100
|-unboost|p2a: Gholdengo|spa|1
|
|-heal|p1a: Ting-Lu|64/100|[from] item: Leftovers
|upkeep
|turn|14
|
|t:|1781172570
|switch|p2a: Rillaboom|Rillaboom, F|83/100
|-fieldstart|move: Grassy Terrain|[from] ability: Grassy Surge|[of] p2a: Rillaboom
|move|p1a: Ting-Lu|Spikes|p2a: Rillaboom
|-sidestart|p2: KurisuChestnutOU|Spikes
|
|-heal|p2a: Rillaboom|90/100|[from] Grassy Terrain
|-heal|p1a: Ting-Lu|71/100|[from] Grassy Terrain
|-heal|p1a: Ting-Lu|77/100|[from] item: Leftovers
|upkeep
|turn|15
|inactive|LT_Alt1 has 120 seconds left.
|
|t:|1781172611
|switch|p1a: Raging Bolt|Raging Bolt|47/100
|-damage|p1a: Raging Bolt|35/100|[from] Spikes
|move|p2a: Rillaboom|Wood Hammer|p1a: Raging Bolt
|-resisted|p1a: Raging Bolt
|-damage|p1a: Raging Bolt|0 fnt
|faint|p1a: Raging Bolt
|-end|p1a: Raging Bolt|Protosynthesis|[silent]
|-damage|p2a: Rillaboom|77/100|[from] Recoil
|
|-heal|p2a: Rillaboom|83/100|[from] Grassy Terrain
|upkeep
|inactive|LT_Alt1 has 90 seconds left.
|
|t:|1781172647
|switch|p1a: Kyurem|Kyurem|66/100
|-damage|p1a: Kyurem|54/100|[from] Spikes
|-ability|p1a: Kyurem|Pressure
|turn|16
|
|t:|1781172656
|-terastallize|p2a: Rillaboom|Fire
|move|p1a: Kyurem|Blizzard|p2a: Rillaboom
|-resisted|p2a: Rillaboom
|-damage|p2a: Rillaboom|29/100
|move|p2a: Rillaboom|Swords Dance|p2a: Rillaboom
|-boost|p2a: Rillaboom|atk|2
|
|-heal|p1a: Kyurem|60/100|[from] Grassy Terrain
|-heal|p2a: Rillaboom|35/100|[from] Grassy Terrain
|upkeep
|turn|17
|inactive|LT_Alt1 has 90 seconds left.
|
|t:|1781172670
|move|p2a: Rillaboom|Grassy Glide|p1a: Kyurem
|-resisted|p1a: Kyurem
|-damage|p1a: Kyurem|21/100
|move|p1a: Kyurem|Blizzard|p2a: Rillaboom
|-resisted|p2a: Rillaboom
|-damage|p2a: Rillaboom|0 fnt
|faint|p2a: Rillaboom
|
|-heal|p1a: Kyurem|27/100|[from] Grassy Terrain
|upkeep
|
|t:|1781172675
|switch|p2a: Gholdengo|Gholdengo|78/100
|-damage|p2a: Gholdengo|66/100|[from] Spikes
|turn|18
|inactive|LT_Alt1 has 90 seconds left.
|
|t:|1781172693
|move|p2a: Gholdengo|Make It Rain|p1a: Kyurem
|-supereffective|p1a: Kyurem
|-damage|p1a: Kyurem|0 fnt
|-unboost|p2a: Gholdengo|spa|1
|faint|p1a: Kyurem
|
|-heal|p2a: Gholdengo|72/100|[from] Grassy Terrain
|-fieldend|move: Grassy Terrain
|upkeep
|
|t:|1781172702
|switch|p1a: Ting-Lu|Ting-Lu|77/100
|-damage|p1a: Ting-Lu|64/100|[from] Spikes
|-ability|p1a: Ting-Lu|Vessel of Ruin
|turn|19
|inactive|LT_Alt1 has 90 seconds left.
|
|t:|1781172709
|switch|p2a: Hawlucha|Hawlucha, F|100/100
|move|p1a: Ting-Lu|Ruination|p2a: Hawlucha
|-damage|p2a: Hawlucha|51/100
|
|-heal|p1a: Ting-Lu|71/100|[from] item: Leftovers
|upkeep
|turn|20
|
|t:|1781172718
|move|p2a: Hawlucha|Acrobatics|p1a: Ting-Lu
|-damage|p1a: Ting-Lu|45/100
|move|p1a: Ting-Lu|Whirlwind|p2a: Hawlucha
|drag|p2a: Landorus|Landorus-Therian, M|100/100
|-ability|p2a: Landorus|Intimidate|boost
|-unboost|p1a: Ting-Lu|atk|1
|
|-heal|p1a: Ting-Lu|52/100|[from] item: Leftovers
|upkeep
|turn|21
|inactive|LT_Alt1 has 90 seconds left.
|
|t:|1781172738
|switch|p1a: Corviknight|Corviknight, M|100/100
|-ability|p1a: Corviknight|Pressure
|move|p2a: Landorus|U-turn|p1a: Corviknight
|-resisted|p1a: Corviknight
|-damage|p1a: Corviknight|97/100
|-damage|p2a: Landorus|84/100|[from] item: Rocky Helmet|[of] p1a: Corviknight
|
|t:|1781172746
|switch|p2a: Gholdengo|Gholdengo|72/100|[from] U-turn
|-damage|p2a: Gholdengo|59/100|[from] Spikes
|
|upkeep
|turn|22
|inactive|LT_Alt1 has 90 seconds left.
|inactive|LT_Alt1 has 60 seconds left.
|n|‽LT_Alt1|ltalt1
|n|‽LT_Alt1|ltalt1
|
|t:|1781172805
|switch|p1a: Ting-Lu|Ting-Lu|52/100
|-damage|p1a: Ting-Lu|39/100|[from] Spikes
|-ability|p1a: Ting-Lu|Vessel of Ruin
|move|p2a: Gholdengo|Shadow Ball|p1a: Ting-Lu
|-resisted|p1a: Ting-Lu
|-damage|p1a: Ting-Lu|29/100
|
|-heal|p1a: Ting-Lu|36/100|[from] item: Leftovers
|upkeep
|turn|23
|
|t:|1781172812
|switch|p2a: Hawlucha|Hawlucha, F|51/100
|move|p1a: Ting-Lu|Spikes|p2a: Hawlucha
|-sidestart|p2: KurisuChestnutOU|Spikes
|
|-heal|p1a: Ting-Lu|42/100|[from] item: Leftovers
|upkeep
|turn|24
|
|t:|1781172816
|switch|p1a: Corviknight|Corviknight, M|97/100
|-ability|p1a: Corviknight|Pressure
|move|p2a: Hawlucha|Acrobatics|p1a: Corviknight
|-resisted|p1a: Corviknight
|-damage|p1a: Corviknight|82/100
|-damage|p2a: Hawlucha|34/100|[from] item: Rocky Helmet|[of] p1a: Corviknight
|
|upkeep
|turn|25
|
|t:|1781172825
|move|p2a: Hawlucha|Swords Dance|p2a: Hawlucha
|-boost|p2a: Hawlucha|atk|2
|move|p1a: Corviknight|Body Press|p2a: Hawlucha
|-resisted|p2a: Hawlucha
|-damage|p2a: Hawlucha|19/100
|
|upkeep
|turn|26
|
|t:|1781172831
|move|p2a: Hawlucha|Roost|p2a: Hawlucha
|-heal|p2a: Hawlucha|69/100
|-singleturn|p2a: Hawlucha|move: Roost
|move|p1a: Corviknight|Body Press|p2a: Hawlucha
|-damage|p2a: Hawlucha|38/100
|
|upkeep
|turn|27
|
|t:|1781172838
|move|p2a: Hawlucha|Roost|p2a: Hawlucha
|-heal|p2a: Hawlucha|88/100
|-singleturn|p2a: Hawlucha|move: Roost
|move|p1a: Corviknight|Iron Defense|p1a: Corviknight
|-boost|p1a: Corviknight|def|2
|
|upkeep
|turn|28
|
|t:|1781172853
|move|p2a: Hawlucha|Low Kick|p1a: Corviknight
|-damage|p1a: Corviknight|59/100
|-damage|p2a: Hawlucha|72/100|[from] item: Rocky Helmet|[of] p1a: Corviknight
|move|p1a: Corviknight|Iron Defense|p1a: Corviknight
|-boost|p1a: Corviknight|def|2
|
|upkeep
|turn|29
|inactive|LT_Alt1 has 60 seconds left.
|
|t:|1781172891
|switch|p2a: Gholdengo|Gholdengo|59/100
|-damage|p2a: Gholdengo|43/100|[from] Spikes
|move|p1a: Corviknight|Roost|p1a: Corviknight
|-heal|p1a: Corviknight|100/100
|-singleturn|p1a: Corviknight|move: Roost
|
|upkeep
|turn|30
|inactive|LT_Alt1 has 60 seconds left.
|
|t:|1781172899
|switch|p1a: Ting-Lu|Ting-Lu|42/100
|-damage|p1a: Ting-Lu|29/100|[from] Spikes
|-ability|p1a: Ting-Lu|Vessel of Ruin
|move|p2a: Gholdengo|Recover|p2a: Gholdengo
|-heal|p2a: Gholdengo|93/100
|
|-heal|p1a: Ting-Lu|36/100|[from] item: Leftovers
|upkeep
|turn|31
|
|t:|1781172904
|move|p2a: Gholdengo|Recover|p2a: Gholdengo
|-heal|p2a: Gholdengo|100/100
|move|p1a: Ting-Lu|Spikes|p2a: Gholdengo
|-sidestart|p2: KurisuChestnutOU|Spikes
|
|-heal|p1a: Ting-Lu|42/100|[from] item: Leftovers
|upkeep
|turn|32
|
|t:|1781172912
|switch|p2a: Hawlucha|Hawlucha, F|72/100
|move|p1a: Ting-Lu|Ruination|p2a: Hawlucha
|-damage|p2a: Hawlucha|36/100
|
|-heal|p1a: Ting-Lu|48/100|[from] item: Leftovers
|upkeep
|turn|33
|
|t:|1781172922
|switch|p1a: Corviknight|Corviknight, M|100/100
|-ability|p1a: Corviknight|Pressure
|move|p2a: Hawlucha|Acrobatics|p1a: Corviknight
|-resisted|p1a: Corviknight
|-crit|p1a: Corviknight
|-damage|p1a: Corviknight|75/100
|-damage|p2a: Hawlucha|20/100|[from] item: Rocky Helmet|[of] p1a: Corviknight
|
|upkeep
|turn|34
|
|t:|1781172926
|move|p2a: Hawlucha|Roost|p2a: Hawlucha
|-heal|p2a: Hawlucha|70/100
|-singleturn|p2a: Hawlucha|move: Roost
|move|p1a: Corviknight|Iron Defense|p1a: Corviknight
|-boost|p1a: Corviknight|def|2
|
|upkeep
|turn|35
|
|t:|1781172936
|switch|p1a: Ting-Lu|Ting-Lu|48/100
|-damage|p1a: Ting-Lu|36/100|[from] Spikes
|-ability|p1a: Ting-Lu|Vessel of Ruin
|move|p2a: Hawlucha|Roost|p2a: Hawlucha
|-heal|p2a: Hawlucha|100/100
|-singleturn|p2a: Hawlucha|move: Roost
|
|-heal|p1a: Ting-Lu|42/100|[from] item: Leftovers
|upkeep
|turn|36
|
|t:|1781172941
|switch|p1a: Corviknight|Corviknight, M|75/100
|-ability|p1a: Corviknight|Pressure
|move|p2a: Hawlucha|Swords Dance|p2a: Hawlucha
|-boost|p2a: Hawlucha|atk|2
|
|upkeep
|turn|37
|
|t:|1781172949
|move|p2a: Hawlucha|Low Kick|p1a: Corviknight
|-damage|p1a: Corviknight|27/100
|-damage|p2a: Hawlucha|84/100|[from] item: Rocky Helmet|[of] p1a: Corviknight
|move|p1a: Corviknight|Iron Defense|p1a: Corviknight
|-boost|p1a: Corviknight|def|2
|
|upkeep
|turn|38
|inactive|LT_Alt1 has 120 seconds left.
|
|t:|1781172956
|move|p2a: Hawlucha|Low Kick|p1a: Corviknight
|-damage|p1a: Corviknight|3/100
|-damage|p2a: Hawlucha|67/100|[from] item: Rocky Helmet|[of] p1a: Corviknight
|move|p1a: Corviknight|Roost|p1a: Corviknight
|-heal|p1a: Corviknight|53/100
|-singleturn|p1a: Corviknight|move: Roost
|
|upkeep
|turn|39
|
|t:|1781172959
|move|p2a: Hawlucha|Low Kick|p1a: Corviknight
|-damage|p1a: Corviknight|29/100
|-damage|p2a: Hawlucha|51/100|[from] item: Rocky Helmet|[of] p1a: Corviknight
|move|p1a: Corviknight|Roost|p1a: Corviknight
|-heal|p1a: Corviknight|79/100
|-singleturn|p1a: Corviknight|move: Roost
|
|upkeep
|turn|40
|
|t:|1781172962
|move|p2a: Hawlucha|Roost|p2a: Hawlucha
|-heal|p2a: Hawlucha|100/100
|-singleturn|p2a: Hawlucha|move: Roost
|move|p1a: Corviknight|Body Press|p2a: Hawlucha
|-damage|p2a: Hawlucha|43/100
|
|upkeep
|turn|41
|
|t:|1781172979
|move|p2a: Hawlucha|Roost|p2a: Hawlucha
|-heal|p2a: Hawlucha|93/100
|-singleturn|p2a: Hawlucha|move: Roost
|move|p1a: Corviknight|Defog|p2a: Hawlucha
|-unboost|p2a: Hawlucha|evasion|1
|-sideend|p2: KurisuChestnutOU|Spikes|[from] move: Defog|[of] p1a: Corviknight
|-sideend|p1: LT_Alt1|Spikes|[from] move: Defog|[of] p1a: Corviknight
|
|upkeep
|turn|42
|
|t:|1781172985
|move|p2a: Hawlucha|Roost|p2a: Hawlucha
|-heal|p2a: Hawlucha|100/100
|-singleturn|p2a: Hawlucha|move: Roost
|move|p1a: Corviknight|Body Press|p2a: Hawlucha
|-damage|p2a: Hawlucha|38/100
|
|upkeep
|turn|43
|
|t:|1781172990
|switch|p2a: Gholdengo|Gholdengo|100/100
|move|p1a: Corviknight|Body Press|p2a: Gholdengo
|-immune|p2a: Gholdengo
|
|upkeep
|turn|44
|
|t:|1781172994
|switch|p1a: Ting-Lu|Ting-Lu|42/100
|-ability|p1a: Ting-Lu|Vessel of Ruin
|move|p2a: Gholdengo|Shadow Ball|p1a: Ting-Lu
|-resisted|p1a: Ting-Lu
|-damage|p1a: Ting-Lu|33/100
|
|-heal|p1a: Ting-Lu|39/100|[from] item: Leftovers
|upkeep
|turn|45
|
|t:|1781173001
|switch|p2a: Hawlucha|Hawlucha, F|38/100
|move|p1a: Ting-Lu|Spikes|p2a: Hawlucha
|-sidestart|p2: KurisuChestnutOU|Spikes
|
|-heal|p1a: Ting-Lu|45/100|[from] item: Leftovers
|upkeep
|turn|46
|
|t:|1781173005
|switch|p1a: Corviknight|Corviknight, M|79/100
|-ability|p1a: Corviknight|Pressure
|move|p2a: Hawlucha|Acrobatics|p1a: Corviknight
|-resisted|p1a: Corviknight
|-damage|p1a: Corviknight|61/100
|-damage|p2a: Hawlucha|21/100|[from] item: Rocky Helmet|[of] p1a: Corviknight
|
|upkeep
|turn|47
|
|t:|1781173010
|move|p2a: Hawlucha|Roost|p2a: Hawlucha
|-heal|p2a: Hawlucha|71/100
|-singleturn|p2a: Hawlucha|move: Roost
|move|p1a: Corviknight|Body Press|p2a: Hawlucha
|-damage|p2a: Hawlucha|42/100
|
|upkeep
|turn|48
|
|t:|1781173014
|switch|p2a: Landorus|Landorus-Therian, M|84/100
|-ability|p2a: Landorus|Intimidate|boost
|-unboost|p1a: Corviknight|atk|1
|move|p1a: Corviknight|Iron Defense|p1a: Corviknight
|-boost|p1a: Corviknight|def|2
|
|upkeep
|turn|49
|
|t:|1781173018
|switch|p1a: Hatterene|Hatterene, F|100/100
|move|p2a: Landorus|Taunt|p1a: Hatterene
|move|p1a: Hatterene|Taunt|p2a: Landorus|[from] ability: Magic Bounce
|-start|p2a: Landorus|move: Taunt
|
|upkeep
|turn|50
|
|t:|1781173027
|switch|p1a: Corviknight|Corviknight, M|61/100
|-ability|p1a: Corviknight|Pressure
|move|p2a: Landorus|U-turn|p1a: Corviknight
|-resisted|p1a: Corviknight
|-damage|p1a: Corviknight|58/100
|-damage|p2a: Landorus|67/100|[from] item: Rocky Helmet|[of] p1a: Corviknight
|
|t:|1781173031
|switch|p2a: Gholdengo|Gholdengo|100/100|[from] U-turn
|-damage|p2a: Gholdengo|88/100|[from] Spikes
|
|upkeep
|turn|51
|
|t:|1781173038
|switch|p1a: Ting-Lu|Ting-Lu|45/100
|-ability|p1a: Ting-Lu|Vessel of Ruin
|move|p2a: Gholdengo|Shadow Ball|p1a: Ting-Lu
|-resisted|p1a: Ting-Lu
|-damage|p1a: Ting-Lu|35/100
|-unboost|p1a: Ting-Lu|spd|1
|
|-heal|p1a: Ting-Lu|41/100|[from] item: Leftovers
|upkeep
|turn|52
|
|t:|1781173042
|switch|p2a: Hawlucha|Hawlucha, F|42/100
|move|p1a: Ting-Lu|Spikes|p2a: Hawlucha
|-sidestart|p2: KurisuChestnutOU|Spikes
|
|-heal|p1a: Ting-Lu|47/100|[from] item: Leftovers
|upkeep
|turn|53
|
|t:|1781173047
|switch|p1a: Corviknight|Corviknight, M|58/100
|-ability|p1a: Corviknight|Pressure
|move|p2a: Hawlucha|Swords Dance|p2a: Hawlucha
|-boost|p2a: Hawlucha|atk|2
|
|upkeep
|turn|54
|
|t:|1781173050
|move|p2a: Hawlucha|Low Kick|p1a: Corviknight
|-damage|p1a: Corviknight|8/100
|-damage|p2a: Hawlucha|25/100|[from] item: Rocky Helmet|[of] p1a: Corviknight
|move|p1a: Corviknight|Iron Defense|p1a: Corviknight
|-boost|p1a: Corviknight|def|2
|
|upkeep
|turn|55
|
|t:|1781173055
|move|p2a: Hawlucha|Acrobatics|p1a: Corviknight
|-resisted|p1a: Corviknight
|-damage|p1a: Corviknight|0 fnt
|-damage|p2a: Hawlucha|9/100|[from] item: Rocky Helmet|[of] p1a: Corviknight
|faint|p1a: Corviknight
|
|upkeep
|
|t:|1781173057
|switch|p1a: Hatterene|Hatterene, F|100/100
|turn|56
|
|t:|1781173062
|move|p2a: Hawlucha|Acrobatics|p1a: Hatterene
|-damage|p1a: Hatterene|11/100
|move|p1a: Hatterene|Dazzling Gleam|p2a: Hawlucha
|-supereffective|p2a: Hawlucha
|-damage|p2a: Hawlucha|0 fnt
|faint|p2a: Hawlucha
|
|-heal|p1a: Hatterene|17/100|[from] item: Leftovers
|upkeep
|
|t:|1781173068
|switch|p2a: Landorus|Landorus-Therian, M|67/100
|-ability|p2a: Landorus|Intimidate|boost
|-unboost|p1a: Hatterene|atk|1
|turn|57
|
|t:|1781173073
|move|p2a: Landorus|Earth Power|p1a: Hatterene
|-damage|p1a: Hatterene|0 fnt
|faint|p1a: Hatterene
|
|upkeep
|
|t:|1781173075
|switch|p1a: Ting-Lu|Ting-Lu|47/100
|-ability|p1a: Ting-Lu|Vessel of Ruin
|turn|58
|
|t:|1781173079
|move|p2a: Landorus|Earth Power|p1a: Ting-Lu
|-damage|p1a: Ting-Lu|32/100
|move|p1a: Ting-Lu|Earthquake|p2a: Landorus
|-immune|p2a: Landorus
|
|-heal|p1a: Ting-Lu|38/100|[from] item: Leftovers
|upkeep
|turn|59
|
|t:|1781173082
|move|p2a: Landorus|Earth Power|p1a: Ting-Lu
|-damage|p1a: Ting-Lu|23/100
|move|p1a: Ting-Lu|Ruination|p2a: Landorus
|-damage|p2a: Landorus|34/100
|
|-heal|p1a: Ting-Lu|29/100|[from] item: Leftovers
|upkeep
|turn|60
|-message|LT_Alt1 forfeited.
|
|win|KurisuChestnutOU
|raw|LT_Alt1's rating: 1742 &rarr; <strong>1709</strong><br />(-33 for losing)
|raw|KurisuChestnutOU's rating: 1471 &rarr; <strong>1504</strong><br />(+33 for winning)
