|j|☆enderprise
|j|☆Nick Suzuki
|t:|1781487675
|gametype|singles
|player|p1|enderprise|101|1624
|player|p2|Nick Suzuki|pokemonbreeder-gen6|1640
|gen|9
|tier|[Gen 9] OU
|rated|
|rule|HP Percentage Mod: HP is shown in percentages
|rule|Endless Battle Clause: Forcing endless battles is banned
|rule|Species Clause: Limit one of each Pokémon
|rule|OHKO Clause: OHKO moves are banned
|rule|Evasion Items Clause: Evasion items are banned
|rule|Evasion Moves Clause: Evasion moves are banned
|rule|Evasion Abilities Clause: Evasion abilities are banned
|rule|Sleep Moves Clause: Sleep-inducing moves are banned
|clearpoke
|poke|p1|Hoopa-Unbound|
|poke|p1|Darkrai|
|poke|p1|Lokix, M|
|poke|p1|Kingambit, F|
|poke|p1|Samurott-Hisui, M|
|poke|p1|Mandibuzz, F|
|poke|p2|Iron Valiant|
|poke|p2|Gholdengo|
|poke|p2|Glimmora, M|
|poke|p2|Dragonite, F|
|poke|p2|Samurott-Hisui, F|
|poke|p2|Garchomp, M|
|teampreview
|j| samurajen
|j| rexa2
|inactive|Battle timer is ON: inactive players will automatically lose when time's up. (requested by enderprise)
|
|t:|1781487710
|teamsize|p1|6
|teamsize|p2|6
|start
|switch|p1a: Darkrai|Darkrai|100/100
|switch|p2a: Samurott|Samurott-Hisui, F|100/100
|turn|1
|
|t:|1781487726
|move|p2a: Samurott|Sacred Sword|p1a: Darkrai
|-supereffective|p1a: Darkrai
|-damage|p1a: Darkrai|0 fnt
|faint|p1a: Darkrai
|
|upkeep
|
|t:|1781487740
|switch|p1a: Mandibuzz|Mandibuzz, F|100/100
|turn|2
|j| nesnot
|
|t:|1781487750
|switch|p2a: Glimmora|Glimmora, M|100/100
|switch|p1a: Samurott|Samurott-Hisui, M|100/100
|
|upkeep
|turn|3
|inactive|enderprise has 120 seconds left.
|l|☆enderprise
|inactive|enderprise disconnected and has a minute to reconnect!
|player|p1|
|j|☆enderprise
|inactive|enderprise reconnected and has 90 seconds left.
|player|p1|enderprise|101|
|
|t:|1781487811
|move|p1a: Samurott|Ceaseless Edge|p2a: Glimmora
|-damage|p2a: Glimmora|66/100
|-activate|p2a: Glimmora|ability: Toxic Debris
|-sidestart|p1: enderprise|move: Toxic Spikes
|-sidestart|p2: Nick Suzuki|Spikes
|-enditem|p2a: Glimmora|Red Card|[of] p1a: Samurott
|drag|p1a: Mandibuzz|Mandibuzz, F|100/100
|move|p2a: Glimmora|Stealth Rock|p1a: Mandibuzz
|-sidestart|p1: enderprise|move: Stealth Rock
|
|upkeep
|turn|4
|
|t:|1781487820
|switch|p1a: Kingambit|Kingambit, F|100/100
|-damage|p1a: Kingambit|94/100|[from] Stealth Rock
|-activate|p1a: Kingambit|ability: Supreme Overlord
|-start|p1a: Kingambit|fallen1|[silent]
|-item|p1a: Kingambit|Air Balloon
|move|p2a: Glimmora|Power Gem|p1a: Kingambit
|-resisted|p1a: Kingambit
|-damage|p1a: Kingambit|77/100
|-enditem|p1a: Kingambit|Air Balloon
|
|upkeep
|turn|5
|inactive|enderprise has 90 seconds left.
|
|t:|1781487833
|switch|p2a: Samurott|Samurott-Hisui, F|100/100
|-damage|p2a: Samurott|88/100|[from] Spikes
|move|p1a: Kingambit|Kowtow Cleave|p2a: Samurott
|-resisted|p2a: Samurott
|-damage|p2a: Samurott|51/100
|
|upkeep
|turn|6
|
|t:|1781487843
|switch|p2a: Glimmora|Glimmora, M|66/100
|-damage|p2a: Glimmora|53/100|[from] Spikes
|-end|p1a: Kingambit|fallen1|[silent]
|switch|p1a: Mandibuzz|Mandibuzz, F|100/100
|
|upkeep
|turn|7
|l| nesnot
|inactive|enderprise has 90 seconds left.
|
|t:|1781487860
|switch|p1a: Kingambit|Kingambit, F|77/100
|-damage|p1a: Kingambit|70/100|[from] Stealth Rock
|-activate|p1a: Kingambit|ability: Supreme Overlord
|-start|p1a: Kingambit|fallen1|[silent]
|move|p2a: Glimmora|Power Gem|p1a: Kingambit
|-resisted|p1a: Kingambit
|-damage|p1a: Kingambit|53/100
|
|upkeep
|turn|8
|j| DA COME UP
|j| have we gone
|
|t:|1781487867
|move|p2a: Glimmora|Power Gem|p1a: Kingambit
|-resisted|p1a: Kingambit
|-damage|p1a: Kingambit|33/100
|move|p1a: Kingambit|Kowtow Cleave|p2a: Glimmora
|-damage|p2a: Glimmora|15/100
|-activate|p2a: Glimmora|ability: Toxic Debris
|-sidestart|p1: enderprise|move: Toxic Spikes
|
|upkeep
|turn|9
|l| have we gone
|
|t:|1781487877
|move|p1a: Kingambit|Sucker Punch|p2a: Glimmora
|-damage|p2a: Glimmora|0 fnt
|faint|p2a: Glimmora
|
|upkeep
|
|t:|1781487882
|switch|p2a: Iron Valiant|Iron Valiant|100/100
|-damage|p2a: Iron Valiant|88/100|[from] Spikes
|-enditem|p2a: Iron Valiant|Booster Energy
|-activate|p2a: Iron Valiant|ability: Quark Drive|[fromitem]
|-start|p2a: Iron Valiant|quarkdrivespe
|turn|10
|j| have we gone
|inactive|enderprise has 90 seconds left.
|l| have we gone
|
|t:|1781487918
|move|p2a: Iron Valiant|Moonblast|p1a: Kingambit
|-damage|p1a: Kingambit|0 fnt
|faint|p1a: Kingambit
|-end|p1a: Kingambit|fallen1|[silent]
|
|upkeep
|j| have we gone
|
|t:|1781487923
|switch|p1a: Mandibuzz|Mandibuzz, F|100/100
|turn|11
|
|t:|1781487933
|move|p2a: Iron Valiant|Moonblast|p1a: Mandibuzz
|-supereffective|p1a: Mandibuzz
|-damage|p1a: Mandibuzz|26/100
|move|p1a: Mandibuzz|Defog|p2a: Iron Valiant
|-unboost|p2a: Iron Valiant|evasion|1
|-sideend|p2: Nick Suzuki|Spikes|[from] move: Defog|[of] p1a: Mandibuzz
|-sideend|p1: enderprise|Toxic Spikes|[from] move: Defog|[of] p1a: Mandibuzz
|-sideend|p1: enderprise|Stealth Rock|[from] move: Defog|[of] p1a: Mandibuzz
|
|upkeep
|turn|12
|j| Shucklepilled
|inactive|enderprise has 60 seconds left.
|
|t:|1781487980
|move|p2a: Iron Valiant|Moonblast|p1a: Mandibuzz
|-supereffective|p1a: Mandibuzz
|-damage|p1a: Mandibuzz|0 fnt
|faint|p1a: Mandibuzz
|
|upkeep
|
|t:|1781487985
|switch|p1a: Hoopa|Hoopa-Unbound|100/100
|turn|13
|
|t:|1781487998
|-end|p2a: Iron Valiant|Quark Drive|[silent]
|switch|p2a: Samurott|Samurott-Hisui, F|51/100
|move|p1a: Hoopa|Gunk Shot|p2a: Samurott|[miss]
|-miss|p1a: Hoopa|p2a: Samurott
|
|upkeep
|turn|14
|
|t:|1781488010
|move|p2a: Samurott|Ceaseless Edge|p1a: Hoopa
|-damage|p1a: Hoopa|14/100
|-sidestart|p1: enderprise|Spikes
|move|p1a: Hoopa|Drain Punch|p2a: Samurott
|-supereffective|p2a: Samurott
|-damage|p2a: Samurott|0 fnt
|-heal|p1a: Hoopa|41/100|[from] drain|[of] p2a: Samurott
|faint|p2a: Samurott
|
|upkeep
|
|t:|1781488017
|switch|p2a: Garchomp|Garchomp, M|100/100
|turn|15
|
|t:|1781488023
|move|p2a: Garchomp|Earthquake|p1a: Hoopa
|-damage|p1a: Hoopa|0 fnt
|faint|p1a: Hoopa
|
|upkeep
|
|t:|1781488027
|switch|p1a: Samurott|Samurott-Hisui, M|100/100
|-damage|p1a: Samurott|88/100|[from] Spikes
|turn|16
|
|t:|1781488032
|move|p1a: Samurott|Ceaseless Edge|p2a: Garchomp
|-damage|p2a: Garchomp|52/100
|-damage|p1a: Samurott|76/100|[from] ability: Rough Skin|[of] p2a: Garchomp
|-sidestart|p2: Nick Suzuki|Spikes
|move|p2a: Garchomp|Earthquake|p1a: Samurott
|-damage|p1a: Samurott|6/100
|
|upkeep
|turn|17
|inactive|enderprise has 60 seconds left.
|
|t:|1781488052
|move|p1a: Samurott|Ceaseless Edge|p2a: Garchomp|[miss]
|-miss|p1a: Samurott|p2a: Garchomp
|move|p2a: Garchomp|Earthquake|p1a: Samurott
|-crit|p1a: Samurott
|-damage|p1a: Samurott|0 fnt
|faint|p1a: Samurott
|
|upkeep
|inactive|enderprise has 60 seconds left.
|
|t:|1781488060
|switch|p1a: Lokix|Lokix, M|100/100
|-damage|p1a: Lokix|88/100|[from] Spikes
|turn|18
|
|t:|1781488065
|move|p2a: Garchomp|Scale Shot|p1a: Lokix
|-damage|p1a: Lokix|68/100
|-damage|p1a: Lokix|48/100
|-damage|p1a: Lokix|29/100
|-damage|p1a: Lokix|9/100
|-damage|p1a: Lokix|0 fnt
|faint|p1a: Lokix
|-hitcount|p1: Lokix|5
|
|win|Nick Suzuki
|raw|enderprise's rating: 1624 &rarr; <strong>1605</strong><br />(-19 for losing)
|raw|Nick Suzuki's rating: 1640 &rarr; <strong>1659</strong><br />(+19 for winning)
|l|☆Nick Suzuki
|player|p2|
|l|☆enderprise
|player|p1|
|l| rexa2
|j| rexa2
|l| rexa2
|l| have we gone
