|badge|p1|bronze|gen9ou|100-9
|uhtml|medal-msg|<div class="broadcast-blue">Curious what those medals under the avatar are? PS now has Ladder Seasons! For more information, check out the <a href="https://www.smogon.com/forums/threads/3740067/">thread on Smogon.</a></div>
|badge|p2|bronze|gen9ou|100-9
|uhtml|medal-msg|<div class="broadcast-blue">Curious what those medals under the avatar are? PS now has Ladder Seasons! For more information, check out the <a href="https://www.smogon.com/forums/threads/3740067/">thread on Smogon.</a></div>
|j|‽yesterdaymister
|j|☆Auburn Hills
|t:|1781562084
|gametype|singles
|player|p1|yesterdaymister|striker|1846
|player|p2|Auburn Hills|alder|1838
|gen|9
|tier|[Gen 9] OU
|rated|
|rule|HP Percentage Mod: HP is shown in percentages
|rule|Endless Battle Clause: Forcing endless battles is banned
|rule|Species Clause: Limit one of each Pokémon
|rule|OHKO Clause: OHKO moves are banned
|rule|Evasion Items Clause: Evasion items are banned
|rule|Evasion Moves Clause: Evasion moves are banned
|rule|Evasion Abilities Clause: Evasion abilities are banned
|rule|Sleep Moves Clause: Sleep-inducing moves are banned
|clearpoke
|poke|p1|Ninetales, F|
|poke|p1|Ceruledge, M|
|poke|p1|Venusaur, M|
|poke|p1|Hatterene, F|
|poke|p1|Great Tusk|
|poke|p1|Walking Wake|
|poke|p2|Iron Moth|
|poke|p2|Umbreon, M|
|poke|p2|Garchomp, M|
|poke|p2|Glimmora, F|
|poke|p2|Gholdengo|
|poke|p2|Dragonite, M|
|teampreview
|inactive|Battle timer is ON: inactive players will automatically lose when time's up. (requested by yesterdaymister)
|
|t:|1781562089
|teamsize|p1|6
|teamsize|p2|6
|start
|switch|p1a: Ninetales|Ninetales, F|100/100
|switch|p2a: Glimmora|Glimmora, F|100/100
|-weather|SunnyDay|[from] ability: Drought|[of] p1a: Ninetales
|turn|1
|
|t:|1781562093
|switch|p1a: Great Tusk|Great Tusk|100/100
|-activate|p1a: Great Tusk|ability: Protosynthesis
|-start|p1a: Great Tusk|protosynthesisspe
|move|p2a: Glimmora|Sludge Wave|p1a: Great Tusk
|-resisted|p1a: Great Tusk
|-damage|p1a: Great Tusk|67/100
|
|-weather|SunnyDay|[upkeep]
|upkeep
|turn|2
|
|t:|1781562097
|move|p1a: Great Tusk|Headlong Rush|p2a: Glimmora
|-supereffective|p2a: Glimmora
|-enditem|p2a: Glimmora|Focus Sash
|-damage|p2a: Glimmora|1/100
|-unboost|p1a: Great Tusk|def|1
|-unboost|p1a: Great Tusk|spd|1
|-activate|p2a: Glimmora|ability: Toxic Debris
|-sidestart|p1: yesterdaymister|move: Toxic Spikes
|move|p2a: Glimmora|Mortal Spin|p1a: Great Tusk
|-resisted|p1a: Great Tusk
|-damage|p1a: Great Tusk|64/100
|-status|p1a: Great Tusk|psn
|-damage|p2a: Glimmora|0 fnt|[from] item: Rocky Helmet|[of] p1a: Great Tusk
|faint|p2a: Glimmora
|
|-weather|SunnyDay|[upkeep]
|-damage|p1a: Great Tusk|52/100 psn|[from] psn
|upkeep
|
|t:|1781562101
|switch|p2a: Carly Rae|Iron Moth|100/100
|-enditem|p2a: Carly Rae|Booster Energy
|-activate|p2a: Carly Rae|ability: Quark Drive|[fromitem]
|-start|p2a: Carly Rae|quarkdrivespe
|turn|3
|
|t:|1781562112
|move|p2a: Carly Rae|Fiery Dance|p1a: Great Tusk
|-damage|p1a: Great Tusk|0 fnt
|faint|p1a: Great Tusk
|-end|p1a: Great Tusk|Protosynthesis|[silent]
|
|-weather|SunnyDay|[upkeep]
|upkeep
|
|t:|1781562117
|switch|p1a: Ceruledge|Ceruledge, M|100/100
|-status|p1a: Ceruledge|psn
|turn|4
|
|t:|1781562121
|move|p2a: Carly Rae|Discharge|p1a: Ceruledge
|-damage|p1a: Ceruledge|67/100 psn
|move|p1a: Ceruledge|Bitter Blade|p2a: Carly Rae
|-resisted|p2a: Carly Rae
|-damage|p2a: Carly Rae|55/100
|-heal|p1a: Ceruledge|91/100 psn|[from] drain|[of] p2a: Carly Rae
|
|-weather|SunnyDay|[upkeep]
|-damage|p1a: Ceruledge|78/100 psn|[from] psn
|upkeep
|turn|5
|
|t:|1781562128
|move|p2a: Carly Rae|Morning Sun|p2a: Carly Rae
|-heal|p2a: Carly Rae|100/100
|move|p1a: Ceruledge|Bitter Blade|p2a: Carly Rae
|-resisted|p2a: Carly Rae
|-damage|p2a: Carly Rae|54/100
|-heal|p1a: Ceruledge|100/100 psn|[from] drain|[of] p2a: Carly Rae
|
|-weather|SunnyDay|[upkeep]
|-damage|p1a: Ceruledge|88/100 psn|[from] psn
|upkeep
|turn|6
|
|t:|1781562135
|move|p2a: Carly Rae|Discharge|p1a: Ceruledge
|-damage|p1a: Ceruledge|55/100 psn
|move|p1a: Ceruledge|Swords Dance|p1a: Ceruledge
|-boost|p1a: Ceruledge|atk|2
|
|-weather|SunnyDay|[upkeep]
|-damage|p1a: Ceruledge|43/100 psn|[from] psn
|upkeep
|turn|7
|
|t:|1781562139
|move|p1a: Ceruledge|Shadow Sneak|p2a: Carly Rae
|-damage|p2a: Carly Rae|0 fnt
|faint|p2a: Carly Rae
|-end|p2a: Carly Rae|Quark Drive|[silent]
|
|-weather|SunnyDay|[upkeep]
|-damage|p1a: Ceruledge|31/100 psn|[from] psn
|upkeep
|
|t:|1781562142
|switch|p2a: Elucid|Dragonite, M|100/100
|turn|8
|
|t:|1781562147
|move|p1a: Ceruledge|Shadow Sneak|p2a: Elucid
|-damage|p2a: Elucid|80/100
|move|p2a: Elucid|Earthquake|p1a: Ceruledge
|-supereffective|p1a: Ceruledge
|-damage|p1a: Ceruledge|0 fnt
|faint|p1a: Ceruledge
|
|-weather|none
|upkeep
|
|t:|1781562151
|switch|p1a: Venusaur|Venusaur, M|100/100
|-sideend|p1: yesterdaymister|move: Toxic Spikes|[of] p1a: Venusaur
|turn|9
|
|t:|1781562155
|move|p1a: Venusaur|Sludge Bomb|p2a: Elucid
|-damage|p2a: Elucid|20/100
|-status|p2a: Elucid|psn
|-damage|p1a: Venusaur|91/100|[from] item: Life Orb
|move|p2a: Elucid|Dragon Dance|p2a: Elucid
|-boost|p2a: Elucid|atk|1
|-boost|p2a: Elucid|spe|1
|
|-damage|p2a: Elucid|8/100 psn|[from] psn
|upkeep
|turn|10
|
|t:|1781562160
|switch|p1a: Hatterene|Hatterene, F|100/100
|move|p2a: Elucid|Earthquake|p1a: Hatterene
|-damage|p1a: Hatterene|47/100
|-enditem|p1a: Hatterene|Eject Button
|
|t:|1781562163
|switch|p1a: Ninetales|Ninetales, F|100/100
|-weather|SunnyDay|[from] ability: Drought|[of] p1a: Ninetales
|
|-weather|SunnyDay|[upkeep]
|-damage|p2a: Elucid|0 fnt|[from] psn
|faint|p2a: Elucid
|upkeep
|
|t:|1781562166
|switch|p2a: Rat Tally|Garchomp, M|100/100
|turn|11
|
|t:|1781562176
|move|p2a: Rat Tally|Earthquake|p1a: Ninetales
|-supereffective|p1a: Ninetales
|-damage|p1a: Ninetales|0 fnt
|faint|p1a: Ninetales
|
|-weather|SunnyDay|[upkeep]
|upkeep
|
|t:|1781562184
|switch|p1a: Walking Wake|Walking Wake|100/100
|-activate|p1a: Walking Wake|ability: Protosynthesis
|-start|p1a: Walking Wake|protosynthesisspa
|turn|12
|
|t:|1781562189
|switch|p2a: Alvvays|Umbreon, M|100/100
|-terastallize|p1a: Walking Wake|Water
|move|p1a: Walking Wake|Dragon Pulse|p2a: Alvvays
|-damage|p2a: Alvvays|50/100
|
|-weather|SunnyDay|[upkeep]
|-heal|p2a: Alvvays|56/100|[from] item: Leftovers
|upkeep
|turn|13
|
|t:|1781562195
|move|p2a: Alvvays|Protect|p2a: Alvvays
|-singleturn|p2a: Alvvays|Protect
|move|p1a: Walking Wake|Dragon Pulse|p2a: Alvvays
|-activate|p2a: Alvvays|move: Protect
|
|-weather|SunnyDay|[upkeep]
|-heal|p2a: Alvvays|62/100|[from] item: Leftovers
|upkeep
|turn|14
|
|t:|1781562200
|move|p1a: Walking Wake|Dragon Pulse|p2a: Alvvays
|-damage|p2a: Alvvays|17/100
|move|p2a: Alvvays|Wish|p2a: Alvvays
|
|-weather|SunnyDay|[upkeep]
|-heal|p2a: Alvvays|23/100|[from] item: Leftovers
|upkeep
|turn|15
|
|t:|1781562209
|-end|p1a: Walking Wake|Protosynthesis|[silent]
|switch|p1a: Venusaur|Venusaur, M|91/100
|move|p2a: Alvvays|Protect||[still]
|-fail|p2a: Alvvays
|
|-weather|SunnyDay|[upkeep]
|-heal|p2a: Alvvays|73/100|[from] move: Wish|[wisher] Alvvays
|-heal|p2a: Alvvays|79/100|[from] item: Leftovers
|upkeep
|turn|16
|
|t:|1781562213
|move|p1a: Venusaur|Growth|p1a: Venusaur
|-boost|p1a: Venusaur|atk|2
|-boost|p1a: Venusaur|spa|2
|move|p2a: Alvvays|Thunder Wave|p1a: Venusaur|[miss]
|-miss|p2a: Alvvays|p1a: Venusaur
|
|-weather|SunnyDay|[upkeep]
|-heal|p2a: Alvvays|85/100|[from] item: Leftovers
|upkeep
|turn|17
|
|t:|1781562223
|move|p2a: Alvvays|Protect|p2a: Alvvays
|-singleturn|p2a: Alvvays|Protect
|move|p1a: Venusaur|Growth|p1a: Venusaur
|-boost|p1a: Venusaur|atk|2
|-boost|p1a: Venusaur|spa|2
|
|-weather|none
|-heal|p2a: Alvvays|91/100|[from] item: Leftovers
|upkeep
|turn|18
|
|t:|1781562239
|switch|p2a: Smino|Gholdengo|100/100
|move|p1a: Venusaur|Sludge Bomb|p2a: Smino
|-immune|p2a: Smino
|
|upkeep
|turn|19
|
|t:|1781562244
|move|p2a: Smino|Psyshock|p1a: Venusaur
|-supereffective|p1a: Venusaur
|-damage|p1a: Venusaur|11/100
|move|p1a: Venusaur|Giga Drain|p2a: Smino
|-resisted|p2a: Smino
|-crit|p2a: Smino
|-damage|p2a: Smino|0 fnt
|-heal|p1a: Venusaur|64/100|[from] drain|[of] p2a: Smino
|faint|p2a: Smino
|-damage|p1a: Venusaur|54/100|[from] item: Life Orb
|
|upkeep
|
|t:|1781562248
|switch|p2a: Rat Tally|Garchomp, M|100/100
|turn|20
|
|t:|1781562253
|switch|p1a: Hatterene|Hatterene, F|47/100
|move|p2a: Rat Tally|Earthquake|p1a: Hatterene
|-damage|p1a: Hatterene|1/100
|
|upkeep
|turn|21
|
|t:|1781562256
|move|p2a: Rat Tally|Earthquake|p1a: Hatterene
|-damage|p1a: Hatterene|0 fnt
|faint|p1a: Hatterene
|
|upkeep
|
|t:|1781562257
|switch|p1a: Walking Wake|Walking Wake, tera:Water|100/100
|turn|22
|
|t:|1781562263
|switch|p2a: Alvvays|Umbreon, M|91/100
|move|p1a: Walking Wake|Dragon Pulse|p2a: Alvvays
|-damage|p2a: Alvvays|53/100
|
|-heal|p2a: Alvvays|59/100|[from] item: Leftovers
|upkeep
|turn|23
|
|t:|1781562268
|move|p1a: Walking Wake|Dragon Pulse|p2a: Alvvays
|-damage|p2a: Alvvays|21/100
|move|p2a: Alvvays|Wish|p2a: Alvvays
|
|-heal|p2a: Alvvays|27/100|[from] item: Leftovers
|upkeep
|turn|24
|
|t:|1781562273
|move|p2a: Alvvays|Protect|p2a: Alvvays
|-singleturn|p2a: Alvvays|Protect
|move|p1a: Walking Wake|Dragon Pulse|p2a: Alvvays
|-activate|p2a: Alvvays|move: Protect
|
|-heal|p2a: Alvvays|77/100|[from] move: Wish|[wisher] Alvvays
|-heal|p2a: Alvvays|83/100|[from] item: Leftovers
|upkeep
|turn|25
|
|t:|1781562277
|-end|p1a: Walking Wake|Protosynthesis|[silent]
|switch|p1a: Venusaur|Venusaur, M|54/100
|move|p2a: Alvvays|Thunder Wave|p1a: Venusaur
|-status|p1a: Venusaur|par
|
|-heal|p2a: Alvvays|89/100|[from] item: Leftovers
|upkeep
|turn|26
|
|t:|1781562283
|move|p2a: Alvvays|Foul Play|p1a: Venusaur
|-damage|p1a: Venusaur|25/100 par
|cant|p1a: Venusaur|par
|
|-heal|p2a: Alvvays|95/100|[from] item: Leftovers
|upkeep
|turn|27
|
|t:|1781562287
|move|p2a: Alvvays|Foul Play|p1a: Venusaur
|-crit|p1a: Venusaur
|-damage|p1a: Venusaur|0 fnt
|faint|p1a: Venusaur
|
|-heal|p2a: Alvvays|100/100|[from] item: Leftovers
|upkeep
|
|t:|1781562289
|switch|p1a: Walking Wake|Walking Wake, tera:Water|100/100
|turn|28
|c|☆Auburn Hills|gg
|
|t:|1781562293
|-terastallize|p2a: Alvvays|Water
|move|p1a: Walking Wake|Draco Meteor|p2a: Alvvays
|-damage|p2a: Alvvays|43/100
|-unboost|p1a: Walking Wake|spa|2
|move|p2a: Alvvays|Thunder Wave|p1a: Walking Wake
|-status|p1a: Walking Wake|par
|
|-heal|p2a: Alvvays|49/100|[from] item: Leftovers
|upkeep
|turn|29
|
|t:|1781562298
|move|p2a: Alvvays|Wish|p2a: Alvvays
|cant|p1a: Walking Wake|par
|
|-heal|p2a: Alvvays|55/100|[from] item: Leftovers
|upkeep
|turn|30
|
|t:|1781562300
|move|p2a: Alvvays|Protect|p2a: Alvvays
|-singleturn|p2a: Alvvays|Protect
|move|p1a: Walking Wake|Draco Meteor|p2a: Alvvays
|-activate|p2a: Alvvays|move: Protect
|
|-heal|p2a: Alvvays|100/100|[from] move: Wish|[wisher] Alvvays
|upkeep
|turn|31
|
|t:|1781562310
|move|p2a: Alvvays|Wish|p2a: Alvvays
|move|p1a: Walking Wake|Draco Meteor|p2a: Alvvays
|-damage|p2a: Alvvays|72/100
|-unboost|p1a: Walking Wake|spa|2
|
|-heal|p2a: Alvvays|78/100|[from] item: Leftovers
|upkeep
|turn|32
|
|t:|1781562313
|move|p2a: Alvvays|Foul Play|p1a: Walking Wake
|-damage|p1a: Walking Wake|78/100 par
|move|p1a: Walking Wake|Draco Meteor|p2a: Alvvays
|-damage|p2a: Alvvays|59/100
|-unboost|p1a: Walking Wake|spa|2
|
|-heal|p2a: Alvvays|100/100|[from] move: Wish|[wisher] Alvvays
|upkeep
|turn|33
|inactive|Auburn Hills has 120 seconds left.
|
|t:|1781562348
|move|p2a: Alvvays|Foul Play|p1a: Walking Wake
|-damage|p1a: Walking Wake|54/100 par
|cant|p1a: Walking Wake|par
|
|upkeep
|turn|34
|n|☆yesterdaymister|yesterdaymister
|c|☆yesterdaymister|i always lose to you, gg
|
|t:|1781562372
|move|p2a: Alvvays|Foul Play|p1a: Walking Wake
|-damage|p1a: Walking Wake|32/100 par
|move|p1a: Walking Wake|Draco Meteor|p2a: Alvvays
|-damage|p2a: Alvvays|85/100
|
|-heal|p2a: Alvvays|91/100|[from] item: Leftovers
|upkeep
|turn|35
|c|☆Auburn Hills|I like this matchup
|c|☆yesterdaymister|maybe won like twice in 20 matchups
|
|t:|1781562387
|move|p2a: Alvvays|Foul Play|p1a: Walking Wake
|-damage|p1a: Walking Wake|8/100 par
|move|p1a: Walking Wake|Draco Meteor|p2a: Alvvays
|-damage|p2a: Alvvays|77/100
|
|-heal|p2a: Alvvays|83/100|[from] item: Leftovers
|upkeep
|turn|36
|c|☆yesterdaymister|yeah
|
|t:|1781562392
|move|p2a: Alvvays|Foul Play|p1a: Walking Wake
|-damage|p1a: Walking Wake|0 fnt
|faint|p1a: Walking Wake
|-end|p1a: Walking Wake|Protosynthesis|[silent]
|
|win|Auburn Hills
|raw|yesterdaymister's rating: 1846 &rarr; <strong>1826</strong><br />(-20 for losing)
|raw|Auburn Hills's rating: 1838 &rarr; <strong>1858</strong><br />(+20 for winning)
|c|☆yesterdaymister|gg
|c|☆Auburn Hills|gg
|l|☆yesterdaymister
|player|p1|
|l|☆Auburn Hills
|player|p2|
