|j|☆samohi0
|j|‽rrbrru
|t:|1781574653
|gametype|singles
|player|p1|samohi0|102|1661
|player|p2|rrbrru|101|1690
|gen|9
|tier|[Gen 9] OU
|rated|
|rule|HP Percentage Mod: HP is shown in percentages
|rule|Endless Battle Clause: Forcing endless battles is banned
|rule|Species Clause: Limit one of each Pokémon
|rule|OHKO Clause: OHKO moves are banned
|rule|Evasion Items Clause: Evasion items are banned
|rule|Evasion Moves Clause: Evasion moves are banned
|rule|Evasion Abilities Clause: Evasion abilities are banned
|rule|Sleep Moves Clause: Sleep-inducing moves are banned
|clearpoke
|poke|p1|Lokix, M|
|poke|p1|Iron Valiant|
|poke|p1|Alomomola, L99, M|
|poke|p1|Mandibuzz, F|
|poke|p1|Great Tusk|
|poke|p1|Gholdengo|
|poke|p2|Tyranitar, M|
|poke|p2|Excadrill, M|
|poke|p2|Hydrapple, F|
|poke|p2|Tornadus-Therian, M|
|poke|p2|Alomomola, M|
|poke|p2|Houndstone, F|
|teampreview
|
|t:|1781574668
|teamsize|p1|6
|teamsize|p2|6
|start
|switch|p1a: G3-X|Iron Valiant, shiny|100/100
|switch|p2a: Tyranitar|Tyranitar, M|100/100
|-weather|Sandstorm|[from] ability: Sand Stream|[of] p2a: Tyranitar
|turn|1
|
|t:|1781574672
|switch|p2a: Houndstone|Houndstone, F|100/100
|-terastallize|p1a: G3-X|Fairy
|move|p1a: G3-X|Moonblast|p2a: Houndstone
|-damage|p2a: Houndstone|0 fnt
|faint|p2a: Houndstone
|
|-weather|Sandstorm|[upkeep]
|-damage|p1a: G3-X|94/100|[from] Sandstorm
|upkeep
|
|t:|1781574678
|switch|p2a: Excadrill|Excadrill, M|100/100
|turn|2
|
|t:|1781574681
|-end|p1a: G3-X|Quark Drive|[silent]
|switch|p1a: Overlord|Mandibuzz, F|100/100
|move|p2a: Excadrill|Rock Slide|p1a: Overlord
|-supereffective|p1a: Overlord
|-damage|p1a: Overlord|69/100
|
|-weather|Sandstorm|[upkeep]
|upkeep
|turn|3
|
|t:|1781574686
|switch|p2a: Hydrapple|Hydrapple, F|100/100
|move|p1a: Overlord|Roost|p1a: Overlord
|-heal|p1a: Overlord|100/100
|-singleturn|p1a: Overlord|move: Roost
|
|-weather|Sandstorm|[upkeep]
|-damage|p2a: Hydrapple|94/100|[from] Sandstorm
|upkeep
|turn|4
|
|t:|1781574689
|move|p1a: Overlord|U-turn|p2a: Hydrapple
|-supereffective|p2a: Hydrapple
|-damage|p2a: Hydrapple|78/100
|
|t:|1781574692
|switch|p1a: Shining Agito|Lokix, M, shiny|100/100|[from] U-turn
|move|p2a: Hydrapple|Giga Drain|p1a: Shining Agito
|-resisted|p1a: Shining Agito
|-crit|p1a: Shining Agito
|-damage|p1a: Shining Agito|44/100
|-heal|p2a: Hydrapple|97/100|[from] drain|[of] p1a: Shining Agito
|
|-weather|Sandstorm|[upkeep]
|-damage|p1a: Shining Agito|38/100|[from] Sandstorm
|-damage|p2a: Hydrapple|91/100|[from] Sandstorm
|upkeep
|turn|5
|
|t:|1781574703
|switch|p2a: Tornadus|Tornadus-Therian, M|100/100
|move|p1a: Shining Agito|Leech Life|p2a: Tornadus
|-resisted|p2a: Tornadus
|-damage|p2a: Tornadus|30/100
|-heal|p1a: Shining Agito|82/100|[from] drain|[of] p2a: Tornadus
|
|-weather|none
|upkeep
|turn|6
|
|t:|1781574712
|switch|p1a: Tetsuya Sawaki|Alomomola, L99, M|100/100
|move|p2a: Tornadus|U-turn|p1a: Tetsuya Sawaki
|-damage|p1a: Tetsuya Sawaki|91/100
|
|t:|1781574716
|switch|p2a: Tyranitar|Tyranitar, M|100/100|[from] U-turn
|-weather|Sandstorm|[from] ability: Sand Stream|[of] p2a: Tyranitar
|
|-weather|Sandstorm|[upkeep]
|-damage|p1a: Tetsuya Sawaki|85/100|[from] Sandstorm
|upkeep
|turn|7
|
|t:|1781574718
|move|p2a: Tyranitar|Knock Off|p1a: Tetsuya Sawaki
|-damage|p1a: Tetsuya Sawaki|53/100
|-enditem|p1a: Tetsuya Sawaki|Assault Vest|[from] move: Knock Off|[of] p2a: Tyranitar
|move|p1a: Tetsuya Sawaki|Flip Turn|p2a: Tyranitar
|-supereffective|p2a: Tyranitar
|-damage|p2a: Tyranitar|77/100
|
|t:|1781574720
|switch|p1a: Shining Agito|Lokix, M, shiny|82/100|[from] Flip Turn
|
|-weather|Sandstorm|[upkeep]
|-damage|p1a: Shining Agito|76/100|[from] Sandstorm
|-heal|p2a: Tyranitar|83/100|[from] item: Leftovers
|upkeep
|turn|8
|
|t:|1781574726
|switch|p2a: Alomomola|Alomomola, M|100/100
|move|p1a: Shining Agito|U-turn|p2a: Alomomola
|-damage|p2a: Alomomola|69/100
|
|t:|1781574734
|switch|p1a: G3-X|Iron Valiant, shiny, tera:Fairy|94/100|[from] U-turn
|
|-weather|Sandstorm|[upkeep]
|-damage|p1a: G3-X|88/100|[from] Sandstorm
|-damage|p2a: Alomomola|63/100|[from] Sandstorm
|upkeep
|turn|9
|
|t:|1781574740
|-terastallize|p2a: Alomomola|Poison
|move|p1a: G3-X|Moonblast|p2a: Alomomola
|-resisted|p2a: Alomomola
|-damage|p2a: Alomomola|18/100
|move|p2a: Alomomola|Flip Turn|p1a: G3-X
|-damage|p1a: G3-X|68/100
|
|t:|1781574750
|switch|p2a: Tornadus|Tornadus-Therian, M|64/100|[from] Flip Turn
|
|-weather|Sandstorm|[upkeep]
|-damage|p2a: Tornadus|58/100|[from] Sandstorm
|-damage|p1a: G3-X|62/100|[from] Sandstorm
|upkeep
|turn|10
|
|t:|1781574753
|-end|p1a: G3-X|Quark Drive|[silent]
|switch|p1a: Tetsuya Sawaki|Alomomola, L99, M|86/100
|move|p2a: Tornadus|Bleakwind Storm|p1a: Tetsuya Sawaki
|-damage|p1a: Tetsuya Sawaki|52/100
|
|-weather|none
|upkeep
|turn|11
|
|t:|1781574759
|move|p2a: Tornadus|U-turn|p1a: Tetsuya Sawaki
|-damage|p1a: Tetsuya Sawaki|42/100
|
|t:|1781574760
|switch|p2a: Hydrapple|Hydrapple, F|100/100|[from] U-turn
|move|p1a: Tetsuya Sawaki|Flip Turn|p2a: Hydrapple
|-resisted|p2a: Hydrapple
|-damage|p2a: Hydrapple|98/100
|
|t:|1781574763
|switch|p1a: Shining Agito|Lokix, M, shiny|76/100|[from] Flip Turn
|
|upkeep
|turn|12
|
|t:|1781574771
|switch|p2a: Tornadus|Tornadus-Therian, M|91/100
|move|p1a: Shining Agito|U-turn|p2a: Tornadus
|-resisted|p2a: Tornadus
|-damage|p2a: Tornadus|32/100
|
|t:|1781574776
|switch|p1a: MACHINE TORNADER|Gholdengo|100/100|[from] U-turn
|
|upkeep
|turn|13
|
|t:|1781574783
|switch|p2a: Tyranitar|Tyranitar, M|83/100
|-weather|Sandstorm|[from] ability: Sand Stream|[of] p2a: Tyranitar
|move|p1a: MACHINE TORNADER|Make It Rain|p2a: Tyranitar
|-supereffective|p2a: Tyranitar
|-damage|p2a: Tyranitar|29/100
|-unboost|p1a: MACHINE TORNADER|spa|1
|
|-weather|Sandstorm|[upkeep]
|-heal|p2a: Tyranitar|35/100|[from] item: Leftovers
|upkeep
|turn|14
|
|t:|1781574785
|switch|p2a: Excadrill|Excadrill, M|100/100
|move|p1a: MACHINE TORNADER|Make It Rain|p2a: Excadrill
|-resisted|p2a: Excadrill
|-damage|p2a: Excadrill|74/100
|-unboost|p1a: MACHINE TORNADER|spa|1
|
|-weather|Sandstorm|[upkeep]
|-heal|p2a: Excadrill|80/100|[from] item: Leftovers
|upkeep
|turn|15
|
|t:|1781574793
|switch|p2a: Hydrapple|Hydrapple, F|100/100
|switch|p1a: Overlord|Mandibuzz, F|100/100
|
|-weather|Sandstorm|[upkeep]
|-damage|p2a: Hydrapple|94/100|[from] Sandstorm
|upkeep
|turn|16
|
|t:|1781574801
|move|p1a: Overlord|U-turn|p2a: Hydrapple
|-supereffective|p2a: Hydrapple
|-damage|p2a: Hydrapple|77/100
|
|t:|1781574812
|switch|p1a: MACHINE TORNADER|Gholdengo|100/100|[from] U-turn
|move|p2a: Hydrapple|Giga Drain|p1a: MACHINE TORNADER
|-resisted|p1a: MACHINE TORNADER
|-damage|p1a: MACHINE TORNADER|77/100
|-heal|p2a: Hydrapple|86/100|[from] drain|[of] p1a: MACHINE TORNADER
|
|-weather|Sandstorm|[upkeep]
|-damage|p2a: Hydrapple|80/100|[from] Sandstorm
|upkeep
|turn|17
|
|t:|1781574825
|switch|p2a: Excadrill|Excadrill, M|80/100
|move|p1a: MACHINE TORNADER|Make It Rain|p2a: Excadrill
|-resisted|p2a: Excadrill
|-damage|p2a: Excadrill|37/100
|-unboost|p1a: MACHINE TORNADER|spa|1
|
|-weather|none
|-heal|p2a: Excadrill|43/100|[from] item: Leftovers
|upkeep
|turn|18
|j| Little CuackPiC
|
|t:|1781574838
|switch|p1a: Overlord|Mandibuzz, F|100/100
|move|p2a: Excadrill|Earthquake|p1a: Overlord
|-immune|p1a: Overlord
|
|-heal|p2a: Excadrill|49/100|[from] item: Leftovers
|upkeep
|turn|19
|
|t:|1781574841
|switch|p2a: Tornadus|Tornadus-Therian, M|65/100
|move|p1a: Overlord|Foul Play|p2a: Tornadus
|-damage|p2a: Tornadus|33/100
|
|upkeep
|turn|20
|
|t:|1781574856
|move|p2a: Tornadus|Knock Off|p1a: Overlord
|-resisted|p1a: Overlord
|-damage|p1a: Overlord|95/100
|-enditem|p1a: Overlord|Heavy-Duty Boots|[from] move: Knock Off|[of] p2a: Tornadus
|move|p1a: Overlord|U-turn|p2a: Tornadus
|-resisted|p2a: Tornadus
|-damage|p2a: Tornadus|27/100
|
|t:|1781574859
|switch|p1a: MACHINE TORNADER|Gholdengo|77/100|[from] U-turn
|
|upkeep
|turn|21
|j| nesnot
|
|t:|1781574865
|switch|p2a: Hydrapple|Hydrapple, F|100/100
|move|p1a: MACHINE TORNADER|Make It Rain|p2a: Hydrapple
|-damage|p2a: Hydrapple|41/100
|-unboost|p1a: MACHINE TORNADER|spa|1
|
|upkeep
|turn|22
|l| nesnot
|
|t:|1781574879
|switch|p1a: Overlord|Mandibuzz, F|95/100
|move|p2a: Hydrapple|Draco Meteor|p1a: Overlord
|-damage|p1a: Overlord|43/100
|-unboost|p2a: Hydrapple|spa|2
|-enditem|p2a: Hydrapple|Eject Pack
|
|t:|1781574884
|switch|p2a: Tyranitar|Tyranitar, M|35/100
|-weather|Sandstorm|[from] ability: Sand Stream|[of] p2a: Tyranitar
|
|-weather|Sandstorm|[upkeep]
|-heal|p2a: Tyranitar|41/100|[from] item: Leftovers
|upkeep
|turn|23
|
|t:|1781574888
|move|p1a: Overlord|U-turn|p2a: Tyranitar
|-supereffective|p2a: Tyranitar
|-damage|p2a: Tyranitar|22/100
|
|t:|1781574890
|switch|p1a: Gills Exceed|Great Tusk|100/100|[from] U-turn
|move|p2a: Tyranitar|Stealth Rock|p1a: Gills Exceed
|-sidestart|p1: samohi0|move: Stealth Rock
|
|-weather|Sandstorm|[upkeep]
|-heal|p2a: Tyranitar|28/100|[from] item: Leftovers
|upkeep
|turn|24
|
|t:|1781574897
|switch|p2a: Tornadus|Tornadus-Therian, M|60/100
|move|p1a: Gills Exceed|Headlong Rush|p2a: Tornadus
|-immune|p2a: Tornadus
|
|-weather|Sandstorm|[upkeep]
|-damage|p2a: Tornadus|54/100|[from] Sandstorm
|upkeep
|turn|25
|
|t:|1781574906
|-end|p1a: Gills Exceed|Protosynthesis|[silent]
|switch|p1a: Tetsuya Sawaki|Alomomola, L99, M|75/100
|-damage|p1a: Tetsuya Sawaki|63/100|[from] Stealth Rock
|move|p2a: Tornadus|Bleakwind Storm|p1a: Tetsuya Sawaki
|-damage|p1a: Tetsuya Sawaki|31/100
|
|-weather|Sandstorm|[upkeep]
|-damage|p2a: Tornadus|48/100|[from] Sandstorm
|-damage|p1a: Tetsuya Sawaki|25/100|[from] Sandstorm
|upkeep
|turn|26
|
|t:|1781574912
|move|p2a: Tornadus|Bleakwind Storm|p1a: Tetsuya Sawaki|[miss]
|-miss|p2a: Tornadus|p1a: Tetsuya Sawaki
|move|p1a: Tetsuya Sawaki|Flip Turn|p2a: Tornadus
|-damage|p2a: Tornadus|29/100
|
|t:|1781574914
|switch|p1a: MACHINE TORNADER|Gholdengo|77/100|[from] Flip Turn
|-damage|p1a: MACHINE TORNADER|71/100|[from] Stealth Rock
|
|-weather|none
|upkeep
|turn|27
|
|t:|1781574926
|switch|p2a: Tyranitar|Tyranitar, M|28/100
|-weather|Sandstorm|[from] ability: Sand Stream|[of] p2a: Tyranitar
|move|p1a: MACHINE TORNADER|Make It Rain|p2a: Tyranitar
|-supereffective|p2a: Tyranitar
|-damage|p2a: Tyranitar|0 fnt
|-unboost|p1a: MACHINE TORNADER|spa|1
|faint|p2a: Tyranitar
|
|-weather|Sandstorm|[upkeep]
|upkeep
|
|t:|1781574929
|switch|p2a: Alomomola|Alomomola, M, tera:Poison|51/100
|turn|28
|
|t:|1781574934
|switch|p1a: Overlord|Mandibuzz, F|43/100
|-damage|p1a: Overlord|18/100|[from] Stealth Rock
|move|p2a: Alomomola|Wish|p2a: Alomomola
|
|-weather|Sandstorm|[upkeep]
|-damage|p2a: Alomomola|45/100|[from] Sandstorm
|upkeep
|turn|29
|
|t:|1781574938
|move|p1a: Overlord|Defog|p2a: Alomomola
|-unboost|p2a: Alomomola|evasion|1
|-sideend|p1: samohi0|Stealth Rock|[from] move: Defog|[of] p1a: Overlord
|move|p2a: Alomomola|Flip Turn|p1a: Overlord
|-damage|p1a: Overlord|9/100
|
|t:|1781574941
|switch|p2a: Excadrill|Excadrill, M|49/100|[from] Flip Turn
|
|-weather|Sandstorm|[upkeep]
|-heal|p2a: Excadrill|100/100|[from] move: Wish|[wisher] Alomomola
|upkeep
|turn|30
|
|t:|1781574969
|move|p2a: Excadrill|Rapid Spin|p1a: Overlord
|-damage|p1a: Overlord|0 fnt
|-boost|p2a: Excadrill|spe|1
|faint|p1a: Overlord
|
|-weather|Sandstorm|[upkeep]
|upkeep
|
|t:|1781574972
|switch|p1a: Gills Exceed|Great Tusk|100/100
|turn|31
|
|t:|1781574976
|move|p2a: Excadrill|Substitute|p2a: Excadrill
|-start|p2a: Excadrill|Substitute
|-damage|p2a: Excadrill|76/100
|move|p1a: Gills Exceed|Rapid Spin|p2a: Excadrill
|-resisted|p2a: Excadrill
|-activate|p2a: Excadrill|move: Substitute|[damage]
|-boost|p1a: Gills Exceed|spe|1
|
|-weather|none
|-heal|p2a: Excadrill|82/100|[from] item: Leftovers
|upkeep
|turn|32
|
|t:|1781574979
|move|p1a: Gills Exceed|Rapid Spin|p2a: Excadrill
|-resisted|p2a: Excadrill
|-end|p2a: Excadrill|Substitute
|-boost|p1a: Gills Exceed|spe|1
|move|p2a: Excadrill|Rapid Spin|p1a: Gills Exceed
|-damage|p1a: Gills Exceed|85/100
|-boost|p2a: Excadrill|spe|1
|
|-heal|p2a: Excadrill|88/100|[from] item: Leftovers
|upkeep
|turn|33
|j| mak7xr
|
|t:|1781574982
|move|p1a: Gills Exceed|Headlong Rush|p2a: Excadrill
|-supereffective|p2a: Excadrill
|-damage|p2a: Excadrill|0 fnt
|-unboost|p1a: Gills Exceed|def|1
|-unboost|p1a: Gills Exceed|spd|1
|faint|p2a: Excadrill
|
|upkeep
|
|t:|1781574987
|switch|p2a: Tornadus|Tornadus-Therian, M|62/100
|turn|34
|
|t:|1781574991
|move|p1a: Gills Exceed|Ice Spinner|p2a: Tornadus
|-supereffective|p2a: Tornadus
|-damage|p2a: Tornadus|0 fnt
|faint|p2a: Tornadus
|
|upkeep
|l| mak7xr
|
|t:|1781574994
|switch|p2a: Hydrapple|Hydrapple, F|74/100
|turn|35
|
|t:|1781574996
|switch|p2a: Alomomola|Alomomola, M, tera:Poison|78/100
|move|p1a: Gills Exceed|Ice Spinner|p2a: Alomomola
|-damage|p2a: Alomomola|61/100
|
|upkeep
|turn|36
|
|t:|1781574999
|move|p1a: Gills Exceed|Headlong Rush|p2a: Alomomola
|-supereffective|p2a: Alomomola
|-damage|p2a: Alomomola|0 fnt
|-unboost|p1a: Gills Exceed|def|1
|-unboost|p1a: Gills Exceed|spd|1
|faint|p2a: Alomomola
|
|upkeep
|
|t:|1781575000
|switch|p2a: Hydrapple|Hydrapple, F|100/100
|turn|37
|-message|rrbrru forfeited.
|
|win|samohi0
|raw|samohi0's rating: 1661 &rarr; <strong>1683</strong><br />(+22 for winning)
|raw|rrbrru's rating: 1690 &rarr; <strong>1668</strong><br />(-22 for losing)
|l|‽rrbrru
|player|p2|
|l| Little CuackPiC
