|j|☆PepeNike
|j|☆Mr.X&Y97
|t:|1781314815
|gametype|singles
|player|p1|PepeNike|266|1622
|player|p2|Mr.X&Y97|ingo|1650
|gen|9
|tier|[Gen 9] OU
|rated|
|rule|HP Percentage Mod: HP is shown in percentages
|rule|Endless Battle Clause: Forcing endless battles is banned
|rule|Species Clause: Limit one of each Pokémon
|rule|OHKO Clause: OHKO moves are banned
|rule|Evasion Items Clause: Evasion items are banned
|rule|Evasion Moves Clause: Evasion moves are banned
|rule|Evasion Abilities Clause: Evasion abilities are banned
|rule|Sleep Moves Clause: Sleep-inducing moves are banned
|clearpoke
|poke|p1|Kleavor, F|
|poke|p1|Samurott-Hisui, F|
|poke|p1|Gholdengo|
|poke|p1|Ceruledge, F|
|poke|p1|Greninja-*, M|
|poke|p1|Dragapult, F|
|poke|p2|Regieleki|
|poke|p2|Grafaiai, M|
|poke|p2|Corviknight, F|
|poke|p2|Alomomola, M|
|poke|p2|Gliscor, F|
|poke|p2|Zamazenta-*|
|teampreview
|inactive|Battle timer is ON: inactive players will automatically lose when time's up. (requested by Mr.X&Y97)
|inactive|PepeNike also wants the timer to be on.
|
|t:|1781314820
|teamsize|p1|6
|teamsize|p2|6
|start
|switch|p1a: Kleavor|Kleavor, F|100/100
|switch|p2a: Regieleki|Regieleki|100/100
|turn|1
|
|t:|1781314826
|move|p2a: Regieleki|Volt Switch|p1a: Kleavor
|-damage|p1a: Kleavor|1/100
|
|t:|1781314831
|switch|p2a: Corviknight|Corviknight, F|100/100|[from] Volt Switch
|-ability|p2a: Corviknight|Pressure
|move|p1a: Kleavor|Stone Axe|p2a: Corviknight
|-damage|p2a: Corviknight|60/100
|-damage|p1a: Kleavor|0 fnt|[from] item: Rocky Helmet|[of] p2a: Corviknight
|faint|p1a: Kleavor
|
|upkeep
|
|t:|1781314839
|switch|p1a: Ceruledge|Ceruledge, F|100/100
|turn|2
|
|t:|1781314846
|move|p1a: Ceruledge|Swords Dance|p1a: Ceruledge
|-boost|p1a: Ceruledge|atk|2
|move|p2a: Corviknight|U-turn|p1a: Ceruledge
|-resisted|p1a: Ceruledge
|-damage|p1a: Ceruledge|96/100
|-ability|p1a: Ceruledge|Weak Armor|boost
|-unboost|p1a: Ceruledge|def|1
|-boost|p1a: Ceruledge|spe|2
|
|t:|1781314848
|switch|p2a: Grafaiai|Grafaiai, M|100/100|[from] U-turn
|
|upkeep
|turn|3
|
|t:|1781314855
|move|p2a: Grafaiai|Encore|p1a: Ceruledge
|-start|p1a: Ceruledge|Encore
|move|p1a: Ceruledge|Swords Dance|p1a: Ceruledge
|-boost|p1a: Ceruledge|atk|2
|
|upkeep
|turn|4
|
|t:|1781314858
|switch|p1a: Samurott|Samurott-Hisui, F|100/100
|move|p2a: Grafaiai|Toxic|p1a: Samurott
|-hint|Since gen 7, Dark is immune to Prankster moves.
|-immune|p1a: Samurott
|
|upkeep
|turn|5
|
|t:|1781314860
|move|p2a: Grafaiai|U-turn|p1a: Samurott
|-supereffective|p1a: Samurott
|-damage|p1a: Samurott|69/100
|
|t:|1781314888
|switch|p2a: Zamazenta|Zamazenta|100/100|[from] U-turn
|-ability|p2a: Zamazenta|Dauntless Shield|boost
|-boost|p2a: Zamazenta|def|1
|move|p1a: Samurott|Ceaseless Edge|p2a: Zamazenta
|-resisted|p2a: Zamazenta
|-damage|p2a: Zamazenta|81/100
|-sidestart|p2: Mr.X&Y97|Spikes
|
|upkeep
|turn|6
|
|t:|1781314910
|switch|p1a: Gholdengo|Gholdengo|100/100
|-item|p1a: Gholdengo|Air Balloon
|move|p2a: Zamazenta|Crunch|p1a: Gholdengo
|-supereffective|p1a: Gholdengo
|-damage|p1a: Gholdengo|44/100
|-enditem|p1a: Gholdengo|Air Balloon
|
|upkeep
|turn|7
|
|t:|1781314925
|switch|p2a: Gliscor|Gliscor, F|100/100
|move|p1a: Gholdengo|Thunder Wave|p2a: Gliscor
|-immune|p2a: Gliscor
|
|-status|p2a: Gliscor|tox|[from] item: Toxic Orb
|upkeep
|turn|8
|j| Kisaragi Station
|
|t:|1781314932
|move|p2a: Gliscor|Earthquake|p1a: Gholdengo
|-supereffective|p1a: Gholdengo
|-damage|p1a: Gholdengo|1/100
|move|p1a: Gholdengo|Recover|p1a: Gholdengo
|-heal|p1a: Gholdengo|51/100
|
|upkeep
|turn|9
|
|t:|1781314937
|move|p2a: Gliscor|Swords Dance|p2a: Gliscor
|-boost|p2a: Gliscor|atk|2
|move|p1a: Gholdengo|Hex|p2a: Gliscor
|-damage|p2a: Gliscor|52/100 tox
|
|-heal|p2a: Gliscor|64/100 tox|[from] ability: Poison Heal
|upkeep
|turn|10
|
|t:|1781314941
|move|p2a: Gliscor|Earthquake|p1a: Gholdengo
|-supereffective|p1a: Gholdengo
|-crit|p1a: Gholdengo
|-damage|p1a: Gholdengo|0 fnt
|faint|p1a: Gholdengo
|
|-heal|p2a: Gliscor|77/100 tox|[from] ability: Poison Heal
|upkeep
|
|t:|1781314942
|switch|p1a: Greninja|Greninja, M|100/100
|turn|11
|
|t:|1781314944
|move|p2a: Gliscor|Protect|p2a: Gliscor
|-singleturn|p2a: Gliscor|Protect
|move|p1a: Greninja|Ice Beam|p2a: Gliscor
|-activate|p2a: Gliscor|move: Protect
|
|-heal|p2a: Gliscor|89/100 tox|[from] ability: Poison Heal
|upkeep
|turn|12
|
|t:|1781314948
|switch|p1a: Samurott|Samurott-Hisui, F|69/100
|-terastallize|p2a: Gliscor|Water
|move|p2a: Gliscor|Earthquake|p1a: Samurott
|-damage|p1a: Samurott|0 fnt
|faint|p1a: Samurott
|
|-heal|p2a: Gliscor|100/100 tox|[from] ability: Poison Heal
|upkeep
|
|t:|1781314957
|switch|p1a: Dragapult|Dragapult, F|100/100
|turn|13
|
|t:|1781314966
|move|p1a: Dragapult|Dragon Darts|p2a: Gliscor
|-damage|p2a: Gliscor|67/100 tox
|-anim|p1a: Dragapult|Dragon Darts|p2a: Gliscor
|-damage|p2a: Gliscor|34/100 tox
|move|p2a: Gliscor|Knock Off|p1a: Dragapult
|-supereffective|p1a: Dragapult
|-damage|p1a: Dragapult|0 fnt
|-enditem|p1a: Dragapult|Choice Band|[from] move: Knock Off|[of] p2a: Gliscor
|faint|p1a: Dragapult
|
|-heal|p2a: Gliscor|47/100 tox|[from] ability: Poison Heal
|upkeep
|
|t:|1781314975
|switch|p1a: Ceruledge|Ceruledge, F|96/100
|turn|14
|j| yougottobeshttnme
|
|t:|1781314978
|-terastallize|p1a: Ceruledge|Flying
|move|p1a: Ceruledge|Swords Dance|p1a: Ceruledge
|-boost|p1a: Ceruledge|atk|2
|move|p2a: Gliscor|Earthquake|p1a: Ceruledge
|-immune|p1a: Ceruledge
|
|-heal|p2a: Gliscor|59/100 tox|[from] ability: Poison Heal
|upkeep
|turn|15
|
|t:|1781314991
|move|p1a: Ceruledge|Swords Dance|p1a: Ceruledge
|-boost|p1a: Ceruledge|atk|2
|move|p2a: Gliscor|Knock Off|p1a: Ceruledge
|-damage|p1a: Ceruledge|40/100
|-ability|p1a: Ceruledge|Weak Armor|boost
|-unboost|p1a: Ceruledge|def|1
|-boost|p1a: Ceruledge|spe|2
|-enditem|p1a: Ceruledge|Focus Sash|[from] move: Knock Off|[of] p2a: Gliscor
|
|-heal|p2a: Gliscor|72/100 tox|[from] ability: Poison Heal
|upkeep
|turn|16
|
|t:|1781315004
|move|p1a: Ceruledge|Bitter Blade|p2a: Gliscor
|-resisted|p2a: Gliscor
|-damage|p2a: Gliscor|13/100 tox
|-heal|p1a: Ceruledge|75/100|[from] drain|[of] p2a: Gliscor
|move|p2a: Gliscor|Knock Off|p1a: Ceruledge
|-damage|p1a: Ceruledge|11/100
|-ability|p1a: Ceruledge|Weak Armor|boost
|-unboost|p1a: Ceruledge|def|1
|-boost|p1a: Ceruledge|spe|2
|
|-heal|p2a: Gliscor|25/100 tox|[from] ability: Poison Heal
|upkeep
|turn|17
|
|t:|1781315017
|switch|p2a: Corviknight|Corviknight, F|60/100
|-ability|p2a: Corviknight|Pressure
|move|p1a: Ceruledge|Bitter Blade|p2a: Corviknight
|-supereffective|p2a: Corviknight
|-damage|p2a: Corviknight|0 fnt
|-heal|p1a: Ceruledge|52/100|[from] drain|[of] p2a: Corviknight
|-damage|p1a: Ceruledge|36/100|[from] item: Rocky Helmet|[of] p2a: Corviknight
|faint|p2a: Corviknight
|
|upkeep
|
|t:|1781315038
|switch|p2a: Grafaiai|Grafaiai, M|100/100
|-damage|p2a: Grafaiai|88/100|[from] Spikes
|turn|18
|
|t:|1781315051
|move|p2a: Grafaiai|Toxic|p1a: Ceruledge
|-status|p1a: Ceruledge|tox
|move|p1a: Ceruledge|Bitter Blade|p2a: Grafaiai
|-damage|p2a: Grafaiai|0 fnt
|-heal|p1a: Ceruledge|86/100 tox|[from] drain|[of] p2a: Grafaiai
|faint|p2a: Grafaiai
|
|-damage|p1a: Ceruledge|80/100 tox|[from] psn
|upkeep
|
|t:|1781315059
|switch|p2a: Gliscor|Gliscor, F, tera:Water|25/100 tox
|-damage|p2a: Gliscor|13/100 tox|[from] Spikes
|turn|19
|
|t:|1781315065
|move|p2a: Gliscor|Protect|p2a: Gliscor
|-singleturn|p2a: Gliscor|Protect
|move|p1a: Ceruledge|Bitter Blade|p2a: Gliscor
|-activate|p2a: Gliscor|move: Protect
|
|-damage|p1a: Ceruledge|67/100 tox|[from] psn
|-heal|p2a: Gliscor|25/100 tox|[from] ability: Poison Heal
|upkeep
|turn|20
|j| MushTown
|
|t:|1781315081
|move|p2a: Gliscor|Protect||[still]
|-fail|p2a: Gliscor
|move|p1a: Ceruledge|Bitter Blade|p2a: Gliscor
|-resisted|p2a: Gliscor
|-damage|p2a: Gliscor|0 fnt
|-heal|p1a: Ceruledge|82/100 tox|[from] drain|[of] p2a: Gliscor
|faint|p2a: Gliscor
|
|-damage|p1a: Ceruledge|64/100 tox|[from] psn
|upkeep
|
|t:|1781315086
|switch|p2a: Alomomola|Alomomola, M|100/100
|-damage|p2a: Alomomola|88/100|[from] Spikes
|turn|21
|
|t:|1781315101
|move|p1a: Ceruledge|Poltergeist|p2a: Alomomola
|-activate|p2a: Alomomola|move: Poltergeist|Assault Vest
|-damage|p2a: Alomomola|0 fnt
|faint|p2a: Alomomola
|
|-damage|p1a: Ceruledge|39/100 tox|[from] psn
|upkeep
|
|t:|1781315113
|switch|p2a: Zamazenta|Zamazenta|81/100
|-damage|p2a: Zamazenta|69/100|[from] Spikes
|turn|22
|
|t:|1781315121
|move|p1a: Ceruledge|Bitter Blade|p2a: Zamazenta
|-damage|p2a: Zamazenta|0 fnt
|-heal|p1a: Ceruledge|77/100 tox|[from] drain|[of] p2a: Zamazenta
|faint|p2a: Zamazenta
|
|-damage|p1a: Ceruledge|47/100 tox|[from] psn
|upkeep
|
|t:|1781315125
|switch|p2a: Regieleki|Regieleki|100/100
|-damage|p2a: Regieleki|88/100|[from] Spikes
|turn|23
|
|t:|1781315130
|move|p1a: Ceruledge|Bitter Blade|p2a: Regieleki
|-damage|p2a: Regieleki|0 fnt
|-heal|p1a: Ceruledge|92/100 tox|[from] drain|[of] p2a: Regieleki
|faint|p2a: Regieleki
|
|win|PepeNike
|raw|PepeNike's rating: 1622 &rarr; <strong>1644</strong><br />(+22 for winning)
|raw|Mr.X&amp;Y97's rating: 1650 &rarr; <strong>1628</strong><br />(-22 for losing)
|l|☆PepeNike
|player|p1|
|l|☆Mr.X&Y97
|player|p2|
|l| Kisaragi Station
|l| MushTown
