|j|☆LlamaRat
|j|☆Igoodnamename
|t:|1781200819
|gametype|singles
|player|p1|LlamaRat|169|1679
|player|p2|Igoodnamename|winona|1706
|gen|9
|tier|[Gen 9] OU
|rated|
|rule|HP Percentage Mod: HP is shown in percentages
|rule|Endless Battle Clause: Forcing endless battles is banned
|rule|Species Clause: Limit one of each Pokémon
|rule|OHKO Clause: OHKO moves are banned
|rule|Evasion Items Clause: Evasion items are banned
|rule|Evasion Moves Clause: Evasion moves are banned
|rule|Evasion Abilities Clause: Evasion abilities are banned
|rule|Sleep Moves Clause: Sleep-inducing moves are banned
|clearpoke
|poke|p1|Weavile, M|
|poke|p1|Iron Treads|
|poke|p1|Kommo-o, M|
|poke|p1|Ogerpon-Wellspring, F|
|poke|p1|Kyurem|
|poke|p1|Revavroom, M|
|poke|p2|Gholdengo|
|poke|p2|Zamazenta-*|
|poke|p2|Moltres|
|poke|p2|Ting-Lu|
|poke|p2|Serperior, M|
|poke|p2|Kyurem|
|teampreview
|inactive|Battle timer is ON: inactive players will automatically lose when time's up. (requested by LlamaRat)
|
|t:|1781200852
|teamsize|p1|6
|teamsize|p2|6
|start
|switch|p1a: Iron Treads|Iron Treads|100/100
|switch|p2a: Kyurem|Kyurem|100/100
|-ability|p2a: Kyurem|Pressure
|-enditem|p1a: Iron Treads|Booster Energy
|-activate|p1a: Iron Treads|ability: Quark Drive|[fromitem]
|-start|p1a: Iron Treads|quarkdrivespe
|turn|1
|
|t:|1781200857
|move|p1a: Iron Treads|Stealth Rock|p2a: Kyurem
|-sidestart|p2: Igoodnamename|move: Stealth Rock
|move|p2a: Kyurem|Earth Power|p1a: Iron Treads
|-supereffective|p1a: Iron Treads
|-damage|p1a: Iron Treads|28/100
|
|upkeep
|turn|2
|
|t:|1781200870
|move|p1a: Iron Treads|Endeavor|p2a: Kyurem
|-damage|p2a: Kyurem|26/100
|move|p2a: Kyurem|Ice Beam|p1a: Iron Treads
|-damage|p1a: Iron Treads|0 fnt
|faint|p1a: Iron Treads
|-end|p1a: Iron Treads|Quark Drive|[silent]
|
|upkeep
|
|t:|1781200886
|switch|p1a: Weavile|Weavile, M|100/100
|-ability|p1a: Weavile|Pressure
|turn|3
|
|t:|1781200890
|move|p1a: Weavile|Knock Off|p2a: Kyurem
|-damage|p2a: Kyurem|0 fnt
|-enditem|p2a: Kyurem|Heavy-Duty Boots|[from] move: Knock Off|[of] p1a: Weavile
|faint|p2a: Kyurem
|-damage|p1a: Weavile|91/100|[from] item: Life Orb
|
|upkeep
|
|t:|1781200897
|switch|p2a: Zamazenta|Zamazenta|100/100
|-damage|p2a: Zamazenta|94/100|[from] Stealth Rock
|-ability|p2a: Zamazenta|Dauntless Shield|boost
|-boost|p2a: Zamazenta|def|1
|turn|4
|
|t:|1781200909
|switch|p1a: Kommo-o|Kommo-o, M|100/100
|move|p2a: Zamazenta|Body Press|p1a: Kommo-o
|-damage|p1a: Kommo-o|50/100
|
|upkeep
|turn|5
|
|t:|1781200916
|move|p2a: Zamazenta|Iron Defense|p2a: Zamazenta
|-boost|p2a: Zamazenta|def|2
|move|p1a: Kommo-o|Boomburst|p2a: Zamazenta
|-damage|p2a: Zamazenta|62/100
|-enditem|p1a: Kommo-o|Throat Spray
|-boost|p1a: Kommo-o|spa|1|[from] item: Throat Spray
|
|upkeep
|turn|6
|j| Fat_Yogi
|j| deadbyflinch
|
|t:|1781200937
|move|p2a: Zamazenta|Body Press|p1a: Kommo-o
|-damage|p1a: Kommo-o|0 fnt
|faint|p1a: Kommo-o
|
|upkeep
|
|t:|1781200945
|switch|p1a: Ogerpon|Ogerpon-Wellspring, F|100/100
|turn|7
|
|t:|1781200960
|move|p2a: Zamazenta|Body Press|p1a: Ogerpon
|-damage|p1a: Ogerpon|0 fnt
|faint|p1a: Ogerpon
|
|upkeep
|
|t:|1781200964
|switch|p1a: Revavroom|Revavroom, M|100/100
|-item|p1a: Revavroom|Air Balloon
|turn|8
|
|t:|1781200974
|move|p2a: Zamazenta|Body Press|p1a: Revavroom
|-damage|p1a: Revavroom|0 fnt
|-enditem|p1a: Revavroom|Air Balloon
|faint|p1a: Revavroom
|
|upkeep
|
|t:|1781200983
|switch|p1a: Kyurem|Kyurem|100/100
|-ability|p1a: Kyurem|Pressure
|turn|9
|-message|LlamaRat forfeited.
|
|win|Igoodnamename
|raw|LlamaRat's rating: 1679 &rarr; <strong>1661</strong><br />(-18 for losing)
|raw|Igoodnamename's rating: 1706 &rarr; <strong>1724</strong><br />(+18 for winning)
|l|☆LlamaRat
|player|p1|
|l|☆Igoodnamename
|player|p2|
|l| deadbyflinch
|l| Fat_Yogi
