|j|☆Prwellz
|j|☆temporarylight
|t:|1781012084
|gametype|singles
|player|p1|Prwellz|brock|1647
|player|p2|temporarylight|jogger|1762
|gen|9
|tier|[Gen 9] OU
|rated|
|rule|HP Percentage Mod: HP is shown in percentages
|rule|Endless Battle Clause: Forcing endless battles is banned
|rule|Species Clause: Limit one of each Pokémon
|rule|OHKO Clause: OHKO moves are banned
|rule|Evasion Items Clause: Evasion items are banned
|rule|Evasion Moves Clause: Evasion moves are banned
|rule|Evasion Abilities Clause: Evasion abilities are banned
|rule|Sleep Moves Clause: Sleep-inducing moves are banned
|clearpoke
|poke|p1|Ogerpon-Cornerstone, F|
|poke|p1|Landorus-Therian, M|
|poke|p1|Dragonite, M|
|poke|p1|Darkrai|
|poke|p1|Great Tusk|
|poke|p1|Slowking-Galar, M|
|poke|p2|Rillaboom, F|
|poke|p2|Kyurem|
|poke|p2|Hawlucha, F|
|poke|p2|Hatterene, F|
|poke|p2|Gholdengo|
|poke|p2|Ting-Lu|
|teampreview
|inactive|Battle timer is ON: inactive players will automatically lose when time's up. (requested by Prwellz)
|
|t:|1781012121
|teamsize|p1|6
|teamsize|p2|6
|start
|switch|p1a: Darkrai|Darkrai|100/100
|switch|p2a: Hatterene|Hatterene, F|100/100
|turn|1
|
|t:|1781012126
|switch|p1a: Slowking|Slowking-Galar, M|100/100
|switch|p2a: Ting-Lu|Ting-Lu|100/100
|-ability|p2a: Ting-Lu|Vessel of Ruin
|
|upkeep
|turn|2
|
|t:|1781012133
|switch|p1a: Ogerpon|Ogerpon-Cornerstone, F|100/100
|move|p2a: Ting-Lu|Stealth Rock|p1a: Ogerpon
|-sidestart|p1: Prwellz|move: Stealth Rock
|
|upkeep
|turn|3
|
|t:|1781012138
|move|p1a: Ogerpon|Swords Dance|p1a: Ogerpon
|-boost|p1a: Ogerpon|atk|2
|move|p2a: Ting-Lu|Whirlwind|p1a: Ogerpon
|drag|p1a: Landorus|Landorus-Therian, M|100/100
|-damage|p1a: Landorus|88/100|[from] Stealth Rock
|-ability|p1a: Landorus|Intimidate|boost
|-unboost|p2a: Ting-Lu|atk|1
|
|upkeep
|turn|4
|
|t:|1781012143
|switch|p2a: Kyurem|Kyurem|100/100
|-ability|p2a: Kyurem|Pressure
|move|p1a: Landorus|Taunt|p2a: Kyurem
|-start|p2a: Kyurem|move: Taunt
|
|upkeep
|turn|5
|
|t:|1781012148
|switch|p1a: Slowking|Slowking-Galar, M|100/100
|-damage|p1a: Slowking|88/100|[from] Stealth Rock
|move|p2a: Kyurem|Earth Power|p1a: Slowking
|-supereffective|p1a: Slowking
|-damage|p1a: Slowking|44/100
|-damage|p2a: Kyurem|91/100|[from] item: Life Orb
|
|upkeep
|turn|6
|
|t:|1781012162
|switch|p1a: Landorus|Landorus-Therian, M|88/100
|-damage|p1a: Landorus|76/100|[from] Stealth Rock
|-ability|p1a: Landorus|Intimidate|boost
|-unboost|p2a: Kyurem|atk|1
|move|p2a: Kyurem|Draco Meteor|p1a: Landorus
|-damage|p1a: Landorus|0 fnt
|-unboost|p2a: Kyurem|spa|2
|faint|p1a: Landorus
|-damage|p2a: Kyurem|81/100|[from] item: Life Orb
|
|-end|p2a: Kyurem|move: Taunt
|upkeep
|
|t:|1781012177
|switch|p1a: Ogerpon|Ogerpon-Cornerstone, F|100/100
|-damage|p1a: Ogerpon|88/100|[from] Stealth Rock
|turn|7
|
|t:|1781012183
|switch|p2a: Gholdengo|Gholdengo|100/100
|move|p1a: Ogerpon|Ivy Cudgel|p2a: Gholdengo|[anim] Ivy Cudgel Rock
|-resisted|p2a: Gholdengo
|-damage|p2a: Gholdengo|64/100
|
|upkeep
|turn|8
|
|t:|1781012192
|switch|p1a: Darkrai|Darkrai|100/100
|-damage|p1a: Darkrai|88/100|[from] Stealth Rock
|move|p2a: Gholdengo|Make It Rain|p1a: Darkrai
|-damage|p1a: Darkrai|0 fnt
|-unboost|p2a: Gholdengo|spa|1
|faint|p1a: Darkrai
|
|upkeep
|
|t:|1781012205
|switch|p1a: Great Tusk|Great Tusk|100/100
|-damage|p1a: Great Tusk|98/100|[from] Stealth Rock
|-enditem|p1a: Great Tusk|Booster Energy
|-activate|p1a: Great Tusk|ability: Protosynthesis|[fromitem]
|-start|p1a: Great Tusk|protosynthesisspe
|turn|9
|
|t:|1781012213
|move|p1a: Great Tusk|Bulk Up|p1a: Great Tusk
|-boost|p1a: Great Tusk|atk|1
|-boost|p1a: Great Tusk|def|1
|move|p2a: Gholdengo|Make It Rain|p1a: Great Tusk
|-damage|p1a: Great Tusk|45/100
|-unboost|p2a: Gholdengo|spa|1
|
|upkeep
|turn|10
|
|t:|1781012227
|move|p1a: Great Tusk|Bulk Up|p1a: Great Tusk
|-boost|p1a: Great Tusk|atk|1
|-boost|p1a: Great Tusk|def|1
|move|p2a: Gholdengo|Make It Rain|p1a: Great Tusk
|-damage|p1a: Great Tusk|4/100
|-unboost|p2a: Gholdengo|spa|1
|
|upkeep
|turn|11
|
|t:|1781012246
|switch|p2a: Rillaboom|Rillaboom, F|100/100
|-fieldstart|move: Grassy Terrain|[from] ability: Grassy Surge|[of] p2a: Rillaboom
|move|p1a: Great Tusk|Ice Spinner|p2a: Rillaboom
|-supereffective|p2a: Rillaboom
|-damage|p2a: Rillaboom|0 fnt
|-fieldend|move: Grassy Terrain
|faint|p2a: Rillaboom
|
|upkeep
|
|t:|1781012255
|switch|p2a: Ting-Lu|Ting-Lu|100/100
|-ability|p2a: Ting-Lu|Vessel of Ruin
|turn|12
|
|t:|1781012257
|move|p1a: Great Tusk|Rapid Spin|p2a: Ting-Lu
|-damage|p2a: Ting-Lu|86/100
|-boost|p1a: Great Tusk|spe|1
|-sideend|p1: Prwellz|Stealth Rock|[from] move: Rapid Spin|[of] p1a: Great Tusk
|move|p2a: Ting-Lu|Whirlwind|p1a: Great Tusk
|-end|p1a: Great Tusk|Protosynthesis|[silent]
|drag|p1a: Slowking|Slowking-Galar, M|77/100
|
|-heal|p2a: Ting-Lu|92/100|[from] item: Leftovers
|upkeep
|turn|13
|
|t:|1781012264
|switch|p1a: Ogerpon|Ogerpon-Cornerstone, F|88/100
|move|p2a: Ting-Lu|Stealth Rock|p1a: Ogerpon
|-sidestart|p1: Prwellz|move: Stealth Rock
|
|-heal|p2a: Ting-Lu|98/100|[from] item: Leftovers
|upkeep
|turn|14
|
|t:|1781012272
|move|p1a: Ogerpon|Low Kick|p2a: Ting-Lu
|-supereffective|p2a: Ting-Lu
|-damage|p2a: Ting-Lu|50/100
|move|p2a: Ting-Lu|Whirlwind|p1a: Ogerpon
|drag|p1a: Great Tusk|Great Tusk|4/100
|-damage|p1a: Great Tusk|1/100|[from] Stealth Rock
|
|-heal|p2a: Ting-Lu|57/100|[from] item: Leftovers
|upkeep
|turn|15
|
|t:|1781012281
|move|p1a: Great Tusk|Rapid Spin|p2a: Ting-Lu
|-damage|p2a: Ting-Lu|49/100
|-boost|p1a: Great Tusk|spe|1
|-sideend|p1: Prwellz|Stealth Rock|[from] move: Rapid Spin|[of] p1a: Great Tusk
|move|p2a: Ting-Lu|Whirlwind|p1a: Great Tusk
|-end|p1a: Great Tusk|Protosynthesis|[silent]
|drag|p1a: Ogerpon|Ogerpon-Cornerstone, F|88/100
|
|-heal|p2a: Ting-Lu|55/100|[from] item: Leftovers
|upkeep
|turn|16
|
|t:|1781012286
|move|p1a: Ogerpon|Power Whip|p2a: Ting-Lu|[miss]
|-miss|p1a: Ogerpon|p2a: Ting-Lu
|move|p2a: Ting-Lu|Stealth Rock|p1a: Ogerpon
|-sidestart|p1: Prwellz|move: Stealth Rock
|
|-heal|p2a: Ting-Lu|62/100|[from] item: Leftovers
|upkeep
|turn|17
|j| kanitanku
|
|t:|1781012293
|move|p1a: Ogerpon|Power Whip|p2a: Ting-Lu
|-supereffective|p2a: Ting-Lu
|-damage|p2a: Ting-Lu|0 fnt
|faint|p2a: Ting-Lu
|
|upkeep
|
|t:|1781012297
|switch|p2a: Gholdengo|Gholdengo|64/100
|turn|18
|
|t:|1781012302
|switch|p1a: Slowking|Slowking-Galar, M|100/100
|-damage|p1a: Slowking|88/100|[from] Stealth Rock
|move|p2a: Gholdengo|Make It Rain|p1a: Slowking
|-damage|p1a: Slowking|55/100
|-unboost|p2a: Gholdengo|spa|1
|
|upkeep
|turn|19
|
|t:|1781012310
|switch|p2a: Kyurem|Kyurem|81/100
|-ability|p2a: Kyurem|Pressure
|switch|p1a: Great Tusk|Great Tusk|1/100
|-damage|p1a: Great Tusk|0 fnt|[from] Stealth Rock
|faint|p1a: Great Tusk
|-end|p1a: Great Tusk|Protosynthesis|[silent]
|
|upkeep
|inactive|Prwellz has 120 seconds left.
|
|t:|1781012347
|switch|p1a: Ogerpon|Ogerpon-Cornerstone, F|88/100
|-damage|p1a: Ogerpon|76/100|[from] Stealth Rock
|turn|20
|inactive|Prwellz has 120 seconds left.
|
|t:|1781012363
|switch|p2a: Hawlucha|Hawlucha, F|100/100
|move|p1a: Ogerpon|Ivy Cudgel|p2a: Hawlucha|[anim] Ivy Cudgel Rock
|-damage|p2a: Hawlucha|28/100
|
|upkeep
|turn|21
|
|t:|1781012369
|move|p1a: Ogerpon|Ivy Cudgel|p2a: Hawlucha|[anim] Ivy Cudgel Rock
|-crit|p2a: Hawlucha
|-damage|p2a: Hawlucha|0 fnt
|faint|p2a: Hawlucha
|
|upkeep
|
|t:|1781012372
|switch|p2a: Gholdengo|Gholdengo|64/100
|turn|22
|
|t:|1781012382
|switch|p1a: Slowking|Slowking-Galar, M|88/100
|-damage|p1a: Slowking|76/100|[from] Stealth Rock
|move|p2a: Gholdengo|Shadow Ball|p1a: Slowking
|-supereffective|p1a: Slowking
|-damage|p1a: Slowking|35/100
|-unboost|p1a: Slowking|spd|1
|
|upkeep
|turn|23
|
|t:|1781012395
|move|p2a: Gholdengo|Shadow Ball|p1a: Slowking
|-supereffective|p1a: Slowking
|-damage|p1a: Slowking|0 fnt
|faint|p1a: Slowking
|
|upkeep
|inactive|Prwellz has 120 seconds left.
|
|t:|1781012405
|switch|p1a: Dragonite|Dragonite, M|100/100
|-damage|p1a: Dragonite|76/100|[from] Stealth Rock
|turn|24
|
|t:|1781012417
|switch|p2a: Hatterene|Hatterene, F|100/100
|move|p1a: Dragonite|Dragon Dance|p1a: Dragonite
|-boost|p1a: Dragonite|atk|1
|-boost|p1a: Dragonite|spe|1
|
|upkeep
|turn|25
|
|t:|1781012421
|-terastallize|p1a: Dragonite|Ground
|move|p1a: Dragonite|Dragon Dance|p1a: Dragonite
|-boost|p1a: Dragonite|atk|1
|-boost|p1a: Dragonite|spe|1
|move|p2a: Hatterene|Psychic Noise|p1a: Dragonite
|-damage|p1a: Dragonite|35/100
|-start|p1a: Dragonite|move: Heal Block
|
|upkeep
|turn|26
|
|t:|1781012427
|move|p1a: Dragonite|Earthquake|p2a: Hatterene
|-damage|p2a: Hatterene|16/100
|move|p2a: Hatterene|Psychic Noise|p1a: Dragonite
|-damage|p1a: Dragonite|0 fnt
|faint|p1a: Dragonite
|
|upkeep
|
|t:|1781012430
|switch|p1a: Ogerpon|Ogerpon-Cornerstone, F|76/100
|-damage|p1a: Ogerpon|64/100|[from] Stealth Rock
|turn|27
|
|t:|1781012436
|move|p1a: Ogerpon|Swords Dance|p1a: Ogerpon
|-boost|p1a: Ogerpon|atk|2
|move|p2a: Hatterene|Psychic Noise|p1a: Ogerpon
|-damage|p1a: Ogerpon|25/100
|-start|p1a: Ogerpon|move: Heal Block
|
|upkeep
|turn|28
|
|t:|1781012441
|move|p1a: Ogerpon|Ivy Cudgel|p2a: Hatterene|[anim] Ivy Cudgel Rock
|-damage|p2a: Hatterene|0 fnt
|faint|p2a: Hatterene
|
|-end|p1a: Ogerpon|move: Heal Block
|upkeep
|
|t:|1781012443
|switch|p2a: Gholdengo|Gholdengo|64/100
|turn|29
|
|t:|1781012446
|move|p2a: Gholdengo|Make It Rain|p1a: Ogerpon
|-supereffective|p1a: Ogerpon
|-damage|p1a: Ogerpon|0 fnt
|-unboost|p2a: Gholdengo|spa|1
|faint|p1a: Ogerpon
|
|win|temporarylight
|raw|Prwellz's rating: 1647 &rarr; <strong>1633</strong><br />(-14 for losing)
|raw|temporarylight's rating: 1762 &rarr; <strong>1776</strong><br />(+14 for winning)
|l|☆Prwellz
|player|p1|
|l|☆temporarylight
|player|p2|
|l| kanitanku
