|j|‽obamaisbiden
|j|☆agape boy
|t:|1781093770
|gametype|singles
|player|p1|obamaisbiden|ghetsis|1526
|player|p2|agape boy|waiter|1532
|gen|9
|tier|[Gen 9] OU
|rated|
|rule|HP Percentage Mod: HP is shown in percentages
|rule|Endless Battle Clause: Forcing endless battles is banned
|rule|Species Clause: Limit one of each Pokémon
|rule|OHKO Clause: OHKO moves are banned
|rule|Evasion Items Clause: Evasion items are banned
|rule|Evasion Moves Clause: Evasion moves are banned
|rule|Evasion Abilities Clause: Evasion abilities are banned
|rule|Sleep Moves Clause: Sleep-inducing moves are banned
|clearpoke
|poke|p1|Hatterene, F|
|poke|p1|Great Tusk|
|poke|p1|Tornadus-Therian, M|
|poke|p1|Kyurem|
|poke|p1|Slowking-Galar, F|
|poke|p1|Kingambit, F|
|poke|p2|Araquanid, F|
|poke|p2|Glimmora, M|
|poke|p2|Great Tusk|
|poke|p2|Gholdengo|
|poke|p2|Rillaboom, F|
|poke|p2|Raikou|
|teampreview
|inactive|Battle timer is ON: inactive players will automatically lose when time's up. (requested by obamaisbiden)
|j| KangkongNation
|l| KangkongNation
|inactive|obamaisbiden has 120 seconds left.
|inactive|agape boy has 120 seconds left.
|
|t:|1781093819
|teamsize|p1|6
|teamsize|p2|6
|start
|switch|p1a: Kyurem|Kyurem, shiny|100/100
|switch|p2a: Caltrop|Glimmora, M, shiny|100/100
|-ability|p1a: Kyurem|Pressure
|turn|1
|
|t:|1781093825
|switch|p2a: Bathtub Spider|Araquanid, F, shiny|100/100
|move|p1a: Kyurem|Earth Power|p2a: Bathtub Spider
|-resisted|p2a: Bathtub Spider
|-damage|p2a: Bathtub Spider|81/100
|
|upkeep
|turn|2
|
|t:|1781093832
|switch|p1a: Hatterene|Hatterene, F, shiny|100/100
|move|p2a: Bathtub Spider|Surf|p1a: Hatterene
|-damage|p1a: Hatterene|42/100
|
|upkeep
|turn|3
|
|t:|1781093838
|switch|p1a: Tornadus|Tornadus-Therian, M|100/100
|move|p2a: Bathtub Spider|Surf|p1a: Tornadus
|-damage|p1a: Tornadus|66/100
|
|upkeep
|turn|4
|
|t:|1781093847
|switch|p2a: Tony Tiger|Raikou, shiny|100/100
|-ability|p2a: Tony Tiger|Pressure
|move|p1a: Tornadus|U-turn|p2a: Tony Tiger
|-damage|p2a: Tony Tiger|81/100
|
|t:|1781093854
|switch|p1a: Slowking|Slowking-Galar, F|100/100|[from] U-turn
|
|-heal|p2a: Tony Tiger|88/100|[from] item: Leftovers
|upkeep
|turn|5
|
|t:|1781093884
|move|p2a: Tony Tiger|Calm Mind|p2a: Tony Tiger
|-boost|p2a: Tony Tiger|spa|1
|-boost|p2a: Tony Tiger|spd|1
|move|p1a: Slowking|Future Sight|p2a: Tony Tiger
|-start|p1a: Slowking|move: Future Sight
|
|-heal|p2a: Tony Tiger|94/100|[from] item: Leftovers
|upkeep
|turn|6
|
|t:|1781093891
|move|p2a: Tony Tiger|Calm Mind|p2a: Tony Tiger
|-boost|p2a: Tony Tiger|spa|1
|-boost|p2a: Tony Tiger|spd|1
|move|p1a: Slowking|Trick|p2a: Tony Tiger
|-activate|p1a: Slowking|move: Trick|[of] p2a: Tony Tiger
|-item|p2a: Tony Tiger|Black Sludge|[from] move: Trick
|-item|p1a: Slowking|Leftovers|[from] move: Trick
|
|-damage|p2a: Tony Tiger|81/100|[from] item: Black Sludge
|upkeep
|turn|7
|
|t:|1781093898
|move|p2a: Tony Tiger|Thunderbolt|p1a: Slowking
|-damage|p1a: Slowking|36/100
|move|p1a: Slowking|Sludge Bomb|p2a: Tony Tiger
|-damage|p2a: Tony Tiger|64/100
|-status|p2a: Tony Tiger|psn
|
|-end|p2a: Tony Tiger|move: Future Sight
|-damage|p2a: Tony Tiger|39/100 psn
|-damage|p2a: Tony Tiger|27/100 psn|[from] item: Black Sludge
|-heal|p1a: Slowking|42/100|[from] item: Leftovers
|-damage|p2a: Tony Tiger|15/100 psn|[from] psn
|upkeep
|turn|8
|j| KangkongNation
|l| KangkongNation
|
|t:|1781093908
|switch|p1a: Tornadus|Tornadus-Therian, M|99/100
|move|p2a: Tony Tiger|Scald|p1a: Tornadus
|-damage|p1a: Tornadus|67/100
|
|-damage|p2a: Tony Tiger|2/100 psn|[from] item: Black Sludge
|-damage|p2a: Tony Tiger|0 fnt|[from] psn
|faint|p2a: Tony Tiger
|upkeep
|
|t:|1781093919
|switch|p2a: Caltrop|Glimmora, M, shiny|100/100
|turn|9
|
|t:|1781093925
|move|p1a: Tornadus|Knock Off|p2a: Caltrop
|-damage|p2a: Caltrop|77/100
|-activate|p2a: Caltrop|ability: Toxic Debris
|-sidestart|p1: obamaisbiden|move: Toxic Spikes
|-enditem|p2a: Caltrop|Power Herb|[from] move: Knock Off|[of] p1a: Tornadus
|move|p2a: Caltrop|Meteor Beam||[still]
|-prepare|p2a: Caltrop|Meteor Beam
|-boost|p2a: Caltrop|spa|1
|
|upkeep
|turn|10
|
|t:|1781093932
|move|p1a: Tornadus|U-turn|p2a: Caltrop
|-resisted|p2a: Caltrop
|-damage|p2a: Caltrop|68/100
|-activate|p2a: Caltrop|ability: Toxic Debris
|-sidestart|p1: obamaisbiden|move: Toxic Spikes
|
|t:|1781093937
|switch|p1a: Slowking|Slowking-Galar, F|76/100|[from] U-turn
|-sideend|p1: obamaisbiden|move: Toxic Spikes|[of] p1a: Slowking
|move|p2a: Caltrop|Meteor Beam|p1a: Slowking|[from] lockedmove
|-damage|p1a: Slowking|3/100
|
|-heal|p1a: Slowking|9/100|[from] item: Leftovers
|upkeep
|turn|11
|inactive|obamaisbiden has 120 seconds left.
|
|t:|1781093971
|move|p2a: Caltrop|Earth Power|p1a: Slowking
|-supereffective|p1a: Slowking
|-damage|p1a: Slowking|0 fnt
|faint|p1a: Slowking
|
|upkeep
|
|t:|1781093974
|switch|p1a: Kyurem|Kyurem, shiny|100/100
|-ability|p1a: Kyurem|Pressure
|turn|12
|
|t:|1781094000
|move|p1a: Kyurem|Freeze-Dry|p2a: Caltrop
|-damage|p2a: Caltrop|0 fnt
|faint|p2a: Caltrop
|
|upkeep
|inactive|agape boy has 120 seconds left.
|
|t:|1781094021
|switch|p2a: Aurum|Gholdengo, shiny|100/100
|-item|p2a: Aurum|Air Balloon
|turn|13
|inactive|obamaisbiden has 120 seconds left.
|
|t:|1781094048
|switch|p1a: Tornadus|Tornadus-Therian, M|100/100
|move|p2a: Aurum|Nasty Plot|p2a: Aurum
|-boost|p2a: Aurum|spa|2
|
|upkeep
|turn|14
|inactive|obamaisbiden has 120 seconds left.
|
|t:|1781094059
|move|p1a: Tornadus|Heat Wave|p2a: Aurum
|-supereffective|p2a: Aurum
|-damage|p2a: Aurum|44/100
|-enditem|p2a: Aurum|Air Balloon
|move|p2a: Aurum|Make It Rain|p1a: Tornadus
|-damage|p1a: Tornadus|14/100
|-unboost|p2a: Aurum|spa|1
|
|upkeep
|turn|15
|inactive|obamaisbiden has 120 seconds left.
|
|t:|1781094075
|-terastallize|p2a: Aurum|Fairy
|move|p1a: Tornadus|Bleakwind Storm|p2a: Aurum
|-damage|p2a: Aurum|2/100
|move|p2a: Aurum|Shadow Ball|p1a: Tornadus
|-damage|p1a: Tornadus|0 fnt
|faint|p1a: Tornadus
|
|upkeep
|
|t:|1781094084
|switch|p1a: Kyurem|Kyurem, shiny|100/100
|-ability|p1a: Kyurem|Pressure
|turn|16
|
|t:|1781094087
|move|p1a: Kyurem|Freeze-Dry|p2a: Aurum
|-damage|p2a: Aurum|0 fnt
|faint|p2a: Aurum
|
|upkeep
|
|t:|1781094095
|switch|p2a: Bathtub Spider|Araquanid, F, shiny|81/100
|turn|17
|
|t:|1781094101
|switch|p1a: Hatterene|Hatterene, F, shiny|42/100
|move|p2a: Bathtub Spider|Endure||[still]
|-fail|p2a: Bathtub Spider
|
|upkeep
|turn|18
|
|t:|1781094106
|move|p2a: Bathtub Spider|Surf|p1a: Hatterene
|-damage|p1a: Hatterene|0 fnt
|faint|p1a: Hatterene
|
|upkeep
|
|t:|1781094109
|switch|p1a: Kingambit|Kingambit, F|100/100
|-activate|p1a: Kingambit|ability: Supreme Overlord
|-start|p1a: Kingambit|fallen3|[silent]
|turn|19
|
|t:|1781094116
|move|p1a: Kingambit|Kowtow Cleave|p2a: Bathtub Spider
|-damage|p2a: Bathtub Spider|17/100
|move|p2a: Bathtub Spider|Sticky Web|p1a: Kingambit
|-sidestart|p1: obamaisbiden|move: Sticky Web
|
|upkeep
|turn|20
|-enditem|p2a: Bathtub Spider|Custap Berry|[eat]
|-activate|p2a: Bathtub Spider|item: Custap Berry|[consumed]
|
|t:|1781094120
|move|p2a: Bathtub Spider|Endeavor|p1a: Kingambit
|-damage|p1a: Kingambit|14/100
|move|p1a: Kingambit|Swords Dance|p1a: Kingambit
|-boost|p1a: Kingambit|atk|2
|
|-heal|p1a: Kingambit|20/100|[from] item: Leftovers
|upkeep
|turn|21
|
|t:|1781094129
|move|p1a: Kingambit|Sucker Punch|p2a: Bathtub Spider
|-damage|p2a: Bathtub Spider|0 fnt
|faint|p2a: Bathtub Spider
|
|-heal|p1a: Kingambit|27/100|[from] item: Leftovers
|upkeep
|
|t:|1781094142
|switch|p2a: Takara Tomy|Great Tusk, shiny|100/100
|-enditem|p2a: Takara Tomy|Booster Energy
|-activate|p2a: Takara Tomy|ability: Protosynthesis|[fromitem]
|-start|p2a: Takara Tomy|protosynthesisspe
|turn|22
|
|t:|1781094163
|move|p2a: Takara Tomy|Bulk Up|p2a: Takara Tomy
|-boost|p2a: Takara Tomy|atk|1
|-boost|p2a: Takara Tomy|def|1
|move|p1a: Kingambit|Iron Head|p2a: Takara Tomy
|-damage|p2a: Takara Tomy|46/100
|
|-heal|p1a: Kingambit|33/100|[from] item: Leftovers
|upkeep
|turn|23
|
|t:|1781094170
|move|p1a: Kingambit|Sucker Punch|p2a: Takara Tomy
|-resisted|p2a: Takara Tomy
|-crit|p2a: Takara Tomy
|-damage|p2a: Takara Tomy|0 fnt
|faint|p2a: Takara Tomy
|-end|p2a: Takara Tomy|Protosynthesis|[silent]
|
|-heal|p1a: Kingambit|39/100|[from] item: Leftovers
|upkeep
|c|☆agape boy|bruh
|
|t:|1781094178
|switch|p2a: Tarzan|Rillaboom, F, shiny|100/100
|-fieldstart|move: Grassy Terrain|[from] ability: Grassy Surge|[of] p2a: Tarzan
|turn|24
|
|t:|1781094180
|move|p2a: Tarzan|Drain Punch|p1a: Kingambit
|-supereffective|p1a: Kingambit
|-damage|p1a: Kingambit|0 fnt
|faint|p1a: Kingambit
|-end|p1a: Kingambit|fallen3|[silent]
|-damage|p2a: Tarzan|91/100|[from] item: Life Orb
|
|-heal|p2a: Tarzan|97/100|[from] Grassy Terrain
|upkeep
|
|t:|1781094184
|switch|p1a: Great Tusk|Great Tusk|100/100
|-activate|p1a: Great Tusk|move: Sticky Web
|-unboost|p1a: Great Tusk|spe|1
|turn|25
|
|t:|1781094195
|-terastallize|p1a: Great Tusk|Steel
|move|p2a: Tarzan|Swords Dance|p2a: Tarzan
|-boost|p2a: Tarzan|atk|2
|move|p1a: Great Tusk|Rapid Spin|p2a: Tarzan
|-damage|p2a: Tarzan|78/100
|-boost|p1a: Great Tusk|spe|1
|-sideend|p1: obamaisbiden|Sticky Web|[from] move: Rapid Spin|[of] p1a: Great Tusk
|
|-heal|p2a: Tarzan|84/100|[from] Grassy Terrain
|upkeep
|turn|26
|
|t:|1781094203
|move|p1a: Great Tusk|Ice Spinner|p2a: Tarzan
|-supereffective|p2a: Tarzan
|-damage|p2a: Tarzan|20/100
|-fieldend|move: Grassy Terrain
|move|p2a: Tarzan|Drain Punch|p1a: Great Tusk
|-supereffective|p1a: Great Tusk
|-damage|p1a: Great Tusk|0 fnt
|-heal|p2a: Tarzan|74/100|[from] drain|[of] p1a: Great Tusk
|-damage|p2a: Tarzan|57/100|[from] item: Rocky Helmet|[of] p1a: Great Tusk
|faint|p1a: Great Tusk
|-end|p1a: Great Tusk|Protosynthesis|[silent]
|-damage|p2a: Tarzan|47/100|[from] item: Life Orb
|
|upkeep
|-message|agape boy forfeited.
|
|win|obamaisbiden
|raw|obamaisbiden's rating: 1526 &rarr; <strong>1546</strong><br />(+20 for winning)
|raw|agape boy's rating: 1532 &rarr; <strong>1512</strong><br />(-20 for losing)
|l|☆agape boy
|player|p2|
|l|‽obamaisbiden
|player|p1|
