|j|☆avpexistherealest
|j|☆CassiusAuBellossom
|t:|1781451563
|gametype|singles
|player|p1|avpexistherealest|265|1495
|player|p2|CassiusAuBellossom|101|1535
|gen|9
|tier|[Gen 9] OU
|rated|
|rule|HP Percentage Mod: HP is shown in percentages
|rule|Endless Battle Clause: Forcing endless battles is banned
|rule|Species Clause: Limit one of each Pokémon
|rule|OHKO Clause: OHKO moves are banned
|rule|Evasion Items Clause: Evasion items are banned
|rule|Evasion Moves Clause: Evasion moves are banned
|rule|Evasion Abilities Clause: Evasion abilities are banned
|rule|Sleep Moves Clause: Sleep-inducing moves are banned
|clearpoke
|poke|p1|Ogerpon-Wellspring, F|
|poke|p1|Scream Tail|
|poke|p1|Darkrai|
|poke|p1|Gholdengo|
|poke|p1|Great Tusk|
|poke|p1|Dragonite, F|
|poke|p2|Pelipper, F|
|poke|p2|Beartic, M|
|poke|p2|Barraskewda, M|
|poke|p2|Zapdos|
|poke|p2|Ogerpon-Wellspring, F|
|poke|p2|Hatterene, F|
|teampreview
|inactive|Battle timer is ON: inactive players will automatically lose when time's up. (requested by CassiusAuBellossom)
|inactive|avpexistherealest has 120 seconds left.
|inactive|avpexistherealest has 90 seconds left.
|
|t:|1781451631
|teamsize|p1|6
|teamsize|p2|6
|start
|switch|p1a: Scream Tail|Scream Tail|100/100
|switch|p2a: Armin|Pelipper, F|100/100
|-weather|RainDance|[from] ability: Drizzle|[of] p2a: Armin
|turn|1
|
|t:|1781451649
|switch|p2a: Annie|Hatterene, F|100/100
|move|p1a: Scream Tail|Stealth Rock|p2a: Annie
|move|p2a: Annie|Stealth Rock|p1a: Scream Tail|[from] ability: Magic Bounce
|-sidestart|p1: avpexistherealest|move: Stealth Rock
|
|-weather|RainDance|[upkeep]
|upkeep
|turn|2
|
|t:|1781451660
|-end|p1a: Scream Tail|Protosynthesis|[silent]
|switch|p1a: Gholdengo|Gholdengo|100/100
|-damage|p1a: Gholdengo|94/100|[from] Stealth Rock
|move|p2a: Annie|Dazzling Gleam|p1a: Gholdengo
|-resisted|p1a: Gholdengo
|-crit|p1a: Gholdengo
|-damage|p1a: Gholdengo|62/100
|
|-weather|RainDance|[upkeep]
|-heal|p1a: Gholdengo|68/100|[from] item: Leftovers
|upkeep
|turn|3
|
|t:|1781451671
|switch|p2a: Zeke|Zapdos|100/100
|move|p1a: Gholdengo|Shadow Ball|p2a: Zeke
|-damage|p2a: Zeke|67/100
|
|-weather|RainDance|[upkeep]
|-heal|p1a: Gholdengo|74/100|[from] item: Leftovers
|upkeep
|turn|4
|
|t:|1781451689
|switch|p1a: Scream Tail|Scream Tail|100/100
|-damage|p1a: Scream Tail|88/100|[from] Stealth Rock
|move|p2a: Zeke|Thunder|p1a: Scream Tail
|-damage|p1a: Scream Tail|48/100
|-status|p1a: Scream Tail|par
|
|-weather|RainDance|[upkeep]
|-heal|p1a: Scream Tail|54/100 par|[from] item: Leftovers
|upkeep
|turn|5
|
|t:|1781451700
|move|p2a: Zeke|Volt Switch|p1a: Scream Tail
|-damage|p1a: Scream Tail|27/100 par
|
|t:|1781451703
|switch|p2a: Annie|Hatterene, F|100/100|[from] Volt Switch
|move|p1a: Scream Tail|Wish|p1a: Scream Tail
|
|-weather|RainDance|[upkeep]
|-heal|p1a: Scream Tail|33/100 par|[from] item: Leftovers
|upkeep
|turn|6
|
|t:|1781451711
|move|p1a: Scream Tail|Dazzling Gleam|p2a: Annie
|-damage|p2a: Annie|79/100
|-enditem|p2a: Annie|Eject Button
|
|t:|1781451722
|switch|p2a: Zeke|Zapdos|67/100
|
|-weather|RainDance|[upkeep]
|-heal|p1a: Scream Tail|83/100 par|[from] move: Wish|[wisher] Scream Tail
|-heal|p1a: Scream Tail|90/100 par|[from] item: Leftovers
|upkeep
|turn|7
|
|t:|1781451731
|move|p2a: Zeke|Volt Switch|p1a: Scream Tail
|-damage|p1a: Scream Tail|63/100 par
|
|t:|1781451734
|switch|p2a: Annie|Hatterene, F|79/100|[from] Volt Switch
|move|p1a: Scream Tail|Wish|p1a: Scream Tail
|
|-weather|RainDance|[upkeep]
|-heal|p1a: Scream Tail|69/100 par|[from] item: Leftovers
|upkeep
|turn|8
|
|t:|1781451742
|move|p1a: Scream Tail|Protect|p1a: Scream Tail
|-singleturn|p1a: Scream Tail|Protect
|move|p2a: Annie|Psychic Noise|p1a: Scream Tail
|-activate|p1a: Scream Tail|move: Protect
|
|-weather|none
|-heal|p1a: Scream Tail|100/100 par|[from] move: Wish|[wisher] Scream Tail
|upkeep
|turn|9
|
|t:|1781451753
|-end|p1a: Scream Tail|Protosynthesis|[silent]
|switch|p1a: Gholdengo|Gholdengo|74/100
|-damage|p1a: Gholdengo|68/100|[from] Stealth Rock
|move|p2a: Annie|Nuzzle|p1a: Gholdengo
|-damage|p1a: Gholdengo|64/100
|-status|p1a: Gholdengo|par
|
|-heal|p1a: Gholdengo|70/100 par|[from] item: Leftovers
|upkeep
|turn|10
|
|t:|1781451769
|switch|p2a: Armin|Pelipper, F|100/100
|-weather|RainDance|[from] ability: Drizzle|[of] p2a: Armin
|move|p1a: Gholdengo|Shadow Ball|p2a: Armin
|-damage|p2a: Armin|43/100
|
|-weather|RainDance|[upkeep]
|-heal|p1a: Gholdengo|76/100 par|[from] item: Leftovers
|upkeep
|turn|11
|
|t:|1781451780
|switch|p2a: Zeke|Zapdos|67/100
|cant|p1a: Gholdengo|par
|
|-weather|RainDance|[upkeep]
|-heal|p1a: Gholdengo|82/100 par|[from] item: Leftovers
|upkeep
|turn|12
|
|t:|1781451789
|switch|p1a: Scream Tail|Scream Tail|100/100 par
|-damage|p1a: Scream Tail|88/100 par|[from] Stealth Rock
|move|p2a: Zeke|Thunder|p1a: Scream Tail
|-damage|p1a: Scream Tail|51/100 par
|
|-weather|RainDance|[upkeep]
|-heal|p1a: Scream Tail|58/100 par|[from] item: Leftovers
|upkeep
|turn|13
|
|t:|1781451799
|move|p2a: Zeke|Volt Switch|p1a: Scream Tail
|-damage|p1a: Scream Tail|34/100 par
|
|t:|1781451802
|switch|p2a: Annie|Hatterene, F|79/100|[from] Volt Switch
|move|p1a: Scream Tail|Wish|p1a: Scream Tail
|
|-weather|RainDance|[upkeep]
|-heal|p1a: Scream Tail|40/100 par|[from] item: Leftovers
|upkeep
|turn|14
|
|t:|1781451809
|cant|p1a: Scream Tail|par
|move|p2a: Annie|Psychic Noise|p1a: Scream Tail
|-resisted|p1a: Scream Tail
|-damage|p1a: Scream Tail|28/100 par
|-start|p1a: Scream Tail|move: Heal Block
|
|-weather|RainDance|[upkeep]
|upkeep
|turn|15
|
|t:|1781451822
|-end|p1a: Scream Tail|Protosynthesis|[silent]
|switch|p1a: Gholdengo|Gholdengo|82/100 par
|-damage|p1a: Gholdengo|76/100 par|[from] Stealth Rock
|switch|p2a: Eren|Beartic, M|100/100
|
|-weather|RainDance|[upkeep]
|-heal|p1a: Gholdengo|82/100 par|[from] item: Leftovers
|upkeep
|turn|16
|
|t:|1781451832
|switch|p1a: Scream Tail|Scream Tail|28/100 par
|-damage|p1a: Scream Tail|16/100 par|[from] Stealth Rock
|move|p2a: Eren|Earthquake|p1a: Scream Tail
|-damage|p1a: Scream Tail|0 fnt
|faint|p1a: Scream Tail
|-end|p1a: Scream Tail|Protosynthesis|[silent]
|
|-weather|RainDance|[upkeep]
|upkeep
|
|t:|1781451841
|switch|p1a: Ogerpon|Ogerpon-Wellspring, F|100/100
|-damage|p1a: Ogerpon|88/100|[from] Stealth Rock
|turn|17
|
|t:|1781451853
|-terastallize|p2a: Eren|Grass
|move|p2a: Eren|Trailblaze|p1a: Ogerpon
|-damage|p1a: Ogerpon|41/100
|-boost|p2a: Eren|spe|1
|move|p1a: Ogerpon|Ivy Cudgel|p2a: Eren|[anim] Ivy Cudgel Water
|-resisted|p2a: Eren
|-damage|p2a: Eren|47/100
|
|-weather|none
|upkeep
|turn|18
|
|t:|1781451864
|move|p1a: Ogerpon|U-turn|p2a: Eren
|-supereffective|p2a: Eren
|-damage|p2a: Eren|0 fnt
|faint|p2a: Eren
|
|t:|1781451877
|switch|p1a: Darkrai|Darkrai|100/100|[from] U-turn
|-damage|p1a: Darkrai|88/100|[from] Stealth Rock
|
|upkeep
|
|t:|1781451882
|switch|p2a: Armin|Pelipper, F|43/100
|-weather|RainDance|[from] ability: Drizzle|[of] p2a: Armin
|turn|19
|
|t:|1781451893
|switch|p2a: Annie|Hatterene, F|79/100
|move|p1a: Darkrai|Dark Pulse|p2a: Annie
|-damage|p2a: Annie|32/100
|
|-weather|RainDance|[upkeep]
|upkeep
|turn|20
|
|t:|1781451900
|move|p1a: Darkrai|Dark Pulse|p2a: Annie
|-damage|p2a: Annie|0 fnt
|faint|p2a: Annie
|
|-weather|RainDance|[upkeep]
|upkeep
|
|t:|1781451906
|switch|p2a: Levi|Barraskewda, M|100/100
|turn|21
|
|t:|1781451917
|switch|p1a: Great Tusk|Great Tusk|100/100
|-damage|p1a: Great Tusk|98/100|[from] Stealth Rock
|move|p2a: Levi|Liquidation|p1a: Great Tusk
|-supereffective|p1a: Great Tusk
|-damage|p1a: Great Tusk|0 fnt
|-damage|p2a: Levi|84/100|[from] item: Rocky Helmet|[of] p1a: Great Tusk
|faint|p1a: Great Tusk
|-end|p1a: Great Tusk|Protosynthesis|[silent]
|
|-weather|RainDance|[upkeep]
|upkeep
|
|t:|1781451926
|switch|p1a: Ogerpon|Ogerpon-Wellspring, F|41/100
|-damage|p1a: Ogerpon|29/100|[from] Stealth Rock
|turn|22
|
|t:|1781451936
|move|p2a: Levi|Close Combat|p1a: Ogerpon
|-damage|p1a: Ogerpon|0 fnt
|-unboost|p2a: Levi|def|1
|-unboost|p2a: Levi|spd|1
|faint|p1a: Ogerpon
|
|-weather|RainDance|[upkeep]
|upkeep
|
|t:|1781451944
|switch|p1a: Dragonite|Dragonite, F|100/100
|turn|23
|
|t:|1781451949
|switch|p2a: Mikasa|Ogerpon-Wellspring, F|100/100
|move|p1a: Dragonite|Dragon Dance|p1a: Dragonite
|-boost|p1a: Dragonite|atk|1
|-boost|p1a: Dragonite|spe|1
|
|-weather|RainDance|[upkeep]
|upkeep
|turn|24
|
|t:|1781451957
|move|p1a: Dragonite|Ice Spinner|p2a: Mikasa
|-damage|p2a: Mikasa|36/100
|move|p2a: Mikasa|Encore|p1a: Dragonite
|-start|p1a: Dragonite|Encore
|
|-weather|RainDance|[upkeep]
|upkeep
|turn|25
|
|t:|1781451969
|switch|p2a: Levi|Barraskewda, M|84/100
|move|p1a: Dragonite|Ice Spinner|p2a: Levi
|-resisted|p2a: Levi
|-damage|p2a: Levi|35/100
|
|-weather|RainDance|[upkeep]
|upkeep
|turn|26
|
|t:|1781451977
|move|p2a: Levi|Flip Turn|p1a: Dragonite
|-resisted|p1a: Dragonite
|-damage|p1a: Dragonite|84/100
|
|t:|1781451981
|switch|p2a: Mikasa|Ogerpon-Wellspring, F|36/100|[from] Flip Turn
|move|p1a: Dragonite|Ice Spinner|p2a: Mikasa
|-damage|p2a: Mikasa|0 fnt
|faint|p2a: Mikasa
|
|-weather|none
|upkeep
|
|t:|1781451990
|switch|p2a: Armin|Pelipper, F|43/100
|-weather|RainDance|[from] ability: Drizzle|[of] p2a: Armin
|turn|27
|
|t:|1781451995
|move|p1a: Dragonite|Ice Spinner|p2a: Armin
|-damage|p2a: Armin|5/100
|move|p2a: Armin|Ice Beam|p1a: Dragonite
|-supereffective|p1a: Dragonite
|-damage|p1a: Dragonite|3/100
|
|-weather|RainDance|[upkeep]
|-end|p1a: Dragonite|Encore
|upkeep
|turn|28
|
|t:|1781452006
|move|p1a: Dragonite|Ice Spinner|p2a: Armin
|-damage|p2a: Armin|0 fnt
|faint|p2a: Armin
|
|-weather|RainDance|[upkeep]
|upkeep
|
|t:|1781452012
|switch|p2a: Levi|Barraskewda, M|35/100
|turn|29
|
|t:|1781452015
|move|p1a: Dragonite|Extreme Speed|p2a: Levi
|-damage|p2a: Levi|0 fnt
|faint|p2a: Levi
|
|-weather|RainDance|[upkeep]
|upkeep
|-message|CassiusAuBellossom forfeited.
|
|win|avpexistherealest
|raw|avpexistherealest's rating: 1495 &rarr; <strong>1517</strong><br />(+22 for winning)
|raw|CassiusAuBellossom's rating: 1535 &rarr; <strong>1513</strong><br />(-22 for losing)
|l|☆CassiusAuBellossom
|player|p2|
