|badge|p2|bronze|gen9ou|100-9
|uhtml|medal-msg|<div class="broadcast-blue">Curious what those medals under the avatar are? PS now has Ladder Seasons! For more information, check out the <a href="https://www.smogon.com/forums/threads/3740067/">thread on Smogon.</a></div>
|j|☆employment devil
|j|☆AnonymousJon
|t:|1781570920
|gametype|singles
|player|p1|employment devil|lusamine-nihilego|1692
|player|p2|AnonymousJon|workerice|1892
|gen|9
|tier|[Gen 9] OU
|rated|
|rule|HP Percentage Mod: HP is shown in percentages
|rule|Endless Battle Clause: Forcing endless battles is banned
|rule|Species Clause: Limit one of each Pokémon
|rule|OHKO Clause: OHKO moves are banned
|rule|Evasion Items Clause: Evasion items are banned
|rule|Evasion Moves Clause: Evasion moves are banned
|rule|Evasion Abilities Clause: Evasion abilities are banned
|rule|Sleep Moves Clause: Sleep-inducing moves are banned
|clearpoke
|poke|p1|Ting-Lu|
|poke|p1|Clefable, M|
|poke|p1|Pecharunt|
|poke|p1|Garganacl, F|
|poke|p1|Skarmory, F|
|poke|p1|Deoxys-Speed|
|poke|p2|Great Tusk|
|poke|p2|Ogerpon-Cornerstone, F|
|poke|p2|Rillaboom, M|
|poke|p2|Tyranitar, M|
|poke|p2|Corviknight, F|
|poke|p2|Dragapult, M|
|teampreview
|inactive|Battle timer is ON: inactive players will automatically lose when time's up. (requested by AnonymousJon)
|c|☆employment devil|hf
|c|☆AnonymousJon|you too!
|
|t:|1781570937
|teamsize|p1|6
|teamsize|p2|6
|start
|switch|p1a: Skarmory|Skarmory, F|100/100
|switch|p2a: Rillaboom|Rillaboom, M|100/100
|-fieldstart|move: Grassy Terrain|[from] ability: Grassy Surge|[of] p2a: Rillaboom
|turn|1
|
|t:|1781570942
|move|p2a: Rillaboom|Knock Off|p1a: Skarmory
|-damage|p1a: Skarmory|69/100
|-damage|p2a: Rillaboom|84/100|[from] item: Rocky Helmet|[of] p1a: Skarmory
|-enditem|p1a: Skarmory|Rocky Helmet|[from] move: Knock Off|[of] p2a: Rillaboom
|move|p1a: Skarmory|Spikes|p2a: Rillaboom
|-sidestart|p2: AnonymousJon|Spikes
|
|-heal|p2a: Rillaboom|90/100|[from] Grassy Terrain
|upkeep
|turn|2
|
|t:|1781570948
|switch|p2a: Dragapult|Dragapult, M|100/100
|-damage|p2a: Dragapult|88/100|[from] Spikes
|move|p1a: Skarmory|Roost|p1a: Skarmory
|-heal|p1a: Skarmory|100/100
|-singleturn|p1a: Skarmory|move: Roost
|
|-heal|p2a: Dragapult|94/100|[from] Grassy Terrain
|-heal|p2a: Dragapult|100/100|[from] item: Leftovers
|upkeep
|turn|3
|
|t:|1781570951
|switch|p1a: Garganacl|Garganacl, F|100/100
|move|p2a: Dragapult|Will-O-Wisp|p1a: Garganacl
|-immune|p1a: Garganacl|[from] ability: Purifying Salt
|
|upkeep
|turn|4
|
|t:|1781570957
|switch|p2a: Great Tusk|Great Tusk|100/100
|-damage|p2a: Great Tusk|88/100|[from] Spikes
|move|p1a: Garganacl|Salt Cure|p2a: Great Tusk
|-resisted|p2a: Great Tusk
|-damage|p2a: Great Tusk|86/100
|-start|p2a: Great Tusk|Salt Cure
|
|-heal|p2a: Great Tusk|92/100|[from] Grassy Terrain
|-damage|p2a: Great Tusk|80/100|[from] Salt Cure
|upkeep
|turn|5
|
|t:|1781570964
|-end|p2a: Great Tusk|Protosynthesis|[silent]
|switch|p2a: Ogerpon|Ogerpon-Cornerstone, F|100/100
|-damage|p2a: Ogerpon|88/100|[from] Spikes
|switch|p1a: Pecharunt|Pecharunt|100/100
|
|-heal|p2a: Ogerpon|94/100|[from] Grassy Terrain
|-fieldend|move: Grassy Terrain
|upkeep
|turn|6
|
|t:|1781570973
|switch|p2a: Tyranitar|Tyranitar, M|100/100
|-damage|p2a: Tyranitar|88/100|[from] Spikes
|-weather|Sandstorm|[from] ability: Sand Stream|[of] p2a: Tyranitar
|move|p1a: Pecharunt|Parting Shot|p2a: Tyranitar
|-unboost|p2a: Tyranitar|atk|1
|-unboost|p2a: Tyranitar|spa|1
|
|t:|1781570984
|switch|p1a: Skarmory|Skarmory, F|100/100|[from] Parting Shot
|
|-weather|Sandstorm|[upkeep]
|-heal|p2a: Tyranitar|94/100|[from] item: Leftovers
|upkeep
|turn|7
|
|t:|1781570988
|switch|p2a: Dragapult|Dragapult, M|100/100
|-damage|p2a: Dragapult|88/100|[from] Spikes
|move|p1a: Skarmory|Spikes|p2a: Dragapult
|-sidestart|p2: AnonymousJon|Spikes
|
|-weather|Sandstorm|[upkeep]
|-damage|p2a: Dragapult|82/100|[from] Sandstorm
|-heal|p2a: Dragapult|88/100|[from] item: Leftovers
|upkeep
|turn|8
|
|t:|1781570993
|switch|p2a: Ogerpon|Ogerpon-Cornerstone, F|94/100
|-damage|p2a: Ogerpon|78/100|[from] Spikes
|move|p1a: Skarmory|Spikes|p2a: Ogerpon
|-sidestart|p2: AnonymousJon|Spikes
|
|-weather|Sandstorm|[upkeep]
|upkeep
|turn|9
|
|t:|1781570997
|-terastallize|p2a: Ogerpon|Rock
|detailschange|p2a: Ogerpon|Ogerpon-Cornerstone-Tera, F, tera:Rock
|-ability|p2a: Ogerpon|Embody Aspect (Cornerstone)|boost
|-boost|p2a: Ogerpon|def|1
|move|p2a: Ogerpon|Swords Dance|p2a: Ogerpon
|-boost|p2a: Ogerpon|atk|2
|move|p1a: Skarmory|Body Press|p2a: Ogerpon
|-supereffective|p2a: Ogerpon
|-damage|p2a: Ogerpon|26/100
|
|-weather|Sandstorm|[upkeep]
|upkeep
|turn|10
|
|t:|1781571010
|move|p2a: Ogerpon|Ivy Cudgel|p1a: Skarmory|[anim] Ivy Cudgel Rock
|-ability|p1a: Skarmory|Sturdy
|-damage|p1a: Skarmory|1/100
|move|p1a: Skarmory|Body Press|p2a: Ogerpon
|-supereffective|p2a: Ogerpon
|-damage|p2a: Ogerpon|0 fnt
|faint|p2a: Ogerpon
|detailschange|p2: Ogerpon|Ogerpon-Cornerstone, F|[silent]
|
|-weather|none
|upkeep
|
|t:|1781571013
|switch|p2a: Great Tusk|Great Tusk|80/100
|-damage|p2a: Great Tusk|55/100|[from] Spikes
|turn|11
|
|t:|1781571016
|switch|p1a: Pecharunt|Pecharunt|100/100
|move|p2a: Great Tusk|Headlong Rush|p1a: Pecharunt
|-supereffective|p1a: Pecharunt
|-damage|p1a: Pecharunt|43/100
|-unboost|p2a: Great Tusk|def|1
|-unboost|p2a: Great Tusk|spd|1
|
|upkeep
|turn|12
|
|t:|1781571023
|switch|p1a: Skarmory|Skarmory, F|1/100
|move|p2a: Great Tusk|Headlong Rush|p1a: Skarmory
|-immune|p1a: Skarmory
|
|upkeep
|turn|13
|
|t:|1781571029
|move|p2a: Great Tusk|Rapid Spin|p1a: Skarmory
|-resisted|p1a: Skarmory
|-damage|p1a: Skarmory|0 fnt
|-boost|p2a: Great Tusk|spe|1
|-sideend|p2: AnonymousJon|Spikes|[from] move: Rapid Spin|[of] p2a: Great Tusk
|faint|p1a: Skarmory
|
|upkeep
|
|t:|1781571034
|switch|p1a: Deoxys|Deoxys-Speed|100/100
|-ability|p1a: Deoxys|Pressure
|turn|14
|
|t:|1781571043
|-end|p2a: Great Tusk|Protosynthesis|[silent]
|switch|p2a: Tyranitar|Tyranitar, M|94/100
|-weather|Sandstorm|[from] ability: Sand Stream|[of] p2a: Tyranitar
|move|p1a: Deoxys|Ice Beam|p2a: Tyranitar
|-damage|p2a: Tyranitar|83/100
|
|-weather|Sandstorm|[upkeep]
|-damage|p1a: Deoxys|95/100|[from] Sandstorm
|-heal|p2a: Tyranitar|89/100|[from] item: Leftovers
|upkeep
|turn|15
|
|t:|1781571051
|switch|p1a: Ting-Lu|Ting-Lu|100/100
|-ability|p1a: Ting-Lu|Vessel of Ruin
|switch|p2a: Corviknight|Corviknight, F|100/100
|-ability|p2a: Corviknight|Pressure
|
|-weather|Sandstorm|[upkeep]
|upkeep
|turn|16
|
|t:|1781571060
|switch|p2a: Rillaboom|Rillaboom, M|90/100
|-fieldstart|move: Grassy Terrain|[from] ability: Grassy Surge|[of] p2a: Rillaboom
|switch|p1a: Pecharunt|Pecharunt|43/100
|
|-weather|Sandstorm|[upkeep]
|-damage|p2a: Rillaboom|84/100|[from] Sandstorm
|-damage|p1a: Pecharunt|37/100|[from] Sandstorm
|-heal|p2a: Rillaboom|90/100|[from] Grassy Terrain
|-heal|p1a: Pecharunt|43/100|[from] Grassy Terrain
|upkeep
|turn|17
|
|t:|1781571079
|switch|p2a: Dragapult|Dragapult, M|88/100
|-terastallize|p1a: Pecharunt|Dark
|move|p1a: Pecharunt|Malignant Chain|p2a: Dragapult
|-resisted|p2a: Dragapult
|-damage|p2a: Dragapult|66/100
|
|-weather|Sandstorm|[upkeep]
|-damage|p2a: Dragapult|60/100|[from] Sandstorm
|-damage|p1a: Pecharunt|37/100|[from] Sandstorm
|-heal|p2a: Dragapult|66/100|[from] Grassy Terrain
|-heal|p2a: Dragapult|72/100|[from] item: Leftovers
|-heal|p1a: Pecharunt|43/100|[from] Grassy Terrain
|upkeep
|turn|18
|
|t:|1781571083
|move|p2a: Dragapult|Will-O-Wisp|p1a: Pecharunt
|-status|p1a: Pecharunt|brn
|move|p1a: Pecharunt|Recover|p1a: Pecharunt
|-heal|p1a: Pecharunt|93/100 brn
|
|-weather|none
|-heal|p2a: Dragapult|79/100|[from] Grassy Terrain
|-heal|p2a: Dragapult|85/100|[from] item: Leftovers
|-heal|p1a: Pecharunt|99/100 brn|[from] Grassy Terrain
|-damage|p1a: Pecharunt|93/100 brn|[from] brn
|upkeep
|turn|19
|
|t:|1781571088
|switch|p2a: Corviknight|Corviknight, F|100/100
|-ability|p2a: Corviknight|Pressure
|switch|p1a: Garganacl|Garganacl, F|100/100
|
|upkeep
|turn|20
|
|t:|1781571095
|move|p2a: Corviknight|U-turn|p1a: Garganacl
|-damage|p1a: Garganacl|92/100
|
|t:|1781571097
|switch|p2a: Tyranitar|Tyranitar, M|89/100|[from] U-turn
|-weather|Sandstorm|[from] ability: Sand Stream|[of] p2a: Tyranitar
|move|p1a: Garganacl|Salt Cure|p2a: Tyranitar
|-damage|p2a: Tyranitar|79/100
|-start|p2a: Tyranitar|Salt Cure
|
|-weather|Sandstorm|[upkeep]
|-heal|p2a: Tyranitar|85/100|[from] Grassy Terrain
|-heal|p2a: Tyranitar|91/100|[from] item: Leftovers
|-heal|p1a: Garganacl|98/100|[from] Grassy Terrain
|-damage|p2a: Tyranitar|79/100|[from] Salt Cure
|-fieldend|move: Grassy Terrain
|upkeep
|turn|21
|
|t:|1781571102
|switch|p1a: Ting-Lu|Ting-Lu|100/100
|-ability|p1a: Ting-Lu|Vessel of Ruin
|move|p2a: Tyranitar|Stealth Rock|p1a: Ting-Lu
|-sidestart|p1: employment devil|move: Stealth Rock
|
|-weather|Sandstorm|[upkeep]
|-heal|p2a: Tyranitar|85/100|[from] item: Leftovers
|-damage|p2a: Tyranitar|72/100|[from] Salt Cure
|upkeep
|turn|22
|
|t:|1781571111
|switch|p2a: Great Tusk|Great Tusk|55/100
|move|p1a: Ting-Lu|Whirlwind|p2a: Great Tusk
|-end|p2a: Great Tusk|Protosynthesis|[silent]
|drag|p2a: Dragapult|Dragapult, M|85/100
|
|-weather|Sandstorm|[upkeep]
|-damage|p2a: Dragapult|79/100|[from] Sandstorm
|-heal|p2a: Dragapult|85/100|[from] item: Leftovers
|upkeep
|turn|23
|
|t:|1781571118
|move|p2a: Dragapult|Will-O-Wisp|p1a: Ting-Lu
|-status|p1a: Ting-Lu|brn
|move|p1a: Ting-Lu|Whirlwind|p2a: Dragapult
|drag|p2a: Rillaboom|Rillaboom, M|90/100
|-fieldstart|move: Grassy Terrain|[from] ability: Grassy Surge|[of] p2a: Rillaboom
|
|-weather|Sandstorm|[upkeep]
|-damage|p2a: Rillaboom|84/100|[from] Sandstorm
|-heal|p2a: Rillaboom|90/100|[from] Grassy Terrain
|-damage|p1a: Ting-Lu|94/100 brn|[from] brn
|upkeep
|turn|24
|
|t:|1781571134
|move|p2a: Rillaboom|Wood Hammer|p1a: Ting-Lu
|-supereffective|p1a: Ting-Lu
|-damage|p1a: Ting-Lu|0 fnt
|faint|p1a: Ting-Lu
|-damage|p2a: Rillaboom|44/100|[from] Recoil
|
|-weather|none
|-heal|p2a: Rillaboom|50/100|[from] Grassy Terrain
|upkeep
|
|t:|1781571137
|switch|p1a: Pecharunt|Pecharunt, tera:Dark|93/100 brn
|turn|25
|
|t:|1781571142
|switch|p2a: Corviknight|Corviknight, F|100/100
|-ability|p2a: Corviknight|Pressure
|move|p1a: Pecharunt|Parting Shot|p2a: Corviknight
|-unboost|p2a: Corviknight|atk|1
|-unboost|p2a: Corviknight|spa|1
|
|t:|1781571145
|switch|p1a: Garganacl|Garganacl, F|98/100|[from] Parting Shot
|
|-heal|p1a: Garganacl|100/100|[from] Grassy Terrain
|upkeep
|turn|26
|
|t:|1781571150
|switch|p2a: Tyranitar|Tyranitar, M|72/100
|-weather|Sandstorm|[from] ability: Sand Stream|[of] p2a: Tyranitar
|move|p1a: Garganacl|Salt Cure|p2a: Tyranitar
|-damage|p2a: Tyranitar|62/100
|-start|p2a: Tyranitar|Salt Cure
|
|-weather|Sandstorm|[upkeep]
|-heal|p2a: Tyranitar|68/100|[from] Grassy Terrain
|-heal|p2a: Tyranitar|74/100|[from] item: Leftovers
|-damage|p2a: Tyranitar|62/100|[from] Salt Cure
|upkeep
|turn|27
|
|t:|1781571157
|move|p2a: Tyranitar|Knock Off|p1a: Garganacl
|-damage|p1a: Garganacl|71/100
|-enditem|p1a: Garganacl|Heavy-Duty Boots|[from] move: Knock Off|[of] p2a: Tyranitar
|move|p1a: Garganacl|Stealth Rock|p2a: Tyranitar
|-sidestart|p2: AnonymousJon|move: Stealth Rock
|
|-weather|Sandstorm|[upkeep]
|-heal|p2a: Tyranitar|68/100|[from] Grassy Terrain
|-heal|p2a: Tyranitar|74/100|[from] item: Leftovers
|-heal|p1a: Garganacl|77/100|[from] Grassy Terrain
|-damage|p2a: Tyranitar|62/100|[from] Salt Cure
|-fieldend|move: Grassy Terrain
|upkeep
|turn|28
|
|t:|1781571163
|move|p2a: Tyranitar|Stone Edge|p1a: Garganacl
|-damage|p1a: Garganacl|47/100
|move|p1a: Garganacl|Recover|p1a: Garganacl
|-heal|p1a: Garganacl|97/100
|
|-weather|Sandstorm|[upkeep]
|-heal|p2a: Tyranitar|68/100|[from] item: Leftovers
|-damage|p2a: Tyranitar|55/100|[from] Salt Cure
|upkeep
|turn|29
|
|t:|1781571175
|move|p2a: Tyranitar|Stone Edge|p1a: Garganacl
|-damage|p1a: Garganacl|68/100
|move|p1a: Garganacl|Salt Cure|p2a: Tyranitar
|-damage|p2a: Tyranitar|44/100
|
|-weather|Sandstorm|[upkeep]
|-heal|p2a: Tyranitar|50/100|[from] item: Leftovers
|-damage|p2a: Tyranitar|38/100|[from] Salt Cure
|upkeep
|turn|30
|
|t:|1781571180
|switch|p2a: Great Tusk|Great Tusk|55/100
|-damage|p2a: Great Tusk|52/100|[from] Stealth Rock
|move|p1a: Garganacl|Recover|p1a: Garganacl
|-heal|p1a: Garganacl|100/100
|
|-weather|none
|upkeep
|turn|31
|
|t:|1781571188
|switch|p1a: Deoxys|Deoxys-Speed|95/100
|-ability|p1a: Deoxys|Pressure
|move|p2a: Great Tusk|Rapid Spin|p1a: Deoxys
|-damage|p1a: Deoxys|72/100
|-boost|p2a: Great Tusk|spe|1
|-sideend|p2: AnonymousJon|Stealth Rock|[from] move: Rapid Spin|[of] p2a: Great Tusk
|
|upkeep
|turn|32
|
|t:|1781571196
|-end|p2a: Great Tusk|Protosynthesis|[silent]
|switch|p2a: Corviknight|Corviknight, F|100/100
|-ability|p2a: Corviknight|Pressure
|move|p1a: Deoxys|Ice Beam|p2a: Corviknight
|-damage|p2a: Corviknight|77/100
|
|upkeep
|turn|33
|
|t:|1781571199
|move|p1a: Deoxys|Thunderbolt|p2a: Corviknight
|-supereffective|p2a: Corviknight
|-crit|p2a: Corviknight
|-damage|p2a: Corviknight|0 fnt
|faint|p2a: Corviknight
|
|upkeep
|
|t:|1781571202
|switch|p2a: Rillaboom|Rillaboom, M|50/100
|-fieldstart|move: Grassy Terrain|[from] ability: Grassy Surge|[of] p2a: Rillaboom
|turn|34
|
|t:|1781571207
|move|p2a: Rillaboom|Grassy Glide|p1a: Deoxys
|-damage|p1a: Deoxys|0 fnt
|faint|p1a: Deoxys
|
|-heal|p2a: Rillaboom|56/100|[from] Grassy Terrain
|upkeep
|
|t:|1781571213
|switch|p1a: Pecharunt|Pecharunt, tera:Dark|93/100 brn
|turn|35
|
|t:|1781571219
|switch|p2a: Tyranitar|Tyranitar, M|38/100
|-weather|Sandstorm|[from] ability: Sand Stream|[of] p2a: Tyranitar
|move|p1a: Pecharunt|Malignant Chain|p2a: Tyranitar
|-resisted|p2a: Tyranitar
|-damage|p2a: Tyranitar|31/100
|-status|p2a: Tyranitar|tox
|-start|p2a: Tyranitar|confusion|[from] ability: Poison Puppeteer|[of] p1a: Pecharunt
|
|-weather|Sandstorm|[upkeep]
|-damage|p1a: Pecharunt|87/100 brn|[from] Sandstorm
|-heal|p1a: Pecharunt|93/100 brn|[from] Grassy Terrain
|-heal|p2a: Tyranitar|37/100 tox|[from] Grassy Terrain
|-heal|p2a: Tyranitar|43/100 tox|[from] item: Leftovers
|-damage|p2a: Tyranitar|37/100 tox|[from] psn
|-damage|p1a: Pecharunt|87/100 brn|[from] brn
|upkeep
|turn|36
|
|t:|1781571222
|switch|p1a: Garganacl|Garganacl, F|100/100
|-damage|p1a: Garganacl|88/100|[from] Stealth Rock
|switch|p2a: Dragapult|Dragapult, M|85/100
|
|-weather|Sandstorm|[upkeep]
|-damage|p2a: Dragapult|79/100|[from] Sandstorm
|-heal|p2a: Dragapult|85/100|[from] Grassy Terrain
|-heal|p2a: Dragapult|91/100|[from] item: Leftovers
|-heal|p1a: Garganacl|94/100|[from] Grassy Terrain
|upkeep
|turn|37
|
|t:|1781571228
|switch|p2a: Great Tusk|Great Tusk|52/100
|move|p1a: Garganacl|Salt Cure|p2a: Great Tusk
|-resisted|p2a: Great Tusk
|-damage|p2a: Great Tusk|50/100
|-start|p2a: Great Tusk|Salt Cure
|
|-weather|Sandstorm|[upkeep]
|-heal|p2a: Great Tusk|56/100|[from] Grassy Terrain
|-heal|p1a: Garganacl|100/100|[from] Grassy Terrain
|-damage|p2a: Great Tusk|43/100|[from] Salt Cure
|upkeep
|turn|38
|
|t:|1781571236
|switch|p1a: Pecharunt|Pecharunt, tera:Dark|87/100 brn
|move|p2a: Great Tusk|Headlong Rush|p1a: Pecharunt
|-damage|p1a: Pecharunt|61/100 brn
|-unboost|p2a: Great Tusk|def|1
|-unboost|p2a: Great Tusk|spd|1
|
|-weather|Sandstorm|[upkeep]
|-damage|p1a: Pecharunt|55/100 brn|[from] Sandstorm
|-heal|p2a: Great Tusk|50/100|[from] Grassy Terrain
|-heal|p1a: Pecharunt|61/100 brn|[from] Grassy Terrain
|-damage|p1a: Pecharunt|55/100 brn|[from] brn
|-damage|p2a: Great Tusk|37/100|[from] Salt Cure
|-fieldend|move: Grassy Terrain
|upkeep
|turn|39
|
|t:|1781571243
|-end|p2a: Great Tusk|Protosynthesis|[silent]
|switch|p2a: Rillaboom|Rillaboom, M|56/100
|-fieldstart|move: Grassy Terrain|[from] ability: Grassy Surge|[of] p2a: Rillaboom
|move|p1a: Pecharunt|Recover|p1a: Pecharunt
|-heal|p1a: Pecharunt|100/100 brn
|
|-weather|none
|-heal|p2a: Rillaboom|62/100|[from] Grassy Terrain
|-damage|p1a: Pecharunt|94/100 brn|[from] brn
|upkeep
|turn|40
|
|t:|1781571247
|move|p2a: Rillaboom|U-turn|p1a: Pecharunt
|-supereffective|p1a: Pecharunt
|-damage|p1a: Pecharunt|59/100 brn
|
|t:|1781571251
|switch|p2a: Tyranitar|Tyranitar, M|37/100 tox|[from] U-turn
|-weather|Sandstorm|[from] ability: Sand Stream|[of] p2a: Tyranitar
|move|p1a: Pecharunt|Malignant Chain|p2a: Tyranitar
|-resisted|p2a: Tyranitar
|-damage|p2a: Tyranitar|30/100 tox
|
|-weather|Sandstorm|[upkeep]
|-damage|p1a: Pecharunt|53/100 brn|[from] Sandstorm
|-heal|p1a: Pecharunt|59/100 brn|[from] Grassy Terrain
|-heal|p2a: Tyranitar|37/100 tox|[from] Grassy Terrain
|-heal|p2a: Tyranitar|43/100 tox|[from] item: Leftovers
|-damage|p2a: Tyranitar|37/100 tox|[from] psn
|-damage|p1a: Pecharunt|53/100 brn|[from] brn
|upkeep
|turn|41
|
|t:|1781571257
|switch|p2a: Rillaboom|Rillaboom, M|62/100
|move|p1a: Pecharunt|Parting Shot|p2a: Rillaboom
|-unboost|p2a: Rillaboom|atk|1
|-unboost|p2a: Rillaboom|spa|1
|
|t:|1781571265
|switch|p1a: Clefable|Clefable, M|100/100|[from] Parting Shot
|
|-weather|Sandstorm|[upkeep]
|-damage|p2a: Rillaboom|56/100|[from] Sandstorm
|-heal|p2a: Rillaboom|62/100|[from] Grassy Terrain
|upkeep
|turn|42
|
|t:|1781571268
|move|p2a: Rillaboom|Wood Hammer|p1a: Clefable
|-damage|p1a: Clefable|0 fnt
|faint|p1a: Clefable
|-damage|p2a: Rillaboom|28/100|[from] Recoil
|
|-weather|Sandstorm|[upkeep]
|-damage|p2a: Rillaboom|22/100|[from] Sandstorm
|-heal|p2a: Rillaboom|28/100|[from] Grassy Terrain
|upkeep
|
|t:|1781571274
|switch|p1a: Garganacl|Garganacl, F|100/100
|-damage|p1a: Garganacl|88/100|[from] Stealth Rock
|turn|43
|
|t:|1781571291
|switch|p2a: Great Tusk|Great Tusk|37/100
|switch|p1a: Pecharunt|Pecharunt, tera:Dark|53/100 brn
|
|-weather|Sandstorm|[upkeep]
|-damage|p1a: Pecharunt|47/100 brn|[from] Sandstorm
|-heal|p2a: Great Tusk|43/100|[from] Grassy Terrain
|-heal|p1a: Pecharunt|53/100 brn|[from] Grassy Terrain
|-damage|p1a: Pecharunt|47/100 brn|[from] brn
|-fieldend|move: Grassy Terrain
|upkeep
|turn|44
|
|t:|1781571294
|move|p2a: Great Tusk|Headlong Rush|p1a: Pecharunt
|-damage|p1a: Pecharunt|19/100 brn
|-unboost|p2a: Great Tusk|def|1
|-unboost|p2a: Great Tusk|spd|1
|move|p1a: Pecharunt|Recover|p1a: Pecharunt
|-heal|p1a: Pecharunt|69/100 brn
|
|-weather|none
|-damage|p1a: Pecharunt|63/100 brn|[from] brn
|upkeep
|turn|45
|
|t:|1781571301
|-end|p2a: Great Tusk|Protosynthesis|[silent]
|switch|p2a: Tyranitar|Tyranitar, M|37/100 tox
|-weather|Sandstorm|[from] ability: Sand Stream|[of] p2a: Tyranitar
|move|p1a: Pecharunt|Recover|p1a: Pecharunt
|-heal|p1a: Pecharunt|100/100 brn
|
|-weather|Sandstorm|[upkeep]
|-damage|p1a: Pecharunt|94/100 brn|[from] Sandstorm
|-heal|p2a: Tyranitar|43/100 tox|[from] item: Leftovers
|-damage|p2a: Tyranitar|37/100 tox|[from] psn
|-damage|p1a: Pecharunt|88/100 brn|[from] brn
|upkeep
|turn|46
|
|t:|1781571307
|switch|p2a: Dragapult|Dragapult, M|91/100
|move|p1a: Pecharunt|Foul Play|p2a: Dragapult
|-supereffective|p2a: Dragapult
|-damage|p2a: Dragapult|39/100
|
|-weather|Sandstorm|[upkeep]
|-damage|p2a: Dragapult|32/100|[from] Sandstorm
|-damage|p1a: Pecharunt|82/100 brn|[from] Sandstorm
|-heal|p2a: Dragapult|39/100|[from] item: Leftovers
|-damage|p1a: Pecharunt|76/100 brn|[from] brn
|upkeep
|turn|47
|
|t:|1781571316
|move|p2a: Dragapult|Dragon Darts|p1a: Pecharunt
|-damage|p1a: Pecharunt|67/100 brn
|-anim|p2a: Dragapult|Dragon Darts|p1a: Pecharunt
|-damage|p1a: Pecharunt|57/100 brn
|move|p1a: Pecharunt|Foul Play|p2a: Dragapult
|-supereffective|p2a: Dragapult
|-damage|p2a: Dragapult|0 fnt
|faint|p2a: Dragapult
|
|-weather|Sandstorm|[upkeep]
|-damage|p1a: Pecharunt|50/100 brn|[from] Sandstorm
|-damage|p1a: Pecharunt|44/100 brn|[from] brn
|upkeep
|
|t:|1781571320
|switch|p2a: Rillaboom|Rillaboom, M|28/100
|-fieldstart|move: Grassy Terrain|[from] ability: Grassy Surge|[of] p2a: Rillaboom
|turn|48
|
|t:|1781571326
|switch|p1a: Garganacl|Garganacl, F|88/100
|-damage|p1a: Garganacl|76/100|[from] Stealth Rock
|move|p2a: Rillaboom|U-turn|p1a: Garganacl
|-damage|p1a: Garganacl|48/100
|
|t:|1781571328
|switch|p2a: Great Tusk|Great Tusk|43/100|[from] U-turn
|
|-weather|Sandstorm|[upkeep]
|-heal|p2a: Great Tusk|50/100|[from] Grassy Terrain
|-heal|p1a: Garganacl|54/100|[from] Grassy Terrain
|upkeep
|turn|49
|
|t:|1781571335
|move|p2a: Great Tusk|Headlong Rush|p1a: Garganacl
|-supereffective|p1a: Garganacl
|-damage|p1a: Garganacl|0 fnt
|-unboost|p2a: Great Tusk|def|1
|-unboost|p2a: Great Tusk|spd|1
|faint|p1a: Garganacl
|
|-weather|none
|-heal|p2a: Great Tusk|56/100|[from] Grassy Terrain
|upkeep
|
|t:|1781571338
|switch|p1a: Pecharunt|Pecharunt, tera:Dark|44/100 brn
|turn|50
|
|t:|1781571340
|move|p2a: Great Tusk|Headlong Rush|p1a: Pecharunt
|-damage|p1a: Pecharunt|17/100 brn
|-unboost|p2a: Great Tusk|def|1
|-unboost|p2a: Great Tusk|spd|1
|move|p1a: Pecharunt|Recover|p1a: Pecharunt
|-heal|p1a: Pecharunt|67/100 brn
|
|-heal|p2a: Great Tusk|62/100|[from] Grassy Terrain
|-heal|p1a: Pecharunt|73/100 brn|[from] Grassy Terrain
|-damage|p1a: Pecharunt|67/100 brn|[from] brn
|upkeep
|turn|51
|
|t:|1781571343
|-end|p2a: Great Tusk|Protosynthesis|[silent]
|switch|p2a: Tyranitar|Tyranitar, M|37/100 tox
|-weather|Sandstorm|[from] ability: Sand Stream|[of] p2a: Tyranitar
|move|p1a: Pecharunt|Recover|p1a: Pecharunt
|-heal|p1a: Pecharunt|100/100 brn
|
|-weather|Sandstorm|[upkeep]
|-damage|p1a: Pecharunt|94/100 brn|[from] Sandstorm
|-heal|p1a: Pecharunt|100/100 brn|[from] Grassy Terrain
|-heal|p2a: Tyranitar|43/100 tox|[from] Grassy Terrain
|-heal|p2a: Tyranitar|49/100 tox|[from] item: Leftovers
|-damage|p2a: Tyranitar|43/100 tox|[from] psn
|-damage|p1a: Pecharunt|94/100 brn|[from] brn
|upkeep
|turn|52
|
|t:|1781571355
|move|p1a: Pecharunt|Foul Play|p2a: Tyranitar
|-resisted|p2a: Tyranitar
|-damage|p2a: Tyranitar|35/100 tox
|move|p2a: Tyranitar|Knock Off|p1a: Pecharunt
|-resisted|p1a: Pecharunt
|-damage|p1a: Pecharunt|84/100 brn
|-enditem|p1a: Pecharunt|Heavy-Duty Boots|[from] move: Knock Off|[of] p2a: Tyranitar
|
|-weather|Sandstorm|[upkeep]
|-damage|p1a: Pecharunt|78/100 brn|[from] Sandstorm
|-heal|p1a: Pecharunt|84/100 brn|[from] Grassy Terrain
|-heal|p2a: Tyranitar|41/100 tox|[from] Grassy Terrain
|-heal|p2a: Tyranitar|48/100 tox|[from] item: Leftovers
|-damage|p2a: Tyranitar|35/100 tox|[from] psn
|-damage|p1a: Pecharunt|78/100 brn|[from] brn
|-fieldend|move: Grassy Terrain
|upkeep
|turn|53
|
|t:|1781571369
|switch|p2a: Great Tusk|Great Tusk|62/100
|move|p1a: Pecharunt|Foul Play|p2a: Great Tusk
|-resisted|p2a: Great Tusk
|-damage|p2a: Great Tusk|54/100
|
|-weather|Sandstorm|[upkeep]
|-damage|p1a: Pecharunt|72/100 brn|[from] Sandstorm
|-damage|p1a: Pecharunt|65/100 brn|[from] brn
|upkeep
|turn|54
|
|t:|1781571372
|move|p2a: Great Tusk|Headlong Rush|p1a: Pecharunt
|-damage|p1a: Pecharunt|38/100 brn
|-unboost|p2a: Great Tusk|def|1
|-unboost|p2a: Great Tusk|spd|1
|move|p1a: Pecharunt|Recover|p1a: Pecharunt
|-heal|p1a: Pecharunt|88/100 brn
|
|-weather|Sandstorm|[upkeep]
|-damage|p1a: Pecharunt|82/100 brn|[from] Sandstorm
|-damage|p1a: Pecharunt|76/100 brn|[from] brn
|upkeep
|turn|55
|
|t:|1781571375
|move|p2a: Great Tusk|Headlong Rush|p1a: Pecharunt
|-damage|p1a: Pecharunt|45/100 brn
|-unboost|p2a: Great Tusk|def|1
|-unboost|p2a: Great Tusk|spd|1
|move|p1a: Pecharunt|Malignant Chain|p2a: Great Tusk
|-resisted|p2a: Great Tusk
|-damage|p2a: Great Tusk|36/100
|
|-weather|none
|-damage|p1a: Pecharunt|39/100 brn|[from] brn
|upkeep
|turn|56
|
|t:|1781571379
|-end|p2a: Great Tusk|Protosynthesis|[silent]
|switch|p2a: Tyranitar|Tyranitar, M|35/100 tox
|-weather|Sandstorm|[from] ability: Sand Stream|[of] p2a: Tyranitar
|move|p1a: Pecharunt|Recover|p1a: Pecharunt
|-heal|p1a: Pecharunt|89/100 brn
|
|-weather|Sandstorm|[upkeep]
|-damage|p1a: Pecharunt|83/100 brn|[from] Sandstorm
|-heal|p2a: Tyranitar|41/100 tox|[from] item: Leftovers
|-damage|p2a: Tyranitar|35/100 tox|[from] psn
|-damage|p1a: Pecharunt|77/100 brn|[from] brn
|upkeep
|turn|57
|
|t:|1781571383
|move|p1a: Pecharunt|Foul Play|p2a: Tyranitar
|-resisted|p2a: Tyranitar
|-damage|p2a: Tyranitar|26/100 tox
|move|p2a: Tyranitar|Stone Edge|p1a: Pecharunt
|-damage|p1a: Pecharunt|56/100 brn
|
|-weather|Sandstorm|[upkeep]
|-damage|p1a: Pecharunt|50/100 brn|[from] Sandstorm
|-heal|p2a: Tyranitar|33/100 tox|[from] item: Leftovers
|-damage|p2a: Tyranitar|20/100 tox|[from] psn
|-damage|p1a: Pecharunt|44/100 brn|[from] brn
|upkeep
|turn|58
|
|t:|1781571386
|switch|p2a: Great Tusk|Great Tusk|36/100
|move|p1a: Pecharunt|Foul Play|p2a: Great Tusk
|-resisted|p2a: Great Tusk
|-damage|p2a: Great Tusk|27/100
|
|-weather|Sandstorm|[upkeep]
|-damage|p1a: Pecharunt|38/100 brn|[from] Sandstorm
|-damage|p1a: Pecharunt|32/100 brn|[from] brn
|upkeep
|turn|59
|c|☆employment devil|gg
|
|t:|1781571390
|move|p2a: Great Tusk|Ice Spinner|p1a: Pecharunt
|-damage|p1a: Pecharunt|19/100 brn
|move|p1a: Pecharunt|Malignant Chain|p2a: Great Tusk
|-resisted|p2a: Great Tusk
|-damage|p2a: Great Tusk|17/100
|-status|p2a: Great Tusk|tox
|-start|p2a: Great Tusk|confusion|[from] ability: Poison Puppeteer|[of] p1a: Pecharunt
|
|-weather|Sandstorm|[upkeep]
|-damage|p1a: Pecharunt|13/100 brn|[from] Sandstorm
|-damage|p2a: Great Tusk|10/100 tox|[from] psn
|-damage|p1a: Pecharunt|7/100 brn|[from] brn
|upkeep
|turn|60
|c|☆AnonymousJon|gg
|
|t:|1781571395
|-activate|p2a: Great Tusk|confusion
|-damage|p2a: Great Tusk|1/100 tox|[from] confusion
|move|p1a: Pecharunt|Parting Shot|p2a: Great Tusk
|-unboost|p2a: Great Tusk|atk|1
|-unboost|p2a: Great Tusk|spa|1
|
|-weather|none
|-damage|p2a: Great Tusk|0 fnt|[from] psn
|faint|p2a: Great Tusk
|-end|p2a: Great Tusk|Protosynthesis|[silent]
|-damage|p1a: Pecharunt|1/100 brn|[from] brn
|upkeep
|
|t:|1781571398
|switch|p2a: Rillaboom|Rillaboom, M|28/100
|-fieldstart|move: Grassy Terrain|[from] ability: Grassy Surge|[of] p2a: Rillaboom
|turn|61
|
|t:|1781571399
|move|p2a: Rillaboom|Grassy Glide|p1a: Pecharunt
|-damage|p1a: Pecharunt|0 fnt
|faint|p1a: Pecharunt
|
|win|AnonymousJon
|raw|employment devil's rating: 1692 &rarr; <strong>1682</strong><br />(-10 for losing)
|raw|AnonymousJon's rating: 1892 &rarr; <strong>1902</strong><br />(+10 for winning)
|l|☆employment devil
|player|p1|
|l|☆AnonymousJon
|player|p2|
