|j|☆tonyrayyy
|j|☆BlackStar150520
|t:|1781313132
|gametype|singles
|player|p1|tonyrayyy|101|1688
|player|p2|BlackStar150520|unknown|1748
|gen|9
|tier|[Gen 9] OU
|rated|
|rule|HP Percentage Mod: HP is shown in percentages
|rule|Endless Battle Clause: Forcing endless battles is banned
|rule|Species Clause: Limit one of each Pokémon
|rule|OHKO Clause: OHKO moves are banned
|rule|Evasion Items Clause: Evasion items are banned
|rule|Evasion Moves Clause: Evasion moves are banned
|rule|Evasion Abilities Clause: Evasion abilities are banned
|rule|Sleep Moves Clause: Sleep-inducing moves are banned
|clearpoke
|poke|p1|Samurott-Hisui, M|
|poke|p1|Zapdos|
|poke|p1|Gholdengo|
|poke|p1|Kingambit, M|
|poke|p1|Slowking-Galar, F|
|poke|p1|Great Tusk|
|poke|p2|Kingambit, M|
|poke|p2|Iron Valiant|
|poke|p2|Cinderace, F|
|poke|p2|Raging Bolt|
|poke|p2|Ogerpon-Wellspring, F|
|poke|p2|Garchomp, F|
|teampreview
|inactive|Battle timer is ON: inactive players will automatically lose when time's up. (requested by BlackStar150520)
|
|t:|1781313151
|teamsize|p1|6
|teamsize|p2|6
|start
|switch|p1a: Zapdos|Zapdos|100/100
|switch|p2a: 🎭|Ogerpon-Wellspring, F|100/100
|turn|1
|
|t:|1781313175
|switch|p2a: ⚡️|Raging Bolt|100/100
|move|p1a: Zapdos|Thunder Wave|p2a: ⚡️
|-immune|p2a: ⚡️
|
|upkeep
|turn|2
|
|t:|1781313181
|switch|p1a: Slowking|Slowking-Galar, F|100/100
|move|p2a: ⚡️|Dragon Pulse|p1a: Slowking
|-damage|p1a: Slowking|69/100
|
|upkeep
|turn|3
|
|t:|1781313187
|move|p2a: ⚡️|Calm Mind|p2a: ⚡️
|-boost|p2a: ⚡️|spa|1
|-boost|p2a: ⚡️|spd|1
|move|p1a: Slowking|Toxic|p2a: ⚡️
|-status|p2a: ⚡️|tox
|
|-damage|p2a: ⚡️|94/100 tox|[from] psn
|upkeep
|turn|4
|
|t:|1781313195
|move|p2a: ⚡️|Calm Mind|p2a: ⚡️
|-boost|p2a: ⚡️|spa|1
|-boost|p2a: ⚡️|spd|1
|-prepare|p1a: Slowking|Chilly Reception|[premajor]
|move|p1a: Slowking|Chilly Reception|p1a: Slowking
|-weather|Snowscape
|
|t:|1781313212
|switch|p1a: Great Tusk|Great Tusk|100/100|[from] Chilly Reception
|
|-weather|Snowscape|[upkeep]
|-heal|p2a: ⚡️|100/100 tox|[from] item: Leftovers
|-damage|p2a: ⚡️|88/100 tox|[from] psn
|upkeep
|turn|5
|
|t:|1781313235
|-end|p1a: Great Tusk|Protosynthesis|[silent]
|switch|p1a: Slowking|Slowking-Galar, F|100/100
|move|p2a: ⚡️|Dragon Pulse|p1a: Slowking
|-damage|p1a: Slowking|45/100
|
|-weather|Snowscape|[upkeep]
|-heal|p2a: ⚡️|94/100 tox|[from] item: Leftovers
|-damage|p2a: ⚡️|76/100 tox|[from] psn
|upkeep
|turn|6
|
|t:|1781313245
|move|p2a: ⚡️|Dragon Pulse|p1a: Slowking
|-damage|p1a: Slowking|0 fnt
|faint|p1a: Slowking
|
|-weather|Snowscape|[upkeep]
|-heal|p2a: ⚡️|82/100 tox|[from] item: Leftovers
|-damage|p2a: ⚡️|58/100 tox|[from] psn
|upkeep
|
|t:|1781313253
|switch|p1a: Great Tusk|Great Tusk|100/100
|turn|7
|
|t:|1781313259
|-end|p2a: ⚡️|Protosynthesis|[silent]
|switch|p2a: 🎭|Ogerpon-Wellspring, F|100/100
|move|p1a: Great Tusk|Headlong Rush|p2a: 🎭
|-resisted|p2a: 🎭
|-damage|p2a: 🎭|66/100
|-unboost|p1a: Great Tusk|def|1
|-unboost|p1a: Great Tusk|spd|1
|
|-weather|Snowscape|[upkeep]
|upkeep
|turn|8
|
|t:|1781313269
|-end|p1a: Great Tusk|Protosynthesis|[silent]
|switch|p1a: Zapdos|Zapdos|100/100
|move|p2a: 🎭|Ivy Cudgel|p1a: Zapdos|[anim] Ivy Cudgel Water
|-damage|p1a: Zapdos|58/100
|
|-weather|none
|upkeep
|turn|9
|
|t:|1781313276
|move|p2a: 🎭|Knock Off|p1a: Zapdos
|-damage|p1a: Zapdos|32/100
|-enditem|p1a: Zapdos|Heavy-Duty Boots|[from] move: Knock Off|[of] p2a: 🎭
|move|p1a: Zapdos|Roost|p1a: Zapdos
|-heal|p1a: Zapdos|82/100
|-singleturn|p1a: Zapdos|move: Roost
|
|upkeep
|turn|10
|
|t:|1781313283
|move|p2a: 🎭|Encore|p1a: Zapdos
|-start|p1a: Zapdos|Encore
|move|p1a: Zapdos|Roost|p1a: Zapdos
|-heal|p1a: Zapdos|100/100
|-singleturn|p1a: Zapdos|move: Roost
|
|upkeep
|turn|11
|
|t:|1781313289
|switch|p1a: Samurott|Samurott-Hisui, M|100/100
|move|p2a: 🎭|Ivy Cudgel|p1a: Samurott|[anim] Ivy Cudgel Water
|-resisted|p1a: Samurott
|-crit|p1a: Samurott
|-damage|p1a: Samurott|48/100
|
|upkeep
|turn|12
|
|t:|1781313296
|move|p1a: Samurott|Ceaseless Edge|p2a: 🎭
|-damage|p2a: 🎭|12/100
|-sidestart|p2: BlackStar150520|Spikes
|move|p2a: 🎭|U-turn|p1a: Samurott
|-supereffective|p1a: Samurott
|-damage|p1a: Samurott|0 fnt
|faint|p1a: Samurott
|
|t:|1781313305
|switch|p2a: 🦈|Garchomp, F, shiny|100/100|[from] U-turn
|-damage|p2a: 🦈|88/100|[from] Spikes
|
|upkeep
|
|t:|1781313310
|switch|p1a: Great Tusk|Great Tusk|100/100
|turn|13
|
|t:|1781313317
|move|p2a: 🦈|Draco Meteor|p1a: Great Tusk
|-damage|p1a: Great Tusk|24/100
|-unboost|p2a: 🦈|spa|2
|-damage|p2a: 🦈|78/100|[from] item: Life Orb
|move|p1a: Great Tusk|Ice Spinner|p2a: 🦈
|-supereffective|p2a: 🦈
|-damage|p2a: 🦈|0 fnt
|-damage|p1a: Great Tusk|12/100|[from] ability: Rough Skin|[of] p2a: 🦈
|faint|p2a: 🦈
|
|upkeep
|
|t:|1781313324
|switch|p2a: BunnyGirlSenpai|Cinderace, F|100/100
|turn|14
|
|t:|1781313336
|-end|p1a: Great Tusk|Protosynthesis|[silent]
|switch|p1a: Zapdos|Zapdos|100/100
|move|p2a: BunnyGirlSenpai|Pyro Ball|p1a: Zapdos
|-damage|p1a: Zapdos|64/100
|
|upkeep
|turn|15
|
|t:|1781313343
|switch|p2a: ⚡️|Raging Bolt|58/100 tox
|-damage|p2a: ⚡️|45/100 tox|[from] Spikes
|move|p1a: Zapdos|Thunder Wave||[still]
|-fail|p1a: Zapdos
|
|-heal|p2a: ⚡️|51/100 tox|[from] item: Leftovers
|-damage|p2a: ⚡️|45/100 tox|[from] psn
|upkeep
|turn|16
|
|t:|1781313355
|move|p2a: ⚡️|Calm Mind|p2a: ⚡️
|-boost|p2a: ⚡️|spa|1
|-boost|p2a: ⚡️|spd|1
|move|p1a: Zapdos|Roost|p1a: Zapdos
|-heal|p1a: Zapdos|100/100
|-singleturn|p1a: Zapdos|move: Roost
|
|-heal|p2a: ⚡️|51/100 tox|[from] item: Leftovers
|-damage|p2a: ⚡️|39/100 tox|[from] psn
|upkeep
|turn|17
|
|t:|1781313366
|switch|p1a: Kingambit|Kingambit, M|100/100
|-activate|p1a: Kingambit|ability: Supreme Overlord
|-start|p1a: Kingambit|fallen2|[silent]
|move|p2a: ⚡️|Dragon Pulse|p1a: Kingambit
|-resisted|p1a: Kingambit
|-crit|p1a: Kingambit
|-damage|p1a: Kingambit|30/100
|
|-heal|p2a: ⚡️|45/100 tox|[from] item: Leftovers
|-damage|p2a: ⚡️|27/100 tox|[from] psn
|upkeep
|turn|18
|
|t:|1781313376
|-end|p1a: Kingambit|fallen2|[silent]
|switch|p1a: Great Tusk|Great Tusk|12/100
|move|p2a: ⚡️|Thunderclap||[still]
|-fail|p2a: ⚡️
|
|-heal|p2a: ⚡️|33/100 tox|[from] item: Leftovers
|-damage|p2a: ⚡️|8/100 tox|[from] psn
|upkeep
|turn|19
|
|t:|1781313384
|move|p1a: Great Tusk|Rapid Spin|p2a: ⚡️
|-damage|p2a: ⚡️|0 fnt
|-boost|p1a: Great Tusk|spe|1
|faint|p2a: ⚡️
|-end|p2a: ⚡️|Protosynthesis|[silent]
|
|upkeep
|
|t:|1781313387
|switch|p2a: Hero|Iron Valiant|100/100
|-damage|p2a: Hero|88/100|[from] Spikes
|-enditem|p2a: Hero|Booster Energy
|-activate|p2a: Hero|ability: Quark Drive|[fromitem]
|-start|p2a: Hero|quarkdrivespe
|turn|20
|
|t:|1781313398
|-end|p1a: Great Tusk|Protosynthesis|[silent]
|switch|p1a: Gholdengo|Gholdengo|100/100
|-item|p1a: Gholdengo|Air Balloon
|move|p2a: Hero|Shadow Ball|p1a: Gholdengo
|-supereffective|p1a: Gholdengo
|-damage|p1a: Gholdengo|47/100
|-enditem|p1a: Gholdengo|Air Balloon
|
|upkeep
|turn|21
|
|t:|1781313412
|-terastallize|p1a: Gholdengo|Fairy
|move|p2a: Hero|Shadow Ball|p1a: Gholdengo
|-damage|p1a: Gholdengo|20/100
|-unboost|p1a: Gholdengo|spd|1
|move|p1a: Gholdengo|Make It Rain|p2a: Hero
|-supereffective|p2a: Hero
|-damage|p2a: Hero|0 fnt
|-unboost|p1a: Gholdengo|spa|1
|faint|p2a: Hero
|-end|p2a: Hero|Quark Drive|[silent]
|
|upkeep
|
|t:|1781313418
|switch|p2a: BunnyGirlSenpai|Cinderace, F|100/100
|turn|22
|
|t:|1781313431
|switch|p1a: Great Tusk|Great Tusk|12/100
|move|p2a: BunnyGirlSenpai|Court Change|p2a: BunnyGirlSenpai
|-swapsideconditions
|-activate|p2a: BunnyGirlSenpai|move: Court Change
|
|upkeep
|turn|23
|
|t:|1781313436
|move|p2a: BunnyGirlSenpai|Pyro Ball|p1a: Great Tusk|[miss]
|-miss|p2a: BunnyGirlSenpai|p1a: Great Tusk
|move|p1a: Great Tusk|Stealth Rock|p2a: BunnyGirlSenpai
|-sidestart|p2: BlackStar150520|move: Stealth Rock
|
|upkeep
|turn|24
|
|t:|1781313442
|move|p2a: BunnyGirlSenpai|Pyro Ball|p1a: Great Tusk|[miss]
|-miss|p2a: BunnyGirlSenpai|p1a: Great Tusk
|move|p1a: Great Tusk|Rapid Spin|p2a: BunnyGirlSenpai
|-damage|p2a: BunnyGirlSenpai|83/100
|-boost|p1a: Great Tusk|spe|1
|-sideend|p1: tonyrayyy|Spikes|[from] move: Rapid Spin|[of] p1a: Great Tusk
|
|upkeep
|turn|25
|
|t:|1781313453
|switch|p2a: 🎭|Ogerpon-Wellspring, F|12/100
|-damage|p2a: 🎭|0 fnt|[from] Stealth Rock
|faint|p2a: 🎭
|move|p1a: Great Tusk|Headlong Rush|p2: 🎭|[notarget]
|-fail|p1a: Great Tusk
|
|upkeep
|
|t:|1781313455
|switch|p2a: Aizen🗡️|Kingambit, M, shiny|100/100
|-damage|p2a: Aizen🗡️|94/100|[from] Stealth Rock
|-activate|p2a: Aizen🗡️|ability: Supreme Overlord
|-start|p2a: Aizen🗡️|fallen4|[silent]
|turn|26
|
|t:|1781313466
|-end|p1a: Great Tusk|Protosynthesis|[silent]
|switch|p1a: Zapdos|Zapdos|100/100
|move|p2a: Aizen🗡️|Sucker Punch||[still]
|-fail|p2a: Aizen🗡️
|
|-heal|p2a: Aizen🗡️|100/100|[from] item: Leftovers
|upkeep
|turn|27
|
|t:|1781313472
|-end|p2a: Aizen🗡️|fallen4|[silent]
|switch|p2a: BunnyGirlSenpai|Cinderace, F|83/100
|move|p1a: Zapdos|Thunder Wave|p2a: BunnyGirlSenpai
|-status|p2a: BunnyGirlSenpai|par
|
|upkeep
|turn|28
|
|t:|1781313477
|move|p1a: Zapdos|Volt Switch|p2a: BunnyGirlSenpai
|-damage|p2a: BunnyGirlSenpai|48/100 par
|
|t:|1781313481
|switch|p1a: Great Tusk|Great Tusk|12/100|[from] Volt Switch
|move|p2a: BunnyGirlSenpai|Court Change|p2a: BunnyGirlSenpai
|-swapsideconditions
|-activate|p2a: BunnyGirlSenpai|move: Court Change
|
|upkeep
|turn|29
|
|t:|1781313491
|-terastallize|p2a: BunnyGirlSenpai|Ghost
|move|p1a: Great Tusk|Headlong Rush|p2a: BunnyGirlSenpai
|-damage|p2a: BunnyGirlSenpai|0 fnt
|-unboost|p1a: Great Tusk|def|1
|-unboost|p1a: Great Tusk|spd|1
|faint|p2a: BunnyGirlSenpai
|
|upkeep
|
|t:|1781313495
|switch|p2a: Aizen🗡️|Kingambit, M, shiny|100/100
|-activate|p2a: Aizen🗡️|ability: Supreme Overlord
|-start|p2a: Aizen🗡️|fallen5|[silent]
|turn|30
|
|t:|1781313500
|move|p2a: Aizen🗡️|Sucker Punch|p1a: Great Tusk
|-resisted|p1a: Great Tusk
|-damage|p1a: Great Tusk|0 fnt
|faint|p1a: Great Tusk
|-end|p1a: Great Tusk|Protosynthesis|[silent]
|
|upkeep
|
|t:|1781313505
|switch|p1a: Kingambit|Kingambit, M|30/100
|-damage|p1a: Kingambit|24/100|[from] Stealth Rock
|-activate|p1a: Kingambit|ability: Supreme Overlord
|-start|p1a: Kingambit|fallen3|[silent]
|turn|31
|
|t:|1781313511
|move|p2a: Aizen🗡️|Sucker Punch|p1a: Kingambit
|-resisted|p1a: Kingambit
|-damage|p1a: Kingambit|0 fnt
|faint|p1a: Kingambit
|-end|p1a: Kingambit|fallen3|[silent]
|
|upkeep
|
|t:|1781313522
|switch|p1a: Zapdos|Zapdos|100/100
|-damage|p1a: Zapdos|75/100|[from] Stealth Rock
|turn|32
|
|t:|1781313526
|move|p1a: Zapdos|Thunder Wave|p2a: Aizen🗡️
|-status|p2a: Aizen🗡️|par
|move|p2a: Aizen🗡️|Swords Dance|p2a: Aizen🗡️
|-boost|p2a: Aizen🗡️|atk|2
|
|upkeep
|turn|33
|
|t:|1781313532
|move|p2a: Aizen🗡️|Sucker Punch|p1a: Zapdos
|-damage|p1a: Zapdos|0 fnt
|faint|p1a: Zapdos
|
|upkeep
|
|t:|1781313536
|switch|p1a: Gholdengo|Gholdengo, tera:Fairy|20/100
|-damage|p1a: Gholdengo|7/100|[from] Stealth Rock
|turn|34
|
|t:|1781313540
|move|p1a: Gholdengo|Nasty Plot|p1a: Gholdengo
|-boost|p1a: Gholdengo|spa|2
|move|p2a: Aizen🗡️|Iron Head|p1a: Gholdengo
|-supereffective|p1a: Gholdengo
|-damage|p1a: Gholdengo|0 fnt
|faint|p1a: Gholdengo
|
|win|BlackStar150520
|raw|tonyrayyy's rating: 1688 &rarr; <strong>1670</strong><br />(-18 for losing)
|raw|BlackStar150520's rating: 1724 &rarr; <strong>1742</strong><br />(+18 for winning)
|l|☆tonyrayyy
|player|p1|
