|j|☆Mossful
|j|☆EleaRosea
|t:|1781304710
|gametype|singles
|player|p1|Mossful|iono-masters|1591
|player|p2|EleaRosea|harmony|1672
|gen|9
|tier|[Gen 9] OU
|rated|
|rule|HP Percentage Mod: HP is shown in percentages
|rule|Endless Battle Clause: Forcing endless battles is banned
|rule|Species Clause: Limit one of each Pokémon
|rule|OHKO Clause: OHKO moves are banned
|rule|Evasion Items Clause: Evasion items are banned
|rule|Evasion Moves Clause: Evasion moves are banned
|rule|Evasion Abilities Clause: Evasion abilities are banned
|rule|Sleep Moves Clause: Sleep-inducing moves are banned
|clearpoke
|poke|p1|Tyranitar, M|
|poke|p1|Excadrill, F|
|poke|p1|Iron Crown|
|poke|p1|Salamence, M|
|poke|p1|Azumarill, M|
|poke|p1|Zamazenta-*|
|poke|p2|Ogerpon, F|
|poke|p2|Great Tusk|
|poke|p2|Alomomola, F|
|poke|p2|Rillaboom, F|
|poke|p2|Primarina, F|
|poke|p2|Heatran, F|
|teampreview
|inactive|Battle timer is ON: inactive players will automatically lose when time's up. (requested by EleaRosea)
|inactive|Mossful has 120 seconds left.
|inactive|EleaRosea has 120 seconds left.
|inactive|Mossful has 90 seconds left.
|
|t:|1781304794
|teamsize|p1|6
|teamsize|p2|6
|start
|switch|p1a: Salamence|Salamence, M|100/100
|switch|p2a: Rillaboom|Rillaboom, F|100/100
|-ability|p1a: Salamence|Intimidate|boost
|-unboost|p2a: Rillaboom|atk|1
|-fieldstart|move: Grassy Terrain|[from] ability: Grassy Surge|[of] p2a: Rillaboom
|turn|1
|inactive|EleaRosea has 120 seconds left.
|
|t:|1781304840
|switch|p2a: Alomomola|Alomomola, F|100/100
|move|p1a: Salamence|Air Slash|p2a: Alomomola
|-damage|p2a: Alomomola|35/100
|
|-heal|p2a: Alomomola|41/100|[from] Grassy Terrain
|upkeep
|turn|2
|
|t:|1781304847
|switch|p2a: Primarina|Primarina, F|100/100
|move|p1a: Salamence|Air Slash|p2a: Primarina
|-damage|p2a: Primarina|71/100
|
|-heal|p2a: Primarina|77/100|[from] Grassy Terrain
|upkeep
|turn|3
|c|☆EleaRosea|dayum
|c|☆EleaRosea|this guy is strong
|
|t:|1781304866
|switch|p1a: Azumarill|Azumarill, M, shiny|100/100
|move|p2a: Primarina|Moonblast|p1a: Azumarill
|-damage|p1a: Azumarill|43/100
|-unboost|p1a: Azumarill|spa|1
|-enditem|p1a: Azumarill|Sitrus Berry|[eat]
|-heal|p1a: Azumarill|68/100|[from] item: Sitrus Berry
|
|-heal|p1a: Azumarill|74/100|[from] Grassy Terrain
|-heal|p2a: Primarina|83/100|[from] Grassy Terrain
|upkeep
|turn|4
|
|t:|1781304874
|switch|p2a: Rillaboom|Rillaboom, F|100/100
|move|p1a: Azumarill|Play Rough|p2a: Rillaboom
|-damage|p2a: Rillaboom|44/100
|
|-heal|p2a: Rillaboom|50/100|[from] Grassy Terrain
|-heal|p1a: Azumarill|80/100|[from] Grassy Terrain
|upkeep
|turn|5
|
|t:|1781304889
|switch|p1a: Salamence|Salamence, M|100/100
|-ability|p1a: Salamence|Intimidate|boost
|-unboost|p2a: Rillaboom|atk|1
|move|p2a: Rillaboom|Grassy Glide|p1a: Salamence
|-resisted|p1a: Salamence
|-damage|p1a: Salamence|93/100
|
|-heal|p2a: Rillaboom|56/100|[from] Grassy Terrain
|upkeep
|turn|6
|
|t:|1781304899
|switch|p2a: Primarina|Primarina, F|83/100
|move|p1a: Salamence|Air Slash|p2a: Primarina
|-damage|p2a: Primarina|54/100
|
|-heal|p2a: Primarina|60/100|[from] Grassy Terrain
|upkeep
|turn|7
|
|t:|1781304906
|switch|p1a: Iron Crown|Iron Crown|100/100
|move|p2a: Primarina|Moonblast|p1a: Iron Crown
|-resisted|p1a: Iron Crown
|-damage|p1a: Iron Crown|73/100
|
|-heal|p1a: Iron Crown|80/100|[from] Grassy Terrain
|-heal|p2a: Primarina|66/100|[from] Grassy Terrain
|upkeep
|turn|8
|
|t:|1781304912
|switch|p2a: Heatran|Heatran, F|100/100
|move|p1a: Iron Crown|Volt Switch|p2a: Heatran
|-damage|p2a: Heatran|86/100
|
|t:|1781304920
|-end|p1a: Iron Crown|Quark Drive|[silent]
|switch|p1a: Tyranitar|Tyranitar, M, shiny|100/100|[from] Volt Switch
|-weather|Sandstorm|[from] ability: Sand Stream|[of] p1a: Tyranitar
|
|-weather|Sandstorm|[upkeep]
|-heal|p2a: Heatran|92/100|[from] Grassy Terrain
|-heal|p2a: Heatran|98/100|[from] item: Leftovers
|-fieldend|move: Grassy Terrain
|upkeep
|turn|9
|
|t:|1781304924
|switch|p2a: Primarina|Primarina, F|66/100
|move|p1a: Tyranitar|Stone Edge|p2a: Primarina
|-damage|p2a: Primarina|0 fnt
|faint|p2a: Primarina
|
|-weather|Sandstorm|[upkeep]
|upkeep
|
|t:|1781304926
|switch|p2a: Rillaboom|Rillaboom, F|56/100
|-fieldstart|move: Grassy Terrain|[from] ability: Grassy Surge|[of] p2a: Rillaboom
|turn|10
|
|t:|1781304930
|switch|p1a: Salamence|Salamence, M|93/100
|-ability|p1a: Salamence|Intimidate|boost
|-unboost|p2a: Rillaboom|atk|1
|move|p2a: Rillaboom|Low Kick|p1a: Salamence
|-resisted|p1a: Salamence
|-damage|p1a: Salamence|76/100
|
|-weather|Sandstorm|[upkeep]
|-damage|p1a: Salamence|70/100|[from] Sandstorm
|-damage|p2a: Rillaboom|50/100|[from] Sandstorm
|-heal|p2a: Rillaboom|56/100|[from] Grassy Terrain
|upkeep
|turn|11
|
|t:|1781304937
|move|p1a: Salamence|Air Slash|p2a: Rillaboom
|-supereffective|p2a: Rillaboom
|-damage|p2a: Rillaboom|0 fnt
|faint|p2a: Rillaboom
|
|-weather|Sandstorm|[upkeep]
|-damage|p1a: Salamence|64/100|[from] Sandstorm
|upkeep
|
|t:|1781304938
|switch|p2a: Heatran|Heatran, F|98/100
|turn|12
|
|t:|1781304943
|switch|p1a: Azumarill|Azumarill, M, shiny|80/100
|move|p2a: Heatran|Stealth Rock|p1a: Azumarill
|-sidestart|p1: Mossful|move: Stealth Rock
|
|-weather|none
|-heal|p2a: Heatran|100/100|[from] Grassy Terrain
|-heal|p1a: Azumarill|86/100|[from] Grassy Terrain
|upkeep
|turn|13
|
|t:|1781304959
|switch|p2a: Alomomola|Alomomola, F|74/100
|move|p1a: Azumarill|Liquidation|p2a: Alomomola
|-resisted|p2a: Alomomola
|-damage|p2a: Alomomola|60/100
|-unboost|p2a: Alomomola|def|1
|
|-heal|p1a: Azumarill|92/100|[from] Grassy Terrain
|-heal|p2a: Alomomola|66/100|[from] Grassy Terrain
|upkeep
|turn|14
|
|t:|1781304964
|move|p1a: Azumarill|Play Rough|p2a: Alomomola
|-damage|p2a: Alomomola|18/100
|move|p2a: Alomomola|Flip Turn|p1a: Azumarill
|-resisted|p1a: Azumarill
|-damage|p1a: Azumarill|82/100
|
|t:|1781304966
|switch|p2a: Ogerpon|Ogerpon, F|100/100|[from] Flip Turn
|
|-heal|p1a: Azumarill|88/100|[from] Grassy Terrain
|upkeep
|turn|15
|
|t:|1781304971
|move|p2a: Ogerpon|Ivy Cudgel|p1a: Azumarill
|-supereffective|p1a: Azumarill
|-damage|p1a: Azumarill|0 fnt
|faint|p1a: Azumarill
|
|upkeep
|
|t:|1781304978
|switch|p1a: Iron Crown|Iron Crown|80/100
|-damage|p1a: Iron Crown|73/100|[from] Stealth Rock
|turn|16
|
|t:|1781304983
|switch|p2a: Heatran|Heatran, F|100/100
|move|p1a: Iron Crown|Psychic Noise|p2a: Heatran
|-resisted|p2a: Heatran
|-damage|p2a: Heatran|89/100
|-start|p2a: Heatran|move: Heal Block
|
|-heal|p1a: Iron Crown|80/100|[from] Grassy Terrain
|upkeep
|turn|17
|
|t:|1781304988
|-end|p1a: Iron Crown|Quark Drive|[silent]
|switch|p1a: Tyranitar|Tyranitar, M, shiny|100/100
|-damage|p1a: Tyranitar|88/100|[from] Stealth Rock
|-weather|Sandstorm|[from] ability: Sand Stream|[of] p1a: Tyranitar
|switch|p2a: Ogerpon|Ogerpon, F|100/100
|
|-weather|Sandstorm|[upkeep]
|-damage|p2a: Ogerpon|95/100|[from] Sandstorm
|-heal|p2a: Ogerpon|100/100|[from] Grassy Terrain
|-heal|p1a: Tyranitar|94/100|[from] Grassy Terrain
|-fieldend|move: Grassy Terrain
|upkeep
|turn|18
|
|t:|1781304991
|move|p2a: Ogerpon|Ivy Cudgel|p1a: Tyranitar
|-supereffective|p1a: Tyranitar
|-damage|p1a: Tyranitar|0 fnt
|faint|p1a: Tyranitar
|
|-weather|Sandstorm|[upkeep]
|-damage|p2a: Ogerpon|95/100|[from] Sandstorm
|upkeep
|
|t:|1781305002
|switch|p1a: Zamazenta|Zamazenta|100/100
|-damage|p1a: Zamazenta|94/100|[from] Stealth Rock
|-ability|p1a: Zamazenta|Dauntless Shield|boost
|-boost|p1a: Zamazenta|def|1
|turn|19
|
|t:|1781305006
|switch|p2a: Great Tusk|Great Tusk|100/100
|move|p1a: Zamazenta|Close Combat|p2a: Great Tusk
|-damage|p2a: Great Tusk|42/100
|-unboost|p1a: Zamazenta|def|1
|-unboost|p1a: Zamazenta|spd|1
|-damage|p1a: Zamazenta|84/100|[from] item: Life Orb
|
|-weather|Sandstorm|[upkeep]
|-damage|p1a: Zamazenta|78/100|[from] Sandstorm
|upkeep
|turn|20
|
|t:|1781305010
|move|p1a: Zamazenta|Close Combat|p2a: Great Tusk
|-damage|p2a: Great Tusk|0 fnt
|-unboost|p1a: Zamazenta|def|1
|-unboost|p1a: Zamazenta|spd|1
|faint|p2a: Great Tusk
|-end|p2a: Great Tusk|Protosynthesis|[silent]
|-damage|p1a: Zamazenta|68/100|[from] item: Life Orb
|
|-weather|Sandstorm|[upkeep]
|-damage|p1a: Zamazenta|62/100|[from] Sandstorm
|upkeep
|
|t:|1781305022
|switch|p2a: Alomomola|Alomomola, F|51/100
|turn|21
|
|t:|1781305028
|move|p1a: Zamazenta|Wild Charge|p2a: Alomomola
|-supereffective|p2a: Alomomola
|-damage|p2a: Alomomola|11/100
|-damage|p1a: Zamazenta|46/100|[from] Recoil
|-damage|p1a: Zamazenta|36/100|[from] item: Life Orb
|move|p2a: Alomomola|Wish|p2a: Alomomola
|
|-weather|none
|upkeep
|turn|22
|
|t:|1781305032
|move|p2a: Alomomola|Protect|p2a: Alomomola
|-singleturn|p2a: Alomomola|Protect
|move|p1a: Zamazenta|Close Combat|p2a: Alomomola
|-activate|p2a: Alomomola|move: Protect
|
|-heal|p2a: Alomomola|61/100|[from] move: Wish|[wisher] Alomomola
|upkeep
|turn|23
|
|t:|1781305035
|move|p1a: Zamazenta|Close Combat|p2a: Alomomola
|-damage|p2a: Alomomola|17/100
|-unboost|p1a: Zamazenta|def|1
|-unboost|p1a: Zamazenta|spd|1
|-damage|p1a: Zamazenta|26/100|[from] item: Life Orb
|move|p2a: Alomomola|Wish|p2a: Alomomola
|
|upkeep
|turn|24
|
|t:|1781305052
|switch|p1a: Excadrill|Excadrill, F, shiny|100/100
|-damage|p1a: Excadrill|97/100|[from] Stealth Rock
|-item|p1a: Excadrill|Air Balloon
|move|p2a: Alomomola|Protect||[still]
|-fail|p2a: Alomomola
|
|-heal|p2a: Alomomola|67/100|[from] move: Wish|[wisher] Alomomola
|upkeep
|turn|25
|
|t:|1781305056
|move|p1a: Excadrill|Rapid Spin|p2a: Alomomola
|-damage|p2a: Alomomola|56/100
|-boost|p1a: Excadrill|spe|1
|-sideend|p1: Mossful|Stealth Rock|[from] move: Rapid Spin|[of] p1a: Excadrill
|move|p2a: Alomomola|Wish|p2a: Alomomola
|
|upkeep
|turn|26
|
|t:|1781305060
|move|p1a: Excadrill|Swords Dance|p1a: Excadrill
|-boost|p1a: Excadrill|atk|2
|move|p2a: Alomomola|Scald|p1a: Excadrill
|-supereffective|p1a: Excadrill
|-damage|p1a: Excadrill|58/100
|-status|p1a: Excadrill|brn
|-enditem|p1a: Excadrill|Air Balloon
|
|-heal|p2a: Alomomola|100/100|[from] move: Wish|[wisher] Alomomola
|-damage|p1a: Excadrill|52/100 brn|[from] brn
|upkeep
|turn|27
|c|☆EleaRosea|would you believe that in 10 games
|c|☆EleaRosea|this is my first scald burn
|
|t:|1781305086
|move|p1a: Excadrill|Swords Dance|p1a: Excadrill
|-boost|p1a: Excadrill|atk|2
|move|p2a: Alomomola|Wish|p2a: Alomomola
|
|-damage|p1a: Excadrill|46/100 brn|[from] brn
|upkeep
|turn|28
|
|t:|1781305106
|move|p1a: Excadrill|Earthquake|p2a: Alomomola
|-damage|p2a: Alomomola|60/100
|move|p2a: Alomomola|Flip Turn|p1a: Excadrill
|-supereffective|p1a: Excadrill
|-damage|p1a: Excadrill|2/100 brn
|
|t:|1781305109
|switch|p2a: Ogerpon|Ogerpon, F|95/100|[from] Flip Turn
|
|-heal|p2a: Ogerpon|100/100|[from] move: Wish|[wisher] Alomomola
|-damage|p1a: Excadrill|0 fnt|[from] brn
|faint|p1a: Excadrill
|upkeep
|
|t:|1781305117
|switch|p1a: Salamence|Salamence, M|64/100
|-ability|p1a: Salamence|Intimidate|boost
|-unboost|p2a: Ogerpon|atk|1
|-ability|p2a: Ogerpon|Defiant|boost
|-boost|p2a: Ogerpon|atk|2
|turn|29
|
|t:|1781305126
|move|p2a: Ogerpon|Knock Off|p1a: Salamence
|-damage|p1a: Salamence|0 fnt
|-enditem|p1a: Salamence|Choice Specs|[from] move: Knock Off|[of] p2a: Ogerpon
|faint|p1a: Salamence
|
|upkeep
|
|t:|1781305130
|switch|p1a: Iron Crown|Iron Crown|80/100
|turn|30
|
|t:|1781305133
|-terastallize|p1a: Iron Crown|Steel
|-terastallize|p2a: Ogerpon|Grass
|detailschange|p2a: Ogerpon|Ogerpon-Teal-Tera, F, tera:Grass
|-ability|p2a: Ogerpon|Embody Aspect (Teal)|boost
|-boost|p2a: Ogerpon|spe|1
|move|p2a: Ogerpon|Knock Off|p1a: Iron Crown
|-damage|p1a: Iron Crown|9/100
|-enditem|p1a: Iron Crown|Choice Scarf|[from] move: Knock Off|[of] p2a: Ogerpon
|move|p1a: Iron Crown|Tachyon Cutter|p2a: Ogerpon
|-damage|p2a: Ogerpon|61/100
|-damage|p2a: Ogerpon|19/100
|-hitcount|p2a: Ogerpon|2
|
|upkeep
|turn|31
|
|t:|1781305138
|move|p2a: Ogerpon|Knock Off|p1a: Iron Crown
|-damage|p1a: Iron Crown|0 fnt
|faint|p1a: Iron Crown
|-end|p1a: Iron Crown|Quark Drive|[silent]
|
|upkeep
|c|☆EleaRosea|gg
|-message|Mossful forfeited.
|
|win|EleaRosea
|raw|Mossful's rating: 1591 &rarr; <strong>1576</strong><br />(-15 for losing)
|raw|EleaRosea's rating: 1672 &rarr; <strong>1687</strong><br />(+15 for winning)
|l|☆Mossful
|player|p1|
