|j|☆mastersannin
|j|☆misplayin
|t:|1781095919
|gametype|singles
|player|p1|mastersannin|169|1559
|player|p2|misplayin|acetrainerf-gen2|1534
|gen|9
|tier|[Gen 9] OU
|rated|
|rule|HP Percentage Mod: HP is shown in percentages
|rule|Endless Battle Clause: Forcing endless battles is banned
|rule|Species Clause: Limit one of each Pokémon
|rule|OHKO Clause: OHKO moves are banned
|rule|Evasion Items Clause: Evasion items are banned
|rule|Evasion Moves Clause: Evasion moves are banned
|rule|Evasion Abilities Clause: Evasion abilities are banned
|rule|Sleep Moves Clause: Sleep-inducing moves are banned
|clearpoke
|poke|p1|Samurott-Hisui, M|
|poke|p1|Zapdos|
|poke|p1|Iron Treads|
|poke|p1|Ceruledge, M|
|poke|p1|Gholdengo|
|poke|p1|Kingambit, M|
|poke|p2|Zoroark-Hisui, F|
|poke|p2|Samurott-Hisui, M|
|poke|p2|Zamazenta-*|
|poke|p2|Moltres|
|poke|p2|Iron Treads|
|poke|p2|Slowking-Galar, F|
|teampreview
|inactive|Battle timer is ON: inactive players will automatically lose when time's up. (requested by misplayin)
|inactive|mastersannin also wants the timer to be on.
|
|t:|1781095937
|teamsize|p1|6
|teamsize|p2|6
|start
|switch|p1a: Samurott|Samurott-Hisui, M|100/100
|switch|p2a: Samurott|Samurott-Hisui, M|100/100
|turn|1
|
|t:|1781095946
|move|p1a: Samurott|Ceaseless Edge|p2a: Samurott
|-resisted|p2a: Samurott
|-damage|p2a: Samurott|78/100
|-sidestart|p2: misplayin|Spikes
|move|p2a: Samurott|Razor Shell|p1a: Samurott
|-resisted|p1a: Samurott
|-damage|p1a: Samurott|75/100
|
|upkeep
|turn|2
|
|t:|1781095955
|move|p1a: Samurott|Razor Shell|p2a: Samurott
|-resisted|p2a: Samurott
|-damage|p2a: Samurott|53/100
|-unboost|p2a: Samurott|def|1
|move|p2a: Samurott|Ceaseless Edge|p1a: Samurott
|-resisted|p1a: Samurott
|-damage|p1a: Samurott|54/100
|-sidestart|p1: mastersannin|Spikes
|
|upkeep
|turn|3
|
|t:|1781095963
|move|p1a: Samurott|Ceaseless Edge|p2a: Samurott
|-resisted|p2a: Samurott
|-damage|p2a: Samurott|18/100
|-sidestart|p2: misplayin|Spikes
|move|p2a: Samurott|Ceaseless Edge|p1a: Samurott
|-resisted|p1a: Samurott
|-damage|p1a: Samurott|32/100
|-sidestart|p1: mastersannin|Spikes
|
|upkeep
|turn|4
|
|t:|1781095969
|move|p1a: Samurott|Sucker Punch|p2a: Samurott
|-resisted|p2a: Samurott
|-damage|p2a: Samurott|0 fnt
|faint|p2a: Samurott
|
|upkeep
|
|t:|1781095983
|switch|p2a: Zamazenta|Zamazenta|100/100
|-damage|p2a: Zamazenta|84/100|[from] Spikes
|-ability|p2a: Zamazenta|Dauntless Shield|boost
|-boost|p2a: Zamazenta|def|1
|turn|5
|
|t:|1781095993
|move|p2a: Zamazenta|Stone Edge|p1a: Samurott
|-damage|p1a: Samurott|0 fnt
|faint|p1a: Samurott
|
|upkeep
|
|t:|1781095998
|switch|p1a: Gholdengo|Gholdengo|100/100
|-item|p1a: Gholdengo|Air Balloon
|turn|6
|
|t:|1781096019
|switch|p2a: Iron Treads|Iron Treads|100/100
|-damage|p2a: Iron Treads|84/100|[from] Spikes
|move|p1a: Gholdengo|Thunder Wave|p2a: Iron Treads
|-immune|p2a: Iron Treads
|
|-heal|p2a: Iron Treads|90/100|[from] item: Leftovers
|upkeep
|turn|7
|
|t:|1781096032
|move|p2a: Iron Treads|Knock Off|p1a: Gholdengo
|-supereffective|p1a: Gholdengo
|-damage|p1a: Gholdengo|66/100
|-enditem|p1a: Gholdengo|Air Balloon
|move|p1a: Gholdengo|Focus Blast|p2a: Iron Treads
|-supereffective|p2a: Iron Treads
|-damage|p2a: Iron Treads|29/100
|
|-heal|p2a: Iron Treads|35/100|[from] item: Leftovers
|upkeep
|turn|8
|
|t:|1781096049
|switch|p1a: Zapdos|Zapdos|100/100
|move|p2a: Iron Treads|Stealth Rock|p1a: Zapdos
|-sidestart|p1: mastersannin|move: Stealth Rock
|
|-heal|p2a: Iron Treads|41/100|[from] item: Leftovers
|upkeep
|turn|9
|
|t:|1781096051
|move|p2a: Iron Treads|Knock Off|p1a: Zapdos
|-damage|p1a: Zapdos|84/100
|-enditem|p1a: Zapdos|Heavy-Duty Boots|[from] move: Knock Off|[of] p2a: Iron Treads
|move|p1a: Zapdos|Hurricane|p2a: Iron Treads
|-resisted|p2a: Iron Treads
|-damage|p2a: Iron Treads|22/100
|
|-heal|p2a: Iron Treads|28/100|[from] item: Leftovers
|upkeep
|turn|10
|
|t:|1781096060
|switch|p1a: Gholdengo|Gholdengo|66/100
|-damage|p1a: Gholdengo|49/100|[from] Spikes
|-damage|p1a: Gholdengo|43/100|[from] Stealth Rock
|move|p2a: Iron Treads|Rapid Spin|p1a: Gholdengo
|-immune|p1a: Gholdengo
|
|-heal|p2a: Iron Treads|34/100|[from] item: Leftovers
|upkeep
|turn|11
|
|t:|1781096069
|move|p2a: Iron Treads|High Horsepower|p1a: Gholdengo
|-supereffective|p1a: Gholdengo
|-damage|p1a: Gholdengo|0 fnt
|faint|p1a: Gholdengo
|
|-heal|p2a: Iron Treads|40/100|[from] item: Leftovers
|upkeep
|
|t:|1781096074
|switch|p1a: Ceruledge|Ceruledge, M|100/100
|turn|12
|
|t:|1781096089
|-terastallize|p1a: Ceruledge|Fairy
|move|p2a: Iron Treads|Knock Off|p1a: Ceruledge
|-resisted|p1a: Ceruledge
|-damage|p1a: Ceruledge|86/100
|-ability|p1a: Ceruledge|Weak Armor|boost
|-unboost|p1a: Ceruledge|def|1
|-boost|p1a: Ceruledge|spe|2
|-enditem|p1a: Ceruledge|Heavy-Duty Boots|[from] move: Knock Off|[of] p2a: Iron Treads
|move|p1a: Ceruledge|Swords Dance|p1a: Ceruledge
|-boost|p1a: Ceruledge|atk|2
|
|-heal|p2a: Iron Treads|47/100|[from] item: Leftovers
|upkeep
|turn|13
|
|t:|1781096095
|move|p1a: Ceruledge|Bitter Blade|p2a: Iron Treads
|-supereffective|p2a: Iron Treads
|-damage|p2a: Iron Treads|0 fnt
|-heal|p1a: Ceruledge|100/100|[from] drain|[of] p2a: Iron Treads
|faint|p2a: Iron Treads
|-end|p2a: Iron Treads|Quark Drive|[silent]
|
|upkeep
|
|t:|1781096097
|switch|p2a: Moltres|Moltres|100/100
|turn|14
|
|t:|1781096101
|move|p1a: Ceruledge|Poltergeist|p2a: Moltres
|-activate|p2a: Moltres|move: Poltergeist|Heavy-Duty Boots
|-damage|p2a: Moltres|14/100
|move|p2a: Moltres|Roar|p1a: Ceruledge
|drag|p1a: Kingambit|Kingambit, M|100/100
|-damage|p1a: Kingambit|84/100|[from] Spikes
|-damage|p1a: Kingambit|78/100|[from] Stealth Rock
|-activate|p1a: Kingambit|ability: Supreme Overlord
|-start|p1a: Kingambit|fallen2|[silent]
|
|-heal|p1a: Kingambit|84/100|[from] item: Leftovers
|upkeep
|turn|15
|
|t:|1781096108
|move|p2a: Moltres|Roost|p2a: Moltres
|-heal|p2a: Moltres|64/100
|-singleturn|p2a: Moltres|move: Roost
|move|p1a: Kingambit|Swords Dance|p1a: Kingambit
|-boost|p1a: Kingambit|atk|2
|
|-heal|p1a: Kingambit|90/100|[from] item: Leftovers
|upkeep
|turn|16
|
|t:|1781096114
|move|p2a: Moltres|Will-O-Wisp|p1a: Kingambit|[miss]
|-miss|p2a: Moltres|p1a: Kingambit
|move|p1a: Kingambit|Low Kick|p2a: Moltres
|-resisted|p2a: Moltres
|-damage|p2a: Moltres|42/100
|
|-heal|p1a: Kingambit|96/100|[from] item: Leftovers
|upkeep
|turn|17
|
|t:|1781096118
|-end|p1a: Kingambit|fallen2|[silent]
|switch|p1a: Zapdos|Zapdos|84/100
|-damage|p1a: Zapdos|60/100|[from] Stealth Rock
|move|p2a: Moltres|Flamethrower|p1a: Zapdos
|-damage|p1a: Zapdos|26/100
|
|upkeep
|turn|18
|
|t:|1781096122
|switch|p2a: Slowking|Slowking-Galar, F|100/100
|move|p1a: Zapdos|Thunder Wave|p2a: Slowking
|-status|p2a: Slowking|par
|
|upkeep
|turn|19
|
|t:|1781096127
|move|p1a: Zapdos|Roost|p1a: Zapdos
|-heal|p1a: Zapdos|76/100
|-singleturn|p1a: Zapdos|move: Roost
|-prepare|p2a: Slowking|Chilly Reception|[premajor]
|move|p2a: Slowking|Chilly Reception|p2a: Slowking
|-weather|Snowscape
|
|t:|1781096130
|switch|p2a: Zamazenta|Zamazenta|84/100|[from] Chilly Reception
|-damage|p2a: Zamazenta|67/100|[from] Spikes
|
|-weather|Snowscape|[upkeep]
|upkeep
|turn|20
|
|t:|1781096133
|move|p2a: Zamazenta|Stone Edge|p1a: Zapdos
|-supereffective|p1a: Zapdos
|-damage|p1a: Zapdos|4/100
|move|p1a: Zapdos|Thunder Wave|p2a: Zamazenta
|-status|p2a: Zamazenta|par
|
|-weather|Snowscape|[upkeep]
|upkeep
|turn|21
|
|t:|1781096139
|switch|p2a: Slowking|Slowking-Galar, F|100/100 par
|move|p1a: Zapdos|Roost|p1a: Zapdos
|-heal|p1a: Zapdos|54/100
|-singleturn|p1a: Zapdos|move: Roost
|
|-weather|Snowscape|[upkeep]
|upkeep
|turn|22
|
|t:|1781096142
|move|p1a: Zapdos|Roost|p1a: Zapdos
|-heal|p1a: Zapdos|100/100
|-singleturn|p1a: Zapdos|move: Roost
|cant|p2a: Slowking|par
|
|-weather|Snowscape|[upkeep]
|upkeep
|turn|23
|
|t:|1781096146
|move|p1a: Zapdos|Volt Switch|p2a: Slowking
|-damage|p2a: Slowking|82/100 par
|
|t:|1781096150
|switch|p1a: Iron Treads|Iron Treads|100/100|[from] Volt Switch
|-damage|p1a: Iron Treads|84/100|[from] Spikes
|-damage|p1a: Iron Treads|81/100|[from] Stealth Rock
|-prepare|p2a: Slowking|Chilly Reception|[premajor]
|move|p2a: Slowking|Chilly Reception|p2a: Slowking
|
|t:|1781096161
|switch|p2a: Moltres|Moltres|100/100|[from] Chilly Reception
|-damage|p2a: Moltres|84/100|[from] Spikes
|
|-weather|none
|-heal|p1a: Iron Treads|87/100|[from] item: Leftovers
|upkeep
|turn|24
|
|t:|1781096164
|move|p2a: Moltres|Focus Blast|p1a: Iron Treads|[miss]
|-miss|p2a: Moltres|p1a: Iron Treads
|move|p1a: Iron Treads|Knock Off|p2a: Moltres
|-supereffective|p2a: Moltres
|-damage|p2a: Moltres|0 fnt
|replace|p2a: Zoroark|Zoroark-Hisui, F, shiny
|-end|p2a: Zoroark|Illusion
|-enditem|p2a: Zoroark|Choice Scarf|[from] move: Knock Off|[of] p1a: Iron Treads
|faint|p2a: Zoroark
|
|-heal|p1a: Iron Treads|93/100|[from] item: Leftovers
|upkeep
|-message|misplayin forfeited.
|
|win|mastersannin
|raw|mastersannin's rating: 1559 &rarr; <strong>1578</strong><br />(+19 for winning)
|raw|misplayin's rating: 1550 &rarr; <strong>1531</strong><br />(-19 for losing)
|l|☆misplayin
|player|p2|
|l|☆mastersannin
|player|p1|
