|badge|p2|bronze|gen9ubers|100-9
|uhtml|medal-msg|<div class="broadcast-blue">Curious what those medals under the avatar are? PS now has Ladder Seasons! For more information, check out the <a href="https://www.smogon.com/forums/threads/3740067/">thread on Smogon.</a></div>
|j|☆Slim Summers
|j|☆alexander90281
|t:|1781208120
|gametype|singles
|player|p1|Slim Summers|blue|1519
|player|p2|alexander90281|tateandliza-gen3|1569
|gen|9
|tier|[Gen 9] OU
|rated|
|rule|HP Percentage Mod: HP is shown in percentages
|rule|Endless Battle Clause: Forcing endless battles is banned
|rule|Species Clause: Limit one of each Pokémon
|rule|OHKO Clause: OHKO moves are banned
|rule|Evasion Items Clause: Evasion items are banned
|rule|Evasion Moves Clause: Evasion moves are banned
|rule|Evasion Abilities Clause: Evasion abilities are banned
|rule|Sleep Moves Clause: Sleep-inducing moves are banned
|clearpoke
|poke|p1|Arcanine-Hisui, M|
|poke|p1|Slowking-Galar, M|
|poke|p1|Great Tusk|
|poke|p1|Corviknight, M|
|poke|p1|Ogerpon-Wellspring, F|
|poke|p1|Darkrai|
|poke|p2|Mimikyu, M|
|poke|p2|Hatterene, F|
|poke|p2|Ursaluna, M|
|poke|p2|Kyurem|
|poke|p2|Kingambit, M|
|poke|p2|Raging Bolt|
|teampreview
|inactive|Battle timer is ON: inactive players will automatically lose when time's up. (requested by Slim Summers)
|
|t:|1781208150
|teamsize|p1|6
|teamsize|p2|6
|start
|switch|p1a: Arcanine|Arcanine-Hisui, M|100/100
|switch|p2a: Hatterene|Hatterene, F|100/100
|turn|1
|
|t:|1781208162
|move|p1a: Arcanine|Flare Blitz|p2a: Hatterene
|-damage|p2a: Hatterene|12/100
|move|p2a: Hatterene|Trick Room|p2a: Hatterene
|-fieldstart|move: Trick Room|[of] p2a: Hatterene
|
|upkeep
|turn|2
|
|t:|1781208167
|move|p2a: Hatterene|Psychic Noise|p1a: Arcanine
|-damage|p1a: Arcanine|48/100
|-start|p1a: Arcanine|move: Heal Block
|move|p1a: Arcanine|Flare Blitz|p2a: Hatterene
|-damage|p2a: Hatterene|0 fnt
|faint|p2a: Hatterene
|
|upkeep
|
|t:|1781208174
|switch|p2a: Ursaluna|Ursaluna, M|100/100
|turn|3
|
|t:|1781208185
|switch|p1a: Corviknight|Corviknight, M|100/100
|-ability|p1a: Corviknight|Pressure
|move|p2a: Ursaluna|Swords Dance|p2a: Ursaluna
|-boost|p2a: Ursaluna|atk|2
|
|-status|p2a: Ursaluna|brn|[from] item: Flame Orb
|upkeep
|turn|4
|
|t:|1781208209
|-terastallize|p1a: Corviknight|Dragon
|move|p2a: Ursaluna|Fire Punch|p1a: Corviknight
|-resisted|p1a: Corviknight
|-damage|p1a: Corviknight|72/100
|-damage|p2a: Ursaluna|84/100 brn|[from] item: Rocky Helmet|[of] p1a: Corviknight
|move|p1a: Corviknight|Body Press|p2a: Ursaluna
|-supereffective|p2a: Ursaluna
|-damage|p2a: Ursaluna|44/100 brn
|
|-damage|p2a: Ursaluna|37/100 brn|[from] brn
|upkeep
|turn|5
|inactive|Slim Summers has 120 seconds left.
|
|t:|1781208245
|move|p2a: Ursaluna|Facade|p1a: Corviknight
|-damage|p1a: Corviknight|0 fnt
|-damage|p2a: Ursaluna|21/100 brn|[from] item: Rocky Helmet|[of] p1a: Corviknight
|faint|p1a: Corviknight
|
|-damage|p2a: Ursaluna|15/100 brn|[from] brn
|-fieldend|move: Trick Room
|upkeep
|inactive|Slim Summers has 90 seconds left.
|
|t:|1781208278
|switch|p1a: Ogerpon|Ogerpon-Wellspring, F|100/100
|turn|6
|
|t:|1781208283
|switch|p2a: Mimikyu|Mimikyu, M|100/100
|move|p1a: Ogerpon|Ivy Cudgel|p2a: Mimikyu|[anim] Ivy Cudgel Water
|-activate|p2a: Mimikyu|ability: Disguise
|-damage|p2a: Mimikyu|100/100
|detailschange|p2a: Mimikyu|Mimikyu-Busted, M
|-damage|p2a: Mimikyu|88/100|[from] pokemon: Mimikyu-Busted
|
|upkeep
|turn|7
|inactive|Slim Summers has 90 seconds left.
|
|t:|1781208315
|move|p1a: Ogerpon|Ivy Cudgel|p2a: Mimikyu|[anim] Ivy Cudgel Water
|-damage|p2a: Mimikyu|29/100
|move|p2a: Mimikyu|Trick Room|p2a: Mimikyu
|-fieldstart|move: Trick Room|[of] p2a: Mimikyu
|
|upkeep
|turn|8
|
|t:|1781208323
|move|p2a: Mimikyu|Curse|p1a: Ogerpon
|-start|p1a: Ogerpon|Curse|[of] p2a: Mimikyu
|-damage|p2a: Mimikyu|0 fnt
|faint|p2a: Mimikyu
|move|p1a: Ogerpon|Encore|p2: Mimikyu|[notarget]
|-fail|p1a: Ogerpon
|
|-damage|p1a: Ogerpon|76/100|[from] Curse
|upkeep
|
|t:|1781208325
|switch|p2a: Ursaluna|Ursaluna, M|15/100 brn
|turn|9
|
|t:|1781208343
|move|p2a: Ursaluna|Facade|p1a: Ogerpon
|-damage|p1a: Ogerpon|0 fnt
|faint|p1a: Ogerpon
|
|-damage|p2a: Ursaluna|8/100 brn|[from] brn
|upkeep
|inactive|Slim Summers has 60 seconds left.
|
|t:|1781208383
|switch|p1a: Slowking|Slowking-Galar, M|100/100
|turn|10
|
|t:|1781208388
|move|p1a: Slowking|Sludge Bomb|p2a: Ursaluna
|-resisted|p2a: Ursaluna
|-damage|p2a: Ursaluna|0 fnt
|faint|p2a: Ursaluna
|
|upkeep
|
|t:|1781208397
|switch|p2a: Kyurem|Kyurem|100/100
|-ability|p2a: Kyurem|Pressure
|turn|11
|inactive|Slim Summers has 60 seconds left.
|
|t:|1781208403
|move|p1a: Slowking|Toxic|p2a: Kyurem
|-status|p2a: Kyurem|tox
|move|p2a: Kyurem|Dragon Dance|p2a: Kyurem
|-boost|p2a: Kyurem|atk|1
|-boost|p2a: Kyurem|spe|1
|
|-damage|p2a: Kyurem|94/100 tox|[from] psn
|-fieldend|move: Trick Room
|upkeep
|turn|12
|inactive|Slim Summers has 60 seconds left.
|
|t:|1781208417
|move|p2a: Kyurem|Icicle Spear|p1a: Slowking
|-damage|p1a: Slowking|84/100
|-damage|p1a: Slowking|66/100
|-damage|p1a: Slowking|49/100
|-damage|p1a: Slowking|32/100
|-hitcount|p1a: Slowking|4
|move|p1a: Slowking|Sludge Bomb|p2a: Kyurem
|-damage|p2a: Kyurem|61/100 tox
|
|-damage|p2a: Kyurem|48/100 tox|[from] psn
|upkeep
|turn|13
|inactive|Slim Summers has 60 seconds left.
|
|t:|1781208428
|move|p2a: Kyurem|Icicle Spear|p1a: Slowking
|-crit|p1a: Slowking
|-damage|p1a: Slowking|5/100
|-damage|p1a: Slowking|0 fnt
|faint|p1a: Slowking
|-hitcount|p1: Slowking|2
|
|-damage|p2a: Kyurem|30/100 tox|[from] psn
|upkeep
|inactive|Slim Summers has 60 seconds left.
|
|t:|1781208447
|switch|p1a: Darkrai|Darkrai|100/100
|turn|14
|
|t:|1781208460
|move|p1a: Darkrai|Dark Pulse|p2a: Kyurem
|-damage|p2a: Kyurem|0 fnt
|faint|p2a: Kyurem
|
|upkeep
|
|t:|1781208469
|switch|p2a: Kingambit|Kingambit, M|100/100
|-activate|p2a: Kingambit|ability: Supreme Overlord
|-start|p2a: Kingambit|fallen4|[silent]
|turn|15
|inactive|Slim Summers has 60 seconds left.
|
|t:|1781208483
|switch|p1a: Great Tusk|Great Tusk|100/100
|move|p2a: Kingambit|Low Kick|p1a: Great Tusk
|-damage|p1a: Great Tusk|50/100
|
|upkeep
|turn|16
|inactive|Slim Summers has 60 seconds left.
|
|t:|1781208500
|-terastallize|p2a: Kingambit|Fairy
|move|p1a: Great Tusk|Headlong Rush|p2a: Kingambit
|-crit|p2a: Kingambit
|-damage|p2a: Kingambit|31/100
|-unboost|p1a: Great Tusk|def|1
|-unboost|p1a: Great Tusk|spd|1
|move|p2a: Kingambit|Low Kick|p1a: Great Tusk
|-damage|p1a: Great Tusk|0 fnt
|faint|p1a: Great Tusk
|-end|p1a: Great Tusk|Protosynthesis|[silent]
|
|upkeep
|inactive|Slim Summers has 30 seconds left.
|inactive|Slim Summers has 20 seconds left.
|
|t:|1781208540
|switch|p1a: Darkrai|Darkrai|100/100
|turn|17
|inactive|Slim Summers has 30 seconds left this turn.
|
|t:|1781208553
|move|p2a: Kingambit|Sucker Punch|p1a: Darkrai
|-resisted|p1a: Darkrai
|-damage|p1a: Darkrai|55/100
|move|p1a: Darkrai|Sludge Bomb|p2a: Kingambit
|-supereffective|p2a: Kingambit
|-damage|p2a: Kingambit|0 fnt
|faint|p2a: Kingambit
|-end|p2a: Kingambit|fallen4|[silent]
|
|upkeep
|
|t:|1781208556
|switch|p2a: Raging Bolt|Raging Bolt|100/100
|-enditem|p2a: Raging Bolt|Booster Energy
|-activate|p2a: Raging Bolt|ability: Protosynthesis|[fromitem]
|-start|p2a: Raging Bolt|protosynthesisspa
|turn|18
|
|t:|1781208565
|switch|p1a: Arcanine|Arcanine-Hisui, M|48/100
|move|p2a: Raging Bolt|Thunderclap||[still]
|-fail|p2a: Raging Bolt
|
|upkeep
|turn|19
|
|t:|1781208575
|move|p1a: Arcanine|Extreme Speed|p2a: Raging Bolt
|-damage|p2a: Raging Bolt|71/100
|move|p2a: Raging Bolt|Thunderbolt|p1a: Arcanine
|-damage|p1a: Arcanine|0 fnt
|faint|p1a: Arcanine
|
|upkeep
|
|t:|1781208582
|switch|p1a: Darkrai|Darkrai|55/100
|turn|20
|
|t:|1781208595
|move|p2a: Raging Bolt|Thunderclap|p1a: Darkrai
|-damage|p1a: Darkrai|0 fnt
|faint|p1a: Darkrai
|
|win|alexander90281
|raw|Slim Summers's rating: 1519 &rarr; <strong>1502</strong><br />(-17 for losing)
|raw|alexander90281's rating: 1569 &rarr; <strong>1586</strong><br />(+17 for winning)
|l|☆alexander90281
|player|p2|
|l|☆Slim Summers
|player|p1|
