|j|‽lt_alt1
|j|☆Kloakri
|t:|1780999275
|gametype|singles
|player|p1|lt_alt1|170|1676
|player|p2|Kloakri|az|1650
|gen|9
|tier|[Gen 9] OU
|rated|
|rule|HP Percentage Mod: HP is shown in percentages
|rule|Endless Battle Clause: Forcing endless battles is banned
|rule|Species Clause: Limit one of each Pokémon
|rule|OHKO Clause: OHKO moves are banned
|rule|Evasion Items Clause: Evasion items are banned
|rule|Evasion Moves Clause: Evasion moves are banned
|rule|Evasion Abilities Clause: Evasion abilities are banned
|rule|Sleep Moves Clause: Sleep-inducing moves are banned
|clearpoke
|poke|p1|Garganacl, F|
|poke|p1|Slowking-Galar, F|
|poke|p1|Kyurem|
|poke|p1|Weezing-Galar, F|
|poke|p1|Moltres|
|poke|p1|Iron Treads|
|poke|p2|Ribombee, F|
|poke|p2|Gholdengo|
|poke|p2|Great Tusk|
|poke|p2|Raging Bolt|
|poke|p2|Ogerpon-Cornerstone, F|
|poke|p2|Ceruledge, F|
|teampreview
|inactive|Battle timer is ON: inactive players will automatically lose when time's up. (requested by Kloakri)
|
|t:|1780999294
|teamsize|p1|6
|teamsize|p2|6
|start
|switch|p1a: Slowking|Slowking-Galar, F|100/100
|switch|p2a: TORE UP|Ceruledge, F, shiny|100/100
|turn|1
|
|t:|1780999314
|switch|p1a: Garganacl|Garganacl, F|100/100
|move|p2a: TORE UP|Swords Dance|p2a: TORE UP
|-boost|p2a: TORE UP|atk|2
|
|upkeep
|turn|2
|
|t:|1780999318
|move|p2a: TORE UP|Close Combat|p1a: Garganacl
|-supereffective|p1a: Garganacl
|-damage|p1a: Garganacl|0 fnt
|-unboost|p2a: TORE UP|def|1
|-unboost|p2a: TORE UP|spd|1
|faint|p1a: Garganacl
|
|upkeep
|
|t:|1780999323
|switch|p1a: Kyurem|Kyurem|100/100
|-ability|p1a: Kyurem|Pressure
|turn|3
|
|t:|1780999329
|move|p2a: TORE UP|Shadow Sneak|p1a: Kyurem
|-damage|p1a: Kyurem|58/100
|move|p1a: Kyurem|Scale Shot|p2a: TORE UP
|-damage|p2a: TORE UP|81/100
|-ability|p2a: TORE UP|Weak Armor|boost
|-unboost|p2a: TORE UP|def|1
|-boost|p2a: TORE UP|spe|2
|-damage|p2a: TORE UP|55/100
|-ability|p2a: TORE UP|Weak Armor|boost
|-unboost|p2a: TORE UP|def|1
|-boost|p2a: TORE UP|spe|2
|-damage|p2a: TORE UP|20/100
|-ability|p2a: TORE UP|Weak Armor|boost
|-unboost|p2a: TORE UP|def|1
|-boost|p2a: TORE UP|spe|2
|-damage|p2a: TORE UP|0 fnt
|faint|p2a: TORE UP
|-hitcount|p2: TORE UP|4
|-unboost|p1a: Kyurem|def|1
|-boost|p1a: Kyurem|spe|1
|
|upkeep
|
|t:|1780999340
|switch|p2a: BROTHER STONE|Ogerpon-Cornerstone, F|100/100
|turn|4
|
|t:|1780999365
|-terastallize|p2a: BROTHER STONE|Rock
|detailschange|p2a: BROTHER STONE|Ogerpon-Cornerstone-Tera, F, tera:Rock
|-ability|p2a: BROTHER STONE|Embody Aspect (Cornerstone)|boost
|-boost|p2a: BROTHER STONE|def|1
|move|p1a: Kyurem|Ice Beam|p2a: BROTHER STONE
|-damage|p2a: BROTHER STONE|44/100
|move|p2a: BROTHER STONE|Ivy Cudgel|p1a: Kyurem|[anim] Ivy Cudgel Rock
|-supereffective|p1a: Kyurem
|-damage|p1a: Kyurem|0 fnt
|faint|p1a: Kyurem
|
|upkeep
|
|t:|1780999374
|switch|p1a: Iron Treads|Iron Treads|100/100
|turn|5
|inactive|lt_alt1 has 120 seconds left.
|inactive|Kloakri has 120 seconds left.
|
|t:|1780999415
|move|p1a: Iron Treads|Stealth Rock|p2a: BROTHER STONE
|-sidestart|p2: Kloakri|move: Stealth Rock
|move|p2a: BROTHER STONE|Low Kick|p1a: Iron Treads
|-supereffective|p1a: Iron Treads
|-damage|p1a: Iron Treads|18/100
|
|-heal|p1a: Iron Treads|24/100|[from] item: Leftovers
|upkeep
|turn|6
|inactive|lt_alt1 has 120 seconds left.
|
|t:|1780999427
|move|p1a: Iron Treads|Earthquake|p2a: BROTHER STONE
|-supereffective|p2a: BROTHER STONE
|-damage|p2a: BROTHER STONE|0 fnt
|faint|p2a: BROTHER STONE
|detailschange|p2: BROTHER STONE|Ogerpon-Cornerstone, F|[silent]
|
|-heal|p1a: Iron Treads|30/100|[from] item: Leftovers
|upkeep
|inactive|Kloakri has 90 seconds left.
|
|t:|1780999466
|switch|p2a: BANDIT|Great Tusk, shiny|100/100
|-damage|p2a: BANDIT|98/100|[from] Stealth Rock
|-enditem|p2a: BANDIT|Booster Energy
|-activate|p2a: BANDIT|ability: Protosynthesis|[fromitem]
|-start|p2a: BANDIT|protosynthesisatk
|turn|7
|
|t:|1780999476
|-end|p1a: Iron Treads|Quark Drive|[silent]
|switch|p1a: Weezing|Weezing-Galar, F|100/100
|-ability|p1a: Weezing|Neutralizing Gas
|move|p2a: BANDIT|Rapid Spin|p1a: Weezing
|-damage|p1a: Weezing|88/100
|-boost|p2a: BANDIT|spe|1
|-sideend|p2: Kloakri|Stealth Rock|[from] move: Rapid Spin|[of] p2a: BANDIT
|
|-heal|p1a: Weezing|94/100|[from] item: Leftovers
|upkeep
|turn|8
|inactive|Kloakri has 90 seconds left.
|
|t:|1780999513
|-terastallize|p1a: Weezing|Grass
|move|p2a: BANDIT|Headlong Rush|p1a: Weezing
|-resisted|p1a: Weezing
|-crit|p1a: Weezing
|-damage|p1a: Weezing|61/100
|-unboost|p2a: BANDIT|def|1
|-unboost|p2a: BANDIT|spd|1
|move|p1a: Weezing|Strange Steam|p2a: BANDIT
|-supereffective|p2a: BANDIT
|-damage|p2a: BANDIT|0 fnt
|faint|p2a: BANDIT
|-end|p2a: BANDIT|Protosynthesis|[silent]
|
|-heal|p1a: Weezing|68/100|[from] item: Leftovers
|upkeep
|inactive|Kloakri has 60 seconds left.
|
|t:|1780999549
|switch|p2a: KRYPTONITE|Gholdengo, shiny|100/100
|-item|p2a: KRYPTONITE|Air Balloon
|turn|9
|inactive|Kloakri has 30 seconds left.
|
|t:|1780999573
|move|p2a: KRYPTONITE|Shadow Ball|p1a: Weezing
|-damage|p1a: Weezing|0 fnt
|faint|p1a: Weezing
|-end|p1a: Weezing|ability: Neutralizing Gas
|
|upkeep
|
|t:|1780999577
|switch|p1a: Moltres|Moltres|100/100
|turn|10
|
|t:|1780999584
|switch|p2a: GREAT NECK|Raging Bolt|100/100
|-enditem|p2a: GREAT NECK|Booster Energy
|-activate|p2a: GREAT NECK|ability: Protosynthesis|[fromitem]
|-start|p2a: GREAT NECK|protosynthesisspa
|move|p1a: Moltres|U-turn|p2a: GREAT NECK
|-damage|p2a: GREAT NECK|87/100
|
|t:|1780999592
|switch|p1a: Slowking|Slowking-Galar, F|100/100|[from] U-turn
|
|upkeep
|turn|11
|
|t:|1780999596
|move|p2a: GREAT NECK|Thunderbolt|p1a: Slowking
|-damage|p1a: Slowking|58/100
|move|p1a: Slowking|Sludge Bomb|p2a: GREAT NECK
|-damage|p2a: GREAT NECK|53/100
|
|upkeep
|turn|12
|
|t:|1780999609
|move|p2a: GREAT NECK|Dragon Pulse|p1a: Slowking
|-damage|p1a: Slowking|20/100
|move|p1a: Slowking|Sludge Bomb|p2a: GREAT NECK
|-damage|p2a: GREAT NECK|19/100
|-status|p2a: GREAT NECK|psn
|
|-damage|p2a: GREAT NECK|6/100 psn|[from] psn
|upkeep
|turn|13
|
|t:|1780999620
|move|p2a: GREAT NECK|Dragon Pulse|p1a: Slowking
|-damage|p1a: Slowking|0 fnt
|faint|p1a: Slowking
|
|-damage|p2a: GREAT NECK|0 fnt|[from] psn
|faint|p2a: GREAT NECK
|-end|p2a: GREAT NECK|Protosynthesis|[silent]
|upkeep
|
|t:|1780999625
|switch|p2a: NEW DROP|Ribombee, F, shiny|100/100
|switch|p1a: Moltres|Moltres|100/100
|turn|14
|
|t:|1780999632
|move|p2a: NEW DROP|Sticky Web|p1a: Moltres
|-sidestart|p1: lt_alt1|move: Sticky Web
|move|p1a: Moltres|Flamethrower|p2a: NEW DROP
|-supereffective|p2a: NEW DROP
|-enditem|p2a: NEW DROP|Focus Sash
|-damage|p2a: NEW DROP|1/100
|
|upkeep
|turn|15
|inactive|Kloakri has 90 seconds left.
|
|t:|1780999643
|switch|p1a: Iron Treads|Iron Treads|30/100
|-activate|p1a: Iron Treads|move: Sticky Web
|-unboost|p1a: Iron Treads|spe|1
|move|p2a: NEW DROP|Psychic Noise|p1a: Iron Treads
|-resisted|p1a: Iron Treads
|-damage|p1a: Iron Treads|17/100
|-start|p1a: Iron Treads|move: Heal Block
|
|upkeep
|turn|16
|
|t:|1780999649
|move|p2a: NEW DROP|Moonblast|p1a: Iron Treads
|-resisted|p1a: Iron Treads
|-damage|p1a: Iron Treads|0 fnt
|faint|p1a: Iron Treads
|-end|p1a: Iron Treads|Quark Drive|[silent]
|
|upkeep
|j| mawaruru
|
|t:|1780999657
|switch|p1a: Moltres|Moltres|100/100
|turn|17
|inactive|lt_alt1 has 120 seconds left.
|l| mawaruru
|
|t:|1780999691
|move|p2a: NEW DROP|Psychic Noise|p1a: Moltres
|-damage|p1a: Moltres|81/100
|-start|p1a: Moltres|move: Heal Block
|move|p1a: Moltres|Flamethrower|p2a: NEW DROP
|-supereffective|p2a: NEW DROP
|-crit|p2a: NEW DROP
|-damage|p2a: NEW DROP|0 fnt
|faint|p2a: NEW DROP
|
|upkeep
|
|t:|1780999697
|switch|p2a: KRYPTONITE|Gholdengo, shiny|100/100
|-item|p2a: KRYPTONITE|Air Balloon
|turn|18
|
|t:|1780999700
|move|p2a: KRYPTONITE|Shadow Ball|p1a: Moltres
|-damage|p1a: Moltres|36/100
|move|p1a: Moltres|Flamethrower|p2a: KRYPTONITE
|-supereffective|p2a: KRYPTONITE
|-damage|p2a: KRYPTONITE|13/100
|-enditem|p2a: KRYPTONITE|Air Balloon
|
|-end|p1a: Moltres|move: Heal Block
|upkeep
|turn|19
|
|t:|1780999704
|move|p2a: KRYPTONITE|Shadow Ball|p1a: Moltres
|-damage|p1a: Moltres|0 fnt
|faint|p1a: Moltres
|
|win|Kloakri
|raw|lt_alt1's rating: 1676 &rarr; <strong>1655</strong><br />(-21 for losing)
|raw|Kloakri's rating: 1650 &rarr; <strong>1671</strong><br />(+21 for winning)
|c|☆Kloakri|gg
|l|‽lt_alt1
|player|p1|
|l|☆Kloakri
|player|p2|
