|j|☆cachowcapow
|j|☆Davy12345
|t:|1780929549
|gametype|singles
|player|p1|cachowcapow|102|1667
|player|p2|Davy12345|drayden|1647
|gen|9
|tier|[Gen 9] OU
|rated|
|rule|HP Percentage Mod: HP is shown in percentages
|rule|Endless Battle Clause: Forcing endless battles is banned
|rule|Species Clause: Limit one of each Pokémon
|rule|OHKO Clause: OHKO moves are banned
|rule|Evasion Items Clause: Evasion items are banned
|rule|Evasion Moves Clause: Evasion moves are banned
|rule|Evasion Abilities Clause: Evasion abilities are banned
|rule|Sleep Moves Clause: Sleep-inducing moves are banned
|clearpoke
|poke|p1|Primarina, M|
|poke|p1|Slither Wing|
|poke|p1|Slowking-Galar, F|
|poke|p1|Great Tusk|
|poke|p1|Meowscarada, M|
|poke|p1|Gardevoir, F|
|poke|p2|Ogerpon-Wellspring, F|
|poke|p2|Gholdengo|
|poke|p2|Raging Bolt|
|poke|p2|Kingambit, F|
|poke|p2|Zamazenta-*|
|poke|p2|Deoxys-Speed|
|teampreview
|l|☆Davy12345
|player|p2|
|j| michealjackkson
|j|☆Davy12345
|player|p2|Davy12345|drayden|
|inactive|Battle timer is ON: inactive players will automatically lose when time's up. (requested by Davy12345)
|
|t:|1780929579
|teamsize|p1|6
|teamsize|p2|6
|start
|switch|p1a: Meowscarada|Meowscarada, M|100/100
|switch|p2a: Deoxys|Deoxys-Speed|100/100
|-ability|p2a: Deoxys|Pressure
|turn|1
|
|t:|1780929583
|move|p1a: Meowscarada|U-turn|p2a: Deoxys
|-start|p1a: Meowscarada|typechange|Bug|[from] ability: Protean
|-supereffective|p2a: Deoxys
|-damage|p2a: Deoxys|23/100
|
|t:|1780929585
|switch|p1a: Slither Wing|Slither Wing|100/100|[from] U-turn
|move|p2a: Deoxys|Stealth Rock|p1a: Slither Wing
|-sidestart|p1: cachowcapow|move: Stealth Rock
|
|upkeep
|turn|2
|
|t:|1780929588
|move|p1a: Slither Wing|First Impression|p2a: Deoxys
|-supereffective|p2a: Deoxys
|-damage|p2a: Deoxys|0 fnt
|faint|p2a: Deoxys
|
|upkeep
|
|t:|1780929598
|switch|p2a: Raging Bolt|Raging Bolt|100/100
|-enditem|p2a: Raging Bolt|Booster Energy
|-activate|p2a: Raging Bolt|ability: Protosynthesis|[fromitem]
|-start|p2a: Raging Bolt|protosynthesisspa
|turn|3
|
|t:|1780929613
|move|p2a: Raging Bolt|Calm Mind|p2a: Raging Bolt
|-boost|p2a: Raging Bolt|spa|1
|-boost|p2a: Raging Bolt|spd|1
|move|p1a: Slither Wing|U-turn|p2a: Raging Bolt
|-damage|p2a: Raging Bolt|72/100
|
|t:|1780929622
|-end|p1a: Slither Wing|Protosynthesis|[silent]
|switch|p1a: Meowscarada|Meowscarada, M|100/100|[from] U-turn
|-damage|p1a: Meowscarada|88/100|[from] Stealth Rock
|
|upkeep
|turn|4
|
|t:|1780929629
|-terastallize|p2a: Raging Bolt|Fairy
|move|p2a: Raging Bolt|Thunderclap|p1a: Meowscarada
|-resisted|p1a: Meowscarada
|-damage|p1a: Meowscarada|23/100
|move|p1a: Meowscarada|Triple Axel|p2a: Raging Bolt
|-start|p1a: Meowscarada|typechange|Ice|[from] ability: Protean
|-damage|p2a: Raging Bolt|62/100
|-damage|p2a: Raging Bolt|44/100
|-damage|p2a: Raging Bolt|17/100
|-hitcount|p2a: Raging Bolt|3
|
|upkeep
|turn|5
|j| Phalanxia511
|
|t:|1780929638
|move|p1a: Meowscarada|Triple Axel|p2a: Raging Bolt
|-damage|p2a: Raging Bolt|9/100
|-damage|p2a: Raging Bolt|0 fnt
|faint|p2a: Raging Bolt
|-end|p2a: Raging Bolt|Protosynthesis|[silent]
|-hitcount|p2: Raging Bolt|2
|
|upkeep
|
|t:|1780929644
|switch|p2a: Zamazenta|Zamazenta|100/100
|-ability|p2a: Zamazenta|Dauntless Shield|boost
|-boost|p2a: Zamazenta|def|1
|turn|6
|
|t:|1780929649
|switch|p1a: Slither Wing|Slither Wing|100/100
|-damage|p1a: Slither Wing|88/100|[from] Stealth Rock
|move|p2a: Zamazenta|Close Combat|p1a: Slither Wing
|-resisted|p1a: Slither Wing
|-damage|p1a: Slither Wing|53/100
|-unboost|p2a: Zamazenta|def|1
|-unboost|p2a: Zamazenta|spd|1
|-damage|p2a: Zamazenta|84/100|[from] item: Rocky Helmet|[of] p1a: Slither Wing
|
|upkeep
|turn|7
|l| Phalanxia511
|
|t:|1780929653
|move|p2a: Zamazenta|Close Combat|p1a: Slither Wing
|-resisted|p1a: Slither Wing
|-damage|p1a: Slither Wing|19/100
|-unboost|p2a: Zamazenta|def|1
|-unboost|p2a: Zamazenta|spd|1
|-damage|p2a: Zamazenta|67/100|[from] item: Rocky Helmet|[of] p1a: Slither Wing
|move|p1a: Slither Wing|U-turn|p2a: Zamazenta
|-resisted|p2a: Zamazenta
|-damage|p2a: Zamazenta|44/100
|
|t:|1780929660
|-end|p1a: Slither Wing|Protosynthesis|[silent]
|switch|p1a: Slowking|Slowking-Galar, F|100/100|[from] U-turn
|
|upkeep
|turn|8
|
|t:|1780929664
|switch|p2a: Gholdengo|Gholdengo|100/100
|-item|p2a: Gholdengo|Air Balloon
|-prepare|p1a: Slowking|Chilly Reception|[premajor]
|move|p1a: Slowking|Chilly Reception|p1a: Slowking
|-weather|Snowscape
|
|t:|1780929670
|switch|p1a: Meowscarada|Meowscarada, M|23/100|[from] Chilly Reception
|-damage|p1a: Meowscarada|10/100|[from] Stealth Rock
|
|-weather|Snowscape|[upkeep]
|upkeep
|turn|9
|
|t:|1780929673
|switch|p2a: Kingambit|Kingambit, F|100/100
|-activate|p2a: Kingambit|ability: Supreme Overlord
|-start|p2a: Kingambit|fallen2|[silent]
|move|p1a: Meowscarada|Knock Off|p2a: Kingambit
|-start|p1a: Meowscarada|typechange|Dark|[from] ability: Protean
|-resisted|p2a: Kingambit
|-damage|p2a: Kingambit|83/100
|-enditem|p2a: Kingambit|Black Glasses|[from] move: Knock Off|[of] p1a: Meowscarada
|
|-weather|Snowscape|[upkeep]
|upkeep
|turn|10
|
|t:|1780929682
|switch|p1a: Great Tusk|Great Tusk|100/100
|-end|p2a: Kingambit|fallen2|[silent]
|switch|p2a: Ogerpon|Ogerpon-Wellspring, F|100/100
|
|-weather|Snowscape|[upkeep]
|upkeep
|turn|11
|
|t:|1780929687
|-end|p1a: Great Tusk|Protosynthesis|[silent]
|switch|p1a: Slither Wing|Slither Wing|19/100
|-damage|p1a: Slither Wing|7/100|[from] Stealth Rock
|move|p2a: Ogerpon|Ivy Cudgel|p1a: Slither Wing|[anim] Ivy Cudgel Water
|-crit|p1a: Slither Wing
|-damage|p1a: Slither Wing|0 fnt
|faint|p1a: Slither Wing
|-end|p1a: Slither Wing|Protosynthesis|[silent]
|
|-weather|Snowscape|[upkeep]
|upkeep
|
|t:|1780929696
|switch|p1a: Great Tusk|Great Tusk|100/100
|turn|12
|
|t:|1780929704
|-terastallize|p1a: Great Tusk|Ghost
|move|p2a: Ogerpon|Ivy Cudgel|p1a: Great Tusk|[anim] Ivy Cudgel Water
|-crit|p1a: Great Tusk
|-damage|p1a: Great Tusk|38/100
|move|p1a: Great Tusk|Rapid Spin|p2a: Ogerpon
|-damage|p2a: Ogerpon|78/100
|-boost|p1a: Great Tusk|spe|1
|-sideend|p1: cachowcapow|Stealth Rock|[from] move: Rapid Spin|[of] p1a: Great Tusk
|
|-weather|none
|upkeep
|turn|13
|
|t:|1780929711
|-end|p1a: Great Tusk|Protosynthesis|[silent]
|switch|p1a: Gardevoir|Gardevoir, F, shiny|100/100
|-ability|p1a: Gardevoir|Water Absorb|Trace|[from] ability: Trace|[of] p2a: Ogerpon
|move|p2a: Ogerpon|Trailblaze|p1a: Gardevoir
|-damage|p1a: Gardevoir|51/100
|-boost|p2a: Ogerpon|spe|1
|
|upkeep
|turn|14
|
|t:|1780929715
|move|p2a: Ogerpon|Ivy Cudgel|p1a: Gardevoir|[anim] Ivy Cudgel Water
|-heal|p1a: Gardevoir|76/100|[from] ability: Water Absorb|[of] p2a: Ogerpon
|move|p1a: Gardevoir|Moonblast|p2a: Ogerpon
|-damage|p2a: Ogerpon|0 fnt
|faint|p2a: Ogerpon
|
|upkeep
|
|t:|1780929728
|switch|p2a: Gholdengo|Gholdengo|100/100
|-item|p2a: Gholdengo|Air Balloon
|turn|15
|
|t:|1780929736
|move|p2a: Gholdengo|Shadow Ball|p1a: Gardevoir
|-supereffective|p1a: Gardevoir
|-crit|p1a: Gardevoir
|-damage|p1a: Gardevoir|0 fnt
|faint|p1a: Gardevoir
|
|upkeep
|
|t:|1780929743
|switch|p1a: Meowscarada|Meowscarada, M|10/100
|turn|16
|
|t:|1780929746
|switch|p2a: Kingambit|Kingambit, F|83/100
|-activate|p2a: Kingambit|ability: Supreme Overlord
|-start|p2a: Kingambit|fallen3|[silent]
|move|p1a: Meowscarada|U-turn|p2a: Kingambit
|-start|p1a: Meowscarada|typechange|Bug|[from] ability: Protean
|-damage|p2a: Kingambit|58/100
|
|t:|1780929750
|switch|p1a: Primarina|Primarina, M, shiny|100/100|[from] U-turn
|
|upkeep
|turn|17
|
|t:|1780929753
|move|p1a: Primarina|Calm Mind|p1a: Primarina
|-boost|p1a: Primarina|spa|1
|-boost|p1a: Primarina|spd|1
|move|p2a: Kingambit|Iron Head|p1a: Primarina
|-damage|p1a: Primarina|45/100
|
|-heal|p1a: Primarina|51/100|[from] item: Leftovers
|upkeep
|turn|18
|
|t:|1780929757
|move|p1a: Primarina|Draining Kiss|p2a: Kingambit
|-damage|p2a: Kingambit|28/100
|-heal|p1a: Primarina|76/100|[from] drain|[of] p2a: Kingambit
|move|p2a: Kingambit|Iron Head|p1a: Primarina
|-damage|p1a: Primarina|19/100
|
|-heal|p1a: Primarina|25/100|[from] item: Leftovers
|upkeep
|turn|19
|
|t:|1780929763
|move|p1a: Primarina|Calm Mind|p1a: Primarina
|-boost|p1a: Primarina|spa|1
|-boost|p1a: Primarina|spd|1
|move|p2a: Kingambit|Iron Head|p1a: Primarina
|-damage|p1a: Primarina|0 fnt
|faint|p1a: Primarina
|
|upkeep
|
|t:|1780929767
|switch|p1a: Great Tusk|Great Tusk, tera:Ghost|38/100
|turn|20
|-message|cachowcapow forfeited.
|
|win|Davy12345
|raw|cachowcapow's rating: 1667 &rarr; <strong>1646</strong><br />(-21 for losing)
|raw|Davy12345's rating: 1647 &rarr; <strong>1668</strong><br />(+21 for winning)
|l|☆cachowcapow
|player|p1|
|l|☆Davy12345
|player|p2|
|l| michealjackkson
