|j|☆BlackStar150520
|j|☆juli<33
|t:|1781285446
|gametype|singles
|player|p1|BlackStar150520|unknown|1657
|player|p2|juli<33|caitlin-masters|1736
|gen|9
|tier|[Gen 9] OU
|rated|
|rule|HP Percentage Mod: HP is shown in percentages
|rule|Endless Battle Clause: Forcing endless battles is banned
|rule|Species Clause: Limit one of each Pokémon
|rule|OHKO Clause: OHKO moves are banned
|rule|Evasion Items Clause: Evasion items are banned
|rule|Evasion Moves Clause: Evasion moves are banned
|rule|Evasion Abilities Clause: Evasion abilities are banned
|rule|Sleep Moves Clause: Sleep-inducing moves are banned
|clearpoke
|poke|p1|Raging Bolt|
|poke|p1|Kingambit, M|
|poke|p1|Iron Moth|
|poke|p1|Ogerpon-Wellspring, F|
|poke|p1|Scizor, F|
|poke|p1|Great Tusk|
|poke|p2|Slither Wing|
|poke|p2|Ninetales, F|
|poke|p2|Ceruledge, M|
|poke|p2|Great Tusk|
|poke|p2|Walking Wake|
|poke|p2|Venusaur, F|
|teampreview
|inactive|Battle timer is ON: inactive players will automatically lose when time's up. (requested by BlackStar150520)
|
|t:|1781285459
|teamsize|p1|6
|teamsize|p2|6
|start
|switch|p1a: 🎭|Ogerpon-Wellspring, F|100/100
|switch|p2a: naruto|Ninetales, F|100/100
|-weather|SunnyDay|[from] ability: Drought|[of] p2a: naruto
|turn|1
|
|t:|1781285464
|switch|p2a: Walkenheimer|Walking Wake|100/100
|-activate|p2a: Walkenheimer|ability: Protosynthesis
|-start|p2a: Walkenheimer|protosynthesisspe
|move|p1a: 🎭|Knock Off|p2a: Walkenheimer
|-damage|p2a: Walkenheimer|62/100
|-enditem|p2a: Walkenheimer|Wise Glasses|[from] move: Knock Off|[of] p1a: 🎭
|
|-weather|SunnyDay|[upkeep]
|upkeep
|turn|2
|
|t:|1781285470
|move|p2a: Walkenheimer|Draco Meteor|p1a: 🎭|[miss]
|-miss|p2a: Walkenheimer|p1a: 🎭
|move|p1a: 🎭|U-turn|p2a: Walkenheimer
|-damage|p2a: Walkenheimer|31/100
|
|t:|1781285476
|switch|p1a: ⚡️|Raging Bolt|100/100|[from] U-turn
|-activate|p1a: ⚡️|ability: Protosynthesis
|-start|p1a: ⚡️|protosynthesisspa
|
|-weather|SunnyDay|[upkeep]
|upkeep
|turn|3
|
|t:|1781285479
|move|p1a: ⚡️|Thunderclap|p2a: Walkenheimer
|-damage|p2a: Walkenheimer|0 fnt
|faint|p2a: Walkenheimer
|-end|p2a: Walkenheimer|Protosynthesis|[silent]
|
|-weather|SunnyDay|[upkeep]
|upkeep
|
|t:|1781285483
|switch|p2a: Nah I'd Spin|Great Tusk|100/100
|-activate|p2a: Nah I'd Spin|ability: Protosynthesis
|-start|p2a: Nah I'd Spin|protosynthesisspe
|turn|4
|
|t:|1781285487
|-end|p1a: ⚡️|Protosynthesis|[silent]
|switch|p1a: 🎭|Ogerpon-Wellspring, F|100/100
|move|p2a: Nah I'd Spin|Headlong Rush|p1a: 🎭
|-resisted|p1a: 🎭
|-damage|p1a: 🎭|68/100
|-unboost|p2a: Nah I'd Spin|def|1
|-unboost|p2a: Nah I'd Spin|spd|1
|
|-weather|SunnyDay|[upkeep]
|upkeep
|turn|5
|
|t:|1781285492
|-end|p2a: Nah I'd Spin|Protosynthesis|[silent]
|switch|p2a: Red judas|Ceruledge, M|100/100
|-item|p2a: Red judas|Air Balloon
|move|p1a: 🎭|Ivy Cudgel|p2a: Red judas|[anim] Ivy Cudgel Water
|-supereffective|p2a: Red judas
|-damage|p2a: Red judas|23/100
|-ability|p2a: Red judas|Weak Armor|boost
|-unboost|p2a: Red judas|def|1
|-boost|p2a: Red judas|spe|2
|-enditem|p2a: Red judas|Air Balloon
|
|-weather|SunnyDay|[upkeep]
|upkeep
|turn|6
|
|t:|1781285501
|move|p2a: Red judas|Poltergeist|p1a: 🎭
|-activate|p1a: 🎭|move: Poltergeist|Wellspring Mask
|-damage|p1a: 🎭|0 fnt
|faint|p1a: 🎭
|
|-weather|SunnyDay|[upkeep]
|upkeep
|
|t:|1781285505
|switch|p1a: Red Lightning|Scizor, F|100/100
|turn|7
|
|t:|1781285509
|switch|p2a: naruto|Ninetales, F|100/100
|move|p1a: Red Lightning|Bullet Punch|p2a: naruto
|-resisted|p2a: naruto
|-damage|p2a: naruto|59/100
|
|-weather|SunnyDay|[upkeep]
|upkeep
|turn|8
|
|t:|1781285513
|switch|p1a: ⚡️|Raging Bolt|100/100
|-activate|p1a: ⚡️|ability: Protosynthesis
|-start|p1a: ⚡️|protosynthesisspa
|move|p2a: naruto|Will-O-Wisp|p1a: ⚡️
|-status|p1a: ⚡️|brn
|
|-weather|none
|-end|p1a: ⚡️|Protosynthesis
|-damage|p1a: ⚡️|94/100 brn|[from] brn
|upkeep
|turn|9
|
|t:|1781285517
|switch|p2a: OMG ILY|Slither Wing|100/100
|move|p1a: ⚡️|Dragon Pulse|p2a: OMG ILY
|-damage|p2a: OMG ILY|71/100
|
|-heal|p1a: ⚡️|100/100 brn|[from] item: Leftovers
|-damage|p1a: ⚡️|94/100 brn|[from] brn
|upkeep
|turn|10
|
|t:|1781285522
|-end|p1a: ⚡️|Protosynthesis|[silent]
|switch|p1a: Red Lightning|Scizor, F|100/100
|move|p2a: OMG ILY|U-turn|p1a: Red Lightning
|-resisted|p1a: Red Lightning
|-damage|p1a: Red Lightning|78/100
|
|t:|1781285524
|-end|p2a: OMG ILY|Protosynthesis|[silent]
|switch|p2a: naruto|Ninetales, F|59/100|[from] U-turn
|-weather|SunnyDay|[from] ability: Drought|[of] p2a: naruto
|
|-weather|SunnyDay|[upkeep]
|upkeep
|turn|11
|
|t:|1781285530
|switch|p2a: Nah I'd Spin|Great Tusk|100/100
|-activate|p2a: Nah I'd Spin|ability: Protosynthesis
|-start|p2a: Nah I'd Spin|protosynthesisspe
|move|p1a: Red Lightning|Bullet Punch|p2a: Nah I'd Spin
|-damage|p2a: Nah I'd Spin|62/100
|-damage|p1a: Red Lightning|62/100|[from] item: Rocky Helmet|[of] p2a: Nah I'd Spin
|
|-weather|SunnyDay|[upkeep]
|upkeep
|turn|12
|
|t:|1781285541
|move|p1a: Red Lightning|Bullet Punch|p2a: Nah I'd Spin
|-damage|p2a: Nah I'd Spin|23/100
|-damage|p1a: Red Lightning|46/100|[from] item: Rocky Helmet|[of] p2a: Nah I'd Spin
|move|p2a: Nah I'd Spin|Headlong Rush|p1a: Red Lightning
|-damage|p1a: Red Lightning|0 fnt
|-unboost|p2a: Nah I'd Spin|def|1
|-unboost|p2a: Nah I'd Spin|spd|1
|faint|p1a: Red Lightning
|
|-weather|SunnyDay|[upkeep]
|upkeep
|
|t:|1781285544
|switch|p1a: Robo Rona|Iron Moth|100/100
|-enditem|p1a: Robo Rona|Booster Energy
|-activate|p1a: Robo Rona|ability: Quark Drive|[fromitem]
|-start|p1a: Robo Rona|quarkdrivespe
|turn|13
|
|t:|1781285547
|move|p1a: Robo Rona|Fiery Dance|p2a: Nah I'd Spin
|-damage|p2a: Nah I'd Spin|0 fnt
|faint|p2a: Nah I'd Spin
|-end|p2a: Nah I'd Spin|Protosynthesis|[silent]
|
|-weather|SunnyDay|[upkeep]
|upkeep
|
|t:|1781285552
|switch|p2a: Flowey|Venusaur, F|100/100
|turn|14
|
|t:|1781285580
|-terastallize|p2a: Flowey|Fire
|-terastallize|p1a: Robo Rona|Fairy
|move|p2a: Flowey|Growth|p2a: Flowey
|-boost|p2a: Flowey|atk|2
|-boost|p2a: Flowey|spa|2
|move|p1a: Robo Rona|Fiery Dance|p2a: Flowey
|-resisted|p2a: Flowey
|-damage|p2a: Flowey|64/100
|-boost|p1a: Robo Rona|spa|1
|
|-weather|SunnyDay|[upkeep]
|upkeep
|turn|15
|
|t:|1781285594
|move|p2a: Flowey|Weather Ball|p1a: Robo Rona
|-damage|p1a: Robo Rona|0 fnt
|faint|p1a: Robo Rona
|-end|p1a: Robo Rona|Quark Drive|[silent]
|-damage|p2a: Flowey|54/100|[from] item: Life Orb
|
|-weather|SunnyDay|[upkeep]
|upkeep
|
|t:|1781285599
|switch|p1a: ⚡️|Raging Bolt|94/100 brn
|-activate|p1a: ⚡️|ability: Protosynthesis
|-start|p1a: ⚡️|protosynthesisspa
|turn|16
|
|t:|1781285601
|switch|p2a: naruto|Ninetales, F|59/100
|move|p1a: ⚡️|Thunderclap||[still]
|-fail|p1a: ⚡️
|
|-weather|SunnyDay|[upkeep]
|-heal|p1a: ⚡️|100/100 brn|[from] item: Leftovers
|-damage|p1a: ⚡️|94/100 brn|[from] brn
|upkeep
|turn|17
|
|t:|1781285606
|-end|p1a: ⚡️|Protosynthesis|[silent]
|switch|p1a: Mega Donphan|Great Tusk|100/100
|-activate|p1a: Mega Donphan|ability: Protosynthesis
|-start|p1a: Mega Donphan|protosynthesisatk
|move|p2a: naruto|Encore||[still]
|-fail|p2a: naruto
|
|-weather|none
|-end|p1a: Mega Donphan|Protosynthesis
|upkeep
|turn|18
|
|t:|1781285611
|switch|p2a: Red judas|Ceruledge, M|23/100
|move|p1a: Mega Donphan|Stealth Rock|p2a: Red judas
|-sidestart|p2: juli<33|move: Stealth Rock
|
|upkeep
|turn|19
|
|t:|1781285615
|move|p2a: Red judas|Shadow Sneak|p1a: Mega Donphan
|-damage|p1a: Mega Donphan|84/100
|move|p1a: Mega Donphan|Headlong Rush|p2a: Red judas
|-supereffective|p2a: Red judas
|-damage|p2a: Red judas|0 fnt
|-unboost|p1a: Mega Donphan|def|1
|-unboost|p1a: Mega Donphan|spd|1
|faint|p2a: Red judas
|
|upkeep
|
|t:|1781285618
|switch|p2a: naruto|Ninetales, F|59/100
|-damage|p2a: naruto|34/100|[from] Stealth Rock
|-weather|SunnyDay|[from] ability: Drought|[of] p2a: naruto
|-activate|p1a: Mega Donphan|ability: Protosynthesis
|-start|p1a: Mega Donphan|protosynthesisatk
|turn|20
|
|t:|1781285620
|-end|p1a: Mega Donphan|Protosynthesis|[silent]
|switch|p1a: ⚡️|Raging Bolt|94/100 brn
|-activate|p1a: ⚡️|ability: Protosynthesis
|-start|p1a: ⚡️|protosynthesisspa
|move|p2a: naruto|Healing Wish|p2a: naruto
|faint|p2a: naruto
|
|-weather|SunnyDay|[upkeep]
|-heal|p1a: ⚡️|100/100 brn|[from] item: Leftovers
|-damage|p1a: ⚡️|94/100 brn|[from] brn
|upkeep
|
|t:|1781285622
|switch|p2a: Flowey|Venusaur, F, tera:Fire|54/100
|-heal|p2a: Flowey|100/100|[from] move: Healing Wish
|-damage|p2a: Flowey|76/100|[from] Stealth Rock
|turn|21
|
|t:|1781285628
|switch|p2a: OMG ILY|Slither Wing|71/100
|-damage|p2a: OMG ILY|59/100|[from] Stealth Rock
|-activate|p2a: OMG ILY|ability: Protosynthesis
|-start|p2a: OMG ILY|protosynthesisatk
|move|p1a: ⚡️|Thunderbolt|p2a: OMG ILY
|-damage|p2a: OMG ILY|21/100
|
|-weather|SunnyDay|[upkeep]
|-heal|p1a: ⚡️|100/100 brn|[from] item: Leftovers
|-damage|p1a: ⚡️|94/100 brn|[from] brn
|upkeep
|turn|22
|
|t:|1781285632
|-end|p1a: ⚡️|Protosynthesis|[silent]
|switch|p1a: Mega Donphan|Great Tusk|84/100
|-activate|p1a: Mega Donphan|ability: Protosynthesis
|-start|p1a: Mega Donphan|protosynthesisatk
|move|p2a: OMG ILY|First Impression|p1a: Mega Donphan
|-resisted|p1a: Mega Donphan
|-damage|p1a: Mega Donphan|60/100
|
|-weather|SunnyDay|[upkeep]
|upkeep
|turn|23
|-message|juli<33 forfeited.
|
|win|BlackStar150520
|raw|BlackStar150520's rating: 1657 &rarr; <strong>1681</strong><br />(+24 for winning)
|raw|juli&lt;33's rating: 1736 &rarr; <strong>1712</strong><br />(-24 for losing)
|l|☆juli<33
|player|p2|
