|j|☆monogatari0
|j|☆KurisuChestnutOU
|t:|1781151642
|gametype|singles
|player|p1|monogatari0|265|1543
|player|p2|KurisuChestnutOU|may-contest|1498
|gen|9
|tier|[Gen 9] OU
|rated|
|rule|HP Percentage Mod: HP is shown in percentages
|rule|Endless Battle Clause: Forcing endless battles is banned
|rule|Species Clause: Limit one of each Pokémon
|rule|OHKO Clause: OHKO moves are banned
|rule|Evasion Items Clause: Evasion items are banned
|rule|Evasion Moves Clause: Evasion moves are banned
|rule|Evasion Abilities Clause: Evasion abilities are banned
|rule|Sleep Moves Clause: Sleep-inducing moves are banned
|clearpoke
|poke|p1|Slowking-Galar, F|
|poke|p1|Cinderace, M|
|poke|p1|Kyurem|
|poke|p1|Corviknight, M|
|poke|p1|Ting-Lu|
|poke|p1|Dondozo, F|
|poke|p2|Zamazenta-*|
|poke|p2|Zapdos|
|poke|p2|Garganacl, M|
|poke|p2|Clefable, F|
|poke|p2|Samurott-Hisui, F|
|poke|p2|Gholdengo|
|teampreview
|inactive|Battle timer is ON: inactive players will automatically lose when time's up. (requested by KurisuChestnutOU)
|
|t:|1781151648
|teamsize|p1|6
|teamsize|p2|6
|start
|switch|p1a: Kyurem|Kyurem|100/100
|switch|p2a: Garganacl|Garganacl, M|100/100
|-ability|p1a: Kyurem|Pressure
|turn|1
|
|t:|1781151657
|move|p1a: Kyurem|Ice Beam|p2a: Garganacl
|-damage|p2a: Garganacl|46/100
|move|p2a: Garganacl|Salt Cure|p1a: Kyurem
|-supereffective|p1a: Kyurem
|-damage|p1a: Kyurem|73/100
|-start|p1a: Kyurem|Salt Cure
|
|-heal|p2a: Garganacl|52/100|[from] item: Leftovers
|-damage|p1a: Kyurem|61/100|[from] Salt Cure
|upkeep
|turn|2
|
|t:|1781151663
|switch|p1a: Slowking|Slowking-Galar, F|100/100
|-terastallize|p2a: Garganacl|Water
|move|p2a: Garganacl|Stealth Rock|p1a: Slowking
|-sidestart|p1: monogatari0|move: Stealth Rock
|
|-heal|p2a: Garganacl|59/100|[from] item: Leftovers
|upkeep
|turn|3
|
|t:|1781151670
|move|p2a: Garganacl|Recover|p2a: Garganacl
|-heal|p2a: Garganacl|100/100
|-prepare|p1a: Slowking|Chilly Reception|[premajor]
|move|p1a: Slowking|Chilly Reception|p1a: Slowking
|-weather|Snowscape
|
|t:|1781151673
|switch|p1a: Cinderace|Cinderace, M|100/100|[from] Chilly Reception
|
|-weather|Snowscape|[upkeep]
|upkeep
|turn|4
|
|t:|1781151677
|move|p1a: Cinderace|Will-O-Wisp|p2a: Garganacl|[miss]
|-miss|p1a: Cinderace|p2a: Garganacl
|move|p2a: Garganacl|Stealth Rock||[still]
|-fail|p2a: Garganacl
|
|-weather|Snowscape|[upkeep]
|upkeep
|turn|5
|
|t:|1781151684
|move|p1a: Cinderace|Will-O-Wisp|p2a: Garganacl|[miss]
|-miss|p1a: Cinderace|p2a: Garganacl
|move|p2a: Garganacl|Earthquake|p1a: Cinderace
|-supereffective|p1a: Cinderace
|-damage|p1a: Cinderace|47/100
|
|-weather|Snowscape|[upkeep]
|upkeep
|turn|6
|
|t:|1781151687
|move|p1a: Cinderace|Court Change|p1a: Cinderace
|-swapsideconditions
|-activate|p1a: Cinderace|move: Court Change
|move|p2a: Garganacl|Stealth Rock|p1a: Cinderace
|-sidestart|p1: monogatari0|move: Stealth Rock
|
|-weather|Snowscape|[upkeep]
|upkeep
|turn|7
|
|t:|1781151693
|move|p1a: Cinderace|U-turn|p2a: Garganacl
|-damage|p2a: Garganacl|88/100
|
|t:|1781151695
|switch|p1a: Corviknight|Corviknight, M, shiny|100/100|[from] U-turn
|-damage|p1a: Corviknight|88/100|[from] Stealth Rock
|-ability|p1a: Corviknight|Pressure
|move|p2a: Garganacl|Salt Cure|p1a: Corviknight
|-damage|p1a: Corviknight|79/100
|-start|p1a: Corviknight|Salt Cure
|
|-weather|none
|-heal|p2a: Garganacl|95/100|[from] item: Leftovers
|-damage|p1a: Corviknight|54/100|[from] Salt Cure
|upkeep
|turn|8
|
|t:|1781151700
|move|p1a: Corviknight|Defog|p2a: Garganacl
|-unboost|p2a: Garganacl|evasion|1
|-sideend|p2: KurisuChestnutOU|Stealth Rock|[from] move: Defog|[of] p1a: Corviknight
|-sideend|p1: monogatari0|Stealth Rock|[from] move: Defog|[of] p1a: Corviknight
|move|p2a: Garganacl|Salt Cure|p1a: Corviknight
|-damage|p1a: Corviknight|46/100
|
|-heal|p2a: Garganacl|100/100|[from] item: Leftovers
|-damage|p1a: Corviknight|21/100|[from] Salt Cure
|upkeep
|turn|9
|
|t:|1781151704
|switch|p1a: Kyurem|Kyurem|61/100
|-ability|p1a: Kyurem|Pressure
|move|p2a: Garganacl|Stealth Rock|p1a: Kyurem
|-sidestart|p1: monogatari0|move: Stealth Rock
|
|upkeep
|turn|10
|
|t:|1781151708
|switch|p2a: Zamazenta|Zamazenta|100/100
|-ability|p2a: Zamazenta|Dauntless Shield|boost
|-boost|p2a: Zamazenta|def|1
|move|p1a: Kyurem|Freeze-Dry|p2a: Zamazenta
|-damage|p2a: Zamazenta|52/100
|
|-heal|p2a: Zamazenta|58/100|[from] item: Leftovers
|upkeep
|turn|11
|
|t:|1781151714
|switch|p1a: Slowking|Slowking-Galar, F|100/100
|-damage|p1a: Slowking|88/100|[from] Stealth Rock
|move|p2a: Zamazenta|Body Press|p1a: Slowking
|-resisted|p1a: Slowking
|-damage|p1a: Slowking|80/100
|
|-heal|p2a: Zamazenta|65/100|[from] item: Leftovers
|upkeep
|turn|12
|
|t:|1781151720
|move|p2a: Zamazenta|Crunch|p1a: Slowking
|-supereffective|p1a: Slowking
|-crit|p1a: Slowking
|-damage|p1a: Slowking|27/100
|-unboost|p1a: Slowking|def|1
|-prepare|p1a: Slowking|Chilly Reception|[premajor]
|move|p1a: Slowking|Chilly Reception|p1a: Slowking
|-weather|Snowscape
|
|t:|1781151725
|switch|p1a: Corviknight|Corviknight, M, shiny|21/100|[from] Chilly Reception
|-damage|p1a: Corviknight|9/100|[from] Stealth Rock
|-ability|p1a: Corviknight|Pressure
|
|-weather|Snowscape|[upkeep]
|-heal|p2a: Zamazenta|71/100|[from] item: Leftovers
|upkeep
|turn|13
|
|t:|1781151729
|move|p2a: Zamazenta|Body Press|p1a: Corviknight
|-damage|p1a: Corviknight|0 fnt
|-damage|p2a: Zamazenta|54/100|[from] item: Rocky Helmet|[of] p1a: Corviknight
|faint|p1a: Corviknight
|
|-weather|Snowscape|[upkeep]
|-heal|p2a: Zamazenta|61/100|[from] item: Leftovers
|upkeep
|
|t:|1781151734
|switch|p1a: Cinderace|Cinderace, M|47/100
|turn|14
|
|t:|1781151739
|move|p2a: Zamazenta|Body Press|p1a: Cinderace
|-damage|p1a: Cinderace|0 fnt
|faint|p1a: Cinderace
|
|-weather|Snowscape|[upkeep]
|-heal|p2a: Zamazenta|67/100|[from] item: Leftovers
|upkeep
|
|t:|1781151744
|switch|p1a: Dondozo|Dondozo, F|100/100
|-damage|p1a: Dondozo|88/100|[from] Stealth Rock
|turn|15
|
|t:|1781151751
|move|p1a: Dondozo|Curse|p1a: Dondozo
|-unboost|p1a: Dondozo|spe|1
|-boost|p1a: Dondozo|atk|1
|-boost|p1a: Dondozo|def|1
|move|p2a: Zamazenta|Roar|p1a: Dondozo
|drag|p1a: Slowking|Slowking-Galar, F|61/100
|-damage|p1a: Slowking|48/100|[from] Stealth Rock
|
|-weather|Snowscape|[upkeep]
|-heal|p2a: Zamazenta|73/100|[from] item: Leftovers
|upkeep
|turn|16
|
|t:|1781151755
|move|p2a: Zamazenta|Crunch|p1a: Slowking
|-supereffective|p1a: Slowking
|-damage|p1a: Slowking|18/100
|move|p1a: Slowking|Future Sight|p2a: Zamazenta
|-start|p1a: Slowking|move: Future Sight
|
|-weather|none
|-heal|p2a: Zamazenta|79/100|[from] item: Leftovers
|upkeep
|turn|17
|
|t:|1781151761
|switch|p1a: Ting-Lu|Ting-Lu|100/100
|-damage|p1a: Ting-Lu|94/100|[from] Stealth Rock
|-ability|p1a: Ting-Lu|Vessel of Ruin
|move|p2a: Zamazenta|Body Press|p1a: Ting-Lu
|-supereffective|p1a: Ting-Lu
|-damage|p1a: Ting-Lu|45/100
|
|-heal|p2a: Zamazenta|85/100|[from] item: Leftovers
|-heal|p1a: Ting-Lu|51/100|[from] item: Leftovers
|upkeep
|turn|18
|
|t:|1781151764
|switch|p2a: Samurott|Samurott-Hisui, F|100/100
|move|p1a: Ting-Lu|Earthquake|p2a: Samurott
|-damage|p2a: Samurott|49/100
|
|-end|p2a: Samurott|move: Future Sight
|-immune|p2a: Samurott
|-heal|p1a: Ting-Lu|57/100|[from] item: Leftovers
|upkeep
|turn|19
|
|t:|1781151770
|move|p2a: Samurott|Razor Shell|p1a: Ting-Lu
|-supereffective|p1a: Ting-Lu
|-damage|p1a: Ting-Lu|0 fnt
|faint|p1a: Ting-Lu
|
|upkeep
|
|t:|1781151774
|switch|p1a: Kyurem|Kyurem|61/100
|-damage|p1a: Kyurem|36/100|[from] Stealth Rock
|-ability|p1a: Kyurem|Pressure
|turn|20
|
|t:|1781151778
|move|p2a: Samurott|Razor Shell|p1a: Kyurem
|-resisted|p1a: Kyurem
|-damage|p1a: Kyurem|12/100
|-unboost|p1a: Kyurem|def|1
|move|p1a: Kyurem|Freeze-Dry|p2a: Samurott
|-supereffective|p2a: Samurott
|-damage|p2a: Samurott|0 fnt
|faint|p2a: Samurott
|
|upkeep
|
|t:|1781151781
|switch|p2a: Zamazenta|Zamazenta|85/100
|turn|21
|
|t:|1781151784
|move|p2a: Zamazenta|Crunch|p1a: Kyurem
|-damage|p1a: Kyurem|0 fnt
|faint|p1a: Kyurem
|
|-heal|p2a: Zamazenta|91/100|[from] item: Leftovers
|upkeep
|
|t:|1781151786
|switch|p1a: Slowking|Slowking-Galar, F|52/100
|-damage|p1a: Slowking|39/100|[from] Stealth Rock
|turn|22
|
|t:|1781151793
|move|p2a: Zamazenta|Crunch|p1a: Slowking
|-supereffective|p1a: Slowking
|-damage|p1a: Slowking|7/100
|-unboost|p1a: Slowking|def|1
|move|p1a: Slowking|Future Sight|p2a: Zamazenta
|-start|p1a: Slowking|move: Future Sight
|
|-heal|p2a: Zamazenta|98/100|[from] item: Leftovers
|upkeep
|turn|23
|
|t:|1781151798
|switch|p2a: Garganacl|Garganacl, M, tera:Water|100/100
|move|p1a: Slowking|Ice Beam|p2a: Garganacl
|-resisted|p2a: Garganacl
|-damage|p2a: Garganacl|94/100
|
|-heal|p2a: Garganacl|99/100|[from] item: Leftovers
|upkeep
|turn|24
|
|t:|1781151803
|move|p2a: Garganacl|Salt Cure|p1a: Slowking
|-damage|p1a: Slowking|0 fnt
|faint|p1a: Slowking
|
|-end|p2a: Garganacl|move: Future Sight
|-damage|p2a: Garganacl|69/100
|-heal|p2a: Garganacl|75/100|[from] item: Leftovers
|upkeep
|
|t:|1781151805
|switch|p1a: Dondozo|Dondozo, F|88/100
|-damage|p1a: Dondozo|75/100|[from] Stealth Rock
|turn|25
|
|t:|1781151811
|move|p2a: Garganacl|Salt Cure|p1a: Dondozo
|-damage|p1a: Dondozo|68/100
|-start|p1a: Dondozo|Salt Cure
|move|p1a: Dondozo|Curse|p1a: Dondozo
|-unboost|p1a: Dondozo|spe|1
|-boost|p1a: Dondozo|atk|1
|-boost|p1a: Dondozo|def|1
|
|-heal|p2a: Garganacl|81/100|[from] item: Leftovers
|-heal|p1a: Dondozo|74/100|[from] item: Leftovers
|-damage|p1a: Dondozo|49/100|[from] Salt Cure
|upkeep
|turn|26
|
|t:|1781151818
|switch|p2a: Zapdos|Zapdos|100/100
|move|p1a: Dondozo|Rest|p1a: Dondozo
|-status|p1a: Dondozo|slp|[from] move: Rest
|-heal|p1a: Dondozo|100/100 slp|[silent]
|
|-damage|p1a: Dondozo|75/100 slp|[from] Salt Cure
|upkeep
|turn|27
|
|t:|1781151825
|-terastallize|p1a: Dondozo|Dark
|move|p2a: Zapdos|Hurricane|p1a: Dondozo
|-damage|p1a: Dondozo|46/100 slp
|-start|p1a: Dondozo|confusion
|cant|p1a: Dondozo|slp
|-activate|p1a: Dondozo|confusion
|move|p1a: Dondozo|Sleep Talk|p1a: Dondozo
|move|p1a: Dondozo|Liquidation|p2a: Zapdos|[from] move: Sleep Talk
|-damage|p2a: Zapdos|69/100
|
|-heal|p1a: Dondozo|52/100 slp|[from] item: Leftovers
|-damage|p1a: Dondozo|40/100 slp|[from] Salt Cure
|upkeep
|turn|28
|
|t:|1781151831
|move|p2a: Zapdos|Discharge|p1a: Dondozo
|-damage|p1a: Dondozo|19/100 slp
|cant|p1a: Dondozo|slp
|-activate|p1a: Dondozo|confusion
|-damage|p1a: Dondozo|13/100 slp|[from] confusion
|
|-heal|p1a: Dondozo|19/100 slp|[from] item: Leftovers
|-damage|p1a: Dondozo|6/100 slp|[from] Salt Cure
|upkeep
|turn|29
|
|t:|1781151834
|move|p2a: Zapdos|Volt Switch|p1a: Dondozo
|-damage|p1a: Dondozo|0 fnt
|faint|p1a: Dondozo
|
|win|KurisuChestnutOU
|raw|monogatari0's rating: 1543 &rarr; <strong>1521</strong><br />(-22 for losing)
|raw|KurisuChestnutOU's rating: 1509 &rarr; <strong>1531</strong><br />(+22 for winning)
