|j|☆Enigmatic Gale
|j|☆SofteLocke
|t:|1780892005
|gametype|singles
|player|p1|Enigmatic Gale|169|1562
|player|p2|SofteLocke|265|1555
|gen|9
|tier|[Gen 9] OU
|rated|
|rule|HP Percentage Mod: HP is shown in percentages
|rule|Endless Battle Clause: Forcing endless battles is banned
|rule|Species Clause: Limit one of each Pokémon
|rule|OHKO Clause: OHKO moves are banned
|rule|Evasion Items Clause: Evasion items are banned
|rule|Evasion Moves Clause: Evasion moves are banned
|rule|Evasion Abilities Clause: Evasion abilities are banned
|rule|Sleep Moves Clause: Sleep-inducing moves are banned
|clearpoke
|poke|p1|Dragonite, F|
|poke|p1|Hatterene, F|
|poke|p1|Kingambit, F|
|poke|p1|Cinderace, M|
|poke|p1|Landorus-Therian, M|
|poke|p1|Zamazenta-*|
|poke|p2|Great Tusk|
|poke|p2|Glimmora, F|
|poke|p2|Deoxys-Speed|
|poke|p2|Dragonite, M|
|poke|p2|Scizor, M|
|poke|p2|Latias, F|
|teampreview
|
|t:|1780892016
|teamsize|p1|6
|teamsize|p2|6
|start
|switch|p1a: Landorus|Landorus-Therian, M|100/100
|switch|p2a: Aubameyang|Deoxys-Speed|100/100
|-ability|p2a: Aubameyang|Pressure
|-ability|p1a: Landorus|Intimidate|boost
|-unboost|p2a: Aubameyang|atk|1
|turn|1
|
|t:|1780892041
|switch|p1a: Hatterene|Hatterene, F|100/100
|move|p2a: Aubameyang|Psycho Boost|p1a: Hatterene
|-resisted|p1a: Hatterene
|-damage|p1a: Hatterene|77/100
|-unboost|p2a: Aubameyang|spa|2
|
|-heal|p1a: Hatterene|83/100|[from] item: Leftovers
|upkeep
|turn|2
|
|t:|1780892053
|move|p2a: Aubameyang|Light Screen|p2a: Aubameyang
|-sidestart|p2: SofteLocke|move: Light Screen
|move|p1a: Hatterene|Mystical Fire|p2a: Aubameyang
|-damage|p2a: Aubameyang|86/100
|-unboost|p2a: Aubameyang|spa|1
|
|-heal|p1a: Hatterene|89/100|[from] item: Leftovers
|upkeep
|turn|3
|
|t:|1780892062
|switch|p2a: Immoral G|Glimmora, F|100/100
|move|p1a: Hatterene|Calm Mind|p1a: Hatterene
|-boost|p1a: Hatterene|spa|1
|-boost|p1a: Hatterene|spd|1
|
|-heal|p1a: Hatterene|95/100|[from] item: Leftovers
|upkeep
|turn|4
|
|t:|1780892089
|switch|p2a: Vengeance|Scizor, M|100/100
|move|p1a: Hatterene|Psyshock|p2a: Vengeance
|-resisted|p2a: Vengeance
|-damage|p2a: Vengeance|84/100
|
|-heal|p1a: Hatterene|100/100|[from] item: Leftovers
|upkeep
|turn|5
|
|t:|1780892100
|switch|p1a: Landorus|Landorus-Therian, M|100/100
|-ability|p1a: Landorus|Intimidate|boost
|-unboost|p2a: Vengeance|atk|1
|move|p2a: Vengeance|Bullet Punch|p1a: Landorus
|-damage|p1a: Landorus|70/100
|-damage|p2a: Vengeance|68/100|[from] item: Rocky Helmet|[of] p1a: Landorus
|-damage|p2a: Vengeance|58/100|[from] item: Life Orb
|
|upkeep
|turn|6
|
|t:|1780892111
|move|p1a: Landorus|Stealth Rock|p2a: Vengeance
|-sidestart|p2: SofteLocke|move: Stealth Rock
|move|p2a: Vengeance|Swords Dance|p2a: Vengeance
|-boost|p2a: Vengeance|atk|2
|
|upkeep
|turn|7
|
|t:|1780892117
|move|p1a: Landorus|Earth Power|p2a: Vengeance
|-damage|p2a: Vengeance|33/100
|move|p2a: Vengeance|Knock Off|p1a: Landorus
|-damage|p1a: Landorus|3/100
|-damage|p2a: Vengeance|16/100|[from] item: Rocky Helmet|[of] p1a: Landorus
|-enditem|p1a: Landorus|Rocky Helmet|[from] move: Knock Off|[of] p2a: Vengeance
|-damage|p2a: Vengeance|6/100|[from] item: Life Orb
|
|upkeep
|turn|8
|
|t:|1780892139
|switch|p1a: Kingambit|Kingambit, F|100/100
|move|p2a: Vengeance|Bullet Punch|p1a: Kingambit
|-resisted|p1a: Kingambit
|-damage|p1a: Kingambit|77/100
|-damage|p2a: Vengeance|0 fnt|[from] item: Life Orb
|faint|p2a: Vengeance
|
|-heal|p1a: Kingambit|83/100|[from] item: Leftovers
|upkeep
|
|t:|1780892142
|switch|p2a: Macho Tuscular|Great Tusk|100/100
|-damage|p2a: Macho Tuscular|98/100|[from] Stealth Rock
|-enditem|p2a: Macho Tuscular|Booster Energy
|-activate|p2a: Macho Tuscular|ability: Protosynthesis|[fromitem]
|-start|p2a: Macho Tuscular|protosynthesisspe
|turn|9
|
|t:|1780892154
|-end|p1a: Kingambit|fallenundefined|[silent]
|switch|p1a: Hatterene|Hatterene, F|100/100
|move|p2a: Macho Tuscular|Bulk Up|p2a: Macho Tuscular
|-boost|p2a: Macho Tuscular|atk|1
|-boost|p2a: Macho Tuscular|def|1
|
|-sideend|p2: SofteLocke|move: Light Screen
|upkeep
|turn|10
|
|t:|1780892180
|-terastallize|p2a: Macho Tuscular|Steel
|move|p2a: Macho Tuscular|Headlong Rush|p1a: Hatterene
|-damage|p1a: Hatterene|36/100
|-unboost|p2a: Macho Tuscular|def|1
|-unboost|p2a: Macho Tuscular|spd|1
|move|p1a: Hatterene|Draining Kiss|p2a: Macho Tuscular
|-resisted|p2a: Macho Tuscular
|-crit|p2a: Macho Tuscular
|-damage|p2a: Macho Tuscular|65/100
|-heal|p1a: Hatterene|69/100|[from] drain|[of] p2a: Macho Tuscular
|
|-heal|p1a: Hatterene|75/100|[from] item: Leftovers
|upkeep
|turn|11
|-message|SofteLocke forfeited.
|
|win|Enigmatic Gale
|raw|Enigmatic Gale's rating: 1562 &rarr; <strong>1582</strong><br />(+20 for winning)
|raw|SofteLocke's rating: 1555 &rarr; <strong>1535</strong><br />(-20 for losing)
|l|☆SofteLocke
|player|p2|
