|j|☆Palm X
|j|☆team10thPlanet
|t:|1780892410
|gametype|singles
|player|p1|Palm X|caitlin|1641
|player|p2|team10thPlanet|veteran|1693
|gen|9
|tier|[Gen 9] OU
|rated|
|rule|HP Percentage Mod: HP is shown in percentages
|rule|Endless Battle Clause: Forcing endless battles is banned
|rule|Species Clause: Limit one of each Pokémon
|rule|OHKO Clause: OHKO moves are banned
|rule|Evasion Items Clause: Evasion items are banned
|rule|Evasion Moves Clause: Evasion moves are banned
|rule|Evasion Abilities Clause: Evasion abilities are banned
|rule|Sleep Moves Clause: Sleep-inducing moves are banned
|clearpoke
|poke|p1|Dragapult, F|
|poke|p1|Zamazenta-*|
|poke|p1|Slowking-Galar, F|
|poke|p1|Moltres|
|poke|p1|Ting-Lu|
|poke|p1|Weezing-Galar, M|
|poke|p2|Zamazenta-*|
|poke|p2|Dragonite, M|
|poke|p2|Araquanid, M|
|poke|p2|Iron Treads|
|poke|p2|Raikou|
|poke|p2|Hoopa-Unbound|
|teampreview
|inactive|Battle timer is ON: inactive players will automatically lose when time's up. (requested by Palm X)
|
|t:|1780892419
|teamsize|p1|6
|teamsize|p2|6
|start
|switch|p1a: BoySlowDown😭😂✌️|Slowking-Galar, F, shiny|100/100
|switch|p2a: Hoopa|Hoopa-Unbound|100/100
|turn|1
|
|t:|1780892426
|switch|p1a: LuLu on dat BUTT|Ting-Lu|100/100
|-ability|p1a: LuLu on dat BUTT|Vessel of Ruin
|move|p2a: Hoopa|Dark Pulse|p1a: LuLu on dat BUTT
|-resisted|p1a: LuLu on dat BUTT
|-damage|p1a: LuLu on dat BUTT|90/100
|
|-heal|p1a: LuLu on dat BUTT|96/100|[from] item: Leftovers
|upkeep
|turn|2
|
|t:|1780892439
|switch|p2a: Johnny Tsunami 🌊|Araquanid, M|100/100
|move|p1a: LuLu on dat BUTT|Stealth Rock|p2a: Johnny Tsunami 🌊
|-sidestart|p2: team10thPlanet|move: Stealth Rock
|
|-heal|p1a: LuLu on dat BUTT|100/100|[from] item: Leftovers
|upkeep
|turn|3
|
|t:|1780892447
|switch|p1a: BoySlowDown😭😂✌️|Slowking-Galar, F, shiny|100/100
|move|p2a: Johnny Tsunami 🌊|Sticky Web|p1a: BoySlowDown😭😂✌️
|-sidestart|p1: Palm X|move: Sticky Web
|
|upkeep
|turn|4
|
|t:|1780892453
|move|p2a: Johnny Tsunami 🌊|Surf|p1a: BoySlowDown😭😂✌️
|-damage|p1a: BoySlowDown😭😂✌️|67/100
|move|p1a: BoySlowDown😭😂✌️|Toxic|p2a: Johnny Tsunami 🌊
|-status|p2a: Johnny Tsunami 🌊|tox
|
|-damage|p2a: Johnny Tsunami 🌊|94/100 tox|[from] psn
|upkeep
|turn|5
|
|t:|1780892461
|move|p2a: Johnny Tsunami 🌊|Surf|p1a: BoySlowDown😭😂✌️
|-damage|p1a: BoySlowDown😭😂✌️|32/100
|move|p1a: BoySlowDown😭😂✌️|Future Sight|p2a: Johnny Tsunami 🌊
|-start|p1a: BoySlowDown😭😂✌️|move: Future Sight
|
|-damage|p2a: Johnny Tsunami 🌊|82/100 tox|[from] psn
|upkeep
|turn|6
|
|t:|1780892469
|switch|p1a: Dragoonette|Dragapult, F, shiny|100/100
|move|p2a: Johnny Tsunami 🌊|Surf|p1a: Dragoonette
|-resisted|p1a: Dragoonette
|-damage|p1a: Dragoonette|61/100
|
|-damage|p2a: Johnny Tsunami 🌊|63/100 tox|[from] psn
|upkeep
|turn|7
|
|t:|1780892477
|move|p1a: Dragoonette|Dragon Darts|p2a: Johnny Tsunami 🌊
|-damage|p2a: Johnny Tsunami 🌊|40/100 tox
|-anim|p1a: Dragoonette|Dragon Darts|p2a: Johnny Tsunami 🌊
|-damage|p2a: Johnny Tsunami 🌊|19/100 tox
|move|p2a: Johnny Tsunami 🌊|Surf|p1a: Dragoonette
|-resisted|p1a: Dragoonette
|-damage|p1a: Dragoonette|23/100
|
|-end|p2a: Johnny Tsunami 🌊|move: Future Sight
|-damage|p2a: Johnny Tsunami 🌊|0 fnt
|faint|p2a: Johnny Tsunami 🌊
|upkeep
|
|t:|1780892490
|switch|p2a: Hoopa|Hoopa-Unbound|100/100
|-damage|p2a: Hoopa|88/100|[from] Stealth Rock
|turn|8
|
|t:|1780892498
|move|p2a: Hoopa|Grass Knot|p1a: Dragoonette
|-resisted|p1a: Dragoonette
|-damage|p1a: Dragoonette|0 fnt
|faint|p1a: Dragoonette
|
|upkeep
|
|t:|1780892502
|switch|p1a: NoDominicanPapi|Moltres, shiny|100/100
|turn|9
|
|t:|1780892508
|switch|p2a: Diego ⚡️|Raikou|100/100
|-damage|p2a: Diego ⚡️|88/100|[from] Stealth Rock
|-ability|p2a: Diego ⚡️|Pressure
|move|p1a: NoDominicanPapi|Will-O-Wisp|p2a: Diego ⚡️
|-status|p2a: Diego ⚡️|brn
|
|-damage|p2a: Diego ⚡️|82/100 brn|[from] brn
|upkeep
|turn|10
|
|t:|1780892519
|switch|p1a: LuLu on dat BUTT|Ting-Lu|100/100
|-activate|p1a: LuLu on dat BUTT|move: Sticky Web
|-unboost|p1a: LuLu on dat BUTT|spe|1
|-ability|p1a: LuLu on dat BUTT|Vessel of Ruin
|move|p2a: Diego ⚡️|Scald|p1a: LuLu on dat BUTT
|-supereffective|p1a: LuLu on dat BUTT
|-damage|p1a: LuLu on dat BUTT|65/100
|
|-heal|p1a: LuLu on dat BUTT|71/100|[from] item: Leftovers
|-damage|p2a: Diego ⚡️|76/100 brn|[from] brn
|upkeep
|turn|11
|
|t:|1780892532
|move|p2a: Diego ⚡️|Scald|p1a: LuLu on dat BUTT
|-supereffective|p1a: LuLu on dat BUTT
|-damage|p1a: LuLu on dat BUTT|40/100
|move|p1a: LuLu on dat BUTT|Whirlwind|p2a: Diego ⚡️
|drag|p2a: Hoopa|Hoopa-Unbound|88/100
|-damage|p2a: Hoopa|76/100|[from] Stealth Rock
|
|-heal|p1a: LuLu on dat BUTT|46/100|[from] item: Leftovers
|upkeep
|turn|12
|
|t:|1780892545
|switch|p1a: NoDominicanPapi|Moltres, shiny|100/100
|move|p2a: Hoopa|Grass Knot|p1a: NoDominicanPapi
|-resisted|p1a: NoDominicanPapi
|-damage|p1a: NoDominicanPapi|91/100
|
|upkeep
|turn|13
|
|t:|1780892553
|switch|p2a: Diego ⚡️|Raikou|76/100 brn
|-damage|p2a: Diego ⚡️|63/100 brn|[from] Stealth Rock
|-ability|p2a: Diego ⚡️|Pressure
|move|p1a: NoDominicanPapi|Flamethrower|p2a: Diego ⚡️
|-damage|p2a: Diego ⚡️|24/100 brn
|
|-damage|p2a: Diego ⚡️|18/100 brn|[from] brn
|upkeep
|turn|14
|j| Champion reko
|
|t:|1780892564
|switch|p1a: BoySlowDown😭😂✌️|Slowking-Galar, F, shiny|66/100
|move|p2a: Diego ⚡️|Scald|p1a: BoySlowDown😭😂✌️
|-damage|p1a: BoySlowDown😭😂✌️|42/100
|-status|p1a: BoySlowDown😭😂✌️|brn
|
|-damage|p2a: Diego ⚡️|12/100 brn|[from] brn
|-damage|p1a: BoySlowDown😭😂✌️|36/100 brn|[from] brn
|upkeep
|turn|15
|
|t:|1780892574
|move|p2a: Diego ⚡️|Scald|p1a: BoySlowDown😭😂✌️
|-damage|p1a: BoySlowDown😭😂✌️|11/100 brn
|-prepare|p1a: BoySlowDown😭😂✌️|Chilly Reception|[premajor]
|move|p1a: BoySlowDown😭😂✌️|Chilly Reception|p1a: BoySlowDown😭😂✌️
|-weather|Snowscape
|
|t:|1780892585
|switch|p1a: LuLu on dat BUTT|Ting-Lu|46/100|[from] Chilly Reception
|-activate|p1a: LuLu on dat BUTT|move: Sticky Web
|-unboost|p1a: LuLu on dat BUTT|spe|1
|-ability|p1a: LuLu on dat BUTT|Vessel of Ruin
|
|-weather|Snowscape|[upkeep]
|-heal|p1a: LuLu on dat BUTT|52/100|[from] item: Leftovers
|-damage|p2a: Diego ⚡️|6/100 brn|[from] brn
|upkeep
|turn|16
|
|t:|1780892595
|switch|p1a: BoySlowDown😭😂✌️|Slowking-Galar, F, shiny|44/100 brn
|move|p2a: Diego ⚡️|Scald|p1a: BoySlowDown😭😂✌️
|-damage|p1a: BoySlowDown😭😂✌️|22/100 brn
|
|-weather|Snowscape|[upkeep]
|-damage|p2a: Diego ⚡️|0 fnt|[from] brn
|faint|p2a: Diego ⚡️
|-damage|p1a: BoySlowDown😭😂✌️|16/100 brn|[from] brn
|upkeep
|
|t:|1780892618
|switch|p2a: Iron Treads|Iron Treads|100/100
|-damage|p2a: Iron Treads|97/100|[from] Stealth Rock
|-enditem|p2a: Iron Treads|Booster Energy
|-activate|p2a: Iron Treads|ability: Quark Drive|[fromitem]
|-start|p2a: Iron Treads|quarkdrivespe
|turn|17
|j| nepturee
|
|t:|1780892626
|switch|p1a: NoDominicanPapi|Moltres, shiny|91/100
|move|p2a: Iron Treads|Rapid Spin|p1a: NoDominicanPapi
|-damage|p1a: NoDominicanPapi|80/100
|-boost|p2a: Iron Treads|spe|1
|-status|p2a: Iron Treads|brn|[from] ability: Flame Body|[of] p1a: NoDominicanPapi
|-sideend|p2: team10thPlanet|Stealth Rock|[from] move: Rapid Spin|[of] p2a: Iron Treads
|
|-weather|Snowscape|[upkeep]
|-damage|p2a: Iron Treads|91/100 brn|[from] brn
|upkeep
|turn|18
|inactive|team10thPlanet has 120 seconds left.
|
|t:|1780892656
|-terastallize|p2a: Iron Treads|Ghost
|move|p2a: Iron Treads|Knock Off|p1a: NoDominicanPapi
|-damage|p1a: NoDominicanPapi|69/100
|-enditem|p1a: NoDominicanPapi|Heavy-Duty Boots|[from] move: Knock Off|[of] p2a: Iron Treads
|move|p1a: NoDominicanPapi|Will-O-Wisp|p2a: Iron Treads
|-fail|p2a: Iron Treads|brn
|
|-weather|Snowscape|[upkeep]
|-damage|p2a: Iron Treads|85/100 brn|[from] brn
|upkeep
|turn|19
|c|☆Palm X|what?
|
|t:|1780892667
|move|p2a: Iron Treads|Knock Off|p1a: NoDominicanPapi
|-damage|p1a: NoDominicanPapi|62/100
|move|p1a: NoDominicanPapi|Roost|p1a: NoDominicanPapi
|-heal|p1a: NoDominicanPapi|100/100
|-singleturn|p1a: NoDominicanPapi|move: Roost
|
|-weather|none
|-damage|p2a: Iron Treads|79/100 brn|[from] brn
|upkeep
|turn|20
|
|t:|1780892678
|move|p2a: Iron Treads|Endeavor|p1a: NoDominicanPapi
|-damage|p1a: NoDominicanPapi|68/100
|move|p1a: NoDominicanPapi|Flamethrower|p2a: Iron Treads
|-damage|p2a: Iron Treads|29/100 brn
|
|-damage|p2a: Iron Treads|23/100 brn|[from] brn
|upkeep
|turn|21
|l| Champion reko
|
|t:|1780892688
|move|p2a: Iron Treads|Endeavor|p1a: NoDominicanPapi
|-damage|p1a: NoDominicanPapi|20/100
|move|p1a: NoDominicanPapi|Roost|p1a: NoDominicanPapi
|-heal|p1a: NoDominicanPapi|70/100
|-singleturn|p1a: NoDominicanPapi|move: Roost
|
|-damage|p2a: Iron Treads|16/100 brn|[from] brn
|upkeep
|turn|22
|inactive|team10thPlanet has 120 seconds left.
|
|t:|1780892698
|switch|p1a: BoySlowDown😭😂✌️|Slowking-Galar, F, shiny|49/100 brn
|move|p2a: Iron Treads|Endeavor|p1a: BoySlowDown😭😂✌️
|-damage|p1a: BoySlowDown😭😂✌️|13/100 brn
|
|-damage|p2a: Iron Treads|10/100 brn|[from] brn
|-damage|p1a: BoySlowDown😭😂✌️|7/100 brn|[from] brn
|upkeep
|turn|23
|
|t:|1780892707
|switch|p1a: NoDominicanPapi|Moltres, shiny|70/100
|move|p2a: Iron Treads|Earthquake|p1a: NoDominicanPapi
|-immune|p1a: NoDominicanPapi
|
|-damage|p2a: Iron Treads|4/100 brn|[from] brn
|upkeep
|turn|24
|
|t:|1780892716
|switch|p1a: BoySlowDown😭😂✌️|Slowking-Galar, F, shiny|41/100 brn
|move|p2a: Iron Treads|Endeavor|p1a: BoySlowDown😭😂✌️
|-damage|p1a: BoySlowDown😭😂✌️|3/100 brn
|
|-damage|p2a: Iron Treads|0 fnt|[from] brn
|faint|p2a: Iron Treads
|-end|p2a: Iron Treads|Quark Drive|[silent]
|-damage|p1a: BoySlowDown😭😂✌️|0 fnt|[from] brn
|faint|p1a: BoySlowDown😭😂✌️
|upkeep
|
|t:|1780892730
|switch|p2a: Hoopa|Hoopa-Unbound|76/100
|switch|p1a: LuLu on dat BUTT|Ting-Lu|52/100
|-activate|p1a: LuLu on dat BUTT|move: Sticky Web
|-unboost|p1a: LuLu on dat BUTT|spe|1
|-ability|p1a: LuLu on dat BUTT|Vessel of Ruin
|turn|25
|
|t:|1780892743
|move|p2a: Hoopa|Dark Pulse|p1a: LuLu on dat BUTT
|-resisted|p1a: LuLu on dat BUTT
|-damage|p1a: LuLu on dat BUTT|41/100
|move|p1a: LuLu on dat BUTT|Ruination|p2a: Hoopa
|-damage|p2a: Hoopa|38/100
|
|-heal|p1a: LuLu on dat BUTT|47/100|[from] item: Leftovers
|upkeep
|turn|26
|
|t:|1780892752
|switch|p2a: Fat Boy|Dragonite, M, shiny|100/100
|move|p1a: LuLu on dat BUTT|Ruination|p2a: Fat Boy|[miss]
|-miss|p1a: LuLu on dat BUTT|p2a: Fat Boy
|
|-heal|p1a: LuLu on dat BUTT|54/100|[from] item: Leftovers
|upkeep
|turn|27
|
|t:|1780892762
|switch|p1a: NoDominicanPapi|Moltres, shiny|70/100
|move|p2a: Fat Boy|Outrage|p1a: NoDominicanPapi
|-damage|p1a: NoDominicanPapi|0 fnt
|-status|p2a: Fat Boy|brn|[from] ability: Flame Body|[of] p1a: NoDominicanPapi
|faint|p1a: NoDominicanPapi
|
|-damage|p2a: Fat Boy|94/100 brn|[from] brn
|upkeep
|
|t:|1780892769
|switch|p1a: Perc Nowitzki|Weezing-Galar, M|100/100
|-ability|p1a: Perc Nowitzki|Neutralizing Gas
|turn|28
|
|t:|1780892777
|move|p2a: Fat Boy|Outrage|p1a: Perc Nowitzki|[from] lockedmove
|-immune|p1a: Perc Nowitzki
|move|p1a: Perc Nowitzki|Defog|p2a: Fat Boy
|-unboost|p2a: Fat Boy|evasion|1
|-sideend|p1: Palm X|Sticky Web|[from] move: Defog|[of] p1a: Perc Nowitzki
|
|-damage|p2a: Fat Boy|88/100 brn|[from] brn
|upkeep
|turn|29
|
|t:|1780892792
|switch|p2a: Hoopa|Hoopa-Unbound|38/100
|-end|p1a: Perc Nowitzki|ability: Neutralizing Gas
|switch|p1a: LuLu on dat BUTT|Ting-Lu|54/100
|-ability|p1a: LuLu on dat BUTT|Vessel of Ruin
|
|-heal|p1a: LuLu on dat BUTT|60/100|[from] item: Leftovers
|upkeep
|turn|30
|
|t:|1780892811
|switch|p2a: Fat Boy|Dragonite, M, shiny|88/100 brn
|move|p1a: LuLu on dat BUTT|Earthquake|p2a: Fat Boy
|-immune|p2a: Fat Boy
|
|-heal|p1a: LuLu on dat BUTT|66/100|[from] item: Leftovers
|-damage|p2a: Fat Boy|82/100 brn|[from] brn
|upkeep
|turn|31
|
|t:|1780892821
|move|p2a: Fat Boy|Earthquake|p1a: LuLu on dat BUTT
|-damage|p1a: LuLu on dat BUTT|50/100
|move|p1a: LuLu on dat BUTT|Ruination|p2a: Fat Boy
|-damage|p2a: Fat Boy|41/100 brn
|
|-heal|p1a: LuLu on dat BUTT|57/100|[from] item: Leftovers
|-damage|p2a: Fat Boy|35/100 brn|[from] brn
|upkeep
|turn|32
|
|t:|1780892830
|move|p2a: Fat Boy|Earthquake|p1a: LuLu on dat BUTT
|-damage|p1a: LuLu on dat BUTT|40/100
|move|p1a: LuLu on dat BUTT|Stealth Rock|p2a: Fat Boy
|-sidestart|p2: team10thPlanet|move: Stealth Rock
|
|-heal|p1a: LuLu on dat BUTT|46/100|[from] item: Leftovers
|-damage|p2a: Fat Boy|29/100 brn|[from] brn
|upkeep
|turn|33
|
|t:|1780892839
|move|p2a: Fat Boy|Earthquake|p1a: LuLu on dat BUTT
|-damage|p1a: LuLu on dat BUTT|29/100
|move|p1a: LuLu on dat BUTT|Whirlwind|p2a: Fat Boy
|drag|p2a: Zamazenta|Zamazenta|100/100
|-damage|p2a: Zamazenta|94/100|[from] Stealth Rock
|-ability|p2a: Zamazenta|Dauntless Shield|boost
|-boost|p2a: Zamazenta|def|1
|
|-heal|p1a: LuLu on dat BUTT|36/100|[from] item: Leftovers
|upkeep
|turn|34
|
|t:|1780892854
|switch|p1a: Perc Nowitzki|Weezing-Galar, M|100/100
|-ability|p1a: Perc Nowitzki|Neutralizing Gas
|move|p2a: Zamazenta|Iron Head|p1a: Perc Nowitzki
|-supereffective|p1a: Perc Nowitzki
|-damage|p1a: Perc Nowitzki|53/100
|
|upkeep
|turn|35
|
|t:|1780892867
|move|p2a: Zamazenta|Iron Head|p1a: Perc Nowitzki
|-supereffective|p1a: Perc Nowitzki
|-damage|p1a: Perc Nowitzki|0 fnt
|faint|p1a: Perc Nowitzki
|-end|p1a: Perc Nowitzki|ability: Neutralizing Gas
|
|upkeep
|
|t:|1780892871
|switch|p1a: BillionsMustIDef|Zamazenta|100/100
|-ability|p1a: BillionsMustIDef|Dauntless Shield|boost
|-boost|p1a: BillionsMustIDef|def|1
|turn|36
|
|t:|1780892877
|switch|p2a: Fat Boy|Dragonite, M, shiny|29/100 brn
|-damage|p2a: Fat Boy|4/100 brn|[from] Stealth Rock
|move|p1a: BillionsMustIDef|Iron Defense|p1a: BillionsMustIDef
|-boost|p1a: BillionsMustIDef|def|2
|
|-damage|p2a: Fat Boy|0 fnt|[from] brn
|faint|p2a: Fat Boy
|upkeep
|
|t:|1780892888
|switch|p2a: Hoopa|Hoopa-Unbound|38/100
|-damage|p2a: Hoopa|26/100|[from] Stealth Rock
|turn|37
|
|t:|1780892895
|-terastallize|p1a: BillionsMustIDef|Fire
|move|p2a: Hoopa|Psychic|p1a: BillionsMustIDef
|-damage|p1a: BillionsMustIDef|59/100
|move|p1a: BillionsMustIDef|Body Press|p2a: Hoopa
|-damage|p2a: Hoopa|0 fnt
|faint|p2a: Hoopa
|
|-heal|p1a: BillionsMustIDef|65/100|[from] item: Leftovers
|upkeep
|
|t:|1780892906
|switch|p2a: Zamazenta|Zamazenta|94/100
|-damage|p2a: Zamazenta|88/100|[from] Stealth Rock
|turn|38
|
|t:|1780892911
|move|p2a: Zamazenta|Close Combat|p1a: BillionsMustIDef
|-damage|p1a: BillionsMustIDef|38/100
|-unboost|p2a: Zamazenta|def|1
|-unboost|p2a: Zamazenta|spd|1
|move|p1a: BillionsMustIDef|Body Press|p2a: Zamazenta
|-damage|p2a: Zamazenta|0 fnt
|faint|p2a: Zamazenta
|
|win|Palm X
|raw|Palm X's rating: 1641 &rarr; <strong>1664</strong><br />(+23 for winning)
|raw|team10thPlanet's rating: 1693 &rarr; <strong>1670</strong><br />(-23 for losing)
|l|☆team10thPlanet
|player|p2|
|l|☆Palm X
|player|p1|
