|j|☆fludermay
|j|☆KurisuChestnutOU
|t:|1781151266
|gametype|singles
|player|p1|fludermay|erika|1629
|player|p2|KurisuChestnutOU|may-contest|1577
|gen|9
|tier|[Gen 9] OU
|rated|
|rule|HP Percentage Mod: HP is shown in percentages
|rule|Endless Battle Clause: Forcing endless battles is banned
|rule|Species Clause: Limit one of each Pokémon
|rule|OHKO Clause: OHKO moves are banned
|rule|Evasion Items Clause: Evasion items are banned
|rule|Evasion Moves Clause: Evasion moves are banned
|rule|Evasion Abilities Clause: Evasion abilities are banned
|rule|Sleep Moves Clause: Sleep-inducing moves are banned
|clearpoke
|poke|p1|Slowking-Galar, F|
|poke|p1|Ting-Lu|
|poke|p1|Hydrapple, F|
|poke|p1|Corviknight, F|
|poke|p1|Cinderace, F|
|poke|p1|Dondozo, F|
|poke|p2|Zamazenta-*|
|poke|p2|Zapdos|
|poke|p2|Garganacl, F|
|poke|p2|Clefable, M|
|poke|p2|Samurott-Hisui, M|
|poke|p2|Gholdengo|
|teampreview
|inactive|Battle timer is ON: inactive players will automatically lose when time's up. (requested by KurisuChestnutOU)
|
|t:|1781151289
|teamsize|p1|6
|teamsize|p2|6
|start
|switch|p1a: Hydrapple|Hydrapple, F|100/100
|switch|p2a: Zamazenta|Zamazenta|100/100
|-ability|p2a: Zamazenta|Dauntless Shield|boost
|-boost|p2a: Zamazenta|def|1
|turn|1
|
|t:|1781151300
|move|p1a: Hydrapple|Fickle Beam|p2a: Zamazenta|[anim] Fickle Beam All Out
|-activate|p1a: Hydrapple|move: Fickle Beam
|-damage|p2a: Zamazenta|50/100
|move|p2a: Zamazenta|Roar|p1a: Hydrapple
|drag|p1a: Corviknight|Corviknight, F, shiny|100/100
|-ability|p1a: Corviknight|Pressure
|
|-heal|p2a: Zamazenta|56/100|[from] item: Leftovers
|upkeep
|turn|2
|
|t:|1781151307
|switch|p1a: Hydrapple|Hydrapple, F|100/100
|move|p2a: Zamazenta|Iron Defense|p2a: Zamazenta
|-boost|p2a: Zamazenta|def|2
|
|-heal|p2a: Zamazenta|63/100|[from] item: Leftovers
|upkeep
|turn|3
|
|t:|1781151310
|move|p1a: Hydrapple|Fickle Beam|p2a: Zamazenta
|-damage|p2a: Zamazenta|34/100
|move|p2a: Zamazenta|Roar|p1a: Hydrapple
|drag|p1a: Slowking|Slowking-Galar, F|100/100
|
|-heal|p2a: Zamazenta|40/100|[from] item: Leftovers
|upkeep
|turn|4
|
|t:|1781151324
|move|p2a: Zamazenta|Crunch|p1a: Slowking
|-supereffective|p1a: Slowking
|-damage|p1a: Slowking|67/100
|move|p1a: Slowking|Sludge Bomb|p2a: Zamazenta
|-damage|p2a: Zamazenta|15/100
|-status|p2a: Zamazenta|psn
|
|-heal|p2a: Zamazenta|21/100 psn|[from] item: Leftovers
|-heal|p1a: Slowking|73/100|[from] item: Black Sludge
|-damage|p2a: Zamazenta|9/100 psn|[from] psn
|upkeep
|turn|5
|
|t:|1781151337
|switch|p1a: Dondozo|Dondozo, F|100/100
|move|p2a: Zamazenta|Body Press|p1a: Dondozo
|-damage|p1a: Dondozo|83/100
|
|-heal|p2a: Zamazenta|15/100 psn|[from] item: Leftovers
|-heal|p1a: Dondozo|89/100|[from] item: Leftovers
|-damage|p2a: Zamazenta|3/100 psn|[from] psn
|upkeep
|turn|6
|
|t:|1781151341
|switch|p2a: Garganacl|Garganacl, F|100/100
|switch|p1a: Hydrapple|Hydrapple, F|100/100
|
|upkeep
|turn|7
|
|t:|1781151348
|move|p1a: Hydrapple|Nasty Plot|p1a: Hydrapple
|-boost|p1a: Hydrapple|spa|2
|move|p2a: Garganacl|Stealth Rock|p1a: Hydrapple
|-sidestart|p1: fludermay|move: Stealth Rock
|
|upkeep
|turn|8
|
|t:|1781151355
|switch|p2a: Zamazenta|Zamazenta|3/100 psn
|move|p1a: Hydrapple|Fickle Beam|p2a: Zamazenta
|-damage|p2a: Zamazenta|0 fnt
|faint|p2a: Zamazenta
|
|upkeep
|
|t:|1781151362
|switch|p2a: Clefable|Clefable, M|100/100
|turn|9
|
|t:|1781151366
|move|p2a: Clefable|Moonblast|p1a: Hydrapple
|-supereffective|p1a: Hydrapple
|-damage|p1a: Hydrapple|41/100
|move|p1a: Hydrapple|Giga Drain|p2a: Clefable
|-damage|p2a: Clefable|72/100
|-heal|p1a: Hydrapple|54/100|[from] drain|[of] p2a: Clefable
|
|-heal|p1a: Hydrapple|60/100|[from] item: Leftovers
|upkeep
|turn|10
|
|t:|1781151372
|switch|p1a: Cinderace|Cinderace, F|100/100
|move|p2a: Clefable|Knock Off|p1a: Cinderace
|-damage|p1a: Cinderace|83/100
|-enditem|p1a: Cinderace|Heavy-Duty Boots|[from] move: Knock Off|[of] p2a: Clefable
|
|upkeep
|turn|11
|
|t:|1781151376
|switch|p2a: Samurott|Samurott-Hisui, M|100/100
|move|p1a: Cinderace|Court Change|p1a: Cinderace
|-swapsideconditions
|-activate|p1a: Cinderace|move: Court Change
|
|upkeep
|turn|12
|
|t:|1781151379
|move|p2a: Samurott|Ceaseless Edge|p1a: Cinderace|[miss]
|-miss|p2a: Samurott|p1a: Cinderace
|move|p1a: Cinderace|U-turn|p2a: Samurott
|-supereffective|p2a: Samurott
|-damage|p2a: Samurott|56/100
|c|☆fludermay|mb
|
|t:|1781151387
|switch|p1a: Hydrapple|Hydrapple, F|93/100|[from] U-turn
|
|-heal|p1a: Hydrapple|99/100|[from] item: Leftovers
|upkeep
|turn|13
|
|t:|1781151393
|move|p2a: Samurott|Ceaseless Edge|p1a: Hydrapple
|-damage|p1a: Hydrapple|72/100
|-sidestart|p1: fludermay|Spikes
|move|p1a: Hydrapple|Giga Drain|p2a: Samurott
|-supereffective|p2a: Samurott
|-damage|p2a: Samurott|0 fnt
|-heal|p1a: Hydrapple|94/100|[from] drain|[of] p2a: Samurott
|faint|p2a: Samurott
|
|-heal|p1a: Hydrapple|99/100|[from] item: Leftovers
|upkeep
|
|t:|1781151396
|switch|p2a: Garganacl|Garganacl, F|100/100
|-damage|p2a: Garganacl|88/100|[from] Stealth Rock
|turn|14
|
|t:|1781151403
|move|p1a: Hydrapple|Nasty Plot|p1a: Hydrapple
|-boost|p1a: Hydrapple|spa|2
|move|p2a: Garganacl|Stealth Rock|p1a: Hydrapple
|-sidestart|p1: fludermay|move: Stealth Rock
|
|-heal|p1a: Hydrapple|100/100|[from] item: Leftovers
|-heal|p2a: Garganacl|94/100|[from] item: Leftovers
|upkeep
|turn|15
|
|t:|1781151408
|switch|p2a: Clefable|Clefable, M|72/100
|move|p1a: Hydrapple|Giga Drain|p2a: Clefable
|-crit|p2a: Clefable
|-damage|p2a: Clefable|25/100
|
|upkeep
|turn|16
|
|t:|1781151413
|move|p2a: Clefable|Moonlight|p2a: Clefable
|-heal|p2a: Clefable|75/100
|move|p1a: Hydrapple|Giga Drain|p2a: Clefable
|-damage|p2a: Clefable|45/100
|
|upkeep
|turn|17
|
|t:|1781151422
|switch|p1a: Slowking|Slowking-Galar, F|100/100
|-damage|p1a: Slowking|88/100|[from] Spikes
|-damage|p1a: Slowking|76/100|[from] Stealth Rock
|move|p2a: Clefable|Moonlight|p2a: Clefable
|-heal|p2a: Clefable|95/100
|
|-heal|p1a: Slowking|82/100|[from] item: Black Sludge
|upkeep
|turn|18
|
|t:|1781151428
|switch|p2a: Gholdengo|Gholdengo|100/100
|-damage|p2a: Gholdengo|94/100|[from] Stealth Rock
|move|p1a: Slowking|Psychic Noise|p2a: Gholdengo
|-resisted|p2a: Gholdengo
|-damage|p2a: Gholdengo|77/100
|-start|p2a: Gholdengo|move: Heal Block
|
|-heal|p1a: Slowking|88/100|[from] item: Black Sludge
|upkeep
|turn|19
|
|t:|1781151434
|switch|p1a: Ting-Lu|Ting-Lu|100/100
|-damage|p1a: Ting-Lu|88/100|[from] Spikes
|-damage|p1a: Ting-Lu|82/100|[from] Stealth Rock
|-ability|p1a: Ting-Lu|Vessel of Ruin
|move|p2a: Gholdengo|Shadow Ball|p1a: Ting-Lu
|-resisted|p1a: Ting-Lu
|-damage|p1a: Ting-Lu|73/100
|
|-heal|p1a: Ting-Lu|80/100|[from] item: Leftovers
|-end|p2a: Gholdengo|move: Heal Block
|upkeep
|turn|20
|
|t:|1781151442
|switch|p2a: Clefable|Clefable, M|95/100
|move|p1a: Ting-Lu|Payback|p2a: Clefable
|-resisted|p2a: Clefable
|-damage|p2a: Clefable|88/100
|
|-heal|p1a: Ting-Lu|86/100|[from] item: Leftovers
|upkeep
|turn|21
|
|t:|1781151449
|move|p2a: Clefable|Moonblast|p1a: Ting-Lu
|-supereffective|p1a: Ting-Lu
|-damage|p1a: Ting-Lu|59/100
|move|p1a: Ting-Lu|Earthquake|p2a: Clefable
|-damage|p2a: Clefable|59/100
|
|-heal|p1a: Ting-Lu|65/100|[from] item: Leftovers
|upkeep
|turn|22
|
|t:|1781151454
|move|p2a: Clefable|Moonlight|p2a: Clefable
|-heal|p2a: Clefable|100/100
|move|p1a: Ting-Lu|Earthquake|p2a: Clefable
|-damage|p2a: Clefable|71/100
|
|-heal|p1a: Ting-Lu|71/100|[from] item: Leftovers
|upkeep
|turn|23
|
|t:|1781151457
|move|p2a: Clefable|Knock Off|p1a: Ting-Lu
|-resisted|p1a: Ting-Lu
|-damage|p1a: Ting-Lu|67/100
|-enditem|p1a: Ting-Lu|Leftovers|[from] move: Knock Off|[of] p2a: Clefable
|move|p1a: Ting-Lu|Earthquake|p2a: Clefable
|-damage|p2a: Clefable|41/100
|
|upkeep
|turn|24
|
|t:|1781151465
|move|p2a: Clefable|Moonlight|p2a: Clefable
|-heal|p2a: Clefable|91/100
|move|p1a: Ting-Lu|Earthquake|p2a: Clefable
|-damage|p2a: Clefable|61/100
|
|upkeep
|turn|25
|
|t:|1781151470
|move|p2a: Clefable|Moonlight|p2a: Clefable
|-heal|p2a: Clefable|100/100
|move|p1a: Ting-Lu|Earthquake|p2a: Clefable
|-damage|p2a: Clefable|72/100
|
|upkeep
|turn|26
|
|t:|1781151476
|move|p2a: Clefable|Moonlight|p2a: Clefable
|-heal|p2a: Clefable|100/100
|move|p1a: Ting-Lu|Earthquake|p2a: Clefable
|-crit|p2a: Clefable
|-damage|p2a: Clefable|55/100
|
|upkeep
|turn|27
|
|t:|1781151487
|move|p2a: Clefable|Moonlight|p2a: Clefable
|-heal|p2a: Clefable|100/100
|move|p1a: Ting-Lu|Earthquake|p2a: Clefable
|-damage|p2a: Clefable|72/100
|
|upkeep
|turn|28
|
|t:|1781151494
|move|p2a: Clefable|Moonblast|p1a: Ting-Lu
|-supereffective|p1a: Ting-Lu
|-damage|p1a: Ting-Lu|43/100
|move|p1a: Ting-Lu|Earthquake|p2a: Clefable
|-damage|p2a: Clefable|45/100
|
|upkeep
|turn|29
|
|t:|1781151502
|move|p2a: Clefable|Moonblast|p1a: Ting-Lu
|-supereffective|p1a: Ting-Lu
|-damage|p1a: Ting-Lu|16/100
|move|p1a: Ting-Lu|Rest|p1a: Ting-Lu
|-status|p1a: Ting-Lu|slp|[from] move: Rest
|-heal|p1a: Ting-Lu|100/100 slp|[silent]
|
|upkeep
|turn|30
|
|t:|1781151509
|move|p2a: Clefable|Moonlight|p2a: Clefable
|-heal|p2a: Clefable|95/100
|cant|p1a: Ting-Lu|slp
|move|p1a: Ting-Lu|Sleep Talk|p1a: Ting-Lu
|move|p1a: Ting-Lu|Rest||[from] move: Sleep Talk|[still]
|-fail|p1a: Ting-Lu
|
|upkeep
|turn|31
|
|t:|1781151513
|move|p2a: Clefable|Moonblast|p1a: Ting-Lu
|-supereffective|p1a: Ting-Lu
|-damage|p1a: Ting-Lu|75/100 slp
|-unboost|p1a: Ting-Lu|spa|1
|cant|p1a: Ting-Lu|slp
|move|p1a: Ting-Lu|Sleep Talk|p1a: Ting-Lu
|move|p1a: Ting-Lu|Rest||[from] move: Sleep Talk|[still]
|-fail|p1a: Ting-Lu
|
|upkeep
|turn|32
|
|t:|1781151542
|switch|p2a: Zapdos|Zapdos|100/100
|-curestatus|p1a: Ting-Lu|slp|[msg]
|move|p1a: Ting-Lu|Earthquake|p2a: Zapdos
|-immune|p2a: Zapdos
|
|upkeep
|turn|33
|
|t:|1781151546
|move|p2a: Zapdos|Hurricane|p1a: Ting-Lu
|-damage|p1a: Ting-Lu|57/100
|move|p1a: Ting-Lu|Payback|p2a: Zapdos
|-damage|p2a: Zapdos|73/100
|-status|p1a: Ting-Lu|par|[from] ability: Static|[of] p2a: Zapdos
|
|upkeep
|turn|34
|
|t:|1781151551
|move|p2a: Zapdos|Roost|p2a: Zapdos
|-heal|p2a: Zapdos|100/100
|-singleturn|p2a: Zapdos|move: Roost
|move|p1a: Ting-Lu|Rest|p1a: Ting-Lu
|-status|p1a: Ting-Lu|slp|[from] move: Rest
|-heal|p1a: Ting-Lu|100/100 slp|[silent]
|
|upkeep
|turn|35
|
|t:|1781151557
|move|p2a: Zapdos|Hurricane|p1a: Ting-Lu|[miss]
|-miss|p2a: Zapdos|p1a: Ting-Lu
|cant|p1a: Ting-Lu|slp
|move|p1a: Ting-Lu|Sleep Talk|p1a: Ting-Lu
|move|p1a: Ting-Lu|Payback|p2a: Zapdos|[from] move: Sleep Talk
|-damage|p2a: Zapdos|74/100
|
|upkeep
|turn|36
|
|t:|1781151561
|move|p2a: Zapdos|Hurricane|p1a: Ting-Lu|[miss]
|-miss|p2a: Zapdos|p1a: Ting-Lu
|cant|p1a: Ting-Lu|slp
|move|p1a: Ting-Lu|Sleep Talk|p1a: Ting-Lu
|move|p1a: Ting-Lu|Rest||[from] move: Sleep Talk|[still]
|-fail|p1a: Ting-Lu
|
|upkeep
|turn|37
|
|t:|1781151566
|move|p2a: Zapdos|Hurricane|p1a: Ting-Lu
|-damage|p1a: Ting-Lu|81/100 slp
|-curestatus|p1a: Ting-Lu|slp|[msg]
|move|p1a: Ting-Lu|Payback|p2a: Zapdos
|-damage|p2a: Zapdos|49/100
|
|upkeep
|turn|38
|
|t:|1781151569
|move|p2a: Zapdos|Roost|p2a: Zapdos
|-heal|p2a: Zapdos|99/100
|-singleturn|p2a: Zapdos|move: Roost
|move|p1a: Ting-Lu|Earthquake|p2a: Zapdos
|-supereffective|p2a: Zapdos
|-damage|p2a: Zapdos|43/100
|
|upkeep
|turn|39
|
|t:|1781151572
|move|p2a: Zapdos|Roost|p2a: Zapdos
|-heal|p2a: Zapdos|93/100
|-singleturn|p2a: Zapdos|move: Roost
|move|p1a: Ting-Lu|Earthquake|p2a: Zapdos
|-supereffective|p2a: Zapdos
|-damage|p2a: Zapdos|35/100
|
|upkeep
|turn|40
|
|t:|1781151575
|move|p2a: Zapdos|Roost|p2a: Zapdos
|-heal|p2a: Zapdos|85/100
|-singleturn|p2a: Zapdos|move: Roost
|move|p1a: Ting-Lu|Earthquake|p2a: Zapdos
|-supereffective|p2a: Zapdos
|-damage|p2a: Zapdos|27/100
|
|upkeep
|turn|41
|
|t:|1781151578
|move|p2a: Zapdos|Roost|p2a: Zapdos
|-heal|p2a: Zapdos|77/100
|-singleturn|p2a: Zapdos|move: Roost
|move|p1a: Ting-Lu|Earthquake|p2a: Zapdos
|-supereffective|p2a: Zapdos
|-damage|p2a: Zapdos|25/100
|
|upkeep
|turn|42
|
|t:|1781151585
|move|p2a: Zapdos|Roost|p2a: Zapdos
|-heal|p2a: Zapdos|75/100
|-singleturn|p2a: Zapdos|move: Roost
|move|p1a: Ting-Lu|Earthquake|p2a: Zapdos
|-supereffective|p2a: Zapdos
|-damage|p2a: Zapdos|20/100
|
|upkeep
|turn|43
|
|t:|1781151587
|move|p2a: Zapdos|Roost|p2a: Zapdos
|-heal|p2a: Zapdos|70/100
|-singleturn|p2a: Zapdos|move: Roost
|move|p1a: Ting-Lu|Earthquake|p2a: Zapdos
|-supereffective|p2a: Zapdos
|-damage|p2a: Zapdos|18/100
|
|upkeep
|turn|44
|
|t:|1781151594
|move|p2a: Zapdos|Roost|p2a: Zapdos
|-heal|p2a: Zapdos|68/100
|-singleturn|p2a: Zapdos|move: Roost
|move|p1a: Ting-Lu|Earthquake|p2a: Zapdos
|-supereffective|p2a: Zapdos
|-damage|p2a: Zapdos|13/100
|
|upkeep
|turn|45
|
|t:|1781151598
|switch|p2a: Clefable|Clefable, M|95/100
|move|p1a: Ting-Lu|Payback|p2a: Clefable
|-resisted|p2a: Clefable
|-damage|p2a: Clefable|88/100
|
|upkeep
|turn|46
|c|☆fludermay|nicee
|
|t:|1781151611
|move|p2a: Clefable|Moonblast|p1a: Ting-Lu
|-supereffective|p1a: Ting-Lu
|-damage|p1a: Ting-Lu|54/100
|move|p1a: Ting-Lu|Payback|p2a: Clefable
|-resisted|p2a: Clefable
|-damage|p2a: Clefable|74/100
|
|upkeep
|turn|47
|
|t:|1781151626
|move|p2a: Clefable|Moonblast|p1a: Ting-Lu
|-supereffective|p1a: Ting-Lu
|-damage|p1a: Ting-Lu|28/100
|move|p1a: Ting-Lu|Rest|p1a: Ting-Lu
|-status|p1a: Ting-Lu|slp|[from] move: Rest
|-heal|p1a: Ting-Lu|100/100 slp|[silent]
|
|upkeep
|turn|48
|
|t:|1781151629
|move|p2a: Clefable|Moonblast|p1a: Ting-Lu
|-supereffective|p1a: Ting-Lu
|-damage|p1a: Ting-Lu|77/100 slp
|cant|p1a: Ting-Lu|slp
|move|p1a: Ting-Lu|Sleep Talk|p1a: Ting-Lu
|move|p1a: Ting-Lu|Payback|p2a: Clefable|[from] move: Sleep Talk
|-resisted|p2a: Clefable
|-damage|p2a: Clefable|61/100
|
|upkeep
|turn|49
|
|t:|1781151635
|move|p2a: Clefable|Moonblast|p1a: Ting-Lu
|-supereffective|p1a: Ting-Lu
|-damage|p1a: Ting-Lu|52/100 slp
|-unboost|p1a: Ting-Lu|spa|1
|cant|p1a: Ting-Lu|slp
|move|p1a: Ting-Lu|Sleep Talk|p1a: Ting-Lu
|move|p1a: Ting-Lu|Rest||[from] move: Sleep Talk|[still]
|-fail|p1a: Ting-Lu
|
|upkeep
|turn|50
|
|t:|1781151643
|switch|p2a: Zapdos|Zapdos|13/100
|-curestatus|p1a: Ting-Lu|slp|[msg]
|move|p1a: Ting-Lu|Rest|p1a: Ting-Lu
|-status|p1a: Ting-Lu|slp|[from] move: Rest
|-heal|p1a: Ting-Lu|100/100 slp|[silent]
|
|upkeep
|turn|51
|
|t:|1781151647
|move|p2a: Zapdos|Hurricane|p1a: Ting-Lu
|-crit|p1a: Ting-Lu
|-damage|p1a: Ting-Lu|71/100 slp
|cant|p1a: Ting-Lu|slp
|move|p1a: Ting-Lu|Sleep Talk|p1a: Ting-Lu
|move|p1a: Ting-Lu|Payback|p2a: Zapdos|[from] move: Sleep Talk
|-damage|p2a: Zapdos|0 fnt
|faint|p2a: Zapdos
|
|upkeep
|
|t:|1781151651
|switch|p2a: Clefable|Clefable, M|61/100
|turn|52
|
|t:|1781151656
|move|p2a: Clefable|Moonblast|p1a: Ting-Lu
|-supereffective|p1a: Ting-Lu
|-damage|p1a: Ting-Lu|44/100 slp
|cant|p1a: Ting-Lu|slp
|move|p1a: Ting-Lu|Sleep Talk|p1a: Ting-Lu
|move|p1a: Ting-Lu|Earthquake|p2a: Clefable|[from] move: Sleep Talk
|-damage|p2a: Clefable|32/100
|
|upkeep
|turn|53
|
|t:|1781151666
|move|p2a: Clefable|Moonblast|p1a: Ting-Lu
|-supereffective|p1a: Ting-Lu
|-damage|p1a: Ting-Lu|17/100 slp
|-curestatus|p1a: Ting-Lu|slp|[msg]
|move|p1a: Ting-Lu|Rest|p1a: Ting-Lu
|-status|p1a: Ting-Lu|slp|[from] move: Rest
|-heal|p1a: Ting-Lu|100/100 slp|[silent]
|
|upkeep
|turn|54
|
|t:|1781151670
|switch|p1a: Corviknight|Corviknight, F, shiny|100/100
|-damage|p1a: Corviknight|88/100|[from] Stealth Rock
|-ability|p1a: Corviknight|Pressure
|move|p2a: Clefable|Thunder Wave|p1a: Corviknight
|-status|p1a: Corviknight|par
|
|upkeep
|turn|55
|
|t:|1781151680
|switch|p2a: Gholdengo|Gholdengo|77/100
|-damage|p2a: Gholdengo|71/100|[from] Stealth Rock
|switch|p1a: Cinderace|Cinderace, F|83/100
|-damage|p1a: Cinderace|70/100|[from] Spikes
|-damage|p1a: Cinderace|45/100|[from] Stealth Rock
|
|upkeep
|turn|56
|
|t:|1781151689
|move|p2a: Gholdengo|Shadow Ball|p1a: Cinderace
|-damage|p1a: Cinderace|0 fnt
|faint|p1a: Cinderace
|
|upkeep
|
|t:|1781151705
|switch|p1a: Dondozo|Dondozo, F|89/100
|-damage|p1a: Dondozo|77/100|[from] Spikes
|-damage|p1a: Dondozo|64/100|[from] Stealth Rock
|turn|57
|
|t:|1781151712
|move|p2a: Gholdengo|Shadow Ball|p1a: Dondozo
|-damage|p1a: Dondozo|36/100
|move|p1a: Dondozo|Liquidation|p2a: Gholdengo
|-damage|p2a: Gholdengo|34/100
|
|-heal|p1a: Dondozo|42/100|[from] item: Leftovers
|upkeep
|turn|58
|
|t:|1781151718
|move|p2a: Gholdengo|Shadow Ball|p1a: Dondozo
|-damage|p1a: Dondozo|17/100
|move|p1a: Dondozo|Rest|p1a: Dondozo
|-status|p1a: Dondozo|slp|[from] move: Rest
|-heal|p1a: Dondozo|100/100 slp|[silent]
|
|upkeep
|turn|59
|
|t:|1781151724
|move|p2a: Gholdengo|Shadow Ball|p1a: Dondozo
|-damage|p1a: Dondozo|72/100 slp
|cant|p1a: Dondozo|slp
|move|p1a: Dondozo|Sleep Talk|p1a: Dondozo
|move|p1a: Dondozo|Rest||[from] move: Sleep Talk|[still]
|-fail|p1a: Dondozo
|
|-heal|p1a: Dondozo|78/100 slp|[from] item: Leftovers
|upkeep
|turn|60
|
|t:|1781151728
|move|p2a: Gholdengo|Shadow Ball|p1a: Dondozo
|-damage|p1a: Dondozo|50/100 slp
|cant|p1a: Dondozo|slp
|move|p1a: Dondozo|Sleep Talk|p1a: Dondozo
|move|p1a: Dondozo|Liquidation|p2a: Gholdengo|[from] move: Sleep Talk
|-damage|p2a: Gholdengo|0 fnt
|faint|p2a: Gholdengo
|
|-heal|p1a: Dondozo|56/100 slp|[from] item: Leftovers
|upkeep
|
|t:|1781151733
|switch|p2a: Garganacl|Garganacl, F|94/100
|-damage|p2a: Garganacl|82/100|[from] Stealth Rock
|turn|61
|
|t:|1781151742
|switch|p2a: Clefable|Clefable, M|32/100
|-curestatus|p1a: Dondozo|slp|[msg]
|move|p1a: Dondozo|Curse|p1a: Dondozo
|-unboost|p1a: Dondozo|spe|1
|-boost|p1a: Dondozo|atk|1
|-boost|p1a: Dondozo|def|1
|
|-heal|p1a: Dondozo|62/100|[from] item: Leftovers
|upkeep
|turn|62
|
|t:|1781151745
|move|p2a: Clefable|Thunder Wave|p1a: Dondozo
|-status|p1a: Dondozo|par
|cant|p1a: Dondozo|par
|
|-heal|p1a: Dondozo|68/100 par|[from] item: Leftovers
|upkeep
|turn|63
|
|t:|1781151752
|move|p2a: Clefable|Moonblast|p1a: Dondozo
|-damage|p1a: Dondozo|48/100 par
|-unboost|p1a: Dondozo|spa|1
|cant|p1a: Dondozo|par
|
|-heal|p1a: Dondozo|54/100 par|[from] item: Leftovers
|upkeep
|turn|64
|
|t:|1781151756
|move|p2a: Clefable|Moonblast|p1a: Dondozo
|-damage|p1a: Dondozo|35/100 par
|move|p1a: Dondozo|Liquidation|p2a: Clefable
|-damage|p2a: Clefable|9/100
|
|-heal|p1a: Dondozo|42/100 par|[from] item: Leftovers
|upkeep
|turn|65
|
|t:|1781151760
|move|p2a: Clefable|Knock Off|p1a: Dondozo
|-damage|p1a: Dondozo|33/100 par
|-enditem|p1a: Dondozo|Leftovers|[from] move: Knock Off|[of] p2a: Clefable
|move|p1a: Dondozo|Rest|p1a: Dondozo
|-status|p1a: Dondozo|slp|[from] move: Rest
|-heal|p1a: Dondozo|100/100 slp|[silent]
|
|upkeep
|turn|66
|
|t:|1781151763
|switch|p2a: Garganacl|Garganacl, F|82/100
|-damage|p2a: Garganacl|70/100|[from] Stealth Rock
|cant|p1a: Dondozo|slp
|move|p1a: Dondozo|Sleep Talk|p1a: Dondozo
|move|p1a: Dondozo|Liquidation|p2a: Garganacl|[from] move: Sleep Talk
|-supereffective|p2a: Garganacl
|-damage|p2a: Garganacl|5/100
|-unboost|p2a: Garganacl|def|1
|
|-heal|p2a: Garganacl|11/100|[from] item: Leftovers
|upkeep
|turn|67
|
|t:|1781151766
|move|p2a: Garganacl|Recover|p2a: Garganacl
|-heal|p2a: Garganacl|61/100
|cant|p1a: Dondozo|slp
|
|-heal|p2a: Garganacl|68/100|[from] item: Leftovers
|upkeep
|turn|68
|
|t:|1781151770
|-terastallize|p2a: Garganacl|Water
|move|p2a: Garganacl|Salt Cure|p1a: Dondozo
|-damage|p1a: Dondozo|96/100 slp
|-start|p1a: Dondozo|Salt Cure
|-curestatus|p1a: Dondozo|slp|[msg]
|move|p1a: Dondozo|Liquidation|p2a: Garganacl
|-resisted|p2a: Garganacl
|-damage|p2a: Garganacl|53/100
|
|-heal|p2a: Garganacl|60/100|[from] item: Leftovers
|-damage|p1a: Dondozo|71/100|[from] Salt Cure
|upkeep
|turn|69
|
|t:|1781151779
|switch|p2a: Clefable|Clefable, M|9/100
|move|p1a: Dondozo|Liquidation|p2a: Clefable
|-damage|p2a: Clefable|0 fnt
|faint|p2a: Clefable
|
|-damage|p1a: Dondozo|46/100|[from] Salt Cure
|upkeep
|
|t:|1781151782
|switch|p2a: Garganacl|Garganacl, F, tera:Water|60/100
|-damage|p2a: Garganacl|47/100|[from] Stealth Rock
|turn|70
|
|t:|1781151786
|switch|p1a: Slowking|Slowking-Galar, F|100/100
|-damage|p1a: Slowking|88/100|[from] Spikes
|-damage|p1a: Slowking|76/100|[from] Stealth Rock
|move|p2a: Garganacl|Recover|p2a: Garganacl
|-heal|p2a: Garganacl|97/100
|
|-heal|p2a: Garganacl|100/100|[from] item: Leftovers
|-heal|p1a: Slowking|82/100|[from] item: Black Sludge
|upkeep
|turn|71
|
|t:|1781151790
|move|p2a: Garganacl|Salt Cure|p1a: Slowking
|-damage|p1a: Slowking|71/100
|-start|p1a: Slowking|Salt Cure
|move|p1a: Slowking|Trick|p2a: Garganacl
|-activate|p1a: Slowking|move: Trick|[of] p2a: Garganacl
|-item|p2a: Garganacl|Black Sludge|[from] move: Trick
|-item|p1a: Slowking|Leftovers|[from] move: Trick
|
|-damage|p2a: Garganacl|88/100|[from] item: Black Sludge
|-heal|p1a: Slowking|77/100|[from] item: Leftovers
|-damage|p1a: Slowking|65/100|[from] Salt Cure
|upkeep
|turn|72
|
|t:|1781151794
|move|p2a: Garganacl|Recover|p2a: Garganacl
|-heal|p2a: Garganacl|100/100
|move|p1a: Slowking|Psychic Noise|p2a: Garganacl
|-crit|p2a: Garganacl
|-damage|p2a: Garganacl|75/100
|-start|p2a: Garganacl|move: Heal Block
|
|-damage|p2a: Garganacl|63/100|[from] item: Black Sludge
|-heal|p1a: Slowking|71/100|[from] item: Leftovers
|-damage|p1a: Slowking|58/100|[from] Salt Cure
|upkeep
|turn|73
|
|t:|1781151799
|move|p2a: Garganacl|Earthquake|p1a: Slowking
|-supereffective|p1a: Slowking
|-damage|p1a: Slowking|22/100
|move|p1a: Slowking|Psychic Noise|p2a: Garganacl
|-damage|p2a: Garganacl|45/100
|
|-damage|p2a: Garganacl|32/100|[from] item: Black Sludge
|-heal|p1a: Slowking|28/100|[from] item: Leftovers
|-damage|p1a: Slowking|15/100|[from] Salt Cure
|-end|p2a: Garganacl|move: Heal Block
|upkeep
|turn|74
|
|t:|1781151803
|move|p2a: Garganacl|Recover|p2a: Garganacl
|-heal|p2a: Garganacl|82/100
|move|p1a: Slowking|Psychic Noise|p2a: Garganacl
|-damage|p2a: Garganacl|65/100
|-start|p2a: Garganacl|move: Heal Block
|
|-damage|p2a: Garganacl|53/100|[from] item: Black Sludge
|-heal|p1a: Slowking|22/100|[from] item: Leftovers
|-damage|p1a: Slowking|9/100|[from] Salt Cure
|upkeep
|turn|75
|
|t:|1781151811
|move|p2a: Garganacl|Earthquake|p1a: Slowking
|-supereffective|p1a: Slowking
|-damage|p1a: Slowking|0 fnt
|faint|p1a: Slowking
|
|-damage|p2a: Garganacl|40/100|[from] item: Black Sludge
|-end|p2a: Garganacl|move: Heal Block
|upkeep
|
|t:|1781151813
|switch|p1a: Hydrapple|Hydrapple, F|100/100
|-damage|p1a: Hydrapple|88/100|[from] Spikes
|-damage|p1a: Hydrapple|76/100|[from] Stealth Rock
|turn|76
|
|t:|1781151816
|move|p1a: Hydrapple|Giga Drain|p2a: Garganacl
|-supereffective|p2a: Garganacl
|-damage|p2a: Garganacl|1/100
|-heal|p1a: Hydrapple|95/100|[from] drain|[of] p2a: Garganacl
|move|p2a: Garganacl|Recover|p2a: Garganacl
|-heal|p2a: Garganacl|51/100
|
|-heal|p1a: Hydrapple|100/100|[from] item: Leftovers
|-damage|p2a: Garganacl|39/100|[from] item: Black Sludge
|upkeep
|turn|77
|
|t:|1781151821
|move|p1a: Hydrapple|Giga Drain|p2a: Garganacl
|-supereffective|p2a: Garganacl
|-damage|p2a: Garganacl|0 fnt
|faint|p2a: Garganacl
|
|win|fludermay
|raw|fludermay's rating: 1629 &rarr; <strong>1643</strong><br />(+14 for winning)
|raw|KurisuChestnutOU's rating: 1523 &rarr; <strong>1509</strong><br />(-14 for losing)
|l|☆KurisuChestnutOU
|player|p2|
|l|☆fludermay
|player|p1|
