|j|☆kooopooolooo
|j|☆Izlymoney
|t:|1781199799
|gametype|singles
|player|p1|kooopooolooo|102|1602
|player|p2|Izlymoney|101|1666
|gen|9
|tier|[Gen 9] OU
|rated|
|rule|HP Percentage Mod: HP is shown in percentages
|rule|Endless Battle Clause: Forcing endless battles is banned
|rule|Species Clause: Limit one of each Pokémon
|rule|OHKO Clause: OHKO moves are banned
|rule|Evasion Items Clause: Evasion items are banned
|rule|Evasion Moves Clause: Evasion moves are banned
|rule|Evasion Abilities Clause: Evasion abilities are banned
|rule|Sleep Moves Clause: Sleep-inducing moves are banned
|clearpoke
|poke|p1|Lokix, F|
|poke|p1|Hatterene, F|
|poke|p1|Excadrill, M|
|poke|p1|Tyranitar, F|
|poke|p1|Dragapult, F|
|poke|p1|Zapdos|
|poke|p2|Cramorant, F|
|poke|p2|Gallade, M|
|poke|p2|Kingambit, F|
|poke|p2|Iron Moth|
|poke|p2|Enamorus, F|
|poke|p2|Ogerpon-Cornerstone, F|
|teampreview
|
|t:|1781199808
|teamsize|p1|6
|teamsize|p2|6
|start
|switch|p1a: Lokix|Lokix, F|100/100
|switch|p2a: Cramorant|Cramorant, F, shiny|100/100
|turn|1
|
|t:|1781199814
|-terastallize|p1a: Lokix|Bug
|move|p1a: Lokix|First Impression|p2a: Cramorant
|-resisted|p2a: Cramorant
|-enditem|p2a: Cramorant|Focus Sash
|-damage|p2a: Cramorant|1/100
|move|p2a: Cramorant|Surf|p1a: Lokix
|-formechange|p2a: Cramorant|Cramorant-Gorging|
|-crit|p1a: Lokix
|-damage|p1a: Lokix|0 fnt
|faint|p1a: Lokix
|
|upkeep
|
|t:|1781199819
|switch|p1a: Zapdos|Zapdos|100/100
|turn|2
|
|t:|1781199823
|move|p1a: Zapdos|Thunderbolt|p2a: Cramorant
|-supereffective|p2a: Cramorant
|-damage|p2a: Cramorant|0 fnt
|-damage|p1a: Zapdos|75/100|[from] ability: Gulp Missile|[of] p2a: Cramorant
|-formechange|p2a: Cramorant|Cramorant|
|faint|p2a: Cramorant
|
|upkeep
|
|t:|1781199828
|switch|p2a: Ogerpon|Ogerpon-Cornerstone, F|100/100
|turn|3
|
|t:|1781199831
|move|p2a: Ogerpon|Ivy Cudgel|p1a: Zapdos|[anim] Ivy Cudgel Rock
|-supereffective|p1a: Zapdos
|-damage|p1a: Zapdos|0 fnt
|faint|p1a: Zapdos
|
|upkeep
|
|t:|1781199834
|switch|p1a: Dragapult|Dragapult, F|100/100
|turn|4
|
|t:|1781199837
|switch|p2a: Kingambit|Kingambit, F|100/100
|-activate|p2a: Kingambit|ability: Supreme Overlord
|-start|p2a: Kingambit|fallen1|[silent]
|move|p1a: Dragapult|Shadow Ball|p2a: Kingambit
|-resisted|p2a: Kingambit
|-damage|p2a: Kingambit|70/100
|
|upkeep
|turn|5
|
|t:|1781199843
|switch|p1a: Tyranitar|Tyranitar, F|100/100
|-weather|Sandstorm|[from] ability: Sand Stream|[of] p1a: Tyranitar
|move|p2a: Kingambit|Iron Head|p1a: Tyranitar
|-supereffective|p1a: Tyranitar
|-damage|p1a: Tyranitar|0 fnt
|faint|p1a: Tyranitar
|-damage|p2a: Kingambit|60/100|[from] item: Life Orb
|
|-weather|Sandstorm|[upkeep]
|upkeep
|
|t:|1781199848
|switch|p1a: Excadrill|Excadrill, M|100/100
|turn|6
|
|t:|1781199855
|move|p1a: Excadrill|High Horsepower|p2a: Kingambit
|-supereffective|p2a: Kingambit
|-damage|p2a: Kingambit|0 fnt
|faint|p2a: Kingambit
|-end|p2a: Kingambit|fallen1|[silent]
|
|-weather|Sandstorm|[upkeep]
|upkeep
|
|t:|1781199860
|switch|p2a: Gallade|Gallade, M|100/100
|turn|7
|
|t:|1781199862
|switch|p1a: Hatterene|Hatterene, F|100/100
|move|p2a: Gallade|Sacred Sword|p1a: Hatterene
|-resisted|p1a: Hatterene
|-damage|p1a: Hatterene|86/100
|-damage|p2a: Gallade|84/100|[from] item: Rocky Helmet|[of] p1a: Hatterene
|
|-weather|Sandstorm|[upkeep]
|-damage|p2a: Gallade|78/100|[from] Sandstorm
|-damage|p1a: Hatterene|80/100|[from] Sandstorm
|upkeep
|turn|8
|
|t:|1781199869
|move|p2a: Gallade|Swords Dance|p2a: Gallade
|-boost|p2a: Gallade|atk|2
|move|p1a: Hatterene|Nuzzle|p2a: Gallade
|-damage|p2a: Gallade|71/100
|-status|p2a: Gallade|par
|
|-weather|Sandstorm|[upkeep]
|-damage|p2a: Gallade|64/100 par|[from] Sandstorm
|-damage|p1a: Hatterene|74/100|[from] Sandstorm
|upkeep
|turn|9
|
|t:|1781199871
|move|p2a: Gallade|Psycho Cut|p1a: Hatterene
|-resisted|p1a: Hatterene
|-damage|p1a: Hatterene|30/100
|move|p1a: Hatterene|Draining Kiss|p2a: Gallade
|-supereffective|p2a: Gallade
|-damage|p2a: Gallade|12/100 par
|-heal|p1a: Hatterene|64/100|[from] drain|[of] p2a: Gallade
|
|-weather|none
|upkeep
|turn|10
|
|t:|1781199878
|move|p2a: Gallade|Shadow Sneak|p1a: Hatterene
|-supereffective|p1a: Hatterene
|-damage|p1a: Hatterene|20/100
|-damage|p2a: Gallade|0 fnt|[from] item: Rocky Helmet|[of] p1a: Hatterene
|faint|p2a: Gallade
|move|p1a: Hatterene|Draining Kiss|p2: Gallade|[notarget]
|-fail|p1a: Hatterene
|
|upkeep
|
|t:|1781199886
|switch|p2a: Iron Moth|Iron Moth|100/100
|-enditem|p2a: Iron Moth|Booster Energy
|-activate|p2a: Iron Moth|ability: Quark Drive|[fromitem]
|-start|p2a: Iron Moth|quarkdrivespe
|turn|11
|
|t:|1781199889
|move|p2a: Iron Moth|Fiery Dance|p1a: Hatterene
|-damage|p1a: Hatterene|0 fnt
|-boost|p2a: Iron Moth|spa|1
|faint|p1a: Hatterene
|
|upkeep
|
|t:|1781199891
|switch|p1a: Dragapult|Dragapult, F|100/100
|turn|12
|
|t:|1781199893
|move|p2a: Iron Moth|Dazzling Gleam|p1a: Dragapult
|-supereffective|p1a: Dragapult
|-damage|p1a: Dragapult|0 fnt
|faint|p1a: Dragapult
|
|upkeep
|
|t:|1781199896
|switch|p1a: Excadrill|Excadrill, M|100/100
|turn|13
|
|t:|1781199897
|move|p2a: Iron Moth|Fiery Dance|p1a: Excadrill
|-supereffective|p1a: Excadrill
|-damage|p1a: Excadrill|0 fnt
|faint|p1a: Excadrill
|
|win|Izlymoney
|raw|kooopooolooo's rating: 1602 &rarr; <strong>1586</strong><br />(-16 for losing)
|raw|Izlymoney's rating: 1666 &rarr; <strong>1682</strong><br />(+16 for winning)
|l|☆kooopooolooo
|player|p1|
|l|☆Izlymoney
|player|p2|
