|j|☆KurisuChestnutOU
|j|☆SlimyTime
|t:|1781138520
|gametype|singles
|player|p1|KurisuChestnutOU|may-contest|1544
|player|p2|SlimyTime|ltsurge|1608
|gen|9
|tier|[Gen 9] OU
|rated|
|rule|HP Percentage Mod: HP is shown in percentages
|rule|Endless Battle Clause: Forcing endless battles is banned
|rule|Species Clause: Limit one of each Pokémon
|rule|OHKO Clause: OHKO moves are banned
|rule|Evasion Items Clause: Evasion items are banned
|rule|Evasion Moves Clause: Evasion moves are banned
|rule|Evasion Abilities Clause: Evasion abilities are banned
|rule|Sleep Moves Clause: Sleep-inducing moves are banned
|clearpoke
|poke|p1|Ting-Lu|
|poke|p1|Corviknight, F|
|poke|p1|Clodsire, F|
|poke|p1|Moltres|
|poke|p1|Dragapult, F|
|poke|p1|Garganacl, M|
|poke|p2|Ursaluna, M|
|poke|p2|Rillaboom, M|
|poke|p2|Cinderace, F|
|poke|p2|Hatterene, F|
|poke|p2|Heatran, F|
|poke|p2|Primarina, F|
|teampreview
|inactive|Battle timer is ON: inactive players will automatically lose when time's up. (requested by KurisuChestnutOU)
|
|t:|1781138550
|teamsize|p1|6
|teamsize|p2|6
|start
|switch|p1a: Corviknight|Corviknight, F|100/100
|switch|p2a: Heatran|Heatran, F|100/100
|-ability|p1a: Corviknight|Pressure
|turn|1
|l|☆SlimyTime
|inactive|SlimyTime disconnected and has a minute to reconnect!
|player|p2|
|inactive|SlimyTime has 30 seconds to reconnect!
|j|☆SlimyTime
|inactive|SlimyTime reconnected and has 115 seconds left.
|player|p2|SlimyTime|ltsurge|
|
|t:|1781138589
|switch|p1a: Ting-Lu|Ting-Lu|100/100
|-ability|p1a: Ting-Lu|Vessel of Ruin
|move|p2a: Heatran|Stealth Rock|p1a: Ting-Lu
|-sidestart|p1: KurisuChestnutOU|move: Stealth Rock
|
|upkeep
|turn|2
|
|t:|1781138593
|move|p2a: Heatran|Taunt|p1a: Ting-Lu
|-start|p1a: Ting-Lu|move: Taunt
|cant|p1a: Ting-Lu|move: Taunt|Whirlwind
|
|upkeep
|turn|3
|
|t:|1781138597
|switch|p2a: Rillaboom|Rillaboom, M|100/100
|-fieldstart|move: Grassy Terrain|[from] ability: Grassy Surge|[of] p2a: Rillaboom
|move|p1a: Ting-Lu|Ruination|p2a: Rillaboom
|-damage|p2a: Rillaboom|51/100
|
|-heal|p2a: Rillaboom|57/100|[from] Grassy Terrain
|upkeep
|turn|4
|
|t:|1781138600
|move|p2a: Rillaboom|U-turn|p1a: Ting-Lu
|-supereffective|p1a: Ting-Lu
|-damage|p1a: Ting-Lu|60/100
|
|t:|1781138604
|switch|p2a: Hatterene|Hatterene, F|100/100|[from] U-turn
|move|p1a: Ting-Lu|Ruination|p2a: Hatterene
|-damage|p2a: Hatterene|50/100
|-enditem|p2a: Hatterene|Eject Button
|
|t:|1781138606
|switch|p2a: Primarina|Primarina, F|100/100
|
|-heal|p1a: Ting-Lu|66/100|[from] Grassy Terrain
|-heal|p1a: Ting-Lu|72/100|[from] item: Leftovers
|-end|p1a: Ting-Lu|move: Taunt
|upkeep
|turn|5
|
|t:|1781138610
|move|p2a: Primarina|Substitute|p2a: Primarina
|-start|p2a: Primarina|Substitute
|-damage|p2a: Primarina|75/100
|move|p1a: Ting-Lu|Whirlwind|p2a: Primarina
|drag|p2a: Ursaluna|Ursaluna, M|100/100
|
|-heal|p1a: Ting-Lu|79/100|[from] Grassy Terrain
|-heal|p1a: Ting-Lu|85/100|[from] item: Leftovers
|upkeep
|turn|6
|
|t:|1781138613
|move|p2a: Ursaluna|Body Slam|p1a: Ting-Lu
|-damage|p1a: Ting-Lu|64/100
|move|p1a: Ting-Lu|Stealth Rock|p2a: Ursaluna
|-sidestart|p2: SlimyTime|move: Stealth Rock
|
|-heal|p1a: Ting-Lu|70/100|[from] Grassy Terrain
|-heal|p1a: Ting-Lu|76/100|[from] item: Leftovers
|upkeep
|turn|7
|
|t:|1781138617
|move|p2a: Ursaluna|Body Slam|p1a: Ting-Lu
|-damage|p1a: Ting-Lu|55/100
|move|p1a: Ting-Lu|Ruination|p2a: Ursaluna
|-damage|p2a: Ursaluna|50/100
|
|-heal|p2a: Ursaluna|57/100|[from] Grassy Terrain
|-heal|p2a: Ursaluna|63/100|[from] item: Leftovers
|-heal|p1a: Ting-Lu|61/100|[from] Grassy Terrain
|-heal|p1a: Ting-Lu|67/100|[from] item: Leftovers
|-fieldend|move: Grassy Terrain
|upkeep
|turn|8
|
|t:|1781138621
|move|p2a: Ursaluna|Body Slam|p1a: Ting-Lu
|-damage|p1a: Ting-Lu|46/100
|-status|p1a: Ting-Lu|par
|move|p1a: Ting-Lu|Ruination|p2a: Ursaluna
|-damage|p2a: Ursaluna|32/100
|
|-heal|p2a: Ursaluna|38/100|[from] item: Leftovers
|-heal|p1a: Ting-Lu|52/100 par|[from] item: Leftovers
|upkeep
|turn|9
|
|t:|1781138625
|move|p2a: Ursaluna|Protect|p2a: Ursaluna
|-singleturn|p2a: Ursaluna|Protect
|move|p1a: Ting-Lu|Whirlwind|p2a: Ursaluna
|drag|p2a: Primarina|Primarina, F|75/100
|-damage|p2a: Primarina|63/100|[from] Stealth Rock
|
|-heal|p2a: Primarina|69/100|[from] item: Leftovers
|-heal|p1a: Ting-Lu|58/100 par|[from] item: Leftovers
|upkeep
|turn|10
|
|t:|1781138629
|-terastallize|p1a: Ting-Lu|Poison
|move|p2a: Primarina|Psychic Noise|p1a: Ting-Lu
|-damage|p1a: Ting-Lu|41/100 par
|-start|p1a: Ting-Lu|move: Heal Block
|move|p1a: Ting-Lu|Ruination|p2a: Primarina
|-damage|p2a: Primarina|35/100
|
|-heal|p2a: Primarina|41/100|[from] item: Leftovers
|upkeep
|turn|11
|
|t:|1781138636
|move|p2a: Primarina|Psychic Noise|p1a: Ting-Lu
|-damage|p1a: Ting-Lu|24/100 par
|move|p1a: Ting-Lu|Earthquake|p2a: Primarina
|-damage|p2a: Primarina|0 fnt
|faint|p2a: Primarina
|
|-end|p1a: Ting-Lu|move: Heal Block
|upkeep
|
|t:|1781138643
|switch|p2a: Cinderace|Cinderace, F|100/100
|turn|12
|
|t:|1781138646
|switch|p1a: Moltres|Moltres|100/100
|move|p2a: Cinderace|Pyro Ball|p1a: Moltres
|-resisted|p1a: Moltres
|-damage|p1a: Moltres|82/100
|
|upkeep
|turn|13
|
|t:|1781138653
|switch|p2a: Heatran|Heatran, F|100/100
|-damage|p2a: Heatran|88/100|[from] Stealth Rock
|move|p1a: Moltres|Hurricane|p2a: Heatran
|-resisted|p2a: Heatran
|-damage|p2a: Heatran|74/100
|
|-heal|p2a: Heatran|80/100|[from] item: Leftovers
|upkeep
|turn|14
|
|t:|1781138659
|move|p1a: Moltres|Hurricane|p2a: Heatran
|-resisted|p2a: Heatran
|-damage|p2a: Heatran|67/100
|move|p2a: Heatran|Magma Storm|p1a: Moltres
|-resisted|p1a: Moltres
|-damage|p1a: Moltres|61/100
|-activate|p1a: Moltres|move: Magma Storm|[of] p2a: Heatran
|
|-heal|p2a: Heatran|73/100|[from] item: Leftovers
|-damage|p1a: Moltres|49/100|[from] move: Magma Storm|[partiallytrapped]
|upkeep
|turn|15
|
|t:|1781138665
|move|p1a: Moltres|Roost|p1a: Moltres
|-heal|p1a: Moltres|99/100
|-singleturn|p1a: Moltres|move: Roost
|move|p2a: Heatran|Magma Storm|p1a: Moltres
|-resisted|p1a: Moltres
|-damage|p1a: Moltres|78/100
|
|-heal|p2a: Heatran|80/100|[from] item: Leftovers
|-damage|p1a: Moltres|66/100|[from] move: Magma Storm|[partiallytrapped]
|upkeep
|turn|16
|
|t:|1781138672
|move|p1a: Moltres|Roost|p1a: Moltres
|-heal|p1a: Moltres|100/100
|-singleturn|p1a: Moltres|move: Roost
|move|p2a: Heatran|Earth Power|p1a: Moltres
|-supereffective|p1a: Moltres
|-damage|p1a: Moltres|47/100
|
|-heal|p2a: Heatran|86/100|[from] item: Leftovers
|-damage|p1a: Moltres|35/100|[from] move: Magma Storm|[partiallytrapped]
|upkeep
|turn|17
|
|t:|1781138675
|move|p1a: Moltres|Flamethrower|p2a: Heatran
|-start|p2a: Heatran|ability: Flash Fire
|move|p2a: Heatran|Taunt|p1a: Moltres
|-start|p1a: Moltres|move: Taunt
|
|-heal|p2a: Heatran|92/100|[from] item: Leftovers
|-damage|p1a: Moltres|23/100|[from] move: Magma Storm|[partiallytrapped]
|upkeep
|turn|18
|
|t:|1781138678
|move|p1a: Moltres|U-turn|p2a: Heatran
|-resisted|p2a: Heatran
|-damage|p2a: Heatran|90/100
|
|t:|1781138681
|switch|p1a: Garganacl|Garganacl, M|100/100|[from] U-turn
|-damage|p1a: Garganacl|88/100|[from] Stealth Rock
|move|p2a: Heatran|Magma Storm|p1a: Garganacl
|-resisted|p1a: Garganacl
|-damage|p1a: Garganacl|65/100
|-activate|p1a: Garganacl|move: Magma Storm|[of] p2a: Heatran
|
|-heal|p2a: Heatran|96/100|[from] item: Leftovers
|-heal|p1a: Garganacl|72/100|[from] item: Leftovers
|-damage|p1a: Garganacl|59/100|[from] move: Magma Storm|[partiallytrapped]
|upkeep
|turn|19
|
|t:|1781138685
|move|p2a: Heatran|Earth Power|p1a: Garganacl
|-supereffective|p1a: Garganacl
|-damage|p1a: Garganacl|23/100
|move|p1a: Garganacl|Recover|p1a: Garganacl
|-heal|p1a: Garganacl|73/100
|
|-heal|p2a: Heatran|100/100|[from] item: Leftovers
|-heal|p1a: Garganacl|79/100|[from] item: Leftovers
|-damage|p1a: Garganacl|66/100|[from] move: Magma Storm|[partiallytrapped]
|upkeep
|turn|20
|
|t:|1781138688
|move|p2a: Heatran|Earth Power|p1a: Garganacl
|-supereffective|p1a: Garganacl
|-damage|p1a: Garganacl|34/100
|move|p1a: Garganacl|Recover|p1a: Garganacl
|-heal|p1a: Garganacl|84/100
|
|-heal|p1a: Garganacl|90/100|[from] item: Leftovers
|-damage|p1a: Garganacl|77/100|[from] move: Magma Storm|[partiallytrapped]
|upkeep
|turn|21
|
|t:|1781138693
|move|p2a: Heatran|Earth Power|p1a: Garganacl
|-supereffective|p1a: Garganacl
|-damage|p1a: Garganacl|44/100
|move|p1a: Garganacl|Salt Cure|p2a: Heatran
|-damage|p2a: Heatran|89/100
|-start|p2a: Heatran|Salt Cure
|
|-heal|p2a: Heatran|95/100|[from] item: Leftovers
|-heal|p1a: Garganacl|50/100|[from] item: Leftovers
|-damage|p2a: Heatran|70/100|[from] Salt Cure
|-damage|p1a: Garganacl|38/100|[from] move: Magma Storm|[partiallytrapped]
|upkeep
|turn|22
|
|t:|1781138698
|move|p2a: Heatran|Taunt|p1a: Garganacl
|-start|p1a: Garganacl|move: Taunt
|cant|p1a: Garganacl|move: Taunt|Recover
|
|-heal|p2a: Heatran|76/100|[from] item: Leftovers
|-heal|p1a: Garganacl|44/100|[from] item: Leftovers
|-damage|p2a: Heatran|52/100|[from] Salt Cure
|-damage|p1a: Garganacl|32/100|[from] move: Magma Storm|[partiallytrapped]
|upkeep
|turn|23
|
|t:|1781138705
|move|p2a: Heatran|Earth Power|p1a: Garganacl
|-supereffective|p1a: Garganacl
|-damage|p1a: Garganacl|0 fnt
|faint|p1a: Garganacl
|
|-heal|p2a: Heatran|58/100|[from] item: Leftovers
|-damage|p2a: Heatran|33/100|[from] Salt Cure
|upkeep
|
|t:|1781138709
|switch|p1a: Moltres|Moltres|23/100
|turn|24
|
|t:|1781138718
|-end|p2a: Heatran|ability: Flash Fire|[silent]
|switch|p2a: Rillaboom|Rillaboom, M|57/100
|-damage|p2a: Rillaboom|44/100|[from] Stealth Rock
|-fieldstart|move: Grassy Terrain|[from] ability: Grassy Surge|[of] p2a: Rillaboom
|move|p1a: Moltres|Roost|p1a: Moltres
|-heal|p1a: Moltres|73/100
|-singleturn|p1a: Moltres|move: Roost
|
|-heal|p2a: Rillaboom|51/100|[from] Grassy Terrain
|-heal|p1a: Moltres|79/100|[from] Grassy Terrain
|upkeep
|turn|25
|
|t:|1781138723
|switch|p2a: Heatran|Heatran, F|33/100
|-damage|p2a: Heatran|20/100|[from] Stealth Rock
|move|p1a: Moltres|Hurricane|p2a: Heatran
|-resisted|p2a: Heatran
|-damage|p2a: Heatran|7/100
|
|-heal|p2a: Heatran|13/100|[from] Grassy Terrain
|-heal|p2a: Heatran|19/100|[from] item: Leftovers
|upkeep
|turn|26
|l|☆SlimyTime
|inactive|SlimyTime disconnected and has a minute to reconnect!
|player|p2|
|j|☆SlimyTime
|inactive|SlimyTime reconnected and has 130 seconds left.
|player|p2|SlimyTime|ltsurge|
|
|t:|1781138750
|move|p1a: Moltres|Hurricane|p2a: Heatran
|-resisted|p2a: Heatran
|-damage|p2a: Heatran|5/100
|move|p2a: Heatran|Magma Storm|p1a: Moltres|[miss]
|-miss|p2a: Heatran|p1a: Moltres
|
|-heal|p2a: Heatran|11/100|[from] Grassy Terrain
|-heal|p2a: Heatran|18/100|[from] item: Leftovers
|upkeep
|turn|27
|
|t:|1781138754
|move|p1a: Moltres|Hurricane|p2a: Heatran
|-resisted|p2a: Heatran
|-damage|p2a: Heatran|2/100
|move|p2a: Heatran|Magma Storm|p1a: Moltres
|-resisted|p1a: Moltres
|-damage|p1a: Moltres|57/100
|-activate|p1a: Moltres|move: Magma Storm|[of] p2a: Heatran
|
|-heal|p2a: Heatran|9/100|[from] Grassy Terrain
|-heal|p2a: Heatran|15/100|[from] item: Leftovers
|-damage|p1a: Moltres|45/100|[from] move: Magma Storm|[partiallytrapped]
|upkeep
|turn|28
|
|t:|1781138760
|move|p1a: Moltres|Hurricane|p2a: Heatran
|-resisted|p2a: Heatran
|-damage|p2a: Heatran|0 fnt
|faint|p2a: Heatran
|
|-end|p1a: Moltres|Magma Storm|[partiallytrapped]|[silent]
|-fieldend|move: Grassy Terrain
|upkeep
|
|t:|1781138765
|switch|p2a: Ursaluna|Ursaluna, M|38/100
|-damage|p2a: Ursaluna|32/100|[from] Stealth Rock
|turn|29
|
|t:|1781138768
|move|p2a: Ursaluna|Protect|p2a: Ursaluna
|-singleturn|p2a: Ursaluna|Protect
|move|p1a: Moltres|Flamethrower|p2a: Ursaluna
|-activate|p2a: Ursaluna|move: Protect
|
|-heal|p2a: Ursaluna|38/100|[from] item: Leftovers
|upkeep
|turn|30
|
|t:|1781138775
|move|p1a: Moltres|Hurricane|p2a: Ursaluna|[miss]
|-miss|p1a: Moltres|p2a: Ursaluna
|move|p2a: Ursaluna|Body Slam|p1a: Moltres
|-damage|p1a: Moltres|19/100
|
|-heal|p2a: Ursaluna|44/100|[from] item: Leftovers
|upkeep
|turn|31
|
|t:|1781138779
|move|p1a: Moltres|Roost|p1a: Moltres
|-heal|p1a: Moltres|69/100
|-singleturn|p1a: Moltres|move: Roost
|move|p2a: Ursaluna|High Horsepower|p1a: Moltres
|-supereffective|p1a: Moltres
|-damage|p1a: Moltres|6/100
|
|-heal|p2a: Ursaluna|50/100|[from] item: Leftovers
|upkeep
|turn|32
|
|t:|1781138783
|move|p1a: Moltres|Hurricane|p2a: Ursaluna
|-damage|p2a: Ursaluna|23/100
|-start|p2a: Ursaluna|confusion
|-activate|p2a: Ursaluna|confusion
|move|p2a: Ursaluna|Body Slam|p1a: Moltres
|-damage|p1a: Moltres|0 fnt
|-status|p2a: Ursaluna|brn|[from] ability: Flame Body|[of] p1a: Moltres
|faint|p1a: Moltres
|
|-heal|p2a: Ursaluna|30/100 brn|[from] item: Leftovers
|-damage|p2a: Ursaluna|23/100 brn|[from] brn
|upkeep
|
|t:|1781138788
|switch|p1a: Dragapult|Dragapult, F|100/100
|turn|33
|
|t:|1781138796
|switch|p2a: Cinderace|Cinderace, F|100/100
|move|p1a: Dragapult|Draco Meteor|p2a: Cinderace|[miss]
|-miss|p1a: Dragapult|p2a: Cinderace
|
|upkeep
|turn|34
|
|t:|1781138800
|move|p1a: Dragapult|Draco Meteor|p2a: Cinderace
|-damage|p2a: Cinderace|37/100
|-unboost|p1a: Dragapult|spa|2
|move|p2a: Cinderace|U-turn|p1a: Dragapult
|-resisted|p1a: Dragapult
|-damage|p1a: Dragapult|87/100
|
|t:|1781138802
|switch|p2a: Hatterene|Hatterene, F|50/100|[from] U-turn
|-damage|p2a: Hatterene|38/100|[from] Stealth Rock
|
|upkeep
|turn|35
|
|t:|1781138806
|move|p1a: Dragapult|U-turn|p2a: Hatterene
|-damage|p2a: Hatterene|25/100
|
|t:|1781138813
|switch|p1a: Clodsire|Clodsire, F|100/100|[from] U-turn
|-damage|p1a: Clodsire|94/100|[from] Stealth Rock
|move|p2a: Hatterene|Healing Wish|p2a: Hatterene
|faint|p2a: Hatterene
|
|-heal|p1a: Clodsire|100/100|[from] item: Leftovers
|upkeep
|
|t:|1781138816
|switch|p2a: Ursaluna|Ursaluna, M|23/100 brn
|-heal|p2a: Ursaluna|100/100|[from] move: Healing Wish
|-damage|p2a: Ursaluna|94/100|[from] Stealth Rock
|turn|36
|
|t:|1781138820
|switch|p1a: Corviknight|Corviknight, F|100/100
|-damage|p1a: Corviknight|88/100|[from] Stealth Rock
|-ability|p1a: Corviknight|Pressure
|move|p2a: Ursaluna|High Horsepower|p1a: Corviknight
|-immune|p1a: Corviknight
|
|-heal|p1a: Corviknight|94/100|[from] item: Leftovers
|-heal|p2a: Ursaluna|100/100|[from] item: Leftovers
|upkeep
|turn|37
|
|t:|1781138823
|move|p1a: Corviknight|Body Press|p2a: Ursaluna
|-supereffective|p2a: Ursaluna
|-damage|p2a: Ursaluna|65/100
|move|p2a: Ursaluna|Bulk Up|p2a: Ursaluna
|-boost|p2a: Ursaluna|atk|1
|-boost|p2a: Ursaluna|def|1
|
|-heal|p1a: Corviknight|100/100|[from] item: Leftovers
|-heal|p2a: Ursaluna|71/100|[from] item: Leftovers
|upkeep
|turn|38
|
|t:|1781138826
|move|p2a: Ursaluna|Protect|p2a: Ursaluna
|-singleturn|p2a: Ursaluna|Protect
|move|p1a: Corviknight|Body Press|p2a: Ursaluna
|-activate|p2a: Ursaluna|move: Protect
|
|-heal|p2a: Ursaluna|78/100|[from] item: Leftovers
|upkeep
|turn|39
|
|t:|1781138830
|-terastallize|p2a: Ursaluna|Poison
|move|p1a: Corviknight|Body Press|p2a: Ursaluna
|-resisted|p2a: Ursaluna
|-damage|p2a: Ursaluna|72/100
|move|p2a: Ursaluna|Bulk Up|p2a: Ursaluna
|-boost|p2a: Ursaluna|atk|1
|-boost|p2a: Ursaluna|def|1
|
|-heal|p2a: Ursaluna|78/100|[from] item: Leftovers
|upkeep
|turn|40
|
|t:|1781138837
|switch|p1a: Dragapult|Dragapult, F|87/100
|move|p2a: Ursaluna|Bulk Up|p2a: Ursaluna
|-boost|p2a: Ursaluna|atk|1
|-boost|p2a: Ursaluna|def|1
|
|-heal|p2a: Ursaluna|84/100|[from] item: Leftovers
|upkeep
|turn|41
|
|t:|1781138842
|move|p2a: Ursaluna|Protect|p2a: Ursaluna
|-singleturn|p2a: Ursaluna|Protect
|move|p1a: Dragapult|U-turn|p2a: Ursaluna
|-activate|p2a: Ursaluna|move: Protect
|
|-heal|p2a: Ursaluna|90/100|[from] item: Leftovers
|upkeep
|turn|42
|
|t:|1781138845
|move|p1a: Dragapult|U-turn|p2a: Ursaluna
|-resisted|p2a: Ursaluna
|-damage|p2a: Ursaluna|88/100
|
|t:|1781138850
|switch|p1a: Ting-Lu|Ting-Lu, tera:Poison|24/100 par|[from] U-turn
|-damage|p1a: Ting-Lu|11/100 par|[from] Stealth Rock
|-ability|p1a: Ting-Lu|Vessel of Ruin
|move|p2a: Ursaluna|Bulk Up|p2a: Ursaluna
|-boost|p2a: Ursaluna|atk|1
|-boost|p2a: Ursaluna|def|1
|
|-heal|p2a: Ursaluna|94/100|[from] item: Leftovers
|-heal|p1a: Ting-Lu|17/100 par|[from] item: Leftovers
|upkeep
|turn|43
|
|t:|1781138853
|switch|p1a: Corviknight|Corviknight, F|100/100
|-damage|p1a: Corviknight|88/100|[from] Stealth Rock
|-ability|p1a: Corviknight|Pressure
|move|p2a: Ursaluna|Body Slam|p1a: Corviknight
|-resisted|p1a: Corviknight
|-damage|p1a: Corviknight|50/100
|-status|p1a: Corviknight|par
|
|-heal|p2a: Ursaluna|100/100|[from] item: Leftovers
|-heal|p1a: Corviknight|56/100 par|[from] item: Leftovers
|upkeep
|turn|44
|
|t:|1781138859
|switch|p1a: Dragapult|Dragapult, F|87/100
|move|p2a: Ursaluna|Bulk Up|p2a: Ursaluna
|-boost|p2a: Ursaluna|atk|1
|-boost|p2a: Ursaluna|def|1
|
|upkeep
|turn|45
|
|t:|1781138863
|move|p1a: Dragapult|U-turn|p2a: Ursaluna
|-resisted|p2a: Ursaluna
|-damage|p2a: Ursaluna|99/100
|
|t:|1781138867
|switch|p1a: Ting-Lu|Ting-Lu, tera:Poison|17/100 par|[from] U-turn
|-damage|p1a: Ting-Lu|5/100 par|[from] Stealth Rock
|-ability|p1a: Ting-Lu|Vessel of Ruin
|move|p2a: Ursaluna|High Horsepower|p1a: Ting-Lu
|-supereffective|p1a: Ting-Lu
|-damage|p1a: Ting-Lu|0 fnt
|faint|p1a: Ting-Lu
|
|-heal|p2a: Ursaluna|100/100|[from] item: Leftovers
|upkeep
|
|t:|1781138873
|switch|p1a: Dragapult|Dragapult, F|87/100
|turn|46
|
|t:|1781138876
|move|p1a: Dragapult|U-turn|p2a: Ursaluna
|-resisted|p2a: Ursaluna
|-damage|p2a: Ursaluna|99/100
|
|t:|1781138879
|switch|p1a: Clodsire|Clodsire, F|100/100|[from] U-turn
|-damage|p1a: Clodsire|94/100|[from] Stealth Rock
|move|p2a: Ursaluna|Bulk Up|p2a: Ursaluna
|-boost|p2a: Ursaluna|atk|1
|-boost|p2a: Ursaluna|def|1
|
|-heal|p2a: Ursaluna|100/100|[from] item: Leftovers
|-heal|p1a: Clodsire|100/100|[from] item: Leftovers
|upkeep
|turn|47
|
|t:|1781138884
|switch|p1a: Corviknight|Corviknight, F|56/100 par
|-damage|p1a: Corviknight|43/100 par|[from] Stealth Rock
|-ability|p1a: Corviknight|Pressure
|move|p2a: Ursaluna|Body Slam|p1a: Corviknight
|-resisted|p1a: Corviknight
|-damage|p1a: Corviknight|0 fnt
|faint|p1a: Corviknight
|
|upkeep
|
|t:|1781138888
|switch|p1a: Dragapult|Dragapult, F|87/100
|turn|48
|
|t:|1781138891
|move|p1a: Dragapult|Draco Meteor|p2a: Ursaluna|[miss]
|-miss|p1a: Dragapult|p2a: Ursaluna
|move|p2a: Ursaluna|High Horsepower|p1a: Dragapult
|-damage|p1a: Dragapult|0 fnt
|faint|p1a: Dragapult
|
|upkeep
|
|t:|1781138895
|switch|p1a: Clodsire|Clodsire, F|100/100
|-damage|p1a: Clodsire|94/100|[from] Stealth Rock
|turn|49
|
|t:|1781138901
|move|p2a: Ursaluna|High Horsepower|p1a: Clodsire
|-supereffective|p1a: Clodsire
|-crit|p1a: Clodsire
|-damage|p1a: Clodsire|0 fnt
|faint|p1a: Clodsire
|
|win|SlimyTime
|raw|KurisuChestnutOU's rating: 1529 &rarr; <strong>1513</strong><br />(-16 for losing)
|raw|SlimyTime's rating: 1608 &rarr; <strong>1624</strong><br />(+16 for winning)
