|badge|p1|bronze|gen9ou|100-9
|badge|p1|silver|gen9pu|30-9
|uhtml|medal-msg|<div class="broadcast-blue">Curious what those medals under the avatar are? PS now has Ladder Seasons! For more information, check out the <a href="https://www.smogon.com/forums/threads/3740067/">thread on Smogon.</a></div>
|badge|p2|bronze|gen9randombattle|100-9
|badge|p2|bronze|gen9ubers|100-9
|uhtml|medal-msg|<div class="broadcast-blue">Curious what those medals under the avatar are? PS now has Ladder Seasons! For more information, check out the <a href="https://www.smogon.com/forums/threads/3740067/">thread on Smogon.</a></div>
|j|☆ceo o wo chien
|j|☆oddishlover4
|t:|1781310287
|gametype|singles
|player|p1|ceo o wo chien|fisherman-gen4|1791
|player|p2|oddishlover4|acetrainerf|1774
|gen|9
|tier|[Gen 9] OU
|rated|
|rule|HP Percentage Mod: HP is shown in percentages
|rule|Endless Battle Clause: Forcing endless battles is banned
|rule|Species Clause: Limit one of each Pokémon
|rule|OHKO Clause: OHKO moves are banned
|rule|Evasion Items Clause: Evasion items are banned
|rule|Evasion Moves Clause: Evasion moves are banned
|rule|Evasion Abilities Clause: Evasion abilities are banned
|rule|Sleep Moves Clause: Sleep-inducing moves are banned
|clearpoke
|poke|p1|Iron Treads|
|poke|p1|Wo-Chien|
|poke|p1|Gholdengo|
|poke|p1|Zapdos|
|poke|p1|Samurott-Hisui, F|
|poke|p1|Zamazenta-*|
|poke|p2|Kyurem|
|poke|p2|Hatterene, F|
|poke|p2|Darkrai|
|poke|p2|Great Tusk|
|poke|p2|Dragonite, F|
|poke|p2|Gholdengo|
|teampreview
|inactive|Battle timer is ON: inactive players will automatically lose when time's up. (requested by ceo o wo chien)
|
|t:|1781310307
|teamsize|p1|6
|teamsize|p2|6
|start
|switch|p1a: Zapdos|Zapdos|100/100
|switch|p2a: Boompala|Kyurem|100/100
|-ability|p2a: Boompala|Pressure
|turn|1
|c|☆oddishlover4|gl/hf!
|inactive|oddishlover4 also wants the timer to be on.
|c|☆ceo o wo chien|hf!
|
|t:|1781310325
|switch|p1a: Gholdengo|Gholdengo|100/100
|-item|p1a: Gholdengo|Air Balloon
|move|p2a: Boompala|Ice Beam|p1a: Gholdengo
|-resisted|p1a: Gholdengo
|-damage|p1a: Gholdengo|77/100
|-enditem|p1a: Gholdengo|Air Balloon
|
|upkeep
|turn|2
|
|t:|1781310343
|move|p2a: Boompala|Earth Power|p1a: Gholdengo
|-supereffective|p1a: Gholdengo
|-damage|p1a: Gholdengo|10/100
|move|p1a: Gholdengo|Thunder Wave|p2a: Boompala
|-status|p2a: Boompala|par
|
|upkeep
|turn|3
|
|t:|1781310361
|switch|p2a: Bluebeard's Wife|Dragonite, F|100/100
|move|p1a: Gholdengo|Make It Rain|p2a: Bluebeard's Wife
|-damage|p2a: Bluebeard's Wife|78/100
|-unboost|p1a: Gholdengo|spa|1
|
|upkeep
|turn|4
|inactive|oddishlover4 has 120 seconds left.
|
|t:|1781310380
|switch|p1a: Zapdos|Zapdos|100/100
|move|p2a: Bluebeard's Wife|Dragon Dance|p2a: Bluebeard's Wife
|-boost|p2a: Bluebeard's Wife|atk|1
|-boost|p2a: Bluebeard's Wife|spe|1
|
|upkeep
|turn|5
|inactive|oddishlover4 has 120 seconds left.
|
|t:|1781310397
|move|p2a: Bluebeard's Wife|Roost|p2a: Bluebeard's Wife
|-heal|p2a: Bluebeard's Wife|100/100
|-singleturn|p2a: Bluebeard's Wife|move: Roost
|move|p1a: Zapdos|Discharge|p2a: Bluebeard's Wife
|-resisted|p2a: Bluebeard's Wife
|-damage|p2a: Bluebeard's Wife|93/100
|
|upkeep
|turn|6
|inactive|oddishlover4 has 120 seconds left.
|
|t:|1781310416
|move|p2a: Bluebeard's Wife|Fire Punch|p1a: Zapdos
|-damage|p1a: Zapdos|71/100
|move|p1a: Zapdos|U-turn|p2a: Bluebeard's Wife
|-resisted|p2a: Bluebeard's Wife
|-damage|p2a: Bluebeard's Wife|87/100
|
|t:|1781310419
|switch|p1a: Wo-Chien|Wo-Chien|100/100|[from] U-turn
|-ability|p1a: Wo-Chien|Tablets of Ruin
|
|upkeep
|turn|7
|inactive|oddishlover4 has 120 seconds left.
|
|t:|1781310437
|move|p2a: Bluebeard's Wife|Dragon Dance|p2a: Bluebeard's Wife
|-boost|p2a: Bluebeard's Wife|atk|1
|-boost|p2a: Bluebeard's Wife|spe|1
|move|p1a: Wo-Chien|Foul Play|p2a: Bluebeard's Wife
|-damage|p2a: Bluebeard's Wife|0 fnt
|faint|p2a: Bluebeard's Wife
|
|upkeep
|
|t:|1781310456
|switch|p2a: Boompala|Kyurem|100/100 par
|-ability|p2a: Boompala|Pressure
|turn|8
|
|t:|1781310486
|move|p1a: Wo-Chien|Knock Off|p2a: Boompala
|-damage|p2a: Boompala|80/100 par
|-enditem|p2a: Boompala|Assault Vest|[from] move: Knock Off|[of] p1a: Wo-Chien
|move|p2a: Boompala|Ice Beam|p1a: Wo-Chien
|-supereffective|p1a: Wo-Chien
|-damage|p1a: Wo-Chien|36/100
|
|-heal|p1a: Wo-Chien|42/100|[from] item: Leftovers
|upkeep
|turn|9
|inactive|oddishlover4 has 90 seconds left.
|
|t:|1781310505
|move|p1a: Wo-Chien|Leech Seed|p2a: Boompala
|-start|p2a: Boompala|move: Leech Seed
|move|p2a: Boompala|Ice Beam|p1a: Wo-Chien
|-supereffective|p1a: Wo-Chien
|-damage|p1a: Wo-Chien|0 fnt
|faint|p1a: Wo-Chien
|
|upkeep
|
|t:|1781310508
|switch|p1a: Gholdengo|Gholdengo|10/100
|turn|10
|inactive|oddishlover4 has 90 seconds left.
|
|t:|1781310526
|switch|p2a: Celebration|Gholdengo|100/100
|move|p1a: Gholdengo|Recover|p1a: Gholdengo
|-heal|p1a: Gholdengo|60/100
|
|upkeep
|turn|11
|
|t:|1781310535
|switch|p1a: Samurott|Samurott-Hisui, F|100/100
|move|p2a: Celebration|Shadow Ball|p1a: Samurott
|-resisted|p1a: Samurott
|-damage|p1a: Samurott|85/100
|
|upkeep
|turn|12
|inactive|oddishlover4 has 90 seconds left.
|
|t:|1781310554
|switch|p2a: Fearless|Great Tusk|100/100
|move|p1a: Samurott|Ceaseless Edge|p2a: Fearless
|-resisted|p2a: Fearless
|-damage|p2a: Fearless|89/100
|-sidestart|p2: oddishlover4|Spikes
|
|-heal|p2a: Fearless|95/100|[from] item: Leftovers
|upkeep
|turn|13
|inactive|oddishlover4 has 90 seconds left.
|
|t:|1781310572
|move|p2a: Fearless|Rapid Spin|p1a: Samurott
|-damage|p1a: Samurott|69/100
|-boost|p2a: Fearless|spe|1
|-sideend|p2: oddishlover4|Spikes|[from] move: Rapid Spin|[of] p2a: Fearless
|move|p1a: Samurott|Razor Shell|p2a: Fearless
|-supereffective|p2a: Fearless
|-damage|p2a: Fearless|42/100
|-unboost|p2a: Fearless|def|1
|
|-heal|p2a: Fearless|48/100|[from] item: Leftovers
|upkeep
|turn|14
|inactive|oddishlover4 has 90 seconds left.
|
|t:|1781310590
|move|p2a: Fearless|Headlong Rush|p1a: Samurott
|-damage|p1a: Samurott|18/100
|-unboost|p2a: Fearless|def|1
|-unboost|p2a: Fearless|spd|1
|move|p1a: Samurott|Razor Shell|p2a: Fearless
|-supereffective|p2a: Fearless
|-damage|p2a: Fearless|0 fnt
|faint|p2a: Fearless
|-end|p2a: Fearless|Protosynthesis|[silent]
|
|upkeep
|
|t:|1781310609
|switch|p2a: Perfect Night|Darkrai|100/100
|turn|15
|
|t:|1781310627
|-terastallize|p2a: Perfect Night|Dark
|move|p2a: Perfect Night|Dark Pulse|p1a: Samurott
|-resisted|p1a: Samurott
|-damage|p1a: Samurott|0 fnt
|faint|p1a: Samurott
|
|upkeep
|
|t:|1781310633
|switch|p1a: Zamazenta|Zamazenta|100/100
|-ability|p1a: Zamazenta|Dauntless Shield|boost
|-boost|p1a: Zamazenta|def|1
|turn|16
|
|t:|1781310652
|switch|p2a: Celebration|Gholdengo|100/100
|switch|p1a: Iron Treads|Iron Treads|100/100
|
|upkeep
|turn|17
|inactive|oddishlover4 has 60 seconds left.
|
|t:|1781310670
|switch|p2a: Boompala|Kyurem|80/100 par
|-ability|p2a: Boompala|Pressure
|move|p1a: Iron Treads|Earthquake|p2a: Boompala
|-damage|p2a: Boompala|42/100 par
|
|upkeep
|turn|18
|inactive|oddishlover4 has 60 seconds left.
|
|t:|1781310689
|move|p1a: Iron Treads|Stone Edge|p2a: Boompala
|-supereffective|p2a: Boompala
|-damage|p2a: Boompala|0 fnt
|faint|p2a: Boompala
|
|upkeep
|
|t:|1781310707
|switch|p2a: Perfect Night|Darkrai, tera:Dark|100/100
|turn|19
|
|t:|1781310716
|-end|p1a: Iron Treads|Quark Drive|[silent]
|switch|p1a: Zamazenta|Zamazenta|100/100
|move|p2a: Perfect Night|Dark Pulse|p1a: Zamazenta
|-resisted|p1a: Zamazenta
|-crit|p1a: Zamazenta
|-damage|p1a: Zamazenta|64/100
|
|-heal|p1a: Zamazenta|70/100|[from] item: Leftovers
|upkeep
|turn|20
|
|t:|1781310726
|move|p2a: Perfect Night|Dark Pulse|p1a: Zamazenta
|-resisted|p1a: Zamazenta
|-damage|p1a: Zamazenta|42/100
|move|p1a: Zamazenta|Crunch|p2a: Perfect Night
|-resisted|p2a: Perfect Night
|-damage|p2a: Perfect Night|87/100
|-unboost|p2a: Perfect Night|def|1
|
|-heal|p1a: Zamazenta|49/100|[from] item: Leftovers
|upkeep
|turn|21
|inactive|oddishlover4 has 60 seconds left.
|
|t:|1781310735
|switch|p2a: Antifragile|Hatterene, F|100/100
|switch|p1a: Zapdos|Zapdos|71/100
|
|upkeep
|turn|22
|inactive|oddishlover4 has 60 seconds left.
|
|t:|1781310754
|move|p1a: Zapdos|Discharge|p2a: Antifragile
|-damage|p2a: Antifragile|63/100
|move|p2a: Antifragile|Psychic Noise|p1a: Zapdos
|-damage|p1a: Zapdos|41/100
|-start|p1a: Zapdos|move: Heal Block
|
|upkeep
|turn|23
|inactive|oddishlover4 has 60 seconds left.
|
|t:|1781310772
|move|p1a: Zapdos|Discharge|p2a: Antifragile
|-damage|p2a: Antifragile|25/100
|move|p2a: Antifragile|Draining Kiss|p1a: Zapdos
|-damage|p1a: Zapdos|20/100
|-heal|p2a: Antifragile|44/100|[from] drain|[of] p1a: Zapdos
|
|-end|p1a: Zapdos|move: Heal Block
|upkeep
|turn|24
|
|t:|1781310791
|switch|p2a: Perfect Night|Darkrai, tera:Dark|87/100
|move|p1a: Zapdos|Discharge|p2a: Perfect Night
|-damage|p2a: Perfect Night|44/100
|
|upkeep
|turn|25
|inactive|ceo o wo chien has 120 seconds left.
|
|t:|1781310817
|move|p2a: Perfect Night|Dark Pulse|p1a: Zapdos
|-damage|p1a: Zapdos|0 fnt
|faint|p1a: Zapdos
|
|upkeep
|
|t:|1781310820
|switch|p1a: Iron Treads|Iron Treads|100/100
|turn|26
|inactive|oddishlover4 has 60 seconds left.
|
|t:|1781310829
|move|p2a: Perfect Night|Dark Pulse|p1a: Iron Treads
|-damage|p1a: Iron Treads|18/100
|move|p1a: Iron Treads|Earthquake|p2a: Perfect Night
|-damage|p2a: Perfect Night|0 fnt
|faint|p2a: Perfect Night
|
|upkeep
|inactive|oddishlover4 has 60 seconds left.
|j| BH4L LIL Jeff️️
|
|t:|1781310844
|switch|p2a: Antifragile|Hatterene, F|44/100
|turn|27
|
|t:|1781310860
|move|p1a: Iron Treads|Earthquake|p2a: Antifragile
|-damage|p2a: Antifragile|0 fnt
|faint|p2a: Antifragile
|
|upkeep
|
|t:|1781310866
|switch|p2a: Celebration|Gholdengo|100/100
|turn|28
|
|t:|1781310873
|move|p1a: Iron Treads|Earthquake|p2a: Celebration
|-supereffective|p2a: Celebration
|-damage|p2a: Celebration|19/100
|move|p2a: Celebration|Recover|p2a: Celebration
|-heal|p2a: Celebration|69/100
|
|upkeep
|turn|29
|
|t:|1781310877
|-terastallize|p1a: Iron Treads|Ground
|move|p1a: Iron Treads|Earthquake|p2a: Celebration
|-supereffective|p2a: Celebration
|-damage|p2a: Celebration|0 fnt
|faint|p2a: Celebration
|
|win|ceo o wo chien
|raw|ceo o wo chien's rating: 1791 &rarr; <strong>1810</strong><br />(+19 for winning)
|raw|oddishlover4's rating: 1774 &rarr; <strong>1755</strong><br />(-19 for losing)
|c|☆oddishlover4|GG!
|c|☆ceo o wo chien|gg
