|j|☆22dt
|j|☆lolcano46
|t:|1781541514
|gametype|singles
|player|p1|22dt|266|1656
|player|p2|lolcano46|fisherman-gen4|1593
|gen|9
|tier|[Gen 9] OU
|rated|
|rule|HP Percentage Mod: HP is shown in percentages
|rule|Endless Battle Clause: Forcing endless battles is banned
|rule|Species Clause: Limit one of each Pokémon
|rule|OHKO Clause: OHKO moves are banned
|rule|Evasion Items Clause: Evasion items are banned
|rule|Evasion Moves Clause: Evasion moves are banned
|rule|Evasion Abilities Clause: Evasion abilities are banned
|rule|Sleep Moves Clause: Sleep-inducing moves are banned
|clearpoke
|poke|p1|Samurott-Hisui, F|
|poke|p1|Ceruledge, M|
|poke|p1|Zamazenta-*|
|poke|p1|Dragonite, F|
|poke|p1|Zapdos|
|poke|p1|Kingambit, M|
|poke|p2|Azelf|
|poke|p2|Ogerpon-Wellspring, F|
|poke|p2|Scizor, F|
|poke|p2|Gengar, M|
|poke|p2|Raging Bolt|
|poke|p2|Cinderace, F|
|teampreview
|inactive|Battle timer is ON: inactive players will automatically lose when time's up. (requested by lolcano46)
|inactive|22dt also wants the timer to be on.
|
|t:|1781541530
|teamsize|p1|6
|teamsize|p2|6
|start
|switch|p1a: Samurott|Samurott-Hisui, F|100/100
|switch|p2a: Azelf|Azelf|100/100
|turn|1
|inactive|lolcano46 has 120 seconds left.
|
|t:|1781541561
|-terastallize|p2a: Azelf|Fairy
|move|p2a: Azelf|Dazzling Gleam|p1a: Samurott
|-supereffective|p1a: Samurott
|-enditem|p1a: Samurott|Focus Sash
|-damage|p1a: Samurott|1/100
|move|p1a: Samurott|Ceaseless Edge|p2a: Azelf|[miss]
|-miss|p1a: Samurott|p2a: Azelf
|
|upkeep
|turn|2
|c|☆22dt|this dumb dog keeps missing 😭
|
|t:|1781541581
|move|p1a: Samurott|Sucker Punch|p2a: Azelf
|-resisted|p2a: Azelf
|-damage|p2a: Azelf|75/100
|move|p2a: Azelf|Thunderbolt|p1a: Samurott
|-supereffective|p1a: Samurott
|-crit|p1a: Samurott
|-damage|p1a: Samurott|0 fnt
|faint|p1a: Samurott
|
|upkeep
|
|t:|1781541593
|switch|p1a: Kingambit|Kingambit, M, shiny|100/100
|turn|3
|
|t:|1781541600
|move|p2a: Azelf|Flamethrower|p1a: Kingambit
|-supereffective|p1a: Kingambit
|-damage|p1a: Kingambit|26/100
|-status|p1a: Kingambit|brn
|move|p1a: Kingambit|Swords Dance|p1a: Kingambit
|-boost|p1a: Kingambit|atk|2
|
|-heal|p1a: Kingambit|32/100 brn|[from] item: Leftovers
|-damage|p1a: Kingambit|26/100 brn|[from] brn
|upkeep
|turn|4
|
|t:|1781541605
|move|p1a: Kingambit|Sucker Punch|p2a: Azelf
|-resisted|p2a: Azelf
|-damage|p2a: Azelf|43/100
|move|p2a: Azelf|Dazzling Gleam|p1a: Kingambit
|-damage|p1a: Kingambit|0 fnt
|faint|p1a: Kingambit
|
|upkeep
|
|t:|1781541619
|switch|p1a: Zamazenta|Zamazenta|100/100
|-ability|p1a: Zamazenta|Dauntless Shield|boost
|-boost|p1a: Zamazenta|def|1
|turn|5
|
|t:|1781541623
|switch|p2a: Gengar|Gengar, M|100/100
|move|p1a: Zamazenta|Heavy Slam|p2a: Gengar
|-damage|p2a: Gengar|21/100
|
|upkeep
|turn|6
|
|t:|1781541628
|move|p2a: Gengar|Thunder Wave|p1a: Zamazenta
|-status|p1a: Zamazenta|par
|move|p1a: Zamazenta|Crunch|p2a: Gengar
|-supereffective|p2a: Gengar
|-damage|p2a: Gengar|0 fnt
|faint|p2a: Gengar
|
|upkeep
|
|t:|1781541632
|switch|p2a: Raging Bolt|Raging Bolt|100/100
|-enditem|p2a: Raging Bolt|Booster Energy
|-activate|p2a: Raging Bolt|ability: Protosynthesis|[fromitem]
|-start|p2a: Raging Bolt|protosynthesisspa
|turn|7
|
|t:|1781541638
|move|p2a: Raging Bolt|Thunderbolt|p1a: Zamazenta
|-damage|p1a: Zamazenta|36/100 par
|move|p1a: Zamazenta|Close Combat|p2a: Raging Bolt
|-damage|p2a: Raging Bolt|43/100
|-unboost|p1a: Zamazenta|def|1
|-unboost|p1a: Zamazenta|spd|1
|
|upkeep
|turn|8
|
|t:|1781541641
|move|p2a: Raging Bolt|Thunderbolt|p1a: Zamazenta
|-damage|p1a: Zamazenta|0 fnt
|faint|p1a: Zamazenta
|
|upkeep
|
|t:|1781541649
|switch|p1a: Dragonite|Dragonite, F, shiny|100/100
|turn|9
|
|t:|1781541655
|-terastallize|p1a: Dragonite|Normal
|move|p1a: Dragonite|Dragon Dance|p1a: Dragonite
|-boost|p1a: Dragonite|atk|1
|-boost|p1a: Dragonite|spe|1
|move|p2a: Raging Bolt|Dragon Pulse|p1a: Dragonite
|-damage|p1a: Dragonite|63/100
|
|upkeep
|turn|10
|
|t:|1781541664
|move|p1a: Dragonite|Extreme Speed|p2a: Raging Bolt
|-damage|p2a: Raging Bolt|0 fnt
|faint|p2a: Raging Bolt
|-end|p2a: Raging Bolt|Protosynthesis|[silent]
|
|upkeep
|
|t:|1781541668
|switch|p2a: Scizor|Scizor, F|100/100
|turn|11
|
|t:|1781541674
|move|p1a: Dragonite|Earthquake|p2a: Scizor
|-damage|p2a: Scizor|38/100
|move|p2a: Scizor|Close Combat|p1a: Dragonite
|-supereffective|p1a: Dragonite
|-damage|p1a: Dragonite|0 fnt
|-unboost|p2a: Scizor|def|1
|-unboost|p2a: Scizor|spd|1
|faint|p1a: Dragonite
|
|upkeep
|
|t:|1781541680
|switch|p1a: Zapdos|Zapdos|100/100
|turn|12
|
|t:|1781541683
|switch|p2a: Cinderace|Cinderace, F|100/100
|move|p1a: Zapdos|Volt Switch|p2a: Cinderace
|-damage|p2a: Cinderace|46/100
|
|t:|1781541687
|switch|p1a: Ceruledge|Ceruledge, M|100/100|[from] Volt Switch
|
|upkeep
|turn|13
|
|t:|1781541689
|move|p2a: Cinderace|Pyro Ball|p1a: Ceruledge
|-resisted|p1a: Ceruledge
|-damage|p1a: Ceruledge|59/100
|-ability|p1a: Ceruledge|Weak Armor|boost
|-unboost|p1a: Ceruledge|def|1
|-boost|p1a: Ceruledge|spe|2
|move|p1a: Ceruledge|Swords Dance|p1a: Ceruledge
|-boost|p1a: Ceruledge|atk|2
|
|upkeep
|turn|14
|
|t:|1781541697
|move|p1a: Ceruledge|Shadow Sneak|p2a: Cinderace
|-damage|p2a: Cinderace|0 fnt
|faint|p2a: Cinderace
|
|upkeep
|
|t:|1781541700
|switch|p2a: Ogerpon|Ogerpon-Wellspring, F|100/100
|turn|15
|
|t:|1781541706
|move|p1a: Ceruledge|Poltergeist|p2a: Ogerpon
|-activate|p2a: Ogerpon|move: Poltergeist|Wellspring Mask
|-damage|p2a: Ogerpon|0 fnt
|faint|p2a: Ogerpon
|
|upkeep
|
|t:|1781541709
|switch|p2a: Scizor|Scizor, F|38/100
|turn|16
|-message|lolcano46 forfeited.
|
|win|22dt
|raw|22dt's rating: 1656 &rarr; <strong>1672</strong><br />(+16 for winning)
|raw|lolcano46's rating: 1593 &rarr; <strong>1577</strong><br />(-16 for losing)
|l|☆lolcano46
|player|p2|
|c|☆22dt|ggs
|l|☆22dt
|player|p1|
