|j|☆Rj yoip
|j|☆OP Earthquakes
|t:|1781115219
|gametype|singles
|player|p1|Rj yoip|caitlin-masters|1766
|player|p2|OP Earthquakes|giovanni-masters|1784
|gen|9
|tier|[Gen 9] OU
|rated|
|rule|HP Percentage Mod: HP is shown in percentages
|rule|Endless Battle Clause: Forcing endless battles is banned
|rule|Species Clause: Limit one of each Pokémon
|rule|OHKO Clause: OHKO moves are banned
|rule|Evasion Items Clause: Evasion items are banned
|rule|Evasion Moves Clause: Evasion moves are banned
|rule|Evasion Abilities Clause: Evasion abilities are banned
|rule|Sleep Moves Clause: Sleep-inducing moves are banned
|clearpoke
|poke|p1|Tyranitar, M|
|poke|p1|Hydrapple, F|
|poke|p1|Enamorus, F|
|poke|p1|Garganacl, M|
|poke|p1|Excadrill, F|
|poke|p1|Alomomola, F|
|poke|p2|Tyranitar, F|
|poke|p2|Pawmot, F|
|poke|p2|Kyurem|
|poke|p2|Excadrill, F|
|poke|p2|Hawlucha, M|
|poke|p2|Cresselia, F|
|teampreview
|inactive|Battle timer is ON: inactive players will automatically lose when time's up. (requested by OP Earthquakes)
|c|☆OP Earthquakes|GLHF
|inactive|OP Earthquakes has 120 seconds left.
|
|t:|1781115269
|teamsize|p1|6
|teamsize|p2|6
|start
|switch|p1a: Alomomola|Alomomola, F|100/100
|switch|p2a: Toshiro|Kyurem, shiny|100/100
|-ability|p2a: Toshiro|Pressure
|turn|1
|j| gen 9 is trash man
|
|t:|1781115281
|move|p2a: Toshiro|Earth Power|p1a: Alomomola
|-damage|p1a: Alomomola|81/100
|move|p1a: Alomomola|Flip Turn|p2a: Toshiro
|-resisted|p2a: Toshiro
|-damage|p2a: Toshiro|93/100
|
|t:|1781115283
|switch|p1a: Tyranitar|Tyranitar, M|100/100|[from] Flip Turn
|-weather|Sandstorm|[from] ability: Sand Stream|[of] p1a: Tyranitar
|
|-weather|Sandstorm|[upkeep]
|-damage|p2a: Toshiro|87/100|[from] Sandstorm
|upkeep
|turn|2
|j| akabrithan
|
|t:|1781115300
|move|p2a: Toshiro|Earth Power|p1a: Tyranitar
|-supereffective|p1a: Tyranitar
|-damage|p1a: Tyranitar|46/100
|-unboost|p1a: Tyranitar|spd|1
|move|p1a: Tyranitar|Knock Off|p2a: Toshiro
|-damage|p2a: Toshiro|6/100
|-enditem|p2a: Toshiro|Expert Belt|[from] move: Knock Off|[of] p1a: Tyranitar
|
|-weather|Sandstorm|[upkeep]
|-damage|p2a: Toshiro|0 fnt|[from] Sandstorm
|faint|p2a: Toshiro
|upkeep
|c| akabrithan|hydranus
|c| akabrithan|i love that mon so m,uch
|inactive|OP Earthquakes has 120 seconds left.
|
|t:|1781115322
|switch|p2a: Porunga|Pawmot, F|100/100
|turn|3
|
|t:|1781115334
|switch|p1a: Hydrapple|Hydrapple, F|100/100
|move|p2a: Porunga|Revival Blessing|p2a: Porunga
|-enditem|p2a: Porunga|Leppa Berry|[eat]
|-activate|p2a: Porunga|item: Leppa Berry|Revival Blessing|[consumed]
|
|t:|1781115339
|-heal|p2: Toshiro|50/100|[from] move: Revival Blessing
|
|-weather|Sandstorm|[upkeep]
|-damage|p2a: Porunga|94/100|[from] Sandstorm
|-damage|p1a: Hydrapple|94/100|[from] Sandstorm
|upkeep
|turn|4
|
|t:|1781115363
|switch|p2a: Cresselia|Cresselia, F, shiny|100/100
|move|p1a: Hydrapple|Earth Power|p2a: Cresselia
|-immune|p2a: Cresselia|[from] ability: Levitate
|
|-weather|Sandstorm|[upkeep]
|-damage|p2a: Cresselia|94/100|[from] Sandstorm
|-damage|p1a: Hydrapple|88/100|[from] Sandstorm
|upkeep
|turn|5
|
|t:|1781115388
|switch|p2a: Toshiro|Kyurem, shiny|50/100
|-ability|p2a: Toshiro|Pressure
|switch|p1a: Garganacl|Garganacl, M|100/100
|
|-weather|none
|upkeep
|turn|6
|
|t:|1781115394
|move|p2a: Toshiro|Endeavor|p1a: Garganacl
|-damage|p1a: Garganacl|50/100
|move|p1a: Garganacl|Stealth Rock|p2a: Toshiro
|-sidestart|p2: OP Earthquakes|move: Stealth Rock
|
|-heal|p1a: Garganacl|57/100|[from] item: Leftovers
|upkeep
|turn|7
|
|t:|1781115398
|move|p1a: Garganacl|Protect|p1a: Garganacl
|-singleturn|p1a: Garganacl|Protect
|move|p2a: Toshiro|Earth Power|p1a: Garganacl
|-activate|p1a: Garganacl|move: Protect
|
|-heal|p1a: Garganacl|63/100|[from] item: Leftovers
|upkeep
|turn|8
|
|t:|1781115401
|move|p2a: Toshiro|Freeze-Dry|p1a: Garganacl
|-damage|p1a: Garganacl|34/100
|move|p1a: Garganacl|Recover|p1a: Garganacl
|-heal|p1a: Garganacl|85/100
|
|-heal|p1a: Garganacl|91/100|[from] item: Leftovers
|upkeep
|turn|9
|
|t:|1781115405
|move|p2a: Toshiro|Endeavor|p1a: Garganacl
|-damage|p1a: Garganacl|50/100
|move|p1a: Garganacl|Salt Cure|p2a: Toshiro
|-supereffective|p2a: Toshiro
|-damage|p2a: Toshiro|25/100
|-start|p2a: Toshiro|Salt Cure
|
|-heal|p1a: Garganacl|57/100|[from] item: Leftovers
|-damage|p2a: Toshiro|12/100|[from] Salt Cure
|upkeep
|turn|10
|
|t:|1781115409
|switch|p2a: Itachi|Hawlucha, M, shiny|100/100
|-damage|p2a: Itachi|88/100|[from] Stealth Rock
|-ability|p2a: Itachi|Mold Breaker
|move|p1a: Garganacl|Protect||[still]
|-fail|p1a: Garganacl
|
|-heal|p1a: Garganacl|63/100|[from] item: Leftovers
|upkeep
|turn|11
|
|t:|1781115412
|switch|p1a: Alomomola|Alomomola, F|100/100
|move|p2a: Itachi|Defog|p1a: Alomomola
|-unboost|p1a: Alomomola|evasion|1
|-sideend|p2: OP Earthquakes|Stealth Rock|[from] move: Defog|[of] p2a: Itachi
|
|upkeep
|turn|12
|
|t:|1781115420
|move|p2a: Itachi|Swords Dance|p2a: Itachi
|-boost|p2a: Itachi|atk|2
|move|p1a: Alomomola|Flip Turn|p2a: Itachi
|-damage|p2a: Itachi|64/100
|-enditem|p2a: Itachi|Red Card|[of] p1a: Alomomola
|drag|p1a: Enamorus|Enamorus, F|100/100
|
|upkeep
|turn|13
|
|t:|1781115431
|-terastallize|p2a: Itachi|Steel
|move|p1a: Enamorus|Moonblast|p2a: Itachi
|-resisted|p2a: Itachi
|-damage|p2a: Itachi|17/100
|move|p2a: Itachi|Brave Bird|p1a: Enamorus
|-damage|p1a: Enamorus|0 fnt
|faint|p1a: Enamorus
|-damage|p2a: Itachi|0 fnt|[from] Recoil
|faint|p2a: Itachi
|
|upkeep
|l| gen9istrashman
|
|t:|1781115445
|switch|p2a: Toshiro|Kyurem, shiny|12/100
|switch|p1a: Garganacl|Garganacl, M|63/100
|-ability|p2a: Toshiro|Pressure
|turn|14
|
|t:|1781115451
|move|p2a: Toshiro|Endeavor|p1a: Garganacl
|-damage|p1a: Garganacl|12/100
|move|p1a: Garganacl|Salt Cure|p2a: Toshiro
|-supereffective|p2a: Toshiro
|-damage|p2a: Toshiro|0 fnt
|faint|p2a: Toshiro
|
|-heal|p1a: Garganacl|18/100|[from] item: Leftovers
|upkeep
|
|t:|1781115456
|switch|p2a: OP|Excadrill, F|100/100
|turn|15
|
|t:|1781115458
|switch|p1a: Alomomola|Alomomola, F|100/100
|move|p2a: OP|Iron Head|p1a: Alomomola
|-resisted|p1a: Alomomola
|-damage|p1a: Alomomola|78/100
|
|upkeep
|turn|16
|
|t:|1781115471
|switch|p2a: Porunga|Pawmot, F|94/100
|move|p1a: Alomomola|Flip Turn|p2a: Porunga
|-damage|p2a: Porunga|73/100
|
|t:|1781115475
|switch|p1a: Garganacl|Garganacl, M|18/100|[from] Flip Turn
|
|-heal|p1a: Garganacl|25/100|[from] item: Leftovers
|upkeep
|turn|17
|
|t:|1781115479
|-singleturn|p2a: Porunga|move: Focus Punch
|move|p1a: Garganacl|Protect|p1a: Garganacl
|-singleturn|p1a: Garganacl|Protect
|move|p2a: Porunga|Focus Punch|p1a: Garganacl
|-activate|p1a: Garganacl|move: Protect
|
|-heal|p1a: Garganacl|31/100|[from] item: Leftovers
|upkeep
|turn|18
|
|t:|1781115483
|switch|p1a: Hydrapple|Hydrapple, F|100/100
|move|p2a: Porunga|Revival Blessing|p2a: Porunga
|
|t:|1781115489
|-heal|p2: Toshiro|50/100|[from] move: Revival Blessing
|
|upkeep
|turn|19
|
|t:|1781115497
|switch|p2a: The sandstorm|Tyranitar, F, shiny|100/100
|-weather|Sandstorm|[from] ability: Sand Stream|[of] p2a: The sandstorm
|move|p1a: Hydrapple|Fickle Beam|p2a: The sandstorm
|-damage|p2a: The sandstorm|80/100
|
|-weather|Sandstorm|[upkeep]
|-damage|p1a: Hydrapple|94/100|[from] Sandstorm
|upkeep
|turn|20
|
|t:|1781115501
|switch|p1a: Alomomola|Alomomola, F|100/100
|move|p2a: The sandstorm|Ice Beam|p1a: Alomomola
|-resisted|p1a: Alomomola
|-damage|p1a: Alomomola|94/100
|
|-weather|Sandstorm|[upkeep]
|-damage|p1a: Alomomola|88/100|[from] Sandstorm
|upkeep
|turn|21
|
|t:|1781115503
|move|p2a: The sandstorm|Thunder Wave|p1a: Alomomola
|-status|p1a: Alomomola|par
|move|p1a: Alomomola|Flip Turn|p2a: The sandstorm
|-supereffective|p2a: The sandstorm
|-damage|p2a: The sandstorm|59/100
|
|t:|1781115507
|switch|p1a: Excadrill|Excadrill, F|100/100|[from] Flip Turn
|
|-weather|Sandstorm|[upkeep]
|upkeep
|turn|22
|
|t:|1781115510
|switch|p2a: Cresselia|Cresselia, F, shiny|94/100
|move|p1a: Excadrill|Earthquake|p2a: Cresselia
|-immune|p2a: Cresselia|[from] ability: Levitate
|
|-weather|Sandstorm|[upkeep]
|-damage|p2a: Cresselia|88/100|[from] Sandstorm
|upkeep
|turn|23
|
|t:|1781115519
|switch|p1a: Garganacl|Garganacl, M|31/100
|move|p2a: Cresselia|Mud-Slap|p1a: Garganacl
|-supereffective|p1a: Garganacl
|-damage|p1a: Garganacl|25/100
|-unboost|p1a: Garganacl|accuracy|1
|
|-weather|Sandstorm|[upkeep]
|-damage|p2a: Cresselia|82/100|[from] Sandstorm
|-heal|p1a: Garganacl|32/100|[from] item: Leftovers
|upkeep
|turn|24
|
|t:|1781115524
|switch|p2a: Toshiro|Kyurem, shiny|50/100
|-ability|p2a: Toshiro|Pressure
|move|p1a: Garganacl|Stealth Rock|p2a: Toshiro
|-sidestart|p2: OP Earthquakes|move: Stealth Rock
|
|-weather|Sandstorm|[upkeep]
|-damage|p2a: Toshiro|44/100|[from] Sandstorm
|-heal|p1a: Garganacl|38/100|[from] item: Leftovers
|upkeep
|turn|25
|
|t:|1781115528
|move|p2a: Toshiro|Earth Power|p1a: Garganacl
|-supereffective|p1a: Garganacl
|-damage|p1a: Garganacl|8/100
|move|p1a: Garganacl|Salt Cure|p2a: Toshiro
|-supereffective|p2a: Toshiro
|-damage|p2a: Toshiro|17/100
|-start|p2a: Toshiro|Salt Cure
|
|-weather|Sandstorm|[upkeep]
|-damage|p2a: Toshiro|11/100|[from] Sandstorm
|-heal|p1a: Garganacl|14/100|[from] item: Leftovers
|-damage|p2a: Toshiro|0 fnt|[from] Salt Cure
|faint|p2a: Toshiro
|upkeep
|inactive|OP Earthquakes has 120 seconds left.
|
|t:|1781115562
|switch|p2a: Porunga|Pawmot, F|73/100
|-damage|p2a: Porunga|67/100|[from] Stealth Rock
|turn|26
|
|t:|1781115568
|move|p1a: Garganacl|Protect|p1a: Garganacl
|-singleturn|p1a: Garganacl|Protect
|move|p2a: Porunga|Rest|p2a: Porunga
|-status|p2a: Porunga|slp|[from] move: Rest
|-heal|p2a: Porunga|100/100 slp|[silent]
|
|-weather|none
|-heal|p1a: Garganacl|20/100|[from] item: Leftovers
|upkeep
|turn|27
|
|t:|1781115572
|cant|p2a: Porunga|slp
|move|p2a: Porunga|Sleep Talk|p2a: Porunga
|move|p2a: Porunga|Rest||[from] move: Sleep Talk|[still]
|-fail|p2a: Porunga
|move|p1a: Garganacl|Recover|p1a: Garganacl
|-heal|p1a: Garganacl|70/100
|
|-heal|p1a: Garganacl|77/100|[from] item: Leftovers
|upkeep
|turn|28
|
|t:|1781115576
|switch|p1a: Hydrapple|Hydrapple, F|100/100
|cant|p2a: Porunga|slp
|move|p2a: Porunga|Sleep Talk|p2a: Porunga
|move|p2a: Porunga|Revival Blessing|p2a: Porunga|[from] move: Sleep Talk
|c|☆Rj yoip|What the hell
|
|t:|1781115582
|-heal|p2: Itachi|50/100|[from] move: Revival Blessing
|
|upkeep
|turn|29
|
|t:|1781115586
|switch|p2a: Cresselia|Cresselia, F, shiny|82/100
|-damage|p2a: Cresselia|70/100|[from] Stealth Rock
|move|p1a: Hydrapple|Nasty Plot|p1a: Hydrapple
|-boost|p1a: Hydrapple|spa|2
|
|upkeep
|turn|30
|
|t:|1781115590
|move|p2a: Cresselia|Ice Beam|p1a: Hydrapple
|-supereffective|p1a: Hydrapple
|-damage|p1a: Hydrapple|12/100
|move|p1a: Hydrapple|Giga Drain|p2a: Cresselia
|-damage|p2a: Cresselia|22/100
|-heal|p1a: Hydrapple|34/100|[from] drain|[of] p2a: Cresselia
|
|upkeep
|turn|31
|
|t:|1781115593
|switch|p1a: Tyranitar|Tyranitar, M|46/100
|-weather|Sandstorm|[from] ability: Sand Stream|[of] p1a: Tyranitar
|move|p2a: Cresselia|Ice Beam|p1a: Tyranitar
|-damage|p1a: Tyranitar|29/100
|
|-weather|Sandstorm|[upkeep]
|-damage|p2a: Cresselia|16/100|[from] Sandstorm
|upkeep
|turn|32
|
|t:|1781115599
|switch|p2a: Itachi|Hawlucha, M, shiny|50/100
|-damage|p2a: Itachi|38/100|[from] Stealth Rock
|-ability|p2a: Itachi|Mold Breaker
|move|p1a: Tyranitar|Knock Off|p2a: Itachi
|-resisted|p2a: Itachi
|-damage|p2a: Itachi|0 fnt
|faint|p2a: Itachi
|
|-weather|Sandstorm|[upkeep]
|upkeep
|inactive|OP Earthquakes has 120 seconds left.
|inactive|OP Earthquakes has 90 seconds left.
|
|t:|1781115671
|switch|p2a: Cresselia|Cresselia, F, shiny|16/100
|-damage|p2a: Cresselia|4/100|[from] Stealth Rock
|turn|33
|
|t:|1781115674
|move|p2a: Cresselia|Lunar Dance|p2a: Cresselia
|faint|p2a: Cresselia
|move|p1a: Tyranitar|Knock Off|p2: Cresselia|[notarget]
|-fail|p1a: Tyranitar
|
|-weather|Sandstorm|[upkeep]
|upkeep
|
|t:|1781115679
|switch|p2a: Porunga|Pawmot, F|100/100 slp
|-heal|p2a: Porunga|100/100|[from] move: Lunar Dance
|-damage|p2a: Porunga|94/100|[from] Stealth Rock
|turn|34
|
|t:|1781115684
|switch|p1a: Hydrapple|Hydrapple, F|67/100
|move|p2a: Porunga|Revival Blessing|p2a: Porunga
|inactive|OP Earthquakes has 90 seconds left.
|
|t:|1781115714
|-heal|p2: Cresselia|50/100|[from] move: Revival Blessing
|
|-weather|Sandstorm|[upkeep]
|-damage|p2a: Porunga|88/100|[from] Sandstorm
|-damage|p1a: Hydrapple|61/100|[from] Sandstorm
|upkeep
|turn|35
|l| akabrithan
|
|t:|1781115737
|switch|p2a: OP|Excadrill, F|100/100
|-damage|p2a: OP|97/100|[from] Stealth Rock
|switch|p1a: Garganacl|Garganacl, M|77/100
|
|-weather|none
|-heal|p1a: Garganacl|83/100|[from] item: Leftovers
|upkeep
|turn|36
|
|t:|1781115741
|switch|p1a: Hydrapple|Hydrapple, F|94/100
|move|p2a: OP|Iron Head|p1a: Hydrapple
|-damage|p1a: Hydrapple|56/100
|-damage|p2a: OP|81/100|[from] item: Rocky Helmet|[of] p1a: Hydrapple
|
|upkeep
|turn|37
|
|t:|1781115744
|move|p2a: OP|Iron Head|p1a: Hydrapple
|-damage|p1a: Hydrapple|20/100
|-damage|p2a: OP|64/100|[from] item: Rocky Helmet|[of] p1a: Hydrapple
|move|p1a: Hydrapple|Giga Drain|p2a: OP
|-damage|p2a: OP|26/100
|-heal|p1a: Hydrapple|36/100|[from] drain|[of] p2a: OP
|
|upkeep
|turn|38
|
|t:|1781115747
|move|p2a: OP|Iron Head|p1a: Hydrapple
|-damage|p1a: Hydrapple|0 fnt
|-damage|p2a: OP|10/100|[from] item: Rocky Helmet|[of] p1a: Hydrapple
|faint|p1a: Hydrapple
|
|upkeep
|
|t:|1781115751
|switch|p1a: Excadrill|Excadrill, F|100/100
|turn|39
|inactive|OP Earthquakes has 120 seconds left.
|
|t:|1781115769
|switch|p2a: The sandstorm|Tyranitar, F, shiny|59/100
|-damage|p2a: The sandstorm|46/100|[from] Stealth Rock
|-weather|Sandstorm|[from] ability: Sand Stream|[of] p2a: The sandstorm
|move|p1a: Excadrill|Rapid Spin|p2a: The sandstorm
|-resisted|p2a: The sandstorm
|-damage|p2a: The sandstorm|40/100
|-boost|p1a: Excadrill|spe|1
|
|-weather|Sandstorm|[upkeep]
|upkeep
|turn|40
|
|t:|1781115786
|move|p1a: Excadrill|Substitute|p1a: Excadrill
|-start|p1a: Excadrill|Substitute
|-damage|p1a: Excadrill|76/100
|move|p2a: The sandstorm|Roar|p1a: Excadrill
|drag|p1a: Tyranitar|Tyranitar, M|29/100
|
|-weather|Sandstorm|[upkeep]
|upkeep
|turn|41
|
|t:|1781115799
|move|p1a: Tyranitar|Low Kick|p2a: The sandstorm
|-supereffective|p2a: The sandstorm
|-damage|p2a: The sandstorm|0 fnt
|faint|p2a: The sandstorm
|
|-weather|Sandstorm|[upkeep]
|upkeep
|inactive|OP Earthquakes has 90 seconds left.
|
|t:|1781115828
|switch|p2a: OP|Excadrill, F|10/100
|-damage|p2a: OP|7/100|[from] Stealth Rock
|turn|42
|
|t:|1781115841
|switch|p1a: Alomomola|Alomomola, F|100/100 par
|move|p2a: OP|Earthquake|p1a: Alomomola
|-crit|p1a: Alomomola
|-damage|p1a: Alomomola|10/100 par
|
|-weather|Sandstorm|[upkeep]
|-damage|p1a: Alomomola|4/100 par|[from] Sandstorm
|upkeep
|turn|43
|
|t:|1781115843
|move|p2a: OP|Earthquake|p1a: Alomomola
|-damage|p1a: Alomomola|0 fnt
|faint|p1a: Alomomola
|
|-weather|Sandstorm|[upkeep]
|upkeep
|
|t:|1781115845
|switch|p1a: Excadrill|Excadrill, F|76/100
|turn|44
|
|t:|1781115870
|move|p1a: Excadrill|Rapid Spin|p2a: OP
|-resisted|p2a: OP
|-damage|p2a: OP|0 fnt
|-boost|p1a: Excadrill|spe|1
|faint|p2a: OP
|
|-weather|Sandstorm|[upkeep]
|-heal|p1a: Excadrill|82/100|[from] item: Leftovers
|upkeep
|
|t:|1781115873
|switch|p2a: Cresselia|Cresselia, F, shiny|50/100
|-damage|p2a: Cresselia|38/100|[from] Stealth Rock
|turn|45
|
|t:|1781115876
|move|p1a: Excadrill|Rock Slide|p2a: Cresselia
|-damage|p2a: Cresselia|18/100
|cant|p2a: Cresselia|flinch
|
|-weather|Sandstorm|[upkeep]
|-damage|p2a: Cresselia|12/100|[from] Sandstorm
|-heal|p1a: Excadrill|88/100|[from] item: Leftovers
|upkeep
|turn|46
|c|☆OP Earthquakes|lol
|c|☆Rj yoip|G
|c|☆OP Earthquakes|some rng issue but looks like u got it
|inactive|OP Earthquakes has 90 seconds left.
|
|t:|1781115908
|move|p1a: Excadrill|Rock Slide|p2a: Cresselia
|-damage|p2a: Cresselia|0 fnt
|faint|p2a: Cresselia
|
|-weather|none
|-heal|p1a: Excadrill|94/100|[from] item: Leftovers
|upkeep
|-message|OP Earthquakes forfeited.
|
|win|Rj yoip
|raw|Rj yoip's rating: 1766 &rarr; <strong>1787</strong><br />(+21 for winning)
|raw|OP Earthquakes's rating: 1784 &rarr; <strong>1763</strong><br />(-21 for losing)
|l|☆OP Earthquakes
|player|p2|
|l|☆Rj yoip
|player|p1|
