|j|☆LoseToRU?
|j|☆samohi0
|t:|1781330741
|gametype|singles
|player|p1|LoseToRU?|giovanni-gen1|1672
|player|p2|samohi0|hoopster|1672
|gen|9
|tier|[Gen 9] OU
|rated|
|rule|HP Percentage Mod: HP is shown in percentages
|rule|Endless Battle Clause: Forcing endless battles is banned
|rule|Species Clause: Limit one of each Pokémon
|rule|OHKO Clause: OHKO moves are banned
|rule|Evasion Items Clause: Evasion items are banned
|rule|Evasion Moves Clause: Evasion moves are banned
|rule|Evasion Abilities Clause: Evasion abilities are banned
|rule|Sleep Moves Clause: Sleep-inducing moves are banned
|clearpoke
|poke|p1|Iron Jugulis|
|poke|p1|Thundurus, M|
|poke|p1|Azumarill, F|
|poke|p1|Zamazenta-*|
|poke|p1|Cloyster, M|
|poke|p1|Iron Valiant|
|poke|p2|Lokix, M|
|poke|p2|Iron Valiant|
|poke|p2|Alomomola, L99, M|
|poke|p2|Mandibuzz, F|
|poke|p2|Great Tusk|
|poke|p2|Gholdengo|
|teampreview
|
|t:|1781330752
|teamsize|p1|6
|teamsize|p2|6
|start
|switch|p1a: Iron Valiant|Iron Valiant|100/100
|switch|p2a: MACHINE TORNADER|Gholdengo|100/100
|-enditem|p1a: Iron Valiant|Booster Energy
|-activate|p1a: Iron Valiant|ability: Quark Drive|[fromitem]
|-start|p1a: Iron Valiant|quarkdrivespe
|turn|1
|
|t:|1781330754
|move|p1a: Iron Valiant|Destiny Bond|p1a: Iron Valiant
|-singlemove|p1a: Iron Valiant|Destiny Bond
|move|p2a: MACHINE TORNADER|Make It Rain|p1a: Iron Valiant
|-supereffective|p1a: Iron Valiant
|-damage|p1a: Iron Valiant|0 fnt
|-unboost|p2a: MACHINE TORNADER|spa|1
|faint|p1a: Iron Valiant
|-activate|p1a: Iron Valiant|move: Destiny Bond
|-end|p1a: Iron Valiant|Quark Drive|[silent]
|faint|p2a: MACHINE TORNADER
|
|upkeep
|inactive|Battle timer is ON: inactive players will automatically lose when time's up. (requested by samohi0)
|
|t:|1781330781
|switch|p1a: Azumarill|Azumarill, F, shiny|100/100
|switch|p2a: G3-X|Iron Valiant, shiny|100/100
|turn|2
|
|t:|1781330786
|move|p2a: G3-X|Thunderbolt|p1a: Azumarill
|-supereffective|p1a: Azumarill
|-damage|p1a: Azumarill|35/100
|move|p1a: Azumarill|Play Rough|p2a: G3-X
|-supereffective|p2a: G3-X
|-damage|p2a: G3-X|0 fnt
|faint|p2a: G3-X
|-end|p2a: G3-X|Quark Drive|[silent]
|
|upkeep
|
|t:|1781330789
|switch|p2a: Shining Agito|Lokix, M, shiny|100/100
|turn|3
|
|t:|1781330792
|move|p2a: Shining Agito|U-turn|p1a: Azumarill
|-resisted|p1a: Azumarill
|-damage|p1a: Azumarill|0 fnt
|faint|p1a: Azumarill
|
|t:|1781330811
|switch|p2a: Tetsuya Sawaki|Alomomola, L99, M|100/100|[from] U-turn
|
|upkeep
|
|t:|1781330831
|switch|p1a: Zamazenta|Zamazenta|100/100
|-ability|p1a: Zamazenta|Dauntless Shield|boost
|-boost|p1a: Zamazenta|def|1
|turn|4
|
|t:|1781330838
|move|p1a: Zamazenta|Substitute|p1a: Zamazenta
|-start|p1a: Zamazenta|Substitute
|-damage|p1a: Zamazenta|75/100
|move|p2a: Tetsuya Sawaki|Flip Turn|p1a: Zamazenta
|-activate|p1a: Zamazenta|move: Substitute|[damage]
|
|t:|1781330849
|switch|p2a: Overlord|Mandibuzz, F|100/100|[from] Flip Turn
|
|-heal|p1a: Zamazenta|82/100|[from] item: Leftovers
|upkeep
|turn|5
|
|t:|1781330852
|move|p1a: Zamazenta|Iron Defense|p1a: Zamazenta
|-boost|p1a: Zamazenta|def|2
|move|p2a: Overlord|Foul Play|p1a: Zamazenta
|-resisted|p1a: Zamazenta
|-activate|p1a: Zamazenta|move: Substitute|[damage]
|
|-heal|p1a: Zamazenta|88/100|[from] item: Leftovers
|upkeep
|turn|6
|-message|samohi0 forfeited.
|
|win|LoseToRU?
|raw|LoseToRU?'s rating: 1672 &rarr; <strong>1692</strong><br />(+20 for winning)
|raw|samohi0's rating: 1672 &rarr; <strong>1652</strong><br />(-20 for losing)
|l|☆samohi0
|player|p2|
|l|☆LoseToRU?
|player|p1|
