|j|☆temporarylight
|j|☆epicgamer069420
|t:|1781375638
|gametype|singles
|player|p1|temporarylight|jogger|1807
|player|p2|epicgamer069420|101|1788
|gen|9
|tier|[Gen 9] OU
|rated|
|rule|HP Percentage Mod: HP is shown in percentages
|rule|Endless Battle Clause: Forcing endless battles is banned
|rule|Species Clause: Limit one of each Pokémon
|rule|OHKO Clause: OHKO moves are banned
|rule|Evasion Items Clause: Evasion items are banned
|rule|Evasion Moves Clause: Evasion moves are banned
|rule|Evasion Abilities Clause: Evasion abilities are banned
|rule|Sleep Moves Clause: Sleep-inducing moves are banned
|clearpoke
|poke|p1|Heatran, F|
|poke|p1|Ogerpon-Wellspring, F|
|poke|p1|Great Tusk|
|poke|p1|Scizor, M|
|poke|p1|Cresselia, F|
|poke|p1|Dragapult, F|
|poke|p2|Ting-Lu|
|poke|p2|Dragapult, F|
|poke|p2|Iron Crown|
|poke|p2|Great Tusk|
|poke|p2|Iron Valiant|
|poke|p2|Ogerpon-Wellspring, F|
|teampreview
|inactive|Battle timer is ON: inactive players will automatically lose when time's up. (requested by epicgamer069420)
|
|t:|1781375650
|teamsize|p1|6
|teamsize|p2|6
|start
|switch|p1a: Dragapult|Dragapult, F|100/100
|switch|p2a: Dragapult|Dragapult, F|100/100
|turn|1
|
|t:|1781375663
|move|p2a: Dragapult|Shadow Ball|p1a: Dragapult
|-supereffective|p1a: Dragapult
|-damage|p1a: Dragapult|0 fnt
|faint|p1a: Dragapult
|
|upkeep
|
|t:|1781375667
|switch|p1a: Heatran|Heatran, F|100/100
|-item|p1a: Heatran|Air Balloon
|turn|2
|
|t:|1781375673
|move|p2a: Dragapult|Shadow Ball|p1a: Heatran
|-damage|p1a: Heatran|76/100
|-unboost|p1a: Heatran|spd|1
|-enditem|p1a: Heatran|Air Balloon
|move|p1a: Heatran|Magma Storm|p2a: Dragapult
|-resisted|p2a: Dragapult
|-damage|p2a: Dragapult|71/100
|-activate|p2a: Dragapult|move: Magma Storm|[of] p1a: Heatran
|
|-damage|p2a: Dragapult|58/100|[from] move: Magma Storm|[partiallytrapped]
|upkeep
|turn|3
|
|t:|1781375680
|switch|p2a: Ting-Lu|Ting-Lu|100/100
|-ability|p2a: Ting-Lu|Vessel of Ruin
|move|p1a: Heatran|Earth Power|p2a: Ting-Lu
|-damage|p2a: Ting-Lu|90/100
|
|-heal|p2a: Ting-Lu|96/100|[from] item: Leftovers
|upkeep
|turn|4
|
|t:|1781375686
|move|p1a: Heatran|Will-O-Wisp|p2a: Ting-Lu|[miss]
|-miss|p1a: Heatran|p2a: Ting-Lu
|move|p2a: Ting-Lu|Stealth Rock|p1a: Heatran
|-sidestart|p1: temporarylight|move: Stealth Rock
|
|-heal|p2a: Ting-Lu|100/100|[from] item: Leftovers
|upkeep
|turn|5
|
|t:|1781375690
|switch|p1a: Ogerpon|Ogerpon-Wellspring, F|100/100
|-damage|p1a: Ogerpon|88/100|[from] Stealth Rock
|move|p2a: Ting-Lu|Earthquake|p1a: Ogerpon
|-resisted|p1a: Ogerpon
|-damage|p1a: Ogerpon|63/100
|
|upkeep
|turn|6
|
|t:|1781375701
|switch|p2a: Ogerpon|Ogerpon-Wellspring, F|100/100
|move|p1a: Ogerpon|Knock Off|p2a: Ogerpon
|-damage|p2a: Ogerpon|69/100
|
|upkeep
|turn|7
|
|t:|1781375704
|move|p1a: Ogerpon|Power Whip|p2a: Ogerpon
|-crit|p2a: Ogerpon
|-damage|p2a: Ogerpon|0 fnt
|faint|p2a: Ogerpon
|
|upkeep
|
|t:|1781375710
|switch|p2a: Dragapult|Dragapult, F|58/100
|turn|8
|
|t:|1781375714
|move|p2a: Dragapult|U-turn|p1a: Ogerpon
|-supereffective|p1a: Ogerpon
|-crit|p1a: Ogerpon
|-damage|p1a: Ogerpon|0 fnt
|faint|p1a: Ogerpon
|
|t:|1781375721
|switch|p2a: Iron Valiant|Iron Valiant|100/100|[from] U-turn
|
|upkeep
|c|☆temporarylight|0- Atk Dragapult U-turn vs. 0 HP / 0 Def Ogerpon-Wellspring: 124-146 (41.1 - 48.5%) -- guaranteed 3HKO
|
|t:|1781375739
|switch|p1a: Scizor|Scizor, M|100/100
|-damage|p1a: Scizor|88/100|[from] Stealth Rock
|turn|9
|c|☆epicgamer069420|im not negative attack nature
|inactive|epicgamer069420 has 120 seconds left.
|c|☆epicgamer069420|but it still mattered yea
|c|☆temporarylight|0 Atk Dragapult U-turn vs. 0 HP / 0 Def Ogerpon-Wellspring: 136-162 (45.1 - 53.8%) -- 38.7% chance to 2HKO
|
|t:|1781375784
|-end|p2a: Iron Valiant|Quark Drive|[silent]
|switch|p2a: Great Tusk|Great Tusk|100/100
|move|p1a: Scizor|Bullet Punch|p2a: Great Tusk
|-damage|p2a: Great Tusk|80/100
|-damage|p1a: Scizor|72/100|[from] item: Rocky Helmet|[of] p2a: Great Tusk
|
|upkeep
|turn|10
|
|t:|1781375789
|switch|p1a: Great Tusk|Great Tusk|100/100
|-damage|p1a: Great Tusk|97/100|[from] Stealth Rock
|-enditem|p1a: Great Tusk|Booster Energy
|-activate|p1a: Great Tusk|ability: Protosynthesis|[fromitem]
|-start|p1a: Great Tusk|protosynthesisatk
|move|p2a: Great Tusk|Knock Off|p1a: Great Tusk
|-resisted|p1a: Great Tusk
|-damage|p1a: Great Tusk|91/100
|
|upkeep
|turn|11
|
|t:|1781375799
|move|p1a: Great Tusk|Headlong Rush|p2a: Great Tusk
|-damage|p2a: Great Tusk|39/100
|-unboost|p1a: Great Tusk|def|1
|-unboost|p1a: Great Tusk|spd|1
|-damage|p1a: Great Tusk|74/100|[from] item: Rocky Helmet|[of] p2a: Great Tusk
|move|p2a: Great Tusk|Headlong Rush|p1a: Great Tusk
|-damage|p1a: Great Tusk|19/100
|-unboost|p2a: Great Tusk|def|1
|-unboost|p2a: Great Tusk|spd|1
|
|upkeep
|turn|12
|inactive|epicgamer069420 has 120 seconds left.
|
|t:|1781375806
|move|p1a: Great Tusk|Rapid Spin|p2a: Great Tusk
|-damage|p2a: Great Tusk|19/100
|-boost|p1a: Great Tusk|spe|1
|-damage|p1a: Great Tusk|2/100|[from] item: Rocky Helmet|[of] p2a: Great Tusk
|-sideend|p1: temporarylight|Stealth Rock|[from] move: Rapid Spin|[of] p1a: Great Tusk
|move|p2a: Great Tusk|Headlong Rush|p1a: Great Tusk
|-damage|p1a: Great Tusk|0 fnt
|-unboost|p2a: Great Tusk|def|1
|-unboost|p2a: Great Tusk|spd|1
|faint|p1a: Great Tusk
|-end|p1a: Great Tusk|Protosynthesis|[silent]
|
|upkeep
|
|t:|1781375818
|switch|p1a: Scizor|Scizor, M|72/100
|turn|13
|
|t:|1781375822
|move|p1a: Scizor|Bullet Punch|p2a: Great Tusk
|-damage|p2a: Great Tusk|0 fnt
|-damage|p1a: Scizor|55/100|[from] item: Rocky Helmet|[of] p2a: Great Tusk
|faint|p2a: Great Tusk
|-end|p2a: Great Tusk|Protosynthesis|[silent]
|
|upkeep
|
|t:|1781375827
|switch|p2a: Iron Crown|Iron Crown|100/100
|turn|14
|
|t:|1781375829
|switch|p1a: Heatran|Heatran, F|76/100
|move|p2a: Iron Crown|Volt Switch|p1a: Heatran
|-damage|p1a: Heatran|64/100
|
|t:|1781375836
|-end|p2a: Iron Crown|Quark Drive|[silent]
|switch|p2a: Iron Valiant|Iron Valiant|100/100|[from] Volt Switch
|
|upkeep
|turn|15
|
|t:|1781375840
|switch|p1a: Cresselia|Cresselia, F, shiny|100/100
|move|p2a: Iron Valiant|Close Combat|p1a: Cresselia
|-resisted|p1a: Cresselia
|-damage|p1a: Cresselia|80/100
|-unboost|p2a: Iron Valiant|def|1
|-unboost|p2a: Iron Valiant|spd|1
|
|upkeep
|turn|16
|
|t:|1781375846
|-end|p2a: Iron Valiant|Quark Drive|[silent]
|switch|p2a: Iron Crown|Iron Crown|100/100
|switch|p1a: Heatran|Heatran, F|64/100
|
|upkeep
|turn|17
|
|t:|1781375850
|move|p2a: Iron Crown|Volt Switch|p1a: Heatran
|-damage|p1a: Heatran|53/100
|
|t:|1781375854
|-end|p2a: Iron Crown|Quark Drive|[silent]
|switch|p2a: Ting-Lu|Ting-Lu|100/100|[from] Volt Switch
|-ability|p2a: Ting-Lu|Vessel of Ruin
|move|p1a: Heatran|Will-O-Wisp|p2a: Ting-Lu
|-status|p2a: Ting-Lu|brn
|
|-damage|p2a: Ting-Lu|94/100 brn|[from] brn
|upkeep
|turn|18
|
|t:|1781375866
|move|p1a: Heatran|Stealth Rock|p2a: Ting-Lu
|-sidestart|p2: epicgamer069420|move: Stealth Rock
|move|p2a: Ting-Lu|Stealth Rock|p1a: Heatran
|-sidestart|p1: temporarylight|move: Stealth Rock
|
|-heal|p2a: Ting-Lu|100/100 brn|[from] item: Leftovers
|-damage|p2a: Ting-Lu|94/100 brn|[from] brn
|upkeep
|turn|19
|
|t:|1781375869
|switch|p1a: Cresselia|Cresselia, F, shiny|80/100
|-damage|p1a: Cresselia|68/100|[from] Stealth Rock
|move|p2a: Ting-Lu|Earthquake|p1a: Cresselia
|-immune|p1a: Cresselia|[from] ability: Levitate
|
|-heal|p2a: Ting-Lu|100/100 brn|[from] item: Leftovers
|-damage|p2a: Ting-Lu|94/100 brn|[from] brn
|upkeep
|turn|20
|
|t:|1781375875
|move|p1a: Cresselia|Moonlight|p1a: Cresselia
|-heal|p1a: Cresselia|100/100
|move|p2a: Ting-Lu|Ruination|p1a: Cresselia
|-damage|p1a: Cresselia|51/100
|
|-heal|p2a: Ting-Lu|100/100 brn|[from] item: Leftovers
|-damage|p2a: Ting-Lu|94/100 brn|[from] brn
|upkeep
|turn|21
|
|t:|1781375879
|move|p1a: Cresselia|Moonlight|p1a: Cresselia
|-heal|p1a: Cresselia|100/100
|move|p2a: Ting-Lu|Ruination|p1a: Cresselia
|-damage|p1a: Cresselia|51/100
|
|-heal|p2a: Ting-Lu|100/100 brn|[from] item: Leftovers
|-damage|p2a: Ting-Lu|94/100 brn|[from] brn
|upkeep
|turn|22
|
|t:|1781375900
|move|p1a: Cresselia|Calm Mind|p1a: Cresselia
|-boost|p1a: Cresselia|spa|1
|-boost|p1a: Cresselia|spd|1
|move|p2a: Ting-Lu|Ruination|p1a: Cresselia
|-damage|p1a: Cresselia|26/100
|
|-heal|p2a: Ting-Lu|100/100 brn|[from] item: Leftovers
|-damage|p2a: Ting-Lu|94/100 brn|[from] brn
|upkeep
|turn|23
|j| goodnightnite
|
|t:|1781375903
|move|p1a: Cresselia|Moonlight|p1a: Cresselia
|-heal|p1a: Cresselia|76/100
|move|p2a: Ting-Lu|Whirlwind|p1a: Cresselia
|drag|p1a: Scizor|Scizor, M|55/100
|-damage|p1a: Scizor|43/100|[from] Stealth Rock
|
|-heal|p2a: Ting-Lu|100/100 brn|[from] item: Leftovers
|-damage|p2a: Ting-Lu|94/100 brn|[from] brn
|upkeep
|turn|24
|
|t:|1781375911
|switch|p2a: Iron Valiant|Iron Valiant|100/100
|-damage|p2a: Iron Valiant|94/100|[from] Stealth Rock
|move|p1a: Scizor|Knock Off|p2a: Iron Valiant
|-resisted|p2a: Iron Valiant
|-damage|p2a: Iron Valiant|84/100
|-enditem|p2a: Iron Valiant|Choice Specs|[from] move: Knock Off|[of] p1a: Scizor
|
|upkeep
|turn|25
|
|t:|1781375921
|move|p1a: Scizor|Bullet Punch|p2a: Iron Valiant
|-supereffective|p2a: Iron Valiant
|-damage|p2a: Iron Valiant|0 fnt
|faint|p2a: Iron Valiant
|-end|p2a: Iron Valiant|Quark Drive|[silent]
|
|upkeep
|
|t:|1781375931
|switch|p2a: Iron Crown|Iron Crown|100/100
|-damage|p2a: Iron Crown|94/100|[from] Stealth Rock
|turn|26
|
|t:|1781375941
|switch|p1a: Heatran|Heatran, F|53/100
|-damage|p1a: Heatran|40/100|[from] Stealth Rock
|move|p2a: Iron Crown|Volt Switch|p1a: Heatran
|-damage|p1a: Heatran|27/100
|
|t:|1781375951
|-end|p2a: Iron Crown|Quark Drive|[silent]
|switch|p2a: Ting-Lu|Ting-Lu|94/100 brn|[from] Volt Switch
|-damage|p2a: Ting-Lu|88/100 brn|[from] Stealth Rock
|-ability|p2a: Ting-Lu|Vessel of Ruin
|
|-heal|p2a: Ting-Lu|94/100 brn|[from] item: Leftovers
|-damage|p2a: Ting-Lu|88/100 brn|[from] brn
|upkeep
|turn|27
|
|t:|1781375963
|move|p1a: Heatran|Magma Storm|p2a: Ting-Lu
|-damage|p2a: Ting-Lu|70/100 brn
|-activate|p2a: Ting-Lu|move: Magma Storm|[of] p1a: Heatran
|move|p2a: Ting-Lu|Whirlwind|p1a: Heatran
|drag|p1a: Scizor|Scizor, M|43/100
|-damage|p1a: Scizor|31/100|[from] Stealth Rock
|
|-heal|p2a: Ting-Lu|77/100 brn|[from] item: Leftovers
|-damage|p2a: Ting-Lu|70/100 brn|[from] brn
|-end|p2a: Ting-Lu|Magma Storm|[partiallytrapped]|[silent]
|upkeep
|turn|28
|
|t:|1781375972
|move|p1a: Scizor|Knock Off|p2a: Ting-Lu
|-resisted|p2a: Ting-Lu
|-damage|p2a: Ting-Lu|61/100 brn
|-enditem|p2a: Ting-Lu|Leftovers|[from] move: Knock Off|[of] p1a: Scizor
|move|p2a: Ting-Lu|Earthquake|p1a: Scizor
|-damage|p1a: Scizor|10/100
|
|-damage|p2a: Ting-Lu|55/100 brn|[from] brn
|upkeep
|turn|29
|
|t:|1781375984
|move|p1a: Scizor|Swords Dance|p1a: Scizor
|-boost|p1a: Scizor|atk|2
|move|p2a: Ting-Lu|Earthquake|p1a: Scizor
|-damage|p1a: Scizor|0 fnt
|faint|p1a: Scizor
|
|-damage|p2a: Ting-Lu|49/100 brn|[from] brn
|upkeep
|
|t:|1781375986
|switch|p1a: Heatran|Heatran, F|27/100
|-damage|p1a: Heatran|15/100|[from] Stealth Rock
|turn|30
|
|t:|1781375988
|move|p1a: Heatran|Magma Storm|p2a: Ting-Lu
|-damage|p2a: Ting-Lu|31/100 brn
|-activate|p2a: Ting-Lu|move: Magma Storm|[of] p1a: Heatran
|move|p2a: Ting-Lu|Earthquake|p1a: Heatran
|-supereffective|p1a: Heatran
|-damage|p1a: Heatran|0 fnt
|faint|p1a: Heatran
|
|-damage|p2a: Ting-Lu|25/100 brn|[from] brn
|-end|p2a: Ting-Lu|Magma Storm|[partiallytrapped]|[silent]
|upkeep
|
|t:|1781375990
|switch|p1a: Cresselia|Cresselia, F, shiny|76/100
|-damage|p1a: Cresselia|63/100|[from] Stealth Rock
|turn|31
|
|t:|1781376001
|switch|p2a: Iron Crown|Iron Crown|94/100
|-damage|p2a: Iron Crown|88/100|[from] Stealth Rock
|move|p1a: Cresselia|Calm Mind|p1a: Cresselia
|-boost|p1a: Cresselia|spa|1
|-boost|p1a: Cresselia|spd|1
|
|upkeep
|turn|32
|
|t:|1781376008
|move|p2a: Iron Crown|Psychic Noise|p1a: Cresselia
|-resisted|p1a: Cresselia
|-damage|p1a: Cresselia|55/100
|-start|p1a: Cresselia|move: Heal Block
|cant|p1a: Cresselia|move: Heal Block|Moonlight
|
|upkeep
|turn|33
|
|t:|1781376012
|move|p2a: Iron Crown|Tachyon Cutter|p1a: Cresselia
|-damage|p1a: Cresselia|44/100
|-damage|p1a: Cresselia|34/100
|-hitcount|p1a: Cresselia|2
|move|p1a: Cresselia|Calm Mind|p1a: Cresselia
|-boost|p1a: Cresselia|spa|1
|-boost|p1a: Cresselia|spd|1
|
|-end|p1a: Cresselia|move: Heal Block
|upkeep
|turn|34
|
|t:|1781376026
|move|p2a: Iron Crown|Psychic Noise|p1a: Cresselia
|-resisted|p1a: Cresselia
|-damage|p1a: Cresselia|28/100
|-start|p1a: Cresselia|move: Heal Block
|move|p1a: Cresselia|Thunderbolt|p2a: Iron Crown
|-damage|p2a: Iron Crown|63/100
|
|upkeep
|turn|35
|
|t:|1781376034
|-terastallize|p1a: Cresselia|Electric
|move|p2a: Iron Crown|Tachyon Cutter|p1a: Cresselia
|-resisted|p1a: Cresselia
|-damage|p1a: Cresselia|25/100
|-resisted|p1a: Cresselia
|-damage|p1a: Cresselia|20/100
|-hitcount|p1a: Cresselia|2
|move|p1a: Cresselia|Thunderbolt|p2a: Iron Crown
|-damage|p2a: Iron Crown|26/100
|-status|p2a: Iron Crown|par
|
|-end|p1a: Cresselia|move: Heal Block
|upkeep
|turn|36
|c|☆temporarylight|mb
|inactive|epicgamer069420 has 120 seconds left.
|
|t:|1781376072
|move|p1a: Cresselia|Moonlight|p1a: Cresselia
|-heal|p1a: Cresselia|70/100
|move|p2a: Iron Crown|Psychic Noise|p1a: Cresselia
|-crit|p1a: Cresselia
|-damage|p1a: Cresselia|36/100
|-start|p1a: Cresselia|move: Heal Block
|
|upkeep
|turn|37
|j| mak7xr
|inactive|epicgamer069420 has 120 seconds left.
|inactive|temporarylight has 120 seconds left.
|
|t:|1781376120
|move|p1a: Cresselia|Stored Power|p2a: Iron Crown
|-resisted|p2a: Iron Crown
|-damage|p2a: Iron Crown|17/100 par
|move|p2a: Iron Crown|Volt Switch|p1a: Cresselia
|-resisted|p1a: Cresselia
|-damage|p1a: Cresselia|33/100
|inactive|epicgamer069420 has 120 seconds left.
|
|t:|1781376127
|-end|p2a: Iron Crown|Quark Drive|[silent]
|switch|p2a: Dragapult|Dragapult, F|58/100|[from] Volt Switch
|-damage|p2a: Dragapult|46/100|[from] Stealth Rock
|
|-end|p1a: Cresselia|move: Heal Block
|upkeep
|turn|38
|
|t:|1781376133
|move|p2a: Dragapult|Dragon Darts|p1a: Cresselia
|-damage|p1a: Cresselia|17/100
|-anim|p2a: Dragapult|Dragon Darts|p1a: Cresselia
|-damage|p1a: Cresselia|0 fnt
|faint|p1a: Cresselia
|
|win|epicgamer069420
|raw|temporarylight's rating: 1807 &rarr; <strong>1786</strong><br />(-21 for losing)
|raw|epicgamer069420's rating: 1788 &rarr; <strong>1809</strong><br />(+21 for winning)
|c|☆temporarylight|gg
|l| mak7xr
|c|☆epicgamer069420|gg
|l| goodnightnite
|l|☆epicgamer069420
|player|p2|
|j| goodnightnite
|l| goodnightnite
|j| goodnightnite
|l| goodnightnite
