|j|☆quolius
|j|☆Huntail_Biden711
|t:|1780910736
|gametype|singles
|player|p1|quolius|101|1567
|player|p2|Huntail_Biden711|blue|1558
|gen|9
|tier|[Gen 9] OU
|rated|
|rule|HP Percentage Mod: HP is shown in percentages
|rule|Endless Battle Clause: Forcing endless battles is banned
|rule|Species Clause: Limit one of each Pokémon
|rule|OHKO Clause: OHKO moves are banned
|rule|Evasion Items Clause: Evasion items are banned
|rule|Evasion Moves Clause: Evasion moves are banned
|rule|Evasion Abilities Clause: Evasion abilities are banned
|rule|Sleep Moves Clause: Sleep-inducing moves are banned
|clearpoke
|poke|p1|Wo-Chien|
|poke|p1|Torkoal, F|
|poke|p1|Walking Wake|
|poke|p1|Cinderace, F|
|poke|p1|Clefable, F|
|poke|p1|Great Tusk|
|poke|p2|Great Tusk|
|poke|p2|Primarina, M|
|poke|p2|Rillaboom, M|
|poke|p2|Gholdengo|
|poke|p2|Moltres|
|poke|p2|Zamazenta-*|
|teampreview
|inactive|Battle timer is ON: inactive players will automatically lose when time's up. (requested by quolius)
|inactive|Huntail_Biden711 also wants the timer to be on.
|
|t:|1780910754
|teamsize|p1|6
|teamsize|p2|6
|start
|switch|p1a: Torkoal|Torkoal, F|100/100
|switch|p2a: Primarina|Primarina, M|100/100
|-weather|SunnyDay|[from] ability: Drought|[of] p1a: Torkoal
|turn|1
|
|t:|1780910763
|switch|p1a: Clefable|Clefable, F|100/100
|move|p2a: Primarina|Surf|p1a: Clefable
|-damage|p1a: Clefable|77/100
|
|-weather|SunnyDay|[upkeep]
|upkeep
|turn|2
|
|t:|1780910769
|move|p2a: Primarina|Flip Turn|p1a: Clefable
|-damage|p1a: Clefable|71/100
|
|t:|1780910772
|switch|p2a: Gholdengo|Gholdengo|100/100|[from] Flip Turn
|-item|p2a: Gholdengo|Air Balloon
|move|p1a: Clefable|Moonlight|p1a: Clefable
|-heal|p1a: Clefable|100/100
|
|-weather|SunnyDay|[upkeep]
|upkeep
|turn|3
|
|t:|1780910784
|switch|p1a: Walking Wake|Walking Wake|100/100
|-activate|p1a: Walking Wake|ability: Protosynthesis
|-start|p1a: Walking Wake|protosynthesisspe
|move|p2a: Gholdengo|Make It Rain|p1a: Walking Wake
|-resisted|p1a: Walking Wake
|-damage|p1a: Walking Wake|58/100
|-unboost|p2a: Gholdengo|spa|1
|
|-weather|SunnyDay|[upkeep]
|upkeep
|turn|4
|
|t:|1780910793
|switch|p2a: Primarina|Primarina, M|100/100
|move|p1a: Walking Wake|Hydro Steam|p2a: Primarina
|-resisted|p2a: Primarina
|-damage|p2a: Primarina|77/100
|
|-weather|SunnyDay|[upkeep]
|upkeep
|turn|5
|
|t:|1780910801
|-end|p1a: Walking Wake|Protosynthesis|[silent]
|switch|p1a: Clefable|Clefable, F|100/100
|move|p2a: Primarina|Flip Turn|p1a: Clefable
|-damage|p1a: Clefable|94/100
|
|t:|1780910806
|switch|p2a: Gholdengo|Gholdengo|100/100|[from] Flip Turn
|-item|p2a: Gholdengo|Air Balloon
|
|-weather|SunnyDay|[upkeep]
|upkeep
|turn|6
|
|t:|1780910811
|switch|p1a: Torkoal|Torkoal, F|100/100
|move|p2a: Gholdengo|Make It Rain|p1a: Torkoal
|-resisted|p1a: Torkoal
|-damage|p1a: Torkoal|69/100
|-unboost|p2a: Gholdengo|spa|1
|
|-weather|SunnyDay|[upkeep]
|upkeep
|turn|7
|
|t:|1780910820
|switch|p2a: Primarina|Primarina, M|77/100
|move|p1a: Torkoal|Overheat|p2a: Primarina
|-resisted|p2a: Primarina
|-damage|p2a: Primarina|61/100
|-unboost|p1a: Torkoal|spa|2
|
|-weather|SunnyDay|[upkeep]
|upkeep
|turn|8
|
|t:|1780910837
|move|p2a: Primarina|Flip Turn|p1a: Torkoal
|-supereffective|p1a: Torkoal
|-damage|p1a: Torkoal|58/100
|
|t:|1780910840
|switch|p2a: Great Tusk|Great Tusk|100/100|[from] Flip Turn
|-activate|p2a: Great Tusk|ability: Protosynthesis
|-start|p2a: Great Tusk|protosynthesisatk
|move|p1a: Torkoal|Earthquake|p2a: Great Tusk
|-damage|p2a: Great Tusk|86/100
|
|-weather|none
|-end|p2a: Great Tusk|Protosynthesis
|-heal|p2a: Great Tusk|92/100|[from] item: Leftovers
|upkeep
|turn|9
|
|t:|1780910851
|switch|p1a: Great Tusk|Great Tusk|100/100
|move|p2a: Great Tusk|Stealth Rock|p1a: Great Tusk
|-sidestart|p1: quolius|move: Stealth Rock
|
|-heal|p2a: Great Tusk|98/100|[from] item: Leftovers
|upkeep
|turn|10
|
|t:|1780910858
|-end|p2a: Great Tusk|Protosynthesis|[silent]
|switch|p2a: Moltres|Moltres|100/100
|move|p1a: Great Tusk|Stealth Rock|p2a: Moltres
|-sidestart|p2: Huntail_Biden711|move: Stealth Rock
|
|upkeep
|turn|11
|
|t:|1780910864
|move|p1a: Great Tusk|Rapid Spin|p2a: Moltres
|-damage|p2a: Moltres|91/100
|-boost|p1a: Great Tusk|spe|1
|-sideend|p1: quolius|Stealth Rock|[from] move: Rapid Spin|[of] p1a: Great Tusk
|move|p2a: Moltres|Will-O-Wisp|p1a: Great Tusk
|-status|p1a: Great Tusk|brn
|
|-damage|p1a: Great Tusk|94/100 brn|[from] brn
|upkeep
|turn|12
|
|t:|1780910874
|-end|p1a: Great Tusk|Protosynthesis|[silent]
|switch|p1a: Walking Wake|Walking Wake|58/100
|move|p2a: Moltres|Flamethrower|p1a: Walking Wake
|-resisted|p1a: Walking Wake
|-damage|p1a: Walking Wake|48/100
|
|upkeep
|turn|13
|
|t:|1780910883
|switch|p2a: Primarina|Primarina, M|61/100
|-damage|p2a: Primarina|48/100|[from] Stealth Rock
|move|p1a: Walking Wake|Hydro Steam|p2a: Primarina
|-resisted|p2a: Primarina
|-damage|p2a: Primarina|30/100
|
|upkeep
|turn|14
|
|t:|1780910891
|-end|p1a: Walking Wake|Protosynthesis|[silent]
|switch|p1a: Torkoal|Torkoal, F|58/100
|-weather|SunnyDay|[from] ability: Drought|[of] p1a: Torkoal
|move|p2a: Primarina|Flip Turn|p1a: Torkoal
|-supereffective|p1a: Torkoal
|-damage|p1a: Torkoal|48/100
|
|t:|1780910898
|switch|p2a: Great Tusk|Great Tusk|98/100|[from] Flip Turn
|-damage|p2a: Great Tusk|95/100|[from] Stealth Rock
|-activate|p2a: Great Tusk|ability: Protosynthesis
|-start|p2a: Great Tusk|protosynthesisatk
|
|-weather|SunnyDay|[upkeep]
|-heal|p2a: Great Tusk|100/100|[from] item: Leftovers
|upkeep
|turn|15
|
|t:|1780910909
|move|p2a: Great Tusk|Rapid Spin|p1a: Torkoal
|-damage|p1a: Torkoal|31/100
|-boost|p2a: Great Tusk|spe|1
|-sideend|p2: Huntail_Biden711|Stealth Rock|[from] move: Rapid Spin|[of] p2a: Great Tusk
|move|p1a: Torkoal|Overheat|p2a: Great Tusk
|-damage|p2a: Great Tusk|15/100
|-unboost|p1a: Torkoal|spa|2
|
|-weather|SunnyDay|[upkeep]
|-heal|p2a: Great Tusk|22/100|[from] item: Leftovers
|upkeep
|turn|16
|
|t:|1780910921
|switch|p1a: Great Tusk|Great Tusk|94/100 brn
|-activate|p1a: Great Tusk|ability: Protosynthesis
|-start|p1a: Great Tusk|protosynthesisspe
|move|p2a: Great Tusk|Headlong Rush|p1a: Great Tusk
|-damage|p1a: Great Tusk|46/100 brn
|-unboost|p2a: Great Tusk|def|1
|-unboost|p2a: Great Tusk|spd|1
|-damage|p2a: Great Tusk|5/100|[from] item: Rocky Helmet|[of] p1a: Great Tusk
|
|-weather|SunnyDay|[upkeep]
|-heal|p2a: Great Tusk|11/100|[from] item: Leftovers
|-damage|p1a: Great Tusk|40/100 brn|[from] brn
|upkeep
|turn|17
|
|t:|1780910936
|move|p1a: Great Tusk|Stealth Rock|p2a: Great Tusk
|-sidestart|p2: Huntail_Biden711|move: Stealth Rock
|move|p2a: Great Tusk|Stealth Rock|p1a: Great Tusk
|-sidestart|p1: quolius|move: Stealth Rock
|
|-weather|SunnyDay|[upkeep]
|-heal|p2a: Great Tusk|17/100|[from] item: Leftovers
|-damage|p1a: Great Tusk|34/100 brn|[from] brn
|upkeep
|turn|18
|
|t:|1780910943
|move|p2a: Great Tusk|Rapid Spin|p1a: Great Tusk
|-damage|p1a: Great Tusk|20/100 brn
|-boost|p2a: Great Tusk|spe|1
|-damage|p2a: Great Tusk|1/100|[from] item: Rocky Helmet|[of] p1a: Great Tusk
|-sideend|p2: Huntail_Biden711|Stealth Rock|[from] move: Rapid Spin|[of] p2a: Great Tusk
|move|p1a: Great Tusk|Rapid Spin|p2a: Great Tusk
|-damage|p2a: Great Tusk|0 fnt
|-boost|p1a: Great Tusk|spe|1
|-sideend|p1: quolius|Stealth Rock|[from] move: Rapid Spin|[of] p1a: Great Tusk
|faint|p2a: Great Tusk
|-end|p2a: Great Tusk|Protosynthesis|[silent]
|
|-weather|SunnyDay|[upkeep]
|-damage|p1a: Great Tusk|14/100 brn|[from] brn
|upkeep
|
|t:|1780910957
|switch|p2a: Rillaboom|Rillaboom, M|100/100
|-fieldstart|move: Grassy Terrain|[from] ability: Grassy Surge|[of] p2a: Rillaboom
|turn|19
|
|t:|1780910969
|move|p1a: Great Tusk|Stealth Rock|p2a: Rillaboom
|-sidestart|p2: Huntail_Biden711|move: Stealth Rock
|move|p2a: Rillaboom|U-turn|p1a: Great Tusk
|-resisted|p1a: Great Tusk
|-crit|p1a: Great Tusk
|-damage|p1a: Great Tusk|0 fnt
|-damage|p2a: Rillaboom|84/100|[from] item: Rocky Helmet|[of] p1a: Great Tusk
|faint|p1a: Great Tusk
|-end|p1a: Great Tusk|Protosynthesis|[silent]
|
|t:|1780910977
|switch|p2a: Zamazenta|Zamazenta|100/100|[from] U-turn
|-damage|p2a: Zamazenta|94/100|[from] Stealth Rock
|-ability|p2a: Zamazenta|Dauntless Shield|boost
|-boost|p2a: Zamazenta|def|1
|
|-weather|SunnyDay|[upkeep]
|-heal|p2a: Zamazenta|100/100|[from] Grassy Terrain
|upkeep
|
|t:|1780910991
|switch|p1a: Walking Wake|Walking Wake|48/100
|-activate|p1a: Walking Wake|ability: Protosynthesis
|-start|p1a: Walking Wake|protosynthesisspe
|turn|20
|
|t:|1780910998
|move|p1a: Walking Wake|Hydro Steam|p2a: Zamazenta
|-damage|p2a: Zamazenta|23/100
|move|p2a: Zamazenta|Close Combat|p1a: Walking Wake
|-damage|p1a: Walking Wake|0 fnt
|-unboost|p2a: Zamazenta|def|1
|-unboost|p2a: Zamazenta|spd|1
|faint|p1a: Walking Wake
|-end|p1a: Walking Wake|Protosynthesis|[silent]
|-damage|p2a: Zamazenta|13/100|[from] item: Life Orb
|
|-weather|SunnyDay|[upkeep]
|-heal|p2a: Zamazenta|19/100|[from] Grassy Terrain
|upkeep
|l|☆quolius
|inactive|quolius disconnected and has a minute to reconnect!
|player|p1|
|j|☆quolius
|inactive|quolius reconnected and has 125 seconds left.
|player|p1|quolius|101|
|
|t:|1780911028
|switch|p1a: Clefable|Clefable, F|94/100
|turn|21
|
|t:|1780911037
|switch|p2a: Gholdengo|Gholdengo|100/100
|-damage|p2a: Gholdengo|94/100|[from] Stealth Rock
|-item|p2a: Gholdengo|Air Balloon
|move|p1a: Clefable|Moonblast|p2a: Gholdengo
|-resisted|p2a: Gholdengo
|-damage|p2a: Gholdengo|79/100
|-enditem|p2a: Gholdengo|Air Balloon
|
|-weather|none
|-heal|p2a: Gholdengo|85/100|[from] Grassy Terrain
|-heal|p1a: Clefable|100/100|[from] Grassy Terrain
|upkeep
|turn|22
|
|t:|1780911050
|switch|p1a: Torkoal|Torkoal, F|31/100
|-weather|SunnyDay|[from] ability: Drought|[of] p1a: Torkoal
|move|p2a: Gholdengo|Nasty Plot|p2a: Gholdengo
|-boost|p2a: Gholdengo|spa|2
|
|-weather|SunnyDay|[upkeep]
|-heal|p2a: Gholdengo|92/100|[from] Grassy Terrain
|-heal|p1a: Torkoal|37/100|[from] Grassy Terrain
|upkeep
|turn|23
|
|t:|1780911061
|move|p2a: Gholdengo|Shadow Ball|p1a: Torkoal
|-damage|p1a: Torkoal|0 fnt
|faint|p1a: Torkoal
|
|-weather|SunnyDay|[upkeep]
|-heal|p2a: Gholdengo|98/100|[from] Grassy Terrain
|-fieldend|move: Grassy Terrain
|upkeep
|
|t:|1780911065
|switch|p1a: Cinderace|Cinderace, F|100/100
|-item|p1a: Cinderace|Air Balloon
|turn|24
|l|☆quolius
|inactive|quolius disconnected and has a minute to reconnect!
|player|p1|
|inactive|Huntail_Biden711 has 120 seconds left.
|j|☆quolius
|inactive|quolius reconnected.
|player|p1|quolius|101|
|
|t:|1780911107
|switch|p1a: Wo-Chien|Wo-Chien|100/100
|-ability|p1a: Wo-Chien|Tablets of Ruin
|-terastallize|p2a: Gholdengo|Fairy
|move|p2a: Gholdengo|Shadow Ball|p1a: Wo-Chien
|-resisted|p1a: Wo-Chien
|-damage|p1a: Wo-Chien|60/100
|-unboost|p1a: Wo-Chien|spd|1
|
|-weather|SunnyDay|[upkeep]
|upkeep
|turn|25
|
|t:|1780911120
|move|p1a: Wo-Chien|Giga Drain|p2a: Gholdengo
|-damage|p2a: Gholdengo|60/100
|-heal|p1a: Wo-Chien|83/100|[from] drain|[of] p2a: Gholdengo
|-damage|p1a: Wo-Chien|73/100|[from] item: Life Orb
|move|p2a: Gholdengo|Make It Rain|p1a: Wo-Chien
|-damage|p1a: Wo-Chien|0 fnt
|-unboost|p2a: Gholdengo|spa|1
|faint|p1a: Wo-Chien
|
|-weather|SunnyDay|[upkeep]
|upkeep
|
|t:|1780911125
|switch|p1a: Cinderace|Cinderace, F|100/100
|-item|p1a: Cinderace|Air Balloon
|turn|26
|inactive|Huntail_Biden711 has 120 seconds left.
|
|t:|1780911135
|switch|p2a: Moltres|Moltres|91/100
|move|p1a: Cinderace|Pyro Ball|p2a: Moltres
|-resisted|p2a: Moltres
|-damage|p2a: Moltres|62/100
|
|-weather|SunnyDay|[upkeep]
|upkeep
|turn|27
|inactive|Huntail_Biden711 has 120 seconds left.
|
|t:|1780911143
|move|p1a: Cinderace|Swords Dance|p1a: Cinderace
|-boost|p1a: Cinderace|atk|2
|move|p2a: Moltres|Flamethrower|p1a: Cinderace
|-resisted|p1a: Cinderace
|-damage|p1a: Cinderace|60/100
|-enditem|p1a: Cinderace|Air Balloon
|
|-weather|SunnyDay|[upkeep]
|upkeep
|turn|28
|
|t:|1780911150
|move|p1a: Cinderace|Flame Charge|p2a: Moltres
|-resisted|p2a: Moltres
|-damage|p2a: Moltres|37/100
|-boost|p1a: Cinderace|spe|1
|move|p2a: Moltres|Flamethrower|p1a: Cinderace
|-resisted|p1a: Cinderace
|-damage|p1a: Cinderace|20/100
|
|-weather|SunnyDay|[upkeep]
|upkeep
|turn|29
|
|t:|1780911165
|move|p1a: Cinderace|Pyro Ball|p2a: Moltres
|-resisted|p2a: Moltres
|-damage|p2a: Moltres|0 fnt
|faint|p2a: Moltres
|
|-weather|none
|upkeep
|
|t:|1780911170
|switch|p2a: Rillaboom|Rillaboom, M|84/100
|-damage|p2a: Rillaboom|71/100|[from] Stealth Rock
|-fieldstart|move: Grassy Terrain|[from] ability: Grassy Surge|[of] p2a: Rillaboom
|turn|30
|
|t:|1780911175
|move|p2a: Rillaboom|Grassy Glide|p1a: Cinderace
|-resisted|p1a: Cinderace
|-damage|p1a: Cinderace|0 fnt
|faint|p1a: Cinderace
|
|-heal|p2a: Rillaboom|78/100|[from] Grassy Terrain
|upkeep
|
|t:|1780911177
|switch|p1a: Clefable|Clefable, F|100/100
|turn|31
|
|t:|1780911184
|switch|p2a: Gholdengo|Gholdengo, tera:Fairy|60/100
|-damage|p2a: Gholdengo|48/100|[from] Stealth Rock
|-terastallize|p1a: Clefable|Poison
|move|p1a: Clefable|Calm Mind|p1a: Clefable
|-boost|p1a: Clefable|spa|1
|-boost|p1a: Clefable|spd|1
|
|-heal|p2a: Gholdengo|54/100|[from] Grassy Terrain
|upkeep
|turn|32
|
|t:|1780911194
|move|p2a: Gholdengo|Recover|p2a: Gholdengo
|-heal|p2a: Gholdengo|100/100
|move|p1a: Clefable|Calm Mind|p1a: Clefable
|-boost|p1a: Clefable|spa|1
|-boost|p1a: Clefable|spd|1
|
|upkeep
|turn|33
|
|t:|1780911202
|move|p2a: Gholdengo|Make It Rain|p1a: Clefable
|-crit|p1a: Clefable
|-damage|p1a: Clefable|9/100
|-unboost|p2a: Gholdengo|spa|1
|move|p1a: Clefable|Calm Mind|p1a: Clefable
|-boost|p1a: Clefable|spa|1
|-boost|p1a: Clefable|spd|1
|
|-heal|p1a: Clefable|15/100|[from] Grassy Terrain
|upkeep
|turn|34
|-message|quolius forfeited.
|
|win|Huntail_Biden711
|raw|quolius's rating: 1567 &rarr; <strong>1546</strong><br />(-21 for losing)
|raw|Huntail_Biden711's rating: 1558 &rarr; <strong>1579</strong><br />(+21 for winning)
|l|☆quolius
|player|p1|
|l|☆Huntail_Biden711
|player|p2|
