|j|☆koal shady
|j|☆tamarisimms
|t:|1781593753
|gametype|singles
|player|p1|koal shady|unknown|1476
|player|p2|tamarisimms|169|1549
|gen|9
|tier|[Gen 9] OU
|rated|
|rule|HP Percentage Mod: HP is shown in percentages
|rule|Endless Battle Clause: Forcing endless battles is banned
|rule|Species Clause: Limit one of each Pokémon
|rule|OHKO Clause: OHKO moves are banned
|rule|Evasion Items Clause: Evasion items are banned
|rule|Evasion Moves Clause: Evasion moves are banned
|rule|Evasion Abilities Clause: Evasion abilities are banned
|rule|Sleep Moves Clause: Sleep-inducing moves are banned
|clearpoke
|poke|p1|Skeledirge, M|
|poke|p1|Garganacl, M|
|poke|p1|Glimmora, F|
|poke|p1|Clefable, F|
|poke|p1|Cinderace, F|
|poke|p1|Sudowoodo, L1, F|
|poke|p2|Dragonite, M|
|poke|p2|Great Tusk|
|poke|p2|Deoxys-Speed|
|poke|p2|Gholdengo|
|poke|p2|Zamazenta-*|
|poke|p2|Iron Valiant|
|teampreview
|inactive|Battle timer is ON: inactive players will automatically lose when time's up. (requested by koal shady)
|
|t:|1781593759
|teamsize|p1|6
|teamsize|p2|6
|start
|switch|p1a: Sudowoodo|Sudowoodo, L1, F|100/100
|switch|p2a: Deoxys|Deoxys-Speed|100/100
|-ability|p2a: Deoxys|Pressure
|turn|1
|
|t:|1781593765
|move|p2a: Deoxys|Stealth Rock|p1a: Sudowoodo
|-sidestart|p1: koal shady|move: Stealth Rock
|move|p1a: Sudowoodo|Endeavor|p2a: Deoxys
|-damage|p2a: Deoxys|4/100
|
|upkeep
|turn|2
|
|t:|1781593770
|switch|p1a: Clefable|Clefable, F|100/100
|-damage|p1a: Clefable|88/100|[from] Stealth Rock
|move|p2a: Deoxys|Spikes|p1a: Clefable
|-sidestart|p1: koal shady|Spikes
|
|-heal|p1a: Clefable|94/100|[from] item: Leftovers
|upkeep
|turn|3
|
|t:|1781593775
|move|p2a: Deoxys|Taunt|p1a: Clefable
|-start|p1a: Clefable|move: Taunt
|move|p1a: Clefable|Flamethrower|p2a: Deoxys
|-damage|p2a: Deoxys|0 fnt
|faint|p2a: Deoxys
|
|-heal|p1a: Clefable|99/100|[from] item: Leftovers
|upkeep
|
|t:|1781593779
|switch|p2a: Gholdengo|Gholdengo|100/100
|turn|4
|
|t:|1781593784
|move|p2a: Gholdengo|Nasty Plot|p2a: Gholdengo
|-boost|p2a: Gholdengo|spa|2
|move|p1a: Clefable|Flamethrower|p2a: Gholdengo
|-supereffective|p2a: Gholdengo
|-damage|p2a: Gholdengo|58/100
|
|-heal|p1a: Clefable|100/100|[from] item: Leftovers
|upkeep
|turn|5
|
|t:|1781593790
|move|p2a: Gholdengo|Make It Rain|p1a: Clefable
|-supereffective|p1a: Clefable
|-damage|p1a: Clefable|8/100
|-unboost|p2a: Gholdengo|spa|1
|move|p1a: Clefable|Flamethrower|p2a: Gholdengo
|-supereffective|p2a: Gholdengo
|-damage|p2a: Gholdengo|19/100
|
|-heal|p1a: Clefable|14/100|[from] item: Leftovers
|-end|p1a: Clefable|move: Taunt
|upkeep
|turn|6
|-enditem|p2a: Gholdengo|Custap Berry|[eat]
|-activate|p2a: Gholdengo|item: Custap Berry|[consumed]
|
|t:|1781593794
|move|p2a: Gholdengo|Shadow Ball|p1a: Clefable
|-damage|p1a: Clefable|0 fnt
|faint|p1a: Clefable
|
|upkeep
|
|t:|1781593815
|switch|p1a: Glimmora|Glimmora, F|100/100
|-damage|p1a: Glimmora|88/100|[from] Stealth Rock
|-damage|p1a: Glimmora|76/100|[from] Spikes
|turn|7
|
|t:|1781593818
|move|p1a: Glimmora|Mud Shot|p2a: Gholdengo
|-supereffective|p2a: Gholdengo
|-damage|p2a: Gholdengo|0 fnt
|faint|p2a: Gholdengo
|
|upkeep
|
|t:|1781593824
|switch|p2a: Great Tusk|Great Tusk|100/100
|-enditem|p2a: Great Tusk|Booster Energy
|-activate|p2a: Great Tusk|ability: Protosynthesis|[fromitem]
|-start|p2a: Great Tusk|protosynthesisspe
|turn|8
|
|t:|1781593826
|move|p1a: Glimmora|Spiky Shield|p1a: Glimmora
|-singleturn|p1a: Glimmora|move: Protect
|move|p2a: Great Tusk|Headlong Rush|p1a: Glimmora
|-activate|p1a: Glimmora|move: Protect
|-damage|p2a: Great Tusk|88/100|[from] Spiky Shield|[of] p1a: Glimmora
|
|upkeep
|turn|9
|
|t:|1781593845
|move|p2a: Great Tusk|Headlong Rush|p1a: Glimmora
|-supereffective|p1a: Glimmora
|-damage|p1a: Glimmora|0 fnt
|-unboost|p2a: Great Tusk|def|1
|-unboost|p2a: Great Tusk|spd|1
|-activate|p1a: Glimmora|ability: Toxic Debris
|-sidestart|p2: tamarisimms|move: Toxic Spikes
|faint|p1a: Glimmora
|
|upkeep
|
|t:|1781593853
|switch|p1a: Garganacl|Garganacl, M|100/100
|-damage|p1a: Garganacl|88/100|[from] Stealth Rock
|-damage|p1a: Garganacl|76/100|[from] Spikes
|turn|10
|
|t:|1781593857
|-terastallize|p1a: Garganacl|Ghost
|move|p2a: Great Tusk|Headlong Rush|p1a: Garganacl
|-damage|p1a: Garganacl|38/100
|-unboost|p2a: Great Tusk|def|1
|-unboost|p2a: Great Tusk|spd|1
|move|p1a: Garganacl|Iron Defense|p1a: Garganacl
|-boost|p1a: Garganacl|def|2
|
|-heal|p1a: Garganacl|45/100|[from] item: Leftovers
|upkeep
|turn|11
|
|t:|1781593861
|move|p2a: Great Tusk|Taunt|p1a: Garganacl
|-start|p1a: Garganacl|move: Taunt
|cant|p1a: Garganacl|move: Taunt|Recover
|
|-heal|p1a: Garganacl|51/100|[from] item: Leftovers
|upkeep
|turn|12
|
|t:|1781593870
|move|p2a: Great Tusk|Headlong Rush|p1a: Garganacl
|-damage|p1a: Garganacl|33/100
|-unboost|p2a: Great Tusk|def|1
|-unboost|p2a: Great Tusk|spd|1
|move|p1a: Garganacl|Salt Cure|p2a: Great Tusk
|-resisted|p2a: Great Tusk
|-damage|p2a: Great Tusk|83/100
|-start|p2a: Great Tusk|Salt Cure
|
|-heal|p1a: Garganacl|39/100|[from] item: Leftovers
|-damage|p2a: Great Tusk|70/100|[from] Salt Cure
|upkeep
|turn|13
|
|t:|1781593876
|move|p2a: Great Tusk|Headlong Rush|p1a: Garganacl
|-damage|p1a: Garganacl|22/100
|-unboost|p2a: Great Tusk|def|1
|-unboost|p2a: Great Tusk|spd|1
|move|p1a: Garganacl|Body Press|p2a: Great Tusk
|-damage|p2a: Great Tusk|0 fnt
|faint|p2a: Great Tusk
|-end|p2a: Great Tusk|Protosynthesis|[silent]
|
|-heal|p1a: Garganacl|28/100|[from] item: Leftovers
|-end|p1a: Garganacl|move: Taunt
|upkeep
|
|t:|1781593881
|switch|p2a: Iron Valiant|Iron Valiant|100/100
|-status|p2a: Iron Valiant|psn
|-enditem|p2a: Iron Valiant|Booster Energy
|-activate|p2a: Iron Valiant|ability: Quark Drive|[fromitem]
|-start|p2a: Iron Valiant|quarkdrivespe
|turn|14
|
|t:|1781593887
|move|p2a: Iron Valiant|Moonblast|p1a: Garganacl
|-damage|p1a: Garganacl|0 fnt
|faint|p1a: Garganacl
|
|-damage|p2a: Iron Valiant|88/100 psn|[from] psn
|upkeep
|
|t:|1781593890
|switch|p1a: Cinderace|Cinderace, F|100/100
|-damage|p1a: Cinderace|76/100|[from] Stealth Rock
|-damage|p1a: Cinderace|63/100|[from] Spikes
|turn|15
|
|t:|1781593902
|move|p1a: Cinderace|Pyro Ball|p2a: Iron Valiant
|-damage|p2a: Iron Valiant|18/100 psn
|move|p2a: Iron Valiant|Destiny Bond|p2a: Iron Valiant
|-singlemove|p2a: Iron Valiant|Destiny Bond
|
|-damage|p2a: Iron Valiant|6/100 psn|[from] psn
|upkeep
|turn|16
|
|t:|1781593908
|switch|p1a: Sudowoodo|Sudowoodo, L1, F|100/100
|-damage|p1a: Sudowoodo|92/100|[from] Stealth Rock
|-damage|p1a: Sudowoodo|84/100|[from] Spikes
|move|p2a: Iron Valiant|Knock Off|p1a: Sudowoodo
|-damage|p1a: Sudowoodo|0 fnt
|-enditem|p1a: Sudowoodo|Shell Bell|[from] move: Knock Off|[of] p2a: Iron Valiant
|faint|p1a: Sudowoodo
|
|-damage|p2a: Iron Valiant|0 fnt|[from] psn
|faint|p2a: Iron Valiant
|-end|p2a: Iron Valiant|Quark Drive|[silent]
|upkeep
|
|t:|1781593916
|switch|p2a: Dragonite|Dragonite, M|100/100
|switch|p1a: Skeledirge|Skeledirge, M|100/100
|turn|17
|
|t:|1781593918
|move|p2a: Dragonite|Outrage|p1a: Skeledirge
|-damage|p1a: Skeledirge|47/100
|-damage|p2a: Dragonite|91/100|[from] item: Life Orb
|move|p1a: Skeledirge|Will-O-Wisp|p2a: Dragonite
|-status|p2a: Dragonite|brn
|
|-damage|p2a: Dragonite|84/100 brn|[from] brn
|upkeep
|turn|18
|
|t:|1781593921
|move|p2a: Dragonite|Outrage|p1a: Skeledirge|[from] lockedmove
|-damage|p1a: Skeledirge|21/100
|-damage|p2a: Dragonite|74/100 brn|[from] item: Life Orb
|-start|p2a: Dragonite|confusion|[fatigue]
|move|p1a: Skeledirge|Slack Off|p1a: Skeledirge
|-heal|p1a: Skeledirge|71/100
|
|-damage|p2a: Dragonite|68/100 brn|[from] brn
|upkeep
|turn|19
|-message|tamarisimms forfeited.
|
|win|koal shady
|raw|koal shady's rating: 1476 &rarr; <strong>1500</strong><br />(+24 for winning)
|raw|tamarisimms's rating: 1549 &rarr; <strong>1525</strong><br />(-24 for losing)
|l|☆tamarisimms
|player|p2|
|l|☆koal shady
|player|p1|
