|j|☆btu100
|j|☆Yujiro-Jamon
|t:|1781139597
|gametype|singles
|player|p1|btu100|benga|1621
|player|p2|Yujiro-Jamon|alder|1540
|gen|9
|tier|[Gen 9] OU
|rated|
|rule|HP Percentage Mod: HP is shown in percentages
|rule|Endless Battle Clause: Forcing endless battles is banned
|rule|Species Clause: Limit one of each Pokémon
|rule|OHKO Clause: OHKO moves are banned
|rule|Evasion Items Clause: Evasion items are banned
|rule|Evasion Moves Clause: Evasion moves are banned
|rule|Evasion Abilities Clause: Evasion abilities are banned
|rule|Sleep Moves Clause: Sleep-inducing moves are banned
|clearpoke
|poke|p1|Alomomola, F|
|poke|p1|Meowscarada, M|
|poke|p1|Arcanine-Hisui, M|
|poke|p1|Hatterene, F|
|poke|p1|Corviknight, F|
|poke|p1|Ting-Lu|
|poke|p2|Deoxys-Speed|
|poke|p2|Clefable, F|
|poke|p2|Conkeldurr, M|
|poke|p2|Blaziken, F|
|poke|p2|Ting-Lu|
|poke|p2|Corviknight, F|
|teampreview
|inactive|Battle timer is ON: inactive players will automatically lose when time's up. (requested by btu100)
|c|☆btu100|hf
|
|t:|1781139619
|teamsize|p1|6
|teamsize|p2|6
|start
|switch|p1a: Meowscarada|Meowscarada, M, shiny|100/100
|switch|p2a: Blaziken|Blaziken, F|100/100
|turn|1
|inactive|btu100 has 120 seconds left.
|
|t:|1781139650
|switch|p1a: Alomomola|Alomomola, F|100/100
|move|p2a: Blaziken|Swords Dance|p2a: Blaziken
|-boost|p2a: Blaziken|atk|2
|
|-ability|p2a: Blaziken|Speed Boost|boost
|-boost|p2a: Blaziken|spe|1
|upkeep
|turn|2
|
|t:|1781139656
|move|p2a: Blaziken|Swords Dance|p2a: Blaziken
|-boost|p2a: Blaziken|atk|2
|move|p1a: Alomomola|Flip Turn|p2a: Blaziken
|-supereffective|p2a: Blaziken
|-damage|p2a: Blaziken|50/100
|
|t:|1781139659
|switch|p1a: Arcanine|Arcanine-Hisui, M, shiny|100/100|[from] Flip Turn
|
|-heal|p2a: Blaziken|56/100|[from] item: Leftovers
|-ability|p2a: Blaziken|Speed Boost|boost
|-boost|p2a: Blaziken|spe|1
|upkeep
|turn|3
|
|t:|1781139669
|move|p2a: Blaziken|Protect|p2a: Blaziken
|-singleturn|p2a: Blaziken|Protect
|move|p1a: Arcanine|Extreme Speed|p2a: Blaziken
|-activate|p2a: Blaziken|move: Protect
|
|-heal|p2a: Blaziken|62/100|[from] item: Leftovers
|-ability|p2a: Blaziken|Speed Boost|boost
|-boost|p2a: Blaziken|spe|1
|upkeep
|turn|4
|
|t:|1781139679
|-terastallize|p1a: Arcanine|Normal
|move|p1a: Arcanine|Extreme Speed|p2a: Blaziken
|-damage|p2a: Blaziken|0 fnt
|faint|p2a: Blaziken
|
|upkeep
|
|t:|1781139685
|switch|p2a: Conkeldurr|Conkeldurr, M|100/100
|turn|5
|
|t:|1781139689
|switch|p1a: Hatterene|Hatterene, F, shiny|100/100
|move|p2a: Conkeldurr|Knock Off|p1a: Hatterene
|-damage|p1a: Hatterene|67/100
|-damage|p2a: Conkeldurr|84/100|[from] item: Rocky Helmet|[of] p1a: Hatterene
|-enditem|p1a: Hatterene|Rocky Helmet|[from] move: Knock Off|[of] p2a: Conkeldurr
|
|upkeep
|turn|6
|
|t:|1781139699
|switch|p2a: Corviknight|Corviknight, F|100/100
|move|p1a: Hatterene|Draining Kiss|p2a: Corviknight
|-resisted|p2a: Corviknight
|-damage|p2a: Corviknight|89/100
|-heal|p1a: Hatterene|77/100|[from] drain|[of] p2a: Corviknight
|-damage|p1a: Hatterene|61/100|[from] item: Rocky Helmet|[of] p2a: Corviknight
|
|upkeep
|turn|7
|
|t:|1781139703
|move|p2a: Corviknight|Iron Head|p1a: Hatterene
|-supereffective|p1a: Hatterene
|-damage|p1a: Hatterene|23/100
|cant|p1a: Hatterene|flinch
|
|upkeep
|turn|8
|
|t:|1781139711
|switch|p1a: Alomomola|Alomomola, F|100/100
|move|p2a: Corviknight|Iron Head|p1a: Alomomola
|-resisted|p1a: Alomomola
|-damage|p1a: Alomomola|92/100
|
|upkeep
|turn|9
|
|t:|1781139713
|move|p2a: Corviknight|Taunt|p1a: Alomomola
|-start|p1a: Alomomola|move: Taunt
|move|p1a: Alomomola|Flip Turn|p2a: Corviknight
|-damage|p2a: Corviknight|79/100
|-damage|p1a: Alomomola|75/100|[from] item: Rocky Helmet|[of] p2a: Corviknight
|
|t:|1781139717
|switch|p1a: Arcanine|Arcanine-Hisui, M, shiny, tera:Normal|100/100|[from] Flip Turn
|
|upkeep
|turn|10
|
|t:|1781139720
|switch|p2a: Ting-Lu|Ting-Lu|100/100
|-ability|p2a: Ting-Lu|Vessel of Ruin
|move|p1a: Arcanine|Flare Blitz|p2a: Ting-Lu
|-damage|p2a: Ting-Lu|57/100
|
|-heal|p2a: Ting-Lu|63/100|[from] item: Leftovers
|upkeep
|turn|11
|
|t:|1781139724
|switch|p1a: Hatterene|Hatterene, F, shiny|23/100
|move|p2a: Ting-Lu|Earthquake|p1a: Hatterene
|-damage|p1a: Hatterene|0 fnt
|faint|p1a: Hatterene
|
|-heal|p2a: Ting-Lu|70/100|[from] item: Leftovers
|upkeep
|inactive|btu100 has 120 seconds left.
|
|t:|1781139763
|switch|p1a: Alomomola|Alomomola, F|100/100
|turn|12
|
|t:|1781139769
|switch|p2a: Corviknight|Corviknight, F|79/100
|move|p1a: Alomomola|Scald|p2a: Corviknight
|-damage|p2a: Corviknight|65/100
|
|upkeep
|turn|13
|inactive|btu100 has 120 seconds left.
|
|t:|1781139799
|move|p2a: Corviknight|Roost|p2a: Corviknight
|-heal|p2a: Corviknight|100/100
|-singleturn|p2a: Corviknight|move: Roost
|move|p1a: Alomomola|Scald|p2a: Corviknight
|-damage|p2a: Corviknight|87/100
|
|upkeep
|turn|14
|inactive|Yujiro-Jamon has 120 seconds left.
|
|t:|1781139830
|switch|p2a: Conkeldurr|Conkeldurr, M|84/100
|move|p1a: Alomomola|Flip Turn|p2a: Conkeldurr
|-damage|p2a: Conkeldurr|70/100
|inactive|btu100 has 120 seconds left.
|
|t:|1781139859
|switch|p1a: Arcanine|Arcanine-Hisui, M, shiny, tera:Normal|100/100|[from] Flip Turn
|
|upkeep
|turn|15
|inactive|Yujiro-Jamon has 120 seconds left.
|
|t:|1781139890
|move|p1a: Arcanine|Flare Blitz|p2a: Conkeldurr
|-crit|p2a: Conkeldurr
|-damage|p2a: Conkeldurr|0 fnt
|faint|p2a: Conkeldurr
|
|upkeep
|-message|Yujiro-Jamon forfeited.
|
|win|btu100
|raw|btu100's rating: 1621 &rarr; <strong>1636</strong><br />(+15 for winning)
|raw|Yujiro-Jamon's rating: 1540 &rarr; <strong>1525</strong><br />(-15 for losing)
|l|☆Yujiro-Jamon
|player|p2|
|l|☆btu100
|player|p1|
