|j|☆Mkap
|j|☆Trainer #39
|t:|1781544263
|gametype|singles
|player|p1|Mkap|266|1589
|player|p2|Trainer #39|bugsy|1760
|gen|9
|tier|[Gen 9] OU
|rated|
|rule|HP Percentage Mod: HP is shown in percentages
|rule|Endless Battle Clause: Forcing endless battles is banned
|rule|Species Clause: Limit one of each Pokémon
|rule|OHKO Clause: OHKO moves are banned
|rule|Evasion Items Clause: Evasion items are banned
|rule|Evasion Moves Clause: Evasion moves are banned
|rule|Evasion Abilities Clause: Evasion abilities are banned
|rule|Sleep Moves Clause: Sleep-inducing moves are banned
|clearpoke
|poke|p1|Chesnaught, M|
|poke|p1|Iron Treads|
|poke|p1|Raging Bolt|
|poke|p1|Enamorus, F|
|poke|p1|Manaphy|
|poke|p1|Zamazenta-*|
|poke|p2|Blissey, F|
|poke|p2|Corviknight, M|
|poke|p2|Dondozo, M|
|poke|p2|Gliscor, M|
|poke|p2|Clefable, M|
|poke|p2|Slowking-Galar, M|
|teampreview
|inactive|Battle timer is ON: inactive players will automatically lose when time's up. (requested by Trainer #39)
|
|t:|1781544309
|teamsize|p1|6
|teamsize|p2|6
|start
|switch|p1a: Chesnaught|Chesnaught, M|100/100
|switch|p2a: Free Palestine|Gliscor, M|100/100
|turn|1
|
|t:|1781544331
|move|p2a: Free Palestine|Substitute|p2a: Free Palestine
|-start|p2a: Free Palestine|Substitute
|-damage|p2a: Free Palestine|76/100
|move|p1a: Chesnaught|Belly Drum|p1a: Chesnaught
|-damage|p1a: Chesnaught|50/100
|-setboost|p1a: Chesnaught|atk|6|[from] move: Belly Drum
|
|-status|p2a: Free Palestine|tox|[from] item: Toxic Orb
|upkeep
|turn|2
|
|t:|1781544335
|-terastallize|p1a: Chesnaught|Poison
|move|p2a: Free Palestine|Toxic|p1a: Chesnaught
|-immune|p1a: Chesnaught
|move|p1a: Chesnaught|Drain Punch|p2a: Free Palestine
|-resisted|p2a: Free Palestine
|-end|p2a: Free Palestine|Substitute
|-heal|p1a: Chesnaught|64/100|[from] drain|[of] p2a: Free Palestine
|
|-heal|p2a: Free Palestine|88/100 tox|[from] ability: Poison Heal
|upkeep
|turn|3
|
|t:|1781544340
|move|p2a: Free Palestine|Protect|p2a: Free Palestine
|-singleturn|p2a: Free Palestine|Protect
|move|p1a: Chesnaught|Wood Hammer|p2a: Free Palestine
|-activate|p2a: Free Palestine|move: Protect
|
|-heal|p2a: Free Palestine|100/100 tox|[from] ability: Poison Heal
|upkeep
|turn|4
|
|t:|1781544344
|move|p2a: Free Palestine|Substitute|p2a: Free Palestine
|-start|p2a: Free Palestine|Substitute
|-damage|p2a: Free Palestine|76/100 tox
|move|p1a: Chesnaught|Wood Hammer|p2a: Free Palestine
|-end|p2a: Free Palestine|Substitute
|-damage|p1a: Chesnaught|55/100|[from] Recoil|[of] p2a: Free Palestine
|
|-heal|p2a: Free Palestine|88/100 tox|[from] ability: Poison Heal
|upkeep
|turn|5
|
|t:|1781544347
|move|p2a: Free Palestine|Substitute|p2a: Free Palestine
|-start|p2a: Free Palestine|Substitute
|-damage|p2a: Free Palestine|63/100 tox
|move|p1a: Chesnaught|Drain Punch|p2a: Free Palestine
|-resisted|p2a: Free Palestine
|-end|p2a: Free Palestine|Substitute
|-heal|p1a: Chesnaught|69/100|[from] drain|[of] p2a: Free Palestine
|
|-heal|p2a: Free Palestine|76/100 tox|[from] ability: Poison Heal
|upkeep
|turn|6
|
|t:|1781544349
|move|p2a: Free Palestine|Protect|p2a: Free Palestine
|-singleturn|p2a: Free Palestine|Protect
|move|p1a: Chesnaught|Wood Hammer|p2a: Free Palestine
|-activate|p2a: Free Palestine|move: Protect
|
|-heal|p2a: Free Palestine|88/100 tox|[from] ability: Poison Heal
|upkeep
|turn|7
|
|t:|1781544352
|move|p2a: Free Palestine|Substitute|p2a: Free Palestine
|-start|p2a: Free Palestine|Substitute
|-damage|p2a: Free Palestine|63/100 tox
|move|p1a: Chesnaught|Drain Punch|p2a: Free Palestine
|-resisted|p2a: Free Palestine
|-end|p2a: Free Palestine|Substitute
|-heal|p1a: Chesnaught|83/100|[from] drain|[of] p2a: Free Palestine
|
|-heal|p2a: Free Palestine|76/100 tox|[from] ability: Poison Heal
|upkeep
|turn|8
|
|t:|1781544354
|move|p2a: Free Palestine|Protect|p2a: Free Palestine
|-singleturn|p2a: Free Palestine|Protect
|move|p1a: Chesnaught|Wood Hammer|p2a: Free Palestine
|-activate|p2a: Free Palestine|move: Protect
|
|-heal|p2a: Free Palestine|88/100 tox|[from] ability: Poison Heal
|upkeep
|turn|9
|
|t:|1781544357
|move|p2a: Free Palestine|Substitute|p2a: Free Palestine
|-start|p2a: Free Palestine|Substitute
|-damage|p2a: Free Palestine|63/100 tox
|move|p1a: Chesnaught|Drain Punch|p2a: Free Palestine
|-resisted|p2a: Free Palestine
|-end|p2a: Free Palestine|Substitute
|-heal|p1a: Chesnaught|97/100|[from] drain|[of] p2a: Free Palestine
|
|-heal|p2a: Free Palestine|76/100 tox|[from] ability: Poison Heal
|upkeep
|turn|10
|
|t:|1781544359
|move|p2a: Free Palestine|Protect|p2a: Free Palestine
|-singleturn|p2a: Free Palestine|Protect
|move|p1a: Chesnaught|Wood Hammer|p2a: Free Palestine
|-activate|p2a: Free Palestine|move: Protect
|
|-heal|p2a: Free Palestine|88/100 tox|[from] ability: Poison Heal
|upkeep
|turn|11
|
|t:|1781544361
|move|p2a: Free Palestine|Substitute|p2a: Free Palestine
|-start|p2a: Free Palestine|Substitute
|-damage|p2a: Free Palestine|63/100 tox
|move|p1a: Chesnaught|Drain Punch|p2a: Free Palestine
|-resisted|p2a: Free Palestine
|-end|p2a: Free Palestine|Substitute
|-heal|p1a: Chesnaught|100/100|[from] drain|[of] p2a: Free Palestine
|
|-heal|p2a: Free Palestine|76/100 tox|[from] ability: Poison Heal
|upkeep
|turn|12
|
|t:|1781544364
|move|p2a: Free Palestine|Substitute|p2a: Free Palestine
|-start|p2a: Free Palestine|Substitute
|-damage|p2a: Free Palestine|51/100 tox
|move|p1a: Chesnaught|Wood Hammer|p2a: Free Palestine
|-end|p2a: Free Palestine|Substitute
|-damage|p1a: Chesnaught|91/100|[from] Recoil|[of] p2a: Free Palestine
|
|-heal|p2a: Free Palestine|63/100 tox|[from] ability: Poison Heal
|upkeep
|turn|13
|
|t:|1781544367
|move|p2a: Free Palestine|Substitute|p2a: Free Palestine
|-start|p2a: Free Palestine|Substitute
|-damage|p2a: Free Palestine|38/100 tox
|move|p1a: Chesnaught|Drain Punch|p2a: Free Palestine
|-resisted|p2a: Free Palestine
|-end|p2a: Free Palestine|Substitute
|-heal|p1a: Chesnaught|100/100|[from] drain|[of] p2a: Free Palestine
|
|-heal|p2a: Free Palestine|51/100 tox|[from] ability: Poison Heal
|upkeep
|turn|14
|
|t:|1781544369
|move|p2a: Free Palestine|Protect|p2a: Free Palestine
|-singleturn|p2a: Free Palestine|Protect
|move|p1a: Chesnaught|Wood Hammer|p2a: Free Palestine
|-activate|p2a: Free Palestine|move: Protect
|
|-heal|p2a: Free Palestine|63/100 tox|[from] ability: Poison Heal
|upkeep
|turn|15
|
|t:|1781544373
|switch|p2a: 808 and curses|Dondozo, M|100/100
|move|p1a: Chesnaught|Drain Punch|p2a: 808 and curses
|-damage|p2a: 808 and curses|84/100
|
|-heal|p2a: 808 and curses|90/100|[from] item: Leftovers
|upkeep
|turn|16
|
|t:|1781544375
|move|p1a: Chesnaught|Wood Hammer|p2a: 808 and curses
|-supereffective|p2a: 808 and curses
|-damage|p2a: 808 and curses|36/100
|-damage|p1a: Chesnaught|72/100|[from] Recoil
|move|p2a: 808 and curses|Curse|p2a: 808 and curses
|-unboost|p2a: 808 and curses|spe|1
|-boost|p2a: 808 and curses|atk|1
|-boost|p2a: 808 and curses|def|1
|
|-heal|p2a: 808 and curses|42/100|[from] item: Leftovers
|upkeep
|turn|17
|
|t:|1781544379
|move|p1a: Chesnaught|Wood Hammer|p2a: 808 and curses
|-supereffective|p2a: 808 and curses
|-damage|p2a: 808 and curses|5/100
|-damage|p1a: Chesnaught|53/100|[from] Recoil
|move|p2a: 808 and curses|Rest|p2a: 808 and curses
|-status|p2a: 808 and curses|slp|[from] move: Rest
|-heal|p2a: 808 and curses|100/100 slp|[silent]
|
|upkeep
|turn|18
|
|t:|1781544382
|move|p1a: Chesnaught|Knock Off|p2a: 808 and curses
|-damage|p2a: 808 and curses|90/100 slp
|-enditem|p2a: 808 and curses|Leftovers|[from] move: Knock Off|[of] p1a: Chesnaught
|cant|p2a: 808 and curses|slp
|move|p2a: 808 and curses|Sleep Talk|p2a: 808 and curses
|move|p2a: 808 and curses|Rest||[from] move: Sleep Talk|[still]
|-fail|p2a: 808 and curses
|
|upkeep
|turn|19
|
|t:|1781544397
|switch|p1a: Iron Treads|Iron Treads|100/100
|-enditem|p1a: Iron Treads|Booster Energy
|-activate|p1a: Iron Treads|ability: Quark Drive|[fromitem]
|-start|p1a: Iron Treads|quarkdrivespe
|cant|p2a: 808 and curses|slp
|move|p2a: 808 and curses|Sleep Talk|p2a: 808 and curses
|move|p2a: 808 and curses|Waterfall|p1a: Iron Treads|[from] move: Sleep Talk
|-supereffective|p1a: Iron Treads
|-damage|p1a: Iron Treads|22/100
|
|upkeep
|turn|20
|
|t:|1781544400
|move|p1a: Iron Treads|Stealth Rock|p2a: 808 and curses
|-sidestart|p2: Trainer #39|move: Stealth Rock
|-curestatus|p2a: 808 and curses|slp|[msg]
|move|p2a: 808 and curses|Waterfall|p1a: Iron Treads
|-supereffective|p1a: Iron Treads
|-damage|p1a: Iron Treads|0 fnt
|faint|p1a: Iron Treads
|-end|p1a: Iron Treads|Quark Drive|[silent]
|
|upkeep
|
|t:|1781544404
|switch|p1a: Raging Bolt|Raging Bolt|100/100
|turn|21
|
|t:|1781544406
|switch|p2a: Save Sudan|Slowking-Galar, M|100/100
|-damage|p2a: Save Sudan|88/100|[from] Stealth Rock
|move|p1a: Raging Bolt|Draco Meteor|p2a: Save Sudan
|-damage|p2a: Save Sudan|35/100
|-unboost|p1a: Raging Bolt|spa|2
|
|upkeep
|turn|22
|
|t:|1781544418
|move|p2a: Save Sudan|Sludge Bomb|p1a: Raging Bolt
|-damage|p1a: Raging Bolt|71/100
|move|p1a: Raging Bolt|Calm Mind|p1a: Raging Bolt
|-boost|p1a: Raging Bolt|spa|1
|-boost|p1a: Raging Bolt|spd|1
|
|-heal|p1a: Raging Bolt|77/100|[from] item: Leftovers
|upkeep
|turn|23
|
|t:|1781544422
|switch|p2a: brat|Blissey, F|100/100
|move|p1a: Raging Bolt|Calm Mind|p1a: Raging Bolt
|-boost|p1a: Raging Bolt|spa|1
|-boost|p1a: Raging Bolt|spd|1
|
|-heal|p1a: Raging Bolt|83/100|[from] item: Leftovers
|upkeep
|turn|24
|
|t:|1781544436
|-end|p1a: Raging Bolt|Protosynthesis|[silent]
|switch|p1a: Chesnaught|Chesnaught, M, tera:Poison|53/100
|move|p2a: brat|Stealth Rock|p1a: Chesnaught
|-sidestart|p1: Mkap|move: Stealth Rock
|
|upkeep
|turn|25
|
|t:|1781544440
|switch|p2a: Free Palestine|Gliscor, M|63/100 tox
|-damage|p2a: Free Palestine|51/100 tox|[from] Stealth Rock
|move|p1a: Chesnaught|Drain Punch|p2a: Free Palestine
|-resisted|p2a: Free Palestine
|-damage|p2a: Free Palestine|39/100 tox
|-heal|p1a: Chesnaught|60/100|[from] drain|[of] p2a: Free Palestine
|
|-heal|p2a: Free Palestine|51/100 tox|[from] ability: Poison Heal
|upkeep
|turn|26
|
|t:|1781544443
|move|p2a: Free Palestine|Substitute|p2a: Free Palestine
|-start|p2a: Free Palestine|Substitute
|-damage|p2a: Free Palestine|26/100 tox
|move|p1a: Chesnaught|Wood Hammer|p2a: Free Palestine
|-end|p2a: Free Palestine|Substitute
|-damage|p1a: Chesnaught|50/100|[from] Recoil|[of] p2a: Free Palestine
|
|-heal|p2a: Free Palestine|39/100 tox|[from] ability: Poison Heal
|upkeep
|turn|27
|
|t:|1781544447
|move|p2a: Free Palestine|Substitute|p2a: Free Palestine
|-start|p2a: Free Palestine|Substitute
|-damage|p2a: Free Palestine|14/100 tox
|move|p1a: Chesnaught|Wood Hammer|p2a: Free Palestine
|-end|p2a: Free Palestine|Substitute
|-damage|p1a: Chesnaught|41/100|[from] Recoil|[of] p2a: Free Palestine
|
|-heal|p2a: Free Palestine|26/100 tox|[from] ability: Poison Heal
|upkeep
|turn|28
|
|t:|1781544451
|move|p2a: Free Palestine|Protect|p2a: Free Palestine
|-singleturn|p2a: Free Palestine|Protect
|move|p1a: Chesnaught|Wood Hammer|p2a: Free Palestine
|-activate|p2a: Free Palestine|move: Protect
|
|-heal|p2a: Free Palestine|39/100 tox|[from] ability: Poison Heal
|upkeep
|turn|29
|
|t:|1781544453
|move|p2a: Free Palestine|Substitute|p2a: Free Palestine
|-start|p2a: Free Palestine|Substitute
|-damage|p2a: Free Palestine|14/100 tox
|move|p1a: Chesnaught|Wood Hammer|p2a: Free Palestine
|-end|p2a: Free Palestine|Substitute
|-damage|p1a: Chesnaught|32/100|[from] Recoil|[of] p2a: Free Palestine
|
|-heal|p2a: Free Palestine|26/100 tox|[from] ability: Poison Heal
|upkeep
|turn|30
|
|t:|1781544463
|move|p2a: Free Palestine|Protect|p2a: Free Palestine
|-singleturn|p2a: Free Palestine|Protect
|move|p1a: Chesnaught|Wood Hammer|p2a: Free Palestine
|-activate|p2a: Free Palestine|move: Protect
|
|-heal|p2a: Free Palestine|39/100 tox|[from] ability: Poison Heal
|upkeep
|turn|31
|
|t:|1781544465
|move|p2a: Free Palestine|Substitute|p2a: Free Palestine
|-start|p2a: Free Palestine|Substitute
|-damage|p2a: Free Palestine|14/100 tox
|move|p1a: Chesnaught|Wood Hammer|p2a: Free Palestine
|-end|p2a: Free Palestine|Substitute
|-damage|p1a: Chesnaught|23/100|[from] Recoil|[of] p2a: Free Palestine
|
|-heal|p2a: Free Palestine|26/100 tox|[from] ability: Poison Heal
|upkeep
|turn|32
|
|t:|1781544467
|switch|p1a: Enamorus|Enamorus, F|100/100
|-damage|p1a: Enamorus|76/100|[from] Stealth Rock
|move|p2a: Free Palestine|Protect||[still]
|-fail|p2a: Free Palestine
|
|-heal|p2a: Free Palestine|39/100 tox|[from] ability: Poison Heal
|upkeep
|turn|33
|
|t:|1781544472
|move|p2a: Free Palestine|Protect|p2a: Free Palestine
|-singleturn|p2a: Free Palestine|Protect
|move|p1a: Enamorus|Healing Wish|p1a: Enamorus
|faint|p1a: Enamorus
|
|-heal|p2a: Free Palestine|51/100 tox|[from] ability: Poison Heal
|upkeep
|
|t:|1781544474
|switch|p1a: Chesnaught|Chesnaught, M, tera:Poison|23/100
|-heal|p1a: Chesnaught|100/100|[from] move: Healing Wish
|-damage|p1a: Chesnaught|88/100|[from] Stealth Rock
|turn|34
|
|t:|1781544477
|move|p2a: Free Palestine|Earthquake|p1a: Chesnaught
|-supereffective|p1a: Chesnaught
|-damage|p1a: Chesnaught|37/100
|move|p1a: Chesnaught|Belly Drum||[still]
|-fail|p1a: Chesnaught
|
|-heal|p2a: Free Palestine|64/100 tox|[from] ability: Poison Heal
|upkeep
|turn|35
|-message|Mkap forfeited.
|
|win|Trainer #39
|raw|Mkap's rating: 1589 &rarr; <strong>1578</strong><br />(-11 for losing)
|raw|Trainer #39's rating: 1760 &rarr; <strong>1771</strong><br />(+11 for winning)
|l|☆Mkap
|player|p1|
|l|☆Trainer #39
|player|p2|
