|j|☆EleaRosea
|j|☆hypervortex7
|t:|1781545988
|gametype|singles
|player|p1|EleaRosea|harmony|1661
|player|p2|hypervortex7|102|1693
|gen|9
|tier|[Gen 9] OU
|rated|
|rule|HP Percentage Mod: HP is shown in percentages
|rule|Endless Battle Clause: Forcing endless battles is banned
|rule|Species Clause: Limit one of each Pokémon
|rule|OHKO Clause: OHKO moves are banned
|rule|Evasion Items Clause: Evasion items are banned
|rule|Evasion Moves Clause: Evasion moves are banned
|rule|Evasion Abilities Clause: Evasion abilities are banned
|rule|Sleep Moves Clause: Sleep-inducing moves are banned
|clearpoke
|poke|p1|Ogerpon, F|
|poke|p1|Iron Treads|
|poke|p1|Alomomola, F|
|poke|p1|Rillaboom, F|
|poke|p1|Primarina, F|
|poke|p1|Heatran, F|
|poke|p2|Corviknight, F|
|poke|p2|Zamazenta-*|
|poke|p2|Iron Moth|
|poke|p2|Dragonite, F|
|poke|p2|Scizor, F|
|poke|p2|Greninja-*, M|
|teampreview
|inactive|Battle timer is ON: inactive players will automatically lose when time's up. (requested by EleaRosea)
|inactive|EleaRosea has 120 seconds left.
|
|t:|1781546031
|teamsize|p1|6
|teamsize|p2|6
|start
|switch|p1a: Rillaboom|Rillaboom, F|100/100
|switch|p2a: Zamazenta|Zamazenta|100/100
|-ability|p2a: Zamazenta|Dauntless Shield|boost
|-boost|p2a: Zamazenta|def|1
|-fieldstart|move: Grassy Terrain|[from] ability: Grassy Surge|[of] p1a: Rillaboom
|turn|1
|
|t:|1781546039
|move|p2a: Zamazenta|Iron Defense|p2a: Zamazenta
|-boost|p2a: Zamazenta|def|2
|move|p1a: Rillaboom|U-turn|p2a: Zamazenta
|-resisted|p2a: Zamazenta
|-damage|p2a: Zamazenta|97/100
|
|t:|1781546042
|switch|p1a: Primarina|Primarina, F|100/100|[from] U-turn
|
|-heal|p2a: Zamazenta|100/100|[from] Grassy Terrain
|upkeep
|turn|2
|
|t:|1781546045
|move|p2a: Zamazenta|Body Press|p1a: Primarina
|-resisted|p1a: Primarina
|-damage|p1a: Primarina|51/100
|move|p1a: Primarina|Moonblast|p2a: Zamazenta
|-supereffective|p2a: Zamazenta
|-damage|p2a: Zamazenta|12/100
|
|-heal|p2a: Zamazenta|19/100|[from] Grassy Terrain
|-heal|p2a: Zamazenta|25/100|[from] item: Leftovers
|-heal|p1a: Primarina|57/100|[from] Grassy Terrain
|upkeep
|turn|3
|c|☆EleaRosea|damn
|
|t:|1781546055
|move|p2a: Zamazenta|Body Press|p1a: Primarina
|-resisted|p1a: Primarina
|-damage|p1a: Primarina|4/100
|move|p1a: Primarina|Psychic Noise|p2a: Zamazenta
|-damage|p2a: Zamazenta|0 fnt
|faint|p2a: Zamazenta
|
|-heal|p1a: Primarina|10/100|[from] Grassy Terrain
|upkeep
|
|t:|1781546058
|switch|p2a: Scizor|Scizor, F|100/100
|turn|4
|
|t:|1781546061
|switch|p1a: Alomomola|Alomomola, F|100/100
|move|p2a: Scizor|Swords Dance|p2a: Scizor
|-boost|p2a: Scizor|atk|2
|
|upkeep
|turn|5
|
|t:|1781546064
|move|p2a: Scizor|Swords Dance|p2a: Scizor
|-boost|p2a: Scizor|atk|2
|move|p1a: Alomomola|Scald|p2a: Scizor
|-damage|p2a: Scizor|84/100
|-status|p2a: Scizor|brn
|
|-heal|p2a: Scizor|90/100 brn|[from] Grassy Terrain
|-damage|p2a: Scizor|84/100 brn|[from] brn
|upkeep
|turn|6
|
|t:|1781546067
|move|p2a: Scizor|Swords Dance|p2a: Scizor
|-boost|p2a: Scizor|atk|2
|move|p1a: Alomomola|Wish|p1a: Alomomola
|
|-heal|p2a: Scizor|90/100 brn|[from] Grassy Terrain
|-damage|p2a: Scizor|84/100 brn|[from] brn
|upkeep
|turn|7
|
|t:|1781546069
|move|p2a: Scizor|Knock Off|p1a: Alomomola
|-crit|p1a: Alomomola
|-damage|p1a: Alomomola|23/100
|-enditem|p1a: Alomomola|Heavy-Duty Boots|[from] move: Knock Off|[of] p2a: Scizor
|-damage|p2a: Scizor|74/100 brn|[from] item: Life Orb
|move|p1a: Alomomola|Flip Turn|p2a: Scizor
|-damage|p2a: Scizor|57/100 brn
|
|t:|1781546099
|switch|p1a: Primarina|Primarina, F|10/100|[from] Flip Turn
|
|-heal|p1a: Primarina|83/100|[from] move: Wish|[wisher] Alomomola
|-heal|p2a: Scizor|64/100 brn|[from] Grassy Terrain
|-heal|p1a: Primarina|89/100|[from] Grassy Terrain
|-damage|p2a: Scizor|57/100 brn|[from] brn
|upkeep
|turn|8
|
|t:|1781546119
|switch|p1a: Alomomola|Alomomola, F|56/100
|move|p2a: Scizor|Knock Off|p1a: Alomomola
|-damage|p1a: Alomomola|24/100
|-damage|p2a: Scizor|48/100 brn|[from] item: Life Orb
|
|-heal|p2a: Scizor|54/100 brn|[from] Grassy Terrain
|-heal|p1a: Alomomola|31/100|[from] Grassy Terrain
|-damage|p2a: Scizor|48/100 brn|[from] brn
|-fieldend|move: Grassy Terrain
|upkeep
|turn|9
|
|t:|1781546124
|move|p1a: Alomomola|Protect|p1a: Alomomola
|-singleturn|p1a: Alomomola|Protect
|move|p2a: Scizor|Bullet Punch|p1a: Alomomola
|-activate|p1a: Alomomola|move: Protect
|
|-damage|p2a: Scizor|41/100 brn|[from] brn
|upkeep
|turn|10
|
|t:|1781546129
|move|p2a: Scizor|Knock Off|p1a: Alomomola
|-damage|p1a: Alomomola|0 fnt
|faint|p1a: Alomomola
|-damage|p2a: Scizor|32/100 brn|[from] item: Life Orb
|
|-damage|p2a: Scizor|25/100 brn|[from] brn
|upkeep
|
|t:|1781546136
|switch|p1a: Heatran|Heatran, F|100/100
|turn|11
|
|t:|1781546140
|move|p1a: Heatran|Earth Power|p2a: Scizor
|-damage|p2a: Scizor|0 fnt
|faint|p2a: Scizor
|
|upkeep
|
|t:|1781546153
|switch|p2a: Greninja|Greninja, M|100/100
|turn|12
|
|t:|1781546158
|switch|p1a: Rillaboom|Rillaboom, F|100/100
|-fieldstart|move: Grassy Terrain|[from] ability: Grassy Surge|[of] p1a: Rillaboom
|move|p2a: Greninja|Water Shuriken|p1a: Rillaboom
|-resisted|p1a: Rillaboom
|-damage|p1a: Rillaboom|96/100
|-resisted|p1a: Rillaboom
|-damage|p1a: Rillaboom|92/100
|-resisted|p1a: Rillaboom
|-damage|p1a: Rillaboom|88/100
|-resisted|p1a: Rillaboom
|-damage|p1a: Rillaboom|84/100
|-hitcount|p1a: Rillaboom|4
|
|-heal|p1a: Rillaboom|90/100|[from] Grassy Terrain
|upkeep
|turn|13
|inactive|EleaRosea has 120 seconds left.
|
|t:|1781546191
|move|p1a: Rillaboom|Grassy Glide|p2a: Greninja
|-supereffective|p2a: Greninja
|-damage|p2a: Greninja|0 fnt
|faint|p2a: Greninja
|
|-heal|p1a: Rillaboom|96/100|[from] Grassy Terrain
|upkeep
|
|t:|1781546195
|switch|p2a: Dragonite|Dragonite, F|100/100
|turn|14
|
|t:|1781546200
|move|p2a: Dragonite|Dragon Dance|p2a: Dragonite
|-boost|p2a: Dragonite|atk|1
|-boost|p2a: Dragonite|spe|1
|move|p1a: Rillaboom|U-turn|p2a: Dragonite
|-resisted|p2a: Dragonite
|-damage|p2a: Dragonite|94/100
|
|t:|1781546212
|switch|p1a: Iron Treads|Iron Treads|100/100|[from] U-turn
|
|upkeep
|turn|15
|
|t:|1781546217
|move|p2a: Dragonite|Earthquake|p1a: Iron Treads
|-supereffective|p1a: Iron Treads
|-damage|p1a: Iron Treads|44/100
|move|p1a: Iron Treads|Ice Spinner|p2a: Dragonite
|-supereffective|p2a: Dragonite
|-damage|p2a: Dragonite|0 fnt
|-fieldend|move: Grassy Terrain
|faint|p2a: Dragonite
|
|upkeep
|
|t:|1781546219
|switch|p2a: Corviknight|Corviknight, F|100/100
|turn|16
|
|t:|1781546229
|move|p1a: Iron Treads|Stone Edge|p2a: Corviknight
|-damage|p2a: Corviknight|73/100
|move|p2a: Corviknight|Agility|p2a: Corviknight
|-boost|p2a: Corviknight|spe|2
|
|-heal|p2a: Corviknight|79/100|[from] item: Leftovers
|upkeep
|turn|17
|
|t:|1781546235
|-end|p1a: Iron Treads|Quark Drive|[silent]
|switch|p1a: Primarina|Primarina, F|89/100
|move|p2a: Corviknight|Bulk Up|p2a: Corviknight
|-boost|p2a: Corviknight|atk|1
|-boost|p2a: Corviknight|def|1
|
|-heal|p2a: Corviknight|85/100|[from] item: Leftovers
|upkeep
|turn|18
|
|t:|1781546238
|move|p2a: Corviknight|Bulk Up|p2a: Corviknight
|-boost|p2a: Corviknight|atk|1
|-boost|p2a: Corviknight|def|1
|move|p1a: Primarina|Psychic Noise|p2a: Corviknight
|-damage|p2a: Corviknight|58/100
|-start|p2a: Corviknight|move: Heal Block
|
|upkeep
|turn|19
|
|t:|1781546242
|move|p2a: Corviknight|Bulk Up|p2a: Corviknight
|-boost|p2a: Corviknight|atk|1
|-boost|p2a: Corviknight|def|1
|move|p1a: Primarina|Whirlpool|p2a: Corviknight
|-damage|p2a: Corviknight|44/100
|-activate|p2a: Corviknight|move: Whirlpool|[of] p1a: Primarina
|
|-damage|p2a: Corviknight|31/100|[from] move: Whirlpool|[partiallytrapped]
|-end|p2a: Corviknight|move: Heal Block
|upkeep
|turn|20
|
|t:|1781546244
|move|p2a: Corviknight|Roost|p2a: Corviknight
|-heal|p2a: Corviknight|81/100
|-singleturn|p2a: Corviknight|move: Roost
|move|p1a: Primarina|Psychic Noise|p2a: Corviknight
|-damage|p2a: Corviknight|54/100
|-start|p2a: Corviknight|move: Heal Block
|
|-damage|p2a: Corviknight|41/100|[from] move: Whirlpool|[partiallytrapped]
|upkeep
|turn|21
|
|t:|1781546252
|move|p2a: Corviknight|Bulk Up|p2a: Corviknight
|-boost|p2a: Corviknight|atk|1
|-boost|p2a: Corviknight|def|1
|move|p1a: Primarina|Psychic Noise|p2a: Corviknight
|-damage|p2a: Corviknight|14/100
|
|-damage|p2a: Corviknight|2/100|[from] move: Whirlpool|[partiallytrapped]
|-end|p2a: Corviknight|move: Heal Block
|upkeep
|turn|22
|
|t:|1781546256
|move|p2a: Corviknight|Roost|p2a: Corviknight
|-heal|p2a: Corviknight|52/100
|-singleturn|p2a: Corviknight|move: Roost
|move|p1a: Primarina|Psychic Noise|p2a: Corviknight
|-damage|p2a: Corviknight|24/100
|-start|p2a: Corviknight|move: Heal Block
|
|-damage|p2a: Corviknight|12/100|[from] move: Whirlpool|[partiallytrapped]
|upkeep
|turn|23
|
|t:|1781546259
|move|p2a: Corviknight|Power Trip|p1a: Primarina
|-resisted|p1a: Primarina
|-damage|p1a: Primarina|7/100
|move|p1a: Primarina|Psychic Noise|p2a: Corviknight
|-damage|p2a: Corviknight|0 fnt
|faint|p2a: Corviknight
|
|upkeep
|
|t:|1781546261
|switch|p2a: Iron Moth|Iron Moth|100/100
|-enditem|p2a: Iron Moth|Booster Energy
|-activate|p2a: Iron Moth|ability: Quark Drive|[fromitem]
|-start|p2a: Iron Moth|quarkdrivespa
|turn|24
|-message|hypervortex7 forfeited.
|
|win|EleaRosea
|raw|EleaRosea's rating: 1661 &rarr; <strong>1683</strong><br />(+22 for winning)
|raw|hypervortex7's rating: 1693 &rarr; <strong>1671</strong><br />(-22 for losing)
|l|☆hypervortex7
|player|p2|
|l|☆EleaRosea
|player|p1|
