|j|☆ihymyly
|j|☆Hot Chipper
|t:|1781093115
|gametype|singles
|player|p1|ihymyly|1|1571
|player|p2|Hot Chipper|170|1586
|gen|9
|tier|[Gen 9] OU
|rated|
|rule|HP Percentage Mod: HP is shown in percentages
|rule|Endless Battle Clause: Forcing endless battles is banned
|rule|Species Clause: Limit one of each Pokémon
|rule|OHKO Clause: OHKO moves are banned
|rule|Evasion Items Clause: Evasion items are banned
|rule|Evasion Moves Clause: Evasion moves are banned
|rule|Evasion Abilities Clause: Evasion abilities are banned
|rule|Sleep Moves Clause: Sleep-inducing moves are banned
|clearpoke
|poke|p1|Pelipper, F|
|poke|p1|Kingdra, M|
|poke|p1|Weavile, M|
|poke|p1|Corviknight, F|
|poke|p1|Clodsire, F|
|poke|p1|Raging Bolt|
|poke|p2|Iron Valiant|
|poke|p2|Cinderace, F|
|poke|p2|Darkrai|
|poke|p2|Dragonite, F|
|poke|p2|Alomomola, M|
|poke|p2|Iron Treads|
|teampreview
|inactive|Battle timer is ON: inactive players will automatically lose when time's up. (requested by ihymyly)
|
|t:|1781093163
|teamsize|p1|6
|teamsize|p2|6
|start
|switch|p1a: Pelipper|Pelipper, F|100/100
|switch|p2a: Darkrai|Darkrai|100/100
|-weather|RainDance|[from] ability: Drizzle|[of] p1a: Pelipper
|turn|1
|
|t:|1781093174
|switch|p1a: Corviknight|Corviknight, F|100/100
|-ability|p1a: Corviknight|Pressure
|move|p2a: Darkrai|Will-O-Wisp|p1a: Corviknight
|-status|p1a: Corviknight|brn
|
|-weather|RainDance|[upkeep]
|-damage|p1a: Corviknight|94/100 brn|[from] brn
|upkeep
|turn|2
|
|t:|1781093180
|switch|p2a: Alomomola|Alomomola, M|100/100
|move|p1a: Corviknight|U-turn|p2a: Alomomola
|-damage|p2a: Alomomola|95/100
|
|t:|1781093183
|switch|p1a: Raging Bolt|Raging Bolt|100/100|[from] U-turn
|
|-weather|RainDance|[upkeep]
|upkeep
|turn|3
|
|t:|1781093186
|move|p1a: Raging Bolt|Weather Ball|p2a: Alomomola
|-resisted|p2a: Alomomola
|-damage|p2a: Alomomola|82/100
|move|p2a: Alomomola|Flip Turn|p1a: Raging Bolt
|-resisted|p1a: Raging Bolt
|-damage|p1a: Raging Bolt|91/100
|
|t:|1781093192
|switch|p2a: Iron Treads|Iron Treads|100/100|[from] Flip Turn
|
|-weather|RainDance|[upkeep]
|upkeep
|turn|4
|
|t:|1781093194
|move|p2a: Iron Treads|Earthquake|p1a: Raging Bolt
|-supereffective|p1a: Raging Bolt
|-damage|p1a: Raging Bolt|0 fnt
|faint|p1a: Raging Bolt
|-end|p1a: Raging Bolt|Protosynthesis|[silent]
|
|-weather|RainDance|[upkeep]
|upkeep
|
|t:|1781093199
|switch|p1a: Kingdra|Kingdra, M|100/100
|turn|5
|
|t:|1781093202
|-end|p2a: Iron Treads|Quark Drive|[silent]
|switch|p2a: Alomomola|Alomomola, M|100/100
|move|p1a: Kingdra|Weather Ball|p2a: Alomomola
|-resisted|p2a: Alomomola
|-damage|p2a: Alomomola|77/100
|
|-weather|RainDance|[upkeep]
|upkeep
|turn|6
|
|t:|1781093210
|switch|p1a: Clodsire|Clodsire, F|100/100
|move|p2a: Alomomola|Flip Turn|p1a: Clodsire
|-immune|p1a: Clodsire|[from] ability: Water Absorb
|
|-weather|RainDance|[upkeep]
|upkeep
|turn|7
|
|t:|1781093221
|move|p2a: Alomomola|Body Slam|p1a: Clodsire
|-damage|p1a: Clodsire|84/100
|move|p1a: Clodsire|Earthquake|p2a: Alomomola
|-damage|p2a: Alomomola|56/100
|
|-weather|RainDance|[upkeep]
|-heal|p1a: Clodsire|90/100|[from] item: Leftovers
|upkeep
|turn|8
|
|t:|1781093226
|move|p2a: Alomomola|Body Slam|p1a: Clodsire
|-damage|p1a: Clodsire|74/100
|move|p1a: Clodsire|Stealth Rock|p2a: Alomomola
|-sidestart|p2: Hot Chipper|move: Stealth Rock
|
|-weather|none
|-heal|p1a: Clodsire|80/100|[from] item: Leftovers
|upkeep
|turn|9
|
|t:|1781093230
|move|p2a: Alomomola|Body Slam|p1a: Clodsire
|-damage|p1a: Clodsire|62/100
|move|p1a: Clodsire|Toxic|p2a: Alomomola
|-status|p2a: Alomomola|tox
|
|-heal|p1a: Clodsire|68/100|[from] item: Leftovers
|-damage|p2a: Alomomola|50/100 tox|[from] psn
|upkeep
|turn|10
|
|t:|1781093235
|move|p2a: Alomomola|Body Slam|p1a: Clodsire
|-damage|p1a: Clodsire|52/100
|move|p1a: Clodsire|Earthquake|p2a: Alomomola
|-damage|p2a: Alomomola|30/100 tox
|
|-heal|p1a: Clodsire|58/100|[from] item: Leftovers
|-damage|p2a: Alomomola|18/100 tox|[from] psn
|upkeep
|turn|11
|
|t:|1781093240
|switch|p2a: Cinderace|Cinderace, F|100/100
|move|p1a: Clodsire|Earthquake|p2a: Cinderace
|-supereffective|p2a: Cinderace
|-damage|p2a: Cinderace|33/100
|
|-heal|p1a: Clodsire|64/100|[from] item: Leftovers
|upkeep
|turn|12
|
|t:|1781093244
|switch|p1a: Pelipper|Pelipper, F|100/100
|-weather|RainDance|[from] ability: Drizzle|[of] p1a: Pelipper
|move|p2a: Cinderace|Court Change|p2a: Cinderace
|-swapsideconditions
|-activate|p2a: Cinderace|move: Court Change
|
|-weather|RainDance|[upkeep]
|upkeep
|turn|13
|
|t:|1781093247
|move|p2a: Cinderace|U-turn|p1a: Pelipper
|-resisted|p1a: Pelipper
|-damage|p1a: Pelipper|93/100
|
|t:|1781093248
|switch|p2a: Alomomola|Alomomola, M|51/100 tox|[from] U-turn
|move|p1a: Pelipper|U-turn|p2a: Alomomola
|-damage|p2a: Alomomola|45/100 tox
|
|t:|1781093252
|switch|p1a: Clodsire|Clodsire, F|64/100|[from] U-turn
|-damage|p1a: Clodsire|58/100|[from] Stealth Rock
|
|-weather|RainDance|[upkeep]
|-heal|p1a: Clodsire|64/100|[from] item: Leftovers
|-damage|p2a: Alomomola|39/100 tox|[from] psn
|upkeep
|turn|14
|
|t:|1781093256
|switch|p2a: Iron Treads|Iron Treads|100/100
|move|p1a: Clodsire|Stealth Rock|p2a: Iron Treads
|-sidestart|p2: Hot Chipper|move: Stealth Rock
|
|-weather|RainDance|[upkeep]
|-heal|p1a: Clodsire|70/100|[from] item: Leftovers
|upkeep
|turn|15
|
|t:|1781093260
|switch|p1a: Corviknight|Corviknight, F|94/100 brn
|-damage|p1a: Corviknight|82/100 brn|[from] Stealth Rock
|-ability|p1a: Corviknight|Pressure
|move|p2a: Iron Treads|Rapid Spin|p1a: Corviknight
|-resisted|p1a: Corviknight
|-damage|p1a: Corviknight|76/100 brn
|-boost|p2a: Iron Treads|spe|1
|-damage|p2a: Iron Treads|84/100|[from] item: Rocky Helmet|[of] p1a: Corviknight
|-sideend|p2: Hot Chipper|Stealth Rock|[from] move: Rapid Spin|[of] p2a: Iron Treads
|
|-weather|RainDance|[upkeep]
|-damage|p1a: Corviknight|70/100 brn|[from] brn
|upkeep
|turn|16
|
|t:|1781093282
|-end|p2a: Iron Treads|Quark Drive|[silent]
|switch|p2a: Alomomola|Alomomola, M|72/100 tox
|move|p1a: Corviknight|Defog|p2a: Alomomola
|-unboost|p2a: Alomomola|evasion|1
|-sideend|p1: ihymyly|Stealth Rock|[from] move: Defog|[of] p1a: Corviknight
|
|-weather|RainDance|[upkeep]
|-damage|p2a: Alomomola|66/100 tox|[from] psn
|-damage|p1a: Corviknight|64/100 brn|[from] brn
|upkeep
|turn|17
|
|t:|1781093293
|move|p1a: Corviknight|U-turn|p2a: Alomomola
|-damage|p2a: Alomomola|61/100 tox
|
|t:|1781093296
|switch|p1a: Clodsire|Clodsire, F|70/100|[from] U-turn
|move|p2a: Alomomola|Flip Turn|p1a: Clodsire
|-heal|p1a: Clodsire|95/100|[from] ability: Water Absorb|[of] p2a: Alomomola
|
|-weather|RainDance|[upkeep]
|-heal|p1a: Clodsire|100/100|[from] item: Leftovers
|-damage|p2a: Alomomola|48/100 tox|[from] psn
|upkeep
|turn|18
|
|t:|1781093304
|switch|p2a: Iron Treads|Iron Treads|84/100
|move|p1a: Clodsire|Stealth Rock|p2a: Iron Treads
|-sidestart|p2: Hot Chipper|move: Stealth Rock
|
|-weather|RainDance|[upkeep]
|upkeep
|turn|19
|
|t:|1781093312
|switch|p1a: Corviknight|Corviknight, F|64/100 brn
|-ability|p1a: Corviknight|Pressure
|move|p2a: Iron Treads|Rapid Spin|p1a: Corviknight
|-resisted|p1a: Corviknight
|-crit|p1a: Corviknight
|-damage|p1a: Corviknight|56/100 brn
|-boost|p2a: Iron Treads|spe|1
|-damage|p2a: Iron Treads|67/100|[from] item: Rocky Helmet|[of] p1a: Corviknight
|-sideend|p2: Hot Chipper|Stealth Rock|[from] move: Rapid Spin|[of] p2a: Iron Treads
|
|-weather|none
|-damage|p1a: Corviknight|50/100 brn|[from] brn
|upkeep
|turn|20
|
|t:|1781093318
|-end|p2a: Iron Treads|Quark Drive|[silent]
|switch|p2a: Cinderace|Cinderace, F|33/100
|move|p1a: Corviknight|U-turn|p2a: Cinderace
|-resisted|p2a: Cinderace
|-damage|p2a: Cinderace|28/100
|
|t:|1781093322
|switch|p1a: Pelipper|Pelipper, F|93/100|[from] U-turn
|-weather|RainDance|[from] ability: Drizzle|[of] p1a: Pelipper
|
|-weather|RainDance|[upkeep]
|upkeep
|turn|21
|
|t:|1781093325
|move|p2a: Cinderace|U-turn|p1a: Pelipper
|-resisted|p1a: Pelipper
|-crit|p1a: Pelipper
|-damage|p1a: Pelipper|82/100
|
|t:|1781093328
|switch|p2a: Alomomola|Alomomola, M|82/100 tox|[from] U-turn
|move|p1a: Pelipper|U-turn|p2a: Alomomola
|-damage|p2a: Alomomola|76/100 tox
|
|t:|1781093332
|switch|p1a: Clodsire|Clodsire, F|100/100|[from] U-turn
|
|-weather|RainDance|[upkeep]
|-damage|p2a: Alomomola|69/100 tox|[from] psn
|upkeep
|turn|22
|
|t:|1781093338
|move|p2a: Alomomola|Body Slam|p1a: Clodsire
|-damage|p1a: Clodsire|83/100
|move|p1a: Clodsire|Stealth Rock|p2a: Alomomola
|-sidestart|p2: Hot Chipper|move: Stealth Rock
|
|-weather|RainDance|[upkeep]
|-heal|p1a: Clodsire|89/100|[from] item: Leftovers
|-damage|p2a: Alomomola|57/100 tox|[from] psn
|upkeep
|turn|23
|
|t:|1781093345
|move|p2a: Alomomola|Body Slam|p1a: Clodsire
|-crit|p1a: Clodsire
|-damage|p1a: Clodsire|62/100
|-status|p1a: Clodsire|par
|move|p1a: Clodsire|Earthquake|p2a: Alomomola
|-damage|p2a: Alomomola|38/100 tox
|
|-weather|RainDance|[upkeep]
|-heal|p1a: Clodsire|68/100 par|[from] item: Leftovers
|-damage|p2a: Alomomola|19/100 tox|[from] psn
|upkeep
|turn|24
|
|t:|1781093352
|switch|p2a: Iron Treads|Iron Treads|67/100
|-damage|p2a: Iron Treads|64/100|[from] Stealth Rock
|cant|p1a: Clodsire|par
|
|-weather|RainDance|[upkeep]
|-heal|p1a: Clodsire|74/100 par|[from] item: Leftovers
|upkeep
|turn|25
|
|t:|1781093359
|move|p2a: Iron Treads|Stone Edge|p1a: Clodsire
|-resisted|p1a: Clodsire
|-damage|p1a: Clodsire|56/100 par
|move|p1a: Clodsire|Earthquake|p2a: Iron Treads
|-supereffective|p2a: Iron Treads
|-crit|p2a: Iron Treads
|-damage|p2a: Iron Treads|0 fnt
|faint|p2a: Iron Treads
|-end|p2a: Iron Treads|Quark Drive|[silent]
|
|-weather|RainDance|[upkeep]
|-heal|p1a: Clodsire|62/100 par|[from] item: Leftovers
|upkeep
|
|t:|1781093371
|switch|p2a: Darkrai|Darkrai|100/100
|-damage|p2a: Darkrai|88/100|[from] Stealth Rock
|turn|26
|
|t:|1781093375
|move|p2a: Darkrai|Ice Beam|p1a: Clodsire
|-supereffective|p1a: Clodsire
|-damage|p1a: Clodsire|33/100 par
|move|p1a: Clodsire|Recover|p1a: Clodsire
|-heal|p1a: Clodsire|83/100 par
|
|-weather|RainDance|[upkeep]
|-heal|p2a: Darkrai|94/100|[from] item: Leftovers
|-heal|p1a: Clodsire|89/100 par|[from] item: Leftovers
|upkeep
|turn|27
|
|t:|1781093388
|switch|p2a: Alomomola|Alomomola, M|53/100 tox
|-damage|p2a: Alomomola|40/100 tox|[from] Stealth Rock
|move|p1a: Clodsire|Toxic|p2a: Alomomola
|-fail|p2a: Alomomola|tox
|
|-weather|none
|-heal|p1a: Clodsire|95/100 par|[from] item: Leftovers
|-damage|p2a: Alomomola|34/100 tox|[from] psn
|upkeep
|turn|28
|
|t:|1781093395
|switch|p2a: Dragonite|Dragonite, F|100/100
|-damage|p2a: Dragonite|76/100|[from] Stealth Rock
|move|p1a: Clodsire|Earthquake|p2a: Dragonite
|-immune|p2a: Dragonite
|
|-heal|p1a: Clodsire|100/100 par|[from] item: Leftovers
|upkeep
|turn|29
|
|t:|1781093400
|switch|p1a: Corviknight|Corviknight, F|50/100 brn
|-ability|p1a: Corviknight|Pressure
|move|p2a: Dragonite|Encore||[still]
|-fail|p2a: Dragonite
|
|-damage|p1a: Corviknight|43/100 brn|[from] brn
|upkeep
|turn|30
|
|t:|1781093408
|switch|p2a: Cinderace|Cinderace, F|28/100
|move|p1a: Corviknight|U-turn|p2a: Cinderace
|-resisted|p2a: Cinderace
|-damage|p2a: Cinderace|24/100
|
|t:|1781093412
|switch|p1a: Weavile|Weavile, M|100/100|[from] U-turn
|-ability|p1a: Weavile|Pressure
|
|upkeep
|turn|31
|
|t:|1781093417
|switch|p2a: Dragonite|Dragonite, F|76/100
|-damage|p2a: Dragonite|51/100|[from] Stealth Rock
|move|p1a: Weavile|Knock Off|p2a: Dragonite
|-damage|p2a: Dragonite|18/100
|-damage|p1a: Weavile|84/100|[from] item: Rocky Helmet|[of] p2a: Dragonite
|-enditem|p2a: Dragonite|Rocky Helmet|[from] move: Knock Off|[of] p1a: Weavile
|
|upkeep
|turn|32
|
|t:|1781093428
|move|p1a: Weavile|Swords Dance|p1a: Weavile
|-boost|p1a: Weavile|atk|2
|move|p2a: Dragonite|Thunder Wave|p1a: Weavile
|-status|p1a: Weavile|par
|
|upkeep
|turn|33
|
|t:|1781093432
|cant|p1a: Weavile|par
|move|p2a: Dragonite|Encore|p1a: Weavile
|-start|p1a: Weavile|Encore
|
|upkeep
|turn|34
|
|t:|1781093437
|switch|p1a: Pelipper|Pelipper, F|82/100
|-weather|RainDance|[from] ability: Drizzle|[of] p1a: Pelipper
|move|p2a: Dragonite|Roost|p2a: Dragonite
|-heal|p2a: Dragonite|69/100
|-singleturn|p2a: Dragonite|move: Roost
|
|-weather|RainDance|[upkeep]
|upkeep
|turn|35
|
|t:|1781093440
|move|p2a: Dragonite|Thunder Wave|p1a: Pelipper
|-status|p1a: Pelipper|par
|move|p1a: Pelipper|U-turn|p2a: Dragonite
|-resisted|p2a: Dragonite
|-damage|p2a: Dragonite|65/100
|
|t:|1781093445
|switch|p1a: Kingdra|Kingdra, M|100/100|[from] U-turn
|
|-weather|RainDance|[upkeep]
|upkeep
|turn|36
|
|t:|1781093465
|switch|p2a: Darkrai|Darkrai|94/100
|-damage|p2a: Darkrai|82/100|[from] Stealth Rock
|move|p1a: Kingdra|Flip Turn|p2a: Darkrai
|-damage|p2a: Darkrai|52/100
|
|t:|1781093472
|switch|p1a: Weavile|Weavile, M|84/100 par|[from] Flip Turn
|-ability|p1a: Weavile|Pressure
|
|-weather|RainDance|[upkeep]
|-heal|p2a: Darkrai|58/100|[from] item: Leftovers
|upkeep
|turn|37
|
|t:|1781093485
|move|p2a: Darkrai|Dark Pulse|p1a: Weavile
|-resisted|p1a: Weavile
|-damage|p1a: Weavile|58/100 par
|cant|p1a: Weavile|par
|
|-weather|RainDance|[upkeep]
|-heal|p2a: Darkrai|64/100|[from] item: Leftovers
|upkeep
|turn|38
|
|t:|1781093490
|move|p2a: Darkrai|Dark Pulse|p1a: Weavile
|-resisted|p1a: Weavile
|-damage|p1a: Weavile|33/100 par
|move|p1a: Weavile|Triple Axel|p2a: Darkrai
|-damage|p2a: Darkrai|53/100
|-damage|p2a: Darkrai|33/100
|-damage|p2a: Darkrai|0 fnt
|faint|p2a: Darkrai
|-hitcount|p2: Darkrai|3
|
|-weather|RainDance|[upkeep]
|upkeep
|
|t:|1781093500
|switch|p2a: Cinderace|Cinderace, F|24/100
|turn|39
|
|t:|1781093507
|move|p2a: Cinderace|U-turn|p1a: Weavile
|-supereffective|p1a: Weavile
|-damage|p1a: Weavile|0 fnt
|faint|p1a: Weavile
|
|t:|1781093510
|switch|p2a: Alomomola|Alomomola, M|67/100 tox|[from] U-turn
|-damage|p2a: Alomomola|55/100 tox|[from] Stealth Rock
|
|-weather|RainDance|[upkeep]
|-damage|p2a: Alomomola|49/100 tox|[from] psn
|upkeep
|
|t:|1781093521
|switch|p1a: Clodsire|Clodsire, F|100/100 par
|turn|40
|
|t:|1781093525
|switch|p2a: Dragonite|Dragonite, F|65/100
|-damage|p2a: Dragonite|40/100|[from] Stealth Rock
|move|p1a: Clodsire|Toxic|p2a: Dragonite
|-status|p2a: Dragonite|tox
|
|-weather|RainDance|[upkeep]
|-damage|p2a: Dragonite|34/100 tox|[from] psn
|upkeep
|turn|41
|
|t:|1781093531
|switch|p1a: Corviknight|Corviknight, F|43/100 brn
|-ability|p1a: Corviknight|Pressure
|move|p2a: Dragonite|Roost|p2a: Dragonite
|-heal|p2a: Dragonite|84/100 tox
|-singleturn|p2a: Dragonite|move: Roost
|
|-weather|none
|-damage|p2a: Dragonite|72/100 tox|[from] psn
|-damage|p1a: Corviknight|37/100 brn|[from] brn
|upkeep
|turn|42
|
|t:|1781093535
|move|p2a: Dragonite|Ice Beam|p1a: Corviknight
|-damage|p1a: Corviknight|18/100 brn
|move|p1a: Corviknight|Roost|p1a: Corviknight
|-heal|p1a: Corviknight|68/100 brn
|-singleturn|p1a: Corviknight|move: Roost
|
|-damage|p2a: Dragonite|53/100 tox|[from] psn
|-damage|p1a: Corviknight|62/100 brn|[from] brn
|upkeep
|turn|43
|
|t:|1781093541
|switch|p2a: Cinderace|Cinderace, F|24/100
|switch|p1a: Pelipper|Pelipper, F|82/100 par
|-weather|RainDance|[from] ability: Drizzle|[of] p1a: Pelipper
|
|-weather|RainDance|[upkeep]
|upkeep
|turn|44
|
|t:|1781093546
|move|p2a: Cinderace|Court Change|p2a: Cinderace
|-swapsideconditions
|-activate|p2a: Cinderace|move: Court Change
|move|p1a: Pelipper|Surf|p2a: Cinderace
|-supereffective|p2a: Cinderace
|-crit|p2a: Cinderace
|-damage|p2a: Cinderace|0 fnt
|faint|p2a: Cinderace
|
|-weather|RainDance|[upkeep]
|upkeep
|
|t:|1781093552
|switch|p2a: Iron Valiant|Iron Valiant|100/100
|-enditem|p2a: Iron Valiant|Booster Energy
|-activate|p2a: Iron Valiant|ability: Quark Drive|[fromitem]
|-start|p2a: Iron Valiant|quarkdrivespe
|turn|45
|
|t:|1781093559
|-terastallize|p2a: Iron Valiant|Ghost
|move|p2a: Iron Valiant|Calm Mind|p2a: Iron Valiant
|-boost|p2a: Iron Valiant|spa|1
|-boost|p2a: Iron Valiant|spd|1
|move|p1a: Pelipper|Surf|p2a: Iron Valiant
|-damage|p2a: Iron Valiant|45/100
|
|-weather|RainDance|[upkeep]
|upkeep
|turn|46
|
|t:|1781093571
|switch|p1a: Clodsire|Clodsire, F|100/100 par
|-damage|p1a: Clodsire|94/100 par|[from] Stealth Rock
|move|p2a: Iron Valiant|Hex|p1a: Clodsire
|-damage|p1a: Clodsire|39/100 par
|
|-weather|RainDance|[upkeep]
|-heal|p1a: Clodsire|45/100 par|[from] item: Leftovers
|upkeep
|turn|47
|
|t:|1781093591
|move|p2a: Iron Valiant|Hex|p1a: Clodsire
|-damage|p1a: Clodsire|0 fnt
|faint|p1a: Clodsire
|
|-weather|RainDance|[upkeep]
|upkeep
|inactive|ihymyly has 120 seconds left.
|
|t:|1781093608
|switch|p1a: Kingdra|Kingdra, M|100/100
|-damage|p1a: Kingdra|88/100|[from] Stealth Rock
|turn|48
|
|t:|1781093611
|-terastallize|p1a: Kingdra|Water
|move|p2a: Iron Valiant|Moonblast|p1a: Kingdra
|-damage|p1a: Kingdra|6/100
|move|p1a: Kingdra|Weather Ball|p2a: Iron Valiant
|-damage|p2a: Iron Valiant|0 fnt
|faint|p2a: Iron Valiant
|-end|p2a: Iron Valiant|Quark Drive|[silent]
|
|-weather|RainDance|[upkeep]
|upkeep
|
|t:|1781093620
|switch|p2a: Alomomola|Alomomola, M|82/100 tox
|turn|49
|
|t:|1781093626
|switch|p1a: Corviknight|Corviknight, F|62/100 brn
|-damage|p1a: Corviknight|49/100 brn|[from] Stealth Rock
|-ability|p1a: Corviknight|Pressure
|move|p2a: Alomomola|Scald|p1a: Corviknight
|-damage|p1a: Corviknight|28/100 brn
|
|-weather|RainDance|[upkeep]
|-damage|p2a: Alomomola|76/100 tox|[from] psn
|-damage|p1a: Corviknight|21/100 brn|[from] brn
|upkeep
|turn|50
|
|t:|1781093634
|move|p1a: Corviknight|Roost|p1a: Corviknight
|-heal|p1a: Corviknight|71/100 brn
|-singleturn|p1a: Corviknight|move: Roost
|move|p2a: Alomomola|Flip Turn|p1a: Corviknight
|-damage|p1a: Corviknight|57/100 brn
|-damage|p2a: Alomomola|59/100 tox|[from] item: Rocky Helmet|[of] p1a: Corviknight
|
|t:|1781093636
|switch|p2a: Dragonite|Dragonite, F|53/100 tox|[from] Flip Turn
|
|-weather|none
|-damage|p2a: Dragonite|47/100 tox|[from] psn
|-damage|p1a: Corviknight|51/100 brn|[from] brn
|upkeep
|turn|51
|
|t:|1781093643
|move|p2a: Dragonite|Encore|p1a: Corviknight
|-start|p1a: Corviknight|Encore
|move|p1a: Corviknight|Roost|p1a: Corviknight
|-heal|p1a: Corviknight|100/100 brn
|-singleturn|p1a: Corviknight|move: Roost
|
|-damage|p2a: Dragonite|35/100 tox|[from] psn
|-damage|p1a: Corviknight|94/100 brn|[from] brn
|upkeep
|turn|52
|
|t:|1781093647
|switch|p1a: Pelipper|Pelipper, F|82/100 par
|-damage|p1a: Pelipper|57/100 par|[from] Stealth Rock
|-weather|RainDance|[from] ability: Drizzle|[of] p1a: Pelipper
|move|p2a: Dragonite|Roost|p2a: Dragonite
|-heal|p2a: Dragonite|85/100 tox
|-singleturn|p2a: Dragonite|move: Roost
|
|-weather|RainDance|[upkeep]
|-damage|p2a: Dragonite|66/100 tox|[from] psn
|upkeep
|turn|53
|
|t:|1781093652
|switch|p2a: Alomomola|Alomomola, M|93/100 tox
|cant|p1a: Pelipper|par
|
|-weather|RainDance|[upkeep]
|-damage|p2a: Alomomola|86/100 tox|[from] psn
|upkeep
|turn|54
|
|t:|1781093656
|move|p2a: Alomomola|Flip Turn|p1a: Pelipper
|-resisted|p1a: Pelipper
|-damage|p1a: Pelipper|48/100 par
|
|t:|1781093659
|switch|p2a: Dragonite|Dragonite, F|66/100 tox|[from] Flip Turn
|cant|p1a: Pelipper|par
|
|-weather|RainDance|[upkeep]
|-damage|p2a: Dragonite|60/100 tox|[from] psn
|upkeep
|turn|55
|
|t:|1781093665
|switch|p2a: Alomomola|Alomomola, M|100/100 tox
|move|p1a: Pelipper|Roost|p1a: Pelipper
|-heal|p1a: Pelipper|98/100 par
|-singleturn|p1a: Pelipper|move: Roost
|
|-weather|RainDance|[upkeep]
|-damage|p2a: Alomomola|94/100 tox|[from] psn
|upkeep
|turn|56
|
|t:|1781093673
|move|p1a: Pelipper|U-turn|p2a: Alomomola
|-damage|p2a: Alomomola|88/100 tox
|
|t:|1781093676
|switch|p1a: Corviknight|Corviknight, F|94/100 brn|[from] U-turn
|-damage|p1a: Corviknight|82/100 brn|[from] Stealth Rock
|-ability|p1a: Corviknight|Pressure
|move|p2a: Alomomola|Mirror Coat||[still]
|-fail|p2a: Alomomola
|
|-weather|RainDance|[upkeep]
|-damage|p2a: Alomomola|76/100 tox|[from] psn
|-damage|p1a: Corviknight|75/100 brn|[from] brn
|upkeep
|turn|57
|
|t:|1781093682
|move|p1a: Corviknight|Defog|p2a: Alomomola
|-unboost|p2a: Alomomola|evasion|1
|-sideend|p1: ihymyly|Stealth Rock|[from] move: Defog|[of] p1a: Corviknight
|move|p2a: Alomomola|Scald|p1a: Corviknight
|-damage|p1a: Corviknight|56/100 brn
|
|-weather|RainDance|[upkeep]
|-damage|p2a: Alomomola|57/100 tox|[from] psn
|-damage|p1a: Corviknight|50/100 brn|[from] brn
|upkeep
|turn|58
|j| KangkongNation
|
|t:|1781093692
|move|p1a: Corviknight|Roost|p1a: Corviknight
|-heal|p1a: Corviknight|99/100 brn
|-singleturn|p1a: Corviknight|move: Roost
|move|p2a: Alomomola|Flip Turn|p1a: Corviknight
|-damage|p1a: Corviknight|84/100 brn
|-damage|p2a: Alomomola|40/100 tox|[from] item: Rocky Helmet|[of] p1a: Corviknight
|
|t:|1781093694
|switch|p2a: Dragonite|Dragonite, F|60/100 tox|[from] Flip Turn
|
|-weather|RainDance|[upkeep]
|-damage|p2a: Dragonite|53/100 tox|[from] psn
|-damage|p1a: Corviknight|78/100 brn|[from] brn
|upkeep
|turn|59
|
|t:|1781093699
|switch|p2a: Alomomola|Alomomola, M|74/100 tox
|switch|p1a: Pelipper|Pelipper, F|98/100 par
|
|-weather|none
|-damage|p2a: Alomomola|68/100 tox|[from] psn
|upkeep
|turn|60
|
|t:|1781093708
|move|p2a: Alomomola|Flip Turn|p1a: Pelipper
|-resisted|p1a: Pelipper
|-damage|p1a: Pelipper|92/100 par
|
|t:|1781093709
|switch|p2a: Dragonite|Dragonite, F|53/100 tox|[from] Flip Turn
|move|p1a: Pelipper|U-turn|p2a: Dragonite
|-resisted|p2a: Dragonite
|-damage|p2a: Dragonite|50/100 tox
|l| KangkongNation
|
|t:|1781093715
|switch|p1a: Kingdra|Kingdra, M, tera:Water|6/100|[from] U-turn
|
|-damage|p2a: Dragonite|44/100 tox|[from] psn
|upkeep
|turn|61
|
|t:|1781093718
|switch|p2a: Alomomola|Alomomola, M|100/100 tox
|move|p1a: Kingdra|Dragon Pulse|p2a: Alomomola
|-damage|p2a: Alomomola|71/100 tox
|
|-damage|p2a: Alomomola|65/100 tox|[from] psn
|upkeep
|turn|62
|j| KangkongNation
|
|t:|1781093726
|move|p1a: Kingdra|Dragon Pulse|p2a: Alomomola
|-damage|p2a: Alomomola|37/100 tox
|move|p2a: Alomomola|Flip Turn|p1a: Kingdra
|-resisted|p1a: Kingdra
|-damage|p1a: Kingdra|0 fnt
|faint|p1a: Kingdra
|
|t:|1781093728
|switch|p2a: Dragonite|Dragonite, F|44/100 tox|[from] Flip Turn
|
|-damage|p2a: Dragonite|38/100 tox|[from] psn
|upkeep
|
|t:|1781093732
|switch|p1a: Pelipper|Pelipper, F|92/100 par
|-weather|RainDance|[from] ability: Drizzle|[of] p1a: Pelipper
|turn|63
|
|t:|1781093736
|move|p2a: Dragonite|Roost|p2a: Dragonite
|-heal|p2a: Dragonite|88/100 tox
|-singleturn|p2a: Dragonite|move: Roost
|move|p1a: Pelipper|Hurricane|p2a: Dragonite
|-damage|p2a: Dragonite|53/100 tox
|
|-weather|RainDance|[upkeep]
|-damage|p2a: Dragonite|40/100 tox|[from] psn
|upkeep
|turn|64
|
|t:|1781093742
|switch|p2a: Alomomola|Alomomola, M|70/100 tox
|move|p1a: Pelipper|Hurricane|p2a: Alomomola
|-damage|p2a: Alomomola|52/100 tox
|-start|p2a: Alomomola|confusion
|
|-weather|RainDance|[upkeep]
|-damage|p2a: Alomomola|46/100 tox|[from] psn
|upkeep
|turn|65
|l| KangkongNation
|
|t:|1781093748
|move|p1a: Pelipper|Hurricane|p2a: Alomomola
|-damage|p2a: Alomomola|28/100 tox
|-activate|p2a: Alomomola|confusion
|move|p2a: Alomomola|Mirror Coat|p1a: Pelipper
|-damage|p1a: Pelipper|32/100 par
|
|-weather|RainDance|[upkeep]
|-damage|p2a: Alomomola|16/100 tox|[from] psn
|upkeep
|turn|66
|
|t:|1781093753
|switch|p2a: Dragonite|Dragonite, F|40/100 tox
|move|p1a: Pelipper|Roost|p1a: Pelipper
|-heal|p1a: Pelipper|82/100 par
|-singleturn|p1a: Pelipper|move: Roost
|
|-weather|RainDance|[upkeep]
|-damage|p2a: Dragonite|34/100 tox|[from] psn
|upkeep
|turn|67
|
|t:|1781093759
|switch|p1a: Corviknight|Corviknight, F|78/100 brn
|-ability|p1a: Corviknight|Pressure
|move|p2a: Dragonite|Roost|p2a: Dragonite
|-heal|p2a: Dragonite|84/100 tox
|-singleturn|p2a: Dragonite|move: Roost
|
|-weather|RainDance|[upkeep]
|-damage|p2a: Dragonite|72/100 tox|[from] psn
|-damage|p1a: Corviknight|72/100 brn|[from] brn
|upkeep
|turn|68
|
|t:|1781093766
|move|p2a: Dragonite|Ice Beam|p1a: Corviknight
|-damage|p1a: Corviknight|53/100 brn
|move|p1a: Corviknight|U-turn|p2a: Dragonite
|-resisted|p2a: Dragonite
|-damage|p2a: Dragonite|70/100 tox
|
|t:|1781093770
|switch|p1a: Pelipper|Pelipper, F|82/100 par|[from] U-turn
|
|-weather|RainDance|[upkeep]
|-damage|p2a: Dragonite|51/100 tox|[from] psn
|upkeep
|turn|69
|
|t:|1781093773
|switch|p2a: Alomomola|Alomomola, M|49/100 tox
|move|p1a: Pelipper|Hurricane|p2a: Alomomola
|-damage|p2a: Alomomola|30/100 tox
|-start|p2a: Alomomola|confusion
|
|-weather|RainDance|[upkeep]
|-damage|p2a: Alomomola|24/100 tox|[from] psn
|upkeep
|turn|70
|
|t:|1781093778
|switch|p2a: Dragonite|Dragonite, F|51/100 tox
|cant|p1a: Pelipper|par
|
|-weather|none
|-damage|p2a: Dragonite|45/100 tox|[from] psn
|upkeep
|turn|71
|
|t:|1781093785
|switch|p2a: Alomomola|Alomomola, M|58/100 tox
|cant|p1a: Pelipper|par
|
|-damage|p2a: Alomomola|51/100 tox|[from] psn
|upkeep
|turn|72
|
|t:|1781093790
|move|p1a: Pelipper|U-turn|p2a: Alomomola
|-damage|p2a: Alomomola|45/100 tox
|
|t:|1781093794
|switch|p1a: Corviknight|Corviknight, F|53/100 brn|[from] U-turn
|-ability|p1a: Corviknight|Pressure
|move|p2a: Alomomola|Mirror Coat||[still]
|-fail|p2a: Alomomola
|
|-damage|p2a: Alomomola|32/100 tox|[from] psn
|-damage|p1a: Corviknight|46/100 brn|[from] brn
|upkeep
|turn|73
|
|t:|1781093798
|switch|p2a: Dragonite|Dragonite, F|45/100 tox
|move|p1a: Corviknight|Roost|p1a: Corviknight
|-heal|p1a: Corviknight|96/100 brn
|-singleturn|p1a: Corviknight|move: Roost
|
|-damage|p2a: Dragonite|38/100 tox|[from] psn
|-damage|p1a: Corviknight|90/100 brn|[from] brn
|upkeep
|turn|74
|
|t:|1781093805
|switch|p1a: Pelipper|Pelipper, F|82/100 par
|-weather|RainDance|[from] ability: Drizzle|[of] p1a: Pelipper
|move|p2a: Dragonite|Roost|p2a: Dragonite
|-heal|p2a: Dragonite|89/100 tox
|-singleturn|p2a: Dragonite|move: Roost
|
|-weather|RainDance|[upkeep]
|-damage|p2a: Dragonite|76/100 tox|[from] psn
|upkeep
|turn|75
|
|t:|1781093811
|switch|p2a: Alomomola|Alomomola, M|65/100 tox
|move|p1a: Pelipper|Hurricane|p2a: Alomomola
|-damage|p2a: Alomomola|47/100 tox
|-start|p2a: Alomomola|confusion
|
|-weather|RainDance|[upkeep]
|-damage|p2a: Alomomola|41/100 tox|[from] psn
|upkeep
|turn|76
|
|t:|1781093819
|move|p1a: Pelipper|Hurricane|p2a: Alomomola
|-damage|p2a: Alomomola|24/100 tox
|-activate|p2a: Alomomola|confusion
|-damage|p2a: Alomomola|18/100 tox|[from] confusion
|
|-weather|RainDance|[upkeep]
|-damage|p2a: Alomomola|6/100 tox|[from] psn
|upkeep
|turn|77
|-message|Hot Chipper forfeited.
|
|win|ihymyly
|raw|ihymyly's rating: 1571 &rarr; <strong>1592</strong><br />(+21 for winning)
|raw|Hot Chipper's rating: 1586 &rarr; <strong>1565</strong><br />(-21 for losing)
|l|☆Hot Chipper
|player|p2|
|l|☆ihymyly
|player|p1|
