|badge|p2|silver|gen9ou|30-9
|uhtml|medal-msg|<div class="broadcast-blue">Curious what those medals under the avatar are? PS now has Ladder Seasons! For more information, check out the <a href="https://www.smogon.com/forums/threads/3740067/">thread on Smogon.</a></div>
|j|☆Kazuelasnt
|j|‽mothily >.<
|t:|1781123347
|gametype|singles
|player|p1|Kazuelasnt|cress|1644
|player|p2|mothily >.<|iono-masters|1847
|gen|9
|tier|[Gen 9] OU
|rated|
|rule|HP Percentage Mod: HP is shown in percentages
|rule|Endless Battle Clause: Forcing endless battles is banned
|rule|Species Clause: Limit one of each Pokémon
|rule|OHKO Clause: OHKO moves are banned
|rule|Evasion Items Clause: Evasion items are banned
|rule|Evasion Moves Clause: Evasion moves are banned
|rule|Evasion Abilities Clause: Evasion abilities are banned
|rule|Sleep Moves Clause: Sleep-inducing moves are banned
|clearpoke
|poke|p1|Araquanid, M|
|poke|p1|Gholdengo|
|poke|p1|Typhlosion-Hisui, M|
|poke|p1|Zamazenta-*|
|poke|p1|Raging Bolt|
|poke|p1|Dragonite, F|
|poke|p2|Darkrai|
|poke|p2|Heatran, M|
|poke|p2|Ting-Lu|
|poke|p2|Ogerpon-Wellspring, F|
|poke|p2|Pecharunt|
|poke|p2|Zamazenta-*|
|teampreview
|inactive|Battle timer is ON: inactive players will automatically lose when time's up. (requested by mothily >.<)
|
|t:|1781123401
|teamsize|p1|6
|teamsize|p2|6
|start
|switch|p1a: Nosk|Araquanid, M, shiny|100/100
|switch|p2a: Ogerpon|Ogerpon-Wellspring, F|100/100
|turn|1
|
|t:|1781123407
|move|p2a: Ogerpon|Taunt|p1a: Nosk
|-start|p1a: Nosk|move: Taunt
|move|p1a: Nosk|Lunge|p2a: Ogerpon
|-supereffective|p2a: Ogerpon
|-damage|p2a: Ogerpon|49/100
|-unboost|p2a: Ogerpon|atk|1
|
|upkeep
|turn|2
|
|t:|1781123419
|move|p2a: Ogerpon|Horn Leech|p1a: Nosk
|-damage|p1a: Nosk|74/100
|-heal|p2a: Ogerpon|64/100|[from] drain|[of] p1a: Nosk
|move|p1a: Nosk|Surf|p2a: Ogerpon
|-heal|p2a: Ogerpon|89/100|[from] ability: Water Absorb|[of] p1a: Nosk
|
|upkeep
|turn|3
|
|t:|1781123427
|move|p2a: Ogerpon|Horn Leech|p1a: Nosk
|-damage|p1a: Nosk|45/100
|-heal|p2a: Ogerpon|100/100|[from] drain|[of] p1a: Nosk
|move|p1a: Nosk|Lunge|p2a: Ogerpon
|-supereffective|p2a: Ogerpon
|-damage|p2a: Ogerpon|46/100
|-unboost|p2a: Ogerpon|atk|1
|
|-end|p1a: Nosk|move: Taunt
|upkeep
|turn|4
|
|t:|1781123433
|move|p2a: Ogerpon|Knock Off|p1a: Nosk
|-damage|p1a: Nosk|25/100
|-enditem|p1a: Nosk|Custap Berry|[from] move: Knock Off|[of] p2a: Ogerpon
|move|p1a: Nosk|Lunge|p2a: Ogerpon
|-supereffective|p2a: Ogerpon
|-damage|p2a: Ogerpon|0 fnt
|faint|p2a: Ogerpon
|
|upkeep
|
|t:|1781123441
|switch|p2a: Darkrai|Darkrai|100/100
|turn|5
|
|t:|1781123445
|move|p2a: Darkrai|Dark Pulse|p1a: Nosk
|-damage|p1a: Nosk|0 fnt
|faint|p1a: Nosk
|
|upkeep
|
|t:|1781123456
|switch|p1a: Elliot|Zamazenta|100/100
|-ability|p1a: Elliot|Dauntless Shield|boost
|-boost|p1a: Elliot|def|1
|turn|6
|
|t:|1781123460
|switch|p2a: Pecharunt|Pecharunt|100/100
|move|p1a: Elliot|Crunch|p2a: Pecharunt
|-supereffective|p2a: Pecharunt
|-damage|p2a: Pecharunt|65/100
|-damage|p1a: Elliot|90/100|[from] item: Life Orb
|
|upkeep
|turn|7
|
|t:|1781123465
|move|p1a: Elliot|Crunch|p2a: Pecharunt
|-supereffective|p2a: Pecharunt
|-damage|p2a: Pecharunt|31/100
|-damage|p1a: Elliot|80/100|[from] item: Life Orb
|move|p2a: Pecharunt|Recover|p2a: Pecharunt
|-heal|p2a: Pecharunt|81/100
|
|upkeep
|turn|8
|
|t:|1781123469
|move|p1a: Elliot|Crunch|p2a: Pecharunt
|-supereffective|p2a: Pecharunt
|-damage|p2a: Pecharunt|50/100
|-damage|p1a: Elliot|70/100|[from] item: Life Orb
|move|p2a: Pecharunt|Shadow Ball|p1a: Elliot
|-damage|p1a: Elliot|47/100
|-unboost|p1a: Elliot|spd|1
|
|upkeep
|turn|9
|
|t:|1781123473
|move|p1a: Elliot|Crunch|p2a: Pecharunt
|-supereffective|p2a: Pecharunt
|-damage|p2a: Pecharunt|15/100
|-damage|p1a: Elliot|37/100|[from] item: Life Orb
|move|p2a: Pecharunt|Recover|p2a: Pecharunt
|-heal|p2a: Pecharunt|65/100
|
|upkeep
|turn|10
|
|t:|1781123476
|move|p1a: Elliot|Crunch|p2a: Pecharunt
|-supereffective|p2a: Pecharunt
|-damage|p2a: Pecharunt|32/100
|-unboost|p2a: Pecharunt|def|1
|-damage|p1a: Elliot|27/100|[from] item: Life Orb
|move|p2a: Pecharunt|Recover|p2a: Pecharunt
|-heal|p2a: Pecharunt|82/100
|
|upkeep
|turn|11
|
|t:|1781123487
|switch|p2a: Ting-Lu|Ting-Lu|100/100
|-ability|p2a: Ting-Lu|Vessel of Ruin
|move|p1a: Elliot|Crunch|p2a: Ting-Lu
|-resisted|p2a: Ting-Lu
|-damage|p2a: Ting-Lu|90/100
|-unboost|p2a: Ting-Lu|def|1
|-damage|p1a: Elliot|17/100|[from] item: Life Orb
|
|-heal|p2a: Ting-Lu|97/100|[from] item: Leftovers
|upkeep
|turn|12
|
|t:|1781123490
|switch|p2a: Pecharunt|Pecharunt|82/100
|move|p1a: Elliot|Close Combat|p2a: Pecharunt
|-immune|p2a: Pecharunt
|
|upkeep
|turn|13
|
|t:|1781123494
|move|p1a: Elliot|Crunch|p2a: Pecharunt
|-supereffective|p2a: Pecharunt
|-damage|p2a: Pecharunt|50/100
|-damage|p1a: Elliot|7/100|[from] item: Life Orb
|move|p2a: Pecharunt|Recover|p2a: Pecharunt
|-heal|p2a: Pecharunt|100/100
|
|upkeep
|turn|14
|
|t:|1781123499
|move|p1a: Elliot|Crunch|p2a: Pecharunt
|-supereffective|p2a: Pecharunt
|-damage|p2a: Pecharunt|69/100
|-unboost|p2a: Pecharunt|def|1
|-damage|p1a: Elliot|0 fnt|[from] item: Life Orb
|faint|p1a: Elliot
|move|p2a: Pecharunt|Recover|p2a: Pecharunt
|-heal|p2a: Pecharunt|100/100
|
|upkeep
|inactive|Kazuelasnt has 120 seconds left.
|
|t:|1781123541
|switch|p1a: Allegations|Typhlosion-Hisui, M, shiny|100/100
|-item|p2a: Pecharunt|Heavy-Duty Boots|[from] ability: Frisk|[of] p1a: Allegations
|turn|15
|
|t:|1781123548
|move|p1a: Allegations|Shadow Ball|p2a: Pecharunt
|-supereffective|p2a: Pecharunt
|-damage|p2a: Pecharunt|0 fnt
|faint|p2a: Pecharunt
|
|upkeep
|
|t:|1781123554
|switch|p2a: Darkrai|Darkrai|100/100
|turn|16
|
|t:|1781123565
|move|p2a: Darkrai|Dark Pulse|p1a: Allegations
|-supereffective|p1a: Allegations
|-damage|p1a: Allegations|0 fnt
|faint|p1a: Allegations
|
|upkeep
|
|t:|1781123575
|switch|p1a: Alba|Dragonite, F|100/100
|turn|17
|
|t:|1781123579
|move|p2a: Darkrai|Will-O-Wisp|p1a: Alba
|-status|p1a: Alba|brn
|move|p1a: Alba|Dragon Dance|p1a: Alba
|-boost|p1a: Alba|atk|1
|-boost|p1a: Alba|spe|1
|
|-damage|p1a: Alba|94/100 brn|[from] brn
|upkeep
|turn|18
|inactive|Kazuelasnt has 120 seconds left.
|
|t:|1781123612
|move|p1a: Alba|Dragon Dance|p1a: Alba
|-boost|p1a: Alba|atk|1
|-boost|p1a: Alba|spe|1
|move|p2a: Darkrai|Ice Beam|p1a: Alba
|-supereffective|p1a: Alba
|-damage|p1a: Alba|0 fnt
|faint|p1a: Alba
|
|upkeep
|
|t:|1781123616
|switch|p1a: Electrofuria|Raging Bolt|100/100
|-enditem|p1a: Electrofuria|Booster Energy
|-activate|p1a: Electrofuria|ability: Protosynthesis|[fromitem]
|-start|p1a: Electrofuria|protosynthesisspa
|turn|19
|
|t:|1781123620
|move|p2a: Darkrai|Ice Beam|p1a: Electrofuria
|-supereffective|p1a: Electrofuria
|-damage|p1a: Electrofuria|36/100
|move|p1a: Electrofuria|Calm Mind|p1a: Electrofuria
|-boost|p1a: Electrofuria|spa|1
|-boost|p1a: Electrofuria|spd|1
|
|upkeep
|turn|20
|
|t:|1781123632
|-terastallize|p1a: Electrofuria|Fairy
|move|p2a: Darkrai|Will-O-Wisp|p1a: Electrofuria
|-status|p1a: Electrofuria|brn
|move|p1a: Electrofuria|Dragon Pulse|p2a: Darkrai
|-damage|p2a: Darkrai|0 fnt
|faint|p2a: Darkrai
|
|-damage|p1a: Electrofuria|29/100 brn|[from] brn
|upkeep
|
|t:|1781123643
|switch|p2a: Ting-Lu|Ting-Lu|97/100
|-ability|p2a: Ting-Lu|Vessel of Ruin
|turn|21
|
|t:|1781123646
|move|p1a: Electrofuria|Dragon Pulse|p2a: Ting-Lu
|-damage|p2a: Ting-Lu|55/100
|move|p2a: Ting-Lu|Earthquake|p1a: Electrofuria
|-damage|p1a: Electrofuria|0 fnt
|faint|p1a: Electrofuria
|-end|p1a: Electrofuria|Protosynthesis|[silent]
|
|-heal|p2a: Ting-Lu|62/100|[from] item: Leftovers
|upkeep
|
|t:|1781123649
|switch|p1a: A Penny|Gholdengo|100/100
|-item|p1a: A Penny|Air Balloon
|turn|22
|
|t:|1781123653
|move|p1a: A Penny|Nasty Plot|p1a: A Penny
|-boost|p1a: A Penny|spa|2
|move|p2a: Ting-Lu|Ruination|p1a: A Penny
|-damage|p1a: A Penny|51/100
|-enditem|p1a: A Penny|Air Balloon
|
|-heal|p2a: Ting-Lu|68/100|[from] item: Leftovers
|upkeep
|turn|23
|
|t:|1781123659
|-terastallize|p2a: Ting-Lu|Water
|move|p1a: A Penny|Make It Rain|p2a: Ting-Lu
|-resisted|p2a: Ting-Lu
|-damage|p2a: Ting-Lu|41/100
|-unboost|p1a: A Penny|spa|1
|move|p2a: Ting-Lu|Earthquake|p1a: A Penny
|-supereffective|p1a: A Penny
|-crit|p1a: A Penny
|-damage|p1a: A Penny|0 fnt
|faint|p1a: A Penny
|
|win|mothily >.<
|raw|Kazuelasnt's rating: 1644 &rarr; <strong>1635</strong><br />(-9 for losing)
|raw|mothily &gt;.&lt;'s rating: 1847 &rarr; <strong>1856</strong><br />(+9 for winning)
|l|‽mothily >.<
|player|p2|
|c|☆Kazuelasnt|Oh
|c|☆Kazuelasnt|Well gg!
|l|☆Kazuelasnt
|player|p1|
