|j|‽rrbrru
|j|☆Rin1604
|t:|1781223580
|gametype|singles
|player|p1|rrbrru|266|1531
|player|p2|Rin1604|miku-ghost|1550
|gen|9
|tier|[Gen 9] OU
|rated|
|rule|HP Percentage Mod: HP is shown in percentages
|rule|Endless Battle Clause: Forcing endless battles is banned
|rule|Species Clause: Limit one of each Pokémon
|rule|OHKO Clause: OHKO moves are banned
|rule|Evasion Items Clause: Evasion items are banned
|rule|Evasion Moves Clause: Evasion moves are banned
|rule|Evasion Abilities Clause: Evasion abilities are banned
|rule|Sleep Moves Clause: Sleep-inducing moves are banned
|clearpoke
|poke|p1|Tyranitar, F|
|poke|p1|Excadrill, M|
|poke|p1|Hydrapple, F|
|poke|p1|Tornadus-Therian, M|
|poke|p1|Alomomola, F|
|poke|p1|Houndstone, M|
|poke|p2|Pelipper, L99, F|
|poke|p2|Barraskewda, F|
|poke|p2|Raging Bolt|
|poke|p2|Golduck, M|
|poke|p2|Pawmot, F|
|poke|p2|Tentacruel, F|
|teampreview
|
|t:|1781223592
|teamsize|p1|6
|teamsize|p2|6
|start
|switch|p1a: Tyranitar|Tyranitar, F|100/100
|switch|p2a: ExSkewda Me|Barraskewda, F|100/100
|-weather|Sandstorm|[from] ability: Sand Stream|[of] p1a: Tyranitar
|turn|1
|
|t:|1781223598
|switch|p1a: Hydrapple|Hydrapple, F|100/100
|move|p2a: ExSkewda Me|Flip Turn|p1a: Hydrapple
|-resisted|p1a: Hydrapple
|-damage|p1a: Hydrapple|94/100
|
|t:|1781223604
|switch|p2a: Seaking Duck|Golduck, M|100/100|[from] Flip Turn
|
|-weather|Sandstorm|[upkeep]
|-damage|p2a: Seaking Duck|95/100|[from] Sandstorm
|-damage|p1a: Hydrapple|88/100|[from] Sandstorm
|upkeep
|turn|2
|
|t:|1781223617
|switch|p1a: Houndstone|Houndstone, M|100/100
|move|p2a: Seaking Duck|Ice Beam|p1a: Houndstone
|-damage|p1a: Houndstone|58/100
|-damage|p2a: Seaking Duck|85/100|[from] item: Life Orb
|
|-weather|Sandstorm|[upkeep]
|-damage|p2a: Seaking Duck|79/100|[from] Sandstorm
|upkeep
|turn|3
|
|t:|1781223635
|switch|p2a: Ghoti carrier|Pelipper, L99, F|100/100
|-weather|RainDance|[from] ability: Drizzle|[of] p2a: Ghoti carrier
|move|p1a: Houndstone|Poltergeist|p2a: Ghoti carrier
|-activate|p2a: Ghoti carrier|move: Poltergeist|Damp Rock
|-damage|p2a: Ghoti carrier|48/100
|
|-weather|RainDance|[upkeep]
|upkeep
|turn|4
|
|t:|1781223647
|switch|p2a: Spaghetti Too|Tentacruel, F|100/100
|move|p1a: Houndstone|Poltergeist|p2a: Spaghetti Too
|-activate|p2a: Spaghetti Too|move: Poltergeist|Assault Vest
|-damage|p2a: Spaghetti Too|0 fnt
|faint|p2a: Spaghetti Too
|
|-weather|RainDance|[upkeep]
|upkeep
|
|t:|1781223654
|switch|p2a: ExSkewda Me|Barraskewda, F|100/100
|turn|5
|
|t:|1781223664
|switch|p1a: Hydrapple|Hydrapple, F|100/100
|move|p2a: ExSkewda Me|Liquidation|p1a: Hydrapple
|-resisted|p1a: Hydrapple
|-damage|p1a: Hydrapple|85/100
|-unboost|p1a: Hydrapple|def|1
|-enditem|p1a: Hydrapple|Eject Pack
|
|t:|1781223667
|switch|p1a: Tyranitar|Tyranitar, F|100/100
|-weather|Sandstorm|[from] ability: Sand Stream|[of] p1a: Tyranitar
|
|-weather|Sandstorm|[upkeep]
|-damage|p2a: ExSkewda Me|94/100|[from] Sandstorm
|upkeep
|turn|6
|
|t:|1781223671
|move|p2a: ExSkewda Me|Close Combat|p1a: Tyranitar
|-supereffective|p1a: Tyranitar
|-damage|p1a: Tyranitar|0 fnt
|-unboost|p2a: ExSkewda Me|def|1
|-unboost|p2a: ExSkewda Me|spd|1
|faint|p1a: Tyranitar
|
|-weather|Sandstorm|[upkeep]
|-damage|p2a: ExSkewda Me|88/100|[from] Sandstorm
|upkeep
|
|t:|1781223678
|switch|p1a: Hydrapple|Hydrapple, F|100/100
|turn|7
|
|t:|1781223682
|-terastallize|p2a: ExSkewda Me|Poison
|move|p2a: ExSkewda Me|Poison Jab|p1a: Hydrapple
|-supereffective|p1a: Hydrapple
|-damage|p1a: Hydrapple|34/100
|move|p1a: Hydrapple|Giga Drain|p2a: ExSkewda Me
|-resisted|p2a: ExSkewda Me
|-damage|p2a: ExSkewda Me|27/100
|-heal|p1a: Hydrapple|53/100|[from] drain|[of] p2a: ExSkewda Me
|
|-weather|Sandstorm|[upkeep]
|-damage|p2a: ExSkewda Me|21/100|[from] Sandstorm
|-damage|p1a: Hydrapple|47/100|[from] Sandstorm
|upkeep
|turn|8
|
|t:|1781223691
|switch|p1a: Houndstone|Houndstone, M|58/100
|move|p2a: ExSkewda Me|Flip Turn|p1a: Houndstone
|-damage|p1a: Houndstone|9/100
|
|t:|1781223697
|switch|p2a: Ghoti carrier|Pelipper, L99, F|48/100|[from] Flip Turn
|-weather|RainDance|[from] ability: Drizzle|[of] p2a: Ghoti carrier
|
|-weather|RainDance|[upkeep]
|upkeep
|turn|9
|j| Puyu paz
|
|t:|1781223723
|move|p1a: Houndstone|Poltergeist|p2a: Ghoti carrier
|-activate|p2a: Ghoti carrier|move: Poltergeist|Damp Rock
|-damage|p2a: Ghoti carrier|0 fnt
|faint|p2a: Ghoti carrier
|
|-weather|RainDance|[upkeep]
|upkeep
|
|t:|1781223728
|switch|p2a: Really want eject|Pawmot, F|100/100
|turn|10
|
|t:|1781223749
|move|p2a: Really want eject|Revival Blessing|p2a: Really want eject
|-enditem|p2a: Really want eject|Leppa Berry|[eat]
|-activate|p2a: Really want eject|item: Leppa Berry|Revival Blessing|[consumed]
|inactive|Battle timer is ON: inactive players will automatically lose when time's up. (requested by Rin1604)
|
|t:|1781223753
|-heal|p2: Ghoti carrier|50/100|[from] move: Revival Blessing
|move|p1a: Houndstone|Poltergeist||[still]
|-fail|p1a: Houndstone
|
|-weather|RainDance|[upkeep]
|upkeep
|turn|11
|
|t:|1781223759
|switch|p1a: Hydrapple|Hydrapple, F|80/100
|move|p2a: Really want eject|Nuzzle|p1a: Hydrapple
|-resisted|p1a: Hydrapple
|-damage|p1a: Hydrapple|79/100
|-status|p1a: Hydrapple|par
|
|-weather|RainDance|[upkeep]
|upkeep
|turn|12
|
|t:|1781223770
|move|p2a: Really want eject|Revival Blessing|p2a: Really want eject
|
|t:|1781223772
|-heal|p2: Spaghetti Too|50/100|[from] move: Revival Blessing
|move|p1a: Hydrapple|Giga Drain|p2a: Really want eject
|-damage|p2a: Really want eject|43/100
|-heal|p1a: Hydrapple|100/100 par|[from] drain|[of] p2a: Really want eject
|
|-weather|RainDance|[upkeep]
|upkeep
|turn|13
|
|t:|1781223785
|switch|p2a: Spaghetti Too|Tentacruel, F|50/100
|move|p1a: Hydrapple|Giga Drain|p2a: Spaghetti Too
|-damage|p2a: Spaghetti Too|36/100
|
|-weather|RainDance|[upkeep]
|-heal|p2a: Spaghetti Too|42/100|[from] ability: Rain Dish
|upkeep
|turn|14
|
|t:|1781223813
|move|p2a: Spaghetti Too|Flip Turn|p1a: Hydrapple
|-resisted|p1a: Hydrapple
|-damage|p1a: Hydrapple|97/100 par
|
|t:|1781223827
|switch|p2a: ExSkewda Me|Barraskewda, F, tera:Poison|21/100|[from] Flip Turn
|cant|p1a: Hydrapple|par
|
|-weather|RainDance|[upkeep]
|upkeep
|turn|15
|
|t:|1781223837
|move|p2a: ExSkewda Me|Poison Jab|p1a: Hydrapple
|-supereffective|p1a: Hydrapple
|-damage|p1a: Hydrapple|37/100 par
|move|p1a: Hydrapple|Draco Meteor|p2a: ExSkewda Me
|-damage|p2a: ExSkewda Me|0 fnt
|-unboost|p1a: Hydrapple|spa|2
|faint|p2a: ExSkewda Me
|
|-weather|none
|upkeep
|
|t:|1781223841
|switch|p2a: Seaking Duck|Golduck, M|79/100
|turn|16
|
|t:|1781223849
|switch|p2a: Ghoti carrier|Pelipper, L99, F|50/100
|-weather|RainDance|[from] ability: Drizzle|[of] p2a: Ghoti carrier
|switch|p1a: Excadrill|Excadrill, M|100/100
|
|-weather|RainDance|[upkeep]
|upkeep
|turn|17
|
|t:|1781223858
|move|p1a: Excadrill|Rock Slide|p2a: Ghoti carrier
|-supereffective|p2a: Ghoti carrier
|-damage|p2a: Ghoti carrier|5/100
|cant|p2a: Ghoti carrier|flinch
|
|-weather|RainDance|[upkeep]
|upkeep
|turn|18
|inactive|rrbrru has 120 seconds left.
|
|t:|1781223895
|switch|p2a: Really want eject|Pawmot, F|43/100
|move|p1a: Excadrill|Rapid Spin|p2a: Really want eject
|-damage|p2a: Really want eject|15/100
|-boost|p1a: Excadrill|spe|1
|
|-weather|RainDance|[upkeep]
|upkeep
|turn|19
|
|t:|1781223909
|move|p1a: Excadrill|Rapid Spin|p2a: Really want eject
|-damage|p2a: Really want eject|0 fnt
|-boost|p1a: Excadrill|spe|1
|faint|p2a: Really want eject
|
|-weather|RainDance|[upkeep]
|upkeep
|l|☆Rin1604
|inactive|Rin1604 disconnected and has a minute to reconnect!
|player|p2|
|l| Puyu paz
|j|☆Rin1604
|inactive|Rin1604 reconnected and has 125 seconds left.
|player|p2|Rin1604|miku-ghost|
|inactive|Rin1604 has 120 seconds left.
|
|t:|1781223942
|switch|p2a: Great Neck|Raging Bolt|100/100
|turn|20
|inactive|Rin1604 has 120 seconds left.
|
|t:|1781223954
|-end|p2a: Great Neck|Protosynthesis|[silent]
|switch|p2a: Spaghetti Too|Tentacruel, F|42/100
|-terastallize|p1a: Excadrill|Ground
|move|p1a: Excadrill|Earthquake|p2a: Spaghetti Too
|-supereffective|p2a: Spaghetti Too
|-damage|p2a: Spaghetti Too|0 fnt
|faint|p2a: Spaghetti Too
|
|-weather|RainDance|[upkeep]
|upkeep
|
|t:|1781223957
|switch|p2a: Seaking Duck|Golduck, M|79/100
|turn|21
|
|t:|1781223961
|move|p1a: Excadrill|Earthquake|p2a: Seaking Duck
|-damage|p2a: Seaking Duck|0 fnt
|faint|p2a: Seaking Duck
|
|-weather|RainDance|[upkeep]
|upkeep
|-message|Rin1604 forfeited.
|
|win|rrbrru
|raw|rrbrru's rating: 1509 &rarr; <strong>1531</strong><br />(+22 for winning)
|raw|Rin1604's rating: 1550 &rarr; <strong>1528</strong><br />(-22 for losing)
|l|‽rrbrru
|player|p1|
|l|☆Rin1604
|player|p2|
