|j|☆karakel
|j|☆icylikedecember
|t:|1781482110
|gametype|singles
|player|p1|karakel|cowgirl|1681
|player|p2|icylikedecember|smasher|1803
|gen|9
|tier|[Gen 9] OU
|rated|
|rule|HP Percentage Mod: HP is shown in percentages
|rule|Endless Battle Clause: Forcing endless battles is banned
|rule|Species Clause: Limit one of each Pokémon
|rule|OHKO Clause: OHKO moves are banned
|rule|Evasion Items Clause: Evasion items are banned
|rule|Evasion Moves Clause: Evasion moves are banned
|rule|Evasion Abilities Clause: Evasion abilities are banned
|rule|Sleep Moves Clause: Sleep-inducing moves are banned
|clearpoke
|poke|p1|Lilligant-Hisui, F|
|poke|p1|Ninetales, F|
|poke|p1|Great Tusk|
|poke|p1|Walking Wake|
|poke|p1|Cresselia, F|
|poke|p1|Cinderace, M|
|poke|p2|Corviknight, F|
|poke|p2|Slowking-Galar, F|
|poke|p2|Darkrai|
|poke|p2|Kyurem|
|poke|p2|Zamazenta-*|
|poke|p2|Crawdaunt, F|
|teampreview
|inactive|Battle timer is ON: inactive players will automatically lose when time's up. (requested by karakel)
|
|t:|1781482116
|teamsize|p1|6
|teamsize|p2|6
|start
|switch|p1a: Great Tusk|Great Tusk|100/100
|switch|p2a: Kyurem|Kyurem|100/100
|-ability|p2a: Kyurem|Pressure
|turn|1
|
|t:|1781482124
|-end|p1a: Great Tusk|Protosynthesis|[silent]
|switch|p1a: Ninetales|Ninetales, F|100/100
|-weather|SunnyDay|[from] ability: Drought|[of] p1a: Ninetales
|move|p2a: Kyurem|Ice Beam|p1a: Ninetales
|-resisted|p1a: Ninetales
|-damage|p1a: Ninetales|68/100
|
|-weather|SunnyDay|[upkeep]
|upkeep
|turn|2
|
|t:|1781482130
|switch|p1a: Great Tusk|Great Tusk|100/100
|-activate|p1a: Great Tusk|ability: Protosynthesis
|-start|p1a: Great Tusk|protosynthesisspe
|switch|p2a: Slowking|Slowking-Galar, F, shiny|100/100
|
|-weather|SunnyDay|[upkeep]
|upkeep
|turn|3
|
|t:|1781482139
|switch|p2a: Corviknight|Corviknight, F, shiny|100/100
|-ability|p2a: Corviknight|Pressure
|move|p1a: Great Tusk|Headlong Rush|p2a: Corviknight
|-immune|p2a: Corviknight
|
|-weather|SunnyDay|[upkeep]
|upkeep
|turn|4
|
|t:|1781482141
|-end|p1a: Great Tusk|Protosynthesis|[silent]
|switch|p1a: Cresselia|Cresselia, F|100/100
|move|p2a: Corviknight|Brave Bird|p1a: Cresselia
|-damage|p1a: Cresselia|79/100
|-damage|p2a: Corviknight|93/100|[from] Recoil
|-enditem|p1a: Cresselia|Eject Button
|
|t:|1781482144
|switch|p1a: Walking Wake|Walking Wake|100/100
|-activate|p1a: Walking Wake|ability: Protosynthesis
|-start|p1a: Walking Wake|protosynthesisspa
|
|-weather|SunnyDay|[upkeep]
|upkeep
|turn|5
|
|t:|1781482155
|switch|p2a: Crawdaunt|Crawdaunt, F|100/100
|move|p1a: Walking Wake|Weather Ball|p2a: Crawdaunt
|-resisted|p2a: Crawdaunt
|-damage|p2a: Crawdaunt|0 fnt
|faint|p2a: Crawdaunt
|
|-weather|SunnyDay|[upkeep]
|upkeep
|
|t:|1781482161
|switch|p2a: Slowking|Slowking-Galar, F, shiny|100/100
|turn|6
|
|t:|1781482163
|move|p1a: Walking Wake|Weather Ball|p2a: Slowking
|-damage|p2a: Slowking|51/100
|move|p2a: Slowking|Sludge Bomb|p1a: Walking Wake
|-damage|p1a: Walking Wake|53/100
|
|-weather|SunnyDay|[upkeep]
|upkeep
|turn|7
|
|t:|1781482172
|move|p1a: Walking Wake|Weather Ball|p2a: Slowking
|-damage|p2a: Slowking|0 fnt
|faint|p2a: Slowking
|
|-weather|SunnyDay|[upkeep]
|upkeep
|
|t:|1781482177
|switch|p2a: Darkrai|Darkrai|100/100
|turn|8
|
|t:|1781482187
|-end|p1a: Walking Wake|Protosynthesis|[silent]
|switch|p1a: Cinderace|Cinderace, M|100/100
|move|p2a: Darkrai|Ice Beam|p1a: Cinderace
|-resisted|p1a: Cinderace
|-damage|p1a: Cinderace|78/100
|
|-weather|none
|upkeep
|turn|9
|
|t:|1781482205
|-terastallize|p2a: Darkrai|Poison
|move|p1a: Cinderace|U-turn|p2a: Darkrai
|-start|p1a: Cinderace|typechange|Bug|[from] ability: Libero
|-resisted|p2a: Darkrai
|-damage|p2a: Darkrai|79/100
|
|t:|1781482217
|switch|p1a: Lilligant|Lilligant-Hisui, F|100/100|[from] U-turn
|move|p2a: Darkrai|Sludge Bomb|p1a: Lilligant
|-supereffective|p1a: Lilligant
|-damage|p1a: Lilligant|0 fnt
|faint|p1a: Lilligant
|
|upkeep
|
|t:|1781482219
|switch|p1a: Ninetales|Ninetales, F|68/100
|-weather|SunnyDay|[from] ability: Drought|[of] p1a: Ninetales
|turn|10
|
|t:|1781482226
|switch|p1a: Cinderace|Cinderace, M|78/100
|move|p2a: Darkrai|Sludge Bomb|p1a: Cinderace
|-damage|p1a: Cinderace|8/100
|
|-weather|SunnyDay|[upkeep]
|upkeep
|turn|11
|
|t:|1781482231
|move|p1a: Cinderace|Pyro Ball|p2a: Darkrai
|-damage|p2a: Darkrai|0 fnt
|faint|p2a: Darkrai
|
|-weather|SunnyDay|[upkeep]
|upkeep
|
|t:|1781482240
|switch|p2a: Zamazenta|Zamazenta|100/100
|-ability|p2a: Zamazenta|Dauntless Shield|boost
|-boost|p2a: Zamazenta|def|1
|turn|12
|
|t:|1781482242
|switch|p1a: Cresselia|Cresselia, F|79/100
|move|p2a: Zamazenta|Crunch|p1a: Cresselia
|-supereffective|p1a: Cresselia
|-damage|p1a: Cresselia|53/100
|
|-weather|SunnyDay|[upkeep]
|upkeep
|turn|13
|
|t:|1781482250
|switch|p2a: Corviknight|Corviknight, F, shiny|93/100
|-ability|p2a: Corviknight|Pressure
|move|p1a: Cresselia|Thunder Wave|p2a: Corviknight
|-status|p2a: Corviknight|par
|
|-weather|SunnyDay|[upkeep]
|upkeep
|turn|14
|
|t:|1781482255
|move|p1a: Cresselia|Moonlight|p1a: Cresselia
|-heal|p1a: Cresselia|100/100
|move|p2a: Corviknight|U-turn|p1a: Cresselia
|-supereffective|p1a: Cresselia
|-damage|p1a: Cresselia|83/100
|
|t:|1781482260
|switch|p2a: Kyurem|Kyurem|100/100|[from] U-turn
|-ability|p2a: Kyurem|Pressure
|
|-weather|SunnyDay|[upkeep]
|upkeep
|turn|15
|
|t:|1781482263
|move|p2a: Kyurem|Draco Meteor|p1a: Cresselia
|-damage|p1a: Cresselia|21/100
|-unboost|p2a: Kyurem|spa|2
|move|p1a: Cresselia|Thunder Wave|p2a: Kyurem
|-status|p2a: Kyurem|par
|
|-weather|SunnyDay|[upkeep]
|upkeep
|turn|16
|-message|icylikedecember forfeited.
|
|win|karakel
|raw|karakel's rating: 1681 &rarr; <strong>1708</strong><br />(+27 for winning)
|raw|icylikedecember's rating: 1803 &rarr; <strong>1776</strong><br />(-27 for losing)
|l|☆icylikedecember
|player|p2|
|l|☆karakel
|player|p1|
