|j|☆thatguytnomas
|j|☆mythiixx
|t:|1781549288
|gametype|singles
|player|p1|thatguytnomas|ingo-hisui|1528
|player|p2|mythiixx|valerie|1671
|gen|9
|tier|[Gen 9] OU
|rated|
|rule|HP Percentage Mod: HP is shown in percentages
|rule|Endless Battle Clause: Forcing endless battles is banned
|rule|Species Clause: Limit one of each Pokémon
|rule|OHKO Clause: OHKO moves are banned
|rule|Evasion Items Clause: Evasion items are banned
|rule|Evasion Moves Clause: Evasion moves are banned
|rule|Evasion Abilities Clause: Evasion abilities are banned
|rule|Sleep Moves Clause: Sleep-inducing moves are banned
|clearpoke
|poke|p1|Meowscarada, F|
|poke|p1|Raging Bolt|
|poke|p1|Great Tusk|
|poke|p1|Slowking-Galar, F|
|poke|p1|Dragonite, F|
|poke|p1|Corviknight, F|
|poke|p2|Indeedee, M|
|poke|p2|Armarouge, F|
|poke|p2|Polteageist|
|poke|p2|Hawlucha, M|
|poke|p2|Hatterene, F|
|poke|p2|Deoxys-Speed|
|teampreview
|
|t:|1781549304
|teamsize|p1|6
|teamsize|p2|6
|start
|switch|p1a: Meowscarada|Meowscarada, F|100/100
|switch|p2a: Indeedee|Indeedee, M|100/100
|-fieldstart|move: Psychic Terrain|[from] ability: Psychic Surge|[of] p2a: Indeedee
|turn|1
|c|☆thatguytnomas|glhf
|
|t:|1781549324
|switch|p2a: Hawlucha|Hawlucha, M|100/100
|-enditem|p2a: Hawlucha|Psychic Seed
|-boost|p2a: Hawlucha|spd|1|[from] item: Psychic Seed
|move|p1a: Meowscarada|Knock Off|p2a: Hawlucha
|-start|p1a: Meowscarada|typechange|Dark|[from] ability: Protean
|-resisted|p2a: Hawlucha
|-crit|p2a: Hawlucha
|-damage|p2a: Hawlucha|54/100
|
|upkeep
|turn|2
|
|t:|1781549335
|switch|p1a: Corviknight|Corviknight, F|100/100
|-ability|p1a: Corviknight|Pressure
|move|p2a: Hawlucha|Swords Dance|p2a: Hawlucha
|-boost|p2a: Hawlucha|atk|2
|
|upkeep
|turn|3
|
|t:|1781549342
|move|p2a: Hawlucha|Drain Punch|p1a: Corviknight
|-damage|p1a: Corviknight|61/100
|-heal|p2a: Hawlucha|80/100|[from] drain|[of] p1a: Corviknight
|-damage|p2a: Hawlucha|64/100|[from] item: Rocky Helmet|[of] p1a: Corviknight
|move|p1a: Corviknight|Brave Bird|p2a: Hawlucha
|-supereffective|p2a: Hawlucha
|-damage|p2a: Hawlucha|0 fnt
|faint|p2a: Hawlucha
|-damage|p1a: Corviknight|46/100|[from] Recoil
|
|upkeep
|
|t:|1781549349
|switch|p2a: Armarouge|Armarouge, F|100/100
|turn|4
|
|t:|1781549384
|switch|p1a: Slowking|Slowking-Galar, F|100/100
|move|p2a: Armarouge|Meteor Beam||[still]
|-prepare|p2a: Armarouge|Meteor Beam
|-boost|p2a: Armarouge|spa|1
|-enditem|p2a: Armarouge|Power Herb
|-anim|p2a: Armarouge|Meteor Beam|p1a: Slowking
|-damage|p1a: Slowking|59/100
|
|-heal|p1a: Slowking|65/100|[from] item: Black Sludge
|upkeep
|turn|5
|
|t:|1781549412
|switch|p1a: BanDragonitePLEASE|Dragonite, F|100/100
|move|p2a: Armarouge|Expanding Force|p1a: BanDragonitePLEASE
|-damage|p1a: BanDragonitePLEASE|34/100
|
|upkeep
|turn|6
|
|t:|1781549429
|-terastallize|p1a: BanDragonitePLEASE|Ground
|move|p1a: BanDragonitePLEASE|Earthquake|p2a: Armarouge
|-supereffective|p2a: Armarouge
|-damage|p2a: Armarouge|0 fnt
|faint|p2a: Armarouge
|
|upkeep
|
|t:|1781549433
|switch|p2a: Polteageist|Polteageist|100/100
|turn|7
|
|t:|1781549443
|move|p1a: BanDragonitePLEASE|Earthquake|p2a: Polteageist
|-enditem|p2a: Polteageist|Focus Sash
|-damage|p2a: Polteageist|1/100
|-ability|p2a: Polteageist|Weak Armor|boost
|-unboost|p2a: Polteageist|def|1
|-boost|p2a: Polteageist|spe|2
|move|p2a: Polteageist|Shell Smash|p2a: Polteageist
|-unboost|p2a: Polteageist|def|1
|-unboost|p2a: Polteageist|spd|1
|-boost|p2a: Polteageist|atk|2
|-boost|p2a: Polteageist|spa|2
|-boost|p2a: Polteageist|spe|2
|
|upkeep
|turn|8
|
|t:|1781549459
|switch|p1a: Corviknight|Corviknight, F|46/100
|-ability|p1a: Corviknight|Pressure
|move|p2a: Polteageist|Shadow Ball|p1a: Corviknight
|-damage|p1a: Corviknight|0 fnt
|faint|p1a: Corviknight
|
|-fieldend|move: Psychic Terrain
|upkeep
|
|t:|1781549473
|switch|p1a: Meowscarada|Meowscarada, F|100/100
|turn|9
|
|t:|1781549481
|move|p2a: Polteageist|Shadow Ball|p1a: Meowscarada
|-resisted|p1a: Meowscarada
|-damage|p1a: Meowscarada|28/100
|move|p1a: Meowscarada|U-turn|p2a: Polteageist
|-start|p1a: Meowscarada|typechange|Bug|[from] ability: Protean
|-resisted|p2a: Polteageist
|-damage|p2a: Polteageist|0 fnt
|faint|p2a: Polteageist
|
|t:|1781549489
|switch|p1a: Slowking|Slowking-Galar, F|98/100|[from] U-turn
|
|-heal|p1a: Slowking|100/100|[from] item: Black Sludge
|upkeep
|
|t:|1781549495
|switch|p2a: Indeedee|Indeedee, M|100/100
|-fieldstart|move: Psychic Terrain|[from] ability: Psychic Surge|[of] p2a: Indeedee
|turn|10
|
|t:|1781549501
|move|p2a: Indeedee|Healing Wish|p2a: Indeedee
|faint|p2a: Indeedee
|move|p1a: Slowking|Trick|p2: Indeedee|[notarget]
|-fail|p1a: Slowking
|
|upkeep
|
|t:|1781549505
|switch|p2a: Deoxys|Deoxys-Speed|100/100
|-ability|p2a: Deoxys|Pressure
|turn|11
|
|t:|1781549529
|move|p2a: Deoxys|Nasty Plot|p2a: Deoxys
|-boost|p2a: Deoxys|spa|2
|move|p1a: Slowking|Sludge Bomb|p2a: Deoxys
|-damage|p2a: Deoxys|52/100
|
|upkeep
|turn|12
|
|t:|1781549590
|switch|p1a: Great Tusk|Great Tusk|100/100
|-terastallize|p2a: Deoxys|Psychic
|move|p2a: Deoxys|Expanding Force|p1a: Great Tusk
|-supereffective|p1a: Great Tusk
|-damage|p1a: Great Tusk|0 fnt
|faint|p1a: Great Tusk
|-end|p1a: Great Tusk|Protosynthesis|[silent]
|-damage|p2a: Deoxys|42/100|[from] item: Life Orb
|
|upkeep
|
|t:|1781549626
|switch|p1a: Slowking|Slowking-Galar, F|100/100
|turn|13
|
|t:|1781549632
|switch|p1a: Meowscarada|Meowscarada, F|28/100
|move|p2a: Deoxys|Expanding Force|p1a: Meowscarada
|-immune|p1a: Meowscarada
|
|upkeep
|turn|14
|
|t:|1781549673
|switch|p1a: Slowking|Slowking-Galar, F|100/100
|move|p2a: Deoxys|Dark Pulse|p1a: Slowking
|-supereffective|p1a: Slowking
|-damage|p1a: Slowking|36/100
|-damage|p2a: Deoxys|32/100|[from] item: Life Orb
|
|-heal|p1a: Slowking|42/100|[from] item: Black Sludge
|upkeep
|turn|15
|j| MysticalStorm
|l| MysticalStorm
|
|t:|1781549745
|move|p2a: Deoxys|Expanding Force|p1a: Slowking
|-damage|p1a: Slowking|0 fnt
|faint|p1a: Slowking
|-damage|p2a: Deoxys|22/100|[from] item: Life Orb
|
|upkeep
|
|t:|1781549762
|switch|p1a: Meowscarada|Meowscarada, F|28/100
|turn|16
|
|t:|1781549771
|move|p2a: Deoxys|Dark Pulse|p1a: Meowscarada
|-resisted|p1a: Meowscarada
|-damage|p1a: Meowscarada|0 fnt
|faint|p1a: Meowscarada
|-damage|p2a: Deoxys|12/100|[from] item: Life Orb
|
|upkeep
|
|t:|1781549824
|switch|p1a: Raging Bolt|Raging Bolt|100/100
|turn|17
|
|t:|1781549829
|move|p2a: Deoxys|Expanding Force|p1a: Raging Bolt
|-damage|p1a: Raging Bolt|0 fnt
|faint|p1a: Raging Bolt
|-end|p1a: Raging Bolt|Protosynthesis|[silent]
|-damage|p2a: Deoxys|3/100|[from] item: Life Orb
|
|-fieldend|move: Psychic Terrain
|upkeep
|
|t:|1781549831
|switch|p1a: BanDragonitePLEASE|Dragonite, F, tera:Ground|34/100
|turn|18
|
|t:|1781549833
|switch|p2a: Hatterene|Hatterene, F|100/100
|move|p1a: BanDragonitePLEASE|Extreme Speed|p2a: Hatterene
|-damage|p2a: Hatterene|78/100
|-enditem|p2a: Hatterene|Eject Button
|
|t:|1781549840
|switch|p2a: Deoxys|Deoxys-Speed, tera:Psychic|3/100
|-heal|p2a: Deoxys|100/100|[from] move: Healing Wish
|-ability|p2a: Deoxys|Pressure
|
|upkeep
|turn|19
|
|t:|1781549910
|move|p2a: Deoxys|Expanding Force|p1a: BanDragonitePLEASE
|-damage|p1a: BanDragonitePLEASE|0 fnt
|faint|p1a: BanDragonitePLEASE
|-damage|p2a: Deoxys|91/100|[from] item: Life Orb
|
|win|mythiixx
|raw|thatguytnomas's rating: 1528 &rarr; <strong>1516</strong><br />(-12 for losing)
|raw|mythiixx's rating: 1671 &rarr; <strong>1683</strong><br />(+12 for winning)
|c|☆thatguytnomas|gg
