|j|☆Quadfxther
|j|☆CMHERSOM
|t:|1780965505
|gametype|singles
|player|p1|Quadfxther|miku-water|1557
|player|p2|CMHERSOM|hiker-gen4|1573
|gen|9
|tier|[Gen 9] OU
|rated|
|rule|HP Percentage Mod: HP is shown in percentages
|rule|Endless Battle Clause: Forcing endless battles is banned
|rule|Species Clause: Limit one of each Pokémon
|rule|OHKO Clause: OHKO moves are banned
|rule|Evasion Items Clause: Evasion items are banned
|rule|Evasion Moves Clause: Evasion moves are banned
|rule|Evasion Abilities Clause: Evasion abilities are banned
|rule|Sleep Moves Clause: Sleep-inducing moves are banned
|clearpoke
|poke|p1|Ting-Lu|
|poke|p1|Gliscor, M|
|poke|p1|Sinistcha-Masterpiece|
|poke|p1|Keldeo|
|poke|p1|Tinkaton, F|
|poke|p1|Dragonite, F|
|poke|p2|Regidrago|
|poke|p2|Kyurem|
|poke|p2|Grimmsnarl, M|
|poke|p2|Dragonite, F|
|poke|p2|Great Tusk|
|poke|p2|Pecharunt|
|teampreview
|inactive|Battle timer is ON: inactive players will automatically lose when time's up. (requested by Quadfxther)
|inactive|CMHERSOM has 120 seconds left.
|inactive|CMHERSOM has 90 seconds left.
|
|t:|1780965571
|teamsize|p1|6
|teamsize|p2|6
|start
|switch|p1a: Tinkaton|Tinkaton, F|100/100
|switch|p2a: Kyurem|Kyurem|100/100
|-ability|p1a: Tinkaton|Mold Breaker
|-item|p1a: Tinkaton|Air Balloon
|-ability|p2a: Kyurem|Pressure
|turn|1
|j| Nyrkry
|l| Nyrkry
|
|t:|1780965600
|switch|p2a: Pecharunt|Pecharunt|100/100
|move|p1a: Tinkaton|Stealth Rock|p2a: Pecharunt
|-sidestart|p2: CMHERSOM|move: Stealth Rock
|
|upkeep
|turn|2
|
|t:|1780965605
|move|p1a: Tinkaton|Thunder Wave|p2a: Pecharunt
|-status|p2a: Pecharunt|par
|move|p2a: Pecharunt|Shadow Ball|p1a: Tinkaton
|-damage|p1a: Tinkaton|79/100
|-enditem|p1a: Tinkaton|Air Balloon
|
|upkeep
|turn|3
|
|t:|1780965623
|switch|p1a: Ting-Lu|Ting-Lu|100/100
|-ability|p1a: Ting-Lu|Vessel of Ruin
|move|p2a: Pecharunt|Shadow Ball|p1a: Ting-Lu
|-resisted|p1a: Ting-Lu
|-damage|p1a: Ting-Lu|95/100
|
|-heal|p1a: Ting-Lu|100/100|[from] item: Leftovers
|upkeep
|turn|4
|
|t:|1780965633
|move|p2a: Pecharunt|Malignant Chain|p1a: Ting-Lu
|-resisted|p1a: Ting-Lu
|-damage|p1a: Ting-Lu|93/100
|-status|p1a: Ting-Lu|tox
|-start|p1a: Ting-Lu|confusion|[from] ability: Poison Puppeteer|[of] p2a: Pecharunt
|-activate|p1a: Ting-Lu|confusion
|-damage|p1a: Ting-Lu|88/100 tox|[from] confusion
|
|-heal|p1a: Ting-Lu|94/100 tox|[from] item: Leftovers
|-damage|p1a: Ting-Lu|88/100 tox|[from] psn
|upkeep
|turn|5
|
|t:|1780965650
|switch|p2a: Grimmsnarl|Grimmsnarl, M|100/100
|-damage|p2a: Grimmsnarl|88/100|[from] Stealth Rock
|switch|p1a: Tinkaton|Tinkaton, F|79/100
|-ability|p1a: Tinkaton|Mold Breaker
|
|upkeep
|turn|6
|
|t:|1780965658
|move|p2a: Grimmsnarl|Parting Shot|p1a: Tinkaton
|-unboost|p1a: Tinkaton|atk|1
|-unboost|p1a: Tinkaton|spa|1
|
|t:|1780965680
|switch|p2a: Great Tusk|Great Tusk|100/100|[from] Parting Shot
|-damage|p2a: Great Tusk|97/100|[from] Stealth Rock
|-enditem|p2a: Great Tusk|Booster Energy
|-activate|p2a: Great Tusk|ability: Protosynthesis|[fromitem]
|-start|p2a: Great Tusk|protosynthesisspe
|move|p1a: Tinkaton|Gigaton Hammer|p2a: Great Tusk
|-damage|p2a: Great Tusk|80/100
|
|upkeep
|turn|7
|
|t:|1780965689
|switch|p1a: Sinistcha|Sinistcha-Masterpiece|100/100
|move|p2a: Great Tusk|Ice Spinner|p1a: Sinistcha
|-supereffective|p1a: Sinistcha
|-damage|p1a: Sinistcha|69/100
|
|upkeep
|turn|8
|
|t:|1780965695
|move|p2a: Great Tusk|Stealth Rock|p1a: Sinistcha
|-sidestart|p1: Quadfxther|move: Stealth Rock
|move|p1a: Sinistcha|Strength Sap|p2a: Great Tusk
|-unboost|p2a: Great Tusk|atk|1
|-heal|p1a: Sinistcha|100/100
|
|upkeep
|turn|9
|
|t:|1780965701
|-end|p2a: Great Tusk|Protosynthesis|[silent]
|switch|p2a: Pecharunt|Pecharunt|100/100 par
|-damage|p2a: Pecharunt|88/100 par|[from] Stealth Rock
|move|p1a: Sinistcha|Matcha Gotcha|p2a: Pecharunt
|-resisted|p2a: Pecharunt
|-damage|p2a: Pecharunt|71/100 par
|
|-heal|p2a: Pecharunt|77/100 par|[from] item: Leftovers
|upkeep
|turn|10
|
|t:|1780965715
|move|p1a: Sinistcha|Shadow Ball|p2a: Pecharunt
|-supereffective|p2a: Pecharunt
|-damage|p2a: Pecharunt|9/100 par
|move|p2a: Pecharunt|Malignant Chain|p1a: Sinistcha
|-damage|p1a: Sinistcha|60/100
|
|-heal|p2a: Pecharunt|15/100 par|[from] item: Leftovers
|upkeep
|turn|11
|
|t:|1780965721
|move|p1a: Sinistcha|Shadow Ball|p2a: Pecharunt
|-supereffective|p2a: Pecharunt
|-damage|p2a: Pecharunt|0 fnt
|faint|p2a: Pecharunt
|
|upkeep
|
|t:|1780965725
|switch|p2a: Kyurem|Kyurem|100/100
|-damage|p2a: Kyurem|76/100|[from] Stealth Rock
|-ability|p2a: Kyurem|Pressure
|turn|12
|
|t:|1780965735
|move|p2a: Kyurem|Icicle Spear|p1a: Sinistcha
|-supereffective|p1a: Sinistcha
|-damage|p1a: Sinistcha|41/100
|-supereffective|p1a: Sinistcha
|-damage|p1a: Sinistcha|20/100
|-supereffective|p1a: Sinistcha
|-damage|p1a: Sinistcha|0 fnt
|faint|p1a: Sinistcha
|-hitcount|p1: Sinistcha|3
|
|upkeep
|
|t:|1780965747
|switch|p1a: Keldeo|Keldeo|100/100
|turn|13
|inactive|CMHERSOM has 120 seconds left.
|
|t:|1780965791
|move|p1a: Keldeo|Aura Sphere|p2a: Kyurem
|-supereffective|p2a: Kyurem
|-damage|p2a: Kyurem|0 fnt
|faint|p2a: Kyurem
|
|upkeep
|
|t:|1780965793
|switch|p2a: Grimmsnarl|Grimmsnarl, M|88/100
|-damage|p2a: Grimmsnarl|76/100|[from] Stealth Rock
|turn|14
|
|t:|1780965797
|move|p1a: Keldeo|Flip Turn|p2a: Grimmsnarl
|-damage|p2a: Grimmsnarl|59/100
|
|t:|1780965799
|switch|p1a: Tinkaton|Tinkaton, F|79/100|[from] Flip Turn
|-damage|p1a: Tinkaton|73/100|[from] Stealth Rock
|-ability|p1a: Tinkaton|Mold Breaker
|move|p2a: Grimmsnarl|Spirit Break|p1a: Tinkaton
|-resisted|p1a: Tinkaton
|-damage|p1a: Tinkaton|55/100
|-unboost|p1a: Tinkaton|spa|1
|
|upkeep
|turn|15
|inactive|CMHERSOM has 120 seconds left.
|
|t:|1780965826
|move|p2a: Grimmsnarl|Reflect|p2a: Grimmsnarl
|-sidestart|p2: CMHERSOM|Reflect
|move|p1a: Tinkaton|Gigaton Hammer|p2a: Grimmsnarl
|-supereffective|p2a: Grimmsnarl
|-damage|p2a: Grimmsnarl|7/100
|
|upkeep
|turn|16
|
|t:|1780965836
|move|p2a: Grimmsnarl|Light Screen|p2a: Grimmsnarl
|-sidestart|p2: CMHERSOM|move: Light Screen
|move|p1a: Tinkaton|Thunder Wave|p2a: Grimmsnarl
|-status|p2a: Grimmsnarl|par
|
|upkeep
|turn|17
|inactive|CMHERSOM has 120 seconds left.
|
|t:|1780965864
|move|p2a: Grimmsnarl|Parting Shot|p1a: Tinkaton
|-unboost|p1a: Tinkaton|atk|1
|-unboost|p1a: Tinkaton|spa|1
|
|t:|1780965865
|switch|p2a: Great Tusk|Great Tusk|80/100|[from] Parting Shot
|-damage|p2a: Great Tusk|77/100|[from] Stealth Rock
|move|p1a: Tinkaton|Gigaton Hammer|p2a: Great Tusk
|-damage|p2a: Great Tusk|68/100
|
|upkeep
|turn|18
|
|t:|1780965874
|move|p1a: Tinkaton|Thunder Wave|p2a: Great Tusk
|-immune|p2a: Great Tusk
|move|p2a: Great Tusk|Rapid Spin|p1a: Tinkaton
|-resisted|p1a: Tinkaton
|-damage|p1a: Tinkaton|47/100
|-boost|p2a: Great Tusk|spe|1
|-sideend|p2: CMHERSOM|Stealth Rock|[from] move: Rapid Spin|[of] p2a: Great Tusk
|
|upkeep
|turn|19
|
|t:|1780965889
|move|p2a: Great Tusk|Headlong Rush|p1a: Tinkaton
|-supereffective|p1a: Tinkaton
|-damage|p1a: Tinkaton|0 fnt
|-unboost|p2a: Great Tusk|def|1
|-unboost|p2a: Great Tusk|spd|1
|faint|p1a: Tinkaton
|
|upkeep
|
|t:|1780965900
|switch|p1a: Keldeo|Keldeo|100/100
|turn|20
|
|t:|1780965909
|move|p2a: Great Tusk|Headlong Rush|p1a: Keldeo
|-damage|p1a: Keldeo|39/100
|-unboost|p2a: Great Tusk|def|1
|-unboost|p2a: Great Tusk|spd|1
|move|p1a: Keldeo|Surf|p2a: Great Tusk
|-supereffective|p2a: Great Tusk
|-damage|p2a: Great Tusk|0 fnt
|faint|p2a: Great Tusk
|-end|p2a: Great Tusk|Protosynthesis|[silent]
|
|upkeep
|
|t:|1780965913
|switch|p2a: Regidrago|Regidrago|100/100
|turn|21
|
|t:|1780965919
|move|p1a: Keldeo|Flip Turn|p2a: Regidrago
|-resisted|p2a: Regidrago
|-damage|p2a: Regidrago|97/100
|
|t:|1780965922
|switch|p1a: Ting-Lu|Ting-Lu|88/100 tox|[from] Flip Turn
|-damage|p1a: Ting-Lu|81/100 tox|[from] Stealth Rock
|-ability|p1a: Ting-Lu|Vessel of Ruin
|move|p2a: Regidrago|Dragon Dance|p2a: Regidrago
|-boost|p2a: Regidrago|atk|1
|-boost|p2a: Regidrago|spe|1
|
|-heal|p1a: Ting-Lu|88/100 tox|[from] item: Leftovers
|-damage|p1a: Ting-Lu|81/100 tox|[from] psn
|upkeep
|turn|22
|
|t:|1780965933
|-terastallize|p2a: Regidrago|Dragon
|move|p2a: Regidrago|Outrage|p1a: Ting-Lu
|-damage|p1a: Ting-Lu|0 fnt
|faint|p1a: Ting-Lu
|-damage|p2a: Regidrago|87/100|[from] item: Life Orb
|
|-sideend|p2: CMHERSOM|Reflect
|upkeep
|
|t:|1780965944
|switch|p1a: Dragonite|Dragonite, F|100/100
|turn|23
|
|t:|1780965955
|-terastallize|p1a: Dragonite|Normal
|move|p2a: Regidrago|Outrage|p1a: Dragonite|[from] lockedmove
|-damage|p1a: Dragonite|0 fnt
|faint|p1a: Dragonite
|-damage|p2a: Regidrago|77/100|[from] item: Life Orb
|
|-sideend|p2: CMHERSOM|move: Light Screen
|upkeep
|
|t:|1780965961
|switch|p1a: Gliscor|Gliscor, M|100/100
|-damage|p1a: Gliscor|88/100|[from] Stealth Rock
|turn|24
|
|t:|1780965964
|move|p1a: Gliscor|Protect|p1a: Gliscor
|-singleturn|p1a: Gliscor|Protect
|move|p2a: Regidrago|Outrage|p1a: Gliscor|[from] lockedmove
|-activate|p1a: Gliscor|move: Protect
|-start|p2a: Regidrago|confusion|[fatigue]
|
|-status|p1a: Gliscor|tox|[from] item: Toxic Orb
|upkeep
|turn|25
|
|t:|1780965970
|-activate|p2a: Regidrago|confusion
|move|p2a: Regidrago|Outrage|p1a: Gliscor
|-damage|p1a: Gliscor|0 fnt
|faint|p1a: Gliscor
|-damage|p2a: Regidrago|67/100|[from] item: Life Orb
|
|upkeep
|-message|Quadfxther forfeited.
|
|win|CMHERSOM
|raw|Quadfxther's rating: 1557 &rarr; <strong>1538</strong><br />(-19 for losing)
|raw|CMHERSOM's rating: 1573 &rarr; <strong>1592</strong><br />(+19 for winning)
|l|☆Quadfxther
|player|p1|
|l|☆CMHERSOM
|player|p2|
