|j|☆Pyroblaze212
|j|‽fleep vs floop
|t:|1781461929
|gametype|singles
|player|p1|Pyroblaze212|red|1608
|player|p2|fleep vs floop|1|1679
|gen|9
|tier|[Gen 9] OU
|rated|
|rule|HP Percentage Mod: HP is shown in percentages
|rule|Endless Battle Clause: Forcing endless battles is banned
|rule|Species Clause: Limit one of each Pokémon
|rule|OHKO Clause: OHKO moves are banned
|rule|Evasion Items Clause: Evasion items are banned
|rule|Evasion Moves Clause: Evasion moves are banned
|rule|Evasion Abilities Clause: Evasion abilities are banned
|rule|Sleep Moves Clause: Sleep-inducing moves are banned
|clearpoke
|poke|p1|Torkoal, M|
|poke|p1|Blaziken, M|
|poke|p1|Walking Wake|
|poke|p1|Hatterene, F|
|poke|p1|Great Tusk|
|poke|p1|Venusaur, F|
|poke|p2|Slowking-Galar, F|
|poke|p2|Chesnaught, F|
|poke|p2|Kyurem|
|poke|p2|Samurott-Hisui, M|
|poke|p2|Zapdos|
|poke|p2|Iron Treads|
|teampreview
|inactive|Battle timer is ON: inactive players will automatically lose when time's up. (requested by fleep vs floop)
|j| nesnot
|
|t:|1781461953
|teamsize|p1|6
|teamsize|p2|6
|start
|switch|p1a: Torkoal|Torkoal, M|100/100
|switch|p2a: Samurott|Samurott-Hisui, M|100/100
|-weather|SunnyDay|[from] ability: Drought|[of] p1a: Torkoal
|turn|1
|
|t:|1781461969
|switch|p1a: Great Tusk|Great Tusk|100/100
|-activate|p1a: Great Tusk|ability: Protosynthesis
|-start|p1a: Great Tusk|protosynthesisspe
|move|p2a: Samurott|Knock Off|p1a: Great Tusk
|-resisted|p1a: Great Tusk
|-damage|p1a: Great Tusk|90/100
|
|-weather|SunnyDay|[upkeep]
|upkeep
|turn|2
|
|t:|1781461986
|switch|p2a: Chesnaught|Chesnaught, F|100/100
|move|p1a: Great Tusk|Knock Off|p2a: Chesnaught
|-resisted|p2a: Chesnaught
|-damage|p2a: Chesnaught|93/100
|-damage|p1a: Great Tusk|73/100|[from] item: Rocky Helmet|[of] p2a: Chesnaught
|-enditem|p2a: Chesnaught|Rocky Helmet|[from] move: Knock Off|[of] p1a: Great Tusk
|
|-weather|SunnyDay|[upkeep]
|upkeep
|turn|3
|
|t:|1781462008
|-end|p1a: Great Tusk|Protosynthesis|[silent]
|switch|p1a: Torkoal|Torkoal, M|100/100
|switch|p2a: Slowking|Slowking-Galar, F|100/100
|
|-weather|SunnyDay|[upkeep]
|upkeep
|turn|4
|
|t:|1781462016
|move|p2a: Slowking|Future Sight|p1a: Torkoal
|-start|p2a: Slowking|move: Future Sight
|move|p1a: Torkoal|Stealth Rock|p2a: Slowking
|-sidestart|p2: fleep vs floop|move: Stealth Rock
|
|-weather|SunnyDay|[upkeep]
|upkeep
|turn|5
|inactive|Pyroblaze212 has 120 seconds left.
|
|t:|1781462038
|-prepare|p2a: Slowking|Chilly Reception|[premajor]
|move|p2a: Slowking|Chilly Reception|p2a: Slowking
|-weather|Snowscape
|
|t:|1781462040
|switch|p2a: Samurott|Samurott-Hisui, M|100/100|[from] Chilly Reception
|move|p1a: Torkoal|Lava Plume|p2a: Samurott
|-resisted|p2a: Samurott
|-damage|p2a: Samurott|84/100
|
|-weather|Snowscape|[upkeep]
|upkeep
|turn|6
|inactive|Pyroblaze212 has 120 seconds left.
|
|t:|1781462062
|switch|p1a: Great Tusk|Great Tusk|73/100
|-enditem|p1a: Great Tusk|Booster Energy
|-activate|p1a: Great Tusk|ability: Protosynthesis|[fromitem]
|-start|p1a: Great Tusk|protosynthesisspe
|move|p2a: Samurott|Ceaseless Edge|p1a: Great Tusk
|-resisted|p1a: Great Tusk
|-damage|p1a: Great Tusk|58/100
|-sidestart|p1: Pyroblaze212|Spikes
|
|-weather|Snowscape|[upkeep]
|-end|p1a: Great Tusk|move: Future Sight
|-supereffective|p1a: Great Tusk
|-damage|p1a: Great Tusk|0 fnt
|faint|p1a: Great Tusk
|-end|p1a: Great Tusk|Protosynthesis|[silent]
|upkeep
|
|t:|1781462079
|switch|p1a: Torkoal|Torkoal, M|100/100
|-damage|p1a: Torkoal|88/100|[from] Spikes
|-weather|SunnyDay|[from] ability: Drought|[of] p1a: Torkoal
|turn|7
|
|t:|1781462089
|move|p2a: Samurott|Ceaseless Edge|p1a: Torkoal
|-damage|p1a: Torkoal|60/100
|-sidestart|p1: Pyroblaze212|Spikes
|move|p1a: Torkoal|Rapid Spin|p2a: Samurott
|-damage|p2a: Samurott|70/100
|-boost|p1a: Torkoal|spe|1
|-sideend|p1: Pyroblaze212|Spikes|[from] move: Rapid Spin|[of] p1a: Torkoal
|
|-weather|SunnyDay|[upkeep]
|upkeep
|turn|8
|
|t:|1781462097
|switch|p1a: Hatterene|Hatterene, F|100/100
|move|p2a: Samurott|Knock Off|p1a: Hatterene
|-damage|p1a: Hatterene|37/100
|-enditem|p1a: Hatterene|Eject Button|[from] move: Knock Off|[of] p2a: Samurott
|
|-weather|SunnyDay|[upkeep]
|upkeep
|turn|9
|inactive|Pyroblaze212 has 120 seconds left.
|
|t:|1781462108
|move|p2a: Samurott|Ceaseless Edge|p1a: Hatterene
|-damage|p1a: Hatterene|0 fnt
|-sidestart|p1: Pyroblaze212|Spikes
|faint|p1a: Hatterene
|
|-weather|SunnyDay|[upkeep]
|upkeep
|
|t:|1781462129
|switch|p1a: Blaziken|Blaziken, M|100/100
|-damage|p1a: Blaziken|88/100|[from] Spikes
|turn|10
|
|t:|1781462137
|move|p1a: Blaziken|Protect|p1a: Blaziken
|-singleturn|p1a: Blaziken|Protect
|move|p2a: Samurott|Encore|p1a: Blaziken
|-activate|p1a: Blaziken|move: Protect
|
|-weather|SunnyDay|[upkeep]
|-ability|p1a: Blaziken|Speed Boost|boost
|-boost|p1a: Blaziken|spe|1
|upkeep
|turn|11
|
|t:|1781462145
|-terastallize|p2a: Samurott|Ghost
|move|p1a: Blaziken|Close Combat|p2a: Samurott
|-immune|p2a: Samurott
|move|p2a: Samurott|Encore|p1a: Blaziken
|-start|p1a: Blaziken|Encore
|
|-weather|SunnyDay|[upkeep]
|-ability|p1a: Blaziken|Speed Boost|boost
|-boost|p1a: Blaziken|spe|1
|upkeep
|turn|12
|
|t:|1781462156
|switch|p1a: Walking Wake|Walking Wake|100/100
|-damage|p1a: Walking Wake|88/100|[from] Spikes
|-activate|p1a: Walking Wake|ability: Protosynthesis
|-start|p1a: Walking Wake|protosynthesisspa
|move|p2a: Samurott|Ceaseless Edge|p1a: Walking Wake|[miss]
|-miss|p2a: Samurott|p1a: Walking Wake
|
|-weather|SunnyDay|[upkeep]
|upkeep
|turn|13
|inactive|Pyroblaze212 has 90 seconds left.
|
|t:|1781462197
|switch|p2a: Slowking|Slowking-Galar, F|100/100
|move|p1a: Walking Wake|Hydro Steam|p2a: Slowking
|-damage|p2a: Slowking|49/100
|
|-weather|SunnyDay|[upkeep]
|upkeep
|turn|14
|
|t:|1781462206
|switch|p2a: Chesnaught|Chesnaught, F|93/100
|-damage|p2a: Chesnaught|87/100|[from] Stealth Rock
|move|p1a: Walking Wake|Hydro Steam|p2a: Chesnaught
|-resisted|p2a: Chesnaught
|-damage|p2a: Chesnaught|35/100
|
|-weather|none
|-end|p1a: Walking Wake|Protosynthesis
|upkeep
|turn|15
|inactive|Pyroblaze212 has 90 seconds left.
|
|t:|1781462221
|-end|p1a: Walking Wake|Protosynthesis|[silent]
|switch|p1a: Torkoal|Torkoal, M|60/100
|-damage|p1a: Torkoal|48/100|[from] Spikes
|-weather|SunnyDay|[from] ability: Drought|[of] p1a: Torkoal
|move|p2a: Chesnaught|Knock Off|p1a: Torkoal
|-damage|p1a: Torkoal|34/100
|-enditem|p1a: Torkoal|Heat Rock|[from] move: Knock Off|[of] p2a: Chesnaught
|
|-weather|SunnyDay|[upkeep]
|upkeep
|turn|16
|
|t:|1781462235
|switch|p2a: Samurott|Samurott-Hisui, M, tera:Ghost|70/100
|switch|p1a: Venusaur|Venusaur, F|100/100
|-damage|p1a: Venusaur|88/100|[from] Spikes
|
|-weather|SunnyDay|[upkeep]
|upkeep
|turn|17
|inactive|Pyroblaze212 has 60 seconds left.
|
|t:|1781462266
|-terastallize|p1a: Venusaur|Fire
|move|p1a: Venusaur|Weather Ball|p2a: Samurott
|-damage|p2a: Samurott|0 fnt
|faint|p2a: Samurott
|-damage|p1a: Venusaur|78/100|[from] item: Life Orb
|
|-weather|SunnyDay|[upkeep]
|upkeep
|
|t:|1781462272
|switch|p2a: Slowking|Slowking-Galar, F|82/100
|turn|18
|
|t:|1781462285
|move|p1a: Venusaur|Weather Ball|p2a: Slowking
|-damage|p2a: Slowking|31/100
|-damage|p1a: Venusaur|68/100|[from] item: Life Orb
|-prepare|p2a: Slowking|Chilly Reception|[premajor]
|move|p2a: Slowking|Chilly Reception|p2a: Slowking
|-weather|Snowscape
|
|t:|1781462287
|switch|p2a: Iron Treads|Iron Treads|100/100|[from] Chilly Reception
|-damage|p2a: Iron Treads|97/100|[from] Stealth Rock
|
|-weather|Snowscape|[upkeep]
|-heal|p2a: Iron Treads|100/100|[from] item: Leftovers
|upkeep
|turn|19
|
|t:|1781462297
|switch|p1a: Torkoal|Torkoal, M|34/100
|-damage|p1a: Torkoal|22/100|[from] Spikes
|-weather|SunnyDay|[from] ability: Drought|[of] p1a: Torkoal
|move|p2a: Iron Treads|Earthquake|p1a: Torkoal
|-supereffective|p1a: Torkoal
|-damage|p1a: Torkoal|0 fnt
|faint|p1a: Torkoal
|
|-weather|SunnyDay|[upkeep]
|upkeep
|inactive|Pyroblaze212 has 60 seconds left.
|
|t:|1781462317
|switch|p1a: Blaziken|Blaziken, M|88/100
|-damage|p1a: Blaziken|76/100|[from] Spikes
|turn|20
|
|t:|1781462320
|move|p1a: Blaziken|Protect|p1a: Blaziken
|-singleturn|p1a: Blaziken|Protect
|move|p2a: Iron Treads|Stealth Rock|p1a: Blaziken
|-sidestart|p1: Pyroblaze212|move: Stealth Rock
|
|-weather|SunnyDay|[upkeep]
|-ability|p1a: Blaziken|Speed Boost|boost
|-boost|p1a: Blaziken|spe|1
|upkeep
|turn|21
|
|t:|1781462339
|-end|p2a: Iron Treads|Quark Drive|[silent]
|switch|p2a: Chesnaught|Chesnaught, F|35/100
|-damage|p2a: Chesnaught|28/100|[from] Stealth Rock
|move|p1a: Blaziken|Close Combat|p2a: Chesnaught
|-damage|p2a: Chesnaught|0 fnt
|-unboost|p1a: Blaziken|def|1
|-unboost|p1a: Blaziken|spd|1
|faint|p2a: Chesnaught
|-damage|p1a: Blaziken|66/100|[from] item: Life Orb
|
|-weather|SunnyDay|[upkeep]
|-ability|p1a: Blaziken|Speed Boost|boost
|-boost|p1a: Blaziken|spe|1
|upkeep
|
|t:|1781462351
|switch|p2a: Zapdos|Zapdos|100/100
|turn|22
|inactive|fleep vs floop has 120 seconds left.
|
|t:|1781462403
|switch|p1a: Venusaur|Venusaur, F, tera:Fire|68/100
|-damage|p1a: Venusaur|56/100|[from] Spikes
|-damage|p1a: Venusaur|31/100|[from] Stealth Rock
|move|p2a: Zapdos|Volt Switch|p1a: Venusaur
|-crit|p1a: Venusaur
|-damage|p1a: Venusaur|0 fnt
|faint|p1a: Venusaur
|
|t:|1781462410
|switch|p2a: Slowking|Slowking-Galar, F|64/100|[from] Volt Switch
|
|-weather|SunnyDay|[upkeep]
|upkeep
|
|t:|1781462415
|switch|p1a: Blaziken|Blaziken, M|66/100
|-damage|p1a: Blaziken|54/100|[from] Spikes
|-damage|p1a: Blaziken|41/100|[from] Stealth Rock
|turn|23
|
|t:|1781462424
|move|p1a: Blaziken|Swords Dance|p1a: Blaziken
|-boost|p1a: Blaziken|atk|2
|move|p2a: Slowking|Sludge Bomb|p1a: Blaziken
|-damage|p1a: Blaziken|0 fnt
|faint|p1a: Blaziken
|
|-weather|none
|upkeep
|-message|Pyroblaze212 forfeited.
|
|win|fleep vs floop
|raw|Pyroblaze212's rating: 1608 &rarr; <strong>1592</strong><br />(-16 for losing)
|raw|fleep vs floop's rating: 1679 &rarr; <strong>1695</strong><br />(+16 for winning)
|l|☆Pyroblaze212
|player|p1|
|l|‽fleep vs floop
|player|p2|
