|j|☆tiftif
|j|☆rekjllj
|t:|1781263302
|gametype|singles
|player|p1|tiftif|266|1570
|player|p2|rekjllj|169|1617
|gen|9
|tier|[Gen 9] OU
|rated|
|rule|HP Percentage Mod: HP is shown in percentages
|rule|Endless Battle Clause: Forcing endless battles is banned
|rule|Species Clause: Limit one of each Pokémon
|rule|OHKO Clause: OHKO moves are banned
|rule|Evasion Items Clause: Evasion items are banned
|rule|Evasion Moves Clause: Evasion moves are banned
|rule|Evasion Abilities Clause: Evasion abilities are banned
|rule|Sleep Moves Clause: Sleep-inducing moves are banned
|clearpoke
|poke|p1|Pelipper, F|
|poke|p1|Iron Treads|
|poke|p1|Barraskewda, M|
|poke|p1|Raging Bolt|
|poke|p1|Talonflame, F|
|poke|p1|Keldeo-Resolute|
|poke|p2|Walking Wake|
|poke|p2|Great Tusk|
|poke|p2|Ninetales, F|
|poke|p2|Cresselia, F|
|poke|p2|Zarude|
|poke|p2|Ceruledge, F|
|teampreview
|c|☆rekjllj|hf
|inactive|Battle timer is ON: inactive players will automatically lose when time's up. (requested by rekjllj)
|
|t:|1781263309
|teamsize|p1|6
|teamsize|p2|6
|start
|switch|p1a: Iron Treads|Iron Treads|100/100
|switch|p2a: Walking Wake|Walking Wake|100/100
|-enditem|p1a: Iron Treads|Booster Energy
|-activate|p1a: Iron Treads|ability: Quark Drive|[fromitem]
|-start|p1a: Iron Treads|quarkdrivespe
|turn|1
|
|t:|1781263313
|move|p1a: Iron Treads|Stealth Rock|p2a: Walking Wake
|-sidestart|p2: rekjllj|move: Stealth Rock
|move|p2a: Walking Wake|Hydro Steam|p1a: Iron Treads
|-supereffective|p1a: Iron Treads
|-damage|p1a: Iron Treads|0 fnt
|faint|p1a: Iron Treads
|-end|p1a: Iron Treads|Quark Drive|[silent]
|
|upkeep
|j| lord shiddenfards
|
|t:|1781263320
|switch|p1a: Keldeo|Keldeo-Resolute|100/100
|turn|2
|
|t:|1781263324
|move|p2a: Walking Wake|Draco Meteor|p1a: Keldeo|[miss]
|-miss|p2a: Walking Wake|p1a: Keldeo
|move|p1a: Keldeo|Calm Mind|p1a: Keldeo
|-boost|p1a: Keldeo|spa|1
|-boost|p1a: Keldeo|spd|1
|
|upkeep
|turn|3
|
|t:|1781263333
|-terastallize|p1a: Keldeo|Steel
|move|p1a: Keldeo|Substitute|p1a: Keldeo
|-start|p1a: Keldeo|Substitute
|-damage|p1a: Keldeo|76/100
|move|p2a: Walking Wake|Dragon Tail|p1a: Keldeo
|-resisted|p1a: Keldeo
|-activate|p1a: Keldeo|move: Substitute|[damage]
|
|-heal|p1a: Keldeo|82/100|[from] item: Leftovers
|upkeep
|turn|4
|
|t:|1781263340
|-end|p2a: Walking Wake|Protosynthesis|[silent]
|switch|p2a: Cresselia|Cresselia, F|100/100
|-damage|p2a: Cresselia|88/100|[from] Stealth Rock
|move|p1a: Keldeo|Calm Mind|p1a: Keldeo
|-boost|p1a: Keldeo|spa|1
|-boost|p1a: Keldeo|spd|1
|
|-heal|p1a: Keldeo|88/100|[from] item: Leftovers
|upkeep
|turn|5
|
|t:|1781263343
|move|p1a: Keldeo|Surf|p2a: Cresselia
|-damage|p2a: Cresselia|32/100
|-enditem|p2a: Cresselia|Eject Button
|
|t:|1781263346
|switch|p2a: Ninetales|Ninetales, F|100/100
|-damage|p2a: Ninetales|76/100|[from] Stealth Rock
|-weather|SunnyDay|[from] ability: Drought|[of] p2a: Ninetales
|
|-weather|SunnyDay|[upkeep]
|-heal|p1a: Keldeo|94/100|[from] item: Leftovers
|upkeep
|turn|6
|
|t:|1781263351
|-terastallize|p2a: Ninetales|Fairy
|move|p1a: Keldeo|Surf|p2a: Ninetales
|-damage|p2a: Ninetales|32/100
|move|p2a: Ninetales|Encore|p1a: Keldeo
|-start|p1a: Keldeo|Encore
|
|-weather|SunnyDay|[upkeep]
|-heal|p1a: Keldeo|100/100|[from] item: Leftovers
|upkeep
|turn|7
|
|t:|1781263354
|switch|p2a: Walking Wake|Walking Wake|100/100
|-damage|p2a: Walking Wake|88/100|[from] Stealth Rock
|-activate|p2a: Walking Wake|ability: Protosynthesis
|-start|p2a: Walking Wake|protosynthesisspe
|move|p1a: Keldeo|Surf|p2a: Walking Wake
|-resisted|p2a: Walking Wake
|-damage|p2a: Walking Wake|75/100
|
|-weather|SunnyDay|[upkeep]
|upkeep
|turn|8
|
|t:|1781263357
|move|p2a: Walking Wake|Weather Ball|p1a: Keldeo
|-supereffective|p1a: Keldeo
|-end|p1a: Keldeo|Substitute
|move|p1a: Keldeo|Surf|p2a: Walking Wake
|-resisted|p2a: Walking Wake
|-crit|p2a: Walking Wake
|-damage|p2a: Walking Wake|55/100
|
|-weather|SunnyDay|[upkeep]
|upkeep
|turn|9
|j| Schlafparalyse
|j| choispecs ironmoth
|
|t:|1781263366
|switch|p1a: Raging Bolt|Raging Bolt|100/100
|-activate|p1a: Raging Bolt|ability: Protosynthesis
|-start|p1a: Raging Bolt|protosynthesisspa
|move|p2a: Walking Wake|Weather Ball|p1a: Raging Bolt
|-resisted|p1a: Raging Bolt
|-damage|p1a: Raging Bolt|72/100
|
|-weather|SunnyDay|[upkeep]
|upkeep
|turn|10
|
|t:|1781263376
|-end|p2a: Walking Wake|Protosynthesis|[silent]
|switch|p2a: Great Tusk|Great Tusk|100/100
|-damage|p2a: Great Tusk|97/100|[from] Stealth Rock
|-activate|p2a: Great Tusk|ability: Protosynthesis
|-start|p2a: Great Tusk|protosynthesisatk
|move|p1a: Raging Bolt|Weather Ball|p2a: Great Tusk
|-damage|p2a: Great Tusk|21/100
|
|-weather|SunnyDay|[upkeep]
|upkeep
|turn|11
|
|t:|1781263381
|-end|p2a: Great Tusk|Protosynthesis|[silent]
|switch|p2a: Walking Wake|Walking Wake|55/100
|-damage|p2a: Walking Wake|42/100|[from] Stealth Rock
|-activate|p2a: Walking Wake|ability: Protosynthesis
|-start|p2a: Walking Wake|protosynthesisspe
|move|p1a: Raging Bolt|Dragon Pulse|p2a: Walking Wake
|-supereffective|p2a: Walking Wake
|-damage|p2a: Walking Wake|0 fnt
|faint|p2a: Walking Wake
|-end|p2a: Walking Wake|Protosynthesis|[silent]
|
|-weather|SunnyDay|[upkeep]
|upkeep
|
|t:|1781263385
|switch|p2a: Great Tusk|Great Tusk|21/100
|-damage|p2a: Great Tusk|17/100|[from] Stealth Rock
|-activate|p2a: Great Tusk|ability: Protosynthesis
|-start|p2a: Great Tusk|protosynthesisatk
|turn|12
|
|t:|1781263389
|move|p2a: Great Tusk|Rapid Spin|p1a: Raging Bolt
|-damage|p1a: Raging Bolt|49/100
|-boost|p2a: Great Tusk|spe|1
|-sideend|p2: rekjllj|Stealth Rock|[from] move: Rapid Spin|[of] p2a: Great Tusk
|move|p1a: Raging Bolt|Dragon Pulse|p2a: Great Tusk
|-damage|p2a: Great Tusk|0 fnt
|faint|p2a: Great Tusk
|-end|p2a: Great Tusk|Protosynthesis|[silent]
|
|-weather|none
|-end|p1a: Raging Bolt|Protosynthesis
|upkeep
|-enditem|p1a: Raging Bolt|Booster Energy
|-activate|p1a: Raging Bolt|ability: Protosynthesis|[fromitem]
|-start|p1a: Raging Bolt|protosynthesisspa
|
|t:|1781263393
|switch|p2a: Zarude|Zarude|100/100
|turn|13
|
|t:|1781263397
|move|p2a: Zarude|Swords Dance|p2a: Zarude
|-boost|p2a: Zarude|atk|2
|move|p1a: Raging Bolt|Dragon Pulse|p2a: Zarude
|-damage|p2a: Zarude|33/100
|
|-heal|p2a: Zarude|39/100|[from] item: Leftovers
|upkeep
|turn|14
|
|t:|1781263401
|move|p2a: Zarude|Knock Off|p1a: Raging Bolt
|-damage|p1a: Raging Bolt|0 fnt
|faint|p1a: Raging Bolt
|-end|p1a: Raging Bolt|Protosynthesis|[silent]
|
|-heal|p2a: Zarude|46/100|[from] item: Leftovers
|upkeep
|
|t:|1781263406
|switch|p1a: Talonflame|Talonflame, F|100/100
|turn|15
|
|t:|1781263409
|move|p1a: Talonflame|Air Slash|p2a: Zarude
|-supereffective|p2a: Zarude
|-damage|p2a: Zarude|0 fnt
|faint|p2a: Zarude
|
|upkeep
|
|t:|1781263414
|switch|p2a: Cresselia|Cresselia, F|32/100
|turn|16
|
|t:|1781263418
|move|p1a: Talonflame|Air Slash|p2a: Cresselia
|-crit|p2a: Cresselia
|-damage|p2a: Cresselia|0 fnt
|faint|p2a: Cresselia
|
|upkeep
|
|t:|1781263422
|switch|p2a: Ceruledge|Ceruledge, F|100/100
|turn|17
|
|t:|1781263425
|move|p1a: Talonflame|Air Slash|p2a: Ceruledge
|-damage|p2a: Ceruledge|51/100
|cant|p2a: Ceruledge|flinch
|
|upkeep
|turn|18
|
|t:|1781263429
|move|p1a: Talonflame|Air Slash|p2a: Ceruledge
|-damage|p2a: Ceruledge|0 fnt
|faint|p2a: Ceruledge
|
|upkeep
|
|t:|1781263432
|switch|p2a: Ninetales|Ninetales, F, tera:Fairy|32/100
|-weather|SunnyDay|[from] ability: Drought|[of] p2a: Ninetales
|turn|19
|
|t:|1781263436
|move|p1a: Talonflame|Air Slash|p2a: Ninetales
|-damage|p2a: Ninetales|0 fnt
|faint|p2a: Ninetales
|
|win|tiftif
|raw|tiftif's rating: 1570 &rarr; <strong>1593</strong><br />(+23 for winning)
|raw|rekjllj's rating: 1617 &rarr; <strong>1594</strong><br />(-23 for losing)
|c|☆rekjllj|gg
|l|☆rekjllj
|player|p2|
|l| Schlafparalyse
|l| lord shiddenfards
