|j|☆shumnky yeat
|j|☆c u soon boi
|t:|1781290251
|gametype|singles
|player|p1|shumnky yeat|preschooler|1654
|player|p2|c u soon boi|2|1672
|gen|9
|tier|[Gen 9] OU
|rated|
|rule|HP Percentage Mod: HP is shown in percentages
|rule|Endless Battle Clause: Forcing endless battles is banned
|rule|Species Clause: Limit one of each Pokémon
|rule|OHKO Clause: OHKO moves are banned
|rule|Evasion Items Clause: Evasion items are banned
|rule|Evasion Moves Clause: Evasion moves are banned
|rule|Evasion Abilities Clause: Evasion abilities are banned
|rule|Sleep Moves Clause: Sleep-inducing moves are banned
|clearpoke
|poke|p1|Dragapult, F|
|poke|p1|Ogerpon-Wellspring, F|
|poke|p1|Corviknight, F|
|poke|p1|Cinderace, M|
|poke|p1|Ting-Lu|
|poke|p1|Slowking-Galar, F|
|poke|p2|Blaziken, F|
|poke|p2|Rillaboom, M|
|poke|p2|Primarina, M|
|poke|p2|Kingambit, M|
|poke|p2|Landorus-Therian, M|
|poke|p2|Weezing-Galar, M|
|teampreview
|
|t:|1781290269
|teamsize|p1|6
|teamsize|p2|6
|start
|switch|p1a: Corviknight|Corviknight, F, shiny|100/100
|switch|p2a: Landorus|Landorus-Therian, M|100/100
|-ability|p2a: Landorus|Intimidate|boost
|-unboost|p1a: Corviknight|atk|1
|-ability|p1a: Corviknight|Pressure
|turn|1
|c|☆shumnky yeat|glhf
|
|t:|1781290278
|move|p2a: Landorus|Stealth Rock|p1a: Corviknight
|-sidestart|p1: shumnky yeat|move: Stealth Rock
|move|p1a: Corviknight|Iron Defense|p1a: Corviknight
|-boost|p1a: Corviknight|def|2
|
|upkeep
|turn|2
|
|t:|1781290283
|move|p2a: Landorus|Taunt|p1a: Corviknight
|-start|p1a: Corviknight|move: Taunt
|move|p1a: Corviknight|Body Press|p2a: Landorus
|-resisted|p2a: Landorus
|-damage|p2a: Landorus|81/100
|-damage|p1a: Corviknight|84/100|[from] item: Rocky Helmet|[of] p2a: Landorus
|
|upkeep
|turn|3
|
|t:|1781290292
|move|p2a: Landorus|U-turn|p1a: Corviknight
|-resisted|p1a: Corviknight
|-damage|p1a: Corviknight|82/100
|-damage|p2a: Landorus|65/100|[from] item: Rocky Helmet|[of] p1a: Corviknight
|
|t:|1781290296
|switch|p2a: Primarina|Primarina, M|100/100|[from] U-turn
|move|p1a: Corviknight|U-turn|p2a: Primarina
|-resisted|p2a: Primarina
|-damage|p2a: Primarina|95/100
|
|t:|1781290305
|switch|p1a: Ogerpon|Ogerpon-Wellspring, F|100/100|[from] U-turn
|-damage|p1a: Ogerpon|88/100|[from] Stealth Rock
|
|upkeep
|turn|4
|
|t:|1781290311
|switch|p2a: Rillaboom|Rillaboom, M|100/100
|move|p1a: Ogerpon|Power Whip|p2a: Rillaboom|[miss]
|-miss|p1a: Ogerpon|p2a: Rillaboom
|
|upkeep
|turn|5
|
|t:|1781290318
|switch|p1a: Corviknight|Corviknight, F, shiny|82/100
|-damage|p1a: Corviknight|70/100|[from] Stealth Rock
|-ability|p1a: Corviknight|Pressure
|move|p2a: Rillaboom|U-turn|p1a: Corviknight
|-resisted|p1a: Corviknight
|-damage|p1a: Corviknight|65/100
|-damage|p2a: Rillaboom|84/100|[from] item: Rocky Helmet|[of] p1a: Corviknight
|
|t:|1781290329
|switch|p2a: Blaziken|Blaziken, F|100/100|[from] U-turn
|
|upkeep
|turn|6
|
|t:|1781290337
|move|p2a: Blaziken|Focus Energy|p2a: Blaziken
|-start|p2a: Blaziken|move: Focus Energy
|move|p1a: Corviknight|Roost|p1a: Corviknight
|-heal|p1a: Corviknight|100/100
|-singleturn|p1a: Corviknight|move: Roost
|
|-ability|p2a: Blaziken|Speed Boost|boost
|-boost|p2a: Blaziken|spe|1
|upkeep
|turn|7
|
|t:|1781290361
|move|p2a: Blaziken|Temper Flare|p1a: Corviknight
|-supereffective|p1a: Corviknight
|-crit|p1a: Corviknight
|-damage|p1a: Corviknight|28/100
|-damage|p2a: Blaziken|84/100|[from] item: Rocky Helmet|[of] p1a: Corviknight
|move|p1a: Corviknight|Body Press|p2a: Blaziken
|-damage|p2a: Blaziken|44/100
|
|-ability|p2a: Blaziken|Speed Boost|boost
|-boost|p2a: Blaziken|spe|1
|upkeep
|turn|8
|
|t:|1781290372
|move|p2a: Blaziken|Temper Flare|p1a: Corviknight
|-supereffective|p1a: Corviknight
|-crit|p1a: Corviknight
|-damage|p1a: Corviknight|0 fnt
|-damage|p2a: Blaziken|28/100|[from] item: Rocky Helmet|[of] p1a: Corviknight
|faint|p1a: Corviknight
|
|-ability|p2a: Blaziken|Speed Boost|boost
|-boost|p2a: Blaziken|spe|1
|upkeep
|
|t:|1781290382
|switch|p1a: Cinderace|Cinderace, M|100/100
|turn|9
|
|t:|1781290387
|move|p2a: Blaziken|Close Combat|p1a: Cinderace
|-crit|p1a: Cinderace
|-damage|p1a: Cinderace|0 fnt
|-unboost|p2a: Blaziken|def|1
|-unboost|p2a: Blaziken|spd|1
|faint|p1a: Cinderace
|
|-ability|p2a: Blaziken|Speed Boost|boost
|-boost|p2a: Blaziken|spe|1
|upkeep
|
|t:|1781290393
|switch|p1a: Slowking|Slowking-Galar, F|100/100
|turn|10
|
|t:|1781290402
|move|p2a: Blaziken|Temper Flare|p1a: Slowking
|-crit|p1a: Slowking
|-damage|p1a: Slowking|41/100
|move|p1a: Slowking|Sludge Bomb|p2a: Blaziken
|-damage|p2a: Blaziken|0 fnt
|faint|p2a: Blaziken
|
|upkeep
|
|t:|1781290416
|switch|p2a: Rillaboom|Rillaboom, M|84/100
|turn|11
|
|t:|1781290427
|move|p2a: Rillaboom|Knock Off|p1a: Slowking
|-supereffective|p1a: Slowking
|-damage|p1a: Slowking|0 fnt
|-enditem|p1a: Slowking|Heavy-Duty Boots|[from] move: Knock Off|[of] p2a: Rillaboom
|faint|p1a: Slowking
|
|upkeep
|
|t:|1781290432
|switch|p1a: Dragapult|Dragapult, F|100/100
|-damage|p1a: Dragapult|88/100|[from] Stealth Rock
|turn|12
|
|t:|1781290437
|move|p1a: Dragapult|Flamethrower|p2a: Rillaboom
|-supereffective|p2a: Rillaboom
|-damage|p2a: Rillaboom|1/100
|move|p2a: Rillaboom|Knock Off|p1a: Dragapult
|-supereffective|p1a: Dragapult
|-damage|p1a: Dragapult|0 fnt
|-enditem|p1a: Dragapult|Choice Specs|[from] move: Knock Off|[of] p2a: Rillaboom
|faint|p1a: Dragapult
|
|upkeep
|
|t:|1781290443
|switch|p1a: Ogerpon|Ogerpon-Wellspring, F|88/100
|-damage|p1a: Ogerpon|76/100|[from] Stealth Rock
|turn|13
|
|t:|1781290450
|move|p1a: Ogerpon|Ivy Cudgel|p2a: Rillaboom|[anim] Ivy Cudgel Water
|-resisted|p2a: Rillaboom
|-damage|p2a: Rillaboom|0 fnt
|faint|p2a: Rillaboom
|
|upkeep
|
|t:|1781290456
|switch|p2a: Weezing|Weezing-Galar, M|100/100
|-ability|p2a: Weezing|Neutralizing Gas
|turn|14
|
|t:|1781290460
|switch|p1a: Ting-Lu|Ting-Lu|100/100
|-damage|p1a: Ting-Lu|94/100|[from] Stealth Rock
|move|p2a: Weezing|Sludge Bomb|p1a: Ting-Lu
|-resisted|p1a: Ting-Lu
|-damage|p1a: Ting-Lu|87/100
|-status|p1a: Ting-Lu|psn
|
|-heal|p1a: Ting-Lu|93/100 psn|[from] item: Leftovers
|-damage|p1a: Ting-Lu|81/100 psn|[from] psn
|upkeep
|turn|15
|
|t:|1781290474
|-end|p2a: Weezing|ability: Neutralizing Gas
|-ability|p1a: Ting-Lu|Vessel of Ruin
|switch|p2a: Landorus|Landorus-Therian, M|65/100
|-ability|p2a: Landorus|Intimidate|boost
|-unboost|p1a: Ting-Lu|atk|1
|move|p1a: Ting-Lu|Ruination|p2a: Landorus|[miss]
|-miss|p1a: Ting-Lu|p2a: Landorus
|
|-heal|p1a: Ting-Lu|87/100 psn|[from] item: Leftovers
|-damage|p1a: Ting-Lu|75/100 psn|[from] psn
|upkeep
|turn|16
|
|t:|1781290487
|move|p2a: Landorus|Taunt|p1a: Ting-Lu
|-start|p1a: Ting-Lu|move: Taunt
|move|p1a: Ting-Lu|Ruination|p2a: Landorus|[miss]
|-miss|p1a: Ting-Lu|p2a: Landorus
|
|-heal|p1a: Ting-Lu|81/100 psn|[from] item: Leftovers
|-damage|p1a: Ting-Lu|68/100 psn|[from] psn
|upkeep
|turn|17
|
|t:|1781290498
|move|p2a: Landorus|U-turn|p1a: Ting-Lu
|-supereffective|p1a: Ting-Lu
|-damage|p1a: Ting-Lu|47/100 psn
|
|t:|1781290500
|switch|p2a: Primarina|Primarina, M|95/100|[from] U-turn
|move|p1a: Ting-Lu|Ruination|p2a: Primarina
|-damage|p2a: Primarina|48/100
|
|-heal|p1a: Ting-Lu|53/100 psn|[from] item: Leftovers
|-damage|p1a: Ting-Lu|41/100 psn|[from] psn
|upkeep
|turn|18
|
|t:|1781290511
|move|p2a: Primarina|Moonblast|p1a: Ting-Lu
|-supereffective|p1a: Ting-Lu
|-damage|p1a: Ting-Lu|0 fnt
|faint|p1a: Ting-Lu
|
|upkeep
|
|t:|1781290513
|switch|p1a: Ogerpon|Ogerpon-Wellspring, F|76/100
|-damage|p1a: Ogerpon|64/100|[from] Stealth Rock
|turn|19
|
|t:|1781290520
|-terastallize|p1a: Ogerpon|Water
|detailschange|p1a: Ogerpon|Ogerpon-Wellspring-Tera, F, tera:Water
|-ability|p1a: Ogerpon|Embody Aspect (Wellspring)|boost
|-boost|p1a: Ogerpon|spd|1
|move|p1a: Ogerpon|Ivy Cudgel|p2a: Primarina|[anim] Ivy Cudgel Water
|-resisted|p2a: Primarina
|-crit|p2a: Primarina
|-damage|p2a: Primarina|0 fnt
|faint|p2a: Primarina
|
|upkeep
|
|t:|1781290530
|switch|p2a: Landorus|Landorus-Therian, M|65/100
|-ability|p2a: Landorus|Intimidate|boost
|-unboost|p1a: Ogerpon|atk|1
|turn|20
|
|t:|1781290534
|move|p1a: Ogerpon|Ivy Cudgel|p2a: Landorus|[anim] Ivy Cudgel Water
|-supereffective|p2a: Landorus
|-damage|p2a: Landorus|0 fnt
|faint|p2a: Landorus
|
|upkeep
|
|t:|1781290540
|switch|p2a: Kingambit|Kingambit, M|100/100
|-activate|p2a: Kingambit|ability: Supreme Overlord
|-start|p2a: Kingambit|fallen4|[silent]
|turn|21
|
|t:|1781290544
|move|p1a: Ogerpon|Encore||[still]
|-fail|p1a: Ogerpon
|move|p2a: Kingambit|Kowtow Cleave|p1a: Ogerpon
|-damage|p1a: Ogerpon|0 fnt
|faint|p1a: Ogerpon
|detailschange|p1: Ogerpon|Ogerpon-Wellspring, F|[silent]
|
|win|c u soon boi
|raw|shumnky yeat's rating: 1654 &rarr; <strong>1635</strong><br />(-19 for losing)
|raw|c u soon boi's rating: 1672 &rarr; <strong>1691</strong><br />(+19 for winning)
|l|☆shumnky yeat
|player|p1|
|l|☆c u soon boi
|player|p2|
