|j|☆Teefryingpan
|j|☆bacchunysus
|t:|1780894456
|gametype|singles
|player|p1|Teefryingpan|101|1576
|player|p2|bacchunysus|baker|1577
|gen|9
|tier|[Gen 9] OU
|rated|
|rule|HP Percentage Mod: HP is shown in percentages
|rule|Endless Battle Clause: Forcing endless battles is banned
|rule|Species Clause: Limit one of each Pokémon
|rule|OHKO Clause: OHKO moves are banned
|rule|Evasion Items Clause: Evasion items are banned
|rule|Evasion Moves Clause: Evasion moves are banned
|rule|Evasion Abilities Clause: Evasion abilities are banned
|rule|Sleep Moves Clause: Sleep-inducing moves are banned
|clearpoke
|poke|p1|Samurott-Hisui, M|
|poke|p1|Dragapult, F|
|poke|p1|Enamorus, F|
|poke|p1|Scizor, M|
|poke|p1|Iron Treads|
|poke|p1|Ogerpon-Wellspring, F|
|poke|p2|Zamazenta-*|
|poke|p2|Hoopa-Unbound|
|poke|p2|Okidogi, M|
|poke|p2|Chesnaught, F|
|poke|p2|Garchomp, F|
|poke|p2|Scizor, M|
|teampreview
|inactive|Battle timer is ON: inactive players will automatically lose when time's up. (requested by bacchunysus)
|
|t:|1780894461
|teamsize|p1|6
|teamsize|p2|6
|start
|switch|p1a: Dragapult|Dragapult, F|100/100
|switch|p2a: Scizor|Scizor, M|100/100
|turn|1
|
|t:|1780894464
|move|p2a: Scizor|Bullet Punch|p1a: Dragapult
|-damage|p1a: Dragapult|25/100
|move|p1a: Dragapult|Flamethrower|p2a: Scizor
|-supereffective|p2a: Scizor
|-damage|p2a: Scizor|0 fnt
|faint|p2a: Scizor
|
|upkeep
|
|t:|1780894471
|switch|p2a: Hoopa|Hoopa-Unbound|100/100
|turn|2
|
|t:|1780894474
|switch|p1a: Samurott|Samurott-Hisui, M|100/100
|move|p2a: Hoopa|Knock Off|p1a: Samurott
|-resisted|p1a: Samurott
|-damage|p1a: Samurott|63/100
|-damage|p2a: Hoopa|84/100|[from] item: Rocky Helmet|[of] p1a: Samurott
|-enditem|p1a: Samurott|Rocky Helmet|[from] move: Knock Off|[of] p2a: Hoopa
|
|upkeep
|turn|3
|j| Champion reko
|
|t:|1780894480
|move|p1a: Samurott|Ceaseless Edge|p2a: Hoopa
|-damage|p2a: Hoopa|6/100
|-sidestart|p2: bacchunysus|Spikes
|move|p2a: Hoopa|Drain Punch|p1a: Samurott
|-supereffective|p1a: Samurott
|-damage|p1a: Samurott|0 fnt
|-heal|p2a: Hoopa|39/100|[from] drain|[of] p1a: Samurott
|faint|p1a: Samurott
|
|upkeep
|
|t:|1780894486
|switch|p1a: Dragapult|Dragapult, F|25/100
|turn|4
|
|t:|1780894489
|switch|p2a: Chesnaught|Chesnaught, F, shiny|100/100
|-damage|p2a: Chesnaught|88/100|[from] Spikes
|move|p1a: Dragapult|U-turn|p2a: Chesnaught
|-damage|p2a: Chesnaught|79/100
|-damage|p1a: Dragapult|8/100|[from] item: Rocky Helmet|[of] p2a: Chesnaught
|l| Champion reko
|
|t:|1780894493
|switch|p1a: Enamorus|Enamorus, F|100/100|[from] U-turn
|
|upkeep
|turn|5
|
|t:|1780894499
|move|p1a: Enamorus|Moonblast|p2a: Chesnaught
|-supereffective|p2a: Chesnaught
|-damage|p2a: Chesnaught|0 fnt
|faint|p2a: Chesnaught
|
|upkeep
|
|t:|1780894507
|switch|p2a: Okidogi|Okidogi, M|100/100
|-damage|p2a: Okidogi|88/100|[from] Spikes
|turn|6
|
|t:|1780894510
|switch|p1a: Iron Treads|Iron Treads|100/100
|move|p2a: Okidogi|Bulk Up|p2a: Okidogi
|-boost|p2a: Okidogi|atk|1
|-boost|p2a: Okidogi|def|1
|
|-heal|p2a: Okidogi|94/100|[from] item: Leftovers
|upkeep
|turn|7
|
|t:|1780894514
|move|p1a: Iron Treads|Earthquake|p2a: Okidogi
|-supereffective|p2a: Okidogi
|-damage|p2a: Okidogi|48/100
|move|p2a: Okidogi|Drain Punch|p1a: Iron Treads
|-supereffective|p1a: Iron Treads
|-damage|p1a: Iron Treads|11/100
|-heal|p2a: Okidogi|100/100|[from] drain|[of] p1a: Iron Treads
|
|upkeep
|turn|8
|
|t:|1780894520
|move|p1a: Iron Treads|Earthquake|p2a: Okidogi
|-supereffective|p2a: Okidogi
|-damage|p2a: Okidogi|60/100
|move|p2a: Okidogi|Drain Punch|p1a: Iron Treads
|-supereffective|p1a: Iron Treads
|-damage|p1a: Iron Treads|0 fnt
|-heal|p2a: Okidogi|67/100|[from] drain|[of] p1a: Iron Treads
|faint|p1a: Iron Treads
|-end|p1a: Iron Treads|Quark Drive|[silent]
|
|-heal|p2a: Okidogi|73/100|[from] item: Leftovers
|upkeep
|
|t:|1780894526
|switch|p1a: Dragapult|Dragapult, F|8/100
|turn|9
|
|t:|1780894530
|move|p1a: Dragapult|Draco Meteor|p2a: Okidogi
|-damage|p2a: Okidogi|0 fnt
|-unboost|p1a: Dragapult|spa|2
|faint|p2a: Okidogi
|
|upkeep
|
|t:|1780894537
|switch|p2a: Hoopa|Hoopa-Unbound|39/100
|-damage|p2a: Hoopa|27/100|[from] Spikes
|turn|10
|
|t:|1780894540
|move|p1a: Dragapult|Draco Meteor|p2a: Hoopa
|-damage|p2a: Hoopa|3/100
|-unboost|p1a: Dragapult|spa|2
|move|p2a: Hoopa|Knock Off|p1a: Dragapult
|-supereffective|p1a: Dragapult
|-damage|p1a: Dragapult|0 fnt
|-enditem|p1a: Dragapult|Choice Specs|[from] move: Knock Off|[of] p2a: Hoopa
|faint|p1a: Dragapult
|
|upkeep
|
|t:|1780894545
|switch|p1a: Enamorus|Enamorus, F|100/100
|turn|11
|
|t:|1780894548
|move|p1a: Enamorus|Moonblast|p2a: Hoopa
|-supereffective|p2a: Hoopa
|-damage|p2a: Hoopa|0 fnt
|faint|p2a: Hoopa
|
|upkeep
|
|t:|1780894551
|switch|p2a: Zamazenta|Zamazenta|100/100
|-damage|p2a: Zamazenta|88/100|[from] Spikes
|-ability|p2a: Zamazenta|Dauntless Shield|boost
|-boost|p2a: Zamazenta|def|1
|turn|12
|
|t:|1780894553
|switch|p1a: Scizor|Scizor, M|100/100
|-terastallize|p2a: Zamazenta|Steel
|move|p2a: Zamazenta|Heavy Slam|p1a: Scizor
|-resisted|p1a: Scizor
|-damage|p1a: Scizor|91/100
|
|-heal|p2a: Zamazenta|94/100|[from] item: Leftovers
|upkeep
|turn|13
|
|t:|1780894559
|move|p2a: Zamazenta|Body Press|p1a: Scizor
|-damage|p1a: Scizor|32/100
|move|p1a: Scizor|Brick Break|p2a: Zamazenta
|-supereffective|p2a: Zamazenta
|-damage|p2a: Zamazenta|52/100
|
|-heal|p2a: Zamazenta|58/100|[from] item: Leftovers
|upkeep
|turn|14
|
|t:|1780894565
|move|p2a: Zamazenta|Body Press|p1a: Scizor
|-damage|p1a: Scizor|0 fnt
|faint|p1a: Scizor
|
|-heal|p2a: Zamazenta|64/100|[from] item: Leftovers
|upkeep
|
|t:|1780894566
|switch|p1a: Enamorus|Enamorus, F|100/100
|turn|15
|
|t:|1780894570
|-terastallize|p1a: Enamorus|Ground
|move|p1a: Enamorus|Earth Power|p2a: Zamazenta
|-supereffective|p2a: Zamazenta
|-damage|p2a: Zamazenta|0 fnt
|faint|p2a: Zamazenta
|
|upkeep
|
|t:|1780894574
|switch|p2a: Garchomp|Garchomp, F, shiny|100/100
|-damage|p2a: Garchomp|88/100|[from] Spikes
|turn|16
|
|t:|1780894579
|move|p1a: Enamorus|Earth Power|p2a: Garchomp
|-damage|p2a: Garchomp|35/100
|move|p2a: Garchomp|Swords Dance|p2a: Garchomp
|-boost|p2a: Garchomp|atk|2
|
|upkeep
|turn|17
|
|t:|1780894583
|move|p1a: Enamorus|Earth Power|p2a: Garchomp
|-damage|p2a: Garchomp|0 fnt
|faint|p2a: Garchomp
|
|win|Teefryingpan
|raw|Teefryingpan's rating: 1576 &rarr; <strong>1596</strong><br />(+20 for winning)
|raw|bacchunysus's rating: 1577 &rarr; <strong>1557</strong><br />(-20 for losing)
|l|☆Teefryingpan
|player|p1|
|l|☆bacchunysus
|player|p2|
