|j|☆WorkinBorkin
|j|☆Slim Summers
|t:|1781287760
|gametype|singles
|player|p1|WorkinBorkin|169|1574
|player|p2|Slim Summers|blue|1547
|gen|9
|tier|[Gen 9] OU
|rated|
|rule|HP Percentage Mod: HP is shown in percentages
|rule|Endless Battle Clause: Forcing endless battles is banned
|rule|Species Clause: Limit one of each Pokémon
|rule|OHKO Clause: OHKO moves are banned
|rule|Evasion Items Clause: Evasion items are banned
|rule|Evasion Moves Clause: Evasion moves are banned
|rule|Evasion Abilities Clause: Evasion abilities are banned
|rule|Sleep Moves Clause: Sleep-inducing moves are banned
|clearpoke
|poke|p1|Hippowdon, M|
|poke|p1|Excadrill, M|
|poke|p1|Garganacl, F|
|poke|p1|Skarmory, M|
|poke|p1|Sinistcha|
|poke|p1|Weavile, M|
|poke|p2|Arcanine-Hisui, M|
|poke|p2|Slowking-Galar, M|
|poke|p2|Great Tusk|
|poke|p2|Corviknight, M|
|poke|p2|Ogerpon-Wellspring, F|
|poke|p2|Darkrai|
|teampreview
|inactive|Battle timer is ON: inactive players will automatically lose when time's up. (requested by Slim Summers)
|inactive|WorkinBorkin has 120 seconds left.
|
|t:|1781287820
|teamsize|p1|6
|teamsize|p2|6
|start
|switch|p1a: Hippowdon|Hippowdon, M|100/100
|switch|p2a: Ogerpon|Ogerpon-Wellspring, F|100/100
|-weather|Sandstorm|[from] ability: Sand Stream|[of] p1a: Hippowdon
|turn|1
|
|t:|1781287834
|switch|p1a: Sinistcha|Sinistcha, shiny|100/100
|move|p2a: Ogerpon|Ivy Cudgel|p1a: Sinistcha|[anim] Ivy Cudgel Water
|-resisted|p1a: Sinistcha
|-damage|p1a: Sinistcha|81/100
|
|-weather|Sandstorm|[upkeep]
|-damage|p2a: Ogerpon|95/100|[from] Sandstorm
|-damage|p1a: Sinistcha|75/100|[from] Sandstorm
|upkeep
|turn|2
|
|t:|1781287847
|switch|p2a: Slowking|Slowking-Galar, M|100/100
|move|p1a: Sinistcha|Strength Sap|p2a: Slowking
|-unboost|p2a: Slowking|atk|1
|-heal|p1a: Sinistcha|100/100
|
|-weather|Sandstorm|[upkeep]
|-damage|p1a: Sinistcha|94/100|[from] Sandstorm
|-damage|p2a: Slowking|94/100|[from] Sandstorm
|upkeep
|turn|3
|
|t:|1781287856
|switch|p1a: Weavile|Weavile, M, shiny|100/100
|-ability|p1a: Weavile|Pressure
|move|p2a: Slowking|Future Sight|p1a: Weavile
|-start|p2a: Slowking|move: Future Sight
|
|-weather|Sandstorm|[upkeep]
|-damage|p1a: Weavile|94/100|[from] Sandstorm
|-damage|p2a: Slowking|88/100|[from] Sandstorm
|upkeep
|turn|4
|
|t:|1781287863
|switch|p2a: Corviknight|Corviknight, M|100/100
|-ability|p2a: Corviknight|Pressure
|move|p1a: Weavile|Knock Off|p2a: Corviknight
|-damage|p2a: Corviknight|73/100
|-damage|p1a: Weavile|78/100|[from] item: Rocky Helmet|[of] p2a: Corviknight
|-enditem|p2a: Corviknight|Rocky Helmet|[from] move: Knock Off|[of] p1a: Weavile
|
|-weather|Sandstorm|[upkeep]
|-damage|p1a: Weavile|72/100|[from] Sandstorm
|upkeep
|turn|5
|
|t:|1781287876
|switch|p1a: Skarmory|Skarmory, M|100/100
|move|p2a: Corviknight|U-turn|p1a: Skarmory
|-resisted|p1a: Skarmory
|-damage|p1a: Skarmory|98/100
|-damage|p2a: Corviknight|57/100|[from] item: Rocky Helmet|[of] p1a: Skarmory
|
|t:|1781287894
|switch|p2a: Arcanine|Arcanine-Hisui, M|100/100|[from] U-turn
|
|-weather|Sandstorm|[upkeep]
|-end|p1a: Skarmory|move: Future Sight
|-resisted|p1a: Skarmory
|-damage|p1a: Skarmory|70/100
|upkeep
|turn|6
|inactive|Slim Summers has 120 seconds left.
|
|t:|1781287919
|switch|p1a: Garganacl|Garganacl, F, shiny|100/100
|move|p2a: Arcanine|Head Smash|p1a: Garganacl
|-damage|p1a: Garganacl|27/100
|
|-weather|Sandstorm|[upkeep]
|-heal|p1a: Garganacl|33/100|[from] item: Leftovers
|upkeep
|turn|7
|inactive|Slim Summers has 120 seconds left.
|
|t:|1781287956
|switch|p2a: Great Tusk|Great Tusk|100/100
|switch|p1a: Hippowdon|Hippowdon, M|100/100
|
|-weather|Sandstorm|[upkeep]
|upkeep
|turn|8
|
|t:|1781287963
|move|p2a: Great Tusk|Stealth Rock|p1a: Hippowdon
|-sidestart|p1: WorkinBorkin|move: Stealth Rock
|move|p1a: Hippowdon|Stealth Rock|p2a: Great Tusk
|-sidestart|p2: Slim Summers|move: Stealth Rock
|
|-weather|none
|upkeep
|turn|9
|
|t:|1781287968
|switch|p1a: Sinistcha|Sinistcha, shiny|94/100
|move|p2a: Great Tusk|Ice Spinner|p1a: Sinistcha
|-supereffective|p1a: Sinistcha
|-damage|p1a: Sinistcha|56/100
|
|upkeep
|turn|10
|
|t:|1781287982
|-end|p2a: Great Tusk|Protosynthesis|[silent]
|switch|p2a: Darkrai|Darkrai|100/100
|-damage|p2a: Darkrai|88/100|[from] Stealth Rock
|move|p1a: Sinistcha|Strength Sap|p2a: Darkrai
|-unboost|p2a: Darkrai|atk|1
|-heal|p1a: Sinistcha|100/100
|
|upkeep
|turn|11
|
|t:|1781287992
|switch|p1a: Weavile|Weavile, M, shiny|72/100
|-ability|p1a: Weavile|Pressure
|move|p2a: Darkrai|Dark Pulse|p1a: Weavile
|-resisted|p1a: Weavile
|-damage|p1a: Weavile|42/100
|
|upkeep
|turn|12
|inactive|Slim Summers has 120 seconds left.
|
|t:|1781288001
|switch|p2a: Corviknight|Corviknight, M|57/100
|-damage|p2a: Corviknight|45/100|[from] Stealth Rock
|-ability|p2a: Corviknight|Pressure
|move|p1a: Weavile|Triple Axel|p2a: Corviknight
|-damage|p2a: Corviknight|39/100
|-damage|p2a: Corviknight|28/100
|-damage|p2a: Corviknight|9/100
|-hitcount|p2a: Corviknight|3
|
|upkeep
|turn|13
|inactive|Slim Summers has 120 seconds left.
|
|t:|1781288016
|move|p1a: Weavile|Knock Off|p2a: Corviknight
|-damage|p2a: Corviknight|0 fnt
|faint|p2a: Corviknight
|
|upkeep
|inactive|Slim Summers has 120 seconds left.
|
|t:|1781288025
|switch|p2a: Darkrai|Darkrai|88/100
|-damage|p2a: Darkrai|76/100|[from] Stealth Rock
|turn|14
|
|t:|1781288029
|switch|p1a: Hippowdon|Hippowdon, M|100/100
|-damage|p1a: Hippowdon|94/100|[from] Stealth Rock
|-weather|Sandstorm|[from] ability: Sand Stream|[of] p1a: Hippowdon
|move|p2a: Darkrai|Sludge Bomb|p1a: Hippowdon
|-resisted|p1a: Hippowdon
|-damage|p1a: Hippowdon|83/100
|
|-weather|Sandstorm|[upkeep]
|-damage|p2a: Darkrai|70/100|[from] Sandstorm
|upkeep
|turn|15
|
|t:|1781288046
|switch|p2a: Great Tusk|Great Tusk|100/100
|switch|p1a: Sinistcha|Sinistcha, shiny|100/100
|
|-weather|Sandstorm|[upkeep]
|-damage|p1a: Sinistcha|94/100|[from] Sandstorm
|upkeep
|turn|16
|
|t:|1781288061
|-end|p2a: Great Tusk|Protosynthesis|[silent]
|switch|p2a: Slowking|Slowking-Galar, M|100/100
|move|p1a: Sinistcha|Calm Mind|p1a: Sinistcha
|-boost|p1a: Sinistcha|spa|1
|-boost|p1a: Sinistcha|spd|1
|
|-weather|Sandstorm|[upkeep]
|-damage|p1a: Sinistcha|88/100|[from] Sandstorm
|-damage|p2a: Slowking|94/100|[from] Sandstorm
|upkeep
|turn|17
|
|t:|1781288069
|move|p1a: Sinistcha|Calm Mind|p1a: Sinistcha
|-boost|p1a: Sinistcha|spa|1
|-boost|p1a: Sinistcha|spd|1
|move|p2a: Slowking|Toxic|p1a: Sinistcha
|-status|p1a: Sinistcha|tox
|
|-weather|Sandstorm|[upkeep]
|-damage|p1a: Sinistcha|82/100 tox|[from] Sandstorm
|-damage|p2a: Slowking|88/100|[from] Sandstorm
|-damage|p1a: Sinistcha|76/100 tox|[from] psn
|upkeep
|turn|18
|inactive|Slim Summers has 120 seconds left.
|
|t:|1781288092
|-terastallize|p2a: Slowking|Dark
|move|p1a: Sinistcha|Shadow Ball|p2a: Slowking
|-resisted|p2a: Slowking
|-damage|p2a: Slowking|71/100
|-unboost|p2a: Slowking|spd|1
|move|p2a: Slowking|Sludge Bomb|p1a: Sinistcha
|-damage|p1a: Sinistcha|58/100 tox
|
|-weather|Sandstorm|[upkeep]
|-damage|p1a: Sinistcha|52/100 tox|[from] Sandstorm
|-damage|p2a: Slowking|65/100|[from] Sandstorm
|-damage|p1a: Sinistcha|40/100 tox|[from] psn
|upkeep
|turn|19
|inactive|Slim Summers has 120 seconds left.
|
|t:|1781288104
|move|p1a: Sinistcha|Matcha Gotcha|p2a: Slowking|[miss]
|-miss|p1a: Sinistcha|p2a: Slowking
|-prepare|p2a: Slowking|Chilly Reception|[premajor]
|move|p2a: Slowking|Chilly Reception|p2a: Slowking
|-weather|Snowscape
|inactive|Slim Summers has 120 seconds left.
|c|☆WorkinBorkin|Bruh
|
|t:|1781288112
|switch|p2a: Darkrai|Darkrai|70/100|[from] Chilly Reception
|-damage|p2a: Darkrai|57/100|[from] Stealth Rock
|
|-weather|Snowscape|[upkeep]
|-damage|p1a: Sinistcha|21/100 tox|[from] psn
|upkeep
|turn|20
|inactive|Slim Summers has 120 seconds left.
|
|t:|1781288122
|switch|p1a: Weavile|Weavile, M, shiny|42/100
|-ability|p1a: Weavile|Pressure
|move|p2a: Darkrai|Dark Pulse|p1a: Weavile
|-resisted|p1a: Weavile
|-damage|p1a: Weavile|13/100
|
|-weather|Snowscape|[upkeep]
|upkeep
|turn|21
|
|t:|1781288132
|move|p1a: Weavile|Ice Shard|p2a: Darkrai
|-damage|p2a: Darkrai|30/100
|move|p2a: Darkrai|Dark Pulse|p1a: Weavile
|-resisted|p1a: Weavile
|-damage|p1a: Weavile|0 fnt
|faint|p1a: Weavile
|
|-weather|Snowscape|[upkeep]
|upkeep
|
|t:|1781288136
|switch|p1a: Hippowdon|Hippowdon, M|83/100
|-damage|p1a: Hippowdon|77/100|[from] Stealth Rock
|-weather|Sandstorm|[from] ability: Sand Stream|[of] p1a: Hippowdon
|turn|22
|
|t:|1781288143
|switch|p2a: Great Tusk|Great Tusk|100/100
|move|p1a: Hippowdon|Earthquake|p2a: Great Tusk
|-damage|p2a: Great Tusk|73/100
|
|-weather|Sandstorm|[upkeep]
|upkeep
|turn|23
|
|t:|1781288150
|switch|p1a: Skarmory|Skarmory, M|70/100
|-damage|p1a: Skarmory|57/100|[from] Stealth Rock
|move|p2a: Great Tusk|Rapid Spin|p1a: Skarmory
|-resisted|p1a: Skarmory
|-damage|p1a: Skarmory|52/100
|-boost|p2a: Great Tusk|spe|1
|-damage|p2a: Great Tusk|56/100|[from] item: Rocky Helmet|[of] p1a: Skarmory
|-sideend|p2: Slim Summers|Stealth Rock|[from] move: Rapid Spin|[of] p2a: Great Tusk
|
|-weather|Sandstorm|[upkeep]
|upkeep
|turn|24
|
|t:|1781288161
|-end|p2a: Great Tusk|Protosynthesis|[silent]
|switch|p2a: Ogerpon|Ogerpon-Wellspring, F|95/100
|move|p1a: Skarmory|Spikes|p2a: Ogerpon
|-sidestart|p2: Slim Summers|Spikes
|
|-weather|Sandstorm|[upkeep]
|-damage|p2a: Ogerpon|89/100|[from] Sandstorm
|upkeep
|turn|25
|
|t:|1781288168
|move|p2a: Ogerpon|Encore|p1a: Skarmory
|-start|p1a: Skarmory|Encore
|move|p1a: Skarmory|Spikes|p2a: Ogerpon
|-sidestart|p2: Slim Summers|Spikes
|
|-weather|Sandstorm|[upkeep]
|-damage|p2a: Ogerpon|83/100|[from] Sandstorm
|upkeep
|turn|26
|
|t:|1781288174
|switch|p1a: Sinistcha|Sinistcha, shiny|21/100 tox
|move|p2a: Ogerpon|Swords Dance|p2a: Ogerpon
|-boost|p2a: Ogerpon|atk|2
|
|-weather|Sandstorm|[upkeep]
|-damage|p2a: Ogerpon|77/100|[from] Sandstorm
|-damage|p1a: Sinistcha|15/100 tox|[from] Sandstorm
|-damage|p1a: Sinistcha|9/100 tox|[from] psn
|upkeep
|turn|27
|
|t:|1781288183
|move|p2a: Ogerpon|Ivy Cudgel|p1a: Sinistcha|[anim] Ivy Cudgel Water
|-resisted|p1a: Sinistcha
|-damage|p1a: Sinistcha|0 fnt
|faint|p1a: Sinistcha
|
|-weather|Sandstorm|[upkeep]
|-damage|p2a: Ogerpon|71/100|[from] Sandstorm
|upkeep
|
|t:|1781288185
|switch|p1a: Excadrill|Excadrill, M|100/100
|-damage|p1a: Excadrill|97/100|[from] Stealth Rock
|-item|p1a: Excadrill|Air Balloon
|turn|28
|
|t:|1781288203
|switch|p2a: Great Tusk|Great Tusk|56/100
|move|p1a: Excadrill|Iron Head|p2a: Great Tusk
|-damage|p2a: Great Tusk|24/100
|
|-weather|Sandstorm|[upkeep]
|upkeep
|turn|29
|
|t:|1781288221
|-end|p2a: Great Tusk|Protosynthesis|[silent]
|switch|p2a: Slowking|Slowking-Galar, M, tera:Dark|98/100
|-terastallize|p1a: Excadrill|Ghost
|move|p1a: Excadrill|Rapid Spin|p2a: Slowking
|-damage|p2a: Slowking|78/100
|-boost|p1a: Excadrill|spe|1
|-sideend|p1: WorkinBorkin|Stealth Rock|[from] move: Rapid Spin|[of] p1a: Excadrill
|
|-weather|none
|upkeep
|turn|30
|
|t:|1781288233
|switch|p1a: Garganacl|Garganacl, F, shiny|33/100
|move|p2a: Slowking|Future Sight|p1a: Garganacl
|-start|p2a: Slowking|move: Future Sight
|
|-heal|p1a: Garganacl|39/100|[from] item: Leftovers
|upkeep
|turn|31
|
|t:|1781288241
|move|p1a: Garganacl|Recover|p1a: Garganacl
|-heal|p1a: Garganacl|89/100
|-prepare|p2a: Slowking|Chilly Reception|[premajor]
|move|p2a: Slowking|Chilly Reception|p2a: Slowking
|-weather|Snowscape
|
|t:|1781288247
|switch|p2a: Great Tusk|Great Tusk|24/100|[from] Chilly Reception
|
|-weather|Snowscape|[upkeep]
|-heal|p1a: Garganacl|96/100|[from] item: Leftovers
|upkeep
|turn|32
|
|t:|1781288254
|switch|p1a: Skarmory|Skarmory, M|52/100
|move|p2a: Great Tusk|Rapid Spin|p1a: Skarmory
|-resisted|p1a: Skarmory
|-damage|p1a: Skarmory|47/100
|-boost|p2a: Great Tusk|spe|1
|-damage|p2a: Great Tusk|8/100|[from] item: Rocky Helmet|[of] p1a: Skarmory
|-sideend|p2: Slim Summers|Spikes|[from] move: Rapid Spin|[of] p2a: Great Tusk
|
|-weather|Snowscape|[upkeep]
|-end|p1a: Skarmory|move: Future Sight
|-resisted|p1a: Skarmory
|-damage|p1a: Skarmory|18/100
|upkeep
|turn|33
|inactive|Slim Summers has 120 seconds left.
|
|t:|1781288285
|move|p2a: Great Tusk|Ice Spinner|p1a: Skarmory
|-damage|p1a: Skarmory|0 fnt
|-damage|p2a: Great Tusk|0 fnt|[from] item: Rocky Helmet|[of] p1a: Skarmory
|faint|p1a: Skarmory
|faint|p2a: Great Tusk
|-end|p2a: Great Tusk|Protosynthesis|[silent]
|
|-weather|Snowscape|[upkeep]
|upkeep
|inactive|Slim Summers has 120 seconds left.
|
|t:|1781288293
|switch|p2a: Ogerpon|Ogerpon-Wellspring, F|71/100
|switch|p1a: Hippowdon|Hippowdon, M|77/100
|-weather|Sandstorm|[from] ability: Sand Stream|[of] p1a: Hippowdon
|turn|34
|
|t:|1781288300
|move|p2a: Ogerpon|Ivy Cudgel|p1a: Hippowdon|[anim] Ivy Cudgel Water
|-supereffective|p1a: Hippowdon
|-damage|p1a: Hippowdon|0 fnt
|faint|p1a: Hippowdon
|
|-weather|Sandstorm|[upkeep]
|-damage|p2a: Ogerpon|65/100|[from] Sandstorm
|upkeep
|
|t:|1781288306
|switch|p1a: Garganacl|Garganacl, F, shiny|96/100
|turn|35
|
|t:|1781288318
|move|p2a: Ogerpon|Ivy Cudgel|p1a: Garganacl|[anim] Ivy Cudgel Water
|-supereffective|p1a: Garganacl
|-damage|p1a: Garganacl|18/100
|move|p1a: Garganacl|Salt Cure|p2a: Ogerpon
|-crit|p2a: Ogerpon
|-damage|p2a: Ogerpon|38/100
|-start|p2a: Ogerpon|Salt Cure
|
|-weather|Sandstorm|[upkeep]
|-damage|p2a: Ogerpon|32/100|[from] Sandstorm
|-heal|p1a: Garganacl|24/100|[from] item: Leftovers
|-damage|p2a: Ogerpon|7/100|[from] Salt Cure
|upkeep
|turn|36
|
|t:|1781288331
|switch|p2a: Arcanine|Arcanine-Hisui, M|100/100
|move|p1a: Garganacl|Recover|p1a: Garganacl
|-heal|p1a: Garganacl|74/100
|
|-weather|Sandstorm|[upkeep]
|-heal|p1a: Garganacl|80/100|[from] item: Leftovers
|upkeep
|turn|37
|
|t:|1781288339
|move|p2a: Arcanine|Close Combat|p1a: Garganacl
|-supereffective|p1a: Garganacl
|-crit|p1a: Garganacl
|-damage|p1a: Garganacl|0 fnt
|-unboost|p2a: Arcanine|def|1
|-unboost|p2a: Arcanine|spd|1
|faint|p1a: Garganacl
|
|-weather|Sandstorm|[upkeep]
|upkeep
|
|t:|1781288341
|switch|p1a: Excadrill|Excadrill, M, tera:Ghost|97/100
|-item|p1a: Excadrill|Air Balloon
|turn|38
|
|t:|1781288363
|switch|p2a: Slowking|Slowking-Galar, M, tera:Dark|100/100
|move|p1a: Excadrill|Swords Dance|p1a: Excadrill
|-boost|p1a: Excadrill|atk|2
|
|-weather|Sandstorm|[upkeep]
|-damage|p2a: Slowking|94/100|[from] Sandstorm
|upkeep
|turn|39
|
|t:|1781288371
|move|p1a: Excadrill|Earthquake|p2a: Slowking
|-damage|p2a: Slowking|0 fnt
|faint|p2a: Slowking
|
|-weather|Sandstorm|[upkeep]
|upkeep
|inactive|Slim Summers has 120 seconds left.
|
|t:|1781288399
|switch|p2a: Arcanine|Arcanine-Hisui, M|100/100
|turn|40
|inactive|Slim Summers has 120 seconds left.
|
|t:|1781288427
|move|p1a: Excadrill|Rapid Spin|p2a: Arcanine
|-resisted|p2a: Arcanine
|-crit|p2a: Arcanine
|-damage|p2a: Arcanine|65/100
|-boost|p1a: Excadrill|spe|1
|move|p2a: Arcanine|Flare Blitz|p1a: Excadrill
|-damage|p1a: Excadrill|0 fnt
|-enditem|p1a: Excadrill|Air Balloon
|faint|p1a: Excadrill
|
|win|Slim Summers
|raw|WorkinBorkin's rating: 1574 &rarr; <strong>1552</strong><br />(-22 for losing)
|raw|Slim Summers's rating: 1547 &rarr; <strong>1569</strong><br />(+22 for winning)
|l|☆WorkinBorkin
|player|p1|
|c|☆Slim Summers|gg
|j|☆WorkinBorkin
|player|p1|WorkinBorkin|169|
|l|☆Slim Summers
|player|p2|
|l|☆WorkinBorkin
|player|p1|
