|j|☆KurisuChestnutOU
|j|☆amiruae
|t:|1781117207
|gametype|singles
|player|p1|KurisuChestnutOU|2|1544
|player|p2|amiruae|palmer|1600
|gen|9
|tier|[Gen 9] OU
|rated|
|rule|HP Percentage Mod: HP is shown in percentages
|rule|Endless Battle Clause: Forcing endless battles is banned
|rule|Species Clause: Limit one of each Pokémon
|rule|OHKO Clause: OHKO moves are banned
|rule|Evasion Items Clause: Evasion items are banned
|rule|Evasion Moves Clause: Evasion moves are banned
|rule|Evasion Abilities Clause: Evasion abilities are banned
|rule|Sleep Moves Clause: Sleep-inducing moves are banned
|clearpoke
|poke|p1|Hawlucha, F|
|poke|p1|Samurott-Hisui, F|
|poke|p1|Rillaboom, F|
|poke|p1|Gholdengo|
|poke|p1|Kyurem|
|poke|p1|Landorus-Therian, M|
|poke|p2|Dragonite, M|
|poke|p2|Moltres|
|poke|p2|Iron Moth|
|poke|p2|Iron Boulder|
|poke|p2|Zapdos-Galar|
|poke|p2|Rotom-Wash|
|teampreview
|inactive|Battle timer is ON: inactive players will automatically lose when time's up. (requested by amiruae)
|
|t:|1781117216
|teamsize|p1|6
|teamsize|p2|6
|start
|switch|p1a: Kyurem|Kyurem|100/100
|switch|p2a: Zapdos|Zapdos-Galar|100/100
|-ability|p1a: Kyurem|Pressure
|turn|1
|inactive|KurisuChestnutOU also wants the timer to be on.
|
|t:|1781117223
|-terastallize|p1a: Kyurem|Poison
|move|p1a: Kyurem|Ice Beam|p2a: Zapdos
|-supereffective|p2a: Zapdos
|-damage|p2a: Zapdos|31/100
|move|p2a: Zapdos|Thunderous Kick|p1a: Kyurem
|-resisted|p1a: Kyurem
|-damage|p1a: Kyurem|79/100
|-unboost|p1a: Kyurem|def|1
|
|upkeep
|turn|2
|
|t:|1781117237
|move|p1a: Kyurem|Ice Beam|p2a: Zapdos
|-supereffective|p2a: Zapdos
|-damage|p2a: Zapdos|0 fnt
|faint|p2a: Zapdos
|
|upkeep
|
|t:|1781117239
|switch|p2a: Rotom|Rotom-Wash|100/100
|turn|3
|
|t:|1781117247
|move|p1a: Kyurem|Freeze-Dry|p2a: Rotom
|-supereffective|p2a: Rotom
|-damage|p2a: Rotom|16/100
|move|p2a: Rotom|Nasty Plot|p2a: Rotom
|-boost|p2a: Rotom|spa|2
|
|-heal|p2a: Rotom|22/100|[from] item: Leftovers
|upkeep
|turn|4
|
|t:|1781117258
|move|p1a: Kyurem|Ice Beam|p2a: Rotom
|-resisted|p2a: Rotom
|-damage|p2a: Rotom|0 fnt
|faint|p2a: Rotom
|
|upkeep
|
|t:|1781117262
|switch|p2a: Iron Boulder|Iron Boulder|100/100
|-enditem|p2a: Iron Boulder|Booster Energy
|-activate|p2a: Iron Boulder|ability: Quark Drive|[fromitem]
|-start|p2a: Iron Boulder|quarkdrivespe
|turn|5
|
|t:|1781117271
|switch|p1a: Rillaboom|Rillaboom, F|100/100
|-fieldstart|move: Grassy Terrain|[from] ability: Grassy Surge|[of] p1a: Rillaboom
|move|p2a: Iron Boulder|Swords Dance|p2a: Iron Boulder
|-boost|p2a: Iron Boulder|atk|2
|
|upkeep
|turn|6
|
|t:|1781117293
|-terastallize|p2a: Iron Boulder|Fighting
|move|p2a: Iron Boulder|Mighty Cleave|p1a: Rillaboom
|-damage|p1a: Rillaboom|0 fnt
|faint|p1a: Rillaboom
|
|upkeep
|
|t:|1781117299
|switch|p1a: Hawlucha|Hawlucha, F|100/100
|-enditem|p1a: Hawlucha|Grassy Seed
|-boost|p1a: Hawlucha|def|1|[from] item: Grassy Seed
|turn|7
|
|t:|1781117305
|move|p1a: Hawlucha|Acrobatics|p2a: Iron Boulder
|-supereffective|p2a: Iron Boulder
|-damage|p2a: Iron Boulder|0 fnt
|faint|p2a: Iron Boulder
|-end|p2a: Iron Boulder|Quark Drive|[silent]
|
|upkeep
|
|t:|1781117309
|switch|p2a: Moltres|Moltres|100/100
|turn|8
|
|t:|1781117316
|switch|p1a: Kyurem|Kyurem, tera:Poison|79/100
|-ability|p1a: Kyurem|Pressure
|move|p2a: Moltres|Flamethrower|p1a: Kyurem
|-damage|p1a: Kyurem|44/100
|
|-heal|p1a: Kyurem|50/100|[from] Grassy Terrain
|upkeep
|turn|9
|
|t:|1781117323
|move|p1a: Kyurem|Ice Beam|p2a: Moltres
|-damage|p2a: Moltres|54/100
|move|p2a: Moltres|Tailwind|p2a: Moltres
|-sidestart|p2: amiruae|move: Tailwind
|
|-heal|p1a: Kyurem|56/100|[from] Grassy Terrain
|-fieldend|move: Grassy Terrain
|upkeep
|turn|10
|
|t:|1781117329
|move|p2a: Moltres|Scorching Sands|p1a: Kyurem
|-supereffective|p1a: Kyurem
|-damage|p1a: Kyurem|25/100
|move|p1a: Kyurem|Ice Beam|p2a: Moltres
|-damage|p2a: Moltres|10/100
|
|upkeep
|turn|11
|
|t:|1781117333
|switch|p1a: Samurott|Samurott-Hisui, F|100/100
|move|p2a: Moltres|Flamethrower|p1a: Samurott
|-resisted|p1a: Samurott
|-damage|p1a: Samurott|85/100
|
|upkeep
|turn|12
|
|t:|1781117339
|move|p2a: Moltres|Hurricane|p1a: Samurott
|-damage|p1a: Samurott|46/100
|move|p1a: Samurott|Flip Turn|p2a: Moltres
|-supereffective|p2a: Moltres
|-damage|p2a: Moltres|0 fnt
|-status|p1a: Samurott|brn|[from] ability: Flame Body|[of] p2a: Moltres
|faint|p2a: Moltres
|
|t:|1781117345
|switch|p1a: Landorus|Landorus-Therian, M|100/100|[from] Flip Turn
|
|-sideend|p2: amiruae|move: Tailwind
|upkeep
|
|t:|1781117351
|switch|p2a: Dragonite|Dragonite, M|100/100
|turn|13
|
|t:|1781117355
|move|p1a: Landorus|Taunt|p2a: Dragonite
|-start|p2a: Dragonite|move: Taunt
|cant|p2a: Dragonite|move: Taunt|Dragon Dance
|
|upkeep
|turn|14
|
|t:|1781117360
|move|p1a: Landorus|U-turn|p2a: Dragonite
|-resisted|p2a: Dragonite
|-damage|p2a: Dragonite|95/100
|
|t:|1781117365
|switch|p1a: Kyurem|Kyurem, tera:Poison|25/100|[from] U-turn
|-ability|p1a: Kyurem|Pressure
|move|p2a: Dragonite|Ice Spinner|p1a: Kyurem
|-damage|p1a: Kyurem|0 fnt
|faint|p1a: Kyurem
|
|upkeep
|
|t:|1781117372
|switch|p1a: Landorus|Landorus-Therian, M|100/100
|-ability|p1a: Landorus|Intimidate|boost
|-unboost|p2a: Dragonite|atk|1
|turn|15
|
|t:|1781117381
|switch|p1a: Samurott|Samurott-Hisui, F|46/100 brn
|move|p2a: Dragonite|Ice Spinner|p1a: Samurott
|-resisted|p1a: Samurott
|-damage|p1a: Samurott|36/100 brn
|
|-damage|p1a: Samurott|30/100 brn|[from] brn
|-end|p2a: Dragonite|move: Taunt
|upkeep
|turn|16
|
|t:|1781117386
|move|p2a: Dragonite|Dragon Dance|p2a: Dragonite
|-boost|p2a: Dragonite|atk|1
|-boost|p2a: Dragonite|spe|1
|move|p1a: Samurott|Flip Turn|p2a: Dragonite
|-resisted|p2a: Dragonite
|-damage|p2a: Dragonite|88/100
|
|t:|1781117390
|switch|p1a: Gholdengo|Gholdengo|100/100|[from] Flip Turn
|
|upkeep
|turn|17
|
|t:|1781117396
|move|p1a: Gholdengo|Make It Rain|p2a: Dragonite
|-damage|p2a: Dragonite|17/100
|-unboost|p1a: Gholdengo|spa|1
|move|p2a: Dragonite|Earthquake|p1a: Gholdengo
|-supereffective|p1a: Gholdengo
|-damage|p1a: Gholdengo|26/100
|
|upkeep
|turn|18
|
|t:|1781117404
|move|p1a: Gholdengo|Make It Rain|p2a: Dragonite
|-damage|p2a: Dragonite|0 fnt
|-unboost|p1a: Gholdengo|spa|1
|faint|p2a: Dragonite
|
|upkeep
|
|t:|1781117405
|switch|p2a: Iron Moth|Iron Moth|100/100
|-enditem|p2a: Iron Moth|Booster Energy
|-activate|p2a: Iron Moth|ability: Quark Drive|[fromitem]
|-start|p2a: Iron Moth|quarkdrivespe
|turn|19
|
|t:|1781117409
|move|p2a: Iron Moth|Fiery Dance|p1a: Gholdengo
|-supereffective|p1a: Gholdengo
|-damage|p1a: Gholdengo|0 fnt
|faint|p1a: Gholdengo
|
|upkeep
|
|t:|1781117416
|switch|p1a: Landorus|Landorus-Therian, M|100/100
|-ability|p1a: Landorus|Intimidate|boost
|-unboost|p2a: Iron Moth|atk|1
|turn|20
|
|t:|1781117420
|move|p2a: Iron Moth|Fiery Dance|p1a: Landorus
|-damage|p1a: Landorus|58/100
|-boost|p2a: Iron Moth|spa|1
|move|p1a: Landorus|Earth Power|p2a: Iron Moth
|-supereffective|p2a: Iron Moth
|-damage|p2a: Iron Moth|0 fnt
|faint|p2a: Iron Moth
|-end|p2a: Iron Moth|Quark Drive|[silent]
|
|win|KurisuChestnutOU
|raw|KurisuChestnutOU's rating: 1544 &rarr; <strong>1567</strong><br />(+23 for winning)
|raw|amiruae's rating: 1600 &rarr; <strong>1577</strong><br />(-23 for losing)
