|badge|p2|bronze|gen9ou|100-9
|uhtml|medal-msg|<div class="broadcast-blue">Curious what those medals under the avatar are? PS now has Ladder Seasons! For more information, check out the <a href="https://www.smogon.com/forums/threads/3740067/">thread on Smogon.</a></div>
|j|☆Rj yoip
|j|☆AnonymousJon
|t:|1781454444
|gametype|singles
|player|p1|Rj yoip|caitlin-masters|1704
|player|p2|AnonymousJon|workerice|1817
|gen|9
|tier|[Gen 9] OU
|rated|
|rule|HP Percentage Mod: HP is shown in percentages
|rule|Endless Battle Clause: Forcing endless battles is banned
|rule|Species Clause: Limit one of each Pokémon
|rule|OHKO Clause: OHKO moves are banned
|rule|Evasion Items Clause: Evasion items are banned
|rule|Evasion Moves Clause: Evasion moves are banned
|rule|Evasion Abilities Clause: Evasion abilities are banned
|rule|Sleep Moves Clause: Sleep-inducing moves are banned
|clearpoke
|poke|p1|Tyranitar, F|
|poke|p1|Hydrapple, F|
|poke|p1|Enamorus, F|
|poke|p1|Garganacl, M|
|poke|p1|Excadrill, M|
|poke|p1|Alomomola, F|
|poke|p2|Great Tusk|
|poke|p2|Ogerpon-Cornerstone, F|
|poke|p2|Rillaboom, F|
|poke|p2|Tyranitar, F|
|poke|p2|Corviknight, M|
|poke|p2|Dragapult, F|
|teampreview
|inactive|Battle timer is ON: inactive players will automatically lose when time's up. (requested by AnonymousJon)
|
|t:|1781454460
|teamsize|p1|6
|teamsize|p2|6
|start
|switch|p1a: Garganacl|Garganacl, M|100/100
|switch|p2a: Rillaboom|Rillaboom, F|100/100
|-fieldstart|move: Grassy Terrain|[from] ability: Grassy Surge|[of] p2a: Rillaboom
|turn|1
|
|t:|1781454471
|move|p1a: Garganacl|Protect|p1a: Garganacl
|-singleturn|p1a: Garganacl|Protect
|move|p2a: Rillaboom|Knock Off|p1a: Garganacl
|-activate|p1a: Garganacl|move: Protect
|
|upkeep
|turn|2
|
|t:|1781454473
|switch|p1a: Hydrapple|Hydrapple, F|100/100
|move|p2a: Rillaboom|Knock Off|p1a: Hydrapple
|-damage|p1a: Hydrapple|72/100
|-damage|p2a: Rillaboom|84/100|[from] item: Rocky Helmet|[of] p1a: Hydrapple
|-enditem|p1a: Hydrapple|Rocky Helmet|[from] move: Knock Off|[of] p2a: Rillaboom
|
|-heal|p2a: Rillaboom|90/100|[from] Grassy Terrain
|-heal|p1a: Hydrapple|78/100|[from] Grassy Terrain
|upkeep
|turn|3
|
|t:|1781454477
|switch|p2a: Corviknight|Corviknight, M|100/100
|-ability|p2a: Corviknight|Pressure
|switch|p1a: Garganacl|Garganacl, M|100/100
|
|upkeep
|turn|4
|
|t:|1781454479
|switch|p2a: Ogerpon|Ogerpon-Cornerstone, F|100/100
|move|p1a: Garganacl|Salt Cure|p2a: Ogerpon
|-damage|p2a: Ogerpon|83/100
|-start|p2a: Ogerpon|Salt Cure
|
|-heal|p2a: Ogerpon|89/100|[from] Grassy Terrain
|-damage|p2a: Ogerpon|76/100|[from] Salt Cure
|upkeep
|turn|5
|
|t:|1781454484
|switch|p2a: Tyranitar|Tyranitar, F|100/100
|-weather|Sandstorm|[from] ability: Sand Stream|[of] p2a: Tyranitar
|switch|p1a: Hydrapple|Hydrapple, F|100/100
|
|-weather|Sandstorm|[upkeep]
|-damage|p1a: Hydrapple|94/100|[from] Sandstorm
|-heal|p1a: Hydrapple|100/100|[from] Grassy Terrain
|-fieldend|move: Grassy Terrain
|upkeep
|turn|6
|
|t:|1781454487
|switch|p1a: Alomomola|Alomomola, F|100/100
|move|p2a: Tyranitar|Stealth Rock|p1a: Alomomola
|-sidestart|p1: Rj yoip|move: Stealth Rock
|
|-weather|Sandstorm|[upkeep]
|-damage|p1a: Alomomola|94/100|[from] Sandstorm
|upkeep
|turn|7
|
|t:|1781454489
|move|p2a: Tyranitar|Knock Off|p1a: Alomomola
|-damage|p1a: Alomomola|67/100
|-enditem|p1a: Alomomola|Assault Vest|[from] move: Knock Off|[of] p2a: Tyranitar
|move|p1a: Alomomola|Scald|p2a: Tyranitar
|-supereffective|p2a: Tyranitar
|-damage|p2a: Tyranitar|90/100
|-status|p2a: Tyranitar|brn
|
|-weather|Sandstorm|[upkeep]
|-damage|p1a: Alomomola|61/100|[from] Sandstorm
|-heal|p2a: Tyranitar|96/100 brn|[from] item: Leftovers
|-damage|p2a: Tyranitar|90/100 brn|[from] brn
|upkeep
|turn|8
|
|t:|1781454493
|switch|p2a: Rillaboom|Rillaboom, F|90/100
|-fieldstart|move: Grassy Terrain|[from] ability: Grassy Surge|[of] p2a: Rillaboom
|move|p1a: Alomomola|Flip Turn|p2a: Rillaboom
|-resisted|p2a: Rillaboom
|-damage|p2a: Rillaboom|82/100
|
|t:|1781454494
|switch|p1a: Hydrapple|Hydrapple, F|100/100|[from] Flip Turn
|-damage|p1a: Hydrapple|88/100|[from] Stealth Rock
|
|-weather|Sandstorm|[upkeep]
|-damage|p2a: Rillaboom|76/100|[from] Sandstorm
|-damage|p1a: Hydrapple|82/100|[from] Sandstorm
|-heal|p2a: Rillaboom|82/100|[from] Grassy Terrain
|-heal|p1a: Hydrapple|88/100|[from] Grassy Terrain
|upkeep
|turn|9
|
|t:|1781454496
|move|p2a: Rillaboom|U-turn|p1a: Hydrapple
|-supereffective|p1a: Hydrapple
|-damage|p1a: Hydrapple|48/100
|
|t:|1781454499
|switch|p2a: Corviknight|Corviknight, M|100/100|[from] U-turn
|-ability|p2a: Corviknight|Pressure
|move|p1a: Hydrapple|Nasty Plot|p1a: Hydrapple
|-boost|p1a: Hydrapple|spa|2
|
|-weather|none
|-heal|p1a: Hydrapple|54/100|[from] Grassy Terrain
|upkeep
|turn|10
|
|t:|1781454501
|switch|p1a: Garganacl|Garganacl, M|100/100
|-damage|p1a: Garganacl|88/100|[from] Stealth Rock
|move|p2a: Corviknight|Brave Bird|p1a: Garganacl
|-resisted|p1a: Garganacl
|-damage|p1a: Garganacl|76/100
|-damage|p2a: Corviknight|96/100|[from] Recoil
|
|-heal|p1a: Garganacl|82/100|[from] Grassy Terrain
|-heal|p1a: Garganacl|88/100|[from] item: Leftovers
|upkeep
|turn|11
|
|t:|1781454505
|move|p2a: Corviknight|U-turn|p1a: Garganacl
|-damage|p1a: Garganacl|79/100
|
|t:|1781454507
|switch|p2a: Rillaboom|Rillaboom, F|82/100|[from] U-turn
|move|p1a: Garganacl|Salt Cure|p2a: Rillaboom
|-damage|p2a: Rillaboom|65/100
|-start|p2a: Rillaboom|Salt Cure
|
|-heal|p2a: Rillaboom|71/100|[from] Grassy Terrain
|-heal|p1a: Garganacl|86/100|[from] Grassy Terrain
|-heal|p1a: Garganacl|92/100|[from] item: Leftovers
|-damage|p2a: Rillaboom|59/100|[from] Salt Cure
|upkeep
|turn|12
|
|t:|1781454510
|switch|p2a: Ogerpon|Ogerpon-Cornerstone, F|76/100
|move|p1a: Garganacl|Protect||[still]
|-fail|p1a: Garganacl
|
|-heal|p2a: Ogerpon|83/100|[from] Grassy Terrain
|-heal|p1a: Garganacl|98/100|[from] Grassy Terrain
|-heal|p1a: Garganacl|100/100|[from] item: Leftovers
|-fieldend|move: Grassy Terrain
|upkeep
|turn|13
|
|t:|1781454514
|switch|p1a: Hydrapple|Hydrapple, F|87/100
|-damage|p1a: Hydrapple|75/100|[from] Stealth Rock
|move|p2a: Ogerpon|Swords Dance|p2a: Ogerpon
|-boost|p2a: Ogerpon|atk|2
|
|upkeep
|turn|14
|
|t:|1781454516
|move|p2a: Ogerpon|Ivy Cudgel|p1a: Hydrapple|[anim] Ivy Cudgel Rock
|-damage|p1a: Hydrapple|14/100
|move|p1a: Hydrapple|Fickle Beam|p2a: Ogerpon
|-damage|p2a: Ogerpon|44/100
|
|upkeep
|turn|15
|
|t:|1781454519
|move|p2a: Ogerpon|Ivy Cudgel|p1a: Hydrapple|[anim] Ivy Cudgel Rock
|-crit|p1a: Hydrapple
|-damage|p1a: Hydrapple|0 fnt
|faint|p1a: Hydrapple
|
|upkeep
|
|t:|1781454528
|switch|p1a: Enamorus|Enamorus, F|100/100
|-damage|p1a: Enamorus|76/100|[from] Stealth Rock
|turn|16
|
|t:|1781454532
|switch|p2a: Tyranitar|Tyranitar, F|90/100 brn
|-weather|Sandstorm|[from] ability: Sand Stream|[of] p2a: Tyranitar
|move|p1a: Enamorus|Moonblast|p2a: Tyranitar
|-supereffective|p2a: Tyranitar
|-damage|p2a: Tyranitar|43/100 brn
|
|-weather|Sandstorm|[upkeep]
|-damage|p1a: Enamorus|69/100|[from] Sandstorm
|-heal|p2a: Tyranitar|49/100 brn|[from] item: Leftovers
|-damage|p2a: Tyranitar|43/100 brn|[from] brn
|upkeep
|turn|17
|
|t:|1781454538
|switch|p1a: Excadrill|Excadrill, M|100/100
|-damage|p1a: Excadrill|97/100|[from] Stealth Rock
|switch|p2a: Corviknight|Corviknight, M|96/100
|-ability|p2a: Corviknight|Pressure
|
|-weather|Sandstorm|[upkeep]
|-heal|p1a: Excadrill|100/100|[from] item: Leftovers
|upkeep
|turn|18
|
|t:|1781454539
|move|p1a: Excadrill|Rapid Spin|p2a: Corviknight
|-resisted|p2a: Corviknight
|-damage|p2a: Corviknight|91/100
|-boost|p1a: Excadrill|spe|1
|-damage|p1a: Excadrill|84/100|[from] item: Rocky Helmet|[of] p2a: Corviknight
|-sideend|p1: Rj yoip|Stealth Rock|[from] move: Rapid Spin|[of] p1a: Excadrill
|move|p2a: Corviknight|Body Press|p1a: Excadrill
|-supereffective|p1a: Excadrill
|-damage|p1a: Excadrill|9/100
|
|-weather|Sandstorm|[upkeep]
|-heal|p1a: Excadrill|15/100|[from] item: Leftovers
|upkeep
|turn|19
|
|t:|1781454551
|switch|p1a: Garganacl|Garganacl, M|100/100
|move|p2a: Corviknight|U-turn|p1a: Garganacl
|-damage|p1a: Garganacl|92/100
|
|t:|1781454553
|switch|p2a: Ogerpon|Ogerpon-Cornerstone, F|44/100|[from] U-turn
|
|-weather|Sandstorm|[upkeep]
|-heal|p1a: Garganacl|98/100|[from] item: Leftovers
|upkeep
|turn|20
|
|t:|1781454562
|move|p2a: Ogerpon|Horn Leech|p1a: Garganacl
|-supereffective|p1a: Garganacl
|-damage|p1a: Garganacl|41/100
|-heal|p2a: Ogerpon|82/100|[from] drain|[of] p1a: Garganacl
|move|p1a: Garganacl|Salt Cure|p2a: Ogerpon
|-damage|p2a: Ogerpon|65/100
|-start|p2a: Ogerpon|Salt Cure
|
|-weather|none
|-heal|p1a: Garganacl|48/100|[from] item: Leftovers
|-damage|p2a: Ogerpon|52/100|[from] Salt Cure
|upkeep
|turn|21
|j| PremierAvatarWan
|
|t:|1781454571
|switch|p2a: Tyranitar|Tyranitar, F|43/100 brn
|-weather|Sandstorm|[from] ability: Sand Stream|[of] p2a: Tyranitar
|move|p1a: Garganacl|Protect||[still]
|-fail|p1a: Garganacl
|
|-weather|Sandstorm|[upkeep]
|-heal|p2a: Tyranitar|49/100 brn|[from] item: Leftovers
|-heal|p1a: Garganacl|54/100|[from] item: Leftovers
|-damage|p2a: Tyranitar|43/100 brn|[from] brn
|upkeep
|turn|22
|
|t:|1781454573
|move|p2a: Tyranitar|Stealth Rock|p1a: Garganacl
|-sidestart|p1: Rj yoip|move: Stealth Rock
|move|p1a: Garganacl|Recover|p1a: Garganacl
|-heal|p1a: Garganacl|100/100
|
|-weather|Sandstorm|[upkeep]
|-heal|p2a: Tyranitar|49/100 brn|[from] item: Leftovers
|-damage|p2a: Tyranitar|43/100 brn|[from] brn
|upkeep
|turn|23
|
|t:|1781454577
|switch|p2a: Rillaboom|Rillaboom, F|59/100
|-fieldstart|move: Grassy Terrain|[from] ability: Grassy Surge|[of] p2a: Rillaboom
|move|p1a: Garganacl|Salt Cure|p2a: Rillaboom
|-damage|p2a: Rillaboom|43/100
|-start|p2a: Rillaboom|Salt Cure
|
|-weather|Sandstorm|[upkeep]
|-damage|p2a: Rillaboom|37/100|[from] Sandstorm
|-heal|p2a: Rillaboom|43/100|[from] Grassy Terrain
|-damage|p2a: Rillaboom|31/100|[from] Salt Cure
|upkeep
|turn|24
|
|t:|1781454580
|move|p1a: Garganacl|Protect|p1a: Garganacl
|-singleturn|p1a: Garganacl|Protect
|move|p2a: Rillaboom|Grassy Glide|p1a: Garganacl
|-activate|p1a: Garganacl|move: Protect
|
|-weather|Sandstorm|[upkeep]
|-damage|p2a: Rillaboom|25/100|[from] Sandstorm
|-heal|p2a: Rillaboom|31/100|[from] Grassy Terrain
|-damage|p2a: Rillaboom|19/100|[from] Salt Cure
|upkeep
|turn|25
|
|t:|1781454585
|switch|p2a: Ogerpon|Ogerpon-Cornerstone, F|52/100
|switch|p1a: Enamorus|Enamorus, F|69/100
|-damage|p1a: Enamorus|44/100|[from] Stealth Rock
|
|-weather|none
|-heal|p2a: Ogerpon|59/100|[from] Grassy Terrain
|upkeep
|turn|26
|
|t:|1781454589
|switch|p2a: Tyranitar|Tyranitar, F|43/100 brn
|-weather|Sandstorm|[from] ability: Sand Stream|[of] p2a: Tyranitar
|move|p1a: Enamorus|Mystical Fire|p2a: Tyranitar
|-resisted|p2a: Tyranitar
|-crit|p2a: Tyranitar
|-damage|p2a: Tyranitar|34/100 brn
|-unboost|p2a: Tyranitar|spa|1
|
|-weather|Sandstorm|[upkeep]
|-damage|p1a: Enamorus|38/100|[from] Sandstorm
|-heal|p2a: Tyranitar|41/100 brn|[from] Grassy Terrain
|-heal|p2a: Tyranitar|47/100 brn|[from] item: Leftovers
|-damage|p2a: Tyranitar|41/100 brn|[from] brn
|upkeep
|turn|27
|
|t:|1781454592
|switch|p2a: Ogerpon|Ogerpon-Cornerstone, F|59/100
|move|p1a: Enamorus|Mystical Fire|p2a: Ogerpon
|-damage|p2a: Ogerpon|36/100
|-unboost|p2a: Ogerpon|spa|1
|
|-weather|Sandstorm|[upkeep]
|-damage|p1a: Enamorus|32/100|[from] Sandstorm
|-heal|p2a: Ogerpon|42/100|[from] Grassy Terrain
|-fieldend|move: Grassy Terrain
|upkeep
|turn|28
|
|t:|1781454595
|move|p1a: Enamorus|Mystical Fire|p2a: Ogerpon
|-damage|p2a: Ogerpon|20/100
|-unboost|p2a: Ogerpon|spa|1
|move|p2a: Ogerpon|Horn Leech|p1a: Enamorus
|-resisted|p1a: Enamorus
|-damage|p1a: Enamorus|0 fnt
|-heal|p2a: Ogerpon|35/100|[from] drain|[of] p1a: Enamorus
|faint|p1a: Enamorus
|
|-weather|Sandstorm|[upkeep]
|upkeep
|
|t:|1781454598
|switch|p1a: Excadrill|Excadrill, M|15/100
|-damage|p1a: Excadrill|12/100|[from] Stealth Rock
|turn|29
|
|t:|1781454600
|switch|p2a: Corviknight|Corviknight, M|91/100
|-ability|p2a: Corviknight|Pressure
|move|p1a: Excadrill|Rock Slide|p2a: Corviknight
|-damage|p2a: Corviknight|74/100
|
|-weather|Sandstorm|[upkeep]
|-heal|p1a: Excadrill|18/100|[from] item: Leftovers
|upkeep
|turn|30
|
|t:|1781454603
|move|p1a: Excadrill|Rock Slide|p2a: Corviknight
|-damage|p2a: Corviknight|59/100
|move|p2a: Corviknight|Body Press|p1a: Excadrill
|-supereffective|p1a: Excadrill
|-damage|p1a: Excadrill|0 fnt
|faint|p1a: Excadrill
|
|-weather|none
|upkeep
|
|t:|1781454608
|switch|p1a: Tyranitar|Tyranitar, F|100/100
|-damage|p1a: Tyranitar|88/100|[from] Stealth Rock
|-weather|Sandstorm|[from] ability: Sand Stream|[of] p1a: Tyranitar
|turn|31
|
|t:|1781454610
|move|p1a: Tyranitar|Knock Off|p2a: Corviknight
|-damage|p2a: Corviknight|12/100
|-damage|p1a: Tyranitar|72/100|[from] item: Rocky Helmet|[of] p2a: Corviknight
|-enditem|p2a: Corviknight|Rocky Helmet|[from] move: Knock Off|[of] p1a: Tyranitar
|move|p2a: Corviknight|Body Press|p1a: Tyranitar
|-supereffective|p1a: Tyranitar
|-damage|p1a: Tyranitar|0 fnt
|faint|p1a: Tyranitar
|
|-weather|Sandstorm|[upkeep]
|upkeep
|
|t:|1781454613
|switch|p1a: Garganacl|Garganacl, M|100/100
|-damage|p1a: Garganacl|88/100|[from] Stealth Rock
|turn|32
|
|t:|1781454615
|move|p2a: Corviknight|Body Press|p1a: Garganacl
|-supereffective|p1a: Garganacl
|-damage|p1a: Garganacl|54/100
|move|p1a: Garganacl|Salt Cure|p2a: Corviknight
|-damage|p2a: Corviknight|4/100
|-start|p2a: Corviknight|Salt Cure
|
|-weather|Sandstorm|[upkeep]
|-heal|p1a: Garganacl|60/100|[from] item: Leftovers
|-damage|p2a: Corviknight|0 fnt|[from] Salt Cure
|faint|p2a: Corviknight
|upkeep
|
|t:|1781454618
|switch|p2a: Rillaboom|Rillaboom, F|19/100
|-fieldstart|move: Grassy Terrain|[from] ability: Grassy Surge|[of] p2a: Rillaboom
|turn|33
|
|t:|1781454620
|move|p1a: Garganacl|Protect|p1a: Garganacl
|-singleturn|p1a: Garganacl|Protect
|move|p2a: Rillaboom|Wood Hammer|p1a: Garganacl
|-activate|p1a: Garganacl|move: Protect
|
|-weather|Sandstorm|[upkeep]
|-damage|p2a: Rillaboom|13/100|[from] Sandstorm
|-heal|p2a: Rillaboom|19/100|[from] Grassy Terrain
|-heal|p1a: Garganacl|66/100|[from] Grassy Terrain
|-heal|p1a: Garganacl|72/100|[from] item: Leftovers
|upkeep
|turn|34
|
|t:|1781454626
|switch|p1a: Alomomola|Alomomola, F|94/100
|-damage|p1a: Alomomola|82/100|[from] Stealth Rock
|move|p2a: Rillaboom|Wood Hammer|p1a: Alomomola
|-supereffective|p1a: Alomomola
|-damage|p1a: Alomomola|0 fnt
|faint|p1a: Alomomola
|-damage|p2a: Rillaboom|0 fnt|[from] Recoil
|faint|p2a: Rillaboom
|
|-weather|Sandstorm|[upkeep]
|upkeep
|
|t:|1781454628
|switch|p2a: Ogerpon|Ogerpon-Cornerstone, F|35/100
|switch|p1a: Garganacl|Garganacl, M|72/100
|-damage|p1a: Garganacl|60/100|[from] Stealth Rock
|turn|35
|
|t:|1781454632
|-terastallize|p1a: Garganacl|Electric
|move|p2a: Ogerpon|Horn Leech|p1a: Garganacl
|-damage|p1a: Garganacl|26/100
|-heal|p2a: Ogerpon|58/100|[from] drain|[of] p1a: Garganacl
|move|p1a: Garganacl|Recover|p1a: Garganacl
|-heal|p1a: Garganacl|76/100
|
|-weather|none
|-heal|p2a: Ogerpon|64/100|[from] Grassy Terrain
|-heal|p1a: Garganacl|82/100|[from] Grassy Terrain
|-heal|p1a: Garganacl|88/100|[from] item: Leftovers
|upkeep
|turn|36
|
|t:|1781454635
|move|p2a: Ogerpon|Swords Dance|p2a: Ogerpon
|-boost|p2a: Ogerpon|atk|2
|move|p1a: Garganacl|Salt Cure|p2a: Ogerpon
|-damage|p2a: Ogerpon|47/100
|-start|p2a: Ogerpon|Salt Cure
|
|-heal|p2a: Ogerpon|53/100|[from] Grassy Terrain
|-heal|p1a: Garganacl|95/100|[from] Grassy Terrain
|-heal|p1a: Garganacl|100/100|[from] item: Leftovers
|-damage|p2a: Ogerpon|41/100|[from] Salt Cure
|upkeep
|turn|37
|
|t:|1781454637
|move|p1a: Garganacl|Protect|p1a: Garganacl
|-singleturn|p1a: Garganacl|Protect
|move|p2a: Ogerpon|Horn Leech|p1a: Garganacl
|-activate|p1a: Garganacl|move: Protect
|
|-heal|p2a: Ogerpon|47/100|[from] Grassy Terrain
|-damage|p2a: Ogerpon|34/100|[from] Salt Cure
|-fieldend|move: Grassy Terrain
|upkeep
|turn|38
|
|t:|1781454641
|move|p2a: Ogerpon|Horn Leech|p1a: Garganacl
|-damage|p1a: Garganacl|39/100
|-heal|p2a: Ogerpon|75/100|[from] drain|[of] p1a: Garganacl
|move|p1a: Garganacl|Stealth Rock|p2a: Ogerpon
|-sidestart|p2: AnonymousJon|move: Stealth Rock
|
|-heal|p1a: Garganacl|45/100|[from] item: Leftovers
|-damage|p2a: Ogerpon|63/100|[from] Salt Cure
|upkeep
|turn|39
|
|t:|1781454644
|move|p1a: Garganacl|Protect|p1a: Garganacl
|-singleturn|p1a: Garganacl|Protect
|move|p2a: Ogerpon|Swords Dance|p2a: Ogerpon
|-boost|p2a: Ogerpon|atk|2
|
|-heal|p1a: Garganacl|51/100|[from] item: Leftovers
|-damage|p2a: Ogerpon|50/100|[from] Salt Cure
|upkeep
|turn|40
|
|t:|1781454645
|move|p2a: Ogerpon|Horn Leech|p1a: Garganacl
|-damage|p1a: Garganacl|0 fnt
|-heal|p2a: Ogerpon|84/100|[from] drain|[of] p1a: Garganacl
|faint|p1a: Garganacl
|
|win|AnonymousJon
|raw|Rj yoip's rating: 1685 &rarr; <strong>1672</strong><br />(-13 for losing)
|raw|AnonymousJon's rating: 1817 &rarr; <strong>1830</strong><br />(+13 for winning)
|l|☆Rj yoip
|player|p1|
|c|☆AnonymousJon|gg
|l|☆AnonymousJon
|player|p2|
|l| PremierAvatarWan
