|j|☆summerenaissance
|j|☆Greavard Squad
|t:|1780891679
|gametype|singles
|player|p1|summerenaissance|iris-gen5bw2|1582
|player|p2|Greavard Squad|picnicker|1635
|gen|9
|tier|[Gen 9] OU
|rated|
|rule|HP Percentage Mod: HP is shown in percentages
|rule|Endless Battle Clause: Forcing endless battles is banned
|rule|Species Clause: Limit one of each Pokémon
|rule|OHKO Clause: OHKO moves are banned
|rule|Evasion Items Clause: Evasion items are banned
|rule|Evasion Moves Clause: Evasion moves are banned
|rule|Evasion Abilities Clause: Evasion abilities are banned
|rule|Sleep Moves Clause: Sleep-inducing moves are banned
|clearpoke
|poke|p1|Munkidori, M|
|poke|p1|Garganacl, M|
|poke|p1|Corviknight, M|
|poke|p1|Iron Moth|
|poke|p1|Ting-Lu|
|poke|p1|Dragonite, M|
|poke|p2|Great Tusk|
|poke|p2|Heatran, M|
|poke|p2|Weavile, M|
|poke|p2|Primarina, M|
|poke|p2|Ogerpon, F|
|poke|p2|Pecharunt|
|teampreview
|
|t:|1780891684
|teamsize|p1|6
|teamsize|p2|6
|start
|switch|p1a: Munkidori|Munkidori, M|100/100
|switch|p2a: Weavile|Weavile, M|100/100
|-ability|p2a: Weavile|Pressure
|turn|1
|
|t:|1780891687
|move|p1a: Munkidori|Fake Out|p2a: Weavile
|-damage|p2a: Weavile|88/100
|-status|p2a: Weavile|tox|[from] ability: Toxic Chain|[of] p1a: Munkidori
|cant|p2a: Weavile|flinch
|
|-damage|p2a: Weavile|82/100 tox|[from] psn
|upkeep
|turn|2
|
|t:|1780891691
|switch|p1a: Corviknight|Corviknight, M|100/100
|-ability|p1a: Corviknight|Pressure
|move|p2a: Weavile|Knock Off|p1a: Corviknight
|-damage|p1a: Corviknight|57/100
|-damage|p2a: Weavile|66/100 tox|[from] item: Rocky Helmet|[of] p1a: Corviknight
|-enditem|p1a: Corviknight|Rocky Helmet|[from] move: Knock Off|[of] p2a: Weavile
|
|-damage|p2a: Weavile|54/100 tox|[from] psn
|upkeep
|turn|3
|
|t:|1780891701
|switch|p2a: Primarina|Primarina, M, shiny|100/100
|move|p1a: Corviknight|Roost|p1a: Corviknight
|-heal|p1a: Corviknight|100/100
|-singleturn|p1a: Corviknight|move: Roost
|
|upkeep
|turn|4
|
|t:|1780891705
|switch|p1a: Munkidori|Munkidori, M|100/100
|move|p2a: Primarina|Psychic Noise|p1a: Munkidori
|-damage|p1a: Munkidori|52/100
|-start|p1a: Munkidori|move: Heal Block
|
|upkeep
|turn|5
|
|t:|1780891711
|switch|p2a: Weavile|Weavile, M|54/100 tox
|-ability|p2a: Weavile|Pressure
|move|p1a: Munkidori|Fake Out|p2a: Weavile
|-damage|p2a: Weavile|42/100 tox
|
|-damage|p2a: Weavile|36/100 tox|[from] psn
|-end|p1a: Munkidori|move: Heal Block
|upkeep
|turn|6
|
|t:|1780891716
|switch|p1a: Corviknight|Corviknight, M|100/100
|-ability|p1a: Corviknight|Pressure
|move|p2a: Weavile|Triple Axel|p1a: Corviknight|[miss]
|-miss|p2a: Weavile|p1a: Corviknight
|
|-damage|p2a: Weavile|24/100 tox|[from] psn
|upkeep
|turn|7
|
|t:|1780891723
|switch|p1a: Munkidori|Munkidori, M|52/100
|move|p2a: Weavile|Triple Axel|p1a: Munkidori
|-damage|p1a: Munkidori|26/100
|-damage|p1a: Munkidori|0 fnt
|faint|p1a: Munkidori
|-hitcount|p1: Munkidori|2
|
|-damage|p2a: Weavile|5/100 tox|[from] psn
|upkeep
|
|t:|1780891728
|switch|p1a: Dragonite|Dragonite, M|100/100
|turn|8
|
|t:|1780891731
|switch|p2a: Pecharunt|Pecharunt|100/100
|move|p1a: Dragonite|Extreme Speed|p2a: Pecharunt
|-immune|p2a: Pecharunt
|
|upkeep
|turn|9
|
|t:|1780891736
|switch|p1a: Garganacl|Garganacl, M|100/100
|-terastallize|p2a: Pecharunt|Ghost
|move|p2a: Pecharunt|Shadow Ball|p1a: Garganacl
|-damage|p1a: Garganacl|90/100
|-unboost|p1a: Garganacl|spd|1
|
|-heal|p1a: Garganacl|96/100|[from] item: Leftovers
|upkeep
|turn|10
|
|t:|1780891742
|move|p2a: Pecharunt|Parting Shot|p1a: Garganacl
|-unboost|p1a: Garganacl|atk|1
|-unboost|p1a: Garganacl|spa|1
|inactive|Battle timer is ON: inactive players will automatically lose when time's up. (requested by summerenaissance)
|
|t:|1780891751
|switch|p2a: Weavile|Weavile, M|5/100 tox|[from] Parting Shot
|-ability|p2a: Weavile|Pressure
|move|p1a: Garganacl|Salt Cure|p2a: Weavile
|-supereffective|p2a: Weavile
|-damage|p2a: Weavile|0 fnt
|faint|p2a: Weavile
|
|-heal|p1a: Garganacl|100/100|[from] item: Leftovers
|upkeep
|
|t:|1780891757
|switch|p2a: Ogerpon|Ogerpon, F|100/100
|turn|11
|
|t:|1780891760
|move|p1a: Garganacl|Protect|p1a: Garganacl
|-singleturn|p1a: Garganacl|Protect
|move|p2a: Ogerpon|U-turn|p1a: Garganacl
|-activate|p1a: Garganacl|move: Protect
|
|upkeep
|turn|12
|
|t:|1780891762
|move|p2a: Ogerpon|U-turn|p1a: Garganacl
|-damage|p1a: Garganacl|78/100
|
|t:|1780891765
|switch|p2a: Great Tusk|Great Tusk, shiny|100/100|[from] U-turn
|move|p1a: Garganacl|Salt Cure|p2a: Great Tusk
|-resisted|p2a: Great Tusk
|-damage|p2a: Great Tusk|99/100
|-start|p2a: Great Tusk|Salt Cure
|
|-heal|p1a: Garganacl|84/100|[from] item: Leftovers
|-damage|p2a: Great Tusk|86/100|[from] Salt Cure
|upkeep
|turn|13
|
|t:|1780891771
|-end|p2a: Great Tusk|Protosynthesis|[silent]
|switch|p2a: Primarina|Primarina, M, shiny|100/100
|switch|p1a: Corviknight|Corviknight, M|100/100
|-ability|p1a: Corviknight|Pressure
|
|upkeep
|turn|14
|
|t:|1780891777
|move|p1a: Corviknight|Roost||[still]
|-fail|p1a: Corviknight|heal
|move|p2a: Primarina|Psychic Noise|p1a: Corviknight
|-damage|p1a: Corviknight|58/100
|-start|p1a: Corviknight|move: Heal Block
|
|upkeep
|turn|15
|
|t:|1780891785
|switch|p1a: Ting-Lu|Ting-Lu|100/100
|-ability|p1a: Ting-Lu|Vessel of Ruin
|move|p2a: Primarina|Psychic Noise|p1a: Ting-Lu
|-supereffective|p1a: Ting-Lu
|-crit|p1a: Ting-Lu
|-damage|p1a: Ting-Lu|46/100
|-start|p1a: Ting-Lu|move: Heal Block
|
|upkeep
|turn|16
|
|t:|1780891789
|-terastallize|p1a: Ting-Lu|Water
|move|p2a: Primarina|Moonblast|p1a: Ting-Lu
|-damage|p1a: Ting-Lu|25/100
|-unboost|p1a: Ting-Lu|spa|1
|move|p1a: Ting-Lu|Earthquake|p2a: Primarina
|-damage|p2a: Primarina|57/100
|
|-end|p1a: Ting-Lu|move: Heal Block
|upkeep
|turn|17
|
|t:|1780891794
|move|p2a: Primarina|Flip Turn|p1a: Ting-Lu
|-resisted|p1a: Ting-Lu
|-damage|p1a: Ting-Lu|21/100
|
|t:|1780891796
|switch|p2a: Ogerpon|Ogerpon, F|100/100|[from] Flip Turn
|move|p1a: Ting-Lu|Earthquake|p2a: Ogerpon
|-resisted|p2a: Ogerpon
|-damage|p2a: Ogerpon|75/100
|
|-heal|p1a: Ting-Lu|27/100|[from] item: Leftovers
|upkeep
|turn|18
|
|t:|1780891801
|switch|p1a: Corviknight|Corviknight, M|58/100
|-ability|p1a: Corviknight|Pressure
|move|p2a: Ogerpon|Ivy Cudgel|p1a: Corviknight
|-resisted|p1a: Corviknight
|-damage|p1a: Corviknight|47/100
|
|upkeep
|turn|19
|
|t:|1780891803
|switch|p2a: Primarina|Primarina, M, shiny|57/100
|move|p1a: Corviknight|Roost|p1a: Corviknight
|-heal|p1a: Corviknight|97/100
|-singleturn|p1a: Corviknight|move: Roost
|
|upkeep
|turn|20
|
|t:|1780891805
|move|p1a: Corviknight|Brave Bird|p2a: Primarina
|-damage|p2a: Primarina|8/100
|-damage|p1a: Corviknight|83/100|[from] Recoil
|move|p2a: Primarina|Psychic Noise|p1a: Corviknight
|-damage|p1a: Corviknight|43/100
|-start|p1a: Corviknight|move: Heal Block
|
|upkeep
|turn|21
|
|t:|1780891809
|switch|p2a: Great Tusk|Great Tusk, shiny|86/100
|move|p1a: Corviknight|Brave Bird|p2a: Great Tusk
|-supereffective|p2a: Great Tusk
|-damage|p2a: Great Tusk|31/100
|-damage|p1a: Corviknight|26/100|[from] Recoil
|
|-end|p1a: Corviknight|move: Heal Block
|upkeep
|turn|22
|
|t:|1780891811
|move|p2a: Great Tusk|Close Combat|p1a: Corviknight
|-damage|p1a: Corviknight|0 fnt
|-unboost|p2a: Great Tusk|def|1
|-unboost|p2a: Great Tusk|spd|1
|faint|p1a: Corviknight
|
|upkeep
|
|t:|1780891814
|switch|p1a: Iron Moth|Iron Moth|100/100
|turn|23
|
|t:|1780891816
|-end|p2a: Great Tusk|Protosynthesis|[silent]
|switch|p2a: Heatran|Heatran, M|100/100
|-item|p2a: Heatran|Air Balloon
|move|p1a: Iron Moth|U-turn|p2a: Heatran
|-resisted|p2a: Heatran
|-crit|p2a: Heatran
|-damage|p2a: Heatran|96/100
|-enditem|p2a: Heatran|Air Balloon
|
|t:|1780891818
|-end|p1a: Iron Moth|Quark Drive|[silent]
|switch|p1a: Garganacl|Garganacl, M|84/100|[from] U-turn
|
|-heal|p1a: Garganacl|90/100|[from] item: Leftovers
|upkeep
|turn|24
|
|t:|1780891824
|switch|p2a: Great Tusk|Great Tusk, shiny|31/100
|move|p1a: Garganacl|Salt Cure|p2a: Great Tusk
|-resisted|p2a: Great Tusk
|-damage|p2a: Great Tusk|28/100
|-start|p2a: Great Tusk|Salt Cure
|
|-heal|p1a: Garganacl|97/100|[from] item: Leftovers
|-damage|p2a: Great Tusk|16/100|[from] Salt Cure
|upkeep
|turn|25
|
|t:|1780891829
|move|p1a: Garganacl|Protect|p1a: Garganacl
|-singleturn|p1a: Garganacl|Protect
|move|p2a: Great Tusk|Ice Spinner|p1a: Garganacl
|-activate|p1a: Garganacl|move: Protect
|
|-heal|p1a: Garganacl|100/100|[from] item: Leftovers
|-damage|p2a: Great Tusk|3/100|[from] Salt Cure
|upkeep
|turn|26
|
|t:|1780891834
|switch|p1a: Dragonite|Dragonite, M|100/100
|move|p2a: Great Tusk|Headlong Rush|p1a: Dragonite
|-immune|p1a: Dragonite
|
|-damage|p2a: Great Tusk|0 fnt|[from] Salt Cure
|faint|p2a: Great Tusk
|-end|p2a: Great Tusk|Protosynthesis|[silent]
|upkeep
|
|t:|1780891839
|switch|p2a: Ogerpon|Ogerpon, F|75/100
|turn|27
|
|t:|1780891843
|move|p1a: Dragonite|Extreme Speed|p2a: Ogerpon
|-damage|p2a: Ogerpon|14/100
|move|p2a: Ogerpon|Rock Tomb|p1a: Dragonite
|-supereffective|p1a: Dragonite
|-damage|p1a: Dragonite|66/100
|-unboost|p1a: Dragonite|spe|1
|
|upkeep
|turn|28
|
|t:|1780891848
|switch|p2a: Pecharunt|Pecharunt, tera:Ghost|100/100
|switch|p1a: Garganacl|Garganacl, M|100/100
|
|upkeep
|turn|29
|
|t:|1780891854
|move|p2a: Pecharunt|Parting Shot|p1a: Garganacl
|-unboost|p1a: Garganacl|atk|1
|-unboost|p1a: Garganacl|spa|1
|
|t:|1780891856
|switch|p2a: Ogerpon|Ogerpon, F|14/100|[from] Parting Shot
|move|p1a: Garganacl|Stealth Rock|p2a: Ogerpon
|-sidestart|p2: Greavard Squad|move: Stealth Rock
|
|upkeep
|turn|30
|
|t:|1780891859
|move|p1a: Garganacl|Protect|p1a: Garganacl
|-singleturn|p1a: Garganacl|Protect
|move|p2a: Ogerpon|Ivy Cudgel|p1a: Garganacl
|-activate|p1a: Garganacl|move: Protect
|
|upkeep
|turn|31
|
|t:|1780891863
|switch|p1a: Dragonite|Dragonite, M|66/100
|move|p2a: Ogerpon|Ivy Cudgel|p1a: Dragonite
|-resisted|p1a: Dragonite
|-crit|p1a: Dragonite
|-damage|p1a: Dragonite|34/100
|
|upkeep
|turn|32
|
|t:|1780891870
|switch|p2a: Pecharunt|Pecharunt, tera:Ghost|100/100
|-damage|p2a: Pecharunt|88/100|[from] Stealth Rock
|move|p1a: Dragonite|Extreme Speed|p2a: Pecharunt
|-immune|p2a: Pecharunt
|
|upkeep
|turn|33
|
|t:|1780891874
|switch|p1a: Garganacl|Garganacl, M|100/100
|move|p2a: Pecharunt|Parting Shot|p1a: Garganacl
|-unboost|p1a: Garganacl|atk|1
|-unboost|p1a: Garganacl|spa|1
|
|t:|1780891880
|switch|p2a: Ogerpon|Ogerpon, F|14/100|[from] Parting Shot
|-damage|p2a: Ogerpon|1/100|[from] Stealth Rock
|
|upkeep
|turn|34
|
|t:|1780891884
|move|p1a: Garganacl|Protect|p1a: Garganacl
|-singleturn|p1a: Garganacl|Protect
|move|p2a: Ogerpon|Ivy Cudgel|p1a: Garganacl
|-activate|p1a: Garganacl|move: Protect
|
|upkeep
|turn|35
|
|t:|1780891886
|switch|p1a: Dragonite|Dragonite, M|34/100
|move|p2a: Ogerpon|Ivy Cudgel|p1a: Dragonite
|-resisted|p1a: Dragonite
|-damage|p1a: Dragonite|15/100
|
|upkeep
|turn|36
|
|t:|1780891890
|switch|p2a: Pecharunt|Pecharunt, tera:Ghost|88/100
|-damage|p2a: Pecharunt|76/100|[from] Stealth Rock
|move|p1a: Dragonite|Extreme Speed|p2a: Pecharunt
|-immune|p2a: Pecharunt
|
|upkeep
|turn|37
|
|t:|1780891893
|switch|p1a: Garganacl|Garganacl, M|100/100
|move|p2a: Pecharunt|Recover|p2a: Pecharunt
|-heal|p2a: Pecharunt|100/100
|
|upkeep
|turn|38
|-message|Greavard Squad forfeited.
|
|win|summerenaissance
|raw|summerenaissance's rating: 1582 &rarr; <strong>1605</strong><br />(+23 for winning)
|raw|Greavard Squad's rating: 1635 &rarr; <strong>1612</strong><br />(-23 for losing)
|l|☆Greavard Squad
|player|p2|
|l|☆summerenaissance
|player|p1|
