|j|☆kadu99
|j|☆imperimento
|t:|1780943695
|gametype|singles
|player|p1|kadu99|policeman-gen4|1725
|player|p2|imperimento|2|1766
|gen|9
|tier|[Gen 9] OU
|rated|
|rule|HP Percentage Mod: HP is shown in percentages
|rule|Endless Battle Clause: Forcing endless battles is banned
|rule|Species Clause: Limit one of each Pokémon
|rule|OHKO Clause: OHKO moves are banned
|rule|Evasion Items Clause: Evasion items are banned
|rule|Evasion Moves Clause: Evasion moves are banned
|rule|Evasion Abilities Clause: Evasion abilities are banned
|rule|Sleep Moves Clause: Sleep-inducing moves are banned
|clearpoke
|poke|p1|Volcanion|
|poke|p1|Corviknight, M|
|poke|p1|Zamazenta-*|
|poke|p1|Rillaboom, F|
|poke|p1|Gliscor, F|
|poke|p1|Slowking-Galar, F|
|poke|p2|Moltres|
|poke|p2|Samurott-Hisui, F|
|poke|p2|Gholdengo|
|poke|p2|Pecharunt|
|poke|p2|Walking Wake|
|poke|p2|Ting-Lu|
|teampreview
|inactive|Battle timer is ON: inactive players will automatically lose when time's up. (requested by kadu99)
|
|t:|1780943730
|teamsize|p1|6
|teamsize|p2|6
|start
|switch|p1a: Gliscor|Gliscor, F|100/100
|switch|p2a: Samurott|Samurott-Hisui, F|100/100
|turn|1
|j| 0RickMountStrong
|
|t:|1780943746
|move|p1a: Gliscor|Protect|p1a: Gliscor
|-singleturn|p1a: Gliscor|Protect
|move|p2a: Samurott|Knock Off|p1a: Gliscor
|-activate|p1a: Gliscor|move: Protect
|
|-status|p1a: Gliscor|tox|[from] item: Toxic Orb
|upkeep
|turn|2
|
|t:|1780943751
|move|p1a: Gliscor|Toxic|p2a: Samurott
|-status|p2a: Samurott|tox
|move|p2a: Samurott|Ceaseless Edge|p1a: Gliscor
|-damage|p1a: Gliscor|72/100 tox
|-sidestart|p1: kadu99|Spikes
|
|-heal|p1a: Gliscor|84/100 tox|[from] ability: Poison Heal
|-damage|p2a: Samurott|94/100 tox|[from] psn
|upkeep
|turn|3
|
|t:|1780943763
|move|p1a: Gliscor|Protect|p1a: Gliscor
|-singleturn|p1a: Gliscor|Protect
|move|p2a: Samurott|Ceaseless Edge|p1a: Gliscor
|-activate|p1a: Gliscor|move: Protect
|
|-heal|p1a: Gliscor|97/100 tox|[from] ability: Poison Heal
|-damage|p2a: Samurott|82/100 tox|[from] psn
|upkeep
|turn|4
|
|t:|1780943769
|move|p1a: Gliscor|Stealth Rock|p2a: Samurott
|-sidestart|p2: imperimento|move: Stealth Rock
|move|p2a: Samurott|Ceaseless Edge|p1a: Gliscor
|-damage|p1a: Gliscor|67/100 tox
|-sidestart|p1: kadu99|Spikes
|
|-heal|p1a: Gliscor|80/100 tox|[from] ability: Poison Heal
|-damage|p2a: Samurott|64/100 tox|[from] psn
|upkeep
|turn|5
|
|t:|1780943780
|switch|p2a: Walking Wake|Walking Wake|100/100
|move|p1a: Gliscor|Protect||[still]
|-fail|p1a: Gliscor
|
|-heal|p1a: Gliscor|92/100 tox|[from] ability: Poison Heal
|upkeep
|turn|6
|
|t:|1780943791
|move|p1a: Gliscor|Protect|p1a: Gliscor
|-singleturn|p1a: Gliscor|Protect
|move|p2a: Walking Wake|Surf|p1a: Gliscor
|-activate|p1a: Gliscor|move: Protect
|
|-heal|p1a: Gliscor|100/100 tox|[from] ability: Poison Heal
|upkeep
|turn|7
|
|t:|1780943810
|move|p2a: Walking Wake|Flip Turn|p1a: Gliscor
|-supereffective|p1a: Gliscor
|-damage|p1a: Gliscor|75/100 tox
|
|t:|1780943814
|-end|p2a: Walking Wake|Protosynthesis|[silent]
|switch|p2a: Pecharunt|Pecharunt|100/100|[from] Flip Turn
|move|p1a: Gliscor|Toxic|p2a: Pecharunt
|-immune|p2a: Pecharunt
|
|-heal|p1a: Gliscor|87/100 tox|[from] ability: Poison Heal
|upkeep
|turn|8
|
|t:|1780943822
|move|p2a: Pecharunt|Nasty Plot|p2a: Pecharunt
|-boost|p2a: Pecharunt|spa|2
|move|p1a: Gliscor|Knock Off|p2a: Pecharunt
|-supereffective|p2a: Pecharunt
|-damage|p2a: Pecharunt|74/100
|-enditem|p2a: Pecharunt|Heavy-Duty Boots|[from] move: Knock Off|[of] p1a: Gliscor
|
|-heal|p1a: Gliscor|99/100 tox|[from] ability: Poison Heal
|upkeep
|turn|9
|
|t:|1780943833
|switch|p1a: Slowking|Slowking-Galar, F|100/100
|-damage|p1a: Slowking|84/100|[from] Spikes
|move|p2a: Pecharunt|Shadow Ball|p1a: Slowking
|-supereffective|p1a: Slowking
|-damage|p1a: Slowking|39/100
|
|upkeep
|turn|10
|
|t:|1780943841
|-terastallize|p1a: Slowking|Dark
|move|p2a: Pecharunt|Shadow Ball|p1a: Slowking
|-resisted|p1a: Slowking
|-damage|p1a: Slowking|27/100
|move|p1a: Slowking|Psychic Noise|p2a: Pecharunt
|-supereffective|p2a: Pecharunt
|-damage|p2a: Pecharunt|0 fnt
|faint|p2a: Pecharunt
|
|upkeep
|inactive|imperimento has 120 seconds left.
|inactive|imperimento has 90 seconds left.
|
|t:|1780943917
|switch|p2a: Ting-Lu|Ting-Lu|100/100
|-damage|p2a: Ting-Lu|94/100|[from] Stealth Rock
|-ability|p2a: Ting-Lu|Vessel of Ruin
|turn|11
|
|t:|1780943942
|switch|p1a: Gliscor|Gliscor, F|99/100 tox
|move|p2a: Ting-Lu|Stealth Rock|p1a: Gliscor
|-sidestart|p1: kadu99|move: Stealth Rock
|
|-heal|p2a: Ting-Lu|100/100|[from] item: Leftovers
|-heal|p1a: Gliscor|100/100 tox|[from] ability: Poison Heal
|upkeep
|turn|12
|inactive|imperimento has 60 seconds left.
|inactive|imperimento has 30 seconds left.
|inactive|imperimento has 20 seconds left.
|inactive|imperimento has 15 seconds left.
|
|t:|1780944016
|move|p1a: Gliscor|Knock Off|p2a: Ting-Lu
|-resisted|p2a: Ting-Lu
|-damage|p2a: Ting-Lu|95/100
|-enditem|p2a: Ting-Lu|Leftovers|[from] move: Knock Off|[of] p1a: Gliscor
|move|p2a: Ting-Lu|Whirlwind|p1a: Gliscor
|drag|p1a: Slowking|Slowking-Galar, F, tera:Dark|60/100
|-damage|p1a: Slowking|44/100|[from] Spikes
|-damage|p1a: Slowking|31/100|[from] Stealth Rock
|
|upkeep
|turn|13
|inactive|imperimento has 25 seconds left this turn.
|inactive|imperimento has 20 seconds left.
|inactive|imperimento has 15 seconds left.
|
|t:|1780944028
|switch|p1a: Gliscor|Gliscor, F|100/100 tox
|-damage|p1a: Gliscor|88/100 tox|[from] Stealth Rock
|move|p2a: Ting-Lu|Ruination|p1a: Gliscor
|-damage|p1a: Gliscor|44/100 tox
|
|-heal|p1a: Gliscor|57/100 tox|[from] ability: Poison Heal
|upkeep
|turn|14
|inactive|imperimento has 25 seconds left this turn.
|inactive|imperimento has 20 seconds left.
|
|t:|1780944037
|switch|p2a: Gholdengo|Gholdengo|100/100
|-damage|p2a: Gholdengo|94/100|[from] Stealth Rock
|move|p1a: Gliscor|Toxic|p2a: Gholdengo
|-immune|p2a: Gholdengo|[from] ability: Good as Gold
|
|-heal|p1a: Gliscor|69/100 tox|[from] ability: Poison Heal
|upkeep
|turn|15
|inactive|imperimento has 30 seconds left this turn.
|inactive|imperimento has 20 seconds left.
|inactive|imperimento has 15 seconds left.
|
|t:|1780944057
|move|p2a: Gholdengo|Shadow Ball|p1a: Gliscor
|-damage|p1a: Gliscor|36/100 tox
|-unboost|p1a: Gliscor|spd|1
|move|p1a: Gliscor|Knock Off|p2a: Gholdengo
|-supereffective|p2a: Gholdengo
|-damage|p2a: Gholdengo|46/100
|-enditem|p2a: Gholdengo|Choice Scarf|[from] move: Knock Off|[of] p1a: Gliscor
|
|-heal|p1a: Gliscor|48/100 tox|[from] ability: Poison Heal
|upkeep
|turn|16
|inactive|imperimento has 25 seconds left this turn.
|inactive|imperimento has 20 seconds left.
|inactive|imperimento has 15 seconds left.
|
|t:|1780944072
|switch|p1a: Rillaboom|Rillaboom, F|100/100
|-damage|p1a: Rillaboom|84/100|[from] Spikes
|-damage|p1a: Rillaboom|72/100|[from] Stealth Rock
|-fieldstart|move: Grassy Terrain|[from] ability: Grassy Surge|[of] p1a: Rillaboom
|move|p2a: Gholdengo|Recover|p2a: Gholdengo
|-heal|p2a: Gholdengo|96/100
|
|-heal|p2a: Gholdengo|100/100|[from] Grassy Terrain
|-heal|p1a: Rillaboom|78/100|[from] Grassy Terrain
|upkeep
|turn|17
|inactive|imperimento has 25 seconds left this turn.
|inactive|imperimento has 20 seconds left.
|inactive|imperimento has 15 seconds left.
|
|t:|1780944084
|switch|p2a: Moltres|Moltres|100/100
|move|p1a: Rillaboom|Knock Off|p2a: Moltres
|-damage|p2a: Moltres|69/100
|-enditem|p2a: Moltres|Heavy-Duty Boots|[from] move: Knock Off|[of] p1a: Rillaboom
|-damage|p1a: Rillaboom|68/100|[from] item: Life Orb
|
|-heal|p1a: Rillaboom|74/100|[from] Grassy Terrain
|upkeep
|turn|18
|inactive|imperimento has 25 seconds left this turn.
|inactive|imperimento has 20 seconds left.
|inactive|imperimento has 15 seconds left.
|inactive|imperimento has 10 seconds left.
|
|t:|1780944105
|switch|p1a: Slowking|Slowking-Galar, F, tera:Dark|65/100
|-damage|p1a: Slowking|48/100|[from] Spikes
|-damage|p1a: Slowking|36/100|[from] Stealth Rock
|-terastallize|p2a: Moltres|Fairy
|move|p2a: Moltres|U-turn|p1a: Slowking
|-supereffective|p1a: Slowking
|-damage|p1a: Slowking|9/100
|inactive|imperimento has 15 seconds left this turn.
|inactive|imperimento has 10 seconds left.
|
|t:|1780944114
|switch|p2a: Walking Wake|Walking Wake|100/100|[from] U-turn
|
|-heal|p1a: Slowking|15/100|[from] Grassy Terrain
|upkeep
|turn|19
|inactive|imperimento has 20 seconds left this turn.
|inactive|imperimento has 15 seconds left.
|inactive|kadu99 has 120 seconds left.
|
|t:|1780944141
|switch|p1a: Gliscor|Gliscor, F|48/100 tox
|-damage|p1a: Gliscor|36/100 tox|[from] Stealth Rock
|move|p2a: Walking Wake|Flip Turn|p1a: Gliscor
|-supereffective|p1a: Gliscor
|-damage|p1a: Gliscor|10/100 tox
|inactive|imperimento has 20 seconds left this turn.
|inactive|imperimento has 15 seconds left.
|
|t:|1780944151
|-end|p2a: Walking Wake|Protosynthesis|[silent]
|switch|p2a: Gholdengo|Gholdengo|100/100|[from] Flip Turn
|-damage|p2a: Gholdengo|94/100|[from] Stealth Rock
|
|-heal|p2a: Gholdengo|100/100|[from] Grassy Terrain
|-heal|p1a: Gliscor|23/100 tox|[from] ability: Poison Heal
|upkeep
|turn|20
|inactive|imperimento has 25 seconds left this turn.
|inactive|imperimento has 20 seconds left.
|
|t:|1780944163
|move|p1a: Gliscor|Protect|p1a: Gliscor
|-singleturn|p1a: Gliscor|Protect
|move|p2a: Gholdengo|Shadow Ball|p1a: Gliscor
|-activate|p1a: Gliscor|move: Protect
|
|-heal|p1a: Gliscor|35/100 tox|[from] ability: Poison Heal
|-fieldend|move: Grassy Terrain
|upkeep
|turn|21
|inactive|imperimento has 30 seconds left this turn.
|
|t:|1780944169
|move|p2a: Gholdengo|Shadow Ball|p1a: Gliscor
|-damage|p1a: Gliscor|2/100 tox
|-unboost|p1a: Gliscor|spd|1
|move|p1a: Gliscor|Knock Off|p2a: Gholdengo
|-supereffective|p2a: Gholdengo
|-crit|p2a: Gholdengo
|-damage|p2a: Gholdengo|55/100
|
|-heal|p1a: Gliscor|14/100 tox|[from] ability: Poison Heal
|upkeep
|turn|22
|inactive|imperimento has 30 seconds left.
|
|t:|1780944185
|move|p2a: Gholdengo|Shadow Ball|p1a: Gliscor
|-damage|p1a: Gliscor|0 fnt
|faint|p1a: Gliscor
|
|upkeep
|inactive|kadu99 has 120 seconds left.
|inactive|kadu99 has 90 seconds left.
|inactive|kadu99 has 60 seconds left.
|inactive|kadu99 has 30 seconds left.
|
|t:|1780944293
|switch|p1a: Volcanion|Volcanion|100/100
|-damage|p1a: Volcanion|84/100|[from] Spikes
|-damage|p1a: Volcanion|59/100|[from] Stealth Rock
|turn|23
|
|t:|1780944300
|switch|p2a: Samurott|Samurott-Hisui, F|64/100 tox
|-damage|p2a: Samurott|51/100 tox|[from] Stealth Rock
|move|p1a: Volcanion|Steam Eruption|p2a: Samurott
|-resisted|p2a: Samurott
|-damage|p2a: Samurott|20/100 tox
|
|-damage|p2a: Samurott|14/100 tox|[from] psn
|upkeep
|turn|24
|inactive|imperimento has 30 seconds left.
|inactive|kadu99 has 30 seconds left.
|inactive|kadu99 has 20 seconds left.
|
|t:|1780944331
|move|p1a: Volcanion|Steam Eruption|p2a: Samurott
|-resisted|p2a: Samurott
|-damage|p2a: Samurott|0 fnt
|faint|p2a: Samurott
|
|upkeep
|inactive|imperimento has 30 seconds left.
|inactive|imperimento has 20 seconds left.
|inactive|imperimento has 15 seconds left.
|inactive|imperimento has 10 seconds left.
|
|t:|1780944357
|switch|p2a: Walking Wake|Walking Wake|100/100
|turn|25
|inactive|imperimento has 20 seconds left this turn.
|inactive|imperimento has 15 seconds left.
|j| Hakone Outbound
|
|t:|1780944364
|switch|p1a: Corviknight|Corviknight, M|100/100
|-damage|p1a: Corviknight|88/100|[from] Stealth Rock
|-ability|p1a: Corviknight|Pressure
|move|p2a: Walking Wake|Draco Meteor|p1a: Corviknight
|-resisted|p1a: Corviknight
|-damage|p1a: Corviknight|56/100
|-unboost|p2a: Walking Wake|spa|2
|
|upkeep
|turn|26
|inactive|imperimento has 25 seconds left this turn.
|inactive|imperimento has 20 seconds left.
|inactive|imperimento has 15 seconds left.
|
|t:|1780944378
|move|p2a: Walking Wake|Flip Turn|p1a: Corviknight
|-damage|p1a: Corviknight|47/100
|-damage|p2a: Walking Wake|84/100|[from] item: Rocky Helmet|[of] p1a: Corviknight
|inactive|imperimento has 20 seconds left this turn.
|inactive|imperimento has 15 seconds left.
|
|t:|1780944386
|-end|p2a: Walking Wake|Protosynthesis|[silent]
|switch|p2a: Gholdengo|Gholdengo|55/100|[from] Flip Turn
|-damage|p2a: Gholdengo|49/100|[from] Stealth Rock
|move|p1a: Corviknight|U-turn|p2a: Gholdengo
|-resisted|p2a: Gholdengo
|-damage|p2a: Gholdengo|45/100
|inactive|kadu99 has 30 seconds left.
|inactive|kadu99 has 20 seconds left.
|inactive|kadu99 has 15 seconds left.
|
|t:|1780944419
|switch|p1a: Slowking|Slowking-Galar, F, tera:Dark|49/100|[from] U-turn
|-damage|p1a: Slowking|32/100|[from] Spikes
|-damage|p1a: Slowking|20/100|[from] Stealth Rock
|
|upkeep
|turn|27
|inactive|kadu99 has 25 seconds left this turn.
|inactive|imperimento has 30 seconds left this turn.
|inactive|imperimento has 20 seconds left.
|
|t:|1780944430
|move|p2a: Gholdengo|Make It Rain|p1a: Slowking
|-damage|p1a: Slowking|0 fnt
|-unboost|p2a: Gholdengo|spa|1
|faint|p1a: Slowking
|
|upkeep
|inactive|kadu99 has 30 seconds left this turn.
|
|t:|1780944432
|switch|p1a: Rillaboom|Rillaboom, F|74/100
|-damage|p1a: Rillaboom|58/100|[from] Spikes
|-damage|p1a: Rillaboom|45/100|[from] Stealth Rock
|-fieldstart|move: Grassy Terrain|[from] ability: Grassy Surge|[of] p1a: Rillaboom
|turn|28
|inactive|imperimento has 30 seconds left.
|inactive|kadu99 has 30 seconds left.
|j| Lowladderubersnoob
|inactive|imperimento has 20 seconds left.
|
|t:|1780944448
|move|p2a: Gholdengo|Make It Rain|p1a: Rillaboom
|-damage|p1a: Rillaboom|0 fnt
|-unboost|p2a: Gholdengo|spa|1
|faint|p1a: Rillaboom
|
|-heal|p2a: Gholdengo|51/100|[from] Grassy Terrain
|upkeep
|inactive|kadu99 has 30 seconds left this turn.
|
|t:|1780944453
|switch|p1a: Zamazenta|Zamazenta|100/100
|-damage|p1a: Zamazenta|84/100|[from] Spikes
|-damage|p1a: Zamazenta|78/100|[from] Stealth Rock
|-ability|p1a: Zamazenta|Dauntless Shield|boost
|-boost|p1a: Zamazenta|def|1
|turn|29
|inactive|kadu99 has 30 seconds left.
|inactive|imperimento has 30 seconds left.
|
|t:|1780944465
|switch|p2a: Walking Wake|Walking Wake|84/100
|move|p1a: Zamazenta|Roar|p2a: Walking Wake
|-end|p2a: Walking Wake|Protosynthesis|[silent]
|drag|p2a: Ting-Lu|Ting-Lu|95/100
|-damage|p2a: Ting-Lu|88/100|[from] Stealth Rock
|-ability|p2a: Ting-Lu|Vessel of Ruin
|
|-heal|p1a: Zamazenta|84/100|[from] Grassy Terrain
|-heal|p1a: Zamazenta|90/100|[from] item: Leftovers
|-heal|p2a: Ting-Lu|95/100|[from] Grassy Terrain
|upkeep
|turn|30
|inactive|imperimento has 30 seconds left.
|
|t:|1780944476
|move|p1a: Zamazenta|Body Press|p2a: Ting-Lu
|-supereffective|p2a: Ting-Lu
|-damage|p2a: Ting-Lu|44/100
|move|p2a: Ting-Lu|Whirlwind|p1a: Zamazenta
|drag|p1a: Corviknight|Corviknight, M|47/100
|-damage|p1a: Corviknight|35/100|[from] Stealth Rock
|-ability|p1a: Corviknight|Pressure
|
|-heal|p2a: Ting-Lu|50/100|[from] Grassy Terrain
|upkeep
|turn|31
|inactive|imperimento has 30 seconds left.
|
|t:|1780944488
|switch|p2a: Gholdengo|Gholdengo|51/100
|-damage|p2a: Gholdengo|45/100|[from] Stealth Rock
|move|p1a: Corviknight|U-turn|p2a: Gholdengo
|-resisted|p2a: Gholdengo
|-damage|p2a: Gholdengo|41/100
|
|t:|1780944490
|switch|p1a: Zamazenta|Zamazenta|90/100|[from] U-turn
|-damage|p1a: Zamazenta|74/100|[from] Spikes
|-damage|p1a: Zamazenta|68/100|[from] Stealth Rock
|
|-heal|p1a: Zamazenta|74/100|[from] Grassy Terrain
|-heal|p1a: Zamazenta|80/100|[from] item: Leftovers
|-heal|p2a: Gholdengo|47/100|[from] Grassy Terrain
|upkeep
|turn|32
|inactive|imperimento has 30 seconds left.
|
|t:|1780944509
|switch|p2a: Moltres|Moltres, tera:Fairy|69/100
|-damage|p2a: Moltres|56/100|[from] Stealth Rock
|move|p1a: Zamazenta|Iron Defense|p1a: Zamazenta
|-boost|p1a: Zamazenta|def|2
|
|-heal|p1a: Zamazenta|86/100|[from] Grassy Terrain
|-heal|p1a: Zamazenta|92/100|[from] item: Leftovers
|-heal|p2a: Moltres|62/100|[from] Grassy Terrain
|-fieldend|move: Grassy Terrain
|upkeep
|turn|33
|inactive|imperimento has 30 seconds left.
|
|t:|1780944518
|move|p1a: Zamazenta|Iron Defense|p1a: Zamazenta
|-boost|p1a: Zamazenta|def|2
|move|p2a: Moltres|Roost|p2a: Moltres
|-heal|p2a: Moltres|100/100
|
|-heal|p1a: Zamazenta|98/100|[from] item: Leftovers
|upkeep
|turn|34
|
|t:|1780944527
|move|p1a: Zamazenta|Iron Defense|p1a: Zamazenta
|-boost|p1a: Zamazenta|def|2
|move|p2a: Moltres|Roar|p1a: Zamazenta
|drag|p1a: Corviknight|Corviknight, M|35/100
|-damage|p1a: Corviknight|22/100|[from] Stealth Rock
|-ability|p1a: Corviknight|Pressure
|
|upkeep
|turn|35
|
|t:|1780944536
|switch|p1a: Volcanion|Volcanion|59/100
|-damage|p1a: Volcanion|42/100|[from] Spikes
|-damage|p1a: Volcanion|17/100|[from] Stealth Rock
|move|p2a: Moltres|Flamethrower|p1a: Volcanion
|-resisted|p1a: Volcanion
|-damage|p1a: Volcanion|5/100
|
|upkeep
|turn|36
|
|t:|1780944552
|switch|p2a: Walking Wake|Walking Wake|84/100
|move|p1a: Volcanion|Sludge Bomb|p2a: Walking Wake
|-damage|p2a: Walking Wake|29/100
|
|upkeep
|turn|37
|
|t:|1780944559
|move|p2a: Walking Wake|Knock Off|p1a: Volcanion
|-damage|p1a: Volcanion|0 fnt
|-enditem|p1a: Volcanion|Choice Specs|[from] move: Knock Off|[of] p2a: Walking Wake
|faint|p1a: Volcanion
|
|upkeep
|
|t:|1780944561
|switch|p1a: Zamazenta|Zamazenta|98/100
|-damage|p1a: Zamazenta|82/100|[from] Spikes
|-damage|p1a: Zamazenta|76/100|[from] Stealth Rock
|turn|38
|j| Professor Rai
|
|t:|1780944578
|move|p1a: Zamazenta|Body Press|p2a: Walking Wake
|-damage|p2a: Walking Wake|0 fnt
|faint|p2a: Walking Wake
|-end|p2a: Walking Wake|Protosynthesis|[silent]
|
|-heal|p1a: Zamazenta|82/100|[from] item: Leftovers
|upkeep
|
|t:|1780944582
|switch|p2a: Moltres|Moltres, tera:Fairy|100/100
|-damage|p2a: Moltres|88/100|[from] Stealth Rock
|turn|39
|
|t:|1780944601
|move|p1a: Zamazenta|Iron Defense|p1a: Zamazenta
|-boost|p1a: Zamazenta|def|2
|move|p2a: Moltres|U-turn|p1a: Zamazenta
|-resisted|p1a: Zamazenta
|-damage|p1a: Zamazenta|79/100
|
|t:|1780944609
|switch|p2a: Gholdengo|Gholdengo|47/100|[from] U-turn
|-damage|p2a: Gholdengo|41/100|[from] Stealth Rock
|
|-heal|p1a: Zamazenta|86/100|[from] item: Leftovers
|upkeep
|turn|40
|
|t:|1780944616
|move|p1a: Zamazenta|Iron Defense|p1a: Zamazenta
|-boost|p1a: Zamazenta|def|2
|move|p2a: Gholdengo|Trick|p1a: Zamazenta
|-activate|p2a: Gholdengo|move: Trick|[of] p1a: Zamazenta
|-enditem|p1a: Zamazenta|Leftovers|[silent]|[from] move: Trick
|-item|p2a: Gholdengo|Leftovers|[from] move: Trick
|
|-heal|p2a: Gholdengo|47/100|[from] item: Leftovers
|upkeep
|turn|41
|c| Professor Rai|crunch it
|c| Professor Rai|wtf u doin
|c| Lowladderubersnoob|Bro
|c| Lowladderubersnoob|roar was the play
|
|t:|1780944634
|move|p1a: Zamazenta|Crunch|p2a: Gholdengo
|-supereffective|p2a: Gholdengo
|-damage|p2a: Gholdengo|0 fnt
|faint|p2a: Gholdengo
|
|upkeep
|c| Lowladderubersnoob|for moltres
|
|t:|1780944641
|switch|p2a: Moltres|Moltres, tera:Fairy|88/100
|-damage|p2a: Moltres|76/100|[from] Stealth Rock
|turn|42
|c| Lowladderubersnoob|U sold
|
|t:|1780944646
|move|p1a: Zamazenta|Roar|p2a: Moltres
|drag|p2a: Ting-Lu|Ting-Lu|50/100
|-damage|p2a: Ting-Lu|44/100|[from] Stealth Rock
|-ability|p2a: Ting-Lu|Vessel of Ruin
|
|upkeep
|turn|43
|inactive|imperimento has 60 seconds left.
|
|t:|1780944656
|move|p1a: Zamazenta|Body Press|p2a: Ting-Lu
|-supereffective|p2a: Ting-Lu
|-damage|p2a: Ting-Lu|0 fnt
|faint|p2a: Ting-Lu
|
|upkeep
|c| Lowladderubersnoob|Then u can kill corv
|
|t:|1780944660
|switch|p2a: Moltres|Moltres, tera:Fairy|76/100
|-damage|p2a: Moltres|64/100|[from] Stealth Rock
|turn|44
|inactive|imperimento has 60 seconds left.
|c| Lowladderubersnoob|U still win
|
|t:|1780944673
|move|p1a: Zamazenta|Body Press|p2a: Moltres
|-resisted|p2a: Moltres
|-damage|p2a: Moltres|32/100
|move|p2a: Moltres|Roost|p2a: Moltres
|-heal|p2a: Moltres|82/100
|
|upkeep
|turn|45
|c| Lowladderubersnoob|I think
|inactive|imperimento has 60 seconds left.
|c| Professor Rai|he lost lefties
|
|t:|1780944684
|move|p1a: Zamazenta|Body Press|p2a: Moltres
|-resisted|p2a: Moltres
|-damage|p2a: Moltres|46/100
|move|p2a: Moltres|Flamethrower|p1a: Zamazenta
|-damage|p1a: Zamazenta|57/100
|
|upkeep
|turn|46
|c| Professor Rai|moltres outlasts
|
|t:|1780944692
|move|p1a: Zamazenta|Iron Defense|p1a: Zamazenta
|-boost|p1a: Zamazenta|def|2
|move|p2a: Moltres|Roost|p2a: Moltres
|-heal|p2a: Moltres|96/100
|
|upkeep
|turn|47
|j| kanitanku
|
|t:|1780944704
|move|p1a: Zamazenta|Body Press|p2a: Moltres
|-resisted|p2a: Moltres
|-damage|p2a: Moltres|53/100
|-status|p1a: Zamazenta|brn|[from] ability: Flame Body|[of] p2a: Moltres
|move|p2a: Moltres|Roar|p1a: Zamazenta
|drag|p1a: Corviknight|Corviknight, M|22/100
|-damage|p1a: Corviknight|10/100|[from] Stealth Rock
|-ability|p1a: Corviknight|Pressure
|
|upkeep
|turn|48
|c| Professor Rai|flame body and wisp
|
|t:|1780944717
|move|p2a: Moltres|Flamethrower|p1a: Corviknight
|-supereffective|p1a: Corviknight
|-damage|p1a: Corviknight|0 fnt
|faint|p1a: Corviknight
|
|upkeep
|c| Professor Rai|told ya
|
|t:|1780944720
|switch|p1a: Zamazenta|Zamazenta|57/100 brn
|-damage|p1a: Zamazenta|40/100 brn|[from] Spikes
|-damage|p1a: Zamazenta|34/100 brn|[from] Stealth Rock
|turn|49
|c| Lowladderubersnoob|He don’t have wisp
|
|t:|1780944729
|move|p1a: Zamazenta|Iron Defense|p1a: Zamazenta
|-boost|p1a: Zamazenta|def|2
|move|p2a: Moltres|Roost|p2a: Moltres
|-heal|p2a: Moltres|100/100
|
|-damage|p1a: Zamazenta|28/100 brn|[from] brn
|upkeep
|turn|50
|-message|kadu99 forfeited.
|
|win|imperimento
|raw|kadu99's rating: 1725 &rarr; <strong>1707</strong><br />(-18 for losing)
|raw|imperimento's rating: 1766 &rarr; <strong>1784</strong><br />(+18 for winning)
|l|☆kadu99
|player|p1|
|c| Professor Rai|flame body
|c|☆imperimento|gg
