|j|☆LowEL0God
|j|☆wubbybubbyjr
|t:|1781238214
|gametype|singles
|player|p1|LowEL0God|265|1600
|player|p2|wubbybubbyjr|preschooler|1613
|gen|9
|tier|[Gen 9] OU
|rated|
|rule|HP Percentage Mod: HP is shown in percentages
|rule|Endless Battle Clause: Forcing endless battles is banned
|rule|Species Clause: Limit one of each Pokémon
|rule|OHKO Clause: OHKO moves are banned
|rule|Evasion Items Clause: Evasion items are banned
|rule|Evasion Moves Clause: Evasion moves are banned
|rule|Evasion Abilities Clause: Evasion abilities are banned
|rule|Sleep Moves Clause: Sleep-inducing moves are banned
|clearpoke
|poke|p1|Pelipper, M|
|poke|p1|Raging Bolt|
|poke|p1|Overqwil, M|
|poke|p1|Barraskewda, M|
|poke|p1|Iron Treads|
|poke|p1|Kingambit, M|
|poke|p2|Hoopa-Unbound|
|poke|p2|Alomomola, F|
|poke|p2|Cinderace, F|
|poke|p2|Tornadus-Therian, M|
|poke|p2|Iron Treads|
|poke|p2|Dragapult, F|
|teampreview
|inactive|Battle timer is ON: inactive players will automatically lose when time's up. (requested by wubbybubbyjr)
|c|☆LowEL0God|hf
|inactive|LowEL0God also wants the timer to be on.
|
|t:|1781238229
|teamsize|p1|6
|teamsize|p2|6
|start
|switch|p1a: Barraskewda|Barraskewda, M|100/100
|switch|p2a: Hoopa|Hoopa-Unbound|100/100
|turn|1
|
|t:|1781238232
|switch|p2a: Alomomola|Alomomola, F|100/100
|move|p1a: Barraskewda|Liquidation|p2a: Alomomola
|-resisted|p2a: Alomomola
|-damage|p2a: Alomomola|80/100
|
|-heal|p2a: Alomomola|86/100|[from] item: Leftovers
|upkeep
|turn|2
|
|t:|1781238236
|move|p1a: Barraskewda|Liquidation|p2a: Alomomola
|-resisted|p2a: Alomomola
|-damage|p2a: Alomomola|68/100
|move|p2a: Alomomola|Flip Turn|p1a: Barraskewda
|-resisted|p1a: Barraskewda
|-damage|p1a: Barraskewda|83/100
|
|t:|1781238240
|switch|p2a: Dragapult|Dragapult, F|100/100|[from] Flip Turn
|
|upkeep
|turn|3
|
|t:|1781238242
|switch|p1a: Kingambit|Kingambit, M|100/100
|move|p2a: Dragapult|U-turn|p1a: Kingambit
|-damage|p1a: Kingambit|88/100
|
|t:|1781238249
|switch|p2a: Hoopa|Hoopa-Unbound|100/100|[from] U-turn
|
|-heal|p1a: Kingambit|94/100|[from] item: Leftovers
|upkeep
|turn|4
|
|t:|1781238256
|-terastallize|p1a: Kingambit|Dark
|move|p2a: Hoopa|Hyperspace Fury|p1a: Kingambit
|-resisted|p1a: Kingambit
|-damage|p1a: Kingambit|56/100
|-unboost|p2a: Hoopa|def|1
|move|p1a: Kingambit|Kowtow Cleave|p2a: Hoopa
|-damage|p2a: Hoopa|0 fnt
|faint|p2a: Hoopa
|
|-heal|p1a: Kingambit|62/100|[from] item: Leftovers
|upkeep
|
|t:|1781238263
|switch|p2a: Cinderace|Cinderace, F|100/100
|turn|5
|
|t:|1781238265
|move|p2a: Cinderace|U-turn|p1a: Kingambit
|-start|p2a: Cinderace|typechange|Bug|[from] ability: Libero
|-supereffective|p1a: Kingambit
|-damage|p1a: Kingambit|11/100
|
|t:|1781238269
|switch|p2a: Alomomola|Alomomola, F|100/100|[from] U-turn
|move|p1a: Kingambit|Kowtow Cleave|p2a: Alomomola
|-damage|p2a: Alomomola|67/100
|
|-heal|p1a: Kingambit|17/100|[from] item: Leftovers
|-heal|p2a: Alomomola|73/100|[from] item: Leftovers
|upkeep
|turn|6
|
|t:|1781238272
|move|p1a: Kingambit|Kowtow Cleave|p2a: Alomomola
|-damage|p2a: Alomomola|39/100
|move|p2a: Alomomola|Flip Turn|p1a: Kingambit
|-damage|p1a: Kingambit|4/100
|
|t:|1781238275
|switch|p2a: Tornadus|Tornadus-Therian, M|100/100|[from] Flip Turn
|
|-heal|p1a: Kingambit|11/100|[from] item: Leftovers
|upkeep
|turn|7
|
|t:|1781238277
|move|p1a: Kingambit|Sucker Punch|p2a: Tornadus
|-damage|p2a: Tornadus|38/100
|move|p2a: Tornadus|U-turn|p1a: Kingambit
|-supereffective|p1a: Kingambit
|-damage|p1a: Kingambit|0 fnt
|faint|p1a: Kingambit
|-end|p1a: Kingambit|fallenundefined|[silent]
|
|t:|1781238306
|switch|p2a: Dragapult|Dragapult, F|100/100|[from] U-turn
|
|upkeep
|
|t:|1781238306
|switch|p1a: Pelipper|Pelipper, M|100/100
|-weather|RainDance|[from] ability: Drizzle|[of] p1a: Pelipper
|turn|8
|
|t:|1781238315
|move|p2a: Dragapult|Draco Meteor|p1a: Pelipper
|-damage|p1a: Pelipper|0 fnt
|-unboost|p2a: Dragapult|spa|2
|faint|p1a: Pelipper
|
|-weather|RainDance|[upkeep]
|upkeep
|
|t:|1781238318
|switch|p1a: Overqwil|Overqwil, M|100/100
|turn|9
|
|t:|1781238320
|switch|p2a: Alomomola|Alomomola, F|73/100
|move|p1a: Overqwil|Crunch|p2a: Alomomola
|-damage|p2a: Alomomola|42/100
|-damage|p1a: Overqwil|91/100|[from] item: Life Orb
|
|-weather|RainDance|[upkeep]
|-heal|p2a: Alomomola|49/100|[from] item: Leftovers
|upkeep
|turn|10
|
|t:|1781238323
|move|p1a: Overqwil|Swords Dance|p1a: Overqwil
|-boost|p1a: Overqwil|atk|2
|move|p2a: Alomomola|Flip Turn|p1a: Overqwil
|-damage|p1a: Overqwil|61/100
|
|t:|1781238335
|switch|p2a: Tornadus|Tornadus-Therian, M|71/100|[from] Flip Turn
|
|-weather|RainDance|[upkeep]
|upkeep
|turn|11
|
|t:|1781238340
|move|p1a: Overqwil|Crunch|p2a: Tornadus
|-damage|p2a: Tornadus|0 fnt
|faint|p2a: Tornadus
|-damage|p1a: Overqwil|51/100|[from] item: Life Orb
|
|-weather|RainDance|[upkeep]
|upkeep
|
|t:|1781238345
|switch|p2a: Alomomola|Alomomola, F|82/100
|turn|12
|
|t:|1781238352
|move|p1a: Overqwil|Gunk Shot|p2a: Alomomola|[miss]
|-miss|p1a: Overqwil|p2a: Alomomola
|move|p2a: Alomomola|Flip Turn|p1a: Overqwil
|-damage|p1a: Overqwil|25/100
|
|t:|1781238355
|switch|p2a: Cinderace|Cinderace, F|100/100|[from] Flip Turn
|
|-weather|RainDance|[upkeep]
|upkeep
|turn|13
|
|t:|1781238356
|move|p2a: Cinderace|Sucker Punch|p1a: Overqwil
|-start|p2a: Cinderace|typechange|Dark|[from] ability: Libero
|-resisted|p1a: Overqwil
|-damage|p1a: Overqwil|7/100
|move|p1a: Overqwil|Crunch|p2a: Cinderace
|-resisted|p2a: Cinderace
|-damage|p2a: Cinderace|28/100
|-damage|p1a: Overqwil|0 fnt|[from] item: Life Orb
|faint|p1a: Overqwil
|
|-weather|RainDance|[upkeep]
|upkeep
|
|t:|1781238359
|switch|p1a: Raging Bolt|Raging Bolt|100/100
|-enditem|p1a: Raging Bolt|Booster Energy
|-activate|p1a: Raging Bolt|ability: Protosynthesis|[fromitem]
|-start|p1a: Raging Bolt|protosynthesisspa
|turn|14
|
|t:|1781238367
|move|p2a: Cinderace|U-turn|p1a: Raging Bolt
|-damage|p1a: Raging Bolt|79/100
|
|t:|1781238368
|switch|p2a: Iron Treads|Iron Treads|100/100|[from] U-turn
|move|p1a: Raging Bolt|Weather Ball|p2a: Iron Treads
|-supereffective|p2a: Iron Treads
|-damage|p2a: Iron Treads|0 fnt
|faint|p2a: Iron Treads
|-end|p2a: Iron Treads|Quark Drive|[silent]
|
|-weather|RainDance|[upkeep]
|upkeep
|
|t:|1781238372
|switch|p2a: Dragapult|Dragapult, F|100/100
|turn|15
|inactive|wubbybubbyjr has 120 seconds left.
|
|t:|1781238411
|-terastallize|p2a: Dragapult|Ghost
|move|p1a: Raging Bolt|Thunderclap|p2a: Dragapult
|-damage|p2a: Dragapult|31/100
|move|p2a: Dragapult|Shadow Ball|p1a: Raging Bolt
|-damage|p1a: Raging Bolt|17/100
|
|-weather|none
|upkeep
|turn|16
|j| Uikaperrito
|inactive|wubbybubbyjr has 120 seconds left.
|
|t:|1781238421
|switch|p2a: Cinderace|Cinderace, F|28/100
|move|p1a: Raging Bolt|Thunderclap||[still]
|-fail|p1a: Raging Bolt
|
|upkeep
|turn|17
|inactive|wubbybubbyjr has 120 seconds left.
|
|t:|1781238428
|move|p2a: Cinderace|Sucker Punch|p1a: Raging Bolt
|-start|p2a: Cinderace|typechange|Dark|[from] ability: Libero
|-damage|p1a: Raging Bolt|0 fnt
|faint|p1a: Raging Bolt
|-end|p1a: Raging Bolt|Protosynthesis|[silent]
|
|upkeep
|
|t:|1781238429
|switch|p1a: Iron Treads|Iron Treads|100/100
|-enditem|p1a: Iron Treads|Booster Energy
|-activate|p1a: Iron Treads|ability: Quark Drive|[fromitem]
|-start|p1a: Iron Treads|quarkdrivespe
|turn|18
|inactive|wubbybubbyjr has 120 seconds left.
|inactive|wubbybubbyjr has 90 seconds left.
|
|t:|1781238489
|switch|p2a: Alomomola|Alomomola, F|100/100
|move|p1a: Iron Treads|Earth Power|p2a: Alomomola
|-damage|p2a: Alomomola|58/100
|-unboost|p2a: Alomomola|spd|1
|
|-heal|p2a: Alomomola|64/100|[from] item: Leftovers
|upkeep
|turn|19
|
|t:|1781238495
|move|p1a: Iron Treads|Earth Power|p2a: Alomomola
|-damage|p2a: Alomomola|2/100
|move|p2a: Alomomola|Flip Turn|p1a: Iron Treads
|-supereffective|p1a: Iron Treads
|-damage|p1a: Iron Treads|71/100
|
|t:|1781238518
|switch|p2a: Cinderace|Cinderace, F|28/100|[from] Flip Turn
|
|upkeep
|turn|20
|
|t:|1781238524
|move|p2a: Cinderace|Sucker Punch|p1a: Iron Treads
|-start|p2a: Cinderace|typechange|Dark|[from] ability: Libero
|-damage|p1a: Iron Treads|40/100
|move|p1a: Iron Treads|Earth Power|p2a: Cinderace
|-damage|p2a: Cinderace|0 fnt
|faint|p2a: Cinderace
|
|upkeep
|
|t:|1781238528
|switch|p2a: Alomomola|Alomomola, F|35/100
|turn|21
|
|t:|1781238535
|move|p2a: Alomomola|Protect|p2a: Alomomola
|-singleturn|p2a: Alomomola|Protect
|move|p1a: Iron Treads|Earth Power|p2a: Alomomola
|-activate|p2a: Alomomola|move: Protect
|
|-heal|p2a: Alomomola|42/100|[from] item: Leftovers
|upkeep
|turn|22
|inactive|wubbybubbyjr has 90 seconds left.
|
|t:|1781238545
|move|p1a: Iron Treads|Earth Power|p2a: Alomomola
|-damage|p2a: Alomomola|0 fnt
|faint|p2a: Alomomola
|
|upkeep
|
|t:|1781238548
|switch|p2a: Dragapult|Dragapult, F, tera:Ghost|31/100
|turn|23
|
|t:|1781238550
|move|p1a: Iron Treads|Earth Power|p2a: Dragapult
|-damage|p2a: Dragapult|0 fnt
|faint|p2a: Dragapult
|
|win|LowEL0God
|raw|LowEL0God's rating: 1600 &rarr; <strong>1620</strong><br />(+20 for winning)
|raw|wubbybubbyjr's rating: 1593 &rarr; <strong>1573</strong><br />(-20 for losing)
|l|☆wubbybubbyjr
|player|p2|
|c|☆LowEL0God|gg
|l|☆LowEL0God
|player|p1|
|l| Uikaperrito
