|j|☆sylvr7070
|j|☆Humerus_Skelepun
|t:|1781496682
|gametype|singles
|player|p1|sylvr7070|fairytalegirl|1617
|player|p2|Humerus_Skelepun|102|1595
|gen|9
|tier|[Gen 9] OU
|rated|
|rule|HP Percentage Mod: HP is shown in percentages
|rule|Endless Battle Clause: Forcing endless battles is banned
|rule|Species Clause: Limit one of each Pokémon
|rule|OHKO Clause: OHKO moves are banned
|rule|Evasion Items Clause: Evasion items are banned
|rule|Evasion Moves Clause: Evasion moves are banned
|rule|Evasion Abilities Clause: Evasion abilities are banned
|rule|Sleep Moves Clause: Sleep-inducing moves are banned
|clearpoke
|poke|p1|Torkoal, M|
|poke|p1|Weezing-Galar, F|
|poke|p1|Walking Wake|
|poke|p1|Raging Bolt|
|poke|p1|Kingambit, F|
|poke|p1|Great Tusk|
|poke|p2|Hoopa-Unbound|
|poke|p2|Pecharunt|
|poke|p2|Landorus-Therian, M|
|poke|p2|Cinderace, M|
|poke|p2|Alomomola, M|
|poke|p2|Iron Valiant|
|teampreview
|inactive|Battle timer is ON: inactive players will automatically lose when time's up. (requested by Humerus_Skelepun)
|inactive|sylvr7070 also wants the timer to be on.
|inactive|Humerus_Skelepun has 120 seconds left.
|
|t:|1781496713
|teamsize|p1|6
|teamsize|p2|6
|start
|switch|p1a: sunpig|Torkoal, M|100/100
|switch|p2a: Pisces|Alomomola, M, shiny|100/100
|-weather|SunnyDay|[from] ability: Drought|[of] p1a: sunpig
|turn|1
|
|t:|1781496721
|switch|p1a: spinpig 3|Weezing-Galar, F|100/100
|move|p2a: Pisces|Body Slam|p1a: spinpig 3
|-damage|p1a: spinpig 3|90/100
|-enditem|p1a: spinpig 3|Eject Button
|
|t:|1781496723
|switch|p1a: killpig|Raging Bolt|100/100
|-activate|p1a: killpig|ability: Protosynthesis
|-start|p1a: killpig|protosynthesisspa
|
|-weather|SunnyDay|[upkeep]
|upkeep
|turn|2
|
|t:|1781496732
|-terastallize|p2a: Pisces|Normal
|move|p1a: killpig|Solar Beam||[still]
|-prepare|p1a: killpig|Solar Beam
|-anim|p1a: killpig|Solar Beam|p2a: Pisces
|-damage|p2a: Pisces|54/100
|-damage|p1a: killpig|91/100|[from] item: Life Orb
|move|p2a: Pisces|Mirror Coat|p1a: killpig
|-damage|p1a: killpig|0 fnt
|faint|p1a: killpig
|-end|p1a: killpig|Protosynthesis|[silent]
|
|-weather|SunnyDay|[upkeep]
|upkeep
|
|t:|1781496744
|switch|p1a: spinpig 2|Great Tusk|100/100
|-activate|p1a: spinpig 2|ability: Protosynthesis
|-start|p1a: spinpig 2|protosynthesisatk
|turn|3
|
|t:|1781496750
|switch|p2a: Enten|Landorus-Therian, M, shiny|100/100
|-ability|p2a: Enten|Intimidate|boost
|-unboost|p1a: spinpig 2|atk|1
|move|p1a: spinpig 2|Close Combat|p2a: Enten
|-resisted|p2a: Enten
|-damage|p2a: Enten|66/100
|-unboost|p1a: spinpig 2|def|1
|-unboost|p1a: spinpig 2|spd|1
|
|-weather|SunnyDay|[upkeep]
|upkeep
|turn|4
|
|t:|1781496759
|-end|p1a: spinpig 2|Protosynthesis|[silent]
|switch|p1a: spinpig 3|Weezing-Galar, F|90/100
|move|p2a: Enten|Grass Knot|p1a: spinpig 3
|-resisted|p1a: spinpig 3
|-damage|p1a: spinpig 3|83/100
|
|-weather|SunnyDay|[upkeep]
|upkeep
|turn|5
|
|t:|1781496771
|switch|p2a: Overseer|Pecharunt|100/100
|move|p1a: spinpig 3|Will-O-Wisp|p2a: Overseer
|-status|p2a: Overseer|brn
|
|-weather|SunnyDay|[upkeep]
|-damage|p2a: Overseer|94/100 brn|[from] brn
|upkeep
|turn|6
|
|t:|1781496778
|move|p2a: Overseer|Parting Shot|p1a: spinpig 3
|-unboost|p1a: spinpig 3|atk|1
|-unboost|p1a: spinpig 3|spa|1
|
|t:|1781496780
|switch|p2a: Pisces|Alomomola, M, shiny, tera:Normal|88/100|[from] Parting Shot
|move|p1a: spinpig 3|Overheat|p2a: Pisces
|-damage|p2a: Pisces|73/100
|-unboost|p1a: spinpig 3|spa|2
|
|-weather|SunnyDay|[upkeep]
|upkeep
|turn|7
|
|t:|1781496788
|switch|p2a: Overseer|Pecharunt|94/100 brn
|move|p1a: spinpig 3|Will-O-Wisp|p2a: Overseer
|-fail|p2a: Overseer|brn
|
|-weather|SunnyDay|[upkeep]
|-damage|p2a: Overseer|88/100 brn|[from] brn
|upkeep
|turn|8
|
|t:|1781496796
|move|p2a: Overseer|Parting Shot|p1a: spinpig 3
|-unboost|p1a: spinpig 3|atk|1
|-unboost|p1a: spinpig 3|spa|1
|
|t:|1781496802
|switch|p2a: Liberacy|Cinderace, M, shiny|100/100|[from] Parting Shot
|move|p1a: spinpig 3|Will-O-Wisp|p2a: Liberacy|[miss]
|-miss|p1a: spinpig 3|p2a: Liberacy
|
|-weather|none
|upkeep
|turn|9
|
|t:|1781496813
|switch|p1a: sunpig|Torkoal, M|100/100
|-weather|SunnyDay|[from] ability: Drought|[of] p1a: sunpig
|move|p2a: Liberacy|U-turn|p1a: sunpig
|-start|p2a: Liberacy|typechange|Bug|[from] ability: Libero
|-resisted|p1a: sunpig
|-damage|p1a: sunpig|88/100
|
|t:|1781496818
|switch|p2a: Enten|Landorus-Therian, M, shiny|66/100|[from] U-turn
|-ability|p2a: Enten|Intimidate|boost
|-unboost|p1a: sunpig|atk|1
|
|-weather|SunnyDay|[upkeep]
|upkeep
|turn|10
|inactive|sylvr7070 has 120 seconds left.
|
|t:|1781496851
|switch|p1a: spinpig 3|Weezing-Galar, F|83/100
|move|p2a: Enten|Earthquake|p1a: spinpig 3
|-immune|p1a: spinpig 3|[from] ability: Levitate
|
|-weather|SunnyDay|[upkeep]
|upkeep
|turn|11
|
|t:|1781496862
|switch|p1a: sweeppig|Walking Wake|100/100
|-activate|p1a: sweeppig|ability: Protosynthesis
|-start|p1a: sweeppig|protosynthesisspe
|move|p2a: Enten|Earthquake|p1a: sweeppig
|-damage|p1a: sweeppig|40/100
|
|-weather|SunnyDay|[upkeep]
|upkeep
|turn|12
|
|t:|1781496885
|switch|p2a: Pisces|Alomomola, M, shiny, tera:Normal|100/100
|move|p1a: sweeppig|Hydro Steam|p2a: Pisces
|-damage|p2a: Pisces|48/100
|
|-weather|SunnyDay|[upkeep]
|upkeep
|turn|13
|
|t:|1781496903
|switch|p2a: Overseer|Pecharunt|88/100 brn
|move|p1a: sweeppig|Hydro Steam|p2a: Overseer
|-damage|p2a: Overseer|0 fnt
|faint|p2a: Overseer
|
|-weather|SunnyDay|[upkeep]
|upkeep
|
|t:|1781496910
|switch|p2a: Pisces|Alomomola, M, shiny, tera:Normal|81/100
|turn|14
|
|t:|1781496919
|-end|p1a: sweeppig|Protosynthesis|[silent]
|switch|p1a: spinpig 3|Weezing-Galar, F|83/100
|move|p2a: Pisces|Flip Turn|p1a: spinpig 3
|-damage|p1a: spinpig 3|78/100
|
|t:|1781496923
|switch|p2a: Liberacy|Cinderace, M, shiny|100/100|[from] Flip Turn
|
|-weather|SunnyDay|[upkeep]
|upkeep
|turn|15
|
|t:|1781496929
|move|p2a: Liberacy|Pyro Ball|p1a: spinpig 3
|-damage|p1a: spinpig 3|26/100
|move|p1a: spinpig 3|Will-O-Wisp|p2a: Liberacy
|-immune|p2a: Liberacy
|
|-weather|SunnyDay|[upkeep]
|upkeep
|turn|16
|
|t:|1781496934
|move|p2a: Liberacy|Pyro Ball|p1a: spinpig 3|[miss]
|-miss|p2a: Liberacy|p1a: spinpig 3
|move|p1a: spinpig 3|Will-O-Wisp|p2a: Liberacy
|-immune|p2a: Liberacy
|
|-weather|none
|upkeep
|turn|17
|
|t:|1781496938
|move|p2a: Liberacy|Pyro Ball|p1a: spinpig 3
|-damage|p1a: spinpig 3|0 fnt
|faint|p1a: spinpig 3
|
|upkeep
|
|t:|1781496947
|switch|p1a: sunpig|Torkoal, M|88/100
|-weather|SunnyDay|[from] ability: Drought|[of] p1a: sunpig
|turn|18
|
|t:|1781496953
|switch|p1a: sweeppig|Walking Wake|40/100
|-activate|p1a: sweeppig|ability: Protosynthesis
|-start|p1a: sweeppig|protosynthesisspe
|move|p2a: Liberacy|Pyro Ball|p1a: sweeppig
|-resisted|p1a: sweeppig
|-damage|p1a: sweeppig|16/100
|
|-weather|SunnyDay|[upkeep]
|upkeep
|turn|19
|
|t:|1781496958
|move|p2a: Liberacy|Sucker Punch|p1a: sweeppig
|-start|p2a: Liberacy|typechange|Dark|[from] ability: Libero
|-damage|p1a: sweeppig|0 fnt
|faint|p1a: sweeppig
|-end|p1a: sweeppig|Protosynthesis|[silent]
|
|-weather|SunnyDay|[upkeep]
|upkeep
|
|t:|1781496961
|switch|p1a: spinpig 2|Great Tusk|100/100
|-activate|p1a: spinpig 2|ability: Protosynthesis
|-start|p1a: spinpig 2|protosynthesisatk
|turn|20
|
|t:|1781496966
|switch|p2a: Enten|Landorus-Therian, M, shiny|66/100
|-ability|p2a: Enten|Intimidate|boost
|-unboost|p1a: spinpig 2|atk|1
|move|p1a: spinpig 2|Rapid Spin|p2a: Enten
|-damage|p2a: Enten|44/100
|-boost|p1a: spinpig 2|spe|1
|
|-weather|SunnyDay|[upkeep]
|upkeep
|turn|21
|
|t:|1781496972
|move|p2a: Enten|Grass Knot|p1a: spinpig 2
|-supereffective|p1a: spinpig 2
|-damage|p1a: spinpig 2|52/100
|move|p1a: spinpig 2|Ice Spinner|p2a: Enten
|-supereffective|p2a: Enten
|-crit|p2a: Enten
|-damage|p2a: Enten|0 fnt
|faint|p2a: Enten
|
|-weather|SunnyDay|[upkeep]
|upkeep
|
|t:|1781496996
|switch|p2a: Khaos|Hoopa-Unbound|100/100
|turn|22
|
|t:|1781497005
|move|p1a: spinpig 2|Close Combat|p2a: Khaos
|-damage|p2a: Khaos|0 fnt
|-unboost|p1a: spinpig 2|def|1
|-unboost|p1a: spinpig 2|spd|1
|faint|p2a: Khaos
|
|-weather|SunnyDay|[upkeep]
|upkeep
|inactive|Humerus_Skelepun has 120 seconds left.
|
|t:|1781497026
|switch|p2a: Pisces|Alomomola, M, shiny, tera:Normal|100/100
|turn|23
|inactive|Humerus_Skelepun has 120 seconds left.
|
|t:|1781497050
|-terastallize|p1a: spinpig 2|Fighting
|move|p1a: spinpig 2|Close Combat|p2a: Pisces
|-supereffective|p2a: Pisces
|-damage|p2a: Pisces|0 fnt
|-unboost|p1a: spinpig 2|def|1
|-unboost|p1a: spinpig 2|spd|1
|faint|p2a: Pisces
|
|-weather|SunnyDay|[upkeep]
|upkeep
|inactive|Humerus_Skelepun has 120 seconds left.
|
|t:|1781497055
|switch|p2a: Calamity|Iron Valiant, shiny|100/100
|turn|24
|
|t:|1781497063
|move|p2a: Calamity|Vacuum Wave|p1a: spinpig 2
|-damage|p1a: spinpig 2|0 fnt
|faint|p1a: spinpig 2
|-end|p1a: spinpig 2|Protosynthesis|[silent]
|
|-weather|SunnyDay|[upkeep]
|upkeep
|
|t:|1781497066
|switch|p1a: sunpig|Torkoal, M|88/100
|turn|25
|inactive|Humerus_Skelepun has 120 seconds left.
|
|t:|1781497095
|move|p2a: Calamity|Vacuum Wave|p1a: sunpig
|-damage|p1a: sunpig|59/100
|move|p1a: sunpig|Burning Jealousy|p2a: Calamity
|-damage|p2a: Calamity|41/100
|
|-weather|none
|upkeep
|turn|26
|inactive|Humerus_Skelepun has 120 seconds left.
|
|t:|1781497118
|-end|p2a: Calamity|Quark Drive|[silent]
|switch|p2a: Liberacy|Cinderace, M, shiny|100/100
|move|p1a: sunpig|Burning Jealousy|p2a: Liberacy
|-resisted|p2a: Liberacy
|-damage|p2a: Liberacy|86/100
|
|upkeep
|turn|27
|
|t:|1781497125
|move|p2a: Liberacy|Pyro Ball|p1a: sunpig
|-resisted|p1a: sunpig
|-damage|p1a: sunpig|37/100
|move|p1a: sunpig|Burning Jealousy|p2a: Liberacy
|-resisted|p2a: Liberacy
|-damage|p2a: Liberacy|71/100
|
|upkeep
|turn|28
|
|t:|1781497129
|move|p2a: Liberacy|Pyro Ball|p1a: sunpig
|-resisted|p1a: sunpig
|-damage|p1a: sunpig|15/100
|move|p1a: sunpig|Earthquake|p2a: Liberacy
|-supereffective|p2a: Liberacy
|-damage|p2a: Liberacy|15/100
|
|upkeep
|turn|29
|
|t:|1781497137
|move|p2a: Liberacy|Sucker Punch|p1a: sunpig
|-start|p2a: Liberacy|typechange|Dark|[from] ability: Libero
|-damage|p1a: sunpig|0 fnt
|faint|p1a: sunpig
|
|upkeep
|
|t:|1781497139
|switch|p1a: goodpig|Kingambit, F|100/100
|-activate|p1a: goodpig|ability: Supreme Overlord
|-start|p1a: goodpig|fallen5|[silent]
|turn|30
|
|t:|1781497142
|move|p1a: goodpig|Sucker Punch|p2a: Liberacy
|-resisted|p2a: Liberacy
|-damage|p2a: Liberacy|0 fnt
|faint|p2a: Liberacy
|
|upkeep
|
|t:|1781497144
|switch|p2a: Calamity|Iron Valiant, shiny|41/100
|turn|31
|
|t:|1781497147
|move|p2a: Calamity|Vacuum Wave|p1a: goodpig
|-supereffective|p1a: goodpig
|-damage|p1a: goodpig|0 fnt
|faint|p1a: goodpig
|-end|p1a: goodpig|fallen5|[silent]
|
|win|Humerus_Skelepun
|raw|sylvr7070's rating: 1617 &rarr; <strong>1596</strong><br />(-21 for losing)
|raw|Humerus_Skelepun's rating: 1595 &rarr; <strong>1616</strong><br />(+21 for winning)
|l|☆sylvr7070
|player|p1|
|l|☆Humerus_Skelepun
|player|p2|
