|j|☆llachiee
|j|☆magikarp soup
|t:|1781006665
|gametype|singles
|player|p1|llachiee|1|1697
|player|p2|magikarp soup|medium|1742
|gen|9
|tier|[Gen 9] OU
|rated|
|rule|HP Percentage Mod: HP is shown in percentages
|rule|Endless Battle Clause: Forcing endless battles is banned
|rule|Species Clause: Limit one of each Pokémon
|rule|OHKO Clause: OHKO moves are banned
|rule|Evasion Items Clause: Evasion items are banned
|rule|Evasion Moves Clause: Evasion moves are banned
|rule|Evasion Abilities Clause: Evasion abilities are banned
|rule|Sleep Moves Clause: Sleep-inducing moves are banned
|clearpoke
|poke|p1|Gliscor, F|
|poke|p1|Blissey, F|
|poke|p1|Clefable, F|
|poke|p1|Toxapex, F|
|poke|p1|Dondozo, F|
|poke|p1|Corviknight, F|
|poke|p2|Torkoal, F|
|poke|p2|Charizard, F|
|poke|p2|Venusaur, M|
|poke|p2|Slither Wing|
|poke|p2|Great Tusk|
|poke|p2|Alomomola, F|
|teampreview
|c|☆magikarp soup|glhf
|
|t:|1781006679
|teamsize|p1|6
|teamsize|p2|6
|start
|switch|p1a: Adder|Gliscor, F|100/100
|switch|p2a: Torkoal|Torkoal, F|100/100
|-weather|SunnyDay|[from] ability: Drought|[of] p2a: Torkoal
|turn|1
|j| JC Hyper Cube
|c|☆llachiee|im so cooked
|
|t:|1781006707
|switch|p2a: Great Tusk|Great Tusk|100/100
|-activate|p2a: Great Tusk|ability: Protosynthesis
|-start|p2a: Great Tusk|protosynthesisatk
|move|p1a: Adder|Protect||[still]
|-fail|p1a: Adder
|
|-weather|SunnyDay|[upkeep]
|-status|p1a: Adder|tox|[from] item: Toxic Orb
|upkeep
|turn|2
|
|t:|1781006713
|-terastallize|p1a: Adder|Ghost
|move|p2a: Great Tusk|Ice Spinner|p1a: Adder
|-damage|p1a: Adder|74/100 tox
|-damage|p2a: Great Tusk|91/100|[from] item: Life Orb
|move|p1a: Adder|Toxic|p2a: Great Tusk
|-status|p2a: Great Tusk|tox
|
|-weather|SunnyDay|[upkeep]
|-damage|p2a: Great Tusk|84/100 tox|[from] psn
|-heal|p1a: Adder|86/100 tox|[from] ability: Poison Heal
|upkeep
|turn|3
|
|t:|1781006724
|move|p2a: Great Tusk|Headlong Rush|p1a: Adder
|-damage|p1a: Adder|18/100 tox
|-unboost|p2a: Great Tusk|def|1
|-unboost|p2a: Great Tusk|spd|1
|-damage|p2a: Great Tusk|74/100 tox|[from] item: Life Orb
|move|p1a: Adder|Knock Off|p2a: Great Tusk
|-resisted|p2a: Great Tusk
|-damage|p2a: Great Tusk|63/100 tox
|-enditem|p2a: Great Tusk|Life Orb|[from] move: Knock Off|[of] p1a: Adder
|
|-weather|SunnyDay|[upkeep]
|-damage|p2a: Great Tusk|51/100 tox|[from] psn
|-heal|p1a: Adder|31/100 tox|[from] ability: Poison Heal
|upkeep
|turn|4
|
|t:|1781006734
|move|p1a: Adder|Protect|p1a: Adder
|-singleturn|p1a: Adder|Protect
|move|p2a: Great Tusk|Headlong Rush|p1a: Adder
|-activate|p1a: Adder|move: Protect
|
|-weather|SunnyDay|[upkeep]
|-damage|p2a: Great Tusk|32/100 tox|[from] psn
|-heal|p1a: Adder|43/100 tox|[from] ability: Poison Heal
|upkeep
|turn|5
|
|t:|1781006738
|switch|p1a: Sturm|Corviknight, F, shiny|100/100
|-ability|p1a: Sturm|Pressure
|move|p2a: Great Tusk|Headlong Rush|p1a: Sturm
|-immune|p1a: Sturm
|
|-weather|SunnyDay|[upkeep]
|-damage|p2a: Great Tusk|8/100 tox|[from] psn
|upkeep
|turn|6
|
|t:|1781006742
|switch|p1a: Adder|Gliscor, F, tera:Ghost|43/100 tox
|move|p2a: Great Tusk|Temper Flare|p1a: Adder
|-damage|p1a: Adder|0 fnt
|faint|p1a: Adder
|
|-weather|SunnyDay|[upkeep]
|-damage|p2a: Great Tusk|0 fnt|[from] psn
|faint|p2a: Great Tusk
|-end|p2a: Great Tusk|Protosynthesis|[silent]
|upkeep
|-message|llachiee forfeited.
|
|win|magikarp soup
|raw|llachiee's rating: 1697 &rarr; <strong>1680</strong><br />(-17 for losing)
|raw|magikarp soup's rating: 1742 &rarr; <strong>1759</strong><br />(+17 for winning)
|l|☆llachiee
|player|p1|
|l|☆magikarp soup
|player|p2|
