|j|☆ur doggo
|j|☆SincereSarje
|t:|1781447594
|gametype|singles
|player|p1|ur doggo|170|1662
|player|p2|SincereSarje|morty|1587
|gen|9
|tier|[Gen 9] OU
|rated|
|rule|HP Percentage Mod: HP is shown in percentages
|rule|Endless Battle Clause: Forcing endless battles is banned
|rule|Species Clause: Limit one of each Pokémon
|rule|OHKO Clause: OHKO moves are banned
|rule|Evasion Items Clause: Evasion items are banned
|rule|Evasion Moves Clause: Evasion moves are banned
|rule|Evasion Abilities Clause: Evasion abilities are banned
|rule|Sleep Moves Clause: Sleep-inducing moves are banned
|clearpoke
|poke|p1|Latios, M|
|poke|p1|Darkrai|
|poke|p1|Pecharunt|
|poke|p1|Ting-Lu|
|poke|p1|Corviknight, M|
|poke|p1|Dragonite, F|
|poke|p2|Kingambit, M|
|poke|p2|Ogerpon-Wellspring, F|
|poke|p2|Hatterene, F|
|poke|p2|Dragonite, M|
|poke|p2|Ting-Lu|
|poke|p2|Ceruledge, F|
|teampreview
|inactive|Battle timer is ON: inactive players will automatically lose when time's up. (requested by SincereSarje)
|
|t:|1781447607
|teamsize|p1|6
|teamsize|p2|6
|start
|switch|p1a: Corviknight|Corviknight, M|100/100
|switch|p2a: Hatterene|Hatterene, F|100/100
|-ability|p1a: Corviknight|Pressure
|turn|1
|
|t:|1781447613
|move|p1a: Corviknight|Brave Bird|p2a: Hatterene
|-damage|p2a: Hatterene|62/100
|-damage|p1a: Corviknight|90/100|[from] Recoil
|move|p2a: Hatterene|Mystical Fire|p1a: Corviknight
|-supereffective|p1a: Corviknight
|-damage|p1a: Corviknight|54/100
|-unboost|p1a: Corviknight|spa|1
|
|-heal|p1a: Corviknight|60/100|[from] item: Leftovers
|upkeep
|turn|2
|
|t:|1781447623
|switch|p2a: Ting-Lu|Ting-Lu|100/100
|-ability|p2a: Ting-Lu|Vessel of Ruin
|move|p1a: Corviknight|U-turn|p2a: Ting-Lu
|-supereffective|p2a: Ting-Lu
|-damage|p2a: Ting-Lu|84/100
|-damage|p1a: Corviknight|44/100|[from] item: Rocky Helmet|[of] p2a: Ting-Lu
|
|t:|1781447627
|switch|p1a: Ting-Lu|Ting-Lu|100/100|[from] U-turn
|-ability|p1a: Ting-Lu|Vessel of Ruin
|
|upkeep
|turn|3
|
|t:|1781447633
|move|p2a: Ting-Lu|Taunt|p1a: Ting-Lu
|-start|p1a: Ting-Lu|move: Taunt
|move|p1a: Ting-Lu|Earthquake|p2a: Ting-Lu
|-damage|p2a: Ting-Lu|65/100
|
|upkeep
|turn|4
|
|t:|1781447639
|move|p2a: Ting-Lu|Stealth Rock|p1a: Ting-Lu
|-sidestart|p1: ur doggo|move: Stealth Rock
|move|p1a: Ting-Lu|Ruination|p2a: Ting-Lu
|-damage|p2a: Ting-Lu|33/100
|
|upkeep
|turn|5
|
|t:|1781447646
|move|p2a: Ting-Lu|Ruination|p1a: Ting-Lu
|-damage|p1a: Ting-Lu|50/100
|move|p1a: Ting-Lu|Earthquake|p2a: Ting-Lu
|-damage|p2a: Ting-Lu|11/100
|
|-heal|p1a: Ting-Lu|57/100|[from] item: Leftovers
|-end|p1a: Ting-Lu|move: Taunt
|upkeep
|turn|6
|
|t:|1781447663
|move|p2a: Ting-Lu|Taunt|p1a: Ting-Lu
|-start|p1a: Ting-Lu|move: Taunt
|move|p1a: Ting-Lu|Earthquake|p2a: Ting-Lu
|-damage|p2a: Ting-Lu|0 fnt
|faint|p2a: Ting-Lu
|
|-heal|p1a: Ting-Lu|63/100|[from] item: Leftovers
|upkeep
|
|t:|1781447670
|switch|p2a: Ogerpon|Ogerpon-Wellspring, F|100/100
|turn|7
|
|t:|1781447687
|switch|p1a: Pecharunt|Pecharunt|100/100
|move|p2a: Ogerpon|Ivy Cudgel|p1a: Pecharunt|[anim] Ivy Cudgel Water
|-damage|p1a: Pecharunt|63/100
|
|upkeep
|turn|8
|
|t:|1781447698
|switch|p2a: Kingambit|Kingambit, M|100/100
|-activate|p2a: Kingambit|ability: Supreme Overlord
|-start|p2a: Kingambit|fallen1|[silent]
|move|p1a: Pecharunt|Malignant Chain|p2a: Kingambit
|-immune|p2a: Kingambit
|
|upkeep
|turn|9
|
|t:|1781447705
|switch|p1a: Dragonite|Dragonite, F|100/100
|-end|p2a: Kingambit|fallen1|[silent]
|switch|p2a: Hatterene|Hatterene, F|62/100
|
|upkeep
|turn|10
|
|t:|1781447719
|switch|p1a: Corviknight|Corviknight, M|44/100
|-damage|p1a: Corviknight|31/100|[from] Stealth Rock
|-ability|p1a: Corviknight|Pressure
|move|p2a: Hatterene|Nuzzle|p1a: Corviknight
|-supereffective|p1a: Corviknight
|-damage|p1a: Corviknight|24/100
|-status|p1a: Corviknight|par
|
|-heal|p1a: Corviknight|30/100 par|[from] item: Leftovers
|upkeep
|turn|11
|
|t:|1781447734
|switch|p2a: Ceruledge|Ceruledge, F|100/100
|cant|p1a: Corviknight|par
|
|-heal|p1a: Corviknight|36/100 par|[from] item: Leftovers
|upkeep
|turn|12
|
|t:|1781447743
|switch|p1a: Dragonite|Dragonite, F|100/100
|move|p2a: Ceruledge|Swords Dance|p2a: Ceruledge
|-boost|p2a: Ceruledge|atk|2
|
|upkeep
|turn|13
|
|t:|1781447754
|switch|p2a: Dragonite|Dragonite, M|100/100
|move|p1a: Dragonite|Dragon Tail|p2a: Dragonite
|-supereffective|p2a: Dragonite
|-damage|p2a: Dragonite|66/100
|drag|p2a: Hatterene|Hatterene, F|62/100
|
|upkeep
|turn|14
|
|t:|1781447762
|switch|p1a: Corviknight|Corviknight, M|36/100 par
|-damage|p1a: Corviknight|24/100 par|[from] Stealth Rock
|-ability|p1a: Corviknight|Pressure
|move|p2a: Hatterene|Mystical Fire|p1a: Corviknight
|-supereffective|p1a: Corviknight
|-damage|p1a: Corviknight|0 fnt
|faint|p1a: Corviknight
|
|upkeep
|
|t:|1781447765
|switch|p1a: Latios|Latios, M|100/100
|-damage|p1a: Latios|88/100|[from] Stealth Rock
|turn|15
|
|t:|1781447770
|move|p1a: Latios|Psychic Noise|p2a: Hatterene
|-resisted|p2a: Hatterene
|-damage|p2a: Hatterene|49/100
|-start|p2a: Hatterene|move: Heal Block
|cant|p2a: Hatterene|move: Heal Block|Draining Kiss
|
|upkeep
|turn|16
|
|t:|1781447774
|switch|p2a: Kingambit|Kingambit, M|100/100
|-activate|p2a: Kingambit|ability: Supreme Overlord
|-start|p2a: Kingambit|fallen1|[silent]
|move|p1a: Latios|Calm Mind|p1a: Latios
|-boost|p1a: Latios|spa|1
|-boost|p1a: Latios|spd|1
|
|upkeep
|turn|17
|
|t:|1781447780
|move|p1a: Latios|Aura Sphere|p2a: Kingambit
|-supereffective|p2a: Kingambit
|-damage|p2a: Kingambit|0 fnt
|faint|p2a: Kingambit
|-end|p2a: Kingambit|fallen1|[silent]
|
|upkeep
|
|t:|1781447792
|switch|p2a: Ceruledge|Ceruledge, F|100/100
|turn|18
|
|t:|1781447804
|switch|p1a: Dragonite|Dragonite, F|100/100
|switch|p2a: Hatterene|Hatterene, F|49/100
|
|upkeep
|turn|19
|
|t:|1781447812
|switch|p1a: Ting-Lu|Ting-Lu|63/100
|-damage|p1a: Ting-Lu|57/100|[from] Stealth Rock
|-ability|p1a: Ting-Lu|Vessel of Ruin
|move|p2a: Hatterene|Draining Kiss|p1a: Ting-Lu
|-supereffective|p1a: Ting-Lu
|-damage|p1a: Ting-Lu|35/100
|-heal|p2a: Hatterene|76/100|[from] drain|[of] p1a: Ting-Lu
|
|-heal|p1a: Ting-Lu|42/100|[from] item: Leftovers
|upkeep
|turn|20
|
|t:|1781447820
|move|p1a: Ting-Lu|Ruination|p2a: Hatterene
|-damage|p2a: Hatterene|38/100
|move|p2a: Hatterene|Draining Kiss|p1a: Ting-Lu
|-supereffective|p1a: Ting-Lu
|-damage|p1a: Ting-Lu|18/100
|-heal|p2a: Hatterene|67/100|[from] drain|[of] p1a: Ting-Lu
|
|-heal|p1a: Ting-Lu|24/100|[from] item: Leftovers
|upkeep
|turn|21
|
|t:|1781447827
|move|p1a: Ting-Lu|Ruination|p2a: Hatterene
|-damage|p2a: Hatterene|34/100
|move|p2a: Hatterene|Draining Kiss|p1a: Ting-Lu
|-supereffective|p1a: Ting-Lu
|-damage|p1a: Ting-Lu|1/100
|-heal|p2a: Hatterene|61/100|[from] drain|[of] p1a: Ting-Lu
|
|-heal|p1a: Ting-Lu|8/100|[from] item: Leftovers
|upkeep
|turn|22
|
|t:|1781447832
|switch|p2a: Dragonite|Dragonite, M|66/100
|move|p1a: Ting-Lu|Ruination|p2a: Dragonite|[miss]
|-miss|p1a: Ting-Lu|p2a: Dragonite
|
|-heal|p2a: Dragonite|72/100|[from] item: Leftovers
|-heal|p1a: Ting-Lu|14/100|[from] item: Leftovers
|upkeep
|turn|23
|
|t:|1781447845
|switch|p1a: Dragonite|Dragonite, F|100/100
|move|p2a: Dragonite|Dragon Dance|p2a: Dragonite
|-boost|p2a: Dragonite|atk|1
|-boost|p2a: Dragonite|spe|1
|
|-heal|p2a: Dragonite|79/100|[from] item: Leftovers
|upkeep
|turn|24
|
|t:|1781447850
|move|p2a: Dragonite|Ice Spinner|p1a: Dragonite
|-supereffective|p1a: Dragonite
|-damage|p1a: Dragonite|23/100
|move|p1a: Dragonite|Dragon Tail|p2a: Dragonite
|-supereffective|p2a: Dragonite
|-damage|p2a: Dragonite|2/100
|drag|p2a: Ceruledge|Ceruledge, F|100/100
|
|upkeep
|turn|25
|
|t:|1781447865
|-terastallize|p2a: Ceruledge|Ghost
|move|p2a: Ceruledge|Swords Dance|p2a: Ceruledge
|-boost|p2a: Ceruledge|atk|2
|move|p1a: Dragonite|Roost|p1a: Dragonite
|-heal|p1a: Dragonite|73/100
|-singleturn|p1a: Dragonite|move: Roost
|
|upkeep
|turn|26
|
|t:|1781447873
|-terastallize|p1a: Dragonite|Normal
|move|p2a: Ceruledge|Poltergeist|p1a: Dragonite
|-immune|p1a: Dragonite
|move|p1a: Dragonite|Dragon Tail|p2a: Ceruledge|[miss]
|-miss|p1a: Dragonite|p2a: Ceruledge
|
|upkeep
|turn|27
|c|☆ur doggo|lol
|
|t:|1781447894
|move|p2a: Ceruledge|Bitter Blade|p1a: Dragonite
|-damage|p1a: Dragonite|0 fnt
|faint|p1a: Dragonite
|-damage|p2a: Ceruledge|91/100|[from] item: Life Orb
|
|upkeep
|-message|ur doggo forfeited.
|
|win|SincereSarje
|raw|ur doggo's rating: 1662 &rarr; <strong>1638</strong><br />(-24 for losing)
|raw|SincereSarje's rating: 1587 &rarr; <strong>1611</strong><br />(+24 for winning)
|l|☆ur doggo
|player|p1|
