|j|‽LT_Alt1
|j|☆n5v
|t:|1781420776
|gametype|singles
|player|p1|LT_Alt1|170|1757
|player|p2|n5v|leon-masters|1739
|gen|9
|tier|[Gen 9] OU
|rated|
|rule|HP Percentage Mod: HP is shown in percentages
|rule|Endless Battle Clause: Forcing endless battles is banned
|rule|Species Clause: Limit one of each Pokémon
|rule|OHKO Clause: OHKO moves are banned
|rule|Evasion Items Clause: Evasion items are banned
|rule|Evasion Moves Clause: Evasion moves are banned
|rule|Evasion Abilities Clause: Evasion abilities are banned
|rule|Sleep Moves Clause: Sleep-inducing moves are banned
|clearpoke
|poke|p1|Kyurem|
|poke|p1|Raging Bolt|
|poke|p1|Hatterene, F|
|poke|p1|Slowking-Galar, M|
|poke|p1|Ting-Lu|
|poke|p1|Corviknight, F|
|poke|p2|Raging Bolt|
|poke|p2|Enamorus, F|
|poke|p2|Rillaboom, M|
|poke|p2|Kingambit, F|
|poke|p2|Great Tusk|
|poke|p2|Slowking-Galar, F|
|teampreview
|c|☆n5v|glhf
|inactive|Battle timer is ON: inactive players will automatically lose when time's up. (requested by n5v)
|
|t:|1781420808
|teamsize|p1|6
|teamsize|p2|6
|start
|switch|p1a: Slowking|Slowking-Galar, M|100/100
|switch|p2a: diddy kong|Rillaboom, M, shiny|100/100
|-fieldstart|move: Grassy Terrain|[from] ability: Grassy Surge|[of] p2a: diddy kong
|turn|1
|
|t:|1781420827
|switch|p1a: Corviknight|Corviknight, F|100/100
|-ability|p1a: Corviknight|Pressure
|move|p2a: diddy kong|Knock Off|p1a: Corviknight
|-damage|p1a: Corviknight|62/100
|-damage|p2a: diddy kong|84/100|[from] item: Rocky Helmet|[of] p1a: Corviknight
|-enditem|p1a: Corviknight|Rocky Helmet|[from] move: Knock Off|[of] p2a: diddy kong
|
|-heal|p2a: diddy kong|90/100|[from] Grassy Terrain
|upkeep
|turn|2
|
|t:|1781420838
|switch|p2a: goobing bolt|Raging Bolt|100/100
|move|p1a: Corviknight|Roost|p1a: Corviknight
|-heal|p1a: Corviknight|100/100
|-singleturn|p1a: Corviknight|move: Roost
|
|upkeep
|turn|3
|
|t:|1781420843
|switch|p1a: Hatterene|Hatterene, F|100/100
|move|p2a: goobing bolt|Draco Meteor|p1a: Hatterene
|-immune|p1a: Hatterene
|
|upkeep
|turn|4
|
|t:|1781420859
|-end|p2a: goobing bolt|Protosynthesis|[silent]
|switch|p2a: wake not walking|Slowking-Galar, F, shiny|100/100
|switch|p1a: Ting-Lu|Ting-Lu|100/100
|-ability|p1a: Ting-Lu|Vessel of Ruin
|
|upkeep
|turn|5
|
|t:|1781420862
|switch|p2a: diddy kong|Rillaboom, M, shiny|90/100
|move|p1a: Ting-Lu|Spikes|p2a: diddy kong
|-sidestart|p2: n5v|Spikes
|
|-heal|p2a: diddy kong|96/100|[from] Grassy Terrain
|-fieldend|move: Grassy Terrain
|upkeep
|turn|6
|
|t:|1781420867
|switch|p2a: goobing bolt|Raging Bolt|100/100
|-damage|p2a: goobing bolt|88/100|[from] Spikes
|switch|p1a: Corviknight|Corviknight, F|100/100
|-ability|p1a: Corviknight|Pressure
|
|upkeep
|turn|7
|
|t:|1781420875
|switch|p1a: Hatterene|Hatterene, F|100/100
|move|p2a: goobing bolt|Draco Meteor|p1a: Hatterene
|-immune|p1a: Hatterene
|
|upkeep
|turn|8
|
|t:|1781420883
|-end|p2a: goobing bolt|Protosynthesis|[silent]
|switch|p2a: wake not walking|Slowking-Galar, F, shiny|100/100
|-damage|p2a: wake not walking|88/100|[from] Spikes
|move|p1a: Hatterene|Psyshock|p2a: wake not walking
|-damage|p2a: wake not walking|48/100
|
|upkeep
|turn|9
|
|t:|1781420904
|switch|p2a: goobing bolt|Raging Bolt|88/100
|-damage|p2a: goobing bolt|75/100|[from] Spikes
|move|p1a: Hatterene|Psyshock|p2a: goobing bolt
|-damage|p2a: goobing bolt|40/100
|
|upkeep
|turn|10
|
|t:|1781420909
|switch|p1a: Ting-Lu|Ting-Lu|100/100
|-ability|p1a: Ting-Lu|Vessel of Ruin
|move|p2a: goobing bolt|Volt Switch|p1a: Ting-Lu
|-immune|p1a: Ting-Lu
|
|upkeep
|turn|11
|
|t:|1781420916
|-end|p2a: goobing bolt|Protosynthesis|[silent]
|switch|p2a: cheap tusk|Great Tusk, shiny|100/100
|-damage|p2a: cheap tusk|88/100|[from] Spikes
|move|p1a: Ting-Lu|Spikes|p2a: cheap tusk
|-sidestart|p2: n5v|Spikes
|
|upkeep
|turn|12
|
|t:|1781420919
|move|p2a: cheap tusk|Stealth Rock|p1a: Ting-Lu
|-sidestart|p1: LT_Alt1|move: Stealth Rock
|move|p1a: Ting-Lu|Ruination|p2a: cheap tusk
|-damage|p2a: cheap tusk|44/100
|
|upkeep
|turn|13
|
|t:|1781420926
|move|p2a: cheap tusk|Rapid Spin|p1a: Ting-Lu
|-damage|p1a: Ting-Lu|93/100
|-boost|p2a: cheap tusk|spe|1
|-sideend|p2: n5v|Spikes|[from] move: Rapid Spin|[of] p2a: cheap tusk
|move|p1a: Ting-Lu|Earthquake|p2a: cheap tusk
|-damage|p2a: cheap tusk|19/100
|
|-heal|p1a: Ting-Lu|99/100|[from] item: Leftovers
|upkeep
|turn|14
|
|t:|1781420931
|-end|p2a: cheap tusk|Protosynthesis|[silent]
|switch|p2a: diddy kong|Rillaboom, M, shiny|96/100
|-fieldstart|move: Grassy Terrain|[from] ability: Grassy Surge|[of] p2a: diddy kong
|move|p1a: Ting-Lu|Earthquake|p2a: diddy kong
|-resisted|p2a: diddy kong
|-damage|p2a: diddy kong|87/100
|
|-heal|p2a: diddy kong|93/100|[from] Grassy Terrain
|-heal|p1a: Ting-Lu|100/100|[from] Grassy Terrain
|upkeep
|turn|15
|
|t:|1781420942
|switch|p1a: Corviknight|Corviknight, F|100/100
|-damage|p1a: Corviknight|88/100|[from] Stealth Rock
|-ability|p1a: Corviknight|Pressure
|move|p2a: diddy kong|U-turn|p1a: Corviknight
|-resisted|p1a: Corviknight
|-damage|p1a: Corviknight|82/100
|
|t:|1781420944
|switch|p2a: goobing bolt|Raging Bolt|40/100|[from] U-turn
|
|-heal|p2a: goobing bolt|46/100|[from] Grassy Terrain
|upkeep
|turn|16
|
|t:|1781420948
|switch|p1a: Ting-Lu|Ting-Lu|100/100
|-damage|p1a: Ting-Lu|94/100|[from] Stealth Rock
|-ability|p1a: Ting-Lu|Vessel of Ruin
|move|p2a: goobing bolt|Draco Meteor|p1a: Ting-Lu
|-damage|p1a: Ting-Lu|38/100
|-unboost|p2a: goobing bolt|spa|2
|
|-heal|p2a: goobing bolt|52/100|[from] Grassy Terrain
|-heal|p1a: Ting-Lu|44/100|[from] Grassy Terrain
|-heal|p1a: Ting-Lu|50/100|[from] item: Leftovers
|upkeep
|turn|17
|
|t:|1781420957
|-end|p2a: goobing bolt|Protosynthesis|[silent]
|switch|p2a: cheap tusk|Great Tusk, shiny|19/100
|move|p1a: Ting-Lu|Spikes|p2a: cheap tusk
|-sidestart|p2: n5v|Spikes
|
|-heal|p2a: cheap tusk|25/100|[from] Grassy Terrain
|-heal|p1a: Ting-Lu|57/100|[from] Grassy Terrain
|-heal|p1a: Ting-Lu|63/100|[from] item: Leftovers
|upkeep
|turn|18
|
|t:|1781420962
|move|p2a: cheap tusk|Ice Spinner|p1a: Ting-Lu
|-supereffective|p1a: Ting-Lu
|-damage|p1a: Ting-Lu|40/100
|-fieldend|move: Grassy Terrain
|move|p1a: Ting-Lu|Spikes|p2a: cheap tusk
|-sidestart|p2: n5v|Spikes
|
|-heal|p1a: Ting-Lu|47/100|[from] item: Leftovers
|upkeep
|turn|19
|
|t:|1781420967
|move|p2a: cheap tusk|Rapid Spin|p1a: Ting-Lu
|-damage|p1a: Ting-Lu|39/100
|-boost|p2a: cheap tusk|spe|1
|-sideend|p2: n5v|Spikes|[from] move: Rapid Spin|[of] p2a: cheap tusk
|move|p1a: Ting-Lu|Earthquake|p2a: cheap tusk
|-damage|p2a: cheap tusk|0 fnt
|faint|p2a: cheap tusk
|-end|p2a: cheap tusk|Protosynthesis|[silent]
|
|-heal|p1a: Ting-Lu|46/100|[from] item: Leftovers
|upkeep
|
|t:|1781420971
|switch|p2a: diddy kong|Rillaboom, M, shiny|93/100
|-fieldstart|move: Grassy Terrain|[from] ability: Grassy Surge|[of] p2a: diddy kong
|turn|20
|
|t:|1781420986
|move|p2a: diddy kong|Wood Hammer|p1a: Ting-Lu
|-supereffective|p1a: Ting-Lu
|-damage|p1a: Ting-Lu|0 fnt
|faint|p1a: Ting-Lu
|-damage|p2a: diddy kong|70/100|[from] Recoil
|
|-heal|p2a: diddy kong|76/100|[from] Grassy Terrain
|upkeep
|
|t:|1781420988
|switch|p1a: Corviknight|Corviknight, F|82/100
|-damage|p1a: Corviknight|70/100|[from] Stealth Rock
|-ability|p1a: Corviknight|Pressure
|turn|21
|
|t:|1781420991
|switch|p2a: goobing bolt|Raging Bolt|52/100
|move|p1a: Corviknight|Defog|p2a: goobing bolt
|-unboost|p2a: goobing bolt|evasion|1
|-sideend|p1: LT_Alt1|Stealth Rock|[from] move: Defog|[of] p1a: Corviknight
|-fieldend|move: Grassy Terrain
|
|upkeep
|turn|22
|
|t:|1781421001
|switch|p1a: Slowking|Slowking-Galar, M|100/100
|move|p2a: goobing bolt|Draco Meteor|p1a: Slowking|[miss]
|-miss|p2a: goobing bolt|p1a: Slowking
|
|upkeep
|turn|23
|
|t:|1781421008
|-end|p2a: goobing bolt|Protosynthesis|[silent]
|switch|p2a: neededaghostresist|Kingambit, F, shiny|100/100
|-activate|p2a: neededaghostresist|ability: Supreme Overlord
|-start|p2a: neededaghostresist|fallen1|[silent]
|-prepare|p1a: Slowking|Chilly Reception|[premajor]
|move|p1a: Slowking|Chilly Reception|p1a: Slowking
|-weather|Snowscape
|
|t:|1781421013
|switch|p1a: Raging Bolt|Raging Bolt|100/100|[from] Chilly Reception
|
|-weather|Snowscape|[upkeep]
|upkeep
|turn|24
|
|t:|1781421018
|-end|p2a: neededaghostresist|fallen1|[silent]
|switch|p2a: wake not walking|Slowking-Galar, F, shiny|81/100
|move|p1a: Raging Bolt|Volt Switch|p2a: wake not walking
|-damage|p2a: wake not walking|61/100
|
|t:|1781421021
|-end|p1a: Raging Bolt|Protosynthesis|[silent]
|switch|p1a: Kyurem|Kyurem|100/100|[from] Volt Switch
|-ability|p1a: Kyurem|Pressure
|
|-weather|Snowscape|[upkeep]
|upkeep
|turn|25
|
|t:|1781421025
|-terastallize|p1a: Kyurem|Ice
|move|p1a: Kyurem|Blizzard|p2a: wake not walking
|-damage|p2a: wake not walking|9/100
|move|p2a: wake not walking|Sludge Bomb|p1a: Kyurem
|-damage|p1a: Kyurem|63/100
|
|-weather|Snowscape|[upkeep]
|upkeep
|turn|26
|
|t:|1781421047
|switch|p2a: neededaghostresist|Kingambit, F, shiny|100/100
|-activate|p2a: neededaghostresist|ability: Supreme Overlord
|-start|p2a: neededaghostresist|fallen1|[silent]
|move|p1a: Kyurem|Blizzard|p2a: neededaghostresist
|-resisted|p2a: neededaghostresist
|-damage|p2a: neededaghostresist|38/100
|
|-weather|Snowscape|[upkeep]
|-heal|p2a: neededaghostresist|44/100|[from] item: Leftovers
|upkeep
|turn|27
|
|t:|1781421049
|-terastallize|p2a: neededaghostresist|Flying
|move|p1a: Kyurem|Blizzard|p2a: neededaghostresist
|-supereffective|p2a: neededaghostresist
|-damage|p2a: neededaghostresist|0 fnt
|faint|p2a: neededaghostresist
|-end|p2a: neededaghostresist|fallen1|[silent]
|
|-weather|none
|upkeep
|
|t:|1781421065
|switch|p2a: wake not walking|Slowking-Galar, F, shiny|42/100
|turn|28
|
|t:|1781421075
|switch|p2a: gay alladin|Enamorus, F|100/100
|move|p1a: Kyurem|Blizzard|p2a: gay alladin
|-supereffective|p2a: gay alladin
|-damage|p2a: gay alladin|0 fnt
|faint|p2a: gay alladin
|
|upkeep
|
|t:|1781421077
|switch|p2a: wake not walking|Slowking-Galar, F, shiny|76/100
|turn|29
|
|t:|1781421080
|switch|p1a: Slowking|Slowking-Galar, M|100/100
|move|p2a: wake not walking|Sludge Bomb|p1a: Slowking
|-resisted|p1a: Slowking
|-damage|p1a: Slowking|87/100
|
|upkeep
|turn|30
|
|t:|1781421083
|move|p2a: wake not walking|Psyshock|p1a: Slowking
|-damage|p1a: Slowking|53/100
|move|p1a: Slowking|Future Sight|p2a: wake not walking
|-start|p1a: Slowking|move: Future Sight
|
|upkeep
|turn|31
|
|t:|1781421088
|switch|p2a: goobing bolt|Raging Bolt|52/100
|-prepare|p1a: Slowking|Chilly Reception|[premajor]
|move|p1a: Slowking|Chilly Reception|p1a: Slowking
|-weather|Snowscape
|
|t:|1781421090
|switch|p1a: Kyurem|Kyurem, tera:Ice|63/100|[from] Chilly Reception
|-ability|p1a: Kyurem|Pressure
|
|-weather|Snowscape|[upkeep]
|upkeep
|turn|32
|
|t:|1781421094
|move|p2a: goobing bolt|Thunderclap|p1a: Kyurem
|-damage|p1a: Kyurem|7/100
|move|p1a: Kyurem|Blizzard|p2a: goobing bolt
|-supereffective|p2a: goobing bolt
|-damage|p2a: goobing bolt|0 fnt
|faint|p2a: goobing bolt
|-end|p2a: goobing bolt|Protosynthesis|[silent]
|
|-weather|Snowscape|[upkeep]
|-hint|Future Sight did not hit because the target is fainted.
|upkeep
|
|t:|1781421097
|switch|p2a: diddy kong|Rillaboom, M, shiny|76/100
|-fieldstart|move: Grassy Terrain|[from] ability: Grassy Surge|[of] p2a: diddy kong
|turn|33
|
|t:|1781421103
|switch|p1a: Corviknight|Corviknight, F|70/100
|-ability|p1a: Corviknight|Pressure
|move|p2a: diddy kong|Grassy Glide|p1a: Corviknight
|-resisted|p1a: Corviknight
|-damage|p1a: Corviknight|59/100
|
|-weather|Snowscape|[upkeep]
|-heal|p2a: diddy kong|83/100|[from] Grassy Terrain
|upkeep
|turn|34
|c|☆n5v|ggs
|
|t:|1781421109
|switch|p2a: wake not walking|Slowking-Galar, F, shiny|100/100
|move|p1a: Corviknight|Roost|p1a: Corviknight
|-heal|p1a: Corviknight|100/100
|-singleturn|p1a: Corviknight|move: Roost
|
|-weather|Snowscape|[upkeep]
|upkeep
|turn|35
|
|t:|1781421121
|switch|p1a: Slowking|Slowking-Galar, M|86/100
|switch|p2a: diddy kong|Rillaboom, M, shiny|83/100
|
|-weather|none
|-heal|p2a: diddy kong|89/100|[from] Grassy Terrain
|-heal|p1a: Slowking|92/100|[from] Grassy Terrain
|upkeep
|turn|36
|
|t:|1781421127
|switch|p1a: Corviknight|Corviknight, F|100/100
|-ability|p1a: Corviknight|Pressure
|move|p2a: diddy kong|Wood Hammer|p1a: Corviknight
|-resisted|p1a: Corviknight
|-damage|p1a: Corviknight|79/100
|-damage|p2a: diddy kong|81/100|[from] Recoil
|
|-heal|p2a: diddy kong|87/100|[from] Grassy Terrain
|upkeep
|turn|37
|
|t:|1781421133
|switch|p2a: wake not walking|Slowking-Galar, F, shiny|100/100
|move|p1a: Corviknight|Iron Defense|p1a: Corviknight
|-boost|p1a: Corviknight|def|2
|
|-fieldend|move: Grassy Terrain
|upkeep
|turn|38
|
|t:|1781421144
|switch|p1a: Slowking|Slowking-Galar, M|100/100
|move|p2a: wake not walking|Flamethrower|p1a: Slowking
|-damage|p1a: Slowking|82/100
|-status|p1a: Slowking|brn
|
|-damage|p1a: Slowking|76/100 brn|[from] brn
|upkeep
|turn|39
|
|t:|1781421146
|move|p2a: wake not walking|Psyshock|p1a: Slowking
|-damage|p1a: Slowking|43/100 brn
|move|p1a: Slowking|Future Sight|p2a: wake not walking
|-start|p1a: Slowking|move: Future Sight
|
|-damage|p1a: Slowking|37/100 brn|[from] brn
|upkeep
|turn|40
|
|t:|1781421149
|move|p2a: wake not walking|Psyshock|p1a: Slowking
|-damage|p1a: Slowking|2/100 brn
|-prepare|p1a: Slowking|Chilly Reception|[premajor]
|move|p1a: Slowking|Chilly Reception|p1a: Slowking
|-weather|Snowscape
|
|t:|1781421159
|switch|p1a: Kyurem|Kyurem, tera:Ice|7/100|[from] Chilly Reception
|-ability|p1a: Kyurem|Pressure
|
|-weather|Snowscape|[upkeep]
|upkeep
|turn|41
|
|t:|1781421170
|move|p1a: Kyurem|Blizzard|p2a: wake not walking
|-damage|p2a: wake not walking|47/100
|move|p2a: wake not walking|Sludge Bomb|p1a: Kyurem
|-damage|p1a: Kyurem|0 fnt
|faint|p1a: Kyurem
|
|-weather|Snowscape|[upkeep]
|-end|p2a: wake not walking|move: Future Sight
|-crit|p2a: wake not walking
|-damage|p2a: wake not walking|13/100
|upkeep
|
|t:|1781421177
|switch|p1a: Raging Bolt|Raging Bolt|100/100
|turn|42
|
|t:|1781421179
|switch|p2a: diddy kong|Rillaboom, M, shiny|87/100
|-fieldstart|move: Grassy Terrain|[from] ability: Grassy Surge|[of] p2a: diddy kong
|move|p1a: Raging Bolt|Draco Meteor|p2a: diddy kong
|-damage|p2a: diddy kong|0 fnt
|-unboost|p1a: Raging Bolt|spa|2
|faint|p2a: diddy kong
|
|-weather|Snowscape|[upkeep]
|upkeep
|
|t:|1781421181
|switch|p2a: wake not walking|Slowking-Galar, F, shiny|47/100
|turn|43
|
|t:|1781421183
|move|p1a: Raging Bolt|Volt Switch|p2a: wake not walking
|-damage|p2a: wake not walking|38/100
|
|t:|1781421187
|-end|p1a: Raging Bolt|Protosynthesis|[silent]
|switch|p1a: Corviknight|Corviknight, F|79/100|[from] Volt Switch
|-ability|p1a: Corviknight|Pressure
|move|p2a: wake not walking|Ice Beam|p1a: Corviknight
|-damage|p1a: Corviknight|53/100
|
|-weather|Snowscape|[upkeep]
|-heal|p2a: wake not walking|44/100|[from] Grassy Terrain
|upkeep
|turn|44
|-message|n5v forfeited.
|
|win|LT_Alt1
|raw|LT_Alt1's rating: 1757 &rarr; <strong>1776</strong><br />(+19 for winning)
|raw|n5v's rating: 1739 &rarr; <strong>1720</strong><br />(-19 for losing)
|l|☆n5v
|player|p2|
