|j|☆Weredude08
|j|☆KushTheGoat30
|t:|1781173575
|gametype|singles
|player|p1|Weredude08|steven|1551
|player|p2|KushTheGoat30|volkner|1543
|gen|9
|tier|[Gen 9] OU
|rated|
|rule|HP Percentage Mod: HP is shown in percentages
|rule|Endless Battle Clause: Forcing endless battles is banned
|rule|Species Clause: Limit one of each Pokémon
|rule|OHKO Clause: OHKO moves are banned
|rule|Evasion Items Clause: Evasion items are banned
|rule|Evasion Moves Clause: Evasion moves are banned
|rule|Evasion Abilities Clause: Evasion abilities are banned
|rule|Sleep Moves Clause: Sleep-inducing moves are banned
|clearpoke
|poke|p1|Blaziken, F|
|poke|p1|Corviknight, M|
|poke|p1|Gliscor, F|
|poke|p1|Ogerpon-Wellspring, F|
|poke|p1|Garganacl, F|
|poke|p1|Dragapult, F|
|poke|p2|Slowking-Galar, M|
|poke|p2|Beartic, F|
|poke|p2|Cetitan, M|
|poke|p2|Zamazenta-*|
|poke|p2|Ninetales-Alola, M|
|poke|p2|Kyurem|
|teampreview
|inactive|Battle timer is ON: inactive players will automatically lose when time's up. (requested by KushTheGoat30)
|inactive|Weredude08 also wants the timer to be on.
|
|t:|1781173582
|teamsize|p1|6
|teamsize|p2|6
|start
|switch|p1a: Blaziken|Blaziken, F|100/100
|switch|p2a: Slowking|Slowking-Galar, M|100/100
|turn|1
|
|t:|1781173588
|move|p1a: Blaziken|Knock Off|p2a: Slowking
|-supereffective|p2a: Slowking
|-damage|p2a: Slowking|0 fnt
|-enditem|p2a: Slowking|Icy Rock|[from] move: Knock Off|[of] p1a: Blaziken
|faint|p2a: Slowking
|-damage|p1a: Blaziken|91/100|[from] item: Life Orb
|
|-ability|p1a: Blaziken|Speed Boost|boost
|-boost|p1a: Blaziken|spe|1
|upkeep
|
|t:|1781173593
|switch|p2a: Ninetales|Ninetales-Alola, M|100/100
|-weather|Snowscape|[from] ability: Snow Warning|[of] p2a: Ninetales
|turn|2
|
|t:|1781173596
|move|p1a: Blaziken|Flare Blitz|p2a: Ninetales
|-supereffective|p2a: Ninetales
|-damage|p2a: Ninetales|0 fnt
|faint|p2a: Ninetales
|-damage|p1a: Blaziken|52/100|[from] Recoil
|-damage|p1a: Blaziken|42/100|[from] item: Life Orb
|
|-weather|Snowscape|[upkeep]
|-ability|p1a: Blaziken|Speed Boost|boost
|-boost|p1a: Blaziken|spe|1
|upkeep
|
|t:|1781173602
|switch|p2a: Zamazenta|Zamazenta, shiny|100/100
|-ability|p2a: Zamazenta|Dauntless Shield|boost
|-boost|p2a: Zamazenta|def|1
|turn|3
|
|t:|1781173606
|switch|p1a: Dragapult|Dragapult, F|100/100
|move|p2a: Zamazenta|Iron Defense|p2a: Zamazenta
|-boost|p2a: Zamazenta|def|2
|
|-weather|Snowscape|[upkeep]
|upkeep
|turn|4
|
|t:|1781173610
|move|p1a: Dragapult|Shadow Ball|p2a: Zamazenta
|-damage|p2a: Zamazenta|53/100
|move|p2a: Zamazenta|Crunch|p1a: Dragapult
|-supereffective|p1a: Dragapult
|-damage|p1a: Dragapult|32/100
|
|-weather|Snowscape|[upkeep]
|-heal|p2a: Zamazenta|59/100|[from] item: Leftovers
|upkeep
|turn|5
|
|t:|1781173615
|-terastallize|p1a: Dragapult|Ghost
|move|p1a: Dragapult|Shadow Ball|p2a: Zamazenta
|-damage|p2a: Zamazenta|0 fnt
|faint|p2a: Zamazenta
|
|-weather|Snowscape|[upkeep]
|upkeep
|
|t:|1781173623
|switch|p2a: Cetitan|Cetitan, M|100/100
|turn|6
|
|t:|1781173640
|-terastallize|p2a: Cetitan|Ice
|move|p2a: Cetitan|Ice Shard|p1a: Dragapult
|-damage|p1a: Dragapult|0 fnt
|faint|p1a: Dragapult
|
|-weather|Snowscape|[upkeep]
|upkeep
|
|t:|1781173644
|switch|p1a: Blaziken|Blaziken, F|42/100
|turn|7
|
|t:|1781173662
|switch|p2a: Kyurem|Kyurem|100/100
|-ability|p2a: Kyurem|Pressure
|move|p1a: Blaziken|Protect||[still]
|-fail|p1a: Blaziken
|
|-weather|Snowscape|[upkeep]
|-ability|p1a: Blaziken|Speed Boost|boost
|-boost|p1a: Blaziken|spe|1
|upkeep
|turn|8
|
|t:|1781173667
|move|p1a: Blaziken|Close Combat|p2a: Kyurem
|-supereffective|p2a: Kyurem
|-damage|p2a: Kyurem|0 fnt
|-unboost|p1a: Blaziken|def|1
|-unboost|p1a: Blaziken|spd|1
|faint|p2a: Kyurem
|-damage|p1a: Blaziken|32/100|[from] item: Life Orb
|
|-weather|Snowscape|[upkeep]
|-ability|p1a: Blaziken|Speed Boost|boost
|-boost|p1a: Blaziken|spe|1
|upkeep
|
|t:|1781173670
|switch|p2a: Cetitan|Cetitan, M, tera:Ice|100/100
|turn|9
|
|t:|1781173675
|move|p2a: Cetitan|Ice Shard|p1a: Blaziken
|-resisted|p1a: Blaziken
|-crit|p1a: Blaziken
|-damage|p1a: Blaziken|0 fnt
|faint|p1a: Blaziken
|
|-weather|none
|upkeep
|
|t:|1781173680
|switch|p1a: Corviknight|Corviknight, M|100/100
|-ability|p1a: Corviknight|Pressure
|turn|10
|
|t:|1781173683
|move|p2a: Cetitan|Belly Drum|p2a: Cetitan
|-damage|p2a: Cetitan|50/100
|-setboost|p2a: Cetitan|atk|6|[from] move: Belly Drum
|-enditem|p2a: Cetitan|Sitrus Berry|[eat]
|-heal|p2a: Cetitan|75/100|[from] item: Sitrus Berry
|move|p1a: Corviknight|Body Press|p2a: Cetitan
|-supereffective|p2a: Cetitan
|-damage|p2a: Cetitan|21/100
|
|upkeep
|turn|11
|
|t:|1781173689
|move|p2a: Cetitan|Ice Shard|p1a: Corviknight
|-damage|p1a: Corviknight|34/100
|move|p1a: Corviknight|Body Press|p2a: Cetitan
|-supereffective|p2a: Cetitan
|-damage|p2a: Cetitan|0 fnt
|faint|p2a: Cetitan
|
|upkeep
|
|t:|1781173691
|switch|p2a: Beartic|Beartic, F|100/100
|turn|12
|
|t:|1781173693
|move|p2a: Beartic|Swords Dance|p2a: Beartic
|-boost|p2a: Beartic|atk|2
|move|p1a: Corviknight|Body Press|p2a: Beartic
|-supereffective|p2a: Beartic
|-damage|p2a: Beartic|35/100
|
|upkeep
|turn|13
|
|t:|1781173694
|move|p2a: Beartic|Icicle Spear|p1a: Corviknight
|-damage|p1a: Corviknight|19/100
|-damage|p1a: Corviknight|3/100
|-damage|p1a: Corviknight|0 fnt
|faint|p1a: Corviknight
|-hitcount|p1: Corviknight|3
|
|upkeep
|
|t:|1781173696
|switch|p1a: Ogerpon|Ogerpon-Wellspring, F|100/100
|turn|14
|
|t:|1781173705
|move|p1a: Ogerpon|Ivy Cudgel|p2a: Beartic|[anim] Ivy Cudgel Water
|-damage|p2a: Beartic|0 fnt
|faint|p2a: Beartic
|
|win|Weredude08
|raw|Weredude08's rating: 1551 &rarr; <strong>1571</strong><br />(+20 for winning)
|raw|KushTheGoat30's rating: 1543 &rarr; <strong>1523</strong><br />(-20 for losing)
|l|☆Weredude08
|player|p1|
|l|☆KushTheGoat30
|player|p2|
