|j|☆CoolMeDownB
|j|☆waha8
|t:|1781587836
|gametype|singles
|player|p1|CoolMeDownB|crasherwake|1576
|player|p2|waha8|2|1545
|gen|9
|tier|[Gen 9] OU
|rated|
|rule|HP Percentage Mod: HP is shown in percentages
|rule|Endless Battle Clause: Forcing endless battles is banned
|rule|Species Clause: Limit one of each Pokémon
|rule|OHKO Clause: OHKO moves are banned
|rule|Evasion Items Clause: Evasion items are banned
|rule|Evasion Moves Clause: Evasion moves are banned
|rule|Evasion Abilities Clause: Evasion abilities are banned
|rule|Sleep Moves Clause: Sleep-inducing moves are banned
|clearpoke
|poke|p1|Samurott-Hisui, F|
|poke|p1|Pelipper, M|
|poke|p1|Basculegion-F, F|
|poke|p1|Great Tusk|
|poke|p1|Kingambit, M|
|poke|p1|Slowking-Galar, F|
|poke|p2|Slowking-Galar, F|
|poke|p2|Indeedee, M|
|poke|p2|Cinderace, F|
|poke|p2|Ninetales-Alola, F|
|poke|p2|Kyurem|
|poke|p2|Cetitan, M|
|teampreview
|c|☆CoolMeDownB|gl
|
|t:|1781587849
|teamsize|p1|6
|teamsize|p2|6
|start
|switch|p1a: big head|Slowking-Galar, F, shiny|100/100
|switch|p2a: ReverseUNO|Cinderace, F|100/100
|turn|1
|
|t:|1781587853
|move|p2a: ReverseUNO|Pyro Ball|p1a: big head
|-damage|p1a: big head|50/100
|move|p1a: big head|Sludge Bomb|p2a: ReverseUNO
|-damage|p2a: ReverseUNO|48/100
|-status|p2a: ReverseUNO|psn
|
|-damage|p2a: ReverseUNO|35/100 psn|[from] psn
|upkeep
|turn|2
|
|t:|1781587861
|switch|p1a: the drizzler|Pelipper, M|100/100
|-weather|RainDance|[from] ability: Drizzle|[of] p1a: the drizzler
|move|p2a: ReverseUNO|Gunk Shot|p1a: the drizzler
|-start|p2a: ReverseUNO|typechange|Poison|[from] ability: Libero
|-damage|p1a: the drizzler|53/100
|
|-weather|RainDance|[upkeep]
|-damage|p2a: ReverseUNO|23/100 psn|[from] psn
|upkeep
|turn|3
|
|t:|1781587871
|switch|p2a: DeeDee|Indeedee, M|100/100
|-fieldstart|move: Psychic Terrain|[from] ability: Psychic Surge|[of] p2a: DeeDee
|move|p1a: the drizzler|Roost|p1a: the drizzler
|-heal|p1a: the drizzler|100/100
|-singleturn|p1a: the drizzler|move: Roost
|
|-weather|RainDance|[upkeep]
|upkeep
|turn|4
|
|t:|1781587880
|switch|p1a: brb sacking 5|Kingambit, M, shiny|100/100
|move|p2a: DeeDee|Expanding Force|p1a: brb sacking 5
|-immune|p1a: brb sacking 5
|
|-weather|RainDance|[upkeep]
|upkeep
|turn|5
|
|t:|1781587888
|switch|p2a: ReverseUNO|Cinderace, F|23/100 psn
|move|p1a: brb sacking 5|Iron Head|p2a: ReverseUNO
|-resisted|p2a: ReverseUNO
|-damage|p2a: ReverseUNO|0 fnt
|faint|p2a: ReverseUNO
|
|-weather|RainDance|[upkeep]
|upkeep
|
|t:|1781587895
|switch|p2a: Thing|Cetitan, M|100/100
|turn|6
|
|t:|1781587899
|-terastallize|p2a: Thing|Ground
|move|p2a: Thing|Earthquake|p1a: brb sacking 5
|-supereffective|p1a: brb sacking 5
|-damage|p1a: brb sacking 5|21/100
|move|p1a: brb sacking 5|Iron Head|p2a: Thing
|-damage|p2a: Thing|50/100
|-enditem|p2a: Thing|Sitrus Berry|[eat]
|-heal|p2a: Thing|75/100|[from] item: Sitrus Berry
|
|-weather|RainDance|[upkeep]
|upkeep
|turn|7
|
|t:|1781587909
|-end|p1a: brb sacking 5|fallenundefined|[silent]
|switch|p1a: the drizzler|Pelipper, M|100/100
|move|p2a: Thing|Icicle Spear|p1a: the drizzler
|-damage|p1a: the drizzler|91/100
|-crit|p1a: the drizzler
|-damage|p1a: the drizzler|75/100
|-damage|p1a: the drizzler|66/100
|-hitcount|p1a: the drizzler|3
|
|-weather|RainDance|[upkeep]
|upkeep
|turn|8
|
|t:|1781587918
|switch|p2a: Mavis|Ninetales-Alola, F|100/100
|-weather|Snowscape|[from] ability: Snow Warning|[of] p2a: Mavis
|move|p1a: the drizzler|Surf|p2a: Mavis
|-damage|p2a: Mavis|68/100
|
|-weather|Snowscape|[upkeep]
|upkeep
|turn|9
|
|t:|1781587924
|switch|p1a: big head|Slowking-Galar, F, shiny|83/100
|move|p2a: Mavis|Aurora Veil|p2a: Mavis
|-sidestart|p2: waha8|move: Aurora Veil
|
|-weather|Snowscape|[upkeep]
|upkeep
|turn|10
|
|t:|1781587929
|switch|p2a: SageOfSixPaths|Slowking-Galar, F|100/100
|move|p1a: big head|Future Sight|p2a: SageOfSixPaths
|-start|p1a: big head|move: Future Sight
|
|-weather|Snowscape|[upkeep]
|-fieldend|move: Psychic Terrain
|upkeep
|turn|11
|
|t:|1781587934
|switch|p1a: brb sacking 5|Kingambit, M, shiny|21/100
|move|p2a: SageOfSixPaths|Trick Room|p2a: SageOfSixPaths
|-fieldstart|move: Trick Room|[of] p2a: SageOfSixPaths
|
|-weather|Snowscape|[upkeep]
|upkeep
|turn|12
|
|t:|1781587939
|move|p2a: SageOfSixPaths|Fire Blast|p1a: brb sacking 5|[miss]
|-miss|p2a: SageOfSixPaths|p1a: brb sacking 5
|move|p1a: brb sacking 5|Kowtow Cleave|p2a: SageOfSixPaths
|-supereffective|p2a: SageOfSixPaths
|-damage|p2a: SageOfSixPaths|46/100
|
|-weather|Snowscape|[upkeep]
|-end|p2a: SageOfSixPaths|move: Future Sight
|-damage|p2a: SageOfSixPaths|27/100
|upkeep
|turn|13
|
|t:|1781587948
|switch|p2a: DeeDee|Indeedee, M|100/100
|-fieldstart|move: Psychic Terrain|[from] ability: Psychic Surge|[of] p2a: DeeDee
|-end|p1a: brb sacking 5|fallenundefined|[silent]
|switch|p1a: best mon|Samurott-Hisui, F, shiny|100/100
|
|-weather|Snowscape|[upkeep]
|-sideend|p2: waha8|move: Aurora Veil
|upkeep
|turn|14
|
|t:|1781587958
|switch|p2a: Thing|Cetitan, M, tera:Ground|75/100
|move|p1a: best mon|Ceaseless Edge|p2a: Thing
|-damage|p2a: Thing|42/100
|-sidestart|p2: waha8|Spikes
|
|-weather|Snowscape|[upkeep]
|upkeep
|turn|15
|
|t:|1781587966
|move|p1a: best mon|Razor Shell|p2a: Thing
|-supereffective|p2a: Thing
|-damage|p2a: Thing|0 fnt
|faint|p2a: Thing
|
|-weather|none
|-fieldend|move: Trick Room
|upkeep
|
|t:|1781587973
|switch|p2a: Mavis|Ninetales-Alola, F|68/100
|-damage|p2a: Mavis|56/100|[from] Spikes
|-weather|Snowscape|[from] ability: Snow Warning|[of] p2a: Mavis
|turn|16
|
|t:|1781587979
|switch|p1a: big head|Slowking-Galar, F, shiny|100/100
|move|p2a: Mavis|Freeze-Dry|p1a: big head
|-damage|p1a: big head|89/100
|
|-weather|Snowscape|[upkeep]
|upkeep
|turn|17
|
|t:|1781587984
|move|p2a: Mavis|Aurora Veil|p2a: Mavis
|-sidestart|p2: waha8|move: Aurora Veil
|move|p1a: big head|Future Sight|p2a: Mavis
|-start|p1a: big head|move: Future Sight
|
|-weather|Snowscape|[upkeep]
|upkeep
|turn|18
|
|t:|1781587988
|switch|p2a: SageOfSixPaths|Slowking-Galar, F|61/100
|-damage|p2a: SageOfSixPaths|48/100|[from] Spikes
|move|p1a: big head|Sludge Bomb|p2a: SageOfSixPaths
|-resisted|p2a: SageOfSixPaths
|-crit|p2a: SageOfSixPaths
|-damage|p2a: SageOfSixPaths|30/100
|
|-weather|Snowscape|[upkeep]
|upkeep
|turn|19
|
|t:|1781587997
|move|p1a: big head|Eerie Spell|p2a: SageOfSixPaths
|-damage|p2a: SageOfSixPaths|15/100
|move|p2a: SageOfSixPaths|Expanding Force|p1a: big head
|-damage|p1a: big head|45/100
|-damage|p2a: SageOfSixPaths|5/100|[from] item: Life Orb
|
|-weather|Snowscape|[upkeep]
|-end|p2a: SageOfSixPaths|move: Future Sight
|-damage|p2a: SageOfSixPaths|0 fnt
|faint|p2a: SageOfSixPaths
|upkeep
|
|t:|1781588006
|switch|p2a: SubZero|Kyurem|100/100
|-damage|p2a: SubZero|88/100|[from] Spikes
|-ability|p2a: SubZero|Pressure
|turn|20
|
|t:|1781588011
|move|p2a: SubZero|Dragon Dance|p2a: SubZero
|-boost|p2a: SubZero|atk|1
|-boost|p2a: SubZero|spe|1
|move|p1a: big head|Sludge Bomb|p2a: SubZero
|-damage|p2a: SubZero|71/100
|
|-weather|Snowscape|[upkeep]
|-fieldend|move: Psychic Terrain
|upkeep
|turn|21
|
|t:|1781588022
|move|p2a: SubZero|Dragon Dance|p2a: SubZero
|-boost|p2a: SubZero|atk|1
|-boost|p2a: SubZero|spe|1
|move|p1a: big head|Sludge Bomb|p2a: SubZero
|-crit|p2a: SubZero
|-damage|p2a: SubZero|22/100
|
|-weather|Snowscape|[upkeep]
|-sideend|p2: waha8|move: Aurora Veil
|upkeep
|turn|22
|
|t:|1781588030
|move|p2a: SubZero|Icicle Spear|p1a: big head
|-damage|p1a: big head|17/100
|-damage|p1a: big head|0 fnt
|faint|p1a: big head
|-hitcount|p1: big head|2
|
|-weather|Snowscape|[upkeep]
|upkeep
|
|t:|1781588038
|switch|p1a: brb sacking 5|Kingambit, M, shiny|21/100
|-activate|p1a: brb sacking 5|ability: Supreme Overlord
|-start|p1a: brb sacking 5|fallen1|[silent]
|turn|23
|
|t:|1781588042
|move|p1a: brb sacking 5|Sucker Punch||[still]
|-fail|p1a: brb sacking 5
|move|p2a: SubZero|Dragon Dance|p2a: SubZero
|-boost|p2a: SubZero|atk|1
|-boost|p2a: SubZero|spe|1
|
|-weather|none
|upkeep
|turn|24
|
|t:|1781588047
|move|p1a: brb sacking 5|Sucker Punch||[still]
|-fail|p1a: brb sacking 5
|move|p2a: SubZero|Dragon Dance|p2a: SubZero
|-boost|p2a: SubZero|atk|1
|-boost|p2a: SubZero|spe|1
|
|upkeep
|turn|25
|
|t:|1781588052
|move|p2a: SubZero|Dragon Dance|p2a: SubZero
|-boost|p2a: SubZero|atk|1
|-boost|p2a: SubZero|spe|1
|move|p1a: brb sacking 5|Kowtow Cleave|p2a: SubZero
|-damage|p2a: SubZero|0 fnt
|faint|p2a: SubZero
|
|upkeep
|c|☆waha8|gg
|-message|waha8 forfeited.
|
|win|CoolMeDownB
|raw|CoolMeDownB's rating: 1576 &rarr; <strong>1594</strong><br />(+18 for winning)
|raw|waha8's rating: 1545 &rarr; <strong>1527</strong><br />(-18 for losing)
|l|☆waha8
|player|p2|
|c|☆CoolMeDownB|gg
|l|☆CoolMeDownB
|player|p1|
