|j|☆winslowyoudog
|j|☆employment devil
|t:|1781402457
|gametype|singles
|player|p1|winslowyoudog|170|1596
|player|p2|employment devil|lusamine-nihilego|1642
|gen|9
|tier|[Gen 9] OU
|rated|
|rule|HP Percentage Mod: HP is shown in percentages
|rule|Endless Battle Clause: Forcing endless battles is banned
|rule|Species Clause: Limit one of each Pokémon
|rule|OHKO Clause: OHKO moves are banned
|rule|Evasion Items Clause: Evasion items are banned
|rule|Evasion Moves Clause: Evasion moves are banned
|rule|Evasion Abilities Clause: Evasion abilities are banned
|rule|Sleep Moves Clause: Sleep-inducing moves are banned
|clearpoke
|poke|p1|Quaquaval, M|
|poke|p1|Pecharunt|
|poke|p1|Raging Bolt|
|poke|p1|Iron Treads|
|poke|p1|Dragonite, M|
|poke|p1|Alomomola, M|
|poke|p2|Gliscor, F|
|poke|p2|Clefable, F|
|poke|p2|Dragapult, M|
|poke|p2|Heatran, F|
|poke|p2|Mandibuzz, F|
|poke|p2|Empoleon, M|
|teampreview
|c|☆employment devil|hf
|
|t:|1781402475
|teamsize|p1|6
|teamsize|p2|6
|start
|switch|p1a: Alomomola|Alomomola, M|100/100
|switch|p2a: Gliscor|Gliscor, F|100/100
|turn|1
|
|t:|1781402478
|move|p2a: Gliscor|Protect|p2a: Gliscor
|-singleturn|p2a: Gliscor|Protect
|move|p1a: Alomomola|Flip Turn|p2a: Gliscor
|-activate|p2a: Gliscor|move: Protect
|
|-status|p2a: Gliscor|tox|[from] item: Toxic Orb
|upkeep
|turn|2
|
|t:|1781402486
|move|p2a: Gliscor|Toxic|p1a: Alomomola
|-status|p1a: Alomomola|tox
|move|p1a: Alomomola|Flip Turn|p2a: Gliscor
|-supereffective|p2a: Gliscor
|-damage|p2a: Gliscor|75/100 tox
|
|t:|1781402492
|switch|p1a: Quaquaval|Quaquaval, M|100/100|[from] Flip Turn
|
|-heal|p2a: Gliscor|87/100 tox|[from] ability: Poison Heal
|upkeep
|turn|3
|
|t:|1781402499
|move|p2a: Gliscor|Protect|p2a: Gliscor
|-singleturn|p2a: Gliscor|Protect
|move|p1a: Quaquaval|Bulk Up|p1a: Quaquaval
|-boost|p1a: Quaquaval|atk|1
|-boost|p1a: Quaquaval|def|1
|
|-heal|p2a: Gliscor|99/100 tox|[from] ability: Poison Heal
|upkeep
|turn|4
|
|t:|1781402505
|switch|p2a: Mandibuzz|Mandibuzz, F|100/100
|move|p1a: Quaquaval|Taunt|p2a: Mandibuzz
|-start|p2a: Mandibuzz|move: Taunt
|
|upkeep
|turn|5
|
|t:|1781402515
|switch|p2a: Dragapult|Dragapult, M|100/100
|move|p1a: Quaquaval|Bulk Up|p1a: Quaquaval
|-boost|p1a: Quaquaval|atk|1
|-boost|p1a: Quaquaval|def|1
|
|upkeep
|turn|6
|
|t:|1781402520
|move|p2a: Dragapult|Will-O-Wisp|p1a: Quaquaval
|-status|p1a: Quaquaval|brn
|move|p1a: Quaquaval|Aqua Step|p2a: Dragapult
|-resisted|p2a: Dragapult
|-damage|p2a: Dragapult|74/100
|-boost|p1a: Quaquaval|spe|1
|
|-damage|p1a: Quaquaval|94/100 brn|[from] brn
|upkeep
|turn|7
|
|t:|1781402527
|move|p2a: Dragapult|Hex|p1a: Quaquaval
|-damage|p1a: Quaquaval|33/100 brn
|move|p1a: Quaquaval|Aqua Step|p2a: Dragapult
|-resisted|p2a: Dragapult
|-damage|p2a: Dragapult|48/100
|-boost|p1a: Quaquaval|spe|1
|
|-heal|p1a: Quaquaval|40/100 brn|[from] item: Leftovers
|-damage|p1a: Quaquaval|33/100 brn|[from] brn
|upkeep
|turn|8
|
|t:|1781402538
|move|p1a: Quaquaval|Aqua Step|p2a: Dragapult
|-resisted|p2a: Dragapult
|-damage|p2a: Dragapult|21/100
|-boost|p1a: Quaquaval|spe|1
|move|p2a: Dragapult|Hex|p1a: Quaquaval
|-damage|p1a: Quaquaval|0 fnt
|faint|p1a: Quaquaval
|
|upkeep
|
|t:|1781402542
|switch|p1a: Raging Bolt|Raging Bolt|100/100
|turn|9
|
|t:|1781402562
|switch|p2a: Clefable|Clefable, F|100/100
|move|p1a: Raging Bolt|Volt Switch|p2a: Clefable
|-damage|p2a: Clefable|53/100
|
|t:|1781402564
|-end|p1a: Raging Bolt|Protosynthesis|[silent]
|switch|p1a: Pecharunt|Pecharunt|100/100|[from] Volt Switch
|
|-heal|p2a: Clefable|59/100|[from] item: Leftovers
|upkeep
|turn|10
|
|t:|1781402570
|switch|p2a: Gliscor|Gliscor, F|99/100 tox
|move|p1a: Pecharunt|Parting Shot|p2a: Gliscor
|-unboost|p2a: Gliscor|atk|1
|-unboost|p2a: Gliscor|spa|1
|
|t:|1781402573
|switch|p1a: Raging Bolt|Raging Bolt|100/100|[from] Parting Shot
|
|-heal|p2a: Gliscor|100/100 tox|[from] ability: Poison Heal
|upkeep
|turn|11
|
|t:|1781402577
|move|p2a: Gliscor|Protect|p2a: Gliscor
|-singleturn|p2a: Gliscor|Protect
|move|p1a: Raging Bolt|Draco Meteor|p2a: Gliscor
|-activate|p2a: Gliscor|move: Protect
|
|upkeep
|turn|12
|
|t:|1781402583
|move|p2a: Gliscor|Substitute|p2a: Gliscor
|-start|p2a: Gliscor|Substitute
|-damage|p2a: Gliscor|75/100 tox
|move|p1a: Raging Bolt|Draco Meteor|p2a: Gliscor
|-end|p2a: Gliscor|Substitute
|-unboost|p1a: Raging Bolt|spa|2
|
|-heal|p2a: Gliscor|88/100 tox|[from] ability: Poison Heal
|upkeep
|turn|13
|
|t:|1781402593
|switch|p2a: Clefable|Clefable, F|59/100
|-end|p1a: Raging Bolt|Protosynthesis|[silent]
|switch|p1a: Iron Treads|Iron Treads|100/100
|
|-heal|p2a: Clefable|65/100|[from] item: Leftovers
|upkeep
|turn|14
|
|t:|1781402606
|switch|p2a: Mandibuzz|Mandibuzz, F|100/100
|move|p1a: Iron Treads|Knock Off|p2a: Mandibuzz
|-resisted|p2a: Mandibuzz
|-damage|p2a: Mandibuzz|92/100
|-enditem|p2a: Mandibuzz|Heavy-Duty Boots|[from] move: Knock Off|[of] p1a: Iron Treads
|
|upkeep
|turn|15
|
|t:|1781402636
|move|p1a: Iron Treads|Stealth Rock|p2a: Mandibuzz
|-sidestart|p2: employment devil|move: Stealth Rock
|move|p2a: Mandibuzz|Foul Play|p1a: Iron Treads
|-damage|p1a: Iron Treads|59/100
|
|-heal|p1a: Iron Treads|66/100|[from] item: Leftovers
|upkeep
|turn|16
|
|t:|1781402644
|-end|p1a: Iron Treads|Quark Drive|[silent]
|switch|p1a: Raging Bolt|Raging Bolt|100/100
|move|p2a: Mandibuzz|Foul Play|p1a: Raging Bolt
|-damage|p1a: Raging Bolt|81/100
|
|upkeep
|turn|17
|
|t:|1781402652
|switch|p2a: Heatran|Heatran, F|100/100
|-damage|p2a: Heatran|88/100|[from] Stealth Rock
|move|p1a: Raging Bolt|Thunderbolt|p2a: Heatran
|-damage|p2a: Heatran|39/100
|
|-heal|p2a: Heatran|45/100|[from] item: Leftovers
|upkeep
|turn|18
|
|t:|1781402655
|switch|p2a: Gliscor|Gliscor, F|88/100 tox
|-damage|p2a: Gliscor|75/100 tox|[from] Stealth Rock
|move|p1a: Raging Bolt|Thunderbolt|p2a: Gliscor
|-immune|p2a: Gliscor
|
|-heal|p2a: Gliscor|88/100 tox|[from] ability: Poison Heal
|upkeep
|turn|19
|
|t:|1781402659
|-end|p1a: Raging Bolt|Protosynthesis|[silent]
|switch|p1a: Alomomola|Alomomola, M|100/100 tox
|move|p2a: Gliscor|Earthquake|p1a: Alomomola
|-damage|p1a: Alomomola|74/100 tox
|
|-heal|p2a: Gliscor|100/100 tox|[from] ability: Poison Heal
|-damage|p1a: Alomomola|68/100 tox|[from] psn
|upkeep
|turn|20
|
|t:|1781402662
|move|p2a: Gliscor|Protect|p2a: Gliscor
|-singleturn|p2a: Gliscor|Protect
|move|p1a: Alomomola|Flip Turn|p2a: Gliscor
|-activate|p2a: Gliscor|move: Protect
|
|-damage|p1a: Alomomola|56/100 tox|[from] psn
|upkeep
|turn|21
|
|t:|1781402664
|move|p2a: Gliscor|Earthquake|p1a: Alomomola
|-damage|p1a: Alomomola|30/100 tox
|move|p1a: Alomomola|Flip Turn|p2a: Gliscor
|-supereffective|p2a: Gliscor
|-damage|p2a: Gliscor|76/100 tox
|
|t:|1781402671
|switch|p1a: Raging Bolt|Raging Bolt|81/100|[from] Flip Turn
|
|-heal|p2a: Gliscor|89/100 tox|[from] ability: Poison Heal
|upkeep
|turn|22
|
|t:|1781402676
|move|p2a: Gliscor|Protect|p2a: Gliscor
|-singleturn|p2a: Gliscor|Protect
|move|p1a: Raging Bolt|Draco Meteor|p2a: Gliscor
|-activate|p2a: Gliscor|move: Protect
|
|-heal|p2a: Gliscor|100/100 tox|[from] ability: Poison Heal
|upkeep
|turn|23
|
|t:|1781402679
|-end|p1a: Raging Bolt|Protosynthesis|[silent]
|switch|p1a: Iron Treads|Iron Treads|66/100
|move|p2a: Gliscor|Substitute|p2a: Gliscor
|-start|p2a: Gliscor|Substitute
|-damage|p2a: Gliscor|75/100 tox
|
|-heal|p1a: Iron Treads|72/100|[from] item: Leftovers
|-heal|p2a: Gliscor|88/100 tox|[from] ability: Poison Heal
|upkeep
|turn|24
|
|t:|1781402691
|-end|p1a: Iron Treads|Quark Drive|[silent]
|switch|p1a: Pecharunt|Pecharunt|100/100
|move|p2a: Gliscor|Earthquake|p1a: Pecharunt
|-supereffective|p1a: Pecharunt
|-damage|p1a: Pecharunt|70/100
|
|-heal|p2a: Gliscor|100/100 tox|[from] ability: Poison Heal
|upkeep
|turn|25
|
|t:|1781402696
|move|p2a: Gliscor|Earthquake|p1a: Pecharunt
|-supereffective|p1a: Pecharunt
|-damage|p1a: Pecharunt|39/100
|move|p1a: Pecharunt|Shadow Ball|p2a: Gliscor
|-end|p2a: Gliscor|Substitute
|
|upkeep
|turn|26
|
|t:|1781402701
|move|p2a: Gliscor|Earthquake|p1a: Pecharunt
|-supereffective|p1a: Pecharunt
|-damage|p1a: Pecharunt|11/100
|move|p1a: Pecharunt|Recover|p1a: Pecharunt
|-heal|p1a: Pecharunt|61/100
|
|upkeep
|turn|27
|
|t:|1781402704
|move|p2a: Gliscor|Earthquake|p1a: Pecharunt
|-supereffective|p1a: Pecharunt
|-damage|p1a: Pecharunt|33/100
|move|p1a: Pecharunt|Recover|p1a: Pecharunt
|-heal|p1a: Pecharunt|83/100
|
|upkeep
|turn|28
|
|t:|1781402707
|move|p2a: Gliscor|Earthquake|p1a: Pecharunt
|-supereffective|p1a: Pecharunt
|-damage|p1a: Pecharunt|52/100
|move|p1a: Pecharunt|Shadow Ball|p2a: Gliscor
|-damage|p2a: Gliscor|69/100 tox
|
|-heal|p2a: Gliscor|81/100 tox|[from] ability: Poison Heal
|upkeep
|turn|29
|
|t:|1781402713
|move|p2a: Gliscor|Earthquake|p1a: Pecharunt
|-supereffective|p1a: Pecharunt
|-damage|p1a: Pecharunt|20/100
|move|p1a: Pecharunt|Recover|p1a: Pecharunt
|-heal|p1a: Pecharunt|70/100
|
|-heal|p2a: Gliscor|94/100 tox|[from] ability: Poison Heal
|upkeep
|turn|30
|
|t:|1781402717
|move|p2a: Gliscor|Earthquake|p1a: Pecharunt
|-supereffective|p1a: Pecharunt
|-damage|p1a: Pecharunt|36/100
|move|p1a: Pecharunt|Shadow Ball|p2a: Gliscor
|-damage|p2a: Gliscor|65/100 tox
|
|-heal|p2a: Gliscor|77/100 tox|[from] ability: Poison Heal
|upkeep
|turn|31
|
|t:|1781402720
|move|p2a: Gliscor|Earthquake|p1a: Pecharunt
|-supereffective|p1a: Pecharunt
|-damage|p1a: Pecharunt|3/100
|move|p1a: Pecharunt|Recover|p1a: Pecharunt
|-heal|p1a: Pecharunt|53/100
|
|-heal|p2a: Gliscor|90/100 tox|[from] ability: Poison Heal
|upkeep
|turn|32
|
|t:|1781402724
|move|p2a: Gliscor|Earthquake|p1a: Pecharunt
|-supereffective|p1a: Pecharunt
|-damage|p1a: Pecharunt|23/100
|move|p1a: Pecharunt|Recover|p1a: Pecharunt
|-heal|p1a: Pecharunt|73/100
|
|-heal|p2a: Gliscor|100/100 tox|[from] ability: Poison Heal
|upkeep
|turn|33
|
|t:|1781402729
|move|p2a: Gliscor|Earthquake|p1a: Pecharunt
|-supereffective|p1a: Pecharunt
|-damage|p1a: Pecharunt|45/100
|move|p1a: Pecharunt|Recover|p1a: Pecharunt
|-heal|p1a: Pecharunt|95/100
|
|upkeep
|turn|34
|
|t:|1781402735
|switch|p2a: Empoleon|Empoleon, M|100/100
|move|p1a: Pecharunt|Shadow Ball|p2a: Empoleon
|-damage|p2a: Empoleon|78/100
|-unboost|p2a: Empoleon|spd|1
|-ability|p2a: Empoleon|Competitive|boost
|-boost|p2a: Empoleon|spa|2
|
|upkeep
|turn|35
|
|t:|1781402746
|switch|p1a: Raging Bolt|Raging Bolt|81/100
|move|p2a: Empoleon|Surf|p1a: Raging Bolt
|-resisted|p1a: Raging Bolt
|-damage|p1a: Raging Bolt|41/100
|
|upkeep
|turn|36
|
|t:|1781402755
|switch|p2a: Heatran|Heatran, F|45/100
|-damage|p2a: Heatran|32/100|[from] Stealth Rock
|move|p1a: Raging Bolt|Thunderbolt|p2a: Heatran
|-damage|p2a: Heatran|0 fnt
|faint|p2a: Heatran
|
|upkeep
|
|t:|1781402760
|switch|p2a: Gliscor|Gliscor, F|100/100 tox
|-damage|p2a: Gliscor|88/100 tox|[from] Stealth Rock
|turn|37
|
|t:|1781402768
|-end|p1a: Raging Bolt|Protosynthesis|[silent]
|switch|p1a: Pecharunt|Pecharunt|95/100
|move|p2a: Gliscor|Earthquake|p1a: Pecharunt
|-supereffective|p1a: Pecharunt
|-damage|p1a: Pecharunt|66/100
|
|-heal|p2a: Gliscor|100/100 tox|[from] ability: Poison Heal
|upkeep
|turn|38
|
|t:|1781402772
|switch|p2a: Empoleon|Empoleon, M|78/100
|move|p1a: Pecharunt|Shadow Ball|p2a: Empoleon
|-damage|p2a: Empoleon|56/100
|
|upkeep
|turn|39
|
|t:|1781402779
|switch|p1a: Iron Treads|Iron Treads|72/100
|move|p2a: Empoleon|Knock Off|p1a: Iron Treads
|-crit|p1a: Iron Treads
|-damage|p1a: Iron Treads|46/100
|-enditem|p1a: Iron Treads|Leftovers|[from] move: Knock Off|[of] p2a: Empoleon
|
|upkeep
|turn|40
|
|t:|1781402785
|-end|p1a: Iron Treads|Quark Drive|[silent]
|switch|p1a: Pecharunt|Pecharunt|66/100
|switch|p2a: Gliscor|Gliscor, F|100/100 tox
|-damage|p2a: Gliscor|88/100 tox|[from] Stealth Rock
|
|-heal|p2a: Gliscor|100/100 tox|[from] ability: Poison Heal
|upkeep
|turn|41
|
|t:|1781402803
|switch|p2a: Empoleon|Empoleon, M|56/100
|move|p1a: Pecharunt|Shadow Ball|p2a: Empoleon
|-damage|p2a: Empoleon|35/100
|
|upkeep
|turn|42
|
|t:|1781402818
|switch|p1a: Raging Bolt|Raging Bolt|41/100
|move|p2a: Empoleon|Knock Off|p1a: Raging Bolt
|-damage|p1a: Raging Bolt|24/100
|-enditem|p1a: Raging Bolt|Choice Specs|[from] move: Knock Off|[of] p2a: Empoleon
|
|upkeep
|turn|43
|
|t:|1781402823
|switch|p2a: Clefable|Clefable, F|65/100
|move|p1a: Raging Bolt|Thunderbolt|p2a: Clefable
|-damage|p2a: Clefable|24/100
|-status|p2a: Clefable|par
|
|-heal|p2a: Clefable|30/100 par|[from] item: Leftovers
|upkeep
|turn|44
|
|t:|1781402830
|switch|p2a: Gliscor|Gliscor, F|100/100 tox
|-damage|p2a: Gliscor|88/100 tox|[from] Stealth Rock
|move|p1a: Raging Bolt|Thunderbolt|p2a: Gliscor
|-immune|p2a: Gliscor
|
|-heal|p2a: Gliscor|100/100 tox|[from] ability: Poison Heal
|upkeep
|turn|45
|
|t:|1781402834
|-end|p1a: Raging Bolt|Protosynthesis|[silent]
|switch|p1a: Dragonite|Dragonite, M|100/100
|move|p2a: Gliscor|Substitute|p2a: Gliscor
|-start|p2a: Gliscor|Substitute
|-damage|p2a: Gliscor|75/100 tox
|
|-heal|p2a: Gliscor|88/100 tox|[from] ability: Poison Heal
|upkeep
|turn|46
|
|t:|1781402838
|switch|p1a: Pecharunt|Pecharunt|66/100
|move|p2a: Gliscor|Toxic|p1a: Pecharunt
|-immune|p1a: Pecharunt
|
|-heal|p2a: Gliscor|100/100 tox|[from] ability: Poison Heal
|upkeep
|turn|47
|
|t:|1781402841
|switch|p2a: Empoleon|Empoleon, M|35/100
|move|p1a: Pecharunt|Shadow Ball|p2a: Empoleon
|-damage|p2a: Empoleon|12/100
|
|upkeep
|turn|48
|
|t:|1781402843
|move|p1a: Pecharunt|Shadow Ball|p2a: Empoleon
|-damage|p2a: Empoleon|0 fnt
|faint|p2a: Empoleon
|
|upkeep
|
|t:|1781402857
|switch|p2a: Gliscor|Gliscor, F|100/100 tox
|-damage|p2a: Gliscor|88/100 tox|[from] Stealth Rock
|turn|49
|
|t:|1781402861
|move|p2a: Gliscor|Earthquake|p1a: Pecharunt
|-supereffective|p1a: Pecharunt
|-damage|p1a: Pecharunt|38/100
|move|p1a: Pecharunt|Shadow Ball|p2a: Gliscor
|-damage|p2a: Gliscor|56/100 tox
|
|-heal|p2a: Gliscor|69/100 tox|[from] ability: Poison Heal
|upkeep
|turn|50
|
|t:|1781402865
|move|p2a: Gliscor|Earthquake|p1a: Pecharunt
|-supereffective|p1a: Pecharunt
|-damage|p1a: Pecharunt|9/100
|move|p1a: Pecharunt|Recover|p1a: Pecharunt
|-heal|p1a: Pecharunt|59/100
|
|-heal|p2a: Gliscor|81/100 tox|[from] ability: Poison Heal
|upkeep
|turn|51
|
|t:|1781402869
|move|p2a: Gliscor|Earthquake|p1a: Pecharunt
|-supereffective|p1a: Pecharunt
|-damage|p1a: Pecharunt|26/100
|move|p1a: Pecharunt|Recover|p1a: Pecharunt
|-heal|p1a: Pecharunt|76/100
|
|-heal|p2a: Gliscor|94/100 tox|[from] ability: Poison Heal
|upkeep
|turn|52
|
|t:|1781402873
|move|p2a: Gliscor|Substitute|p2a: Gliscor
|-start|p2a: Gliscor|Substitute
|-damage|p2a: Gliscor|69/100 tox
|move|p1a: Pecharunt|Malignant Chain|p2a: Gliscor
|-resisted|p2a: Gliscor
|-activate|p2a: Gliscor|move: Substitute|[damage]
|
|-heal|p2a: Gliscor|81/100 tox|[from] ability: Poison Heal
|upkeep
|turn|53
|
|t:|1781402877
|move|p2a: Gliscor|Protect|p2a: Gliscor
|-singleturn|p2a: Gliscor|Protect
|move|p1a: Pecharunt|Shadow Ball|p2a: Gliscor
|-activate|p2a: Gliscor|move: Protect
|
|-heal|p2a: Gliscor|94/100 tox|[from] ability: Poison Heal
|upkeep
|turn|54
|
|t:|1781402913
|move|p2a: Gliscor|Protect||[still]
|-fail|p2a: Gliscor
|move|p1a: Pecharunt|Shadow Ball|p2a: Gliscor
|-end|p2a: Gliscor|Substitute
|
|-heal|p2a: Gliscor|100/100 tox|[from] ability: Poison Heal
|upkeep
|turn|55
|
|t:|1781402926
|switch|p2a: Clefable|Clefable, F|30/100 par
|switch|p1a: Alomomola|Alomomola, M|63/100 tox
|
|-heal|p2a: Clefable|36/100 par|[from] item: Leftovers
|-damage|p1a: Alomomola|57/100 tox|[from] psn
|upkeep
|turn|56
|
|t:|1781402929
|move|p1a: Alomomola|Flip Turn|p2a: Clefable
|-damage|p2a: Clefable|16/100 par
|
|t:|1781402935
|switch|p1a: Raging Bolt|Raging Bolt|24/100|[from] Flip Turn
|move|p2a: Clefable|Moonlight|p2a: Clefable
|-heal|p2a: Clefable|66/100 par
|
|-heal|p2a: Clefable|73/100 par|[from] item: Leftovers
|upkeep
|turn|57
|
|t:|1781402942
|move|p1a: Raging Bolt|Volt Switch|p2a: Clefable
|-damage|p2a: Clefable|44/100 par
|
|t:|1781402943
|-end|p1a: Raging Bolt|Protosynthesis|[silent]
|switch|p1a: Pecharunt|Pecharunt|76/100|[from] Volt Switch
|cant|p2a: Clefable|par
|
|-heal|p2a: Clefable|50/100 par|[from] item: Leftovers
|upkeep
|turn|58
|
|t:|1781402949
|switch|p2a: Gliscor|Gliscor, F|100/100 tox
|-damage|p2a: Gliscor|88/100 tox|[from] Stealth Rock
|move|p1a: Pecharunt|Malignant Chain|p2a: Gliscor
|-resisted|p2a: Gliscor
|-damage|p2a: Gliscor|70/100 tox
|
|-heal|p2a: Gliscor|83/100 tox|[from] ability: Poison Heal
|upkeep
|turn|59
|
|t:|1781402958
|move|p2a: Gliscor|Substitute|p2a: Gliscor
|-start|p2a: Gliscor|Substitute
|-damage|p2a: Gliscor|58/100 tox
|move|p1a: Pecharunt|Shadow Ball|p2a: Gliscor
|-end|p2a: Gliscor|Substitute
|
|-heal|p2a: Gliscor|70/100 tox|[from] ability: Poison Heal
|upkeep
|turn|60
|
|t:|1781402963
|move|p2a: Gliscor|Protect|p2a: Gliscor
|-singleturn|p2a: Gliscor|Protect
|move|p1a: Pecharunt|Parting Shot|p2a: Gliscor
|-activate|p2a: Gliscor|move: Protect
|
|-heal|p2a: Gliscor|83/100 tox|[from] ability: Poison Heal
|upkeep
|turn|61
|
|t:|1781402968
|move|p2a: Gliscor|Substitute|p2a: Gliscor
|-start|p2a: Gliscor|Substitute
|-damage|p2a: Gliscor|58/100 tox
|move|p1a: Pecharunt|Shadow Ball|p2a: Gliscor
|-end|p2a: Gliscor|Substitute
|
|-heal|p2a: Gliscor|70/100 tox|[from] ability: Poison Heal
|upkeep
|turn|62
|
|t:|1781402972
|move|p2a: Gliscor|Substitute|p2a: Gliscor
|-start|p2a: Gliscor|Substitute
|-damage|p2a: Gliscor|45/100 tox
|move|p1a: Pecharunt|Shadow Ball|p2a: Gliscor
|-end|p2a: Gliscor|Substitute
|
|-heal|p2a: Gliscor|58/100 tox|[from] ability: Poison Heal
|upkeep
|turn|63
|
|t:|1781402975
|move|p2a: Gliscor|Protect|p2a: Gliscor
|-singleturn|p2a: Gliscor|Protect
|move|p1a: Pecharunt|Shadow Ball|p2a: Gliscor
|-activate|p2a: Gliscor|move: Protect
|
|-heal|p2a: Gliscor|70/100 tox|[from] ability: Poison Heal
|upkeep
|turn|64
|
|t:|1781402980
|move|p2a: Gliscor|Substitute|p2a: Gliscor
|-start|p2a: Gliscor|Substitute
|-damage|p2a: Gliscor|45/100 tox
|move|p1a: Pecharunt|Shadow Ball|p2a: Gliscor
|-end|p2a: Gliscor|Substitute
|
|-heal|p2a: Gliscor|58/100 tox|[from] ability: Poison Heal
|upkeep
|turn|65
|
|t:|1781402984
|move|p2a: Gliscor|Protect|p2a: Gliscor
|-singleturn|p2a: Gliscor|Protect
|move|p1a: Pecharunt|Parting Shot|p2a: Gliscor
|-activate|p2a: Gliscor|move: Protect
|
|-heal|p2a: Gliscor|70/100 tox|[from] ability: Poison Heal
|upkeep
|turn|66
|
|t:|1781402989
|move|p2a: Gliscor|Substitute|p2a: Gliscor
|-start|p2a: Gliscor|Substitute
|-damage|p2a: Gliscor|45/100 tox
|move|p1a: Pecharunt|Shadow Ball|p2a: Gliscor
|-end|p2a: Gliscor|Substitute
|
|-heal|p2a: Gliscor|58/100 tox|[from] ability: Poison Heal
|upkeep
|turn|67
|
|t:|1781402992
|move|p2a: Gliscor|Substitute|p2a: Gliscor
|-start|p2a: Gliscor|Substitute
|-damage|p2a: Gliscor|33/100 tox
|move|p1a: Pecharunt|Parting Shot|p2a: Gliscor
|-unboost|p2a: Gliscor|atk|1
|-unboost|p2a: Gliscor|spa|1
|
|t:|1781402995
|switch|p1a: Alomomola|Alomomola, M|91/100 tox|[from] Parting Shot
|
|-heal|p2a: Gliscor|45/100 tox|[from] ability: Poison Heal
|-damage|p1a: Alomomola|84/100 tox|[from] psn
|upkeep
|turn|68
|
|t:|1781403000
|move|p2a: Gliscor|Protect|p2a: Gliscor
|-singleturn|p2a: Gliscor|Protect
|move|p1a: Alomomola|Flip Turn|p2a: Gliscor
|-activate|p2a: Gliscor|move: Protect
|
|-heal|p2a: Gliscor|58/100 tox|[from] ability: Poison Heal
|-damage|p1a: Alomomola|72/100 tox|[from] psn
|upkeep
|turn|69
|c|☆employment devil|gg
|-message|employment devil forfeited.
|
|win|winslowyoudog
|raw|winslowyoudog's rating: 1596 &rarr; <strong>1619</strong><br />(+23 for winning)
|raw|employment devil's rating: 1642 &rarr; <strong>1619</strong><br />(-23 for losing)
|l|☆winslowyoudog
|player|p1|
|l|☆employment devil
|player|p2|
