|j|☆funnygames(1997)
|j|☆FP.//06
|t:|1781064209
|gametype|singles
|player|p1|funnygames(1997)|cameraman|1489
|player|p2|FP.//06|lucas|1566
|gen|9
|tier|[Gen 9] OU
|rated|
|rule|HP Percentage Mod: HP is shown in percentages
|rule|Endless Battle Clause: Forcing endless battles is banned
|rule|Species Clause: Limit one of each Pokémon
|rule|OHKO Clause: OHKO moves are banned
|rule|Evasion Items Clause: Evasion items are banned
|rule|Evasion Moves Clause: Evasion moves are banned
|rule|Evasion Abilities Clause: Evasion abilities are banned
|rule|Sleep Moves Clause: Sleep-inducing moves are banned
|clearpoke
|poke|p1|Zapdos|
|poke|p1|Iron Treads|
|poke|p1|Samurott-Hisui, M|
|poke|p1|Ceruledge, M|
|poke|p1|Gholdengo|
|poke|p1|Kingambit, M|
|poke|p2|Landorus-Therian, M|
|poke|p2|Glimmora, F|
|poke|p2|Zamazenta-*|
|poke|p2|Gholdengo|
|poke|p2|Kyurem|
|poke|p2|Kingambit, F|
|teampreview
|inactive|Battle timer is ON: inactive players will automatically lose when time's up. (requested by FP.//06)
|
|t:|1781064228
|teamsize|p1|6
|teamsize|p2|6
|start
|switch|p1a: Gholdengo|Gholdengo|100/100
|switch|p2a: Kyurem|Kyurem|100/100
|-ability|p2a: Kyurem|Pressure
|-item|p1a: Gholdengo|Air Balloon
|turn|1
|
|t:|1781064236
|switch|p2a: Landorus|Landorus-Therian, M|100/100
|-ability|p2a: Landorus|Intimidate|boost
|-unboost|p1a: Gholdengo|atk|1
|move|p1a: Gholdengo|Thunder Wave|p2a: Landorus
|-immune|p2a: Landorus
|
|upkeep
|turn|2
|
|t:|1781064241
|move|p2a: Landorus|U-turn|p1a: Gholdengo
|-resisted|p1a: Gholdengo
|-damage|p1a: Gholdengo|97/100
|-enditem|p1a: Gholdengo|Air Balloon
|
|t:|1781064245
|switch|p2a: Kingambit|Kingambit, F|100/100|[from] U-turn
|move|p1a: Gholdengo|Make It Rain|p2a: Kingambit
|-resisted|p2a: Kingambit
|-damage|p2a: Kingambit|73/100
|-unboost|p1a: Gholdengo|spa|1
|
|-heal|p2a: Kingambit|79/100|[from] item: Leftovers
|upkeep
|turn|3
|
|t:|1781064250
|switch|p1a: Zapdos|Zapdos|100/100
|-end|p2a: Kingambit|fallenundefined|[silent]
|switch|p2a: Landorus|Landorus-Therian, M|100/100
|-ability|p2a: Landorus|Intimidate|boost
|-unboost|p1a: Zapdos|atk|1
|
|upkeep
|turn|4
|
|t:|1781064260
|move|p2a: Landorus|Stealth Rock|p1a: Zapdos
|-sidestart|p1: funnygames(1997)|move: Stealth Rock
|move|p1a: Zapdos|Hurricane|p2a: Landorus
|-damage|p2a: Landorus|55/100
|
|upkeep
|turn|5
|
|t:|1781064267
|switch|p2a: Glimmora|Glimmora, F|100/100
|move|p1a: Zapdos|Volt Switch|p2a: Glimmora
|-damage|p2a: Glimmora|62/100
|
|t:|1781064279
|switch|p1a: Iron Treads|Iron Treads|100/100|[from] Volt Switch
|-damage|p1a: Iron Treads|97/100|[from] Stealth Rock
|
|-heal|p1a: Iron Treads|100/100|[from] item: Leftovers
|upkeep
|turn|6
|
|t:|1781064283
|move|p2a: Glimmora|Earth Power|p1a: Iron Treads
|-supereffective|p1a: Iron Treads
|-damage|p1a: Iron Treads|8/100
|move|p1a: Iron Treads|Stealth Rock|p2a: Glimmora
|-sidestart|p2: FP.//06|move: Stealth Rock
|
|-heal|p1a: Iron Treads|15/100|[from] item: Leftovers
|upkeep
|turn|7
|
|t:|1781064288
|-end|p1a: Iron Treads|Quark Drive|[silent]
|switch|p1a: Zapdos|Zapdos|100/100
|move|p2a: Glimmora|Earth Power|p1a: Zapdos
|-immune|p1a: Zapdos
|
|upkeep
|turn|8
|
|t:|1781064291
|switch|p2a: Landorus|Landorus-Therian, M|55/100
|-damage|p2a: Landorus|43/100|[from] Stealth Rock
|-ability|p2a: Landorus|Intimidate|boost
|-unboost|p1a: Zapdos|atk|1
|move|p1a: Zapdos|Hurricane|p2a: Landorus
|-damage|p2a: Landorus|0 fnt
|faint|p2a: Landorus
|
|upkeep
|
|t:|1781064293
|switch|p2a: Glimmora|Glimmora, F|62/100
|-damage|p2a: Glimmora|50/100|[from] Stealth Rock
|turn|9
|
|t:|1781064307
|switch|p1a: Iron Treads|Iron Treads|15/100
|-damage|p1a: Iron Treads|11/100|[from] Stealth Rock
|move|p2a: Glimmora|Earth Power|p1a: Iron Treads
|-supereffective|p1a: Iron Treads
|-damage|p1a: Iron Treads|0 fnt
|faint|p1a: Iron Treads
|-end|p1a: Iron Treads|Quark Drive|[silent]
|
|upkeep
|
|t:|1781064315
|switch|p1a: Zapdos|Zapdos|100/100
|turn|10
|
|t:|1781064325
|switch|p2a: Kyurem|Kyurem|100/100
|-damage|p2a: Kyurem|76/100|[from] Stealth Rock
|-ability|p2a: Kyurem|Pressure
|move|p1a: Zapdos|Volt Switch|p2a: Kyurem
|-resisted|p2a: Kyurem
|-damage|p2a: Kyurem|63/100
|inactive|funnygames(1997) has 120 seconds left.
|
|t:|1781064355
|switch|p1a: Samurott|Samurott-Hisui, M|100/100|[from] Volt Switch
|-damage|p1a: Samurott|88/100|[from] Stealth Rock
|
|upkeep
|turn|11
|
|t:|1781064367
|move|p2a: Kyurem|Scale Shot|p1a: Samurott
|-damage|p1a: Samurott|74/100
|-damage|p1a: Samurott|60/100
|-damage|p1a: Samurott|46/100
|-damage|p1a: Samurott|31/100
|-damage|p1a: Samurott|17/100
|-hitcount|p1a: Samurott|5
|-unboost|p2a: Kyurem|def|1
|-boost|p2a: Kyurem|spe|1
|move|p1a: Samurott|Ceaseless Edge|p2a: Kyurem
|-damage|p2a: Kyurem|0 fnt
|-sidestart|p2: FP.//06|Spikes
|faint|p2a: Kyurem
|
|upkeep
|
|t:|1781064372
|switch|p2a: Glimmora|Glimmora, F|50/100
|-damage|p2a: Glimmora|37/100|[from] Stealth Rock
|-damage|p2a: Glimmora|25/100|[from] Spikes
|turn|12
|
|t:|1781064381
|-terastallize|p2a: Glimmora|Fairy
|move|p1a: Samurott|Sucker Punch|p2a: Glimmora
|-resisted|p2a: Glimmora
|-damage|p2a: Glimmora|7/100
|-activate|p2a: Glimmora|ability: Toxic Debris
|-sidestart|p1: funnygames(1997)|move: Toxic Spikes
|move|p2a: Glimmora|Mortal Spin|p1a: Samurott
|-damage|p1a: Samurott|11/100
|-status|p1a: Samurott|psn
|-sideend|p2: FP.//06|Spikes|[from] move: Mortal Spin|[of] p2a: Glimmora
|-sideend|p2: FP.//06|Stealth Rock|[from] move: Mortal Spin|[of] p2a: Glimmora
|
|-damage|p1a: Samurott|0 fnt|[from] psn
|faint|p1a: Samurott
|upkeep
|
|t:|1781064398
|switch|p1a: Gholdengo|Gholdengo|97/100
|-damage|p1a: Gholdengo|91/100|[from] Stealth Rock
|turn|13
|
|t:|1781064402
|switch|p2a: Kingambit|Kingambit, F|79/100
|-activate|p2a: Kingambit|ability: Supreme Overlord
|-start|p2a: Kingambit|fallen2|[silent]
|move|p1a: Gholdengo|Thunder Wave|p2a: Kingambit
|-status|p2a: Kingambit|par
|
|-heal|p2a: Kingambit|85/100 par|[from] item: Leftovers
|upkeep
|turn|14
|
|t:|1781064411
|switch|p1a: Kingambit|Kingambit, M|100/100
|-damage|p1a: Kingambit|94/100|[from] Stealth Rock
|-activate|p1a: Kingambit|ability: Supreme Overlord
|-start|p1a: Kingambit|fallen2|[silent]
|-end|p2a: Kingambit|fallen2|[silent]
|switch|p2a: Gholdengo|Gholdengo|100/100
|-item|p2a: Gholdengo|Air Balloon
|
|-heal|p1a: Kingambit|100/100|[from] item: Leftovers
|upkeep
|turn|15
|
|t:|1781064421
|-end|p1a: Kingambit|fallen2|[silent]
|switch|p1a: Ceruledge|Ceruledge, M|100/100
|move|p2a: Gholdengo|Focus Blast|p1a: Ceruledge
|-immune|p1a: Ceruledge
|
|upkeep
|turn|16
|
|t:|1781064432
|move|p2a: Gholdengo|Thunder Wave|p1a: Ceruledge
|-status|p1a: Ceruledge|par
|move|p1a: Ceruledge|Poltergeist|p2a: Gholdengo
|-activate|p2a: Gholdengo|move: Poltergeist|Air Balloon
|-supereffective|p2a: Gholdengo
|-damage|p2a: Gholdengo|15/100
|-enditem|p2a: Gholdengo|Air Balloon
|
|upkeep
|turn|17
|
|t:|1781064438
|switch|p2a: Zamazenta|Zamazenta|100/100
|-ability|p2a: Zamazenta|Dauntless Shield|boost
|-boost|p2a: Zamazenta|def|1
|cant|p1a: Ceruledge|par
|
|upkeep
|turn|18
|
|t:|1781064442
|switch|p1a: Zapdos|Zapdos|100/100
|move|p2a: Zamazenta|Crunch|p1a: Zapdos
|-damage|p1a: Zapdos|84/100
|
|upkeep
|turn|19
|
|t:|1781064450
|switch|p2a: Gholdengo|Gholdengo|15/100
|move|p1a: Zapdos|Volt Switch|p2a: Gholdengo
|-damage|p2a: Gholdengo|0 fnt
|faint|p2a: Gholdengo
|
|t:|1781064459
|switch|p1a: Kingambit|Kingambit, M|100/100|[from] Volt Switch
|-damage|p1a: Kingambit|94/100|[from] Stealth Rock
|-activate|p1a: Kingambit|ability: Supreme Overlord
|-start|p1a: Kingambit|fallen2|[silent]
|
|-heal|p1a: Kingambit|100/100|[from] item: Leftovers
|upkeep
|
|t:|1781064461
|switch|p2a: Zamazenta|Zamazenta|100/100
|turn|20
|
|t:|1781064463
|switch|p2a: Glimmora|Glimmora, F, tera:Fairy|7/100
|-end|p1a: Kingambit|fallen2|[silent]
|switch|p1a: Zapdos|Zapdos|84/100
|
|upkeep
|turn|21
|
|t:|1781064486
|switch|p1a: Gholdengo|Gholdengo|91/100
|-damage|p1a: Gholdengo|85/100|[from] Stealth Rock
|move|p2a: Glimmora|Sludge Wave|p1a: Gholdengo
|-immune|p1a: Gholdengo
|
|upkeep
|turn|22
|
|t:|1781064494
|switch|p2a: Kingambit|Kingambit, F|85/100 par
|-activate|p2a: Kingambit|ability: Supreme Overlord
|-start|p2a: Kingambit|fallen3|[silent]
|switch|p1a: Kingambit|Kingambit, M|100/100
|-damage|p1a: Kingambit|94/100|[from] Stealth Rock
|-activate|p1a: Kingambit|ability: Supreme Overlord
|-start|p1a: Kingambit|fallen2|[silent]
|
|-heal|p1a: Kingambit|100/100|[from] item: Leftovers
|-heal|p2a: Kingambit|91/100 par|[from] item: Leftovers
|upkeep
|turn|23
|
|t:|1781064498
|-end|p2a: Kingambit|fallen3|[silent]
|switch|p2a: Zamazenta|Zamazenta|100/100
|move|p1a: Kingambit|Low Kick|p2a: Zamazenta
|-damage|p2a: Zamazenta|56/100
|
|-heal|p2a: Zamazenta|62/100|[from] item: Leftovers
|upkeep
|turn|24
|
|t:|1781064502
|switch|p2a: Glimmora|Glimmora, F, tera:Fairy|7/100
|-terastallize|p1a: Kingambit|Fighting
|move|p1a: Kingambit|Low Kick|p2a: Glimmora
|-resisted|p2a: Glimmora
|-damage|p2a: Glimmora|0 fnt
|-activate|p2a: Glimmora|ability: Toxic Debris
|-sidestart|p1: funnygames(1997)|move: Toxic Spikes
|faint|p2a: Glimmora
|
|upkeep
|
|t:|1781064506
|switch|p2a: Zamazenta|Zamazenta|62/100
|turn|25
|
|t:|1781064509
|move|p2a: Zamazenta|Iron Defense|p2a: Zamazenta
|-boost|p2a: Zamazenta|def|2
|move|p1a: Kingambit|Low Kick|p2a: Zamazenta
|-damage|p2a: Zamazenta|32/100
|
|-heal|p2a: Zamazenta|39/100|[from] item: Leftovers
|upkeep
|turn|26
|
|t:|1781064517
|-end|p1a: Kingambit|fallen2|[silent]
|switch|p1a: Gholdengo|Gholdengo|85/100
|-damage|p1a: Gholdengo|79/100|[from] Stealth Rock
|move|p2a: Zamazenta|Iron Defense|p2a: Zamazenta
|-boost|p2a: Zamazenta|def|2
|
|-heal|p2a: Zamazenta|45/100|[from] item: Leftovers
|upkeep
|turn|27
|
|t:|1781064523
|switch|p2a: Kingambit|Kingambit, F|91/100 par
|-activate|p2a: Kingambit|ability: Supreme Overlord
|-start|p2a: Kingambit|fallen4|[silent]
|move|p1a: Gholdengo|Make It Rain|p2a: Kingambit
|-resisted|p2a: Kingambit
|-damage|p2a: Kingambit|66/100 par
|-unboost|p1a: Gholdengo|spa|1
|
|-heal|p2a: Kingambit|72/100 par|[from] item: Leftovers
|upkeep
|turn|28
|
|t:|1781064531
|switch|p1a: Zapdos|Zapdos|84/100
|move|p2a: Kingambit|Iron Head|p1a: Zapdos
|-resisted|p1a: Zapdos
|-damage|p1a: Zapdos|62/100
|
|-heal|p2a: Kingambit|78/100 par|[from] item: Leftovers
|upkeep
|turn|29
|
|t:|1781064537
|move|p1a: Zapdos|Volt Switch|p2a: Kingambit
|-damage|p2a: Kingambit|50/100 par
|
|t:|1781064541
|switch|p1a: Ceruledge|Ceruledge, M|100/100 par|[from] Volt Switch
|move|p2a: Kingambit|Swords Dance|p2a: Kingambit
|-boost|p2a: Kingambit|atk|2
|
|-heal|p2a: Kingambit|56/100 par|[from] item: Leftovers
|upkeep
|turn|30
|
|t:|1781064545
|move|p2a: Kingambit|Sucker Punch|p1a: Ceruledge
|-supereffective|p1a: Ceruledge
|-damage|p1a: Ceruledge|0 fnt
|faint|p1a: Ceruledge
|
|-heal|p2a: Kingambit|62/100 par|[from] item: Leftovers
|upkeep
|
|t:|1781064548
|switch|p1a: Kingambit|Kingambit, M, tera:Fighting|100/100
|-damage|p1a: Kingambit|94/100|[from] Stealth Rock
|-status|p1a: Kingambit|tox
|-activate|p1a: Kingambit|ability: Supreme Overlord
|-start|p1a: Kingambit|fallen3|[silent]
|turn|31
|
|t:|1781064554
|-end|p2a: Kingambit|fallen4|[silent]
|switch|p2a: Zamazenta|Zamazenta|45/100
|move|p1a: Kingambit|Low Kick|p2a: Zamazenta
|-damage|p2a: Zamazenta|0 fnt
|faint|p2a: Zamazenta
|
|-heal|p1a: Kingambit|100/100 tox|[from] item: Leftovers
|-damage|p1a: Kingambit|94/100 tox|[from] psn
|upkeep
|-message|FP.//06 forfeited.
|
|win|funnygames(1997)
|raw|funnygames(1997)'s rating: 1489 &rarr; <strong>1513</strong><br />(+24 for winning)
|raw|FP.&#x2f;&#x2f;06's rating: 1566 &rarr; <strong>1542</strong><br />(-24 for losing)
|l|☆FP.//06
|player|p2|
|l|☆funnygames(1997)
|player|p1|
