|j|☆Slashutu
|j|☆SquilliamTg
|t:|1780971632
|gametype|singles
|player|p1|Slashutu|101|1638
|player|p2|SquilliamTg|169|1630
|gen|9
|tier|[Gen 9] OU
|rated|
|rule|HP Percentage Mod: HP is shown in percentages
|rule|Endless Battle Clause: Forcing endless battles is banned
|rule|Species Clause: Limit one of each Pokémon
|rule|OHKO Clause: OHKO moves are banned
|rule|Evasion Items Clause: Evasion items are banned
|rule|Evasion Moves Clause: Evasion moves are banned
|rule|Evasion Abilities Clause: Evasion abilities are banned
|rule|Sleep Moves Clause: Sleep-inducing moves are banned
|clearpoke
|poke|p1|Ting-Lu|
|poke|p1|Gliscor, F|
|poke|p1|Sinistcha-Masterpiece|
|poke|p1|Keldeo|
|poke|p1|Tinkaton, F|
|poke|p1|Dragonite, F|
|poke|p2|Suicune|
|poke|p2|Kyurem|
|poke|p2|Corviknight, M|
|poke|p2|Blissey, F|
|poke|p2|Dondozo, M|
|poke|p2|Gliscor, F|
|teampreview
|
|t:|1780971652
|teamsize|p1|6
|teamsize|p2|6
|start
|switch|p1a: Tinkki Minaj|Tinkaton, F|100/100
|switch|p2a: Gliscor|Gliscor, F|100/100
|-ability|p1a: Tinkki Minaj|Mold Breaker
|-item|p1a: Tinkki Minaj|Air Balloon
|turn|1
|
|t:|1780971660
|move|p2a: Gliscor|Protect|p2a: Gliscor
|-singleturn|p2a: Gliscor|Protect
|move|p1a: Tinkki Minaj|Stealth Rock|p2a: Gliscor
|-sidestart|p2: SquilliamTg|move: Stealth Rock
|
|-status|p2a: Gliscor|tox|[from] item: Toxic Orb
|upkeep
|turn|2
|
|t:|1780971669
|switch|p2a: Corviknight|Corviknight, M|100/100
|-damage|p2a: Corviknight|88/100|[from] Stealth Rock
|-ability|p2a: Corviknight|Pressure
|move|p1a: Tinkki Minaj|Encore||[still]
|-fail|p1a: Tinkki Minaj
|
|upkeep
|turn|3
|
|t:|1780971677
|move|p1a: Tinkki Minaj|Thunder Wave|p2a: Corviknight
|-status|p2a: Corviknight|par
|move|p2a: Corviknight|Defog|p1a: Tinkki Minaj
|-unboost|p1a: Tinkki Minaj|evasion|1
|-sideend|p2: SquilliamTg|Stealth Rock|[from] move: Defog|[of] p2a: Corviknight
|
|upkeep
|turn|4
|
|t:|1780971684
|switch|p2a: Gliscor|Gliscor, F|100/100 tox
|move|p1a: Tinkki Minaj|Stealth Rock|p2a: Gliscor
|-sidestart|p2: SquilliamTg|move: Stealth Rock
|
|upkeep
|turn|5
|inactive|Battle timer is ON: inactive players will automatically lose when time's up. (requested by SquilliamTg)
|
|t:|1780971697
|move|p1a: Tinkki Minaj|Gigaton Hammer|p2a: Gliscor
|-crit|p2a: Gliscor
|-damage|p2a: Gliscor|58/100 tox
|move|p2a: Gliscor|Knock Off|p1a: Tinkki Minaj
|-resisted|p1a: Tinkki Minaj
|-damage|p1a: Tinkki Minaj|88/100
|-enditem|p1a: Tinkki Minaj|Air Balloon
|
|-heal|p2a: Gliscor|71/100 tox|[from] ability: Poison Heal
|upkeep
|turn|6
|
|t:|1780971709
|move|p2a: Gliscor|Protect|p2a: Gliscor
|-singleturn|p2a: Gliscor|Protect
|move|p1a: Tinkki Minaj|Encore|p2a: Gliscor
|-activate|p2a: Gliscor|move: Protect
|
|-heal|p2a: Gliscor|83/100 tox|[from] ability: Poison Heal
|upkeep
|turn|7
|
|t:|1780971718
|switch|p1a: Dance Armstrong|Gliscor, F|100/100
|switch|p2a: Corviknight|Corviknight, M|88/100 par
|-damage|p2a: Corviknight|75/100 par|[from] Stealth Rock
|-ability|p2a: Corviknight|Pressure
|
|-status|p1a: Dance Armstrong|tox|[from] item: Toxic Orb
|upkeep
|turn|8
|
|t:|1780971728
|move|p1a: Dance Armstrong|Knock Off|p2a: Corviknight
|-damage|p2a: Corviknight|61/100 par
|-damage|p1a: Dance Armstrong|84/100 tox|[from] item: Rocky Helmet|[of] p2a: Corviknight
|-enditem|p2a: Corviknight|Rocky Helmet|[from] move: Knock Off|[of] p1a: Dance Armstrong
|move|p2a: Corviknight|Defog|p1a: Dance Armstrong
|-unboost|p1a: Dance Armstrong|evasion|1
|-sideend|p2: SquilliamTg|Stealth Rock|[from] move: Defog|[of] p2a: Corviknight
|
|-heal|p1a: Dance Armstrong|97/100 tox|[from] ability: Poison Heal
|upkeep
|turn|9
|
|t:|1780971739
|move|p1a: Dance Armstrong|Swords Dance|p1a: Dance Armstrong
|-boost|p1a: Dance Armstrong|atk|2
|move|p2a: Corviknight|Roost|p2a: Corviknight
|-heal|p2a: Corviknight|100/100 par
|-singleturn|p2a: Corviknight|move: Roost
|
|-heal|p1a: Dance Armstrong|100/100 tox|[from] ability: Poison Heal
|upkeep
|turn|10
|
|t:|1780971749
|switch|p2a: dozo|Dondozo, M|100/100
|move|p1a: Dance Armstrong|Swords Dance|p1a: Dance Armstrong
|-boost|p1a: Dance Armstrong|atk|2
|
|upkeep
|turn|11
|
|t:|1780971755
|move|p1a: Dance Armstrong|Knock Off|p2a: dozo
|-damage|p2a: dozo|91/100
|-enditem|p2a: dozo|Heavy-Duty Boots|[from] move: Knock Off|[of] p1a: Dance Armstrong
|move|p2a: dozo|Curse|p2a: dozo
|-unboost|p2a: dozo|spe|1
|-boost|p2a: dozo|atk|1
|-boost|p2a: dozo|def|1
|
|upkeep
|turn|12
|
|t:|1780971767
|switch|p1a: Tchavis Scott|Sinistcha-Masterpiece|100/100
|move|p2a: dozo|Body Press|p1a: Tchavis Scott
|-immune|p1a: Tchavis Scott
|
|upkeep
|turn|13
|
|t:|1780971774
|switch|p2a: Blissey|Blissey, F|100/100
|move|p1a: Tchavis Scott|Matcha Gotcha|p2a: Blissey
|-damage|p2a: Blissey|92/100
|-status|p2a: Blissey|brn
|
|-damage|p2a: Blissey|86/100 brn|[from] brn
|upkeep
|turn|14
|
|t:|1780971784
|switch|p1a: Tinkki Minaj|Tinkaton, F|88/100
|-ability|p1a: Tinkki Minaj|Mold Breaker
|move|p2a: Blissey|Stealth Rock|p1a: Tinkki Minaj
|-sidestart|p1: Slashutu|move: Stealth Rock
|
|-damage|p2a: Blissey|79/100 brn|[from] brn
|upkeep
|turn|15
|
|t:|1780971793
|-curestatus|p2a: Blissey|brn|[from] ability: Natural Cure|[silent]
|switch|p2a: Suicune|Suicune|100/100
|-ability|p2a: Suicune|Pressure
|move|p1a: Tinkki Minaj|Stealth Rock|p2a: Suicune
|-sidestart|p2: SquilliamTg|move: Stealth Rock
|
|upkeep
|turn|16
|
|t:|1780971802
|move|p1a: Tinkki Minaj|Thunder Wave|p2a: Suicune
|-status|p2a: Suicune|par
|move|p2a: Suicune|Substitute|p2a: Suicune
|-start|p2a: Suicune|Substitute
|-damage|p2a: Suicune|75/100 par
|
|-heal|p2a: Suicune|82/100 par|[from] item: Leftovers
|upkeep
|turn|17
|
|t:|1780971810
|move|p1a: Tinkki Minaj|Encore|p2a: Suicune
|-start|p2a: Suicune|Encore
|move|p2a: Suicune|Substitute|p2a: Suicune
|-fail|p2a: Suicune|move: Substitute
|
|-heal|p2a: Suicune|88/100 par|[from] item: Leftovers
|upkeep
|turn|18
|
|t:|1780971818
|switch|p1a: Jarhead|Ting-Lu|100/100
|-damage|p1a: Jarhead|94/100|[from] Stealth Rock
|-ability|p1a: Jarhead|Vessel of Ruin
|switch|p2a: Corviknight|Corviknight, M|100/100 par
|-damage|p2a: Corviknight|88/100 par|[from] Stealth Rock
|-ability|p2a: Corviknight|Pressure
|
|-heal|p1a: Jarhead|100/100|[from] item: Leftovers
|upkeep
|turn|19
|
|t:|1780971831
|move|p1a: Jarhead|Ruination|p2a: Corviknight
|-damage|p2a: Corviknight|44/100 par
|cant|p2a: Corviknight|par
|
|upkeep
|turn|20
|
|t:|1780971840
|switch|p1a: My Little Pwny|Keldeo|100/100
|move|p2a: Corviknight|Defog|p1a: My Little Pwny
|-unboost|p1a: My Little Pwny|evasion|1
|-sideend|p1: Slashutu|Stealth Rock|[from] move: Defog|[of] p2a: Corviknight
|-sideend|p2: SquilliamTg|Stealth Rock|[from] move: Defog|[of] p2a: Corviknight
|
|upkeep
|turn|21
|
|t:|1780971850
|switch|p2a: Blissey|Blissey, F|79/100
|move|p1a: My Little Pwny|Surf|p2a: Blissey
|-damage|p2a: Blissey|66/100
|
|upkeep
|turn|22
|
|t:|1780971860
|switch|p1a: Tinkki Minaj|Tinkaton, F|88/100
|-ability|p1a: Tinkki Minaj|Mold Breaker
|move|p2a: Blissey|Seismic Toss|p1a: Tinkki Minaj
|-damage|p1a: Tinkki Minaj|61/100
|
|upkeep
|turn|23
|
|t:|1780971868
|switch|p2a: Corviknight|Corviknight, M|44/100 par
|-ability|p2a: Corviknight|Pressure
|move|p1a: Tinkki Minaj|Stealth Rock|p2a: Corviknight
|-sidestart|p2: SquilliamTg|move: Stealth Rock
|
|upkeep
|turn|24
|
|t:|1780971880
|switch|p1a: Jarhead|Ting-Lu|100/100
|-ability|p1a: Jarhead|Vessel of Ruin
|move|p2a: Corviknight|Defog|p1a: Jarhead
|-unboost|p1a: Jarhead|evasion|1
|-sideend|p2: SquilliamTg|Stealth Rock|[from] move: Defog|[of] p2a: Corviknight
|
|upkeep
|turn|25
|
|t:|1780971888
|move|p1a: Jarhead|Spikes|p2a: Corviknight
|-sidestart|p2: SquilliamTg|Spikes
|move|p2a: Corviknight|Roost|p2a: Corviknight
|-heal|p2a: Corviknight|94/100 par
|-singleturn|p2a: Corviknight|move: Roost
|
|upkeep
|turn|26
|
|t:|1780971895
|move|p1a: Jarhead|Ruination|p2a: Corviknight
|-damage|p2a: Corviknight|47/100 par
|move|p2a: Corviknight|Iron Defense|p2a: Corviknight
|-boost|p2a: Corviknight|def|2
|
|upkeep
|turn|27
|
|t:|1780971907
|move|p2a: Corviknight|Defog|p1a: Jarhead
|-unboost|p1a: Jarhead|evasion|1
|-sideend|p2: SquilliamTg|Spikes|[from] move: Defog|[of] p2a: Corviknight
|move|p1a: Jarhead|Whirlwind|p2a: Corviknight
|drag|p2a: Suicune|Suicune|88/100 par
|-ability|p2a: Suicune|Pressure
|
|-heal|p2a: Suicune|94/100 par|[from] item: Leftovers
|upkeep
|turn|28
|
|t:|1780971918
|switch|p1a: Tinkki Minaj|Tinkaton, F|61/100
|-ability|p1a: Tinkki Minaj|Mold Breaker
|move|p2a: Suicune|Scald|p1a: Tinkki Minaj
|-damage|p1a: Tinkki Minaj|39/100
|-status|p1a: Tinkki Minaj|brn
|
|-heal|p2a: Suicune|99/100 par|[from] item: Leftovers
|-damage|p1a: Tinkki Minaj|32/100 brn|[from] brn
|upkeep
|turn|29
|
|t:|1780971930
|switch|p2a: Corviknight|Corviknight, M|47/100 par
|-ability|p2a: Corviknight|Pressure
|move|p1a: Tinkki Minaj|Stealth Rock|p2a: Corviknight
|-sidestart|p2: SquilliamTg|move: Stealth Rock
|
|-damage|p1a: Tinkki Minaj|26/100 brn|[from] brn
|upkeep
|turn|30
|
|t:|1780971939
|switch|p1a: Jarhead|Ting-Lu|100/100
|-ability|p1a: Jarhead|Vessel of Ruin
|move|p2a: Corviknight|Defog|p1a: Jarhead
|-unboost|p1a: Jarhead|evasion|1
|-sideend|p2: SquilliamTg|Stealth Rock|[from] move: Defog|[of] p2a: Corviknight
|
|upkeep
|turn|31
|
|t:|1780971947
|switch|p2a: Gliscor|Gliscor, F|83/100 tox
|move|p1a: Jarhead|Spikes|p2a: Gliscor
|-sidestart|p2: SquilliamTg|Spikes
|
|-heal|p2a: Gliscor|96/100 tox|[from] ability: Poison Heal
|upkeep
|turn|32
|
|t:|1780971955
|switch|p1a: Dance Armstrong|Gliscor, F|100/100 tox
|move|p2a: Gliscor|Spikes|p1a: Dance Armstrong
|-sidestart|p1: Slashutu|Spikes
|
|-heal|p2a: Gliscor|100/100 tox|[from] ability: Poison Heal
|upkeep
|turn|33
|
|t:|1780971964
|move|p1a: Dance Armstrong|Swords Dance|p1a: Dance Armstrong
|-boost|p1a: Dance Armstrong|atk|2
|move|p2a: Gliscor|Spikes|p1a: Dance Armstrong
|-sidestart|p1: Slashutu|Spikes
|
|upkeep
|turn|34
|
|t:|1780971970
|move|p1a: Dance Armstrong|Swords Dance|p1a: Dance Armstrong
|-boost|p1a: Dance Armstrong|atk|2
|move|p2a: Gliscor|Spikes|p1a: Dance Armstrong
|-sidestart|p1: Slashutu|Spikes
|
|upkeep
|turn|35
|
|t:|1780971976
|switch|p2a: dozo|Dondozo, M|91/100
|-damage|p2a: dozo|79/100|[from] Spikes
|-terastallize|p1a: Dance Armstrong|Normal
|move|p1a: Dance Armstrong|Facade|p2a: dozo
|-damage|p2a: dozo|59/100
|
|upkeep
|turn|36
|
|t:|1780971986
|move|p1a: Dance Armstrong|Facade|p2a: dozo
|-damage|p2a: dozo|38/100
|move|p2a: dozo|Rest|p2a: dozo
|-status|p2a: dozo|slp|[from] move: Rest
|-heal|p2a: dozo|100/100 slp|[silent]
|
|upkeep
|turn|37
|
|t:|1780971999
|switch|p1a: Tinkki Minaj|Tinkaton, F|26/100 brn
|-damage|p1a: Tinkki Minaj|1/100 brn|[from] Spikes
|-ability|p1a: Tinkki Minaj|Mold Breaker
|cant|p2a: dozo|slp
|move|p2a: dozo|Sleep Talk|p2a: dozo
|move|p2a: dozo|Rest||[from] move: Sleep Talk|[still]
|-fail|p2a: dozo
|
|-damage|p1a: Tinkki Minaj|0 fnt|[from] brn
|faint|p1a: Tinkki Minaj
|upkeep
|
|t:|1780972001
|switch|p1a: My Little Pwny|Keldeo|100/100
|turn|38
|
|t:|1780972016
|switch|p2a: Blissey|Blissey, F|66/100
|move|p1a: My Little Pwny|Aura Sphere|p2a: Blissey
|-supereffective|p2a: Blissey
|-damage|p2a: Blissey|42/100
|
|upkeep
|turn|39
|
|t:|1780972024
|move|p1a: My Little Pwny|Flip Turn|p2a: Blissey
|-damage|p2a: Blissey|13/100
|
|t:|1780972029
|switch|p1a: Jarhead|Ting-Lu|100/100|[from] Flip Turn
|-damage|p1a: Jarhead|76/100|[from] Spikes
|-ability|p1a: Jarhead|Vessel of Ruin
|move|p2a: Blissey|Soft-Boiled|p2a: Blissey
|-heal|p2a: Blissey|63/100
|
|-heal|p1a: Jarhead|82/100|[from] item: Leftovers
|upkeep
|turn|40
|
|t:|1780972041
|switch|p2a: Gliscor|Gliscor, F|100/100 tox
|move|p1a: Jarhead|Spikes|p2a: Gliscor
|-sidestart|p2: SquilliamTg|Spikes
|
|-heal|p1a: Jarhead|88/100|[from] item: Leftovers
|upkeep
|turn|41
|
|t:|1780972048
|switch|p1a: Dance Armstrong|Gliscor, F, tera:Normal|100/100 tox
|-damage|p1a: Dance Armstrong|75/100 tox|[from] Spikes
|move|p2a: Gliscor|Knock Off|p1a: Dance Armstrong
|-damage|p1a: Dance Armstrong|58/100 tox
|-enditem|p1a: Dance Armstrong|Toxic Orb|[from] move: Knock Off|[of] p2a: Gliscor
|
|-heal|p1a: Dance Armstrong|71/100 tox|[from] ability: Poison Heal
|upkeep
|turn|42
|
|t:|1780972061
|switch|p2a: Corviknight|Corviknight, M|47/100 par
|-ability|p2a: Corviknight|Pressure
|move|p1a: Dance Armstrong|Facade|p2a: Corviknight
|-resisted|p2a: Corviknight
|-damage|p2a: Corviknight|31/100 par
|
|-heal|p1a: Dance Armstrong|83/100 tox|[from] ability: Poison Heal
|upkeep
|turn|43
|
|t:|1780972072
|move|p1a: Dance Armstrong|Facade|p2a: Corviknight
|-resisted|p2a: Corviknight
|-damage|p2a: Corviknight|16/100 par
|move|p2a: Corviknight|Roost|p2a: Corviknight
|-heal|p2a: Corviknight|66/100 par
|-singleturn|p2a: Corviknight|move: Roost
|
|-heal|p1a: Dance Armstrong|96/100 tox|[from] ability: Poison Heal
|upkeep
|turn|44
|
|t:|1780972082
|move|p1a: Dance Armstrong|Swords Dance|p1a: Dance Armstrong
|-boost|p1a: Dance Armstrong|atk|2
|move|p2a: Corviknight|Iron Defense|p2a: Corviknight
|-boost|p2a: Corviknight|def|2
|
|-heal|p1a: Dance Armstrong|100/100 tox|[from] ability: Poison Heal
|upkeep
|turn|45
|
|t:|1780972093
|switch|p1a: Tchavis Scott|Sinistcha-Masterpiece|100/100
|move|p2a: Corviknight|Defog|p1a: Tchavis Scott
|-unboost|p1a: Tchavis Scott|evasion|1
|-sideend|p1: Slashutu|Spikes|[from] move: Defog|[of] p2a: Corviknight
|-sideend|p2: SquilliamTg|Spikes|[from] move: Defog|[of] p2a: Corviknight
|
|upkeep
|turn|46
|
|t:|1780972102
|switch|p2a: Blissey|Blissey, F|63/100
|move|p1a: Tchavis Scott|Calm Mind|p1a: Tchavis Scott
|-boost|p1a: Tchavis Scott|spa|1
|-boost|p1a: Tchavis Scott|spd|1
|
|upkeep
|turn|47
|
|t:|1780972109
|switch|p1a: Jarhead|Ting-Lu|88/100
|-ability|p1a: Jarhead|Vessel of Ruin
|move|p2a: Blissey|Stealth Rock|p1a: Jarhead
|-sidestart|p1: Slashutu|move: Stealth Rock
|
|-heal|p1a: Jarhead|94/100|[from] item: Leftovers
|upkeep
|turn|48
|
|t:|1780972122
|switch|p2a: Gliscor|Gliscor, F|100/100 tox
|move|p1a: Jarhead|Spikes|p2a: Gliscor
|-sidestart|p2: SquilliamTg|Spikes
|
|-heal|p1a: Jarhead|100/100|[from] item: Leftovers
|upkeep
|turn|49
|
|t:|1780972133
|switch|p1a: Dance Armstrong|Gliscor, F, tera:Normal|100/100 tox
|-damage|p1a: Dance Armstrong|88/100 tox|[from] Stealth Rock
|move|p2a: Gliscor|Spikes|p1a: Dance Armstrong
|-sidestart|p1: Slashutu|Spikes
|
|-heal|p1a: Dance Armstrong|100/100 tox|[from] ability: Poison Heal
|upkeep
|turn|50
|
|t:|1780972144
|switch|p2a: Corviknight|Corviknight, M|66/100 par
|-ability|p2a: Corviknight|Pressure
|move|p1a: Dance Armstrong|Swords Dance|p1a: Dance Armstrong
|-boost|p1a: Dance Armstrong|atk|2
|
|upkeep
|turn|51
|
|t:|1780972151
|move|p1a: Dance Armstrong|Facade|p2a: Corviknight
|-resisted|p2a: Corviknight
|-damage|p2a: Corviknight|33/100 par
|cant|p2a: Corviknight|par
|
|upkeep
|turn|52
|
|t:|1780972157
|move|p1a: Dance Armstrong|Facade|p2a: Corviknight
|-resisted|p2a: Corviknight
|-damage|p2a: Corviknight|0 fnt
|faint|p2a: Corviknight
|
|upkeep
|
|t:|1780972163
|switch|p2a: Suicune|Suicune|99/100 par
|-damage|p2a: Suicune|88/100 par|[from] Spikes
|-ability|p2a: Suicune|Pressure
|turn|53
|
|t:|1780972168
|switch|p2a: dozo|Dondozo, M|100/100 slp
|-damage|p2a: dozo|88/100 slp|[from] Spikes
|move|p1a: Dance Armstrong|Facade|p2a: dozo
|-damage|p2a: dozo|67/100 slp
|
|upkeep
|turn|54
|
|t:|1780972176
|move|p1a: Dance Armstrong|Facade|p2a: dozo
|-damage|p2a: dozo|45/100 slp
|cant|p2a: dozo|slp
|move|p2a: dozo|Sleep Talk|p2a: dozo
|move|p2a: dozo|Curse|p2a: dozo|[from] move: Sleep Talk
|-unboost|p2a: dozo|spe|1
|-boost|p2a: dozo|atk|1
|-boost|p2a: dozo|def|1
|
|upkeep
|turn|55
|
|t:|1780972186
|switch|p1a: Tchavis Scott|Sinistcha-Masterpiece|100/100
|-curestatus|p2a: dozo|slp|[msg]
|move|p2a: dozo|Rest|p2a: dozo
|-status|p2a: dozo|slp|[from] move: Rest
|-heal|p2a: dozo|100/100 slp|[silent]
|
|upkeep
|turn|56
|
|t:|1780972199
|switch|p2a: Kyurem|Kyurem|100/100
|-damage|p2a: Kyurem|88/100|[from] Spikes
|-ability|p2a: Kyurem|Pressure
|move|p1a: Tchavis Scott|Matcha Gotcha|p2a: Kyurem
|-resisted|p2a: Kyurem
|-damage|p2a: Kyurem|75/100
|
|-heal|p2a: Kyurem|81/100|[from] item: Leftovers
|upkeep
|turn|57
|
|t:|1780972211
|switch|p1a: My Little Pwny|Keldeo|100/100
|move|p2a: Kyurem|Freeze-Dry|p1a: My Little Pwny
|-supereffective|p1a: My Little Pwny
|-damage|p1a: My Little Pwny|37/100
|
|-heal|p2a: Kyurem|87/100|[from] item: Leftovers
|upkeep
|turn|58
|
|t:|1780972220
|move|p2a: Kyurem|Protect|p2a: Kyurem
|-singleturn|p2a: Kyurem|Protect
|move|p1a: My Little Pwny|Aura Sphere|p2a: Kyurem
|-activate|p2a: Kyurem|move: Protect
|
|-heal|p2a: Kyurem|93/100|[from] item: Leftovers
|upkeep
|turn|59
|
|t:|1780972234
|switch|p2a: Suicune|Suicune|88/100 par
|-damage|p2a: Suicune|75/100 par|[from] Spikes
|-ability|p2a: Suicune|Pressure
|move|p1a: My Little Pwny|Aura Sphere|p2a: Suicune
|-damage|p2a: Suicune|44/100 par
|
|-heal|p2a: Suicune|50/100 par|[from] item: Leftovers
|upkeep
|turn|60
|
|t:|1780972245
|move|p1a: My Little Pwny|Aura Sphere|p2a: Suicune
|-damage|p2a: Suicune|17/100 par
|cant|p2a: Suicune|par
|
|-heal|p2a: Suicune|23/100 par|[from] item: Leftovers
|upkeep
|turn|61
|
|t:|1780972252
|move|p1a: My Little Pwny|Aura Sphere|p2a: Suicune
|-damage|p2a: Suicune|0 fnt
|faint|p2a: Suicune
|
|upkeep
|
|t:|1780972258
|switch|p2a: Blissey|Blissey, F|63/100
|turn|62
|
|t:|1780972261
|move|p1a: My Little Pwny|Flip Turn|p2a: Blissey
|-damage|p2a: Blissey|34/100
|
|t:|1780972265
|switch|p1a: Dance Armstrong|Gliscor, F, tera:Normal|100/100 tox|[from] Flip Turn
|-damage|p1a: Dance Armstrong|88/100 tox|[from] Stealth Rock
|-damage|p1a: Dance Armstrong|75/100 tox|[from] Spikes
|move|p2a: Blissey|Soft-Boiled|p2a: Blissey
|-heal|p2a: Blissey|84/100
|
|-heal|p1a: Dance Armstrong|88/100 tox|[from] ability: Poison Heal
|upkeep
|turn|63
|
|t:|1780972276
|switch|p2a: dozo|Dondozo, M|100/100 slp
|-damage|p2a: dozo|88/100 slp|[from] Spikes
|move|p1a: Dance Armstrong|Facade|p2a: dozo
|-crit|p2a: dozo
|-damage|p2a: dozo|58/100 slp
|
|-heal|p1a: Dance Armstrong|100/100 tox|[from] ability: Poison Heal
|upkeep
|turn|64
|
|t:|1780972291
|move|p1a: Dance Armstrong|Facade|p2a: dozo
|-damage|p2a: dozo|38/100 slp
|cant|p2a: dozo|slp
|move|p2a: dozo|Sleep Talk|p2a: dozo
|move|p2a: dozo|Curse|p2a: dozo|[from] move: Sleep Talk
|-unboost|p2a: dozo|spe|1
|-boost|p2a: dozo|atk|1
|-boost|p2a: dozo|def|1
|
|upkeep
|turn|65
|
|t:|1780972306
|switch|p1a: Tchavis Scott|Sinistcha-Masterpiece|100/100
|cant|p2a: dozo|slp
|move|p2a: dozo|Sleep Talk|p2a: dozo
|move|p2a: dozo|Rest||[from] move: Sleep Talk|[still]
|-fail|p2a: dozo
|
|upkeep
|turn|66
|
|t:|1780972315
|switch|p2a: Kyurem|Kyurem|93/100
|-damage|p2a: Kyurem|81/100|[from] Spikes
|-ability|p2a: Kyurem|Pressure
|move|p1a: Tchavis Scott|Shadow Ball|p2a: Kyurem
|-damage|p2a: Kyurem|54/100
|
|-heal|p2a: Kyurem|60/100|[from] item: Leftovers
|upkeep
|turn|67
|
|t:|1780972328
|switch|p1a: Dance Armstrong|Gliscor, F, tera:Normal|100/100 tox
|-damage|p1a: Dance Armstrong|88/100 tox|[from] Stealth Rock
|-damage|p1a: Dance Armstrong|75/100 tox|[from] Spikes
|move|p2a: Kyurem|Freeze-Dry|p1a: Dance Armstrong
|-damage|p1a: Dance Armstrong|37/100 tox
|
|-heal|p2a: Kyurem|66/100|[from] item: Leftovers
|-heal|p1a: Dance Armstrong|49/100 tox|[from] ability: Poison Heal
|upkeep
|turn|68
|
|t:|1780972340
|move|p2a: Kyurem|Freeze-Dry|p1a: Dance Armstrong
|-damage|p1a: Dance Armstrong|10/100 tox
|move|p1a: Dance Armstrong|Knock Off|p2a: Kyurem
|-damage|p2a: Kyurem|50/100
|-enditem|p2a: Kyurem|Leftovers|[from] move: Knock Off|[of] p1a: Dance Armstrong
|
|-heal|p1a: Dance Armstrong|23/100 tox|[from] ability: Poison Heal
|upkeep
|turn|69
|
|t:|1780972348
|move|p1a: Dance Armstrong|Protect|p1a: Dance Armstrong
|-singleturn|p1a: Dance Armstrong|Protect
|move|p2a: Kyurem|Freeze-Dry|p1a: Dance Armstrong
|-activate|p1a: Dance Armstrong|move: Protect
|
|-heal|p1a: Dance Armstrong|35/100 tox|[from] ability: Poison Heal
|upkeep
|turn|70
|
|t:|1780972372
|move|p2a: Kyurem|Freeze-Dry|p1a: Dance Armstrong
|-damage|p1a: Dance Armstrong|0 fnt
|faint|p1a: Dance Armstrong
|
|upkeep
|
|t:|1780972375
|switch|p1a: My Little Pwny|Keldeo|37/100
|turn|71
|
|t:|1780972379
|move|p2a: Kyurem|Protect|p2a: Kyurem
|-singleturn|p2a: Kyurem|Protect
|move|p1a: My Little Pwny|Aura Sphere|p2a: Kyurem
|-activate|p2a: Kyurem|move: Protect
|
|upkeep
|turn|72
|
|t:|1780972386
|-terastallize|p2a: Kyurem|Ground
|move|p1a: My Little Pwny|Aura Sphere|p2a: Kyurem
|-damage|p2a: Kyurem|17/100
|move|p2a: Kyurem|Freeze-Dry|p1a: My Little Pwny
|-supereffective|p1a: My Little Pwny
|-damage|p1a: My Little Pwny|0 fnt
|faint|p1a: My Little Pwny
|
|upkeep
|
|t:|1780972392
|switch|p1a: Secret Service|Dragonite, F|100/100
|turn|73
|
|t:|1780972399
|switch|p2a: Gliscor|Gliscor, F|100/100 tox
|move|p1a: Secret Service|Extreme Speed|p2a: Gliscor
|-damage|p2a: Gliscor|83/100 tox
|
|-heal|p2a: Gliscor|95/100 tox|[from] ability: Poison Heal
|upkeep
|turn|74
|
|t:|1780972408
|switch|p1a: Jarhead|Ting-Lu|100/100
|-damage|p1a: Jarhead|94/100|[from] Stealth Rock
|-damage|p1a: Jarhead|82/100|[from] Spikes
|-ability|p1a: Jarhead|Vessel of Ruin
|move|p2a: Gliscor|Toxic|p1a: Jarhead|[miss]
|-miss|p2a: Gliscor|p1a: Jarhead
|
|-heal|p1a: Jarhead|88/100|[from] item: Leftovers
|-heal|p2a: Gliscor|100/100 tox|[from] ability: Poison Heal
|upkeep
|turn|75
|j| Golem Rising
|
|t:|1780972420
|move|p2a: Gliscor|Toxic|p1a: Jarhead
|-status|p1a: Jarhead|tox
|move|p1a: Jarhead|Spikes|p2a: Gliscor
|-sidestart|p2: SquilliamTg|Spikes
|
|-heal|p1a: Jarhead|94/100 tox|[from] item: Leftovers
|-damage|p1a: Jarhead|88/100 tox|[from] psn
|upkeep
|turn|76
|
|t:|1780972434
|move|p2a: Gliscor|Knock Off|p1a: Jarhead
|-resisted|p1a: Jarhead
|-crit|p1a: Jarhead
|-damage|p1a: Jarhead|79/100 tox
|-enditem|p1a: Jarhead|Leftovers|[from] move: Knock Off|[of] p2a: Gliscor
|move|p1a: Jarhead|Spikes|p2a: Gliscor
|-sidestart|p2: SquilliamTg|Spikes
|
|-damage|p1a: Jarhead|67/100 tox|[from] psn
|upkeep
|turn|77
|
|t:|1780972447
|move|p2a: Gliscor|Protect|p2a: Gliscor
|-singleturn|p2a: Gliscor|Protect
|move|p1a: Jarhead|Ruination|p2a: Gliscor
|-activate|p2a: Gliscor|move: Protect
|
|-damage|p1a: Jarhead|48/100 tox|[from] psn
|upkeep
|turn|78
|
|t:|1780972472
|switch|p2a: Kyurem|Kyurem, tera:Ground|17/100
|-damage|p2a: Kyurem|0 fnt|[from] Spikes
|faint|p2a: Kyurem
|move|p1a: Jarhead|Ruination|p2: Kyurem|[notarget]
|-fail|p1a: Jarhead
|
|-damage|p1a: Jarhead|23/100 tox|[from] psn
|upkeep
|
|t:|1780972480
|switch|p2a: dozo|Dondozo, M|38/100 slp
|-damage|p2a: dozo|14/100 slp|[from] Spikes
|turn|79
|
|t:|1780972485
|move|p1a: Jarhead|Earthquake|p2a: dozo
|-damage|p2a: dozo|0 fnt
|faint|p2a: dozo
|
|-damage|p1a: Jarhead|0 fnt|[from] psn
|faint|p1a: Jarhead
|upkeep
|
|t:|1780972495
|switch|p1a: Tchavis Scott|Sinistcha-Masterpiece|100/100
|switch|p2a: Gliscor|Gliscor, F|100/100 tox
|turn|80
|
|t:|1780972501
|move|p2a: Gliscor|Toxic|p1a: Tchavis Scott
|-status|p1a: Tchavis Scott|tox
|move|p1a: Tchavis Scott|Calm Mind|p1a: Tchavis Scott
|-boost|p1a: Tchavis Scott|spa|1
|-boost|p1a: Tchavis Scott|spd|1
|
|-damage|p1a: Tchavis Scott|94/100 tox|[from] psn
|upkeep
|turn|81
|
|t:|1780972509
|switch|p2a: Blissey|Blissey, F|84/100
|move|p1a: Tchavis Scott|Calm Mind|p1a: Tchavis Scott
|-boost|p1a: Tchavis Scott|spa|1
|-boost|p1a: Tchavis Scott|spd|1
|
|-damage|p1a: Tchavis Scott|82/100 tox|[from] psn
|upkeep
|turn|82
|
|t:|1780972518
|move|p1a: Tchavis Scott|Calm Mind|p1a: Tchavis Scott
|-boost|p1a: Tchavis Scott|spa|1
|-boost|p1a: Tchavis Scott|spd|1
|move|p2a: Blissey|Calm Mind|p2a: Blissey
|-boost|p2a: Blissey|spa|1
|-boost|p2a: Blissey|spd|1
|
|-damage|p1a: Tchavis Scott|64/100 tox|[from] psn
|upkeep
|turn|83
|
|t:|1780972526
|move|p1a: Tchavis Scott|Matcha Gotcha|p2a: Blissey
|-damage|p2a: Blissey|68/100
|-heal|p1a: Tchavis Scott|81/100 tox|[from] drain|[of] p2a: Blissey
|move|p2a: Blissey|Calm Mind|p2a: Blissey
|-boost|p2a: Blissey|spa|1
|-boost|p2a: Blissey|spd|1
|
|-damage|p1a: Tchavis Scott|56/100 tox|[from] psn
|upkeep
|turn|84
|
|t:|1780972537
|switch|p1a: Secret Service|Dragonite, F|100/100
|move|p2a: Blissey|Soft-Boiled|p2a: Blissey
|-heal|p2a: Blissey|100/100
|
|upkeep
|turn|85
|
|t:|1780972546
|switch|p2a: Gliscor|Gliscor, F|100/100 tox
|move|p1a: Secret Service|Dragon Tail|p2a: Gliscor
|-damage|p2a: Gliscor|77/100 tox
|drag|p2a: Blissey|Blissey, F|100/100
|
|upkeep
|turn|86
|
|t:|1780972554
|move|p2a: Blissey|Seismic Toss|p1a: Secret Service
|-damage|p1a: Secret Service|75/100
|move|p1a: Secret Service|Dragon Tail|p2a: Blissey
|-damage|p2a: Blissey|26/100
|drag|p2a: Gliscor|Gliscor, F|77/100 tox
|
|-heal|p2a: Gliscor|90/100 tox|[from] ability: Poison Heal
|upkeep
|turn|87
|
|t:|1780972564
|move|p2a: Gliscor|Toxic|p1a: Secret Service|[miss]
|-miss|p2a: Gliscor|p1a: Secret Service
|move|p1a: Secret Service|Dragon Tail|p2a: Gliscor
|-damage|p2a: Gliscor|70/100 tox
|drag|p2a: Blissey|Blissey, F|26/100
|
|upkeep
|turn|88
|
|t:|1780972585
|move|p2a: Blissey|Seismic Toss|p1a: Secret Service
|-damage|p1a: Secret Service|49/100
|move|p1a: Secret Service|Dragon Tail|p2a: Blissey
|-damage|p2a: Blissey|0 fnt
|faint|p2a: Blissey
|
|upkeep
|
|t:|1780972593
|switch|p2a: Gliscor|Gliscor, F|70/100 tox
|turn|89
|
|t:|1780972600
|move|p2a: Gliscor|Protect|p2a: Gliscor
|-singleturn|p2a: Gliscor|Protect
|move|p1a: Secret Service|Extreme Speed|p2a: Gliscor
|-activate|p2a: Gliscor|move: Protect
|
|-heal|p2a: Gliscor|83/100 tox|[from] ability: Poison Heal
|upkeep
|turn|90
|
|t:|1780972609
|move|p2a: Gliscor|Toxic|p1a: Secret Service
|-status|p1a: Secret Service|tox
|move|p1a: Secret Service|Dragon Tail|p2a: Gliscor
|-crit|p2a: Gliscor
|-damage|p2a: Gliscor|54/100 tox
|
|-heal|p2a: Gliscor|66/100 tox|[from] ability: Poison Heal
|-damage|p1a: Secret Service|42/100 tox|[from] psn
|upkeep
|turn|91
|
|t:|1780972620
|move|p2a: Gliscor|Knock Off|p1a: Secret Service
|-damage|p1a: Secret Service|24/100 tox
|-enditem|p1a: Secret Service|Heavy-Duty Boots|[from] move: Knock Off|[of] p2a: Gliscor
|move|p1a: Secret Service|Roost|p1a: Secret Service
|-heal|p1a: Secret Service|74/100 tox
|-singleturn|p1a: Secret Service|move: Roost
|
|-heal|p2a: Gliscor|79/100 tox|[from] ability: Poison Heal
|-damage|p1a: Secret Service|61/100 tox|[from] psn
|upkeep
|turn|92
|
|t:|1780972631
|move|p2a: Gliscor|Protect|p2a: Gliscor
|-singleturn|p2a: Gliscor|Protect
|move|p1a: Secret Service|Dragon Tail|p2a: Gliscor
|-activate|p2a: Gliscor|move: Protect
|
|-heal|p2a: Gliscor|91/100 tox|[from] ability: Poison Heal
|-damage|p1a: Secret Service|43/100 tox|[from] psn
|upkeep
|turn|93
|
|t:|1780972640
|move|p2a: Gliscor|Knock Off|p1a: Secret Service
|-damage|p1a: Secret Service|30/100 tox
|move|p1a: Secret Service|Dragon Tail|p2a: Gliscor
|-damage|p2a: Gliscor|68/100 tox
|
|-heal|p2a: Gliscor|81/100 tox|[from] ability: Poison Heal
|-damage|p1a: Secret Service|5/100 tox|[from] psn
|upkeep
|turn|94
|
|t:|1780972649
|move|p2a: Gliscor|Knock Off|p1a: Secret Service
|-damage|p1a: Secret Service|0 fnt
|faint|p1a: Secret Service
|
|-heal|p2a: Gliscor|93/100 tox|[from] ability: Poison Heal
|upkeep
|
|t:|1780972651
|switch|p1a: Tchavis Scott|Sinistcha-Masterpiece|56/100 tox
|turn|95
|
|t:|1780972661
|move|p2a: Gliscor|Knock Off|p1a: Tchavis Scott
|-supereffective|p1a: Tchavis Scott
|-damage|p1a: Tchavis Scott|28/100 tox
|-enditem|p1a: Tchavis Scott|Heavy-Duty Boots|[from] move: Knock Off|[of] p2a: Gliscor
|move|p1a: Tchavis Scott|Strength Sap|p2a: Gliscor
|-unboost|p2a: Gliscor|atk|1
|-heal|p1a: Tchavis Scott|94/100 tox
|
|-heal|p2a: Gliscor|100/100 tox|[from] ability: Poison Heal
|-damage|p1a: Tchavis Scott|87/100 tox|[from] psn
|upkeep
|turn|96
|
|t:|1780972673
|move|p2a: Gliscor|Knock Off|p1a: Tchavis Scott
|-supereffective|p1a: Tchavis Scott
|-damage|p1a: Tchavis Scott|75/100 tox
|move|p1a: Tchavis Scott|Calm Mind|p1a: Tchavis Scott
|-boost|p1a: Tchavis Scott|spa|1
|-boost|p1a: Tchavis Scott|spd|1
|
|-damage|p1a: Tchavis Scott|63/100 tox|[from] psn
|upkeep
|turn|97
|
|t:|1780972681
|move|p2a: Gliscor|Knock Off|p1a: Tchavis Scott
|-supereffective|p1a: Tchavis Scott
|-damage|p1a: Tchavis Scott|50/100 tox
|move|p1a: Tchavis Scott|Matcha Gotcha|p2a: Gliscor
|-damage|p2a: Gliscor|37/100 tox
|-heal|p1a: Tchavis Scott|82/100 tox|[from] drain|[of] p2a: Gliscor
|
|-heal|p2a: Gliscor|50/100 tox|[from] ability: Poison Heal
|-damage|p1a: Tchavis Scott|64/100 tox|[from] psn
|upkeep
|turn|98
|
|t:|1780972693
|move|p2a: Gliscor|Protect|p2a: Gliscor
|-singleturn|p2a: Gliscor|Protect
|move|p1a: Tchavis Scott|Matcha Gotcha|p2a: Gliscor
|-activate|p2a: Gliscor|move: Protect
|
|-heal|p2a: Gliscor|62/100 tox|[from] ability: Poison Heal
|-damage|p1a: Tchavis Scott|39/100 tox|[from] psn
|upkeep
|turn|99
|
|t:|1780972704
|move|p2a: Gliscor|Knock Off|p1a: Tchavis Scott
|-supereffective|p1a: Tchavis Scott
|-damage|p1a: Tchavis Scott|26/100 tox
|move|p1a: Tchavis Scott|Matcha Gotcha|p2a: Gliscor
|-damage|p2a: Gliscor|2/100 tox
|-heal|p1a: Tchavis Scott|57/100 tox|[from] drain|[of] p2a: Gliscor
|
|-heal|p2a: Gliscor|15/100 tox|[from] ability: Poison Heal
|-damage|p1a: Tchavis Scott|26/100 tox|[from] psn
|upkeep
|turn|100
|
|t:|1780972716
|move|p2a: Gliscor|Protect|p2a: Gliscor
|-singleturn|p2a: Gliscor|Protect
|move|p1a: Tchavis Scott|Matcha Gotcha|p2a: Gliscor
|-activate|p2a: Gliscor|move: Protect
|
|-heal|p2a: Gliscor|27/100 tox|[from] ability: Poison Heal
|-damage|p1a: Tchavis Scott|0 fnt|[from] psn
|faint|p1a: Tchavis Scott
|
|win|SquilliamTg
|raw|Slashutu's rating: 1638 &rarr; <strong>1618</strong><br />(-20 for losing)
|raw|SquilliamTg's rating: 1630 &rarr; <strong>1650</strong><br />(+20 for winning)
|l|☆Slashutu
|player|p1|
|c|☆SquilliamTg|Rng was unreal there
|l|☆SquilliamTg
|player|p2|
|l| Golem Rising
