|j|☆ihymyly
|j|☆lei54188
|t:|1781502431
|gametype|singles
|player|p1|ihymyly|1|1529
|player|p2|lei54188|red|1529
|gen|9
|tier|[Gen 9] OU
|rated|
|rule|HP Percentage Mod: HP is shown in percentages
|rule|Endless Battle Clause: Forcing endless battles is banned
|rule|Species Clause: Limit one of each Pokémon
|rule|OHKO Clause: OHKO moves are banned
|rule|Evasion Items Clause: Evasion items are banned
|rule|Evasion Moves Clause: Evasion moves are banned
|rule|Evasion Abilities Clause: Evasion abilities are banned
|rule|Sleep Moves Clause: Sleep-inducing moves are banned
|clearpoke
|poke|p1|Pelipper, F|
|poke|p1|Kingdra, F|
|poke|p1|Weavile, M|
|poke|p1|Raging Bolt|
|poke|p1|Clodsire, F|
|poke|p1|Corviknight, F|
|poke|p2|Moltres|
|poke|p2|Samurott-Hisui, F|
|poke|p2|Gholdengo|
|poke|p2|Serperior, M|
|poke|p2|Dragapult, M|
|poke|p2|Mamoswine, F|
|teampreview
|inactive|Battle timer is ON: inactive players will automatically lose when time's up. (requested by lei54188)
|
|t:|1781502453
|teamsize|p1|6
|teamsize|p2|6
|start
|switch|p1a: Beakblaster 3000|Pelipper, F|100/100
|switch|p2a: Dragapult|Dragapult, M|100/100
|-weather|RainDance|[from] ability: Drizzle|[of] p1a: Beakblaster 3000
|turn|1
|
|t:|1781502461
|switch|p1a: Cokuf|Corviknight, F|100/100
|-ability|p1a: Cokuf|Pressure
|move|p2a: Dragapult|Thunderbolt|p1a: Cokuf
|-supereffective|p1a: Cokuf
|-damage|p1a: Cokuf|47/100
|
|-weather|RainDance|[upkeep]
|upkeep
|turn|2
|
|t:|1781502467
|switch|p1a: Sire Slayton|Clodsire, F|100/100
|move|p2a: Dragapult|Thunderbolt|p1a: Sire Slayton
|-immune|p1a: Sire Slayton
|
|-weather|RainDance|[upkeep]
|upkeep
|turn|3
|
|t:|1781502475
|switch|p2a: Gholdengo|Gholdengo|100/100
|-item|p2a: Gholdengo|Air Balloon
|move|p1a: Sire Slayton|Stealth Rock|p2a: Gholdengo
|-sidestart|p2: lei54188|move: Stealth Rock
|
|-weather|RainDance|[upkeep]
|upkeep
|turn|4
|
|t:|1781502483
|switch|p1a: Cokuf|Corviknight, F|47/100
|-ability|p1a: Cokuf|Pressure
|move|p2a: Gholdengo|Make It Rain|p1a: Cokuf
|-resisted|p1a: Cokuf
|-damage|p1a: Cokuf|29/100
|-unboost|p2a: Gholdengo|spa|1
|
|-weather|RainDance|[upkeep]
|upkeep
|turn|5
|
|t:|1781502495
|move|p2a: Gholdengo|Thunder Wave|p1a: Cokuf
|-status|p1a: Cokuf|par
|move|p1a: Cokuf|Roost|p1a: Cokuf
|-heal|p1a: Cokuf|79/100 par
|-singleturn|p1a: Cokuf|move: Roost
|
|-weather|RainDance|[upkeep]
|upkeep
|turn|6
|
|t:|1781502521
|switch|p2a: Mamoswine|Mamoswine, F|100/100
|-damage|p2a: Mamoswine|88/100|[from] Stealth Rock
|switch|p1a: Elongatedkou|Raging Bolt|100/100
|-enditem|p1a: Elongatedkou|Booster Energy
|-activate|p1a: Elongatedkou|ability: Protosynthesis|[fromitem]
|-start|p1a: Elongatedkou|protosynthesisspa
|
|-weather|RainDance|[upkeep]
|upkeep
|turn|7
|inactive|lei54188 has 120 seconds left.
|
|t:|1781502541
|-end|p1a: Elongatedkou|Protosynthesis|[silent]
|switch|p1a: Beakblaster 3000|Pelipper, F|100/100
|move|p2a: Mamoswine|Ice Shard|p1a: Beakblaster 3000
|-damage|p1a: Beakblaster 3000|82/100
|
|-weather|RainDance|[upkeep]
|upkeep
|turn|8
|inactive|lei54188 has 120 seconds left.
|
|t:|1781502554
|switch|p2a: Samurott|Samurott-Hisui, F|100/100
|move|p1a: Beakblaster 3000|U-turn|p2a: Samurott
|-supereffective|p2a: Samurott
|-damage|p2a: Samurott|82/100
|
|t:|1781502562
|switch|p1a: Elongatedkou|Raging Bolt|100/100|[from] U-turn
|
|-weather|none
|upkeep
|turn|9
|
|t:|1781502574
|switch|p2a: Gholdengo|Gholdengo|100/100
|-damage|p2a: Gholdengo|94/100|[from] Stealth Rock
|-item|p2a: Gholdengo|Air Balloon
|move|p1a: Elongatedkou|Dragon Pulse|p2a: Gholdengo
|-resisted|p2a: Gholdengo
|-damage|p2a: Gholdengo|71/100
|-enditem|p2a: Gholdengo|Air Balloon
|
|upkeep
|turn|10
|
|t:|1781502587
|switch|p2a: Mamoswine|Mamoswine, F|88/100
|-damage|p2a: Mamoswine|76/100|[from] Stealth Rock
|move|p1a: Elongatedkou|Dragon Pulse|p2a: Mamoswine
|-damage|p2a: Mamoswine|0 fnt
|faint|p2a: Mamoswine
|
|upkeep
|
|t:|1781502596
|switch|p2a: Dragapult|Dragapult, M|100/100
|-damage|p2a: Dragapult|88/100|[from] Stealth Rock
|turn|11
|
|t:|1781502606
|-end|p1a: Elongatedkou|Protosynthesis|[silent]
|switch|p1a: Sire Slayton|Clodsire, F|100/100
|move|p2a: Dragapult|Flamethrower|p1a: Sire Slayton
|-damage|p1a: Sire Slayton|78/100
|
|-heal|p1a: Sire Slayton|84/100|[from] item: Leftovers
|upkeep
|turn|12
|
|t:|1781502620
|switch|p2a: Gholdengo|Gholdengo|71/100
|-damage|p2a: Gholdengo|65/100|[from] Stealth Rock
|move|p1a: Sire Slayton|Toxic|p2a: Gholdengo
|-immune|p2a: Gholdengo|[from] ability: Good as Gold
|
|-heal|p1a: Sire Slayton|90/100|[from] item: Leftovers
|upkeep
|turn|13
|
|t:|1781502624
|move|p2a: Gholdengo|Recover|p2a: Gholdengo
|-heal|p2a: Gholdengo|100/100
|move|p1a: Sire Slayton|Earthquake|p2a: Gholdengo
|-supereffective|p2a: Gholdengo
|-damage|p2a: Gholdengo|66/100
|
|-heal|p1a: Sire Slayton|97/100|[from] item: Leftovers
|upkeep
|turn|14
|
|t:|1781502632
|move|p2a: Gholdengo|Hex|p1a: Sire Slayton
|-damage|p1a: Sire Slayton|82/100
|move|p1a: Sire Slayton|Toxic|p2a: Gholdengo
|-immune|p2a: Gholdengo|[from] ability: Good as Gold
|
|-heal|p1a: Sire Slayton|88/100|[from] item: Leftovers
|upkeep
|turn|15
|
|t:|1781502635
|move|p2a: Gholdengo|Recover|p2a: Gholdengo
|-heal|p2a: Gholdengo|100/100
|move|p1a: Sire Slayton|Toxic|p2a: Gholdengo
|-immune|p2a: Gholdengo|[from] ability: Good as Gold
|
|-heal|p1a: Sire Slayton|95/100|[from] item: Leftovers
|upkeep
|turn|16
|
|t:|1781502647
|move|p2a: Gholdengo|Hex|p1a: Sire Slayton
|-damage|p1a: Sire Slayton|78/100
|move|p1a: Sire Slayton|Toxic|p2a: Gholdengo
|-immune|p2a: Gholdengo|[from] ability: Good as Gold
|
|-heal|p1a: Sire Slayton|84/100|[from] item: Leftovers
|upkeep
|turn|17
|
|t:|1781502651
|move|p2a: Gholdengo|Hex|p1a: Sire Slayton
|-damage|p1a: Sire Slayton|69/100
|move|p1a: Sire Slayton|Toxic|p2a: Gholdengo
|-immune|p2a: Gholdengo|[from] ability: Good as Gold
|
|-heal|p1a: Sire Slayton|75/100|[from] item: Leftovers
|upkeep
|turn|18
|
|t:|1781502656
|move|p2a: Gholdengo|Hex|p1a: Sire Slayton
|-damage|p1a: Sire Slayton|60/100
|move|p1a: Sire Slayton|Earthquake|p2a: Gholdengo
|-supereffective|p2a: Gholdengo
|-damage|p2a: Gholdengo|64/100
|
|-heal|p1a: Sire Slayton|67/100|[from] item: Leftovers
|upkeep
|turn|19
|
|t:|1781502661
|move|p2a: Gholdengo|Hex|p1a: Sire Slayton
|-damage|p1a: Sire Slayton|50/100
|move|p1a: Sire Slayton|Recover|p1a: Sire Slayton
|-heal|p1a: Sire Slayton|99/100
|
|-heal|p1a: Sire Slayton|100/100|[from] item: Leftovers
|upkeep
|turn|20
|
|t:|1781502664
|move|p2a: Gholdengo|Hex|p1a: Sire Slayton
|-damage|p1a: Sire Slayton|85/100
|move|p1a: Sire Slayton|Earthquake|p2a: Gholdengo
|-supereffective|p2a: Gholdengo
|-damage|p2a: Gholdengo|26/100
|
|-heal|p1a: Sire Slayton|91/100|[from] item: Leftovers
|upkeep
|turn|21
|
|t:|1781502667
|move|p2a: Gholdengo|Recover|p2a: Gholdengo
|-heal|p2a: Gholdengo|76/100
|move|p1a: Sire Slayton|Earthquake|p2a: Gholdengo
|-supereffective|p2a: Gholdengo
|-damage|p2a: Gholdengo|38/100
|
|-heal|p1a: Sire Slayton|97/100|[from] item: Leftovers
|upkeep
|turn|22
|
|t:|1781502671
|move|p2a: Gholdengo|Recover|p2a: Gholdengo
|-heal|p2a: Gholdengo|88/100
|move|p1a: Sire Slayton|Earthquake|p2a: Gholdengo
|-supereffective|p2a: Gholdengo
|-damage|p2a: Gholdengo|47/100
|
|-heal|p1a: Sire Slayton|100/100|[from] item: Leftovers
|upkeep
|turn|23
|
|t:|1781502678
|move|p2a: Gholdengo|Recover|p2a: Gholdengo
|-heal|p2a: Gholdengo|97/100
|move|p1a: Sire Slayton|Earthquake|p2a: Gholdengo
|-supereffective|p2a: Gholdengo
|-damage|p2a: Gholdengo|57/100
|
|upkeep
|turn|24
|
|t:|1781502685
|move|p2a: Gholdengo|Hex|p1a: Sire Slayton
|-damage|p1a: Sire Slayton|85/100
|move|p1a: Sire Slayton|Earthquake|p2a: Gholdengo
|-supereffective|p2a: Gholdengo
|-damage|p2a: Gholdengo|19/100
|
|-heal|p1a: Sire Slayton|91/100|[from] item: Leftovers
|upkeep
|turn|25
|
|t:|1781502689
|move|p2a: Gholdengo|Recover|p2a: Gholdengo
|-heal|p2a: Gholdengo|69/100
|move|p1a: Sire Slayton|Earthquake|p2a: Gholdengo
|-supereffective|p2a: Gholdengo
|-damage|p2a: Gholdengo|32/100
|
|-heal|p1a: Sire Slayton|97/100|[from] item: Leftovers
|upkeep
|turn|26
|
|t:|1781502692
|move|p2a: Gholdengo|Recover|p2a: Gholdengo
|-heal|p2a: Gholdengo|82/100
|move|p1a: Sire Slayton|Earthquake|p2a: Gholdengo
|-supereffective|p2a: Gholdengo
|-damage|p2a: Gholdengo|44/100
|
|-heal|p1a: Sire Slayton|100/100|[from] item: Leftovers
|upkeep
|turn|27
|
|t:|1781502697
|move|p2a: Gholdengo|Recover|p2a: Gholdengo
|-heal|p2a: Gholdengo|94/100
|move|p1a: Sire Slayton|Earthquake|p2a: Gholdengo
|-supereffective|p2a: Gholdengo
|-crit|p2a: Gholdengo
|-damage|p2a: Gholdengo|41/100
|
|upkeep
|turn|28
|
|t:|1781502703
|switch|p2a: Dragapult|Dragapult, M|88/100
|-damage|p2a: Dragapult|76/100|[from] Stealth Rock
|move|p1a: Sire Slayton|Earthquake|p2a: Dragapult
|-damage|p2a: Dragapult|35/100
|
|upkeep
|turn|29
|
|t:|1781502712
|move|p2a: Dragapult|Shadow Ball|p1a: Sire Slayton
|-damage|p1a: Sire Slayton|74/100
|move|p1a: Sire Slayton|Recover|p1a: Sire Slayton
|-heal|p1a: Sire Slayton|100/100
|
|upkeep
|turn|30
|
|t:|1781502718
|-terastallize|p2a: Dragapult|Ghost
|move|p2a: Dragapult|Shadow Ball|p1a: Sire Slayton
|-damage|p1a: Sire Slayton|65/100
|-unboost|p1a: Sire Slayton|spd|1
|move|p1a: Sire Slayton|Earthquake|p2a: Dragapult
|-damage|p2a: Dragapult|0 fnt
|faint|p2a: Dragapult
|
|-heal|p1a: Sire Slayton|71/100|[from] item: Leftovers
|upkeep
|
|t:|1781502729
|switch|p2a: Samurott|Samurott-Hisui, F|82/100
|turn|31
|
|t:|1781502735
|switch|p1a: Beakblaster 3000|Pelipper, F|82/100
|-weather|RainDance|[from] ability: Drizzle|[of] p1a: Beakblaster 3000
|move|p2a: Samurott|Ceaseless Edge|p1a: Beakblaster 3000
|-damage|p1a: Beakblaster 3000|45/100
|-sidestart|p1: ihymyly|Spikes
|
|-weather|RainDance|[upkeep]
|upkeep
|turn|32
|
|t:|1781502739
|move|p2a: Samurott|Ceaseless Edge|p1a: Beakblaster 3000
|-damage|p1a: Beakblaster 3000|6/100
|-sidestart|p1: ihymyly|Spikes
|move|p1a: Beakblaster 3000|Roost|p1a: Beakblaster 3000
|-heal|p1a: Beakblaster 3000|56/100
|-singleturn|p1a: Beakblaster 3000|move: Roost
|
|-weather|RainDance|[upkeep]
|upkeep
|turn|33
|
|t:|1781502743
|move|p2a: Samurott|Ceaseless Edge|p1a: Beakblaster 3000
|-damage|p1a: Beakblaster 3000|17/100
|-sidestart|p1: ihymyly|Spikes
|move|p1a: Beakblaster 3000|U-turn|p2a: Samurott
|-supereffective|p2a: Samurott
|-damage|p2a: Samurott|63/100
|
|t:|1781502750
|switch|p1a: Elongatedkou|Raging Bolt|100/100|[from] U-turn
|-damage|p1a: Elongatedkou|75/100|[from] Spikes
|
|-weather|RainDance|[upkeep]
|upkeep
|turn|34
|
|t:|1781502765
|move|p1a: Elongatedkou|Thunder|p2a: Samurott
|-supereffective|p2a: Samurott
|-damage|p2a: Samurott|0 fnt
|faint|p2a: Samurott
|
|-weather|RainDance|[upkeep]
|upkeep
|
|t:|1781502769
|switch|p2a: Serperior|Serperior, M|100/100
|-damage|p2a: Serperior|88/100|[from] Stealth Rock
|turn|35
|
|t:|1781502774
|move|p2a: Serperior|Leech Seed|p1a: Elongatedkou
|-start|p1a: Elongatedkou|move: Leech Seed
|move|p1a: Elongatedkou|Dragon Pulse|p2a: Serperior
|-damage|p2a: Serperior|34/100
|
|-weather|RainDance|[upkeep]
|-heal|p2a: Serperior|40/100|[from] item: Leftovers
|-damage|p1a: Elongatedkou|63/100|[from] Leech Seed|[of] p2a: Serperior
|-heal|p2a: Serperior|54/100|[silent]
|upkeep
|turn|36
|
|t:|1781502795
|-end|p1a: Elongatedkou|Protosynthesis|[silent]
|switch|p1a: Cokuf|Corviknight, F|79/100 par
|-ability|p1a: Cokuf|Pressure
|move|p2a: Serperior|Substitute|p2a: Serperior
|-start|p2a: Serperior|Substitute
|-damage|p2a: Serperior|29/100
|
|-weather|RainDance|[upkeep]
|-heal|p2a: Serperior|36/100|[from] item: Leftovers
|upkeep
|turn|37
|
|t:|1781502800
|move|p2a: Serperior|Leech Seed|p1a: Cokuf
|-start|p1a: Cokuf|move: Leech Seed
|move|p1a: Cokuf|U-turn|p2a: Serperior
|-supereffective|p2a: Serperior
|-end|p2a: Serperior|Substitute
|
|t:|1781502805
|switch|p1a: Nails|Weavile, M|100/100|[from] U-turn
|-ability|p1a: Nails|Pressure
|
|-weather|RainDance|[upkeep]
|-heal|p2a: Serperior|42/100|[from] item: Leftovers
|upkeep
|turn|38
|
|t:|1781502812
|switch|p2a: Moltres|Moltres|100/100
|move|p1a: Nails|Swords Dance|p1a: Nails
|-boost|p1a: Nails|atk|2
|
|-weather|none
|upkeep
|turn|39
|
|t:|1781502822
|move|p1a: Nails|Triple Axel|p2a: Moltres
|-damage|p2a: Moltres|86/100
|-damage|p2a: Moltres|57/100
|-damage|p2a: Moltres|13/100
|-hitcount|p2a: Moltres|3
|move|p2a: Moltres|Will-O-Wisp|p1a: Nails
|-status|p1a: Nails|brn
|
|-damage|p1a: Nails|94/100 brn|[from] brn
|upkeep
|turn|40
|
|t:|1781502829
|move|p1a: Nails|Knock Off|p2a: Moltres
|-damage|p2a: Moltres|0 fnt
|-enditem|p2a: Moltres|Heavy-Duty Boots|[from] move: Knock Off|[of] p1a: Nails
|faint|p2a: Moltres
|
|-damage|p1a: Nails|88/100 brn|[from] brn
|upkeep
|
|t:|1781502832
|switch|p2a: Serperior|Serperior, M|42/100
|-damage|p2a: Serperior|29/100|[from] Stealth Rock
|turn|41
|
|t:|1781502836
|move|p1a: Nails|Knock Off|p2a: Serperior
|-damage|p2a: Serperior|0 fnt
|-enditem|p2a: Serperior|Leftovers|[from] move: Knock Off|[of] p1a: Nails
|faint|p2a: Serperior
|
|-damage|p1a: Nails|82/100 brn|[from] brn
|upkeep
|inactive|lei54188 has 120 seconds left.
|inactive|lei54188 has 90 seconds left.
|l|☆lei54188
|inactive|lei54188 disconnected and has a minute to reconnect!
|player|p2|
|inactive|lei54188 has 30 seconds to reconnect!
|inactive|lei54188 has 20 seconds to reconnect!
|inactive|lei54188 has 15 seconds to reconnect!
|inactive|lei54188 has 10 seconds to reconnect!
|inactive|lei54188 has 5 seconds to reconnect!
|-message|lei54188 lost due to inactivity.
|
|win|ihymyly
|raw|ihymyly's rating: 1529 &rarr; <strong>1549</strong><br />(+20 for winning)
|raw|lei54188's rating: 1529 &rarr; <strong>1509</strong><br />(-20 for losing)
|l|☆ihymyly
|player|p1|
