|j|☆omari p
|j|☆icylikedecember
|t:|1781362946
|gametype|singles
|player|p1|omari p|pokemonrangerf|1548
|player|p2|icylikedecember|smasher|1671
|gen|9
|tier|[Gen 9] OU
|rated|
|rule|HP Percentage Mod: HP is shown in percentages
|rule|Endless Battle Clause: Forcing endless battles is banned
|rule|Species Clause: Limit one of each Pokémon
|rule|OHKO Clause: OHKO moves are banned
|rule|Evasion Items Clause: Evasion items are banned
|rule|Evasion Moves Clause: Evasion moves are banned
|rule|Evasion Abilities Clause: Evasion abilities are banned
|rule|Sleep Moves Clause: Sleep-inducing moves are banned
|clearpoke
|poke|p1|Cinderace, F|
|poke|p1|Skeledirge, M|
|poke|p1|Latios, M|
|poke|p1|Mandibuzz, F|
|poke|p1|Gallade, M|
|poke|p1|Clodsire, F|
|poke|p2|Corviknight, M|
|poke|p2|Slowking-Galar, F|
|poke|p2|Darkrai|
|poke|p2|Kyurem|
|poke|p2|Zamazenta-*|
|poke|p2|Crawdaunt, M|
|teampreview
|inactive|Battle timer is ON: inactive players will automatically lose when time's up. (requested by icylikedecember)
|inactive|omari p has 120 seconds left.
|
|t:|1781362987
|teamsize|p1|6
|teamsize|p2|6
|start
|switch|p1a: Clodsire|Clodsire, F|100/100
|switch|p2a: Crawdaunt|Crawdaunt, M|100/100
|turn|1
|
|t:|1781362996
|move|p2a: Crawdaunt|Knock Off|p1a: Clodsire
|-damage|p1a: Clodsire|0 fnt
|-enditem|p1a: Clodsire|Heavy-Duty Boots|[from] move: Knock Off|[of] p2a: Crawdaunt
|faint|p1a: Clodsire
|
|upkeep
|
|t:|1781362998
|switch|p1a: Gallade|Gallade, M|100/100
|turn|2
|
|t:|1781363004
|switch|p2a: Corviknight|Corviknight, M, shiny|100/100
|-ability|p2a: Corviknight|Pressure
|move|p1a: Gallade|Sacred Sword|p2a: Corviknight
|-damage|p2a: Corviknight|50/100
|-damage|p1a: Gallade|84/100|[from] item: Rocky Helmet|[of] p2a: Corviknight
|-damage|p1a: Gallade|74/100|[from] item: Life Orb
|
|upkeep
|turn|3
|
|t:|1781363018
|move|p1a: Gallade|Sacred Sword|p2a: Corviknight
|-damage|p2a: Corviknight|0 fnt
|-damage|p1a: Gallade|58/100|[from] item: Rocky Helmet|[of] p2a: Corviknight
|faint|p2a: Corviknight
|-damage|p1a: Gallade|48/100|[from] item: Life Orb
|
|upkeep
|
|t:|1781363033
|switch|p2a: Kyurem|Kyurem|100/100
|-ability|p2a: Kyurem|Pressure
|turn|4
|inactive|omari p has 120 seconds left.
|
|t:|1781363066
|move|p2a: Kyurem|Draco Meteor|p1a: Gallade
|-damage|p1a: Gallade|0 fnt
|-unboost|p2a: Kyurem|spa|2
|faint|p1a: Gallade
|
|upkeep
|
|t:|1781363068
|switch|p1a: Cinderace|Cinderace, F|100/100
|turn|5
|
|t:|1781363075
|switch|p2a: Zamazenta|Zamazenta|100/100
|-ability|p2a: Zamazenta|Dauntless Shield|boost
|-boost|p2a: Zamazenta|def|1
|move|p1a: Cinderace|Pyro Ball|p2a: Zamazenta
|-damage|p2a: Zamazenta|71/100
|
|-heal|p2a: Zamazenta|77/100|[from] item: Leftovers
|upkeep
|turn|6
|inactive|omari p has 120 seconds left.
|
|t:|1781363101
|switch|p1a: Latios|Latios, M|100/100
|move|p2a: Zamazenta|Body Press|p1a: Latios
|-resisted|p1a: Latios
|-damage|p1a: Latios|66/100
|
|-heal|p2a: Zamazenta|83/100|[from] item: Leftovers
|upkeep
|turn|7
|
|t:|1781363109
|switch|p2a: Slowking|Slowking-Galar, F, shiny|100/100
|move|p1a: Latios|Luster Purge|p2a: Slowking
|-damage|p2a: Slowking|77/100
|-unboost|p2a: Slowking|spd|1
|
|upkeep
|turn|8
|
|t:|1781363117
|switch|p1a: Cinderace|Cinderace, F|100/100
|move|p2a: Slowking|Sludge Bomb|p1a: Cinderace
|-damage|p1a: Cinderace|38/100
|
|upkeep
|turn|9
|
|t:|1781363124
|switch|p2a: Zamazenta|Zamazenta|83/100
|move|p1a: Cinderace|Pyro Ball|p2a: Zamazenta
|-damage|p2a: Zamazenta|43/100
|
|-heal|p2a: Zamazenta|49/100|[from] item: Leftovers
|upkeep
|turn|10
|
|t:|1781363131
|switch|p1a: Omari P Bird|Mandibuzz, F, shiny|100/100
|move|p2a: Zamazenta|Crunch|p1a: Omari P Bird
|-resisted|p1a: Omari P Bird
|-damage|p1a: Omari P Bird|94/100
|-damage|p2a: Zamazenta|33/100|[from] item: Rocky Helmet|[of] p1a: Omari P Bird
|
|-heal|p2a: Zamazenta|39/100|[from] item: Leftovers
|upkeep
|turn|11
|
|t:|1781363136
|switch|p2a: Kyurem|Kyurem|100/100
|-ability|p2a: Kyurem|Pressure
|switch|p1a: Cinderace|Cinderace, F|38/100
|
|upkeep
|turn|12
|j| have we gone
|
|t:|1781363153
|move|p1a: Cinderace|High Jump Kick|p2a: Kyurem
|-start|p1a: Cinderace|typechange|Fighting|[from] ability: Libero
|-supereffective|p2a: Kyurem
|-damage|p2a: Kyurem|0 fnt
|faint|p2a: Kyurem
|
|upkeep
|
|t:|1781363162
|switch|p2a: Zamazenta|Zamazenta|39/100
|turn|13
|
|t:|1781363170
|switch|p2a: Darkrai|Darkrai|100/100
|switch|p1a: Omari P Bird|Mandibuzz, F, shiny|94/100
|
|upkeep
|turn|14
|
|t:|1781363176
|move|p2a: Darkrai|Ice Beam|p1a: Omari P Bird
|-supereffective|p1a: Omari P Bird
|-damage|p1a: Omari P Bird|32/100
|move|p1a: Omari P Bird|Toxic|p2a: Darkrai
|-status|p2a: Darkrai|tox
|
|-damage|p2a: Darkrai|94/100 tox|[from] psn
|upkeep
|turn|15
|
|t:|1781363181
|switch|p1a: Cinderace|Cinderace, F|38/100
|move|p2a: Darkrai|Dark Pulse|p1a: Cinderace
|-damage|p1a: Cinderace|0 fnt
|faint|p1a: Cinderace
|
|-damage|p2a: Darkrai|82/100 tox|[from] psn
|upkeep
|
|t:|1781363184
|switch|p1a: Latios|Latios, M|66/100
|turn|16
|j| fxhbfj
|
|t:|1781363186
|switch|p2a: Slowking|Slowking-Galar, F, shiny|100/100
|move|p1a: Latios|Draco Meteor|p2a: Slowking
|-damage|p2a: Slowking|65/100
|-unboost|p1a: Latios|spa|2
|
|upkeep
|turn|17
|l| fxhbfj
|inactive|omari p has 120 seconds left.
|
|t:|1781363243
|switch|p1a: Skeledirge|Skeledirge, M|100/100
|switch|p2a: Crawdaunt|Crawdaunt, M|100/100
|
|upkeep
|turn|18
|
|t:|1781363248
|switch|p1a: Omari P Bird|Mandibuzz, F, shiny|32/100
|move|p2a: Crawdaunt|Crabhammer|p1a: Omari P Bird
|-crit|p1a: Omari P Bird
|-damage|p1a: Omari P Bird|0 fnt
|-damage|p2a: Crawdaunt|84/100|[from] item: Rocky Helmet|[of] p1a: Omari P Bird
|faint|p1a: Omari P Bird
|
|upkeep
|
|t:|1781363250
|switch|p1a: Latios|Latios, M|66/100
|turn|19
|
|t:|1781363253
|switch|p1a: Skeledirge|Skeledirge, M|100/100
|switch|p2a: Slowking|Slowking-Galar, F, shiny|98/100
|
|upkeep
|turn|20
|
|t:|1781363257
|switch|p2a: Zamazenta|Zamazenta|39/100
|move|p1a: Skeledirge|Substitute|p1a: Skeledirge
|-start|p1a: Skeledirge|Substitute
|-damage|p1a: Skeledirge|76/100
|
|-heal|p2a: Zamazenta|45/100|[from] item: Leftovers
|upkeep
|turn|21
|
|t:|1781363260
|-terastallize|p1a: Skeledirge|Fairy
|move|p1a: Skeledirge|Torch Song|p2a: Zamazenta
|-crit|p2a: Zamazenta
|-damage|p2a: Zamazenta|5/100
|-boost|p1a: Skeledirge|spa|1
|move|p2a: Zamazenta|Roar|p1a: Skeledirge
|drag|p1a: Latios|Latios, M|66/100
|
|-heal|p2a: Zamazenta|11/100|[from] item: Leftovers
|upkeep
|turn|22
|
|t:|1781363265
|move|p1a: Latios|Ice Beam|p2a: Zamazenta
|-damage|p2a: Zamazenta|0 fnt
|faint|p2a: Zamazenta
|
|upkeep
|
|t:|1781363268
|switch|p2a: Slowking|Slowking-Galar, F, shiny|100/100
|turn|23
|
|t:|1781363277
|move|p1a: Latios|Ice Beam|p2a: Slowking
|-damage|p2a: Slowking|86/100
|move|p2a: Slowking|Ice Beam|p1a: Latios
|-supereffective|p1a: Latios
|-damage|p1a: Latios|11/100
|
|upkeep
|turn|24
|
|t:|1781363280
|move|p1a: Latios|Ice Beam|p2a: Slowking
|-damage|p2a: Slowking|69/100
|move|p2a: Slowking|Ice Beam|p1a: Latios
|-supereffective|p1a: Latios
|-damage|p1a: Latios|0 fnt
|faint|p1a: Latios
|
|upkeep
|
|t:|1781363282
|switch|p1a: Skeledirge|Skeledirge, M, tera:Fairy|76/100
|turn|25
|
|t:|1781363283
|move|p1a: Skeledirge|Torch Song|p2a: Slowking
|-damage|p2a: Slowking|53/100
|-boost|p1a: Skeledirge|spa|1
|move|p2a: Slowking|Sludge Bomb|p1a: Skeledirge
|-supereffective|p1a: Skeledirge
|-damage|p1a: Skeledirge|0 fnt
|faint|p1a: Skeledirge
|
|win|icylikedecember
|raw|omari p's rating: 1548 &rarr; <strong>1535</strong><br />(-13 for losing)
|raw|icylikedecember's rating: 1671 &rarr; <strong>1684</strong><br />(+13 for winning)
|l|☆icylikedecember
|player|p2|
|l| have we gone
