|j|☆iamverykarpy
|j|☆Mr.X&Y97
|t:|1781576698
|gametype|singles
|player|p1|iamverykarpy|colress|1536
|player|p2|Mr.X&Y97|ingo|1653
|gen|9
|tier|[Gen 9] OU
|rated|
|rule|HP Percentage Mod: HP is shown in percentages
|rule|Endless Battle Clause: Forcing endless battles is banned
|rule|Species Clause: Limit one of each Pokémon
|rule|OHKO Clause: OHKO moves are banned
|rule|Evasion Items Clause: Evasion items are banned
|rule|Evasion Moves Clause: Evasion moves are banned
|rule|Evasion Abilities Clause: Evasion abilities are banned
|rule|Sleep Moves Clause: Sleep-inducing moves are banned
|clearpoke
|poke|p1|Cetitan, F|
|poke|p1|Slowking-Galar, M|
|poke|p1|Kyurem|
|poke|p1|Rillaboom, F|
|poke|p1|Alomomola, F|
|poke|p1|Great Tusk|
|poke|p2|Regieleki|
|poke|p2|Grafaiai, F|
|poke|p2|Corviknight, M|
|poke|p2|Alomomola, M|
|poke|p2|Gliscor, M|
|poke|p2|Zamazenta-*|
|teampreview
|inactive|Battle timer is ON: inactive players will automatically lose when time's up. (requested by Mr.X&Y97)
|inactive|iamverykarpy also wants the timer to be on.
|
|t:|1781576716
|teamsize|p1|6
|teamsize|p2|6
|start
|switch|p1a: Great Tusk|Great Tusk|100/100
|switch|p2a: Grafaiai|Grafaiai, F|100/100
|turn|1
|
|t:|1781576719
|move|p2a: Grafaiai|Switcheroo|p1a: Great Tusk
|-activate|p2a: Grafaiai|move: Trick|[of] p1a: Great Tusk
|-item|p1a: Great Tusk|Ring Target|[from] move: Switcheroo
|-item|p2a: Grafaiai|Leftovers|[from] move: Switcheroo
|move|p1a: Great Tusk|Headlong Rush|p2a: Grafaiai
|-supereffective|p2a: Grafaiai
|-damage|p2a: Grafaiai|0 fnt
|-unboost|p1a: Great Tusk|def|1
|-unboost|p1a: Great Tusk|spd|1
|faint|p2a: Grafaiai
|
|upkeep
|
|t:|1781576725
|switch|p2a: Regieleki|Regieleki|100/100
|turn|2
|
|t:|1781576731
|-end|p1a: Great Tusk|Protosynthesis|[silent]
|switch|p1a: Rillaboom|Rillaboom, F|100/100
|-fieldstart|move: Grassy Terrain|[from] ability: Grassy Surge|[of] p1a: Rillaboom
|move|p2a: Regieleki|Volt Switch|p1a: Rillaboom
|-resisted|p1a: Rillaboom
|-damage|p1a: Rillaboom|56/100
|
|t:|1781576734
|switch|p2a: Corviknight|Corviknight, M|100/100|[from] Volt Switch
|-ability|p2a: Corviknight|Pressure
|
|-heal|p1a: Rillaboom|62/100|[from] Grassy Terrain
|upkeep
|turn|3
|
|t:|1781576738
|switch|p1a: Alomomola|Alomomola, F|100/100
|move|p2a: Corviknight|U-turn|p1a: Alomomola
|-damage|p1a: Alomomola|93/100
|-damage|p2a: Corviknight|84/100|[from] item: Rocky Helmet|[of] p1a: Alomomola
|
|t:|1781576740
|switch|p2a: Regieleki|Regieleki|100/100|[from] U-turn
|
|-heal|p1a: Alomomola|99/100|[from] Grassy Terrain
|upkeep
|turn|4
|
|t:|1781576749
|switch|p1a: Rillaboom|Rillaboom, F|62/100
|move|p2a: Regieleki|Volt Switch|p1a: Rillaboom
|-resisted|p1a: Rillaboom
|-damage|p1a: Rillaboom|15/100
|
|t:|1781576754
|switch|p2a: Corviknight|Corviknight, M|84/100|[from] Volt Switch
|-ability|p2a: Corviknight|Pressure
|
|-heal|p1a: Rillaboom|22/100|[from] Grassy Terrain
|upkeep
|turn|5
|
|t:|1781576759
|switch|p1a: Kyurem|Kyurem, shiny|100/100
|-ability|p1a: Kyurem|Pressure
|move|p2a: Corviknight|U-turn|p1a: Kyurem
|-damage|p1a: Kyurem|86/100
|
|t:|1781576764
|switch|p2a: Alomomola|Alomomola, M|100/100|[from] U-turn
|
|-heal|p1a: Kyurem|92/100|[from] Grassy Terrain
|upkeep
|turn|6
|
|t:|1781576768
|move|p1a: Kyurem|Freeze-Dry|p2a: Alomomola
|-supereffective|p2a: Alomomola
|-damage|p2a: Alomomola|48/100
|-status|p2a: Alomomola|frz
|cant|p2a: Alomomola|frz
|
|-heal|p1a: Kyurem|98/100|[from] Grassy Terrain
|-heal|p2a: Alomomola|55/100 frz|[from] Grassy Terrain
|-fieldend|move: Grassy Terrain
|upkeep
|turn|7
|
|t:|1781576777
|move|p1a: Kyurem|Freeze-Dry|p2a: Alomomola
|-supereffective|p2a: Alomomola
|-damage|p2a: Alomomola|5/100 frz
|cant|p2a: Alomomola|frz
|
|upkeep
|turn|8
|
|t:|1781576781
|move|p1a: Kyurem|Freeze-Dry|p2a: Alomomola
|-supereffective|p2a: Alomomola
|-damage|p2a: Alomomola|0 fnt
|faint|p2a: Alomomola
|
|upkeep
|
|t:|1781576782
|switch|p2a: Zamazenta|Zamazenta|100/100
|-ability|p2a: Zamazenta|Dauntless Shield|boost
|-boost|p2a: Zamazenta|def|1
|turn|9
|
|t:|1781576789
|switch|p1a: Alomomola|Alomomola, F|100/100
|move|p2a: Zamazenta|Close Combat|p1a: Alomomola
|-damage|p1a: Alomomola|56/100
|-unboost|p2a: Zamazenta|def|1
|-unboost|p2a: Zamazenta|spd|1
|-damage|p2a: Zamazenta|84/100|[from] item: Rocky Helmet|[of] p1a: Alomomola
|
|upkeep
|turn|10
|
|t:|1781576795
|-terastallize|p2a: Zamazenta|Fighting
|move|p2a: Zamazenta|Close Combat|p1a: Alomomola
|-damage|p1a: Alomomola|0 fnt
|-unboost|p2a: Zamazenta|def|1
|-unboost|p2a: Zamazenta|spd|1
|-damage|p2a: Zamazenta|67/100|[from] item: Rocky Helmet|[of] p1a: Alomomola
|faint|p1a: Alomomola
|
|upkeep
|
|t:|1781576801
|switch|p1a: Slowking|Slowking-Galar, M, shiny|100/100
|turn|11
|
|t:|1781576805
|switch|p2a: Gliscor|Gliscor, M|100/100
|move|p1a: Slowking|Flamethrower|p2a: Gliscor
|-damage|p2a: Gliscor|80/100
|
|-status|p2a: Gliscor|tox|[from] item: Toxic Orb
|upkeep
|turn|12
|
|t:|1781576811
|switch|p1a: Cetitan|Cetitan, F, shiny|100/100
|move|p2a: Gliscor|Swords Dance|p2a: Gliscor
|-boost|p2a: Gliscor|atk|2
|
|-heal|p2a: Gliscor|93/100 tox|[from] ability: Poison Heal
|upkeep
|turn|13
|
|t:|1781576823
|move|p2a: Gliscor|Knock Off|p1a: Cetitan
|-damage|p1a: Cetitan|61/100
|-enditem|p1a: Cetitan|Sitrus Berry|[from] move: Knock Off|[of] p2a: Gliscor
|move|p1a: Cetitan|Ice Spinner|p2a: Gliscor
|-supereffective|p2a: Gliscor
|-damage|p2a: Gliscor|0 fnt
|faint|p2a: Gliscor
|
|upkeep
|
|t:|1781576838
|switch|p2a: Zamazenta|Zamazenta, tera:Fighting|67/100
|turn|14
|
|t:|1781576844
|move|p2a: Zamazenta|Close Combat|p1a: Cetitan
|-supereffective|p1a: Cetitan
|-damage|p1a: Cetitan|0 fnt
|-unboost|p2a: Zamazenta|def|1
|-unboost|p2a: Zamazenta|spd|1
|faint|p1a: Cetitan
|
|upkeep
|
|t:|1781576847
|switch|p1a: Slowking|Slowking-Galar, M, shiny|100/100
|turn|15
|
|t:|1781576852
|switch|p2a: Corviknight|Corviknight, M|84/100
|-ability|p2a: Corviknight|Pressure
|move|p1a: Slowking|Flamethrower|p2a: Corviknight
|-supereffective|p2a: Corviknight
|-damage|p2a: Corviknight|36/100
|
|upkeep
|turn|16
|
|t:|1781576861
|move|p2a: Corviknight|Roost|p2a: Corviknight
|-heal|p2a: Corviknight|86/100
|-singleturn|p2a: Corviknight|move: Roost
|move|p1a: Slowking|Flamethrower|p2a: Corviknight
|-supereffective|p2a: Corviknight
|-damage|p2a: Corviknight|39/100
|
|upkeep
|turn|17
|
|t:|1781576878
|move|p2a: Corviknight|Brave Bird|p1a: Slowking
|-damage|p1a: Slowking|63/100
|-damage|p2a: Corviknight|27/100|[from] Recoil
|move|p1a: Slowking|Flamethrower|p2a: Corviknight
|-supereffective|p2a: Corviknight
|-damage|p2a: Corviknight|0 fnt
|faint|p2a: Corviknight
|
|upkeep
|
|t:|1781576880
|switch|p2a: Regieleki|Regieleki|100/100
|turn|18
|
|t:|1781576888
|move|p2a: Regieleki|Thunderbolt|p1a: Slowking
|-damage|p1a: Slowking|17/100
|-status|p1a: Slowking|par
|move|p1a: Slowking|Sludge Bomb|p2a: Regieleki
|-crit|p2a: Regieleki
|-damage|p2a: Regieleki|0 fnt
|faint|p2a: Regieleki
|
|upkeep
|
|t:|1781576894
|switch|p2a: Zamazenta|Zamazenta, tera:Fighting|67/100
|turn|19
|
|t:|1781576906
|move|p2a: Zamazenta|Close Combat|p1a: Slowking
|-resisted|p1a: Slowking
|-damage|p1a: Slowking|0 fnt
|-unboost|p2a: Zamazenta|def|1
|-unboost|p2a: Zamazenta|spd|1
|faint|p1a: Slowking
|
|upkeep
|
|t:|1781576909
|switch|p1a: Great Tusk|Great Tusk|100/100
|turn|20
|
|t:|1781576912
|move|p2a: Zamazenta|Close Combat|p1a: Great Tusk
|-damage|p1a: Great Tusk|23/100
|-unboost|p2a: Zamazenta|def|1
|-unboost|p2a: Zamazenta|spd|1
|move|p1a: Great Tusk|Headlong Rush|p2a: Zamazenta
|-damage|p2a: Zamazenta|0 fnt
|-unboost|p1a: Great Tusk|def|1
|-unboost|p1a: Great Tusk|spd|1
|faint|p2a: Zamazenta
|
|win|iamverykarpy
|raw|iamverykarpy's rating: 1536 &rarr; <strong>1562</strong><br />(+26 for winning)
|raw|Mr.X&amp;Y97's rating: 1653 &rarr; <strong>1627</strong><br />(-26 for losing)
|l|☆Mr.X&Y97
|player|p2|
|l|☆iamverykarpy
|player|p1|
