|j|☆ihymyly
|j|☆KurisuChestnutOU
|t:|1781180740
|gametype|singles
|player|p1|ihymyly|169|1540
|player|p2|KurisuChestnutOU|may-contest|1586
|gen|9
|tier|[Gen 9] OU
|rated|
|rule|HP Percentage Mod: HP is shown in percentages
|rule|Endless Battle Clause: Forcing endless battles is banned
|rule|Species Clause: Limit one of each Pokémon
|rule|OHKO Clause: OHKO moves are banned
|rule|Evasion Items Clause: Evasion items are banned
|rule|Evasion Moves Clause: Evasion moves are banned
|rule|Evasion Abilities Clause: Evasion abilities are banned
|rule|Sleep Moves Clause: Sleep-inducing moves are banned
|clearpoke
|poke|p1|Pelipper, F|
|poke|p1|Kingdra, F|
|poke|p1|Weavile, M|
|poke|p1|Raging Bolt|
|poke|p1|Clodsire, F|
|poke|p1|Corviknight, F|
|poke|p2|Gliscor, F|
|poke|p2|Dondozo, F|
|poke|p2|Slowking-Galar, F|
|poke|p2|Gholdengo|
|poke|p2|Great Tusk|
|poke|p2|Kingambit, F|
|teampreview
|
|t:|1781180748
|teamsize|p1|6
|teamsize|p2|6
|start
|switch|p1a: Beakblaster 3000|Pelipper, F|100/100
|switch|p2a: Slowking|Slowking-Galar, F|100/100
|-weather|RainDance|[from] ability: Drizzle|[of] p1a: Beakblaster 3000
|turn|1
|inactive|Battle timer is ON: inactive players will automatically lose when time's up. (requested by KurisuChestnutOU)
|
|t:|1781180756
|switch|p1a: kcuck off|Corviknight, F|100/100
|-ability|p1a: kcuck off|Pressure
|move|p2a: Slowking|Sludge Bomb|p1a: kcuck off
|-immune|p1a: kcuck off
|
|-weather|RainDance|[upkeep]
|upkeep
|turn|2
|
|t:|1781180761
|move|p1a: kcuck off|U-turn|p2a: Slowking
|-damage|p2a: Slowking|85/100
|j| Easontom
|
|t:|1781180765
|switch|p1a: Backscratcher|Weavile, M|100/100|[from] U-turn
|-ability|p1a: Backscratcher|Pressure
|move|p2a: Slowking|Future Sight|p1a: Backscratcher
|-start|p2a: Slowking|move: Future Sight
|
|-weather|RainDance|[upkeep]
|upkeep
|turn|3
|
|t:|1781180769
|switch|p2a: Dondozo|Dondozo, F|100/100
|move|p1a: Backscratcher|Knock Off|p2a: Dondozo
|-damage|p2a: Dondozo|80/100
|-enditem|p2a: Dondozo|Leftovers|[from] move: Knock Off|[of] p1a: Backscratcher
|
|-weather|RainDance|[upkeep]
|upkeep
|turn|4
|
|t:|1781180780
|switch|p1a: Sire Slayton|Clodsire, F|100/100
|move|p2a: Dondozo|Body Press|p1a: Sire Slayton
|-resisted|p1a: Sire Slayton
|-damage|p1a: Sire Slayton|85/100
|
|-weather|RainDance|[upkeep]
|-end|p1a: Sire Slayton|move: Future Sight
|-supereffective|p1a: Sire Slayton
|-damage|p1a: Sire Slayton|38/100
|-heal|p1a: Sire Slayton|44/100|[from] item: Leftovers
|upkeep
|turn|5
|
|t:|1781180790
|move|p2a: Dondozo|Wave Crash|p1a: Sire Slayton
|-heal|p1a: Sire Slayton|69/100|[from] ability: Water Absorb|[of] p2a: Dondozo
|move|p1a: Sire Slayton|Stealth Rock|p2a: Dondozo
|-sidestart|p2: KurisuChestnutOU|move: Stealth Rock
|
|-weather|RainDance|[upkeep]
|-heal|p1a: Sire Slayton|75/100|[from] item: Leftovers
|upkeep
|turn|6
|
|t:|1781180793
|switch|p2a: Gliscor|Gliscor, F|100/100
|-damage|p2a: Gliscor|88/100|[from] Stealth Rock
|move|p1a: Sire Slayton|Toxic|p2a: Gliscor
|-status|p2a: Gliscor|tox
|
|-weather|RainDance|[upkeep]
|-heal|p1a: Sire Slayton|82/100|[from] item: Leftovers
|-heal|p2a: Gliscor|100/100 tox|[from] ability: Poison Heal
|upkeep
|turn|7
|
|t:|1781180799
|switch|p1a: kcuck off|Corviknight, F|100/100
|-ability|p1a: kcuck off|Pressure
|move|p2a: Gliscor|Spikes|p1a: kcuck off
|-sidestart|p1: ihymyly|Spikes
|
|-weather|RainDance|[upkeep]
|upkeep
|turn|8
|
|t:|1781180805
|move|p2a: Gliscor|Spikes|p1a: kcuck off
|-sidestart|p1: ihymyly|Spikes
|move|p1a: kcuck off|U-turn|p2a: Gliscor
|-resisted|p2a: Gliscor
|-damage|p2a: Gliscor|96/100 tox
|
|t:|1781180809
|switch|p1a: Backscratcher|Weavile, M|100/100|[from] U-turn
|-ability|p1a: Backscratcher|Pressure
|
|-weather|none
|-heal|p2a: Gliscor|100/100 tox|[from] ability: Poison Heal
|upkeep
|turn|9
|
|t:|1781180819
|switch|p1a: Beakblaster 3000|Pelipper, F|100/100
|-weather|RainDance|[from] ability: Drizzle|[of] p1a: Beakblaster 3000
|switch|p2a: Kingambit|Kingambit, F|100/100
|-damage|p2a: Kingambit|94/100|[from] Stealth Rock
|
|-weather|RainDance|[upkeep]
|-heal|p2a: Kingambit|100/100|[from] item: Leftovers
|upkeep
|turn|10
|
|t:|1781180824
|move|p2a: Kingambit|Swords Dance|p2a: Kingambit
|-boost|p2a: Kingambit|atk|2
|move|p1a: Beakblaster 3000|Surf|p2a: Kingambit
|-damage|p2a: Kingambit|54/100
|
|-weather|RainDance|[upkeep]
|-heal|p2a: Kingambit|60/100|[from] item: Leftovers
|upkeep
|turn|11
|
|t:|1781180830
|switch|p1a: kcuck off|Corviknight, F|100/100
|-ability|p1a: kcuck off|Pressure
|move|p2a: Kingambit|Sucker Punch||[still]
|-fail|p2a: Kingambit
|
|-weather|RainDance|[upkeep]
|-heal|p2a: Kingambit|66/100|[from] item: Leftovers
|upkeep
|turn|12
|
|t:|1781180840
|-end|p2a: Kingambit|fallenundefined|[silent]
|switch|p2a: Great Tusk|Great Tusk|100/100
|move|p1a: kcuck off|U-turn|p2a: Great Tusk
|-resisted|p2a: Great Tusk
|-damage|p2a: Great Tusk|95/100
|
|t:|1781180843
|switch|p1a: Vincent Von Vain|Kingdra, F|100/100|[from] U-turn
|-damage|p1a: Vincent Von Vain|84/100|[from] Spikes
|
|-weather|RainDance|[upkeep]
|upkeep
|turn|13
|
|t:|1781180848
|-end|p2a: Great Tusk|Protosynthesis|[silent]
|switch|p2a: Slowking|Slowking-Galar, F|100/100
|-damage|p2a: Slowking|88/100|[from] Stealth Rock
|move|p1a: Vincent Von Vain|Weather Ball|p2a: Slowking
|-damage|p2a: Slowking|48/100
|
|-weather|RainDance|[upkeep]
|upkeep
|turn|14
|
|t:|1781180856
|-terastallize|p1a: Vincent Von Vain|Water
|-terastallize|p2a: Slowking|Water
|move|p1a: Vincent Von Vain|Weather Ball|p2a: Slowking
|-resisted|p2a: Slowking
|-damage|p2a: Slowking|23/100
|move|p2a: Slowking|Sludge Bomb|p1a: Vincent Von Vain
|-damage|p1a: Vincent Von Vain|44/100
|
|-weather|RainDance|[upkeep]
|upkeep
|turn|15
|
|t:|1781180860
|switch|p2a: Dondozo|Dondozo, F|80/100
|-damage|p2a: Dondozo|67/100|[from] Stealth Rock
|move|p1a: Vincent Von Vain|Weather Ball|p2a: Dondozo
|-resisted|p2a: Dondozo
|-damage|p2a: Dondozo|0 fnt
|faint|p2a: Dondozo
|
|-weather|RainDance|[upkeep]
|upkeep
|
|t:|1781180865
|switch|p2a: Kingambit|Kingambit, F|66/100
|-damage|p2a: Kingambit|60/100|[from] Stealth Rock
|-activate|p2a: Kingambit|ability: Supreme Overlord
|-start|p2a: Kingambit|fallen1|[silent]
|turn|16
|
|t:|1781180872
|switch|p1a: kcuck off|Corviknight, F|100/100
|-ability|p1a: kcuck off|Pressure
|move|p2a: Kingambit|Sucker Punch||[still]
|-fail|p2a: Kingambit
|
|-weather|none
|-heal|p2a: Kingambit|66/100|[from] item: Leftovers
|upkeep
|turn|17
|
|t:|1781180877
|move|p2a: Kingambit|Swords Dance|p2a: Kingambit
|-boost|p2a: Kingambit|atk|2
|move|p1a: kcuck off|Brave Bird|p2a: Kingambit
|-resisted|p2a: Kingambit
|-damage|p2a: Kingambit|50/100
|-damage|p1a: kcuck off|96/100|[from] Recoil
|
|-heal|p2a: Kingambit|57/100|[from] item: Leftovers
|upkeep
|turn|18
|
|t:|1781180886
|move|p2a: Kingambit|Swords Dance|p2a: Kingambit
|-boost|p2a: Kingambit|atk|2
|move|p1a: kcuck off|Defog|p2a: Kingambit
|-unboost|p2a: Kingambit|evasion|1
|-sideend|p2: KurisuChestnutOU|Stealth Rock|[from] move: Defog|[of] p1a: kcuck off
|-sideend|p1: ihymyly|Spikes|[from] move: Defog|[of] p1a: kcuck off
|
|-heal|p2a: Kingambit|63/100|[from] item: Leftovers
|upkeep
|turn|19
|
|t:|1781180889
|move|p2a: Kingambit|Sucker Punch|p1a: kcuck off
|-damage|p1a: kcuck off|19/100
|-damage|p2a: Kingambit|46/100|[from] item: Rocky Helmet|[of] p1a: kcuck off
|move|p1a: kcuck off|U-turn|p2a: Kingambit
|-damage|p2a: Kingambit|34/100
|
|t:|1781180899
|switch|p1a: Beakblaster 3000|Pelipper, F|100/100|[from] U-turn
|-weather|RainDance|[from] ability: Drizzle|[of] p1a: Beakblaster 3000
|
|-weather|RainDance|[upkeep]
|-heal|p2a: Kingambit|40/100|[from] item: Leftovers
|upkeep
|turn|20
|
|t:|1781180903
|switch|p1a: kcuck off|Corviknight, F|19/100
|-ability|p1a: kcuck off|Pressure
|move|p2a: Kingambit|Swords Dance|p2a: Kingambit
|-boost|p2a: Kingambit|atk|2
|
|-weather|RainDance|[upkeep]
|-heal|p2a: Kingambit|46/100|[from] item: Leftovers
|upkeep
|turn|21
|
|t:|1781180913
|move|p2a: Kingambit|Iron Head|p1a: kcuck off
|-resisted|p1a: kcuck off
|-damage|p1a: kcuck off|0 fnt
|-damage|p2a: Kingambit|29/100|[from] item: Rocky Helmet|[of] p1a: kcuck off
|faint|p1a: kcuck off
|
|-weather|RainDance|[upkeep]
|-heal|p2a: Kingambit|36/100|[from] item: Leftovers
|upkeep
|
|t:|1781180917
|switch|p1a: Elongatedkou|Raging Bolt|100/100
|turn|22
|
|t:|1781180921
|-end|p2a: Kingambit|fallen1|[silent]
|switch|p2a: Slowking|Slowking-Galar, F, tera:Water|56/100
|move|p1a: Elongatedkou|Thunderclap||[still]
|-fail|p1a: Elongatedkou
|
|-weather|RainDance|[upkeep]
|upkeep
|turn|23
|
|t:|1781180925
|move|p1a: Elongatedkou|Weather Ball|p2a: Slowking
|-resisted|p2a: Slowking
|-damage|p2a: Slowking|44/100
|move|p2a: Slowking|Sludge Bomb|p1a: Elongatedkou
|-damage|p1a: Elongatedkou|71/100
|-status|p1a: Elongatedkou|psn
|
|-weather|RainDance|[upkeep]
|-damage|p1a: Elongatedkou|59/100 psn|[from] psn
|upkeep
|turn|24
|
|t:|1781180931
|move|p1a: Elongatedkou|Dragon Pulse|p2a: Slowking
|-damage|p2a: Slowking|23/100
|move|p2a: Slowking|Sludge Bomb|p1a: Elongatedkou
|-crit|p1a: Elongatedkou
|-damage|p1a: Elongatedkou|15/100 psn
|
|-weather|RainDance|[upkeep]
|-damage|p1a: Elongatedkou|3/100 psn|[from] psn
|upkeep
|turn|25
|
|t:|1781180934
|move|p1a: Elongatedkou|Thunder|p2a: Slowking
|-supereffective|p2a: Slowking
|-damage|p2a: Slowking|0 fnt
|faint|p2a: Slowking
|
|-weather|RainDance|[upkeep]
|-damage|p1a: Elongatedkou|0 fnt|[from] psn
|faint|p1a: Elongatedkou
|-end|p1a: Elongatedkou|Protosynthesis|[silent]
|upkeep
|
|t:|1781180943
|switch|p1a: Beakblaster 3000|Pelipper, F|100/100
|switch|p2a: Kingambit|Kingambit, F|36/100
|-activate|p2a: Kingambit|ability: Supreme Overlord
|-start|p2a: Kingambit|fallen2|[silent]
|turn|26
|
|t:|1781180949
|move|p2a: Kingambit|Iron Head|p1a: Beakblaster 3000
|-resisted|p1a: Beakblaster 3000
|-damage|p1a: Beakblaster 3000|78/100
|cant|p1a: Beakblaster 3000|flinch
|
|-weather|none
|-heal|p2a: Kingambit|42/100|[from] item: Leftovers
|upkeep
|turn|27
|
|t:|1781180955
|move|p2a: Kingambit|Swords Dance|p2a: Kingambit
|-boost|p2a: Kingambit|atk|2
|move|p1a: Beakblaster 3000|U-turn|p2a: Kingambit
|-damage|p2a: Kingambit|35/100
|
|t:|1781180963
|switch|p1a: Sire Slayton|Clodsire, F|82/100|[from] U-turn
|
|-heal|p2a: Kingambit|41/100|[from] item: Leftovers
|-heal|p1a: Sire Slayton|88/100|[from] item: Leftovers
|upkeep
|turn|28
|
|t:|1781180967
|move|p2a: Kingambit|Iron Head|p1a: Sire Slayton
|-damage|p1a: Sire Slayton|0 fnt
|faint|p1a: Sire Slayton
|
|-heal|p2a: Kingambit|47/100|[from] item: Leftovers
|upkeep
|
|t:|1781180970
|switch|p1a: Beakblaster 3000|Pelipper, F|78/100
|-weather|RainDance|[from] ability: Drizzle|[of] p1a: Beakblaster 3000
|turn|29
|
|t:|1781180977
|move|p2a: Kingambit|Sucker Punch|p1a: Beakblaster 3000
|-damage|p1a: Beakblaster 3000|5/100
|move|p1a: Beakblaster 3000|Surf|p2a: Kingambit
|-damage|p2a: Kingambit|0 fnt
|faint|p2a: Kingambit
|-end|p2a: Kingambit|fallen2|[silent]
|
|-weather|RainDance|[upkeep]
|upkeep
|
|t:|1781180982
|switch|p2a: Gliscor|Gliscor, F|100/100 tox
|turn|30
|
|t:|1781180991
|move|p2a: Gliscor|Knock Off|p1a: Beakblaster 3000
|-damage|p1a: Beakblaster 3000|0 fnt
|-enditem|p1a: Beakblaster 3000|Damp Rock|[from] move: Knock Off|[of] p2a: Gliscor
|faint|p1a: Beakblaster 3000
|
|-weather|RainDance|[upkeep]
|upkeep
|
|t:|1781180995
|switch|p1a: Vincent Von Vain|Kingdra, F, tera:Water|44/100
|turn|31
|
|t:|1781181001
|move|p2a: Gliscor|Protect|p2a: Gliscor
|-singleturn|p2a: Gliscor|Protect
|move|p1a: Vincent Von Vain|Weather Ball|p2a: Gliscor
|-activate|p2a: Gliscor|move: Protect
|
|-weather|RainDance|[upkeep]
|upkeep
|turn|32
|
|t:|1781181013
|move|p1a: Vincent Von Vain|Weather Ball|p2a: Gliscor
|-supereffective|p2a: Gliscor
|-damage|p2a: Gliscor|0 fnt
|faint|p2a: Gliscor
|
|-weather|RainDance|[upkeep]
|upkeep
|
|t:|1781181018
|switch|p2a: Great Tusk|Great Tusk|95/100
|turn|33
|
|t:|1781181024
|move|p1a: Vincent Von Vain|Weather Ball|p2a: Great Tusk
|-supereffective|p2a: Great Tusk
|-damage|p2a: Great Tusk|0 fnt
|faint|p2a: Great Tusk
|-end|p2a: Great Tusk|Protosynthesis|[silent]
|
|-weather|RainDance|[upkeep]
|upkeep
|
|t:|1781181028
|switch|p2a: Gholdengo|Gholdengo|100/100
|-item|p2a: Gholdengo|Air Balloon
|turn|34
|
|t:|1781181048
|move|p1a: Vincent Von Vain|Weather Ball|p2a: Gholdengo
|-damage|p2a: Gholdengo|0 fnt
|-enditem|p2a: Gholdengo|Air Balloon
|faint|p2a: Gholdengo
|
|win|ihymyly
|raw|ihymyly's rating: 1517 &rarr; <strong>1541</strong><br />(+24 for winning)
|raw|KurisuChestnutOU's rating: 1583 &rarr; <strong>1559</strong><br />(-24 for losing)
