|j|☆KiloTracer
|j|☆KurisuChestnutLab
|t:|1781145122
|gametype|singles
|player|p1|KiloTracer|nate|1522
|player|p2|KurisuChestnutLab|may-contest|1584
|gen|9
|tier|[Gen 9] OU
|rated|
|rule|HP Percentage Mod: HP is shown in percentages
|rule|Endless Battle Clause: Forcing endless battles is banned
|rule|Species Clause: Limit one of each Pokémon
|rule|OHKO Clause: OHKO moves are banned
|rule|Evasion Items Clause: Evasion items are banned
|rule|Evasion Moves Clause: Evasion moves are banned
|rule|Evasion Abilities Clause: Evasion abilities are banned
|rule|Sleep Moves Clause: Sleep-inducing moves are banned
|clearpoke
|poke|p1|Dragonite, F|
|poke|p1|Great Tusk|
|poke|p1|Deoxys-Speed|
|poke|p1|Gholdengo|
|poke|p1|Zamazenta-*|
|poke|p1|Iron Valiant|
|poke|p2|Zamazenta-*|
|poke|p2|Zapdos|
|poke|p2|Garganacl, F|
|poke|p2|Clefable, F|
|poke|p2|Samurott-Hisui, M|
|poke|p2|Gholdengo|
|teampreview
|inactive|Battle timer is ON: inactive players will automatically lose when time's up. (requested by KurisuChestnutLab)
|inactive|KiloTracer has 120 seconds left.
|
|t:|1781145160
|teamsize|p1|6
|teamsize|p2|6
|start
|switch|p1a: Zamazenta|Zamazenta|100/100
|switch|p2a: Zapdos|Zapdos|100/100
|-ability|p1a: Zamazenta|Dauntless Shield|boost
|-boost|p1a: Zamazenta|def|1
|turn|1
|
|t:|1781145165
|move|p1a: Zamazenta|Stone Edge|p2a: Zapdos
|-supereffective|p2a: Zapdos
|-damage|p2a: Zapdos|31/100
|-damage|p1a: Zamazenta|91/100|[from] item: Life Orb
|move|p2a: Zapdos|Hurricane|p1a: Zamazenta
|-supereffective|p1a: Zamazenta
|-damage|p1a: Zamazenta|0 fnt
|faint|p1a: Zamazenta
|
|upkeep
|
|t:|1781145168
|switch|p1a: Deoxys|Deoxys-Speed|100/100
|-ability|p1a: Deoxys|Pressure
|turn|2
|
|t:|1781145172
|move|p1a: Deoxys|Stealth Rock|p2a: Zapdos
|-sidestart|p2: KurisuChestnutLab|move: Stealth Rock
|move|p2a: Zapdos|Roost|p2a: Zapdos
|-heal|p2a: Zapdos|81/100
|-singleturn|p2a: Zapdos|move: Roost
|
|upkeep
|turn|3
|
|t:|1781145177
|move|p1a: Deoxys|Taunt|p2a: Zapdos
|-start|p2a: Zapdos|move: Taunt
|move|p2a: Zapdos|Discharge|p1a: Deoxys
|-damage|p1a: Deoxys|61/100
|
|upkeep
|turn|4
|
|t:|1781145182
|move|p1a: Deoxys|Spikes|p2a: Zapdos
|-sidestart|p2: KurisuChestnutLab|Spikes
|move|p2a: Zapdos|Discharge|p1a: Deoxys
|-damage|p1a: Deoxys|18/100
|
|upkeep
|turn|5
|
|t:|1781145185
|move|p1a: Deoxys|Spikes|p2a: Zapdos
|-sidestart|p2: KurisuChestnutLab|Spikes
|move|p2a: Zapdos|Discharge|p1a: Deoxys
|-damage|p1a: Deoxys|0 fnt
|faint|p1a: Deoxys
|
|-end|p2a: Zapdos|move: Taunt
|upkeep
|
|t:|1781145193
|switch|p1a: Dragonite|Dragonite, F|100/100
|turn|6
|
|t:|1781145199
|move|p1a: Dragonite|Dragon Dance|p1a: Dragonite
|-boost|p1a: Dragonite|atk|1
|-boost|p1a: Dragonite|spe|1
|move|p2a: Zapdos|Discharge|p1a: Dragonite
|-damage|p1a: Dragonite|83/100
|
|upkeep
|turn|7
|
|t:|1781145208
|move|p1a: Dragonite|Thunder Punch|p2a: Zapdos
|-damage|p2a: Zapdos|43/100
|-status|p1a: Dragonite|par|[from] ability: Static|[of] p2a: Zapdos
|-damage|p1a: Dragonite|74/100 par|[from] item: Life Orb
|move|p2a: Zapdos|Discharge|p1a: Dragonite
|-crit|p1a: Dragonite
|-damage|p1a: Dragonite|24/100 par
|
|upkeep
|turn|8
|
|t:|1781145212
|move|p2a: Zapdos|Volt Switch|p1a: Dragonite
|-damage|p1a: Dragonite|0 fnt
|faint|p1a: Dragonite
|
|t:|1781145216
|switch|p2a: Gholdengo|Gholdengo|100/100|[from] Volt Switch
|-damage|p2a: Gholdengo|94/100|[from] Stealth Rock
|-damage|p2a: Gholdengo|78/100|[from] Spikes
|
|upkeep
|
|t:|1781145224
|switch|p1a: Gholdengo|Gholdengo|100/100
|turn|9
|
|t:|1781145228
|move|p2a: Gholdengo|Shadow Ball|p1a: Gholdengo
|-supereffective|p1a: Gholdengo
|-damage|p1a: Gholdengo|20/100
|move|p1a: Gholdengo|Shadow Ball|p2a: Gholdengo
|-supereffective|p2a: Gholdengo
|-damage|p2a: Gholdengo|0 fnt
|faint|p2a: Gholdengo
|
|upkeep
|
|t:|1781145235
|switch|p2a: Zapdos|Zapdos|43/100
|turn|10
|-enditem|p1a: Gholdengo|Custap Berry|[eat]
|-activate|p1a: Gholdengo|item: Custap Berry|[consumed]
|
|t:|1781145240
|move|p1a: Gholdengo|Make It Rain|p2a: Zapdos
|-resisted|p2a: Zapdos
|-damage|p2a: Zapdos|12/100
|-unboost|p1a: Gholdengo|spa|1
|move|p2a: Zapdos|Volt Switch|p1a: Gholdengo
|-damage|p1a: Gholdengo|0 fnt
|faint|p1a: Gholdengo
|
|t:|1781145244
|switch|p2a: Clefable|Clefable, F|100/100|[from] Volt Switch
|
|upkeep
|
|t:|1781145247
|switch|p1a: Iron Valiant|Iron Valiant|100/100
|-enditem|p1a: Iron Valiant|Booster Energy
|-activate|p1a: Iron Valiant|ability: Quark Drive|[fromitem]
|-start|p1a: Iron Valiant|quarkdrivespe
|turn|11
|
|t:|1781145254
|move|p1a: Iron Valiant|Moonblast|p2a: Clefable
|-damage|p2a: Clefable|60/100
|move|p2a: Clefable|Moonblast|p1a: Iron Valiant
|-supereffective|p1a: Iron Valiant
|-damage|p1a: Iron Valiant|0 fnt
|faint|p1a: Iron Valiant
|-end|p1a: Iron Valiant|Quark Drive|[silent]
|
|upkeep
|
|t:|1781145256
|switch|p1a: Great Tusk|Great Tusk|100/100
|-enditem|p1a: Great Tusk|Booster Energy
|-activate|p1a: Great Tusk|ability: Protosynthesis|[fromitem]
|-start|p1a: Great Tusk|protosynthesisspe
|turn|12
|
|t:|1781145260
|-terastallize|p1a: Great Tusk|Fire
|move|p1a: Great Tusk|Bulk Up|p1a: Great Tusk
|-boost|p1a: Great Tusk|atk|1
|-boost|p1a: Great Tusk|def|1
|move|p2a: Clefable|Moonblast|p1a: Great Tusk
|-resisted|p1a: Great Tusk
|-damage|p1a: Great Tusk|79/100
|
|upkeep
|turn|13
|
|t:|1781145265
|move|p1a: Great Tusk|Bulk Up|p1a: Great Tusk
|-boost|p1a: Great Tusk|atk|1
|-boost|p1a: Great Tusk|def|1
|move|p2a: Clefable|Thunder Wave|p1a: Great Tusk
|-status|p1a: Great Tusk|par
|
|upkeep
|turn|14
|
|t:|1781145270
|move|p1a: Great Tusk|Headlong Rush|p2a: Clefable
|-damage|p2a: Clefable|21/100
|-unboost|p1a: Great Tusk|def|1
|-unboost|p1a: Great Tusk|spd|1
|move|p2a: Clefable|Moonlight|p2a: Clefable
|-heal|p2a: Clefable|71/100
|
|upkeep
|turn|15
|-message|KiloTracer forfeited.
|
|win|KurisuChestnutLab
|raw|KiloTracer's rating: 1522 &rarr; <strong>1506</strong><br />(-16 for losing)
|raw|KurisuChestnutLab's rating: 1584 &rarr; <strong>1600</strong><br />(+16 for winning)
|l|☆KiloTracer
|player|p1|
