|j|☆tokiwakano
|j|☆jonuz
|t:|1781199329
|gametype|singles
|player|p1|tokiwakano|acetrainerf|1738
|player|p2|jonuz|102|1729
|gen|9
|tier|[Gen 9] OU
|rated|
|rule|HP Percentage Mod: HP is shown in percentages
|rule|Endless Battle Clause: Forcing endless battles is banned
|rule|Species Clause: Limit one of each Pokémon
|rule|OHKO Clause: OHKO moves are banned
|rule|Evasion Items Clause: Evasion items are banned
|rule|Evasion Moves Clause: Evasion moves are banned
|rule|Evasion Abilities Clause: Evasion abilities are banned
|rule|Sleep Moves Clause: Sleep-inducing moves are banned
|clearpoke
|poke|p1|Clefable, M|
|poke|p1|Meowscarada, F|
|poke|p1|Ting-Lu|
|poke|p1|Dragonite, M|
|poke|p1|Gholdengo|
|poke|p1|Zamazenta-*|
|poke|p2|Gholdengo|
|poke|p2|Darkrai|
|poke|p2|Clefable, F|
|poke|p2|Ting-Lu|
|poke|p2|Dragonite, F|
|poke|p2|Pecharunt|
|teampreview
|inactive|Battle timer is ON: inactive players will automatically lose when time's up. (requested by tokiwakano)
|
|t:|1781199348
|teamsize|p1|6
|teamsize|p2|6
|start
|switch|p1a: Ting-Lu|Ting-Lu|100/100
|switch|p2a: Clefable|Clefable, F|100/100
|-ability|p1a: Ting-Lu|Vessel of Ruin
|turn|1
|
|t:|1781199356
|move|p2a: Clefable|Knock Off|p1a: Ting-Lu
|-resisted|p1a: Ting-Lu
|-damage|p1a: Ting-Lu|97/100
|-enditem|p1a: Ting-Lu|Leftovers|[from] move: Knock Off|[of] p2a: Clefable
|move|p1a: Ting-Lu|Stealth Rock|p2a: Clefable
|-sidestart|p2: jonuz|move: Stealth Rock
|
|upkeep
|turn|2
|
|t:|1781199361
|move|p2a: Clefable|Moonblast|p1a: Ting-Lu
|-supereffective|p1a: Ting-Lu
|-damage|p1a: Ting-Lu|69/100
|-unboost|p1a: Ting-Lu|spa|1
|move|p1a: Ting-Lu|Ruination|p2a: Clefable
|-damage|p2a: Clefable|50/100
|
|-heal|p2a: Clefable|57/100|[from] item: Leftovers
|upkeep
|turn|3
|
|t:|1781199369
|switch|p1a: Gholdengo|Gholdengo|100/100
|move|p2a: Clefable|Moonblast|p1a: Gholdengo
|-resisted|p1a: Gholdengo
|-damage|p1a: Gholdengo|82/100
|
|-heal|p2a: Clefable|63/100|[from] item: Leftovers
|upkeep
|turn|4
|
|t:|1781199377
|switch|p2a: Ting-Lu|Ting-Lu|100/100
|-damage|p2a: Ting-Lu|94/100|[from] Stealth Rock
|-ability|p2a: Ting-Lu|Vessel of Ruin
|move|p1a: Gholdengo|Trick|p2a: Ting-Lu
|-activate|p1a: Gholdengo|move: Trick|[of] p2a: Ting-Lu
|-item|p2a: Ting-Lu|Choice Scarf|[from] move: Trick
|-item|p1a: Gholdengo|Red Card|[from] move: Trick
|
|upkeep
|turn|5
|
|t:|1781199383
|switch|p1a: Meowscarada|Meowscarada, F|100/100
|move|p2a: Ting-Lu|Spikes|p1a: Meowscarada
|-sidestart|p1: tokiwakano|Spikes
|
|upkeep
|turn|6
|
|t:|1781199390
|move|p1a: Meowscarada|Spikes|p2a: Ting-Lu
|-start|p1a: Meowscarada|typechange|Ground|[from] ability: Protean
|-sidestart|p2: jonuz|Spikes
|move|p2a: Ting-Lu|Spikes|p1a: Meowscarada
|-sidestart|p1: tokiwakano|Spikes
|
|upkeep
|turn|7
|
|t:|1781199392
|move|p1a: Meowscarada|Spikes|p2a: Ting-Lu
|-sidestart|p2: jonuz|Spikes
|move|p2a: Ting-Lu|Spikes|p1a: Meowscarada
|-sidestart|p1: tokiwakano|Spikes
|
|upkeep
|turn|8
|
|t:|1781199398
|switch|p2a: Darkrai|Darkrai|100/100
|-damage|p2a: Darkrai|88/100|[from] Stealth Rock
|-damage|p2a: Darkrai|72/100|[from] Spikes
|move|p1a: Meowscarada|Spikes|p2a: Darkrai
|-sidestart|p2: jonuz|Spikes
|
|upkeep
|turn|9
|
|t:|1781199405
|switch|p1a: Ting-Lu|Ting-Lu|69/100
|-damage|p1a: Ting-Lu|44/100|[from] Spikes
|-ability|p1a: Ting-Lu|Vessel of Ruin
|move|p2a: Darkrai|Ice Beam|p1a: Ting-Lu
|-supereffective|p1a: Ting-Lu
|-damage|p1a: Ting-Lu|4/100
|
|upkeep
|turn|10
|
|t:|1781199409
|switch|p1a: Gholdengo|Gholdengo|82/100
|-damage|p1a: Gholdengo|58/100|[from] Spikes
|move|p2a: Darkrai|Ice Beam|p1a: Gholdengo
|-resisted|p1a: Gholdengo
|-damage|p1a: Gholdengo|27/100
|-enditem|p1a: Gholdengo|Red Card|[of] p2a: Darkrai
|drag|p2a: Ting-Lu|Ting-Lu|94/100
|-damage|p2a: Ting-Lu|88/100|[from] Stealth Rock
|-damage|p2a: Ting-Lu|63/100|[from] Spikes
|-ability|p2a: Ting-Lu|Vessel of Ruin
|
|upkeep
|turn|11
|
|t:|1781199413
|move|p1a: Gholdengo|Recover|p1a: Gholdengo
|-heal|p1a: Gholdengo|77/100
|move|p2a: Ting-Lu|Stealth Rock|p1a: Gholdengo
|-sidestart|p1: tokiwakano|move: Stealth Rock
|
|upkeep
|turn|12
|
|t:|1781199427
|switch|p2a: Gholdengo|Gholdengo|100/100
|-damage|p2a: Gholdengo|94/100|[from] Stealth Rock
|-damage|p2a: Gholdengo|70/100|[from] Spikes
|move|p1a: Gholdengo|Shadow Ball|p2a: Gholdengo
|-supereffective|p2a: Gholdengo
|-damage|p2a: Gholdengo|0 fnt
|faint|p2a: Gholdengo
|
|upkeep
|
|t:|1781199430
|switch|p2a: Darkrai|Darkrai|72/100
|-damage|p2a: Darkrai|59/100|[from] Stealth Rock
|-damage|p2a: Darkrai|34/100|[from] Spikes
|turn|13
|
|t:|1781199436
|switch|p1a: Ting-Lu|Ting-Lu|4/100
|-damage|p1a: Ting-Lu|0 fnt|[from] Spikes
|faint|p1a: Ting-Lu
|move|p2a: Darkrai|Dark Pulse|p1: Ting-Lu|[notarget]
|-fail|p2a: Darkrai
|
|upkeep
|
|t:|1781199442
|switch|p1a: Clefable|Clefable, M|100/100
|turn|14
|
|t:|1781199446
|move|p2a: Darkrai|Dark Pulse|p1a: Clefable
|-resisted|p1a: Clefable
|-damage|p1a: Clefable|72/100
|move|p1a: Clefable|Knock Off|p2a: Darkrai
|-resisted|p2a: Darkrai
|-damage|p2a: Darkrai|24/100
|-enditem|p2a: Darkrai|Choice Specs|[from] move: Knock Off|[of] p1a: Clefable
|
|-heal|p1a: Clefable|78/100|[from] item: Leftovers
|upkeep
|turn|15
|
|t:|1781199451
|move|p2a: Darkrai|Sludge Bomb|p1a: Clefable
|-supereffective|p1a: Clefable
|-damage|p1a: Clefable|18/100
|move|p1a: Clefable|Moonlight|p1a: Clefable
|-heal|p1a: Clefable|68/100
|
|-heal|p1a: Clefable|74/100|[from] item: Leftovers
|upkeep
|turn|16
|
|t:|1781199453
|move|p2a: Darkrai|Sludge Bomb|p1a: Clefable
|-supereffective|p1a: Clefable
|-damage|p1a: Clefable|18/100
|move|p1a: Clefable|Moonlight|p1a: Clefable
|-heal|p1a: Clefable|68/100
|
|-heal|p1a: Clefable|74/100|[from] item: Leftovers
|upkeep
|turn|17
|
|t:|1781199459
|move|p2a: Darkrai|Sludge Bomb|p1a: Clefable
|-supereffective|p1a: Clefable
|-damage|p1a: Clefable|16/100
|-status|p1a: Clefable|psn
|move|p1a: Clefable|Moonblast|p2a: Darkrai
|-supereffective|p2a: Darkrai
|-damage|p2a: Darkrai|0 fnt
|faint|p2a: Darkrai
|
|-heal|p1a: Clefable|22/100 psn|[from] item: Leftovers
|upkeep
|
|t:|1781199469
|switch|p2a: Dragonite|Dragonite, F|100/100
|turn|18
|
|t:|1781199473
|move|p2a: Dragonite|Earthquake|p1a: Clefable
|-damage|p1a: Clefable|0 fnt
|faint|p1a: Clefable
|
|upkeep
|
|t:|1781199475
|switch|p1a: Meowscarada|Meowscarada, F|100/100
|turn|19
|
|t:|1781199479
|switch|p2a: Ting-Lu|Ting-Lu|63/100
|-damage|p2a: Ting-Lu|57/100|[from] Stealth Rock
|-damage|p2a: Ting-Lu|32/100|[from] Spikes
|-ability|p2a: Ting-Lu|Vessel of Ruin
|move|p1a: Meowscarada|Knock Off|p2a: Ting-Lu
|-start|p1a: Meowscarada|typechange|Dark|[from] ability: Protean
|-resisted|p2a: Ting-Lu
|-damage|p2a: Ting-Lu|20/100
|-enditem|p2a: Ting-Lu|Choice Scarf|[from] move: Knock Off|[of] p1a: Meowscarada
|
|upkeep
|turn|20
|
|t:|1781199484
|move|p1a: Meowscarada|Triple Axel|p2a: Ting-Lu
|-supereffective|p2a: Ting-Lu
|-damage|p2a: Ting-Lu|13/100
|-supereffective|p2a: Ting-Lu
|-damage|p2a: Ting-Lu|0 fnt
|faint|p2a: Ting-Lu
|-hitcount|p2: Ting-Lu|2
|
|upkeep
|
|t:|1781199493
|switch|p2a: Clefable|Clefable, F|63/100
|turn|21
|j| RGC_SHADE
|
|t:|1781199496
|move|p1a: Meowscarada|U-turn|p2a: Clefable
|-resisted|p2a: Clefable
|-damage|p2a: Clefable|55/100
|
|t:|1781199498
|switch|p1a: Gholdengo|Gholdengo|77/100|[from] U-turn
|-damage|p1a: Gholdengo|53/100|[from] Spikes
|-damage|p1a: Gholdengo|47/100|[from] Stealth Rock
|move|p2a: Clefable|Moonlight|p2a: Clefable
|-heal|p2a: Clefable|100/100
|
|upkeep
|turn|22
|
|t:|1781199503
|switch|p2a: Dragonite|Dragonite, F|100/100
|move|p1a: Gholdengo|Recover|p1a: Gholdengo
|-heal|p1a: Gholdengo|97/100
|
|upkeep
|turn|23
|
|t:|1781199512
|move|p1a: Gholdengo|Trick|p2a: Dragonite
|-activate|p1a: Gholdengo|move: Trick|[of] p2a: Dragonite
|-enditem|p2a: Dragonite|Heavy-Duty Boots|[silent]|[from] move: Trick
|-item|p1a: Gholdengo|Heavy-Duty Boots|[from] move: Trick
|move|p2a: Dragonite|Dragon Dance|p2a: Dragonite
|-boost|p2a: Dragonite|atk|1
|-boost|p2a: Dragonite|spe|1
|
|upkeep
|turn|24
|
|t:|1781199519
|switch|p1a: Zamazenta|Zamazenta|100/100
|-ability|p1a: Zamazenta|Dauntless Shield|boost
|-boost|p1a: Zamazenta|def|1
|move|p2a: Dragonite|Dragon Dance|p2a: Dragonite
|-boost|p2a: Dragonite|atk|1
|-boost|p2a: Dragonite|spe|1
|
|upkeep
|turn|25
|
|t:|1781199522
|move|p2a: Dragonite|Earthquake|p1a: Zamazenta
|-damage|p1a: Zamazenta|55/100
|move|p1a: Zamazenta|Roar|p2a: Dragonite
|drag|p2a: Clefable|Clefable, F|100/100
|
|upkeep
|turn|26
|
|t:|1781199530
|move|p1a: Zamazenta|Heavy Slam|p2a: Clefable
|-supereffective|p2a: Clefable
|-damage|p2a: Clefable|37/100
|move|p2a: Clefable|Knock Off|p1a: Zamazenta
|-resisted|p1a: Zamazenta
|-damage|p1a: Zamazenta|51/100
|-enditem|p1a: Zamazenta|Heavy-Duty Boots|[from] move: Knock Off|[of] p2a: Clefable
|
|-heal|p2a: Clefable|43/100|[from] item: Leftovers
|upkeep
|turn|27
|
|t:|1781199537
|switch|p2a: Pecharunt|Pecharunt|100/100
|move|p1a: Zamazenta|Crunch|p2a: Pecharunt
|-supereffective|p2a: Pecharunt
|-damage|p2a: Pecharunt|74/100
|
|upkeep
|turn|28
|
|t:|1781199549
|switch|p2a: Dragonite|Dragonite, F|100/100
|-damage|p2a: Dragonite|76/100|[from] Stealth Rock
|move|p1a: Zamazenta|Crunch|p2a: Dragonite
|-damage|p2a: Dragonite|47/100
|
|upkeep
|turn|29
|
|t:|1781199557
|move|p1a: Zamazenta|Close Combat|p2a: Dragonite
|-resisted|p2a: Dragonite
|-crit|p2a: Dragonite
|-damage|p2a: Dragonite|7/100
|-unboost|p1a: Zamazenta|def|1
|-unboost|p1a: Zamazenta|spd|1
|move|p2a: Dragonite|Roost|p2a: Dragonite
|-heal|p2a: Dragonite|57/100
|-singleturn|p2a: Dragonite|move: Roost
|
|upkeep
|turn|30
|
|t:|1781199562
|move|p2a: Dragonite|Dragon Dance|p2a: Dragonite
|-boost|p2a: Dragonite|atk|1
|-boost|p2a: Dragonite|spe|1
|move|p1a: Zamazenta|Roar|p2a: Dragonite
|drag|p2a: Clefable|Clefable, F|43/100
|
|-heal|p2a: Clefable|49/100|[from] item: Leftovers
|upkeep
|turn|31
|
|t:|1781199572
|switch|p1a: Gholdengo|Gholdengo|97/100
|-terastallize|p2a: Clefable|Water
|move|p2a: Clefable|Moonblast|p1a: Gholdengo
|-resisted|p1a: Gholdengo
|-damage|p1a: Gholdengo|78/100
|
|-heal|p2a: Clefable|55/100|[from] item: Leftovers
|upkeep
|turn|32
|
|t:|1781199580
|move|p1a: Gholdengo|Shadow Ball|p2a: Clefable
|-damage|p2a: Clefable|12/100
|move|p2a: Clefable|Calm Mind|p2a: Clefable
|-boost|p2a: Clefable|spa|1
|-boost|p2a: Clefable|spd|1
|
|-heal|p2a: Clefable|18/100|[from] item: Leftovers
|upkeep
|turn|33
|
|t:|1781199586
|move|p1a: Gholdengo|Shadow Ball|p2a: Clefable
|-damage|p2a: Clefable|0 fnt
|faint|p2a: Clefable
|
|upkeep
|
|t:|1781199588
|switch|p2a: Dragonite|Dragonite, F|57/100
|-damage|p2a: Dragonite|32/100|[from] Stealth Rock
|turn|34
|
|t:|1781199592
|-terastallize|p1a: Gholdengo|Ghost
|move|p1a: Gholdengo|Shadow Ball|p2a: Dragonite
|-damage|p2a: Dragonite|0 fnt
|faint|p2a: Dragonite
|
|upkeep
|-message|jonuz forfeited.
|
|win|tokiwakano
|raw|tokiwakano's rating: 1738 &rarr; <strong>1757</strong><br />(+19 for winning)
|raw|jonuz's rating: 1729 &rarr; <strong>1710</strong><br />(-19 for losing)
|l|☆jonuz
|player|p2|
|l| RGC_SHADE
|l|☆tokiwakano
|player|p1|
