|j|☆Miurez
|j|‽lt_alt1
|t:|1780971407
|gametype|singles
|player|p1|Miurez|pokemonranger-gen4|1794
|player|p2|lt_alt1|170|1766
|gen|9
|tier|[Gen 9] OU
|rated|
|rule|HP Percentage Mod: HP is shown in percentages
|rule|Endless Battle Clause: Forcing endless battles is banned
|rule|Species Clause: Limit one of each Pokémon
|rule|OHKO Clause: OHKO moves are banned
|rule|Evasion Items Clause: Evasion items are banned
|rule|Evasion Moves Clause: Evasion moves are banned
|rule|Evasion Abilities Clause: Evasion abilities are banned
|rule|Sleep Moves Clause: Sleep-inducing moves are banned
|clearpoke
|poke|p1|Iron Moth|
|poke|p1|Gliscor, F|
|poke|p1|Hatterene, F|
|poke|p1|Ogerpon-Wellspring, F|
|poke|p1|Raging Bolt|
|poke|p1|Zamazenta-*|
|poke|p2|Darkrai|
|poke|p2|Slowking-Galar, F|
|poke|p2|Gholdengo|
|poke|p2|Iron Treads|
|poke|p2|Raging Bolt|
|poke|p2|Gliscor, M|
|teampreview
|
|t:|1780971426
|teamsize|p1|6
|teamsize|p2|6
|start
|switch|p1a: Zamazenta|Zamazenta|100/100
|switch|p2a: Slowking|Slowking-Galar, F|100/100
|-ability|p1a: Zamazenta|Dauntless Shield|boost
|-boost|p1a: Zamazenta|def|1
|turn|1
|
|t:|1780971435
|switch|p1a: Gliscor|Gliscor, F|100/100
|move|p2a: Slowking|Thunder Wave|p1a: Gliscor
|-immune|p1a: Gliscor
|
|-status|p1a: Gliscor|tox|[from] item: Toxic Orb
|upkeep
|turn|2
|
|t:|1780971450
|move|p1a: Gliscor|Swords Dance|p1a: Gliscor
|-boost|p1a: Gliscor|atk|2
|move|p2a: Slowking|Ice Beam|p1a: Gliscor
|-supereffective|p1a: Gliscor
|-damage|p1a: Gliscor|0 fnt
|faint|p1a: Gliscor
|
|upkeep
|
|t:|1780971466
|switch|p1a: Iron Moth|Iron Moth|100/100
|-enditem|p1a: Iron Moth|Booster Energy
|-activate|p1a: Iron Moth|ability: Quark Drive|[fromitem]
|-start|p1a: Iron Moth|quarkdrivespe
|turn|3
|
|t:|1780971471
|move|p1a: Iron Moth|Fiery Dance|p2a: Slowking
|-damage|p2a: Slowking|77/100
|move|p2a: Slowking|Future Sight|p1a: Iron Moth
|-start|p2a: Slowking|move: Future Sight
|
|-heal|p2a: Slowking|83/100|[from] item: Leftovers
|upkeep
|turn|4
|
|t:|1780971474
|move|p1a: Iron Moth|Fiery Dance|p2a: Slowking
|-damage|p2a: Slowking|56/100
|-boost|p1a: Iron Moth|spa|1
|move|p2a: Slowking|Thunder Wave|p1a: Iron Moth
|-status|p1a: Iron Moth|par
|
|-heal|p2a: Slowking|62/100|[from] item: Leftovers
|upkeep
|turn|5
|
|t:|1780971480
|move|p1a: Iron Moth|Fiery Dance|p2a: Slowking
|-damage|p2a: Slowking|22/100
|-prepare|p2a: Slowking|Chilly Reception|[premajor]
|move|p2a: Slowking|Chilly Reception|p2a: Slowking
|-weather|Snowscape
|
|t:|1780971491
|switch|p2a: Darkrai|Darkrai|100/100|[from] Chilly Reception
|
|-weather|Snowscape|[upkeep]
|-end|p1a: Iron Moth|move: Future Sight
|-supereffective|p1a: Iron Moth
|-damage|p1a: Iron Moth|17/100 par
|upkeep
|turn|6
|
|t:|1780971496
|move|p2a: Darkrai|Dark Pulse|p1a: Iron Moth
|-damage|p1a: Iron Moth|0 fnt
|faint|p1a: Iron Moth
|-end|p1a: Iron Moth|Quark Drive|[silent]
|
|-weather|Snowscape|[upkeep]
|upkeep
|
|t:|1780971505
|switch|p1a: Zamazenta|Zamazenta|100/100
|turn|7
|
|t:|1780971511
|switch|p2a: Gliscor|Gliscor, M|100/100
|move|p1a: Zamazenta|Close Combat|p2a: Gliscor
|-resisted|p2a: Gliscor
|-damage|p2a: Gliscor|81/100
|-unboost|p1a: Zamazenta|def|1
|-unboost|p1a: Zamazenta|spd|1
|
|-weather|Snowscape|[upkeep]
|-status|p2a: Gliscor|tox|[from] item: Toxic Orb
|upkeep
|turn|8
|
|t:|1780971516
|move|p1a: Zamazenta|Ice Fang|p2a: Gliscor
|-supereffective|p2a: Gliscor
|-damage|p2a: Gliscor|23/100 tox
|move|p2a: Gliscor|Toxic|p1a: Zamazenta
|-status|p1a: Zamazenta|tox
|
|-weather|Snowscape|[upkeep]
|-damage|p1a: Zamazenta|94/100 tox|[from] psn
|-heal|p2a: Gliscor|36/100 tox|[from] ability: Poison Heal
|upkeep
|turn|9
|
|t:|1780971521
|move|p1a: Zamazenta|Reflect|p1a: Zamazenta
|-sidestart|p1: Miurez|Reflect
|move|p2a: Gliscor|Toxic|p1a: Zamazenta|[miss]
|-miss|p2a: Gliscor|p1a: Zamazenta
|
|-weather|none
|-damage|p1a: Zamazenta|82/100 tox|[from] psn
|-heal|p2a: Gliscor|48/100 tox|[from] ability: Poison Heal
|upkeep
|turn|10
|
|t:|1780971526
|move|p1a: Zamazenta|Light Screen|p1a: Zamazenta
|-sidestart|p1: Miurez|move: Light Screen
|move|p2a: Gliscor|Spikes|p1a: Zamazenta
|-sidestart|p1: Miurez|Spikes
|
|-damage|p1a: Zamazenta|64/100 tox|[from] psn
|-heal|p2a: Gliscor|60/100 tox|[from] ability: Poison Heal
|upkeep
|turn|11
|
|t:|1780971531
|switch|p1a: Hatterene|Hatterene, F|100/100
|-damage|p1a: Hatterene|88/100|[from] Spikes
|move|p2a: Gliscor|Toxic|p1a: Hatterene
|move|p1a: Hatterene|Toxic|p2a: Gliscor|[from] ability: Magic Bounce
|-fail|p2a: Gliscor|tox
|
|-heal|p1a: Hatterene|94/100|[from] item: Leftovers
|-heal|p2a: Gliscor|73/100 tox|[from] ability: Poison Heal
|upkeep
|turn|12
|
|t:|1780971535
|switch|p2a: Gholdengo|Gholdengo|100/100
|move|p1a: Hatterene|Calm Mind|p1a: Hatterene
|-boost|p1a: Hatterene|spa|1
|-boost|p1a: Hatterene|spd|1
|
|-heal|p1a: Hatterene|99/100|[from] item: Leftovers
|upkeep
|turn|13
|
|t:|1780971539
|switch|p1a: Ogerpon|Ogerpon-Wellspring, F|100/100
|-damage|p1a: Ogerpon|88/100|[from] Spikes
|move|p2a: Gholdengo|Trick||[still]
|-fail|p2a: Gholdengo
|
|upkeep
|turn|14
|
|t:|1780971545
|switch|p2a: Gliscor|Gliscor, M|73/100 tox
|move|p1a: Ogerpon|Swords Dance|p1a: Ogerpon
|-boost|p1a: Ogerpon|atk|2
|
|-heal|p2a: Gliscor|85/100 tox|[from] ability: Poison Heal
|upkeep
|turn|15
|
|t:|1780971549
|-terastallize|p2a: Gliscor|Water
|move|p1a: Ogerpon|Ivy Cudgel|p2a: Gliscor|[anim] Ivy Cudgel Water
|-resisted|p2a: Gliscor
|-damage|p2a: Gliscor|38/100 tox
|move|p2a: Gliscor|Toxic|p1a: Ogerpon
|-status|p1a: Ogerpon|tox
|
|-damage|p1a: Ogerpon|82/100 tox|[from] psn
|-heal|p2a: Gliscor|50/100 tox|[from] ability: Poison Heal
|upkeep
|turn|16
|
|t:|1780971556
|switch|p1a: Hatterene|Hatterene, F|99/100
|-damage|p1a: Hatterene|88/100|[from] Spikes
|move|p2a: Gliscor|Protect||[still]
|-fail|p2a: Gliscor
|
|-heal|p1a: Hatterene|94/100|[from] item: Leftovers
|-heal|p2a: Gliscor|63/100 tox|[from] ability: Poison Heal
|-sideend|p1: Miurez|Reflect
|upkeep
|turn|17
|
|t:|1780971561
|switch|p2a: Gholdengo|Gholdengo|100/100
|move|p1a: Hatterene|Calm Mind|p1a: Hatterene
|-boost|p1a: Hatterene|spa|1
|-boost|p1a: Hatterene|spd|1
|
|-heal|p1a: Hatterene|99/100|[from] item: Leftovers
|-sideend|p1: Miurez|move: Light Screen
|upkeep
|turn|18
|
|t:|1780971565
|switch|p1a: Ogerpon|Ogerpon-Wellspring, F|82/100 tox
|-damage|p1a: Ogerpon|70/100 tox|[from] Spikes
|move|p2a: Gholdengo|Make It Rain|p1a: Ogerpon
|-resisted|p1a: Ogerpon
|-damage|p1a: Ogerpon|32/100 tox
|-unboost|p2a: Gholdengo|spa|1
|
|-damage|p1a: Ogerpon|26/100 tox|[from] psn
|upkeep
|turn|19
|
|t:|1780971577
|switch|p2a: Gliscor|Gliscor, M, tera:Water|63/100 tox
|move|p1a: Ogerpon|Ivy Cudgel|p2a: Gliscor|[anim] Ivy Cudgel Water
|-resisted|p2a: Gliscor
|-damage|p2a: Gliscor|36/100 tox
|
|-damage|p1a: Ogerpon|14/100 tox|[from] psn
|-heal|p2a: Gliscor|49/100 tox|[from] ability: Poison Heal
|upkeep
|turn|20
|
|t:|1780971585
|move|p2a: Gliscor|Protect|p2a: Gliscor
|-singleturn|p2a: Gliscor|Protect
|move|p1a: Ogerpon|Trailblaze|p2a: Gliscor
|-activate|p2a: Gliscor|move: Protect
|
|-damage|p1a: Ogerpon|0 fnt|[from] psn
|faint|p1a: Ogerpon
|-heal|p2a: Gliscor|61/100 tox|[from] ability: Poison Heal
|upkeep
|
|t:|1780971593
|switch|p1a: Raging Bolt|Raging Bolt|100/100
|-damage|p1a: Raging Bolt|88/100|[from] Spikes
|-enditem|p1a: Raging Bolt|Booster Energy
|-activate|p1a: Raging Bolt|ability: Protosynthesis|[fromitem]
|-start|p1a: Raging Bolt|protosynthesisspa
|turn|21
|
|t:|1780971598
|move|p1a: Raging Bolt|Thunderbolt|p2a: Gliscor
|-supereffective|p2a: Gliscor
|-damage|p2a: Gliscor|0 fnt
|faint|p2a: Gliscor
|
|upkeep
|
|t:|1780971601
|switch|p2a: Iron Treads|Iron Treads|100/100
|turn|22
|
|t:|1780971603
|-end|p1a: Raging Bolt|Protosynthesis|[silent]
|switch|p1a: Zamazenta|Zamazenta|64/100 tox
|-damage|p1a: Zamazenta|52/100 tox|[from] Spikes
|move|p2a: Iron Treads|Earthquake|p1a: Zamazenta
|-damage|p1a: Zamazenta|22/100 tox
|
|-damage|p1a: Zamazenta|16/100 tox|[from] psn
|upkeep
|turn|23
|
|t:|1780971607
|move|p1a: Zamazenta|Close Combat|p2a: Iron Treads
|-supereffective|p2a: Iron Treads
|-damage|p2a: Iron Treads|22/100
|-unboost|p1a: Zamazenta|def|1
|-unboost|p1a: Zamazenta|spd|1
|move|p2a: Iron Treads|Rapid Spin|p1a: Zamazenta
|-damage|p1a: Zamazenta|0 fnt
|-boost|p2a: Iron Treads|spe|1
|faint|p1a: Zamazenta
|
|upkeep
|
|t:|1780971612
|switch|p1a: Hatterene|Hatterene, F|99/100
|-damage|p1a: Hatterene|88/100|[from] Spikes
|turn|24
|
|t:|1780971619
|-end|p2a: Iron Treads|Quark Drive|[silent]
|switch|p2a: Gholdengo|Gholdengo|100/100
|move|p1a: Hatterene|Mystical Fire|p2a: Gholdengo
|-supereffective|p2a: Gholdengo
|-damage|p2a: Gholdengo|45/100
|-unboost|p2a: Gholdengo|spa|1
|
|-heal|p1a: Hatterene|94/100|[from] item: Leftovers
|upkeep
|turn|25
|
|t:|1780971627
|switch|p1a: Raging Bolt|Raging Bolt|88/100
|-damage|p1a: Raging Bolt|76/100|[from] Spikes
|move|p2a: Gholdengo|Shadow Ball|p1a: Raging Bolt
|-damage|p1a: Raging Bolt|50/100
|
|upkeep
|turn|26
|
|t:|1780971632
|switch|p2a: Slowking|Slowking-Galar, F|55/100
|move|p1a: Raging Bolt|Dragon Pulse|p2a: Slowking
|-damage|p2a: Slowking|21/100
|
|-heal|p2a: Slowking|27/100|[from] item: Leftovers
|upkeep
|turn|27
|
|t:|1780971638
|move|p1a: Raging Bolt|Dragon Pulse|p2a: Slowking
|-damage|p2a: Slowking|0 fnt
|faint|p2a: Slowking
|
|upkeep
|
|t:|1780971640
|switch|p2a: Iron Treads|Iron Treads|22/100
|turn|28
|
|t:|1780971656
|move|p2a: Iron Treads|Earthquake|p1a: Raging Bolt
|-supereffective|p1a: Raging Bolt
|-damage|p1a: Raging Bolt|0 fnt
|faint|p1a: Raging Bolt
|-end|p1a: Raging Bolt|Protosynthesis|[silent]
|
|upkeep
|
|t:|1780971658
|switch|p1a: Hatterene|Hatterene, F|94/100
|-damage|p1a: Hatterene|81/100|[from] Spikes
|turn|29
|
|t:|1780971664
|move|p2a: Iron Treads|Earthquake|p1a: Hatterene
|-damage|p1a: Hatterene|51/100
|move|p1a: Hatterene|Calm Mind|p1a: Hatterene
|-boost|p1a: Hatterene|spa|1
|-boost|p1a: Hatterene|spd|1
|
|-heal|p1a: Hatterene|57/100|[from] item: Leftovers
|upkeep
|turn|30
|
|t:|1780971672
|move|p2a: Iron Treads|Earthquake|p1a: Hatterene
|-damage|p1a: Hatterene|23/100
|move|p1a: Hatterene|Draining Kiss|p2a: Iron Treads
|-resisted|p2a: Iron Treads
|-damage|p2a: Iron Treads|0 fnt
|-heal|p1a: Hatterene|43/100|[from] drain|[of] p2a: Iron Treads
|faint|p2a: Iron Treads
|-end|p2a: Iron Treads|Quark Drive|[silent]
|
|-heal|p1a: Hatterene|49/100|[from] item: Leftovers
|upkeep
|
|t:|1780971677
|switch|p2a: Gholdengo|Gholdengo|45/100
|turn|31
|
|t:|1780971683
|-terastallize|p1a: Hatterene|Water
|move|p2a: Gholdengo|Trick|p1a: Hatterene
|-activate|p2a: Gholdengo|move: Trick|[of] p1a: Hatterene
|-item|p1a: Hatterene|Choice Scarf|[from] move: Trick
|-item|p2a: Gholdengo|Leftovers|[from] move: Trick
|move|p1a: Hatterene|Calm Mind|p1a: Hatterene
|-boost|p1a: Hatterene|spa|1
|-boost|p1a: Hatterene|spd|1
|
|-heal|p2a: Gholdengo|51/100|[from] item: Leftovers
|upkeep
|turn|32
|
|t:|1780971686
|move|p2a: Gholdengo|Nasty Plot|p2a: Gholdengo
|-boost|p2a: Gholdengo|spa|2
|move|p1a: Hatterene|Calm Mind|p1a: Hatterene
|-boost|p1a: Hatterene|spa|1
|-boost|p1a: Hatterene|spd|1
|
|-heal|p2a: Gholdengo|57/100|[from] item: Leftovers
|upkeep
|turn|33
|
|t:|1780971689
|move|p2a: Gholdengo|Shadow Ball|p1a: Hatterene
|-damage|p1a: Hatterene|13/100
|move|p1a: Hatterene|Calm Mind|p1a: Hatterene
|-boost|p1a: Hatterene|spa|1
|-boost|p1a: Hatterene|spd|1
|
|-heal|p2a: Gholdengo|63/100|[from] item: Leftovers
|upkeep
|turn|34
|
|t:|1780971692
|move|p2a: Gholdengo|Shadow Ball|p1a: Hatterene
|-damage|p1a: Hatterene|0 fnt
|faint|p1a: Hatterene
|
|win|lt_alt1
|raw|Miurez's rating: 1794 &rarr; <strong>1772</strong><br />(-22 for losing)
|raw|lt_alt1's rating: 1766 &rarr; <strong>1788</strong><br />(+22 for winning)
|l|☆Miurez
|player|p1|
