|j|☆SlimyTime
|j|☆ORAS_appreciater
|t:|1781302058
|gametype|singles
|player|p1|SlimyTime|ltsurge|1690
|player|p2|ORAS_appreciater|ethan|1597
|gen|9
|tier|[Gen 9] OU
|rated|
|rule|HP Percentage Mod: HP is shown in percentages
|rule|Endless Battle Clause: Forcing endless battles is banned
|rule|Species Clause: Limit one of each Pokémon
|rule|OHKO Clause: OHKO moves are banned
|rule|Evasion Items Clause: Evasion items are banned
|rule|Evasion Moves Clause: Evasion moves are banned
|rule|Evasion Abilities Clause: Evasion abilities are banned
|rule|Sleep Moves Clause: Sleep-inducing moves are banned
|clearpoke
|poke|p1|Ursaluna, M|
|poke|p1|Rillaboom, M|
|poke|p1|Heatran, F|
|poke|p1|Primarina, M|
|poke|p1|Corviknight, M|
|poke|p1|Darkrai|
|poke|p2|Hydreigon, M|
|poke|p2|Landorus-Therian, M|
|poke|p2|Gholdengo|
|poke|p2|Zamazenta-*|
|poke|p2|Great Tusk|
|poke|p2|Primarina, F|
|teampreview
|inactive|Battle timer is ON: inactive players will automatically lose when time's up. (requested by ORAS_appreciater)
|
|t:|1781302082
|teamsize|p1|6
|teamsize|p2|6
|start
|switch|p1a: Primarina|Primarina, M|100/100
|switch|p2a: Landorus|Landorus-Therian, M|100/100
|-ability|p2a: Landorus|Intimidate|boost
|-unboost|p1a: Primarina|atk|1
|turn|1
|
|t:|1781302089
|move|p2a: Landorus|U-turn|p1a: Primarina
|-resisted|p1a: Primarina
|-damage|p1a: Primarina|86/100
|
|t:|1781302092
|switch|p2a: Gholdengo|Gholdengo|100/100|[from] U-turn
|move|p1a: Primarina|Substitute|p1a: Primarina
|-start|p1a: Primarina|Substitute
|-damage|p1a: Primarina|61/100
|
|-heal|p1a: Primarina|67/100|[from] item: Leftovers
|upkeep
|turn|2
|
|t:|1781302096
|move|p2a: Gholdengo|Shadow Ball|p1a: Primarina
|-end|p1a: Primarina|Substitute
|move|p1a: Primarina|Calm Mind|p1a: Primarina
|-boost|p1a: Primarina|spa|1
|-boost|p1a: Primarina|spd|1
|
|-heal|p1a: Primarina|73/100|[from] item: Leftovers
|upkeep
|turn|3
|
|t:|1781302102
|move|p2a: Gholdengo|Shadow Ball|p1a: Primarina
|-damage|p1a: Primarina|54/100
|move|p1a: Primarina|Calm Mind|p1a: Primarina
|-boost|p1a: Primarina|spa|1
|-boost|p1a: Primarina|spd|1
|
|-heal|p1a: Primarina|60/100|[from] item: Leftovers
|upkeep
|turn|4
|
|t:|1781302109
|move|p2a: Gholdengo|Shadow Ball|p1a: Primarina
|-damage|p1a: Primarina|45/100
|move|p1a: Primarina|Draining Kiss|p2a: Gholdengo
|-resisted|p2a: Gholdengo
|-damage|p2a: Gholdengo|72/100
|-heal|p1a: Primarina|67/100|[from] drain|[of] p2a: Gholdengo
|
|-heal|p1a: Primarina|73/100|[from] item: Leftovers
|upkeep
|turn|5
|
|t:|1781302113
|move|p2a: Gholdengo|Nasty Plot|p2a: Gholdengo
|-boost|p2a: Gholdengo|spa|2
|move|p1a: Primarina|Calm Mind|p1a: Primarina
|-boost|p1a: Primarina|spa|1
|-boost|p1a: Primarina|spd|1
|
|-heal|p1a: Primarina|79/100|[from] item: Leftovers
|upkeep
|turn|6
|
|t:|1781302117
|move|p2a: Gholdengo|Nasty Plot|p2a: Gholdengo
|-boost|p2a: Gholdengo|spa|2
|move|p1a: Primarina|Draining Kiss|p2a: Gholdengo
|-resisted|p2a: Gholdengo
|-damage|p2a: Gholdengo|38/100
|-heal|p1a: Primarina|100/100|[from] drain|[of] p2a: Gholdengo
|
|upkeep
|turn|7
|
|t:|1781302120
|move|p2a: Gholdengo|Shadow Ball|p1a: Primarina
|-damage|p1a: Primarina|64/100
|move|p1a: Primarina|Draining Kiss|p2a: Gholdengo
|-resisted|p2a: Gholdengo
|-damage|p2a: Gholdengo|4/100
|-heal|p1a: Primarina|91/100|[from] drain|[of] p2a: Gholdengo
|
|-heal|p1a: Primarina|97/100|[from] item: Leftovers
|upkeep
|turn|8
|
|t:|1781302124
|move|p2a: Gholdengo|Shadow Ball|p1a: Primarina
|-damage|p1a: Primarina|60/100
|move|p1a: Primarina|Draining Kiss|p2a: Gholdengo
|-resisted|p2a: Gholdengo
|-damage|p2a: Gholdengo|0 fnt
|-heal|p1a: Primarina|63/100|[from] drain|[of] p2a: Gholdengo
|faint|p2a: Gholdengo
|
|-heal|p1a: Primarina|69/100|[from] item: Leftovers
|upkeep
|
|t:|1781302136
|switch|p2a: Landorus|Landorus-Therian, M|100/100
|-ability|p2a: Landorus|Intimidate|boost
|-unboost|p1a: Primarina|atk|1
|turn|9
|
|t:|1781302140
|move|p2a: Landorus|Earthquake|p1a: Primarina
|-damage|p1a: Primarina|3/100
|move|p1a: Primarina|Psychic Noise|p2a: Landorus
|-supereffective|p2a: Landorus
|-damage|p2a: Landorus|0 fnt
|faint|p2a: Landorus
|
|-heal|p1a: Primarina|9/100|[from] item: Leftovers
|upkeep
|
|t:|1781302152
|switch|p2a: Great Tusk|Great Tusk|100/100
|turn|10
|
|t:|1781302157
|move|p2a: Great Tusk|Rapid Spin|p1a: Primarina
|-damage|p1a: Primarina|0 fnt
|-boost|p2a: Great Tusk|spe|1
|faint|p1a: Primarina
|
|upkeep
|
|t:|1781302161
|switch|p1a: Corviknight|Corviknight, M|100/100
|-ability|p1a: Corviknight|Pressure
|turn|11
|
|t:|1781302170
|-end|p2a: Great Tusk|Protosynthesis|[silent]
|switch|p2a: Hydreigon|Hydreigon, M|100/100
|move|p1a: Corviknight|U-turn|p2a: Hydreigon
|-supereffective|p2a: Hydreigon
|-damage|p2a: Hydreigon|65/100
|
|t:|1781302173
|switch|p1a: Darkrai|Darkrai|100/100|[from] U-turn
|
|upkeep
|turn|12
|
|t:|1781302178
|switch|p2a: Primarina|Primarina, F|100/100
|move|p1a: Darkrai|Ice Beam|p2a: Primarina
|-resisted|p2a: Primarina
|-damage|p2a: Primarina|91/100
|
|upkeep
|turn|13
|
|t:|1781302187
|switch|p1a: Rillaboom|Rillaboom, M|100/100
|-fieldstart|move: Grassy Terrain|[from] ability: Grassy Surge|[of] p1a: Rillaboom
|move|p2a: Primarina|Flip Turn|p1a: Rillaboom
|-resisted|p1a: Rillaboom
|-damage|p1a: Rillaboom|93/100
|
|t:|1781302194
|switch|p2a: Great Tusk|Great Tusk|100/100|[from] Flip Turn
|
|-heal|p1a: Rillaboom|99/100|[from] Grassy Terrain
|upkeep
|turn|14
|
|t:|1781302197
|switch|p1a: Corviknight|Corviknight, M|100/100
|-ability|p1a: Corviknight|Pressure
|move|p2a: Great Tusk|Ice Spinner|p1a: Corviknight
|-damage|p1a: Corviknight|86/100
|-damage|p2a: Great Tusk|84/100|[from] item: Rocky Helmet|[of] p1a: Corviknight
|-fieldend|move: Grassy Terrain
|
|upkeep
|turn|15
|
|t:|1781302200
|move|p2a: Great Tusk|Stealth Rock|p1a: Corviknight
|-sidestart|p1: SlimyTime|move: Stealth Rock
|move|p1a: Corviknight|U-turn|p2a: Great Tusk
|-resisted|p2a: Great Tusk
|-damage|p2a: Great Tusk|79/100
|
|t:|1781302203
|switch|p1a: Darkrai|Darkrai|100/100|[from] U-turn
|-damage|p1a: Darkrai|88/100|[from] Stealth Rock
|
|upkeep
|turn|16
|
|t:|1781302212
|-end|p2a: Great Tusk|Protosynthesis|[silent]
|switch|p2a: Primarina|Primarina, F|91/100
|move|p1a: Darkrai|Sludge Bomb|p2a: Primarina
|-supereffective|p2a: Primarina
|-crit|p2a: Primarina
|-damage|p2a: Primarina|19/100
|
|upkeep
|turn|17
|
|t:|1781302216
|move|p1a: Darkrai|Sludge Bomb|p2a: Primarina
|-supereffective|p2a: Primarina
|-damage|p2a: Primarina|0 fnt
|faint|p2a: Primarina
|
|upkeep
|
|t:|1781302219
|switch|p2a: Zamazenta|Zamazenta|100/100
|-ability|p2a: Zamazenta|Dauntless Shield|boost
|-boost|p2a: Zamazenta|def|1
|turn|18
|
|t:|1781302228
|move|p2a: Zamazenta|Iron Defense|p2a: Zamazenta
|-boost|p2a: Zamazenta|def|2
|move|p1a: Darkrai|Sludge Bomb|p2a: Zamazenta
|-damage|p2a: Zamazenta|75/100
|
|upkeep
|turn|19
|
|t:|1781302233
|switch|p1a: Corviknight|Corviknight, M|86/100
|-damage|p1a: Corviknight|74/100|[from] Stealth Rock
|-ability|p1a: Corviknight|Pressure
|move|p2a: Zamazenta|Body Press|p1a: Corviknight
|-damage|p1a: Corviknight|28/100
|-damage|p2a: Zamazenta|58/100|[from] item: Rocky Helmet|[of] p1a: Corviknight
|
|upkeep
|turn|20
|
|t:|1781302237
|move|p2a: Zamazenta|Body Press|p1a: Corviknight
|-damage|p1a: Corviknight|0 fnt
|-damage|p2a: Zamazenta|42/100|[from] item: Rocky Helmet|[of] p1a: Corviknight
|faint|p1a: Corviknight
|
|upkeep
|
|t:|1781302244
|switch|p1a: Darkrai|Darkrai|88/100
|-damage|p1a: Darkrai|76/100|[from] Stealth Rock
|turn|21
|
|t:|1781302255
|-terastallize|p1a: Darkrai|Poison
|move|p2a: Zamazenta|Body Press|p1a: Darkrai
|-resisted|p1a: Darkrai
|-damage|p1a: Darkrai|18/100
|move|p1a: Darkrai|Sludge Bomb|p2a: Zamazenta
|-damage|p2a: Zamazenta|3/100
|
|upkeep
|turn|22
|
|t:|1781302267
|switch|p1a: Heatran|Heatran, F|100/100
|-damage|p1a: Heatran|88/100|[from] Stealth Rock
|move|p2a: Zamazenta|Rest|p2a: Zamazenta
|-status|p2a: Zamazenta|slp|[from] move: Rest
|-heal|p2a: Zamazenta|100/100 slp|[silent]
|-enditem|p2a: Zamazenta|Chesto Berry|[eat]
|-curestatus|p2a: Zamazenta|slp|[msg]
|
|-heal|p1a: Heatran|94/100|[from] item: Leftovers
|upkeep
|turn|23
|
|t:|1781302272
|move|p2a: Zamazenta|Body Press|p1a: Heatran
|-supereffective|p1a: Heatran
|-damage|p1a: Heatran|0 fnt
|faint|p1a: Heatran
|
|upkeep
|-message|SlimyTime forfeited.
|
|win|ORAS_appreciater
|raw|SlimyTime's rating: 1690 &rarr; <strong>1665</strong><br />(-25 for losing)
|raw|ORAS_appreciater's rating: 1597 &rarr; <strong>1622</strong><br />(+25 for winning)
|l|☆SlimyTime
|player|p1|
|l|☆ORAS_appreciater
|player|p2|
