|badge|p1|silver|gen9ou|30-9
|uhtml|medal-msg|<div class="broadcast-blue">Curious what those medals under the avatar are? PS now has Ladder Seasons! For more information, check out the <a href="https://www.smogon.com/forums/threads/3740067/">thread on Smogon.</a></div>
|j|☆AnonymousJon
|j|☆icylikedecember
|t:|1781403341
|gametype|singles
|player|p1|AnonymousJon|workerice|1926
|player|p2|icylikedecember|smasher|1788
|gen|9
|tier|[Gen 9] OU
|rated|
|rule|HP Percentage Mod: HP is shown in percentages
|rule|Endless Battle Clause: Forcing endless battles is banned
|rule|Species Clause: Limit one of each Pokémon
|rule|OHKO Clause: OHKO moves are banned
|rule|Evasion Items Clause: Evasion items are banned
|rule|Evasion Moves Clause: Evasion moves are banned
|rule|Evasion Abilities Clause: Evasion abilities are banned
|rule|Sleep Moves Clause: Sleep-inducing moves are banned
|clearpoke
|poke|p1|Great Tusk|
|poke|p1|Ogerpon-Cornerstone, F|
|poke|p1|Rillaboom, F|
|poke|p1|Tyranitar, M|
|poke|p1|Corviknight, F|
|poke|p1|Dragapult, F|
|poke|p2|Corviknight, M|
|poke|p2|Slowking-Galar, M|
|poke|p2|Darkrai|
|poke|p2|Kyurem|
|poke|p2|Zamazenta-*|
|poke|p2|Crawdaunt, M|
|teampreview
|inactive|Battle timer is ON: inactive players will automatically lose when time's up. (requested by AnonymousJon)
|
|t:|1781403361
|teamsize|p1|6
|teamsize|p2|6
|start
|switch|p1a: Great Tusk|Great Tusk|100/100
|switch|p2a: Corviknight|Corviknight, M, shiny|100/100
|-ability|p2a: Corviknight|Pressure
|turn|1
|
|t:|1781403366
|-end|p1a: Great Tusk|Protosynthesis|[silent]
|switch|p1a: Corviknight|Corviknight, F|100/100
|-ability|p1a: Corviknight|Pressure
|move|p2a: Corviknight|Brave Bird|p1a: Corviknight
|-resisted|p1a: Corviknight
|-damage|p1a: Corviknight|90/100
|-damage|p2a: Corviknight|84/100|[from] item: Rocky Helmet|[of] p1a: Corviknight
|-damage|p2a: Corviknight|80/100|[from] Recoil
|
|upkeep
|turn|2
|
|t:|1781403376
|move|p2a: Corviknight|U-turn|p1a: Corviknight
|-resisted|p1a: Corviknight
|-damage|p1a: Corviknight|88/100
|-damage|p2a: Corviknight|64/100|[from] item: Rocky Helmet|[of] p1a: Corviknight
|
|t:|1781403380
|switch|p2a: Slowking|Slowking-Galar, M, shiny|100/100|[from] U-turn
|move|p1a: Corviknight|Body Press|p2a: Slowking
|-resisted|p2a: Slowking
|-damage|p2a: Slowking|93/100
|
|upkeep
|turn|3
|
|t:|1781403385
|move|p1a: Corviknight|Brave Bird|p2a: Slowking
|-damage|p2a: Slowking|53/100
|-damage|p1a: Corviknight|75/100|[from] Recoil
|move|p2a: Slowking|Sludge Bomb|p1a: Corviknight
|-immune|p1a: Corviknight
|
|upkeep
|turn|4
|
|t:|1781403392
|move|p1a: Corviknight|U-turn|p2a: Slowking
|-crit|p2a: Slowking
|-damage|p2a: Slowking|29/100
|
|t:|1781403394
|switch|p1a: Tyranitar|Tyranitar, M|100/100|[from] U-turn
|-weather|Sandstorm|[from] ability: Sand Stream|[of] p1a: Tyranitar
|move|p2a: Slowking|Flamethrower|p1a: Tyranitar
|-resisted|p1a: Tyranitar
|-damage|p1a: Tyranitar|94/100
|
|-weather|Sandstorm|[upkeep]
|-damage|p2a: Slowking|23/100|[from] Sandstorm
|-heal|p1a: Tyranitar|100/100|[from] item: Leftovers
|upkeep
|turn|5
|
|t:|1781403398
|switch|p2a: Corviknight|Corviknight, M, shiny|64/100
|-ability|p2a: Corviknight|Pressure
|move|p1a: Tyranitar|Stealth Rock|p2a: Corviknight
|-sidestart|p2: icylikedecember|move: Stealth Rock
|
|-weather|Sandstorm|[upkeep]
|upkeep
|turn|6
|
|t:|1781403405
|move|p2a: Corviknight|Defog|p1a: Tyranitar
|-unboost|p1a: Tyranitar|evasion|1
|-sideend|p2: icylikedecember|Stealth Rock|[from] move: Defog|[of] p2a: Corviknight
|move|p1a: Tyranitar|Knock Off|p2a: Corviknight
|-damage|p2a: Corviknight|38/100
|-damage|p1a: Tyranitar|84/100|[from] item: Rocky Helmet|[of] p2a: Corviknight
|-enditem|p2a: Corviknight|Rocky Helmet|[from] move: Knock Off|[of] p1a: Tyranitar
|
|-weather|Sandstorm|[upkeep]
|-heal|p1a: Tyranitar|90/100|[from] item: Leftovers
|upkeep
|turn|7
|
|t:|1781403409
|switch|p1a: Dragapult|Dragapult, F|100/100
|move|p2a: Corviknight|Roost|p2a: Corviknight
|-heal|p2a: Corviknight|88/100
|-singleturn|p2a: Corviknight|move: Roost
|
|-weather|Sandstorm|[upkeep]
|-damage|p1a: Dragapult|94/100|[from] Sandstorm
|-heal|p1a: Dragapult|100/100|[from] item: Leftovers
|upkeep
|turn|8
|
|t:|1781403413
|switch|p2a: Slowking|Slowking-Galar, M, shiny|56/100
|move|p1a: Dragapult|Will-O-Wisp|p2a: Slowking
|-status|p2a: Slowking|brn
|
|-weather|none
|-damage|p2a: Slowking|50/100 brn|[from] brn
|upkeep
|turn|9
|
|t:|1781403419
|switch|p2a: Darkrai|Darkrai|100/100
|move|p1a: Dragapult|Hex|p2a: Darkrai
|-resisted|p2a: Darkrai
|-damage|p2a: Darkrai|82/100
|
|upkeep
|turn|10
|
|t:|1781403424
|switch|p1a: Tyranitar|Tyranitar, M|90/100
|-weather|Sandstorm|[from] ability: Sand Stream|[of] p1a: Tyranitar
|move|p2a: Darkrai|Focus Blast|p1a: Tyranitar
|-supereffective|p1a: Tyranitar
|-damage|p1a: Tyranitar|3/100
|
|-weather|Sandstorm|[upkeep]
|-damage|p2a: Darkrai|76/100|[from] Sandstorm
|-heal|p1a: Tyranitar|9/100|[from] item: Leftovers
|upkeep
|turn|11
|
|t:|1781403430
|switch|p1a: Great Tusk|Great Tusk|100/100
|move|p2a: Darkrai|Dark Pulse|p1a: Great Tusk
|-resisted|p1a: Great Tusk
|-damage|p1a: Great Tusk|87/100
|
|-weather|Sandstorm|[upkeep]
|-damage|p2a: Darkrai|70/100|[from] Sandstorm
|upkeep
|turn|12
|
|t:|1781403432
|switch|p2a: Corviknight|Corviknight, M, shiny|88/100
|-ability|p2a: Corviknight|Pressure
|move|p1a: Great Tusk|Headlong Rush|p2a: Corviknight
|-immune|p2a: Corviknight
|
|-weather|Sandstorm|[upkeep]
|upkeep
|turn|13
|
|t:|1781403438
|move|p1a: Great Tusk|Temper Flare|p2a: Corviknight
|-supereffective|p2a: Corviknight
|-damage|p2a: Corviknight|30/100
|move|p2a: Corviknight|U-turn|p1a: Great Tusk
|-resisted|p1a: Great Tusk
|-damage|p1a: Great Tusk|82/100
|
|t:|1781403441
|switch|p2a: Kyurem|Kyurem|100/100|[from] U-turn
|-ability|p2a: Kyurem|Pressure
|
|-weather|Sandstorm|[upkeep]
|-damage|p2a: Kyurem|94/100|[from] Sandstorm
|upkeep
|turn|14
|
|t:|1781403448
|-end|p1a: Great Tusk|Protosynthesis|[silent]
|switch|p1a: Tyranitar|Tyranitar, M|9/100
|move|p2a: Kyurem|Ice Beam|p1a: Tyranitar
|-damage|p1a: Tyranitar|0 fnt
|faint|p1a: Tyranitar
|
|-weather|none
|upkeep
|
|t:|1781403450
|switch|p1a: Ogerpon|Ogerpon-Cornerstone, F|100/100
|turn|15
|
|t:|1781403453
|switch|p2a: Corviknight|Corviknight, M, shiny|30/100
|-ability|p2a: Corviknight|Pressure
|move|p1a: Ogerpon|Ivy Cudgel|p2a: Corviknight|[anim] Ivy Cudgel Rock
|-damage|p2a: Corviknight|0 fnt
|faint|p2a: Corviknight
|
|upkeep
|
|t:|1781403458
|switch|p2a: Zamazenta|Zamazenta|100/100
|-ability|p2a: Zamazenta|Dauntless Shield|boost
|-boost|p2a: Zamazenta|def|1
|turn|16
|
|t:|1781403466
|switch|p1a: Corviknight|Corviknight, F|75/100
|-ability|p1a: Corviknight|Pressure
|move|p2a: Zamazenta|Iron Defense|p2a: Zamazenta
|-boost|p2a: Zamazenta|def|2
|
|upkeep
|turn|17
|
|t:|1781403470
|switch|p1a: Dragapult|Dragapult, F|100/100
|move|p2a: Zamazenta|Body Press|p1a: Dragapult
|-immune|p1a: Dragapult
|
|upkeep
|turn|18
|
|t:|1781403472
|-terastallize|p2a: Zamazenta|Fire
|move|p1a: Dragapult|Will-O-Wisp|p2a: Zamazenta
|-immune|p2a: Zamazenta
|move|p2a: Zamazenta|Crunch|p1a: Dragapult
|-supereffective|p1a: Dragapult
|-damage|p1a: Dragapult|37/100
|
|-heal|p1a: Dragapult|43/100|[from] item: Leftovers
|upkeep
|turn|19
|
|t:|1781403480
|switch|p1a: Corviknight|Corviknight, F|75/100
|-ability|p1a: Corviknight|Pressure
|move|p2a: Zamazenta|Crunch|p1a: Corviknight
|-damage|p1a: Corviknight|62/100
|-damage|p2a: Zamazenta|84/100|[from] item: Rocky Helmet|[of] p1a: Corviknight
|
|-heal|p2a: Zamazenta|90/100|[from] item: Leftovers
|upkeep
|turn|20
|
|t:|1781403486
|move|p2a: Zamazenta|Iron Defense|p2a: Zamazenta
|-boost|p2a: Zamazenta|def|2
|move|p1a: Corviknight|Brave Bird|p2a: Zamazenta
|-damage|p2a: Zamazenta|82/100
|-damage|p1a: Corviknight|60/100|[from] Recoil
|
|-heal|p2a: Zamazenta|88/100|[from] item: Leftovers
|upkeep
|turn|21
|
|t:|1781403491
|move|p2a: Zamazenta|Body Press|p1a: Corviknight
|-damage|p1a: Corviknight|0 fnt
|-damage|p2a: Zamazenta|71/100|[from] item: Rocky Helmet|[of] p1a: Corviknight
|faint|p1a: Corviknight
|
|-heal|p2a: Zamazenta|78/100|[from] item: Leftovers
|upkeep
|
|t:|1781403498
|switch|p1a: Great Tusk|Great Tusk|82/100
|turn|22
|
|t:|1781403500
|move|p2a: Zamazenta|Body Press|p1a: Great Tusk
|-damage|p1a: Great Tusk|3/100
|move|p1a: Great Tusk|Headlong Rush|p2a: Zamazenta
|-supereffective|p2a: Zamazenta
|-damage|p2a: Zamazenta|52/100
|-unboost|p1a: Great Tusk|def|1
|-unboost|p1a: Great Tusk|spd|1
|
|-heal|p2a: Zamazenta|58/100|[from] item: Leftovers
|upkeep
|turn|23
|
|t:|1781403505
|move|p2a: Zamazenta|Crunch|p1a: Great Tusk
|-resisted|p1a: Great Tusk
|-damage|p1a: Great Tusk|0 fnt
|faint|p1a: Great Tusk
|-end|p1a: Great Tusk|Protosynthesis|[silent]
|
|-heal|p2a: Zamazenta|65/100|[from] item: Leftovers
|upkeep
|
|t:|1781403507
|switch|p1a: Ogerpon|Ogerpon-Cornerstone, F|100/100
|turn|24
|
|t:|1781403509
|move|p2a: Zamazenta|Body Press|p1a: Ogerpon
|-supereffective|p1a: Ogerpon
|-ability|p1a: Ogerpon|Sturdy
|-damage|p1a: Ogerpon|1/100
|move|p1a: Ogerpon|Ivy Cudgel|p2a: Zamazenta|[anim] Ivy Cudgel Rock
|-supereffective|p2a: Zamazenta
|-damage|p2a: Zamazenta|41/100
|
|-heal|p2a: Zamazenta|47/100|[from] item: Leftovers
|upkeep
|turn|25
|-message|AnonymousJon forfeited.
|
|win|icylikedecember
|raw|AnonymousJon's rating: 1926 &rarr; <strong>1898</strong><br />(-28 for losing)
|raw|icylikedecember's rating: 1788 &rarr; <strong>1816</strong><br />(+28 for winning)
|l|☆AnonymousJon
|player|p1|
|l|☆icylikedecember
|player|p2|
