|j|☆pepinoloko
|j|☆winslowyoudog
|t:|1781047267
|gametype|singles
|player|p1|pepinoloko|byron|1540
|player|p2|winslowyoudog|265|1591
|gen|9
|tier|[Gen 9] OU
|rated|
|rule|HP Percentage Mod: HP is shown in percentages
|rule|Endless Battle Clause: Forcing endless battles is banned
|rule|Species Clause: Limit one of each Pokémon
|rule|OHKO Clause: OHKO moves are banned
|rule|Evasion Items Clause: Evasion items are banned
|rule|Evasion Moves Clause: Evasion moves are banned
|rule|Evasion Abilities Clause: Evasion abilities are banned
|rule|Sleep Moves Clause: Sleep-inducing moves are banned
|clearpoke
|poke|p1|Zoroark-Hisui, M|
|poke|p1|Cinderace, F|
|poke|p1|Breloom, F|
|poke|p1|Hydrapple, F|
|poke|p1|Grimmsnarl, M|
|poke|p1|Snorlax, F|
|poke|p2|Slowbro-Galar, M|
|poke|p2|Indeedee, M|
|poke|p2|Armarouge, F|
|poke|p2|Hatterene, F|
|poke|p2|Iron Treads|
|poke|p2|Hawlucha, M|
|teampreview
|inactive|Battle timer is ON: inactive players will automatically lose when time's up. (requested by winslowyoudog)
|inactive|pepinoloko has 120 seconds left.
|
|t:|1781047319
|teamsize|p1|6
|teamsize|p2|6
|start
|switch|p1a: Snorlax|Snorlax, F|100/100
|switch|p2a: Indeedee|Indeedee, M|100/100
|-fieldstart|move: Psychic Terrain|[from] ability: Psychic Surge|[of] p2a: Indeedee
|turn|1
|
|t:|1781047326
|switch|p2a: Iron Treads|Iron Treads|100/100
|-item|p2a: Iron Treads|Air Balloon
|move|p1a: Snorlax|Shadow Ball|p2a: Iron Treads
|-damage|p2a: Iron Treads|11/100
|-enditem|p2a: Iron Treads|Air Balloon
|
|upkeep
|turn|2
|
|t:|1781047331
|move|p1a: Snorlax|Shadow Ball|p2a: Iron Treads
|-damage|p2a: Iron Treads|0 fnt
|faint|p2a: Iron Treads
|-end|p2a: Iron Treads|Quark Drive|[silent]
|
|upkeep
|
|t:|1781047333
|switch|p2a: Hawlucha|Hawlucha, M|100/100
|-enditem|p2a: Hawlucha|Psychic Seed
|-boost|p2a: Hawlucha|spd|1|[from] item: Psychic Seed
|turn|3
|
|t:|1781047339
|switch|p1a: Love has a name|Grimmsnarl, M|100/100
|move|p2a: Hawlucha|Swords Dance|p2a: Hawlucha
|-boost|p2a: Hawlucha|atk|2
|
|upkeep
|turn|4
|
|t:|1781047350
|switch|p1a: Hydrapple|Hydrapple, F|100/100
|move|p2a: Hawlucha|Acrobatics|p1a: Hydrapple
|-supereffective|p1a: Hydrapple
|-damage|p1a: Hydrapple|0 fnt
|-damage|p2a: Hawlucha|84/100|[from] item: Rocky Helmet|[of] p1a: Hydrapple
|faint|p1a: Hydrapple
|
|upkeep
|
|t:|1781047361
|switch|p1a: Snorlax|Snorlax, F|100/100
|turn|5
|
|t:|1781047365
|-terastallize|p1a: Snorlax|Fairy
|move|p2a: Hawlucha|Acrobatics|p1a: Snorlax
|-damage|p1a: Snorlax|24/100
|move|p1a: Snorlax|Body Slam|p2a: Hawlucha
|-damage|p2a: Hawlucha|40/100
|
|-heal|p1a: Snorlax|30/100|[from] item: Leftovers
|upkeep
|turn|6
|
|t:|1781047370
|move|p2a: Hawlucha|Acrobatics|p1a: Snorlax
|-damage|p1a: Snorlax|0 fnt
|faint|p1a: Snorlax
|
|upkeep
|-message|pepinoloko forfeited.
|
|win|winslowyoudog
|raw|pepinoloko's rating: 1540 &rarr; <strong>1523</strong><br />(-17 for losing)
|raw|winslowyoudog's rating: 1591 &rarr; <strong>1608</strong><br />(+17 for winning)
|l|☆pepinoloko
|player|p1|
|l|☆winslowyoudog
|player|p2|
