|j|☆LowEL0God
|j|☆crust king kahn
|t:|1780994331
|gametype|singles
|player|p1|LowEL0God|265|1504
|player|p2|crust king kahn|265|1537
|gen|9
|tier|[Gen 9] OU
|rated|
|rule|HP Percentage Mod: HP is shown in percentages
|rule|Endless Battle Clause: Forcing endless battles is banned
|rule|Species Clause: Limit one of each Pokémon
|rule|OHKO Clause: OHKO moves are banned
|rule|Evasion Items Clause: Evasion items are banned
|rule|Evasion Moves Clause: Evasion moves are banned
|rule|Evasion Abilities Clause: Evasion abilities are banned
|rule|Sleep Moves Clause: Sleep-inducing moves are banned
|clearpoke
|poke|p1|Pelipper, F|
|poke|p1|Torkoal, M|
|poke|p1|Walking Wake|
|poke|p1|Kyurem|
|poke|p1|Ninetales-Alola, M|
|poke|p1|Ogerpon-Wellspring, F|
|poke|p2|Ogerpon-Cornerstone, F|
|poke|p2|Gliscor, M|
|poke|p2|Gholdengo|
|poke|p2|Weezing-Galar, F|
|poke|p2|Kyurem|
|poke|p2|Alomomola, F|
|teampreview
|c|☆LowEL0God|hf
|inactive|Battle timer is ON: inactive players will automatically lose when time's up. (requested by LowEL0God)
|c|☆crust king kahn|u2
|
|t:|1780994342
|teamsize|p1|6
|teamsize|p2|6
|start
|switch|p1a: Walking Wake|Walking Wake|100/100
|switch|p2a: Gholdengo|Gholdengo|100/100
|turn|1
|
|t:|1780994355
|switch|p2a: Alomomola|Alomomola, F|100/100
|move|p1a: Walking Wake|Flamethrower|p2a: Alomomola
|-resisted|p2a: Alomomola
|-damage|p2a: Alomomola|89/100
|
|upkeep
|turn|2
|
|t:|1780994363
|switch|p2a: Gholdengo|Gholdengo|100/100
|move|p1a: Walking Wake|Flamethrower|p2a: Gholdengo
|-supereffective|p2a: Gholdengo
|-damage|p2a: Gholdengo|0 fnt
|faint|p2a: Gholdengo
|
|upkeep
|
|t:|1780994368
|switch|p2a: Kyurem|Kyurem|100/100
|-ability|p2a: Kyurem|Pressure
|turn|3
|
|t:|1780994371
|-end|p1a: Walking Wake|Protosynthesis|[silent]
|switch|p1a: Ninetales|Ninetales-Alola, M|100/100
|-weather|Snowscape|[from] ability: Snow Warning|[of] p1a: Ninetales
|move|p2a: Kyurem|Freeze-Dry|p1a: Ninetales
|-resisted|p1a: Ninetales
|-crit|p1a: Ninetales
|-damage|p1a: Ninetales|76/100
|
|-weather|Snowscape|[upkeep]
|upkeep
|turn|4
|
|t:|1780994378
|switch|p2a: Weezing|Weezing-Galar, F|100/100
|-ability|p2a: Weezing|Neutralizing Gas
|move|p1a: Ninetales|Aurora Veil|p1a: Ninetales
|-sidestart|p1: LowEL0God|move: Aurora Veil
|
|-weather|Snowscape|[upkeep]
|upkeep
|turn|5
|
|t:|1780994381
|move|p1a: Ninetales|Freeze-Dry|p2a: Weezing
|-damage|p2a: Weezing|74/100
|move|p2a: Weezing|Defog|p1a: Ninetales
|-unboost|p1a: Ninetales|evasion|1
|-sideend|p1: LowEL0God|move: Aurora Veil
|
|-weather|Snowscape|[upkeep]
|-heal|p2a: Weezing|80/100|[from] item: Leftovers
|upkeep
|turn|6
|
|t:|1780994385
|move|p1a: Ninetales|Aurora Veil|p1a: Ninetales
|-sidestart|p1: LowEL0God|move: Aurora Veil
|move|p2a: Weezing|Strange Steam|p1a: Ninetales
|-damage|p1a: Ninetales|63/100
|
|-weather|Snowscape|[upkeep]
|-heal|p2a: Weezing|86/100|[from] item: Leftovers
|upkeep
|turn|7
|
|t:|1780994388
|move|p1a: Ninetales|Freeze-Dry|p2a: Weezing
|-damage|p2a: Weezing|57/100
|move|p2a: Weezing|Defog|p1a: Ninetales
|-unboost|p1a: Ninetales|evasion|1
|-sideend|p1: LowEL0God|move: Aurora Veil
|
|-weather|Snowscape|[upkeep]
|-heal|p2a: Weezing|63/100|[from] item: Leftovers
|upkeep
|turn|8
|
|t:|1780994391
|move|p1a: Ninetales|Aurora Veil|p1a: Ninetales
|-sidestart|p1: LowEL0God|move: Aurora Veil
|move|p2a: Weezing|Strange Steam|p1a: Ninetales
|-damage|p1a: Ninetales|49/100
|
|-weather|Snowscape|[upkeep]
|-heal|p2a: Weezing|69/100|[from] item: Leftovers
|upkeep
|turn|9
|
|t:|1780994396
|move|p1a: Ninetales|Freeze-Dry|p2a: Weezing
|-damage|p2a: Weezing|42/100
|move|p2a: Weezing|Defog|p1a: Ninetales
|-unboost|p1a: Ninetales|evasion|1
|-sideend|p1: LowEL0God|move: Aurora Veil
|
|-weather|Snowscape|[upkeep]
|-heal|p2a: Weezing|48/100|[from] item: Leftovers
|upkeep
|turn|10
|
|t:|1780994400
|move|p1a: Ninetales|Aurora Veil|p1a: Ninetales
|-sidestart|p1: LowEL0God|move: Aurora Veil
|move|p2a: Weezing|Defog|p1a: Ninetales
|-unboost|p1a: Ninetales|evasion|1
|-sideend|p1: LowEL0God|move: Aurora Veil
|
|-weather|none
|-heal|p2a: Weezing|54/100|[from] item: Leftovers
|upkeep
|turn|11
|
|t:|1780994404
|move|p1a: Ninetales|Freeze-Dry|p2a: Weezing
|-damage|p2a: Weezing|28/100
|move|p2a: Weezing|Strange Steam|p1a: Ninetales
|-damage|p1a: Ninetales|24/100
|
|-heal|p2a: Weezing|34/100|[from] item: Leftovers
|upkeep
|turn|12
|
|t:|1780994409
|move|p1a: Ninetales|Freeze-Dry|p2a: Weezing
|-damage|p2a: Weezing|6/100
|move|p2a: Weezing|Strange Steam|p1a: Ninetales
|-damage|p1a: Ninetales|0 fnt
|faint|p1a: Ninetales
|
|-heal|p2a: Weezing|12/100|[from] item: Leftovers
|upkeep
|
|t:|1780994411
|switch|p1a: Kyurem|Kyurem|100/100
|turn|13
|
|t:|1780994415
|move|p1a: Kyurem|Freeze-Dry|p2a: Weezing
|-damage|p2a: Weezing|0 fnt
|faint|p2a: Weezing
|-end|p2a: Weezing|ability: Neutralizing Gas
|-ability|p1a: Kyurem|Pressure
|
|upkeep
|
|t:|1780994418
|switch|p2a: Kyurem|Kyurem|100/100
|-ability|p2a: Kyurem|Pressure
|turn|14
|
|t:|1780994420
|-terastallize|p1a: Kyurem|Ice
|move|p2a: Kyurem|Draco Meteor|p1a: Kyurem
|-damage|p1a: Kyurem|37/100
|-unboost|p2a: Kyurem|spa|2
|move|p1a: Kyurem|Freeze-Dry|p2a: Kyurem
|-damage|p2a: Kyurem|51/100
|
|upkeep
|turn|15
|
|t:|1780994428
|switch|p2a: Ogerpon|Ogerpon-Cornerstone, F|100/100
|move|p1a: Kyurem|Freeze-Dry|p2a: Ogerpon
|-supereffective|p2a: Ogerpon
|-ability|p2a: Ogerpon|Sturdy
|-damage|p2a: Ogerpon|1/100
|
|upkeep
|turn|16
|
|t:|1780994433
|switch|p1a: Walking Wake|Walking Wake|100/100
|move|p2a: Ogerpon|Ivy Cudgel|p1a: Walking Wake|[anim] Ivy Cudgel Rock
|-damage|p1a: Walking Wake|40/100
|
|upkeep
|turn|17
|
|t:|1780994438
|-end|p1a: Walking Wake|Protosynthesis|[silent]
|switch|p1a: Ogerpon|Ogerpon-Wellspring, F|100/100
|move|p2a: Ogerpon|Ivy Cudgel|p1a: Ogerpon|[anim] Ivy Cudgel Rock
|-crit|p1a: Ogerpon
|-damage|p1a: Ogerpon|0 fnt
|faint|p1a: Ogerpon
|
|upkeep
|
|t:|1780994439
|switch|p1a: Torkoal|Torkoal, M|100/100
|-weather|SunnyDay|[from] ability: Drought|[of] p1a: Torkoal
|turn|18
|
|t:|1780994445
|-terastallize|p2a: Ogerpon|Rock
|detailschange|p2a: Ogerpon|Ogerpon-Cornerstone-Tera, F, tera:Rock
|-ability|p2a: Ogerpon|Embody Aspect (Cornerstone)|boost
|-boost|p2a: Ogerpon|def|1
|move|p2a: Ogerpon|Ivy Cudgel|p1a: Torkoal|[anim] Ivy Cudgel Rock
|-supereffective|p1a: Torkoal
|-crit|p1a: Torkoal
|-damage|p1a: Torkoal|0 fnt
|faint|p1a: Torkoal
|
|-weather|SunnyDay|[upkeep]
|upkeep
|
|t:|1780994446
|switch|p1a: Walking Wake|Walking Wake|40/100
|-activate|p1a: Walking Wake|ability: Protosynthesis
|-start|p1a: Walking Wake|protosynthesisspe
|turn|19
|
|t:|1780994455
|switch|p2a: Alomomola|Alomomola, F|100/100
|move|p1a: Walking Wake|Dragon Pulse|p2a: Alomomola
|-damage|p2a: Alomomola|68/100
|
|-weather|SunnyDay|[upkeep]
|upkeep
|turn|20
|
|t:|1780994460
|move|p1a: Walking Wake|Dragon Pulse|p2a: Alomomola
|-damage|p2a: Alomomola|36/100
|move|p2a: Alomomola|Flip Turn|p1a: Walking Wake
|-resisted|p1a: Walking Wake
|-damage|p1a: Walking Wake|38/100
|
|t:|1780994465
|switch|p2a: Gliscor|Gliscor, M|100/100|[from] Flip Turn
|
|-weather|SunnyDay|[upkeep]
|-status|p2a: Gliscor|tox|[from] item: Toxic Orb
|upkeep
|turn|21
|
|t:|1780994467
|move|p2a: Gliscor|Protect|p2a: Gliscor
|-singleturn|p2a: Gliscor|Protect
|move|p1a: Walking Wake|Dragon Pulse|p2a: Gliscor
|-activate|p2a: Gliscor|move: Protect
|
|-weather|SunnyDay|[upkeep]
|upkeep
|turn|22
|
|t:|1780994477
|switch|p2a: Alomomola|Alomomola, F|70/100
|move|p1a: Walking Wake|Dragon Pulse|p2a: Alomomola
|-damage|p2a: Alomomola|37/100
|
|-weather|SunnyDay|[upkeep]
|upkeep
|turn|23
|
|t:|1780994487
|move|p1a: Walking Wake|Dragon Pulse|p2a: Alomomola
|-damage|p2a: Alomomola|3/100
|move|p2a: Alomomola|Mirror Coat|p1a: Walking Wake
|-damage|p1a: Walking Wake|0 fnt
|faint|p1a: Walking Wake
|-end|p1a: Walking Wake|Protosynthesis|[silent]
|
|-weather|SunnyDay|[upkeep]
|upkeep
|
|t:|1780994487
|switch|p1a: Kyurem|Kyurem, tera:Ice|37/100
|-ability|p1a: Kyurem|Pressure
|turn|24
|
|t:|1780994495
|switch|p2a: Gliscor|Gliscor, M|100/100 tox
|move|p1a: Kyurem|Dragon Dance|p1a: Kyurem
|-boost|p1a: Kyurem|atk|1
|-boost|p1a: Kyurem|spe|1
|
|-weather|SunnyDay|[upkeep]
|upkeep
|turn|25
|
|t:|1780994503
|move|p1a: Kyurem|Freeze-Dry|p2a: Gliscor
|-supereffective|p2a: Gliscor
|-damage|p2a: Gliscor|0 fnt
|faint|p2a: Gliscor
|
|-weather|none
|upkeep
|
|t:|1780994506
|switch|p2a: Kyurem|Kyurem|51/100
|-ability|p2a: Kyurem|Pressure
|turn|26
|
|t:|1780994510
|move|p1a: Kyurem|Icicle Spear|p2a: Kyurem
|-damage|p2a: Kyurem|21/100
|-damage|p2a: Kyurem|0 fnt
|faint|p2a: Kyurem
|-hitcount|p2: Kyurem|2
|
|upkeep
|
|t:|1780994516
|switch|p2a: Alomomola|Alomomola, F|36/100
|turn|27
|
|t:|1780994517
|move|p1a: Kyurem|Freeze-Dry|p2a: Alomomola
|-supereffective|p2a: Alomomola
|-damage|p2a: Alomomola|0 fnt
|faint|p2a: Alomomola
|
|upkeep
|
|t:|1780994520
|switch|p2a: Ogerpon|Ogerpon-Cornerstone-Tera, F, tera:Rock|1/100
|-ability|p2a: Ogerpon|Embody Aspect (Cornerstone)|boost
|-boost|p2a: Ogerpon|def|1
|turn|28
|
|t:|1780994522
|move|p1a: Kyurem|Freeze-Dry|p2a: Ogerpon
|-damage|p2a: Ogerpon|0 fnt
|faint|p2a: Ogerpon
|detailschange|p2: Ogerpon|Ogerpon-Cornerstone, F|[silent]
|
|win|LowEL0God
|raw|LowEL0God's rating: 1504 &rarr; <strong>1526</strong><br />(+22 for winning)
|raw|crust king kahn's rating: 1537 &rarr; <strong>1515</strong><br />(-22 for losing)
|l|☆crust king kahn
|player|p2|
|c|☆LowEL0God|gg
|l|☆LowEL0God
|player|p1|
