|j|☆tiftif
|j|☆Acastillo631
|t:|1781132444
|gametype|singles
|player|p1|tiftif|266|1596
|player|p2|Acastillo631|silver|1593
|gen|9
|tier|[Gen 9] OU
|rated|
|rule|HP Percentage Mod: HP is shown in percentages
|rule|Endless Battle Clause: Forcing endless battles is banned
|rule|Species Clause: Limit one of each Pokémon
|rule|OHKO Clause: OHKO moves are banned
|rule|Evasion Items Clause: Evasion items are banned
|rule|Evasion Moves Clause: Evasion moves are banned
|rule|Evasion Abilities Clause: Evasion abilities are banned
|rule|Sleep Moves Clause: Sleep-inducing moves are banned
|clearpoke
|poke|p1|Pelipper, M|
|poke|p1|Iron Treads|
|poke|p1|Barraskewda, M|
|poke|p1|Raging Bolt|
|poke|p1|Talonflame, F|
|poke|p1|Keldeo-Resolute|
|poke|p2|Iron Valiant|
|poke|p2|Sinistcha|
|poke|p2|Tyranitar, M|
|poke|p2|Klefki, M|
|poke|p2|Swampert, F|
|poke|p2|Talonflame, M|
|teampreview
|inactive|Battle timer is ON: inactive players will automatically lose when time's up. (requested by tiftif)
|inactive|Acastillo631 has 120 seconds left.
|
|t:|1781132504
|teamsize|p1|6
|teamsize|p2|6
|start
|switch|p1a: Bec qui pend|Pelipper, M|100/100
|switch|p2a: Duff Mcwhalen|Swampert, F|100/100
|-weather|RainDance|[from] ability: Drizzle|[of] p1a: Bec qui pend
|turn|1
|inactive|tiftif has 120 seconds left.
|
|t:|1781132543
|move|p2a: Duff Mcwhalen|Stealth Rock|p1a: Bec qui pend
|-sidestart|p1: tiftif|move: Stealth Rock
|move|p1a: Bec qui pend|U-turn|p2a: Duff Mcwhalen
|-damage|p2a: Duff Mcwhalen|92/100
|
|t:|1781132550
|switch|p1a: Great Tusk Wish|Iron Treads|100/100|[from] U-turn
|-damage|p1a: Great Tusk Wish|97/100|[from] Stealth Rock
|-enditem|p1a: Great Tusk Wish|Booster Energy
|-activate|p1a: Great Tusk Wish|ability: Quark Drive|[fromitem]
|-start|p1a: Great Tusk Wish|quarkdrivespe
|
|-weather|RainDance|[upkeep]
|-heal|p2a: Duff Mcwhalen|98/100|[from] item: Leftovers
|upkeep
|turn|2
|
|t:|1781132562
|move|p1a: Great Tusk Wish|Stealth Rock|p2a: Duff Mcwhalen
|-sidestart|p2: Acastillo631|move: Stealth Rock
|move|p2a: Duff Mcwhalen|Flip Turn|p1a: Great Tusk Wish
|-supereffective|p1a: Great Tusk Wish
|-damage|p1a: Great Tusk Wish|37/100
|
|t:|1781132583
|switch|p2a: Wire Sponge|Sinistcha|100/100|[from] Flip Turn
|
|-weather|RainDance|[upkeep]
|upkeep
|turn|3
|
|t:|1781132591
|switch|p2a: Duff Mcwhalen|Swampert, F|98/100
|-damage|p2a: Duff Mcwhalen|92/100|[from] Stealth Rock
|move|p1a: Great Tusk Wish|Ice Spinner|p2a: Duff Mcwhalen
|-damage|p2a: Duff Mcwhalen|68/100
|
|-weather|RainDance|[upkeep]
|-heal|p2a: Duff Mcwhalen|75/100|[from] item: Leftovers
|upkeep
|turn|4
|
|t:|1781132600
|switch|p2a: Wire Sponge|Sinistcha|100/100
|move|p1a: Great Tusk Wish|Rapid Spin|p2a: Wire Sponge
|-immune|p2a: Wire Sponge
|
|-weather|RainDance|[upkeep]
|upkeep
|turn|5
|
|t:|1781132602
|move|p1a: Great Tusk Wish|Ice Spinner|p2a: Wire Sponge
|-supereffective|p2a: Wire Sponge
|-damage|p2a: Wire Sponge|61/100
|move|p2a: Wire Sponge|Strength Sap|p1a: Great Tusk Wish
|-unboost|p1a: Great Tusk Wish|atk|1
|-heal|p2a: Wire Sponge|100/100
|
|-weather|RainDance|[upkeep]
|upkeep
|turn|6
|
|t:|1781132611
|-end|p1a: Great Tusk Wish|Quark Drive|[silent]
|switch|p1a: Sophie|Raging Bolt|100/100
|-damage|p1a: Sophie|88/100|[from] Stealth Rock
|-enditem|p1a: Sophie|Booster Energy
|-activate|p1a: Sophie|ability: Protosynthesis|[fromitem]
|-start|p1a: Sophie|protosynthesisspa
|move|p2a: Wire Sponge|Matcha Gotcha|p1a: Sophie
|-resisted|p1a: Sophie
|-damage|p1a: Sophie|73/100
|-status|p1a: Sophie|brn
|
|-weather|RainDance|[upkeep]
|-damage|p1a: Sophie|66/100 brn|[from] brn
|upkeep
|turn|7
|
|t:|1781132618
|switch|p2a: Eregion|Tyranitar, M|100/100
|-damage|p2a: Eregion|88/100|[from] Stealth Rock
|-weather|Sandstorm|[from] ability: Sand Stream|[of] p2a: Eregion
|move|p1a: Sophie|Dragon Pulse|p2a: Eregion
|-damage|p2a: Eregion|63/100
|
|-weather|Sandstorm|[upkeep]
|-damage|p1a: Sophie|60/100 brn|[from] Sandstorm
|-heal|p2a: Eregion|69/100|[from] item: Leftovers
|-damage|p1a: Sophie|54/100 brn|[from] brn
|upkeep
|turn|8
|
|t:|1781132621
|move|p1a: Sophie|Thunder|p2a: Eregion
|-damage|p2a: Eregion|35/100
|-status|p2a: Eregion|par
|move|p2a: Eregion|Roar|p1a: Sophie
|-end|p1a: Sophie|Protosynthesis|[silent]
|drag|p1a: Le Talon Ducul|Talonflame, F|100/100
|-damage|p1a: Le Talon Ducul|51/100|[from] Stealth Rock
|
|-weather|Sandstorm|[upkeep]
|-damage|p1a: Le Talon Ducul|45/100|[from] Sandstorm
|-heal|p2a: Eregion|42/100 par|[from] item: Leftovers
|upkeep
|turn|9
|
|t:|1781132634
|move|p1a: Le Talon Ducul|U-turn|p2a: Eregion
|-supereffective|p2a: Eregion
|-damage|p2a: Eregion|22/100 par
|
|t:|1781132640
|switch|p1a: Great Tusk Wish|Iron Treads|37/100|[from] U-turn
|-damage|p1a: Great Tusk Wish|34/100|[from] Stealth Rock
|move|p2a: Eregion|Roar|p1a: Great Tusk Wish
|-end|p1a: Great Tusk Wish|Quark Drive|[silent]
|drag|p1a: Sophie|Raging Bolt|54/100 brn
|-damage|p1a: Sophie|42/100 brn|[from] Stealth Rock
|
|-weather|Sandstorm|[upkeep]
|-damage|p1a: Sophie|36/100 brn|[from] Sandstorm
|-heal|p2a: Eregion|28/100 par|[from] item: Leftovers
|-damage|p1a: Sophie|30/100 brn|[from] brn
|upkeep
|turn|10
|
|t:|1781132649
|switch|p2a: Duff Mcwhalen|Swampert, F|75/100
|-damage|p2a: Duff Mcwhalen|68/100|[from] Stealth Rock
|move|p1a: Sophie|Dragon Pulse|p2a: Duff Mcwhalen
|-damage|p2a: Duff Mcwhalen|34/100
|
|-weather|Sandstorm|[upkeep]
|-damage|p1a: Sophie|24/100 brn|[from] Sandstorm
|-heal|p2a: Duff Mcwhalen|40/100|[from] item: Leftovers
|-damage|p1a: Sophie|17/100 brn|[from] brn
|upkeep
|turn|11
|
|t:|1781132655
|move|p1a: Sophie|Dragon Pulse|p2a: Duff Mcwhalen
|-damage|p2a: Duff Mcwhalen|8/100
|move|p2a: Duff Mcwhalen|Earthquake|p1a: Sophie
|-supereffective|p1a: Sophie
|-damage|p1a: Sophie|0 fnt
|faint|p1a: Sophie
|-end|p1a: Sophie|Protosynthesis|[silent]
|
|-weather|none
|-heal|p2a: Duff Mcwhalen|14/100|[from] item: Leftovers
|upkeep
|
|t:|1781132659
|switch|p1a: Haskwakoubeh|Barraskewda, M|100/100
|-damage|p1a: Haskwakoubeh|88/100|[from] Stealth Rock
|turn|12
|
|t:|1781132665
|switch|p2a: Redips|Klefki, M|100/100
|-damage|p2a: Redips|95/100|[from] Stealth Rock
|move|p1a: Haskwakoubeh|Flip Turn|p2a: Redips
|-damage|p2a: Redips|52/100
|-damage|p1a: Haskwakoubeh|72/100|[from] item: Rocky Helmet|[of] p2a: Redips
|
|t:|1781132678
|switch|p1a: Bec qui pend|Pelipper, M|100/100|[from] Flip Turn
|-damage|p1a: Bec qui pend|76/100|[from] Stealth Rock
|-weather|RainDance|[from] ability: Drizzle|[of] p1a: Bec qui pend
|
|-weather|RainDance|[upkeep]
|upkeep
|turn|13
|
|t:|1781132684
|move|p2a: Redips|Spikes|p1a: Bec qui pend
|-sidestart|p1: tiftif|Spikes
|move|p1a: Bec qui pend|U-turn|p2a: Redips
|-resisted|p2a: Redips
|-damage|p2a: Redips|50/100
|-damage|p1a: Bec qui pend|59/100|[from] item: Rocky Helmet|[of] p2a: Redips
|
|t:|1781132690
|switch|p1a: Great Tusk Wish|Iron Treads|34/100|[from] U-turn
|-damage|p1a: Great Tusk Wish|31/100|[from] Stealth Rock
|-damage|p1a: Great Tusk Wish|18/100|[from] Spikes
|
|-weather|RainDance|[upkeep]
|upkeep
|turn|14
|
|t:|1781132702
|switch|p2a: Wire Sponge|Sinistcha|100/100
|move|p1a: Great Tusk Wish|Ice Spinner|p2a: Wire Sponge
|-supereffective|p2a: Wire Sponge
|-damage|p2a: Wire Sponge|64/100
|
|-weather|RainDance|[upkeep]
|upkeep
|turn|15
|
|t:|1781132713
|-end|p1a: Great Tusk Wish|Quark Drive|[silent]
|switch|p1a: Le Talon Ducul|Talonflame, F|45/100
|-damage|p1a: Le Talon Ducul|0 fnt|[from] Stealth Rock
|faint|p1a: Le Talon Ducul
|move|p2a: Wire Sponge|Strength Sap|p1: Le Talon Ducul|[notarget]
|-fail|p2a: Wire Sponge
|
|-weather|RainDance|[upkeep]
|upkeep
|
|t:|1781132720
|switch|p1a: Kaideos|Keldeo-Resolute|100/100
|-damage|p1a: Kaideos|94/100|[from] Stealth Rock
|-damage|p1a: Kaideos|82/100|[from] Spikes
|turn|16
|
|t:|1781132727
|switch|p2a: Duff Mcwhalen|Swampert, F|14/100
|-damage|p2a: Duff Mcwhalen|8/100|[from] Stealth Rock
|-terastallize|p1a: Kaideos|Steel
|move|p1a: Kaideos|Substitute|p1a: Kaideos
|-start|p1a: Kaideos|Substitute
|-damage|p1a: Kaideos|57/100
|
|-weather|RainDance|[upkeep]
|-heal|p1a: Kaideos|63/100|[from] item: Leftovers
|-heal|p2a: Duff Mcwhalen|14/100|[from] item: Leftovers
|upkeep
|turn|17
|
|t:|1781132733
|move|p1a: Kaideos|Surf|p2a: Duff Mcwhalen
|-damage|p2a: Duff Mcwhalen|0 fnt
|faint|p2a: Duff Mcwhalen
|
|-weather|RainDance|[upkeep]
|-heal|p1a: Kaideos|70/100|[from] item: Leftovers
|upkeep
|
|t:|1781132742
|switch|p2a: Sage Harpuia|Iron Valiant|100/100
|-damage|p2a: Sage Harpuia|94/100|[from] Stealth Rock
|-enditem|p2a: Sage Harpuia|Booster Energy
|-activate|p2a: Sage Harpuia|ability: Quark Drive|[fromitem]
|-start|p2a: Sage Harpuia|quarkdrivespe
|turn|18
|
|t:|1781132745
|move|p2a: Sage Harpuia|Destiny Bond|p2a: Sage Harpuia
|-singlemove|p2a: Sage Harpuia|Destiny Bond
|move|p1a: Kaideos|Surf|p2a: Sage Harpuia
|-damage|p2a: Sage Harpuia|0 fnt
|faint|p2a: Sage Harpuia
|-activate|p2a: Sage Harpuia|move: Destiny Bond
|-end|p2a: Sage Harpuia|Quark Drive|[silent]
|faint|p1a: Kaideos
|
|-weather|RainDance|[upkeep]
|upkeep
|
|t:|1781132756
|switch|p2a: Eregion|Tyranitar, M|28/100 par
|switch|p1a: Haskwakoubeh|Barraskewda, M|72/100
|-damage|p1a: Haskwakoubeh|60/100|[from] Stealth Rock
|-damage|p1a: Haskwakoubeh|48/100|[from] Spikes
|-damage|p2a: Eregion|16/100 par|[from] Stealth Rock
|-weather|Sandstorm|[from] ability: Sand Stream|[of] p2a: Eregion
|turn|19
|
|t:|1781132762
|switch|p2a: Redips|Klefki, M|50/100
|-damage|p2a: Redips|44/100|[from] Stealth Rock
|move|p1a: Haskwakoubeh|Flip Turn|p2a: Redips
|-damage|p2a: Redips|7/100
|-damage|p1a: Haskwakoubeh|31/100|[from] item: Rocky Helmet|[of] p2a: Redips
|
|t:|1781132767
|switch|p1a: Bec qui pend|Pelipper, M|59/100|[from] Flip Turn
|-damage|p1a: Bec qui pend|35/100|[from] Stealth Rock
|-weather|RainDance|[from] ability: Drizzle|[of] p1a: Bec qui pend
|
|-weather|RainDance|[upkeep]
|upkeep
|turn|20
|
|t:|1781132771
|move|p2a: Redips|Dazzling Gleam|p1a: Bec qui pend
|-damage|p1a: Bec qui pend|1/100
|move|p1a: Bec qui pend|Roost|p1a: Bec qui pend
|-heal|p1a: Bec qui pend|51/100
|-singleturn|p1a: Bec qui pend|move: Roost
|
|-weather|RainDance|[upkeep]
|upkeep
|turn|21
|
|t:|1781132784
|move|p2a: Redips|Spikes|p1a: Bec qui pend
|-sidestart|p1: tiftif|Spikes
|move|p1a: Bec qui pend|Roost|p1a: Bec qui pend
|-heal|p1a: Bec qui pend|100/100
|-singleturn|p1a: Bec qui pend|move: Roost
|
|-weather|RainDance|[upkeep]
|upkeep
|turn|22
|
|t:|1781132792
|move|p2a: Redips|Spikes|p1a: Bec qui pend
|-sidestart|p1: tiftif|Spikes
|move|p1a: Bec qui pend|U-turn|p2a: Redips
|-resisted|p2a: Redips
|-damage|p2a: Redips|5/100
|-damage|p1a: Bec qui pend|84/100|[from] item: Rocky Helmet|[of] p2a: Redips
|-message|tiftif forfeited.
|
|win|Acastillo631
|raw|tiftif's rating: 1596 &rarr; <strong>1576</strong><br />(-20 for losing)
|raw|Acastillo631's rating: 1593 &rarr; <strong>1613</strong><br />(+20 for winning)
|l|☆tiftif
|player|p1|
|l|☆Acastillo631
|player|p2|
