|badge|p2|bronze|gen9randombattle|100-9
|badge|p2|bronze|gen9ubers|100-9
|uhtml|medal-msg|<div class="broadcast-blue">Curious what those medals under the avatar are? PS now has Ladder Seasons! For more information, check out the <a href="https://www.smogon.com/forums/threads/3740067/">thread on Smogon.</a></div>
|j|☆Dillnchill
|j|☆oddishlover4
|t:|1781333300
|gametype|singles
|player|p1|Dillnchill|roxie|1541
|player|p2|oddishlover4|acetrainerf|1751
|gen|9
|tier|[Gen 9] OU
|rated|
|rule|HP Percentage Mod: HP is shown in percentages
|rule|Endless Battle Clause: Forcing endless battles is banned
|rule|Species Clause: Limit one of each Pokémon
|rule|OHKO Clause: OHKO moves are banned
|rule|Evasion Items Clause: Evasion items are banned
|rule|Evasion Moves Clause: Evasion moves are banned
|rule|Evasion Abilities Clause: Evasion abilities are banned
|rule|Sleep Moves Clause: Sleep-inducing moves are banned
|clearpoke
|poke|p1|Great Tusk|
|poke|p1|Corviknight, M|
|poke|p1|Clefable, M|
|poke|p1|Dragapult, F|
|poke|p1|Samurott-Hisui, M|
|poke|p1|Slowking-Galar, M|
|poke|p2|Kyurem|
|poke|p2|Hatterene, F|
|poke|p2|Darkrai|
|poke|p2|Great Tusk|
|poke|p2|Dragonite, F|
|poke|p2|Gholdengo|
|teampreview
|c|☆oddishlover4|gl/hf!
|inactive|Battle timer is ON: inactive players will automatically lose when time's up. (requested by oddishlover4)
|
|t:|1781333321
|teamsize|p1|6
|teamsize|p2|6
|start
|switch|p1a: Samurott|Samurott-Hisui, M|100/100
|switch|p2a: Boompala|Kyurem|100/100
|-ability|p2a: Boompala|Pressure
|turn|1
|
|t:|1781333340
|move|p2a: Boompala|Freeze-Dry|p1a: Samurott
|-supereffective|p1a: Samurott
|-damage|p1a: Samurott|0 fnt
|faint|p1a: Samurott
|
|upkeep
|
|t:|1781333348
|switch|p1a: Dragapult|Dragapult, F, shiny|100/100
|turn|2
|
|t:|1781333367
|move|p1a: Dragapult|Shadow Ball|p2a: Boompala
|-damage|p2a: Boompala|66/100
|-unboost|p2a: Boompala|spd|1
|move|p2a: Boompala|Ice Beam|p1a: Dragapult
|-supereffective|p1a: Dragapult
|-damage|p1a: Dragapult|0 fnt
|faint|p1a: Dragapult
|
|upkeep
|
|t:|1781333379
|switch|p1a: Slowking|Slowking-Galar, M|100/100
|turn|3
|j| testingrainteam1
|
|t:|1781333397
|switch|p2a: Celebration|Gholdengo|100/100
|move|p1a: Slowking|Flamethrower|p2a: Celebration
|-supereffective|p2a: Celebration
|-damage|p2a: Celebration|38/100
|
|upkeep
|turn|4
|
|t:|1781333416
|switch|p2a: Fearless|Great Tusk|100/100
|move|p1a: Slowking|Flamethrower|p2a: Fearless
|-damage|p2a: Fearless|59/100
|
|-heal|p2a: Fearless|65/100|[from] item: Leftovers
|upkeep
|turn|5
|l| testingrainteam1
|
|t:|1781333435
|switch|p1a: Clefable|Clefable, M|100/100
|move|p2a: Fearless|Headlong Rush|p1a: Clefable
|-damage|p1a: Clefable|62/100
|-unboost|p2a: Fearless|def|1
|-unboost|p2a: Fearless|spd|1
|
|-heal|p2a: Fearless|71/100|[from] item: Leftovers
|-heal|p1a: Clefable|68/100|[from] item: Leftovers
|upkeep
|turn|6
|inactive|oddishlover4 has 120 seconds left.
|
|t:|1781333454
|-end|p2a: Fearless|Protosynthesis|[silent]
|switch|p2a: Celebration|Gholdengo|38/100
|switch|p1a: Slowking|Slowking-Galar, M|100/100
|
|upkeep
|turn|7
|inactive|oddishlover4 has 120 seconds left.
|
|t:|1781333473
|move|p2a: Celebration|Shadow Ball|p1a: Slowking
|-supereffective|p1a: Slowking
|-damage|p1a: Slowking|59/100
|-unboost|p1a: Slowking|spd|1
|move|p1a: Slowking|Flamethrower|p2a: Celebration
|-supereffective|p2a: Celebration
|-damage|p2a: Celebration|0 fnt
|faint|p2a: Celebration
|
|upkeep
|
|t:|1781333491
|switch|p2a: Boompala|Kyurem|66/100
|-ability|p2a: Boompala|Pressure
|turn|8
|
|t:|1781333510
|switch|p1a: Clefable|Clefable, M|68/100
|move|p2a: Boompala|Ice Beam|p1a: Clefable
|-damage|p1a: Clefable|22/100
|
|-heal|p1a: Clefable|28/100|[from] item: Leftovers
|upkeep
|turn|9
|
|t:|1781333529
|move|p2a: Boompala|Ice Beam|p1a: Clefable
|-damage|p1a: Clefable|0 fnt
|faint|p1a: Clefable
|
|upkeep
|
|t:|1781333536
|switch|p1a: Slowking|Slowking-Galar, M|93/100
|turn|10
|
|t:|1781333555
|move|p2a: Boompala|Earth Power|p1a: Slowking
|-supereffective|p1a: Slowking
|-damage|p1a: Slowking|58/100
|move|p1a: Slowking|Sludge Bomb|p2a: Boompala
|-damage|p2a: Boompala|36/100
|
|upkeep
|turn|11
|inactive|oddishlover4 has 90 seconds left.
|
|t:|1781333573
|move|p2a: Boompala|Ice Beam|p1a: Slowking
|-damage|p1a: Slowking|34/100
|move|p1a: Slowking|Psyshock|p2a: Boompala
|-damage|p2a: Boompala|7/100
|
|upkeep
|turn|12
|
|t:|1781333582
|move|p2a: Boompala|Ice Beam|p1a: Slowking
|-damage|p1a: Slowking|9/100
|move|p1a: Slowking|Sludge Bomb|p2a: Boompala
|-damage|p2a: Boompala|0 fnt
|faint|p2a: Boompala
|
|upkeep
|
|t:|1781333591
|switch|p2a: Perfect Night|Darkrai|100/100
|turn|13
|
|t:|1781333600
|switch|p1a: Great Tusk|Great Tusk|100/100
|move|p2a: Perfect Night|Dark Pulse|p1a: Great Tusk
|-resisted|p1a: Great Tusk
|-damage|p1a: Great Tusk|71/100
|
|-heal|p1a: Great Tusk|77/100|[from] item: Leftovers
|upkeep
|turn|14
|
|t:|1781333618
|-terastallize|p2a: Perfect Night|Dark
|move|p2a: Perfect Night|Dark Pulse|p1a: Great Tusk
|-resisted|p1a: Great Tusk
|-damage|p1a: Great Tusk|36/100
|move|p1a: Great Tusk|Headlong Rush|p2a: Perfect Night
|-damage|p2a: Perfect Night|22/100
|-unboost|p1a: Great Tusk|def|1
|-unboost|p1a: Great Tusk|spd|1
|
|-heal|p1a: Great Tusk|42/100|[from] item: Leftovers
|upkeep
|turn|15
|inactive|oddishlover4 has 90 seconds left.
|
|t:|1781333641
|move|p2a: Perfect Night|Dark Pulse|p1a: Great Tusk
|-resisted|p1a: Great Tusk
|-damage|p1a: Great Tusk|0 fnt
|faint|p1a: Great Tusk
|-end|p1a: Great Tusk|Protosynthesis|[silent]
|
|upkeep
|
|t:|1781333644
|switch|p1a: Corviknight|Corviknight, M|100/100
|-ability|p1a: Corviknight|Pressure
|turn|16
|inactive|oddishlover4 has 90 seconds left.
|
|t:|1781333661
|move|p2a: Perfect Night|Dark Pulse|p1a: Corviknight
|-damage|p1a: Corviknight|42/100
|move|p1a: Corviknight|U-turn|p2a: Perfect Night
|-supereffective|p2a: Perfect Night
|-crit|p2a: Perfect Night
|-damage|p2a: Perfect Night|0 fnt
|faint|p2a: Perfect Night
|
|t:|1781333664
|switch|p1a: Slowking|Slowking-Galar, M|42/100|[from] U-turn
|
|upkeep
|
|t:|1781333673
|switch|p2a: Bluebeard's Wife|Dragonite, F|100/100
|turn|17
|
|t:|1781333682
|move|p2a: Bluebeard's Wife|Dragon Dance|p2a: Bluebeard's Wife
|-boost|p2a: Bluebeard's Wife|atk|1
|-boost|p2a: Bluebeard's Wife|spe|1
|move|p1a: Slowking|Ice Beam|p2a: Bluebeard's Wife
|-supereffective|p2a: Bluebeard's Wife
|-damage|p2a: Bluebeard's Wife|48/100
|
|upkeep
|turn|18
|
|t:|1781333691
|switch|p1a: Corviknight|Corviknight, M|42/100
|-ability|p1a: Corviknight|Pressure
|move|p2a: Bluebeard's Wife|Extreme Speed|p1a: Corviknight
|-resisted|p1a: Corviknight
|-damage|p1a: Corviknight|30/100
|-damage|p2a: Bluebeard's Wife|31/100|[from] item: Rocky Helmet|[of] p1a: Corviknight
|
|upkeep
|turn|19
|
|t:|1781333709
|move|p2a: Bluebeard's Wife|Roost|p2a: Bluebeard's Wife
|-heal|p2a: Bluebeard's Wife|82/100
|-singleturn|p2a: Bluebeard's Wife|move: Roost
|move|p1a: Corviknight|Roost|p1a: Corviknight
|-heal|p1a: Corviknight|80/100
|-singleturn|p1a: Corviknight|move: Roost
|
|upkeep
|turn|20
|
|t:|1781333727
|move|p2a: Bluebeard's Wife|Fire Punch|p1a: Corviknight
|-supereffective|p1a: Corviknight
|-damage|p1a: Corviknight|32/100
|-damage|p2a: Bluebeard's Wife|65/100|[from] item: Rocky Helmet|[of] p1a: Corviknight
|move|p1a: Corviknight|Iron Defense|p1a: Corviknight
|-boost|p1a: Corviknight|def|2
|
|upkeep
|turn|21
|
|t:|1781333736
|move|p2a: Bluebeard's Wife|Fire Punch|p1a: Corviknight
|-supereffective|p1a: Corviknight
|-damage|p1a: Corviknight|10/100
|-damage|p2a: Bluebeard's Wife|48/100|[from] item: Rocky Helmet|[of] p1a: Corviknight
|move|p1a: Corviknight|Roost|p1a: Corviknight
|-heal|p1a: Corviknight|60/100
|-singleturn|p1a: Corviknight|move: Roost
|
|upkeep
|turn|22
|
|t:|1781333747
|move|p2a: Bluebeard's Wife|Fire Punch|p1a: Corviknight
|-supereffective|p1a: Corviknight
|-damage|p1a: Corviknight|37/100
|-damage|p2a: Bluebeard's Wife|32/100|[from] item: Rocky Helmet|[of] p1a: Corviknight
|move|p1a: Corviknight|U-turn|p2a: Bluebeard's Wife
|-resisted|p2a: Bluebeard's Wife
|-damage|p2a: Bluebeard's Wife|25/100
|
|t:|1781333750
|switch|p1a: Slowking|Slowking-Galar, M|75/100|[from] U-turn
|
|upkeep
|turn|23
|
|t:|1781333759
|switch|p1a: Corviknight|Corviknight, M|37/100
|-ability|p1a: Corviknight|Pressure
|move|p2a: Bluebeard's Wife|Roost|p2a: Bluebeard's Wife
|-heal|p2a: Bluebeard's Wife|75/100
|-singleturn|p2a: Bluebeard's Wife|move: Roost
|
|upkeep
|turn|24
|inactive|oddishlover4 has 120 seconds left.
|
|t:|1781333768
|-terastallize|p1a: Corviknight|Water
|move|p2a: Bluebeard's Wife|Roost|p2a: Bluebeard's Wife
|-heal|p2a: Bluebeard's Wife|100/100
|-singleturn|p2a: Bluebeard's Wife|move: Roost
|move|p1a: Corviknight|Roost|p1a: Corviknight
|-heal|p1a: Corviknight|87/100
|
|upkeep
|turn|25
|
|t:|1781333777
|switch|p2a: Fearless|Great Tusk|71/100
|move|p1a: Corviknight|Iron Defense|p1a: Corviknight
|-boost|p1a: Corviknight|def|2
|
|-heal|p2a: Fearless|77/100|[from] item: Leftovers
|upkeep
|turn|26
|
|t:|1781333787
|-end|p2a: Fearless|Protosynthesis|[silent]
|switch|p2a: Antifragile|Hatterene, F|100/100
|move|p1a: Corviknight|Brave Bird|p2a: Antifragile
|-damage|p2a: Antifragile|70/100
|-damage|p1a: Corviknight|70/100|[from] item: Rocky Helmet|[of] p2a: Antifragile
|-damage|p1a: Corviknight|62/100|[from] Recoil
|
|upkeep
|turn|27
|
|t:|1781333796
|move|p1a: Corviknight|U-turn|p2a: Antifragile
|-damage|p2a: Antifragile|58/100
|-damage|p1a: Corviknight|46/100|[from] item: Rocky Helmet|[of] p2a: Antifragile
|
|t:|1781333800
|switch|p1a: Slowking|Slowking-Galar, M|100/100|[from] U-turn
|move|p2a: Antifragile|Pain Split|p1a: Slowking
|-sethp|p1a: Slowking|74/100|[from] move: Pain Split|[silent]
|-sethp|p2a: Antifragile|91/100|[from] move: Pain Split
|
|upkeep
|turn|28
|
|t:|1781333813
|move|p2a: Antifragile|Nuzzle|p1a: Slowking
|-damage|p1a: Slowking|70/100
|-status|p1a: Slowking|par
|move|p1a: Slowking|Ice Beam|p2a: Antifragile
|-damage|p2a: Antifragile|60/100
|
|upkeep
|turn|29
|
|t:|1781333823
|move|p2a: Antifragile|Psychic Noise|p1a: Slowking
|-damage|p1a: Slowking|52/100 par
|-start|p1a: Slowking|move: Heal Block
|cant|p1a: Slowking|par
|
|upkeep
|turn|30
|j| testingrainteam1
|
|t:|1781333832
|move|p2a: Antifragile|Psychic Noise|p1a: Slowking
|-damage|p1a: Slowking|35/100 par
|move|p1a: Slowking|Sludge Bomb|p2a: Antifragile
|-supereffective|p2a: Antifragile
|-damage|p2a: Antifragile|0 fnt
|faint|p2a: Antifragile
|
|-end|p1a: Slowking|move: Heal Block
|upkeep
|l| testingrainteam1
|
|t:|1781333841
|switch|p2a: Fearless|Great Tusk|77/100
|turn|31
|
|t:|1781333850
|move|p2a: Fearless|Headlong Rush|p1a: Slowking
|-supereffective|p1a: Slowking
|-damage|p1a: Slowking|0 fnt
|-unboost|p2a: Fearless|def|1
|-unboost|p2a: Fearless|spd|1
|faint|p1a: Slowking
|
|-heal|p2a: Fearless|83/100|[from] item: Leftovers
|upkeep
|
|t:|1781333853
|switch|p1a: Corviknight|Corviknight, M, tera:Water|46/100
|-ability|p1a: Corviknight|Pressure
|turn|32
|
|t:|1781333863
|move|p2a: Fearless|Headlong Rush|p1a: Corviknight
|-damage|p1a: Corviknight|12/100
|-unboost|p2a: Fearless|def|1
|-unboost|p2a: Fearless|spd|1
|-damage|p2a: Fearless|66/100|[from] item: Rocky Helmet|[of] p1a: Corviknight
|move|p1a: Corviknight|Roost|p1a: Corviknight
|-heal|p1a: Corviknight|62/100
|
|-heal|p2a: Fearless|72/100|[from] item: Leftovers
|upkeep
|turn|33
|
|t:|1781333877
|move|p2a: Fearless|Headlong Rush|p1a: Corviknight
|-damage|p1a: Corviknight|29/100
|-unboost|p2a: Fearless|def|1
|-unboost|p2a: Fearless|spd|1
|-damage|p2a: Fearless|56/100|[from] item: Rocky Helmet|[of] p1a: Corviknight
|move|p1a: Corviknight|Iron Defense|p1a: Corviknight
|-boost|p1a: Corviknight|def|2
|
|-heal|p2a: Fearless|62/100|[from] item: Leftovers
|upkeep
|turn|34
|
|t:|1781333886
|move|p2a: Fearless|Stealth Rock|p1a: Corviknight
|-sidestart|p1: Dillnchill|move: Stealth Rock
|move|p1a: Corviknight|Roost|p1a: Corviknight
|-heal|p1a: Corviknight|79/100
|
|-heal|p2a: Fearless|68/100|[from] item: Leftovers
|upkeep
|turn|35
|
|t:|1781333895
|-end|p2a: Fearless|Protosynthesis|[silent]
|switch|p2a: Bluebeard's Wife|Dragonite, F|100/100
|move|p1a: Corviknight|Iron Defense|p1a: Corviknight
|-boost|p1a: Corviknight|def|2
|
|upkeep
|turn|36
|
|t:|1781333905
|move|p2a: Bluebeard's Wife|Dragon Dance|p2a: Bluebeard's Wife
|-boost|p2a: Bluebeard's Wife|atk|1
|-boost|p2a: Bluebeard's Wife|spe|1
|move|p1a: Corviknight|Iron Defense|p1a: Corviknight
|-boost|p1a: Corviknight|def|2
|
|upkeep
|turn|37
|
|t:|1781333915
|move|p2a: Bluebeard's Wife|Dragon Dance|p2a: Bluebeard's Wife
|-boost|p2a: Bluebeard's Wife|atk|1
|-boost|p2a: Bluebeard's Wife|spe|1
|move|p1a: Corviknight|U-turn|p2a: Bluebeard's Wife
|-resisted|p2a: Bluebeard's Wife
|-damage|p2a: Bluebeard's Wife|97/100
|
|upkeep
|turn|38
|
|t:|1781333924
|move|p2a: Bluebeard's Wife|Dragon Dance|p2a: Bluebeard's Wife
|-boost|p2a: Bluebeard's Wife|atk|1
|-boost|p2a: Bluebeard's Wife|spe|1
|move|p1a: Corviknight|Brave Bird|p2a: Bluebeard's Wife
|-damage|p2a: Bluebeard's Wife|61/100
|-damage|p1a: Corviknight|68/100|[from] Recoil
|
|upkeep
|turn|39
|
|t:|1781333934
|move|p2a: Bluebeard's Wife|Roost|p2a: Bluebeard's Wife
|-heal|p2a: Bluebeard's Wife|100/100
|-singleturn|p2a: Bluebeard's Wife|move: Roost
|move|p1a: Corviknight|U-turn|p2a: Bluebeard's Wife
|-damage|p2a: Bluebeard's Wife|94/100
|
|upkeep
|turn|40
|
|t:|1781333944
|move|p2a: Bluebeard's Wife|Dragon Dance|p2a: Bluebeard's Wife
|-boost|p2a: Bluebeard's Wife|atk|1
|-boost|p2a: Bluebeard's Wife|spe|1
|move|p1a: Corviknight|U-turn|p2a: Bluebeard's Wife
|-resisted|p2a: Bluebeard's Wife
|-damage|p2a: Bluebeard's Wife|88/100
|
|upkeep
|turn|41
|
|t:|1781333954
|move|p2a: Bluebeard's Wife|Extreme Speed|p1a: Corviknight
|-damage|p1a: Corviknight|56/100
|-damage|p2a: Bluebeard's Wife|71/100|[from] item: Rocky Helmet|[of] p1a: Corviknight
|move|p1a: Corviknight|Brave Bird|p2a: Bluebeard's Wife
|-damage|p2a: Bluebeard's Wife|36/100
|-damage|p1a: Corviknight|44/100|[from] Recoil
|
|upkeep
|turn|42
|
|t:|1781333963
|move|p2a: Bluebeard's Wife|Roost|p2a: Bluebeard's Wife
|-heal|p2a: Bluebeard's Wife|86/100
|-singleturn|p2a: Bluebeard's Wife|move: Roost
|move|p1a: Corviknight|Roost|p1a: Corviknight
|-heal|p1a: Corviknight|94/100
|
|upkeep
|turn|43
|
|t:|1781333972
|move|p2a: Bluebeard's Wife|Dragon Dance|p2a: Bluebeard's Wife
|-boost|p2a: Bluebeard's Wife|atk|1
|-boost|p2a: Bluebeard's Wife|spe|1
|move|p1a: Corviknight|U-turn|p2a: Bluebeard's Wife
|-resisted|p2a: Bluebeard's Wife
|-damage|p2a: Bluebeard's Wife|79/100
|
|upkeep
|turn|44
|
|t:|1781333980
|move|p2a: Bluebeard's Wife|Fire Punch|p1a: Corviknight
|-resisted|p1a: Corviknight
|-damage|p1a: Corviknight|87/100
|-damage|p2a: Bluebeard's Wife|63/100|[from] item: Rocky Helmet|[of] p1a: Corviknight
|move|p1a: Corviknight|U-turn|p2a: Bluebeard's Wife
|-resisted|p2a: Bluebeard's Wife
|-damage|p2a: Bluebeard's Wife|56/100
|
|upkeep
|turn|45
|
|t:|1781333989
|move|p2a: Bluebeard's Wife|Roost|p2a: Bluebeard's Wife
|-heal|p2a: Bluebeard's Wife|100/100
|-singleturn|p2a: Bluebeard's Wife|move: Roost
|move|p1a: Corviknight|U-turn|p2a: Bluebeard's Wife
|-damage|p2a: Bluebeard's Wife|93/100
|
|upkeep
|turn|46
|
|t:|1781333998
|move|p2a: Bluebeard's Wife|Fire Punch|p1a: Corviknight
|-resisted|p1a: Corviknight
|-damage|p1a: Corviknight|80/100
|-damage|p2a: Bluebeard's Wife|77/100|[from] item: Rocky Helmet|[of] p1a: Corviknight
|move|p1a: Corviknight|U-turn|p2a: Bluebeard's Wife
|-resisted|p2a: Bluebeard's Wife
|-damage|p2a: Bluebeard's Wife|71/100
|
|upkeep
|turn|47
|
|t:|1781334007
|move|p2a: Bluebeard's Wife|Fire Punch|p1a: Corviknight
|-resisted|p1a: Corviknight
|-damage|p1a: Corviknight|73/100
|-damage|p2a: Bluebeard's Wife|54/100|[from] item: Rocky Helmet|[of] p1a: Corviknight
|move|p1a: Corviknight|U-turn|p2a: Bluebeard's Wife
|-resisted|p2a: Bluebeard's Wife
|-damage|p2a: Bluebeard's Wife|47/100
|
|upkeep
|turn|48
|
|t:|1781334016
|move|p2a: Bluebeard's Wife|Roost|p2a: Bluebeard's Wife
|-heal|p2a: Bluebeard's Wife|97/100
|-singleturn|p2a: Bluebeard's Wife|move: Roost
|move|p1a: Corviknight|U-turn|p2a: Bluebeard's Wife
|-damage|p2a: Bluebeard's Wife|84/100
|
|upkeep
|turn|49
|
|t:|1781334024
|move|p2a: Bluebeard's Wife|Extreme Speed|p1a: Corviknight
|-damage|p1a: Corviknight|59/100
|-damage|p2a: Bluebeard's Wife|68/100|[from] item: Rocky Helmet|[of] p1a: Corviknight
|move|p1a: Corviknight|U-turn|p2a: Bluebeard's Wife
|-resisted|p2a: Bluebeard's Wife
|-damage|p2a: Bluebeard's Wife|61/100
|
|upkeep
|turn|50
|
|t:|1781334033
|move|p2a: Bluebeard's Wife|Fire Punch|p1a: Corviknight
|-resisted|p1a: Corviknight
|-damage|p1a: Corviknight|52/100
|-damage|p2a: Bluebeard's Wife|44/100|[from] item: Rocky Helmet|[of] p1a: Corviknight
|move|p1a: Corviknight|U-turn|p2a: Bluebeard's Wife
|-resisted|p2a: Bluebeard's Wife
|-damage|p2a: Bluebeard's Wife|37/100
|
|upkeep
|turn|51
|
|t:|1781334042
|move|p2a: Bluebeard's Wife|Roost|p2a: Bluebeard's Wife
|-heal|p2a: Bluebeard's Wife|87/100
|-singleturn|p2a: Bluebeard's Wife|move: Roost
|move|p1a: Corviknight|Roost|p1a: Corviknight
|-heal|p1a: Corviknight|100/100
|
|upkeep
|turn|52
|
|t:|1781334050
|move|p2a: Bluebeard's Wife|Fire Punch|p1a: Corviknight
|-resisted|p1a: Corviknight
|-damage|p1a: Corviknight|94/100
|-damage|p2a: Bluebeard's Wife|71/100|[from] item: Rocky Helmet|[of] p1a: Corviknight
|move|p1a: Corviknight|U-turn|p2a: Bluebeard's Wife
|-resisted|p2a: Bluebeard's Wife
|-damage|p2a: Bluebeard's Wife|64/100
|
|upkeep
|turn|53
|
|t:|1781334059
|move|p2a: Bluebeard's Wife|Fire Punch|p1a: Corviknight
|-resisted|p1a: Corviknight
|-damage|p1a: Corviknight|87/100
|-damage|p2a: Bluebeard's Wife|47/100|[from] item: Rocky Helmet|[of] p1a: Corviknight
|move|p1a: Corviknight|U-turn|p2a: Bluebeard's Wife
|-resisted|p2a: Bluebeard's Wife
|-damage|p2a: Bluebeard's Wife|41/100
|
|upkeep
|turn|54
|
|t:|1781334067
|move|p2a: Bluebeard's Wife|Extreme Speed|p1a: Corviknight
|-damage|p1a: Corviknight|73/100
|-damage|p2a: Bluebeard's Wife|24/100|[from] item: Rocky Helmet|[of] p1a: Corviknight
|move|p1a: Corviknight|U-turn|p2a: Bluebeard's Wife
|-resisted|p2a: Bluebeard's Wife
|-damage|p2a: Bluebeard's Wife|18/100
|
|upkeep
|turn|55
|
|t:|1781334075
|move|p2a: Bluebeard's Wife|Fire Punch|p1a: Corviknight
|-resisted|p1a: Corviknight
|-damage|p1a: Corviknight|66/100
|-damage|p2a: Bluebeard's Wife|1/100|[from] item: Rocky Helmet|[of] p1a: Corviknight
|move|p1a: Corviknight|Roost|p1a: Corviknight
|-heal|p1a: Corviknight|100/100
|
|upkeep
|turn|56
|
|t:|1781334082
|move|p2a: Bluebeard's Wife|Fire Punch|p1a: Corviknight
|-resisted|p1a: Corviknight
|-damage|p1a: Corviknight|94/100
|-damage|p2a: Bluebeard's Wife|0 fnt|[from] item: Rocky Helmet|[of] p1a: Corviknight
|faint|p2a: Bluebeard's Wife
|move|p1a: Corviknight|U-turn|p2: Bluebeard's Wife|[notarget]
|-fail|p1a: Corviknight
|
|upkeep
|
|t:|1781334088
|switch|p2a: Fearless|Great Tusk|68/100
|turn|57
|
|t:|1781334093
|move|p2a: Fearless|Rapid Spin|p1a: Corviknight
|-damage|p1a: Corviknight|91/100
|-boost|p2a: Fearless|spe|1
|-damage|p2a: Fearless|51/100|[from] item: Rocky Helmet|[of] p1a: Corviknight
|move|p1a: Corviknight|Brave Bird|p2a: Fearless
|-supereffective|p2a: Fearless
|-damage|p2a: Fearless|11/100
|-damage|p1a: Corviknight|77/100|[from] Recoil
|
|-heal|p2a: Fearless|17/100|[from] item: Leftovers
|upkeep
|turn|58
|
|t:|1781334097
|move|p2a: Fearless|Stealth Rock||[still]
|-fail|p2a: Fearless
|move|p1a: Corviknight|Brave Bird|p2a: Fearless
|-supereffective|p2a: Fearless
|-damage|p2a: Fearless|0 fnt
|faint|p2a: Fearless
|-end|p2a: Fearless|Protosynthesis|[silent]
|-damage|p1a: Corviknight|71/100|[from] Recoil
|
|win|Dillnchill
|raw|Dillnchill's rating: 1541 &rarr; <strong>1572</strong><br />(+31 for winning)
|raw|oddishlover4's rating: 1751 &rarr; <strong>1720</strong><br />(-31 for losing)
|c|☆oddishlover4|GG!
|c|☆Dillnchill|Gg
|l|☆Dillnchill
|player|p1|
