|badge|p2|bronze|gen9ou|100-9
|uhtml|medal-msg|<div class="broadcast-blue">Curious what those medals under the avatar are? PS now has Ladder Seasons! For more information, check out the <a href="https://www.smogon.com/forums/threads/3740067/">thread on Smogon.</a></div>
|j|☆phreshoatmeal
|j|☆BlackStar150520
|t:|1781474564
|gametype|singles
|player|p1|phreshoatmeal|265|1620
|player|p2|BlackStar150520|unknown|1842
|gen|9
|tier|[Gen 9] OU
|rated|
|rule|HP Percentage Mod: HP is shown in percentages
|rule|Endless Battle Clause: Forcing endless battles is banned
|rule|Species Clause: Limit one of each Pokémon
|rule|OHKO Clause: OHKO moves are banned
|rule|Evasion Items Clause: Evasion items are banned
|rule|Evasion Moves Clause: Evasion moves are banned
|rule|Evasion Abilities Clause: Evasion abilities are banned
|rule|Sleep Moves Clause: Sleep-inducing moves are banned
|clearpoke
|poke|p1|Tyranitar, F|
|poke|p1|Excadrill, F|
|poke|p1|Hatterene, F|
|poke|p1|Hippowdon, F|
|poke|p1|Toxapex, M|
|poke|p1|Iron Valiant|
|poke|p2|Kingambit, F|
|poke|p2|Iron Valiant|
|poke|p2|Cinderace, F|
|poke|p2|Raging Bolt|
|poke|p2|Ogerpon-Wellspring, F|
|poke|p2|Garchomp, M|
|teampreview
|inactive|Battle timer is ON: inactive players will automatically lose when time's up. (requested by BlackStar150520)
|
|t:|1781474589
|teamsize|p1|6
|teamsize|p2|6
|start
|switch|p1a: Iron Valiant|Iron Valiant|100/100
|switch|p2a: 🎭|Ogerpon-Wellspring, F|100/100
|turn|1
|j| nepturee
|
|t:|1781474601
|switch|p2a: BunnyGirlSenpai|Cinderace, F|100/100
|move|p1a: Iron Valiant|Moonblast|p2a: BunnyGirlSenpai
|-resisted|p2a: BunnyGirlSenpai
|-damage|p2a: BunnyGirlSenpai|69/100
|-unboost|p2a: BunnyGirlSenpai|spa|1
|-damage|p1a: Iron Valiant|91/100|[from] item: Life Orb
|
|upkeep
|turn|2
|
|t:|1781474611
|-end|p1a: Iron Valiant|Quark Drive|[silent]
|switch|p1a: Hippowdon|Hippowdon, F|100/100
|-weather|Sandstorm|[from] ability: Sand Stream|[of] p1a: Hippowdon
|move|p2a: BunnyGirlSenpai|Pyro Ball|p1a: Hippowdon
|-damage|p1a: Hippowdon|76/100
|-status|p1a: Hippowdon|brn
|-enditem|p1a: Hippowdon|Eject Button
|
|t:|1781474614
|switch|p1a: Excadrill|Excadrill, F|100/100
|
|-weather|Sandstorm|[upkeep]
|-damage|p2a: BunnyGirlSenpai|63/100|[from] Sandstorm
|upkeep
|turn|3
|
|t:|1781474626
|move|p1a: Excadrill|Rock Slide|p2a: BunnyGirlSenpai
|-supereffective|p2a: BunnyGirlSenpai
|-damage|p2a: BunnyGirlSenpai|0 fnt
|faint|p2a: BunnyGirlSenpai
|
|-weather|Sandstorm|[upkeep]
|upkeep
|
|t:|1781474629
|switch|p2a: 🦈|Garchomp, M, shiny|100/100
|turn|4
|
|t:|1781474636
|switch|p1a: Hatterene|Hatterene, F|100/100
|move|p2a: 🦈|Earthquake|p1a: Hatterene
|-damage|p1a: Hatterene|56/100
|-damage|p2a: 🦈|91/100|[from] item: Life Orb
|
|-weather|Sandstorm|[upkeep]
|-damage|p1a: Hatterene|50/100|[from] Sandstorm
|-heal|p1a: Hatterene|56/100|[from] item: Leftovers
|upkeep
|turn|5
|j| Slaneeshy
|
|t:|1781474644
|switch|p2a: 🎭|Ogerpon-Wellspring, F|100/100
|move|p1a: Hatterene|Pain Split|p2a: 🎭
|-sethp|p2a: 🎭|80/100|[from] move: Pain Split|[silent]
|-sethp|p1a: Hatterene|76/100|[from] move: Pain Split
|
|-weather|Sandstorm|[upkeep]
|-damage|p2a: 🎭|74/100|[from] Sandstorm
|-damage|p1a: Hatterene|70/100|[from] Sandstorm
|-heal|p1a: Hatterene|76/100|[from] item: Leftovers
|upkeep
|turn|6
|
|t:|1781474649
|switch|p1a: Toxapex|Toxapex, M|100/100
|move|p2a: 🎭|Knock Off|p1a: Toxapex
|-damage|p1a: Toxapex|76/100
|-enditem|p1a: Toxapex|Eject Button|[from] move: Knock Off|[of] p2a: 🎭
|
|-weather|none
|upkeep
|turn|7
|
|t:|1781474657
|move|p2a: 🎭|U-turn|p1a: Toxapex
|-resisted|p1a: Toxapex
|-damage|p1a: Toxapex|68/100
|
|t:|1781474661
|switch|p2a: Aizen🗡️|Kingambit, F, shiny|100/100|[from] U-turn
|-activate|p2a: Aizen🗡️|ability: Supreme Overlord
|-start|p2a: Aizen🗡️|fallen1|[silent]
|move|p1a: Toxapex|Toxic|p2a: Aizen🗡️
|-immune|p2a: Aizen🗡️
|
|upkeep
|turn|8
|
|t:|1781474674
|move|p2a: Aizen🗡️|Swords Dance|p2a: Aizen🗡️
|-boost|p2a: Aizen🗡️|atk|2
|move|p1a: Toxapex|Haze|p1a: Toxapex
|-clearallboost
|
|upkeep
|turn|9
|
|t:|1781474678
|move|p2a: Aizen🗡️|Iron Head|p1a: Toxapex
|-resisted|p1a: Toxapex
|-damage|p1a: Toxapex|54/100
|move|p1a: Toxapex|Haze|p1a: Toxapex
|-clearallboost
|
|upkeep
|turn|10
|
|t:|1781474681
|move|p2a: Aizen🗡️|Swords Dance|p2a: Aizen🗡️
|-boost|p2a: Aizen🗡️|atk|2
|move|p1a: Toxapex|Pain Split|p2a: Aizen🗡️
|-sethp|p2a: Aizen🗡️|72/100|[from] move: Pain Split|[silent]
|-sethp|p1a: Toxapex|90/100|[from] move: Pain Split
|
|-heal|p2a: Aizen🗡️|78/100|[from] item: Leftovers
|upkeep
|turn|11
|
|t:|1781474686
|move|p2a: Aizen🗡️|Iron Head|p1a: Toxapex
|-resisted|p1a: Toxapex
|-damage|p1a: Toxapex|61/100
|move|p1a: Toxapex|Haze|p1a: Toxapex
|-clearallboost
|
|-heal|p2a: Aizen🗡️|84/100|[from] item: Leftovers
|upkeep
|turn|12
|
|t:|1781474697
|switch|p1a: Hippowdon|Hippowdon, F|76/100 brn
|-weather|Sandstorm|[from] ability: Sand Stream|[of] p1a: Hippowdon
|move|p2a: Aizen🗡️|Swords Dance|p2a: Aizen🗡️
|-boost|p2a: Aizen🗡️|atk|2
|
|-weather|Sandstorm|[upkeep]
|-heal|p2a: Aizen🗡️|90/100|[from] item: Leftovers
|-damage|p1a: Hippowdon|70/100 brn|[from] brn
|upkeep
|turn|13
|
|t:|1781474703
|move|p2a: Aizen🗡️|Swords Dance|p2a: Aizen🗡️
|-boost|p2a: Aizen🗡️|atk|2
|move|p1a: Hippowdon|Whirlwind|p2a: Aizen🗡️
|-end|p2a: Aizen🗡️|fallen1|[silent]
|drag|p2a: 🎭|Ogerpon-Wellspring, F|74/100
|
|-weather|Sandstorm|[upkeep]
|-damage|p2a: 🎭|68/100|[from] Sandstorm
|-damage|p1a: Hippowdon|64/100 brn|[from] brn
|upkeep
|turn|14
|
|t:|1781474709
|switch|p1a: Toxapex|Toxapex, M|94/100
|move|p2a: 🎭|Ivy Cudgel|p1a: Toxapex|[anim] Ivy Cudgel Water
|-resisted|p1a: Toxapex
|-damage|p1a: Toxapex|75/100
|
|-weather|Sandstorm|[upkeep]
|-damage|p2a: 🎭|62/100|[from] Sandstorm
|-damage|p1a: Toxapex|69/100|[from] Sandstorm
|upkeep
|turn|15
|
|t:|1781474716
|switch|p1a: Excadrill|Excadrill, F|100/100
|move|p2a: 🎭|U-turn|p1a: Excadrill
|-resisted|p1a: Excadrill
|-damage|p1a: Excadrill|82/100
|
|t:|1781474719
|switch|p2a: 🦈|Garchomp, M, shiny|91/100|[from] U-turn
|
|-weather|Sandstorm|[upkeep]
|upkeep
|turn|16
|inactive|phreshoatmeal has 120 seconds left.
|
|t:|1781474758
|-terastallize|p1a: Excadrill|Ground
|move|p1a: Excadrill|Earthquake|p2a: 🦈
|-damage|p2a: 🦈|0 fnt
|faint|p2a: 🦈
|
|-weather|none
|upkeep
|
|t:|1781474763
|switch|p2a: 🎭|Ogerpon-Wellspring, F|62/100
|turn|17
|
|t:|1781474768
|switch|p1a: Tyranitar|Tyranitar, F|100/100
|-weather|Sandstorm|[from] ability: Sand Stream|[of] p1a: Tyranitar
|move|p2a: 🎭|U-turn|p1a: Tyranitar
|-supereffective|p1a: Tyranitar
|-damage|p1a: Tyranitar|60/100
|-enditem|p1a: Tyranitar|Eject Button
|
|t:|1781474773
|switch|p1a: Excadrill|Excadrill, F, tera:Ground|82/100
|
|-weather|Sandstorm|[upkeep]
|-damage|p2a: 🎭|56/100|[from] Sandstorm
|upkeep
|turn|18
|
|t:|1781474777
|move|p1a: Excadrill|Earthquake|p2a: 🎭
|-resisted|p2a: 🎭
|-damage|p2a: 🎭|0 fnt
|faint|p2a: 🎭
|
|-weather|Sandstorm|[upkeep]
|upkeep
|
|t:|1781474798
|switch|p2a: Aizen🗡️|Kingambit, F, shiny|90/100
|-activate|p2a: Aizen🗡️|ability: Supreme Overlord
|-start|p2a: Aizen🗡️|fallen3|[silent]
|turn|19
|
|t:|1781474804
|switch|p1a: Hippowdon|Hippowdon, F|64/100 brn
|move|p2a: Aizen🗡️|Sucker Punch||[still]
|-fail|p2a: Aizen🗡️
|
|-weather|Sandstorm|[upkeep]
|-heal|p2a: Aizen🗡️|96/100|[from] item: Leftovers
|-damage|p1a: Hippowdon|58/100 brn|[from] brn
|upkeep
|turn|20
|
|t:|1781474813
|move|p2a: Aizen🗡️|Swords Dance|p2a: Aizen🗡️
|-boost|p2a: Aizen🗡️|atk|2
|move|p1a: Hippowdon|Whirlwind|p2a: Aizen🗡️
|-end|p2a: Aizen🗡️|fallen3|[silent]
|drag|p2a: Hero|Iron Valiant|100/100
|-enditem|p2a: Hero|Booster Energy
|-activate|p2a: Hero|ability: Quark Drive|[fromitem]
|-start|p2a: Hero|quarkdrivespe
|
|-weather|Sandstorm|[upkeep]
|-damage|p2a: Hero|94/100|[from] Sandstorm
|-damage|p1a: Hippowdon|51/100 brn|[from] brn
|upkeep
|turn|21
|
|t:|1781474820
|switch|p1a: Toxapex|Toxapex, M|100/100
|move|p2a: Hero|Moonblast|p1a: Toxapex
|-resisted|p1a: Toxapex
|-damage|p1a: Toxapex|82/100
|
|-weather|none
|upkeep
|turn|22
|
|t:|1781474825
|switch|p1a: Hippowdon|Hippowdon, F|51/100 brn
|-weather|Sandstorm|[from] ability: Sand Stream|[of] p1a: Hippowdon
|move|p2a: Hero|Psyshock|p1a: Hippowdon
|-damage|p1a: Hippowdon|37/100 brn
|
|-weather|Sandstorm|[upkeep]
|-damage|p2a: Hero|88/100|[from] Sandstorm
|-damage|p1a: Hippowdon|31/100 brn|[from] brn
|upkeep
|turn|23
|
|t:|1781474830
|move|p2a: Hero|Calm Mind|p2a: Hero
|-boost|p2a: Hero|spa|1
|-boost|p2a: Hero|spd|1
|move|p1a: Hippowdon|Earthquake|p2a: Hero
|-damage|p2a: Hero|64/100
|
|-weather|Sandstorm|[upkeep]
|-damage|p2a: Hero|58/100|[from] Sandstorm
|-damage|p1a: Hippowdon|25/100 brn|[from] brn
|upkeep
|turn|24
|
|t:|1781474842
|move|p2a: Hero|Moonblast|p1a: Hippowdon
|-damage|p1a: Hippowdon|0 fnt
|faint|p1a: Hippowdon
|
|-weather|Sandstorm|[upkeep]
|-damage|p2a: Hero|52/100|[from] Sandstorm
|upkeep
|
|t:|1781474844
|switch|p1a: Excadrill|Excadrill, F, tera:Ground|82/100
|turn|25
|
|t:|1781474847
|move|p1a: Excadrill|Earthquake|p2a: Hero
|-damage|p2a: Hero|0 fnt
|faint|p2a: Hero
|-end|p2a: Hero|Quark Drive|[silent]
|
|-weather|Sandstorm|[upkeep]
|upkeep
|
|t:|1781474850
|switch|p2a: Aizen🗡️|Kingambit, F, shiny|96/100
|-activate|p2a: Aizen🗡️|ability: Supreme Overlord
|-start|p2a: Aizen🗡️|fallen4|[silent]
|turn|26
|
|t:|1781474855
|switch|p1a: Toxapex|Toxapex, M|100/100
|move|p2a: Aizen🗡️|Sucker Punch||[still]
|-fail|p2a: Aizen🗡️
|
|-weather|none
|-heal|p2a: Aizen🗡️|100/100|[from] item: Leftovers
|upkeep
|turn|27
|
|t:|1781474862
|-end|p2a: Aizen🗡️|fallen4|[silent]
|switch|p2a: ⚡️|Raging Bolt|100/100
|move|p1a: Toxapex|Liquidation|p2a: ⚡️
|-resisted|p2a: ⚡️
|-damage|p2a: ⚡️|90/100
|-unboost|p2a: ⚡️|def|1
|
|-heal|p2a: ⚡️|96/100|[from] item: Leftovers
|upkeep
|turn|28
|
|t:|1781474871
|-end|p2a: ⚡️|Protosynthesis|[silent]
|switch|p2a: Aizen🗡️|Kingambit, F, shiny|100/100
|-activate|p2a: Aizen🗡️|ability: Supreme Overlord
|-start|p2a: Aizen🗡️|fallen4|[silent]
|switch|p1a: Hatterene|Hatterene, F|76/100
|
|-heal|p1a: Hatterene|82/100|[from] item: Leftovers
|upkeep
|turn|29
|
|t:|1781474888
|switch|p1a: Toxapex|Toxapex, M|100/100
|move|p2a: Aizen🗡️|Iron Head|p1a: Toxapex
|-resisted|p1a: Toxapex
|-damage|p1a: Toxapex|79/100
|
|upkeep
|turn|30
|
|t:|1781474895
|move|p2a: Aizen🗡️|Iron Head|p1a: Toxapex
|-resisted|p1a: Toxapex
|-damage|p1a: Toxapex|59/100
|cant|p1a: Toxapex|flinch
|
|upkeep
|turn|31
|
|t:|1781474898
|move|p2a: Aizen🗡️|Swords Dance|p2a: Aizen🗡️
|-boost|p2a: Aizen🗡️|atk|2
|move|p1a: Toxapex|Pain Split|p2a: Aizen🗡️
|-sethp|p2a: Aizen🗡️|74/100|[from] move: Pain Split|[silent]
|-sethp|p1a: Toxapex|93/100|[from] move: Pain Split
|
|-heal|p2a: Aizen🗡️|80/100|[from] item: Leftovers
|upkeep
|turn|32
|
|t:|1781474901
|move|p2a: Aizen🗡️|Iron Head|p1a: Toxapex
|-resisted|p1a: Toxapex
|-damage|p1a: Toxapex|52/100
|move|p1a: Toxapex|Haze|p1a: Toxapex
|-clearallboost
|
|-heal|p2a: Aizen🗡️|86/100|[from] item: Leftovers
|upkeep
|turn|33
|j| No Bithes?????
|l| No Bithes?????
|
|t:|1781474928
|switch|p1a: Tyranitar|Tyranitar, F|60/100
|-weather|Sandstorm|[from] ability: Sand Stream|[of] p1a: Tyranitar
|move|p2a: Aizen🗡️|Iron Head|p1a: Tyranitar
|-supereffective|p1a: Tyranitar
|-damage|p1a: Tyranitar|0 fnt
|faint|p1a: Tyranitar
|
|-weather|Sandstorm|[upkeep]
|-heal|p2a: Aizen🗡️|92/100|[from] item: Leftovers
|upkeep
|
|t:|1781474934
|switch|p1a: Iron Valiant|Iron Valiant|91/100
|turn|34
|
|t:|1781474946
|-terastallize|p2a: Aizen🗡️|Ghost
|move|p1a: Iron Valiant|Drain Punch|p2a: Aizen🗡️
|-immune|p2a: Aizen🗡️
|move|p2a: Aizen🗡️|Iron Head|p1a: Iron Valiant
|-supereffective|p1a: Iron Valiant
|-damage|p1a: Iron Valiant|0 fnt
|faint|p1a: Iron Valiant
|-end|p1a: Iron Valiant|Quark Drive|[silent]
|
|-weather|Sandstorm|[upkeep]
|-damage|p2a: Aizen🗡️|86/100|[from] Sandstorm
|-heal|p2a: Aizen🗡️|92/100|[from] item: Leftovers
|upkeep
|inactive|phreshoatmeal has 120 seconds left.
|
|t:|1781474959
|switch|p1a: Toxapex|Toxapex, M|85/100
|turn|35
|
|t:|1781474962
|-end|p2a: Aizen🗡️|fallen4|[silent]
|switch|p2a: ⚡️|Raging Bolt|96/100
|move|p1a: Toxapex|Toxic|p2a: ⚡️
|-status|p2a: ⚡️|tox
|
|-weather|Sandstorm|[upkeep]
|-damage|p2a: ⚡️|90/100 tox|[from] Sandstorm
|-damage|p1a: Toxapex|79/100|[from] Sandstorm
|-heal|p2a: ⚡️|96/100 tox|[from] item: Leftovers
|-damage|p2a: ⚡️|90/100 tox|[from] psn
|upkeep
|turn|36
|
|t:|1781474967
|switch|p1a: Hatterene|Hatterene, F|82/100
|move|p2a: ⚡️|Thunderbolt|p1a: Hatterene
|-damage|p1a: Hatterene|30/100
|
|-weather|Sandstorm|[upkeep]
|-damage|p2a: ⚡️|84/100 tox|[from] Sandstorm
|-damage|p1a: Hatterene|24/100|[from] Sandstorm
|-heal|p2a: ⚡️|90/100 tox|[from] item: Leftovers
|-heal|p1a: Hatterene|30/100|[from] item: Leftovers
|-damage|p2a: ⚡️|78/100 tox|[from] psn
|upkeep
|turn|37
|
|t:|1781474973
|switch|p1a: Excadrill|Excadrill, F, tera:Ground|82/100
|move|p2a: ⚡️|Dragon Pulse|p1a: Excadrill
|-damage|p1a: Excadrill|15/100
|
|-weather|none
|-heal|p2a: ⚡️|84/100 tox|[from] item: Leftovers
|-damage|p2a: ⚡️|66/100 tox|[from] psn
|upkeep
|turn|38
|
|t:|1781474981
|move|p1a: Excadrill|Earthquake|p2a: ⚡️
|-supereffective|p2a: ⚡️
|-damage|p2a: ⚡️|0 fnt
|faint|p2a: ⚡️
|-end|p2a: ⚡️|Protosynthesis|[silent]
|
|upkeep
|
|t:|1781474983
|switch|p2a: Aizen🗡️|Kingambit, F, shiny, tera:Ghost|92/100
|-activate|p2a: Aizen🗡️|ability: Supreme Overlord
|-start|p2a: Aizen🗡️|fallen5|[silent]
|turn|39
|
|t:|1781474987
|move|p2a: Aizen🗡️|Sucker Punch|p1a: Excadrill
|-damage|p1a: Excadrill|0 fnt
|faint|p1a: Excadrill
|
|-heal|p2a: Aizen🗡️|98/100|[from] item: Leftovers
|upkeep
|
|t:|1781474989
|switch|p1a: Toxapex|Toxapex, M|100/100
|turn|40
|
|t:|1781474995
|move|p2a: Aizen🗡️|Iron Head|p1a: Toxapex
|-resisted|p1a: Toxapex
|-damage|p1a: Toxapex|80/100
|move|p1a: Toxapex|Toxic|p2a: Aizen🗡️
|-status|p2a: Aizen🗡️|tox
|
|-heal|p2a: Aizen🗡️|100/100 tox|[from] item: Leftovers
|-damage|p2a: Aizen🗡️|94/100 tox|[from] psn
|upkeep
|turn|41
|
|t:|1781475001
|move|p2a: Aizen🗡️|Iron Head|p1a: Toxapex
|-resisted|p1a: Toxapex
|-damage|p1a: Toxapex|60/100
|move|p1a: Toxapex|Haze|p1a: Toxapex
|-clearallboost
|
|-heal|p2a: Aizen🗡️|100/100 tox|[from] item: Leftovers
|-damage|p2a: Aizen🗡️|88/100 tox|[from] psn
|upkeep
|turn|42
|
|t:|1781475007
|move|p2a: Aizen🗡️|Swords Dance|p2a: Aizen🗡️
|-boost|p2a: Aizen🗡️|atk|2
|move|p1a: Toxapex|Pain Split|p2a: Aizen🗡️
|-sethp|p2a: Aizen🗡️|68/100 tox|[from] move: Pain Split|[silent]
|-sethp|p1a: Toxapex|86/100|[from] move: Pain Split
|
|-heal|p2a: Aizen🗡️|74/100 tox|[from] item: Leftovers
|-damage|p2a: Aizen🗡️|56/100 tox|[from] psn
|upkeep
|turn|43
|
|t:|1781475010
|move|p2a: Aizen🗡️|Iron Head|p1a: Toxapex
|-resisted|p1a: Toxapex
|-damage|p1a: Toxapex|46/100
|move|p1a: Toxapex|Haze|p1a: Toxapex
|-clearallboost
|
|-heal|p2a: Aizen🗡️|62/100 tox|[from] item: Leftovers
|-damage|p2a: Aizen🗡️|38/100 tox|[from] psn
|upkeep
|turn|44
|
|t:|1781475016
|switch|p1a: Hatterene|Hatterene, F|30/100
|move|p2a: Aizen🗡️|Iron Head|p1a: Hatterene
|-supereffective|p1a: Hatterene
|-damage|p1a: Hatterene|0 fnt
|faint|p1a: Hatterene
|
|-heal|p2a: Aizen🗡️|44/100 tox|[from] item: Leftovers
|-damage|p2a: Aizen🗡️|14/100 tox|[from] psn
|upkeep
|
|t:|1781475020
|switch|p1a: Toxapex|Toxapex, M|80/100
|turn|45
|
|t:|1781475023
|move|p2a: Aizen🗡️|Iron Head|p1a: Toxapex
|-resisted|p1a: Toxapex
|-damage|p1a: Toxapex|57/100
|move|p1a: Toxapex|Liquidation|p2a: Aizen🗡️
|-damage|p2a: Aizen🗡️|0 fnt
|faint|p2a: Aizen🗡️
|-end|p2a: Aizen🗡️|fallen5|[silent]
|
|win|phreshoatmeal
|raw|phreshoatmeal's rating: 1620 &rarr; <strong>1651</strong><br />(+31 for winning)
|raw|BlackStar150520's rating: 1842 &rarr; <strong>1811</strong><br />(-31 for losing)
|l|☆BlackStar150520
|player|p2|
|l|☆phreshoatmeal
|player|p1|
|j|☆phreshoatmeal
|player|p1|phreshoatmeal|265|
|l|☆phreshoatmeal
|player|p1|
