|j|☆mastermar22
|j|☆extra-pseudo man
|t:|1781374428
|gametype|singles
|player|p1|mastermar22|volkner|1600
|player|p2|extra-pseudo man|102|1619
|gen|9
|tier|[Gen 9] OU
|rated|
|rule|HP Percentage Mod: HP is shown in percentages
|rule|Endless Battle Clause: Forcing endless battles is banned
|rule|Species Clause: Limit one of each Pokémon
|rule|OHKO Clause: OHKO moves are banned
|rule|Evasion Items Clause: Evasion items are banned
|rule|Evasion Moves Clause: Evasion moves are banned
|rule|Evasion Abilities Clause: Evasion abilities are banned
|rule|Sleep Moves Clause: Sleep-inducing moves are banned
|clearpoke
|poke|p1|Ninetales, M|
|poke|p1|Walking Wake|
|poke|p1|Great Tusk|
|poke|p1|Venusaur, M|
|poke|p1|Raging Bolt|
|poke|p1|Kingambit, M|
|poke|p2|Dragonite, F|
|poke|p2|Dragapult, M|
|poke|p2|Tyranitar, M|
|poke|p2|Metagross|
|poke|p2|Goodra-Hisui, F|
|poke|p2|Garchomp, M|
|teampreview
|inactive|Battle timer is ON: inactive players will automatically lose when time's up. (requested by mastermar22)
|
|t:|1781374440
|teamsize|p1|6
|teamsize|p2|6
|start
|switch|p1a: Walking Wake|Walking Wake|100/100
|switch|p2a: He pulten on it|Dragapult, M|100/100
|turn|1
|
|t:|1781374454
|move|p2a: He pulten on it|Draco Meteor|p1a: Walking Wake
|-supereffective|p1a: Walking Wake
|-damage|p1a: Walking Wake|0 fnt
|-unboost|p2a: He pulten on it|spa|2
|faint|p1a: Walking Wake
|-end|p1a: Walking Wake|Protosynthesis|[silent]
|
|upkeep
|
|t:|1781374473
|switch|p1a: Raging Bolt|Raging Bolt|100/100
|-item|p1a: Raging Bolt|Air Balloon
|turn|2
|
|t:|1781374498
|move|p2a: He pulten on it|U-turn|p1a: Raging Bolt
|-damage|p1a: Raging Bolt|84/100
|-enditem|p1a: Raging Bolt|Air Balloon
|
|t:|1781374501
|switch|p2a: Tyranocif|Tyranitar, M|100/100|[from] U-turn
|-weather|Sandstorm|[from] ability: Sand Stream|[of] p2a: Tyranocif
|move|p1a: Raging Bolt|Dragon Pulse|p2a: Tyranocif
|-damage|p2a: Tyranocif|80/100
|
|-weather|Sandstorm|[upkeep]
|-damage|p1a: Raging Bolt|78/100|[from] Sandstorm
|-heal|p2a: Tyranocif|86/100|[from] item: Leftovers
|upkeep
|turn|3
|
|t:|1781374507
|move|p1a: Raging Bolt|Thunderbolt|p2a: Tyranocif
|-damage|p2a: Tyranocif|63/100
|move|p2a: Tyranocif|Stealth Rock|p1a: Raging Bolt
|-sidestart|p1: mastermar22|move: Stealth Rock
|
|-weather|Sandstorm|[upkeep]
|-damage|p1a: Raging Bolt|71/100|[from] Sandstorm
|-heal|p2a: Tyranocif|69/100|[from] item: Leftovers
|upkeep
|turn|4
|
|t:|1781374513
|move|p1a: Raging Bolt|Thunderbolt|p2a: Tyranocif
|-damage|p2a: Tyranocif|49/100
|move|p2a: Tyranocif|Knock Off|p1a: Raging Bolt
|-damage|p1a: Raging Bolt|43/100
|
|-weather|Sandstorm|[upkeep]
|-damage|p1a: Raging Bolt|37/100|[from] Sandstorm
|-heal|p2a: Tyranocif|55/100|[from] item: Leftovers
|upkeep
|turn|5
|
|t:|1781374519
|move|p1a: Raging Bolt|Dragon Pulse|p2a: Tyranocif
|-damage|p2a: Tyranocif|32/100
|move|p2a: Tyranocif|Ice Beam|p1a: Raging Bolt
|-supereffective|p1a: Raging Bolt
|-damage|p1a: Raging Bolt|0 fnt
|faint|p1a: Raging Bolt
|-end|p1a: Raging Bolt|Protosynthesis|[silent]
|
|-weather|Sandstorm|[upkeep]
|-heal|p2a: Tyranocif|39/100|[from] item: Leftovers
|upkeep
|
|t:|1781374524
|switch|p1a: Great Tusk|Great Tusk|100/100
|-damage|p1a: Great Tusk|98/100|[from] Stealth Rock
|turn|6
|
|t:|1781374534
|switch|p2a: Marill me|Garchomp, M|100/100
|move|p1a: Great Tusk|Ice Spinner|p2a: Marill me
|-supereffective|p2a: Marill me
|-damage|p2a: Marill me|34/100
|-damage|p1a: Great Tusk|85/100|[from] ability: Rough Skin|[of] p2a: Marill me
|-damage|p1a: Great Tusk|69/100|[from] item: Rocky Helmet|[of] p2a: Marill me
|
|-weather|none
|upkeep
|turn|7
|
|t:|1781374544
|move|p1a: Great Tusk|Ice Spinner|p2a: Marill me
|-supereffective|p2a: Marill me
|-damage|p2a: Marill me|0 fnt
|-damage|p1a: Great Tusk|56/100|[from] ability: Rough Skin|[of] p2a: Marill me
|-damage|p1a: Great Tusk|40/100|[from] item: Rocky Helmet|[of] p2a: Marill me
|faint|p2a: Marill me
|
|upkeep
|
|t:|1781374547
|switch|p2a: He pulten on it|Dragapult, M|100/100
|turn|8
|
|t:|1781374552
|move|p2a: He pulten on it|Hex|p1a: Great Tusk
|-damage|p1a: Great Tusk|14/100
|move|p1a: Great Tusk|Ice Spinner|p2a: He pulten on it
|-supereffective|p2a: He pulten on it
|-damage|p2a: He pulten on it|17/100
|
|upkeep
|turn|9
|
|t:|1781374557
|move|p2a: He pulten on it|Hex|p1a: Great Tusk
|-damage|p1a: Great Tusk|0 fnt
|faint|p1a: Great Tusk
|-end|p1a: Great Tusk|Protosynthesis|[silent]
|
|upkeep
|
|t:|1781374577
|switch|p1a: Kingambit|Kingambit, M|100/100
|-damage|p1a: Kingambit|94/100|[from] Stealth Rock
|-activate|p1a: Kingambit|ability: Supreme Overlord
|-start|p1a: Kingambit|fallen3|[silent]
|-item|p1a: Kingambit|Air Balloon
|turn|10
|
|t:|1781374594
|-end|p1a: Kingambit|fallen3|[silent]
|switch|p1a: Ninetales|Ninetales, M|100/100
|-damage|p1a: Ninetales|76/100|[from] Stealth Rock
|-weather|SunnyDay|[from] ability: Drought|[of] p1a: Ninetales
|move|p2a: He pulten on it|Will-O-Wisp|p1a: Ninetales
|-immune|p1a: Ninetales
|
|-weather|SunnyDay|[upkeep]
|upkeep
|turn|11
|
|t:|1781374605
|move|p2a: He pulten on it|U-turn|p1a: Ninetales
|-resisted|p1a: Ninetales
|-damage|p1a: Ninetales|66/100
|
|t:|1781374608
|switch|p2a: Tyranocif|Tyranitar, M|39/100|[from] U-turn
|-weather|Sandstorm|[from] ability: Sand Stream|[of] p2a: Tyranocif
|move|p1a: Ninetales|Will-O-Wisp|p2a: Tyranocif
|-status|p2a: Tyranocif|brn
|
|-weather|Sandstorm|[upkeep]
|-damage|p1a: Ninetales|60/100|[from] Sandstorm
|-heal|p2a: Tyranocif|45/100 brn|[from] item: Leftovers
|-damage|p2a: Tyranocif|39/100 brn|[from] brn
|upkeep
|turn|12
|
|t:|1781374620
|switch|p1a: Venusaur|Venusaur, M|100/100
|-damage|p1a: Venusaur|88/100|[from] Stealth Rock
|move|p2a: Tyranocif|Knock Off|p1a: Venusaur
|-damage|p1a: Venusaur|62/100
|-enditem|p1a: Venusaur|Life Orb|[from] move: Knock Off|[of] p2a: Tyranocif
|
|-weather|Sandstorm|[upkeep]
|-damage|p1a: Venusaur|56/100|[from] Sandstorm
|-heal|p2a: Tyranocif|45/100 brn|[from] item: Leftovers
|-damage|p2a: Tyranocif|39/100 brn|[from] brn
|upkeep
|turn|13
|
|t:|1781374624
|switch|p2a: The goot|Goodra-Hisui, F|100/100
|move|p1a: Venusaur|Giga Drain|p2a: The goot
|-resisted|p2a: The goot
|-damage|p2a: The goot|93/100
|-heal|p1a: Venusaur|60/100|[from] drain|[of] p2a: The goot
|
|-weather|Sandstorm|[upkeep]
|-damage|p1a: Venusaur|54/100|[from] Sandstorm
|upkeep
|turn|14
|
|t:|1781374634
|switch|p1a: Ninetales|Ninetales, M|60/100
|-damage|p1a: Ninetales|35/100|[from] Stealth Rock
|-weather|SunnyDay|[from] ability: Drought|[of] p1a: Ninetales
|move|p2a: The goot|Flash Cannon|p1a: Ninetales
|-resisted|p1a: Ninetales
|-damage|p1a: Ninetales|5/100
|-unboost|p1a: Ninetales|spd|1
|
|-weather|SunnyDay|[upkeep]
|upkeep
|turn|15
|
|t:|1781374639
|move|p1a: Ninetales|Healing Wish|p1a: Ninetales
|faint|p1a: Ninetales
|move|p2a: The goot|Flash Cannon|p1: Ninetales|[notarget]
|-fail|p2a: The goot
|
|-weather|SunnyDay|[upkeep]
|upkeep
|
|t:|1781374643
|switch|p1a: Venusaur|Venusaur, M|54/100
|-heal|p1a: Venusaur|100/100|[from] move: Healing Wish
|-damage|p1a: Venusaur|88/100|[from] Stealth Rock
|turn|16
|
|t:|1781374651
|move|p1a: Venusaur|Giga Drain|p2a: The goot
|-resisted|p2a: The goot
|-damage|p2a: The goot|86/100
|-heal|p1a: Venusaur|92/100|[from] drain|[of] p2a: The goot
|move|p2a: The goot|Flash Cannon|p1a: Venusaur
|-damage|p1a: Venusaur|19/100
|
|-weather|SunnyDay|[upkeep]
|upkeep
|turn|17
|
|t:|1781374655
|move|p1a: Venusaur|Weather Ball|p2a: The goot
|-damage|p2a: The goot|47/100
|move|p2a: The goot|Flash Cannon|p1a: Venusaur
|-damage|p1a: Venusaur|0 fnt
|faint|p1a: Venusaur
|
|-weather|SunnyDay|[upkeep]
|upkeep
|
|t:|1781374657
|switch|p1a: Kingambit|Kingambit, M|94/100
|-damage|p1a: Kingambit|88/100|[from] Stealth Rock
|-activate|p1a: Kingambit|ability: Supreme Overlord
|-start|p1a: Kingambit|fallen5|[silent]
|-item|p1a: Kingambit|Air Balloon
|turn|18
|
|t:|1781374664
|switch|p2a: He pulten on it|Dragapult, M|17/100
|move|p1a: Kingambit|Swords Dance|p1a: Kingambit
|-boost|p1a: Kingambit|atk|2
|
|-weather|SunnyDay|[upkeep]
|upkeep
|turn|19
|
|t:|1781374668
|move|p2a: He pulten on it|Will-O-Wisp|p1a: Kingambit
|-status|p1a: Kingambit|brn
|move|p1a: Kingambit|Swords Dance|p1a: Kingambit
|-boost|p1a: Kingambit|atk|2
|
|-weather|SunnyDay|[upkeep]
|-damage|p1a: Kingambit|82/100 brn|[from] brn
|upkeep
|turn|20
|
|t:|1781374677
|move|p1a: Kingambit|Sucker Punch|p2a: He pulten on it
|-supereffective|p2a: He pulten on it
|-damage|p2a: He pulten on it|0 fnt
|faint|p2a: He pulten on it
|
|-weather|SunnyDay|[upkeep]
|-damage|p1a: Kingambit|76/100 brn|[from] brn
|upkeep
|
|t:|1781374684
|switch|p2a: The goot|Goodra-Hisui, F|47/100
|turn|21
|
|t:|1781374691
|move|p1a: Kingambit|Sucker Punch|p2a: The goot
|-damage|p2a: The goot|0 fnt
|-ability|p2a: The goot|Gooey
|-unboost|p1a: Kingambit|spe|1
|faint|p2a: The goot
|
|-weather|none
|-damage|p1a: Kingambit|70/100 brn|[from] brn
|upkeep
|
|t:|1781374701
|switch|p2a: Chud|Dragonite, F|100/100
|turn|22
|
|t:|1781374709
|move|p2a: Chud|Encore|p1a: Kingambit
|-start|p1a: Kingambit|Encore
|move|p1a: Kingambit|Sucker Punch||[still]
|-fail|p1a: Kingambit
|
|-damage|p1a: Kingambit|64/100 brn|[from] brn
|upkeep
|turn|23
|-message|mastermar22 forfeited.
|
|win|extra-pseudo man
|raw|mastermar22's rating: 1600 &rarr; <strong>1581</strong><br />(-19 for losing)
|raw|extra-pseudo man's rating: 1619 &rarr; <strong>1638</strong><br />(+19 for winning)
|l|☆mastermar22
|player|p1|
|c|☆extra-pseudo man|gg
|l|☆extra-pseudo man
|player|p2|
