|j|☆LowEL0God
|j|☆pepinoloko
|t:|1781112377
|gametype|singles
|player|p1|LowEL0God|265|1531
|player|p2|pepinoloko|byron|1478
|gen|9
|tier|[Gen 9] OU
|rated|
|rule|HP Percentage Mod: HP is shown in percentages
|rule|Endless Battle Clause: Forcing endless battles is banned
|rule|Species Clause: Limit one of each Pokémon
|rule|OHKO Clause: OHKO moves are banned
|rule|Evasion Items Clause: Evasion items are banned
|rule|Evasion Moves Clause: Evasion moves are banned
|rule|Evasion Abilities Clause: Evasion abilities are banned
|rule|Sleep Moves Clause: Sleep-inducing moves are banned
|clearpoke
|poke|p1|Pelipper, M|
|poke|p1|Torkoal, F|
|poke|p1|Walking Wake|
|poke|p1|Kyurem|
|poke|p1|Ninetales-Alola, M|
|poke|p1|Ogerpon-Wellspring, F|
|poke|p2|Zoroark-Hisui, F|
|poke|p2|Cinderace, M|
|poke|p2|Breloom, M|
|poke|p2|Grimmsnarl, M|
|poke|p2|Zapdos|
|poke|p2|Umbreon, M|
|teampreview
|c|☆LowEL0God|hf
|inactive|Battle timer is ON: inactive players will automatically lose when time's up. (requested by LowEL0God)
|inactive|pepinoloko has 120 seconds left.
|
|t:|1781112419
|teamsize|p1|6
|teamsize|p2|6
|start
|switch|p1a: Ninetales|Ninetales-Alola, M|100/100
|switch|p2a: return to Him|Zapdos|100/100
|-weather|Snowscape|[from] ability: Snow Warning|[of] p1a: Ninetales
|turn|1
|
|t:|1781112424
|move|p2a: return to Him|Flamethrower|p1a: Ninetales
|-supereffective|p1a: Ninetales
|-damage|p1a: Ninetales|14/100
|-status|p1a: Ninetales|brn
|move|p1a: Ninetales|Aurora Veil|p1a: Ninetales
|-sidestart|p1: LowEL0God|move: Aurora Veil
|
|-weather|Snowscape|[upkeep]
|-damage|p1a: Ninetales|8/100 brn|[from] brn
|upkeep
|turn|2
|
|t:|1781112430
|switch|p2a: U-Turn from sin|Cinderace, M|100/100
|switch|p1a: Hurricane Spam|Pelipper, M, shiny|100/100
|-weather|RainDance|[from] ability: Drizzle|[of] p1a: Hurricane Spam
|
|-weather|RainDance|[upkeep]
|upkeep
|turn|3
|
|t:|1781112434
|move|p2a: U-Turn from sin|Court Change|p2a: U-Turn from sin
|-start|p2a: U-Turn from sin|typechange|Normal|[from] ability: Libero
|-swapsideconditions
|-activate|p2a: U-Turn from sin|move: Court Change
|move|p1a: Hurricane Spam|Weather Ball|p2a: U-Turn from sin
|-damage|p2a: U-Turn from sin|34/100
|
|-weather|RainDance|[upkeep]
|upkeep
|turn|4
|
|t:|1781112437
|move|p2a: U-Turn from sin|U-turn|p1a: Hurricane Spam
|-resisted|p1a: Hurricane Spam
|-damage|p1a: Hurricane Spam|89/100
|
|t:|1781112443
|switch|p2a: Love has a name|Grimmsnarl, M|100/100|[from] U-turn
|move|p1a: Hurricane Spam|Weather Ball|p2a: Love has a name
|-damage|p2a: Love has a name|45/100
|
|-weather|RainDance|[upkeep]
|upkeep
|turn|5
|
|t:|1781112445
|move|p2a: Love has a name|Trick|p1a: Hurricane Spam
|-activate|p2a: Love has a name|move: Trick|[of] p1a: Hurricane Spam
|-item|p1a: Hurricane Spam|Choice Scarf|[from] move: Trick
|-item|p2a: Love has a name|Choice Specs|[from] move: Trick
|move|p1a: Hurricane Spam|Weather Ball|p2a: Love has a name
|-damage|p2a: Love has a name|10/100
|
|-weather|RainDance|[upkeep]
|-sideend|p2: pepinoloko|move: Aurora Veil
|upkeep
|turn|6
|
|t:|1781112450
|move|p2a: Love has a name|Parting Shot|p1a: Hurricane Spam
|-unboost|p1a: Hurricane Spam|atk|1
|-unboost|p1a: Hurricane Spam|spa|1
|
|t:|1781112453
|switch|p2a: Umbreon|Umbreon, M|100/100|[from] Parting Shot
|move|p1a: Hurricane Spam|Weather Ball|p2a: Umbreon
|-damage|p2a: Umbreon|78/100
|
|-weather|none
|-heal|p2a: Umbreon|84/100|[from] item: Leftovers
|upkeep
|turn|7
|
|t:|1781112454
|switch|p1a: Torkoal|Torkoal, F|100/100
|-weather|SunnyDay|[from] ability: Drought|[of] p1a: Torkoal
|move|p2a: Umbreon|Wish|p2a: Umbreon
|
|-weather|SunnyDay|[upkeep]
|-heal|p2a: Umbreon|90/100|[from] item: Leftovers
|upkeep
|turn|8
|
|t:|1781112458
|move|p2a: Umbreon|Thunder Wave|p1a: Torkoal
|-status|p1a: Torkoal|par
|cant|p1a: Torkoal|par
|
|-weather|SunnyDay|[upkeep]
|-heal|p2a: Umbreon|100/100|[from] move: Wish|[wisher] Umbreon
|upkeep
|turn|9
|
|t:|1781112462
|move|p2a: Umbreon|Wish|p2a: Umbreon
|move|p1a: Torkoal|Lava Plume|p2a: Umbreon
|-damage|p2a: Umbreon|81/100
|
|-weather|SunnyDay|[upkeep]
|-heal|p2a: Umbreon|87/100|[from] item: Leftovers
|upkeep
|turn|10
|
|t:|1781112467
|switch|p2a: U-Turn from sin|Cinderace, M|34/100
|cant|p1a: Torkoal|par
|
|-weather|SunnyDay|[upkeep]
|-heal|p2a: U-Turn from sin|99/100|[from] move: Wish|[wisher] Umbreon
|upkeep
|turn|11
|
|t:|1781112470
|move|p2a: U-Turn from sin|U-turn|p1a: Torkoal
|-start|p2a: U-Turn from sin|typechange|Bug|[from] ability: Libero
|-resisted|p1a: Torkoal
|-damage|p1a: Torkoal|90/100 par
|
|t:|1781112473
|switch|p2a: Umbreon|Umbreon, M|87/100|[from] U-turn
|move|p1a: Torkoal|Lava Plume|p2a: Umbreon
|-damage|p2a: Umbreon|67/100
|
|-weather|SunnyDay|[upkeep]
|-heal|p2a: Umbreon|73/100|[from] item: Leftovers
|upkeep
|turn|12
|
|t:|1781112475
|move|p2a: Umbreon|Wish|p2a: Umbreon
|move|p1a: Torkoal|Lava Plume|p2a: Umbreon
|-damage|p2a: Umbreon|53/100
|
|-weather|SunnyDay|[upkeep]
|-heal|p2a: Umbreon|59/100|[from] item: Leftovers
|upkeep
|turn|13
|
|t:|1781112479
|switch|p2a: Love has a name|Grimmsnarl, M|10/100
|cant|p1a: Torkoal|par
|
|-weather|SunnyDay|[upkeep]
|-heal|p2a: Love has a name|61/100|[from] move: Wish|[wisher] Umbreon
|upkeep
|turn|14
|
|t:|1781112483
|move|p2a: Love has a name|Parting Shot|p1a: Torkoal
|-unboost|p1a: Torkoal|atk|1
|-unboost|p1a: Torkoal|spa|1
|
|t:|1781112485
|switch|p2a: Umbreon|Umbreon, M|59/100|[from] Parting Shot
|move|p1a: Torkoal|Lava Plume||[still]
|-damage|p2a: Umbreon|46/100
|-status|p2a: Umbreon|brn
|-activate|p2a: Umbreon|ability: Synchronize
|-fail|p2a: Umbreon
|
|-weather|none
|-heal|p2a: Umbreon|52/100 brn|[from] item: Leftovers
|-damage|p2a: Umbreon|46/100 brn|[from] brn
|upkeep
|turn|15
|
|t:|1781112490
|switch|p1a: Walking Wake|Walking Wake|100/100
|move|p2a: Umbreon|Wish|p2a: Umbreon
|
|-heal|p2a: Umbreon|52/100 brn|[from] item: Leftovers
|-damage|p2a: Umbreon|46/100 brn|[from] brn
|upkeep
|turn|16
|
|t:|1781112493
|move|p2a: Umbreon|Protect|p2a: Umbreon
|-singleturn|p2a: Umbreon|Protect
|move|p1a: Walking Wake|Hydro Steam|p2a: Umbreon
|-activate|p2a: Umbreon|move: Protect
|
|-heal|p2a: Umbreon|96/100 brn|[from] move: Wish|[wisher] Umbreon
|-heal|p2a: Umbreon|100/100 brn|[from] item: Leftovers
|-damage|p2a: Umbreon|94/100 brn|[from] brn
|upkeep
|turn|17
|
|t:|1781112498
|move|p1a: Walking Wake|Hydro Steam|p2a: Umbreon
|-damage|p2a: Umbreon|64/100 brn
|move|p2a: Umbreon|Thunder Wave|p1a: Walking Wake
|-status|p1a: Walking Wake|par
|
|-heal|p2a: Umbreon|70/100 brn|[from] item: Leftovers
|-damage|p2a: Umbreon|64/100 brn|[from] brn
|upkeep
|turn|18
|
|t:|1781112504
|cant|p1a: Walking Wake|par
|move|p2a: Umbreon|Wish|p2a: Umbreon
|
|-heal|p2a: Umbreon|70/100 brn|[from] item: Leftovers
|-damage|p2a: Umbreon|64/100 brn|[from] brn
|upkeep
|turn|19
|
|t:|1781112506
|cant|p1a: Walking Wake|par
|move|p2a: Umbreon|Foul Play|p1a: Walking Wake
|-damage|p1a: Walking Wake|87/100 par
|
|-heal|p2a: Umbreon|100/100 brn|[from] move: Wish|[wisher] Umbreon
|-damage|p2a: Umbreon|94/100 brn|[from] brn
|upkeep
|turn|20
|
|t:|1781112509
|move|p2a: Umbreon|Protect|p2a: Umbreon
|-singleturn|p2a: Umbreon|Protect
|move|p1a: Walking Wake|Hydro Steam|p2a: Umbreon
|-activate|p2a: Umbreon|move: Protect
|
|-heal|p2a: Umbreon|100/100 brn|[from] item: Leftovers
|-damage|p2a: Umbreon|94/100 brn|[from] brn
|upkeep
|turn|21
|
|t:|1781112512
|cant|p1a: Walking Wake|par
|move|p2a: Umbreon|Wish|p2a: Umbreon
|
|-heal|p2a: Umbreon|100/100 brn|[from] item: Leftovers
|-damage|p2a: Umbreon|94/100 brn|[from] brn
|upkeep
|turn|22
|
|t:|1781112514
|cant|p1a: Walking Wake|par
|move|p2a: Umbreon|Foul Play|p1a: Walking Wake
|-damage|p1a: Walking Wake|73/100 par
|
|-heal|p2a: Umbreon|100/100 brn|[from] move: Wish|[wisher] Umbreon
|-damage|p2a: Umbreon|94/100 brn|[from] brn
|upkeep
|turn|23
|
|t:|1781112517
|switch|p2a: Breloom|Breloom, M|100/100
|cant|p1a: Walking Wake|par
|
|upkeep
|turn|24
|
|t:|1781112519
|move|p2a: Breloom|Bullet Seed|p1a: Walking Wake
|-damage|p1a: Walking Wake|43/100 par
|-damage|p1a: Walking Wake|11/100 par
|-hitcount|p1a: Walking Wake|2
|-damage|p2a: Breloom|91/100|[from] item: Life Orb
|cant|p1a: Walking Wake|par
|
|upkeep
|turn|25
|
|t:|1781112525
|move|p2a: Breloom|Bullet Seed|p1a: Walking Wake
|-damage|p1a: Walking Wake|0 fnt
|faint|p1a: Walking Wake
|-end|p1a: Walking Wake|Protosynthesis|[silent]
|-hitcount|p1: Walking Wake|1
|-damage|p2a: Breloom|81/100|[from] item: Life Orb
|
|upkeep
|
|t:|1781112526
|switch|p1a: Hurricane Spam|Pelipper, M, shiny|89/100
|-weather|RainDance|[from] ability: Drizzle|[of] p1a: Hurricane Spam
|turn|26
|
|t:|1781112532
|switch|p2a: Umbreon|Umbreon, M|94/100 brn
|move|p1a: Hurricane Spam|Hurricane|p2a: Umbreon
|-damage|p2a: Umbreon|68/100 brn
|-start|p2a: Umbreon|confusion
|
|-weather|RainDance|[upkeep]
|-heal|p2a: Umbreon|74/100 brn|[from] item: Leftovers
|-damage|p2a: Umbreon|68/100 brn|[from] brn
|upkeep
|turn|27
|
|t:|1781112534
|-activate|p2a: Umbreon|confusion
|-damage|p2a: Umbreon|64/100 brn|[from] confusion
|move|p1a: Hurricane Spam|Hurricane|p2a: Umbreon
|-damage|p2a: Umbreon|41/100 brn
|
|-weather|RainDance|[upkeep]
|-heal|p2a: Umbreon|47/100 brn|[from] item: Leftovers
|-damage|p2a: Umbreon|41/100 brn|[from] brn
|upkeep
|turn|28
|
|t:|1781112537
|move|p1a: Hurricane Spam|Hurricane|p2a: Umbreon
|-damage|p2a: Umbreon|17/100 brn
|-activate|p2a: Umbreon|confusion
|move|p2a: Umbreon|Wish|p2a: Umbreon
|
|-weather|RainDance|[upkeep]
|-heal|p2a: Umbreon|23/100 brn|[from] item: Leftovers
|-damage|p2a: Umbreon|17/100 brn|[from] brn
|upkeep
|turn|29
|
|t:|1781112541
|-activate|p2a: Umbreon|confusion
|move|p2a: Umbreon|Protect|p2a: Umbreon
|-singleturn|p2a: Umbreon|Protect
|move|p1a: Hurricane Spam|Hurricane|p2a: Umbreon
|-activate|p2a: Umbreon|move: Protect
|
|-weather|RainDance|[upkeep]
|-heal|p2a: Umbreon|67/100 brn|[from] move: Wish|[wisher] Umbreon
|-heal|p2a: Umbreon|73/100 brn|[from] item: Leftovers
|-damage|p2a: Umbreon|67/100 brn|[from] brn
|upkeep
|turn|30
|
|t:|1781112547
|move|p1a: Hurricane Spam|Hurricane|p2a: Umbreon
|-damage|p2a: Umbreon|41/100 brn
|-end|p2a: Umbreon|confusion
|move|p2a: Umbreon|Wish|p2a: Umbreon
|
|-weather|none
|-heal|p2a: Umbreon|47/100 brn|[from] item: Leftovers
|-damage|p2a: Umbreon|41/100 brn|[from] brn
|upkeep
|turn|31
|
|t:|1781112553
|move|p2a: Umbreon|Protect|p2a: Umbreon
|-singleturn|p2a: Umbreon|Protect
|move|p1a: Hurricane Spam|Hurricane|p2a: Umbreon
|-activate|p2a: Umbreon|move: Protect
|
|-heal|p2a: Umbreon|91/100 brn|[from] move: Wish|[wisher] Umbreon
|-heal|p2a: Umbreon|97/100 brn|[from] item: Leftovers
|-damage|p2a: Umbreon|91/100 brn|[from] brn
|upkeep
|turn|32
|
|t:|1781112556
|move|p1a: Hurricane Spam|Hurricane|p2a: Umbreon
|-damage|p2a: Umbreon|66/100 brn
|move|p2a: Umbreon|Thunder Wave|p1a: Hurricane Spam
|-status|p1a: Hurricane Spam|par
|
|-heal|p2a: Umbreon|72/100 brn|[from] item: Leftovers
|-damage|p2a: Umbreon|66/100 brn|[from] brn
|upkeep
|turn|33
|
|t:|1781112560
|move|p2a: Umbreon|Wish|p2a: Umbreon
|move|p1a: Hurricane Spam|Hurricane|p2a: Umbreon
|-damage|p2a: Umbreon|39/100 brn
|
|-heal|p2a: Umbreon|45/100 brn|[from] item: Leftovers
|-damage|p2a: Umbreon|39/100 brn|[from] brn
|upkeep
|turn|34
|
|t:|1781112563
|move|p2a: Umbreon|Foul Play|p1a: Hurricane Spam
|-damage|p1a: Hurricane Spam|83/100 par
|move|p1a: Hurricane Spam|Hurricane|p2a: Umbreon
|-damage|p2a: Umbreon|13/100 brn
|
|-heal|p2a: Umbreon|63/100 brn|[from] move: Wish|[wisher] Umbreon
|-heal|p2a: Umbreon|69/100 brn|[from] item: Leftovers
|-damage|p2a: Umbreon|63/100 brn|[from] brn
|upkeep
|turn|35
|
|t:|1781112568
|switch|p2a: return to Him|Zapdos|100/100
|cant|p1a: Hurricane Spam|par
|
|upkeep
|turn|36
|
|t:|1781112574
|switch|p1a: Kyurem|Kyurem|100/100
|-ability|p1a: Kyurem|Pressure
|move|p2a: return to Him|Discharge|p1a: Kyurem
|-resisted|p1a: Kyurem
|-damage|p1a: Kyurem|86/100
|
|upkeep
|turn|37
|
|t:|1781112579
|switch|p2a: U-Turn from sin|Cinderace, M|99/100
|move|p1a: Kyurem|Icicle Spear|p2a: U-Turn from sin
|-resisted|p2a: U-Turn from sin
|-damage|p2a: U-Turn from sin|90/100
|-resisted|p2a: U-Turn from sin
|-damage|p2a: U-Turn from sin|79/100
|-resisted|p2a: U-Turn from sin
|-damage|p2a: U-Turn from sin|69/100
|-hitcount|p2a: U-Turn from sin|3
|
|upkeep
|turn|38
|
|t:|1781112583
|switch|p1a: Hurricane Spam|Pelipper, M, shiny|83/100 par
|-weather|RainDance|[from] ability: Drizzle|[of] p1a: Hurricane Spam
|move|p2a: U-Turn from sin|U-turn|p1a: Hurricane Spam
|-start|p2a: U-Turn from sin|typechange|Bug|[from] ability: Libero
|-resisted|p1a: Hurricane Spam
|-damage|p1a: Hurricane Spam|68/100 par
|
|t:|1781112590
|switch|p2a: Umbreon|Umbreon, M|100/100|[from] U-turn
|
|-weather|RainDance|[upkeep]
|upkeep
|turn|39
|
|t:|1781112594
|move|p2a: Umbreon|Hyper Voice|p1a: Hurricane Spam
|-damage|p1a: Hurricane Spam|0 fnt
|faint|p1a: Hurricane Spam
|
|-weather|RainDance|[upkeep]
|upkeep
|
|t:|1781112595
|switch|p1a: Ogerpon|Ogerpon-Wellspring, F|100/100
|turn|40
|
|t:|1781112599
|switch|p2a: return to Him|Zapdos|100/100
|move|p1a: Ogerpon|Ivy Cudgel|p2a: return to Him|[anim] Ivy Cudgel Water
|-damage|p2a: return to Him|33/100
|
|-weather|RainDance|[upkeep]
|upkeep
|turn|41
|
|t:|1781112602
|move|p1a: Ogerpon|Ivy Cudgel|p2a: return to Him|[anim] Ivy Cudgel Water
|-damage|p2a: return to Him|0 fnt
|faint|p2a: return to Him
|
|-weather|RainDance|[upkeep]
|upkeep
|
|t:|1781112605
|switch|p2a: Love has a name|Grimmsnarl, M|61/100
|turn|42
|
|t:|1781112607
|move|p2a: Love has a name|Thunder Wave|p1a: Ogerpon
|-status|p1a: Ogerpon|par
|move|p1a: Ogerpon|Ivy Cudgel|p2a: Love has a name|[anim] Ivy Cudgel Water
|-damage|p2a: Love has a name|0 fnt
|faint|p2a: Love has a name
|
|-weather|none
|upkeep
|
|t:|1781112613
|switch|p2a: Breloom|Breloom, M|81/100
|turn|43
|
|t:|1781112616
|switch|p1a: Torkoal|Torkoal, F|90/100 par
|-weather|SunnyDay|[from] ability: Drought|[of] p1a: Torkoal
|move|p2a: Breloom|Bullet Seed|p1a: Torkoal
|-resisted|p1a: Torkoal
|-damage|p1a: Torkoal|82/100 par
|-resisted|p1a: Torkoal
|-damage|p1a: Torkoal|75/100 par
|-resisted|p1a: Torkoal
|-damage|p1a: Torkoal|68/100 par
|-resisted|p1a: Torkoal
|-damage|p1a: Torkoal|59/100 par
|-resisted|p1a: Torkoal
|-damage|p1a: Torkoal|52/100 par
|-hitcount|p1a: Torkoal|5
|-damage|p2a: Breloom|71/100|[from] item: Life Orb
|
|-weather|SunnyDay|[upkeep]
|upkeep
|turn|44
|
|t:|1781112619
|move|p2a: Breloom|Close Combat|p1a: Torkoal
|-damage|p1a: Torkoal|0 fnt
|-unboost|p2a: Breloom|def|1
|-unboost|p2a: Breloom|spd|1
|faint|p1a: Torkoal
|-damage|p2a: Breloom|61/100|[from] item: Life Orb
|
|-weather|SunnyDay|[upkeep]
|upkeep
|
|t:|1781112620
|switch|p1a: Ninetales|Ninetales-Alola, M|8/100 brn
|-weather|Snowscape|[from] ability: Snow Warning|[of] p1a: Ninetales
|turn|45
|
|t:|1781112623
|move|p2a: Breloom|Mach Punch|p1a: Ninetales
|-damage|p1a: Ninetales|0 fnt
|faint|p1a: Ninetales
|-damage|p2a: Breloom|51/100|[from] item: Life Orb
|
|-weather|Snowscape|[upkeep]
|upkeep
|
|t:|1781112623
|switch|p1a: Kyurem|Kyurem|86/100
|-ability|p1a: Kyurem|Pressure
|turn|46
|
|t:|1781112634
|switch|p2a: Umbreon|Umbreon, M|63/100 brn
|move|p1a: Kyurem|Freeze-Dry|p2a: Umbreon
|-damage|p2a: Umbreon|43/100 brn
|
|-weather|Snowscape|[upkeep]
|-heal|p2a: Umbreon|49/100 brn|[from] item: Leftovers
|-damage|p2a: Umbreon|43/100 brn|[from] brn
|upkeep
|turn|47
|
|t:|1781112637
|move|p1a: Kyurem|Icicle Spear|p2a: Umbreon
|-damage|p2a: Umbreon|30/100 brn
|-damage|p2a: Umbreon|19/100 brn
|-hitcount|p2a: Umbreon|2
|move|p2a: Umbreon|Thunder Wave|p1a: Kyurem
|-status|p1a: Kyurem|par
|
|-weather|Snowscape|[upkeep]
|-heal|p2a: Umbreon|25/100 brn|[from] item: Leftovers
|-damage|p2a: Umbreon|19/100 brn|[from] brn
|upkeep
|turn|48
|
|t:|1781112640
|move|p2a: Umbreon|Wish|p2a: Umbreon
|move|p1a: Kyurem|Dragon Dance|p1a: Kyurem
|-boost|p1a: Kyurem|atk|1
|-boost|p1a: Kyurem|spe|1
|
|-weather|Snowscape|[upkeep]
|-heal|p2a: Umbreon|25/100 brn|[from] item: Leftovers
|-damage|p2a: Umbreon|19/100 brn|[from] brn
|upkeep
|turn|49
|
|t:|1781112645
|move|p2a: Umbreon|Protect|p2a: Umbreon
|-singleturn|p2a: Umbreon|Protect
|cant|p1a: Kyurem|par
|
|-weather|Snowscape|[upkeep]
|-heal|p2a: Umbreon|69/100 brn|[from] move: Wish|[wisher] Umbreon
|-heal|p2a: Umbreon|75/100 brn|[from] item: Leftovers
|-damage|p2a: Umbreon|69/100 brn|[from] brn
|upkeep
|turn|50
|
|t:|1781112647
|move|p1a: Kyurem|Icicle Spear|p2a: Umbreon
|-damage|p2a: Umbreon|52/100 brn
|-damage|p2a: Umbreon|32/100 brn
|-hitcount|p2a: Umbreon|2
|move|p2a: Umbreon|Foul Play|p1a: Kyurem
|-crit|p1a: Kyurem
|-damage|p1a: Kyurem|49/100 par
|
|-weather|Snowscape|[upkeep]
|-heal|p2a: Umbreon|38/100 brn|[from] item: Leftovers
|-damage|p2a: Umbreon|32/100 brn|[from] brn
|upkeep
|turn|51
|
|t:|1781112650
|cant|p1a: Kyurem|par
|move|p2a: Umbreon|Foul Play|p1a: Kyurem
|-crit|p1a: Kyurem
|-damage|p1a: Kyurem|14/100 par
|
|-weather|Snowscape|[upkeep]
|-heal|p2a: Umbreon|38/100 brn|[from] item: Leftovers
|-damage|p2a: Umbreon|32/100 brn|[from] brn
|upkeep
|turn|52
|
|t:|1781112653
|cant|p1a: Kyurem|par
|move|p2a: Umbreon|Foul Play|p1a: Kyurem
|-damage|p1a: Kyurem|0 fnt
|faint|p1a: Kyurem
|
|-weather|none
|-heal|p2a: Umbreon|38/100 brn|[from] item: Leftovers
|-damage|p2a: Umbreon|32/100 brn|[from] brn
|upkeep
|
|t:|1781112653
|switch|p1a: Ogerpon|Ogerpon-Wellspring, F|100/100 par
|turn|53
|
|t:|1781112656
|-terastallize|p1a: Ogerpon|Water
|detailschange|p1a: Ogerpon|Ogerpon-Wellspring-Tera, F, tera:Water
|-ability|p1a: Ogerpon|Embody Aspect (Wellspring)|boost
|-boost|p1a: Ogerpon|spd|1
|move|p1a: Ogerpon|Play Rough|p2a: Umbreon
|-supereffective|p2a: Umbreon
|-damage|p2a: Umbreon|0 fnt
|faint|p2a: Umbreon
|
|upkeep
|
|t:|1781112662
|switch|p2a: Breloom|Breloom, M|51/100
|turn|54
|
|t:|1781112664
|move|p2a: Breloom|Bullet Seed|p1a: Ogerpon
|-supereffective|p1a: Ogerpon
|-damage|p1a: Ogerpon|30/100 par
|-supereffective|p1a: Ogerpon
|-damage|p1a: Ogerpon|0 fnt
|faint|p1a: Ogerpon
|detailschange|p1: Ogerpon|Ogerpon-Wellspring, F|[silent]
|-hitcount|p1: Ogerpon|2
|-damage|p2a: Breloom|41/100|[from] item: Life Orb
|
|win|pepinoloko
|raw|LowEL0God's rating: 1531 &rarr; <strong>1508</strong><br />(-23 for losing)
|raw|pepinoloko's rating: 1478 &rarr; <strong>1501</strong><br />(+23 for winning)
|c|☆LowEL0God|gg
|l|☆LowEL0God
|player|p1|
|l|☆pepinoloko
|player|p2|
