|j|☆Luisowbro
|j|☆Miurez
|t:|1781594797
|gametype|singles
|player|p1|Luisowbro|ingo|1589
|player|p2|Miurez|pokemonranger-gen4|1577
|gen|9
|tier|[Gen 9] OU
|rated|
|rule|HP Percentage Mod: HP is shown in percentages
|rule|Endless Battle Clause: Forcing endless battles is banned
|rule|Species Clause: Limit one of each Pokémon
|rule|OHKO Clause: OHKO moves are banned
|rule|Evasion Items Clause: Evasion items are banned
|rule|Evasion Moves Clause: Evasion moves are banned
|rule|Evasion Abilities Clause: Evasion abilities are banned
|rule|Sleep Moves Clause: Sleep-inducing moves are banned
|clearpoke
|poke|p1|Moltres-Galar|
|poke|p1|Haxorus, M|
|poke|p1|Thundurus-Therian, M|
|poke|p1|Scizor, M|
|poke|p1|Volcanion|
|poke|p1|Ninetales-Alola, F|
|poke|p2|Hydrapple, M|
|poke|p2|Moltres|
|poke|p2|Toxapex, F|
|poke|p2|Kingambit, F|
|poke|p2|Zamazenta-*|
|poke|p2|Great Tusk|
|teampreview
|
|t:|1781594814
|teamsize|p1|6
|teamsize|p2|6
|start
|switch|p1a: Scizor|Scizor, M|100/100
|switch|p2a: Toxapex|Toxapex, F|100/100
|turn|1
|inactive|Battle timer is ON: inactive players will automatically lose when time's up. (requested by Luisowbro)
|
|t:|1781594821
|switch|p1a: Volcanion|Volcanion|100/100
|switch|p2a: Moltres|Moltres|100/100
|
|upkeep
|turn|2
|
|t:|1781594836
|switch|p2a: Toxapex|Toxapex, F|100/100
|move|p1a: Volcanion|Sludge Bomb|p2a: Toxapex
|-resisted|p2a: Toxapex
|-damage|p2a: Toxapex|89/100
|
|-heal|p2a: Toxapex|95/100|[from] item: Leftovers
|upkeep
|turn|3
|
|t:|1781594846
|move|p1a: Volcanion|Earth Power|p2a: Toxapex
|-supereffective|p2a: Toxapex
|-damage|p2a: Toxapex|43/100
|move|p2a: Toxapex|Surf|p1a: Volcanion
|-immune|p1a: Volcanion|[from] ability: Water Absorb
|
|-heal|p2a: Toxapex|49/100|[from] item: Leftovers
|upkeep
|turn|4
|
|t:|1781594864
|switch|p2a: Hydrapple|Hydrapple, M|100/100
|move|p1a: Volcanion|Earth Power|p2a: Hydrapple
|-resisted|p2a: Hydrapple
|-damage|p2a: Hydrapple|84/100
|
|upkeep
|turn|5
|
|t:|1781594872
|switch|p2a: Toxapex|Toxapex, F|82/100
|move|p1a: Volcanion|Sludge Bomb|p2a: Toxapex
|-resisted|p2a: Toxapex
|-damage|p2a: Toxapex|71/100
|
|-heal|p2a: Toxapex|77/100|[from] item: Leftovers
|upkeep
|turn|6
|
|t:|1781594879
|move|p1a: Volcanion|Earth Power|p2a: Toxapex
|-supereffective|p2a: Toxapex
|-damage|p2a: Toxapex|28/100
|move|p2a: Toxapex|Toxic|p1a: Volcanion
|-status|p1a: Volcanion|tox
|
|-heal|p2a: Toxapex|34/100|[from] item: Leftovers
|-damage|p1a: Volcanion|94/100 tox|[from] psn
|upkeep
|turn|7
|
|t:|1781594888
|switch|p2a: Hydrapple|Hydrapple, M|100/100
|move|p1a: Volcanion|Sludge Bomb|p2a: Hydrapple
|-supereffective|p2a: Hydrapple
|-damage|p2a: Hydrapple|31/100
|
|-damage|p1a: Volcanion|82/100 tox|[from] psn
|upkeep
|turn|8
|
|t:|1781594900
|switch|p2a: Toxapex|Toxapex, F|67/100
|move|p1a: Volcanion|Earth Power|p2a: Toxapex
|-supereffective|p2a: Toxapex
|-damage|p2a: Toxapex|16/100
|
|-heal|p2a: Toxapex|22/100|[from] item: Leftovers
|-damage|p1a: Volcanion|64/100 tox|[from] psn
|upkeep
|turn|9
|
|t:|1781594914
|switch|p2a: Moltres|Moltres|100/100
|move|p1a: Volcanion|Sludge Bomb|p2a: Moltres
|-damage|p2a: Moltres|64/100
|
|-damage|p1a: Volcanion|40/100 tox|[from] psn
|upkeep
|turn|10
|
|t:|1781594942
|switch|p2a: Hydrapple|Hydrapple, M|64/100
|move|p1a: Volcanion|Steam Eruption|p2a: Hydrapple
|-resisted|p2a: Hydrapple
|-damage|p2a: Hydrapple|50/100
|
|-damage|p1a: Volcanion|10/100 tox|[from] psn
|upkeep
|turn|11
|
|t:|1781594952
|move|p1a: Volcanion|Sludge Bomb|p2a: Hydrapple
|-supereffective|p2a: Hydrapple
|-damage|p2a: Hydrapple|0 fnt
|faint|p2a: Hydrapple
|
|-damage|p1a: Volcanion|0 fnt|[from] psn
|faint|p1a: Volcanion
|upkeep
|inactive|Miurez has 120 seconds left.
|
|t:|1781594969
|switch|p1a: Thundurus|Thundurus-Therian, M, shiny|100/100
|switch|p2a: Toxapex|Toxapex, F|56/100
|turn|12
|
|t:|1781594976
|switch|p2a: Great Tusk|Great Tusk|100/100
|move|p1a: Thundurus|Psychic|p2a: Great Tusk
|-supereffective|p2a: Great Tusk
|-damage|p2a: Great Tusk|0 fnt
|faint|p2a: Great Tusk
|-end|p2a: Great Tusk|Protosynthesis|[silent]
|
|upkeep
|
|t:|1781594982
|switch|p2a: Kingambit|Kingambit, F|100/100
|-activate|p2a: Kingambit|ability: Supreme Overlord
|-start|p2a: Kingambit|fallen2|[silent]
|turn|13
|
|t:|1781594988
|switch|p1a: Scizor|Scizor, M|100/100
|move|p2a: Kingambit|Iron Head|p1a: Scizor
|-resisted|p1a: Scizor
|-damage|p1a: Scizor|72/100
|
|upkeep
|turn|14
|
|t:|1781595004
|switch|p1a: Thundurus|Thundurus-Therian, M, shiny|100/100
|-end|p2a: Kingambit|fallen2|[silent]
|switch|p2a: Moltres|Moltres|64/100
|
|upkeep
|turn|15
|inactive|Miurez has 120 seconds left.
|
|t:|1781595039
|move|p1a: Thundurus|Volt Switch|p2a: Moltres
|-supereffective|p2a: Moltres
|-damage|p2a: Moltres|0 fnt
|faint|p2a: Moltres
|
|t:|1781595051
|switch|p1a: Scizor|Scizor, M|72/100|[from] Volt Switch
|
|upkeep
|
|t:|1781595054
|switch|p2a: Zamazenta|Zamazenta|100/100
|-ability|p2a: Zamazenta|Dauntless Shield|boost
|-boost|p2a: Zamazenta|def|1
|turn|16
|
|t:|1781595060
|move|p2a: Zamazenta|Iron Defense|p2a: Zamazenta
|-boost|p2a: Zamazenta|def|2
|move|p1a: Scizor|U-turn|p2a: Zamazenta
|-resisted|p2a: Zamazenta
|-damage|p2a: Zamazenta|92/100
|
|t:|1781595065
|switch|p1a: Thundurus|Thundurus-Therian, M, shiny|100/100|[from] U-turn
|
|-heal|p2a: Zamazenta|98/100|[from] item: Leftovers
|upkeep
|turn|17
|
|t:|1781595079
|-terastallize|p1a: Thundurus|Psychic
|-terastallize|p2a: Zamazenta|Fire
|move|p1a: Thundurus|Psychic|p2a: Zamazenta
|-damage|p2a: Zamazenta|50/100
|move|p2a: Zamazenta|Body Press|p1a: Thundurus
|-resisted|p1a: Thundurus
|-damage|p1a: Thundurus|30/100
|
|-heal|p2a: Zamazenta|56/100|[from] item: Leftovers
|upkeep
|turn|18
|
|t:|1781595099
|move|p1a: Thundurus|Psychic|p2a: Zamazenta
|-damage|p2a: Zamazenta|2/100
|move|p2a: Zamazenta|Body Press|p1a: Thundurus
|-resisted|p1a: Thundurus
|-damage|p1a: Thundurus|0 fnt
|faint|p1a: Thundurus
|
|-heal|p2a: Zamazenta|8/100|[from] item: Leftovers
|upkeep
|
|t:|1781595107
|switch|p1a: Haxorus|Haxorus, M, shiny|100/100
|-ability|p1a: Haxorus|Mold Breaker
|turn|19
|
|t:|1781595118
|move|p1a: Haxorus|First Impression|p2a: Zamazenta
|-resisted|p2a: Zamazenta
|-damage|p2a: Zamazenta|3/100
|move|p2a: Zamazenta|Body Press|p1a: Haxorus
|-damage|p1a: Haxorus|0 fnt
|faint|p1a: Haxorus
|
|-heal|p2a: Zamazenta|9/100|[from] item: Leftovers
|upkeep
|
|t:|1781595131
|switch|p1a: Scizor|Scizor, M|72/100
|turn|20
|
|t:|1781595134
|move|p1a: Scizor|Bullet Punch|p2a: Zamazenta
|-resisted|p2a: Zamazenta
|-crit|p2a: Zamazenta
|-damage|p2a: Zamazenta|0 fnt
|faint|p2a: Zamazenta
|
|upkeep
|
|t:|1781595143
|switch|p2a: Kingambit|Kingambit, F|100/100
|-activate|p2a: Kingambit|ability: Supreme Overlord
|-start|p2a: Kingambit|fallen4|[silent]
|turn|21
|
|t:|1781595151
|switch|p1a: Ninetales|Ninetales-Alola, F, shiny|100/100
|-weather|Snowscape|[from] ability: Snow Warning|[of] p1a: Ninetales
|move|p2a: Kingambit|Low Kick|p1a: Ninetales
|-damage|p1a: Ninetales|83/100
|
|-weather|Snowscape|[upkeep]
|upkeep
|turn|22
|
|t:|1781595158
|move|p1a: Ninetales|Aurora Veil|p1a: Ninetales
|-sidestart|p1: Luisowbro|move: Aurora Veil
|move|p2a: Kingambit|Iron Head|p1a: Ninetales
|-supereffective|p1a: Ninetales
|-damage|p1a: Ninetales|0 fnt
|faint|p1a: Ninetales
|
|-weather|Snowscape|[upkeep]
|upkeep
|
|t:|1781595165
|switch|p1a: Scizor|Scizor, M|72/100
|turn|23
|
|t:|1781595170
|-end|p2a: Kingambit|fallen4|[silent]
|switch|p2a: Toxapex|Toxapex, F|89/100
|move|p1a: Scizor|U-turn|p2a: Toxapex
|-resisted|p2a: Toxapex
|-damage|p2a: Toxapex|67/100
|
|t:|1781595175
|switch|p1a: Moltres|Moltres-Galar, shiny|100/100|[from] U-turn
|
|-weather|Snowscape|[upkeep]
|-heal|p2a: Toxapex|73/100|[from] item: Leftovers
|upkeep
|turn|24
|
|t:|1781595181
|move|p1a: Moltres|Nasty Plot|p1a: Moltres
|-boost|p1a: Moltres|spa|2
|move|p2a: Toxapex|Toxic|p1a: Moltres
|-status|p1a: Moltres|tox
|
|-weather|Snowscape|[upkeep]
|-heal|p2a: Toxapex|79/100|[from] item: Leftovers
|-damage|p1a: Moltres|94/100 tox|[from] psn
|upkeep
|turn|25
|
|t:|1781595189
|move|p1a: Moltres|Nasty Plot|p1a: Moltres
|-boost|p1a: Moltres|spa|2
|move|p2a: Toxapex|Haze|p2a: Toxapex
|-clearallboost
|
|-weather|none
|-heal|p2a: Toxapex|85/100|[from] item: Leftovers
|-damage|p1a: Moltres|82/100 tox|[from] psn
|upkeep
|turn|26
|
|t:|1781595198
|move|p1a: Moltres|Fiery Wrath|p2a: Toxapex
|-damage|p2a: Toxapex|56/100
|move|p2a: Toxapex|Haze|p2a: Toxapex
|-clearallboost
|
|-heal|p2a: Toxapex|62/100|[from] item: Leftovers
|-damage|p1a: Moltres|63/100 tox|[from] psn
|upkeep
|turn|27
|
|t:|1781595207
|switch|p1a: Scizor|Scizor, M|72/100
|move|p2a: Toxapex|Haze|p2a: Toxapex
|-clearallboost
|
|-heal|p2a: Toxapex|68/100|[from] item: Leftovers
|upkeep
|turn|28
|
|t:|1781595218
|move|p1a: Scizor|Knock Off|p2a: Toxapex
|-damage|p2a: Toxapex|31/100
|-enditem|p2a: Toxapex|Leftovers|[from] move: Knock Off|[of] p1a: Scizor
|move|p2a: Toxapex|Recover|p2a: Toxapex
|-heal|p2a: Toxapex|81/100
|
|upkeep
|turn|29
|
|t:|1781595229
|switch|p1a: Moltres|Moltres-Galar, shiny|63/100 tox
|move|p2a: Toxapex|Recover|p2a: Toxapex
|-heal|p2a: Toxapex|100/100
|
|-damage|p1a: Moltres|57/100 tox|[from] psn
|-sideend|p1: Luisowbro|move: Aurora Veil
|upkeep
|turn|30
|
|t:|1781595240
|move|p1a: Moltres|Air Slash|p2a: Toxapex
|-damage|p2a: Toxapex|76/100
|move|p2a: Toxapex|Haze|p2a: Toxapex
|-clearallboost
|
|-damage|p1a: Moltres|44/100 tox|[from] psn
|upkeep
|-enditem|p1a: Moltres|Sitrus Berry|[eat]
|-heal|p1a: Moltres|69/100 tox|[from] item: Sitrus Berry
|turn|31
|
|t:|1781595249
|move|p1a: Moltres|Air Slash|p2a: Toxapex
|-crit|p2a: Toxapex
|-damage|p2a: Toxapex|38/100
|cant|p2a: Toxapex|flinch
|
|-damage|p1a: Moltres|50/100 tox|[from] psn
|upkeep
|turn|32
|
|t:|1781595262
|move|p1a: Moltres|Air Slash|p2a: Toxapex
|-damage|p2a: Toxapex|14/100
|cant|p2a: Toxapex|flinch
|
|-damage|p1a: Moltres|25/100 tox|[from] psn
|upkeep
|turn|33
|
|t:|1781595270
|switch|p2a: Kingambit|Kingambit, F|100/100
|-activate|p2a: Kingambit|ability: Supreme Overlord
|-start|p2a: Kingambit|fallen4|[silent]
|move|p1a: Moltres|Air Slash|p2a: Kingambit
|-resisted|p2a: Kingambit
|-damage|p2a: Kingambit|85/100
|
|-heal|p2a: Kingambit|91/100|[from] item: Leftovers
|-damage|p1a: Moltres|0 fnt|[from] psn
|faint|p1a: Moltres
|upkeep
|
|t:|1781595279
|switch|p1a: Scizor|Scizor, M|72/100
|turn|34
|
|t:|1781595285
|move|p2a: Kingambit|Sucker Punch|p1a: Scizor
|-damage|p1a: Scizor|13/100
|move|p1a: Scizor|U-turn|p2a: Kingambit
|-damage|p2a: Kingambit|52/100
|
|-heal|p2a: Kingambit|58/100|[from] item: Leftovers
|upkeep
|turn|35
|
|t:|1781595291
|move|p2a: Kingambit|Sucker Punch|p1a: Scizor
|-damage|p1a: Scizor|0 fnt
|faint|p1a: Scizor
|
|win|Miurez
|raw|Luisowbro's rating: 1589 &rarr; <strong>1568</strong><br />(-21 for losing)
|raw|Miurez's rating: 1577 &rarr; <strong>1598</strong><br />(+21 for winning)
|l|☆Luisowbro
|player|p1|
|l|☆Miurez
|player|p2|
