|j|☆MyNameEthanReyes
|j|☆hdy nb
|t:|1781325185
|gametype|singles
|player|p1|MyNameEthanReyes|teamrocket|1557
|player|p2|hdy nb|colress|1582
|gen|9
|tier|[Gen 9] OU
|rated|
|rule|HP Percentage Mod: HP is shown in percentages
|rule|Endless Battle Clause: Forcing endless battles is banned
|rule|Species Clause: Limit one of each Pokémon
|rule|OHKO Clause: OHKO moves are banned
|rule|Evasion Items Clause: Evasion items are banned
|rule|Evasion Moves Clause: Evasion moves are banned
|rule|Evasion Abilities Clause: Evasion abilities are banned
|rule|Sleep Moves Clause: Sleep-inducing moves are banned
|clearpoke
|poke|p1|Scizor, F|
|poke|p1|Ogerpon-Wellspring, F|
|poke|p1|Garganacl, M|
|poke|p1|Slowking-Galar, F|
|poke|p1|Great Tusk|
|poke|p1|Zapdos|
|poke|p2|Pelipper, F|
|poke|p2|Zapdos|
|poke|p2|Barraskewda, F|
|poke|p2|Iron Treads|
|poke|p2|Primarina, M|
|poke|p2|Overqwil, M|
|teampreview
|inactive|Battle timer is ON: inactive players will automatically lose when time's up. (requested by MyNameEthanReyes)
|
|t:|1781325204
|teamsize|p1|6
|teamsize|p2|6
|start
|switch|p1a: WhatLesbiansDo|Scizor, F, shiny|100/100
|switch|p2a: Iron Treads|Iron Treads|100/100
|turn|1
|
|t:|1781325215
|-end|p2a: Iron Treads|Quark Drive|[silent]
|switch|p2a: Pelipper|Pelipper, F|100/100
|-weather|RainDance|[from] ability: Drizzle|[of] p2a: Pelipper
|move|p1a: WhatLesbiansDo|Close Combat|p2a: Pelipper
|-resisted|p2a: Pelipper
|-damage|p2a: Pelipper|76/100
|-unboost|p1a: WhatLesbiansDo|def|1
|-unboost|p1a: WhatLesbiansDo|spd|1
|
|-weather|RainDance|[upkeep]
|upkeep
|turn|2
|
|t:|1781325226
|switch|p1a: Pokemon|Zapdos, shiny|100/100
|move|p2a: Pelipper|U-turn|p1a: Pokemon
|-resisted|p1a: Pokemon
|-crit|p1a: Pokemon
|-damage|p1a: Pokemon|97/100
|
|t:|1781325235
|switch|p2a: Zapdos|Zapdos|100/100|[from] U-turn
|
|-weather|RainDance|[upkeep]
|upkeep
|turn|3
|
|t:|1781325248
|move|p1a: Pokemon|U-turn|p2a: Zapdos
|-resisted|p2a: Zapdos
|-damage|p2a: Zapdos|93/100
|
|t:|1781325250
|switch|p1a: Domestic Abuse|Garganacl, M|100/100|[from] U-turn
|move|p2a: Zapdos|Thunder|p1a: Domestic Abuse
|-damage|p1a: Domestic Abuse|57/100
|
|-weather|RainDance|[upkeep]
|-heal|p2a: Zapdos|99/100|[from] item: Leftovers
|-heal|p1a: Domestic Abuse|63/100|[from] item: Leftovers
|upkeep
|turn|4
|
|t:|1781325261
|move|p1a: Domestic Abuse|Protect|p1a: Domestic Abuse
|-singleturn|p1a: Domestic Abuse|Protect
|move|p2a: Zapdos|Weather Ball|p1a: Domestic Abuse
|-activate|p1a: Domestic Abuse|move: Protect
|
|-weather|RainDance|[upkeep]
|-heal|p2a: Zapdos|100/100|[from] item: Leftovers
|-heal|p1a: Domestic Abuse|70/100|[from] item: Leftovers
|upkeep
|turn|5
|
|t:|1781325282
|switch|p1a: Yeast Infection|Slowking-Galar, F|100/100
|move|p2a: Zapdos|Thunder|p1a: Yeast Infection
|-damage|p1a: Yeast Infection|63/100
|-status|p1a: Yeast Infection|par
|
|-weather|RainDance|[upkeep]
|upkeep
|turn|6
|
|t:|1781325292
|switch|p2a: Iron Treads|Iron Treads|100/100
|-prepare|p1a: Yeast Infection|Chilly Reception|[premajor]
|move|p1a: Yeast Infection|Chilly Reception|p1a: Yeast Infection
|-weather|Snowscape
|
|t:|1781325308
|switch|p1a: Wetness|Ogerpon-Wellspring, F|100/100|[from] Chilly Reception
|
|-weather|Snowscape|[upkeep]
|upkeep
|turn|7
|inactive|hdy nb has 120 seconds left.
|
|t:|1781325365
|move|p1a: Wetness|Ivy Cudgel|p2a: Iron Treads|[anim] Ivy Cudgel Water
|-supereffective|p2a: Iron Treads
|-damage|p2a: Iron Treads|0 fnt
|faint|p2a: Iron Treads
|-end|p2a: Iron Treads|Quark Drive|[silent]
|
|-weather|Snowscape|[upkeep]
|upkeep
|
|t:|1781325372
|switch|p2a: Barraskewda|Barraskewda, F|100/100
|turn|8
|
|t:|1781325378
|move|p2a: Barraskewda|Poison Jab|p1a: Wetness
|-supereffective|p1a: Wetness
|-damage|p1a: Wetness|0 fnt
|faint|p1a: Wetness
|
|-weather|Snowscape|[upkeep]
|upkeep
|
|t:|1781325382
|switch|p1a: WhatLesbiansDo|Scizor, F, shiny|100/100
|turn|9
|
|t:|1781325388
|switch|p2a: Pelipper|Pelipper, F|76/100
|-weather|RainDance|[from] ability: Drizzle|[of] p2a: Pelipper
|move|p1a: WhatLesbiansDo|Knock Off|p2a: Pelipper
|-damage|p2a: Pelipper|36/100
|-enditem|p2a: Pelipper|Damp Rock|[from] move: Knock Off|[of] p1a: WhatLesbiansDo
|
|-weather|RainDance|[upkeep]
|upkeep
|turn|10
|inactive|hdy nb has 120 seconds left.
|
|t:|1781325417
|switch|p1a: Yeast Infection|Slowking-Galar, F|96/100 par
|switch|p2a: Primarina|Primarina, M|100/100
|
|-weather|RainDance|[upkeep]
|upkeep
|turn|11
|
|t:|1781325435
|move|p2a: Primarina|Substitute|p2a: Primarina
|-start|p2a: Primarina|Substitute
|-damage|p2a: Primarina|75/100
|move|p1a: Yeast Infection|Sludge Bomb|p2a: Primarina
|-supereffective|p2a: Primarina
|-end|p2a: Primarina|Substitute
|
|-weather|RainDance|[upkeep]
|-heal|p2a: Primarina|82/100|[from] item: Leftovers
|upkeep
|turn|12
|inactive|hdy nb has 90 seconds left.
|
|t:|1781325453
|-terastallize|p2a: Primarina|Ground
|move|p2a: Primarina|Hyper Voice|p1a: Yeast Infection
|-damage|p1a: Yeast Infection|51/100 par
|move|p1a: Yeast Infection|Sludge Bomb|p2a: Primarina
|-resisted|p2a: Primarina
|-damage|p2a: Primarina|67/100
|
|-weather|RainDance|[upkeep]
|-heal|p2a: Primarina|73/100|[from] item: Leftovers
|upkeep
|turn|13
|inactive|hdy nb has 90 seconds left.
|
|t:|1781325476
|move|p2a: Primarina|Hyper Voice|p1a: Yeast Infection
|-damage|p1a: Yeast Infection|3/100 par
|cant|p1a: Yeast Infection|par
|
|-weather|RainDance|[upkeep]
|-heal|p2a: Primarina|79/100|[from] item: Leftovers
|upkeep
|turn|14
|
|t:|1781325485
|move|p2a: Primarina|Hyper Voice|p1a: Yeast Infection
|-damage|p1a: Yeast Infection|0 fnt
|faint|p1a: Yeast Infection
|
|-weather|RainDance|[upkeep]
|-heal|p2a: Primarina|85/100|[from] item: Leftovers
|upkeep
|
|t:|1781325501
|switch|p1a: WhatLesbiansDo|Scizor, F, shiny|100/100
|turn|15
|
|t:|1781325512
|move|p1a: WhatLesbiansDo|U-turn|p2a: Primarina
|-damage|p2a: Primarina|8/100
|
|t:|1781325517
|switch|p1a: Two Sided Dido|Great Tusk|100/100|[from] U-turn
|move|p2a: Primarina|Hyper Voice|p1a: Two Sided Dido
|-supereffective|p1a: Two Sided Dido
|-damage|p1a: Two Sided Dido|0 fnt
|faint|p1a: Two Sided Dido
|-end|p1a: Two Sided Dido|Protosynthesis|[silent]
|
|-weather|RainDance|[upkeep]
|-heal|p2a: Primarina|14/100|[from] item: Leftovers
|upkeep
|
|t:|1781325519
|switch|p1a: WhatLesbiansDo|Scizor, F, shiny|100/100
|turn|16
|
|t:|1781325541
|move|p1a: WhatLesbiansDo|U-turn|p2a: Primarina
|-damage|p2a: Primarina|0 fnt
|faint|p2a: Primarina
|
|t:|1781325546
|switch|p1a: Pokemon|Zapdos, shiny|97/100|[from] U-turn
|
|-weather|none
|upkeep
|
|t:|1781325559
|switch|p2a: Pelipper|Pelipper, F|36/100
|-weather|RainDance|[from] ability: Drizzle|[of] p2a: Pelipper
|turn|17
|
|t:|1781325572
|move|p1a: Pokemon|Discharge|p2a: Pelipper
|-supereffective|p2a: Pelipper
|-damage|p2a: Pelipper|0 fnt
|faint|p2a: Pelipper
|
|-weather|RainDance|[upkeep]
|upkeep
|
|t:|1781325579
|switch|p2a: Zapdos|Zapdos|100/100
|turn|18
|
|t:|1781325584
|move|p2a: Zapdos|Thunder|p1a: Pokemon
|-damage|p1a: Pokemon|36/100
|move|p1a: Pokemon|Hurricane|p2a: Zapdos
|-resisted|p2a: Zapdos
|-damage|p2a: Zapdos|77/100
|
|-weather|RainDance|[upkeep]
|-heal|p2a: Zapdos|83/100|[from] item: Leftovers
|upkeep
|turn|19
|inactive|hdy nb has 120 seconds left.
|
|t:|1781325601
|move|p2a: Zapdos|Weather Ball|p1a: Pokemon
|-damage|p1a: Pokemon|0 fnt
|faint|p1a: Pokemon
|
|-weather|RainDance|[upkeep]
|-heal|p2a: Zapdos|90/100|[from] item: Leftovers
|upkeep
|
|t:|1781325609
|switch|p1a: Domestic Abuse|Garganacl, M|70/100
|turn|20
|
|t:|1781325615
|-terastallize|p1a: Domestic Abuse|Fairy
|move|p2a: Zapdos|Weather Ball|p1a: Domestic Abuse
|-damage|p1a: Domestic Abuse|31/100
|move|p1a: Domestic Abuse|Recover|p1a: Domestic Abuse
|-heal|p1a: Domestic Abuse|81/100
|
|-weather|RainDance|[upkeep]
|-heal|p2a: Zapdos|96/100|[from] item: Leftovers
|-heal|p1a: Domestic Abuse|87/100|[from] item: Leftovers
|upkeep
|turn|21
|
|t:|1781325629
|move|p2a: Zapdos|Thunder|p1a: Domestic Abuse
|-damage|p1a: Domestic Abuse|43/100
|move|p1a: Domestic Abuse|Stealth Rock|p2a: Zapdos
|-sidestart|p2: hdy nb|move: Stealth Rock
|
|-weather|none
|-heal|p2a: Zapdos|100/100|[from] item: Leftovers
|-heal|p1a: Domestic Abuse|50/100|[from] item: Leftovers
|upkeep
|turn|22
|
|t:|1781325642
|move|p2a: Zapdos|Thunder|p1a: Domestic Abuse
|-damage|p1a: Domestic Abuse|8/100
|move|p1a: Domestic Abuse|Recover|p1a: Domestic Abuse
|-heal|p1a: Domestic Abuse|58/100
|
|-heal|p1a: Domestic Abuse|64/100|[from] item: Leftovers
|upkeep
|turn|23
|
|t:|1781325651
|move|p2a: Zapdos|Thunder|p1a: Domestic Abuse|[miss]
|-miss|p2a: Zapdos|p1a: Domestic Abuse
|move|p1a: Domestic Abuse|Recover|p1a: Domestic Abuse
|-heal|p1a: Domestic Abuse|100/100
|
|upkeep
|turn|24
|
|t:|1781325657
|move|p2a: Zapdos|Thunder|p1a: Domestic Abuse
|-damage|p1a: Domestic Abuse|59/100
|move|p1a: Domestic Abuse|Salt Cure|p2a: Zapdos
|-supereffective|p2a: Zapdos
|-damage|p2a: Zapdos|69/100
|-start|p2a: Zapdos|Salt Cure
|
|-heal|p2a: Zapdos|75/100|[from] item: Leftovers
|-heal|p1a: Domestic Abuse|66/100|[from] item: Leftovers
|-damage|p2a: Zapdos|63/100|[from] Salt Cure
|upkeep
|turn|25
|
|t:|1781325668
|move|p2a: Zapdos|Thunder|p1a: Domestic Abuse
|-damage|p1a: Domestic Abuse|25/100
|move|p1a: Domestic Abuse|Recover|p1a: Domestic Abuse
|-heal|p1a: Domestic Abuse|75/100
|
|-heal|p2a: Zapdos|69/100|[from] item: Leftovers
|-heal|p1a: Domestic Abuse|81/100|[from] item: Leftovers
|-damage|p2a: Zapdos|57/100|[from] Salt Cure
|upkeep
|turn|26
|
|t:|1781325678
|move|p1a: Domestic Abuse|Protect|p1a: Domestic Abuse
|-singleturn|p1a: Domestic Abuse|Protect
|move|p2a: Zapdos|Thunder|p1a: Domestic Abuse
|-activate|p1a: Domestic Abuse|move: Protect
|
|-heal|p2a: Zapdos|63/100|[from] item: Leftovers
|-heal|p1a: Domestic Abuse|88/100|[from] item: Leftovers
|-damage|p2a: Zapdos|50/100|[from] Salt Cure
|upkeep
|turn|27
|
|t:|1781325689
|move|p2a: Zapdos|Thunder|p1a: Domestic Abuse|[miss]
|-miss|p2a: Zapdos|p1a: Domestic Abuse
|move|p1a: Domestic Abuse|Salt Cure|p2a: Zapdos
|-supereffective|p2a: Zapdos
|-crit|p2a: Zapdos
|-damage|p2a: Zapdos|5/100
|
|-heal|p2a: Zapdos|11/100|[from] item: Leftovers
|-heal|p1a: Domestic Abuse|94/100|[from] item: Leftovers
|-damage|p2a: Zapdos|0 fnt|[from] Salt Cure
|faint|p2a: Zapdos
|upkeep
|
|t:|1781325700
|switch|p2a: Overqwil|Overqwil, M|100/100
|-damage|p2a: Overqwil|88/100|[from] Stealth Rock
|turn|28
|
|t:|1781325713
|switch|p1a: WhatLesbiansDo|Scizor, F, shiny|100/100
|move|p2a: Overqwil|Swords Dance|p2a: Overqwil
|-boost|p2a: Overqwil|atk|2
|
|upkeep
|turn|29
|inactive|MyNameEthanReyes has 120 seconds left.
|
|t:|1781325749
|move|p2a: Overqwil|Crunch|p1a: WhatLesbiansDo
|-damage|p1a: WhatLesbiansDo|0 fnt
|faint|p1a: WhatLesbiansDo
|-damage|p2a: Overqwil|78/100|[from] item: Life Orb
|
|upkeep
|
|t:|1781325754
|switch|p1a: Domestic Abuse|Garganacl, M, tera:Fairy|94/100
|turn|30
|
|t:|1781325758
|move|p2a: Overqwil|Poison Jab|p1a: Domestic Abuse
|-supereffective|p1a: Domestic Abuse
|-damage|p1a: Domestic Abuse|0 fnt
|faint|p1a: Domestic Abuse
|-damage|p2a: Overqwil|68/100|[from] item: Life Orb
|
|win|hdy nb
|raw|MyNameEthanReyes's rating: 1557 &rarr; <strong>1538</strong><br />(-19 for losing)
|raw|hdy nb's rating: 1582 &rarr; <strong>1601</strong><br />(+19 for winning)
|l|☆MyNameEthanReyes
|player|p1|
|l|☆hdy nb
|player|p2|
