|j|☆altyWIN
|j|☆winslowyoudog
|t:|1781409404
|gametype|singles
|player|p1|altyWIN|backpacker|1616
|player|p2|winslowyoudog|170|1597
|gen|9
|tier|[Gen 9] OU
|rated|
|rule|HP Percentage Mod: HP is shown in percentages
|rule|Endless Battle Clause: Forcing endless battles is banned
|rule|Species Clause: Limit one of each Pokémon
|rule|OHKO Clause: OHKO moves are banned
|rule|Evasion Items Clause: Evasion items are banned
|rule|Evasion Moves Clause: Evasion moves are banned
|rule|Evasion Abilities Clause: Evasion abilities are banned
|rule|Sleep Moves Clause: Sleep-inducing moves are banned
|clearpoke
|poke|p1|Excadrill, F|
|poke|p1|Tyranitar, M|
|poke|p1|Hydrapple, M|
|poke|p1|Alomomola, L99, M|
|poke|p1|Hatterene, F|
|poke|p1|Zapdos|
|poke|p2|Quaquaval, F|
|poke|p2|Pecharunt|
|poke|p2|Raging Bolt|
|poke|p2|Iron Treads|
|poke|p2|Dragonite, M|
|poke|p2|Alomomola, F|
|teampreview
|inactive|Battle timer is ON: inactive players will automatically lose when time's up. (requested by winslowyoudog)
|
|t:|1781409424
|teamsize|p1|6
|teamsize|p2|6
|start
|switch|p1a: Kim K|Hatterene, F|100/100
|switch|p2a: Quaquaval|Quaquaval, F|100/100
|turn|1
|c|☆altyWIN|good luck
|
|t:|1781409435
|switch|p2a: Iron Treads|Iron Treads|100/100
|move|p1a: Kim K|Psychic Noise|p2a: Iron Treads
|-resisted|p2a: Iron Treads
|-damage|p2a: Iron Treads|76/100
|-start|p2a: Iron Treads|move: Heal Block
|
|upkeep
|turn|2
|
|t:|1781409442
|move|p2a: Iron Treads|Knock Off|p1a: Kim K
|-damage|p1a: Kim K|74/100
|-enditem|p1a: Kim K|Assault Vest|[from] move: Knock Off|[of] p2a: Iron Treads
|move|p1a: Kim K|Mystical Fire|p2a: Iron Treads
|-supereffective|p2a: Iron Treads
|-damage|p2a: Iron Treads|14/100
|-unboost|p2a: Iron Treads|spa|1
|
|-end|p2a: Iron Treads|move: Heal Block
|upkeep
|turn|3
|
|t:|1781409449
|move|p2a: Iron Treads|Earthquake|p1a: Kim K
|-crit|p1a: Kim K
|-damage|p1a: Kim K|17/100
|move|p1a: Kim K|Psychic Noise|p2a: Iron Treads
|-resisted|p2a: Iron Treads
|-damage|p2a: Iron Treads|0 fnt
|faint|p2a: Iron Treads
|-end|p2a: Iron Treads|Quark Drive|[silent]
|
|upkeep
|
|t:|1781409452
|switch|p2a: Quaquaval|Quaquaval, F|100/100
|turn|4
|
|t:|1781409465
|switch|p1a: Hydrippy|Hydrapple, M|100/100
|move|p2a: Quaquaval|Swords Dance|p2a: Quaquaval
|-boost|p2a: Quaquaval|atk|2
|
|upkeep
|turn|5
|
|t:|1781409488
|-terastallize|p2a: Quaquaval|Poison
|-terastallize|p1a: Hydrippy|Poison
|move|p2a: Quaquaval|Swords Dance|p2a: Quaquaval
|-boost|p2a: Quaquaval|atk|2
|move|p1a: Hydrippy|Giga Drain|p2a: Quaquaval
|-resisted|p2a: Quaquaval
|-damage|p2a: Quaquaval|82/100
|
|-heal|p2a: Quaquaval|88/100|[from] item: Leftovers
|upkeep
|turn|6
|
|t:|1781409496
|move|p2a: Quaquaval|Aqua Step|p1a: Hydrippy
|-damage|p1a: Hydrippy|45/100
|-boost|p2a: Quaquaval|spe|1
|move|p1a: Hydrippy|Earth Power|p2a: Quaquaval
|-supereffective|p2a: Quaquaval
|-damage|p2a: Quaquaval|31/100
|
|-heal|p2a: Quaquaval|38/100|[from] item: Leftovers
|upkeep
|turn|7
|
|t:|1781409509
|switch|p1a: Cardi B|Alomomola, L99, M|100/100
|move|p2a: Quaquaval|Aqua Step|p1a: Cardi B
|-resisted|p1a: Cardi B
|-damage|p1a: Cardi B|69/100
|-boost|p2a: Quaquaval|spe|1
|
|-heal|p2a: Quaquaval|44/100|[from] item: Leftovers
|upkeep
|turn|8
|
|t:|1781409533
|move|p2a: Quaquaval|Swords Dance|p2a: Quaquaval
|-boost|p2a: Quaquaval|atk|2
|move|p1a: Cardi B|Flip Turn|p2a: Quaquaval
|-damage|p2a: Quaquaval|27/100
|inactive|altyWIN has 120 seconds left.
|
|t:|1781409556
|switch|p1a: Hydrippy|Hydrapple, M, tera:Poison|78/100|[from] Flip Turn
|
|-heal|p2a: Quaquaval|33/100|[from] item: Leftovers
|upkeep
|turn|9
|inactive|altyWIN has 120 seconds left.
|
|t:|1781409569
|switch|p1a: Kim K|Hatterene, F|17/100
|move|p2a: Quaquaval|Aqua Step|p1a: Kim K
|-damage|p1a: Kim K|0 fnt
|-boost|p2a: Quaquaval|spe|1
|faint|p1a: Kim K
|
|-heal|p2a: Quaquaval|39/100|[from] item: Leftovers
|upkeep
|
|t:|1781409574
|switch|p1a: Hydrippy|Hydrapple, M, tera:Poison|100/100
|turn|10
|
|t:|1781409577
|move|p2a: Quaquaval|Aqua Step|p1a: Hydrippy
|-damage|p1a: Hydrippy|27/100
|-boost|p2a: Quaquaval|spe|1
|move|p1a: Hydrippy|Earth Power|p2a: Quaquaval
|-supereffective|p2a: Quaquaval
|-damage|p2a: Quaquaval|0 fnt
|faint|p2a: Quaquaval
|
|upkeep
|
|t:|1781409584
|switch|p2a: Raging Bolt|Raging Bolt|100/100
|turn|11
|inactive|altyWIN has 120 seconds left.
|
|t:|1781409611
|switch|p1a: Goatyranny|Tyranitar, M|100/100
|-weather|Sandstorm|[from] ability: Sand Stream|[of] p1a: Goatyranny
|move|p2a: Raging Bolt|Volt Switch|p1a: Goatyranny
|-damage|p1a: Goatyranny|57/100
|
|t:|1781409618
|-end|p2a: Raging Bolt|Protosynthesis|[silent]
|switch|p2a: Dragonite|Dragonite, M|100/100|[from] Volt Switch
|
|-weather|Sandstorm|[upkeep]
|-damage|p2a: Dragonite|94/100|[from] Sandstorm
|upkeep
|turn|12
|
|t:|1781409630
|switch|p1a: Cardi B|Alomomola, L99, M|100/100
|move|p2a: Dragonite|Earthquake|p1a: Cardi B
|-damage|p1a: Cardi B|79/100
|
|-weather|Sandstorm|[upkeep]
|-damage|p2a: Dragonite|88/100|[from] Sandstorm
|-damage|p1a: Cardi B|73/100|[from] Sandstorm
|upkeep
|turn|13
|
|t:|1781409643
|switch|p2a: Alomomola|Alomomola, F|100/100
|move|p1a: Cardi B|Wish|p1a: Cardi B
|
|-weather|Sandstorm|[upkeep]
|-damage|p2a: Alomomola|94/100|[from] Sandstorm
|-damage|p1a: Cardi B|66/100|[from] Sandstorm
|upkeep
|turn|14
|
|t:|1781409649
|move|p2a: Alomomola|Scald|p1a: Cardi B
|-resisted|p1a: Cardi B
|-damage|p1a: Cardi B|58/100
|-status|p1a: Cardi B|brn
|move|p1a: Cardi B|Flip Turn|p2a: Alomomola
|-resisted|p2a: Alomomola
|-damage|p2a: Alomomola|92/100
|
|t:|1781409658
|switch|p1a: Goatyranny|Tyranitar, M|57/100|[from] Flip Turn
|
|-weather|Sandstorm|[upkeep]
|-damage|p2a: Alomomola|85/100|[from] Sandstorm
|-heal|p1a: Goatyranny|100/100|[from] move: Wish|[wisher] Cardi B
|upkeep
|turn|15
|
|t:|1781409673
|switch|p1a: FreeCaneMerchant|Zapdos|100/100
|switch|p2a: Pecharunt|Pecharunt|100/100
|
|-weather|none
|upkeep
|turn|16
|
|t:|1781409689
|move|p1a: FreeCaneMerchant|Volt Switch|p2a: Pecharunt
|-damage|p2a: Pecharunt|44/100
|
|t:|1781409695
|switch|p1a: Cardi B|Alomomola, L99, M|91/100 brn|[from] Volt Switch
|move|p2a: Pecharunt|Parting Shot|p1a: Cardi B
|-unboost|p1a: Cardi B|atk|1
|-unboost|p1a: Cardi B|spa|1
|
|t:|1781409699
|switch|p2a: Raging Bolt|Raging Bolt|100/100|[from] Parting Shot
|
|-damage|p1a: Cardi B|85/100 brn|[from] brn
|upkeep
|turn|17
|
|t:|1781409703
|switch|p1a: Childinthemines|Excadrill, F|100/100
|move|p2a: Raging Bolt|Draco Meteor|p1a: Childinthemines
|-resisted|p1a: Childinthemines
|-damage|p1a: Childinthemines|23/100
|-unboost|p2a: Raging Bolt|spa|2
|
|upkeep
|turn|18
|
|t:|1781409714
|-end|p2a: Raging Bolt|Protosynthesis|[silent]
|switch|p2a: Dragonite|Dragonite, M|88/100
|move|p1a: Childinthemines|Earthquake|p2a: Dragonite
|-immune|p2a: Dragonite
|
|upkeep
|turn|19
|
|t:|1781409721
|switch|p1a: Cardi B|Alomomola, L99, M|100/100 brn
|switch|p2a: Raging Bolt|Raging Bolt|100/100
|
|-damage|p1a: Cardi B|94/100 brn|[from] brn
|upkeep
|turn|20
|
|t:|1781409730
|switch|p1a: Goatyranny|Tyranitar, M|100/100
|-weather|Sandstorm|[from] ability: Sand Stream|[of] p1a: Goatyranny
|move|p2a: Raging Bolt|Draco Meteor|p1a: Goatyranny
|-damage|p1a: Goatyranny|27/100
|-unboost|p2a: Raging Bolt|spa|2
|
|-weather|Sandstorm|[upkeep]
|-damage|p2a: Raging Bolt|94/100|[from] Sandstorm
|upkeep
|turn|21
|inactive|altyWIN has 120 seconds left.
|
|t:|1781409761
|switch|p1a: Cardi B|Alomomola, L99, M|100/100 brn
|move|p2a: Raging Bolt|Draco Meteor|p1a: Cardi B
|-damage|p1a: Cardi B|32/100 brn
|-unboost|p2a: Raging Bolt|spa|2
|
|-weather|Sandstorm|[upkeep]
|-damage|p2a: Raging Bolt|88/100|[from] Sandstorm
|-damage|p1a: Cardi B|26/100 brn|[from] Sandstorm
|-damage|p1a: Cardi B|20/100 brn|[from] brn
|upkeep
|turn|22
|inactive|altyWIN has 120 seconds left.
|
|t:|1781409779
|-end|p2a: Raging Bolt|Protosynthesis|[silent]
|switch|p2a: Dragonite|Dragonite, M|88/100
|switch|p1a: FreeCaneMerchant|Zapdos|100/100
|
|-weather|Sandstorm|[upkeep]
|-damage|p1a: FreeCaneMerchant|94/100|[from] Sandstorm
|-damage|p2a: Dragonite|82/100|[from] Sandstorm
|upkeep
|turn|23
|inactive|altyWIN has 120 seconds left.
|
|t:|1781409795
|move|p1a: FreeCaneMerchant|Weather Ball|p2a: Dragonite
|-supereffective|p2a: Dragonite
|-damage|p2a: Dragonite|0 fnt
|faint|p2a: Dragonite
|
|-weather|Sandstorm|[upkeep]
|-damage|p1a: FreeCaneMerchant|88/100|[from] Sandstorm
|upkeep
|
|t:|1781409805
|switch|p2a: Raging Bolt|Raging Bolt|88/100
|turn|24
|inactive|altyWIN has 120 seconds left.
|
|t:|1781409816
|switch|p1a: Hydrippy|Hydrapple, M, tera:Poison|60/100
|move|p2a: Raging Bolt|Draco Meteor|p1a: Hydrippy
|-damage|p1a: Hydrippy|0 fnt
|-unboost|p2a: Raging Bolt|spa|2
|faint|p1a: Hydrippy
|
|-weather|none
|upkeep
|inactive|altyWIN has 120 seconds left.
|
|t:|1781409838
|switch|p1a: Childinthemines|Excadrill, F|23/100
|turn|25
|
|t:|1781409848
|-end|p2a: Raging Bolt|Protosynthesis|[silent]
|switch|p2a: Alomomola|Alomomola, F|100/100
|move|p1a: Childinthemines|Earthquake|p2a: Alomomola
|-damage|p2a: Alomomola|43/100
|
|upkeep
|turn|26
|
|t:|1781409855
|switch|p2a: Pecharunt|Pecharunt|44/100
|move|p1a: Childinthemines|Earthquake|p2a: Pecharunt
|-supereffective|p2a: Pecharunt
|-damage|p2a: Pecharunt|0 fnt
|faint|p2a: Pecharunt
|
|upkeep
|
|t:|1781409856
|switch|p2a: Alomomola|Alomomola, F|76/100
|turn|27
|inactive|altyWIN has 120 seconds left.
|inactive|altyWIN has 90 seconds left.
|
|t:|1781409919
|switch|p1a: Cardi B|Alomomola, L99, M|53/100 brn
|move|p2a: Alomomola|Flip Turn|p1a: Cardi B
|-resisted|p1a: Cardi B
|-damage|p1a: Cardi B|49/100 brn
|
|t:|1781409922
|switch|p2a: Raging Bolt|Raging Bolt|88/100|[from] Flip Turn
|
|-damage|p1a: Cardi B|43/100 brn|[from] brn
|upkeep
|turn|28
|
|t:|1781409930
|move|p2a: Raging Bolt|Volt Switch|p1a: Cardi B
|-supereffective|p1a: Cardi B
|-damage|p1a: Cardi B|0 fnt
|faint|p1a: Cardi B
|
|t:|1781409932
|-end|p2a: Raging Bolt|Protosynthesis|[silent]
|switch|p2a: Alomomola|Alomomola, F|100/100|[from] Volt Switch
|
|upkeep
|
|t:|1781409935
|switch|p1a: FreeCaneMerchant|Zapdos|88/100
|turn|29
|
|t:|1781409943
|move|p1a: FreeCaneMerchant|Hurricane|p2a: Alomomola
|-damage|p2a: Alomomola|59/100
|move|p2a: Alomomola|Flip Turn|p1a: FreeCaneMerchant
|-damage|p1a: FreeCaneMerchant|67/100
|
|t:|1781409945
|switch|p2a: Raging Bolt|Raging Bolt|88/100|[from] Flip Turn
|
|upkeep
|turn|30
|
|t:|1781409954
|switch|p1a: Goatyranny|Tyranitar, M|27/100
|-weather|Sandstorm|[from] ability: Sand Stream|[of] p1a: Goatyranny
|move|p2a: Raging Bolt|Volt Switch|p1a: Goatyranny
|-damage|p1a: Goatyranny|0 fnt
|faint|p1a: Goatyranny
|
|t:|1781409956
|-end|p2a: Raging Bolt|Protosynthesis|[silent]
|switch|p2a: Alomomola|Alomomola, F|92/100|[from] Volt Switch
|
|-weather|Sandstorm|[upkeep]
|-damage|p2a: Alomomola|86/100|[from] Sandstorm
|upkeep
|inactive|altyWIN has 120 seconds left.
|
|t:|1781409966
|switch|p1a: FreeCaneMerchant|Zapdos|67/100
|turn|31
|inactive|altyWIN has 120 seconds left.
|
|t:|1781409978
|move|p1a: FreeCaneMerchant|Thunderbolt|p2a: Alomomola
|-supereffective|p2a: Alomomola
|-crit|p2a: Alomomola
|-damage|p2a: Alomomola|0 fnt
|faint|p2a: Alomomola
|
|-weather|Sandstorm|[upkeep]
|-damage|p1a: FreeCaneMerchant|60/100|[from] Sandstorm
|upkeep
|c|☆winslowyoudog|im av dog
|-message|winslowyoudog forfeited.
|
|win|altyWIN
|raw|altyWIN's rating: 1616 &rarr; <strong>1635</strong><br />(+19 for winning)
|raw|winslowyoudog's rating: 1597 &rarr; <strong>1578</strong><br />(-19 for losing)
|l|☆winslowyoudog
|player|p2|
|l|☆altyWIN
|player|p1|
