|j|☆Galarian Blades
|j|☆Mortifi
|t:|1781181744
|gametype|singles
|player|p1|Galarian Blades|#capplxiwutangclants|1759
|player|p2|Mortifi|pokemaniac|1679
|gen|9
|tier|[Gen 9] OU
|rated|
|rule|HP Percentage Mod: HP is shown in percentages
|rule|Endless Battle Clause: Forcing endless battles is banned
|rule|Species Clause: Limit one of each Pokémon
|rule|OHKO Clause: OHKO moves are banned
|rule|Evasion Items Clause: Evasion items are banned
|rule|Evasion Moves Clause: Evasion moves are banned
|rule|Evasion Abilities Clause: Evasion abilities are banned
|rule|Sleep Moves Clause: Sleep-inducing moves are banned
|clearpoke
|poke|p1|Zamazenta-*|
|poke|p1|Dragonite, M|
|poke|p1|Kyurem|
|poke|p1|Hatterene, F|
|poke|p1|Kingambit, M|
|poke|p1|Landorus-Therian, M|
|poke|p2|Gholdengo|
|poke|p2|Iron Treads|
|poke|p2|Moltres|
|poke|p2|Zamazenta-*|
|poke|p2|Samurott-Hisui, M|
|poke|p2|Garganacl, M|
|teampreview
|inactive|Battle timer is ON: inactive players will automatically lose when time's up. (requested by Galarian Blades)
|c|☆Galarian Blades|hf
|inactive|Mortifi has 120 seconds left.
|
|t:|1781181780
|teamsize|p1|6
|teamsize|p2|6
|start
|switch|p1a: Kyurem|Kyurem|100/100
|switch|p2a: Moltres|Moltres|100/100
|-ability|p1a: Kyurem|Pressure
|turn|1
|
|t:|1781181789
|switch|p2a: Garganacl|Garganacl, M|100/100
|move|p1a: Kyurem|Ice Beam|p2a: Garganacl
|-damage|p2a: Garganacl|68/100
|
|-heal|p2a: Garganacl|75/100|[from] item: Leftovers
|upkeep
|turn|2
|
|t:|1781181803
|move|p1a: Kyurem|Earth Power|p2a: Garganacl
|-supereffective|p2a: Garganacl
|-damage|p2a: Garganacl|36/100
|move|p2a: Garganacl|Salt Cure|p1a: Kyurem
|-supereffective|p1a: Kyurem
|-damage|p1a: Kyurem|75/100
|-start|p1a: Kyurem|Salt Cure
|
|-heal|p2a: Garganacl|42/100|[from] item: Leftovers
|-damage|p1a: Kyurem|63/100|[from] Salt Cure
|upkeep
|turn|3
|
|t:|1781181816
|switch|p1a: Hatterene|Hatterene, F|100/100
|move|p2a: Garganacl|Recover|p2a: Garganacl
|-heal|p2a: Garganacl|92/100
|
|-heal|p2a: Garganacl|98/100|[from] item: Leftovers
|upkeep
|turn|4
|
|t:|1781181823
|move|p2a: Garganacl|Salt Cure|p1a: Hatterene
|-damage|p1a: Hatterene|85/100
|-start|p1a: Hatterene|Salt Cure
|move|p1a: Hatterene|Psychic Noise|p2a: Garganacl
|-damage|p2a: Garganacl|77/100
|-start|p2a: Garganacl|move: Heal Block
|
|-damage|p1a: Hatterene|73/100|[from] Salt Cure
|upkeep
|turn|5
|
|t:|1781181835
|switch|p2a: Iron Treads|Iron Treads|100/100
|switch|p1a: Landorus|Landorus-Therian, M|100/100
|-ability|p1a: Landorus|Intimidate|boost
|-unboost|p2a: Iron Treads|atk|1
|
|upkeep
|turn|6
|
|t:|1781181843
|-end|p2a: Iron Treads|Quark Drive|[silent]
|switch|p2a: Moltres|Moltres|100/100
|move|p1a: Landorus|Sandsear Storm|p2a: Moltres
|-immune|p2a: Moltres
|
|upkeep
|turn|7
|
|t:|1781181865
|move|p1a: Landorus|Stealth Rock|p2a: Moltres
|-sidestart|p2: Mortifi|move: Stealth Rock
|move|p2a: Moltres|Flamethrower|p1a: Landorus
|-damage|p1a: Landorus|63/100
|
|upkeep
|turn|8
|
|t:|1781181870
|move|p1a: Landorus|Smack Down|p2a: Moltres
|-supereffective|p2a: Moltres
|-damage|p2a: Moltres|59/100
|-start|p2a: Moltres|Smack Down
|move|p2a: Moltres|U-turn|p1a: Landorus
|-resisted|p1a: Landorus
|-damage|p1a: Landorus|58/100
|-damage|p2a: Moltres|42/100|[from] item: Rocky Helmet|[of] p1a: Landorus
|
|t:|1781181879
|switch|p2a: Samurott|Samurott-Hisui, M|100/100|[from] U-turn
|-damage|p2a: Samurott|88/100|[from] Stealth Rock
|
|upkeep
|turn|9
|
|t:|1781181891
|switch|p1a: Zamazenta|Zamazenta|100/100
|-ability|p1a: Zamazenta|Dauntless Shield|boost
|-boost|p1a: Zamazenta|def|1
|move|p2a: Samurott|Ceaseless Edge|p1a: Zamazenta
|-resisted|p1a: Zamazenta
|-damage|p1a: Zamazenta|87/100
|-sidestart|p1: Galarian Blades|Spikes
|
|upkeep
|turn|10
|
|t:|1781181909
|switch|p2a: Gholdengo|Gholdengo|100/100
|-damage|p2a: Gholdengo|94/100|[from] Stealth Rock
|-item|p2a: Gholdengo|Air Balloon
|move|p1a: Zamazenta|Close Combat|p2a: Gholdengo
|-immune|p2a: Gholdengo
|
|upkeep
|turn|11
|
|t:|1781181919
|-terastallize|p1a: Zamazenta|Dark
|move|p1a: Zamazenta|Crunch|p2a: Gholdengo
|-supereffective|p2a: Gholdengo
|-damage|p2a: Gholdengo|0 fnt
|-enditem|p2a: Gholdengo|Air Balloon
|faint|p2a: Gholdengo
|-damage|p1a: Zamazenta|77/100|[from] item: Life Orb
|
|upkeep
|
|t:|1781181933
|switch|p2a: Zamazenta|Zamazenta|100/100
|-damage|p2a: Zamazenta|94/100|[from] Stealth Rock
|-ability|p2a: Zamazenta|Dauntless Shield|boost
|-boost|p2a: Zamazenta|def|1
|turn|12
|
|t:|1781181938
|switch|p1a: Landorus|Landorus-Therian, M|58/100
|-ability|p1a: Landorus|Intimidate|boost
|-unboost|p2a: Zamazenta|atk|1
|move|p2a: Zamazenta|Close Combat|p1a: Landorus
|-resisted|p1a: Landorus
|-damage|p1a: Landorus|43/100
|-unboost|p2a: Zamazenta|def|1
|-unboost|p2a: Zamazenta|spd|1
|-damage|p2a: Zamazenta|78/100|[from] item: Rocky Helmet|[of] p1a: Landorus
|
|upkeep
|turn|13
|
|t:|1781181948
|move|p2a: Zamazenta|Ice Fang|p1a: Landorus
|-supereffective|p1a: Landorus
|-damage|p1a: Landorus|0 fnt
|-damage|p2a: Zamazenta|61/100|[from] item: Rocky Helmet|[of] p1a: Landorus
|faint|p1a: Landorus
|
|upkeep
|
|t:|1781181953
|switch|p1a: Hatterene|Hatterene, F|73/100
|-damage|p1a: Hatterene|61/100|[from] Spikes
|turn|14
|
|t:|1781181964
|switch|p2a: Garganacl|Garganacl, M|77/100
|-damage|p2a: Garganacl|65/100|[from] Stealth Rock
|move|p1a: Hatterene|Nuzzle|p2a: Garganacl
|-damage|p2a: Garganacl|63/100
|
|-heal|p2a: Garganacl|69/100|[from] item: Leftovers
|upkeep
|turn|15
|
|t:|1781181973
|move|p2a: Garganacl|Salt Cure|p1a: Hatterene
|-damage|p1a: Hatterene|45/100
|-start|p1a: Hatterene|Salt Cure
|move|p1a: Hatterene|Psychic Noise|p2a: Garganacl
|-damage|p2a: Garganacl|46/100
|-start|p2a: Garganacl|move: Heal Block
|
|-damage|p1a: Hatterene|32/100|[from] Salt Cure
|upkeep
|turn|16
|
|t:|1781181983
|switch|p2a: Iron Treads|Iron Treads|100/100
|move|p1a: Hatterene|Psychic Noise|p2a: Iron Treads
|-resisted|p2a: Iron Treads
|-damage|p2a: Iron Treads|82/100
|-start|p2a: Iron Treads|move: Heal Block
|
|-damage|p1a: Hatterene|20/100|[from] Salt Cure
|upkeep
|turn|17
|-enditem|p1a: Hatterene|Custap Berry|[eat]
|-activate|p1a: Hatterene|item: Custap Berry|[consumed]
|
|t:|1781181993
|move|p1a: Hatterene|Healing Wish|p1a: Hatterene
|faint|p1a: Hatterene
|move|p2a: Iron Treads|Rapid Spin|p1: Hatterene|[notarget]
|-fail|p2a: Iron Treads
|
|-end|p2a: Iron Treads|move: Heal Block
|upkeep
|
|t:|1781182006
|switch|p1a: Zamazenta|Zamazenta, tera:Dark|77/100
|-heal|p1a: Zamazenta|100/100|[from] move: Healing Wish
|-damage|p1a: Zamazenta|88/100|[from] Spikes
|turn|18
|inactive|Mortifi has 120 seconds left.
|
|t:|1781182045
|-terastallize|p2a: Iron Treads|Ghost
|move|p1a: Zamazenta|Crunch|p2a: Iron Treads
|-supereffective|p2a: Iron Treads
|-damage|p2a: Iron Treads|0 fnt
|faint|p2a: Iron Treads
|-end|p2a: Iron Treads|Quark Drive|[silent]
|-damage|p1a: Zamazenta|78/100|[from] item: Life Orb
|
|upkeep
|
|t:|1781182057
|switch|p2a: Zamazenta|Zamazenta|61/100
|-damage|p2a: Zamazenta|55/100|[from] Stealth Rock
|turn|19
|c|☆Mortifi|holy shit crazy read
|c|☆Galarian Blades|ngl
|c|☆Galarian Blades|misclick lol
|c|☆Mortifi|lmao
|c|☆Galarian Blades|deadass thought i clicked cc
|c|☆Galarian Blades|i was like hwo tf did they die
|inactive|Mortifi has 90 seconds left.
|
|t:|1781182093
|move|p1a: Zamazenta|Close Combat|p2a: Zamazenta
|-damage|p2a: Zamazenta|0 fnt
|-unboost|p1a: Zamazenta|def|1
|-unboost|p1a: Zamazenta|spd|1
|faint|p2a: Zamazenta
|-damage|p1a: Zamazenta|68/100|[from] item: Life Orb
|
|upkeep
|c|☆Mortifi|ah well
|c|☆Mortifi|needed to win that tie
|
|t:|1781182110
|switch|p2a: Moltres|Moltres|42/100
|turn|20
|c|☆Galarian Blades|yeah
|
|t:|1781182114
|move|p1a: Zamazenta|Stone Edge|p2a: Moltres
|-supereffective|p2a: Moltres
|-damage|p2a: Moltres|0 fnt
|faint|p2a: Moltres
|-damage|p1a: Zamazenta|59/100|[from] item: Life Orb
|
|upkeep
|c|☆Mortifi|yup gg
|-message|Mortifi forfeited.
|
|win|Galarian Blades
|raw|Galarian Blades's rating: 1759 &rarr; <strong>1774</strong><br />(+15 for winning)
|raw|Mortifi's rating: 1679 &rarr; <strong>1664</strong><br />(-15 for losing)
|c|☆Galarian Blades|gg
|l|☆Mortifi
|player|p2|
|c|☆Galarian Blades|zamas so fucking annoying
|l|☆Galarian Blades
|player|p1|
