|j|☆alakazam darnold
|j|☆Thorntail Hollow
|t:|1781027518
|gametype|singles
|player|p1|alakazam darnold|li|1533
|player|p2|Thorntail Hollow|169|1566
|gen|9
|tier|[Gen 9] OU
|rated|
|rule|HP Percentage Mod: HP is shown in percentages
|rule|Endless Battle Clause: Forcing endless battles is banned
|rule|Species Clause: Limit one of each Pokémon
|rule|OHKO Clause: OHKO moves are banned
|rule|Evasion Items Clause: Evasion items are banned
|rule|Evasion Moves Clause: Evasion moves are banned
|rule|Evasion Abilities Clause: Evasion abilities are banned
|rule|Sleep Moves Clause: Sleep-inducing moves are banned
|clearpoke
|poke|p1|Tauros, M|
|poke|p1|Kyurem|
|poke|p1|Cinderace, M|
|poke|p1|Mandibuzz, F|
|poke|p1|Slowking-Galar, F|
|poke|p1|Great Tusk|
|poke|p2|Scizor, F|
|poke|p2|Darkrai|
|poke|p2|Mandibuzz, F|
|poke|p2|Landorus-Therian, M|
|poke|p2|Hatterene, F|
|poke|p2|Toxapex, F|
|teampreview
|inactive|Battle timer is ON: inactive players will automatically lose when time's up. (requested by Thorntail Hollow)
|
|t:|1781027536
|teamsize|p1|6
|teamsize|p2|6
|start
|switch|p1a: Tauros|Tauros, M|100/100
|switch|p2a: Toxapex|Toxapex, F|100/100
|turn|1
|
|t:|1781027541
|move|p1a: Tauros|Thunderbolt|p2a: Toxapex
|-supereffective|p2a: Toxapex
|-damage|p2a: Toxapex|63/100
|move|p2a: Toxapex|Toxic|p1a: Tauros
|-status|p1a: Tauros|tox
|
|-heal|p2a: Toxapex|69/100|[from] item: Black Sludge
|-damage|p1a: Tauros|94/100 tox|[from] psn
|upkeep
|turn|2
|
|t:|1781027546
|move|p1a: Tauros|Thunderbolt|p2a: Toxapex
|-supereffective|p2a: Toxapex
|-crit|p2a: Toxapex
|-damage|p2a: Toxapex|18/100
|move|p2a: Toxapex|Recover|p2a: Toxapex
|-heal|p2a: Toxapex|68/100
|
|-heal|p2a: Toxapex|74/100|[from] item: Black Sludge
|-damage|p1a: Tauros|82/100 tox|[from] psn
|upkeep
|turn|3
|
|t:|1781027552
|switch|p1a: Kyurem|Kyurem|100/100
|-ability|p1a: Kyurem|Pressure
|switch|p2a: Landorus|Landorus-Therian, M|100/100
|-ability|p2a: Landorus|Intimidate|boost
|-unboost|p1a: Kyurem|atk|1
|
|upkeep
|turn|4
|
|t:|1781027558
|switch|p2a: Scizor|Scizor, F|100/100
|move|p1a: Kyurem|Ice Beam|p2a: Scizor
|-resisted|p2a: Scizor
|-damage|p2a: Scizor|75/100
|
|upkeep
|turn|5
|
|t:|1781027567
|switch|p1a: Mandibuzz|Mandibuzz, F|100/100
|move|p2a: Scizor|Knock Off|p1a: Mandibuzz
|-resisted|p1a: Mandibuzz
|-damage|p1a: Mandibuzz|84/100
|-damage|p2a: Scizor|58/100|[from] item: Rocky Helmet|[of] p1a: Mandibuzz
|-enditem|p1a: Mandibuzz|Rocky Helmet|[from] move: Knock Off|[of] p2a: Scizor
|
|upkeep
|turn|6
|
|t:|1781027575
|switch|p2a: Toxapex|Toxapex, F|100/100
|move|p1a: Mandibuzz|U-turn|p2a: Toxapex
|-resisted|p2a: Toxapex
|-damage|p2a: Toxapex|97/100
|
|t:|1781027578
|switch|p1a: Kyurem|Kyurem|100/100|[from] U-turn
|-ability|p1a: Kyurem|Pressure
|
|-heal|p2a: Toxapex|100/100|[from] item: Black Sludge
|upkeep
|turn|7
|
|t:|1781027582
|move|p1a: Kyurem|Freeze-Dry|p2a: Toxapex
|-supereffective|p2a: Toxapex
|-damage|p2a: Toxapex|64/100
|move|p2a: Toxapex|Toxic|p1a: Kyurem
|-status|p1a: Kyurem|tox
|
|-heal|p2a: Toxapex|71/100|[from] item: Black Sludge
|-damage|p1a: Kyurem|94/100 tox|[from] psn
|upkeep
|turn|8
|
|t:|1781027590
|move|p1a: Kyurem|Earth Power|p2a: Toxapex
|-supereffective|p2a: Toxapex
|-damage|p2a: Toxapex|35/100
|move|p2a: Toxapex|Recover|p2a: Toxapex
|-heal|p2a: Toxapex|85/100
|
|-heal|p2a: Toxapex|91/100|[from] item: Black Sludge
|-damage|p1a: Kyurem|82/100 tox|[from] psn
|upkeep
|turn|9
|
|t:|1781027594
|move|p1a: Kyurem|Freeze-Dry|p2a: Toxapex
|-supereffective|p2a: Toxapex
|-damage|p2a: Toxapex|53/100
|move|p2a: Toxapex|Sludge Bomb|p1a: Kyurem
|-damage|p1a: Kyurem|72/100 tox
|
|-heal|p2a: Toxapex|59/100|[from] item: Black Sludge
|-damage|p1a: Kyurem|54/100 tox|[from] psn
|upkeep
|turn|10
|
|t:|1781027601
|switch|p1a: Slowking|Slowking-Galar, F|100/100
|move|p2a: Toxapex|Recover|p2a: Toxapex
|-heal|p2a: Toxapex|100/100
|
|upkeep
|turn|11
|
|t:|1781027610
|switch|p2a: Landorus|Landorus-Therian, M|100/100
|-ability|p2a: Landorus|Intimidate|boost
|-unboost|p1a: Slowking|atk|1
|move|p1a: Slowking|Psychic Noise|p2a: Landorus
|-damage|p2a: Landorus|45/100
|-start|p2a: Landorus|move: Heal Block
|
|upkeep
|turn|12
|
|t:|1781027615
|switch|p1a: Mandibuzz|Mandibuzz, F|84/100
|move|p2a: Landorus|U-turn|p1a: Mandibuzz
|-damage|p1a: Mandibuzz|68/100
|
|t:|1781027623
|switch|p2a: Hatterene|Hatterene, F|100/100|[from] U-turn
|
|upkeep
|turn|13
|
|t:|1781027630
|switch|p1a: Slowking|Slowking-Galar, F|100/100
|move|p2a: Hatterene|Draining Kiss|p1a: Slowking
|-resisted|p1a: Slowking
|-damage|p1a: Slowking|95/100
|
|upkeep
|turn|14
|
|t:|1781027636
|switch|p2a: Scizor|Scizor, F|58/100
|move|p1a: Slowking|Sludge Bomb|p2a: Scizor
|-immune|p2a: Scizor
|
|upkeep
|turn|15
|
|t:|1781027645
|switch|p1a: Mandibuzz|Mandibuzz, F|68/100
|move|p2a: Scizor|Knock Off|p1a: Mandibuzz
|-resisted|p1a: Mandibuzz
|-damage|p1a: Mandibuzz|57/100
|
|upkeep
|turn|16
|
|t:|1781027649
|switch|p2a: Hatterene|Hatterene, F|100/100
|move|p1a: Mandibuzz|Roost|p1a: Mandibuzz
|-heal|p1a: Mandibuzz|100/100
|-singleturn|p1a: Mandibuzz|move: Roost
|
|upkeep
|turn|17
|
|t:|1781027652
|switch|p1a: Slowking|Slowking-Galar, F|100/100
|move|p2a: Hatterene|Nuzzle|p1a: Slowking
|-damage|p1a: Slowking|97/100
|-status|p1a: Slowking|par
|
|upkeep
|turn|18
|j| KangkongNation
|
|t:|1781027659
|switch|p2a: Scizor|Scizor, F|58/100
|cant|p1a: Slowking|par
|
|upkeep
|turn|19
|
|t:|1781027666
|switch|p1a: Cinderace|Cinderace, M|100/100
|move|p2a: Scizor|U-turn|p1a: Cinderace
|-resisted|p1a: Cinderace
|-crit|p1a: Cinderace
|-damage|p1a: Cinderace|36/100
|l| KangkongNation
|
|t:|1781027679
|switch|p2a: Landorus|Landorus-Therian, M|45/100|[from] U-turn
|-ability|p2a: Landorus|Intimidate|boost
|-unboost|p1a: Cinderace|atk|1
|
|upkeep
|turn|20
|
|t:|1781027688
|switch|p1a: Tauros|Tauros, M|82/100 tox
|move|p2a: Landorus|Earthquake|p1a: Tauros
|-damage|p1a: Tauros|9/100 tox
|
|-damage|p1a: Tauros|3/100 tox|[from] psn
|upkeep
|turn|21
|
|t:|1781027694
|switch|p2a: Toxapex|Toxapex, F|100/100
|move|p1a: Tauros|Ice Beam|p2a: Toxapex
|-resisted|p2a: Toxapex
|-damage|p2a: Toxapex|91/100
|
|-heal|p2a: Toxapex|97/100|[from] item: Black Sludge
|-damage|p1a: Tauros|0 fnt|[from] psn
|faint|p1a: Tauros
|upkeep
|
|t:|1781027698
|switch|p1a: Slowking|Slowking-Galar, F|100/100 par
|turn|22
|
|t:|1781027702
|switch|p2a: Scizor|Scizor, F|58/100
|move|p1a: Slowking|Flamethrower|p2a: Scizor
|-supereffective|p2a: Scizor
|-damage|p2a: Scizor|0 fnt
|faint|p2a: Scizor
|
|upkeep
|
|t:|1781027709
|switch|p2a: Landorus|Landorus-Therian, M|45/100
|-ability|p2a: Landorus|Intimidate|boost
|-unboost|p1a: Slowking|atk|1
|turn|23
|
|t:|1781027714
|move|p2a: Landorus|Earthquake|p1a: Slowking
|-supereffective|p1a: Slowking
|-damage|p1a: Slowking|0 fnt
|faint|p1a: Slowking
|
|upkeep
|
|t:|1781027718
|switch|p1a: Great Tusk|Great Tusk|100/100
|-enditem|p1a: Great Tusk|Booster Energy
|-activate|p1a: Great Tusk|ability: Protosynthesis|[fromitem]
|-start|p1a: Great Tusk|protosynthesisspe
|turn|24
|
|t:|1781027723
|switch|p2a: Mandibuzz|Mandibuzz, F|100/100
|move|p1a: Great Tusk|Bulk Up|p1a: Great Tusk
|-boost|p1a: Great Tusk|atk|1
|-boost|p1a: Great Tusk|def|1
|
|upkeep
|turn|25
|
|t:|1781027729
|move|p1a: Great Tusk|Bulk Up|p1a: Great Tusk
|-boost|p1a: Great Tusk|atk|1
|-boost|p1a: Great Tusk|def|1
|move|p2a: Mandibuzz|Toxic|p1a: Great Tusk
|-status|p1a: Great Tusk|tox
|
|-damage|p1a: Great Tusk|94/100 tox|[from] psn
|upkeep
|turn|26
|
|t:|1781027735
|move|p1a: Great Tusk|Bulk Up|p1a: Great Tusk
|-boost|p1a: Great Tusk|atk|1
|-boost|p1a: Great Tusk|def|1
|move|p2a: Mandibuzz|Foul Play|p1a: Great Tusk
|-resisted|p1a: Great Tusk
|-damage|p1a: Great Tusk|81/100 tox
|
|-damage|p1a: Great Tusk|69/100 tox|[from] psn
|upkeep
|turn|27
|
|t:|1781027745
|switch|p2a: Toxapex|Toxapex, F|100/100
|move|p1a: Great Tusk|Bulk Up|p1a: Great Tusk
|-boost|p1a: Great Tusk|atk|1
|-boost|p1a: Great Tusk|def|1
|
|-damage|p1a: Great Tusk|50/100 tox|[from] psn
|upkeep
|turn|28
|
|t:|1781027751
|switch|p2a: Mandibuzz|Mandibuzz, F|100/100
|move|p1a: Great Tusk|Earthquake|p2a: Mandibuzz
|-immune|p2a: Mandibuzz
|
|-damage|p1a: Great Tusk|25/100 tox|[from] psn
|upkeep
|turn|29
|
|t:|1781027770
|move|p1a: Great Tusk|Earthquake|p2a: Mandibuzz
|-immune|p2a: Mandibuzz
|move|p2a: Mandibuzz|Foul Play|p1a: Great Tusk
|-resisted|p1a: Great Tusk
|-damage|p1a: Great Tusk|12/100 tox
|
|-damage|p1a: Great Tusk|0 fnt|[from] psn
|faint|p1a: Great Tusk
|-end|p1a: Great Tusk|Protosynthesis|[silent]
|upkeep
|-message|alakazam darnold forfeited.
|
|win|Thorntail Hollow
|raw|alakazam darnold's rating: 1533 &rarr; <strong>1515</strong><br />(-18 for losing)
|raw|Thorntail Hollow's rating: 1566 &rarr; <strong>1584</strong><br />(+18 for winning)
|l|☆alakazam darnold
|player|p1|
|l|☆Thorntail Hollow
|player|p2|
