|j|☆FireSide_01
|j|☆alpalmaster
|t:|1781522160
|gametype|singles
|player|p1|FireSide_01|janine|1547
|player|p2|alpalmaster|roughneck-gen4|1541
|gen|9
|tier|[Gen 9] OU
|rated|
|rule|HP Percentage Mod: HP is shown in percentages
|rule|Endless Battle Clause: Forcing endless battles is banned
|rule|Species Clause: Limit one of each Pokémon
|rule|OHKO Clause: OHKO moves are banned
|rule|Evasion Items Clause: Evasion items are banned
|rule|Evasion Moves Clause: Evasion moves are banned
|rule|Evasion Abilities Clause: Evasion abilities are banned
|rule|Sleep Moves Clause: Sleep-inducing moves are banned
|clearpoke
|poke|p1|Ninetales, F|
|poke|p1|Walking Wake|
|poke|p1|Typhlosion-Hisui, F|
|poke|p1|Great Tusk|
|poke|p1|Rillaboom, F|
|poke|p1|Raging Bolt|
|poke|p2|Tinkaton, F|
|poke|p2|Great Tusk|
|poke|p2|Samurott-Hisui, F|
|poke|p2|Rotom-Wash|
|poke|p2|Kommo-o, M|
|poke|p2|Tornadus-Therian, M|
|teampreview
|inactive|Battle timer is ON: inactive players will automatically lose when time's up. (requested by alpalmaster)
|
|t:|1781522169
|teamsize|p1|6
|teamsize|p2|6
|start
|switch|p1a: Ninetales|Ninetales, F|100/100
|switch|p2a: Great Tusk|Great Tusk|100/100
|-weather|SunnyDay|[from] ability: Drought|[of] p1a: Ninetales
|-activate|p2a: Great Tusk|ability: Protosynthesis
|-start|p2a: Great Tusk|protosynthesisspe
|turn|1
|
|t:|1781522186
|switch|p1a: Great Tusk|Great Tusk|100/100
|-activate|p1a: Great Tusk|ability: Protosynthesis
|-start|p1a: Great Tusk|protosynthesisspe
|move|p2a: Great Tusk|Rapid Spin|p1a: Great Tusk
|-damage|p1a: Great Tusk|90/100
|-boost|p2a: Great Tusk|spe|1
|
|-weather|SunnyDay|[upkeep]
|upkeep
|turn|2
|
|t:|1781522191
|move|p2a: Great Tusk|Bulk Up|p2a: Great Tusk
|-boost|p2a: Great Tusk|atk|1
|-boost|p2a: Great Tusk|def|1
|move|p1a: Great Tusk|Rapid Spin|p2a: Great Tusk
|-damage|p2a: Great Tusk|94/100
|-boost|p1a: Great Tusk|spe|1
|
|-weather|SunnyDay|[upkeep]
|-heal|p2a: Great Tusk|99/100|[from] item: Leftovers
|upkeep
|turn|3
|
|t:|1781522201
|-end|p1a: Great Tusk|Protosynthesis|[silent]
|switch|p1a: Rillaboom|Rillaboom, F|100/100
|-fieldstart|move: Grassy Terrain|[from] ability: Grassy Surge|[of] p1a: Rillaboom
|move|p2a: Great Tusk|Ice Spinner|p1a: Rillaboom
|-supereffective|p1a: Rillaboom
|-damage|p1a: Rillaboom|22/100
|-fieldend|move: Grassy Terrain
|
|-weather|SunnyDay|[upkeep]
|-heal|p2a: Great Tusk|100/100|[from] item: Leftovers
|upkeep
|turn|4
|
|t:|1781522210
|move|p2a: Great Tusk|Bulk Up|p2a: Great Tusk
|-boost|p2a: Great Tusk|atk|1
|-boost|p2a: Great Tusk|def|1
|move|p1a: Rillaboom|Grassy Glide|p2a: Great Tusk
|-supereffective|p2a: Great Tusk
|-crit|p2a: Great Tusk
|-damage|p2a: Great Tusk|20/100
|
|-weather|SunnyDay|[upkeep]
|-heal|p2a: Great Tusk|26/100|[from] item: Leftovers
|upkeep
|turn|5
|
|t:|1781522214
|switch|p1a: Raging Bolt|Raging Bolt|100/100
|-activate|p1a: Raging Bolt|ability: Protosynthesis
|-start|p1a: Raging Bolt|protosynthesisspa
|move|p2a: Great Tusk|Ice Spinner|p1a: Raging Bolt
|-supereffective|p1a: Raging Bolt
|-damage|p1a: Raging Bolt|16/100
|
|-weather|SunnyDay|[upkeep]
|-heal|p2a: Great Tusk|32/100|[from] item: Leftovers
|upkeep
|turn|6
|
|t:|1781522218
|move|p2a: Great Tusk|Ice Spinner|p1a: Raging Bolt
|-supereffective|p1a: Raging Bolt
|-damage|p1a: Raging Bolt|0 fnt
|faint|p1a: Raging Bolt
|-end|p1a: Raging Bolt|Protosynthesis|[silent]
|
|-weather|SunnyDay|[upkeep]
|-heal|p2a: Great Tusk|39/100|[from] item: Leftovers
|upkeep
|
|t:|1781522220
|switch|p1a: Rillaboom|Rillaboom, F|22/100
|-fieldstart|move: Grassy Terrain|[from] ability: Grassy Surge|[of] p1a: Rillaboom
|turn|7
|
|t:|1781522227
|-end|p2a: Great Tusk|Protosynthesis|[silent]
|switch|p2a: Tornadus|Tornadus-Therian, M|100/100
|move|p1a: Rillaboom|Grassy Glide|p2a: Tornadus
|-resisted|p2a: Tornadus
|-damage|p2a: Tornadus|67/100
|
|-weather|SunnyDay|[upkeep]
|-heal|p1a: Rillaboom|28/100|[from] Grassy Terrain
|upkeep
|turn|8
|
|t:|1781522234
|switch|p1a: Walking Wake|Walking Wake|100/100
|-activate|p1a: Walking Wake|ability: Protosynthesis
|-start|p1a: Walking Wake|protosynthesisspa
|move|p2a: Tornadus|Heat Wave|p1a: Walking Wake
|-resisted|p1a: Walking Wake
|-damage|p1a: Walking Wake|91/100
|
|-weather|none
|-end|p1a: Walking Wake|Protosynthesis
|-heal|p1a: Walking Wake|97/100|[from] Grassy Terrain
|upkeep
|turn|9
|
|t:|1781522242
|switch|p2a: Rotom|Rotom-Wash|100/100
|move|p1a: Walking Wake|Draco Meteor|p2a: Rotom
|-damage|p2a: Rotom|0 fnt
|-unboost|p1a: Walking Wake|spa|2
|faint|p2a: Rotom
|
|-heal|p1a: Walking Wake|100/100|[from] Grassy Terrain
|upkeep
|
|t:|1781522247
|switch|p2a: Kommo-o|Kommo-o, M|100/100
|turn|10
|
|t:|1781522252
|-end|p1a: Walking Wake|Protosynthesis|[silent]
|switch|p1a: Ninetales|Ninetales, F|100/100
|-weather|SunnyDay|[from] ability: Drought|[of] p1a: Ninetales
|move|p2a: Kommo-o|Substitute|p2a: Kommo-o
|-start|p2a: Kommo-o|Substitute
|-damage|p2a: Kommo-o|76/100
|
|-weather|SunnyDay|[upkeep]
|-heal|p2a: Kommo-o|82/100|[from] Grassy Terrain
|-heal|p2a: Kommo-o|88/100|[from] item: Leftovers
|upkeep
|turn|11
|
|t:|1781522255
|move|p1a: Ninetales|Encore|p2a: Kommo-o
|-start|p2a: Kommo-o|Encore
|move|p2a: Kommo-o|Substitute|p2a: Kommo-o
|-fail|p2a: Kommo-o|move: Substitute
|
|-weather|SunnyDay|[upkeep]
|-heal|p2a: Kommo-o|94/100|[from] Grassy Terrain
|-heal|p2a: Kommo-o|100/100|[from] item: Leftovers
|-fieldend|move: Grassy Terrain
|upkeep
|turn|12
|
|t:|1781522261
|move|p1a: Ninetales|Weather Ball|p2a: Kommo-o
|-immune|p2a: Kommo-o|[from] ability: Bulletproof
|move|p2a: Kommo-o|Substitute|p2a: Kommo-o
|-fail|p2a: Kommo-o|move: Substitute
|
|-weather|SunnyDay|[upkeep]
|upkeep
|turn|13
|
|t:|1781522266
|move|p1a: Ninetales|Weather Ball|p2a: Kommo-o
|-immune|p2a: Kommo-o|[from] ability: Bulletproof
|move|p2a: Kommo-o|Substitute|p2a: Kommo-o
|-fail|p2a: Kommo-o|move: Substitute
|
|-weather|SunnyDay|[upkeep]
|-end|p2a: Kommo-o|Encore
|upkeep
|turn|14
|
|t:|1781522272
|move|p1a: Ninetales|Encore|p2a: Kommo-o
|-start|p2a: Kommo-o|Encore
|move|p2a: Kommo-o|Substitute|p2a: Kommo-o
|-fail|p2a: Kommo-o|move: Substitute
|
|-weather|SunnyDay|[upkeep]
|upkeep
|turn|15
|
|t:|1781522292
|switch|p1a: Walking Wake|Walking Wake|100/100
|-activate|p1a: Walking Wake|ability: Protosynthesis
|-start|p1a: Walking Wake|protosynthesisspa
|move|p2a: Kommo-o|Substitute|p2a: Kommo-o
|-fail|p2a: Kommo-o|move: Substitute
|
|-weather|SunnyDay|[upkeep]
|upkeep
|turn|16
|
|t:|1781522299
|move|p1a: Walking Wake|Hydro Steam|p2a: Kommo-o
|-resisted|p2a: Kommo-o
|-end|p2a: Kommo-o|Substitute
|move|p2a: Kommo-o|Substitute|p2a: Kommo-o
|-start|p2a: Kommo-o|Substitute
|-damage|p2a: Kommo-o|76/100
|
|-weather|SunnyDay|[upkeep]
|-heal|p2a: Kommo-o|82/100|[from] item: Leftovers
|-end|p2a: Kommo-o|Encore
|upkeep
|turn|17
|
|t:|1781522308
|-terastallize|p1a: Walking Wake|Water
|move|p1a: Walking Wake|Hydro Steam|p2a: Kommo-o
|-resisted|p2a: Kommo-o
|-end|p2a: Kommo-o|Substitute
|move|p2a: Kommo-o|Drain Punch|p1a: Walking Wake
|-damage|p1a: Walking Wake|70/100
|-heal|p2a: Kommo-o|97/100|[from] drain|[of] p1a: Walking Wake
|
|-weather|none
|-end|p1a: Walking Wake|Protosynthesis
|-heal|p2a: Kommo-o|100/100|[from] item: Leftovers
|upkeep
|turn|18
|
|t:|1781522315
|-end|p1a: Walking Wake|Protosynthesis|[silent]
|switch|p1a: Ninetales|Ninetales, F|100/100
|-weather|SunnyDay|[from] ability: Drought|[of] p1a: Ninetales
|switch|p2a: Tornadus|Tornadus-Therian, M|100/100
|
|-weather|SunnyDay|[upkeep]
|upkeep
|turn|19
|
|t:|1781522320
|switch|p1a: Great Tusk|Great Tusk|90/100
|-activate|p1a: Great Tusk|ability: Protosynthesis
|-start|p1a: Great Tusk|protosynthesisspe
|move|p2a: Tornadus|Bleakwind Storm|p1a: Great Tusk|[miss]
|-miss|p2a: Tornadus|p1a: Great Tusk
|
|-weather|SunnyDay|[upkeep]
|upkeep
|turn|20
|
|t:|1781522326
|move|p1a: Great Tusk|Ice Spinner|p2a: Tornadus
|-supereffective|p2a: Tornadus
|-damage|p2a: Tornadus|50/100
|move|p2a: Tornadus|Bleakwind Storm|p1a: Great Tusk
|-supereffective|p1a: Great Tusk
|-damage|p1a: Great Tusk|0 fnt
|faint|p1a: Great Tusk
|-end|p1a: Great Tusk|Protosynthesis|[silent]
|
|-weather|SunnyDay|[upkeep]
|upkeep
|
|t:|1781522329
|switch|p1a: Typhlosion|Typhlosion-Hisui, F|100/100
|turn|21
|
|t:|1781522346
|switch|p2a: Great Tusk|Great Tusk|39/100
|-activate|p2a: Great Tusk|ability: Protosynthesis
|-start|p2a: Great Tusk|protosynthesisspe
|move|p1a: Typhlosion|Eruption|p2a: Great Tusk
|-damage|p2a: Great Tusk|0 fnt
|faint|p2a: Great Tusk
|-end|p2a: Great Tusk|Protosynthesis|[silent]
|
|-weather|SunnyDay|[upkeep]
|upkeep
|
|t:|1781522355
|switch|p2a: Kommo-o|Kommo-o, M|100/100
|turn|22
|
|t:|1781522358
|move|p1a: Typhlosion|Eruption|p2a: Kommo-o
|-resisted|p2a: Kommo-o
|-damage|p2a: Kommo-o|48/100
|move|p2a: Kommo-o|Earthquake|p1a: Typhlosion
|-supereffective|p1a: Typhlosion
|-damage|p1a: Typhlosion|34/100
|
|-weather|SunnyDay|[upkeep]
|-heal|p2a: Kommo-o|54/100|[from] item: Leftovers
|upkeep
|turn|23
|
|t:|1781522365
|switch|p1a: Rillaboom|Rillaboom, F|28/100
|-fieldstart|move: Grassy Terrain|[from] ability: Grassy Surge|[of] p1a: Rillaboom
|move|p2a: Kommo-o|Earthquake|p1a: Rillaboom
|-resisted|p1a: Rillaboom
|-damage|p1a: Rillaboom|21/100
|
|-weather|SunnyDay|[upkeep]
|-heal|p2a: Kommo-o|60/100|[from] Grassy Terrain
|-heal|p2a: Kommo-o|67/100|[from] item: Leftovers
|-heal|p1a: Rillaboom|27/100|[from] Grassy Terrain
|upkeep
|turn|24
|
|t:|1781522372
|switch|p2a: Tinkaton|Tinkaton, F|100/100
|-item|p2a: Tinkaton|Air Balloon
|move|p1a: Rillaboom|Wood Hammer|p2a: Tinkaton
|-resisted|p2a: Tinkaton
|-damage|p2a: Tinkaton|28/100
|-enditem|p2a: Tinkaton|Air Balloon
|-damage|p1a: Rillaboom|1/100|[from] Recoil
|-enditem|p1a: Rillaboom|Choice Band|[silent]|[from] ability: Pickpocket|[of] p1a: Rillaboom
|-item|p2a: Tinkaton|Choice Band|[from] ability: Pickpocket|[of] p1a: Rillaboom
|
|-weather|SunnyDay|[upkeep]
|-heal|p2a: Tinkaton|34/100|[from] Grassy Terrain
|-heal|p1a: Rillaboom|7/100|[from] Grassy Terrain
|upkeep
|turn|25
|
|t:|1781522384
|move|p2a: Tinkaton|Stealth Rock|p1a: Rillaboom
|-sidestart|p1: FireSide_01|move: Stealth Rock
|move|p1a: Rillaboom|Wood Hammer|p2a: Tinkaton
|-resisted|p2a: Tinkaton
|-damage|p2a: Tinkaton|0 fnt
|faint|p2a: Tinkaton
|-damage|p1a: Rillaboom|0 fnt|[from] Recoil
|faint|p1a: Rillaboom
|
|-weather|none
|upkeep
|
|t:|1781522400
|switch|p2a: Tornadus|Tornadus-Therian, M|83/100
|switch|p1a: Ninetales|Ninetales, F|100/100
|-damage|p1a: Ninetales|76/100|[from] Stealth Rock
|-weather|SunnyDay|[from] ability: Drought|[of] p1a: Ninetales
|turn|26
|
|t:|1781522418
|move|p2a: Tornadus|U-turn|p1a: Ninetales
|-resisted|p1a: Ninetales
|-damage|p1a: Ninetales|67/100
|
|t:|1781522421
|switch|p2a: Samurott|Samurott-Hisui, F|100/100|[from] U-turn
|move|p1a: Ninetales|Healing Wish|p1a: Ninetales
|faint|p1a: Ninetales
|
|-weather|SunnyDay|[upkeep]
|upkeep
|
|t:|1781522426
|switch|p1a: Walking Wake|Walking Wake, tera:Water|70/100
|-heal|p1a: Walking Wake|100/100|[from] move: Healing Wish
|-damage|p1a: Walking Wake|88/100|[from] Stealth Rock
|-activate|p1a: Walking Wake|ability: Protosynthesis
|-start|p1a: Walking Wake|protosynthesisspa
|turn|27
|
|t:|1781522437
|move|p2a: Samurott|Ceaseless Edge|p1a: Walking Wake|[miss]
|-miss|p2a: Samurott|p1a: Walking Wake
|move|p1a: Walking Wake|Hydro Steam|p2a: Samurott
|-resisted|p2a: Samurott
|-damage|p2a: Samurott|0 fnt
|faint|p2a: Samurott
|
|-weather|SunnyDay|[upkeep]
|-heal|p1a: Walking Wake|94/100|[from] Grassy Terrain
|-fieldend|move: Grassy Terrain
|upkeep
|inactive|alpalmaster has 120 seconds left.
|
|t:|1781522466
|switch|p2a: Tornadus|Tornadus-Therian, M|100/100
|turn|28
|
|t:|1781522471
|move|p2a: Tornadus|Bleakwind Storm|p1a: Walking Wake
|-crit|p1a: Walking Wake
|-damage|p1a: Walking Wake|30/100
|move|p1a: Walking Wake|Hydro Steam|p2a: Tornadus
|-damage|p2a: Tornadus|0 fnt
|faint|p2a: Tornadus
|
|-weather|SunnyDay|[upkeep]
|upkeep
|
|t:|1781522477
|switch|p2a: Kommo-o|Kommo-o, M|67/100
|turn|29
|
|t:|1781522479
|move|p1a: Walking Wake|Hydro Steam|p2a: Kommo-o
|-resisted|p2a: Kommo-o
|-damage|p2a: Kommo-o|0 fnt
|faint|p2a: Kommo-o
|
|win|FireSide_01
|raw|FireSide_01's rating: 1547 &rarr; <strong>1567</strong><br />(+20 for winning)
|raw|alpalmaster's rating: 1541 &rarr; <strong>1521</strong><br />(-20 for losing)
|c|☆FireSide_01|gg
|c|☆alpalmaster|gg
|l|☆FireSide_01
|player|p1|
|l|☆alpalmaster
|player|p2|
