|j|☆kadu99
|j|☆waha8
|t:|1780898943
|gametype|singles
|player|p1|kadu99|policeman-gen4|1640
|player|p2|waha8|1|1671
|gen|9
|tier|[Gen 9] OU
|rated|
|rule|HP Percentage Mod: HP is shown in percentages
|rule|Endless Battle Clause: Forcing endless battles is banned
|rule|Species Clause: Limit one of each Pokémon
|rule|OHKO Clause: OHKO moves are banned
|rule|Evasion Items Clause: Evasion items are banned
|rule|Evasion Moves Clause: Evasion moves are banned
|rule|Evasion Abilities Clause: Evasion abilities are banned
|rule|Sleep Moves Clause: Sleep-inducing moves are banned
|clearpoke
|poke|p1|Volcanion|
|poke|p1|Corviknight, M|
|poke|p1|Zamazenta-*|
|poke|p1|Rillaboom, F|
|poke|p1|Gliscor, F|
|poke|p1|Slowking-Galar, F|
|poke|p2|Slowking-Galar, F|
|poke|p2|Indeedee, M|
|poke|p2|Cinderace, M|
|poke|p2|Ninetales-Alola, F|
|poke|p2|Cetitan, F|
|poke|p2|Kyurem|
|teampreview
|inactive|Battle timer is ON: inactive players will automatically lose when time's up. (requested by kadu99)
|
|t:|1780898956
|teamsize|p1|6
|teamsize|p2|6
|start
|switch|p1a: Volcanion|Volcanion|100/100
|switch|p2a: Mavis|Ninetales-Alola, F|100/100
|-weather|Snowscape|[from] ability: Snow Warning|[of] p2a: Mavis
|turn|1
|
|t:|1780898962
|move|p2a: Mavis|Aurora Veil|p2a: Mavis
|-sidestart|p2: waha8|move: Aurora Veil
|move|p1a: Volcanion|Flamethrower|p2a: Mavis
|-supereffective|p2a: Mavis
|-damage|p2a: Mavis|15/100
|
|-weather|Snowscape|[upkeep]
|upkeep
|turn|2
|
|t:|1780898968
|switch|p2a: DeeDee|Indeedee, M|100/100
|-fieldstart|move: Psychic Terrain|[from] ability: Psychic Surge|[of] p2a: DeeDee
|move|p1a: Volcanion|Flamethrower|p2a: DeeDee
|-damage|p2a: DeeDee|49/100
|
|-weather|Snowscape|[upkeep]
|upkeep
|turn|3
|
|t:|1780898976
|switch|p1a: Slowking|Slowking-Galar, F|100/100
|move|p2a: DeeDee|Expanding Force|p1a: Slowking
|-damage|p1a: Slowking|64/100
|
|-weather|Snowscape|[upkeep]
|upkeep
|turn|4
|
|t:|1780898984
|move|p2a: DeeDee|Expanding Force|p1a: Slowking
|-damage|p1a: Slowking|29/100
|move|p1a: Slowking|Sludge Bomb|p2a: DeeDee
|-damage|p2a: DeeDee|22/100
|
|-weather|Snowscape|[upkeep]
|upkeep
|turn|5
|
|t:|1780898997
|switch|p2a: SageOfSixPaths|Slowking-Galar, F|100/100
|switch|p1a: Corviknight|Corviknight, M|100/100
|-ability|p1a: Corviknight|Pressure
|
|-weather|Snowscape|[upkeep]
|-sideend|p2: waha8|move: Aurora Veil
|upkeep
|turn|6
|
|t:|1780899005
|move|p1a: Corviknight|U-turn|p2a: SageOfSixPaths
|-damage|p2a: SageOfSixPaths|87/100
|
|t:|1780899007
|switch|p1a: Gliscor|Gliscor, F|100/100|[from] U-turn
|move|p2a: SageOfSixPaths|Trick Room|p2a: SageOfSixPaths
|-fieldstart|move: Trick Room|[of] p2a: SageOfSixPaths
|
|-weather|Snowscape|[upkeep]
|-status|p1a: Gliscor|tox|[from] item: Toxic Orb
|upkeep
|turn|7
|
|t:|1780899013
|move|p2a: SageOfSixPaths|Expanding Force|p1a: Gliscor
|-damage|p1a: Gliscor|8/100 tox
|-damage|p2a: SageOfSixPaths|77/100|[from] item: Life Orb
|move|p1a: Gliscor|Stealth Rock|p2a: SageOfSixPaths
|-sidestart|p2: waha8|move: Stealth Rock
|
|-weather|Snowscape|[upkeep]
|-heal|p1a: Gliscor|21/100 tox|[from] ability: Poison Heal
|upkeep
|turn|8
|
|t:|1780899020
|move|p1a: Gliscor|Protect|p1a: Gliscor
|-singleturn|p1a: Gliscor|Protect
|move|p2a: SageOfSixPaths|Expanding Force|p1a: Gliscor
|-activate|p1a: Gliscor|move: Protect
|
|-weather|none
|-heal|p1a: Gliscor|33/100 tox|[from] ability: Poison Heal
|upkeep
|turn|9
|
|t:|1780899028
|switch|p1a: Corviknight|Corviknight, M|100/100
|-ability|p1a: Corviknight|Pressure
|move|p2a: SageOfSixPaths|Expanding Force|p1a: Corviknight
|-resisted|p1a: Corviknight
|-damage|p1a: Corviknight|48/100
|-damage|p2a: SageOfSixPaths|67/100|[from] item: Life Orb
|
|-fieldend|move: Psychic Terrain
|upkeep
|turn|10
|
|t:|1780899037
|move|p2a: SageOfSixPaths|Fire Blast|p1a: Corviknight
|-supereffective|p1a: Corviknight
|-damage|p1a: Corviknight|0 fnt
|faint|p1a: Corviknight
|-damage|p2a: SageOfSixPaths|57/100|[from] item: Life Orb
|
|-fieldend|move: Trick Room
|upkeep
|
|t:|1780899041
|switch|p1a: Rillaboom|Rillaboom, F|100/100
|-fieldstart|move: Grassy Terrain|[from] ability: Grassy Surge|[of] p1a: Rillaboom
|turn|11
|
|t:|1780899053
|switch|p2a: DeeDee|Indeedee, M|22/100
|-damage|p2a: DeeDee|9/100|[from] Stealth Rock
|-fieldstart|move: Psychic Terrain|[from] ability: Psychic Surge|[of] p2a: DeeDee
|move|p1a: Rillaboom|Knock Off|p2a: DeeDee
|-supereffective|p2a: DeeDee
|-damage|p2a: DeeDee|0 fnt
|-enditem|p2a: DeeDee|Terrain Extender|[from] move: Knock Off|[of] p1a: Rillaboom
|faint|p2a: DeeDee
|
|upkeep
|
|t:|1780899063
|switch|p2a: ReverseUNO|Cinderace, M|100/100
|turn|12
|
|t:|1780899068
|switch|p1a: Volcanion|Volcanion|100/100
|move|p2a: ReverseUNO|Court Change|p2a: ReverseUNO
|-start|p2a: ReverseUNO|typechange|Normal|[from] ability: Libero
|-swapsideconditions
|-activate|p2a: ReverseUNO|move: Court Change
|
|upkeep
|turn|13
|j| nepturee
|
|t:|1780899074
|move|p2a: ReverseUNO|High Jump Kick|p1a: Volcanion|[miss]
|-miss|p2a: ReverseUNO|p1a: Volcanion
|-damage|p2a: ReverseUNO|51/100|[from] highjumpkick
|move|p1a: Volcanion|Steam Eruption|p2a: ReverseUNO
|-damage|p2a: ReverseUNO|0 fnt
|faint|p2a: ReverseUNO
|
|upkeep
|
|t:|1780899083
|switch|p2a: Mavis|Ninetales-Alola, F|15/100
|-weather|Snowscape|[from] ability: Snow Warning|[of] p2a: Mavis
|turn|14
|
|t:|1780899088
|move|p2a: Mavis|Aurora Veil|p2a: Mavis
|-sidestart|p2: waha8|move: Aurora Veil
|move|p1a: Volcanion|Steam Eruption|p2a: Mavis
|-damage|p2a: Mavis|0 fnt
|faint|p2a: Mavis
|
|-weather|Snowscape|[upkeep]
|upkeep
|
|t:|1780899094
|switch|p2a: SubZero|Kyurem|100/100
|-ability|p2a: SubZero|Pressure
|turn|15
|
|t:|1780899097
|switch|p1a: Zamazenta|Zamazenta|100/100
|-damage|p1a: Zamazenta|94/100|[from] Stealth Rock
|-ability|p1a: Zamazenta|Dauntless Shield|boost
|-boost|p1a: Zamazenta|def|1
|move|p2a: SubZero|Dragon Dance|p2a: SubZero
|-boost|p2a: SubZero|atk|1
|-boost|p2a: SubZero|spe|1
|
|-weather|Snowscape|[upkeep]
|-heal|p1a: Zamazenta|100/100|[from] item: Leftovers
|upkeep
|turn|16
|j| babyshark974
|
|t:|1780899115
|-terastallize|p2a: SubZero|Ice
|move|p2a: SubZero|Icicle Spear|p1a: Zamazenta
|-damage|p1a: Zamazenta|86/100
|-damage|p1a: Zamazenta|73/100
|-damage|p1a: Zamazenta|60/100
|-damage|p1a: Zamazenta|47/100
|-hitcount|p1a: Zamazenta|4
|move|p1a: Zamazenta|Iron Defense|p1a: Zamazenta
|-boost|p1a: Zamazenta|def|2
|
|-weather|Snowscape|[upkeep]
|-heal|p1a: Zamazenta|53/100|[from] item: Leftovers
|upkeep
|turn|17
|
|t:|1780899131
|move|p2a: SubZero|Freeze-Dry|p1a: Zamazenta
|-damage|p1a: Zamazenta|21/100
|-status|p1a: Zamazenta|frz
|cant|p1a: Zamazenta|frz
|
|-weather|Snowscape|[upkeep]
|-heal|p1a: Zamazenta|27/100 frz|[from] item: Leftovers
|upkeep
|turn|18
|c|☆kadu99|lol
|c|☆kadu99|surreal
|
|t:|1780899141
|move|p2a: SubZero|Icicle Spear|p1a: Zamazenta
|-damage|p1a: Zamazenta|19/100 frz
|-damage|p1a: Zamazenta|10/100 frz
|-damage|p1a: Zamazenta|1/100 frz
|-damage|p1a: Zamazenta|0 fnt
|faint|p1a: Zamazenta
|-hitcount|p1: Zamazenta|4
|
|-weather|Snowscape|[upkeep]
|-sideend|p2: waha8|move: Aurora Veil
|-fieldend|move: Psychic Terrain
|upkeep
|
|t:|1780899151
|switch|p1a: Volcanion|Volcanion|100/100
|-damage|p1a: Volcanion|76/100|[from] Stealth Rock
|turn|19
|
|t:|1780899164
|-terastallize|p1a: Volcanion|Fairy
|move|p2a: SubZero|Scale Shot|p1a: Volcanion
|-immune|p1a: Volcanion
|move|p1a: Volcanion|Flamethrower|p2a: SubZero
|-supereffective|p2a: SubZero
|-damage|p2a: SubZero|0 fnt
|faint|p2a: SubZero
|
|-weather|Snowscape|[upkeep]
|upkeep
|l| nepturee
|
|t:|1780899175
|switch|p2a: Thing|Cetitan, F|100/100
|turn|20
|
|t:|1780899179
|move|p2a: Thing|Icicle Spear|p1a: Volcanion
|-damage|p1a: Volcanion|63/100
|-damage|p1a: Volcanion|50/100
|-damage|p1a: Volcanion|37/100
|-damage|p1a: Volcanion|25/100
|-damage|p1a: Volcanion|11/100
|-hitcount|p1a: Volcanion|5
|move|p1a: Volcanion|Flamethrower|p2a: Thing
|-supereffective|p2a: Thing
|-damage|p2a: Thing|0 fnt
|faint|p2a: Thing
|
|-weather|Snowscape|[upkeep]
|upkeep
|c|☆waha8|gg wp
|
|t:|1780899191
|switch|p2a: SageOfSixPaths|Slowking-Galar, F|90/100
|turn|21
|c|☆kadu99|gg
|
|t:|1780899200
|move|p1a: Volcanion|Flamethrower|p2a: SageOfSixPaths
|-damage|p2a: SageOfSixPaths|32/100
|move|p2a: SageOfSixPaths|Trick Room|p2a: SageOfSixPaths
|-fieldstart|move: Trick Room|[of] p2a: SageOfSixPaths
|
|-weather|none
|upkeep
|turn|22
|
|t:|1780899209
|move|p2a: SageOfSixPaths|Expanding Force|p1a: Volcanion
|-damage|p1a: Volcanion|0 fnt
|faint|p1a: Volcanion
|-damage|p2a: SageOfSixPaths|22/100|[from] item: Life Orb
|
|upkeep
|
|t:|1780899214
|switch|p1a: Gliscor|Gliscor, F|33/100 tox
|-damage|p1a: Gliscor|21/100 tox|[from] Stealth Rock
|turn|23
|
|t:|1780899217
|move|p1a: Gliscor|Protect|p1a: Gliscor
|-singleturn|p1a: Gliscor|Protect
|move|p2a: SageOfSixPaths|Expanding Force|p1a: Gliscor
|-activate|p1a: Gliscor|move: Protect
|
|-heal|p1a: Gliscor|33/100 tox|[from] ability: Poison Heal
|upkeep
|turn|24
|
|t:|1780899223
|switch|p1a: Slowking|Slowking-Galar, F|62/100
|-damage|p1a: Slowking|50/100|[from] Stealth Rock
|move|p2a: SageOfSixPaths|Expanding Force|p1a: Slowking
|-damage|p1a: Slowking|25/100
|-damage|p2a: SageOfSixPaths|12/100|[from] item: Life Orb
|
|upkeep
|turn|25
|
|t:|1780899230
|move|p2a: SageOfSixPaths|Expanding Force|p1a: Slowking
|-damage|p1a: Slowking|0 fnt
|faint|p1a: Slowking
|-damage|p2a: SageOfSixPaths|2/100|[from] item: Life Orb
|
|-fieldend|move: Trick Room
|upkeep
|
|t:|1780899235
|switch|p1a: Rillaboom|Rillaboom, F|100/100
|-damage|p1a: Rillaboom|88/100|[from] Stealth Rock
|-fieldstart|move: Grassy Terrain|[from] ability: Grassy Surge|[of] p1a: Rillaboom
|turn|26
|
|t:|1780899239
|move|p1a: Rillaboom|Wood Hammer|p2a: SageOfSixPaths
|-resisted|p2a: SageOfSixPaths
|-damage|p2a: SageOfSixPaths|0 fnt
|faint|p2a: SageOfSixPaths
|-damage|p1a: Rillaboom|88/100|[from] Recoil
|
|win|kadu99
|raw|kadu99's rating: 1640 &rarr; <strong>1662</strong><br />(+22 for winning)
|raw|waha8's rating: 1671 &rarr; <strong>1649</strong><br />(-22 for losing)
|l|☆waha8
|player|p2|
|l| babyshark974
|l|☆kadu99
|player|p1|
