|j|☆Izlymoney
|j|☆KurisuChestnutOU
|t:|1781168108
|gametype|singles
|player|p1|Izlymoney|169|1635
|player|p2|KurisuChestnutOU|may-contest|1637
|gen|9
|tier|[Gen 9] OU
|rated|
|rule|HP Percentage Mod: HP is shown in percentages
|rule|Endless Battle Clause: Forcing endless battles is banned
|rule|Species Clause: Limit one of each Pokémon
|rule|OHKO Clause: OHKO moves are banned
|rule|Evasion Items Clause: Evasion items are banned
|rule|Evasion Moves Clause: Evasion moves are banned
|rule|Evasion Abilities Clause: Evasion abilities are banned
|rule|Sleep Moves Clause: Sleep-inducing moves are banned
|clearpoke
|poke|p1|Cramorant, M|
|poke|p1|Gallade, M|
|poke|p1|Kingambit, F|
|poke|p1|Iron Moth|
|poke|p1|Enamorus, F|
|poke|p1|Ogerpon-Cornerstone, F|
|poke|p2|Zamazenta-*|
|poke|p2|Zapdos|
|poke|p2|Garganacl, M|
|poke|p2|Clefable, M|
|poke|p2|Samurott-Hisui, M|
|poke|p2|Gholdengo|
|teampreview
|inactive|Battle timer is ON: inactive players will automatically lose when time's up. (requested by KurisuChestnutOU)
|
|t:|1781168114
|teamsize|p1|6
|teamsize|p2|6
|start
|switch|p1a: Cramorant|Cramorant, M, shiny|100/100
|switch|p2a: Gholdengo|Gholdengo|100/100
|turn|1
|inactive|Izlymoney has 120 seconds left.
|
|t:|1781168166
|move|p2a: Gholdengo|Shadow Ball|p1a: Cramorant
|-damage|p1a: Cramorant|50/100
|move|p1a: Cramorant|Surf|p2a: Gholdengo
|-formechange|p1a: Cramorant|Cramorant-Gorging|
|-crit|p2a: Gholdengo
|-damage|p2a: Gholdengo|30/100
|
|upkeep
|turn|2
|
|t:|1781168170
|move|p2a: Gholdengo|Shadow Ball|p1a: Cramorant
|-damage|p1a: Cramorant|0 fnt
|-damage|p2a: Gholdengo|5/100|[from] ability: Gulp Missile|[of] p1a: Cramorant
|-status|p2a: Gholdengo|par
|-formechange|p1a: Cramorant|Cramorant|
|faint|p1a: Cramorant
|
|upkeep
|
|t:|1781168174
|switch|p1a: Gallade|Gallade, M|100/100
|turn|3
|
|t:|1781168180
|move|p1a: Gallade|Psycho Cut|p2a: Gholdengo
|-resisted|p2a: Gholdengo
|-damage|p2a: Gholdengo|0 fnt
|faint|p2a: Gholdengo
|
|upkeep
|
|t:|1781168186
|switch|p2a: Samurott|Samurott-Hisui, M|100/100
|turn|4
|
|t:|1781168197
|move|p2a: Samurott|Razor Shell|p1a: Gallade
|-damage|p1a: Gallade|10/100
|-unboost|p1a: Gallade|def|1
|move|p1a: Gallade|Sacred Sword|p2a: Samurott
|-supereffective|p2a: Samurott
|-damage|p2a: Samurott|0 fnt
|faint|p2a: Samurott
|
|upkeep
|
|t:|1781168203
|switch|p2a: Zapdos|Zapdos|100/100
|turn|5
|
|t:|1781168210
|move|p1a: Gallade|Psycho Cut|p2a: Zapdos
|-crit|p2a: Zapdos
|-damage|p2a: Zapdos|46/100
|move|p2a: Zapdos|Volt Switch|p1a: Gallade
|-damage|p1a: Gallade|0 fnt
|faint|p1a: Gallade
|
|t:|1781168217
|switch|p2a: Zamazenta|Zamazenta|100/100|[from] Volt Switch
|-ability|p2a: Zamazenta|Dauntless Shield|boost
|-boost|p2a: Zamazenta|def|1
|
|upkeep
|
|t:|1781168223
|switch|p1a: Enamorus|Enamorus, F|100/100
|turn|6
|
|t:|1781168226
|-terastallize|p2a: Zamazenta|Fire
|move|p2a: Zamazenta|Iron Defense|p2a: Zamazenta
|-boost|p2a: Zamazenta|def|2
|move|p1a: Enamorus|Moonblast|p2a: Zamazenta
|-resisted|p2a: Zamazenta
|-damage|p2a: Zamazenta|82/100
|
|-heal|p2a: Zamazenta|88/100|[from] item: Leftovers
|upkeep
|turn|7
|
|t:|1781168231
|move|p2a: Zamazenta|Body Press|p1a: Enamorus
|-resisted|p1a: Enamorus
|-damage|p1a: Enamorus|67/100
|move|p1a: Enamorus|Earth Power|p2a: Zamazenta
|-supereffective|p2a: Zamazenta
|-damage|p2a: Zamazenta|36/100
|-unboost|p2a: Zamazenta|spd|1
|
|-heal|p2a: Zamazenta|42/100|[from] item: Leftovers
|upkeep
|turn|8
|
|t:|1781168238
|switch|p2a: Garganacl|Garganacl, M|100/100
|move|p1a: Enamorus|Earth Power|p2a: Garganacl
|-supereffective|p2a: Garganacl
|-damage|p2a: Garganacl|61/100
|
|-heal|p2a: Garganacl|68/100|[from] item: Leftovers
|upkeep
|turn|9
|
|t:|1781168247
|move|p1a: Enamorus|Superpower|p2a: Garganacl
|-supereffective|p2a: Garganacl
|-damage|p2a: Garganacl|22/100
|-boost|p1a: Enamorus|atk|1
|-boost|p1a: Enamorus|def|1
|move|p2a: Garganacl|Recover|p2a: Garganacl
|-heal|p2a: Garganacl|72/100
|
|-heal|p2a: Garganacl|78/100|[from] item: Leftovers
|upkeep
|turn|10
|
|t:|1781168255
|move|p1a: Enamorus|Superpower|p2a: Garganacl
|-supereffective|p2a: Garganacl
|-damage|p2a: Garganacl|21/100
|-boost|p1a: Enamorus|atk|1
|-boost|p1a: Enamorus|def|1
|move|p2a: Garganacl|Salt Cure|p1a: Enamorus
|-supereffective|p1a: Enamorus
|-crit|p1a: Enamorus
|-damage|p1a: Enamorus|0 fnt
|faint|p1a: Enamorus
|
|-heal|p2a: Garganacl|27/100|[from] item: Leftovers
|upkeep
|
|t:|1781168264
|switch|p1a: Ogerpon|Ogerpon-Cornerstone, F|100/100
|turn|11
|
|t:|1781168269
|move|p1a: Ogerpon|Trailblaze|p2a: Garganacl
|-supereffective|p2a: Garganacl
|-damage|p2a: Garganacl|0 fnt
|-boost|p1a: Ogerpon|spe|1
|faint|p2a: Garganacl
|
|upkeep
|
|t:|1781168274
|switch|p2a: Clefable|Clefable, M|100/100
|turn|12
|
|t:|1781168279
|move|p1a: Ogerpon|Swords Dance|p1a: Ogerpon
|-boost|p1a: Ogerpon|atk|2
|move|p2a: Clefable|Thunder Wave|p1a: Ogerpon
|-status|p1a: Ogerpon|par
|
|upkeep
|turn|13
|
|t:|1781168286
|cant|p1a: Ogerpon|par
|move|p2a: Clefable|Moonblast|p1a: Ogerpon
|-damage|p1a: Ogerpon|65/100 par
|
|upkeep
|turn|14
|
|t:|1781168292
|move|p1a: Ogerpon|Trailblaze|p2a: Clefable
|-damage|p2a: Clefable|77/100
|-boost|p1a: Ogerpon|spe|1
|move|p2a: Clefable|Thunder Wave|p1a: Ogerpon|[miss]
|-miss|p2a: Clefable|p1a: Ogerpon
|
|upkeep
|turn|15
|
|t:|1781168301
|cant|p1a: Ogerpon|par
|move|p2a: Clefable|Thunder Wave|p1a: Ogerpon|[miss]
|-miss|p2a: Clefable|p1a: Ogerpon
|
|upkeep
|turn|16
|
|t:|1781168305
|move|p1a: Ogerpon|Ivy Cudgel|p2a: Clefable|[anim] Ivy Cudgel Rock
|-crit|p2a: Clefable
|-damage|p2a: Clefable|13/100
|move|p2a: Clefable|Thunder Wave|p1a: Ogerpon|[miss]
|-miss|p2a: Clefable|p1a: Ogerpon
|
|upkeep
|turn|17
|
|t:|1781168310
|switch|p2a: Zapdos|Zapdos|46/100
|move|p1a: Ogerpon|Trailblaze|p2a: Zapdos
|-resisted|p2a: Zapdos
|-damage|p2a: Zapdos|23/100
|-boost|p1a: Ogerpon|spe|1
|
|upkeep
|turn|18
|
|t:|1781168320
|move|p1a: Ogerpon|Ivy Cudgel|p2a: Zapdos|[anim] Ivy Cudgel Rock
|-supereffective|p2a: Zapdos
|-damage|p2a: Zapdos|0 fnt
|faint|p2a: Zapdos
|
|upkeep
|
|t:|1781168324
|switch|p2a: Clefable|Clefable, M|13/100
|turn|19
|
|t:|1781168330
|move|p1a: Ogerpon|Trailblaze|p2a: Clefable
|-damage|p2a: Clefable|0 fnt
|-boost|p1a: Ogerpon|spe|1
|faint|p2a: Clefable
|
|upkeep
|
|t:|1781168333
|switch|p2a: Zamazenta|Zamazenta, tera:Fire|42/100
|turn|20
|
|t:|1781168340
|move|p1a: Ogerpon|Ivy Cudgel|p2a: Zamazenta|[anim] Ivy Cudgel Rock
|-supereffective|p2a: Zamazenta
|-damage|p2a: Zamazenta|0 fnt
|faint|p2a: Zamazenta
|
|win|Izlymoney
|raw|Izlymoney's rating: 1635 &rarr; <strong>1656</strong><br />(+21 for winning)
|raw|KurisuChestnutOU's rating: 1660 &rarr; <strong>1639</strong><br />(-21 for losing)
|l|☆KurisuChestnutOU
|player|p2|
|l|☆Izlymoney
|player|p1|
