|j|☆MonsieurLouis
|j|☆LoseToRU?
|t:|1781326734
|gametype|singles
|player|p1|MonsieurLouis|janitor|1614
|player|p2|LoseToRU?|giovanni-gen1|1662
|gen|9
|tier|[Gen 9] OU
|rated|
|rule|HP Percentage Mod: HP is shown in percentages
|rule|Endless Battle Clause: Forcing endless battles is banned
|rule|Species Clause: Limit one of each Pokémon
|rule|OHKO Clause: OHKO moves are banned
|rule|Evasion Items Clause: Evasion items are banned
|rule|Evasion Moves Clause: Evasion moves are banned
|rule|Evasion Abilities Clause: Evasion abilities are banned
|rule|Sleep Moves Clause: Sleep-inducing moves are banned
|clearpoke
|poke|p1|Torkoal, F|
|poke|p1|Raging Bolt|
|poke|p1|Walking Wake|
|poke|p1|Ceruledge, M|
|poke|p1|Kingambit, F|
|poke|p1|Hatterene, F|
|poke|p2|Iron Jugulis|
|poke|p2|Thundurus, M|
|poke|p2|Azumarill, M|
|poke|p2|Zamazenta-*|
|poke|p2|Cloyster, F|
|poke|p2|Iron Valiant|
|teampreview
|inactive|Battle timer is ON: inactive players will automatically lose when time's up. (requested by MonsieurLouis)
|j| Awsaqsswllols
|inactive|LoseToRU? has 120 seconds left.
|
|t:|1781326774
|teamsize|p1|6
|teamsize|p2|6
|start
|switch|p1a: Torkoal|Torkoal, F|100/100
|switch|p2a: Iron Valiant|Iron Valiant|100/100
|-weather|SunnyDay|[from] ability: Drought|[of] p1a: Torkoal
|-enditem|p2a: Iron Valiant|Booster Energy
|-activate|p2a: Iron Valiant|ability: Quark Drive|[fromitem]
|-start|p2a: Iron Valiant|quarkdrivespe
|turn|1
|
|t:|1781326779
|move|p2a: Iron Valiant|Taunt|p1a: Torkoal
|-start|p1a: Torkoal|move: Taunt
|move|p1a: Torkoal|Burning Jealousy|p2a: Iron Valiant
|-damage|p2a: Iron Valiant|22/100
|
|-weather|SunnyDay|[upkeep]
|upkeep
|turn|2
|
|t:|1781326805
|move|p2a: Iron Valiant|Destiny Bond|p2a: Iron Valiant
|-singlemove|p2a: Iron Valiant|Destiny Bond
|move|p1a: Torkoal|Burning Jealousy|p2a: Iron Valiant
|-damage|p2a: Iron Valiant|0 fnt
|faint|p2a: Iron Valiant
|-activate|p2a: Iron Valiant|move: Destiny Bond
|-end|p2a: Iron Valiant|Quark Drive|[silent]
|faint|p1a: Torkoal
|
|-weather|SunnyDay|[upkeep]
|upkeep
|inactive|LoseToRU? has 120 seconds left.
|inactive|MonsieurLouis has 120 seconds left.
|
|t:|1781326831
|switch|p2a: Iron Jugulis|Iron Jugulis|100/100
|switch|p1a: Raging Bolt|Raging Bolt|100/100
|-enditem|p2a: Iron Jugulis|Booster Energy
|-activate|p2a: Iron Jugulis|ability: Quark Drive|[fromitem]
|-start|p2a: Iron Jugulis|quarkdrivespe
|-activate|p1a: Raging Bolt|ability: Protosynthesis
|-start|p1a: Raging Bolt|protosynthesisspa
|turn|3
|
|t:|1781326835
|-terastallize|p2a: Iron Jugulis|Ground
|move|p2a: Iron Jugulis|Earth Power|p1a: Raging Bolt
|-supereffective|p1a: Raging Bolt
|-damage|p1a: Raging Bolt|21/100
|move|p1a: Raging Bolt|Weather Ball|p2a: Iron Jugulis
|-damage|p2a: Iron Jugulis|0 fnt
|faint|p2a: Iron Jugulis
|-end|p2a: Iron Jugulis|Quark Drive|[silent]
|-damage|p1a: Raging Bolt|11/100|[from] item: Life Orb
|
|-weather|SunnyDay|[upkeep]
|upkeep
|
|t:|1781326847
|switch|p2a: Cloyster|Cloyster, F|100/100
|turn|4
|
|t:|1781326855
|move|p2a: Cloyster|Ice Shard|p1a: Raging Bolt
|-supereffective|p1a: Raging Bolt
|-damage|p1a: Raging Bolt|0 fnt
|faint|p1a: Raging Bolt
|-end|p1a: Raging Bolt|Protosynthesis|[silent]
|
|-weather|SunnyDay|[upkeep]
|upkeep
|
|t:|1781326860
|switch|p1a: Walking Wake|Walking Wake|100/100
|-activate|p1a: Walking Wake|ability: Protosynthesis
|-start|p1a: Walking Wake|protosynthesisspe
|turn|5
|inactive|LoseToRU? has 120 seconds left.
|inactive|LoseToRU? has 90 seconds left.
|inactive|LoseToRU? has 60 seconds left.
|
|t:|1781326937
|-terastallize|p1a: Walking Wake|Water
|move|p1a: Walking Wake|Hydro Steam|p2a: Cloyster
|-resisted|p2a: Cloyster
|-enditem|p2a: Cloyster|Focus Sash
|-damage|p2a: Cloyster|1/100
|-damage|p1a: Walking Wake|91/100|[from] item: Life Orb
|move|p2a: Cloyster|Icicle Spear|p1a: Walking Wake
|-resisted|p1a: Walking Wake
|-damage|p1a: Walking Wake|84/100
|-resisted|p1a: Walking Wake
|-damage|p1a: Walking Wake|78/100
|-resisted|p1a: Walking Wake
|-damage|p1a: Walking Wake|71/100
|-resisted|p1a: Walking Wake
|-damage|p1a: Walking Wake|65/100
|-resisted|p1a: Walking Wake
|-damage|p1a: Walking Wake|59/100
|-hitcount|p1a: Walking Wake|5
|
|-weather|SunnyDay|[upkeep]
|upkeep
|turn|6
|
|t:|1781326947
|move|p2a: Cloyster|Ice Shard|p1a: Walking Wake
|-resisted|p1a: Walking Wake
|-damage|p1a: Walking Wake|48/100
|move|p1a: Walking Wake|Hydro Steam|p2a: Cloyster
|-resisted|p2a: Cloyster
|-damage|p2a: Cloyster|0 fnt
|faint|p2a: Cloyster
|-damage|p1a: Walking Wake|38/100|[from] item: Life Orb
|
|-weather|SunnyDay|[upkeep]
|upkeep
|inactive|LoseToRU? has 60 seconds left.
|inactive|LoseToRU? has 30 seconds left.
|inactive|LoseToRU? has 20 seconds left.
|
|t:|1781327003
|switch|p2a: Azumarill|Azumarill, M, shiny|100/100
|turn|7
|inactive|LoseToRU? has 30 seconds left this turn.
|
|t:|1781327006
|move|p1a: Walking Wake|Hydro Steam|p2a: Azumarill
|-resisted|p2a: Azumarill
|-damage|p2a: Azumarill|65/100
|-damage|p1a: Walking Wake|28/100|[from] item: Life Orb
|move|p2a: Azumarill|Knock Off|p1a: Walking Wake
|-damage|p1a: Walking Wake|0 fnt
|-enditem|p1a: Walking Wake|Life Orb|[from] move: Knock Off|[of] p2a: Azumarill
|faint|p1a: Walking Wake
|-end|p1a: Walking Wake|Protosynthesis|[silent]
|
|-weather|SunnyDay|[upkeep]
|upkeep
|
|t:|1781327024
|switch|p1a: Ceruledge|Ceruledge, M|100/100
|turn|8
|inactive|LoseToRU? has 30 seconds left.
|inactive|LoseToRU? has 20 seconds left.
|inactive|LoseToRU? has 15 seconds left.
|inactive|LoseToRU? has 10 seconds left.
|inactive|LoseToRU? has 5 seconds left.
|-message|LoseToRU? lost due to inactivity.
|
|win|MonsieurLouis
|raw|MonsieurLouis's rating: 1614 &rarr; <strong>1637</strong><br />(+23 for winning)
|raw|LoseToRU?'s rating: 1662 &rarr; <strong>1639</strong><br />(-23 for losing)
|c|☆LoseToRU?|ah fuck
|l|☆MonsieurLouis
|player|p1|
|l| Awsaqsswllols
|c|☆LoseToRU?|im high
|l|☆LoseToRU?
|player|p2|
