|j|☆tuanquewang
|j|☆SofteLocke
|t:|1781146839
|gametype|singles
|player|p1|tuanquewang|backersf|1728
|player|p2|SofteLocke|102|1743
|gen|9
|tier|[Gen 9] OU
|rated|
|rule|HP Percentage Mod: HP is shown in percentages
|rule|Endless Battle Clause: Forcing endless battles is banned
|rule|Species Clause: Limit one of each Pokémon
|rule|OHKO Clause: OHKO moves are banned
|rule|Evasion Items Clause: Evasion items are banned
|rule|Evasion Moves Clause: Evasion moves are banned
|rule|Evasion Abilities Clause: Evasion abilities are banned
|rule|Sleep Moves Clause: Sleep-inducing moves are banned
|clearpoke
|poke|p1|Slowking-Galar, M|
|poke|p1|Hydrapple, F|
|poke|p1|Cinderace, M|
|poke|p1|Alomomola, F|
|poke|p1|Mamoswine, M|
|poke|p1|Gholdengo|
|poke|p2|Torkoal, F|
|poke|p2|Hatterene, F|
|poke|p2|Walking Wake|
|poke|p2|Blaziken, M|
|poke|p2|Great Tusk|
|poke|p2|Raging Bolt|
|teampreview
|inactive|Battle timer is ON: inactive players will automatically lose when time's up. (requested by tuanquewang)
|
|t:|1781146846
|teamsize|p1|6
|teamsize|p2|6
|start
|switch|p1a: Slowking|Slowking-Galar, M|100/100
|switch|p2a: Torkoal|Torkoal, F|100/100
|-weather|SunnyDay|[from] ability: Drought|[of] p2a: Torkoal
|turn|1
|j| Mega Delibird X
|
|t:|1781146865
|move|p2a: Torkoal|Stealth Rock|p1a: Slowking
|-sidestart|p1: tuanquewang|move: Stealth Rock
|move|p1a: Slowking|Trick|p2a: Torkoal
|-activate|p1a: Slowking|move: Trick|[of] p2a: Torkoal
|-item|p2a: Torkoal|Black Sludge|[from] move: Trick
|-item|p1a: Slowking|Heat Rock|[from] move: Trick
|
|-weather|SunnyDay|[upkeep]
|-damage|p2a: Torkoal|88/100|[from] item: Black Sludge
|upkeep
|turn|2
|
|t:|1781146873
|switch|p2a: Raging Bolt|Raging Bolt|100/100
|-activate|p2a: Raging Bolt|ability: Protosynthesis
|-start|p2a: Raging Bolt|protosynthesisspa
|move|p1a: Slowking|Toxic|p2a: Raging Bolt
|-status|p2a: Raging Bolt|tox
|
|-weather|SunnyDay|[upkeep]
|-damage|p2a: Raging Bolt|94/100 tox|[from] psn
|upkeep
|turn|3
|
|t:|1781146877
|move|p2a: Raging Bolt|Draco Meteor|p1a: Slowking
|-damage|p1a: Slowking|50/100
|-unboost|p2a: Raging Bolt|spa|2
|-prepare|p1a: Slowking|Chilly Reception|[premajor]
|move|p1a: Slowking|Chilly Reception|p1a: Slowking
|-weather|Snowscape
|-end|p2a: Raging Bolt|Protosynthesis
|
|t:|1781146881
|switch|p1a: Cinderace|Cinderace, M|100/100|[from] Chilly Reception
|
|-weather|Snowscape|[upkeep]
|-damage|p2a: Raging Bolt|82/100 tox|[from] psn
|upkeep
|turn|4
|
|t:|1781146886
|move|p1a: Cinderace|U-turn|p2a: Raging Bolt
|-start|p1a: Cinderace|typechange|Bug|[from] ability: Libero
|-damage|p2a: Raging Bolt|50/100 tox
|
|t:|1781146887
|switch|p1a: Slowking|Slowking-Galar, M|83/100|[from] U-turn
|-damage|p1a: Slowking|71/100|[from] Stealth Rock
|move|p2a: Raging Bolt|Volt Switch|p1a: Slowking
|-damage|p1a: Slowking|59/100
|
|t:|1781146891
|-end|p2a: Raging Bolt|Protosynthesis|[silent]
|switch|p2a: Great Tusk|Great Tusk|100/100|[from] Volt Switch
|
|-weather|Snowscape|[upkeep]
|upkeep
|turn|5
|
|t:|1781146895
|switch|p1a: Alomomola|Alomomola, F|100/100
|-damage|p1a: Alomomola|88/100|[from] Stealth Rock
|move|p2a: Great Tusk|Bulk Up|p2a: Great Tusk
|-boost|p2a: Great Tusk|atk|1
|-boost|p2a: Great Tusk|def|1
|
|-weather|Snowscape|[upkeep]
|-heal|p1a: Alomomola|94/100|[from] item: Leftovers
|upkeep
|turn|6
|
|t:|1781146914
|move|p2a: Great Tusk|Bulk Up|p2a: Great Tusk
|-boost|p2a: Great Tusk|atk|1
|-boost|p2a: Great Tusk|def|1
|move|p1a: Alomomola|Flip Turn|p2a: Great Tusk
|-supereffective|p2a: Great Tusk
|-damage|p2a: Great Tusk|89/100
|
|t:|1781146916
|switch|p1a: Gholdengo|Gholdengo, shiny|100/100|[from] Flip Turn
|-damage|p1a: Gholdengo|94/100|[from] Stealth Rock
|
|-weather|Snowscape|[upkeep]
|upkeep
|turn|7
|
|t:|1781146922
|-terastallize|p2a: Great Tusk|Electric
|move|p1a: Gholdengo|Make It Rain|p2a: Great Tusk
|-resisted|p2a: Great Tusk
|-crit|p2a: Great Tusk
|-damage|p2a: Great Tusk|3/100
|-unboost|p1a: Gholdengo|spa|1
|move|p2a: Great Tusk|Headlong Rush|p1a: Gholdengo
|-supereffective|p1a: Gholdengo
|-damage|p1a: Gholdengo|0 fnt
|-unboost|p2a: Great Tusk|def|1
|-unboost|p2a: Great Tusk|spd|1
|faint|p1a: Gholdengo
|
|-weather|none
|upkeep
|
|t:|1781146930
|switch|p1a: Alomomola|Alomomola, F|100/100
|-damage|p1a: Alomomola|88/100|[from] Stealth Rock
|turn|8
|
|t:|1781146933
|move|p1a: Alomomola|Protect|p1a: Alomomola
|-singleturn|p1a: Alomomola|Protect
|move|p2a: Great Tusk|Supercell Slam|p1a: Alomomola
|-activate|p1a: Alomomola|move: Protect
|-damage|p2a: Great Tusk|0 fnt|[from] supercellslam
|faint|p2a: Great Tusk
|-end|p2a: Great Tusk|Protosynthesis|[silent]
|
|-heal|p1a: Alomomola|94/100|[from] item: Leftovers
|upkeep
|
|t:|1781146943
|switch|p2a: Torkoal|Torkoal, F|88/100
|-weather|SunnyDay|[from] ability: Drought|[of] p2a: Torkoal
|turn|9
|
|t:|1781146958
|move|p1a: Alomomola|Flip Turn|p2a: Torkoal
|-supereffective|p2a: Torkoal
|-damage|p2a: Torkoal|79/100
|
|t:|1781146961
|switch|p1a: Slowking|Slowking-Galar, M|92/100|[from] Flip Turn
|-damage|p1a: Slowking|80/100|[from] Stealth Rock
|move|p2a: Torkoal|Will-O-Wisp|p1a: Slowking
|-status|p1a: Slowking|brn
|
|-weather|SunnyDay|[upkeep]
|-damage|p2a: Torkoal|67/100|[from] item: Black Sludge
|-damage|p1a: Slowking|74/100 brn|[from] brn
|upkeep
|turn|10
|
|t:|1781146966
|switch|p2a: Walking Wake|Walking Wake|100/100
|-activate|p2a: Walking Wake|ability: Protosynthesis
|-start|p2a: Walking Wake|protosynthesisspe
|-prepare|p1a: Slowking|Chilly Reception|[premajor]
|move|p1a: Slowking|Chilly Reception|p1a: Slowking
|-weather|Snowscape
|-end|p2a: Walking Wake|Protosynthesis
|
|t:|1781146970
|switch|p1a: Alomomola|Alomomola, F|100/100|[from] Chilly Reception
|-damage|p1a: Alomomola|88/100|[from] Stealth Rock
|
|-weather|Snowscape|[upkeep]
|-heal|p1a: Alomomola|94/100|[from] item: Leftovers
|upkeep
|turn|11
|
|t:|1781146973
|-end|p2a: Walking Wake|Protosynthesis|[silent]
|switch|p2a: Torkoal|Torkoal, F|67/100
|-weather|SunnyDay|[from] ability: Drought|[of] p2a: Torkoal
|move|p1a: Alomomola|Protect||[still]
|-fail|p1a: Alomomola
|
|-weather|SunnyDay|[upkeep]
|-heal|p1a: Alomomola|100/100|[from] item: Leftovers
|-damage|p2a: Torkoal|54/100|[from] item: Black Sludge
|upkeep
|turn|12
|
|t:|1781146979
|switch|p2a: Walking Wake|Walking Wake|100/100
|-activate|p2a: Walking Wake|ability: Protosynthesis
|-start|p2a: Walking Wake|protosynthesisspe
|move|p1a: Alomomola|Flip Turn|p2a: Walking Wake
|-resisted|p2a: Walking Wake
|-damage|p2a: Walking Wake|98/100
|
|t:|1781146981
|switch|p1a: Slowking|Slowking-Galar, M|100/100 brn|[from] Flip Turn
|-damage|p1a: Slowking|88/100 brn|[from] Stealth Rock
|
|-weather|SunnyDay|[upkeep]
|-damage|p1a: Slowking|82/100 brn|[from] brn
|upkeep
|turn|13
|
|t:|1781146984
|move|p2a: Walking Wake|Hydro Steam|p1a: Slowking
|-damage|p1a: Slowking|33/100 brn
|-prepare|p1a: Slowking|Chilly Reception|[premajor]
|move|p1a: Slowking|Chilly Reception|p1a: Slowking
|-weather|Snowscape
|-end|p2a: Walking Wake|Protosynthesis
|
|t:|1781146990
|switch|p1a: Alomomola|Alomomola, F|100/100|[from] Chilly Reception
|-damage|p1a: Alomomola|88/100|[from] Stealth Rock
|
|-weather|Snowscape|[upkeep]
|-heal|p1a: Alomomola|94/100|[from] item: Leftovers
|upkeep
|turn|14
|
|t:|1781146994
|-end|p2a: Walking Wake|Protosynthesis|[silent]
|switch|p2a: Hatterene|Hatterene, F|100/100
|move|p1a: Alomomola|Flip Turn|p2a: Hatterene
|-damage|p2a: Hatterene|87/100
|-enditem|p2a: Hatterene|Eject Button
|
|t:|1781146998
|switch|p2a: Raging Bolt|Raging Bolt|50/100 tox
|
|-weather|Snowscape|[upkeep]
|-heal|p1a: Alomomola|100/100|[from] item: Leftovers
|-damage|p2a: Raging Bolt|44/100 tox|[from] psn
|upkeep
|turn|15
|j| kanaete onegai
|
|t:|1781147001
|-end|p2a: Raging Bolt|Protosynthesis|[silent]
|switch|p2a: Blaziken|Blaziken, M|100/100
|move|p1a: Alomomola|Protect||[still]
|-fail|p1a: Alomomola
|
|-weather|Snowscape|[upkeep]
|upkeep
|turn|16
|
|t:|1781147003
|move|p2a: Blaziken|Focus Energy|p2a: Blaziken
|-start|p2a: Blaziken|move: Focus Energy
|move|p1a: Alomomola|Flip Turn|p2a: Blaziken
|-supereffective|p2a: Blaziken
|-damage|p2a: Blaziken|47/100
|
|t:|1781147013
|switch|p1a: Hydrapple|Hydrapple, F, shiny|100/100|[from] Flip Turn
|-damage|p1a: Hydrapple|88/100|[from] Stealth Rock
|
|-weather|Snowscape|[upkeep]
|-ability|p2a: Blaziken|Speed Boost|boost
|-boost|p2a: Blaziken|spe|1
|upkeep
|turn|17
|
|t:|1781147020
|move|p2a: Blaziken|Overheat|p1a: Hydrapple
|-crit|p1a: Hydrapple
|-damage|p1a: Hydrapple|0 fnt
|-unboost|p2a: Blaziken|spa|2
|faint|p1a: Hydrapple
|
|-weather|none
|-ability|p2a: Blaziken|Speed Boost|boost
|-boost|p2a: Blaziken|spe|1
|upkeep
|j| juice newton
|
|t:|1781147024
|switch|p1a: Alomomola|Alomomola, F|100/100
|-damage|p1a: Alomomola|88/100|[from] Stealth Rock
|turn|18
|
|t:|1781147038
|switch|p2a: Hatterene|Hatterene, F|87/100
|move|p1a: Alomomola|Flip Turn|p2a: Hatterene
|-damage|p2a: Hatterene|73/100
|
|t:|1781147042
|switch|p1a: Slowking|Slowking-Galar, M|66/100 brn|[from] Flip Turn
|-damage|p1a: Slowking|54/100 brn|[from] Stealth Rock
|
|-damage|p1a: Slowking|48/100 brn|[from] brn
|upkeep
|turn|19
|
|t:|1781147048
|move|p2a: Hatterene|Psychic Noise|p1a: Slowking
|-damage|p1a: Slowking|29/100 brn
|-start|p1a: Slowking|move: Heal Block
|-prepare|p1a: Slowking|Chilly Reception|[premajor]
|move|p1a: Slowking|Chilly Reception|p1a: Slowking
|-weather|Snowscape
|
|t:|1781147050
|switch|p1a: Mamoswine|Mamoswine, M|100/100|[from] Chilly Reception
|-damage|p1a: Mamoswine|88/100|[from] Stealth Rock
|
|-weather|Snowscape|[upkeep]
|upkeep
|turn|20
|
|t:|1781147058
|move|p1a: Mamoswine|Earthquake|p2a: Hatterene
|-damage|p2a: Hatterene|0 fnt
|faint|p2a: Hatterene
|
|-weather|Snowscape|[upkeep]
|upkeep
|
|t:|1781147060
|switch|p2a: Walking Wake|Walking Wake|98/100
|turn|21
|
|t:|1781147065
|switch|p1a: Slowking|Slowking-Galar, M|62/100 brn
|-damage|p1a: Slowking|50/100 brn|[from] Stealth Rock
|move|p2a: Walking Wake|Hydro Steam|p1a: Slowking
|-damage|p1a: Slowking|15/100 brn
|
|-weather|Snowscape|[upkeep]
|-damage|p1a: Slowking|9/100 brn|[from] brn
|upkeep
|turn|22
|
|t:|1781147066
|switch|p1a: Alomomola|Alomomola, F|100/100
|-damage|p1a: Alomomola|88/100|[from] Stealth Rock
|move|p2a: Walking Wake|Hydro Steam|p1a: Alomomola
|-resisted|p1a: Alomomola
|-damage|p1a: Alomomola|50/100
|
|-weather|Snowscape|[upkeep]
|-heal|p1a: Alomomola|56/100|[from] item: Leftovers
|upkeep
|turn|23
|
|t:|1781147074
|move|p2a: Walking Wake|Hydro Steam|p1a: Alomomola
|-resisted|p1a: Alomomola
|-damage|p1a: Alomomola|23/100
|move|p1a: Alomomola|Mirror Coat|p2a: Walking Wake
|-damage|p2a: Walking Wake|0 fnt
|faint|p2a: Walking Wake
|-end|p2a: Walking Wake|Protosynthesis|[silent]
|
|-weather|none
|-heal|p1a: Alomomola|29/100|[from] item: Leftovers
|upkeep
|
|t:|1781147079
|switch|p2a: Blaziken|Blaziken, M|47/100
|turn|24
|
|t:|1781147086
|move|p2a: Blaziken|Overheat|p1a: Alomomola
|-resisted|p1a: Alomomola
|-damage|p1a: Alomomola|0 fnt
|-unboost|p2a: Blaziken|spa|2
|faint|p1a: Alomomola
|
|-ability|p2a: Blaziken|Speed Boost|boost
|-boost|p2a: Blaziken|spe|1
|upkeep
|
|t:|1781147092
|switch|p1a: Cinderace|Cinderace, M|100/100
|turn|25
|j| dilf huntr
|
|t:|1781147110
|switch|p2a: Torkoal|Torkoal, F|54/100
|-weather|SunnyDay|[from] ability: Drought|[of] p2a: Torkoal
|move|p1a: Cinderace|High Jump Kick|p2a: Torkoal
|-start|p1a: Cinderace|typechange|Fighting|[from] ability: Libero
|-damage|p2a: Torkoal|19/100
|
|-weather|SunnyDay|[upkeep]
|-damage|p2a: Torkoal|7/100|[from] item: Black Sludge
|upkeep
|turn|26
|
|t:|1781147117
|move|p1a: Cinderace|Pyro Ball|p2a: Torkoal
|-resisted|p2a: Torkoal
|-damage|p2a: Torkoal|0 fnt
|faint|p2a: Torkoal
|
|-weather|SunnyDay|[upkeep]
|upkeep
|
|t:|1781147118
|switch|p2a: Blaziken|Blaziken, M|47/100
|turn|27
|
|t:|1781147122
|move|p1a: Cinderace|High Jump Kick|p2a: Blaziken
|-damage|p2a: Blaziken|0 fnt
|faint|p2a: Blaziken
|
|-weather|SunnyDay|[upkeep]
|upkeep
|-message|SofteLocke forfeited.
|
|win|tuanquewang
|raw|tuanquewang's rating: 1728 &rarr; <strong>1749</strong><br />(+21 for winning)
|raw|SofteLocke's rating: 1743 &rarr; <strong>1722</strong><br />(-21 for losing)
|l|☆SofteLocke
|player|p2|
|l|☆tuanquewang
|player|p1|
|l| juice newton
|l| Mega Delibird X
|l| dilf huntr
