|j|☆bordercauley
|j|☆th3r3d33m3r
|t:|1781546417
|gametype|singles
|player|p1|bordercauley|bugsy|1512
|player|p2|th3r3d33m3r|clerkf|1559
|gen|9
|tier|[Gen 9] OU
|rated|
|rule|HP Percentage Mod: HP is shown in percentages
|rule|Endless Battle Clause: Forcing endless battles is banned
|rule|Species Clause: Limit one of each Pokémon
|rule|OHKO Clause: OHKO moves are banned
|rule|Evasion Items Clause: Evasion items are banned
|rule|Evasion Moves Clause: Evasion moves are banned
|rule|Evasion Abilities Clause: Evasion abilities are banned
|rule|Sleep Moves Clause: Sleep-inducing moves are banned
|clearpoke
|poke|p1|Meowscarada, F|
|poke|p1|Pelipper, M|
|poke|p1|Quaquaval, M|
|poke|p1|Sinistcha|
|poke|p1|Kilowattrel, F|
|poke|p1|Kingdra, M|
|poke|p2|Hoopa-Unbound|
|poke|p2|Pecharunt|
|poke|p2|Landorus-Therian, M|
|poke|p2|Cinderace, M|
|poke|p2|Alomomola, M|
|poke|p2|Iron Valiant|
|teampreview
|
|t:|1781546435
|teamsize|p1|6
|teamsize|p2|6
|start
|switch|p1a: Cat|Meowscarada, F|100/100
|switch|p2a: Calamity|Iron Valiant, shiny|100/100
|turn|1
|
|t:|1781546443
|move|p1a: Cat|Spikes|p2a: Calamity
|-sidestart|p2: th3r3d33m3r|Spikes
|move|p2a: Calamity|Moonblast|p1a: Cat
|-supereffective|p1a: Cat
|-enditem|p1a: Cat|Focus Sash
|-damage|p1a: Cat|1/100
|-unboost|p1a: Cat|spa|1
|
|upkeep
|turn|2
|j| DA COME UP
|
|t:|1781546448
|move|p1a: Cat|Leaf Storm|p2a: Calamity
|-damage|p2a: Calamity|13/100
|-unboost|p1a: Cat|spa|2
|move|p2a: Calamity|Moonblast|p1a: Cat
|-supereffective|p1a: Cat
|-damage|p1a: Cat|0 fnt
|faint|p1a: Cat
|
|upkeep
|
|t:|1781546456
|switch|p1a: Bird2|Kilowattrel, F|100/100
|turn|3
|
|t:|1781546477
|-end|p2a: Calamity|Quark Drive|[silent]
|switch|p2a: Enten|Landorus-Therian, M, shiny|100/100
|-ability|p2a: Enten|Intimidate|boost
|-unboost|p1a: Bird2|atk|1
|move|p1a: Bird2|U-turn|p2a: Enten
|-resisted|p2a: Enten
|-damage|p2a: Enten|96/100
|
|t:|1781546485
|switch|p1a: Bird|Pelipper, M|100/100|[from] U-turn
|-weather|RainDance|[from] ability: Drizzle|[of] p1a: Bird
|
|-weather|RainDance|[upkeep]
|upkeep
|turn|4
|
|t:|1781546511
|move|p2a: Enten|Stone Edge|p1a: Bird|[miss]
|-miss|p2a: Enten|p1a: Bird
|move|p1a: Bird|Surf|p2a: Enten
|-supereffective|p2a: Enten
|-damage|p2a: Enten|0 fnt
|faint|p2a: Enten
|
|-weather|RainDance|[upkeep]
|upkeep
|
|t:|1781546517
|switch|p2a: Calamity|Iron Valiant, shiny|13/100
|-damage|p2a: Calamity|1/100|[from] Spikes
|turn|5
|
|t:|1781546530
|move|p2a: Calamity|Moonblast|p1a: Bird
|-damage|p1a: Bird|0 fnt
|faint|p1a: Bird
|
|-weather|RainDance|[upkeep]
|upkeep
|
|t:|1781546540
|switch|p1a: Seahorse|Kingdra, M|100/100
|turn|6
|
|t:|1781546550
|-end|p2a: Calamity|Quark Drive|[silent]
|switch|p2a: Pisces|Alomomola, M, shiny|100/100
|-damage|p2a: Pisces|88/100|[from] Spikes
|move|p1a: Seahorse|Flip Turn|p2a: Pisces
|-resisted|p2a: Pisces
|-damage|p2a: Pisces|74/100
|-damage|p1a: Seahorse|91/100|[from] item: Life Orb
|
|t:|1781546557
|switch|p1a: Bird2|Kilowattrel, F|100/100|[from] Flip Turn
|
|-weather|RainDance|[upkeep]
|upkeep
|turn|7
|
|t:|1781546563
|move|p1a: Bird2|Thunder|p2a: Pisces
|-supereffective|p2a: Pisces
|-damage|p2a: Pisces|0 fnt
|faint|p2a: Pisces
|
|-weather|RainDance|[upkeep]
|upkeep
|-message|th3r3d33m3r forfeited.
|
|win|bordercauley
|raw|bordercauley's rating: 1512 &rarr; <strong>1535</strong><br />(+23 for winning)
|raw|th3r3d33m3r's rating: 1559 &rarr; <strong>1536</strong><br />(-23 for losing)
|l|☆th3r3d33m3r
|player|p2|
|l| DA COME UP
|l|☆bordercauley
|player|p1|
