|j|☆WeR#4Hay!
|j|☆halaman95
|t:|1781016294
|gametype|singles
|player|p1|WeR#4Hay!|265|1810
|player|p2|halaman95|101|1748
|gen|9
|tier|[Gen 9] OU
|rated|
|rule|HP Percentage Mod: HP is shown in percentages
|rule|Endless Battle Clause: Forcing endless battles is banned
|rule|Species Clause: Limit one of each Pokémon
|rule|OHKO Clause: OHKO moves are banned
|rule|Evasion Items Clause: Evasion items are banned
|rule|Evasion Moves Clause: Evasion moves are banned
|rule|Evasion Abilities Clause: Evasion abilities are banned
|rule|Sleep Moves Clause: Sleep-inducing moves are banned
|clearpoke
|poke|p1|Lokix, F|
|poke|p1|Garganacl, F|
|poke|p1|Iron Treads|
|poke|p1|Alomomola, F|
|poke|p1|Tornadus-Therian, M|
|poke|p1|Weezing-Galar, F|
|poke|p2|Kyurem|
|poke|p2|Hatterene, F|
|poke|p2|Kingambit, F|
|poke|p2|Ninetales-Alola, F|
|poke|p2|Manaphy|
|poke|p2|Zamazenta-*|
|teampreview
|inactive|Battle timer is ON: inactive players will automatically lose when time's up. (requested by halaman95)
|inactive|halaman95 has 120 seconds left.
|
|t:|1781016336
|teamsize|p1|6
|teamsize|p2|6
|start
|switch|p1a: Sakamoto|Tornadus-Therian, M|100/100
|switch|p2a: Ninetales|Ninetales-Alola, F|100/100
|-weather|Snowscape|[from] ability: Snow Warning|[of] p2a: Ninetales
|turn|1
|
|t:|1781016346
|switch|p2a: Kyurem|Kyurem|100/100
|-ability|p2a: Kyurem|Pressure
|move|p1a: Sakamoto|Knock Off|p2a: Kyurem
|-damage|p2a: Kyurem|89/100
|-enditem|p2a: Kyurem|Never-Melt Ice|[from] move: Knock Off|[of] p1a: Sakamoto
|
|-weather|Snowscape|[upkeep]
|upkeep
|turn|2
|j| Lowladderubersnoob
|j| liechiteladihul
|
|t:|1781016354
|move|p1a: Sakamoto|U-turn|p2a: Kyurem
|-damage|p2a: Kyurem|80/100
|
|t:|1781016357
|switch|p1a: Yuuko Aoi|Garganacl, F|100/100|[from] U-turn
|move|p2a: Kyurem|Dragon Dance|p2a: Kyurem
|-boost|p2a: Kyurem|atk|1
|-boost|p2a: Kyurem|spe|1
|
|-weather|Snowscape|[upkeep]
|upkeep
|turn|3
|
|t:|1781016364
|move|p2a: Kyurem|Icicle Spear|p1a: Yuuko Aoi
|-damage|p1a: Yuuko Aoi|88/100
|-damage|p1a: Yuuko Aoi|74/100
|-damage|p1a: Yuuko Aoi|60/100
|-hitcount|p1a: Yuuko Aoi|3
|move|p1a: Yuuko Aoi|Salt Cure|p2a: Kyurem
|-supereffective|p2a: Kyurem
|-damage|p2a: Kyurem|61/100
|-start|p2a: Kyurem|Salt Cure
|
|-weather|Snowscape|[upkeep]
|-heal|p1a: Yuuko Aoi|66/100|[from] item: Leftovers
|-damage|p2a: Kyurem|49/100|[from] Salt Cure
|upkeep
|turn|4
|
|t:|1781016378
|switch|p2a: Kingambit|Kingambit, F|100/100
|switch|p1a: Mio Nanagohara|Alomomola, F|100/100
|
|-weather|Snowscape|[upkeep]
|upkeep
|turn|5
|l| Lowladderubersnoob
|
|t:|1781016382
|move|p2a: Kingambit|Swords Dance|p2a: Kingambit
|-boost|p2a: Kingambit|atk|2
|move|p1a: Mio Nanagohara|Tickle|p2a: Kingambit
|-unboost|p2a: Kingambit|atk|1
|-unboost|p2a: Kingambit|def|1
|
|-weather|none
|upkeep
|turn|6
|
|t:|1781016389
|move|p2a: Kingambit|Kowtow Cleave|p1a: Mio Nanagohara
|-damage|p1a: Mio Nanagohara|57/100
|-damage|p2a: Kingambit|84/100|[from] item: Rocky Helmet|[of] p1a: Mio Nanagohara
|move|p1a: Mio Nanagohara|Flip Turn|p2a: Kingambit
|-damage|p2a: Kingambit|65/100
|l| liechiteladihul
|inactive|WeR#4Hay! has 120 seconds left.
|
|t:|1781016424
|switch|p1a: Mai Minakami|Lokix, F|100/100|[from] Flip Turn
|
|-heal|p2a: Kingambit|71/100|[from] item: Leftovers
|upkeep
|turn|7
|inactive|WeR#4Hay! has 120 seconds left.
|
|t:|1781016461
|-end|p2a: Kingambit|fallenundefined|[silent]
|switch|p2a: Kyurem|Kyurem|49/100
|-ability|p2a: Kyurem|Pressure
|move|p1a: Mai Minakami|U-turn|p2a: Kyurem
|-damage|p2a: Kyurem|0 fnt
|faint|p2a: Kyurem
|
|t:|1781016470
|switch|p1a: Sakamoto|Tornadus-Therian, M|100/100|[from] U-turn
|
|upkeep
|j| michealjackkson
|
|t:|1781016477
|switch|p2a: Kingambit|Kingambit, F|71/100
|-activate|p2a: Kingambit|ability: Supreme Overlord
|-start|p2a: Kingambit|fallen1|[silent]
|turn|8
|
|t:|1781016487
|move|p1a: Sakamoto|Heat Wave|p2a: Kingambit|[miss]
|-miss|p1a: Sakamoto|p2a: Kingambit
|move|p2a: Kingambit|Iron Head|p1a: Sakamoto
|-damage|p1a: Sakamoto|40/100
|
|-heal|p2a: Kingambit|77/100|[from] item: Leftovers
|upkeep
|turn|9
|
|t:|1781016499
|switch|p1a: Mio Nanagohara|Alomomola, F|90/100
|move|p2a: Kingambit|Sucker Punch||[still]
|-fail|p2a: Kingambit
|
|-heal|p2a: Kingambit|84/100|[from] item: Leftovers
|upkeep
|turn|10
|
|t:|1781016503
|-end|p2a: Kingambit|fallen1|[silent]
|switch|p2a: Ninetales|Ninetales-Alola, F|100/100
|-weather|Snowscape|[from] ability: Snow Warning|[of] p2a: Ninetales
|move|p1a: Mio Nanagohara|Tickle|p2a: Ninetales
|-unboost|p2a: Ninetales|atk|1
|-unboost|p2a: Ninetales|def|1
|
|-weather|Snowscape|[upkeep]
|upkeep
|turn|11
|
|t:|1781016511
|switch|p1a: Sakamoto|Tornadus-Therian, M|73/100
|move|p2a: Ninetales|Aurora Veil|p2a: Ninetales
|-sidestart|p2: halaman95|move: Aurora Veil
|
|-weather|Snowscape|[upkeep]
|upkeep
|turn|12
|
|t:|1781016518
|switch|p2a: Kingambit|Kingambit, F|84/100
|-activate|p2a: Kingambit|ability: Supreme Overlord
|-start|p2a: Kingambit|fallen1|[silent]
|move|p1a: Sakamoto|Knock Off|p2a: Kingambit
|-resisted|p2a: Kingambit
|-damage|p2a: Kingambit|80/100
|-enditem|p2a: Kingambit|Leftovers|[from] move: Knock Off|[of] p1a: Sakamoto
|
|-weather|Snowscape|[upkeep]
|upkeep
|turn|13
|
|t:|1781016523
|move|p1a: Sakamoto|U-turn|p2a: Kingambit
|-damage|p2a: Kingambit|73/100
|
|t:|1781016526
|switch|p1a: Mio Nanagohara|Alomomola, F|100/100|[from] U-turn
|move|p2a: Kingambit|Swords Dance|p2a: Kingambit
|-boost|p2a: Kingambit|atk|2
|
|-weather|Snowscape|[upkeep]
|upkeep
|turn|14
|
|t:|1781016530
|move|p2a: Kingambit|Kowtow Cleave|p1a: Mio Nanagohara
|-damage|p1a: Mio Nanagohara|36/100
|-damage|p2a: Kingambit|57/100|[from] item: Rocky Helmet|[of] p1a: Mio Nanagohara
|move|p1a: Mio Nanagohara|Tickle|p2a: Kingambit
|-unboost|p2a: Kingambit|atk|1
|-unboost|p2a: Kingambit|def|1
|
|-weather|none
|upkeep
|turn|15
|
|t:|1781016537
|switch|p1a: Hakase|Weezing-Galar, F|100/100
|-ability|p1a: Hakase|Neutralizing Gas
|move|p2a: Kingambit|Iron Head|p1a: Hakase
|-supereffective|p1a: Hakase
|-damage|p1a: Hakase|16/100
|
|upkeep
|turn|16
|
|t:|1781016547
|-end|p1a: Hakase|ability: Neutralizing Gas
|-activate|p2a: Kingambit|ability: Supreme Overlord
|-start|p2a: Kingambit|fallen1|[silent]
|switch|p1a: Mio Nanagohara|Alomomola, F|70/100
|move|p2a: Kingambit|Kowtow Cleave|p1a: Mio Nanagohara
|-damage|p1a: Mio Nanagohara|23/100
|-damage|p2a: Kingambit|40/100|[from] item: Rocky Helmet|[of] p1a: Mio Nanagohara
|
|upkeep
|turn|17
|
|t:|1781016557
|switch|p1a: Nano Shinonome|Iron Treads|100/100
|move|p2a: Kingambit|Kowtow Cleave|p1a: Nano Shinonome
|-damage|p1a: Nano Shinonome|35/100
|
|-heal|p1a: Nano Shinonome|41/100|[from] item: Leftovers
|upkeep
|turn|18
|
|t:|1781016564
|move|p1a: Nano Shinonome|Stealth Rock|p2a: Kingambit
|-sidestart|p2: halaman95|move: Stealth Rock
|move|p2a: Kingambit|Kowtow Cleave|p1a: Nano Shinonome
|-damage|p1a: Nano Shinonome|0 fnt
|faint|p1a: Nano Shinonome
|-end|p1a: Nano Shinonome|Quark Drive|[silent]
|
|-sideend|p2: halaman95|move: Aurora Veil
|upkeep
|
|t:|1781016566
|switch|p1a: Mai Minakami|Lokix, F|100/100
|turn|19
|
|t:|1781016574
|move|p2a: Kingambit|Sucker Punch|p1a: Mai Minakami
|-resisted|p1a: Mai Minakami
|-damage|p1a: Mai Minakami|46/100
|move|p1a: Mai Minakami|U-turn|p2a: Kingambit
|-damage|p2a: Kingambit|0 fnt
|faint|p2a: Kingambit
|-end|p2a: Kingambit|fallen1|[silent]
|
|t:|1781016582
|switch|p1a: Sakamoto|Tornadus-Therian, M|100/100|[from] U-turn
|
|upkeep
|
|t:|1781016594
|switch|p2a: Hatterene|Hatterene, F|100/100
|-damage|p2a: Hatterene|88/100|[from] Stealth Rock
|turn|20
|
|t:|1781016602
|move|p1a: Sakamoto|U-turn|p2a: Hatterene
|-damage|p2a: Hatterene|77/100
|
|t:|1781016604
|switch|p1a: Yuuko Aoi|Garganacl, F|66/100|[from] U-turn
|move|p2a: Hatterene|Calm Mind|p2a: Hatterene
|-boost|p2a: Hatterene|spa|1
|-boost|p2a: Hatterene|spd|1
|
|-heal|p2a: Hatterene|83/100|[from] item: Leftovers
|-heal|p1a: Yuuko Aoi|73/100|[from] item: Leftovers
|upkeep
|turn|21
|
|t:|1781016619
|move|p2a: Hatterene|Calm Mind|p2a: Hatterene
|-boost|p2a: Hatterene|spa|1
|-boost|p2a: Hatterene|spd|1
|move|p1a: Yuuko Aoi|Salt Cure|p2a: Hatterene
|-damage|p2a: Hatterene|70/100
|-start|p2a: Hatterene|Salt Cure
|
|-heal|p2a: Hatterene|76/100|[from] item: Leftovers
|-heal|p1a: Yuuko Aoi|79/100|[from] item: Leftovers
|-damage|p2a: Hatterene|64/100|[from] Salt Cure
|upkeep
|turn|22
|
|t:|1781016622
|switch|p1a: Sakamoto|Tornadus-Therian, M|100/100
|move|p2a: Hatterene|Calm Mind|p2a: Hatterene
|-boost|p2a: Hatterene|spa|1
|-boost|p2a: Hatterene|spd|1
|
|-heal|p2a: Hatterene|70/100|[from] item: Leftovers
|-damage|p2a: Hatterene|58/100|[from] Salt Cure
|upkeep
|turn|23
|
|t:|1781016627
|move|p1a: Sakamoto|Air Slash|p2a: Hatterene
|-damage|p2a: Hatterene|45/100
|move|p2a: Hatterene|Draining Kiss|p1a: Sakamoto
|-damage|p1a: Sakamoto|62/100
|-heal|p2a: Hatterene|78/100|[from] drain|[of] p1a: Sakamoto
|
|-heal|p2a: Hatterene|84/100|[from] item: Leftovers
|-damage|p2a: Hatterene|72/100|[from] Salt Cure
|upkeep
|turn|24
|
|t:|1781016637
|move|p1a: Sakamoto|Knock Off|p2a: Hatterene
|-damage|p2a: Hatterene|54/100
|-enditem|p2a: Hatterene|Leftovers|[from] move: Knock Off|[of] p1a: Sakamoto
|move|p2a: Hatterene|Draining Kiss|p1a: Sakamoto
|-damage|p1a: Sakamoto|23/100
|-heal|p2a: Hatterene|88/100|[from] drain|[of] p1a: Sakamoto
|
|-damage|p2a: Hatterene|76/100|[from] Salt Cure
|upkeep
|turn|25
|
|t:|1781016644
|move|p1a: Sakamoto|Air Slash|p2a: Hatterene
|-damage|p2a: Hatterene|64/100
|cant|p2a: Hatterene|flinch
|
|-damage|p2a: Hatterene|51/100|[from] Salt Cure
|upkeep
|turn|26
|
|t:|1781016647
|move|p1a: Sakamoto|Air Slash|p2a: Hatterene
|-damage|p2a: Hatterene|39/100
|move|p2a: Hatterene|Draining Kiss|p1a: Sakamoto
|-damage|p1a: Sakamoto|0 fnt
|-heal|p2a: Hatterene|58/100|[from] drain|[of] p1a: Sakamoto
|faint|p1a: Sakamoto
|
|-damage|p2a: Hatterene|46/100|[from] Salt Cure
|upkeep
|
|t:|1781016649
|switch|p1a: Hakase|Weezing-Galar, F|16/100
|-ability|p1a: Hakase|Neutralizing Gas
|turn|27
|
|t:|1781016655
|move|p1a: Hakase|Sludge Bomb|p2a: Hatterene
|-supereffective|p2a: Hatterene
|-damage|p2a: Hatterene|23/100
|-status|p2a: Hatterene|psn
|move|p2a: Hatterene|Draining Kiss|p1a: Hakase
|-resisted|p1a: Hakase
|-damage|p1a: Hakase|0 fnt
|-heal|p2a: Hatterene|35/100 psn|[from] drain|[of] p1a: Hakase
|faint|p1a: Hakase
|-end|p1a: Hakase|ability: Neutralizing Gas
|
|-damage|p2a: Hatterene|23/100 psn|[from] psn
|-damage|p2a: Hatterene|11/100 psn|[from] Salt Cure
|upkeep
|
|t:|1781016658
|switch|p1a: Mai Minakami|Lokix, F|46/100
|turn|28
|
|t:|1781016665
|move|p1a: Mai Minakami|U-turn|p2a: Hatterene
|-damage|p2a: Hatterene|0 fnt
|faint|p2a: Hatterene
|
|t:|1781016667
|switch|p1a: Mio Nanagohara|Alomomola, F|56/100|[from] U-turn
|
|upkeep
|
|t:|1781016672
|switch|p2a: Ninetales|Ninetales-Alola, F|100/100
|-damage|p2a: Ninetales|76/100|[from] Stealth Rock
|-weather|Snowscape|[from] ability: Snow Warning|[of] p2a: Ninetales
|turn|29
|
|t:|1781016679
|switch|p1a: Yuuko Aoi|Garganacl, F|79/100
|move|p2a: Ninetales|Aurora Veil|p2a: Ninetales
|-sidestart|p2: halaman95|move: Aurora Veil
|
|-weather|Snowscape|[upkeep]
|-heal|p1a: Yuuko Aoi|85/100|[from] item: Leftovers
|upkeep
|turn|30
|inactive|WeR#4Hay! has 120 seconds left.
|
|t:|1781016719
|move|p2a: Ninetales|Moonblast|p1a: Yuuko Aoi
|-damage|p1a: Yuuko Aoi|67/100
|move|p1a: Yuuko Aoi|Salt Cure|p2a: Ninetales
|-supereffective|p2a: Ninetales
|-damage|p2a: Ninetales|64/100
|-start|p2a: Ninetales|Salt Cure
|
|-weather|Snowscape|[upkeep]
|-heal|p1a: Yuuko Aoi|73/100|[from] item: Leftovers
|-damage|p2a: Ninetales|52/100|[from] Salt Cure
|upkeep
|turn|31
|
|t:|1781016731
|switch|p2a: Zamazenta|Zamazenta|100/100
|-damage|p2a: Zamazenta|94/100|[from] Stealth Rock
|-ability|p2a: Zamazenta|Dauntless Shield|boost
|-boost|p2a: Zamazenta|def|1
|switch|p1a: Mio Nanagohara|Alomomola, F|90/100
|
|-weather|Snowscape|[upkeep]
|-heal|p2a: Zamazenta|100/100|[from] item: Leftovers
|upkeep
|turn|32
|inactive|WeR#4Hay! has 120 seconds left.
|
|t:|1781016738
|move|p2a: Zamazenta|Iron Defense|p2a: Zamazenta
|-boost|p2a: Zamazenta|def|2
|move|p1a: Mio Nanagohara|Flip Turn|p2a: Zamazenta
|-damage|p2a: Zamazenta|98/100
|
|t:|1781016740
|switch|p1a: Yuuko Aoi|Garganacl, F|73/100|[from] Flip Turn
|
|-weather|Snowscape|[upkeep]
|-heal|p2a: Zamazenta|100/100|[from] item: Leftovers
|-heal|p1a: Yuuko Aoi|79/100|[from] item: Leftovers
|upkeep
|turn|33
|
|t:|1781016746
|-terastallize|p1a: Yuuko Aoi|Fairy
|move|p2a: Zamazenta|Iron Defense|p2a: Zamazenta
|-boost|p2a: Zamazenta|def|2
|move|p1a: Yuuko Aoi|Salt Cure|p2a: Zamazenta
|-resisted|p2a: Zamazenta
|-damage|p2a: Zamazenta|99/100
|-start|p2a: Zamazenta|Salt Cure
|
|-weather|none
|-heal|p2a: Zamazenta|100/100|[from] item: Leftovers
|-heal|p1a: Yuuko Aoi|86/100|[from] item: Leftovers
|-damage|p2a: Zamazenta|88/100|[from] Salt Cure
|upkeep
|turn|34
|
|t:|1781016755
|move|p2a: Zamazenta|Iron Defense|p2a: Zamazenta
|-boost|p2a: Zamazenta|def|1
|move|p1a: Yuuko Aoi|Curse|p1a: Yuuko Aoi
|-unboost|p1a: Yuuko Aoi|spe|1
|-boost|p1a: Yuuko Aoi|atk|1
|-boost|p1a: Yuuko Aoi|def|1
|
|-heal|p2a: Zamazenta|94/100|[from] item: Leftovers
|-heal|p1a: Yuuko Aoi|92/100|[from] item: Leftovers
|-damage|p2a: Zamazenta|82/100|[from] Salt Cure
|upkeep
|turn|35
|
|t:|1781016760
|move|p2a: Zamazenta|Body Press|p1a: Yuuko Aoi
|-resisted|p1a: Yuuko Aoi
|-damage|p1a: Yuuko Aoi|65/100
|move|p1a: Yuuko Aoi|Curse|p1a: Yuuko Aoi
|-unboost|p1a: Yuuko Aoi|spe|1
|-boost|p1a: Yuuko Aoi|atk|1
|-boost|p1a: Yuuko Aoi|def|1
|
|-heal|p2a: Zamazenta|88/100|[from] item: Leftovers
|-heal|p1a: Yuuko Aoi|71/100|[from] item: Leftovers
|-damage|p2a: Zamazenta|76/100|[from] Salt Cure
|upkeep
|turn|36
|
|t:|1781016766
|switch|p2a: Ninetales|Ninetales-Alola, F|52/100
|-damage|p2a: Ninetales|27/100|[from] Stealth Rock
|-weather|Snowscape|[from] ability: Snow Warning|[of] p2a: Ninetales
|move|p1a: Yuuko Aoi|Recover|p1a: Yuuko Aoi
|-heal|p1a: Yuuko Aoi|100/100
|
|-weather|Snowscape|[upkeep]
|-sideend|p2: halaman95|move: Aurora Veil
|upkeep
|turn|37
|
|t:|1781016769
|switch|p1a: Mio Nanagohara|Alomomola, F|100/100
|move|p2a: Ninetales|Encore||[still]
|-fail|p2a: Ninetales
|
|-weather|Snowscape|[upkeep]
|upkeep
|turn|38
|
|t:|1781016774
|move|p2a: Ninetales|Aurora Veil|p2a: Ninetales
|-sidestart|p2: halaman95|move: Aurora Veil
|move|p1a: Mio Nanagohara|Flip Turn|p2a: Ninetales
|-crit|p2a: Ninetales
|-damage|p2a: Ninetales|7/100
|
|t:|1781016776
|switch|p1a: Yuuko Aoi|Garganacl, F, tera:Fairy|100/100|[from] Flip Turn
|
|-weather|Snowscape|[upkeep]
|upkeep
|turn|39
|
|t:|1781016783
|switch|p1a: Mio Nanagohara|Alomomola, F|100/100
|move|p2a: Ninetales|Moonblast|p1a: Mio Nanagohara
|-damage|p1a: Mio Nanagohara|74/100
|
|-weather|Snowscape|[upkeep]
|upkeep
|turn|40
|
|t:|1781016786
|move|p2a: Ninetales|Moonblast|p1a: Mio Nanagohara
|-crit|p1a: Mio Nanagohara
|-damage|p1a: Mio Nanagohara|37/100
|move|p1a: Mio Nanagohara|Flip Turn|p2a: Ninetales
|-damage|p2a: Ninetales|0 fnt
|faint|p2a: Ninetales
|
|t:|1781016792
|switch|p1a: Yuuko Aoi|Garganacl, F, tera:Fairy|100/100|[from] Flip Turn
|
|-weather|none
|upkeep
|
|t:|1781016796
|switch|p2a: Manaphy|Manaphy|100/100
|-damage|p2a: Manaphy|88/100|[from] Stealth Rock
|turn|41
|
|t:|1781016798
|move|p2a: Manaphy|Take Heart|p2a: Manaphy
|-boost|p2a: Manaphy|spa|1
|-boost|p2a: Manaphy|spd|1
|move|p1a: Yuuko Aoi|Salt Cure|p2a: Manaphy
|-damage|p2a: Manaphy|82/100
|-start|p2a: Manaphy|Salt Cure
|
|-heal|p2a: Manaphy|88/100|[from] item: Leftovers
|-damage|p2a: Manaphy|63/100|[from] Salt Cure
|upkeep
|turn|42
|inactive|WeR#4Hay! has 120 seconds left.
|inactive|WeR#4Hay! has 90 seconds left.
|inactive|WeR#4Hay! has 60 seconds left.
|j| Fidough-zhi
|inactive|WeR#4Hay! has 30 seconds left.
|
|t:|1781016920
|switch|p1a: Mio Nanagohara|Alomomola, F|70/100
|move|p2a: Manaphy|Take Heart|p2a: Manaphy
|-boost|p2a: Manaphy|spa|1
|-boost|p2a: Manaphy|spd|1
|
|-heal|p2a: Manaphy|70/100|[from] item: Leftovers
|-damage|p2a: Manaphy|45/100|[from] Salt Cure
|upkeep
|turn|43
|
|t:|1781016927
|move|p2a: Manaphy|Acid Armor|p2a: Manaphy
|-boost|p2a: Manaphy|def|2
|move|p1a: Mio Nanagohara|Tickle|p2a: Manaphy
|-unboost|p2a: Manaphy|atk|1
|-unboost|p2a: Manaphy|def|1
|
|-heal|p2a: Manaphy|51/100|[from] item: Leftovers
|-damage|p2a: Manaphy|26/100|[from] Salt Cure
|upkeep
|turn|44
|
|t:|1781016933
|move|p1a: Mio Nanagohara|Protect|p1a: Mio Nanagohara
|-singleturn|p1a: Mio Nanagohara|Protect
|move|p2a: Manaphy|Stored Power|p1a: Mio Nanagohara
|-activate|p1a: Mio Nanagohara|move: Protect
|
|-heal|p2a: Manaphy|32/100|[from] item: Leftovers
|-damage|p2a: Manaphy|7/100|[from] Salt Cure
|upkeep
|turn|45
|
|t:|1781016939
|move|p2a: Manaphy|Scald|p1a: Mio Nanagohara
|-resisted|p1a: Mio Nanagohara
|-damage|p1a: Mio Nanagohara|45/100
|-status|p1a: Mio Nanagohara|brn
|move|p1a: Mio Nanagohara|Flip Turn|p2a: Manaphy
|-resisted|p2a: Manaphy
|-damage|p2a: Manaphy|6/100
|
|t:|1781016943
|switch|p1a: Yuuko Aoi|Garganacl, F, tera:Fairy|100/100|[from] Flip Turn
|
|-heal|p2a: Manaphy|12/100|[from] item: Leftovers
|-damage|p2a: Manaphy|0 fnt|[from] Salt Cure
|faint|p2a: Manaphy
|-sideend|p2: halaman95|move: Aurora Veil
|upkeep
|
|t:|1781016946
|switch|p2a: Zamazenta|Zamazenta|76/100
|-damage|p2a: Zamazenta|70/100|[from] Stealth Rock
|turn|46
|
|t:|1781016956
|-terastallize|p2a: Zamazenta|Steel
|move|p2a: Zamazenta|Heavy Slam|p1a: Yuuko Aoi
|-supereffective|p1a: Yuuko Aoi
|-damage|p1a: Yuuko Aoi|74/100
|move|p1a: Yuuko Aoi|Salt Cure|p2a: Zamazenta
|-resisted|p2a: Zamazenta
|-crit|p2a: Zamazenta
|-damage|p2a: Zamazenta|60/100
|-start|p2a: Zamazenta|Salt Cure
|
|-heal|p2a: Zamazenta|66/100|[from] item: Leftovers
|-heal|p1a: Yuuko Aoi|80/100|[from] item: Leftovers
|-damage|p2a: Zamazenta|41/100|[from] Salt Cure
|upkeep
|turn|47
|-message|halaman95 forfeited.
|
|win|WeR#4Hay!
|raw|WeR#4Hay!'s rating: 1810 &rarr; <strong>1826</strong><br />(+16 for winning)
|raw|halaman95's rating: 1748 &rarr; <strong>1732</strong><br />(-16 for losing)
|l|☆halaman95
|player|p2|
