|j|☆jd2sleepy
|j|☆kooopooolooo
|t:|1781182131
|gametype|singles
|player|p1|jd2sleepy|blackbelt-gen4dp|1565
|player|p2|kooopooolooo|102|1615
|gen|9
|tier|[Gen 9] OU
|rated|
|rule|HP Percentage Mod: HP is shown in percentages
|rule|Endless Battle Clause: Forcing endless battles is banned
|rule|Species Clause: Limit one of each Pokémon
|rule|OHKO Clause: OHKO moves are banned
|rule|Evasion Items Clause: Evasion items are banned
|rule|Evasion Moves Clause: Evasion moves are banned
|rule|Evasion Abilities Clause: Evasion abilities are banned
|rule|Sleep Moves Clause: Sleep-inducing moves are banned
|clearpoke
|poke|p1|Pelipper, F|
|poke|p1|Cyclizar, F|
|poke|p1|Latios, M|
|poke|p1|Raging Bolt|
|poke|p1|Iron Treads|
|poke|p1|Kingambit, M|
|poke|p2|Lokix, F|
|poke|p2|Hatterene, F|
|poke|p2|Excadrill, F|
|poke|p2|Tyranitar, M|
|poke|p2|Dragapult, F|
|poke|p2|Zapdos|
|teampreview
|
|t:|1781182169
|teamsize|p1|6
|teamsize|p2|6
|start
|switch|p1a: Drizzy|Pelipper, F|100/100
|switch|p2a: Dragapult|Dragapult, F|100/100
|-weather|RainDance|[from] ability: Drizzle|[of] p1a: Drizzy
|turn|1
|
|t:|1781182172
|move|p2a: Dragapult|Draco Meteor|p1a: Drizzy
|-damage|p1a: Drizzy|21/100
|-unboost|p2a: Dragapult|spa|2
|move|p1a: Drizzy|U-turn|p2a: Dragapult
|-resisted|p2a: Dragapult
|-damage|p2a: Dragapult|95/100
|
|t:|1781182178
|switch|p1a: Kingambit|Kingambit, M|100/100|[from] U-turn
|
|-weather|RainDance|[upkeep]
|upkeep
|turn|2
|
|t:|1781182199
|switch|p2a: Zapdos|Zapdos|100/100
|-end|p1a: Kingambit|fallenundefined|[silent]
|switch|p1a: Genos|Cyclizar, F, shiny|100/100
|
|-weather|RainDance|[upkeep]
|upkeep
|turn|3
|
|t:|1781182203
|move|p1a: Genos|Shift Gear|p1a: Genos
|-boost|p1a: Genos|spe|2
|-boost|p1a: Genos|atk|1
|move|p2a: Zapdos|U-turn|p1a: Genos
|-damage|p1a: Genos|76/100
|
|t:|1781182208
|switch|p2a: Tyranitar|Tyranitar, M|100/100|[from] U-turn
|-weather|Sandstorm|[from] ability: Sand Stream|[of] p2a: Tyranitar
|
|-weather|Sandstorm|[upkeep]
|-damage|p1a: Genos|70/100|[from] Sandstorm
|upkeep
|turn|4
|
|t:|1781182212
|move|p1a: Genos|Aqua Tail|p2a: Tyranitar
|-supereffective|p2a: Tyranitar
|-damage|p2a: Tyranitar|0 fnt
|faint|p2a: Tyranitar
|-damage|p1a: Genos|60/100|[from] item: Life Orb
|
|-weather|Sandstorm|[upkeep]
|-damage|p1a: Genos|54/100|[from] Sandstorm
|upkeep
|
|t:|1781182218
|switch|p2a: Lokix|Lokix, F|100/100
|turn|5
|
|t:|1781182220
|switch|p1a: Tready Way|Iron Treads|100/100
|-enditem|p1a: Tready Way|Booster Energy
|-activate|p1a: Tready Way|ability: Quark Drive|[fromitem]
|-start|p1a: Tready Way|quarkdrivespe
|move|p2a: Lokix|First Impression|p1a: Tready Way
|-resisted|p1a: Tready Way
|-damage|p1a: Tready Way|52/100
|
|-weather|Sandstorm|[upkeep]
|-damage|p2a: Lokix|94/100|[from] Sandstorm
|upkeep
|turn|6
|
|t:|1781182224
|switch|p2a: Hatterene|Hatterene, F|100/100
|move|p1a: Tready Way|Knock Off|p2a: Hatterene
|-damage|p2a: Hatterene|75/100
|-damage|p1a: Tready Way|35/100|[from] item: Rocky Helmet|[of] p2a: Hatterene
|-enditem|p2a: Hatterene|Rocky Helmet|[from] move: Knock Off|[of] p1a: Tready Way
|
|-weather|Sandstorm|[upkeep]
|-damage|p2a: Hatterene|69/100|[from] Sandstorm
|upkeep
|turn|7
|
|t:|1781182230
|move|p1a: Tready Way|Earthquake|p2a: Hatterene
|-damage|p2a: Hatterene|30/100
|move|p2a: Hatterene|Pain Split|p1a: Tready Way
|-sethp|p1a: Tready Way|33/100|[from] move: Pain Split|[silent]
|-sethp|p2a: Hatterene|33/100|[from] move: Pain Split
|
|-weather|none
|upkeep
|turn|8
|
|t:|1781182237
|switch|p2a: Zapdos|Zapdos|100/100
|move|p1a: Tready Way|Earthquake|p2a: Zapdos
|-immune|p2a: Zapdos
|
|upkeep
|turn|9
|
|t:|1781182241
|switch|p2a: Hatterene|Hatterene, F|33/100
|move|p1a: Tready Way|Stealth Rock|p2a: Hatterene
|move|p2a: Hatterene|Stealth Rock|p1a: Tready Way|[from] ability: Magic Bounce
|-sidestart|p1: jd2sleepy|move: Stealth Rock
|
|upkeep
|turn|10
|
|t:|1781182246
|switch|p2a: Zapdos|Zapdos|100/100
|move|p1a: Tready Way|Earthquake|p2a: Zapdos
|-immune|p2a: Zapdos
|
|upkeep
|turn|11
|
|t:|1781182248
|move|p1a: Tready Way|Stealth Rock|p2a: Zapdos
|-sidestart|p2: kooopooolooo|move: Stealth Rock
|move|p2a: Zapdos|Heat Wave|p1a: Tready Way
|-supereffective|p1a: Tready Way
|-damage|p1a: Tready Way|0 fnt
|faint|p1a: Tready Way
|-end|p1a: Tready Way|Quark Drive|[silent]
|
|upkeep
|
|t:|1781182268
|switch|p1a: Latios|Latios, M|100/100
|-damage|p1a: Latios|88/100|[from] Stealth Rock
|turn|12
|
|t:|1781182314
|move|p1a: Latios|Draco Meteor|p2a: Zapdos
|-damage|p2a: Zapdos|22/100
|-unboost|p1a: Latios|spa|2
|move|p2a: Zapdos|U-turn|p1a: Latios
|-supereffective|p1a: Latios
|-damage|p1a: Latios|52/100
|
|t:|1781182318
|switch|p2a: Excadrill|Excadrill, F|100/100|[from] U-turn
|
|upkeep
|turn|13
|
|t:|1781182320
|switch|p1a: Drizzy|Pelipper, F|21/100
|-damage|p1a: Drizzy|0 fnt|[from] Stealth Rock
|faint|p1a: Drizzy
|move|p2a: Excadrill|Rapid Spin|p1: Drizzy|[notarget]
|-fail|p2a: Excadrill
|
|upkeep
|
|t:|1781182323
|switch|p1a: Genos|Cyclizar, F, shiny|87/100
|-damage|p1a: Genos|75/100|[from] Stealth Rock
|turn|14
|
|t:|1781182330
|move|p1a: Genos|Aqua Tail|p2a: Excadrill
|-supereffective|p2a: Excadrill
|-damage|p2a: Excadrill|6/100
|-damage|p1a: Genos|65/100|[from] item: Life Orb
|move|p2a: Excadrill|Rapid Spin|p1a: Genos
|-damage|p1a: Genos|36/100
|-boost|p2a: Excadrill|spe|1
|-sideend|p2: kooopooolooo|Stealth Rock|[from] move: Rapid Spin|[of] p2a: Excadrill
|
|upkeep
|turn|15
|
|t:|1781182341
|move|p2a: Excadrill|Iron Head|p1a: Genos
|-damage|p1a: Genos|0 fnt
|faint|p1a: Genos
|
|upkeep
|
|t:|1781182348
|switch|p1a: Kingambit|Kingambit, M|100/100
|-damage|p1a: Kingambit|94/100|[from] Stealth Rock
|-activate|p1a: Kingambit|ability: Supreme Overlord
|-start|p1a: Kingambit|fallen3|[silent]
|turn|16
|
|t:|1781182398
|move|p1a: Kingambit|Sucker Punch||[still]
|-fail|p1a: Kingambit
|move|p2a: Excadrill|Stealth Rock||[still]
|-fail|p2a: Excadrill
|
|upkeep
|turn|17
|
|t:|1781182401
|move|p1a: Kingambit|Sucker Punch|p2a: Excadrill
|-damage|p2a: Excadrill|0 fnt
|faint|p2a: Excadrill
|
|upkeep
|
|t:|1781182405
|switch|p2a: Zapdos|Zapdos|22/100
|turn|18
|
|t:|1781182409
|-end|p1a: Kingambit|fallen3|[silent]
|switch|p1a: Latios|Latios, M|52/100
|-damage|p1a: Latios|39/100|[from] Stealth Rock
|move|p2a: Zapdos|Roost|p2a: Zapdos
|-heal|p2a: Zapdos|72/100
|-singleturn|p2a: Zapdos|move: Roost
|
|upkeep
|turn|19
|
|t:|1781182413
|switch|p2a: Hatterene|Hatterene, F|33/100
|move|p1a: Latios|Draco Meteor|p2a: Hatterene
|-immune|p2a: Hatterene
|
|upkeep
|turn|20
|
|t:|1781182420
|move|p1a: Latios|Psyshock|p2a: Hatterene
|-resisted|p2a: Hatterene
|-damage|p2a: Hatterene|11/100
|move|p2a: Hatterene|Pain Split|p1a: Latios
|-sethp|p1a: Latios|25/100|[from] move: Pain Split|[silent]
|-sethp|p2a: Hatterene|24/100|[from] move: Pain Split
|
|upkeep
|turn|21
|
|t:|1781182423
|move|p1a: Latios|Psyshock|p2a: Hatterene
|-resisted|p2a: Hatterene
|-damage|p2a: Hatterene|3/100
|move|p2a: Hatterene|Draining Kiss|p1a: Latios
|-supereffective|p1a: Latios
|-damage|p1a: Latios|0 fnt
|-heal|p2a: Hatterene|21/100|[from] drain|[of] p1a: Latios
|faint|p1a: Latios
|
|upkeep
|
|t:|1781182425
|switch|p1a: Kingambit|Kingambit, M|94/100
|-damage|p1a: Kingambit|88/100|[from] Stealth Rock
|-activate|p1a: Kingambit|ability: Supreme Overlord
|-start|p1a: Kingambit|fallen4|[silent]
|turn|22
|
|t:|1781182428
|move|p1a: Kingambit|Kowtow Cleave|p2a: Hatterene
|-damage|p2a: Hatterene|0 fnt
|faint|p2a: Hatterene
|
|upkeep
|
|t:|1781182431
|switch|p2a: Zapdos|Zapdos|72/100
|turn|23
|
|t:|1781182433
|-end|p1a: Kingambit|fallen4|[silent]
|switch|p1a: Raging Bolt|Raging Bolt|100/100
|-damage|p1a: Raging Bolt|88/100|[from] Stealth Rock
|-enditem|p1a: Raging Bolt|Booster Energy
|-activate|p1a: Raging Bolt|ability: Protosynthesis|[fromitem]
|-start|p1a: Raging Bolt|protosynthesisspa
|move|p2a: Zapdos|Heat Wave|p1a: Raging Bolt
|-resisted|p1a: Raging Bolt
|-damage|p1a: Raging Bolt|74/100
|
|upkeep
|turn|24
|
|t:|1781182438
|move|p2a: Zapdos|U-turn|p1a: Raging Bolt
|-damage|p1a: Raging Bolt|61/100
|
|t:|1781182440
|switch|p2a: Dragapult|Dragapult, F|95/100|[from] U-turn
|move|p1a: Raging Bolt|Dragon Pulse|p2a: Dragapult
|-supereffective|p2a: Dragapult
|-damage|p2a: Dragapult|0 fnt
|faint|p2a: Dragapult
|
|upkeep
|
|t:|1781182444
|switch|p2a: Lokix|Lokix, F|94/100
|turn|25
|
|t:|1781182447
|-terastallize|p2a: Lokix|Bug
|move|p2a: Lokix|First Impression|p1a: Raging Bolt
|-damage|p1a: Raging Bolt|0 fnt
|faint|p1a: Raging Bolt
|-end|p1a: Raging Bolt|Protosynthesis|[silent]
|
|upkeep
|
|t:|1781182449
|switch|p1a: Kingambit|Kingambit, M|88/100
|-damage|p1a: Kingambit|82/100|[from] Stealth Rock
|-activate|p1a: Kingambit|ability: Supreme Overlord
|-start|p1a: Kingambit|fallen5|[silent]
|turn|26
|
|t:|1781182454
|move|p2a: Lokix|U-turn|p1a: Kingambit
|-damage|p1a: Kingambit|36/100
|
|t:|1781182458
|switch|p2a: Zapdos|Zapdos|72/100|[from] U-turn
|move|p1a: Kingambit|Swords Dance|p1a: Kingambit
|-boost|p1a: Kingambit|atk|2
|
|upkeep
|turn|27
|-message|jd2sleepy forfeited.
|
|win|kooopooolooo
|raw|jd2sleepy's rating: 1565 &rarr; <strong>1548</strong><br />(-17 for losing)
|raw|kooopooolooo's rating: 1615 &rarr; <strong>1632</strong><br />(+17 for winning)
|l|☆jd2sleepy
|player|p1|
|l|☆kooopooolooo
|player|p2|
