|j|☆Mca Player 11
|j|☆LowEL0God
|t:|1780988974
|gametype|singles
|player|p1|Mca Player 11|skierf|1557
|player|p2|LowEL0God|265|1589
|gen|9
|tier|[Gen 9] OU
|rated|
|rule|HP Percentage Mod: HP is shown in percentages
|rule|Endless Battle Clause: Forcing endless battles is banned
|rule|Species Clause: Limit one of each Pokémon
|rule|OHKO Clause: OHKO moves are banned
|rule|Evasion Items Clause: Evasion items are banned
|rule|Evasion Moves Clause: Evasion moves are banned
|rule|Evasion Abilities Clause: Evasion abilities are banned
|rule|Sleep Moves Clause: Sleep-inducing moves are banned
|clearpoke
|poke|p1|Deoxys-Speed|
|poke|p1|Iron Moth|
|poke|p1|Zamazenta-*|
|poke|p1|Gholdengo|
|poke|p1|Rillaboom, M|
|poke|p1|Iron Jugulis|
|poke|p2|Pelipper, M|
|poke|p2|Torkoal, F|
|poke|p2|Walking Wake|
|poke|p2|Kyurem|
|poke|p2|Ninetales-Alola, M|
|poke|p2|Ogerpon-Wellspring, F|
|teampreview
|c|☆LowEL0God|hf
|inactive|Battle timer is ON: inactive players will automatically lose when time's up. (requested by LowEL0God)
|c|☆Mca Player 11|hf
|
|t:|1780988983
|teamsize|p1|6
|teamsize|p2|6
|start
|switch|p1a: Deoxys|Deoxys-Speed|100/100
|switch|p2a: Ninetales|Ninetales-Alola, M|100/100
|-ability|p1a: Deoxys|Pressure
|-weather|Snowscape|[from] ability: Snow Warning|[of] p2a: Ninetales
|turn|1
|
|t:|1780988985
|move|p1a: Deoxys|Taunt|p2a: Ninetales
|-start|p2a: Ninetales|move: Taunt
|cant|p2a: Ninetales|move: Taunt|Aurora Veil
|
|-weather|Snowscape|[upkeep]
|upkeep
|turn|2
|
|t:|1780988987
|move|p1a: Deoxys|Stealth Rock|p2a: Ninetales
|-sidestart|p2: LowEL0God|move: Stealth Rock
|move|p2a: Ninetales|Moonblast|p1a: Deoxys
|-damage|p1a: Deoxys|70/100
|
|-weather|Snowscape|[upkeep]
|upkeep
|turn|3
|
|t:|1780988989
|move|p1a: Deoxys|Spikes|p2a: Ninetales
|-sidestart|p2: LowEL0God|Spikes
|move|p2a: Ninetales|Moonblast|p1a: Deoxys
|-damage|p1a: Deoxys|34/100
|
|-weather|Snowscape|[upkeep]
|-end|p2a: Ninetales|move: Taunt
|upkeep
|turn|4
|
|t:|1780988991
|move|p1a: Deoxys|Taunt|p2a: Ninetales
|-start|p2a: Ninetales|move: Taunt
|cant|p2a: Ninetales|move: Taunt|Aurora Veil
|
|-weather|Snowscape|[upkeep]
|upkeep
|turn|5
|
|t:|1780988993
|move|p1a: Deoxys|Pain Split|p2a: Ninetales
|-sethp|p2a: Ninetales|65/100|[from] move: Pain Split|[silent]
|-sethp|p1a: Deoxys|75/100|[from] move: Pain Split
|move|p2a: Ninetales|Moonblast|p1a: Deoxys
|-damage|p1a: Deoxys|40/100
|
|-weather|Snowscape|[upkeep]
|upkeep
|turn|6
|
|t:|1780988996
|move|p1a: Deoxys|Pain Split|p2a: Ninetales
|-sethp|p2a: Ninetales|50/100|[from] move: Pain Split|[silent]
|-sethp|p1a: Deoxys|58/100|[from] move: Pain Split
|move|p2a: Ninetales|Moonblast|p1a: Deoxys
|-damage|p1a: Deoxys|27/100
|
|-weather|Snowscape|[upkeep]
|-end|p2a: Ninetales|move: Taunt
|upkeep
|turn|7
|
|t:|1780988999
|move|p1a: Deoxys|Taunt|p2a: Ninetales
|-start|p2a: Ninetales|move: Taunt
|cant|p2a: Ninetales|move: Taunt|Aurora Veil
|
|-weather|Snowscape|[upkeep]
|upkeep
|turn|8
|
|t:|1780989001
|switch|p1a: Iron Moth|Iron Moth, shiny|100/100
|-enditem|p1a: Iron Moth|Booster Energy
|-activate|p1a: Iron Moth|ability: Quark Drive|[fromitem]
|-start|p1a: Iron Moth|quarkdrivespe
|move|p2a: Ninetales|Moonblast|p1a: Iron Moth
|-resisted|p1a: Iron Moth
|-damage|p1a: Iron Moth|93/100
|-unboost|p1a: Iron Moth|spa|1
|
|-weather|none
|upkeep
|turn|9
|
|t:|1780989003
|move|p1a: Iron Moth|Fiery Dance|p2a: Ninetales
|-supereffective|p2a: Ninetales
|-damage|p2a: Ninetales|0 fnt
|-boost|p1a: Iron Moth|spa|1
|faint|p2a: Ninetales
|
|upkeep
|
|t:|1780989004
|switch|p2a: Walking Wake|Walking Wake|100/100
|-damage|p2a: Walking Wake|88/100|[from] Stealth Rock
|-damage|p2a: Walking Wake|76/100|[from] Spikes
|turn|10
|
|t:|1780989008
|-end|p1a: Iron Moth|Quark Drive|[silent]
|switch|p1a: Deoxys|Deoxys-Speed|27/100
|-ability|p1a: Deoxys|Pressure
|move|p2a: Walking Wake|Hydro Steam|p1a: Deoxys
|-damage|p1a: Deoxys|0 fnt
|faint|p1a: Deoxys
|
|upkeep
|
|t:|1780989011
|switch|p1a: Iron Jugulis|Iron Jugulis, shiny|100/100
|-enditem|p1a: Iron Jugulis|Booster Energy
|-activate|p1a: Iron Jugulis|ability: Quark Drive|[fromitem]
|-start|p1a: Iron Jugulis|quarkdrivespe
|turn|11
|
|t:|1780989013
|move|p1a: Iron Jugulis|Hurricane|p2a: Walking Wake
|-damage|p2a: Walking Wake|17/100
|move|p2a: Walking Wake|Hydro Steam|p1a: Iron Jugulis
|-damage|p1a: Iron Jugulis|19/100
|
|upkeep
|turn|12
|
|t:|1780989016
|move|p1a: Iron Jugulis|Knock Off|p2a: Walking Wake
|-damage|p2a: Walking Wake|0 fnt
|-enditem|p2a: Walking Wake|Choice Specs|[from] move: Knock Off|[of] p1a: Iron Jugulis
|faint|p2a: Walking Wake
|-end|p2a: Walking Wake|Protosynthesis|[silent]
|
|upkeep
|
|t:|1780989017
|switch|p2a: Kyurem|Kyurem|100/100
|-damage|p2a: Kyurem|76/100|[from] Stealth Rock
|-damage|p2a: Kyurem|63/100|[from] Spikes
|-ability|p2a: Kyurem|Pressure
|turn|13
|
|t:|1780989020
|move|p1a: Iron Jugulis|Hurricane|p2a: Kyurem
|-damage|p2a: Kyurem|11/100
|move|p2a: Kyurem|Freeze-Dry|p1a: Iron Jugulis
|-supereffective|p1a: Iron Jugulis
|-damage|p1a: Iron Jugulis|0 fnt
|faint|p1a: Iron Jugulis
|-end|p1a: Iron Jugulis|Quark Drive|[silent]
|
|upkeep
|
|t:|1780989023
|switch|p1a: Iron Moth|Iron Moth, shiny|93/100
|turn|14
|
|t:|1780989025
|move|p1a: Iron Moth|Fiery Dance|p2a: Kyurem
|-damage|p2a: Kyurem|0 fnt
|faint|p2a: Kyurem
|
|upkeep
|
|t:|1780989026
|switch|p2a: Hurricane Spam|Pelipper, M, shiny|100/100
|-damage|p2a: Hurricane Spam|76/100|[from] Stealth Rock
|-weather|RainDance|[from] ability: Drizzle|[of] p2a: Hurricane Spam
|turn|15
|
|t:|1780989028
|move|p1a: Iron Moth|Sludge Wave|p2a: Hurricane Spam
|-damage|p2a: Hurricane Spam|9/100
|move|p2a: Hurricane Spam|Weather Ball|p1a: Iron Moth
|-supereffective|p1a: Iron Moth
|-damage|p1a: Iron Moth|0 fnt
|faint|p1a: Iron Moth
|-end|p1a: Iron Moth|Quark Drive|[silent]
|
|-weather|RainDance|[upkeep]
|upkeep
|
|t:|1780989032
|switch|p1a: Zamazenta|Zamazenta, shiny|100/100
|-ability|p1a: Zamazenta|Dauntless Shield|boost
|-boost|p1a: Zamazenta|def|1
|turn|16
|
|t:|1780989033
|move|p1a: Zamazenta|Close Combat|p2a: Hurricane Spam
|-resisted|p2a: Hurricane Spam
|-damage|p2a: Hurricane Spam|0 fnt
|-unboost|p1a: Zamazenta|def|1
|-unboost|p1a: Zamazenta|spd|1
|faint|p2a: Hurricane Spam
|
|-weather|RainDance|[upkeep]
|upkeep
|
|t:|1780989034
|switch|p2a: Torkoal|Torkoal, F|100/100
|-damage|p2a: Torkoal|76/100|[from] Stealth Rock
|-damage|p2a: Torkoal|63/100|[from] Spikes
|-weather|SunnyDay|[from] ability: Drought|[of] p2a: Torkoal
|turn|17
|
|t:|1780989037
|-terastallize|p2a: Torkoal|Flying
|move|p1a: Zamazenta|Close Combat|p2a: Torkoal
|-resisted|p2a: Torkoal
|-damage|p2a: Torkoal|37/100
|-unboost|p1a: Zamazenta|def|1
|-unboost|p1a: Zamazenta|spd|1
|move|p2a: Torkoal|Lava Plume|p1a: Zamazenta
|-damage|p1a: Zamazenta|35/100
|-status|p1a: Zamazenta|brn
|
|-weather|SunnyDay|[upkeep]
|-damage|p1a: Zamazenta|28/100 brn|[from] brn
|upkeep
|turn|18
|
|t:|1780989041
|move|p1a: Zamazenta|Close Combat|p2a: Torkoal
|-resisted|p2a: Torkoal
|-damage|p2a: Torkoal|25/100
|-unboost|p1a: Zamazenta|def|1
|-unboost|p1a: Zamazenta|spd|1
|move|p2a: Torkoal|Rapid Spin|p1a: Zamazenta
|-damage|p1a: Zamazenta|12/100 brn
|-boost|p2a: Torkoal|spe|1
|-sideend|p2: LowEL0God|Spikes|[from] move: Rapid Spin|[of] p2a: Torkoal
|-sideend|p2: LowEL0God|Stealth Rock|[from] move: Rapid Spin|[of] p2a: Torkoal
|
|-weather|SunnyDay|[upkeep]
|-damage|p1a: Zamazenta|6/100 brn|[from] brn
|upkeep
|turn|19
|
|t:|1780989043
|move|p1a: Zamazenta|Close Combat|p2a: Torkoal
|-resisted|p2a: Torkoal
|-damage|p2a: Torkoal|13/100
|-unboost|p1a: Zamazenta|def|1
|-unboost|p1a: Zamazenta|spd|1
|move|p2a: Torkoal|Lava Plume|p1a: Zamazenta
|-damage|p1a: Zamazenta|0 fnt
|faint|p1a: Zamazenta
|
|-weather|SunnyDay|[upkeep]
|upkeep
|
|t:|1780989046
|switch|p1a: Rillaboom|Rillaboom, M, shiny|100/100
|-fieldstart|move: Grassy Terrain|[from] ability: Grassy Surge|[of] p1a: Rillaboom
|turn|20
|
|t:|1780989048
|move|p1a: Rillaboom|Knock Off|p2a: Torkoal
|-damage|p2a: Torkoal|0 fnt
|-enditem|p2a: Torkoal|Heat Rock|[from] move: Knock Off|[of] p1a: Rillaboom
|faint|p2a: Torkoal
|-damage|p1a: Rillaboom|91/100|[from] item: Life Orb
|
|-weather|SunnyDay|[upkeep]
|-heal|p1a: Rillaboom|97/100|[from] Grassy Terrain
|upkeep
|
|t:|1780989050
|switch|p2a: Ogerpon|Ogerpon-Wellspring, F|100/100
|turn|21
|
|t:|1780989052
|move|p2a: Ogerpon|Play Rough|p1a: Rillaboom
|-damage|p1a: Rillaboom|59/100
|move|p1a: Rillaboom|Swords Dance|p1a: Rillaboom
|-boost|p1a: Rillaboom|atk|2
|
|-weather|SunnyDay|[upkeep]
|-heal|p1a: Rillaboom|66/100|[from] Grassy Terrain
|upkeep
|turn|22
|
|t:|1780989054
|move|p1a: Rillaboom|Grassy Glide|p2a: Ogerpon
|-damage|p2a: Ogerpon|0 fnt
|faint|p2a: Ogerpon
|-damage|p1a: Rillaboom|56/100|[from] item: Life Orb
|
|win|Mca Player 11
|raw|Mca Player 11's rating: 1557 &rarr; <strong>1579</strong><br />(+22 for winning)
|raw|LowEL0God's rating: 1589 &rarr; <strong>1567</strong><br />(-22 for losing)
|c|☆LowEL0God|gg
|l|☆LowEL0God
|player|p2|
|l|☆Mca Player 11
|player|p1|
