|j|☆FireSide_01
|j|☆LowEL0God
|t:|1781511314
|gametype|singles
|player|p1|FireSide_01|janine|1603
|player|p2|LowEL0God|265|1696
|gen|9
|tier|[Gen 9] OU
|rated|
|rule|HP Percentage Mod: HP is shown in percentages
|rule|Endless Battle Clause: Forcing endless battles is banned
|rule|Species Clause: Limit one of each Pokémon
|rule|OHKO Clause: OHKO moves are banned
|rule|Evasion Items Clause: Evasion items are banned
|rule|Evasion Moves Clause: Evasion moves are banned
|rule|Evasion Abilities Clause: Evasion abilities are banned
|rule|Sleep Moves Clause: Sleep-inducing moves are banned
|clearpoke
|poke|p1|Ninetales, F|
|poke|p1|Walking Wake|
|poke|p1|Typhlosion-Hisui, F|
|poke|p1|Great Tusk|
|poke|p1|Rillaboom, F|
|poke|p1|Raging Bolt|
|poke|p2|Pelipper, M|
|poke|p2|Raging Bolt|
|poke|p2|Overqwil, M|
|poke|p2|Barraskewda, F|
|poke|p2|Iron Treads|
|poke|p2|Kingambit, F|
|teampreview
|c|☆LowEL0God|hf
|inactive|Battle timer is ON: inactive players will automatically lose when time's up. (requested by LowEL0God)
|c|☆FireSide_01|you too
|
|t:|1781511330
|teamsize|p1|6
|teamsize|p2|6
|start
|switch|p1a: Rillaboom|Rillaboom, F|100/100
|switch|p2a: Kingambit|Kingambit, F|100/100
|-fieldstart|move: Grassy Terrain|[from] ability: Grassy Surge|[of] p1a: Rillaboom
|turn|1
|
|t:|1781511333
|move|p1a: Rillaboom|U-turn|p2a: Kingambit
|-damage|p2a: Kingambit|73/100
|
|t:|1781511336
|switch|p1a: Great Tusk|Great Tusk|100/100|[from] U-turn
|move|p2a: Kingambit|Swords Dance|p2a: Kingambit
|-boost|p2a: Kingambit|atk|2
|
|-heal|p2a: Kingambit|80/100|[from] Grassy Terrain
|-heal|p2a: Kingambit|86/100|[from] item: Leftovers
|upkeep
|turn|2
|
|t:|1781511341
|-terastallize|p2a: Kingambit|Dark
|move|p1a: Great Tusk|Stealth Rock|p2a: Kingambit
|-sidestart|p2: LowEL0God|move: Stealth Rock
|move|p2a: Kingambit|Iron Head|p1a: Great Tusk
|-damage|p1a: Great Tusk|43/100
|
|-heal|p1a: Great Tusk|49/100|[from] Grassy Terrain
|-heal|p2a: Kingambit|92/100|[from] Grassy Terrain
|-heal|p2a: Kingambit|98/100|[from] item: Leftovers
|upkeep
|turn|3
|
|t:|1781511354
|-end|p1a: Great Tusk|Protosynthesis|[silent]
|switch|p1a: Ninetales|Ninetales, F|100/100
|-weather|SunnyDay|[from] ability: Drought|[of] p1a: Ninetales
|move|p2a: Kingambit|Kowtow Cleave|p1a: Ninetales
|-damage|p1a: Ninetales|0 fnt
|faint|p1a: Ninetales
|
|-weather|SunnyDay|[upkeep]
|-heal|p2a: Kingambit|100/100|[from] Grassy Terrain
|upkeep
|inactive|FireSide_01 has 120 seconds left.
|
|t:|1781511384
|switch|p1a: Raging Bolt|Raging Bolt|100/100
|-activate|p1a: Raging Bolt|ability: Protosynthesis
|-start|p1a: Raging Bolt|protosynthesisspa
|turn|4
|
|t:|1781511386
|move|p1a: Raging Bolt|Thunderclap|p2a: Kingambit
|-damage|p2a: Kingambit|50/100
|move|p2a: Kingambit|Kowtow Cleave|p1a: Raging Bolt
|-damage|p1a: Raging Bolt|0 fnt
|faint|p1a: Raging Bolt
|-end|p1a: Raging Bolt|Protosynthesis|[silent]
|
|-weather|SunnyDay|[upkeep]
|-heal|p2a: Kingambit|56/100|[from] Grassy Terrain
|-heal|p2a: Kingambit|63/100|[from] item: Leftovers
|upkeep
|
|t:|1781511392
|switch|p1a: Rillaboom|Rillaboom, F|100/100
|turn|5
|
|t:|1781511394
|-terastallize|p1a: Rillaboom|Grass
|move|p1a: Rillaboom|Grassy Glide|p2a: Kingambit
|-damage|p2a: Kingambit|2/100
|move|p2a: Kingambit|Kowtow Cleave|p1a: Rillaboom
|-damage|p1a: Rillaboom|0 fnt
|faint|p1a: Rillaboom
|
|-weather|SunnyDay|[upkeep]
|-heal|p2a: Kingambit|8/100|[from] Grassy Terrain
|-heal|p2a: Kingambit|15/100|[from] item: Leftovers
|-fieldend|move: Grassy Terrain
|upkeep
|
|t:|1781511405
|switch|p1a: Great Tusk|Great Tusk|49/100
|-activate|p1a: Great Tusk|ability: Protosynthesis
|-start|p1a: Great Tusk|protosynthesisspe
|turn|6
|
|t:|1781511408
|-end|p2a: Kingambit|fallenundefined|[silent]
|switch|p2a: Pelipper|Pelipper, M|100/100
|-damage|p2a: Pelipper|76/100|[from] Stealth Rock
|-weather|RainDance|[from] ability: Drizzle|[of] p2a: Pelipper
|-end|p1a: Great Tusk|Protosynthesis
|move|p1a: Great Tusk|Ice Spinner|p2a: Pelipper
|-damage|p2a: Pelipper|57/100
|
|-weather|RainDance|[upkeep]
|upkeep
|turn|7
|
|t:|1781511410
|-end|p1a: Great Tusk|Protosynthesis|[silent]
|switch|p1a: Walking Wake|Walking Wake|100/100
|move|p2a: Pelipper|Hurricane|p1a: Walking Wake
|-damage|p1a: Walking Wake|59/100
|
|-weather|RainDance|[upkeep]
|upkeep
|turn|8
|
|t:|1781511412
|switch|p2a: Kingambit|Kingambit, F, tera:Dark|15/100
|-damage|p2a: Kingambit|2/100|[from] Stealth Rock
|move|p1a: Walking Wake|Hydro Steam|p2a: Kingambit
|-damage|p2a: Kingambit|0 fnt
|faint|p2a: Kingambit
|-end|p2a: Kingambit|fallenundefined|[silent]
|
|-weather|RainDance|[upkeep]
|upkeep
|
|t:|1781511413
|switch|p2a: Overqwil|Overqwil, M|100/100
|-damage|p2a: Overqwil|88/100|[from] Stealth Rock
|turn|9
|
|t:|1781511415
|move|p2a: Overqwil|Gunk Shot|p1a: Walking Wake
|-crit|p1a: Walking Wake
|-damage|p1a: Walking Wake|0 fnt
|faint|p1a: Walking Wake
|-end|p1a: Walking Wake|Protosynthesis|[silent]
|-damage|p2a: Overqwil|78/100|[from] item: Life Orb
|
|-weather|RainDance|[upkeep]
|upkeep
|
|t:|1781511419
|switch|p1a: Great Tusk|Great Tusk|49/100
|turn|10
|
|t:|1781511421
|move|p2a: Overqwil|Liquidation|p1a: Great Tusk
|-supereffective|p1a: Great Tusk
|-damage|p1a: Great Tusk|0 fnt
|faint|p1a: Great Tusk
|-end|p1a: Great Tusk|Protosynthesis|[silent]
|-damage|p2a: Overqwil|69/100|[from] item: Life Orb
|
|-weather|RainDance|[upkeep]
|upkeep
|
|t:|1781511422
|switch|p1a: Typhlosion|Typhlosion-Hisui, F|100/100
|turn|11
|
|t:|1781511424
|move|p2a: Overqwil|Liquidation|p1a: Typhlosion
|-supereffective|p1a: Typhlosion
|-damage|p1a: Typhlosion|0 fnt
|faint|p1a: Typhlosion
|-damage|p2a: Overqwil|59/100|[from] item: Life Orb
|
|win|LowEL0God
|raw|FireSide_01's rating: 1603 &rarr; <strong>1588</strong><br />(-15 for losing)
|raw|LowEL0God's rating: 1696 &rarr; <strong>1711</strong><br />(+15 for winning)
|c|☆FireSide_01|gg
|l|☆FireSide_01
|player|p1|
|c|☆LowEL0God|gg
|l|☆LowEL0God
|player|p2|
