|j|☆electricdingdong
|j|☆magikarp soup
|t:|1781097013
|gametype|singles
|player|p1|electricdingdong|pokekid|1637
|player|p2|magikarp soup|medium|1692
|gen|9
|tier|[Gen 9] OU
|rated|
|rule|HP Percentage Mod: HP is shown in percentages
|rule|Endless Battle Clause: Forcing endless battles is banned
|rule|Species Clause: Limit one of each Pokémon
|rule|OHKO Clause: OHKO moves are banned
|rule|Evasion Items Clause: Evasion items are banned
|rule|Evasion Moves Clause: Evasion moves are banned
|rule|Evasion Abilities Clause: Evasion abilities are banned
|rule|Sleep Moves Clause: Sleep-inducing moves are banned
|clearpoke
|poke|p1|Raikou|
|poke|p1|Iron Valiant|
|poke|p1|Pincurchin, M|
|poke|p1|Iron Moth|
|poke|p1|Cresselia, F|
|poke|p1|Hawlucha, M|
|poke|p2|Cramorant, F|
|poke|p2|Ceruledge, M|
|poke|p2|Kingambit, M|
|poke|p2|Maushold|
|poke|p2|Dragonite, M|
|poke|p2|Enamorus, F|
|teampreview
|
|t:|1781097020
|teamsize|p1|6
|teamsize|p2|6
|start
|switch|p1a: Pincurchin|Pincurchin, M|100/100
|switch|p2a: Cramorant|Cramorant, F|100/100
|-fieldstart|move: Electric Terrain|[from] ability: Electric Surge|[of] p1a: Pincurchin
|turn|1
|
|t:|1781097024
|move|p2a: Cramorant|Surf|p1a: Pincurchin
|-formechange|p2a: Cramorant|Cramorant-Gulping|
|-damage|p1a: Pincurchin|52/100
|move|p1a: Pincurchin|Supercell Slam|p2a: Cramorant
|-supereffective|p2a: Cramorant
|-enditem|p2a: Cramorant|Focus Sash
|-damage|p2a: Cramorant|1/100
|-damage|p1a: Pincurchin|27/100|[from] ability: Gulp Missile|[of] p2a: Cramorant
|-unboost|p1a: Pincurchin|def|1
|-formechange|p2a: Cramorant|Cramorant|
|
|upkeep
|turn|2
|
|t:|1781097032
|move|p1a: Pincurchin|Sucker Punch|p2a: Cramorant
|-damage|p2a: Cramorant|0 fnt
|faint|p2a: Cramorant
|
|upkeep
|
|t:|1781097036
|switch|p2a: Maushold|Maushold|100/100
|turn|3
|
|t:|1781097039
|switch|p1a: Hawlucha|Hawlucha, M|100/100
|-enditem|p1a: Hawlucha|Electric Seed
|-boost|p1a: Hawlucha|def|1|[from] item: Electric Seed
|move|p2a: Maushold|Tidy Up|p2a: Maushold
|-boost|p2a: Maushold|atk|1
|-boost|p2a: Maushold|spe|1
|
|upkeep
|turn|4
|
|t:|1781097042
|switch|p2a: Ceruledge|Ceruledge, M|100/100
|move|p1a: Hawlucha|Encore||[still]
|-fail|p1a: Hawlucha
|
|upkeep
|turn|5
|j| choispecs ironmoth
|
|t:|1781097047
|move|p1a: Hawlucha|Acrobatics|p2a: Ceruledge
|-damage|p2a: Ceruledge|35/100
|-ability|p2a: Ceruledge|Weak Armor|boost
|-unboost|p2a: Ceruledge|def|1
|-boost|p2a: Ceruledge|spe|2
|move|p2a: Ceruledge|Poltergeist||[still]
|-fail|p2a: Ceruledge
|
|upkeep
|turn|6
|c|☆magikarp soup|i suck
|
|t:|1781097059
|move|p1a: Hawlucha|Acrobatics|p2a: Ceruledge
|-damage|p2a: Ceruledge|0 fnt
|faint|p2a: Ceruledge
|
|upkeep
|
|t:|1781097062
|switch|p2a: Dragonite|Dragonite, M|100/100
|turn|7
|
|t:|1781097065
|move|p1a: Hawlucha|Acrobatics|p2a: Dragonite
|-damage|p2a: Dragonite|75/100
|move|p2a: Dragonite|Encore|p1a: Hawlucha
|-start|p1a: Hawlucha|Encore
|
|upkeep
|turn|8
|
|t:|1781097076
|switch|p2a: Kingambit|Kingambit, M|100/100
|-activate|p2a: Kingambit|ability: Supreme Overlord
|-start|p2a: Kingambit|fallen2|[silent]
|move|p1a: Hawlucha|Acrobatics|p2a: Kingambit
|-resisted|p2a: Kingambit
|-damage|p2a: Kingambit|80/100
|
|-fieldend|move: Electric Terrain
|upkeep
|turn|9
|inactive|Battle timer is ON: inactive players will automatically lose when time's up. (requested by electricdingdong)
|
|t:|1781097084
|switch|p1a: Pincurchin|Pincurchin, M|27/100
|-fieldstart|move: Electric Terrain|[from] ability: Electric Surge|[of] p1a: Pincurchin
|move|p2a: Kingambit|Swords Dance|p2a: Kingambit
|-boost|p2a: Kingambit|atk|2
|
|upkeep
|turn|10
|
|t:|1781097087
|move|p2a: Kingambit|Sucker Punch||[still]
|-fail|p2a: Kingambit
|move|p1a: Pincurchin|Memento|p2a: Kingambit
|-unboost|p2a: Kingambit|atk|2
|-unboost|p2a: Kingambit|spa|2
|faint|p1a: Pincurchin
|
|upkeep
|
|t:|1781097091
|switch|p1a: Raikou|Raikou|100/100
|-ability|p1a: Raikou|Pressure
|turn|11
|
|t:|1781097095
|-end|p2a: Kingambit|fallen2|[silent]
|switch|p2a: Dragonite|Dragonite, M|75/100
|move|p1a: Raikou|Aura Sphere|p2a: Dragonite
|-resisted|p2a: Dragonite
|-damage|p2a: Dragonite|63/100
|
|upkeep
|turn|12
|
|t:|1781097099
|move|p1a: Raikou|Thunderbolt|p2a: Dragonite
|-damage|p2a: Dragonite|9/100
|move|p2a: Dragonite|Dragon Dance|p2a: Dragonite
|-boost|p2a: Dragonite|atk|1
|-boost|p2a: Dragonite|spe|1
|
|upkeep
|turn|13
|
|t:|1781097105
|switch|p1a: Hawlucha|Hawlucha, M|100/100
|move|p2a: Dragonite|Scale Shot|p1a: Hawlucha
|-damage|p1a: Hawlucha|73/100
|-damage|p1a: Hawlucha|40/100
|-damage|p1a: Hawlucha|10/100
|-damage|p1a: Hawlucha|0 fnt
|faint|p1a: Hawlucha
|-hitcount|p1: Hawlucha|4
|-unboost|p2a: Dragonite|def|1
|-boost|p2a: Dragonite|spe|1
|
|upkeep
|
|t:|1781097117
|switch|p1a: Cresselia|Cresselia, F|100/100
|turn|14
|
|t:|1781097120
|switch|p2a: Enamorus|Enamorus, F|100/100
|move|p1a: Cresselia|Moonblast|p2a: Enamorus
|-damage|p2a: Enamorus|64/100
|
|upkeep
|turn|15
|
|t:|1781097124
|move|p2a: Enamorus|Healing Wish|p2a: Enamorus
|faint|p2a: Enamorus
|move|p1a: Cresselia|Moonlight|p1a: Cresselia
|-fail|p1a: Cresselia|heal
|
|upkeep
|
|t:|1781097127
|switch|p2a: Dragonite|Dragonite, M|9/100
|-heal|p2a: Dragonite|100/100|[from] move: Healing Wish
|turn|16
|
|t:|1781097130
|move|p2a: Dragonite|Encore|p1a: Cresselia
|-start|p1a: Cresselia|Encore
|-enditem|p1a: Cresselia|Mental Herb
|-end|p1a: Cresselia|Encore
|move|p1a: Cresselia|Moonblast|p2a: Dragonite
|-supereffective|p2a: Dragonite
|-damage|p2a: Dragonite|76/100
|
|-fieldend|move: Electric Terrain
|upkeep
|turn|17
|
|t:|1781097135
|move|p2a: Dragonite|Dragon Dance|p2a: Dragonite
|-boost|p2a: Dragonite|atk|1
|-boost|p2a: Dragonite|spe|1
|move|p1a: Cresselia|Moonblast|p2a: Dragonite
|-supereffective|p2a: Dragonite
|-damage|p2a: Dragonite|19/100
|-unboost|p2a: Dragonite|spa|1
|
|upkeep
|turn|18
|
|t:|1781097138
|move|p2a: Dragonite|Scale Shot|p1a: Cresselia
|-damage|p1a: Cresselia|84/100
|-damage|p1a: Cresselia|69/100
|-damage|p1a: Cresselia|55/100
|-damage|p1a: Cresselia|40/100
|-hitcount|p1a: Cresselia|4
|-unboost|p2a: Dragonite|def|1
|-boost|p2a: Dragonite|spe|1
|move|p1a: Cresselia|Moonblast|p2a: Dragonite
|-supereffective|p2a: Dragonite
|-damage|p2a: Dragonite|0 fnt
|faint|p2a: Dragonite
|
|upkeep
|
|t:|1781097141
|switch|p2a: Maushold|Maushold|100/100
|turn|19
|
|t:|1781097147
|move|p2a: Maushold|Tidy Up|p2a: Maushold
|-boost|p2a: Maushold|atk|1
|-boost|p2a: Maushold|spe|1
|move|p1a: Cresselia|Moonblast|p2a: Maushold
|-damage|p2a: Maushold|66/100
|
|upkeep
|turn|20
|
|t:|1781097154
|move|p2a: Maushold|Population Bomb|p1a: Cresselia
|-damage|p1a: Cresselia|26/100
|-damage|p1a: Cresselia|12/100
|-damage|p1a: Cresselia|0 fnt
|faint|p1a: Cresselia
|-hitcount|p1: Cresselia|3
|
|upkeep
|
|t:|1781097158
|switch|p1a: Iron Valiant|Iron Valiant|100/100
|-enditem|p1a: Iron Valiant|Booster Energy
|-activate|p1a: Iron Valiant|ability: Quark Drive|[fromitem]
|-start|p1a: Iron Valiant|quarkdrivespe
|turn|21
|
|t:|1781097166
|move|p1a: Iron Valiant|Moonblast|p2a: Maushold
|-damage|p2a: Maushold|0 fnt
|faint|p2a: Maushold
|
|upkeep
|
|t:|1781097169
|switch|p2a: Kingambit|Kingambit, M|80/100
|-activate|p2a: Kingambit|ability: Supreme Overlord
|-start|p2a: Kingambit|fallen5|[silent]
|turn|22
|
|t:|1781097194
|-terastallize|p1a: Iron Valiant|Electric
|-terastallize|p2a: Kingambit|Psychic
|move|p1a: Iron Valiant|Thunderbolt|p2a: Kingambit
|-damage|p2a: Kingambit|31/100
|move|p2a: Kingambit|Zen Headbutt|p1a: Iron Valiant
|-damage|p1a: Iron Valiant|0 fnt
|faint|p1a: Iron Valiant
|-end|p1a: Iron Valiant|Quark Drive|[silent]
|
|upkeep
|inactive|electricdingdong has 120 seconds left.
|
|t:|1781097225
|switch|p1a: Raikou|Raikou|100/100
|-ability|p1a: Raikou|Pressure
|turn|23
|
|t:|1781097229
|move|p2a: Kingambit|Sucker Punch|p1a: Raikou
|-damage|p1a: Raikou|20/100
|move|p1a: Raikou|Thunderbolt|p2a: Kingambit
|-damage|p2a: Kingambit|0 fnt
|faint|p2a: Kingambit
|-end|p2a: Kingambit|fallen5|[silent]
|
|win|electricdingdong
|raw|electricdingdong's rating: 1637 &rarr; <strong>1660</strong><br />(+23 for winning)
|raw|magikarp soup's rating: 1692 &rarr; <strong>1669</strong><br />(-23 for losing)
|l|☆magikarp soup
|player|p2|
|l|☆electricdingdong
|player|p1|
