|j|☆sylvr7070
|j|☆ORAS_appreciater
|t:|1781288413
|gametype|singles
|player|p1|sylvr7070|fairytalegirl|1617
|player|p2|ORAS_appreciater|ethan|1532
|gen|9
|tier|[Gen 9] OU
|rated|
|rule|HP Percentage Mod: HP is shown in percentages
|rule|Endless Battle Clause: Forcing endless battles is banned
|rule|Species Clause: Limit one of each Pokémon
|rule|OHKO Clause: OHKO moves are banned
|rule|Evasion Items Clause: Evasion items are banned
|rule|Evasion Moves Clause: Evasion moves are banned
|rule|Evasion Abilities Clause: Evasion abilities are banned
|rule|Sleep Moves Clause: Sleep-inducing moves are banned
|clearpoke
|poke|p1|Torkoal, F|
|poke|p1|Weezing-Galar, M|
|poke|p1|Walking Wake|
|poke|p1|Raging Bolt|
|poke|p1|Kingambit, M|
|poke|p1|Great Tusk|
|poke|p2|Hydreigon, F|
|poke|p2|Landorus-Therian, M|
|poke|p2|Gholdengo|
|poke|p2|Zamazenta-*|
|poke|p2|Great Tusk|
|poke|p2|Primarina, F|
|teampreview
|inactive|Battle timer is ON: inactive players will automatically lose when time's up. (requested by sylvr7070)
|inactive|ORAS_appreciater also wants the timer to be on.
|
|t:|1781288428
|teamsize|p1|6
|teamsize|p2|6
|start
|switch|p1a: sunpig|Torkoal, F|100/100
|switch|p2a: Landorus|Landorus-Therian, M|100/100
|-ability|p2a: Landorus|Intimidate|boost
|-unboost|p1a: sunpig|atk|1
|-weather|SunnyDay|[from] ability: Drought|[of] p1a: sunpig
|turn|1
|
|t:|1781288434
|switch|p1a: spinpig 3|Weezing-Galar, M|100/100
|move|p2a: Landorus|U-turn|p1a: spinpig 3
|-resisted|p1a: spinpig 3
|-damage|p1a: spinpig 3|96/100
|-enditem|p1a: spinpig 3|Eject Button
|
|t:|1781288440
|switch|p1a: killpig|Raging Bolt|100/100
|-activate|p1a: killpig|ability: Protosynthesis
|-start|p1a: killpig|protosynthesisspa
|
|-weather|SunnyDay|[upkeep]
|upkeep
|turn|2
|
|t:|1781288444
|move|p2a: Landorus|U-turn|p1a: killpig
|-crit|p1a: killpig
|-damage|p1a: killpig|60/100
|
|t:|1781288449
|switch|p2a: Primarina|Primarina, F|100/100|[from] U-turn
|move|p1a: killpig|Weather Ball|p2a: Primarina
|-resisted|p2a: Primarina
|-damage|p2a: Primarina|68/100
|-damage|p1a: killpig|50/100|[from] item: Life Orb
|
|-weather|SunnyDay|[upkeep]
|upkeep
|turn|3
|
|t:|1781288464
|switch|p2a: Gholdengo|Gholdengo|100/100
|move|p1a: killpig|Solar Beam||[still]
|-prepare|p1a: killpig|Solar Beam
|-anim|p1a: killpig|Solar Beam|p2a: Gholdengo
|-resisted|p2a: Gholdengo
|-damage|p2a: Gholdengo|59/100
|-damage|p1a: killpig|40/100|[from] item: Life Orb
|
|-weather|SunnyDay|[upkeep]
|upkeep
|turn|4
|
|t:|1781288481
|-end|p1a: killpig|Protosynthesis|[silent]
|switch|p1a: spinpig 3|Weezing-Galar, M|96/100
|move|p2a: Gholdengo|Dazzling Gleam|p1a: spinpig 3
|-resisted|p1a: spinpig 3
|-damage|p1a: spinpig 3|80/100
|
|-weather|SunnyDay|[upkeep]
|upkeep
|turn|5
|
|t:|1781288490
|switch|p1a: goodpig|Kingambit, M|100/100
|move|p2a: Gholdengo|Shadow Ball|p1a: goodpig
|-resisted|p1a: goodpig
|-damage|p1a: goodpig|83/100
|
|-weather|SunnyDay|[upkeep]
|upkeep
|turn|6
|
|t:|1781288495
|switch|p2a: Great Tusk|Great Tusk|100/100
|-activate|p2a: Great Tusk|ability: Protosynthesis
|-start|p2a: Great Tusk|protosynthesisspe
|move|p1a: goodpig|Sucker Punch||[still]
|-fail|p1a: goodpig
|
|-weather|SunnyDay|[upkeep]
|upkeep
|turn|7
|
|t:|1781288507
|-end|p1a: goodpig|fallenundefined|[silent]
|switch|p1a: spinpig 3|Weezing-Galar, M|80/100
|move|p2a: Great Tusk|Stealth Rock|p1a: spinpig 3
|-sidestart|p1: sylvr7070|move: Stealth Rock
|
|-weather|SunnyDay|[upkeep]
|upkeep
|turn|8
|
|t:|1781288511
|-end|p2a: Great Tusk|Protosynthesis|[silent]
|switch|p2a: Gholdengo|Gholdengo|59/100
|move|p1a: spinpig 3|Strange Steam|p2a: Gholdengo
|-resisted|p2a: Gholdengo
|-damage|p2a: Gholdengo|46/100
|
|-weather|none
|upkeep
|turn|9
|
|t:|1781288516
|move|p2a: Gholdengo|Recover|p2a: Gholdengo
|-heal|p2a: Gholdengo|96/100
|move|p1a: spinpig 3|Overheat|p2a: Gholdengo|[miss]
|-miss|p1a: spinpig 3|p2a: Gholdengo
|
|upkeep
|turn|10
|
|t:|1781288537
|switch|p1a: goodpig|Kingambit, M|83/100
|-damage|p1a: goodpig|77/100|[from] Stealth Rock
|move|p2a: Gholdengo|Shadow Ball|p1a: goodpig
|-resisted|p1a: goodpig
|-damage|p1a: goodpig|59/100
|-unboost|p1a: goodpig|spd|1
|
|upkeep
|turn|11
|
|t:|1781288550
|move|p2a: Gholdengo|Nasty Plot|p2a: Gholdengo
|-boost|p2a: Gholdengo|spa|2
|move|p1a: goodpig|Iron Head|p2a: Gholdengo
|-resisted|p2a: Gholdengo
|-damage|p2a: Gholdengo|81/100
|
|upkeep
|turn|12
|
|t:|1781288559
|move|p1a: goodpig|Sucker Punch|p2a: Gholdengo
|-supereffective|p2a: Gholdengo
|-damage|p2a: Gholdengo|23/100
|move|p2a: Gholdengo|Dazzling Gleam|p1a: goodpig
|-damage|p1a: goodpig|0 fnt
|faint|p1a: goodpig
|-end|p1a: goodpig|fallenundefined|[silent]
|
|upkeep
|
|t:|1781288564
|switch|p1a: spinpig 3|Weezing-Galar, M|80/100
|-damage|p1a: spinpig 3|67/100|[from] Stealth Rock
|turn|13
|
|t:|1781288569
|move|p2a: Gholdengo|Shadow Ball|p1a: spinpig 3
|-damage|p1a: spinpig 3|0 fnt
|faint|p1a: spinpig 3
|
|upkeep
|
|t:|1781288575
|switch|p1a: sunpig|Torkoal, F|100/100
|-damage|p1a: sunpig|76/100|[from] Stealth Rock
|-weather|SunnyDay|[from] ability: Drought|[of] p1a: sunpig
|turn|14
|inactive|ORAS_appreciater has 120 seconds left.
|
|t:|1781288632
|move|p2a: Gholdengo|Shadow Ball|p1a: sunpig
|-damage|p1a: sunpig|13/100
|move|p1a: sunpig|Burning Jealousy|p2a: Gholdengo
|-supereffective|p2a: Gholdengo
|-damage|p2a: Gholdengo|0 fnt
|faint|p2a: Gholdengo
|
|-weather|SunnyDay|[upkeep]
|upkeep
|inactive|ORAS_appreciater has 90 seconds left.
|
|t:|1781288646
|switch|p2a: Landorus|Landorus-Therian, M|100/100
|-ability|p2a: Landorus|Intimidate|boost
|-unboost|p1a: sunpig|atk|1
|turn|15
|inactive|ORAS_appreciater has 90 seconds left.
|
|t:|1781288660
|move|p2a: Landorus|Earthquake|p1a: sunpig
|-supereffective|p1a: sunpig
|-damage|p1a: sunpig|0 fnt
|faint|p1a: sunpig
|
|-weather|SunnyDay|[upkeep]
|upkeep
|
|t:|1781288662
|switch|p1a: spinpig 2|Great Tusk|100/100
|-damage|p1a: spinpig 2|98/100|[from] Stealth Rock
|-activate|p1a: spinpig 2|ability: Protosynthesis
|-start|p1a: spinpig 2|protosynthesisatk
|turn|16
|
|t:|1781288677
|switch|p2a: Zamazenta|Zamazenta|100/100
|-ability|p2a: Zamazenta|Dauntless Shield|boost
|-boost|p2a: Zamazenta|def|1
|move|p1a: spinpig 2|Rapid Spin|p2a: Zamazenta
|-damage|p2a: Zamazenta|88/100
|-boost|p1a: spinpig 2|spe|1
|-sideend|p1: sylvr7070|Stealth Rock|[from] move: Rapid Spin|[of] p1a: spinpig 2
|
|-weather|SunnyDay|[upkeep]
|upkeep
|turn|17
|
|t:|1781288687
|-end|p1a: spinpig 2|Protosynthesis|[silent]
|switch|p1a: sweeppig|Walking Wake|100/100
|-activate|p1a: sweeppig|ability: Protosynthesis
|-start|p1a: sweeppig|protosynthesisspe
|move|p2a: Zamazenta|Iron Defense|p2a: Zamazenta
|-boost|p2a: Zamazenta|def|2
|
|-weather|SunnyDay|[upkeep]
|upkeep
|turn|18
|
|t:|1781288702
|switch|p2a: Primarina|Primarina, F|68/100
|-terastallize|p1a: sweeppig|Water
|move|p1a: sweeppig|Hydro Steam|p2a: Primarina
|-resisted|p2a: Primarina
|-damage|p2a: Primarina|27/100
|
|-weather|SunnyDay|[upkeep]
|upkeep
|turn|19
|
|t:|1781288712
|move|p1a: sweeppig|Hydro Steam|p2a: Primarina
|-resisted|p2a: Primarina
|-damage|p2a: Primarina|0 fnt
|faint|p2a: Primarina
|
|-weather|SunnyDay|[upkeep]
|upkeep
|
|t:|1781288720
|switch|p2a: Hydreigon|Hydreigon, F|100/100
|turn|20
|
|t:|1781288723
|move|p1a: sweeppig|Hydro Steam|p2a: Hydreigon
|-resisted|p2a: Hydreigon
|-damage|p2a: Hydreigon|26/100
|move|p2a: Hydreigon|Draco Meteor|p1a: sweeppig
|-damage|p1a: sweeppig|0 fnt
|-unboost|p2a: Hydreigon|spa|2
|faint|p1a: sweeppig
|-end|p1a: sweeppig|Protosynthesis|[silent]
|
|-weather|SunnyDay|[upkeep]
|upkeep
|
|t:|1781288729
|switch|p1a: spinpig 2|Great Tusk|98/100
|-activate|p1a: spinpig 2|ability: Protosynthesis
|-start|p1a: spinpig 2|protosynthesisatk
|turn|21
|inactive|ORAS_appreciater has 120 seconds left.
|
|t:|1781288739
|switch|p2a: Great Tusk|Great Tusk|100/100
|-activate|p2a: Great Tusk|ability: Protosynthesis
|-start|p2a: Great Tusk|protosynthesisspe
|move|p1a: spinpig 2|Rapid Spin|p2a: Great Tusk
|-damage|p2a: Great Tusk|84/100
|-boost|p1a: spinpig 2|spe|1
|
|-weather|none
|-end|p2a: Great Tusk|Protosynthesis
|-end|p1a: spinpig 2|Protosynthesis
|upkeep
|turn|22
|
|t:|1781288748
|move|p1a: spinpig 2|Ice Spinner|p2a: Great Tusk
|-supereffective|p2a: Great Tusk
|-damage|p2a: Great Tusk|43/100
|move|p2a: Great Tusk|Headlong Rush|p1a: spinpig 2
|-damage|p1a: spinpig 2|62/100
|-unboost|p2a: Great Tusk|def|1
|-unboost|p2a: Great Tusk|spd|1
|
|upkeep
|turn|23
|
|t:|1781288756
|move|p1a: spinpig 2|Ice Spinner|p2a: Great Tusk
|-supereffective|p2a: Great Tusk
|-damage|p2a: Great Tusk|0 fnt
|faint|p2a: Great Tusk
|-end|p2a: Great Tusk|Protosynthesis|[silent]
|
|upkeep
|
|t:|1781288759
|switch|p2a: Zamazenta|Zamazenta|88/100
|turn|24
|
|t:|1781288763
|move|p2a: Zamazenta|Iron Defense|p2a: Zamazenta
|-boost|p2a: Zamazenta|def|2
|move|p1a: spinpig 2|Close Combat|p2a: Zamazenta
|-damage|p2a: Zamazenta|64/100
|-unboost|p1a: spinpig 2|def|1
|-unboost|p1a: spinpig 2|spd|1
|
|upkeep
|turn|25
|
|t:|1781288769
|-end|p1a: spinpig 2|Protosynthesis|[silent]
|switch|p1a: killpig|Raging Bolt|40/100
|move|p2a: Zamazenta|Body Press|p1a: killpig
|-damage|p1a: killpig|0 fnt
|faint|p1a: killpig
|-end|p1a: killpig|Protosynthesis|[silent]
|
|upkeep
|
|t:|1781288771
|switch|p1a: spinpig 2|Great Tusk|62/100
|turn|26
|
|t:|1781288778
|move|p2a: Zamazenta|Body Press|p1a: spinpig 2
|-damage|p1a: spinpig 2|18/100
|move|p1a: spinpig 2|Close Combat|p2a: Zamazenta
|-damage|p2a: Zamazenta|39/100
|-unboost|p1a: spinpig 2|def|1
|-unboost|p1a: spinpig 2|spd|1
|
|upkeep
|turn|27
|
|t:|1781288783
|move|p2a: Zamazenta|Body Press|p1a: spinpig 2
|-damage|p1a: spinpig 2|0 fnt
|faint|p1a: spinpig 2
|-end|p1a: spinpig 2|Protosynthesis|[silent]
|
|win|ORAS_appreciater
|raw|sylvr7070's rating: 1617 &rarr; <strong>1592</strong><br />(-25 for losing)
|raw|ORAS_appreciater's rating: 1532 &rarr; <strong>1557</strong><br />(+25 for winning)
|l|☆sylvr7070
|player|p1|
|c|☆ORAS_appreciater|gg
|j| iron quark
|l| iron quark
|l|☆ORAS_appreciater
|player|p2|
|j|☆ORAS_appreciater
|player|p2|ORAS_appreciater|ethan|
