|j|☆stevstacks
|j|☆KurisuChestnutOU
|t:|1781140057
|gametype|singles
|player|p1|stevstacks|102|1569
|player|p2|KurisuChestnutOU|may-contest|1509
|gen|9
|tier|[Gen 9] OU
|rated|
|rule|HP Percentage Mod: HP is shown in percentages
|rule|Endless Battle Clause: Forcing endless battles is banned
|rule|Species Clause: Limit one of each Pokémon
|rule|OHKO Clause: OHKO moves are banned
|rule|Evasion Items Clause: Evasion items are banned
|rule|Evasion Moves Clause: Evasion moves are banned
|rule|Evasion Abilities Clause: Evasion abilities are banned
|rule|Sleep Moves Clause: Sleep-inducing moves are banned
|clearpoke
|poke|p1|Torkoal, M|
|poke|p1|Corviknight, M|
|poke|p1|Walking Wake|
|poke|p1|Dragonite, M|
|poke|p1|Great Tusk|
|poke|p1|Raging Bolt|
|poke|p2|Ting-Lu|
|poke|p2|Corviknight, M|
|poke|p2|Clodsire, M|
|poke|p2|Moltres|
|poke|p2|Dragapult, M|
|poke|p2|Garganacl, F|
|teampreview
|inactive|Battle timer is ON: inactive players will automatically lose when time's up. (requested by stevstacks)
|inactive|KurisuChestnutOU also wants the timer to be on.
|inactive|stevstacks has 120 seconds left.
|
|t:|1781140094
|teamsize|p1|6
|teamsize|p2|6
|start
|switch|p1a: Great Tusk|Great Tusk, shiny|100/100
|switch|p2a: Ting-Lu|Ting-Lu|100/100
|-ability|p2a: Ting-Lu|Vessel of Ruin
|turn|1
|
|t:|1781140098
|move|p1a: Great Tusk|Close Combat|p2a: Ting-Lu
|-supereffective|p2a: Ting-Lu
|-crit|p2a: Ting-Lu
|-damage|p2a: Ting-Lu|0 fnt
|-unboost|p1a: Great Tusk|def|1
|-unboost|p1a: Great Tusk|spd|1
|faint|p2a: Ting-Lu
|-damage|p1a: Great Tusk|91/100|[from] item: Life Orb
|
|upkeep
|
|t:|1781140102
|switch|p2a: Dragapult|Dragapult, M|100/100
|turn|2
|
|t:|1781140110
|-end|p1a: Great Tusk|Protosynthesis|[silent]
|switch|p1a: Corviknight|Corviknight, M, shiny|100/100
|-ability|p1a: Corviknight|Pressure
|move|p2a: Dragapult|Draco Meteor|p1a: Corviknight
|-resisted|p1a: Corviknight
|-damage|p1a: Corviknight|82/100
|-unboost|p2a: Dragapult|spa|2
|
|-heal|p1a: Corviknight|88/100|[from] item: Leftovers
|upkeep
|turn|3
|
|t:|1781140117
|switch|p2a: Garganacl|Garganacl, F|100/100
|move|p1a: Corviknight|U-turn|p2a: Garganacl
|-damage|p2a: Garganacl|91/100
|
|t:|1781140121
|switch|p1a: Great Tusk|Great Tusk, shiny|91/100|[from] U-turn
|
|-heal|p2a: Garganacl|97/100|[from] item: Leftovers
|upkeep
|turn|4
|
|t:|1781140125
|move|p2a: Garganacl|Protect|p2a: Garganacl
|-singleturn|p2a: Garganacl|Protect
|move|p1a: Great Tusk|Knock Off|p2a: Garganacl
|-activate|p2a: Garganacl|move: Protect
|
|-heal|p2a: Garganacl|100/100|[from] item: Leftovers
|upkeep
|turn|5
|
|t:|1781140129
|switch|p2a: Moltres|Moltres|100/100
|move|p1a: Great Tusk|Headlong Rush|p2a: Moltres
|-immune|p2a: Moltres
|
|upkeep
|turn|6
|
|t:|1781140135
|move|p1a: Great Tusk|Knock Off|p2a: Moltres
|-damage|p2a: Moltres|69/100
|-enditem|p2a: Moltres|Heavy-Duty Boots|[from] move: Knock Off|[of] p1a: Great Tusk
|-damage|p1a: Great Tusk|81/100|[from] item: Life Orb
|move|p2a: Moltres|U-turn|p1a: Great Tusk
|-resisted|p1a: Great Tusk
|-damage|p1a: Great Tusk|76/100
|
|t:|1781140143
|switch|p2a: Dragapult|Dragapult, M|100/100|[from] U-turn
|
|upkeep
|turn|7
|
|t:|1781140154
|-end|p1a: Great Tusk|Protosynthesis|[silent]
|switch|p1a: Corviknight|Corviknight, M, shiny|88/100
|-ability|p1a: Corviknight|Pressure
|move|p2a: Dragapult|Draco Meteor|p1a: Corviknight
|-resisted|p1a: Corviknight
|-damage|p1a: Corviknight|70/100
|-unboost|p2a: Dragapult|spa|2
|
|-heal|p1a: Corviknight|76/100|[from] item: Leftovers
|upkeep
|turn|8
|
|t:|1781140162
|move|p2a: Dragapult|U-turn|p1a: Corviknight
|-resisted|p1a: Corviknight
|-damage|p1a: Corviknight|73/100
|
|t:|1781140169
|switch|p2a: Garganacl|Garganacl, F|100/100|[from] U-turn
|move|p1a: Corviknight|U-turn|p2a: Garganacl
|-damage|p2a: Garganacl|90/100
|
|t:|1781140176
|switch|p1a: Great Tusk|Great Tusk, shiny|76/100|[from] U-turn
|
|-heal|p2a: Garganacl|96/100|[from] item: Leftovers
|upkeep
|turn|9
|
|t:|1781140182
|-end|p1a: Great Tusk|Protosynthesis|[silent]
|switch|p1a: Torkoal|Torkoal, M, shiny|100/100
|-weather|SunnyDay|[from] ability: Drought|[of] p1a: Torkoal
|move|p2a: Garganacl|Protect||[still]
|-fail|p2a: Garganacl
|
|-weather|SunnyDay|[upkeep]
|-heal|p2a: Garganacl|100/100|[from] item: Leftovers
|upkeep
|turn|10
|
|t:|1781140188
|move|p2a: Garganacl|Salt Cure|p1a: Torkoal
|-supereffective|p1a: Torkoal
|-damage|p1a: Torkoal|80/100
|-start|p1a: Torkoal|Salt Cure
|move|p1a: Torkoal|Stealth Rock|p2a: Garganacl
|-sidestart|p2: KurisuChestnutOU|move: Stealth Rock
|
|-weather|SunnyDay|[upkeep]
|-damage|p1a: Torkoal|67/100|[from] Salt Cure
|upkeep
|turn|11
|
|t:|1781140197
|switch|p1a: Great Tusk|Great Tusk, shiny|76/100
|-activate|p1a: Great Tusk|ability: Protosynthesis
|-start|p1a: Great Tusk|protosynthesisatk
|move|p2a: Garganacl|Salt Cure|p1a: Great Tusk
|-resisted|p1a: Great Tusk
|-damage|p1a: Great Tusk|74/100
|-start|p1a: Great Tusk|Salt Cure
|
|-weather|SunnyDay|[upkeep]
|-damage|p1a: Great Tusk|61/100|[from] Salt Cure
|upkeep
|turn|12
|
|t:|1781140201
|move|p2a: Garganacl|Protect|p2a: Garganacl
|-singleturn|p2a: Garganacl|Protect
|move|p1a: Great Tusk|Close Combat|p2a: Garganacl
|-activate|p2a: Garganacl|move: Protect
|
|-weather|SunnyDay|[upkeep]
|-damage|p1a: Great Tusk|49/100|[from] Salt Cure
|upkeep
|turn|13
|
|t:|1781140206
|-terastallize|p2a: Garganacl|Water
|move|p1a: Great Tusk|Close Combat|p2a: Garganacl
|-damage|p2a: Garganacl|34/100
|-unboost|p1a: Great Tusk|def|1
|-unboost|p1a: Great Tusk|spd|1
|-damage|p1a: Great Tusk|39/100|[from] item: Life Orb
|move|p2a: Garganacl|Recover|p2a: Garganacl
|-heal|p2a: Garganacl|84/100
|
|-weather|SunnyDay|[upkeep]
|-heal|p2a: Garganacl|90/100|[from] item: Leftovers
|-damage|p1a: Great Tusk|27/100|[from] Salt Cure
|upkeep
|turn|14
|
|t:|1781140213
|move|p2a: Garganacl|Protect|p2a: Garganacl
|-singleturn|p2a: Garganacl|Protect
|move|p1a: Great Tusk|Knock Off|p2a: Garganacl
|-activate|p2a: Garganacl|move: Protect
|
|-weather|SunnyDay|[upkeep]
|-heal|p2a: Garganacl|96/100|[from] item: Leftovers
|-damage|p1a: Great Tusk|14/100|[from] Salt Cure
|upkeep
|turn|15
|
|t:|1781140218
|move|p1a: Great Tusk|Knock Off|p2a: Garganacl
|-damage|p2a: Garganacl|58/100
|-enditem|p2a: Garganacl|Leftovers|[from] move: Knock Off|[of] p1a: Great Tusk
|-damage|p1a: Great Tusk|4/100|[from] item: Life Orb
|move|p2a: Garganacl|Recover|p2a: Garganacl
|-heal|p2a: Garganacl|100/100
|
|-weather|SunnyDay|[upkeep]
|-damage|p1a: Great Tusk|0 fnt|[from] Salt Cure
|faint|p1a: Great Tusk
|-end|p1a: Great Tusk|Protosynthesis|[silent]
|upkeep
|
|t:|1781140220
|switch|p1a: Dragonite|Dragonite, M, shiny|100/100
|turn|16
|
|t:|1781140229
|move|p1a: Dragonite|Encore|p2a: Garganacl
|-start|p2a: Garganacl|Encore
|move|p2a: Garganacl|Recover||[still]
|-fail|p2a: Garganacl|heal
|
|-weather|none
|upkeep
|turn|17
|
|t:|1781140233
|switch|p2a: Corviknight|Corviknight, M|100/100
|-damage|p2a: Corviknight|88/100|[from] Stealth Rock
|-ability|p2a: Corviknight|Pressure
|move|p1a: Dragonite|Dragon Dance|p1a: Dragonite
|-boost|p1a: Dragonite|atk|1
|-boost|p1a: Dragonite|spe|1
|
|-heal|p2a: Corviknight|94/100|[from] item: Leftovers
|upkeep
|turn|18
|
|t:|1781140237
|switch|p2a: Clodsire|Clodsire, M|100/100
|-damage|p2a: Clodsire|94/100|[from] Stealth Rock
|move|p1a: Dragonite|Dragon Dance|p1a: Dragonite
|-boost|p1a: Dragonite|atk|1
|-boost|p1a: Dragonite|spe|1
|
|-heal|p2a: Clodsire|100/100|[from] item: Leftovers
|upkeep
|turn|19
|
|t:|1781140241
|switch|p1a: Corviknight|Corviknight, M, shiny|73/100
|-ability|p1a: Corviknight|Pressure
|move|p2a: Clodsire|Haze|p2a: Clodsire
|-clearallboost
|
|-heal|p1a: Corviknight|79/100|[from] item: Leftovers
|upkeep
|turn|20
|
|t:|1781140251
|move|p1a: Corviknight|Brave Bird|p2a: Clodsire
|-damage|p2a: Clodsire|58/100
|-damage|p1a: Corviknight|63/100|[from] Recoil
|move|p2a: Clodsire|Recover|p2a: Clodsire
|-heal|p2a: Clodsire|100/100
|
|-heal|p1a: Corviknight|69/100|[from] item: Leftovers
|upkeep
|turn|21
|
|t:|1781140265
|switch|p2a: Corviknight|Corviknight, M|94/100
|-damage|p2a: Corviknight|82/100|[from] Stealth Rock
|-ability|p2a: Corviknight|Pressure
|move|p1a: Corviknight|Brave Bird|p2a: Corviknight
|-resisted|p2a: Corviknight
|-damage|p2a: Corviknight|69/100
|-damage|p1a: Corviknight|65/100|[from] Recoil
|
|-heal|p2a: Corviknight|75/100|[from] item: Leftovers
|-heal|p1a: Corviknight|71/100|[from] item: Leftovers
|upkeep
|turn|22
|
|t:|1781140270
|move|p2a: Corviknight|Defog|p1a: Corviknight
|-unboost|p1a: Corviknight|evasion|1
|-sideend|p2: KurisuChestnutOU|Stealth Rock|[from] move: Defog|[of] p2a: Corviknight
|move|p1a: Corviknight|U-turn|p2a: Corviknight
|-resisted|p2a: Corviknight
|-damage|p2a: Corviknight|73/100
|
|t:|1781140286
|switch|p1a: Dragonite|Dragonite, M, shiny|100/100|[from] U-turn
|
|-heal|p2a: Corviknight|79/100|[from] item: Leftovers
|upkeep
|turn|23
|
|t:|1781140291
|move|p1a: Dragonite|Dragon Dance|p1a: Dragonite
|-boost|p1a: Dragonite|atk|1
|-boost|p1a: Dragonite|spe|1
|move|p2a: Corviknight|Brave Bird|p1a: Dragonite
|-damage|p1a: Dragonite|80/100
|-damage|p2a: Corviknight|74/100|[from] Recoil
|
|-heal|p2a: Corviknight|80/100|[from] item: Leftovers
|upkeep
|turn|24
|
|t:|1781140302
|switch|p2a: Garganacl|Garganacl, F, tera:Water|100/100
|move|p1a: Dragonite|Dragon Dance|p1a: Dragonite
|-boost|p1a: Dragonite|atk|1
|-boost|p1a: Dragonite|spe|1
|
|upkeep
|turn|25
|
|t:|1781140307
|move|p1a: Dragonite|Scale Shot|p2a: Garganacl
|-damage|p2a: Garganacl|82/100
|-damage|p2a: Garganacl|64/100
|-damage|p2a: Garganacl|43/100
|-damage|p2a: Garganacl|23/100
|-hitcount|p2a: Garganacl|4
|-unboost|p1a: Dragonite|def|1
|-boost|p1a: Dragonite|spe|1
|move|p2a: Garganacl|Salt Cure|p1a: Dragonite
|-supereffective|p1a: Dragonite
|-damage|p1a: Dragonite|35/100
|-start|p1a: Dragonite|Salt Cure
|
|-damage|p1a: Dragonite|23/100|[from] Salt Cure
|upkeep
|turn|26
|
|t:|1781140314
|move|p2a: Garganacl|Protect|p2a: Garganacl
|-singleturn|p2a: Garganacl|Protect
|move|p1a: Dragonite|Scale Shot|p2a: Garganacl
|-activate|p2a: Garganacl|move: Protect
|
|-damage|p1a: Dragonite|11/100|[from] Salt Cure
|upkeep
|turn|27
|
|t:|1781140317
|move|p1a: Dragonite|Fire Punch|p2a: Garganacl
|-resisted|p2a: Garganacl
|-damage|p2a: Garganacl|3/100
|move|p2a: Garganacl|Recover|p2a: Garganacl
|-heal|p2a: Garganacl|53/100
|
|-damage|p1a: Dragonite|0 fnt|[from] Salt Cure
|faint|p1a: Dragonite
|upkeep
|
|t:|1781140319
|switch|p1a: Raging Bolt|Raging Bolt|100/100
|turn|28
|
|t:|1781140323
|switch|p2a: Clodsire|Clodsire, M|100/100
|move|p1a: Raging Bolt|Draco Meteor|p2a: Clodsire
|-damage|p2a: Clodsire|66/100
|-unboost|p1a: Raging Bolt|spa|2
|
|-heal|p2a: Clodsire|72/100|[from] item: Leftovers
|upkeep
|turn|29
|
|t:|1781140326
|-terastallize|p1a: Raging Bolt|Dragon
|move|p1a: Raging Bolt|Draco Meteor|p2a: Clodsire
|-crit|p2a: Clodsire
|-damage|p2a: Clodsire|0 fnt
|-unboost|p1a: Raging Bolt|spa|2
|faint|p2a: Clodsire
|
|upkeep
|
|t:|1781140332
|switch|p2a: Garganacl|Garganacl, F, tera:Water|53/100
|turn|30
|c|☆stevstacks|how the fuck did it do double
|c|☆stevstacks|crit but still
|inactive|stevstacks has 120 seconds left.
|
|t:|1781140368
|-end|p1a: Raging Bolt|Protosynthesis|[silent]
|switch|p1a: Torkoal|Torkoal, M, shiny|67/100
|-weather|SunnyDay|[from] ability: Drought|[of] p1a: Torkoal
|move|p2a: Garganacl|Recover|p2a: Garganacl
|-heal|p2a: Garganacl|100/100
|
|-weather|SunnyDay|[upkeep]
|upkeep
|turn|31
|
|t:|1781140372
|switch|p2a: Dragapult|Dragapult, M|100/100
|move|p1a: Torkoal|Stealth Rock|p2a: Dragapult
|-sidestart|p2: KurisuChestnutOU|move: Stealth Rock
|
|-weather|SunnyDay|[upkeep]
|upkeep
|turn|32
|
|t:|1781140377
|move|p2a: Dragapult|Draco Meteor|p1a: Torkoal
|-damage|p1a: Torkoal|17/100
|-unboost|p2a: Dragapult|spa|2
|move|p1a: Torkoal|Will-O-Wisp|p2a: Dragapult
|-status|p2a: Dragapult|brn
|
|-weather|SunnyDay|[upkeep]
|-damage|p2a: Dragapult|95/100 brn|[from] brn
|upkeep
|turn|33
|
|t:|1781140381
|switch|p1a: Corviknight|Corviknight, M, shiny|71/100
|-ability|p1a: Corviknight|Pressure
|move|p2a: Dragapult|Draco Meteor|p1a: Corviknight
|-resisted|p1a: Corviknight
|-damage|p1a: Corviknight|61/100
|-unboost|p2a: Dragapult|spa|2
|
|-weather|SunnyDay|[upkeep]
|-heal|p1a: Corviknight|67/100|[from] item: Leftovers
|-damage|p2a: Dragapult|89/100 brn|[from] brn
|upkeep
|turn|34
|
|t:|1781140386
|switch|p2a: Corviknight|Corviknight, M|80/100
|-damage|p2a: Corviknight|67/100|[from] Stealth Rock
|-ability|p2a: Corviknight|Pressure
|move|p1a: Corviknight|U-turn|p2a: Corviknight
|-resisted|p2a: Corviknight
|-damage|p2a: Corviknight|65/100
|
|t:|1781140389
|switch|p1a: Raging Bolt|Raging Bolt, tera:Dragon|100/100|[from] U-turn
|-activate|p1a: Raging Bolt|ability: Protosynthesis
|-start|p1a: Raging Bolt|protosynthesisspa
|
|-weather|SunnyDay|[upkeep]
|-heal|p2a: Corviknight|71/100|[from] item: Leftovers
|upkeep
|turn|35
|
|t:|1781140392
|switch|p2a: Garganacl|Garganacl, F, tera:Water|100/100
|-damage|p2a: Garganacl|88/100|[from] Stealth Rock
|move|p1a: Raging Bolt|Volt Switch|p2a: Garganacl
|-supereffective|p2a: Garganacl
|-damage|p2a: Garganacl|28/100
|
|t:|1781140394
|-end|p1a: Raging Bolt|Protosynthesis|[silent]
|switch|p1a: Walking Wake|Walking Wake|100/100|[from] Volt Switch
|-activate|p1a: Walking Wake|ability: Protosynthesis
|-start|p1a: Walking Wake|protosynthesisspe
|
|-weather|SunnyDay|[upkeep]
|upkeep
|turn|36
|
|t:|1781140400
|move|p2a: Garganacl|Protect|p2a: Garganacl
|-singleturn|p2a: Garganacl|Protect
|move|p1a: Walking Wake|Hydro Steam|p2a: Garganacl
|-activate|p2a: Garganacl|move: Protect
|
|-weather|SunnyDay|[upkeep]
|upkeep
|turn|37
|
|t:|1781140404
|move|p2a: Garganacl|Protect|p2a: Garganacl
|-singleturn|p2a: Garganacl|Protect
|move|p1a: Walking Wake|Hydro Steam|p2a: Garganacl
|-activate|p2a: Garganacl|move: Protect
|
|-weather|none
|-end|p1a: Walking Wake|Protosynthesis
|upkeep
|turn|38
|
|t:|1781140408
|move|p1a: Walking Wake|Draco Meteor|p2a: Garganacl
|-damage|p2a: Garganacl|0 fnt
|-unboost|p1a: Walking Wake|spa|2
|faint|p2a: Garganacl
|
|upkeep
|
|t:|1781140413
|switch|p2a: Dragapult|Dragapult, M|89/100 brn
|turn|39
|
|t:|1781140418
|-end|p1a: Walking Wake|Protosynthesis|[silent]
|switch|p1a: Torkoal|Torkoal, M, shiny|17/100
|-weather|SunnyDay|[from] ability: Drought|[of] p1a: Torkoal
|move|p2a: Dragapult|Flamethrower|p1a: Torkoal
|-resisted|p1a: Torkoal
|-crit|p1a: Torkoal
|-damage|p1a: Torkoal|0 fnt
|faint|p1a: Torkoal
|
|-weather|SunnyDay|[upkeep]
|-damage|p2a: Dragapult|83/100 brn|[from] brn
|upkeep
|
|t:|1781140423
|switch|p1a: Walking Wake|Walking Wake|100/100
|-activate|p1a: Walking Wake|ability: Protosynthesis
|-start|p1a: Walking Wake|protosynthesisspe
|turn|40
|
|t:|1781140426
|-end|p1a: Walking Wake|Protosynthesis|[silent]
|switch|p1a: Corviknight|Corviknight, M, shiny|67/100
|-ability|p1a: Corviknight|Pressure
|switch|p2a: Corviknight|Corviknight, M|71/100
|-damage|p2a: Corviknight|59/100|[from] Stealth Rock
|-ability|p2a: Corviknight|Pressure
|
|-weather|SunnyDay|[upkeep]
|-heal|p2a: Corviknight|65/100|[from] item: Leftovers
|-heal|p1a: Corviknight|74/100|[from] item: Leftovers
|upkeep
|turn|41
|
|t:|1781140432
|move|p2a: Corviknight|Defog|p1a: Corviknight
|-unboost|p1a: Corviknight|evasion|1
|-sideend|p2: KurisuChestnutOU|Stealth Rock|[from] move: Defog|[of] p2a: Corviknight
|move|p1a: Corviknight|U-turn|p2a: Corviknight
|-resisted|p2a: Corviknight
|-crit|p2a: Corviknight
|-damage|p2a: Corviknight|62/100
|
|t:|1781140433
|switch|p1a: Walking Wake|Walking Wake|100/100|[from] U-turn
|-activate|p1a: Walking Wake|ability: Protosynthesis
|-start|p1a: Walking Wake|protosynthesisspe
|
|-weather|SunnyDay|[upkeep]
|-heal|p2a: Corviknight|68/100|[from] item: Leftovers
|upkeep
|turn|42
|
|t:|1781140438
|move|p1a: Walking Wake|Hydro Steam|p2a: Corviknight
|-damage|p2a: Corviknight|2/100
|move|p2a: Corviknight|Roost|p2a: Corviknight
|-heal|p2a: Corviknight|52/100
|-singleturn|p2a: Corviknight|move: Roost
|
|-weather|SunnyDay|[upkeep]
|-heal|p2a: Corviknight|58/100|[from] item: Leftovers
|upkeep
|turn|43
|
|t:|1781140443
|switch|p2a: Dragapult|Dragapult, M|83/100 brn
|move|p1a: Walking Wake|Hydro Steam|p2a: Dragapult
|-resisted|p2a: Dragapult
|-damage|p2a: Dragapult|30/100 brn
|
|-weather|SunnyDay|[upkeep]
|-damage|p2a: Dragapult|24/100 brn|[from] brn
|upkeep
|turn|44
|
|t:|1781140446
|move|p1a: Walking Wake|Hydro Steam|p2a: Dragapult
|-resisted|p2a: Dragapult
|-damage|p2a: Dragapult|0 fnt
|faint|p2a: Dragapult
|
|-weather|SunnyDay|[upkeep]
|upkeep
|
|t:|1781140453
|switch|p2a: Corviknight|Corviknight, M|58/100
|-ability|p2a: Corviknight|Pressure
|turn|45
|
|t:|1781140459
|move|p1a: Walking Wake|Hydro Steam|p2a: Corviknight
|-damage|p2a: Corviknight|0 fnt
|faint|p2a: Corviknight
|
|-weather|SunnyDay|[upkeep]
|upkeep
|
|t:|1781140462
|switch|p2a: Moltres|Moltres|69/100
|turn|46
|
|t:|1781140466
|move|p1a: Walking Wake|Hydro Steam|p2a: Moltres
|-supereffective|p2a: Moltres
|-damage|p2a: Moltres|0 fnt
|faint|p2a: Moltres
|
|win|stevstacks
|raw|stevstacks's rating: 1569 &rarr; <strong>1588</strong><br />(+19 for winning)
|raw|KurisuChestnutOU's rating: 1551 &rarr; <strong>1532</strong><br />(-19 for losing)
