|badge|p1|bronze|gen9ou|100-9
|uhtml|medal-msg|<div class="broadcast-blue">Curious what those medals under the avatar are? PS now has Ladder Seasons! For more information, check out the <a href="https://www.smogon.com/forums/threads/3740067/">thread on Smogon.</a></div>
|j|☆rblt ryo
|j|☆Alfblu3
|t:|1780910063
|gametype|singles
|player|p1|rblt ryo|grimsley-gen7|1806
|player|p2|Alfblu3|fisherman-gen4|1649
|gen|9
|tier|[Gen 9] OU
|rated|
|rule|HP Percentage Mod: HP is shown in percentages
|rule|Endless Battle Clause: Forcing endless battles is banned
|rule|Species Clause: Limit one of each Pokémon
|rule|OHKO Clause: OHKO moves are banned
|rule|Evasion Items Clause: Evasion items are banned
|rule|Evasion Moves Clause: Evasion moves are banned
|rule|Evasion Abilities Clause: Evasion abilities are banned
|rule|Sleep Moves Clause: Sleep-inducing moves are banned
|clearpoke
|poke|p1|Metagross|
|poke|p1|Keldeo-Resolute|
|poke|p1|Ting-Lu|
|poke|p1|Pecharunt|
|poke|p1|Dragapult, M|
|poke|p1|Zapdos|
|poke|p2|Pawmot, M|
|poke|p2|Cresselia, F|
|poke|p2|Entei|
|poke|p2|Iron Treads|
|poke|p2|Fezandipiti, M|
|poke|p2|Darkrai|
|teampreview
|inactive|Battle timer is ON: inactive players will automatically lose when time's up. (requested by Alfblu3)
|inactive|Alfblu3 has 120 seconds left.
|
|t:|1780910107
|teamsize|p1|6
|teamsize|p2|6
|start
|switch|p1a: Keldeo|Keldeo-Resolute, shiny|100/100
|switch|p2a: Fezandipiti|Fezandipiti, M|100/100
|turn|1
|
|t:|1780910126
|move|p1a: Keldeo|Flip Turn|p2a: Fezandipiti
|-damage|p2a: Fezandipiti|86/100
|
|t:|1780910128
|switch|p1a: Metagross|Metagross, shiny|100/100|[from] Flip Turn
|move|p2a: Fezandipiti|Beat Up|p1a: Metagross
|-supereffective|p1a: Metagross
|-damage|p1a: Metagross|96/100
|-supereffective|p1a: Metagross
|-damage|p1a: Metagross|92/100
|-supereffective|p1a: Metagross
|-damage|p1a: Metagross|86/100
|-supereffective|p1a: Metagross
|-damage|p1a: Metagross|81/100
|-supereffective|p1a: Metagross
|-damage|p1a: Metagross|76/100
|-supereffective|p1a: Metagross
|-damage|p1a: Metagross|71/100
|-hitcount|p1a: Metagross|6
|
|upkeep
|turn|2
|
|t:|1780910152
|switch|p2a: Cresselia|Cresselia, F|100/100
|move|p1a: Metagross|Brick Break|p2a: Cresselia
|-resisted|p2a: Cresselia
|-damage|p2a: Cresselia|92/100
|-damage|p1a: Metagross|54/100|[from] item: Rocky Helmet|[of] p2a: Cresselia
|
|upkeep
|turn|3
|
|t:|1780910162
|switch|p2a: Fezandipiti|Fezandipiti, M|86/100
|move|p1a: Metagross|Knock Off|p2a: Fezandipiti
|-resisted|p2a: Fezandipiti
|-damage|p2a: Fezandipiti|65/100
|-enditem|p2a: Fezandipiti|Heavy-Duty Boots|[from] move: Knock Off|[of] p1a: Metagross
|
|upkeep
|turn|4
|inactive|rblt ryo has 120 seconds left.
|
|t:|1780910203
|switch|p1a: Ting-Lu|Ting-Lu|100/100
|-ability|p1a: Ting-Lu|Vessel of Ruin
|move|p2a: Fezandipiti|U-turn|p1a: Ting-Lu
|-supereffective|p1a: Ting-Lu
|-damage|p1a: Ting-Lu|85/100
|j| Wood Dragon
|inactive|Alfblu3 has 120 seconds left.
|
|t:|1780910234
|switch|p2a: Darkrai|Darkrai|100/100|[from] U-turn
|
|-heal|p1a: Ting-Lu|91/100|[from] item: Leftovers
|upkeep
|turn|5
|inactive|rblt ryo has 120 seconds left.
|
|t:|1780910242
|move|p2a: Darkrai|Trick|p1a: Ting-Lu
|-activate|p2a: Darkrai|move: Trick|[of] p1a: Ting-Lu
|-item|p1a: Ting-Lu|Choice Scarf|[from] move: Trick
|-item|p2a: Darkrai|Leftovers|[from] move: Trick
|move|p1a: Ting-Lu|Stealth Rock|p2a: Darkrai
|-sidestart|p2: Alfblu3|move: Stealth Rock
|
|upkeep
|turn|6
|
|t:|1780910266
|switch|p1a: Keldeo|Keldeo-Resolute, shiny|100/100
|move|p2a: Darkrai|Will-O-Wisp|p1a: Keldeo
|-status|p1a: Keldeo|brn
|
|-damage|p1a: Keldeo|94/100 brn|[from] brn
|upkeep
|turn|7
|
|t:|1780910270
|switch|p2a: Fezandipiti|Fezandipiti, M|65/100
|-damage|p2a: Fezandipiti|53/100|[from] Stealth Rock
|move|p1a: Keldeo|Surf|p2a: Fezandipiti
|-crit|p2a: Fezandipiti
|-damage|p2a: Fezandipiti|0 fnt
|faint|p2a: Fezandipiti
|
|-damage|p1a: Keldeo|88/100 brn|[from] brn
|upkeep
|
|t:|1780910284
|switch|p2a: Cresselia|Cresselia, F|92/100
|-damage|p2a: Cresselia|80/100|[from] Stealth Rock
|turn|8
|
|t:|1780910294
|switch|p1a: Zapdos|Zapdos|100/100
|move|p2a: Cresselia|Moonlight|p2a: Cresselia
|-heal|p2a: Cresselia|100/100
|
|upkeep
|turn|9
|
|t:|1780910299
|switch|p2a: Iron Treads|Iron Treads|100/100
|-damage|p2a: Iron Treads|97/100|[from] Stealth Rock
|move|p1a: Zapdos|Heat Wave|p2a: Iron Treads
|-supereffective|p2a: Iron Treads
|-damage|p2a: Iron Treads|3/100
|
|-heal|p2a: Iron Treads|9/100|[from] item: Leftovers
|upkeep
|turn|10
|j| mawaruru
|
|t:|1780910307
|switch|p1a: Dragapult|Dragapult, M|100/100
|move|p2a: Iron Treads|Rapid Spin|p1a: Dragapult
|-immune|p1a: Dragapult
|
|-heal|p2a: Iron Treads|15/100|[from] item: Leftovers
|upkeep
|turn|11
|
|t:|1780910314
|move|p1a: Dragapult|Shadow Ball|p2a: Iron Treads
|-damage|p2a: Iron Treads|0 fnt
|faint|p2a: Iron Treads
|-end|p2a: Iron Treads|Quark Drive|[silent]
|
|upkeep
|
|t:|1780910319
|switch|p2a: Darkrai|Darkrai|100/100
|-damage|p2a: Darkrai|88/100|[from] Stealth Rock
|turn|12
|j| choispecs ironmoth
|
|t:|1780910341
|switch|p1a: Ting-Lu|Ting-Lu|91/100
|-ability|p1a: Ting-Lu|Vessel of Ruin
|move|p2a: Darkrai|Dark Pulse|p1a: Ting-Lu
|-resisted|p1a: Ting-Lu
|-damage|p1a: Ting-Lu|81/100
|
|-heal|p2a: Darkrai|94/100|[from] item: Leftovers
|upkeep
|turn|13
|
|t:|1780910347
|move|p2a: Darkrai|Will-O-Wisp|p1a: Ting-Lu
|-status|p1a: Ting-Lu|brn
|move|p1a: Ting-Lu|Earthquake|p2a: Darkrai
|-damage|p2a: Darkrai|68/100
|
|-heal|p2a: Darkrai|74/100|[from] item: Leftovers
|-damage|p1a: Ting-Lu|75/100 brn|[from] brn
|upkeep
|turn|14
|
|t:|1780910352
|move|p2a: Darkrai|Dark Pulse|p1a: Ting-Lu
|-resisted|p1a: Ting-Lu
|-damage|p1a: Ting-Lu|66/100 brn
|move|p1a: Ting-Lu|Earthquake|p2a: Darkrai
|-damage|p2a: Darkrai|50/100
|
|-heal|p2a: Darkrai|56/100|[from] item: Leftovers
|-damage|p1a: Ting-Lu|60/100 brn|[from] brn
|upkeep
|turn|15
|l| mawaruru
|
|t:|1780910356
|move|p2a: Darkrai|Dark Pulse|p1a: Ting-Lu
|-resisted|p1a: Ting-Lu
|-damage|p1a: Ting-Lu|50/100 brn
|move|p1a: Ting-Lu|Earthquake|p2a: Darkrai
|-damage|p2a: Darkrai|30/100
|
|-heal|p2a: Darkrai|36/100|[from] item: Leftovers
|-damage|p1a: Ting-Lu|44/100 brn|[from] brn
|upkeep
|turn|16
|
|t:|1780910365
|switch|p1a: Keldeo|Keldeo-Resolute, shiny|88/100 brn
|move|p2a: Darkrai|Dark Pulse|p1a: Keldeo
|-resisted|p1a: Keldeo
|-damage|p1a: Keldeo|64/100 brn
|-ability|p1a: Keldeo|Justified|boost
|-boost|p1a: Keldeo|atk|1
|
|-heal|p2a: Darkrai|42/100|[from] item: Leftovers
|-damage|p1a: Keldeo|58/100 brn|[from] brn
|upkeep
|turn|17
|
|t:|1780910372
|-terastallize|p2a: Darkrai|Poison
|move|p2a: Darkrai|Sludge Bomb|p1a: Keldeo
|-damage|p1a: Keldeo|0 fnt
|faint|p1a: Keldeo
|
|-heal|p2a: Darkrai|48/100|[from] item: Leftovers
|upkeep
|
|t:|1780910398
|switch|p1a: Metagross|Metagross, shiny|54/100
|turn|18
|
|t:|1780910402
|move|p1a: Metagross|Bullet Punch|p2a: Darkrai
|-damage|p2a: Darkrai|18/100
|move|p2a: Darkrai|Dark Pulse|p1a: Metagross
|-supereffective|p1a: Metagross
|-damage|p1a: Metagross|0 fnt
|faint|p1a: Metagross
|
|-heal|p2a: Darkrai|24/100|[from] item: Leftovers
|upkeep
|
|t:|1780910405
|switch|p1a: Dragapult|Dragapult, M|100/100
|turn|19
|
|t:|1780910408
|move|p1a: Dragapult|Shadow Ball|p2a: Darkrai
|-damage|p2a: Darkrai|0 fnt
|faint|p2a: Darkrai
|
|upkeep
|
|t:|1780910411
|switch|p2a: Pawmot|Pawmot, M, shiny|100/100
|-damage|p2a: Pawmot|94/100|[from] Stealth Rock
|turn|20
|
|t:|1780910414
|move|p1a: Dragapult|Shadow Ball|p2a: Pawmot
|-damage|p2a: Pawmot|20/100
|move|p2a: Pawmot|Ice Punch|p1a: Dragapult
|-supereffective|p1a: Dragapult
|-damage|p1a: Dragapult|0 fnt
|faint|p1a: Dragapult
|
|upkeep
|
|t:|1780910430
|switch|p1a: Pecharunt|Pecharunt|100/100
|turn|21
|
|t:|1780910437
|move|p2a: Pawmot|Ice Punch|p1a: Pecharunt
|-damage|p1a: Pecharunt|79/100
|move|p1a: Pecharunt|Malignant Chain|p2a: Pawmot
|-damage|p2a: Pawmot|0 fnt
|faint|p2a: Pawmot
|
|upkeep
|
|t:|1780910440
|switch|p2a: Entei|Entei|100/100
|-damage|p2a: Entei|75/100|[from] Stealth Rock
|-ability|p2a: Entei|Pressure
|turn|22
|
|t:|1780910444
|-terastallize|p1a: Pecharunt|Dark
|move|p2a: Entei|Substitute|p2a: Entei
|-start|p2a: Entei|Substitute
|-damage|p2a: Entei|50/100
|move|p1a: Pecharunt|Malignant Chain|p2a: Entei
|-end|p2a: Entei|Substitute
|
|-heal|p2a: Entei|57/100|[from] item: Leftovers
|upkeep
|turn|23
|
|t:|1780910449
|move|p2a: Entei|Protect|p2a: Entei
|-singleturn|p2a: Entei|Protect
|move|p1a: Pecharunt|Malignant Chain|p2a: Entei
|-activate|p2a: Entei|move: Protect
|
|-heal|p2a: Entei|63/100|[from] item: Leftovers
|upkeep
|turn|24
|
|t:|1780910454
|move|p2a: Entei|Substitute|p2a: Entei
|-start|p2a: Entei|Substitute
|-damage|p2a: Entei|38/100
|move|p1a: Pecharunt|Foul Play|p2a: Entei
|-end|p2a: Entei|Substitute
|
|-heal|p2a: Entei|44/100|[from] item: Leftovers
|upkeep
|turn|25
|
|t:|1780910460
|move|p2a: Entei|Protect|p2a: Entei
|-singleturn|p2a: Entei|Protect
|move|p1a: Pecharunt|Foul Play|p2a: Entei
|-activate|p2a: Entei|move: Protect
|
|-heal|p2a: Entei|50/100|[from] item: Leftovers
|upkeep
|turn|26
|
|t:|1780910463
|move|p2a: Entei|Calm Mind|p2a: Entei
|-boost|p2a: Entei|spa|1
|-boost|p2a: Entei|spd|1
|move|p1a: Pecharunt|Foul Play|p2a: Entei
|-damage|p2a: Entei|21/100
|
|-heal|p2a: Entei|27/100|[from] item: Leftovers
|upkeep
|turn|27
|
|t:|1780910469
|move|p2a: Entei|Protect|p2a: Entei
|-singleturn|p2a: Entei|Protect
|move|p1a: Pecharunt|Foul Play|p2a: Entei
|-activate|p2a: Entei|move: Protect
|
|-heal|p2a: Entei|33/100|[from] item: Leftovers
|upkeep
|turn|28
|
|t:|1780910472
|move|p2a: Entei|Lava Plume|p1a: Pecharunt
|-damage|p1a: Pecharunt|42/100
|move|p1a: Pecharunt|Foul Play|p2a: Entei
|-damage|p2a: Entei|3/100
|
|-heal|p2a: Entei|9/100|[from] item: Leftovers
|upkeep
|turn|29
|
|t:|1780910481
|move|p2a: Entei|Protect|p2a: Entei
|-singleturn|p2a: Entei|Protect
|move|p1a: Pecharunt|Recover|p1a: Pecharunt
|-heal|p1a: Pecharunt|92/100
|
|-heal|p2a: Entei|16/100|[from] item: Leftovers
|upkeep
|turn|30
|
|t:|1780910484
|move|p2a: Entei|Lava Plume|p1a: Pecharunt
|-crit|p1a: Pecharunt
|-damage|p1a: Pecharunt|30/100
|move|p1a: Pecharunt|Foul Play|p2a: Entei
|-crit|p2a: Entei
|-damage|p2a: Entei|0 fnt
|faint|p2a: Entei
|
|upkeep
|
|t:|1780910488
|switch|p2a: Cresselia|Cresselia, F|100/100
|-damage|p2a: Cresselia|88/100|[from] Stealth Rock
|turn|31
|
|t:|1780910494
|move|p2a: Cresselia|Thunder Wave|p1a: Pecharunt
|-status|p1a: Pecharunt|par
|cant|p1a: Pecharunt|par
|
|upkeep
|turn|32
|
|t:|1780910501
|move|p2a: Cresselia|Ice Beam|p1a: Pecharunt
|-damage|p1a: Pecharunt|13/100 par
|move|p1a: Pecharunt|Recover|p1a: Pecharunt
|-heal|p1a: Pecharunt|63/100 par
|
|upkeep
|turn|33
|inactive|Alfblu3 has 120 seconds left.
|
|t:|1780910544
|move|p2a: Cresselia|Ice Beam|p1a: Pecharunt
|-damage|p1a: Pecharunt|48/100 par
|move|p1a: Pecharunt|Malignant Chain|p2a: Cresselia
|-damage|p2a: Cresselia|69/100
|
|upkeep
|turn|34
|
|t:|1780910549
|move|p2a: Cresselia|Ice Beam|p1a: Pecharunt
|-damage|p1a: Pecharunt|32/100 par
|move|p1a: Pecharunt|Recover|p1a: Pecharunt
|-heal|p1a: Pecharunt|82/100 par
|
|upkeep
|turn|35
|inactive|Alfblu3 has 120 seconds left.
|
|t:|1780910583
|move|p2a: Cresselia|Ice Beam|p1a: Pecharunt
|-damage|p1a: Pecharunt|66/100 par
|move|p1a: Pecharunt|Malignant Chain|p2a: Cresselia
|-damage|p2a: Cresselia|47/100
|-status|p2a: Cresselia|tox
|-start|p2a: Cresselia|confusion|[from] ability: Poison Puppeteer|[of] p1a: Pecharunt
|
|-damage|p2a: Cresselia|41/100 tox|[from] psn
|upkeep
|turn|36
|-message|Alfblu3 forfeited.
|
|win|rblt ryo
|raw|rblt ryo's rating: 1806 &rarr; <strong>1818</strong><br />(+12 for winning)
|raw|Alfblu3's rating: 1649 &rarr; <strong>1637</strong><br />(-12 for losing)
|l|☆Alfblu3
|player|p2|
