|badge|p2|bronze|gen9ou|100-9
|uhtml|medal-msg|<div class="broadcast-blue">Curious what those medals under the avatar are? PS now has Ladder Seasons! For more information, check out the <a href="https://www.smogon.com/forums/threads/3740067/">thread on Smogon.</a></div>
|j|☆fantominus83
|j|☆rblt ryo
|t:|1780914543
|gametype|singles
|player|p1|fantominus83|grimsley|1681
|player|p2|rblt ryo|grimsley-gen7|1735
|gen|9
|tier|[Gen 9] OU
|rated|
|rule|HP Percentage Mod: HP is shown in percentages
|rule|Endless Battle Clause: Forcing endless battles is banned
|rule|Species Clause: Limit one of each Pokémon
|rule|OHKO Clause: OHKO moves are banned
|rule|Evasion Items Clause: Evasion items are banned
|rule|Evasion Moves Clause: Evasion moves are banned
|rule|Evasion Abilities Clause: Evasion abilities are banned
|rule|Sleep Moves Clause: Sleep-inducing moves are banned
|clearpoke
|poke|p1|Iron Crown|
|poke|p1|Ninetales-Alola, F|
|poke|p1|Ceruledge, F|
|poke|p1|Great Tusk|
|poke|p1|Hatterene, F|
|poke|p1|Manaphy|
|poke|p2|Ting-Lu|
|poke|p2|Corviknight, F|
|poke|p2|Hatterene, F|
|poke|p2|Amoonguss, M|
|poke|p2|Dondozo, F|
|poke|p2|Hoopa-Unbound|
|teampreview
|inactive|Battle timer is ON: inactive players will automatically lose when time's up. (requested by fantominus83)
|
|t:|1780914566
|teamsize|p1|6
|teamsize|p2|6
|start
|switch|p1a: Ninetales|Ninetales-Alola, F|100/100
|switch|p2a: Amoonguss|Amoonguss, M|100/100
|-weather|Snowscape|[from] ability: Snow Warning|[of] p1a: Ninetales
|turn|1
|
|t:|1780914570
|move|p1a: Ninetales|Aurora Veil|p1a: Ninetales
|-sidestart|p1: fantominus83|move: Aurora Veil
|move|p2a: Amoonguss|Stun Spore|p1a: Ninetales
|-status|p1a: Ninetales|par
|
|-weather|Snowscape|[upkeep]
|upkeep
|turn|2
|
|t:|1780914584
|switch|p1a: Hatterene|Hatterene, F|100/100
|switch|p2a: Hoopa|Hoopa-Unbound|100/100
|
|-weather|Snowscape|[upkeep]
|upkeep
|turn|3
|
|t:|1780914593
|move|p2a: Hoopa|Knock Off|p1a: Hatterene
|-damage|p1a: Hatterene|78/100
|-enditem|p1a: Hatterene|Leftovers|[from] move: Knock Off|[of] p2a: Hoopa
|move|p1a: Hatterene|Calm Mind|p1a: Hatterene
|-boost|p1a: Hatterene|spa|1
|-boost|p1a: Hatterene|spd|1
|
|-weather|Snowscape|[upkeep]
|upkeep
|turn|4
|
|t:|1780914604
|switch|p2a: Hatterene|Hatterene, F|100/100
|move|p1a: Hatterene|Calm Mind|p1a: Hatterene
|-boost|p1a: Hatterene|spa|1
|-boost|p1a: Hatterene|spd|1
|
|-weather|Snowscape|[upkeep]
|upkeep
|turn|5
|
|t:|1780914609
|move|p1a: Hatterene|Mystical Fire|p2a: Hatterene
|-damage|p2a: Hatterene|52/100
|-unboost|p2a: Hatterene|spa|1
|move|p2a: Hatterene|Calm Mind|p2a: Hatterene
|-boost|p2a: Hatterene|spa|1
|-boost|p2a: Hatterene|spd|1
|
|-weather|none
|-heal|p2a: Hatterene|58/100|[from] item: Leftovers
|upkeep
|turn|6
|
|t:|1780914616
|move|p1a: Hatterene|Psychic Noise|p2a: Hatterene
|-resisted|p2a: Hatterene
|-damage|p2a: Hatterene|35/100
|-start|p2a: Hatterene|move: Heal Block
|move|p2a: Hatterene|Pain Split|p1a: Hatterene
|-sethp|p1a: Hatterene|56/100|[from] move: Pain Split|[silent]
|-sethp|p2a: Hatterene|56/100|[from] move: Pain Split
|
|upkeep
|turn|7
|
|t:|1780914631
|switch|p2a: Dondozo|Dondozo, F|100/100
|move|p1a: Hatterene|Calm Mind|p1a: Hatterene
|-boost|p1a: Hatterene|spa|1
|-boost|p1a: Hatterene|spd|1
|
|upkeep
|turn|8
|
|t:|1780914635
|-terastallize|p2a: Dondozo|Dark
|move|p1a: Hatterene|Draining Kiss|p2a: Dondozo
|-supereffective|p2a: Dondozo
|-damage|p2a: Dondozo|73/100
|-heal|p1a: Hatterene|89/100|[from] drain|[of] p2a: Dondozo
|move|p2a: Dondozo|Curse|p2a: Dondozo
|-unboost|p2a: Dondozo|spe|1
|-boost|p2a: Dondozo|atk|1
|-boost|p2a: Dondozo|def|1
|
|-heal|p2a: Dondozo|79/100|[from] item: Leftovers
|-sideend|p1: fantominus83|move: Aurora Veil
|upkeep
|turn|9
|
|t:|1780914643
|move|p1a: Hatterene|Draining Kiss|p2a: Dondozo
|-supereffective|p2a: Dondozo
|-damage|p2a: Dondozo|52/100
|-heal|p1a: Hatterene|100/100|[from] drain|[of] p2a: Dondozo
|move|p2a: Dondozo|Liquidation|p1a: Hatterene
|-damage|p1a: Hatterene|61/100
|
|-heal|p2a: Dondozo|58/100|[from] item: Leftovers
|upkeep
|turn|10
|
|t:|1780914648
|move|p1a: Hatterene|Draining Kiss|p2a: Dondozo
|-supereffective|p2a: Dondozo
|-damage|p2a: Dondozo|28/100
|-heal|p1a: Hatterene|96/100|[from] drain|[of] p2a: Dondozo
|move|p2a: Dondozo|Rest|p2a: Dondozo
|-status|p2a: Dondozo|slp|[from] move: Rest
|-heal|p2a: Dondozo|100/100 slp|[silent]
|
|upkeep
|turn|11
|
|t:|1780914653
|move|p1a: Hatterene|Draining Kiss|p2a: Dondozo
|-supereffective|p2a: Dondozo
|-crit|p2a: Dondozo
|-damage|p2a: Dondozo|58/100 slp
|-heal|p1a: Hatterene|100/100|[from] drain|[of] p2a: Dondozo
|cant|p2a: Dondozo|slp
|move|p2a: Dondozo|Sleep Talk|p2a: Dondozo
|move|p2a: Dondozo|Rest||[from] move: Sleep Talk|[still]
|-fail|p2a: Dondozo
|
|-heal|p2a: Dondozo|64/100 slp|[from] item: Leftovers
|upkeep
|turn|12
|
|t:|1780914656
|move|p1a: Hatterene|Draining Kiss|p2a: Dondozo
|-supereffective|p2a: Dondozo
|-damage|p2a: Dondozo|36/100 slp
|cant|p2a: Dondozo|slp
|move|p2a: Dondozo|Sleep Talk|p2a: Dondozo
|move|p2a: Dondozo|Rest||[from] move: Sleep Talk|[still]
|-fail|p2a: Dondozo
|
|-heal|p2a: Dondozo|42/100 slp|[from] item: Leftovers
|upkeep
|turn|13
|
|t:|1780914661
|switch|p1a: Ninetales|Ninetales-Alola, F|100/100 par
|-weather|Snowscape|[from] ability: Snow Warning|[of] p1a: Ninetales
|-curestatus|p2a: Dondozo|slp|[msg]
|move|p2a: Dondozo|Rest|p2a: Dondozo
|-status|p2a: Dondozo|slp|[from] move: Rest
|-heal|p2a: Dondozo|100/100 slp|[silent]
|
|-weather|Snowscape|[upkeep]
|upkeep
|turn|14
|
|t:|1780914664
|cant|p1a: Ninetales|par
|cant|p2a: Dondozo|slp
|move|p2a: Dondozo|Sleep Talk|p2a: Dondozo
|move|p2a: Dondozo|Curse|p2a: Dondozo|[from] move: Sleep Talk
|-unboost|p2a: Dondozo|spe|1
|-boost|p2a: Dondozo|atk|1
|-boost|p2a: Dondozo|def|1
|
|-weather|Snowscape|[upkeep]
|upkeep
|turn|15
|
|t:|1780914667
|cant|p1a: Ninetales|par
|cant|p2a: Dondozo|slp
|move|p2a: Dondozo|Sleep Talk|p2a: Dondozo
|move|p2a: Dondozo|Rest||[from] move: Sleep Talk|[still]
|-fail|p2a: Dondozo
|
|-weather|Snowscape|[upkeep]
|upkeep
|turn|16
|
|t:|1780914670
|move|p1a: Ninetales|Moonblast|p2a: Dondozo
|-supereffective|p2a: Dondozo
|-damage|p2a: Dondozo|65/100 slp
|-curestatus|p2a: Dondozo|slp|[msg]
|move|p2a: Dondozo|Liquidation|p1a: Ninetales
|-damage|p1a: Ninetales|51/100 par
|
|-weather|Snowscape|[upkeep]
|-heal|p2a: Dondozo|71/100|[from] item: Leftovers
|upkeep
|turn|17
|
|t:|1780914680
|move|p1a: Ninetales|Aurora Veil|p1a: Ninetales
|-sidestart|p1: fantominus83|move: Aurora Veil
|move|p2a: Dondozo|Liquidation|p1a: Ninetales
|-damage|p1a: Ninetales|28/100 par
|-unboost|p1a: Ninetales|def|1
|
|-weather|none
|-heal|p2a: Dondozo|77/100|[from] item: Leftovers
|upkeep
|turn|18
|
|t:|1780914699
|switch|p1a: Hatterene|Hatterene, F|100/100
|switch|p2a: Corviknight|Corviknight, F|100/100
|-ability|p2a: Corviknight|Pressure
|
|upkeep
|turn|19
|
|t:|1780914704
|move|p2a: Corviknight|Defog|p1a: Hatterene
|move|p1a: Hatterene|Defog|p2a: Corviknight|[from] ability: Magic Bounce
|-unboost|p2a: Corviknight|evasion|1
|move|p1a: Hatterene|Calm Mind|p1a: Hatterene
|-boost|p1a: Hatterene|spa|1
|-boost|p1a: Hatterene|spd|1
|
|upkeep
|turn|20
|
|t:|1780914711
|switch|p2a: Dondozo|Dondozo, F, tera:Dark|77/100
|move|p1a: Hatterene|Mystical Fire|p2a: Dondozo
|-damage|p2a: Dondozo|63/100
|-unboost|p2a: Dondozo|spa|1
|
|-heal|p2a: Dondozo|69/100|[from] item: Leftovers
|upkeep
|turn|21
|
|t:|1780914715
|move|p1a: Hatterene|Draining Kiss|p2a: Dondozo
|-supereffective|p2a: Dondozo
|-damage|p2a: Dondozo|38/100
|move|p2a: Dondozo|Curse|p2a: Dondozo
|-unboost|p2a: Dondozo|spe|1
|-boost|p2a: Dondozo|atk|1
|-boost|p2a: Dondozo|def|1
|
|-heal|p2a: Dondozo|44/100|[from] item: Leftovers
|upkeep
|turn|22
|
|t:|1780914718
|move|p1a: Hatterene|Draining Kiss|p2a: Dondozo
|-supereffective|p2a: Dondozo
|-damage|p2a: Dondozo|14/100
|move|p2a: Dondozo|Rest|p2a: Dondozo
|-status|p2a: Dondozo|slp|[from] move: Rest
|-heal|p2a: Dondozo|100/100 slp|[silent]
|
|upkeep
|turn|23
|
|t:|1780914725
|switch|p1a: Iron Crown|Iron Crown|100/100
|cant|p2a: Dondozo|slp
|move|p2a: Dondozo|Sleep Talk|p2a: Dondozo
|move|p2a: Dondozo|Curse|p2a: Dondozo|[from] move: Sleep Talk
|-unboost|p2a: Dondozo|spe|1
|-boost|p2a: Dondozo|atk|1
|-boost|p2a: Dondozo|def|1
|
|upkeep
|turn|24
|
|t:|1780914740
|move|p1a: Iron Crown|Focus Blast|p2a: Dondozo
|-supereffective|p2a: Dondozo
|-damage|p2a: Dondozo|50/100 slp
|-unboost|p2a: Dondozo|spd|1
|cant|p2a: Dondozo|slp
|move|p2a: Dondozo|Sleep Talk|p2a: Dondozo
|move|p2a: Dondozo|Liquidation|p1a: Iron Crown|[from] move: Sleep Talk
|-damage|p1a: Iron Crown|74/100
|
|-heal|p2a: Dondozo|57/100 slp|[from] item: Leftovers
|-sideend|p1: fantominus83|move: Aurora Veil
|upkeep
|turn|25
|
|t:|1780914747
|switch|p2a: Hoopa|Hoopa-Unbound|100/100
|move|p1a: Iron Crown|Calm Mind|p1a: Iron Crown
|-boost|p1a: Iron Crown|spa|1
|-boost|p1a: Iron Crown|spd|1
|
|upkeep
|turn|26
|
|t:|1780914752
|-end|p1a: Iron Crown|Quark Drive|[silent]
|switch|p1a: Hatterene|Hatterene, F|100/100
|move|p2a: Hoopa|Knock Off|p1a: Hatterene
|-damage|p1a: Hatterene|69/100
|
|upkeep
|turn|27
|
|t:|1780914762
|switch|p2a: Corviknight|Corviknight, F|100/100
|-ability|p2a: Corviknight|Pressure
|move|p1a: Hatterene|Draining Kiss|p2a: Corviknight
|-resisted|p2a: Corviknight
|-damage|p2a: Corviknight|89/100
|-heal|p1a: Hatterene|80/100|[from] drain|[of] p2a: Corviknight
|-damage|p1a: Hatterene|63/100|[from] item: Rocky Helmet|[of] p2a: Corviknight
|
|upkeep
|turn|28
|
|t:|1780914774
|switch|p2a: Dondozo|Dondozo, F, tera:Dark|57/100 slp
|move|p1a: Hatterene|Calm Mind|p1a: Hatterene
|-boost|p1a: Hatterene|spa|1
|-boost|p1a: Hatterene|spd|1
|
|-heal|p2a: Dondozo|63/100 slp|[from] item: Leftovers
|upkeep
|turn|29
|
|t:|1780914782
|move|p1a: Hatterene|Draining Kiss|p2a: Dondozo
|-supereffective|p2a: Dondozo
|-crit|p2a: Dondozo
|-damage|p2a: Dondozo|16/100 slp
|-heal|p1a: Hatterene|100/100|[from] drain|[of] p2a: Dondozo
|-curestatus|p2a: Dondozo|slp|[msg]
|move|p2a: Dondozo|Curse|p2a: Dondozo
|-unboost|p2a: Dondozo|spe|1
|-boost|p2a: Dondozo|atk|1
|-boost|p2a: Dondozo|def|1
|
|-heal|p2a: Dondozo|22/100|[from] item: Leftovers
|upkeep
|turn|30
|
|t:|1780914792
|move|p1a: Hatterene|Draining Kiss|p2a: Dondozo
|-supereffective|p2a: Dondozo
|-damage|p2a: Dondozo|0 fnt
|faint|p2a: Dondozo
|
|upkeep
|-message|rblt ryo forfeited.
|
|win|fantominus83
|raw|fantominus83's rating: 1681 &rarr; <strong>1704</strong><br />(+23 for winning)
|raw|rblt ryo's rating: 1735 &rarr; <strong>1712</strong><br />(-23 for losing)
|l|☆fantominus83
|player|p1|
