|j|☆SupermanIsSerbian
|j|☆CDPGuillaume
|t:|1781559439
|gametype|singles
|player|p1|SupermanIsSerbian|2|1613
|player|p2|CDPGuillaume|ethan|1770
|gen|9
|tier|[Gen 9] OU
|rated|
|rule|HP Percentage Mod: HP is shown in percentages
|rule|Endless Battle Clause: Forcing endless battles is banned
|rule|Species Clause: Limit one of each Pokémon
|rule|OHKO Clause: OHKO moves are banned
|rule|Evasion Items Clause: Evasion items are banned
|rule|Evasion Moves Clause: Evasion moves are banned
|rule|Evasion Abilities Clause: Evasion abilities are banned
|rule|Sleep Moves Clause: Sleep-inducing moves are banned
|clearpoke
|poke|p1|Blaziken, F|
|poke|p1|Ninetales, F|
|poke|p1|Walking Wake|
|poke|p1|Great Tusk|
|poke|p1|Slowking-Galar, M|
|poke|p1|Moltres|
|poke|p2|Iron Hands|
|poke|p2|Pecharunt|
|poke|p2|Kingambit, F|
|poke|p2|Rillaboom, M|
|poke|p2|Kyurem|
|poke|p2|Cinderace, M|
|teampreview
|inactive|Battle timer is ON: inactive players will automatically lose when time's up. (requested by SupermanIsSerbian)
|inactive|CDPGuillaume has 120 seconds left.
|
|t:|1781559476
|teamsize|p1|6
|teamsize|p2|6
|start
|switch|p1a: Planet Romania|Slowking-Galar, M|100/100
|switch|p2a: Cinderace|Cinderace, M|100/100
|turn|1
|
|t:|1781559483
|switch|p1a: AlbanianManSinger|Moltres|100/100
|move|p2a: Cinderace|Pyro Ball|p1a: AlbanianManSinger
|-resisted|p1a: AlbanianManSinger
|-damage|p1a: AlbanianManSinger|81/100
|
|upkeep
|turn|2
|
|t:|1781559492
|move|p2a: Cinderace|Pyro Ball|p1a: AlbanianManSinger
|-resisted|p1a: AlbanianManSinger
|-damage|p1a: AlbanianManSinger|62/100
|move|p1a: AlbanianManSinger|U-turn|p2a: Cinderace
|-resisted|p2a: Cinderace
|-damage|p2a: Cinderace|91/100
|
|t:|1781559507
|switch|p1a: My Bulgarian Uncle|Walking Wake|100/100|[from] U-turn
|
|upkeep
|turn|3
|
|t:|1781559513
|move|p2a: Cinderace|U-turn|p1a: My Bulgarian Uncle
|-start|p2a: Cinderace|typechange|Bug|[from] ability: Libero
|-damage|p1a: My Bulgarian Uncle|66/100
|
|t:|1781559520
|switch|p2a: Kingambit|Kingambit, F|100/100|[from] U-turn
|move|p1a: My Bulgarian Uncle|Draco Meteor|p2a: Kingambit
|-resisted|p2a: Kingambit
|-damage|p2a: Kingambit|51/100
|-unboost|p1a: My Bulgarian Uncle|spa|2
|
|-heal|p2a: Kingambit|58/100|[from] item: Leftovers
|upkeep
|turn|4
|
|t:|1781559531
|-end|p1a: My Bulgarian Uncle|Protosynthesis|[silent]
|switch|p1a: AlbanianManSinger|Moltres|62/100
|move|p2a: Kingambit|Iron Head|p1a: AlbanianManSinger
|-resisted|p1a: AlbanianManSinger
|-damage|p1a: AlbanianManSinger|46/100
|
|-heal|p2a: Kingambit|64/100|[from] item: Leftovers
|upkeep
|turn|5
|
|t:|1781559537
|-end|p2a: Kingambit|fallenundefined|[silent]
|switch|p2a: Kyurem|Kyurem|100/100
|-ability|p2a: Kyurem|Pressure
|move|p1a: AlbanianManSinger|Roost|p1a: AlbanianManSinger
|-heal|p1a: AlbanianManSinger|96/100
|-singleturn|p1a: AlbanianManSinger|move: Roost
|
|upkeep
|turn|6
|
|t:|1781559543
|switch|p1a: Planet Romania|Slowking-Galar, M|100/100
|move|p2a: Kyurem|Ice Beam|p1a: Planet Romania
|-damage|p1a: Planet Romania|68/100
|
|upkeep
|turn|7
|
|t:|1781559550
|move|p2a: Kyurem|Ice Beam|p1a: Planet Romania
|-damage|p1a: Planet Romania|33/100
|move|p1a: Planet Romania|Sludge Bomb|p2a: Kyurem
|-crit|p2a: Kyurem
|-damage|p2a: Kyurem|43/100
|
|upkeep
|turn|8
|
|t:|1781559558
|switch|p2a: Cinderace|Cinderace, M|91/100
|switch|p1a: TheEvilOfCroatia|Ninetales, F|100/100
|-weather|SunnyDay|[from] ability: Drought|[of] p1a: TheEvilOfCroatia
|
|-weather|SunnyDay|[upkeep]
|upkeep
|turn|9
|
|t:|1781559567
|move|p2a: Cinderace|Pyro Ball|p1a: TheEvilOfCroatia|[miss]
|-miss|p2a: Cinderace|p1a: TheEvilOfCroatia
|move|p1a: TheEvilOfCroatia|Weather Ball|p2a: Cinderace
|-resisted|p2a: Cinderace
|-damage|p2a: Cinderace|61/100
|
|-weather|SunnyDay|[upkeep]
|upkeep
|turn|10
|
|t:|1781559574
|switch|p1a: My Bulgarian Uncle|Walking Wake|66/100
|-activate|p1a: My Bulgarian Uncle|ability: Protosynthesis
|-start|p1a: My Bulgarian Uncle|protosynthesisspe
|move|p2a: Cinderace|Pyro Ball|p1a: My Bulgarian Uncle
|-resisted|p1a: My Bulgarian Uncle
|-damage|p1a: My Bulgarian Uncle|44/100
|
|-weather|SunnyDay|[upkeep]
|upkeep
|turn|11
|
|t:|1781559588
|move|p1a: My Bulgarian Uncle|Hydro Steam|p2a: Cinderace
|-supereffective|p2a: Cinderace
|-damage|p2a: Cinderace|0 fnt
|faint|p2a: Cinderace
|
|-weather|SunnyDay|[upkeep]
|upkeep
|
|t:|1781559593
|switch|p2a: Rillaboom|Rillaboom, M|100/100
|-fieldstart|move: Grassy Terrain|[from] ability: Grassy Surge|[of] p2a: Rillaboom
|turn|12
|
|t:|1781559596
|-end|p1a: My Bulgarian Uncle|Protosynthesis|[silent]
|switch|p1a: AlbanianManSinger|Moltres|96/100
|switch|p2a: Kyurem|Kyurem|43/100
|-ability|p2a: Kyurem|Pressure
|
|-weather|SunnyDay|[upkeep]
|-heal|p2a: Kyurem|49/100|[from] Grassy Terrain
|upkeep
|turn|13
|
|t:|1781559602
|switch|p1a: Planet Romania|Slowking-Galar, M|66/100
|move|p2a: Kyurem|Earth Power|p1a: Planet Romania
|-supereffective|p1a: Planet Romania
|-damage|p1a: Planet Romania|19/100
|
|-weather|SunnyDay|[upkeep]
|-heal|p2a: Kyurem|55/100|[from] Grassy Terrain
|-heal|p1a: Planet Romania|25/100|[from] Grassy Terrain
|upkeep
|turn|14
|
|t:|1781559607
|switch|p2a: Pecharunt|Pecharunt|100/100
|switch|p1a: AlbanianManSinger|Moltres|96/100
|
|-weather|SunnyDay|[upkeep]
|upkeep
|turn|15
|
|t:|1781559612
|move|p2a: Pecharunt|Nasty Plot|p2a: Pecharunt
|-boost|p2a: Pecharunt|spa|2
|move|p1a: AlbanianManSinger|U-turn|p2a: Pecharunt
|-resisted|p2a: Pecharunt
|-damage|p2a: Pecharunt|98/100
|-damage|p1a: AlbanianManSinger|80/100|[from] item: Rocky Helmet|[of] p2a: Pecharunt
|
|t:|1781559615
|switch|p1a: TheEvilOfCroatia|Ninetales, F|100/100|[from] U-turn
|
|-weather|none
|-heal|p2a: Pecharunt|100/100|[from] Grassy Terrain
|upkeep
|turn|16
|
|t:|1781559618
|move|p1a: TheEvilOfCroatia|Encore|p2a: Pecharunt
|-start|p2a: Pecharunt|Encore
|move|p2a: Pecharunt|Nasty Plot|p2a: Pecharunt
|-boost|p2a: Pecharunt|spa|2
|
|-fieldend|move: Grassy Terrain
|upkeep
|turn|17
|
|t:|1781559625
|switch|p2a: Iron Hands|Iron Hands|100/100
|move|p1a: TheEvilOfCroatia|Will-O-Wisp|p2a: Iron Hands
|-status|p2a: Iron Hands|brn
|
|-damage|p2a: Iron Hands|94/100 brn|[from] brn
|upkeep
|turn|18
|
|t:|1781559632
|switch|p1a: Greek Boi|Great Tusk|100/100
|-end|p2a: Iron Hands|Quark Drive|[silent]
|switch|p2a: Rillaboom|Rillaboom, M|100/100
|-fieldstart|move: Grassy Terrain|[from] ability: Grassy Surge|[of] p2a: Rillaboom
|
|upkeep
|turn|19
|
|t:|1781559638
|-end|p1a: Greek Boi|Protosynthesis|[silent]
|switch|p1a: AlbanianManSinger|Moltres|80/100
|move|p2a: Rillaboom|U-turn|p1a: AlbanianManSinger
|-resisted|p1a: AlbanianManSinger
|-damage|p1a: AlbanianManSinger|74/100
|
|t:|1781559644
|switch|p2a: Kyurem|Kyurem|55/100|[from] U-turn
|-ability|p2a: Kyurem|Pressure
|
|-heal|p2a: Kyurem|61/100|[from] Grassy Terrain
|upkeep
|turn|20
|
|t:|1781559650
|move|p2a: Kyurem|Ice Beam|p1a: AlbanianManSinger
|-damage|p1a: AlbanianManSinger|8/100
|move|p1a: AlbanianManSinger|U-turn|p2a: Kyurem
|-damage|p2a: Kyurem|47/100
|
|t:|1781559660
|switch|p1a: TheEvilOfCroatia|Ninetales, F|100/100|[from] U-turn
|-weather|SunnyDay|[from] ability: Drought|[of] p1a: TheEvilOfCroatia
|
|-weather|SunnyDay|[upkeep]
|-heal|p2a: Kyurem|53/100|[from] Grassy Terrain
|upkeep
|turn|21
|
|t:|1781559667
|switch|p2a: Iron Hands|Iron Hands|94/100 brn
|move|p1a: TheEvilOfCroatia|Weather Ball|p2a: Iron Hands
|-damage|p2a: Iron Hands|73/100 brn
|
|-weather|SunnyDay|[upkeep]
|-heal|p2a: Iron Hands|80/100 brn|[from] Grassy Terrain
|-damage|p2a: Iron Hands|73/100 brn|[from] brn
|upkeep
|turn|22
|
|t:|1781559678
|move|p1a: TheEvilOfCroatia|Weather Ball|p2a: Iron Hands
|-damage|p2a: Iron Hands|50/100 brn
|move|p2a: Iron Hands|Ice Punch|p1a: TheEvilOfCroatia
|-resisted|p1a: TheEvilOfCroatia
|-damage|p1a: TheEvilOfCroatia|90/100
|
|-weather|SunnyDay|[upkeep]
|-heal|p1a: TheEvilOfCroatia|96/100|[from] Grassy Terrain
|-heal|p2a: Iron Hands|56/100 brn|[from] Grassy Terrain
|-damage|p2a: Iron Hands|50/100 brn|[from] brn
|-fieldend|move: Grassy Terrain
|upkeep
|turn|23
|
|t:|1781559689
|move|p1a: TheEvilOfCroatia|Weather Ball|p2a: Iron Hands
|-damage|p2a: Iron Hands|26/100 brn
|move|p2a: Iron Hands|Supercell Slam|p1a: TheEvilOfCroatia
|-damage|p1a: TheEvilOfCroatia|59/100
|
|-weather|SunnyDay|[upkeep]
|-damage|p2a: Iron Hands|19/100 brn|[from] brn
|upkeep
|turn|24
|
|t:|1781559694
|move|p1a: TheEvilOfCroatia|Weather Ball|p2a: Iron Hands
|-damage|p2a: Iron Hands|0 fnt
|faint|p2a: Iron Hands
|-end|p2a: Iron Hands|Quark Drive|[silent]
|
|-weather|SunnyDay|[upkeep]
|upkeep
|inactive|CDPGuillaume has 120 seconds left.
|
|t:|1781559749
|switch|p2a: Kyurem|Kyurem|53/100
|-ability|p2a: Kyurem|Pressure
|turn|25
|
|t:|1781559760
|switch|p1a: AlbanianManSinger|Moltres|8/100
|move|p2a: Kyurem|Draco Meteor|p1a: AlbanianManSinger
|-damage|p1a: AlbanianManSinger|0 fnt
|-unboost|p2a: Kyurem|spa|2
|faint|p1a: AlbanianManSinger
|
|-weather|SunnyDay|[upkeep]
|upkeep
|
|t:|1781559767
|switch|p1a: TheBosnian|Blaziken, F|100/100
|turn|26
|
|t:|1781559776
|switch|p2a: Pecharunt|Pecharunt|100/100
|move|p1a: TheBosnian|Swords Dance|p1a: TheBosnian
|-boost|p1a: TheBosnian|atk|2
|
|-weather|SunnyDay|[upkeep]
|-ability|p1a: TheBosnian|Speed Boost|boost
|-boost|p1a: TheBosnian|spe|1
|upkeep
|turn|27
|
|t:|1781559779
|move|p1a: TheBosnian|Flare Blitz|p2a: Pecharunt
|-crit|p2a: Pecharunt
|-damage|p2a: Pecharunt|0 fnt
|-damage|p1a: TheBosnian|84/100|[from] item: Rocky Helmet|[of] p2a: Pecharunt
|faint|p2a: Pecharunt
|-damage|p1a: TheBosnian|48/100|[from] Recoil
|-damage|p1a: TheBosnian|38/100|[from] item: Life Orb
|
|-weather|none
|-ability|p1a: TheBosnian|Speed Boost|boost
|-boost|p1a: TheBosnian|spe|1
|upkeep
|
|t:|1781559789
|switch|p2a: Rillaboom|Rillaboom, M|100/100
|-fieldstart|move: Grassy Terrain|[from] ability: Grassy Surge|[of] p2a: Rillaboom
|turn|28
|
|t:|1781559796
|move|p2a: Rillaboom|Grassy Glide|p1a: TheBosnian
|-resisted|p1a: TheBosnian
|-damage|p1a: TheBosnian|0 fnt
|faint|p1a: TheBosnian
|
|upkeep
|
|t:|1781559803
|switch|p1a: TheEvilOfCroatia|Ninetales, F|59/100
|-weather|SunnyDay|[from] ability: Drought|[of] p1a: TheEvilOfCroatia
|turn|29
|
|t:|1781559807
|move|p2a: Rillaboom|Grassy Glide|p1a: TheEvilOfCroatia
|-resisted|p1a: TheEvilOfCroatia
|-damage|p1a: TheEvilOfCroatia|24/100
|move|p1a: TheEvilOfCroatia|Weather Ball|p2a: Rillaboom
|-supereffective|p2a: Rillaboom
|-damage|p2a: Rillaboom|0 fnt
|faint|p2a: Rillaboom
|
|-weather|SunnyDay|[upkeep]
|-heal|p1a: TheEvilOfCroatia|30/100|[from] Grassy Terrain
|upkeep
|
|t:|1781559817
|switch|p2a: Kyurem|Kyurem|53/100
|-ability|p2a: Kyurem|Pressure
|turn|30
|
|t:|1781559820
|move|p1a: TheEvilOfCroatia|Healing Wish|p1a: TheEvilOfCroatia
|faint|p1a: TheEvilOfCroatia
|move|p2a: Kyurem|Ice Beam|p1: TheEvilOfCroatia|[notarget]
|-fail|p2a: Kyurem
|
|-weather|SunnyDay|[upkeep]
|-heal|p2a: Kyurem|60/100|[from] Grassy Terrain
|upkeep
|
|t:|1781559827
|switch|p1a: My Bulgarian Uncle|Walking Wake|44/100
|-heal|p1a: My Bulgarian Uncle|100/100|[from] move: Healing Wish
|-activate|p1a: My Bulgarian Uncle|ability: Protosynthesis
|-start|p1a: My Bulgarian Uncle|protosynthesisspe
|turn|31
|
|t:|1781559840
|-terastallize|p1a: My Bulgarian Uncle|Water
|move|p1a: My Bulgarian Uncle|Flamethrower|p2a: Kyurem
|-crit|p2a: Kyurem
|-damage|p2a: Kyurem|0 fnt
|faint|p2a: Kyurem
|
|-weather|SunnyDay|[upkeep]
|upkeep
|c|☆CDPGuillaume|ofc
|inactive|CDPGuillaume has 120 seconds left.
|
|t:|1781559871
|switch|p2a: Kingambit|Kingambit, F|64/100
|-activate|p2a: Kingambit|ability: Supreme Overlord
|-start|p2a: Kingambit|fallen5|[silent]
|turn|32
|
|t:|1781559874
|move|p2a: Kingambit|Sucker Punch|p1a: My Bulgarian Uncle
|-damage|p1a: My Bulgarian Uncle|37/100
|move|p1a: My Bulgarian Uncle|Flamethrower|p2a: Kingambit
|-supereffective|p2a: Kingambit
|-damage|p2a: Kingambit|0 fnt
|faint|p2a: Kingambit
|-end|p2a: Kingambit|fallen5|[silent]
|
|win|SupermanIsSerbian
|raw|SupermanIsSerbian's rating: 1613 &rarr; <strong>1641</strong><br />(+28 for winning)
|raw|CDPGuillaume's rating: 1770 &rarr; <strong>1742</strong><br />(-28 for losing)
|l|☆CDPGuillaume
|player|p2|
|l|☆SupermanIsSerbian
|player|p1|
