|j|☆hyp4roffender
|j|☆rockeater9000
|t:|1780892907
|gametype|singles
|player|p1|hyp4roffender|170|1647
|player|p2|rockeater9000|1|1640
|gen|9
|tier|[Gen 9] OU
|rated|
|rule|HP Percentage Mod: HP is shown in percentages
|rule|Endless Battle Clause: Forcing endless battles is banned
|rule|Species Clause: Limit one of each Pokémon
|rule|OHKO Clause: OHKO moves are banned
|rule|Evasion Items Clause: Evasion items are banned
|rule|Evasion Moves Clause: Evasion moves are banned
|rule|Evasion Abilities Clause: Evasion abilities are banned
|rule|Sleep Moves Clause: Sleep-inducing moves are banned
|clearpoke
|poke|p1|Ninetales-Alola, M|
|poke|p1|Ceruledge, M|
|poke|p1|Hatterene, F|
|poke|p1|Great Tusk|
|poke|p1|Ogerpon-Wellspring, F|
|poke|p1|Gliscor, F|
|poke|p2|Greninja-*, M|
|poke|p2|Glimmora, M|
|poke|p2|Garchomp, F|
|poke|p2|Iron Valiant|
|poke|p2|Kingambit, F|
|poke|p2|Ceruledge, F|
|teampreview
|
|t:|1780892919
|teamsize|p1|6
|teamsize|p2|6
|start
|switch|p1a: Ninetales|Ninetales-Alola, M|100/100
|switch|p2a: Iron Valiant|Iron Valiant|100/100
|-weather|Snowscape|[from] ability: Snow Warning|[of] p1a: Ninetales
|-enditem|p2a: Iron Valiant|Booster Energy
|-activate|p2a: Iron Valiant|ability: Quark Drive|[fromitem]
|-start|p2a: Iron Valiant|quarkdrivespe
|turn|1
|inactive|Battle timer is ON: inactive players will automatically lose when time's up. (requested by hyp4roffender)
|
|t:|1780892928
|move|p2a: Iron Valiant|Calm Mind|p2a: Iron Valiant
|-boost|p2a: Iron Valiant|spa|1
|-boost|p2a: Iron Valiant|spd|1
|move|p1a: Ninetales|Aurora Veil|p1a: Ninetales
|-sidestart|p1: hyp4roffender|move: Aurora Veil
|
|-weather|Snowscape|[upkeep]
|upkeep
|turn|2
|
|t:|1780892939
|move|p2a: Iron Valiant|Encore|p1a: Ninetales
|-start|p1a: Ninetales|Encore
|move|p1a: Ninetales|Aurora Veil||[still]
|-fail|p1a: Ninetales
|
|-weather|Snowscape|[upkeep]
|upkeep
|turn|3
|
|t:|1780892959
|switch|p1a: Ogerpon|Ogerpon-Wellspring, F|100/100
|move|p2a: Iron Valiant|Shadow Ball|p1a: Ogerpon
|-damage|p1a: Ogerpon|79/100
|-unboost|p1a: Ogerpon|spd|1
|
|-weather|Snowscape|[upkeep]
|upkeep
|turn|4
|
|t:|1780892967
|move|p2a: Iron Valiant|Shadow Ball|p1a: Ogerpon
|-damage|p1a: Ogerpon|44/100
|-unboost|p1a: Ogerpon|spd|1
|move|p1a: Ogerpon|Ivy Cudgel|p2a: Iron Valiant|[anim] Ivy Cudgel Water
|-damage|p2a: Iron Valiant|22/100
|
|-weather|Snowscape|[upkeep]
|upkeep
|turn|5
|
|t:|1780892974
|move|p2a: Iron Valiant|Moonblast|p1a: Ogerpon
|-damage|p1a: Ogerpon|0 fnt
|faint|p1a: Ogerpon
|
|-weather|none
|upkeep
|
|t:|1780892998
|switch|p1a: Hatterene|Hatterene, F|100/100
|turn|6
|
|t:|1780893005
|move|p2a: Iron Valiant|Shadow Ball|p1a: Hatterene
|-supereffective|p1a: Hatterene
|-damage|p1a: Hatterene|59/100
|move|p1a: Hatterene|Draining Kiss|p2a: Iron Valiant
|-supereffective|p2a: Iron Valiant
|-damage|p2a: Iron Valiant|0 fnt
|-heal|p1a: Hatterene|74/100|[from] drain|[of] p2a: Iron Valiant
|faint|p2a: Iron Valiant
|-end|p2a: Iron Valiant|Quark Drive|[silent]
|
|-heal|p1a: Hatterene|80/100|[from] item: Leftovers
|upkeep
|
|t:|1780893013
|switch|p2a: Kingambit|Kingambit, F|100/100
|-activate|p2a: Kingambit|ability: Supreme Overlord
|-start|p2a: Kingambit|fallen1|[silent]
|turn|7
|
|t:|1780893018
|switch|p1a: Great Tusk|Great Tusk|100/100
|move|p2a: Kingambit|Iron Head|p1a: Great Tusk
|-damage|p1a: Great Tusk|85/100
|
|-heal|p1a: Great Tusk|92/100|[from] item: Leftovers
|upkeep
|turn|8
|j| turquoiselink
|
|t:|1780893030
|-end|p2a: Kingambit|fallen1|[silent]
|switch|p2a: Ceruledge|Ceruledge, F|100/100
|-item|p2a: Ceruledge|Air Balloon
|move|p1a: Great Tusk|Headlong Rush|p2a: Ceruledge
|-immune|p2a: Ceruledge
|
|-heal|p1a: Great Tusk|98/100|[from] item: Leftovers
|-sideend|p1: hyp4roffender|move: Aurora Veil
|upkeep
|turn|9
|
|t:|1780893035
|move|p2a: Ceruledge|Bitter Blade|p1a: Great Tusk
|-damage|p1a: Great Tusk|67/100
|move|p1a: Great Tusk|Ice Spinner|p2a: Ceruledge
|-resisted|p2a: Ceruledge
|-damage|p2a: Ceruledge|83/100
|-ability|p2a: Ceruledge|Weak Armor|boost
|-unboost|p2a: Ceruledge|def|1
|-boost|p2a: Ceruledge|spe|2
|-enditem|p2a: Ceruledge|Air Balloon
|
|-heal|p1a: Great Tusk|73/100|[from] item: Leftovers
|upkeep
|turn|10
|
|t:|1780893041
|move|p2a: Ceruledge|Poltergeist|p1a: Great Tusk|[miss]
|-miss|p2a: Ceruledge|p1a: Great Tusk
|move|p1a: Great Tusk|Headlong Rush|p2a: Ceruledge
|-supereffective|p2a: Ceruledge
|-damage|p2a: Ceruledge|0 fnt
|-unboost|p1a: Great Tusk|def|1
|-unboost|p1a: Great Tusk|spd|1
|faint|p2a: Ceruledge
|
|-heal|p1a: Great Tusk|80/100|[from] item: Leftovers
|upkeep
|
|t:|1780893043
|switch|p2a: Greninja|Greninja, M|100/100
|turn|11
|
|t:|1780893063
|move|p2a: Greninja|Water Shuriken|p1a: Great Tusk
|-supereffective|p1a: Great Tusk
|-damage|p1a: Great Tusk|53/100
|-supereffective|p1a: Great Tusk
|-damage|p1a: Great Tusk|28/100
|-hitcount|p1a: Great Tusk|2
|move|p1a: Great Tusk|Headlong Rush|p2a: Greninja
|-damage|p2a: Greninja|9/100
|-unboost|p1a: Great Tusk|def|1
|-unboost|p1a: Great Tusk|spd|1
|-enditem|p2a: Greninja|Petaya Berry|[eat]
|-boost|p2a: Greninja|spa|1|[from] item: Petaya Berry
|
|-heal|p1a: Great Tusk|34/100|[from] item: Leftovers
|upkeep
|turn|12
|
|t:|1780893071
|move|p2a: Greninja|Water Shuriken|p1a: Great Tusk
|-supereffective|p1a: Great Tusk
|-damage|p1a: Great Tusk|0 fnt
|faint|p1a: Great Tusk
|-end|p1a: Great Tusk|Protosynthesis|[silent]
|-ability|p2a: Greninja|Battle Bond|boost
|-boost|p2a: Greninja|atk|1
|-boost|p2a: Greninja|spa|1
|-boost|p2a: Greninja|spe|1
|-activate|p2a: Greninja|ability: Battle Bond
|-hitcount|p1: Great Tusk|1
|
|upkeep
|
|t:|1780893077
|switch|p1a: Hatterene|Hatterene, F|80/100
|turn|13
|
|t:|1780893085
|move|p2a: Greninja|Dark Pulse|p1a: Hatterene
|-crit|p1a: Hatterene
|-damage|p1a: Hatterene|0 fnt
|faint|p1a: Hatterene
|
|upkeep
|
|t:|1780893090
|switch|p1a: Ceruledge|Ceruledge, M|100/100
|turn|14
|
|t:|1780893095
|-terastallize|p1a: Ceruledge|Bug
|move|p2a: Greninja|Water Shuriken|p1a: Ceruledge
|-damage|p1a: Ceruledge|90/100
|-damage|p1a: Ceruledge|80/100
|-hitcount|p1a: Ceruledge|2
|move|p1a: Ceruledge|Bitter Blade|p2a: Greninja
|-resisted|p2a: Greninja
|-damage|p2a: Greninja|0 fnt
|-heal|p1a: Ceruledge|84/100|[from] drain|[of] p2a: Greninja
|faint|p2a: Greninja
|
|-heal|p1a: Ceruledge|90/100|[from] item: Leftovers
|upkeep
|
|t:|1780893104
|switch|p2a: Glimmora|Glimmora, M|100/100
|turn|15
|
|t:|1780893113
|move|p2a: Glimmora|Meteor Beam||[still]
|-prepare|p2a: Glimmora|Meteor Beam
|-boost|p2a: Glimmora|spa|1
|-enditem|p2a: Glimmora|Power Herb
|-anim|p2a: Glimmora|Meteor Beam|p1a: Ceruledge
|-supereffective|p1a: Ceruledge
|-damage|p1a: Ceruledge|0 fnt
|faint|p1a: Ceruledge
|
|upkeep
|
|t:|1780893116
|switch|p1a: Ninetales|Ninetales-Alola, M|100/100
|-weather|Snowscape|[from] ability: Snow Warning|[of] p1a: Ninetales
|turn|16
|
|t:|1780893120
|move|p1a: Ninetales|Aurora Veil|p1a: Ninetales
|-sidestart|p1: hyp4roffender|move: Aurora Veil
|move|p2a: Glimmora|Stealth Rock|p1a: Ninetales
|-sidestart|p1: hyp4roffender|move: Stealth Rock
|
|-weather|Snowscape|[upkeep]
|upkeep
|turn|17
|
|t:|1780893125
|switch|p1a: Gliscor|Gliscor, F|100/100
|-damage|p1a: Gliscor|88/100|[from] Stealth Rock
|move|p2a: Glimmora|Meteor Beam||[still]
|-prepare|p2a: Glimmora|Meteor Beam
|-boost|p2a: Glimmora|spa|1
|
|-weather|Snowscape|[upkeep]
|-status|p1a: Gliscor|tox|[from] item: Toxic Orb
|upkeep
|turn|18
|j| Champion reko
|
|t:|1780893137
|move|p2a: Glimmora|Meteor Beam|p1a: Gliscor|[from] lockedmove
|-damage|p1a: Gliscor|15/100 tox
|move|p1a: Gliscor|Earthquake|p2a: Glimmora
|-supereffective|p2a: Glimmora
|-damage|p2a: Glimmora|0 fnt
|-activate|p2a: Glimmora|ability: Toxic Debris
|-sidestart|p1: hyp4roffender|move: Toxic Spikes
|faint|p2a: Glimmora
|
|-weather|Snowscape|[upkeep]
|-heal|p1a: Gliscor|28/100 tox|[from] ability: Poison Heal
|upkeep
|
|t:|1780893142
|switch|p2a: Kingambit|Kingambit, F|100/100
|-activate|p2a: Kingambit|ability: Supreme Overlord
|-start|p2a: Kingambit|fallen4|[silent]
|turn|19
|
|t:|1780893149
|-terastallize|p2a: Kingambit|Dark
|move|p1a: Gliscor|Swords Dance|p1a: Gliscor
|-boost|p1a: Gliscor|atk|2
|move|p2a: Kingambit|Kowtow Cleave|p1a: Gliscor
|-damage|p1a: Gliscor|0 fnt
|faint|p1a: Gliscor
|
|-weather|Snowscape|[upkeep]
|upkeep
|
|t:|1780893154
|switch|p1a: Ninetales|Ninetales-Alola, M|100/100
|-damage|p1a: Ninetales|76/100|[from] Stealth Rock
|-status|p1a: Ninetales|psn
|turn|20
|
|t:|1780893160
|move|p1a: Ninetales|Encore|p2a: Kingambit
|-start|p2a: Kingambit|Encore
|move|p2a: Kingambit|Kowtow Cleave|p1a: Ninetales
|-resisted|p1a: Ninetales
|-damage|p1a: Ninetales|53/100 psn
|
|-weather|none
|-damage|p1a: Ninetales|40/100 psn|[from] psn
|upkeep
|turn|21
|
|t:|1780893165
|-end|p2a: Kingambit|fallen4|[silent]
|switch|p2a: Garchomp|Garchomp, F|100/100
|move|p1a: Ninetales|Moonblast|p2a: Garchomp
|-supereffective|p2a: Garchomp
|-damage|p2a: Garchomp|38/100
|-unboost|p2a: Garchomp|spa|1
|
|-damage|p1a: Ninetales|28/100 psn|[from] psn
|upkeep
|turn|22
|
|t:|1780893169
|move|p1a: Ninetales|Moonblast|p2a: Garchomp
|-supereffective|p2a: Garchomp
|-damage|p2a: Garchomp|0 fnt
|faint|p2a: Garchomp
|
|-damage|p1a: Ninetales|16/100 psn|[from] psn
|upkeep
|
|t:|1780893171
|switch|p2a: Kingambit|Kingambit, F, tera:Dark|100/100
|-activate|p2a: Kingambit|ability: Supreme Overlord
|-start|p2a: Kingambit|fallen5|[silent]
|turn|23
|
|t:|1780893174
|move|p2a: Kingambit|Sucker Punch|p1a: Ninetales
|-resisted|p1a: Ninetales
|-damage|p1a: Ninetales|0 fnt
|faint|p1a: Ninetales
|
|win|rockeater9000
|raw|hyp4roffender's rating: 1647 &rarr; <strong>1627</strong><br />(-20 for losing)
|raw|rockeater9000's rating: 1640 &rarr; <strong>1660</strong><br />(+20 for winning)
|l|☆hyp4roffender
|player|p1|
|l|☆rockeater9000
|player|p2|
|l| Champion reko
|l| turquoiselink
