|j|☆li dream
|j|☆waybuloo
|t:|1781090711
|gametype|singles
|player|p1|li dream|cynthia|1645
|player|p2|waybuloo|erika-gen1rb|1593
|gen|9
|tier|[Gen 9] OU
|rated|
|rule|HP Percentage Mod: HP is shown in percentages
|rule|Endless Battle Clause: Forcing endless battles is banned
|rule|Species Clause: Limit one of each Pokémon
|rule|OHKO Clause: OHKO moves are banned
|rule|Evasion Items Clause: Evasion items are banned
|rule|Evasion Moves Clause: Evasion moves are banned
|rule|Evasion Abilities Clause: Evasion abilities are banned
|rule|Sleep Moves Clause: Sleep-inducing moves are banned
|clearpoke
|poke|p1|Manaphy|
|poke|p1|Gliscor, M|
|poke|p1|Hatterene, F|
|poke|p1|Ogerpon-Wellspring, F|
|poke|p1|Raging Bolt|
|poke|p1|Zamazenta-*|
|poke|p2|Tyranitar, F|
|poke|p2|Excadrill, F|
|poke|p2|Latios, M|
|poke|p2|Moltres|
|poke|p2|Chesnaught, F|
|poke|p2|Kingambit, F|
|teampreview
|inactive|Battle timer is ON: inactive players will automatically lose when time's up. (requested by li dream)
|
|t:|1781090718
|teamsize|p1|6
|teamsize|p2|6
|start
|switch|p1a: Zamazenta|Zamazenta|100/100
|switch|p2a: Tyranitar|Tyranitar, F|100/100
|-ability|p1a: Zamazenta|Dauntless Shield|boost
|-boost|p1a: Zamazenta|def|1
|-weather|Sandstorm|[from] ability: Sand Stream|[of] p2a: Tyranitar
|turn|1
|
|t:|1781090721
|move|p1a: Zamazenta|Close Combat|p2a: Tyranitar
|-supereffective|p2a: Tyranitar
|-damage|p2a: Tyranitar|0 fnt
|-unboost|p1a: Zamazenta|def|1
|-unboost|p1a: Zamazenta|spd|1
|faint|p2a: Tyranitar
|
|-weather|Sandstorm|[upkeep]
|-damage|p1a: Zamazenta|94/100|[from] Sandstorm
|upkeep
|
|t:|1781090724
|switch|p2a: Latios|Latios, M|100/100
|turn|2
|c|☆li dream|sz
|
|t:|1781090731
|switch|p1a: Hatterene|Hatterene, F|100/100
|move|p2a: Latios|Psychic Noise|p1a: Hatterene
|-resisted|p1a: Hatterene
|-damage|p1a: Hatterene|80/100
|-start|p1a: Hatterene|move: Heal Block
|
|-weather|Sandstorm|[upkeep]
|-damage|p2a: Latios|95/100|[from] Sandstorm
|-damage|p1a: Hatterene|74/100|[from] Sandstorm
|upkeep
|turn|3
|
|t:|1781090741
|switch|p2a: Moltres|Moltres|100/100
|move|p1a: Hatterene|Mystical Fire|p2a: Moltres
|-resisted|p2a: Moltres
|-damage|p2a: Moltres|93/100
|-unboost|p2a: Moltres|spa|1
|
|-weather|Sandstorm|[upkeep]
|-damage|p2a: Moltres|87/100|[from] Sandstorm
|-damage|p1a: Hatterene|68/100|[from] Sandstorm
|-end|p1a: Hatterene|move: Heal Block
|upkeep
|turn|4
|
|t:|1781090757
|switch|p1a: Raging Bolt|Raging Bolt|100/100
|-enditem|p1a: Raging Bolt|Booster Energy
|-activate|p1a: Raging Bolt|ability: Protosynthesis|[fromitem]
|-start|p1a: Raging Bolt|protosynthesisspa
|move|p2a: Moltres|Flamethrower|p1a: Raging Bolt
|-resisted|p1a: Raging Bolt
|-damage|p1a: Raging Bolt|88/100
|
|-weather|Sandstorm|[upkeep]
|-damage|p1a: Raging Bolt|82/100|[from] Sandstorm
|-damage|p2a: Moltres|81/100|[from] Sandstorm
|upkeep
|turn|5
|
|t:|1781090765
|move|p1a: Raging Bolt|Dragon Pulse|p2a: Moltres
|-damage|p2a: Moltres|34/100
|move|p2a: Moltres|U-turn|p1a: Raging Bolt
|-damage|p1a: Raging Bolt|69/100
|
|t:|1781090767
|switch|p2a: Excadrill|Excadrill, F|100/100|[from] U-turn
|-item|p2a: Excadrill|Air Balloon
|
|-weather|Sandstorm|[upkeep]
|-damage|p1a: Raging Bolt|63/100|[from] Sandstorm
|upkeep
|turn|6
|
|t:|1781090775
|move|p2a: Excadrill|Swords Dance|p2a: Excadrill
|-boost|p2a: Excadrill|atk|2
|move|p1a: Raging Bolt|Dragon Pulse|p2a: Excadrill
|-resisted|p2a: Excadrill
|-damage|p2a: Excadrill|53/100
|-enditem|p2a: Excadrill|Air Balloon
|
|-weather|Sandstorm|[upkeep]
|-damage|p1a: Raging Bolt|57/100|[from] Sandstorm
|upkeep
|turn|7
|
|t:|1781090785
|move|p2a: Excadrill|Rock Slide|p1a: Raging Bolt
|-damage|p1a: Raging Bolt|1/100
|move|p1a: Raging Bolt|Dragon Pulse|p2a: Excadrill
|-resisted|p2a: Excadrill
|-damage|p2a: Excadrill|7/100
|
|-weather|Sandstorm|[upkeep]
|-damage|p1a: Raging Bolt|0 fnt|[from] Sandstorm
|faint|p1a: Raging Bolt
|-end|p1a: Raging Bolt|Protosynthesis|[silent]
|upkeep
|
|t:|1781090799
|switch|p1a: Ogerpon|Ogerpon-Wellspring, F|100/100
|turn|8
|
|t:|1781090804
|move|p2a: Excadrill|Rock Slide|p1a: Ogerpon
|-damage|p1a: Ogerpon|19/100
|move|p1a: Ogerpon|Knock Off|p2a: Excadrill
|-damage|p2a: Excadrill|0 fnt
|faint|p2a: Excadrill
|
|-weather|none
|upkeep
|
|t:|1781090809
|switch|p2a: Latios|Latios, M|95/100
|turn|9
|
|t:|1781090816
|switch|p1a: Hatterene|Hatterene, F|68/100
|move|p2a: Latios|Psychic Noise|p1a: Hatterene
|-resisted|p1a: Hatterene
|-damage|p1a: Hatterene|47/100
|-start|p1a: Hatterene|move: Heal Block
|
|upkeep
|turn|10
|
|t:|1781090828
|switch|p2a: Moltres|Moltres|34/100
|switch|p1a: Gliscor|Gliscor, M|100/100
|
|-status|p1a: Gliscor|tox|[from] item: Toxic Orb
|upkeep
|turn|11
|
|t:|1781090835
|move|p1a: Gliscor|Swords Dance|p1a: Gliscor
|-boost|p1a: Gliscor|atk|2
|move|p2a: Moltres|U-turn|p1a: Gliscor
|-resisted|p1a: Gliscor
|-damage|p1a: Gliscor|95/100 tox
|
|t:|1781090839
|switch|p2a: Chesnaught|Chesnaught, F|100/100|[from] U-turn
|
|-heal|p1a: Gliscor|100/100 tox|[from] ability: Poison Heal
|upkeep
|turn|12
|
|t:|1781090843
|move|p1a: Gliscor|Knock Off|p2a: Chesnaught
|-resisted|p2a: Chesnaught
|-damage|p2a: Chesnaught|89/100
|-damage|p1a: Gliscor|84/100 tox|[from] item: Rocky Helmet|[of] p2a: Chesnaught
|-enditem|p2a: Chesnaught|Rocky Helmet|[from] move: Knock Off|[of] p1a: Gliscor
|move|p2a: Chesnaught|Iron Defense|p2a: Chesnaught
|-boost|p2a: Chesnaught|def|2
|
|-heal|p1a: Gliscor|97/100 tox|[from] ability: Poison Heal
|upkeep
|turn|13
|
|t:|1781090850
|switch|p1a: Zamazenta|Zamazenta|94/100
|move|p2a: Chesnaught|Iron Defense|p2a: Chesnaught
|-boost|p2a: Chesnaught|def|2
|
|upkeep
|turn|14
|
|t:|1781090853
|move|p1a: Zamazenta|Reflect|p1a: Zamazenta
|-sidestart|p1: li dream|Reflect
|move|p2a: Chesnaught|Body Press|p1a: Zamazenta
|-damage|p1a: Zamazenta|45/100
|
|upkeep
|turn|15
|
|t:|1781090867
|switch|p1a: Hatterene|Hatterene, F|47/100
|move|p2a: Chesnaught|Knock Off|p1a: Hatterene
|-damage|p1a: Hatterene|36/100
|-enditem|p1a: Hatterene|Leftovers|[from] move: Knock Off|[of] p2a: Chesnaught
|
|upkeep
|turn|16
|
|t:|1781090879
|switch|p2a: Kingambit|Kingambit, F|100/100
|-activate|p2a: Kingambit|ability: Supreme Overlord
|-start|p2a: Kingambit|fallen2|[silent]
|move|p1a: Hatterene|Draining Kiss|p2a: Kingambit
|-damage|p2a: Kingambit|76/100
|-heal|p1a: Hatterene|59/100|[from] drain|[of] p2a: Kingambit
|
|-heal|p2a: Kingambit|83/100|[from] item: Leftovers
|upkeep
|turn|17
|
|t:|1781090891
|switch|p1a: Manaphy|Manaphy|100/100
|move|p2a: Kingambit|Iron Head|p1a: Manaphy
|-resisted|p1a: Manaphy
|-damage|p1a: Manaphy|89/100
|
|-heal|p1a: Manaphy|96/100|[from] item: Leftovers
|-heal|p2a: Kingambit|89/100|[from] item: Leftovers
|upkeep
|turn|18
|
|t:|1781090895
|-end|p2a: Kingambit|fallen2|[silent]
|switch|p2a: Latios|Latios, M|95/100
|move|p1a: Manaphy|Acid Armor|p1a: Manaphy
|-boost|p1a: Manaphy|def|2
|
|-heal|p1a: Manaphy|100/100|[from] item: Leftovers
|upkeep
|turn|19
|
|t:|1781090898
|move|p2a: Latios|Trick|p1a: Manaphy
|-activate|p2a: Latios|move: Trick|[of] p1a: Manaphy
|-item|p1a: Manaphy|Choice Scarf|[from] move: Trick
|-item|p2a: Latios|Leftovers|[from] move: Trick
|move|p1a: Manaphy|Take Heart|p1a: Manaphy
|-boost|p1a: Manaphy|spa|1
|-boost|p1a: Manaphy|spd|1
|
|-heal|p2a: Latios|100/100|[from] item: Leftovers
|upkeep
|turn|20
|
|t:|1781090908
|switch|p1a: Gliscor|Gliscor, M|97/100 tox
|move|p2a: Latios|Psychic Noise|p1a: Gliscor
|-damage|p1a: Gliscor|60/100 tox
|-start|p1a: Gliscor|move: Heal Block
|
|upkeep
|turn|21
|
|t:|1781090915
|switch|p1a: Hatterene|Hatterene, F|59/100
|move|p2a: Latios|Draco Meteor|p1a: Hatterene
|-immune|p1a: Hatterene
|
|-sideend|p1: li dream|Reflect
|upkeep
|turn|22
|
|t:|1781090920
|switch|p2a: Moltres|Moltres|34/100
|move|p1a: Hatterene|Draining Kiss|p2a: Moltres
|-resisted|p2a: Moltres
|-damage|p2a: Moltres|26/100
|-heal|p1a: Hatterene|66/100|[from] drain|[of] p2a: Moltres
|
|upkeep
|turn|23
|
|t:|1781090923
|move|p2a: Moltres|Roost|p2a: Moltres
|-heal|p2a: Moltres|76/100
|-singleturn|p2a: Moltres|move: Roost
|move|p1a: Hatterene|Calm Mind|p1a: Hatterene
|-boost|p1a: Hatterene|spa|1
|-boost|p1a: Hatterene|spd|1
|
|upkeep
|turn|24
|
|t:|1781090925
|move|p2a: Moltres|U-turn|p1a: Hatterene
|-damage|p1a: Hatterene|53/100
|
|t:|1781090927
|switch|p2a: Kingambit|Kingambit, F|89/100|[from] U-turn
|-activate|p2a: Kingambit|ability: Supreme Overlord
|-start|p2a: Kingambit|fallen2|[silent]
|move|p1a: Hatterene|Calm Mind|p1a: Hatterene
|-boost|p1a: Hatterene|spa|1
|-boost|p1a: Hatterene|spd|1
|
|-heal|p2a: Kingambit|95/100|[from] item: Leftovers
|upkeep
|turn|25
|
|t:|1781090931
|-terastallize|p1a: Hatterene|Water
|move|p2a: Kingambit|Kowtow Cleave|p1a: Hatterene
|-damage|p1a: Hatterene|4/100
|move|p1a: Hatterene|Draining Kiss|p2a: Kingambit
|-damage|p2a: Kingambit|47/100
|-heal|p1a: Hatterene|47/100|[from] drain|[of] p2a: Kingambit
|
|-heal|p2a: Kingambit|53/100|[from] item: Leftovers
|upkeep
|turn|26
|j| Favorite lovestory
|
|t:|1781090941
|switch|p1a: Zamazenta|Zamazenta|45/100
|move|p2a: Kingambit|Kowtow Cleave|p1a: Zamazenta
|-resisted|p1a: Zamazenta
|-damage|p1a: Zamazenta|19/100
|
|-heal|p2a: Kingambit|60/100|[from] item: Leftovers
|upkeep
|turn|27
|
|t:|1781090946
|-end|p2a: Kingambit|fallen2|[silent]
|switch|p2a: Moltres|Moltres|76/100
|move|p1a: Zamazenta|Reflect|p1a: Zamazenta
|-sidestart|p1: li dream|Reflect
|
|upkeep
|turn|28
|
|t:|1781090949
|move|p1a: Zamazenta|Light Screen|p1a: Zamazenta
|-sidestart|p1: li dream|move: Light Screen
|move|p2a: Moltres|Flamethrower|p1a: Zamazenta
|-damage|p1a: Zamazenta|5/100
|
|upkeep
|turn|29
|
|t:|1781090953
|switch|p1a: Ogerpon|Ogerpon-Wellspring, F|19/100
|move|p2a: Moltres|Roost|p2a: Moltres
|-heal|p2a: Moltres|100/100
|-singleturn|p2a: Moltres|move: Roost
|
|upkeep
|turn|30
|
|t:|1781090959
|move|p1a: Ogerpon|Ivy Cudgel|p2a: Moltres|[anim] Ivy Cudgel Water
|-supereffective|p2a: Moltres
|-damage|p2a: Moltres|0 fnt
|faint|p2a: Moltres
|
|upkeep
|
|t:|1781090962
|switch|p2a: Chesnaught|Chesnaught, F|89/100
|turn|31
|
|t:|1781090969
|switch|p1a: Manaphy|Manaphy|100/100
|move|p2a: Chesnaught|Iron Defense|p2a: Chesnaught
|-boost|p2a: Chesnaught|def|2
|
|upkeep
|turn|32
|
|t:|1781090973
|move|p1a: Manaphy|Scald|p2a: Chesnaught
|-resisted|p2a: Chesnaught
|-damage|p2a: Chesnaught|75/100
|move|p2a: Chesnaught|Body Press|p1a: Manaphy
|-damage|p1a: Manaphy|65/100
|
|upkeep
|turn|33
|
|t:|1781090981
|switch|p2a: Latios|Latios, M|100/100
|move|p1a: Manaphy|Scald|p2a: Latios
|-resisted|p2a: Latios
|-damage|p2a: Latios|87/100
|
|-heal|p2a: Latios|93/100|[from] item: Leftovers
|upkeep
|turn|34
|
|t:|1781090986
|switch|p1a: Gliscor|Gliscor, M|60/100 tox
|move|p2a: Latios|Psychic Noise|p1a: Gliscor
|-damage|p1a: Gliscor|43/100 tox
|-start|p1a: Gliscor|move: Heal Block
|
|-heal|p2a: Latios|99/100|[from] item: Leftovers
|-sideend|p1: li dream|Reflect
|upkeep
|turn|35
|
|t:|1781090996
|move|p2a: Latios|Psychic Noise|p1a: Gliscor
|-damage|p1a: Gliscor|26/100 tox
|move|p1a: Gliscor|Knock Off|p2a: Latios
|-supereffective|p2a: Latios
|-damage|p2a: Latios|44/100
|-enditem|p2a: Latios|Leftovers|[from] move: Knock Off|[of] p1a: Gliscor
|
|-end|p1a: Gliscor|move: Heal Block
|-sideend|p1: li dream|move: Light Screen
|upkeep
|turn|36
|
|t:|1781091000
|move|p1a: Gliscor|Protect|p1a: Gliscor
|-singleturn|p1a: Gliscor|Protect
|move|p2a: Latios|Draco Meteor|p1a: Gliscor
|-activate|p1a: Gliscor|move: Protect
|
|-heal|p1a: Gliscor|38/100 tox|[from] ability: Poison Heal
|upkeep
|turn|37
|
|t:|1781091005
|move|p2a: Latios|Draco Meteor|p1a: Gliscor
|-damage|p1a: Gliscor|0 fnt
|-unboost|p2a: Latios|spa|2
|faint|p1a: Gliscor
|
|upkeep
|
|t:|1781091010
|switch|p1a: Hatterene|Hatterene, F, tera:Water|47/100
|turn|38
|
|t:|1781091017
|move|p2a: Latios|Psychic Noise|p1a: Hatterene
|-damage|p1a: Hatterene|25/100
|-start|p1a: Hatterene|move: Heal Block
|cant|p1a: Hatterene|move: Heal Block|Draining Kiss
|
|upkeep
|turn|39
|-message|li dream forfeited.
|
|win|waybuloo
|raw|li dream's rating: 1645 &rarr; <strong>1622</strong><br />(-23 for losing)
|raw|waybuloo's rating: 1593 &rarr; <strong>1616</strong><br />(+23 for winning)
|l|☆li dream
|player|p1|
|l|☆waybuloo
|player|p2|
|l| Favorite lovestory
