|j|☆stone xo
|j|☆Izlymoney
|t:|1781373111
|gametype|singles
|player|p1|stone xo|265|1561
|player|p2|Izlymoney|265|1541
|gen|9
|tier|[Gen 9] OU
|rated|
|rule|HP Percentage Mod: HP is shown in percentages
|rule|Endless Battle Clause: Forcing endless battles is banned
|rule|Species Clause: Limit one of each Pokémon
|rule|OHKO Clause: OHKO moves are banned
|rule|Evasion Items Clause: Evasion items are banned
|rule|Evasion Moves Clause: Evasion moves are banned
|rule|Evasion Abilities Clause: Evasion abilities are banned
|rule|Sleep Moves Clause: Sleep-inducing moves are banned
|clearpoke
|poke|p1|Torkoal, M|
|poke|p1|Walking Wake|
|poke|p1|Hatterene, F|
|poke|p1|Landorus-Therian, M|
|poke|p1|Iron Moth|
|poke|p1|Raging Bolt|
|poke|p2|Cramorant, F|
|poke|p2|Gallade, M|
|poke|p2|Kingambit, M|
|poke|p2|Iron Moth|
|poke|p2|Enamorus, F|
|poke|p2|Ogerpon-Cornerstone, F|
|teampreview
|inactive|Battle timer is ON: inactive players will automatically lose when time's up. (requested by stone xo)
|j| ogkbee
|
|t:|1781373137
|teamsize|p1|6
|teamsize|p2|6
|start
|switch|p1a: Spencer Torkbomb|Torkoal, M, shiny|100/100
|switch|p2a: Cramorant|Cramorant, F, shiny|100/100
|-weather|SunnyDay|[from] ability: Drought|[of] p1a: Spencer Torkbomb
|turn|1
|
|t:|1781373140
|switch|p1a: Josh Hatter|Hatterene, F|100/100
|move|p2a: Cramorant|Surf|p1a: Josh Hatter
|-formechange|p2a: Cramorant|Cramorant-Gulping|
|-damage|p1a: Josh Hatter|87/100
|-enditem|p1a: Josh Hatter|Eject Button
|
|t:|1781373143
|switch|p1a: Raging Jackson|Raging Bolt|100/100
|-activate|p1a: Raging Jackson|ability: Protosynthesis
|-start|p1a: Raging Jackson|protosynthesisspa
|
|-weather|SunnyDay|[upkeep]
|upkeep
|turn|2
|
|t:|1781373146
|move|p2a: Cramorant|Tailwind|p2a: Cramorant
|-sidestart|p2: Izlymoney|move: Tailwind
|move|p1a: Raging Jackson|Thunderbolt|p2a: Cramorant
|-supereffective|p2a: Cramorant
|-enditem|p2a: Cramorant|Focus Sash
|-damage|p2a: Cramorant|1/100
|-damage|p1a: Raging Jackson|76/100|[from] ability: Gulp Missile|[of] p2a: Cramorant
|-unboost|p1a: Raging Jackson|def|1
|-formechange|p2a: Cramorant|Cramorant|
|
|-weather|SunnyDay|[upkeep]
|-heal|p1a: Raging Jackson|82/100|[from] item: Leftovers
|upkeep
|turn|3
|
|t:|1781373172
|move|p2a: Cramorant|Surf|p1a: Raging Jackson
|-formechange|p2a: Cramorant|Cramorant-Gorging|
|-resisted|p1a: Raging Jackson
|-crit|p1a: Raging Jackson
|-damage|p1a: Raging Jackson|71/100
|move|p1a: Raging Jackson|Thunderbolt|p2a: Cramorant
|-supereffective|p2a: Cramorant
|-damage|p2a: Cramorant|0 fnt
|-damage|p1a: Raging Jackson|46/100|[from] ability: Gulp Missile|[of] p2a: Cramorant
|-formechange|p2a: Cramorant|Cramorant|
|faint|p2a: Cramorant
|
|-weather|SunnyDay|[upkeep]
|-heal|p1a: Raging Jackson|52/100|[from] item: Leftovers
|upkeep
|
|t:|1781373179
|switch|p2a: Gallade|Gallade, M|100/100
|turn|4
|
|t:|1781373185
|-end|p1a: Raging Jackson|Protosynthesis|[silent]
|switch|p1a: Francisco Landor|Landorus-Therian, M|100/100
|-ability|p1a: Francisco Landor|Intimidate|boost
|-unboost|p2a: Gallade|atk|1
|move|p2a: Gallade|Swords Dance|p2a: Gallade
|-boost|p2a: Gallade|atk|2
|
|-weather|SunnyDay|[upkeep]
|upkeep
|turn|5
|
|t:|1781373189
|switch|p1a: Josh Hatter|Hatterene, F|87/100
|move|p2a: Gallade|Psycho Cut|p1a: Josh Hatter
|-resisted|p1a: Josh Hatter
|-damage|p1a: Josh Hatter|42/100
|
|-weather|SunnyDay|[upkeep]
|-sideend|p2: Izlymoney|move: Tailwind
|upkeep
|turn|6
|
|t:|1781373204
|move|p2a: Gallade|Psycho Cut|p1a: Josh Hatter
|-resisted|p1a: Josh Hatter
|-damage|p1a: Josh Hatter|0 fnt
|faint|p1a: Josh Hatter
|
|-weather|SunnyDay|[upkeep]
|upkeep
|
|t:|1781373212
|switch|p1a: Iron Mookie|Iron Moth, shiny|100/100
|turn|7
|
|t:|1781373216
|move|p1a: Iron Mookie|Fiery Dance|p2a: Gallade
|-enditem|p2a: Gallade|Focus Sash
|-damage|p2a: Gallade|1/100
|-boost|p1a: Iron Mookie|spa|1
|move|p2a: Gallade|Psycho Cut|p1a: Iron Mookie
|-supereffective|p1a: Iron Mookie
|-damage|p1a: Iron Mookie|0 fnt
|faint|p1a: Iron Mookie
|-end|p1a: Iron Mookie|Quark Drive|[silent]
|
|-weather|SunnyDay|[upkeep]
|upkeep
|
|t:|1781373222
|switch|p1a: Francisco Landor|Landorus-Therian, M|100/100
|-ability|p1a: Francisco Landor|Intimidate|boost
|-unboost|p2a: Gallade|atk|1
|turn|8
|
|t:|1781373234
|move|p1a: Francisco Landor|U-turn|p2a: Gallade
|-damage|p2a: Gallade|0 fnt
|faint|p2a: Gallade
|j| akabrithan
|
|t:|1781373238
|switch|p1a: Spencer Torkbomb|Torkoal, M, shiny|100/100|[from] U-turn
|
|-weather|none
|upkeep
|l| akabrithan
|
|t:|1781373244
|switch|p2a: Ogerpon|Ogerpon-Cornerstone, F|100/100
|turn|9
|
|t:|1781373250
|move|p2a: Ogerpon|Ivy Cudgel|p1a: Spencer Torkbomb|[anim] Ivy Cudgel Rock
|-supereffective|p1a: Spencer Torkbomb
|-damage|p1a: Spencer Torkbomb|11/100
|move|p1a: Spencer Torkbomb|Will-O-Wisp|p2a: Ogerpon
|-status|p2a: Ogerpon|brn
|
|-damage|p2a: Ogerpon|95/100 brn|[from] brn
|upkeep
|turn|10
|
|t:|1781373256
|switch|p1a: Francisco Landor|Landorus-Therian, M|100/100
|-ability|p1a: Francisco Landor|Intimidate|boost
|-unboost|p2a: Ogerpon|atk|1
|move|p2a: Ogerpon|Ivy Cudgel|p1a: Francisco Landor|[anim] Ivy Cudgel Rock
|-damage|p1a: Francisco Landor|77/100
|
|-heal|p1a: Francisco Landor|83/100|[from] item: Leftovers
|-damage|p2a: Ogerpon|89/100 brn|[from] brn
|upkeep
|turn|11
|
|t:|1781373267
|move|p2a: Ogerpon|Swords Dance|p2a: Ogerpon
|-boost|p2a: Ogerpon|atk|2
|move|p1a: Francisco Landor|U-turn|p2a: Ogerpon
|-supereffective|p2a: Ogerpon
|-damage|p2a: Ogerpon|22/100 brn
|
|t:|1781373272
|switch|p1a: Walking Buehler|Walking Wake|100/100|[from] U-turn
|
|-damage|p2a: Ogerpon|16/100 brn|[from] brn
|upkeep
|turn|12
|
|t:|1781373282
|move|p1a: Walking Buehler|Hydro Steam|p2a: Ogerpon
|-damage|p2a: Ogerpon|0 fnt
|faint|p2a: Ogerpon
|
|upkeep
|
|t:|1781373285
|switch|p2a: Enamorus|Enamorus, F|100/100
|turn|13
|
|t:|1781373292
|-end|p1a: Walking Buehler|Protosynthesis|[silent]
|switch|p1a: Spencer Torkbomb|Torkoal, M, shiny|11/100
|-weather|SunnyDay|[from] ability: Drought|[of] p1a: Spencer Torkbomb
|move|p2a: Enamorus|Moonblast|p1a: Spencer Torkbomb
|-resisted|p1a: Spencer Torkbomb
|-damage|p1a: Spencer Torkbomb|0 fnt
|faint|p1a: Spencer Torkbomb
|
|-weather|SunnyDay|[upkeep]
|upkeep
|
|t:|1781373298
|switch|p1a: Walking Buehler|Walking Wake|100/100
|-activate|p1a: Walking Buehler|ability: Protosynthesis
|-start|p1a: Walking Buehler|protosynthesisspa
|turn|14
|
|t:|1781373302
|-terastallize|p1a: Walking Buehler|Water
|move|p1a: Walking Buehler|Hydro Steam|p2a: Enamorus
|-enditem|p2a: Enamorus|Focus Sash
|-damage|p2a: Enamorus|1/100
|move|p2a: Enamorus|Moonblast|p1a: Walking Buehler
|-damage|p1a: Walking Buehler|46/100
|-unboost|p1a: Walking Buehler|spa|1
|
|-weather|SunnyDay|[upkeep]
|upkeep
|turn|15
|
|t:|1781373308
|move|p1a: Walking Buehler|Hydro Steam|p2a: Enamorus
|-damage|p2a: Enamorus|0 fnt
|faint|p2a: Enamorus
|
|-weather|SunnyDay|[upkeep]
|upkeep
|
|t:|1781373310
|switch|p2a: Kingambit|Kingambit, M|100/100
|-activate|p2a: Kingambit|ability: Supreme Overlord
|-start|p2a: Kingambit|fallen4|[silent]
|turn|16
|
|t:|1781373316
|-end|p1a: Walking Buehler|Protosynthesis|[silent]
|switch|p1a: Raging Jackson|Raging Bolt|52/100
|-activate|p1a: Raging Jackson|ability: Protosynthesis
|-start|p1a: Raging Jackson|protosynthesisspa
|move|p2a: Kingambit|Swords Dance|p2a: Kingambit
|-boost|p2a: Kingambit|atk|2
|
|-weather|SunnyDay|[upkeep]
|-heal|p1a: Raging Jackson|58/100|[from] item: Leftovers
|upkeep
|turn|17
|
|t:|1781373323
|move|p2a: Kingambit|Low Kick|p1a: Raging Jackson
|-damage|p1a: Raging Jackson|0 fnt
|faint|p1a: Raging Jackson
|-end|p1a: Raging Jackson|Protosynthesis|[silent]
|-damage|p2a: Kingambit|91/100|[from] item: Life Orb
|
|-weather|SunnyDay|[upkeep]
|upkeep
|
|t:|1781373329
|switch|p1a: Francisco Landor|Landorus-Therian, M|83/100
|-ability|p1a: Francisco Landor|Intimidate|boost
|-unboost|p2a: Kingambit|atk|1
|turn|18
|
|t:|1781373336
|-terastallize|p2a: Kingambit|Ghost
|move|p1a: Francisco Landor|Earthquake|p2a: Kingambit
|-damage|p2a: Kingambit|41/100
|move|p2a: Kingambit|Iron Head|p1a: Francisco Landor
|-damage|p1a: Francisco Landor|0 fnt
|faint|p1a: Francisco Landor
|-damage|p2a: Kingambit|31/100|[from] item: Life Orb
|
|-weather|SunnyDay|[upkeep]
|upkeep
|
|t:|1781373340
|switch|p1a: Walking Buehler|Walking Wake, tera:Water|46/100
|-activate|p1a: Walking Buehler|ability: Protosynthesis
|-start|p1a: Walking Buehler|protosynthesisspa
|turn|19
|-message|stone xo forfeited.
|
|t:|1781373344
|move|p2a: Kingambit|Sucker Punch|p1a: Walking Buehler
|-damage|p1a: Walking Buehler|0 fnt
|faint|p1a: Walking Buehler
|-end|p1a: Walking Buehler|Protosynthesis|[silent]
|-damage|p2a: Kingambit|21/100|[from] item: Life Orb
|
|win|Izlymoney
|raw|stone xo's rating: 1561 &rarr; <strong>1540</strong><br />(-21 for losing)
|raw|Izlymoney's rating: 1541 &rarr; <strong>1562</strong><br />(+21 for winning)
|l|☆stone xo
|player|p1|
|l| ogkbee
|l|☆Izlymoney
|player|p2|
