|j|☆altyWIN
|j|☆Pig Perfect
|t:|1781488697
|gametype|singles
|player|p1|altyWIN|backpacker|1538
|player|p2|Pig Perfect|workerice|1548
|gen|9
|tier|[Gen 9] OU
|rated|
|rule|HP Percentage Mod: HP is shown in percentages
|rule|Endless Battle Clause: Forcing endless battles is banned
|rule|Species Clause: Limit one of each Pokémon
|rule|OHKO Clause: OHKO moves are banned
|rule|Evasion Items Clause: Evasion items are banned
|rule|Evasion Moves Clause: Evasion moves are banned
|rule|Evasion Abilities Clause: Evasion abilities are banned
|rule|Sleep Moves Clause: Sleep-inducing moves are banned
|clearpoke
|poke|p1|Excadrill, M|
|poke|p1|Tyranitar, M|
|poke|p1|Hydrapple, M|
|poke|p1|Alomomola, L99, M|
|poke|p1|Hatterene, F|
|poke|p1|Zapdos|
|poke|p2|Great Tusk|
|poke|p2|Hatterene, F|
|poke|p2|Heatran, F|
|poke|p2|Ninetales, M|
|poke|p2|Sawsbuck-Summer, F|
|poke|p2|Walking Wake|
|teampreview
|
|t:|1781488705
|teamsize|p1|6
|teamsize|p2|6
|start
|switch|p1a: Goatyranny|Tyranitar, M|100/100
|switch|p2a: Walking Wake|Walking Wake|100/100
|-weather|Sandstorm|[from] ability: Sand Stream|[of] p1a: Goatyranny
|turn|1
|inactive|Battle timer is ON: inactive players will automatically lose when time's up. (requested by altyWIN)
|
|t:|1781488718
|move|p2a: Walking Wake|Flip Turn|p1a: Goatyranny
|-supereffective|p1a: Goatyranny
|-damage|p1a: Goatyranny|71/100
|
|t:|1781488725
|-end|p2a: Walking Wake|Protosynthesis|[silent]
|switch|p2a: Great Tusk|Great Tusk|100/100|[from] Flip Turn
|move|p1a: Goatyranny|Stone Edge|p2a: Great Tusk|[miss]
|-miss|p1a: Goatyranny|p2a: Great Tusk
|
|-weather|Sandstorm|[upkeep]
|upkeep
|turn|2
|
|t:|1781488731
|switch|p1a: FreeCaneMerchant|Zapdos|100/100
|move|p2a: Great Tusk|Knock Off|p1a: FreeCaneMerchant
|-damage|p1a: FreeCaneMerchant|60/100
|-enditem|p1a: FreeCaneMerchant|Choice Specs|[from] move: Knock Off|[of] p2a: Great Tusk
|
|-weather|Sandstorm|[upkeep]
|-damage|p1a: FreeCaneMerchant|54/100|[from] Sandstorm
|upkeep
|turn|3
|
|t:|1781488741
|-end|p2a: Great Tusk|Protosynthesis|[silent]
|switch|p2a: Heatran|Heatran, F|100/100
|-item|p2a: Heatran|Air Balloon
|move|p1a: FreeCaneMerchant|Hurricane|p2a: Heatran
|-resisted|p2a: Heatran
|-damage|p2a: Heatran|74/100
|-start|p2a: Heatran|confusion
|-enditem|p2a: Heatran|Air Balloon
|
|-weather|Sandstorm|[upkeep]
|-damage|p1a: FreeCaneMerchant|47/100|[from] Sandstorm
|upkeep
|turn|4
|
|t:|1781488752
|move|p1a: FreeCaneMerchant|Volt Switch|p2a: Heatran
|-damage|p2a: Heatran|35/100
|
|t:|1781488768
|switch|p1a: Goatyranny|Tyranitar, M|71/100|[from] Volt Switch
|-activate|p2a: Heatran|confusion
|move|p2a: Heatran|Power Gem|p1a: Goatyranny
|-damage|p1a: Goatyranny|54/100
|
|-weather|Sandstorm|[upkeep]
|upkeep
|turn|5
|
|t:|1781488784
|switch|p2a: Great Tusk|Great Tusk|100/100
|move|p1a: Goatyranny|Knock Off|p2a: Great Tusk
|-resisted|p2a: Great Tusk
|-damage|p2a: Great Tusk|67/100
|-damage|p1a: Goatyranny|37/100|[from] item: Rocky Helmet|[of] p2a: Great Tusk
|-enditem|p2a: Great Tusk|Rocky Helmet|[from] move: Knock Off|[of] p1a: Goatyranny
|
|-weather|none
|upkeep
|turn|6
|
|t:|1781488808
|switch|p1a: Cardi B|Alomomola, L99, M|100/100
|move|p2a: Great Tusk|Headlong Rush|p1a: Cardi B
|-damage|p1a: Cardi B|63/100
|-unboost|p2a: Great Tusk|def|1
|-unboost|p2a: Great Tusk|spd|1
|
|upkeep
|turn|7
|
|t:|1781488823
|-end|p2a: Great Tusk|Protosynthesis|[silent]
|switch|p2a: Hatterene|Hatterene, F|100/100
|move|p1a: Cardi B|Flip Turn|p2a: Hatterene
|-damage|p2a: Hatterene|87/100
|-enditem|p2a: Hatterene|Eject Button
|
|t:|1781488831
|switch|p2a: Sawsbuck|Sawsbuck-Summer, F|100/100
|
|upkeep
|turn|8
|inactive|altyWIN has 120 seconds left.
|inactive|altyWIN has 90 seconds left.
|
|t:|1781488899
|move|p2a: Sawsbuck|Horn Leech|p1a: Cardi B
|-supereffective|p1a: Cardi B
|-damage|p1a: Cardi B|8/100
|-damage|p2a: Sawsbuck|91/100|[from] item: Life Orb
|move|p1a: Cardi B|Flip Turn|p2a: Sawsbuck
|-resisted|p2a: Sawsbuck
|-damage|p2a: Sawsbuck|79/100
|inactive|altyWIN has 60 seconds left.
|
|t:|1781488932
|switch|p1a: Childinthemines|Excadrill, M|100/100|[from] Flip Turn
|
|upkeep
|turn|9
|inactive|altyWIN has 60 seconds left.
|
|t:|1781488941
|move|p1a: Childinthemines|Iron Head|p2a: Sawsbuck
|-damage|p2a: Sawsbuck|0 fnt
|faint|p2a: Sawsbuck
|
|upkeep
|
|t:|1781488949
|switch|p2a: Heatran|Heatran, F|35/100
|turn|10
|inactive|altyWIN has 60 seconds left.
|
|t:|1781488966
|switch|p1a: Hydrippy|Hydrapple, M|100/100
|move|p2a: Heatran|Stealth Rock|p1a: Hydrippy
|-sidestart|p1: altyWIN|move: Stealth Rock
|
|upkeep
|turn|11
|
|t:|1781488975
|switch|p2a: Walking Wake|Walking Wake|100/100
|move|p1a: Hydrippy|Earth Power|p2a: Walking Wake
|-damage|p2a: Walking Wake|83/100
|
|upkeep
|turn|12
|inactive|altyWIN has 60 seconds left.
|
|t:|1781488992
|switch|p1a: Kim K|Hatterene, F|100/100
|-damage|p1a: Kim K|88/100|[from] Stealth Rock
|move|p2a: Walking Wake|Draco Meteor|p1a: Kim K
|-immune|p1a: Kim K
|
|upkeep
|turn|13
|inactive|altyWIN has 60 seconds left.
|
|t:|1781489019
|switch|p1a: Cardi B|Alomomola, L99, M|42/100
|move|p2a: Walking Wake|Flip Turn|p1a: Cardi B
|-resisted|p1a: Cardi B
|-damage|p1a: Cardi B|37/100
|inactive|Pig Perfect has 120 seconds left.
|inactive|Pig Perfect has 90 seconds left.
|inactive|Pig Perfect has 60 seconds left.
|
|t:|1781489112
|-end|p2a: Walking Wake|Protosynthesis|[silent]
|switch|p2a: Great Tusk|Great Tusk|67/100|[from] Flip Turn
|
|upkeep
|turn|14
|
|t:|1781489125
|switch|p1a: Hydrippy|Hydrapple, M|100/100
|move|p2a: Great Tusk|Headlong Rush|p1a: Hydrippy
|-resisted|p1a: Hydrippy
|-damage|p1a: Hydrippy|84/100
|-unboost|p2a: Great Tusk|def|1
|-unboost|p2a: Great Tusk|spd|1
|
|upkeep
|turn|15
|inactive|Pig Perfect has 30 seconds left.
|inactive|Pig Perfect has 20 seconds left.
|inactive|Pig Perfect has 15 seconds left.
|inactive|Pig Perfect has 10 seconds left.
|inactive|Pig Perfect has 5 seconds left.
|-message|Pig Perfect lost due to inactivity.
|
|win|altyWIN
|raw|altyWIN's rating: 1538 &rarr; <strong>1559</strong><br />(+21 for winning)
|raw|Pig Perfect's rating: 1548 &rarr; <strong>1527</strong><br />(-21 for losing)
|l|☆altyWIN
|player|p1|
