|j|☆uniandes5
|j|☆Johnny tots
|t:|1781282245
|gametype|singles
|player|p1|uniandes5|2|1659
|player|p2|Johnny tots|101|1760
|gen|9
|tier|[Gen 9] OU
|rated|
|rule|HP Percentage Mod: HP is shown in percentages
|rule|Endless Battle Clause: Forcing endless battles is banned
|rule|Species Clause: Limit one of each Pokémon
|rule|OHKO Clause: OHKO moves are banned
|rule|Evasion Items Clause: Evasion items are banned
|rule|Evasion Moves Clause: Evasion moves are banned
|rule|Evasion Abilities Clause: Evasion abilities are banned
|rule|Sleep Moves Clause: Sleep-inducing moves are banned
|clearpoke
|poke|p1|Grimmsnarl, M|
|poke|p1|Latias, F|
|poke|p1|Tinkaton, F|
|poke|p1|Volcanion|
|poke|p1|Mew|
|poke|p1|Dragapult, F|
|poke|p2|Rillaboom, M|
|poke|p2|Klefki, M|
|poke|p2|Manaphy|
|poke|p2|Ogerpon-Wellspring, F|
|poke|p2|Dragapult, M|
|poke|p2|Clefable, F|
|teampreview
|l|☆Johnny tots
|player|p2|
|j|☆Johnny tots
|player|p2|Johnny tots|101|
|
|t:|1781282290
|teamsize|p1|6
|teamsize|p2|6
|start
|switch|p1a: Dragapult|Dragapult, F|100/100
|switch|p2a: Klefki|Klefki, M|100/100
|turn|1
|
|t:|1781282298
|move|p2a: Klefki|Thunder Wave|p1a: Dragapult
|-status|p1a: Dragapult|par
|move|p1a: Dragapult|Thunder Wave|p2a: Klefki
|-status|p2a: Klefki|par
|
|upkeep
|turn|2
|
|t:|1781282304
|move|p2a: Klefki|Spikes|p1a: Dragapult
|-sidestart|p1: uniandes5|Spikes
|move|p1a: Dragapult|Hex|p2a: Klefki
|-damage|p2a: Klefki|28/100 par
|
|upkeep
|turn|3
|
|t:|1781282317
|move|p2a: Klefki|Light Screen|p2a: Klefki
|-sidestart|p2: Johnny tots|move: Light Screen
|move|p1a: Dragapult|Hex|p2a: Klefki
|-damage|p2a: Klefki|0 fnt
|faint|p2a: Klefki
|
|upkeep
|
|t:|1781282320
|switch|p2a: Cutmylifein2|Dragapult, M|100/100
|turn|4
|
|t:|1781282328
|switch|p1a: Grimmsnarl|Grimmsnarl, M|100/100
|-damage|p1a: Grimmsnarl|88/100|[from] Spikes
|move|p2a: Cutmylifein2|Dragon Darts|p1a: Grimmsnarl
|-immune|p1a: Grimmsnarl
|
|upkeep
|turn|5
|
|t:|1781282334
|switch|p2a: Rillaboom|Rillaboom, M|100/100
|-fieldstart|move: Grassy Terrain|[from] ability: Grassy Surge|[of] p2a: Rillaboom
|move|p1a: Grimmsnarl|Light Screen|p1a: Grimmsnarl
|-sidestart|p1: uniandes5|move: Light Screen
|
|-heal|p1a: Grimmsnarl|94/100|[from] Grassy Terrain
|upkeep
|turn|6
|
|t:|1781282341
|move|p1a: Grimmsnarl|Reflect|p1a: Grimmsnarl
|-sidestart|p1: uniandes5|Reflect
|move|p2a: Rillaboom|Bulk Up|p2a: Rillaboom
|-boost|p2a: Rillaboom|atk|1
|-boost|p2a: Rillaboom|def|1
|
|-heal|p1a: Grimmsnarl|99/100|[from] Grassy Terrain
|upkeep
|turn|7
|
|t:|1781282344
|move|p1a: Grimmsnarl|Thunder Wave|p2a: Rillaboom
|-status|p2a: Rillaboom|par
|move|p2a: Rillaboom|Bulk Up|p2a: Rillaboom
|-boost|p2a: Rillaboom|atk|1
|-boost|p2a: Rillaboom|def|1
|
|-heal|p1a: Grimmsnarl|100/100|[from] Grassy Terrain
|upkeep
|turn|8
|
|t:|1781282351
|switch|p1a: Tinkaton|Tinkaton, F|100/100
|-damage|p1a: Tinkaton|88/100|[from] Spikes
|-ability|p1a: Tinkaton|Mold Breaker
|cant|p2a: Rillaboom|par
|
|-heal|p1a: Tinkaton|94/100|[from] Grassy Terrain
|upkeep
|turn|9
|
|t:|1781282357
|move|p1a: Tinkaton|Foul Play|p2a: Rillaboom
|-damage|p2a: Rillaboom|64/100 par
|move|p2a: Rillaboom|High Horsepower|p1a: Tinkaton
|-supereffective|p1a: Tinkaton
|-damage|p1a: Tinkaton|28/100
|-enditem|p1a: Tinkaton|Red Card|[of] p2a: Rillaboom
|drag|p2a: Clefable|Clefable, F|100/100
|
|-heal|p1a: Tinkaton|34/100|[from] Grassy Terrain
|upkeep
|turn|10
|
|t:|1781282366
|switch|p2a: Ogerpon|Ogerpon-Wellspring, F|100/100
|move|p1a: Tinkaton|Knock Off|p2a: Ogerpon
|-crit|p2a: Ogerpon
|-damage|p2a: Ogerpon|71/100
|
|-heal|p2a: Ogerpon|77/100|[from] Grassy Terrain
|-heal|p1a: Tinkaton|40/100|[from] Grassy Terrain
|-sideend|p2: Johnny tots|move: Light Screen
|upkeep
|turn|11
|
|t:|1781282377
|move|p2a: Ogerpon|Encore|p1a: Tinkaton
|-start|p1a: Tinkaton|Encore
|move|p1a: Tinkaton|Knock Off|p2a: Ogerpon
|-damage|p2a: Ogerpon|57/100
|
|-heal|p2a: Ogerpon|63/100|[from] Grassy Terrain
|-heal|p1a: Tinkaton|46/100|[from] Grassy Terrain
|upkeep
|turn|12
|
|t:|1781282381
|switch|p1a: Volcanion|Volcanion|100/100
|move|p2a: Ogerpon|Swords Dance|p2a: Ogerpon
|-boost|p2a: Ogerpon|atk|2
|
|-heal|p2a: Ogerpon|69/100|[from] Grassy Terrain
|-sideend|p1: uniandes5|move: Light Screen
|-fieldend|move: Grassy Terrain
|upkeep
|turn|13
|
|t:|1781282385
|move|p2a: Ogerpon|Power Whip|p1a: Volcanion
|-damage|p1a: Volcanion|53/100
|move|p1a: Volcanion|Flamethrower|p2a: Ogerpon
|-damage|p2a: Ogerpon|10/100
|
|-sideend|p1: uniandes5|Reflect
|upkeep
|turn|14
|
|t:|1781282392
|switch|p1a: Tinkaton|Tinkaton, F|46/100
|-damage|p1a: Tinkaton|34/100|[from] Spikes
|-ability|p1a: Tinkaton|Mold Breaker
|move|p2a: Ogerpon|Power Whip|p1a: Tinkaton
|-resisted|p1a: Tinkaton
|-damage|p1a: Tinkaton|0 fnt
|faint|p1a: Tinkaton
|
|upkeep
|
|t:|1781282400
|switch|p1a: Mew|Mew|100/100
|-damage|p1a: Mew|88/100|[from] Spikes
|turn|15
|
|t:|1781282404
|move|p2a: Ogerpon|Ivy Cudgel|p1a: Mew|[anim] Ivy Cudgel Water
|-damage|p1a: Mew|12/100
|move|p1a: Mew|Drain Punch|p2a: Ogerpon
|-damage|p2a: Ogerpon|0 fnt
|-heal|p1a: Mew|16/100|[from] drain|[of] p2a: Ogerpon
|faint|p2a: Ogerpon
|
|upkeep
|
|t:|1781282419
|switch|p2a: Cutmylifein2|Dragapult, M|100/100
|turn|16
|
|t:|1781282422
|move|p2a: Cutmylifein2|Dragon Dance|p2a: Cutmylifein2
|-boost|p2a: Cutmylifein2|atk|1
|-boost|p2a: Cutmylifein2|spe|1
|move|p1a: Mew|Ice Punch|p2a: Cutmylifein2
|-supereffective|p2a: Cutmylifein2
|-damage|p2a: Cutmylifein2|58/100
|
|-heal|p2a: Cutmylifein2|64/100|[from] item: Leftovers
|upkeep
|turn|17
|
|t:|1781282435
|move|p2a: Cutmylifein2|Substitute|p2a: Cutmylifein2
|-start|p2a: Cutmylifein2|Substitute
|-damage|p2a: Cutmylifein2|40/100
|move|p1a: Mew|Ice Punch|p2a: Cutmylifein2
|-supereffective|p2a: Cutmylifein2
|-end|p2a: Cutmylifein2|Substitute
|
|-heal|p2a: Cutmylifein2|46/100|[from] item: Leftovers
|upkeep
|turn|18
|
|t:|1781282451
|-terastallize|p2a: Cutmylifein2|Normal
|move|p2a: Cutmylifein2|Substitute|p2a: Cutmylifein2
|-start|p2a: Cutmylifein2|Substitute
|-damage|p2a: Cutmylifein2|21/100
|move|p1a: Mew|Ice Punch|p2a: Cutmylifein2
|-activate|p2a: Cutmylifein2|move: Substitute|[damage]
|
|-heal|p2a: Cutmylifein2|27/100|[from] item: Leftovers
|upkeep
|turn|19
|
|t:|1781282456
|move|p2a: Cutmylifein2|Dragon Darts|p1a: Mew
|-damage|p1a: Mew|0 fnt
|faint|p1a: Mew
|
|-heal|p2a: Cutmylifein2|33/100|[from] item: Leftovers
|upkeep
|
|t:|1781282466
|switch|p1a: Grimmsnarl|Grimmsnarl, M|100/100
|-damage|p1a: Grimmsnarl|88/100|[from] Spikes
|turn|20
|
|t:|1781282469
|move|p1a: Grimmsnarl|Reflect|p1a: Grimmsnarl
|-sidestart|p1: uniandes5|Reflect
|move|p2a: Cutmylifein2|Last Resort|p1a: Grimmsnarl
|-damage|p1a: Grimmsnarl|0 fnt
|faint|p1a: Grimmsnarl
|
|-heal|p2a: Cutmylifein2|39/100|[from] item: Leftovers
|upkeep
|inactive|Battle timer is ON: inactive players will automatically lose when time's up. (requested by Johnny tots)
|l|☆Johnny tots
|inactive|Johnny tots disconnected and has a minute to reconnect!
|player|p2|
|inactive|uniandes5 has 120 seconds left.
|j| kokosleeping
|
|t:|1781282543
|switch|p1a: Volcanion|Volcanion|53/100
|turn|21
|j|☆Johnny tots
|inactive|Johnny tots reconnected and has 150 seconds left.
|player|p2|Johnny tots|101|
|
|t:|1781282547
|move|p2a: Cutmylifein2|Dragon Darts|p1a: Volcanion
|-crit|p1a: Volcanion
|-damage|p1a: Volcanion|12/100
|-anim|p2a: Cutmylifein2|Dragon Darts|p1a: Volcanion
|-damage|p1a: Volcanion|0 fnt
|faint|p1a: Volcanion
|
|-heal|p2a: Cutmylifein2|45/100|[from] item: Leftovers
|upkeep
|
|t:|1781282553
|switch|p1a: Dragapult|Dragapult, F|100/100 par
|turn|22
|
|t:|1781282556
|-terastallize|p1a: Dragapult|Water
|move|p2a: Cutmylifein2|Dragon Darts|p1a: Dragapult
|-damage|p1a: Dragapult|47/100 par
|-anim|p2a: Cutmylifein2|Dragon Darts|p1a: Dragapult
|-damage|p1a: Dragapult|0 fnt
|faint|p1a: Dragapult
|
|-heal|p2a: Cutmylifein2|52/100|[from] item: Leftovers
|upkeep
|-message|uniandes5 forfeited.
|
|win|Johnny tots
|raw|uniandes5's rating: 1659 &rarr; <strong>1645</strong><br />(-14 for losing)
|raw|Johnny tots's rating: 1760 &rarr; <strong>1774</strong><br />(+14 for winning)
|l|☆uniandes5
|player|p1|
|l|☆Johnny tots
|player|p2|
