|j|☆extra-pseudo man
|j|☆kooopooolooo
|t:|1781093565
|gametype|singles
|player|p1|extra-pseudo man|supernerd|1589
|player|p2|kooopooolooo|266|1641
|gen|9
|tier|[Gen 9] OU
|rated|
|rule|HP Percentage Mod: HP is shown in percentages
|rule|Endless Battle Clause: Forcing endless battles is banned
|rule|Species Clause: Limit one of each Pokémon
|rule|OHKO Clause: OHKO moves are banned
|rule|Evasion Items Clause: Evasion items are banned
|rule|Evasion Moves Clause: Evasion moves are banned
|rule|Evasion Abilities Clause: Evasion abilities are banned
|rule|Sleep Moves Clause: Sleep-inducing moves are banned
|clearpoke
|poke|p1|Dragonite, F|
|poke|p1|Dragapult, M|
|poke|p1|Tyranitar, M|
|poke|p1|Metagross|
|poke|p1|Goodra-Hisui, F|
|poke|p1|Garchomp, M|
|poke|p2|Tyranitar, M|
|poke|p2|Excadrill, M|
|poke|p2|Rotom-Wash|
|poke|p2|Latios, M|
|poke|p2|Landorus-Therian, M|
|poke|p2|Scizor, F|
|teampreview
|inactive|Battle timer is ON: inactive players will automatically lose when time's up. (requested by kooopooolooo)
|
|t:|1781093579
|teamsize|p1|6
|teamsize|p2|6
|start
|switch|p1a: He pulten on it|Dragapult, M|100/100
|switch|p2a: Landorus|Landorus-Therian, M|100/100
|-ability|p2a: Landorus|Intimidate|boost
|-unboost|p1a: He pulten on it|atk|1
|turn|1
|
|t:|1781093590
|switch|p2a: Tyranitar|Tyranitar, M|100/100
|-weather|Sandstorm|[from] ability: Sand Stream|[of] p2a: Tyranitar
|move|p1a: He pulten on it|Will-O-Wisp|p2a: Tyranitar|[miss]
|-miss|p1a: He pulten on it|p2a: Tyranitar
|
|-weather|Sandstorm|[upkeep]
|-damage|p1a: He pulten on it|95/100|[from] Sandstorm
|upkeep
|turn|2
|
|t:|1781093600
|switch|p2a: Rotom|Rotom-Wash|100/100
|move|p1a: He pulten on it|U-turn|p2a: Rotom
|-damage|p2a: Rotom|92/100
|
|t:|1781093604
|switch|p1a: The good|Goodra-Hisui, F|100/100|[from] U-turn
|
|-weather|Sandstorm|[upkeep]
|-damage|p2a: Rotom|86/100|[from] Sandstorm
|-heal|p2a: Rotom|92/100|[from] item: Leftovers
|upkeep
|turn|3
|
|t:|1781093607
|move|p2a: Rotom|Will-O-Wisp|p1a: The good|[miss]
|-miss|p2a: Rotom|p1a: The good
|move|p1a: The good|Draco Meteor|p2a: Rotom
|-damage|p2a: Rotom|0 fnt
|-unboost|p1a: The good|spa|2
|faint|p2a: Rotom
|
|-weather|Sandstorm|[upkeep]
|upkeep
|
|t:|1781093614
|switch|p2a: Excadrill|Excadrill, M|100/100
|-item|p2a: Excadrill|Air Balloon
|turn|4
|
|t:|1781093620
|switch|p1a: The Sac|Garchomp, M|100/100
|move|p2a: Excadrill|Swords Dance|p2a: Excadrill
|-boost|p2a: Excadrill|atk|2
|
|-weather|Sandstorm|[upkeep]
|upkeep
|turn|5
|
|t:|1781093622
|move|p2a: Excadrill|Earthquake|p1a: The Sac
|-damage|p1a: The Sac|32/100
|move|p1a: The Sac|Fire Fang|p2a: Excadrill
|-supereffective|p2a: Excadrill
|-damage|p2a: Excadrill|50/100
|-enditem|p2a: Excadrill|Air Balloon
|
|-weather|none
|upkeep
|turn|6
|
|t:|1781093633
|switch|p2a: Landorus|Landorus-Therian, M|100/100
|-ability|p2a: Landorus|Intimidate|boost
|-unboost|p1a: The Sac|atk|1
|move|p1a: The Sac|Earthquake|p2a: Landorus
|-immune|p2a: Landorus
|
|upkeep
|turn|7
|
|t:|1781093640
|switch|p1a: He pulten on it|Dragapult, M|95/100
|move|p2a: Landorus|Stealth Rock|p1a: He pulten on it
|-sidestart|p1: extra-pseudo man|move: Stealth Rock
|
|upkeep
|turn|8
|
|t:|1781093642
|move|p1a: He pulten on it|Will-O-Wisp|p2a: Landorus
|-status|p2a: Landorus|brn
|move|p2a: Landorus|Earth Power|p1a: He pulten on it
|-damage|p1a: He pulten on it|50/100
|
|-damage|p2a: Landorus|94/100 brn|[from] brn
|upkeep
|turn|9
|
|t:|1781093645
|move|p1a: He pulten on it|Hex|p2a: Landorus
|-damage|p2a: Landorus|32/100 brn
|move|p2a: Landorus|U-turn|p1a: He pulten on it
|-resisted|p1a: He pulten on it
|-damage|p1a: He pulten on it|43/100
|
|t:|1781093647
|switch|p2a: Scizor|Scizor, F|100/100|[from] U-turn
|
|upkeep
|turn|10
|
|t:|1781093653
|switch|p1a: The Sac|Garchomp, M|32/100
|-damage|p1a: The Sac|26/100|[from] Stealth Rock
|move|p2a: Scizor|Knock Off|p1a: The Sac
|-crit|p1a: The Sac
|-damage|p1a: The Sac|0 fnt
|-damage|p2a: Scizor|88/100|[from] ability: Rough Skin|[of] p1a: The Sac
|-damage|p2a: Scizor|72/100|[from] item: Rocky Helmet|[of] p1a: The Sac
|-enditem|p1a: The Sac|Rocky Helmet|[from] move: Knock Off|[of] p2a: Scizor
|faint|p1a: The Sac
|
|upkeep
|
|t:|1781093673
|switch|p1a: Burn Up|Metagross|100/100
|-damage|p1a: Burn Up|95/100|[from] Stealth Rock
|turn|11
|
|t:|1781093680
|move|p1a: Burn Up|Knock Off|p2a: Scizor
|-damage|p2a: Scizor|17/100
|-enditem|p2a: Scizor|Choice Band|[from] move: Knock Off|[of] p1a: Burn Up
|move|p2a: Scizor|Knock Off|p1a: Burn Up
|-supereffective|p1a: Burn Up
|-damage|p1a: Burn Up|30/100
|-enditem|p1a: Burn Up|Choice Band|[from] move: Knock Off|[of] p2a: Scizor
|
|upkeep
|turn|12
|
|t:|1781093689
|switch|p2a: Landorus|Landorus-Therian, M|32/100 brn
|-ability|p2a: Landorus|Intimidate|boost
|-fail|p1a: Burn Up|unboost|[from] ability: Clear Body|[of] p1a: Burn Up
|move|p1a: Burn Up|Knock Off|p2a: Landorus
|-damage|p2a: Landorus|0 fnt
|-damage|p1a: Burn Up|13/100|[from] item: Rocky Helmet|[of] p2a: Landorus
|-enditem|p2a: Landorus|Rocky Helmet|[from] move: Knock Off|[of] p1a: Burn Up
|faint|p2a: Landorus
|
|upkeep
|
|t:|1781093692
|switch|p2a: Latios|Latios, M|100/100
|turn|13
|
|t:|1781093696
|move|p2a: Latios|Flip Turn|p1a: Burn Up
|-damage|p1a: Burn Up|3/100
|
|t:|1781093698
|switch|p2a: Scizor|Scizor, F|17/100|[from] Flip Turn
|move|p1a: Burn Up|Knock Off|p2a: Scizor
|-damage|p2a: Scizor|0 fnt
|faint|p2a: Scizor
|
|upkeep
|
|t:|1781093700
|switch|p2a: Excadrill|Excadrill, M|50/100
|turn|14
|
|t:|1781093702
|move|p1a: Burn Up|Bullet Punch|p2a: Excadrill
|-resisted|p2a: Excadrill
|-damage|p2a: Excadrill|33/100
|move|p2a: Excadrill|Rapid Spin|p1a: Burn Up
|-resisted|p1a: Burn Up
|-damage|p1a: Burn Up|0 fnt
|-boost|p2a: Excadrill|spe|1
|faint|p1a: Burn Up
|
|upkeep
|
|t:|1781093724
|switch|p1a: He pulten on it|Dragapult, M|43/100
|turn|15
|
|t:|1781093730
|switch|p2a: Tyranitar|Tyranitar, M|100/100
|-weather|Sandstorm|[from] ability: Sand Stream|[of] p2a: Tyranitar
|move|p1a: He pulten on it|Will-O-Wisp|p2a: Tyranitar|[miss]
|-miss|p1a: He pulten on it|p2a: Tyranitar
|
|-weather|Sandstorm|[upkeep]
|-damage|p1a: He pulten on it|37/100|[from] Sandstorm
|upkeep
|turn|16
|
|t:|1781093736
|move|p1a: He pulten on it|Will-O-Wisp|p2a: Tyranitar
|-status|p2a: Tyranitar|brn
|move|p2a: Tyranitar|Knock Off|p1a: He pulten on it
|-supereffective|p1a: He pulten on it
|-damage|p1a: He pulten on it|0 fnt
|-enditem|p1a: He pulten on it|Heavy-Duty Boots|[from] move: Knock Off|[of] p2a: Tyranitar
|faint|p1a: He pulten on it
|
|-weather|Sandstorm|[upkeep]
|-damage|p2a: Tyranitar|94/100 brn|[from] brn
|upkeep
|
|t:|1781093741
|switch|p1a: The good|Goodra-Hisui, F|100/100
|-damage|p1a: The good|94/100|[from] Stealth Rock
|turn|17
|
|t:|1781093746
|move|p2a: Tyranitar|Low Kick|p1a: The good
|-supereffective|p1a: The good
|-damage|p1a: The good|55/100
|-ability|p1a: The good|Gooey
|-unboost|p2a: Tyranitar|spe|1
|move|p1a: The good|Flash Cannon|p2a: Tyranitar
|-supereffective|p2a: Tyranitar
|-damage|p2a: Tyranitar|28/100 brn
|
|-weather|Sandstorm|[upkeep]
|-damage|p2a: Tyranitar|22/100 brn|[from] brn
|upkeep
|turn|18
|
|t:|1781093752
|move|p1a: The good|Flash Cannon|p2a: Tyranitar
|-supereffective|p2a: Tyranitar
|-damage|p2a: Tyranitar|0 fnt
|faint|p2a: Tyranitar
|
|-weather|Sandstorm|[upkeep]
|upkeep
|
|t:|1781093755
|switch|p2a: Excadrill|Excadrill, M|33/100
|turn|19
|
|t:|1781093758
|move|p2a: Excadrill|Earthquake|p1a: The good
|-supereffective|p1a: The good
|-damage|p1a: The good|0 fnt
|faint|p1a: The good
|
|-weather|none
|upkeep
|
|t:|1781093760
|switch|p1a: Manny|Dragonite, F|100/100
|turn|20
|
|t:|1781093767
|move|p2a: Excadrill|Rapid Spin|p1a: Manny
|-damage|p1a: Manny|92/100
|-boost|p2a: Excadrill|spe|1
|move|p1a: Manny|Earthquake|p2a: Excadrill
|-supereffective|p2a: Excadrill
|-damage|p2a: Excadrill|0 fnt
|faint|p2a: Excadrill
|
|upkeep
|
|t:|1781093769
|switch|p2a: Latios|Latios, M|100/100
|turn|21
|
|t:|1781093780
|move|p1a: Manny|Extreme Speed|p2a: Latios
|-damage|p2a: Latios|56/100
|move|p2a: Latios|Draco Meteor|p1a: Manny
|-supereffective|p1a: Manny
|-damage|p1a: Manny|0 fnt
|-unboost|p2a: Latios|spa|2
|faint|p1a: Manny
|
|upkeep
|
|t:|1781093782
|switch|p1a: Tyranocif|Tyranitar, M|100/100
|-damage|p1a: Tyranocif|88/100|[from] Stealth Rock
|-weather|Sandstorm|[from] ability: Sand Stream|[of] p1a: Tyranocif
|turn|22
|
|t:|1781093785
|move|p2a: Latios|Draco Meteor|p1a: Tyranocif
|-damage|p1a: Tyranocif|70/100
|-unboost|p2a: Latios|spa|2
|move|p1a: Tyranocif|Knock Off|p2a: Latios
|-supereffective|p2a: Latios
|-damage|p2a: Latios|0 fnt
|-enditem|p2a: Latios|Soul Dew|[from] move: Knock Off|[of] p1a: Tyranocif
|faint|p2a: Latios
|
|win|extra-pseudo man
|raw|extra-pseudo man's rating: 1589 &rarr; <strong>1612</strong><br />(+23 for winning)
|raw|kooopooolooo's rating: 1641 &rarr; <strong>1618</strong><br />(-23 for losing)
|l|☆kooopooolooo
|player|p2|
|l|☆extra-pseudo man
|player|p1|
