|j|☆crust king kahn
|j|☆NeoNaruto✈️_✈️
|t:|1780897488
|gametype|singles
|player|p1|crust king kahn|102|1544
|player|p2|NeoNaruto✈️_✈️|medium|1571
|gen|9
|tier|[Gen 9] OU
|rated|
|rule|HP Percentage Mod: HP is shown in percentages
|rule|Endless Battle Clause: Forcing endless battles is banned
|rule|Species Clause: Limit one of each Pokémon
|rule|OHKO Clause: OHKO moves are banned
|rule|Evasion Items Clause: Evasion items are banned
|rule|Evasion Moves Clause: Evasion moves are banned
|rule|Evasion Abilities Clause: Evasion abilities are banned
|rule|Sleep Moves Clause: Sleep-inducing moves are banned
|clearpoke
|poke|p1|Kyurem|
|poke|p1|Slowking-Galar, M|
|poke|p1|Cinderace, M|
|poke|p1|Alomomola, F|
|poke|p1|Tornadus-Therian, M|
|poke|p1|Ogerpon, F|
|poke|p2|Tyranitar, F|
|poke|p2|Iron Moth|
|poke|p2|Staraptor, F|
|poke|p2|Garchomp, F|
|poke|p2|Torkoal, M|
|poke|p2|Dragonite, M|
|teampreview
|inactive|Battle timer is ON: inactive players will automatically lose when time's up. (requested by NeoNaruto✈️_✈️)
|
|t:|1780897514
|teamsize|p1|6
|teamsize|p2|6
|start
|switch|p1a: Cinderace|Cinderace, M|100/100
|switch|p2a: DA LAST REX(3005)|Tyranitar, F|100/100
|-weather|Sandstorm|[from] ability: Sand Stream|[of] p2a: DA LAST REX(3005)
|turn|1
|
|t:|1780897526
|switch|p2a: BLITZ SOME OPPS|Garchomp, F|100/100
|move|p1a: Cinderace|Will-O-Wisp|p2a: BLITZ SOME OPPS
|-status|p2a: BLITZ SOME OPPS|brn
|
|-weather|Sandstorm|[upkeep]
|-damage|p1a: Cinderace|95/100|[from] Sandstorm
|-damage|p2a: BLITZ SOME OPPS|94/100 brn|[from] brn
|upkeep
|turn|2
|
|t:|1780897546
|switch|p1a: Alomomola|Alomomola, F|100/100
|move|p2a: BLITZ SOME OPPS|Breaking Swipe|p1a: Alomomola
|-damage|p1a: Alomomola|93/100
|-unboost|p1a: Alomomola|atk|1
|
|-weather|Sandstorm|[upkeep]
|-damage|p1a: Alomomola|87/100|[from] Sandstorm
|-damage|p2a: BLITZ SOME OPPS|88/100 brn|[from] brn
|upkeep
|turn|3
|
|t:|1780897551
|move|p2a: BLITZ SOME OPPS|Stealth Rock|p1a: Alomomola
|-sidestart|p1: crust king kahn|move: Stealth Rock
|move|p1a: Alomomola|Flip Turn|p2a: BLITZ SOME OPPS
|-damage|p2a: BLITZ SOME OPPS|82/100 brn
|-damage|p1a: Alomomola|75/100|[from] ability: Rough Skin|[of] p2a: BLITZ SOME OPPS
|-damage|p1a: Alomomola|58/100|[from] item: Rocky Helmet|[of] p2a: BLITZ SOME OPPS
|
|t:|1780897557
|switch|p1a: Ogerpon|Ogerpon, F|100/100|[from] Flip Turn
|-damage|p1a: Ogerpon|88/100|[from] Stealth Rock
|
|-weather|Sandstorm|[upkeep]
|-damage|p1a: Ogerpon|82/100|[from] Sandstorm
|-damage|p2a: BLITZ SOME OPPS|75/100 brn|[from] brn
|upkeep
|turn|4
|
|t:|1780897569
|switch|p2a: OVO CHUBBS|Torkoal, M|100/100
|-weather|SunnyDay|[from] ability: Drought|[of] p2a: OVO CHUBBS
|move|p1a: Ogerpon|Ivy Cudgel|p2a: OVO CHUBBS
|-resisted|p2a: OVO CHUBBS
|-crit|p2a: OVO CHUBBS
|-damage|p2a: OVO CHUBBS|71/100
|
|-weather|SunnyDay|[upkeep]
|upkeep
|turn|5
|
|t:|1780897573
|switch|p1a: Cinderace|Cinderace, M|95/100
|move|p2a: OVO CHUBBS|Will-O-Wisp|p1a: Cinderace
|-immune|p1a: Cinderace
|
|-weather|SunnyDay|[upkeep]
|upkeep
|turn|6
|
|t:|1780897578
|move|p1a: Cinderace|Court Change|p1a: Cinderace
|-start|p1a: Cinderace|typechange|Normal|[from] ability: Libero
|-swapsideconditions
|-activate|p1a: Cinderace|move: Court Change
|move|p2a: OVO CHUBBS|Will-O-Wisp|p1a: Cinderace
|-status|p1a: Cinderace|brn
|
|-weather|SunnyDay|[upkeep]
|-damage|p1a: Cinderace|89/100 brn|[from] brn
|upkeep
|turn|7
|
|t:|1780897581
|move|p1a: Cinderace|U-turn|p2a: OVO CHUBBS
|-resisted|p2a: OVO CHUBBS
|-damage|p2a: OVO CHUBBS|67/100
|
|t:|1780897586
|switch|p1a: Alomomola|Alomomola, F|92/100|[from] U-turn
|move|p2a: OVO CHUBBS|Rapid Spin|p1a: Alomomola
|-damage|p1a: Alomomola|86/100
|-boost|p2a: OVO CHUBBS|spe|1
|-sideend|p2: NeoNaruto✈️_✈️|Stealth Rock|[from] move: Rapid Spin|[of] p2a: OVO CHUBBS
|
|-weather|SunnyDay|[upkeep]
|upkeep
|turn|8
|
|t:|1780897589
|move|p1a: Alomomola|Flip Turn|p2a: OVO CHUBBS
|-supereffective|p2a: OVO CHUBBS
|-damage|p2a: OVO CHUBBS|57/100
|
|t:|1780897592
|switch|p1a: Slowking|Slowking-Galar, M|100/100|[from] Flip Turn
|move|p2a: OVO CHUBBS|Will-O-Wisp|p1a: Slowking
|-status|p1a: Slowking|brn
|
|-weather|none
|-damage|p1a: Slowking|94/100 brn|[from] brn
|upkeep
|turn|9
|
|t:|1780897596
|switch|p2a: DA LAST REX(3005)|Tyranitar, F|100/100
|-weather|Sandstorm|[from] ability: Sand Stream|[of] p2a: DA LAST REX(3005)
|-prepare|p1a: Slowking|Chilly Reception|[premajor]
|move|p1a: Slowking|Chilly Reception|p1a: Slowking
|-weather|Snowscape
|
|t:|1780897603
|switch|p1a: Kyurem|Kyurem|100/100|[from] Chilly Reception
|-ability|p1a: Kyurem|Pressure
|
|-weather|Snowscape|[upkeep]
|upkeep
|turn|10
|
|t:|1780897612
|move|p1a: Kyurem|Earth Power|p2a: DA LAST REX(3005)
|-supereffective|p2a: DA LAST REX(3005)
|-damage|p2a: DA LAST REX(3005)|64/100
|move|p2a: DA LAST REX(3005)|Knock Off|p1a: Kyurem
|-damage|p1a: Kyurem|74/100
|-enditem|p1a: Kyurem|Choice Specs|[from] move: Knock Off|[of] p2a: DA LAST REX(3005)
|
|-weather|Snowscape|[upkeep]
|upkeep
|turn|11
|
|t:|1780897624
|switch|p1a: Slowking|Slowking-Galar, M|100/100 brn
|move|p2a: DA LAST REX(3005)|Dragon Tail|p1a: Slowking
|-damage|p1a: Slowking|81/100 brn
|drag|p1a: Alomomola|Alomomola, F|100/100
|
|-weather|Snowscape|[upkeep]
|upkeep
|turn|12
|
|t:|1780897628
|switch|p2a: BLITZ SOME OPPS|Garchomp, F|75/100 brn
|move|p1a: Alomomola|Scald|p2a: BLITZ SOME OPPS
|-damage|p2a: BLITZ SOME OPPS|63/100 brn
|
|-weather|Snowscape|[upkeep]
|-damage|p2a: BLITZ SOME OPPS|57/100 brn|[from] brn
|upkeep
|turn|13
|
|t:|1780897638
|move|p2a: BLITZ SOME OPPS|Breaking Swipe|p1a: Alomomola
|-damage|p1a: Alomomola|93/100
|-unboost|p1a: Alomomola|atk|1
|move|p1a: Alomomola|Flip Turn|p2a: BLITZ SOME OPPS
|-damage|p2a: BLITZ SOME OPPS|51/100 brn
|-damage|p1a: Alomomola|81/100|[from] ability: Rough Skin|[of] p2a: BLITZ SOME OPPS
|-damage|p1a: Alomomola|64/100|[from] item: Rocky Helmet|[of] p2a: BLITZ SOME OPPS
|
|t:|1780897642
|switch|p1a: Ogerpon|Ogerpon, F|82/100|[from] Flip Turn
|
|-weather|none
|-damage|p2a: BLITZ SOME OPPS|44/100 brn|[from] brn
|upkeep
|turn|14
|
|t:|1780897648
|switch|p2a: OVO CHUBBS|Torkoal, M|57/100
|-weather|SunnyDay|[from] ability: Drought|[of] p2a: OVO CHUBBS
|move|p1a: Ogerpon|Ivy Cudgel|p2a: OVO CHUBBS
|-resisted|p2a: OVO CHUBBS
|-crit|p2a: OVO CHUBBS
|-damage|p2a: OVO CHUBBS|27/100
|
|-weather|SunnyDay|[upkeep]
|upkeep
|turn|15
|
|t:|1780897655
|switch|p1a: Alomomola|Alomomola, F|98/100
|switch|p2a: VODECi IV|Iron Moth|100/100
|
|-weather|SunnyDay|[upkeep]
|upkeep
|turn|16
|
|t:|1780897662
|move|p2a: VODECi IV|Energy Ball|p1a: Alomomola
|-supereffective|p1a: Alomomola
|-damage|p1a: Alomomola|0 fnt
|faint|p1a: Alomomola
|
|-weather|SunnyDay|[upkeep]
|upkeep
|
|t:|1780897667
|switch|p1a: Tornadus|Tornadus-Therian, M|100/100
|turn|17
|
|t:|1780897672
|-end|p2a: VODECi IV|Quark Drive|[silent]
|switch|p2a: OVO CHUBBS|Torkoal, M|27/100
|move|p1a: Tornadus|Knock Off|p2a: OVO CHUBBS
|-damage|p2a: OVO CHUBBS|12/100
|-enditem|p2a: OVO CHUBBS|Heavy-Duty Boots|[from] move: Knock Off|[of] p1a: Tornadus
|
|-weather|SunnyDay|[upkeep]
|upkeep
|turn|18
|
|t:|1780897681
|switch|p2a: DA LAST REX(3005)|Tyranitar, F|64/100
|-weather|Sandstorm|[from] ability: Sand Stream|[of] p2a: DA LAST REX(3005)
|move|p1a: Tornadus|Heat Wave|p2a: DA LAST REX(3005)
|-resisted|p2a: DA LAST REX(3005)
|-damage|p2a: DA LAST REX(3005)|60/100
|-status|p2a: DA LAST REX(3005)|brn
|
|-weather|Sandstorm|[upkeep]
|-damage|p1a: Tornadus|94/100|[from] Sandstorm
|-damage|p2a: DA LAST REX(3005)|54/100 brn|[from] brn
|upkeep
|turn|19
|
|t:|1780897687
|move|p1a: Tornadus|U-turn|p2a: DA LAST REX(3005)
|-supereffective|p2a: DA LAST REX(3005)
|-damage|p2a: DA LAST REX(3005)|25/100 brn
|
|t:|1780897692
|switch|p1a: Ogerpon|Ogerpon, F|82/100|[from] U-turn
|move|p2a: DA LAST REX(3005)|Knock Off|p1a: Ogerpon
|-damage|p1a: Ogerpon|52/100
|-enditem|p1a: Ogerpon|Choice Band|[from] move: Knock Off|[of] p2a: DA LAST REX(3005)
|
|-weather|Sandstorm|[upkeep]
|-damage|p1a: Ogerpon|47/100|[from] Sandstorm
|-damage|p2a: DA LAST REX(3005)|19/100 brn|[from] brn
|upkeep
|turn|20
|
|t:|1780897700
|switch|p2a: OVO CHUBBS|Torkoal, M|12/100
|-weather|SunnyDay|[from] ability: Drought|[of] p2a: OVO CHUBBS
|move|p1a: Ogerpon|U-turn|p2a: OVO CHUBBS
|-resisted|p2a: OVO CHUBBS
|-damage|p2a: OVO CHUBBS|6/100
|
|t:|1780897712
|switch|p1a: Slowking|Slowking-Galar, M|100/100 brn|[from] U-turn
|
|-weather|SunnyDay|[upkeep]
|-damage|p1a: Slowking|94/100 brn|[from] brn
|upkeep
|turn|21
|
|t:|1780897716
|switch|p2a: VODECi IV|Iron Moth|100/100
|move|p1a: Slowking|Sludge Bomb|p2a: VODECi IV
|-resisted|p2a: VODECi IV
|-damage|p2a: VODECi IV|83/100
|
|-weather|SunnyDay|[upkeep]
|-damage|p1a: Slowking|88/100 brn|[from] brn
|upkeep
|turn|22
|
|t:|1780897720
|move|p2a: VODECi IV|Overheat|p1a: Slowking
|-damage|p1a: Slowking|0 fnt
|-unboost|p2a: VODECi IV|spa|2
|faint|p1a: Slowking
|
|-weather|SunnyDay|[upkeep]
|upkeep
|
|t:|1780897724
|switch|p1a: Kyurem|Kyurem|74/100
|-ability|p1a: Kyurem|Pressure
|turn|23
|
|t:|1780897729
|move|p2a: VODECi IV|Overheat|p1a: Kyurem
|-damage|p1a: Kyurem|0 fnt
|-unboost|p2a: VODECi IV|spa|2
|faint|p1a: Kyurem
|
|-weather|SunnyDay|[upkeep]
|upkeep
|-message|crust king kahn forfeited.
|
|win|NeoNaruto✈️_✈️
|raw|crust king kahn's rating: 1544 &rarr; <strong>1526</strong><br />(-18 for losing)
|raw|NeoNaruto✈️_✈️'s rating: 1571 &rarr; <strong>1589</strong><br />(+18 for winning)
|l|☆crust king kahn
|player|p1|
