|j|☆lolcano46
|j|☆KurisuChestnutOU
|t:|1781132503
|gametype|singles
|player|p1|lolcano46|fisherman-gen4|1570
|player|p2|KurisuChestnutOU|may-contest|1501
|gen|9
|tier|[Gen 9] OU
|rated|
|rule|HP Percentage Mod: HP is shown in percentages
|rule|Endless Battle Clause: Forcing endless battles is banned
|rule|Species Clause: Limit one of each Pokémon
|rule|OHKO Clause: OHKO moves are banned
|rule|Evasion Items Clause: Evasion items are banned
|rule|Evasion Moves Clause: Evasion moves are banned
|rule|Evasion Abilities Clause: Evasion abilities are banned
|rule|Sleep Moves Clause: Sleep-inducing moves are banned
|clearpoke
|poke|p1|Azelf|
|poke|p1|Ogerpon-Wellspring, F|
|poke|p1|Scizor, M|
|poke|p1|Gengar, M|
|poke|p1|Raging Bolt|
|poke|p1|Cinderace, M|
|poke|p2|Kingambit, F|
|poke|p2|Kommo-o, M|
|poke|p2|Iron Valiant|
|poke|p2|Kyurem|
|poke|p2|Iron Treads|
|poke|p2|Iron Crown|
|teampreview
|inactive|Battle timer is ON: inactive players will automatically lose when time's up. (requested by lolcano46)
|j| Yamhard
|
|t:|1781132508
|teamsize|p1|6
|teamsize|p2|6
|start
|switch|p1a: Azelf|Azelf|100/100
|switch|p2a: Kyurem|Kyurem|100/100
|-ability|p2a: Kyurem|Pressure
|turn|1
|inactive|KurisuChestnutOU also wants the timer to be on.
|
|t:|1781132516
|-terastallize|p1a: Azelf|Fairy
|-terastallize|p2a: Kyurem|Ground
|move|p1a: Azelf|Dazzling Gleam|p2a: Kyurem
|-crit|p2a: Kyurem
|-damage|p2a: Kyurem|38/100
|move|p2a: Kyurem|Dragon Dance|p2a: Kyurem
|-boost|p2a: Kyurem|atk|1
|-boost|p2a: Kyurem|spe|1
|
|upkeep
|turn|2
|
|t:|1781132523
|move|p2a: Kyurem|Icicle Spear|p1a: Azelf
|-damage|p1a: Azelf|68/100
|-damage|p1a: Azelf|35/100
|-damage|p1a: Azelf|3/100
|-damage|p1a: Azelf|0 fnt
|faint|p1a: Azelf
|-hitcount|p1: Azelf|4
|
|upkeep
|
|t:|1781132526
|switch|p1a: Gengar|Gengar, M|100/100
|turn|3
|
|t:|1781132530
|switch|p2a: Kingambit|Kingambit, F|100/100
|move|p1a: Gengar|Shadow Ball|p2a: Kingambit
|-resisted|p2a: Kingambit
|-damage|p2a: Kingambit|76/100
|-unboost|p2a: Kingambit|spd|1
|
|-heal|p2a: Kingambit|82/100|[from] item: Leftovers
|upkeep
|turn|4
|
|t:|1781132536
|switch|p1a: Cinderace|Cinderace, M|100/100
|move|p2a: Kingambit|Iron Head|p1a: Cinderace
|-resisted|p1a: Cinderace
|-damage|p1a: Cinderace|68/100
|
|-heal|p2a: Kingambit|88/100|[from] item: Leftovers
|upkeep
|turn|5
|
|t:|1781132541
|-end|p2a: Kingambit|fallenundefined|[silent]
|switch|p2a: Kommo-o|Kommo-o, M|100/100
|move|p1a: Cinderace|Will-O-Wisp|p2a: Kommo-o|[miss]
|-miss|p1a: Cinderace|p2a: Kommo-o
|
|upkeep
|turn|6
|
|t:|1781132545
|switch|p1a: Gengar|Gengar, M|100/100
|switch|p2a: Iron Valiant|Iron Valiant|100/100
|-enditem|p2a: Iron Valiant|Booster Energy
|-activate|p2a: Iron Valiant|ability: Quark Drive|[fromitem]
|-start|p2a: Iron Valiant|quarkdrivespe
|
|upkeep
|turn|7
|
|t:|1781132549
|move|p2a: Iron Valiant|Shadow Ball|p1a: Gengar
|-supereffective|p1a: Gengar
|-damage|p1a: Gengar|20/100
|move|p1a: Gengar|Sludge Bomb|p2a: Iron Valiant
|-supereffective|p2a: Iron Valiant
|-damage|p2a: Iron Valiant|0 fnt
|faint|p2a: Iron Valiant
|-end|p2a: Iron Valiant|Quark Drive|[silent]
|
|upkeep
|
|t:|1781132555
|switch|p2a: Kingambit|Kingambit, F|88/100
|-activate|p2a: Kingambit|ability: Supreme Overlord
|-start|p2a: Kingambit|fallen1|[silent]
|turn|8
|
|t:|1781132559
|switch|p1a: Cinderace|Cinderace, M|68/100
|move|p2a: Kingambit|Sucker Punch||[still]
|-fail|p2a: Kingambit
|
|-heal|p2a: Kingambit|94/100|[from] item: Leftovers
|upkeep
|turn|9
|
|t:|1781132563
|-end|p2a: Kingambit|fallen1|[silent]
|switch|p2a: Kommo-o|Kommo-o, M|100/100
|move|p1a: Cinderace|Will-O-Wisp|p2a: Kommo-o
|-status|p2a: Kommo-o|brn
|
|-damage|p2a: Kommo-o|94/100 brn|[from] brn
|upkeep
|turn|10
|
|t:|1781132568
|switch|p1a: Ogerpon|Ogerpon-Wellspring, F|100/100
|move|p2a: Kommo-o|Drain Punch|p1a: Ogerpon
|-damage|p1a: Ogerpon|81/100
|-heal|p2a: Kommo-o|100/100 brn|[from] drain|[of] p1a: Ogerpon
|
|-damage|p2a: Kommo-o|94/100 brn|[from] brn
|upkeep
|turn|11
|
|t:|1781132571
|move|p1a: Ogerpon|Play Rough|p2a: Kommo-o|[miss]
|-miss|p1a: Ogerpon|p2a: Kommo-o
|move|p2a: Kommo-o|Clangorous Soul|p2a: Kommo-o
|-boost|p2a: Kommo-o|atk|1
|-boost|p2a: Kommo-o|def|1
|-boost|p2a: Kommo-o|spa|1
|-boost|p2a: Kommo-o|spd|1
|-boost|p2a: Kommo-o|spe|1
|-damage|p2a: Kommo-o|61/100 brn
|
|-heal|p2a: Kommo-o|68/100 brn|[from] item: Leftovers
|-damage|p2a: Kommo-o|61/100 brn|[from] brn
|upkeep
|turn|12
|
|t:|1781132576
|move|p2a: Kommo-o|Drain Punch|p1a: Ogerpon
|-damage|p1a: Ogerpon|54/100
|-heal|p2a: Kommo-o|73/100 brn|[from] drain|[of] p1a: Ogerpon
|move|p1a: Ogerpon|Play Rough|p2a: Kommo-o
|-supereffective|p2a: Kommo-o
|-damage|p2a: Kommo-o|1/100 brn
|
|-heal|p2a: Kommo-o|8/100 brn|[from] item: Leftovers
|-damage|p2a: Kommo-o|1/100 brn|[from] brn
|upkeep
|turn|13
|
|t:|1781132580
|move|p2a: Kommo-o|Drain Punch|p1a: Ogerpon
|-damage|p1a: Ogerpon|28/100
|-heal|p2a: Kommo-o|13/100 brn|[from] drain|[of] p1a: Ogerpon
|move|p1a: Ogerpon|Horn Leech|p2a: Kommo-o
|-resisted|p2a: Kommo-o
|-damage|p2a: Kommo-o|1/100 brn
|-heal|p1a: Ogerpon|35/100|[from] drain|[of] p2a: Kommo-o
|
|-heal|p2a: Kommo-o|7/100 brn|[from] item: Leftovers
|-damage|p2a: Kommo-o|1/100 brn|[from] brn
|upkeep
|turn|14
|
|t:|1781132585
|move|p2a: Kommo-o|Drain Punch|p1a: Ogerpon
|-damage|p1a: Ogerpon|7/100
|-heal|p2a: Kommo-o|13/100 brn|[from] drain|[of] p1a: Ogerpon
|move|p1a: Ogerpon|Ivy Cudgel|p2a: Kommo-o|[anim] Ivy Cudgel Water
|-resisted|p2a: Kommo-o
|-damage|p2a: Kommo-o|0 fnt
|faint|p2a: Kommo-o
|
|upkeep
|
|t:|1781132588
|switch|p2a: Iron Treads|Iron Treads|100/100
|-enditem|p2a: Iron Treads|Booster Energy
|-activate|p2a: Iron Treads|ability: Quark Drive|[fromitem]
|-start|p2a: Iron Treads|quarkdrivespe
|turn|15
|
|t:|1781132594
|switch|p1a: Scizor|Scizor, M|100/100
|move|p2a: Iron Treads|Earthquake|p1a: Scizor
|-damage|p1a: Scizor|59/100
|
|upkeep
|turn|16
|
|t:|1781132599
|move|p2a: Iron Treads|Earthquake|p1a: Scizor
|-damage|p1a: Scizor|18/100
|move|p1a: Scizor|Close Combat|p2a: Iron Treads
|-supereffective|p2a: Iron Treads
|-damage|p2a: Iron Treads|28/100
|-unboost|p1a: Scizor|def|1
|-unboost|p1a: Scizor|spd|1
|
|upkeep
|turn|17
|
|t:|1781132606
|move|p1a: Scizor|Bullet Punch|p2a: Iron Treads
|-resisted|p2a: Iron Treads
|-damage|p2a: Iron Treads|13/100
|move|p2a: Iron Treads|Earthquake|p1a: Scizor
|-damage|p1a: Scizor|0 fnt
|faint|p1a: Scizor
|
|upkeep
|
|t:|1781132610
|switch|p1a: Cinderace|Cinderace, M|68/100
|turn|18
|
|t:|1781132616
|move|p1a: Cinderace|Sucker Punch|p2a: Iron Treads
|-start|p1a: Cinderace|typechange|Dark|[from] ability: Libero
|-damage|p2a: Iron Treads|0 fnt
|faint|p2a: Iron Treads
|-end|p2a: Iron Treads|Quark Drive|[silent]
|
|upkeep
|
|t:|1781132623
|switch|p2a: Iron Crown|Iron Crown|100/100
|-enditem|p2a: Iron Crown|Booster Energy
|-activate|p2a: Iron Crown|ability: Quark Drive|[fromitem]
|-start|p2a: Iron Crown|quarkdrivespe
|turn|19
|
|t:|1781132630
|move|p1a: Cinderace|Sucker Punch|p2a: Iron Crown
|-supereffective|p2a: Iron Crown
|-damage|p2a: Iron Crown|37/100
|move|p2a: Iron Crown|Focus Blast|p1a: Cinderace
|-supereffective|p1a: Cinderace
|-damage|p1a: Cinderace|0 fnt
|faint|p1a: Cinderace
|
|upkeep
|
|t:|1781132632
|switch|p1a: Gengar|Gengar, M|20/100
|turn|20
|
|t:|1781132641
|move|p1a: Gengar|Trick|p2a: Iron Crown
|-activate|p1a: Gengar|move: Trick|[of] p2a: Iron Crown
|-item|p2a: Iron Crown|Choice Scarf|[from] move: Trick
|-enditem|p1a: Gengar|Choice Scarf|[silent]|[from] move: Trick
|move|p2a: Iron Crown|Psychic Noise|p1a: Gengar
|-supereffective|p1a: Gengar
|-crit|p1a: Gengar
|-damage|p1a: Gengar|0 fnt
|faint|p1a: Gengar
|
|upkeep
|
|t:|1781132647
|switch|p1a: Raging Bolt|Raging Bolt|100/100
|-enditem|p1a: Raging Bolt|Booster Energy
|-activate|p1a: Raging Bolt|ability: Protosynthesis|[fromitem]
|-start|p1a: Raging Bolt|protosynthesisspa
|turn|21
|
|t:|1781132651
|move|p2a: Iron Crown|Psychic Noise|p1a: Raging Bolt
|-damage|p1a: Raging Bolt|64/100
|-start|p1a: Raging Bolt|move: Heal Block
|move|p1a: Raging Bolt|Dragon Pulse|p2a: Iron Crown
|-resisted|p2a: Iron Crown
|-damage|p2a: Iron Crown|4/100
|
|upkeep
|turn|22
|
|t:|1781132655
|move|p2a: Iron Crown|Psychic Noise|p1a: Raging Bolt
|-damage|p1a: Raging Bolt|31/100
|move|p1a: Raging Bolt|Dragon Pulse|p2a: Iron Crown
|-resisted|p2a: Iron Crown
|-damage|p2a: Iron Crown|0 fnt
|faint|p2a: Iron Crown
|-end|p2a: Iron Crown|Quark Drive|[silent]
|
|-end|p1a: Raging Bolt|move: Heal Block
|upkeep
|
|t:|1781132660
|switch|p2a: Kyurem|Kyurem, tera:Ground|38/100
|-ability|p2a: Kyurem|Pressure
|turn|23
|
|t:|1781132663
|move|p2a: Kyurem|Earth Power|p1a: Raging Bolt
|-supereffective|p1a: Raging Bolt
|-damage|p1a: Raging Bolt|0 fnt
|faint|p1a: Raging Bolt
|-end|p1a: Raging Bolt|Protosynthesis|[silent]
|
|upkeep
|
|t:|1781132665
|switch|p1a: Ogerpon|Ogerpon-Wellspring, F|7/100
|turn|24
|
|t:|1781132672
|move|p1a: Ogerpon|Ivy Cudgel|p2a: Kyurem|[anim] Ivy Cudgel Water
|-supereffective|p2a: Kyurem
|-damage|p2a: Kyurem|0 fnt
|faint|p2a: Kyurem
|
|upkeep
|
|t:|1781132677
|switch|p2a: Kingambit|Kingambit, F|94/100
|-activate|p2a: Kingambit|ability: Supreme Overlord
|-start|p2a: Kingambit|fallen5|[silent]
|turn|25
|
|t:|1781132680
|move|p1a: Ogerpon|Ivy Cudgel|p2a: Kingambit|[anim] Ivy Cudgel Water
|-damage|p2a: Kingambit|43/100
|move|p2a: Kingambit|Iron Head|p1a: Ogerpon
|-resisted|p1a: Ogerpon
|-damage|p1a: Ogerpon|0 fnt
|faint|p1a: Ogerpon
|
|win|KurisuChestnutOU
|raw|lolcano46's rating: 1570 &rarr; <strong>1547</strong><br />(-23 for losing)
|raw|KurisuChestnutOU's rating: 1516 &rarr; <strong>1539</strong><br />(+23 for winning)
