|j|☆Glimpse Man
|j|☆nobodylab
|t:|1781236722
|gametype|singles
|player|p1|Glimpse Man|acetrainer-gen4dp|1560
|player|p2|nobodylab|265|1580
|gen|9
|tier|[Gen 9] OU
|rated|
|rule|HP Percentage Mod: HP is shown in percentages
|rule|Endless Battle Clause: Forcing endless battles is banned
|rule|Species Clause: Limit one of each Pokémon
|rule|OHKO Clause: OHKO moves are banned
|rule|Evasion Items Clause: Evasion items are banned
|rule|Evasion Moves Clause: Evasion moves are banned
|rule|Evasion Abilities Clause: Evasion abilities are banned
|rule|Sleep Moves Clause: Sleep-inducing moves are banned
|clearpoke
|poke|p1|Great Tusk|
|poke|p1|Samurott-Hisui, F|
|poke|p1|Gholdengo|
|poke|p1|Zamazenta-*|
|poke|p1|Iron Valiant|
|poke|p1|Talonflame, F|
|poke|p2|Samurott-Hisui, M|
|poke|p2|Great Tusk|
|poke|p2|Latios, M|
|poke|p2|Heatran, M|
|poke|p2|Pecharunt|
|poke|p2|Zamazenta-*|
|teampreview
|inactive|Battle timer is ON: inactive players will automatically lose when time's up. (requested by Glimpse Man)
|j| Kisaragi Station
|j| dalty dalty dalty
|inactive|nobodylab has 120 seconds left.
|
|t:|1781236767
|teamsize|p1|6
|teamsize|p2|6
|start
|switch|p1a: Talonflame|Talonflame, F|100/100
|switch|p2a: Great Tusk|Great Tusk|100/100
|turn|1
|
|t:|1781236774
|-end|p2a: Great Tusk|Protosynthesis|[silent]
|switch|p2a: Heatran|Heatran, M|100/100
|move|p1a: Talonflame|Will-O-Wisp|p2a: Heatran|[miss]
|-miss|p1a: Talonflame|p2a: Heatran
|
|upkeep
|turn|2
|
|t:|1781236782
|move|p1a: Talonflame|Taunt|p2a: Heatran
|-start|p2a: Heatran|move: Taunt
|cant|p2a: Heatran|move: Taunt|Stealth Rock
|
|upkeep
|turn|3
|
|t:|1781236789
|move|p1a: Talonflame|U-turn|p2a: Heatran
|-resisted|p2a: Heatran
|-damage|p2a: Heatran|98/100
|
|t:|1781236791
|switch|p1a: Samurott|Samurott-Hisui, F|100/100|[from] U-turn
|move|p2a: Heatran|Magma Storm|p1a: Samurott
|-resisted|p1a: Samurott
|-damage|p1a: Samurott|85/100
|-activate|p1a: Samurott|move: Magma Storm|[of] p2a: Heatran
|
|-heal|p2a: Heatran|100/100|[from] item: Leftovers
|-damage|p1a: Samurott|73/100|[from] move: Magma Storm|[partiallytrapped]
|upkeep
|turn|4
|
|t:|1781236817
|move|p2a: Heatran|Earth Power|p1a: Samurott
|-damage|p1a: Samurott|55/100
|move|p1a: Samurott|Ceaseless Edge|p2a: Heatran
|-damage|p2a: Heatran|62/100
|-sidestart|p2: nobodylab|Spikes
|
|-heal|p2a: Heatran|69/100|[from] item: Leftovers
|-damage|p1a: Samurott|43/100|[from] move: Magma Storm|[partiallytrapped]
|-end|p2a: Heatran|move: Taunt
|upkeep
|turn|5
|
|t:|1781236826
|move|p2a: Heatran|Stealth Rock|p1a: Samurott
|-sidestart|p1: Glimpse Man|move: Stealth Rock
|move|p1a: Samurott|Razor Shell|p2a: Heatran
|-supereffective|p2a: Heatran
|-damage|p2a: Heatran|0 fnt
|faint|p2a: Heatran
|
|-end|p1a: Samurott|Magma Storm|[partiallytrapped]|[silent]
|upkeep
|
|t:|1781236839
|switch|p2a: Great Tusk|Great Tusk|100/100
|turn|6
|inactive|nobodylab has 120 seconds left.
|
|t:|1781236884
|-end|p2a: Great Tusk|Protosynthesis|[silent]
|switch|p2a: Samurott|Samurott-Hisui, M|100/100
|-damage|p2a: Samurott|88/100|[from] Spikes
|switch|p1a: Gholdengo|Gholdengo|100/100
|-damage|p1a: Gholdengo|94/100|[from] Stealth Rock
|-item|p1a: Gholdengo|Air Balloon
|
|upkeep
|turn|7
|
|t:|1781236898
|switch|p1a: Great Tusk|Great Tusk|100/100
|-damage|p1a: Great Tusk|98/100|[from] Stealth Rock
|move|p2a: Samurott|Knock Off|p1a: Great Tusk
|-resisted|p1a: Great Tusk
|-damage|p1a: Great Tusk|82/100
|-enditem|p1a: Great Tusk|Leftovers|[from] move: Knock Off|[of] p2a: Samurott
|
|upkeep
|turn|8
|
|t:|1781236908
|move|p1a: Great Tusk|Rapid Spin|p2a: Samurott
|-damage|p2a: Samurott|67/100
|-boost|p1a: Great Tusk|spe|1
|-sideend|p1: Glimpse Man|Stealth Rock|[from] move: Rapid Spin|[of] p1a: Great Tusk
|move|p2a: Samurott|Surf|p1a: Great Tusk
|-supereffective|p1a: Great Tusk
|-damage|p1a: Great Tusk|0 fnt
|faint|p1a: Great Tusk
|-end|p1a: Great Tusk|Protosynthesis|[silent]
|
|upkeep
|
|t:|1781236921
|switch|p1a: Iron Valiant|Iron Valiant|100/100
|-enditem|p1a: Iron Valiant|Booster Energy
|-activate|p1a: Iron Valiant|ability: Quark Drive|[fromitem]
|-start|p1a: Iron Valiant|quarkdrivespe
|turn|9
|inactive|nobodylab has 90 seconds left.
|
|t:|1781236974
|switch|p2a: Pecharunt|Pecharunt|100/100
|move|p1a: Iron Valiant|Swords Dance|p1a: Iron Valiant
|-boost|p1a: Iron Valiant|atk|2
|
|upkeep
|turn|10
|inactive|nobodylab has 60 seconds left.
|
|t:|1781237000
|-terastallize|p1a: Iron Valiant|Ground
|move|p1a: Iron Valiant|Knock Off|p2a: Pecharunt
|-supereffective|p2a: Pecharunt
|-damage|p2a: Pecharunt|17/100
|-enditem|p2a: Pecharunt|Heavy-Duty Boots|[from] move: Knock Off|[of] p1a: Iron Valiant
|move|p2a: Pecharunt|Malignant Chain|p1a: Iron Valiant
|-resisted|p1a: Iron Valiant
|-crit|p1a: Iron Valiant
|-damage|p1a: Iron Valiant|62/100
|
|upkeep
|turn|11
|
|t:|1781237019
|move|p1a: Iron Valiant|Knock Off|p2a: Pecharunt
|-supereffective|p2a: Pecharunt
|-crit|p2a: Pecharunt
|-damage|p2a: Pecharunt|0 fnt
|faint|p2a: Pecharunt
|
|upkeep
|inactive|nobodylab has 30 seconds left.
|
|t:|1781237049
|switch|p2a: Zamazenta|Zamazenta|100/100
|-damage|p2a: Zamazenta|88/100|[from] Spikes
|-ability|p2a: Zamazenta|Dauntless Shield|boost
|-boost|p2a: Zamazenta|def|1
|turn|12
|j| kanaete onegai
|inactive|nobodylab has 30 seconds left.
|
|t:|1781237062
|move|p1a: Iron Valiant|Close Combat|p2a: Zamazenta
|-damage|p2a: Zamazenta|25/100
|-unboost|p1a: Iron Valiant|def|1
|-unboost|p1a: Iron Valiant|spd|1
|move|p2a: Zamazenta|Body Press|p1a: Iron Valiant
|-damage|p1a: Iron Valiant|0 fnt
|faint|p1a: Iron Valiant
|-end|p1a: Iron Valiant|Quark Drive|[silent]
|
|-heal|p2a: Zamazenta|31/100|[from] item: Leftovers
|upkeep
|
|t:|1781237077
|switch|p1a: Zamazenta|Zamazenta|100/100
|-ability|p1a: Zamazenta|Dauntless Shield|boost
|-boost|p1a: Zamazenta|def|1
|turn|13
|l| dalty dalty dalty
|inactive|nobodylab has 30 seconds left.
|inactive|nobodylab has 20 seconds left.
|inactive|nobodylab has 15 seconds left.
|inactive|nobodylab has 10 seconds left.
|
|t:|1781237107
|move|p1a: Zamazenta|Iron Defense|p1a: Zamazenta
|-boost|p1a: Zamazenta|def|2
|move|p2a: Zamazenta|Body Press|p1a: Zamazenta
|-damage|p1a: Zamazenta|80/100
|
|-heal|p1a: Zamazenta|86/100|[from] item: Leftovers
|-heal|p2a: Zamazenta|37/100|[from] item: Leftovers
|upkeep
|turn|14
|inactive|nobodylab has 20 seconds left this turn.
|inactive|nobodylab has 15 seconds left.
|
|t:|1781237114
|move|p1a: Zamazenta|Body Press|p2a: Zamazenta
|-damage|p2a: Zamazenta|1/100
|move|p2a: Zamazenta|Iron Defense|p2a: Zamazenta
|-boost|p2a: Zamazenta|def|2
|
|-heal|p1a: Zamazenta|92/100|[from] item: Leftovers
|-heal|p2a: Zamazenta|7/100|[from] item: Leftovers
|upkeep
|turn|15
|inactive|nobodylab has 25 seconds left this turn.
|
|t:|1781237117
|move|p1a: Zamazenta|Body Press|p2a: Zamazenta
|-damage|p2a: Zamazenta|0 fnt
|faint|p2a: Zamazenta
|
|-heal|p1a: Zamazenta|99/100|[from] item: Leftovers
|upkeep
|inactive|nobodylab has 30 seconds left this turn.
|
|t:|1781237119
|switch|p2a: Latios|Latios, M|100/100
|turn|16
|
|t:|1781237122
|switch|p1a: Samurott|Samurott-Hisui, F|43/100
|move|p2a: Latios|Luster Purge|p1a: Samurott
|-immune|p1a: Samurott
|
|upkeep
|turn|17
|
|t:|1781237126
|switch|p2a: Samurott|Samurott-Hisui, M|67/100
|-damage|p2a: Samurott|55/100|[from] Spikes
|move|p1a: Samurott|Razor Shell|p2a: Samurott
|-resisted|p2a: Samurott
|-damage|p2a: Samurott|28/100
|
|upkeep
|turn|18
|j| Kern11
|
|t:|1781237146
|switch|p1a: Talonflame|Talonflame, F|100/100
|move|p2a: Samurott|Knock Off|p1a: Talonflame
|-damage|p1a: Talonflame|54/100
|-enditem|p1a: Talonflame|Heavy-Duty Boots|[from] move: Knock Off|[of] p2a: Samurott
|
|upkeep
|turn|19
|
|t:|1781237162
|move|p1a: Talonflame|U-turn|p2a: Samurott
|-supereffective|p2a: Samurott
|-damage|p2a: Samurott|0 fnt
|faint|p2a: Samurott
|
|t:|1781237168
|switch|p1a: Gholdengo|Gholdengo|94/100|[from] U-turn
|-item|p1a: Gholdengo|Air Balloon
|
|upkeep
|
|t:|1781237174
|switch|p2a: Latios|Latios, M|100/100
|turn|20
|
|t:|1781237177
|switch|p1a: Talonflame|Talonflame, F|54/100
|move|p2a: Latios|Flip Turn|p1a: Talonflame
|-supereffective|p1a: Talonflame
|-damage|p1a: Talonflame|29/100
|
|t:|1781237182
|switch|p2a: Great Tusk|Great Tusk|100/100|[from] Flip Turn
|
|upkeep
|turn|21
|inactive|nobodylab has 60 seconds left.
|
|t:|1781237195
|-end|p2a: Great Tusk|Protosynthesis|[silent]
|switch|p2a: Latios|Latios, M|100/100
|move|p1a: Talonflame|Will-O-Wisp|p2a: Latios
|-status|p2a: Latios|brn
|
|-damage|p2a: Latios|95/100 brn|[from] brn
|upkeep
|turn|22
|inactive|nobodylab has 60 seconds left.
|
|t:|1781237227
|move|p2a: Latios|Draco Meteor|p1a: Talonflame
|-damage|p1a: Talonflame|0 fnt
|-unboost|p2a: Latios|spa|2
|faint|p1a: Talonflame
|
|-damage|p2a: Latios|89/100 brn|[from] brn
|upkeep
|
|t:|1781237232
|switch|p1a: Samurott|Samurott-Hisui, F|43/100
|turn|23
|
|t:|1781237238
|switch|p2a: Great Tusk|Great Tusk|100/100
|move|p1a: Samurott|Razor Shell|p2a: Great Tusk
|-supereffective|p2a: Great Tusk
|-damage|p2a: Great Tusk|26/100
|-unboost|p2a: Great Tusk|def|1
|
|upkeep
|turn|24
|
|t:|1781237248
|switch|p1a: Zamazenta|Zamazenta|99/100
|move|p2a: Great Tusk|Close Combat|p1a: Zamazenta
|-damage|p1a: Zamazenta|44/100
|-unboost|p2a: Great Tusk|def|1
|-unboost|p2a: Great Tusk|spd|1
|
|-heal|p1a: Zamazenta|50/100|[from] item: Leftovers
|upkeep
|turn|25
|
|t:|1781237272
|-end|p2a: Great Tusk|Protosynthesis|[silent]
|switch|p2a: Latios|Latios, M|89/100 brn
|move|p1a: Zamazenta|Body Press|p2a: Latios
|-resisted|p2a: Latios
|-damage|p2a: Latios|69/100 brn
|
|-heal|p1a: Zamazenta|56/100|[from] item: Leftovers
|-damage|p2a: Latios|63/100 brn|[from] brn
|upkeep
|turn|26
|
|t:|1781237281
|move|p2a: Latios|Flip Turn|p1a: Zamazenta
|-damage|p1a: Zamazenta|51/100
|
|t:|1781237284
|switch|p2a: Great Tusk|Great Tusk|26/100|[from] Flip Turn
|move|p1a: Zamazenta|Crunch|p2a: Great Tusk
|-resisted|p2a: Great Tusk
|-crit|p2a: Great Tusk
|-damage|p2a: Great Tusk|11/100
|-unboost|p2a: Great Tusk|def|1
|
|-heal|p1a: Zamazenta|57/100|[from] item: Leftovers
|upkeep
|turn|27
|
|t:|1781237294
|move|p1a: Zamazenta|Body Press|p2a: Great Tusk
|-damage|p2a: Great Tusk|0 fnt
|faint|p2a: Great Tusk
|-end|p2a: Great Tusk|Protosynthesis|[silent]
|
|-heal|p1a: Zamazenta|64/100|[from] item: Leftovers
|upkeep
|-message|nobodylab forfeited.
|
|win|Glimpse Man
|raw|Glimpse Man's rating: 1560 &rarr; <strong>1581</strong><br />(+21 for winning)
|raw|nobodylab's rating: 1580 &rarr; <strong>1559</strong><br />(-21 for losing)
|l|☆nobodylab
|player|p2|
|l|☆Glimpse Man
|player|p1|
|l| Kern11
