|badge|p1|bronze|gen9ubers|100-9
|uhtml|medal-msg|<div class="broadcast-blue">Curious what those medals under the avatar are? PS now has Ladder Seasons! For more information, check out the <a href="https://www.smogon.com/forums/threads/3740067/">thread on Smogon.</a></div>
|j|☆goodnightnite
|j|☆arturohdez
|t:|1780916551
|gametype|singles
|player|p1|goodnightnite|miku-water|1587
|player|p2|arturohdez|lucas|1653
|gen|9
|tier|[Gen 9] OU
|rated|
|rule|HP Percentage Mod: HP is shown in percentages
|rule|Endless Battle Clause: Forcing endless battles is banned
|rule|Species Clause: Limit one of each Pokémon
|rule|OHKO Clause: OHKO moves are banned
|rule|Evasion Items Clause: Evasion items are banned
|rule|Evasion Moves Clause: Evasion moves are banned
|rule|Evasion Abilities Clause: Evasion abilities are banned
|rule|Sleep Moves Clause: Sleep-inducing moves are banned
|clearpoke
|poke|p1|Latios, M|
|poke|p1|Ogerpon-Wellspring, F|
|poke|p1|Iron Treads|
|poke|p1|Ceruledge, F|
|poke|p1|Zamazenta-*|
|poke|p1|Darkrai|
|poke|p2|Great Tusk|
|poke|p2|Hatterene, F|
|poke|p2|Dragonite, M|
|poke|p2|Kyurem|
|poke|p2|Kingambit, M|
|poke|p2|Darkrai|
|teampreview
|inactive|Battle timer is ON: inactive players will automatically lose when time's up. (requested by goodnightnite)
|
|t:|1780916562
|teamsize|p1|6
|teamsize|p2|6
|start
|switch|p1a: ZamaZinZadderin|Zamazenta|100/100
|switch|p2a: Kyurem|Kyurem|100/100
|-ability|p1a: ZamaZinZadderin|Dauntless Shield|boost
|-boost|p1a: ZamaZinZadderin|def|1
|-ability|p2a: Kyurem|Pressure
|turn|1
|
|t:|1780916572
|switch|p2a: Hatterene|Hatterene, F|100/100
|-item|p2a: Hatterene|Air Balloon
|move|p1a: ZamaZinZadderin|Heavy Slam|p2a: Hatterene
|-supereffective|p2a: Hatterene
|-damage|p2a: Hatterene|17/100
|-enditem|p2a: Hatterene|Air Balloon
|-damage|p1a: ZamaZinZadderin|91/100|[from] item: Life Orb
|
|upkeep
|turn|2
|
|t:|1780916585
|switch|p2a: Great Tusk|Great Tusk|100/100
|move|p1a: ZamaZinZadderin|Crunch|p2a: Great Tusk
|-resisted|p2a: Great Tusk
|-damage|p2a: Great Tusk|89/100
|-damage|p1a: ZamaZinZadderin|74/100|[from] item: Rocky Helmet|[of] p2a: Great Tusk
|-damage|p1a: ZamaZinZadderin|64/100|[from] item: Life Orb
|
|upkeep
|turn|3
|j| chongtian0329
|
|t:|1780916591
|switch|p1a: LockheedShartin|Latios, M, shiny|100/100
|move|p2a: Great Tusk|Stealth Rock|p1a: LockheedShartin
|-sidestart|p1: goodnightnite|move: Stealth Rock
|
|upkeep
|turn|4
|l| chongtian0329
|
|t:|1780916600
|-end|p2a: Great Tusk|Protosynthesis|[silent]
|switch|p2a: Hatterene|Hatterene, F|17/100
|move|p1a: LockheedShartin|Calm Mind|p1a: LockheedShartin
|-boost|p1a: LockheedShartin|spa|1
|-boost|p1a: LockheedShartin|spd|1
|
|upkeep
|turn|5
|
|t:|1780916604
|move|p1a: LockheedShartin|Psychic Noise|p2a: Hatterene
|-resisted|p2a: Hatterene
|-damage|p2a: Hatterene|0 fnt
|faint|p2a: Hatterene
|
|upkeep
|
|t:|1780916608
|switch|p2a: Darkrai|Darkrai|100/100
|turn|6
|
|t:|1780916618
|move|p2a: Darkrai|Trick|p1a: LockheedShartin
|-activate|p2a: Darkrai|move: Trick|[of] p1a: LockheedShartin
|-item|p1a: LockheedShartin|Choice Scarf|[from] move: Trick
|-item|p2a: Darkrai|Sitrus Berry|[from] move: Trick
|move|p1a: LockheedShartin|Aura Sphere|p2a: Darkrai
|-supereffective|p2a: Darkrai
|-damage|p2a: Darkrai|0 fnt
|faint|p2a: Darkrai
|
|upkeep
|
|t:|1780916627
|switch|p2a: Dragonite|Dragonite, M|100/100
|turn|7
|
|t:|1780916634
|switch|p1a: GasStationSushi|Darkrai|100/100
|move|p2a: Dragonite|Dragon Dance|p2a: Dragonite
|-boost|p2a: Dragonite|atk|1
|-boost|p2a: Dragonite|spe|1
|
|upkeep
|turn|8
|
|t:|1780916645
|-terastallize|p2a: Dragonite|Fire
|move|p2a: Dragonite|Dragon Dance|p2a: Dragonite
|-boost|p2a: Dragonite|atk|1
|-boost|p2a: Dragonite|spe|1
|move|p1a: GasStationSushi|Will-O-Wisp|p2a: Dragonite|[miss]
|-miss|p1a: GasStationSushi|p2a: Dragonite
|
|upkeep
|turn|9
|
|t:|1780916658
|move|p2a: Dragonite|Dragon Dance|p2a: Dragonite
|-boost|p2a: Dragonite|atk|1
|-boost|p2a: Dragonite|spe|1
|move|p1a: GasStationSushi|Knock Off|p2a: Dragonite
|-damage|p2a: Dragonite|85/100
|-enditem|p2a: Dragonite|Loaded Dice|[from] move: Knock Off|[of] p1a: GasStationSushi
|
|upkeep
|turn|10
|
|t:|1780916671
|move|p2a: Dragonite|Dragon Dance|p2a: Dragonite
|-boost|p2a: Dragonite|atk|1
|-boost|p2a: Dragonite|spe|1
|move|p1a: GasStationSushi|Dark Pulse|p2a: Dragonite
|-damage|p2a: Dragonite|41/100
|
|upkeep
|turn|11
|
|t:|1780916678
|move|p2a: Dragonite|Fire Punch|p1a: GasStationSushi
|-damage|p1a: GasStationSushi|0 fnt
|faint|p1a: GasStationSushi
|
|upkeep
|
|t:|1780916685
|switch|p1a: LondonRoadman|Ceruledge, F|100/100
|-damage|p1a: LondonRoadman|76/100|[from] Stealth Rock
|turn|12
|
|t:|1780916702
|-terastallize|p1a: LondonRoadman|Fairy
|move|p2a: Dragonite|Scale Shot|p1a: LondonRoadman
|-immune|p1a: LondonRoadman
|move|p1a: LondonRoadman|Bulk Up|p1a: LondonRoadman
|-boost|p1a: LondonRoadman|atk|1
|-boost|p1a: LondonRoadman|def|1
|
|upkeep
|turn|13
|
|t:|1780916711
|move|p2a: Dragonite|Encore|p1a: LondonRoadman
|-start|p1a: LondonRoadman|Encore
|move|p1a: LondonRoadman|Bulk Up|p1a: LondonRoadman
|-boost|p1a: LondonRoadman|atk|1
|-boost|p1a: LondonRoadman|def|1
|
|upkeep
|turn|14
|
|t:|1780916715
|move|p2a: Dragonite|Fire Punch|p1a: LondonRoadman
|-start|p1a: LondonRoadman|ability: Flash Fire
|move|p1a: LondonRoadman|Bulk Up|p1a: LondonRoadman
|-boost|p1a: LondonRoadman|atk|1
|-boost|p1a: LondonRoadman|def|1
|
|upkeep
|turn|15
|
|t:|1780916725
|move|p2a: Dragonite|Dragon Dance|p2a: Dragonite
|-boost|p2a: Dragonite|atk|1
|-boost|p2a: Dragonite|spe|1
|move|p1a: LondonRoadman|Bulk Up|p1a: LondonRoadman
|-boost|p1a: LondonRoadman|atk|1
|-boost|p1a: LondonRoadman|def|1
|
|-end|p1a: LondonRoadman|Encore
|upkeep
|turn|16
|
|t:|1780916729
|move|p1a: LondonRoadman|Shadow Sneak|p2a: Dragonite
|-damage|p2a: Dragonite|0 fnt
|faint|p2a: Dragonite
|
|upkeep
|-message|arturohdez forfeited.
|
|win|goodnightnite
|raw|goodnightnite's rating: 1587 &rarr; <strong>1611</strong><br />(+24 for winning)
|raw|arturohdez's rating: 1653 &rarr; <strong>1629</strong><br />(-24 for losing)
|l|☆arturohdez
|player|p2|
|l|☆goodnightnite
|player|p1|
