|j|‽tasty sardine 408
|j|‽yesterdaymister
|t:|1781551392
|gametype|singles
|player|p1|tasty sardine 408|harlequin|1649
|player|p2|yesterdaymister|striker|1810
|gen|9
|tier|[Gen 9] OU
|rated|
|rule|HP Percentage Mod: HP is shown in percentages
|rule|Endless Battle Clause: Forcing endless battles is banned
|rule|Species Clause: Limit one of each Pokémon
|rule|OHKO Clause: OHKO moves are banned
|rule|Evasion Items Clause: Evasion items are banned
|rule|Evasion Moves Clause: Evasion moves are banned
|rule|Evasion Abilities Clause: Evasion abilities are banned
|rule|Sleep Moves Clause: Sleep-inducing moves are banned
|clearpoke
|poke|p1|Umbreon, M|
|poke|p1|Serperior, F|
|poke|p1|Cresselia, F|
|poke|p1|Revavroom, F|
|poke|p1|Skeledirge, M|
|poke|p1|Manaphy|
|poke|p2|Ninetales, F|
|poke|p2|Ceruledge, M|
|poke|p2|Venusaur, F|
|poke|p2|Hatterene, F|
|poke|p2|Great Tusk|
|poke|p2|Walking Wake|
|teampreview
|inactive|Battle timer is ON: inactive players will automatically lose when time's up. (requested by yesterdaymister)
|
|t:|1781551413
|teamsize|p1|6
|teamsize|p2|6
|start
|switch|p1a: Serperior|Serperior, F, shiny|100/100
|switch|p2a: Ninetales|Ninetales, F|100/100
|-weather|SunnyDay|[from] ability: Drought|[of] p2a: Ninetales
|turn|1
|
|t:|1781551420
|switch|p2a: Hatterene|Hatterene, F|100/100
|move|p1a: Serperior|Glare|p2a: Hatterene
|move|p2a: Hatterene|Glare|p1a: Serperior|[from] ability: Magic Bounce
|-status|p1a: Serperior|par
|
|-weather|SunnyDay|[upkeep]
|upkeep
|turn|2
|
|t:|1781551424
|move|p1a: Serperior|Leaf Storm|p2a: Hatterene
|-damage|p2a: Hatterene|68/100
|-boost|p1a: Serperior|spa|2
|-enditem|p2a: Hatterene|Eject Button
|
|t:|1781551430
|switch|p2a: Ceruledge|Ceruledge, M|100/100
|
|-weather|SunnyDay|[upkeep]
|upkeep
|turn|3
|inactive|tasty sardine 408 has 120 seconds left.
|
|t:|1781551484
|move|p2a: Ceruledge|Bitter Blade|p1a: Serperior
|-supereffective|p1a: Serperior
|-damage|p1a: Serperior|0 fnt
|faint|p1a: Serperior
|
|-weather|SunnyDay|[upkeep]
|upkeep
|
|t:|1781551487
|switch|p1a: Umbreon|Umbreon, M, shiny|100/100
|turn|4
|
|t:|1781551493
|switch|p2a: Hatterene|Hatterene, F|68/100
|move|p1a: Umbreon|Foul Play|p2a: Hatterene
|-damage|p2a: Hatterene|43/100
|
|-weather|SunnyDay|[upkeep]
|upkeep
|turn|5
|
|t:|1781551497
|move|p1a: Umbreon|Foul Play|p2a: Hatterene
|-damage|p2a: Hatterene|17/100
|move|p2a: Hatterene|Nuzzle|p1a: Umbreon
|-damage|p1a: Umbreon|98/100
|-status|p1a: Umbreon|par
|-activate|p1a: Umbreon|ability: Synchronize
|-status|p2a: Hatterene|par
|
|-weather|SunnyDay|[upkeep]
|-heal|p1a: Umbreon|100/100 par|[from] item: Leftovers
|upkeep
|turn|6
|
|t:|1781551501
|move|p1a: Umbreon|Foul Play|p2a: Hatterene
|-crit|p2a: Hatterene
|-damage|p2a: Hatterene|0 fnt
|faint|p2a: Hatterene
|
|-weather|SunnyDay|[upkeep]
|upkeep
|
|t:|1781551509
|switch|p2a: Walking Wake|Walking Wake|100/100
|-activate|p2a: Walking Wake|ability: Protosynthesis
|-start|p2a: Walking Wake|protosynthesisspa
|turn|7
|j| DoctorFajitas3884
|
|t:|1781551515
|move|p2a: Walking Wake|Hydro Steam|p1a: Umbreon
|-damage|p1a: Umbreon|20/100 par
|cant|p1a: Umbreon|par
|
|-weather|SunnyDay|[upkeep]
|-heal|p1a: Umbreon|26/100 par|[from] item: Leftovers
|upkeep
|turn|8
|
|t:|1781551520
|move|p1a: Umbreon|Protect|p1a: Umbreon
|-singleturn|p1a: Umbreon|Protect
|move|p2a: Walking Wake|Hydro Steam|p1a: Umbreon
|-activate|p1a: Umbreon|move: Protect
|
|-weather|none
|-end|p2a: Walking Wake|Protosynthesis
|-heal|p1a: Umbreon|32/100 par|[from] item: Leftovers
|upkeep
|turn|9
|
|t:|1781551522
|move|p2a: Walking Wake|Hydro Steam|p1a: Umbreon
|-damage|p1a: Umbreon|0 fnt
|faint|p1a: Umbreon
|
|upkeep
|
|t:|1781551526
|switch|p1a: Manaphy|Manaphy, shiny|100/100
|turn|10
|
|t:|1781551530
|-end|p2a: Walking Wake|Protosynthesis|[silent]
|switch|p2a: Ninetales|Ninetales, F|100/100
|-weather|SunnyDay|[from] ability: Drought|[of] p2a: Ninetales
|move|p1a: Manaphy|Take Heart|p1a: Manaphy
|-boost|p1a: Manaphy|spa|1
|-boost|p1a: Manaphy|spd|1
|
|-weather|SunnyDay|[upkeep]
|upkeep
|turn|11
|
|t:|1781551539
|move|p2a: Ninetales|Encore|p1a: Manaphy
|-start|p1a: Manaphy|Encore
|move|p1a: Manaphy|Take Heart|p1a: Manaphy
|-boost|p1a: Manaphy|spa|1
|-boost|p1a: Manaphy|spd|1
|
|-weather|SunnyDay|[upkeep]
|upkeep
|turn|12
|
|t:|1781551543
|move|p2a: Ninetales|Flamethrower|p1a: Manaphy
|-resisted|p1a: Manaphy
|-damage|p1a: Manaphy|93/100
|move|p1a: Manaphy|Take Heart|p1a: Manaphy
|-boost|p1a: Manaphy|spa|1
|-boost|p1a: Manaphy|spd|1
|
|-weather|SunnyDay|[upkeep]
|-heal|p1a: Manaphy|99/100|[from] item: Leftovers
|upkeep
|turn|13
|
|t:|1781551548
|move|p2a: Ninetales|Flamethrower|p1a: Manaphy
|-resisted|p1a: Manaphy
|-damage|p1a: Manaphy|92/100
|move|p1a: Manaphy|Take Heart|p1a: Manaphy
|-boost|p1a: Manaphy|spa|1
|-boost|p1a: Manaphy|spd|1
|
|-weather|SunnyDay|[upkeep]
|-heal|p1a: Manaphy|98/100|[from] item: Leftovers
|-end|p1a: Manaphy|Encore
|upkeep
|turn|14
|
|t:|1781551550
|move|p2a: Ninetales|Encore|p1a: Manaphy
|-start|p1a: Manaphy|Encore
|move|p1a: Manaphy|Take Heart|p1a: Manaphy
|-boost|p1a: Manaphy|spa|1
|-boost|p1a: Manaphy|spd|1
|
|-weather|SunnyDay|[upkeep]
|-heal|p1a: Manaphy|100/100|[from] item: Leftovers
|upkeep
|turn|15
|l| DoctorFajitas3884
|
|t:|1781551575
|move|p2a: Ninetales|Will-O-Wisp|p1a: Manaphy
|-status|p1a: Manaphy|brn
|move|p1a: Manaphy|Take Heart|p1a: Manaphy
|-boost|p1a: Manaphy|spa|1
|-boost|p1a: Manaphy|spd|1
|-curestatus|p1a: Manaphy|brn|[msg]
|
|-weather|SunnyDay|[upkeep]
|upkeep
|turn|16
|
|t:|1781551580
|move|p2a: Ninetales|Flamethrower|p1a: Manaphy
|-resisted|p1a: Manaphy
|-damage|p1a: Manaphy|97/100
|move|p1a: Manaphy|Take Heart||[still]
|-boost|p1a: Manaphy|spa|0
|-boost|p1a: Manaphy|spd|0
|-fail|p1a: Manaphy
|
|-weather|SunnyDay|[upkeep]
|-heal|p1a: Manaphy|100/100|[from] item: Leftovers
|-end|p1a: Manaphy|Encore
|upkeep
|turn|17
|
|t:|1781551585
|move|p2a: Ninetales|Encore|p1a: Manaphy
|-start|p1a: Manaphy|Encore
|move|p1a: Manaphy|Take Heart||[still]
|-boost|p1a: Manaphy|spa|0
|-boost|p1a: Manaphy|spd|0
|-fail|p1a: Manaphy
|
|-weather|none
|upkeep
|turn|18
|
|t:|1781551598
|switch|p2a: Great Tusk|Great Tusk|100/100
|move|p1a: Manaphy|Take Heart||[still]
|-boost|p1a: Manaphy|spa|0
|-boost|p1a: Manaphy|spd|0
|-fail|p1a: Manaphy
|
|upkeep
|turn|19
|
|t:|1781551606
|move|p1a: Manaphy|Take Heart||[still]
|-boost|p1a: Manaphy|spa|0
|-boost|p1a: Manaphy|spd|0
|-fail|p1a: Manaphy
|move|p2a: Great Tusk|Headlong Rush|p1a: Manaphy
|-damage|p1a: Manaphy|59/100
|-unboost|p2a: Great Tusk|def|1
|-unboost|p2a: Great Tusk|spd|1
|
|-heal|p1a: Manaphy|65/100|[from] item: Leftovers
|-end|p1a: Manaphy|Encore
|upkeep
|turn|20
|
|t:|1781551611
|move|p1a: Manaphy|Stored Power|p2a: Great Tusk
|-supereffective|p2a: Great Tusk
|-damage|p2a: Great Tusk|0 fnt
|faint|p2a: Great Tusk
|-end|p2a: Great Tusk|Protosynthesis|[silent]
|
|-heal|p1a: Manaphy|71/100|[from] item: Leftovers
|upkeep
|
|t:|1781551613
|switch|p2a: Ninetales|Ninetales, F|100/100
|-weather|SunnyDay|[from] ability: Drought|[of] p2a: Ninetales
|turn|21
|
|t:|1781551629
|move|p2a: Ninetales|Healing Wish|p2a: Ninetales
|faint|p2a: Ninetales
|move|p1a: Manaphy|Stored Power|p2: Ninetales|[notarget]
|-fail|p1a: Manaphy
|
|-weather|SunnyDay|[upkeep]
|-heal|p1a: Manaphy|77/100|[from] item: Leftovers
|upkeep
|
|t:|1781551632
|switch|p2a: Venusaur|Venusaur, F|100/100
|turn|22
|
|t:|1781551648
|move|p2a: Venusaur|Giga Drain|p1a: Manaphy
|-supereffective|p1a: Manaphy
|-damage|p1a: Manaphy|58/100
|-damage|p2a: Venusaur|91/100|[from] item: Life Orb
|move|p1a: Manaphy|Stored Power|p2a: Venusaur
|-supereffective|p2a: Venusaur
|-damage|p2a: Venusaur|0 fnt
|faint|p2a: Venusaur
|
|-weather|SunnyDay|[upkeep]
|-heal|p1a: Manaphy|64/100|[from] item: Leftovers
|upkeep
|
|t:|1781551657
|switch|p2a: Ceruledge|Ceruledge, M|100/100
|turn|23
|
|t:|1781551662
|move|p1a: Manaphy|Scald|p2a: Ceruledge
|-supereffective|p2a: Ceruledge
|-enditem|p2a: Ceruledge|Focus Sash
|-damage|p2a: Ceruledge|1/100
|move|p2a: Ceruledge|Poltergeist|p1a: Manaphy
|-activate|p1a: Manaphy|move: Poltergeist|Leftovers
|-damage|p1a: Manaphy|18/100
|
|-weather|SunnyDay|[upkeep]
|-heal|p1a: Manaphy|24/100|[from] item: Leftovers
|upkeep
|turn|24
|
|t:|1781551669
|move|p2a: Ceruledge|Shadow Sneak|p1a: Manaphy
|-damage|p1a: Manaphy|8/100
|move|p1a: Manaphy|Scald|p2a: Ceruledge
|-supereffective|p2a: Ceruledge
|-damage|p2a: Ceruledge|0 fnt
|faint|p2a: Ceruledge
|
|-weather|SunnyDay|[upkeep]
|-heal|p1a: Manaphy|14/100|[from] item: Leftovers
|upkeep
|
|t:|1781551671
|switch|p2a: Walking Wake|Walking Wake|100/100
|-activate|p2a: Walking Wake|ability: Protosynthesis
|-start|p2a: Walking Wake|protosynthesisspa
|turn|25
|
|t:|1781551676
|-terastallize|p2a: Walking Wake|Water
|move|p1a: Manaphy|Stored Power|p2a: Walking Wake
|-damage|p2a: Walking Wake|0 fnt
|faint|p2a: Walking Wake
|-end|p2a: Walking Wake|Protosynthesis|[silent]
|
|win|tasty sardine 408
|raw|tasty sardine 408's rating: 1649 &rarr; <strong>1678</strong><br />(+29 for winning)
|raw|yesterdaymister's rating: 1810 &rarr; <strong>1781</strong><br />(-29 for losing)
|l|‽yesterdaymister
|player|p2|
|l|‽tasty sardine 408
|player|p1|
