|j|☆lord shiddenfards
|j|☆bak bak bak again
|t:|1781599491
|gametype|singles
|player|p1|lord shiddenfards|blaine|1583
|player|p2|bak bak bak again|wallace|1597
|gen|9
|tier|[Gen 9] OU
|rated|
|rule|HP Percentage Mod: HP is shown in percentages
|rule|Endless Battle Clause: Forcing endless battles is banned
|rule|Species Clause: Limit one of each Pokémon
|rule|OHKO Clause: OHKO moves are banned
|rule|Evasion Items Clause: Evasion items are banned
|rule|Evasion Moves Clause: Evasion moves are banned
|rule|Evasion Abilities Clause: Evasion abilities are banned
|rule|Sleep Moves Clause: Sleep-inducing moves are banned
|clearpoke
|poke|p1|Ninetales, F|
|poke|p1|Great Tusk|
|poke|p1|Slither Wing|
|poke|p1|Alomomola, F|
|poke|p1|Iron Moth|
|poke|p1|Raging Bolt|
|poke|p2|Iron Moth|
|poke|p2|Gengar, M|
|poke|p2|Gliscor, M|
|poke|p2|Salazzle, F|
|poke|p2|Ogerpon-Wellspring, F|
|poke|p2|Regieleki|
|teampreview
|inactive|Battle timer is ON: inactive players will automatically lose when time's up. (requested by lord shiddenfards)
|j| TeamOrderAgent11
|
|t:|1781599518
|teamsize|p1|6
|teamsize|p2|6
|start
|switch|p1a: Ninetales|Ninetales, F|100/100
|switch|p2a: Gengar|Gengar, M|100/100
|-weather|SunnyDay|[from] ability: Drought|[of] p1a: Ninetales
|turn|1
|
|t:|1781599526
|move|p2a: Gengar|Toxic Spikes|p1a: Ninetales
|-sidestart|p1: lord shiddenfards|move: Toxic Spikes
|move|p1a: Ninetales|Overheat|p2a: Gengar
|-damage|p2a: Gengar|0 fnt
|-unboost|p1a: Ninetales|spa|2
|-start|p1a: Ninetales|Disable|Overheat|[from] ability: Cursed Body|[of] p2a: Gengar
|faint|p2a: Gengar
|
|-weather|SunnyDay|[upkeep]
|upkeep
|
|t:|1781599548
|switch|p2a: Iron Moth|Iron Moth|100/100
|turn|2
|
|t:|1781599567
|switch|p1a: Iron Moth|Iron Moth|100/100
|-sideend|p1: lord shiddenfards|move: Toxic Spikes|[of] p1a: Iron Moth
|-enditem|p1a: Iron Moth|Booster Energy
|-activate|p1a: Iron Moth|ability: Quark Drive|[fromitem]
|-start|p1a: Iron Moth|quarkdrivespe
|move|p2a: Iron Moth|Venoshock|p1a: Iron Moth
|-resisted|p1a: Iron Moth
|-damage|p1a: Iron Moth|75/100
|
|-weather|SunnyDay|[upkeep]
|upkeep
|turn|3
|j| g4rewfewfdwed
|
|t:|1781599576
|-end|p2a: Iron Moth|Quark Drive|[silent]
|switch|p2a: Salazzle|Salazzle, F|100/100
|move|p1a: Iron Moth|Psychic|p2a: Salazzle
|-supereffective|p2a: Salazzle
|-damage|p2a: Salazzle|12/100
|
|-weather|SunnyDay|[upkeep]
|-heal|p2a: Salazzle|18/100|[from] item: Leftovers
|upkeep
|turn|4
|
|t:|1781599584
|move|p1a: Iron Moth|Fiery Dance|p2a: Salazzle
|-resisted|p2a: Salazzle
|-damage|p2a: Salazzle|0 fnt
|faint|p2a: Salazzle
|
|-weather|SunnyDay|[upkeep]
|upkeep
|
|t:|1781599588
|switch|p2a: Iron Moth|Iron Moth|100/100
|turn|5
|
|t:|1781599591
|move|p1a: Iron Moth|Psychic|p2a: Iron Moth
|-supereffective|p2a: Iron Moth
|-damage|p2a: Iron Moth|33/100
|move|p2a: Iron Moth|Overheat|p1a: Iron Moth
|-resisted|p1a: Iron Moth
|-crit|p1a: Iron Moth
|-damage|p1a: Iron Moth|0 fnt
|-unboost|p2a: Iron Moth|spa|2
|faint|p1a: Iron Moth
|-end|p1a: Iron Moth|Quark Drive|[silent]
|
|-weather|none
|upkeep
|
|t:|1781599607
|switch|p1a: Ninetales|Ninetales, F|100/100
|-weather|SunnyDay|[from] ability: Drought|[of] p1a: Ninetales
|turn|6
|
|t:|1781599623
|-end|p2a: Iron Moth|Quark Drive|[silent]
|switch|p2a: Regieleki|Regieleki|100/100
|switch|p1a: Alomomola|Alomomola, F|100/100
|
|-weather|SunnyDay|[upkeep]
|upkeep
|turn|7
|
|t:|1781599629
|switch|p2a: Gliscor|Gliscor, M|100/100
|move|p1a: Alomomola|Flip Turn|p2a: Gliscor
|-supereffective|p2a: Gliscor
|-damage|p2a: Gliscor|87/100
|
|t:|1781599633
|switch|p1a: Ninetales|Ninetales, F|100/100|[from] Flip Turn
|
|-weather|SunnyDay|[upkeep]
|-status|p2a: Gliscor|tox|[from] item: Toxic Orb
|upkeep
|turn|8
|
|t:|1781599637
|move|p2a: Gliscor|Protect|p2a: Gliscor
|-singleturn|p2a: Gliscor|Protect
|move|p1a: Ninetales|Overheat|p2a: Gliscor
|-activate|p2a: Gliscor|move: Protect
|
|-weather|SunnyDay|[upkeep]
|-heal|p2a: Gliscor|99/100 tox|[from] ability: Poison Heal
|upkeep
|turn|9
|
|t:|1781599642
|move|p1a: Ninetales|Overheat|p2a: Gliscor
|-damage|p2a: Gliscor|0 fnt
|-unboost|p1a: Ninetales|spa|2
|faint|p2a: Gliscor
|
|-weather|SunnyDay|[upkeep]
|upkeep
|
|t:|1781599650
|switch|p2a: Ogerpon|Ogerpon-Wellspring, F|100/100
|turn|10
|
|t:|1781599654
|switch|p1a: Alomomola|Alomomola, F|100/100
|move|p2a: Ogerpon|Spikes|p1a: Alomomola
|-sidestart|p1: lord shiddenfards|Spikes
|
|-weather|none
|upkeep
|turn|11
|
|t:|1781599659
|move|p2a: Ogerpon|Knock Off|p1a: Alomomola
|-damage|p1a: Alomomola|76/100
|-enditem|p1a: Alomomola|Eject Button|[from] move: Knock Off|[of] p2a: Ogerpon
|move|p1a: Alomomola|Wish|p1a: Alomomola
|
|upkeep
|turn|12
|
|t:|1781599675
|switch|p1a: Ninetales|Ninetales, F|100/100
|-damage|p1a: Ninetales|88/100|[from] Spikes
|-weather|SunnyDay|[from] ability: Drought|[of] p1a: Ninetales
|move|p2a: Ogerpon|U-turn|p1a: Ninetales
|-resisted|p1a: Ninetales
|-damage|p1a: Ninetales|67/100
|
|t:|1781599683
|switch|p2a: Iron Moth|Iron Moth|33/100|[from] U-turn
|
|-weather|SunnyDay|[upkeep]
|-heal|p1a: Ninetales|100/100|[from] move: Wish|[wisher] Alomomola
|upkeep
|turn|13
|
|t:|1781599688
|move|p2a: Iron Moth|Overheat|p1a: Ninetales
|-resisted|p1a: Ninetales
|-damage|p1a: Ninetales|2/100
|-unboost|p2a: Iron Moth|spa|2
|move|p1a: Ninetales|Scorching Sands|p2a: Iron Moth
|-supereffective|p2a: Iron Moth
|-damage|p2a: Iron Moth|0 fnt
|faint|p2a: Iron Moth
|-end|p2a: Iron Moth|Quark Drive|[silent]
|
|-weather|SunnyDay|[upkeep]
|upkeep
|
|t:|1781599693
|switch|p2a: Ogerpon|Ogerpon-Wellspring, F|100/100
|turn|14
|
|t:|1781599698
|move|p2a: Ogerpon|Spikes|p1a: Ninetales
|-sidestart|p1: lord shiddenfards|Spikes
|move|p1a: Ninetales|Scorching Sands|p2a: Ogerpon
|-resisted|p2a: Ogerpon
|-damage|p2a: Ogerpon|86/100
|-status|p2a: Ogerpon|brn
|
|-weather|SunnyDay|[upkeep]
|-damage|p2a: Ogerpon|80/100 brn|[from] brn
|upkeep
|turn|15
|
|t:|1781599705
|switch|p1a: Great Tusk|Great Tusk|100/100
|-activate|p1a: Great Tusk|ability: Protosynthesis
|-start|p1a: Great Tusk|protosynthesisspe
|move|p2a: Ogerpon|Knock Off|p1a: Great Tusk
|-resisted|p1a: Great Tusk
|-damage|p1a: Great Tusk|95/100
|-enditem|p1a: Great Tusk|Heavy-Duty Boots|[from] move: Knock Off|[of] p2a: Ogerpon
|
|-weather|SunnyDay|[upkeep]
|-damage|p2a: Ogerpon|74/100 brn|[from] brn
|upkeep
|turn|16
|
|t:|1781599708
|-terastallize|p2a: Ogerpon|Water
|detailschange|p2a: Ogerpon|Ogerpon-Wellspring-Tera, F, tera:Water
|-ability|p2a: Ogerpon|Embody Aspect (Wellspring)|boost
|-boost|p2a: Ogerpon|spd|1
|move|p1a: Great Tusk|Rapid Spin|p2a: Ogerpon
|-damage|p2a: Ogerpon|54/100 brn
|-boost|p1a: Great Tusk|spe|1
|-sideend|p1: lord shiddenfards|Spikes|[from] move: Rapid Spin|[of] p1a: Great Tusk
|move|p2a: Ogerpon|Ivy Cudgel|p1a: Great Tusk|[anim] Ivy Cudgel Water
|-supereffective|p1a: Great Tusk
|-damage|p1a: Great Tusk|68/100
|
|-weather|none
|-end|p1a: Great Tusk|Protosynthesis
|-damage|p2a: Ogerpon|48/100 brn|[from] brn
|upkeep
|turn|17
|
|t:|1781599714
|move|p1a: Great Tusk|Bulk Up|p1a: Great Tusk
|-boost|p1a: Great Tusk|atk|1
|-boost|p1a: Great Tusk|def|1
|move|p2a: Ogerpon|Ivy Cudgel|p1a: Great Tusk|[anim] Ivy Cudgel Water
|-supereffective|p1a: Great Tusk
|-damage|p1a: Great Tusk|31/100
|
|-damage|p2a: Ogerpon|42/100 brn|[from] brn
|upkeep
|turn|18
|
|t:|1781599718
|move|p1a: Great Tusk|Rapid Spin|p2a: Ogerpon
|-damage|p2a: Ogerpon|14/100 brn
|-boost|p1a: Great Tusk|spe|1
|move|p2a: Ogerpon|Ivy Cudgel|p1a: Great Tusk|[anim] Ivy Cudgel Water
|-supereffective|p1a: Great Tusk
|-crit|p1a: Great Tusk
|-damage|p1a: Great Tusk|0 fnt
|faint|p1a: Great Tusk
|-end|p1a: Great Tusk|Protosynthesis|[silent]
|
|-damage|p2a: Ogerpon|8/100 brn|[from] brn
|upkeep
|
|t:|1781599727
|switch|p1a: Ninetales|Ninetales, F|2/100
|-weather|SunnyDay|[from] ability: Drought|[of] p1a: Ninetales
|turn|19
|
|t:|1781599730
|move|p2a: Ogerpon|Knock Off|p1a: Ninetales
|-damage|p1a: Ninetales|0 fnt
|-enditem|p1a: Ninetales|Choice Specs|[from] move: Knock Off|[of] p2a: Ogerpon
|faint|p1a: Ninetales
|
|-weather|SunnyDay|[upkeep]
|-damage|p2a: Ogerpon|2/100 brn|[from] brn
|upkeep
|
|t:|1781599738
|switch|p1a: Alomomola|Alomomola, F|100/100
|turn|20
|
|t:|1781599741
|move|p2a: Ogerpon|Ivy Cudgel|p1a: Alomomola|[anim] Ivy Cudgel Water
|-resisted|p1a: Alomomola
|-damage|p1a: Alomomola|94/100
|move|p1a: Alomomola|Flip Turn|p2a: Ogerpon
|-resisted|p2a: Ogerpon
|-damage|p2a: Ogerpon|0 fnt
|faint|p2a: Ogerpon
|detailschange|p2: Ogerpon|Ogerpon-Wellspring, F|[silent]
|
|t:|1781599745
|switch|p1a: Slither Wing|Slither Wing|100/100|[from] Flip Turn
|-activate|p1a: Slither Wing|ability: Protosynthesis
|-start|p1a: Slither Wing|protosynthesisatk
|
|-weather|SunnyDay|[upkeep]
|upkeep
|
|t:|1781599748
|switch|p2a: Regieleki|Regieleki|100/100
|turn|21
|
|t:|1781599752
|-terastallize|p1a: Slither Wing|Bug
|move|p1a: Slither Wing|First Impression|p2a: Regieleki
|-damage|p2a: Regieleki|0 fnt
|faint|p2a: Regieleki
|
|win|lord shiddenfards
|raw|lord shiddenfards's rating: 1583 &rarr; <strong>1604</strong><br />(+21 for winning)
|raw|bak bak bak again's rating: 1597 &rarr; <strong>1576</strong><br />(-21 for losing)
|l|☆bak bak bak again
|player|p2|
|l|☆lord shiddenfards
|player|p1|
|l| TeamOrderAgent11
|l| g4rewfewfdwed
