|j|☆I'm evil and spicy
|j|☆ja hoi
|t:|1781076485
|gametype|singles
|player|p1|I'm evil and spicy|266|1536
|player|p2|ja hoi|101|1607
|gen|9
|tier|[Gen 9] OU
|rated|
|rule|HP Percentage Mod: HP is shown in percentages
|rule|Endless Battle Clause: Forcing endless battles is banned
|rule|Species Clause: Limit one of each Pokémon
|rule|OHKO Clause: OHKO moves are banned
|rule|Evasion Items Clause: Evasion items are banned
|rule|Evasion Moves Clause: Evasion moves are banned
|rule|Evasion Abilities Clause: Evasion abilities are banned
|rule|Sleep Moves Clause: Sleep-inducing moves are banned
|clearpoke
|poke|p1|Iron Valiant|
|poke|p1|Ninetales-Alola, M|
|poke|p1|Raging Bolt|
|poke|p1|Great Tusk|
|poke|p1|Ogerpon-Wellspring, F|
|poke|p1|Gholdengo|
|poke|p2|Quaquaval, F|
|poke|p2|Zamazenta-*|
|poke|p2|Dragapult, F|
|poke|p2|Garganacl, M|
|poke|p2|Grimmsnarl, M|
|poke|p2|Iron Moth|
|teampreview
|j| ILoveGardevoirRah
|j| wuxinshushu1
|inactive|Battle timer is ON: inactive players will automatically lose when time's up. (requested by ja hoi)
|l| wuxinshushu1
|
|t:|1781076514
|teamsize|p1|6
|teamsize|p2|6
|start
|switch|p1a: Raging Bolt|Raging Bolt|100/100
|switch|p2a: Grimmsnarl|Grimmsnarl, M|100/100
|-enditem|p1a: Raging Bolt|Booster Energy
|-activate|p1a: Raging Bolt|ability: Protosynthesis|[fromitem]
|-start|p1a: Raging Bolt|protosynthesisspa
|turn|1
|
|t:|1781076526
|move|p2a: Grimmsnarl|Light Screen|p2a: Grimmsnarl
|-sidestart|p2: ja hoi|move: Light Screen
|move|p1a: Raging Bolt|Calm Mind|p1a: Raging Bolt
|-boost|p1a: Raging Bolt|spa|1
|-boost|p1a: Raging Bolt|spd|1
|
|upkeep
|turn|2
|
|t:|1781076532
|move|p2a: Grimmsnarl|Taunt|p1a: Raging Bolt
|-start|p1a: Raging Bolt|move: Taunt
|cant|p1a: Raging Bolt|move: Taunt|Calm Mind
|
|upkeep
|turn|3
|
|t:|1781076537
|-end|p1a: Raging Bolt|Protosynthesis|[silent]
|switch|p1a: Gholdengo|Gholdengo|100/100
|move|p2a: Grimmsnarl|Parting Shot|p1a: Gholdengo
|-immune|p1a: Gholdengo|[from] ability: Good as Gold
|
|upkeep
|turn|4
|
|t:|1781076547
|switch|p2a: Zamazenta|Zamazenta|100/100
|-ability|p2a: Zamazenta|Dauntless Shield|boost
|-boost|p2a: Zamazenta|def|1
|move|p1a: Gholdengo|Make It Rain|p2a: Zamazenta
|-damage|p2a: Zamazenta|70/100
|-unboost|p1a: Gholdengo|spa|1
|
|-heal|p2a: Zamazenta|76/100|[from] item: Leftovers
|upkeep
|turn|5
|
|t:|1781076559
|switch|p1a: Ninetales|Ninetales-Alola, M|100/100
|-weather|Snowscape|[from] ability: Snow Warning|[of] p1a: Ninetales
|move|p2a: Zamazenta|Substitute|p2a: Zamazenta
|-start|p2a: Zamazenta|Substitute
|-damage|p2a: Zamazenta|51/100
|
|-weather|Snowscape|[upkeep]
|-heal|p2a: Zamazenta|58/100|[from] item: Leftovers
|upkeep
|turn|6
|
|t:|1781076569
|move|p2a: Zamazenta|Body Press|p1a: Ninetales
|-crit|p1a: Ninetales
|-damage|p1a: Ninetales|48/100
|move|p1a: Ninetales|Aurora Veil|p1a: Ninetales
|-sidestart|p1: I'm evil and spicy|move: Aurora Veil
|
|-weather|Snowscape|[upkeep]
|-heal|p2a: Zamazenta|64/100|[from] item: Leftovers
|upkeep
|turn|7
|
|t:|1781076576
|move|p2a: Zamazenta|Body Press|p1a: Ninetales
|-damage|p1a: Ninetales|29/100
|move|p1a: Ninetales|Encore|p2a: Zamazenta
|-start|p2a: Zamazenta|Encore
|
|-weather|Snowscape|[upkeep]
|-heal|p2a: Zamazenta|70/100|[from] item: Leftovers
|upkeep
|turn|8
|
|t:|1781076593
|switch|p2a: Iron Moth|Iron Moth|100/100
|-enditem|p2a: Iron Moth|Booster Energy
|-activate|p2a: Iron Moth|ability: Quark Drive|[fromitem]
|-start|p2a: Iron Moth|quarkdrivespa
|switch|p1a: Gholdengo|Gholdengo|100/100
|
|-weather|Snowscape|[upkeep]
|-sideend|p2: ja hoi|move: Light Screen
|upkeep
|turn|9
|
|t:|1781076605
|switch|p1a: Raging Bolt|Raging Bolt|100/100
|move|p2a: Iron Moth|Fiery Dance|p1a: Raging Bolt
|-resisted|p1a: Raging Bolt
|-damage|p1a: Raging Bolt|87/100
|
|-weather|none
|upkeep
|turn|10
|
|t:|1781076612
|move|p2a: Iron Moth|Sludge Wave|p1a: Raging Bolt
|-damage|p1a: Raging Bolt|53/100
|move|p1a: Raging Bolt|Thunderbolt|p2a: Iron Moth
|-damage|p2a: Iron Moth|42/100
|
|upkeep
|turn|11
|
|t:|1781076619
|-end|p2a: Iron Moth|Quark Drive|[silent]
|switch|p2a: Grimmsnarl|Grimmsnarl, M|100/100
|move|p1a: Raging Bolt|Thunderbolt|p2a: Grimmsnarl
|-damage|p2a: Grimmsnarl|62/100
|
|upkeep
|turn|12
|
|t:|1781076627
|move|p2a: Grimmsnarl|Light Screen|p2a: Grimmsnarl
|-sidestart|p2: ja hoi|move: Light Screen
|move|p1a: Raging Bolt|Calm Mind|p1a: Raging Bolt
|-boost|p1a: Raging Bolt|spa|1
|-boost|p1a: Raging Bolt|spd|1
|
|upkeep
|turn|13
|
|t:|1781076637
|move|p2a: Grimmsnarl|Taunt|p1a: Raging Bolt
|-start|p1a: Raging Bolt|move: Taunt
|move|p1a: Raging Bolt|Thunderbolt|p2a: Grimmsnarl
|-damage|p2a: Grimmsnarl|30/100
|
|-sideend|p1: I'm evil and spicy|move: Aurora Veil
|upkeep
|turn|14
|
|t:|1781076645
|move|p2a: Grimmsnarl|Reflect|p2a: Grimmsnarl
|-sidestart|p2: ja hoi|Reflect
|move|p1a: Raging Bolt|Thunderbolt|p2a: Grimmsnarl
|-crit|p2a: Grimmsnarl
|-damage|p2a: Grimmsnarl|0 fnt
|faint|p2a: Grimmsnarl
|
|upkeep
|
|t:|1781076650
|switch|p2a: Garganacl|Garganacl, M|100/100
|turn|15
|
|t:|1781076666
|-end|p1a: Raging Bolt|Protosynthesis|[silent]
|switch|p1a: Great Tusk|Great Tusk|100/100
|move|p2a: Garganacl|Salt Cure|p1a: Great Tusk
|-resisted|p1a: Great Tusk
|-damage|p1a: Great Tusk|98/100
|-start|p1a: Great Tusk|Salt Cure
|
|-damage|p1a: Great Tusk|86/100|[from] Salt Cure
|upkeep
|turn|16
|c| ILoveGardevoirRah|Garganacl does not really fit the tempo of the team does it...
|
|t:|1781076674
|move|p1a: Great Tusk|Knock Off|p2a: Garganacl
|-damage|p2a: Garganacl|90/100
|-enditem|p2a: Garganacl|Leftovers|[from] move: Knock Off|[of] p1a: Great Tusk
|move|p2a: Garganacl|Iron Defense|p2a: Garganacl
|-boost|p2a: Garganacl|def|2
|
|-damage|p1a: Great Tusk|74/100|[from] Salt Cure
|upkeep
|turn|17
|
|t:|1781076691
|move|p1a: Great Tusk|Stealth Rock|p2a: Garganacl
|-sidestart|p2: ja hoi|move: Stealth Rock
|move|p2a: Garganacl|Body Press|p1a: Great Tusk
|-damage|p1a: Great Tusk|40/100
|
|-damage|p1a: Great Tusk|28/100|[from] Salt Cure
|upkeep
|turn|18
|
|t:|1781076698
|-end|p1a: Great Tusk|Protosynthesis|[silent]
|switch|p1a: Gholdengo|Gholdengo|100/100
|move|p2a: Garganacl|Salt Cure|p1a: Gholdengo
|-resisted|p1a: Gholdengo
|-damage|p1a: Gholdengo|94/100
|-start|p1a: Gholdengo|Salt Cure
|
|-damage|p1a: Gholdengo|69/100|[from] Salt Cure
|upkeep
|turn|19
|
|t:|1781076706
|move|p1a: Gholdengo|Nasty Plot|p1a: Gholdengo
|-boost|p1a: Gholdengo|spa|2
|move|p2a: Garganacl|Salt Cure|p1a: Gholdengo
|-resisted|p1a: Gholdengo
|-damage|p1a: Gholdengo|61/100
|
|-damage|p1a: Gholdengo|36/100|[from] Salt Cure
|-sideend|p2: ja hoi|move: Light Screen
|upkeep
|turn|20
|
|t:|1781076720
|switch|p2a: Zamazenta|Zamazenta|70/100
|-damage|p2a: Zamazenta|64/100|[from] Stealth Rock
|move|p1a: Gholdengo|Recover|p1a: Gholdengo
|-heal|p1a: Gholdengo|86/100
|
|-heal|p2a: Zamazenta|70/100|[from] item: Leftovers
|-damage|p1a: Gholdengo|61/100|[from] Salt Cure
|upkeep
|turn|21
|
|t:|1781076728
|move|p2a: Zamazenta|Crunch|p1a: Gholdengo
|-supereffective|p1a: Gholdengo
|-damage|p1a: Gholdengo|15/100
|move|p1a: Gholdengo|Shadow Ball|p2a: Zamazenta
|-damage|p2a: Zamazenta|0 fnt
|faint|p2a: Zamazenta
|
|-damage|p1a: Gholdengo|0 fnt|[from] Salt Cure
|faint|p1a: Gholdengo
|-sideend|p2: ja hoi|Reflect
|upkeep
|
|t:|1781076744
|switch|p2a: Iron Moth|Iron Moth|42/100
|switch|p1a: Raging Bolt|Raging Bolt|53/100
|-damage|p2a: Iron Moth|17/100|[from] Stealth Rock
|turn|22
|
|t:|1781076750
|move|p1a: Raging Bolt|Thunderclap||[still]
|-fail|p1a: Raging Bolt
|move|p2a: Iron Moth|Agility|p2a: Iron Moth
|-boost|p2a: Iron Moth|spe|2
|
|upkeep
|turn|23
|
|t:|1781076756
|move|p2a: Iron Moth|Agility|p2a: Iron Moth
|-boost|p2a: Iron Moth|spe|2
|move|p1a: Raging Bolt|Thunderbolt|p2a: Iron Moth
|-damage|p2a: Iron Moth|0 fnt
|faint|p2a: Iron Moth
|-end|p2a: Iron Moth|Quark Drive|[silent]
|
|upkeep
|
|t:|1781076763
|switch|p2a: Garganacl|Garganacl, M|90/100
|-damage|p2a: Garganacl|78/100|[from] Stealth Rock
|turn|24
|
|t:|1781076768
|move|p1a: Raging Bolt|Calm Mind|p1a: Raging Bolt
|-boost|p1a: Raging Bolt|spa|1
|-boost|p1a: Raging Bolt|spd|1
|move|p2a: Garganacl|Salt Cure|p1a: Raging Bolt
|-damage|p1a: Raging Bolt|42/100
|-start|p1a: Raging Bolt|Salt Cure
|
|-damage|p1a: Raging Bolt|30/100|[from] Salt Cure
|upkeep
|turn|25
|
|t:|1781076779
|move|p1a: Raging Bolt|Thunderbolt|p2a: Garganacl
|-damage|p2a: Garganacl|30/100
|move|p2a: Garganacl|Recover|p2a: Garganacl
|-heal|p2a: Garganacl|80/100
|
|-damage|p1a: Raging Bolt|17/100|[from] Salt Cure
|upkeep
|turn|26
|
|t:|1781076786
|move|p1a: Raging Bolt|Calm Mind|p1a: Raging Bolt
|-boost|p1a: Raging Bolt|spa|1
|-boost|p1a: Raging Bolt|spd|1
|move|p2a: Garganacl|Recover|p2a: Garganacl
|-heal|p2a: Garganacl|100/100
|
|-damage|p1a: Raging Bolt|5/100|[from] Salt Cure
|upkeep
|turn|27
|
|t:|1781076799
|move|p1a: Raging Bolt|Thunderbolt|p2a: Garganacl
|-damage|p2a: Garganacl|25/100
|move|p2a: Garganacl|Salt Cure|p1a: Raging Bolt
|-damage|p1a: Raging Bolt|0 fnt
|faint|p1a: Raging Bolt
|-end|p1a: Raging Bolt|Protosynthesis|[silent]
|
|upkeep
|c| ILoveGardevoirRah|??
|
|t:|1781076807
|switch|p1a: Iron Valiant|Iron Valiant|100/100
|-enditem|p1a: Iron Valiant|Booster Energy
|-activate|p1a: Iron Valiant|ability: Quark Drive|[fromitem]
|-start|p1a: Iron Valiant|quarkdrivespe
|turn|28
|c|☆ja hoi|?
|
|t:|1781076814
|move|p1a: Iron Valiant|Moonblast|p2a: Garganacl
|-damage|p2a: Garganacl|0 fnt
|faint|p2a: Garganacl
|
|upkeep
|
|t:|1781076829
|switch|p2a: Dragapult|Dragapult, F|100/100
|-damage|p2a: Dragapult|88/100|[from] Stealth Rock
|turn|29
|
|t:|1781076834
|-terastallize|p2a: Dragapult|Ghost
|move|p1a: Iron Valiant|Moonblast|p2a: Dragapult
|-damage|p2a: Dragapult|20/100
|move|p2a: Dragapult|Dragon Dance|p2a: Dragapult
|-boost|p2a: Dragapult|atk|1
|-boost|p2a: Dragapult|spe|1
|
|-heal|p2a: Dragapult|26/100|[from] item: Leftovers
|upkeep
|turn|30
|
|t:|1781076856
|move|p2a: Dragapult|Phantom Force||[still]
|-prepare|p2a: Dragapult|Phantom Force
|move|p1a: Iron Valiant|Substitute|p1a: Iron Valiant
|-start|p1a: Iron Valiant|Substitute
|-damage|p1a: Iron Valiant|76/100
|
|-heal|p2a: Dragapult|32/100|[from] item: Leftovers
|upkeep
|turn|31
|
|t:|1781076862
|move|p2a: Dragapult|Phantom Force|p1a: Iron Valiant|[from] lockedmove
|-damage|p1a: Iron Valiant|0 fnt
|faint|p1a: Iron Valiant
|-end|p1a: Iron Valiant|Quark Drive|[silent]
|
|-heal|p2a: Dragapult|38/100|[from] item: Leftovers
|upkeep
|-message|I'm evil and spicy forfeited.
|
|win|ja hoi
|raw|I&apos;m evil and spicy's rating: 1536 &rarr; <strong>1520</strong><br />(-16 for losing)
|raw|ja hoi's rating: 1607 &rarr; <strong>1623</strong><br />(+16 for winning)
|l|☆I'm evil and spicy
|player|p1|
|c| ILoveGardevoirRah|one must be aware of the possibility of infiltrator
|l|☆ja hoi
|player|p2|
|c| ILoveGardevoirRah|87.5% chance to survive if Substitute was not selected
|c| ILoveGardevoirRah|showdex has failed me
|c| ILoveGardevoirRah|it is guaranteed ohko
|l| ILoveGardevoirRah
