|j|☆fregene97
|j|☆Highgon
|t:|1781554726
|gametype|singles
|player|p1|fregene97|102|1586
|player|p2|Highgon|skier|1595
|gen|9
|tier|[Gen 9] OU
|rated|
|rule|HP Percentage Mod: HP is shown in percentages
|rule|Endless Battle Clause: Forcing endless battles is banned
|rule|Species Clause: Limit one of each Pokémon
|rule|OHKO Clause: OHKO moves are banned
|rule|Evasion Items Clause: Evasion items are banned
|rule|Evasion Moves Clause: Evasion moves are banned
|rule|Evasion Abilities Clause: Evasion abilities are banned
|rule|Sleep Moves Clause: Sleep-inducing moves are banned
|clearpoke
|poke|p1|Dragonite, M|
|poke|p1|Iron Valiant|
|poke|p1|Manaphy|
|poke|p1|Garchomp, M|
|poke|p1|Kommo-o, M|
|poke|p1|Kingambit, M|
|poke|p2|Darkrai|
|poke|p2|Gliscor, M|
|poke|p2|Hydrapple, F|
|poke|p2|Slowking-Galar, M|
|poke|p2|Latios, M|
|poke|p2|Metagross|
|teampreview
|
|t:|1781554764
|teamsize|p1|6
|teamsize|p2|6
|start
|switch|p1a: Manaphy|Manaphy|100/100
|switch|p2a: Gliscor|Gliscor, M|100/100
|turn|1
|
|t:|1781554769
|switch|p2a: Latios|Latios, M|100/100
|move|p1a: Manaphy|Tail Glow|p1a: Manaphy
|-boost|p1a: Manaphy|spa|3
|
|upkeep
|turn|2
|
|t:|1781554788
|move|p2a: Latios|Trick|p1a: Manaphy
|-activate|p2a: Latios|move: Trick|[of] p1a: Manaphy
|-item|p1a: Manaphy|Choice Scarf|[from] move: Trick
|-item|p2a: Latios|Leftovers|[from] move: Trick
|move|p1a: Manaphy|Ice Beam|p2a: Latios
|-supereffective|p2a: Latios
|-damage|p2a: Latios|0 fnt
|faint|p2a: Latios
|
|upkeep
|
|t:|1781554794
|switch|p2a: Metagross|Metagross|100/100
|turn|3
|inactive|Battle timer is ON: inactive players will automatically lose when time's up. (requested by fregene97)
|
|t:|1781554808
|move|p1a: Manaphy|Ice Beam|p2a: Metagross
|-resisted|p2a: Metagross
|-damage|p2a: Metagross|58/100
|move|p2a: Metagross|Psychic Fangs|p1a: Manaphy
|-damage|p1a: Manaphy|29/100
|
|upkeep
|turn|4
|
|t:|1781554811
|move|p1a: Manaphy|Ice Beam|p2a: Metagross
|-resisted|p2a: Metagross
|-damage|p2a: Metagross|17/100
|move|p2a: Metagross|Psychic Fangs|p1a: Manaphy
|-damage|p1a: Manaphy|0 fnt
|faint|p1a: Manaphy
|
|upkeep
|
|t:|1781554823
|switch|p1a: Dragonite|Dragonite, M|100/100
|turn|5
|
|t:|1781554827
|switch|p2a: Gliscor|Gliscor, M|100/100
|move|p1a: Dragonite|Dragon Dance|p1a: Dragonite
|-boost|p1a: Dragonite|atk|1
|-boost|p1a: Dragonite|spe|1
|
|-status|p2a: Gliscor|tox|[from] item: Toxic Orb
|upkeep
|turn|6
|
|t:|1781554831
|-terastallize|p1a: Dragonite|Dragon
|move|p1a: Dragonite|Dragon Dance|p1a: Dragonite
|-boost|p1a: Dragonite|atk|1
|-boost|p1a: Dragonite|spe|1
|move|p2a: Gliscor|Toxic|p1a: Dragonite
|-status|p1a: Dragonite|tox
|
|-damage|p1a: Dragonite|94/100 tox|[from] psn
|upkeep
|turn|7
|
|t:|1781554838
|move|p1a: Dragonite|Dragon Dance|p1a: Dragonite
|-boost|p1a: Dragonite|atk|1
|-boost|p1a: Dragonite|spe|1
|move|p2a: Gliscor|Spikes|p1a: Dragonite
|-sidestart|p1: fregene97|Spikes
|
|-damage|p1a: Dragonite|82/100 tox|[from] psn
|upkeep
|turn|8
|
|t:|1781554846
|move|p2a: Gliscor|Protect|p2a: Gliscor
|-singleturn|p2a: Gliscor|Protect
|move|p1a: Dragonite|Scale Shot|p2a: Gliscor
|-activate|p2a: Gliscor|move: Protect
|
|-damage|p1a: Dragonite|63/100 tox|[from] psn
|upkeep
|turn|9
|
|t:|1781554854
|move|p1a: Dragonite|Scale Shot|p2a: Gliscor|[miss]
|-miss|p1a: Dragonite|p2a: Gliscor
|move|p2a: Gliscor|Knock Off|p1a: Dragonite
|-damage|p1a: Dragonite|38/100 tox
|-enditem|p1a: Dragonite|Weakness Policy|[from] move: Knock Off|[of] p2a: Gliscor
|
|-damage|p1a: Dragonite|13/100 tox|[from] psn
|upkeep
|turn|10
|
|t:|1781554860
|move|p2a: Gliscor|Protect|p2a: Gliscor
|-singleturn|p2a: Gliscor|Protect
|move|p1a: Dragonite|Scale Shot|p2a: Gliscor
|-activate|p2a: Gliscor|move: Protect
|
|-damage|p1a: Dragonite|0 fnt|[from] psn
|faint|p1a: Dragonite
|upkeep
|
|t:|1781554864
|switch|p1a: Kingambit|Kingambit, M|100/100
|-damage|p1a: Kingambit|88/100|[from] Spikes
|-activate|p1a: Kingambit|ability: Supreme Overlord
|-start|p1a: Kingambit|fallen2|[silent]
|turn|11
|
|t:|1781554873
|switch|p2a: Hydrapple|Hydrapple, F|100/100
|move|p1a: Kingambit|Swords Dance|p1a: Kingambit
|-boost|p1a: Kingambit|atk|2
|
|upkeep
|turn|12
|
|t:|1781554878
|move|p1a: Kingambit|Kowtow Cleave|p2a: Hydrapple
|-damage|p2a: Hydrapple|0 fnt
|faint|p2a: Hydrapple
|
|upkeep
|
|t:|1781554888
|switch|p2a: Darkrai|Darkrai|100/100
|turn|13
|
|t:|1781554903
|move|p1a: Kingambit|Sucker Punch|p2a: Darkrai
|-resisted|p2a: Darkrai
|-damage|p2a: Darkrai|19/100
|move|p2a: Darkrai|Focus Blast|p1a: Kingambit
|-supereffective|p1a: Kingambit
|-damage|p1a: Kingambit|0 fnt
|faint|p1a: Kingambit
|-end|p1a: Kingambit|fallen2|[silent]
|
|upkeep
|
|t:|1781554906
|switch|p1a: Iron Valiant|Iron Valiant|100/100
|-damage|p1a: Iron Valiant|88/100|[from] Spikes
|-enditem|p1a: Iron Valiant|Booster Energy
|-activate|p1a: Iron Valiant|ability: Quark Drive|[fromitem]
|-start|p1a: Iron Valiant|quarkdrivespe
|turn|14
|
|t:|1781554914
|switch|p2a: Slowking|Slowking-Galar, M|100/100
|move|p1a: Iron Valiant|Moonblast|p2a: Slowking
|-resisted|p2a: Slowking
|-damage|p2a: Slowking|88/100
|-unboost|p2a: Slowking|spa|1
|
|upkeep
|turn|15
|
|t:|1781554920
|move|p1a: Iron Valiant|Shadow Ball|p2a: Slowking
|-supereffective|p2a: Slowking
|-damage|p2a: Slowking|58/100
|move|p2a: Slowking|Future Sight|p1a: Iron Valiant
|-start|p2a: Slowking|move: Future Sight
|
|upkeep
|turn|16
|
|t:|1781554926
|move|p1a: Iron Valiant|Calm Mind|p1a: Iron Valiant
|-boost|p1a: Iron Valiant|spa|1
|-boost|p1a: Iron Valiant|spd|1
|move|p2a: Slowking|Thunder Wave|p1a: Iron Valiant
|-status|p1a: Iron Valiant|par
|
|upkeep
|turn|17
|
|t:|1781554930
|move|p1a: Iron Valiant|Shadow Ball|p2a: Slowking
|-supereffective|p2a: Slowking
|-damage|p2a: Slowking|15/100
|move|p2a: Slowking|Sludge Bomb|p1a: Iron Valiant
|-supereffective|p1a: Iron Valiant
|-damage|p1a: Iron Valiant|40/100 par
|
|-end|p1a: Iron Valiant|move: Future Sight
|-supereffective|p1a: Iron Valiant
|-damage|p1a: Iron Valiant|0 fnt
|faint|p1a: Iron Valiant
|-end|p1a: Iron Valiant|Quark Drive|[silent]
|upkeep
|
|t:|1781554942
|switch|p1a: Kommo-o|Kommo-o, M|100/100
|-damage|p1a: Kommo-o|88/100|[from] Spikes
|turn|18
|
|t:|1781554947
|move|p1a: Kommo-o|Clangorous Soul|p1a: Kommo-o
|-boost|p1a: Kommo-o|atk|1
|-boost|p1a: Kommo-o|def|1
|-boost|p1a: Kommo-o|spa|1
|-boost|p1a: Kommo-o|spd|1
|-boost|p1a: Kommo-o|spe|1
|-damage|p1a: Kommo-o|55/100
|-enditem|p1a: Kommo-o|Throat Spray
|-boost|p1a: Kommo-o|spa|1|[from] item: Throat Spray
|move|p2a: Slowking|Future Sight|p1a: Kommo-o
|-start|p2a: Slowking|move: Future Sight
|
|upkeep
|turn|19
|
|t:|1781554958
|move|p1a: Kommo-o|Clanging Scales|p2a: Slowking
|-damage|p2a: Slowking|0 fnt
|faint|p2a: Slowking
|-unboost|p1a: Kommo-o|def|1
|
|upkeep
|
|t:|1781554966
|switch|p2a: Metagross|Metagross|17/100
|turn|20
|
|t:|1781554969
|move|p2a: Metagross|Bullet Punch|p1a: Kommo-o
|-damage|p1a: Kommo-o|22/100
|move|p1a: Kommo-o|Flamethrower|p2a: Metagross
|-supereffective|p2a: Metagross
|-damage|p2a: Metagross|0 fnt
|faint|p2a: Metagross
|
|-end|p1a: Kommo-o|move: Future Sight
|-supereffective|p1a: Kommo-o
|-damage|p1a: Kommo-o|0 fnt
|faint|p1a: Kommo-o
|upkeep
|
|t:|1781554974
|switch|p1a: Garchomp|Garchomp, M|100/100
|switch|p2a: Gliscor|Gliscor, M|100/100 tox
|-damage|p1a: Garchomp|88/100|[from] Spikes
|turn|21
|
|t:|1781554987
|move|p1a: Garchomp|Swords Dance|p1a: Garchomp
|-boost|p1a: Garchomp|atk|2
|move|p2a: Gliscor|Toxic|p1a: Garchomp
|-status|p1a: Garchomp|tox
|
|-damage|p1a: Garchomp|82/100 tox|[from] psn
|upkeep
|turn|22
|
|t:|1781554992
|move|p1a: Garchomp|Scale Shot|p2a: Gliscor
|-damage|p2a: Gliscor|84/100 tox
|-damage|p2a: Gliscor|68/100 tox
|-damage|p2a: Gliscor|53/100 tox
|-damage|p2a: Gliscor|38/100 tox
|-hitcount|p2a: Gliscor|4
|-unboost|p1a: Garchomp|def|1
|-boost|p1a: Garchomp|spe|1
|move|p2a: Gliscor|Knock Off|p1a: Garchomp
|-damage|p1a: Garchomp|48/100 tox
|-damage|p2a: Gliscor|25/100 tox|[from] ability: Rough Skin|[of] p1a: Garchomp
|-enditem|p1a: Garchomp|Loaded Dice|[from] move: Knock Off|[of] p2a: Gliscor
|
|-damage|p1a: Garchomp|36/100 tox|[from] psn
|-heal|p2a: Gliscor|38/100 tox|[from] ability: Poison Heal
|upkeep
|turn|23
|
|t:|1781554996
|move|p2a: Gliscor|Protect|p2a: Gliscor
|-singleturn|p2a: Gliscor|Protect
|move|p1a: Garchomp|Scale Shot|p2a: Gliscor
|-activate|p2a: Gliscor|move: Protect
|
|-damage|p1a: Garchomp|17/100 tox|[from] psn
|-heal|p2a: Gliscor|50/100 tox|[from] ability: Poison Heal
|upkeep
|turn|24
|
|t:|1781554998
|switch|p2a: Darkrai|Darkrai|19/100
|move|p1a: Garchomp|Scale Shot|p2a: Darkrai
|-damage|p2a: Darkrai|0 fnt
|faint|p2a: Darkrai
|-hitcount|p2: Darkrai|1
|-unboost|p1a: Garchomp|def|1
|-boost|p1a: Garchomp|spe|1
|
|-damage|p1a: Garchomp|0 fnt|[from] psn
|faint|p1a: Garchomp
|
|win|Highgon
|raw|fregene97's rating: 1586 &rarr; <strong>1567</strong><br />(-19 for losing)
|raw|Highgon's rating: 1595 &rarr; <strong>1614</strong><br />(+19 for winning)
|l|☆fregene97
|player|p1|
|c|☆Highgon|gg
|l|☆Highgon
|player|p2|
