|j|☆Acastillo631
|j|☆rrbrru
|t:|1781538050
|gametype|singles
|player|p1|Acastillo631|silver|1538
|player|p2|rrbrru|266|1565
|gen|9
|tier|[Gen 9] OU
|rated|
|rule|HP Percentage Mod: HP is shown in percentages
|rule|Endless Battle Clause: Forcing endless battles is banned
|rule|Species Clause: Limit one of each Pokémon
|rule|OHKO Clause: OHKO moves are banned
|rule|Evasion Items Clause: Evasion items are banned
|rule|Evasion Moves Clause: Evasion moves are banned
|rule|Evasion Abilities Clause: Evasion abilities are banned
|rule|Sleep Moves Clause: Sleep-inducing moves are banned
|clearpoke
|poke|p1|Iron Valiant|
|poke|p1|Sinistcha|
|poke|p1|Tyranitar, F|
|poke|p1|Klefki, M|
|poke|p1|Swampert, M|
|poke|p1|Talonflame, M|
|poke|p2|Tyranitar, F|
|poke|p2|Excadrill, F|
|poke|p2|Hydrapple, M|
|poke|p2|Tornadus-Therian, M|
|poke|p2|Alomomola, M|
|poke|p2|Houndstone, M|
|teampreview
|
|t:|1781538093
|teamsize|p1|6
|teamsize|p2|6
|start
|switch|p1a: Duff Mcwhalen|Swampert, M|100/100
|switch|p2a: Crocodile|Tyranitar, F|100/100
|-weather|Sandstorm|[from] ability: Sand Stream|[of] p2a: Crocodile
|turn|1
|
|t:|1781538097
|switch|p1a: Redips|Klefki, M|100/100
|move|p2a: Crocodile|Stealth Rock|p1a: Redips
|-sidestart|p1: Acastillo631|move: Stealth Rock
|
|-weather|Sandstorm|[upkeep]
|upkeep
|turn|2
|
|t:|1781538100
|switch|p2a: Ryuma|Houndstone, M|100/100
|move|p1a: Redips|Dazzling Gleam|p2a: Ryuma
|-damage|p2a: Ryuma|73/100
|
|-weather|Sandstorm|[upkeep]
|upkeep
|turn|3
|
|t:|1781538109
|move|p1a: Redips|Thunder Wave|p2a: Ryuma
|-status|p2a: Ryuma|par
|move|p2a: Ryuma|Trick|p1a: Redips
|-activate|p2a: Ryuma|move: Trick|[of] p1a: Redips
|-item|p1a: Redips|Choice Band|[from] move: Trick
|-item|p2a: Ryuma|Rocky Helmet|[from] move: Trick
|
|-weather|Sandstorm|[upkeep]
|upkeep
|turn|4
|
|t:|1781538159
|switch|p2a: Mr. 1|Excadrill, F|100/100
|move|p1a: Redips|Spikes|p2a: Mr. 1
|-sidestart|p2: rrbrru|Spikes
|
|-weather|Sandstorm|[upkeep]
|upkeep
|turn|5
|
|t:|1781538195
|switch|p1a: Wire Sponge|Sinistcha|100/100
|move|p2a: Mr. 1|Rock Slide|p1a: Wire Sponge
|-damage|p1a: Wire Sponge|80/100
|
|-weather|none
|upkeep
|turn|6
|
|t:|1781538201
|switch|p2a: Marco|Tornadus-Therian, M|100/100
|move|p1a: Wire Sponge|Strength Sap|p2a: Marco
|-unboost|p2a: Marco|atk|1
|-heal|p1a: Wire Sponge|100/100
|
|upkeep
|turn|7
|
|t:|1781538206
|switch|p1a: Duff Mcwhalen|Swampert, M|100/100
|-damage|p1a: Duff Mcwhalen|94/100|[from] Stealth Rock
|move|p2a: Marco|Bleakwind Storm|p1a: Duff Mcwhalen
|-damage|p1a: Duff Mcwhalen|71/100
|
|-heal|p1a: Duff Mcwhalen|77/100|[from] item: Leftovers
|upkeep
|turn|8
|
|t:|1781538216
|move|p2a: Marco|Knock Off|p1a: Duff Mcwhalen
|-damage|p1a: Duff Mcwhalen|65/100
|-enditem|p1a: Duff Mcwhalen|Leftovers|[from] move: Knock Off|[of] p2a: Marco
|move|p1a: Duff Mcwhalen|Stealth Rock|p2a: Marco
|-sidestart|p2: rrbrru|move: Stealth Rock
|
|upkeep
|turn|9
|
|t:|1781538219
|move|p2a: Marco|U-turn|p1a: Duff Mcwhalen
|-damage|p1a: Duff Mcwhalen|56/100
|
|t:|1781538224
|switch|p2a: Crocodile|Tyranitar, F|100/100|[from] U-turn
|-damage|p2a: Crocodile|88/100|[from] Spikes
|-damage|p2a: Crocodile|76/100|[from] Stealth Rock
|-weather|Sandstorm|[from] ability: Sand Stream|[of] p2a: Crocodile
|move|p1a: Duff Mcwhalen|Knock Off|p2a: Crocodile
|-resisted|p2a: Crocodile
|-damage|p2a: Crocodile|66/100
|-enditem|p2a: Crocodile|Leftovers|[from] move: Knock Off|[of] p1a: Duff Mcwhalen
|
|-weather|Sandstorm|[upkeep]
|upkeep
|turn|10
|
|t:|1781538231
|switch|p2a: Queen|Hydrapple, M|100/100
|-damage|p2a: Queen|88/100|[from] Spikes
|-damage|p2a: Queen|76/100|[from] Stealth Rock
|move|p1a: Duff Mcwhalen|Earthquake|p2a: Queen
|-resisted|p2a: Queen
|-damage|p2a: Queen|64/100
|
|-weather|Sandstorm|[upkeep]
|-damage|p2a: Queen|58/100|[from] Sandstorm
|upkeep
|turn|11
|
|t:|1781538240
|move|p1a: Duff Mcwhalen|Flip Turn|p2a: Queen
|-resisted|p2a: Queen
|-damage|p2a: Queen|54/100
|
|t:|1781538244
|switch|p1a: Redips|Klefki, M|100/100|[from] Flip Turn
|-damage|p1a: Redips|95/100|[from] Stealth Rock
|move|p2a: Queen|Giga Drain|p1a: Redips
|-resisted|p1a: Redips
|-damage|p1a: Redips|73/100
|-heal|p2a: Queen|62/100|[from] drain|[of] p1a: Redips
|
|-weather|Sandstorm|[upkeep]
|-damage|p2a: Queen|56/100|[from] Sandstorm
|upkeep
|turn|12
|
|t:|1781538248
|move|p1a: Redips|Dazzling Gleam|p2a: Queen
|-supereffective|p2a: Queen
|-damage|p2a: Queen|10/100
|move|p2a: Queen|Earth Power|p1a: Redips
|-supereffective|p1a: Redips
|-damage|p1a: Redips|3/100
|
|-weather|Sandstorm|[upkeep]
|-damage|p2a: Queen|4/100|[from] Sandstorm
|upkeep
|turn|13
|
|t:|1781538254
|switch|p2a: Mr. 1|Excadrill, F|100/100
|-damage|p2a: Mr. 1|88/100|[from] Spikes
|-damage|p2a: Mr. 1|85/100|[from] Stealth Rock
|move|p1a: Redips|Dazzling Gleam|p2a: Mr. 1
|-resisted|p2a: Mr. 1
|-damage|p2a: Mr. 1|69/100
|
|-weather|none
|-heal|p2a: Mr. 1|75/100|[from] item: Leftovers
|upkeep
|turn|14
|
|t:|1781538270
|switch|p1a: Wire Sponge|Sinistcha|100/100
|move|p2a: Mr. 1|Rapid Spin|p1a: Wire Sponge
|-immune|p1a: Wire Sponge
|
|-heal|p2a: Mr. 1|81/100|[from] item: Leftovers
|upkeep
|turn|15
|
|t:|1781538282
|switch|p1a: Eregion|Tyranitar, F|100/100
|-damage|p1a: Eregion|88/100|[from] Stealth Rock
|-weather|Sandstorm|[from] ability: Sand Stream|[of] p1a: Eregion
|move|p2a: Mr. 1|Substitute|p2a: Mr. 1
|-start|p2a: Mr. 1|Substitute
|-damage|p2a: Mr. 1|56/100
|
|-weather|Sandstorm|[upkeep]
|-heal|p2a: Mr. 1|63/100|[from] item: Leftovers
|-heal|p1a: Eregion|94/100|[from] item: Leftovers
|upkeep
|turn|16
|
|t:|1781538290
|switch|p1a: Talonflame|Talonflame, M|100/100
|move|p2a: Mr. 1|Earthquake|p1a: Talonflame
|-immune|p1a: Talonflame
|
|-weather|Sandstorm|[upkeep]
|-damage|p1a: Talonflame|94/100|[from] Sandstorm
|-heal|p2a: Mr. 1|69/100|[from] item: Leftovers
|upkeep
|turn|17
|
|t:|1781538296
|switch|p1a: Wire Sponge|Sinistcha|100/100
|move|p2a: Mr. 1|Rock Slide|p1a: Wire Sponge
|-damage|p1a: Wire Sponge|80/100
|
|-weather|Sandstorm|[upkeep]
|-damage|p1a: Wire Sponge|74/100|[from] Sandstorm
|-heal|p2a: Mr. 1|75/100|[from] item: Leftovers
|upkeep
|turn|18
|
|t:|1781538303
|move|p2a: Mr. 1|Rock Slide|p1a: Wire Sponge
|-damage|p1a: Wire Sponge|50/100
|move|p1a: Wire Sponge|Matcha Gotcha|p2a: Mr. 1
|-end|p2a: Mr. 1|Substitute
|-heal|p1a: Wire Sponge|64/100|[from] drain|[of] p2a: Mr. 1
|
|-weather|Sandstorm|[upkeep]
|-damage|p1a: Wire Sponge|57/100|[from] Sandstorm
|-heal|p2a: Mr. 1|81/100|[from] item: Leftovers
|upkeep
|turn|19
|
|t:|1781538307
|move|p2a: Mr. 1|Substitute|p2a: Mr. 1
|-start|p2a: Mr. 1|Substitute
|-damage|p2a: Mr. 1|56/100
|move|p1a: Wire Sponge|Strength Sap||[still]
|-fail|p1a: Wire Sponge
|
|-weather|none
|-heal|p2a: Mr. 1|62/100|[from] item: Leftovers
|upkeep
|turn|20
|
|t:|1781538309
|move|p2a: Mr. 1|Rock Slide|p1a: Wire Sponge
|-damage|p1a: Wire Sponge|35/100
|move|p1a: Wire Sponge|Shadow Ball|p2a: Mr. 1
|-end|p2a: Mr. 1|Substitute
|
|-heal|p2a: Mr. 1|68/100|[from] item: Leftovers
|upkeep
|turn|21
|
|t:|1781538318
|move|p2a: Mr. 1|Rock Slide|p1a: Wire Sponge
|-damage|p1a: Wire Sponge|15/100
|move|p1a: Wire Sponge|Matcha Gotcha|p2a: Mr. 1
|-damage|p2a: Mr. 1|26/100
|-heal|p1a: Wire Sponge|37/100|[from] drain|[of] p2a: Mr. 1
|
|-heal|p2a: Mr. 1|32/100|[from] item: Leftovers
|upkeep
|turn|22
|
|t:|1781538330
|switch|p2a: Marco|Tornadus-Therian, M|100/100
|switch|p1a: Redips|Klefki, M|3/100
|-damage|p1a: Redips|0 fnt|[from] Stealth Rock
|faint|p1a: Redips
|
|upkeep
|
|t:|1781538334
|switch|p1a: Eregion|Tyranitar, F|94/100
|-damage|p1a: Eregion|82/100|[from] Stealth Rock
|-weather|Sandstorm|[from] ability: Sand Stream|[of] p1a: Eregion
|turn|23
|
|t:|1781538353
|move|p2a: Marco|U-turn|p1a: Eregion
|-supereffective|p1a: Eregion
|-damage|p1a: Eregion|62/100
|
|t:|1781538358
|switch|p2a: Ryuma|Houndstone, M|73/100 par|[from] U-turn
|-damage|p2a: Ryuma|60/100 par|[from] Spikes
|-damage|p2a: Ryuma|48/100 par|[from] Stealth Rock
|move|p1a: Eregion|Knock Off|p2a: Ryuma
|-supereffective|p2a: Ryuma
|-damage|p2a: Ryuma|0 fnt
|-damage|p1a: Eregion|45/100|[from] item: Rocky Helmet|[of] p2a: Ryuma
|-enditem|p2a: Ryuma|Rocky Helmet|[from] move: Knock Off|[of] p1a: Eregion
|faint|p2a: Ryuma
|
|-weather|Sandstorm|[upkeep]
|-heal|p1a: Eregion|51/100|[from] item: Leftovers
|upkeep
|
|t:|1781538361
|switch|p2a: Mr. 1|Excadrill, F|32/100
|-damage|p2a: Mr. 1|19/100|[from] Spikes
|-damage|p2a: Mr. 1|16/100|[from] Stealth Rock
|turn|24
|
|t:|1781538375
|-terastallize|p1a: Eregion|Ghost
|move|p2a: Mr. 1|Earthquake|p1a: Eregion
|-damage|p1a: Eregion|7/100
|move|p1a: Eregion|Knock Off|p2a: Mr. 1
|-damage|p2a: Mr. 1|0 fnt
|-enditem|p2a: Mr. 1|Leftovers|[from] move: Knock Off|[of] p1a: Eregion
|faint|p2a: Mr. 1
|
|-weather|Sandstorm|[upkeep]
|-damage|p1a: Eregion|0 fnt|[from] Sandstorm
|faint|p1a: Eregion
|upkeep
|
|t:|1781538394
|switch|p2a: Queen|Hydrapple, M|37/100
|switch|p1a: Wire Sponge|Sinistcha|37/100
|-damage|p2a: Queen|25/100|[from] Spikes
|-damage|p2a: Queen|12/100|[from] Stealth Rock
|turn|25
|
|t:|1781538421
|switch|p2a: Marco|Tornadus-Therian, M|100/100
|move|p1a: Wire Sponge|Shadow Ball|p2a: Marco
|-damage|p2a: Marco|68/100
|-unboost|p2a: Marco|spd|1
|
|-weather|Sandstorm|[upkeep]
|-damage|p2a: Marco|62/100|[from] Sandstorm
|-damage|p1a: Wire Sponge|31/100|[from] Sandstorm
|upkeep
|turn|26
|
|t:|1781538430
|move|p2a: Marco|Bleakwind Storm|p1a: Wire Sponge
|-supereffective|p1a: Wire Sponge
|-damage|p1a: Wire Sponge|0 fnt
|faint|p1a: Wire Sponge
|
|-weather|Sandstorm|[upkeep]
|-damage|p2a: Marco|55/100|[from] Sandstorm
|upkeep
|
|t:|1781538447
|switch|p1a: Duff Mcwhalen|Swampert, M|56/100
|-damage|p1a: Duff Mcwhalen|50/100|[from] Stealth Rock
|turn|27
|
|t:|1781538456
|move|p2a: Marco|Bleakwind Storm|p1a: Duff Mcwhalen|[miss]
|-miss|p2a: Marco|p1a: Duff Mcwhalen
|move|p1a: Duff Mcwhalen|Knock Off|p2a: Marco
|-damage|p2a: Marco|26/100
|-enditem|p2a: Marco|Heavy-Duty Boots|[from] move: Knock Off|[of] p1a: Duff Mcwhalen
|
|-weather|none
|upkeep
|turn|28
|
|t:|1781538462
|move|p2a: Marco|U-turn|p1a: Duff Mcwhalen
|-damage|p1a: Duff Mcwhalen|37/100
|
|t:|1781538467
|switch|p2a: Big Mom|Alomomola, M|100/100|[from] U-turn
|move|p1a: Duff Mcwhalen|Flip Turn|p2a: Big Mom
|-resisted|p2a: Big Mom
|-damage|p2a: Big Mom|94/100
|
|t:|1781538474
|switch|p1a: Talonflame|Talonflame, M|94/100|[from] Flip Turn
|
|upkeep
|turn|29
|
|t:|1781538518
|move|p1a: Talonflame|Will-O-Wisp|p2a: Big Mom
|-status|p2a: Big Mom|brn
|move|p2a: Big Mom|Flip Turn|p1a: Talonflame
|-supereffective|p1a: Talonflame
|-damage|p1a: Talonflame|75/100
|
|t:|1781538521
|switch|p2a: Crocodile|Tyranitar, F|66/100|[from] Flip Turn
|-damage|p2a: Crocodile|53/100|[from] Spikes
|-damage|p2a: Crocodile|41/100|[from] Stealth Rock
|-weather|Sandstorm|[from] ability: Sand Stream|[of] p2a: Crocodile
|
|-weather|Sandstorm|[upkeep]
|-damage|p1a: Talonflame|69/100|[from] Sandstorm
|upkeep
|turn|30
|
|t:|1781538579
|move|p1a: Talonflame|Will-O-Wisp|p2a: Crocodile
|-status|p2a: Crocodile|brn
|move|p2a: Crocodile|Knock Off|p1a: Talonflame
|-damage|p1a: Talonflame|39/100
|-enditem|p1a: Talonflame|Heavy-Duty Boots|[from] move: Knock Off|[of] p2a: Crocodile
|
|-weather|Sandstorm|[upkeep]
|-damage|p1a: Talonflame|33/100|[from] Sandstorm
|-damage|p2a: Crocodile|35/100 brn|[from] brn
|upkeep
|turn|31
|
|t:|1781538613
|switch|p2a: Marco|Tornadus-Therian, M|59/100
|-damage|p2a: Marco|34/100|[from] Stealth Rock
|move|p1a: Talonflame|Roost|p1a: Talonflame
|-heal|p1a: Talonflame|84/100
|-singleturn|p1a: Talonflame|move: Roost
|
|-weather|Sandstorm|[upkeep]
|-damage|p1a: Talonflame|77/100|[from] Sandstorm
|-damage|p2a: Marco|28/100|[from] Sandstorm
|upkeep
|turn|32
|
|t:|1781538619
|move|p1a: Talonflame|Flamethrower|p2a: Marco
|-damage|p2a: Marco|4/100
|move|p2a: Marco|U-turn|p1a: Talonflame
|-resisted|p1a: Talonflame
|-damage|p1a: Talonflame|73/100
|
|t:|1781538626
|switch|p2a: Big Mom|Alomomola, M|100/100 brn|[from] U-turn
|
|-weather|Sandstorm|[upkeep]
|-damage|p1a: Talonflame|67/100|[from] Sandstorm
|-damage|p2a: Big Mom|94/100 brn|[from] Sandstorm
|-damage|p2a: Big Mom|88/100 brn|[from] brn
|upkeep
|turn|33
|
|t:|1781538635
|switch|p1a: Sage Harpuia|Iron Valiant|100/100
|-damage|p1a: Sage Harpuia|94/100|[from] Stealth Rock
|-enditem|p1a: Sage Harpuia|Booster Energy
|-activate|p1a: Sage Harpuia|ability: Quark Drive|[fromitem]
|-start|p1a: Sage Harpuia|quarkdrivespe
|move|p2a: Big Mom|Scald|p1a: Sage Harpuia
|-damage|p1a: Sage Harpuia|67/100
|
|-weather|none
|-damage|p2a: Big Mom|82/100 brn|[from] brn
|upkeep
|turn|34
|
|t:|1781538664
|move|p1a: Sage Harpuia|Moonblast|p2a: Big Mom
|-damage|p2a: Big Mom|42/100 brn
|move|p2a: Big Mom|Scald|p1a: Sage Harpuia
|-damage|p1a: Sage Harpuia|41/100
|
|-damage|p2a: Big Mom|36/100 brn|[from] brn
|upkeep
|turn|35
|
|t:|1781538670
|switch|p2a: Crocodile|Tyranitar, F|35/100 brn
|-damage|p2a: Crocodile|22/100 brn|[from] Spikes
|-damage|p2a: Crocodile|10/100 brn|[from] Stealth Rock
|-weather|Sandstorm|[from] ability: Sand Stream|[of] p2a: Crocodile
|move|p1a: Sage Harpuia|Moonblast|p2a: Crocodile
|-supereffective|p2a: Crocodile
|-damage|p2a: Crocodile|0 fnt
|faint|p2a: Crocodile
|
|-weather|Sandstorm|[upkeep]
|-damage|p1a: Sage Harpuia|35/100|[from] Sandstorm
|upkeep
|
|t:|1781538673
|switch|p2a: Big Mom|Alomomola, M|69/100 brn
|turn|36
|
|t:|1781538691
|move|p1a: Sage Harpuia|Moonblast|p2a: Big Mom
|-damage|p2a: Big Mom|24/100 brn
|move|p2a: Big Mom|Scald|p1a: Sage Harpuia
|-damage|p1a: Sage Harpuia|9/100
|
|-weather|Sandstorm|[upkeep]
|-damage|p1a: Sage Harpuia|3/100|[from] Sandstorm
|-damage|p2a: Big Mom|18/100 brn|[from] Sandstorm
|-damage|p2a: Big Mom|12/100 brn|[from] brn
|upkeep
|turn|37
|
|t:|1781538709
|switch|p2a: Queen|Hydrapple, M|46/100
|-damage|p2a: Queen|33/100|[from] Spikes
|-damage|p2a: Queen|21/100|[from] Stealth Rock
|move|p1a: Sage Harpuia|Moonblast|p2a: Queen
|-supereffective|p2a: Queen
|-damage|p2a: Queen|0 fnt
|faint|p2a: Queen
|
|-weather|Sandstorm|[upkeep]
|-damage|p1a: Sage Harpuia|0 fnt|[from] Sandstorm
|faint|p1a: Sage Harpuia
|-end|p1a: Sage Harpuia|Quark Drive|[silent]
|upkeep
|
|t:|1781538719
|switch|p1a: Duff Mcwhalen|Swampert, M|37/100
|switch|p2a: Marco|Tornadus-Therian, M|37/100
|-damage|p2a: Marco|13/100|[from] Stealth Rock
|-damage|p1a: Duff Mcwhalen|31/100|[from] Stealth Rock
|turn|38
|
|t:|1781538723
|move|p2a: Marco|U-turn|p1a: Duff Mcwhalen
|-damage|p1a: Duff Mcwhalen|19/100
|
|t:|1781538725
|switch|p2a: Big Mom|Alomomola, M|45/100 brn|[from] U-turn
|move|p1a: Duff Mcwhalen|Knock Off|p2a: Big Mom
|-damage|p2a: Big Mom|31/100 brn
|-enditem|p2a: Big Mom|Heavy-Duty Boots|[from] move: Knock Off|[of] p1a: Duff Mcwhalen
|
|-weather|Sandstorm|[upkeep]
|-damage|p2a: Big Mom|25/100 brn|[from] Sandstorm
|-damage|p2a: Big Mom|19/100 brn|[from] brn
|upkeep
|turn|39
|
|t:|1781538740
|switch|p2a: Marco|Tornadus-Therian, M|46/100
|-damage|p2a: Marco|21/100|[from] Stealth Rock
|move|p1a: Duff Mcwhalen|Earthquake|p2a: Marco
|-immune|p2a: Marco
|
|-weather|none
|upkeep
|turn|40
|
|t:|1781538749
|move|p2a: Marco|Bleakwind Storm|p1a: Duff Mcwhalen
|-damage|p1a: Duff Mcwhalen|0 fnt
|faint|p1a: Duff Mcwhalen
|
|upkeep
|
|t:|1781538751
|switch|p1a: Talonflame|Talonflame, M|67/100
|-damage|p1a: Talonflame|17/100|[from] Stealth Rock
|turn|41
|
|t:|1781538755
|move|p1a: Talonflame|Flamethrower|p2a: Marco
|-damage|p2a: Marco|0 fnt
|faint|p2a: Marco
|
|upkeep
|
|t:|1781538758
|switch|p2a: Big Mom|Alomomola, M|52/100 brn
|-damage|p2a: Big Mom|40/100 brn|[from] Spikes
|-damage|p2a: Big Mom|27/100 brn|[from] Stealth Rock
|turn|42
|
|t:|1781538762
|move|p1a: Talonflame|Roost|p1a: Talonflame
|-heal|p1a: Talonflame|67/100
|-singleturn|p1a: Talonflame|move: Roost
|move|p2a: Big Mom|Wish|p2a: Big Mom
|
|-damage|p2a: Big Mom|21/100 brn|[from] brn
|upkeep
|turn|43
|
|t:|1781538770
|move|p2a: Big Mom|Protect|p2a: Big Mom
|-singleturn|p2a: Big Mom|Protect
|move|p1a: Talonflame|Flamethrower|p2a: Big Mom
|-activate|p2a: Big Mom|move: Protect
|
|-heal|p2a: Big Mom|71/100 brn|[from] move: Wish|[wisher] Big Mom
|-damage|p2a: Big Mom|65/100 brn|[from] brn
|upkeep
|turn|44
|
|t:|1781538776
|move|p1a: Talonflame|Defog|p2a: Big Mom
|-unboost|p2a: Big Mom|evasion|1
|-sideend|p2: rrbrru|Spikes|[from] move: Defog|[of] p1a: Talonflame
|-sideend|p2: rrbrru|Stealth Rock|[from] move: Defog|[of] p1a: Talonflame
|-sideend|p1: Acastillo631|Stealth Rock|[from] move: Defog|[of] p1a: Talonflame
|move|p2a: Big Mom|Scald|p1a: Talonflame
|-supereffective|p1a: Talonflame
|-crit|p1a: Talonflame
|-damage|p1a: Talonflame|18/100
|
|-damage|p2a: Big Mom|59/100 brn|[from] brn
|upkeep
|turn|45
|
|t:|1781538780
|move|p1a: Talonflame|Roost|p1a: Talonflame
|-heal|p1a: Talonflame|68/100
|-singleturn|p1a: Talonflame|move: Roost
|move|p2a: Big Mom|Scald|p1a: Talonflame
|-supereffective|p1a: Talonflame
|-damage|p1a: Talonflame|33/100
|
|-damage|p2a: Big Mom|53/100 brn|[from] brn
|upkeep
|turn|46
|
|t:|1781538783
|move|p1a: Talonflame|Flamethrower|p2a: Big Mom
|-resisted|p2a: Big Mom
|-damage|p2a: Big Mom|42/100 brn
|move|p2a: Big Mom|Wish|p2a: Big Mom
|
|-damage|p2a: Big Mom|36/100 brn|[from] brn
|upkeep
|turn|47
|
|t:|1781538786
|move|p1a: Talonflame|Roost|p1a: Talonflame
|-heal|p1a: Talonflame|83/100
|-singleturn|p1a: Talonflame|move: Roost
|move|p2a: Big Mom|Scald|p1a: Talonflame
|-supereffective|p1a: Talonflame
|-damage|p1a: Talonflame|46/100
|
|-heal|p2a: Big Mom|86/100 brn|[from] move: Wish|[wisher] Big Mom
|-damage|p2a: Big Mom|80/100 brn|[from] brn
|upkeep
|turn|48
|-message|Acastillo631 forfeited.
|
|win|rrbrru
|raw|Acastillo631's rating: 1538 &rarr; <strong>1517</strong><br />(-21 for losing)
|raw|rrbrru's rating: 1512 &rarr; <strong>1533</strong><br />(+21 for winning)
|l|☆Acastillo631
|player|p1|
|l|☆rrbrru
|player|p2|
