|j|☆t0usei
|j|☆roddyj
|t:|1781459439
|gametype|singles
|player|p1|t0usei|102|1589
|player|p2|roddyj|ethan|1622
|gen|9
|tier|[Gen 9] OU
|rated|
|rule|HP Percentage Mod: HP is shown in percentages
|rule|Endless Battle Clause: Forcing endless battles is banned
|rule|Species Clause: Limit one of each Pokémon
|rule|OHKO Clause: OHKO moves are banned
|rule|Evasion Items Clause: Evasion items are banned
|rule|Evasion Moves Clause: Evasion moves are banned
|rule|Evasion Abilities Clause: Evasion abilities are banned
|rule|Sleep Moves Clause: Sleep-inducing moves are banned
|clearpoke
|poke|p1|Samurott-Hisui, M|
|poke|p1|Tinkaton, F|
|poke|p1|Pecharunt|
|poke|p1|Latios, M|
|poke|p1|Zamazenta-*|
|poke|p1|Gliscor, M|
|poke|p2|Kommo-o, F|
|poke|p2|Serperior, M|
|poke|p2|Ogerpon-Wellspring, F|
|poke|p2|Weezing-Galar, F|
|poke|p2|Incineroar, F|
|poke|p2|Iron Crown|
|teampreview
|inactive|Battle timer is ON: inactive players will automatically lose when time's up. (requested by t0usei)
|j| TheSacredJackal⨕
|
|t:|1781459473
|teamsize|p1|6
|teamsize|p2|6
|start
|switch|p1a: Gliscor|Gliscor, M, shiny|100/100
|switch|p2a: Serperior|Serperior, M, shiny|100/100
|turn|1
|
|t:|1781459483
|move|p2a: Serperior|Substitute|p2a: Serperior
|-start|p2a: Serperior|Substitute
|-damage|p2a: Serperior|76/100
|move|p1a: Gliscor|Toxic||[still]
|-fail|p1a: Gliscor
|
|-heal|p2a: Serperior|82/100|[from] item: Leftovers
|-status|p1a: Gliscor|tox|[from] item: Toxic Orb
|upkeep
|turn|2
|
|t:|1781459488
|switch|p1a: Tinkaton|Tinkaton, F, shiny|100/100
|-item|p1a: Tinkaton|Air Balloon
|move|p2a: Serperior|Leech Seed|p1a: Tinkaton
|-start|p1a: Tinkaton|move: Leech Seed
|
|-heal|p2a: Serperior|88/100|[from] item: Leftovers
|-damage|p1a: Tinkaton|88/100|[from] Leech Seed|[of] p2a: Serperior
|-heal|p2a: Serperior|99/100|[silent]
|upkeep
|turn|3
|
|t:|1781459491
|move|p2a: Serperior|Glare|p1a: Tinkaton
|-status|p1a: Tinkaton|par
|move|p1a: Tinkaton|Encore|p2a: Serperior
|-start|p2a: Serperior|Encore
|
|-heal|p2a: Serperior|100/100|[from] item: Leftovers
|-damage|p1a: Tinkaton|76/100 par|[from] Leech Seed|[of] p2a: Serperior
|upkeep
|turn|4
|
|t:|1781459497
|switch|p2a: Incineroar|Incineroar, F, shiny|100/100
|-ability|p2a: Incineroar|Intimidate|boost
|-unboost|p1a: Tinkaton|atk|1
|move|p1a: Tinkaton|Gigaton Hammer|p2a: Incineroar
|-resisted|p2a: Incineroar
|-crit|p2a: Incineroar
|-damage|p2a: Incineroar|59/100
|
|-damage|p1a: Tinkaton|64/100 par|[from] Leech Seed|[of] p2a: Incineroar
|-heal|p2a: Incineroar|69/100|[silent]
|upkeep
|turn|5
|
|t:|1781459502
|switch|p1a: Gliscor|Gliscor, M, shiny|100/100 tox
|move|p2a: Incineroar|Parting Shot|p1a: Gliscor
|-unboost|p1a: Gliscor|atk|1
|-unboost|p1a: Gliscor|spa|1
|
|t:|1781459511
|switch|p2a: Serperior|Serperior, M, shiny|100/100|[from] Parting Shot
|
|upkeep
|turn|6
|j| nulato
|
|t:|1781459517
|switch|p1a: Tinkaton|Tinkaton, F, shiny|64/100 par
|-item|p1a: Tinkaton|Air Balloon
|move|p2a: Serperior|Substitute|p2a: Serperior
|-start|p2a: Serperior|Substitute
|-damage|p2a: Serperior|76/100
|
|-heal|p2a: Serperior|82/100|[from] item: Leftovers
|upkeep
|turn|7
|
|t:|1781459539
|move|p2a: Serperior|Leech Seed|p1a: Tinkaton
|-start|p1a: Tinkaton|move: Leech Seed
|move|p1a: Tinkaton|Gigaton Hammer|p2a: Serperior
|-end|p2a: Serperior|Substitute
|
|-heal|p2a: Serperior|88/100|[from] item: Leftovers
|-damage|p1a: Tinkaton|52/100 par|[from] Leech Seed|[of] p2a: Serperior
|-heal|p2a: Serperior|99/100|[silent]
|upkeep
|turn|8
|
|t:|1781459543
|move|p2a: Serperior|Substitute|p2a: Serperior
|-start|p2a: Serperior|Substitute
|-damage|p2a: Serperior|74/100
|move|p1a: Tinkaton|Encore|p2a: Serperior
|-start|p2a: Serperior|Encore
|
|-heal|p2a: Serperior|80/100|[from] item: Leftovers
|-damage|p1a: Tinkaton|39/100 par|[from] Leech Seed|[of] p2a: Serperior
|-heal|p2a: Serperior|91/100|[silent]
|upkeep
|turn|9
|l| nulato
|
|t:|1781459554
|switch|p1a: Latios|Latios, M, shiny|100/100
|move|p2a: Serperior|Substitute|p2a: Serperior
|-fail|p2a: Serperior|move: Substitute
|
|-heal|p2a: Serperior|97/100|[from] item: Leftovers
|upkeep
|turn|10
|
|t:|1781459556
|switch|p2a: Incineroar|Incineroar, F, shiny|69/100
|-ability|p2a: Incineroar|Intimidate|boost
|-unboost|p1a: Latios|atk|1
|move|p1a: Latios|Psychic Noise|p2a: Incineroar
|-immune|p2a: Incineroar
|
|upkeep
|turn|11
|
|t:|1781459559
|move|p1a: Latios|Flip Turn|p2a: Incineroar
|-supereffective|p2a: Incineroar
|-damage|p2a: Incineroar|53/100
|
|t:|1781459564
|switch|p1a: Tinkaton|Tinkaton, F, shiny|39/100 par|[from] Flip Turn
|-item|p1a: Tinkaton|Air Balloon
|move|p2a: Incineroar|Knock Off|p1a: Tinkaton
|-resisted|p1a: Tinkaton
|-damage|p1a: Tinkaton|16/100 par
|-enditem|p1a: Tinkaton|Air Balloon
|-enditem|p2a: Incineroar|Heavy-Duty Boots|[silent]|[from] ability: Pickpocket|[of] p2a: Incineroar
|-item|p1a: Tinkaton|Heavy-Duty Boots|[from] ability: Pickpocket|[of] p2a: Incineroar
|
|upkeep
|turn|12
|
|t:|1781459577
|move|p1a: Tinkaton|Stealth Rock|p2a: Incineroar
|-sidestart|p2: roddyj|move: Stealth Rock
|move|p2a: Incineroar|Temper Flare|p1a: Tinkaton
|-supereffective|p1a: Tinkaton
|-damage|p1a: Tinkaton|0 fnt
|faint|p1a: Tinkaton
|
|upkeep
|j| nulato
|
|t:|1781459583
|switch|p1a: Samurott|Samurott-Hisui, M, shiny|100/100
|turn|13
|
|t:|1781459592
|move|p1a: Samurott|Ceaseless Edge|p2a: Incineroar
|-resisted|p2a: Incineroar
|-damage|p2a: Incineroar|28/100
|-sidestart|p2: roddyj|Spikes
|move|p2a: Incineroar|Will-O-Wisp|p1a: Samurott
|-status|p1a: Samurott|brn
|
|-damage|p1a: Samurott|94/100 brn|[from] brn
|upkeep
|turn|14
|
|t:|1781459596
|move|p1a: Samurott|Flip Turn|p2a: Incineroar
|-supereffective|p2a: Incineroar
|-damage|p2a: Incineroar|2/100
|
|t:|1781459600
|switch|p1a: Gliscor|Gliscor, M, shiny|100/100 tox|[from] Flip Turn
|move|p2a: Incineroar|Parting Shot|p1a: Gliscor
|-unboost|p1a: Gliscor|atk|1
|-unboost|p1a: Gliscor|spa|1
|
|t:|1781459602
|switch|p2a: Weezing|Weezing-Galar, F, shiny|100/100|[from] Parting Shot
|-damage|p2a: Weezing|88/100|[from] Stealth Rock
|
|-heal|p2a: Weezing|94/100|[from] item: Leftovers
|upkeep
|turn|15
|
|t:|1781459613
|move|p1a: Gliscor|U-turn|p2a: Weezing
|-resisted|p2a: Weezing
|-damage|p2a: Weezing|93/100
|
|t:|1781459618
|switch|p1a: Latios|Latios, M, shiny|100/100|[from] U-turn
|move|p2a: Weezing|Defog|p1a: Latios
|-unboost|p1a: Latios|evasion|1
|-sideend|p2: roddyj|Spikes|[from] move: Defog|[of] p2a: Weezing
|-sideend|p2: roddyj|Stealth Rock|[from] move: Defog|[of] p2a: Weezing
|
|-heal|p2a: Weezing|99/100|[from] item: Leftovers
|upkeep
|turn|16
|
|t:|1781459621
|switch|p2a: Incineroar|Incineroar, F, shiny|2/100
|-ability|p2a: Incineroar|Intimidate|boost
|-unboost|p1a: Latios|atk|1
|move|p1a: Latios|Psychic Noise|p2a: Incineroar
|-immune|p2a: Incineroar
|
|upkeep
|turn|17
|
|t:|1781459624
|switch|p2a: Ogerpon|Ogerpon-Wellspring, F|100/100
|move|p1a: Latios|Flip Turn|p2a: Ogerpon
|-immune|p2a: Ogerpon|[from] ability: Water Absorb
|
|upkeep
|turn|18
|
|t:|1781459630
|move|p2a: Ogerpon|Swords Dance|p2a: Ogerpon
|-boost|p2a: Ogerpon|atk|2
|move|p1a: Latios|Draco Meteor|p2a: Ogerpon
|-damage|p2a: Ogerpon|27/100
|-unboost|p1a: Latios|spa|2
|
|upkeep
|turn|19
|
|t:|1781459637
|move|p1a: Latios|Draco Meteor|p2a: Ogerpon
|-damage|p2a: Ogerpon|0 fnt
|-unboost|p1a: Latios|spa|2
|faint|p2a: Ogerpon
|
|upkeep
|
|t:|1781459644
|switch|p2a: Serperior|Serperior, M, shiny|97/100
|turn|20
|
|t:|1781459653
|switch|p1a: Gliscor|Gliscor, M, shiny|100/100 tox
|move|p2a: Serperior|Substitute|p2a: Serperior
|-start|p2a: Serperior|Substitute
|-damage|p2a: Serperior|72/100
|
|-heal|p2a: Serperior|78/100|[from] item: Leftovers
|upkeep
|turn|21
|
|t:|1781459656
|move|p2a: Serperior|Leech Seed|p1a: Gliscor
|-start|p1a: Gliscor|move: Leech Seed
|move|p1a: Gliscor|U-turn|p2a: Serperior
|-supereffective|p2a: Serperior
|-end|p2a: Serperior|Substitute
|
|t:|1781459659
|switch|p1a: Zamazenta|Zamazenta, shiny|100/100|[from] U-turn
|-ability|p1a: Zamazenta|Dauntless Shield|boost
|-boost|p1a: Zamazenta|def|1
|
|-heal|p2a: Serperior|85/100|[from] item: Leftovers
|upkeep
|turn|22
|
|t:|1781459662
|move|p1a: Zamazenta|Close Combat|p2a: Serperior
|-damage|p2a: Serperior|24/100
|-unboost|p1a: Zamazenta|def|1
|-unboost|p1a: Zamazenta|spd|1
|move|p2a: Serperior|Glare|p1a: Zamazenta
|-status|p1a: Zamazenta|par
|
|-heal|p2a: Serperior|30/100|[from] item: Leftovers
|upkeep
|turn|23
|
|t:|1781459666
|switch|p2a: Incineroar|Incineroar, F, shiny|2/100
|-ability|p2a: Incineroar|Intimidate|boost
|-unboost|p1a: Zamazenta|atk|1
|move|p1a: Zamazenta|Close Combat|p2a: Incineroar
|-supereffective|p2a: Incineroar
|-crit|p2a: Incineroar
|-damage|p2a: Incineroar|0 fnt
|-unboost|p1a: Zamazenta|def|1
|-unboost|p1a: Zamazenta|spd|1
|faint|p2a: Incineroar
|
|upkeep
|
|t:|1781459671
|switch|p2a: Serperior|Serperior, M, shiny|30/100
|turn|24
|
|t:|1781459674
|move|p2a: Serperior|Leech Seed|p1a: Zamazenta|[miss]
|-miss|p2a: Serperior|p1a: Zamazenta
|move|p1a: Zamazenta|Close Combat|p2a: Serperior
|-damage|p2a: Serperior|0 fnt
|-unboost|p1a: Zamazenta|def|1
|-unboost|p1a: Zamazenta|spd|1
|faint|p2a: Serperior
|
|upkeep
|
|t:|1781459704
|switch|p2a: Kommo-o|Kommo-o, F, shiny|100/100
|turn|25
|
|t:|1781459710
|switch|p1a: Pecharunt|Pecharunt|100/100
|move|p2a: Kommo-o|Clangorous Soul|p2a: Kommo-o
|-boost|p2a: Kommo-o|atk|1
|-boost|p2a: Kommo-o|def|1
|-boost|p2a: Kommo-o|spa|1
|-boost|p2a: Kommo-o|spd|1
|-boost|p2a: Kommo-o|spe|1
|-damage|p2a: Kommo-o|68/100
|-enditem|p2a: Kommo-o|Throat Spray
|-boost|p2a: Kommo-o|spa|1|[from] item: Throat Spray
|
|upkeep
|turn|26
|
|t:|1781459715
|move|p2a: Kommo-o|Clanging Scales|p1a: Pecharunt
|-damage|p1a: Pecharunt|31/100
|-unboost|p2a: Kommo-o|def|1
|move|p1a: Pecharunt|Malignant Chain|p2a: Kommo-o
|-damage|p2a: Kommo-o|47/100
|
|upkeep
|turn|27
|
|t:|1781459723
|move|p2a: Kommo-o|Clanging Scales|p1a: Pecharunt
|-crit|p1a: Pecharunt
|-damage|p1a: Pecharunt|0 fnt
|faint|p1a: Pecharunt
|-unboost|p2a: Kommo-o|def|1
|
|upkeep
|
|t:|1781459729
|switch|p1a: Gliscor|Gliscor, M, shiny|100/100 tox
|turn|28
|
|t:|1781459735
|move|p2a: Kommo-o|Boomburst|p1a: Gliscor
|-damage|p1a: Gliscor|44/100 tox
|move|p1a: Gliscor|Earthquake|p2a: Kommo-o
|-damage|p2a: Kommo-o|8/100
|
|-heal|p1a: Gliscor|57/100 tox|[from] ability: Poison Heal
|upkeep
|turn|29
|
|t:|1781459740
|move|p2a: Kommo-o|Clanging Scales|p1a: Gliscor
|-damage|p1a: Gliscor|0 fnt
|faint|p1a: Gliscor
|-unboost|p2a: Kommo-o|def|1
|
|upkeep
|
|t:|1781459743
|switch|p1a: Samurott|Samurott-Hisui, M, shiny|94/100 brn
|turn|30
|
|t:|1781459746
|move|p1a: Samurott|Sucker Punch|p2a: Kommo-o
|-resisted|p2a: Kommo-o
|-damage|p2a: Kommo-o|0 fnt
|faint|p2a: Kommo-o
|
|-damage|p1a: Samurott|88/100 brn|[from] brn
|upkeep
|l| TheSacredJackal⨕
|
|t:|1781459755
|switch|p2a: Weezing|Weezing-Galar, F, shiny|99/100
|turn|31
|
|t:|1781459757
|switch|p1a: Zamazenta|Zamazenta, shiny|100/100 par
|move|p2a: Weezing|Strange Steam|p1a: Zamazenta
|-supereffective|p1a: Zamazenta
|-damage|p1a: Zamazenta|54/100 par
|
|-heal|p2a: Weezing|100/100|[from] item: Leftovers
|upkeep
|turn|32
|
|t:|1781459761
|cant|p1a: Zamazenta|par
|move|p2a: Weezing|Strange Steam|p1a: Zamazenta
|-supereffective|p1a: Zamazenta
|-damage|p1a: Zamazenta|0 fnt
|faint|p1a: Zamazenta
|
|upkeep
|
|t:|1781459762
|switch|p1a: Latios|Latios, M, shiny|100/100
|turn|33
|
|t:|1781459768
|-terastallize|p2a: Weezing|Steel
|move|p1a: Latios|Psychic Noise|p2a: Weezing
|-resisted|p2a: Weezing
|-damage|p2a: Weezing|72/100
|-start|p2a: Weezing|move: Heal Block
|move|p2a: Weezing|Acid Spray|p1a: Latios
|-damage|p1a: Latios|88/100
|
|upkeep
|turn|34
|j| isaac_gam3r
|
|t:|1781459773
|switch|p1a: Samurott|Samurott-Hisui, M, shiny|88/100 brn
|move|p2a: Weezing|Will-O-Wisp|p1a: Samurott
|-fail|p1a: Samurott|brn
|
|-damage|p1a: Samurott|82/100 brn|[from] brn
|-end|p2a: Weezing|move: Heal Block
|upkeep
|turn|35
|
|t:|1781459779
|move|p1a: Samurott|Knock Off|p2a: Weezing
|-damage|p2a: Weezing|56/100
|-enditem|p2a: Weezing|Leftovers|[from] move: Knock Off|[of] p1a: Samurott
|move|p2a: Weezing|Strange Steam|p1a: Samurott
|-supereffective|p1a: Samurott
|-damage|p1a: Samurott|6/100 brn
|-start|p1a: Samurott|confusion
|
|-damage|p1a: Samurott|0 fnt|[from] brn
|faint|p1a: Samurott
|upkeep
|
|t:|1781459781
|switch|p1a: Latios|Latios, M, shiny|88/100
|turn|36
|
|t:|1781459785
|-terastallize|p1a: Latios|Steel
|move|p1a: Latios|Psychic Noise|p2a: Weezing
|-resisted|p2a: Weezing
|-damage|p2a: Weezing|27/100
|-start|p2a: Weezing|move: Heal Block
|move|p2a: Weezing|Strange Steam|p1a: Latios
|-resisted|p1a: Latios
|-crit|p1a: Latios
|-damage|p1a: Latios|68/100
|
|upkeep
|turn|37
|l| isaac_gam3r
|
|t:|1781459793
|move|p1a: Latios|Psychic Noise|p2a: Weezing
|-resisted|p2a: Weezing
|-damage|p2a: Weezing|0 fnt
|faint|p2a: Weezing
|
|upkeep
|
|t:|1781459796
|switch|p2a: Iron Crown|Iron Crown|100/100
|turn|38
|
|t:|1781459798
|move|p1a: Latios|Psychic Noise|p2a: Iron Crown
|-resisted|p2a: Iron Crown
|-damage|p2a: Iron Crown|92/100
|-start|p2a: Iron Crown|move: Heal Block
|move|p2a: Iron Crown|Agility|p2a: Iron Crown
|-boost|p2a: Iron Crown|spe|2
|
|upkeep
|turn|39
|
|t:|1781459805
|move|p2a: Iron Crown|Calm Mind|p2a: Iron Crown
|-boost|p2a: Iron Crown|spa|1
|-boost|p2a: Iron Crown|spd|1
|move|p1a: Latios|Psychic Noise|p2a: Iron Crown
|-resisted|p2a: Iron Crown
|-damage|p2a: Iron Crown|87/100
|
|-end|p2a: Iron Crown|move: Heal Block
|upkeep
|turn|40
|l| nulato
|
|t:|1781459831
|move|p2a: Iron Crown|Calm Mind|p2a: Iron Crown
|-boost|p2a: Iron Crown|spa|1
|-boost|p2a: Iron Crown|spd|1
|move|p1a: Latios|Draco Meteor|p2a: Iron Crown
|-resisted|p2a: Iron Crown
|-damage|p2a: Iron Crown|73/100
|-unboost|p1a: Latios|spa|2
|
|upkeep
|turn|41
|-message|t0usei forfeited.
|
|win|roddyj
|raw|t0usei's rating: 1589 &rarr; <strong>1571</strong><br />(-18 for losing)
|raw|roddyj's rating: 1622 &rarr; <strong>1640</strong><br />(+18 for winning)
|l|☆t0usei
|player|p1|
|l|☆roddyj
|player|p2|
