|j|☆erhai
|j|☆electricdingdong
|t:|1781460708
|gametype|singles
|player|p1|erhai|102|1694
|player|p2|electricdingdong|pokekid|1674
|gen|9
|tier|[Gen 9] OU
|rated|
|rule|HP Percentage Mod: HP is shown in percentages
|rule|Endless Battle Clause: Forcing endless battles is banned
|rule|Species Clause: Limit one of each Pokémon
|rule|OHKO Clause: OHKO moves are banned
|rule|Evasion Items Clause: Evasion items are banned
|rule|Evasion Moves Clause: Evasion moves are banned
|rule|Evasion Abilities Clause: Evasion abilities are banned
|rule|Sleep Moves Clause: Sleep-inducing moves are banned
|clearpoke
|poke|p1|Iron Jugulis|
|poke|p1|Ogerpon, F|
|poke|p1|Scizor, M|
|poke|p1|Latios, M|
|poke|p1|Manaphy|
|poke|p1|Sandy Shocks|
|poke|p2|Iron Boulder|
|poke|p2|Iron Valiant|
|poke|p2|Pincurchin, M|
|poke|p2|Iron Moth|
|poke|p2|Cresselia, F|
|poke|p2|Hawlucha, M|
|teampreview
|inactive|Battle timer is ON: inactive players will automatically lose when time's up. (requested by erhai)
|
|t:|1781460734
|teamsize|p1|6
|teamsize|p2|6
|start
|switch|p1a: Sandy Shocks|Sandy Shocks|100/100
|switch|p2a: Pincurchin|Pincurchin, M|100/100
|-fieldstart|move: Electric Terrain|[from] ability: Electric Surge|[of] p2a: Pincurchin
|-enditem|p1a: Sandy Shocks|Booster Energy
|-activate|p1a: Sandy Shocks|ability: Protosynthesis|[fromitem]
|-start|p1a: Sandy Shocks|protosynthesisspe
|turn|1
|j| 54 insane rats
|
|t:|1781460740
|switch|p2a: Cresselia|Cresselia, F|100/100
|move|p1a: Sandy Shocks|Stealth Rock|p2a: Cresselia
|-sidestart|p2: electricdingdong|move: Stealth Rock
|
|upkeep
|turn|2
|
|t:|1781460745
|move|p1a: Sandy Shocks|Spikes|p2a: Cresselia
|-sidestart|p2: electricdingdong|Spikes
|move|p2a: Cresselia|Moonlight|p2a: Cresselia
|-fail|p2a: Cresselia|heal
|
|upkeep
|turn|3
|
|t:|1781460748
|move|p1a: Sandy Shocks|Spikes|p2a: Cresselia
|-sidestart|p2: electricdingdong|Spikes
|move|p2a: Cresselia|Calm Mind|p2a: Cresselia
|-boost|p2a: Cresselia|spa|1
|-boost|p2a: Cresselia|spd|1
|
|upkeep
|turn|4
|
|t:|1781460753
|move|p1a: Sandy Shocks|Spikes|p2a: Cresselia
|-sidestart|p2: electricdingdong|Spikes
|move|p2a: Cresselia|Calm Mind|p2a: Cresselia
|-boost|p2a: Cresselia|spa|1
|-boost|p2a: Cresselia|spd|1
|
|upkeep
|turn|5
|
|t:|1781460759
|-end|p1a: Sandy Shocks|Protosynthesis|[silent]
|switch|p1a: Ogerpon|Ogerpon, F|100/100
|move|p2a: Cresselia|Calm Mind|p2a: Cresselia
|-boost|p2a: Cresselia|spa|1
|-boost|p2a: Cresselia|spd|1
|
|upkeep
|turn|6
|
|t:|1781460767
|-terastallize|p2a: Cresselia|Poison
|move|p1a: Ogerpon|Encore|p2a: Cresselia
|-start|p2a: Cresselia|Encore
|-enditem|p2a: Cresselia|Mental Herb
|-end|p2a: Cresselia|Encore
|move|p2a: Cresselia|Stored Power|p1a: Ogerpon
|-damage|p1a: Ogerpon|0 fnt
|faint|p1a: Ogerpon
|
|upkeep
|
|t:|1781460780
|switch|p1a: Scizor|Scizor, M, shiny|100/100
|turn|7
|
|t:|1781460788
|move|p1a: Scizor|Swords Dance|p1a: Scizor
|-boost|p1a: Scizor|atk|2
|move|p2a: Cresselia|Stored Power|p1a: Scizor
|-resisted|p1a: Scizor
|-damage|p1a: Scizor|9/100
|
|upkeep
|turn|8
|
|t:|1781460791
|move|p1a: Scizor|Bullet Punch|p2a: Cresselia
|-damage|p2a: Cresselia|41/100
|move|p2a: Cresselia|Stored Power|p1a: Scizor
|-resisted|p1a: Scizor
|-damage|p1a: Scizor|0 fnt
|faint|p1a: Scizor
|
|-fieldend|move: Electric Terrain
|upkeep
|
|t:|1781460801
|switch|p1a: Latios|Latios, M, shiny|100/100
|turn|9
|
|t:|1781460804
|move|p1a: Latios|Calm Mind|p1a: Latios
|-boost|p1a: Latios|spa|1
|-boost|p1a: Latios|spd|1
|move|p2a: Cresselia|Moonlight|p2a: Cresselia
|-heal|p2a: Cresselia|91/100
|
|upkeep
|turn|10
|
|t:|1781460809
|move|p1a: Latios|Calm Mind|p1a: Latios
|-boost|p1a: Latios|spa|1
|-boost|p1a: Latios|spd|1
|move|p2a: Cresselia|Moonblast|p1a: Latios
|-supereffective|p1a: Latios
|-damage|p1a: Latios|50/100
|-enditem|p1a: Latios|Weakness Policy
|-boost|p1a: Latios|atk|2|[from] item: Weakness Policy
|-boost|p1a: Latios|spa|2|[from] item: Weakness Policy
|
|upkeep
|turn|11
|
|t:|1781460814
|move|p1a: Latios|Stored Power|p2a: Cresselia
|-supereffective|p2a: Cresselia
|-damage|p2a: Cresselia|0 fnt
|faint|p2a: Cresselia
|
|upkeep
|
|t:|1781460823
|switch|p2a: Iron Valiant|Iron Valiant|100/100
|-damage|p2a: Iron Valiant|94/100|[from] Stealth Rock
|-damage|p2a: Iron Valiant|69/100|[from] Spikes
|-enditem|p2a: Iron Valiant|Booster Energy
|-activate|p2a: Iron Valiant|ability: Quark Drive|[fromitem]
|-start|p2a: Iron Valiant|quarkdrivespe
|turn|12
|
|t:|1781460827
|move|p2a: Iron Valiant|Moonblast|p1a: Latios
|-supereffective|p1a: Latios
|-damage|p1a: Latios|8/100
|-unboost|p1a: Latios|spa|1
|move|p1a: Latios|Agility|p1a: Latios
|-boost|p1a: Latios|spe|2
|
|upkeep
|turn|13
|
|t:|1781460836
|move|p2a: Iron Valiant|Vacuum Wave|p1a: Latios
|-resisted|p1a: Latios
|-damage|p1a: Latios|3/100
|move|p1a: Latios|Stored Power|p2a: Iron Valiant
|-supereffective|p2a: Iron Valiant
|-damage|p2a: Iron Valiant|0 fnt
|faint|p2a: Iron Valiant
|-end|p2a: Iron Valiant|Quark Drive|[silent]
|
|upkeep
|
|t:|1781460840
|switch|p2a: Pincurchin|Pincurchin, M|100/100
|-damage|p2a: Pincurchin|88/100|[from] Stealth Rock
|-damage|p2a: Pincurchin|63/100|[from] Spikes
|-fieldstart|move: Electric Terrain|[from] ability: Electric Surge|[of] p2a: Pincurchin
|turn|14
|
|t:|1781460851
|move|p2a: Pincurchin|Sucker Punch|p1a: Latios
|-supereffective|p1a: Latios
|-damage|p1a: Latios|0 fnt
|faint|p1a: Latios
|
|upkeep
|
|t:|1781460859
|switch|p1a: Sandy Shocks|Sandy Shocks|100/100
|turn|15
|
|t:|1781460865
|move|p2a: Pincurchin|Sucker Punch|p1a: Sandy Shocks
|-damage|p1a: Sandy Shocks|76/100
|move|p1a: Sandy Shocks|Discharge|p2a: Pincurchin
|-resisted|p2a: Pincurchin
|-damage|p2a: Pincurchin|30/100
|
|upkeep
|turn|16
|
|t:|1781460872
|move|p2a: Pincurchin|Sucker Punch|p1a: Sandy Shocks
|-crit|p1a: Sandy Shocks
|-damage|p1a: Sandy Shocks|42/100
|move|p1a: Sandy Shocks|Discharge|p2a: Pincurchin
|-resisted|p2a: Pincurchin
|-damage|p2a: Pincurchin|0 fnt
|faint|p2a: Pincurchin
|
|upkeep
|
|t:|1781460878
|switch|p2a: Iron Moth|Iron Moth|100/100
|-damage|p2a: Iron Moth|76/100|[from] Stealth Rock
|-damage|p2a: Iron Moth|51/100|[from] Spikes
|-activate|p2a: Iron Moth|ability: Quark Drive
|-start|p2a: Iron Moth|quarkdrivespe
|turn|17
|
|t:|1781460882
|move|p2a: Iron Moth|Fiery Dance|p1a: Sandy Shocks
|-damage|p1a: Sandy Shocks|0 fnt
|faint|p1a: Sandy Shocks
|-end|p1a: Sandy Shocks|Protosynthesis|[silent]
|
|upkeep
|
|t:|1781460884
|switch|p1a: Manaphy|Manaphy, shiny|100/100
|turn|18
|
|t:|1781460891
|move|p2a: Iron Moth|Meteor Beam||[still]
|-prepare|p2a: Iron Moth|Meteor Beam
|-boost|p2a: Iron Moth|spa|1
|-enditem|p2a: Iron Moth|Power Herb
|-anim|p2a: Iron Moth|Meteor Beam|p1a: Manaphy
|-damage|p1a: Manaphy|35/100
|move|p1a: Manaphy|Surf|p2a: Iron Moth
|-supereffective|p2a: Iron Moth
|-damage|p2a: Iron Moth|0 fnt
|faint|p2a: Iron Moth
|-end|p2a: Iron Moth|Quark Drive|[silent]
|
|upkeep
|
|t:|1781460915
|switch|p2a: Hawlucha|Hawlucha, M|100/100
|-damage|p2a: Hawlucha|88/100|[from] Stealth Rock
|-enditem|p2a: Hawlucha|Electric Seed
|-boost|p2a: Hawlucha|def|1|[from] item: Electric Seed
|turn|19
|
|t:|1781460919
|move|p2a: Hawlucha|Acrobatics|p1a: Manaphy
|-damage|p1a: Manaphy|0 fnt
|faint|p1a: Manaphy
|
|upkeep
|
|t:|1781460921
|switch|p1a: Iron Jugulis|Iron Jugulis|100/100
|-activate|p1a: Iron Jugulis|ability: Quark Drive
|-start|p1a: Iron Jugulis|quarkdrivespe
|turn|20
|
|t:|1781460925
|move|p2a: Hawlucha|Acrobatics|p1a: Iron Jugulis
|-damage|p1a: Iron Jugulis|42/100
|move|p1a: Iron Jugulis|Hurricane|p2a: Hawlucha
|-supereffective|p2a: Hawlucha
|-damage|p2a: Hawlucha|0 fnt
|faint|p2a: Hawlucha
|
|upkeep
|
|t:|1781460928
|switch|p2a: Iron Boulder|Iron Boulder|100/100
|-damage|p2a: Iron Boulder|88/100|[from] Stealth Rock
|-damage|p2a: Iron Boulder|63/100|[from] Spikes
|-activate|p2a: Iron Boulder|ability: Quark Drive
|-start|p2a: Iron Boulder|quarkdrivespe
|turn|21
|
|t:|1781460933
|-terastallize|p1a: Iron Jugulis|Ground
|move|p2a: Iron Boulder|Close Combat|p1a: Iron Jugulis
|-damage|p1a: Iron Jugulis|0 fnt
|-unboost|p2a: Iron Boulder|def|1
|-unboost|p2a: Iron Boulder|spd|1
|faint|p1a: Iron Jugulis
|-end|p1a: Iron Jugulis|Quark Drive|[silent]
|
|win|electricdingdong
|raw|erhai's rating: 1694 &rarr; <strong>1673</strong><br />(-21 for losing)
|raw|electricdingdong's rating: 1674 &rarr; <strong>1695</strong><br />(+21 for winning)
|l|☆erhai
|player|p1|
