|j|☆suprya
|j|☆BlackStar150520
|t:|1781310736
|gametype|singles
|player|p1|suprya|clown|1720
|player|p2|BlackStar150520|unknown|1681
|gen|9
|tier|[Gen 9] OU
|rated|
|rule|HP Percentage Mod: HP is shown in percentages
|rule|Endless Battle Clause: Forcing endless battles is banned
|rule|Species Clause: Limit one of each Pokémon
|rule|OHKO Clause: OHKO moves are banned
|rule|Evasion Items Clause: Evasion items are banned
|rule|Evasion Moves Clause: Evasion moves are banned
|rule|Evasion Abilities Clause: Evasion abilities are banned
|rule|Sleep Moves Clause: Sleep-inducing moves are banned
|clearpoke
|poke|p1|Pelipper, M|
|poke|p1|Hydrapple, M|
|poke|p1|Iron Treads|
|poke|p1|Gholdengo|
|poke|p1|Slowking-Galar, M|
|poke|p1|Greninja-*, M|
|poke|p2|Raging Bolt|
|poke|p2|Kingambit, M|
|poke|p2|Iron Moth|
|poke|p2|Ogerpon-Wellspring, F|
|poke|p2|Scizor, F|
|poke|p2|Great Tusk|
|teampreview
|inactive|Battle timer is ON: inactive players will automatically lose when time's up. (requested by BlackStar150520)
|inactive|suprya also wants the timer to be on.
|inactive|suprya has 120 seconds left.
|
|t:|1781310781
|teamsize|p1|6
|teamsize|p2|6
|start
|switch|p1a: Hydrapple|Hydrapple, M|100/100
|switch|p2a: ⚡️|Raging Bolt|100/100
|turn|1
|
|t:|1781310808
|-end|p2a: ⚡️|Protosynthesis|[silent]
|switch|p2a: Red Lightning|Scizor, F|100/100
|switch|p1a: Iron Treads|Iron Treads|100/100
|
|upkeep
|turn|2
|j| BH4L LIL Jeff️️
|
|t:|1781310833
|-end|p1a: Iron Treads|Quark Drive|[silent]
|switch|p1a: Pelipper|Pelipper, M|100/100
|-weather|RainDance|[from] ability: Drizzle|[of] p1a: Pelipper
|move|p2a: Red Lightning|Close Combat|p1a: Pelipper
|-resisted|p1a: Pelipper
|-damage|p1a: Pelipper|76/100
|-unboost|p2a: Red Lightning|def|1
|-unboost|p2a: Red Lightning|spd|1
|
|-weather|RainDance|[upkeep]
|upkeep
|turn|3
|l| BH4L LIL Jeff️️
|
|t:|1781310847
|move|p2a: Red Lightning|Close Combat|p1a: Pelipper
|-resisted|p1a: Pelipper
|-damage|p1a: Pelipper|49/100
|-unboost|p2a: Red Lightning|def|1
|-unboost|p2a: Red Lightning|spd|1
|move|p1a: Pelipper|U-turn|p2a: Red Lightning
|-resisted|p2a: Red Lightning
|-damage|p2a: Red Lightning|91/100
|
|t:|1781310855
|switch|p1a: Greninja|Greninja, M|100/100|[from] U-turn
|
|-weather|RainDance|[upkeep]
|upkeep
|turn|4
|inactive|BlackStar150520 has 120 seconds left.
|inactive|BlackStar150520 has 90 seconds left.
|
|t:|1781310920
|switch|p2a: 🎭|Ogerpon-Wellspring, F|100/100
|move|p1a: Greninja|Dark Pulse|p2a: 🎭
|-damage|p2a: 🎭|35/100
|
|-weather|RainDance|[upkeep]
|upkeep
|turn|5
|j| BH4L LIL Jeff️️
|
|t:|1781310927
|switch|p2a: Mega Donphan|Great Tusk|100/100
|move|p1a: Greninja|Dark Pulse|p2a: Mega Donphan
|-resisted|p2a: Mega Donphan
|-damage|p2a: Mega Donphan|60/100
|
|-weather|RainDance|[upkeep]
|upkeep
|turn|6
|
|t:|1781310940
|switch|p1a: Hydrapple|Hydrapple, M|100/100
|move|p2a: Mega Donphan|Stealth Rock|p1a: Hydrapple
|-sidestart|p1: suprya|move: Stealth Rock
|
|-weather|none
|upkeep
|turn|7
|
|t:|1781310948
|move|p2a: Mega Donphan|Ice Spinner|p1a: Hydrapple
|-supereffective|p1a: Hydrapple
|-damage|p1a: Hydrapple|38/100
|move|p1a: Hydrapple|Giga Drain|p2a: Mega Donphan
|-supereffective|p2a: Mega Donphan
|-damage|p2a: Mega Donphan|0 fnt
|-heal|p1a: Hydrapple|64/100|[from] drain|[of] p2a: Mega Donphan
|faint|p2a: Mega Donphan
|-end|p2a: Mega Donphan|Protosynthesis|[silent]
|
|upkeep
|
|t:|1781310957
|switch|p2a: Red Lightning|Scizor, F|91/100
|turn|8
|inactive|suprya has 120 seconds left.
|inactive|suprya has 90 seconds left.
|
|t:|1781311019
|switch|p1a: Iron Treads|Iron Treads|100/100
|-damage|p1a: Iron Treads|98/100|[from] Stealth Rock
|move|p2a: Red Lightning|U-turn|p1a: Iron Treads
|-resisted|p1a: Iron Treads
|-damage|p1a: Iron Treads|75/100
|inactive|BlackStar150520 has 120 seconds left.
|
|t:|1781311028
|switch|p2a: 🎭|Ogerpon-Wellspring, F|35/100|[from] U-turn
|
|-heal|p1a: Iron Treads|81/100|[from] item: Leftovers
|upkeep
|turn|9
|
|t:|1781311036
|-end|p1a: Iron Treads|Quark Drive|[silent]
|switch|p1a: Hydrapple|Hydrapple, M|98/100
|move|p2a: 🎭|U-turn|p1a: Hydrapple
|-supereffective|p1a: Hydrapple
|-damage|p1a: Hydrapple|69/100
|
|t:|1781311039
|switch|p2a: Red Lightning|Scizor, F|91/100|[from] U-turn
|
|upkeep
|turn|10
|
|t:|1781311058
|switch|p1a: Iron Treads|Iron Treads|81/100
|-damage|p1a: Iron Treads|78/100|[from] Stealth Rock
|move|p2a: Red Lightning|U-turn|p1a: Iron Treads
|-resisted|p1a: Iron Treads
|-damage|p1a: Iron Treads|56/100
|
|t:|1781311073
|switch|p2a: 🎭|Ogerpon-Wellspring, F|35/100|[from] U-turn
|
|-heal|p1a: Iron Treads|62/100|[from] item: Leftovers
|upkeep
|turn|11
|
|t:|1781311080
|-end|p1a: Iron Treads|Quark Drive|[silent]
|switch|p1a: Hydrapple|Hydrapple, M|100/100
|move|p2a: 🎭|Ivy Cudgel|p1a: Hydrapple|[anim] Ivy Cudgel Water
|-resisted|p1a: Hydrapple
|-damage|p1a: Hydrapple|92/100
|
|upkeep
|turn|12
|
|t:|1781311087
|move|p2a: 🎭|U-turn|p1a: Hydrapple
|-supereffective|p1a: Hydrapple
|-damage|p1a: Hydrapple|62/100
|
|t:|1781311089
|switch|p2a: Red Lightning|Scizor, F|91/100|[from] U-turn
|move|p1a: Hydrapple|Nasty Plot|p1a: Hydrapple
|-boost|p1a: Hydrapple|spa|2
|
|upkeep
|turn|13
|inactive|suprya has 120 seconds left.
|
|t:|1781311123
|move|p2a: Red Lightning|U-turn|p1a: Hydrapple
|-supereffective|p1a: Hydrapple
|-damage|p1a: Hydrapple|0 fnt
|faint|p1a: Hydrapple
|
|t:|1781311132
|switch|p2a: 🎭|Ogerpon-Wellspring, F|35/100|[from] U-turn
|
|upkeep
|
|t:|1781311135
|switch|p1a: Greninja|Greninja, M|100/100
|-damage|p1a: Greninja|88/100|[from] Stealth Rock
|turn|14
|
|t:|1781311146
|switch|p2a: Aizen🗡️|Kingambit, M, shiny|100/100
|-activate|p2a: Aizen🗡️|ability: Supreme Overlord
|-start|p2a: Aizen🗡️|fallen1|[silent]
|move|p1a: Greninja|Spikes|p2a: Aizen🗡️
|-sidestart|p2: BlackStar150520|Spikes
|
|upkeep
|turn|15
|
|t:|1781311156
|move|p1a: Greninja|Spikes|p2a: Aizen🗡️
|-sidestart|p2: BlackStar150520|Spikes
|move|p2a: Aizen🗡️|Swords Dance|p2a: Aizen🗡️
|-boost|p2a: Aizen🗡️|atk|2
|
|upkeep
|turn|16
|inactive|suprya has 120 seconds left.
|
|t:|1781311187
|move|p1a: Greninja|Spikes|p2a: Aizen🗡️
|-sidestart|p2: BlackStar150520|Spikes
|move|p2a: Aizen🗡️|Low Kick|p1a: Greninja
|-supereffective|p1a: Greninja
|-damage|p1a: Greninja|0 fnt
|faint|p1a: Greninja
|
|upkeep
|inactive|suprya has 90 seconds left.
|
|t:|1781311203
|switch|p1a: Gholdengo|Gholdengo|100/100
|-damage|p1a: Gholdengo|94/100|[from] Stealth Rock
|turn|17
|inactive|suprya has 90 seconds left.
|
|t:|1781311218
|move|p2a: Aizen🗡️|Sucker Punch|p1a: Gholdengo
|-supereffective|p1a: Gholdengo
|-damage|p1a: Gholdengo|0 fnt
|faint|p1a: Gholdengo
|
|upkeep
|-message|suprya forfeited.
|
|win|BlackStar150520
|raw|suprya's rating: 1720 &rarr; <strong>1698</strong><br />(-22 for losing)
|raw|BlackStar150520's rating: 1681 &rarr; <strong>1703</strong><br />(+22 for winning)
|l|☆suprya
|player|p1|
