|j|☆LowEL0God
|j|☆KurisuChestnutLab
|t:|1781134459
|gametype|singles
|player|p1|LowEL0God|265|1568
|player|p2|KurisuChestnutLab|may-contest|1658
|gen|9
|tier|[Gen 9] OU
|rated|
|rule|HP Percentage Mod: HP is shown in percentages
|rule|Endless Battle Clause: Forcing endless battles is banned
|rule|Species Clause: Limit one of each Pokémon
|rule|OHKO Clause: OHKO moves are banned
|rule|Evasion Items Clause: Evasion items are banned
|rule|Evasion Moves Clause: Evasion moves are banned
|rule|Evasion Abilities Clause: Evasion abilities are banned
|rule|Sleep Moves Clause: Sleep-inducing moves are banned
|clearpoke
|poke|p1|Pelipper, M|
|poke|p1|Torkoal, F|
|poke|p1|Walking Wake|
|poke|p1|Kyurem|
|poke|p1|Ninetales-Alola, F|
|poke|p1|Ogerpon-Wellspring, F|
|poke|p2|Zamazenta-*|
|poke|p2|Zapdos|
|poke|p2|Garganacl, M|
|poke|p2|Clefable, M|
|poke|p2|Samurott-Hisui, F|
|poke|p2|Gholdengo|
|teampreview
|c|☆LowEL0God|hf
|inactive|Battle timer is ON: inactive players will automatically lose when time's up. (requested by LowEL0God)
|
|t:|1781134464
|teamsize|p1|6
|teamsize|p2|6
|start
|switch|p1a: Ninetales|Ninetales-Alola, F|100/100
|switch|p2a: Zamazenta|Zamazenta|100/100
|-ability|p2a: Zamazenta|Dauntless Shield|boost
|-boost|p2a: Zamazenta|def|1
|-weather|Snowscape|[from] ability: Snow Warning|[of] p1a: Ninetales
|turn|1
|inactive|KurisuChestnutLab also wants the timer to be on.
|
|t:|1781134468
|move|p2a: Zamazenta|Body Press|p1a: Ninetales
|-damage|p1a: Ninetales|59/100
|move|p1a: Ninetales|Aurora Veil|p1a: Ninetales
|-sidestart|p1: LowEL0God|move: Aurora Veil
|
|-weather|Snowscape|[upkeep]
|upkeep
|turn|2
|
|t:|1781134472
|switch|p1a: Hurricane Spam|Pelipper, M, shiny|100/100
|-weather|RainDance|[from] ability: Drizzle|[of] p1a: Hurricane Spam
|move|p2a: Zamazenta|Body Press|p1a: Hurricane Spam
|-resisted|p1a: Hurricane Spam
|-damage|p1a: Hurricane Spam|88/100
|
|-weather|RainDance|[upkeep]
|upkeep
|turn|3
|
|t:|1781134476
|switch|p2a: Zapdos|Zapdos|100/100
|move|p1a: Hurricane Spam|Weather Ball|p2a: Zapdos
|-damage|p2a: Zapdos|3/100
|
|-weather|RainDance|[upkeep]
|upkeep
|turn|4
|
|t:|1781134480
|move|p2a: Zapdos|Discharge|p1a: Hurricane Spam
|-supereffective|p1a: Hurricane Spam
|-damage|p1a: Hurricane Spam|0 fnt
|faint|p1a: Hurricane Spam
|
|-weather|RainDance|[upkeep]
|upkeep
|
|t:|1781134481
|switch|p1a: Walking Wake|Walking Wake|100/100
|turn|5
|
|t:|1781134485
|move|p1a: Walking Wake|Hydro Steam|p2a: Zapdos
|-damage|p2a: Zapdos|0 fnt
|faint|p2a: Zapdos
|
|-weather|RainDance|[upkeep]
|-sideend|p1: LowEL0God|move: Aurora Veil
|upkeep
|
|t:|1781134490
|switch|p2a: Samurott|Samurott-Hisui, F|100/100
|turn|6
|
|t:|1781134495
|move|p2a: Samurott|Ceaseless Edge|p1a: Walking Wake
|-damage|p1a: Walking Wake|49/100
|-sidestart|p1: LowEL0God|Spikes
|move|p1a: Walking Wake|Hydro Steam|p2a: Samurott
|-resisted|p2a: Samurott
|-damage|p2a: Samurott|27/100
|
|-weather|none
|upkeep
|turn|7
|
|t:|1781134503
|-end|p1a: Walking Wake|Protosynthesis|[silent]
|switch|p1a: Ninetales|Ninetales-Alola, F|59/100
|-damage|p1a: Ninetales|47/100|[from] Spikes
|-weather|Snowscape|[from] ability: Snow Warning|[of] p1a: Ninetales
|move|p2a: Samurott|Ceaseless Edge|p1a: Ninetales|[miss]
|-miss|p2a: Samurott|p1a: Ninetales
|
|-weather|Snowscape|[upkeep]
|upkeep
|turn|8
|
|t:|1781134507
|move|p2a: Samurott|Ceaseless Edge|p1a: Ninetales
|-resisted|p1a: Ninetales
|-damage|p1a: Ninetales|29/100
|-sidestart|p1: LowEL0God|Spikes
|move|p1a: Ninetales|Aurora Veil|p1a: Ninetales
|-sidestart|p1: LowEL0God|move: Aurora Veil
|
|-weather|Snowscape|[upkeep]
|upkeep
|turn|9
|
|t:|1781134515
|switch|p2a: Garganacl|Garganacl, M|100/100
|move|p1a: Ninetales|Moonblast|p2a: Garganacl
|-damage|p2a: Garganacl|83/100
|
|-weather|Snowscape|[upkeep]
|-heal|p2a: Garganacl|89/100|[from] item: Leftovers
|upkeep
|turn|10
|
|t:|1781134519
|switch|p1a: Torkoal|Torkoal, F|100/100
|-damage|p1a: Torkoal|84/100|[from] Spikes
|-weather|SunnyDay|[from] ability: Drought|[of] p1a: Torkoal
|move|p2a: Garganacl|Salt Cure|p1a: Torkoal
|-supereffective|p1a: Torkoal
|-crit|p1a: Torkoal
|-damage|p1a: Torkoal|58/100
|-start|p1a: Torkoal|Salt Cure
|
|-weather|SunnyDay|[upkeep]
|-heal|p2a: Garganacl|96/100|[from] item: Leftovers
|-damage|p1a: Torkoal|45/100|[from] Salt Cure
|upkeep
|turn|11
|
|t:|1781134524
|move|p2a: Garganacl|Earthquake|p1a: Torkoal
|-supereffective|p1a: Torkoal
|-damage|p1a: Torkoal|33/100
|move|p1a: Torkoal|Rapid Spin|p2a: Garganacl
|-resisted|p2a: Garganacl
|-damage|p2a: Garganacl|93/100
|-boost|p1a: Torkoal|spe|1
|-sideend|p1: LowEL0God|Spikes|[from] move: Rapid Spin|[of] p1a: Torkoal
|
|-weather|SunnyDay|[upkeep]
|-heal|p2a: Garganacl|99/100|[from] item: Leftovers
|-damage|p1a: Torkoal|21/100|[from] Salt Cure
|upkeep
|turn|12
|
|t:|1781134528
|switch|p1a: Ninetales|Ninetales-Alola, F|29/100
|-weather|Snowscape|[from] ability: Snow Warning|[of] p1a: Ninetales
|move|p2a: Garganacl|Stealth Rock|p1a: Ninetales
|-sidestart|p1: LowEL0God|move: Stealth Rock
|
|-weather|Snowscape|[upkeep]
|-heal|p2a: Garganacl|100/100|[from] item: Leftovers
|-sideend|p1: LowEL0God|move: Aurora Veil
|upkeep
|turn|13
|
|t:|1781134535
|switch|p2a: Gholdengo|Gholdengo|100/100
|move|p1a: Ninetales|Aurora Veil|p1a: Ninetales
|-sidestart|p1: LowEL0God|move: Aurora Veil
|
|-weather|Snowscape|[upkeep]
|upkeep
|turn|14
|
|t:|1781134539
|switch|p1a: Ogerpon|Ogerpon-Wellspring, F|100/100
|-damage|p1a: Ogerpon|88/100|[from] Stealth Rock
|move|p2a: Gholdengo|Shadow Ball|p1a: Ogerpon
|-damage|p1a: Ogerpon|63/100
|
|-weather|Snowscape|[upkeep]
|upkeep
|turn|15
|
|t:|1781134543
|switch|p2a: Zamazenta|Zamazenta|100/100
|move|p1a: Ogerpon|Swords Dance|p1a: Ogerpon
|-boost|p1a: Ogerpon|atk|2
|
|-weather|Snowscape|[upkeep]
|upkeep
|turn|16
|
|t:|1781134550
|switch|p2a: Samurott|Samurott-Hisui, F|27/100
|move|p1a: Ogerpon|Ivy Cudgel|p2a: Samurott|[anim] Ivy Cudgel Water
|-resisted|p2a: Samurott
|-damage|p2a: Samurott|0 fnt
|faint|p2a: Samurott
|
|-weather|Snowscape|[upkeep]
|upkeep
|
|t:|1781134554
|switch|p2a: Zamazenta|Zamazenta|100/100
|turn|17
|
|t:|1781134558
|move|p2a: Zamazenta|Iron Defense|p2a: Zamazenta
|-boost|p2a: Zamazenta|def|2
|move|p1a: Ogerpon|Ivy Cudgel|p2a: Zamazenta|[anim] Ivy Cudgel Water
|-damage|p2a: Zamazenta|52/100
|
|-weather|Snowscape|[upkeep]
|-heal|p2a: Zamazenta|58/100|[from] item: Leftovers
|-sideend|p1: LowEL0God|move: Aurora Veil
|upkeep
|turn|18
|
|t:|1781134561
|switch|p1a: Torkoal|Torkoal, F|21/100
|-damage|p1a: Torkoal|0 fnt|[from] Stealth Rock
|faint|p1a: Torkoal
|move|p2a: Zamazenta|Body Press|p1: Torkoal|[notarget]
|-fail|p2a: Zamazenta
|
|-weather|Snowscape|[upkeep]
|-heal|p2a: Zamazenta|64/100|[from] item: Leftovers
|upkeep
|
|t:|1781134562
|switch|p1a: Ninetales|Ninetales-Alola, F|29/100
|-damage|p1a: Ninetales|4/100|[from] Stealth Rock
|turn|19
|
|t:|1781134566
|move|p2a: Zamazenta|Body Press|p1a: Ninetales
|-damage|p1a: Ninetales|0 fnt
|faint|p1a: Ninetales
|
|-weather|none
|-heal|p2a: Zamazenta|70/100|[from] item: Leftovers
|upkeep
|
|t:|1781134567
|switch|p1a: Ogerpon|Ogerpon-Wellspring, F|63/100
|-damage|p1a: Ogerpon|51/100|[from] Stealth Rock
|turn|20
|
|t:|1781134572
|move|p2a: Zamazenta|Body Press|p1a: Ogerpon
|-damage|p1a: Ogerpon|0 fnt
|faint|p1a: Ogerpon
|
|-heal|p2a: Zamazenta|77/100|[from] item: Leftovers
|upkeep
|
|t:|1781134573
|switch|p1a: Walking Wake|Walking Wake|49/100
|-damage|p1a: Walking Wake|37/100|[from] Stealth Rock
|turn|21
|
|t:|1781134578
|-end|p1a: Walking Wake|Protosynthesis|[silent]
|switch|p1a: Kyurem|Kyurem|100/100
|-damage|p1a: Kyurem|76/100|[from] Stealth Rock
|-ability|p1a: Kyurem|Pressure
|move|p2a: Zamazenta|Body Press|p1a: Kyurem
|-supereffective|p1a: Kyurem
|-damage|p1a: Kyurem|0 fnt
|faint|p1a: Kyurem
|
|-heal|p2a: Zamazenta|83/100|[from] item: Leftovers
|upkeep
|
|t:|1781134579
|switch|p1a: Walking Wake|Walking Wake|37/100
|-damage|p1a: Walking Wake|25/100|[from] Stealth Rock
|turn|22
|
|t:|1781134583
|move|p2a: Zamazenta|Body Press|p1a: Walking Wake
|-damage|p1a: Walking Wake|0 fnt
|faint|p1a: Walking Wake
|-end|p1a: Walking Wake|Protosynthesis|[silent]
|
|win|KurisuChestnutLab
|raw|LowEL0God's rating: 1568 &rarr; <strong>1552</strong><br />(-16 for losing)
|raw|KurisuChestnutLab's rating: 1641 &rarr; <strong>1657</strong><br />(+16 for winning)
