|j|☆wubbybubbyjr
|j|‽Jom31
|t:|1781287977
|gametype|singles
|player|p1|wubbybubbyjr|preschooler|1545
|player|p2|Jom31|steven|1581
|gen|9
|tier|[Gen 9] OU
|rated|
|rule|HP Percentage Mod: HP is shown in percentages
|rule|Endless Battle Clause: Forcing endless battles is banned
|rule|Species Clause: Limit one of each Pokémon
|rule|OHKO Clause: OHKO moves are banned
|rule|Evasion Items Clause: Evasion items are banned
|rule|Evasion Moves Clause: Evasion moves are banned
|rule|Evasion Abilities Clause: Evasion abilities are banned
|rule|Sleep Moves Clause: Sleep-inducing moves are banned
|clearpoke
|poke|p1|Ogerpon, F|
|poke|p1|Zapdos|
|poke|p1|Alomomola, F|
|poke|p1|Ting-Lu|
|poke|p1|Great Tusk|
|poke|p1|Dragonite, F|
|poke|p2|Jolteon, M|
|poke|p2|Slowking-Galar, F|
|poke|p2|Great Tusk|
|poke|p2|Moltres|
|poke|p2|Kingambit, M|
|poke|p2|Hydrapple, F|
|teampreview
|inactive|Battle timer is ON: inactive players will automatically lose when time's up. (requested by wubbybubbyjr)
|
|t:|1781287981
|teamsize|p1|6
|teamsize|p2|6
|start
|switch|p1a: Ogerpon|Ogerpon, F|100/100
|switch|p2a: Hydrapple|Hydrapple, F|100/100
|turn|1
|
|t:|1781287986
|move|p1a: Ogerpon|U-turn|p2a: Hydrapple
|-supereffective|p2a: Hydrapple
|-damage|p2a: Hydrapple|72/100
|
|t:|1781287989
|switch|p1a: Zapdos|Zapdos|100/100|[from] U-turn
|move|p2a: Hydrapple|Giga Drain|p1a: Zapdos
|-resisted|p1a: Zapdos
|-damage|p1a: Zapdos|82/100
|-heal|p2a: Hydrapple|79/100|[from] drain|[of] p1a: Zapdos
|
|upkeep
|turn|2
|
|t:|1781287996
|switch|p2a: Jolteon|Jolteon, M|100/100
|move|p1a: Zapdos|Volt Switch|p2a: Jolteon
|-immune|p2a: Jolteon|[from] ability: Volt Absorb
|
|upkeep
|turn|3
|
|t:|1781288003
|switch|p1a: Ting-Lu|Ting-Lu|100/100
|-ability|p1a: Ting-Lu|Vessel of Ruin
|move|p2a: Jolteon|Alluring Voice|p1a: Ting-Lu
|-supereffective|p1a: Ting-Lu
|-damage|p1a: Ting-Lu|81/100
|
|upkeep
|turn|4
|
|t:|1781288009
|switch|p2a: Great Tusk|Great Tusk|100/100
|move|p1a: Ting-Lu|Stealth Rock|p2a: Great Tusk
|-sidestart|p2: Jom31|move: Stealth Rock
|
|upkeep
|turn|5
|
|t:|1781288017
|switch|p1a: Zapdos|Zapdos|82/100
|move|p2a: Great Tusk|Rapid Spin|p1a: Zapdos
|-damage|p1a: Zapdos|64/100
|-boost|p2a: Great Tusk|spe|1
|-sideend|p2: Jom31|Stealth Rock|[from] move: Rapid Spin|[of] p2a: Great Tusk
|
|upkeep
|turn|6
|
|t:|1781288029
|switch|p1a: Alomomola|Alomomola, F|100/100
|-end|p2a: Great Tusk|Protosynthesis|[silent]
|switch|p2a: Slowking|Slowking-Galar, F|100/100
|
|upkeep
|turn|7
|
|t:|1781288038
|move|p1a: Alomomola|Flip Turn|p2a: Slowking
|-damage|p2a: Slowking|85/100
|
|t:|1781288042
|switch|p1a: Ting-Lu|Ting-Lu|81/100|[from] Flip Turn
|-ability|p1a: Ting-Lu|Vessel of Ruin
|move|p2a: Slowking|Sludge Bomb|p1a: Ting-Lu
|-resisted|p1a: Ting-Lu
|-damage|p1a: Ting-Lu|73/100
|
|upkeep
|turn|8
|
|t:|1781288050
|switch|p2a: Great Tusk|Great Tusk|100/100
|move|p1a: Ting-Lu|Stealth Rock|p2a: Great Tusk
|-sidestart|p2: Jom31|move: Stealth Rock
|
|upkeep
|turn|9
|
|t:|1781288056
|move|p2a: Great Tusk|Stealth Rock|p1a: Ting-Lu
|-sidestart|p1: wubbybubbyjr|move: Stealth Rock
|move|p1a: Ting-Lu|Ruination|p2a: Great Tusk
|-damage|p2a: Great Tusk|50/100
|
|upkeep
|turn|10
|
|t:|1781288066
|move|p2a: Great Tusk|Rapid Spin|p1a: Ting-Lu
|-damage|p1a: Ting-Lu|65/100
|-boost|p2a: Great Tusk|spe|1
|-damage|p2a: Great Tusk|34/100|[from] item: Rocky Helmet|[of] p1a: Ting-Lu
|-sideend|p2: Jom31|Stealth Rock|[from] move: Rapid Spin|[of] p2a: Great Tusk
|move|p1a: Ting-Lu|Ruination|p2a: Great Tusk
|-damage|p2a: Great Tusk|17/100
|
|upkeep
|turn|11
|
|t:|1781288074
|switch|p1a: Alomomola|Alomomola, F|100/100
|-damage|p1a: Alomomola|88/100|[from] Stealth Rock
|move|p2a: Great Tusk|Body Press|p1a: Alomomola
|-damage|p1a: Alomomola|62/100
|
|-heal|p1a: Alomomola|68/100|[from] item: Leftovers
|upkeep
|turn|12
|
|t:|1781288083
|-end|p2a: Great Tusk|Protosynthesis|[silent]
|switch|p2a: Slowking|Slowking-Galar, F|100/100
|move|p1a: Alomomola|Flip Turn|p2a: Slowking
|-damage|p2a: Slowking|83/100
|
|t:|1781288087
|switch|p1a: Ting-Lu|Ting-Lu|65/100|[from] Flip Turn
|-damage|p1a: Ting-Lu|59/100|[from] Stealth Rock
|-ability|p1a: Ting-Lu|Vessel of Ruin
|
|upkeep
|turn|13
|
|t:|1781288093
|switch|p2a: Great Tusk|Great Tusk|17/100
|move|p1a: Ting-Lu|Stealth Rock|p2a: Great Tusk
|-sidestart|p2: Jom31|move: Stealth Rock
|
|upkeep
|turn|14
|
|t:|1781288099
|move|p2a: Great Tusk|Rapid Spin|p1a: Ting-Lu
|-damage|p1a: Ting-Lu|51/100
|-boost|p2a: Great Tusk|spe|1
|-damage|p2a: Great Tusk|1/100|[from] item: Rocky Helmet|[of] p1a: Ting-Lu
|-sideend|p2: Jom31|Stealth Rock|[from] move: Rapid Spin|[of] p2a: Great Tusk
|move|p1a: Ting-Lu|Stealth Rock|p2a: Great Tusk
|-sidestart|p2: Jom31|move: Stealth Rock
|
|upkeep
|turn|15
|
|t:|1781288109
|move|p2a: Great Tusk|Body Press|p1a: Ting-Lu
|-supereffective|p1a: Ting-Lu
|-damage|p1a: Ting-Lu|3/100
|-damage|p2a: Great Tusk|0 fnt|[from] item: Rocky Helmet|[of] p1a: Ting-Lu
|faint|p2a: Great Tusk
|-end|p2a: Great Tusk|Protosynthesis|[silent]
|move|p1a: Ting-Lu|Earthquake|p2: Great Tusk|[notarget]
|-fail|p1a: Ting-Lu
|
|upkeep
|
|t:|1781288122
|switch|p2a: Jolteon|Jolteon, M|100/100
|turn|16
|j| lowladderubersnoob
|inactive|wubbybubbyjr has 120 seconds left.
|l| lowladderubersnoob
|
|t:|1781288160
|move|p2a: Jolteon|Alluring Voice|p1a: Ting-Lu
|-supereffective|p1a: Ting-Lu
|-damage|p1a: Ting-Lu|0 fnt
|faint|p1a: Ting-Lu
|
|upkeep
|
|t:|1781288163
|switch|p1a: Ogerpon|Ogerpon, F|100/100
|turn|17
|
|t:|1781288185
|move|p2a: Jolteon|Volt Switch|p1a: Ogerpon
|-resisted|p1a: Ogerpon
|-damage|p1a: Ogerpon|81/100
|
|t:|1781288189
|switch|p2a: Moltres|Moltres|100/100|[from] Volt Switch
|move|p1a: Ogerpon|Knock Off|p2a: Moltres
|-damage|p2a: Moltres|73/100
|-enditem|p2a: Moltres|Heavy-Duty Boots|[from] move: Knock Off|[of] p1a: Ogerpon
|
|upkeep
|turn|18
|
|t:|1781288198
|switch|p1a: Alomomola|Alomomola, F|100/100
|-damage|p1a: Alomomola|88/100|[from] Stealth Rock
|move|p2a: Moltres|Will-O-Wisp|p1a: Alomomola
|-status|p1a: Alomomola|brn
|
|-heal|p1a: Alomomola|94/100 brn|[from] item: Leftovers
|-damage|p1a: Alomomola|88/100 brn|[from] brn
|upkeep
|turn|19
|
|t:|1781288209
|move|p2a: Moltres|Roost|p2a: Moltres
|-heal|p2a: Moltres|100/100
|-singleturn|p2a: Moltres|move: Roost
|move|p1a: Alomomola|Flip Turn|p2a: Moltres
|-supereffective|p2a: Moltres
|-damage|p2a: Moltres|88/100
|
|t:|1781288214
|switch|p1a: Great Tusk|Great Tusk|100/100|[from] Flip Turn
|
|upkeep
|turn|20
|
|t:|1781288219
|move|p1a: Great Tusk|Rapid Spin|p2a: Moltres
|-damage|p2a: Moltres|73/100
|-boost|p1a: Great Tusk|spe|1
|-sideend|p1: wubbybubbyjr|Stealth Rock|[from] move: Rapid Spin|[of] p1a: Great Tusk
|move|p2a: Moltres|Will-O-Wisp|p1a: Great Tusk
|-status|p1a: Great Tusk|brn
|
|-damage|p1a: Great Tusk|94/100 brn|[from] brn
|upkeep
|turn|21
|
|t:|1781288231
|-end|p1a: Great Tusk|Protosynthesis|[silent]
|switch|p1a: Alomomola|Alomomola, F|100/100 brn
|move|p2a: Moltres|Flamethrower|p1a: Alomomola
|-resisted|p1a: Alomomola
|-damage|p1a: Alomomola|79/100 brn
|
|-heal|p1a: Alomomola|85/100 brn|[from] item: Leftovers
|-damage|p1a: Alomomola|79/100 brn|[from] brn
|upkeep
|turn|22
|
|t:|1781288235
|move|p2a: Moltres|Roost|p2a: Moltres
|-heal|p2a: Moltres|100/100
|-singleturn|p2a: Moltres|move: Roost
|move|p1a: Alomomola|Wish|p1a: Alomomola
|
|-heal|p1a: Alomomola|85/100 brn|[from] item: Leftovers
|-damage|p1a: Alomomola|79/100 brn|[from] brn
|upkeep
|turn|23
|
|t:|1781288246
|move|p2a: Moltres|Scorching Sands|p1a: Alomomola
|-damage|p1a: Alomomola|54/100 brn
|move|p1a: Alomomola|Flip Turn|p2a: Moltres
|-supereffective|p2a: Moltres
|-damage|p2a: Moltres|88/100
|
|t:|1781288249
|switch|p1a: Zapdos|Zapdos|64/100|[from] Flip Turn
|
|-heal|p1a: Zapdos|100/100|[from] move: Wish|[wisher] Alomomola
|upkeep
|turn|24
|
|t:|1781288258
|switch|p2a: Jolteon|Jolteon, M|100/100
|move|p1a: Zapdos|Volt Switch|p2a: Jolteon
|-immune|p2a: Jolteon|[from] ability: Volt Absorb
|
|upkeep
|turn|25
|
|t:|1781288270
|move|p2a: Jolteon|Calm Mind|p2a: Jolteon
|-boost|p2a: Jolteon|spa|1
|-boost|p2a: Jolteon|spd|1
|move|p1a: Zapdos|Heat Wave|p2a: Jolteon
|-damage|p2a: Jolteon|70/100
|
|upkeep
|turn|26
|
|t:|1781288279
|switch|p1a: Dragonite|Dragonite, F|100/100
|move|p2a: Jolteon|Calm Mind|p2a: Jolteon
|-boost|p2a: Jolteon|spa|1
|-boost|p2a: Jolteon|spd|1
|
|upkeep
|turn|27
|
|t:|1781288286
|-terastallize|p2a: Jolteon|Fairy
|-terastallize|p1a: Dragonite|Normal
|move|p1a: Dragonite|Extreme Speed|p2a: Jolteon
|-damage|p2a: Jolteon|0 fnt
|faint|p2a: Jolteon
|
|upkeep
|
|t:|1781288298
|switch|p2a: Kingambit|Kingambit, M|100/100
|-damage|p2a: Kingambit|94/100|[from] Stealth Rock
|-activate|p2a: Kingambit|ability: Supreme Overlord
|-start|p2a: Kingambit|fallen2|[silent]
|turn|28
|
|t:|1781288305
|switch|p1a: Great Tusk|Great Tusk|94/100 brn
|move|p2a: Kingambit|Iron Head|p1a: Great Tusk
|-damage|p1a: Great Tusk|55/100 brn
|
|-heal|p2a: Kingambit|100/100|[from] item: Leftovers
|-damage|p1a: Great Tusk|48/100 brn|[from] brn
|upkeep
|turn|29
|
|t:|1781288315
|-end|p2a: Kingambit|fallen2|[silent]
|switch|p2a: Moltres|Moltres|88/100
|-damage|p2a: Moltres|38/100|[from] Stealth Rock
|move|p1a: Great Tusk|Knock Off|p2a: Moltres
|-damage|p2a: Moltres|28/100
|
|-damage|p1a: Great Tusk|42/100 brn|[from] brn
|upkeep
|turn|30
|
|t:|1781288322
|-end|p1a: Great Tusk|Protosynthesis|[silent]
|switch|p1a: Alomomola|Alomomola, F|88/100 brn
|move|p2a: Moltres|Roost|p2a: Moltres
|-heal|p2a: Moltres|78/100
|-singleturn|p2a: Moltres|move: Roost
|
|-heal|p1a: Alomomola|94/100 brn|[from] item: Leftovers
|-damage|p1a: Alomomola|88/100 brn|[from] brn
|upkeep
|turn|31
|
|t:|1781288330
|move|p2a: Moltres|Roost|p2a: Moltres
|-heal|p2a: Moltres|100/100
|-singleturn|p2a: Moltres|move: Roost
|move|p1a: Alomomola|Flip Turn|p2a: Moltres
|-supereffective|p2a: Moltres
|-damage|p2a: Moltres|88/100
|
|t:|1781288333
|switch|p1a: Zapdos|Zapdos|100/100|[from] Flip Turn
|
|upkeep
|turn|32
|
|t:|1781288337
|switch|p2a: Slowking|Slowking-Galar, F|100/100
|-damage|p2a: Slowking|88/100|[from] Stealth Rock
|move|p1a: Zapdos|Volt Switch|p2a: Slowking
|-damage|p2a: Slowking|71/100
|
|t:|1781288344
|switch|p1a: Dragonite|Dragonite, F, tera:Normal|100/100|[from] Volt Switch
|
|upkeep
|turn|33
|
|t:|1781288350
|switch|p2a: Moltres|Moltres|88/100
|-damage|p2a: Moltres|38/100|[from] Stealth Rock
|move|p1a: Dragonite|Outrage|p2a: Moltres
|-damage|p2a: Moltres|0 fnt
|faint|p2a: Moltres
|
|upkeep
|
|t:|1781288359
|switch|p2a: Kingambit|Kingambit, M|100/100
|-damage|p2a: Kingambit|94/100|[from] Stealth Rock
|-activate|p2a: Kingambit|ability: Supreme Overlord
|-start|p2a: Kingambit|fallen3|[silent]
|turn|34
|
|t:|1781288362
|move|p1a: Dragonite|Outrage|p2a: Kingambit|[from] lockedmove
|-resisted|p2a: Kingambit
|-damage|p2a: Kingambit|53/100
|-start|p1a: Dragonite|confusion|[fatigue]
|move|p2a: Kingambit|Kowtow Cleave|p1a: Dragonite
|-damage|p1a: Dragonite|62/100
|
|-heal|p2a: Kingambit|59/100|[from] item: Leftovers
|upkeep
|turn|35
|
|t:|1781288373
|switch|p1a: Great Tusk|Great Tusk|42/100 brn
|move|p2a: Kingambit|Iron Head|p1a: Great Tusk
|-damage|p1a: Great Tusk|0 fnt
|faint|p1a: Great Tusk
|-end|p1a: Great Tusk|Protosynthesis|[silent]
|
|-heal|p2a: Kingambit|65/100|[from] item: Leftovers
|upkeep
|
|t:|1781288377
|switch|p1a: Ogerpon|Ogerpon, F|81/100
|turn|36
|
|t:|1781288383
|-end|p2a: Kingambit|fallen3|[silent]
|switch|p2a: Hydrapple|Hydrapple, F|100/100
|move|p1a: Ogerpon|Low Kick|p2a: Hydrapple
|-damage|p2a: Hydrapple|85/100
|
|upkeep
|turn|37
|
|t:|1781288391
|move|p1a: Ogerpon|U-turn|p2a: Hydrapple
|-supereffective|p2a: Hydrapple
|-damage|p2a: Hydrapple|58/100
|
|t:|1781288394
|switch|p1a: Zapdos|Zapdos|100/100|[from] U-turn
|move|p2a: Hydrapple|Fickle Beam|p1a: Zapdos|[anim] Fickle Beam All Out
|-activate|p2a: Hydrapple|move: Fickle Beam
|-damage|p1a: Zapdos|26/100
|
|upkeep
|turn|38
|
|t:|1781288403
|move|p1a: Zapdos|Roost|p1a: Zapdos
|-heal|p1a: Zapdos|77/100
|-singleturn|p1a: Zapdos|move: Roost
|move|p2a: Hydrapple|Fickle Beam|p1a: Zapdos|[anim] Fickle Beam All Out
|-activate|p2a: Hydrapple|move: Fickle Beam
|-damage|p1a: Zapdos|7/100
|
|upkeep
|turn|39
|
|t:|1781288411
|move|p1a: Zapdos|Roost|p1a: Zapdos
|-heal|p1a: Zapdos|58/100
|-singleturn|p1a: Zapdos|move: Roost
|move|p2a: Hydrapple|Fickle Beam|p1a: Zapdos|[anim] Fickle Beam All Out
|-activate|p2a: Hydrapple|move: Fickle Beam
|-damage|p1a: Zapdos|0 fnt
|faint|p1a: Zapdos
|
|upkeep
|c|☆wubbybubbyjr|bro 3x in a row is wild
|c|☆wubbybubbyjr|!dt fickle beam
|c|☆wubbybubbyjr|/raw <ul class="utilichart"><li class="result"><span class="col movenamecol"><a href="https://dex.pokemonshowdown.com/moves/ficklebeam">Fickle Beam</a></span> <span class="col typecol"><img src="//play.pokemonshowdown.com/sprites/types/Dragon.png" alt="Dragon" width="32" height="14"><img src="//play.pokemonshowdown.com/sprites/categories/Special.png" alt="Special" width="32" height="14"></span> <span class="col labelcol"><em>Power</em><br>80</span> <span class="col widelabelcol"><em>Accuracy</em><br>100%</span> <span class="col pplabelcol"><em>PP</em><br>8</span> <span class="col movedesccol">Has a 30% chance this move's power is doubled.</span> </li><li style="clear:both"></li></ul>
|c|☆wubbybubbyjr|/raw <font size="1"><font color="#686868">Priority:</font> 0&nbsp;|&ThickSpace;<font color="#686868">Gen:</font> 9&nbsp;|&ThickSpace;<font color="#686868">Z-Power:</font> 160&nbsp;|&ThickSpace;<font color="#686868">Target:</font> One Adjacent Pokémon</font>

|
|t:|1781288440
|switch|p1a: Dragonite|Dragonite, F, tera:Normal|62/100
|turn|40
|
|t:|1781288449
|move|p1a: Dragonite|Ice Spinner|p2a: Hydrapple
|-supereffective|p2a: Hydrapple
|-damage|p2a: Hydrapple|0 fnt
|faint|p2a: Hydrapple
|
|upkeep
|
|t:|1781288456
|switch|p2a: Slowking|Slowking-Galar, F|100/100
|-damage|p2a: Slowking|88/100|[from] Stealth Rock
|turn|41
|
|t:|1781288463
|switch|p1a: Alomomola|Alomomola, F|100/100 brn
|move|p2a: Slowking|Sludge Bomb|p1a: Alomomola
|-damage|p1a: Alomomola|52/100 brn
|
|-heal|p1a: Alomomola|58/100 brn|[from] item: Leftovers
|-damage|p1a: Alomomola|52/100 brn|[from] brn
|upkeep
|turn|42
|
|t:|1781288472
|move|p1a: Alomomola|Wish|p1a: Alomomola
|move|p2a: Slowking|Sludge Bomb|p1a: Alomomola
|-damage|p1a: Alomomola|8/100 brn
|
|-heal|p1a: Alomomola|14/100 brn|[from] item: Leftovers
|-damage|p1a: Alomomola|8/100 brn|[from] brn
|upkeep
|turn|43
|
|t:|1781288480
|move|p1a: Alomomola|Flip Turn|p2a: Slowking
|-damage|p2a: Slowking|79/100
|
|t:|1781288483
|switch|p1a: Dragonite|Dragonite, F, tera:Normal|62/100|[from] Flip Turn
|move|p2a: Slowking|Sludge Bomb|p1a: Dragonite
|-damage|p1a: Dragonite|20/100
|
|-heal|p1a: Dragonite|100/100|[from] move: Wish|[wisher] Alomomola
|upkeep
|turn|44
|
|t:|1781288505
|move|p1a: Dragonite|Outrage|p2a: Slowking
|-damage|p2a: Slowking|0 fnt
|faint|p2a: Slowking
|
|upkeep
|
|t:|1781288509
|switch|p2a: Kingambit|Kingambit, M|65/100
|-damage|p2a: Kingambit|59/100|[from] Stealth Rock
|-activate|p2a: Kingambit|ability: Supreme Overlord
|-start|p2a: Kingambit|fallen5|[silent]
|turn|45
|
|t:|1781288513
|move|p1a: Dragonite|Outrage|p2a: Kingambit|[from] lockedmove
|-resisted|p2a: Kingambit
|-damage|p2a: Kingambit|11/100
|move|p2a: Kingambit|Kowtow Cleave|p1a: Dragonite
|-damage|p1a: Dragonite|60/100
|
|-heal|p2a: Kingambit|17/100|[from] item: Leftovers
|upkeep
|turn|46
|
|t:|1781288518
|move|p2a: Kingambit|Sucker Punch|p1a: Dragonite
|-damage|p1a: Dragonite|0 fnt
|faint|p1a: Dragonite
|
|-heal|p2a: Kingambit|23/100|[from] item: Leftovers
|upkeep
|inactive|wubbybubbyjr has 120 seconds left.
|
|t:|1781288568
|switch|p1a: Alomomola|Alomomola, F|41/100 brn
|turn|47
|
|t:|1781288580
|move|p2a: Kingambit|Kowtow Cleave|p1a: Alomomola
|-damage|p1a: Alomomola|4/100 brn
|move|p1a: Alomomola|Scald|p2a: Kingambit
|-damage|p2a: Kingambit|8/100
|
|-heal|p2a: Kingambit|14/100|[from] item: Leftovers
|-heal|p1a: Alomomola|10/100 brn|[from] item: Leftovers
|-damage|p1a: Alomomola|4/100 brn|[from] brn
|upkeep
|turn|48
|
|t:|1781288591
|move|p2a: Kingambit|Kowtow Cleave|p1a: Alomomola
|-damage|p1a: Alomomola|0 fnt
|faint|p1a: Alomomola
|
|-heal|p2a: Kingambit|20/100|[from] item: Leftovers
|upkeep
|
|t:|1781288593
|switch|p1a: Ogerpon|Ogerpon, F|81/100
|turn|49
|
|t:|1781288599
|move|p2a: Kingambit|Sucker Punch|p1a: Ogerpon
|-damage|p1a: Ogerpon|0 fnt
|faint|p1a: Ogerpon
|
|win|Jom31
|raw|wubbybubbyjr's rating: 1545 &rarr; <strong>1527</strong><br />(-18 for losing)
|raw|Jom31's rating: 1581 &rarr; <strong>1599</strong><br />(+18 for winning)
|l|☆wubbybubbyjr
|player|p1|
