|badge|p2|bronze|gen9ubers|100-9
|uhtml|medal-msg|<div class="broadcast-blue">Curious what those medals under the avatar are? PS now has Ladder Seasons! For more information, check out the <a href="https://www.smogon.com/forums/threads/3740067/">thread on Smogon.</a></div>
|j|☆arturohdez
|j|☆goodnightnite
|t:|1780917440
|gametype|singles
|player|p1|arturohdez|lucas|1595
|player|p2|goodnightnite|miku-water|1640
|gen|9
|tier|[Gen 9] OU
|rated|
|rule|HP Percentage Mod: HP is shown in percentages
|rule|Endless Battle Clause: Forcing endless battles is banned
|rule|Species Clause: Limit one of each Pokémon
|rule|OHKO Clause: OHKO moves are banned
|rule|Evasion Items Clause: Evasion items are banned
|rule|Evasion Moves Clause: Evasion moves are banned
|rule|Evasion Abilities Clause: Evasion abilities are banned
|rule|Sleep Moves Clause: Sleep-inducing moves are banned
|clearpoke
|poke|p1|Tyranitar, M|
|poke|p1|Garganacl, M|
|poke|p1|Excadrill, M|
|poke|p1|Zamazenta-*|
|poke|p1|Moltres|
|poke|p1|Pecharunt|
|poke|p2|Latios, M|
|poke|p2|Ogerpon-Wellspring, F|
|poke|p2|Iron Treads|
|poke|p2|Ceruledge, M|
|poke|p2|Zamazenta-*|
|poke|p2|Darkrai|
|teampreview
|inactive|Battle timer is ON: inactive players will automatically lose when time's up. (requested by goodnightnite)
|
|t:|1780917449
|teamsize|p1|6
|teamsize|p2|6
|start
|switch|p1a: Pecharunt|Pecharunt|100/100
|switch|p2a: ZamaZinZadderin|Zamazenta|100/100
|-ability|p2a: ZamaZinZadderin|Dauntless Shield|boost
|-boost|p2a: ZamaZinZadderin|def|1
|turn|1
|
|t:|1780917454
|switch|p2a: C.T.E.SPINS|Iron Treads|100/100
|move|p1a: Pecharunt|Parting Shot|p2a: C.T.E.SPINS
|-unboost|p2a: C.T.E.SPINS|atk|1
|-unboost|p2a: C.T.E.SPINS|spa|1
|
|t:|1780917457
|switch|p1a: Moltres|Moltres|100/100|[from] Parting Shot
|
|upkeep
|turn|2
|
|t:|1780917460
|-end|p2a: C.T.E.SPINS|Quark Drive|[silent]
|switch|p2a: LondonRoadman|Ceruledge, M|100/100
|move|p1a: Moltres|U-turn|p2a: LondonRoadman
|-resisted|p2a: LondonRoadman
|-crit|p2a: LondonRoadman
|-damage|p2a: LondonRoadman|94/100
|
|t:|1780917466
|switch|p1a: Tyranitar|Tyranitar, M|100/100|[from] U-turn
|-weather|Sandstorm|[from] ability: Sand Stream|[of] p1a: Tyranitar
|
|-weather|Sandstorm|[upkeep]
|-damage|p2a: LondonRoadman|88/100|[from] Sandstorm
|upkeep
|turn|3
|
|t:|1780917473
|switch|p2a: ZamaZinZadderin|Zamazenta|100/100
|move|p1a: Tyranitar|Knock Off|p2a: ZamaZinZadderin
|-resisted|p2a: ZamaZinZadderin
|-damage|p2a: ZamaZinZadderin|58/100
|-enditem|p2a: ZamaZinZadderin|Life Orb|[from] move: Knock Off|[of] p1a: Tyranitar
|
|-weather|Sandstorm|[upkeep]
|-damage|p2a: ZamaZinZadderin|52/100|[from] Sandstorm
|upkeep
|turn|4
|
|t:|1780917478
|switch|p2a: GasStationSushi|Darkrai|100/100
|switch|p1a: Pecharunt|Pecharunt|100/100
|
|-weather|Sandstorm|[upkeep]
|-damage|p2a: GasStationSushi|94/100|[from] Sandstorm
|-damage|p1a: Pecharunt|94/100|[from] Sandstorm
|upkeep
|turn|5
|
|t:|1780917483
|switch|p1a: Garganacl|Garganacl, M|100/100
|move|p2a: GasStationSushi|Knock Off|p1a: Garganacl
|-damage|p1a: Garganacl|84/100
|-enditem|p1a: Garganacl|Leftovers|[from] move: Knock Off|[of] p2a: GasStationSushi
|
|-weather|Sandstorm|[upkeep]
|-damage|p2a: GasStationSushi|88/100|[from] Sandstorm
|upkeep
|turn|6
|
|t:|1780917493
|switch|p2a: ZamaZinZadderin|Zamazenta|52/100
|move|p1a: Garganacl|Salt Cure|p2a: ZamaZinZadderin
|-resisted|p2a: ZamaZinZadderin
|-damage|p2a: ZamaZinZadderin|46/100
|-start|p2a: ZamaZinZadderin|Salt Cure
|
|-weather|none
|-damage|p2a: ZamaZinZadderin|33/100|[from] Salt Cure
|upkeep
|turn|7
|
|t:|1780917499
|switch|p2a: LockheedShartin|Latios, M, shiny|100/100
|switch|p1a: Pecharunt|Pecharunt|94/100
|
|upkeep
|turn|8
|
|t:|1780917504
|switch|p1a: Tyranitar|Tyranitar, M|100/100
|-weather|Sandstorm|[from] ability: Sand Stream|[of] p1a: Tyranitar
|move|p2a: LockheedShartin|Calm Mind|p2a: LockheedShartin
|-boost|p2a: LockheedShartin|spa|1
|-boost|p2a: LockheedShartin|spd|1
|
|-weather|Sandstorm|[upkeep]
|-damage|p2a: LockheedShartin|95/100|[from] Sandstorm
|upkeep
|turn|9
|
|t:|1780917518
|switch|p2a: ZamaZinZadderin|Zamazenta|33/100
|switch|p1a: Garganacl|Garganacl, M|84/100
|
|-weather|Sandstorm|[upkeep]
|-damage|p2a: ZamaZinZadderin|27/100|[from] Sandstorm
|upkeep
|turn|10
|j| Tbccc15
|
|t:|1780917524
|switch|p2a: LockheedShartin|Latios, M, shiny|95/100
|move|p1a: Garganacl|Salt Cure|p2a: LockheedShartin
|-damage|p2a: LockheedShartin|78/100
|-start|p2a: LockheedShartin|Salt Cure
|
|-weather|Sandstorm|[upkeep]
|-damage|p2a: LockheedShartin|72/100|[from] Sandstorm
|-damage|p2a: LockheedShartin|60/100|[from] Salt Cure
|upkeep
|turn|11
|
|t:|1780917529
|move|p2a: LockheedShartin|Recover|p2a: LockheedShartin
|-heal|p2a: LockheedShartin|100/100
|move|p1a: Garganacl|Stealth Rock|p2a: LockheedShartin
|-sidestart|p2: goodnightnite|move: Stealth Rock
|
|-weather|Sandstorm|[upkeep]
|-damage|p2a: LockheedShartin|95/100|[from] Sandstorm
|-damage|p2a: LockheedShartin|82/100|[from] Salt Cure
|upkeep
|turn|12
|
|t:|1780917532
|move|p2a: LockheedShartin|Calm Mind|p2a: LockheedShartin
|-boost|p2a: LockheedShartin|spa|1
|-boost|p2a: LockheedShartin|spd|1
|move|p1a: Garganacl|Salt Cure|p2a: LockheedShartin
|-damage|p2a: LockheedShartin|67/100
|
|-weather|none
|-damage|p2a: LockheedShartin|55/100|[from] Salt Cure
|upkeep
|turn|13
|
|t:|1780917537
|switch|p1a: Tyranitar|Tyranitar, M|100/100
|-weather|Sandstorm|[from] ability: Sand Stream|[of] p1a: Tyranitar
|move|p2a: LockheedShartin|Recover|p2a: LockheedShartin
|-heal|p2a: LockheedShartin|100/100
|
|-weather|Sandstorm|[upkeep]
|-damage|p2a: LockheedShartin|95/100|[from] Sandstorm
|-damage|p2a: LockheedShartin|82/100|[from] Salt Cure
|upkeep
|turn|14
|
|t:|1780917545
|switch|p1a: Moltres|Moltres|100/100
|move|p2a: LockheedShartin|Aura Sphere|p1a: Moltres
|-resisted|p1a: Moltres
|-damage|p1a: Moltres|87/100
|
|-weather|Sandstorm|[upkeep]
|-damage|p2a: LockheedShartin|76/100|[from] Sandstorm
|-damage|p1a: Moltres|81/100|[from] Sandstorm
|-damage|p2a: LockheedShartin|64/100|[from] Salt Cure
|upkeep
|turn|15
|
|t:|1780917550
|move|p2a: LockheedShartin|Recover|p2a: LockheedShartin
|-heal|p2a: LockheedShartin|100/100
|move|p1a: Moltres|Roar|p2a: LockheedShartin
|drag|p2a: LondonRoadman|Ceruledge, M|88/100
|-damage|p2a: LondonRoadman|63/100|[from] Stealth Rock
|
|-weather|Sandstorm|[upkeep]
|-damage|p2a: LondonRoadman|56/100|[from] Sandstorm
|-damage|p1a: Moltres|75/100|[from] Sandstorm
|upkeep
|turn|16
|
|t:|1780917556
|move|p2a: LondonRoadman|Bitter Blade|p1a: Moltres
|-resisted|p1a: Moltres
|-damage|p1a: Moltres|56/100
|-heal|p2a: LondonRoadman|67/100|[from] drain|[of] p1a: Moltres
|move|p1a: Moltres|U-turn|p2a: LondonRoadman
|-resisted|p2a: LondonRoadman
|-damage|p2a: LondonRoadman|62/100
|
|t:|1780917567
|switch|p1a: Garganacl|Garganacl, M|84/100|[from] U-turn
|
|-weather|Sandstorm|[upkeep]
|-damage|p2a: LondonRoadman|56/100|[from] Sandstorm
|upkeep
|turn|17
|
|t:|1780917571
|move|p2a: LondonRoadman|Bitter Blade|p1a: Garganacl
|-resisted|p1a: Garganacl
|-damage|p1a: Garganacl|70/100
|-heal|p2a: LondonRoadman|64/100|[from] drain|[of] p1a: Garganacl
|move|p1a: Garganacl|Salt Cure|p2a: LondonRoadman
|-supereffective|p2a: LondonRoadman
|-damage|p2a: LondonRoadman|33/100
|
|-weather|none
|upkeep
|turn|18
|
|t:|1780917576
|move|p2a: LondonRoadman|Bitter Blade|p1a: Garganacl
|-resisted|p1a: Garganacl
|-damage|p1a: Garganacl|55/100
|-heal|p2a: LondonRoadman|41/100|[from] drain|[of] p1a: Garganacl
|move|p1a: Garganacl|Salt Cure|p2a: LondonRoadman
|-supereffective|p2a: LondonRoadman
|-damage|p2a: LondonRoadman|11/100
|
|upkeep
|turn|19
|
|t:|1780917580
|move|p2a: LondonRoadman|Taunt|p1a: Garganacl
|-start|p1a: Garganacl|move: Taunt
|move|p1a: Garganacl|Salt Cure|p2a: LondonRoadman
|-supereffective|p2a: LondonRoadman
|-damage|p2a: LondonRoadman|0 fnt
|faint|p2a: LondonRoadman
|
|upkeep
|
|t:|1780917584
|switch|p2a: SammySosa|Ogerpon-Wellspring, F|100/100
|-damage|p2a: SammySosa|88/100|[from] Stealth Rock
|turn|20
|
|t:|1780917587
|switch|p1a: Pecharunt|Pecharunt|94/100
|move|p2a: SammySosa|Ivy Cudgel|p1a: Pecharunt|[anim] Ivy Cudgel Water
|-damage|p1a: Pecharunt|62/100
|
|upkeep
|turn|21
|
|t:|1780917592
|move|p2a: SammySosa|Ivy Cudgel|p1a: Pecharunt|[anim] Ivy Cudgel Water
|-damage|p1a: Pecharunt|34/100
|move|p1a: Pecharunt|Malignant Chain|p2a: SammySosa
|-supereffective|p2a: SammySosa
|-damage|p2a: SammySosa|14/100
|-status|p2a: SammySosa|tox
|-start|p2a: SammySosa|confusion|[from] ability: Poison Puppeteer|[of] p1a: Pecharunt
|
|-damage|p2a: SammySosa|8/100 tox|[from] psn
|upkeep
|turn|22
|
|t:|1780917601
|-activate|p2a: SammySosa|confusion
|move|p2a: SammySosa|Taunt|p1a: Pecharunt
|-start|p1a: Pecharunt|move: Taunt
|cant|p1a: Pecharunt|move: Taunt|Recover
|
|-damage|p2a: SammySosa|0 fnt|[from] psn
|faint|p2a: SammySosa
|upkeep
|
|t:|1780917606
|switch|p2a: LockheedShartin|Latios, M, shiny|100/100
|-damage|p2a: LockheedShartin|88/100|[from] Stealth Rock
|turn|23
|
|t:|1780917611
|switch|p1a: Tyranitar|Tyranitar, M|100/100
|-weather|Sandstorm|[from] ability: Sand Stream|[of] p1a: Tyranitar
|-terastallize|p2a: LockheedShartin|Steel
|move|p2a: LockheedShartin|Calm Mind|p2a: LockheedShartin
|-boost|p2a: LockheedShartin|spa|1
|-boost|p2a: LockheedShartin|spd|1
|
|-weather|Sandstorm|[upkeep]
|upkeep
|turn|24
|
|t:|1780917620
|move|p2a: LockheedShartin|Calm Mind|p2a: LockheedShartin
|-boost|p2a: LockheedShartin|spa|1
|-boost|p2a: LockheedShartin|spd|1
|move|p1a: Tyranitar|Low Kick|p2a: LockheedShartin
|-supereffective|p2a: LockheedShartin
|-damage|p2a: LockheedShartin|0 fnt
|faint|p2a: LockheedShartin
|
|-weather|Sandstorm|[upkeep]
|upkeep
|-message|goodnightnite forfeited.
|
|win|arturohdez
|raw|arturohdez's rating: 1595 &rarr; <strong>1618</strong><br />(+23 for winning)
|raw|goodnightnite's rating: 1640 &rarr; <strong>1617</strong><br />(-23 for losing)
|l|☆goodnightnite
|player|p2|
