|j|☆Dillnchill
|j|☆roddyj
|t:|1781334276
|gametype|singles
|player|p1|Dillnchill|roxie|1592
|player|p2|roddyj|ethan|1620
|gen|9
|tier|[Gen 9] OU
|rated|
|rule|HP Percentage Mod: HP is shown in percentages
|rule|Endless Battle Clause: Forcing endless battles is banned
|rule|Species Clause: Limit one of each Pokémon
|rule|OHKO Clause: OHKO moves are banned
|rule|Evasion Items Clause: Evasion items are banned
|rule|Evasion Moves Clause: Evasion moves are banned
|rule|Evasion Abilities Clause: Evasion abilities are banned
|rule|Sleep Moves Clause: Sleep-inducing moves are banned
|clearpoke
|poke|p1|Great Tusk|
|poke|p1|Corviknight, M|
|poke|p1|Clefable, M|
|poke|p1|Dragapult, F|
|poke|p1|Samurott-Hisui, M|
|poke|p1|Slowking-Galar, F|
|poke|p2|Kommo-o, F|
|poke|p2|Serperior, F|
|poke|p2|Ogerpon-Wellspring, F|
|poke|p2|Weezing-Galar, M|
|poke|p2|Incineroar, M|
|poke|p2|Iron Crown|
|teampreview
|inactive|Battle timer is ON: inactive players will automatically lose when time's up. (requested by roddyj)
|
|t:|1781334292
|teamsize|p1|6
|teamsize|p2|6
|start
|switch|p1a: Samurott|Samurott-Hisui, M|100/100
|switch|p2a: Serperior|Serperior, F, shiny|100/100
|turn|1
|
|t:|1781334296
|switch|p1a: Slowking|Slowking-Galar, F|100/100
|move|p2a: Serperior|Glare|p1a: Slowking
|-status|p1a: Slowking|par
|
|upkeep
|turn|2
|
|t:|1781334302
|switch|p2a: Incineroar|Incineroar, M, shiny|100/100
|-ability|p2a: Incineroar|Intimidate|boost
|-unboost|p1a: Slowking|atk|1
|move|p1a: Slowking|Flamethrower|p2a: Incineroar
|-resisted|p2a: Incineroar
|-damage|p2a: Incineroar|91/100
|
|upkeep
|turn|3
|
|t:|1781334316
|switch|p1a: Clefable|Clefable, M|100/100
|move|p2a: Incineroar|Knock Off|p1a: Clefable
|-resisted|p1a: Clefable
|-damage|p1a: Clefable|86/100
|-enditem|p1a: Clefable|Leftovers|[from] move: Knock Off|[of] p2a: Incineroar
|
|upkeep
|turn|4
|
|t:|1781334323
|move|p1a: Clefable|Knock Off|p2a: Incineroar
|-resisted|p2a: Incineroar
|-damage|p2a: Incineroar|83/100
|-enditem|p2a: Incineroar|Heavy-Duty Boots|[from] move: Knock Off|[of] p1a: Clefable
|move|p2a: Incineroar|Parting Shot|p1a: Clefable
|-unboost|p1a: Clefable|atk|1
|-unboost|p1a: Clefable|spa|1
|
|t:|1781334326
|switch|p2a: Serperior|Serperior, F, shiny|100/100|[from] Parting Shot
|
|upkeep
|turn|5
|
|t:|1781334334
|switch|p1a: Slowking|Slowking-Galar, F|100/100 par
|move|p2a: Serperior|Substitute|p2a: Serperior
|-start|p2a: Serperior|Substitute
|-damage|p2a: Serperior|76/100
|
|-heal|p2a: Serperior|82/100|[from] item: Leftovers
|upkeep
|turn|6
|
|t:|1781334337
|move|p2a: Serperior|Leech Seed|p1a: Slowking
|-start|p1a: Slowking|move: Leech Seed
|move|p1a: Slowking|Sludge Bomb|p2a: Serperior
|-supereffective|p2a: Serperior
|-end|p2a: Serperior|Substitute
|
|-heal|p2a: Serperior|88/100|[from] item: Leftovers
|-damage|p1a: Slowking|88/100 par|[from] Leech Seed|[of] p2a: Serperior
|-heal|p2a: Serperior|100/100|[silent]
|upkeep
|turn|7
|
|t:|1781334344
|switch|p1a: Dragapult|Dragapult, F, shiny|100/100
|move|p2a: Serperior|Substitute|p2a: Serperior
|-start|p2a: Serperior|Substitute
|-damage|p2a: Serperior|76/100
|
|-heal|p2a: Serperior|82/100|[from] item: Leftovers
|upkeep
|turn|8
|
|t:|1781334347
|switch|p2a: Incineroar|Incineroar, M, shiny|83/100
|-ability|p2a: Incineroar|Intimidate|boost
|-unboost|p1a: Dragapult|atk|1
|-terastallize|p1a: Dragapult|Ghost
|move|p1a: Dragapult|Shadow Ball|p2a: Incineroar
|-resisted|p2a: Incineroar
|-damage|p2a: Incineroar|58/100
|
|upkeep
|turn|9
|
|t:|1781334355
|switch|p1a: Clefable|Clefable, M|86/100
|move|p2a: Incineroar|Parting Shot|p1a: Clefable
|-unboost|p1a: Clefable|atk|1
|-unboost|p1a: Clefable|spa|1
|
|t:|1781334366
|switch|p2a: Serperior|Serperior, F, shiny|82/100|[from] Parting Shot
|
|-heal|p2a: Serperior|88/100|[from] item: Leftovers
|upkeep
|turn|10
|
|t:|1781334369
|switch|p1a: Slowking|Slowking-Galar, F|100/100 par
|move|p2a: Serperior|Substitute|p2a: Serperior
|-start|p2a: Serperior|Substitute
|-damage|p2a: Serperior|63/100
|
|-heal|p2a: Serperior|69/100|[from] item: Leftovers
|upkeep
|turn|11
|
|t:|1781334378
|move|p2a: Serperior|Leech Seed|p1a: Slowking
|-start|p1a: Slowking|move: Leech Seed
|move|p1a: Slowking|Sludge Bomb|p2a: Serperior
|-supereffective|p2a: Serperior
|-crit|p2a: Serperior
|-end|p2a: Serperior|Substitute
|
|-heal|p2a: Serperior|76/100|[from] item: Leftovers
|-damage|p1a: Slowking|88/100 par|[from] Leech Seed|[of] p2a: Serperior
|-heal|p2a: Serperior|89/100|[silent]
|upkeep
|turn|12
|
|t:|1781334387
|switch|p1a: Dragapult|Dragapult, F, shiny, tera:Ghost|100/100
|move|p2a: Serperior|Glare|p1a: Dragapult
|-status|p1a: Dragapult|par
|
|-heal|p2a: Serperior|96/100|[from] item: Leftovers
|upkeep
|turn|13
|
|t:|1781334394
|switch|p2a: Incineroar|Incineroar, M, shiny|58/100
|-ability|p2a: Incineroar|Intimidate|boost
|-unboost|p1a: Dragapult|atk|1
|cant|p1a: Dragapult|par
|
|upkeep
|turn|14
|
|t:|1781334408
|move|p1a: Dragapult|Draco Meteor|p2a: Incineroar
|-damage|p2a: Incineroar|1/100
|-unboost|p1a: Dragapult|spa|2
|move|p2a: Incineroar|Parting Shot|p1a: Dragapult
|-unboost|p1a: Dragapult|atk|1
|-unboost|p1a: Dragapult|spa|1
|
|t:|1781334419
|switch|p2a: Ogerpon|Ogerpon-Wellspring, F|100/100|[from] Parting Shot
|
|upkeep
|turn|15
|
|t:|1781334424
|switch|p1a: Corviknight|Corviknight, M|100/100
|-ability|p1a: Corviknight|Pressure
|move|p2a: Ogerpon|Swords Dance|p2a: Ogerpon
|-boost|p2a: Ogerpon|atk|2
|
|upkeep
|turn|16
|
|t:|1781334428
|move|p2a: Ogerpon|Ivy Cudgel|p1a: Corviknight|[anim] Ivy Cudgel Water
|-damage|p1a: Corviknight|30/100
|move|p1a: Corviknight|Brave Bird|p2a: Ogerpon
|-supereffective|p2a: Ogerpon
|-damage|p2a: Ogerpon|0 fnt
|faint|p2a: Ogerpon
|-damage|p1a: Corviknight|5/100|[from] Recoil
|
|upkeep
|
|t:|1781334434
|switch|p2a: Serperior|Serperior, F, shiny|96/100
|turn|17
|
|t:|1781334439
|move|p2a: Serperior|Leaf Storm|p1a: Corviknight
|-resisted|p1a: Corviknight
|-damage|p1a: Corviknight|0 fnt
|-boost|p2a: Serperior|spa|2
|faint|p1a: Corviknight
|
|-heal|p2a: Serperior|100/100|[from] item: Leftovers
|upkeep
|
|t:|1781334446
|switch|p1a: Slowking|Slowking-Galar, F|100/100 par
|turn|18
|
|t:|1781334451
|switch|p2a: Incineroar|Incineroar, M, shiny|1/100
|-ability|p2a: Incineroar|Intimidate|boost
|-unboost|p1a: Slowking|atk|1
|move|p1a: Slowking|Flamethrower|p2a: Incineroar
|-resisted|p2a: Incineroar
|-damage|p2a: Incineroar|0 fnt
|faint|p2a: Incineroar
|
|upkeep
|
|t:|1781334458
|switch|p2a: Serperior|Serperior, F, shiny|100/100
|turn|19
|
|t:|1781334461
|move|p2a: Serperior|Leech Seed|p1a: Slowking
|-start|p1a: Slowking|move: Leech Seed
|move|p1a: Slowking|Sludge Bomb|p2a: Serperior
|-supereffective|p2a: Serperior
|-damage|p2a: Serperior|5/100
|
|-heal|p2a: Serperior|11/100|[from] item: Leftovers
|-damage|p1a: Slowking|88/100 par|[from] Leech Seed|[of] p2a: Serperior
|-heal|p2a: Serperior|25/100|[silent]
|upkeep
|turn|20
|
|t:|1781334466
|move|p2a: Serperior|Leaf Storm|p1a: Slowking
|-resisted|p1a: Slowking
|-damage|p1a: Slowking|78/100 par
|-boost|p2a: Serperior|spa|2
|move|p1a: Slowking|Sludge Bomb|p2a: Serperior
|-supereffective|p2a: Serperior
|-damage|p2a: Serperior|0 fnt
|faint|p2a: Serperior
|
|upkeep
|
|t:|1781334470
|switch|p2a: Kommo-o|Kommo-o, F, shiny|100/100
|turn|21
|
|t:|1781334474
|move|p2a: Kommo-o|Clangorous Soul|p2a: Kommo-o
|-boost|p2a: Kommo-o|atk|1
|-boost|p2a: Kommo-o|def|1
|-boost|p2a: Kommo-o|spa|1
|-boost|p2a: Kommo-o|spd|1
|-boost|p2a: Kommo-o|spe|1
|-damage|p2a: Kommo-o|68/100
|-enditem|p2a: Kommo-o|Throat Spray
|-boost|p2a: Kommo-o|spa|1|[from] item: Throat Spray
|cant|p1a: Slowking|par
|
|-damage|p1a: Slowking|66/100 par|[from] Leech Seed|[of] p2a: Kommo-o
|-heal|p2a: Kommo-o|82/100|[silent]
|upkeep
|turn|22
|
|t:|1781334499
|move|p2a: Kommo-o|Boomburst|p1a: Slowking
|-damage|p1a: Slowking|32/100 par
|move|p1a: Slowking|Psyshock|p2a: Kommo-o
|-supereffective|p2a: Kommo-o
|-damage|p2a: Kommo-o|37/100
|
|-damage|p1a: Slowking|20/100 par|[from] Leech Seed|[of] p2a: Kommo-o
|-heal|p2a: Kommo-o|51/100|[silent]
|upkeep
|turn|23
|
|t:|1781334513
|switch|p1a: Clefable|Clefable, M|86/100
|move|p2a: Kommo-o|Boomburst|p1a: Clefable
|-damage|p1a: Clefable|25/100
|
|upkeep
|turn|24
|
|t:|1781334516
|switch|p1a: Dragapult|Dragapult, F, shiny, tera:Ghost|100/100 par
|move|p2a: Kommo-o|Boomburst|p1a: Dragapult
|-immune|p1a: Dragapult
|
|upkeep
|turn|25
|
|t:|1781334522
|move|p2a: Kommo-o|Clanging Scales|p1a: Dragapult
|-damage|p1a: Dragapult|0 fnt
|faint|p1a: Dragapult
|-unboost|p2a: Kommo-o|def|1
|
|upkeep
|
|t:|1781334535
|switch|p1a: Slowking|Slowking-Galar, F|53/100 par
|turn|26
|
|t:|1781334544
|move|p2a: Kommo-o|Boomburst|p1a: Slowking
|-damage|p1a: Slowking|17/100 par
|move|p1a: Slowking|Ice Beam|p2a: Kommo-o
|-supereffective|p2a: Kommo-o
|-damage|p2a: Kommo-o|9/100
|
|upkeep
|turn|27
|
|t:|1781334551
|move|p2a: Kommo-o|Boomburst|p1a: Slowking
|-damage|p1a: Slowking|0 fnt
|faint|p1a: Slowking
|
|upkeep
|
|t:|1781334556
|switch|p1a: Samurott|Samurott-Hisui, M|100/100
|turn|28
|
|t:|1781334558
|move|p1a: Samurott|Sucker Punch|p2a: Kommo-o
|-resisted|p2a: Kommo-o
|-crit|p2a: Kommo-o
|-damage|p2a: Kommo-o|0 fnt
|faint|p2a: Kommo-o
|
|upkeep
|
|t:|1781334562
|switch|p2a: Weezing|Weezing-Galar, M, shiny|100/100
|turn|29
|
|t:|1781334569
|switch|p1a: Clefable|Clefable, M|25/100
|move|p2a: Weezing|Acid Spray|p1a: Clefable
|-supereffective|p1a: Clefable
|-damage|p1a: Clefable|4/100
|-unboost|p1a: Clefable|spd|2
|
|upkeep
|turn|30
|
|t:|1781334575
|move|p2a: Weezing|Acid Spray|p1a: Clefable
|-supereffective|p1a: Clefable
|-damage|p1a: Clefable|0 fnt
|faint|p1a: Clefable
|
|upkeep
|
|t:|1781334599
|switch|p1a: Samurott|Samurott-Hisui, M|100/100
|turn|31
|
|t:|1781334606
|move|p1a: Samurott|Knock Off|p2a: Weezing
|-resisted|p2a: Weezing
|-damage|p2a: Weezing|80/100
|-enditem|p2a: Weezing|Leftovers|[from] move: Knock Off|[of] p1a: Samurott
|move|p2a: Weezing|Will-O-Wisp|p1a: Samurott
|-status|p1a: Samurott|brn
|
|-damage|p1a: Samurott|94/100 brn|[from] brn
|upkeep
|turn|32
|
|t:|1781334610
|move|p1a: Samurott|Razor Shell|p2a: Weezing|[miss]
|-miss|p1a: Samurott|p2a: Weezing
|move|p2a: Weezing|Strange Steam|p1a: Samurott
|-supereffective|p1a: Samurott
|-damage|p1a: Samurott|18/100 brn
|-start|p1a: Samurott|confusion
|
|-damage|p1a: Samurott|12/100 brn|[from] brn
|upkeep
|turn|33
|
|t:|1781334619
|-activate|p1a: Samurott|confusion
|-damage|p1a: Samurott|0 fnt|[from] confusion
|faint|p1a: Samurott
|move|p2a: Weezing|Strange Steam|p1: Samurott|[notarget]
|-fail|p2a: Weezing
|
|upkeep
|
|t:|1781334621
|switch|p1a: Great Tusk|Great Tusk|100/100
|turn|34
|
|t:|1781334626
|move|p1a: Great Tusk|Headlong Rush|p2a: Weezing
|-immune|p2a: Weezing|[from] ability: Levitate
|move|p2a: Weezing|Will-O-Wisp|p1a: Great Tusk
|-status|p1a: Great Tusk|brn
|
|-damage|p1a: Great Tusk|94/100 brn|[from] brn
|upkeep
|turn|35
|-message|Dillnchill forfeited.
|
|win|roddyj
|raw|Dillnchill's rating: 1592 &rarr; <strong>1574</strong><br />(-18 for losing)
|raw|roddyj's rating: 1620 &rarr; <strong>1638</strong><br />(+18 for winning)
|l|☆Dillnchill
|player|p1|
