|j|☆Igoodnamename
|j|☆temporarylight
|t:|1781209385
|gametype|singles
|player|p1|Igoodnamename|winona|1744
|player|p2|temporarylight|jogger|1689
|gen|9
|tier|[Gen 9] OU
|rated|
|rule|HP Percentage Mod: HP is shown in percentages
|rule|Endless Battle Clause: Forcing endless battles is banned
|rule|Species Clause: Limit one of each Pokémon
|rule|OHKO Clause: OHKO moves are banned
|rule|Evasion Items Clause: Evasion items are banned
|rule|Evasion Moves Clause: Evasion moves are banned
|rule|Evasion Abilities Clause: Evasion abilities are banned
|rule|Sleep Moves Clause: Sleep-inducing moves are banned
|clearpoke
|poke|p1|Gholdengo|
|poke|p1|Zamazenta-*|
|poke|p1|Moltres|
|poke|p1|Ting-Lu|
|poke|p1|Serperior, M|
|poke|p1|Kyurem|
|poke|p2|Weavile, F|
|poke|p2|Great Tusk|
|poke|p2|Hoopa-Unbound|
|poke|p2|Landorus-Therian, M|
|poke|p2|Ogerpon, F|
|poke|p2|Thundurus-Therian, M|
|teampreview
|
|t:|1781209401
|teamsize|p1|6
|teamsize|p2|6
|start
|switch|p1a: Kyurem|Kyurem|100/100
|switch|p2a: Weavile|Weavile, F, shiny|100/100
|-ability|p2a: Weavile|Pressure
|-ability|p1a: Kyurem|Pressure
|turn|1
|
|t:|1781209409
|switch|p1a: Moltres|Moltres|100/100
|move|p2a: Weavile|Knock Off|p1a: Moltres
|-damage|p1a: Moltres|52/100
|-enditem|p1a: Moltres|Heavy-Duty Boots|[from] move: Knock Off|[of] p2a: Weavile
|
|upkeep
|turn|2
|
|t:|1781209416
|switch|p2a: Landorus|Landorus-Therian, M, shiny|100/100
|-ability|p2a: Landorus|Intimidate|boost
|-unboost|p1a: Moltres|atk|1
|move|p1a: Moltres|Roost|p1a: Moltres
|-heal|p1a: Moltres|100/100
|-singleturn|p1a: Moltres|move: Roost
|
|upkeep
|turn|3
|
|t:|1781209421
|move|p2a: Landorus|Stealth Rock|p1a: Moltres
|-sidestart|p1: Igoodnamename|move: Stealth Rock
|move|p1a: Moltres|Flamethrower|p2a: Landorus
|-damage|p2a: Landorus|63/100
|
|-heal|p2a: Landorus|69/100|[from] item: Leftovers
|upkeep
|turn|4
|
|t:|1781209428
|move|p2a: Landorus|U-turn|p1a: Moltres
|-resisted|p1a: Moltres
|-damage|p1a: Moltres|97/100
|
|t:|1781209430
|switch|p2a: Thundurus|Thundurus-Therian, M, shiny|100/100|[from] U-turn
|move|p1a: Moltres|Flamethrower|p2a: Thundurus
|-damage|p2a: Thundurus|53/100
|
|-heal|p2a: Thundurus|59/100|[from] item: Leftovers
|upkeep
|turn|5
|j| Cotowol
|
|t:|1781209441
|switch|p1a: Ting-Lu|Ting-Lu|100/100
|-damage|p1a: Ting-Lu|94/100|[from] Stealth Rock
|-ability|p1a: Ting-Lu|Vessel of Ruin
|move|p2a: Thundurus|Nasty Plot|p2a: Thundurus
|-boost|p2a: Thundurus|spa|2
|
|-heal|p2a: Thundurus|65/100|[from] item: Leftovers
|-heal|p1a: Ting-Lu|100/100|[from] item: Leftovers
|upkeep
|turn|6
|
|t:|1781209450
|move|p2a: Thundurus|Grass Knot|p1a: Ting-Lu
|-supereffective|p1a: Ting-Lu
|-damage|p1a: Ting-Lu|26/100
|move|p1a: Ting-Lu|Stealth Rock|p2a: Thundurus
|-sidestart|p2: temporarylight|move: Stealth Rock
|
|-heal|p2a: Thundurus|71/100|[from] item: Leftovers
|-heal|p1a: Ting-Lu|32/100|[from] item: Leftovers
|upkeep
|turn|7
|l| Cotowol
|
|t:|1781209454
|switch|p1a: Kyurem|Kyurem|100/100
|-ability|p1a: Kyurem|Pressure
|move|p2a: Thundurus|Grass Knot|p1a: Kyurem
|-resisted|p1a: Kyurem
|-damage|p1a: Kyurem|55/100
|
|-heal|p2a: Thundurus|77/100|[from] item: Leftovers
|upkeep
|turn|8
|
|t:|1781209460
|move|p2a: Thundurus|Thunderbolt|p1a: Kyurem
|-resisted|p1a: Kyurem
|-damage|p1a: Kyurem|11/100
|move|p1a: Kyurem|Ice Beam|p2a: Thundurus
|-supereffective|p2a: Thundurus
|-damage|p2a: Thundurus|0 fnt
|faint|p2a: Thundurus
|
|upkeep
|
|t:|1781209474
|switch|p2a: Ogerpon|Ogerpon, F|100/100
|-damage|p2a: Ogerpon|88/100|[from] Stealth Rock
|turn|9
|
|t:|1781209477
|move|p2a: Ogerpon|U-turn|p1a: Kyurem
|-damage|p1a: Kyurem|0 fnt
|faint|p1a: Kyurem
|
|t:|1781209487
|switch|p2a: Hoopa|Hoopa-Unbound|100/100|[from] U-turn
|-damage|p2a: Hoopa|88/100|[from] Stealth Rock
|
|-heal|p2a: Hoopa|94/100|[from] item: Leftovers
|upkeep
|
|t:|1781209494
|switch|p1a: Moltres|Moltres|97/100
|-damage|p1a: Moltres|47/100|[from] Stealth Rock
|turn|10
|
|t:|1781209499
|move|p2a: Hoopa|Psychic Noise|p1a: Moltres
|-damage|p1a: Moltres|0 fnt
|faint|p1a: Moltres
|
|-heal|p2a: Hoopa|100/100|[from] item: Leftovers
|upkeep
|
|t:|1781209514
|switch|p1a: Zamazenta|Zamazenta|100/100
|-damage|p1a: Zamazenta|94/100|[from] Stealth Rock
|-ability|p1a: Zamazenta|Dauntless Shield|boost
|-boost|p1a: Zamazenta|def|1
|turn|11
|
|t:|1781209528
|switch|p2a: Landorus|Landorus-Therian, M, shiny|69/100
|-damage|p2a: Landorus|57/100|[from] Stealth Rock
|-ability|p2a: Landorus|Intimidate|boost
|-unboost|p1a: Zamazenta|atk|1
|-terastallize|p1a: Zamazenta|Dark
|move|p1a: Zamazenta|Iron Defense|p1a: Zamazenta
|-boost|p1a: Zamazenta|def|2
|
|-heal|p2a: Landorus|63/100|[from] item: Leftovers
|upkeep
|turn|12
|
|t:|1781209533
|move|p1a: Zamazenta|Body Press|p2a: Landorus
|-resisted|p2a: Landorus
|-damage|p2a: Landorus|21/100
|move|p2a: Landorus|Taunt|p1a: Zamazenta
|-start|p1a: Zamazenta|move: Taunt
|
|-heal|p2a: Landorus|27/100|[from] item: Leftovers
|upkeep
|turn|13
|
|t:|1781209538
|move|p1a: Zamazenta|Body Press|p2a: Landorus
|-resisted|p2a: Landorus
|-damage|p2a: Landorus|0 fnt
|faint|p2a: Landorus
|
|upkeep
|
|t:|1781209550
|switch|p2a: Great Tusk|Great Tusk, shiny|100/100
|turn|14
|
|t:|1781209553
|move|p1a: Zamazenta|Body Press|p2a: Great Tusk
|-damage|p2a: Great Tusk|41/100
|move|p2a: Great Tusk|Rapid Spin|p1a: Zamazenta
|-damage|p1a: Zamazenta|89/100
|-boost|p2a: Great Tusk|spe|1
|-sideend|p2: temporarylight|Stealth Rock|[from] move: Rapid Spin|[of] p2a: Great Tusk
|
|upkeep
|turn|15
|
|t:|1781209558
|move|p2a: Great Tusk|Headlong Rush|p1a: Zamazenta
|-damage|p1a: Zamazenta|72/100
|-unboost|p2a: Great Tusk|def|1
|-unboost|p2a: Great Tusk|spd|1
|move|p1a: Zamazenta|Body Press|p2a: Great Tusk
|-damage|p2a: Great Tusk|0 fnt
|faint|p2a: Great Tusk
|-end|p2a: Great Tusk|Protosynthesis|[silent]
|
|-end|p1a: Zamazenta|move: Taunt
|upkeep
|
|t:|1781209559
|switch|p2a: Ogerpon|Ogerpon, F|88/100
|turn|16
|
|t:|1781209562
|-terastallize|p2a: Ogerpon|Grass
|detailschange|p2a: Ogerpon|Ogerpon-Teal-Tera, F, tera:Grass
|-ability|p2a: Ogerpon|Embody Aspect (Teal)|boost
|-boost|p2a: Ogerpon|spe|1
|move|p2a: Ogerpon|Ivy Cudgel|p1a: Zamazenta
|-crit|p1a: Zamazenta
|-damage|p1a: Zamazenta|0 fnt
|faint|p1a: Zamazenta
|
|upkeep
|
|t:|1781209585
|switch|p1a: Gholdengo|Gholdengo|100/100
|-damage|p1a: Gholdengo|94/100|[from] Stealth Rock
|turn|17
|
|t:|1781209593
|switch|p2a: Hoopa|Hoopa-Unbound|100/100
|move|p1a: Gholdengo|Make It Rain|p2a: Hoopa
|-damage|p2a: Hoopa|35/100
|-unboost|p1a: Gholdengo|spa|1
|
|-heal|p2a: Hoopa|41/100|[from] item: Leftovers
|upkeep
|turn|18
|
|t:|1781209605
|switch|p1a: Ting-Lu|Ting-Lu|32/100
|-damage|p1a: Ting-Lu|26/100|[from] Stealth Rock
|-ability|p1a: Ting-Lu|Vessel of Ruin
|move|p2a: Hoopa|Knock Off|p1a: Ting-Lu
|-resisted|p1a: Ting-Lu
|-damage|p1a: Ting-Lu|10/100
|-enditem|p1a: Ting-Lu|Leftovers|[from] move: Knock Off|[of] p2a: Hoopa
|
|-heal|p2a: Hoopa|47/100|[from] item: Leftovers
|upkeep
|turn|19
|
|t:|1781209608
|move|p2a: Hoopa|Drain Punch|p1a: Ting-Lu
|-supereffective|p1a: Ting-Lu
|-damage|p1a: Ting-Lu|0 fnt
|-heal|p2a: Hoopa|55/100|[from] drain|[of] p1a: Ting-Lu
|faint|p1a: Ting-Lu
|
|-heal|p2a: Hoopa|61/100|[from] item: Leftovers
|upkeep
|
|t:|1781209610
|switch|p1a: Gholdengo|Gholdengo|94/100
|-damage|p1a: Gholdengo|88/100|[from] Stealth Rock
|turn|20
|
|t:|1781209646
|move|p1a: Gholdengo|Make It Rain|p2a: Hoopa
|-damage|p2a: Hoopa|0 fnt
|-unboost|p1a: Gholdengo|spa|1
|faint|p2a: Hoopa
|
|upkeep
|
|t:|1781209649
|switch|p2a: Weavile|Weavile, F, shiny|100/100
|-ability|p2a: Weavile|Pressure
|turn|21
|
|t:|1781209655
|move|p2a: Weavile|Knock Off|p1a: Gholdengo
|-supereffective|p1a: Gholdengo
|-damage|p1a: Gholdengo|0 fnt
|-enditem|p1a: Gholdengo|Metal Coat|[from] move: Knock Off|[of] p2a: Weavile
|faint|p1a: Gholdengo
|
|upkeep
|
|t:|1781209657
|switch|p1a: Serperior|Serperior, M|100/100
|-damage|p1a: Serperior|88/100|[from] Stealth Rock
|turn|22
|
|t:|1781209662
|move|p1a: Serperior|Leaf Storm|p2a: Weavile
|-damage|p2a: Weavile|35/100
|-boost|p1a: Serperior|spa|2
|move|p2a: Weavile|Knock Off|p1a: Serperior
|-damage|p1a: Serperior|7/100
|-enditem|p1a: Serperior|Choice Scarf|[from] move: Knock Off|[of] p2a: Weavile
|
|upkeep
|turn|23
|c|☆temporarylight|mb for crit
|
|t:|1781209672
|move|p2a: Weavile|Knock Off|p1a: Serperior
|-damage|p1a: Serperior|0 fnt
|faint|p1a: Serperior
|
|win|temporarylight
|raw|Igoodnamename's rating: 1744 &rarr; <strong>1721</strong><br />(-23 for losing)
|raw|temporarylight's rating: 1689 &rarr; <strong>1712</strong><br />(+23 for winning)
|l|☆Igoodnamename
|player|p1|
|l|☆temporarylight
|player|p2|
