|j|☆Thatwiz
|j|☆The real kurt tay
|t:|1781110867
|gametype|singles
|player|p1|Thatwiz|170|1569
|player|p2|The real kurt tay|266|1617
|gen|9
|tier|[Gen 9] OU
|rated|
|rule|HP Percentage Mod: HP is shown in percentages
|rule|Endless Battle Clause: Forcing endless battles is banned
|rule|Species Clause: Limit one of each Pokémon
|rule|OHKO Clause: OHKO moves are banned
|rule|Evasion Items Clause: Evasion items are banned
|rule|Evasion Moves Clause: Evasion moves are banned
|rule|Evasion Abilities Clause: Evasion abilities are banned
|rule|Sleep Moves Clause: Sleep-inducing moves are banned
|clearpoke
|poke|p1|Latios, M|
|poke|p1|Kingambit, M|
|poke|p1|Zapdos|
|poke|p1|Iron Boulder|
|poke|p1|Primarina, F|
|poke|p1|Great Tusk|
|poke|p2|Kyurem|
|poke|p2|Zamazenta-*|
|poke|p2|Ting-Lu|
|poke|p2|Corviknight, M|
|poke|p2|Cinderace, F|
|poke|p2|Darkrai|
|teampreview
|inactive|Battle timer is ON: inactive players will automatically lose when time's up. (requested by Thatwiz)
|
|t:|1781110902
|teamsize|p1|6
|teamsize|p2|6
|start
|switch|p1a: Primarina|Primarina, F|100/100
|switch|p2a: Darkrai|Darkrai|100/100
|turn|1
|
|t:|1781110909
|switch|p2a: Corviknight|Corviknight, M|100/100
|-ability|p2a: Corviknight|Pressure
|move|p1a: Primarina|Moonblast|p2a: Corviknight
|-resisted|p2a: Corviknight
|-damage|p2a: Corviknight|74/100
|-unboost|p2a: Corviknight|spa|1
|
|upkeep
|turn|2
|
|t:|1781110914
|switch|p2a: Kyurem|Kyurem|100/100
|-ability|p2a: Kyurem|Pressure
|switch|p1a: Zapdos|Zapdos|100/100
|
|upkeep
|turn|3
|
|t:|1781110928
|switch|p1a: Kingambit|Kingambit, M|100/100
|move|p2a: Kyurem|Ice Beam|p1a: Kingambit
|-resisted|p1a: Kingambit
|-damage|p1a: Kingambit|76/100
|
|upkeep
|turn|4
|
|t:|1781110950
|switch|p2a: Zamazenta|Zamazenta|100/100
|-ability|p2a: Zamazenta|Dauntless Shield|boost
|-boost|p2a: Zamazenta|def|1
|-end|p1a: Kingambit|fallenundefined|[silent]
|switch|p1a: Primarina|Primarina, F|100/100
|
|upkeep
|turn|5
|inactive|The real kurt tay has 120 seconds left.
|
|t:|1781110997
|switch|p2a: Kyurem|Kyurem|100/100
|-ability|p2a: Kyurem|Pressure
|move|p1a: Primarina|Moonblast|p2a: Kyurem
|-supereffective|p2a: Kyurem
|-damage|p2a: Kyurem|47/100
|
|upkeep
|turn|6
|
|t:|1781111012
|-terastallize|p2a: Kyurem|Fairy
|move|p2a: Kyurem|Freeze-Dry|p1a: Primarina
|-supereffective|p1a: Primarina
|-damage|p1a: Primarina|56/100
|move|p1a: Primarina|Moonblast|p2a: Kyurem
|-damage|p2a: Kyurem|21/100
|
|upkeep
|turn|7
|
|t:|1781111020
|switch|p1a: Kingambit|Kingambit, M|76/100
|move|p2a: Kyurem|Freeze-Dry|p1a: Kingambit
|-resisted|p1a: Kingambit
|-damage|p1a: Kingambit|57/100
|
|upkeep
|turn|8
|
|t:|1781111026
|move|p2a: Kyurem|Earth Power|p1a: Kingambit
|-supereffective|p1a: Kingambit
|-damage|p1a: Kingambit|0 fnt
|faint|p1a: Kingambit
|-end|p1a: Kingambit|fallenundefined|[silent]
|
|upkeep
|
|t:|1781111038
|switch|p1a: Latios|Latios, M|100/100
|turn|9
|
|t:|1781111043
|switch|p2a: Ting-Lu|Ting-Lu|100/100
|-ability|p2a: Ting-Lu|Vessel of Ruin
|move|p1a: Latios|Luster Purge|p2a: Ting-Lu
|-immune|p2a: Ting-Lu
|
|upkeep
|turn|10
|
|t:|1781111061
|switch|p1a: Primarina|Primarina, F|56/100
|move|p2a: Ting-Lu|Ruination|p1a: Primarina
|-damage|p1a: Primarina|28/100
|
|upkeep
|turn|11
|
|t:|1781111064
|move|p1a: Primarina|Sparkling Aria|p2a: Ting-Lu
|-supereffective|p2a: Ting-Lu
|-damage|p2a: Ting-Lu|35/100
|move|p2a: Ting-Lu|Earthquake|p1a: Primarina
|-damage|p1a: Primarina|0 fnt
|faint|p1a: Primarina
|
|-heal|p2a: Ting-Lu|41/100|[from] item: Leftovers
|upkeep
|
|t:|1781111068
|switch|p1a: Iron Boulder|Iron Boulder|100/100
|-enditem|p1a: Iron Boulder|Booster Energy
|-activate|p1a: Iron Boulder|ability: Quark Drive|[fromitem]
|-start|p1a: Iron Boulder|quarkdrivespe
|turn|12
|
|t:|1781111075
|move|p1a: Iron Boulder|Swords Dance|p1a: Iron Boulder
|-boost|p1a: Iron Boulder|atk|2
|move|p2a: Ting-Lu|Earthquake|p1a: Iron Boulder
|-supereffective|p1a: Iron Boulder
|-damage|p1a: Iron Boulder|5/100
|
|-heal|p2a: Ting-Lu|47/100|[from] item: Leftovers
|upkeep
|turn|13
|
|t:|1781111082
|move|p1a: Iron Boulder|Brick Break|p2a: Ting-Lu
|-supereffective|p2a: Ting-Lu
|-damage|p2a: Ting-Lu|0 fnt
|faint|p2a: Ting-Lu
|
|upkeep
|
|t:|1781111087
|switch|p2a: Darkrai|Darkrai|100/100
|turn|14
|
|t:|1781111094
|move|p2a: Darkrai|Ice Beam|p1a: Iron Boulder
|-crit|p1a: Iron Boulder
|-damage|p1a: Iron Boulder|0 fnt
|faint|p1a: Iron Boulder
|-end|p1a: Iron Boulder|Quark Drive|[silent]
|
|upkeep
|
|t:|1781111106
|switch|p1a: Latios|Latios, M|100/100
|turn|15
|
|t:|1781111113
|-terastallize|p1a: Latios|Steel
|move|p2a: Darkrai|Ice Beam|p1a: Latios
|-resisted|p1a: Latios
|-damage|p1a: Latios|85/100
|move|p1a: Latios|Draco Meteor|p2a: Darkrai
|-damage|p2a: Darkrai|0 fnt
|-unboost|p1a: Latios|spa|2
|faint|p2a: Darkrai
|
|upkeep
|
|t:|1781111115
|switch|p2a: Kyurem|Kyurem, tera:Fairy|21/100
|-ability|p2a: Kyurem|Pressure
|turn|16
|inactive|Thatwiz has 120 seconds left.
|
|t:|1781111165
|move|p1a: Latios|Draco Meteor|p2a: Kyurem
|-immune|p2a: Kyurem
|move|p2a: Kyurem|Ice Beam|p1a: Latios
|-resisted|p1a: Latios
|-damage|p1a: Latios|60/100
|
|upkeep
|turn|17
|
|t:|1781111168
|move|p1a: Latios|Draco Meteor|p2a: Kyurem
|-immune|p2a: Kyurem
|move|p2a: Kyurem|Ice Beam|p1a: Latios
|-resisted|p1a: Latios
|-damage|p1a: Latios|31/100
|
|upkeep
|turn|18
|
|t:|1781111171
|move|p1a: Latios|Draco Meteor|p2a: Kyurem
|-immune|p2a: Kyurem
|move|p2a: Kyurem|Ice Beam|p1a: Latios
|-resisted|p1a: Latios
|-damage|p1a: Latios|4/100
|
|upkeep
|turn|19
|
|t:|1781111173
|move|p1a: Latios|Draco Meteor|p2a: Kyurem
|-immune|p2a: Kyurem
|move|p2a: Kyurem|Ice Beam|p1a: Latios
|-resisted|p1a: Latios
|-damage|p1a: Latios|0 fnt
|faint|p1a: Latios
|
|upkeep
|
|t:|1781111177
|switch|p1a: Great Tusk|Great Tusk|100/100
|-enditem|p1a: Great Tusk|Booster Energy
|-activate|p1a: Great Tusk|ability: Protosynthesis|[fromitem]
|-start|p1a: Great Tusk|protosynthesisspe
|turn|20
|
|t:|1781111192
|move|p1a: Great Tusk|Headlong Rush|p2a: Kyurem
|-damage|p2a: Kyurem|0 fnt
|-unboost|p1a: Great Tusk|def|1
|-unboost|p1a: Great Tusk|spd|1
|faint|p2a: Kyurem
|
|upkeep
|
|t:|1781111198
|switch|p2a: Zamazenta|Zamazenta|100/100
|turn|21
|
|t:|1781111202
|-end|p1a: Great Tusk|Protosynthesis|[silent]
|switch|p1a: Zapdos|Zapdos|100/100
|move|p2a: Zamazenta|Ice Fang|p1a: Zapdos
|-supereffective|p1a: Zapdos
|-damage|p1a: Zapdos|61/100
|-damage|p2a: Zamazenta|84/100|[from] item: Rocky Helmet|[of] p1a: Zapdos
|-status|p2a: Zamazenta|par|[from] ability: Static|[of] p1a: Zapdos
|
|upkeep
|turn|22
|
|t:|1781111206
|switch|p2a: Cinderace|Cinderace, F|100/100
|move|p1a: Zapdos|Roost|p1a: Zapdos
|-heal|p1a: Zapdos|100/100
|-singleturn|p1a: Zapdos|move: Roost
|
|upkeep
|turn|23
|
|t:|1781111211
|move|p2a: Cinderace|Will-O-Wisp|p1a: Zapdos
|-status|p1a: Zapdos|brn
|move|p1a: Zapdos|Discharge|p2a: Cinderace
|-damage|p2a: Cinderace|54/100
|-status|p2a: Cinderace|par
|
|-damage|p1a: Zapdos|94/100 brn|[from] brn
|upkeep
|turn|24
|
|t:|1781111226
|move|p1a: Zapdos|Hurricane|p2a: Cinderace
|-damage|p2a: Cinderace|0 fnt
|faint|p2a: Cinderace
|
|-damage|p1a: Zapdos|88/100 brn|[from] brn
|upkeep
|
|t:|1781111231
|switch|p2a: Zamazenta|Zamazenta|84/100 par
|turn|25
|
|t:|1781111234
|move|p1a: Zapdos|Hurricane|p2a: Zamazenta
|-supereffective|p2a: Zamazenta
|-damage|p2a: Zamazenta|0 fnt
|faint|p2a: Zamazenta
|
|-damage|p1a: Zapdos|82/100 brn|[from] brn
|upkeep
|
|t:|1781111236
|switch|p2a: Corviknight|Corviknight, M|74/100
|-ability|p2a: Corviknight|Pressure
|turn|26
|-message|The real kurt tay forfeited.
|
|win|Thatwiz
|raw|Thatwiz's rating: 1569 &rarr; <strong>1592</strong><br />(+23 for winning)
|raw|The real kurt tay's rating: 1617 &rarr; <strong>1594</strong><br />(-23 for losing)
|l|☆The real kurt tay
|player|p2|
|l|☆Thatwiz
|player|p1|
