|badge|p2|bronze|gen9randombattle|100-9
|badge|p2|bronze|gen9ru|100-9
|uhtml|medal-msg|<div class="broadcast-blue">Curious what those medals under the avatar are? PS now has Ladder Seasons! For more information, check out the <a href="https://www.smogon.com/forums/threads/3740067/">thread on Smogon.</a></div>
|j|☆sylvr7070
|j|☆phantasmiccat
|t:|1781496470
|gametype|singles
|player|p1|sylvr7070|fairytalegirl|1640
|player|p2|phantasmiccat|miku-grass|1583
|gen|9
|tier|[Gen 9] OU
|rated|
|rule|HP Percentage Mod: HP is shown in percentages
|rule|Endless Battle Clause: Forcing endless battles is banned
|rule|Species Clause: Limit one of each Pokémon
|rule|OHKO Clause: OHKO moves are banned
|rule|Evasion Items Clause: Evasion items are banned
|rule|Evasion Moves Clause: Evasion moves are banned
|rule|Evasion Abilities Clause: Evasion abilities are banned
|rule|Sleep Moves Clause: Sleep-inducing moves are banned
|clearpoke
|poke|p1|Torkoal, M|
|poke|p1|Weezing-Galar, M|
|poke|p1|Walking Wake|
|poke|p1|Raging Bolt|
|poke|p1|Kingambit, F|
|poke|p1|Great Tusk|
|poke|p2|Dragonite, F|
|poke|p2|Great Tusk|
|poke|p2|Iron Crown|
|poke|p2|Iron Moth|
|poke|p2|Ogerpon, F|
|poke|p2|Primarina, F|
|teampreview
|inactive|Battle timer is ON: inactive players will automatically lose when time's up. (requested by sylvr7070)
|
|t:|1781496483
|teamsize|p1|6
|teamsize|p2|6
|start
|switch|p1a: sunpig|Torkoal, M|100/100
|switch|p2a: Great Tusk|Great Tusk|100/100
|-weather|SunnyDay|[from] ability: Drought|[of] p1a: sunpig
|-activate|p2a: Great Tusk|ability: Protosynthesis
|-start|p2a: Great Tusk|protosynthesisatk
|turn|1
|
|t:|1781496487
|switch|p1a: spinpig 3|Weezing-Galar, M|100/100
|move|p2a: Great Tusk|Stealth Rock|p1a: spinpig 3
|-sidestart|p1: sylvr7070|move: Stealth Rock
|
|-weather|SunnyDay|[upkeep]
|upkeep
|turn|2
|
|t:|1781496491
|-end|p2a: Great Tusk|Protosynthesis|[silent]
|switch|p2a: Iron Moth|Iron Moth|100/100
|-enditem|p2a: Iron Moth|Booster Energy
|-activate|p2a: Iron Moth|ability: Quark Drive|[fromitem]
|-start|p2a: Iron Moth|quarkdrivespe
|move|p1a: spinpig 3|Strange Steam|p2a: Iron Moth
|-resisted|p2a: Iron Moth
|-damage|p2a: Iron Moth|93/100
|
|-weather|SunnyDay|[upkeep]
|upkeep
|turn|3
|
|t:|1781496495
|move|p2a: Iron Moth|Substitute|p2a: Iron Moth
|-start|p2a: Iron Moth|Substitute
|-damage|p2a: Iron Moth|68/100
|move|p1a: spinpig 3|Defog|p2a: Iron Moth
|-sideend|p1: sylvr7070|Stealth Rock|[from] move: Defog|[of] p1a: spinpig 3
|
|-weather|SunnyDay|[upkeep]
|upkeep
|turn|4
|
|t:|1781496506
|move|p2a: Iron Moth|Fiery Dance|p1a: spinpig 3
|-damage|p1a: spinpig 3|16/100
|-enditem|p1a: spinpig 3|Eject Button
|
|t:|1781496509
|switch|p1a: sweeppig|Walking Wake|100/100
|-activate|p1a: sweeppig|ability: Protosynthesis
|-start|p1a: sweeppig|protosynthesisspe
|
|-weather|SunnyDay|[upkeep]
|upkeep
|turn|5
|
|t:|1781496519
|move|p2a: Iron Moth|Dazzling Gleam|p1a: sweeppig
|-supereffective|p1a: sweeppig
|-damage|p1a: sweeppig|36/100
|move|p1a: sweeppig|Hydro Steam|p2a: Iron Moth
|-supereffective|p2a: Iron Moth
|-end|p2a: Iron Moth|Substitute
|
|-weather|SunnyDay|[upkeep]
|upkeep
|turn|6
|
|t:|1781496524
|-end|p1a: sweeppig|Protosynthesis|[silent]
|switch|p1a: spinpig 3|Weezing-Galar, M|16/100
|move|p2a: Iron Moth|Dazzling Gleam|p1a: spinpig 3
|-resisted|p1a: spinpig 3
|-damage|p1a: spinpig 3|0 fnt
|faint|p1a: spinpig 3
|
|-weather|SunnyDay|[upkeep]
|upkeep
|
|t:|1781496529
|switch|p1a: killpig|Raging Bolt|100/100
|-activate|p1a: killpig|ability: Protosynthesis
|-start|p1a: killpig|protosynthesisspa
|turn|7
|
|t:|1781496535
|move|p2a: Iron Moth|Dazzling Gleam|p1a: killpig
|-supereffective|p1a: killpig
|-damage|p1a: killpig|51/100
|move|p1a: killpig|Dragon Pulse|p2a: Iron Moth
|-damage|p2a: Iron Moth|0 fnt
|faint|p2a: Iron Moth
|-end|p2a: Iron Moth|Quark Drive|[silent]
|-damage|p1a: killpig|41/100|[from] item: Life Orb
|
|-weather|SunnyDay|[upkeep]
|upkeep
|
|t:|1781496549
|switch|p2a: Great Tusk|Great Tusk|100/100
|-activate|p2a: Great Tusk|ability: Protosynthesis
|-start|p2a: Great Tusk|protosynthesisatk
|turn|8
|
|t:|1781496553
|-terastallize|p1a: killpig|Grass
|move|p2a: Great Tusk|Headlong Rush|p1a: killpig
|-resisted|p1a: killpig
|-damage|p1a: killpig|6/100
|-unboost|p2a: Great Tusk|def|1
|-unboost|p2a: Great Tusk|spd|1
|move|p1a: killpig|Solar Beam||[still]
|-prepare|p1a: killpig|Solar Beam
|-anim|p1a: killpig|Solar Beam|p2a: Great Tusk
|-supereffective|p2a: Great Tusk
|-damage|p2a: Great Tusk|0 fnt
|faint|p2a: Great Tusk
|-end|p2a: Great Tusk|Protosynthesis|[silent]
|-damage|p1a: killpig|0 fnt|[from] item: Life Orb
|faint|p1a: killpig
|-end|p1a: killpig|Protosynthesis|[silent]
|
|-weather|none
|upkeep
|
|t:|1781496563
|switch|p2a: Primarina|Primarina, F|100/100
|switch|p1a: sunpig|Torkoal, M|100/100
|-weather|SunnyDay|[from] ability: Drought|[of] p1a: sunpig
|turn|9
|
|t:|1781496565
|move|p2a: Primarina|Substitute|p2a: Primarina
|-start|p2a: Primarina|Substitute
|-damage|p2a: Primarina|76/100
|move|p1a: sunpig|Stealth Rock|p2a: Primarina
|-sidestart|p2: phantasmiccat|move: Stealth Rock
|
|-weather|SunnyDay|[upkeep]
|-heal|p2a: Primarina|82/100|[from] item: Leftovers
|upkeep
|turn|10
|
|t:|1781496569
|move|p2a: Primarina|Calm Mind|p2a: Primarina
|-boost|p2a: Primarina|spa|1
|-boost|p2a: Primarina|spd|1
|move|p1a: sunpig|Earthquake|p2a: Primarina
|-activate|p2a: Primarina|move: Substitute|[damage]
|
|-weather|SunnyDay|[upkeep]
|-heal|p2a: Primarina|88/100|[from] item: Leftovers
|upkeep
|turn|11
|
|t:|1781496574
|move|p2a: Primarina|Psychic Noise|p1a: sunpig
|-supereffective|p1a: sunpig
|-damage|p1a: sunpig|60/100
|-start|p1a: sunpig|move: Heal Block
|move|p1a: sunpig|Earthquake|p2a: Primarina
|-end|p2a: Primarina|Substitute
|
|-weather|SunnyDay|[upkeep]
|-heal|p2a: Primarina|94/100|[from] item: Leftovers
|upkeep
|turn|12
|
|t:|1781496578
|move|p2a: Primarina|Substitute|p2a: Primarina
|-start|p2a: Primarina|Substitute
|-damage|p2a: Primarina|69/100
|move|p1a: sunpig|Earthquake|p2a: Primarina
|-activate|p2a: Primarina|move: Substitute|[damage]
|
|-weather|SunnyDay|[upkeep]
|-heal|p2a: Primarina|75/100|[from] item: Leftovers
|-end|p1a: sunpig|move: Heal Block
|upkeep
|turn|13
|
|t:|1781496581
|move|p2a: Primarina|Psychic Noise|p1a: sunpig
|-supereffective|p1a: sunpig
|-damage|p1a: sunpig|22/100
|-start|p1a: sunpig|move: Heal Block
|move|p1a: sunpig|Earthquake|p2a: Primarina
|-end|p2a: Primarina|Substitute
|
|-weather|SunnyDay|[upkeep]
|-heal|p2a: Primarina|81/100|[from] item: Leftovers
|upkeep
|turn|14
|
|t:|1781496583
|move|p2a: Primarina|Substitute|p2a: Primarina
|-start|p2a: Primarina|Substitute
|-damage|p2a: Primarina|56/100
|move|p1a: sunpig|Earthquake|p2a: Primarina
|-activate|p2a: Primarina|move: Substitute|[damage]
|
|-weather|SunnyDay|[upkeep]
|-heal|p2a: Primarina|62/100|[from] item: Leftovers
|-end|p1a: sunpig|move: Heal Block
|upkeep
|turn|15
|
|t:|1781496590
|move|p2a: Primarina|Draining Kiss|p1a: sunpig
|-resisted|p1a: sunpig
|-damage|p1a: sunpig|7/100
|-heal|p2a: Primarina|73/100|[from] drain|[of] p1a: sunpig
|move|p1a: sunpig|Earthquake|p2a: Primarina
|-end|p2a: Primarina|Substitute
|
|-weather|SunnyDay|[upkeep]
|-heal|p2a: Primarina|79/100|[from] item: Leftovers
|upkeep
|turn|16
|
|t:|1781496593
|move|p2a: Primarina|Substitute|p2a: Primarina
|-start|p2a: Primarina|Substitute
|-damage|p2a: Primarina|54/100
|move|p1a: sunpig|Earthquake|p2a: Primarina
|-activate|p2a: Primarina|move: Substitute|[damage]
|
|-weather|none
|-heal|p2a: Primarina|60/100|[from] item: Leftovers
|upkeep
|turn|17
|
|t:|1781496595
|move|p2a: Primarina|Draining Kiss|p1a: sunpig
|-resisted|p1a: sunpig
|-damage|p1a: sunpig|0 fnt
|-heal|p2a: Primarina|65/100|[from] drain|[of] p1a: sunpig
|faint|p1a: sunpig
|
|-heal|p2a: Primarina|71/100|[from] item: Leftovers
|upkeep
|
|t:|1781496597
|switch|p1a: goodpig|Kingambit, F|100/100
|-activate|p1a: goodpig|ability: Supreme Overlord
|-start|p1a: goodpig|fallen3|[silent]
|turn|18
|
|t:|1781496602
|move|p2a: Primarina|Psychic Noise|p1a: goodpig
|-damage|p1a: goodpig|56/100
|-start|p1a: goodpig|move: Heal Block
|move|p1a: goodpig|Iron Head|p2a: Primarina
|-end|p2a: Primarina|Substitute
|
|-heal|p2a: Primarina|77/100|[from] item: Leftovers
|upkeep
|turn|19
|
|t:|1781496608
|move|p2a: Primarina|Draining Kiss|p1a: goodpig
|-crit|p1a: goodpig
|-damage|p1a: goodpig|10/100
|-heal|p2a: Primarina|100/100|[from] drain|[of] p1a: goodpig
|move|p1a: goodpig|Iron Head|p2a: Primarina
|-damage|p2a: Primarina|54/100
|
|-heal|p2a: Primarina|60/100|[from] item: Leftovers
|-end|p1a: goodpig|move: Heal Block
|upkeep
|turn|20
|
|t:|1781496615
|move|p1a: goodpig|Sucker Punch|p2a: Primarina
|-resisted|p2a: Primarina
|-damage|p2a: Primarina|40/100
|move|p2a: Primarina|Draining Kiss|p1a: goodpig
|-damage|p1a: goodpig|0 fnt
|-heal|p2a: Primarina|48/100|[from] drain|[of] p1a: goodpig
|faint|p1a: goodpig
|-end|p1a: goodpig|fallen3|[silent]
|
|-heal|p2a: Primarina|54/100|[from] item: Leftovers
|upkeep
|
|t:|1781496617
|switch|p1a: spinpig 2|Great Tusk|100/100
|turn|21
|
|t:|1781496623
|move|p1a: spinpig 2|Headlong Rush|p2a: Primarina
|-damage|p2a: Primarina|0 fnt
|-unboost|p1a: spinpig 2|def|1
|-unboost|p1a: spinpig 2|spd|1
|faint|p2a: Primarina
|
|upkeep
|
|t:|1781496646
|switch|p2a: Ogerpon|Ogerpon, F|100/100
|turn|22
|
|t:|1781496649
|-end|p1a: spinpig 2|Protosynthesis|[silent]
|switch|p1a: sweeppig|Walking Wake|36/100
|move|p2a: Ogerpon|Ivy Cudgel|p1a: sweeppig
|-damage|p1a: sweeppig|0 fnt
|faint|p1a: sweeppig
|-end|p1a: sweeppig|Protosynthesis|[silent]
|
|upkeep
|
|t:|1781496651
|switch|p1a: spinpig 2|Great Tusk|100/100
|turn|23
|
|t:|1781496654
|move|p2a: Ogerpon|Ivy Cudgel|p1a: spinpig 2
|-supereffective|p1a: spinpig 2
|-damage|p1a: spinpig 2|32/100
|move|p1a: spinpig 2|Rapid Spin|p2a: Ogerpon
|-damage|p2a: Ogerpon|73/100
|-boost|p1a: spinpig 2|spe|1
|
|upkeep
|turn|24
|
|t:|1781496662
|move|p1a: spinpig 2|Ice Spinner|p2a: Ogerpon
|-supereffective|p2a: Ogerpon
|-crit|p2a: Ogerpon
|-damage|p2a: Ogerpon|0 fnt
|faint|p2a: Ogerpon
|
|upkeep
|
|t:|1781496670
|switch|p2a: Dragonite|Dragonite, F|100/100
|-damage|p2a: Dragonite|76/100|[from] Stealth Rock
|turn|25
|
|t:|1781496673
|-terastallize|p2a: Dragonite|Normal
|move|p2a: Dragonite|Extreme Speed|p1a: spinpig 2
|-damage|p1a: spinpig 2|0 fnt
|faint|p1a: spinpig 2
|-end|p1a: spinpig 2|Protosynthesis|[silent]
|
|win|phantasmiccat
|raw|sylvr7070's rating: 1640 &rarr; <strong>1617</strong><br />(-23 for losing)
|raw|phantasmiccat's rating: 1583 &rarr; <strong>1606</strong><br />(+23 for winning)
|c|☆sylvr7070|gg
|l|☆sylvr7070
|player|p1|
|c|☆phantasmiccat|gg
|l|☆phantasmiccat
|player|p2|
