|j|☆ClapEmCheeks
|j|☆just2us
|t:|1781576097
|gametype|singles
|player|p1|ClapEmCheeks|interviewers|1519
|player|p2|just2us|veteranf|1595
|gen|9
|tier|[Gen 9] OU
|rated|
|rule|HP Percentage Mod: HP is shown in percentages
|rule|Endless Battle Clause: Forcing endless battles is banned
|rule|Species Clause: Limit one of each Pokémon
|rule|OHKO Clause: OHKO moves are banned
|rule|Evasion Items Clause: Evasion items are banned
|rule|Evasion Moves Clause: Evasion moves are banned
|rule|Evasion Abilities Clause: Evasion abilities are banned
|rule|Sleep Moves Clause: Sleep-inducing moves are banned
|clearpoke
|poke|p1|Keldeo-Resolute|
|poke|p1|Garchomp, M|
|poke|p1|Cresselia, F|
|poke|p1|Moltres|
|poke|p1|Gholdengo|
|poke|p1|Dragonite, F|
|poke|p2|Garganacl, F|
|poke|p2|Pecharunt|
|poke|p2|Moltres|
|poke|p2|Ogerpon-Wellspring, F|
|poke|p2|Kingambit, F|
|poke|p2|Great Tusk|
|teampreview
|inactive|Battle timer is ON: inactive players will automatically lose when time's up. (requested by ClapEmCheeks)
|
|t:|1781576119
|teamsize|p1|6
|teamsize|p2|6
|start
|switch|p1a: Keldeo|Keldeo-Resolute|100/100
|switch|p2a: Great Tusk|Great Tusk|100/100
|turn|1
|
|t:|1781576127
|-end|p2a: Great Tusk|Protosynthesis|[silent]
|switch|p2a: Ogerpon|Ogerpon-Wellspring, F|100/100
|move|p1a: Keldeo|Surf|p2a: Ogerpon
|-immune|p2a: Ogerpon|[from] ability: Water Absorb
|
|upkeep
|turn|2
|
|t:|1781576135
|switch|p1a: Garchomp|Garchomp, M|100/100
|move|p2a: Ogerpon|Ivy Cudgel|p1a: Garchomp|[anim] Ivy Cudgel Water
|-damage|p1a: Garchomp|64/100
|
|upkeep
|turn|3
|
|t:|1781576137
|move|p2a: Ogerpon|Ivy Cudgel|p1a: Garchomp|[anim] Ivy Cudgel Water
|-damage|p1a: Garchomp|27/100
|move|p1a: Garchomp|Stealth Rock|p2a: Ogerpon
|-sidestart|p2: just2us|move: Stealth Rock
|
|upkeep
|turn|4
|
|t:|1781576142
|switch|p1a: Cresselia|Cresselia, F|100/100
|move|p2a: Ogerpon|Ivy Cudgel|p1a: Cresselia|[anim] Ivy Cudgel Water
|-damage|p1a: Cresselia|70/100
|
|upkeep
|turn|5
|
|t:|1781576147
|move|p2a: Ogerpon|Swords Dance|p2a: Ogerpon
|-boost|p2a: Ogerpon|atk|2
|move|p1a: Cresselia|Moonblast|p2a: Ogerpon
|-damage|p2a: Ogerpon|82/100
|-unboost|p2a: Ogerpon|spa|1
|
|upkeep
|turn|6
|
|t:|1781576155
|move|p2a: Ogerpon|Ivy Cudgel|p1a: Cresselia|[anim] Ivy Cudgel Water
|-damage|p1a: Cresselia|10/100
|move|p1a: Cresselia|Moonblast|p2a: Ogerpon
|-damage|p2a: Ogerpon|59/100
|-unboost|p2a: Ogerpon|spa|1
|
|upkeep
|turn|7
|
|t:|1781576160
|move|p2a: Ogerpon|Horn Leech|p1a: Cresselia
|-damage|p1a: Cresselia|0 fnt
|-heal|p2a: Ogerpon|66/100|[from] drain|[of] p1a: Cresselia
|faint|p1a: Cresselia
|
|upkeep
|
|t:|1781576168
|switch|p1a: Dragonite|Dragonite, F|100/100
|turn|8
|
|t:|1781576181
|switch|p2a: Moltres|Moltres|100/100
|move|p1a: Dragonite|Dragon Tail|p2a: Moltres
|-damage|p2a: Moltres|65/100
|drag|p2a: Kingambit|Kingambit, F|100/100
|-damage|p2a: Kingambit|94/100|[from] Stealth Rock
|
|-heal|p2a: Kingambit|100/100|[from] item: Leftovers
|upkeep
|turn|9
|
|t:|1781576192
|switch|p1a: Garchomp|Garchomp, M|27/100
|-end|p2a: Kingambit|fallenundefined|[silent]
|switch|p2a: Pecharunt|Pecharunt|100/100
|-damage|p2a: Pecharunt|88/100|[from] Stealth Rock
|
|upkeep
|turn|10
|
|t:|1781576197
|move|p1a: Garchomp|Spikes|p2a: Pecharunt
|-sidestart|p2: just2us|Spikes
|move|p2a: Pecharunt|Parting Shot|p1a: Garchomp
|-unboost|p1a: Garchomp|atk|1
|-unboost|p1a: Garchomp|spa|1
|
|t:|1781576206
|switch|p2a: Great Tusk|Great Tusk|100/100|[from] Parting Shot
|-damage|p2a: Great Tusk|98/100|[from] Stealth Rock
|-damage|p2a: Great Tusk|85/100|[from] Spikes
|
|upkeep
|turn|11
|
|t:|1781576210
|-terastallize|p1a: Garchomp|Ghost
|move|p1a: Garchomp|Spikes|p2a: Great Tusk
|-sidestart|p2: just2us|Spikes
|move|p2a: Great Tusk|Ice Spinner|p1a: Garchomp
|-damage|p1a: Garchomp|6/100
|-damage|p2a: Great Tusk|73/100|[from] ability: Rough Skin|[of] p1a: Garchomp
|-damage|p2a: Great Tusk|56/100|[from] item: Rocky Helmet|[of] p1a: Garchomp
|
|upkeep
|turn|12
|
|t:|1781576218
|move|p1a: Garchomp|Spikes|p2a: Great Tusk
|-sidestart|p2: just2us|Spikes
|move|p2a: Great Tusk|Headlong Rush|p1a: Garchomp
|-damage|p1a: Garchomp|0 fnt
|-unboost|p2a: Great Tusk|def|1
|-unboost|p2a: Great Tusk|spd|1
|-damage|p2a: Great Tusk|44/100|[from] ability: Rough Skin|[of] p1a: Garchomp
|-damage|p2a: Great Tusk|27/100|[from] item: Rocky Helmet|[of] p1a: Garchomp
|faint|p1a: Garchomp
|
|upkeep
|
|t:|1781576222
|switch|p1a: Gholdengo|Gholdengo|100/100
|turn|13
|
|t:|1781576236
|-end|p2a: Great Tusk|Protosynthesis|[silent]
|switch|p2a: Moltres|Moltres|65/100
|move|p1a: Gholdengo|Make It Rain|p2a: Moltres
|-resisted|p2a: Moltres
|-damage|p2a: Moltres|41/100
|-unboost|p1a: Gholdengo|spa|1
|
|upkeep
|turn|14
|
|t:|1781576248
|switch|p1a: Keldeo|Keldeo-Resolute|100/100
|move|p2a: Moltres|U-turn|p1a: Keldeo
|-resisted|p1a: Keldeo
|-damage|p1a: Keldeo|93/100
|
|t:|1781576250
|switch|p2a: Ogerpon|Ogerpon-Wellspring, F|66/100|[from] U-turn
|-damage|p2a: Ogerpon|54/100|[from] Stealth Rock
|-damage|p2a: Ogerpon|29/100|[from] Spikes
|
|upkeep
|turn|15
|
|t:|1781576255
|move|p1a: Keldeo|Vacuum Wave|p2a: Ogerpon
|-damage|p2a: Ogerpon|3/100
|move|p2a: Ogerpon|Ivy Cudgel|p1a: Keldeo|[anim] Ivy Cudgel Water
|-resisted|p1a: Keldeo
|-damage|p1a: Keldeo|59/100
|
|upkeep
|turn|16
|inactive|just2us has 120 seconds left.
|
|t:|1781576296
|switch|p2a: Pecharunt|Pecharunt|88/100
|-damage|p2a: Pecharunt|76/100|[from] Stealth Rock
|-damage|p2a: Pecharunt|51/100|[from] Spikes
|move|p1a: Keldeo|Vacuum Wave|p2a: Pecharunt
|-immune|p2a: Pecharunt
|
|upkeep
|turn|17
|
|t:|1781576305
|move|p1a: Keldeo|Flip Turn|p2a: Pecharunt
|-damage|p2a: Pecharunt|44/100
|-damage|p1a: Keldeo|43/100|[from] item: Rocky Helmet|[of] p2a: Pecharunt
|
|t:|1781576307
|switch|p1a: Gholdengo|Gholdengo|100/100|[from] Flip Turn
|move|p2a: Pecharunt|Recover|p2a: Pecharunt
|-heal|p2a: Pecharunt|94/100
|
|upkeep
|turn|18
|
|t:|1781576311
|switch|p2a: Kingambit|Kingambit, F|100/100
|-damage|p2a: Kingambit|94/100|[from] Stealth Rock
|-damage|p2a: Kingambit|69/100|[from] Spikes
|move|p1a: Gholdengo|Shadow Ball|p2a: Kingambit
|-resisted|p2a: Kingambit
|-damage|p2a: Kingambit|50/100
|
|-heal|p2a: Kingambit|56/100|[from] item: Leftovers
|upkeep
|turn|19
|
|t:|1781576326
|switch|p1a: Moltres|Moltres|100/100
|-ability|p1a: Moltres|Pressure
|move|p2a: Kingambit|Kowtow Cleave|p1a: Moltres
|-damage|p1a: Moltres|48/100
|
|-heal|p2a: Kingambit|62/100|[from] item: Leftovers
|upkeep
|turn|20
|inactive|just2us has 120 seconds left.
|inactive|ClapEmCheeks has 120 seconds left.
|
|t:|1781576369
|-end|p2a: Kingambit|fallenundefined|[silent]
|switch|p2a: Garganacl|Garganacl, F, shiny|100/100
|-damage|p2a: Garganacl|88/100|[from] Stealth Rock
|-damage|p2a: Garganacl|63/100|[from] Spikes
|move|p1a: Moltres|Flamethrower|p2a: Garganacl
|-resisted|p2a: Garganacl
|-crit|p2a: Garganacl
|-damage|p2a: Garganacl|46/100
|
|-heal|p2a: Garganacl|52/100|[from] item: Leftovers
|upkeep
|turn|21
|
|t:|1781576373
|move|p1a: Moltres|U-turn|p2a: Garganacl
|-damage|p2a: Garganacl|43/100
|
|t:|1781576375
|switch|p1a: Gholdengo|Gholdengo|100/100|[from] U-turn
|move|p2a: Garganacl|Salt Cure|p1a: Gholdengo
|-resisted|p1a: Gholdengo
|-damage|p1a: Gholdengo|92/100
|-start|p1a: Gholdengo|Salt Cure
|
|-heal|p2a: Garganacl|49/100|[from] item: Leftovers
|-damage|p1a: Gholdengo|67/100|[from] Salt Cure
|upkeep
|turn|22
|
|t:|1781576384
|move|p2a: Garganacl|Protect|p2a: Garganacl
|-singleturn|p2a: Garganacl|Protect
|move|p1a: Gholdengo|Trick|p2a: Garganacl
|-activate|p2a: Garganacl|move: Protect
|
|-heal|p2a: Garganacl|55/100|[from] item: Leftovers
|-damage|p1a: Gholdengo|42/100|[from] Salt Cure
|upkeep
|turn|23
|inactive|just2us has 120 seconds left.
|inactive|just2us has 90 seconds left.
|
|t:|1781576436
|switch|p2a: Great Tusk|Great Tusk|27/100
|-damage|p2a: Great Tusk|24/100|[from] Stealth Rock
|-damage|p2a: Great Tusk|0 fnt|[from] Spikes
|faint|p2a: Great Tusk
|-end|p2a: Great Tusk|Protosynthesis|[silent]
|move|p1a: Gholdengo|Trick|p2: Great Tusk|[notarget]
|-fail|p1a: Gholdengo
|
|-damage|p1a: Gholdengo|17/100|[from] Salt Cure
|upkeep
|inactive|just2us has 60 seconds left.
|
|t:|1781576458
|switch|p2a: Ogerpon|Ogerpon-Wellspring, F|3/100
|-damage|p2a: Ogerpon|0 fnt|[from] Stealth Rock
|faint|p2a: Ogerpon
|inactive|just2us has 60 seconds left.
|
|t:|1781576485
|switch|p2a: Moltres|Moltres|41/100
|turn|24
|
|t:|1781576493
|switch|p1a: Keldeo|Keldeo-Resolute|43/100
|move|p2a: Moltres|Flamethrower|p1a: Keldeo
|-resisted|p1a: Keldeo
|-damage|p1a: Keldeo|22/100
|
|upkeep
|turn|25
|
|t:|1781576499
|move|p1a: Keldeo|Surf|p2a: Moltres
|-supereffective|p2a: Moltres
|-damage|p2a: Moltres|0 fnt
|faint|p2a: Moltres
|
|upkeep
|inactive|just2us has 30 seconds left.
|
|t:|1781576529
|switch|p2a: Kingambit|Kingambit, F|62/100
|-damage|p2a: Kingambit|56/100|[from] Stealth Rock
|-damage|p2a: Kingambit|31/100|[from] Spikes
|-activate|p2a: Kingambit|ability: Supreme Overlord
|-start|p2a: Kingambit|fallen3|[silent]
|turn|26
|
|t:|1781576534
|move|p1a: Keldeo|Vacuum Wave|p2a: Kingambit
|-supereffective|p2a: Kingambit
|-damage|p2a: Kingambit|0 fnt
|faint|p2a: Kingambit
|-end|p2a: Kingambit|fallen3|[silent]
|
|upkeep
|
|t:|1781576540
|switch|p2a: Pecharunt|Pecharunt|94/100
|-damage|p2a: Pecharunt|82/100|[from] Stealth Rock
|-damage|p2a: Pecharunt|57/100|[from] Spikes
|turn|27
|
|t:|1781576545
|switch|p1a: Moltres|Moltres|48/100
|-ability|p1a: Moltres|Pressure
|move|p2a: Pecharunt|Foul Play|p1a: Moltres
|-damage|p1a: Moltres|30/100
|
|upkeep
|turn|28
|
|t:|1781576547
|move|p1a: Moltres|Flamethrower|p2a: Pecharunt
|-damage|p2a: Pecharunt|19/100
|move|p2a: Pecharunt|Malignant Chain|p1a: Moltres
|-damage|p1a: Moltres|8/100
|-status|p1a: Moltres|tox
|-start|p1a: Moltres|confusion|[from] ability: Poison Puppeteer|[of] p2a: Pecharunt
|
|-damage|p1a: Moltres|2/100 tox|[from] psn
|upkeep
|turn|29
|
|t:|1781576550
|move|p2a: Pecharunt|Recover|p2a: Pecharunt
|-heal|p2a: Pecharunt|69/100
|-activate|p1a: Moltres|confusion
|move|p1a: Moltres|Roar|p2a: Pecharunt
|drag|p2a: Garganacl|Garganacl, F, shiny|55/100
|-damage|p2a: Garganacl|43/100|[from] Stealth Rock
|-damage|p2a: Garganacl|18/100|[from] Spikes
|
|-heal|p2a: Garganacl|24/100|[from] item: Leftovers
|-damage|p1a: Moltres|0 fnt|[from] psn
|faint|p1a: Moltres
|upkeep
|
|t:|1781576553
|switch|p1a: Keldeo|Keldeo-Resolute|22/100
|turn|30
|
|t:|1781576562
|-terastallize|p2a: Garganacl|Flying
|move|p1a: Keldeo|Surf|p2a: Garganacl
|-damage|p2a: Garganacl|0 fnt
|faint|p2a: Garganacl
|
|upkeep
|-message|just2us forfeited.
|
|win|ClapEmCheeks
|raw|ClapEmCheeks's rating: 1519 &rarr; <strong>1543</strong><br />(+24 for winning)
|raw|just2us's rating: 1595 &rarr; <strong>1571</strong><br />(-24 for losing)
|l|☆just2us
|player|p2|
|l|☆ClapEmCheeks
|player|p1|
