|j|☆cachowcapow
|j|☆juli<33
|t:|1780931432
|gametype|singles
|player|p1|cachowcapow|102|1710
|player|p2|juli<33|caitlin-masters|1669
|gen|9
|tier|[Gen 9] OU
|rated|
|rule|HP Percentage Mod: HP is shown in percentages
|rule|Endless Battle Clause: Forcing endless battles is banned
|rule|Species Clause: Limit one of each Pokémon
|rule|OHKO Clause: OHKO moves are banned
|rule|Evasion Items Clause: Evasion items are banned
|rule|Evasion Moves Clause: Evasion moves are banned
|rule|Evasion Abilities Clause: Evasion abilities are banned
|rule|Sleep Moves Clause: Sleep-inducing moves are banned
|clearpoke
|poke|p1|Primarina, M|
|poke|p1|Slither Wing|
|poke|p1|Slowking-Galar, F|
|poke|p1|Great Tusk|
|poke|p1|Meowscarada, M|
|poke|p1|Gardevoir, F|
|poke|p2|Great Tusk|
|poke|p2|Slowking-Galar, M|
|poke|p2|Corviknight, F|
|poke|p2|Clefable, F|
|poke|p2|Samurott-Hisui, F|
|poke|p2|Dragapult, F|
|teampreview
|inactive|Battle timer is ON: inactive players will automatically lose when time's up. (requested by juli<33)
|j| Mega Delibird X
|
|t:|1780931441
|teamsize|p1|6
|teamsize|p2|6
|start
|switch|p1a: Meowscarada|Meowscarada, M|100/100
|switch|p2a: Bull's-eye|Dragapult, F, shiny|100/100
|turn|1
|
|t:|1780931445
|switch|p2a: Voyageur|Corviknight, F|100/100
|-ability|p2a: Voyageur|Pressure
|move|p1a: Meowscarada|Knock Off|p2a: Voyageur
|-start|p1a: Meowscarada|typechange|Dark|[from] ability: Protean
|-damage|p2a: Voyageur|73/100
|-damage|p1a: Meowscarada|84/100|[from] item: Rocky Helmet|[of] p2a: Voyageur
|-enditem|p2a: Voyageur|Rocky Helmet|[from] move: Knock Off|[of] p1a: Meowscarada
|
|upkeep
|turn|2
|
|t:|1780931449
|switch|p1a: Slither Wing|Slither Wing|100/100
|move|p2a: Voyageur|U-turn|p1a: Slither Wing
|-resisted|p1a: Slither Wing
|-damage|p1a: Slither Wing|95/100
|-damage|p2a: Voyageur|56/100|[from] item: Rocky Helmet|[of] p1a: Slither Wing
|
|t:|1780931456
|switch|p2a: P!nk|Clefable, F|100/100|[from] U-turn
|
|upkeep
|turn|3
|j| SUBMACHINEGOTH
|
|t:|1780931471
|move|p2a: P!nk|Knock Off|p1a: Slither Wing
|-resisted|p1a: Slither Wing
|-damage|p1a: Slither Wing|89/100
|-enditem|p1a: Slither Wing|Rocky Helmet|[from] move: Knock Off|[of] p2a: P!nk
|move|p1a: Slither Wing|U-turn|p2a: P!nk
|-resisted|p2a: P!nk
|-damage|p2a: P!nk|89/100
|l| SUBMACHINEGOTH
|
|t:|1780931484
|-end|p1a: Slither Wing|Protosynthesis|[silent]
|switch|p1a: Primarina|Primarina, M, shiny|100/100|[from] U-turn
|
|-heal|p2a: P!nk|95/100|[from] item: Leftovers
|upkeep
|turn|4
|
|t:|1780931489
|move|p1a: Primarina|Calm Mind|p1a: Primarina
|-boost|p1a: Primarina|spa|1
|-boost|p1a: Primarina|spd|1
|move|p2a: P!nk|Knock Off|p1a: Primarina
|-resisted|p1a: Primarina
|-damage|p1a: Primarina|94/100
|-enditem|p1a: Primarina|Leftovers|[from] move: Knock Off|[of] p2a: P!nk
|
|-heal|p2a: P!nk|100/100|[from] item: Leftovers
|upkeep
|turn|5
|
|t:|1780931496
|switch|p2a: Alchemist|Slowking-Galar, M|100/100
|move|p1a: Primarina|Encore||[still]
|-fail|p1a: Primarina
|
|upkeep
|turn|6
|
|t:|1780931500
|move|p1a: Primarina|Calm Mind|p1a: Primarina
|-boost|p1a: Primarina|spa|1
|-boost|p1a: Primarina|spd|1
|move|p2a: Alchemist|Sludge Bomb|p1a: Primarina
|-supereffective|p1a: Primarina
|-damage|p1a: Primarina|58/100
|
|upkeep
|turn|7
|
|t:|1780931503
|move|p1a: Primarina|Psychic Noise|p2a: Alchemist
|-damage|p2a: Alchemist|72/100
|-start|p2a: Alchemist|move: Heal Block
|move|p2a: Alchemist|Psyshock|p1a: Primarina
|-damage|p1a: Primarina|25/100
|
|upkeep
|turn|8
|
|t:|1780931511
|move|p1a: Primarina|Psychic Noise|p2a: Alchemist
|-damage|p2a: Alchemist|43/100
|move|p2a: Alchemist|Psyshock|p1a: Primarina
|-damage|p1a: Primarina|0 fnt
|faint|p1a: Primarina
|
|-end|p2a: Alchemist|move: Heal Block
|upkeep
|
|t:|1780931514
|switch|p1a: Meowscarada|Meowscarada, M|84/100
|turn|9
|
|t:|1780931525
|switch|p2a: P!nk|Clefable, F|100/100
|move|p1a: Meowscarada|U-turn|p2a: P!nk
|-start|p1a: Meowscarada|typechange|Bug|[from] ability: Protean
|-resisted|p2a: P!nk
|-damage|p2a: P!nk|87/100
|
|t:|1780931531
|switch|p1a: Gardevoir|Gardevoir, F, shiny|100/100|[from] U-turn
|-ability|p1a: Gardevoir|Magic Guard|Trace|[from] ability: Trace|[of] p2a: P!nk
|
|-heal|p2a: P!nk|93/100|[from] item: Leftovers
|upkeep
|turn|10
|
|t:|1780931538
|switch|p2a: Alchemist|Slowking-Galar, M|76/100
|-terastallize|p1a: Gardevoir|Fairy
|move|p1a: Gardevoir|Moonblast|p2a: Alchemist
|-resisted|p2a: Alchemist
|-damage|p2a: Alchemist|53/100
|
|upkeep
|turn|11
|
|t:|1780931545
|switch|p1a: Great Tusk|Great Tusk|100/100
|move|p2a: Alchemist|Psyshock|p1a: Great Tusk
|-supereffective|p1a: Great Tusk
|-damage|p1a: Great Tusk|46/100
|
|upkeep
|turn|12
|
|t:|1780931548
|switch|p2a: Voyageur|Corviknight, F|56/100
|-ability|p2a: Voyageur|Pressure
|move|p1a: Great Tusk|Knock Off|p2a: Voyageur
|-damage|p2a: Voyageur|43/100
|
|upkeep
|turn|13
|
|t:|1780931551
|-end|p1a: Great Tusk|Protosynthesis|[silent]
|switch|p1a: Gardevoir|Gardevoir, F, shiny, tera:Fairy|100/100
|-ability|p1a: Gardevoir|Pressure|Trace|[from] ability: Trace|[of] p2a: Voyageur
|-ability|p1a: Gardevoir|Pressure
|move|p2a: Voyageur|Roost|p2a: Voyageur
|-heal|p2a: Voyageur|93/100
|-singleturn|p2a: Voyageur|move: Roost
|
|upkeep
|turn|14
|
|t:|1780931556
|switch|p2a: Alchemist|Slowking-Galar, M|86/100
|move|p1a: Gardevoir|Psyshock|p2a: Alchemist
|-damage|p2a: Alchemist|19/100
|
|upkeep
|turn|15
|
|t:|1780931559
|switch|p1a: Slither Wing|Slither Wing|89/100
|switch|p2a: Jack|Samurott-Hisui, F, shiny|100/100
|
|upkeep
|turn|16
|
|t:|1780931570
|switch|p2a: Voyageur|Corviknight, F|93/100
|-ability|p2a: Voyageur|Pressure
|move|p1a: Slither Wing|U-turn|p2a: Voyageur
|-resisted|p2a: Voyageur
|-damage|p2a: Voyageur|88/100
|
|t:|1780931598
|-end|p1a: Slither Wing|Protosynthesis|[silent]
|switch|p1a: Gardevoir|Gardevoir, F, shiny, tera:Fairy|100/100|[from] U-turn
|-ability|p1a: Gardevoir|Pressure|Trace|[from] ability: Trace|[of] p2a: Voyageur
|-ability|p1a: Gardevoir|Pressure
|
|upkeep
|turn|17
|
|t:|1780931603
|move|p1a: Gardevoir|Moonblast|p2a: Voyageur
|-resisted|p2a: Voyageur
|-damage|p2a: Voyageur|40/100
|move|p2a: Voyageur|Roost|p2a: Voyageur
|-heal|p2a: Voyageur|90/100
|-singleturn|p2a: Voyageur|move: Roost
|
|upkeep
|turn|18
|
|t:|1780931606
|switch|p2a: Alchemist|Slowking-Galar, M|52/100
|move|p1a: Gardevoir|Moonblast|p2a: Alchemist
|-resisted|p2a: Alchemist
|-damage|p2a: Alchemist|27/100
|
|upkeep
|turn|19
|
|t:|1780931613
|move|p1a: Gardevoir|Moonblast|p2a: Alchemist
|-resisted|p2a: Alchemist
|-damage|p2a: Alchemist|2/100
|move|p2a: Alchemist|Sludge Bomb|p1a: Gardevoir
|-supereffective|p1a: Gardevoir
|-damage|p1a: Gardevoir|7/100
|-status|p1a: Gardevoir|psn
|
|-damage|p1a: Gardevoir|0 fnt|[from] psn
|faint|p1a: Gardevoir
|upkeep
|-message|cachowcapow forfeited.
|
|win|juli<33
|raw|cachowcapow's rating: 1710 &rarr; <strong>1688</strong><br />(-22 for losing)
|raw|juli&lt;33's rating: 1669 &rarr; <strong>1691</strong><br />(+22 for winning)
|l|☆cachowcapow
|player|p1|
|l|☆juli<33
|player|p2|
