|j|☆Huntail_Biden711
|j|☆KurisuChestnutOU
|t:|1781167530
|gametype|singles
|player|p1|Huntail_Biden711|blue|1577
|player|p2|KurisuChestnutOU|may-contest|1659
|gen|9
|tier|[Gen 9] OU
|rated|
|rule|HP Percentage Mod: HP is shown in percentages
|rule|Endless Battle Clause: Forcing endless battles is banned
|rule|Species Clause: Limit one of each Pokémon
|rule|OHKO Clause: OHKO moves are banned
|rule|Evasion Items Clause: Evasion items are banned
|rule|Evasion Moves Clause: Evasion moves are banned
|rule|Evasion Abilities Clause: Evasion abilities are banned
|rule|Sleep Moves Clause: Sleep-inducing moves are banned
|clearpoke
|poke|p1|Great Tusk|
|poke|p1|Primarina, F|
|poke|p1|Rillaboom, M|
|poke|p1|Gholdengo|
|poke|p1|Moltres|
|poke|p1|Zamazenta-*|
|poke|p2|Zamazenta-*|
|poke|p2|Zapdos|
|poke|p2|Garganacl, F|
|poke|p2|Clefable, M|
|poke|p2|Samurott-Hisui, M|
|poke|p2|Gholdengo|
|teampreview
|inactive|Battle timer is ON: inactive players will automatically lose when time's up. (requested by Huntail_Biden711)
|
|t:|1781167536
|teamsize|p1|6
|teamsize|p2|6
|start
|switch|p1a: Rillaboom|Rillaboom, M|100/100
|switch|p2a: Zapdos|Zapdos|100/100
|-fieldstart|move: Grassy Terrain|[from] ability: Grassy Surge|[of] p1a: Rillaboom
|turn|1
|inactive|KurisuChestnutOU also wants the timer to be on.
|
|t:|1781167551
|switch|p1a: Gholdengo|Gholdengo|100/100
|-item|p1a: Gholdengo|Air Balloon
|move|p2a: Zapdos|Hurricane|p1a: Gholdengo|[miss]
|-miss|p2a: Zapdos|p1a: Gholdengo
|
|upkeep
|turn|2
|
|t:|1781167565
|switch|p1a: Primarina|Primarina, F|100/100
|move|p2a: Zapdos|Volt Switch|p1a: Primarina
|-supereffective|p1a: Primarina
|-damage|p1a: Primarina|71/100
|
|t:|1781167569
|switch|p2a: Garganacl|Garganacl, F|100/100|[from] Volt Switch
|
|-heal|p1a: Primarina|77/100|[from] Grassy Terrain
|upkeep
|turn|3
|
|t:|1781167576
|move|p1a: Primarina|Psychic Noise|p2a: Garganacl
|-supereffective|p2a: Garganacl
|-damage|p2a: Garganacl|41/100
|-start|p2a: Garganacl|move: Heal Block
|move|p2a: Garganacl|Salt Cure|p1a: Primarina
|-damage|p1a: Primarina|61/100
|-start|p1a: Primarina|Salt Cure
|
|-heal|p1a: Primarina|67/100|[from] Grassy Terrain
|-damage|p1a: Primarina|42/100|[from] Salt Cure
|upkeep
|turn|4
|
|t:|1781167591
|switch|p1a: Rillaboom|Rillaboom, M|100/100
|-terastallize|p2a: Garganacl|Water
|move|p2a: Garganacl|Stealth Rock|p1a: Rillaboom
|-sidestart|p1: Huntail_Biden711|move: Stealth Rock
|
|-end|p2a: Garganacl|move: Heal Block
|upkeep
|turn|5
|
|t:|1781167604
|switch|p2a: Zapdos|Zapdos|100/100
|move|p1a: Rillaboom|Grassy Glide|p2a: Zapdos
|-resisted|p2a: Zapdos
|-damage|p2a: Zapdos|80/100
|-status|p1a: Rillaboom|par|[from] ability: Static|[of] p2a: Zapdos
|
|-fieldend|move: Grassy Terrain
|upkeep
|turn|6
|inactive|Huntail_Biden711 has 120 seconds left.
|
|t:|1781167632
|switch|p1a: Gholdengo|Gholdengo|100/100
|-damage|p1a: Gholdengo|94/100|[from] Stealth Rock
|-item|p1a: Gholdengo|Air Balloon
|move|p2a: Zapdos|Hurricane|p1a: Gholdengo|[miss]
|-miss|p2a: Zapdos|p1a: Gholdengo
|
|upkeep
|turn|7
|inactive|Huntail_Biden711 has 120 seconds left.
|
|t:|1781167645
|move|p2a: Zapdos|Volt Switch|p1a: Gholdengo
|-damage|p1a: Gholdengo|66/100
|-enditem|p1a: Gholdengo|Air Balloon
|
|t:|1781167649
|switch|p2a: Garganacl|Garganacl, F, tera:Water|41/100|[from] Volt Switch
|move|p1a: Gholdengo|Shadow Ball|p2a: Garganacl
|-damage|p2a: Garganacl|26/100
|
|-heal|p2a: Garganacl|32/100|[from] item: Leftovers
|upkeep
|turn|8
|inactive|Huntail_Biden711 has 120 seconds left.
|
|t:|1781167666
|switch|p1a: Great Tusk|Great Tusk|100/100
|-damage|p1a: Great Tusk|98/100|[from] Stealth Rock
|move|p2a: Garganacl|Recover|p2a: Garganacl
|-heal|p2a: Garganacl|82/100
|
|-heal|p1a: Great Tusk|100/100|[from] item: Leftovers
|-heal|p2a: Garganacl|88/100|[from] item: Leftovers
|upkeep
|turn|9
|inactive|Huntail_Biden711 has 120 seconds left.
|
|t:|1781167678
|move|p1a: Great Tusk|Stealth Rock|p2a: Garganacl
|-sidestart|p2: KurisuChestnutOU|move: Stealth Rock
|move|p2a: Garganacl|Salt Cure|p1a: Great Tusk
|-resisted|p1a: Great Tusk
|-damage|p1a: Great Tusk|98/100
|-start|p1a: Great Tusk|Salt Cure
|
|-heal|p1a: Great Tusk|100/100|[from] item: Leftovers
|-heal|p2a: Garganacl|94/100|[from] item: Leftovers
|-damage|p1a: Great Tusk|88/100|[from] Salt Cure
|upkeep
|turn|10
|
|t:|1781167687
|move|p1a: Great Tusk|Rapid Spin|p2a: Garganacl
|-damage|p2a: Garganacl|82/100
|-boost|p1a: Great Tusk|spe|1
|-sideend|p1: Huntail_Biden711|Stealth Rock|[from] move: Rapid Spin|[of] p1a: Great Tusk
|move|p2a: Garganacl|Earthquake|p1a: Great Tusk
|-damage|p1a: Great Tusk|72/100
|
|-heal|p1a: Great Tusk|78/100|[from] item: Leftovers
|-heal|p2a: Garganacl|88/100|[from] item: Leftovers
|-damage|p1a: Great Tusk|65/100|[from] Salt Cure
|upkeep
|turn|11
|
|t:|1781167702
|-end|p1a: Great Tusk|Protosynthesis|[silent]
|switch|p1a: Rillaboom|Rillaboom, M|100/100 par
|-fieldstart|move: Grassy Terrain|[from] ability: Grassy Surge|[of] p1a: Rillaboom
|move|p2a: Garganacl|Stealth Rock|p1a: Rillaboom
|-sidestart|p1: Huntail_Biden711|move: Stealth Rock
|
|-heal|p2a: Garganacl|94/100|[from] Grassy Terrain
|-heal|p2a: Garganacl|100/100|[from] item: Leftovers
|upkeep
|turn|12
|
|t:|1781167711
|switch|p2a: Zapdos|Zapdos|80/100
|move|p1a: Rillaboom|Wood Hammer|p2a: Zapdos
|-resisted|p2a: Zapdos
|-damage|p2a: Zapdos|34/100
|-damage|p1a: Rillaboom|85/100 par|[from] Recoil
|
|-heal|p1a: Rillaboom|91/100 par|[from] Grassy Terrain
|upkeep
|turn|13
|
|t:|1781167726
|switch|p1a: Gholdengo|Gholdengo|66/100
|-damage|p1a: Gholdengo|60/100|[from] Stealth Rock
|move|p2a: Zapdos|Roost|p2a: Zapdos
|-heal|p2a: Zapdos|85/100
|-singleturn|p2a: Zapdos|move: Roost
|
|-heal|p2a: Zapdos|91/100|[from] Grassy Terrain
|-heal|p1a: Gholdengo|66/100|[from] Grassy Terrain
|upkeep
|turn|14
|inactive|Huntail_Biden711 has 120 seconds left.
|
|t:|1781167743
|move|p2a: Zapdos|Volt Switch|p1a: Gholdengo
|-damage|p1a: Gholdengo|40/100
|
|t:|1781167747
|switch|p2a: Samurott|Samurott-Hisui, M|100/100|[from] Volt Switch
|-damage|p2a: Samurott|88/100|[from] Stealth Rock
|move|p1a: Gholdengo|Recover|p1a: Gholdengo
|-heal|p1a: Gholdengo|90/100
|
|-heal|p2a: Samurott|94/100|[from] Grassy Terrain
|-heal|p1a: Gholdengo|96/100|[from] Grassy Terrain
|upkeep
|turn|15
|inactive|Huntail_Biden711 has 120 seconds left.
|
|t:|1781167766
|switch|p1a: Moltres|Moltres|100/100
|move|p2a: Samurott|Ceaseless Edge|p1a: Moltres
|-damage|p1a: Moltres|70/100
|-sidestart|p1: Huntail_Biden711|Spikes
|
|-heal|p2a: Samurott|100/100|[from] Grassy Terrain
|-fieldend|move: Grassy Terrain
|upkeep
|turn|16
|inactive|Huntail_Biden711 has 120 seconds left.
|
|t:|1781167785
|switch|p2a: Gholdengo|Gholdengo|100/100
|-damage|p2a: Gholdengo|94/100|[from] Stealth Rock
|switch|p1a: Rillaboom|Rillaboom, M|91/100 par
|-damage|p1a: Rillaboom|78/100 par|[from] Stealth Rock
|-damage|p1a: Rillaboom|66/100 par|[from] Spikes
|-fieldstart|move: Grassy Terrain|[from] ability: Grassy Surge|[of] p1a: Rillaboom
|
|-heal|p2a: Gholdengo|100/100|[from] Grassy Terrain
|-heal|p1a: Rillaboom|72/100 par|[from] Grassy Terrain
|upkeep
|turn|17
|inactive|Huntail_Biden711 has 120 seconds left.
|
|t:|1781167796
|move|p2a: Gholdengo|Shadow Ball|p1a: Rillaboom
|-damage|p1a: Rillaboom|19/100 par
|cant|p1a: Rillaboom|par
|
|-heal|p1a: Rillaboom|25/100 par|[from] Grassy Terrain
|upkeep
|turn|18
|inactive|Huntail_Biden711 has 120 seconds left.
|
|t:|1781167806
|switch|p1a: Primarina|Primarina, F|42/100
|-damage|p1a: Primarina|30/100|[from] Stealth Rock
|-damage|p1a: Primarina|18/100|[from] Spikes
|move|p2a: Gholdengo|Shadow Ball|p1a: Primarina
|-damage|p1a: Primarina|0 fnt
|faint|p1a: Primarina
|
|upkeep
|inactive|Huntail_Biden711 has 120 seconds left.
|
|t:|1781167815
|switch|p1a: Zamazenta|Zamazenta|100/100
|-damage|p1a: Zamazenta|94/100|[from] Stealth Rock
|-damage|p1a: Zamazenta|82/100|[from] Spikes
|-ability|p1a: Zamazenta|Dauntless Shield|boost
|-boost|p1a: Zamazenta|def|1
|turn|19
|
|t:|1781167821
|move|p2a: Gholdengo|Shadow Ball|p1a: Zamazenta
|-damage|p1a: Zamazenta|39/100
|move|p1a: Zamazenta|Stone Edge|p2a: Gholdengo
|-resisted|p2a: Gholdengo
|-crit|p2a: Gholdengo
|-damage|p2a: Gholdengo|66/100
|-damage|p1a: Zamazenta|29/100|[from] item: Life Orb
|
|-heal|p2a: Gholdengo|72/100|[from] Grassy Terrain
|-heal|p1a: Zamazenta|36/100|[from] Grassy Terrain
|upkeep
|turn|20
|
|t:|1781167831
|-terastallize|p1a: Zamazenta|Dark
|move|p2a: Gholdengo|Shadow Ball|p1a: Zamazenta
|-resisted|p1a: Zamazenta
|-damage|p1a: Zamazenta|16/100
|-unboost|p1a: Zamazenta|spd|1
|move|p1a: Zamazenta|Crunch|p2a: Gholdengo
|-supereffective|p2a: Gholdengo
|-damage|p2a: Gholdengo|0 fnt
|faint|p2a: Gholdengo
|-damage|p1a: Zamazenta|6/100|[from] item: Life Orb
|
|-heal|p1a: Zamazenta|12/100|[from] Grassy Terrain
|-fieldend|move: Grassy Terrain
|upkeep
|
|t:|1781167835
|switch|p2a: Zamazenta|Zamazenta|100/100
|-damage|p2a: Zamazenta|94/100|[from] Stealth Rock
|-ability|p2a: Zamazenta|Dauntless Shield|boost
|-boost|p2a: Zamazenta|def|1
|turn|21
|
|t:|1781167848
|switch|p1a: Moltres|Moltres|70/100
|move|p2a: Zamazenta|Iron Defense|p2a: Zamazenta
|-boost|p2a: Zamazenta|def|2
|
|-heal|p2a: Zamazenta|100/100|[from] item: Leftovers
|upkeep
|turn|22
|
|t:|1781167855
|move|p1a: Moltres|Will-O-Wisp|p2a: Zamazenta
|-status|p2a: Zamazenta|brn
|move|p2a: Zamazenta|Roar|p1a: Moltres
|drag|p1a: Gholdengo|Gholdengo|96/100
|-damage|p1a: Gholdengo|90/100|[from] Stealth Rock
|-damage|p1a: Gholdengo|77/100|[from] Spikes
|
|-damage|p2a: Zamazenta|94/100 brn|[from] brn
|upkeep
|turn|23
|
|t:|1781167864
|switch|p2a: Garganacl|Garganacl, F, tera:Water|100/100
|-damage|p2a: Garganacl|88/100|[from] Stealth Rock
|move|p1a: Gholdengo|Nasty Plot|p1a: Gholdengo
|-boost|p1a: Gholdengo|spa|2
|
|-heal|p2a: Garganacl|94/100|[from] item: Leftovers
|upkeep
|turn|24
|
|t:|1781167876
|move|p1a: Gholdengo|Make It Rain|p2a: Garganacl
|-resisted|p2a: Garganacl
|-damage|p2a: Garganacl|46/100
|-unboost|p1a: Gholdengo|spa|1
|move|p2a: Garganacl|Salt Cure|p1a: Gholdengo
|-resisted|p1a: Gholdengo
|-damage|p1a: Gholdengo|71/100
|-start|p1a: Gholdengo|Salt Cure
|
|-heal|p2a: Garganacl|52/100|[from] item: Leftovers
|-damage|p1a: Gholdengo|46/100|[from] Salt Cure
|upkeep
|turn|25
|
|t:|1781167887
|switch|p1a: Great Tusk|Great Tusk|65/100
|-damage|p1a: Great Tusk|62/100|[from] Stealth Rock
|-damage|p1a: Great Tusk|50/100|[from] Spikes
|switch|p2a: Samurott|Samurott-Hisui, M|100/100
|-damage|p2a: Samurott|88/100|[from] Stealth Rock
|
|-heal|p1a: Great Tusk|56/100|[from] item: Leftovers
|upkeep
|turn|26
|
|t:|1781167899
|move|p2a: Samurott|Razor Shell|p1a: Great Tusk
|-supereffective|p1a: Great Tusk
|-damage|p1a: Great Tusk|0 fnt
|faint|p1a: Great Tusk
|-end|p1a: Great Tusk|Protosynthesis|[silent]
|
|upkeep
|
|t:|1781167905
|switch|p1a: Moltres|Moltres|70/100
|turn|27
|
|t:|1781167910
|move|p2a: Samurott|Razor Shell|p1a: Moltres
|-supereffective|p1a: Moltres
|-damage|p1a: Moltres|0 fnt
|faint|p1a: Moltres
|
|upkeep
|
|t:|1781167915
|switch|p1a: Zamazenta|Zamazenta, tera:Dark|12/100
|-damage|p1a: Zamazenta|0 fnt|[from] Stealth Rock
|faint|p1a: Zamazenta
|
|t:|1781167919
|switch|p1a: Rillaboom|Rillaboom, M|25/100 par
|-damage|p1a: Rillaboom|13/100 par|[from] Stealth Rock
|-damage|p1a: Rillaboom|0 fnt|[from] Spikes
|faint|p1a: Rillaboom
|
|t:|1781167924
|switch|p1a: Gholdengo|Gholdengo|46/100
|-damage|p1a: Gholdengo|40/100|[from] Stealth Rock
|-damage|p1a: Gholdengo|28/100|[from] Spikes
|turn|28
|
|t:|1781167932
|move|p2a: Samurott|Razor Shell|p1a: Gholdengo
|-damage|p1a: Gholdengo|0 fnt
|faint|p1a: Gholdengo
|
|win|KurisuChestnutOU
|raw|Huntail_Biden711's rating: 1577 &rarr; <strong>1563</strong><br />(-14 for losing)
|raw|KurisuChestnutOU's rating: 1678 &rarr; <strong>1692</strong><br />(+14 for winning)
