|badge|p2|bronze|gen9randombattle|100-9
|badge|p2|bronze|gen9ubers|100-9
|uhtml|medal-msg|<div class="broadcast-blue">Curious what those medals under the avatar are? PS now has Ladder Seasons! For more information, check out the <a href="https://www.smogon.com/forums/threads/3740067/">thread on Smogon.</a></div>
|j|☆employment devil
|j|☆oddishlover4
|t:|1781319649
|gametype|singles
|player|p1|employment devil|lusamine-nihilego|1746
|player|p2|oddishlover4|acetrainerf|1775
|gen|9
|tier|[Gen 9] OU
|rated|
|rule|HP Percentage Mod: HP is shown in percentages
|rule|Endless Battle Clause: Forcing endless battles is banned
|rule|Species Clause: Limit one of each Pokémon
|rule|OHKO Clause: OHKO moves are banned
|rule|Evasion Items Clause: Evasion items are banned
|rule|Evasion Moves Clause: Evasion moves are banned
|rule|Evasion Abilities Clause: Evasion abilities are banned
|rule|Sleep Moves Clause: Sleep-inducing moves are banned
|clearpoke
|poke|p1|Torkoal, F|
|poke|p1|Raging Bolt|
|poke|p1|Walking Wake|
|poke|p1|Great Tusk|
|poke|p1|Hatterene, F|
|poke|p1|Slither Wing|
|poke|p2|Kyurem|
|poke|p2|Hatterene, F|
|poke|p2|Darkrai|
|poke|p2|Great Tusk|
|poke|p2|Dragonite, F|
|poke|p2|Gholdengo|
|teampreview
|c|☆employment devil|hf
|
|t:|1781319668
|teamsize|p1|6
|teamsize|p2|6
|start
|switch|p1a: Waking Bad|Walking Wake|100/100
|switch|p2a: Boompala|Kyurem|100/100
|-ability|p2a: Boompala|Pressure
|turn|1
|c|☆oddishlover4|gl/hf!
|inactive|Battle timer is ON: inactive players will automatically lose when time's up. (requested by oddishlover4)
|
|t:|1781319685
|-end|p1a: Waking Bad|Protosynthesis|[silent]
|switch|p1a: Gyatt in the hat|Hatterene, F, shiny|100/100
|-terastallize|p2a: Boompala|Poison
|move|p2a: Boompala|Freeze-Dry|p1a: Gyatt in the hat
|-damage|p1a: Gyatt in the hat|63/100
|-enditem|p1a: Gyatt in the hat|Eject Button
|
|t:|1781319703
|switch|p1a: 10 packs deep|Torkoal, F, shiny|100/100
|-weather|SunnyDay|[from] ability: Drought|[of] p1a: 10 packs deep
|
|-weather|SunnyDay|[upkeep]
|upkeep
|turn|2
|j| HITMAN9191
|
|t:|1781319720
|switch|p1a: name censored|Great Tusk, shiny|100/100
|-activate|p1a: name censored|ability: Protosynthesis
|-start|p1a: name censored|protosynthesisatk
|move|p2a: Boompala|Ice Beam|p1a: name censored
|-supereffective|p1a: name censored
|-damage|p1a: name censored|15/100
|
|-weather|SunnyDay|[upkeep]
|upkeep
|turn|3
|
|t:|1781319738
|-end|p1a: name censored|Protosynthesis|[silent]
|switch|p1a: Dangerous flaps|Slither Wing, shiny|100/100
|-activate|p1a: Dangerous flaps|ability: Protosynthesis
|-start|p1a: Dangerous flaps|protosynthesisdef
|move|p2a: Boompala|Ice Beam|p1a: Dangerous flaps
|-damage|p1a: Dangerous flaps|55/100
|
|-weather|SunnyDay|[upkeep]
|upkeep
|turn|4
|l| HITMAN9191
|
|t:|1781319756
|move|p2a: Boompala|Ice Beam|p1a: Dangerous flaps
|-damage|p1a: Dangerous flaps|15/100
|move|p1a: Dangerous flaps|U-turn|p2a: Boompala
|-resisted|p2a: Boompala
|-damage|p2a: Boompala|90/100
|
|t:|1781319760
|-end|p1a: Dangerous flaps|Protosynthesis|[silent]
|switch|p1a: Gyatt in the hat|Hatterene, F, shiny|63/100|[from] U-turn
|
|-weather|SunnyDay|[upkeep]
|upkeep
|turn|5
|
|t:|1781319778
|move|p2a: Boompala|Ice Beam|p1a: Gyatt in the hat
|-damage|p1a: Gyatt in the hat|17/100
|move|p1a: Gyatt in the hat|Healing Wish|p1a: Gyatt in the hat
|faint|p1a: Gyatt in the hat
|
|-weather|SunnyDay|[upkeep]
|upkeep
|
|t:|1781319784
|switch|p1a: name censored|Great Tusk, shiny|15/100
|-heal|p1a: name censored|100/100|[from] move: Healing Wish
|-activate|p1a: name censored|ability: Protosynthesis
|-start|p1a: name censored|protosynthesisatk
|turn|6
|
|t:|1781319801
|switch|p2a: Fearless|Great Tusk|100/100
|-activate|p2a: Fearless|ability: Protosynthesis
|-start|p2a: Fearless|protosynthesisdef
|move|p1a: name censored|Headlong Rush|p2a: Fearless
|-damage|p2a: Fearless|66/100
|-unboost|p1a: name censored|def|1
|-unboost|p1a: name censored|spd|1
|
|-weather|SunnyDay|[upkeep]
|-heal|p2a: Fearless|72/100|[from] item: Leftovers
|upkeep
|turn|7
|inactive|oddishlover4 has 120 seconds left.
|
|t:|1781319819
|-end|p1a: name censored|Protosynthesis|[silent]
|switch|p1a: Dangerous flaps|Slither Wing, shiny|15/100
|-activate|p1a: Dangerous flaps|ability: Protosynthesis
|-start|p1a: Dangerous flaps|protosynthesisdef
|move|p2a: Fearless|Headlong Rush|p1a: Dangerous flaps
|-resisted|p1a: Dangerous flaps
|-damage|p1a: Dangerous flaps|0 fnt
|-unboost|p2a: Fearless|def|1
|-unboost|p2a: Fearless|spd|1
|-damage|p2a: Fearless|56/100|[from] item: Rocky Helmet|[of] p1a: Dangerous flaps
|faint|p1a: Dangerous flaps
|-end|p1a: Dangerous flaps|Protosynthesis|[silent]
|
|-weather|SunnyDay|[upkeep]
|-heal|p2a: Fearless|62/100|[from] item: Leftovers
|upkeep
|
|t:|1781319823
|switch|p1a: Waking Bad|Walking Wake|100/100
|-activate|p1a: Waking Bad|ability: Protosynthesis
|-start|p1a: Waking Bad|protosynthesisspe
|turn|8
|inactive|oddishlover4 has 120 seconds left.
|
|t:|1781319840
|-end|p2a: Fearless|Protosynthesis|[silent]
|switch|p2a: Bluebeard's Wife|Dragonite, F|100/100
|move|p1a: Waking Bad|Hydro Steam|p2a: Bluebeard's Wife
|-resisted|p2a: Bluebeard's Wife
|-damage|p2a: Bluebeard's Wife|82/100
|
|-weather|none
|-end|p1a: Waking Bad|Protosynthesis
|upkeep
|turn|9
|inactive|oddishlover4 has 120 seconds left.
|
|t:|1781319859
|-end|p1a: Waking Bad|Protosynthesis|[silent]
|switch|p1a: name censored|Great Tusk, shiny|100/100
|move|p2a: Bluebeard's Wife|Roost|p2a: Bluebeard's Wife
|-heal|p2a: Bluebeard's Wife|100/100
|-singleturn|p2a: Bluebeard's Wife|move: Roost
|
|upkeep
|turn|10
|inactive|oddishlover4 has 120 seconds left.
|
|t:|1781319877
|move|p1a: name censored|Rapid Spin|p2a: Bluebeard's Wife
|-damage|p2a: Bluebeard's Wife|91/100
|-boost|p1a: name censored|spe|1
|move|p2a: Bluebeard's Wife|Fire Punch|p1a: name censored
|-damage|p1a: name censored|82/100
|
|upkeep
|turn|11
|
|t:|1781319895
|switch|p2a: Antifragile|Hatterene, F|100/100
|move|p1a: name censored|Headlong Rush|p2a: Antifragile
|-damage|p2a: Antifragile|38/100
|-unboost|p1a: name censored|def|1
|-unboost|p1a: name censored|spd|1
|-damage|p1a: name censored|66/100|[from] item: Rocky Helmet|[of] p2a: Antifragile
|
|upkeep
|turn|12
|
|t:|1781319913
|move|p1a: name censored|Headlong Rush|p2a: Antifragile
|-damage|p2a: Antifragile|0 fnt
|-unboost|p1a: name censored|def|1
|-unboost|p1a: name censored|spd|1
|-damage|p1a: name censored|50/100|[from] item: Rocky Helmet|[of] p2a: Antifragile
|faint|p2a: Antifragile
|
|upkeep
|inactive|oddishlover4 has 90 seconds left.
|
|t:|1781319930
|switch|p2a: Perfect Night|Darkrai|100/100
|turn|13
|inactive|oddishlover4 has 90 seconds left.
|
|t:|1781319948
|-end|p1a: name censored|Protosynthesis|[silent]
|switch|p1a: 10 packs deep|Torkoal, F, shiny|100/100
|-weather|SunnyDay|[from] ability: Drought|[of] p1a: 10 packs deep
|move|p2a: Perfect Night|Dark Pulse|p1a: 10 packs deep
|-damage|p1a: 10 packs deep|49/100
|
|-weather|SunnyDay|[upkeep]
|upkeep
|turn|14
|inactive|oddishlover4 has 90 seconds left.
|
|t:|1781319966
|move|p2a: Perfect Night|Dark Pulse|p1a: 10 packs deep
|-damage|p1a: 10 packs deep|3/100
|move|p1a: 10 packs deep|Body Press|p2a: Perfect Night
|-supereffective|p2a: Perfect Night
|-damage|p2a: Perfect Night|21/100
|
|-weather|SunnyDay|[upkeep]
|upkeep
|turn|15
|
|t:|1781319984
|switch|p1a: name censored|Great Tusk, shiny|50/100
|-activate|p1a: name censored|ability: Protosynthesis
|-start|p1a: name censored|protosynthesisatk
|move|p2a: Perfect Night|Dark Pulse|p1a: name censored
|-resisted|p1a: name censored
|-damage|p1a: name censored|29/100
|
|-weather|SunnyDay|[upkeep]
|upkeep
|turn|16
|
|t:|1781320002
|move|p2a: Perfect Night|Dark Pulse|p1a: name censored
|-resisted|p1a: name censored
|-damage|p1a: name censored|9/100
|move|p1a: name censored|Rapid Spin|p2a: Perfect Night
|-damage|p2a: Perfect Night|0 fnt
|-boost|p1a: name censored|spe|1
|faint|p2a: Perfect Night
|
|-weather|SunnyDay|[upkeep]
|upkeep
|inactive|oddishlover4 has 60 seconds left.
|
|t:|1781320019
|switch|p2a: Bluebeard's Wife|Dragonite, F|91/100
|turn|17
|inactive|oddishlover4 has 60 seconds left.
|
|t:|1781320036
|move|p2a: Bluebeard's Wife|Extreme Speed|p1a: name censored
|-damage|p1a: name censored|0 fnt
|faint|p1a: name censored
|-end|p1a: name censored|Protosynthesis|[silent]
|
|-weather|SunnyDay|[upkeep]
|upkeep
|
|t:|1781320041
|switch|p1a: RagingStormZoner|Raging Bolt|100/100
|-activate|p1a: RagingStormZoner|ability: Protosynthesis
|-start|p1a: RagingStormZoner|protosynthesisspa
|turn|18
|inactive|oddishlover4 has 60 seconds left.
|
|t:|1781320058
|move|p2a: Bluebeard's Wife|Extreme Speed|p1a: RagingStormZoner
|-damage|p1a: RagingStormZoner|73/100
|move|p1a: RagingStormZoner|Draco Meteor|p2a: Bluebeard's Wife
|-supereffective|p2a: Bluebeard's Wife
|-damage|p2a: Bluebeard's Wife|0 fnt
|-unboost|p1a: RagingStormZoner|spa|2
|faint|p2a: Bluebeard's Wife
|
|-weather|SunnyDay|[upkeep]
|upkeep
|
|t:|1781320076
|switch|p2a: Boompala|Kyurem, tera:Poison|90/100
|-ability|p2a: Boompala|Pressure
|turn|19
|
|t:|1781320085
|-terastallize|p1a: RagingStormZoner|Fire
|move|p2a: Boompala|Ice Beam|p1a: RagingStormZoner
|-resisted|p1a: RagingStormZoner
|-damage|p1a: RagingStormZoner|50/100
|move|p1a: RagingStormZoner|Draco Meteor|p2a: Boompala
|-damage|p2a: Boompala|46/100
|-unboost|p1a: RagingStormZoner|spa|2
|
|-weather|SunnyDay|[upkeep]
|upkeep
|turn|20
|
|t:|1781320094
|move|p2a: Boompala|Earth Power|p1a: RagingStormZoner
|-supereffective|p1a: RagingStormZoner
|-damage|p1a: RagingStormZoner|0 fnt
|faint|p1a: RagingStormZoner
|-end|p1a: RagingStormZoner|Protosynthesis|[silent]
|
|-weather|none
|upkeep
|
|t:|1781320099
|switch|p1a: 10 packs deep|Torkoal, F, shiny|3/100
|-weather|SunnyDay|[from] ability: Drought|[of] p1a: 10 packs deep
|turn|21
|
|t:|1781320107
|switch|p2a: Fearless|Great Tusk|62/100
|-activate|p2a: Fearless|ability: Protosynthesis
|-start|p2a: Fearless|protosynthesisdef
|move|p1a: 10 packs deep|Overheat|p2a: Fearless
|-damage|p2a: Fearless|0 fnt
|-unboost|p1a: 10 packs deep|spa|2
|faint|p2a: Fearless
|-end|p2a: Fearless|Protosynthesis|[silent]
|
|-weather|SunnyDay|[upkeep]
|upkeep
|inactive|oddishlover4 has 60 seconds left.
|
|t:|1781320121
|switch|p2a: Boompala|Kyurem, tera:Poison|46/100
|-ability|p2a: Boompala|Pressure
|turn|22
|inactive|oddishlover4 has 60 seconds left.
|
|t:|1781320135
|switch|p2a: Celebration|Gholdengo|100/100
|move|p1a: 10 packs deep|Earthquake|p2a: Celebration
|-supereffective|p2a: Celebration
|-damage|p2a: Celebration|67/100
|
|-weather|SunnyDay|[upkeep]
|upkeep
|turn|23
|
|t:|1781320142
|switch|p2a: Boompala|Kyurem, tera:Poison|46/100
|-ability|p2a: Boompala|Pressure
|move|p1a: 10 packs deep|Overheat|p2a: Boompala
|-damage|p2a: Boompala|28/100
|-unboost|p1a: 10 packs deep|spa|2
|
|-weather|SunnyDay|[upkeep]
|upkeep
|turn|24
|
|t:|1781320149
|switch|p2a: Celebration|Gholdengo|67/100
|move|p1a: 10 packs deep|Earthquake|p2a: Celebration
|-supereffective|p2a: Celebration
|-damage|p2a: Celebration|33/100
|
|-weather|SunnyDay|[upkeep]
|upkeep
|turn|25
|
|t:|1781320156
|move|p2a: Celebration|Shadow Ball|p1a: 10 packs deep
|-damage|p1a: 10 packs deep|0 fnt
|faint|p1a: 10 packs deep
|
|-weather|SunnyDay|[upkeep]
|upkeep
|
|t:|1781320158
|switch|p1a: Waking Bad|Walking Wake|100/100
|-activate|p1a: Waking Bad|ability: Protosynthesis
|-start|p1a: Waking Bad|protosynthesisspe
|turn|26
|
|t:|1781320166
|switch|p2a: Boompala|Kyurem, tera:Poison|28/100
|-ability|p2a: Boompala|Pressure
|move|p1a: Waking Bad|Hydro Steam|p2a: Boompala
|-damage|p2a: Boompala|0 fnt
|faint|p2a: Boompala
|
|-weather|SunnyDay|[upkeep]
|upkeep
|c|☆employment devil|gg
|
|t:|1781320171
|switch|p2a: Celebration|Gholdengo|33/100
|turn|27
|
|t:|1781320175
|move|p1a: Waking Bad|Hydro Steam|p2a: Celebration
|-damage|p2a: Celebration|0 fnt
|faint|p2a: Celebration
|
|win|employment devil
|raw|employment devil's rating: 1746 &rarr; <strong>1768</strong><br />(+22 for winning)
|raw|oddishlover4's rating: 1775 &rarr; <strong>1753</strong><br />(-22 for losing)
|c|☆oddishlover4|GG!
|l|☆employment devil
|player|p1|
