|j|☆James2464
|j|☆L81D
|t:|1781188288
|gametype|singles
|player|p1|James2464|miku-ghost|1606
|player|p2|L81D|102|1590
|gen|9
|tier|[Gen 9] OU
|rated|
|rule|HP Percentage Mod: HP is shown in percentages
|rule|Endless Battle Clause: Forcing endless battles is banned
|rule|Species Clause: Limit one of each Pokémon
|rule|OHKO Clause: OHKO moves are banned
|rule|Evasion Items Clause: Evasion items are banned
|rule|Evasion Moves Clause: Evasion moves are banned
|rule|Evasion Abilities Clause: Evasion abilities are banned
|rule|Sleep Moves Clause: Sleep-inducing moves are banned
|clearpoke
|poke|p1|Iron Crown|
|poke|p1|Iron Valiant|
|poke|p1|Kommo-o, F|
|poke|p1|Kyurem|
|poke|p1|Ninetales-Alola, M|
|poke|p1|Maushold|
|poke|p2|Zapdos|
|poke|p2|Iron Crown|
|poke|p2|Garganacl, M|
|poke|p2|Great Tusk|
|poke|p2|Samurott-Hisui, M|
|poke|p2|Dragapult, F|
|teampreview
|inactive|Battle timer is ON: inactive players will automatically lose when time's up. (requested by James2464)
|inactive|James2464 has 120 seconds left.
|inactive|James2464 has 90 seconds left.
|inactive|James2464 has 60 seconds left.
|
|t:|1781188402
|teamsize|p1|6
|teamsize|p2|6
|start
|switch|p1a: Ninetales|Ninetales-Alola, M|100/100
|switch|p2a: Samurott|Samurott-Hisui, M|100/100
|-weather|Snowscape|[from] ability: Snow Warning|[of] p1a: Ninetales
|turn|1
|
|t:|1781188408
|move|p1a: Ninetales|Aurora Veil|p1a: Ninetales
|-sidestart|p1: James2464|move: Aurora Veil
|move|p2a: Samurott|Ceaseless Edge|p1a: Ninetales
|-resisted|p1a: Ninetales
|-damage|p1a: Ninetales|92/100
|-sidestart|p1: James2464|Spikes
|
|-weather|Snowscape|[upkeep]
|upkeep
|turn|2
|
|t:|1781188412
|switch|p2a: Garganacl|Garganacl, M|100/100
|move|p1a: Ninetales|Moonblast|p2a: Garganacl
|-damage|p2a: Garganacl|82/100
|
|-weather|Snowscape|[upkeep]
|-heal|p2a: Garganacl|88/100|[from] item: Leftovers
|upkeep
|turn|3
|inactive|James2464 has 120 seconds left.
|
|t:|1781188419
|switch|p1a: Maushold|Maushold|100/100
|-damage|p1a: Maushold|88/100|[from] Spikes
|move|p2a: Garganacl|Salt Cure|p1a: Maushold
|-damage|p1a: Maushold|78/100
|-start|p1a: Maushold|Salt Cure
|
|-weather|Snowscape|[upkeep]
|-heal|p2a: Garganacl|94/100|[from] item: Leftovers
|-damage|p1a: Maushold|65/100|[from] Salt Cure
|upkeep
|turn|4
|
|t:|1781188432
|move|p1a: Maushold|Tidy Up|p1a: Maushold
|-sideend|p1: James2464|Spikes
|-activate|p1a: Maushold|move: Tidy Up
|-boost|p1a: Maushold|atk|1
|-boost|p1a: Maushold|spe|1
|move|p2a: Garganacl|Salt Cure|p1a: Maushold
|-damage|p1a: Maushold|55/100
|
|-weather|Snowscape|[upkeep]
|-heal|p2a: Garganacl|100/100|[from] item: Leftovers
|-damage|p1a: Maushold|42/100|[from] Salt Cure
|upkeep
|turn|5
|
|t:|1781188438
|switch|p2a: Great Tusk|Great Tusk|100/100
|move|p1a: Maushold|Encore||[still]
|-fail|p1a: Maushold
|
|-weather|none
|-damage|p1a: Maushold|30/100|[from] Salt Cure
|upkeep
|turn|6
|
|t:|1781188441
|move|p1a: Maushold|Population Bomb|p2a: Great Tusk
|-damage|p2a: Great Tusk|88/100
|-damage|p1a: Maushold|13/100|[from] item: Rocky Helmet|[of] p2a: Great Tusk
|-hitcount|p2a: Great Tusk|1
|move|p2a: Great Tusk|Stealth Rock|p1a: Maushold
|-sidestart|p1: James2464|move: Stealth Rock
|
|-damage|p1a: Maushold|1/100|[from] Salt Cure
|upkeep
|turn|7
|
|t:|1781188449
|move|p1a: Maushold|Tidy Up|p1a: Maushold
|-sideend|p1: James2464|Stealth Rock
|-activate|p1a: Maushold|move: Tidy Up
|-boost|p1a: Maushold|atk|1
|-boost|p1a: Maushold|spe|1
|move|p2a: Great Tusk|Stealth Rock|p1a: Maushold
|-sidestart|p1: James2464|move: Stealth Rock
|
|-damage|p1a: Maushold|0 fnt|[from] Salt Cure
|faint|p1a: Maushold
|upkeep
|
|t:|1781188451
|switch|p1a: Kommo-o|Kommo-o, F|100/100
|-damage|p1a: Kommo-o|94/100|[from] Stealth Rock
|turn|8
|
|t:|1781188457
|-end|p2a: Great Tusk|Protosynthesis|[silent]
|switch|p2a: Zapdos|Zapdos|100/100
|move|p1a: Kommo-o|Substitute|p1a: Kommo-o
|-start|p1a: Kommo-o|Substitute
|-damage|p1a: Kommo-o|69/100
|
|-heal|p1a: Kommo-o|76/100|[from] item: Leftovers
|-sideend|p1: James2464|move: Aurora Veil
|upkeep
|turn|9
|
|t:|1781188464
|move|p1a: Kommo-o|Clangorous Soul|p1a: Kommo-o
|-boost|p1a: Kommo-o|atk|1
|-boost|p1a: Kommo-o|def|1
|-boost|p1a: Kommo-o|spa|1
|-boost|p1a: Kommo-o|spd|1
|-boost|p1a: Kommo-o|spe|1
|-damage|p1a: Kommo-o|43/100
|move|p2a: Zapdos|Hurricane|p1a: Kommo-o|[miss]
|-miss|p2a: Zapdos|p1a: Kommo-o
|
|-heal|p1a: Kommo-o|49/100|[from] item: Leftovers
|upkeep
|turn|10
|j| newhere1310
|
|t:|1781188479
|-terastallize|p1a: Kommo-o|Ghost
|move|p1a: Kommo-o|Clangorous Soul|p1a: Kommo-o
|-boost|p1a: Kommo-o|atk|1
|-boost|p1a: Kommo-o|def|1
|-boost|p1a: Kommo-o|spa|1
|-boost|p1a: Kommo-o|spd|1
|-boost|p1a: Kommo-o|spe|1
|-damage|p1a: Kommo-o|16/100
|move|p2a: Zapdos|Hurricane|p1a: Kommo-o
|-end|p1a: Kommo-o|Substitute
|
|-heal|p1a: Kommo-o|22/100|[from] item: Leftovers
|upkeep
|turn|11
|
|t:|1781188484
|move|p1a: Kommo-o|Drain Punch|p2a: Zapdos
|-resisted|p2a: Zapdos
|-damage|p2a: Zapdos|77/100
|-heal|p1a: Kommo-o|35/100|[from] drain|[of] p2a: Zapdos
|-status|p1a: Kommo-o|par|[from] ability: Static|[of] p2a: Zapdos
|move|p2a: Zapdos|Hurricane|p1a: Kommo-o
|-damage|p1a: Kommo-o|11/100 par
|-start|p1a: Kommo-o|confusion
|
|-heal|p1a: Kommo-o|17/100 par|[from] item: Leftovers
|upkeep
|turn|12
|
|t:|1781188493
|-activate|p1a: Kommo-o|confusion
|move|p1a: Kommo-o|Drain Punch|p2a: Zapdos
|-resisted|p2a: Zapdos
|-damage|p2a: Zapdos|54/100
|-heal|p1a: Kommo-o|30/100 par|[from] drain|[of] p2a: Zapdos
|move|p2a: Zapdos|Volt Switch|p1a: Kommo-o
|-damage|p1a: Kommo-o|15/100 par
|
|t:|1781188496
|switch|p2a: Dragapult|Dragapult, F|100/100|[from] Volt Switch
|
|-heal|p1a: Kommo-o|21/100 par|[from] item: Leftovers
|upkeep
|turn|13
|
|t:|1781188501
|move|p2a: Dragapult|Hex|p1a: Kommo-o
|-supereffective|p1a: Kommo-o
|-damage|p1a: Kommo-o|0 fnt
|faint|p1a: Kommo-o
|
|upkeep
|
|t:|1781188505
|switch|p1a: Ninetales|Ninetales-Alola, M|92/100
|-damage|p1a: Ninetales|67/100|[from] Stealth Rock
|-weather|Snowscape|[from] ability: Snow Warning|[of] p1a: Ninetales
|turn|14
|
|t:|1781188514
|move|p2a: Dragapult|U-turn|p1a: Ninetales
|-resisted|p1a: Ninetales
|-crit|p1a: Ninetales
|-damage|p1a: Ninetales|55/100
|
|t:|1781188515
|switch|p2a: Samurott|Samurott-Hisui, M|100/100|[from] U-turn
|move|p1a: Ninetales|Aurora Veil|p1a: Ninetales
|-sidestart|p1: James2464|move: Aurora Veil
|
|-weather|Snowscape|[upkeep]
|upkeep
|turn|15
|
|t:|1781188524
|move|p1a: Ninetales|Moonblast|p2a: Samurott
|-supereffective|p2a: Samurott
|-damage|p2a: Samurott|54/100
|-unboost|p2a: Samurott|spa|1
|move|p2a: Samurott|Ceaseless Edge|p1a: Ninetales
|-resisted|p1a: Ninetales
|-damage|p1a: Ninetales|46/100
|-sidestart|p1: James2464|Spikes
|
|-weather|Snowscape|[upkeep]
|upkeep
|turn|16
|
|t:|1781188530
|switch|p2a: Garganacl|Garganacl, M|100/100
|move|p1a: Ninetales|Moonblast|p2a: Garganacl
|-damage|p2a: Garganacl|83/100
|
|-weather|Snowscape|[upkeep]
|-heal|p2a: Garganacl|89/100|[from] item: Leftovers
|upkeep
|turn|17
|
|t:|1781188536
|move|p1a: Ninetales|Moonblast|p2a: Garganacl
|-damage|p2a: Garganacl|70/100
|-unboost|p2a: Garganacl|spa|1
|move|p2a: Garganacl|Salt Cure|p1a: Ninetales
|-supereffective|p1a: Ninetales
|-damage|p1a: Ninetales|34/100
|-start|p1a: Ninetales|Salt Cure
|
|-weather|Snowscape|[upkeep]
|-heal|p2a: Garganacl|76/100|[from] item: Leftovers
|-damage|p1a: Ninetales|22/100|[from] Salt Cure
|upkeep
|turn|18
|
|t:|1781188542
|move|p1a: Ninetales|Encore|p2a: Garganacl
|-start|p2a: Garganacl|Encore
|move|p2a: Garganacl|Salt Cure|p1a: Ninetales
|-supereffective|p1a: Ninetales
|-damage|p1a: Ninetales|11/100
|
|-weather|none
|-heal|p2a: Garganacl|82/100|[from] item: Leftovers
|-damage|p1a: Ninetales|0 fnt|[from] Salt Cure
|faint|p1a: Ninetales
|upkeep
|
|t:|1781188557
|switch|p1a: Iron Valiant|Iron Valiant|100/100
|-damage|p1a: Iron Valiant|94/100|[from] Stealth Rock
|-damage|p1a: Iron Valiant|82/100|[from] Spikes
|-enditem|p1a: Iron Valiant|Booster Energy
|-activate|p1a: Iron Valiant|ability: Quark Drive|[fromitem]
|-start|p1a: Iron Valiant|quarkdrivespe
|turn|19
|
|t:|1781188561
|switch|p2a: Zapdos|Zapdos|54/100
|move|p1a: Iron Valiant|Calm Mind|p1a: Iron Valiant
|-boost|p1a: Iron Valiant|spa|1
|-boost|p1a: Iron Valiant|spd|1
|
|upkeep
|turn|20
|
|t:|1781188566
|move|p1a: Iron Valiant|Moonblast|p2a: Zapdos
|-damage|p2a: Zapdos|0 fnt
|faint|p2a: Zapdos
|
|upkeep
|
|t:|1781188568
|switch|p2a: Garganacl|Garganacl, M|82/100
|turn|21
|
|t:|1781188572
|move|p1a: Iron Valiant|Moonblast|p2a: Garganacl
|-damage|p2a: Garganacl|40/100
|move|p2a: Garganacl|Salt Cure|p1a: Iron Valiant
|-resisted|p1a: Iron Valiant
|-damage|p1a: Iron Valiant|77/100
|-start|p1a: Iron Valiant|Salt Cure
|
|-heal|p2a: Garganacl|46/100|[from] item: Leftovers
|-damage|p1a: Iron Valiant|65/100|[from] Salt Cure
|-sideend|p1: James2464|move: Aurora Veil
|upkeep
|turn|22
|
|t:|1781188578
|move|p1a: Iron Valiant|Moonblast|p2a: Garganacl
|-damage|p2a: Garganacl|2/100
|move|p2a: Garganacl|Recover|p2a: Garganacl
|-heal|p2a: Garganacl|52/100
|
|-heal|p2a: Garganacl|58/100|[from] item: Leftovers
|-damage|p1a: Iron Valiant|52/100|[from] Salt Cure
|upkeep
|turn|23
|
|t:|1781188581
|move|p1a: Iron Valiant|Encore|p2a: Garganacl
|-start|p2a: Garganacl|Encore
|move|p2a: Garganacl|Recover|p2a: Garganacl
|-heal|p2a: Garganacl|100/100
|
|-damage|p1a: Iron Valiant|40/100|[from] Salt Cure
|upkeep
|turn|24
|
|t:|1781188588
|-end|p1a: Iron Valiant|Quark Drive|[silent]
|switch|p1a: Iron Crown|Iron Crown|100/100
|-damage|p1a: Iron Crown|94/100|[from] Stealth Rock
|-damage|p1a: Iron Crown|82/100|[from] Spikes
|-enditem|p1a: Iron Crown|Booster Energy
|-activate|p1a: Iron Crown|ability: Quark Drive|[fromitem]
|-start|p1a: Iron Crown|quarkdrivespe
|move|p2a: Garganacl|Recover||[still]
|-fail|p2a: Garganacl|heal
|
|upkeep
|turn|25
|
|t:|1781188593
|switch|p2a: Samurott|Samurott-Hisui, M|54/100
|move|p1a: Iron Crown|Calm Mind|p1a: Iron Crown
|-boost|p1a: Iron Crown|spa|1
|-boost|p1a: Iron Crown|spd|1
|
|upkeep
|turn|26
|
|t:|1781188597
|move|p1a: Iron Crown|Focus Blast|p2a: Samurott
|-supereffective|p2a: Samurott
|-damage|p2a: Samurott|0 fnt
|faint|p2a: Samurott
|
|upkeep
|
|t:|1781188602
|switch|p2a: Garganacl|Garganacl, M|100/100
|turn|27
|
|t:|1781188611
|-terastallize|p2a: Garganacl|Water
|move|p1a: Iron Crown|Tachyon Cutter|p2a: Garganacl
|-resisted|p2a: Garganacl
|-damage|p2a: Garganacl|89/100
|-resisted|p2a: Garganacl
|-damage|p2a: Garganacl|78/100
|-hitcount|p2a: Garganacl|2
|move|p2a: Garganacl|Salt Cure|p1a: Iron Crown
|-resisted|p1a: Iron Crown
|-damage|p1a: Iron Crown|75/100
|-start|p1a: Iron Crown|Salt Cure
|
|-heal|p2a: Garganacl|84/100|[from] item: Leftovers
|-damage|p1a: Iron Crown|50/100|[from] Salt Cure
|upkeep
|turn|28
|
|t:|1781188617
|move|p1a: Iron Crown|Psychic Noise|p2a: Garganacl
|-damage|p2a: Garganacl|49/100
|-start|p2a: Garganacl|move: Heal Block
|move|p2a: Garganacl|Earthquake|p1a: Iron Crown
|-supereffective|p1a: Iron Crown
|-damage|p1a: Iron Crown|4/100
|
|-damage|p1a: Iron Crown|0 fnt|[from] Salt Cure
|faint|p1a: Iron Crown
|-end|p1a: Iron Crown|Quark Drive|[silent]
|upkeep
|
|t:|1781188621
|switch|p1a: Iron Valiant|Iron Valiant|40/100
|-damage|p1a: Iron Valiant|34/100|[from] Stealth Rock
|-damage|p1a: Iron Valiant|21/100|[from] Spikes
|turn|29
|
|t:|1781188630
|move|p1a: Iron Valiant|Moonblast|p2a: Garganacl
|-damage|p2a: Garganacl|20/100
|move|p2a: Garganacl|Curse|p2a: Garganacl
|-unboost|p2a: Garganacl|spe|1
|-boost|p2a: Garganacl|atk|1
|-boost|p2a: Garganacl|def|1
|
|-end|p2a: Garganacl|move: Heal Block
|upkeep
|turn|30
|
|t:|1781188637
|move|p1a: Iron Valiant|Moonblast|p2a: Garganacl
|-damage|p2a: Garganacl|0 fnt
|faint|p2a: Garganacl
|
|upkeep
|
|t:|1781188639
|switch|p2a: Dragapult|Dragapult, F|100/100
|turn|31
|
|t:|1781188643
|move|p2a: Dragapult|Hex|p1a: Iron Valiant
|-damage|p1a: Iron Valiant|0 fnt
|faint|p1a: Iron Valiant
|-end|p1a: Iron Valiant|Quark Drive|[silent]
|
|upkeep
|
|t:|1781188646
|switch|p1a: Kyurem|Kyurem|100/100
|-damage|p1a: Kyurem|76/100|[from] Stealth Rock
|-damage|p1a: Kyurem|63/100|[from] Spikes
|-ability|p1a: Kyurem|Pressure
|turn|32
|
|t:|1781188648
|move|p2a: Dragapult|Dragon Darts|p1a: Kyurem
|-supereffective|p1a: Kyurem
|-damage|p1a: Kyurem|17/100
|-anim|p2a: Dragapult|Dragon Darts|p1a: Kyurem
|-supereffective|p1a: Kyurem
|-damage|p1a: Kyurem|0 fnt
|faint|p1a: Kyurem
|
|win|L81D
|raw|James2464's rating: 1606 &rarr; <strong>1585</strong><br />(-21 for losing)
|raw|L81D's rating: 1590 &rarr; <strong>1611</strong><br />(+21 for winning)
|l|☆James2464
|player|p1|
|l|☆L81D
|player|p2|
|l| newhere1310
