|j|☆Klopple
|j|☆bongzongweedluvr
|t:|1780982880
|gametype|singles
|player|p1|Klopple|sailor|1601
|player|p2|bongzongweedluvr|1|1604
|gen|9
|tier|[Gen 9] OU
|rated|
|rule|HP Percentage Mod: HP is shown in percentages
|rule|Endless Battle Clause: Forcing endless battles is banned
|rule|Species Clause: Limit one of each Pokémon
|rule|OHKO Clause: OHKO moves are banned
|rule|Evasion Items Clause: Evasion items are banned
|rule|Evasion Moves Clause: Evasion moves are banned
|rule|Evasion Abilities Clause: Evasion abilities are banned
|rule|Sleep Moves Clause: Sleep-inducing moves are banned
|clearpoke
|poke|p1|Arboliva, F|
|poke|p1|Gliscor, F|
|poke|p1|Iron Crown|
|poke|p1|Zamazenta-*|
|poke|p1|Hatterene, F|
|poke|p1|Dragonite, F|
|poke|p2|Greninja-*, M|
|poke|p2|Glimmora, M|
|poke|p2|Garchomp, M|
|poke|p2|Iron Valiant|
|poke|p2|Ceruledge, F|
|poke|p2|Kingambit, F|
|teampreview
|inactive|Battle timer is ON: inactive players will automatically lose when time's up. (requested by bongzongweedluvr)
|
|t:|1780982908
|teamsize|p1|6
|teamsize|p2|6
|start
|switch|p1a: Arboliva|Arboliva, F|100/100
|switch|p2a: Greninja|Greninja, M|100/100
|turn|1
|
|t:|1780982921
|switch|p2a: Glimmora|Glimmora, M|100/100
|move|p1a: Arboliva|Energy Ball|p2a: Glimmora
|-damage|p2a: Glimmora|21/100
|
|upkeep
|turn|2
|
|t:|1780982929
|move|p2a: Glimmora|Meteor Beam||[still]
|-prepare|p2a: Glimmora|Meteor Beam
|-boost|p2a: Glimmora|spa|1
|-enditem|p2a: Glimmora|Power Herb
|-anim|p2a: Glimmora|Meteor Beam|p1a: Arboliva
|-damage|p1a: Arboliva|15/100
|move|p1a: Arboliva|Energy Ball|p2a: Glimmora
|-damage|p2a: Glimmora|0 fnt
|faint|p2a: Glimmora
|
|upkeep
|
|t:|1780982936
|switch|p2a: Greninja|Greninja, M|100/100
|turn|3
|-enditem|p1a: Arboliva|Custap Berry|[eat]
|-activate|p1a: Arboliva|item: Custap Berry|[consumed]
|
|t:|1780982940
|move|p1a: Arboliva|Energy Ball|p2a: Greninja
|-supereffective|p2a: Greninja
|-damage|p2a: Greninja|0 fnt
|faint|p2a: Greninja
|
|-item|p1a: Arboliva|Custap Berry|[from] ability: Harvest
|upkeep
|j| mawaruru
|
|t:|1780982951
|switch|p2a: Kingambit|Kingambit, F|100/100
|-activate|p2a: Kingambit|ability: Supreme Overlord
|-start|p2a: Kingambit|fallen2|[silent]
|turn|4
|
|t:|1780982955
|switch|p1a: Gliscor|Gliscor, F|100/100
|move|p2a: Kingambit|Sucker Punch||[still]
|-fail|p2a: Kingambit
|
|-status|p1a: Gliscor|tox|[from] item: Toxic Orb
|upkeep
|turn|5
|
|t:|1780982963
|-end|p2a: Kingambit|fallen2|[silent]
|switch|p2a: Ceruledge|Ceruledge, F|100/100
|-item|p2a: Ceruledge|Air Balloon
|move|p1a: Gliscor|Earthquake|p2a: Ceruledge
|-immune|p2a: Ceruledge
|
|upkeep
|turn|6
|
|t:|1780982976
|move|p2a: Ceruledge|Swords Dance|p2a: Ceruledge
|-boost|p2a: Ceruledge|atk|2
|move|p1a: Gliscor|Knock Off|p2a: Ceruledge
|-supereffective|p2a: Ceruledge
|-damage|p2a: Ceruledge|43/100
|-ability|p2a: Ceruledge|Weak Armor|boost
|-unboost|p2a: Ceruledge|def|1
|-boost|p2a: Ceruledge|spe|2
|-enditem|p2a: Ceruledge|Air Balloon
|
|upkeep
|turn|7
|
|t:|1780982992
|-terastallize|p2a: Ceruledge|Ghost
|move|p2a: Ceruledge|Poltergeist|p1a: Gliscor
|-activate|p1a: Gliscor|move: Poltergeist|Toxic Orb
|-damage|p1a: Gliscor|0 fnt
|faint|p1a: Gliscor
|
|upkeep
|
|t:|1780983000
|switch|p1a: Arboliva|Arboliva, F|15/100
|turn|8
|-enditem|p1a: Arboliva|Custap Berry|[eat]
|-activate|p1a: Arboliva|item: Custap Berry|[consumed]
|
|t:|1780983007
|move|p1a: Arboliva|Energy Ball|p2a: Ceruledge
|-damage|p2a: Ceruledge|0 fnt
|faint|p2a: Ceruledge
|
|-item|p1a: Arboliva|Custap Berry|[from] ability: Harvest
|upkeep
|
|t:|1780983019
|switch|p2a: Iron Valiant|Iron Valiant|100/100
|-enditem|p2a: Iron Valiant|Booster Energy
|-activate|p2a: Iron Valiant|ability: Quark Drive|[fromitem]
|-start|p2a: Iron Valiant|quarkdrivespe
|turn|9
|-enditem|p1a: Arboliva|Custap Berry|[eat]
|-activate|p1a: Arboliva|item: Custap Berry|[consumed]
|
|t:|1780983027
|move|p1a: Arboliva|Alluring Voice|p2a: Iron Valiant
|-supereffective|p2a: Iron Valiant
|-damage|p2a: Iron Valiant|0 fnt
|faint|p2a: Iron Valiant
|-end|p2a: Iron Valiant|Quark Drive|[silent]
|
|upkeep
|
|t:|1780983038
|switch|p2a: Kingambit|Kingambit, F|100/100
|-activate|p2a: Kingambit|ability: Supreme Overlord
|-start|p2a: Kingambit|fallen4|[silent]
|turn|10
|
|t:|1780983046
|move|p1a: Arboliva|Endure|p1a: Arboliva
|-singleturn|p1a: Arboliva|move: Endure
|move|p2a: Kingambit|Kowtow Cleave|p1a: Arboliva
|-activate|p1a: Arboliva|move: Endure
|-damage|p1a: Arboliva|1/100
|
|upkeep
|turn|11
|
|t:|1780983053
|move|p1a: Arboliva|Endure||[still]
|-fail|p1a: Arboliva
|move|p2a: Kingambit|Kowtow Cleave|p1a: Arboliva
|-damage|p1a: Arboliva|0 fnt
|faint|p1a: Arboliva
|
|upkeep
|
|t:|1780983064
|switch|p1a: Zamazenta|Zamazenta|100/100
|-ability|p1a: Zamazenta|Dauntless Shield|boost
|-boost|p1a: Zamazenta|def|1
|turn|12
|
|t:|1780983075
|-end|p2a: Kingambit|fallen4|[silent]
|switch|p2a: Garchomp|Garchomp, M|100/100
|move|p1a: Zamazenta|Close Combat|p2a: Garchomp
|-damage|p2a: Garchomp|35/100
|-unboost|p1a: Zamazenta|def|1
|-unboost|p1a: Zamazenta|spd|1
|-damage|p1a: Zamazenta|88/100|[from] ability: Rough Skin|[of] p2a: Garchomp
|
|upkeep
|turn|13
|j| euphoricpoptarts
|
|t:|1780983087
|switch|p1a: Hatterene|Hatterene, F|100/100
|move|p2a: Garchomp|Scale Shot|p1a: Hatterene
|-immune|p1a: Hatterene
|
|upkeep
|turn|14
|
|t:|1780983093
|move|p2a: Garchomp|Earthquake|p1a: Hatterene
|-damage|p1a: Hatterene|55/100
|move|p1a: Hatterene|Draining Kiss|p2a: Garchomp
|-supereffective|p2a: Garchomp
|-damage|p2a: Garchomp|0 fnt
|-heal|p1a: Hatterene|84/100|[from] drain|[of] p2a: Garchomp
|-damage|p1a: Hatterene|72/100|[from] ability: Rough Skin|[of] p2a: Garchomp
|faint|p2a: Garchomp
|
|upkeep
|
|t:|1780983095
|switch|p2a: Kingambit|Kingambit, F|100/100
|-activate|p2a: Kingambit|ability: Supreme Overlord
|-start|p2a: Kingambit|fallen5|[silent]
|turn|15
|
|t:|1780983100
|move|p2a: Kingambit|Swords Dance|p2a: Kingambit
|-boost|p2a: Kingambit|atk|2
|move|p1a: Hatterene|Nuzzle|p2a: Kingambit
|-damage|p2a: Kingambit|97/100
|-status|p2a: Kingambit|par
|
|upkeep
|turn|16
|
|t:|1780983118
|move|p1a: Hatterene|Pain Split|p2a: Kingambit
|-sethp|p2a: Kingambit|80/100 par|[from] move: Pain Split|[silent]
|-sethp|p1a: Hatterene|92/100|[from] move: Pain Split
|move|p2a: Kingambit|Swords Dance|p2a: Kingambit
|-boost|p2a: Kingambit|atk|2
|
|upkeep
|turn|17
|
|t:|1780983124
|move|p1a: Hatterene|Draining Kiss|p2a: Kingambit
|-damage|p2a: Kingambit|55/100 par
|-heal|p1a: Hatterene|100/100|[from] drain|[of] p2a: Kingambit
|move|p2a: Kingambit|Kowtow Cleave|p1a: Hatterene
|-damage|p1a: Hatterene|0 fnt
|-damage|p2a: Kingambit|39/100 par|[from] item: Rocky Helmet|[of] p1a: Hatterene
|faint|p1a: Hatterene
|
|upkeep
|
|t:|1780983133
|switch|p1a: Dragonite|Dragonite, F|100/100
|turn|18
|l| mawaruru
|
|t:|1780983148
|cant|p2a: Kingambit|par
|move|p1a: Dragonite|Earthquake|p2a: Kingambit
|-supereffective|p2a: Kingambit
|-damage|p2a: Kingambit|0 fnt
|faint|p2a: Kingambit
|-end|p2a: Kingambit|fallen5|[silent]
|
|win|Klopple
|raw|Klopple's rating: 1601 &rarr; <strong>1621</strong><br />(+20 for winning)
|raw|bongzongweedluvr's rating: 1604 &rarr; <strong>1584</strong><br />(-20 for losing)
|l|☆bongzongweedluvr
|player|p2|
|l|☆Klopple
|player|p1|
|l| euphoricpoptarts
