|j|☆team10thPlanet
|j|☆Dat boii fam
|t:|1781083298
|gametype|singles
|player|p1|team10thPlanet|veteran|1655
|player|p2|Dat boii fam|li|1741
|gen|9
|tier|[Gen 9] OU
|rated|
|rule|HP Percentage Mod: HP is shown in percentages
|rule|Endless Battle Clause: Forcing endless battles is banned
|rule|Species Clause: Limit one of each Pokémon
|rule|OHKO Clause: OHKO moves are banned
|rule|Evasion Items Clause: Evasion items are banned
|rule|Evasion Moves Clause: Evasion moves are banned
|rule|Evasion Abilities Clause: Evasion abilities are banned
|rule|Sleep Moves Clause: Sleep-inducing moves are banned
|clearpoke
|poke|p1|Zamazenta-*|
|poke|p1|Dragonite, M|
|poke|p1|Araquanid, M|
|poke|p1|Iron Treads|
|poke|p1|Hoopa-Unbound|
|poke|p1|Gholdengo|
|poke|p2|Alomomola, F|
|poke|p2|Landorus-Therian, M|
|poke|p2|Zapdos|
|poke|p2|Tornadus-Therian, M|
|poke|p2|Scizor, F|
|poke|p2|Amoonguss, F|
|teampreview
|inactive|Battle timer is ON: inactive players will automatically lose when time's up. (requested by Dat boii fam)
|inactive|team10thPlanet has 120 seconds left.
|
|t:|1781083341
|teamsize|p1|6
|teamsize|p2|6
|start
|switch|p1a: Fat Boy|Dragonite, M, shiny|100/100
|switch|p2a: Zapdos|Zapdos|100/100
|turn|1
|
|t:|1781083352
|move|p2a: Zapdos|Discharge|p1a: Fat Boy
|-damage|p1a: Fat Boy|80/100
|-status|p1a: Fat Boy|par
|move|p1a: Fat Boy|Outrage|p2a: Zapdos
|-damage|p2a: Zapdos|2/100
|
|upkeep
|turn|2
|
|t:|1781083377
|move|p2a: Zapdos|Discharge|p1a: Fat Boy
|-damage|p1a: Fat Boy|45/100 par
|cant|p1a: Fat Boy|par
|
|upkeep
|turn|3
|
|t:|1781083383
|move|p2a: Zapdos|Hurricane|p1a: Fat Boy
|-damage|p1a: Fat Boy|0 fnt
|faint|p1a: Fat Boy
|
|upkeep
|
|t:|1781083407
|switch|p1a: Hoopa|Hoopa-Unbound|100/100
|turn|4
|
|t:|1781083417
|move|p1a: Hoopa|Psychic|p2a: Zapdos
|-damage|p2a: Zapdos|0 fnt
|faint|p2a: Zapdos
|
|upkeep
|
|t:|1781083422
|switch|p2a: Landorus|Landorus-Therian, M|100/100
|-ability|p2a: Landorus|Intimidate|boost
|-unboost|p1a: Hoopa|atk|1
|turn|5
|
|t:|1781083437
|-terastallize|p1a: Hoopa|Poison
|move|p1a: Hoopa|Psychic|p2a: Landorus
|-damage|p2a: Landorus|29/100
|move|p2a: Landorus|U-turn|p1a: Hoopa
|-resisted|p1a: Hoopa
|-damage|p1a: Hoopa|74/100
|
|t:|1781083443
|switch|p2a: Scizor|Scizor, F|100/100|[from] U-turn
|
|upkeep
|turn|6
|
|t:|1781083460
|switch|p1a: Iron Treads|Iron Treads|100/100
|-enditem|p1a: Iron Treads|Booster Energy
|-activate|p1a: Iron Treads|ability: Quark Drive|[fromitem]
|-start|p1a: Iron Treads|quarkdrivespe
|move|p2a: Scizor|U-turn|p1a: Iron Treads
|-resisted|p1a: Iron Treads
|-damage|p1a: Iron Treads|85/100
|
|t:|1781083467
|switch|p2a: Alomomola|Alomomola, F|100/100|[from] U-turn
|
|upkeep
|turn|7
|
|t:|1781083475
|-end|p1a: Iron Treads|Quark Drive|[silent]
|switch|p1a: Hoopa|Hoopa-Unbound, tera:Poison|74/100
|move|p2a: Alomomola|Wish|p2a: Alomomola
|
|upkeep
|turn|8
|
|t:|1781083481
|move|p1a: Hoopa|Knock Off|p2a: Alomomola
|-damage|p2a: Alomomola|72/100
|-enditem|p2a: Alomomola|Heavy-Duty Boots|[from] move: Knock Off|[of] p1a: Hoopa
|move|p2a: Alomomola|Flip Turn|p1a: Hoopa
|-damage|p1a: Hoopa|44/100
|
|t:|1781083487
|switch|p2a: Landorus|Landorus-Therian, M|29/100|[from] Flip Turn
|-ability|p2a: Landorus|Intimidate|boost
|-unboost|p1a: Hoopa|atk|1
|
|-heal|p2a: Landorus|100/100|[from] move: Wish|[wisher] Alomomola
|upkeep
|turn|9
|
|t:|1781083508
|switch|p1a: Johnny Tsunami 🌊|Araquanid, M|100/100
|move|p2a: Landorus|Earthquake|p1a: Johnny Tsunami 🌊
|-resisted|p1a: Johnny Tsunami 🌊
|-damage|p1a: Johnny Tsunami 🌊|69/100
|
|upkeep
|turn|10
|
|t:|1781083521
|switch|p2a: Amoonguss|Amoonguss, F|100/100
|move|p1a: Johnny Tsunami 🌊|Surf|p2a: Amoonguss
|-resisted|p2a: Amoonguss
|-damage|p2a: Amoonguss|76/100
|
|upkeep
|turn|11
|j| whgsosla5
|
|t:|1781083532
|switch|p1a: Iron Treads|Iron Treads|85/100
|move|p2a: Amoonguss|Giga Drain|p1a: Iron Treads
|-damage|p1a: Iron Treads|53/100
|-heal|p2a: Amoonguss|88/100|[from] drain|[of] p1a: Iron Treads
|
|upkeep
|turn|12
|
|t:|1781083539
|switch|p2a: Alomomola|Alomomola, F|100/100
|move|p1a: Iron Treads|Ice Spinner|p2a: Alomomola
|-resisted|p2a: Alomomola
|-damage|p2a: Alomomola|94/100
|
|upkeep
|turn|13
|
|t:|1781083546
|move|p1a: Iron Treads|Endeavor|p2a: Alomomola
|-damage|p2a: Alomomola|32/100
|move|p2a: Alomomola|Flip Turn|p1a: Iron Treads
|-supereffective|p1a: Iron Treads
|-damage|p1a: Iron Treads|24/100
|
|t:|1781083553
|switch|p2a: Landorus|Landorus-Therian, M|100/100|[from] Flip Turn
|-ability|p2a: Landorus|Intimidate|boost
|-unboost|p1a: Iron Treads|atk|1
|
|upkeep
|turn|14
|
|t:|1781083560
|move|p2a: Landorus|Earthquake|p1a: Iron Treads
|-supereffective|p1a: Iron Treads
|-damage|p1a: Iron Treads|0 fnt
|faint|p1a: Iron Treads
|-end|p1a: Iron Treads|Quark Drive|[silent]
|
|upkeep
|
|t:|1781083576
|switch|p1a: Johnny Tsunami 🌊|Araquanid, M|69/100
|turn|15
|
|t:|1781083580
|switch|p2a: Amoonguss|Amoonguss, F|100/100
|move|p1a: Johnny Tsunami 🌊|Surf|p2a: Amoonguss
|-resisted|p2a: Amoonguss
|-damage|p2a: Amoonguss|77/100
|
|upkeep
|turn|16
|
|t:|1781083588
|move|p1a: Johnny Tsunami 🌊|Sticky Web|p2a: Amoonguss
|-sidestart|p2: Dat boii fam|move: Sticky Web
|move|p2a: Amoonguss|Giga Drain|p1a: Johnny Tsunami 🌊
|-damage|p1a: Johnny Tsunami 🌊|49/100
|-heal|p2a: Amoonguss|85/100|[from] drain|[of] p1a: Johnny Tsunami 🌊
|
|upkeep
|turn|17
|
|t:|1781083597
|move|p1a: Johnny Tsunami 🌊|Surf|p2a: Amoonguss
|-resisted|p2a: Amoonguss
|-damage|p2a: Amoonguss|61/100
|move|p2a: Amoonguss|Giga Drain|p1a: Johnny Tsunami 🌊
|-damage|p1a: Johnny Tsunami 🌊|29/100
|-heal|p2a: Amoonguss|69/100|[from] drain|[of] p1a: Johnny Tsunami 🌊
|
|upkeep
|turn|18
|
|t:|1781083607
|switch|p2a: Alomomola|Alomomola, F|66/100
|-activate|p2a: Alomomola|move: Sticky Web
|-unboost|p2a: Alomomola|spe|1
|move|p1a: Johnny Tsunami 🌊|Endeavor|p2a: Alomomola
|-damage|p2a: Alomomola|19/100
|
|upkeep
|turn|19
|
|t:|1781083615
|move|p2a: Alomomola|Protect|p2a: Alomomola
|-singleturn|p2a: Alomomola|Protect
|move|p1a: Johnny Tsunami 🌊|Surf|p2a: Alomomola
|-activate|p2a: Alomomola|move: Protect
|
|upkeep
|turn|20
|
|t:|1781083630
|move|p1a: Johnny Tsunami 🌊|Surf|p2a: Alomomola
|-resisted|p2a: Alomomola
|-damage|p2a: Alomomola|0 fnt
|faint|p2a: Alomomola
|
|upkeep
|
|t:|1781083634
|switch|p2a: Tornadus|Tornadus-Therian, M|100/100
|turn|21
|
|t:|1781083643
|move|p1a: Johnny Tsunami 🌊|Endure|p1a: Johnny Tsunami 🌊
|-singleturn|p1a: Johnny Tsunami 🌊|move: Endure
|move|p2a: Tornadus|Bleakwind Storm|p1a: Johnny Tsunami 🌊
|-supereffective|p1a: Johnny Tsunami 🌊
|-activate|p1a: Johnny Tsunami 🌊|move: Endure
|-damage|p1a: Johnny Tsunami 🌊|1/100
|-unboost|p1a: Johnny Tsunami 🌊|spe|1
|
|upkeep
|turn|22
|-enditem|p1a: Johnny Tsunami 🌊|Custap Berry|[eat]
|-activate|p1a: Johnny Tsunami 🌊|item: Custap Berry|[consumed]
|
|t:|1781083666
|switch|p2a: Scizor|Scizor, F|100/100
|move|p1a: Johnny Tsunami 🌊|Endeavor|p2a: Scizor
|-damage|p2a: Scizor|1/100
|
|upkeep
|turn|23
|
|t:|1781083692
|move|p2a: Scizor|Bullet Punch|p1a: Johnny Tsunami 🌊
|-resisted|p1a: Johnny Tsunami 🌊
|-damage|p1a: Johnny Tsunami 🌊|0 fnt
|faint|p1a: Johnny Tsunami 🌊
|
|upkeep
|inactive|team10thPlanet has 120 seconds left.
|
|t:|1781083705
|switch|p1a: Zamazenta|Zamazenta|100/100
|-ability|p1a: Zamazenta|Dauntless Shield|boost
|-boost|p1a: Zamazenta|def|1
|turn|24
|
|t:|1781083710
|move|p1a: Zamazenta|Ice Fang|p2a: Scizor
|-resisted|p2a: Scizor
|-damage|p2a: Scizor|0 fnt
|faint|p2a: Scizor
|-damage|p1a: Zamazenta|91/100|[from] item: Life Orb
|
|upkeep
|
|t:|1781083716
|switch|p2a: Tornadus|Tornadus-Therian, M|100/100
|turn|25
|inactive|team10thPlanet has 120 seconds left.
|l| whgsosla5
|
|t:|1781083754
|switch|p1a: Gholdengo|Gholdengo|100/100
|move|p2a: Tornadus|Bleakwind Storm|p1a: Gholdengo
|-resisted|p1a: Gholdengo
|-damage|p1a: Gholdengo|74/100
|-unboost|p1a: Gholdengo|spe|1
|
|upkeep
|turn|26
|inactive|team10thPlanet has 90 seconds left.
|
|t:|1781083796
|move|p2a: Tornadus|Dark Pulse|p1a: Gholdengo
|-supereffective|p1a: Gholdengo
|-crit|p1a: Gholdengo
|-damage|p1a: Gholdengo|0 fnt
|faint|p1a: Gholdengo
|
|upkeep
|inactive|team10thPlanet has 60 seconds left.
|
|t:|1781083821
|switch|p1a: Hoopa|Hoopa-Unbound, tera:Poison|44/100
|turn|27
|
|t:|1781083825
|move|p1a: Hoopa|Knock Off|p2a: Tornadus
|-damage|p2a: Tornadus|44/100
|-enditem|p2a: Tornadus|Heavy-Duty Boots|[from] move: Knock Off|[of] p1a: Hoopa
|move|p2a: Tornadus|Bleakwind Storm|p1a: Hoopa
|-damage|p1a: Hoopa|4/100
|-unboost|p1a: Hoopa|spe|1
|
|upkeep
|turn|28
|
|t:|1781083834
|move|p2a: Tornadus|Dark Pulse|p1a: Hoopa
|-damage|p1a: Hoopa|0 fnt
|faint|p1a: Hoopa
|
|upkeep
|
|t:|1781083845
|switch|p1a: Zamazenta|Zamazenta|91/100
|turn|29
|
|t:|1781083863
|switch|p2a: Landorus|Landorus-Therian, M|100/100
|-ability|p2a: Landorus|Intimidate|boost
|-unboost|p1a: Zamazenta|atk|1
|move|p1a: Zamazenta|Ice Fang|p2a: Landorus
|-supereffective|p2a: Landorus
|-damage|p2a: Landorus|8/100
|-damage|p1a: Zamazenta|81/100|[from] item: Life Orb
|
|upkeep
|turn|30
|
|t:|1781083874
|move|p2a: Landorus|Earthquake|p1a: Zamazenta
|-damage|p1a: Zamazenta|27/100
|move|p1a: Zamazenta|Crunch|p2a: Landorus
|-damage|p2a: Landorus|0 fnt
|faint|p2a: Landorus
|-damage|p1a: Zamazenta|18/100|[from] item: Life Orb
|
|upkeep
|
|t:|1781083882
|switch|p2a: Tornadus|Tornadus-Therian, M|77/100
|turn|31
|
|t:|1781083886
|move|p1a: Zamazenta|Ice Fang|p2a: Tornadus
|-supereffective|p2a: Tornadus
|-damage|p2a: Tornadus|30/100
|-damage|p1a: Zamazenta|8/100|[from] item: Life Orb
|cant|p2a: Tornadus|flinch
|
|upkeep
|turn|32
|
|t:|1781083898
|move|p1a: Zamazenta|Crunch|p2a: Tornadus
|-damage|p2a: Tornadus|2/100
|-unboost|p2a: Tornadus|def|1
|-damage|p1a: Zamazenta|0 fnt|[from] item: Life Orb
|faint|p1a: Zamazenta
|
|win|Dat boii fam
|raw|team10thPlanet's rating: 1655 &rarr; <strong>1640</strong><br />(-15 for losing)
|raw|Dat boii fam's rating: 1741 &rarr; <strong>1756</strong><br />(+15 for winning)
|l|☆Dat boii fam
|player|p2|
|l|☆team10thPlanet
|player|p1|
