|j|☆Hot Chipper
|j|☆Johnny tots
|t:|1781388661
|gametype|singles
|player|p1|Hot Chipper|102|1628
|player|p2|Johnny tots|2|1765
|gen|9
|tier|[Gen 9] OU
|rated|
|rule|HP Percentage Mod: HP is shown in percentages
|rule|Endless Battle Clause: Forcing endless battles is banned
|rule|Species Clause: Limit one of each Pokémon
|rule|OHKO Clause: OHKO moves are banned
|rule|Evasion Items Clause: Evasion items are banned
|rule|Evasion Moves Clause: Evasion moves are banned
|rule|Evasion Abilities Clause: Evasion abilities are banned
|rule|Sleep Moves Clause: Sleep-inducing moves are banned
|clearpoke
|poke|p1|Arcanine-Hisui, M|
|poke|p1|Rotom-Wash|
|poke|p1|Hatterene, F|
|poke|p1|Landorus-Therian, M|
|poke|p1|Pecharunt|
|poke|p1|Iron Treads|
|poke|p2|Rillaboom, M|
|poke|p2|Klefki, F|
|poke|p2|Manaphy|
|poke|p2|Ogerpon-Wellspring, F|
|poke|p2|Ursaluna, M|
|poke|p2|Clefable, M|
|teampreview
|
|t:|1781388667
|teamsize|p1|6
|teamsize|p2|6
|start
|switch|p1a: Arcanine|Arcanine-Hisui, M|100/100
|switch|p2a: Rillaboom|Rillaboom, M|100/100
|-fieldstart|move: Grassy Terrain|[from] ability: Grassy Surge|[of] p2a: Rillaboom
|turn|1
|inactive|Battle timer is ON: inactive players will automatically lose when time's up. (requested by Johnny tots)
|
|t:|1781388670
|switch|p2a: Manaphy|Manaphy|100/100
|move|p1a: Arcanine|Flare Blitz|p2a: Manaphy
|-resisted|p2a: Manaphy
|-damage|p2a: Manaphy|64/100
|-status|p2a: Manaphy|brn
|
|-heal|p2a: Manaphy|70/100 brn|[from] Grassy Terrain
|-heal|p2a: Manaphy|76/100 brn|[from] item: Leftovers
|-damage|p2a: Manaphy|70/100 brn|[from] brn
|upkeep
|turn|2
|
|t:|1781388680
|switch|p1a: Rotom|Rotom-Wash|100/100
|move|p2a: Manaphy|Take Heart|p2a: Manaphy
|-boost|p2a: Manaphy|spa|1
|-boost|p2a: Manaphy|spd|1
|-curestatus|p2a: Manaphy|brn|[msg]
|
|-heal|p2a: Manaphy|76/100|[from] Grassy Terrain
|-heal|p2a: Manaphy|82/100|[from] item: Leftovers
|upkeep
|turn|3
|
|t:|1781388685
|move|p2a: Manaphy|Take Heart|p2a: Manaphy
|-boost|p2a: Manaphy|spa|1
|-boost|p2a: Manaphy|spd|1
|move|p1a: Rotom|Volt Switch|p2a: Manaphy
|-supereffective|p2a: Manaphy
|-damage|p2a: Manaphy|53/100
|
|t:|1781388690
|switch|p1a: Iron Treads|Iron Treads|100/100|[from] Volt Switch
|
|-heal|p2a: Manaphy|59/100|[from] Grassy Terrain
|-heal|p2a: Manaphy|65/100|[from] item: Leftovers
|upkeep
|turn|4
|
|t:|1781388692
|move|p2a: Manaphy|Acid Armor|p2a: Manaphy
|-boost|p2a: Manaphy|def|2
|move|p1a: Iron Treads|Knock Off|p2a: Manaphy
|-damage|p2a: Manaphy|53/100
|-enditem|p2a: Manaphy|Leftovers|[from] move: Knock Off|[of] p1a: Iron Treads
|
|-heal|p2a: Manaphy|59/100|[from] Grassy Terrain
|upkeep
|turn|5
|
|t:|1781388697
|-end|p1a: Iron Treads|Quark Drive|[silent]
|switch|p1a: Hatterene|Hatterene, F|100/100
|move|p2a: Manaphy|Take Heart|p2a: Manaphy
|-boost|p2a: Manaphy|spa|1
|-boost|p2a: Manaphy|spd|1
|
|-heal|p2a: Manaphy|66/100|[from] Grassy Terrain
|upkeep
|turn|6
|
|t:|1781388701
|move|p2a: Manaphy|Scald|p1a: Hatterene
|-damage|p1a: Hatterene|0 fnt
|faint|p1a: Hatterene
|
|-heal|p2a: Manaphy|72/100|[from] Grassy Terrain
|upkeep
|
|t:|1781388707
|switch|p1a: Rotom|Rotom-Wash|100/100
|turn|7
|
|t:|1781388710
|move|p2a: Manaphy|Stored Power|p1a: Rotom
|-damage|p1a: Rotom|0 fnt
|faint|p1a: Rotom
|
|-heal|p2a: Manaphy|78/100|[from] Grassy Terrain
|upkeep
|-message|Hot Chipper forfeited.
|
|win|Johnny tots
|raw|Hot Chipper's rating: 1628 &rarr; <strong>1616</strong><br />(-12 for losing)
|raw|Johnny tots's rating: 1765 &rarr; <strong>1777</strong><br />(+12 for winning)
|l|☆Hot Chipper
|player|p1|
|l|☆Johnny tots
|player|p2|
