|j|☆texett
|j|☆LowEL0God
|t:|1781594254
|gametype|singles
|player|p1|texett|jasmine|1629
|player|p2|LowEL0God|265|1659
|gen|9
|tier|[Gen 9] OU
|rated|
|rule|HP Percentage Mod: HP is shown in percentages
|rule|Endless Battle Clause: Forcing endless battles is banned
|rule|Species Clause: Limit one of each Pokémon
|rule|OHKO Clause: OHKO moves are banned
|rule|Evasion Items Clause: Evasion items are banned
|rule|Evasion Moves Clause: Evasion moves are banned
|rule|Evasion Abilities Clause: Evasion abilities are banned
|rule|Sleep Moves Clause: Sleep-inducing moves are banned
|clearpoke
|poke|p1|Glimmora, M|
|poke|p1|Dragapult, F|
|poke|p1|Zapdos|
|poke|p1|Samurott-Hisui, M|
|poke|p1|Iron Treads|
|poke|p1|Slither Wing|
|poke|p2|Pelipper, F|
|poke|p2|Raging Bolt|
|poke|p2|Overqwil, M|
|poke|p2|Barraskewda, M|
|poke|p2|Iron Treads|
|poke|p2|Kingambit, F|
|teampreview
|inactive|Battle timer is ON: inactive players will automatically lose when time's up. (requested by texett)
|c|☆LowEL0God|hf
|inactive|LowEL0God also wants the timer to be on.
|
|t:|1781594266
|teamsize|p1|6
|teamsize|p2|6
|start
|switch|p1a: Dragapult|Dragapult, F, shiny|100/100
|switch|p2a: Pelipper|Pelipper, F|100/100
|-weather|RainDance|[from] ability: Drizzle|[of] p2a: Pelipper
|turn|1
|
|t:|1781594271
|switch|p2a: Kingambit|Kingambit, F|100/100
|-terastallize|p1a: Dragapult|Ghost
|move|p1a: Dragapult|Shadow Ball|p2a: Kingambit
|-resisted|p2a: Kingambit
|-damage|p2a: Kingambit|64/100
|-unboost|p2a: Kingambit|spd|1
|
|-weather|RainDance|[upkeep]
|-heal|p2a: Kingambit|71/100|[from] item: Leftovers
|upkeep
|turn|2
|
|t:|1781594277
|switch|p1a: Slither Wing|Slither Wing, shiny|100/100
|move|p2a: Kingambit|Kowtow Cleave|p1a: Slither Wing
|-resisted|p1a: Slither Wing
|-damage|p1a: Slither Wing|82/100
|
|-weather|RainDance|[upkeep]
|-heal|p2a: Kingambit|77/100|[from] item: Leftovers
|upkeep
|turn|3
|
|t:|1781594281
|-end|p2a: Kingambit|fallenundefined|[silent]
|switch|p2a: Pelipper|Pelipper, F|100/100
|move|p1a: Slither Wing|U-turn|p2a: Pelipper
|-resisted|p2a: Pelipper
|-damage|p2a: Pelipper|87/100
|
|t:|1781594284
|-end|p1a: Slither Wing|Protosynthesis|[silent]
|switch|p1a: Dragapult|Dragapult, F, shiny, tera:Ghost|100/100|[from] U-turn
|
|-weather|RainDance|[upkeep]
|upkeep
|turn|4
|
|t:|1781594286
|switch|p2a: Kingambit|Kingambit, F|77/100
|move|p1a: Dragapult|Shadow Ball|p2a: Kingambit
|-resisted|p2a: Kingambit
|-damage|p2a: Kingambit|44/100
|-unboost|p2a: Kingambit|spd|1
|
|-weather|RainDance|[upkeep]
|-heal|p2a: Kingambit|50/100|[from] item: Leftovers
|upkeep
|turn|5
|
|t:|1781594294
|switch|p1a: Slither Wing|Slither Wing, shiny|82/100
|move|p2a: Kingambit|Sucker Punch||[still]
|-fail|p2a: Kingambit
|
|-weather|RainDance|[upkeep]
|-heal|p2a: Kingambit|56/100|[from] item: Leftovers
|upkeep
|turn|6
|
|t:|1781594300
|-end|p2a: Kingambit|fallenundefined|[silent]
|switch|p2a: Pelipper|Pelipper, F|87/100
|move|p1a: Slither Wing|U-turn|p2a: Pelipper
|-resisted|p2a: Pelipper
|-damage|p2a: Pelipper|76/100
|
|t:|1781594302
|-end|p1a: Slither Wing|Protosynthesis|[silent]
|switch|p1a: Dragapult|Dragapult, F, shiny, tera:Ghost|100/100|[from] U-turn
|
|-weather|RainDance|[upkeep]
|upkeep
|turn|7
|
|t:|1781594304
|switch|p2a: Kingambit|Kingambit, F|56/100
|move|p1a: Dragapult|Shadow Ball|p2a: Kingambit
|-resisted|p2a: Kingambit
|-damage|p2a: Kingambit|24/100
|-unboost|p2a: Kingambit|spd|1
|
|-weather|RainDance|[upkeep]
|-heal|p2a: Kingambit|30/100|[from] item: Leftovers
|upkeep
|turn|8
|
|t:|1781594308
|switch|p1a: Slither Wing|Slither Wing, shiny|82/100
|move|p2a: Kingambit|Sucker Punch||[still]
|-fail|p2a: Kingambit
|
|-weather|none
|-heal|p2a: Kingambit|36/100|[from] item: Leftovers
|upkeep
|turn|9
|
|t:|1781594310
|-end|p2a: Kingambit|fallenundefined|[silent]
|switch|p2a: Pelipper|Pelipper, F|76/100
|-weather|RainDance|[from] ability: Drizzle|[of] p2a: Pelipper
|move|p1a: Slither Wing|U-turn|p2a: Pelipper
|-resisted|p2a: Pelipper
|-damage|p2a: Pelipper|63/100
|
|t:|1781594313
|-end|p1a: Slither Wing|Protosynthesis|[silent]
|switch|p1a: Dragapult|Dragapult, F, shiny, tera:Ghost|100/100|[from] U-turn
|
|-weather|RainDance|[upkeep]
|upkeep
|turn|10
|
|t:|1781594315
|switch|p2a: Kingambit|Kingambit, F|36/100
|move|p1a: Dragapult|Shadow Ball|p2a: Kingambit
|-resisted|p2a: Kingambit
|-damage|p2a: Kingambit|0 fnt
|faint|p2a: Kingambit
|-end|p2a: Kingambit|fallenundefined|[silent]
|
|-weather|RainDance|[upkeep]
|upkeep
|
|t:|1781594315
|switch|p2a: Barraskewda|Barraskewda, M|100/100
|turn|11
|
|t:|1781594324
|switch|p1a: Zapdos|Zapdos, shiny|100/100
|move|p2a: Barraskewda|Liquidation|p1a: Zapdos
|-crit|p1a: Zapdos
|-damage|p1a: Zapdos|0 fnt
|faint|p1a: Zapdos
|
|-weather|RainDance|[upkeep]
|upkeep
|
|t:|1781594329
|switch|p1a: Samurott|Samurott-Hisui, M, shiny|100/100
|turn|12
|
|t:|1781594332
|move|p2a: Barraskewda|Liquidation|p1a: Samurott
|-resisted|p1a: Samurott
|-damage|p1a: Samurott|40/100
|move|p1a: Samurott|Ceaseless Edge|p2a: Barraskewda
|-damage|p2a: Barraskewda|22/100
|-sidestart|p2: LowEL0God|Spikes
|
|-weather|RainDance|[upkeep]
|upkeep
|turn|13
|
|t:|1781594345
|move|p2a: Barraskewda|Liquidation|p1a: Samurott
|-resisted|p1a: Samurott
|-damage|p1a: Samurott|0 fnt
|faint|p1a: Samurott
|
|-weather|RainDance|[upkeep]
|upkeep
|
|t:|1781594347
|switch|p1a: Slither Wing|Slither Wing, shiny|82/100
|turn|14
|
|t:|1781594350
|switch|p2a: Pelipper|Pelipper, F|63/100
|move|p1a: Slither Wing|First Impression|p2a: Pelipper
|-resisted|p2a: Pelipper
|-damage|p2a: Pelipper|47/100
|
|-weather|RainDance|[upkeep]
|upkeep
|turn|15
|
|t:|1781594359
|-end|p1a: Slither Wing|Protosynthesis|[silent]
|switch|p1a: Iron Treads|Iron Treads, shiny|100/100
|move|p2a: Pelipper|Weather Ball|p1a: Iron Treads
|-supereffective|p1a: Iron Treads
|-damage|p1a: Iron Treads|49/100
|
|-weather|RainDance|[upkeep]
|upkeep
|turn|16
|
|t:|1781594363
|-terastallize|p2a: Pelipper|Ground
|move|p1a: Iron Treads|Volt Switch|p2a: Pelipper
|-immune|p2a: Pelipper
|move|p2a: Pelipper|Weather Ball|p1a: Iron Treads
|-supereffective|p1a: Iron Treads
|-damage|p1a: Iron Treads|0 fnt
|faint|p1a: Iron Treads
|-end|p1a: Iron Treads|Quark Drive|[silent]
|
|-weather|none
|upkeep
|
|t:|1781594367
|switch|p1a: Dragapult|Dragapult, F, shiny, tera:Ghost|100/100
|turn|17
|
|t:|1781594370
|switch|p2a: Barraskewda|Barraskewda, M|22/100
|-damage|p2a: Barraskewda|9/100|[from] Spikes
|move|p1a: Dragapult|Shadow Ball|p2a: Barraskewda
|-damage|p2a: Barraskewda|0 fnt
|faint|p2a: Barraskewda
|
|upkeep
|
|t:|1781594371
|switch|p2a: Raging Bolt|Raging Bolt|100/100
|-damage|p2a: Raging Bolt|88/100|[from] Spikes
|-enditem|p2a: Raging Bolt|Booster Energy
|-activate|p2a: Raging Bolt|ability: Protosynthesis|[fromitem]
|-start|p2a: Raging Bolt|protosynthesisspa
|turn|18
|
|t:|1781594374
|switch|p1a: Glimmora|Glimmora, M, shiny|100/100
|move|p2a: Raging Bolt|Draco Meteor|p1a: Glimmora
|-damage|p1a: Glimmora|0 fnt
|-unboost|p2a: Raging Bolt|spa|2
|faint|p1a: Glimmora
|
|upkeep
|
|t:|1781594377
|switch|p1a: Slither Wing|Slither Wing, shiny|82/100
|turn|19
|
|t:|1781594381
|move|p2a: Raging Bolt|Draco Meteor|p1a: Slither Wing
|-damage|p1a: Slither Wing|35/100
|-unboost|p2a: Raging Bolt|spa|2
|move|p1a: Slither Wing|U-turn|p2a: Raging Bolt
|-damage|p2a: Raging Bolt|61/100
|
|t:|1781594388
|-end|p1a: Slither Wing|Protosynthesis|[silent]
|switch|p1a: Dragapult|Dragapult, F, shiny, tera:Ghost|100/100|[from] U-turn
|
|upkeep
|turn|20
|
|t:|1781594389
|-end|p2a: Raging Bolt|Protosynthesis|[silent]
|switch|p2a: Pelipper|Pelipper, F, tera:Ground|47/100
|-damage|p2a: Pelipper|35/100|[from] Spikes
|-weather|RainDance|[from] ability: Drizzle|[of] p2a: Pelipper
|move|p1a: Dragapult|Shadow Ball|p2a: Pelipper
|-damage|p2a: Pelipper|0 fnt
|faint|p2a: Pelipper
|
|-weather|RainDance|[upkeep]
|upkeep
|
|t:|1781594390
|switch|p2a: Overqwil|Overqwil, M|100/100
|-damage|p2a: Overqwil|88/100|[from] Spikes
|turn|21
|
|t:|1781594394
|switch|p1a: Slither Wing|Slither Wing, shiny|35/100
|move|p2a: Overqwil|Crunch|p1a: Slither Wing
|-resisted|p1a: Slither Wing
|-damage|p1a: Slither Wing|13/100
|-damage|p2a: Overqwil|78/100|[from] item: Life Orb
|
|-weather|RainDance|[upkeep]
|upkeep
|turn|22
|
|t:|1781594397
|move|p1a: Slither Wing|First Impression|p2a: Overqwil
|-damage|p2a: Overqwil|31/100
|move|p2a: Overqwil|Crunch|p1a: Slither Wing
|-resisted|p1a: Slither Wing
|-damage|p1a: Slither Wing|0 fnt
|faint|p1a: Slither Wing
|-end|p1a: Slither Wing|Protosynthesis|[silent]
|-damage|p2a: Overqwil|22/100|[from] item: Life Orb
|
|-weather|RainDance|[upkeep]
|upkeep
|
|t:|1781594400
|switch|p1a: Dragapult|Dragapult, F, shiny, tera:Ghost|100/100
|turn|23
|
|t:|1781594402
|move|p2a: Overqwil|Crunch|p1a: Dragapult
|-supereffective|p1a: Dragapult
|-damage|p1a: Dragapult|0 fnt
|faint|p1a: Dragapult
|-damage|p2a: Overqwil|12/100|[from] item: Life Orb
|
|win|LowEL0God
|raw|texett's rating: 1629 &rarr; <strong>1611</strong><br />(-18 for losing)
|raw|LowEL0God's rating: 1659 &rarr; <strong>1677</strong><br />(+18 for winning)
|l|☆texett
|player|p1|
|c|☆LowEL0God|gg
|l|☆LowEL0God
|player|p2|
