|j|☆KnuckleTesting
|j|☆AmygdalanResponse
|t:|1781377737
|gametype|singles
|player|p1|KnuckleTesting|169|1547
|player|p2|AmygdalanResponse|marshal|1546
|gen|9
|tier|[Gen 9] OU
|rated|
|rule|HP Percentage Mod: HP is shown in percentages
|rule|Endless Battle Clause: Forcing endless battles is banned
|rule|Species Clause: Limit one of each Pokémon
|rule|OHKO Clause: OHKO moves are banned
|rule|Evasion Items Clause: Evasion items are banned
|rule|Evasion Moves Clause: Evasion moves are banned
|rule|Evasion Abilities Clause: Evasion abilities are banned
|rule|Sleep Moves Clause: Sleep-inducing moves are banned
|clearpoke
|poke|p1|Dragonite, F|
|poke|p1|Great Tusk|
|poke|p1|Deoxys-Speed|
|poke|p1|Gholdengo|
|poke|p1|Zamazenta-*|
|poke|p1|Iron Valiant|
|poke|p2|Indeedee, M|
|poke|p2|Iron Crown|
|poke|p2|Iron Valiant|
|poke|p2|Primarina, M|
|poke|p2|Great Tusk|
|poke|p2|Zamazenta-*|
|teampreview
|inactive|Battle timer is ON: inactive players will automatically lose when time's up. (requested by KnuckleTesting)
|inactive|AmygdalanResponse has 120 seconds left.
|c|☆AmygdalanResponse|gl hf
|
|t:|1781377791
|teamsize|p1|6
|teamsize|p2|6
|start
|switch|p1a: Deoxys|Deoxys-Speed|100/100
|switch|p2a: Indeedee|Indeedee, M|100/100
|-ability|p1a: Deoxys|Pressure
|-fieldstart|move: Psychic Terrain|[from] ability: Psychic Surge|[of] p2a: Indeedee
|turn|1
|inactive|KnuckleTesting has 120 seconds left.
|inactive|KnuckleTesting has 90 seconds left.
|c|☆KnuckleTesting|Glhf
|c|☆KnuckleTesting|Sorry for stalling
|
|t:|1781377864
|move|p1a: Deoxys|Stealth Rock|p2a: Indeedee
|-sidestart|p2: AmygdalanResponse|move: Stealth Rock
|move|p2a: Indeedee|Encore|p1a: Deoxys
|-start|p1a: Deoxys|Encore
|
|upkeep
|turn|2
|inactive|AmygdalanResponse has 120 seconds left.
|inactive|AmygdalanResponse has 90 seconds left.
|inactive|AmygdalanResponse has 60 seconds left.
|
|t:|1781377957
|switch|p1a: Dragonite|Dragonite, F|100/100
|switch|p2a: Iron Valiant|Iron Valiant|100/100
|-damage|p2a: Iron Valiant|94/100|[from] Stealth Rock
|-enditem|p2a: Iron Valiant|Booster Energy
|-activate|p2a: Iron Valiant|ability: Quark Drive|[fromitem]
|-start|p2a: Iron Valiant|quarkdrivespe
|
|upkeep
|turn|3
|inactive|KnuckleTesting has 90 seconds left.
|
|t:|1781377962
|move|p2a: Iron Valiant|Knock Off|p1a: Dragonite
|-damage|p1a: Dragonite|81/100
|-enditem|p1a: Dragonite|Life Orb|[from] move: Knock Off|[of] p2a: Iron Valiant
|move|p1a: Dragonite|Fire Punch|p2a: Iron Valiant
|-damage|p2a: Iron Valiant|59/100
|
|upkeep
|turn|4
|
|t:|1781377970
|move|p1a: Dragonite|Extreme Speed|p2a: Iron Valiant
|-activate|p2a: Iron Valiant|move: Psychic Terrain
|move|p2a: Iron Valiant|Knock Off|p1a: Dragonite
|-damage|p1a: Dragonite|58/100
|
|upkeep
|turn|5
|
|t:|1781377974
|move|p2a: Iron Valiant|Encore|p1a: Dragonite
|-start|p1a: Dragonite|Encore
|move|p1a: Dragonite|Extreme Speed|p2a: Iron Valiant
|-damage|p2a: Iron Valiant|20/100
|
|upkeep
|turn|6
|
|t:|1781377980
|move|p1a: Dragonite|Extreme Speed|p2a: Iron Valiant
|-activate|p2a: Iron Valiant|move: Psychic Terrain
|move|p2a: Iron Valiant|Swords Dance|p2a: Iron Valiant
|-boost|p2a: Iron Valiant|atk|2
|
|upkeep
|turn|7
|
|t:|1781377985
|switch|p1a: Deoxys|Deoxys-Speed|100/100
|-ability|p1a: Deoxys|Pressure
|move|p2a: Iron Valiant|Knock Off|p1a: Deoxys
|-supereffective|p1a: Deoxys
|-enditem|p1a: Deoxys|Focus Sash
|-damage|p1a: Deoxys|1/100
|
|upkeep
|turn|8
|
|t:|1781377990
|move|p2a: Iron Valiant|Knock Off|p1a: Deoxys
|-supereffective|p1a: Deoxys
|-damage|p1a: Deoxys|0 fnt
|faint|p1a: Deoxys
|
|-fieldend|move: Psychic Terrain
|upkeep
|
|t:|1781377992
|switch|p1a: Dragonite|Dragonite, F|58/100
|turn|9
|
|t:|1781377995
|-end|p2a: Iron Valiant|Quark Drive|[silent]
|switch|p2a: Indeedee|Indeedee, M|100/100
|-damage|p2a: Indeedee|88/100|[from] Stealth Rock
|-fieldstart|move: Psychic Terrain|[from] ability: Psychic Surge|[of] p2a: Indeedee
|move|p1a: Dragonite|Extreme Speed|p2a: Indeedee
|-activate|p2a: Indeedee|move: Psychic Terrain
|
|upkeep
|turn|10
|
|t:|1781377999
|move|p2a: Indeedee|Expanding Force|p1a: Dragonite
|-damage|p1a: Dragonite|0 fnt
|faint|p1a: Dragonite
|
|upkeep
|
|t:|1781378004
|switch|p1a: Gholdengo|Gholdengo|100/100
|turn|11
|
|t:|1781378007
|switch|p2a: Iron Valiant|Iron Valiant|20/100
|-damage|p2a: Iron Valiant|14/100|[from] Stealth Rock
|move|p1a: Gholdengo|Nasty Plot|p1a: Gholdengo
|-boost|p1a: Gholdengo|spa|2
|
|upkeep
|turn|12
|
|t:|1781378010
|move|p2a: Iron Valiant|Knock Off|p1a: Gholdengo
|-supereffective|p1a: Gholdengo
|-damage|p1a: Gholdengo|46/100
|-enditem|p1a: Gholdengo|Custap Berry|[from] move: Knock Off|[of] p2a: Iron Valiant
|move|p1a: Gholdengo|Shadow Ball|p2a: Iron Valiant
|-damage|p2a: Iron Valiant|0 fnt
|faint|p2a: Iron Valiant
|-end|p2a: Iron Valiant|Quark Drive|[silent]
|
|upkeep
|
|t:|1781378017
|switch|p2a: Zamazenta|Zamazenta|100/100
|-ability|p2a: Zamazenta|Dauntless Shield|boost
|-boost|p2a: Zamazenta|def|1
|turn|13
|
|t:|1781378024
|-terastallize|p1a: Gholdengo|Fairy
|move|p2a: Zamazenta|Crunch|p1a: Gholdengo
|-resisted|p1a: Gholdengo
|-damage|p1a: Gholdengo|37/100
|move|p1a: Gholdengo|Recover|p1a: Gholdengo
|-heal|p1a: Gholdengo|87/100
|
|upkeep
|turn|14
|
|t:|1781378031
|move|p2a: Zamazenta|Heavy Slam|p1a: Gholdengo
|-supereffective|p1a: Gholdengo
|-damage|p1a: Gholdengo|29/100
|move|p1a: Gholdengo|Make It Rain|p2a: Zamazenta
|-damage|p2a: Zamazenta|0 fnt
|-unboost|p1a: Gholdengo|spa|1
|faint|p2a: Zamazenta
|
|upkeep
|
|t:|1781378041
|switch|p2a: Indeedee|Indeedee, M|88/100
|-damage|p2a: Indeedee|76/100|[from] Stealth Rock
|turn|15
|
|t:|1781378044
|move|p2a: Indeedee|Expanding Force|p1a: Gholdengo
|-damage|p1a: Gholdengo|0 fnt
|faint|p1a: Gholdengo
|
|upkeep
|
|t:|1781378047
|switch|p1a: Iron Valiant|Iron Valiant|100/100
|-enditem|p1a: Iron Valiant|Booster Energy
|-activate|p1a: Iron Valiant|ability: Quark Drive|[fromitem]
|-start|p1a: Iron Valiant|quarkdrivespe
|turn|16
|
|t:|1781378052
|switch|p2a: Primarina|Primarina, M|100/100
|-damage|p2a: Primarina|88/100|[from] Stealth Rock
|move|p1a: Iron Valiant|Knock Off|p2a: Primarina
|-resisted|p2a: Primarina
|-damage|p2a: Primarina|68/100
|-enditem|p2a: Primarina|Assault Vest|[from] move: Knock Off|[of] p1a: Iron Valiant
|
|-fieldend|move: Psychic Terrain
|upkeep
|turn|17
|
|t:|1781378066
|move|p1a: Iron Valiant|Destiny Bond|p1a: Iron Valiant
|-singlemove|p1a: Iron Valiant|Destiny Bond
|move|p2a: Primarina|Moonblast|p1a: Iron Valiant
|-supereffective|p1a: Iron Valiant
|-damage|p1a: Iron Valiant|0 fnt
|faint|p1a: Iron Valiant
|-activate|p1a: Iron Valiant|move: Destiny Bond
|-end|p1a: Iron Valiant|Quark Drive|[silent]
|faint|p2a: Primarina
|
|upkeep
|
|t:|1781378085
|switch|p1a: Zamazenta|Zamazenta|100/100
|switch|p2a: Indeedee|Indeedee, M|76/100
|-ability|p1a: Zamazenta|Dauntless Shield|boost
|-boost|p1a: Zamazenta|def|1
|-damage|p2a: Indeedee|64/100|[from] Stealth Rock
|-fieldstart|move: Psychic Terrain|[from] ability: Psychic Surge|[of] p2a: Indeedee
|turn|18
|
|t:|1781378088
|move|p1a: Zamazenta|Crunch|p2a: Indeedee
|-supereffective|p2a: Indeedee
|-damage|p2a: Indeedee|0 fnt
|faint|p2a: Indeedee
|-damage|p1a: Zamazenta|91/100|[from] item: Life Orb
|
|upkeep
|
|t:|1781378091
|switch|p2a: Iron Crown|Iron Crown|100/100
|-damage|p2a: Iron Crown|94/100|[from] Stealth Rock
|-enditem|p2a: Iron Crown|Booster Energy
|-activate|p2a: Iron Crown|ability: Quark Drive|[fromitem]
|-start|p2a: Iron Crown|quarkdrivespe
|turn|19
|
|t:|1781378096
|-terastallize|p2a: Iron Crown|Fighting
|move|p2a: Iron Crown|Calm Mind|p2a: Iron Crown
|-boost|p2a: Iron Crown|spa|1
|-boost|p2a: Iron Crown|spd|1
|move|p1a: Zamazenta|Crunch|p2a: Iron Crown
|-resisted|p2a: Iron Crown
|-damage|p2a: Iron Crown|76/100
|-damage|p1a: Zamazenta|81/100|[from] item: Life Orb
|
|upkeep
|turn|20
|
|t:|1781378101
|move|p2a: Iron Crown|Expanding Force|p1a: Zamazenta
|-supereffective|p1a: Zamazenta
|-damage|p1a: Zamazenta|0 fnt
|faint|p1a: Zamazenta
|
|upkeep
|
|t:|1781378102
|switch|p1a: Great Tusk|Great Tusk|100/100
|-enditem|p1a: Great Tusk|Booster Energy
|-activate|p1a: Great Tusk|ability: Protosynthesis|[fromitem]
|-start|p1a: Great Tusk|protosynthesisspe
|turn|21
|
|t:|1781378104
|move|p2a: Iron Crown|Expanding Force|p1a: Great Tusk
|-supereffective|p1a: Great Tusk
|-damage|p1a: Great Tusk|0 fnt
|faint|p1a: Great Tusk
|-end|p1a: Great Tusk|Protosynthesis|[silent]
|
|win|AmygdalanResponse
|raw|KnuckleTesting's rating: 1547 &rarr; <strong>1527</strong><br />(-20 for losing)
|raw|AmygdalanResponse's rating: 1546 &rarr; <strong>1566</strong><br />(+20 for winning)
|l|☆KnuckleTesting
|player|p1|
