|j|‽rrbrru
|j|☆lolcano46
|t:|1781578376
|gametype|singles
|player|p1|rrbrru|101|1657
|player|p2|lolcano46|fisherman-gen4|1680
|gen|9
|tier|[Gen 9] OU
|rated|
|rule|HP Percentage Mod: HP is shown in percentages
|rule|Endless Battle Clause: Forcing endless battles is banned
|rule|Species Clause: Limit one of each Pokémon
|rule|OHKO Clause: OHKO moves are banned
|rule|Evasion Items Clause: Evasion items are banned
|rule|Evasion Moves Clause: Evasion moves are banned
|rule|Evasion Abilities Clause: Evasion abilities are banned
|rule|Sleep Moves Clause: Sleep-inducing moves are banned
|clearpoke
|poke|p1|Tyranitar, M|
|poke|p1|Excadrill, M|
|poke|p1|Hydrapple, M|
|poke|p1|Tornadus-Therian, M|
|poke|p1|Alomomola, F|
|poke|p1|Houndstone, F|
|poke|p2|Azelf|
|poke|p2|Ogerpon-Wellspring, F|
|poke|p2|Scizor, M|
|poke|p2|Gengar, M|
|poke|p2|Raging Bolt|
|poke|p2|Cinderace, F|
|teampreview
|inactive|Battle timer is ON: inactive players will automatically lose when time's up. (requested by lolcano46)
|
|t:|1781578381
|teamsize|p1|6
|teamsize|p2|6
|start
|switch|p1a: Tyranitar|Tyranitar, M|100/100
|switch|p2a: Cinderace|Cinderace, F|100/100
|-weather|Sandstorm|[from] ability: Sand Stream|[of] p1a: Tyranitar
|turn|1
|
|t:|1781578390
|switch|p1a: Houndstone|Houndstone, F|100/100
|move|p2a: Cinderace|Will-O-Wisp|p1a: Houndstone
|-status|p1a: Houndstone|brn
|
|-weather|Sandstorm|[upkeep]
|-damage|p2a: Cinderace|95/100|[from] Sandstorm
|-damage|p1a: Houndstone|95/100 brn|[from] brn
|upkeep
|turn|2
|
|t:|1781578400
|move|p2a: Cinderace|Sucker Punch||[still]
|-fail|p2a: Cinderace
|move|p1a: Houndstone|Will-O-Wisp|p2a: Cinderace
|-immune|p2a: Cinderace
|
|-weather|Sandstorm|[upkeep]
|-damage|p2a: Cinderace|89/100|[from] Sandstorm
|-damage|p1a: Houndstone|89/100 brn|[from] brn
|upkeep
|turn|3
|
|t:|1781578408
|switch|p1a: Alomomola|Alomomola, F|100/100
|move|p2a: Cinderace|Pyro Ball|p1a: Alomomola
|-resisted|p1a: Alomomola
|-damage|p1a: Alomomola|83/100
|
|-weather|Sandstorm|[upkeep]
|-damage|p2a: Cinderace|83/100|[from] Sandstorm
|-damage|p1a: Alomomola|76/100|[from] Sandstorm
|upkeep
|turn|4
|
|t:|1781578414
|switch|p1a: Tornadus|Tornadus-Therian, M|100/100
|move|p2a: Cinderace|Will-O-Wisp|p1a: Tornadus
|-status|p1a: Tornadus|brn
|
|-weather|Sandstorm|[upkeep]
|-damage|p1a: Tornadus|94/100 brn|[from] Sandstorm
|-damage|p2a: Cinderace|77/100|[from] Sandstorm
|-damage|p1a: Tornadus|88/100 brn|[from] brn
|upkeep
|turn|5
|
|t:|1781578435
|move|p1a: Tornadus|Bleakwind Storm|p2a: Cinderace
|-damage|p2a: Cinderace|22/100
|-unboost|p2a: Cinderace|spe|1
|move|p2a: Cinderace|Pyro Ball|p1a: Tornadus
|-damage|p1a: Tornadus|23/100 brn
|
|-weather|none
|-damage|p1a: Tornadus|16/100 brn|[from] brn
|upkeep
|turn|6
|
|t:|1781578443
|switch|p1a: Alomomola|Alomomola, F|100/100
|move|p2a: Cinderace|Sucker Punch||[still]
|-fail|p2a: Cinderace
|
|upkeep
|turn|7
|
|t:|1781578463
|switch|p2a: Ogerpon|Ogerpon-Wellspring, F|100/100
|move|p1a: Alomomola|Flip Turn|p2a: Ogerpon
|-immune|p2a: Ogerpon|[from] ability: Water Absorb
|
|upkeep
|turn|8
|inactive|rrbrru has 120 seconds left.
|
|t:|1781578502
|switch|p1a: Hydrapple|Hydrapple, M|100/100
|move|p2a: Ogerpon|Swords Dance|p2a: Ogerpon
|-boost|p2a: Ogerpon|atk|2
|
|upkeep
|turn|9
|
|t:|1781578508
|move|p2a: Ogerpon|Play Rough|p1a: Hydrapple
|-supereffective|p1a: Hydrapple
|-damage|p1a: Hydrapple|0 fnt
|faint|p1a: Hydrapple
|
|upkeep
|
|t:|1781578513
|switch|p1a: Tornadus|Tornadus-Therian, M|50/100 brn
|turn|10
|
|t:|1781578516
|-terastallize|p2a: Ogerpon|Water
|detailschange|p2a: Ogerpon|Ogerpon-Wellspring-Tera, F, tera:Water
|-ability|p2a: Ogerpon|Embody Aspect (Wellspring)|boost
|-boost|p2a: Ogerpon|spd|1
|move|p1a: Tornadus|Bleakwind Storm|p2a: Ogerpon
|-damage|p2a: Ogerpon|70/100
|-unboost|p2a: Ogerpon|spe|1
|move|p2a: Ogerpon|Ivy Cudgel|p1a: Tornadus|[anim] Ivy Cudgel Water
|-damage|p1a: Tornadus|0 fnt
|faint|p1a: Tornadus
|
|upkeep
|
|t:|1781578524
|switch|p1a: Excadrill|Excadrill, M|100/100
|turn|11
|
|t:|1781578528
|switch|p2a: Azelf|Azelf|100/100
|-terastallize|p1a: Excadrill|Ground
|move|p1a: Excadrill|Earthquake|p2a: Azelf
|-immune|p2a: Azelf|[from] ability: Levitate
|
|upkeep
|turn|12
|
|t:|1781578533
|switch|p1a: Tyranitar|Tyranitar, M|100/100
|-weather|Sandstorm|[from] ability: Sand Stream|[of] p1a: Tyranitar
|move|p2a: Azelf|Mystical Power|p1a: Tyranitar
|-immune|p1a: Tyranitar
|
|-weather|Sandstorm|[upkeep]
|-damage|p2a: Azelf|94/100|[from] Sandstorm
|upkeep
|turn|13
|inactive|rrbrru has 120 seconds left.
|
|t:|1781578566
|switch|p2a: Ogerpon|Ogerpon-Wellspring-Tera, F, tera:Water|70/100
|-ability|p2a: Ogerpon|Embody Aspect (Wellspring)|boost
|-boost|p2a: Ogerpon|spd|1
|move|p1a: Tyranitar|Stealth Rock|p2a: Ogerpon
|-sidestart|p2: lolcano46|move: Stealth Rock
|
|-weather|Sandstorm|[upkeep]
|-damage|p2a: Ogerpon|64/100|[from] Sandstorm
|upkeep
|turn|14
|
|t:|1781578572
|switch|p1a: Houndstone|Houndstone, F|89/100 brn
|move|p2a: Ogerpon|Horn Leech|p1a: Houndstone
|-damage|p1a: Houndstone|32/100 brn
|-heal|p2a: Ogerpon|91/100|[from] drain|[of] p1a: Houndstone
|
|-weather|Sandstorm|[upkeep]
|-damage|p2a: Ogerpon|85/100|[from] Sandstorm
|-damage|p1a: Houndstone|26/100 brn|[from] brn
|upkeep
|turn|15
|inactive|rrbrru has 120 seconds left.
|
|t:|1781578601
|switch|p2a: Cinderace|Cinderace, F|22/100
|move|p1a: Houndstone|Destiny Bond|p1a: Houndstone
|-singlemove|p1a: Houndstone|Destiny Bond
|
|-weather|Sandstorm|[upkeep]
|-damage|p2a: Cinderace|16/100|[from] Sandstorm
|-damage|p1a: Houndstone|20/100 brn|[from] brn
|upkeep
|turn|16
|inactive|rrbrru has 120 seconds left.
|
|t:|1781578607
|switch|p1a: Excadrill|Excadrill, M, tera:Ground|100/100
|move|p2a: Cinderace|Court Change|p2a: Cinderace
|-start|p2a: Cinderace|typechange|Normal|[from] ability: Libero
|-swapsideconditions
|-activate|p2a: Cinderace|move: Court Change
|
|-weather|none
|upkeep
|turn|17
|
|t:|1781578612
|switch|p1a: Tyranitar|Tyranitar, M|100/100
|-damage|p1a: Tyranitar|88/100|[from] Stealth Rock
|-weather|Sandstorm|[from] ability: Sand Stream|[of] p1a: Tyranitar
|move|p2a: Cinderace|Will-O-Wisp|p1a: Tyranitar
|-status|p1a: Tyranitar|brn
|
|-weather|Sandstorm|[upkeep]
|-damage|p2a: Cinderace|10/100|[from] Sandstorm
|-heal|p1a: Tyranitar|94/100 brn|[from] item: Leftovers
|-damage|p1a: Tyranitar|88/100 brn|[from] brn
|upkeep
|turn|18
|
|t:|1781578618
|switch|p1a: Excadrill|Excadrill, M, tera:Ground|100/100
|-damage|p1a: Excadrill|94/100|[from] Stealth Rock
|move|p2a: Cinderace|Pyro Ball|p1a: Excadrill
|-damage|p1a: Excadrill|38/100
|
|-weather|Sandstorm|[upkeep]
|-damage|p2a: Cinderace|4/100|[from] Sandstorm
|-heal|p1a: Excadrill|44/100|[from] item: Leftovers
|upkeep
|turn|19
|
|t:|1781578622
|move|p2a: Cinderace|Sucker Punch|p1a: Excadrill
|-damage|p1a: Excadrill|11/100
|move|p1a: Excadrill|Rapid Spin|p2a: Cinderace
|-damage|p2a: Cinderace|0 fnt
|-boost|p1a: Excadrill|spe|1
|-sideend|p1: rrbrru|Stealth Rock|[from] move: Rapid Spin|[of] p1a: Excadrill
|faint|p2a: Cinderace
|
|-weather|Sandstorm|[upkeep]
|-heal|p1a: Excadrill|17/100|[from] item: Leftovers
|upkeep
|
|t:|1781578625
|switch|p2a: Scizor|Scizor, M|100/100
|turn|20
|
|t:|1781578629
|switch|p1a: Alomomola|Alomomola, F|100/100
|move|p2a: Scizor|Bullet Punch|p1a: Alomomola
|-resisted|p1a: Alomomola
|-damage|p1a: Alomomola|90/100
|
|-weather|Sandstorm|[upkeep]
|-damage|p1a: Alomomola|84/100|[from] Sandstorm
|upkeep
|turn|21
|
|t:|1781578632
|move|p2a: Scizor|Swords Dance|p2a: Scizor
|-boost|p2a: Scizor|atk|2
|move|p1a: Alomomola|Wish|p1a: Alomomola
|
|-weather|none
|upkeep
|turn|22
|
|t:|1781578636
|move|p2a: Scizor|Knock Off|p1a: Alomomola
|-damage|p1a: Alomomola|36/100
|-enditem|p1a: Alomomola|Heavy-Duty Boots|[from] move: Knock Off|[of] p2a: Scizor
|move|p1a: Alomomola|Flip Turn|p2a: Scizor
|-damage|p2a: Scizor|82/100
|
|t:|1781578638
|switch|p1a: Excadrill|Excadrill, M, tera:Ground|17/100|[from] Flip Turn
|
|-heal|p1a: Excadrill|82/100|[from] move: Wish|[wisher] Alomomola
|-heal|p1a: Excadrill|89/100|[from] item: Leftovers
|upkeep
|turn|23
|
|t:|1781578643
|switch|p1a: Alomomola|Alomomola, F|69/100
|move|p2a: Scizor|Bullet Punch|p1a: Alomomola
|-resisted|p1a: Alomomola
|-damage|p1a: Alomomola|47/100
|
|upkeep
|turn|24
|
|t:|1781578648
|move|p2a: Scizor|Close Combat|p1a: Alomomola
|-damage|p1a: Alomomola|0 fnt
|-unboost|p2a: Scizor|def|1
|-unboost|p2a: Scizor|spd|1
|faint|p1a: Alomomola
|
|upkeep
|
|t:|1781578651
|switch|p1a: Excadrill|Excadrill, M, tera:Ground|89/100
|turn|25
|
|t:|1781578653
|move|p2a: Scizor|Bullet Punch|p1a: Excadrill
|-damage|p1a: Excadrill|0 fnt
|faint|p1a: Excadrill
|
|upkeep
|-message|rrbrru forfeited.
|
|win|lolcano46
|raw|rrbrru's rating: 1641 &rarr; <strong>1623</strong><br />(-18 for losing)
|raw|lolcano46's rating: 1680 &rarr; <strong>1698</strong><br />(+18 for winning)
|l|‽rrbrru
|player|p1|
|l|☆lolcano46
|player|p2|
