|j|☆Indigo Disk CJ
|j|☆OP Earthquakes
|t:|1781125315
|gametype|singles
|player|p1|Indigo Disk CJ|102|1699
|player|p2|OP Earthquakes|giovanni-masters|1801
|gen|9
|tier|[Gen 9] OU
|rated|
|rule|HP Percentage Mod: HP is shown in percentages
|rule|Endless Battle Clause: Forcing endless battles is banned
|rule|Species Clause: Limit one of each Pokémon
|rule|OHKO Clause: OHKO moves are banned
|rule|Evasion Items Clause: Evasion items are banned
|rule|Evasion Moves Clause: Evasion moves are banned
|rule|Evasion Abilities Clause: Evasion abilities are banned
|rule|Sleep Moves Clause: Sleep-inducing moves are banned
|clearpoke
|poke|p1|Landorus-Therian, M|
|poke|p1|Ogerpon-Wellspring, F|
|poke|p1|Gholdengo|
|poke|p1|Tyranitar, F|
|poke|p1|Raging Bolt|
|poke|p1|Cinderace, M|
|poke|p2|Excadrill, F|
|poke|p2|Tyranitar, M|
|poke|p2|Kyurem|
|poke|p2|Hawlucha, M|
|poke|p2|Pawmot, F|
|poke|p2|Zamazenta-*|
|teampreview
|inactive|Battle timer is ON: inactive players will automatically lose when time's up. (requested by OP Earthquakes)
|
|t:|1781125333
|teamsize|p1|6
|teamsize|p2|6
|start
|switch|p1a: Tyranitar|Tyranitar, F, shiny|100/100
|switch|p2a: The sandstorm|Tyranitar, M, shiny|100/100
|-weather|Sandstorm|[from] ability: Sand Stream|[of] p1a: Tyranitar
|turn|1
|
|t:|1781125343
|switch|p2a: Itachi|Hawlucha, M, shiny|100/100
|-ability|p2a: Itachi|Mold Breaker
|move|p1a: Tyranitar|Low Kick|p2a: Itachi
|-resisted|p2a: Itachi
|-damage|p2a: Itachi|86/100
|-enditem|p2a: Itachi|Red Card|[of] p1a: Tyranitar
|drag|p1a: Raging Bolt|Raging Bolt|100/100
|-enditem|p1a: Raging Bolt|Booster Energy
|-activate|p1a: Raging Bolt|ability: Protosynthesis|[fromitem]
|-start|p1a: Raging Bolt|protosynthesisspa
|
|-weather|Sandstorm|[upkeep]
|-damage|p2a: Itachi|80/100|[from] Sandstorm
|-damage|p1a: Raging Bolt|94/100|[from] Sandstorm
|upkeep
|turn|2
|
|t:|1781125350
|switch|p2a: OP|Excadrill, F|100/100
|move|p1a: Raging Bolt|Dragon Pulse|p2a: OP
|-resisted|p2a: OP
|-damage|p2a: OP|60/100
|
|-weather|Sandstorm|[upkeep]
|-damage|p1a: Raging Bolt|88/100|[from] Sandstorm
|upkeep
|turn|3
|
|t:|1781125358
|-end|p1a: Raging Bolt|Protosynthesis|[silent]
|switch|p1a: Landorus|Landorus-Therian, M|100/100
|-ability|p1a: Landorus|Intimidate|boost
|-unboost|p2a: OP|atk|1
|move|p2a: OP|Iron Head|p1a: Landorus
|-damage|p1a: Landorus|55/100
|-damage|p2a: OP|43/100|[from] item: Rocky Helmet|[of] p1a: Landorus
|
|-weather|Sandstorm|[upkeep]
|upkeep
|turn|4
|
|t:|1781125362
|move|p2a: OP|Iron Head|p1a: Landorus
|-damage|p1a: Landorus|8/100
|-damage|p2a: OP|26/100|[from] item: Rocky Helmet|[of] p1a: Landorus
|cant|p1a: Landorus|flinch
|
|-weather|Sandstorm|[upkeep]
|upkeep
|turn|5
|
|t:|1781125370
|switch|p1a: Cinderace|Cinderace, M, shiny|100/100
|move|p2a: OP|Iron Head|p1a: Cinderace
|-resisted|p1a: Cinderace
|-damage|p1a: Cinderace|68/100
|
|-weather|none
|upkeep
|turn|6
|
|t:|1781125377
|switch|p2a: The sandstorm|Tyranitar, M, shiny|100/100
|-weather|Sandstorm|[from] ability: Sand Stream|[of] p2a: The sandstorm
|move|p1a: Cinderace|Pyro Ball|p2a: The sandstorm
|-resisted|p2a: The sandstorm
|-damage|p2a: The sandstorm|80/100
|
|-weather|Sandstorm|[upkeep]
|-damage|p1a: Cinderace|62/100|[from] Sandstorm
|upkeep
|turn|7
|
|t:|1781125380
|move|p1a: Cinderace|U-turn|p2a: The sandstorm
|-start|p1a: Cinderace|typechange|Bug|[from] ability: Libero
|-supereffective|p2a: The sandstorm
|-damage|p2a: The sandstorm|37/100
|
|t:|1781125383
|switch|p1a: Landorus|Landorus-Therian, M|8/100|[from] U-turn
|-ability|p1a: Landorus|Intimidate|boost
|-unboost|p2a: The sandstorm|atk|1
|move|p2a: The sandstorm|Ice Beam|p1a: Landorus
|-supereffective|p1a: Landorus
|-damage|p1a: Landorus|0 fnt
|faint|p1a: Landorus
|
|-weather|Sandstorm|[upkeep]
|upkeep
|j| blackgokuking
|
|t:|1781125389
|switch|p1a: Ogerpon|Ogerpon-Wellspring, F|100/100
|turn|8
|
|t:|1781125395
|switch|p2a: Zamazenta|Zamazenta|100/100
|-ability|p2a: Zamazenta|Dauntless Shield|boost
|-boost|p2a: Zamazenta|def|1
|move|p1a: Ogerpon|Ivy Cudgel|p2a: Zamazenta|[anim] Ivy Cudgel Water
|-damage|p2a: Zamazenta|63/100
|
|-weather|Sandstorm|[upkeep]
|-damage|p2a: Zamazenta|57/100|[from] Sandstorm
|-damage|p1a: Ogerpon|95/100|[from] Sandstorm
|upkeep
|turn|9
|j| Arvayne
|
|t:|1781125402
|switch|p1a: Gholdengo|Gholdengo, shiny|100/100
|-item|p1a: Gholdengo|Air Balloon
|move|p2a: Zamazenta|Crunch|p1a: Gholdengo
|-supereffective|p1a: Gholdengo
|-damage|p1a: Gholdengo|65/100
|-enditem|p1a: Gholdengo|Air Balloon
|
|-weather|Sandstorm|[upkeep]
|-damage|p2a: Zamazenta|50/100|[from] Sandstorm
|upkeep
|turn|10
|
|t:|1781125419
|switch|p2a: OP|Excadrill, F|26/100
|move|p1a: Gholdengo|Thunder Wave|p2a: OP
|-immune|p2a: OP
|
|-weather|Sandstorm|[upkeep]
|upkeep
|turn|11
|l| blackgokuking
|
|t:|1781125439
|-terastallize|p1a: Gholdengo|Fairy
|move|p2a: OP|Earthquake|p1a: Gholdengo
|-damage|p1a: Gholdengo|5/100
|move|p1a: Gholdengo|Make It Rain|p2a: OP
|-resisted|p2a: OP
|-damage|p2a: OP|0 fnt
|-unboost|p1a: Gholdengo|spa|1
|faint|p2a: OP
|
|-weather|Sandstorm|[upkeep]
|-damage|p1a: Gholdengo|0 fnt|[from] Sandstorm
|faint|p1a: Gholdengo
|upkeep
|
|t:|1781125456
|switch|p2a: Zamazenta|Zamazenta|50/100
|switch|p1a: Ogerpon|Ogerpon-Wellspring, F|95/100
|turn|12
|
|t:|1781125461
|move|p2a: Zamazenta|Close Combat|p1a: Ogerpon
|-damage|p1a: Ogerpon|21/100
|-unboost|p2a: Zamazenta|def|1
|-unboost|p2a: Zamazenta|spd|1
|move|p1a: Ogerpon|Ivy Cudgel|p2a: Zamazenta|[anim] Ivy Cudgel Water
|-damage|p2a: Zamazenta|0 fnt
|faint|p2a: Zamazenta
|
|-weather|Sandstorm|[upkeep]
|-damage|p1a: Ogerpon|15/100|[from] Sandstorm
|upkeep
|
|t:|1781125470
|switch|p2a: Porunga|Pawmot, F|100/100
|turn|13
|
|t:|1781125474
|-terastallize|p2a: Porunga|Grass
|move|p1a: Ogerpon|Ivy Cudgel|p2a: Porunga|[anim] Ivy Cudgel Water
|-resisted|p2a: Porunga
|-crit|p2a: Porunga
|-damage|p2a: Porunga|41/100
|move|p2a: Porunga|Revival Blessing|p2a: Porunga
|-enditem|p2a: Porunga|Leppa Berry|[eat]
|-activate|p2a: Porunga|item: Leppa Berry|Revival Blessing|[consumed]
|
|t:|1781125481
|-heal|p2: OP|50/100|[from] move: Revival Blessing
|
|-weather|none
|upkeep
|turn|14
|
|t:|1781125486
|switch|p2a: Itachi|Hawlucha, M, shiny|80/100
|-ability|p2a: Itachi|Mold Breaker
|move|p1a: Ogerpon|U-turn|p2a: Itachi
|-resisted|p2a: Itachi
|-damage|p2a: Itachi|70/100
|
|t:|1781125491
|switch|p1a: Cinderace|Cinderace, M, shiny|62/100|[from] U-turn
|
|upkeep
|turn|15
|
|t:|1781125495
|switch|p2a: The sandstorm|Tyranitar, M, shiny|37/100
|-weather|Sandstorm|[from] ability: Sand Stream|[of] p2a: The sandstorm
|move|p1a: Cinderace|Pyro Ball|p2a: The sandstorm
|-resisted|p2a: The sandstorm
|-damage|p2a: The sandstorm|18/100
|
|-weather|Sandstorm|[upkeep]
|-damage|p1a: Cinderace|56/100|[from] Sandstorm
|upkeep
|turn|16
|
|t:|1781125506
|move|p1a: Cinderace|U-turn|p2a: The sandstorm
|-start|p1a: Cinderace|typechange|Bug|[from] ability: Libero
|-supereffective|p2a: The sandstorm
|-damage|p2a: The sandstorm|0 fnt
|faint|p2a: The sandstorm
|
|t:|1781125510
|switch|p1a: Ogerpon|Ogerpon-Wellspring, F|15/100|[from] U-turn
|
|-weather|Sandstorm|[upkeep]
|-damage|p1a: Ogerpon|9/100|[from] Sandstorm
|upkeep
|
|t:|1781125513
|switch|p2a: OP|Excadrill, F|50/100
|turn|17
|
|t:|1781125515
|move|p2a: OP|Earthquake|p1a: Ogerpon
|-resisted|p1a: Ogerpon
|-damage|p1a: Ogerpon|0 fnt
|faint|p1a: Ogerpon
|
|-weather|Sandstorm|[upkeep]
|upkeep
|
|t:|1781125518
|switch|p1a: Cinderace|Cinderace, M, shiny|56/100
|turn|18
|
|t:|1781125526
|move|p1a: Cinderace|Sucker Punch|p2a: OP
|-start|p1a: Cinderace|typechange|Dark|[from] ability: Libero
|-damage|p2a: OP|3/100
|move|p2a: OP|Earthquake|p1a: Cinderace
|-damage|p1a: Cinderace|0 fnt
|faint|p1a: Cinderace
|
|-weather|Sandstorm|[upkeep]
|upkeep
|c|☆OP Earthquakes|tuff
|
|t:|1781125536
|switch|p1a: Tyranitar|Tyranitar, F, shiny|100/100
|turn|19
|
|t:|1781125539
|move|p2a: OP|Earthquake|p1a: Tyranitar
|-supereffective|p1a: Tyranitar
|-damage|p1a: Tyranitar|0 fnt
|faint|p1a: Tyranitar
|
|-weather|Sandstorm|[upkeep]
|upkeep
|-message|Indigo Disk CJ forfeited.
|
|win|OP Earthquakes
|raw|Indigo Disk CJ's rating: 1699 &rarr; <strong>1685</strong><br />(-14 for losing)
|raw|OP Earthquakes's rating: 1801 &rarr; <strong>1815</strong><br />(+14 for winning)
|l|☆Indigo Disk CJ
|player|p1|
