|j|☆sonnald
|j|☆ankoro
|t:|1781101171
|gametype|singles
|player|p1|sonnald|steven|1546
|player|p2|ankoro|acetrainer-gen2|1606
|gen|9
|tier|[Gen 9] OU
|rated|
|rule|HP Percentage Mod: HP is shown in percentages
|rule|Endless Battle Clause: Forcing endless battles is banned
|rule|Species Clause: Limit one of each Pokémon
|rule|OHKO Clause: OHKO moves are banned
|rule|Evasion Items Clause: Evasion items are banned
|rule|Evasion Moves Clause: Evasion moves are banned
|rule|Evasion Abilities Clause: Evasion abilities are banned
|rule|Sleep Moves Clause: Sleep-inducing moves are banned
|clearpoke
|poke|p1|Garchomp, M|
|poke|p1|Darkrai|
|poke|p1|Gholdengo|
|poke|p1|Ogerpon-Wellspring, F|
|poke|p1|Iron Valiant|
|poke|p1|Iron Treads|
|poke|p2|Lycanroc, M|
|poke|p2|Kingambit, M|
|poke|p2|Azumarill, M|
|poke|p2|Pawmot, F|
|poke|p2|Zamazenta-*|
|poke|p2|Iron Moth|
|teampreview
|inactive|Battle timer is ON: inactive players will automatically lose when time's up. (requested by ankoro)
|inactive|sonnald has 120 seconds left.
|
|t:|1781101218
|teamsize|p1|6
|teamsize|p2|6
|start
|switch|p1a: Ogerpon|Ogerpon-Wellspring, F|100/100
|switch|p2a: doggorock|Lycanroc, M|100/100
|turn|1
|
|t:|1781101237
|move|p2a: doggorock|Stealth Rock|p1a: Ogerpon
|-sidestart|p1: sonnald|move: Stealth Rock
|move|p1a: Ogerpon|Ivy Cudgel|p2a: doggorock|[anim] Ivy Cudgel Water
|-supereffective|p2a: doggorock
|-enditem|p2a: doggorock|Focus Sash
|-damage|p2a: doggorock|1/100
|
|upkeep
|turn|2
|inactive|sonnald has 120 seconds left.
|
|t:|1781101276
|switch|p1a: Garchomp|Garchomp, M|100/100
|-damage|p1a: Garchomp|94/100|[from] Stealth Rock
|move|p2a: doggorock|Endeavor|p1a: Garchomp
|-damage|p1a: Garchomp|1/100
|-damage|p2a: doggorock|0 fnt|[from] ability: Rough Skin|[of] p1a: Garchomp
|faint|p2a: doggorock
|
|upkeep
|
|t:|1781101285
|switch|p2a: joy|Pawmot, F|100/100
|turn|3
|inactive|sonnald has 120 seconds left.
|
|t:|1781101294
|move|p2a: joy|Close Combat|p1a: Garchomp
|-damage|p1a: Garchomp|0 fnt
|-unboost|p2a: joy|def|1
|-unboost|p2a: joy|spd|1
|-damage|p2a: joy|88/100|[from] ability: Rough Skin|[of] p1a: Garchomp
|-damage|p2a: joy|72/100|[from] item: Rocky Helmet|[of] p1a: Garchomp
|faint|p1a: Garchomp
|
|upkeep
|inactive|sonnald has 120 seconds left.
|inactive|sonnald has 90 seconds left.
|
|t:|1781101345
|switch|p1a: Ogerpon|Ogerpon-Wellspring, F|100/100
|-damage|p1a: Ogerpon|88/100|[from] Stealth Rock
|turn|4
|
|t:|1781101366
|switch|p2a: Zamazenta|Zamazenta|100/100
|-ability|p2a: Zamazenta|Dauntless Shield|boost
|-boost|p2a: Zamazenta|def|1
|move|p1a: Ogerpon|Ivy Cudgel|p2a: Zamazenta|[anim] Ivy Cudgel Water
|-damage|p2a: Zamazenta|66/100
|
|upkeep
|turn|5
|inactive|sonnald has 90 seconds left.
|inactive|sonnald has 60 seconds left.
|
|t:|1781101404
|switch|p1a: Gholdengo|Gholdengo|100/100
|-damage|p1a: Gholdengo|94/100|[from] Stealth Rock
|-item|p1a: Gholdengo|Air Balloon
|move|p2a: Zamazenta|Crunch|p1a: Gholdengo
|-supereffective|p1a: Gholdengo
|-damage|p1a: Gholdengo|49/100
|-enditem|p1a: Gholdengo|Air Balloon
|-damage|p2a: Zamazenta|56/100|[from] item: Life Orb
|
|upkeep
|turn|6
|inactive|sonnald has 60 seconds left.
|
|t:|1781101426
|move|p2a: Zamazenta|Crunch|p1a: Gholdengo
|-supereffective|p1a: Gholdengo
|-damage|p1a: Gholdengo|0 fnt
|faint|p1a: Gholdengo
|-damage|p2a: Zamazenta|46/100|[from] item: Life Orb
|
|upkeep
|inactive|sonnald has 30 seconds left.
|
|t:|1781101458
|switch|p1a: Iron Valiant|Iron Valiant|100/100
|-damage|p1a: Iron Valiant|94/100|[from] Stealth Rock
|-enditem|p1a: Iron Valiant|Booster Energy
|-activate|p1a: Iron Valiant|ability: Quark Drive|[fromitem]
|-start|p1a: Iron Valiant|quarkdrivespe
|turn|7
|
|t:|1781101467
|move|p1a: Iron Valiant|Moonblast|p2a: Zamazenta
|-supereffective|p2a: Zamazenta
|-damage|p2a: Zamazenta|0 fnt
|faint|p2a: Zamazenta
|
|upkeep
|
|t:|1781101470
|switch|p2a: koolguybit|Kingambit, M|100/100
|-activate|p2a: koolguybit|ability: Supreme Overlord
|-start|p2a: koolguybit|fallen2|[silent]
|-item|p2a: koolguybit|Air Balloon
|turn|8
|
|t:|1781101482
|move|p1a: Iron Valiant|Moonblast|p2a: koolguybit
|-damage|p2a: koolguybit|43/100
|-enditem|p2a: koolguybit|Air Balloon
|move|p2a: koolguybit|Iron Head|p1a: Iron Valiant
|-supereffective|p1a: Iron Valiant
|-damage|p1a: Iron Valiant|0 fnt
|faint|p1a: Iron Valiant
|-end|p1a: Iron Valiant|Quark Drive|[silent]
|
|upkeep
|inactive|sonnald has 30 seconds left.
|
|t:|1781101497
|switch|p1a: Ogerpon|Ogerpon-Wellspring, F|88/100
|-damage|p1a: Ogerpon|76/100|[from] Stealth Rock
|turn|9
|
|t:|1781101513
|-terastallize|p1a: Ogerpon|Water
|detailschange|p1a: Ogerpon|Ogerpon-Wellspring-Tera, F, tera:Water
|-ability|p1a: Ogerpon|Embody Aspect (Wellspring)|boost
|-boost|p1a: Ogerpon|spd|1
|move|p2a: koolguybit|Sucker Punch|p1a: Ogerpon
|-damage|p1a: Ogerpon|21/100
|move|p1a: Ogerpon|Ivy Cudgel|p2a: koolguybit|[anim] Ivy Cudgel Water
|-damage|p2a: koolguybit|0 fnt
|faint|p2a: koolguybit
|-end|p2a: koolguybit|fallen2|[silent]
|
|upkeep
|
|t:|1781101519
|switch|p2a: Iron Moth|Iron Moth|100/100
|-enditem|p2a: Iron Moth|Booster Energy
|-activate|p2a: Iron Moth|ability: Quark Drive|[fromitem]
|-start|p2a: Iron Moth|quarkdrivespe
|turn|10
|
|t:|1781101542
|switch|p1a: Iron Treads|Iron Treads|100/100
|-damage|p1a: Iron Treads|98/100|[from] Stealth Rock
|move|p2a: Iron Moth|Sludge Wave|p1a: Iron Treads
|-immune|p1a: Iron Treads
|
|-heal|p1a: Iron Treads|100/100|[from] item: Leftovers
|upkeep
|turn|11
|
|t:|1781101555
|move|p2a: Iron Moth|Fiery Dance|p1a: Iron Treads
|-supereffective|p1a: Iron Treads
|-damage|p1a: Iron Treads|11/100
|move|p1a: Iron Treads|Earthquake|p2a: Iron Moth
|-supereffective|p2a: Iron Moth
|-damage|p2a: Iron Moth|0 fnt
|faint|p2a: Iron Moth
|-end|p2a: Iron Moth|Quark Drive|[silent]
|
|-heal|p1a: Iron Treads|17/100|[from] item: Leftovers
|upkeep
|
|t:|1781101560
|switch|p2a: juquinha|Azumarill, M|100/100
|turn|12
|
|t:|1781101577
|move|p2a: juquinha|Aqua Jet|p1a: Iron Treads
|-supereffective|p1a: Iron Treads
|-damage|p1a: Iron Treads|0 fnt
|faint|p1a: Iron Treads
|-end|p1a: Iron Treads|Quark Drive|[silent]
|
|upkeep
|
|t:|1781101582
|switch|p1a: Darkrai|Darkrai|100/100
|turn|13
|
|t:|1781101590
|move|p1a: Darkrai|Sludge Bomb|p2a: juquinha
|-supereffective|p2a: juquinha
|-damage|p2a: juquinha|38/100
|-enditem|p2a: juquinha|Sitrus Berry|[eat]
|-heal|p2a: juquinha|63/100|[from] item: Sitrus Berry
|move|p2a: juquinha|Play Rough|p1a: Darkrai
|-supereffective|p1a: Darkrai
|-damage|p1a: Darkrai|0 fnt
|faint|p1a: Darkrai
|
|upkeep
|
|t:|1781101597
|switch|p1a: Ogerpon|Ogerpon-Wellspring-Tera, F, tera:Water|21/100
|-damage|p1a: Ogerpon|9/100|[from] Stealth Rock
|-ability|p1a: Ogerpon|Embody Aspect (Wellspring)|boost
|-boost|p1a: Ogerpon|spd|1
|turn|14
|c|☆sonnald|dam gg
|inactive|ankoro has 120 seconds left.
|
|t:|1781101634
|-terastallize|p2a: juquinha|Grass
|move|p1a: Ogerpon|Horn Leech|p2a: juquinha
|-resisted|p2a: juquinha
|-damage|p2a: juquinha|43/100
|-heal|p1a: Ogerpon|21/100|[from] drain|[of] p2a: juquinha
|move|p2a: juquinha|Play Rough|p1a: Ogerpon|[miss]
|-miss|p2a: juquinha|p1a: Ogerpon
|
|upkeep
|turn|15
|inactive|sonnald has 60 seconds left.
|
|t:|1781101650
|move|p1a: Ogerpon|Ivy Cudgel|p2a: juquinha|[anim] Ivy Cudgel Water
|-resisted|p2a: juquinha
|-damage|p2a: juquinha|4/100
|move|p2a: juquinha|Play Rough|p1a: Ogerpon|[miss]
|-miss|p2a: juquinha|p1a: Ogerpon
|
|upkeep
|turn|16
|c|☆ankoro|heh
|c|☆ankoro|gg
|
|t:|1781101673
|move|p1a: Ogerpon|Ivy Cudgel|p2a: juquinha|[anim] Ivy Cudgel Water
|-resisted|p2a: juquinha
|-crit|p2a: juquinha
|-damage|p2a: juquinha|0 fnt
|faint|p2a: juquinha
|
|upkeep
|
|t:|1781101675
|switch|p2a: joy|Pawmot, F|72/100
|turn|17
|
|t:|1781101683
|move|p1a: Ogerpon|Ivy Cudgel|p2a: joy|[anim] Ivy Cudgel Water
|-damage|p2a: joy|0 fnt
|faint|p2a: joy
|
|win|sonnald
|raw|sonnald's rating: 1546 &rarr; <strong>1569</strong><br />(+23 for winning)
|raw|ankoro's rating: 1606 &rarr; <strong>1583</strong><br />(-23 for losing)
|l|☆ankoro
|player|p2|
|l|☆sonnald
|player|p1|
