|j|☆buhuifeihhh
|j|☆powerfulslash
|t:|1781497214
|gametype|singles
|player|p1|buhuifeihhh|hilbert|1573
|player|p2|powerfulslash|az|1608
|gen|9
|tier|[Gen 9] OU
|rated|
|rule|HP Percentage Mod: HP is shown in percentages
|rule|Endless Battle Clause: Forcing endless battles is banned
|rule|Species Clause: Limit one of each Pokémon
|rule|OHKO Clause: OHKO moves are banned
|rule|Evasion Items Clause: Evasion items are banned
|rule|Evasion Moves Clause: Evasion moves are banned
|rule|Evasion Abilities Clause: Evasion abilities are banned
|rule|Sleep Moves Clause: Sleep-inducing moves are banned
|clearpoke
|poke|p1|Heatran, F|
|poke|p1|Rillaboom, M|
|poke|p1|Moltres-Galar|
|poke|p1|Weezing-Galar, M|
|poke|p1|Tyranitar, F|
|poke|p1|Volcanion|
|poke|p2|Ogerpon-Wellspring, F|
|poke|p2|Garganacl, M|
|poke|p2|Great Tusk|
|poke|p2|Dragonite, M|
|poke|p2|Moltres|
|poke|p2|Darkrai|
|teampreview
|inactive|Battle timer is ON: inactive players will automatically lose when time's up. (requested by buhuifeihhh)
|j| dark joe biden
|
|t:|1781497230
|teamsize|p1|6
|teamsize|p2|6
|start
|switch|p1a: Weezing|Weezing-Galar, M|100/100
|switch|p2a: Ogerpon|Ogerpon-Wellspring, F|100/100
|turn|1
|
|t:|1781497236
|move|p2a: Ogerpon|U-turn|p1a: Weezing
|-resisted|p1a: Weezing
|-damage|p1a: Weezing|95/100
|
|t:|1781497237
|switch|p2a: Moltres|Moltres|100/100|[from] U-turn
|move|p1a: Weezing|Toxic|p2a: Moltres
|-status|p2a: Moltres|tox
|
|-heal|p1a: Weezing|100/100|[from] item: Leftovers
|-damage|p2a: Moltres|94/100 tox|[from] psn
|upkeep
|turn|2
|
|t:|1781497245
|move|p2a: Moltres|Flamethrower|p1a: Weezing
|-damage|p1a: Weezing|64/100
|move|p1a: Weezing|Pain Split|p2a: Moltres
|-sethp|p2a: Moltres|70/100 tox|[from] move: Pain Split|[silent]
|-sethp|p1a: Weezing|98/100|[from] move: Pain Split
|
|-heal|p1a: Weezing|100/100|[from] item: Leftovers
|-damage|p2a: Moltres|58/100 tox|[from] psn
|upkeep
|turn|3
|
|t:|1781497257
|move|p2a: Moltres|Roost|p2a: Moltres
|-heal|p2a: Moltres|100/100 tox
|-singleturn|p2a: Moltres|move: Roost
|move|p1a: Weezing|Toxic|p2a: Moltres
|-fail|p2a: Moltres|tox
|
|-damage|p2a: Moltres|82/100 tox|[from] psn
|upkeep
|turn|4
|
|t:|1781497259
|move|p2a: Moltres|Will-O-Wisp|p1a: Weezing
|-status|p1a: Weezing|brn
|move|p1a: Weezing|Strange Steam|p2a: Moltres
|-resisted|p2a: Moltres
|-damage|p2a: Moltres|70/100 tox
|
|-damage|p2a: Moltres|46/100 tox|[from] psn
|-damage|p1a: Weezing|94/100 brn|[from] brn
|upkeep
|turn|5
|
|t:|1781497264
|switch|p2a: Garganacl|Garganacl, M|100/100
|move|p1a: Weezing|Toxic|p2a: Garganacl
|-immune|p2a: Garganacl|[from] ability: Purifying Salt
|
|-heal|p1a: Weezing|100/100 brn|[from] item: Leftovers
|-damage|p1a: Weezing|94/100 brn|[from] brn
|upkeep
|turn|6
|
|t:|1781497273
|switch|p1a: Rillaboom|Rillaboom, M|100/100
|-fieldstart|move: Grassy Terrain|[from] ability: Grassy Surge|[of] p1a: Rillaboom
|move|p2a: Garganacl|Stealth Rock|p1a: Rillaboom
|-sidestart|p1: buhuifeihhh|move: Stealth Rock
|
|upkeep
|turn|7
|
|t:|1781497278
|switch|p1a: Tyranitar|Tyranitar, F|100/100
|-damage|p1a: Tyranitar|88/100|[from] Stealth Rock
|-weather|Sandstorm|[from] ability: Sand Stream|[of] p1a: Tyranitar
|switch|p2a: Dragonite|Dragonite, M|100/100
|
|-weather|Sandstorm|[upkeep]
|-damage|p2a: Dragonite|94/100|[from] Sandstorm
|-heal|p1a: Tyranitar|94/100|[from] Grassy Terrain
|upkeep
|turn|8
|
|t:|1781497281
|switch|p2a: Great Tusk|Great Tusk|100/100
|move|p1a: Tyranitar|Ice Punch|p2a: Great Tusk
|-supereffective|p2a: Great Tusk
|-damage|p2a: Great Tusk|60/100
|
|-weather|Sandstorm|[upkeep]
|-heal|p2a: Great Tusk|66/100|[from] Grassy Terrain
|-heal|p1a: Tyranitar|100/100|[from] Grassy Terrain
|upkeep
|turn|9
|
|t:|1781497290
|switch|p1a: Weezing|Weezing-Galar, M|94/100 brn
|-damage|p1a: Weezing|82/100 brn|[from] Stealth Rock
|move|p2a: Great Tusk|Knock Off|p1a: Weezing
|-resisted|p1a: Weezing
|-damage|p1a: Weezing|67/100 brn
|-enditem|p1a: Weezing|Leftovers|[from] move: Knock Off|[of] p2a: Great Tusk
|
|-weather|Sandstorm|[upkeep]
|-damage|p1a: Weezing|61/100 brn|[from] Sandstorm
|-heal|p2a: Great Tusk|72/100|[from] Grassy Terrain
|-damage|p1a: Weezing|55/100 brn|[from] brn
|upkeep
|turn|10
|
|t:|1781497295
|-end|p2a: Great Tusk|Protosynthesis|[silent]
|switch|p2a: Garganacl|Garganacl, M|100/100
|move|p1a: Weezing|Defog|p2a: Garganacl
|-unboost|p2a: Garganacl|evasion|1
|-sideend|p1: buhuifeihhh|Stealth Rock|[from] move: Defog|[of] p1a: Weezing
|-fieldend|move: Grassy Terrain
|
|-weather|Sandstorm|[upkeep]
|-damage|p1a: Weezing|48/100 brn|[from] Sandstorm
|-damage|p1a: Weezing|42/100 brn|[from] brn
|upkeep
|turn|11
|
|t:|1781497298
|move|p1a: Weezing|Pain Split|p2a: Garganacl
|-sethp|p2a: Garganacl|64/100|[from] move: Pain Split|[silent]
|-sethp|p1a: Weezing|95/100 brn|[from] move: Pain Split
|move|p2a: Garganacl|Stealth Rock|p1a: Weezing
|-sidestart|p1: buhuifeihhh|move: Stealth Rock
|
|-weather|none
|-heal|p2a: Garganacl|71/100|[from] item: Leftovers
|-damage|p1a: Weezing|89/100 brn|[from] brn
|upkeep
|turn|12
|
|t:|1781497303
|move|p1a: Weezing|Defog|p2a: Garganacl
|-unboost|p2a: Garganacl|evasion|1
|-sideend|p1: buhuifeihhh|Stealth Rock|[from] move: Defog|[of] p1a: Weezing
|move|p2a: Garganacl|Salt Cure|p1a: Weezing
|-damage|p1a: Weezing|77/100 brn
|-start|p1a: Weezing|Salt Cure
|
|-heal|p2a: Garganacl|77/100|[from] item: Leftovers
|-damage|p1a: Weezing|70/100 brn|[from] brn
|-damage|p1a: Weezing|58/100 brn|[from] Salt Cure
|upkeep
|turn|13
|
|t:|1781497307
|switch|p1a: Rillaboom|Rillaboom, M|100/100
|-fieldstart|move: Grassy Terrain|[from] ability: Grassy Surge|[of] p1a: Rillaboom
|move|p2a: Garganacl|Stealth Rock|p1a: Rillaboom
|-sidestart|p1: buhuifeihhh|move: Stealth Rock
|
|-heal|p2a: Garganacl|83/100|[from] Grassy Terrain
|-heal|p2a: Garganacl|89/100|[from] item: Leftovers
|upkeep
|turn|14
|
|t:|1781497313
|switch|p2a: Moltres|Moltres|46/100 tox
|move|p1a: Rillaboom|Wood Hammer|p2a: Moltres
|-resisted|p2a: Moltres
|-damage|p2a: Moltres|19/100 tox
|-damage|p1a: Rillaboom|91/100|[from] Recoil
|
|-heal|p1a: Rillaboom|97/100|[from] Grassy Terrain
|-damage|p2a: Moltres|13/100 tox|[from] psn
|upkeep
|turn|15
|
|t:|1781497321
|switch|p1a: Tyranitar|Tyranitar, F|100/100
|-damage|p1a: Tyranitar|88/100|[from] Stealth Rock
|-weather|Sandstorm|[from] ability: Sand Stream|[of] p1a: Tyranitar
|move|p2a: Moltres|Roost|p2a: Moltres
|-heal|p2a: Moltres|63/100 tox
|-singleturn|p2a: Moltres|move: Roost
|
|-weather|Sandstorm|[upkeep]
|-damage|p2a: Moltres|57/100 tox|[from] Sandstorm
|-heal|p2a: Moltres|63/100 tox|[from] Grassy Terrain
|-heal|p1a: Tyranitar|94/100|[from] Grassy Terrain
|-damage|p2a: Moltres|51/100 tox|[from] psn
|upkeep
|turn|16
|
|t:|1781497332
|switch|p2a: Garganacl|Garganacl, M|89/100
|move|p1a: Tyranitar|Knock Off|p2a: Garganacl
|-damage|p2a: Garganacl|50/100
|-enditem|p2a: Garganacl|Leftovers|[from] move: Knock Off|[of] p1a: Tyranitar
|
|-weather|Sandstorm|[upkeep]
|-heal|p1a: Tyranitar|100/100|[from] Grassy Terrain
|-heal|p2a: Garganacl|57/100|[from] Grassy Terrain
|upkeep
|turn|17
|
|t:|1781497340
|move|p1a: Tyranitar|Low Kick|p2a: Garganacl
|-supereffective|p2a: Garganacl
|-crit|p2a: Garganacl
|-damage|p2a: Garganacl|0 fnt
|faint|p2a: Garganacl
|
|-weather|Sandstorm|[upkeep]
|-fieldend|move: Grassy Terrain
|upkeep
|
|t:|1781497346
|switch|p2a: Ogerpon|Ogerpon-Wellspring, F|100/100
|turn|18
|
|t:|1781497352
|switch|p1a: Volcanion|Volcanion|100/100
|-damage|p1a: Volcanion|76/100|[from] Stealth Rock
|move|p2a: Ogerpon|Spikes|p1a: Volcanion
|-sidestart|p1: buhuifeihhh|Spikes
|
|-weather|Sandstorm|[upkeep]
|-damage|p2a: Ogerpon|95/100|[from] Sandstorm
|-damage|p1a: Volcanion|70/100|[from] Sandstorm
|-heal|p1a: Volcanion|76/100|[from] item: Leftovers
|upkeep
|turn|19
|
|t:|1781497361
|move|p2a: Ogerpon|Knock Off|p1a: Volcanion
|-damage|p1a: Volcanion|38/100
|-enditem|p1a: Volcanion|Leftovers|[from] move: Knock Off|[of] p2a: Ogerpon
|move|p1a: Volcanion|Fire Blast|p2a: Ogerpon
|-damage|p2a: Ogerpon|18/100
|
|-weather|none
|upkeep
|turn|20
|
|t:|1781497369
|move|p2a: Ogerpon|U-turn|p1a: Volcanion
|-resisted|p1a: Volcanion
|-damage|p1a: Volcanion|24/100
|
|t:|1781497371
|switch|p2a: Dragonite|Dragonite, M|94/100|[from] U-turn
|move|p1a: Volcanion|Fire Blast|p2a: Dragonite
|-resisted|p2a: Dragonite
|-crit|p2a: Dragonite
|-damage|p2a: Dragonite|44/100
|
|upkeep
|turn|21
|
|t:|1781497377
|move|p2a: Dragonite|Earthquake|p1a: Volcanion
|-supereffective|p1a: Volcanion
|-damage|p1a: Volcanion|0 fnt
|faint|p1a: Volcanion
|
|upkeep
|
|t:|1781497380
|switch|p1a: Weezing|Weezing-Galar, M|58/100 brn
|-damage|p1a: Weezing|45/100 brn|[from] Stealth Rock
|turn|22
|
|t:|1781497385
|switch|p2a: Ogerpon|Ogerpon-Wellspring, F|18/100
|move|p1a: Weezing|Defog|p2a: Ogerpon
|-unboost|p2a: Ogerpon|evasion|1
|-sideend|p1: buhuifeihhh|Spikes|[from] move: Defog|[of] p1a: Weezing
|-sideend|p1: buhuifeihhh|Stealth Rock|[from] move: Defog|[of] p1a: Weezing
|
|-damage|p1a: Weezing|39/100 brn|[from] brn
|upkeep
|turn|23
|
|t:|1781497391
|switch|p1a: Rillaboom|Rillaboom, M|97/100
|-fieldstart|move: Grassy Terrain|[from] ability: Grassy Surge|[of] p1a: Rillaboom
|move|p2a: Ogerpon|Ivy Cudgel|p1a: Rillaboom|[anim] Ivy Cudgel Water
|-resisted|p1a: Rillaboom
|-damage|p1a: Rillaboom|64/100
|
|-heal|p2a: Ogerpon|24/100|[from] Grassy Terrain
|-heal|p1a: Rillaboom|70/100|[from] Grassy Terrain
|upkeep
|turn|24
|
|t:|1781497396
|switch|p2a: Moltres|Moltres|51/100 tox
|switch|p1a: Tyranitar|Tyranitar, F|100/100
|-weather|Sandstorm|[from] ability: Sand Stream|[of] p1a: Tyranitar
|
|-weather|Sandstorm|[upkeep]
|-damage|p2a: Moltres|45/100 tox|[from] Sandstorm
|-damage|p2a: Moltres|39/100 tox|[from] psn
|upkeep
|turn|25
|
|t:|1781497401
|switch|p2a: Great Tusk|Great Tusk|72/100
|move|p1a: Tyranitar|Knock Off|p2a: Great Tusk
|-resisted|p2a: Great Tusk
|-damage|p2a: Great Tusk|53/100
|-enditem|p2a: Great Tusk|Heavy-Duty Boots|[from] move: Knock Off|[of] p1a: Tyranitar
|
|-weather|Sandstorm|[upkeep]
|-heal|p2a: Great Tusk|59/100|[from] Grassy Terrain
|upkeep
|turn|26
|
|t:|1781497410
|switch|p1a: Weezing|Weezing-Galar, M|39/100 brn
|move|p2a: Great Tusk|Rapid Spin|p1a: Weezing
|-damage|p1a: Weezing|25/100 brn
|-boost|p2a: Great Tusk|spe|1
|
|-weather|Sandstorm|[upkeep]
|-damage|p1a: Weezing|19/100 brn|[from] Sandstorm
|-heal|p2a: Great Tusk|65/100|[from] Grassy Terrain
|-damage|p1a: Weezing|12/100 brn|[from] brn
|upkeep
|turn|27
|
|t:|1781497417
|move|p2a: Great Tusk|Ice Spinner|p1a: Weezing
|-damage|p1a: Weezing|0 fnt
|-fieldend|move: Grassy Terrain
|faint|p1a: Weezing
|
|-weather|Sandstorm|[upkeep]
|upkeep
|
|t:|1781497421
|switch|p1a: Rillaboom|Rillaboom, M|70/100
|-fieldstart|move: Grassy Terrain|[from] ability: Grassy Surge|[of] p1a: Rillaboom
|turn|28
|
|t:|1781497426
|-end|p2a: Great Tusk|Protosynthesis|[silent]
|switch|p2a: Moltres|Moltres|39/100 tox
|move|p1a: Rillaboom|Wood Hammer|p2a: Moltres
|-resisted|p2a: Moltres
|-damage|p2a: Moltres|12/100 tox
|-status|p1a: Rillaboom|brn|[from] ability: Flame Body|[of] p2a: Moltres
|-damage|p1a: Rillaboom|60/100 brn|[from] Recoil
|
|-weather|none
|-heal|p1a: Rillaboom|66/100 brn|[from] Grassy Terrain
|-damage|p2a: Moltres|6/100 tox|[from] psn
|-damage|p1a: Rillaboom|60/100 brn|[from] brn
|upkeep
|turn|29
|
|t:|1781497436
|switch|p1a: Tyranitar|Tyranitar, F|100/100
|-weather|Sandstorm|[from] ability: Sand Stream|[of] p1a: Tyranitar
|move|p2a: Moltres|Roost|p2a: Moltres
|-heal|p2a: Moltres|56/100 tox
|-singleturn|p2a: Moltres|move: Roost
|
|-weather|Sandstorm|[upkeep]
|-damage|p2a: Moltres|50/100 tox|[from] Sandstorm
|-heal|p2a: Moltres|56/100 tox|[from] Grassy Terrain
|-damage|p2a: Moltres|44/100 tox|[from] psn
|upkeep
|turn|30
|
|t:|1781497442
|move|p2a: Moltres|Will-O-Wisp|p1a: Tyranitar
|-status|p1a: Tyranitar|brn
|move|p1a: Tyranitar|Ice Punch|p2a: Moltres
|-damage|p2a: Moltres|34/100 tox
|
|-weather|Sandstorm|[upkeep]
|-damage|p2a: Moltres|28/100 tox|[from] Sandstorm
|-damage|p2a: Moltres|10/100 tox|[from] psn
|-damage|p1a: Tyranitar|94/100 brn|[from] brn
|upkeep
|turn|31
|
|t:|1781497447
|move|p2a: Moltres|Roost|p2a: Moltres
|-heal|p2a: Moltres|60/100 tox
|-singleturn|p2a: Moltres|move: Roost
|move|p1a: Tyranitar|Knock Off|p2a: Moltres
|-damage|p2a: Moltres|38/100 tox
|-enditem|p2a: Moltres|Heavy-Duty Boots|[from] move: Knock Off|[of] p1a: Tyranitar
|
|-weather|Sandstorm|[upkeep]
|-damage|p2a: Moltres|32/100 tox|[from] Sandstorm
|-heal|p2a: Moltres|38/100 tox|[from] Grassy Terrain
|-heal|p1a: Tyranitar|100/100 brn|[from] Grassy Terrain
|-damage|p2a: Moltres|14/100 tox|[from] psn
|-damage|p1a: Tyranitar|94/100 brn|[from] brn
|upkeep
|turn|32
|
|t:|1781497450
|move|p2a: Moltres|Roost|p2a: Moltres
|-heal|p2a: Moltres|64/100 tox
|-singleturn|p2a: Moltres|move: Roost
|move|p1a: Tyranitar|Stone Edge|p2a: Moltres
|-supereffective|p2a: Moltres
|-damage|p2a: Moltres|20/100 tox
|
|-weather|Sandstorm|[upkeep]
|-damage|p2a: Moltres|14/100 tox|[from] Sandstorm
|-heal|p2a: Moltres|20/100 tox|[from] Grassy Terrain
|-heal|p1a: Tyranitar|100/100 brn|[from] Grassy Terrain
|-damage|p2a: Moltres|0 fnt|[from] psn
|faint|p2a: Moltres
|-damage|p1a: Tyranitar|94/100 brn|[from] brn
|-fieldend|move: Grassy Terrain
|upkeep
|
|t:|1781497454
|switch|p2a: Great Tusk|Great Tusk|65/100
|turn|33
|
|t:|1781497462
|switch|p1a: Rillaboom|Rillaboom, M|60/100 brn
|-fieldstart|move: Grassy Terrain|[from] ability: Grassy Surge|[of] p1a: Rillaboom
|move|p2a: Great Tusk|Rapid Spin|p1a: Rillaboom
|-damage|p1a: Rillaboom|40/100 brn
|-boost|p2a: Great Tusk|spe|1
|
|-weather|none
|-heal|p2a: Great Tusk|71/100|[from] Grassy Terrain
|-heal|p1a: Rillaboom|46/100 brn|[from] Grassy Terrain
|-damage|p1a: Rillaboom|40/100 brn|[from] brn
|upkeep
|turn|34
|
|t:|1781497465
|move|p1a: Rillaboom|Grassy Glide|p2a: Great Tusk
|-supereffective|p2a: Great Tusk
|-crit|p2a: Great Tusk
|-damage|p2a: Great Tusk|7/100
|move|p2a: Great Tusk|Ice Spinner|p1a: Rillaboom
|-supereffective|p1a: Rillaboom
|-damage|p1a: Rillaboom|0 fnt
|-fieldend|move: Grassy Terrain
|faint|p1a: Rillaboom
|
|upkeep
|
|t:|1781497473
|switch|p1a: Moltres|Moltres-Galar|100/100
|turn|35
|
|t:|1781497483
|-terastallize|p2a: Great Tusk|Ice
|move|p2a: Great Tusk|Ice Spinner|p1a: Moltres
|-supereffective|p1a: Moltres
|-damage|p1a: Moltres|26/100
|-ability|p1a: Moltres|Berserk|boost
|-boost|p1a: Moltres|spa|1
|-enditem|p1a: Moltres|Sitrus Berry|[eat]
|-heal|p1a: Moltres|51/100|[from] item: Sitrus Berry
|move|p1a: Moltres|Fiery Wrath|p2a: Great Tusk
|-damage|p2a: Great Tusk|0 fnt
|faint|p2a: Great Tusk
|-end|p2a: Great Tusk|Protosynthesis|[silent]
|
|upkeep
|
|t:|1781497486
|switch|p2a: Darkrai|Darkrai|100/100
|turn|36
|
|t:|1781497491
|-terastallize|p1a: Moltres|Poison
|move|p2a: Darkrai|Ice Beam|p1a: Moltres
|-damage|p1a: Moltres|23/100
|-ability|p1a: Moltres|Berserk|boost
|-boost|p1a: Moltres|spa|1
|move|p1a: Moltres|Agility|p1a: Moltres
|-boost|p1a: Moltres|spe|2
|
|upkeep
|turn|37
|
|t:|1781497497
|move|p2a: Darkrai|Ice Beam|p1a: Moltres
|-damage|p1a: Moltres|0 fnt
|faint|p1a: Moltres
|
|upkeep
|
|t:|1781497503
|switch|p1a: Tyranitar|Tyranitar, F|94/100 brn
|-weather|Sandstorm|[from] ability: Sand Stream|[of] p1a: Tyranitar
|turn|38
|
|t:|1781497512
|move|p2a: Darkrai|Ice Beam|p1a: Tyranitar
|-damage|p1a: Tyranitar|83/100 brn
|move|p1a: Tyranitar|Low Kick|p2a: Darkrai
|-supereffective|p2a: Darkrai
|-damage|p2a: Darkrai|58/100
|
|-weather|Sandstorm|[upkeep]
|-damage|p2a: Darkrai|52/100|[from] Sandstorm
|-damage|p1a: Tyranitar|77/100 brn|[from] brn
|upkeep
|turn|39
|
|t:|1781497522
|move|p2a: Darkrai|Ice Beam|p1a: Tyranitar
|-damage|p1a: Tyranitar|65/100 brn
|move|p1a: Tyranitar|Knock Off|p2a: Darkrai
|-resisted|p2a: Darkrai
|-damage|p2a: Darkrai|34/100
|-enditem|p2a: Darkrai|Choice Scarf|[from] move: Knock Off|[of] p1a: Tyranitar
|
|-weather|Sandstorm|[upkeep]
|-damage|p2a: Darkrai|28/100|[from] Sandstorm
|-damage|p1a: Tyranitar|59/100 brn|[from] brn
|upkeep
|turn|40
|
|t:|1781497528
|move|p2a: Darkrai|Ice Beam|p1a: Tyranitar
|-damage|p1a: Tyranitar|47/100 brn
|move|p1a: Tyranitar|Low Kick|p2a: Darkrai
|-supereffective|p2a: Darkrai
|-damage|p2a: Darkrai|0 fnt
|faint|p2a: Darkrai
|
|-weather|Sandstorm|[upkeep]
|-damage|p1a: Tyranitar|41/100 brn|[from] brn
|upkeep
|
|t:|1781497532
|switch|p2a: Ogerpon|Ogerpon-Wellspring, F|24/100
|turn|41
|
|t:|1781497535
|move|p2a: Ogerpon|Ivy Cudgel|p1a: Tyranitar|[anim] Ivy Cudgel Water
|-supereffective|p1a: Tyranitar
|-damage|p1a: Tyranitar|0 fnt
|faint|p1a: Tyranitar
|
|-weather|Sandstorm|[upkeep]
|-damage|p2a: Ogerpon|18/100|[from] Sandstorm
|upkeep
|
|t:|1781497538
|switch|p1a: Heatran|Heatran, F|100/100
|turn|42
|
|t:|1781497541
|move|p2a: Ogerpon|Ivy Cudgel|p1a: Heatran|[anim] Ivy Cudgel Water
|-supereffective|p1a: Heatran
|-damage|p1a: Heatran|5/100
|move|p1a: Heatran|Earth Power|p2a: Ogerpon
|-resisted|p2a: Ogerpon
|-damage|p2a: Ogerpon|0 fnt
|faint|p2a: Ogerpon
|
|-weather|none
|-heal|p1a: Heatran|12/100|[from] item: Leftovers
|upkeep
|
|t:|1781497543
|switch|p2a: Dragonite|Dragonite, M|44/100
|turn|43
|
|t:|1781497546
|move|p1a: Heatran|Protect|p1a: Heatran
|-singleturn|p1a: Heatran|Protect
|move|p2a: Dragonite|Extreme Speed|p1a: Heatran
|-activate|p1a: Heatran|move: Protect
|
|-heal|p1a: Heatran|18/100|[from] item: Leftovers
|upkeep
|turn|44
|
|t:|1781497551
|move|p2a: Dragonite|Earthquake|p1a: Heatran
|-supereffective|p1a: Heatran
|-damage|p1a: Heatran|0 fnt
|faint|p1a: Heatran
|
|win|powerfulslash
|raw|buhuifeihhh's rating: 1573 &rarr; <strong>1555</strong><br />(-18 for losing)
|raw|powerfulslash's rating: 1608 &rarr; <strong>1626</strong><br />(+18 for winning)
|l|☆powerfulslash
|player|p2|
|l|☆buhuifeihhh
|player|p1|
