|j|☆kadu99
|j|☆KurisuChestnutOU
|t:|1781165205
|gametype|singles
|player|p1|kadu99|policeman-gen4|1577
|player|p2|KurisuChestnutOU|may-contest|1572
|gen|9
|tier|[Gen 9] OU
|rated|
|rule|HP Percentage Mod: HP is shown in percentages
|rule|Endless Battle Clause: Forcing endless battles is banned
|rule|Species Clause: Limit one of each Pokémon
|rule|OHKO Clause: OHKO moves are banned
|rule|Evasion Items Clause: Evasion items are banned
|rule|Evasion Moves Clause: Evasion moves are banned
|rule|Evasion Abilities Clause: Evasion abilities are banned
|rule|Sleep Moves Clause: Sleep-inducing moves are banned
|clearpoke
|poke|p1|Iron Valiant|
|poke|p1|Ogerpon-Wellspring, F|
|poke|p1|Ting-Lu|
|poke|p1|Pecharunt|
|poke|p1|Cinderace, F|
|poke|p1|Dragonite, F|
|poke|p2|Hawlucha, F|
|poke|p2|Samurott-Hisui, F|
|poke|p2|Rillaboom, F|
|poke|p2|Gholdengo|
|poke|p2|Kyurem|
|poke|p2|Landorus-Therian, M|
|teampreview
|inactive|Battle timer is ON: inactive players will automatically lose when time's up. (requested by kadu99)
|j| gorduricap
|inactive|KurisuChestnutOU also wants the timer to be on.
|
|t:|1781165212
|teamsize|p1|6
|teamsize|p2|6
|start
|switch|p1a: Ludicolo Fan|Ogerpon-Wellspring, F|100/100
|switch|p2a: Landorus|Landorus-Therian, M|100/100
|-ability|p2a: Landorus|Intimidate|boost
|-unboost|p1a: Ludicolo Fan|atk|1
|turn|1
|
|t:|1781165218
|switch|p1a: s26 ultra 5g 512gb|Dragonite, F|100/100
|move|p2a: Landorus|U-turn|p1a: s26 ultra 5g 512gb
|-resisted|p1a: s26 ultra 5g 512gb
|-damage|p1a: s26 ultra 5g 512gb|96/100
|
|t:|1781165224
|switch|p2a: Rillaboom|Rillaboom, F|100/100|[from] U-turn
|-fieldstart|move: Grassy Terrain|[from] ability: Grassy Surge|[of] p2a: Rillaboom
|
|upkeep
|turn|2
|
|t:|1781165229
|move|p1a: s26 ultra 5g 512gb|Extreme Speed|p2a: Rillaboom
|-damage|p2a: Rillaboom|69/100
|move|p2a: Rillaboom|Knock Off|p1a: s26 ultra 5g 512gb
|-damage|p1a: s26 ultra 5g 512gb|62/100
|-enditem|p1a: s26 ultra 5g 512gb|Heavy-Duty Boots|[from] move: Knock Off|[of] p2a: Rillaboom
|
|-heal|p2a: Rillaboom|75/100|[from] Grassy Terrain
|upkeep
|turn|3
|
|t:|1781165233
|switch|p2a: Kyurem|Kyurem|100/100
|-ability|p2a: Kyurem|Pressure
|move|p1a: s26 ultra 5g 512gb|Roost|p1a: s26 ultra 5g 512gb
|-heal|p1a: s26 ultra 5g 512gb|100/100
|-singleturn|p1a: s26 ultra 5g 512gb|move: Roost
|
|upkeep
|turn|4
|
|t:|1781165238
|-terastallize|p1a: s26 ultra 5g 512gb|Normal
|move|p2a: Kyurem|Ice Beam|p1a: s26 ultra 5g 512gb
|-damage|p1a: s26 ultra 5g 512gb|80/100
|move|p1a: s26 ultra 5g 512gb|Dragon Tail|p2a: Kyurem
|-supereffective|p2a: Kyurem
|-damage|p2a: Kyurem|36/100
|drag|p2a: Gholdengo|Gholdengo|100/100
|
|-heal|p1a: s26 ultra 5g 512gb|87/100|[from] Grassy Terrain
|upkeep
|turn|5
|
|t:|1781165245
|switch|p1a: LooTing|Ting-Lu|100/100
|-ability|p1a: LooTing|Vessel of Ruin
|move|p2a: Gholdengo|Make It Rain|p1a: LooTing
|-damage|p1a: LooTing|75/100
|-unboost|p2a: Gholdengo|spa|1
|
|-heal|p1a: LooTing|82/100|[from] Grassy Terrain
|-heal|p1a: LooTing|88/100|[from] item: Leftovers
|-fieldend|move: Grassy Terrain
|upkeep
|turn|6
|
|t:|1781165252
|switch|p2a: Samurott|Samurott-Hisui, F|100/100
|move|p1a: LooTing|Ruination|p2a: Samurott
|-damage|p2a: Samurott|51/100
|
|-heal|p1a: LooTing|94/100|[from] item: Leftovers
|upkeep
|turn|7
|
|t:|1781165269
|move|p2a: Samurott|Ceaseless Edge|p1a: LooTing
|-resisted|p1a: LooTing
|-damage|p1a: LooTing|84/100
|-sidestart|p1: kadu99|Spikes
|move|p1a: LooTing|Earthquake|p2a: Samurott
|-damage|p2a: Samurott|5/100
|
|-heal|p1a: LooTing|90/100|[from] item: Leftovers
|upkeep
|turn|8
|
|t:|1781165274
|move|p2a: Samurott|Ceaseless Edge|p1a: LooTing
|-resisted|p1a: LooTing
|-damage|p1a: LooTing|79/100
|-sidestart|p1: kadu99|Spikes
|move|p1a: LooTing|Earthquake|p2a: Samurott
|-damage|p2a: Samurott|0 fnt
|faint|p2a: Samurott
|
|-heal|p1a: LooTing|85/100|[from] item: Leftovers
|upkeep
|
|t:|1781165280
|switch|p2a: Rillaboom|Rillaboom, F|75/100
|-fieldstart|move: Grassy Terrain|[from] ability: Grassy Surge|[of] p2a: Rillaboom
|turn|9
|
|t:|1781165285
|switch|p1a: Cherrypop|Pecharunt|100/100
|move|p2a: Rillaboom|Swords Dance|p2a: Rillaboom
|-boost|p2a: Rillaboom|atk|2
|
|-heal|p2a: Rillaboom|81/100|[from] Grassy Terrain
|upkeep
|turn|10
|
|t:|1781165291
|-terastallize|p2a: Rillaboom|Fire
|move|p1a: Cherrypop|Malignant Chain|p2a: Rillaboom
|-damage|p2a: Rillaboom|31/100
|-status|p2a: Rillaboom|tox
|-start|p2a: Rillaboom|confusion|[from] ability: Poison Puppeteer|[of] p1a: Cherrypop
|-enditem|p2a: Rillaboom|Lum Berry|[eat]
|-curestatus|p2a: Rillaboom|tox|[msg]
|-end|p2a: Rillaboom|confusion
|move|p2a: Rillaboom|Knock Off|p1a: Cherrypop
|-supereffective|p1a: Cherrypop
|-damage|p1a: Cherrypop|1/100
|-enditem|p1a: Cherrypop|Heavy-Duty Boots|[from] move: Knock Off|[of] p2a: Rillaboom
|
|-heal|p1a: Cherrypop|7/100|[from] Grassy Terrain
|-heal|p2a: Rillaboom|38/100|[from] Grassy Terrain
|upkeep
|turn|11
|j| Easontom
|
|t:|1781165298
|move|p2a: Rillaboom|Grassy Glide|p1a: Cherrypop
|-resisted|p1a: Cherrypop
|-damage|p1a: Cherrypop|0 fnt
|faint|p1a: Cherrypop
|
|-heal|p2a: Rillaboom|44/100|[from] Grassy Terrain
|upkeep
|inactive|kadu99 has 120 seconds left.
|
|t:|1781165332
|switch|p1a: Ronaldinho|Cinderace, F|100/100
|turn|12
|
|t:|1781165336
|move|p1a: Ronaldinho|Low Kick|p2a: Rillaboom
|-start|p1a: Ronaldinho|typechange|Fighting|[from] ability: Libero
|-damage|p2a: Rillaboom|8/100
|move|p2a: Rillaboom|Knock Off|p1a: Ronaldinho
|-resisted|p1a: Ronaldinho
|-damage|p1a: Ronaldinho|50/100
|-enditem|p1a: Ronaldinho|Heavy-Duty Boots|[from] move: Knock Off|[of] p2a: Rillaboom
|
|-heal|p1a: Ronaldinho|56/100|[from] Grassy Terrain
|-heal|p2a: Rillaboom|14/100|[from] Grassy Terrain
|upkeep
|turn|13
|
|t:|1781165344
|move|p2a: Rillaboom|Grassy Glide|p1a: Ronaldinho
|-damage|p1a: Ronaldinho|0 fnt
|faint|p1a: Ronaldinho
|
|-heal|p2a: Rillaboom|20/100|[from] Grassy Terrain
|-fieldend|move: Grassy Terrain
|upkeep
|inactive|kadu99 has 120 seconds left.
|
|t:|1781165369
|switch|p1a: SwordArtOnline|Iron Valiant|100/100
|-damage|p1a: SwordArtOnline|84/100|[from] Spikes
|turn|14
|
|t:|1781165373
|switch|p2a: Gholdengo|Gholdengo|100/100
|move|p1a: SwordArtOnline|Moonblast|p2a: Gholdengo
|-resisted|p2a: Gholdengo
|-damage|p2a: Gholdengo|74/100
|
|upkeep
|turn|15
|
|t:|1781165376
|move|p2a: Gholdengo|Make It Rain|p1a: SwordArtOnline
|-supereffective|p1a: SwordArtOnline
|-damage|p1a: SwordArtOnline|0 fnt
|-unboost|p2a: Gholdengo|spa|1
|faint|p1a: SwordArtOnline
|-end|p1a: SwordArtOnline|Quark Drive|[silent]
|
|upkeep
|
|t:|1781165381
|switch|p1a: Ludicolo Fan|Ogerpon-Wellspring, F|100/100
|-damage|p1a: Ludicolo Fan|84/100|[from] Spikes
|turn|16
|
|t:|1781165387
|switch|p2a: Rillaboom|Rillaboom, F, tera:Fire|20/100
|-fieldstart|move: Grassy Terrain|[from] ability: Grassy Surge|[of] p2a: Rillaboom
|move|p1a: Ludicolo Fan|Ivy Cudgel|p2a: Rillaboom|[anim] Ivy Cudgel Water
|-supereffective|p2a: Rillaboom
|-damage|p2a: Rillaboom|0 fnt
|faint|p2a: Rillaboom
|
|-heal|p1a: Ludicolo Fan|90/100|[from] Grassy Terrain
|upkeep
|
|t:|1781165391
|switch|p2a: Hawlucha|Hawlucha, F|100/100
|-enditem|p2a: Hawlucha|Grassy Seed
|-boost|p2a: Hawlucha|def|1|[from] item: Grassy Seed
|turn|17
|
|t:|1781165398
|move|p2a: Hawlucha|Acrobatics|p1a: Ludicolo Fan
|-supereffective|p1a: Ludicolo Fan
|-damage|p1a: Ludicolo Fan|0 fnt
|faint|p1a: Ludicolo Fan
|
|upkeep
|
|t:|1781165400
|switch|p1a: s26 ultra 5g 512gb|Dragonite, F, tera:Normal|87/100
|-damage|p1a: s26 ultra 5g 512gb|70/100|[from] Spikes
|turn|18
|
|t:|1781165405
|move|p1a: s26 ultra 5g 512gb|Extreme Speed|p2a: Hawlucha
|-damage|p2a: Hawlucha|58/100
|move|p2a: Hawlucha|Low Kick|p1a: s26 ultra 5g 512gb
|-supereffective|p1a: s26 ultra 5g 512gb
|-crit|p1a: s26 ultra 5g 512gb
|-damage|p1a: s26 ultra 5g 512gb|0 fnt
|faint|p1a: s26 ultra 5g 512gb
|
|upkeep
|-message|kadu99 forfeited.
|
|win|KurisuChestnutOU
|raw|kadu99's rating: 1577 &rarr; <strong>1558</strong><br />(-19 for losing)
|raw|KurisuChestnutOU's rating: 1599 &rarr; <strong>1618</strong><br />(+19 for winning)
|l|☆kadu99
|player|p1|
