|j|☆meio_potato
|j|☆Acastillo631
|t:|1781376702
|gametype|singles
|player|p1|meio_potato|hilda-wonderlauncher|1622
|player|p2|Acastillo631|silver|1660
|gen|9
|tier|[Gen 9] OU
|rated|
|rule|HP Percentage Mod: HP is shown in percentages
|rule|Endless Battle Clause: Forcing endless battles is banned
|rule|Species Clause: Limit one of each Pokémon
|rule|OHKO Clause: OHKO moves are banned
|rule|Evasion Items Clause: Evasion items are banned
|rule|Evasion Moves Clause: Evasion moves are banned
|rule|Evasion Abilities Clause: Evasion abilities are banned
|rule|Sleep Moves Clause: Sleep-inducing moves are banned
|clearpoke
|poke|p1|Latias, F|
|poke|p1|Polteageist|
|poke|p1|Zamazenta-*|
|poke|p1|Kingambit, M|
|poke|p1|Ogerpon-Wellspring, F|
|poke|p1|Iron Moth|
|poke|p2|Iron Valiant|
|poke|p2|Sinistcha|
|poke|p2|Tyranitar, M|
|poke|p2|Klefki, M|
|poke|p2|Swampert, F|
|poke|p2|Talonflame, F|
|teampreview
|inactive|Battle timer is ON: inactive players will automatically lose when time's up. (requested by meio_potato)
|
|t:|1781376724
|teamsize|p1|6
|teamsize|p2|6
|start
|switch|p1a: Ogerpon|Ogerpon-Wellspring, F|100/100
|switch|p2a: Redips|Klefki, M|100/100
|turn|1
|
|t:|1781376726
|move|p2a: Redips|Thunder Wave|p1a: Ogerpon|[miss]
|-miss|p2a: Redips|p1a: Ogerpon
|move|p1a: Ogerpon|Ivy Cudgel|p2a: Redips|[anim] Ivy Cudgel Water
|-crit|p2a: Redips
|-damage|p2a: Redips|26/100
|
|upkeep
|turn|2
|
|t:|1781376733
|move|p2a: Redips|Thunder Wave|p1a: Ogerpon
|-status|p1a: Ogerpon|par
|move|p1a: Ogerpon|Ivy Cudgel|p2a: Redips|[anim] Ivy Cudgel Water
|-damage|p2a: Redips|0 fnt
|faint|p2a: Redips
|
|upkeep
|j| InVincii
|
|t:|1781376741
|switch|p2a: Wire Sponge|Sinistcha|100/100
|turn|3
|
|t:|1781376743
|move|p2a: Wire Sponge|Calm Mind|p2a: Wire Sponge
|-boost|p2a: Wire Sponge|spa|1
|-boost|p2a: Wire Sponge|spd|1
|move|p1a: Ogerpon|Ivy Cudgel|p2a: Wire Sponge|[anim] Ivy Cudgel Water
|-resisted|p2a: Wire Sponge
|-damage|p2a: Wire Sponge|80/100
|
|upkeep
|turn|4
|
|t:|1781376746
|move|p2a: Wire Sponge|Shadow Ball|p1a: Ogerpon
|-damage|p1a: Ogerpon|39/100 par
|move|p1a: Ogerpon|Knock Off|p2a: Wire Sponge
|-supereffective|p2a: Wire Sponge
|-damage|p2a: Wire Sponge|25/100
|-enditem|p2a: Wire Sponge|Heavy-Duty Boots|[from] move: Knock Off|[of] p1a: Ogerpon
|
|upkeep
|turn|5
|
|t:|1781376751
|move|p2a: Wire Sponge|Strength Sap|p1a: Ogerpon
|-unboost|p1a: Ogerpon|atk|1
|-heal|p2a: Wire Sponge|100/100
|move|p1a: Ogerpon|Ivy Cudgel|p2a: Wire Sponge|[anim] Ivy Cudgel Water
|-resisted|p2a: Wire Sponge
|-damage|p2a: Wire Sponge|87/100
|
|upkeep
|turn|6
|
|t:|1781376753
|switch|p1a: Kingambit|Kingambit, M|100/100
|move|p2a: Wire Sponge|Calm Mind|p2a: Wire Sponge
|-boost|p2a: Wire Sponge|spa|1
|-boost|p2a: Wire Sponge|spd|1
|
|upkeep
|turn|7
|
|t:|1781376757
|move|p1a: Kingambit|Kowtow Cleave|p2a: Wire Sponge
|-supereffective|p2a: Wire Sponge
|-damage|p2a: Wire Sponge|19/100
|move|p2a: Wire Sponge|Matcha Gotcha|p1a: Kingambit
|-resisted|p1a: Kingambit
|-damage|p1a: Kingambit|74/100
|-heal|p2a: Wire Sponge|32/100|[from] drain|[of] p1a: Kingambit
|-status|p1a: Kingambit|brn
|
|-damage|p1a: Kingambit|68/100 brn|[from] brn
|upkeep
|turn|8
|
|t:|1781376772
|-terastallize|p2a: Wire Sponge|Poison
|move|p1a: Kingambit|Kowtow Cleave|p2a: Wire Sponge
|-damage|p2a: Wire Sponge|15/100
|move|p2a: Wire Sponge|Strength Sap|p1a: Kingambit
|-unboost|p1a: Kingambit|atk|1
|-ability|p1a: Kingambit|Defiant|boost
|-boost|p1a: Kingambit|atk|2
|-heal|p2a: Wire Sponge|100/100
|
|-damage|p1a: Kingambit|62/100 brn|[from] brn
|upkeep
|turn|9
|
|t:|1781376777
|move|p1a: Kingambit|Iron Head|p2a: Wire Sponge
|-damage|p2a: Wire Sponge|79/100
|move|p2a: Wire Sponge|Shadow Ball|p1a: Kingambit
|-resisted|p1a: Kingambit
|-damage|p1a: Kingambit|37/100 brn
|
|-damage|p1a: Kingambit|31/100 brn|[from] brn
|upkeep
|turn|10
|
|t:|1781376782
|move|p1a: Kingambit|Iron Head|p2a: Wire Sponge
|-damage|p2a: Wire Sponge|57/100
|move|p2a: Wire Sponge|Matcha Gotcha|p1a: Kingambit
|-resisted|p1a: Kingambit
|-damage|p1a: Kingambit|5/100 brn
|-heal|p2a: Wire Sponge|70/100|[from] drain|[of] p1a: Kingambit
|
|-damage|p1a: Kingambit|0 fnt|[from] brn
|faint|p1a: Kingambit
|upkeep
|
|t:|1781376788
|switch|p1a: Polteageist|Polteageist|100/100
|turn|11
|
|t:|1781376795
|move|p1a: Polteageist|Shell Smash|p1a: Polteageist
|-unboost|p1a: Polteageist|def|1
|-unboost|p1a: Polteageist|spd|1
|-boost|p1a: Polteageist|atk|2
|-boost|p1a: Polteageist|spa|2
|-boost|p1a: Polteageist|spe|2
|move|p2a: Wire Sponge|Shadow Ball|p1a: Polteageist
|-supereffective|p1a: Polteageist
|-enditem|p1a: Polteageist|Focus Sash
|-damage|p1a: Polteageist|1/100
|-unboost|p1a: Polteageist|spd|1
|
|upkeep
|turn|12
|
|t:|1781376798
|switch|p2a: Eregion|Tyranitar, M|100/100
|-weather|Sandstorm|[from] ability: Sand Stream|[of] p2a: Eregion
|move|p1a: Polteageist|Stored Power|p2a: Eregion
|-immune|p2a: Eregion
|
|-weather|Sandstorm|[upkeep]
|-damage|p1a: Polteageist|0 fnt|[from] Sandstorm
|faint|p1a: Polteageist
|upkeep
|
|t:|1781376801
|switch|p1a: Zamazenta|Zamazenta|100/100
|-ability|p1a: Zamazenta|Dauntless Shield|boost
|-boost|p1a: Zamazenta|def|1
|turn|13
|
|t:|1781376805
|switch|p2a: Talonflame|Talonflame, F|100/100
|move|p1a: Zamazenta|Iron Defense|p1a: Zamazenta
|-boost|p1a: Zamazenta|def|2
|
|-weather|Sandstorm|[upkeep]
|-damage|p1a: Zamazenta|94/100|[from] Sandstorm
|-damage|p2a: Talonflame|94/100|[from] Sandstorm
|-heal|p1a: Zamazenta|100/100|[from] item: Leftovers
|upkeep
|turn|14
|
|t:|1781376808
|-terastallize|p1a: Zamazenta|Fire
|move|p1a: Zamazenta|Iron Defense|p1a: Zamazenta
|-boost|p1a: Zamazenta|def|2
|move|p2a: Talonflame|Will-O-Wisp|p1a: Zamazenta
|-immune|p1a: Zamazenta
|
|-weather|Sandstorm|[upkeep]
|-damage|p1a: Zamazenta|94/100|[from] Sandstorm
|-damage|p2a: Talonflame|88/100|[from] Sandstorm
|-heal|p1a: Zamazenta|100/100|[from] item: Leftovers
|upkeep
|turn|15
|
|t:|1781376818
|move|p1a: Zamazenta|Body Press|p2a: Talonflame
|-resisted|p2a: Talonflame
|-damage|p2a: Talonflame|23/100
|move|p2a: Talonflame|Defog|p1a: Zamazenta
|-unboost|p1a: Zamazenta|evasion|1
|
|-weather|Sandstorm|[upkeep]
|-damage|p1a: Zamazenta|94/100|[from] Sandstorm
|-damage|p2a: Talonflame|17/100|[from] Sandstorm
|-heal|p1a: Zamazenta|100/100|[from] item: Leftovers
|upkeep
|turn|16
|
|t:|1781376822
|move|p1a: Zamazenta|Body Press|p2a: Talonflame
|-resisted|p2a: Talonflame
|-damage|p2a: Talonflame|0 fnt
|faint|p2a: Talonflame
|
|-weather|none
|upkeep
|
|t:|1781376835
|switch|p2a: Sage Harpuia|Iron Valiant|100/100
|-enditem|p2a: Sage Harpuia|Booster Energy
|-activate|p2a: Sage Harpuia|ability: Quark Drive|[fromitem]
|-start|p2a: Sage Harpuia|quarkdrivespe
|turn|17
|
|t:|1781376841
|move|p2a: Sage Harpuia|Destiny Bond|p2a: Sage Harpuia
|-singlemove|p2a: Sage Harpuia|Destiny Bond
|move|p1a: Zamazenta|Roar|p2a: Sage Harpuia
|-end|p2a: Sage Harpuia|Quark Drive|[silent]
|drag|p2a: Wire Sponge|Sinistcha, tera:Poison|70/100
|
|upkeep
|turn|18
|
|t:|1781376844
|move|p1a: Zamazenta|Body Press|p2a: Wire Sponge
|-resisted|p2a: Wire Sponge
|-damage|p2a: Wire Sponge|33/100
|move|p2a: Wire Sponge|Strength Sap|p1a: Zamazenta
|-unboost|p1a: Zamazenta|atk|1
|-heal|p2a: Wire Sponge|100/100
|
|upkeep
|turn|19
|
|t:|1781376847
|move|p1a: Zamazenta|Iron Defense|p1a: Zamazenta
|-boost|p1a: Zamazenta|def|1
|move|p2a: Wire Sponge|Calm Mind|p2a: Wire Sponge
|-boost|p2a: Wire Sponge|spa|1
|-boost|p2a: Wire Sponge|spd|1
|
|upkeep
|turn|20
|
|t:|1781376850
|move|p2a: Wire Sponge|Shadow Ball|p1a: Zamazenta
|-damage|p1a: Zamazenta|56/100
|move|p1a: Zamazenta|Roar|p2a: Wire Sponge
|drag|p2a: Duff Mcwhalen|Swampert, F|100/100
|
|-heal|p1a: Zamazenta|62/100|[from] item: Leftovers
|upkeep
|turn|21
|
|t:|1781376862
|switch|p2a: Wire Sponge|Sinistcha, tera:Poison|100/100
|move|p1a: Zamazenta|Body Press|p2a: Wire Sponge
|-resisted|p2a: Wire Sponge
|-damage|p2a: Wire Sponge|58/100
|
|-heal|p1a: Zamazenta|68/100|[from] item: Leftovers
|upkeep
|turn|22
|
|t:|1781376865
|move|p1a: Zamazenta|Body Press|p2a: Wire Sponge
|-resisted|p2a: Wire Sponge
|-damage|p2a: Wire Sponge|16/100
|move|p2a: Wire Sponge|Strength Sap|p1a: Zamazenta
|-unboost|p1a: Zamazenta|atk|1
|-heal|p2a: Wire Sponge|82/100
|
|-heal|p1a: Zamazenta|74/100|[from] item: Leftovers
|upkeep
|turn|23
|
|t:|1781376872
|move|p1a: Zamazenta|Body Press|p2a: Wire Sponge
|-resisted|p2a: Wire Sponge
|-damage|p2a: Wire Sponge|38/100
|move|p2a: Wire Sponge|Shadow Ball|p1a: Zamazenta
|-damage|p1a: Zamazenta|46/100
|
|-heal|p1a: Zamazenta|52/100|[from] item: Leftovers
|upkeep
|turn|24
|
|t:|1781376876
|move|p1a: Zamazenta|Body Press|p2a: Wire Sponge
|-resisted|p2a: Wire Sponge
|-damage|p2a: Wire Sponge|0 fnt
|faint|p2a: Wire Sponge
|
|-heal|p1a: Zamazenta|59/100|[from] item: Leftovers
|upkeep
|
|t:|1781376878
|switch|p2a: Sage Harpuia|Iron Valiant|100/100
|turn|25
|
|t:|1781376882
|move|p1a: Zamazenta|Body Press|p2a: Sage Harpuia
|-resisted|p2a: Sage Harpuia
|-damage|p2a: Sage Harpuia|25/100
|move|p2a: Sage Harpuia|Destiny Bond|p2a: Sage Harpuia
|-singlemove|p2a: Sage Harpuia|Destiny Bond
|
|-heal|p1a: Zamazenta|65/100|[from] item: Leftovers
|upkeep
|turn|26
|
|t:|1781376886
|move|p2a: Sage Harpuia|Encore|p1a: Zamazenta
|-start|p1a: Zamazenta|Encore
|move|p1a: Zamazenta|Body Press|p2a: Sage Harpuia
|-resisted|p2a: Sage Harpuia
|-damage|p2a: Sage Harpuia|0 fnt
|faint|p2a: Sage Harpuia
|-end|p2a: Sage Harpuia|Quark Drive|[silent]
|
|-heal|p1a: Zamazenta|71/100|[from] item: Leftovers
|upkeep
|-message|Acastillo631 forfeited.
|
|win|meio_potato
|raw|meio_potato's rating: 1643 &rarr; <strong>1664</strong><br />(+21 for winning)
|raw|Acastillo631's rating: 1660 &rarr; <strong>1639</strong><br />(-21 for losing)
|l|☆Acastillo631
|player|p2|
|l|☆meio_potato
|player|p1|
|c| InVincii|lmfap
|l| InVincii
