|j|☆levi6969
|j|☆Walking Wallet
|t:|1781584047
|gametype|singles
|player|p1|levi6969|101|1516
|player|p2|Walking Wallet|steven|1598
|gen|9
|tier|[Gen 9] OU
|rated|
|rule|HP Percentage Mod: HP is shown in percentages
|rule|Endless Battle Clause: Forcing endless battles is banned
|rule|Species Clause: Limit one of each Pokémon
|rule|OHKO Clause: OHKO moves are banned
|rule|Evasion Items Clause: Evasion items are banned
|rule|Evasion Moves Clause: Evasion moves are banned
|rule|Evasion Abilities Clause: Evasion abilities are banned
|rule|Sleep Moves Clause: Sleep-inducing moves are banned
|clearpoke
|poke|p1|Hoopa-Unbound|
|poke|p1|Pecharunt|
|poke|p1|Landorus-Therian, M|
|poke|p1|Cinderace, M|
|poke|p1|Alomomola, M|
|poke|p1|Iron Valiant|
|poke|p2|Mandibuzz, F|
|poke|p2|Gliscor, F|
|poke|p2|Kyurem|
|poke|p2|Iron Valiant|
|poke|p2|Cinderace, M|
|poke|p2|Zamazenta-*|
|teampreview
|
|t:|1781584064
|teamsize|p1|6
|teamsize|p2|6
|start
|switch|p1a: Iron Valiant|Iron Valiant, shiny|100/100
|switch|p2a: Gliscor|Gliscor, F|100/100
|turn|1
|
|t:|1781584075
|-end|p1a: Iron Valiant|Quark Drive|[silent]
|switch|p1a: Hoopa|Hoopa-Unbound|100/100
|move|p2a: Gliscor|Stealth Rock|p1a: Hoopa
|-sidestart|p1: levi6969|move: Stealth Rock
|
|-status|p2a: Gliscor|tox|[from] item: Toxic Orb
|upkeep
|turn|2
|
|t:|1781584082
|move|p2a: Gliscor|Spikes|p1a: Hoopa
|-sidestart|p1: levi6969|Spikes
|move|p1a: Hoopa|Hyperspace Fury|p2a: Gliscor
|-damage|p2a: Gliscor|24/100 tox
|-unboost|p1a: Hoopa|def|1
|
|-heal|p2a: Gliscor|36/100 tox|[from] ability: Poison Heal
|upkeep
|turn|3
|
|t:|1781584091
|move|p2a: Gliscor|Earthquake|p1a: Hoopa
|-damage|p1a: Hoopa|21/100
|move|p1a: Hoopa|Hyperspace Fury|p2a: Gliscor
|-damage|p2a: Gliscor|0 fnt
|-unboost|p1a: Hoopa|def|1
|faint|p2a: Gliscor
|
|upkeep
|inactive|Battle timer is ON: inactive players will automatically lose when time's up. (requested by levi6969)
|
|t:|1781584100
|switch|p2a: Court|Cinderace, M|100/100
|turn|4
|
|t:|1781584106
|move|p2a: Court|U-turn|p1a: Hoopa
|-supereffective|p1a: Hoopa
|-damage|p1a: Hoopa|0 fnt
|faint|p1a: Hoopa
|
|t:|1781584136
|switch|p2a: Buzzbone|Mandibuzz, F|100/100|[from] U-turn
|
|upkeep
|
|t:|1781584143
|switch|p1a: Cinderace|Cinderace, M, shiny|100/100
|turn|5
|
|t:|1781584151
|move|p1a: Cinderace|Court Change|p1a: Cinderace
|-start|p1a: Cinderace|typechange|Normal|[from] ability: Libero
|-swapsideconditions
|-activate|p1a: Cinderace|move: Court Change
|move|p2a: Buzzbone|Foul Play|p1a: Cinderace
|-damage|p1a: Cinderace|37/100
|
|upkeep
|turn|6
|
|t:|1781584158
|move|p1a: Cinderace|U-turn|p2a: Buzzbone
|-damage|p2a: Buzzbone|86/100
|
|t:|1781584162
|switch|p1a: Iron Valiant|Iron Valiant, shiny|100/100|[from] U-turn
|move|p2a: Buzzbone|Defog|p1a: Iron Valiant
|-unboost|p1a: Iron Valiant|evasion|1
|-sideend|p2: Walking Wallet|Spikes|[from] move: Defog|[of] p2a: Buzzbone
|-sideend|p2: Walking Wallet|Stealth Rock|[from] move: Defog|[of] p2a: Buzzbone
|
|upkeep
|turn|7
|
|t:|1781584166
|-terastallize|p1a: Iron Valiant|Fairy
|move|p1a: Iron Valiant|Moonblast|p2a: Buzzbone
|-supereffective|p2a: Buzzbone
|-damage|p2a: Buzzbone|0 fnt
|faint|p2a: Buzzbone
|
|upkeep
|
|t:|1781584172
|switch|p2a: Court|Cinderace, M|100/100
|turn|8
|
|t:|1781584177
|-end|p1a: Iron Valiant|Quark Drive|[silent]
|switch|p1a: Alomomola|Alomomola, M, shiny|100/100
|move|p2a: Court|U-turn|p1a: Alomomola
|-damage|p1a: Alomomola|77/100
|
|t:|1781584181
|switch|p2a: Haxrem|Kyurem|100/100|[from] U-turn
|-ability|p2a: Haxrem|Pressure
|
|upkeep
|turn|9
|
|t:|1781584188
|move|p2a: Haxrem|Scale Shot|p1a: Alomomola
|-damage|p1a: Alomomola|69/100
|-damage|p1a: Alomomola|62/100
|-hitcount|p1a: Alomomola|2
|-unboost|p2a: Haxrem|def|1
|-boost|p2a: Haxrem|spe|1
|move|p1a: Alomomola|Flip Turn|p2a: Haxrem
|-resisted|p2a: Haxrem
|-damage|p2a: Haxrem|87/100
|
|t:|1781584195
|switch|p1a: Pecharunt|Pecharunt|100/100|[from] Flip Turn
|
|upkeep
|turn|10
|
|t:|1781584208
|move|p2a: Haxrem|Earth Power|p1a: Pecharunt
|-supereffective|p1a: Pecharunt
|-damage|p1a: Pecharunt|41/100
|move|p1a: Pecharunt|Malignant Chain|p2a: Haxrem
|-damage|p2a: Haxrem|59/100
|
|upkeep
|turn|11
|
|t:|1781584216
|switch|p1a: Alomomola|Alomomola, M, shiny|95/100
|move|p2a: Haxrem|Earth Power|p1a: Alomomola
|-damage|p1a: Alomomola|78/100
|
|upkeep
|turn|12
|
|t:|1781584219
|move|p2a: Haxrem|Freeze-Dry|p1a: Alomomola
|-supereffective|p1a: Alomomola
|-damage|p1a: Alomomola|33/100
|-status|p1a: Alomomola|frz
|cant|p1a: Alomomola|frz
|
|upkeep
|turn|13
|-message|levi6969 forfeited.
|
|win|Walking Wallet
|raw|levi6969's rating: 1516 &rarr; <strong>1501</strong><br />(-15 for losing)
|raw|Walking Wallet's rating: 1598 &rarr; <strong>1613</strong><br />(+15 for winning)
|l|☆levi6969
|player|p1|
|l|☆Walking Wallet
|player|p2|
