|j|☆cachowcapow
|j|☆Noamm
|t:|1781371137
|gametype|singles
|player|p1|cachowcapow|170|1735
|player|p2|Noamm|gambler|1749
|gen|9
|tier|[Gen 9] OU
|rated|
|rule|HP Percentage Mod: HP is shown in percentages
|rule|Endless Battle Clause: Forcing endless battles is banned
|rule|Species Clause: Limit one of each Pokémon
|rule|OHKO Clause: OHKO moves are banned
|rule|Evasion Items Clause: Evasion items are banned
|rule|Evasion Moves Clause: Evasion moves are banned
|rule|Evasion Abilities Clause: Evasion abilities are banned
|rule|Sleep Moves Clause: Sleep-inducing moves are banned
|clearpoke
|poke|p1|Meowscarada, M|
|poke|p1|Slowking-Galar, F|
|poke|p1|Alomomola, F|
|poke|p1|Great Tusk|
|poke|p1|Cetitan, M|
|poke|p1|Tornadus-Therian, M|
|poke|p2|Lokix, M|
|poke|p2|Gholdengo|
|poke|p2|Slowking-Galar, F|
|poke|p2|Great Tusk|
|poke|p2|Zamazenta-*|
|poke|p2|Hydreigon, F|
|teampreview
|inactive|Battle timer is ON: inactive players will automatically lose when time's up. (requested by Noamm)
|
|t:|1781371144
|teamsize|p1|6
|teamsize|p2|6
|start
|switch|p1a: Slowking|Slowking-Galar, F|100/100
|switch|p2a: Lokix|Lokix, M|100/100
|turn|1
|
|t:|1781371149
|-terastallize|p1a: Slowking|Fairy
|move|p2a: Lokix|Knock Off|p1a: Slowking
|-resisted|p1a: Slowking
|-damage|p1a: Slowking|29/100
|-enditem|p1a: Slowking|Icy Rock|[from] move: Knock Off|[of] p2a: Lokix
|move|p1a: Slowking|Sludge Bomb|p2a: Lokix
|-damage|p2a: Lokix|39/100
|-status|p2a: Lokix|psn
|
|-damage|p2a: Lokix|27/100 psn|[from] psn
|upkeep
|turn|2
|
|t:|1781371154
|switch|p1a: Alomomola|Alomomola, F|100/100
|move|p2a: Lokix|Knock Off|p1a: Alomomola
|-crit|p1a: Alomomola
|-damage|p1a: Alomomola|29/100
|-enditem|p1a: Alomomola|Heavy-Duty Boots|[from] move: Knock Off|[of] p2a: Lokix
|
|-damage|p2a: Lokix|14/100 psn|[from] psn
|upkeep
|turn|3
|j| nesnot
|
|t:|1781371162
|switch|p1a: Slowking|Slowking-Galar, F, tera:Fairy|62/100
|move|p2a: Lokix|Knock Off|p1a: Slowking
|-resisted|p1a: Slowking
|-damage|p1a: Slowking|15/100
|
|-damage|p2a: Lokix|2/100 psn|[from] psn
|upkeep
|turn|4
|
|t:|1781371171
|switch|p1a: Great Tusk|Great Tusk|100/100
|move|p2a: Lokix|Knock Off|p1a: Great Tusk
|-resisted|p1a: Great Tusk
|-damage|p1a: Great Tusk|52/100
|-enditem|p1a: Great Tusk|Heavy-Duty Boots|[from] move: Knock Off|[of] p2a: Lokix
|
|-damage|p2a: Lokix|0 fnt|[from] psn
|faint|p2a: Lokix
|upkeep
|
|t:|1781371177
|switch|p2a: Hydreigon|Hydreigon, F|100/100
|turn|5
|
|t:|1781371182
|-end|p1a: Great Tusk|Protosynthesis|[silent]
|switch|p1a: Alomomola|Alomomola, F|62/100
|move|p2a: Hydreigon|Dark Pulse|p1a: Alomomola
|-damage|p1a: Alomomola|19/100
|
|upkeep
|turn|6
|
|t:|1781371185
|switch|p1a: Slowking|Slowking-Galar, F, tera:Fairy|49/100
|move|p2a: Hydreigon|Dark Pulse|p1a: Slowking
|-resisted|p1a: Slowking
|-damage|p1a: Slowking|31/100
|
|upkeep
|turn|7
|
|t:|1781371188
|switch|p2a: Gholdengo|Gholdengo|100/100
|-prepare|p1a: Slowking|Chilly Reception|[premajor]
|move|p1a: Slowking|Chilly Reception|p1a: Slowking
|-weather|Snowscape
|
|t:|1781371192
|switch|p1a: Tornadus|Tornadus-Therian, M|100/100|[from] Chilly Reception
|
|-weather|Snowscape|[upkeep]
|upkeep
|turn|8
|
|t:|1781371196
|move|p1a: Tornadus|Heat Wave|p2a: Gholdengo
|-supereffective|p2a: Gholdengo
|-damage|p2a: Gholdengo|13/100
|-damage|p1a: Tornadus|91/100|[from] item: Life Orb
|move|p2a: Gholdengo|Make It Rain|p1a: Tornadus
|-damage|p1a: Tornadus|0 fnt
|-unboost|p2a: Gholdengo|spa|1
|faint|p1a: Tornadus
|
|-weather|Snowscape|[upkeep]
|upkeep
|j| Puyu paz
|
|t:|1781371205
|switch|p1a: Cetitan|Cetitan, M|100/100
|turn|9
|
|t:|1781371228
|move|p1a: Cetitan|Belly Drum|p1a: Cetitan
|-damage|p1a: Cetitan|50/100
|-setboost|p1a: Cetitan|atk|6|[from] move: Belly Drum
|-enditem|p1a: Cetitan|Sitrus Berry|[eat]
|-heal|p1a: Cetitan|75/100|[from] item: Sitrus Berry
|move|p2a: Gholdengo|Make It Rain|p1a: Cetitan
|-supereffective|p1a: Cetitan
|-damage|p1a: Cetitan|0 fnt
|-unboost|p2a: Gholdengo|spa|1
|faint|p1a: Cetitan
|
|-weather|Snowscape|[upkeep]
|upkeep
|-message|cachowcapow forfeited.
|
|win|Noamm
|raw|cachowcapow's rating: 1735 &rarr; <strong>1716</strong><br />(-19 for losing)
|raw|Noamm's rating: 1749 &rarr; <strong>1768</strong><br />(+19 for winning)
|l|☆cachowcapow
|player|p1|
|l| Puyu paz
|l|☆Noamm
|player|p2|
|l| nesnot
|j|☆Noamm
|player|p2|Noamm|gambler|
|l|☆Noamm
|player|p2|
