|j|☆cachowcapow
|j|☆Stallazzle
|t:|1781072515
|gametype|singles
|player|p1|cachowcapow|265|1648
|player|p2|Stallazzle|169|1551
|gen|9
|tier|[Gen 9] OU
|rated|
|rule|HP Percentage Mod: HP is shown in percentages
|rule|Endless Battle Clause: Forcing endless battles is banned
|rule|Species Clause: Limit one of each Pokémon
|rule|OHKO Clause: OHKO moves are banned
|rule|Evasion Items Clause: Evasion items are banned
|rule|Evasion Moves Clause: Evasion moves are banned
|rule|Evasion Abilities Clause: Evasion abilities are banned
|rule|Sleep Moves Clause: Sleep-inducing moves are banned
|clearpoke
|poke|p1|Gardevoir, M|
|poke|p1|Gliscor, M|
|poke|p1|Slowking-Galar, M|
|poke|p1|Cinderace, M|
|poke|p1|Alomomola, M|
|poke|p1|Meowscarada, M|
|poke|p2|Salazzle, F|
|poke|p2|Gliscor, M|
|poke|p2|Alomomola, F|
|poke|p2|Corviknight, F|
|poke|p2|Dondozo, M|
|poke|p2|Blissey, F|
|teampreview
|inactive|Battle timer is ON: inactive players will automatically lose when time's up. (requested by Stallazzle)
|j| Drewisonline
|l| Drewisonline
|
|t:|1781072525
|teamsize|p1|6
|teamsize|p2|6
|start
|switch|p1a: Meowscarada|Meowscarada, M|100/100
|switch|p2a: Gliscor|Gliscor, M|100/100
|turn|1
|j| Drewisonline
|l| Drewisonline
|
|t:|1781072531
|move|p2a: Gliscor|Protect|p2a: Gliscor
|-singleturn|p2a: Gliscor|Protect
|move|p1a: Meowscarada|Triple Axel|p2a: Gliscor
|-start|p1a: Meowscarada|typechange|Ice|[from] ability: Protean
|-activate|p2a: Gliscor|move: Protect
|
|-status|p2a: Gliscor|tox|[from] item: Toxic Orb
|upkeep
|turn|2
|
|t:|1781072542
|switch|p1a: Slowking|Slowking-Galar, M|100/100
|switch|p2a: Alomomola|Alomomola, F|100/100
|
|upkeep
|turn|3
|
|t:|1781072549
|move|p2a: Alomomola|Flip Turn|p1a: Slowking
|-damage|p1a: Slowking|84/100
|
|t:|1781072553
|switch|p2a: Corviknight|Corviknight, F|100/100|[from] Flip Turn
|-ability|p2a: Corviknight|Pressure
|move|p1a: Slowking|Future Sight|p2a: Corviknight
|-start|p1a: Slowking|move: Future Sight
|
|upkeep
|turn|4
|
|t:|1781072561
|move|p2a: Corviknight|Iron Defense|p2a: Corviknight
|-boost|p2a: Corviknight|def|2
|-prepare|p1a: Slowking|Chilly Reception|[premajor]
|move|p1a: Slowking|Chilly Reception|p1a: Slowking
|-weather|Snowscape
|
|t:|1781072570
|switch|p1a: Alomomola|Alomomola, M|100/100|[from] Chilly Reception
|
|-weather|Snowscape|[upkeep]
|upkeep
|turn|5
|
|t:|1781072579
|move|p2a: Corviknight|Body Press|p1a: Alomomola
|-damage|p1a: Alomomola|66/100
|move|p1a: Alomomola|Scald|p2a: Corviknight
|-damage|p2a: Corviknight|86/100
|
|-weather|Snowscape|[upkeep]
|-end|p2a: Corviknight|move: Future Sight
|-resisted|p2a: Corviknight
|-damage|p2a: Corviknight|62/100
|upkeep
|turn|6
|
|t:|1781072590
|switch|p2a: Gliscor|Gliscor, M|100/100 tox
|move|p1a: Alomomola|Flip Turn|p2a: Gliscor
|-supereffective|p2a: Gliscor
|-damage|p2a: Gliscor|80/100 tox
|
|t:|1781072600
|switch|p1a: Meowscarada|Meowscarada, M|100/100|[from] Flip Turn
|
|-weather|Snowscape|[upkeep]
|-heal|p2a: Gliscor|92/100 tox|[from] ability: Poison Heal
|upkeep
|turn|7
|
|t:|1781072609
|-terastallize|p2a: Gliscor|Ghost
|move|p1a: Meowscarada|Triple Axel|p2a: Gliscor
|-start|p1a: Meowscarada|typechange|Ice|[from] ability: Protean
|-damage|p2a: Gliscor|86/100 tox
|-damage|p2a: Gliscor|75/100 tox
|-damage|p2a: Gliscor|56/100 tox
|-hitcount|p2a: Gliscor|3
|move|p2a: Gliscor|Toxic|p1a: Meowscarada
|-status|p1a: Meowscarada|tox
|
|-weather|Snowscape|[upkeep]
|-damage|p1a: Meowscarada|94/100 tox|[from] psn
|-heal|p2a: Gliscor|68/100 tox|[from] ability: Poison Heal
|upkeep
|turn|8
|
|t:|1781072624
|switch|p1a: Alomomola|Alomomola, M|99/100
|move|p2a: Gliscor|Knock Off|p1a: Alomomola
|-damage|p1a: Alomomola|85/100
|-enditem|p1a: Alomomola|Heavy-Duty Boots|[from] move: Knock Off|[of] p2a: Gliscor
|
|-weather|none
|-heal|p2a: Gliscor|81/100 tox|[from] ability: Poison Heal
|upkeep
|turn|9
|
|t:|1781072633
|switch|p1a: Gliscor|Gliscor, M|100/100
|move|p2a: Gliscor|Toxic|p1a: Gliscor
|-status|p1a: Gliscor|tox
|
|-heal|p2a: Gliscor|93/100 tox|[from] ability: Poison Heal
|upkeep
|turn|10
|
|t:|1781072641
|move|p1a: Gliscor|Sand Tomb|p2a: Gliscor
|-damage|p2a: Gliscor|86/100 tox
|-activate|p2a: Gliscor|move: Sand Tomb|[of] p1a: Gliscor
|move|p2a: Gliscor|Spikes|p1a: Gliscor
|-sidestart|p1: cachowcapow|Spikes
|
|-heal|p2a: Gliscor|99/100 tox|[from] ability: Poison Heal
|-damage|p2a: Gliscor|86/100 tox|[from] move: Sand Tomb|[partiallytrapped]
|upkeep
|turn|11
|
|t:|1781072651
|move|p2a: Gliscor|Protect|p2a: Gliscor
|-singleturn|p2a: Gliscor|Protect
|move|p1a: Gliscor|Knock Off|p2a: Gliscor
|-activate|p2a: Gliscor|move: Protect
|
|-heal|p2a: Gliscor|99/100 tox|[from] ability: Poison Heal
|-damage|p2a: Gliscor|86/100 tox|[from] move: Sand Tomb|[partiallytrapped]
|upkeep
|turn|12
|
|t:|1781072660
|move|p1a: Gliscor|Knock Off|p2a: Gliscor
|-supereffective|p2a: Gliscor
|-damage|p2a: Gliscor|61/100 tox
|-enditem|p2a: Gliscor|Toxic Orb|[from] move: Knock Off|[of] p1a: Gliscor
|move|p2a: Gliscor|Knock Off|p1a: Gliscor
|-damage|p1a: Gliscor|86/100 tox
|-enditem|p1a: Gliscor|Toxic Orb|[from] move: Knock Off|[of] p2a: Gliscor
|
|-heal|p2a: Gliscor|73/100 tox|[from] ability: Poison Heal
|-heal|p1a: Gliscor|98/100 tox|[from] ability: Poison Heal
|-damage|p2a: Gliscor|61/100 tox|[from] move: Sand Tomb|[partiallytrapped]
|upkeep
|turn|13
|
|t:|1781072672
|move|p2a: Gliscor|Protect|p2a: Gliscor
|-singleturn|p2a: Gliscor|Protect
|move|p1a: Gliscor|Knock Off|p2a: Gliscor
|-activate|p2a: Gliscor|move: Protect
|
|-heal|p1a: Gliscor|100/100 tox|[from] ability: Poison Heal
|-heal|p2a: Gliscor|73/100 tox|[from] ability: Poison Heal
|-damage|p2a: Gliscor|61/100 tox|[from] move: Sand Tomb|[partiallytrapped]
|upkeep
|turn|14
|
|t:|1781072681
|move|p2a: Gliscor|Knock Off|p1a: Gliscor
|-damage|p1a: Gliscor|91/100 tox
|move|p1a: Gliscor|Knock Off|p2a: Gliscor
|-supereffective|p2a: Gliscor
|-damage|p2a: Gliscor|42/100 tox
|
|-heal|p2a: Gliscor|55/100 tox|[from] ability: Poison Heal
|-heal|p1a: Gliscor|100/100 tox|[from] ability: Poison Heal
|-end|p2a: Gliscor|Sand Tomb|[partiallytrapped]
|upkeep
|turn|15
|
|t:|1781072690
|move|p2a: Gliscor|Protect|p2a: Gliscor
|-singleturn|p2a: Gliscor|Protect
|move|p1a: Gliscor|Knock Off|p2a: Gliscor
|-activate|p2a: Gliscor|move: Protect
|
|-heal|p2a: Gliscor|67/100 tox|[from] ability: Poison Heal
|upkeep
|turn|16
|
|t:|1781072699
|switch|p2a: Alomomola|Alomomola, F|100/100
|switch|p1a: Cinderace|Cinderace, M|100/100
|
|upkeep
|turn|17
|
|t:|1781072709
|move|p1a: Cinderace|U-turn|p2a: Alomomola
|-start|p1a: Cinderace|typechange|Bug|[from] ability: Libero
|-damage|p2a: Alomomola|84/100
|
|t:|1781072713
|switch|p1a: Gardevoir|Gardevoir, M|100/100|[from] U-turn
|-damage|p1a: Gardevoir|88/100|[from] Spikes
|-ability|p1a: Gardevoir|Regenerator|Trace|[from] ability: Trace|[of] p2a: Alomomola
|move|p2a: Alomomola|Flip Turn|p1a: Gardevoir
|-damage|p1a: Gardevoir|57/100
|
|t:|1781072724
|switch|p2a: Salazzle|Salazzle, F|100/100|[from] Flip Turn
|
|upkeep
|turn|18
|
|t:|1781072729
|switch|p1a: Slowking|Slowking-Galar, M|100/100
|move|p2a: Salazzle|Substitute|p2a: Salazzle
|-start|p2a: Salazzle|Substitute
|-damage|p2a: Salazzle|76/100
|
|-heal|p2a: Salazzle|82/100|[from] item: Leftovers
|upkeep
|turn|19
|j| AbrarS
|
|t:|1781072738
|switch|p1a: Gliscor|Gliscor, M|100/100 tox
|move|p2a: Salazzle|Toxic|p1a: Gliscor
|-fail|p1a: Gliscor|tox
|
|-heal|p2a: Salazzle|88/100|[from] item: Leftovers
|upkeep
|turn|20
|
|t:|1781072747
|move|p2a: Salazzle|Flamethrower|p1a: Gliscor
|-damage|p1a: Gliscor|54/100 tox
|move|p1a: Gliscor|Sand Tomb|p2a: Salazzle
|-supereffective|p2a: Salazzle
|-end|p2a: Salazzle|Substitute
|
|-heal|p2a: Salazzle|94/100|[from] item: Leftovers
|-heal|p1a: Gliscor|66/100 tox|[from] ability: Poison Heal
|upkeep
|turn|21
|
|t:|1781072758
|move|p2a: Salazzle|Substitute|p2a: Salazzle
|-start|p2a: Salazzle|Substitute
|-damage|p2a: Salazzle|69/100
|move|p1a: Gliscor|Knock Off|p2a: Salazzle
|-end|p2a: Salazzle|Substitute
|
|-heal|p2a: Salazzle|75/100|[from] item: Leftovers
|-heal|p1a: Gliscor|79/100 tox|[from] ability: Poison Heal
|upkeep
|turn|22
|j| kirbyphoenix25
|
|t:|1781072768
|switch|p2a: Alomomola|Alomomola, F|100/100
|move|p1a: Gliscor|Knock Off|p2a: Alomomola
|-damage|p2a: Alomomola|88/100
|-enditem|p2a: Alomomola|Heavy-Duty Boots|[from] move: Knock Off|[of] p1a: Gliscor
|
|-heal|p1a: Gliscor|91/100 tox|[from] ability: Poison Heal
|upkeep
|turn|23
|
|t:|1781072777
|move|p1a: Gliscor|Toxic|p2a: Alomomola
|-status|p2a: Alomomola|tox
|move|p2a: Alomomola|Flip Turn|p1a: Gliscor
|-supereffective|p1a: Gliscor
|-damage|p1a: Gliscor|69/100 tox
|
|t:|1781072784
|switch|p2a: Gliscor|Gliscor, M, tera:Ghost|67/100 tox|[from] Flip Turn
|
|-heal|p1a: Gliscor|82/100 tox|[from] ability: Poison Heal
|-heal|p2a: Gliscor|80/100 tox|[from] ability: Poison Heal
|upkeep
|turn|24
|
|t:|1781072791
|move|p2a: Gliscor|Protect|p2a: Gliscor
|-singleturn|p2a: Gliscor|Protect
|move|p1a: Gliscor|Sand Tomb|p2a: Gliscor
|-activate|p2a: Gliscor|move: Protect
|
|-heal|p1a: Gliscor|94/100 tox|[from] ability: Poison Heal
|-heal|p2a: Gliscor|92/100 tox|[from] ability: Poison Heal
|upkeep
|turn|25
|
|t:|1781072805
|switch|p2a: Alomomola|Alomomola, F|100/100 tox
|move|p1a: Gliscor|Knock Off|p2a: Alomomola
|-damage|p2a: Alomomola|92/100 tox
|
|-heal|p1a: Gliscor|100/100 tox|[from] ability: Poison Heal
|-damage|p2a: Alomomola|86/100 tox|[from] psn
|upkeep
|turn|26
|
|t:|1781072814
|move|p1a: Gliscor|Protect|p1a: Gliscor
|-singleturn|p1a: Gliscor|Protect
|move|p2a: Alomomola|Flip Turn|p1a: Gliscor
|-activate|p1a: Gliscor|move: Protect
|
|-damage|p2a: Alomomola|74/100 tox|[from] psn
|upkeep
|turn|27
|
|t:|1781072823
|move|p1a: Gliscor|Sand Tomb|p2a: Alomomola
|-damage|p2a: Alomomola|68/100 tox
|-activate|p2a: Alomomola|move: Sand Tomb|[of] p1a: Gliscor
|move|p2a: Alomomola|Flip Turn|p1a: Gliscor
|-supereffective|p1a: Gliscor
|-damage|p1a: Gliscor|80/100 tox
|
|t:|1781072831
|switch|p2a: Gliscor|Gliscor, M, tera:Ghost|92/100 tox|[from] Flip Turn
|
|-heal|p1a: Gliscor|92/100 tox|[from] ability: Poison Heal
|-heal|p2a: Gliscor|100/100 tox|[from] ability: Poison Heal
|upkeep
|turn|28
|
|t:|1781072838
|switch|p2a: Alomomola|Alomomola, F|100/100 tox
|move|p1a: Gliscor|Knock Off|p2a: Alomomola
|-damage|p2a: Alomomola|92/100 tox
|
|-heal|p1a: Gliscor|100/100 tox|[from] ability: Poison Heal
|-damage|p2a: Alomomola|86/100 tox|[from] psn
|upkeep
|turn|29
|
|t:|1781072847
|move|p1a: Gliscor|Sand Tomb|p2a: Alomomola
|-damage|p2a: Alomomola|80/100 tox
|-activate|p2a: Alomomola|move: Sand Tomb|[of] p1a: Gliscor
|move|p2a: Alomomola|Flip Turn|p1a: Gliscor
|-supereffective|p1a: Gliscor
|-damage|p1a: Gliscor|80/100 tox
|
|t:|1781072854
|switch|p2a: Corviknight|Corviknight, F|62/100|[from] Flip Turn
|-ability|p2a: Corviknight|Pressure
|
|-heal|p1a: Gliscor|93/100 tox|[from] ability: Poison Heal
|upkeep
|turn|30
|l| AbrarS
|
|t:|1781072863
|switch|p2a: Alomomola|Alomomola, F|100/100 tox
|move|p1a: Gliscor|Knock Off|p2a: Alomomola
|-damage|p2a: Alomomola|92/100 tox
|
|-heal|p1a: Gliscor|100/100 tox|[from] ability: Poison Heal
|-damage|p2a: Alomomola|86/100 tox|[from] psn
|upkeep
|turn|31
|
|t:|1781072872
|move|p1a: Gliscor|Knock Off|p2a: Alomomola
|-damage|p2a: Alomomola|78/100 tox
|move|p2a: Alomomola|Wish|p2a: Alomomola
|
|-damage|p2a: Alomomola|65/100 tox|[from] psn
|upkeep
|turn|32
|
|t:|1781072879
|switch|p2a: Corviknight|Corviknight, F|62/100
|-ability|p2a: Corviknight|Pressure
|move|p1a: Gliscor|Protect||[still]
|-fail|p1a: Gliscor
|
|-heal|p2a: Corviknight|100/100|[from] move: Wish|[wisher] Alomomola
|upkeep
|turn|33
|
|t:|1781072888
|switch|p1a: Slowking|Slowking-Galar, M|100/100
|switch|p2a: Alomomola|Alomomola, F|99/100 tox
|
|-damage|p2a: Alomomola|93/100 tox|[from] psn
|upkeep
|turn|34
|
|t:|1781072900
|move|p2a: Alomomola|Flip Turn|p1a: Slowking
|-damage|p1a: Slowking|84/100
|
|t:|1781072905
|switch|p2a: Gliscor|Gliscor, M, tera:Ghost|100/100 tox|[from] Flip Turn
|move|p1a: Slowking|Future Sight|p2a: Gliscor
|-start|p1a: Slowking|move: Future Sight
|
|upkeep
|turn|35
|
|t:|1781072911
|move|p2a: Gliscor|Knock Off|p1a: Slowking
|-supereffective|p1a: Slowking
|-damage|p1a: Slowking|43/100
|-enditem|p1a: Slowking|Heavy-Duty Boots|[from] move: Knock Off|[of] p2a: Gliscor
|-prepare|p1a: Slowking|Chilly Reception|[premajor]
|move|p1a: Slowking|Chilly Reception|p1a: Slowking
|-weather|Snowscape
|
|t:|1781072925
|switch|p1a: Alomomola|Alomomola, M|100/100|[from] Chilly Reception
|-damage|p1a: Alomomola|88/100|[from] Spikes
|
|-weather|Snowscape|[upkeep]
|upkeep
|turn|36
|
|t:|1781072932
|switch|p1a: Slowking|Slowking-Galar, M|76/100
|-damage|p1a: Slowking|63/100|[from] Spikes
|move|p2a: Gliscor|Toxic|p1a: Slowking
|-immune|p1a: Slowking
|
|-weather|Snowscape|[upkeep]
|-end|p2a: Gliscor|move: Future Sight
|-damage|p2a: Gliscor|51/100 tox
|-heal|p2a: Gliscor|63/100 tox|[from] ability: Poison Heal
|upkeep
|turn|37
|
|t:|1781072943
|move|p2a: Gliscor|Knock Off|p1a: Slowking
|-supereffective|p1a: Slowking
|-damage|p1a: Slowking|31/100
|move|p1a: Slowking|Future Sight|p2a: Gliscor
|-start|p1a: Slowking|move: Future Sight
|
|-weather|Snowscape|[upkeep]
|-heal|p2a: Gliscor|76/100 tox|[from] ability: Poison Heal
|upkeep
|turn|38
|
|t:|1781072958
|switch|p1a: Gliscor|Gliscor, M|100/100 tox
|move|p2a: Gliscor|Knock Off|p1a: Gliscor
|-damage|p1a: Gliscor|91/100 tox
|
|-weather|Snowscape|[upkeep]
|-heal|p2a: Gliscor|88/100 tox|[from] ability: Poison Heal
|-heal|p1a: Gliscor|100/100 tox|[from] ability: Poison Heal
|upkeep
|turn|39
|
|t:|1781072967
|switch|p1a: Cinderace|Cinderace, M|100/100
|move|p2a: Gliscor|Protect||[still]
|-fail|p2a: Gliscor
|
|-weather|none
|-end|p2a: Gliscor|move: Future Sight
|-damage|p2a: Gliscor|38/100 tox
|-heal|p2a: Gliscor|50/100 tox|[from] ability: Poison Heal
|upkeep
|turn|40
|
|t:|1781072978
|switch|p1a: Slowking|Slowking-Galar, M|64/100
|-damage|p1a: Slowking|52/100|[from] Spikes
|move|p2a: Gliscor|Knock Off|p1a: Slowking
|-supereffective|p1a: Slowking
|-damage|p1a: Slowking|20/100
|
|-heal|p2a: Gliscor|62/100 tox|[from] ability: Poison Heal
|upkeep
|turn|41
|
|t:|1781072988
|switch|p2a: Alomomola|Alomomola, F|100/100 tox
|switch|p1a: Gliscor|Gliscor, M|100/100 tox
|
|-damage|p2a: Alomomola|94/100 tox|[from] psn
|upkeep
|turn|42
|
|t:|1781072997
|switch|p1a: Gardevoir|Gardevoir, M|90/100
|-damage|p1a: Gardevoir|78/100|[from] Spikes
|-ability|p1a: Gardevoir|Regenerator|Trace|[from] ability: Trace|[of] p2a: Alomomola
|move|p2a: Alomomola|Flip Turn|p1a: Gardevoir
|-damage|p1a: Gardevoir|47/100
|
|t:|1781073006
|switch|p2a: Salazzle|Salazzle, F|75/100|[from] Flip Turn
|
|-heal|p2a: Salazzle|81/100|[from] item: Leftovers
|upkeep
|turn|43
|
|t:|1781073012
|switch|p1a: Gliscor|Gliscor, M|100/100 tox
|move|p2a: Salazzle|Flamethrower|p1a: Gliscor
|-damage|p1a: Gliscor|60/100 tox
|
|-heal|p2a: Salazzle|88/100|[from] item: Leftovers
|-heal|p1a: Gliscor|72/100 tox|[from] ability: Poison Heal
|upkeep
|turn|44
|
|t:|1781073023
|switch|p2a: Alomomola|Alomomola, F|100/100 tox
|move|p1a: Gliscor|Sand Tomb|p2a: Alomomola
|-damage|p2a: Alomomola|94/100 tox
|-activate|p2a: Alomomola|move: Sand Tomb|[of] p1a: Gliscor
|
|-heal|p1a: Gliscor|85/100 tox|[from] ability: Poison Heal
|-damage|p2a: Alomomola|88/100 tox|[from] psn
|-damage|p2a: Alomomola|76/100 tox|[from] move: Sand Tomb|[partiallytrapped]
|upkeep
|turn|45
|
|t:|1781073034
|move|p1a: Gliscor|Protect|p1a: Gliscor
|-singleturn|p1a: Gliscor|Protect
|move|p2a: Alomomola|Scald|p1a: Gliscor
|-activate|p1a: Gliscor|move: Protect
|
|-heal|p1a: Gliscor|97/100 tox|[from] ability: Poison Heal
|-damage|p2a: Alomomola|63/100 tox|[from] psn
|-damage|p2a: Alomomola|51/100 tox|[from] move: Sand Tomb|[partiallytrapped]
|upkeep
|turn|46
|
|t:|1781073045
|move|p1a: Gliscor|Knock Off|p2a: Alomomola
|-damage|p2a: Alomomola|43/100 tox
|move|p2a: Alomomola|Flip Turn|p1a: Gliscor
|-supereffective|p1a: Gliscor
|-damage|p1a: Gliscor|76/100 tox
|
|t:|1781073051
|switch|p2a: Gliscor|Gliscor, M, tera:Ghost|62/100 tox|[from] Flip Turn
|
|-heal|p2a: Gliscor|75/100 tox|[from] ability: Poison Heal
|-heal|p1a: Gliscor|89/100 tox|[from] ability: Poison Heal
|upkeep
|turn|47
|
|t:|1781073058
|move|p2a: Gliscor|Protect|p2a: Gliscor
|-singleturn|p2a: Gliscor|Protect
|move|p1a: Gliscor|Sand Tomb|p2a: Gliscor
|-activate|p2a: Gliscor|move: Protect
|
|-heal|p2a: Gliscor|87/100 tox|[from] ability: Poison Heal
|-heal|p1a: Gliscor|100/100 tox|[from] ability: Poison Heal
|upkeep
|turn|48
|
|t:|1781073067
|switch|p2a: Alomomola|Alomomola, F|77/100 tox
|move|p1a: Gliscor|Sand Tomb|p2a: Alomomola
|-damage|p2a: Alomomola|70/100 tox
|-activate|p2a: Alomomola|move: Sand Tomb|[of] p1a: Gliscor
|
|-damage|p2a: Alomomola|64/100 tox|[from] psn
|-damage|p2a: Alomomola|52/100 tox|[from] move: Sand Tomb|[partiallytrapped]
|upkeep
|turn|49
|
|t:|1781073077
|move|p1a: Gliscor|Knock Off|p2a: Alomomola
|-damage|p2a: Alomomola|44/100 tox
|move|p2a: Alomomola|Wish|p2a: Alomomola
|
|-damage|p2a: Alomomola|31/100 tox|[from] psn
|-damage|p2a: Alomomola|19/100 tox|[from] move: Sand Tomb|[partiallytrapped]
|upkeep
|turn|50
|j| yuureisuisei
|
|t:|1781073086
|move|p1a: Gliscor|Protect|p1a: Gliscor
|-singleturn|p1a: Gliscor|Protect
|move|p2a: Alomomola|Protect||[still]
|-fail|p2a: Alomomola
|
|-heal|p2a: Alomomola|69/100 tox|[from] move: Wish|[wisher] Alomomola
|-damage|p2a: Alomomola|50/100 tox|[from] psn
|-damage|p2a: Alomomola|38/100 tox|[from] move: Sand Tomb|[partiallytrapped]
|upkeep
|turn|51
|
|t:|1781073096
|move|p1a: Gliscor|Sand Tomb|p2a: Alomomola
|-damage|p2a: Alomomola|31/100 tox
|move|p2a: Alomomola|Flip Turn|p1a: Gliscor
|-supereffective|p1a: Gliscor
|-damage|p1a: Gliscor|80/100 tox
|
|t:|1781073102
|switch|p2a: Gliscor|Gliscor, M, tera:Ghost|87/100 tox|[from] Flip Turn
|
|-heal|p2a: Gliscor|99/100 tox|[from] ability: Poison Heal
|-heal|p1a: Gliscor|93/100 tox|[from] ability: Poison Heal
|upkeep
|turn|52
|
|t:|1781073110
|switch|p2a: Corviknight|Corviknight, F|100/100
|-ability|p2a: Corviknight|Pressure
|move|p1a: Gliscor|Sand Tomb|p2a: Corviknight
|-immune|p2a: Corviknight
|
|-heal|p1a: Gliscor|100/100 tox|[from] ability: Poison Heal
|upkeep
|turn|53
|l| yuureisuisei
|
|t:|1781073119
|switch|p2a: Alomomola|Alomomola, F|65/100 tox
|move|p1a: Gliscor|Knock Off|p2a: Alomomola
|-damage|p2a: Alomomola|57/100 tox
|
|-damage|p2a: Alomomola|51/100 tox|[from] psn
|upkeep
|turn|54
|
|t:|1781073127
|move|p1a: Gliscor|Sand Tomb|p2a: Alomomola
|-damage|p2a: Alomomola|45/100 tox
|-activate|p2a: Alomomola|move: Sand Tomb|[of] p1a: Gliscor
|move|p2a: Alomomola|Flip Turn|p1a: Gliscor
|-supereffective|p1a: Gliscor
|-damage|p1a: Gliscor|78/100 tox
|
|t:|1781073134
|switch|p2a: Corviknight|Corviknight, F|100/100|[from] Flip Turn
|-ability|p2a: Corviknight|Pressure
|
|-heal|p1a: Gliscor|90/100 tox|[from] ability: Poison Heal
|upkeep
|turn|55
|
|t:|1781073142
|switch|p2a: Alomomola|Alomomola, F|79/100 tox
|move|p1a: Gliscor|Sand Tomb|p2a: Alomomola
|-damage|p2a: Alomomola|73/100 tox
|-activate|p2a: Alomomola|move: Sand Tomb|[of] p1a: Gliscor
|
|-heal|p1a: Gliscor|100/100 tox|[from] ability: Poison Heal
|-damage|p2a: Alomomola|67/100 tox|[from] psn
|-damage|p2a: Alomomola|54/100 tox|[from] move: Sand Tomb|[partiallytrapped]
|upkeep
|turn|56
|
|t:|1781073153
|move|p1a: Gliscor|Knock Off|p2a: Alomomola
|-damage|p2a: Alomomola|46/100 tox
|move|p2a: Alomomola|Flip Turn|p1a: Gliscor
|-supereffective|p1a: Gliscor
|-damage|p1a: Gliscor|80/100 tox
|
|t:|1781073162
|switch|p2a: Salazzle|Salazzle, F|88/100|[from] Flip Turn
|
|-heal|p2a: Salazzle|94/100|[from] item: Leftovers
|-heal|p1a: Gliscor|93/100 tox|[from] ability: Poison Heal
|upkeep
|turn|57
|
|t:|1781073170
|move|p2a: Salazzle|Substitute|p2a: Salazzle
|-start|p2a: Salazzle|Substitute
|-damage|p2a: Salazzle|69/100
|move|p1a: Gliscor|Knock Off|p2a: Salazzle
|-end|p2a: Salazzle|Substitute
|
|-heal|p2a: Salazzle|75/100|[from] item: Leftovers
|-heal|p1a: Gliscor|100/100 tox|[from] ability: Poison Heal
|upkeep
|turn|58
|
|t:|1781073180
|move|p2a: Salazzle|Protect|p2a: Salazzle
|-singleturn|p2a: Salazzle|Protect
|move|p1a: Gliscor|Sand Tomb|p2a: Salazzle
|-activate|p2a: Salazzle|move: Protect
|
|-heal|p2a: Salazzle|81/100|[from] item: Leftovers
|upkeep
|turn|59
|
|t:|1781073190
|move|p2a: Salazzle|Substitute|p2a: Salazzle
|-start|p2a: Salazzle|Substitute
|-damage|p2a: Salazzle|56/100
|move|p1a: Gliscor|Knock Off|p2a: Salazzle
|-end|p2a: Salazzle|Substitute
|
|-heal|p2a: Salazzle|62/100|[from] item: Leftovers
|upkeep
|turn|60
|
|t:|1781073198
|move|p2a: Salazzle|Protect|p2a: Salazzle
|-singleturn|p2a: Salazzle|Protect
|move|p1a: Gliscor|Knock Off|p2a: Salazzle
|-activate|p2a: Salazzle|move: Protect
|
|-heal|p2a: Salazzle|68/100|[from] item: Leftovers
|upkeep
|turn|61
|
|t:|1781073206
|switch|p2a: Alomomola|Alomomola, F|80/100 tox
|move|p1a: Gliscor|Sand Tomb|p2a: Alomomola|[miss]
|-miss|p1a: Gliscor|p2a: Alomomola
|
|-damage|p2a: Alomomola|74/100 tox|[from] psn
|upkeep
|turn|62
|
|t:|1781073214
|move|p1a: Gliscor|Protect|p1a: Gliscor
|-singleturn|p1a: Gliscor|Protect
|move|p2a: Alomomola|Flip Turn|p1a: Gliscor
|-activate|p1a: Gliscor|move: Protect
|
|-damage|p2a: Alomomola|61/100 tox|[from] psn
|upkeep
|turn|63
|
|t:|1781073222
|switch|p1a: Alomomola|Alomomola, M|100/100
|-damage|p1a: Alomomola|88/100|[from] Spikes
|move|p2a: Alomomola|Flip Turn|p1a: Alomomola
|-resisted|p1a: Alomomola
|-damage|p1a: Alomomola|82/100
|
|t:|1781073230
|switch|p2a: Salazzle|Salazzle, F|68/100|[from] Flip Turn
|
|-heal|p2a: Salazzle|75/100|[from] item: Leftovers
|upkeep
|turn|64
|l| kirbyphoenix25
|
|t:|1781073238
|move|p2a: Salazzle|Protect|p2a: Salazzle
|-singleturn|p2a: Salazzle|Protect
|move|p1a: Alomomola|Flip Turn|p2a: Salazzle
|-activate|p2a: Salazzle|move: Protect
|
|-heal|p2a: Salazzle|81/100|[from] item: Leftovers
|upkeep
|turn|65
|
|t:|1781073247
|switch|p2a: Corviknight|Corviknight, F|100/100
|-ability|p2a: Corviknight|Pressure
|move|p1a: Alomomola|Flip Turn|p2a: Corviknight
|-damage|p2a: Corviknight|89/100
|-damage|p1a: Alomomola|66/100|[from] item: Rocky Helmet|[of] p2a: Corviknight
|
|t:|1781073249
|switch|p1a: Cinderace|Cinderace, M|100/100|[from] Flip Turn
|
|upkeep
|turn|66
|
|t:|1781073259
|switch|p2a: Alomomola|Alomomola, F|95/100 tox
|move|p1a: Cinderace|Court Change|p1a: Cinderace
|-start|p1a: Cinderace|typechange|Normal|[from] ability: Libero
|-swapsideconditions
|-activate|p1a: Cinderace|move: Court Change
|
|-damage|p2a: Alomomola|88/100 tox|[from] psn
|upkeep
|turn|67
|
|t:|1781073268
|move|p1a: Cinderace|U-turn|p2a: Alomomola
|-damage|p2a: Alomomola|77/100 tox
|
|t:|1781073275
|switch|p1a: Gardevoir|Gardevoir, M|81/100|[from] U-turn
|-ability|p1a: Gardevoir|Regenerator|Trace|[from] ability: Trace|[of] p2a: Alomomola
|move|p2a: Alomomola|Flip Turn|p1a: Gardevoir
|-damage|p1a: Gardevoir|51/100
|
|t:|1781073285
|switch|p2a: Salazzle|Salazzle, F|81/100|[from] Flip Turn
|-damage|p2a: Salazzle|68/100|[from] Spikes
|
|-heal|p2a: Salazzle|75/100|[from] item: Leftovers
|upkeep
|turn|68
|
|t:|1781073293
|switch|p1a: Gliscor|Gliscor, M|100/100 tox
|move|p2a: Salazzle|Flamethrower|p1a: Gliscor
|-damage|p1a: Gliscor|57/100 tox
|
|-heal|p2a: Salazzle|81/100|[from] item: Leftovers
|-heal|p1a: Gliscor|69/100 tox|[from] ability: Poison Heal
|upkeep
|turn|69
|
|t:|1781073304
|switch|p2a: Corviknight|Corviknight, F|89/100
|-ability|p2a: Corviknight|Pressure
|move|p1a: Gliscor|Knock Off|p2a: Corviknight
|-damage|p2a: Corviknight|76/100
|-damage|p1a: Gliscor|53/100 tox|[from] item: Rocky Helmet|[of] p2a: Corviknight
|-enditem|p2a: Corviknight|Rocky Helmet|[from] move: Knock Off|[of] p1a: Gliscor
|
|-heal|p1a: Gliscor|65/100 tox|[from] ability: Poison Heal
|upkeep
|turn|70
|
|t:|1781073315
|switch|p1a: Cinderace|Cinderace, M|100/100
|move|p2a: Corviknight|Defog|p1a: Cinderace
|-unboost|p1a: Cinderace|evasion|1
|-sideend|p2: Stallazzle|Spikes|[from] move: Defog|[of] p2a: Corviknight
|
|upkeep
|turn|71
|
|t:|1781073322
|switch|p2a: Alomomola|Alomomola, F|100/100 tox
|move|p1a: Cinderace|U-turn|p2a: Alomomola
|-start|p1a: Cinderace|typechange|Bug|[from] ability: Libero
|-damage|p2a: Alomomola|83/100 tox
|
|t:|1781073326
|switch|p1a: Gardevoir|Gardevoir, M|84/100|[from] U-turn
|-ability|p1a: Gardevoir|Regenerator|Trace|[from] ability: Trace|[of] p2a: Alomomola
|
|-damage|p2a: Alomomola|77/100 tox|[from] psn
|upkeep
|turn|72
|j| pokemonclub34
|
|t:|1781073336
|move|p2a: Alomomola|Protect|p2a: Alomomola
|-singleturn|p2a: Alomomola|Protect
|move|p1a: Gardevoir|Moonblast|p2a: Alomomola
|-activate|p2a: Alomomola|move: Protect
|
|-damage|p2a: Alomomola|64/100 tox|[from] psn
|upkeep
|turn|73
|
|t:|1781073345
|switch|p1a: Slowking|Slowking-Galar, M|53/100
|switch|p2a: Blissey|Blissey, F|100/100
|
|upkeep
|turn|74
|
|t:|1781073353
|move|p2a: Blissey|Stealth Rock|p1a: Slowking
|-sidestart|p1: cachowcapow|move: Stealth Rock
|move|p1a: Slowking|Future Sight|p2a: Blissey
|-start|p1a: Slowking|move: Future Sight
|
|upkeep
|turn|75
|
|t:|1781073361
|switch|p2a: Gliscor|Gliscor, M, tera:Ghost|99/100 tox
|-prepare|p1a: Slowking|Chilly Reception|[premajor]
|move|p1a: Slowking|Chilly Reception|p1a: Slowking
|-weather|Snowscape
|
|t:|1781073368
|switch|p1a: Gardevoir|Gardevoir, M|100/100|[from] Chilly Reception
|-damage|p1a: Gardevoir|88/100|[from] Stealth Rock
|-ability|p1a: Gardevoir|Poison Heal|Trace|[from] ability: Trace|[of] p2a: Gliscor
|
|-weather|Snowscape|[upkeep]
|-heal|p2a: Gliscor|100/100 tox|[from] ability: Poison Heal
|upkeep
|turn|76
|l| pokemonclub34
|
|t:|1781073378
|move|p2a: Gliscor|Protect|p2a: Gliscor
|-singleturn|p2a: Gliscor|Protect
|move|p1a: Gardevoir|Moonblast|p2a: Gliscor
|-activate|p2a: Gliscor|move: Protect
|
|-weather|Snowscape|[upkeep]
|-end|p2a: Gliscor|move: Future Sight
|-damage|p2a: Gliscor|49/100 tox
|-heal|p2a: Gliscor|62/100 tox|[from] ability: Poison Heal
|upkeep
|turn|77
|
|t:|1781073389
|switch|p2a: Corviknight|Corviknight, F|76/100
|-ability|p2a: Corviknight|Pressure
|move|p1a: Gardevoir|Moonblast|p2a: Corviknight
|-resisted|p2a: Corviknight
|-damage|p2a: Corviknight|37/100
|
|-weather|Snowscape|[upkeep]
|upkeep
|turn|78
|
|t:|1781073401
|switch|p1a: Slowking|Slowking-Galar, M|86/100
|-damage|p1a: Slowking|74/100|[from] Stealth Rock
|switch|p2a: Blissey|Blissey, F|100/100
|
|-weather|Snowscape|[upkeep]
|upkeep
|turn|79
|
|t:|1781073411
|move|p2a: Blissey|Seismic Toss|p1a: Slowking
|-damage|p1a: Slowking|48/100
|move|p1a: Slowking|Future Sight|p2a: Blissey
|-start|p1a: Slowking|move: Future Sight
|
|-weather|none
|upkeep
|turn|80
|
|t:|1781073416
|move|p2a: Blissey|Seismic Toss|p1a: Slowking
|-damage|p1a: Slowking|23/100
|-prepare|p1a: Slowking|Chilly Reception|[premajor]
|move|p1a: Slowking|Chilly Reception|p1a: Slowking
|-weather|Snowscape
|
|t:|1781073425
|switch|p1a: Cinderace|Cinderace, M|100/100|[from] Chilly Reception
|
|-weather|Snowscape|[upkeep]
|upkeep
|turn|81
|
|t:|1781073435
|switch|p2a: Dondozo|Dondozo, M|100/100
|move|p1a: Cinderace|Pyro Ball|p2a: Dondozo
|-resisted|p2a: Dondozo
|-damage|p2a: Dondozo|87/100
|
|-weather|Snowscape|[upkeep]
|-end|p2a: Dondozo|move: Future Sight
|-damage|p2a: Dondozo|46/100
|upkeep
|turn|82
|
|t:|1781073444
|move|p1a: Cinderace|Court Change|p1a: Cinderace
|-start|p1a: Cinderace|typechange|Normal|[from] ability: Libero
|-swapsideconditions
|-activate|p1a: Cinderace|move: Court Change
|move|p2a: Dondozo|Rest|p2a: Dondozo
|-status|p2a: Dondozo|slp|[from] move: Rest
|-heal|p2a: Dondozo|100/100 slp|[silent]
|
|-weather|Snowscape|[upkeep]
|upkeep
|turn|83
|
|t:|1781073453
|move|p1a: Cinderace|U-turn|p2a: Dondozo
|-damage|p2a: Dondozo|91/100 slp
|
|t:|1781073456
|switch|p1a: Slowking|Slowking-Galar, M|56/100|[from] U-turn
|cant|p2a: Dondozo|slp
|move|p2a: Dondozo|Sleep Talk|p2a: Dondozo
|move|p2a: Dondozo|Curse|p2a: Dondozo|[from] move: Sleep Talk
|-unboost|p2a: Dondozo|spe|1
|-boost|p2a: Dondozo|atk|1
|-boost|p2a: Dondozo|def|1
|
|-weather|Snowscape|[upkeep]
|upkeep
|turn|84
|
|t:|1781073466
|switch|p2a: Gliscor|Gliscor, M, tera:Ghost|62/100 tox
|-damage|p2a: Gliscor|49/100 tox|[from] Stealth Rock
|-prepare|p1a: Slowking|Chilly Reception|[premajor]
|move|p1a: Slowking|Chilly Reception|p1a: Slowking
|
|t:|1781073473
|switch|p1a: Gardevoir|Gardevoir, M|88/100|[from] Chilly Reception
|-ability|p1a: Gardevoir|Poison Heal|Trace|[from] ability: Trace|[of] p2a: Gliscor
|
|-weather|none
|-heal|p2a: Gliscor|62/100 tox|[from] ability: Poison Heal
|upkeep
|turn|85
|
|t:|1781073482
|move|p2a: Gliscor|Protect|p2a: Gliscor
|-singleturn|p2a: Gliscor|Protect
|move|p1a: Gardevoir|Moonblast|p2a: Gliscor
|-activate|p2a: Gliscor|move: Protect
|
|-heal|p2a: Gliscor|74/100 tox|[from] ability: Poison Heal
|upkeep
|turn|86
|
|t:|1781073491
|switch|p1a: Cinderace|Cinderace, M|100/100
|switch|p2a: Blissey|Blissey, F|100/100
|
|upkeep
|turn|87
|
|t:|1781073499
|switch|p2a: Alomomola|Alomomola, F|98/100 tox
|-damage|p2a: Alomomola|85/100 tox|[from] Stealth Rock
|move|p1a: Cinderace|U-turn|p2a: Alomomola
|-start|p1a: Cinderace|typechange|Bug|[from] ability: Libero
|-damage|p2a: Alomomola|66/100 tox
|
|t:|1781073511
|switch|p1a: Gardevoir|Gardevoir, M|88/100|[from] U-turn
|-ability|p1a: Gardevoir|Regenerator|Trace|[from] ability: Trace|[of] p2a: Alomomola
|
|-damage|p2a: Alomomola|60/100 tox|[from] psn
|upkeep
|turn|88
|
|t:|1781073520
|switch|p2a: Blissey|Blissey, F|100/100
|move|p1a: Gardevoir|Psyshock|p2a: Blissey
|-damage|p2a: Blissey|0 fnt
|faint|p2a: Blissey
|
|upkeep
|
|t:|1781073536
|switch|p2a: Gliscor|Gliscor, M, tera:Ghost|74/100 tox
|-damage|p2a: Gliscor|62/100 tox|[from] Stealth Rock
|turn|89
|
|t:|1781073543
|switch|p1a: Slowking|Slowking-Galar, M|90/100
|move|p2a: Gliscor|Spikes|p1a: Slowking
|-sidestart|p1: cachowcapow|Spikes
|
|-heal|p2a: Gliscor|74/100 tox|[from] ability: Poison Heal
|upkeep
|turn|90
|
|t:|1781073550
|move|p2a: Gliscor|Spikes|p1a: Slowking
|-sidestart|p1: cachowcapow|Spikes
|move|p1a: Slowking|Future Sight|p2a: Gliscor
|-start|p1a: Slowking|move: Future Sight
|
|-heal|p2a: Gliscor|87/100 tox|[from] ability: Poison Heal
|upkeep
|turn|91
|
|t:|1781073570
|move|p2a: Gliscor|Spikes|p1a: Slowking
|-sidestart|p1: cachowcapow|Spikes
|-prepare|p1a: Slowking|Chilly Reception|[premajor]
|move|p1a: Slowking|Chilly Reception|p1a: Slowking
|-weather|Snowscape
|
|t:|1781073581
|switch|p1a: Gardevoir|Gardevoir, M|100/100|[from] Chilly Reception
|-damage|p1a: Gardevoir|76/100|[from] Spikes
|-ability|p1a: Gardevoir|Poison Heal|Trace|[from] ability: Trace|[of] p2a: Gliscor
|
|-weather|Snowscape|[upkeep]
|-heal|p2a: Gliscor|99/100 tox|[from] ability: Poison Heal
|upkeep
|turn|92
|
|t:|1781073591
|-terastallize|p1a: Gardevoir|Fairy
|move|p2a: Gliscor|Protect|p2a: Gliscor
|-singleturn|p2a: Gliscor|Protect
|move|p1a: Gardevoir|Moonblast|p2a: Gliscor
|-activate|p2a: Gliscor|move: Protect
|
|-weather|Snowscape|[upkeep]
|-end|p2a: Gliscor|move: Future Sight
|-damage|p2a: Gliscor|41/100 tox
|-heal|p2a: Gliscor|54/100 tox|[from] ability: Poison Heal
|upkeep
|turn|93
|c|☆Stallazzle|i really didnt think youd make the most predictable play of the century
|c|☆Stallazzle|gg
|-message|Stallazzle forfeited.
|
|win|cachowcapow
|raw|cachowcapow's rating: 1663 &rarr; <strong>1677</strong><br />(+14 for winning)
|raw|Stallazzle's rating: 1551 &rarr; <strong>1537</strong><br />(-14 for losing)
|l|☆Stallazzle
|player|p2|
|l|☆cachowcapow
|player|p1|
