|badge|p1|bronze|gen9randombattle|100-9
|badge|p1|bronze|gen9ubers|100-9
|uhtml|medal-msg|<div class="broadcast-blue">Curious what those medals under the avatar are? PS now has Ladder Seasons! For more information, check out the <a href="https://www.smogon.com/forums/threads/3740067/">thread on Smogon.</a></div>
|j|☆oddishlover4
|j|☆omari p
|t:|1781302963
|gametype|singles
|player|p1|oddishlover4|acetrainerf|1784
|player|p2|omari p|pokemonrangerf|1648
|gen|9
|tier|[Gen 9] OU
|rated|
|rule|HP Percentage Mod: HP is shown in percentages
|rule|Endless Battle Clause: Forcing endless battles is banned
|rule|Species Clause: Limit one of each Pokémon
|rule|OHKO Clause: OHKO moves are banned
|rule|Evasion Items Clause: Evasion items are banned
|rule|Evasion Moves Clause: Evasion moves are banned
|rule|Evasion Abilities Clause: Evasion abilities are banned
|rule|Sleep Moves Clause: Sleep-inducing moves are banned
|clearpoke
|poke|p1|Kyurem|
|poke|p1|Hatterene, F|
|poke|p1|Darkrai|
|poke|p1|Great Tusk|
|poke|p1|Dragonite, F|
|poke|p1|Gholdengo|
|poke|p2|Cinderace, M|
|poke|p2|Skeledirge, F|
|poke|p2|Latios, M|
|poke|p2|Mandibuzz, F|
|poke|p2|Gallade, M|
|poke|p2|Gastrodon, F|
|teampreview
|inactive|Battle timer is ON: inactive players will automatically lose when time's up. (requested by omari p)
|
|t:|1781302982
|teamsize|p1|6
|teamsize|p2|6
|start
|switch|p1a: Perfect Night|Darkrai|100/100
|switch|p2a: Gallade|Gallade, M|100/100
|turn|1
|c|☆oddishlover4|gl/hf!
|inactive|oddishlover4 also wants the timer to be on.
|inactive|omari p has 120 seconds left.
|
|t:|1781303027
|switch|p1a: Celebration|Gholdengo|100/100
|move|p2a: Gallade|Sacred Sword|p1a: Celebration
|-immune|p1a: Celebration
|
|upkeep
|turn|2
|
|t:|1781303046
|switch|p2a: Gastrodon|Gastrodon, F|100/100
|move|p1a: Celebration|Nasty Plot|p1a: Celebration
|-boost|p1a: Celebration|spa|2
|
|upkeep
|turn|3
|inactive|omari p has 120 seconds left.
|
|t:|1781303065
|move|p1a: Celebration|Shadow Ball|p2a: Gastrodon
|-damage|p2a: Gastrodon|40/100
|-unboost|p2a: Gastrodon|spd|1
|move|p2a: Gastrodon|Earth Power|p1a: Celebration
|-supereffective|p1a: Celebration
|-crit|p1a: Celebration
|-damage|p1a: Celebration|4/100
|
|-heal|p2a: Gastrodon|46/100|[from] item: Leftovers
|upkeep
|turn|4
|inactive|omari p has 120 seconds left.
|inactive|oddishlover4 has 120 seconds left.
|-enditem|p1a: Celebration|Custap Berry|[eat]
|-activate|p1a: Celebration|item: Custap Berry|[consumed]
|
|t:|1781303085
|move|p1a: Celebration|Shadow Ball|p2a: Gastrodon
|-damage|p2a: Gastrodon|0 fnt
|faint|p2a: Gastrodon
|
|upkeep
|
|t:|1781303089
|switch|p2a: Cinderace|Cinderace, M|100/100
|turn|5
|inactive|oddishlover4 has 120 seconds left.
|
|t:|1781303108
|move|p2a: Cinderace|Pyro Ball|p1a: Celebration
|-supereffective|p1a: Celebration
|-damage|p1a: Celebration|0 fnt
|faint|p1a: Celebration
|
|upkeep
|inactive|oddishlover4 has 120 seconds left.
|
|t:|1781303127
|switch|p1a: Boompala|Kyurem|100/100
|-ability|p1a: Boompala|Pressure
|turn|6
|
|t:|1781303145
|move|p2a: Cinderace|High Jump Kick|p1a: Boompala|[miss]
|-start|p2a: Cinderace|typechange|Fighting|[from] ability: Libero
|-miss|p2a: Cinderace|p1a: Boompala
|-damage|p2a: Cinderace|51/100|[from] highjumpkick
|move|p1a: Boompala|Ice Beam|p2a: Cinderace
|-damage|p2a: Cinderace|0 fnt
|faint|p2a: Cinderace
|
|upkeep
|
|t:|1781303148
|switch|p2a: Gallade|Gallade, M|100/100
|turn|7
|
|t:|1781303171
|switch|p1a: Antifragile|Hatterene, F|100/100
|move|p2a: Gallade|Sacred Sword|p1a: Antifragile
|-resisted|p1a: Antifragile
|-damage|p1a: Antifragile|80/100
|-damage|p2a: Gallade|84/100|[from] item: Rocky Helmet|[of] p1a: Antifragile
|
|upkeep
|turn|8
|
|t:|1781303190
|switch|p2a: Skeledirge|Skeledirge, F|100/100
|move|p1a: Antifragile|Nuzzle|p2a: Skeledirge
|-damage|p2a: Skeledirge|98/100
|
|upkeep
|turn|9
|
|t:|1781303210
|move|p2a: Skeledirge|Torch Song|p1a: Antifragile
|-damage|p1a: Antifragile|41/100
|-boost|p2a: Skeledirge|spa|1
|move|p1a: Antifragile|Nuzzle|p2a: Skeledirge
|-damage|p2a: Skeledirge|95/100
|
|upkeep
|turn|10
|inactive|oddishlover4 has 90 seconds left.
|
|t:|1781303229
|switch|p1a: Boompala|Kyurem|100/100
|-ability|p1a: Boompala|Pressure
|move|p2a: Skeledirge|Substitute|p2a: Skeledirge
|-start|p2a: Skeledirge|Substitute
|-damage|p2a: Skeledirge|70/100
|
|upkeep
|turn|11
|inactive|oddishlover4 has 90 seconds left.
|
|t:|1781303247
|move|p1a: Boompala|Earth Power|p2a: Skeledirge
|-supereffective|p2a: Skeledirge
|-end|p2a: Skeledirge|Substitute
|move|p2a: Skeledirge|Torch Song|p1a: Boompala
|-damage|p1a: Boompala|68/100
|-boost|p2a: Skeledirge|spa|1
|
|upkeep
|turn|12
|inactive|oddishlover4 has 90 seconds left.
|
|t:|1781303267
|-terastallize|p2a: Skeledirge|Fairy
|move|p1a: Boompala|Earth Power|p2a: Skeledirge
|-damage|p2a: Skeledirge|40/100
|move|p2a: Skeledirge|Slack Off|p2a: Skeledirge
|-heal|p2a: Skeledirge|90/100
|
|upkeep
|turn|13
|
|t:|1781303277
|move|p1a: Boompala|Ice Beam|p2a: Skeledirge
|-damage|p2a: Skeledirge|44/100
|move|p2a: Skeledirge|Torch Song|p1a: Boompala
|-damage|p1a: Boompala|17/100
|-boost|p2a: Skeledirge|spa|1
|
|upkeep
|turn|14
|inactive|oddishlover4 has 90 seconds left.
|
|t:|1781303286
|switch|p2a: Gallade|Gallade, M|84/100
|move|p1a: Boompala|Ice Beam|p2a: Gallade
|-damage|p2a: Gallade|40/100
|
|upkeep
|turn|15
|inactive|oddishlover4 has 90 seconds left.
|
|t:|1781303304
|move|p1a: Boompala|Ice Beam|p2a: Gallade
|-damage|p2a: Gallade|0 fnt
|faint|p2a: Gallade
|
|upkeep
|
|t:|1781303307
|switch|p2a: Latios|Latios, M|100/100
|turn|16
|inactive|oddishlover4 has 90 seconds left.
|
|t:|1781303325
|switch|p1a: Antifragile|Hatterene, F|41/100
|move|p2a: Latios|Ice Beam|p1a: Antifragile
|-crit|p1a: Antifragile
|-damage|p1a: Antifragile|0 fnt
|faint|p1a: Antifragile
|
|upkeep
|
|t:|1781303343
|switch|p1a: Perfect Night|Darkrai|100/100
|turn|17
|
|t:|1781303361
|move|p1a: Perfect Night|Ice Beam|p2a: Latios
|-supereffective|p2a: Latios
|-damage|p2a: Latios|29/100
|move|p2a: Latios|Ice Beam|p1a: Perfect Night
|-damage|p1a: Perfect Night|60/100
|
|upkeep
|turn|18
|
|t:|1781303379
|move|p1a: Perfect Night|Ice Beam|p2a: Latios
|-supereffective|p2a: Latios
|-damage|p2a: Latios|0 fnt
|faint|p2a: Latios
|
|upkeep
|
|t:|1781303381
|switch|p2a: Skeledirge|Skeledirge, F, tera:Fairy|44/100
|turn|19
|
|t:|1781303390
|move|p1a: Perfect Night|Ice Beam|p2a: Skeledirge
|-damage|p2a: Skeledirge|15/100
|move|p2a: Skeledirge|Slack Off|p2a: Skeledirge
|-heal|p2a: Skeledirge|65/100
|
|upkeep
|turn|20
|inactive|omari p has 120 seconds left.
|
|t:|1781303430
|move|p1a: Perfect Night|Ice Beam|p2a: Skeledirge
|-crit|p2a: Skeledirge
|-damage|p2a: Skeledirge|18/100
|move|p2a: Skeledirge|Torch Song|p1a: Perfect Night
|-damage|p1a: Perfect Night|10/100
|-boost|p2a: Skeledirge|spa|1
|
|upkeep
|turn|21
|
|t:|1781303438
|move|p1a: Perfect Night|Ice Beam|p2a: Skeledirge
|-damage|p2a: Skeledirge|0 fnt
|faint|p2a: Skeledirge
|
|upkeep
|
|t:|1781303439
|switch|p2a: Omari P Bird|Mandibuzz, F, shiny|100/100
|turn|22
|inactive|oddishlover4 has 90 seconds left.
|
|t:|1781303453
|move|p1a: Perfect Night|Ice Beam|p2a: Omari P Bird
|-supereffective|p2a: Omari P Bird
|-damage|p2a: Omari P Bird|50/100
|move|p2a: Omari P Bird|Foul Play|p1a: Perfect Night
|-resisted|p1a: Perfect Night
|-damage|p1a: Perfect Night|0 fnt
|faint|p1a: Perfect Night
|
|upkeep
|inactive|oddishlover4 has 90 seconds left.
|
|t:|1781303459
|switch|p1a: Boompala|Kyurem|17/100
|-ability|p1a: Boompala|Pressure
|turn|23
|
|t:|1781303463
|move|p1a: Boompala|Freeze-Dry|p2a: Omari P Bird
|-supereffective|p2a: Omari P Bird
|-damage|p2a: Omari P Bird|0 fnt
|faint|p2a: Omari P Bird
|
|win|oddishlover4
|raw|oddishlover4's rating: 1784 &rarr; <strong>1797</strong><br />(+13 for winning)
|raw|omari p's rating: 1648 &rarr; <strong>1635</strong><br />(-13 for losing)
|c|☆oddishlover4|GG!
|c|☆omari p|gg
|l|☆oddishlover4
|player|p1|
