|j|☆portobellomushroom
|j|☆bigguy916
|t:|1781418476
|gametype|singles
|player|p1|portobellomushroom|turo-ai|1631
|player|p2|bigguy916|unknownf|1581
|gen|9
|tier|[Gen 9] OU
|rated|
|rule|HP Percentage Mod: HP is shown in percentages
|rule|Endless Battle Clause: Forcing endless battles is banned
|rule|Species Clause: Limit one of each Pokémon
|rule|OHKO Clause: OHKO moves are banned
|rule|Evasion Items Clause: Evasion items are banned
|rule|Evasion Moves Clause: Evasion moves are banned
|rule|Evasion Abilities Clause: Evasion abilities are banned
|rule|Sleep Moves Clause: Sleep-inducing moves are banned
|clearpoke
|poke|p1|Glimmora, M|
|poke|p1|Polteageist|
|poke|p1|Deoxys-Speed|
|poke|p1|Great Tusk|
|poke|p1|Dragonite, F|
|poke|p1|Iron Valiant|
|poke|p2|Kingambit, F|
|poke|p2|Kyurem|
|poke|p2|Landorus-Therian, M|
|poke|p2|Great Tusk|
|poke|p2|Ogerpon-Wellspring, F|
|poke|p2|Moltres|
|teampreview
|inactive|Battle timer is ON: inactive players will automatically lose when time's up. (requested by bigguy916)
|inactive|portobellomushroom also wants the timer to be on.
|
|t:|1781418505
|teamsize|p1|6
|teamsize|p2|6
|start
|switch|p1a: glim glam|Glimmora, M|100/100
|switch|p2a: Ogerpon|Ogerpon-Wellspring, F|100/100
|turn|1
|
|t:|1781418515
|switch|p2a: Kingambit|Kingambit, F|100/100
|move|p1a: glim glam|Stealth Rock|p2a: Kingambit
|-sidestart|p2: bigguy916|move: Stealth Rock
|
|upkeep
|turn|2
|
|t:|1781418520
|-end|p2a: Kingambit|fallenundefined|[silent]
|switch|p2a: Kyurem|Kyurem|100/100
|-damage|p2a: Kyurem|75/100|[from] Stealth Rock
|-ability|p2a: Kyurem|Pressure
|move|p1a: glim glam|Earth Power|p2a: Kyurem
|-damage|p2a: Kyurem|48/100
|-unboost|p2a: Kyurem|spd|1
|
|-heal|p2a: Kyurem|54/100|[from] item: Leftovers
|upkeep
|turn|3
|
|t:|1781418524
|move|p2a: Kyurem|Earth Power|p1a: glim glam
|-supereffective|p1a: glim glam
|-enditem|p1a: glim glam|Focus Sash
|-damage|p1a: glim glam|1/100
|move|p1a: glim glam|Power Gem|p2a: Kyurem
|-supereffective|p2a: Kyurem
|-damage|p2a: Kyurem|0 fnt
|faint|p2a: Kyurem
|
|upkeep
|
|t:|1781418530
|switch|p2a: Landorus|Landorus-Therian, M|100/100
|-damage|p2a: Landorus|88/100|[from] Stealth Rock
|-ability|p2a: Landorus|Intimidate|boost
|-unboost|p1a: glim glam|atk|1
|turn|4
|
|t:|1781418535
|move|p2a: Landorus|Earth Power|p1a: glim glam
|-supereffective|p1a: glim glam
|-damage|p1a: glim glam|0 fnt
|faint|p1a: glim glam
|
|upkeep
|
|t:|1781418540
|switch|p1a: drank|Polteageist|100/100
|turn|5
|
|t:|1781418542
|move|p2a: Landorus|Taunt|p1a: drank
|-start|p1a: drank|move: Taunt
|cant|p1a: drank|move: Taunt|Shell Smash
|
|upkeep
|turn|6
|
|t:|1781418546
|move|p2a: Landorus|Earth Power|p1a: drank
|-damage|p1a: drank|56/100
|move|p1a: drank|Shadow Ball|p2a: Landorus
|-damage|p2a: Landorus|41/100
|
|upkeep
|turn|7
|
|t:|1781418552
|move|p2a: Landorus|Stealth Rock|p1a: drank
|-sidestart|p1: portobellomushroom|move: Stealth Rock
|move|p1a: drank|Shadow Ball|p2a: Landorus
|-damage|p2a: Landorus|0 fnt
|faint|p2a: Landorus
|
|-end|p1a: drank|move: Taunt
|upkeep
|
|t:|1781418556
|switch|p2a: Ogerpon|Ogerpon-Wellspring, F|100/100
|-damage|p2a: Ogerpon|88/100|[from] Stealth Rock
|turn|8
|
|t:|1781418565
|move|p2a: Ogerpon|Ivy Cudgel|p1a: drank|[anim] Ivy Cudgel Water
|-damage|p1a: drank|0 fnt
|faint|p1a: drank
|
|upkeep
|
|t:|1781418577
|switch|p1a: liting mcgoo|Deoxys-Speed|100/100
|-damage|p1a: liting mcgoo|88/100|[from] Stealth Rock
|-ability|p1a: liting mcgoo|Pressure
|turn|9
|
|t:|1781418581
|move|p1a: liting mcgoo|Psycho Boost|p2a: Ogerpon
|-damage|p2a: Ogerpon|0 fnt
|-unboost|p1a: liting mcgoo|spa|2
|faint|p2a: Ogerpon
|-damage|p1a: liting mcgoo|78/100|[from] item: Life Orb
|
|upkeep
|
|t:|1781418596
|switch|p2a: Moltres|Moltres|100/100
|turn|10
|
|t:|1781418604
|switch|p1a: Dnite|Dragonite, F|100/100
|move|p2a: Moltres|U-turn|p1a: Dnite
|-resisted|p1a: Dnite
|-damage|p1a: Dnite|97/100
|
|t:|1781418607
|switch|p2a: Great Tusk|Great Tusk|100/100|[from] U-turn
|-damage|p2a: Great Tusk|98/100|[from] Stealth Rock
|-enditem|p2a: Great Tusk|Booster Energy
|-activate|p2a: Great Tusk|ability: Protosynthesis|[fromitem]
|-start|p2a: Great Tusk|protosynthesisspe
|
|upkeep
|turn|11
|
|t:|1781418634
|move|p1a: Dnite|Extreme Speed|p2a: Great Tusk
|-damage|p2a: Great Tusk|77/100
|move|p2a: Great Tusk|Bulk Up|p2a: Great Tusk
|-boost|p2a: Great Tusk|atk|1
|-boost|p2a: Great Tusk|def|1
|
|upkeep
|turn|12
|
|t:|1781418641
|move|p1a: Dnite|Extreme Speed|p2a: Great Tusk
|-damage|p2a: Great Tusk|63/100
|move|p2a: Great Tusk|Ice Spinner|p1a: Dnite
|-supereffective|p1a: Dnite
|-crit|p1a: Dnite
|-damage|p1a: Dnite|0 fnt
|faint|p1a: Dnite
|
|upkeep
|
|t:|1781418645
|switch|p1a: liting mcgoo|Deoxys-Speed|78/100
|-damage|p1a: liting mcgoo|66/100|[from] Stealth Rock
|-ability|p1a: liting mcgoo|Pressure
|turn|13
|
|t:|1781418658
|-end|p2a: Great Tusk|Protosynthesis|[silent]
|switch|p2a: Kingambit|Kingambit, F|100/100
|-damage|p2a: Kingambit|94/100|[from] Stealth Rock
|-activate|p2a: Kingambit|ability: Supreme Overlord
|-start|p2a: Kingambit|fallen3|[silent]
|move|p1a: liting mcgoo|Psycho Boost|p2a: Kingambit
|-immune|p2a: Kingambit
|
|-heal|p2a: Kingambit|100/100|[from] item: Leftovers
|upkeep
|turn|14
|
|t:|1781418665
|-terastallize|p1a: liting mcgoo|Fighting
|move|p2a: Kingambit|Sucker Punch|p1a: liting mcgoo
|-resisted|p1a: liting mcgoo
|-damage|p1a: liting mcgoo|23/100
|move|p1a: liting mcgoo|Focus Blast|p2a: Kingambit
|-supereffective|p2a: Kingambit
|-damage|p2a: Kingambit|0 fnt
|faint|p2a: Kingambit
|-end|p2a: Kingambit|fallen3|[silent]
|-damage|p1a: liting mcgoo|14/100|[from] item: Life Orb
|
|upkeep
|
|t:|1781418671
|switch|p2a: Moltres|Moltres|100/100
|turn|15
|
|t:|1781418674
|move|p1a: liting mcgoo|Psycho Boost|p2a: Moltres
|-damage|p2a: Moltres|15/100
|-unboost|p1a: liting mcgoo|spa|2
|-damage|p1a: liting mcgoo|4/100|[from] item: Life Orb
|move|p2a: Moltres|Flamethrower|p1a: liting mcgoo
|-damage|p1a: liting mcgoo|0 fnt
|faint|p1a: liting mcgoo
|
|upkeep
|
|t:|1781418680
|switch|p1a: which set?|Iron Valiant|100/100
|-damage|p1a: which set?|94/100|[from] Stealth Rock
|-enditem|p1a: which set?|Booster Energy
|-activate|p1a: which set?|ability: Quark Drive|[fromitem]
|-start|p1a: which set?|quarkdrivespe
|turn|16
|
|t:|1781418683
|move|p1a: which set?|Close Combat|p2a: Moltres
|-resisted|p2a: Moltres
|-damage|p2a: Moltres|0 fnt
|-unboost|p1a: which set?|def|1
|-unboost|p1a: which set?|spd|1
|faint|p2a: Moltres
|
|upkeep
|
|t:|1781418686
|switch|p2a: Great Tusk|Great Tusk|63/100
|-damage|p2a: Great Tusk|60/100|[from] Stealth Rock
|turn|17
|
|t:|1781418689
|move|p1a: which set?|Close Combat|p2a: Great Tusk
|-crit|p2a: Great Tusk
|-damage|p2a: Great Tusk|1/100
|-unboost|p1a: which set?|def|1
|-unboost|p1a: which set?|spd|1
|move|p2a: Great Tusk|Bulk Up|p2a: Great Tusk
|-boost|p2a: Great Tusk|atk|1
|-boost|p2a: Great Tusk|def|1
|
|upkeep
|turn|18
|-message|bigguy916 forfeited.
|
|win|portobellomushroom
|raw|portobellomushroom's rating: 1631 &rarr; <strong>1648</strong><br />(+17 for winning)
|raw|bigguy916's rating: 1581 &rarr; <strong>1564</strong><br />(-17 for losing)
|l|☆bigguy916
|player|p2|
|l|☆portobellomushroom
|player|p1|
