|j|☆Nat889
|j|☆thebambi1234
|t:|1781114751
|gametype|singles
|player|p1|Nat889|miku-ghost|1644
|player|p2|thebambi1234|blackbelt-gen4dp|1678
|gen|9
|tier|[Gen 9] OU
|rated|
|rule|HP Percentage Mod: HP is shown in percentages
|rule|Endless Battle Clause: Forcing endless battles is banned
|rule|Species Clause: Limit one of each Pokémon
|rule|OHKO Clause: OHKO moves are banned
|rule|Evasion Items Clause: Evasion items are banned
|rule|Evasion Moves Clause: Evasion moves are banned
|rule|Evasion Abilities Clause: Evasion abilities are banned
|rule|Sleep Moves Clause: Sleep-inducing moves are banned
|clearpoke
|poke|p1|Lokix, M|
|poke|p1|Iron Valiant|
|poke|p1|Alomomola, L99, M|
|poke|p1|Mandibuzz, F|
|poke|p1|Great Tusk|
|poke|p1|Gholdengo|
|poke|p2|Gliscor, M|
|poke|p2|Corviknight, M|
|poke|p2|Dondozo, M|
|poke|p2|Blissey, F|
|poke|p2|Weezing-Galar, F|
|poke|p2|Garganacl, F|
|teampreview
|inactive|Battle timer is ON: inactive players will automatically lose when time's up. (requested by thebambi1234)
|
|t:|1781114768
|teamsize|p1|6
|teamsize|p2|6
|start
|switch|p1a: Shining Agito|Lokix, M, shiny|100/100
|switch|p2a: Gliscor|Gliscor, M, shiny|100/100
|turn|1
|
|t:|1781114773
|move|p2a: Gliscor|Protect|p2a: Gliscor
|-singleturn|p2a: Gliscor|Protect
|move|p1a: Shining Agito|Knock Off|p2a: Gliscor
|-activate|p2a: Gliscor|move: Protect
|
|-status|p2a: Gliscor|tox|[from] item: Toxic Orb
|upkeep
|turn|2
|
|t:|1781114786
|switch|p1a: Tetsuya Sawaki|Alomomola, L99, M|100/100
|move|p2a: Gliscor|Knock Off|p1a: Tetsuya Sawaki
|-damage|p1a: Tetsuya Sawaki|86/100
|-enditem|p1a: Tetsuya Sawaki|Assault Vest|[from] move: Knock Off|[of] p2a: Gliscor
|
|upkeep
|turn|3
|
|t:|1781114796
|move|p2a: Gliscor|Toxic|p1a: Tetsuya Sawaki
|-status|p1a: Tetsuya Sawaki|tox
|move|p1a: Tetsuya Sawaki|Scald|p2a: Gliscor
|-supereffective|p2a: Gliscor
|-damage|p2a: Gliscor|70/100 tox
|
|-heal|p2a: Gliscor|82/100 tox|[from] ability: Poison Heal
|-damage|p1a: Tetsuya Sawaki|80/100 tox|[from] psn
|upkeep
|turn|4
|
|t:|1781114805
|switch|p1a: Gills Exceed|Great Tusk|100/100
|move|p2a: Gliscor|Protect||[still]
|-fail|p2a: Gliscor
|
|-heal|p2a: Gliscor|95/100 tox|[from] ability: Poison Heal
|upkeep
|turn|5
|
|t:|1781114812
|move|p1a: Gills Exceed|Stealth Rock|p2a: Gliscor
|-sidestart|p2: thebambi1234|move: Stealth Rock
|move|p2a: Gliscor|Toxic|p1a: Gills Exceed
|-status|p1a: Gills Exceed|tox
|
|-damage|p1a: Gills Exceed|94/100 tox|[from] psn
|-heal|p2a: Gliscor|100/100 tox|[from] ability: Poison Heal
|upkeep
|turn|6
|j| Duerky12
|
|t:|1781114820
|switch|p2a: Corviknight|Corviknight, M|100/100
|-damage|p2a: Corviknight|88/100|[from] Stealth Rock
|-ability|p2a: Corviknight|Pressure
|move|p1a: Gills Exceed|Ice Spinner|p2a: Corviknight
|-damage|p2a: Corviknight|72/100
|-damage|p1a: Gills Exceed|78/100 tox|[from] item: Rocky Helmet|[of] p2a: Corviknight
|
|-damage|p1a: Gills Exceed|65/100 tox|[from] psn
|upkeep
|turn|7
|
|t:|1781114833
|-end|p1a: Gills Exceed|Protosynthesis|[silent]
|switch|p1a: G3-X|Iron Valiant, shiny|100/100
|move|p2a: Corviknight|U-turn|p1a: G3-X
|-resisted|p1a: G3-X
|-damage|p1a: G3-X|96/100
|
|t:|1781114836
|switch|p2a: Gliscor|Gliscor, M, shiny|100/100 tox|[from] U-turn
|-damage|p2a: Gliscor|88/100 tox|[from] Stealth Rock
|
|-heal|p2a: Gliscor|100/100 tox|[from] ability: Poison Heal
|upkeep
|turn|8
|
|t:|1781114847
|move|p1a: G3-X|Moonblast|p2a: Gliscor
|-damage|p2a: Gliscor|21/100 tox
|move|p2a: Gliscor|Knock Off|p1a: G3-X
|-resisted|p1a: G3-X
|-damage|p1a: G3-X|88/100
|-enditem|p1a: G3-X|Choice Specs|[from] move: Knock Off|[of] p2a: Gliscor
|
|-heal|p2a: Gliscor|33/100 tox|[from] ability: Poison Heal
|upkeep
|turn|9
|
|t:|1781114857
|-end|p1a: G3-X|Quark Drive|[silent]
|switch|p1a: Shining Agito|Lokix, M, shiny|100/100
|move|p2a: Gliscor|Protect||[still]
|-fail|p2a: Gliscor
|
|-heal|p2a: Gliscor|46/100 tox|[from] ability: Poison Heal
|upkeep
|turn|10
|
|t:|1781114867
|move|p2a: Gliscor|Protect|p2a: Gliscor
|-singleturn|p2a: Gliscor|Protect
|move|p1a: Shining Agito|Knock Off|p2a: Gliscor
|-activate|p2a: Gliscor|move: Protect
|
|-heal|p2a: Gliscor|58/100 tox|[from] ability: Poison Heal
|upkeep
|turn|11
|j| akabrithan
|
|t:|1781114876
|move|p1a: Shining Agito|Knock Off|p2a: Gliscor
|-damage|p2a: Gliscor|12/100 tox
|-enditem|p2a: Gliscor|Toxic Orb|[from] move: Knock Off|[of] p1a: Shining Agito
|move|p2a: Gliscor|Knock Off|p1a: Shining Agito
|-resisted|p1a: Shining Agito
|-damage|p1a: Shining Agito|84/100
|-enditem|p1a: Shining Agito|Choice Band|[from] move: Knock Off|[of] p2a: Gliscor
|
|-heal|p2a: Gliscor|24/100 tox|[from] ability: Poison Heal
|upkeep
|turn|12
|
|t:|1781114887
|move|p2a: Gliscor|Protect|p2a: Gliscor
|-singleturn|p2a: Gliscor|Protect
|move|p1a: Shining Agito|Leech Life|p2a: Gliscor
|-activate|p2a: Gliscor|move: Protect
|
|-heal|p2a: Gliscor|36/100 tox|[from] ability: Poison Heal
|upkeep
|turn|13
|j| Golem Rising
|
|t:|1781114895
|move|p1a: Shining Agito|U-turn|p2a: Gliscor
|-resisted|p2a: Gliscor
|-damage|p2a: Gliscor|14/100 tox
|
|t:|1781114898
|switch|p1a: Tetsuya Sawaki|Alomomola, L99, M|100/100 tox|[from] U-turn
|move|p2a: Gliscor|Toxic|p1a: Tetsuya Sawaki
|-fail|p1a: Tetsuya Sawaki|tox
|
|-heal|p2a: Gliscor|26/100 tox|[from] ability: Poison Heal
|-damage|p1a: Tetsuya Sawaki|94/100 tox|[from] psn
|upkeep
|turn|14
|
|t:|1781114907
|move|p2a: Gliscor|Protect|p2a: Gliscor
|-singleturn|p2a: Gliscor|Protect
|move|p1a: Tetsuya Sawaki|Flip Turn|p2a: Gliscor
|-activate|p2a: Gliscor|move: Protect
|
|-heal|p2a: Gliscor|39/100 tox|[from] ability: Poison Heal
|-damage|p1a: Tetsuya Sawaki|82/100 tox|[from] psn
|upkeep
|turn|15
|
|t:|1781114919
|switch|p2a: Dondozo|Dondozo, M|100/100
|-damage|p2a: Dondozo|88/100|[from] Stealth Rock
|move|p1a: Tetsuya Sawaki|Flip Turn|p2a: Dondozo
|-resisted|p2a: Dondozo
|-damage|p2a: Dondozo|84/100
|
|t:|1781114926
|switch|p1a: MACHINE TORNADER|Gholdengo|100/100|[from] Flip Turn
|
|-heal|p2a: Dondozo|91/100|[from] item: Leftovers
|upkeep
|turn|16
|
|t:|1781114932
|switch|p2a: Weezing|Weezing-Galar, F|100/100
|-ability|p2a: Weezing|Neutralizing Gas
|move|p1a: MACHINE TORNADER|Trick|p2a: Weezing
|-activate|p1a: MACHINE TORNADER|move: Trick|[of] p2a: Weezing
|-item|p2a: Weezing|Choice Scarf|[from] move: Trick
|-item|p1a: MACHINE TORNADER|Heavy-Duty Boots|[from] move: Trick
|
|upkeep
|turn|17
|
|t:|1781114943
|-terastallize|p2a: Weezing|Fire
|move|p1a: MACHINE TORNADER|Nasty Plot|p1a: MACHINE TORNADER
|-boost|p1a: MACHINE TORNADER|spa|2
|move|p2a: Weezing|Overheat|p1a: MACHINE TORNADER
|-supereffective|p1a: MACHINE TORNADER
|-damage|p1a: MACHINE TORNADER|0 fnt
|-unboost|p2a: Weezing|spa|2
|faint|p1a: MACHINE TORNADER
|
|upkeep
|c|☆Nat889|whelp its jover
|c|☆thebambi1234|ggs
|c| Golem Rising|Neat innovation
|c|☆thebambi1234|thank you
|inactive|Nat889 has 120 seconds left.
|
|t:|1781114979
|switch|p1a: Gills Exceed|Great Tusk|65/100 tox
|turn|18
|
|t:|1781114989
|-end|p2a: Weezing|ability: Neutralizing Gas
|switch|p2a: Corviknight|Corviknight, M|72/100
|-damage|p2a: Corviknight|59/100|[from] Stealth Rock
|-ability|p2a: Corviknight|Pressure
|move|p1a: Gills Exceed|Headlong Rush|p2a: Corviknight
|-immune|p2a: Corviknight
|
|-damage|p1a: Gills Exceed|59/100 tox|[from] psn
|upkeep
|turn|19
|inactive|Nat889 has 120 seconds left.
|c|☆Nat889|worst part is
|inactive|Nat889 has 90 seconds left.
|c|☆Nat889|no wait nevermind
|c|☆Nat889|it would have lived make it rain anyways
|
|t:|1781115043
|-end|p1a: Gills Exceed|Protosynthesis|[silent]
|switch|p1a: G3-X|Iron Valiant, shiny|88/100
|move|p2a: Corviknight|Defog|p1a: G3-X
|-unboost|p1a: G3-X|evasion|1
|-sideend|p2: thebambi1234|Stealth Rock|[from] move: Defog|[of] p2a: Corviknight
|
|upkeep
|turn|20
|c|☆thebambi1234|mhm
|
|t:|1781115061
|switch|p2a: Blissey|Blissey, F|100/100
|move|p1a: G3-X|Thunderbolt|p2a: Blissey
|-damage|p2a: Blissey|92/100
|
|-heal|p2a: Blissey|98/100|[from] item: Leftovers
|upkeep
|turn|21
|inactive|Nat889 has 90 seconds left.
|
|t:|1781115071
|-end|p1a: G3-X|Quark Drive|[silent]
|switch|p1a: Shining Agito|Lokix, M, shiny|84/100
|move|p2a: Blissey|Seismic Toss|p1a: Shining Agito
|-damage|p1a: Shining Agito|48/100
|
|-heal|p2a: Blissey|100/100|[from] item: Leftovers
|upkeep
|turn|22
|inactive|Nat889 has 90 seconds left.
|
|t:|1781115082
|switch|p2a: Weezing|Weezing-Galar, F, tera:Fire|100/100
|-ability|p2a: Weezing|Neutralizing Gas
|move|p1a: Shining Agito|U-turn|p2a: Weezing
|-resisted|p2a: Weezing
|-damage|p2a: Weezing|86/100
|
|t:|1781115100
|switch|p1a: Tetsuya Sawaki|Alomomola, L99, M|100/100 tox|[from] U-turn
|
|-damage|p1a: Tetsuya Sawaki|94/100 tox|[from] psn
|upkeep
|turn|23
|
|t:|1781115109
|-end|p2a: Weezing|ability: Neutralizing Gas
|switch|p2a: Garganacl|Garganacl, F, shiny|100/100
|move|p1a: Tetsuya Sawaki|Flip Turn|p2a: Garganacl
|-supereffective|p2a: Garganacl
|-damage|p2a: Garganacl|79/100
|
|t:|1781115125
|switch|p1a: Gills Exceed|Great Tusk|59/100 tox|[from] Flip Turn
|
|-heal|p2a: Garganacl|85/100|[from] item: Leftovers
|-damage|p1a: Gills Exceed|53/100 tox|[from] psn
|upkeep
|turn|24
|c| akabrithan|why is there so many stall teams rn
|
|t:|1781115133
|-end|p1a: Gills Exceed|Protosynthesis|[silent]
|switch|p1a: G3-X|Iron Valiant, shiny|88/100
|switch|p2a: Corviknight|Corviknight, M|59/100
|-ability|p2a: Corviknight|Pressure
|
|upkeep
|turn|25
|c|☆thebambi1234|I love facing other stalls
|c|☆Nat889|cause stall is goated
|
|t:|1781115150
|switch|p2a: Blissey|Blissey, F|100/100
|move|p1a: G3-X|Thunderbolt|p2a: Blissey
|-damage|p2a: Blissey|92/100
|
|-heal|p2a: Blissey|98/100|[from] item: Leftovers
|upkeep
|turn|26
|
|t:|1781115157
|move|p1a: G3-X|Trick|p2a: Blissey
|-activate|p1a: G3-X|move: Trick|[of] p2a: Blissey
|-enditem|p2a: Blissey|Leftovers|[silent]|[from] move: Trick
|-item|p1a: G3-X|Leftovers|[from] move: Trick
|move|p2a: Blissey|Flamethrower|p1a: G3-X
|-crit|p1a: G3-X
|-damage|p1a: G3-X|44/100
|
|-heal|p1a: G3-X|50/100|[from] item: Leftovers
|upkeep
|turn|27
|
|t:|1781115165
|-end|p1a: G3-X|Quark Drive|[silent]
|switch|p1a: Tetsuya Sawaki|Alomomola, L99, M|100/100 tox
|move|p2a: Blissey|Seismic Toss|p1a: Tetsuya Sawaki
|-damage|p1a: Tetsuya Sawaki|79/100 tox
|
|-damage|p1a: Tetsuya Sawaki|73/100 tox|[from] psn
|upkeep
|turn|28
|c| akabrithan|but its so boringgg
|c| akabrithan|i dont see the hype yet
|
|t:|1781115177
|switch|p2a: Dondozo|Dondozo, M|91/100
|move|p1a: Tetsuya Sawaki|Flip Turn|p2a: Dondozo
|-resisted|p2a: Dondozo
|-damage|p2a: Dondozo|87/100
|c| akabrithan|probably cause im still new
|
|t:|1781115186
|switch|p1a: Shining Agito|Lokix, M, shiny|48/100|[from] Flip Turn
|
|-heal|p2a: Dondozo|93/100|[from] item: Leftovers
|upkeep
|turn|29
|inactive|Nat889 has 90 seconds left.
|
|t:|1781115195
|move|p1a: Shining Agito|Leech Life|p2a: Dondozo
|-damage|p2a: Dondozo|77/100
|-heal|p1a: Shining Agito|63/100|[from] drain|[of] p2a: Dondozo
|move|p2a: Dondozo|Body Press|p1a: Shining Agito
|-damage|p1a: Shining Agito|22/100
|
|-heal|p2a: Dondozo|83/100|[from] item: Leftovers
|upkeep
|turn|30
|
|t:|1781115205
|switch|p2a: Corviknight|Corviknight, M|59/100
|-ability|p2a: Corviknight|Pressure
|move|p1a: Shining Agito|U-turn|p2a: Corviknight
|-resisted|p2a: Corviknight
|-damage|p2a: Corviknight|50/100
|-damage|p1a: Shining Agito|5/100|[from] item: Rocky Helmet|[of] p2a: Corviknight
|
|t:|1781115213
|switch|p1a: G3-X|Iron Valiant, shiny|50/100|[from] U-turn
|
|-heal|p1a: G3-X|56/100|[from] item: Leftovers
|upkeep
|turn|31
|
|t:|1781115218
|switch|p2a: Blissey|Blissey, F|98/100
|move|p1a: G3-X|Thunderbolt|p2a: Blissey
|-damage|p2a: Blissey|89/100
|
|-heal|p1a: G3-X|62/100|[from] item: Leftovers
|upkeep
|turn|32
|
|t:|1781115230
|-end|p1a: G3-X|Quark Drive|[silent]
|switch|p1a: Overlord|Mandibuzz, F|100/100
|switch|p2a: Corviknight|Corviknight, M|50/100
|-ability|p2a: Corviknight|Pressure
|
|upkeep
|turn|33
|
|t:|1781115238
|move|p1a: Overlord|U-turn|p2a: Corviknight
|-resisted|p2a: Corviknight
|-damage|p2a: Corviknight|48/100
|-damage|p1a: Overlord|84/100|[from] item: Rocky Helmet|[of] p2a: Corviknight
|c|☆Nat889|gg
|-message|Nat889 forfeited.
|
|win|thebambi1234
|raw|Nat889's rating: 1644 &rarr; <strong>1626</strong><br />(-18 for losing)
|raw|thebambi1234's rating: 1678 &rarr; <strong>1696</strong><br />(+18 for winning)
|c|☆thebambi1234|ggs
|c|☆thebambi1234|<3
|l|☆thebambi1234
|player|p2|
|l|☆Nat889
|player|p1|
|l| Golem Rising
|l| akabrithan
