|j|‽digederoo
|j|☆KurisuChestnutOU
|t:|1781182353
|gametype|singles
|player|p1|digederoo|pilot|1483
|player|p2|KurisuChestnutOU|may-contest|1553
|gen|9
|tier|[Gen 9] OU
|rated|
|rule|HP Percentage Mod: HP is shown in percentages
|rule|Endless Battle Clause: Forcing endless battles is banned
|rule|Species Clause: Limit one of each Pokémon
|rule|OHKO Clause: OHKO moves are banned
|rule|Evasion Items Clause: Evasion items are banned
|rule|Evasion Moves Clause: Evasion moves are banned
|rule|Evasion Abilities Clause: Evasion abilities are banned
|rule|Sleep Moves Clause: Sleep-inducing moves are banned
|clearpoke
|poke|p1|Dragonite, F|
|poke|p1|Ting-Lu|
|poke|p1|Gholdengo|
|poke|p1|Zamazenta-*|
|poke|p1|Clefable, M|
|poke|p1|Ogerpon-Wellspring, F|
|poke|p2|Zamazenta-*|
|poke|p2|Zapdos|
|poke|p2|Garganacl, F|
|poke|p2|Clefable, F|
|poke|p2|Samurott-Hisui, M|
|poke|p2|Gholdengo|
|teampreview
|inactive|Battle timer is ON: inactive players will automatically lose when time's up. (requested by digederoo)
|
|t:|1781182361
|teamsize|p1|6
|teamsize|p2|6
|start
|switch|p1a: Ogerpon|Ogerpon-Wellspring, F|100/100
|switch|p2a: Zamazenta|Zamazenta|100/100
|-ability|p2a: Zamazenta|Dauntless Shield|boost
|-boost|p2a: Zamazenta|def|1
|turn|1
|inactive|KurisuChestnutOU also wants the timer to be on.
|
|t:|1781182366
|switch|p1a: Clefable|Clefable, M|100/100
|move|p2a: Zamazenta|Body Press|p1a: Clefable
|-resisted|p1a: Clefable
|-damage|p1a: Clefable|83/100
|
|-heal|p1a: Clefable|89/100|[from] item: Leftovers
|upkeep
|turn|2
|
|t:|1781182370
|switch|p2a: Garganacl|Garganacl, F|100/100
|move|p1a: Clefable|Stealth Rock|p2a: Garganacl
|-sidestart|p2: KurisuChestnutOU|move: Stealth Rock
|
|-heal|p1a: Clefable|95/100|[from] item: Leftovers
|upkeep
|turn|3
|
|t:|1781182386
|switch|p1a: Ting-Lu|Ting-Lu|100/100
|-ability|p1a: Ting-Lu|Vessel of Ruin
|move|p2a: Garganacl|Stealth Rock|p1a: Ting-Lu
|-sidestart|p1: digederoo|move: Stealth Rock
|
|upkeep
|turn|4
|
|t:|1781182390
|move|p1a: Ting-Lu|Spikes|p2a: Garganacl
|-sidestart|p2: KurisuChestnutOU|Spikes
|move|p2a: Garganacl|Salt Cure|p1a: Ting-Lu
|-resisted|p1a: Ting-Lu
|-damage|p1a: Ting-Lu|97/100
|-start|p1a: Ting-Lu|Salt Cure
|
|-heal|p1a: Ting-Lu|100/100|[from] item: Leftovers
|-damage|p1a: Ting-Lu|88/100|[from] Salt Cure
|upkeep
|turn|5
|
|t:|1781182395
|switch|p2a: Zamazenta|Zamazenta|100/100
|-damage|p2a: Zamazenta|94/100|[from] Stealth Rock
|-damage|p2a: Zamazenta|82/100|[from] Spikes
|move|p1a: Ting-Lu|Spikes|p2a: Zamazenta
|-sidestart|p2: KurisuChestnutOU|Spikes
|
|-heal|p2a: Zamazenta|88/100|[from] item: Leftovers
|-heal|p1a: Ting-Lu|94/100|[from] item: Leftovers
|-damage|p1a: Ting-Lu|82/100|[from] Salt Cure
|upkeep
|turn|6
|
|t:|1781182398
|switch|p1a: Clefable|Clefable, M|95/100
|move|p2a: Zamazenta|Body Press|p1a: Clefable
|-resisted|p1a: Clefable
|-damage|p1a: Clefable|83/100
|
|-heal|p2a: Zamazenta|94/100|[from] item: Leftovers
|-heal|p1a: Clefable|89/100|[from] item: Leftovers
|upkeep
|turn|7
|
|t:|1781182406
|switch|p2a: Clefable|Clefable, F|100/100
|move|p1a: Clefable|Moonblast|p2a: Clefable
|-damage|p2a: Clefable|72/100
|-unboost|p2a: Clefable|spa|1
|
|-heal|p1a: Clefable|95/100|[from] item: Leftovers
|upkeep
|turn|8
|
|t:|1781182421
|switch|p1a: Gholdengo|Gholdengo|100/100
|-damage|p1a: Gholdengo|94/100|[from] Stealth Rock
|-item|p1a: Gholdengo|Air Balloon
|move|p2a: Clefable|Thunder Wave|p1a: Gholdengo
|-immune|p1a: Gholdengo|[from] ability: Good as Gold
|
|upkeep
|turn|9
|
|t:|1781182429
|switch|p2a: Samurott|Samurott-Hisui, M|100/100
|-damage|p2a: Samurott|88/100|[from] Stealth Rock
|-damage|p2a: Samurott|72/100|[from] Spikes
|move|p1a: Gholdengo|Make It Rain|p2a: Samurott
|-resisted|p2a: Samurott
|-damage|p2a: Samurott|34/100
|-unboost|p1a: Gholdengo|spa|1
|
|upkeep
|turn|10
|
|t:|1781182442
|switch|p1a: Zamazenta|Zamazenta|100/100
|-ability|p1a: Zamazenta|Dauntless Shield|boost
|-boost|p1a: Zamazenta|def|1
|move|p2a: Samurott|Ceaseless Edge|p1a: Zamazenta
|-resisted|p1a: Zamazenta
|-damage|p1a: Zamazenta|86/100
|-sidestart|p1: digederoo|Spikes
|
|upkeep
|turn|11
|
|t:|1781182448
|move|p2a: Samurott|Ceaseless Edge|p1a: Zamazenta
|-resisted|p1a: Zamazenta
|-damage|p1a: Zamazenta|72/100
|-sidestart|p1: digederoo|Spikes
|move|p1a: Zamazenta|Heavy Slam|p2a: Samurott
|-resisted|p2a: Samurott
|-damage|p2a: Samurott|17/100
|
|upkeep
|turn|12
|
|t:|1781182457
|move|p2a: Samurott|Ceaseless Edge|p1a: Zamazenta
|-resisted|p1a: Zamazenta
|-damage|p1a: Zamazenta|57/100
|-sidestart|p1: digederoo|Spikes
|move|p1a: Zamazenta|Heavy Slam|p2a: Samurott
|-resisted|p2a: Samurott
|-damage|p2a: Samurott|0 fnt
|faint|p2a: Samurott
|
|upkeep
|
|t:|1781182465
|switch|p2a: Zapdos|Zapdos|100/100
|turn|13
|
|t:|1781182469
|move|p1a: Zamazenta|Stone Edge|p2a: Zapdos
|-supereffective|p2a: Zapdos
|-damage|p2a: Zapdos|56/100
|move|p2a: Zapdos|Hurricane|p1a: Zamazenta
|-supereffective|p1a: Zamazenta
|-damage|p1a: Zamazenta|0 fnt
|faint|p1a: Zamazenta
|
|upkeep
|
|t:|1781182478
|switch|p1a: Ting-Lu|Ting-Lu|82/100
|-damage|p1a: Ting-Lu|76/100|[from] Stealth Rock
|-damage|p1a: Ting-Lu|51/100|[from] Spikes
|-ability|p1a: Ting-Lu|Vessel of Ruin
|turn|14
|
|t:|1781182482
|move|p2a: Zapdos|Hurricane|p1a: Ting-Lu
|-damage|p1a: Ting-Lu|31/100
|move|p1a: Ting-Lu|Earthquake|p2a: Zapdos
|-immune|p2a: Zapdos
|
|-heal|p1a: Ting-Lu|37/100|[from] item: Leftovers
|upkeep
|turn|15
|
|t:|1781182488
|move|p2a: Zapdos|Hurricane|p1a: Ting-Lu
|-damage|p1a: Ting-Lu|19/100
|move|p1a: Ting-Lu|Earthquake|p2a: Zapdos
|-immune|p2a: Zapdos
|
|-heal|p1a: Ting-Lu|25/100|[from] item: Leftovers
|upkeep
|turn|16
|
|t:|1781182492
|move|p2a: Zapdos|Hurricane|p1a: Ting-Lu
|-damage|p1a: Ting-Lu|4/100
|-start|p1a: Ting-Lu|confusion
|-activate|p1a: Ting-Lu|confusion
|-damage|p1a: Ting-Lu|0 fnt|[from] confusion
|faint|p1a: Ting-Lu
|
|upkeep
|
|t:|1781182509
|switch|p1a: Ogerpon|Ogerpon-Wellspring, F|100/100
|-damage|p1a: Ogerpon|88/100|[from] Stealth Rock
|-damage|p1a: Ogerpon|63/100|[from] Spikes
|turn|17
|
|t:|1781182517
|move|p1a: Ogerpon|Knock Off|p2a: Zapdos
|-damage|p2a: Zapdos|25/100
|-enditem|p2a: Zapdos|Heavy-Duty Boots|[from] move: Knock Off|[of] p1a: Ogerpon
|move|p2a: Zapdos|Roost|p2a: Zapdos
|-heal|p2a: Zapdos|75/100
|-singleturn|p2a: Zapdos|move: Roost
|
|upkeep
|turn|18
|
|t:|1781182526
|switch|p1a: Clefable|Clefable, M|95/100
|move|p2a: Zapdos|Roost|p2a: Zapdos
|-heal|p2a: Zapdos|100/100
|-singleturn|p2a: Zapdos|move: Roost
|
|-heal|p1a: Clefable|100/100|[from] item: Leftovers
|upkeep
|turn|19
|
|t:|1781182533
|move|p2a: Zapdos|Discharge|p1a: Clefable
|-damage|p1a: Clefable|71/100
|move|p1a: Clefable|Moonblast|p2a: Zapdos
|-damage|p2a: Zapdos|70/100
|
|-heal|p1a: Clefable|77/100|[from] item: Leftovers
|upkeep
|turn|20
|
|t:|1781182540
|move|p2a: Zapdos|Hurricane|p1a: Clefable|[miss]
|-miss|p2a: Zapdos|p1a: Clefable
|move|p1a: Clefable|Moonblast|p2a: Zapdos
|-damage|p2a: Zapdos|37/100
|-unboost|p2a: Zapdos|spa|1
|
|-heal|p1a: Clefable|83/100|[from] item: Leftovers
|upkeep
|turn|21
|
|t:|1781182548
|move|p2a: Zapdos|Roost|p2a: Zapdos
|-heal|p2a: Zapdos|87/100
|-singleturn|p2a: Zapdos|move: Roost
|move|p1a: Clefable|Moonblast|p2a: Zapdos
|-damage|p2a: Zapdos|59/100
|
|-heal|p1a: Clefable|89/100|[from] item: Leftovers
|upkeep
|turn|22
|
|t:|1781182555
|move|p2a: Zapdos|Volt Switch|p1a: Clefable
|-damage|p1a: Clefable|71/100
|
|t:|1781182564
|switch|p2a: Gholdengo|Gholdengo|100/100|[from] Volt Switch
|-damage|p2a: Gholdengo|94/100|[from] Stealth Rock
|-damage|p2a: Gholdengo|78/100|[from] Spikes
|move|p1a: Clefable|Moonblast|p2a: Gholdengo
|-resisted|p2a: Gholdengo
|-damage|p2a: Gholdengo|60/100
|
|-heal|p1a: Clefable|77/100|[from] item: Leftovers
|upkeep
|turn|23
|
|t:|1781182571
|move|p2a: Gholdengo|Shadow Ball|p1a: Clefable
|-damage|p1a: Clefable|36/100
|move|p1a: Clefable|Moonblast|p2a: Gholdengo
|-resisted|p2a: Gholdengo
|-damage|p2a: Gholdengo|40/100
|
|-heal|p1a: Clefable|42/100|[from] item: Leftovers
|upkeep
|turn|24
|
|t:|1781182576
|switch|p1a: Ogerpon|Ogerpon-Wellspring, F|63/100
|-damage|p1a: Ogerpon|51/100|[from] Stealth Rock
|-damage|p1a: Ogerpon|26/100|[from] Spikes
|move|p2a: Gholdengo|Shadow Ball|p1a: Ogerpon
|-damage|p1a: Ogerpon|0 fnt
|faint|p1a: Ogerpon
|
|upkeep
|
|t:|1781182588
|switch|p1a: Dragonite|Dragonite, F|100/100
|turn|25
|
|t:|1781182592
|move|p2a: Gholdengo|Shadow Ball|p1a: Dragonite
|-damage|p1a: Dragonite|78/100
|move|p1a: Dragonite|Dragon Dance|p1a: Dragonite
|-boost|p1a: Dragonite|atk|1
|-boost|p1a: Dragonite|spe|1
|
|upkeep
|turn|26
|
|t:|1781182597
|-terastallize|p1a: Dragonite|Normal
|move|p2a: Gholdengo|Shadow Ball|p1a: Dragonite
|-immune|p1a: Dragonite
|move|p1a: Dragonite|Dragon Dance|p1a: Dragonite
|-boost|p1a: Dragonite|atk|1
|-boost|p1a: Dragonite|spe|1
|
|upkeep
|turn|27
|
|t:|1781182607
|switch|p2a: Clefable|Clefable, F|72/100
|move|p1a: Dragonite|Extreme Speed|p2a: Clefable
|-damage|p2a: Clefable|35/100
|
|upkeep
|turn|28
|
|t:|1781182613
|-terastallize|p2a: Clefable|Steel
|move|p1a: Dragonite|Extreme Speed|p2a: Clefable
|-resisted|p2a: Clefable
|-damage|p2a: Clefable|15/100
|move|p2a: Clefable|Moonlight|p2a: Clefable
|-heal|p2a: Clefable|65/100
|
|upkeep
|turn|29
|
|t:|1781182617
|switch|p2a: Gholdengo|Gholdengo|40/100
|-damage|p2a: Gholdengo|34/100|[from] Stealth Rock
|-damage|p2a: Gholdengo|17/100|[from] Spikes
|move|p1a: Dragonite|Earthquake|p2a: Gholdengo
|-supereffective|p2a: Gholdengo
|-damage|p2a: Gholdengo|0 fnt
|faint|p2a: Gholdengo
|
|upkeep
|
|t:|1781182624
|switch|p2a: Zamazenta|Zamazenta|94/100
|-damage|p2a: Zamazenta|88/100|[from] Stealth Rock
|-damage|p2a: Zamazenta|72/100|[from] Spikes
|turn|30
|
|t:|1781182628
|move|p1a: Dragonite|Extreme Speed|p2a: Zamazenta
|-damage|p2a: Zamazenta|3/100
|move|p2a: Zamazenta|Body Press|p1a: Dragonite
|-supereffective|p1a: Dragonite
|-damage|p1a: Dragonite|3/100
|
|-heal|p2a: Zamazenta|9/100|[from] item: Leftovers
|upkeep
|turn|31
|
|t:|1781182636
|move|p1a: Dragonite|Extreme Speed|p2a: Zamazenta
|-damage|p2a: Zamazenta|0 fnt
|faint|p2a: Zamazenta
|
|upkeep
|
|t:|1781182638
|switch|p2a: Clefable|Clefable, F, tera:Steel|65/100
|turn|32
|
|t:|1781182644
|move|p1a: Dragonite|Earthquake|p2a: Clefable
|-supereffective|p2a: Clefable
|-damage|p2a: Clefable|11/100
|move|p2a: Clefable|Moonblast|p1a: Dragonite
|-damage|p1a: Dragonite|0 fnt
|faint|p1a: Dragonite
|
|upkeep
|
|t:|1781182650
|switch|p1a: Gholdengo|Gholdengo|94/100
|-damage|p1a: Gholdengo|88/100|[from] Stealth Rock
|-item|p1a: Gholdengo|Air Balloon
|turn|33
|
|t:|1781182657
|switch|p2a: Garganacl|Garganacl, F|100/100
|-damage|p2a: Garganacl|88/100|[from] Stealth Rock
|-damage|p2a: Garganacl|72/100|[from] Spikes
|move|p1a: Gholdengo|Shadow Ball|p2a: Garganacl
|-damage|p2a: Garganacl|59/100
|
|-heal|p2a: Garganacl|66/100|[from] item: Leftovers
|upkeep
|turn|34
|
|t:|1781182662
|move|p1a: Gholdengo|Nasty Plot|p1a: Gholdengo
|-boost|p1a: Gholdengo|spa|2
|move|p2a: Garganacl|Salt Cure|p1a: Gholdengo
|-resisted|p1a: Gholdengo
|-damage|p1a: Gholdengo|83/100
|-start|p1a: Gholdengo|Salt Cure
|-enditem|p1a: Gholdengo|Air Balloon
|
|-heal|p2a: Garganacl|72/100|[from] item: Leftovers
|-damage|p1a: Gholdengo|58/100|[from] Salt Cure
|upkeep
|turn|35
|
|t:|1781182666
|move|p1a: Gholdengo|Make It Rain|p2a: Garganacl
|-supereffective|p2a: Garganacl
|-damage|p2a: Garganacl|0 fnt
|-unboost|p1a: Gholdengo|spa|1
|faint|p2a: Garganacl
|
|-damage|p1a: Gholdengo|34/100|[from] Salt Cure
|upkeep
|
|t:|1781182672
|switch|p2a: Clefable|Clefable, F, tera:Steel|11/100
|turn|36
|
|t:|1781182686
|move|p1a: Gholdengo|Shadow Ball|p2a: Clefable
|-damage|p2a: Clefable|0 fnt
|faint|p2a: Clefable
|
|-damage|p1a: Gholdengo|9/100|[from] Salt Cure
|upkeep
|
|t:|1781182696
|switch|p2a: Zapdos|Zapdos|59/100
|-damage|p2a: Zapdos|34/100|[from] Stealth Rock
|turn|37
|
|t:|1781182700
|move|p2a: Zapdos|Roost|p2a: Zapdos
|-heal|p2a: Zapdos|84/100
|-singleturn|p2a: Zapdos|move: Roost
|move|p1a: Gholdengo|Shadow Ball|p2a: Zapdos
|-damage|p2a: Zapdos|33/100
|
|-damage|p1a: Gholdengo|0 fnt|[from] Salt Cure
|faint|p1a: Gholdengo
|upkeep
|
|t:|1781182703
|switch|p1a: Clefable|Clefable, M|42/100
|turn|38
|
|t:|1781182714
|move|p2a: Zapdos|Hurricane|p1a: Clefable
|-damage|p1a: Clefable|2/100
|move|p1a: Clefable|Moonlight|p1a: Clefable
|-heal|p1a: Clefable|52/100
|
|-heal|p1a: Clefable|58/100|[from] item: Leftovers
|upkeep
|turn|39
|
|t:|1781182720
|move|p2a: Zapdos|Hurricane|p1a: Clefable|[miss]
|-miss|p2a: Zapdos|p1a: Clefable
|move|p1a: Clefable|Moonlight|p1a: Clefable
|-heal|p1a: Clefable|100/100
|
|upkeep
|turn|40
|
|t:|1781182728
|move|p2a: Zapdos|Roost|p2a: Zapdos
|-heal|p2a: Zapdos|84/100
|-singleturn|p2a: Zapdos|move: Roost
|move|p1a: Clefable|Moonblast|p2a: Zapdos
|-damage|p2a: Zapdos|55/100
|-unboost|p2a: Zapdos|spa|1
|
|upkeep
|turn|41
|
|t:|1781182733
|move|p2a: Zapdos|Roost|p2a: Zapdos
|-heal|p2a: Zapdos|100/100
|-singleturn|p2a: Zapdos|move: Roost
|move|p1a: Clefable|Moonblast|p2a: Zapdos
|-damage|p2a: Zapdos|72/100
|
|upkeep
|turn|42
|
|t:|1781182745
|move|p2a: Zapdos|Hurricane|p1a: Clefable
|-damage|p1a: Clefable|69/100
|-start|p1a: Clefable|confusion
|-activate|p1a: Clefable|confusion
|move|p1a: Clefable|Moonblast|p2a: Zapdos
|-damage|p2a: Zapdos|44/100
|
|-heal|p1a: Clefable|75/100|[from] item: Leftovers
|upkeep
|turn|43
|
|t:|1781182753
|move|p2a: Zapdos|Roost|p2a: Zapdos
|-heal|p2a: Zapdos|94/100
|-singleturn|p2a: Zapdos|move: Roost
|-activate|p1a: Clefable|confusion
|move|p1a: Clefable|Moonblast|p2a: Zapdos
|-damage|p2a: Zapdos|62/100
|
|-heal|p1a: Clefable|81/100|[from] item: Leftovers
|upkeep
|turn|44
|
|t:|1781182760
|move|p2a: Zapdos|Discharge|p1a: Clefable
|-damage|p1a: Clefable|60/100
|-activate|p1a: Clefable|confusion
|move|p1a: Clefable|Moonblast|p2a: Zapdos
|-damage|p2a: Zapdos|34/100
|-unboost|p2a: Zapdos|spa|1
|
|-heal|p1a: Clefable|66/100|[from] item: Leftovers
|upkeep
|turn|45
|
|t:|1781182766
|move|p2a: Zapdos|Roost|p2a: Zapdos
|-heal|p2a: Zapdos|84/100
|-singleturn|p2a: Zapdos|move: Roost
|-end|p1a: Clefable|confusion
|move|p1a: Clefable|Moonblast|p2a: Zapdos
|-damage|p2a: Zapdos|53/100
|
|-heal|p1a: Clefable|72/100|[from] item: Leftovers
|upkeep
|turn|46
|
|t:|1781182772
|move|p2a: Zapdos|Hurricane|p1a: Clefable
|-damage|p1a: Clefable|51/100
|move|p1a: Clefable|Moonblast|p2a: Zapdos
|-damage|p2a: Zapdos|20/100
|
|-heal|p1a: Clefable|57/100|[from] item: Leftovers
|upkeep
|turn|47
|
|t:|1781182778
|move|p2a: Zapdos|Hurricane|p1a: Clefable|[miss]
|-miss|p2a: Zapdos|p1a: Clefable
|move|p1a: Clefable|Moonblast|p2a: Zapdos
|-damage|p2a: Zapdos|0 fnt
|faint|p2a: Zapdos
|
|win|digederoo
|raw|digederoo's rating: 1483 &rarr; <strong>1506</strong><br />(+23 for winning)
|raw|KurisuChestnutOU's rating: 1530 &rarr; <strong>1507</strong><br />(-23 for losing)
