|j|‽flobpa
|j|☆frogiumz
|t:|1781583288
|gametype|singles
|player|p1|flobpa|unknown|1543
|player|p2|frogiumz|2|1570
|gen|9
|tier|[Gen 9] OU
|rated|
|rule|HP Percentage Mod: HP is shown in percentages
|rule|Endless Battle Clause: Forcing endless battles is banned
|rule|Species Clause: Limit one of each Pokémon
|rule|OHKO Clause: OHKO moves are banned
|rule|Evasion Items Clause: Evasion items are banned
|rule|Evasion Moves Clause: Evasion moves are banned
|rule|Evasion Abilities Clause: Evasion abilities are banned
|rule|Sleep Moves Clause: Sleep-inducing moves are banned
|clearpoke
|poke|p1|Ninetales-Alola, F|
|poke|p1|Sinistcha|
|poke|p1|Samurott-Hisui, M|
|poke|p1|Iron Valiant|
|poke|p1|Kingambit, F|
|poke|p1|Dragonite, M|
|poke|p2|Tyranitar, F|
|poke|p2|Excadrill, M|
|poke|p2|Ogerpon-Wellspring, F|
|poke|p2|Zapdos|
|poke|p2|Gholdengo|
|poke|p2|Samurott-Hisui, M|
|teampreview
|inactive|Battle timer is ON: inactive players will automatically lose when time's up. (requested by flobpa)
|inactive|frogiumz also wants the timer to be on.
|
|t:|1781583298
|teamsize|p1|6
|teamsize|p2|6
|start
|switch|p1a: Samurott|Samurott-Hisui, M|100/100
|switch|p2a: Tyranitar|Tyranitar, F|100/100
|-weather|Sandstorm|[from] ability: Sand Stream|[of] p2a: Tyranitar
|turn|1
|
|t:|1781583315
|switch|p2a: Zapdos|Zapdos|100/100
|move|p1a: Samurott|Ceaseless Edge|p2a: Zapdos
|-damage|p2a: Zapdos|64/100
|-sidestart|p2: frogiumz|Spikes
|
|-weather|Sandstorm|[upkeep]
|-damage|p1a: Samurott|94/100|[from] Sandstorm
|-damage|p2a: Zapdos|58/100|[from] Sandstorm
|upkeep
|turn|2
|
|t:|1781583336
|move|p1a: Samurott|Ceaseless Edge|p2a: Zapdos
|-damage|p2a: Zapdos|25/100
|-sidestart|p2: frogiumz|Spikes
|move|p2a: Zapdos|Roost|p2a: Zapdos
|-heal|p2a: Zapdos|75/100
|-singleturn|p2a: Zapdos|move: Roost
|
|-weather|Sandstorm|[upkeep]
|-damage|p1a: Samurott|88/100|[from] Sandstorm
|-damage|p2a: Zapdos|69/100|[from] Sandstorm
|upkeep
|turn|3
|
|t:|1781583347
|move|p1a: Samurott|Ceaseless Edge|p2a: Zapdos
|-damage|p2a: Zapdos|36/100
|-sidestart|p2: frogiumz|Spikes
|move|p2a: Zapdos|Roost|p2a: Zapdos
|-heal|p2a: Zapdos|86/100
|-singleturn|p2a: Zapdos|move: Roost
|
|-weather|Sandstorm|[upkeep]
|-damage|p1a: Samurott|82/100|[from] Sandstorm
|-damage|p2a: Zapdos|80/100|[from] Sandstorm
|upkeep
|turn|4
|
|t:|1781583355
|move|p1a: Samurott|Aqua Cutter|p2a: Zapdos
|-crit|p2a: Zapdos
|-damage|p2a: Zapdos|22/100
|move|p2a: Zapdos|Thunderbolt|p1a: Samurott
|-supereffective|p1a: Samurott
|-damage|p1a: Samurott|0 fnt
|faint|p1a: Samurott
|
|-weather|Sandstorm|[upkeep]
|-damage|p2a: Zapdos|16/100|[from] Sandstorm
|upkeep
|inactive|flobpa has 120 seconds left.
|
|t:|1781583387
|switch|p1a: Iron Valiant|Iron Valiant|100/100
|-enditem|p1a: Iron Valiant|Booster Energy
|-activate|p1a: Iron Valiant|ability: Quark Drive|[fromitem]
|-start|p1a: Iron Valiant|quarkdrivespe
|turn|5
|inactive|flobpa has 120 seconds left.
|
|t:|1781583410
|switch|p2a: Gholdengo|Gholdengo|100/100
|-item|p2a: Gholdengo|Air Balloon
|move|p1a: Iron Valiant|Thunderbolt|p2a: Gholdengo
|-damage|p2a: Gholdengo|76/100
|-enditem|p2a: Gholdengo|Air Balloon
|
|-weather|none
|upkeep
|turn|6
|inactive|flobpa has 120 seconds left.
|inactive|frogiumz has 120 seconds left.
|
|t:|1781583435
|-terastallize|p1a: Iron Valiant|Electric
|move|p1a: Iron Valiant|Thunderbolt|p2a: Gholdengo
|-damage|p2a: Gholdengo|44/100
|move|p2a: Gholdengo|Make It Rain|p1a: Iron Valiant
|-resisted|p1a: Iron Valiant
|-damage|p1a: Iron Valiant|45/100
|-unboost|p2a: Gholdengo|spa|1
|
|upkeep
|turn|7
|
|t:|1781583459
|move|p1a: Iron Valiant|Thunderbolt|p2a: Gholdengo
|-damage|p2a: Gholdengo|10/100
|move|p2a: Gholdengo|Recover|p2a: Gholdengo
|-heal|p2a: Gholdengo|60/100
|
|upkeep
|turn|8
|
|t:|1781583469
|move|p1a: Iron Valiant|Thunderbolt|p2a: Gholdengo
|-damage|p2a: Gholdengo|28/100
|move|p2a: Gholdengo|Recover|p2a: Gholdengo
|-heal|p2a: Gholdengo|78/100
|
|upkeep
|turn|9
|inactive|frogiumz has 120 seconds left.
|
|t:|1781583503
|move|p1a: Iron Valiant|Calm Mind|p1a: Iron Valiant
|-boost|p1a: Iron Valiant|spa|1
|-boost|p1a: Iron Valiant|spd|1
|move|p2a: Gholdengo|Shadow Ball|p1a: Iron Valiant
|-damage|p1a: Iron Valiant|15/100
|
|upkeep
|turn|10
|
|t:|1781583510
|move|p1a: Iron Valiant|Thunderbolt|p2a: Gholdengo
|-damage|p2a: Gholdengo|28/100
|move|p2a: Gholdengo|Shadow Ball|p1a: Iron Valiant
|-damage|p1a: Iron Valiant|0 fnt
|faint|p1a: Iron Valiant
|-end|p1a: Iron Valiant|Quark Drive|[silent]
|
|upkeep
|inactive|flobpa has 90 seconds left.
|
|t:|1781583532
|switch|p1a: Kingambit|Kingambit, F|100/100
|-activate|p1a: Kingambit|ability: Supreme Overlord
|-start|p1a: Kingambit|fallen2|[silent]
|turn|11
|inactive|flobpa has 90 seconds left.
|
|t:|1781583548
|switch|p2a: Zapdos|Zapdos|16/100
|move|p1a: Kingambit|Iron Head|p2a: Zapdos
|-resisted|p2a: Zapdos
|-damage|p2a: Zapdos|0 fnt
|-status|p1a: Kingambit|par|[from] ability: Static|[of] p2a: Zapdos
|faint|p2a: Zapdos
|
|upkeep
|
|t:|1781583558
|switch|p2a: Excadrill|Excadrill, M|100/100
|-item|p2a: Excadrill|Air Balloon
|turn|12
|
|t:|1781583574
|move|p2a: Excadrill|Rapid Spin|p1a: Kingambit
|-resisted|p1a: Kingambit
|-damage|p1a: Kingambit|92/100 par
|-boost|p2a: Excadrill|spe|1
|-sideend|p2: frogiumz|Spikes|[from] move: Rapid Spin|[of] p2a: Excadrill
|cant|p1a: Kingambit|par
|
|-heal|p1a: Kingambit|98/100 par|[from] item: Leftovers
|upkeep
|turn|13
|
|t:|1781583585
|-end|p1a: Kingambit|fallen2|[silent]
|switch|p1a: Sinistcha|Sinistcha, shiny|100/100
|move|p2a: Excadrill|Earthquake|p1a: Sinistcha
|-resisted|p1a: Sinistcha
|-damage|p1a: Sinistcha|80/100
|
|-heal|p1a: Sinistcha|86/100|[from] item: Leftovers
|upkeep
|turn|14
|j| Chooir
|j| pls game
|
|t:|1781583603
|switch|p2a: Gholdengo|Gholdengo|28/100
|move|p1a: Sinistcha|Calm Mind|p1a: Sinistcha
|-boost|p1a: Sinistcha|spa|1
|-boost|p1a: Sinistcha|spd|1
|
|-heal|p1a: Sinistcha|92/100|[from] item: Leftovers
|upkeep
|turn|15
|j| choispecs ironmoth
|
|t:|1781583614
|switch|p1a: Kingambit|Kingambit, F|98/100 par
|-activate|p1a: Kingambit|ability: Supreme Overlord
|-start|p1a: Kingambit|fallen2|[silent]
|move|p2a: Gholdengo|Shadow Ball|p1a: Kingambit
|-resisted|p1a: Kingambit
|-damage|p1a: Kingambit|76/100 par
|
|-heal|p1a: Kingambit|82/100 par|[from] item: Leftovers
|upkeep
|turn|16
|j| nesnot
|
|t:|1781583629
|switch|p2a: Excadrill|Excadrill, M|100/100
|-item|p2a: Excadrill|Air Balloon
|move|p1a: Kingambit|Kowtow Cleave|p2a: Excadrill
|-damage|p2a: Excadrill|19/100
|-enditem|p2a: Excadrill|Air Balloon
|
|-heal|p1a: Kingambit|88/100 par|[from] item: Leftovers
|upkeep
|turn|17
|
|t:|1781583639
|move|p1a: Kingambit|Sucker Punch||[still]
|-fail|p1a: Kingambit
|move|p2a: Excadrill|Swords Dance|p2a: Excadrill
|-boost|p2a: Excadrill|atk|2
|
|-heal|p1a: Kingambit|94/100 par|[from] item: Leftovers
|upkeep
|turn|18
|
|t:|1781583645
|cant|p1a: Kingambit|par
|move|p2a: Excadrill|Swords Dance|p2a: Excadrill
|-boost|p2a: Excadrill|atk|2
|
|-heal|p1a: Kingambit|100/100 par|[from] item: Leftovers
|upkeep
|turn|19
|
|t:|1781583649
|move|p1a: Kingambit|Sucker Punch|p2a: Excadrill
|-damage|p2a: Excadrill|0 fnt
|faint|p2a: Excadrill
|
|upkeep
|l| nesnot
|j| nesnot
|l| nesnot
|
|t:|1781583663
|switch|p2a: Samurott|Samurott-Hisui, M|100/100
|turn|20
|
|t:|1781583689
|-end|p1a: Kingambit|fallen2|[silent]
|switch|p1a: Ninetales|Ninetales-Alola, F|100/100
|-weather|Snowscape|[from] ability: Snow Warning|[of] p1a: Ninetales
|move|p2a: Samurott|Razor Shell|p1a: Ninetales
|-damage|p1a: Ninetales|57/100
|-unboost|p1a: Ninetales|def|1
|
|-weather|Snowscape|[upkeep]
|upkeep
|turn|21
|
|t:|1781583697
|switch|p2a: Tyranitar|Tyranitar, F|100/100
|-weather|Sandstorm|[from] ability: Sand Stream|[of] p2a: Tyranitar
|move|p1a: Ninetales|Moonblast|p2a: Tyranitar
|-supereffective|p2a: Tyranitar
|-damage|p2a: Tyranitar|77/100
|-unboost|p2a: Tyranitar|spa|1
|
|-weather|Sandstorm|[upkeep]
|-damage|p1a: Ninetales|51/100|[from] Sandstorm
|-heal|p2a: Tyranitar|83/100|[from] item: Leftovers
|upkeep
|turn|22
|
|t:|1781583705
|move|p1a: Ninetales|Moonblast|p2a: Tyranitar
|-supereffective|p2a: Tyranitar
|-damage|p2a: Tyranitar|61/100
|-unboost|p2a: Tyranitar|spa|1
|move|p2a: Tyranitar|Stealth Rock|p1a: Ninetales
|-sidestart|p1: flobpa|move: Stealth Rock
|
|-weather|Sandstorm|[upkeep]
|-damage|p1a: Ninetales|45/100|[from] Sandstorm
|-heal|p2a: Tyranitar|67/100|[from] item: Leftovers
|upkeep
|turn|23
|
|t:|1781583714
|switch|p2a: Gholdengo|Gholdengo|28/100
|move|p1a: Ninetales|Encore|p2a: Gholdengo
|-immune|p2a: Gholdengo|[from] ability: Good as Gold
|
|-weather|Sandstorm|[upkeep]
|-damage|p1a: Ninetales|39/100|[from] Sandstorm
|upkeep
|turn|24
|
|t:|1781583718
|switch|p1a: Kingambit|Kingambit, F|100/100 par
|-damage|p1a: Kingambit|94/100 par|[from] Stealth Rock
|-activate|p1a: Kingambit|ability: Supreme Overlord
|-start|p1a: Kingambit|fallen2|[silent]
|move|p2a: Gholdengo|Recover|p2a: Gholdengo
|-heal|p2a: Gholdengo|78/100
|
|-weather|Sandstorm|[upkeep]
|-heal|p1a: Kingambit|100/100 par|[from] item: Leftovers
|upkeep
|turn|25
|
|t:|1781583728
|switch|p2a: Samurott|Samurott-Hisui, M|100/100
|cant|p1a: Kingambit|par
|
|-weather|none
|upkeep
|turn|26
|
|t:|1781583744
|-end|p1a: Kingambit|fallen2|[silent]
|switch|p1a: Ninetales|Ninetales-Alola, F|39/100
|-damage|p1a: Ninetales|14/100|[from] Stealth Rock
|-weather|Snowscape|[from] ability: Snow Warning|[of] p1a: Ninetales
|move|p2a: Samurott|Razor Shell|p1a: Ninetales
|-damage|p1a: Ninetales|0 fnt
|faint|p1a: Ninetales
|
|-weather|Snowscape|[upkeep]
|upkeep
|
|t:|1781583756
|switch|p1a: Dragonite|Dragonite, M|100/100
|turn|27
|
|t:|1781583764
|switch|p2a: Tyranitar|Tyranitar, F|67/100
|-weather|Sandstorm|[from] ability: Sand Stream|[of] p2a: Tyranitar
|move|p1a: Dragonite|Dragon Dance|p1a: Dragonite
|-boost|p1a: Dragonite|atk|1
|-boost|p1a: Dragonite|spe|1
|
|-weather|Sandstorm|[upkeep]
|-damage|p1a: Dragonite|94/100|[from] Sandstorm
|-heal|p2a: Tyranitar|73/100|[from] item: Leftovers
|upkeep
|turn|28
|
|t:|1781583778
|-terastallize|p2a: Tyranitar|Flying
|move|p1a: Dragonite|Earthquake|p2a: Tyranitar
|-immune|p2a: Tyranitar
|move|p2a: Tyranitar|Roar|p1a: Dragonite
|drag|p1a: Sinistcha|Sinistcha, shiny|92/100
|-damage|p1a: Sinistcha|79/100|[from] Stealth Rock
|
|-weather|Sandstorm|[upkeep]
|-damage|p1a: Sinistcha|73/100|[from] Sandstorm
|-damage|p2a: Tyranitar|67/100|[from] Sandstorm
|-heal|p1a: Sinistcha|79/100|[from] item: Leftovers
|-heal|p2a: Tyranitar|73/100|[from] item: Leftovers
|upkeep
|turn|29
|
|t:|1781583797
|switch|p2a: Gholdengo|Gholdengo|78/100
|move|p1a: Sinistcha|Shadow Ball|p2a: Gholdengo
|-supereffective|p2a: Gholdengo
|-damage|p2a: Gholdengo|28/100
|
|-weather|Sandstorm|[upkeep]
|-damage|p1a: Sinistcha|73/100|[from] Sandstorm
|-heal|p1a: Sinistcha|79/100|[from] item: Leftovers
|upkeep
|turn|30
|
|t:|1781583804
|switch|p1a: Kingambit|Kingambit, F|100/100 par
|-damage|p1a: Kingambit|94/100 par|[from] Stealth Rock
|-activate|p1a: Kingambit|ability: Supreme Overlord
|-start|p1a: Kingambit|fallen3|[silent]
|move|p2a: Gholdengo|Shadow Ball|p1a: Kingambit
|-resisted|p1a: Kingambit
|-damage|p1a: Kingambit|73/100 par
|
|-weather|Sandstorm|[upkeep]
|-heal|p1a: Kingambit|79/100 par|[from] item: Leftovers
|upkeep
|turn|31
|
|t:|1781583811
|switch|p2a: Samurott|Samurott-Hisui, M|100/100
|move|p1a: Kingambit|Swords Dance|p1a: Kingambit
|-boost|p1a: Kingambit|atk|2
|
|-weather|none
|-heal|p1a: Kingambit|86/100 par|[from] item: Leftovers
|upkeep
|turn|32
|
|t:|1781583828
|move|p1a: Kingambit|Sucker Punch|p2a: Samurott
|-resisted|p2a: Samurott
|-damage|p2a: Samurott|37/100
|move|p2a: Samurott|Razor Shell|p1a: Kingambit
|-damage|p1a: Kingambit|40/100 par
|-unboost|p1a: Kingambit|def|1
|
|-heal|p1a: Kingambit|47/100 par|[from] item: Leftovers
|upkeep
|turn|33
|inactive|frogiumz has 120 seconds left.
|j| Mega Delibird X
|
|t:|1781583876
|switch|p2a: Ogerpon|Ogerpon-Wellspring, F|100/100
|move|p1a: Kingambit|Kowtow Cleave|p2a: Ogerpon
|-crit|p2a: Ogerpon
|-damage|p2a: Ogerpon|0 fnt
|faint|p2a: Ogerpon
|
|-heal|p1a: Kingambit|53/100 par|[from] item: Leftovers
|upkeep
|
|t:|1781583885
|switch|p2a: Tyranitar|Tyranitar, F, tera:Flying|73/100
|-weather|Sandstorm|[from] ability: Sand Stream|[of] p2a: Tyranitar
|turn|34
|
|t:|1781583899
|move|p1a: Kingambit|Kowtow Cleave|p2a: Tyranitar
|-damage|p2a: Tyranitar|0 fnt
|faint|p2a: Tyranitar
|
|-weather|Sandstorm|[upkeep]
|-heal|p1a: Kingambit|59/100 par|[from] item: Leftovers
|upkeep
|-message|frogiumz forfeited.
|
|win|flobpa
|raw|flobpa's rating: 1543 &rarr; <strong>1565</strong><br />(+22 for winning)
|raw|frogiumz's rating: 1570 &rarr; <strong>1548</strong><br />(-22 for losing)
|l|☆frogiumz
|player|p2|
|l| pls game
|l| Chooir
|l|‽flobpa
|player|p1|
|l| Mega Delibird X
