|j|☆th3r3d33m3r
|j|☆KurisuChestnutLab
|t:|1781118706
|gametype|singles
|player|p1|th3r3d33m3r|lady|1532
|player|p2|KurisuChestnutLab|may-contest|1529
|gen|9
|tier|[Gen 9] OU
|rated|
|rule|HP Percentage Mod: HP is shown in percentages
|rule|Endless Battle Clause: Forcing endless battles is banned
|rule|Species Clause: Limit one of each Pokémon
|rule|OHKO Clause: OHKO moves are banned
|rule|Evasion Items Clause: Evasion items are banned
|rule|Evasion Moves Clause: Evasion moves are banned
|rule|Evasion Abilities Clause: Evasion abilities are banned
|rule|Sleep Moves Clause: Sleep-inducing moves are banned
|clearpoke
|poke|p1|Hoopa-Unbound|
|poke|p1|Pecharunt|
|poke|p1|Landorus-Therian, M|
|poke|p1|Cinderace, M|
|poke|p1|Alomomola, M|
|poke|p1|Iron Valiant|
|poke|p2|Zamazenta-*|
|poke|p2|Zapdos|
|poke|p2|Garganacl, F|
|poke|p2|Clefable, M|
|poke|p2|Samurott-Hisui, M|
|poke|p2|Gholdengo|
|teampreview
|
|t:|1781118712
|teamsize|p1|6
|teamsize|p2|6
|start
|switch|p1a: Calamity|Iron Valiant, shiny|100/100
|switch|p2a: Samurott|Samurott-Hisui, M|100/100
|turn|1
|inactive|Battle timer is ON: inactive players will automatically lose when time's up. (requested by KurisuChestnutLab)
|
|t:|1781118717
|switch|p2a: Clefable|Clefable, M|100/100
|move|p1a: Calamity|Moonblast|p2a: Clefable
|-damage|p2a: Clefable|39/100
|
|upkeep
|turn|2
|
|t:|1781118721
|-terastallize|p2a: Clefable|Steel
|move|p1a: Calamity|Moonblast|p2a: Clefable
|-resisted|p2a: Clefable
|-damage|p2a: Clefable|4/100
|-unboost|p2a: Clefable|spa|1
|move|p2a: Clefable|Moonblast|p1a: Calamity
|-supereffective|p1a: Calamity
|-damage|p1a: Calamity|24/100
|
|upkeep
|turn|3
|
|t:|1781118725
|switch|p2a: Gholdengo|Gholdengo|100/100
|move|p1a: Calamity|Moonblast|p2a: Gholdengo
|-resisted|p2a: Gholdengo
|-damage|p2a: Gholdengo|58/100
|
|upkeep
|turn|4
|
|t:|1781118730
|-end|p1a: Calamity|Quark Drive|[silent]
|switch|p1a: Pisces|Alomomola, M, shiny|100/100
|move|p2a: Gholdengo|Shadow Ball|p1a: Pisces
|-damage|p1a: Pisces|76/100
|
|upkeep
|turn|5
|
|t:|1781118735
|move|p2a: Gholdengo|Shadow Ball|p1a: Pisces
|-damage|p1a: Pisces|54/100
|move|p1a: Pisces|Flip Turn|p2a: Gholdengo
|-crit|p2a: Gholdengo
|-damage|p2a: Gholdengo|29/100
|
|t:|1781118745
|switch|p1a: Khaos|Hoopa-Unbound|100/100|[from] Flip Turn
|
|upkeep
|turn|6
|
|t:|1781118749
|move|p2a: Gholdengo|Shadow Ball|p1a: Khaos
|-damage|p1a: Khaos|60/100
|move|p1a: Khaos|Knock Off|p2a: Gholdengo
|-supereffective|p2a: Gholdengo
|-damage|p2a: Gholdengo|0 fnt
|-enditem|p2a: Gholdengo|Choice Scarf|[from] move: Knock Off|[of] p1a: Khaos
|faint|p2a: Gholdengo
|
|upkeep
|
|t:|1781118757
|switch|p2a: Samurott|Samurott-Hisui, M|100/100
|turn|7
|
|t:|1781118763
|switch|p1a: Enten|Landorus-Therian, M, shiny|100/100
|-ability|p1a: Enten|Intimidate|boost
|-unboost|p2a: Samurott|atk|1
|move|p2a: Samurott|Ceaseless Edge|p1a: Enten
|-damage|p1a: Enten|67/100
|-sidestart|p1: th3r3d33m3r|Spikes
|
|upkeep
|turn|8
|
|t:|1781118769
|move|p1a: Enten|U-turn|p2a: Samurott
|-supereffective|p2a: Samurott
|-damage|p2a: Samurott|34/100
|
|t:|1781118777
|switch|p1a: Liberacy|Cinderace, M, shiny|100/100|[from] U-turn
|move|p2a: Samurott|Ceaseless Edge|p1a: Liberacy
|-damage|p1a: Liberacy|55/100
|-sidestart|p1: th3r3d33m3r|Spikes
|
|upkeep
|turn|9
|
|t:|1781118781
|move|p2a: Samurott|Ceaseless Edge|p1a: Liberacy
|-damage|p1a: Liberacy|13/100
|-sidestart|p1: th3r3d33m3r|Spikes
|move|p1a: Liberacy|U-turn|p2a: Samurott
|-start|p1a: Liberacy|typechange|Bug|[from] ability: Libero
|-supereffective|p2a: Samurott
|-damage|p2a: Samurott|0 fnt
|faint|p2a: Samurott
|
|t:|1781118788
|switch|p1a: Enten|Landorus-Therian, M, shiny|67/100|[from] U-turn
|
|upkeep
|
|t:|1781118793
|switch|p2a: Zapdos|Zapdos|100/100
|turn|10
|
|t:|1781118798
|move|p1a: Enten|Stone Edge|p2a: Zapdos
|-supereffective|p2a: Zapdos
|-damage|p2a: Zapdos|43/100
|move|p2a: Zapdos|Hurricane|p1a: Enten|[miss]
|-miss|p2a: Zapdos|p1a: Enten
|
|upkeep
|turn|11
|
|t:|1781118804
|switch|p2a: Zamazenta|Zamazenta|100/100
|-ability|p2a: Zamazenta|Dauntless Shield|boost
|-boost|p2a: Zamazenta|def|1
|move|p1a: Enten|Stone Edge|p2a: Zamazenta
|-resisted|p2a: Zamazenta
|-damage|p2a: Zamazenta|91/100
|
|-heal|p2a: Zamazenta|97/100|[from] item: Leftovers
|upkeep
|turn|12
|
|t:|1781118808
|switch|p1a: Overseer|Pecharunt|100/100
|move|p2a: Zamazenta|Crunch|p1a: Overseer
|-supereffective|p1a: Overseer
|-damage|p1a: Overseer|80/100
|-unboost|p1a: Overseer|def|1
|
|-heal|p2a: Zamazenta|100/100|[from] item: Leftovers
|upkeep
|turn|13
|
|t:|1781118817
|switch|p1a: Enten|Landorus-Therian, M, shiny|67/100
|-ability|p1a: Enten|Intimidate|boost
|-unboost|p2a: Zamazenta|atk|1
|move|p2a: Zamazenta|Roar|p1a: Enten
|drag|p1a: Khaos|Hoopa-Unbound|60/100
|-damage|p1a: Khaos|35/100|[from] Spikes
|
|upkeep
|turn|14
|
|t:|1781118824
|switch|p1a: Enten|Landorus-Therian, M, shiny|67/100
|-ability|p1a: Enten|Intimidate|boost
|-unboost|p2a: Zamazenta|atk|1
|move|p2a: Zamazenta|Body Press|p1a: Enten
|-resisted|p1a: Enten
|-damage|p1a: Enten|40/100
|
|upkeep
|turn|15
|
|t:|1781118827
|move|p1a: Enten|U-turn|p2a: Zamazenta
|-resisted|p2a: Zamazenta
|-damage|p2a: Zamazenta|94/100
|
|t:|1781118829
|switch|p1a: Overseer|Pecharunt|80/100|[from] U-turn
|move|p2a: Zamazenta|Crunch|p1a: Overseer
|-supereffective|p1a: Overseer
|-damage|p1a: Overseer|71/100
|
|-heal|p2a: Zamazenta|99/100|[from] item: Leftovers
|upkeep
|turn|16
|j| roarcat
|
|t:|1781118835
|switch|p2a: Garganacl|Garganacl, F|100/100
|move|p1a: Overseer|Parting Shot|p2a: Garganacl
|-unboost|p2a: Garganacl|atk|1
|-unboost|p2a: Garganacl|spa|1
|
|t:|1781118843
|switch|p1a: Liberacy|Cinderace, M, shiny|13/100|[from] Parting Shot
|
|upkeep
|turn|17
|
|t:|1781118849
|move|p1a: Liberacy|Court Change|p1a: Liberacy
|-start|p1a: Liberacy|typechange|Normal|[from] ability: Libero
|-swapsideconditions
|-activate|p1a: Liberacy|move: Court Change
|move|p2a: Garganacl|Stealth Rock|p1a: Liberacy
|-sidestart|p1: th3r3d33m3r|move: Stealth Rock
|
|upkeep
|turn|18
|
|t:|1781118856
|move|p1a: Liberacy|Pyro Ball|p2a: Garganacl
|-resisted|p2a: Garganacl
|-damage|p2a: Garganacl|87/100
|move|p2a: Garganacl|Salt Cure|p1a: Liberacy
|-damage|p1a: Liberacy|0 fnt
|faint|p1a: Liberacy
|
|-heal|p2a: Garganacl|93/100|[from] item: Leftovers
|upkeep
|
|t:|1781118864
|switch|p1a: Khaos|Hoopa-Unbound|35/100
|-damage|p1a: Khaos|23/100|[from] Stealth Rock
|turn|19
|
|t:|1781118868
|switch|p2a: Clefable|Clefable, M, tera:Steel|4/100
|move|p1a: Khaos|Hyperspace Fury|p2a: Clefable
|-damage|p2a: Clefable|0 fnt
|-unboost|p1a: Khaos|def|1
|faint|p2a: Clefable
|
|upkeep
|
|t:|1781118873
|switch|p2a: Zamazenta|Zamazenta|99/100
|-damage|p2a: Zamazenta|75/100|[from] Spikes
|turn|20
|
|t:|1781118880
|switch|p1a: Overseer|Pecharunt|71/100
|move|p2a: Zamazenta|Roar|p1a: Overseer
|drag|p1a: Khaos|Hoopa-Unbound|23/100
|-damage|p1a: Khaos|11/100|[from] Stealth Rock
|
|-heal|p2a: Zamazenta|81/100|[from] item: Leftovers
|upkeep
|turn|21
|
|t:|1781118886
|move|p2a: Zamazenta|Iron Defense|p2a: Zamazenta
|-boost|p2a: Zamazenta|def|2
|move|p1a: Khaos|Zen Headbutt|p2a: Zamazenta
|-supereffective|p2a: Zamazenta
|-damage|p2a: Zamazenta|19/100
|
|-heal|p2a: Zamazenta|25/100|[from] item: Leftovers
|upkeep
|turn|22
|
|t:|1781118892
|switch|p1a: Overseer|Pecharunt|71/100
|move|p2a: Zamazenta|Crunch|p1a: Overseer
|-supereffective|p1a: Overseer
|-damage|p1a: Overseer|49/100
|
|-heal|p2a: Zamazenta|31/100|[from] item: Leftovers
|upkeep
|turn|23
|
|t:|1781118901
|move|p2a: Zamazenta|Crunch|p1a: Overseer
|-supereffective|p1a: Overseer
|-damage|p1a: Overseer|30/100
|move|p1a: Overseer|Recover|p1a: Overseer
|-heal|p1a: Overseer|80/100
|
|-heal|p2a: Zamazenta|37/100|[from] item: Leftovers
|upkeep
|turn|24
|
|t:|1781118906
|move|p1a: Overseer|Shadow Ball|p2a: Zamazenta
|-damage|p2a: Zamazenta|19/100
|-unboost|p2a: Zamazenta|spd|1
|move|p2a: Zamazenta|Roar|p1a: Overseer
|drag|p1a: Calamity|Iron Valiant, shiny|24/100
|-damage|p1a: Calamity|17/100|[from] Stealth Rock
|
|-heal|p2a: Zamazenta|25/100|[from] item: Leftovers
|upkeep
|turn|25
|
|t:|1781118911
|move|p1a: Calamity|Vacuum Wave|p2a: Zamazenta
|-damage|p2a: Zamazenta|0 fnt
|faint|p2a: Zamazenta
|
|upkeep
|
|t:|1781118916
|switch|p2a: Zapdos|Zapdos|43/100
|turn|26
|
|t:|1781118920
|-end|p1a: Calamity|Quark Drive|[silent]
|switch|p1a: Pisces|Alomomola, M, shiny|87/100
|-damage|p1a: Pisces|74/100|[from] Stealth Rock
|move|p2a: Zapdos|Roost|p2a: Zapdos
|-heal|p2a: Zapdos|93/100
|-singleturn|p2a: Zapdos|move: Roost
|
|upkeep
|turn|27
|
|t:|1781118924
|move|p2a: Zapdos|Discharge|p1a: Pisces
|-supereffective|p1a: Pisces
|-damage|p1a: Pisces|37/100
|move|p1a: Pisces|Mirror Coat|p2a: Zapdos
|-damage|p2a: Zapdos|0 fnt
|faint|p2a: Zapdos
|
|upkeep
|
|t:|1781118928
|switch|p2a: Garganacl|Garganacl, F|93/100
|-damage|p2a: Garganacl|68/100|[from] Spikes
|turn|28
|
|t:|1781118932
|move|p1a: Pisces|Aqua Jet|p2a: Garganacl
|-supereffective|p2a: Garganacl
|-damage|p2a: Garganacl|52/100
|move|p2a: Garganacl|Recover|p2a: Garganacl
|-heal|p2a: Garganacl|100/100
|
|upkeep
|turn|29
|
|t:|1781118939
|move|p1a: Pisces|Flip Turn|p2a: Garganacl
|-supereffective|p2a: Garganacl
|-damage|p2a: Garganacl|80/100
|
|t:|1781118940
|switch|p1a: Khaos|Hoopa-Unbound|11/100|[from] Flip Turn
|-damage|p1a: Khaos|0 fnt|[from] Stealth Rock
|faint|p1a: Khaos
|move|p2a: Garganacl|Earthquake|p1: Khaos|[notarget]
|-fail|p2a: Garganacl
|
|-heal|p2a: Garganacl|86/100|[from] item: Leftovers
|upkeep
|
|t:|1781118946
|switch|p1a: Enten|Landorus-Therian, M, shiny|40/100
|-damage|p1a: Enten|28/100|[from] Stealth Rock
|-ability|p1a: Enten|Intimidate|boost
|-unboost|p2a: Garganacl|atk|1
|turn|30
|
|t:|1781118951
|-terastallize|p1a: Enten|Ground
|move|p1a: Enten|Earthquake|p2a: Garganacl
|-supereffective|p2a: Garganacl
|-damage|p2a: Garganacl|0 fnt
|faint|p2a: Garganacl
|
|win|th3r3d33m3r
|raw|th3r3d33m3r's rating: 1532 &rarr; <strong>1554</strong><br />(+22 for winning)
|raw|KurisuChestnutLab's rating: 1559 &rarr; <strong>1537</strong><br />(-22 for losing)
