|j|☆remove sun teams
|j|‽zeep vs zoop
|t:|1781215303
|gametype|singles
|player|p1|remove sun teams|miku-psychic|1737
|player|p2|zeep vs zoop|iris-gen5bw2|1698
|gen|9
|tier|[Gen 9] OU
|rated|
|rule|HP Percentage Mod: HP is shown in percentages
|rule|Endless Battle Clause: Forcing endless battles is banned
|rule|Species Clause: Limit one of each Pokémon
|rule|OHKO Clause: OHKO moves are banned
|rule|Evasion Items Clause: Evasion items are banned
|rule|Evasion Moves Clause: Evasion moves are banned
|rule|Evasion Abilities Clause: Evasion abilities are banned
|rule|Sleep Moves Clause: Sleep-inducing moves are banned
|clearpoke
|poke|p1|Hoopa-Unbound|
|poke|p1|Pecharunt|
|poke|p1|Landorus-Therian, M|
|poke|p1|Cinderace, M|
|poke|p1|Alomomola, M|
|poke|p1|Iron Valiant|
|poke|p2|Zamazenta-*|
|poke|p2|Kingambit, M|
|poke|p2|Dragapult, M|
|poke|p2|Zapdos|
|poke|p2|Volcanion|
|poke|p2|Iron Treads|
|teampreview
|c|☆remove sun teams|hf
|inactive|Battle timer is ON: inactive players will automatically lose when time's up. (requested by remove sun teams)
|inactive|zeep vs zoop has 120 seconds left.
|
|t:|1781215359
|teamsize|p1|6
|teamsize|p2|6
|start
|switch|p1a: Calamity|Iron Valiant, shiny|100/100
|switch|p2a: Dragapult|Dragapult, M|100/100
|turn|1
|
|t:|1781215372
|-terastallize|p2a: Dragapult|Ghost
|move|p2a: Dragapult|Shadow Ball|p1a: Calamity
|-damage|p1a: Calamity|0 fnt
|faint|p1a: Calamity
|-end|p1a: Calamity|Quark Drive|[silent]
|
|upkeep
|
|t:|1781215379
|switch|p1a: Khaos|Hoopa-Unbound|100/100
|turn|2
|
|t:|1781215401
|switch|p2a: Zapdos|Zapdos|100/100
|move|p1a: Khaos|Zen Headbutt|p2a: Zapdos
|-damage|p2a: Zapdos|44/100
|-status|p1a: Khaos|par|[from] ability: Static|[of] p2a: Zapdos
|
|upkeep
|turn|3
|
|t:|1781215416
|move|p2a: Zapdos|Roost|p2a: Zapdos
|-heal|p2a: Zapdos|94/100
|-singleturn|p2a: Zapdos|move: Roost
|cant|p1a: Khaos|par
|
|upkeep
|turn|4
|
|t:|1781215430
|switch|p1a: Enten|Landorus-Therian, M, shiny|100/100
|-ability|p1a: Enten|Intimidate|boost
|-unboost|p2a: Zapdos|atk|1
|move|p2a: Zapdos|Volt Switch|p1a: Enten
|-immune|p1a: Enten
|
|upkeep
|turn|5
|
|t:|1781215443
|move|p1a: Enten|Stone Edge|p2a: Zapdos|[miss]
|-miss|p1a: Enten|p2a: Zapdos
|move|p2a: Zapdos|Hurricane|p1a: Enten|[miss]
|-miss|p2a: Zapdos|p1a: Enten
|
|upkeep
|turn|6
|
|t:|1781215450
|switch|p1a: Pisces|Alomomola, M, shiny|100/100
|move|p2a: Zapdos|Hurricane|p1a: Pisces
|-damage|p1a: Pisces|74/100
|
|upkeep
|turn|7
|
|t:|1781215458
|switch|p2a: Volcanion|Volcanion|100/100
|switch|p1a: Enten|Landorus-Therian, M, shiny|100/100
|-ability|p1a: Enten|Intimidate|boost
|-unboost|p2a: Volcanion|atk|1
|
|upkeep
|turn|8
|
|t:|1781215471
|switch|p2a: Zapdos|Zapdos|94/100
|move|p1a: Enten|Stone Edge|p2a: Zapdos
|-supereffective|p2a: Zapdos
|-damage|p2a: Zapdos|43/100
|
|upkeep
|turn|9
|
|t:|1781215479
|switch|p2a: Iron Treads|Iron Treads|100/100
|move|p1a: Enten|Stone Edge|p2a: Iron Treads
|-resisted|p2a: Iron Treads
|-crit|p2a: Iron Treads
|-damage|p2a: Iron Treads|88/100
|
|-heal|p2a: Iron Treads|95/100|[from] item: Leftovers
|upkeep
|turn|10
|
|t:|1781215493
|switch|p1a: Pisces|Alomomola, M, shiny|100/100
|move|p2a: Iron Treads|Earthquake|p1a: Pisces
|-damage|p1a: Pisces|68/100
|
|-heal|p2a: Iron Treads|100/100|[from] item: Leftovers
|upkeep
|turn|11
|
|t:|1781215507
|-end|p2a: Iron Treads|Quark Drive|[silent]
|switch|p2a: Volcanion|Volcanion|100/100
|move|p1a: Pisces|Flip Turn|p2a: Volcanion
|-immune|p2a: Volcanion|[from] ability: Water Absorb
|
|upkeep
|turn|12
|
|t:|1781215521
|move|p2a: Volcanion|Will-O-Wisp|p1a: Pisces|[miss]
|-miss|p2a: Volcanion|p1a: Pisces
|move|p1a: Pisces|Mirror Coat||[still]
|-fail|p1a: Pisces
|
|upkeep
|turn|13
|
|t:|1781215534
|switch|p1a: Khaos|Hoopa-Unbound|100/100 par
|move|p2a: Volcanion|Will-O-Wisp||[still]
|-fail|p2a: Volcanion
|
|upkeep
|turn|14
|
|t:|1781215548
|switch|p2a: Iron Treads|Iron Treads|100/100
|move|p1a: Khaos|Knock Off|p2a: Iron Treads
|-damage|p2a: Iron Treads|17/100
|-enditem|p2a: Iron Treads|Leftovers|[from] move: Knock Off|[of] p1a: Khaos
|
|upkeep
|turn|15
|
|t:|1781215562
|switch|p1a: Pisces|Alomomola, M, shiny|100/100
|move|p2a: Iron Treads|Stealth Rock|p1a: Pisces
|-sidestart|p1: remove sun teams|move: Stealth Rock
|
|upkeep
|turn|16
|
|t:|1781215575
|-end|p2a: Iron Treads|Quark Drive|[silent]
|switch|p2a: Volcanion|Volcanion|100/100
|move|p1a: Pisces|Body Slam|p2a: Volcanion
|-damage|p2a: Volcanion|85/100
|-status|p2a: Volcanion|par
|
|upkeep
|turn|17
|
|t:|1781215590
|switch|p1a: Khaos|Hoopa-Unbound|100/100 par
|-damage|p1a: Khaos|88/100 par|[from] Stealth Rock
|move|p2a: Volcanion|Steam Eruption|p1a: Khaos
|-damage|p1a: Khaos|35/100 par
|
|upkeep
|turn|18
|
|t:|1781215604
|switch|p1a: Liberacy|Cinderace, M, shiny|100/100
|switch|p2a: Iron Treads|Iron Treads|17/100
|
|upkeep
|turn|19
|
|t:|1781215617
|move|p1a: Liberacy|Sucker Punch|p2a: Iron Treads
|-start|p1a: Liberacy|typechange|Dark|[from] ability: Libero
|-damage|p2a: Iron Treads|0 fnt
|faint|p2a: Iron Treads
|-end|p2a: Iron Treads|Quark Drive|[silent]
|
|upkeep
|
|t:|1781215623
|switch|p2a: Zamazenta|Zamazenta|100/100
|-ability|p2a: Zamazenta|Dauntless Shield|boost
|-boost|p2a: Zamazenta|def|1
|turn|20
|
|t:|1781215636
|switch|p1a: Overseer|Pecharunt|100/100
|move|p2a: Zamazenta|Substitute|p2a: Zamazenta
|-start|p2a: Zamazenta|Substitute
|-damage|p2a: Zamazenta|75/100
|
|-heal|p2a: Zamazenta|82/100|[from] item: Leftovers
|upkeep
|turn|21
|
|t:|1781215650
|move|p2a: Zamazenta|Crunch|p1a: Overseer
|-supereffective|p1a: Overseer
|-damage|p1a: Overseer|80/100
|move|p1a: Overseer|Malignant Chain|p2a: Zamazenta
|-activate|p2a: Zamazenta|move: Substitute|[damage]
|
|-heal|p2a: Zamazenta|88/100|[from] item: Leftovers
|upkeep
|turn|22
|
|t:|1781215664
|move|p2a: Zamazenta|Crunch|p1a: Overseer
|-supereffective|p1a: Overseer
|-damage|p1a: Overseer|59/100
|move|p1a: Overseer|Shadow Ball|p2a: Zamazenta
|-end|p2a: Zamazenta|Substitute
|
|-heal|p2a: Zamazenta|94/100|[from] item: Leftovers
|upkeep
|turn|23
|
|t:|1781215678
|move|p2a: Zamazenta|Substitute|p2a: Zamazenta
|-start|p2a: Zamazenta|Substitute
|-damage|p2a: Zamazenta|69/100
|move|p1a: Overseer|Recover|p1a: Overseer
|-heal|p1a: Overseer|100/100
|
|-heal|p2a: Zamazenta|75/100|[from] item: Leftovers
|upkeep
|turn|24
|
|t:|1781215691
|move|p2a: Zamazenta|Crunch|p1a: Overseer
|-supereffective|p1a: Overseer
|-damage|p1a: Overseer|79/100
|-unboost|p1a: Overseer|def|1
|move|p1a: Overseer|Malignant Chain|p2a: Zamazenta
|-activate|p2a: Zamazenta|move: Substitute|[damage]
|
|-heal|p2a: Zamazenta|81/100|[from] item: Leftovers
|upkeep
|turn|25
|
|t:|1781215705
|move|p2a: Zamazenta|Iron Defense|p2a: Zamazenta
|-boost|p2a: Zamazenta|def|2
|move|p1a: Overseer|Malignant Chain|p2a: Zamazenta
|-end|p2a: Zamazenta|Substitute
|
|-heal|p2a: Zamazenta|88/100|[from] item: Leftovers
|upkeep
|turn|26
|
|t:|1781215718
|move|p2a: Zamazenta|Substitute|p2a: Zamazenta
|-start|p2a: Zamazenta|Substitute
|-damage|p2a: Zamazenta|63/100
|move|p1a: Overseer|Shadow Ball|p2a: Zamazenta
|-activate|p2a: Zamazenta|move: Substitute|[damage]
|
|-heal|p2a: Zamazenta|69/100|[from] item: Leftovers
|upkeep
|turn|27
|
|t:|1781215725
|move|p2a: Zamazenta|Crunch|p1a: Overseer
|-supereffective|p1a: Overseer
|-damage|p1a: Overseer|49/100
|-unboost|p1a: Overseer|def|1
|move|p1a: Overseer|Recover|p1a: Overseer
|-heal|p1a: Overseer|99/100
|
|-heal|p2a: Zamazenta|75/100|[from] item: Leftovers
|upkeep
|turn|28
|
|t:|1781215732
|switch|p1a: Pisces|Alomomola, M, shiny|100/100
|-damage|p1a: Pisces|88/100|[from] Stealth Rock
|move|p2a: Zamazenta|Body Press|p1a: Pisces
|-damage|p1a: Pisces|27/100
|
|-heal|p2a: Zamazenta|81/100|[from] item: Leftovers
|upkeep
|turn|29
|
|t:|1781215740
|switch|p1a: Overseer|Pecharunt|99/100
|move|p2a: Zamazenta|Body Press|p1a: Overseer
|-immune|p1a: Overseer
|
|-heal|p2a: Zamazenta|87/100|[from] item: Leftovers
|upkeep
|turn|30
|
|t:|1781215746
|move|p2a: Zamazenta|Crunch|p1a: Overseer
|-supereffective|p1a: Overseer
|-damage|p1a: Overseer|79/100
|-unboost|p1a: Overseer|def|1
|move|p1a: Overseer|Malignant Chain|p2a: Zamazenta
|-end|p2a: Zamazenta|Substitute
|
|-heal|p2a: Zamazenta|94/100|[from] item: Leftovers
|upkeep
|turn|31
|
|t:|1781215754
|move|p2a: Zamazenta|Substitute|p2a: Zamazenta
|-start|p2a: Zamazenta|Substitute
|-damage|p2a: Zamazenta|69/100
|move|p1a: Overseer|Shadow Ball|p2a: Zamazenta
|-activate|p2a: Zamazenta|move: Substitute|[damage]
|
|-heal|p2a: Zamazenta|75/100|[from] item: Leftovers
|upkeep
|turn|32
|
|t:|1781215761
|move|p2a: Zamazenta|Crunch|p1a: Overseer
|-supereffective|p1a: Overseer
|-damage|p1a: Overseer|50/100
|-unboost|p1a: Overseer|def|1
|move|p1a: Overseer|Recover|p1a: Overseer
|-heal|p1a: Overseer|99/100
|
|-heal|p2a: Zamazenta|81/100|[from] item: Leftovers
|upkeep
|turn|33
|
|t:|1781215770
|move|p2a: Zamazenta|Iron Defense|p2a: Zamazenta
|-boost|p2a: Zamazenta|def|2
|move|p1a: Overseer|Malignant Chain|p2a: Zamazenta
|-end|p2a: Zamazenta|Substitute
|
|-heal|p2a: Zamazenta|87/100|[from] item: Leftovers
|upkeep
|turn|34
|
|t:|1781215777
|move|p2a: Zamazenta|Substitute|p2a: Zamazenta
|-start|p2a: Zamazenta|Substitute
|-damage|p2a: Zamazenta|62/100
|move|p1a: Overseer|Malignant Chain|p2a: Zamazenta
|-activate|p2a: Zamazenta|move: Substitute|[damage]
|
|-heal|p2a: Zamazenta|68/100|[from] item: Leftovers
|upkeep
|turn|35
|
|t:|1781215784
|move|p2a: Zamazenta|Crunch|p1a: Overseer
|-supereffective|p1a: Overseer
|-damage|p1a: Overseer|63/100
|move|p1a: Overseer|Parting Shot|p2a: Zamazenta
|-unboost|p2a: Zamazenta|atk|1
|-unboost|p2a: Zamazenta|spa|1
|
|t:|1781215791
|switch|p1a: Pisces|Alomomola, M, shiny|60/100|[from] Parting Shot
|-damage|p1a: Pisces|47/100|[from] Stealth Rock
|
|-heal|p2a: Zamazenta|74/100|[from] item: Leftovers
|upkeep
|turn|36
|
|t:|1781215798
|switch|p2a: Dragapult|Dragapult, M, tera:Ghost|100/100
|switch|p1a: Overseer|Pecharunt|63/100
|
|upkeep
|turn|37
|
|t:|1781215811
|switch|p1a: Khaos|Hoopa-Unbound|35/100 par
|-damage|p1a: Khaos|23/100 par|[from] Stealth Rock
|move|p2a: Dragapult|Shadow Ball|p1a: Khaos
|-damage|p1a: Khaos|0 fnt
|faint|p1a: Khaos
|
|upkeep
|
|t:|1781215825
|switch|p1a: Pisces|Alomomola, M, shiny|81/100
|-damage|p1a: Pisces|68/100|[from] Stealth Rock
|turn|38
|
|t:|1781215839
|switch|p2a: Volcanion|Volcanion|85/100 par
|move|p1a: Pisces|Mirror Coat||[still]
|-fail|p1a: Pisces
|
|upkeep
|turn|39
|
|t:|1781215853
|move|p2a: Volcanion|Will-O-Wisp|p1a: Pisces
|-status|p1a: Pisces|brn
|move|p1a: Pisces|Mirror Coat||[still]
|-fail|p1a: Pisces
|
|-damage|p1a: Pisces|62/100 brn|[from] brn
|upkeep
|turn|40
|
|t:|1781215866
|switch|p2a: Zapdos|Zapdos|43/100
|move|p1a: Pisces|Mirror Coat||[still]
|-fail|p1a: Pisces
|
|-damage|p1a: Pisces|56/100 brn|[from] brn
|upkeep
|turn|41
|
|t:|1781215873
|move|p2a: Zapdos|Roost|p2a: Zapdos
|-heal|p2a: Zapdos|93/100
|-singleturn|p2a: Zapdos|move: Roost
|move|p1a: Pisces|Flip Turn|p2a: Zapdos
|-damage|p2a: Zapdos|87/100
|
|t:|1781215880
|switch|p1a: Liberacy|Cinderace, M, shiny|100/100|[from] Flip Turn
|
|upkeep
|turn|42
|
|t:|1781215890
|move|p1a: Liberacy|Court Change|p1a: Liberacy
|-start|p1a: Liberacy|typechange|Normal|[from] ability: Libero
|-swapsideconditions
|-activate|p1a: Liberacy|move: Court Change
|move|p2a: Zapdos|Volt Switch|p1a: Liberacy
|-damage|p1a: Liberacy|62/100
|
|t:|1781215894
|switch|p2a: Volcanion|Volcanion|85/100 par|[from] Volt Switch
|
|upkeep
|turn|43
|
|t:|1781215907
|move|p1a: Liberacy|U-turn|p2a: Volcanion
|-resisted|p2a: Volcanion
|-damage|p2a: Volcanion|75/100 par
|
|t:|1781215921
|switch|p1a: Pisces|Alomomola, M, shiny|89/100 brn|[from] U-turn
|move|p2a: Volcanion|Steam Eruption|p1a: Pisces
|-resisted|p1a: Pisces
|-damage|p1a: Pisces|71/100 brn
|
|-damage|p1a: Pisces|65/100 brn|[from] brn
|upkeep
|turn|44
|
|t:|1781215935
|cant|p2a: Volcanion|par
|move|p1a: Pisces|Mirror Coat||[still]
|-fail|p1a: Pisces
|
|-damage|p1a: Pisces|59/100 brn|[from] brn
|upkeep
|turn|45
|
|t:|1781215949
|switch|p2a: Zapdos|Zapdos|87/100
|move|p1a: Pisces|Mirror Coat||[still]
|-fail|p1a: Pisces
|
|-damage|p1a: Pisces|52/100 brn|[from] brn
|upkeep
|turn|46
|
|t:|1781215956
|switch|p1a: Enten|Landorus-Therian, M, shiny|100/100
|-ability|p1a: Enten|Intimidate|boost
|-unboost|p2a: Zapdos|atk|1
|move|p2a: Zapdos|Volt Switch|p1a: Enten
|-immune|p1a: Enten
|
|upkeep
|turn|47
|
|t:|1781215963
|move|p1a: Enten|U-turn|p2a: Zapdos
|-resisted|p2a: Zapdos
|-damage|p2a: Zapdos|78/100
|
|t:|1781215970
|switch|p1a: Pisces|Alomomola, M, shiny|86/100 brn|[from] U-turn
|move|p2a: Zapdos|Roost|p2a: Zapdos
|-heal|p2a: Zapdos|100/100
|-singleturn|p2a: Zapdos|move: Roost
|
|-damage|p1a: Pisces|79/100 brn|[from] brn
|upkeep
|turn|48
|
|t:|1781215977
|switch|p1a: Enten|Landorus-Therian, M, shiny|100/100
|-ability|p1a: Enten|Intimidate|boost
|-unboost|p2a: Zapdos|atk|1
|move|p2a: Zapdos|Volt Switch|p1a: Enten
|-immune|p1a: Enten
|
|upkeep
|turn|49
|
|t:|1781215984
|move|p1a: Enten|Stone Edge|p2a: Zapdos
|-supereffective|p2a: Zapdos
|-damage|p2a: Zapdos|48/100
|move|p2a: Zapdos|Roost|p2a: Zapdos
|-heal|p2a: Zapdos|98/100
|-singleturn|p2a: Zapdos|move: Roost
|
|upkeep
|turn|50
|
|t:|1781215991
|move|p1a: Enten|Stone Edge|p2a: Zapdos
|-supereffective|p2a: Zapdos
|-damage|p2a: Zapdos|43/100
|move|p2a: Zapdos|Hurricane|p1a: Enten
|-damage|p1a: Enten|34/100
|
|upkeep
|turn|51
|
|t:|1781215998
|switch|p2a: Kingambit|Kingambit, M|100/100
|-damage|p2a: Kingambit|94/100|[from] Stealth Rock
|-activate|p2a: Kingambit|ability: Supreme Overlord
|-start|p2a: Kingambit|fallen1|[silent]
|move|p1a: Enten|Stone Edge|p2a: Kingambit
|-resisted|p2a: Kingambit
|-damage|p2a: Kingambit|79/100
|
|-heal|p2a: Kingambit|86/100|[from] item: Leftovers
|upkeep
|turn|52
|
|t:|1781216014
|switch|p1a: Overseer|Pecharunt|63/100
|move|p2a: Kingambit|Kowtow Cleave|p1a: Overseer
|-supereffective|p1a: Overseer
|-damage|p1a: Overseer|9/100
|
|-heal|p2a: Kingambit|92/100|[from] item: Leftovers
|upkeep
|turn|53
|
|t:|1781216030
|move|p1a: Overseer|Parting Shot|p2a: Kingambit
|-unboost|p2a: Kingambit|atk|1
|-unboost|p2a: Kingambit|spa|1
|
|t:|1781216043
|switch|p1a: Enten|Landorus-Therian, M, shiny|34/100|[from] Parting Shot
|-ability|p1a: Enten|Intimidate|boost
|-unboost|p2a: Kingambit|atk|1
|move|p2a: Kingambit|Kowtow Cleave|p1a: Enten
|-damage|p1a: Enten|2/100
|
|-heal|p2a: Kingambit|98/100|[from] item: Leftovers
|upkeep
|turn|54
|inactive|remove sun teams has 120 seconds left.
|
|t:|1781216059
|-end|p2a: Kingambit|fallen1|[silent]
|switch|p2a: Volcanion|Volcanion|75/100 par
|move|p1a: Enten|Earthquake|p2a: Volcanion
|-supereffective|p2a: Volcanion
|-damage|p2a: Volcanion|0 fnt
|faint|p2a: Volcanion
|
|upkeep
|
|t:|1781216062
|switch|p2a: Zapdos|Zapdos|43/100
|turn|55
|
|t:|1781216069
|switch|p1a: Pisces|Alomomola, M, shiny|100/100 brn
|move|p2a: Zapdos|Roost|p2a: Zapdos
|-heal|p2a: Zapdos|93/100
|-singleturn|p2a: Zapdos|move: Roost
|
|-damage|p1a: Pisces|94/100 brn|[from] brn
|upkeep
|turn|56
|
|t:|1781216076
|move|p2a: Zapdos|Hurricane|p1a: Pisces
|-damage|p1a: Pisces|68/100 brn
|-start|p1a: Pisces|confusion
|-activate|p1a: Pisces|confusion
|move|p1a: Pisces|Body Slam|p2a: Zapdos
|-damage|p2a: Zapdos|87/100
|
|-damage|p1a: Pisces|62/100 brn|[from] brn
|upkeep
|turn|57
|
|t:|1781216083
|switch|p1a: Enten|Landorus-Therian, M, shiny|2/100
|-ability|p1a: Enten|Intimidate|boost
|-unboost|p2a: Zapdos|atk|1
|move|p2a: Zapdos|Volt Switch|p1a: Enten
|-immune|p1a: Enten
|
|upkeep
|turn|58
|
|t:|1781216090
|move|p1a: Enten|Earthquake|p2a: Zapdos
|-immune|p2a: Zapdos
|move|p2a: Zapdos|Roost|p2a: Zapdos
|-heal|p2a: Zapdos|100/100
|-singleturn|p2a: Zapdos|move: Roost
|
|upkeep
|turn|59
|
|t:|1781216097
|move|p1a: Enten|Earthquake|p2a: Zapdos
|-immune|p2a: Zapdos
|move|p2a: Zapdos|Volt Switch|p1a: Enten
|-immune|p1a: Enten
|
|upkeep
|turn|60
|
|t:|1781216103
|switch|p1a: Pisces|Alomomola, M, shiny|95/100 brn
|move|p2a: Zapdos|Volt Switch|p1a: Pisces
|-supereffective|p1a: Pisces
|-damage|p1a: Pisces|66/100 brn
|
|t:|1781216108
|switch|p2a: Zamazenta|Zamazenta|74/100|[from] Volt Switch
|-damage|p2a: Zamazenta|68/100|[from] Stealth Rock
|
|-heal|p2a: Zamazenta|74/100|[from] item: Leftovers
|-damage|p1a: Pisces|60/100 brn|[from] brn
|upkeep
|turn|61
|
|t:|1781216115
|move|p2a: Zamazenta|Substitute|p2a: Zamazenta
|-start|p2a: Zamazenta|Substitute
|-damage|p2a: Zamazenta|49/100
|move|p1a: Pisces|Body Slam|p2a: Zamazenta
|-activate|p2a: Zamazenta|move: Substitute|[damage]
|
|-heal|p2a: Zamazenta|56/100|[from] item: Leftovers
|-damage|p1a: Pisces|54/100 brn|[from] brn
|upkeep
|turn|62
|
|t:|1781216122
|move|p2a: Zamazenta|Iron Defense|p2a: Zamazenta
|-boost|p2a: Zamazenta|def|2
|move|p1a: Pisces|Flip Turn|p2a: Zamazenta
|-activate|p2a: Zamazenta|move: Substitute|[damage]
|
|t:|1781216129
|switch|p1a: Enten|Landorus-Therian, M, shiny|2/100|[from] Flip Turn
|-ability|p1a: Enten|Intimidate|boost
|-immune|p2a: Zamazenta
|
|-heal|p2a: Zamazenta|62/100|[from] item: Leftovers
|upkeep
|turn|63
|
|t:|1781216136
|move|p1a: Enten|U-turn|p2a: Zamazenta
|-resisted|p2a: Zamazenta
|-activate|p2a: Zamazenta|move: Substitute|[damage]
|
|t:|1781216143
|switch|p1a: Overseer|Pecharunt|9/100|[from] U-turn
|move|p2a: Zamazenta|Crunch|p1a: Overseer
|-supereffective|p1a: Overseer
|-damage|p1a: Overseer|0 fnt
|faint|p1a: Overseer
|
|-heal|p2a: Zamazenta|68/100|[from] item: Leftovers
|upkeep
|
|t:|1781216150
|switch|p1a: Pisces|Alomomola, M, shiny|87/100 brn
|turn|64
|
|t:|1781216159
|move|p2a: Zamazenta|Body Press|p1a: Pisces
|-damage|p1a: Pisces|36/100 brn
|move|p1a: Pisces|Flip Turn|p2a: Zamazenta
|-activate|p2a: Zamazenta|move: Substitute|[damage]
|
|t:|1781216166
|switch|p1a: Enten|Landorus-Therian, M, shiny|2/100|[from] Flip Turn
|-ability|p1a: Enten|Intimidate|boost
|-immune|p2a: Zamazenta
|
|-heal|p2a: Zamazenta|74/100|[from] item: Leftovers
|upkeep
|turn|65
|
|t:|1781216173
|move|p1a: Enten|U-turn|p2a: Zamazenta
|-resisted|p2a: Zamazenta
|-activate|p2a: Zamazenta|move: Substitute|[damage]
|
|t:|1781216180
|switch|p1a: Pisces|Alomomola, M, shiny|69/100 brn|[from] U-turn
|move|p2a: Zamazenta|Substitute|p2a: Zamazenta
|-fail|p2a: Zamazenta|move: Substitute
|
|-heal|p2a: Zamazenta|80/100|[from] item: Leftovers
|-damage|p1a: Pisces|63/100 brn|[from] brn
|upkeep
|turn|66
|
|t:|1781216188
|move|p2a: Zamazenta|Body Press|p1a: Pisces
|-damage|p1a: Pisces|15/100 brn
|move|p1a: Pisces|Body Slam|p2a: Zamazenta
|-activate|p2a: Zamazenta|move: Substitute|[damage]
|
|-heal|p2a: Zamazenta|87/100|[from] item: Leftovers
|-damage|p1a: Pisces|9/100 brn|[from] brn
|upkeep
|turn|67
|j| Iggy Sent Me
|
|t:|1781216195
|move|p2a: Zamazenta|Body Press|p1a: Pisces
|-damage|p1a: Pisces|0 fnt
|faint|p1a: Pisces
|
|-heal|p2a: Zamazenta|93/100|[from] item: Leftovers
|upkeep
|
|t:|1781216201
|switch|p1a: Liberacy|Cinderace, M, shiny|62/100
|turn|68
|
|t:|1781216208
|-terastallize|p1a: Liberacy|Fire
|move|p2a: Zamazenta|Body Press|p1a: Liberacy
|-damage|p1a: Liberacy|0 fnt
|faint|p1a: Liberacy
|
|-heal|p2a: Zamazenta|99/100|[from] item: Leftovers
|upkeep
|
|t:|1781216212
|switch|p1a: Enten|Landorus-Therian, M, shiny|2/100
|-ability|p1a: Enten|Intimidate|boost
|-immune|p2a: Zamazenta
|turn|69
|
|t:|1781216215
|move|p1a: Enten|U-turn|p2a: Zamazenta
|-resisted|p2a: Zamazenta
|-end|p2a: Zamazenta|Substitute
|move|p2a: Zamazenta|Substitute|p2a: Zamazenta
|-start|p2a: Zamazenta|Substitute
|-damage|p2a: Zamazenta|74/100
|
|-heal|p2a: Zamazenta|80/100|[from] item: Leftovers
|upkeep
|turn|70
|
|t:|1781216218
|move|p1a: Enten|U-turn|p2a: Zamazenta
|-resisted|p2a: Zamazenta
|-activate|p2a: Zamazenta|move: Substitute|[damage]
|move|p2a: Zamazenta|Iron Defense|p2a: Zamazenta
|-boost|p2a: Zamazenta|def|2
|
|-heal|p2a: Zamazenta|86/100|[from] item: Leftovers
|upkeep
|turn|71
|
|t:|1781216222
|move|p1a: Enten|U-turn|p2a: Zamazenta
|-resisted|p2a: Zamazenta
|-activate|p2a: Zamazenta|move: Substitute|[damage]
|move|p2a: Zamazenta|Iron Defense|p2a: Zamazenta
|-boost|p2a: Zamazenta|def|2
|
|-heal|p2a: Zamazenta|93/100|[from] item: Leftovers
|upkeep
|turn|72
|
|t:|1781216225
|move|p1a: Enten|U-turn|p2a: Zamazenta
|-resisted|p2a: Zamazenta
|-activate|p2a: Zamazenta|move: Substitute|[damage]
|move|p2a: Zamazenta|Iron Defense|p2a: Zamazenta
|-boost|p2a: Zamazenta|def|0
|
|-heal|p2a: Zamazenta|99/100|[from] item: Leftovers
|upkeep
|turn|73
|
|t:|1781216228
|move|p1a: Enten|U-turn|p2a: Zamazenta
|-resisted|p2a: Zamazenta
|-activate|p2a: Zamazenta|move: Substitute|[damage]
|move|p2a: Zamazenta|Iron Defense|p2a: Zamazenta
|-boost|p2a: Zamazenta|def|0
|
|-heal|p2a: Zamazenta|100/100|[from] item: Leftovers
|upkeep
|turn|74
|
|t:|1781216231
|move|p1a: Enten|U-turn|p2a: Zamazenta
|-resisted|p2a: Zamazenta
|-activate|p2a: Zamazenta|move: Substitute|[damage]
|move|p2a: Zamazenta|Iron Defense|p2a: Zamazenta
|-boost|p2a: Zamazenta|def|0
|
|upkeep
|turn|75
|
|t:|1781216234
|move|p1a: Enten|U-turn|p2a: Zamazenta
|-resisted|p2a: Zamazenta
|-activate|p2a: Zamazenta|move: Substitute|[damage]
|move|p2a: Zamazenta|Iron Defense|p2a: Zamazenta
|-boost|p2a: Zamazenta|def|0
|
|upkeep
|turn|76
|
|t:|1781216238
|move|p1a: Enten|U-turn|p2a: Zamazenta
|-resisted|p2a: Zamazenta
|-activate|p2a: Zamazenta|move: Substitute|[damage]
|move|p2a: Zamazenta|Iron Defense|p2a: Zamazenta
|-boost|p2a: Zamazenta|def|0
|
|upkeep
|turn|77
|
|t:|1781216241
|move|p1a: Enten|U-turn|p2a: Zamazenta
|-resisted|p2a: Zamazenta
|-activate|p2a: Zamazenta|move: Substitute|[damage]
|move|p2a: Zamazenta|Iron Defense|p2a: Zamazenta
|-boost|p2a: Zamazenta|def|0
|
|upkeep
|turn|78
|
|t:|1781216244
|move|p1a: Enten|U-turn|p2a: Zamazenta
|-resisted|p2a: Zamazenta
|-activate|p2a: Zamazenta|move: Substitute|[damage]
|move|p2a: Zamazenta|Iron Defense|p2a: Zamazenta
|-boost|p2a: Zamazenta|def|0
|
|upkeep
|turn|79
|
|t:|1781216264
|move|p1a: Enten|U-turn|p2a: Zamazenta
|-resisted|p2a: Zamazenta
|-end|p2a: Zamazenta|Substitute
|move|p2a: Zamazenta|Iron Defense|p2a: Zamazenta
|-boost|p2a: Zamazenta|def|0
|
|upkeep
|turn|80
|
|t:|1781216268
|move|p1a: Enten|U-turn|p2a: Zamazenta
|-resisted|p2a: Zamazenta
|-damage|p2a: Zamazenta|98/100
|move|p2a: Zamazenta|Substitute|p2a: Zamazenta
|-start|p2a: Zamazenta|Substitute
|-damage|p2a: Zamazenta|73/100
|
|-heal|p2a: Zamazenta|80/100|[from] item: Leftovers
|upkeep
|turn|81
|
|t:|1781216274
|move|p1a: Enten|U-turn|p2a: Zamazenta
|-resisted|p2a: Zamazenta
|-activate|p2a: Zamazenta|move: Substitute|[damage]
|move|p2a: Zamazenta|Iron Defense|p2a: Zamazenta
|-boost|p2a: Zamazenta|def|0
|
|-heal|p2a: Zamazenta|86/100|[from] item: Leftovers
|upkeep
|turn|82
|
|t:|1781216277
|move|p1a: Enten|U-turn|p2a: Zamazenta
|-resisted|p2a: Zamazenta
|-activate|p2a: Zamazenta|move: Substitute|[damage]
|move|p2a: Zamazenta|Iron Defense|p2a: Zamazenta
|-boost|p2a: Zamazenta|def|0
|
|-heal|p2a: Zamazenta|92/100|[from] item: Leftovers
|upkeep
|turn|83
|
|t:|1781216281
|move|p1a: Enten|U-turn|p2a: Zamazenta
|-resisted|p2a: Zamazenta
|-activate|p2a: Zamazenta|move: Substitute|[damage]
|move|p2a: Zamazenta|Iron Defense|p2a: Zamazenta
|-boost|p2a: Zamazenta|def|0
|
|-heal|p2a: Zamazenta|98/100|[from] item: Leftovers
|upkeep
|turn|84
|
|t:|1781216284
|move|p1a: Enten|U-turn|p2a: Zamazenta
|-resisted|p2a: Zamazenta
|-activate|p2a: Zamazenta|move: Substitute|[damage]
|move|p2a: Zamazenta|Substitute|p2a: Zamazenta
|-fail|p2a: Zamazenta|move: Substitute
|
|-heal|p2a: Zamazenta|100/100|[from] item: Leftovers
|upkeep
|turn|85
|
|t:|1781216288
|move|p1a: Enten|U-turn|p2a: Zamazenta
|-resisted|p2a: Zamazenta
|-activate|p2a: Zamazenta|move: Substitute|[damage]
|move|p2a: Zamazenta|Substitute|p2a: Zamazenta
|-fail|p2a: Zamazenta|move: Substitute
|
|upkeep
|turn|86
|
|t:|1781216291
|move|p1a: Enten|U-turn|p2a: Zamazenta
|-resisted|p2a: Zamazenta
|-activate|p2a: Zamazenta|move: Substitute|[damage]
|move|p2a: Zamazenta|Substitute|p2a: Zamazenta
|-fail|p2a: Zamazenta|move: Substitute
|
|upkeep
|turn|87
|
|t:|1781216294
|switch|p2a: Zapdos|Zapdos|100/100
|move|p1a: Enten|U-turn|p2a: Zapdos
|-resisted|p2a: Zapdos
|-damage|p2a: Zapdos|91/100
|
|upkeep
|turn|88
|
|t:|1781216300
|move|p1a: Enten|U-turn|p2a: Zapdos
|-resisted|p2a: Zapdos
|-damage|p2a: Zapdos|81/100
|-status|p1a: Enten|par|[from] ability: Static|[of] p2a: Zapdos
|move|p2a: Zapdos|Roost|p2a: Zapdos
|-heal|p2a: Zapdos|100/100
|-singleturn|p2a: Zapdos|move: Roost
|
|upkeep
|turn|89
|
|t:|1781216305
|switch|p2a: Zamazenta|Zamazenta|100/100
|-damage|p2a: Zamazenta|94/100|[from] Stealth Rock
|move|p1a: Enten|U-turn|p2a: Zamazenta
|-resisted|p2a: Zamazenta
|-damage|p2a: Zamazenta|84/100
|
|-heal|p2a: Zamazenta|90/100|[from] item: Leftovers
|upkeep
|turn|90
|
|t:|1781216308
|move|p2a: Zamazenta|Iron Defense|p2a: Zamazenta
|-boost|p2a: Zamazenta|def|2
|cant|p1a: Enten|par
|
|-heal|p2a: Zamazenta|96/100|[from] item: Leftovers
|upkeep
|turn|91
|
|t:|1781216311
|switch|p2a: Zapdos|Zapdos|100/100
|move|p1a: Enten|U-turn|p2a: Zapdos
|-resisted|p2a: Zapdos
|-damage|p2a: Zapdos|92/100
|
|upkeep
|turn|92
|
|t:|1781216316
|switch|p2a: Zamazenta|Zamazenta|96/100
|-damage|p2a: Zamazenta|90/100|[from] Stealth Rock
|move|p1a: Enten|U-turn|p2a: Zamazenta
|-resisted|p2a: Zamazenta
|-damage|p2a: Zamazenta|81/100
|
|-heal|p2a: Zamazenta|87/100|[from] item: Leftovers
|upkeep
|turn|93
|
|t:|1781216319
|switch|p2a: Zapdos|Zapdos|92/100
|move|p1a: Enten|U-turn|p2a: Zapdos
|-resisted|p2a: Zapdos
|-damage|p2a: Zapdos|83/100
|
|upkeep
|turn|94
|
|t:|1781216324
|switch|p2a: Zamazenta|Zamazenta|87/100
|-damage|p2a: Zamazenta|81/100|[from] Stealth Rock
|move|p1a: Enten|U-turn|p2a: Zamazenta
|-resisted|p2a: Zamazenta
|-damage|p2a: Zamazenta|71/100
|
|-heal|p2a: Zamazenta|78/100|[from] item: Leftovers
|upkeep
|turn|95
|
|t:|1781216329
|switch|p2a: Zapdos|Zapdos|83/100
|move|p1a: Enten|U-turn|p2a: Zapdos
|-resisted|p2a: Zapdos
|-damage|p2a: Zapdos|74/100
|
|upkeep
|turn|96
|
|t:|1781216334
|switch|p2a: Zamazenta|Zamazenta|78/100
|-damage|p2a: Zamazenta|71/100|[from] Stealth Rock
|move|p1a: Enten|U-turn|p2a: Zamazenta
|-resisted|p2a: Zamazenta
|-damage|p2a: Zamazenta|61/100
|
|-heal|p2a: Zamazenta|68/100|[from] item: Leftovers
|upkeep
|turn|97
|
|t:|1781216337
|switch|p2a: Zapdos|Zapdos|74/100
|move|p1a: Enten|U-turn|p2a: Zapdos
|-resisted|p2a: Zapdos
|-damage|p2a: Zapdos|65/100
|
|upkeep
|turn|98
|
|t:|1781216344
|move|p2a: Zapdos|Roost|p2a: Zapdos
|-heal|p2a: Zapdos|100/100
|-singleturn|p2a: Zapdos|move: Roost
|move|p1a: Enten|U-turn|p2a: Zapdos
|-damage|p2a: Zapdos|80/100
|
|upkeep
|turn|99
|
|t:|1781216349
|move|p2a: Zapdos|Volt Switch|p1a: Enten
|-immune|p1a: Enten
|-activate|p1a: Enten|move: Struggle
|move|p1a: Enten|Struggle|p2a: Zapdos
|-damage|p2a: Zapdos|67/100
|-damage|p1a: Enten|0 fnt|[from] recoil
|faint|p1a: Enten
|
|win|zeep vs zoop
|raw|remove sun teams's rating: 1737 &rarr; <strong>1715</strong><br />(-22 for losing)
|raw|zeep vs zoop's rating: 1698 &rarr; <strong>1720</strong><br />(+22 for winning)
|c|☆remove sun teams|gg
|l|‽zeep vs zoop
|player|p2|
