|j|☆meio_potato
|j|☆Frobisher bay
|t:|1781110137
|gametype|singles
|player|p1|meio_potato|hilda-wonderlauncher|1532
|player|p2|Frobisher bay|skierf|1569
|gen|9
|tier|[Gen 9] OU
|rated|
|rule|HP Percentage Mod: HP is shown in percentages
|rule|Endless Battle Clause: Forcing endless battles is banned
|rule|Species Clause: Limit one of each Pokémon
|rule|OHKO Clause: OHKO moves are banned
|rule|Evasion Items Clause: Evasion items are banned
|rule|Evasion Moves Clause: Evasion moves are banned
|rule|Evasion Abilities Clause: Evasion abilities are banned
|rule|Sleep Moves Clause: Sleep-inducing moves are banned
|clearpoke
|poke|p1|Latias, F|
|poke|p1|Polteageist|
|poke|p1|Zamazenta-*|
|poke|p1|Kingambit, M|
|poke|p1|Ogerpon-Wellspring, F|
|poke|p1|Iron Moth|
|poke|p2|Samurott-Hisui, F|
|poke|p2|Gholdengo|
|poke|p2|Dragonite, F|
|poke|p2|Clefable, F|
|poke|p2|Zamazenta-*|
|poke|p2|Ting-Lu|
|teampreview
|inactive|Battle timer is ON: inactive players will automatically lose when time's up. (requested by Frobisher bay)
|inactive|meio_potato also wants the timer to be on.
|
|t:|1781110147
|teamsize|p1|6
|teamsize|p2|6
|start
|switch|p1a: Ogerpon|Ogerpon-Wellspring, F|100/100
|switch|p2a: Razorblades|Samurott-Hisui, F|100/100
|turn|1
|
|t:|1781110153
|switch|p2a: Extreme Speed|Dragonite, F|100/100
|move|p1a: Ogerpon|Horn Leech|p2a: Extreme Speed
|-resisted|p2a: Extreme Speed
|-damage|p2a: Extreme Speed|96/100
|
|upkeep
|turn|2
|
|t:|1781110158
|move|p1a: Ogerpon|Knock Off|p2a: Extreme Speed
|-damage|p2a: Extreme Speed|59/100
|-enditem|p2a: Extreme Speed|Heavy-Duty Boots|[from] move: Knock Off|[of] p1a: Ogerpon
|move|p2a: Extreme Speed|Ice Spinner|p1a: Ogerpon
|-damage|p1a: Ogerpon|63/100
|
|upkeep
|turn|3
|
|t:|1781110166
|move|p1a: Ogerpon|Ivy Cudgel|p2a: Extreme Speed|[anim] Ivy Cudgel Water
|-resisted|p2a: Extreme Speed
|-damage|p2a: Extreme Speed|31/100
|move|p2a: Extreme Speed|Roost|p2a: Extreme Speed
|-heal|p2a: Extreme Speed|81/100
|-singleturn|p2a: Extreme Speed|move: Roost
|
|upkeep
|turn|4
|
|t:|1781110170
|move|p1a: Ogerpon|Swords Dance|p1a: Ogerpon
|-boost|p1a: Ogerpon|atk|2
|move|p2a: Extreme Speed|Roost|p2a: Extreme Speed
|-heal|p2a: Extreme Speed|100/100
|-singleturn|p2a: Extreme Speed|move: Roost
|
|upkeep
|turn|5
|
|t:|1781110172
|move|p1a: Ogerpon|Ivy Cudgel|p2a: Extreme Speed|[anim] Ivy Cudgel Water
|-resisted|p2a: Extreme Speed
|-damage|p2a: Extreme Speed|71/100
|move|p2a: Extreme Speed|Ice Spinner|p1a: Ogerpon
|-damage|p1a: Ogerpon|24/100
|
|upkeep
|turn|6
|
|t:|1781110175
|move|p2a: Extreme Speed|Extreme Speed|p1a: Ogerpon
|-damage|p1a: Ogerpon|0 fnt
|faint|p1a: Ogerpon
|
|upkeep
|
|t:|1781110181
|switch|p1a: Polteageist|Polteageist|100/100
|turn|7
|
|t:|1781110184
|switch|p2a: Felt Like Dirt|Ting-Lu|100/100
|-ability|p2a: Felt Like Dirt|Vessel of Ruin
|move|p1a: Polteageist|Shell Smash|p1a: Polteageist
|-unboost|p1a: Polteageist|def|1
|-unboost|p1a: Polteageist|spd|1
|-boost|p1a: Polteageist|atk|2
|-boost|p1a: Polteageist|spa|2
|-boost|p1a: Polteageist|spe|2
|
|upkeep
|turn|8
|
|t:|1781110201
|move|p1a: Polteageist|Giga Drain|p2a: Felt Like Dirt
|-supereffective|p2a: Felt Like Dirt
|-damage|p2a: Felt Like Dirt|50/100
|move|p2a: Felt Like Dirt|Earthquake|p1a: Polteageist
|-damage|p1a: Polteageist|4/100
|-ability|p1a: Polteageist|Weak Armor|boost
|-unboost|p1a: Polteageist|def|1
|-boost|p1a: Polteageist|spe|2
|
|-heal|p2a: Felt Like Dirt|56/100|[from] item: Leftovers
|upkeep
|turn|9
|
|t:|1781110213
|move|p1a: Polteageist|Giga Drain|p2a: Felt Like Dirt
|-supereffective|p2a: Felt Like Dirt
|-damage|p2a: Felt Like Dirt|6/100
|-heal|p1a: Polteageist|53/100|[from] drain|[of] p2a: Felt Like Dirt
|move|p2a: Felt Like Dirt|Earthquake|p1a: Polteageist
|-damage|p1a: Polteageist|0 fnt
|faint|p1a: Polteageist
|
|-heal|p2a: Felt Like Dirt|12/100|[from] item: Leftovers
|upkeep
|
|t:|1781110220
|switch|p1a: Iron Moth|Iron Moth|100/100
|turn|10
|
|t:|1781110224
|move|p1a: Iron Moth|Fiery Dance|p2a: Felt Like Dirt
|-damage|p2a: Felt Like Dirt|0 fnt
|-boost|p1a: Iron Moth|spa|1
|faint|p2a: Felt Like Dirt
|
|upkeep
|
|t:|1781110226
|switch|p2a: Extreme Speed|Dragonite, F|71/100
|turn|11
|
|t:|1781110228
|move|p2a: Extreme Speed|Extreme Speed|p1a: Iron Moth
|-damage|p1a: Iron Moth|59/100
|move|p1a: Iron Moth|Dazzling Gleam|p2a: Extreme Speed
|-supereffective|p2a: Extreme Speed
|-damage|p2a: Extreme Speed|5/100
|
|upkeep
|turn|12
|
|t:|1781110238
|move|p2a: Extreme Speed|Extreme Speed|p1a: Iron Moth
|-crit|p1a: Iron Moth
|-damage|p1a: Iron Moth|0 fnt
|faint|p1a: Iron Moth
|-end|p1a: Iron Moth|Quark Drive|[silent]
|
|upkeep
|
|t:|1781110247
|switch|p1a: Zamazenta|Zamazenta|100/100
|-ability|p1a: Zamazenta|Dauntless Shield|boost
|-boost|p1a: Zamazenta|def|1
|turn|13
|
|t:|1781110253
|switch|p2a: One-Winged Angel|Clefable, F|100/100
|move|p1a: Zamazenta|Roar|p2a: One-Winged Angel
|drag|p2a: Extreme Speed|Dragonite, F|5/100
|
|upkeep
|turn|14
|
|t:|1781110257
|switch|p2a: One-Winged Angel|Clefable, F|100/100
|move|p1a: Zamazenta|Crunch|p2a: One-Winged Angel
|-resisted|p2a: One-Winged Angel
|-damage|p2a: One-Winged Angel|91/100
|-unboost|p2a: One-Winged Angel|def|1
|
|-heal|p2a: One-Winged Angel|97/100|[from] item: Leftovers
|upkeep
|turn|15
|
|t:|1781110260
|switch|p1a: Kingambit|Kingambit, M|100/100
|move|p2a: One-Winged Angel|Moonblast|p1a: Kingambit
|-damage|p1a: Kingambit|76/100
|-unboost|p1a: Kingambit|spa|1
|-ability|p1a: Kingambit|Defiant|boost
|-boost|p1a: Kingambit|atk|2
|
|-heal|p2a: One-Winged Angel|100/100|[from] item: Leftovers
|upkeep
|turn|16
|
|t:|1781110264
|switch|p2a: Extreme Speed|Dragonite, F|5/100
|move|p1a: Kingambit|Iron Head|p2a: Extreme Speed
|-damage|p2a: Extreme Speed|0 fnt
|faint|p2a: Extreme Speed
|
|upkeep
|
|t:|1781110265
|switch|p2a: Battle-Hardened|Zamazenta|100/100
|-ability|p2a: Battle-Hardened|Dauntless Shield|boost
|-boost|p2a: Battle-Hardened|def|1
|turn|17
|
|t:|1781110271
|-terastallize|p1a: Kingambit|Ghost
|move|p2a: Battle-Hardened|Close Combat|p1a: Kingambit
|-immune|p1a: Kingambit
|move|p1a: Kingambit|Iron Head|p2a: Battle-Hardened
|-damage|p2a: Battle-Hardened|44/100
|
|upkeep
|turn|18
|
|t:|1781110275
|move|p2a: Battle-Hardened|Crunch|p1a: Kingambit
|-supereffective|p1a: Kingambit
|-crit|p1a: Kingambit
|-damage|p1a: Kingambit|10/100
|move|p1a: Kingambit|Iron Head|p2a: Battle-Hardened
|-damage|p2a: Battle-Hardened|0 fnt
|faint|p2a: Battle-Hardened
|
|upkeep
|
|t:|1781110277
|switch|p2a: Razorblades|Samurott-Hisui, F|100/100
|turn|19
|
|t:|1781110279
|move|p1a: Kingambit|Sucker Punch|p2a: Razorblades
|-resisted|p2a: Razorblades
|-damage|p2a: Razorblades|48/100
|move|p2a: Razorblades|Knock Off|p1a: Kingambit
|-supereffective|p1a: Kingambit
|-damage|p1a: Kingambit|0 fnt
|-enditem|p1a: Kingambit|Assault Vest|[from] move: Knock Off|[of] p2a: Razorblades
|faint|p1a: Kingambit
|
|upkeep
|
|t:|1781110285
|switch|p1a: Zamazenta|Zamazenta|100/100
|turn|20
|
|t:|1781110287
|switch|p2a: One-Winged Angel|Clefable, F|100/100
|move|p1a: Zamazenta|Crunch|p2a: One-Winged Angel
|-resisted|p2a: One-Winged Angel
|-damage|p2a: One-Winged Angel|90/100
|
|-heal|p2a: One-Winged Angel|96/100|[from] item: Leftovers
|upkeep
|turn|21
|
|t:|1781110289
|switch|p1a: Latias|Latias, F|100/100
|move|p2a: One-Winged Angel|Moonblast|p1a: Latias
|-supereffective|p1a: Latias
|-damage|p1a: Latias|44/100
|-enditem|p1a: Latias|Weakness Policy
|-boost|p1a: Latias|atk|2|[from] item: Weakness Policy
|-boost|p1a: Latias|spa|2|[from] item: Weakness Policy
|
|-heal|p2a: One-Winged Angel|100/100|[from] item: Leftovers
|upkeep
|turn|22
|
|t:|1781110292
|move|p1a: Latias|Stored Power|p2a: One-Winged Angel
|-damage|p2a: One-Winged Angel|24/100
|move|p2a: One-Winged Angel|Moonblast|p1a: Latias
|-supereffective|p1a: Latias
|-damage|p1a: Latias|0 fnt
|faint|p1a: Latias
|
|-heal|p2a: One-Winged Angel|30/100|[from] item: Leftovers
|upkeep
|
|t:|1781110294
|switch|p1a: Zamazenta|Zamazenta|100/100
|turn|23
|
|t:|1781110298
|switch|p2a: Razorblades|Samurott-Hisui, F|48/100
|move|p1a: Zamazenta|Iron Defense|p1a: Zamazenta
|-boost|p1a: Zamazenta|def|2
|
|upkeep
|turn|24
|
|t:|1781110303
|move|p1a: Zamazenta|Body Press|p2a: Razorblades
|-supereffective|p2a: Razorblades
|-damage|p2a: Razorblades|0 fnt
|faint|p2a: Razorblades
|
|upkeep
|
|t:|1781110304
|switch|p2a: Thrill Bottle|Gholdengo|100/100
|-item|p2a: Thrill Bottle|Air Balloon
|turn|25
|
|t:|1781110306
|-terastallize|p2a: Thrill Bottle|Fairy
|move|p1a: Zamazenta|Crunch|p2a: Thrill Bottle
|-resisted|p2a: Thrill Bottle
|-damage|p2a: Thrill Bottle|89/100
|-unboost|p2a: Thrill Bottle|def|1
|-enditem|p2a: Thrill Bottle|Air Balloon
|move|p2a: Thrill Bottle|Thunder Wave|p1a: Zamazenta|[miss]
|-miss|p2a: Thrill Bottle|p1a: Zamazenta
|
|upkeep
|turn|26
|
|t:|1781110309
|move|p1a: Zamazenta|Body Press|p2a: Thrill Bottle
|-resisted|p2a: Thrill Bottle
|-damage|p2a: Thrill Bottle|47/100
|move|p2a: Thrill Bottle|Thunder Wave|p1a: Zamazenta
|-status|p1a: Zamazenta|par
|
|upkeep
|turn|27
|
|t:|1781110314
|switch|p2a: One-Winged Angel|Clefable, F|30/100
|move|p1a: Zamazenta|Iron Defense|p1a: Zamazenta
|-boost|p1a: Zamazenta|def|2
|
|-heal|p2a: One-Winged Angel|37/100|[from] item: Leftovers
|upkeep
|turn|28
|
|t:|1781110315
|move|p1a: Zamazenta|Body Press|p2a: One-Winged Angel
|-resisted|p2a: One-Winged Angel
|-damage|p2a: One-Winged Angel|3/100
|move|p2a: One-Winged Angel|Moonblast|p1a: Zamazenta
|-supereffective|p1a: Zamazenta
|-damage|p1a: Zamazenta|38/100 par
|-unboost|p1a: Zamazenta|spa|1
|
|-heal|p1a: Zamazenta|44/100 par|[from] item: Leftovers
|-heal|p2a: One-Winged Angel|9/100|[from] item: Leftovers
|upkeep
|turn|29
|
|t:|1781110319
|move|p1a: Zamazenta|Body Press|p2a: One-Winged Angel
|-resisted|p2a: One-Winged Angel
|-damage|p2a: One-Winged Angel|0 fnt
|faint|p2a: One-Winged Angel
|
|-heal|p1a: Zamazenta|50/100 par|[from] item: Leftovers
|upkeep
|
|t:|1781110320
|switch|p2a: Thrill Bottle|Gholdengo, tera:Fairy|47/100
|turn|30
|
|t:|1781110326
|move|p1a: Zamazenta|Body Press|p2a: Thrill Bottle
|-resisted|p2a: Thrill Bottle
|-damage|p2a: Thrill Bottle|3/100
|move|p2a: Thrill Bottle|Hex|p1a: Zamazenta
|-damage|p1a: Zamazenta|0 fnt
|faint|p1a: Zamazenta
|
|win|Frobisher bay
|raw|meio_potato's rating: 1552 &rarr; <strong>1533</strong><br />(-19 for losing)
|raw|Frobisher bay's rating: 1569 &rarr; <strong>1588</strong><br />(+19 for winning)
|l|☆Frobisher bay
|player|p2|
