|j|☆pyxr
|j|☆Paperm47
|t:|1780981658
|gametype|singles
|player|p1|pyxr|boarder|1481
|player|p2|Paperm47|ash-sinnoh|1538
|gen|9
|tier|[Gen 9] OU
|rated|
|rule|HP Percentage Mod: HP is shown in percentages
|rule|Endless Battle Clause: Forcing endless battles is banned
|rule|Species Clause: Limit one of each Pokémon
|rule|OHKO Clause: OHKO moves are banned
|rule|Evasion Items Clause: Evasion items are banned
|rule|Evasion Moves Clause: Evasion moves are banned
|rule|Evasion Abilities Clause: Evasion abilities are banned
|rule|Sleep Moves Clause: Sleep-inducing moves are banned
|clearpoke
|poke|p1|Great Tusk|
|poke|p1|Gholdengo|
|poke|p1|Ogerpon-Wellspring, F|
|poke|p1|Ting-Lu|
|poke|p1|Iron Moth|
|poke|p1|Dragonite, F|
|poke|p2|Regieleki|
|poke|p2|Conkeldurr, M|
|poke|p2|Corviknight, M|
|poke|p2|Volcanion|
|poke|p2|Meowscarada, F|
|poke|p2|Iron Treads|
|teampreview
|inactive|Battle timer is ON: inactive players will automatically lose when time's up. (requested by pyxr)
|
|t:|1780981692
|teamsize|p1|6
|teamsize|p2|6
|start
|switch|p1a: Ting-Lu|Ting-Lu|100/100
|switch|p2a: Meowscarada|Meowscarada, F|100/100
|-ability|p1a: Ting-Lu|Vessel of Ruin
|turn|1
|
|t:|1780981713
|switch|p1a: Shiest|Iron Moth|100/100
|-enditem|p1a: Shiest|Booster Energy
|-activate|p1a: Shiest|ability: Quark Drive|[fromitem]
|-start|p1a: Shiest|quarkdrivespe
|move|p2a: Meowscarada|Flower Trick|p1a: Shiest
|-start|p2a: Meowscarada|typechange|Grass|[from] ability: Protean
|-resisted|p1a: Shiest
|-crit|p1a: Shiest
|-damage|p1a: Shiest|76/100
|
|upkeep
|turn|2
|
|t:|1780981731
|switch|p2a: Volcanion|Volcanion|100/100
|move|p1a: Shiest|Substitute|p1a: Shiest
|-start|p1a: Shiest|Substitute
|-damage|p1a: Shiest|51/100
|
|upkeep
|turn|3
|
|t:|1780981737
|move|p1a: Shiest|Sludge Wave|p2a: Volcanion
|-damage|p2a: Volcanion|52/100
|move|p2a: Volcanion|Earth Power|p1a: Shiest
|-supereffective|p1a: Shiest
|-end|p1a: Shiest|Substitute
|
|upkeep
|turn|4
|
|t:|1780981747
|move|p1a: Shiest|Sludge Wave|p2a: Volcanion
|-damage|p2a: Volcanion|1/100
|move|p2a: Volcanion|Earth Power|p1a: Shiest
|-supereffective|p1a: Shiest
|-damage|p1a: Shiest|0 fnt
|faint|p1a: Shiest
|-end|p1a: Shiest|Quark Drive|[silent]
|
|upkeep
|
|t:|1780981755
|switch|p1a: PILOT|Ogerpon-Wellspring, F|100/100
|turn|5
|
|t:|1780981771
|switch|p2a: Corviknight|Corviknight, M|100/100
|move|p1a: PILOT|Knock Off|p2a: Corviknight
|-damage|p2a: Corviknight|66/100
|-enditem|p2a: Corviknight|Leftovers|[from] move: Knock Off|[of] p1a: PILOT
|
|upkeep
|turn|6
|
|t:|1780981786
|switch|p1a: Ting-Lu|Ting-Lu|100/100
|-ability|p1a: Ting-Lu|Vessel of Ruin
|move|p2a: Corviknight|Roost|p2a: Corviknight
|-heal|p2a: Corviknight|100/100
|-singleturn|p2a: Corviknight|move: Roost
|
|upkeep
|turn|7
|
|t:|1780981790
|move|p2a: Corviknight|Iron Defense|p2a: Corviknight
|-boost|p2a: Corviknight|def|2
|move|p1a: Ting-Lu|Stealth Rock|p2a: Corviknight
|-sidestart|p2: Paperm47|move: Stealth Rock
|
|upkeep
|turn|8
|
|t:|1780981794
|move|p2a: Corviknight|Body Press|p1a: Ting-Lu
|-supereffective|p1a: Ting-Lu
|-crit|p1a: Ting-Lu
|-damage|p1a: Ting-Lu|34/100
|move|p1a: Ting-Lu|Whirlwind|p2a: Corviknight
|drag|p2a: Volcanion|Volcanion|1/100
|-damage|p2a: Volcanion|0 fnt|[from] Stealth Rock
|faint|p2a: Volcanion
|
|-heal|p1a: Ting-Lu|40/100|[from] item: Leftovers
|upkeep
|
|t:|1780981799
|switch|p2a: Iron Treads|Iron Treads|100/100
|-damage|p2a: Iron Treads|97/100|[from] Stealth Rock
|turn|9
|
|t:|1780981813
|move|p2a: Iron Treads|Stealth Rock|p1a: Ting-Lu
|-sidestart|p1: pyxr|move: Stealth Rock
|move|p1a: Ting-Lu|Earthquake|p2a: Iron Treads
|-supereffective|p2a: Iron Treads
|-damage|p2a: Iron Treads|30/100
|
|-heal|p2a: Iron Treads|37/100|[from] item: Leftovers
|-heal|p1a: Ting-Lu|46/100|[from] item: Leftovers
|upkeep
|turn|10
|
|t:|1780981817
|-end|p2a: Iron Treads|Quark Drive|[silent]
|switch|p2a: Meowscarada|Meowscarada, F|100/100
|-damage|p2a: Meowscarada|88/100|[from] Stealth Rock
|move|p1a: Ting-Lu|Stealth Rock||[still]
|-fail|p1a: Ting-Lu
|
|-heal|p1a: Ting-Lu|53/100|[from] item: Leftovers
|upkeep
|turn|11
|
|t:|1780981830
|switch|p1a: Gholdengo|Gholdengo|100/100
|-damage|p1a: Gholdengo|94/100|[from] Stealth Rock
|move|p2a: Meowscarada|Triple Axel|p1a: Gholdengo|[miss]
|-start|p2a: Meowscarada|typechange|Ice|[from] ability: Protean
|-miss|p2a: Meowscarada|p1a: Gholdengo
|
|upkeep
|turn|12
|
|t:|1780981843
|switch|p2a: Iron Treads|Iron Treads|37/100
|-damage|p2a: Iron Treads|33/100|[from] Stealth Rock
|move|p1a: Gholdengo|Shadow Ball|p2a: Iron Treads
|-damage|p2a: Iron Treads|0 fnt
|faint|p2a: Iron Treads
|-end|p2a: Iron Treads|Quark Drive|[silent]
|
|upkeep
|
|t:|1780981846
|switch|p2a: Meowscarada|Meowscarada, F|88/100
|-damage|p2a: Meowscarada|76/100|[from] Stealth Rock
|turn|13
|
|t:|1780981863
|switch|p1a: Great Dih|Great Tusk|100/100
|-damage|p1a: Great Dih|98/100|[from] Stealth Rock
|-enditem|p1a: Great Dih|Booster Energy
|-activate|p1a: Great Dih|ability: Protosynthesis|[fromitem]
|-start|p1a: Great Dih|protosynthesisspe
|move|p2a: Meowscarada|Knock Off|p1a: Great Dih
|-start|p2a: Meowscarada|typechange|Dark|[from] ability: Protean
|-resisted|p1a: Great Dih
|-damage|p1a: Great Dih|83/100
|
|upkeep
|turn|14
|
|t:|1780981868
|switch|p2a: Corviknight|Corviknight, M|100/100
|-damage|p2a: Corviknight|88/100|[from] Stealth Rock
|move|p1a: Great Dih|Bulk Up|p1a: Great Dih
|-boost|p1a: Great Dih|atk|1
|-boost|p1a: Great Dih|def|1
|
|upkeep
|turn|15
|
|t:|1780981872
|move|p1a: Great Dih|Rapid Spin|p2a: Corviknight
|-resisted|p2a: Corviknight
|-damage|p2a: Corviknight|79/100
|-boost|p1a: Great Dih|spe|1
|-sideend|p1: pyxr|Stealth Rock|[from] move: Rapid Spin|[of] p1a: Great Dih
|move|p2a: Corviknight|Iron Defense|p2a: Corviknight
|-boost|p2a: Corviknight|def|2
|
|upkeep
|turn|16
|
|t:|1780981881
|-end|p1a: Great Dih|Protosynthesis|[silent]
|switch|p1a: Gholdengo|Gholdengo|94/100
|move|p2a: Corviknight|Brave Bird|p1a: Gholdengo
|-resisted|p1a: Gholdengo
|-damage|p1a: Gholdengo|73/100
|-damage|p2a: Corviknight|74/100|[from] Recoil
|
|upkeep
|turn|17
|
|t:|1780981883
|move|p1a: Gholdengo|Shadow Ball|p2a: Corviknight
|-damage|p2a: Corviknight|46/100
|move|p2a: Corviknight|Roost|p2a: Corviknight
|-heal|p2a: Corviknight|96/100
|-singleturn|p2a: Corviknight|move: Roost
|
|upkeep
|turn|18
|
|t:|1780981887
|switch|p1a: Ting-Lu|Ting-Lu|53/100
|-ability|p1a: Ting-Lu|Vessel of Ruin
|move|p2a: Corviknight|Brave Bird|p1a: Ting-Lu
|-damage|p1a: Ting-Lu|33/100
|-damage|p2a: Corviknight|88/100|[from] Recoil
|
|-heal|p1a: Ting-Lu|40/100|[from] item: Leftovers
|upkeep
|turn|19
|
|t:|1780981890
|move|p2a: Corviknight|Body Press|p1a: Ting-Lu
|-supereffective|p1a: Ting-Lu
|-damage|p1a: Ting-Lu|0 fnt
|faint|p1a: Ting-Lu
|
|upkeep
|
|t:|1780981894
|switch|p1a: Gholdengo|Gholdengo|73/100
|turn|20
|
|t:|1780981896
|move|p1a: Gholdengo|Trick|p2a: Corviknight
|-activate|p1a: Gholdengo|move: Trick|[of] p2a: Corviknight
|-item|p2a: Corviknight|Choice Scarf|[from] move: Trick
|-enditem|p1a: Gholdengo|Choice Scarf|[silent]|[from] move: Trick
|move|p2a: Corviknight|Brave Bird|p1a: Gholdengo
|-resisted|p1a: Gholdengo
|-damage|p1a: Gholdengo|51/100
|-damage|p2a: Corviknight|82/100|[from] Recoil
|
|upkeep
|turn|21
|
|t:|1780981899
|move|p1a: Gholdengo|Shadow Ball|p2a: Corviknight
|-damage|p2a: Corviknight|52/100
|move|p2a: Corviknight|Brave Bird|p1a: Gholdengo
|-resisted|p1a: Gholdengo
|-damage|p1a: Gholdengo|30/100
|-damage|p2a: Corviknight|46/100|[from] Recoil
|
|upkeep
|turn|22
|
|t:|1780981903
|switch|p2a: Meowscarada|Meowscarada, F|76/100
|-damage|p2a: Meowscarada|64/100|[from] Stealth Rock
|move|p1a: Gholdengo|Shadow Ball|p2a: Meowscarada
|-resisted|p2a: Meowscarada
|-damage|p2a: Meowscarada|32/100
|
|upkeep
|turn|23
|
|t:|1780981908
|move|p2a: Meowscarada|Knock Off|p1a: Gholdengo
|-start|p2a: Meowscarada|typechange|Dark|[from] ability: Protean
|-supereffective|p1a: Gholdengo
|-damage|p1a: Gholdengo|0 fnt
|faint|p1a: Gholdengo
|
|upkeep
|
|t:|1780981915
|switch|p1a: Great Dih|Great Tusk|83/100
|turn|24
|
|t:|1780981920
|switch|p2a: Corviknight|Corviknight, M|46/100
|-damage|p2a: Corviknight|34/100|[from] Stealth Rock
|move|p1a: Great Dih|Rapid Spin|p2a: Corviknight
|-resisted|p2a: Corviknight
|-damage|p2a: Corviknight|27/100
|-boost|p1a: Great Dih|spe|1
|
|upkeep
|turn|25
|
|t:|1780981925
|move|p1a: Great Dih|Bulk Up|p1a: Great Dih
|-boost|p1a: Great Dih|atk|1
|-boost|p1a: Great Dih|def|1
|move|p2a: Corviknight|Brave Bird|p1a: Great Dih
|-supereffective|p1a: Great Dih
|-damage|p1a: Great Dih|54/100
|-damage|p2a: Corviknight|17/100|[from] Recoil
|
|upkeep
|turn|26
|
|t:|1780981929
|move|p1a: Great Dih|Bulk Up|p1a: Great Dih
|-boost|p1a: Great Dih|atk|1
|-boost|p1a: Great Dih|def|1
|move|p2a: Corviknight|Brave Bird|p1a: Great Dih
|-supereffective|p1a: Great Dih
|-damage|p1a: Great Dih|30/100
|-damage|p2a: Corviknight|8/100|[from] Recoil
|
|upkeep
|turn|27
|
|t:|1780981933
|move|p1a: Great Dih|Rapid Spin|p2a: Corviknight
|-resisted|p2a: Corviknight
|-damage|p2a: Corviknight|0 fnt
|-boost|p1a: Great Dih|spe|1
|faint|p2a: Corviknight
|
|upkeep
|
|t:|1780981936
|switch|p2a: Conkeldurr|Conkeldurr, M|100/100
|-damage|p2a: Conkeldurr|94/100|[from] Stealth Rock
|turn|28
|
|t:|1780981940
|move|p1a: Great Dih|Headlong Rush|p2a: Conkeldurr
|-damage|p2a: Conkeldurr|0 fnt
|-unboost|p1a: Great Dih|def|1
|-unboost|p1a: Great Dih|spd|1
|faint|p2a: Conkeldurr
|
|upkeep
|
|t:|1780981943
|switch|p2a: Meowscarada|Meowscarada, F|32/100
|-damage|p2a: Meowscarada|20/100|[from] Stealth Rock
|turn|29
|c|☆Paperm47|Gg
|
|t:|1780981948
|move|p1a: Great Dih|Ice Spinner|p2a: Meowscarada
|-supereffective|p2a: Meowscarada
|-damage|p2a: Meowscarada|0 fnt
|faint|p2a: Meowscarada
|
|upkeep
|
|t:|1780981949
|switch|p2a: Regieleki|Regieleki|100/100
|-damage|p2a: Regieleki|88/100|[from] Stealth Rock
|turn|30
|
|t:|1780981952
|move|p1a: Great Dih|Ice Spinner|p2a: Regieleki
|-damage|p2a: Regieleki|0 fnt
|faint|p2a: Regieleki
|
|win|pyxr
|raw|pyxr's rating: 1481 &rarr; <strong>1504</strong><br />(+23 for winning)
|raw|Paperm47's rating: 1538 &rarr; <strong>1515</strong><br />(-23 for losing)
|l|☆Paperm47
|player|p2|
|l|☆pyxr
|player|p1|
