|j|☆The median voter
|j|☆huilaoshi1111
|t:|1781100614
|gametype|singles
|player|p1|The median voter|scientist-gen4dp|1553
|player|p2|huilaoshi1111|266|1516
|gen|9
|tier|[Gen 9] OU
|rated|
|rule|HP Percentage Mod: HP is shown in percentages
|rule|Endless Battle Clause: Forcing endless battles is banned
|rule|Species Clause: Limit one of each Pokémon
|rule|OHKO Clause: OHKO moves are banned
|rule|Evasion Items Clause: Evasion items are banned
|rule|Evasion Moves Clause: Evasion moves are banned
|rule|Evasion Abilities Clause: Evasion abilities are banned
|rule|Sleep Moves Clause: Sleep-inducing moves are banned
|clearpoke
|poke|p1|Zapdos|
|poke|p1|Great Tusk|
|poke|p1|Hoopa-Unbound|
|poke|p1|Alomomola, F|
|poke|p1|Scizor, M|
|poke|p1|Iron Valiant|
|poke|p2|Mienshao, M|
|poke|p2|Blissey, F|
|poke|p2|Slowbro, M|
|poke|p2|Krookodile, M|
|poke|p2|Talonflame, F|
|poke|p2|Zoroark-Hisui, M|
|teampreview
|inactive|Battle timer is ON: inactive players will automatically lose when time's up. (requested by huilaoshi1111)
|
|t:|1781100644
|teamsize|p1|6
|teamsize|p2|6
|start
|switch|p1a: Preacher|Zapdos|100/100
|switch|p2a: Mienshao|Mienshao, M|100/100
|turn|1
|
|t:|1781100651
|move|p2a: Mienshao|Bitter Malice|p1a: Preacher
|-damage|p1a: Preacher|39/100
|-unboost|p1a: Preacher|atk|1
|move|p1a: Preacher|Discharge|p2a: Mienshao
|-damage|p2a: Mienshao|33/100
|-status|p2a: Mienshao|par
|replace|p2a: Zoroark|Zoroark-Hisui, M
|-end|p2a: Zoroark|Illusion
|
|upkeep
|turn|2
|
|t:|1781100668
|switch|p2a: Krookodile|Krookodile, M|100/100
|-ability|p2a: Krookodile|Intimidate|boost
|-unboost|p1a: Preacher|atk|1
|move|p1a: Preacher|Roost|p1a: Preacher
|-heal|p1a: Preacher|89/100
|-singleturn|p1a: Preacher|move: Roost
|
|upkeep
|turn|3
|
|t:|1781100675
|move|p2a: Krookodile|Knock Off|p1a: Preacher
|-damage|p1a: Preacher|38/100
|-enditem|p1a: Preacher|Heavy-Duty Boots|[from] move: Knock Off|[of] p2a: Krookodile
|move|p1a: Preacher|U-turn|p2a: Krookodile
|-supereffective|p2a: Krookodile
|-crit|p2a: Krookodile
|-damage|p2a: Krookodile|52/100
|
|t:|1781100690
|switch|p1a: Templar|Great Tusk|100/100|[from] U-turn
|
|upkeep
|turn|4
|
|t:|1781100699
|switch|p2a: Slowbro|Slowbro, M|100/100
|move|p1a: Templar|Stealth Rock|p2a: Slowbro
|-sidestart|p2: huilaoshi1111|move: Stealth Rock
|
|upkeep
|turn|5
|
|t:|1781100706
|-end|p1a: Templar|Protosynthesis|[silent]
|switch|p1a: The End of All|Hoopa-Unbound|100/100
|move|p2a: Slowbro|Future Sight|p1a: The End of All
|-start|p2a: Slowbro|move: Future Sight
|
|upkeep
|turn|6
|
|t:|1781100718
|switch|p2a: Mienshao|Mienshao, M|100/100
|-damage|p2a: Mienshao|95/100|[from] Stealth Rock
|move|p1a: The End of All|Psychic Noise|p2a: Mienshao
|-supereffective|p2a: Mienshao
|-damage|p2a: Mienshao|0 fnt
|faint|p2a: Mienshao
|
|upkeep
|
|t:|1781100729
|switch|p2a: Krookodile|Krookodile, M|52/100
|-damage|p2a: Krookodile|46/100|[from] Stealth Rock
|-ability|p2a: Krookodile|Intimidate|boost
|-unboost|p1a: The End of All|atk|1
|turn|7
|l|☆The median voter
|inactive|The median voter disconnected and has a minute to reconnect!
|player|p1|
|j|☆The median voter
|inactive|The median voter reconnected and has 135 seconds left.
|player|p1|The median voter|scientist-gen4dp|
|
|t:|1781100747
|move|p2a: Krookodile|Knock Off|p1a: The End of All
|-damage|p1a: The End of All|0 fnt
|-enditem|p1a: The End of All|Assault Vest|[from] move: Knock Off|[of] p2a: Krookodile
|faint|p1a: The End of All
|
|-hint|Future Sight did not hit because the target is fainted.
|upkeep
|
|t:|1781100759
|switch|p1a: Templar|Great Tusk|100/100
|turn|8
|
|t:|1781100762
|switch|p2a: Slowbro|Slowbro, M|100/100
|-damage|p2a: Slowbro|88/100|[from] Stealth Rock
|move|p1a: Templar|Headlong Rush|p2a: Slowbro
|-damage|p2a: Slowbro|48/100
|-unboost|p1a: Templar|def|1
|-unboost|p1a: Templar|spd|1
|
|upkeep
|turn|9
|
|t:|1781100790
|-end|p1a: Templar|Protosynthesis|[silent]
|switch|p1a: Experiment|Scizor, M|100/100
|move|p2a: Slowbro|Slack Off|p2a: Slowbro
|-heal|p2a: Slowbro|98/100
|
|upkeep
|turn|10
|
|t:|1781100794
|switch|p2a: Talonflame|Talonflame, F|100/100
|move|p1a: Experiment|U-turn|p2a: Talonflame
|-resisted|p2a: Talonflame
|-damage|p2a: Talonflame|85/100
|
|t:|1781100802
|switch|p1a: Preacher|Zapdos|38/100|[from] U-turn
|
|upkeep
|turn|11
|
|t:|1781100812
|move|p2a: Talonflame|U-turn|p1a: Preacher
|-resisted|p1a: Preacher
|-damage|p1a: Preacher|33/100
|
|t:|1781100815
|switch|p2a: Krookodile|Krookodile, M|46/100|[from] U-turn
|-damage|p2a: Krookodile|40/100|[from] Stealth Rock
|-ability|p2a: Krookodile|Intimidate|boost
|-unboost|p1a: Preacher|atk|1
|move|p1a: Preacher|Roost|p1a: Preacher
|-heal|p1a: Preacher|84/100
|-singleturn|p1a: Preacher|move: Roost
|
|upkeep
|turn|12
|l|☆The median voter
|inactive|The median voter disconnected and has a minute to reconnect!
|player|p1|
|j|☆The median voter
|inactive|The median voter reconnected and has 125 seconds left.
|player|p1|The median voter|scientist-gen4dp|
|
|t:|1781100843
|move|p2a: Krookodile|Stone Edge|p1a: Preacher
|-supereffective|p1a: Preacher
|-damage|p1a: Preacher|2/100
|move|p1a: Preacher|U-turn|p2a: Krookodile
|-supereffective|p2a: Krookodile
|-damage|p2a: Krookodile|20/100
|
|t:|1781100847
|switch|p1a: Experiment|Scizor, M|100/100|[from] U-turn
|
|upkeep
|turn|13
|
|t:|1781100852
|switch|p2a: Talonflame|Talonflame, F|85/100
|move|p1a: Experiment|U-turn|p2a: Talonflame
|-resisted|p2a: Talonflame
|-damage|p2a: Talonflame|69/100
|l|☆The median voter
|inactive|The median voter disconnected and has a minute to reconnect!
|player|p1|
|j|☆The median voter
|inactive|The median voter reconnected and has 135 seconds left.
|player|p1|The median voter|scientist-gen4dp|
|
|t:|1781100871
|switch|p1a: Holy Envoy|Alomomola, F|100/100|[from] U-turn
|
|upkeep
|turn|14
|l|☆The median voter
|inactive|The median voter disconnected and has a minute to reconnect!
|player|p1|
|
|t:|1781100886
|move|p2a: Talonflame|U-turn|p1a: Holy Envoy
|-damage|p1a: Holy Envoy|90/100
|
|t:|1781100893
|switch|p2a: Slowbro|Slowbro, M|100/100|[from] U-turn
|-damage|p2a: Slowbro|88/100|[from] Stealth Rock
|move|p1a: Holy Envoy|Scald|p2a: Slowbro
|-resisted|p2a: Slowbro
|-crit|p2a: Slowbro
|-damage|p2a: Slowbro|78/100
|-status|p2a: Slowbro|brn
|
|-damage|p2a: Slowbro|72/100 brn|[from] brn
|upkeep
|turn|15
|j|☆The median voter
|inactive|The median voter reconnected and has 135 seconds left.
|player|p1|The median voter|scientist-gen4dp|
|
|t:|1781100911
|move|p1a: Holy Envoy|Flip Turn|p2a: Slowbro
|-resisted|p2a: Slowbro
|-damage|p2a: Slowbro|67/100 brn
|
|t:|1781100914
|switch|p1a: Experiment|Scizor, M|100/100|[from] Flip Turn
|move|p2a: Slowbro|Future Sight|p1a: Experiment
|-start|p2a: Slowbro|move: Future Sight
|
|-damage|p2a: Slowbro|61/100 brn|[from] brn
|upkeep
|turn|16
|
|t:|1781100918
|switch|p2a: Talonflame|Talonflame, F|69/100
|move|p1a: Experiment|Knock Off|p2a: Talonflame
|-damage|p2a: Talonflame|12/100
|-enditem|p2a: Talonflame|Heavy-Duty Boots|[from] move: Knock Off|[of] p1a: Experiment
|
|upkeep
|turn|17
|
|t:|1781100924
|switch|p1a: Holy Envoy|Alomomola, F|100/100
|move|p2a: Talonflame|Defog|p1a: Holy Envoy
|-unboost|p1a: Holy Envoy|evasion|1
|-sideend|p2: huilaoshi1111|Stealth Rock|[from] move: Defog|[of] p2a: Talonflame
|
|-end|p1a: Holy Envoy|move: Future Sight
|-damage|p1a: Holy Envoy|81/100
|upkeep
|turn|18
|
|t:|1781100928
|move|p2a: Talonflame|Roost|p2a: Talonflame
|-heal|p2a: Talonflame|63/100
|-singleturn|p2a: Talonflame|move: Roost
|move|p1a: Holy Envoy|Flip Turn|p2a: Talonflame
|-supereffective|p2a: Talonflame
|-damage|p2a: Talonflame|28/100
|
|t:|1781100932
|switch|p1a: Templar|Great Tusk|100/100|[from] Flip Turn
|
|upkeep
|turn|19
|
|t:|1781100942
|-terastallize|p1a: Templar|Steel
|move|p2a: Talonflame|Fire Blast|p1a: Templar
|-supereffective|p1a: Templar
|-damage|p1a: Templar|13/100
|move|p1a: Templar|Stealth Rock|p2a: Talonflame
|-sidestart|p2: huilaoshi1111|move: Stealth Rock
|
|upkeep
|turn|20
|
|t:|1781100956
|-end|p1a: Templar|Protosynthesis|[silent]
|switch|p1a: Holy Envoy|Alomomola, F|100/100
|move|p2a: Talonflame|Defog|p1a: Holy Envoy
|-unboost|p1a: Holy Envoy|evasion|1
|-sideend|p2: huilaoshi1111|Stealth Rock|[from] move: Defog|[of] p2a: Talonflame
|
|upkeep
|turn|21
|
|t:|1781100959
|move|p2a: Talonflame|Roost|p2a: Talonflame
|-heal|p2a: Talonflame|78/100
|-singleturn|p2a: Talonflame|move: Roost
|move|p1a: Holy Envoy|Flip Turn|p2a: Talonflame
|-supereffective|p2a: Talonflame
|-damage|p2a: Talonflame|41/100
|l|☆The median voter
|inactive|The median voter disconnected and has a minute to reconnect!
|player|p1|
|inactive|The median voter has 30 seconds to reconnect!
|inactive|The median voter has 20 seconds to reconnect!
|j|☆The median voter
|inactive|The median voter reconnected and has 110 seconds left.
|player|p1|The median voter|scientist-gen4dp|
|
|t:|1781101012
|switch|p1a: Preacher|Zapdos|2/100|[from] Flip Turn
|
|upkeep
|turn|22
|
|t:|1781101016
|switch|p1a: Holy Envoy|Alomomola, F|100/100
|move|p2a: Talonflame|U-turn|p1a: Holy Envoy
|-damage|p1a: Holy Envoy|91/100
|
|t:|1781101027
|switch|p2a: Slowbro|Slowbro, M|94/100 brn|[from] U-turn
|
|-damage|p2a: Slowbro|88/100 brn|[from] brn
|upkeep
|turn|23
|inactive|The median voter has 120 seconds left.
|
|t:|1781101040
|move|p1a: Holy Envoy|Flip Turn|p2a: Slowbro
|-resisted|p2a: Slowbro
|-damage|p2a: Slowbro|83/100 brn
|
|t:|1781101042
|switch|p1a: Experiment|Scizor, M|100/100|[from] Flip Turn
|move|p2a: Slowbro|Scald|p1a: Experiment
|-damage|p1a: Experiment|65/100
|
|-damage|p2a: Slowbro|77/100 brn|[from] brn
|upkeep
|turn|24
|
|t:|1781101055
|move|p1a: Experiment|U-turn|p2a: Slowbro
|-supereffective|p2a: Slowbro
|-damage|p2a: Slowbro|12/100 brn
|
|t:|1781101058
|switch|p1a: Templar|Great Tusk, tera:Steel|13/100|[from] U-turn
|move|p2a: Slowbro|Scald|p1a: Templar
|-damage|p1a: Templar|0 fnt
|faint|p1a: Templar
|-end|p1a: Templar|Protosynthesis|[silent]
|
|-damage|p2a: Slowbro|6/100 brn|[from] brn
|upkeep
|
|t:|1781101062
|switch|p1a: Acolyte|Iron Valiant|100/100
|-enditem|p1a: Acolyte|Booster Energy
|-activate|p1a: Acolyte|ability: Quark Drive|[fromitem]
|-start|p1a: Acolyte|quarkdrivespe
|turn|25
|
|t:|1781101086
|move|p1a: Acolyte|Calm Mind|p1a: Acolyte
|-boost|p1a: Acolyte|spa|1
|-boost|p1a: Acolyte|spd|1
|move|p2a: Slowbro|Scald|p1a: Acolyte
|-damage|p1a: Acolyte|69/100
|
|-damage|p2a: Slowbro|0 fnt|[from] brn
|faint|p2a: Slowbro
|upkeep
|
|t:|1781101098
|switch|p2a: Blissey|Blissey, F|100/100
|turn|26
|
|t:|1781101103
|move|p1a: Acolyte|Calm Mind|p1a: Acolyte
|-boost|p1a: Acolyte|spa|1
|-boost|p1a: Acolyte|spd|1
|move|p2a: Blissey|Seismic Toss|p1a: Acolyte
|-damage|p1a: Acolyte|35/100
|
|upkeep
|turn|27
|
|t:|1781101112
|-end|p1a: Acolyte|Quark Drive|[silent]
|switch|p1a: Experiment|Scizor, M|65/100
|move|p2a: Blissey|Seismic Toss|p1a: Experiment
|-damage|p1a: Experiment|35/100
|
|upkeep
|turn|28
|
|t:|1781101121
|switch|p2a: Talonflame|Talonflame, F|41/100
|move|p1a: Experiment|Bullet Punch|p2a: Talonflame
|-resisted|p2a: Talonflame
|-damage|p2a: Talonflame|12/100
|
|upkeep
|turn|29
|
|t:|1781101139
|move|p1a: Experiment|Bullet Punch|p2a: Talonflame
|-resisted|p2a: Talonflame
|-damage|p2a: Talonflame|0 fnt
|faint|p2a: Talonflame
|
|upkeep
|l|☆The median voter
|inactive|The median voter disconnected and has a minute to reconnect!
|player|p1|
|
|t:|1781101145
|switch|p2a: Krookodile|Krookodile, M|20/100
|-ability|p2a: Krookodile|Intimidate|boost
|-unboost|p1a: Experiment|atk|1
|turn|30
|j|☆The median voter
|inactive|The median voter reconnected and has 150 seconds left.
|player|p1|The median voter|scientist-gen4dp|
|
|t:|1781101148
|move|p1a: Experiment|Bullet Punch|p2a: Krookodile
|-damage|p2a: Krookodile|0 fnt
|faint|p2a: Krookodile
|
|upkeep
|
|t:|1781101151
|switch|p2a: Blissey|Blissey, F|100/100
|turn|31
|
|t:|1781101155
|move|p1a: Experiment|Bullet Punch|p2a: Blissey
|-damage|p2a: Blissey|62/100
|move|p2a: Blissey|Seismic Toss|p1a: Experiment
|-damage|p1a: Experiment|6/100
|
|upkeep
|turn|32
|
|t:|1781101159
|switch|p1a: Preacher|Zapdos|2/100
|move|p2a: Blissey|Seismic Toss|p1a: Preacher
|-damage|p1a: Preacher|0 fnt
|faint|p1a: Preacher
|
|upkeep
|j| kaedehara
|
|t:|1781101161
|switch|p1a: Experiment|Scizor, M|6/100
|turn|33
|
|t:|1781101164
|switch|p2a: Blissey|Blissey, F|33/100 par
|move|p1a: Experiment|Close Combat|p2a: Blissey
|-immune|p2a: Blissey
|
|upkeep
|turn|34
|
|t:|1781101173
|switch|p1a: Holy Envoy|Alomomola, F|100/100
|switch|p2a: Blissey|Blissey, F|62/100
|
|upkeep
|turn|35
|l| kaedehara
|
|t:|1781101179
|move|p2a: Blissey|Stealth Rock|p1a: Holy Envoy
|-sidestart|p1: The median voter|move: Stealth Rock
|move|p1a: Holy Envoy|Play Rough|p2a: Blissey
|-damage|p2a: Blissey|44/100
|
|upkeep
|turn|36
|
|t:|1781101186
|move|p2a: Blissey|Soft-Boiled|p2a: Blissey
|-heal|p2a: Blissey|94/100
|move|p1a: Holy Envoy|Play Rough|p2a: Blissey
|-damage|p2a: Blissey|77/100
|
|upkeep
|turn|37
|
|t:|1781101191
|move|p2a: Blissey|Seismic Toss|p1a: Holy Envoy
|-damage|p1a: Holy Envoy|82/100
|move|p1a: Holy Envoy|Scald|p2a: Blissey
|-damage|p2a: Blissey|73/100
|
|upkeep
|turn|38
|
|t:|1781101196
|move|p2a: Blissey|Thunder Wave|p1a: Holy Envoy
|-status|p1a: Holy Envoy|par
|move|p1a: Holy Envoy|Scald|p2a: Blissey
|-damage|p2a: Blissey|68/100
|
|upkeep
|turn|39
|
|t:|1781101202
|move|p2a: Blissey|Seismic Toss|p1a: Holy Envoy
|-damage|p1a: Holy Envoy|63/100 par
|move|p1a: Holy Envoy|Scald|p2a: Blissey
|-damage|p2a: Blissey|64/100
|-status|p2a: Blissey|brn
|
|-damage|p2a: Blissey|58/100 brn|[from] brn
|upkeep
|turn|40
|
|t:|1781101209
|move|p2a: Blissey|Soft-Boiled|p2a: Blissey
|-heal|p2a: Blissey|100/100 brn
|move|p1a: Holy Envoy|Flip Turn|p2a: Blissey
|-damage|p2a: Blissey|83/100 brn
|
|t:|1781101212
|switch|p1a: Experiment|Scizor, M|6/100|[from] Flip Turn
|-damage|p1a: Experiment|0 fnt|[from] Stealth Rock
|faint|p1a: Experiment
|
|-damage|p2a: Blissey|76/100 brn|[from] brn
|upkeep
|
|t:|1781101214
|switch|p1a: Holy Envoy|Alomomola, F|96/100 par
|-damage|p1a: Holy Envoy|84/100 par|[from] Stealth Rock
|turn|41
|
|t:|1781101216
|move|p2a: Blissey|Seismic Toss|p1a: Holy Envoy
|-damage|p1a: Holy Envoy|65/100 par
|move|p1a: Holy Envoy|Play Rough|p2a: Blissey
|-damage|p2a: Blissey|59/100 brn
|
|-damage|p2a: Blissey|53/100 brn|[from] brn
|upkeep
|turn|42
|
|t:|1781101222
|move|p2a: Blissey|Soft-Boiled|p2a: Blissey
|-heal|p2a: Blissey|100/100 brn
|move|p1a: Holy Envoy|Play Rough|p2a: Blissey
|-damage|p2a: Blissey|84/100 brn
|
|-damage|p2a: Blissey|78/100 brn|[from] brn
|upkeep
|turn|43
|
|t:|1781101226
|move|p2a: Blissey|Seismic Toss|p1a: Holy Envoy
|-damage|p1a: Holy Envoy|47/100 par
|cant|p1a: Holy Envoy|par
|
|-damage|p2a: Blissey|72/100 brn|[from] brn
|upkeep
|turn|44
|
|t:|1781101231
|move|p2a: Blissey|Seismic Toss|p1a: Holy Envoy
|-damage|p1a: Holy Envoy|28/100 par
|move|p1a: Holy Envoy|Flip Turn|p2a: Blissey
|-damage|p2a: Blissey|54/100 brn
|
|t:|1781101233
|switch|p1a: Acolyte|Iron Valiant|35/100|[from] Flip Turn
|-damage|p1a: Acolyte|29/100|[from] Stealth Rock
|
|-damage|p2a: Blissey|48/100 brn|[from] brn
|upkeep
|turn|45
|
|t:|1781101240
|-end|p1a: Acolyte|Quark Drive|[silent]
|switch|p1a: Holy Envoy|Alomomola, F|61/100 par
|-damage|p1a: Holy Envoy|49/100 par|[from] Stealth Rock
|move|p2a: Blissey|Seismic Toss|p1a: Holy Envoy
|-damage|p1a: Holy Envoy|30/100 par
|
|-damage|p2a: Blissey|42/100 brn|[from] brn
|upkeep
|turn|46
|
|t:|1781101245
|move|p2a: Blissey|Soft-Boiled|p2a: Blissey
|-heal|p2a: Blissey|92/100 brn
|move|p1a: Holy Envoy|Flip Turn|p2a: Blissey
|-damage|p2a: Blissey|76/100 brn
|
|t:|1781101249
|switch|p1a: Acolyte|Iron Valiant|29/100|[from] Flip Turn
|-damage|p1a: Acolyte|23/100|[from] Stealth Rock
|
|-damage|p2a: Blissey|70/100 brn|[from] brn
|upkeep
|turn|47
|
|t:|1781101252
|move|p1a: Acolyte|Encore|p2a: Blissey
|-start|p2a: Blissey|Encore
|move|p2a: Blissey|Soft-Boiled|p2a: Blissey
|-heal|p2a: Blissey|100/100 brn
|
|-damage|p2a: Blissey|94/100 brn|[from] brn
|upkeep
|turn|48
|
|t:|1781101256
|-curestatus|p2a: Blissey|brn|[from] ability: Natural Cure|[silent]
|switch|p2a: Blissey|Blissey, F|33/100 par
|move|p1a: Acolyte|Moonblast|p2a: Blissey
|-damage|p2a: Blissey|0 fnt
|replace|p2a: Zoroark|Zoroark-Hisui, M
|-end|p2a: Zoroark|Illusion
|faint|p2a: Zoroark
|
|upkeep
|
|t:|1781101270
|switch|p2a: Blissey|Blissey, F|94/100
|turn|49
|j| ho3nConfirm3d
|
|t:|1781101293
|-end|p1a: Acolyte|Quark Drive|[silent]
|switch|p1a: Holy Envoy|Alomomola, F|63/100 par
|-damage|p1a: Holy Envoy|51/100 par|[from] Stealth Rock
|move|p2a: Blissey|Seismic Toss|p1a: Holy Envoy
|-damage|p1a: Holy Envoy|32/100 par
|
|upkeep
|turn|50
|
|t:|1781101298
|move|p2a: Blissey|Seismic Toss|p1a: Holy Envoy
|-damage|p1a: Holy Envoy|14/100 par
|cant|p1a: Holy Envoy|par
|
|upkeep
|turn|51
|
|t:|1781101303
|switch|p1a: Acolyte|Iron Valiant|23/100
|-damage|p1a: Acolyte|16/100|[from] Stealth Rock
|move|p2a: Blissey|Seismic Toss|p1a: Acolyte
|-damage|p1a: Acolyte|0 fnt
|faint|p1a: Acolyte
|-end|p1a: Acolyte|Quark Drive|[silent]
|
|upkeep
|
|t:|1781101304
|switch|p1a: Holy Envoy|Alomomola, F|47/100 par
|-damage|p1a: Holy Envoy|35/100 par|[from] Stealth Rock
|turn|52
|
|t:|1781101308
|move|p2a: Blissey|Seismic Toss|p1a: Holy Envoy
|-damage|p1a: Holy Envoy|16/100 par
|cant|p1a: Holy Envoy|par
|
|upkeep
|turn|53
|-message|The median voter forfeited.
|
|win|huilaoshi1111
|raw|The median voter's rating: 1553 &rarr; <strong>1530</strong><br />(-23 for losing)
|raw|huilaoshi1111's rating: 1497 &rarr; <strong>1520</strong><br />(+23 for winning)
|l| ho3nConfirm3d
