|j|☆phreshoatmeal
|j|☆rockeater9000
|t:|1781399085
|gametype|singles
|player|p1|phreshoatmeal|169|1614
|player|p2|rockeater9000|265|1596
|gen|9
|tier|[Gen 9] OU
|rated|
|rule|HP Percentage Mod: HP is shown in percentages
|rule|Endless Battle Clause: Forcing endless battles is banned
|rule|Species Clause: Limit one of each Pokémon
|rule|OHKO Clause: OHKO moves are banned
|rule|Evasion Items Clause: Evasion items are banned
|rule|Evasion Moves Clause: Evasion moves are banned
|rule|Evasion Abilities Clause: Evasion abilities are banned
|rule|Sleep Moves Clause: Sleep-inducing moves are banned
|clearpoke
|poke|p1|Tyranitar, M|
|poke|p1|Hatterene, F|
|poke|p1|Excadrill, F|
|poke|p1|Amoonguss, F|
|poke|p1|Pawmot, M|
|poke|p1|Alomomola, M|
|poke|p2|Greninja-*, M|
|poke|p2|Glimmora, F|
|poke|p2|Garchomp, M|
|poke|p2|Iron Valiant|
|poke|p2|Kingambit, F|
|poke|p2|Ceruledge, F|
|teampreview
|
|t:|1781399107
|teamsize|p1|6
|teamsize|p2|6
|start
|switch|p1a: Tyranitar|Tyranitar, M|100/100
|switch|p2a: Glimmora|Glimmora, F|100/100
|-weather|Sandstorm|[from] ability: Sand Stream|[of] p1a: Tyranitar
|turn|1
|
|t:|1781399124
|switch|p1a: Hatterene|Hatterene, F|100/100
|move|p2a: Glimmora|Stealth Rock|p1a: Hatterene
|move|p1a: Hatterene|Stealth Rock|p2a: Glimmora|[from] ability: Magic Bounce
|-sidestart|p2: rockeater9000|move: Stealth Rock
|
|-weather|Sandstorm|[upkeep]
|-damage|p1a: Hatterene|95/100|[from] Sandstorm
|-heal|p1a: Hatterene|100/100|[from] item: Leftovers
|upkeep
|turn|2
|
|t:|1781399131
|switch|p1a: Excadrill|Excadrill, F|100/100
|move|p2a: Glimmora|Mortal Spin|p1a: Excadrill
|-immune|p1a: Excadrill
|
|-weather|Sandstorm|[upkeep]
|upkeep
|turn|3
|j| dilf huntr
|
|t:|1781399143
|move|p1a: Excadrill|Earthquake|p2a: Glimmora
|-supereffective|p2a: Glimmora
|-damage|p2a: Glimmora|0 fnt
|-activate|p2a: Glimmora|ability: Toxic Debris
|-sidestart|p1: phreshoatmeal|move: Toxic Spikes
|faint|p2a: Glimmora
|
|-weather|Sandstorm|[upkeep]
|upkeep
|
|t:|1781399145
|switch|p2a: Garchomp|Garchomp, M|100/100
|-damage|p2a: Garchomp|94/100|[from] Stealth Rock
|turn|4
|
|t:|1781399171
|-terastallize|p1a: Excadrill|Ground
|move|p1a: Excadrill|Earthquake|p2a: Garchomp
|-damage|p2a: Garchomp|0 fnt
|faint|p2a: Garchomp
|
|-weather|Sandstorm|[upkeep]
|upkeep
|
|t:|1781399184
|switch|p2a: Ceruledge|Ceruledge, F|100/100
|-damage|p2a: Ceruledge|76/100|[from] Stealth Rock
|-item|p2a: Ceruledge|Air Balloon
|turn|5
|
|t:|1781399190
|switch|p1a: Amoonguss|Amoonguss, F|100/100
|-sideend|p1: phreshoatmeal|move: Toxic Spikes|[of] p1a: Amoonguss
|move|p2a: Ceruledge|Shadow Sneak|p1a: Amoonguss
|-damage|p1a: Amoonguss|87/100
|-enditem|p1a: Amoonguss|Eject Button
|
|t:|1781399200
|switch|p1a: Alomomola|Alomomola, M|100/100
|
|-weather|Sandstorm|[upkeep]
|-damage|p2a: Ceruledge|70/100|[from] Sandstorm
|-damage|p1a: Alomomola|94/100|[from] Sandstorm
|upkeep
|turn|6
|
|t:|1781399210
|move|p2a: Ceruledge|Swords Dance|p2a: Ceruledge
|-boost|p2a: Ceruledge|atk|2
|move|p1a: Alomomola|Flip Turn|p2a: Ceruledge
|-supereffective|p2a: Ceruledge
|-damage|p2a: Ceruledge|26/100
|-ability|p2a: Ceruledge|Weak Armor|boost
|-unboost|p2a: Ceruledge|def|1
|-boost|p2a: Ceruledge|spe|2
|-enditem|p2a: Ceruledge|Air Balloon
|inactive|Battle timer is ON: inactive players will automatically lose when time's up. (requested by rockeater9000)
|
|t:|1781399218
|switch|p1a: Tyranitar|Tyranitar, M|100/100|[from] Flip Turn
|
|-weather|Sandstorm|[upkeep]
|-damage|p2a: Ceruledge|19/100|[from] Sandstorm
|upkeep
|turn|7
|
|t:|1781399223
|switch|p1a: Alomomola|Alomomola, M|100/100
|move|p2a: Ceruledge|Poltergeist|p1a: Alomomola
|-activate|p1a: Alomomola|move: Poltergeist|Eject Button
|-damage|p1a: Alomomola|31/100
|-enditem|p1a: Alomomola|Eject Button
|
|t:|1781399234
|switch|p1a: Tyranitar|Tyranitar, M|100/100
|
|-weather|Sandstorm|[upkeep]
|-damage|p2a: Ceruledge|13/100|[from] Sandstorm
|upkeep
|turn|8
|
|t:|1781399241
|switch|p1a: Alomomola|Alomomola, M|65/100
|move|p2a: Ceruledge|Bitter Blade|p1a: Alomomola
|-resisted|p1a: Alomomola
|-damage|p1a: Alomomola|37/100
|-heal|p2a: Ceruledge|36/100|[from] drain|[of] p1a: Alomomola
|
|-weather|none
|upkeep
|turn|9
|
|t:|1781399252
|move|p2a: Ceruledge|Poltergeist||[still]
|-fail|p2a: Ceruledge
|move|p1a: Alomomola|Flip Turn|p2a: Ceruledge
|-supereffective|p2a: Ceruledge
|-damage|p2a: Ceruledge|0 fnt
|faint|p2a: Ceruledge
|
|t:|1781399256
|switch|p1a: Tyranitar|Tyranitar, M|100/100|[from] Flip Turn
|-weather|Sandstorm|[from] ability: Sand Stream|[of] p1a: Tyranitar
|
|-weather|Sandstorm|[upkeep]
|upkeep
|l| dilf huntr
|
|t:|1781399268
|switch|p2a: Greninja|Greninja, M|100/100
|-damage|p2a: Greninja|88/100|[from] Stealth Rock
|turn|10
|
|t:|1781399282
|switch|p1a: Alomomola|Alomomola, M|70/100
|move|p2a: Greninja|Surf|p1a: Alomomola
|-resisted|p1a: Alomomola
|-damage|p1a: Alomomola|49/100
|-damage|p2a: Greninja|78/100|[from] item: Life Orb
|
|-weather|Sandstorm|[upkeep]
|-damage|p2a: Greninja|73/100|[from] Sandstorm
|-damage|p1a: Alomomola|43/100|[from] Sandstorm
|upkeep
|turn|11
|
|t:|1781399289
|move|p2a: Greninja|Dark Pulse|p1a: Alomomola
|-damage|p1a: Alomomola|2/100
|-damage|p2a: Greninja|63/100|[from] item: Life Orb
|move|p1a: Alomomola|Flip Turn|p2a: Greninja
|-resisted|p2a: Greninja
|-damage|p2a: Greninja|48/100
|
|t:|1781399299
|switch|p1a: Excadrill|Excadrill, F, tera:Ground|100/100|[from] Flip Turn
|
|-weather|Sandstorm|[upkeep]
|-damage|p2a: Greninja|42/100|[from] Sandstorm
|upkeep
|turn|12
|
|t:|1781399314
|move|p2a: Greninja|Water Shuriken|p1a: Excadrill
|-supereffective|p1a: Excadrill
|-damage|p1a: Excadrill|78/100
|-supereffective|p1a: Excadrill
|-damage|p1a: Excadrill|52/100
|-supereffective|p1a: Excadrill
|-damage|p1a: Excadrill|28/100
|-supereffective|p1a: Excadrill
|-damage|p1a: Excadrill|5/100
|-supereffective|p1a: Excadrill
|-damage|p1a: Excadrill|0 fnt
|faint|p1a: Excadrill
|-ability|p2a: Greninja|Battle Bond|boost
|-boost|p2a: Greninja|atk|1
|-boost|p2a: Greninja|spa|1
|-boost|p2a: Greninja|spe|1
|-activate|p2a: Greninja|ability: Battle Bond
|-hitcount|p1: Excadrill|5
|-damage|p2a: Greninja|32/100|[from] item: Life Orb
|
|-weather|Sandstorm|[upkeep]
|-damage|p2a: Greninja|26/100|[from] Sandstorm
|upkeep
|
|t:|1781399331
|switch|p1a: Amoonguss|Amoonguss, F|100/100
|turn|13
|
|t:|1781399335
|switch|p1a: Alomomola|Alomomola, M|35/100
|move|p2a: Greninja|Ice Beam|p1a: Alomomola
|-resisted|p1a: Alomomola
|-damage|p1a: Alomomola|10/100
|-damage|p2a: Greninja|17/100|[from] item: Life Orb
|
|-weather|Sandstorm|[upkeep]
|-damage|p2a: Greninja|11/100|[from] Sandstorm
|-damage|p1a: Alomomola|3/100|[from] Sandstorm
|upkeep
|turn|14
|
|t:|1781399341
|move|p2a: Greninja|Dark Pulse|p1a: Alomomola
|-damage|p1a: Alomomola|0 fnt
|faint|p1a: Alomomola
|-damage|p2a: Greninja|1/100|[from] item: Life Orb
|
|-weather|Sandstorm|[upkeep]
|-damage|p2a: Greninja|0 fnt|[from] Sandstorm
|faint|p2a: Greninja
|upkeep
|
|t:|1781399352
|switch|p2a: Iron Valiant|Iron Valiant|100/100
|switch|p1a: Pawmot|Pawmot, M|100/100
|-damage|p2a: Iron Valiant|94/100|[from] Stealth Rock
|-enditem|p2a: Iron Valiant|Booster Energy
|-activate|p2a: Iron Valiant|ability: Quark Drive|[fromitem]
|-start|p2a: Iron Valiant|quarkdrivespe
|turn|15
|
|t:|1781399355
|switch|p1a: Amoonguss|Amoonguss, F|100/100
|move|p2a: Iron Valiant|Moonblast|p1a: Amoonguss
|-resisted|p1a: Amoonguss
|-damage|p1a: Amoonguss|79/100
|
|-weather|Sandstorm|[upkeep]
|-damage|p2a: Iron Valiant|88/100|[from] Sandstorm
|-damage|p1a: Amoonguss|73/100|[from] Sandstorm
|upkeep
|turn|16
|
|t:|1781399378
|move|p2a: Iron Valiant|Shadow Ball|p1a: Amoonguss
|-damage|p1a: Amoonguss|48/100
|move|p1a: Amoonguss|Stun Spore|p2a: Iron Valiant
|-status|p2a: Iron Valiant|par
|
|-weather|none
|upkeep
|turn|17
|
|t:|1781399395
|move|p2a: Iron Valiant|Calm Mind|p2a: Iron Valiant
|-boost|p2a: Iron Valiant|spa|1
|-boost|p2a: Iron Valiant|spd|1
|move|p1a: Amoonguss|Grass Knot|p2a: Iron Valiant
|-damage|p2a: Iron Valiant|68/100 par
|
|upkeep
|turn|18
|
|t:|1781399401
|switch|p1a: Tyranitar|Tyranitar, M|100/100
|-weather|Sandstorm|[from] ability: Sand Stream|[of] p1a: Tyranitar
|cant|p2a: Iron Valiant|par
|
|-weather|Sandstorm|[upkeep]
|-damage|p2a: Iron Valiant|62/100 par|[from] Sandstorm
|upkeep
|turn|19
|
|t:|1781399408
|move|p2a: Iron Valiant|Moonblast|p1a: Tyranitar
|-supereffective|p1a: Tyranitar
|-damage|p1a: Tyranitar|39/100
|-unboost|p1a: Tyranitar|spa|1
|move|p1a: Tyranitar|Roar|p2a: Iron Valiant
|-end|p2a: Iron Valiant|Quark Drive|[silent]
|drag|p2a: Kingambit|Kingambit, F|100/100
|-damage|p2a: Kingambit|94/100|[from] Stealth Rock
|-activate|p2a: Kingambit|ability: Supreme Overlord
|-start|p2a: Kingambit|fallen4|[silent]
|
|-weather|Sandstorm|[upkeep]
|upkeep
|turn|20
|
|t:|1781399430
|-end|p2a: Kingambit|fallen4|[silent]
|switch|p2a: Iron Valiant|Iron Valiant|62/100 par
|-damage|p2a: Iron Valiant|56/100 par|[from] Stealth Rock
|move|p1a: Tyranitar|Roar|p2a: Iron Valiant
|-end|p2a: Iron Valiant|Quark Drive|[silent]
|drag|p2a: Kingambit|Kingambit, F|94/100
|-damage|p2a: Kingambit|88/100|[from] Stealth Rock
|-activate|p2a: Kingambit|ability: Supreme Overlord
|-start|p2a: Kingambit|fallen4|[silent]
|
|-weather|Sandstorm|[upkeep]
|upkeep
|turn|21
|
|t:|1781399443
|switch|p1a: Pawmot|Pawmot, M|100/100
|move|p2a: Kingambit|Iron Head|p1a: Pawmot
|-resisted|p1a: Pawmot
|-damage|p1a: Pawmot|45/100
|
|-weather|Sandstorm|[upkeep]
|-damage|p1a: Pawmot|39/100|[from] Sandstorm
|upkeep
|turn|22
|
|t:|1781399456
|move|p2a: Kingambit|Sucker Punch|p1a: Pawmot
|-resisted|p1a: Pawmot
|-damage|p1a: Pawmot|0 fnt
|faint|p1a: Pawmot
|
|-weather|Sandstorm|[upkeep]
|upkeep
|
|t:|1781399462
|switch|p1a: Hatterene|Hatterene, F|100/100
|turn|23
|
|t:|1781399478
|move|p2a: Kingambit|Iron Head|p1a: Hatterene
|-supereffective|p1a: Hatterene
|-damage|p1a: Hatterene|0 fnt
|faint|p1a: Hatterene
|
|-weather|Sandstorm|[upkeep]
|upkeep
|-message|phreshoatmeal forfeited.
|
|win|rockeater9000
|raw|phreshoatmeal's rating: 1614 &rarr; <strong>1592</strong><br />(-22 for losing)
|raw|rockeater9000's rating: 1577 &rarr; <strong>1599</strong><br />(+22 for winning)
|l|☆phreshoatmeal
|player|p1|
|l|☆rockeater9000
|player|p2|
