|j|☆Jsparxs
|j|☆deathprofessor21
|t:|1781204676
|gametype|singles
|player|p1|Jsparxs|1|1601
|player|p2|deathprofessor21|101|1604
|gen|9
|tier|[Gen 9] OU
|rated|
|rule|HP Percentage Mod: HP is shown in percentages
|rule|Endless Battle Clause: Forcing endless battles is banned
|rule|Species Clause: Limit one of each Pokémon
|rule|OHKO Clause: OHKO moves are banned
|rule|Evasion Items Clause: Evasion items are banned
|rule|Evasion Moves Clause: Evasion moves are banned
|rule|Evasion Abilities Clause: Evasion abilities are banned
|rule|Sleep Moves Clause: Sleep-inducing moves are banned
|clearpoke
|poke|p1|Great Tusk|
|poke|p1|Zamazenta-*|
|poke|p1|Iron Valiant|
|poke|p1|Gallade, M|
|poke|p1|Kommo-o, F|
|poke|p1|Okidogi, M|
|poke|p2|Slowking-Galar, F|
|poke|p2|Hydrapple, F|
|poke|p2|Moltres|
|poke|p2|Raging Bolt|
|poke|p2|Zamazenta-*|
|poke|p2|Scizor, F|
|teampreview
|inactive|Battle timer is ON: inactive players will automatically lose when time's up. (requested by deathprofessor21)
|c|☆Jsparxs|Glhf
|
|t:|1781204696
|teamsize|p1|6
|teamsize|p2|6
|start
|switch|p1a: Okidogi|Okidogi, M|100/100
|switch|p2a: Scizor|Scizor, F|100/100
|turn|1
|
|t:|1781204707
|move|p1a: Okidogi|Gunk Shot|p2a: Scizor
|-immune|p2a: Scizor
|move|p2a: Scizor|U-turn|p1a: Okidogi
|-resisted|p1a: Okidogi
|-damage|p1a: Okidogi|93/100
|
|t:|1781204719
|switch|p2a: Moltres|Moltres|100/100|[from] U-turn
|-ability|p2a: Moltres|Pressure
|
|upkeep
|turn|2
|
|t:|1781204723
|move|p2a: Moltres|Flamethrower|p1a: Okidogi
|-damage|p1a: Okidogi|56/100
|move|p1a: Okidogi|Gunk Shot|p2a: Moltres
|-damage|p2a: Moltres|38/100
|-status|p2a: Moltres|psn
|
|-damage|p2a: Moltres|26/100 psn|[from] psn
|upkeep
|turn|3
|
|t:|1781204731
|switch|p2a: Scizor|Scizor, F|100/100
|move|p1a: Okidogi|Drain Punch|p2a: Scizor
|-damage|p2a: Scizor|54/100
|-heal|p1a: Okidogi|77/100|[from] drain|[of] p2a: Scizor
|
|-heal|p2a: Scizor|60/100|[from] item: Leftovers
|upkeep
|turn|4
|
|t:|1781204737
|move|p1a: Okidogi|Drain Punch|p2a: Scizor
|-damage|p2a: Scizor|20/100
|-heal|p1a: Okidogi|95/100|[from] drain|[of] p2a: Scizor
|move|p2a: Scizor|Swords Dance|p2a: Scizor
|-boost|p2a: Scizor|atk|2
|
|-heal|p2a: Scizor|26/100|[from] item: Leftovers
|upkeep
|turn|5
|
|t:|1781204744
|move|p2a: Scizor|Bullet Punch|p1a: Okidogi
|-damage|p1a: Okidogi|43/100
|move|p1a: Okidogi|Drain Punch|p2a: Scizor
|-damage|p2a: Scizor|0 fnt
|-heal|p1a: Okidogi|55/100|[from] drain|[of] p2a: Scizor
|faint|p2a: Scizor
|
|upkeep
|
|t:|1781204747
|switch|p2a: Raging Bolt|Raging Bolt|100/100
|turn|6
|
|t:|1781204757
|move|p2a: Raging Bolt|Draco Meteor|p1a: Okidogi
|-damage|p1a: Okidogi|0 fnt
|-unboost|p2a: Raging Bolt|spa|2
|faint|p1a: Okidogi
|
|upkeep
|
|t:|1781204765
|switch|p1a: Gallade|Gallade, M|100/100
|turn|7
|
|t:|1781204772
|move|p2a: Raging Bolt|Draco Meteor|p1a: Gallade
|-damage|p1a: Gallade|78/100
|-unboost|p2a: Raging Bolt|spa|2
|move|p1a: Gallade|Night Slash|p2a: Raging Bolt
|-damage|p2a: Raging Bolt|64/100
|
|upkeep
|turn|8
|
|t:|1781204777
|-end|p2a: Raging Bolt|Protosynthesis|[silent]
|switch|p2a: Moltres|Moltres|26/100 psn
|-ability|p2a: Moltres|Pressure
|move|p1a: Gallade|Psycho Cut|p2a: Moltres
|-damage|p2a: Moltres|0 fnt
|faint|p2a: Moltres
|
|upkeep
|
|t:|1781204789
|switch|p2a: Hydrapple|Hydrapple, F|100/100
|turn|9
|
|t:|1781204793
|move|p1a: Gallade|Triple Axel|p2a: Hydrapple
|-supereffective|p2a: Hydrapple
|-damage|p2a: Hydrapple|76/100
|-hitcount|p2a: Hydrapple|1
|move|p2a: Hydrapple|Fickle Beam|p1a: Gallade
|-damage|p1a: Gallade|47/100
|-damage|p2a: Hydrapple|67/100|[from] item: Life Orb
|
|upkeep
|turn|10
|
|t:|1781204810
|-terastallize|p2a: Hydrapple|Steel
|move|p1a: Gallade|Psycho Cut|p2a: Hydrapple
|-resisted|p2a: Hydrapple
|-damage|p2a: Hydrapple|45/100
|move|p2a: Hydrapple|Leaf Storm|p1a: Gallade
|-damage|p1a: Gallade|0 fnt
|-unboost|p2a: Hydrapple|spa|2
|faint|p1a: Gallade
|-damage|p2a: Hydrapple|35/100|[from] item: Life Orb
|
|upkeep
|inactive|Jsparxs has 120 seconds left.
|
|t:|1781204838
|switch|p1a: Zamazenta|Zamazenta|100/100
|-ability|p1a: Zamazenta|Dauntless Shield|boost
|-boost|p1a: Zamazenta|def|1
|turn|11
|
|t:|1781204843
|switch|p2a: Slowking|Slowking-Galar, F|100/100
|move|p1a: Zamazenta|Iron Defense|p1a: Zamazenta
|-boost|p1a: Zamazenta|def|2
|
|upkeep
|turn|12
|
|t:|1781204850
|move|p1a: Zamazenta|Crunch|p2a: Slowking
|-supereffective|p2a: Slowking
|-damage|p2a: Slowking|51/100
|move|p2a: Slowking|Psychic Noise|p1a: Zamazenta
|-supereffective|p1a: Zamazenta
|-damage|p1a: Zamazenta|27/100
|-start|p1a: Zamazenta|move: Heal Block
|
|upkeep
|turn|13
|
|t:|1781204856
|switch|p2a: Zamazenta|Zamazenta|100/100
|-ability|p2a: Zamazenta|Dauntless Shield|boost
|-boost|p2a: Zamazenta|def|1
|move|p1a: Zamazenta|Body Press|p2a: Zamazenta
|-damage|p2a: Zamazenta|49/100
|
|-heal|p2a: Zamazenta|55/100|[from] item: Leftovers
|-end|p1a: Zamazenta|move: Heal Block
|upkeep
|turn|14
|
|t:|1781204865
|move|p2a: Zamazenta|Iron Defense|p2a: Zamazenta
|-boost|p2a: Zamazenta|def|2
|move|p1a: Zamazenta|Body Press|p2a: Zamazenta
|-damage|p2a: Zamazenta|26/100
|
|-heal|p2a: Zamazenta|32/100|[from] item: Leftovers
|-heal|p1a: Zamazenta|33/100|[from] item: Leftovers
|upkeep
|turn|15
|
|t:|1781204870
|move|p2a: Zamazenta|Body Press|p1a: Zamazenta
|-crit|p1a: Zamazenta
|-damage|p1a: Zamazenta|0 fnt
|faint|p1a: Zamazenta
|
|-heal|p2a: Zamazenta|38/100|[from] item: Leftovers
|upkeep
|
|t:|1781204879
|switch|p1a: Iron Valiant|Iron Valiant|100/100
|-enditem|p1a: Iron Valiant|Booster Energy
|-activate|p1a: Iron Valiant|ability: Quark Drive|[fromitem]
|-start|p1a: Iron Valiant|quarkdrivespe
|turn|16
|
|t:|1781204883
|switch|p2a: Slowking|Slowking-Galar, F|84/100
|move|p1a: Iron Valiant|Moonblast|p2a: Slowking
|-resisted|p2a: Slowking
|-damage|p2a: Slowking|71/100
|
|upkeep
|turn|17
|
|t:|1781204891
|move|p1a: Iron Valiant|Destiny Bond|p1a: Iron Valiant
|-singlemove|p1a: Iron Valiant|Destiny Bond
|move|p2a: Slowking|Psychic Noise|p1a: Iron Valiant
|-supereffective|p1a: Iron Valiant
|-damage|p1a: Iron Valiant|0 fnt
|faint|p1a: Iron Valiant
|-activate|p1a: Iron Valiant|move: Destiny Bond
|-end|p1a: Iron Valiant|Quark Drive|[silent]
|faint|p2a: Slowking
|
|upkeep
|
|t:|1781204902
|switch|p1a: Great Tusk|Great Tusk|100/100
|switch|p2a: Hydrapple|Hydrapple, F, tera:Steel|68/100
|-enditem|p1a: Great Tusk|Booster Energy
|-activate|p1a: Great Tusk|ability: Protosynthesis|[fromitem]
|-start|p1a: Great Tusk|protosynthesisatk
|turn|18
|
|t:|1781204913
|switch|p2a: Zamazenta|Zamazenta|38/100
|move|p1a: Great Tusk|Headlong Rush|p2a: Zamazenta
|-damage|p2a: Zamazenta|0 fnt
|-unboost|p1a: Great Tusk|def|1
|-unboost|p1a: Great Tusk|spd|1
|faint|p2a: Zamazenta
|
|upkeep
|
|t:|1781204915
|switch|p2a: Raging Bolt|Raging Bolt|64/100
|turn|19
|
|t:|1781204924
|move|p2a: Raging Bolt|Dragon Pulse|p1a: Great Tusk
|-damage|p1a: Great Tusk|0 fnt
|faint|p1a: Great Tusk
|-end|p1a: Great Tusk|Protosynthesis|[silent]
|
|upkeep
|
|t:|1781204928
|switch|p1a: Kommo-o|Kommo-o, F|100/100
|turn|20
|
|t:|1781204937
|-terastallize|p1a: Kommo-o|Fire
|move|p2a: Raging Bolt|Dragon Pulse|p1a: Kommo-o
|-damage|p1a: Kommo-o|47/100
|move|p1a: Kommo-o|Clanging Scales|p2a: Raging Bolt
|-supereffective|p2a: Raging Bolt
|-damage|p2a: Raging Bolt|0 fnt
|faint|p2a: Raging Bolt
|-end|p2a: Raging Bolt|Protosynthesis|[silent]
|-unboost|p1a: Kommo-o|def|1
|-enditem|p1a: Kommo-o|Throat Spray
|-boost|p1a: Kommo-o|spa|1|[from] item: Throat Spray
|
|upkeep
|
|t:|1781204940
|switch|p2a: Hydrapple|Hydrapple, F, tera:Steel|100/100
|turn|21
|
|t:|1781204945
|move|p1a: Kommo-o|Flamethrower|p2a: Hydrapple
|-supereffective|p2a: Hydrapple
|-damage|p2a: Hydrapple|0 fnt
|faint|p2a: Hydrapple
|
|win|Jsparxs
|raw|Jsparxs's rating: 1601 &rarr; <strong>1621</strong><br />(+20 for winning)
|raw|deathprofessor21's rating: 1604 &rarr; <strong>1584</strong><br />(-20 for losing)
|c|☆Jsparxs|gg
|l|☆Jsparxs
|player|p1|
