|badge|p2|bronze|gen9randombattle|100-9
|badge|p2|bronze|gen9ubers|100-9
|uhtml|medal-msg|<div class="broadcast-blue">Curious what those medals under the avatar are? PS now has Ladder Seasons! For more information, check out the <a href="https://www.smogon.com/forums/threads/3740067/">thread on Smogon.</a></div>
|j|☆Supa Dupa Hoopa
|j|☆oddishlover4
|t:|1780978984
|gametype|singles
|player|p1|Supa Dupa Hoopa|102|1574
|player|p2|oddishlover4|acetrainerf|1596
|gen|9
|tier|[Gen 9] OU
|rated|
|rule|HP Percentage Mod: HP is shown in percentages
|rule|Endless Battle Clause: Forcing endless battles is banned
|rule|Species Clause: Limit one of each Pokémon
|rule|OHKO Clause: OHKO moves are banned
|rule|Evasion Items Clause: Evasion items are banned
|rule|Evasion Moves Clause: Evasion moves are banned
|rule|Evasion Abilities Clause: Evasion abilities are banned
|rule|Sleep Moves Clause: Sleep-inducing moves are banned
|clearpoke
|poke|p1|Serperior, M|
|poke|p1|Cinderace, F|
|poke|p1|Corviknight, F|
|poke|p1|Clodsire, M|
|poke|p1|Ditto|
|poke|p1|Toxtricity-Low-Key, F|
|poke|p2|Iron Valiant|
|poke|p2|Ogerpon-Wellspring, F|
|poke|p2|Iron Treads|
|poke|p2|Dragonite, F|
|poke|p2|Pecharunt|
|poke|p2|Zamazenta-*|
|teampreview
|
|t:|1780979004
|teamsize|p1|6
|teamsize|p2|6
|start
|switch|p1a: CinderMiss|Cinderace, F|100/100
|switch|p2a: Ogerpon|Ogerpon-Wellspring, F|100/100
|turn|1
|c|☆oddishlover4|gl/hf!
|inactive|Battle timer is ON: inactive players will automatically lose when time's up. (requested by oddishlover4)
|j| ueyr43
|j| rizz of reko
|
|t:|1780979023
|switch|p2a: Zamazenta|Zamazenta|100/100
|-ability|p2a: Zamazenta|Dauntless Shield|boost
|-boost|p2a: Zamazenta|def|1
|move|p1a: CinderMiss|U-turn|p2a: Zamazenta
|-start|p1a: CinderMiss|typechange|Bug|[from] ability: Libero
|-resisted|p2a: Zamazenta
|-damage|p2a: Zamazenta|93/100
|j| blackgokuking
|
|t:|1780979037
|switch|p1a: What RU|Serperior, M|100/100|[from] U-turn
|
|-heal|p2a: Zamazenta|99/100|[from] item: Leftovers
|upkeep
|turn|2
|j| Crit N I Quit
|
|t:|1780979056
|-terastallize|p1a: What RU|Ghost
|move|p2a: Zamazenta|Body Press|p1a: What RU
|-immune|p1a: What RU
|move|p1a: What RU|Glare|p2a: Zamazenta
|-status|p2a: Zamazenta|par
|
|-heal|p2a: Zamazenta|100/100 par|[from] item: Leftovers
|upkeep
|turn|3
|
|t:|1780979075
|move|p1a: What RU|Leech Seed|p2a: Zamazenta
|-start|p2a: Zamazenta|move: Leech Seed
|move|p2a: Zamazenta|Roar|p1a: What RU
|drag|p1a: ANOTHER ONE|Toxtricity-Low-Key, F|100/100
|
|-damage|p2a: Zamazenta|88/100 par|[from] Leech Seed|[of] p1a: ANOTHER ONE
|upkeep
|turn|4
|
|t:|1780979094
|switch|p2a: Iron Treads|Iron Treads|100/100
|move|p1a: ANOTHER ONE|Boomburst|p2a: Iron Treads
|-resisted|p2a: Iron Treads
|-crit|p2a: Iron Treads
|-damage|p2a: Iron Treads|6/100
|
|-heal|p2a: Iron Treads|13/100|[from] item: Leftovers
|upkeep
|turn|5
|inactive|oddishlover4 has 120 seconds left.
|
|t:|1780979113
|switch|p1a: What RU|Serperior, M, tera:Ghost|100/100
|move|p2a: Iron Treads|Knock Off|p1a: What RU
|-supereffective|p1a: What RU
|-crit|p1a: What RU
|-damage|p1a: What RU|0 fnt
|-enditem|p1a: What RU|Leftovers|[from] move: Knock Off|[of] p2a: Iron Treads
|faint|p1a: What RU
|
|-heal|p2a: Iron Treads|19/100|[from] item: Leftovers
|upkeep
|
|t:|1780979130
|switch|p1a: CinderMiss|Cinderace, F|100/100
|turn|6
|inactive|oddishlover4 has 120 seconds left.
|l| ueyr43
|
|t:|1780979148
|-end|p2a: Iron Treads|Quark Drive|[silent]
|switch|p2a: Pecharunt|Pecharunt|100/100
|move|p1a: CinderMiss|Pyro Ball|p2a: Pecharunt
|-damage|p2a: Pecharunt|75/100
|
|upkeep
|turn|7
|inactive|oddishlover4 has 120 seconds left.
|inactive|Supa Dupa Hoopa has 120 seconds left.
|
|t:|1780979180
|switch|p1a: Clodsire|Clodsire, M|100/100
|move|p2a: Pecharunt|Recover|p2a: Pecharunt
|-heal|p2a: Pecharunt|100/100
|
|upkeep
|turn|8
|inactive|oddishlover4 has 120 seconds left.
|
|t:|1780979198
|move|p2a: Pecharunt|Parting Shot|p1a: Clodsire
|-unboost|p1a: Clodsire|atk|1
|-unboost|p1a: Clodsire|spa|1
|
|t:|1780979216
|switch|p2a: Iron Treads|Iron Treads|19/100|[from] Parting Shot
|move|p1a: Clodsire|Toxic|p2a: Iron Treads
|-immune|p2a: Iron Treads
|
|-heal|p2a: Iron Treads|25/100|[from] item: Leftovers
|upkeep
|turn|9
|
|t:|1780979234
|switch|p1a: Skarmory-M|Corviknight, F|100/100
|-ability|p1a: Skarmory-M|Pressure
|move|p2a: Iron Treads|Stealth Rock|p1a: Skarmory-M
|-sidestart|p1: Supa Dupa Hoopa|move: Stealth Rock
|
|-heal|p2a: Iron Treads|31/100|[from] item: Leftovers
|upkeep
|turn|10
|inactive|oddishlover4 has 90 seconds left.
|
|t:|1780979252
|-end|p2a: Iron Treads|Quark Drive|[silent]
|switch|p2a: Pecharunt|Pecharunt|100/100
|move|p1a: Skarmory-M|U-turn|p2a: Pecharunt
|-resisted|p2a: Pecharunt
|-damage|p2a: Pecharunt|99/100
|
|t:|1780979261
|switch|p1a: CinderMiss|Cinderace, F|100/100|[from] U-turn
|
|upkeep
|turn|11
|inactive|oddishlover4 has 90 seconds left.
|
|t:|1780979279
|move|p1a: CinderMiss|Court Change|p1a: CinderMiss
|-start|p1a: CinderMiss|typechange|Normal|[from] ability: Libero
|-swapsideconditions
|-activate|p1a: CinderMiss|move: Court Change
|move|p2a: Pecharunt|Malignant Chain|p1a: CinderMiss
|-damage|p1a: CinderMiss|56/100
|
|upkeep
|turn|12
|
|t:|1780979302
|move|p1a: CinderMiss|U-turn|p2a: Pecharunt
|-resisted|p2a: Pecharunt
|-damage|p2a: Pecharunt|96/100
|
|t:|1780979307
|switch|p1a: Clodsire|Clodsire, M|100/100|[from] U-turn
|move|p2a: Pecharunt|Parting Shot|p1a: Clodsire
|-unboost|p1a: Clodsire|atk|1
|-unboost|p1a: Clodsire|spa|1
|inactive|oddishlover4 has 90 seconds left.
|
|t:|1780979325
|switch|p2a: Iron Treads|Iron Treads|31/100|[from] Parting Shot
|-damage|p2a: Iron Treads|28/100|[from] Stealth Rock
|
|-heal|p2a: Iron Treads|34/100|[from] item: Leftovers
|upkeep
|turn|13
|inactive|oddishlover4 has 90 seconds left.
|
|t:|1780979343
|move|p2a: Iron Treads|Earthquake|p1a: Clodsire
|-supereffective|p1a: Clodsire
|-damage|p1a: Clodsire|0 fnt
|faint|p1a: Clodsire
|
|-heal|p2a: Iron Treads|41/100|[from] item: Leftovers
|upkeep
|-message|Supa Dupa Hoopa forfeited.
|
|win|oddishlover4
|raw|Supa Dupa Hoopa's rating: 1574 &rarr; <strong>1555</strong><br />(-19 for losing)
|raw|oddishlover4's rating: 1596 &rarr; <strong>1615</strong><br />(+19 for winning)
|c|☆oddishlover4|GG!
|l|☆Supa Dupa Hoopa
|player|p1|
|l| Crit N I Quit
