|j|☆tamarisimms
|j|☆Miurez
|t:|1781593377
|gametype|singles
|player|p1|tamarisimms|169|1570
|player|p2|Miurez|pokemonranger-gen4|1560
|gen|9
|tier|[Gen 9] OU
|rated|
|rule|HP Percentage Mod: HP is shown in percentages
|rule|Endless Battle Clause: Forcing endless battles is banned
|rule|Species Clause: Limit one of each Pokémon
|rule|OHKO Clause: OHKO moves are banned
|rule|Evasion Items Clause: Evasion items are banned
|rule|Evasion Moves Clause: Evasion moves are banned
|rule|Evasion Abilities Clause: Evasion abilities are banned
|rule|Sleep Moves Clause: Sleep-inducing moves are banned
|clearpoke
|poke|p1|Dragonite, M|
|poke|p1|Great Tusk|
|poke|p1|Deoxys-Speed|
|poke|p1|Gholdengo|
|poke|p1|Zamazenta-*|
|poke|p1|Iron Valiant|
|poke|p2|Hydrapple, F|
|poke|p2|Moltres|
|poke|p2|Toxapex, M|
|poke|p2|Kingambit, F|
|poke|p2|Zamazenta-*|
|poke|p2|Great Tusk|
|teampreview
|
|t:|1781593410
|teamsize|p1|6
|teamsize|p2|6
|start
|switch|p1a: Deoxys|Deoxys-Speed|100/100
|switch|p2a: Hydrapple|Hydrapple, F|100/100
|-ability|p1a: Deoxys|Pressure
|turn|1
|
|t:|1781593428
|move|p1a: Deoxys|Stealth Rock|p2a: Hydrapple
|-sidestart|p2: Miurez|move: Stealth Rock
|move|p2a: Hydrapple|Nasty Plot|p2a: Hydrapple
|-boost|p2a: Hydrapple|spa|2
|
|upkeep
|turn|2
|
|t:|1781593439
|move|p1a: Deoxys|Taunt|p2a: Hydrapple
|-start|p2a: Hydrapple|move: Taunt
|move|p2a: Hydrapple|Giga Drain|p1a: Deoxys
|-damage|p1a: Deoxys|23/100
|
|upkeep
|turn|3
|
|t:|1781593450
|move|p1a: Deoxys|Spikes|p2a: Hydrapple
|-sidestart|p2: Miurez|Spikes
|move|p2a: Hydrapple|Earth Power|p1a: Deoxys
|-damage|p1a: Deoxys|0 fnt
|faint|p1a: Deoxys
|
|upkeep
|
|t:|1781593454
|switch|p1a: Iron Valiant|Iron Valiant|100/100
|-enditem|p1a: Iron Valiant|Booster Energy
|-activate|p1a: Iron Valiant|ability: Quark Drive|[fromitem]
|-start|p1a: Iron Valiant|quarkdrivespe
|turn|4
|
|t:|1781593461
|move|p1a: Iron Valiant|Moonblast|p2a: Hydrapple
|-supereffective|p2a: Hydrapple
|-damage|p2a: Hydrapple|21/100
|-unboost|p2a: Hydrapple|spa|1
|move|p2a: Hydrapple|Giga Drain|p1a: Iron Valiant
|-damage|p1a: Iron Valiant|14/100
|-heal|p2a: Hydrapple|52/100|[from] drain|[of] p1a: Iron Valiant
|
|-end|p2a: Hydrapple|move: Taunt
|upkeep
|turn|5
|
|t:|1781593473
|switch|p2a: Toxapex|Toxapex, M|100/100
|-damage|p2a: Toxapex|88/100|[from] Stealth Rock
|-damage|p2a: Toxapex|76/100|[from] Spikes
|move|p1a: Iron Valiant|Moonblast|p2a: Toxapex
|-resisted|p2a: Toxapex
|-damage|p2a: Toxapex|58/100
|
|-heal|p2a: Toxapex|64/100|[from] item: Leftovers
|upkeep
|turn|6
|
|t:|1781593483
|-end|p1a: Iron Valiant|Quark Drive|[silent]
|switch|p1a: Gholdengo|Gholdengo|100/100
|move|p2a: Toxapex|Toxic|p1a: Gholdengo
|-immune|p1a: Gholdengo|[from] ability: Good as Gold
|
|-heal|p2a: Toxapex|70/100|[from] item: Leftovers
|upkeep
|turn|7
|
|t:|1781593508
|switch|p2a: Great Tusk|Great Tusk|100/100
|-damage|p2a: Great Tusk|98/100|[from] Stealth Rock
|-damage|p2a: Great Tusk|85/100|[from] Spikes
|move|p1a: Gholdengo|Nasty Plot|p1a: Gholdengo
|-boost|p1a: Gholdengo|spa|2
|
|upkeep
|turn|8
|
|t:|1781593519
|move|p2a: Great Tusk|Headlong Rush|p1a: Gholdengo
|-supereffective|p1a: Gholdengo
|-damage|p1a: Gholdengo|6/100
|-unboost|p2a: Great Tusk|def|1
|-unboost|p2a: Great Tusk|spd|1
|move|p1a: Gholdengo|Make It Rain|p2a: Great Tusk
|-damage|p2a: Great Tusk|0 fnt
|-unboost|p1a: Gholdengo|spa|1
|faint|p2a: Great Tusk
|-end|p2a: Great Tusk|Protosynthesis|[silent]
|
|upkeep
|
|t:|1781593528
|switch|p2a: Zamazenta|Zamazenta|100/100
|-damage|p2a: Zamazenta|94/100|[from] Stealth Rock
|-damage|p2a: Zamazenta|82/100|[from] Spikes
|-ability|p2a: Zamazenta|Dauntless Shield|boost
|-boost|p2a: Zamazenta|def|1
|turn|9
|-enditem|p1a: Gholdengo|Custap Berry|[eat]
|-activate|p1a: Gholdengo|item: Custap Berry|[consumed]
|
|t:|1781593534
|move|p1a: Gholdengo|Make It Rain|p2a: Zamazenta
|-damage|p2a: Zamazenta|2/100
|-unboost|p1a: Gholdengo|spa|1
|move|p2a: Zamazenta|Crunch|p1a: Gholdengo
|-supereffective|p1a: Gholdengo
|-damage|p1a: Gholdengo|0 fnt
|faint|p1a: Gholdengo
|
|-heal|p2a: Zamazenta|8/100|[from] item: Leftovers
|upkeep
|
|t:|1781593573
|switch|p1a: Zamazenta|Zamazenta|100/100
|-ability|p1a: Zamazenta|Dauntless Shield|boost
|-boost|p1a: Zamazenta|def|1
|turn|10
|
|t:|1781593582
|move|p1a: Zamazenta|Close Combat|p2a: Zamazenta
|-crit|p2a: Zamazenta
|-damage|p2a: Zamazenta|0 fnt
|-unboost|p1a: Zamazenta|def|1
|-unboost|p1a: Zamazenta|spd|1
|faint|p2a: Zamazenta
|-damage|p1a: Zamazenta|91/100|[from] item: Life Orb
|
|upkeep
|
|t:|1781593600
|switch|p2a: Hydrapple|Hydrapple, F|85/100
|turn|11
|
|t:|1781593655
|move|p1a: Zamazenta|Ice Fang|p2a: Hydrapple|[miss]
|-miss|p1a: Zamazenta|p2a: Hydrapple
|move|p2a: Hydrapple|Giga Drain|p1a: Zamazenta
|-damage|p1a: Zamazenta|51/100
|-heal|p2a: Hydrapple|100/100|[from] drain|[of] p1a: Zamazenta
|
|upkeep
|turn|12
|
|t:|1781593662
|move|p1a: Zamazenta|Close Combat|p2a: Hydrapple
|-damage|p2a: Hydrapple|54/100
|-unboost|p1a: Zamazenta|def|1
|-unboost|p1a: Zamazenta|spd|1
|-damage|p1a: Zamazenta|41/100|[from] item: Life Orb
|move|p2a: Hydrapple|Giga Drain|p1a: Zamazenta
|-damage|p1a: Zamazenta|0 fnt
|-heal|p2a: Hydrapple|70/100|[from] drain|[of] p1a: Zamazenta
|faint|p1a: Zamazenta
|
|upkeep
|
|t:|1781593671
|switch|p1a: Great Tusk|Great Tusk|100/100
|-enditem|p1a: Great Tusk|Booster Energy
|-activate|p1a: Great Tusk|ability: Protosynthesis|[fromitem]
|-start|p1a: Great Tusk|protosynthesisspe
|turn|13
|
|t:|1781593675
|move|p1a: Great Tusk|Ice Spinner|p2a: Hydrapple
|-supereffective|p2a: Hydrapple
|-damage|p2a: Hydrapple|15/100
|move|p2a: Hydrapple|Giga Drain|p1a: Great Tusk
|-supereffective|p1a: Great Tusk
|-damage|p1a: Great Tusk|19/100
|-heal|p2a: Hydrapple|59/100|[from] drain|[of] p1a: Great Tusk
|
|upkeep
|turn|14
|
|t:|1781593686
|switch|p2a: Moltres|Moltres|100/100
|move|p1a: Great Tusk|Ice Spinner|p2a: Moltres
|-damage|p2a: Moltres|86/100
|-status|p1a: Great Tusk|brn|[from] ability: Flame Body|[of] p2a: Moltres
|
|-damage|p1a: Great Tusk|13/100 brn|[from] brn
|upkeep
|turn|15
|
|t:|1781593691
|move|p1a: Great Tusk|Taunt|p2a: Moltres
|-start|p2a: Moltres|move: Taunt
|move|p2a: Moltres|U-turn|p1a: Great Tusk
|-resisted|p1a: Great Tusk
|-damage|p1a: Great Tusk|8/100 brn
|
|t:|1781593701
|switch|p2a: Hydrapple|Hydrapple, F|93/100|[from] U-turn
|
|-damage|p1a: Great Tusk|2/100 brn|[from] brn
|upkeep
|turn|16
|
|t:|1781593707
|switch|p2a: Moltres|Moltres|86/100
|move|p1a: Great Tusk|Taunt|p2a: Moltres
|-start|p2a: Moltres|move: Taunt
|
|-damage|p1a: Great Tusk|0 fnt|[from] brn
|faint|p1a: Great Tusk
|-end|p1a: Great Tusk|Protosynthesis|[silent]
|upkeep
|
|t:|1781593708
|switch|p1a: Dragonite|Dragonite, M|100/100
|turn|17
|
|t:|1781593712
|move|p1a: Dragonite|Dragon Dance|p1a: Dragonite
|-boost|p1a: Dragonite|atk|1
|-boost|p1a: Dragonite|spe|1
|move|p2a: Moltres|U-turn|p1a: Dragonite
|-resisted|p1a: Dragonite
|-damage|p1a: Dragonite|96/100
|
|t:|1781593713
|switch|p2a: Toxapex|Toxapex, M|100/100|[from] U-turn
|-damage|p2a: Toxapex|88/100|[from] Stealth Rock
|-damage|p2a: Toxapex|76/100|[from] Spikes
|
|-heal|p2a: Toxapex|82/100|[from] item: Leftovers
|upkeep
|turn|18
|j| kanaete onegai
|
|t:|1781593718
|move|p1a: Dragonite|Outrage|p2a: Toxapex
|-damage|p2a: Toxapex|0 fnt
|faint|p2a: Toxapex
|-damage|p1a: Dragonite|87/100|[from] item: Life Orb
|
|upkeep
|
|t:|1781593723
|switch|p2a: Moltres|Moltres|86/100
|turn|19
|
|t:|1781593727
|-terastallize|p2a: Moltres|Fairy
|move|p1a: Dragonite|Outrage|p2a: Moltres|[from] lockedmove
|-immune|p2a: Moltres
|-start|p1a: Dragonite|confusion|[fatigue]
|move|p2a: Moltres|Flamethrower|p1a: Dragonite
|-resisted|p1a: Dragonite
|-damage|p1a: Dragonite|66/100
|-status|p1a: Dragonite|brn
|
|-damage|p1a: Dragonite|59/100 brn|[from] brn
|upkeep
|turn|20
|-message|tamarisimms forfeited.
|
|win|Miurez
|raw|tamarisimms's rating: 1570 &rarr; <strong>1549</strong><br />(-21 for losing)
|raw|Miurez's rating: 1560 &rarr; <strong>1581</strong><br />(+21 for winning)
|l|☆tamarisimms
|player|p1|
|l|☆Miurez
|player|p2|
