|j|☆Praise The Salt
|j|‽thraggnezone
|t:|1781206055
|gametype|singles
|player|p1|Praise The Salt|2|1711
|player|p2|thraggnezone|clown|1716
|gen|9
|tier|[Gen 9] OU
|rated|
|rule|HP Percentage Mod: HP is shown in percentages
|rule|Endless Battle Clause: Forcing endless battles is banned
|rule|Species Clause: Limit one of each Pokémon
|rule|OHKO Clause: OHKO moves are banned
|rule|Evasion Items Clause: Evasion items are banned
|rule|Evasion Moves Clause: Evasion moves are banned
|rule|Evasion Abilities Clause: Evasion abilities are banned
|rule|Sleep Moves Clause: Sleep-inducing moves are banned
|clearpoke
|poke|p1|Cinderace, F|
|poke|p1|Fezandipiti, M|
|poke|p1|Great Tusk|
|poke|p1|Mandibuzz, F|
|poke|p1|Torkoal, M|
|poke|p1|Volcanion|
|poke|p2|Iron Treads|
|poke|p2|Araquanid, F|
|poke|p2|Iron Valiant|
|poke|p2|Dragonite, M|
|poke|p2|Enamorus, F|
|poke|p2|Kingambit, M|
|teampreview
|inactive|Battle timer is ON: inactive players will automatically lose when time's up. (requested by Praise The Salt)
|inactive|Praise The Salt has 120 seconds left.
|
|t:|1781206096
|teamsize|p1|6
|teamsize|p2|6
|start
|switch|p1a: Volcanion|Volcanion|100/100
|switch|p2a: Araquanid|Araquanid, F|100/100
|turn|1
|
|t:|1781206109
|move|p1a: Volcanion|Steam Eruption|p2a: Araquanid
|-resisted|p2a: Araquanid
|-damage|p2a: Araquanid|64/100
|move|p2a: Araquanid|Sticky Web|p1a: Volcanion
|-sidestart|p1: Praise The Salt|move: Sticky Web
|
|upkeep
|turn|2
|
|t:|1781206113
|move|p1a: Volcanion|Steam Eruption|p2a: Araquanid
|-resisted|p2a: Araquanid
|-damage|p2a: Araquanid|29/100
|move|p2a: Araquanid|Endeavor|p1a: Volcanion
|-damage|p1a: Volcanion|30/100
|
|upkeep
|turn|3
|
|t:|1781206123
|move|p1a: Volcanion|Steam Eruption|p2a: Araquanid
|-resisted|p2a: Araquanid
|-damage|p2a: Araquanid|0 fnt
|faint|p2a: Araquanid
|
|upkeep
|inactive|thraggnezone has 120 seconds left.
|
|t:|1781206149
|switch|p2a: Dragonite|Dragonite, M|100/100
|turn|4
|
|t:|1781206155
|move|p2a: Dragonite|Scale Shot|p1a: Volcanion
|-damage|p1a: Volcanion|18/100
|-damage|p1a: Volcanion|4/100
|-damage|p1a: Volcanion|0 fnt
|faint|p1a: Volcanion
|-hitcount|p1: Volcanion|3
|-unboost|p2a: Dragonite|def|1
|-boost|p2a: Dragonite|spe|1
|
|upkeep
|
|t:|1781206161
|switch|p1a: Mandibuzz|Mandibuzz, F, shiny|100/100
|turn|5
|
|t:|1781206166
|move|p2a: Dragonite|Dragon Dance|p2a: Dragonite
|-boost|p2a: Dragonite|atk|1
|-boost|p2a: Dragonite|spe|1
|move|p1a: Mandibuzz|Defog|p2a: Dragonite
|-unboost|p2a: Dragonite|evasion|1
|-sideend|p1: Praise The Salt|Sticky Web|[from] move: Defog|[of] p1a: Mandibuzz
|
|upkeep
|turn|6
|
|t:|1781206173
|move|p2a: Dragonite|Encore|p1a: Mandibuzz
|-start|p1a: Mandibuzz|Encore
|move|p1a: Mandibuzz|Defog|p2a: Dragonite
|-unboost|p2a: Dragonite|evasion|1
|
|upkeep
|turn|7
|
|t:|1781206182
|switch|p1a: Torkoal|Torkoal, M, shiny|100/100
|-weather|SunnyDay|[from] ability: Drought|[of] p1a: Torkoal
|move|p2a: Dragonite|Dragon Dance|p2a: Dragonite
|-boost|p2a: Dragonite|atk|1
|-boost|p2a: Dragonite|spe|1
|
|-weather|SunnyDay|[upkeep]
|upkeep
|turn|8
|
|t:|1781206186
|switch|p1a: Mandibuzz|Mandibuzz, F, shiny|100/100
|move|p2a: Dragonite|Scale Shot|p1a: Mandibuzz
|-damage|p1a: Mandibuzz|83/100
|-damage|p1a: Mandibuzz|65/100
|-damage|p1a: Mandibuzz|47/100
|-damage|p1a: Mandibuzz|30/100
|-damage|p1a: Mandibuzz|13/100
|-hitcount|p1a: Mandibuzz|5
|-unboost|p2a: Dragonite|def|1
|-boost|p2a: Dragonite|spe|1
|
|-weather|SunnyDay|[upkeep]
|upkeep
|turn|9
|
|t:|1781206191
|-terastallize|p1a: Mandibuzz|Fairy
|move|p2a: Dragonite|Scale Shot|p1a: Mandibuzz
|-immune|p1a: Mandibuzz
|move|p1a: Mandibuzz|Foul Play|p2a: Dragonite
|-damage|p2a: Dragonite|0 fnt
|faint|p2a: Dragonite
|
|-weather|SunnyDay|[upkeep]
|upkeep
|
|t:|1781206205
|switch|p2a: Iron Treads|Iron Treads|100/100
|-enditem|p2a: Iron Treads|Booster Energy
|-activate|p2a: Iron Treads|ability: Quark Drive|[fromitem]
|-start|p2a: Iron Treads|quarkdriveatk
|turn|10
|
|t:|1781206229
|move|p2a: Iron Treads|Rapid Spin|p1a: Mandibuzz
|-damage|p1a: Mandibuzz|1/100
|-boost|p2a: Iron Treads|spe|1
|-damage|p2a: Iron Treads|84/100|[from] item: Rocky Helmet|[of] p1a: Mandibuzz
|move|p1a: Mandibuzz|Foul Play|p2a: Iron Treads
|-damage|p2a: Iron Treads|43/100
|
|-weather|SunnyDay|[upkeep]
|upkeep
|turn|11
|
|t:|1781206234
|move|p2a: Iron Treads|Earthquake|p1a: Mandibuzz
|-damage|p1a: Mandibuzz|0 fnt
|faint|p1a: Mandibuzz
|
|-weather|SunnyDay|[upkeep]
|upkeep
|
|t:|1781206246
|switch|p1a: Great Tusk|Great Tusk, shiny|100/100
|-activate|p1a: Great Tusk|ability: Protosynthesis
|-start|p1a: Great Tusk|protosynthesisatk
|turn|12
|
|t:|1781206254
|move|p2a: Iron Treads|Ice Spinner|p1a: Great Tusk
|-supereffective|p1a: Great Tusk
|-damage|p1a: Great Tusk|43/100
|move|p1a: Great Tusk|Headlong Rush|p2a: Iron Treads
|-supereffective|p2a: Iron Treads
|-damage|p2a: Iron Treads|0 fnt
|-unboost|p1a: Great Tusk|def|1
|-unboost|p1a: Great Tusk|spd|1
|faint|p2a: Iron Treads
|-end|p2a: Iron Treads|Quark Drive|[silent]
|
|-weather|SunnyDay|[upkeep]
|upkeep
|
|t:|1781206260
|switch|p2a: Kingambit|Kingambit, M|100/100
|-activate|p2a: Kingambit|ability: Supreme Overlord
|-start|p2a: Kingambit|fallen3|[silent]
|-item|p2a: Kingambit|Air Balloon
|turn|13
|j| temporarylight
|j| omari p
|
|t:|1781206277
|-end|p1a: Great Tusk|Protosynthesis|[silent]
|switch|p1a: Cinderace|Cinderace, F|100/100
|move|p2a: Kingambit|Low Kick|p1a: Cinderace
|-damage|p1a: Cinderace|59/100
|
|-weather|SunnyDay|[upkeep]
|upkeep
|turn|14
|
|t:|1781206285
|move|p1a: Cinderace|Sucker Punch|p2a: Kingambit
|-start|p1a: Cinderace|typechange|Dark|[from] ability: Libero
|-resisted|p2a: Kingambit
|-damage|p2a: Kingambit|85/100
|-enditem|p2a: Kingambit|Air Balloon
|move|p2a: Kingambit|Sucker Punch||[still]
|-fail|p2a: Kingambit
|
|-weather|none
|upkeep
|turn|15
|
|t:|1781206291
|move|p1a: Cinderace|Pyro Ball|p2a: Kingambit
|-supereffective|p2a: Kingambit
|-damage|p2a: Kingambit|0 fnt
|faint|p2a: Kingambit
|-end|p2a: Kingambit|fallen3|[silent]
|
|upkeep
|
|t:|1781206300
|switch|p2a: Iron Valiant|Iron Valiant|100/100
|-enditem|p2a: Iron Valiant|Booster Energy
|-activate|p2a: Iron Valiant|ability: Quark Drive|[fromitem]
|-start|p2a: Iron Valiant|quarkdrivespa
|turn|16
|
|t:|1781206307
|switch|p1a: Torkoal|Torkoal, M, shiny|100/100
|-weather|SunnyDay|[from] ability: Drought|[of] p1a: Torkoal
|move|p2a: Iron Valiant|Calm Mind|p2a: Iron Valiant
|-boost|p2a: Iron Valiant|spa|1
|-boost|p2a: Iron Valiant|spd|1
|
|-weather|SunnyDay|[upkeep]
|upkeep
|turn|17
|
|t:|1781206312
|-terastallize|p2a: Iron Valiant|Electric
|move|p2a: Iron Valiant|Thunderbolt|p1a: Torkoal
|-damage|p1a: Torkoal|0 fnt
|faint|p1a: Torkoal
|
|-weather|SunnyDay|[upkeep]
|upkeep
|inactive|Praise The Salt has 120 seconds left.
|
|t:|1781206345
|switch|p1a: Fezandipiti|Fezandipiti, M|100/100
|turn|18
|
|t:|1781206348
|move|p2a: Iron Valiant|Thunderbolt|p1a: Fezandipiti
|-damage|p1a: Fezandipiti|28/100
|move|p1a: Fezandipiti|Sludge Bomb|p2a: Iron Valiant
|-damage|p2a: Iron Valiant|58/100
|
|-weather|SunnyDay|[upkeep]
|-heal|p1a: Fezandipiti|34/100|[from] item: Leftovers
|upkeep
|turn|19
|
|t:|1781206362
|move|p2a: Iron Valiant|Thunderbolt|p1a: Fezandipiti
|-damage|p1a: Fezandipiti|0 fnt
|faint|p1a: Fezandipiti
|
|-weather|SunnyDay|[upkeep]
|upkeep
|
|t:|1781206365
|switch|p1a: Great Tusk|Great Tusk, shiny|43/100
|-activate|p1a: Great Tusk|ability: Protosynthesis
|-start|p1a: Great Tusk|protosynthesisatk
|turn|20
|c|☆Praise The Salt|gg
|
|t:|1781206376
|move|p2a: Iron Valiant|Vacuum Wave|p1a: Great Tusk
|-damage|p1a: Great Tusk|0 fnt
|faint|p1a: Great Tusk
|-end|p1a: Great Tusk|Protosynthesis|[silent]
|
|-weather|SunnyDay|[upkeep]
|upkeep
|
|t:|1781206378
|switch|p1a: Cinderace|Cinderace, F|59/100
|turn|21
|
|t:|1781206382
|move|p1a: Cinderace|Sucker Punch|p2a: Iron Valiant
|-start|p1a: Cinderace|typechange|Dark|[from] ability: Libero
|-damage|p2a: Iron Valiant|9/100
|move|p2a: Iron Valiant|Vacuum Wave|p1a: Cinderace
|-supereffective|p1a: Cinderace
|-damage|p1a: Cinderace|0 fnt
|faint|p1a: Cinderace
|
|win|thraggnezone
|raw|Praise The Salt's rating: 1711 &rarr; <strong>1691</strong><br />(-20 for losing)
|raw|thraggnezone's rating: 1716 &rarr; <strong>1736</strong><br />(+20 for winning)
|l|☆Praise The Salt
|player|p1|
|j| Honourial
|l| omari p
|l| Honourial
|l|‽thraggnezone
|player|p2|
