|j|☆YT-Cyber-DJ
|j|☆rblt ryo
|t:|1781547343
|gametype|singles
|player|p1|YT-Cyber-DJ|gambler|1728
|player|p2|rblt ryo|grimsley-gen7|1686
|gen|9
|tier|[Gen 9] OU
|rated|
|rule|HP Percentage Mod: HP is shown in percentages
|rule|Endless Battle Clause: Forcing endless battles is banned
|rule|Species Clause: Limit one of each Pokémon
|rule|OHKO Clause: OHKO moves are banned
|rule|Evasion Items Clause: Evasion items are banned
|rule|Evasion Moves Clause: Evasion moves are banned
|rule|Evasion Abilities Clause: Evasion abilities are banned
|rule|Sleep Moves Clause: Sleep-inducing moves are banned
|clearpoke
|poke|p1|Iron Treads|
|poke|p1|Dragonite, F|
|poke|p1|Iron Valiant|
|poke|p1|Samurott-Hisui, F|
|poke|p1|Gholdengo|
|poke|p1|Latios, M|
|poke|p2|Ting-Lu|
|poke|p2|Corviknight, F|
|poke|p2|Hatterene, F|
|poke|p2|Amoonguss, M|
|poke|p2|Dondozo, M|
|poke|p2|Hoopa-Unbound|
|teampreview
|inactive|Battle timer is ON: inactive players will automatically lose when time's up. (requested by YT-Cyber-DJ)
|c|☆YT-Cyber-DJ|Hf
|j| DA COME UP
|inactive|YT-Cyber-DJ has 120 seconds left.
|inactive|rblt ryo has 120 seconds left.
|
|t:|1781547396
|teamsize|p1|6
|teamsize|p2|6
|start
|switch|p1a: V-800|Iron Valiant, shiny|100/100
|switch|p2a: Hoopa|Hoopa-Unbound|100/100
|-enditem|p1a: V-800|Booster Energy
|-activate|p1a: V-800|ability: Quark Drive|[fromitem]
|-start|p1a: V-800|quarkdrivespe
|turn|1
|
|t:|1781547411
|switch|p2a: Amoonguss|Amoonguss, M|100/100
|move|p1a: V-800|Destiny Bond|p1a: V-800
|-singlemove|p1a: V-800|Destiny Bond
|
|upkeep
|turn|2
|
|t:|1781547433
|-end|p1a: V-800|Quark Drive|[silent]
|switch|p1a: Worth Every Penny|Gholdengo|100/100
|move|p2a: Amoonguss|Stun Spore|p1a: Worth Every Penny
|-immune|p1a: Worth Every Penny|[from] ability: Good as Gold
|
|upkeep
|turn|3
|
|t:|1781547441
|switch|p2a: Hoopa|Hoopa-Unbound|100/100
|move|p1a: Worth Every Penny|Trick|p2a: Hoopa
|-activate|p1a: Worth Every Penny|move: Trick|[of] p2a: Hoopa
|-item|p2a: Hoopa|Choice Scarf|[from] move: Trick
|-item|p1a: Worth Every Penny|Assault Vest|[from] move: Trick
|
|upkeep
|turn|4
|
|t:|1781547456
|switch|p2a: Ting-Lu|Ting-Lu|100/100
|-ability|p2a: Ting-Lu|Vessel of Ruin
|switch|p1a: V-800|Iron Valiant, shiny|100/100
|
|upkeep
|turn|5
|
|t:|1781547464
|-end|p1a: V-800|Quark Drive|[silent]
|switch|p1a: Edge of My Seat|Samurott-Hisui, F|100/100
|switch|p2a: Amoonguss|Amoonguss, M|100/100
|
|upkeep
|turn|6
|
|t:|1781547474
|move|p1a: Edge of My Seat|Ceaseless Edge|p2a: Amoonguss
|-damage|p2a: Amoonguss|67/100
|-sidestart|p2: rblt ryo|Spikes
|move|p2a: Amoonguss|Stun Spore|p1a: Edge of My Seat
|-status|p1a: Edge of My Seat|par
|
|upkeep
|turn|7
|
|t:|1781547480
|switch|p2a: Corviknight|Corviknight, F|100/100
|-ability|p2a: Corviknight|Pressure
|move|p1a: Edge of My Seat|Knock Off|p2a: Corviknight
|-damage|p2a: Corviknight|76/100
|-damage|p1a: Edge of My Seat|84/100 par|[from] item: Rocky Helmet|[of] p2a: Corviknight
|-enditem|p2a: Corviknight|Rocky Helmet|[from] move: Knock Off|[of] p1a: Edge of My Seat
|
|upkeep
|turn|8
|
|t:|1781547489
|switch|p1a: Worth Every Penny|Gholdengo|100/100
|move|p2a: Corviknight|Roost|p2a: Corviknight
|-heal|p2a: Corviknight|100/100
|-singleturn|p2a: Corviknight|move: Roost
|
|upkeep
|turn|9
|
|t:|1781547496
|switch|p2a: Ting-Lu|Ting-Lu|100/100
|-damage|p2a: Ting-Lu|88/100|[from] Spikes
|-ability|p2a: Ting-Lu|Vessel of Ruin
|move|p1a: Worth Every Penny|Make It Rain|p2a: Ting-Lu
|-damage|p2a: Ting-Lu|63/100
|-unboost|p1a: Worth Every Penny|spa|1
|
|-heal|p2a: Ting-Lu|69/100|[from] item: Leftovers
|upkeep
|turn|10
|
|t:|1781547500
|switch|p1a: Latinos|Latios, M|100/100
|move|p2a: Ting-Lu|Earthquake|p1a: Latinos
|-immune|p1a: Latinos|[from] ability: Levitate
|
|-heal|p2a: Ting-Lu|75/100|[from] item: Leftovers
|upkeep
|turn|11
|
|t:|1781547511
|switch|p1a: Worth Every Penny|Gholdengo|100/100
|move|p2a: Ting-Lu|Payback|p1a: Worth Every Penny
|-supereffective|p1a: Worth Every Penny
|-damage|p1a: Worth Every Penny|59/100
|
|-heal|p2a: Ting-Lu|82/100|[from] item: Leftovers
|upkeep
|turn|12
|
|t:|1781547522
|switch|p1a: V-800|Iron Valiant, shiny|100/100
|move|p2a: Ting-Lu|Earthquake|p1a: V-800
|-damage|p1a: V-800|56/100
|
|-heal|p2a: Ting-Lu|88/100|[from] item: Leftovers
|upkeep
|turn|13
|
|t:|1781547529
|switch|p2a: Amoonguss|Amoonguss, M|99/100
|move|p1a: V-800|Knock Off|p2a: Amoonguss
|-damage|p2a: Amoonguss|80/100
|-enditem|p2a: Amoonguss|Heavy-Duty Boots|[from] move: Knock Off|[of] p1a: V-800
|
|upkeep
|turn|14
|
|t:|1781547550
|-end|p1a: V-800|Quark Drive|[silent]
|switch|p1a: Worth Every Penny|Gholdengo|59/100
|move|p2a: Amoonguss|Stomping Tantrum|p1a: Worth Every Penny
|-supereffective|p1a: Worth Every Penny
|-damage|p1a: Worth Every Penny|22/100
|
|upkeep
|turn|15
|
|t:|1781547559
|move|p1a: Worth Every Penny|Shadow Ball|p2a: Amoonguss
|-damage|p2a: Amoonguss|42/100
|move|p2a: Amoonguss|Stomping Tantrum|p1a: Worth Every Penny
|-supereffective|p1a: Worth Every Penny
|-damage|p1a: Worth Every Penny|0 fnt
|faint|p1a: Worth Every Penny
|
|upkeep
|inactive|YT-Cyber-DJ has 120 seconds left.
|
|t:|1781547580
|switch|p1a: Latinos|Latios, M|100/100
|turn|16
|
|t:|1781547587
|switch|p2a: Hatterene|Hatterene, F|100/100
|-damage|p2a: Hatterene|88/100|[from] Spikes
|move|p1a: Latinos|Psychic Noise|p2a: Hatterene
|-resisted|p2a: Hatterene
|-damage|p2a: Hatterene|67/100
|-start|p2a: Hatterene|move: Heal Block
|
|upkeep
|turn|17
|
|t:|1781547594
|switch|p1a: Address Me|Iron Treads|100/100
|move|p2a: Hatterene|Pain Split|p1a: Address Me
|-sethp|p1a: Address Me|84/100|[from] move: Pain Split|[silent]
|-sethp|p2a: Hatterene|84/100|[from] move: Pain Split
|
|-heal|p1a: Address Me|90/100|[from] item: Leftovers
|-end|p2a: Hatterene|move: Heal Block
|upkeep
|turn|18
|
|t:|1781547608
|-end|p1a: Address Me|Quark Drive|[silent]
|switch|p1a: V-800|Iron Valiant, shiny|56/100
|switch|p2a: Corviknight|Corviknight, F|100/100
|-ability|p2a: Corviknight|Pressure
|
|upkeep
|turn|19
|
|t:|1781547622
|move|p1a: V-800|Close Combat|p2a: Corviknight
|-damage|p2a: Corviknight|69/100
|-unboost|p1a: V-800|def|1
|-unboost|p1a: V-800|spd|1
|move|p2a: Corviknight|Defog|p1a: V-800
|-unboost|p1a: V-800|evasion|1
|-sideend|p2: rblt ryo|Spikes|[from] move: Defog|[of] p2a: Corviknight
|
|upkeep
|turn|20
|
|t:|1781547633
|-end|p1a: V-800|Quark Drive|[silent]
|switch|p1a: Edge of My Seat|Samurott-Hisui, F|84/100 par
|switch|p2a: Amoonguss|Amoonguss, M|75/100
|
|upkeep
|turn|21
|
|t:|1781547643
|switch|p2a: Corviknight|Corviknight, F|69/100
|-ability|p2a: Corviknight|Pressure
|move|p1a: Edge of My Seat|Ceaseless Edge|p2a: Corviknight
|-damage|p2a: Corviknight|42/100
|-sidestart|p2: rblt ryo|Spikes
|
|upkeep
|turn|22
|l| DA COME UP
|
|t:|1781547659
|move|p2a: Corviknight|Roost|p2a: Corviknight
|-heal|p2a: Corviknight|92/100
|-singleturn|p2a: Corviknight|move: Roost
|move|p1a: Edge of My Seat|Razor Shell|p2a: Corviknight
|-damage|p2a: Corviknight|65/100
|-unboost|p2a: Corviknight|def|1
|
|upkeep
|turn|23
|
|t:|1781547668
|move|p2a: Corviknight|Roost|p2a: Corviknight
|-heal|p2a: Corviknight|100/100
|-singleturn|p2a: Corviknight|move: Roost
|move|p1a: Edge of My Seat|Ceaseless Edge|p2a: Corviknight
|-damage|p2a: Corviknight|60/100
|-sidestart|p2: rblt ryo|Spikes
|
|upkeep
|turn|24
|
|t:|1781547682
|move|p2a: Corviknight|Iron Defense|p2a: Corviknight
|-boost|p2a: Corviknight|def|2
|move|p1a: Edge of My Seat|Ceaseless Edge|p2a: Corviknight
|-damage|p2a: Corviknight|42/100
|-sidestart|p2: rblt ryo|Spikes
|
|upkeep
|turn|25
|
|t:|1781547707
|switch|p1a: Latinos|Latios, M|100/100
|move|p2a: Corviknight|Defog|p1a: Latinos
|-unboost|p1a: Latinos|evasion|1
|-sideend|p2: rblt ryo|Spikes|[from] move: Defog|[of] p2a: Corviknight
|
|upkeep
|turn|26
|
|t:|1781547717
|switch|p2a: Hoopa|Hoopa-Unbound|100/100
|move|p1a: Latinos|Psychic Noise|p2a: Hoopa
|-immune|p2a: Hoopa
|
|upkeep
|turn|27
|
|t:|1781547724
|switch|p1a: V-800|Iron Valiant, shiny|56/100
|move|p2a: Hoopa|Drain Punch|p1a: V-800
|-resisted|p1a: V-800
|-damage|p1a: V-800|37/100
|
|upkeep
|turn|28
|inactive|YT-Cyber-DJ has 120 seconds left.
|
|t:|1781547758
|-end|p1a: V-800|Quark Drive|[silent]
|switch|p1a: Latinos|Latios, M|100/100
|move|p2a: Hoopa|Drain Punch|p1a: Latinos
|-resisted|p1a: Latinos
|-damage|p1a: Latinos|82/100
|
|upkeep
|turn|29
|
|t:|1781547764
|switch|p2a: Ting-Lu|Ting-Lu|88/100
|-ability|p2a: Ting-Lu|Vessel of Ruin
|move|p1a: Latinos|Calm Mind|p1a: Latinos
|-boost|p1a: Latinos|spa|1
|-boost|p1a: Latinos|spd|1
|
|-heal|p2a: Ting-Lu|94/100|[from] item: Leftovers
|upkeep
|turn|30
|
|t:|1781547770
|move|p1a: Latinos|Draco Meteor|p2a: Ting-Lu
|-damage|p2a: Ting-Lu|52/100
|-unboost|p1a: Latinos|spa|2
|move|p2a: Ting-Lu|Payback|p1a: Latinos
|-supereffective|p1a: Latinos
|-damage|p1a: Latinos|0 fnt
|faint|p1a: Latinos
|
|-heal|p2a: Ting-Lu|59/100|[from] item: Leftovers
|upkeep
|-message|YT-Cyber-DJ forfeited.
|
|win|rblt ryo
|raw|YT-Cyber-DJ's rating: 1728 &rarr; <strong>1706</strong><br />(-22 for losing)
|raw|rblt ryo's rating: 1686 &rarr; <strong>1708</strong><br />(+22 for winning)
|l|☆YT-Cyber-DJ
|player|p1|
