|j|☆NoobishTrainerJoe
|j|☆LowEL0God
|t:|1781521284
|gametype|singles
|player|p1|NoobishTrainerJoe|101|1599
|player|p2|LowEL0God|265|1654
|gen|9
|tier|[Gen 9] OU
|rated|
|rule|HP Percentage Mod: HP is shown in percentages
|rule|Endless Battle Clause: Forcing endless battles is banned
|rule|Species Clause: Limit one of each Pokémon
|rule|OHKO Clause: OHKO moves are banned
|rule|Evasion Items Clause: Evasion items are banned
|rule|Evasion Moves Clause: Evasion moves are banned
|rule|Evasion Abilities Clause: Evasion abilities are banned
|rule|Sleep Moves Clause: Sleep-inducing moves are banned
|clearpoke
|poke|p1|Oricorio-Sensu, M|
|poke|p1|Ceruledge, F|
|poke|p1|Clefable, M|
|poke|p1|Samurott-Hisui, F|
|poke|p1|Ting-Lu|
|poke|p1|Corviknight, M|
|poke|p2|Pelipper, F|
|poke|p2|Raging Bolt|
|poke|p2|Overqwil, F|
|poke|p2|Barraskewda, M|
|poke|p2|Iron Treads|
|poke|p2|Kingambit, M|
|teampreview
|c|☆LowEL0God|hf
|inactive|Battle timer is ON: inactive players will automatically lose when time's up. (requested by LowEL0God)
|
|t:|1781521302
|teamsize|p1|6
|teamsize|p2|6
|start
|switch|p1a: Samurott|Samurott-Hisui, F|100/100
|switch|p2a: Barraskewda|Barraskewda, M|100/100
|turn|1
|
|t:|1781521307
|move|p2a: Barraskewda|Close Combat|p1a: Samurott
|-supereffective|p1a: Samurott
|-damage|p1a: Samurott|0 fnt
|-unboost|p2a: Barraskewda|def|1
|-unboost|p2a: Barraskewda|spd|1
|faint|p1a: Samurott
|
|upkeep
|
|t:|1781521313
|switch|p1a: Oricorio|Oricorio-Sensu, M|100/100
|turn|2
|
|t:|1781521315
|switch|p2a: Kingambit|Kingambit, M|100/100
|move|p1a: Oricorio|Quiver Dance|p1a: Oricorio
|-boost|p1a: Oricorio|spa|1
|-boost|p1a: Oricorio|spd|1
|-boost|p1a: Oricorio|spe|1
|
|upkeep
|turn|3
|
|t:|1781521322
|-terastallize|p1a: Oricorio|Fighting
|move|p1a: Oricorio|Revelation Dance|p2a: Kingambit
|-supereffective|p2a: Kingambit
|-damage|p2a: Kingambit|0 fnt
|faint|p2a: Kingambit
|-end|p2a: Kingambit|fallenundefined|[silent]
|
|upkeep
|
|t:|1781521323
|switch|p2a: Pelipper|Pelipper, F|100/100
|-weather|RainDance|[from] ability: Drizzle|[of] p2a: Pelipper
|turn|4
|
|t:|1781521331
|switch|p1a: Ting-Lu|Ting-Lu|100/100
|-ability|p1a: Ting-Lu|Vessel of Ruin
|move|p2a: Pelipper|Hurricane|p1a: Ting-Lu
|-damage|p1a: Ting-Lu|85/100
|
|-weather|RainDance|[upkeep]
|-heal|p1a: Ting-Lu|91/100|[from] item: Leftovers
|upkeep
|turn|5
|
|t:|1781521333
|switch|p2a: Barraskewda|Barraskewda, M|100/100
|move|p1a: Ting-Lu|Stealth Rock|p2a: Barraskewda
|-sidestart|p2: LowEL0God|move: Stealth Rock
|
|-weather|RainDance|[upkeep]
|-heal|p1a: Ting-Lu|98/100|[from] item: Leftovers
|upkeep
|turn|6
|
|t:|1781521347
|move|p2a: Barraskewda|Liquidation|p1a: Ting-Lu
|-supereffective|p1a: Ting-Lu
|-damage|p1a: Ting-Lu|0 fnt
|faint|p1a: Ting-Lu
|
|-weather|RainDance|[upkeep]
|upkeep
|
|t:|1781521350
|switch|p1a: Clefable|Clefable, M|100/100
|turn|7
|
|t:|1781521353
|-terastallize|p2a: Barraskewda|Water
|move|p2a: Barraskewda|Liquidation|p1a: Clefable
|-crit|p1a: Clefable
|-damage|p1a: Clefable|0 fnt
|faint|p1a: Clefable
|
|-weather|RainDance|[upkeep]
|upkeep
|c|☆NoobishTrainerJoe|Bruh
|
|t:|1781521372
|switch|p1a: Corviknight|Corviknight, M|100/100
|-ability|p1a: Corviknight|Pressure
|turn|8
|
|t:|1781521374
|move|p2a: Barraskewda|Liquidation|p1a: Corviknight
|-damage|p1a: Corviknight|17/100
|-unboost|p1a: Corviknight|def|1
|-damage|p2a: Barraskewda|84/100|[from] item: Rocky Helmet|[of] p1a: Corviknight
|move|p1a: Corviknight|U-turn|p2a: Barraskewda
|-damage|p2a: Barraskewda|53/100
|
|t:|1781521381
|switch|p1a: Ceruledge|Ceruledge, F|100/100|[from] U-turn
|
|-weather|RainDance|[upkeep]
|upkeep
|turn|9
|
|t:|1781521385
|switch|p2a: Raging Bolt|Raging Bolt|100/100
|-damage|p2a: Raging Bolt|88/100|[from] Stealth Rock
|-enditem|p2a: Raging Bolt|Booster Energy
|-activate|p2a: Raging Bolt|ability: Protosynthesis|[fromitem]
|-start|p2a: Raging Bolt|protosynthesisspa
|move|p1a: Ceruledge|Endure||[still]
|-fail|p1a: Ceruledge
|
|-weather|RainDance|[upkeep]
|upkeep
|turn|10
|
|t:|1781521392
|switch|p1a: Corviknight|Corviknight, M|17/100
|-ability|p1a: Corviknight|Pressure
|move|p2a: Raging Bolt|Thunder|p1a: Corviknight
|-supereffective|p1a: Corviknight
|-damage|p1a: Corviknight|0 fnt
|faint|p1a: Corviknight
|
|-weather|RainDance|[upkeep]
|upkeep
|
|t:|1781521394
|switch|p1a: Oricorio|Oricorio-Sensu, M, tera:Fighting|100/100
|turn|11
|
|t:|1781521396
|move|p1a: Oricorio|Quiver Dance|p1a: Oricorio
|-boost|p1a: Oricorio|spa|1
|-boost|p1a: Oricorio|spd|1
|-boost|p1a: Oricorio|spe|1
|move|p2a: Raging Bolt|Weather Ball|p1a: Oricorio
|-damage|p1a: Oricorio|37/100
|
|-weather|none
|upkeep
|turn|12
|
|t:|1781521406
|move|p1a: Oricorio|Roost|p1a: Oricorio
|-heal|p1a: Oricorio|87/100
|move|p2a: Raging Bolt|Draco Meteor|p1a: Oricorio
|-damage|p1a: Oricorio|0 fnt
|-unboost|p2a: Raging Bolt|spa|2
|faint|p1a: Oricorio
|
|upkeep
|
|t:|1781521416
|switch|p1a: Ceruledge|Ceruledge, F|100/100
|turn|13
|
|t:|1781521420
|-end|p2a: Raging Bolt|Protosynthesis|[silent]
|switch|p2a: Pelipper|Pelipper, F|100/100
|-damage|p2a: Pelipper|76/100|[from] Stealth Rock
|-weather|RainDance|[from] ability: Drizzle|[of] p2a: Pelipper
|move|p1a: Ceruledge|Bitter Blade|p2a: Pelipper
|-resisted|p2a: Pelipper
|-damage|p2a: Pelipper|66/100
|
|-weather|RainDance|[upkeep]
|upkeep
|turn|14
|
|t:|1781521422
|move|p1a: Ceruledge|Poltergeist|p2a: Pelipper
|-activate|p2a: Pelipper|move: Poltergeist|Damp Rock
|-damage|p2a: Pelipper|21/100
|move|p2a: Pelipper|Weather Ball|p1a: Ceruledge
|-supereffective|p1a: Ceruledge
|-damage|p1a: Ceruledge|0 fnt
|faint|p1a: Ceruledge
|
|win|LowEL0God
|raw|NoobishTrainerJoe's rating: 1599 &rarr; <strong>1582</strong><br />(-17 for losing)
|raw|LowEL0God's rating: 1654 &rarr; <strong>1671</strong><br />(+17 for winning)
|l|☆NoobishTrainerJoe
|player|p1|
|c|☆LowEL0God|gg
|l|☆LowEL0God
|player|p2|
