|j|☆manabi.portoviejo
|j|☆HageverMelech
|t:|1781102615
|gametype|singles
|player|p1|manabi.portoviejo|1|1682
|player|p2|HageverMelech|ghetsis-gen5bw|1723
|gen|9
|tier|[Gen 9] OU
|rated|
|rule|HP Percentage Mod: HP is shown in percentages
|rule|Endless Battle Clause: Forcing endless battles is banned
|rule|Species Clause: Limit one of each Pokémon
|rule|OHKO Clause: OHKO moves are banned
|rule|Evasion Items Clause: Evasion items are banned
|rule|Evasion Moves Clause: Evasion moves are banned
|rule|Evasion Abilities Clause: Evasion abilities are banned
|rule|Sleep Moves Clause: Sleep-inducing moves are banned
|clearpoke
|poke|p1|Hoopa-Unbound|
|poke|p1|Hawlucha, F|
|poke|p1|Hatterene, F|
|poke|p1|Iron Crown|
|poke|p1|Indeedee-F, F|
|poke|p1|Cloyster, F|
|poke|p2|Tyranitar, F|
|poke|p2|Corviknight, F|
|poke|p2|Slowking-Galar, F|
|poke|p2|Dondozo, M|
|poke|p2|Great Tusk|
|poke|p2|Dragapult, F|
|teampreview
|inactive|Battle timer is ON: inactive players will automatically lose when time's up. (requested by HageverMelech)
|
|t:|1781102625
|teamsize|p1|6
|teamsize|p2|6
|start
|switch|p1a: Indeedee|Indeedee-F, F|100/100
|switch|p2a: Nur|Dragapult, F|100/100
|-fieldstart|move: Psychic Terrain|[from] ability: Psychic Surge|[of] p1a: Indeedee
|turn|1
|
|t:|1781102629
|switch|p1a: Hatterene|Hatterene, F|100/100
|move|p2a: Nur|U-turn|p1a: Hatterene
|-damage|p1a: Hatterene|82/100
|-enditem|p1a: Hatterene|Eject Button
|
|t:|1781102634
|switch|p1a: Iron Crown|Iron Crown|100/100
|-enditem|p1a: Iron Crown|Booster Energy
|-activate|p1a: Iron Crown|ability: Quark Drive|[fromitem]
|-start|p1a: Iron Crown|quarkdrivespa
|
|upkeep
|turn|2
|
|t:|1781102639
|switch|p2a: Abu Namir|Slowking-Galar, F|100/100
|move|p1a: Iron Crown|Agility|p1a: Iron Crown
|-boost|p1a: Iron Crown|spe|2
|
|upkeep
|turn|3
|
|t:|1781102643
|move|p1a: Iron Crown|Expanding Force|p2a: Abu Namir
|-damage|p2a: Abu Namir|49/100
|move|p2a: Abu Namir|Flamethrower|p1a: Iron Crown
|-supereffective|p1a: Iron Crown
|-damage|p1a: Iron Crown|54/100
|
|upkeep
|turn|4
|
|t:|1781102650
|move|p1a: Iron Crown|Tachyon Cutter|p2a: Abu Namir
|-damage|p2a: Abu Namir|31/100
|-damage|p2a: Abu Namir|16/100
|-hitcount|p2a: Abu Namir|2
|move|p2a: Abu Namir|Flamethrower|p1a: Iron Crown
|-supereffective|p1a: Iron Crown
|-damage|p1a: Iron Crown|7/100
|-status|p1a: Iron Crown|brn
|
|-damage|p1a: Iron Crown|1/100 brn|[from] brn
|upkeep
|turn|5
|
|t:|1781102655
|switch|p2a: Ahmed|Tyranitar, F|100/100
|-weather|Sandstorm|[from] ability: Sand Stream|[of] p2a: Ahmed
|move|p1a: Iron Crown|Expanding Force|p2a: Ahmed
|-immune|p2a: Ahmed
|
|-weather|Sandstorm|[upkeep]
|-damage|p1a: Iron Crown|0 fnt|[from] brn
|faint|p1a: Iron Crown
|-end|p1a: Iron Crown|Quark Drive|[silent]
|upkeep
|
|t:|1781102673
|switch|p1a: Hoopa|Hoopa-Unbound|100/100
|turn|6
|
|t:|1781102680
|switch|p2a: Kareem|Dondozo, M, shiny|100/100
|move|p1a: Hoopa|Brick Break|p2a: Kareem
|-damage|p2a: Kareem|85/100
|
|-weather|Sandstorm|[upkeep]
|-damage|p1a: Hoopa|94/100|[from] Sandstorm
|-damage|p2a: Kareem|79/100|[from] Sandstorm
|-heal|p2a: Kareem|85/100|[from] item: Leftovers
|upkeep
|turn|7
|
|t:|1781102684
|move|p1a: Hoopa|Expanding Force|p2a: Kareem
|-damage|p2a: Kareem|9/100
|move|p2a: Kareem|Waterfall|p1a: Hoopa
|-damage|p1a: Hoopa|56/100
|
|-weather|Sandstorm|[upkeep]
|-damage|p1a: Hoopa|50/100|[from] Sandstorm
|-damage|p2a: Kareem|3/100|[from] Sandstorm
|-heal|p2a: Kareem|9/100|[from] item: Leftovers
|upkeep
|turn|8
|
|t:|1781102691
|switch|p2a: Samir|Corviknight, F, shiny|100/100
|-ability|p2a: Samir|Pressure
|move|p1a: Hoopa|Brick Break|p2a: Samir
|-damage|p2a: Samir|79/100
|-damage|p1a: Hoopa|34/100|[from] item: Rocky Helmet|[of] p2a: Samir
|
|-weather|Sandstorm|[upkeep]
|-damage|p1a: Hoopa|28/100|[from] Sandstorm
|-fieldend|move: Psychic Terrain
|upkeep
|turn|9
|
|t:|1781102697
|switch|p1a: Hatterene|Hatterene, F|82/100
|move|p2a: Samir|U-turn|p1a: Hatterene
|-damage|p1a: Hatterene|67/100
|
|t:|1781102700
|switch|p2a: Ahmed|Tyranitar, F|100/100|[from] U-turn
|
|-weather|none
|upkeep
|turn|10
|j| choispecs ironmoth
|
|t:|1781102708
|move|p2a: Ahmed|Stone Edge|p1a: Hatterene
|-damage|p1a: Hatterene|0 fnt
|faint|p1a: Hatterene
|
|upkeep
|
|t:|1781102727
|switch|p1a: Indeedee|Indeedee-F, F|100/100
|-fieldstart|move: Psychic Terrain|[from] ability: Psychic Surge|[of] p1a: Indeedee
|turn|11
|
|t:|1781102729
|move|p2a: Ahmed|Stone Edge|p1a: Indeedee|[miss]
|-miss|p2a: Ahmed|p1a: Indeedee
|move|p1a: Indeedee|Trick Room|p1a: Indeedee
|-fieldstart|move: Trick Room|[of] p1a: Indeedee
|
|upkeep
|turn|12
|
|t:|1781102733
|move|p1a: Indeedee|Healing Wish|p1a: Indeedee
|faint|p1a: Indeedee
|move|p2a: Ahmed|Stone Edge|p1: Indeedee|[notarget]
|-fail|p2a: Ahmed
|
|upkeep
|
|t:|1781102734
|switch|p1a: Hoopa|Hoopa-Unbound|28/100
|-heal|p1a: Hoopa|100/100|[from] move: Healing Wish
|turn|13
|
|t:|1781102739
|move|p1a: Hoopa|Brick Break|p2a: Ahmed
|-supereffective|p2a: Ahmed
|-damage|p2a: Ahmed|0 fnt
|faint|p2a: Ahmed
|
|upkeep
|
|t:|1781102744
|switch|p2a: Kareem|Dondozo, M, shiny|9/100
|turn|14
|
|t:|1781102747
|move|p2a: Kareem|Rest|p2a: Kareem
|-status|p2a: Kareem|slp|[from] move: Rest
|-heal|p2a: Kareem|100/100 slp|[silent]
|move|p1a: Hoopa|Expanding Force|p2a: Kareem
|-damage|p2a: Kareem|18/100 slp
|
|-heal|p2a: Kareem|24/100 slp|[from] item: Leftovers
|upkeep
|turn|15
|
|t:|1781102753
|switch|p2a: Samir|Corviknight, F, shiny|79/100
|-ability|p2a: Samir|Pressure
|move|p1a: Hoopa|Expanding Force|p2a: Samir
|-resisted|p2a: Samir
|-crit|p2a: Samir
|-damage|p2a: Samir|26/100
|
|-fieldend|move: Trick Room
|upkeep
|turn|16
|
|t:|1781102757
|move|p2a: Samir|U-turn|p1a: Hoopa
|-supereffective|p1a: Hoopa
|-damage|p1a: Hoopa|17/100
|
|t:|1781102762
|switch|p2a: Abu Namir|Slowking-Galar, F|50/100|[from] U-turn
|move|p1a: Hoopa|Expanding Force|p2a: Abu Namir
|-damage|p2a: Abu Namir|10/100
|
|upkeep
|turn|17
|
|t:|1781102771
|move|p1a: Hoopa|Expanding Force|p2a: Abu Namir
|-crit|p2a: Abu Namir
|-damage|p2a: Abu Namir|0 fnt
|faint|p2a: Abu Namir
|
|upkeep
|
|t:|1781102773
|switch|p2a: Nur|Dragapult, F|100/100
|turn|18
|
|t:|1781102786
|switch|p1a: Hawlucha|Hawlucha, F|100/100
|-enditem|p1a: Hawlucha|Psychic Seed
|-boost|p1a: Hawlucha|spd|1|[from] item: Psychic Seed
|move|p2a: Nur|Shadow Ball|p1a: Hawlucha
|-damage|p1a: Hawlucha|52/100
|-unboost|p1a: Hawlucha|spd|1
|
|-fieldend|move: Psychic Terrain
|upkeep
|turn|19
|
|t:|1781102793
|move|p1a: Hawlucha|Swords Dance|p1a: Hawlucha
|-boost|p1a: Hawlucha|atk|2
|move|p2a: Nur|Shadow Ball|p1a: Hawlucha
|-damage|p1a: Hawlucha|0 fnt
|faint|p1a: Hawlucha
|
|upkeep
|
|t:|1781102807
|switch|p1a: Cloyster|Cloyster, F|100/100
|turn|20
|
|t:|1781102809
|move|p2a: Nur|Shadow Ball|p1a: Cloyster
|-enditem|p1a: Cloyster|Focus Sash
|-damage|p1a: Cloyster|1/100
|move|p1a: Cloyster|Shell Smash|p1a: Cloyster
|-unboost|p1a: Cloyster|def|1
|-unboost|p1a: Cloyster|spd|1
|-boost|p1a: Cloyster|atk|2
|-boost|p1a: Cloyster|spa|2
|-boost|p1a: Cloyster|spe|2
|
|upkeep
|turn|21
|
|t:|1781102814
|switch|p2a: Samir|Corviknight, F, shiny|26/100
|-ability|p2a: Samir|Pressure
|move|p1a: Cloyster|Icicle Spear|p2a: Samir
|-damage|p2a: Samir|10/100
|-damage|p2a: Samir|0 fnt
|faint|p2a: Samir
|-hitcount|p2: Samir|2
|
|upkeep
|
|t:|1781102816
|switch|p2a: Yousef|Great Tusk|100/100
|turn|22
|
|t:|1781102820
|-terastallize|p2a: Yousef|Steel
|move|p1a: Cloyster|Icicle Spear|p2a: Yousef
|-resisted|p2a: Yousef
|-damage|p2a: Yousef|92/100
|-resisted|p2a: Yousef
|-damage|p2a: Yousef|84/100
|-resisted|p2a: Yousef
|-damage|p2a: Yousef|75/100
|-resisted|p2a: Yousef
|-damage|p2a: Yousef|66/100
|-resisted|p2a: Yousef
|-damage|p2a: Yousef|58/100
|-hitcount|p2a: Yousef|5
|move|p2a: Yousef|Rapid Spin|p1a: Cloyster
|-damage|p1a: Cloyster|0 fnt
|-boost|p2a: Yousef|spe|1
|faint|p1a: Cloyster
|
|upkeep
|
|t:|1781102823
|switch|p1a: Hoopa|Hoopa-Unbound|17/100
|turn|23
|-message|manabi.portoviejo forfeited.
|
|win|HageverMelech
|raw|manabi.portoviejo's rating: 1682 &rarr; <strong>1664</strong><br />(-18 for losing)
|raw|HageverMelech's rating: 1723 &rarr; <strong>1741</strong><br />(+18 for winning)
|l|☆manabi.portoviejo
|player|p1|
|c|☆HageverMelech|gg
