|j|☆plodu
|j|☆Acastillo631
|t:|1781113062
|gametype|singles
|player|p1|plodu|skierf-gen4dp|1568
|player|p2|Acastillo631|silver|1542
|gen|9
|tier|[Gen 9] OU
|rated|
|rule|HP Percentage Mod: HP is shown in percentages
|rule|Endless Battle Clause: Forcing endless battles is banned
|rule|Species Clause: Limit one of each Pokémon
|rule|OHKO Clause: OHKO moves are banned
|rule|Evasion Items Clause: Evasion items are banned
|rule|Evasion Moves Clause: Evasion moves are banned
|rule|Evasion Abilities Clause: Evasion abilities are banned
|rule|Sleep Moves Clause: Sleep-inducing moves are banned
|clearpoke
|poke|p1|Darkrai|
|poke|p1|Latias, F|
|poke|p1|Iron Valiant|
|poke|p1|Iron Treads|
|poke|p1|Moltres|
|poke|p1|Kingambit, M|
|poke|p2|Iron Valiant|
|poke|p2|Sinistcha|
|poke|p2|Tyranitar, M|
|poke|p2|Klefki, F|
|poke|p2|Swampert, M|
|poke|p2|Talonflame, F|
|teampreview
|inactive|Battle timer is ON: inactive players will automatically lose when time's up. (requested by plodu)
|j| nesnot
|inactive|Acastillo631 has 120 seconds left.
|
|t:|1781113095
|teamsize|p1|6
|teamsize|p2|6
|start
|switch|p1a: Darkrai|Darkrai|100/100
|switch|p2a: Duff Mcwhalen|Swampert, M|100/100
|turn|1
|
|t:|1781113100
|move|p1a: Darkrai|Dark Pulse|p2a: Duff Mcwhalen
|-damage|p2a: Duff Mcwhalen|72/100
|move|p2a: Duff Mcwhalen|Earthquake|p1a: Darkrai
|-damage|p1a: Darkrai|48/100
|
|-heal|p2a: Duff Mcwhalen|78/100|[from] item: Leftovers
|upkeep
|turn|2
|
|t:|1781113108
|switch|p1a: Latias|Latias, F|100/100
|move|p2a: Duff Mcwhalen|Stealth Rock|p1a: Latias
|-sidestart|p1: plodu|move: Stealth Rock
|
|-heal|p2a: Duff Mcwhalen|84/100|[from] item: Leftovers
|upkeep
|turn|3
|
|t:|1781113118
|switch|p2a: Eregion|Tyranitar, M|100/100
|-weather|Sandstorm|[from] ability: Sand Stream|[of] p2a: Eregion
|move|p1a: Latias|Dragon Dance|p1a: Latias
|-boost|p1a: Latias|atk|1
|-boost|p1a: Latias|spe|1
|
|-weather|Sandstorm|[upkeep]
|-damage|p1a: Latias|95/100|[from] Sandstorm
|upkeep
|turn|4
|
|t:|1781113133
|-terastallize|p1a: Latias|Ground
|move|p1a: Latias|Dragon Dance|p1a: Latias
|-boost|p1a: Latias|atk|1
|-boost|p1a: Latias|spe|1
|move|p2a: Eregion|Roar|p1a: Latias
|drag|p1a: Moltres|Moltres|100/100
|
|-weather|Sandstorm|[upkeep]
|-damage|p1a: Moltres|94/100|[from] Sandstorm
|upkeep
|turn|5
|
|t:|1781113145
|move|p1a: Moltres|U-turn|p2a: Eregion
|-supereffective|p2a: Eregion
|-damage|p2a: Eregion|78/100
|
|t:|1781113148
|switch|p1a: Iron Treads|Iron Treads|100/100|[from] U-turn
|-damage|p1a: Iron Treads|97/100|[from] Stealth Rock
|move|p2a: Eregion|Knock Off|p1a: Iron Treads
|-damage|p1a: Iron Treads|62/100
|-enditem|p1a: Iron Treads|Leftovers|[from] move: Knock Off|[of] p2a: Eregion
|
|-weather|Sandstorm|[upkeep]
|-heal|p2a: Eregion|84/100|[from] item: Leftovers
|upkeep
|turn|6
|
|t:|1781113156
|switch|p2a: Wire Sponge|Sinistcha|100/100
|move|p1a: Iron Treads|Stealth Rock|p2a: Wire Sponge
|-sidestart|p2: Acastillo631|move: Stealth Rock
|
|-weather|Sandstorm|[upkeep]
|-damage|p2a: Wire Sponge|94/100|[from] Sandstorm
|upkeep
|turn|7
|
|t:|1781113161
|move|p1a: Iron Treads|Iron Head|p2a: Wire Sponge
|-damage|p2a: Wire Sponge|72/100
|move|p2a: Wire Sponge|Shadow Ball|p1a: Iron Treads
|-crit|p1a: Iron Treads
|-damage|p1a: Iron Treads|1/100
|
|-weather|none
|upkeep
|turn|8
|
|t:|1781113165
|move|p1a: Iron Treads|Iron Head|p2a: Wire Sponge
|-damage|p2a: Wire Sponge|48/100
|move|p2a: Wire Sponge|Strength Sap|p1a: Iron Treads
|-unboost|p1a: Iron Treads|atk|1
|-heal|p2a: Wire Sponge|100/100
|
|upkeep
|turn|9
|
|t:|1781113167
|move|p1a: Iron Treads|Iron Head|p2a: Wire Sponge
|-damage|p2a: Wire Sponge|83/100
|move|p2a: Wire Sponge|Calm Mind|p2a: Wire Sponge
|-boost|p2a: Wire Sponge|spa|1
|-boost|p2a: Wire Sponge|spd|1
|
|upkeep
|turn|10
|
|t:|1781113172
|-end|p1a: Iron Treads|Quark Drive|[silent]
|switch|p1a: Latias|Latias, F, tera:Ground|95/100
|-damage|p1a: Latias|89/100|[from] Stealth Rock
|move|p2a: Wire Sponge|Strength Sap|p1a: Latias
|-unboost|p1a: Latias|atk|1
|-heal|p2a: Wire Sponge|100/100
|
|upkeep
|turn|11
|
|t:|1781113175
|move|p1a: Latias|Dragon Dance|p1a: Latias
|-boost|p1a: Latias|atk|1
|-boost|p1a: Latias|spe|1
|move|p2a: Wire Sponge|Matcha Gotcha|p1a: Latias
|-supereffective|p1a: Latias
|-damage|p1a: Latias|0 fnt
|faint|p1a: Latias
|
|upkeep
|
|t:|1781113180
|switch|p1a: Kingambit|Kingambit, M|100/100
|-damage|p1a: Kingambit|94/100|[from] Stealth Rock
|-activate|p1a: Kingambit|ability: Supreme Overlord
|-start|p1a: Kingambit|fallen1|[silent]
|turn|12
|
|t:|1781113183
|switch|p2a: Talonflame|Talonflame, F|100/100
|move|p1a: Kingambit|Swords Dance|p1a: Kingambit
|-boost|p1a: Kingambit|atk|2
|
|-heal|p1a: Kingambit|100/100|[from] item: Leftovers
|upkeep
|turn|13
|
|t:|1781113186
|-end|p1a: Kingambit|fallen1|[silent]
|switch|p1a: Moltres|Moltres|94/100
|move|p2a: Talonflame|Will-O-Wisp|p1a: Moltres
|-immune|p1a: Moltres
|
|upkeep
|turn|14
|
|t:|1781113191
|switch|p2a: Redips|Klefki, F|100/100
|-damage|p2a: Redips|95/100|[from] Stealth Rock
|move|p1a: Moltres|U-turn|p2a: Redips
|-resisted|p2a: Redips
|-damage|p2a: Redips|92/100
|-damage|p1a: Moltres|78/100|[from] item: Rocky Helmet|[of] p2a: Redips
|
|t:|1781113195
|switch|p1a: Darkrai|Darkrai|48/100|[from] U-turn
|
|upkeep
|turn|15
|inactive|Acastillo631 has 120 seconds left.
|
|t:|1781113228
|move|p1a: Darkrai|Dark Pulse|p2a: Redips
|-resisted|p2a: Redips
|-damage|p2a: Redips|68/100
|move|p2a: Redips|Dazzling Gleam|p1a: Darkrai
|-supereffective|p1a: Darkrai
|-damage|p1a: Darkrai|0 fnt
|faint|p1a: Darkrai
|
|upkeep
|
|t:|1781113245
|switch|p1a: Iron Treads|Iron Treads|1/100
|-damage|p1a: Iron Treads|0 fnt|[from] Stealth Rock
|faint|p1a: Iron Treads
|-end|p1a: Iron Treads|Quark Drive|[silent]
|
|t:|1781113249
|switch|p1a: Moltres|Moltres|78/100
|turn|16
|
|t:|1781113255
|switch|p2a: Duff Mcwhalen|Swampert, M|84/100
|-damage|p2a: Duff Mcwhalen|78/100|[from] Stealth Rock
|move|p1a: Moltres|Flamethrower|p2a: Duff Mcwhalen
|-resisted|p2a: Duff Mcwhalen
|-damage|p2a: Duff Mcwhalen|66/100
|
|-heal|p2a: Duff Mcwhalen|73/100|[from] item: Leftovers
|upkeep
|turn|17
|
|t:|1781113259
|move|p1a: Moltres|Flamethrower|p2a: Duff Mcwhalen
|-resisted|p2a: Duff Mcwhalen
|-damage|p2a: Duff Mcwhalen|61/100
|move|p2a: Duff Mcwhalen|Knock Off|p1a: Moltres
|-damage|p1a: Moltres|63/100
|-enditem|p1a: Moltres|Heavy-Duty Boots|[from] move: Knock Off|[of] p2a: Duff Mcwhalen
|
|-heal|p2a: Duff Mcwhalen|67/100|[from] item: Leftovers
|upkeep
|turn|18
|
|t:|1781113266
|move|p1a: Moltres|Flamethrower|p2a: Duff Mcwhalen
|-resisted|p2a: Duff Mcwhalen
|-damage|p2a: Duff Mcwhalen|56/100
|move|p2a: Duff Mcwhalen|Flip Turn|p1a: Moltres
|-supereffective|p1a: Moltres
|-damage|p1a: Moltres|34/100
|
|t:|1781113272
|switch|p2a: Eregion|Tyranitar, M|84/100|[from] Flip Turn
|-damage|p2a: Eregion|72/100|[from] Stealth Rock
|-weather|Sandstorm|[from] ability: Sand Stream|[of] p2a: Eregion
|
|-weather|Sandstorm|[upkeep]
|-damage|p1a: Moltres|28/100|[from] Sandstorm
|-heal|p2a: Eregion|78/100|[from] item: Leftovers
|upkeep
|turn|19
|
|t:|1781113276
|move|p1a: Moltres|Flamethrower|p2a: Eregion
|-resisted|p2a: Eregion
|-damage|p2a: Eregion|70/100
|move|p2a: Eregion|Roar|p1a: Moltres
|drag|p1a: Iron Valiant|Iron Valiant|100/100
|-damage|p1a: Iron Valiant|94/100|[from] Stealth Rock
|-enditem|p1a: Iron Valiant|Booster Energy
|-activate|p1a: Iron Valiant|ability: Quark Drive|[fromitem]
|-start|p1a: Iron Valiant|quarkdrivespe
|
|-weather|Sandstorm|[upkeep]
|-damage|p1a: Iron Valiant|88/100|[from] Sandstorm
|-heal|p2a: Eregion|76/100|[from] item: Leftovers
|upkeep
|turn|20
|
|t:|1781113282
|move|p1a: Iron Valiant|Moonblast|p2a: Eregion
|-supereffective|p2a: Eregion
|-damage|p2a: Eregion|37/100
|-unboost|p2a: Eregion|spa|1
|move|p2a: Eregion|Roar|p1a: Iron Valiant
|-end|p1a: Iron Valiant|Quark Drive|[silent]
|drag|p1a: Moltres|Moltres|28/100
|-damage|p1a: Moltres|0 fnt|[from] Stealth Rock
|faint|p1a: Moltres
|
|-weather|Sandstorm|[upkeep]
|-heal|p2a: Eregion|43/100|[from] item: Leftovers
|upkeep
|
|t:|1781113285
|switch|p1a: Kingambit|Kingambit, M|100/100
|-damage|p1a: Kingambit|94/100|[from] Stealth Rock
|-activate|p1a: Kingambit|ability: Supreme Overlord
|-start|p1a: Kingambit|fallen4|[silent]
|turn|21
|
|t:|1781113291
|switch|p2a: Talonflame|Talonflame, F|100/100
|move|p1a: Kingambit|Swords Dance|p1a: Kingambit
|-boost|p1a: Kingambit|atk|2
|
|-weather|Sandstorm|[upkeep]
|-damage|p2a: Talonflame|94/100|[from] Sandstorm
|-heal|p1a: Kingambit|100/100|[from] item: Leftovers
|upkeep
|turn|22
|
|t:|1781113294
|move|p2a: Talonflame|Flamethrower|p1a: Kingambit
|-supereffective|p1a: Kingambit
|-damage|p1a: Kingambit|44/100
|move|p1a: Kingambit|Iron Head|p2a: Talonflame
|-resisted|p2a: Talonflame
|-damage|p2a: Talonflame|15/100
|
|-weather|none
|-heal|p1a: Kingambit|50/100|[from] item: Leftovers
|upkeep
|turn|23
|
|t:|1781113300
|move|p2a: Talonflame|Will-O-Wisp|p1a: Kingambit
|-status|p1a: Kingambit|brn
|move|p1a: Kingambit|Kowtow Cleave|p2a: Talonflame
|-damage|p2a: Talonflame|0 fnt
|faint|p2a: Talonflame
|
|-heal|p1a: Kingambit|56/100 brn|[from] item: Leftovers
|-damage|p1a: Kingambit|50/100 brn|[from] brn
|upkeep
|
|t:|1781113312
|switch|p2a: Sage Harpuia|Iron Valiant|100/100
|-damage|p2a: Sage Harpuia|94/100|[from] Stealth Rock
|-enditem|p2a: Sage Harpuia|Booster Energy
|-activate|p2a: Sage Harpuia|ability: Quark Drive|[fromitem]
|-start|p2a: Sage Harpuia|quarkdrivespe
|turn|24
|
|t:|1781113314
|move|p2a: Sage Harpuia|Close Combat|p1a: Kingambit
|-supereffective|p1a: Kingambit
|-damage|p1a: Kingambit|0 fnt
|-unboost|p2a: Sage Harpuia|def|1
|-unboost|p2a: Sage Harpuia|spd|1
|faint|p1a: Kingambit
|-end|p1a: Kingambit|fallen4|[silent]
|
|upkeep
|
|t:|1781113316
|switch|p1a: Iron Valiant|Iron Valiant|88/100
|-damage|p1a: Iron Valiant|82/100|[from] Stealth Rock
|turn|25
|
|t:|1781113324
|move|p2a: Sage Harpuia|Moonblast|p1a: Iron Valiant
|-supereffective|p1a: Iron Valiant
|-damage|p1a: Iron Valiant|0 fnt
|faint|p1a: Iron Valiant
|-end|p1a: Iron Valiant|Quark Drive|[silent]
|
|win|Acastillo631
|raw|plodu's rating: 1568 &rarr; <strong>1547</strong><br />(-21 for losing)
|raw|Acastillo631's rating: 1542 &rarr; <strong>1563</strong><br />(+21 for winning)
|l|☆Acastillo631
|player|p2|
|l|☆plodu
|player|p1|
|l| nesnot
