|j|☆KurisuChestnutLab
|j|☆Humerus_Skelepun
|t:|1781152018
|gametype|singles
|player|p1|KurisuChestnutLab|may-contest|1593
|player|p2|Humerus_Skelepun|169|1555
|gen|9
|tier|[Gen 9] OU
|rated|
|rule|HP Percentage Mod: HP is shown in percentages
|rule|Endless Battle Clause: Forcing endless battles is banned
|rule|Species Clause: Limit one of each Pokémon
|rule|OHKO Clause: OHKO moves are banned
|rule|Evasion Items Clause: Evasion items are banned
|rule|Evasion Moves Clause: Evasion moves are banned
|rule|Evasion Abilities Clause: Evasion abilities are banned
|rule|Sleep Moves Clause: Sleep-inducing moves are banned
|clearpoke
|poke|p1|Zamazenta-*|
|poke|p1|Zapdos|
|poke|p1|Garganacl, F|
|poke|p1|Clefable, M|
|poke|p1|Samurott-Hisui, M|
|poke|p1|Gholdengo|
|poke|p2|Regieleki|
|poke|p2|Alomomola, M|
|poke|p2|Cinderace, M|
|poke|p2|Slowking-Galar, M|
|poke|p2|Kyurem|
|poke|p2|Great Tusk|
|teampreview
|inactive|Battle timer is ON: inactive players will automatically lose when time's up. (requested by Humerus_Skelepun)
|inactive|KurisuChestnutLab also wants the timer to be on.
|
|t:|1781152035
|teamsize|p1|6
|teamsize|p2|6
|start
|switch|p1a: Zamazenta|Zamazenta|100/100
|switch|p2a: Regieleki|Regieleki|100/100
|-ability|p1a: Zamazenta|Dauntless Shield|boost
|-boost|p1a: Zamazenta|def|1
|turn|1
|
|t:|1781152044
|move|p2a: Regieleki|Volt Switch|p1a: Zamazenta
|-damage|p1a: Zamazenta|46/100
|
|t:|1781152048
|switch|p2a: Great Tusk|Great Tusk|100/100|[from] Volt Switch
|move|p1a: Zamazenta|Iron Defense|p1a: Zamazenta
|-boost|p1a: Zamazenta|def|2
|
|-heal|p1a: Zamazenta|52/100|[from] item: Leftovers
|upkeep
|turn|2
|
|t:|1781152057
|move|p1a: Zamazenta|Body Press|p2a: Great Tusk
|-damage|p2a: Great Tusk|50/100
|-damage|p1a: Zamazenta|36/100|[from] item: Rocky Helmet|[of] p2a: Great Tusk
|move|p2a: Great Tusk|Stealth Rock|p1a: Zamazenta
|-sidestart|p1: KurisuChestnutLab|move: Stealth Rock
|
|-heal|p1a: Zamazenta|42/100|[from] item: Leftovers
|upkeep
|turn|3
|
|t:|1781152071
|-end|p2a: Great Tusk|Protosynthesis|[silent]
|switch|p2a: Slowking|Slowking-Galar, M|100/100
|move|p1a: Zamazenta|Iron Defense|p1a: Zamazenta
|-boost|p1a: Zamazenta|def|2
|
|-heal|p1a: Zamazenta|48/100|[from] item: Leftovers
|upkeep
|turn|4
|
|t:|1781152077
|move|p1a: Zamazenta|Crunch|p2a: Slowking
|-supereffective|p2a: Slowking
|-damage|p2a: Slowking|59/100
|-prepare|p2a: Slowking|Chilly Reception|[premajor]
|move|p2a: Slowking|Chilly Reception|p2a: Slowking
|-weather|Snowscape
|
|t:|1781152079
|switch|p2a: Regieleki|Regieleki|100/100|[from] Chilly Reception
|
|-weather|Snowscape|[upkeep]
|-heal|p1a: Zamazenta|54/100|[from] item: Leftovers
|upkeep
|turn|5
|
|t:|1781152083
|-terastallize|p2a: Regieleki|Electric
|move|p2a: Regieleki|Thunderbolt|p1a: Zamazenta
|-damage|p1a: Zamazenta|0 fnt
|faint|p1a: Zamazenta
|
|-weather|Snowscape|[upkeep]
|upkeep
|
|t:|1781152087
|switch|p1a: Garganacl|Garganacl, F|100/100
|-damage|p1a: Garganacl|88/100|[from] Stealth Rock
|turn|6
|
|t:|1781152093
|switch|p2a: Slowking|Slowking-Galar, M|93/100
|move|p1a: Garganacl|Stealth Rock|p2a: Slowking
|-sidestart|p2: Humerus_Skelepun|move: Stealth Rock
|
|-weather|Snowscape|[upkeep]
|-heal|p1a: Garganacl|94/100|[from] item: Leftovers
|upkeep
|turn|7
|
|t:|1781152099
|move|p1a: Garganacl|Salt Cure|p2a: Slowking
|-crit|p2a: Slowking
|-damage|p2a: Slowking|69/100
|-start|p2a: Slowking|Salt Cure
|move|p2a: Slowking|Future Sight|p1a: Garganacl
|-start|p2a: Slowking|move: Future Sight
|
|-weather|Snowscape|[upkeep]
|-heal|p1a: Garganacl|100/100|[from] item: Leftovers
|-damage|p2a: Slowking|56/100|[from] Salt Cure
|upkeep
|turn|8
|
|t:|1781152103
|move|p1a: Garganacl|Salt Cure|p2a: Slowking
|-damage|p2a: Slowking|41/100
|-prepare|p2a: Slowking|Chilly Reception|[premajor]
|move|p2a: Slowking|Chilly Reception|p2a: Slowking
|
|t:|1781152106
|switch|p2a: Regieleki|Regieleki, tera:Electric|100/100|[from] Chilly Reception
|-damage|p2a: Regieleki|88/100|[from] Stealth Rock
|
|-weather|none
|upkeep
|turn|9
|
|t:|1781152110
|move|p2a: Regieleki|Volt Switch|p1a: Garganacl
|-damage|p1a: Garganacl|49/100
|
|t:|1781152113
|switch|p2a: Great Tusk|Great Tusk|50/100|[from] Volt Switch
|-damage|p2a: Great Tusk|48/100|[from] Stealth Rock
|move|p1a: Garganacl|Recover|p1a: Garganacl
|-heal|p1a: Garganacl|99/100
|
|-end|p1a: Garganacl|move: Future Sight
|-damage|p1a: Garganacl|69/100
|-heal|p1a: Garganacl|75/100|[from] item: Leftovers
|upkeep
|turn|10
|
|t:|1781152123
|switch|p1a: Zapdos|Zapdos|100/100
|move|p2a: Great Tusk|Ice Spinner|p1a: Zapdos
|-supereffective|p1a: Zapdos
|-damage|p1a: Zapdos|68/100
|
|upkeep
|turn|11
|
|t:|1781152134
|move|p2a: Great Tusk|Rapid Spin|p1a: Zapdos
|-damage|p1a: Zapdos|56/100
|-boost|p2a: Great Tusk|spe|1
|-status|p2a: Great Tusk|par|[from] ability: Static|[of] p1a: Zapdos
|-sideend|p2: Humerus_Skelepun|Stealth Rock|[from] move: Rapid Spin|[of] p2a: Great Tusk
|move|p1a: Zapdos|Roost|p1a: Zapdos
|-heal|p1a: Zapdos|100/100
|-singleturn|p1a: Zapdos|move: Roost
|
|upkeep
|turn|12
|
|t:|1781152144
|switch|p1a: Garganacl|Garganacl, F|75/100
|-damage|p1a: Garganacl|62/100|[from] Stealth Rock
|-end|p2a: Great Tusk|Protosynthesis|[silent]
|switch|p2a: Regieleki|Regieleki, tera:Electric|88/100
|
|-heal|p1a: Garganacl|69/100|[from] item: Leftovers
|upkeep
|turn|13
|
|t:|1781152151
|move|p2a: Regieleki|Thunderbolt|p1a: Garganacl
|-damage|p1a: Garganacl|0 fnt
|faint|p1a: Garganacl
|
|upkeep
|
|t:|1781152155
|switch|p1a: Samurott|Samurott-Hisui, M|100/100
|-damage|p1a: Samurott|88/100|[from] Stealth Rock
|turn|14
|
|t:|1781152162
|switch|p2a: Great Tusk|Great Tusk|48/100 par
|-terastallize|p1a: Samurott|Dark
|move|p1a: Samurott|Sucker Punch||[still]
|-fail|p1a: Samurott
|
|upkeep
|turn|15
|
|t:|1781152172
|move|p1a: Samurott|Sucker Punch|p2a: Great Tusk
|-resisted|p2a: Great Tusk
|-damage|p2a: Great Tusk|34/100 par
|-damage|p1a: Samurott|72/100|[from] item: Rocky Helmet|[of] p2a: Great Tusk
|move|p2a: Great Tusk|Headlong Rush|p1a: Samurott
|-damage|p1a: Samurott|6/100
|-unboost|p2a: Great Tusk|def|1
|-unboost|p2a: Great Tusk|spd|1
|
|upkeep
|turn|16
|
|t:|1781152176
|move|p1a: Samurott|Sucker Punch|p2a: Great Tusk
|-resisted|p2a: Great Tusk
|-damage|p2a: Great Tusk|13/100 par
|-damage|p1a: Samurott|0 fnt|[from] item: Rocky Helmet|[of] p2a: Great Tusk
|faint|p1a: Samurott
|move|p2a: Great Tusk|Rapid Spin|p1: Samurott|[notarget]
|-fail|p2a: Great Tusk
|
|upkeep
|
|t:|1781152180
|switch|p1a: Clefable|Clefable, M|100/100
|turn|17
|
|t:|1781152187
|switch|p1a: Zapdos|Zapdos|100/100
|move|p2a: Great Tusk|Headlong Rush|p1a: Zapdos
|-immune|p1a: Zapdos
|
|upkeep
|turn|18
|
|t:|1781152197
|-end|p2a: Great Tusk|Protosynthesis|[silent]
|switch|p2a: Slowking|Slowking-Galar, M|74/100
|move|p1a: Zapdos|Hurricane|p2a: Slowking
|-damage|p2a: Slowking|48/100
|
|upkeep
|turn|19
|
|t:|1781152203
|move|p1a: Zapdos|Volt Switch|p2a: Slowking
|-damage|p2a: Slowking|31/100
|
|t:|1781152209
|switch|p1a: Clefable|Clefable, M|100/100|[from] Volt Switch
|move|p2a: Slowking|Future Sight|p1a: Clefable
|-start|p2a: Slowking|move: Future Sight
|
|upkeep
|turn|20
|
|t:|1781152214
|move|p1a: Clefable|Thunder Wave|p2a: Slowking
|-status|p2a: Slowking|par
|-prepare|p2a: Slowking|Chilly Reception|[premajor]
|cant|p2a: Slowking|par
|
|upkeep
|turn|21
|
|t:|1781152223
|switch|p2a: Great Tusk|Great Tusk|13/100 par
|move|p1a: Clefable|Knock Off|p2a: Great Tusk
|-resisted|p2a: Great Tusk
|-damage|p2a: Great Tusk|8/100 par
|-damage|p1a: Clefable|84/100|[from] item: Rocky Helmet|[of] p2a: Great Tusk
|-enditem|p2a: Great Tusk|Rocky Helmet|[from] move: Knock Off|[of] p1a: Clefable
|
|-end|p1a: Clefable|move: Future Sight
|-damage|p1a: Clefable|41/100
|upkeep
|turn|22
|
|t:|1781152228
|-end|p2a: Great Tusk|Protosynthesis|[silent]
|switch|p2a: Regieleki|Regieleki, tera:Electric|88/100
|move|p1a: Clefable|Knock Off|p2a: Regieleki
|-damage|p2a: Regieleki|56/100
|-enditem|p2a: Regieleki|Choice Specs|[from] move: Knock Off|[of] p1a: Clefable
|
|upkeep
|turn|23
|
|t:|1781152233
|move|p2a: Regieleki|Thunderbolt|p1a: Clefable
|-damage|p1a: Clefable|0 fnt
|faint|p1a: Clefable
|
|upkeep
|
|t:|1781152237
|switch|p1a: Gholdengo|Gholdengo|100/100
|-damage|p1a: Gholdengo|94/100|[from] Stealth Rock
|turn|24
|
|t:|1781152241
|move|p2a: Regieleki|Volt Switch|p1a: Gholdengo
|-damage|p1a: Gholdengo|32/100
|
|t:|1781152244
|switch|p2a: Alomomola|Alomomola, M|100/100|[from] Volt Switch
|move|p1a: Gholdengo|Dazzling Gleam|p2a: Alomomola
|-damage|p2a: Alomomola|86/100
|
|upkeep
|turn|25
|
|t:|1781152248
|switch|p1a: Zapdos|Zapdos|100/100
|move|p2a: Alomomola|Flip Turn|p1a: Zapdos
|-damage|p1a: Zapdos|89/100
|-status|p2a: Alomomola|par|[from] ability: Static|[of] p1a: Zapdos
|
|t:|1781152250
|switch|p2a: Regieleki|Regieleki, tera:Electric|56/100|[from] Flip Turn
|
|upkeep
|turn|26
|
|t:|1781152257
|move|p2a: Regieleki|Thunderbolt|p1a: Zapdos
|-damage|p1a: Zapdos|19/100
|move|p1a: Zapdos|Hurricane|p2a: Regieleki
|-resisted|p2a: Regieleki
|-damage|p2a: Regieleki|13/100
|
|upkeep
|turn|27
|
|t:|1781152263
|move|p2a: Regieleki|Thunderbolt|p1a: Zapdos
|-damage|p1a: Zapdos|0 fnt
|faint|p1a: Zapdos
|
|upkeep
|
|t:|1781152266
|switch|p1a: Gholdengo|Gholdengo|32/100
|-damage|p1a: Gholdengo|26/100|[from] Stealth Rock
|turn|28
|c|☆Humerus_Skelepun|gg
|
|t:|1781152270
|move|p2a: Regieleki|Thunderbolt|p1a: Gholdengo
|-damage|p1a: Gholdengo|0 fnt
|faint|p1a: Gholdengo
|
|win|Humerus_Skelepun
|raw|KurisuChestnutLab's rating: 1597 &rarr; <strong>1575</strong><br />(-22 for losing)
|raw|Humerus_Skelepun's rating: 1555 &rarr; <strong>1577</strong><br />(+22 for winning)
|l|☆KurisuChestnutLab
|player|p1|
|l|☆Humerus_Skelepun
|player|p2|
