|j|☆meio_potato
|j|☆extra-pseudo man
|t:|1781378327
|gametype|singles
|player|p1|meio_potato|hilda-wonderlauncher|1661
|player|p2|extra-pseudo man|102|1709
|gen|9
|tier|[Gen 9] OU
|rated|
|rule|HP Percentage Mod: HP is shown in percentages
|rule|Endless Battle Clause: Forcing endless battles is banned
|rule|Species Clause: Limit one of each Pokémon
|rule|OHKO Clause: OHKO moves are banned
|rule|Evasion Items Clause: Evasion items are banned
|rule|Evasion Moves Clause: Evasion moves are banned
|rule|Evasion Abilities Clause: Evasion abilities are banned
|rule|Sleep Moves Clause: Sleep-inducing moves are banned
|clearpoke
|poke|p1|Latias, F|
|poke|p1|Polteageist|
|poke|p1|Zamazenta-*|
|poke|p1|Kingambit, M|
|poke|p1|Ogerpon-Wellspring, F|
|poke|p1|Iron Moth|
|poke|p2|Dragonite, F|
|poke|p2|Dragapult, M|
|poke|p2|Tyranitar, M|
|poke|p2|Metagross|
|poke|p2|Goodra-Hisui, F|
|poke|p2|Garchomp, M|
|teampreview
|inactive|Battle timer is ON: inactive players will automatically lose when time's up. (requested by meio_potato)
|c|☆extra-pseudo man|cool team
|
|t:|1781378336
|teamsize|p1|6
|teamsize|p2|6
|start
|switch|p1a: Latias|Latias, F|100/100
|switch|p2a: Marill me|Garchomp, M|100/100
|turn|1
|c|☆meio_potato|same for u bro
|
|t:|1781378343
|switch|p2a: Tyranocif|Tyranitar, M|100/100
|-weather|Sandstorm|[from] ability: Sand Stream|[of] p2a: Tyranocif
|-terastallize|p1a: Latias|Fairy
|move|p1a: Latias|Agility|p1a: Latias
|-boost|p1a: Latias|spe|2
|
|-weather|Sandstorm|[upkeep]
|-damage|p1a: Latias|95/100|[from] Sandstorm
|upkeep
|turn|2
|
|t:|1781378346
|move|p1a: Latias|Calm Mind|p1a: Latias
|-boost|p1a: Latias|spa|1
|-boost|p1a: Latias|spd|1
|move|p2a: Tyranocif|Roar|p1a: Latias
|drag|p1a: Ogerpon|Ogerpon-Wellspring, F|100/100
|
|-weather|Sandstorm|[upkeep]
|-damage|p1a: Ogerpon|95/100|[from] Sandstorm
|upkeep
|turn|3
|
|t:|1781378354
|switch|p2a: The goot|Goodra-Hisui, F|100/100
|move|p1a: Ogerpon|Knock Off|p2a: The goot
|-damage|p2a: The goot|59/100
|-ability|p2a: The goot|Gooey
|-unboost|p1a: Ogerpon|spe|1
|-enditem|p2a: The goot|Choice Specs|[from] move: Knock Off|[of] p1a: Ogerpon
|
|-weather|Sandstorm|[upkeep]
|-damage|p1a: Ogerpon|89/100|[from] Sandstorm
|upkeep
|turn|4
|
|t:|1781378367
|move|p1a: Ogerpon|Swords Dance|p1a: Ogerpon
|-boost|p1a: Ogerpon|atk|2
|move|p2a: The goot|Thunderbolt|p1a: Ogerpon
|-damage|p1a: Ogerpon|52/100
|-status|p1a: Ogerpon|par
|
|-weather|Sandstorm|[upkeep]
|-damage|p1a: Ogerpon|46/100 par|[from] Sandstorm
|upkeep
|turn|5
|
|t:|1781378372
|move|p2a: The goot|Draco Meteor|p1a: Ogerpon
|-damage|p1a: Ogerpon|0 fnt
|-unboost|p2a: The goot|spa|2
|faint|p1a: Ogerpon
|
|-weather|none
|upkeep
|
|t:|1781378379
|switch|p1a: Latias|Latias, F, tera:Fairy|95/100
|turn|6
|
|t:|1781378384
|switch|p2a: Tyranocif|Tyranitar, M|100/100
|-weather|Sandstorm|[from] ability: Sand Stream|[of] p2a: Tyranocif
|move|p1a: Latias|Calm Mind|p1a: Latias
|-boost|p1a: Latias|spa|1
|-boost|p1a: Latias|spd|1
|
|-weather|Sandstorm|[upkeep]
|-damage|p1a: Latias|89/100|[from] Sandstorm
|upkeep
|turn|7
|
|t:|1781378389
|move|p1a: Latias|Draining Kiss|p2a: Tyranocif
|-supereffective|p2a: Tyranocif
|-damage|p2a: Tyranocif|69/100
|-heal|p1a: Latias|100/100|[from] drain|[of] p2a: Tyranocif
|move|p2a: Tyranocif|Roar|p1a: Latias
|drag|p1a: Zamazenta|Zamazenta|100/100
|-ability|p1a: Zamazenta|Dauntless Shield|boost
|-boost|p1a: Zamazenta|def|1
|
|-weather|Sandstorm|[upkeep]
|-damage|p1a: Zamazenta|94/100|[from] Sandstorm
|-heal|p1a: Zamazenta|100/100|[from] item: Leftovers
|-heal|p2a: Tyranocif|75/100|[from] item: Leftovers
|upkeep
|turn|8
|
|t:|1781378393
|switch|p2a: Marill me|Garchomp, M|100/100
|move|p1a: Zamazenta|Roar|p2a: Marill me
|drag|p2a: Chud|Dragonite, F|100/100
|
|-weather|Sandstorm|[upkeep]
|-damage|p1a: Zamazenta|94/100|[from] Sandstorm
|-damage|p2a: Chud|94/100|[from] Sandstorm
|-heal|p1a: Zamazenta|100/100|[from] item: Leftovers
|upkeep
|turn|9
|
|t:|1781378397
|switch|p2a: Marill me|Garchomp, M|100/100
|move|p1a: Zamazenta|Iron Defense|p1a: Zamazenta
|-boost|p1a: Zamazenta|def|2
|
|-weather|Sandstorm|[upkeep]
|-damage|p1a: Zamazenta|94/100|[from] Sandstorm
|-heal|p1a: Zamazenta|100/100|[from] item: Leftovers
|upkeep
|turn|10
|
|t:|1781378400
|move|p1a: Zamazenta|Roar|p2a: Marill me
|drag|p2a: Chud|Dragonite, F|94/100
|
|-weather|none
|upkeep
|turn|11
|
|t:|1781378403
|move|p2a: Chud|Encore|p1a: Zamazenta
|-start|p1a: Zamazenta|Encore
|move|p1a: Zamazenta|Roar|p2a: Chud
|drag|p2a: Marill me|Garchomp, M|100/100
|
|upkeep
|turn|12
|
|t:|1781378408
|move|p2a: Marill me|Earthquake|p1a: Zamazenta
|-damage|p1a: Zamazenta|84/100
|move|p1a: Zamazenta|Roar|p2a: Marill me
|drag|p2a: Chud|Dragonite, F|94/100
|
|-heal|p1a: Zamazenta|90/100|[from] item: Leftovers
|upkeep
|turn|13
|
|t:|1781378416
|move|p2a: Chud|Earthquake|p1a: Zamazenta
|-damage|p1a: Zamazenta|76/100
|move|p1a: Zamazenta|Roar|p2a: Chud
|drag|p2a: The goot|Goodra-Hisui, F|59/100
|
|-heal|p1a: Zamazenta|83/100|[from] item: Leftovers
|-end|p1a: Zamazenta|Encore
|upkeep
|turn|14
|
|t:|1781378423
|switch|p2a: He pulten on it|Dragapult, M|100/100
|move|p1a: Zamazenta|Body Press|p2a: He pulten on it
|-immune|p2a: He pulten on it
|
|-heal|p1a: Zamazenta|89/100|[from] item: Leftovers
|upkeep
|turn|15
|
|t:|1781378425
|move|p2a: He pulten on it|Will-O-Wisp|p1a: Zamazenta
|-status|p1a: Zamazenta|brn
|move|p1a: Zamazenta|Crunch|p2a: He pulten on it
|-supereffective|p2a: He pulten on it
|-damage|p2a: He pulten on it|63/100
|
|-heal|p1a: Zamazenta|95/100 brn|[from] item: Leftovers
|-damage|p1a: Zamazenta|89/100 brn|[from] brn
|upkeep
|turn|16
|
|t:|1781378428
|move|p2a: He pulten on it|Hex|p1a: Zamazenta
|-damage|p1a: Zamazenta|40/100 brn
|move|p1a: Zamazenta|Crunch|p2a: He pulten on it
|-supereffective|p2a: He pulten on it
|-crit|p2a: He pulten on it
|-damage|p2a: He pulten on it|9/100
|-unboost|p2a: He pulten on it|def|1
|
|-heal|p1a: Zamazenta|46/100 brn|[from] item: Leftovers
|-damage|p1a: Zamazenta|40/100 brn|[from] brn
|upkeep
|turn|17
|
|t:|1781378430
|move|p2a: He pulten on it|Hex|p1a: Zamazenta
|-damage|p1a: Zamazenta|0 fnt
|faint|p1a: Zamazenta
|
|upkeep
|
|t:|1781378436
|switch|p1a: Polteageist|Polteageist|100/100
|turn|18
|
|t:|1781378441
|move|p2a: He pulten on it|Hex|p1a: Polteageist
|-supereffective|p1a: Polteageist
|-damage|p1a: Polteageist|31/100
|move|p1a: Polteageist|Shell Smash|p1a: Polteageist
|-unboost|p1a: Polteageist|def|1
|-unboost|p1a: Polteageist|spd|1
|-boost|p1a: Polteageist|atk|2
|-boost|p1a: Polteageist|spa|2
|-boost|p1a: Polteageist|spe|2
|
|upkeep
|turn|19
|
|t:|1781378445
|move|p1a: Polteageist|Giga Drain|p2a: He pulten on it
|-resisted|p2a: He pulten on it
|-damage|p2a: He pulten on it|0 fnt
|-heal|p1a: Polteageist|36/100|[from] drain|[of] p2a: He pulten on it
|faint|p2a: He pulten on it
|
|upkeep
|
|t:|1781378446
|switch|p2a: kaboom|Metagross|100/100
|turn|20
|
|t:|1781378448
|move|p2a: kaboom|Bullet Punch|p1a: Polteageist
|-damage|p1a: Polteageist|0 fnt
|faint|p1a: Polteageist
|
|upkeep
|j| dilf huntr
|
|t:|1781378453
|switch|p1a: Kingambit|Kingambit, M|100/100
|turn|21
|
|t:|1781378456
|switch|p2a: Marill me|Garchomp, M|100/100
|move|p1a: Kingambit|Low Kick|p2a: Marill me
|-damage|p2a: Marill me|84/100
|-damage|p1a: Kingambit|88/100|[from] ability: Rough Skin|[of] p2a: Marill me
|-damage|p1a: Kingambit|72/100|[from] item: Rocky Helmet|[of] p2a: Marill me
|
|upkeep
|turn|22
|
|t:|1781378462
|move|p2a: Marill me|Fire Fang|p1a: Kingambit
|-supereffective|p1a: Kingambit
|-damage|p1a: Kingambit|40/100
|move|p1a: Kingambit|Iron Head|p2a: Marill me
|-damage|p2a: Marill me|55/100
|-damage|p1a: Kingambit|28/100|[from] ability: Rough Skin|[of] p2a: Marill me
|-damage|p1a: Kingambit|11/100|[from] item: Rocky Helmet|[of] p2a: Marill me
|
|upkeep
|turn|23
|l| dilf huntr
|
|t:|1781378476
|move|p1a: Kingambit|Sucker Punch||[still]
|-fail|p1a: Kingambit
|move|p2a: Marill me|Spikes|p1a: Kingambit
|-sidestart|p1: meio_potato|Spikes
|
|upkeep
|turn|24
|
|t:|1781378478
|move|p2a: Marill me|Spikes|p1a: Kingambit
|-sidestart|p1: meio_potato|Spikes
|move|p1a: Kingambit|Iron Head|p2a: Marill me
|-damage|p2a: Marill me|27/100
|-damage|p1a: Kingambit|0 fnt|[from] ability: Rough Skin|[of] p2a: Marill me
|faint|p1a: Kingambit
|
|upkeep
|
|t:|1781378481
|switch|p1a: Latias|Latias, F, tera:Fairy|100/100
|turn|25
|
|t:|1781378484
|move|p1a: Latias|Calm Mind|p1a: Latias
|-boost|p1a: Latias|spa|1
|-boost|p1a: Latias|spd|1
|move|p2a: Marill me|Fire Fang|p1a: Latias
|-damage|p1a: Latias|85/100
|
|upkeep
|turn|26
|
|t:|1781378490
|move|p1a: Latias|Calm Mind|p1a: Latias
|-boost|p1a: Latias|spa|1
|-boost|p1a: Latias|spd|1
|move|p2a: Marill me|Fire Fang|p1a: Latias
|-damage|p1a: Latias|68/100
|
|upkeep
|turn|27
|
|t:|1781378494
|move|p1a: Latias|Agility|p1a: Latias
|-boost|p1a: Latias|spe|2
|move|p2a: Marill me|Fire Fang|p1a: Latias
|-damage|p1a: Latias|52/100
|
|upkeep
|turn|28
|
|t:|1781378496
|move|p1a: Latias|Calm Mind|p1a: Latias
|-boost|p1a: Latias|spa|1
|-boost|p1a: Latias|spd|1
|move|p2a: Marill me|Fire Fang|p1a: Latias
|-damage|p1a: Latias|35/100
|-status|p1a: Latias|brn
|
|-damage|p1a: Latias|29/100 brn|[from] brn
|upkeep
|turn|29
|
|t:|1781378498
|move|p1a: Latias|Agility|p1a: Latias
|-boost|p1a: Latias|spe|2
|move|p2a: Marill me|Fire Fang|p1a: Latias
|-damage|p1a: Latias|12/100 brn
|
|-damage|p1a: Latias|6/100 brn|[from] brn
|upkeep
|turn|30
|
|t:|1781378499
|move|p1a: Latias|Draining Kiss|p2a: Marill me
|-supereffective|p2a: Marill me
|-damage|p2a: Marill me|0 fnt
|-heal|p1a: Latias|34/100 brn|[from] drain|[of] p2a: Marill me
|-damage|p1a: Latias|22/100 brn|[from] ability: Rough Skin|[of] p2a: Marill me
|-damage|p1a: Latias|5/100 brn|[from] item: Rocky Helmet|[of] p2a: Marill me
|faint|p2a: Marill me
|
|-damage|p1a: Latias|0 fnt|[from] brn
|faint|p1a: Latias
|upkeep
|
|t:|1781378503
|switch|p1a: Iron Moth|Iron Moth|100/100
|switch|p2a: Tyranocif|Tyranitar, M|75/100
|-damage|p1a: Iron Moth|84/100|[from] Spikes
|-weather|Sandstorm|[from] ability: Sand Stream|[of] p2a: Tyranocif
|turn|31
|c|☆meio_potato|fuck i misclicked that turn
|c|☆meio_potato|im not that greedy
|
|t:|1781378517
|move|p1a: Iron Moth|Energy Ball|p2a: Tyranocif
|-supereffective|p2a: Tyranocif
|-damage|p2a: Tyranocif|49/100
|move|p2a: Tyranocif|Knock Off|p1a: Iron Moth
|-damage|p1a: Iron Moth|20/100
|-enditem|p1a: Iron Moth|Focus Sash|[from] move: Knock Off|[of] p2a: Tyranocif
|
|-weather|Sandstorm|[upkeep]
|-damage|p1a: Iron Moth|14/100|[from] Sandstorm
|-heal|p2a: Tyranocif|55/100|[from] item: Leftovers
|upkeep
|turn|32
|
|t:|1781378521
|move|p1a: Iron Moth|Energy Ball|p2a: Tyranocif
|-supereffective|p2a: Tyranocif
|-damage|p2a: Tyranocif|29/100
|move|p2a: Tyranocif|Knock Off|p1a: Iron Moth
|-damage|p1a: Iron Moth|0 fnt
|faint|p1a: Iron Moth
|-end|p1a: Iron Moth|Quark Drive|[silent]
|
|win|extra-pseudo man
|raw|meio_potato's rating: 1661 &rarr; <strong>1644</strong><br />(-17 for losing)
|raw|extra-pseudo man's rating: 1709 &rarr; <strong>1726</strong><br />(+17 for winning)
|c|☆extra-pseudo man|gg
|c|☆extra-pseudo man|sorry about the misclick
|c|☆meio_potato|its ok
|c|☆meio_potato|gg
|l|☆meio_potato
|player|p1|
|l|☆extra-pseudo man
|player|p2|
