|j|☆chetthankz
|j|☆rekjllj
|t:|1781316064
|gametype|singles
|player|p1|chetthankz|rood|1568
|player|p2|rekjllj|169|1656
|gen|9
|tier|[Gen 9] OU
|rated|
|rule|HP Percentage Mod: HP is shown in percentages
|rule|Endless Battle Clause: Forcing endless battles is banned
|rule|Species Clause: Limit one of each Pokémon
|rule|OHKO Clause: OHKO moves are banned
|rule|Evasion Items Clause: Evasion items are banned
|rule|Evasion Moves Clause: Evasion moves are banned
|rule|Evasion Abilities Clause: Evasion abilities are banned
|rule|Sleep Moves Clause: Sleep-inducing moves are banned
|clearpoke
|poke|p1|Magnezone|
|poke|p1|Cinderace, F|
|poke|p1|Regieleki|
|poke|p1|Great Tusk|
|poke|p1|Gholdengo|
|poke|p1|Kyurem|
|poke|p2|Kingambit, F|
|poke|p2|Kommo-o, F|
|poke|p2|Iron Valiant|
|poke|p2|Kyurem|
|poke|p2|Iron Treads|
|poke|p2|Iron Crown|
|teampreview
|inactive|Battle timer is ON: inactive players will automatically lose when time's up. (requested by chetthankz)
|c|☆rekjllj|hf
|inactive|rekjllj also wants the timer to be on.
|j| Agathina
|
|t:|1781316076
|teamsize|p1|6
|teamsize|p2|6
|start
|switch|p1a: Poo Chainz|Cinderace, F|100/100
|switch|p2a: Kyurem|Kyurem|100/100
|-ability|p2a: Kyurem|Pressure
|turn|1
|
|t:|1781316082
|move|p1a: Poo Chainz|High Jump Kick|p2a: Kyurem
|-start|p1a: Poo Chainz|typechange|Fighting|[from] ability: Libero
|-supereffective|p2a: Kyurem
|-damage|p2a: Kyurem|0 fnt
|faint|p2a: Kyurem
|
|upkeep
|
|t:|1781316088
|switch|p2a: Iron Valiant|Iron Valiant|100/100
|-enditem|p2a: Iron Valiant|Booster Energy
|-activate|p2a: Iron Valiant|ability: Quark Drive|[fromitem]
|-start|p2a: Iron Valiant|quarkdrivespe
|turn|2
|
|t:|1781316096
|switch|p1a: Gholdengo|Gholdengo|100/100
|-item|p1a: Gholdengo|Air Balloon
|move|p2a: Iron Valiant|Moonblast|p1a: Gholdengo
|-resisted|p1a: Gholdengo
|-damage|p1a: Gholdengo|79/100
|-unboost|p1a: Gholdengo|spa|1
|-enditem|p1a: Gholdengo|Air Balloon
|
|upkeep
|turn|3
|
|t:|1781316102
|move|p2a: Iron Valiant|Calm Mind|p2a: Iron Valiant
|-boost|p2a: Iron Valiant|spa|1
|-boost|p2a: Iron Valiant|spd|1
|move|p1a: Gholdengo|Make It Rain|p2a: Iron Valiant
|-supereffective|p2a: Iron Valiant
|-crit|p2a: Iron Valiant
|-damage|p2a: Iron Valiant|0 fnt
|-unboost|p1a: Gholdengo|spa|1
|faint|p2a: Iron Valiant
|-end|p2a: Iron Valiant|Quark Drive|[silent]
|
|upkeep
|
|t:|1781316108
|switch|p2a: Kommo-o|Kommo-o, F|100/100
|turn|4
|
|t:|1781316115
|move|p2a: Kommo-o|Clangorous Soul|p2a: Kommo-o
|-boost|p2a: Kommo-o|atk|1
|-boost|p2a: Kommo-o|def|1
|-boost|p2a: Kommo-o|spa|1
|-boost|p2a: Kommo-o|spd|1
|-boost|p2a: Kommo-o|spe|1
|-damage|p2a: Kommo-o|68/100
|move|p1a: Gholdengo|Nasty Plot|p1a: Gholdengo
|-boost|p1a: Gholdengo|spa|2
|
|-heal|p2a: Kommo-o|74/100|[from] item: Leftovers
|upkeep
|turn|5
|
|t:|1781316123
|move|p2a: Kommo-o|Shadow Claw|p1a: Gholdengo
|-supereffective|p1a: Gholdengo
|-damage|p1a: Gholdengo|29/100
|move|p1a: Gholdengo|Dazzling Gleam|p2a: Kommo-o
|-supereffective|p2a: Kommo-o
|-damage|p2a: Kommo-o|0 fnt
|faint|p2a: Kommo-o
|
|upkeep
|
|t:|1781316127
|switch|p2a: Kingambit|Kingambit, F|100/100
|-activate|p2a: Kingambit|ability: Supreme Overlord
|-start|p2a: Kingambit|fallen3|[silent]
|turn|6
|
|t:|1781316137
|-terastallize|p1a: Gholdengo|Fairy
|move|p1a: Gholdengo|Dazzling Gleam|p2a: Kingambit
|-damage|p2a: Kingambit|51/100
|move|p2a: Kingambit|Swords Dance|p2a: Kingambit
|-boost|p2a: Kingambit|atk|2
|
|-heal|p2a: Kingambit|58/100|[from] item: Leftovers
|upkeep
|turn|7
|
|t:|1781316143
|move|p2a: Kingambit|Sucker Punch|p1a: Gholdengo
|-resisted|p1a: Gholdengo
|-damage|p1a: Gholdengo|0 fnt
|faint|p1a: Gholdengo
|
|-heal|p2a: Kingambit|64/100|[from] item: Leftovers
|upkeep
|
|t:|1781316146
|switch|p1a: Big Tuskackus|Great Tusk|100/100
|-enditem|p1a: Big Tuskackus|Booster Energy
|-activate|p1a: Big Tuskackus|ability: Protosynthesis|[fromitem]
|-start|p1a: Big Tuskackus|protosynthesisspe
|turn|8
|
|t:|1781316152
|-terastallize|p2a: Kingambit|Ghost
|move|p1a: Big Tuskackus|Headlong Rush|p2a: Kingambit
|-damage|p2a: Kingambit|16/100
|-unboost|p1a: Big Tuskackus|def|1
|-unboost|p1a: Big Tuskackus|spd|1
|move|p2a: Kingambit|Low Kick|p1a: Big Tuskackus
|-damage|p1a: Big Tuskackus|0 fnt
|faint|p1a: Big Tuskackus
|-end|p1a: Big Tuskackus|Protosynthesis|[silent]
|
|-heal|p2a: Kingambit|22/100|[from] item: Leftovers
|upkeep
|
|t:|1781316156
|switch|p1a: Poo Chainz|Cinderace, F|100/100
|turn|9
|
|t:|1781316162
|move|p2a: Kingambit|Sucker Punch|p1a: Poo Chainz
|-damage|p1a: Poo Chainz|0 fnt
|faint|p1a: Poo Chainz
|
|-heal|p2a: Kingambit|29/100|[from] item: Leftovers
|upkeep
|
|t:|1781316169
|switch|p1a: Magnum Jones|Magnezone|100/100
|turn|10
|
|t:|1781316174
|move|p2a: Kingambit|Low Kick|p1a: Magnum Jones
|-supereffective|p1a: Magnum Jones
|-damage|p1a: Magnum Jones|0 fnt
|faint|p1a: Magnum Jones
|
|-heal|p2a: Kingambit|35/100|[from] item: Leftovers
|upkeep
|
|t:|1781316178
|switch|p1a: Victor Krum|Kyurem|100/100
|-ability|p1a: Victor Krum|Pressure
|turn|11
|
|t:|1781316185
|move|p2a: Kingambit|Sucker Punch|p1a: Victor Krum
|-damage|p1a: Victor Krum|0 fnt
|faint|p1a: Victor Krum
|
|-heal|p2a: Kingambit|41/100|[from] item: Leftovers
|upkeep
|
|t:|1781316189
|switch|p1a: Regieleki|Regieleki|100/100
|turn|12
|
|t:|1781316194
|move|p2a: Kingambit|Sucker Punch|p1a: Regieleki
|-damage|p1a: Regieleki|0 fnt
|faint|p1a: Regieleki
|
|win|rekjllj
|raw|chetthankz's rating: 1568 &rarr; <strong>1553</strong><br />(-15 for losing)
|raw|rekjllj's rating: 1656 &rarr; <strong>1671</strong><br />(+15 for winning)
|c|☆rekjllj|gg
|l|☆rekjllj
|player|p2|
|l|☆chetthankz
|player|p1|
