|j|☆jonuz
|j|☆jd2sleepy
|t:|1781093437
|gametype|singles
|player|p1|jonuz|2|1596
|player|p2|jd2sleepy|blackbelt-gen4dp|1582
|gen|9
|tier|[Gen 9] OU
|rated|
|rule|HP Percentage Mod: HP is shown in percentages
|rule|Endless Battle Clause: Forcing endless battles is banned
|rule|Species Clause: Limit one of each Pokémon
|rule|OHKO Clause: OHKO moves are banned
|rule|Evasion Items Clause: Evasion items are banned
|rule|Evasion Moves Clause: Evasion moves are banned
|rule|Evasion Abilities Clause: Evasion abilities are banned
|rule|Sleep Moves Clause: Sleep-inducing moves are banned
|clearpoke
|poke|p1|Gholdengo|
|poke|p1|Ting-Lu|
|poke|p1|Kommo-o, M|
|poke|p1|Dragonite, F|
|poke|p1|Iron Valiant|
|poke|p1|Ursaluna, F|
|poke|p2|Toxicroak, F|
|poke|p2|Pelipper, F|
|poke|p2|Floatzel, F|
|poke|p2|Iron Treads|
|poke|p2|Hatterene, F|
|poke|p2|Volcanion|
|teampreview
|
|t:|1781093464
|teamsize|p1|6
|teamsize|p2|6
|start
|switch|p1a: Gholdengo|Gholdengo|100/100
|switch|p2a: Drizzy|Pelipper, F|100/100
|-weather|RainDance|[from] ability: Drizzle|[of] p2a: Drizzy
|turn|1
|
|t:|1781093468
|switch|p2a: Iron Treads|Iron Treads|100/100
|move|p1a: Gholdengo|Light Screen|p1a: Gholdengo
|-sidestart|p1: jonuz|move: Light Screen
|
|-weather|RainDance|[upkeep]
|upkeep
|turn|2
|
|t:|1781093470
|move|p2a: Iron Treads|Knock Off|p1a: Gholdengo
|-supereffective|p1a: Gholdengo
|-damage|p1a: Gholdengo|65/100
|-enditem|p1a: Gholdengo|Light Clay|[from] move: Knock Off|[of] p2a: Iron Treads
|move|p1a: Gholdengo|Reflect|p1a: Gholdengo
|-sidestart|p1: jonuz|Reflect
|
|-weather|RainDance|[upkeep]
|upkeep
|turn|3
|
|t:|1781093472
|move|p2a: Iron Treads|Stealth Rock|p1a: Gholdengo
|-sidestart|p1: jonuz|move: Stealth Rock
|move|p1a: Gholdengo|Memento|p2a: Iron Treads
|-unboost|p2a: Iron Treads|atk|2
|-unboost|p2a: Iron Treads|spa|2
|faint|p1a: Gholdengo
|
|-weather|RainDance|[upkeep]
|upkeep
|
|t:|1781093476
|switch|p1a: Ursaluna|Ursaluna, F|100/100
|-damage|p1a: Ursaluna|94/100|[from] Stealth Rock
|turn|4
|
|t:|1781093482
|move|p2a: Iron Treads|Knock Off|p1a: Ursaluna
|-damage|p1a: Ursaluna|90/100
|-enditem|p1a: Ursaluna|Leftovers|[from] move: Knock Off|[of] p2a: Iron Treads
|move|p1a: Ursaluna|Bulk Up|p1a: Ursaluna
|-boost|p1a: Ursaluna|atk|1
|-boost|p1a: Ursaluna|def|1
|
|-weather|RainDance|[upkeep]
|upkeep
|turn|5
|
|t:|1781093487
|-end|p2a: Iron Treads|Quark Drive|[silent]
|switch|p2a: Hatterene|Hatterene, F|100/100
|move|p1a: Ursaluna|Bulk Up|p1a: Ursaluna
|-boost|p1a: Ursaluna|atk|1
|-boost|p1a: Ursaluna|def|1
|
|-weather|RainDance|[upkeep]
|upkeep
|turn|6
|
|t:|1781093492
|move|p1a: Ursaluna|Body Slam|p2a: Hatterene
|-damage|p2a: Hatterene|9/100
|-enditem|p2a: Hatterene|Eject Button
|
|t:|1781093496
|switch|p2a: Volcanion|Volcanion|100/100
|
|-weather|RainDance|[upkeep]
|-sideend|p1: jonuz|Reflect
|upkeep
|turn|7
|
|t:|1781093500
|switch|p2a: Hatterene|Hatterene, F|9/100
|-terastallize|p1a: Ursaluna|Grass
|move|p1a: Ursaluna|Earthquake|p2a: Hatterene
|-crit|p2a: Hatterene
|-damage|p2a: Hatterene|0 fnt
|faint|p2a: Hatterene
|
|-weather|RainDance|[upkeep]
|upkeep
|
|t:|1781093522
|switch|p2a: Volcanion|Volcanion|100/100
|turn|8
|
|t:|1781093525
|switch|p1a: Kommo-o|Kommo-o, M|100/100
|-damage|p1a: Kommo-o|94/100|[from] Stealth Rock
|move|p2a: Volcanion|Sludge Bomb|p1a: Kommo-o
|-damage|p1a: Kommo-o|63/100
|
|-weather|none
|-sideend|p1: jonuz|move: Light Screen
|upkeep
|turn|9
|
|t:|1781093534
|switch|p2a: Drizzy|Pelipper, F|100/100
|-weather|RainDance|[from] ability: Drizzle|[of] p2a: Drizzy
|move|p1a: Kommo-o|Clangorous Soul|p1a: Kommo-o
|-boost|p1a: Kommo-o|atk|1
|-boost|p1a: Kommo-o|def|1
|-boost|p1a: Kommo-o|spa|1
|-boost|p1a: Kommo-o|spd|1
|-boost|p1a: Kommo-o|spe|1
|-damage|p1a: Kommo-o|30/100
|-enditem|p1a: Kommo-o|Throat Spray
|-boost|p1a: Kommo-o|spa|1|[from] item: Throat Spray
|
|-weather|RainDance|[upkeep]
|upkeep
|turn|10
|
|t:|1781093537
|move|p1a: Kommo-o|Boomburst|p2a: Drizzy
|-damage|p2a: Drizzy|25/100
|move|p2a: Drizzy|Hurricane|p1a: Kommo-o
|-supereffective|p1a: Kommo-o
|-damage|p1a: Kommo-o|0 fnt
|faint|p1a: Kommo-o
|
|-weather|RainDance|[upkeep]
|upkeep
|
|t:|1781093570
|switch|p1a: Iron Valiant|Iron Valiant|100/100
|-damage|p1a: Iron Valiant|94/100|[from] Stealth Rock
|-enditem|p1a: Iron Valiant|Booster Energy
|-activate|p1a: Iron Valiant|ability: Quark Drive|[fromitem]
|-start|p1a: Iron Valiant|quarkdrivespe
|turn|11
|
|t:|1781093582
|move|p1a: Iron Valiant|Moonblast|p2a: Drizzy
|-damage|p2a: Drizzy|0 fnt
|faint|p2a: Drizzy
|
|-weather|RainDance|[upkeep]
|upkeep
|
|t:|1781093585
|switch|p2a: Crash Out|Floatzel, F|100/100
|turn|12
|
|t:|1781093588
|-end|p1a: Iron Valiant|Quark Drive|[silent]
|switch|p1a: Ursaluna|Ursaluna, F, tera:Grass|90/100
|-damage|p1a: Ursaluna|77/100|[from] Stealth Rock
|move|p2a: Crash Out|Wave Crash|p1a: Ursaluna
|-resisted|p1a: Ursaluna
|-damage|p1a: Ursaluna|30/100
|-damage|p2a: Crash Out|77/100|[from] Recoil
|
|-weather|RainDance|[upkeep]
|upkeep
|turn|13
|
|t:|1781093592
|move|p2a: Crash Out|Wave Crash|p1a: Ursaluna
|-resisted|p1a: Ursaluna
|-damage|p1a: Ursaluna|0 fnt
|faint|p1a: Ursaluna
|-damage|p2a: Crash Out|63/100|[from] Recoil
|
|-weather|RainDance|[upkeep]
|upkeep
|
|t:|1781093596
|switch|p1a: Dragonite|Dragonite, F|100/100
|turn|14
|
|t:|1781093606
|move|p2a: Crash Out|Wave Crash|p1a: Dragonite
|-resisted|p1a: Dragonite
|-damage|p1a: Dragonite|69/100
|-damage|p2a: Crash Out|49/100|[from] Recoil
|move|p1a: Dragonite|Dragon Dance|p1a: Dragonite
|-boost|p1a: Dragonite|atk|1
|-boost|p1a: Dragonite|spe|1
|
|-weather|RainDance|[upkeep]
|upkeep
|turn|15
|
|t:|1781093609
|move|p2a: Crash Out|Wave Crash|p1a: Dragonite
|-resisted|p1a: Dragonite
|-damage|p1a: Dragonite|7/100
|-damage|p2a: Crash Out|24/100|[from] Recoil
|move|p1a: Dragonite|Roost|p1a: Dragonite
|-heal|p1a: Dragonite|57/100
|-singleturn|p1a: Dragonite|move: Roost
|
|-weather|RainDance|[upkeep]
|upkeep
|turn|16
|
|t:|1781093616
|move|p2a: Crash Out|Wave Crash|p1a: Dragonite
|-resisted|p1a: Dragonite
|-damage|p1a: Dragonite|0 fnt
|faint|p1a: Dragonite
|-damage|p2a: Crash Out|1/100|[from] Recoil
|
|-weather|none
|upkeep
|
|t:|1781093619
|switch|p1a: Iron Valiant|Iron Valiant|94/100
|-damage|p1a: Iron Valiant|88/100|[from] Stealth Rock
|turn|17
|
|t:|1781093624
|move|p1a: Iron Valiant|Moonblast|p2a: Crash Out
|-damage|p2a: Crash Out|0 fnt
|faint|p2a: Crash Out
|
|upkeep
|
|t:|1781093626
|switch|p2a: Volcanion|Volcanion|100/100
|turn|18
|
|t:|1781093635
|move|p1a: Iron Valiant|Shadow Ball|p2a: Volcanion
|-damage|p2a: Volcanion|67/100
|move|p2a: Volcanion|Steam Eruption|p1a: Iron Valiant
|-damage|p1a: Iron Valiant|0 fnt
|faint|p1a: Iron Valiant
|-end|p1a: Iron Valiant|Quark Drive|[silent]
|
|upkeep
|
|t:|1781093636
|switch|p1a: Ting-Lu|Ting-Lu|100/100
|-damage|p1a: Ting-Lu|94/100|[from] Stealth Rock
|-ability|p1a: Ting-Lu|Vessel of Ruin
|turn|19
|
|t:|1781093638
|-terastallize|p2a: Volcanion|Water
|move|p2a: Volcanion|Steam Eruption|p1a: Ting-Lu
|-supereffective|p1a: Ting-Lu
|-damage|p1a: Ting-Lu|0 fnt
|faint|p1a: Ting-Lu
|
|win|jd2sleepy
|raw|jonuz's rating: 1596 &rarr; <strong>1575</strong><br />(-21 for losing)
|raw|jd2sleepy's rating: 1582 &rarr; <strong>1603</strong><br />(+21 for winning)
|l|☆jonuz
|player|p1|
|l|☆jd2sleepy
|player|p2|
