|j|☆IRON VALIANT
|j|☆runningdan
|t:|1781239440
|gametype|singles
|player|p1|IRON VALIANT|miku-water|1509
|player|p2|runningdan|1|1549
|gen|9
|tier|[Gen 9] OU
|rated|
|rule|HP Percentage Mod: HP is shown in percentages
|rule|Endless Battle Clause: Forcing endless battles is banned
|rule|Species Clause: Limit one of each Pokémon
|rule|OHKO Clause: OHKO moves are banned
|rule|Evasion Items Clause: Evasion items are banned
|rule|Evasion Moves Clause: Evasion moves are banned
|rule|Evasion Abilities Clause: Evasion abilities are banned
|rule|Sleep Moves Clause: Sleep-inducing moves are banned
|clearpoke
|poke|p1|Tinkaton, F|
|poke|p1|Ogerpon, F|
|poke|p1|Great Tusk|
|poke|p1|Pecharunt|
|poke|p1|Alomomola, M|
|poke|p1|Hydreigon, M|
|poke|p2|Great Tusk|
|poke|p2|Ninetales-Alola, M|
|poke|p2|Darkrai|
|poke|p2|Gliscor, M|
|poke|p2|Hatterene, F|
|poke|p2|Dragapult, F|
|teampreview
|inactive|Battle timer is ON: inactive players will automatically lose when time's up. (requested by runningdan)
|
|t:|1781239452
|teamsize|p1|6
|teamsize|p2|6
|start
|switch|p1a: GIGATON|Tinkaton, F, shiny|100/100
|switch|p2a: Ninetales|Ninetales-Alola, M|100/100
|-weather|Snowscape|[from] ability: Snow Warning|[of] p2a: Ninetales
|-item|p1a: GIGATON|Air Balloon
|turn|1
|
|t:|1781239481
|switch|p2a: Great Tusk|Great Tusk|100/100
|move|p1a: GIGATON|Stealth Rock|p2a: Great Tusk
|-sidestart|p2: runningdan|move: Stealth Rock
|
|-weather|Snowscape|[upkeep]
|upkeep
|turn|2
|
|t:|1781239501
|switch|p1a: MYTHICALMALIGNANCE|Pecharunt|100/100
|move|p2a: Great Tusk|Bulk Up|p2a: Great Tusk
|-boost|p2a: Great Tusk|atk|1
|-boost|p2a: Great Tusk|def|1
|
|-weather|Snowscape|[upkeep]
|upkeep
|turn|3
|
|t:|1781239520
|-end|p2a: Great Tusk|Protosynthesis|[silent]
|switch|p2a: Gliscor|Gliscor, M|100/100
|-damage|p2a: Gliscor|88/100|[from] Stealth Rock
|switch|p1a: FLESH JUGULIS|Hydreigon, M, shiny|100/100
|
|-weather|Snowscape|[upkeep]
|-status|p2a: Gliscor|tox|[from] item: Toxic Orb
|upkeep
|turn|4
|
|t:|1781239536
|switch|p2a: Hatterene|Hatterene, F|100/100
|-damage|p2a: Hatterene|88/100|[from] Stealth Rock
|move|p1a: FLESH JUGULIS|Dark Pulse|p2a: Hatterene
|-damage|p2a: Hatterene|30/100
|
|-weather|Snowscape|[upkeep]
|-heal|p2a: Hatterene|36/100|[from] item: Leftovers
|upkeep
|turn|5
|inactive|runningdan has 120 seconds left.
|
|t:|1781239559
|switch|p2a: Great Tusk|Great Tusk|100/100
|-damage|p2a: Great Tusk|98/100|[from] Stealth Rock
|move|p1a: FLESH JUGULIS|Dark Pulse|p2a: Great Tusk
|-resisted|p2a: Great Tusk
|-damage|p2a: Great Tusk|60/100
|
|-weather|none
|-heal|p2a: Great Tusk|66/100|[from] item: Leftovers
|upkeep
|turn|6
|inactive|runningdan has 120 seconds left.
|
|t:|1781239571
|switch|p1a: MYTHICALMALIGNANCE|Pecharunt|100/100
|move|p2a: Great Tusk|Bulk Up|p2a: Great Tusk
|-boost|p2a: Great Tusk|atk|1
|-boost|p2a: Great Tusk|def|1
|
|-heal|p2a: Great Tusk|72/100|[from] item: Leftovers
|upkeep
|turn|7
|inactive|runningdan has 120 seconds left.
|
|t:|1781239586
|-terastallize|p2a: Great Tusk|Poison
|move|p2a: Great Tusk|Bulk Up|p2a: Great Tusk
|-boost|p2a: Great Tusk|atk|1
|-boost|p2a: Great Tusk|def|1
|move|p1a: MYTHICALMALIGNANCE|Shadow Ball|p2a: Great Tusk
|-damage|p2a: Great Tusk|36/100
|
|-heal|p2a: Great Tusk|42/100|[from] item: Leftovers
|upkeep
|turn|8
|
|t:|1781239606
|-terastallize|p1a: MYTHICALMALIGNANCE|Ghost
|move|p2a: Great Tusk|Earthquake|p1a: MYTHICALMALIGNANCE
|-damage|p1a: MYTHICALMALIGNANCE|57/100
|move|p1a: MYTHICALMALIGNANCE|Shadow Ball|p2a: Great Tusk
|-damage|p2a: Great Tusk|0 fnt
|faint|p2a: Great Tusk
|-end|p2a: Great Tusk|Protosynthesis|[silent]
|
|upkeep
|
|t:|1781239618
|switch|p2a: Darkrai|Darkrai|100/100
|-damage|p2a: Darkrai|88/100|[from] Stealth Rock
|turn|9
|
|t:|1781239623
|switch|p1a: THE FISH|Alomomola, M, shiny|100/100
|move|p2a: Darkrai|Dark Pulse|p1a: THE FISH
|-crit|p1a: THE FISH
|-damage|p1a: THE FISH|67/100
|
|-heal|p2a: Darkrai|94/100|[from] item: Leftovers
|upkeep
|turn|10
|
|t:|1781239635
|move|p2a: Darkrai|Dark Pulse|p1a: THE FISH
|-damage|p1a: THE FISH|47/100
|cant|p1a: THE FISH|flinch
|
|-heal|p2a: Darkrai|99/100|[from] item: Leftovers
|upkeep
|turn|11
|
|t:|1781239647
|move|p2a: Darkrai|Dark Pulse|p1a: THE FISH
|-damage|p1a: THE FISH|28/100
|move|p1a: THE FISH|Flip Turn|p2a: Darkrai
|-damage|p2a: Darkrai|77/100
|
|t:|1781239656
|switch|p1a: GIGATON|Tinkaton, F, shiny|100/100|[from] Flip Turn
|-item|p1a: GIGATON|Air Balloon
|
|-heal|p2a: Darkrai|83/100|[from] item: Leftovers
|upkeep
|turn|12
|
|t:|1781239674
|switch|p2a: Hatterene|Hatterene, F|36/100
|-damage|p2a: Hatterene|23/100|[from] Stealth Rock
|move|p1a: GIGATON|Gigaton Hammer|p2a: Hatterene
|-supereffective|p2a: Hatterene
|-damage|p2a: Hatterene|0 fnt
|faint|p2a: Hatterene
|
|upkeep
|
|t:|1781239688
|switch|p2a: Gliscor|Gliscor, M|88/100 tox
|-damage|p2a: Gliscor|75/100 tox|[from] Stealth Rock
|turn|13
|
|t:|1781239699
|move|p1a: GIGATON|Ice Hammer|p2a: Gliscor
|-supereffective|p2a: Gliscor
|-damage|p2a: Gliscor|0 fnt
|-unboost|p1a: GIGATON|spe|1
|faint|p2a: Gliscor
|
|upkeep
|
|t:|1781239708
|switch|p2a: Dragapult|Dragapult, F|100/100
|-damage|p2a: Dragapult|88/100|[from] Stealth Rock
|turn|14
|
|t:|1781239712
|move|p2a: Dragapult|Fire Blast|p1a: GIGATON|[miss]
|-miss|p2a: Dragapult|p1a: GIGATON
|move|p1a: GIGATON|Gigaton Hammer|p2a: Dragapult
|-damage|p2a: Dragapult|11/100
|
|upkeep
|turn|15
|-message|runningdan forfeited.
|
|win|IRON VALIANT
|raw|IRON VALIANT's rating: 1509 &rarr; <strong>1531</strong><br />(+22 for winning)
|raw|runningdan's rating: 1549 &rarr; <strong>1527</strong><br />(-22 for losing)
|l|☆runningdan
|player|p2|
|l|☆IRON VALIANT
|player|p1|
