|j|☆brilliance12345678
|j|☆kadu99
|t:|1781115877
|gametype|singles
|player|p1|brilliance12345678|101|1535
|player|p2|kadu99|policeman-gen4|1666
|gen|9
|tier|[Gen 9] OU
|rated|
|rule|HP Percentage Mod: HP is shown in percentages
|rule|Endless Battle Clause: Forcing endless battles is banned
|rule|Species Clause: Limit one of each Pokémon
|rule|OHKO Clause: OHKO moves are banned
|rule|Evasion Items Clause: Evasion items are banned
|rule|Evasion Moves Clause: Evasion moves are banned
|rule|Evasion Abilities Clause: Evasion abilities are banned
|rule|Sleep Moves Clause: Sleep-inducing moves are banned
|clearpoke
|poke|p1|Araquanid, M|
|poke|p1|Ogerpon-Wellspring, F|
|poke|p1|Gholdengo|
|poke|p1|Darkrai|
|poke|p1|Great Tusk|
|poke|p1|Glimmora, M|
|poke|p2|Iron Valiant|
|poke|p2|Ogerpon-Wellspring, F|
|poke|p2|Ting-Lu|
|poke|p2|Pecharunt|
|poke|p2|Cinderace, F|
|poke|p2|Dragonite, F|
|teampreview
|j| kxpowkedpowe
|
|t:|1781115887
|teamsize|p1|6
|teamsize|p2|6
|start
|switch|p1a: Araquanid|Araquanid, M|100/100
|switch|p2a: Ludicolo Fan|Ogerpon-Wellspring, F|100/100
|turn|1
|inactive|Battle timer is ON: inactive players will automatically lose when time's up. (requested by brilliance12345678)
|inactive|kadu99 has 120 seconds left.
|
|t:|1781115928
|move|p2a: Ludicolo Fan|Swords Dance|p2a: Ludicolo Fan
|-boost|p2a: Ludicolo Fan|atk|2
|move|p1a: Araquanid|Sticky Web|p2a: Ludicolo Fan
|-sidestart|p2: kadu99|move: Sticky Web
|
|upkeep
|turn|2
|
|t:|1781115937
|move|p1a: Araquanid|Endure|p1a: Araquanid
|-singleturn|p1a: Araquanid|move: Endure
|move|p2a: Ludicolo Fan|Encore|p1a: Araquanid
|-start|p1a: Araquanid|Encore
|
|upkeep
|turn|3
|
|t:|1781115959
|switch|p1a: Gholdengo|Gholdengo|100/100
|-item|p1a: Gholdengo|Air Balloon
|move|p2a: Ludicolo Fan|Ivy Cudgel|p1a: Gholdengo|[anim] Ivy Cudgel Water
|-damage|p1a: Gholdengo|0 fnt
|-enditem|p1a: Gholdengo|Air Balloon
|faint|p1a: Gholdengo
|
|upkeep
|
|t:|1781115965
|switch|p1a: Araquanid|Araquanid, M|100/100
|turn|4
|
|t:|1781115972
|move|p2a: Ludicolo Fan|Swords Dance|p2a: Ludicolo Fan
|-boost|p2a: Ludicolo Fan|atk|2
|move|p1a: Araquanid|Pounce|p2a: Ludicolo Fan
|-supereffective|p2a: Ludicolo Fan
|-damage|p2a: Ludicolo Fan|48/100
|-unboost|p2a: Ludicolo Fan|spe|1
|
|upkeep
|turn|5
|
|t:|1781115979
|move|p1a: Araquanid|Endure|p1a: Araquanid
|-singleturn|p1a: Araquanid|move: Endure
|move|p2a: Ludicolo Fan|Horn Leech|p1a: Araquanid
|-activate|p1a: Araquanid|move: Endure
|-damage|p1a: Araquanid|1/100
|-heal|p2a: Ludicolo Fan|100/100|[from] drain|[of] p1a: Araquanid
|
|upkeep
|turn|6
|-enditem|p1a: Araquanid|Custap Berry|[eat]
|-activate|p1a: Araquanid|item: Custap Berry|[consumed]
|
|t:|1781115984
|move|p1a: Araquanid|Pounce|p2a: Ludicolo Fan
|-supereffective|p2a: Ludicolo Fan
|-damage|p2a: Ludicolo Fan|48/100
|-unboost|p2a: Ludicolo Fan|spe|1
|move|p2a: Ludicolo Fan|Encore|p1a: Araquanid
|-start|p1a: Araquanid|Encore
|
|upkeep
|turn|7
|
|t:|1781115990
|move|p2a: Ludicolo Fan|Horn Leech|p1a: Araquanid
|-damage|p1a: Araquanid|0 fnt
|-heal|p2a: Ludicolo Fan|48/100|[from] drain|[of] p1a: Araquanid
|faint|p1a: Araquanid
|
|upkeep
|
|t:|1781115999
|switch|p1a: Glimmora|Glimmora, M|100/100
|turn|8
|
|t:|1781116004
|switch|p2a: LooTing|Ting-Lu|100/100
|-activate|p2a: LooTing|move: Sticky Web
|-unboost|p2a: LooTing|spe|1
|-ability|p2a: LooTing|Vessel of Ruin
|move|p1a: Glimmora|Meteor Beam||[still]
|-prepare|p1a: Glimmora|Meteor Beam
|-boost|p1a: Glimmora|spa|1
|-enditem|p1a: Glimmora|Power Herb
|-anim|p1a: Glimmora|Meteor Beam|p2a: LooTing
|-resisted|p2a: LooTing
|-damage|p2a: LooTing|80/100
|
|-heal|p2a: LooTing|86/100|[from] item: Leftovers
|upkeep
|turn|9
|
|t:|1781116011
|move|p1a: Glimmora|Energy Ball|p2a: LooTing
|-supereffective|p2a: LooTing
|-damage|p2a: LooTing|46/100
|-unboost|p2a: LooTing|spd|1
|move|p2a: LooTing|Ruination|p1a: Glimmora
|-damage|p1a: Glimmora|50/100
|
|-heal|p2a: LooTing|53/100|[from] item: Leftovers
|upkeep
|turn|10
|
|t:|1781116028
|switch|p2a: s26 ultra 5g 512gb|Dragonite, F|100/100
|move|p1a: Glimmora|Energy Ball|p2a: s26 ultra 5g 512gb
|-resisted|p2a: s26 ultra 5g 512gb
|-damage|p2a: s26 ultra 5g 512gb|95/100
|
|upkeep
|turn|11
|
|t:|1781116032
|move|p1a: Glimmora|Sludge Wave|p2a: s26 ultra 5g 512gb
|-damage|p2a: s26 ultra 5g 512gb|30/100
|move|p2a: s26 ultra 5g 512gb|Earthquake|p1a: Glimmora
|-supereffective|p1a: Glimmora
|-damage|p1a: Glimmora|0 fnt
|-activate|p1a: Glimmora|ability: Toxic Debris
|-sidestart|p2: kadu99|move: Toxic Spikes
|faint|p1a: Glimmora
|
|upkeep
|c|☆brilliance12345678|quite the name
|
|t:|1781116043
|switch|p1a: Great Tusk|Great Tusk|100/100
|-enditem|p1a: Great Tusk|Booster Energy
|-activate|p1a: Great Tusk|ability: Protosynthesis|[fromitem]
|-start|p1a: Great Tusk|protosynthesisatk
|turn|12
|c|☆kadu99|thank you xD
|
|t:|1781116051
|move|p1a: Great Tusk|Rapid Spin|p2a: s26 ultra 5g 512gb
|-damage|p2a: s26 ultra 5g 512gb|6/100
|-boost|p1a: Great Tusk|spe|1
|move|p2a: s26 ultra 5g 512gb|Dragon Tail|p1a: Great Tusk
|-damage|p1a: Great Tusk|75/100
|-end|p1a: Great Tusk|Protosynthesis|[silent]
|drag|p1a: Darkrai|Darkrai|100/100
|
|upkeep
|turn|13
|
|t:|1781116063
|move|p2a: s26 ultra 5g 512gb|Extreme Speed|p1a: Darkrai
|-damage|p1a: Darkrai|57/100
|move|p1a: Darkrai|Dark Pulse|p2a: s26 ultra 5g 512gb
|-damage|p2a: s26 ultra 5g 512gb|0 fnt
|faint|p2a: s26 ultra 5g 512gb
|
|upkeep
|inactive|kadu99 has 120 seconds left.
|
|t:|1781116100
|switch|p2a: Ronaldinho|Cinderace, F|100/100
|turn|14
|
|t:|1781116111
|move|p2a: Ronaldinho|Pyro Ball|p1a: Darkrai
|-damage|p1a: Darkrai|0 fnt
|faint|p1a: Darkrai
|
|upkeep
|
|t:|1781116115
|switch|p1a: Great Tusk|Great Tusk|75/100
|turn|15
|
|t:|1781116119
|move|p2a: Ronaldinho|Court Change|p2a: Ronaldinho
|-start|p2a: Ronaldinho|typechange|Normal|[from] ability: Libero
|-swapsideconditions
|-activate|p2a: Ronaldinho|move: Court Change
|move|p1a: Great Tusk|Rapid Spin|p2a: Ronaldinho
|-damage|p2a: Ronaldinho|74/100
|-boost|p1a: Great Tusk|spe|1
|-sideend|p1: brilliance12345678|Toxic Spikes|[from] move: Rapid Spin|[of] p1a: Great Tusk
|-sideend|p1: brilliance12345678|Sticky Web|[from] move: Rapid Spin|[of] p1a: Great Tusk
|
|upkeep
|turn|16
|
|t:|1781116133
|switch|p2a: LooTing|Ting-Lu|53/100
|-ability|p2a: LooTing|Vessel of Ruin
|move|p1a: Great Tusk|Close Combat|p2a: LooTing
|-supereffective|p2a: LooTing
|-damage|p2a: LooTing|0 fnt
|-unboost|p1a: Great Tusk|def|1
|-unboost|p1a: Great Tusk|spd|1
|faint|p2a: LooTing
|
|upkeep
|inactive|kadu99 has 120 seconds left.
|
|t:|1781116149
|switch|p2a: SwordArtOnline|Iron Valiant|100/100
|turn|17
|inactive|kadu99 has 120 seconds left.
|
|t:|1781116157
|-terastallize|p1a: Great Tusk|Ground
|move|p2a: SwordArtOnline|Endure|p2a: SwordArtOnline
|-singleturn|p2a: SwordArtOnline|move: Endure
|move|p1a: Great Tusk|Headlong Rush|p2a: SwordArtOnline
|-activate|p2a: SwordArtOnline|move: Endure
|-damage|p2a: SwordArtOnline|1/100
|-unboost|p1a: Great Tusk|def|1
|-unboost|p1a: Great Tusk|spd|1
|
|upkeep
|turn|18
|-enditem|p2a: SwordArtOnline|Custap Berry|[eat]
|-activate|p2a: SwordArtOnline|item: Custap Berry|[consumed]
|
|t:|1781116163
|move|p2a: SwordArtOnline|Moonblast|p1a: Great Tusk
|-damage|p1a: Great Tusk|0 fnt
|faint|p1a: Great Tusk
|-end|p1a: Great Tusk|Protosynthesis|[silent]
|
|upkeep
|c|☆brilliance12345678|0_o
|
|t:|1781116175
|switch|p1a: Ogerpon|Ogerpon-Wellspring, F|100/100
|turn|19
|
|t:|1781116182
|move|p2a: SwordArtOnline|Destiny Bond|p2a: SwordArtOnline
|-singlemove|p2a: SwordArtOnline|Destiny Bond
|move|p1a: Ogerpon|Ivy Cudgel|p2a: SwordArtOnline|[anim] Ivy Cudgel Water
|-damage|p2a: SwordArtOnline|0 fnt
|faint|p2a: SwordArtOnline
|-activate|p2a: SwordArtOnline|move: Destiny Bond
|-end|p2a: SwordArtOnline|Quark Drive|[silent]
|faint|p1a: Ogerpon
|
|win|kadu99
|raw|brilliance12345678's rating: 1535 &rarr; <strong>1522</strong><br />(-13 for losing)
|raw|kadu99's rating: 1666 &rarr; <strong>1679</strong><br />(+13 for winning)
|c|☆kadu99|xD
|c|☆kadu99|gg man
|c|☆brilliance12345678|gg wp
|l| kxpowkedpowe
|c|☆brilliance12345678|fun team
|l|☆brilliance12345678
|player|p1|
|c|☆kadu99|appreciate it
