|j|☆Mr Tpen
|j|☆just.mr.himself
|t:|1781195094
|gametype|singles
|player|p1|Mr Tpen|266|1547
|player|p2|just.mr.himself|steven|1492
|gen|9
|tier|[Gen 9] OU
|rated|
|rule|HP Percentage Mod: HP is shown in percentages
|rule|Endless Battle Clause: Forcing endless battles is banned
|rule|Species Clause: Limit one of each Pokémon
|rule|OHKO Clause: OHKO moves are banned
|rule|Evasion Items Clause: Evasion items are banned
|rule|Evasion Moves Clause: Evasion moves are banned
|rule|Evasion Abilities Clause: Evasion abilities are banned
|rule|Sleep Moves Clause: Sleep-inducing moves are banned
|clearpoke
|poke|p1|Moltres|
|poke|p1|Corviknight, F|
|poke|p1|Gliscor, M|
|poke|p1|Ogerpon-Wellspring, F|
|poke|p1|Gholdengo|
|poke|p1|Hatterene, F|
|poke|p2|Pelipper, L99, F|
|poke|p2|Barraskewda, F|
|poke|p2|Raging Bolt|
|poke|p2|Pawmot, F|
|poke|p2|Meowscarada, F|
|poke|p2|Tentacruel, F|
|teampreview
|inactive|Battle timer is ON: inactive players will automatically lose when time's up. (requested by just.mr.himself)
|
|t:|1781195106
|teamsize|p1|6
|teamsize|p2|6
|start
|switch|p1a: Gholdengo|Gholdengo|100/100
|switch|p2a: ExSkewda Me|Barraskewda, F|100/100
|turn|1
|
|t:|1781195115
|switch|p1a: Ogerpon|Ogerpon-Wellspring, F|100/100
|switch|p2a: Spaghetti Too|Tentacruel, F|100/100
|
|upkeep
|turn|2
|
|t:|1781195119
|switch|p1a: Corviknight|Corviknight, F|100/100
|-ability|p1a: Corviknight|Pressure
|move|p2a: Spaghetti Too|Sludge Bomb|p1a: Corviknight
|-immune|p1a: Corviknight
|
|upkeep
|turn|3
|
|t:|1781195124
|switch|p1a: Gholdengo|Gholdengo|100/100
|move|p2a: Spaghetti Too|Flip Turn|p1a: Gholdengo
|-damage|p1a: Gholdengo|84/100
|
|t:|1781195140
|switch|p2a: Meowscarada|Meowscarada, F|100/100|[from] Flip Turn
|
|upkeep
|turn|4
|
|t:|1781195144
|switch|p1a: Moltres|Moltres|100/100
|switch|p2a: Spaghetti Too|Tentacruel, F|100/100
|
|upkeep
|turn|5
|
|t:|1781195150
|switch|p1a: Corviknight|Corviknight, F|100/100
|-ability|p1a: Corviknight|Pressure
|move|p2a: Spaghetti Too|Sludge Bomb|p1a: Corviknight
|-immune|p1a: Corviknight
|
|upkeep
|turn|6
|
|t:|1781195154
|move|p2a: Spaghetti Too|Flip Turn|p1a: Corviknight
|-damage|p1a: Corviknight|87/100
|
|t:|1781195158
|switch|p2a: Pelipper|Pelipper, L99, F|100/100|[from] Flip Turn
|-weather|RainDance|[from] ability: Drizzle|[of] p2a: Pelipper
|move|p1a: Corviknight|Brave Bird|p2a: Pelipper
|-damage|p2a: Pelipper|74/100
|-damage|p1a: Corviknight|80/100|[from] Recoil
|
|-weather|RainDance|[upkeep]
|-heal|p1a: Corviknight|86/100|[from] item: Leftovers
|upkeep
|turn|7
|
|t:|1781195170
|move|p1a: Corviknight|Protect|p1a: Corviknight
|-singleturn|p1a: Corviknight|Protect
|move|p2a: Pelipper|U-turn|p1a: Corviknight
|-activate|p1a: Corviknight|move: Protect
|
|-weather|RainDance|[upkeep]
|-heal|p1a: Corviknight|92/100|[from] item: Leftovers
|upkeep
|turn|8
|
|t:|1781195176
|switch|p1a: Gliscor|Gliscor, M|100/100
|move|p2a: Pelipper|Surf|p1a: Gliscor
|-supereffective|p1a: Gliscor
|-damage|p1a: Gliscor|0 fnt
|faint|p1a: Gliscor
|
|-weather|RainDance|[upkeep]
|upkeep
|
|t:|1781195178
|switch|p1a: Ogerpon|Ogerpon-Wellspring, F|100/100
|turn|9
|
|t:|1781195190
|move|p1a: Ogerpon|Encore|p2a: Pelipper
|-start|p2a: Pelipper|Encore
|move|p2a: Pelipper|Surf|p1a: Ogerpon
|-immune|p1a: Ogerpon|[from] ability: Water Absorb
|
|-weather|RainDance|[upkeep]
|upkeep
|turn|10
|
|t:|1781195202
|switch|p2a: Meowscarada|Meowscarada, F|100/100
|move|p1a: Ogerpon|Trailblaze|p2a: Meowscarada
|-resisted|p2a: Meowscarada
|-damage|p2a: Meowscarada|78/100
|-boost|p1a: Ogerpon|spe|1
|
|-weather|RainDance|[upkeep]
|upkeep
|turn|11
|inactive|just.mr.himself has 120 seconds left.
|
|t:|1781195235
|switch|p2a: Spaghetti Too|Tentacruel, F|100/100
|move|p1a: Ogerpon|Ivy Cudgel|p2a: Spaghetti Too|[anim] Ivy Cudgel Water
|-resisted|p2a: Spaghetti Too
|-damage|p2a: Spaghetti Too|41/100
|
|-weather|RainDance|[upkeep]
|-heal|p2a: Spaghetti Too|47/100|[from] ability: Rain Dish
|upkeep
|turn|12
|inactive|just.mr.himself has 120 seconds left.
|
|t:|1781195255
|move|p1a: Ogerpon|Ivy Cudgel|p2a: Spaghetti Too|[anim] Ivy Cudgel Water
|-resisted|p2a: Spaghetti Too
|-damage|p2a: Spaghetti Too|0 fnt
|faint|p2a: Spaghetti Too
|
|-weather|RainDance|[upkeep]
|upkeep
|
|t:|1781195269
|switch|p2a: Pelipper|Pelipper, L99, F|74/100
|turn|13
|
|t:|1781195277
|switch|p1a: Corviknight|Corviknight, F|92/100
|-ability|p1a: Corviknight|Pressure
|move|p2a: Pelipper|U-turn|p1a: Corviknight
|-resisted|p1a: Corviknight
|-damage|p1a: Corviknight|90/100
|
|t:|1781195291
|switch|p2a: ExSkewda Me|Barraskewda, F|100/100|[from] U-turn
|
|-weather|none
|-heal|p1a: Corviknight|96/100|[from] item: Leftovers
|upkeep
|turn|14
|
|t:|1781195297
|move|p2a: ExSkewda Me|Flip Turn|p1a: Corviknight
|-damage|p1a: Corviknight|63/100
|
|t:|1781195300
|switch|p2a: Pelipper|Pelipper, L99, F|74/100|[from] Flip Turn
|-weather|RainDance|[from] ability: Drizzle|[of] p2a: Pelipper
|move|p1a: Corviknight|Brave Bird|p2a: Pelipper
|-damage|p2a: Pelipper|48/100
|-damage|p1a: Corviknight|56/100|[from] Recoil
|
|-weather|RainDance|[upkeep]
|-heal|p1a: Corviknight|62/100|[from] item: Leftovers
|upkeep
|turn|15
|
|t:|1781195304
|move|p1a: Corviknight|Roost|p1a: Corviknight
|-heal|p1a: Corviknight|100/100
|-singleturn|p1a: Corviknight|move: Roost
|move|p2a: Pelipper|Roost|p2a: Pelipper
|-heal|p2a: Pelipper|98/100
|-singleturn|p2a: Pelipper|move: Roost
|
|-weather|RainDance|[upkeep]
|upkeep
|turn|16
|
|t:|1781195309
|move|p1a: Corviknight|Protect|p1a: Corviknight
|-singleturn|p1a: Corviknight|Protect
|move|p2a: Pelipper|Surf|p1a: Corviknight
|-activate|p1a: Corviknight|move: Protect
|
|-weather|RainDance|[upkeep]
|upkeep
|turn|17
|
|t:|1781195315
|move|p1a: Corviknight|Brave Bird|p2a: Pelipper
|-damage|p2a: Pelipper|69/100
|-damage|p1a: Corviknight|93/100|[from] Recoil
|move|p2a: Pelipper|U-turn|p1a: Corviknight
|-resisted|p1a: Corviknight
|-damage|p1a: Corviknight|91/100
|
|t:|1781195321
|switch|p2a: Great Neck|Raging Bolt|100/100|[from] U-turn
|-enditem|p2a: Great Neck|Booster Energy
|-activate|p2a: Great Neck|ability: Protosynthesis|[fromitem]
|-start|p2a: Great Neck|protosynthesisspa
|
|-weather|RainDance|[upkeep]
|-heal|p1a: Corviknight|97/100|[from] item: Leftovers
|upkeep
|turn|18
|
|t:|1781195328
|move|p1a: Corviknight|Protect|p1a: Corviknight
|-singleturn|p1a: Corviknight|Protect
|move|p2a: Great Neck|Thunder|p1a: Corviknight
|-activate|p1a: Corviknight|move: Protect
|
|-weather|RainDance|[upkeep]
|-heal|p1a: Corviknight|100/100|[from] item: Leftovers
|upkeep
|turn|19
|
|t:|1781195336
|-terastallize|p1a: Corviknight|Dragon
|move|p2a: Great Neck|Thunder|p1a: Corviknight
|-resisted|p1a: Corviknight
|-damage|p1a: Corviknight|71/100
|move|p1a: Corviknight|Brave Bird|p2a: Great Neck
|-resisted|p2a: Great Neck
|-damage|p2a: Great Neck|85/100
|-damage|p1a: Corviknight|66/100|[from] Recoil
|
|-weather|RainDance|[upkeep]
|-heal|p1a: Corviknight|72/100|[from] item: Leftovers
|upkeep
|turn|20
|
|t:|1781195343
|move|p1a: Corviknight|Protect|p1a: Corviknight
|-singleturn|p1a: Corviknight|Protect
|move|p2a: Great Neck|Dragon Pulse|p1a: Corviknight
|-activate|p1a: Corviknight|move: Protect
|
|-weather|RainDance|[upkeep]
|-heal|p1a: Corviknight|78/100|[from] item: Leftovers
|upkeep
|turn|21
|
|t:|1781195348
|move|p2a: Great Neck|Thunder|p1a: Corviknight
|-resisted|p1a: Corviknight
|-damage|p1a: Corviknight|50/100
|move|p1a: Corviknight|Brave Bird|p2a: Great Neck
|-resisted|p2a: Great Neck
|-damage|p2a: Great Neck|69/100
|-damage|p1a: Corviknight|45/100|[from] Recoil
|
|-weather|none
|-heal|p1a: Corviknight|51/100|[from] item: Leftovers
|upkeep
|turn|22
|
|t:|1781195357
|-end|p2a: Great Neck|Protosynthesis|[silent]
|switch|p2a: Pelipper|Pelipper, L99, F|69/100
|-weather|RainDance|[from] ability: Drizzle|[of] p2a: Pelipper
|move|p1a: Corviknight|Protect||[still]
|-fail|p1a: Corviknight
|
|-weather|RainDance|[upkeep]
|-heal|p1a: Corviknight|57/100|[from] item: Leftovers
|upkeep
|turn|23
|
|t:|1781195363
|move|p1a: Corviknight|Roost|p1a: Corviknight
|-heal|p1a: Corviknight|100/100
|move|p2a: Pelipper|Roost|p2a: Pelipper
|-heal|p2a: Pelipper|100/100
|-singleturn|p2a: Pelipper|move: Roost
|
|-weather|RainDance|[upkeep]
|upkeep
|turn|24
|
|t:|1781195367
|move|p1a: Corviknight|Protect|p1a: Corviknight
|-singleturn|p1a: Corviknight|Protect
|move|p2a: Pelipper|Hurricane|p1a: Corviknight
|-activate|p1a: Corviknight|move: Protect
|
|-weather|RainDance|[upkeep]
|upkeep
|turn|25
|
|t:|1781195369
|move|p1a: Corviknight|Brave Bird|p2a: Pelipper
|-damage|p2a: Pelipper|70/100
|-damage|p1a: Corviknight|92/100|[from] Recoil
|move|p2a: Pelipper|Hurricane|p1a: Corviknight
|-damage|p1a: Corviknight|68/100
|
|-weather|RainDance|[upkeep]
|-heal|p1a: Corviknight|74/100|[from] item: Leftovers
|upkeep
|turn|26
|
|t:|1781195377
|move|p1a: Corviknight|Brave Bird|p2a: Pelipper
|-damage|p2a: Pelipper|39/100
|-damage|p1a: Corviknight|66/100|[from] Recoil
|move|p2a: Pelipper|Hurricane|p1a: Corviknight
|-damage|p1a: Corviknight|43/100
|
|-weather|RainDance|[upkeep]
|-heal|p1a: Corviknight|49/100|[from] item: Leftovers
|upkeep
|turn|27
|
|t:|1781195387
|move|p1a: Corviknight|Brave Bird|p2a: Pelipper
|-damage|p2a: Pelipper|11/100
|-damage|p1a: Corviknight|42/100|[from] Recoil
|move|p2a: Pelipper|Roost|p2a: Pelipper
|-heal|p2a: Pelipper|61/100
|-singleturn|p2a: Pelipper|move: Roost
|
|-weather|RainDance|[upkeep]
|-heal|p1a: Corviknight|48/100|[from] item: Leftovers
|upkeep
|turn|28
|
|t:|1781195396
|move|p1a: Corviknight|Roost|p1a: Corviknight
|-heal|p1a: Corviknight|98/100
|move|p2a: Pelipper|U-turn|p1a: Corviknight
|-damage|p1a: Corviknight|90/100
|
|t:|1781195399
|switch|p2a: Meowscarada|Meowscarada, F|78/100|[from] U-turn
|
|-weather|RainDance|[upkeep]
|-heal|p1a: Corviknight|97/100|[from] item: Leftovers
|upkeep
|turn|29
|
|t:|1781195403
|move|p1a: Corviknight|Protect|p1a: Corviknight
|-singleturn|p1a: Corviknight|Protect
|move|p2a: Meowscarada|Triple Axel|p1a: Corviknight
|-start|p2a: Meowscarada|typechange|Ice|[from] ability: Protean
|-activate|p1a: Corviknight|move: Protect
|
|-weather|none
|-heal|p1a: Corviknight|100/100|[from] item: Leftovers
|upkeep
|turn|30
|
|t:|1781195406
|switch|p1a: Moltres|Moltres|100/100
|move|p2a: Meowscarada|Triple Axel|p1a: Moltres
|-damage|p1a: Moltres|91/100
|-damage|p1a: Moltres|70/100
|-damage|p1a: Moltres|42/100
|-status|p2a: Meowscarada|brn|[from] ability: Flame Body|[of] p1a: Moltres
|-hitcount|p1a: Moltres|3
|
|-damage|p2a: Meowscarada|71/100 brn|[from] brn
|upkeep
|turn|31
|
|t:|1781195415
|move|p2a: Meowscarada|Triple Axel|p1a: Moltres
|-damage|p1a: Moltres|37/100
|-damage|p1a: Moltres|27/100
|-damage|p1a: Moltres|13/100
|-hitcount|p1a: Moltres|3
|move|p1a: Moltres|Roost|p1a: Moltres
|-heal|p1a: Moltres|63/100
|-singleturn|p1a: Moltres|move: Roost
|
|-damage|p2a: Meowscarada|65/100 brn|[from] brn
|upkeep
|turn|32
|
|t:|1781195423
|switch|p2a: Pelipper|Pelipper, L99, F|61/100
|-weather|RainDance|[from] ability: Drizzle|[of] p2a: Pelipper
|move|p1a: Moltres|Roost|p1a: Moltres
|-heal|p1a: Moltres|100/100
|-singleturn|p1a: Moltres|move: Roost
|
|-weather|RainDance|[upkeep]
|upkeep
|turn|33
|
|t:|1781195429
|move|p1a: Moltres|U-turn|p2a: Pelipper
|-resisted|p2a: Pelipper
|-damage|p2a: Pelipper|55/100
|
|t:|1781195431
|switch|p1a: Corviknight|Corviknight, F, tera:Dragon|100/100|[from] U-turn
|-ability|p1a: Corviknight|Pressure
|move|p2a: Pelipper|Hurricane|p1a: Corviknight
|-damage|p1a: Corviknight|78/100
|
|-weather|RainDance|[upkeep]
|-heal|p1a: Corviknight|84/100|[from] item: Leftovers
|upkeep
|turn|34
|
|t:|1781195444
|move|p1a: Corviknight|Brave Bird|p2a: Pelipper
|-damage|p2a: Pelipper|28/100
|-damage|p1a: Corviknight|77/100|[from] Recoil
|move|p2a: Pelipper|Roost|p2a: Pelipper
|-heal|p2a: Pelipper|78/100
|-singleturn|p2a: Pelipper|move: Roost
|
|-weather|RainDance|[upkeep]
|-heal|p1a: Corviknight|83/100|[from] item: Leftovers
|upkeep
|turn|35
|
|t:|1781195452
|move|p1a: Corviknight|Protect|p1a: Corviknight
|-singleturn|p1a: Corviknight|Protect
|move|p2a: Pelipper|U-turn|p1a: Corviknight
|-activate|p1a: Corviknight|move: Protect
|
|-weather|RainDance|[upkeep]
|-heal|p1a: Corviknight|89/100|[from] item: Leftovers
|upkeep
|turn|36
|
|t:|1781195459
|move|p1a: Corviknight|Brave Bird|p2a: Pelipper
|-damage|p2a: Pelipper|51/100
|-damage|p1a: Corviknight|82/100|[from] Recoil
|move|p2a: Pelipper|Hurricane|p1a: Corviknight
|-damage|p1a: Corviknight|57/100
|
|-weather|RainDance|[upkeep]
|-heal|p1a: Corviknight|64/100|[from] item: Leftovers
|upkeep
|turn|37
|
|t:|1781195472
|move|p1a: Corviknight|Roost|p1a: Corviknight
|-heal|p1a: Corviknight|100/100
|move|p2a: Pelipper|Hurricane|p1a: Corviknight
|-damage|p1a: Corviknight|75/100
|
|-weather|RainDance|[upkeep]
|-heal|p1a: Corviknight|81/100|[from] item: Leftovers
|upkeep
|turn|38
|
|t:|1781195477
|move|p1a: Corviknight|Protect|p1a: Corviknight
|-singleturn|p1a: Corviknight|Protect
|move|p2a: Pelipper|Hurricane|p1a: Corviknight
|-activate|p1a: Corviknight|move: Protect
|
|-weather|RainDance|[upkeep]
|-heal|p1a: Corviknight|87/100|[from] item: Leftovers
|upkeep
|turn|39
|
|t:|1781195479
|move|p1a: Corviknight|Brave Bird|p2a: Pelipper
|-damage|p2a: Pelipper|20/100
|-damage|p1a: Corviknight|79/100|[from] Recoil
|move|p2a: Pelipper|Roost|p2a: Pelipper
|-heal|p2a: Pelipper|70/100
|-singleturn|p2a: Pelipper|move: Roost
|
|-weather|none
|-heal|p1a: Corviknight|85/100|[from] item: Leftovers
|upkeep
|turn|40
|
|t:|1781195488
|switch|p2a: Meowscarada|Meowscarada, F|65/100 brn
|move|p1a: Corviknight|Brave Bird|p2a: Meowscarada
|-supereffective|p2a: Meowscarada
|-damage|p2a: Meowscarada|0 fnt
|faint|p2a: Meowscarada
|-damage|p1a: Corviknight|70/100|[from] Recoil
|
|-heal|p1a: Corviknight|76/100|[from] item: Leftovers
|upkeep
|
|t:|1781195506
|switch|p2a: Pelipper|Pelipper, L99, F|70/100
|-weather|RainDance|[from] ability: Drizzle|[of] p2a: Pelipper
|turn|41
|
|t:|1781195510
|move|p1a: Corviknight|Protect|p1a: Corviknight
|-singleturn|p1a: Corviknight|Protect
|move|p2a: Pelipper|U-turn|p1a: Corviknight
|-activate|p1a: Corviknight|move: Protect
|
|-weather|RainDance|[upkeep]
|-heal|p1a: Corviknight|82/100|[from] item: Leftovers
|upkeep
|turn|42
|
|t:|1781195516
|switch|p2a: Great Neck|Raging Bolt|69/100
|move|p1a: Corviknight|Brave Bird|p2a: Great Neck
|-resisted|p2a: Great Neck
|-damage|p2a: Great Neck|53/100
|-damage|p1a: Corviknight|77/100|[from] Recoil
|
|-weather|RainDance|[upkeep]
|-heal|p1a: Corviknight|83/100|[from] item: Leftovers
|upkeep
|turn|43
|
|t:|1781195526
|move|p2a: Great Neck|Dragon Pulse|p1a: Corviknight
|-supereffective|p1a: Corviknight
|-damage|p1a: Corviknight|17/100
|move|p1a: Corviknight|Brave Bird|p2a: Great Neck
|-resisted|p2a: Great Neck
|-damage|p2a: Great Neck|35/100
|-damage|p1a: Corviknight|11/100|[from] Recoil
|
|-weather|RainDance|[upkeep]
|-heal|p1a: Corviknight|17/100|[from] item: Leftovers
|upkeep
|turn|44
|inactive|just.mr.himself has 120 seconds left.
|
|t:|1781195557
|move|p1a: Corviknight|Protect|p1a: Corviknight
|-singleturn|p1a: Corviknight|Protect
|move|p2a: Great Neck|Dragon Pulse|p1a: Corviknight
|-activate|p1a: Corviknight|move: Protect
|
|-weather|RainDance|[upkeep]
|-heal|p1a: Corviknight|23/100|[from] item: Leftovers
|upkeep
|turn|45
|inactive|just.mr.himself has 120 seconds left.
|
|t:|1781195571
|-end|p2a: Great Neck|Protosynthesis|[silent]
|switch|p2a: ExSkewda Me|Barraskewda, F|100/100
|switch|p1a: Gholdengo|Gholdengo|84/100
|
|-weather|RainDance|[upkeep]
|upkeep
|turn|46
|inactive|just.mr.himself has 120 seconds left.
|
|t:|1781195586
|switch|p1a: Moltres|Moltres|100/100
|move|p2a: ExSkewda Me|Flip Turn|p1a: Moltres
|-supereffective|p1a: Moltres
|-damage|p1a: Moltres|23/100
|-status|p2a: ExSkewda Me|brn|[from] ability: Flame Body|[of] p1a: Moltres
|inactive|just.mr.himself has 120 seconds left.
|
|t:|1781195597
|switch|p2a: Really want eject|Pawmot, F|100/100|[from] Flip Turn
|
|-weather|RainDance|[upkeep]
|upkeep
|turn|47
|
|t:|1781195601
|switch|p2a: ExSkewda Me|Barraskewda, F|100/100 brn
|move|p1a: Moltres|Flamethrower|p2a: ExSkewda Me
|-resisted|p2a: ExSkewda Me
|-damage|p2a: ExSkewda Me|80/100 brn
|
|-weather|RainDance|[upkeep]
|-damage|p2a: ExSkewda Me|74/100 brn|[from] brn
|upkeep
|turn|48
|
|t:|1781195614
|switch|p1a: Ogerpon|Ogerpon-Wellspring, F|100/100
|move|p2a: ExSkewda Me|Close Combat|p1a: Ogerpon
|-damage|p1a: Ogerpon|73/100
|-unboost|p2a: ExSkewda Me|def|1
|-unboost|p2a: ExSkewda Me|spd|1
|
|-weather|none
|-damage|p2a: ExSkewda Me|68/100 brn|[from] brn
|upkeep
|turn|49
|
|t:|1781195620
|move|p2a: ExSkewda Me|Close Combat|p1a: Ogerpon
|-damage|p1a: Ogerpon|43/100
|-unboost|p2a: ExSkewda Me|def|1
|-unboost|p2a: ExSkewda Me|spd|1
|move|p1a: Ogerpon|Trailblaze|p2a: ExSkewda Me
|-supereffective|p2a: ExSkewda Me
|-damage|p2a: ExSkewda Me|0 fnt
|-boost|p1a: Ogerpon|spe|1
|faint|p2a: ExSkewda Me
|
|upkeep
|inactive|just.mr.himself has 120 seconds left.
|
|t:|1781195641
|switch|p2a: Pelipper|Pelipper, L99, F|70/100
|-weather|RainDance|[from] ability: Drizzle|[of] p2a: Pelipper
|turn|50
|
|t:|1781195645
|switch|p1a: Moltres|Moltres|23/100
|move|p2a: Pelipper|Hurricane|p1a: Moltres
|-damage|p1a: Moltres|0 fnt
|faint|p1a: Moltres
|
|-weather|RainDance|[upkeep]
|upkeep
|
|t:|1781195648
|switch|p1a: Corviknight|Corviknight, F, tera:Dragon|23/100
|-ability|p1a: Corviknight|Pressure
|turn|51
|
|t:|1781195651
|move|p1a: Corviknight|Roost|p1a: Corviknight
|-heal|p1a: Corviknight|73/100
|move|p2a: Pelipper|Roost|p2a: Pelipper
|-heal|p2a: Pelipper|100/100
|-singleturn|p2a: Pelipper|move: Roost
|
|-weather|RainDance|[upkeep]
|-heal|p1a: Corviknight|79/100|[from] item: Leftovers
|upkeep
|turn|52
|
|t:|1781195656
|move|p1a: Corviknight|Protect|p1a: Corviknight
|-singleturn|p1a: Corviknight|Protect
|move|p2a: Pelipper|U-turn|p1a: Corviknight
|-activate|p1a: Corviknight|move: Protect
|
|-weather|RainDance|[upkeep]
|-heal|p1a: Corviknight|86/100|[from] item: Leftovers
|upkeep
|turn|53
|
|t:|1781195659
|move|p1a: Corviknight|Brave Bird|p2a: Pelipper
|-damage|p2a: Pelipper|73/100
|-damage|p1a: Corviknight|78/100|[from] Recoil
|move|p2a: Pelipper|U-turn|p1a: Corviknight
|-damage|p1a: Corviknight|70/100
|
|t:|1781195662
|switch|p2a: Really want eject|Pawmot, F|100/100|[from] U-turn
|
|-weather|RainDance|[upkeep]
|-heal|p1a: Corviknight|77/100|[from] item: Leftovers
|upkeep
|turn|54
|
|t:|1781195673
|-terastallize|p2a: Really want eject|Flying
|move|p2a: Really want eject|Revival Blessing|p2a: Really want eject
|-enditem|p2a: Really want eject|Leppa Berry|[eat]
|-activate|p2a: Really want eject|item: Leppa Berry|Revival Blessing|[consumed]
|
|t:|1781195689
|-heal|p2: ExSkewda Me|50/100|[from] move: Revival Blessing
|move|p1a: Corviknight|Brave Bird|p2a: Really want eject
|-damage|p2a: Really want eject|49/100
|-damage|p1a: Corviknight|62/100|[from] Recoil
|
|-weather|RainDance|[upkeep]
|-heal|p1a: Corviknight|68/100|[from] item: Leftovers
|upkeep
|turn|55
|
|t:|1781195699
|move|p2a: Really want eject|Revival Blessing|p2a: Really want eject
|
|t:|1781195703
|-heal|p2: Meowscarada|50/100|[from] move: Revival Blessing
|move|p1a: Corviknight|Roost|p1a: Corviknight
|-heal|p1a: Corviknight|100/100
|
|-weather|RainDance|[upkeep]
|upkeep
|turn|56
|
|t:|1781195711
|move|p2a: Really want eject|Encore|p1a: Corviknight
|-start|p1a: Corviknight|Encore
|move|p1a: Corviknight|Roost||[still]
|-fail|p1a: Corviknight|heal
|
|-weather|RainDance|[upkeep]
|upkeep
|turn|57
|
|t:|1781195714
|switch|p1a: Gholdengo|Gholdengo|84/100
|move|p2a: Really want eject|Nuzzle|p1a: Gholdengo
|-damage|p1a: Gholdengo|75/100
|-status|p1a: Gholdengo|par
|
|-weather|none
|upkeep
|turn|58
|
|t:|1781195722
|move|p2a: Really want eject|Nuzzle|p1a: Gholdengo
|-damage|p1a: Gholdengo|66/100 par
|move|p1a: Gholdengo|Trick|p2a: Really want eject
|-activate|p1a: Gholdengo|move: Trick|[of] p2a: Really want eject
|-item|p2a: Really want eject|Choice Scarf|[from] move: Trick
|-enditem|p1a: Gholdengo|Choice Scarf|[silent]|[from] move: Trick
|
|upkeep
|turn|59
|
|t:|1781195741
|move|p2a: Really want eject|Nuzzle|p1a: Gholdengo
|-damage|p1a: Gholdengo|57/100 par
|move|p1a: Gholdengo|Recover|p1a: Gholdengo
|-heal|p1a: Gholdengo|100/100 par
|
|upkeep
|turn|60
|
|t:|1781195747
|switch|p1a: Hatterene|Hatterene, F|100/100
|move|p2a: Really want eject|Nuzzle|p1a: Hatterene
|-damage|p1a: Hatterene|91/100
|
|upkeep
|turn|61
|
|t:|1781195750
|move|p2a: Really want eject|Nuzzle|p1a: Hatterene
|-damage|p1a: Hatterene|82/100
|move|p1a: Hatterene|Calm Mind|p1a: Hatterene
|-boost|p1a: Hatterene|spa|1
|-boost|p1a: Hatterene|spd|1
|
|upkeep
|turn|62
|
|t:|1781195760
|switch|p2a: Pelipper|Pelipper, L99, F|73/100
|-weather|RainDance|[from] ability: Drizzle|[of] p2a: Pelipper
|move|p1a: Hatterene|Draining Kiss|p2a: Pelipper
|-damage|p2a: Pelipper|10/100
|-heal|p1a: Hatterene|100/100|[from] drain|[of] p2a: Pelipper
|
|-weather|RainDance|[upkeep]
|upkeep
|turn|63
|
|t:|1781195769
|move|p2a: Pelipper|U-turn|p1a: Hatterene
|-damage|p1a: Hatterene|91/100
|
|t:|1781195772
|switch|p2a: Really want eject|Pawmot, F, tera:Flying|49/100|[from] U-turn
|move|p1a: Hatterene|Draining Kiss|p2a: Really want eject
|-damage|p2a: Really want eject|0 fnt
|-heal|p1a: Hatterene|100/100|[from] drain|[of] p2a: Really want eject
|faint|p2a: Really want eject
|
|-weather|RainDance|[upkeep]
|upkeep
|
|t:|1781195774
|switch|p2a: ExSkewda Me|Barraskewda, F|50/100
|turn|64
|
|t:|1781195779
|move|p2a: ExSkewda Me|Flip Turn|p1a: Hatterene
|-damage|p1a: Hatterene|29/100
|
|t:|1781195783
|switch|p2a: Pelipper|Pelipper, L99, F|10/100|[from] Flip Turn
|move|p1a: Hatterene|Draining Kiss|p2a: Pelipper
|-damage|p2a: Pelipper|0 fnt
|-heal|p1a: Hatterene|36/100|[from] drain|[of] p2a: Pelipper
|faint|p2a: Pelipper
|
|-weather|RainDance|[upkeep]
|upkeep
|
|t:|1781195784
|switch|p2a: ExSkewda Me|Barraskewda, F|50/100
|turn|65
|
|t:|1781195787
|switch|p1a: Gholdengo|Gholdengo|100/100 par
|move|p2a: ExSkewda Me|Liquidation|p1a: Gholdengo
|-damage|p1a: Gholdengo|0 fnt
|faint|p1a: Gholdengo
|
|-weather|RainDance|[upkeep]
|upkeep
|
|t:|1781195789
|switch|p1a: Ogerpon|Ogerpon-Wellspring, F|43/100
|turn|66
|
|t:|1781195793
|move|p2a: ExSkewda Me|Close Combat|p1a: Ogerpon
|-damage|p1a: Ogerpon|0 fnt
|-unboost|p2a: ExSkewda Me|def|1
|-unboost|p2a: ExSkewda Me|spd|1
|faint|p1a: Ogerpon
|
|-weather|RainDance|[upkeep]
|upkeep
|
|t:|1781195795
|switch|p1a: Corviknight|Corviknight, F, tera:Dragon|100/100
|-ability|p1a: Corviknight|Pressure
|turn|67
|
|t:|1781195803
|move|p1a: Corviknight|Protect|p1a: Corviknight
|-singleturn|p1a: Corviknight|Protect
|move|p2a: ExSkewda Me|Flip Turn|p1a: Corviknight
|-activate|p1a: Corviknight|move: Protect
|
|-weather|RainDance|[upkeep]
|upkeep
|turn|68
|
|t:|1781195805
|move|p2a: ExSkewda Me|Flip Turn|p1a: Corviknight
|-resisted|p1a: Corviknight
|-damage|p1a: Corviknight|76/100
|
|t:|1781195808
|switch|p2a: Great Neck|Raging Bolt|35/100|[from] Flip Turn
|move|p1a: Corviknight|Brave Bird|p2a: Great Neck
|-resisted|p2a: Great Neck
|-damage|p2a: Great Neck|18/100
|-damage|p1a: Corviknight|70/100|[from] Recoil
|
|-weather|RainDance|[upkeep]
|-heal|p1a: Corviknight|76/100|[from] item: Leftovers
|upkeep
|turn|69
|
|t:|1781195814
|move|p1a: Corviknight|Protect|p1a: Corviknight
|-singleturn|p1a: Corviknight|Protect
|move|p2a: Great Neck|Dragon Pulse|p1a: Corviknight
|-activate|p1a: Corviknight|move: Protect
|
|-weather|none
|-heal|p1a: Corviknight|82/100|[from] item: Leftovers
|upkeep
|turn|70
|
|t:|1781195819
|move|p2a: Great Neck|Dragon Pulse|p1a: Corviknight
|-supereffective|p1a: Corviknight
|-damage|p1a: Corviknight|16/100
|move|p1a: Corviknight|Brave Bird|p2a: Great Neck
|-resisted|p2a: Great Neck
|-damage|p2a: Great Neck|2/100
|-damage|p1a: Corviknight|11/100|[from] Recoil
|
|-heal|p1a: Corviknight|17/100|[from] item: Leftovers
|upkeep
|turn|71
|
|t:|1781195824
|move|p1a: Corviknight|Protect|p1a: Corviknight
|-singleturn|p1a: Corviknight|Protect
|move|p2a: Great Neck|Weather Ball|p1a: Corviknight
|-activate|p1a: Corviknight|move: Protect
|
|-heal|p1a: Corviknight|23/100|[from] item: Leftovers
|upkeep
|turn|72
|
|t:|1781195830
|move|p2a: Great Neck|Dragon Pulse|p1a: Corviknight
|-supereffective|p1a: Corviknight
|-damage|p1a: Corviknight|0 fnt
|faint|p1a: Corviknight
|
|upkeep
|
|t:|1781195832
|switch|p1a: Hatterene|Hatterene, F|36/100
|turn|73
|
|t:|1781195835
|move|p2a: Great Neck|Thunder|p1a: Hatterene
|-damage|p1a: Hatterene|0 fnt
|faint|p1a: Hatterene
|
|win|just.mr.himself
|raw|Mr Tpen's rating: 1547 &rarr; <strong>1524</strong><br />(-23 for losing)
|raw|just.mr.himself's rating: 1492 &rarr; <strong>1515</strong><br />(+23 for winning)
|l|☆Mr Tpen
|player|p1|
|c|☆just.mr.himself|gg
