|badge|p2|silver|gen9ou|30-9
|uhtml|medal-msg|<div class="broadcast-blue">Curious what those medals under the avatar are? PS now has Ladder Seasons! For more information, check out the <a href="https://www.smogon.com/forums/threads/3740067/">thread on Smogon.</a></div>
|j|☆KurisuChestnutLab
|j|☆AnonymousJon
|t:|1781135285
|gametype|singles
|player|p1|KurisuChestnutLab|may-contest|1661
|player|p2|AnonymousJon|workerice|1892
|gen|9
|tier|[Gen 9] OU
|rated|
|rule|HP Percentage Mod: HP is shown in percentages
|rule|Endless Battle Clause: Forcing endless battles is banned
|rule|Species Clause: Limit one of each Pokémon
|rule|OHKO Clause: OHKO moves are banned
|rule|Evasion Items Clause: Evasion items are banned
|rule|Evasion Moves Clause: Evasion moves are banned
|rule|Evasion Abilities Clause: Evasion abilities are banned
|rule|Sleep Moves Clause: Sleep-inducing moves are banned
|clearpoke
|poke|p1|Zamazenta-*|
|poke|p1|Zapdos|
|poke|p1|Garganacl, F|
|poke|p1|Clefable, F|
|poke|p1|Samurott-Hisui, M|
|poke|p1|Gholdengo|
|poke|p2|Great Tusk|
|poke|p2|Ogerpon-Cornerstone, F|
|poke|p2|Rillaboom, M|
|poke|p2|Tyranitar, M|
|poke|p2|Corviknight, F|
|poke|p2|Dragapult, F|
|teampreview
|inactive|Battle timer is ON: inactive players will automatically lose when time's up. (requested by AnonymousJon)
|inactive|KurisuChestnutLab also wants the timer to be on.
|
|t:|1781135298
|teamsize|p1|6
|teamsize|p2|6
|start
|switch|p1a: Zamazenta|Zamazenta|100/100
|switch|p2a: Ogerpon|Ogerpon-Cornerstone, F|100/100
|-ability|p1a: Zamazenta|Dauntless Shield|boost
|-boost|p1a: Zamazenta|def|1
|turn|1
|
|t:|1781135303
|switch|p2a: Dragapult|Dragapult, F|100/100
|move|p1a: Zamazenta|Body Press|p2a: Dragapult
|-immune|p2a: Dragapult
|
|upkeep
|turn|2
|
|t:|1781135312
|switch|p2a: Ogerpon|Ogerpon-Cornerstone, F|100/100
|move|p1a: Zamazenta|Crunch|p2a: Ogerpon
|-damage|p2a: Ogerpon|72/100
|
|upkeep
|turn|3
|
|t:|1781135319
|switch|p2a: Corviknight|Corviknight, F|100/100
|-ability|p2a: Corviknight|Pressure
|move|p1a: Zamazenta|Crunch|p2a: Corviknight
|-damage|p2a: Corviknight|87/100
|-damage|p1a: Zamazenta|84/100|[from] item: Rocky Helmet|[of] p2a: Corviknight
|
|-heal|p1a: Zamazenta|90/100|[from] item: Leftovers
|upkeep
|turn|4
|
|t:|1781135323
|move|p1a: Zamazenta|Iron Defense|p1a: Zamazenta
|-boost|p1a: Zamazenta|def|2
|move|p2a: Corviknight|U-turn|p1a: Zamazenta
|-resisted|p1a: Zamazenta
|-damage|p1a: Zamazenta|88/100
|
|t:|1781135325
|switch|p2a: Dragapult|Dragapult, F|100/100|[from] U-turn
|
|-heal|p1a: Zamazenta|94/100|[from] item: Leftovers
|upkeep
|turn|5
|
|t:|1781135328
|move|p2a: Dragapult|Will-O-Wisp|p1a: Zamazenta
|-status|p1a: Zamazenta|brn
|move|p1a: Zamazenta|Crunch|p2a: Dragapult
|-supereffective|p2a: Dragapult
|-damage|p2a: Dragapult|66/100
|
|-heal|p2a: Dragapult|72/100|[from] item: Leftovers
|-heal|p1a: Zamazenta|99/100 brn|[from] item: Leftovers
|-damage|p1a: Zamazenta|94/100 brn|[from] brn
|upkeep
|turn|6
|
|t:|1781135335
|move|p2a: Dragapult|Hex|p1a: Zamazenta
|-damage|p1a: Zamazenta|52/100 brn
|move|p1a: Zamazenta|Crunch|p2a: Dragapult
|-supereffective|p2a: Dragapult
|-damage|p2a: Dragapult|40/100
|
|-heal|p2a: Dragapult|47/100|[from] item: Leftovers
|-heal|p1a: Zamazenta|58/100 brn|[from] item: Leftovers
|-damage|p1a: Zamazenta|52/100 brn|[from] brn
|upkeep
|turn|7
|
|t:|1781135340
|move|p2a: Dragapult|Hex|p1a: Zamazenta
|-damage|p1a: Zamazenta|6/100 brn
|move|p1a: Zamazenta|Crunch|p2a: Dragapult
|-supereffective|p2a: Dragapult
|-damage|p2a: Dragapult|14/100
|
|-heal|p2a: Dragapult|20/100|[from] item: Leftovers
|-heal|p1a: Zamazenta|13/100 brn|[from] item: Leftovers
|-damage|p1a: Zamazenta|6/100 brn|[from] brn
|upkeep
|turn|8
|
|t:|1781135344
|switch|p1a: Garganacl|Garganacl, F|100/100
|move|p2a: Dragapult|Dragon Darts|p1a: Garganacl
|-damage|p1a: Garganacl|87/100
|-anim|p2a: Dragapult|Dragon Darts|p1a: Garganacl
|-damage|p1a: Garganacl|73/100
|
|-heal|p2a: Dragapult|26/100|[from] item: Leftovers
|-heal|p1a: Garganacl|79/100|[from] item: Leftovers
|upkeep
|turn|9
|
|t:|1781135348
|switch|p2a: Rillaboom|Rillaboom, M|100/100
|-fieldstart|move: Grassy Terrain|[from] ability: Grassy Surge|[of] p2a: Rillaboom
|move|p1a: Garganacl|Stealth Rock|p2a: Rillaboom
|-sidestart|p2: AnonymousJon|move: Stealth Rock
|
|-heal|p1a: Garganacl|85/100|[from] Grassy Terrain
|-heal|p1a: Garganacl|91/100|[from] item: Leftovers
|upkeep
|turn|10
|
|t:|1781135355
|switch|p1a: Zapdos|Zapdos|100/100
|move|p2a: Rillaboom|Wood Hammer|p1a: Zapdos
|-resisted|p1a: Zapdos
|-damage|p1a: Zapdos|52/100
|-damage|p2a: Rillaboom|83/100|[from] Recoil
|
|-heal|p2a: Rillaboom|89/100|[from] Grassy Terrain
|upkeep
|turn|11
|
|t:|1781135360
|switch|p2a: Ogerpon|Ogerpon-Cornerstone, F|72/100
|-damage|p2a: Ogerpon|59/100|[from] Stealth Rock
|move|p1a: Zapdos|Roost|p1a: Zapdos
|-heal|p1a: Zapdos|100/100
|-singleturn|p1a: Zapdos|move: Roost
|
|-heal|p2a: Ogerpon|65/100|[from] Grassy Terrain
|upkeep
|turn|12
|
|t:|1781135366
|switch|p1a: Gholdengo|Gholdengo|100/100
|move|p2a: Ogerpon|Ivy Cudgel|p1a: Gholdengo|[anim] Ivy Cudgel Rock
|-resisted|p1a: Gholdengo
|-damage|p1a: Gholdengo|68/100
|
|-heal|p1a: Gholdengo|74/100|[from] Grassy Terrain
|-heal|p2a: Ogerpon|72/100|[from] Grassy Terrain
|upkeep
|turn|13
|
|t:|1781135371
|switch|p2a: Corviknight|Corviknight, F|87/100
|-damage|p2a: Corviknight|74/100|[from] Stealth Rock
|-ability|p2a: Corviknight|Pressure
|move|p1a: Gholdengo|Make It Rain|p2a: Corviknight
|-resisted|p2a: Corviknight
|-crit|p2a: Corviknight
|-damage|p2a: Corviknight|30/100
|-unboost|p1a: Gholdengo|spa|1
|
|-heal|p1a: Gholdengo|80/100|[from] Grassy Terrain
|-fieldend|move: Grassy Terrain
|upkeep
|turn|14
|
|t:|1781135376
|switch|p1a: Zapdos|Zapdos|100/100
|move|p2a: Corviknight|Roost|p2a: Corviknight
|-heal|p2a: Corviknight|80/100
|-singleturn|p2a: Corviknight|move: Roost
|
|upkeep
|turn|15
|
|t:|1781135383
|switch|p2a: Great Tusk|Great Tusk|100/100
|-damage|p2a: Great Tusk|98/100|[from] Stealth Rock
|move|p1a: Zapdos|Volt Switch|p2a: Great Tusk
|-immune|p2a: Great Tusk
|
|upkeep
|turn|16
|
|t:|1781135387
|-end|p2a: Great Tusk|Protosynthesis|[silent]
|switch|p2a: Tyranitar|Tyranitar, M|100/100
|-damage|p2a: Tyranitar|88/100|[from] Stealth Rock
|-weather|Sandstorm|[from] ability: Sand Stream|[of] p2a: Tyranitar
|move|p1a: Zapdos|Hurricane|p2a: Tyranitar
|-resisted|p2a: Tyranitar
|-damage|p2a: Tyranitar|78/100
|
|-weather|Sandstorm|[upkeep]
|-damage|p1a: Zapdos|94/100|[from] Sandstorm
|-heal|p2a: Tyranitar|85/100|[from] item: Leftovers
|upkeep
|turn|17
|
|t:|1781135391
|move|p1a: Zapdos|Volt Switch|p2a: Tyranitar
|-damage|p2a: Tyranitar|73/100
|j| rexa2
|
|t:|1781135397
|switch|p1a: Samurott|Samurott-Hisui, M|100/100|[from] Volt Switch
|move|p2a: Tyranitar|Stealth Rock|p1a: Samurott
|-sidestart|p1: KurisuChestnutLab|move: Stealth Rock
|
|-weather|Sandstorm|[upkeep]
|-damage|p1a: Samurott|94/100|[from] Sandstorm
|-heal|p2a: Tyranitar|79/100|[from] item: Leftovers
|upkeep
|turn|18
|
|t:|1781135404
|move|p1a: Samurott|Razor Shell|p2a: Tyranitar
|-supereffective|p2a: Tyranitar
|-damage|p2a: Tyranitar|0 fnt
|faint|p2a: Tyranitar
|
|-weather|Sandstorm|[upkeep]
|-damage|p1a: Samurott|88/100|[from] Sandstorm
|upkeep
|
|t:|1781135409
|switch|p2a: Rillaboom|Rillaboom, M|89/100
|-damage|p2a: Rillaboom|76/100|[from] Stealth Rock
|-fieldstart|move: Grassy Terrain|[from] ability: Grassy Surge|[of] p2a: Rillaboom
|turn|19
|
|t:|1781135415
|switch|p1a: Zamazenta|Zamazenta|6/100 brn
|-damage|p1a: Zamazenta|0 fnt|[from] Stealth Rock
|faint|p1a: Zamazenta
|move|p2a: Rillaboom|U-turn|p1: Zamazenta|[notarget]
|-fail|p2a: Rillaboom
|
|-weather|Sandstorm|[upkeep]
|-damage|p2a: Rillaboom|70/100|[from] Sandstorm
|-heal|p2a: Rillaboom|76/100|[from] Grassy Terrain
|upkeep
|
|t:|1781135420
|switch|p1a: Gholdengo|Gholdengo|80/100
|-damage|p1a: Gholdengo|74/100|[from] Stealth Rock
|turn|20
|
|t:|1781135426
|switch|p2a: Corviknight|Corviknight, F|80/100
|-damage|p2a: Corviknight|68/100|[from] Stealth Rock
|-ability|p2a: Corviknight|Pressure
|move|p1a: Gholdengo|Make It Rain|p2a: Corviknight
|-resisted|p2a: Corviknight
|-damage|p2a: Corviknight|38/100
|-unboost|p1a: Gholdengo|spa|1
|
|-weather|none
|-heal|p1a: Gholdengo|80/100|[from] Grassy Terrain
|upkeep
|turn|21
|
|t:|1781135433
|switch|p1a: Zapdos|Zapdos|94/100
|move|p2a: Corviknight|Roost|p2a: Corviknight
|-heal|p2a: Corviknight|88/100
|-singleturn|p2a: Corviknight|move: Roost
|
|-heal|p2a: Corviknight|94/100|[from] Grassy Terrain
|upkeep
|turn|22
|
|t:|1781135437
|move|p1a: Zapdos|Volt Switch|p2a: Corviknight
|-supereffective|p2a: Corviknight
|-damage|p2a: Corviknight|40/100
|inactive|KurisuChestnutLab has 120 seconds left.
|inactive|KurisuChestnutLab has 90 seconds left.
|inactive|KurisuChestnutLab has 60 seconds left.
|inactive|KurisuChestnutLab has 30 seconds left.
|inactive|KurisuChestnutLab has 20 seconds left.
|inactive|KurisuChestnutLab has 15 seconds left.
|inactive|KurisuChestnutLab has 10 seconds left.
|inactive|KurisuChestnutLab has 5 seconds left.
|-message|KurisuChestnutLab lost due to inactivity.
|
|win|AnonymousJon
|raw|KurisuChestnutLab's rating: 1635 &rarr; <strong>1628</strong><br />(-7 for losing)
|raw|AnonymousJon's rating: 1892 &rarr; <strong>1899</strong><br />(+7 for winning)
