|j|☆somsleep
|j|☆Jsparxs
|t:|1781129127
|gametype|singles
|player|p1|somsleep|169|1568
|player|p2|Jsparxs|169|1573
|gen|9
|tier|[Gen 9] OU
|rated|
|rule|HP Percentage Mod: HP is shown in percentages
|rule|Endless Battle Clause: Forcing endless battles is banned
|rule|Species Clause: Limit one of each Pokémon
|rule|OHKO Clause: OHKO moves are banned
|rule|Evasion Items Clause: Evasion items are banned
|rule|Evasion Moves Clause: Evasion moves are banned
|rule|Evasion Abilities Clause: Evasion abilities are banned
|rule|Sleep Moves Clause: Sleep-inducing moves are banned
|clearpoke
|poke|p1|Abomasnow, M|
|poke|p1|Cetitan, M|
|poke|p1|Rotom|
|poke|p1|Illumise, F|
|poke|p1|Keldeo-Resolute|
|poke|p1|Iron Treads|
|poke|p2|Great Tusk|
|poke|p2|Zamazenta-*|
|poke|p2|Iron Valiant|
|poke|p2|Gallade, M|
|poke|p2|Kommo-o, M|
|poke|p2|Okidogi, M|
|teampreview
|inactive|Battle timer is ON: inactive players will automatically lose when time's up. (requested by somsleep)
|c|☆Jsparxs|glhf
|
|t:|1781129159
|teamsize|p1|6
|teamsize|p2|6
|start
|switch|p1a: Rotom|Rotom|100/100
|switch|p2a: Okidogi|Okidogi, M|100/100
|turn|1
|
|t:|1781129164
|move|p1a: Rotom|Trick|p2a: Okidogi
|-activate|p1a: Rotom|move: Trick|[of] p2a: Okidogi
|-item|p2a: Okidogi|Choice Scarf|[from] move: Trick
|-item|p1a: Rotom|Expert Belt|[from] move: Trick
|move|p2a: Okidogi|Crunch|p1a: Rotom
|-supereffective|p1a: Rotom
|-damage|p1a: Rotom|12/100
|
|upkeep
|turn|2
|j| Fumarracho
|
|t:|1781129179
|switch|p1a: Iron Treads|Iron Treads|100/100
|-enditem|p1a: Iron Treads|Booster Energy
|-activate|p1a: Iron Treads|ability: Quark Drive|[fromitem]
|-start|p1a: Iron Treads|quarkdrivespe
|move|p2a: Okidogi|Crunch|p1a: Iron Treads
|-damage|p1a: Iron Treads|72/100
|
|upkeep
|turn|3
|l| Fumarracho
|
|t:|1781129189
|switch|p2a: Great Tusk|Great Tusk|100/100
|-enditem|p2a: Great Tusk|Booster Energy
|-activate|p2a: Great Tusk|ability: Protosynthesis|[fromitem]
|-start|p2a: Great Tusk|protosynthesisatk
|move|p1a: Iron Treads|Stealth Rock|p2a: Great Tusk
|-sidestart|p2: Jsparxs|move: Stealth Rock
|
|upkeep
|turn|4
|
|t:|1781129196
|-end|p1a: Iron Treads|Quark Drive|[silent]
|switch|p1a: Rotom|Rotom|12/100
|move|p2a: Great Tusk|Stealth Rock|p1a: Rotom
|-sidestart|p1: somsleep|move: Stealth Rock
|
|upkeep
|turn|5
|
|t:|1781129205
|-end|p2a: Great Tusk|Protosynthesis|[silent]
|switch|p2a: Okidogi|Okidogi, M|100/100
|-damage|p2a: Okidogi|94/100|[from] Stealth Rock
|move|p1a: Rotom|Will-O-Wisp|p2a: Okidogi
|-status|p2a: Okidogi|brn
|
|-damage|p2a: Okidogi|88/100 brn|[from] brn
|upkeep
|turn|6
|
|t:|1781129217
|switch|p1a: Iron Treads|Iron Treads|72/100
|-damage|p1a: Iron Treads|69/100|[from] Stealth Rock
|move|p2a: Okidogi|Ice Punch|p1a: Iron Treads
|-damage|p1a: Iron Treads|57/100
|
|-damage|p2a: Okidogi|82/100 brn|[from] brn
|upkeep
|turn|7
|
|t:|1781129221
|move|p1a: Iron Treads|Rapid Spin|p2a: Okidogi
|-crit|p2a: Okidogi
|-damage|p2a: Okidogi|64/100 brn
|-boost|p1a: Iron Treads|spe|1
|-sideend|p1: somsleep|Stealth Rock|[from] move: Rapid Spin|[of] p1a: Iron Treads
|move|p2a: Okidogi|Ice Punch|p1a: Iron Treads
|-damage|p1a: Iron Treads|43/100
|
|-damage|p2a: Okidogi|58/100 brn|[from] brn
|upkeep
|turn|8
|
|t:|1781129223
|move|p1a: Iron Treads|Earthquake|p2a: Okidogi
|-supereffective|p2a: Okidogi
|-damage|p2a: Okidogi|0 fnt
|faint|p2a: Okidogi
|
|upkeep
|inactive|Jsparxs has 120 seconds left.
|
|t:|1781129262
|switch|p2a: Zamazenta|Zamazenta|100/100
|-damage|p2a: Zamazenta|94/100|[from] Stealth Rock
|-ability|p2a: Zamazenta|Dauntless Shield|boost
|-boost|p2a: Zamazenta|def|1
|turn|9
|inactive|Jsparxs has 120 seconds left.
|
|t:|1781129272
|-end|p1a: Iron Treads|Quark Drive|[silent]
|switch|p1a: Illumise|Illumise, F|100/100
|move|p2a: Zamazenta|Body Press|p1a: Illumise
|-resisted|p1a: Illumise
|-damage|p1a: Illumise|74/100
|-enditem|p1a: Illumise|Eject Button
|
|t:|1781129284
|switch|p1a: Rotom|Rotom|12/100
|
|-heal|p2a: Zamazenta|100/100|[from] item: Leftovers
|upkeep
|turn|10
|
|t:|1781129291
|switch|p1a: Illumise|Illumise, F|74/100
|move|p2a: Zamazenta|Crunch|p1a: Illumise
|-damage|p1a: Illumise|53/100
|
|upkeep
|turn|11
|
|t:|1781129301
|move|p1a: Illumise|Wish|p1a: Illumise
|move|p2a: Zamazenta|Crunch|p1a: Illumise
|-crit|p1a: Illumise
|-damage|p1a: Illumise|18/100
|
|upkeep
|turn|12
|
|t:|1781129316
|move|p1a: Illumise|Tailwind|p1a: Illumise
|-sidestart|p1: somsleep|move: Tailwind
|move|p2a: Zamazenta|Crunch|p1a: Illumise
|-damage|p1a: Illumise|0 fnt
|faint|p1a: Illumise
|
|upkeep
|
|t:|1781129321
|switch|p1a: Rotom|Rotom|12/100
|turn|13
|
|t:|1781129346
|move|p1a: Rotom|Will-O-Wisp|p2a: Zamazenta
|-status|p2a: Zamazenta|brn
|move|p2a: Zamazenta|Iron Defense|p2a: Zamazenta
|-boost|p2a: Zamazenta|def|2
|
|-damage|p2a: Zamazenta|94/100 brn|[from] brn
|upkeep
|turn|14
|
|t:|1781129354
|move|p1a: Rotom|Trick|p2a: Zamazenta
|-activate|p1a: Rotom|move: Trick|[of] p2a: Zamazenta
|-item|p2a: Zamazenta|Expert Belt|[from] move: Trick
|-item|p1a: Rotom|Leftovers|[from] move: Trick
|move|p2a: Zamazenta|Iron Defense|p2a: Zamazenta
|-boost|p2a: Zamazenta|def|2
|
|-heal|p1a: Rotom|18/100|[from] item: Leftovers
|-damage|p2a: Zamazenta|88/100 brn|[from] brn
|upkeep
|turn|15
|
|t:|1781129358
|move|p1a: Rotom|Shadow Ball|p2a: Zamazenta
|-damage|p2a: Zamazenta|61/100 brn
|move|p2a: Zamazenta|Crunch|p1a: Rotom
|-supereffective|p1a: Rotom
|-crit|p1a: Rotom
|-damage|p1a: Rotom|0 fnt
|faint|p1a: Rotom
|
|-damage|p2a: Zamazenta|55/100 brn|[from] brn
|-sideend|p1: somsleep|move: Tailwind
|upkeep
|
|t:|1781129374
|switch|p1a: Iron Treads|Iron Treads|43/100
|turn|16
|
|t:|1781129379
|move|p1a: Iron Treads|Earthquake|p2a: Zamazenta
|-damage|p2a: Zamazenta|45/100 brn
|move|p2a: Zamazenta|Roar|p1a: Iron Treads
|-end|p1a: Iron Treads|Quark Drive|[silent]
|drag|p1a: Keldeo|Keldeo-Resolute|100/100
|
|-damage|p2a: Zamazenta|39/100 brn|[from] brn
|upkeep
|turn|17
|
|t:|1781129387
|move|p2a: Zamazenta|Body Press|p1a: Keldeo
|-damage|p1a: Keldeo|30/100
|move|p1a: Keldeo|Substitute|p1a: Keldeo
|-start|p1a: Keldeo|Substitute
|-damage|p1a: Keldeo|5/100
|
|-heal|p1a: Keldeo|11/100|[from] item: Leftovers
|-damage|p2a: Zamazenta|33/100 brn|[from] brn
|upkeep
|turn|18
|
|t:|1781129397
|move|p2a: Zamazenta|Body Press|p1a: Keldeo
|-end|p1a: Keldeo|Substitute
|move|p1a: Keldeo|Surf|p2a: Zamazenta
|-damage|p2a: Zamazenta|0 fnt
|faint|p2a: Zamazenta
|
|-heal|p1a: Keldeo|17/100|[from] item: Leftovers
|upkeep
|
|t:|1781129410
|switch|p2a: Gallade|Gallade, M|100/100
|-damage|p2a: Gallade|94/100|[from] Stealth Rock
|turn|19
|
|t:|1781129417
|switch|p1a: Iron Treads|Iron Treads|43/100
|move|p2a: Gallade|Sacred Sword|p1a: Iron Treads
|-supereffective|p1a: Iron Treads
|-damage|p1a: Iron Treads|0 fnt
|faint|p1a: Iron Treads
|-end|p1a: Iron Treads|Quark Drive|[silent]
|
|upkeep
|
|t:|1781129419
|switch|p1a: Abomasnow|Abomasnow, M, shiny|100/100
|-weather|Snowscape|[from] ability: Snow Warning|[of] p1a: Abomasnow
|turn|20
|
|t:|1781129428
|move|p1a: Abomasnow|Aurora Veil|p1a: Abomasnow
|-sidestart|p1: somsleep|move: Aurora Veil
|move|p2a: Gallade|Sacred Sword|p1a: Abomasnow
|-supereffective|p1a: Abomasnow
|-damage|p1a: Abomasnow|29/100
|
|-weather|Snowscape|[upkeep]
|upkeep
|turn|21
|
|t:|1781129432
|move|p1a: Abomasnow|Blizzard|p2a: Gallade
|-damage|p2a: Gallade|67/100
|move|p2a: Gallade|Sacred Sword|p1a: Abomasnow
|-supereffective|p1a: Abomasnow
|-damage|p1a: Abomasnow|0 fnt
|faint|p1a: Abomasnow
|
|-weather|Snowscape|[upkeep]
|upkeep
|
|t:|1781129434
|switch|p1a: Cetitan|Cetitan, M|100/100
|turn|22
|
|t:|1781129440
|-terastallize|p1a: Cetitan|Ghost
|move|p1a: Cetitan|Belly Drum|p1a: Cetitan
|-damage|p1a: Cetitan|50/100
|-setboost|p1a: Cetitan|atk|6|[from] move: Belly Drum
|-enditem|p1a: Cetitan|Sitrus Berry|[eat]
|-heal|p1a: Cetitan|75/100|[from] item: Sitrus Berry
|move|p2a: Gallade|Sacred Sword|p1a: Cetitan
|-immune|p1a: Cetitan
|
|-weather|Snowscape|[upkeep]
|upkeep
|turn|23
|
|t:|1781129443
|move|p1a: Cetitan|Earthquake|p2a: Gallade
|-crit|p2a: Gallade
|-damage|p2a: Gallade|0 fnt
|faint|p2a: Gallade
|
|-weather|Snowscape|[upkeep]
|upkeep
|
|t:|1781129457
|switch|p2a: Great Tusk|Great Tusk|100/100
|-damage|p2a: Great Tusk|98/100|[from] Stealth Rock
|turn|24
|
|t:|1781129459
|move|p1a: Cetitan|Earthquake|p2a: Great Tusk
|-damage|p2a: Great Tusk|0 fnt
|faint|p2a: Great Tusk
|-end|p2a: Great Tusk|Protosynthesis|[silent]
|
|-weather|Snowscape|[upkeep]
|-sideend|p1: somsleep|move: Aurora Veil
|upkeep
|
|t:|1781129463
|switch|p2a: Kommo-o|Kommo-o, M|100/100
|-damage|p2a: Kommo-o|94/100|[from] Stealth Rock
|turn|25
|
|t:|1781129468
|-terastallize|p2a: Kommo-o|Fire
|move|p1a: Cetitan|Earthquake|p2a: Kommo-o
|-supereffective|p2a: Kommo-o
|-damage|p2a: Kommo-o|0 fnt
|faint|p2a: Kommo-o
|
|-weather|Snowscape|[upkeep]
|upkeep
|
|t:|1781129472
|switch|p2a: Iron Valiant|Iron Valiant|100/100
|-damage|p2a: Iron Valiant|94/100|[from] Stealth Rock
|-enditem|p2a: Iron Valiant|Booster Energy
|-activate|p2a: Iron Valiant|ability: Quark Drive|[fromitem]
|-start|p2a: Iron Valiant|quarkdrivespe
|turn|26
|
|t:|1781129477
|move|p1a: Cetitan|Ice Shard|p2a: Iron Valiant
|-damage|p2a: Iron Valiant|0 fnt
|faint|p2a: Iron Valiant
|-end|p2a: Iron Valiant|Quark Drive|[silent]
|
|win|somsleep
|raw|somsleep's rating: 1568 &rarr; <strong>1588</strong><br />(+20 for winning)
|raw|Jsparxs's rating: 1573 &rarr; <strong>1553</strong><br />(-20 for losing)
|c|☆Jsparxs|gg
|c|☆somsleep|gg
|c|☆Jsparxs|I wonder
|c|☆Jsparxs|if tera dark night slash would have been enough
|c|☆Jsparxs|!dt cetitan
|c|☆Jsparxs|/raw <div class="message"><ul class="utilichart"><li class="result"><span class="col numcol">NUBL</span> <span class="col iconcol"><psicon pokemon="cetitan"/></span> <span class="col pokemonnamecol" style="white-space:nowrap"><a href="https://dex.pokemonshowdown.com/pokemon/cetitan" target="_blank">Cetitan</a></span> <span class="col typecol"><img src="https://play.pokemonshowdown.com/sprites/types/Ice.png" alt="Ice" height="14" width="32"></span> <span style="float:left;min-height:26px"><span class="col twoabilitycol">Thick Fat<br />Slush Rush</span><span class="col abilitycol"><em>Sheer Force</em></span></span><span style="float:left;min-height:26px"><span class="col statcol"><em>HP</em><br />170</span> <span class="col statcol"><em>Atk</em><br />113</span> <span class="col statcol"><em>Def</em><br />65</span> <span class="col statcol"><em>SpA</em><br />45</span> <span class="col statcol"><em>SpD</em><br />55</span> <span class="col statcol"><em>Spe</em><br />73</span> <span class="col bstcol"><em>BST<br />521</em></span> </span></li><li style="clear:both"></li></ul></div>
|c|☆Jsparxs|/raw <font size="1"><font color="#686868">Dex#:</font> 975&nbsp;|&ThickSpace;<font color="#686868">Gen:</font> 9&nbsp;|&ThickSpace;<font color="#686868">Height:</font> 4.5 m&nbsp;|&ThickSpace;<font color="#686868">Weight:</font> 700 kg <em>(120 BP)</em>&nbsp;|&ThickSpace;<font color="#686868">Dex Colour:</font> White&nbsp;|&ThickSpace;<font color="#686868">Egg Group(s):</font> Field&nbsp;|&ThickSpace;<font color="#686868">Pre-Evolution:</font> Cetoddle&nbsp;|&ThickSpace;<font color="#686868">Does Not Evolve</font></font>

|c|☆Jsparxs|Maybe
|l|☆somsleep
|player|p1|
|l|☆Jsparxs
|player|p2|
