|j|☆NewFisher
|j|☆Joegirl
|t:|1781519689
|gametype|singles
|player|p1|NewFisher|fisherman|1479
|player|p2|Joegirl|2|1549
|gen|9
|tier|[Gen 9] OU
|rated|
|rule|HP Percentage Mod: HP is shown in percentages
|rule|Endless Battle Clause: Forcing endless battles is banned
|rule|Species Clause: Limit one of each Pokémon
|rule|OHKO Clause: OHKO moves are banned
|rule|Evasion Items Clause: Evasion items are banned
|rule|Evasion Moves Clause: Evasion moves are banned
|rule|Evasion Abilities Clause: Evasion abilities are banned
|rule|Sleep Moves Clause: Sleep-inducing moves are banned
|clearpoke
|poke|p1|Hoopa-Unbound|
|poke|p1|Pecharunt|
|poke|p1|Landorus-Therian, M|
|poke|p1|Cinderace, M|
|poke|p1|Alomomola, M|
|poke|p1|Iron Valiant|
|poke|p2|Cresselia, F|
|poke|p2|Walking Wake|
|poke|p2|Torkoal, M|
|poke|p2|Raging Bolt|
|poke|p2|Rillaboom, F|
|poke|p2|Ceruledge, F|
|teampreview
|inactive|Battle timer is ON: inactive players will automatically lose when time's up. (requested by NewFisher)
|
|t:|1781519703
|teamsize|p1|6
|teamsize|p2|6
|start
|switch|p1a: MotherHorse|Hoopa-Unbound|100/100
|switch|p2a: Torkoal|Torkoal, M|100/100
|-weather|SunnyDay|[from] ability: Drought|[of] p2a: Torkoal
|turn|1
|
|t:|1781519709
|switch|p2a: Rillaboom|Rillaboom, F|100/100
|-fieldstart|move: Grassy Terrain|[from] ability: Grassy Surge|[of] p2a: Rillaboom
|move|p1a: MotherHorse|Knock Off|p2a: Rillaboom
|-damage|p2a: Rillaboom|0 fnt
|-enditem|p2a: Rillaboom|Choice Band|[from] move: Knock Off|[of] p1a: MotherHorse
|faint|p2a: Rillaboom
|
|-weather|SunnyDay|[upkeep]
|upkeep
|
|t:|1781519716
|switch|p2a: Walking Wake|Walking Wake|100/100
|-activate|p2a: Walking Wake|ability: Protosynthesis
|-start|p2a: Walking Wake|protosynthesisspe
|turn|2
|
|t:|1781519721
|move|p2a: Walking Wake|Hydro Steam|p1a: MotherHorse
|-damage|p1a: MotherHorse|18/100
|move|p1a: MotherHorse|Knock Off|p2a: Walking Wake
|-damage|p2a: Walking Wake|0 fnt
|-enditem|p2a: Walking Wake|Choice Specs|[from] move: Knock Off|[of] p1a: MotherHorse
|faint|p2a: Walking Wake
|-end|p2a: Walking Wake|Protosynthesis|[silent]
|
|-weather|SunnyDay|[upkeep]
|-heal|p1a: MotherHorse|24/100|[from] Grassy Terrain
|upkeep
|
|t:|1781519729
|switch|p2a: Ceruledge|Ceruledge, F|100/100
|-item|p2a: Ceruledge|Air Balloon
|turn|3
|
|t:|1781519758
|move|p2a: Ceruledge|Bitter Blade|p1a: MotherHorse
|-damage|p1a: MotherHorse|0 fnt
|faint|p1a: MotherHorse
|
|-weather|SunnyDay|[upkeep]
|upkeep
|
|t:|1781519762
|switch|p1a: TODO|Pecharunt|100/100
|turn|4
|
|t:|1781519770
|move|p2a: Ceruledge|Swords Dance|p2a: Ceruledge
|-boost|p2a: Ceruledge|atk|2
|move|p1a: TODO|Shadow Ball|p2a: Ceruledge
|-supereffective|p2a: Ceruledge
|-damage|p2a: Ceruledge|39/100
|-unboost|p2a: Ceruledge|spd|1
|-enditem|p2a: Ceruledge|Air Balloon
|
|-weather|SunnyDay|[upkeep]
|-heal|p2a: Ceruledge|45/100|[from] Grassy Terrain
|upkeep
|turn|5
|
|t:|1781519786
|switch|p1a: Bus Fare|Alomomola, M, shiny|100/100
|move|p2a: Ceruledge|Poltergeist|p1a: Bus Fare|[miss]
|-miss|p2a: Ceruledge|p1a: Bus Fare
|
|-weather|SunnyDay|[upkeep]
|-heal|p2a: Ceruledge|51/100|[from] Grassy Terrain
|-fieldend|move: Grassy Terrain
|upkeep
|turn|6
|
|t:|1781519797
|move|p1a: Bus Fare|Aqua Jet|p2a: Ceruledge
|-supereffective|p2a: Ceruledge
|-crit|p2a: Ceruledge
|-damage|p2a: Ceruledge|30/100
|move|p2a: Ceruledge|Poltergeist|p1a: Bus Fare
|-activate|p1a: Bus Fare|move: Poltergeist|Assault Vest
|-damage|p1a: Bus Fare|21/100
|
|-weather|SunnyDay|[upkeep]
|upkeep
|turn|7
|inactive|NewFisher has 120 seconds left.
|
|t:|1781519818
|switch|p1a: And A Lighter|Cinderace, M, shiny|100/100
|move|p2a: Ceruledge|Bitter Blade|p1a: And A Lighter
|-resisted|p1a: And A Lighter
|-damage|p1a: And A Lighter|0 fnt
|-heal|p2a: Ceruledge|82/100|[from] drain|[of] p1a: And A Lighter
|faint|p1a: And A Lighter
|
|-weather|SunnyDay|[upkeep]
|upkeep
|
|t:|1781519822
|switch|p1a: 50 bucks|Landorus-Therian, M, shiny|100/100
|-ability|p1a: 50 bucks|Intimidate|boost
|-unboost|p2a: Ceruledge|atk|1
|turn|8
|
|t:|1781519834
|move|p1a: 50 bucks|Earthquake|p2a: Ceruledge
|-supereffective|p2a: Ceruledge
|-damage|p2a: Ceruledge|0 fnt
|faint|p2a: Ceruledge
|
|-weather|none
|upkeep
|
|t:|1781519837
|switch|p2a: Cresselia|Cresselia, F|100/100
|turn|9
|
|t:|1781519842
|switch|p1a: TODO|Pecharunt|100/100
|move|p2a: Cresselia|Calm Mind|p2a: Cresselia
|-boost|p2a: Cresselia|spa|1
|-boost|p2a: Cresselia|spd|1
|
|upkeep
|turn|10
|
|t:|1781519854
|-terastallize|p1a: TODO|Ghost
|move|p1a: TODO|Toxic|p2a: Cresselia
|-status|p2a: Cresselia|tox
|-start|p2a: Cresselia|confusion|[from] ability: Poison Puppeteer|[of] p1a: TODO
|-activate|p2a: Cresselia|confusion
|move|p2a: Cresselia|Calm Mind|p2a: Cresselia
|-boost|p2a: Cresselia|spa|1
|-boost|p2a: Cresselia|spd|1
|
|-damage|p2a: Cresselia|94/100 tox|[from] psn
|upkeep
|turn|11
|
|t:|1781519862
|move|p1a: TODO|Shadow Ball|p2a: Cresselia
|-supereffective|p2a: Cresselia
|-damage|p2a: Cresselia|73/100 tox
|-end|p2a: Cresselia|confusion
|move|p2a: Cresselia|Calm Mind|p2a: Cresselia
|-boost|p2a: Cresselia|spa|1
|-boost|p2a: Cresselia|spd|1
|
|-damage|p2a: Cresselia|61/100 tox|[from] psn
|upkeep
|turn|12
|
|t:|1781519879
|move|p1a: TODO|Parting Shot|p2a: Cresselia
|-unboost|p2a: Cresselia|atk|1
|-unboost|p2a: Cresselia|spa|1
|
|t:|1781519881
|switch|p1a: Bus Fare|Alomomola, M, shiny|54/100|[from] Parting Shot
|move|p2a: Cresselia|Stored Power|p1a: Bus Fare
|-damage|p1a: Bus Fare|17/100
|
|-damage|p2a: Cresselia|42/100 tox|[from] psn
|upkeep
|turn|13
|
|t:|1781519885
|switch|p1a: TODO|Pecharunt, tera:Ghost|100/100
|move|p2a: Cresselia|Stored Power|p1a: TODO
|-damage|p1a: TODO|34/100
|
|-damage|p2a: Cresselia|18/100 tox|[from] psn
|upkeep
|turn|14
|
|t:|1781519893
|move|p1a: TODO|Shadow Ball|p2a: Cresselia
|-supereffective|p2a: Cresselia
|-damage|p2a: Cresselia|0 fnt
|faint|p2a: Cresselia
|
|upkeep
|
|t:|1781519900
|switch|p2a: Raging Bolt|Raging Bolt|100/100
|turn|15
|
|t:|1781519917
|move|p1a: TODO|Toxic|p2a: Raging Bolt|[miss]
|-miss|p1a: TODO|p2a: Raging Bolt
|move|p2a: Raging Bolt|Dragon Pulse|p1a: TODO
|-damage|p1a: TODO|0 fnt
|faint|p1a: TODO
|
|upkeep
|
|t:|1781519921
|switch|p1a: Bus Fare|Alomomola, M, shiny|50/100
|turn|16
|
|t:|1781519925
|move|p2a: Raging Bolt|Dragon Pulse|p1a: Bus Fare
|-damage|p1a: Bus Fare|10/100
|move|p1a: Bus Fare|Mirror Coat|p2a: Raging Bolt
|-damage|p2a: Raging Bolt|7/100
|
|upkeep
|turn|17
|
|t:|1781519933
|switch|p1a: ThenWEWALKED|Iron Valiant, shiny|100/100
|move|p2a: Raging Bolt|Dragon Pulse|p1a: ThenWEWALKED
|-immune|p1a: ThenWEWALKED
|
|upkeep
|turn|18
|
|t:|1781519936
|-end|p2a: Raging Bolt|Protosynthesis|[silent]
|switch|p2a: Torkoal|Torkoal, M|100/100
|-weather|SunnyDay|[from] ability: Drought|[of] p2a: Torkoal
|move|p1a: ThenWEWALKED|Moonblast|p2a: Torkoal
|-resisted|p2a: Torkoal
|-damage|p2a: Torkoal|70/100
|-unboost|p2a: Torkoal|spa|1
|
|-weather|SunnyDay|[upkeep]
|upkeep
|turn|19
|
|t:|1781519948
|-end|p1a: ThenWEWALKED|Quark Drive|[silent]
|switch|p1a: Bus Fare|Alomomola, M, shiny|43/100
|move|p2a: Torkoal|Lava Plume|p1a: Bus Fare
|-resisted|p1a: Bus Fare
|-damage|p1a: Bus Fare|37/100
|-status|p1a: Bus Fare|brn
|
|-weather|SunnyDay|[upkeep]
|-damage|p1a: Bus Fare|30/100 brn|[from] brn
|upkeep
|turn|20
|
|t:|1781519954
|move|p1a: Bus Fare|Body Slam|p2a: Torkoal
|-damage|p2a: Torkoal|64/100
|move|p2a: Torkoal|Stealth Rock|p1a: Bus Fare
|-sidestart|p1: NewFisher|move: Stealth Rock
|
|-weather|SunnyDay|[upkeep]
|-damage|p1a: Bus Fare|24/100 brn|[from] brn
|upkeep
|turn|21
|
|t:|1781519958
|move|p1a: Bus Fare|Body Slam|p2a: Torkoal
|-damage|p2a: Torkoal|58/100
|move|p2a: Torkoal|Earthquake|p1a: Bus Fare
|-damage|p1a: Bus Fare|11/100 brn
|
|-weather|SunnyDay|[upkeep]
|-damage|p1a: Bus Fare|5/100 brn|[from] brn
|upkeep
|turn|22
|
|t:|1781519965
|move|p1a: Bus Fare|Aqua Jet|p2a: Torkoal
|-supereffective|p2a: Torkoal
|-damage|p2a: Torkoal|54/100
|move|p2a: Torkoal|Lava Plume|p1a: Bus Fare
|-resisted|p1a: Bus Fare
|-damage|p1a: Bus Fare|0 fnt
|faint|p1a: Bus Fare
|
|-weather|SunnyDay|[upkeep]
|upkeep
|
|t:|1781519968
|switch|p1a: 50 bucks|Landorus-Therian, M, shiny|100/100
|-damage|p1a: 50 bucks|88/100|[from] Stealth Rock
|-ability|p1a: 50 bucks|Intimidate|boost
|-unboost|p2a: Torkoal|atk|1
|turn|23
|
|t:|1781519974
|move|p1a: 50 bucks|Earthquake|p2a: Torkoal
|-supereffective|p2a: Torkoal
|-damage|p2a: Torkoal|0 fnt
|faint|p2a: Torkoal
|
|-weather|SunnyDay|[upkeep]
|upkeep
|
|t:|1781519976
|switch|p2a: Raging Bolt|Raging Bolt|7/100
|-activate|p2a: Raging Bolt|ability: Protosynthesis
|-start|p2a: Raging Bolt|protosynthesisspa
|turn|24
|
|t:|1781519982
|-terastallize|p2a: Raging Bolt|Grass
|move|p1a: 50 bucks|Earthquake|p2a: Raging Bolt
|-resisted|p2a: Raging Bolt
|-damage|p2a: Raging Bolt|0 fnt
|faint|p2a: Raging Bolt
|-end|p2a: Raging Bolt|Protosynthesis|[silent]
|
|win|NewFisher
|raw|NewFisher's rating: 1479 &rarr; <strong>1503</strong><br />(+24 for winning)
|raw|Joegirl's rating: 1549 &rarr; <strong>1525</strong><br />(-24 for losing)
|l|☆NewFisher
|player|p1|
|l|☆Joegirl
|player|p2|
