|j|☆redskyatnight_
|j|☆iamverykarpy
|t:|1781013715
|gametype|singles
|player|p1|redskyatnight_|grimsley-gen7|1560
|player|p2|iamverykarpy|colress|1627
|gen|9
|tier|[Gen 9] OU
|rated|
|rule|HP Percentage Mod: HP is shown in percentages
|rule|Endless Battle Clause: Forcing endless battles is banned
|rule|Species Clause: Limit one of each Pokémon
|rule|OHKO Clause: OHKO moves are banned
|rule|Evasion Items Clause: Evasion items are banned
|rule|Evasion Moves Clause: Evasion moves are banned
|rule|Evasion Abilities Clause: Evasion abilities are banned
|rule|Sleep Moves Clause: Sleep-inducing moves are banned
|clearpoke
|poke|p1|Zoroark-Hisui, F|
|poke|p1|Ogerpon-Wellspring, F|
|poke|p1|Great Tusk|
|poke|p1|Garganacl, M|
|poke|p1|Pecharunt|
|poke|p1|Alomomola, M|
|poke|p2|Cetitan, F|
|poke|p2|Slowking-Galar, M|
|poke|p2|Kyurem|
|poke|p2|Rillaboom, F|
|poke|p2|Alomomola, F|
|poke|p2|Great Tusk|
|teampreview
|inactive|Battle timer is ON: inactive players will automatically lose when time's up. (requested by iamverykarpy)
|inactive|redskyatnight_ has 120 seconds left.
|
|t:|1781013757
|teamsize|p1|6
|teamsize|p2|6
|start
|switch|p1a: Immoveable Object|Pecharunt|100/100
|switch|p2a: Kyurem|Kyurem, shiny|100/100
|-ability|p2a: Kyurem|Pressure
|turn|1
|
|t:|1781013779
|move|p2a: Kyurem|Ice Beam|p1a: Immoveable Object
|-damage|p1a: Immoveable Object|25/100
|move|p1a: Immoveable Object|Malignant Chain|p2a: Kyurem
|-damage|p2a: Kyurem|73/100
|-status|p2a: Kyurem|tox
|-start|p2a: Kyurem|confusion|[from] ability: Poison Puppeteer|[of] p1a: Immoveable Object
|
|-damage|p2a: Kyurem|67/100 tox|[from] psn
|upkeep
|turn|2
|
|t:|1781013796
|switch|p1a: You Already Know|Alomomola, M|100/100
|-activate|p2a: Kyurem|confusion
|-damage|p2a: Kyurem|57/100 tox|[from] confusion
|
|-damage|p2a: Kyurem|44/100 tox|[from] psn
|upkeep
|turn|3
|
|t:|1781013804
|switch|p2a: Alomomola|Alomomola, F|100/100
|move|p1a: You Already Know|Flip Turn|p2a: Alomomola
|-resisted|p2a: Alomomola
|-damage|p2a: Alomomola|96/100
|-damage|p1a: You Already Know|84/100|[from] item: Rocky Helmet|[of] p2a: Alomomola
|
|t:|1781013823
|switch|p1a: Immoveable Object|Pecharunt|25/100|[from] Flip Turn
|
|upkeep
|turn|4
|
|t:|1781013827
|move|p1a: Immoveable Object|Recover|p1a: Immoveable Object
|-heal|p1a: Immoveable Object|75/100
|move|p2a: Alomomola|Wish|p2a: Alomomola
|
|upkeep
|turn|5
|
|t:|1781013841
|switch|p2a: Kyurem|Kyurem, shiny|44/100 tox
|-ability|p2a: Kyurem|Pressure
|move|p1a: Immoveable Object|Parting Shot|p2a: Kyurem
|-unboost|p2a: Kyurem|atk|1
|-unboost|p2a: Kyurem|spa|1
|
|t:|1781013851
|switch|p1a: Sodium Chloride|Garganacl, M|100/100|[from] Parting Shot
|
|-heal|p2a: Kyurem|100/100 tox|[from] move: Wish|[wisher] Alomomola
|-damage|p2a: Kyurem|94/100 tox|[from] psn
|upkeep
|turn|6
|
|t:|1781013862
|switch|p2a: Great Tusk|Great Tusk|100/100
|move|p1a: Sodium Chloride|Salt Cure|p2a: Great Tusk
|-resisted|p2a: Great Tusk
|-damage|p2a: Great Tusk|98/100
|-start|p2a: Great Tusk|Salt Cure
|
|-heal|p2a: Great Tusk|100/100|[from] item: Leftovers
|-damage|p2a: Great Tusk|88/100|[from] Salt Cure
|upkeep
|turn|7
|
|t:|1781013866
|switch|p1a: You Already Know|Alomomola, M|100/100
|move|p2a: Great Tusk|Stealth Rock|p1a: You Already Know
|-sidestart|p1: redskyatnight_|move: Stealth Rock
|
|-heal|p2a: Great Tusk|94/100|[from] item: Leftovers
|-damage|p2a: Great Tusk|82/100|[from] Salt Cure
|upkeep
|turn|8
|
|t:|1781013870
|-end|p2a: Great Tusk|Protosynthesis|[silent]
|switch|p2a: Alomomola|Alomomola, F|100/100
|move|p1a: You Already Know|Flip Turn|p2a: Alomomola
|-resisted|p2a: Alomomola
|-crit|p2a: Alomomola
|-damage|p2a: Alomomola|94/100
|-damage|p1a: You Already Know|84/100|[from] item: Rocky Helmet|[of] p2a: Alomomola
|
|t:|1781013886
|switch|p1a: Immoveable Object|Pecharunt|75/100|[from] Flip Turn
|
|upkeep
|turn|9
|
|t:|1781013894
|move|p1a: Immoveable Object|Parting Shot|p2a: Alomomola
|-unboost|p2a: Alomomola|atk|1
|-unboost|p2a: Alomomola|spa|1
|
|t:|1781013896
|switch|p1a: PLEASE Ban This Mf|Ogerpon-Wellspring, F|100/100|[from] Parting Shot
|-damage|p1a: PLEASE Ban This Mf|88/100|[from] Stealth Rock
|move|p2a: Alomomola|Wish|p2a: Alomomola
|
|upkeep
|turn|10
|
|t:|1781013908
|switch|p2a: Kyurem|Kyurem, shiny|94/100 tox
|-ability|p2a: Kyurem|Pressure
|move|p1a: PLEASE Ban This Mf|Swords Dance|p1a: PLEASE Ban This Mf
|-boost|p1a: PLEASE Ban This Mf|atk|2
|
|-heal|p2a: Kyurem|100/100 tox|[from] move: Wish|[wisher] Alomomola
|-damage|p2a: Kyurem|94/100 tox|[from] psn
|upkeep
|turn|11
|c|☆iamverykarpy|so real for that
|
|t:|1781013916
|switch|p1a: You Already Know|Alomomola, M|100/100
|-damage|p1a: You Already Know|88/100|[from] Stealth Rock
|move|p2a: Kyurem|Freeze-Dry|p1a: You Already Know
|-supereffective|p1a: You Already Know
|-damage|p1a: You Already Know|27/100
|
|-damage|p2a: Kyurem|82/100 tox|[from] psn
|upkeep
|turn|12
|inactive|redskyatnight_ has 120 seconds left.
|
|t:|1781013965
|move|p2a: Kyurem|Freeze-Dry|p1a: You Already Know
|-supereffective|p1a: You Already Know
|-damage|p1a: You Already Know|0 fnt
|faint|p1a: You Already Know
|
|-damage|p2a: Kyurem|64/100 tox|[from] psn
|upkeep
|
|t:|1781013972
|switch|p1a: Immoveable Object|Pecharunt|100/100
|-damage|p1a: Immoveable Object|88/100|[from] Stealth Rock
|turn|13
|
|t:|1781013975
|switch|p2a: Slowking|Slowking-Galar, M, shiny|100/100
|move|p1a: Immoveable Object|Shadow Ball|p2a: Slowking
|-supereffective|p2a: Slowking
|-damage|p2a: Slowking|33/100
|
|upkeep
|turn|14
|c|☆iamverykarpy|specs?
|inactive|iamverykarpy has 120 seconds left.
|c|☆redskyatnight_|could be
|c|☆iamverykarpy|max special attack specs max roll does 67 wow
|inactive|iamverykarpy has 90 seconds left.
|
|t:|1781014047
|switch|p2a: Rillaboom|Rillaboom, F|100/100
|-fieldstart|move: Grassy Terrain|[from] ability: Grassy Surge|[of] p2a: Rillaboom
|move|p1a: Immoveable Object|Shadow Ball|p2a: Rillaboom
|-damage|p2a: Rillaboom|20/100
|
|-heal|p1a: Immoveable Object|94/100|[from] Grassy Terrain
|-heal|p2a: Rillaboom|26/100|[from] Grassy Terrain
|upkeep
|turn|15
|
|t:|1781014062
|switch|p1a: Immoveable Object|Pecharunt|75/100
|move|p2a: Rillaboom|Knock Off|p1a: Immoveable Object
|-supereffective|p1a: Immoveable Object
|-damage|p1a: Immoveable Object|27/100
|-enditem|p1a: Immoveable Object|Heavy-Duty Boots|[from] move: Knock Off|[of] p2a: Rillaboom
|
|-heal|p2a: Rillaboom|32/100|[from] Grassy Terrain
|-heal|p1a: Immoveable Object|33/100|[from] Grassy Terrain
|upkeep
|turn|16
|c|☆iamverykarpy|oh lmao
|inactive|iamverykarpy has 90 seconds left.
|
|t:|1781014077
|move|p2a: Rillaboom|Knock Off|p1a: Immoveable Object
|-supereffective|p1a: Immoveable Object
|-damage|p1a: Immoveable Object|0 fnt
|faint|p1a: Immoveable Object
|
|-heal|p2a: Rillaboom|38/100|[from] Grassy Terrain
|upkeep
|
|t:|1781014081
|switch|p1a: PLEASE Ban This Mf|Ogerpon-Wellspring, F|88/100
|-damage|p1a: PLEASE Ban This Mf|76/100|[from] Stealth Rock
|turn|17
|c|☆iamverykarpy|i might actually be slow
|
|t:|1781014090
|move|p1a: PLEASE Ban This Mf|Swords Dance|p1a: PLEASE Ban This Mf
|-boost|p1a: PLEASE Ban This Mf|atk|2
|move|p2a: Rillaboom|Knock Off|p1a: PLEASE Ban This Mf
|-damage|p1a: PLEASE Ban This Mf|25/100
|
|-heal|p1a: PLEASE Ban This Mf|31/100|[from] Grassy Terrain
|-heal|p2a: Rillaboom|44/100|[from] Grassy Terrain
|upkeep
|turn|18
|c|☆redskyatnight_|lol
|
|t:|1781014095
|switch|p2a: Alomomola|Alomomola, F|100/100
|move|p1a: PLEASE Ban This Mf|Horn Leech|p2a: Alomomola
|-supereffective|p2a: Alomomola
|-damage|p2a: Alomomola|0 fnt
|-heal|p1a: PLEASE Ban This Mf|100/100|[from] drain|[of] p2a: Alomomola
|-damage|p1a: PLEASE Ban This Mf|84/100|[from] item: Rocky Helmet|[of] p2a: Alomomola
|faint|p2a: Alomomola
|
|-heal|p1a: PLEASE Ban This Mf|90/100|[from] Grassy Terrain
|-fieldend|move: Grassy Terrain
|upkeep
|
|t:|1781014102
|switch|p2a: Rillaboom|Rillaboom, F|44/100
|-fieldstart|move: Grassy Terrain|[from] ability: Grassy Surge|[of] p2a: Rillaboom
|turn|19
|
|t:|1781014110
|-terastallize|p2a: Rillaboom|Grass
|move|p2a: Rillaboom|Grassy Glide|p1a: PLEASE Ban This Mf
|-damage|p1a: PLEASE Ban This Mf|0 fnt
|faint|p1a: PLEASE Ban This Mf
|
|-heal|p2a: Rillaboom|50/100|[from] Grassy Terrain
|upkeep
|
|t:|1781014123
|switch|p1a: Spinamarink|Great Tusk|100/100
|turn|20
|
|t:|1781014130
|switch|p2a: Great Tusk|Great Tusk|82/100
|-terastallize|p1a: Spinamarink|Ice
|move|p1a: Spinamarink|Ice Spinner|p2a: Great Tusk
|-supereffective|p2a: Great Tusk
|-damage|p2a: Great Tusk|24/100
|-fieldend|move: Grassy Terrain
|
|-heal|p2a: Great Tusk|30/100|[from] item: Leftovers
|upkeep
|turn|21
|
|t:|1781014138
|-end|p1a: Spinamarink|Protosynthesis|[silent]
|switch|p1a: Spinamarink|Great Tusk|94/100
|-damage|p1a: Spinamarink|82/100|[from] Stealth Rock
|move|p2a: Great Tusk|Headlong Rush|p1a: Spinamarink
|-damage|p1a: Spinamarink|0 fnt
|-unboost|p2a: Great Tusk|def|1
|-unboost|p2a: Great Tusk|spd|1
|replace|p1a: Sham|Zoroark-Hisui, F, shiny
|-end|p1a: Sham|Illusion
|faint|p1a: Sham
|
|-heal|p2a: Great Tusk|36/100|[from] item: Leftovers
|upkeep
|
|t:|1781014144
|switch|p1a: Spinamarink|Great Tusk, tera:Ice|100/100
|turn|22
|
|t:|1781014148
|move|p1a: Spinamarink|Rapid Spin|p2a: Great Tusk
|-damage|p2a: Great Tusk|17/100
|-boost|p1a: Spinamarink|spe|1
|-sideend|p1: redskyatnight_|Stealth Rock|[from] move: Rapid Spin|[of] p1a: Spinamarink
|move|p2a: Great Tusk|Rapid Spin|p1a: Spinamarink
|-damage|p1a: Spinamarink|89/100
|-boost|p2a: Great Tusk|spe|1
|
|-heal|p2a: Great Tusk|23/100|[from] item: Leftovers
|upkeep
|turn|23
|
|t:|1781014152
|move|p1a: Spinamarink|Ice Spinner|p2a: Great Tusk
|-supereffective|p2a: Great Tusk
|-damage|p2a: Great Tusk|0 fnt
|faint|p2a: Great Tusk
|-end|p2a: Great Tusk|Protosynthesis|[silent]
|
|upkeep
|
|t:|1781014160
|switch|p2a: Cetitan|Cetitan, F, shiny|100/100
|turn|24
|
|t:|1781014166
|move|p1a: Spinamarink|Close Combat|p2a: Cetitan
|-supereffective|p2a: Cetitan
|-damage|p2a: Cetitan|0 fnt
|-unboost|p1a: Spinamarink|def|1
|-unboost|p1a: Spinamarink|spd|1
|faint|p2a: Cetitan
|
|upkeep
|
|t:|1781014186
|switch|p2a: Slowking|Slowking-Galar, M, shiny|67/100
|turn|25
|
|t:|1781014192
|move|p1a: Spinamarink|Headlong Rush|p2a: Slowking
|-supereffective|p2a: Slowking
|-damage|p2a: Slowking|0 fnt
|-unboost|p1a: Spinamarink|def|1
|-unboost|p1a: Spinamarink|spd|1
|faint|p2a: Slowking
|
|upkeep
|
|t:|1781014194
|switch|p2a: Rillaboom|Rillaboom, F, tera:Grass|50/100
|-fieldstart|move: Grassy Terrain|[from] ability: Grassy Surge|[of] p2a: Rillaboom
|turn|26
|
|t:|1781014201
|-end|p1a: Spinamarink|Protosynthesis|[silent]
|switch|p1a: Sodium Chloride|Garganacl, M|100/100
|move|p2a: Rillaboom|Grassy Glide|p1a: Sodium Chloride
|-supereffective|p1a: Sodium Chloride
|-damage|p1a: Sodium Chloride|0 fnt
|faint|p1a: Sodium Chloride
|
|-heal|p2a: Rillaboom|57/100|[from] Grassy Terrain
|upkeep
|
|t:|1781014206
|switch|p1a: Spinamarink|Great Tusk, tera:Ice|89/100
|turn|27
|
|t:|1781014209
|move|p2a: Rillaboom|Grassy Glide|p1a: Spinamarink
|-damage|p1a: Spinamarink|33/100
|move|p1a: Spinamarink|Ice Spinner|p2a: Rillaboom
|-supereffective|p2a: Rillaboom
|-damage|p2a: Rillaboom|0 fnt
|-fieldend|move: Grassy Terrain
|faint|p2a: Rillaboom
|
|upkeep
|
|t:|1781014212
|switch|p2a: Kyurem|Kyurem, shiny|64/100 tox
|-ability|p2a: Kyurem|Pressure
|turn|28
|
|t:|1781014219
|move|p2a: Kyurem|Earth Power|p1a: Spinamarink
|-damage|p1a: Spinamarink|0 fnt
|faint|p1a: Spinamarink
|-end|p1a: Spinamarink|Protosynthesis|[silent]
|
|win|iamverykarpy
|raw|redskyatnight_'s rating: 1560 &rarr; <strong>1544</strong><br />(-16 for losing)
|raw|iamverykarpy's rating: 1627 &rarr; <strong>1643</strong><br />(+16 for winning)
|c|☆redskyatnight_|gg
|c|☆iamverykarpy|gg
|l|☆redskyatnight_
|player|p1|
|l|☆iamverykarpy
|player|p2|
