|j|☆kadu99
|j|☆Mysterious Soop
|t:|1781162027
|gametype|singles
|player|p1|kadu99|policeman-gen4|1566
|player|p2|Mysterious Soop|101|1642
|gen|9
|tier|[Gen 9] OU
|rated|
|rule|HP Percentage Mod: HP is shown in percentages
|rule|Endless Battle Clause: Forcing endless battles is banned
|rule|Species Clause: Limit one of each Pokémon
|rule|OHKO Clause: OHKO moves are banned
|rule|Evasion Items Clause: Evasion items are banned
|rule|Evasion Moves Clause: Evasion moves are banned
|rule|Evasion Abilities Clause: Evasion abilities are banned
|rule|Sleep Moves Clause: Sleep-inducing moves are banned
|clearpoke
|poke|p1|Iron Valiant|
|poke|p1|Ogerpon-Wellspring, F|
|poke|p1|Ting-Lu|
|poke|p1|Pecharunt|
|poke|p1|Cinderace, F|
|poke|p1|Dragonite, M|
|poke|p2|Excadrill, M|
|poke|p2|Tyranitar, M|
|poke|p2|Hydrapple, M|
|poke|p2|Gholdengo|
|poke|p2|Alomomola, M|
|poke|p2|Hatterene, F|
|teampreview
|inactive|Battle timer is ON: inactive players will automatically lose when time's up. (requested by kadu99)
|
|t:|1781162055
|teamsize|p1|6
|teamsize|p2|6
|start
|switch|p1a: Ronaldinho|Cinderace, F|100/100
|switch|p2a: Tyranitar|Tyranitar, M|100/100
|-weather|Sandstorm|[from] ability: Sand Stream|[of] p2a: Tyranitar
|turn|1
|
|t:|1781162060
|switch|p2a: Alomomola|Alomomola, M|100/100
|move|p1a: Ronaldinho|Low Kick|p2a: Alomomola
|-start|p1a: Ronaldinho|typechange|Fighting|[from] ability: Libero
|-damage|p2a: Alomomola|86/100
|-damage|p1a: Ronaldinho|84/100|[from] item: Rocky Helmet|[of] p2a: Alomomola
|
|-weather|Sandstorm|[upkeep]
|-damage|p1a: Ronaldinho|78/100|[from] Sandstorm
|-damage|p2a: Alomomola|80/100|[from] Sandstorm
|upkeep
|turn|2
|
|t:|1781162067
|switch|p1a: Ludicolo Fan|Ogerpon-Wellspring, F|100/100
|move|p2a: Alomomola|Flip Turn|p1a: Ludicolo Fan
|-immune|p1a: Ludicolo Fan|[from] ability: Water Absorb
|
|-weather|Sandstorm|[upkeep]
|-damage|p1a: Ludicolo Fan|95/100|[from] Sandstorm
|-damage|p2a: Alomomola|74/100|[from] Sandstorm
|upkeep
|turn|3
|
|t:|1781162078
|switch|p1a: LooTing|Ting-Lu|100/100
|-ability|p1a: LooTing|Vessel of Ruin
|switch|p2a: Hydrapple|Hydrapple, M|100/100
|
|-weather|Sandstorm|[upkeep]
|-damage|p2a: Hydrapple|94/100|[from] Sandstorm
|upkeep
|turn|4
|
|t:|1781162086
|move|p1a: LooTing|Ruination|p2a: Hydrapple
|-damage|p2a: Hydrapple|47/100
|move|p2a: Hydrapple|Giga Drain|p1a: LooTing
|-supereffective|p1a: LooTing
|-damage|p1a: LooTing|49/100
|-heal|p2a: Hydrapple|79/100|[from] drain|[of] p1a: LooTing
|
|-weather|Sandstorm|[upkeep]
|-damage|p2a: Hydrapple|73/100|[from] Sandstorm
|-heal|p1a: LooTing|55/100|[from] item: Leftovers
|upkeep
|turn|5
|
|t:|1781162093
|switch|p1a: Cherrypop|Pecharunt|100/100
|switch|p2a: Hatterene|Hatterene, F|100/100
|
|-weather|none
|upkeep
|turn|6
|
|t:|1781162101
|switch|p2a: Excadrill|Excadrill, M|100/100
|move|p1a: Cherrypop|Malignant Chain|p2a: Excadrill
|-immune|p2a: Excadrill
|
|upkeep
|turn|7
|
|t:|1781162109
|switch|p1a: s26 ultra 5g 512gb|Dragonite, M|100/100
|move|p2a: Excadrill|Rapid Spin|p1a: s26 ultra 5g 512gb
|-damage|p1a: s26 ultra 5g 512gb|91/100
|-boost|p2a: Excadrill|spe|1
|
|upkeep
|turn|8
|
|t:|1781162135
|switch|p2a: Hydrapple|Hydrapple, M|100/100
|switch|p1a: Cherrypop|Pecharunt|100/100
|
|upkeep
|turn|9
|
|t:|1781162142
|switch|p2a: Excadrill|Excadrill, M|100/100
|move|p1a: Cherrypop|Nasty Plot|p1a: Cherrypop
|-boost|p1a: Cherrypop|spa|2
|
|upkeep
|turn|10
|
|t:|1781162152
|-terastallize|p1a: Cherrypop|Ghost
|move|p1a: Cherrypop|Shadow Ball|p2a: Excadrill
|-damage|p2a: Excadrill|0 fnt
|faint|p2a: Excadrill
|
|upkeep
|
|t:|1781162155
|switch|p2a: Tyranitar|Tyranitar, M|100/100
|-weather|Sandstorm|[from] ability: Sand Stream|[of] p2a: Tyranitar
|turn|11
|
|t:|1781162167
|switch|p1a: s26 ultra 5g 512gb|Dragonite, M|91/100
|move|p2a: Tyranitar|Knock Off|p1a: s26 ultra 5g 512gb
|-damage|p1a: s26 ultra 5g 512gb|10/100
|-enditem|p1a: s26 ultra 5g 512gb|Heavy-Duty Boots|[from] move: Knock Off|[of] p2a: Tyranitar
|
|-weather|Sandstorm|[upkeep]
|-damage|p1a: s26 ultra 5g 512gb|3/100|[from] Sandstorm
|upkeep
|turn|12
|
|t:|1781162175
|move|p1a: s26 ultra 5g 512gb|Earthquake|p2a: Tyranitar
|-supereffective|p2a: Tyranitar
|-damage|p2a: Tyranitar|42/100
|move|p2a: Tyranitar|Knock Off|p1a: s26 ultra 5g 512gb
|-damage|p1a: s26 ultra 5g 512gb|0 fnt
|faint|p1a: s26 ultra 5g 512gb
|
|-weather|Sandstorm|[upkeep]
|upkeep
|
|t:|1781162181
|switch|p1a: Ronaldinho|Cinderace, F|78/100
|turn|13
|
|t:|1781162185
|switch|p2a: Alomomola|Alomomola, M|100/100
|move|p1a: Ronaldinho|U-turn|p2a: Alomomola
|-start|p1a: Ronaldinho|typechange|Bug|[from] ability: Libero
|-damage|p2a: Alomomola|84/100
|-damage|p1a: Ronaldinho|61/100|[from] item: Rocky Helmet|[of] p2a: Alomomola
|
|t:|1781162190
|switch|p1a: Cherrypop|Pecharunt, tera:Ghost|100/100|[from] U-turn
|
|-weather|Sandstorm|[upkeep]
|-damage|p1a: Cherrypop|95/100|[from] Sandstorm
|-damage|p2a: Alomomola|77/100|[from] Sandstorm
|upkeep
|turn|14
|
|t:|1781162202
|switch|p2a: Gholdengo|Gholdengo|100/100
|move|p1a: Cherrypop|Shadow Ball|p2a: Gholdengo
|-supereffective|p2a: Gholdengo
|-damage|p2a: Gholdengo|0 fnt
|faint|p2a: Gholdengo
|
|-weather|Sandstorm|[upkeep]
|-damage|p1a: Cherrypop|89/100|[from] Sandstorm
|upkeep
|
|t:|1781162207
|switch|p2a: Tyranitar|Tyranitar, M|42/100
|turn|15
|
|t:|1781162214
|switch|p1a: LooTing|Ting-Lu|55/100
|-ability|p1a: LooTing|Vessel of Ruin
|move|p2a: Tyranitar|Stone Edge|p1a: LooTing
|-resisted|p1a: LooTing
|-damage|p1a: LooTing|29/100
|
|-weather|none
|-heal|p1a: LooTing|36/100|[from] item: Leftovers
|upkeep
|turn|16
|
|t:|1781162224
|switch|p2a: Hatterene|Hatterene, F|100/100
|move|p1a: LooTing|Earthquake|p2a: Hatterene
|-damage|p2a: Hatterene|59/100
|
|-heal|p1a: LooTing|42/100|[from] item: Leftovers
|upkeep
|turn|17
|
|t:|1781162230
|move|p1a: LooTing|Earthquake|p2a: Hatterene
|-damage|p2a: Hatterene|17/100
|move|p2a: Hatterene|Draining Kiss|p1a: LooTing
|-supereffective|p1a: LooTing
|-damage|p1a: LooTing|24/100
|-heal|p2a: Hatterene|39/100|[from] drain|[of] p1a: LooTing
|
|-heal|p1a: LooTing|30/100|[from] item: Leftovers
|upkeep
|turn|18
|
|t:|1781162238
|move|p1a: LooTing|Earthquake|p2a: Hatterene
|-damage|p2a: Hatterene|1/100
|move|p2a: Hatterene|Draining Kiss|p1a: LooTing
|-supereffective|p1a: LooTing
|-damage|p1a: LooTing|11/100
|-heal|p2a: Hatterene|24/100|[from] drain|[of] p1a: LooTing
|
|-heal|p1a: LooTing|17/100|[from] item: Leftovers
|upkeep
|turn|19
|
|t:|1781162243
|switch|p2a: Alomomola|Alomomola, M|100/100
|move|p1a: LooTing|Earthquake|p2a: Alomomola
|-damage|p2a: Alomomola|80/100
|
|-heal|p1a: LooTing|24/100|[from] item: Leftovers
|upkeep
|turn|20
|
|t:|1781162250
|move|p1a: LooTing|Stealth Rock|p2a: Alomomola
|-sidestart|p2: Mysterious Soop|move: Stealth Rock
|move|p2a: Alomomola|Wish|p2a: Alomomola
|
|-heal|p1a: LooTing|30/100|[from] item: Leftovers
|upkeep
|turn|21
|
|t:|1781162258
|move|p2a: Alomomola|Flip Turn|p1a: LooTing
|-supereffective|p1a: LooTing
|-damage|p1a: LooTing|13/100
|
|t:|1781162264
|switch|p2a: Hydrapple|Hydrapple, M|100/100|[from] Flip Turn
|-damage|p2a: Hydrapple|88/100|[from] Stealth Rock
|move|p1a: LooTing|Whirlwind|p2a: Hydrapple
|drag|p2a: Hatterene|Hatterene, F|24/100
|-damage|p2a: Hatterene|12/100|[from] Stealth Rock
|
|-heal|p2a: Hatterene|96/100|[from] move: Wish|[wisher] Alomomola
|-heal|p1a: LooTing|19/100|[from] item: Leftovers
|upkeep
|turn|22
|
|t:|1781162275
|move|p1a: LooTing|Ruination|p2a: Hatterene
|-damage|p2a: Hatterene|48/100
|move|p2a: Hatterene|Draining Kiss|p1a: LooTing
|-supereffective|p1a: LooTing
|-damage|p1a: LooTing|0 fnt
|-heal|p2a: Hatterene|71/100|[from] drain|[of] p1a: LooTing
|faint|p1a: LooTing
|
|upkeep
|
|t:|1781162278
|switch|p1a: Cherrypop|Pecharunt, tera:Ghost|89/100
|turn|23
|
|t:|1781162282
|move|p1a: Cherrypop|Malignant Chain|p2a: Hatterene
|-supereffective|p2a: Hatterene
|-damage|p2a: Hatterene|27/100
|-status|p2a: Hatterene|tox
|-start|p2a: Hatterene|confusion|[from] ability: Poison Puppeteer|[of] p1a: Cherrypop
|-activate|p2a: Hatterene|confusion
|move|p2a: Hatterene|Nuzzle|p1a: Cherrypop
|-crit|p1a: Cherrypop
|-damage|p1a: Cherrypop|84/100
|-status|p1a: Cherrypop|par
|
|-damage|p2a: Hatterene|21/100 tox|[from] psn
|upkeep
|turn|24
|
|t:|1781162289
|move|p1a: Cherrypop|Malignant Chain|p2a: Hatterene
|-supereffective|p2a: Hatterene
|-damage|p2a: Hatterene|0 fnt
|faint|p2a: Hatterene
|
|upkeep
|
|t:|1781162291
|switch|p2a: Tyranitar|Tyranitar, M|42/100
|-damage|p2a: Tyranitar|30/100|[from] Stealth Rock
|-weather|Sandstorm|[from] ability: Sand Stream|[of] p2a: Tyranitar
|turn|25
|inactive|kadu99 has 120 seconds left.
|
|t:|1781162331
|switch|p1a: Ronaldinho|Cinderace, F|61/100
|move|p2a: Tyranitar|Knock Off|p1a: Ronaldinho
|-damage|p1a: Ronaldinho|0 fnt
|-enditem|p1a: Ronaldinho|Heavy-Duty Boots|[from] move: Knock Off|[of] p2a: Tyranitar
|faint|p1a: Ronaldinho
|
|-weather|Sandstorm|[upkeep]
|upkeep
|
|t:|1781162334
|switch|p1a: SwordArtOnline|Iron Valiant|100/100
|turn|26
|
|t:|1781162342
|switch|p2a: Alomomola|Alomomola, M|100/100
|-damage|p2a: Alomomola|88/100|[from] Stealth Rock
|move|p1a: SwordArtOnline|Moonblast|p2a: Alomomola
|-damage|p2a: Alomomola|31/100
|
|-weather|Sandstorm|[upkeep]
|-damage|p1a: SwordArtOnline|94/100|[from] Sandstorm
|-damage|p2a: Alomomola|25/100|[from] Sandstorm
|upkeep
|turn|27
|
|t:|1781162351
|move|p2a: Alomomola|Protect|p2a: Alomomola
|-singleturn|p2a: Alomomola|Protect
|move|p1a: SwordArtOnline|Moonblast|p2a: Alomomola
|-activate|p2a: Alomomola|move: Protect
|
|-weather|Sandstorm|[upkeep]
|-damage|p1a: SwordArtOnline|88/100|[from] Sandstorm
|-damage|p2a: Alomomola|18/100|[from] Sandstorm
|upkeep
|turn|28
|
|t:|1781162359
|move|p1a: SwordArtOnline|Moonblast|p2a: Alomomola
|-damage|p2a: Alomomola|0 fnt
|faint|p2a: Alomomola
|
|-weather|Sandstorm|[upkeep]
|-damage|p1a: SwordArtOnline|82/100|[from] Sandstorm
|upkeep
|
|t:|1781162361
|switch|p2a: Hydrapple|Hydrapple, M|100/100
|-damage|p2a: Hydrapple|88/100|[from] Stealth Rock
|turn|29
|
|t:|1781162387
|-end|p1a: SwordArtOnline|Quark Drive|[silent]
|switch|p1a: Ludicolo Fan|Ogerpon-Wellspring, F|95/100
|move|p2a: Hydrapple|Giga Drain|p1a: Ludicolo Fan
|-damage|p1a: Ludicolo Fan|24/100
|-heal|p2a: Hydrapple|100/100|[from] drain|[of] p1a: Ludicolo Fan
|
|-weather|none
|upkeep
|turn|30
|
|t:|1781162393
|switch|p1a: Cherrypop|Pecharunt, tera:Ghost|84/100 par
|move|p2a: Hydrapple|Giga Drain|p1a: Cherrypop
|-damage|p1a: Cherrypop|14/100 par
|
|upkeep
|turn|31
|
|t:|1781162396
|cant|p1a: Cherrypop|par
|move|p2a: Hydrapple|Giga Drain|p1a: Cherrypop
|-damage|p1a: Cherrypop|0 fnt
|faint|p1a: Cherrypop
|
|upkeep
|
|t:|1781162399
|switch|p1a: SwordArtOnline|Iron Valiant|82/100
|turn|32
|
|t:|1781162403
|-terastallize|p2a: Hydrapple|Steel
|move|p1a: SwordArtOnline|Moonblast|p2a: Hydrapple
|-resisted|p2a: Hydrapple
|-damage|p2a: Hydrapple|76/100
|-unboost|p2a: Hydrapple|spa|1
|move|p2a: Hydrapple|Giga Drain|p1a: SwordArtOnline
|-damage|p1a: SwordArtOnline|0 fnt
|-heal|p2a: Hydrapple|100/100|[from] drain|[of] p1a: SwordArtOnline
|faint|p1a: SwordArtOnline
|-end|p1a: SwordArtOnline|Quark Drive|[silent]
|
|upkeep
|-message|kadu99 forfeited.
|
|win|Mysterious Soop
|raw|kadu99's rating: 1566 &rarr; <strong>1550</strong><br />(-16 for losing)
|raw|Mysterious Soop's rating: 1642 &rarr; <strong>1658</strong><br />(+16 for winning)
|l|☆kadu99
|player|p1|
|c|☆Mysterious Soop|ggs
