|j|☆BlackStar150520
|j|☆moocowvin
|t:|1781345747
|gametype|singles
|player|p1|BlackStar150520|unknown|1735
|player|p2|moocowvin|acetrainersnowf|1596
|gen|9
|tier|[Gen 9] OU
|rated|
|rule|HP Percentage Mod: HP is shown in percentages
|rule|Endless Battle Clause: Forcing endless battles is banned
|rule|Species Clause: Limit one of each Pokémon
|rule|OHKO Clause: OHKO moves are banned
|rule|Evasion Items Clause: Evasion items are banned
|rule|Evasion Moves Clause: Evasion moves are banned
|rule|Evasion Abilities Clause: Evasion abilities are banned
|rule|Sleep Moves Clause: Sleep-inducing moves are banned
|clearpoke
|poke|p1|Kingambit, M|
|poke|p1|Iron Valiant|
|poke|p1|Cinderace, F|
|poke|p1|Raging Bolt|
|poke|p1|Ogerpon-Wellspring, F|
|poke|p1|Garchomp, M|
|poke|p2|Kingambit, F|
|poke|p2|Kommo-o, F|
|poke|p2|Iron Valiant|
|poke|p2|Kyurem|
|poke|p2|Iron Treads|
|poke|p2|Iron Crown|
|teampreview
|inactive|Battle timer is ON: inactive players will automatically lose when time's up. (requested by BlackStar150520)
|
|t:|1781345756
|teamsize|p1|6
|teamsize|p2|6
|start
|switch|p1a: 🦈|Garchomp, M, shiny|100/100
|switch|p2a: Iron Treads|Iron Treads|100/100
|-enditem|p2a: Iron Treads|Booster Energy
|-activate|p2a: Iron Treads|ability: Quark Drive|[fromitem]
|-start|p2a: Iron Treads|quarkdrivespe
|turn|1
|
|t:|1781345763
|move|p2a: Iron Treads|Stealth Rock|p1a: 🦈
|-sidestart|p1: BlackStar150520|move: Stealth Rock
|move|p1a: 🦈|Earthquake|p2a: Iron Treads
|-supereffective|p2a: Iron Treads
|-damage|p2a: Iron Treads|10/100
|-damage|p1a: 🦈|91/100|[from] item: Life Orb
|
|upkeep
|turn|2
|
|t:|1781345766
|move|p2a: Iron Treads|Endeavor|p1a: 🦈
|-damage|p1a: 🦈|11/100
|-damage|p2a: Iron Treads|0 fnt|[from] ability: Rough Skin|[of] p1a: 🦈
|faint|p2a: Iron Treads
|-end|p2a: Iron Treads|Quark Drive|[silent]
|move|p1a: 🦈|Stealth Rock|p2: Iron Treads
|-sidestart|p2: moocowvin|move: Stealth Rock
|
|upkeep
|
|t:|1781345778
|switch|p2a: Iron Valiant|Iron Valiant|100/100
|-damage|p2a: Iron Valiant|94/100|[from] Stealth Rock
|-enditem|p2a: Iron Valiant|Booster Energy
|-activate|p2a: Iron Valiant|ability: Quark Drive|[fromitem]
|-start|p2a: Iron Valiant|quarkdrivespe
|turn|3
|
|t:|1781345784
|move|p2a: Iron Valiant|Calm Mind|p2a: Iron Valiant
|-boost|p2a: Iron Valiant|spa|1
|-boost|p2a: Iron Valiant|spd|1
|move|p1a: 🦈|Earthquake|p2a: Iron Valiant
|-damage|p2a: Iron Valiant|23/100
|-damage|p1a: 🦈|1/100|[from] item: Life Orb
|
|upkeep
|turn|4
|
|t:|1781345787
|move|p2a: Iron Valiant|Moonblast|p1a: 🦈
|-supereffective|p1a: 🦈
|-damage|p1a: 🦈|0 fnt
|faint|p1a: 🦈
|
|upkeep
|
|t:|1781345795
|switch|p1a: BunnyGirlSenpai|Cinderace, F|100/100
|turn|5
|
|t:|1781345798
|move|p2a: Iron Valiant|Focus Blast|p1a: BunnyGirlSenpai
|-damage|p1a: BunnyGirlSenpai|0 fnt
|faint|p1a: BunnyGirlSenpai
|
|upkeep
|
|t:|1781345803
|switch|p1a: ⚡️|Raging Bolt|100/100
|-damage|p1a: ⚡️|88/100|[from] Stealth Rock
|turn|6
|
|t:|1781345807
|move|p1a: ⚡️|Thunderclap||[still]
|-fail|p1a: ⚡️
|move|p2a: Iron Valiant|Calm Mind|p2a: Iron Valiant
|-boost|p2a: Iron Valiant|spa|1
|-boost|p2a: Iron Valiant|spd|1
|
|-heal|p1a: ⚡️|94/100|[from] item: Leftovers
|upkeep
|turn|7
|
|t:|1781345811
|move|p1a: ⚡️|Thunderclap||[still]
|-fail|p1a: ⚡️
|move|p2a: Iron Valiant|Calm Mind|p2a: Iron Valiant
|-boost|p2a: Iron Valiant|spa|1
|-boost|p2a: Iron Valiant|spd|1
|
|-heal|p1a: ⚡️|99/100|[from] item: Leftovers
|upkeep
|turn|8
|
|t:|1781345820
|move|p1a: ⚡️|Thunderclap||[still]
|-fail|p1a: ⚡️
|move|p2a: Iron Valiant|Calm Mind|p2a: Iron Valiant
|-boost|p2a: Iron Valiant|spa|1
|-boost|p2a: Iron Valiant|spd|1
|
|-heal|p1a: ⚡️|100/100|[from] item: Leftovers
|upkeep
|turn|9
|
|t:|1781345824
|move|p1a: ⚡️|Thunderclap||[still]
|-fail|p1a: ⚡️
|move|p2a: Iron Valiant|Calm Mind|p2a: Iron Valiant
|-boost|p2a: Iron Valiant|spa|1
|-boost|p2a: Iron Valiant|spd|1
|
|upkeep
|turn|10
|
|t:|1781345826
|move|p2a: Iron Valiant|Moonblast|p1a: ⚡️
|-supereffective|p1a: ⚡️
|-damage|p1a: ⚡️|0 fnt
|faint|p1a: ⚡️
|-end|p1a: ⚡️|Protosynthesis|[silent]
|
|upkeep
|
|t:|1781345831
|switch|p1a: Hero|Iron Valiant|100/100
|-damage|p1a: Hero|94/100|[from] Stealth Rock
|-enditem|p1a: Hero|Booster Energy
|-activate|p1a: Hero|ability: Quark Drive|[fromitem]
|-start|p1a: Hero|quarkdrivespe
|turn|11
|
|t:|1781345834
|move|p1a: Hero|Moonblast|p2a: Iron Valiant
|-supereffective|p2a: Iron Valiant
|-damage|p2a: Iron Valiant|0 fnt
|faint|p2a: Iron Valiant
|-end|p2a: Iron Valiant|Quark Drive|[silent]
|
|upkeep
|
|t:|1781345844
|switch|p2a: Iron Crown|Iron Crown|100/100
|-damage|p2a: Iron Crown|94/100|[from] Stealth Rock
|turn|12
|
|t:|1781345853
|-end|p1a: Hero|Quark Drive|[silent]
|switch|p1a: 🎭|Ogerpon-Wellspring, F|100/100
|-damage|p1a: 🎭|88/100|[from] Stealth Rock
|move|p2a: Iron Crown|Agility|p2a: Iron Crown
|-boost|p2a: Iron Crown|spe|2
|
|upkeep
|turn|13
|
|t:|1781345858
|move|p2a: Iron Crown|Focus Blast|p1a: 🎭
|-damage|p1a: 🎭|45/100
|-unboost|p1a: 🎭|spd|1
|move|p1a: 🎭|Encore|p2a: Iron Crown
|-start|p2a: Iron Crown|Encore
|
|upkeep
|turn|14
|
|t:|1781345863
|move|p2a: Iron Crown|Focus Blast|p1a: 🎭|[miss]
|-miss|p2a: Iron Crown|p1a: 🎭
|move|p1a: 🎭|Ivy Cudgel|p2a: Iron Crown|[anim] Ivy Cudgel Water
|-damage|p2a: Iron Crown|38/100
|
|upkeep
|turn|15
|
|t:|1781345866
|move|p2a: Iron Crown|Focus Blast|p1a: 🎭|[miss]
|-miss|p2a: Iron Crown|p1a: 🎭
|move|p1a: 🎭|Ivy Cudgel|p2a: Iron Crown|[anim] Ivy Cudgel Water
|-damage|p2a: Iron Crown|0 fnt
|faint|p2a: Iron Crown
|-end|p2a: Iron Crown|Quark Drive|[silent]
|
|upkeep
|c|☆moocowvin|wow
|
|t:|1781345879
|switch|p2a: Kommo-o|Kommo-o, F|100/100
|-damage|p2a: Kommo-o|94/100|[from] Stealth Rock
|turn|16
|
|t:|1781345889
|move|p1a: 🎭|Knock Off|p2a: Kommo-o
|-resisted|p2a: Kommo-o
|-damage|p2a: Kommo-o|78/100
|-enditem|p2a: Kommo-o|Salac Berry|[from] move: Knock Off|[of] p1a: 🎭
|move|p2a: Kommo-o|Substitute|p2a: Kommo-o
|-start|p2a: Kommo-o|Substitute
|-damage|p2a: Kommo-o|53/100
|
|upkeep
|turn|17
|
|t:|1781345902
|move|p1a: 🎭|Encore|p2a: Kommo-o
|-start|p2a: Kommo-o|Encore
|move|p2a: Kommo-o|Substitute|p2a: Kommo-o
|-fail|p2a: Kommo-o|move: Substitute
|
|upkeep
|turn|18
|
|t:|1781345904
|move|p1a: 🎭|Ivy Cudgel|p2a: Kommo-o|[anim] Ivy Cudgel Water
|-resisted|p2a: Kommo-o
|-activate|p2a: Kommo-o|move: Substitute|[damage]
|move|p2a: Kommo-o|Substitute|p2a: Kommo-o
|-fail|p2a: Kommo-o|move: Substitute
|
|upkeep
|turn|19
|
|t:|1781345906
|move|p1a: 🎭|Ivy Cudgel|p2a: Kommo-o|[anim] Ivy Cudgel Water
|-resisted|p2a: Kommo-o
|-end|p2a: Kommo-o|Substitute
|move|p2a: Kommo-o|Substitute|p2a: Kommo-o
|-start|p2a: Kommo-o|Substitute
|-damage|p2a: Kommo-o|28/100
|
|-end|p2a: Kommo-o|Encore
|upkeep
|turn|20
|
|t:|1781345911
|move|p1a: 🎭|Encore|p2a: Kommo-o
|-start|p2a: Kommo-o|Encore
|move|p2a: Kommo-o|Substitute|p2a: Kommo-o
|-fail|p2a: Kommo-o|move: Substitute
|
|upkeep
|turn|21
|
|t:|1781345913
|move|p1a: 🎭|Ivy Cudgel|p2a: Kommo-o|[anim] Ivy Cudgel Water
|-resisted|p2a: Kommo-o
|-activate|p2a: Kommo-o|move: Substitute|[damage]
|move|p2a: Kommo-o|Substitute|p2a: Kommo-o
|-fail|p2a: Kommo-o|move: Substitute
|
|upkeep
|turn|22
|
|t:|1781345915
|move|p1a: 🎭|Ivy Cudgel|p2a: Kommo-o|[anim] Ivy Cudgel Water
|-resisted|p2a: Kommo-o
|-end|p2a: Kommo-o|Substitute
|move|p2a: Kommo-o|Substitute|p2a: Kommo-o
|-start|p2a: Kommo-o|Substitute
|-damage|p2a: Kommo-o|3/100
|
|-end|p2a: Kommo-o|Encore
|upkeep
|turn|23
|
|t:|1781345918
|move|p1a: 🎭|Encore|p2a: Kommo-o
|-start|p2a: Kommo-o|Encore
|move|p2a: Kommo-o|Substitute|p2a: Kommo-o
|-fail|p2a: Kommo-o|move: Substitute
|
|upkeep
|turn|24
|
|t:|1781345920
|move|p1a: 🎭|Ivy Cudgel|p2a: Kommo-o|[anim] Ivy Cudgel Water
|-resisted|p2a: Kommo-o
|-activate|p2a: Kommo-o|move: Substitute|[damage]
|move|p2a: Kommo-o|Substitute|p2a: Kommo-o
|-fail|p2a: Kommo-o|move: Substitute
|
|upkeep
|turn|25
|
|t:|1781345923
|move|p1a: 🎭|Ivy Cudgel|p2a: Kommo-o|[anim] Ivy Cudgel Water
|-resisted|p2a: Kommo-o
|-end|p2a: Kommo-o|Substitute
|move|p2a: Kommo-o|Substitute|p2a: Kommo-o
|-fail|p2a: Kommo-o|move: Substitute|[weak]
|
|-end|p2a: Kommo-o|Encore
|upkeep
|turn|26
|
|t:|1781345926
|move|p1a: 🎭|Ivy Cudgel|p2a: Kommo-o|[anim] Ivy Cudgel Water
|-resisted|p2a: Kommo-o
|-damage|p2a: Kommo-o|0 fnt
|faint|p2a: Kommo-o
|
|upkeep
|
|t:|1781345932
|switch|p2a: Kyurem|Kyurem|100/100
|-damage|p2a: Kyurem|76/100|[from] Stealth Rock
|-ability|p2a: Kyurem|Pressure
|turn|27
|
|t:|1781345944
|move|p1a: 🎭|Knock Off|p2a: Kyurem
|-damage|p2a: Kyurem|38/100
|-enditem|p2a: Kyurem|Loaded Dice|[from] move: Knock Off|[of] p1a: 🎭
|move|p2a: Kyurem|Icicle Spear|p1a: 🎭
|-damage|p1a: 🎭|27/100
|-damage|p1a: 🎭|11/100
|-damage|p1a: 🎭|0 fnt
|faint|p1a: 🎭
|-hitcount|p1: 🎭|3
|
|upkeep
|
|t:|1781345951
|switch|p1a: Hero|Iron Valiant|94/100
|-damage|p1a: Hero|88/100|[from] Stealth Rock
|turn|28
|
|t:|1781345956
|move|p1a: Hero|Moonblast|p2a: Kyurem
|-supereffective|p2a: Kyurem
|-damage|p2a: Kyurem|0 fnt
|faint|p2a: Kyurem
|
|upkeep
|
|t:|1781345958
|switch|p2a: Kingambit|Kingambit, F|100/100
|-damage|p2a: Kingambit|94/100|[from] Stealth Rock
|-activate|p2a: Kingambit|ability: Supreme Overlord
|-start|p2a: Kingambit|fallen5|[silent]
|turn|29
|
|t:|1781345966
|-terastallize|p2a: Kingambit|Ghost
|move|p1a: Hero|Moonblast|p2a: Kingambit
|-damage|p2a: Kingambit|44/100
|move|p2a: Kingambit|Iron Head|p1a: Hero
|-supereffective|p1a: Hero
|-damage|p1a: Hero|0 fnt
|faint|p1a: Hero
|-end|p1a: Hero|Quark Drive|[silent]
|
|upkeep
|
|t:|1781345969
|switch|p1a: Aizen🗡️|Kingambit, M, shiny|100/100
|-damage|p1a: Aizen🗡️|94/100|[from] Stealth Rock
|-activate|p1a: Aizen🗡️|ability: Supreme Overlord
|-start|p1a: Aizen🗡️|fallen5|[silent]
|turn|30
|
|t:|1781345972
|move|p1a: Aizen🗡️|Sucker Punch|p2a: Kingambit
|-supereffective|p2a: Kingambit
|-damage|p2a: Kingambit|0 fnt
|faint|p2a: Kingambit
|-end|p2a: Kingambit|fallen5|[silent]
|
|win|BlackStar150520
|raw|BlackStar150520's rating: 1735 &rarr; <strong>1747</strong><br />(+12 for winning)
|raw|moocowvin's rating: 1596 &rarr; <strong>1584</strong><br />(-12 for losing)
|c|☆moocowvin|3 misses
|c|☆moocowvin|in a row
|c|☆moocowvin|:(
