|j|☆rrbrru
|j|☆Dat boii fam
|t:|1781506015
|gametype|singles
|player|p1|rrbrru|1|1618
|player|p2|Dat boii fam|li|1606
|gen|9
|tier|[Gen 9] OU
|rated|
|rule|HP Percentage Mod: HP is shown in percentages
|rule|Endless Battle Clause: Forcing endless battles is banned
|rule|Species Clause: Limit one of each Pokémon
|rule|OHKO Clause: OHKO moves are banned
|rule|Evasion Items Clause: Evasion items are banned
|rule|Evasion Moves Clause: Evasion moves are banned
|rule|Evasion Abilities Clause: Evasion abilities are banned
|rule|Sleep Moves Clause: Sleep-inducing moves are banned
|clearpoke
|poke|p1|Tyranitar, F|
|poke|p1|Excadrill, F|
|poke|p1|Hydrapple, M|
|poke|p1|Tornadus-Therian, M|
|poke|p1|Alomomola, F|
|poke|p1|Houndstone, M|
|poke|p2|Alomomola, M|
|poke|p2|Landorus-Therian, M|
|poke|p2|Zapdos|
|poke|p2|Tornadus-Therian, M|
|poke|p2|Scizor, F|
|poke|p2|Amoonguss, M|
|teampreview
|
|t:|1781506019
|teamsize|p1|6
|teamsize|p2|6
|start
|switch|p1a: Crocodile|Tyranitar, F|100/100
|switch|p2a: Landorus|Landorus-Therian, M|100/100
|-ability|p2a: Landorus|Intimidate|boost
|-unboost|p1a: Crocodile|atk|1
|-weather|Sandstorm|[from] ability: Sand Stream|[of] p1a: Crocodile
|turn|1
|inactive|Battle timer is ON: inactive players will automatically lose when time's up. (requested by Dat boii fam)
|
|t:|1781506027
|switch|p1a: Ryuma|Houndstone, M|100/100
|move|p2a: Landorus|Brick Break|p1a: Ryuma
|-immune|p1a: Ryuma
|
|-weather|Sandstorm|[upkeep]
|upkeep
|turn|2
|
|t:|1781506038
|switch|p2a: Alomomola|Alomomola, M|100/100
|move|p1a: Ryuma|Will-O-Wisp|p2a: Alomomola|[miss]
|-miss|p1a: Ryuma|p2a: Alomomola
|
|-weather|Sandstorm|[upkeep]
|-damage|p2a: Alomomola|94/100|[from] Sandstorm
|upkeep
|turn|3
|
|t:|1781506045
|move|p1a: Ryuma|Will-O-Wisp|p2a: Alomomola
|-status|p2a: Alomomola|brn
|move|p2a: Alomomola|Flip Turn|p1a: Ryuma
|-damage|p1a: Ryuma|91/100
|
|t:|1781506056
|switch|p2a: Tornadus|Tornadus-Therian, M|100/100|[from] Flip Turn
|
|-weather|Sandstorm|[upkeep]
|-damage|p2a: Tornadus|94/100|[from] Sandstorm
|upkeep
|turn|4
|
|t:|1781506066
|switch|p1a: Big Mom|Alomomola, F|100/100
|move|p2a: Tornadus|Dark Pulse|p1a: Big Mom
|-damage|p1a: Big Mom|79/100
|
|-weather|Sandstorm|[upkeep]
|-damage|p2a: Tornadus|88/100|[from] Sandstorm
|-damage|p1a: Big Mom|73/100|[from] Sandstorm
|upkeep
|turn|5
|
|t:|1781506075
|move|p1a: Big Mom|Protect|p1a: Big Mom
|-singleturn|p1a: Big Mom|Protect
|move|p2a: Tornadus|Nasty Plot|p2a: Tornadus
|-boost|p2a: Tornadus|spa|2
|
|-weather|none
|upkeep
|turn|6
|
|t:|1781506082
|switch|p1a: Crocodile|Tyranitar, F|100/100
|-weather|Sandstorm|[from] ability: Sand Stream|[of] p1a: Crocodile
|move|p2a: Tornadus|Nasty Plot|p2a: Tornadus
|-boost|p2a: Tornadus|spa|2
|
|-weather|Sandstorm|[upkeep]
|-damage|p2a: Tornadus|82/100|[from] Sandstorm
|upkeep
|turn|7
|
|t:|1781506090
|move|p2a: Tornadus|Focus Blast|p1a: Crocodile|[miss]
|-miss|p2a: Tornadus|p1a: Crocodile
|move|p1a: Crocodile|Knock Off|p2a: Tornadus
|-damage|p2a: Tornadus|24/100
|-enditem|p2a: Tornadus|Heavy-Duty Boots|[from] move: Knock Off|[of] p1a: Crocodile
|
|-weather|Sandstorm|[upkeep]
|-damage|p2a: Tornadus|18/100|[from] Sandstorm
|upkeep
|turn|8
|
|t:|1781506100
|switch|p1a: Marco|Tornadus-Therian, M|100/100
|move|p2a: Tornadus|Dark Pulse|p1a: Marco
|-damage|p1a: Marco|22/100
|
|-weather|Sandstorm|[upkeep]
|-damage|p1a: Marco|16/100|[from] Sandstorm
|-damage|p2a: Tornadus|12/100|[from] Sandstorm
|upkeep
|turn|9
|
|t:|1781506109
|switch|p2a: Zapdos|Zapdos|100/100
|move|p1a: Marco|Knock Off|p2a: Zapdos
|-damage|p2a: Zapdos|81/100
|-status|p1a: Marco|par|[from] ability: Static|[of] p2a: Zapdos
|-enditem|p2a: Zapdos|Heavy-Duty Boots|[from] move: Knock Off|[of] p1a: Marco
|
|-weather|Sandstorm|[upkeep]
|-damage|p2a: Zapdos|75/100|[from] Sandstorm
|-damage|p1a: Marco|9/100 par|[from] Sandstorm
|upkeep
|turn|10
|
|t:|1781506120
|switch|p1a: Mr. 1|Excadrill, F|100/100
|move|p2a: Zapdos|Hurricane|p1a: Mr. 1
|-resisted|p1a: Mr. 1
|-damage|p1a: Mr. 1|58/100
|
|-weather|none
|-heal|p1a: Mr. 1|64/100|[from] item: Leftovers
|upkeep
|turn|11
|
|t:|1781506128
|switch|p1a: Crocodile|Tyranitar, F|100/100
|-weather|Sandstorm|[from] ability: Sand Stream|[of] p1a: Crocodile
|switch|p2a: Alomomola|Alomomola, M|100/100 brn
|
|-weather|Sandstorm|[upkeep]
|-damage|p2a: Alomomola|94/100 brn|[from] Sandstorm
|-damage|p2a: Alomomola|88/100 brn|[from] brn
|upkeep
|turn|12
|
|t:|1781506137
|move|p1a: Crocodile|Stealth Rock|p2a: Alomomola
|-sidestart|p2: Dat boii fam|move: Stealth Rock
|move|p2a: Alomomola|Flip Turn|p1a: Crocodile
|-supereffective|p1a: Crocodile
|-damage|p1a: Crocodile|86/100
|
|t:|1781506143
|switch|p2a: Tornadus|Tornadus-Therian, M|45/100|[from] Flip Turn
|-damage|p2a: Tornadus|20/100|[from] Stealth Rock
|
|-weather|Sandstorm|[upkeep]
|-damage|p2a: Tornadus|14/100|[from] Sandstorm
|-heal|p1a: Crocodile|93/100|[from] item: Leftovers
|upkeep
|turn|13
|
|t:|1781506150
|move|p2a: Tornadus|Focus Blast|p1a: Crocodile
|-supereffective|p1a: Crocodile
|-damage|p1a: Crocodile|26/100
|move|p1a: Crocodile|Ice Beam|p2a: Tornadus
|-supereffective|p2a: Tornadus
|-crit|p2a: Tornadus
|-damage|p2a: Tornadus|0 fnt
|faint|p2a: Tornadus
|
|-weather|Sandstorm|[upkeep]
|-heal|p1a: Crocodile|32/100|[from] item: Leftovers
|upkeep
|
|t:|1781506160
|switch|p2a: Scizor|Scizor, F|100/100
|turn|14
|
|t:|1781506173
|switch|p1a: Big Mom|Alomomola, F|100/100
|move|p2a: Scizor|Knock Off|p1a: Big Mom
|-damage|p1a: Big Mom|82/100
|-enditem|p1a: Big Mom|Heavy-Duty Boots|[from] move: Knock Off|[of] p2a: Scizor
|
|-weather|Sandstorm|[upkeep]
|-damage|p1a: Big Mom|76/100|[from] Sandstorm
|upkeep
|turn|15
|
|t:|1781506181
|move|p2a: Scizor|U-turn|p1a: Big Mom
|-damage|p1a: Big Mom|56/100
|
|t:|1781506184
|switch|p2a: Zapdos|Zapdos|75/100|[from] U-turn
|-damage|p2a: Zapdos|50/100|[from] Stealth Rock
|move|p1a: Big Mom|Scald|p2a: Zapdos
|-damage|p2a: Zapdos|37/100
|
|-weather|none
|upkeep
|turn|16
|
|t:|1781506195
|switch|p1a: Crocodile|Tyranitar, F|32/100
|-weather|Sandstorm|[from] ability: Sand Stream|[of] p1a: Crocodile
|move|p2a: Zapdos|Roost|p2a: Zapdos
|-heal|p2a: Zapdos|87/100
|-singleturn|p2a: Zapdos|move: Roost
|
|-weather|Sandstorm|[upkeep]
|-damage|p2a: Zapdos|80/100|[from] Sandstorm
|-heal|p1a: Crocodile|38/100|[from] item: Leftovers
|upkeep
|turn|17
|j| DA COME UP
|
|t:|1781506220
|switch|p2a: Alomomola|Alomomola, M|100/100 brn
|switch|p1a: Mr. 1|Excadrill, F|64/100
|
|-weather|Sandstorm|[upkeep]
|-damage|p2a: Alomomola|94/100 brn|[from] Sandstorm
|-heal|p1a: Mr. 1|70/100|[from] item: Leftovers
|-damage|p2a: Alomomola|88/100 brn|[from] brn
|upkeep
|turn|18
|
|t:|1781506229
|move|p1a: Mr. 1|Substitute|p1a: Mr. 1
|-start|p1a: Mr. 1|Substitute
|-damage|p1a: Mr. 1|45/100
|move|p2a: Alomomola|Flip Turn|p1a: Mr. 1
|-supereffective|p1a: Mr. 1
|-activate|p1a: Mr. 1|move: Substitute|[damage]
|
|t:|1781506238
|switch|p2a: Amoonguss|Amoonguss, M|100/100|[from] Flip Turn
|-damage|p2a: Amoonguss|88/100|[from] Stealth Rock
|
|-weather|Sandstorm|[upkeep]
|-damage|p2a: Amoonguss|82/100|[from] Sandstorm
|-heal|p1a: Mr. 1|51/100|[from] item: Leftovers
|upkeep
|turn|19
|
|t:|1781506245
|-terastallize|p1a: Mr. 1|Ground
|move|p1a: Mr. 1|Earthquake|p2a: Amoonguss
|-damage|p2a: Amoonguss|23/100
|move|p2a: Amoonguss|Giga Drain|p1a: Mr. 1
|-supereffective|p1a: Mr. 1
|-end|p1a: Mr. 1|Substitute
|-heal|p2a: Amoonguss|24/100|[from] drain|[of] p1a: Mr. 1
|
|-weather|Sandstorm|[upkeep]
|-damage|p2a: Amoonguss|18/100|[from] Sandstorm
|-heal|p1a: Mr. 1|58/100|[from] item: Leftovers
|upkeep
|turn|20
|
|t:|1781506256
|move|p1a: Mr. 1|Earthquake|p2a: Amoonguss
|-damage|p2a: Amoonguss|0 fnt
|faint|p2a: Amoonguss
|
|-weather|none
|-heal|p1a: Mr. 1|64/100|[from] item: Leftovers
|upkeep
|
|t:|1781506263
|switch|p2a: Landorus|Landorus-Therian, M|100/100
|-damage|p2a: Landorus|88/100|[from] Stealth Rock
|-ability|p2a: Landorus|Intimidate|boost
|-unboost|p1a: Mr. 1|atk|1
|turn|21
|
|t:|1781506270
|switch|p1a: Queen|Hydrapple, M|100/100
|move|p2a: Landorus|U-turn|p1a: Queen
|-supereffective|p1a: Queen
|-damage|p1a: Queen|60/100
|
|t:|1781506275
|switch|p2a: Scizor|Scizor, F|100/100|[from] U-turn
|
|upkeep
|turn|22
|
|t:|1781506283
|switch|p1a: Big Mom|Alomomola, F|90/100
|move|p2a: Scizor|U-turn|p1a: Big Mom
|-damage|p1a: Big Mom|68/100
|
|t:|1781506289
|switch|p2a: Zapdos|Zapdos|80/100|[from] U-turn
|-damage|p2a: Zapdos|55/100|[from] Stealth Rock
|
|upkeep
|turn|23
|
|t:|1781506293
|switch|p1a: Crocodile|Tyranitar, F|38/100
|-weather|Sandstorm|[from] ability: Sand Stream|[of] p1a: Crocodile
|move|p2a: Zapdos|Hurricane|p1a: Crocodile|[miss]
|-miss|p2a: Zapdos|p1a: Crocodile
|
|-weather|Sandstorm|[upkeep]
|-damage|p2a: Zapdos|49/100|[from] Sandstorm
|-heal|p1a: Crocodile|45/100|[from] item: Leftovers
|upkeep
|turn|24
|-message|Dat boii fam forfeited.
|
|win|rrbrru
|raw|rrbrru's rating: 1618 &rarr; <strong>1637</strong><br />(+19 for winning)
|raw|Dat boii fam's rating: 1606 &rarr; <strong>1587</strong><br />(-19 for losing)
|l|☆Dat boii fam
|player|p2|
|l|☆rrbrru
|player|p1|
