|j|☆The real kurt tay
|j|☆runningdan
|t:|1781326552
|gametype|singles
|player|p1|The real kurt tay|265|1610
|player|p2|runningdan|266|1628
|gen|9
|tier|[Gen 9] OU
|rated|
|rule|HP Percentage Mod: HP is shown in percentages
|rule|Endless Battle Clause: Forcing endless battles is banned
|rule|Species Clause: Limit one of each Pokémon
|rule|OHKO Clause: OHKO moves are banned
|rule|Evasion Items Clause: Evasion items are banned
|rule|Evasion Moves Clause: Evasion moves are banned
|rule|Evasion Abilities Clause: Evasion abilities are banned
|rule|Sleep Moves Clause: Sleep-inducing moves are banned
|clearpoke
|poke|p1|Garganacl, M|
|poke|p1|Raging Bolt|
|poke|p1|Gliscor, M|
|poke|p1|Ceruledge, M|
|poke|p1|Gholdengo|
|poke|p1|Samurott-Hisui, M|
|poke|p2|Great Tusk|
|poke|p2|Ninetales-Alola, F|
|poke|p2|Darkrai|
|poke|p2|Slowking-Galar, F|
|poke|p2|Dragapult, F|
|poke|p2|Gliscor, M|
|teampreview
|inactive|Battle timer is ON: inactive players will automatically lose when time's up. (requested by runningdan)
|
|t:|1781326562
|teamsize|p1|6
|teamsize|p2|6
|start
|switch|p1a: Gholdengo|Gholdengo|100/100
|switch|p2a: Darkrai|Darkrai|100/100
|turn|1
|
|t:|1781326568
|switch|p1a: Samurott|Samurott-Hisui, M|100/100
|move|p2a: Darkrai|Dark Pulse|p1a: Samurott
|-resisted|p1a: Samurott
|-damage|p1a: Samurott|71/100
|
|upkeep
|turn|2
|
|t:|1781326578
|move|p2a: Darkrai|Focus Blast|p1a: Samurott
|-supereffective|p1a: Samurott
|-damage|p1a: Samurott|0 fnt
|faint|p1a: Samurott
|
|upkeep
|
|t:|1781326584
|switch|p1a: Raging Bolt|Raging Bolt|100/100
|turn|3
|
|t:|1781326597
|switch|p2a: Ninetales|Ninetales-Alola, F|100/100
|-weather|Snowscape|[from] ability: Snow Warning|[of] p2a: Ninetales
|move|p1a: Raging Bolt|Dragon Pulse|p2a: Ninetales
|-immune|p2a: Ninetales
|
|-weather|Snowscape|[upkeep]
|upkeep
|turn|4
|
|t:|1781326602
|-end|p1a: Raging Bolt|Protosynthesis|[silent]
|switch|p1a: Darius|Garganacl, M|100/100
|move|p2a: Ninetales|Aurora Veil|p2a: Ninetales
|-sidestart|p2: runningdan|move: Aurora Veil
|
|-weather|Snowscape|[upkeep]
|upkeep
|turn|5
|
|t:|1781326610
|switch|p2a: Darkrai|Darkrai|100/100
|move|p1a: Darius|Stealth Rock|p2a: Darkrai
|-sidestart|p2: runningdan|move: Stealth Rock
|
|-weather|Snowscape|[upkeep]
|upkeep
|turn|6
|
|t:|1781326614
|move|p2a: Darkrai|Nasty Plot|p2a: Darkrai
|-boost|p2a: Darkrai|spa|2
|move|p1a: Darius|Salt Cure|p2a: Darkrai
|-damage|p2a: Darkrai|92/100
|-start|p2a: Darkrai|Salt Cure
|
|-weather|Snowscape|[upkeep]
|-heal|p2a: Darkrai|98/100|[from] item: Leftovers
|-damage|p2a: Darkrai|86/100|[from] Salt Cure
|upkeep
|turn|7
|
|t:|1781326626
|switch|p1a: Raging Bolt|Raging Bolt|100/100
|move|p2a: Darkrai|Nasty Plot|p2a: Darkrai
|-boost|p2a: Darkrai|spa|2
|
|-weather|none
|-heal|p2a: Darkrai|92/100|[from] item: Leftovers
|-damage|p2a: Darkrai|79/100|[from] Salt Cure
|upkeep
|turn|8
|
|t:|1781326632
|move|p2a: Darkrai|Dark Pulse|p1a: Raging Bolt
|-damage|p1a: Raging Bolt|21/100
|move|p1a: Raging Bolt|Draco Meteor|p2a: Darkrai
|-damage|p2a: Darkrai|25/100
|-unboost|p1a: Raging Bolt|spa|2
|
|-heal|p2a: Darkrai|31/100|[from] item: Leftovers
|-damage|p2a: Darkrai|19/100|[from] Salt Cure
|upkeep
|turn|9
|
|t:|1781326639
|move|p2a: Darkrai|Dark Pulse|p1a: Raging Bolt
|-damage|p1a: Raging Bolt|0 fnt
|faint|p1a: Raging Bolt
|-end|p1a: Raging Bolt|Protosynthesis|[silent]
|
|-heal|p2a: Darkrai|25/100|[from] item: Leftovers
|-damage|p2a: Darkrai|12/100|[from] Salt Cure
|upkeep
|
|t:|1781326645
|switch|p1a: Darius|Garganacl, M|100/100
|turn|10
|
|t:|1781326652
|move|p1a: Darius|Protect|p1a: Darius
|-singleturn|p1a: Darius|Protect
|move|p2a: Darkrai|Dark Pulse|p1a: Darius
|-activate|p1a: Darius|move: Protect
|
|-heal|p2a: Darkrai|18/100|[from] item: Leftovers
|-damage|p2a: Darkrai|6/100|[from] Salt Cure
|upkeep
|turn|11
|
|t:|1781326657
|switch|p1a: Gholdengo|Gholdengo|100/100
|move|p2a: Darkrai|Dark Pulse|p1a: Gholdengo
|-supereffective|p1a: Gholdengo
|-damage|p1a: Gholdengo|0 fnt
|faint|p1a: Gholdengo
|
|-heal|p2a: Darkrai|12/100|[from] item: Leftovers
|-damage|p2a: Darkrai|0 fnt|[from] Salt Cure
|faint|p2a: Darkrai
|-sideend|p2: runningdan|move: Aurora Veil
|upkeep
|
|t:|1781326666
|switch|p2a: Slowking|Slowking-Galar, F|100/100
|switch|p1a: Ceruledge|Ceruledge, M|100/100
|-item|p1a: Ceruledge|Air Balloon
|-damage|p2a: Slowking|88/100|[from] Stealth Rock
|turn|12
|
|t:|1781326678
|switch|p2a: Gliscor|Gliscor, M|100/100
|-damage|p2a: Gliscor|88/100|[from] Stealth Rock
|move|p1a: Ceruledge|Poltergeist|p2a: Gliscor
|-activate|p2a: Gliscor|move: Poltergeist|Toxic Orb
|-damage|p2a: Gliscor|51/100
|
|-status|p2a: Gliscor|tox|[from] item: Toxic Orb
|upkeep
|turn|13
|
|t:|1781326686
|move|p1a: Ceruledge|Swords Dance|p1a: Ceruledge
|-boost|p1a: Ceruledge|atk|2
|move|p2a: Gliscor|Toxic|p1a: Ceruledge
|-status|p1a: Ceruledge|tox
|
|-damage|p1a: Ceruledge|94/100 tox|[from] psn
|-heal|p2a: Gliscor|64/100 tox|[from] ability: Poison Heal
|upkeep
|turn|14
|j| Mega Delibird X
|
|t:|1781326692
|move|p1a: Ceruledge|Poltergeist|p2a: Gliscor
|-activate|p2a: Gliscor|move: Poltergeist|Toxic Orb
|-damage|p2a: Gliscor|0 fnt
|faint|p2a: Gliscor
|
|-damage|p1a: Ceruledge|82/100 tox|[from] psn
|upkeep
|
|t:|1781326695
|switch|p2a: Dragapult|Dragapult, F|100/100
|-damage|p2a: Dragapult|88/100|[from] Stealth Rock
|turn|15
|
|t:|1781326709
|switch|p1a: Darius|Garganacl, M|100/100
|move|p2a: Dragapult|Shadow Ball|p1a: Darius
|-damage|p1a: Darius|83/100
|
|-heal|p1a: Darius|89/100|[from] item: Leftovers
|upkeep
|turn|16
|
|t:|1781326716
|switch|p2a: Slowking|Slowking-Galar, F|100/100
|-damage|p2a: Slowking|88/100|[from] Stealth Rock
|move|p1a: Darius|Salt Cure|p2a: Slowking
|-damage|p2a: Slowking|74/100
|-start|p2a: Slowking|Salt Cure
|
|-heal|p1a: Darius|95/100|[from] item: Leftovers
|-heal|p2a: Slowking|80/100|[from] item: Leftovers
|-damage|p2a: Slowking|68/100|[from] Salt Cure
|upkeep
|turn|17
|
|t:|1781326721
|switch|p1a: Gliscor|Gliscor, M|100/100
|move|p2a: Slowking|Future Sight|p1a: Gliscor
|-start|p2a: Slowking|move: Future Sight
|
|-heal|p2a: Slowking|74/100|[from] item: Leftovers
|-damage|p2a: Slowking|62/100|[from] Salt Cure
|-status|p1a: Gliscor|tox|[from] item: Toxic Orb
|upkeep
|turn|18
|
|t:|1781326732
|switch|p2a: Great Tusk|Great Tusk|100/100
|-damage|p2a: Great Tusk|98/100|[from] Stealth Rock
|move|p1a: Gliscor|Knock Off|p2a: Great Tusk
|-resisted|p2a: Great Tusk
|-damage|p2a: Great Tusk|93/100
|-enditem|p2a: Great Tusk|Leftovers|[from] move: Knock Off|[of] p1a: Gliscor
|
|upkeep
|turn|19
|
|t:|1781326736
|switch|p1a: Ceruledge|Ceruledge, M|82/100 tox
|-item|p1a: Ceruledge|Air Balloon
|-terastallize|p2a: Great Tusk|Poison
|move|p2a: Great Tusk|Bulk Up|p2a: Great Tusk
|-boost|p2a: Great Tusk|atk|1
|-boost|p2a: Great Tusk|def|1
|
|-end|p1a: Ceruledge|move: Future Sight
|-damage|p1a: Ceruledge|23/100 tox
|-enditem|p1a: Ceruledge|Air Balloon
|-damage|p1a: Ceruledge|17/100 tox|[from] psn
|upkeep
|turn|20
|
|t:|1781326742
|move|p1a: Ceruledge|Destiny Bond|p1a: Ceruledge
|-singlemove|p1a: Ceruledge|Destiny Bond
|move|p2a: Great Tusk|Earthquake|p1a: Ceruledge
|-supereffective|p1a: Ceruledge
|-damage|p1a: Ceruledge|0 fnt
|faint|p1a: Ceruledge
|-activate|p1a: Ceruledge|move: Destiny Bond
|faint|p2a: Great Tusk
|-end|p2a: Great Tusk|Protosynthesis|[silent]
|
|upkeep
|
|t:|1781326769
|switch|p1a: Darius|Garganacl, M|95/100
|switch|p2a: Slowking|Slowking-Galar, F|95/100
|-damage|p2a: Slowking|82/100|[from] Stealth Rock
|turn|21
|
|t:|1781326776
|move|p1a: Darius|Salt Cure|p2a: Slowking
|-damage|p2a: Slowking|68/100
|-start|p2a: Slowking|Salt Cure
|move|p2a: Slowking|Future Sight|p1a: Darius
|-start|p2a: Slowking|move: Future Sight
|
|-heal|p1a: Darius|100/100|[from] item: Leftovers
|-heal|p2a: Slowking|74/100|[from] item: Leftovers
|-damage|p2a: Slowking|62/100|[from] Salt Cure
|upkeep
|turn|22
|
|t:|1781326786
|move|p1a: Darius|Salt Cure|p2a: Slowking
|-damage|p2a: Slowking|46/100
|-prepare|p2a: Slowking|Chilly Reception|[premajor]
|move|p2a: Slowking|Chilly Reception|p2a: Slowking
|-weather|Snowscape
|
|t:|1781326813
|switch|p2a: Ninetales|Ninetales-Alola, F|100/100|[from] Chilly Reception
|-damage|p2a: Ninetales|76/100|[from] Stealth Rock
|
|-weather|Snowscape|[upkeep]
|upkeep
|turn|23
|
|t:|1781326828
|move|p2a: Ninetales|Aurora Veil|p2a: Ninetales
|-sidestart|p2: runningdan|move: Aurora Veil
|move|p1a: Darius|Salt Cure|p2a: Ninetales
|-supereffective|p2a: Ninetales
|-damage|p2a: Ninetales|64/100
|-start|p2a: Ninetales|Salt Cure
|
|-weather|Snowscape|[upkeep]
|-end|p1a: Darius|move: Future Sight
|-damage|p1a: Darius|69/100
|-heal|p1a: Darius|75/100|[from] item: Leftovers
|-damage|p2a: Ninetales|52/100|[from] Salt Cure
|upkeep
|turn|24
|
|t:|1781326837
|move|p2a: Ninetales|Encore|p1a: Darius
|-start|p1a: Darius|Encore
|move|p1a: Darius|Salt Cure|p2a: Ninetales
|-supereffective|p2a: Ninetales
|-damage|p2a: Ninetales|40/100
|
|-weather|Snowscape|[upkeep]
|-heal|p1a: Darius|81/100|[from] item: Leftovers
|-damage|p2a: Ninetales|28/100|[from] Salt Cure
|upkeep
|turn|25
|
|t:|1781326842
|switch|p2a: Dragapult|Dragapult, F|88/100
|-damage|p2a: Dragapult|76/100|[from] Stealth Rock
|move|p1a: Darius|Salt Cure|p2a: Dragapult
|-damage|p2a: Dragapult|66/100
|-start|p2a: Dragapult|Salt Cure
|
|-weather|Snowscape|[upkeep]
|-heal|p1a: Darius|87/100|[from] item: Leftovers
|-damage|p2a: Dragapult|54/100|[from] Salt Cure
|upkeep
|turn|26
|
|t:|1781326846
|move|p2a: Dragapult|Draco Meteor|p1a: Darius
|-damage|p1a: Darius|31/100
|-unboost|p2a: Dragapult|spa|2
|move|p1a: Darius|Salt Cure|p2a: Dragapult
|-damage|p2a: Dragapult|45/100
|
|-weather|none
|-heal|p1a: Darius|37/100|[from] item: Leftovers
|-damage|p2a: Dragapult|33/100|[from] Salt Cure
|-end|p1a: Darius|Encore
|upkeep
|turn|27
|
|t:|1781326855
|switch|p2a: Slowking|Slowking-Galar, F|79/100
|-damage|p2a: Slowking|67/100|[from] Stealth Rock
|move|p1a: Darius|Recover|p1a: Darius
|-heal|p1a: Darius|87/100
|
|-heal|p1a: Darius|93/100|[from] item: Leftovers
|-heal|p2a: Slowking|73/100|[from] item: Leftovers
|upkeep
|turn|28
|c|☆runningdan|i hate garg
|-message|runningdan forfeited.
|
|win|The real kurt tay
|raw|The real kurt tay's rating: 1610 &rarr; <strong>1631</strong><br />(+21 for winning)
|raw|runningdan's rating: 1628 &rarr; <strong>1607</strong><br />(-21 for losing)
|l|☆runningdan
|player|p2|
|l|☆The real kurt tay
|player|p1|
