|j|☆XianTwa
|j|☆cenotaphs
|t:|1780921590
|gametype|singles
|player|p1|XianTwa|dawn|1565
|player|p2|cenotaphs|lady|1561
|gen|9
|tier|[Gen 9] OU
|rated|
|rule|HP Percentage Mod: HP is shown in percentages
|rule|Endless Battle Clause: Forcing endless battles is banned
|rule|Species Clause: Limit one of each Pokémon
|rule|OHKO Clause: OHKO moves are banned
|rule|Evasion Items Clause: Evasion items are banned
|rule|Evasion Moves Clause: Evasion moves are banned
|rule|Evasion Abilities Clause: Evasion abilities are banned
|rule|Sleep Moves Clause: Sleep-inducing moves are banned
|clearpoke
|poke|p1|Araquanid, F|
|poke|p1|Enamorus, F|
|poke|p1|Great Tusk|
|poke|p1|Gholdengo|
|poke|p1|Iron Moth|
|poke|p1|Quaquaval, F|
|poke|p2|Manaphy|
|poke|p2|Pelipper, M|
|poke|p2|Dragapult, M|
|poke|p2|Weezing-Galar, M|
|poke|p2|Kingambit, M|
|poke|p2|Raging Bolt|
|teampreview
|inactive|Battle timer is ON: inactive players will automatically lose when time's up. (requested by XianTwa)
|inactive|cenotaphs also wants the timer to be on.
|inactive|XianTwa has 120 seconds left.
|
|t:|1780921627
|teamsize|p1|6
|teamsize|p2|6
|start
|switch|p1a: Araquanid|Araquanid, F|100/100
|switch|p2a: (˶˃ ᵕ ˂˶)爱，太|Manaphy, shiny|100/100
|turn|1
|
|t:|1780921632
|move|p2a: (˶˃ ᵕ ˂˶)爱，太|Substitute|p2a: (˶˃ ᵕ ˂˶)爱，太
|-start|p2a: (˶˃ ᵕ ˂˶)爱，太|Substitute
|-damage|p2a: (˶˃ ᵕ ˂˶)爱，太|75/100
|move|p1a: Araquanid|Sticky Web|p2a: (˶˃ ᵕ ˂˶)爱，太
|-sidestart|p2: cenotaphs|move: Sticky Web
|
|-heal|p2a: (˶˃ ᵕ ˂˶)爱，太|82/100|[from] item: Leftovers
|upkeep
|turn|2
|
|t:|1780921638
|switch|p1a: Quaquaval|Quaquaval, F|100/100
|move|p2a: (˶˃ ᵕ ˂˶)爱，太|Tail Glow|p2a: (˶˃ ᵕ ˂˶)爱，太
|-boost|p2a: (˶˃ ᵕ ˂˶)爱，太|spa|3
|
|-heal|p2a: (˶˃ ᵕ ˂˶)爱，太|88/100|[from] item: Leftovers
|upkeep
|turn|3
|
|t:|1780921648
|move|p1a: Quaquaval|Aqua Step|p2a: (˶˃ ᵕ ˂˶)爱，太
|-resisted|p2a: (˶˃ ᵕ ˂˶)爱，太
|-activate|p2a: (˶˃ ᵕ ˂˶)爱，太|move: Substitute|[damage]
|-boost|p1a: Quaquaval|spe|1
|move|p2a: (˶˃ ᵕ ˂˶)爱，太|Energy Ball|p1a: Quaquaval
|-supereffective|p1a: Quaquaval
|-damage|p1a: Quaquaval|0 fnt
|faint|p1a: Quaquaval
|
|-heal|p2a: (˶˃ ᵕ ˂˶)爱，太|94/100|[from] item: Leftovers
|upkeep
|
|t:|1780921657
|switch|p1a: Iron Moth|Iron Moth|100/100
|-enditem|p1a: Iron Moth|Booster Energy
|-activate|p1a: Iron Moth|ability: Quark Drive|[fromitem]
|-start|p1a: Iron Moth|quarkdrivespa
|turn|4
|
|t:|1780921665
|-terastallize|p1a: Iron Moth|Grass
|move|p1a: Iron Moth|Sludge Wave|p2a: (˶˃ ᵕ ˂˶)爱，太
|-end|p2a: (˶˃ ᵕ ˂˶)爱，太|Substitute
|move|p2a: (˶˃ ᵕ ˂˶)爱，太|Scald|p1a: Iron Moth
|-resisted|p1a: Iron Moth
|-damage|p1a: Iron Moth|51/100
|
|-heal|p2a: (˶˃ ᵕ ˂˶)爱，太|99/100|[from] item: Leftovers
|upkeep
|turn|5
|
|t:|1780921681
|switch|p2a: 种族的݁ ˖Ი𐑼⋆|Pelipper, M, shiny|100/100
|-weather|RainDance|[from] ability: Drizzle|[of] p2a: 种族的݁ ˖Ი𐑼⋆
|move|p1a: Iron Moth|Energy Ball|p2a: 种族的݁ ˖Ი𐑼⋆
|-damage|p2a: 种族的݁ ˖Ი𐑼⋆|21/100
|
|-weather|RainDance|[upkeep]
|upkeep
|turn|6
|
|t:|1780921690
|switch|p2a: ₍^. .^₎⟆遭受|Dragapult, M, shiny|100/100
|move|p1a: Iron Moth|Fiery Dance|p2a: ₍^. .^₎⟆遭受
|-resisted|p2a: ₍^. .^₎⟆遭受
|-damage|p2a: ₍^. .^₎⟆遭受|82/100
|
|-weather|RainDance|[upkeep]
|upkeep
|turn|7
|
|t:|1780921696
|-end|p1a: Iron Moth|Quark Drive|[silent]
|switch|p1a: Enamorus|Enamorus, F|100/100
|move|p2a: ₍^. .^₎⟆遭受|Dragon Darts|p1a: Enamorus
|-immune|p1a: Enamorus
|
|-weather|RainDance|[upkeep]
|upkeep
|turn|8
|
|t:|1780921701
|switch|p2a: ≽^• ˕ • ྀི≼报酬|Weezing-Galar, M, shiny|100/100
|-ability|p2a: ≽^• ˕ • ྀི≼报酬|Neutralizing Gas
|move|p1a: Enamorus|Substitute|p1a: Enamorus
|-start|p1a: Enamorus|Substitute
|-damage|p1a: Enamorus|76/100
|
|-weather|RainDance|[upkeep]
|upkeep
|turn|9
|
|t:|1780921707
|move|p1a: Enamorus|Earth Power|p2a: ≽^• ˕ • ྀི≼报酬
|-supereffective|p2a: ≽^• ˕ • ྀི≼报酬
|-damage|p2a: ≽^• ˕ • ྀི≼报酬|0 fnt
|faint|p2a: ≽^• ˕ • ྀི≼报酬
|-end|p2a: ≽^• ˕ • ྀི≼报酬|ability: Neutralizing Gas
|-damage|p1a: Enamorus|66/100|[from] item: Life Orb
|
|-weather|none
|upkeep
|
|t:|1780921721
|switch|p2a: (˶˃ ᵕ ˂˶)爱，太|Manaphy, shiny|99/100
|-activate|p2a: (˶˃ ᵕ ˂˶)爱，太|move: Sticky Web
|-unboost|p2a: (˶˃ ᵕ ˂˶)爱，太|spe|1
|turn|10
|
|t:|1780921726
|move|p1a: Enamorus|Moonblast|p2a: (˶˃ ᵕ ˂˶)爱，太
|-damage|p2a: (˶˃ ᵕ ˂˶)爱，太|38/100
|-damage|p1a: Enamorus|56/100|[from] item: Life Orb
|move|p2a: (˶˃ ᵕ ˂˶)爱，太|Scald|p1a: Enamorus
|-end|p1a: Enamorus|Substitute
|
|-heal|p2a: (˶˃ ᵕ ˂˶)爱，太|45/100|[from] item: Leftovers
|upkeep
|turn|11
|
|t:|1780921735
|move|p1a: Enamorus|Draining Kiss|p2a: (˶˃ ᵕ ˂˶)爱，太
|-damage|p2a: (˶˃ ᵕ ˂˶)爱，太|15/100
|-heal|p1a: Enamorus|88/100|[from] drain|[of] p2a: (˶˃ ᵕ ˂˶)爱，太
|-damage|p1a: Enamorus|78/100|[from] item: Life Orb
|move|p2a: (˶˃ ᵕ ˂˶)爱，太|Scald|p1a: Enamorus
|-damage|p1a: Enamorus|26/100
|
|-heal|p2a: (˶˃ ᵕ ˂˶)爱，太|21/100|[from] item: Leftovers
|upkeep
|turn|12
|
|t:|1780921742
|move|p1a: Enamorus|Draining Kiss|p2a: (˶˃ ᵕ ˂˶)爱，太
|-damage|p2a: (˶˃ ᵕ ˂˶)爱，太|0 fnt
|-heal|p1a: Enamorus|48/100|[from] drain|[of] p2a: (˶˃ ᵕ ˂˶)爱，太
|faint|p2a: (˶˃ ᵕ ˂˶)爱，太
|-damage|p1a: Enamorus|38/100|[from] item: Life Orb
|
|upkeep
|
|t:|1780921745
|switch|p2a: ₍^. .^₎⟆遭受|Dragapult, M, shiny|82/100
|turn|13
|
|t:|1780921754
|switch|p1a: Araquanid|Araquanid, F|100/100
|move|p2a: ₍^. .^₎⟆遭受|Hex|p1a: Araquanid
|-damage|p1a: Araquanid|84/100
|
|upkeep
|turn|14
|
|t:|1780921760
|move|p2a: ₍^. .^₎⟆遭受|U-turn|p1a: Araquanid
|-damage|p1a: Araquanid|61/100
|
|t:|1780921765
|switch|p2a: 种族的݁ ˖Ი𐑼⋆|Pelipper, M, shiny|21/100|[from] U-turn
|-weather|RainDance|[from] ability: Drizzle|[of] p2a: 种族的݁ ˖Ი𐑼⋆
|move|p1a: Araquanid|Surf|p2a: 种族的݁ ˖Ი𐑼⋆
|-resisted|p2a: 种族的݁ ˖Ი𐑼⋆
|-damage|p2a: 种族的݁ ˖Ი𐑼⋆|0 fnt
|faint|p2a: 种族的݁ ˖Ი𐑼⋆
|
|-weather|RainDance|[upkeep]
|upkeep
|
|t:|1780921767
|switch|p2a: 怨恨𐔌՞ ܸ.ˬ.ܸ՞𐦯|Raging Bolt|100/100
|-activate|p2a: 怨恨𐔌՞ ܸ.ˬ.ܸ՞𐦯|move: Sticky Web
|-unboost|p2a: 怨恨𐔌՞ ܸ.ˬ.ܸ՞𐦯|spe|1
|-enditem|p2a: 怨恨𐔌՞ ܸ.ˬ.ܸ՞𐦯|Booster Energy
|-activate|p2a: 怨恨𐔌՞ ܸ.ˬ.ܸ՞𐦯|ability: Protosynthesis|[fromitem]
|-start|p2a: 怨恨𐔌՞ ܸ.ˬ.ܸ՞𐦯|protosynthesisspa
|turn|15
|
|t:|1780921772
|move|p2a: 怨恨𐔌՞ ܸ.ˬ.ܸ՞𐦯|Calm Mind|p2a: 怨恨𐔌՞ ܸ.ˬ.ܸ՞𐦯
|-boost|p2a: 怨恨𐔌՞ ܸ.ˬ.ܸ՞𐦯|spa|1
|-boost|p2a: 怨恨𐔌՞ ܸ.ˬ.ܸ՞𐦯|spd|1
|move|p1a: Araquanid|Endeavor|p2a: 怨恨𐔌՞ ܸ.ˬ.ܸ՞𐦯
|-damage|p2a: 怨恨𐔌՞ ܸ.ˬ.ܸ՞𐦯|46/100
|
|-weather|RainDance|[upkeep]
|upkeep
|turn|16
|
|t:|1780921777
|move|p2a: 怨恨𐔌՞ ܸ.ˬ.ܸ՞𐦯|Thunderclap|p1a: Araquanid
|-supereffective|p1a: Araquanid
|-damage|p1a: Araquanid|0 fnt
|faint|p1a: Araquanid
|
|-weather|RainDance|[upkeep]
|upkeep
|
|t:|1780921794
|switch|p1a: Great Tusk|Great Tusk|100/100
|-enditem|p1a: Great Tusk|Booster Energy
|-activate|p1a: Great Tusk|ability: Protosynthesis|[fromitem]
|-start|p1a: Great Tusk|protosynthesisatk
|turn|17
|j| Agathina
|
|t:|1780921801
|-terastallize|p2a: 怨恨𐔌՞ ܸ.ˬ.ܸ՞𐦯|Fairy
|move|p1a: Great Tusk|Headlong Rush|p2a: 怨恨𐔌՞ ܸ.ˬ.ܸ՞𐦯
|-damage|p2a: 怨恨𐔌՞ ܸ.ˬ.ܸ՞𐦯|0 fnt
|-unboost|p1a: Great Tusk|def|1
|-unboost|p1a: Great Tusk|spd|1
|faint|p2a: 怨恨𐔌՞ ܸ.ˬ.ܸ՞𐦯
|-end|p2a: 怨恨𐔌՞ ܸ.ˬ.ܸ՞𐦯|Protosynthesis|[silent]
|
|-weather|RainDance|[upkeep]
|upkeep
|-message|cenotaphs forfeited.
|
|win|XianTwa
|raw|XianTwa's rating: 1565 &rarr; <strong>1585</strong><br />(+20 for winning)
|raw|cenotaphs's rating: 1561 &rarr; <strong>1541</strong><br />(-20 for losing)
|l|☆cenotaphs
|player|p2|
|l|☆XianTwa
|player|p1|
