|j|☆SincereSarje
|j|☆Rextrox
|t:|1781158351
|gametype|singles
|player|p1|SincereSarje|morty|1676
|player|p2|Rextrox|birdkeeper-gen4dp|1612
|gen|9
|tier|[Gen 9] OU
|rated|
|rule|HP Percentage Mod: HP is shown in percentages
|rule|Endless Battle Clause: Forcing endless battles is banned
|rule|Species Clause: Limit one of each Pokémon
|rule|OHKO Clause: OHKO moves are banned
|rule|Evasion Items Clause: Evasion items are banned
|rule|Evasion Moves Clause: Evasion moves are banned
|rule|Evasion Abilities Clause: Evasion abilities are banned
|rule|Sleep Moves Clause: Sleep-inducing moves are banned
|clearpoke
|poke|p1|Weavile, F|
|poke|p1|Pecharunt|
|poke|p1|Ting-Lu|
|poke|p1|Walking Wake|
|poke|p1|Gholdengo|
|poke|p1|Gliscor, F|
|poke|p2|Eelektross, F|
|poke|p2|Deoxys-Speed|
|poke|p2|Iron Valiant|
|poke|p2|Pecharunt|
|poke|p2|Dragonite, M|
|poke|p2|Kingambit, F|
|teampreview
|inactive|Battle timer is ON: inactive players will automatically lose when time's up. (requested by SincereSarje)
|j| pokemonlover-834
|
|t:|1781158371
|teamsize|p1|6
|teamsize|p2|6
|start
|switch|p1a: Gliscor|Gliscor, F|100/100
|switch|p2a: Deoxys|Deoxys-Speed|100/100
|-ability|p2a: Deoxys|Pressure
|turn|1
|l| pokemonlover-834
|
|t:|1781158377
|move|p1a: Gliscor|Protect|p1a: Gliscor
|-singleturn|p1a: Gliscor|Protect
|move|p2a: Deoxys|Taunt|p1a: Gliscor
|-activate|p1a: Gliscor|move: Protect
|
|-status|p1a: Gliscor|tox|[from] item: Toxic Orb
|upkeep
|turn|2
|
|t:|1781158382
|move|p2a: Deoxys|Taunt|p1a: Gliscor
|-start|p1a: Gliscor|move: Taunt
|move|p1a: Gliscor|Knock Off|p2a: Deoxys
|-supereffective|p2a: Deoxys
|-damage|p2a: Deoxys|45/100
|-enditem|p2a: Deoxys|Light Clay|[from] move: Knock Off|[of] p1a: Gliscor
|
|upkeep
|turn|3
|
|t:|1781158389
|move|p2a: Deoxys|Stealth Rock|p1a: Gliscor
|-sidestart|p1: SincereSarje|move: Stealth Rock
|move|p1a: Gliscor|Knock Off|p2a: Deoxys
|-supereffective|p2a: Deoxys
|-damage|p2a: Deoxys|6/100
|
|upkeep
|turn|4
|
|t:|1781158394
|move|p2a: Deoxys|Reflect|p2a: Deoxys
|-sidestart|p2: Rextrox|Reflect
|move|p1a: Gliscor|Knock Off|p2a: Deoxys
|-supereffective|p2a: Deoxys
|-damage|p2a: Deoxys|0 fnt
|faint|p2a: Deoxys
|
|-end|p1a: Gliscor|move: Taunt
|upkeep
|
|t:|1781158400
|switch|p2a: Pecharunt|Pecharunt|100/100
|turn|5
|
|t:|1781158407
|move|p2a: Pecharunt|Nasty Plot|p2a: Pecharunt
|-boost|p2a: Pecharunt|spa|2
|move|p1a: Gliscor|Spikes|p2a: Pecharunt
|-sidestart|p2: Rextrox|Spikes
|
|upkeep
|turn|6
|
|t:|1781158413
|move|p2a: Pecharunt|Nasty Plot|p2a: Pecharunt
|-boost|p2a: Pecharunt|spa|2
|move|p1a: Gliscor|Knock Off|p2a: Pecharunt
|-supereffective|p2a: Pecharunt
|-damage|p2a: Pecharunt|88/100
|-enditem|p2a: Pecharunt|Heavy-Duty Boots|[from] move: Knock Off|[of] p1a: Gliscor
|
|upkeep
|turn|7
|
|t:|1781158419
|switch|p1a: Ting-Lu|Ting-Lu|100/100
|-damage|p1a: Ting-Lu|94/100|[from] Stealth Rock
|-ability|p1a: Ting-Lu|Vessel of Ruin
|move|p2a: Pecharunt|Shadow Ball|p1a: Ting-Lu
|-resisted|p1a: Ting-Lu
|-damage|p1a: Ting-Lu|78/100
|
|upkeep
|turn|8
|
|t:|1781158429
|switch|p1a: Gholdengo|Gholdengo|100/100
|-damage|p1a: Gholdengo|94/100|[from] Stealth Rock
|move|p2a: Pecharunt|Malignant Chain|p1a: Gholdengo
|-immune|p1a: Gholdengo
|
|-sideend|p2: Rextrox|Reflect
|upkeep
|turn|9
|
|t:|1781158436
|move|p1a: Gholdengo|Shadow Ball|p2a: Pecharunt
|-supereffective|p2a: Pecharunt
|-damage|p2a: Pecharunt|9/100
|move|p2a: Pecharunt|Shadow Ball|p1a: Gholdengo
|-supereffective|p1a: Gholdengo
|-damage|p1a: Gholdengo|0 fnt
|faint|p1a: Gholdengo
|
|upkeep
|
|t:|1781158445
|switch|p1a: Walking Wake|Walking Wake|100/100
|turn|10
|
|t:|1781158448
|move|p1a: Walking Wake|Flip Turn|p2a: Pecharunt
|-damage|p2a: Pecharunt|0 fnt
|faint|p2a: Pecharunt
|
|t:|1781158450
|-end|p1a: Walking Wake|Protosynthesis|[silent]
|switch|p1a: Gliscor|Gliscor, F|100/100 tox|[from] Flip Turn
|-damage|p1a: Gliscor|88/100 tox|[from] Stealth Rock
|
|-heal|p1a: Gliscor|100/100 tox|[from] ability: Poison Heal
|upkeep
|
|t:|1781158460
|switch|p2a: Iron Valiant|Iron Valiant|100/100
|-damage|p2a: Iron Valiant|88/100|[from] Spikes
|-enditem|p2a: Iron Valiant|Booster Energy
|-activate|p2a: Iron Valiant|ability: Quark Drive|[fromitem]
|-start|p2a: Iron Valiant|quarkdrivespe
|turn|11
|
|t:|1781158465
|move|p2a: Iron Valiant|Moonblast|p1a: Gliscor
|-damage|p1a: Gliscor|61/100 tox
|move|p1a: Gliscor|Toxic|p2a: Iron Valiant
|-status|p2a: Iron Valiant|tox
|
|-damage|p2a: Iron Valiant|82/100 tox|[from] psn
|-heal|p1a: Gliscor|74/100 tox|[from] ability: Poison Heal
|upkeep
|turn|12
|
|t:|1781158470
|move|p2a: Iron Valiant|Calm Mind|p2a: Iron Valiant
|-boost|p2a: Iron Valiant|spa|1
|-boost|p2a: Iron Valiant|spd|1
|move|p1a: Gliscor|Spikes|p2a: Iron Valiant
|-sidestart|p2: Rextrox|Spikes
|
|-damage|p2a: Iron Valiant|69/100 tox|[from] psn
|-heal|p1a: Gliscor|86/100 tox|[from] ability: Poison Heal
|upkeep
|turn|13
|
|t:|1781158477
|move|p2a: Iron Valiant|Moonblast|p1a: Gliscor
|-damage|p1a: Gliscor|24/100 tox
|move|p1a: Gliscor|Spikes|p2a: Iron Valiant
|-sidestart|p2: Rextrox|Spikes
|
|-damage|p2a: Iron Valiant|51/100 tox|[from] psn
|-heal|p1a: Gliscor|36/100 tox|[from] ability: Poison Heal
|upkeep
|turn|14
|
|t:|1781158485
|move|p1a: Gliscor|Protect|p1a: Gliscor
|-singleturn|p1a: Gliscor|Protect
|move|p2a: Iron Valiant|Moonblast|p1a: Gliscor
|-activate|p1a: Gliscor|move: Protect
|
|-damage|p2a: Iron Valiant|26/100 tox|[from] psn
|-heal|p1a: Gliscor|49/100 tox|[from] ability: Poison Heal
|upkeep
|turn|15
|
|t:|1781158499
|move|p1a: Gliscor|Protect||[still]
|-fail|p1a: Gliscor
|move|p2a: Iron Valiant|Moonblast|p1a: Gliscor
|-damage|p1a: Gliscor|0 fnt
|faint|p1a: Gliscor
|
|-damage|p2a: Iron Valiant|0 fnt|[from] psn
|faint|p2a: Iron Valiant
|-end|p2a: Iron Valiant|Quark Drive|[silent]
|upkeep
|
|t:|1781158506
|switch|p2a: GG's|Eelektross, F|100/100
|switch|p1a: Ting-Lu|Ting-Lu|78/100
|-damage|p1a: Ting-Lu|72/100|[from] Stealth Rock
|-ability|p1a: Ting-Lu|Vessel of Ruin
|turn|16
|
|t:|1781158513
|move|p2a: GG's|Drain Punch|p1a: Ting-Lu
|-supereffective|p1a: Ting-Lu
|-damage|p1a: Ting-Lu|49/100
|-damage|p2a: GG's|84/100|[from] item: Rocky Helmet|[of] p1a: Ting-Lu
|move|p1a: Ting-Lu|Stealth Rock|p2a: GG's
|-sidestart|p2: Rextrox|move: Stealth Rock
|
|-heal|p2a: GG's|90/100|[from] item: Leftovers
|upkeep
|turn|17
|
|t:|1781158519
|switch|p1a: Pecharunt|Pecharunt|100/100
|move|p2a: GG's|Drain Punch|p1a: Pecharunt
|-immune|p1a: Pecharunt
|
|-heal|p2a: GG's|96/100|[from] item: Leftovers
|upkeep
|turn|18
|
|t:|1781158524
|move|p1a: Pecharunt|Malignant Chain|p2a: GG's
|-damage|p2a: GG's|72/100
|move|p2a: GG's|Coil|p2a: GG's
|-boost|p2a: GG's|atk|1
|-boost|p2a: GG's|def|1
|-boost|p2a: GG's|accuracy|1
|
|-heal|p2a: GG's|78/100|[from] item: Leftovers
|upkeep
|turn|19
|
|t:|1781158530
|move|p1a: Pecharunt|Malignant Chain|p2a: GG's
|-damage|p2a: GG's|53/100
|-status|p2a: GG's|tox
|-start|p2a: GG's|confusion|[from] ability: Poison Puppeteer|[of] p1a: Pecharunt
|-activate|p2a: GG's|confusion
|move|p2a: GG's|Supercell Slam|p1a: Pecharunt
|-crit|p1a: Pecharunt
|-damage|p1a: Pecharunt|48/100
|
|-heal|p2a: GG's|59/100 tox|[from] item: Leftovers
|-damage|p2a: GG's|53/100 tox|[from] psn
|upkeep
|turn|20
|
|t:|1781158542
|move|p1a: Pecharunt|Recover|p1a: Pecharunt
|-heal|p1a: Pecharunt|98/100
|-end|p2a: GG's|confusion
|move|p2a: GG's|Drain Punch|p1a: Pecharunt
|-immune|p1a: Pecharunt
|
|-heal|p2a: GG's|59/100 tox|[from] item: Leftovers
|-damage|p2a: GG's|46/100 tox|[from] psn
|upkeep
|turn|21
|
|t:|1781158549
|move|p1a: Pecharunt|Parting Shot|p2a: GG's
|-unboost|p2a: GG's|atk|1
|-unboost|p2a: GG's|spa|1
|
|t:|1781158552
|switch|p1a: Ting-Lu|Ting-Lu|49/100|[from] Parting Shot
|-damage|p1a: Ting-Lu|43/100|[from] Stealth Rock
|-ability|p1a: Ting-Lu|Vessel of Ruin
|move|p2a: GG's|Supercell Slam|p1a: Ting-Lu
|-immune|p1a: Ting-Lu
|-damage|p2a: GG's|0 fnt|[from] supercellslam
|faint|p2a: GG's
|
|upkeep
|
|t:|1781158558
|switch|p2a: Dragonite|Dragonite, M|100/100
|turn|22
|
|t:|1781158570
|move|p2a: Dragonite|Earthquake|p1a: Ting-Lu
|-damage|p1a: Ting-Lu|21/100
|move|p1a: Ting-Lu|Whirlwind|p2a: Dragonite
|drag|p2a: Kingambit|Kingambit, F|100/100
|-damage|p2a: Kingambit|76/100|[from] Spikes
|-damage|p2a: Kingambit|70/100|[from] Stealth Rock
|-activate|p2a: Kingambit|ability: Supreme Overlord
|-start|p2a: Kingambit|fallen4|[silent]
|
|upkeep
|turn|23
|
|t:|1781158581
|-end|p2a: Kingambit|fallen4|[silent]
|switch|p2a: Dragonite|Dragonite, M|100/100
|move|p1a: Ting-Lu|Earthquake|p2a: Dragonite
|-immune|p2a: Dragonite
|
|upkeep
|turn|24
|
|t:|1781158586
|move|p2a: Dragonite|Earthquake|p1a: Ting-Lu
|-damage|p1a: Ting-Lu|1/100
|move|p1a: Ting-Lu|Whirlwind|p2a: Dragonite
|drag|p2a: Kingambit|Kingambit, F|70/100
|-damage|p2a: Kingambit|45/100|[from] Spikes
|-damage|p2a: Kingambit|39/100|[from] Stealth Rock
|-activate|p2a: Kingambit|ability: Supreme Overlord
|-start|p2a: Kingambit|fallen4|[silent]
|
|upkeep
|turn|25
|
|t:|1781158594
|move|p2a: Kingambit|Sucker Punch|p1a: Ting-Lu
|-resisted|p1a: Ting-Lu
|-damage|p1a: Ting-Lu|0 fnt
|-damage|p2a: Kingambit|22/100|[from] item: Rocky Helmet|[of] p1a: Ting-Lu
|faint|p1a: Ting-Lu
|
|upkeep
|
|t:|1781158614
|switch|p1a: Walking Wake|Walking Wake|100/100
|turn|26
|
|t:|1781158620
|move|p2a: Kingambit|Sucker Punch|p1a: Walking Wake
|-damage|p1a: Walking Wake|34/100
|move|p1a: Walking Wake|Surf|p2a: Kingambit
|-damage|p2a: Kingambit|0 fnt
|faint|p2a: Kingambit
|-end|p2a: Kingambit|fallen4|[silent]
|
|upkeep
|j| pokemonlover-834
|
|t:|1781158625
|switch|p2a: Dragonite|Dragonite, M|100/100
|turn|27
|
|t:|1781158636
|move|p1a: Walking Wake|Draco Meteor|p2a: Dragonite
|-supereffective|p2a: Dragonite
|-damage|p2a: Dragonite|37/100
|-unboost|p1a: Walking Wake|spa|2
|move|p2a: Dragonite|Dragon Dance|p2a: Dragonite
|-boost|p2a: Dragonite|atk|1
|-boost|p2a: Dragonite|spe|1
|
|upkeep
|turn|28
|
|t:|1781158643
|move|p2a: Dragonite|Roost|p2a: Dragonite
|-heal|p2a: Dragonite|87/100
|-singleturn|p2a: Dragonite|move: Roost
|move|p1a: Walking Wake|Flip Turn|p2a: Dragonite
|-resisted|p2a: Dragonite
|-damage|p2a: Dragonite|78/100
|
|t:|1781158645
|-end|p1a: Walking Wake|Protosynthesis|[silent]
|switch|p1a: Pecharunt|Pecharunt|98/100|[from] Flip Turn
|
|upkeep
|turn|29
|
|t:|1781158651
|-terastallize|p1a: Pecharunt|Water
|move|p2a: Dragonite|Earthquake|p1a: Pecharunt
|-damage|p1a: Pecharunt|62/100
|move|p1a: Pecharunt|Malignant Chain|p2a: Dragonite
|-damage|p2a: Dragonite|48/100
|-status|p2a: Dragonite|tox
|-start|p2a: Dragonite|confusion|[from] ability: Poison Puppeteer|[of] p1a: Pecharunt
|
|-damage|p2a: Dragonite|42/100 tox|[from] psn
|upkeep
|turn|30
|
|t:|1781158661
|-activate|p2a: Dragonite|confusion
|move|p2a: Dragonite|Dragon Dance|p2a: Dragonite
|-boost|p2a: Dragonite|atk|1
|-boost|p2a: Dragonite|spe|1
|move|p1a: Pecharunt|Recover|p1a: Pecharunt
|-heal|p1a: Pecharunt|100/100
|
|-damage|p2a: Dragonite|30/100 tox|[from] psn
|upkeep
|turn|31
|
|t:|1781158667
|-terastallize|p2a: Dragonite|Normal
|-activate|p2a: Dragonite|confusion
|move|p2a: Dragonite|Extreme Speed|p1a: Pecharunt
|-damage|p1a: Pecharunt|44/100
|move|p1a: Pecharunt|Parting Shot|p2a: Dragonite
|-unboost|p2a: Dragonite|atk|1
|-unboost|p2a: Dragonite|spa|1
|
|t:|1781158674
|switch|p1a: Weavile|Weavile, F|100/100|[from] Parting Shot
|-ability|p1a: Weavile|Pressure
|
|-damage|p2a: Dragonite|11/100 tox|[from] psn
|upkeep
|turn|32
|
|t:|1781158678
|move|p1a: Weavile|Ice Shard|p2a: Dragonite
|-damage|p2a: Dragonite|0 fnt
|faint|p2a: Dragonite
|
|win|SincereSarje
|raw|SincereSarje's rating: 1676 &rarr; <strong>1692</strong><br />(+16 for winning)
|raw|Rextrox's rating: 1612 &rarr; <strong>1596</strong><br />(-16 for losing)
|l|☆Rextrox
|player|p2|
|l| pokemonlover-834
