|badge|p1|bronze|gen9ou|100-9
|uhtml|medal-msg|<div class="broadcast-blue">Curious what those medals under the avatar are? PS now has Ladder Seasons! For more information, check out the <a href="https://www.smogon.com/forums/threads/3740067/">thread on Smogon.</a></div>
|j|‽lt_alt1
|j|☆suprya
|t:|1780969078
|gametype|singles
|player|p1|lt_alt1|170|1763
|player|p2|suprya|clown|1722
|gen|9
|tier|[Gen 9] OU
|rated|
|rule|HP Percentage Mod: HP is shown in percentages
|rule|Endless Battle Clause: Forcing endless battles is banned
|rule|Species Clause: Limit one of each Pokémon
|rule|OHKO Clause: OHKO moves are banned
|rule|Evasion Items Clause: Evasion items are banned
|rule|Evasion Moves Clause: Evasion moves are banned
|rule|Evasion Abilities Clause: Evasion abilities are banned
|rule|Sleep Moves Clause: Sleep-inducing moves are banned
|clearpoke
|poke|p1|Darkrai|
|poke|p1|Slowking-Galar, F|
|poke|p1|Gholdengo|
|poke|p1|Iron Treads|
|poke|p1|Raging Bolt|
|poke|p1|Gliscor, F|
|poke|p2|Landorus-Therian, M|
|poke|p2|Overqwil, F|
|poke|p2|Iron Valiant|
|poke|p2|Salamence, M|
|poke|p2|Gholdengo|
|poke|p2|Slowking-Galar, F|
|teampreview
|inactive|Battle timer is ON: inactive players will automatically lose when time's up. (requested by suprya)
|
|t:|1780969089
|teamsize|p1|6
|teamsize|p2|6
|start
|switch|p1a: Gliscor|Gliscor, F|100/100
|switch|p2a: Slowking|Slowking-Galar, F|100/100
|turn|1
|
|t:|1780969103
|switch|p2a: Landorus|Landorus-Therian, M|100/100
|-ability|p2a: Landorus|Intimidate|boost
|-unboost|p1a: Gliscor|atk|1
|move|p1a: Gliscor|Spikes|p2a: Landorus
|-sidestart|p2: suprya|Spikes
|
|-status|p1a: Gliscor|tox|[from] item: Toxic Orb
|upkeep
|turn|2
|
|t:|1780969109
|move|p2a: Landorus|Stealth Rock|p1a: Gliscor
|-sidestart|p1: lt_alt1|move: Stealth Rock
|move|p1a: Gliscor|Toxic|p2a: Landorus
|-status|p2a: Landorus|tox
|
|-damage|p2a: Landorus|94/100 tox|[from] psn
|upkeep
|turn|3
|
|t:|1780969119
|move|p2a: Landorus|Taunt|p1a: Gliscor
|-start|p1a: Gliscor|move: Taunt
|cant|p1a: Gliscor|move: Taunt|Spikes
|
|-damage|p2a: Landorus|82/100 tox|[from] psn
|upkeep
|turn|4
|
|t:|1780969123
|move|p2a: Landorus|U-turn|p1a: Gliscor
|-resisted|p1a: Gliscor
|-damage|p1a: Gliscor|93/100 tox
|
|t:|1780969130
|switch|p2a: Iron Valiant|Iron Valiant|100/100|[from] U-turn
|move|p1a: Gliscor|Knock Off|p2a: Iron Valiant
|-resisted|p2a: Iron Valiant
|-damage|p2a: Iron Valiant|96/100
|-enditem|p2a: Iron Valiant|Heavy-Duty Boots|[from] move: Knock Off|[of] p1a: Gliscor
|
|-heal|p1a: Gliscor|100/100 tox|[from] ability: Poison Heal
|upkeep
|turn|5
|
|t:|1780969137
|move|p2a: Iron Valiant|Swords Dance|p2a: Iron Valiant
|-boost|p2a: Iron Valiant|atk|2
|move|p1a: Gliscor|Knock Off|p2a: Iron Valiant
|-resisted|p2a: Iron Valiant
|-damage|p2a: Iron Valiant|93/100
|
|-end|p1a: Gliscor|move: Taunt
|upkeep
|turn|6
|
|t:|1780969143
|move|p2a: Iron Valiant|Encore|p1a: Gliscor
|-start|p1a: Gliscor|Encore
|move|p1a: Gliscor|Knock Off|p2a: Iron Valiant
|-resisted|p2a: Iron Valiant
|-damage|p2a: Iron Valiant|90/100
|
|upkeep
|turn|7
|
|t:|1780969155
|switch|p1a: Slowking|Slowking-Galar, F|100/100
|-damage|p1a: Slowking|88/100|[from] Stealth Rock
|move|p2a: Iron Valiant|Swords Dance|p2a: Iron Valiant
|-boost|p2a: Iron Valiant|atk|2
|
|-heal|p1a: Slowking|94/100|[from] item: Leftovers
|upkeep
|turn|8
|
|t:|1780969158
|switch|p1a: Gliscor|Gliscor, F|100/100 tox
|-damage|p1a: Gliscor|88/100 tox|[from] Stealth Rock
|move|p2a: Iron Valiant|Knock Off|p1a: Gliscor
|-damage|p1a: Gliscor|17/100 tox
|-enditem|p1a: Gliscor|Toxic Orb|[from] move: Knock Off|[of] p2a: Iron Valiant
|
|-heal|p1a: Gliscor|30/100 tox|[from] ability: Poison Heal
|upkeep
|turn|9
|
|t:|1780969163
|move|p2a: Iron Valiant|Knock Off|p1a: Gliscor
|-damage|p1a: Gliscor|0 fnt
|faint|p1a: Gliscor
|
|upkeep
|
|t:|1780969165
|switch|p1a: Darkrai|Darkrai|100/100
|-damage|p1a: Darkrai|88/100|[from] Stealth Rock
|turn|10
|
|t:|1780969169
|-terastallize|p2a: Iron Valiant|Steel
|move|p1a: Darkrai|Nasty Plot|p1a: Darkrai
|-boost|p1a: Darkrai|spa|2
|move|p2a: Iron Valiant|Drain Punch|p1a: Darkrai
|-supereffective|p1a: Darkrai
|-damage|p1a: Darkrai|0 fnt
|-heal|p2a: Iron Valiant|100/100|[from] drain|[of] p1a: Darkrai
|faint|p1a: Darkrai
|
|upkeep
|
|t:|1780969174
|switch|p1a: Gholdengo|Gholdengo|100/100
|-damage|p1a: Gholdengo|94/100|[from] Stealth Rock
|turn|11
|
|t:|1780969189
|move|p1a: Gholdengo|Trick|p2a: Iron Valiant
|-activate|p1a: Gholdengo|move: Trick|[of] p2a: Iron Valiant
|-item|p2a: Iron Valiant|Choice Scarf|[from] move: Trick
|-enditem|p1a: Gholdengo|Choice Scarf|[silent]|[from] move: Trick
|move|p2a: Iron Valiant|Knock Off|p1a: Gholdengo
|-supereffective|p1a: Gholdengo
|-damage|p1a: Gholdengo|0 fnt
|faint|p1a: Gholdengo
|
|upkeep
|
|t:|1780969192
|switch|p1a: Iron Treads|Iron Treads|100/100
|turn|12
|
|t:|1780969216
|-end|p2a: Iron Valiant|Quark Drive|[silent]
|switch|p2a: Salamence|Salamence, M|100/100
|-ability|p2a: Salamence|Intimidate|boost
|-unboost|p1a: Iron Treads|atk|1
|move|p1a: Iron Treads|Earthquake|p2a: Salamence
|-immune|p2a: Salamence
|
|upkeep
|turn|13
|
|t:|1780969225
|move|p1a: Iron Treads|Rapid Spin|p2a: Salamence
|-damage|p2a: Salamence|93/100
|-boost|p1a: Iron Treads|spe|1
|-sideend|p1: lt_alt1|Stealth Rock|[from] move: Rapid Spin|[of] p1a: Iron Treads
|move|p2a: Salamence|Flamethrower|p1a: Iron Treads
|-supereffective|p1a: Iron Treads
|-damage|p1a: Iron Treads|44/100
|
|upkeep
|turn|14
|
|t:|1780969232
|switch|p2a: Overqwil|Overqwil, F|100/100
|-ability|p2a: Overqwil|Intimidate|boost
|-unboost|p1a: Iron Treads|atk|1
|move|p1a: Iron Treads|Ice Spinner|p2a: Overqwil
|-crit|p2a: Overqwil
|-damage|p2a: Overqwil|78/100
|
|upkeep
|turn|15
|
|t:|1780969237
|switch|p2a: Salamence|Salamence, M|93/100
|-ability|p2a: Salamence|Intimidate|boost
|-unboost|p1a: Iron Treads|atk|1
|move|p1a: Iron Treads|Earthquake|p2a: Salamence
|-immune|p2a: Salamence
|
|upkeep
|turn|16
|
|t:|1780969240
|-end|p1a: Iron Treads|Quark Drive|[silent]
|switch|p1a: Slowking|Slowking-Galar, F|100/100
|move|p2a: Salamence|Flamethrower|p1a: Slowking
|-damage|p1a: Slowking|86/100
|
|-heal|p1a: Slowking|92/100|[from] item: Leftovers
|upkeep
|turn|17
|
|t:|1780969245
|switch|p2a: Overqwil|Overqwil, F|78/100
|-ability|p2a: Overqwil|Intimidate|boost
|-unboost|p1a: Slowking|atk|1
|move|p1a: Slowking|Ice Beam|p2a: Overqwil
|-damage|p2a: Overqwil|47/100
|
|-heal|p1a: Slowking|98/100|[from] item: Leftovers
|upkeep
|turn|18
|
|t:|1780969250
|move|p2a: Overqwil|Spikes|p1a: Slowking
|-sidestart|p1: lt_alt1|Spikes
|-prepare|p1a: Slowking|Chilly Reception|[premajor]
|move|p1a: Slowking|Chilly Reception|p1a: Slowking
|-weather|Snowscape
|
|t:|1780969252
|switch|p1a: Raging Bolt|Raging Bolt|100/100|[from] Chilly Reception
|-damage|p1a: Raging Bolt|88/100|[from] Spikes
|
|-weather|Snowscape|[upkeep]
|-heal|p1a: Raging Bolt|94/100|[from] item: Leftovers
|upkeep
|turn|19
|
|t:|1780969259
|move|p1a: Raging Bolt|Calm Mind|p1a: Raging Bolt
|-boost|p1a: Raging Bolt|spa|1
|-boost|p1a: Raging Bolt|spd|1
|move|p2a: Overqwil|Pain Split|p1a: Raging Bolt
|-sethp|p1a: Raging Bolt|68/100|[from] move: Pain Split|[silent]
|-sethp|p2a: Overqwil|77/100|[from] move: Pain Split
|
|-weather|Snowscape|[upkeep]
|-heal|p1a: Raging Bolt|74/100|[from] item: Leftovers
|upkeep
|turn|20
|
|t:|1780969265
|move|p1a: Raging Bolt|Calm Mind|p1a: Raging Bolt
|-boost|p1a: Raging Bolt|spa|1
|-boost|p1a: Raging Bolt|spd|1
|move|p2a: Overqwil|Gunk Shot|p1a: Raging Bolt
|-damage|p1a: Raging Bolt|35/100
|-status|p1a: Raging Bolt|psn
|
|-weather|Snowscape|[upkeep]
|-heal|p1a: Raging Bolt|41/100 psn|[from] item: Leftovers
|-damage|p1a: Raging Bolt|28/100 psn|[from] psn
|upkeep
|turn|21
|-message|lt_alt1 forfeited.
|
|win|suprya
|raw|lt_alt1's rating: 1763 &rarr; <strong>1741</strong><br />(-22 for losing)
|raw|suprya's rating: 1722 &rarr; <strong>1744</strong><br />(+22 for winning)
|l|‽lt_alt1
|player|p1|
|l|☆suprya
|player|p2|
