|j|☆Xaldyn&Rhapsodie
|j|☆funnygames(1997)
|t:|1781534825
|gametype|singles
|player|p1|Xaldyn&Rhapsodie|mrstone|1555
|player|p2|funnygames(1997)|2|1648
|gen|9
|tier|[Gen 9] OU
|rated|
|rule|HP Percentage Mod: HP is shown in percentages
|rule|Endless Battle Clause: Forcing endless battles is banned
|rule|Species Clause: Limit one of each Pokémon
|rule|OHKO Clause: OHKO moves are banned
|rule|Evasion Items Clause: Evasion items are banned
|rule|Evasion Moves Clause: Evasion moves are banned
|rule|Evasion Abilities Clause: Evasion abilities are banned
|rule|Sleep Moves Clause: Sleep-inducing moves are banned
|clearpoke
|poke|p1|Gardevoir, F|
|poke|p1|Rillaboom, F|
|poke|p1|Hawlucha, M|
|poke|p1|Iron Moth|
|poke|p1|Landorus-Therian, M|
|poke|p1|Kingambit, F|
|poke|p2|Arcanine-Hisui, F|
|poke|p2|Darkrai|
|poke|p2|Great Tusk|
|poke|p2|Hatterene, F|
|poke|p2|Ogerpon-Wellspring, F|
|poke|p2|Zapdos|
|teampreview
|inactive|Battle timer is ON: inactive players will automatically lose when time's up. (requested by funnygames(1997))
|
|t:|1781534857
|teamsize|p1|6
|teamsize|p2|6
|start
|switch|p1a: Landorus|Landorus-Therian, M|100/100
|switch|p2a: Darkrai|Darkrai|100/100
|-ability|p1a: Landorus|Intimidate|boost
|-unboost|p2a: Darkrai|atk|1
|turn|1
|
|t:|1781534880
|switch|p1a: Dopamine Dorito|Iron Moth|100/100
|-enditem|p1a: Dopamine Dorito|Booster Energy
|-activate|p1a: Dopamine Dorito|ability: Quark Drive|[fromitem]
|-start|p1a: Dopamine Dorito|quarkdrivespe
|move|p2a: Darkrai|Ice Beam|p1a: Dopamine Dorito
|-resisted|p1a: Dopamine Dorito
|-damage|p1a: Dopamine Dorito|84/100
|
|upkeep
|turn|2
|
|t:|1781534900
|switch|p2a: Hatterene|Hatterene, F|100/100
|move|p1a: Dopamine Dorito|Substitute|p1a: Dopamine Dorito
|-start|p1a: Dopamine Dorito|Substitute
|-damage|p1a: Dopamine Dorito|59/100
|
|upkeep
|turn|3
|
|t:|1781534914
|move|p1a: Dopamine Dorito|Sludge Wave|p2a: Hatterene
|-supereffective|p2a: Hatterene
|-damage|p2a: Hatterene|38/100
|move|p2a: Hatterene|Psyshock|p1a: Dopamine Dorito
|-supereffective|p1a: Dopamine Dorito
|-end|p1a: Dopamine Dorito|Substitute
|
|upkeep
|turn|4
|
|t:|1781534924
|move|p1a: Dopamine Dorito|Sludge Wave|p2a: Hatterene
|-supereffective|p2a: Hatterene
|-damage|p2a: Hatterene|0 fnt
|faint|p2a: Hatterene
|
|upkeep
|
|t:|1781534931
|switch|p2a: Arcanine|Arcanine-Hisui, F|100/100
|turn|5
|
|t:|1781534937
|move|p1a: Dopamine Dorito|Sludge Wave|p2a: Arcanine
|-resisted|p2a: Arcanine
|-damage|p2a: Arcanine|72/100
|move|p2a: Arcanine|Flare Blitz|p1a: Dopamine Dorito
|-resisted|p1a: Dopamine Dorito
|-damage|p1a: Dopamine Dorito|0 fnt
|faint|p1a: Dopamine Dorito
|-end|p1a: Dopamine Dorito|Quark Drive|[silent]
|
|upkeep
|
|t:|1781534946
|switch|p1a: Landorus|Landorus-Therian, M|100/100
|-ability|p1a: Landorus|Intimidate|boost
|-unboost|p2a: Arcanine|atk|1
|turn|6
|
|t:|1781534951
|switch|p2a: Great Tusk|Great Tusk|100/100
|move|p1a: Landorus|Stealth Rock|p2a: Great Tusk
|-sidestart|p2: funnygames(1997)|move: Stealth Rock
|
|upkeep
|turn|7
|
|t:|1781534958
|move|p1a: Landorus|Earth Power|p2a: Great Tusk
|-damage|p2a: Great Tusk|48/100
|move|p2a: Great Tusk|Rapid Spin|p1a: Landorus
|-damage|p1a: Landorus|83/100
|-boost|p2a: Great Tusk|spe|1
|-damage|p2a: Great Tusk|32/100|[from] item: Rocky Helmet|[of] p1a: Landorus
|-sideend|p2: funnygames(1997)|Stealth Rock|[from] move: Rapid Spin|[of] p2a: Great Tusk
|
|upkeep
|turn|8
|
|t:|1781534966
|move|p2a: Great Tusk|Ice Spinner|p1a: Landorus
|-supereffective|p1a: Landorus
|-damage|p1a: Landorus|0 fnt
|-damage|p2a: Great Tusk|16/100|[from] item: Rocky Helmet|[of] p1a: Landorus
|faint|p1a: Landorus
|
|upkeep
|
|t:|1781534992
|switch|p1a: Rillaboom|Rillaboom, F|100/100
|-fieldstart|move: Grassy Terrain|[from] ability: Grassy Surge|[of] p1a: Rillaboom
|turn|9
|
|t:|1781534995
|move|p1a: Rillaboom|Grassy Glide|p2a: Great Tusk
|-supereffective|p2a: Great Tusk
|-damage|p2a: Great Tusk|0 fnt
|-damage|p1a: Rillaboom|84/100|[from] item: Rocky Helmet|[of] p2a: Great Tusk
|faint|p2a: Great Tusk
|-end|p2a: Great Tusk|Protosynthesis|[silent]
|
|-heal|p1a: Rillaboom|90/100|[from] Grassy Terrain
|upkeep
|
|t:|1781535001
|switch|p2a: Zapdos|Zapdos|100/100
|turn|10
|
|t:|1781535006
|move|p2a: Zapdos|Volt Switch|p1a: Rillaboom
|-resisted|p1a: Rillaboom
|-damage|p1a: Rillaboom|79/100
|
|t:|1781535011
|switch|p2a: Arcanine|Arcanine-Hisui, F|72/100|[from] Volt Switch
|move|p1a: Rillaboom|U-turn|p2a: Arcanine
|-resisted|p2a: Arcanine
|-damage|p2a: Arcanine|55/100
|inactive|Xaldyn&Rhapsodie has 120 seconds left.
|
|t:|1781535043
|switch|p1a: Kingambitch|Kingambit, F|100/100|[from] U-turn
|-activate|p1a: Kingambitch|ability: Supreme Overlord
|-start|p1a: Kingambitch|fallen2|[silent]
|
|-heal|p2a: Arcanine|61/100|[from] Grassy Terrain
|upkeep
|turn|11
|
|t:|1781535056
|switch|p2a: Zapdos|Zapdos|100/100
|move|p1a: Kingambitch|Sucker Punch||[still]
|-fail|p1a: Kingambitch
|
|upkeep
|turn|12
|
|t:|1781535059
|move|p2a: Zapdos|Thunder Wave|p1a: Kingambitch
|-status|p1a: Kingambitch|par
|move|p1a: Kingambitch|Swords Dance|p1a: Kingambitch
|-boost|p1a: Kingambitch|atk|2
|
|upkeep
|turn|13
|
|t:|1781535063
|move|p2a: Zapdos|Hurricane|p1a: Kingambitch|[miss]
|-miss|p2a: Zapdos|p1a: Kingambitch
|cant|p1a: Kingambitch|par
|
|-fieldend|move: Grassy Terrain
|upkeep
|turn|14
|
|t:|1781535071
|move|p2a: Zapdos|Hurricane|p1a: Kingambitch|[miss]
|-miss|p2a: Zapdos|p1a: Kingambitch
|move|p1a: Kingambitch|Kowtow Cleave|p2a: Zapdos
|-damage|p2a: Zapdos|0 fnt
|faint|p2a: Zapdos
|
|upkeep
|
|t:|1781535081
|switch|p2a: Arcanine|Arcanine-Hisui, F|61/100
|turn|15
|
|t:|1781535085
|move|p1a: Kingambitch|Sucker Punch|p2a: Arcanine
|-damage|p2a: Arcanine|0 fnt
|faint|p2a: Arcanine
|
|upkeep
|
|t:|1781535087
|switch|p2a: Ogerpon|Ogerpon-Wellspring, F|100/100
|turn|16
|
|t:|1781535090
|cant|p1a: Kingambitch|par
|move|p2a: Ogerpon|Encore|p1a: Kingambitch
|-start|p1a: Kingambitch|Encore
|
|upkeep
|turn|17
|
|t:|1781535094
|-end|p1a: Kingambitch|fallen2|[silent]
|switch|p1a: Rillaboom|Rillaboom, F|79/100
|-fieldstart|move: Grassy Terrain|[from] ability: Grassy Surge|[of] p1a: Rillaboom
|move|p2a: Ogerpon|Swords Dance|p2a: Ogerpon
|-boost|p2a: Ogerpon|atk|2
|
|-heal|p1a: Rillaboom|85/100|[from] Grassy Terrain
|upkeep
|turn|18
|
|t:|1781535120
|move|p2a: Ogerpon|Ivy Cudgel|p1a: Rillaboom|[anim] Ivy Cudgel Water
|-resisted|p1a: Rillaboom
|-damage|p1a: Rillaboom|26/100
|move|p1a: Rillaboom|U-turn|p2a: Ogerpon
|-supereffective|p2a: Ogerpon
|-damage|p2a: Ogerpon|27/100
|inactive|Xaldyn&Rhapsodie has 120 seconds left.
|
|t:|1781535131
|switch|p1a: El Contrabandista|Hawlucha, M|100/100|[from] U-turn
|-enditem|p1a: El Contrabandista|Grassy Seed
|-boost|p1a: El Contrabandista|def|1|[from] item: Grassy Seed
|
|-heal|p2a: Ogerpon|33/100|[from] Grassy Terrain
|upkeep
|turn|19
|
|t:|1781535137
|move|p1a: El Contrabandista|Acrobatics|p2a: Ogerpon
|-supereffective|p2a: Ogerpon
|-damage|p2a: Ogerpon|0 fnt
|faint|p2a: Ogerpon
|
|upkeep
|
|t:|1781535139
|switch|p2a: Darkrai|Darkrai|100/100
|turn|20
|-message|funnygames(1997) forfeited.
|
|win|Xaldyn&Rhapsodie
|raw|Xaldyn&amp;Rhapsodie's rating: 1555 &rarr; <strong>1580</strong><br />(+25 for winning)
|raw|funnygames(1997)'s rating: 1648 &rarr; <strong>1623</strong><br />(-25 for losing)
|l|☆funnygames(1997)
|player|p2|
|l|☆Xaldyn&Rhapsodie
|player|p1|
