|j|☆BlackStar150520
|j|☆Galarian Blades
|t:|1781547385
|gametype|singles
|player|p1|BlackStar150520|unknown|1704
|player|p2|Galarian Blades|#capplxiwutangclants|1750
|gen|9
|tier|[Gen 9] OU
|rated|
|rule|HP Percentage Mod: HP is shown in percentages
|rule|Endless Battle Clause: Forcing endless battles is banned
|rule|Species Clause: Limit one of each Pokémon
|rule|OHKO Clause: OHKO moves are banned
|rule|Evasion Items Clause: Evasion items are banned
|rule|Evasion Moves Clause: Evasion moves are banned
|rule|Evasion Abilities Clause: Evasion abilities are banned
|rule|Sleep Moves Clause: Sleep-inducing moves are banned
|clearpoke
|poke|p1|Raging Bolt|
|poke|p1|Kingambit, M|
|poke|p1|Iron Moth|
|poke|p1|Ogerpon-Wellspring, F|
|poke|p1|Scizor, M|
|poke|p1|Great Tusk|
|poke|p2|Zamazenta-*|
|poke|p2|Dragonite, F|
|poke|p2|Kyurem|
|poke|p2|Hatterene, F|
|poke|p2|Kingambit, M|
|poke|p2|Landorus-Therian, M|
|teampreview
|inactive|Battle timer is ON: inactive players will automatically lose when time's up. (requested by BlackStar150520)
|inactive|Galarian Blades also wants the timer to be on.
|
|t:|1781547403
|teamsize|p1|6
|teamsize|p2|6
|start
|switch|p1a: Red Lightning|Scizor, M|100/100
|switch|p2a: Landorus|Landorus-Therian, M|100/100
|-ability|p2a: Landorus|Intimidate|boost
|-unboost|p1a: Red Lightning|atk|1
|turn|1
|
|t:|1781547420
|move|p2a: Landorus|Sandsear Storm|p1a: Red Lightning
|-damage|p1a: Red Lightning|50/100
|-status|p1a: Red Lightning|brn
|move|p1a: Red Lightning|U-turn|p2a: Landorus
|-resisted|p2a: Landorus
|-damage|p2a: Landorus|93/100
|-damage|p1a: Red Lightning|34/100 brn|[from] item: Rocky Helmet|[of] p2a: Landorus
|
|t:|1781547443
|switch|p1a: 🎭|Ogerpon-Wellspring, F|100/100|[from] U-turn
|
|upkeep
|turn|2
|
|t:|1781547452
|switch|p2a: Kingambit|Kingambit, M|100/100
|move|p1a: 🎭|Knock Off|p2a: Kingambit
|-resisted|p2a: Kingambit
|-damage|p2a: Kingambit|85/100
|-enditem|p2a: Kingambit|Leftovers|[from] move: Knock Off|[of] p1a: 🎭
|
|upkeep
|turn|3
|
|t:|1781547466
|move|p1a: 🎭|Ivy Cudgel|p2a: Kingambit|[anim] Ivy Cudgel Water
|-damage|p2a: Kingambit|42/100
|move|p2a: Kingambit|Low Kick|p1a: 🎭
|-damage|p1a: 🎭|71/100
|
|upkeep
|turn|4
|
|t:|1781547472
|move|p2a: Kingambit|Sucker Punch||[still]
|-fail|p2a: Kingambit
|move|p1a: 🎭|Encore|p2a: Kingambit
|-start|p2a: Kingambit|Encore
|
|upkeep
|turn|5
|
|t:|1781547478
|switch|p1a: Mega Donphan|Great Tusk|100/100
|-end|p2a: Kingambit|fallenundefined|[silent]
|switch|p2a: Hatterene|Hatterene, F|100/100
|
|upkeep
|turn|6
|
|t:|1781547486
|-end|p1a: Mega Donphan|Protosynthesis|[silent]
|switch|p1a: Red Lightning|Scizor, M|34/100 brn
|move|p2a: Hatterene|Psychic Noise|p1a: Red Lightning
|-resisted|p1a: Red Lightning
|-damage|p1a: Red Lightning|12/100 brn
|-start|p1a: Red Lightning|move: Heal Block
|
|-damage|p1a: Red Lightning|6/100 brn|[from] brn
|upkeep
|turn|7
|
|t:|1781547495
|switch|p2a: Landorus|Landorus-Therian, M|93/100
|-ability|p2a: Landorus|Intimidate|boost
|-unboost|p1a: Red Lightning|atk|1
|move|p1a: Red Lightning|Bullet Punch|p2a: Landorus
|-damage|p2a: Landorus|80/100
|-damage|p1a: Red Lightning|0 fnt|[from] item: Rocky Helmet|[of] p2a: Landorus
|faint|p1a: Red Lightning
|
|upkeep
|j| BiscoitoXDBr
|
|t:|1781547501
|switch|p1a: Mega Donphan|Great Tusk|100/100
|turn|8
|
|t:|1781547511
|switch|p2a: Kingambit|Kingambit, M|42/100
|move|p1a: Mega Donphan|Ice Spinner|p2a: Kingambit
|-resisted|p2a: Kingambit
|-damage|p2a: Kingambit|30/100
|
|upkeep
|turn|9
|
|t:|1781547520
|-end|p2a: Kingambit|fallenundefined|[silent]
|switch|p2a: Landorus|Landorus-Therian, M|80/100
|-ability|p2a: Landorus|Intimidate|boost
|-unboost|p1a: Mega Donphan|atk|1
|move|p1a: Mega Donphan|Stealth Rock|p2a: Landorus
|-sidestart|p2: Galarian Blades|move: Stealth Rock
|
|upkeep
|turn|10
|
|t:|1781547528
|move|p1a: Mega Donphan|Ice Spinner|p2a: Landorus
|-supereffective|p2a: Landorus
|-damage|p2a: Landorus|26/100
|-damage|p1a: Mega Donphan|84/100|[from] item: Rocky Helmet|[of] p2a: Landorus
|move|p2a: Landorus|Sandsear Storm|p1a: Mega Donphan
|-damage|p1a: Mega Donphan|31/100
|-status|p1a: Mega Donphan|brn
|
|-damage|p1a: Mega Donphan|25/100 brn|[from] brn
|upkeep
|turn|11
|
|t:|1781547536
|move|p1a: Mega Donphan|Ice Spinner|p2a: Landorus
|-supereffective|p2a: Landorus
|-damage|p2a: Landorus|0 fnt
|-damage|p1a: Mega Donphan|9/100 brn|[from] item: Rocky Helmet|[of] p2a: Landorus
|faint|p2a: Landorus
|
|-damage|p1a: Mega Donphan|3/100 brn|[from] brn
|upkeep
|
|t:|1781547543
|switch|p2a: Dragonite|Dragonite, F|100/100
|turn|12
|
|t:|1781547546
|move|p1a: Mega Donphan|Ice Spinner|p2a: Dragonite
|-supereffective|p2a: Dragonite
|-damage|p2a: Dragonite|81/100
|move|p2a: Dragonite|Dragon Dance|p2a: Dragonite
|-boost|p2a: Dragonite|atk|1
|-boost|p2a: Dragonite|spe|1
|
|-damage|p1a: Mega Donphan|0 fnt|[from] brn
|faint|p1a: Mega Donphan
|-end|p1a: Mega Donphan|Protosynthesis|[silent]
|upkeep
|
|t:|1781547561
|switch|p1a: Aizen🗡️|Kingambit, M, shiny|100/100
|-activate|p1a: Aizen🗡️|ability: Supreme Overlord
|-start|p1a: Aizen🗡️|fallen2|[silent]
|turn|13
|
|t:|1781547568
|move|p2a: Dragonite|Earthquake|p1a: Aizen🗡️
|-supereffective|p1a: Aizen🗡️
|-damage|p1a: Aizen🗡️|5/100
|move|p1a: Aizen🗡️|Iron Head|p2a: Dragonite
|-damage|p2a: Dragonite|16/100
|
|-heal|p1a: Aizen🗡️|11/100|[from] item: Leftovers
|upkeep
|turn|14
|j| Mega Delibird X
|
|t:|1781547579
|-terastallize|p1a: Aizen🗡️|Ghost
|move|p2a: Dragonite|Extreme Speed|p1a: Aizen🗡️
|-immune|p1a: Aizen🗡️
|move|p1a: Aizen🗡️|Iron Head|p2a: Dragonite
|-damage|p2a: Dragonite|0 fnt
|faint|p2a: Dragonite
|
|-heal|p1a: Aizen🗡️|17/100|[from] item: Leftovers
|upkeep
|
|t:|1781547595
|switch|p2a: Zama BinLadderin|Zamazenta|100/100
|-damage|p2a: Zama BinLadderin|94/100|[from] Stealth Rock
|-ability|p2a: Zama BinLadderin|Dauntless Shield|boost
|-boost|p2a: Zama BinLadderin|def|1
|turn|15
|
|t:|1781547602
|-end|p1a: Aizen🗡️|fallen2|[silent]
|switch|p1a: 🎭|Ogerpon-Wellspring, F|71/100
|move|p2a: Zama BinLadderin|Crunch|p1a: 🎭
|-damage|p1a: 🎭|29/100
|-damage|p2a: Zama BinLadderin|84/100|[from] item: Life Orb
|
|upkeep
|turn|16
|
|t:|1781547608
|move|p2a: Zama BinLadderin|Crunch|p1a: 🎭
|-damage|p1a: 🎭|0 fnt
|faint|p1a: 🎭
|-damage|p2a: Zama BinLadderin|75/100|[from] item: Life Orb
|
|upkeep
|
|t:|1781547611
|switch|p1a: ⚡️|Raging Bolt|100/100
|turn|17
|
|t:|1781547630
|move|p2a: Zama BinLadderin|Close Combat|p1a: ⚡️
|-damage|p1a: ⚡️|34/100
|-unboost|p2a: Zama BinLadderin|def|1
|-unboost|p2a: Zama BinLadderin|spd|1
|-damage|p2a: Zama BinLadderin|65/100|[from] item: Life Orb
|move|p1a: ⚡️|Calm Mind|p1a: ⚡️
|-boost|p1a: ⚡️|spa|1
|-boost|p1a: ⚡️|spd|1
|
|-heal|p1a: ⚡️|40/100|[from] item: Leftovers
|upkeep
|turn|18
|l| Mega Delibird X
|
|t:|1781547639
|move|p1a: ⚡️|Thunderclap|p2a: Zama BinLadderin
|-damage|p2a: Zama BinLadderin|0 fnt
|faint|p2a: Zama BinLadderin
|
|-heal|p1a: ⚡️|46/100|[from] item: Leftovers
|upkeep
|
|t:|1781547651
|switch|p2a: Hatterene|Hatterene, F|100/100
|-damage|p2a: Hatterene|88/100|[from] Stealth Rock
|turn|19
|
|t:|1781547657
|move|p1a: ⚡️|Thunderbolt|p2a: Hatterene
|-damage|p2a: Hatterene|25/100
|move|p2a: Hatterene|Psychic Noise|p1a: ⚡️
|-damage|p1a: ⚡️|25/100
|-start|p1a: ⚡️|move: Heal Block
|
|upkeep
|turn|20
|-enditem|p2a: Hatterene|Custap Berry|[eat]
|-activate|p2a: Hatterene|item: Custap Berry|[consumed]
|
|t:|1781547666
|move|p2a: Hatterene|Psychic Noise|p1a: ⚡️
|-damage|p1a: ⚡️|5/100
|move|p1a: ⚡️|Thunderbolt|p2a: Hatterene
|-damage|p2a: Hatterene|0 fnt
|faint|p2a: Hatterene
|
|-end|p1a: ⚡️|move: Heal Block
|upkeep
|
|t:|1781547686
|switch|p2a: Kingambit|Kingambit, M|30/100
|-damage|p2a: Kingambit|24/100|[from] Stealth Rock
|-activate|p2a: Kingambit|ability: Supreme Overlord
|-start|p2a: Kingambit|fallen4|[silent]
|turn|21
|
|t:|1781547693
|move|p1a: ⚡️|Thunderclap|p2a: Kingambit
|-damage|p2a: Kingambit|0 fnt
|faint|p2a: Kingambit
|-end|p2a: Kingambit|fallen4|[silent]
|
|-heal|p1a: ⚡️|11/100|[from] item: Leftovers
|upkeep
|
|t:|1781547700
|switch|p2a: Kyurem|Kyurem|100/100
|-damage|p2a: Kyurem|76/100|[from] Stealth Rock
|-ability|p2a: Kyurem|Pressure
|turn|22
|
|t:|1781547714
|move|p1a: ⚡️|Thunderclap|p2a: Kyurem
|-resisted|p2a: Kyurem
|-damage|p2a: Kyurem|60/100
|move|p2a: Kyurem|Ice Beam|p1a: ⚡️
|-supereffective|p1a: ⚡️
|-damage|p1a: ⚡️|0 fnt
|faint|p1a: ⚡️
|-end|p1a: ⚡️|Protosynthesis|[silent]
|
|upkeep
|
|t:|1781547718
|switch|p1a: Robo Rona|Iron Moth|100/100
|-enditem|p1a: Robo Rona|Booster Energy
|-activate|p1a: Robo Rona|ability: Quark Drive|[fromitem]
|-start|p1a: Robo Rona|quarkdrivespe
|turn|23
|
|t:|1781547726
|-terastallize|p2a: Kyurem|Steel
|move|p1a: Robo Rona|Dazzling Gleam|p2a: Kyurem
|-resisted|p2a: Kyurem
|-damage|p2a: Kyurem|54/100
|move|p2a: Kyurem|Earth Power|p1a: Robo Rona
|-supereffective|p1a: Robo Rona
|-damage|p1a: Robo Rona|0 fnt
|faint|p1a: Robo Rona
|-end|p1a: Robo Rona|Quark Drive|[silent]
|
|upkeep
|
|t:|1781547731
|switch|p1a: Aizen🗡️|Kingambit, M, shiny, tera:Ghost|17/100
|-activate|p1a: Aizen🗡️|ability: Supreme Overlord
|-start|p1a: Aizen🗡️|fallen5|[silent]
|turn|24
|
|t:|1781547736
|move|p1a: Aizen🗡️|Sucker Punch|p2a: Kyurem
|-damage|p2a: Kyurem|0 fnt
|faint|p2a: Kyurem
|
|win|BlackStar150520
|raw|BlackStar150520's rating: 1704 &rarr; <strong>1727</strong><br />(+23 for winning)
|raw|Galarian Blades's rating: 1750 &rarr; <strong>1727</strong><br />(-23 for losing)
|l|☆Galarian Blades
|player|p2|
|l| BiscoitoXDBr
|l|☆BlackStar150520
|player|p1|
