|j|☆Roseofrosarade
|j|☆amiruae
|t:|1781462390
|gametype|singles
|player|p1|Roseofrosarade|2|1527
|player|p2|amiruae|palmer|1512
|gen|9
|tier|[Gen 9] OU
|rated|
|rule|HP Percentage Mod: HP is shown in percentages
|rule|Endless Battle Clause: Forcing endless battles is banned
|rule|Species Clause: Limit one of each Pokémon
|rule|OHKO Clause: OHKO moves are banned
|rule|Evasion Items Clause: Evasion items are banned
|rule|Evasion Moves Clause: Evasion moves are banned
|rule|Evasion Abilities Clause: Evasion abilities are banned
|rule|Sleep Moves Clause: Sleep-inducing moves are banned
|clearpoke
|poke|p1|Zapdos|
|poke|p1|Hydrapple, F|
|poke|p1|Iron Treads|
|poke|p1|Zamazenta-*|
|poke|p1|Primarina, F|
|poke|p1|Darkrai|
|poke|p2|Samurott-Hisui, M|
|poke|p2|Zamazenta-*|
|poke|p2|Greninja-*, M|
|poke|p2|Salamence, M|
|poke|p2|Porygon-Z|
|poke|p2|Volcanion|
|teampreview
|inactive|Battle timer is ON: inactive players will automatically lose when time's up. (requested by amiruae)
|
|t:|1781462402
|teamsize|p1|6
|teamsize|p2|6
|start
|switch|p1a: Primarina|Primarina, F|100/100
|switch|p2a: Porygon-Z|Porygon-Z|100/100
|turn|1
|
|t:|1781462411
|move|p2a: Porygon-Z|Tri Attack|p1a: Primarina
|-damage|p1a: Primarina|54/100
|move|p1a: Primarina|Calm Mind|p1a: Primarina
|-boost|p1a: Primarina|spa|1
|-boost|p1a: Primarina|spd|1
|
|-heal|p1a: Primarina|60/100|[from] item: Leftovers
|upkeep
|turn|2
|
|t:|1781462416
|move|p2a: Porygon-Z|Tri Attack|p1a: Primarina
|-damage|p1a: Primarina|27/100
|move|p1a: Primarina|Draining Kiss|p2a: Porygon-Z
|-damage|p2a: Porygon-Z|44/100
|-heal|p1a: Primarina|66/100|[from] drain|[of] p2a: Porygon-Z
|
|-heal|p1a: Primarina|72/100|[from] item: Leftovers
|upkeep
|turn|3
|
|t:|1781462424
|switch|p2a: Volcanion|Volcanion|100/100
|move|p1a: Primarina|Draining Kiss|p2a: Volcanion
|-resisted|p2a: Volcanion
|-damage|p2a: Volcanion|86/100
|-heal|p1a: Primarina|83/100|[from] drain|[of] p2a: Volcanion
|
|-heal|p1a: Primarina|89/100|[from] item: Leftovers
|upkeep
|turn|4
|
|t:|1781462449
|switch|p1a: Iron Treads|Iron Treads|100/100
|-enditem|p1a: Iron Treads|Booster Energy
|-activate|p1a: Iron Treads|ability: Quark Drive|[fromitem]
|-start|p1a: Iron Treads|quarkdrivespe
|move|p2a: Volcanion|Sludge Bomb|p1a: Iron Treads
|-immune|p1a: Iron Treads
|
|upkeep
|turn|5
|
|t:|1781462456
|move|p1a: Iron Treads|Stealth Rock|p2a: Volcanion
|-sidestart|p2: amiruae|move: Stealth Rock
|move|p2a: Volcanion|Steam Eruption|p1a: Iron Treads
|-supereffective|p1a: Iron Treads
|-damage|p1a: Iron Treads|0 fnt
|faint|p1a: Iron Treads
|-end|p1a: Iron Treads|Quark Drive|[silent]
|
|upkeep
|
|t:|1781462463
|switch|p1a: Darkrai|Darkrai|100/100
|turn|6
|
|t:|1781462467
|move|p1a: Darkrai|Dark Pulse|p2a: Volcanion
|-damage|p2a: Volcanion|40/100
|move|p2a: Volcanion|Steam Eruption|p1a: Darkrai
|-damage|p1a: Darkrai|16/100
|
|upkeep
|turn|7
|
|t:|1781462475
|move|p1a: Darkrai|Dark Pulse|p2a: Volcanion
|-damage|p2a: Volcanion|0 fnt
|faint|p2a: Volcanion
|
|upkeep
|
|t:|1781462500
|switch|p2a: Porygon-Z|Porygon-Z|44/100
|-damage|p2a: Porygon-Z|32/100|[from] Stealth Rock
|turn|8
|
|t:|1781462504
|move|p2a: Porygon-Z|Tri Attack|p1a: Darkrai
|-damage|p1a: Darkrai|0 fnt
|faint|p1a: Darkrai
|
|upkeep
|
|t:|1781462510
|switch|p1a: Primarina|Primarina, F|89/100
|turn|9
|
|t:|1781462513
|move|p2a: Porygon-Z|Tri Attack|p1a: Primarina
|-damage|p1a: Primarina|46/100
|move|p1a: Primarina|Calm Mind|p1a: Primarina
|-boost|p1a: Primarina|spa|1
|-boost|p1a: Primarina|spd|1
|
|-heal|p1a: Primarina|52/100|[from] item: Leftovers
|upkeep
|turn|10
|
|t:|1781462518
|move|p2a: Porygon-Z|Tri Attack|p1a: Primarina
|-damage|p1a: Primarina|19/100
|move|p1a: Primarina|Draining Kiss|p2a: Porygon-Z
|-damage|p2a: Porygon-Z|0 fnt
|-heal|p1a: Primarina|40/100|[from] drain|[of] p2a: Porygon-Z
|faint|p2a: Porygon-Z
|
|-heal|p1a: Primarina|46/100|[from] item: Leftovers
|upkeep
|
|t:|1781462532
|switch|p2a: Greninja|Greninja, M|100/100
|-damage|p2a: Greninja|88/100|[from] Stealth Rock
|turn|11
|
|t:|1781462537
|-terastallize|p1a: Primarina|Poison
|move|p2a: Greninja|Sludge Wave|p1a: Primarina
|-start|p2a: Greninja|typechange|Poison|[from] ability: Protean
|-resisted|p1a: Primarina
|-damage|p1a: Primarina|29/100
|move|p1a: Primarina|Draining Kiss|p2a: Greninja
|-resisted|p2a: Greninja
|-damage|p2a: Greninja|56/100
|-heal|p1a: Primarina|49/100|[from] drain|[of] p2a: Greninja
|
|-heal|p1a: Primarina|55/100|[from] item: Leftovers
|upkeep
|turn|12
|
|t:|1781462550
|switch|p2a: Samurott|Samurott-Hisui, M|100/100
|-damage|p2a: Samurott|88/100|[from] Stealth Rock
|move|p1a: Primarina|Psychic Noise|p2a: Samurott
|-resisted|p2a: Samurott
|-damage|p2a: Samurott|63/100
|-start|p2a: Samurott|move: Heal Block
|
|-heal|p1a: Primarina|61/100|[from] item: Leftovers
|upkeep
|turn|13
|
|t:|1781462559
|move|p2a: Samurott|Aqua Cutter|p1a: Primarina
|-damage|p1a: Primarina|0 fnt
|faint|p1a: Primarina
|
|-end|p2a: Samurott|move: Heal Block
|upkeep
|
|t:|1781462564
|switch|p1a: Zamazenta|Zamazenta|100/100
|-ability|p1a: Zamazenta|Dauntless Shield|boost
|-boost|p1a: Zamazenta|def|1
|turn|14
|
|t:|1781462568
|switch|p2a: Salamence|Salamence, M|100/100
|-damage|p2a: Salamence|76/100|[from] Stealth Rock
|-ability|p2a: Salamence|Intimidate|boost
|-unboost|p1a: Zamazenta|atk|1
|move|p1a: Zamazenta|Close Combat|p2a: Salamence
|-resisted|p2a: Salamence
|-damage|p2a: Salamence|50/100
|-unboost|p1a: Zamazenta|def|1
|-unboost|p1a: Zamazenta|spd|1
|
|upkeep
|turn|15
|
|t:|1781462577
|switch|p1a: Zapdos|Zapdos|100/100
|move|p2a: Salamence|Dragon Dance|p2a: Salamence
|-boost|p2a: Salamence|atk|1
|-boost|p2a: Salamence|spe|1
|
|upkeep
|turn|16
|
|t:|1781462583
|move|p2a: Salamence|Outrage|p1a: Zapdos
|-damage|p1a: Zapdos|0 fnt
|-status|p2a: Salamence|par|[from] ability: Static|[of] p1a: Zapdos
|-enditem|p2a: Salamence|Lum Berry|[eat]
|-curestatus|p2a: Salamence|par|[msg]
|faint|p1a: Zapdos
|
|upkeep
|
|t:|1781462588
|switch|p1a: Zamazenta|Zamazenta|100/100
|turn|17
|
|t:|1781462590
|move|p2a: Salamence|Outrage|p1a: Zamazenta|[from] lockedmove
|-damage|p1a: Zamazenta|0 fnt
|faint|p1a: Zamazenta
|-start|p2a: Salamence|confusion|[fatigue]
|
|upkeep
|
|t:|1781462592
|switch|p1a: Hydrapple|Hydrapple, F|100/100
|turn|18
|
|t:|1781462596
|-activate|p2a: Salamence|confusion
|-damage|p2a: Salamence|23/100|[from] confusion
|move|p1a: Hydrapple|Draco Meteor|p2a: Salamence
|-supereffective|p2a: Salamence
|-damage|p2a: Salamence|0 fnt
|-unboost|p1a: Hydrapple|spa|2
|faint|p2a: Salamence
|
|upkeep
|
|t:|1781462600
|switch|p2a: Greninja|Greninja, M|56/100
|-damage|p2a: Greninja|44/100|[from] Stealth Rock
|turn|19
|
|t:|1781462602
|move|p2a: Greninja|Ice Beam|p1a: Hydrapple
|-start|p2a: Greninja|typechange|Ice|[from] ability: Protean
|-supereffective|p1a: Hydrapple
|-damage|p1a: Hydrapple|0 fnt
|faint|p1a: Hydrapple
|
|win|amiruae
|raw|Roseofrosarade's rating: 1527 &rarr; <strong>1506</strong><br />(-21 for losing)
|raw|amiruae's rating: 1512 &rarr; <strong>1533</strong><br />(+21 for winning)
|l|☆Roseofrosarade
|player|p1|
|l|☆amiruae
|player|p2|
