|j|☆CassiusAuBellossom
|j|☆poke2002
|t:|1781355161
|gametype|singles
|player|p1|CassiusAuBellossom|101|1544
|player|p2|poke2002|lucas|1552
|gen|9
|tier|[Gen 9] OU
|rated|
|rule|HP Percentage Mod: HP is shown in percentages
|rule|Endless Battle Clause: Forcing endless battles is banned
|rule|Species Clause: Limit one of each Pokémon
|rule|OHKO Clause: OHKO moves are banned
|rule|Evasion Items Clause: Evasion items are banned
|rule|Evasion Moves Clause: Evasion moves are banned
|rule|Evasion Abilities Clause: Evasion abilities are banned
|rule|Sleep Moves Clause: Sleep-inducing moves are banned
|clearpoke
|poke|p1|Pelipper, M|
|poke|p1|Beartic, F|
|poke|p1|Barraskewda, M|
|poke|p1|Zapdos|
|poke|p1|Ogerpon-Wellspring, F|
|poke|p1|Hatterene, F|
|poke|p2|Ceruledge, M|
|poke|p2|Ninetales-Alola, M|
|poke|p2|Darkrai|
|poke|p2|Iron Treads|
|poke|p2|Kyurem|
|poke|p2|Zamazenta-*|
|teampreview
|inactive|Battle timer is ON: inactive players will automatically lose when time's up. (requested by poke2002)
|
|t:|1781355169
|teamsize|p1|6
|teamsize|p2|6
|start
|switch|p1a: Armin|Pelipper, M|100/100
|switch|p2a: Ninetales|Ninetales-Alola, M|100/100
|-weather|Snowscape|[from] ability: Snow Warning|[of] p2a: Ninetales
|-weather|RainDance|[from] ability: Drizzle|[of] p1a: Armin
|turn|1
|
|t:|1781355179
|-terastallize|p1a: Armin|Steel
|move|p2a: Ninetales|Freeze-Dry|p1a: Armin
|-resisted|p1a: Armin
|-damage|p1a: Armin|87/100
|move|p1a: Armin|U-turn|p2a: Ninetales
|-resisted|p2a: Ninetales
|-damage|p2a: Ninetales|95/100
|
|t:|1781355186
|switch|p1a: Levi|Barraskewda, M|100/100|[from] U-turn
|
|-weather|RainDance|[upkeep]
|upkeep
|turn|2
|
|t:|1781355198
|-terastallize|p2a: Ninetales|Water
|move|p1a: Levi|Liquidation|p2a: Ninetales
|-resisted|p2a: Ninetales
|-damage|p2a: Ninetales|47/100
|move|p2a: Ninetales|Freeze-Dry|p1a: Levi
|-supereffective|p1a: Levi
|-damage|p1a: Levi|4/100
|
|-weather|RainDance|[upkeep]
|upkeep
|turn|3
|
|t:|1781355224
|switch|p2a: Zamazenta|Zamazenta|100/100
|-ability|p2a: Zamazenta|Dauntless Shield|boost
|-boost|p2a: Zamazenta|def|1
|move|p1a: Levi|Liquidation|p2a: Zamazenta
|-damage|p2a: Zamazenta|48/100
|
|-weather|RainDance|[upkeep]
|upkeep
|turn|4
|
|t:|1781355233
|move|p1a: Levi|Liquidation|p2a: Zamazenta
|-damage|p2a: Zamazenta|0 fnt
|faint|p2a: Zamazenta
|
|-weather|RainDance|[upkeep]
|upkeep
|
|t:|1781355244
|switch|p2a: Ceruledge|Ceruledge, M|100/100
|turn|5
|
|t:|1781355254
|switch|p1a: Annie|Hatterene, F|100/100
|move|p2a: Ceruledge|Shadow Sneak|p1a: Annie
|-supereffective|p1a: Annie
|-damage|p1a: Annie|73/100
|-enditem|p1a: Annie|Eject Button
|
|t:|1781355259
|switch|p1a: Zeke|Zapdos|100/100
|
|-weather|RainDance|[upkeep]
|upkeep
|turn|6
|
|t:|1781355268
|switch|p2a: Darkrai|Darkrai|100/100
|move|p1a: Zeke|Weather Ball|p2a: Darkrai
|-damage|p2a: Darkrai|29/100
|
|-weather|RainDance|[upkeep]
|-heal|p2a: Darkrai|35/100|[from] item: Leftovers
|upkeep
|turn|7
|
|t:|1781355277
|move|p2a: Darkrai|Ice Beam|p1a: Zeke
|-supereffective|p1a: Zeke
|-damage|p1a: Zeke|55/100
|move|p1a: Zeke|Volt Switch|p2a: Darkrai
|-damage|p2a: Darkrai|0 fnt
|faint|p2a: Darkrai
|
|t:|1781355292
|switch|p1a: Mikasa|Ogerpon-Wellspring, F|100/100|[from] Volt Switch
|
|-weather|RainDance|[upkeep]
|upkeep
|
|t:|1781355308
|switch|p2a: Ninetales|Ninetales-Alola, M, tera:Water|47/100
|-weather|Snowscape|[from] ability: Snow Warning|[of] p2a: Ninetales
|turn|8
|
|t:|1781355314
|switch|p2a: Iron Treads|Iron Treads|100/100
|move|p1a: Mikasa|Power Whip|p2a: Iron Treads
|-damage|p2a: Iron Treads|36/100
|
|-weather|Snowscape|[upkeep]
|-heal|p2a: Iron Treads|42/100|[from] item: Leftovers
|upkeep
|turn|9
|
|t:|1781355326
|move|p1a: Mikasa|Ivy Cudgel|p2a: Iron Treads|[anim] Ivy Cudgel Water
|-supereffective|p2a: Iron Treads
|-damage|p2a: Iron Treads|0 fnt
|faint|p2a: Iron Treads
|-end|p2a: Iron Treads|Quark Drive|[silent]
|
|-weather|Snowscape|[upkeep]
|upkeep
|
|t:|1781355331
|switch|p2a: Kyurem|Kyurem|100/100
|-ability|p2a: Kyurem|Pressure
|turn|10
|
|t:|1781355361
|switch|p1a: Eren|Beartic, F|100/100
|move|p2a: Kyurem|Dragon Dance|p2a: Kyurem
|-boost|p2a: Kyurem|atk|1
|-boost|p2a: Kyurem|spe|1
|
|-weather|Snowscape|[upkeep]
|upkeep
|turn|11
|
|t:|1781355371
|move|p2a: Kyurem|Earth Power|p1a: Eren
|-damage|p1a: Eren|65/100
|move|p1a: Eren|Icicle Spear|p2a: Kyurem
|-damage|p2a: Kyurem|91/100
|-damage|p2a: Kyurem|81/100
|-damage|p2a: Kyurem|71/100
|-damage|p2a: Kyurem|62/100
|-hitcount|p2a: Kyurem|4
|
|-weather|Snowscape|[upkeep]
|upkeep
|turn|12
|
|t:|1781355385
|switch|p1a: Armin|Pelipper, M, tera:Steel|87/100
|-weather|RainDance|[from] ability: Drizzle|[of] p1a: Armin
|move|p2a: Kyurem|Earth Power|p1a: Armin
|-supereffective|p1a: Armin
|-damage|p1a: Armin|8/100
|
|-weather|RainDance|[upkeep]
|upkeep
|turn|13
|
|t:|1781355397
|switch|p1a: Eren|Beartic, F|65/100
|move|p2a: Kyurem|Earth Power|p1a: Eren
|-damage|p1a: Eren|29/100
|
|-weather|RainDance|[upkeep]
|upkeep
|turn|14
|
|t:|1781355410
|move|p2a: Kyurem|Earth Power|p1a: Eren
|-damage|p1a: Eren|0 fnt
|faint|p1a: Eren
|
|-weather|RainDance|[upkeep]
|upkeep
|
|t:|1781355420
|switch|p1a: Levi|Barraskewda, M|4/100
|turn|15
|
|t:|1781355428
|move|p1a: Levi|Close Combat|p2a: Kyurem
|-supereffective|p2a: Kyurem
|-damage|p2a: Kyurem|0 fnt
|-unboost|p1a: Levi|def|1
|-unboost|p1a: Levi|spd|1
|faint|p2a: Kyurem
|
|-weather|RainDance|[upkeep]
|upkeep
|
|t:|1781355430
|switch|p2a: Ceruledge|Ceruledge, M|100/100
|turn|16
|
|t:|1781355445
|move|p1a: Levi|Flip Turn|p2a: Ceruledge
|-supereffective|p2a: Ceruledge
|-damage|p2a: Ceruledge|0 fnt
|faint|p2a: Ceruledge
|-message|poke2002 forfeited.
|
|win|CassiusAuBellossom
|raw|CassiusAuBellossom's rating: 1544 &rarr; <strong>1564</strong><br />(+20 for winning)
|raw|poke2002's rating: 1552 &rarr; <strong>1532</strong><br />(-20 for losing)
|l|☆poke2002
|player|p2|
|l|☆CassiusAuBellossom
|player|p1|
