|j|☆quolius
|j|☆icylikedecember
|t:|1781169838
|gametype|singles
|player|p1|quolius|101|1640
|player|p2|icylikedecember|smasher|1657
|gen|9
|tier|[Gen 9] OU
|rated|
|rule|HP Percentage Mod: HP is shown in percentages
|rule|Endless Battle Clause: Forcing endless battles is banned
|rule|Species Clause: Limit one of each Pokémon
|rule|OHKO Clause: OHKO moves are banned
|rule|Evasion Items Clause: Evasion items are banned
|rule|Evasion Moves Clause: Evasion moves are banned
|rule|Evasion Abilities Clause: Evasion abilities are banned
|rule|Sleep Moves Clause: Sleep-inducing moves are banned
|clearpoke
|poke|p1|Darkrai|
|poke|p1|Great Tusk|
|poke|p1|Samurott-Hisui, F|
|poke|p1|Iron Moth|
|poke|p1|Gholdengo|
|poke|p1|Ogerpon, F|
|poke|p2|Corviknight, F|
|poke|p2|Slowking-Galar, F|
|poke|p2|Darkrai|
|poke|p2|Kyurem|
|poke|p2|Zamazenta-*|
|poke|p2|Crawdaunt, M|
|teampreview
|inactive|Battle timer is ON: inactive players will automatically lose when time's up. (requested by quolius)
|l|☆quolius
|inactive|quolius disconnected and has a minute to reconnect!
|player|p1|
|j|☆quolius
|inactive|quolius reconnected and has 120 seconds left.
|player|p1|quolius|101|
|
|t:|1781169889
|teamsize|p1|6
|teamsize|p2|6
|start
|switch|p1a: Samurott|Samurott-Hisui, F|100/100
|switch|p2a: Corviknight|Corviknight, F, shiny|100/100
|-ability|p2a: Corviknight|Pressure
|turn|1
|
|t:|1781169893
|move|p1a: Samurott|Ceaseless Edge|p2a: Corviknight
|-damage|p2a: Corviknight|73/100
|-damage|p1a: Samurott|84/100|[from] item: Rocky Helmet|[of] p2a: Corviknight
|-sidestart|p2: icylikedecember|Spikes
|move|p2a: Corviknight|Brave Bird|p1a: Samurott
|-damage|p1a: Samurott|35/100
|-damage|p2a: Corviknight|60/100|[from] Recoil
|
|upkeep
|turn|2
|
|t:|1781169897
|switch|p1a: Gholdengo|Gholdengo|100/100
|-item|p1a: Gholdengo|Air Balloon
|move|p2a: Corviknight|Roost|p2a: Corviknight
|-heal|p2a: Corviknight|100/100
|-singleturn|p2a: Corviknight|move: Roost
|
|upkeep
|turn|3
|
|t:|1781169909
|move|p1a: Gholdengo|Shadow Ball|p2a: Corviknight
|-damage|p2a: Corviknight|69/100
|-unboost|p2a: Corviknight|spd|1
|move|p2a: Corviknight|U-turn|p1a: Gholdengo
|-resisted|p1a: Gholdengo
|-damage|p1a: Gholdengo|98/100
|-enditem|p1a: Gholdengo|Air Balloon
|
|t:|1781169930
|switch|p2a: Darkrai|Darkrai|100/100|[from] U-turn
|-damage|p2a: Darkrai|88/100|[from] Spikes
|
|upkeep
|turn|4
|
|t:|1781169942
|switch|p1a: Iron Moth|Iron Moth|100/100
|-enditem|p1a: Iron Moth|Booster Energy
|-activate|p1a: Iron Moth|ability: Quark Drive|[fromitem]
|-start|p1a: Iron Moth|quarkdrivespe
|move|p2a: Darkrai|Dark Pulse|p1a: Iron Moth
|-damage|p1a: Iron Moth|61/100
|
|upkeep
|turn|5
|
|t:|1781169950
|switch|p2a: Slowking|Slowking-Galar, F, shiny|100/100
|-damage|p2a: Slowking|88/100|[from] Spikes
|move|p1a: Iron Moth|Toxic Spikes|p2a: Slowking
|-sidestart|p2: icylikedecember|move: Toxic Spikes
|
|upkeep
|turn|6
|
|t:|1781169955
|move|p1a: Iron Moth|Fiery Dance|p2a: Slowking
|-damage|p2a: Slowking|68/100
|-boost|p1a: Iron Moth|spa|1
|move|p2a: Slowking|Sludge Bomb|p1a: Iron Moth
|-resisted|p1a: Iron Moth
|-damage|p1a: Iron Moth|43/100
|
|upkeep
|turn|7
|
|t:|1781169961
|move|p1a: Iron Moth|Fiery Dance|p2a: Slowking
|-damage|p2a: Slowking|39/100
|move|p2a: Slowking|Psyshock|p1a: Iron Moth
|-supereffective|p1a: Iron Moth
|-damage|p1a: Iron Moth|0 fnt
|faint|p1a: Iron Moth
|-end|p1a: Iron Moth|Quark Drive|[silent]
|
|upkeep
|
|t:|1781169968
|switch|p1a: Darkrai|Darkrai|100/100
|turn|8
|
|t:|1781169974
|switch|p2a: Crawdaunt|Crawdaunt, M|100/100
|-damage|p2a: Crawdaunt|88/100|[from] Spikes
|-status|p2a: Crawdaunt|psn
|move|p1a: Darkrai|Knock Off|p2a: Crawdaunt
|-resisted|p2a: Crawdaunt
|-damage|p2a: Crawdaunt|61/100 psn
|-enditem|p2a: Crawdaunt|Choice Band|[from] move: Knock Off|[of] p1a: Darkrai
|
|-damage|p2a: Crawdaunt|49/100 psn|[from] psn
|upkeep
|turn|9
|l|☆quolius
|inactive|quolius disconnected and has a minute to reconnect!
|player|p1|
|j|☆quolius
|inactive|quolius reconnected and has 125 seconds left.
|player|p1|quolius|101|
|inactive|quolius has 120 seconds left.
|
|t:|1781170005
|move|p2a: Crawdaunt|Aqua Jet|p1a: Darkrai
|-damage|p1a: Darkrai|70/100
|move|p1a: Darkrai|Dark Pulse|p2a: Crawdaunt
|-resisted|p2a: Crawdaunt
|-damage|p2a: Crawdaunt|3/100 psn
|
|-damage|p2a: Crawdaunt|0 fnt|[from] psn
|faint|p2a: Crawdaunt
|upkeep
|
|t:|1781170017
|switch|p2a: Corviknight|Corviknight, F, shiny|69/100
|-ability|p2a: Corviknight|Pressure
|turn|10
|
|t:|1781170028
|move|p1a: Darkrai|Dark Pulse|p2a: Corviknight
|-damage|p2a: Corviknight|25/100
|cant|p2a: Corviknight|flinch
|
|upkeep
|turn|11
|
|t:|1781170043
|move|p1a: Darkrai|Dark Pulse|p2a: Corviknight
|-damage|p2a: Corviknight|0 fnt
|faint|p2a: Corviknight
|
|upkeep
|
|t:|1781170045
|switch|p2a: Slowking|Slowking-Galar, F, shiny|72/100
|-damage|p2a: Slowking|59/100|[from] Spikes
|-sideend|p2: icylikedecember|move: Toxic Spikes|[of] p2a: Slowking
|turn|12
|
|t:|1781170049
|switch|p2a: Zamazenta|Zamazenta|100/100
|-damage|p2a: Zamazenta|88/100|[from] Spikes
|-ability|p2a: Zamazenta|Dauntless Shield|boost
|-boost|p2a: Zamazenta|def|1
|move|p1a: Darkrai|Knock Off|p2a: Zamazenta
|-resisted|p2a: Zamazenta
|-damage|p2a: Zamazenta|79/100
|-enditem|p2a: Zamazenta|Leftovers|[from] move: Knock Off|[of] p1a: Darkrai
|
|upkeep
|turn|13
|
|t:|1781170062
|switch|p1a: Gholdengo|Gholdengo|98/100
|move|p2a: Zamazenta|Body Press|p1a: Gholdengo
|-immune|p1a: Gholdengo
|
|upkeep
|turn|14
|
|t:|1781170067
|move|p2a: Zamazenta|Crunch|p1a: Gholdengo
|-supereffective|p1a: Gholdengo
|-damage|p1a: Gholdengo|70/100
|move|p1a: Gholdengo|Make It Rain|p2a: Zamazenta
|-damage|p2a: Zamazenta|36/100
|-unboost|p1a: Gholdengo|spa|1
|
|upkeep
|turn|15
|
|t:|1781170075
|move|p2a: Zamazenta|Crunch|p1a: Gholdengo
|-supereffective|p1a: Gholdengo
|-damage|p1a: Gholdengo|41/100
|move|p1a: Gholdengo|Recover|p1a: Gholdengo
|-heal|p1a: Gholdengo|91/100
|
|upkeep
|turn|16
|
|t:|1781170081
|move|p2a: Zamazenta|Crunch|p1a: Gholdengo
|-supereffective|p1a: Gholdengo
|-damage|p1a: Gholdengo|64/100
|-unboost|p1a: Gholdengo|def|1
|move|p1a: Gholdengo|Nasty Plot|p1a: Gholdengo
|-boost|p1a: Gholdengo|spa|2
|
|upkeep
|turn|17
|
|t:|1781170088
|switch|p1a: Great Tusk|Great Tusk|100/100
|-terastallize|p2a: Zamazenta|Fire
|move|p2a: Zamazenta|Crunch|p1a: Great Tusk
|-resisted|p1a: Great Tusk
|-damage|p1a: Great Tusk|94/100
|-damage|p2a: Zamazenta|20/100|[from] item: Rocky Helmet|[of] p1a: Great Tusk
|
|upkeep
|turn|18
|-message|icylikedecember forfeited.
|
|win|quolius
|raw|quolius's rating: 1640 &rarr; <strong>1661</strong><br />(+21 for winning)
|raw|icylikedecember's rating: 1657 &rarr; <strong>1636</strong><br />(-21 for losing)
|l|☆icylikedecember
|player|p2|
|l|☆quolius
|player|p1|
