|j|☆billythekid95
|j|☆drop a baby
|t:|1781569224
|gametype|singles
|player|p1|billythekid95|169|1729
|player|p2|drop a baby|chase|1744
|gen|9
|tier|[Gen 9] OU
|rated|
|rule|HP Percentage Mod: HP is shown in percentages
|rule|Endless Battle Clause: Forcing endless battles is banned
|rule|Species Clause: Limit one of each Pokémon
|rule|OHKO Clause: OHKO moves are banned
|rule|Evasion Items Clause: Evasion items are banned
|rule|Evasion Moves Clause: Evasion moves are banned
|rule|Evasion Abilities Clause: Evasion abilities are banned
|rule|Sleep Moves Clause: Sleep-inducing moves are banned
|clearpoke
|poke|p1|Walking Wake|
|poke|p1|Ribombee, M|
|poke|p1|Gholdengo|
|poke|p1|Torkoal, M|
|poke|p1|Great Tusk|
|poke|p1|Ceruledge, F|
|poke|p2|Darkrai|
|poke|p2|Deoxys-Speed|
|poke|p2|Raging Bolt|
|poke|p2|Kingambit, M|
|poke|p2|Iron Valiant|
|poke|p2|Great Tusk|
|teampreview
|c|☆drop a baby|Hf big bro
|j| kingjot
|
|t:|1781569238
|teamsize|p1|6
|teamsize|p2|6
|start
|switch|p1a: Ribombee|Ribombee, M|100/100
|switch|p2a: Speedy Gonzales|Deoxys-Speed, shiny|100/100
|-ability|p2a: Speedy Gonzales|Pressure
|turn|1
|
|t:|1781569243
|move|p2a: Speedy Gonzales|Taunt|p1a: Ribombee
|-start|p1a: Ribombee|move: Taunt
|move|p1a: Ribombee|Moonblast|p2a: Speedy Gonzales
|-damage|p2a: Speedy Gonzales|42/100
|
|upkeep
|turn|2
|
|t:|1781569249
|move|p2a: Speedy Gonzales|Stealth Rock|p1a: Ribombee
|-sidestart|p1: billythekid95|move: Stealth Rock
|move|p1a: Ribombee|Moonblast|p2a: Speedy Gonzales
|-damage|p2a: Speedy Gonzales|0 fnt
|faint|p2a: Speedy Gonzales
|
|upkeep
|
|t:|1781569252
|switch|p2a: IMU|Darkrai|100/100
|turn|3
|
|t:|1781569260
|switch|p1a: Great Tusk|Great Tusk|100/100
|-damage|p1a: Great Tusk|97/100|[from] Stealth Rock
|move|p2a: IMU|Sludge Bomb|p1a: Great Tusk
|-resisted|p1a: Great Tusk
|-damage|p1a: Great Tusk|89/100
|-status|p1a: Great Tusk|psn
|
|-damage|p1a: Great Tusk|77/100 psn|[from] psn
|upkeep
|turn|4
|c| kingjot|is this the agency special
|
|t:|1781569269
|move|p2a: IMU|Ice Beam|p1a: Great Tusk
|-supereffective|p1a: Great Tusk
|-damage|p1a: Great Tusk|43/100 psn
|move|p1a: Great Tusk|Rapid Spin|p2a: IMU
|-damage|p2a: IMU|82/100
|-boost|p1a: Great Tusk|spe|1
|-sideend|p1: billythekid95|Stealth Rock|[from] move: Rapid Spin|[of] p1a: Great Tusk
|
|-damage|p1a: Great Tusk|31/100 psn|[from] psn
|upkeep
|turn|5
|
|t:|1781569277
|move|p2a: IMU|Ice Beam|p1a: Great Tusk
|-supereffective|p1a: Great Tusk
|-damage|p1a: Great Tusk|0 fnt
|faint|p1a: Great Tusk
|-end|p1a: Great Tusk|Protosynthesis|[silent]
|
|upkeep
|
|t:|1781569284
|switch|p1a: Ribombee|Ribombee, M|100/100
|turn|6
|
|t:|1781569289
|move|p2a: IMU|Dark Pulse|p1a: Ribombee
|-resisted|p1a: Ribombee
|-damage|p1a: Ribombee|60/100
|move|p1a: Ribombee|Sticky Web|p2a: IMU
|-sidestart|p2: drop a baby|move: Sticky Web
|
|upkeep
|turn|7
|
|t:|1781569294
|move|p2a: IMU|Sludge Bomb|p1a: Ribombee
|-supereffective|p1a: Ribombee
|-damage|p1a: Ribombee|0 fnt
|faint|p1a: Ribombee
|
|upkeep
|
|t:|1781569300
|switch|p1a: Gholdengo|Gholdengo|100/100
|turn|8
|
|t:|1781569303
|move|p1a: Gholdengo|Make It Rain|p2a: IMU
|-damage|p2a: IMU|0 fnt
|-unboost|p1a: Gholdengo|spa|1
|faint|p2a: IMU
|
|upkeep
|
|t:|1781569307
|switch|p2a: Hito no mi Model⚡️|Raging Bolt|100/100
|-activate|p2a: Hito no mi Model⚡️|move: Sticky Web
|-unboost|p2a: Hito no mi Model⚡️|spe|1
|-enditem|p2a: Hito no mi Model⚡️|Booster Energy
|-activate|p2a: Hito no mi Model⚡️|ability: Protosynthesis|[fromitem]
|-start|p2a: Hito no mi Model⚡️|protosynthesisspa
|turn|9
|
|t:|1781569314
|switch|p1a: Torkoal|Torkoal, M|100/100
|-weather|SunnyDay|[from] ability: Drought|[of] p1a: Torkoal
|move|p2a: Hito no mi Model⚡️|Calm Mind|p2a: Hito no mi Model⚡️
|-boost|p2a: Hito no mi Model⚡️|spa|1
|-boost|p2a: Hito no mi Model⚡️|spd|1
|
|-weather|SunnyDay|[upkeep]
|upkeep
|turn|10
|
|t:|1781569321
|move|p2a: Hito no mi Model⚡️|Calm Mind|p2a: Hito no mi Model⚡️
|-boost|p2a: Hito no mi Model⚡️|spa|1
|-boost|p2a: Hito no mi Model⚡️|spd|1
|move|p1a: Torkoal|Stealth Rock|p2a: Hito no mi Model⚡️
|-sidestart|p2: drop a baby|move: Stealth Rock
|
|-weather|SunnyDay|[upkeep]
|upkeep
|turn|11
|
|t:|1781569331
|move|p2a: Hito no mi Model⚡️|Thunderbolt|p1a: Torkoal
|-damage|p1a: Torkoal|0 fnt
|faint|p1a: Torkoal
|
|-weather|SunnyDay|[upkeep]
|upkeep
|
|t:|1781569335
|switch|p1a: Gholdengo|Gholdengo|100/100
|turn|12
|
|t:|1781569339
|move|p1a: Gholdengo|Trick|p2a: Hito no mi Model⚡️
|-activate|p1a: Gholdengo|move: Trick|[of] p2a: Hito no mi Model⚡️
|-item|p2a: Hito no mi Model⚡️|Choice Scarf|[from] move: Trick
|-enditem|p1a: Gholdengo|Choice Scarf|[silent]|[from] move: Trick
|move|p2a: Hito no mi Model⚡️|Thunderbolt|p1a: Gholdengo
|-damage|p1a: Gholdengo|0 fnt
|faint|p1a: Gholdengo
|
|-weather|SunnyDay|[upkeep]
|upkeep
|
|t:|1781569347
|switch|p1a: Ceruledge|Ceruledge, F|100/100
|turn|13
|
|t:|1781569350
|move|p1a: Ceruledge|Swords Dance|p1a: Ceruledge
|-boost|p1a: Ceruledge|atk|2
|move|p2a: Hito no mi Model⚡️|Thunderbolt|p1a: Ceruledge
|-enditem|p1a: Ceruledge|Focus Sash
|-damage|p1a: Ceruledge|1/100
|-status|p1a: Ceruledge|par
|
|-weather|SunnyDay|[upkeep]
|upkeep
|turn|14
|c|☆billythekid95|.......
|
|t:|1781569362
|cant|p1a: Ceruledge|par
|move|p2a: Hito no mi Model⚡️|Thunderbolt|p1a: Ceruledge
|-damage|p1a: Ceruledge|0 fnt
|faint|p1a: Ceruledge
|
|-weather|SunnyDay|[upkeep]
|upkeep
|c|☆billythekid95|10%
|c|☆billythekid95|U won for that
|-message|billythekid95 forfeited.
|
|win|drop a baby
|raw|billythekid95's rating: 1729 &rarr; <strong>1710</strong><br />(-19 for losing)
|raw|drop a baby's rating: 1744 &rarr; <strong>1763</strong><br />(+19 for winning)
|l|☆billythekid95
|player|p1|
|l| kingjot
|l|☆drop a baby
|player|p2|
