|j|☆vartholomeus
|j|☆OscarGamble
|t:|1781186390
|gametype|singles
|player|p1|vartholomeus|gambler|1553
|player|p2|OscarGamble|101|1544
|gen|9
|tier|[Gen 9] OU
|rated|
|rule|HP Percentage Mod: HP is shown in percentages
|rule|Endless Battle Clause: Forcing endless battles is banned
|rule|Species Clause: Limit one of each Pokémon
|rule|OHKO Clause: OHKO moves are banned
|rule|Evasion Items Clause: Evasion items are banned
|rule|Evasion Moves Clause: Evasion moves are banned
|rule|Evasion Abilities Clause: Evasion abilities are banned
|rule|Sleep Moves Clause: Sleep-inducing moves are banned
|clearpoke
|poke|p1|Moltres|
|poke|p1|Kleavor, F|
|poke|p1|Greninja-*, M|
|poke|p1|Ting-Lu|
|poke|p1|Iron Valiant|
|poke|p1|Gholdengo|
|poke|p2|Araquanid, M|
|poke|p2|Gholdengo|
|poke|p2|Raging Bolt|
|poke|p2|Dragonite, M|
|poke|p2|Zamazenta-*|
|poke|p2|Ogerpon-Cornerstone, F|
|teampreview
|inactive|Battle timer is ON: inactive players will automatically lose when time's up. (requested by vartholomeus)
|
|t:|1781186406
|teamsize|p1|6
|teamsize|p2|6
|start
|switch|p1a: Klingk|Kleavor, F|100/100
|switch|p2a: Araquanid|Araquanid, M, shiny|100/100
|turn|1
|
|t:|1781186411
|move|p1a: Klingk|Stone Axe|p2a: Araquanid
|-supereffective|p2a: Araquanid
|-damage|p2a: Araquanid|0 fnt
|-sidestart|p2: OscarGamble|move: Stealth Rock
|faint|p2a: Araquanid
|
|upkeep
|
|t:|1781186420
|switch|p2a: Zamazenta|Zamazenta|100/100
|-ability|p2a: Zamazenta|Dauntless Shield|boost
|-boost|p2a: Zamazenta|def|1
|turn|2
|
|t:|1781186425
|switch|p2a: Raging Bolt|Raging Bolt|100/100
|-damage|p2a: Raging Bolt|88/100|[from] Stealth Rock
|-enditem|p2a: Raging Bolt|Booster Energy
|-activate|p2a: Raging Bolt|ability: Protosynthesis|[fromitem]
|-start|p2a: Raging Bolt|protosynthesisspa
|switch|p1a: Maltro|Moltres|100/100
|
|upkeep
|turn|3
|
|t:|1781186432
|switch|p1a: Lulu|Ting-Lu|100/100
|-ability|p1a: Lulu|Vessel of Ruin
|move|p2a: Raging Bolt|Calm Mind|p2a: Raging Bolt
|-boost|p2a: Raging Bolt|spa|1
|-boost|p2a: Raging Bolt|spd|1
|
|upkeep
|turn|4
|
|t:|1781186438
|move|p2a: Raging Bolt|Dragon Pulse|p1a: Lulu
|-damage|p1a: Lulu|58/100
|move|p1a: Lulu|Earthquake|p2a: Raging Bolt
|-supereffective|p2a: Raging Bolt
|-damage|p2a: Raging Bolt|19/100
|
|-heal|p1a: Lulu|65/100|[from] item: Leftovers
|upkeep
|turn|5
|
|t:|1781186445
|move|p2a: Raging Bolt|Dragon Pulse|p1a: Lulu
|-crit|p1a: Lulu
|-damage|p1a: Lulu|3/100
|move|p1a: Lulu|Earthquake|p2a: Raging Bolt
|-supereffective|p2a: Raging Bolt
|-damage|p2a: Raging Bolt|0 fnt
|faint|p2a: Raging Bolt
|-end|p2a: Raging Bolt|Protosynthesis|[silent]
|
|-heal|p1a: Lulu|9/100|[from] item: Leftovers
|upkeep
|
|t:|1781186451
|switch|p2a: Dragonite|Dragonite, M|100/100
|turn|6
|
|t:|1781186455
|switch|p1a: Maltro|Moltres|100/100
|move|p2a: Dragonite|Earthquake|p1a: Maltro
|-immune|p1a: Maltro
|
|upkeep
|turn|7
|
|t:|1781186461
|switch|p2a: Gholdengo|Gholdengo, shiny|100/100
|-damage|p2a: Gholdengo|94/100|[from] Stealth Rock
|-item|p2a: Gholdengo|Air Balloon
|move|p1a: Maltro|Roar|p2a: Gholdengo
|-immune|p2a: Gholdengo|[from] ability: Good as Gold
|
|upkeep
|turn|8
|
|t:|1781186473
|move|p2a: Gholdengo|Shadow Ball|p1a: Maltro
|-damage|p1a: Maltro|59/100
|move|p1a: Maltro|Flamethrower|p2a: Gholdengo
|-supereffective|p2a: Gholdengo
|-damage|p2a: Gholdengo|12/100
|-enditem|p2a: Gholdengo|Air Balloon
|
|upkeep
|turn|9
|
|t:|1781186479
|switch|p1a: Suke|Greninja, M|100/100
|move|p2a: Gholdengo|Nasty Plot|p2a: Gholdengo
|-boost|p2a: Gholdengo|spa|2
|
|upkeep
|turn|10
|
|t:|1781186490
|move|p1a: Suke|Water Shuriken|p2a: Gholdengo
|-damage|p2a: Gholdengo|2/100
|-damage|p2a: Gholdengo|0 fnt
|faint|p2a: Gholdengo
|-ability|p1a: Suke|Battle Bond|boost
|-boost|p1a: Suke|atk|1
|-boost|p1a: Suke|spa|1
|-boost|p1a: Suke|spe|1
|-activate|p1a: Suke|ability: Battle Bond
|-hitcount|p2: Gholdengo|2
|-damage|p1a: Suke|91/100|[from] item: Life Orb
|
|upkeep
|
|t:|1781186494
|switch|p2a: Dragonite|Dragonite, M|100/100
|turn|11
|
|t:|1781186500
|move|p1a: Suke|Ice Beam|p2a: Dragonite
|-supereffective|p2a: Dragonite
|-crit|p2a: Dragonite
|-damage|p2a: Dragonite|0 fnt
|faint|p2a: Dragonite
|-damage|p1a: Suke|81/100|[from] item: Life Orb
|
|upkeep
|-message|OscarGamble forfeited.
|
|win|vartholomeus
|raw|vartholomeus's rating: 1553 &rarr; <strong>1572</strong><br />(+19 for winning)
|raw|OscarGamble's rating: 1544 &rarr; <strong>1525</strong><br />(-19 for losing)
|l|☆OscarGamble
|player|p2|
|l|☆vartholomeus
|player|p1|
