|j|☆salazzle stan
|j|☆rockeater9000
|t:|1781369886
|gametype|singles
|player|p1|salazzle stan|ninjaboy|1568
|player|p2|rockeater9000|2|1616
|gen|9
|tier|[Gen 9] OU
|rated|
|rule|HP Percentage Mod: HP is shown in percentages
|rule|Endless Battle Clause: Forcing endless battles is banned
|rule|Species Clause: Limit one of each Pokémon
|rule|OHKO Clause: OHKO moves are banned
|rule|Evasion Items Clause: Evasion items are banned
|rule|Evasion Moves Clause: Evasion moves are banned
|rule|Evasion Abilities Clause: Evasion abilities are banned
|rule|Sleep Moves Clause: Sleep-inducing moves are banned
|clearpoke
|poke|p1|Iron Valiant|
|poke|p1|Pincurchin, M|
|poke|p1|Iron Crown|
|poke|p1|Alomomola, M|
|poke|p1|Sableye, F|
|poke|p1|Iron Leaves|
|poke|p2|Greninja-*, M|
|poke|p2|Glimmora, M|
|poke|p2|Garchomp, F|
|poke|p2|Iron Valiant|
|poke|p2|Kingambit, F|
|poke|p2|Ceruledge, M|
|teampreview
|inactive|Battle timer is ON: inactive players will automatically lose when time's up. (requested by rockeater9000)
|
|t:|1781369897
|teamsize|p1|6
|teamsize|p2|6
|start
|switch|p1a: Iron Crown|Iron Crown|100/100
|switch|p2a: Garchomp|Garchomp, F|100/100
|turn|1
|
|t:|1781369921
|-end|p1a: Iron Crown|Quark Drive|[silent]
|switch|p1a: Alomomola|Alomomola, M|100/100
|move|p2a: Garchomp|Earthquake|p1a: Alomomola
|-damage|p1a: Alomomola|66/100
|-enditem|p1a: Alomomola|Eject Button
|
|t:|1781369925
|switch|p1a: Iron Valiant|Iron Valiant|100/100
|
|upkeep
|turn|2
|
|t:|1781369930
|switch|p2a: Glimmora|Glimmora, M|100/100
|move|p1a: Iron Valiant|Moonblast|p2a: Glimmora
|-resisted|p2a: Glimmora
|-damage|p2a: Glimmora|66/100
|
|upkeep
|turn|3
|
|t:|1781369938
|-end|p1a: Iron Valiant|Quark Drive|[silent]
|switch|p1a: Iron Crown|Iron Crown|100/100
|move|p2a: Glimmora|Stealth Rock|p1a: Iron Crown
|-sidestart|p1: salazzle stan|move: Stealth Rock
|
|upkeep
|turn|4
|
|t:|1781369946
|switch|p2a: Greninja|Greninja, M|100/100
|move|p1a: Iron Crown|Tachyon Cutter|p2a: Greninja
|-resisted|p2a: Greninja
|-damage|p2a: Greninja|75/100
|-resisted|p2a: Greninja
|-damage|p2a: Greninja|46/100
|-hitcount|p2a: Greninja|2
|
|upkeep
|turn|5
|
|t:|1781369955
|-end|p1a: Iron Crown|Quark Drive|[silent]
|switch|p1a: Alomomola|Alomomola, M|99/100
|-damage|p1a: Alomomola|87/100|[from] Stealth Rock
|move|p2a: Greninja|Dark Pulse|p1a: Alomomola
|-damage|p1a: Alomomola|41/100
|-damage|p2a: Greninja|36/100|[from] item: Life Orb
|
|upkeep
|turn|6
|
|t:|1781369962
|move|p1a: Alomomola|Protect|p1a: Alomomola
|-singleturn|p1a: Alomomola|Protect
|move|p2a: Greninja|Dark Pulse|p1a: Alomomola
|-activate|p1a: Alomomola|move: Protect
|
|upkeep
|turn|7
|
|t:|1781369980
|move|p2a: Greninja|Surf|p1a: Alomomola
|-resisted|p1a: Alomomola
|-damage|p1a: Alomomola|17/100
|-damage|p2a: Greninja|26/100|[from] item: Life Orb
|move|p1a: Alomomola|Flip Turn|p2a: Greninja
|-resisted|p2a: Greninja
|-damage|p2a: Greninja|14/100
|
|t:|1781369986
|switch|p1a: Pincurchin|Pincurchin, M|100/100|[from] Flip Turn
|-damage|p1a: Pincurchin|88/100|[from] Stealth Rock
|-fieldstart|move: Electric Terrain|[from] ability: Electric Surge|[of] p1a: Pincurchin
|
|upkeep
|turn|8
|
|t:|1781369997
|move|p2a: Greninja|Dark Pulse|p1a: Pincurchin
|-damage|p1a: Pincurchin|27/100
|-damage|p2a: Greninja|4/100|[from] item: Life Orb
|move|p1a: Pincurchin|Discharge|p2a: Greninja
|-supereffective|p2a: Greninja
|-damage|p2a: Greninja|0 fnt
|faint|p2a: Greninja
|
|upkeep
|
|t:|1781370014
|switch|p2a: Garchomp|Garchomp, F|100/100
|turn|9
|
|t:|1781370019
|switch|p1a: Sableye|Sableye, F|100/100
|-damage|p1a: Sableye|88/100|[from] Stealth Rock
|move|p2a: Garchomp|Scale Shot|p1a: Sableye
|-damage|p1a: Sableye|75/100
|-damage|p1a: Sableye|60/100
|-damage|p1a: Sableye|46/100
|-damage|p1a: Sableye|30/100
|-damage|p1a: Sableye|14/100
|-hitcount|p1a: Sableye|5
|-enditem|p1a: Sableye|Eject Button
|-unboost|p2a: Garchomp|def|1
|-boost|p2a: Garchomp|spe|1
|
|t:|1781370033
|switch|p1a: Iron Valiant|Iron Valiant|100/100
|-damage|p1a: Iron Valiant|94/100|[from] Stealth Rock
|-activate|p1a: Iron Valiant|ability: Quark Drive
|-start|p1a: Iron Valiant|quarkdrivespe
|
|upkeep
|turn|10
|
|t:|1781370042
|-terastallize|p2a: Garchomp|Fire
|move|p1a: Iron Valiant|Moonblast|p2a: Garchomp
|-resisted|p2a: Garchomp
|-damage|p2a: Garchomp|73/100
|move|p2a: Garchomp|Earthquake|p1a: Iron Valiant
|-damage|p1a: Iron Valiant|15/100
|
|upkeep
|turn|11
|
|t:|1781370055
|move|p1a: Iron Valiant|Close Combat|p2a: Garchomp
|-damage|p2a: Garchomp|0 fnt
|-unboost|p1a: Iron Valiant|def|1
|-unboost|p1a: Iron Valiant|spd|1
|-damage|p1a: Iron Valiant|3/100|[from] ability: Rough Skin|[of] p2a: Garchomp
|faint|p2a: Garchomp
|
|upkeep
|
|t:|1781370062
|switch|p2a: Ceruledge|Ceruledge, M|100/100
|-item|p2a: Ceruledge|Air Balloon
|turn|12
|
|t:|1781370070
|-end|p1a: Iron Valiant|Quark Drive|[silent]
|switch|p1a: Alomomola|Alomomola, M|50/100
|-damage|p1a: Alomomola|38/100|[from] Stealth Rock
|move|p2a: Ceruledge|Shadow Sneak|p1a: Alomomola
|-crit|p1a: Alomomola
|-damage|p1a: Alomomola|19/100
|
|upkeep
|turn|13
|
|t:|1781370078
|move|p2a: Ceruledge|Poltergeist||[still]
|-fail|p2a: Ceruledge
|move|p1a: Alomomola|Wish|p1a: Alomomola
|
|upkeep
|turn|14
|
|t:|1781370085
|move|p2a: Ceruledge|Swords Dance|p2a: Ceruledge
|-boost|p2a: Ceruledge|atk|2
|move|p1a: Alomomola|Flip Turn|p2a: Ceruledge
|-supereffective|p2a: Ceruledge
|-damage|p2a: Ceruledge|57/100
|-ability|p2a: Ceruledge|Weak Armor|boost
|-unboost|p2a: Ceruledge|def|1
|-boost|p2a: Ceruledge|spe|2
|-enditem|p2a: Ceruledge|Air Balloon
|
|t:|1781370093
|switch|p1a: Sableye|Sableye, F|14/100|[from] Flip Turn
|-damage|p1a: Sableye|2/100|[from] Stealth Rock
|
|-heal|p1a: Sableye|79/100|[from] move: Wish|[wisher] Alomomola
|-fieldend|move: Electric Terrain
|upkeep
|turn|15
|
|t:|1781370100
|switch|p2a: Kingambit|Kingambit, F|100/100
|-activate|p2a: Kingambit|ability: Supreme Overlord
|-start|p2a: Kingambit|fallen2|[silent]
|move|p1a: Sableye|Encore|p2a: Kingambit
|-hint|Since gen 7, Dark is immune to Prankster moves.
|-immune|p2a: Kingambit
|
|upkeep
|turn|16
|
|t:|1781370108
|switch|p1a: Pincurchin|Pincurchin, M|27/100
|-damage|p1a: Pincurchin|14/100|[from] Stealth Rock
|-fieldstart|move: Electric Terrain|[from] ability: Electric Surge|[of] p1a: Pincurchin
|move|p2a: Kingambit|Swords Dance|p2a: Kingambit
|-boost|p2a: Kingambit|atk|2
|
|upkeep
|turn|17
|
|t:|1781370117
|move|p2a: Kingambit|Kowtow Cleave|p1a: Pincurchin
|-damage|p1a: Pincurchin|0 fnt
|faint|p1a: Pincurchin
|
|upkeep
|
|t:|1781370120
|switch|p1a: Iron Leaves|Iron Leaves|100/100
|-damage|p1a: Iron Leaves|88/100|[from] Stealth Rock
|-activate|p1a: Iron Leaves|ability: Quark Drive
|-start|p1a: Iron Leaves|quarkdriveatk
|turn|18
|
|t:|1781370126
|-terastallize|p1a: Iron Leaves|Fighting
|move|p2a: Kingambit|Sucker Punch|p1a: Iron Leaves
|-resisted|p1a: Iron Leaves
|-damage|p1a: Iron Leaves|18/100
|move|p1a: Iron Leaves|Close Combat|p2a: Kingambit
|-supereffective|p2a: Kingambit
|-damage|p2a: Kingambit|0 fnt
|-unboost|p1a: Iron Leaves|def|1
|-unboost|p1a: Iron Leaves|spd|1
|faint|p2a: Kingambit
|-end|p2a: Kingambit|fallen2|[silent]
|-damage|p1a: Iron Leaves|8/100|[from] item: Life Orb
|
|upkeep
|
|t:|1781370134
|switch|p2a: Ceruledge|Ceruledge, M|57/100
|turn|19
|
|t:|1781370143
|-end|p1a: Iron Leaves|Quark Drive|[silent]
|switch|p1a: Sableye|Sableye, F|79/100
|-damage|p1a: Sableye|67/100|[from] Stealth Rock
|move|p2a: Ceruledge|Shadow Sneak|p1a: Sableye
|-damage|p1a: Sableye|48/100
|
|upkeep
|turn|20
|
|t:|1781370157
|switch|p2a: Glimmora|Glimmora, M|66/100
|move|p1a: Sableye|Recover|p1a: Sableye
|-heal|p1a: Sableye|98/100
|
|upkeep
|turn|21
|
|t:|1781370169
|move|p1a: Sableye|Will-O-Wisp|p2a: Glimmora
|-status|p2a: Glimmora|brn
|move|p2a: Glimmora|Earth Power|p1a: Sableye
|-damage|p1a: Sableye|50/100
|
|-damage|p2a: Glimmora|59/100 brn|[from] brn
|upkeep
|turn|22
|
|t:|1781370191
|switch|p1a: Iron Crown|Iron Crown|100/100
|-damage|p1a: Iron Crown|94/100|[from] Stealth Rock
|-activate|p1a: Iron Crown|ability: Quark Drive
|-start|p1a: Iron Crown|quarkdrivespe
|move|p2a: Glimmora|Earth Power|p1a: Iron Crown
|-supereffective|p1a: Iron Crown
|-damage|p1a: Iron Crown|29/100
|-unboost|p1a: Iron Crown|spd|1
|
|-damage|p2a: Glimmora|53/100 brn|[from] brn
|upkeep
|turn|23
|
|t:|1781370203
|move|p1a: Iron Crown|Tachyon Cutter|p2a: Glimmora
|-supereffective|p2a: Glimmora
|-damage|p2a: Glimmora|0 fnt
|faint|p2a: Glimmora
|-hitcount|p2: Glimmora|1
|
|-fieldend|move: Electric Terrain
|-end|p1a: Iron Crown|Quark Drive
|upkeep
|
|t:|1781370205
|switch|p2a: Ceruledge|Ceruledge, M|57/100
|turn|24
|
|t:|1781370213
|-end|p1a: Iron Crown|Quark Drive|[silent]
|switch|p1a: Iron Valiant|Iron Valiant|3/100
|-damage|p1a: Iron Valiant|0 fnt|[from] Stealth Rock
|faint|p1a: Iron Valiant
|-end|p1a: Iron Valiant|Quark Drive|[silent]
|move|p2a: Ceruledge|Shadow Sneak|p1: Iron Valiant|[notarget]
|-fail|p2a: Ceruledge
|
|upkeep
|
|t:|1781370221
|switch|p1a: Alomomola|Alomomola, M|53/100
|-damage|p1a: Alomomola|40/100|[from] Stealth Rock
|turn|25
|
|t:|1781370225
|move|p2a: Ceruledge|Swords Dance|p2a: Ceruledge
|-boost|p2a: Ceruledge|atk|2
|move|p1a: Alomomola|Wish|p1a: Alomomola
|
|upkeep
|turn|26
|
|t:|1781370240
|move|p2a: Ceruledge|Bitter Blade|p1a: Alomomola
|-resisted|p1a: Alomomola
|-damage|p1a: Alomomola|10/100
|-heal|p2a: Ceruledge|81/100|[from] drain|[of] p1a: Alomomola
|move|p1a: Alomomola|Flip Turn|p2a: Ceruledge
|-supereffective|p2a: Ceruledge
|-damage|p2a: Ceruledge|39/100
|-ability|p2a: Ceruledge|Weak Armor|boost
|-unboost|p2a: Ceruledge|def|1
|-boost|p2a: Ceruledge|spe|2
|
|t:|1781370253
|switch|p1a: Iron Leaves|Iron Leaves, tera:Fighting|8/100|[from] Flip Turn
|-damage|p1a: Iron Leaves|2/100|[from] Stealth Rock
|
|-heal|p1a: Iron Leaves|75/100|[from] move: Wish|[wisher] Alomomola
|upkeep
|turn|27
|j| BiscoitoXDBr
|
|t:|1781370261
|-end|p1a: Iron Leaves|Quark Drive|[silent]
|switch|p1a: Alomomola|Alomomola, M|44/100
|-damage|p1a: Alomomola|31/100|[from] Stealth Rock
|move|p2a: Ceruledge|Bitter Blade|p1a: Alomomola
|-resisted|p1a: Alomomola
|-damage|p1a: Alomomola|2/100
|-heal|p2a: Ceruledge|62/100|[from] drain|[of] p1a: Alomomola
|
|upkeep
|turn|28
|
|t:|1781370271
|move|p2a: Ceruledge|Bitter Blade|p1a: Alomomola
|-resisted|p1a: Alomomola
|-damage|p1a: Alomomola|0 fnt
|-heal|p2a: Ceruledge|64/100|[from] drain|[of] p1a: Alomomola
|faint|p1a: Alomomola
|
|upkeep
|
|t:|1781370276
|switch|p1a: Sableye|Sableye, F|50/100
|-damage|p1a: Sableye|38/100|[from] Stealth Rock
|turn|29
|
|t:|1781370281
|move|p2a: Ceruledge|Shadow Sneak|p1a: Sableye
|-damage|p1a: Sableye|2/100
|move|p1a: Sableye|Foul Play|p2a: Ceruledge
|-supereffective|p2a: Ceruledge
|-damage|p2a: Ceruledge|0 fnt
|faint|p2a: Ceruledge
|
|upkeep
|
|t:|1781370286
|switch|p2a: Iron Valiant|Iron Valiant|100/100
|-enditem|p2a: Iron Valiant|Booster Energy
|-activate|p2a: Iron Valiant|ability: Quark Drive|[fromitem]
|-start|p2a: Iron Valiant|quarkdrivespe
|turn|30
|
|t:|1781370291
|move|p1a: Sableye|Will-O-Wisp|p2a: Iron Valiant
|-status|p2a: Iron Valiant|brn
|move|p2a: Iron Valiant|Shadow Ball|p1a: Sableye
|-damage|p1a: Sableye|0 fnt
|faint|p1a: Sableye
|
|-damage|p2a: Iron Valiant|94/100 brn|[from] brn
|upkeep
|-message|salazzle stan forfeited.
|
|win|rockeater9000
|raw|salazzle stan's rating: 1568 &rarr; <strong>1551</strong><br />(-17 for losing)
|raw|rockeater9000's rating: 1616 &rarr; <strong>1633</strong><br />(+17 for winning)
|l|☆salazzle stan
|player|p1|
|l|☆rockeater9000
|player|p2|
|l| BiscoitoXDBr
|j|☆rockeater9000
|player|p2|rockeater9000|2|
