|j|☆lolcano46
|j|☆ddukkes
|t:|1781543842
|gametype|singles
|player|p1|lolcano46|fisherman-gen4|1611
|player|p2|ddukkes|smasher|1607
|gen|9
|tier|[Gen 9] OU
|rated|
|rule|HP Percentage Mod: HP is shown in percentages
|rule|Endless Battle Clause: Forcing endless battles is banned
|rule|Species Clause: Limit one of each Pokémon
|rule|OHKO Clause: OHKO moves are banned
|rule|Evasion Items Clause: Evasion items are banned
|rule|Evasion Moves Clause: Evasion moves are banned
|rule|Evasion Abilities Clause: Evasion abilities are banned
|rule|Sleep Moves Clause: Sleep-inducing moves are banned
|clearpoke
|poke|p1|Azelf|
|poke|p1|Ogerpon-Wellspring, F|
|poke|p1|Scizor, M|
|poke|p1|Gengar, M|
|poke|p1|Raging Bolt|
|poke|p1|Cinderace, M|
|poke|p2|Tyranitar, M|
|poke|p2|Excadrill, M|
|poke|p2|Hydrapple, F|
|poke|p2|Zapdos|
|poke|p2|Cinderace, M|
|poke|p2|Alomomola, M|
|teampreview
|inactive|Battle timer is ON: inactive players will automatically lose when time's up. (requested by lolcano46)
|
|t:|1781543849
|teamsize|p1|6
|teamsize|p2|6
|start
|switch|p1a: Cinderace|Cinderace, M|100/100
|switch|p2a: Cinderace|Cinderace, M|100/100
|turn|1
|
|t:|1781543855
|switch|p2a: Alomomola|Alomomola, M|100/100
|move|p1a: Cinderace|Pyro Ball|p2a: Alomomola
|-resisted|p2a: Alomomola
|-damage|p2a: Alomomola|86/100
|
|upkeep
|turn|2
|
|t:|1781543861
|move|p1a: Cinderace|Will-O-Wisp|p2a: Alomomola
|-status|p2a: Alomomola|brn
|move|p2a: Alomomola|Flip Turn|p1a: Cinderace
|-supereffective|p1a: Cinderace
|-damage|p1a: Cinderace|78/100
|
|t:|1781543868
|switch|p2a: Tyranitar|Tyranitar, M, shiny|100/100|[from] Flip Turn
|-weather|Sandstorm|[from] ability: Sand Stream|[of] p2a: Tyranitar
|
|-weather|Sandstorm|[upkeep]
|-damage|p1a: Cinderace|72/100|[from] Sandstorm
|upkeep
|turn|3
|
|t:|1781543875
|switch|p2a: Alomomola|Alomomola, M|100/100 brn
|move|p1a: Cinderace|Will-O-Wisp|p2a: Alomomola
|-fail|p2a: Alomomola|brn
|
|-weather|Sandstorm|[upkeep]
|-damage|p1a: Cinderace|66/100|[from] Sandstorm
|-damage|p2a: Alomomola|94/100 brn|[from] Sandstorm
|-damage|p2a: Alomomola|88/100 brn|[from] brn
|upkeep
|turn|4
|
|t:|1781543885
|switch|p1a: Ogerpon|Ogerpon-Wellspring, F|100/100
|move|p2a: Alomomola|Flip Turn|p1a: Ogerpon
|-immune|p1a: Ogerpon|[from] ability: Water Absorb
|
|-weather|Sandstorm|[upkeep]
|-damage|p1a: Ogerpon|95/100|[from] Sandstorm
|-damage|p2a: Alomomola|82/100 brn|[from] Sandstorm
|-damage|p2a: Alomomola|76/100 brn|[from] brn
|upkeep
|turn|5
|
|t:|1781543894
|switch|p2a: Hydrapple|Hydrapple, F|100/100
|move|p1a: Ogerpon|Swords Dance|p1a: Ogerpon
|-boost|p1a: Ogerpon|atk|2
|
|-weather|Sandstorm|[upkeep]
|-damage|p1a: Ogerpon|89/100|[from] Sandstorm
|-damage|p2a: Hydrapple|94/100|[from] Sandstorm
|upkeep
|turn|6
|
|t:|1781543904
|move|p1a: Ogerpon|Play Rough|p2a: Hydrapple
|-supereffective|p2a: Hydrapple
|-damage|p2a: Hydrapple|18/100
|-damage|p1a: Ogerpon|72/100|[from] item: Rocky Helmet|[of] p2a: Hydrapple
|move|p2a: Hydrapple|Fickle Beam|p1a: Ogerpon
|-damage|p1a: Ogerpon|33/100
|
|-weather|none
|upkeep
|turn|7
|
|t:|1781543919
|switch|p2a: Zapdos|Zapdos, shiny|100/100
|move|p1a: Ogerpon|Ivy Cudgel|p2a: Zapdos|[anim] Ivy Cudgel Water
|-damage|p2a: Zapdos|0 fnt
|faint|p2a: Zapdos
|
|upkeep
|
|t:|1781543926
|switch|p2a: Cinderace|Cinderace, M|100/100
|turn|8
|
|t:|1781543931
|switch|p1a: Cinderace|Cinderace, M|66/100
|move|p2a: Cinderace|Pyro Ball|p1a: Cinderace
|-resisted|p1a: Cinderace
|-damage|p1a: Cinderace|24/100
|
|upkeep
|turn|9
|
|t:|1781543936
|move|p1a: Cinderace|Sucker Punch|p2a: Cinderace
|-start|p1a: Cinderace|typechange|Dark|[from] ability: Libero
|-damage|p2a: Cinderace|55/100
|move|p2a: Cinderace|Pyro Ball|p1a: Cinderace
|-damage|p1a: Cinderace|0 fnt
|faint|p1a: Cinderace
|
|upkeep
|
|t:|1781543942
|switch|p1a: Raging Bolt|Raging Bolt|100/100
|-enditem|p1a: Raging Bolt|Booster Energy
|-activate|p1a: Raging Bolt|ability: Protosynthesis|[fromitem]
|-start|p1a: Raging Bolt|protosynthesisspa
|turn|10
|
|t:|1781543948
|switch|p2a: Tyranitar|Tyranitar, M, shiny|100/100
|-weather|Sandstorm|[from] ability: Sand Stream|[of] p2a: Tyranitar
|move|p1a: Raging Bolt|Dragon Pulse|p2a: Tyranitar
|-damage|p2a: Tyranitar|69/100
|
|-weather|Sandstorm|[upkeep]
|-damage|p1a: Raging Bolt|94/100|[from] Sandstorm
|upkeep
|turn|11
|
|t:|1781543958
|move|p1a: Raging Bolt|Calm Mind|p1a: Raging Bolt
|-boost|p1a: Raging Bolt|spa|1
|-boost|p1a: Raging Bolt|spd|1
|move|p2a: Tyranitar|Ice Punch|p1a: Raging Bolt
|-supereffective|p1a: Raging Bolt
|-damage|p1a: Raging Bolt|43/100
|
|-weather|Sandstorm|[upkeep]
|-damage|p1a: Raging Bolt|37/100|[from] Sandstorm
|upkeep
|turn|12
|
|t:|1781543967
|move|p1a: Raging Bolt|Dragon Pulse|p2a: Tyranitar
|-damage|p2a: Tyranitar|25/100
|move|p2a: Tyranitar|Ice Punch|p1a: Raging Bolt
|-supereffective|p1a: Raging Bolt
|-damage|p1a: Raging Bolt|0 fnt
|faint|p1a: Raging Bolt
|-end|p1a: Raging Bolt|Protosynthesis|[silent]
|
|-weather|Sandstorm|[upkeep]
|upkeep
|
|t:|1781543971
|switch|p1a: Scizor|Scizor, M|100/100
|turn|13
|
|t:|1781543978
|switch|p2a: Alomomola|Alomomola, M|100/100 brn
|move|p1a: Scizor|Swords Dance|p1a: Scizor
|-boost|p1a: Scizor|atk|2
|
|-weather|Sandstorm|[upkeep]
|-damage|p2a: Alomomola|94/100 brn|[from] Sandstorm
|-damage|p2a: Alomomola|88/100 brn|[from] brn
|upkeep
|turn|14
|
|t:|1781543986
|move|p1a: Scizor|Knock Off|p2a: Alomomola
|-damage|p2a: Alomomola|46/100 brn
|-enditem|p2a: Alomomola|Heavy-Duty Boots|[from] move: Knock Off|[of] p1a: Scizor
|move|p2a: Alomomola|Wish|p2a: Alomomola
|
|-weather|none
|-damage|p2a: Alomomola|40/100 brn|[from] brn
|upkeep
|turn|15
|
|t:|1781543993
|move|p1a: Scizor|Close Combat|p2a: Alomomola
|-damage|p2a: Alomomola|0 fnt
|-unboost|p1a: Scizor|def|1
|-unboost|p1a: Scizor|spd|1
|faint|p2a: Alomomola
|
|upkeep
|
|t:|1781543999
|switch|p2a: Excadrill|Excadrill, M, shiny|100/100
|turn|16
|
|t:|1781544003
|switch|p1a: Azelf|Azelf|100/100
|move|p2a: Excadrill|Earthquake|p1a: Azelf
|-immune|p1a: Azelf|[from] ability: Levitate
|
|upkeep
|turn|17
|j| nesnot
|
|t:|1781544012
|switch|p2a: Tyranitar|Tyranitar, M, shiny|25/100
|-weather|Sandstorm|[from] ability: Sand Stream|[of] p2a: Tyranitar
|move|p1a: Azelf|Flamethrower|p2a: Tyranitar
|-resisted|p2a: Tyranitar
|-damage|p2a: Tyranitar|18/100
|
|-weather|Sandstorm|[upkeep]
|-damage|p1a: Azelf|94/100|[from] Sandstorm
|upkeep
|turn|18
|
|t:|1781544021
|move|p1a: Azelf|Dazzling Gleam|p2a: Tyranitar
|-supereffective|p2a: Tyranitar
|-damage|p2a: Tyranitar|0 fnt
|faint|p2a: Tyranitar
|
|-weather|Sandstorm|[upkeep]
|-damage|p1a: Azelf|88/100|[from] Sandstorm
|upkeep
|
|t:|1781544027
|switch|p2a: Cinderace|Cinderace, M|55/100
|turn|19
|
|t:|1781544034
|switch|p1a: Gengar|Gengar, M|100/100
|move|p2a: Cinderace|U-turn|p1a: Gengar
|-start|p2a: Cinderace|typechange|Bug|[from] ability: Libero
|-resisted|p1a: Gengar
|-damage|p1a: Gengar|85/100
|
|t:|1781544040
|switch|p2a: Excadrill|Excadrill, M, shiny|100/100|[from] U-turn
|
|-weather|Sandstorm|[upkeep]
|-damage|p1a: Gengar|79/100|[from] Sandstorm
|upkeep
|turn|20
|
|t:|1781544048
|-terastallize|p1a: Gengar|Flying
|move|p2a: Excadrill|Substitute|p2a: Excadrill
|-start|p2a: Excadrill|Substitute
|-damage|p2a: Excadrill|76/100
|move|p1a: Gengar|Trick||[still]
|-fail|p1a: Gengar
|
|-weather|Sandstorm|[upkeep]
|-damage|p1a: Gengar|73/100|[from] Sandstorm
|-heal|p2a: Excadrill|82/100|[from] item: Leftovers
|upkeep
|turn|21
|
|t:|1781544058
|switch|p1a: Ogerpon|Ogerpon-Wellspring, F|33/100
|move|p2a: Excadrill|Rapid Spin|p1a: Ogerpon
|-damage|p1a: Ogerpon|9/100
|-boost|p2a: Excadrill|spe|1
|
|-weather|none
|-heal|p2a: Excadrill|88/100|[from] item: Leftovers
|upkeep
|turn|22
|
|t:|1781544066
|switch|p1a: Gengar|Gengar, M, tera:Flying|73/100
|move|p2a: Excadrill|Rapid Spin|p1a: Gengar
|-crit|p1a: Gengar
|-damage|p1a: Gengar|12/100
|-boost|p2a: Excadrill|spe|1
|
|-heal|p2a: Excadrill|94/100|[from] item: Leftovers
|upkeep
|turn|23
|
|t:|1781544075
|move|p2a: Excadrill|Rapid Spin|p1a: Gengar
|-damage|p1a: Gengar|0 fnt
|-boost|p2a: Excadrill|spe|1
|faint|p1a: Gengar
|
|-heal|p2a: Excadrill|99/100|[from] item: Leftovers
|upkeep
|
|t:|1781544079
|switch|p1a: Scizor|Scizor, M|100/100
|turn|24
|
|t:|1781544086
|move|p2a: Excadrill|Earthquake|p1a: Scizor
|-damage|p1a: Scizor|37/100
|move|p1a: Scizor|Knock Off|p2a: Excadrill
|-crit|p2a: Excadrill
|-end|p2a: Excadrill|Substitute
|
|-heal|p2a: Excadrill|100/100|[from] item: Leftovers
|upkeep
|turn|25
|
|t:|1781544093
|move|p1a: Scizor|Bullet Punch|p2a: Excadrill
|-resisted|p2a: Excadrill
|-damage|p2a: Excadrill|72/100
|move|p2a: Excadrill|Substitute|p2a: Excadrill
|-start|p2a: Excadrill|Substitute
|-damage|p2a: Excadrill|47/100
|
|-heal|p2a: Excadrill|53/100|[from] item: Leftovers
|upkeep
|turn|26
|
|t:|1781544101
|move|p1a: Scizor|Bullet Punch|p2a: Excadrill
|-resisted|p2a: Excadrill
|-end|p2a: Excadrill|Substitute
|move|p2a: Excadrill|Earthquake|p1a: Scizor
|-damage|p1a: Scizor|0 fnt
|faint|p1a: Scizor
|
|-heal|p2a: Excadrill|59/100|[from] item: Leftovers
|upkeep
|
|t:|1781544104
|switch|p1a: Azelf|Azelf|88/100
|turn|27
|
|t:|1781544112
|-terastallize|p2a: Excadrill|Ground
|move|p2a: Excadrill|Rock Slide|p1a: Azelf
|-damage|p1a: Azelf|41/100
|cant|p1a: Azelf|flinch
|
|-heal|p2a: Excadrill|65/100|[from] item: Leftovers
|upkeep
|turn|28
|-message|lolcano46 forfeited.
|
|win|ddukkes
|raw|lolcano46's rating: 1611 &rarr; <strong>1591</strong><br />(-20 for losing)
|raw|ddukkes's rating: 1607 &rarr; <strong>1627</strong><br />(+20 for winning)
|l|☆lolcano46
|player|p1|
|l| nesnot
|l|☆ddukkes
|player|p2|
