|badge|p2|silver|gen9ou|30-9
|uhtml|medal-msg|<div class="broadcast-blue">Curious what those medals under the avatar are? PS now has Ladder Seasons! For more information, check out the <a href="https://www.smogon.com/forums/threads/3740067/">thread on Smogon.</a></div>
|j|☆bfrhnnlfhroh
|j|☆moth ily
|t:|1781139663
|gametype|singles
|player|p1|bfrhnnlfhroh|169|1724
|player|p2|moth ily|iono-masters|1898
|gen|9
|tier|[Gen 9] OU
|rated|
|rule|HP Percentage Mod: HP is shown in percentages
|rule|Endless Battle Clause: Forcing endless battles is banned
|rule|Species Clause: Limit one of each Pokémon
|rule|OHKO Clause: OHKO moves are banned
|rule|Evasion Items Clause: Evasion items are banned
|rule|Evasion Moves Clause: Evasion moves are banned
|rule|Evasion Abilities Clause: Evasion abilities are banned
|rule|Sleep Moves Clause: Sleep-inducing moves are banned
|clearpoke
|poke|p1|Walking Wake|
|poke|p1|Great Tusk|
|poke|p1|Ninetales, M|
|poke|p1|Cinderace, M|
|poke|p1|Raging Bolt|
|poke|p1|Glimmora, F|
|poke|p2|Slither Wing|
|poke|p2|Ninetales, M|
|poke|p2|Ceruledge, F|
|poke|p2|Great Tusk|
|poke|p2|Walking Wake|
|poke|p2|Venusaur, M|
|teampreview
|c|☆moth ily|hf
|
|t:|1781139678
|teamsize|p1|6
|teamsize|p2|6
|start
|switch|p1a: Cinderace|Cinderace, M|100/100
|switch|p2a: OMG ILY|Slither Wing|100/100
|turn|1
|
|t:|1781139692
|-end|p2a: OMG ILY|Protosynthesis|[silent]
|switch|p2a: Nah I'd Spin|Great Tusk|100/100
|move|p1a: Cinderace|U-turn|p2a: Nah I'd Spin
|-start|p1a: Cinderace|typechange|Bug|[from] ability: Libero
|-resisted|p2a: Nah I'd Spin
|-damage|p2a: Nah I'd Spin|82/100
|-damage|p1a: Cinderace|84/100|[from] item: Rocky Helmet|[of] p2a: Nah I'd Spin
|
|t:|1781139703
|switch|p1a: fast strong|Walking Wake|100/100|[from] U-turn
|
|upkeep
|turn|2
|
|t:|1781139710
|-end|p2a: Nah I'd Spin|Protosynthesis|[silent]
|switch|p2a: OMG ILY|Slither Wing|100/100
|move|p1a: fast strong|Draco Meteor|p2a: OMG ILY
|-damage|p2a: OMG ILY|42/100
|-unboost|p1a: fast strong|spa|2
|
|upkeep
|turn|3
|
|t:|1781139719
|-end|p1a: fast strong|Protosynthesis|[silent]
|switch|p1a: Glimmora|Glimmora, F|100/100
|-end|p2a: OMG ILY|Protosynthesis|[silent]
|switch|p2a: Nah I'd Spin|Great Tusk|82/100
|
|upkeep
|turn|4
|
|t:|1781139737
|move|p2a: Nah I'd Spin|Stealth Rock|p1a: Glimmora
|-sidestart|p1: bfrhnnlfhroh|move: Stealth Rock
|move|p1a: Glimmora|Mortal Spin|p2a: Nah I'd Spin
|-resisted|p2a: Nah I'd Spin
|-damage|p2a: Nah I'd Spin|80/100
|-status|p2a: Nah I'd Spin|psn
|-damage|p1a: Glimmora|84/100|[from] item: Rocky Helmet|[of] p2a: Nah I'd Spin
|-sideend|p1: bfrhnnlfhroh|Stealth Rock|[from] move: Mortal Spin|[of] p1a: Glimmora
|
|-damage|p2a: Nah I'd Spin|68/100 psn|[from] psn
|upkeep
|turn|5
|
|t:|1781139748
|switch|p1a: fast|Great Tusk|100/100
|move|p2a: Nah I'd Spin|Headlong Rush|p1a: fast
|-damage|p1a: fast|65/100
|-unboost|p2a: Nah I'd Spin|def|1
|-unboost|p2a: Nah I'd Spin|spd|1
|
|-heal|p1a: fast|71/100|[from] item: Leftovers
|-damage|p2a: Nah I'd Spin|55/100 psn|[from] psn
|upkeep
|turn|6
|
|t:|1781139760
|move|p1a: fast|Headlong Rush|p2a: Nah I'd Spin
|-damage|p2a: Nah I'd Spin|0 fnt
|-unboost|p1a: fast|def|1
|-unboost|p1a: fast|spd|1
|-damage|p1a: fast|55/100|[from] item: Rocky Helmet|[of] p2a: Nah I'd Spin
|faint|p2a: Nah I'd Spin
|-end|p2a: Nah I'd Spin|Protosynthesis|[silent]
|
|-heal|p1a: fast|61/100|[from] item: Leftovers
|upkeep
|j| The Hippo Don
|
|t:|1781139765
|switch|p2a: Red judas|Ceruledge, F|100/100
|-item|p2a: Red judas|Air Balloon
|turn|7
|
|t:|1781139778
|-end|p1a: fast|Protosynthesis|[silent]
|switch|p1a: good|Ninetales, M|100/100
|-weather|SunnyDay|[from] ability: Drought|[of] p1a: good
|move|p2a: Red judas|Swords Dance|p2a: Red judas
|-boost|p2a: Red judas|atk|2
|
|-weather|SunnyDay|[upkeep]
|upkeep
|turn|8
|
|t:|1781139786
|switch|p2a: Walkenheimer|Walking Wake|100/100
|-activate|p2a: Walkenheimer|ability: Protosynthesis
|-start|p2a: Walkenheimer|protosynthesisspe
|move|p1a: good|Encore||[still]
|-fail|p1a: good
|
|-weather|SunnyDay|[upkeep]
|upkeep
|turn|9
|
|t:|1781139807
|switch|p1a: fast|Great Tusk|61/100
|-activate|p1a: fast|ability: Protosynthesis
|-start|p1a: fast|protosynthesisspe
|move|p2a: Walkenheimer|Hydro Steam|p1a: fast
|-supereffective|p1a: fast
|-damage|p1a: fast|0 fnt
|faint|p1a: fast
|-end|p1a: fast|Protosynthesis|[silent]
|
|-weather|SunnyDay|[upkeep]
|upkeep
|
|t:|1781139818
|switch|p1a: Raging Bolt|Raging Bolt|100/100
|-activate|p1a: Raging Bolt|ability: Protosynthesis
|-start|p1a: Raging Bolt|protosynthesisspa
|turn|10
|
|t:|1781139841
|move|p2a: Walkenheimer|Draco Meteor|p1a: Raging Bolt
|-supereffective|p1a: Raging Bolt
|-damage|p1a: Raging Bolt|0 fnt
|-unboost|p2a: Walkenheimer|spa|2
|faint|p1a: Raging Bolt
|-end|p1a: Raging Bolt|Protosynthesis|[silent]
|
|-weather|SunnyDay|[upkeep]
|upkeep
|
|t:|1781139869
|switch|p1a: fast strong|Walking Wake|100/100
|-activate|p1a: fast strong|ability: Protosynthesis
|-start|p1a: fast strong|protosynthesisspe
|turn|11
|
|t:|1781139877
|-end|p2a: Walkenheimer|Protosynthesis|[silent]
|switch|p2a: OMG ILY|Slither Wing|42/100
|-activate|p2a: OMG ILY|ability: Protosynthesis
|-start|p2a: OMG ILY|protosynthesisatk
|-terastallize|p1a: fast strong|Water
|move|p1a: fast strong|Draco Meteor|p2a: OMG ILY
|-damage|p2a: OMG ILY|0 fnt
|-unboost|p1a: fast strong|spa|2
|faint|p2a: OMG ILY
|-end|p2a: OMG ILY|Protosynthesis|[silent]
|
|-weather|SunnyDay|[upkeep]
|upkeep
|
|t:|1781139881
|switch|p2a: Flowey|Venusaur, M|100/100
|turn|12
|
|t:|1781139893
|-end|p1a: fast strong|Protosynthesis|[silent]
|switch|p1a: Cinderace|Cinderace, M|84/100
|-terastallize|p2a: Flowey|Fire
|move|p2a: Flowey|Growth|p2a: Flowey
|-boost|p2a: Flowey|atk|2
|-boost|p2a: Flowey|spa|2
|
|-weather|SunnyDay|[upkeep]
|upkeep
|turn|13
|
|t:|1781139902
|move|p1a: Cinderace|Sucker Punch|p2a: Flowey
|-start|p1a: Cinderace|typechange|Dark|[from] ability: Libero
|-damage|p2a: Flowey|33/100
|move|p2a: Flowey|Earthquake|p1a: Cinderace
|-damage|p1a: Cinderace|7/100
|-damage|p2a: Flowey|24/100|[from] item: Life Orb
|
|-weather|SunnyDay|[upkeep]
|upkeep
|turn|14
|
|t:|1781139918
|switch|p2a: Walkenheimer|Walking Wake|100/100
|-activate|p2a: Walkenheimer|ability: Protosynthesis
|-start|p2a: Walkenheimer|protosynthesisspe
|move|p1a: Cinderace|Sucker Punch||[still]
|-fail|p1a: Cinderace
|
|-weather|none
|-end|p2a: Walkenheimer|Protosynthesis
|upkeep
|turn|15
|
|t:|1781139942
|-end|p2a: Walkenheimer|Protosynthesis|[silent]
|switch|p2a: naruto|Ninetales, M|100/100
|-weather|SunnyDay|[from] ability: Drought|[of] p2a: naruto
|move|p1a: Cinderace|Sucker Punch||[still]
|-fail|p1a: Cinderace
|
|-weather|SunnyDay|[upkeep]
|upkeep
|turn|16
|inactive|Battle timer is ON: inactive players will automatically lose when time's up. (requested by moth ily)
|
|t:|1781139949
|switch|p1a: fast strong|Walking Wake, tera:Water|100/100
|-activate|p1a: fast strong|ability: Protosynthesis
|-start|p1a: fast strong|protosynthesisspe
|move|p2a: naruto|Healing Wish|p2a: naruto
|faint|p2a: naruto
|
|-weather|SunnyDay|[upkeep]
|upkeep
|
|t:|1781139950
|switch|p2a: Flowey|Venusaur, M, tera:Fire|24/100
|-heal|p2a: Flowey|100/100|[from] move: Healing Wish
|turn|17
|
|t:|1781139959
|move|p2a: Flowey|Giga Drain|p1a: fast strong
|-supereffective|p1a: fast strong
|-damage|p1a: fast strong|0 fnt
|faint|p1a: fast strong
|-end|p1a: fast strong|Protosynthesis|[silent]
|-damage|p2a: Flowey|91/100|[from] item: Life Orb
|
|-weather|SunnyDay|[upkeep]
|upkeep
|
|t:|1781139979
|switch|p1a: Cinderace|Cinderace, M|7/100
|turn|18
|
|t:|1781139987
|move|p1a: Cinderace|Sucker Punch|p2a: Flowey
|-start|p1a: Cinderace|typechange|Dark|[from] ability: Libero
|-damage|p2a: Flowey|23/100
|move|p2a: Flowey|Giga Drain|p1a: Cinderace
|-damage|p1a: Cinderace|0 fnt
|-heal|p2a: Flowey|27/100|[from] drain|[of] p1a: Cinderace
|faint|p1a: Cinderace
|-damage|p2a: Flowey|17/100|[from] item: Life Orb
|
|-weather|SunnyDay|[upkeep]
|upkeep
|
|t:|1781140002
|switch|p1a: good|Ninetales, M|100/100
|turn|19
|
|t:|1781140008
|move|p2a: Flowey|Earthquake|p1a: good
|-supereffective|p1a: good
|-damage|p1a: good|37/100
|-damage|p2a: Flowey|8/100|[from] item: Life Orb
|move|p1a: good|Weather Ball|p2a: Flowey
|-resisted|p2a: Flowey
|-damage|p2a: Flowey|0 fnt
|faint|p2a: Flowey
|
|-weather|SunnyDay|[upkeep]
|upkeep
|
|t:|1781140010
|switch|p2a: Walkenheimer|Walking Wake|100/100
|-activate|p2a: Walkenheimer|ability: Protosynthesis
|-start|p2a: Walkenheimer|protosynthesisspe
|turn|20
|
|t:|1781140022
|move|p2a: Walkenheimer|Hydro Steam|p1a: good
|-supereffective|p1a: good
|-damage|p1a: good|0 fnt
|faint|p1a: good
|
|-weather|SunnyDay|[upkeep]
|upkeep
|
|t:|1781140027
|switch|p1a: Glimmora|Glimmora, F|84/100
|turn|21
|
|t:|1781140034
|move|p2a: Walkenheimer|Hydro Steam|p1a: Glimmora
|-supereffective|p1a: Glimmora
|-damage|p1a: Glimmora|0 fnt
|faint|p1a: Glimmora
|
|win|moth ily
|raw|bfrhnnlfhroh's rating: 1724 &rarr; <strong>1713</strong><br />(-11 for losing)
|raw|moth ily's rating: 1898 &rarr; <strong>1909</strong><br />(+11 for winning)
|l|☆bfrhnnlfhroh
|player|p1|
|l|☆moth ily
|player|p2|
