|j|☆flamesjefferyx
|j|☆LowEL0God
|t:|1781417225
|gametype|singles
|player|p1|flamesjefferyx|zinnia|1552
|player|p2|LowEL0God|265|1572
|gen|9
|tier|[Gen 9] OU
|rated|
|rule|HP Percentage Mod: HP is shown in percentages
|rule|Endless Battle Clause: Forcing endless battles is banned
|rule|Species Clause: Limit one of each Pokémon
|rule|OHKO Clause: OHKO moves are banned
|rule|Evasion Items Clause: Evasion items are banned
|rule|Evasion Moves Clause: Evasion moves are banned
|rule|Evasion Abilities Clause: Evasion abilities are banned
|rule|Sleep Moves Clause: Sleep-inducing moves are banned
|clearpoke
|poke|p1|Pelipper, M|
|poke|p1|Raging Bolt|
|poke|p1|Overqwil, M|
|poke|p1|Barraskewda, M|
|poke|p1|Iron Treads|
|poke|p1|Kingambit, M|
|poke|p2|Pelipper, F|
|poke|p2|Raging Bolt|
|poke|p2|Overqwil, M|
|poke|p2|Barraskewda, M|
|poke|p2|Iron Treads|
|poke|p2|Kingambit, F|
|teampreview
|c|☆LowEL0God|hf
|inactive|Battle timer is ON: inactive players will automatically lose when time's up. (requested by LowEL0God)
|inactive|flamesjefferyx also wants the timer to be on.
|c|☆flamesjefferyx|Gljf
|
|t:|1781417243
|teamsize|p1|6
|teamsize|p2|6
|start
|switch|p1a: man|Iron Treads|100/100
|switch|p2a: Kingambit|Kingambit, F|100/100
|-enditem|p1a: man|Booster Energy
|-activate|p1a: man|ability: Quark Drive|[fromitem]
|-start|p1a: man|quarkdrivespe
|turn|1
|
|t:|1781417245
|move|p1a: man|Stealth Rock|p2a: Kingambit
|-sidestart|p2: LowEL0God|move: Stealth Rock
|move|p2a: Kingambit|Swords Dance|p2a: Kingambit
|-boost|p2a: Kingambit|atk|2
|
|upkeep
|turn|2
|
|t:|1781417249
|move|p1a: man|Earth Power|p2a: Kingambit
|-supereffective|p2a: Kingambit
|-damage|p2a: Kingambit|33/100
|move|p2a: Kingambit|Kowtow Cleave|p1a: man
|-damage|p1a: man|8/100
|
|-heal|p2a: Kingambit|39/100|[from] item: Leftovers
|upkeep
|turn|3
|
|t:|1781417256
|move|p2a: Kingambit|Sucker Punch||[still]
|-fail|p2a: Kingambit
|move|p1a: man|Stealth Rock||[still]
|-fail|p1a: man
|
|-heal|p2a: Kingambit|46/100|[from] item: Leftovers
|upkeep
|turn|4
|
|t:|1781417259
|move|p2a: Kingambit|Sucker Punch||[still]
|-fail|p2a: Kingambit
|move|p1a: man|Stealth Rock||[still]
|-fail|p1a: man
|
|-heal|p2a: Kingambit|52/100|[from] item: Leftovers
|upkeep
|turn|5
|
|t:|1781417261
|move|p2a: Kingambit|Sucker Punch||[still]
|-fail|p2a: Kingambit
|move|p1a: man|Stealth Rock||[still]
|-fail|p1a: man
|
|-heal|p2a: Kingambit|58/100|[from] item: Leftovers
|upkeep
|turn|6
|
|t:|1781417262
|move|p2a: Kingambit|Sucker Punch|p1a: man
|-damage|p1a: man|0 fnt
|faint|p1a: man
|-end|p1a: man|Quark Drive|[silent]
|
|-heal|p2a: Kingambit|64/100|[from] item: Leftovers
|upkeep
|
|t:|1781417265
|switch|p1a: cat|Pelipper, M|100/100
|-weather|RainDance|[from] ability: Drizzle|[of] p1a: cat
|turn|7
|
|t:|1781417269
|move|p2a: Kingambit|Kowtow Cleave|p1a: cat
|-damage|p1a: cat|22/100
|move|p1a: cat|Roost|p1a: cat
|-heal|p1a: cat|72/100
|-singleturn|p1a: cat|move: Roost
|
|-weather|RainDance|[upkeep]
|-heal|p2a: Kingambit|71/100|[from] item: Leftovers
|upkeep
|turn|8
|
|t:|1781417272
|move|p2a: Kingambit|Kowtow Cleave|p1a: cat
|-damage|p1a: cat|0 fnt
|faint|p1a: cat
|
|-weather|RainDance|[upkeep]
|-heal|p2a: Kingambit|77/100|[from] item: Leftovers
|upkeep
|
|t:|1781417275
|switch|p1a: rabbit|Raging Bolt|100/100
|-enditem|p1a: rabbit|Booster Energy
|-activate|p1a: rabbit|ability: Protosynthesis|[fromitem]
|-start|p1a: rabbit|protosynthesisspa
|turn|9
|
|t:|1781417278
|move|p1a: rabbit|Thunderclap|p2a: Kingambit
|-damage|p2a: Kingambit|24/100
|move|p2a: Kingambit|Kowtow Cleave|p1a: rabbit
|-damage|p1a: rabbit|8/100
|
|-weather|RainDance|[upkeep]
|-heal|p2a: Kingambit|31/100|[from] item: Leftovers
|upkeep
|turn|10
|
|t:|1781417281
|move|p1a: rabbit|Thunderclap|p2a: Kingambit
|-damage|p2a: Kingambit|0 fnt
|faint|p2a: Kingambit
|-end|p2a: Kingambit|fallenundefined|[silent]
|
|-weather|RainDance|[upkeep]
|upkeep
|
|t:|1781417282
|switch|p2a: Iron Treads|Iron Treads|100/100
|-damage|p2a: Iron Treads|97/100|[from] Stealth Rock
|-enditem|p2a: Iron Treads|Booster Energy
|-activate|p2a: Iron Treads|ability: Quark Drive|[fromitem]
|-start|p2a: Iron Treads|quarkdrivespe
|turn|11
|
|t:|1781417284
|move|p2a: Iron Treads|Rapid Spin|p1a: rabbit
|-damage|p1a: rabbit|0 fnt
|-boost|p2a: Iron Treads|spe|1
|-sideend|p2: LowEL0God|Stealth Rock|[from] move: Rapid Spin|[of] p2a: Iron Treads
|faint|p1a: rabbit
|-end|p1a: rabbit|Protosynthesis|[silent]
|
|-weather|RainDance|[upkeep]
|upkeep
|
|t:|1781417287
|switch|p1a: e e|Barraskewda, M|100/100
|turn|12
|
|t:|1781417295
|-end|p2a: Iron Treads|Quark Drive|[silent]
|switch|p2a: Raging Bolt|Raging Bolt|100/100
|-enditem|p2a: Raging Bolt|Booster Energy
|-activate|p2a: Raging Bolt|ability: Protosynthesis|[fromitem]
|-start|p2a: Raging Bolt|protosynthesisspa
|move|p1a: e e|Flip Turn|p2a: Raging Bolt
|-resisted|p2a: Raging Bolt
|-damage|p2a: Raging Bolt|66/100
|
|t:|1781417299
|switch|p1a: dog|Overqwil, M|100/100|[from] Flip Turn
|
|-weather|RainDance|[upkeep]
|upkeep
|turn|13
|
|t:|1781417300
|move|p1a: dog|Gunk Shot|p2a: Raging Bolt
|-damage|p2a: Raging Bolt|0 fnt
|faint|p2a: Raging Bolt
|-end|p2a: Raging Bolt|Protosynthesis|[silent]
|-damage|p1a: dog|91/100|[from] item: Life Orb
|
|-weather|RainDance|[upkeep]
|upkeep
|
|t:|1781417303
|switch|p2a: Barraskewda|Barraskewda, M|100/100
|turn|14
|
|t:|1781417310
|move|p2a: Barraskewda|Liquidation|p1a: dog
|-crit|p1a: dog
|-damage|p1a: dog|0 fnt
|faint|p1a: dog
|
|-weather|none
|upkeep
|
|t:|1781417315
|switch|p1a: woman|Kingambit, M, shiny|100/100
|-activate|p1a: woman|ability: Supreme Overlord
|-start|p1a: woman|fallen4|[silent]
|turn|15
|
|t:|1781417320
|move|p2a: Barraskewda|Liquidation|p1a: woman
|-damage|p1a: woman|47/100
|move|p1a: woman|Kowtow Cleave|p2a: Barraskewda
|-damage|p2a: Barraskewda|0 fnt
|faint|p2a: Barraskewda
|
|-heal|p1a: woman|54/100|[from] item: Leftovers
|upkeep
|
|t:|1781417325
|switch|p2a: Pelipper|Pelipper, F|100/100
|-weather|RainDance|[from] ability: Drizzle|[of] p2a: Pelipper
|turn|16
|
|t:|1781417329
|move|p1a: woman|Kowtow Cleave|p2a: Pelipper
|-damage|p2a: Pelipper|48/100
|move|p2a: Pelipper|Weather Ball|p1a: woman
|-damage|p1a: woman|6/100
|
|-weather|RainDance|[upkeep]
|-heal|p1a: woman|12/100|[from] item: Leftovers
|upkeep
|turn|17
|
|t:|1781417334
|move|p1a: woman|Kowtow Cleave|p2a: Pelipper
|-damage|p2a: Pelipper|0 fnt
|faint|p2a: Pelipper
|
|-weather|RainDance|[upkeep]
|-heal|p1a: woman|18/100|[from] item: Leftovers
|upkeep
|
|t:|1781417336
|switch|p2a: Overqwil|Overqwil, M|100/100
|turn|18
|
|t:|1781417338
|move|p1a: woman|Sucker Punch||[still]
|-fail|p1a: woman
|move|p2a: Overqwil|Swords Dance|p2a: Overqwil
|-boost|p2a: Overqwil|atk|2
|
|-weather|RainDance|[upkeep]
|-heal|p1a: woman|24/100|[from] item: Leftovers
|upkeep
|turn|19
|
|t:|1781417340
|move|p2a: Overqwil|Swords Dance|p2a: Overqwil
|-boost|p2a: Overqwil|atk|2
|move|p1a: woman|Kowtow Cleave|p2a: Overqwil
|-resisted|p2a: Overqwil
|-damage|p2a: Overqwil|61/100
|
|-weather|RainDance|[upkeep]
|-heal|p1a: woman|31/100|[from] item: Leftovers
|upkeep
|turn|20
|
|t:|1781417342
|switch|p2a: Iron Treads|Iron Treads|97/100
|move|p1a: woman|Sucker Punch||[still]
|-fail|p1a: woman
|
|-weather|RainDance|[upkeep]
|-heal|p1a: woman|37/100|[from] item: Leftovers
|upkeep
|turn|21
|
|t:|1781417344
|move|p1a: woman|Sucker Punch|p2a: Iron Treads
|-damage|p2a: Iron Treads|46/100
|move|p2a: Iron Treads|Earth Power|p1a: woman
|-supereffective|p1a: woman
|-damage|p1a: woman|0 fnt
|faint|p1a: woman
|-end|p1a: woman|fallen4|[silent]
|
|-weather|RainDance|[upkeep]
|upkeep
|
|t:|1781417347
|switch|p1a: e e|Barraskewda, M|100/100
|turn|22
|
|t:|1781417350
|-terastallize|p1a: e e|Water
|move|p1a: e e|Liquidation|p2a: Iron Treads
|-supereffective|p2a: Iron Treads
|-damage|p2a: Iron Treads|0 fnt
|faint|p2a: Iron Treads
|-end|p2a: Iron Treads|Quark Drive|[silent]
|
|-weather|RainDance|[upkeep]
|upkeep
|
|t:|1781417352
|switch|p2a: Overqwil|Overqwil, M|61/100
|turn|23
|
|t:|1781417353
|-terastallize|p2a: Overqwil|Water
|move|p1a: e e|Liquidation|p2a: Overqwil
|-resisted|p2a: Overqwil
|-damage|p2a: Overqwil|0 fnt
|faint|p2a: Overqwil
|
|win|flamesjefferyx
|raw|flamesjefferyx's rating: 1552 &rarr; <strong>1573</strong><br />(+21 for winning)
|raw|LowEL0God's rating: 1572 &rarr; <strong>1551</strong><br />(-21 for losing)
|c|☆flamesjefferyx|Ggwp
|c|☆LowEL0God|gg
|l|☆LowEL0God
|player|p2|
