|j|☆Kirnil
|j|☆thelarpinglarper
|t:|1781339288
|gametype|singles
|player|p1|Kirnil|maid|1619
|player|p2|thelarpinglarper|sordward|1675
|gen|9
|tier|[Gen 9] OU
|rated|
|rule|HP Percentage Mod: HP is shown in percentages
|rule|Endless Battle Clause: Forcing endless battles is banned
|rule|Species Clause: Limit one of each Pokémon
|rule|OHKO Clause: OHKO moves are banned
|rule|Evasion Items Clause: Evasion items are banned
|rule|Evasion Moves Clause: Evasion moves are banned
|rule|Evasion Abilities Clause: Evasion abilities are banned
|rule|Sleep Moves Clause: Sleep-inducing moves are banned
|clearpoke
|poke|p1|Glimmora, M|
|poke|p1|Great Tusk|
|poke|p1|Alomomola, M|
|poke|p1|Amoonguss, M|
|poke|p1|Iron Valiant|
|poke|p1|Hoopa-Unbound|
|poke|p2|Samurott-Hisui, M|
|poke|p2|Iron Treads|
|poke|p2|Iron Valiant|
|poke|p2|Rotom-Wash|
|poke|p2|Iron Moth|
|poke|p2|Pecharunt|
|teampreview
|inactive|Battle timer is ON: inactive players will automatically lose when time's up. (requested by thelarpinglarper)
|
|t:|1781339297
|teamsize|p1|6
|teamsize|p2|6
|start
|switch|p1a: Amoonguss|Amoonguss, M|100/100
|switch|p2a: Iron Moth|Iron Moth|100/100
|turn|1
|
|t:|1781339303
|switch|p1a: Alomomola|Alomomola, M|100/100
|move|p2a: Iron Moth|U-turn|p1a: Alomomola
|-damage|p1a: Alomomola|93/100
|
|t:|1781339306
|-end|p2a: Iron Moth|Quark Drive|[silent]
|switch|p2a: Samurott|Samurott-Hisui, M|100/100|[from] U-turn
|
|upkeep
|turn|2
|
|t:|1781339311
|move|p2a: Samurott|Razor Shell|p1a: Alomomola
|-resisted|p1a: Alomomola
|-damage|p1a: Alomomola|63/100
|move|p1a: Alomomola|Flip Turn|p2a: Samurott
|-resisted|p2a: Samurott
|-damage|p2a: Samurott|91/100
|
|t:|1781339317
|switch|p1a: Amoonguss|Amoonguss, M|100/100|[from] Flip Turn
|
|upkeep
|turn|3
|
|t:|1781339321
|switch|p2a: Rotom|Rotom-Wash|100/100
|move|p1a: Amoonguss|Sludge Bomb|p2a: Rotom
|-damage|p2a: Rotom|74/100
|-status|p2a: Rotom|psn
|
|-damage|p2a: Rotom|61/100 psn|[from] psn
|upkeep
|turn|4
|
|t:|1781339328
|move|p2a: Rotom|Volt Switch|p1a: Amoonguss
|-resisted|p1a: Amoonguss
|-damage|p1a: Amoonguss|88/100
|
|t:|1781339336
|switch|p2a: Iron Moth|Iron Moth|100/100|[from] Volt Switch
|move|p1a: Amoonguss|Sludge Bomb|p2a: Iron Moth
|-resisted|p2a: Iron Moth
|-damage|p2a: Iron Moth|86/100
|
|upkeep
|turn|5
|
|t:|1781339341
|switch|p1a: Alomomola|Alomomola, M|97/100
|move|p2a: Iron Moth|U-turn|p1a: Alomomola
|-damage|p1a: Alomomola|88/100
|
|t:|1781339343
|-end|p2a: Iron Moth|Quark Drive|[silent]
|switch|p2a: Samurott|Samurott-Hisui, M|91/100|[from] U-turn
|
|upkeep
|turn|6
|
|t:|1781339347
|switch|p1a: Amoonguss|Amoonguss, M|100/100
|move|p2a: Samurott|Ceaseless Edge|p1a: Amoonguss
|-damage|p1a: Amoonguss|52/100
|-damage|p2a: Samurott|74/100|[from] item: Rocky Helmet|[of] p1a: Amoonguss
|-sidestart|p1: Kirnil|Spikes
|
|upkeep
|turn|7
|
|t:|1781339354
|switch|p2a: Rotom|Rotom-Wash|61/100 psn
|move|p1a: Amoonguss|Synthesis|p1a: Amoonguss
|-heal|p1a: Amoonguss|100/100
|
|-damage|p2a: Rotom|49/100 psn|[from] psn
|upkeep
|turn|8
|
|t:|1781339361
|move|p2a: Rotom|Pain Split|p1a: Amoonguss
|-sethp|p1a: Amoonguss|67/100|[from] move: Pain Split|[silent]
|-sethp|p2a: Rotom|96/100 psn|[from] move: Pain Split
|move|p1a: Amoonguss|Sludge Bomb|p2a: Rotom
|-damage|p2a: Rotom|66/100 psn
|
|-damage|p2a: Rotom|53/100 psn|[from] psn
|upkeep
|turn|9
|
|t:|1781339369
|move|p2a: Rotom|Pain Split|p1a: Amoonguss
|-sethp|p1a: Amoonguss|52/100|[from] move: Pain Split|[silent]
|-sethp|p2a: Rotom|74/100 psn|[from] move: Pain Split
|move|p1a: Amoonguss|Sludge Bomb|p2a: Rotom
|-damage|p2a: Rotom|48/100 psn
|
|-damage|p2a: Rotom|35/100 psn|[from] psn
|upkeep
|turn|10
|
|t:|1781339376
|move|p2a: Rotom|Volt Switch|p1a: Amoonguss
|-resisted|p1a: Amoonguss
|-damage|p1a: Amoonguss|40/100
|
|t:|1781339380
|switch|p2a: Iron Moth|Iron Moth|86/100|[from] Volt Switch
|move|p1a: Amoonguss|Sludge Bomb|p2a: Iron Moth
|-resisted|p2a: Iron Moth
|-damage|p2a: Iron Moth|72/100
|
|upkeep
|turn|11
|
|t:|1781339385
|switch|p1a: Alomomola|Alomomola, M|100/100
|-damage|p1a: Alomomola|88/100|[from] Spikes
|move|p2a: Iron Moth|Overheat|p1a: Alomomola
|-resisted|p1a: Alomomola
|-damage|p1a: Alomomola|59/100
|-unboost|p2a: Iron Moth|spa|2
|
|upkeep
|turn|12
|
|t:|1781339393
|-end|p2a: Iron Moth|Quark Drive|[silent]
|switch|p2a: Iron Valiant|Iron Valiant|100/100
|move|p1a: Alomomola|Flip Turn|p2a: Iron Valiant
|-damage|p2a: Iron Valiant|78/100
|
|t:|1781339400
|switch|p1a: Glimmora|Glimmora, M|100/100|[from] Flip Turn
|-item|p1a: Glimmora|Air Balloon
|
|upkeep
|turn|13
|
|t:|1781339404
|move|p2a: Iron Valiant|Close Combat|p1a: Glimmora
|-damage|p1a: Glimmora|0 fnt
|-unboost|p2a: Iron Valiant|def|1
|-unboost|p2a: Iron Valiant|spd|1
|-activate|p1a: Glimmora|ability: Toxic Debris
|-sidestart|p2: thelarpinglarper|move: Toxic Spikes
|-enditem|p1a: Glimmora|Air Balloon
|faint|p1a: Glimmora
|-damage|p2a: Iron Valiant|68/100|[from] item: Life Orb
|
|upkeep
|
|t:|1781339413
|switch|p1a: Great Tusk|Great Tusk|100/100
|-damage|p1a: Great Tusk|88/100|[from] Spikes
|-enditem|p1a: Great Tusk|Booster Energy
|-activate|p1a: Great Tusk|ability: Protosynthesis|[fromitem]
|-start|p1a: Great Tusk|protosynthesisatk
|turn|14
|
|t:|1781339416
|move|p2a: Iron Valiant|Moonblast|p1a: Great Tusk
|-supereffective|p1a: Great Tusk
|-damage|p1a: Great Tusk|0 fnt
|faint|p1a: Great Tusk
|-end|p1a: Great Tusk|Protosynthesis|[silent]
|-damage|p2a: Iron Valiant|58/100|[from] item: Life Orb
|
|upkeep
|
|t:|1781339424
|switch|p1a: Iron Valiant|Iron Valiant|100/100
|-damage|p1a: Iron Valiant|88/100|[from] Spikes
|-enditem|p1a: Iron Valiant|Booster Energy
|-activate|p1a: Iron Valiant|ability: Quark Drive|[fromitem]
|-start|p1a: Iron Valiant|quarkdrivespe
|turn|15
|
|t:|1781339435
|-end|p2a: Iron Valiant|Quark Drive|[silent]
|switch|p2a: Pecharunt|Pecharunt|100/100
|-sideend|p2: thelarpinglarper|move: Toxic Spikes|[of] p2a: Pecharunt
|move|p1a: Iron Valiant|Knock Off|p2a: Pecharunt
|-supereffective|p2a: Pecharunt
|-damage|p2a: Pecharunt|75/100
|-enditem|p2a: Pecharunt|Heavy-Duty Boots|[from] move: Knock Off|[of] p1a: Iron Valiant
|
|upkeep
|turn|16
|
|t:|1781339446
|-end|p1a: Iron Valiant|Quark Drive|[silent]
|switch|p1a: Alomomola|Alomomola, M|93/100
|-damage|p1a: Alomomola|80/100|[from] Spikes
|move|p2a: Pecharunt|Toxic|p1a: Alomomola
|-status|p1a: Alomomola|tox
|-start|p1a: Alomomola|confusion|[from] ability: Poison Puppeteer|[of] p2a: Pecharunt
|
|-damage|p1a: Alomomola|74/100 tox|[from] psn
|upkeep
|turn|17
|
|t:|1781339450
|move|p2a: Pecharunt|Recover|p2a: Pecharunt
|-heal|p2a: Pecharunt|100/100
|-activate|p1a: Alomomola|confusion
|move|p1a: Alomomola|Flip Turn|p2a: Pecharunt
|-damage|p2a: Pecharunt|93/100
|
|t:|1781339452
|switch|p1a: Hoopa|Hoopa-Unbound|100/100|[from] Flip Turn
|-damage|p1a: Hoopa|88/100|[from] Spikes
|
|-heal|p1a: Hoopa|94/100|[from] item: Leftovers
|upkeep
|turn|18
|
|t:|1781339460
|switch|p2a: Iron Treads|Iron Treads|100/100
|move|p1a: Hoopa|Dark Pulse|p2a: Iron Treads
|-damage|p2a: Iron Treads|36/100
|
|-heal|p1a: Hoopa|100/100|[from] item: Leftovers
|upkeep
|turn|19
|
|t:|1781339463
|switch|p1a: Amoonguss|Amoonguss, M|73/100
|-damage|p1a: Amoonguss|60/100|[from] Spikes
|move|p2a: Iron Treads|Stealth Rock|p1a: Amoonguss
|-sidestart|p1: Kirnil|move: Stealth Rock
|
|upkeep
|turn|20
|
|t:|1781339469
|move|p2a: Iron Treads|Knock Off|p1a: Amoonguss
|-damage|p1a: Amoonguss|43/100
|-damage|p2a: Iron Treads|20/100|[from] item: Rocky Helmet|[of] p1a: Amoonguss
|-enditem|p1a: Amoonguss|Rocky Helmet|[from] move: Knock Off|[of] p2a: Iron Treads
|move|p1a: Amoonguss|Foul Play|p2a: Iron Treads
|-damage|p2a: Iron Treads|2/100
|
|upkeep
|turn|21
|
|t:|1781339477
|-end|p2a: Iron Treads|Quark Drive|[silent]
|switch|p2a: Samurott|Samurott-Hisui, M|74/100
|move|p1a: Amoonguss|Synthesis|p1a: Amoonguss
|-heal|p1a: Amoonguss|93/100
|
|upkeep
|turn|22
|
|t:|1781339485
|move|p2a: Samurott|Ceaseless Edge|p1a: Amoonguss
|-damage|p1a: Amoonguss|47/100
|-sidestart|p1: Kirnil|Spikes
|move|p1a: Amoonguss|Stun Spore|p2a: Samurott
|-status|p2a: Samurott|par
|
|upkeep
|turn|23
|
|t:|1781339494
|switch|p2a: Iron Moth|Iron Moth|72/100
|move|p1a: Amoonguss|Synthesis|p1a: Amoonguss
|-heal|p1a: Amoonguss|97/100
|
|upkeep
|turn|24
|
|t:|1781339499
|switch|p1a: Alomomola|Alomomola, M|100/100 tox
|-damage|p1a: Alomomola|84/100 tox|[from] Spikes
|-damage|p1a: Alomomola|71/100 tox|[from] Stealth Rock
|move|p2a: Iron Moth|Fiery Dance|p1a: Alomomola
|-resisted|p1a: Alomomola
|-damage|p1a: Alomomola|53/100 tox
|-boost|p2a: Iron Moth|spa|1
|
|-damage|p1a: Alomomola|47/100 tox|[from] psn
|upkeep
|turn|25
|
|t:|1781339508
|-end|p2a: Iron Moth|Quark Drive|[silent]
|switch|p2a: Iron Valiant|Iron Valiant|58/100
|move|p1a: Alomomola|Flip Turn|p2a: Iron Valiant
|-damage|p2a: Iron Valiant|37/100
|
|t:|1781339512
|switch|p1a: Iron Valiant|Iron Valiant|88/100|[from] Flip Turn
|-damage|p1a: Iron Valiant|71/100|[from] Spikes
|-damage|p1a: Iron Valiant|65/100|[from] Stealth Rock
|
|upkeep
|turn|26
|
|t:|1781339518
|-end|p2a: Iron Valiant|Quark Drive|[silent]
|switch|p2a: Iron Treads|Iron Treads|2/100
|-end|p1a: Iron Valiant|Quark Drive|[silent]
|switch|p1a: Hoopa|Hoopa-Unbound|100/100
|-damage|p1a: Hoopa|84/100|[from] Spikes
|-damage|p1a: Hoopa|72/100|[from] Stealth Rock
|
|-heal|p1a: Hoopa|78/100|[from] item: Leftovers
|upkeep
|turn|27
|
|t:|1781339524
|-end|p2a: Iron Treads|Quark Drive|[silent]
|switch|p2a: Iron Moth|Iron Moth|72/100
|switch|p1a: Alomomola|Alomomola, M|80/100 tox
|-damage|p1a: Alomomola|63/100 tox|[from] Spikes
|-damage|p1a: Alomomola|51/100 tox|[from] Stealth Rock
|
|-damage|p1a: Alomomola|45/100 tox|[from] psn
|upkeep
|turn|28
|
|t:|1781339527
|move|p2a: Iron Moth|Sludge Wave|p1a: Alomomola
|-damage|p1a: Alomomola|2/100 tox
|move|p1a: Alomomola|Flip Turn|p2a: Iron Moth
|-supereffective|p2a: Iron Moth
|-damage|p2a: Iron Moth|17/100
|
|t:|1781339533
|switch|p1a: Amoonguss|Amoonguss, M|100/100|[from] Flip Turn
|-damage|p1a: Amoonguss|84/100|[from] Spikes
|-damage|p1a: Amoonguss|71/100|[from] Stealth Rock
|
|upkeep
|turn|29
|
|t:|1781339537
|move|p2a: Iron Moth|Sludge Wave|p1a: Amoonguss
|-damage|p1a: Amoonguss|0 fnt
|faint|p1a: Amoonguss
|
|upkeep
|c|☆thelarpinglarper|?
|
|t:|1781339540
|switch|p1a: Iron Valiant|Iron Valiant|65/100
|-damage|p1a: Iron Valiant|49/100|[from] Spikes
|-damage|p1a: Iron Valiant|42/100|[from] Stealth Rock
|turn|30
|
|t:|1781339545
|-end|p2a: Iron Moth|Quark Drive|[silent]
|switch|p2a: Iron Treads|Iron Treads|2/100
|move|p1a: Iron Valiant|Moonblast|p2a: Iron Treads
|-resisted|p2a: Iron Treads
|-damage|p2a: Iron Treads|0 fnt
|faint|p2a: Iron Treads
|-end|p2a: Iron Treads|Quark Drive|[silent]
|
|upkeep
|
|t:|1781339552
|switch|p2a: Pecharunt|Pecharunt|93/100
|turn|31
|
|t:|1781339555
|move|p1a: Iron Valiant|Knock Off|p2a: Pecharunt
|-supereffective|p2a: Pecharunt
|-damage|p2a: Pecharunt|76/100
|move|p2a: Pecharunt|Toxic|p1a: Iron Valiant
|-status|p1a: Iron Valiant|tox
|-start|p1a: Iron Valiant|confusion|[from] ability: Poison Puppeteer|[of] p2a: Pecharunt
|
|-damage|p1a: Iron Valiant|36/100 tox|[from] psn
|upkeep
|turn|32
|
|t:|1781339560
|-activate|p1a: Iron Valiant|confusion
|move|p1a: Iron Valiant|Encore|p2a: Pecharunt
|-start|p2a: Pecharunt|Encore
|move|p2a: Pecharunt|Toxic|p1a: Iron Valiant
|-fail|p1a: Iron Valiant|tox
|
|-damage|p1a: Iron Valiant|24/100 tox|[from] psn
|upkeep
|turn|33
|
|t:|1781339565
|-activate|p1a: Iron Valiant|confusion
|move|p1a: Iron Valiant|Knock Off|p2a: Pecharunt
|-supereffective|p2a: Pecharunt
|-damage|p2a: Pecharunt|59/100
|move|p2a: Pecharunt|Toxic|p1a: Iron Valiant
|-fail|p1a: Iron Valiant|tox
|
|-damage|p1a: Iron Valiant|5/100 tox|[from] psn
|upkeep
|turn|34
|
|t:|1781339569
|switch|p2a: Iron Valiant|Iron Valiant|37/100
|-end|p1a: Iron Valiant|confusion
|move|p1a: Iron Valiant|Knock Off|p2a: Iron Valiant
|-resisted|p2a: Iron Valiant
|-damage|p2a: Iron Valiant|27/100
|-enditem|p2a: Iron Valiant|Life Orb|[from] move: Knock Off|[of] p1a: Iron Valiant
|
|-damage|p1a: Iron Valiant|0 fnt|[from] psn
|faint|p1a: Iron Valiant
|-end|p1a: Iron Valiant|Quark Drive|[silent]
|upkeep
|
|t:|1781339573
|switch|p1a: Hoopa|Hoopa-Unbound|78/100
|-damage|p1a: Hoopa|61/100|[from] Spikes
|-damage|p1a: Hoopa|49/100|[from] Stealth Rock
|turn|35
|
|t:|1781339576
|-terastallize|p1a: Hoopa|Ghost
|move|p2a: Iron Valiant|Close Combat|p1a: Hoopa
|-immune|p1a: Hoopa
|move|p1a: Hoopa|Psychic Noise|p2a: Iron Valiant
|-supereffective|p2a: Iron Valiant
|-damage|p2a: Iron Valiant|0 fnt
|faint|p2a: Iron Valiant
|-end|p2a: Iron Valiant|Quark Drive|[silent]
|
|-heal|p1a: Hoopa|55/100|[from] item: Leftovers
|upkeep
|
|t:|1781339582
|switch|p2a: Iron Moth|Iron Moth|17/100
|turn|36
|
|t:|1781339591
|switch|p1a: Alomomola|Alomomola, M|35/100 tox
|-damage|p1a: Alomomola|18/100 tox|[from] Spikes
|-damage|p1a: Alomomola|6/100 tox|[from] Stealth Rock
|-terastallize|p2a: Iron Moth|Fire
|move|p2a: Iron Moth|Fiery Dance|p1a: Alomomola
|-resisted|p1a: Alomomola
|-damage|p1a: Alomomola|0 fnt
|-boost|p2a: Iron Moth|spa|1
|faint|p1a: Alomomola
|
|upkeep
|
|t:|1781339593
|switch|p1a: Hoopa|Hoopa-Unbound, tera:Ghost|55/100
|-damage|p1a: Hoopa|39/100|[from] Spikes
|-damage|p1a: Hoopa|26/100|[from] Stealth Rock
|turn|37
|
|t:|1781339596
|move|p2a: Iron Moth|Fiery Dance|p1a: Hoopa
|-damage|p1a: Hoopa|0 fnt
|-boost|p2a: Iron Moth|spa|1
|faint|p1a: Hoopa
|
|win|thelarpinglarper
|raw|Kirnil's rating: 1619 &rarr; <strong>1602</strong><br />(-17 for losing)
|raw|thelarpinglarper's rating: 1675 &rarr; <strong>1692</strong><br />(+17 for winning)
|l|☆Kirnil
|player|p1|
|c|☆thelarpinglarper|gg
|l|☆thelarpinglarper
|player|p2|
