|j|☆smokesniper3
|j|☆Astelzhang
|t:|1781531509
|gametype|singles
|player|p1|smokesniper3|veteran|1597
|player|p2|Astelzhang|265|1536
|gen|9
|tier|[Gen 9] OU
|rated|
|rule|HP Percentage Mod: HP is shown in percentages
|rule|Endless Battle Clause: Forcing endless battles is banned
|rule|Species Clause: Limit one of each Pokémon
|rule|OHKO Clause: OHKO moves are banned
|rule|Evasion Items Clause: Evasion items are banned
|rule|Evasion Moves Clause: Evasion moves are banned
|rule|Evasion Abilities Clause: Evasion abilities are banned
|rule|Sleep Moves Clause: Sleep-inducing moves are banned
|clearpoke
|poke|p1|Ninetales, F|
|poke|p1|Scovillain, M|
|poke|p1|Walking Wake|
|poke|p1|Great Tusk|
|poke|p1|Hatterene, F|
|poke|p1|Kingambit, F|
|poke|p2|Garganacl, F|
|poke|p2|Dragapult, F|
|poke|p2|Moltres|
|poke|p2|Great Tusk|
|poke|p2|Iron Crown|
|poke|p2|Meowscarada, F|
|teampreview
|inactive|Battle timer is ON: inactive players will automatically lose when time's up. (requested by Astelzhang)
|
|t:|1781531516
|teamsize|p1|6
|teamsize|p2|6
|start
|switch|p1a: Ninetales|Ninetales, F|100/100
|switch|p2a: Moltres|Moltres|100/100
|-weather|SunnyDay|[from] ability: Drought|[of] p1a: Ninetales
|turn|1
|j| Fat_Yogi
|
|t:|1781531527
|switch|p1a: Hatterene|Hatterene, F|100/100
|move|p2a: Moltres|Scorching Sands|p1a: Hatterene
|-damage|p1a: Hatterene|61/100
|-enditem|p1a: Hatterene|Eject Button
|
|t:|1781531532
|switch|p1a: Walking Wake|Walking Wake|100/100
|-activate|p1a: Walking Wake|ability: Protosynthesis
|-start|p1a: Walking Wake|protosynthesisspa
|
|-weather|SunnyDay|[upkeep]
|upkeep
|turn|2
|
|t:|1781531540
|switch|p2a: Meowscarada|Meowscarada, F|100/100
|move|p1a: Walking Wake|Hydro Steam|p2a: Meowscarada
|-resisted|p2a: Meowscarada
|-damage|p2a: Meowscarada|2/100
|
|-weather|SunnyDay|[upkeep]
|upkeep
|turn|3
|
|t:|1781531551
|-end|p1a: Walking Wake|Protosynthesis|[silent]
|switch|p1a: Hatterene|Hatterene, F|61/100
|move|p2a: Meowscarada|Sucker Punch||[still]
|-fail|p2a: Meowscarada
|
|-weather|SunnyDay|[upkeep]
|upkeep
|turn|4
|
|t:|1781531565
|switch|p2a: Garganacl|Garganacl, F|100/100
|move|p1a: Hatterene|Dazzling Gleam|p2a: Garganacl
|-damage|p2a: Garganacl|75/100
|
|-weather|SunnyDay|[upkeep]
|-heal|p2a: Garganacl|81/100|[from] item: Leftovers
|upkeep
|turn|5
|inactive|Astelzhang has 120 seconds left.
|
|t:|1781531601
|move|p1a: Hatterene|Healing Wish|p1a: Hatterene
|faint|p1a: Hatterene
|move|p2a: Garganacl|Salt Cure|p1: Hatterene|[notarget]
|-fail|p2a: Garganacl
|
|-weather|SunnyDay|[upkeep]
|-heal|p2a: Garganacl|87/100|[from] item: Leftovers
|upkeep
|
|t:|1781531609
|switch|p1a: Walking Wake|Walking Wake|100/100
|-activate|p1a: Walking Wake|ability: Protosynthesis
|-start|p1a: Walking Wake|protosynthesisspa
|turn|6
|inactive|Astelzhang has 120 seconds left.
|
|t:|1781531625
|-terastallize|p2a: Garganacl|Fairy
|move|p1a: Walking Wake|Draco Meteor|p2a: Garganacl
|-immune|p2a: Garganacl
|move|p2a: Garganacl|Salt Cure|p1a: Walking Wake
|-damage|p1a: Walking Wake|84/100
|-start|p1a: Walking Wake|Salt Cure
|
|-weather|SunnyDay|[upkeep]
|-heal|p2a: Garganacl|94/100|[from] item: Leftovers
|-damage|p1a: Walking Wake|59/100|[from] Salt Cure
|upkeep
|turn|7
|inactive|Astelzhang has 120 seconds left.
|
|t:|1781531639
|-end|p1a: Walking Wake|Protosynthesis|[silent]
|switch|p1a: Great Tusk|Great Tusk|100/100
|-activate|p1a: Great Tusk|ability: Protosynthesis
|-start|p1a: Great Tusk|protosynthesisspe
|move|p2a: Garganacl|Protect||[still]
|-fail|p2a: Garganacl
|
|-weather|SunnyDay|[upkeep]
|-heal|p2a: Garganacl|99/100|[from] item: Leftovers
|upkeep
|turn|8
|inactive|Astelzhang has 120 seconds left.
|
|t:|1781531650
|move|p1a: Great Tusk|Headlong Rush|p2a: Garganacl
|-damage|p2a: Garganacl|64/100
|-unboost|p1a: Great Tusk|def|1
|-unboost|p1a: Great Tusk|spd|1
|move|p2a: Garganacl|Salt Cure|p1a: Great Tusk
|-resisted|p1a: Great Tusk
|-damage|p1a: Great Tusk|97/100
|-start|p1a: Great Tusk|Salt Cure
|
|-weather|none
|-end|p1a: Great Tusk|Protosynthesis
|-heal|p2a: Garganacl|70/100|[from] item: Leftovers
|-damage|p1a: Great Tusk|85/100|[from] Salt Cure
|upkeep
|turn|9
|inactive|Astelzhang has 120 seconds left.
|
|t:|1781531676
|-end|p1a: Great Tusk|Protosynthesis|[silent]
|switch|p1a: Ninetales|Ninetales, F|100/100
|-weather|SunnyDay|[from] ability: Drought|[of] p1a: Ninetales
|move|p2a: Garganacl|Recover|p2a: Garganacl
|-heal|p2a: Garganacl|100/100
|
|-weather|SunnyDay|[upkeep]
|upkeep
|turn|10
|
|t:|1781531686
|move|p1a: Ninetales|Encore|p2a: Garganacl
|-start|p2a: Garganacl|Encore
|move|p2a: Garganacl|Recover||[still]
|-fail|p2a: Garganacl|heal
|
|-weather|SunnyDay|[upkeep]
|upkeep
|turn|11
|
|t:|1781531695
|switch|p1a: Scovillain|Scovillain, M|100/100
|switch|p2a: Meowscarada|Meowscarada, F|2/100
|
|-weather|SunnyDay|[upkeep]
|upkeep
|turn|12
|inactive|smokesniper3 has 120 seconds left.
|
|t:|1781531732
|switch|p1a: Kingambit|Kingambit, F|100/100
|-activate|p1a: Kingambit|ability: Supreme Overlord
|-start|p1a: Kingambit|fallen1|[silent]
|move|p2a: Meowscarada|U-turn|p1a: Kingambit
|-start|p2a: Meowscarada|typechange|Bug|[from] ability: Protean
|-damage|p1a: Kingambit|59/100
|
|t:|1781531740
|switch|p2a: Great Tusk|Great Tusk|100/100|[from] U-turn
|-activate|p2a: Great Tusk|ability: Protosynthesis
|-start|p2a: Great Tusk|protosynthesisatk
|
|-weather|SunnyDay|[upkeep]
|-heal|p1a: Kingambit|65/100|[from] item: Leftovers
|upkeep
|turn|13
|inactive|smokesniper3 has 120 seconds left.
|
|t:|1781531761
|-end|p1a: Kingambit|fallen1|[silent]
|switch|p1a: Great Tusk|Great Tusk|85/100
|-heal|p1a: Great Tusk|100/100|[from] move: Healing Wish
|-activate|p1a: Great Tusk|ability: Protosynthesis
|-start|p1a: Great Tusk|protosynthesisspe
|move|p2a: Great Tusk|Headlong Rush|p1a: Great Tusk
|-damage|p1a: Great Tusk|47/100
|-unboost|p2a: Great Tusk|def|1
|-unboost|p2a: Great Tusk|spd|1
|
|-weather|SunnyDay|[upkeep]
|upkeep
|turn|14
|inactive|smokesniper3 has 120 seconds left.
|
|t:|1781531773
|move|p2a: Great Tusk|Headlong Rush|p1a: Great Tusk
|-damage|p1a: Great Tusk|0 fnt
|-unboost|p2a: Great Tusk|def|1
|-unboost|p2a: Great Tusk|spd|1
|faint|p1a: Great Tusk
|-end|p1a: Great Tusk|Protosynthesis|[silent]
|
|-weather|SunnyDay|[upkeep]
|upkeep
|inactive|smokesniper3 has 120 seconds left.
|
|t:|1781531785
|switch|p1a: Scovillain|Scovillain, M|100/100
|turn|15
|inactive|smokesniper3 has 120 seconds left.
|inactive|Astelzhang has 120 seconds left.
|
|t:|1781531796
|-end|p2a: Great Tusk|Protosynthesis|[silent]
|switch|p2a: Meowscarada|Meowscarada, F|2/100
|move|p1a: Scovillain|Flamethrower|p2a: Meowscarada
|-supereffective|p2a: Meowscarada
|-damage|p2a: Meowscarada|0 fnt
|faint|p2a: Meowscarada
|-damage|p1a: Scovillain|91/100|[from] item: Life Orb
|
|-weather|SunnyDay|[upkeep]
|upkeep
|
|t:|1781531807
|switch|p2a: Moltres|Moltres|100/100
|turn|16
|
|t:|1781531817
|switch|p1a: Walking Wake|Walking Wake|59/100
|-activate|p1a: Walking Wake|ability: Protosynthesis
|-start|p1a: Walking Wake|protosynthesisspa
|move|p2a: Moltres|Flamethrower|p1a: Walking Wake
|-resisted|p1a: Walking Wake
|-damage|p1a: Walking Wake|28/100
|
|-weather|none
|-end|p1a: Walking Wake|Protosynthesis
|upkeep
|turn|17
|
|t:|1781531829
|-end|p1a: Walking Wake|Protosynthesis|[silent]
|switch|p1a: Ninetales|Ninetales, F|100/100
|-weather|SunnyDay|[from] ability: Drought|[of] p1a: Ninetales
|move|p2a: Moltres|Flamethrower|p1a: Ninetales
|-resisted|p1a: Ninetales
|-damage|p1a: Ninetales|50/100
|
|-weather|SunnyDay|[upkeep]
|upkeep
|turn|18
|inactive|smokesniper3 has 120 seconds left.
|
|t:|1781531849
|move|p1a: Ninetales|Healing Wish|p1a: Ninetales
|faint|p1a: Ninetales
|move|p2a: Moltres|Flamethrower|p1: Ninetales|[notarget]
|-fail|p2a: Moltres
|
|-weather|SunnyDay|[upkeep]
|upkeep
|inactive|smokesniper3 has 120 seconds left.
|
|t:|1781531857
|switch|p1a: Walking Wake|Walking Wake|28/100
|-heal|p1a: Walking Wake|100/100|[from] move: Healing Wish
|-activate|p1a: Walking Wake|ability: Protosynthesis
|-start|p1a: Walking Wake|protosynthesisspa
|turn|19
|inactive|Astelzhang has 120 seconds left.
|
|t:|1781531869
|move|p1a: Walking Wake|Hydro Steam|p2a: Moltres
|-supereffective|p2a: Moltres
|-damage|p2a: Moltres|0 fnt
|faint|p2a: Moltres
|
|-weather|SunnyDay|[upkeep]
|upkeep
|
|t:|1781531877
|switch|p2a: Garganacl|Garganacl, F, tera:Fairy|100/100
|turn|20
|inactive|Astelzhang has 120 seconds left.
|
|t:|1781531893
|-terastallize|p1a: Walking Wake|Water
|move|p2a: Garganacl|Protect|p2a: Garganacl
|-singleturn|p2a: Garganacl|Protect
|move|p1a: Walking Wake|Hydro Steam|p2a: Garganacl
|-activate|p2a: Garganacl|move: Protect
|
|-weather|SunnyDay|[upkeep]
|upkeep
|turn|21
|inactive|Astelzhang has 120 seconds left.
|
|t:|1781531909
|switch|p2a: Iron Crown|Iron Crown|100/100
|move|p1a: Walking Wake|Hydro Steam|p2a: Iron Crown
|-damage|p2a: Iron Crown|0 fnt
|faint|p2a: Iron Crown
|-end|p2a: Iron Crown|Quark Drive|[silent]
|
|-weather|SunnyDay|[upkeep]
|upkeep
|
|t:|1781531929
|switch|p2a: Dragapult|Dragapult, F|100/100
|turn|22
|
|t:|1781531947
|move|p2a: Dragapult|Phantom Force||[still]
|-prepare|p2a: Dragapult|Phantom Force
|move|p1a: Walking Wake|Hydro Steam|p2a: Dragapult|[miss]
|-miss|p1a: Walking Wake|p2a: Dragapult
|
|-weather|SunnyDay|[upkeep]
|upkeep
|turn|23
|
|t:|1781531970
|-end|p1a: Walking Wake|Protosynthesis|[silent]
|switch|p1a: Kingambit|Kingambit, F|65/100
|-activate|p1a: Kingambit|ability: Supreme Overlord
|-start|p1a: Kingambit|fallen3|[silent]
|move|p2a: Dragapult|Phantom Force|p1a: Kingambit|[from] lockedmove
|-resisted|p1a: Kingambit
|-damage|p1a: Kingambit|38/100
|
|-weather|SunnyDay|[upkeep]
|-heal|p1a: Kingambit|44/100|[from] item: Leftovers
|upkeep
|turn|24
|inactive|Astelzhang has 120 seconds left.
|inactive|smokesniper3 has 120 seconds left.
|
|t:|1781531999
|switch|p2a: Great Tusk|Great Tusk|100/100
|-activate|p2a: Great Tusk|ability: Protosynthesis
|-start|p2a: Great Tusk|protosynthesisatk
|move|p1a: Kingambit|Sucker Punch||[still]
|-fail|p1a: Kingambit
|
|-weather|none
|-end|p2a: Great Tusk|Protosynthesis
|-heal|p1a: Kingambit|51/100|[from] item: Leftovers
|upkeep
|turn|25
|inactive|Astelzhang has 120 seconds left.
|
|t:|1781532012
|-end|p1a: Kingambit|fallen3|[silent]
|switch|p1a: Scovillain|Scovillain, M|91/100
|move|p2a: Great Tusk|Close Combat|p1a: Scovillain
|-damage|p1a: Scovillain|0 fnt
|-unboost|p2a: Great Tusk|def|1
|-unboost|p2a: Great Tusk|spd|1
|faint|p1a: Scovillain
|
|upkeep
|
|t:|1781532020
|switch|p1a: Walking Wake|Walking Wake, tera:Water|100/100
|turn|26
|inactive|smokesniper3 has 120 seconds left.
|
|t:|1781532027
|-end|p2a: Great Tusk|Protosynthesis|[silent]
|switch|p2a: Garganacl|Garganacl, F, tera:Fairy|100/100
|move|p1a: Walking Wake|Hydro Steam|p2a: Garganacl
|-damage|p2a: Garganacl|43/100
|
|-heal|p2a: Garganacl|49/100|[from] item: Leftovers
|upkeep
|turn|27
|
|t:|1781532036
|move|p2a: Garganacl|Protect|p2a: Garganacl
|-singleturn|p2a: Garganacl|Protect
|move|p1a: Walking Wake|Hydro Steam|p2a: Garganacl
|-activate|p2a: Garganacl|move: Protect
|
|-heal|p2a: Garganacl|55/100|[from] item: Leftovers
|upkeep
|turn|28
|
|t:|1781532044
|move|p1a: Walking Wake|Hydro Steam|p2a: Garganacl
|-damage|p2a: Garganacl|0 fnt
|faint|p2a: Garganacl
|
|upkeep
|
|t:|1781532051
|switch|p2a: Dragapult|Dragapult, F|100/100
|turn|29
|
|t:|1781532057
|-end|p1a: Walking Wake|Protosynthesis|[silent]
|switch|p1a: Kingambit|Kingambit, F|51/100
|-activate|p1a: Kingambit|ability: Supreme Overlord
|-start|p1a: Kingambit|fallen4|[silent]
|move|p2a: Dragapult|Dragon Darts|p1a: Kingambit
|-resisted|p1a: Kingambit
|-damage|p1a: Kingambit|35/100
|-anim|p2a: Dragapult|Dragon Darts|p1a: Kingambit
|-resisted|p1a: Kingambit
|-damage|p1a: Kingambit|21/100
|
|-heal|p1a: Kingambit|27/100|[from] item: Leftovers
|upkeep
|turn|30
|
|t:|1781532082
|switch|p2a: Great Tusk|Great Tusk|100/100
|move|p1a: Kingambit|Sucker Punch||[still]
|-fail|p1a: Kingambit
|
|-heal|p1a: Kingambit|33/100|[from] item: Leftovers
|upkeep
|turn|31
|
|t:|1781532091
|move|p1a: Kingambit|Sucker Punch|p2a: Great Tusk
|-resisted|p2a: Great Tusk
|-damage|p2a: Great Tusk|78/100
|move|p2a: Great Tusk|Close Combat|p1a: Kingambit
|-supereffective|p1a: Kingambit
|-damage|p1a: Kingambit|0 fnt
|-unboost|p2a: Great Tusk|def|1
|-unboost|p2a: Great Tusk|spd|1
|faint|p1a: Kingambit
|-end|p1a: Kingambit|fallen4|[silent]
|
|upkeep
|
|t:|1781532096
|switch|p1a: Walking Wake|Walking Wake, tera:Water|100/100
|turn|32
|
|t:|1781532103
|move|p2a: Great Tusk|Close Combat|p1a: Walking Wake
|-damage|p1a: Walking Wake|36/100
|-unboost|p2a: Great Tusk|def|1
|-unboost|p2a: Great Tusk|spd|1
|move|p1a: Walking Wake|Draco Meteor|p2a: Great Tusk
|-damage|p2a: Great Tusk|0 fnt
|-unboost|p1a: Walking Wake|spa|2
|faint|p2a: Great Tusk
|-end|p2a: Great Tusk|Protosynthesis|[silent]
|
|upkeep
|
|t:|1781532114
|switch|p2a: Dragapult|Dragapult, F|100/100
|turn|33
|
|t:|1781532118
|move|p2a: Dragapult|Dragon Darts|p1a: Walking Wake
|-damage|p1a: Walking Wake|0 fnt
|faint|p1a: Walking Wake
|-end|p1a: Walking Wake|Protosynthesis|[silent]
|
|win|Astelzhang
|raw|smokesniper3's rating: 1597 &rarr; <strong>1574</strong><br />(-23 for losing)
|raw|Astelzhang's rating: 1536 &rarr; <strong>1559</strong><br />(+23 for winning)
|c|☆smokesniper3|gg
|l|☆smokesniper3
|player|p1|
|l| Fat_Yogi
|l|☆Astelzhang
|player|p2|
