|j|☆SincereSarje
|j|☆Klopple
|t:|1781026087
|gametype|singles
|player|p1|SincereSarje|morty-masters3|1655
|player|p2|Klopple|sailor|1649
|gen|9
|tier|[Gen 9] OU
|rated|
|rule|HP Percentage Mod: HP is shown in percentages
|rule|Endless Battle Clause: Forcing endless battles is banned
|rule|Species Clause: Limit one of each Pokémon
|rule|OHKO Clause: OHKO moves are banned
|rule|Evasion Items Clause: Evasion items are banned
|rule|Evasion Moves Clause: Evasion moves are banned
|rule|Evasion Abilities Clause: Evasion abilities are banned
|rule|Sleep Moves Clause: Sleep-inducing moves are banned
|clearpoke
|poke|p1|Weavile, F|
|poke|p1|Pecharunt|
|poke|p1|Ting-Lu|
|poke|p1|Walking Wake|
|poke|p1|Gholdengo|
|poke|p1|Gliscor, M|
|poke|p2|Arboliva, M|
|poke|p2|Gliscor, F|
|poke|p2|Iron Crown|
|poke|p2|Zamazenta-*|
|poke|p2|Hatterene, F|
|poke|p2|Dragonite, F|
|teampreview
|inactive|Battle timer is ON: inactive players will automatically lose when time's up. (requested by SincereSarje)
|
|t:|1781026112
|teamsize|p1|6
|teamsize|p2|6
|start
|switch|p1a: Weavile|Weavile, F|100/100
|switch|p2a: Iron Crown|Iron Crown|100/100
|-ability|p1a: Weavile|Pressure
|turn|1
|
|t:|1781026120
|switch|p1a: Gliscor|Gliscor, M|100/100
|-terastallize|p2a: Iron Crown|Fighting
|move|p2a: Iron Crown|Tachyon Cutter|p1a: Gliscor
|-damage|p1a: Gliscor|79/100
|-damage|p1a: Gliscor|58/100
|-hitcount|p1a: Gliscor|2
|
|-status|p1a: Gliscor|tox|[from] item: Toxic Orb
|upkeep
|turn|2
|
|t:|1781026136
|move|p2a: Iron Crown|Future Sight|p1a: Gliscor
|-start|p2a: Iron Crown|move: Future Sight
|move|p1a: Gliscor|Knock Off|p2a: Iron Crown
|-resisted|p2a: Iron Crown
|-damage|p2a: Iron Crown|89/100
|-enditem|p2a: Iron Crown|Assault Vest|[from] move: Knock Off|[of] p1a: Gliscor
|
|-heal|p1a: Gliscor|70/100 tox|[from] ability: Poison Heal
|upkeep
|turn|3
|
|t:|1781026163
|-end|p2a: Iron Crown|Quark Drive|[silent]
|switch|p2a: Gliscor|Gliscor, F|100/100
|move|p1a: Gliscor|Spikes|p2a: Gliscor
|-sidestart|p2: Klopple|Spikes
|
|-heal|p1a: Gliscor|83/100 tox|[from] ability: Poison Heal
|-status|p2a: Gliscor|tox|[from] item: Toxic Orb
|upkeep
|turn|4
|
|t:|1781026171
|move|p2a: Gliscor|Stealth Rock|p1a: Gliscor
|-sidestart|p1: SincereSarje|move: Stealth Rock
|move|p1a: Gliscor|Spikes|p2a: Gliscor
|-sidestart|p2: Klopple|Spikes
|
|-end|p1a: Gliscor|move: Future Sight
|-damage|p1a: Gliscor|27/100 tox
|-heal|p1a: Gliscor|40/100 tox|[from] ability: Poison Heal
|upkeep
|turn|5
|
|t:|1781026176
|switch|p2a: Hatterene|Hatterene, F|100/100
|-damage|p2a: Hatterene|84/100|[from] Spikes
|move|p1a: Gliscor|Spikes|p2a: Hatterene
|move|p2a: Hatterene|Spikes|p1a: Gliscor|[from] ability: Magic Bounce
|-sidestart|p1: SincereSarje|Spikes
|
|-heal|p1a: Gliscor|52/100 tox|[from] ability: Poison Heal
|upkeep
|turn|6
|
|t:|1781026184
|move|p1a: Gliscor|Protect|p1a: Gliscor
|-singleturn|p1a: Gliscor|Protect
|move|p2a: Hatterene|Psychic Noise|p1a: Gliscor
|-activate|p1a: Gliscor|move: Protect
|
|-heal|p1a: Gliscor|65/100 tox|[from] ability: Poison Heal
|upkeep
|turn|7
|
|t:|1781026188
|move|p1a: Gliscor|Knock Off|p2a: Hatterene
|-damage|p2a: Hatterene|67/100
|-damage|p1a: Gliscor|48/100 tox|[from] item: Rocky Helmet|[of] p2a: Hatterene
|-enditem|p2a: Hatterene|Rocky Helmet|[from] move: Knock Off|[of] p1a: Gliscor
|move|p2a: Hatterene|Psychic Noise|p1a: Gliscor
|-damage|p1a: Gliscor|19/100 tox
|-start|p1a: Gliscor|move: Heal Block
|
|upkeep
|turn|8
|
|t:|1781026204
|move|p1a: Gliscor|Protect|p1a: Gliscor
|-singleturn|p1a: Gliscor|Protect
|move|p2a: Hatterene|Draining Kiss|p1a: Gliscor
|-activate|p1a: Gliscor|move: Protect
|
|-end|p1a: Gliscor|move: Heal Block
|upkeep
|turn|9
|
|t:|1781026218
|switch|p1a: Gholdengo|Gholdengo|100/100
|-damage|p1a: Gholdengo|94/100|[from] Stealth Rock
|-damage|p1a: Gholdengo|82/100|[from] Spikes
|move|p2a: Hatterene|Draining Kiss|p1a: Gholdengo
|-resisted|p1a: Gholdengo
|-damage|p1a: Gholdengo|69/100
|-heal|p2a: Hatterene|77/100|[from] drain|[of] p1a: Gholdengo
|
|upkeep
|turn|10
|
|t:|1781026227
|switch|p2a: Gliscor|Gliscor, F|100/100 tox
|move|p1a: Gholdengo|Shadow Ball|p2a: Gliscor
|-damage|p2a: Gliscor|67/100 tox
|
|-heal|p2a: Gliscor|79/100 tox|[from] ability: Poison Heal
|upkeep
|turn|11
|
|t:|1781026233
|switch|p1a: Gliscor|Gliscor, M|19/100 tox
|-damage|p1a: Gliscor|6/100 tox|[from] Stealth Rock
|move|p2a: Gliscor|Knock Off|p1a: Gliscor
|-damage|p1a: Gliscor|0 fnt
|-enditem|p1a: Gliscor|Toxic Orb|[from] move: Knock Off|[of] p2a: Gliscor
|faint|p1a: Gliscor
|
|-heal|p2a: Gliscor|92/100 tox|[from] ability: Poison Heal
|upkeep
|
|t:|1781026239
|switch|p1a: Weavile|Weavile, F|100/100
|-ability|p1a: Weavile|Pressure
|turn|12
|
|t:|1781026257
|switch|p2a: Hatterene|Hatterene, F|77/100
|-damage|p2a: Hatterene|61/100|[from] Spikes
|move|p1a: Weavile|Swords Dance|p1a: Weavile
|-boost|p1a: Weavile|atk|2
|
|upkeep
|turn|13
|
|t:|1781026265
|move|p1a: Weavile|Triple Axel|p2a: Hatterene
|-damage|p2a: Hatterene|43/100
|-damage|p2a: Hatterene|7/100
|-damage|p2a: Hatterene|0 fnt
|faint|p2a: Hatterene
|-hitcount|p2: Hatterene|3
|
|upkeep
|
|t:|1781026272
|switch|p2a: Zamazenta|Zamazenta|100/100
|-damage|p2a: Zamazenta|84/100|[from] Spikes
|-ability|p2a: Zamazenta|Dauntless Shield|boost
|-boost|p2a: Zamazenta|def|1
|turn|14
|
|t:|1781026275
|switch|p1a: Pecharunt|Pecharunt|100/100
|move|p2a: Zamazenta|Close Combat|p1a: Pecharunt
|-immune|p1a: Pecharunt
|
|upkeep
|turn|15
|
|t:|1781026280
|move|p2a: Zamazenta|Crunch|p1a: Pecharunt
|-supereffective|p1a: Pecharunt
|-damage|p1a: Pecharunt|66/100
|move|p1a: Pecharunt|Parting Shot|p2a: Zamazenta
|-unboost|p2a: Zamazenta|atk|1
|-unboost|p2a: Zamazenta|spa|1
|
|t:|1781026284
|switch|p1a: Gholdengo|Gholdengo|69/100|[from] Parting Shot
|-damage|p1a: Gholdengo|63/100|[from] Stealth Rock
|-damage|p1a: Gholdengo|50/100|[from] Spikes
|
|upkeep
|turn|16
|
|t:|1781026293
|switch|p2a: Gliscor|Gliscor, F|92/100 tox
|move|p1a: Gholdengo|Make It Rain|p2a: Gliscor
|-damage|p2a: Gliscor|41/100 tox
|-unboost|p1a: Gholdengo|spa|1
|
|-heal|p2a: Gliscor|53/100 tox|[from] ability: Poison Heal
|upkeep
|turn|17
|
|t:|1781026304
|switch|p1a: Ting-Lu|Ting-Lu|100/100
|-damage|p1a: Ting-Lu|94/100|[from] Stealth Rock
|-damage|p1a: Ting-Lu|82/100|[from] Spikes
|-ability|p1a: Ting-Lu|Vessel of Ruin
|move|p2a: Gliscor|Earthquake|p1a: Ting-Lu
|-damage|p1a: Ting-Lu|64/100
|
|-heal|p2a: Gliscor|66/100 tox|[from] ability: Poison Heal
|upkeep
|turn|18
|
|t:|1781026309
|move|p2a: Gliscor|Knock Off|p1a: Ting-Lu
|-resisted|p1a: Ting-Lu
|-damage|p1a: Ting-Lu|58/100
|-damage|p2a: Gliscor|49/100 tox|[from] item: Rocky Helmet|[of] p1a: Ting-Lu
|-enditem|p1a: Ting-Lu|Rocky Helmet|[from] move: Knock Off|[of] p2a: Gliscor
|move|p1a: Ting-Lu|Stealth Rock|p2a: Gliscor
|-sidestart|p2: Klopple|move: Stealth Rock
|
|-heal|p2a: Gliscor|62/100 tox|[from] ability: Poison Heal
|upkeep
|turn|19
|
|t:|1781026316
|move|p2a: Gliscor|Earthquake|p1a: Ting-Lu
|-damage|p1a: Ting-Lu|40/100
|move|p1a: Ting-Lu|Whirlwind|p2a: Gliscor
|drag|p2a: Dragonite|Dragonite, F|100/100
|
|upkeep
|turn|20
|
|t:|1781026326
|move|p2a: Dragonite|Dragon Tail|p1a: Ting-Lu
|-damage|p1a: Ting-Lu|23/100
|drag|p1a: Weavile|Weavile, F|100/100
|-ability|p1a: Weavile|Pressure
|
|upkeep
|turn|21
|j| SegmentalDragon1
|
|t:|1781026337
|move|p2a: Dragonite|Extreme Speed|p1a: Weavile
|-damage|p1a: Weavile|49/100
|move|p1a: Weavile|Triple Axel|p2a: Dragonite
|-supereffective|p2a: Dragonite
|-damage|p2a: Dragonite|82/100
|-supereffective|p2a: Dragonite
|-damage|p2a: Dragonite|2/100
|-supereffective|p2a: Dragonite
|-damage|p2a: Dragonite|0 fnt
|faint|p2a: Dragonite
|-hitcount|p2: Dragonite|3
|
|upkeep
|
|t:|1781026348
|switch|p2a: Zamazenta|Zamazenta|84/100
|-damage|p2a: Zamazenta|68/100|[from] Spikes
|-damage|p2a: Zamazenta|62/100|[from] Stealth Rock
|turn|22
|j| thetwotimer
|
|t:|1781026352
|switch|p1a: Pecharunt|Pecharunt|66/100
|move|p2a: Zamazenta|Crunch|p1a: Pecharunt
|-supereffective|p1a: Pecharunt
|-damage|p1a: Pecharunt|31/100
|
|upkeep
|turn|23
|j| JensPaulVI
|
|t:|1781026365
|-terastallize|p1a: Pecharunt|Water
|move|p2a: Zamazenta|Crunch|p1a: Pecharunt
|-damage|p1a: Pecharunt|14/100
|move|p1a: Pecharunt|Malignant Chain|p2a: Zamazenta
|-damage|p2a: Zamazenta|37/100
|
|upkeep
|turn|24
|
|t:|1781026376
|move|p2a: Zamazenta|Crunch|p1a: Pecharunt
|-damage|p1a: Pecharunt|0 fnt
|faint|p1a: Pecharunt
|
|upkeep
|
|t:|1781026390
|switch|p1a: Gholdengo|Gholdengo|50/100
|-damage|p1a: Gholdengo|44/100|[from] Stealth Rock
|-damage|p1a: Gholdengo|32/100|[from] Spikes
|turn|25
|
|t:|1781026398
|switch|p1a: Weavile|Weavile, F|49/100
|-ability|p1a: Weavile|Pressure
|switch|p2a: Gliscor|Gliscor, F|62/100 tox
|-damage|p2a: Gliscor|49/100 tox|[from] Stealth Rock
|
|-heal|p2a: Gliscor|62/100 tox|[from] ability: Poison Heal
|upkeep
|turn|26
|
|t:|1781026416
|move|p1a: Weavile|Swords Dance|p1a: Weavile
|-boost|p1a: Weavile|atk|2
|move|p2a: Gliscor|Earthquake|p1a: Weavile
|-crit|p1a: Weavile
|-damage|p1a: Weavile|0 fnt
|faint|p1a: Weavile
|
|-heal|p2a: Gliscor|74/100 tox|[from] ability: Poison Heal
|upkeep
|l| JensPaulVI
|
|t:|1781026421
|switch|p1a: Walking Wake|Walking Wake|100/100
|turn|27
|
|t:|1781026430
|move|p2a: Gliscor|Protect|p2a: Gliscor
|-singleturn|p2a: Gliscor|Protect
|move|p1a: Walking Wake|Surf|p2a: Gliscor
|-activate|p2a: Gliscor|move: Protect
|
|-heal|p2a: Gliscor|87/100 tox|[from] ability: Poison Heal
|upkeep
|turn|28
|
|t:|1781026438
|move|p1a: Walking Wake|Surf|p2a: Gliscor
|-supereffective|p2a: Gliscor
|-damage|p2a: Gliscor|6/100 tox
|move|p2a: Gliscor|Knock Off|p1a: Walking Wake
|-damage|p1a: Walking Wake|78/100
|-enditem|p1a: Walking Wake|Heavy-Duty Boots|[from] move: Knock Off|[of] p2a: Gliscor
|
|-heal|p2a: Gliscor|19/100 tox|[from] ability: Poison Heal
|upkeep
|turn|29
|
|t:|1781026444
|move|p1a: Walking Wake|Surf|p2a: Gliscor
|-supereffective|p2a: Gliscor
|-damage|p2a: Gliscor|0 fnt
|faint|p2a: Gliscor
|
|upkeep
|
|t:|1781026448
|switch|p2a: Arboliva|Arboliva, M|100/100
|-damage|p2a: Arboliva|84/100|[from] Spikes
|-damage|p2a: Arboliva|71/100|[from] Stealth Rock
|turn|30
|
|t:|1781026453
|move|p1a: Walking Wake|Draco Meteor|p2a: Arboliva
|-damage|p2a: Arboliva|12/100
|-unboost|p1a: Walking Wake|spa|2
|move|p2a: Arboliva|Alluring Voice|p1a: Walking Wake
|-supereffective|p1a: Walking Wake
|-damage|p1a: Walking Wake|6/100
|
|upkeep
|turn|31
|-enditem|p2a: Arboliva|Custap Berry|[eat]
|-activate|p2a: Arboliva|item: Custap Berry|[consumed]
|
|t:|1781026470
|move|p2a: Arboliva|Earth Power|p1a: Walking Wake
|-damage|p1a: Walking Wake|0 fnt
|faint|p1a: Walking Wake
|-end|p1a: Walking Wake|Protosynthesis|[silent]
|
|upkeep
|
|t:|1781026477
|switch|p1a: Ting-Lu|Ting-Lu|23/100
|-damage|p1a: Ting-Lu|16/100|[from] Stealth Rock
|-damage|p1a: Ting-Lu|4/100|[from] Spikes
|-ability|p1a: Ting-Lu|Vessel of Ruin
|turn|32
|
|t:|1781026483
|move|p2a: Arboliva|Endure|p2a: Arboliva
|-singleturn|p2a: Arboliva|move: Endure
|move|p1a: Ting-Lu|Earthquake|p2a: Arboliva
|-resisted|p2a: Arboliva
|-activate|p2a: Arboliva|move: Endure
|-damage|p2a: Arboliva|1/100
|
|-item|p2a: Arboliva|Custap Berry|[from] ability: Harvest
|upkeep
|turn|33
|-enditem|p2a: Arboliva|Custap Berry|[eat]
|-activate|p2a: Arboliva|item: Custap Berry|[consumed]
|
|t:|1781026494
|move|p2a: Arboliva|Energy Ball|p1a: Ting-Lu
|-supereffective|p1a: Ting-Lu
|-damage|p1a: Ting-Lu|0 fnt
|faint|p1a: Ting-Lu
|
|upkeep
|
|t:|1781026498
|switch|p1a: Gholdengo|Gholdengo|32/100
|-damage|p1a: Gholdengo|26/100|[from] Stealth Rock
|-damage|p1a: Gholdengo|14/100|[from] Spikes
|turn|34
|
|t:|1781026507
|move|p2a: Arboliva|Endure|p2a: Arboliva
|-singleturn|p2a: Arboliva|move: Endure
|move|p1a: Gholdengo|Focus Blast|p2a: Arboliva|[miss]
|-miss|p1a: Gholdengo|p2a: Arboliva
|
|-item|p2a: Arboliva|Custap Berry|[from] ability: Harvest
|upkeep
|turn|35
|-enditem|p2a: Arboliva|Custap Berry|[eat]
|-activate|p2a: Arboliva|item: Custap Berry|[consumed]
|
|t:|1781026515
|move|p2a: Arboliva|Energy Ball|p1a: Gholdengo
|-resisted|p1a: Gholdengo
|-damage|p1a: Gholdengo|0 fnt
|faint|p1a: Gholdengo
|
|win|Klopple
|raw|SincereSarje's rating: 1655 &rarr; <strong>1635</strong><br />(-20 for losing)
|raw|Klopple's rating: 1649 &rarr; <strong>1669</strong><br />(+20 for winning)
|l|☆Klopple
|player|p2|
|l| SegmentalDragon1
|l| thetwotimer
